<mjloggm ver="2.3"><GO type="225" lobby="0"/><UN n0="%45%6C%79%73%69%75%6D" n1="%E9%B3%B3%E6%9D%B1%E3%81%AE%E3%81%86%E3%81%95%E3%81%8E%E3%81%95%E3%82%93" n2="%E9%BB%92%E9%89%84%E7%8F%A0%E9%9B%AB" n3="%E3%81%B7%E3%82%8A%E3%82%93%E8%81%96%E4%BA%BA" dan="18,16,16,16" rate="2182.04,2181.91,2174.02,2137.48" sx="F,M,M,M"/><TAIKYOKU oya="0"/><INIT seed="0,0,0,3,3,8" ten="250,250,250,250" oya="0" hai0="107,58,55,97,132,82,128,21,44,53,91,92,56" hai1="50,17,72,39,68,41,98,126,118,111,48,81,112" hai2="122,20,38,101,131,12,3,51,15,57,33,104,135" hai3="95,54,59,7,0,43,47,37,125,25,119,100,80"/><T76/><D128/><U27/><E118/><V24/><F122/><W117/><G125/><T16/><D132/><U66/><E126/><V87/><F3/><W9/><G25/><T30/><D30/><U61/><E111/><V86/><F38/><W105/><G95/><T60/><D107/><U121/><E121/><V133/><F33/><W99/><G54/><T4/><D4/><U134/><E112/><V127/><F127/><W109/><G59/><T10/><D10/><U46/><E134/><N who="2" m="51211" /><F131/><W34/><G109/><T89/><D44/><U75/><E98/><N who="2" m="61495" /><F51/><W78/><G34/><T70/><D70/><U31/><E50/><V5/><F57/><W96/><G99/><T62/><D91/><U106/><E106/><V84/><F5/><W67/><G67/><T114/><D114/><U103/><E103/><V36/><F36/><W69/><G69/><T73/><REACH who="0" step="1"/><D16/><AGARI ba="0,0" hai="12,15,16,20,24,84,86,87" m="61495,51211" machi="16" ten="30,7700,0" yaku="20,1,52,2,54,1" doraHai="8" who="2" fromWho="0" sc="250,-77,250,0,250,77,250,0" /><INIT seed="1,0,0,3,2,99" ten="173,250,327,250" oya="1" hai0="127,74,3,22,53,84,21,40,62,16,17,105,20" hai1="15,109,29,27,96,18,131,41,26,72,19,121,130" hai2="101,116,76,5,81,55,79,60,33,63,77,129,54" hai3="111,13,28,102,92,14,82,31,85,106,124,12,23"/><U103/><E121/><V45/><F116/><W8/><G106/><T11/><D74/><U112/><E112/><V42/><F33/><W107/><G107/><T110/><D105/><N who="1" m="63719" /><E72/><V7/><F81/><W115/><G115/><T68/><D110/><U32/><E41/><V114/><F114/><W1/><G111/><T37/><D127/><U4/><E27/><V65/><F101/><W117/><G124/><T75/><D75/><U132/><E109/><V69/><F129/><N who="1" m="49161" /><E132/><V98/><F98/><N who="3" m="59719" /><G1/><T52/><D84/><U83/><E83/><V97/><F97/><W100/><G100/><T120/><D120/><U30/><E29/><N who="3" m="11338" /><G23/><T51/><D37/><U9/><AGARI ba="0,0" hai="4,9,15,18,19,26,30,32" m="49161,63719" machi="9" ten="30,3000,0" yaku="19,1,52,1" doraHai="99" who="1" fromWho="1" sc="173,-10,250,30,327,-10,250,-10" /><INIT seed="1,1,0,4,5,42" ten="163,280,317,240" oya="1" hai0="18,128,82,13,6,86,122,103,47,5,12,69,66" hai1="9,106,129,50,79,105,55,118,72,135,43,97,87" hai2="89,98,51,36,126,114,29,60,113,90,39,95,115" hai3="32,2,37,16,7,31,94,58,83,123,101,132,112"/><U110/><E118/><V23/><F126/><W57/><G112/><T52/><D128/><U91/><E129/><V34/><F34/><W124/><G123/><T109/><D122/><U33/><E33/><V0/><F0/><W125/><G37/><T64/><D103/><U28/><E28/><V38/><F60/><W30/><G83/><T59/><D109/><U17/><E43/><V131/><F131/><W88/><G101/><T25/><D25/><U65/><E65/><N who="0" m="25193" /><D69/><U96/><E135/><V117/><F117/><W93/><G7/><N who="0" m="2571" /><D18/><U108/><E79/><V81/><F51/><W45/><G2/><T100/><D100/><U19/><E72/><V41/><F41/><W24/><G132/><T62/><D47/><N who="1" m="28127" /><E106/><V26/><F81/><W120/><G120/><T15/><D15/><N who="1" m="7407" /><E19/><V22/><F22/><N who="3" m="13383" /><G45/><T84/><D84/><U116/><E116/><V121/><F121/><W127/><G93/><T85/><D85/><U99/><E105/><V119/><F119/><W92/><G94/><T48/><D62/><U46/><E46/><V130/><F130/><W53/><G32/><T20/><D20/><U27/><E27/><V70/><F70/><W56/><G53/><T102/><D102/><AGARI ba="1,0" hai="23,26,29,36,38,39,89,90,95,98,102,113,114,115" machi="102" ten="50,1600,0" yaku="11,1" doraHai="42" who="2" fromWho="0" sc="163,-19,280,0,317,19,240,0" /><INIT seed="2,0,0,2,3,95" ten="144,280,336,240" oya="2" hai0="6,19,131,132,99,50,83,103,47,45,37,85,71" hai1="32,24,122,127,112,34,69,114,96,93,105,17,57" hai2="27,67,108,23,111,48,2,18,0,113,35,102,36" hai3="124,79,16,26,68,55,28,29,56,42,94,120,5"/><V10/><F113/><W125/><G68/><T116/><D131/><U129/><E69/><V44/><F36/><W88/><G79/><T128/><D128/><U76/><E129/><V30/><F67/><W74/><G74/><T3/><D71/><U84/><E122/><V75/><F75/><W110/><G42/><T135/><D116/><U97/><E105/><V31/><F102/><W54/><G5/><T11/><D37/><U130/><E130/><V25/><F48/><W41/><G41/><T126/><D126/><N who="3" m="48745" /><G120/><T64/><D64/><U1/><E1/><V104/><F104/><W81/><G81/><T77/><D19/><U80/><E17/><V14/><F44/><W49/><G55/><T21/><D21/><U92/><E127/><V63/><F63/><W33/><G110/><AGARI ba="0,0" hai="0,2,10,14,18,23,25,27,30,31,35,108,110,111" machi="110" ten="40,12000,1" yaku="14,1,10,1,34,3" doraHai="95" who="2" fromWho="3" sc="144,0,280,0,336,120,240,-120" /><INIT seed="2,1,0,2,1,41" ten="144,280,456,120" oya="2" hai0="0,94,42,4,55,100,26,107,98,11,134,62,124" hai1="121,112,81,50,117,78,66,10,27,131,21,71,111" hai2="128,54,92,52,88,9,74,73,109,97,45,85,80" hai3="49,122,133,8,64,33,17,91,113,6,30,35,46"/><V75/><F128/><W93/><G122/><T110/><D110/><U13/><E112/><V83/><F109/><W86/><G64/><T37/><D134/><U56/><E111/><V102/><F9/><W104/><G104/><T123/><D123/><U22/><E117/><V25/><F25/><W3/><G113/><T82/><D124/><U126/><E121/><V125/><F125/><W47/><G133/><T53/><D26/><U130/><E71/><V61/><F61/><W1/><G1/><T135/><D135/><U69/><E69/><V57/><F57/><W51/><G17/><T132/><D132/><U59/><E126/><V68/><F68/><W72/><G72/><T106/><D62/><U58/><E50/><V29/><F29/><W90/><G90/><T28/><D28/><U39/><E39/><V65/><F65/><W114/><G114/><T63/><D63/><U103/><E103/><V115/><F115/><W44/><REACH who="3" step="1"/><G30/><REACH who="3" ten="144,280,456,110" step="2"/><T84/><D106/><U76/><E66/><V5/><F75/><W118/><G118/><T19/><D107/><U119/><E119/><V99/><F74/><W7/><G7/><T16/><D19/><U20/><E76/><V105/><F5/><W89/><G89/><N who="0" m="51351" /><D16/><U18/><E27/><V15/><F73/><W116/><G116/><T31/><D31/><U79/><E79/><V108/><F105/><W129/><G129/><N who="1" m="49162" /><E78/><V43/><F108/><W95/><G95/><T36/><D36/><U96/><E81/><V60/><F83/><W87/><G87/><T70/><D70/><U2/><E2/><V67/><F80/><RYUUKYOKU ba="1,1" sc="144,10,280,10,456,-30,110,10" hai0="0,4,11,37,42,53,55,94,98,100" hai1="10,13,18,20,21,22,56,58,59,96" hai3="3,6,8,33,35,44,46,47,49,51,86,91,93" /><INIT seed="3,2,1,2,3,72" ten="154,290,426,120" oya="3" hai0="134,131,22,128,62,12,42,114,116,4,109,59,26" hai1="117,84,1,60,74,28,127,85,126,88,45,46,9" hai2="118,135,130,96,19,108,14,75,0,37,3,20,101" hai3="97,77,51,100,67,69,35,30,78,112,61,40,21"/><W129/><G112/><T93/><D116/><U10/><E74/><V64/><F118/><W58/><G129/><N who="0" m="49739" /><D114/><U47/><E117/><V124/><F75/><W2/><G2/><T111/><D134/><U92/><E28/><V71/><F130/><W49/><G69/><T105/><D105/><U8/><E1/><V89/><F37/><W23/><G35/><T38/><D93/><U80/><E60/><V73/><F73/><W82/><G82/><T5/><D42/><U65/><E65/><V76/><F76/><N who="3" m="29291" /><G40/><T53/><D38/><U86/><REACH who="1" step="1"/><E80/><REACH who="1" ten="154,280,426,120" step="2"/><V121/><F3/><W122/><G122/><T115/><D115/><U7/><E7/><V98/><F121/><W68/><G68/><T52/><D4/><U6/><E6/><V24/><F0/><W55/><G30/><T102/><D5/><U81/><E81/><V48/><F71/><W90/><G100/><T25/><D102/><U29/><E29/><V56/><F101/><W79/><G79/><T133/><D133/><U43/><E43/><V120/><F135/><W34/><G34/><T11/><D109/><U15/><E15/><V113/><F108/><W104/><G104/><T83/><D111/><U94/><E94/><V107/><F107/><W39/><G39/><T119/><D83/><U110/><E110/><V54/><F113/><W87/><G87/><AGARI ba="2,2" hai="8,9,10,45,46,47,84,85,86,87,88,92,126,127" machi="87" ten="50,8000,1" yaku="1,1,29,2,54,1,53,0" doraHai="72" doraHaiUra="63" who="1" fromWho="3" sc="154,0,280,106,426,0,120,-86" owari="154,-24.6,386,18.6,426,52.6,34,-46.6" /></mjloggm>