<mjloggm ver="2.3"><GO type="225" lobby="0"/><UN n0="%E3%81%95%E3%81%8D%E3%81%9F%E3%81%BE%E6%9E%97%E6%AA%8E" n1="%E3%83%B4%E3%82%A3%E3%83%AF%E3%82%B3%E3%82%B0%E3%83%8B" n2="%E5%BA%97%E9%95%B7%4D" n3="%6C%61%6D%62" dan="16,16,16,16" rate="2099.26,2174.91,2078.21,2193.08" sx="M,M,M,M"/><TAIKYOKU oya="0"/><INIT seed="0,0,0,4,1,92" ten="250,250,250,250" oya="0" hai0="57,8,60,87,44,17,122,95,64,9,5,73,38" hai1="71,47,40,109,120,45,96,52,25,121,124,3,117" hai2="21,132,94,19,125,98,10,129,31,135,76,91,18" hai3="74,6,26,58,79,105,88,110,33,13,116,30,123"/><T86/><D122/><U42/><E117/><V97/><F125/><W43/><G116/><T101/><D73/><U4/><E71/><V20/><F129/><W55/><G105/><T24/><D38/><U90/><E109/><V103/><F76/><W39/><G110/><T119/><D119/><U61/><E3/><V100/><F10/><W83/><G123/><T107/><D107/><U16/><E4/><V111/><F111/><W127/><G127/><T78/><D44/><N who="1" m="16971" /><E124/><V23/><F31/><W67/><G67/><T46/><D46/><U106/><E106/><V27/><F23/><W63/><G43/><T85/><D78/><U48/><E61/><V82/><F82/><W104/><G104/><T22/><REACH who="0" step="1"/><D5/><REACH who="0" ten="240,250,250,250" step="2"/><U35/><E121/><V53/><F53/><W69/><G39/><T80/><D80/><U66/><E120/><V37/><F37/><W36/><G36/><T131/><D131/><U102/><E52/><V28/><F28/><W2/><G55/><T115/><D115/><U89/><E42/><V49/><F49/><W133/><G74/><T62/><D62/><U77/><E48/><V0/><F0/><W134/><G63/><T99/><AGARI ba="0,1" hai="8,9,17,22,24,57,60,64,85,86,87,95,99,101" machi="99" ten="30,11700,0" yaku="1,1,0,1,8,1,52,1,53,0" doraHai="92" doraHaiUra="112" who="0" fromWho="0" sc="240,127,250,-39,250,-39,250,-39" /><INIT seed="0,1,0,5,4,75" ten="367,211,211,211" oya="0" hai0="49,39,78,83,80,120,116,93,92,13,54,70,37" hai1="74,46,134,41,85,69,58,11,117,36,96,61,125" hai2="105,66,72,114,90,44,12,122,9,101,3,84,25" hai3="106,21,108,127,57,16,115,20,103,119,15,112,71"/><T56/><D116/><U50/><E74/><V17/><F114/><W29/><G119/><T42/><D120/><U62/><E117/><V111/><F122/><W26/><G71/><T133/><D70/><U0/><E0/><V73/><F111/><W79/><G108/><T2/><D2/><U1/><E1/><V30/><F66/><W33/><G127/><T52/><D133/><U130/><E11/><V28/><F28/><W7/><G7/><T131/><D131/><U67/><E96/><V35/><F44/><W76/><G33/><T22/><D83/><U38/><E85/><V126/><F126/><W6/><G6/><T98/><D54/><U124/><E130/><V5/><F101/><W91/><G91/><T60/><D39/><N who="1" m="14891" /><E134/><V59/><F59/><W89/><G57/><T68/><D98/><U45/><E46/><V110/><F105/><W97/><REACH who="3" step="1"/><G89/><REACH who="3" ten="367,211,211,201" step="2"/><T100/><D68/><U104/><E104/><V19/><F110/><W95/><G95/><T121/><D93/><U81/><E81/><V14/><F3/><W53/><G53/><AGARI ba="1,1" hai="41,45,50,53,58,61,62,67,69,124,125" m="14891" machi="53" ten="30,2000,0" yaku="34,2" doraHai="75" who="1" fromWho="3" sc="367,0,211,33,211,0,201,-23" /><INIT seed="1,0,0,3,0,56" ten="367,244,211,178" oya="1" hai0="72,13,128,47,18,59,50,120,21,134,57,89,8" hai1="93,103,111,75,105,14,92,32,68,99,119,125,85" hai2="43,80,123,117,126,61,31,102,74,2,52,82,78" hai3="116,124,36,131,76,88,121,29,81,9,96,12,22"/><U48/><E32/><V122/><F2/><W87/><G121/><T33/><D72/><U106/><E68/><V16/><F117/><W27/><G131/><T114/><D33/><U94/><E119/><V73/><F126/><W40/><G124/><T132/><D114/><U46/><E125/><V77/><F31/><W79/><G116/><T107/><D120/><U109/><E105/><V135/><F135/><N who="0" m="51754" /><D107/><U19/><E75/><V118/><F118/><W108/><G108/><N who="1" m="41546" /><E85/><V30/><F30/><W39/><G40/><N who="0" m="24935" /><D128/><U17/><E14/><V6/><F6/><W34/><G34/><T129/><D129/><U53/><AGARI ba="0,0" hai="17,19,46,48,53,92,93,94,99,103,106" m="41546" machi="53" ten="30,3000,0" yaku="14,1,10,1" doraHai="56" who="1" fromWho="1" sc="367,-10,244,30,211,-10,178,-10" /><INIT seed="1,1,0,3,5,50" ten="357,274,201,168" oya="1" hai0="51,94,74,26,124,27,128,106,58,20,76,134,96" hai1="28,95,7,0,55,125,100,39,49,130,61,116,80" hai2="34,47,10,133,129,73,25,98,117,114,132,99,72" hai3="19,104,127,79,52,112,77,110,111,81,59,105,8"/><U56/><E130/><V3/><F117/><W120/><G120/><T82/><D128/><U115/><E125/><V64/><F129/><W70/><G70/><T41/><D124/><U53/><E39/><V12/><F3/><W22/><G8/><T16/><D134/><N who="2" m="51818" /><F114/><W24/><G127/><T37/><D106/><U88/><E115/><V35/><F64/><W29/><G112/><T108/><D108/><N who="3" m="41513" /><G29/><T93/><D37/><U78/><E116/><V21/><F47/><W54/><G79/><T36/><D36/><U121/><E121/><V123/><F123/><W46/><G46/><T57/><D94/><U87/><E100/><V89/><F89/><W33/><G33/><N who="2" m="12297" /><F73/><N who="3" m="43183" /><G54/><N who="0" m="31967" /><D41/><U68/><E68/><V9/><F72/><W92/><G92/><T86/><D74/><U23/><E7/><N who="2" m="3135" /><F10/><W13/><G13/><N who="0" m="9231" /><D58/><N who="1" m="33135" /><E0/><V67/><F67/><W11/><G11/><T42/><D42/><U15/><E15/><V40/><F40/><W131/><G131/><T102/><AGARI ba="1,0" hai="26,27,76,82,86,93,96,102" m="9231,31967" machi="102" ten="30,4000,0" yaku="8,1,52,1,54,1" doraHai="50" who="0" fromWho="0" sc="357,43,274,-21,201,-11,168,-11" /><INIT seed="2,0,0,4,0,107" ten="400,253,190,157" oya="2" hai0="72,67,86,40,5,69,83,16,3,105,133,124,88" hai1="127,85,104,35,95,14,17,9,99,63,73,77,131" hai2="64,43,82,25,89,51,94,7,111,58,106,98,101" hai3="23,61,125,122,22,97,70,84,57,116,65,1,47"/><V78/><F111/><W0/><G116/><T59/><D105/><U33/><E127/><V130/><F130/><W108/><G122/><T8/><D124/><U112/><E112/><V62/><F7/><W120/><G120/><T119/><D69/><U128/><E73/><V34/><F34/><W48/><G125/><T46/><D72/><U44/><E104/><V31/><F31/><W18/><G108/><T49/><D133/><U76/><E63/><V66/><F25/><W10/><G84/><T71/><D71/><U132/><E44/><V91/><F64/><W80/><G80/><T45/><D45/><U28/><E132/><V11/><F11/><W41/><G97/><T27/><D119/><U56/><E56/><V118/><F118/><W110/><G110/><T21/><D67/><U87/><E87/><V55/><F43/><W32/><G32/><T42/><D59/><U30/><E30/><V68/><REACH who="2" step="1"/><F106/><REACH who="2" ten="400,253,180,157" step="2"/><W24/><G10/><T90/><D42/><U15/><E28/><V19/><F19/><W52/><REACH who="3" step="1"/><G23/><REACH who="3" ten="400,253,180,147" step="2"/><T93/><D93/><U38/><E33/><V29/><F29/><W135/><G135/><T115/><D115/><U113/><E35/><V20/><F20/><W2/><G2/><T6/><D6/><U126/><E126/><V37/><F37/><AGARI ba="0,2" hai="0,1,18,22,24,37,41,47,48,52,57,61,65,70" machi="37" ten="30,8000,1" yaku="1,1,7,1,24,2,54,1,53,0" doraHai="107" doraHaiUra="109" who="3" fromWho="2" sc="400,0,253,0,180,-80,147,100" /><INIT seed="3,0,0,5,3,131" ten="400,253,100,247" oya="3" hai0="16,35,74,75,73,23,11,95,99,54,89,6,61" hai1="121,124,56,41,1,119,117,125,29,36,83,30,105" hai2="47,70,93,88,134,17,107,10,31,103,62,24,104" hai3="98,0,63,57,2,94,21,66,8,42,116,80,39"/><W60/><G116/><N who="1" m="44618" /><E105/><V87/><F47/><W46/><G80/><T129/><D129/><U34/><E36/><V106/><F17/><W118/><G118/><T79/><D35/><U19/><E41/><V18/><F18/><W92/><G92/><T32/><D32/><U25/><E83/><V15/><F15/><W108/><G108/><T84/><D84/><U71/><E71/><V5/><F10/><W86/><G86/><T133/><D133/><U96/><E96/><V76/><F5/><W72/><G72/><T20/><D79/><U3/><E56/><V101/><F76/><W26/><G8/><T13/><D23/><N who="1" m="13567" /><E121/><V127/><F127/><N who="1" m="48713" /><E34/><V50/><F50/><W82/><G82/><T90/><D90/><U51/><E51/><V122/><F122/><W77/><G77/><T53/><D61/><U28/><AGARI ba="0,0" hai="1,3,28,29,30" m="48713,13567,44618" machi="28" ten="40,8000,1" yaku="12,1,18,1,34,2" doraHai="131" who="1" fromWho="1" sc="400,-20,253,80,100,-20,247,-40" owari="380,48.0,333,13.3,80,-42.0,207,-19.3" /></mjloggm>