<mjloggm ver="2.3"><GO type="225" lobby="0"/><UN n0="%E3%81%9F%E3%81%93%E2%98%86%E7%84%BC%E3%81%8D" n1="%E3%81%95%E3%81%8D%E3%81%9F%E3%81%BE%E6%9E%97%E6%AA%8E" n2="%6B%79%6F%6E%6B%6F%31%31" n3="%E5%8D%83%E8%8D%89%E5%8F%B0" dan="16,16,17,16" rate="2092.43,2098.82,2210.84,2038.27" sx="M,M,M,M"/><TAIKYOKU oya="0"/><INIT seed="0,0,0,2,5,89" ten="250,250,250,250" oya="0" hai0="49,24,131,135,92,73,26,85,60,28,21,86,106" hai1="109,25,94,4,1,63,105,45,95,13,134,59,93" hai2="100,51,80,19,84,53,122,33,52,69,15,55,108" hai3="124,104,82,81,57,7,83,76,35,87,32,117,118"/><T46/><D106/><U10/><E105/><V8/><F122/><W113/><G104/><T16/><D73/><U61/><E1/><V54/><F108/><W133/><G113/><T96/><D131/><U23/><E109/><V40/><F33/><W39/><G39/><T71/><D135/><U115/><E134/><V103/><F40/><W116/><G133/><T20/><D60/><U6/><E115/><V129/><F69/><W114/><G114/><T62/><D62/><U66/><E63/><V79/><REACH who="2" step="1"/><F129/><REACH who="2" ten="250,250,240,250" step="2"/><W2/><G118/><T34/><D34/><U128/><E128/><V77/><F77/><W110/><G110/><T120/><D71/><U119/><E119/><V17/><F17/><W74/><G35/><T48/><D120/><U91/><E45/><AGARI ba="0,1" hai="8,15,19,45,51,52,53,54,55,79,80,84,100,103" machi="45" ten="40,8000,1" yaku="1,1,8,1,54,1,53,1" doraHai="89" doraHaiUra="12" who="2" fromWho="1" sc="250,0,250,-80,240,90,250,0" /><INIT seed="1,0,0,1,0,134" ten="250,170,330,250" oya="1" hai0="93,128,114,45,102,52,13,74,117,122,61,15,65" hai1="25,81,6,1,38,126,133,115,36,118,24,87,17" hai2="119,21,84,0,10,125,49,91,100,50,39,130,5" hai3="86,109,44,80,41,129,29,131,51,101,71,26,31"/><U105/><E115/><V124/><F119/><W77/><G71/><T34/><D74/><U110/><E118/><V72/><F72/><W19/><G101/><T30/><D128/><N who="3" m="49225" /><G109/><T79/><D79/><U69/><E133/><V40/><F130/><W47/><G47/><T23/><D34/><U108/><E105/><V116/><F116/><W20/><AGARI ba="0,0" hai="19,20,26,29,31,41,44,51,77,80,86" m="49225" machi="20" ten="30,1100,0" yaku="19,1" doraHai="134" who="3" fromWho="3" sc="250,-3,170,-5,330,-3,250,11" /><INIT seed="2,0,0,0,0,13" ten="247,165,327,261" oya="2" hai0="77,45,51,121,44,131,1,80,65,112,23,100,15" hai1="36,7,3,102,133,94,14,95,118,67,50,11,86" hai2="78,34,84,119,126,16,91,31,59,47,37,135,111" hai3="116,10,41,26,27,106,129,115,35,93,127,5,55"/><V76/><F119/><W104/><G116/><T29/><D1/><U62/><E118/><V42/><F126/><W0/><G127/><T132/><D131/><U70/><E133/><V82/><F135/><W124/><G124/><T114/><D121/><U40/><E36/><V105/><F105/><W48/><G129/><T72/><D100/><U71/><E71/><V128/><F128/><W69/><G69/><T68/><D45/><U122/><E122/><V125/><F125/><W85/><G41/><T57/><D68/><U98/><E3/><V46/><F46/><W120/><G115/><T25/><D132/><U28/><E28/><V39/><F37/><W53/><G53/><T19/><D65/><U108/><E108/><V96/><F31/><W8/><G27/><T9/><REACH who="0" step="1"/><D57/><REACH who="0" ten="237,165,327,261" step="2"/><U81/><E40/><AGARI ba="0,1" hai="9,15,19,23,25,29,40,44,51,72,77,80,112,114" machi="40" ten="30,8000,1" yaku="1,1,2,1,7,1,52,1,53,1" doraHai="13" doraHaiUra="12" who="0" fromWho="1" sc="237,90,165,-80,327,0,261,0" /><INIT seed="3,0,0,3,1,30" ten="327,85,327,261" oya="3" hai0="77,103,85,96,125,92,104,42,130,25,79,21,87" hai1="110,88,117,64,8,99,57,45,50,13,133,28,27" hai2="55,90,124,84,82,15,66,67,106,91,33,16,83" hai3="19,37,98,95,94,75,122,70,78,32,46,60,54"/><W74/><G122/><T80/><D42/><U121/><E110/><V34/><F106/><W131/><G131/><T38/><D38/><U5/><E133/><V56/><F124/><W61/><G70/><T12/><D125/><U31/><E121/><V44/><F44/><W126/><G126/><T22/><D130/><U10/><E117/><V47/><F47/><W109/><G109/><T20/><D104/><U132/><E132/><V29/><F33/><W127/><G37/><T4/><D79/><U100/><E31/><V2/><F2/><W128/><G128/><T101/><D85/><U49/><E10/><N who="2" m="6263" /><F34/><W52/><G127/><T111/><D111/><U3/><E3/><V43/><F29/><W81/><G32/><T108/><D108/><U35/><E45/><V105/><F105/><W18/><G74/><T113/><D113/><U39/><E39/><V59/><F43/><W118/><G95/><T102/><D25/><U17/><E5/><V107/><F107/><W68/><G118/><T0/><D0/><U119/><E119/><V48/><F56/><N who="3" m="34823" /><G68/><T93/><D93/><N who="1" m="56743" /><E100/><N who="0" m="38505" /><D4/><U69/><E69/><V41/><F41/><W123/><G123/><T14/><AGARI ba="0,0" hai="12,14,20,21,22,77,80,87,92,96,103" m="38505" machi="14" ten="30,1100,0" yaku="8,1" doraHai="30" who="0" fromWho="0" sc="327,11,85,-3,327,-3,261,-5" owari="338,43.8,82,-41.8,324,12.4,256,-14.4" /></mjloggm>