<mjloggm ver="2.3"><GO type="225" lobby="0"/><UN n0="%79%75%72%69%6D%6F%67" n1="%E6%B4%BE%E9%81%A3%E3%81%AE%E3%82%B8%E3%83%A3%E3%83%83%E3%82%AF" n2="%E3%81%BF%E3%81%BF%E3%81%9A" n3="%E3%81%A4%E3%81%A3%E3%81%B1%E3%82%8A%E3%83%9D%E3%83%BC%E3%83%AB" dan="16,17,18,17" rate="2133.41,2186.37,2245.81,2223.32" sx="F,M,M,M"/><TAIKYOKU oya="0"/><INIT seed="0,0,0,3,0,70" ten="250,250,250,250" oya="0" hai0="52,79,7,93,5,114,41,116,26,118,128,46,92" hai1="110,123,0,129,95,65,63,16,43,29,109,6,112" hai2="105,28,25,8,67,58,62,49,124,4,48,51,35" hai3="101,53,83,96,98,45,80,86,72,134,54,34,76"/><T89/><D114/><U2/><E123/><V17/><F124/><W12/><G134/><T100/><D128/><U66/><E29/><V74/><F105/><W1/><G1/><T40/><D79/><U78/><E78/><V24/><F74/><W59/><G34/><T111/><D118/><U81/><E81/><V69/><F24/><W42/><G12/><T27/><D116/><U56/><E129/><V113/><F17/><W39/><G59/><T75/><D75/><U102/><E66/><V3/><REACH who="2" step="1"/><F113/><REACH who="2" ten="250,250,240,250" step="2"/><W36/><G36/><T90/><D27/><U97/><E112/><V13/><F13/><W71/><G71/><AGARI ba="0,1" hai="3,4,8,25,28,35,48,49,51,58,62,67,69,71" machi="71" ten="40,1300,0" yaku="1,1,53,0" doraHai="70" doraHaiUra="122" who="2" fromWho="3" sc="250,0,250,0,240,23,250,-13" /><INIT seed="1,0,0,5,2,45" ten="250,250,263,237" oya="1" hai0="108,16,80,132,134,95,18,130,114,52,3,26,68" hai1="101,99,109,94,24,5,17,118,60,50,131,105,14" hai2="42,127,57,8,7,47,96,41,121,10,69,116,53" hai3="58,19,35,74,89,87,71,106,119,129,128,102,21"/><U91/><E118/><V44/><F116/><W100/><G71/><T113/><D3/><U31/><E131/><N who="3" m="50250" /><G119/><T115/><D68/><U46/><E109/><V25/><F69/><W120/><G120/><T51/><D108/><U34/><E60/><V117/><F117/><W43/><G35/><T111/><D111/><U64/><E64/><V63/><F121/><W85/><G74/><T1/><D1/><U39/><E5/><V123/><F127/><W11/><G43/><N who="2" m="16393" /><F123/><W0/><G106/><T20/><D130/><U84/><E39/><V93/><F25/><N who="3" m="14527" /><G58/><N who="0" m="33055" /><D80/><U61/><E61/><V12/><F8/><W110/><G110/><T75/><D75/><U27/><E27/><V107/><F107/><W78/><G78/><T54/><D54/><U32/><E32/><V48/><F63/><W77/><G77/><T125/><D95/><U97/><E105/><V67/><F67/><W28/><G28/><N who="0" m="17479" /><D125/><U4/><E31/><V124/><F124/><W40/><G40/><T22/><D22/><U55/><E34/><V81/><F81/><N who="3" m="49327" /><G0/><T29/><D29/><U92/><E24/><V103/><AGARI ba="0,0" hai="7,10,12,44,47,48,53,57,93,96,103" m="16393" machi="103" ten="30,2000,0" yaku="8,1,52,1" doraHai="45" who="2" fromWho="2" sc="250,-5,250,-10,263,20,237,-5" /><INIT seed="2,0,0,3,1,86" ten="245,240,283,232" oya="2" hai0="8,84,78,122,83,102,9,57,133,68,44,91,88" hai1="131,49,27,105,1,72,12,99,127,76,50,45,16" hai2="21,115,6,132,85,112,71,46,37,48,107,94,5" hai3="3,13,7,19,4,64,79,39,89,135,26,0,38"/><V18/><F107/><W65/><G135/><T43/><D68/><U74/><E1/><V98/><F71/><W110/><G110/><T96/><D122/><U55/><E127/><V24/><F37/><W87/><G79/><T36/><D133/><U34/><E131/><V108/><F132/><W23/><G38/><T53/><D9/><U106/><E50/><V11/><F108/><W119/><G39/><T123/><D8/><U30/><E76/><V81/><F115/><W130/><G119/><T77/><D77/><U10/><REACH who="1" step="1"/><E99/><REACH who="1" ten="245,230,283,232" step="2"/><V41/><F112/><W113/><G130/><T104/><D123/><U47/><E47/><V2/><F2/><W134/><G113/><T100/><D100/><U117/><E117/><V129/><F129/><W25/><G3/><T73/><D73/><AGARI ba="0,1" hai="10,12,16,27,30,34,45,49,55,72,73,74,105,106" machi="73" ten="40,8000,1" yaku="1,1,54,1,53,2" doraHai="86" doraHaiUra="103" who="1" fromWho="0" sc="245,-80,230,90,283,0,232,0" /><INIT seed="3,0,0,3,0,59" ten="165,320,283,232" oya="3" hai0="109,23,89,117,60,43,49,2,82,86,65,111,66" hai1="45,31,3,119,98,87,126,74,27,132,10,56,84" hai2="113,130,93,61,79,7,20,91,118,30,0,47,68" hai3="90,100,77,17,133,11,33,75,51,107,1,52,88"/><W128/><G33/><T94/><D117/><U70/><E74/><V22/><F113/><W34/><G34/><T127/><D2/><U41/><E70/><V71/><F118/><W57/><G133/><T108/><D127/><U8/><E119/><V83/><F130/><W16/><G128/><T92/><D66/><U50/><E126/><V115/><F115/><W101/><G75/><T24/><D49/><U122/><E122/><V28/><F47/><W95/><G107/><T40/><D94/><U48/><E98/><V18/><F7/><W64/><G77/><T42/><D92/><U13/><E3/><V63/><F0/><W85/><G1/><T36/><D36/><U105/><E105/><V37/><F37/><W54/><G64/><T53/><D53/><N who="1" m="31799" /><E10/><V106/><F106/><W78/><G78/><T4/><D4/><N who="1" m="3207" /><E132/><V103/><F103/><N who="3" m="39499" /><G11/><T125/><D125/><U6/><E6/><V110/><F110/><W38/><G38/><T81/><D81/><U99/><E99/><N who="2" m="57791" /><F71/><W39/><G39/><T123/><D123/><U44/><E44/><V32/><F32/><W29/><G29/><N who="2" m="11369" /><F68/><W67/><G67/><T121/><D121/><U9/><E9/><V76/><F22/><AGARI ba="0,0" hai="22,27,31,41,45,48,84,87" m="3207,31799" machi="22" ten="30,1000,0" yaku="8,1" doraHai="59" who="1" fromWho="2" sc="165,0,320,10,283,-10,232,0" owari="165,-33.5,330,43.0,273,7.3,232,-16.8" /></mjloggm>