<mjloggm ver="2.3"><GO type="225" lobby="0"/><UN n0="%72%69%6F%75%63%68%61%6E" n1="%73%6C%69%63%6B%33%31%39" n2="%E3%81%A1%E3%82%85%E3%81%86%E3%81%A9%E3%81%8F%E8%B1%A1%E3%81%95%E3%82%93" n3="%E8%90%BD%E6%97%A5" dan="17,17,17,19" rate="2231.60,2162.88,2127.69,2260.10" sx="M,M,M,F"/><TAIKYOKU oya="0"/><INIT seed="0,0,0,4,3,61" ten="250,250,250,250" oya="0" hai0="33,98,8,5,26,92,112,53,51,19,43,35,123" hai1="30,81,93,59,100,39,17,66,105,44,1,114,104" hai2="14,55,75,91,62,0,28,113,15,96,40,73,2" hai3="41,46,121,129,102,32,130,42,6,9,63,128,131"/><T54/><D112/><U135/><E1/><V65/><F113/><W10/><N who="3" m="32768" /><DORA hai="60" /><W95/><G32/><T23/><D123/><U18/><E114/><V107/><F40/><W111/><G111/><T127/><D127/><U86/><E30/><V119/><F119/><W48/><G121/><T83/><D83/><U133/><E93/><V12/><F28/><W52/><G10/><T116/><D116/><U99/><E104/><V71/><F55/><W85/><G63/><T4/><D43/><N who="1" m="22655" /><E59/><V11/><F11/><W21/><G21/><T134/><D134/><N who="1" m="51211" /><E66/><V115/><F115/><W22/><G22/><T117/><D117/><U25/><E25/><V122/><F122/><W89/><REACH who="3" step="1"/><G102/><REACH who="3" ten="250,250,250,240" step="2"/><T118/><D118/><U29/><E29/><V110/><F110/><W68/><G68/><T57/><D8/><U106/><E106/><V64/><F71/><W82/><G82/><T50/><D33/><U80/><E81/><V70/><F70/><W72/><G72/><T101/><REACH who="0" step="1"/><D35/><REACH who="0" ten="240,250,250,240" step="2"/><U79/><AGARI ba="0,2" hai="17,18,79,80,86,99,100,105" m="51211,22655" machi="79" ten="30,1100,0" yaku="20,1" doraHai="61,60" who="1" fromWho="1" sc="240,-5,250,31,250,-3,240,-3" /><INIT seed="1,0,0,3,2,115" ten="235,281,247,237" oya="1" hai0="28,119,55,1,112,82,57,101,113,103,38,81,32" hai1="98,88,72,10,117,30,16,109,121,34,61,14,104" hai2="0,125,93,90,5,67,2,134,80,6,23,18,120" hai3="3,11,96,29,99,94,97,83,25,19,31,76,126"/><U37/><E121/><V130/><F120/><W86/><G126/><T21/><D119/><U36/><E72/><V110/><F125/><W7/><G19/><T116/><D116/><U77/><E77/><V48/><F80/><W62/><G62/><T107/><D32/><U52/><E117/><V135/><F67/><W89/><REACH who="3" step="1"/><G31/><REACH who="3" ten="235,281,247,227" step="2"/><T123/><D28/><U47/><E30/><V53/><F18/><W87/><G87/><T70/><D113/><U63/><E61/><V122/><F122/><W124/><G124/><T22/><D112/><U69/><E63/><V127/><F127/><W58/><G58/><T45/><D123/><U44/><E16/><V17/><F17/><W54/><G54/><T59/><D59/><U84/><E52/><V129/><F53/><W92/><G92/><T51/><D107/><U106/><E106/><V4/><F93/><W49/><G49/><T105/><D105/><U24/><E104/><V114/><F48/><W71/><G71/><T66/><D70/><U41/><E69/><V42/><F114/><W50/><G50/><T43/><D66/><U20/><E84/><V40/><F5/><W75/><G75/><T56/><D57/><U9/><E37/><V33/><F135/><W128/><G128/><T26/><D56/><U73/><E36/><V85/><F134/><W79/><G79/><T13/><D55/><U15/><E73/><V95/><F129/><W27/><G27/><T78/><D38/><U111/><E24/><V65/><F130/><W64/><G64/><T132/><D51/><U102/><E41/><V91/><F65/><RYUUKYOKU ba="0,1" sc="235,-10,281,-10,247,-10,227,30" hai3="3,7,11,25,29,76,83,86,89,94,96,97,99" /><INIT seed="2,1,1,5,2,76" ten="225,271,237,257" oya="2" hai0="2,101,100,116,49,86,37,127,106,135,45,96,89" hai1="65,105,54,8,122,132,73,38,17,62,44,53,60" hai2="108,20,29,74,69,30,126,97,104,41,58,79,34" hai3="90,48,91,5,42,109,43,32,107,81,94,46,61"/><V99/><F69/><W4/><G107/><T84/><D127/><U23/><E105/><V64/><F126/><W78/><G32/><T52/><D135/><U7/><E73/><V133/><F133/><W114/><G109/><T110/><D110/><U19/><E132/><V117/><F108/><W50/><G114/><T57/><D2/><U120/><E38/><V92/><F117/><W31/><G31/><T22/><D116/><U85/><E85/><V102/><F41/><W14/><G61/><T119/><D119/><U129/><E129/><V39/><F39/><W134/><G134/><T3/><D3/><U13/><E17/><V40/><F40/><W82/><G78/><T83/><D101/><U77/><E77/><V118/><F118/><W12/><G94/><T0/><D0/><U1/><E60/><V26/><F74/><W111/><G111/><T66/><D22/><U21/><E21/><V87/><F34/><W125/><REACH who="3" step="1"/><G46/><REACH who="3" ten="225,271,237,247" step="2"/><T28/><D28/><U72/><E44/><V15/><F30/><W11/><G11/><T128/><D128/><U9/><E8/><V67/><F79/><W33/><G33/><T124/><D124/><AGARI ba="1,2" hai="4,5,12,14,42,43,48,50,81,82,90,91,124,125" machi="124" ten="25,8000,1" yaku="1,1,22,2,52,2,53,0" doraHai="76" doraHaiUra="95" who="3" fromWho="0" sc="225,-83,271,0,237,0,247,103" /><INIT seed="3,0,0,3,1,116" ten="142,271,237,350" oya="3" hai0="36,96,109,130,66,74,103,33,23,132,76,69,108" hai1="112,38,106,8,70,95,7,91,18,46,54,9,48" hai2="10,31,29,45,86,11,94,104,1,127,79,25,81" hai3="117,99,57,12,51,134,133,107,110,131,82,102,17"/><W64/><G117/><T28/><D132/><N who="3" m="50793" /><G131/><T5/><D130/><U53/><E112/><V114/><F114/><W105/><G110/><T58/><D23/><U122/><E106/><V27/><F104/><N who="3" m="63583" /><G82/><T135/><D58/><U119/><E38/><V72/><F127/><W121/><G121/><T124/><D124/><U59/><E70/><V62/><F62/><N who="3" m="37967" /><G51/><T44/><D135/><U115/><E115/><V67/><F45/><W78/><G78/><T41/><D76/><U111/><E111/><V126/><F67/><W63/><G63/><T120/><D74/><U26/><E119/><V39/><F10/><AGARI ba="0,0" hai="10,12,17,105,107" m="37967,63583,50793" machi="10" ten="30,1500,0" yaku="20,1" doraHai="116" who="3" fromWho="2" sc="142,0,271,0,237,-15,350,15" owari="142,-35.8,271,7.1,222,-17.8,365,46.5" /></mjloggm>