<mjloggm ver="2.3"><GO type="225" lobby="0"/><UN n0="%47%48%4F%53%54" n1="%E4%B8%96%E7%95%8C%E3%81%AE%E4%BA%80%E4%BA%95" n2="%E8%83%83%E3%81%A8%E8%85%B8" n3="%E5%A4%96%E5%B7%9D%E7%AB%9C%E6%88%90" dan="17,17,17,16" rate="2290.75,2206.31,2226.46,2169.17" sx="M,M,M,M"/><TAIKYOKU oya="0"/><INIT seed="0,0,0,4,5,82" ten="250,250,250,250" oya="0" hai0="104,48,25,22,114,62,5,98,1,103,38,14,47" hai1="93,34,50,27,102,37,97,109,87,118,10,81,0" hai2="6,29,132,75,57,35,79,19,96,134,3,42,41" hai3="4,73,58,13,84,124,8,59,85,69,108,39,113"/><T126/><D126/><U90/><E37/><V89/><F57/><W44/><G113/><T92/><D114/><U71/><E118/><V74/><F19/><W49/><G69/><T21/><D38/><U15/><E71/><V135/><F29/><W121/><G73/><N who="2" m="27657" /><F35/><W88/><G124/><T117/><D117/><U110/><E0/><V54/><F54/><W9/><G39/><T127/><D127/><U133/><E133/><V12/><F12/><N who="3" m="5127" /><G108/><T11/><D104/><U28/><REACH who="1" step="1"/><E50/><REACH who="1" ten="250,240,250,250" step="2"/><V131/><F3/><W116/><G116/><T40/><D1/><U55/><E55/><V105/><F132/><W130/><G121/><T91/><D62/><U67/><E67/><V78/><F134/><W61/><G61/><T99/><REACH who="0" step="1"/><D25/><REACH who="0" ten="240,240,250,250" step="2"/><U83/><E83/><V68/><F135/><W76/><G49/><T115/><D115/><U2/><E2/><V112/><F112/><W129/><G129/><T52/><D52/><U106/><E106/><V101/><F131/><W26/><G130/><T64/><D64/><U111/><E111/><V95/><F105/><W63/><G26/><T60/><D60/><U7/><AGARI ba="0,2" hai="7,10,15,27,28,34,81,87,90,93,97,102,109,110" machi="7" ten="30,7900,0" yaku="1,1,0,1,52,1,53,1" doraHai="82" doraHaiUra="24" who="1" fromWho="1" sc="240,-39,240,99,250,-20,250,-20" /><INIT seed="1,0,0,4,5,76" ten="201,339,230,230" oya="1" hai0="72,2,15,112,125,123,93,114,51,58,3,64,121" hai1="103,134,68,118,46,110,109,113,85,29,28,12,1" hai2="45,107,96,63,65,48,120,40,62,17,50,13,80" hai3="78,32,10,8,36,69,102,132,37,83,39,92,90"/><U52/><E113/><N who="0" m="43625" /><D72/><U126/><E1/><N who="0" m="9" /><D93/><U44/><E118/><V117/><F117/><W7/><G69/><T115/><N who="0" m="43633" /><T94/><DORA hai="116" /><D94/><U130/><E68/><V35/><F35/><W6/><G32/><T43/><D125/><U42/><E126/><V24/><F24/><W82/><G102/><T31/><D43/><U106/><E12/><V56/><F120/><N who="0" m="46154" /><D31/><U47/><E42/><V54/><F107/><W104/><G104/><T26/><D26/><U67/><E106/><V66/><F96/><W124/><G92/><T34/><D34/><U59/><E28/><V30/><F30/><W38/><G124/><T99/><D99/><U135/><E29/><V133/><F133/><W49/><G132/><T20/><D64/><U22/><E67/><V71/><F71/><W91/><G36/><T105/><D105/><U21/><E134/><V70/><F70/><W79/><G37/><T73/><D73/><U98/><E135/><V128/><F65/><W61/><G38/><T14/><D20/><U41/><E41/><V101/><F66/><W16/><G39/><T4/><D4/><U122/><E21/><N who="2" m="11439" /><F101/><W74/><G74/><T19/><D19/><U100/><E22/><V75/><F75/><W108/><G16/><T87/><D87/><U57/><E85/><V129/><F129/><W97/><G97/><T5/><D5/><U55/><E130/><V84/><F128/><W77/><G6/><T81/><D81/><U88/><E122/><V131/><F131/><W23/><G7/><T86/><D86/><U95/><E100/><V25/><F25/><RYUUKYOKU ba="0,0" sc="201,15,339,-15,230,15,230,-15" hai0="14,15,51,58" hai2="40,45,48,50,54,56,62,63,80,84" /><INIT seed="2,1,0,1,0,62" ten="216,324,245,215" oya="2" hai0="11,57,125,103,16,84,41,5,29,122,123,35,72" hai1="118,70,50,0,8,112,129,38,134,98,116,56,52" hai2="110,89,130,17,90,120,44,135,106,2,97,83,48" hai3="76,60,18,21,95,23,82,75,108,37,55,59,67"/><V114/><F114/><W78/><G37/><T81/><D72/><U53/><E112/><V91/><F120/><W92/><G108/><T80/><D125/><U61/><E134/><V111/><F2/><W99/><G78/><T68/><D68/><U24/><E129/><V13/><F130/><W132/><G132/><T51/><D103/><U87/><E38/><V126/><F135/><W86/><G75/><T85/><D35/><U94/><E87/><V96/><F126/><W121/><G121/><T117/><D29/><U30/><E8/><V131/><F131/><W1/><G1/><T115/><D117/><U28/><E28/><V27/><F27/><W31/><G55/><N who="0" m="31999" /><D41/><U101/><E0/><V100/><F96/><W20/><G31/><T69/><D5/><U77/><E77/><V93/><F106/><W6/><G6/><T71/><D71/><U26/><E26/><V119/><F119/><W63/><G63/><T58/><D69/><U64/><E53/><V47/><F83/><N who="0" m="31818" /><D115/><U107/><E94/><N who="3" m="35882" /><G99/><T65/><D123/><U73/><E73/><V74/><F74/><W33/><G33/><AGARI ba="1,0" hai="24,30,33,50,52,56,61,64,70,98,101,107,116,118" machi="33" ten="30,8000,1" yaku="7,1,25,2,52,1,54,1" doraHai="62" who="1" fromWho="3" sc="216,0,324,83,245,0,215,-83" /><INIT seed="3,0,0,0,5,44" ten="216,407,245,132" oya="3" hai0="62,105,24,5,120,60,131,68,35,124,115,0,9" hai1="92,55,51,57,7,78,31,4,6,95,23,132,73" hai2="85,56,77,135,126,39,121,75,99,21,125,117,41" hai3="98,38,107,122,37,86,97,48,111,118,108,25,40"/><W34/><G118/><T103/><D120/><U17/><E132/><V133/><F21/><W32/><G122/><T11/><D124/><N who="2" m="47722" /><F85/><W81/><G25/><T82/><D131/><U116/><E116/><V130/><F99/><N who="3" m="37899" /><G107/><T28/><D115/><U8/><E78/><V58/><F77/><W12/><G12/><T52/><D103/><U104/><E104/><V50/><F75/><W18/><G18/><T69/><D105/><U46/><E73/><V27/><F27/><W29/><G29/><T100/><D100/><U19/><E31/><V64/><F117/><W14/><G14/><T106/><D106/><U42/><E8/><V96/><F96/><W22/><G22/><T112/><D112/><U74/><E74/><V70/><F121/><W3/><G3/><T102/><D102/><U134/><E134/><N who="2" m="51211" /><F39/><N who="3" m="14859" /><G86/><T67/><D28/><U91/><E91/><V30/><F30/><W72/><G81/><T114/><D82/><U89/><E89/><V13/><F13/><W54/><G40/><T128/><D24/><N who="1" m="14447" /><E19/><V33/><F33/><N who="3" m="12907" /><G72/><T45/><D35/><U49/><AGARI ba="0,0" hai="4,6,7,42,46,49,51,55,57,92,95" m="14447" machi="49" ten="30,4000,0" yaku="8,1,52,2" doraHai="44" who="1" fromWho="1" sc="216,-10,407,40,245,-10,132,-20" owari="206,-19.4,447,54.7,235,3.5,112,-38.8" /></mjloggm>