<mjloggm ver="2.3"><GO type="225" lobby="0"/><UN n0="%E3%82%BF%E3%83%BC%E3%83%90%E3%83%B3%E9%87%8E%E5%8F%A3" n1="%E3%81%8B%E3%82%8F%E3%81%A1%E3%82%83%E3%82%93%35%38" n2="%4B%2E%32%2E%4B%2E" n3="%E5%BC%93%E6%9C%A8%E3%81%AA%E3%81%8A" dan="16,16,16,16" rate="2147.45,2182.09,2165.90,2133.36" sx="M,M,M,M"/><TAIKYOKU oya="0"/><INIT seed="0,0,0,2,4,103" ten="250,250,250,250" oya="0" hai0="81,59,88,87,134,123,83,7,48,33,2,11,15" hai1="35,13,79,27,5,118,65,32,105,94,26,8,99" hai2="107,62,104,73,44,100,68,16,129,25,124,45,4" hai3="109,108,52,51,36,14,120,34,64,101,46,89,95"/><T114/><D123/><U85/><E118/><V97/><F73/><W55/><G120/><T57/><D114/><U77/><E105/><V39/><F107/><W72/><G34/><T86/><D134/><U117/><E117/><V133/><F4/><W66/><G72/><T1/><D33/><U58/><E35/><V125/><F133/><W69/><G101/><T54/><REACH who="0" step="1"/><D57/><REACH who="0" ten="240,250,250,250" step="2"/><U41/><E32/><V43/><F129/><W91/><G69/><T50/><D50/><U111/><E58/><V40/><F68/><W106/><G36/><T42/><D42/><U98/><E41/><V47/><F62/><W20/><G51/><T10/><D10/><U128/><E8/><V127/><F39/><W12/><G20/><AGARI ba="0,1" hai="16,20,25,40,43,44,45,47,97,100,104,124,125,127" machi="20" ten="50,6400,0" yaku="18,1,52,1,54,1" doraHai="103" who="2" fromWho="3" sc="240,0,250,0,250,74,250,-64" /><INIT seed="1,0,0,1,1,43" ten="240,250,324,186" oya="1" hai0="8,94,39,78,29,0,13,117,26,87,128,6,73" hai1="113,1,82,123,12,75,88,53,74,61,4,25,9" hai2="10,72,64,86,35,31,56,65,122,52,85,66,46" hai3="33,28,17,62,126,50,116,110,135,24,18,120,91"/><U2/><E113/><V27/><F72/><W55/><G120/><T109/><D117/><U115/><E115/><V15/><F122/><W3/><G116/><T49/><D109/><U98/><E123/><V105/><F105/><W20/><G110/><T38/><D128/><U103/><E25/><V127/><F46/><W104/><G135/><T76/><D73/><U16/><E1/><V106/><F106/><W14/><G126/><T45/><D0/><U130/><E130/><V21/><F35/><W90/><G104/><T23/><D78/><U118/><E118/><V102/><F102/><W30/><G30/><T133/><D133/><U119/><E119/><V96/><F96/><W99/><G99/><T114/><D114/><U107/><E61/><N who="2" m="35975" /><F127/><W67/><G3/><T7/><D7/><AGARI ba="0,0" hai="7,10,15,21,27,31,64,65,66,85,86" m="35975" machi="7" ten="30,2000,0" yaku="8,1,54,1" doraHai="43" who="2" fromWho="0" sc="240,-20,250,0,324,20,186,0" /><INIT seed="2,0,0,0,2,23" ten="220,250,344,186" oya="2" hai0="45,39,61,9,94,69,10,103,28,132,58,93,86" hai1="34,127,97,101,92,43,62,8,1,13,47,44,98" hai2="15,110,125,77,52,5,95,60,27,7,19,14,104" hai3="107,30,31,63,84,115,50,91,32,79,25,130,33"/><V89/><F104/><W116/><G116/><T122/><D122/><U57/><E1/><V124/><F77/><W88/><G107/><T82/><D132/><U48/><E34/><V128/><F128/><W49/><G130/><T42/><D69/><U35/><E35/><V11/><F110/><W68/><G115/><T51/><D39/><U74/><E74/><V133/><F133/><W75/><G75/><T22/><D28/><U65/><E127/><N who="2" m="48715" /><F15/><W126/><G126/><T59/><D22/><U85/><E47/><V111/><F27/><W135/><G135/><T41/><D41/><U119/><E119/><V117/><F111/><W134/><G134/><T73/><D73/><U106/><E106/><V87/><F117/><W53/><G79/><N who="0" m="46431" /><D59/><AGARI ba="0,0" hai="5,7,11,14,19,52,59,60,87,89,95" m="48715" machi="59" ten="30,2900,0" yaku="18,1,54,1" doraHai="23" who="2" fromWho="0" sc="220,-29,250,0,344,29,186,0" /><INIT seed="2,1,0,0,2,87" ten="191,250,373,186" oya="2" hai0="26,46,99,65,83,2,66,91,63,68,116,105,0" hai1="8,27,32,129,107,51,111,59,131,45,20,98,29" hai2="33,123,70,23,55,4,77,37,132,18,52,109,73" hai3="80,127,39,106,133,35,90,57,108,78,13,10,7"/><V84/><F33/><W28/><G108/><T1/><D116/><U53/><E111/><V41/><F73/><W48/><G39/><T102/><D66/><U96/><E8/><V88/><F77/><W64/><G133/><T11/><D46/><U15/><E107/><V69/><F4/><W34/><G106/><T6/><REACH who="0" step="1"/><D26/><REACH who="0" ten="181,250,373,186" step="2"/><U31/><E45/><V115/><F109/><W76/><G127/><T19/><D19/><N who="1" m="10367" /><E31/><V36/><F18/><W14/><G14/><T3/><D3/><U5/><E5/><V60/><F70/><W25/><G35/><T24/><D24/><U54/><E54/><V38/><F55/><W124/><G124/><T92/><D92/><U81/><E81/><V58/><F52/><W49/><G49/><T47/><D47/><U85/><E53/><V120/><F69/><W103/><G48/><T42/><D42/><U121/><E51/><V56/><F41/><W82/><G64/><T125/><D125/><U9/><E59/><V12/><F58/><W119/><G57/><T104/><D104/><U93/><E27/><V50/><F50/><W43/><G43/><T126/><D126/><U22/><E29/><V94/><F38/><W61/><G119/><T86/><AGARI ba="1,1" hai="0,1,2,6,11,63,65,68,83,86,91,99,102,105" machi="86" ten="30,4000,0" yaku="1,1,0,1,52,1,53,0" doraHai="87" doraHaiUra="134" who="0" fromWho="0" sc="181,53,250,-11,373,-21,186,-11" /><INIT seed="3,0,0,4,1,82" ten="234,239,352,175" oya="3" hai0="109,0,50,112,30,53,69,33,128,46,101,77,76" hai1="38,26,70,2,37,108,31,6,117,16,73,61,59" hai2="103,129,118,56,131,54,51,93,85,105,96,111,13" hai3="7,113,86,12,55,47,133,23,14,92,17,39,94"/><W63/><G133/><T132/><D69/><U91/><E73/><V36/><F118/><W89/><G113/><T124/><D0/><U21/><E70/><V115/><F36/><W78/><G78/><T58/><D132/><U72/><E72/><V29/><F29/><W24/><G39/><T106/><D112/><U5/><E38/><V68/><F68/><W49/><G7/><T71/><D109/><U15/><E37/><V67/><F67/><W88/><G63/><T44/><D71/><U66/><E108/><V87/><F111/><W120/><G120/><T98/><D128/><U35/><E117/><V57/><F57/><W40/><G40/><T19/><D124/><U48/><E2/><V123/><F123/><W104/><G104/><T62/><D44/><U43/><E43/><V102/><F13/><W74/><G74/><T81/><D81/><U18/><E48/><V52/><F54/><W65/><G65/><T127/><D127/><U99/><E99/><AGARI ba="0,0" hai="12,14,17,23,24,47,49,55,86,88,89,92,94,99" machi="99" ten="30,11600,0" yaku="7,1,8,1,52,1,54,1" doraHai="82" who="3" fromWho="1" sc="234,0,239,-116,352,0,175,116" /><INIT seed="3,1,0,3,2,63" ten="234,123,352,291" oya="3" hai0="2,93,65,125,54,105,4,135,70,66,14,17,72" hai1="107,53,44,129,8,57,0,126,12,81,114,29,58" hai2="7,113,80,36,134,94,82,43,60,89,116,3,49" hai3="18,67,15,87,127,25,13,131,37,22,119,121,68"/><W35/><G119/><T111/><D105/><U23/><E126/><V1/><F36/><W32/><G121/><T120/><D120/><U104/><E129/><V110/><F113/><W133/><G37/><T40/><D72/><U56/><E114/><V83/><F116/><W128/><G87/><T61/><D125/><U102/><E0/><V73/><F73/><W52/><G127/><T19/><D70/><U9/><E12/><V101/><F101/><W85/><G85/><T92/><D2/><U100/><E44/><V78/><F78/><W59/><G133/><T79/><D40/><U5/><E23/><V71/><F7/><W77/><G77/><T62/><D79/><U90/><E57/><V24/><F110/><W95/><G13/><T91/><D111/><U10/><E10/><V55/><F43/><W50/><G95/><N who="0" m="36427" /><D91/><U42/><E42/><V97/><F24/><W103/><G103/><T75/><D75/><U45/><E45/><V20/><F20/><W31/><REACH who="3" step="1"/><G35/><REACH who="3" ten="234,123,352,281" step="2"/><T99/><D135/><U64/><E90/><V130/><F134/><W27/><G27/><T124/><D124/><U39/><E39/><V106/><F130/><W28/><G28/><T86/><D86/><U16/><E29/><V118/><F106/><W88/><G88/><T109/><D109/><U74/><E74/><V132/><F132/><W108/><G108/><T34/><D34/><U41/><E104/><V11/><F118/><W46/><G46/><T6/><D14/><U38/><E107/><V30/><F30/><W26/><G26/><T117/><D117/><U123/><E102/><RYUUKYOKU ba="1,1" sc="234,-10,123,-10,352,-10,281,30" hai3="15,18,22,25,31,32,50,52,59,67,68,128,131" /><INIT seed="3,2,1,0,5,68" ten="224,113,342,311" oya="3" hai0="95,25,84,15,56,41,46,87,91,4,86,42,5" hai1="100,116,12,1,103,78,74,59,50,117,73,104,24" hai2="45,6,28,99,13,49,27,62,83,135,66,133,112" hai3="39,65,72,97,105,124,102,31,69,108,77,123,23"/><W130/><G123/><T107/><D107/><U20/><E1/><V48/><F112/><W121/><G121/><T35/><D35/><U88/><E12/><V44/><F83/><N who="3" m="45479" /><G23/><T96/><D25/><U80/><E59/><V38/><F99/><W54/><G54/><T131/><D131/><U17/><E50/><V113/><F113/><W53/><G53/><T7/><D46/><U26/><E20/><V129/><F129/><W106/><G130/><T71/><D71/><U55/><E55/><V101/><F101/><N who="3" m="62639" /><G31/><T93/><D56/><U18/><E104/><V134/><F13/><W11/><G11/><T132/><D132/><U118/><E78/><V94/><F94/><W76/><G39/><T67/><D67/><U115/><E115/><V119/><F119/><W37/><G37/><T57/><D57/><U111/><E111/><V34/><F6/><N who="0" m="2666" /><D95/><U109/><E109/><V40/><F45/><W89/><G108/><T85/><N who="0" m="21504" /><DORA hai="120" /><T58/><D58/><AGARI ba="2,1" hai="27,28,34,38,40,44,48,49,58,62,66,133,134,135" machi="58" ten="40,2600,0" yaku="20,1,52,1" doraHai="68,120" who="2" fromWho="0" sc="224,-32,113,0,342,42,311,0" owari="192,-20.8,113,-38.7,384,48.4,311,11.1" /></mjloggm>