<mjloggm ver="2.3"><GO type="225" lobby="0"/><UN n0="%4C%4F%4C%49%54%41" n1="%4E%49%4A%49%49%52%4F" n2="%E3%81%82%E3%82%93%E3%81%AA%E3%81%A4" n3="%E4%B8%AD%E5%B9%B4%E3%81%AE%E5%8D%B1%E6%A9%9F" dan="16,16,17,16" rate="2193.88,2183.63,2177.51,2158.02" sx="F,M,M,M"/><TAIKYOKU oya="0"/><INIT seed="0,0,0,4,0,15" ten="250,250,250,250" oya="0" hai0="129,46,123,122,67,96,9,64,130,121,59,16,62" hai1="20,86,69,101,112,1,114,128,25,7,110,49,124" hai2="39,66,127,60,134,111,54,38,3,34,108,48,88" hai3="71,120,27,82,87,100,63,30,37,91,118,73,90"/><T40/><D67/><U113/><E69/><N who="2" m="42183" /><F3/><W28/><G118/><T125/><D96/><U97/><E124/><V99/><F34/><W126/><G37/><N who="2" m="13833" /><F88/><N who="3" m="51319" /><G71/><T74/><D74/><U81/><E128/><N who="0" m="49257" /><D125/><U80/><E110/><N who="2" m="42027" /><F99/><W52/><G73/><T79/><D79/><U89/><E81/><V33/><F33/><W83/><G120/><T36/><D9/><U102/><E7/><V106/><F106/><W11/><G100/><T18/><AGARI ba="0,0" hai="16,18,36,40,46,59,62,64,121,122,123" m="49257" machi="18" ten="40,12000,1" yaku="19,1,52,2,54,1" doraHai="15" who="0" fromWho="0" sc="250,120,250,-40,250,-40,250,-40" /><INIT seed="0,1,0,2,5,94" ten="370,210,210,210" oya="0" hai0="34,109,96,30,133,23,71,43,117,73,82,78,66" hai1="33,118,124,79,44,47,39,16,42,68,4,51,135" hai2="74,100,131,46,121,7,125,97,26,103,67,35,55" hai3="98,134,64,13,29,76,27,5,112,1,28,17,15"/><T86/><D117/><U126/><E118/><V72/><F121/><W38/><G38/><T95/><D133/><U2/><E33/><V54/><F131/><W20/><G76/><T60/><D34/><U19/><E68/><V59/><F125/><N who="1" m="48233" /><E135/><V36/><F7/><W11/><G134/><T48/><D109/><U101/><E79/><V75/><F67/><W57/><G112/><T12/><D43/><N who="1" m="22655" /><E101/><V88/><F46/><W50/><G98/><T110/><D110/><U62/><E62/><V3/><F36/><W104/><G104/><T40/><D40/><U93/><E93/><V21/><F35/><W10/><G64/><T22/><D48/><U92/><E92/><V130/><F130/><W49/><G57/><T53/><D53/><U63/><E63/><V45/><F45/><W81/><G81/><T122/><D122/><U58/><E58/><V127/><F127/><W65/><G65/><T41/><D41/><U24/><E24/><V80/><F55/><W99/><G99/><T105/><D105/><U25/><E25/><V9/><F97/><W90/><G90/><T87/><D96/><U69/><E69/><V89/><F100/><W0/><G50/><T120/><D120/><U102/><E102/><V111/><F103/><W132/><G132/><T116/><D116/><U115/><E115/><V106/><F106/><W107/><G49/><T108/><D108/><U6/><E6/><N who="2" m="1247" /><F111/><W119/><G119/><T61/><D71/><U128/><E128/><V77/><F77/><W91/><G107/><T84/><D66/><U129/><E129/><V37/><F26/><RYUUKYOKU ba="1,0" sc="370,-10,210,30,210,-10,210,-10" hai1="2,4,16,19,42,47,51" /><INIT seed="1,2,0,2,2,4" ten="360,240,200,200" oya="1" hai0="58,20,68,77,27,6,74,60,95,107,82,121,80" hai1="50,51,126,76,67,90,97,111,130,133,101,69,38" hai2="40,5,41,119,100,64,115,112,22,52,25,135,11" hai3="55,78,19,0,57,17,71,104,105,127,18,96,116"/><U24/><E38/><V36/><F119/><W124/><G71/><T14/><D107/><U108/><E126/><N who="3" m="48170" /><G0/><T66/><D121/><U10/><E130/><V128/><F128/><W120/><G120/><T84/><D95/><U37/><E37/><V61/><F36/><W75/><G116/><T131/><D131/><U33/><E76/><V32/><F32/><W28/><G28/><T46/><D46/><U88/><E133/><V109/><F100/><W53/><G96/><T122/><D122/><U12/><E67/><V48/><F109/><W2/><G2/><T62/><D14/><U54/><E69/><N who="2" m="42127" /><F135/><W56/><G78/><T103/><D103/><U91/><E24/><V94/><F25/><W15/><G75/><T9/><D74/><U8/><E33/><V43/><F22/><W73/><G73/><T65/><D20/><U7/><E10/><V83/><F94/><W44/><G44/><T93/><D93/><N who="1" m="58543" /><E54/><N who="3" m="20490" /><G15/><N who="0" m="5559" /><D27/><U29/><E29/><V106/><F106/><AGARI ba="2,0" hai="17,18,19,56,57,104,105,106" m="20490,48170" machi="106" ten="40,5200,0" yaku="28,2,18,1" doraHai="4" who="3" fromWho="2" sc="360,0,240,0,200,-58,200,58" /><INIT seed="2,0,0,0,3,102" ten="360,240,142,258" oya="2" hai0="83,99,51,34,69,37,58,89,96,54,94,40,113" hai1="45,14,15,27,2,72,116,76,36,61,121,127,115" hai2="42,97,109,88,8,111,119,73,9,23,79,68,46" hai3="62,31,49,0,77,114,47,92,21,104,6,38,75"/><V122/><F119/><W93/><G38/><T1/><D113/><U65/><E116/><V100/><F68/><W107/><G114/><T59/><D1/><U103/><E115/><V18/><F122/><W67/><G92/><T134/><D34/><U41/><E127/><V78/><F73/><W3/><G93/><T71/><D134/><U13/><E121/><V123/><F79/><W118/><G118/><T30/><D30/><U87/><E103/><V101/><F78/><W12/><G0/><T80/><D37/><U84/><E2/><V110/><F101/><W5/><G3/><T132/><D40/><U16/><E72/><V106/><F88/><W25/><G5/><T10/><D10/><U35/><E76/><V86/><F86/><W22/><G77/><T95/><D132/><U29/><REACH who="1" step="1"/><E16/><REACH who="1" ten="360,230,142,258" step="2"/><V82/><F123/><W131/><G75/><T28/><D89/><U85/><E85/><V70/><F82/><W20/><G6/><T17/><D17/><U24/><E24/><N who="2" m="14455" /><F70/><AGARI ba="0,1" hai="13,14,15,27,29,35,36,41,45,61,65,70,84,87" machi="70" ten="40,1300,0" yaku="1,1,53,0" doraHai="102" doraHaiUra="4" who="1" fromWho="2" sc="360,0,230,23,142,-13,258,0" /><INIT seed="3,0,0,1,0,10" ten="360,253,129,258" oya="3" hai0="97,7,111,40,58,46,112,62,64,38,116,44,17" hai1="90,104,117,30,12,125,48,33,68,41,27,103,85" hai2="49,113,54,31,114,18,11,14,73,16,67,34,65" hai3="82,36,22,26,105,70,108,127,88,47,13,74,2"/><W50/><G2/><T57/><D116/><U43/><E117/><V124/><F73/><W52/><G127/><T51/><D111/><U21/><E125/><V81/><F124/><W121/><G121/><T101/><D112/><U4/><E68/><V89/><F113/><W32/><G108/><T5/><D17/><U15/><E103/><V96/><F114/><W110/><G110/><T25/><D58/><U9/><E104/><V79/><F79/><W115/><G115/><T8/><D25/><U98/><E98/><V126/><F126/><W0/><G0/><T1/><D7/><U63/><E63/><V76/><F76/><W102/><G70/><T37/><D46/><U42/><E33/><V35/><F18/><N who="3" m="10575" /><G32/><T75/><D75/><U19/><E48/><V118/><F118/><W80/><G36/><T128/><D128/><U130/><E130/><V134/><F134/><W72/><G105/><AGARI ba="0,0" hai="1,5,8,37,38,40,44,51,57,62,64,97,101,105" machi="105" ten="30,1000,0" yaku="7,1" doraHai="10" who="0" fromWho="3" sc="360,10,253,0,129,0,258,-10" owari="370,47.0,253,5.3,129,-37.1,248,-15.2" /></mjloggm>