<mjloggm ver="2.3"><GO type="225" lobby="0"/><UN n0="%E3%81%AF%E3%82%88%E3%81%8A%E3%81%98%E3%81%95%E3%82%93" n1="%E7%99%BD%E5%92%B2%E8%8A%B1%E3%81%A1%E3%82%83%E3%82%93" n2="%E8%B6%85%E7%B4%9A%E9%B3%B3%E5%87%B0" n3="%62%6F%6E%6F%73%2E%2E" dan="17,16,16,17" rate="2198.01,2089.73,2123.70,2201.69" sx="M,F,M,M"/><TAIKYOKU oya="0"/><INIT seed="0,0,0,5,5,50" ten="250,250,250,250" oya="0" hai0="90,133,45,80,69,33,31,114,79,126,89,118,78" hai1="62,27,99,120,48,101,71,52,108,5,12,129,95" hai2="61,107,11,21,19,128,41,17,124,51,54,10,130" hai3="67,104,43,37,92,59,94,65,64,38,109,29,15"/><T20/><D114/><U123/><E108/><V34/><F34/><W88/><G104/><T121/><D118/><U18/><E129/><N who="2" m="49771" /><F107/><W125/><G109/><T14/><D121/><U4/><E27/><V74/><F74/><W103/><G125/><T56/><D69/><U112/><E112/><V13/><F124/><W3/><G3/><T87/><D126/><U7/><E62/><V97/><F97/><N who="3" m="59815" /><G37/><T122/><D122/><U81/><E81/><V105/><F105/><W84/><G38/><T40/><D33/><U117/><E71/><V44/><F19/><W16/><G29/><T25/><D133/><U42/><E42/><V82/><F82/><W8/><G43/><T63/><D14/><U66/><E66/><V93/><F93/><W30/><G30/><T22/><D22/><U83/><E83/><V28/><F28/><W0/><G0/><T77/><D89/><U115/><E115/><V106/><F106/><W132/><G132/><T91/><D90/><U70/><E117/><V100/><F100/><W119/><G119/><T49/><REACH who="0" step="1"/><D91/><REACH who="0" ten="240,250,250,250" step="2"/><U39/><E70/><V113/><F113/><W32/><G32/><T135/><D135/><U116/><E116/><V60/><F21/><W76/><G76/><T55/><AGARI ba="0,1" hai="20,25,31,40,45,49,55,56,63,77,78,79,80,87" machi="55" ten="20,12000,1" yaku="1,1,0,1,7,1,8,1,52,1,53,0" doraHai="50" doraHaiUra="35" who="0" fromWho="0" sc="240,130,250,-40,250,-40,250,-40" /><INIT seed="0,1,0,4,3,26" ten="370,210,210,210" oya="0" hai0="77,3,78,102,20,75,87,111,130,31,127,103,133" hai1="72,64,6,105,66,58,100,47,17,83,131,2,25" hai2="115,19,65,86,70,119,98,44,52,35,90,89,80" hai3="96,18,41,85,73,11,104,51,62,5,123,110,106"/><T12/><D3/><U16/><E131/><V95/><F115/><W122/><G73/><T23/><D75/><U113/><E105/><V108/><F35/><W129/><G129/><T99/><D130/><U93/><E100/><V74/><F108/><W84/><G110/><T57/><D111/><U0/><E93/><V55/><F119/><W121/><G18/><T135/><D127/><U13/><E72/><V114/><F114/><W22/><G22/><T56/><D87/><N who="3" m="33353" /><G62/><T126/><D126/><U38/><E38/><V94/><F70/><W34/><G34/><T15/><D99/><U120/><E120/><V92/><F65/><W33/><G33/><T32/><D32/><U134/><E25/><V1/><F1/><N who="3" m="431" /><G96/><T82/><D82/><U81/><E6/><V54/><F74/><W124/><G124/><T76/><D78/><U53/><E17/><V48/><REACH who="2" step="1"/><F19/><REACH who="2" ten="370,210,200,210" step="2"/><W101/><G101/><T27/><D102/><U63/><E16/><V109/><F109/><W112/><G112/><T37/><D103/><U42/><E113/><V128/><F128/><W29/><G29/><T40/><D31/><U39/><E2/><V46/><F46/><AGARI ba="1,1" hai="41,46,51,104,106,121,122,123" m="431,33353" machi="46" ten="40,1300,0" yaku="13,1" doraHai="26" who="3" fromWho="2" sc="370,0,210,0,200,-16,210,26" /><INIT seed="1,0,0,3,0,20" ten="370,210,184,236" oya="1" hai0="82,18,108,125,48,0,11,35,79,77,26,126,135" hai1="72,15,134,40,8,75,80,118,62,83,9,73,115" hai2="98,54,44,16,68,102,124,64,67,41,120,59,85" hai3="101,10,46,5,70,12,103,87,30,32,74,60,122"/><U52/><E115/><V45/><F120/><W78/><G74/><T94/><D108/><U55/><E118/><V133/><F124/><W58/><G70/><T117/><D117/><U92/><E134/><V100/><F133/><W112/><G112/><T89/><D135/><U31/><E40/><V97/><F68/><W50/><G122/><T2/><D48/><U39/><E39/><V110/><F110/><W91/><G78/><T61/><D61/><U36/><E36/><V111/><F111/><W95/><G30/><N who="0" m="19927" /><D18/><U127/><E127/><N who="0" m="48649" /><D11/><U90/><E31/><V53/><F41/><N who="3" m="24911" /><G32/><T24/><D24/><U84/><E9/><V23/><F85/><W66/><AGARI ba="0,0" hai="5,10,12,58,60,66,87,91,95,101,103" m="24911" machi="66" ten="30,1100,0" yaku="8,1" doraHai="20" who="3" fromWho="3" sc="370,-3,210,-5,184,-3,236,11" /><INIT seed="2,0,0,2,2,33" ten="367,205,181,247" oya="2" hai0="110,1,131,7,67,5,21,36,58,12,39,100,61" hai1="70,45,92,11,52,126,104,108,121,28,134,90,83" hai2="78,71,84,115,60,117,72,94,22,93,112,38,40" hai3="106,76,65,88,73,74,77,81,68,47,102,105,119"/><V56/><F117/><W125/><G119/><T10/><D110/><U0/><E108/><V111/><F111/><W120/><G120/><T6/><D131/><U57/><E104/><V14/><F71/><W128/><G128/><T123/><D123/><U63/><E121/><V27/><F14/><W44/><G125/><T87/><D100/><U30/><E126/><V20/><F72/><W9/><G9/><T91/><D21/><U85/><E134/><V109/><F109/><W51/><G65/><T15/><D15/><U37/><E70/><V32/><F32/><W8/><G68/><T4/><REACH who="0" step="1"/><D12/><REACH who="0" ten="357,205,181,247" step="2"/><U80/><E0/><V75/><F20/><W62/><G102/><T35/><D35/><U95/><E11/><V101/><F101/><W118/><G118/><T122/><D122/><U79/><E28/><V124/><F22/><W18/><G8/><T114/><D114/><U99/><E30/><V107/><F115/><W132/><G132/><T54/><D54/><U2/><E2/><V23/><F112/><W59/><G105/><T50/><D50/><U82/><E99/><V97/><F107/><W69/><G51/><T103/><D103/><U98/><E95/><AGARI ba="0,1" hai="1,4,5,6,7,10,36,39,58,61,67,87,91,95" machi="95" ten="40,2600,0" yaku="1,1,52,1,53,0" doraHai="33" doraHaiUra="64" who="0" fromWho="1" sc="357,36,205,-26,181,0,247,0" /><INIT seed="3,0,0,2,2,72" ten="393,179,181,247" oya="3" hai0="111,23,80,51,10,16,99,41,46,97,86,45,30" hai1="130,52,108,88,100,90,115,81,2,66,62,53,43" hai2="94,106,82,12,55,3,50,31,93,64,126,25,65" hai3="120,73,87,91,4,29,122,133,75,74,49,27,1"/><W37/><G37/><T48/><D111/><U59/><E115/><V42/><F3/><W69/><G69/><T125/><D125/><U7/><E108/><V105/><F105/><W24/><G133/><T8/><D30/><U101/><E130/><V135/><F106/><W9/><G49/><T6/><D6/><U132/><E132/><V14/><F135/><W33/><REACH who="3" step="1"/><G27/><REACH who="3" ten="393,179,181,237" step="2"/><N who="0" m="14823" /><D8/><U85/><E43/><V79/><F42/><W18/><G18/><T60/><D10/><U89/><E7/><V36/><F25/><W61/><G61/><T92/><D60/><U102/><E2/><V19/><F19/><W40/><G40/><N who="0" m="24615" /><D92/><AGARI ba="0,1" hai="1,4,9,24,29,33,73,74,75,87,91,92,120,122" machi="92" ten="40,2000,0" yaku="1,1,53,0" doraHai="72" doraHaiUra="98" who="3" fromWho="0" sc="393,-20,179,0,181,0,237,30" /><INIT seed="3,1,0,1,2,105" ten="373,179,181,267" oya="3" hai0="15,18,29,101,73,26,134,66,111,115,122,40,69" hai1="60,47,38,121,95,3,116,39,82,76,109,41,74" hai2="106,31,78,0,120,83,124,86,55,84,37,102,20" hai3="62,75,127,63,12,6,104,123,25,133,61,49,46"/><W90/><G123/><T131/><D122/><U110/><E116/><V132/><F120/><W51/><G104/><T119/><D119/><U79/><E121/><V30/><F0/><W59/><G127/><T67/><D73/><U10/><E79/><V1/><F1/><W81/><G133/><T22/><D134/><U94/><E39/><V21/><F132/><W93/><G59/><T118/><D118/><U53/><E53/><V24/><F37/><W100/><G100/><T103/><D111/><N who="1" m="42507" /><E60/><V50/><F124/><W52/><G25/><T5/><D22/><N who="2" m="8810" /><F106/><W117/><G117/><T58/><D15/><U13/><E3/><V72/><F72/><W68/><G68/><T34/><D18/><AGARI ba="1,0" hai="10,13,18,38,41,47,74,76,82,94,95" m="42507" machi="18" ten="30,2000,0" yaku="14,1,52,1" doraHai="105" who="1" fromWho="0" sc="373,-23,179,23,181,0,267,0" owari="350,45.0,202,-19.8,181,-31.9,267,6.7" /></mjloggm>