<mjloggm ver="2.3"><GO type="225" lobby="0"/><UN n0="%E9%80%86%E9%80%A3%E5%B8%AF%E3%81%AE%E9%AC%BC" n1="%E3%80%93%E3%81%97%E3%83%BC%E3%82%89%E3%80%93" n2="%E3%81%A9%E3%82%8F%E3%82%93%E3%81%94" n3="%E6%9D%B1%E9%A2%A8%E3%81%AE%E3%81%8D%E3%82%83%E3%81%B7%E3%81%95%E3%82%93" dan="16,16,16,17" rate="2137.71,2079.77,2087.38,2226.89" sx="M,M,M,M"/><TAIKYOKU oya="0"/><INIT seed="0,0,0,2,4,79" ten="250,250,250,250" oya="0" hai0="102,109,71,17,115,83,78,13,76,66,75,46,82" hai1="120,93,20,90,54,34,95,41,50,114,18,105,33" hai2="70,125,97,128,131,14,22,99,117,67,116,23,87" hai3="11,15,80,48,35,124,24,132,42,127,126,91,44"/><T29/><D115/><U121/><E105/><V69/><F14/><W123/><G123/><T122/><D122/><U58/><E114/><V25/><F87/><N who="3" m="50663" /><G132/><T110/><D102/><U112/><E112/><V86/><F86/><W0/><G0/><T55/><D29/><U38/><E95/><V96/><F67/><W16/><G24/><T1/><D1/><U3/><E3/><V8/><F8/><W4/><G35/><T77/><D66/><U26/><E34/><V10/><F10/><W113/><G113/><T64/><D64/><U49/><E38/><V21/><F25/><W32/><G32/><T2/><D71/><N who="2" m="27146" /><F125/><W62/><G62/><T57/><D46/><U59/><E33/><V53/><F53/><W133/><G133/><T56/><D2/><U61/><E50/><V100/><F100/><W9/><G9/><T74/><D77/><U89/><E89/><V101/><F101/><W7/><AGARI ba="0,0" hai="4,7,11,15,16,42,44,48,124,126,127" m="50663" machi="7" ten="40,5200,0" yaku="18,1,52,1,54,1" doraHai="79" who="3" fromWho="3" sc="250,-26,250,-13,250,-13,250,52" /><INIT seed="1,0,0,1,4,8" ten="224,237,237,302" oya="1" hai0="24,18,69,28,110,3,98,88,81,74,107,130,53" hai1="68,127,111,126,46,26,44,79,122,21,58,36,31" hai2="48,22,61,86,33,134,0,72,94,106,47,43,128" hai3="35,5,19,10,52,25,71,1,85,89,116,104,2"/><U37/><E68/><V30/><F0/><W57/><G71/><T118/><D118/><U119/><E119/><V64/><F106/><W112/><G104/><T114/><D114/><U20/><E122/><V49/><F72/><W121/><G116/><T45/><D130/><U105/><E105/><V92/><F128/><W6/><G121/><T76/><D110/><U16/><E79/><V62/><F134/><W82/><G112/><T66/><D3/><U103/><E103/><V38/><F33/><W84/><G84/><T67/><D69/><U108/><E58/><V23/><F62/><W129/><G129/><T75/><D75/><U80/><E80/><V39/><F39/><N who="1" m="14921" /><E46/><V97/><F86/><W55/><G57/><T15/><D53/><U59/><E59/><N who="2" m="36927" /><F94/><W78/><G78/><T13/><D45/><U120/><E44/><V91/><F23/><W113/><G113/><T77/><D77/><U60/><E60/><V11/><F38/><W12/><G35/><T115/><D115/><U125/><E120/><V65/><F65/><W90/><G90/><T87/><D107/><U51/><E51/><N who="2" m="27135" /><F11/><W95/><G95/><T93/><D74/><U9/><E9/><V123/><F123/><W17/><G1/><T131/><D131/><U100/><E100/><V42/><F42/><W50/><G2/><T132/><D132/><U109/><E127/><V63/><F63/><W54/><G50/><T96/><D96/><U83/><E83/><V27/><AGARI ba="0,0" hai="22,27,30,48,49,91,92,97" m="27135,36927" machi="27" ten="30,1100,0" yaku="8,1" doraHai="8" who="2" fromWho="2" sc="224,-3,237,-5,237,11,302,-3" /><INIT seed="2,0,0,3,1,93" ten="221,232,248,299" oya="2" hai0="132,87,110,102,127,77,45,65,121,105,14,2,28" hai1="48,35,24,71,131,86,20,42,99,82,6,23,37" hai2="119,44,41,111,32,43,69,114,89,66,92,107,73" hai3="91,33,95,63,72,30,0,60,76,61,78,9,4"/><V83/><F119/><W27/><REACH who="3" step="1"/><G72/><REACH who="3" ten="221,232,248,289" step="2"/><T124/><D124/><U126/><E126/><V104/><F73/><W55/><G55/><T16/><D127/><U62/><E131/><V125/><F125/><W67/><G67/><T118/><D65/><U115/><E115/><V59/><F114/><W17/><G17/><T47/><D16/><U129/><E129/><V85/><F66/><W10/><G10/><T112/><D118/><U90/><E42/><V103/><F43/><W5/><G5/><T51/><D112/><U26/><E6/><V75/><F41/><W57/><G57/><T39/><D47/><U106/><E71/><V1/><F59/><W7/><G7/><T70/><D45/><U34/><E37/><V117/><F44/><W123/><G123/><T134/><D70/><U108/><E108/><V97/><F69/><W11/><G11/><T135/><D110/><U79/><E62/><V38/><F38/><W3/><G3/><T56/><D121/><U29/><E48/><V109/><F117/><W122/><G122/><T68/><D2/><U8/><E8/><V18/><F1/><W52/><G52/><T100/><D68/><U22/><E29/><V36/><F36/><W116/><G116/><T98/><D39/><U88/><E26/><V81/><F18/><W113/><G113/><T50/><D28/><U15/><E24/><V25/><F25/><W128/><G128/><T31/><D31/><U130/><E130/><V53/><F53/><W96/><AGARI ba="0,1" hai="0,4,9,27,30,33,60,61,63,76,78,91,95,96" machi="96" ten="30,8000,1" yaku="21,2,0,1,52,1,53,1" doraHai="93" doraHaiUra="21" who="3" fromWho="3" sc="221,-20,232,-20,248,-40,289,90" /><INIT seed="3,0,0,1,0,5" ten="201,212,208,379" oya="3" hai0="64,35,105,7,63,125,123,31,45,101,2,70,80" hai1="91,1,34,37,110,20,28,46,47,72,102,117,6" hai2="96,79,103,84,33,120,114,112,71,87,129,131,43" hai3="88,78,36,14,38,11,50,104,39,107,134,127,12"/><W76/><G134/><T108/><D123/><U41/><E110/><V8/><F71/><W74/><G127/><T69/><D108/><U61/><E117/><V48/><F33/><W29/><G29/><T21/><D125/><U51/><E34/><V54/><F43/><W22/><G50/><T83/><D70/><U18/><E28/><V118/><F8/><W42/><G42/><T100/><D21/><U4/><E1/><V23/><F23/><W9/><G22/><T119/><D119/><U56/><E72/><V13/><F13/><W90/><G36/><T30/><D45/><N who="1" m="26031" /><E37/><V25/><F25/><W99/><G74/><T27/><D31/><U0/><E0/><V59/><F118/><W73/><G73/><T10/><D101/><U92/><E102/><V60/><F60/><W132/><G132/><T121/><D121/><U16/><E46/><V98/><F120/><W68/><G68/><T95/><D95/><U86/><E47/><V93/><F98/><AGARI ba="0,0" hai="9,11,12,14,38,39,76,78,88,90,98,99,104,107" machi="98" ten="25,12000,1" yaku="22,2,52,2,54,1" doraHai="5" who="3" fromWho="2" sc="201,0,212,0,208,-120,379,120" /><AGARI ba="0,0" hai="2,7,10,27,30,35,63,64,69,80,83,98,100,105" machi="98" ten="40,5200,0" yaku="25,2,52,1" doraHai="5" who="0" fromWho="2" sc="201,52,212,0,88,-52,499,0" owari="253,5.3,212,-18.8,36,-46.4,499,59.9" /></mjloggm>