<mjloggm ver="2.3"><GO type="225" lobby="0"/><UN n0="%E3%81%B2%E3%81%AA%E3%81%AE%E3%82%8A%E3%81%8F" n1="%E6%80%AA%E3%81%97%E3%81%99%E3%81%8E%E3%82%8B%E3%83%81%E3%83%BC" n2="%E5%AF%82%E5%AF%9E%E3%82%AE%E3%83%8D%E3%82%B9%E3%83%93%E3%83%BC%E3%83%AB" n3="%E3%83%AD%E3%83%83%E3%83%86%E9%9B%80%E7%90%83" dan="17,16,16,17" rate="2204.35,2104.49,2155.50,2222.64" sx="M,M,M,M"/><TAIKYOKU oya="0"/><INIT seed="0,0,0,0,3,26" ten="250,250,250,250" oya="0" hai0="113,43,20,62,77,104,53,68,86,17,111,103,101" hai1="45,52,9,12,48,89,109,47,94,119,25,41,80" hai2="33,83,60,108,71,44,39,11,0,81,98,2,107" hai3="10,134,5,95,16,130,127,87,132,69,24,96,92"/><T34/><D113/><U91/><E119/><V14/><F108/><W124/><G69/><T1/><D1/><U30/><E109/><V120/><F120/><W67/><G67/><T85/><D34/><U31/><E25/><V74/><F83/><W36/><G36/><T28/><D43/><U114/><E114/><V116/><F14/><N who="3" m="7255" /><G5/><T65/><D111/><U75/><E75/><V29/><F11/><W22/><G87/><T15/><D28/><N who="1" m="10795" /><E80/><V131/><F116/><W118/><G118/><T88/><D104/><U42/><E45/><V32/><F29/><N who="3" m="17559" /><G92/><T128/><D128/><U19/><E91/><V123/><F131/><W112/><G112/><T90/><D77/><U117/><E117/><V21/><F81/><W126/><G130/><T63/><D90/><AGARI ba="0,0" hai="90,95,96,124,126,127,132,134" m="17559,7255" machi="90" ten="30,3900,0" yaku="18,1,52,1,54,1" doraHai="26" who="3" fromWho="0" sc="250,-39,250,0,250,0,250,39" /><INIT seed="1,0,0,0,3,14" ten="211,250,250,289" oya="1" hai0="114,21,40,24,108,22,86,16,37,29,85,64,5" hai1="122,126,75,19,111,109,129,103,50,1,61,23,2" hai2="31,57,130,13,102,66,7,53,133,88,69,65,58" hai3="49,25,131,46,73,68,54,79,62,98,4,33,81"/><U135/><E122/><V113/><F130/><W123/><G123/><T83/><D114/><U12/><E75/><V87/><F113/><W28/><G131/><T118/><D118/><U44/><E129/><V34/><F69/><W43/><G4/><T89/><D108/><N who="1" m="41547" /><E126/><V78/><F78/><W17/><G98/><T15/><D5/><U42/><E135/><V20/><F102/><W39/><G68/><T6/><D6/><U92/><E61/><V104/><F104/><W63/><REACH who="3" step="1"/><G17/><REACH who="3" ten="211,250,250,279" step="2"/><T106/><D106/><U74/><E74/><V128/><F7/><W51/><G51/><T11/><D64/><U56/><E56/><AGARI ba="0,1" hai="25,28,33,39,43,46,49,54,56,62,63,73,79,81" machi="56" ten="30,2000,0" yaku="1,1,7,1,53,0" doraHai="14" doraHaiUra="82" who="3" fromWho="1" sc="211,0,250,-20,250,0,279,30" /><INIT seed="2,0,0,2,5,125" ten="211,230,250,309" oya="2" hai0="61,16,12,7,41,101,71,15,72,87,134,73,45" hai1="27,76,119,38,121,103,96,40,114,17,14,9,109" hai2="47,83,106,100,126,10,74,29,26,42,48,34,49" hai3="113,4,1,70,22,5,50,69,124,32,86,118,11"/><V90/><F126/><W110/><G32/><T91/><D134/><U111/><E114/><V66/><F66/><W68/><G118/><T129/><D101/><U89/><E119/><V25/><F26/><W131/><G124/><T108/><D108/><N who="1" m="41547" /><E121/><V19/><F106/><W77/><G131/><T31/><D31/><U43/><E76/><V122/><F100/><W82/><G113/><T51/><D129/><U57/><E38/><V62/><F62/><W102/><G5/><T28/><D28/><U75/><E75/><V44/><F122/><W120/><G120/><T23/><D71/><U128/><E89/><V135/><F135/><W59/><G110/><T133/><D133/><U21/><E57/><V55/><F74/><W81/><G102/><T8/><REACH who="0" step="1"/><D61/><REACH who="0" ten="201,230,250,309" step="2"/><U63/><E63/><V58/><F29/><W64/><G69/><T54/><D54/><U52/><E52/><V127/><F127/><W107/><G70/><T104/><D104/><N who="1" m="63591" /><E128/><V56/><F55/><W46/><G68/><T6/><D6/><AGARI ba="0,1" hai="6,9,14,17,21,27,40,43" m="63591,41547" machi="6" ten="30,1000,0" yaku="14,1" doraHai="125" who="1" fromWho="0" sc="201,-10,230,20,250,0,309,0" /><INIT seed="3,0,0,1,1,40" ten="191,250,250,309" oya="3" hai0="44,59,58,76,86,11,85,133,67,95,120,122,98" hai1="103,33,113,1,75,47,51,126,89,90,12,18,16" hai2="63,110,30,121,135,130,112,28,105,54,24,96,52" hai3="32,129,68,81,78,127,36,84,101,114,4,131,109"/><W87/><G127/><T46/><D133/><U43/><E1/><V10/><F112/><W14/><G114/><T100/><D120/><U117/><E113/><V62/><F135/><W13/><G109/><T116/><D116/><U97/><E126/><V6/><F110/><W119/><G119/><T106/><D122/><U102/><E33/><V83/><F121/><W0/><G36/><T93/><D106/><U35/><E35/><V82/><F96/><W77/><G68/><T42/><D42/><U80/><E117/><V107/><F24/><W37/><G37/><T123/><D123/><U70/><E70/><V19/><F19/><N who="1" m="7209" /><E75/><V3/><F10/><N who="3" m="2311" /><G101/><T48/><D11/><U65/><E12/><V8/><F8/><W39/><G39/><T49/><D67/><U61/><E61/><V104/><F104/><W21/><G21/><T72/><D72/><U31/><E31/><V29/><F29/><W69/><G32/><T74/><D74/><U60/><E60/><V66/><F3/><W57/><G69/><T23/><D23/><U134/><E65/><V38/><F38/><W2/><G2/><T50/><D95/><N who="1" m="56559" /><E134/><V34/><F34/><W9/><G9/><T26/><D26/><U128/><E128/><V5/><REACH who="2" step="1"/><F66/><REACH who="2" ten="191,250,240,309" step="2"/><W125/><G125/><T99/><D99/><U45/><E102/><V17/><F17/><W94/><G131/><AGARI ba="0,1" hai="5,6,28,30,52,54,62,63,82,83,105,107,130,131" machi="131" ten="25,12000,2" yaku="1,1,22,2,54,1,53,2" doraHai="40" doraHaiUra="27" who="2" fromWho="3" sc="191,0,250,0,240,130,309,-120" owari="191,-20.9,250,5.0,370,47.0,189,-31.1" /></mjloggm>