<mjloggm ver="2.3"><GO type="225" lobby="0"/><UN n0="%E6%80%AA%E3%81%97%E3%81%99%E3%81%8E%E3%82%8B%E3%83%81%E3%83%BC" n1="%E7%AD%89%E3%80%85%E5%8A%9B%E5%8A%87%E5%A0%B4" n2="%E6%A1%9C%E8%8A%B1%E9%96%83%E3%80%85" n3="%E7%B4%94%E6%BD%94%E3%83%94%E3%83%A9%E3%83%8B%E3%82%A2" dan="16,16,17,17" rate="2134.68,2109.24,2152.54,2209.19" sx="M,M,M,M"/><TAIKYOKU oya="0"/><INIT seed="0,0,0,0,0,122" ten="250,250,250,250" oya="0" hai0="10,130,48,60,87,135,116,5,24,103,76,36,51" hai1="100,9,112,0,4,93,88,53,18,108,106,58,49" hai2="12,127,68,57,63,64,95,110,11,115,55,34,56" hai3="15,2,80,65,133,134,126,8,28,83,98,33,129"/><T6/><D36/><U23/><E112/><V75/><F115/><W77/><G2/><T131/><D116/><U21/><E106/><V82/><F127/><W86/><G126/><T22/><D135/><N who="3" m="51721" /><G129/><N who="0" m="49163" /><D103/><U44/><E100/><V26/><F95/><W39/><G39/><T45/><D60/><U105/><E105/><V128/><F128/><W92/><G65/><T30/><D10/><U72/><E72/><V111/><F26/><N who="3" m="18583" /><G77/><T101/><D101/><U113/><E113/><V125/><F34/><W19/><G86/><T85/><D51/><U20/><E108/><N who="2" m="41515" /><F125/><W119/><G119/><T29/><D29/><U46/><REACH who="1" step="1"/><E18/><REACH who="1" ten="250,240,250,250" step="2"/><N who="2" m="8479" /><F55/><W67/><G67/><T117/><D117/><U13/><E13/><V16/><F16/><W35/><G35/><T61/><D6/><U66/><E66/><V27/><F27/><W70/><G70/><T81/><D5/><U54/><E54/><V32/><F32/><W94/><G19/><T17/><D17/><U109/><E109/><V84/><F75/><W52/><G52/><N who="0" m="29711" /><D61/><U3/><E3/><V120/><F120/><W78/><G8/><T40/><D40/><U99/><AGARI ba="0,1" hai="0,4,9,20,21,23,44,46,49,53,58,88,93,99" machi="99" ten="30,7900,0" yaku="1,1,0,1,54,1,53,1" doraHai="122" doraHaiUra="7" who="1" fromWho="1" sc="250,-39,240,89,250,-20,250,-20" /><INIT seed="1,0,0,1,2,75" ten="211,329,230,230" oya="1" hai0="130,49,55,80,107,93,60,59,122,47,19,120,35" hai1="57,83,127,116,100,32,44,87,22,48,17,26,114" hai2="81,92,41,65,39,2,115,97,25,30,73,88,62" hai3="89,15,104,36,10,82,29,110,112,79,121,117,67"/><U45/><E114/><V31/><F2/><W113/><G121/><N who="0" m="46699" /><D107/><U84/><E116/><V58/><F115/><W91/><G117/><T96/><D35/><U86/><E127/><V50/><F39/><W43/><G104/><T21/><D80/><U131/><E131/><V23/><F73/><W66/><G110/><T135/><D135/><U129/><E129/><V118/><F118/><W61/><G66/><T111/><D111/><U4/><E32/><V3/><F3/><W105/><G105/><T77/><D77/><U38/><E38/><V108/><F81/><W132/><G29/><T13/><D130/><U102/><E4/><V37/><F37/><W5/><G132/><T24/><D13/><U9/><E9/><V101/><F108/><W72/><G112/><T71/><D71/><U99/><E83/><V85/><F31/><W0/><G15/><T52/><D93/><U133/><E133/><V42/><REACH who="2" step="1"/><F50/><REACH who="2" ten="211,329,220,230" step="2"/><W34/><G113/><T90/><D96/><U8/><E99/><V14/><F14/><W109/><G109/><T18/><D90/><U33/><E102/><V76/><F76/><W128/><G128/><T98/><D98/><U134/><E100/><V7/><F7/><W27/><G27/><T20/><D19/><U69/><E17/><V119/><F119/><W51/><G51/><T6/><D6/><U16/><E48/><V46/><F46/><N who="3" m="23911" /><G34/><T124/><D124/><U106/><E33/><V64/><F64/><W78/><G78/><T103/><D103/><U12/><E26/><V28/><F28/><W94/><G94/><T125/><D125/><RYUUKYOKU ba="0,1" sc="211,10,329,-30,220,10,230,10" hai0="18,20,21,24,47,49,52,55,59,60" hai2="23,25,30,41,42,58,62,65,85,88,92,97,101" hai3="0,5,10,61,67,72,79,82,89,91" /><INIT seed="2,1,1,2,4,32" ten="221,299,230,240" oya="2" hai0="129,11,113,87,127,80,73,26,48,116,68,1,8" hai1="24,63,44,40,16,94,88,20,84,18,19,17,121" hai2="67,124,34,22,135,133,45,62,132,108,25,93,98" hai3="82,23,9,56,100,95,12,72,109,61,6,81,41"/><V43/><F34/><W83/><G109/><T77/><D113/><U79/><E121/><V76/><F124/><W105/><G105/><T58/><D68/><U114/><E114/><V28/><F76/><W75/><G41/><T106/><D106/><U7/><E79/><V47/><F108/><W3/><G100/><T64/><D127/><U78/><E78/><V46/><F43/><W0/><G95/><T21/><D129/><U107/><E107/><V102/><REACH who="2" step="1"/><F45/><REACH who="2" ten="221,299,220,240" step="2"/><W99/><G99/><T89/><D116/><U104/><E44/><V50/><F50/><W10/><G75/><T117/><D117/><U4/><E40/><V74/><F74/><W112/><G72/><T119/><D119/><U52/><E104/><V110/><F110/><W39/><G39/><T14/><D48/><U53/><E63/><V36/><F36/><W31/><G112/><T54/><D73/><U134/><E134/><V70/><AGARI ba="1,2" hai="22,25,28,46,47,62,67,70,93,98,102,132,133,135" machi="70" ten="30,6000,0" yaku="1,1,0,1,20,1,53,0" doraHai="32" doraHaiUra="111" who="2" fromWho="2" sc="221,-21,299,-21,220,83,240,-21" /><INIT seed="2,2,0,4,4,41" ten="200,278,303,219" oya="2" hai0="73,13,35,91,69,102,60,8,121,6,37,99,79" hai1="122,51,0,78,110,28,16,11,1,67,103,20,92" hai2="33,32,3,59,46,89,52,104,107,80,75,84,44" hai3="94,133,25,9,4,132,125,64,36,39,66,120,93"/><V71/><F71/><W40/><G25/><T74/><D121/><U111/><E28/><V116/><F116/><W26/><G26/><T57/><D35/><U86/><E67/><N who="3" m="25642" /><G120/><T49/><D37/><N who="3" m="14409" /><G40/><T72/><D69/><U17/><E122/><V76/><F3/><W45/><G45/><T55/><D60/><U23/><E103/><V126/><F126/><W14/><G125/><T123/><D123/><U68/><E68/><V118/><F118/><W83/><G83/><T34/><D34/><U47/><E92/><V43/><F43/><W62/><G62/><T81/><REACH who="0" step="1"/><D91/><REACH who="0" ten="190,278,303,219" step="2"/><U97/><E111/><V61/><F32/><W131/><G131/><T63/><D63/><U18/><E110/><V53/><F33/><W96/><G96/><T88/><D88/><U56/><E97/><V114/><F89/><W2/><G2/><T50/><D50/><U70/><E51/><V112/><F61/><W7/><G7/><T128/><D128/><U106/><E0/><V21/><F112/><W117/><G117/><T77/><D77/><U95/><E78/><V98/><F114/><W130/><G130/><T90/><D90/><U5/><E5/><V134/><F98/><W135/><AGARI ba="2,1" hai="4,9,14,93,94,132,133,135" m="14409,25642" machi="135" ten="40,1500,0" yaku="20,1" doraHai="41" who="3" fromWho="3" sc="190,-6,278,-6,303,-9,219,31" /><INIT seed="3,0,0,5,2,110" ten="184,272,294,250" oya="3" hai0="14,79,132,33,15,100,30,106,99,62,32,70,46" hai1="135,41,67,130,40,38,83,107,50,57,64,59,125" hai2="113,47,114,82,44,11,2,95,19,22,35,8,123" hai3="129,16,92,128,54,63,127,56,12,31,17,29,91"/><W0/><G0/><T9/><D132/><U72/><E107/><V133/><F35/><W77/><G77/><T108/><D108/><U27/><E72/><V43/><F133/><W48/><G127/><T103/><D103/><U119/><E135/><V71/><F71/><W120/><G120/><T34/><D79/><U3/><E3/><V74/><F95/><W51/><G51/><T55/><D46/><N who="1" m="25927" /><E27/><V45/><F123/><W5/><G5/><T20/><D55/><U58/><E83/><V60/><F60/><W49/><G49/><T13/><D20/><U36/><E130/><N who="3" m="50282" /><G17/><T116/><D116/><U61/><E125/><V28/><F43/><W39/><G39/><N who="1" m="14890" /><E119/><V23/><F19/><W88/><G63/><T1/><D1/><U87/><E87/><V109/><F2/><W75/><G75/><T122/><D122/><U66/><E41/><V21/><F109/><W4/><G4/><T118/><D118/><U26/><E26/><V84/><F74/><W78/><G78/><T73/><D73/><U104/><E104/><V117/><F117/><W115/><G115/><T65/><REACH who="0" step="1"/><D30/><REACH who="0" ten="174,272,294,250" step="2"/><N who="3" m="11273" /><G92/><T85/><D85/><U76/><E76/><N who="2" m="46151" /><F28/><W98/><G98/><T81/><D81/><U101/><E101/><V134/><F134/><W24/><G24/><T121/><D121/><U126/><E126/><V6/><F8/><AGARI ba="0,1" hai="8,12,16,48,54,56,88,91" m="11273,50282" machi="8" ten="30,5800,0" yaku="19,1,54,2" doraHai="110" who="3" fromWho="2" sc="174,0,272,0,294,-58,250,68" /><AGARI ba="0,0" hai="8,9,13,14,15,32,33,34,62,65,70,99,100,106" machi="8" ten="50,1600,0" yaku="1,1,53,0" doraHai="110" doraHaiUra="90" who="0" fromWho="2" sc="174,16,272,0,236,-16,318,0" owari="190,-31.0,272,7.2,220,-18.0,318,41.8" /></mjloggm>