<mjloggm ver="2.3"><GO type="225" lobby="0"/><UN n0="%E3%81%8F%E3%81%BE%E3%81%96%E3%82%8F" n1="%72%69%6F%75%63%68%61%6E" n2="%E9%80%9F%E6%B0%B4%E5%87%9B%E9%A6%99" n3="%72%61%6B%33" dan="16,17,16,16" rate="2044.82,2276.77,2145.77,2178.67" sx="M,M,F,M"/><TAIKYOKU oya="0"/><INIT seed="0,0,0,5,3,85" ten="250,250,250,250" oya="0" hai0="112,84,135,2,131,33,53,40,35,67,16,83,74" hai1="119,15,82,24,89,13,130,11,111,128,125,52,102" hai2="70,60,93,69,48,37,26,110,7,22,45,87,38" hai3="132,96,122,76,28,114,14,4,27,1,95,71,55"/><T79/><D79/><U129/><E111/><V57/><F7/><W18/><G114/><T86/><D112/><U134/><E119/><V50/><F22/><W44/><G132/><T88/><D2/><U5/><E125/><V103/><F103/><W113/><G113/><T68/><D74/><U64/><E134/><V80/><F93/><W106/><G71/><N who="2" m="27145" /><F87/><W92/><G122/><T39/><D135/><U90/><E64/><N who="2" m="38927" /><F80/><W123/><G123/><T75/><D75/><U73/><E102/><V124/><F26/><W126/><G126/><T20/><D84/><U97/><E24/><V61/><F124/><W9/><G76/><T117/><D117/><U108/><E108/><V58/><F110/><W118/><G118/><T6/><D6/><U62/><E97/><V116/><F116/><W63/><G106/><T105/><D105/><U19/><E73/><V107/><F107/><W36/><G36/><N who="2" m="13929" /><F45/><W56/><G44/><T34/><D35/><U98/><E82/><V51/><F51/><W81/><G81/><T66/><D34/><U104/><E98/><V31/><F31/><W65/><G96/><T94/><D33/><U23/><E104/><V133/><F133/><W46/><G1/><T47/><D83/><U43/><E130/><V12/><F12/><W30/><G4/><T32/><D131/><U10/><E129/><V99/><F99/><W78/><G78/><T100/><D100/><U109/><E128/><V101/><F101/><W72/><G72/><T0/><D32/><U17/><E109/><V121/><F121/><W41/><G30/><T29/><D29/><RYUUKYOKU ba="0,0" sc="250,-10,250,-10,250,30,250,-10" hai2="48,50,58,61" /><INIT seed="1,1,0,0,5,63" ten="240,240,280,240" oya="1" hai0="4,79,32,11,87,99,29,127,1,54,33,76,25" hai1="46,133,82,114,17,40,91,95,2,129,43,107,24" hai2="0,61,93,89,66,110,104,30,50,55,113,101,75" hai3="20,81,123,108,96,116,135,83,7,74,23,6,58"/><U94/><E114/><V70/><F0/><W13/><G123/><T73/><D127/><U19/><E107/><V88/><F75/><W48/><G108/><T103/><D73/><U132/><E129/><V49/><F49/><W37/><G37/><T97/><D33/><U105/><E105/><V14/><F110/><W65/><G135/><N who="1" m="51786" /><E2/><V72/><F72/><W106/><G116/><T16/><D87/><N who="1" m="50679" /><E40/><V57/><F113/><W60/><G48/><T102/><D54/><U109/><E109/><V124/><F124/><W68/><G68/><T3/><D3/><U9/><E24/><V27/><F14/><W117/><G117/><T59/><D79/><U56/><E56/><V34/><F93/><N who="1" m="35337" /><E9/><V122/><F122/><W118/><G118/><T128/><D59/><U38/><AGARI ba="1,0" hai="17,19,38,43,46" m="35337,50679,51786" machi="38" ten="30,1500,0" yaku="20,1" doraHai="63" who="1" fromWho="1" sc="240,-6,240,18,280,-6,240,-6" /><INIT seed="1,2,0,4,4,113" ten="234,258,274,234" oya="1" hai0="29,103,88,1,86,78,38,26,89,74,111,4,13" hai1="53,99,0,134,94,97,3,69,9,125,12,87,59" hai2="121,23,84,31,34,54,107,123,14,124,65,58,91" hai3="39,48,109,131,133,11,60,6,128,67,104,98,27"/><U21/><E125/><V101/><F107/><W33/><G39/><T85/><D38/><U37/><E134/><V100/><F124/><W72/><G48/><T73/><D1/><U51/><E69/><V110/><F110/><W46/><G46/><T63/><D111/><U70/><E70/><V24/><F65/><W81/><G109/><T30/><D78/><U28/><E37/><V114/><F114/><W55/><G55/><T127/><D127/><U90/><E28/><V117/><F117/><W64/><G64/><T32/><D103/><U135/><E135/><V68/><F68/><N who="3" m="42087" /><G133/><T115/><D115/><U19/><REACH who="1" step="1"/><E0/><REACH who="1" ten="234,248,274,234" step="2"/><V17/><F123/><W15/><G131/><T96/><D29/><U40/><E40/><V8/><F121/><W132/><G128/><T66/><D30/><U5/><AGARI ba="2,1" hai="3,5,9,12,19,21,51,53,59,87,90,94,97,99" machi="5" ten="30,11700,0" yaku="1,1,0,1,25,2,53,0" doraHai="113" doraHaiUra="61" who="1" fromWho="1" sc="234,-41,248,133,274,-41,234,-41" /><INIT seed="1,3,0,3,4,66" ten="193,381,233,193" oya="1" hai0="53,129,2,65,22,14,58,35,94,70,114,32,87" hai1="9,89,13,83,39,15,109,56,104,37,123,30,93" hai2="82,3,4,34,85,5,133,64,105,61,45,0,10" hai3="74,8,33,134,91,78,110,112,18,51,26,69,21"/><U128/><E128/><V57/><F105/><W38/><G112/><T88/><D2/><U67/><E123/><V132/><F34/><W97/><G38/><T86/><D114/><U96/><E109/><V17/><F17/><W80/><G110/><T108/><D108/><U106/><E30/><V19/><F19/><W71/><G134/><N who="2" m="51817" /><F45/><W113/><G113/><T95/><D129/><U27/><E27/><V121/><F121/><W99/><G33/><T43/><D32/><U7/><E15/><N who="2" m="5575" /><F5/><W98/><G91/><AGARI ba="3,0" hai="0,3,57,61,64,82,85,91" m="5575,51817" machi="91" ten="30,1000,0" yaku="20,1" doraHai="66" who="2" fromWho="3" sc="193,0,381,0,233,19,193,-19" /><INIT seed="2,0,0,4,0,2" ten="193,381,252,174" oya="2" hai0="28,21,36,114,5,71,82,115,84,50,131,104,121" hai1="26,60,123,49,70,41,53,6,16,98,69,59,51" hai2="112,102,64,95,135,97,54,1,77,12,27,96,81" hai3="91,8,14,122,57,52,19,45,127,46,56,32,63"/><V75/><F1/><W113/><G122/><T109/><D36/><U4/><E123/><V125/><F112/><W100/><G113/><T79/><D121/><U9/><E98/><V119/><F119/><W31/><G127/><T88/><D71/><U94/><E94/><V55/><F135/><W74/><G74/><T92/><D109/><U17/><E70/><V58/><F125/><W61/><G100/><T106/><D131/><U10/><E69/><V24/><F64/><W0/><G0/><T33/><D33/><U42/><E60/><V35/><F35/><W105/><G105/><T99/><D50/><U103/><E103/><V11/><F97/><W43/><G43/><N who="1" m="16394" /><E49/><V132/><F132/><W48/><G48/><T134/><D134/><U38/><E38/><V20/><F54/><W129/><G129/><T47/><D47/><U37/><E37/><V93/><F93/><W22/><G32/><T66/><D66/><U7/><E17/><V40/><F40/><W128/><G91/><T78/><D106/><U18/><E16/><V86/><F75/><W73/><G73/><N who="0" m="43343" /><D79/><U72/><E72/><V118/><F118/><W90/><G90/><T89/><D104/><U124/><E124/><V101/><F101/><W117/><G117/><T15/><D89/><U67/><E67/><V44/><F44/><W39/><G39/><T62/><D99/><U34/><E34/><V130/><F130/><W68/><G68/><T65/><D65/><U13/><E26/><V126/><F126/><W29/><G128/><T80/><D92/><U30/><E30/><N who="3" m="11274" /><G22/><AGARI ba="0,0" hai="4,6,7,9,10,13,18,22,51,53,59" m="16394" machi="22" ten="30,7700,0" yaku="8,1,52,3" doraHai="2" who="1" fromWho="3" sc="193,0,381,77,252,0,174,-77" /><INIT seed="3,0,0,4,0,10" ten="193,458,252,97" oya="3" hai0="120,20,56,74,38,12,46,79,75,66,124,68,108" hai1="42,14,7,26,8,19,100,64,18,80,30,28,123" hai2="129,31,105,21,126,77,121,135,44,48,61,132,96" hai3="22,78,39,89,72,70,134,25,87,43,11,54,65"/><W37/><G134/><T53/><D120/><U0/><E123/><V103/><F77/><W90/><G72/><T125/><D79/><U95/><E64/><V60/><F126/><N who="0" m="48746" /><D108/><U17/><E42/><V1/><F1/><W59/><G78/><T109/><D109/><U4/><E80/><V47/><F47/><W62/><G11/><T107/><D107/><U106/><E106/><V69/><F69/><W131/><G131/><T67/><D12/><N who="1" m="7303" /><E0/><V71/><F71/><W50/><G87/><T3/><D20/><N who="1" m="13591" /><E100/><V128/><F121/><W112/><G112/><T29/><D29/><N who="1" m="11371" /><E95/><V99/><F103/><W41/><G41/><N who="0" m="22839" /><D3/><U115/><E115/><V52/><F105/><W101/><G101/><T27/><D68/><U98/><E98/><V49/><F99/><W55/><G55/><T34/><D66/><U133/><E133/><V93/><F96/><W81/><G81/><T92/><D67/><U86/><E86/><V24/><F93/><W88/><REACH who="3" step="1"/><G43/><REACH who="3" ten="193,458,252,87" step="2"/><T5/><D92/><U63/><E63/><V23/><F135/><W113/><G113/><T57/><D53/><U32/><E32/><V16/><F132/><W118/><G118/><T119/><D119/><U15/><E4/><V122/><F122/><W104/><G104/><T45/><D5/><U110/><E7/><V40/><F129/><W73/><G73/><T13/><D74/><U117/><E117/><V6/><F6/><W102/><G102/><T36/><D75/><U97/><E110/><V82/><F128/><W51/><G51/><T33/><D36/><U116/><E116/><V85/><F40/><RYUUKYOKU ba="0,1" sc="193,-10,458,-10,252,-10,87,30" hai3="22,25,37,39,50,54,59,62,65,70,88,89,90" /><INIT seed="3,1,1,5,3,81" ten="183,448,242,117" oya="3" hai0="77,78,48,117,118,57,74,108,83,53,98,79,39" hai1="115,75,26,22,89,104,64,36,50,45,105,65,33" hai2="128,4,30,130,113,54,133,131,134,44,56,80,21" hai3="103,73,12,126,51,63,135,84,14,127,31,58,121"/><W90/><G73/><T38/><D108/><U122/><E33/><V61/><F4/><W20/><G121/><T109/><D109/><U29/><E122/><V129/><F129/><W59/><G135/><N who="2" m="51721" /><F113/><W76/><G76/><T110/><D110/><U91/><E36/><V23/><F30/><W37/><G37/><T18/><D79/><U40/><E75/><V16/><F80/><N who="3" m="49415" /><G103/><T13/><D78/><U114/><E105/><V34/><F34/><W2/><G2/><T19/><D39/><U0/><E104/><V125/><F125/><N who="3" m="47627" /><G51/><T85/><D38/><U60/><E0/><V94/><F94/><W9/><G9/><T8/><D74/><U107/><E107/><V43/><F23/><W106/><G106/><T92/><D118/><U24/><E24/><N who="2" m="14375" /><F131/><W116/><G116/><T119/><D19/><U7/><E115/><V95/><F95/><W100/><G100/><AGARI ba="1,1" hai="8,13,18,48,53,57,77,83,85,92,98,100,117,119" machi="100" ten="30,2000,0" yaku="7,1,52,1" doraHai="81" who="0" fromWho="3" sc="183,33,448,0,242,0,117,-23" owari="216,-18.4,448,54.8,242,4.2,94,-40.6" /></mjloggm>