<mjloggm ver="2.3"><GO type="225" lobby="0"/><UN n0="%E3%82%BF%E3%83%BC%E3%83%90%E3%83%B3%E9%87%8E%E5%8F%A3" n1="%33%74%72%65%65" n2="%E3%81%BF%E3%81%BF%E3%81%9A" n3="%E6%A0%B9%E5%85%83%E3%81%8B%E3%82%89%E5%90%B9%E3%81%A3%E9%A3%9B%E3%81%B6" dan="16,16,17,17" rate="2096.16,2068.08,2276.86,2199.25" sx="M,F,M,F"/><TAIKYOKU oya="0"/><INIT seed="0,0,0,2,0,101" ten="250,250,250,250" oya="0" hai0="81,57,22,76,104,135,123,133,119,19,114,33,122" hai1="73,68,50,103,39,37,7,134,63,34,12,42,69" hai2="90,77,130,35,88,28,43,41,56,80,58,46,45" hai3="83,91,121,93,24,105,55,0,71,87,108,115,1"/><T25/><D119/><U14/><E73/><V116/><F35/><W23/><G115/><T66/><D114/><U29/><E134/><N who="0" m="51209" /><D33/><U64/><E68/><V127/><F28/><W65/><G121/><T110/><D110/><U75/><E75/><V89/><F116/><W60/><G108/><T113/><D113/><U44/><E103/><V11/><F11/><W30/><G105/><T70/><D70/><U82/><E82/><V102/><F102/><W97/><REACH who="3" step="1"/><G55/><REACH who="3" ten="250,250,250,240" step="2"/><T117/><D117/><U52/><E7/><V15/><F130/><W112/><G112/><T106/><D122/><U94/><E94/><V9/><F127/><W109/><G109/><T53/><D123/><U40/><E40/><V99/><F43/><W16/><G16/><T128/><D128/><U95/><E95/><V26/><F41/><W96/><G96/><T32/><D32/><U59/><E39/><V61/><F99/><W62/><G62/><N who="0" m="38223" /><D53/><U48/><E48/><V51/><F61/><W18/><G18/><T67/><D67/><U129/><E129/><V124/><F124/><W98/><G98/><T74/><AGARI ba="0,1" hai="19,22,25,74,76,81,104,106" m="38223,51209" machi="74" ten="30,6000,0" yaku="20,1,52,2" doraHai="101" who="0" fromWho="0" sc="250,70,250,-20,250,-20,240,-20" /><INIT seed="0,1,0,5,2,1" ten="320,230,230,220" oya="0" hai0="21,56,13,54,32,5,102,67,7,66,23,122,79" hai1="121,73,115,91,2,135,62,48,18,29,27,15,50" hai2="108,61,10,20,95,65,38,123,94,9,39,98,14" hai3="112,35,119,22,64,109,107,130,41,125,77,3,0"/><T127/><D122/><U82/><E121/><V86/><F123/><W25/><G112/><T92/><D32/><U49/><E135/><V8/><F108/><W17/><G119/><T129/><D79/><U85/><E115/><V6/><F86/><W84/><G109/><T128/><D127/><U117/><E117/><V44/><F94/><W75/><G125/><T111/><D111/><U76/><E2/><V124/><F124/><W89/><G130/><N who="0" m="50283" /><D92/><U60/><E15/><V83/><F83/><W74/><G107/><T88/><D88/><U57/><E18/><V71/><F44/><W37/><G64/><N who="0" m="24619" /><D102/><U30/><E91/><V105/><F105/><W87/><G35/><T134/><D134/><U120/><E120/><V45/><F20/><N who="0" m="7754" /><D13/><U34/><E34/><V55/><F39/><W118/><G84/><T58/><D58/><U126/><E57/><V70/><F71/><W42/><G77/><T69/><D69/><U53/><E85/><V46/><F46/><W90/><G118/><T78/><D78/><U40/><E76/><V96/><F96/><W133/><G133/><T110/><D110/><U28/><E126/><V97/><F97/><W11/><G87/><T43/><D43/><U72/><E40/><V93/><F38/><W59/><G37/><T104/><D104/><U101/><E101/><N who="2" m="60623" /><F95/><W51/><G0/><T33/><D33/><U19/><E72/><N who="3" m="27690" /><G90/><T114/><D114/><U81/><E73/><V100/><F100/><W4/><G89/><T132/><D132/><U26/><E81/><V80/><F80/><W52/><G22/><T36/><D36/><RYUUKYOKU ba="1,0" sc="320,10,230,-30,230,10,220,10" hai0="5,7,54,56" hai2="6,8,9,10,14,45,55,61,65,70" hai3="3,4,11,17,25,41,42,51,52,59" /><INIT seed="0,2,0,5,0,77" ten="330,200,240,230" oya="0" hai0="47,130,91,81,95,101,112,123,131,32,111,35,10" hai1="94,15,90,16,33,57,46,21,31,92,120,5,42" hai2="12,113,133,124,37,80,129,13,84,56,126,2,118" hai3="6,96,75,23,93,119,72,89,128,40,24,100,132"/><T60/><D123/><U115/><E120/><V4/><F113/><W1/><G119/><T135/><D112/><U18/><E115/><V11/><F37/><W76/><G128/><N who="0" m="49195" /><D135/><U88/><E33/><N who="0" m="12873" /><D111/><U45/><E31/><V50/><F129/><W53/><G132/><T28/><D28/><U69/><E69/><V22/><F133/><W74/><G40/><T127/><D127/><N who="2" m="48682" /><F118/><W105/><G53/><T109/><D109/><U49/><E5/><V29/><F22/><W70/><G70/><T79/><D10/><N who="1" m="6263" /><E45/><V43/><F29/><W27/><G23/><T3/><D47/><U64/><E64/><V85/><F85/><W17/><G17/><T116/><D60/><U66/><E66/><V108/><F108/><W58/><G27/><T114/><D116/><U104/><E104/><V86/><F86/><N who="3" m="52407" /><G24/><T65/><D114/><U68/><E68/><V97/><F97/><W63/><G74/><T125/><D65/><U83/><E21/><V14/><F43/><W59/><G75/><T51/><D125/><U41/><E41/><V73/><F73/><W102/><G72/><T30/><D30/><U26/><E42/><V9/><F9/><W52/><G96/><T134/><D134/><U25/><E25/><V20/><F20/><W78/><G105/><T39/><D39/><U7/><E26/><V117/><F117/><W71/><G71/><T107/><D107/><U48/><E46/><V34/><F34/><W44/><G44/><T62/><D62/><U110/><E110/><V0/><F56/><N who="3" m="35207" /><G1/><N who="2" m="617" /><F50/><N who="1" m="19561" /><E57/><N who="3" m="21514" /><G6/><T87/><D3/><U106/><E106/><V61/><F61/><RYUUKYOKU ba="2,0" sc="330,-15,200,-15,240,15,230,15" hai2="4,11,12,13,14,80,84" hai3="76,78,100,102" /><INIT seed="1,3,0,5,2,12" ten="315,185,255,245" oya="1" hai0="52,114,2,25,69,54,83,96,26,86,98,100,9" hai1="6,73,89,45,35,62,97,123,61,59,48,115,44" hai2="42,87,38,101,68,49,129,32,130,51,94,133,31" hai3="121,41,57,119,128,58,106,17,134,78,18,39,79"/><U33/><E115/><V74/><F74/><W60/><G121/><T47/><D114/><U36/><E123/><V29/><F68/><W70/><G128/><N who="2" m="49257" /><F133/><W27/><G119/><T63/><D98/><U120/><E120/><V135/><F135/><W117/><G106/><T107/><D54/><U104/><E73/><V11/><F11/><W16/><G134/><T102/><D102/><U1/><E36/><V109/><F109/><W22/><G117/><T105/><D105/><U37/><E37/><V46/><F87/><W72/><G70/><T43/><D69/><U21/><E1/><V84/><F84/><W111/><G111/><T76/><D43/><U91/><E6/><V67/><F67/><N who="3" m="39311" /><G39/><T112/><D112/><U85/><E85/><V40/><F32/><W34/><G34/><T82/><D82/><U23/><E33/><V8/><F8/><W65/><G72/><T50/><REACH who="0" step="1"/><D63/><REACH who="0" ten="305,185,255,245" step="2"/><U20/><E62/><V28/><F40/><W10/><G41/><T24/><D24/><U108/><E61/><V90/><F90/><W113/><G113/><T88/><D88/><U7/><E91/><V127/><F127/><W13/><G79/><T14/><D14/><U77/><E89/><V55/><F55/><W95/><G78/><T56/><D56/><U124/><E77/><V3/><F3/><W131/><G131/><T103/><D103/><N who="1" m="62575" /><E124/><V110/><F110/><W92/><G58/><T75/><D75/><U126/><E126/><V118/><F118/><W19/><G65/><T0/><D0/><U4/><E108/><V53/><F53/><W93/><AGARI ba="3,1" hai="10,13,16,17,18,19,22,27,92,93,95" m="39311" machi="93" ten="30,12000,2" yaku="5,1,8,1,52,4,54,1" doraHai="12" who="3" fromWho="3" sc="305,-33,185,-63,255,-33,245,139" /><INIT seed="2,0,0,3,3,16" ten="272,122,222,384" oya="2" hai0="116,73,67,36,35,117,76,107,8,94,24,14,22" hai1="100,3,27,70,122,49,31,80,98,120,48,57,110" hai2="60,119,18,51,99,108,10,79,58,78,20,19,42" hai3="37,6,69,44,75,85,89,62,41,114,7,133,52"/><V63/><F119/><N who="0" m="45642" /><D107/><U105/><E70/><V113/><F113/><W106/><G133/><T61/><D36/><U21/><E3/><V88/><F108/><W68/><G75/><T118/><N who="0" m="45650" /><T128/><DORA hai="77" /><D128/><U12/><E110/><V86/><F99/><W95/><G114/><T92/><D35/><U38/><E38/><V59/><F10/><W66/><G106/><T104/><D104/><U45/><E57/><N who="2" m="21515" /><F18/><W115/><G115/><T54/><D54/><U15/><E49/><V91/><F79/><W53/><G69/><N who="0" m="42223" /><D76/><U111/><E111/><V65/><F78/><W32/><G32/><T72/><D72/><U123/><REACH who="1" step="1"/><E80/><REACH who="1" ten="272,112,222,384" step="2"/><N who="2" m="49223" /><F65/><W81/><G66/><T5/><D73/><U82/><E82/><V83/><F51/><W132/><G68/><T55/><D55/><AGARI ba="0,1" hai="12,15,21,27,31,45,48,55,98,100,105,120,122,123" machi="55" ten="40,8000,1" yaku="1,1,13,1,52,1,53,1" doraHai="16,77" doraHaiUra="26,124" who="1" fromWho="0" sc="272,-80,112,90,222,0,384,0" /><INIT seed="3,0,0,0,5,33" ten="192,202,222,384" oya="3" hai0="84,124,128,130,113,73,58,93,96,8,106,12,75" hai1="37,109,28,101,50,67,2,92,94,119,19,99,114" hai2="45,47,66,112,88,3,117,52,135,123,59,85,111" hai3="17,48,29,11,57,32,87,107,80,41,14,81,9"/><W76/><G107/><T129/><D113/><U46/><E114/><V56/><F117/><W1/><G32/><T0/><D124/><U82/><E119/><V133/><F112/><W44/><G29/><T98/><D0/><U60/><E37/><V22/><F111/><W49/><G1/><T110/><D110/><U132/><E109/><V122/><F3/><W42/><G81/><T39/><D39/><U70/><E2/><V115/><F22/><N who="3" m="11575" /><G57/><N who="2" m="22089" /><F66/><W116/><G116/><T127/><D127/><U103/><E28/><V21/><F21/><W40/><G49/><T31/><D31/><U74/><E132/><N who="2" m="50763" /><F115/><W55/><AGARI ba="0,0" hai="9,11,40,41,42,44,48,55,76,80,87" m="11575" machi="55" ten="30,1500,0" yaku="8,1" doraHai="33" who="3" fromWho="3" sc="192,-5,202,-5,222,-5,384,15" owari="187,-31.3,197,-20.3,217,1.7,399,49.9" /></mjloggm>