<mjloggm ver="2.3"><GO type="225" lobby="0"/><UN n0="%E3%82%A2%E3%83%A1%E3%82%A2%E3%83%A9%E3%83%AC" n1="%E8%83%83%E3%81%A8%E8%85%B8" n2="%E3%83%A2%E3%83%B3%E3%82%AD%E3%83%BC%E3%83%88%E3%83%AA%E3%83%83%E3%82%AF" n3="%E3%81%BF%E3%81%BF%E3%81%9A" dan="16,16,17,18" rate="2170.24,2141.74,2203.62,2260.75" sx="M,M,M,M"/><TAIKYOKU oya="0"/><INIT seed="0,0,0,2,1,13" ten="250,250,250,250" oya="0" hai0="128,130,106,3,67,81,119,17,82,40,10,113,53" hai1="8,30,20,102,129,44,6,41,32,11,22,16,101" hai2="43,69,51,23,72,120,49,91,104,70,125,36,60" hai3="133,94,14,52,124,25,88,126,21,89,99,96,24"/><T74/><D113/><U55/><E129/><N who="0" m="49769" /><D119/><U58/><E32/><V105/><F72/><W63/><G133/><T34/><D106/><U76/><E76/><V2/><F2/><W84/><G14/><N who="0" m="7383" /><D3/><U71/><E71/><V15/><F120/><W127/><G25/><T90/><D34/><U73/><E73/><V123/><F123/><W61/><G52/><T37/><D67/><U78/><E78/><V108/><F105/><W109/><G109/><T19/><D74/><U77/><E77/><V12/><F104/><W85/><G99/><T132/><D90/><U111/><E111/><V31/><F91/><W92/><G96/><T5/><D5/><U47/><E6/><V7/><F7/><W57/><G57/><T100/><D100/><U4/><E4/><V87/><F70/><W114/><G114/><T110/><D132/><U131/><E131/><V9/><F69/><W62/><REACH who="3" step="1"/><G126/><REACH who="3" ten="250,250,250,240" step="2"/><T122/><D110/><U50/><E102/><V45/><F12/><W1/><G1/><T79/><D53/><U56/><E101/><V134/><F15/><W46/><G46/><N who="0" m="23823" /><D122/><U42/><E55/><V0/><F108/><W93/><G93/><T66/><D66/><U83/><E41/><V64/><F0/><W98/><G98/><T48/><D82/><U95/><E83/><V97/><F43/><W35/><G35/><T68/><D68/><U38/><E95/><V39/><F125/><W117/><G117/><T27/><D81/><U54/><E58/><V80/><F134/><W118/><G118/><T107/><D107/><U115/><E56/><V121/><F121/><RYUUKYOKU ba="0,1" sc="250,-10,250,-10,250,-10,240,30" hai3="21,24,61,62,63,84,85,88,89,92,94,124,127" /><INIT seed="1,1,1,1,2,133" ten="240,240,240,270" oya="1" hai0="3,75,113,118,99,29,97,1,52,28,41,81,128" hai1="38,116,8,98,30,127,44,27,78,69,34,55,120" hai2="135,125,82,23,60,73,109,124,95,53,101,94,117" hai3="111,79,77,105,130,48,131,15,61,11,13,119,58"/><U42/><E116/><V126/><F109/><W17/><G119/><T96/><D118/><U7/><E120/><V84/><F117/><W74/><G111/><T22/><D113/><U14/><E69/><V83/><F60/><W115/><G115/><T121/><D41/><U66/><E66/><V0/><F0/><W104/><G48/><T2/><D128/><N who="3" m="49193" /><G15/><T107/><D107/><N who="3" m="41033" /><G74/><T90/><D121/><U85/><E98/><N who="2" m="59607" /><F23/><W122/><G122/><T110/><D110/><U62/><E62/><V32/><F53/><AGARI ba="1,1" hai="11,13,17,53,58,61,77,79" m="41033,49193" machi="53" ten="30,1000,0" yaku="19,1" doraHai="133" who="3" fromWho="2" sc="240,0,240,0,240,-13,270,23" /><INIT seed="2,0,0,1,0,124" ten="240,240,227,293" oya="2" hai0="22,47,119,41,82,13,37,18,100,48,109,87,125" hai1="86,120,34,75,113,60,133,121,32,79,70,83,134" hai2="44,30,91,61,116,129,108,45,43,106,8,72,1" hai3="98,81,65,19,46,96,99,59,132,135,5,77,68"/><V123/><F116/><W52/><G5/><T56/><D109/><U3/><E86/><V36/><F123/><N who="1" m="47177" /><E3/><V23/><F108/><W16/><G68/><T55/><D125/><U49/><E49/><V104/><F72/><N who="3" m="43175" /><G65/><T130/><D100/><U110/><E113/><V29/><F106/><W17/><G46/><T40/><D40/><U9/><E9/><V50/><F104/><W74/><G74/><T21/><D119/><U126/><E126/><V15/><F1/><W69/><G69/><T92/><D22/><U67/><E110/><V66/><F23/><W127/><G127/><T84/><D84/><U117/><E117/><V105/><F91/><W85/><G85/><T107/><D107/><U26/><E26/><V28/><F105/><W31/><G31/><T10/><D10/><U39/><E39/><V63/><F66/><W2/><G2/><T20/><D20/><U57/><E57/><V33/><F33/><AGARI ba="0,0" hai="32,33,34,60,67,70,75,79,83,133,134" m="47177" machi="33" ten="30,2000,0" yaku="13,1,23,1" doraHai="124" who="1" fromWho="2" sc="240,0,240,20,227,-20,293,0" /><INIT seed="3,0,0,2,0,118" ten="240,260,207,293" oya="3" hai0="79,18,10,80,28,19,98,78,114,0,11,17,64" hai1="41,126,6,36,102,12,82,120,103,21,31,106,128" hai2="43,90,105,39,30,48,75,37,20,56,2,127,89" hai3="111,52,107,122,85,63,33,55,115,108,104,91,15"/><W38/><G115/><T130/><D130/><U67/><E106/><V9/><F105/><W84/><G122/><T113/><D28/><U47/><E128/><V100/><F75/><W86/><G33/><T35/><D35/><U13/><E126/><V58/><F100/><W99/><G38/><T125/><D125/><U45/><E67/><V32/><F32/><W135/><G135/><T134/><D134/><U110/><E110/><N who="3" m="42026" /><G15/><T74/><D64/><U119/><E119/><V62/><F127/><W3/><G3/><T60/><D60/><U81/><E6/><V51/><F2/><W97/><G55/><T71/><D0/><U112/><E36/><V5/><F5/><W24/><G24/><T50/><D113/><U54/><E54/><V87/><F9/><W65/><G52/><T77/><D11/><U57/><E41/><V40/><F20/><W121/><G121/><T129/><D10/><U70/><E21/><V72/><F72/><W4/><G4/><T53/><D74/><U73/><E73/><V116/><F116/><W22/><G22/><T25/><D53/><U49/><E49/><V68/><F30/><W16/><G16/><T69/><D19/><U92/><E31/><V123/><F62/><W61/><G61/><T117/><D17/><U42/><E42/><V133/><F133/><W83/><G99/><T124/><D98/><U34/><E112/><V101/><F123/><W131/><G131/><T109/><D129/><U94/><E120/><V46/><F68/><N who="0" m="26186" /><D117/><U29/><E29/><V93/><F46/><W76/><G97/><T88/><D114/><RYUUKYOKU ba="0,0" sc="240,0,260,0,207,0,293,0" /><INIT seed="4,1,0,1,5,11" ten="240,260,207,293" oya="0" hai0="44,59,14,50,8,75,107,47,58,46,61,19,90" hai1="66,121,93,13,131,69,133,135,68,71,60,64,72" hai2="130,99,86,117,81,124,30,128,12,7,103,113,16" hai3="109,10,18,29,63,127,6,22,88,27,28,36,89"/><T32/><D75/><U1/><E1/><V52/><F117/><W53/><G109/><T134/><D134/><N who="1" m="51211" /><E72/><V42/><F42/><W106/><G36/><T20/><D32/><U35/><E35/><V55/><F7/><W51/><G63/><T123/><D107/><U120/><E93/><N who="2" m="58863" /><F30/><N who="3" m="11883" /><G127/><T48/><D123/><N who="1" m="47179" /><E13/><V118/><F118/><W87/><G106/><T111/><D111/><U40/><E131/><N who="2" m="50219" /><F124/><W104/><G104/><T2/><D90/><N who="3" m="34921" /><G87/><T67/><D2/><U17/><E17/><V24/><F24/><W94/><G94/><T80/><D80/><U92/><E92/><V110/><F110/><W57/><G10/><T82/><D82/><U96/><E96/><V114/><F86/><W122/><G122/><T65/><D8/><U126/><E126/><V43/><F81/><W125/><G125/><T26/><D26/><U49/><E66/><V76/><F76/><W112/><G112/><N who="2" m="43113" /><F43/><W54/><G54/><N who="0" m="32071" /><D67/><U116/><E116/><V39/><F39/><W108/><G108/><T62/><D61/><U5/><E5/><AGARI ba="1,0" hai="5,6,18,22,27,51,53,57" m="34921,11883" machi="5" ten="30,2000,0" yaku="8,1,54,1" doraHai="11" who="3" fromWho="1" sc="240,0,260,-23,207,0,293,23" owari="240,4.0,237,-16.3,207,-29.3,316,41.6" /></mjloggm>