<mjloggm ver="2.3"><GO type="225" lobby="0"/><UN n0="%E8%A8%88%E7%AE%97%E6%A9%9F%E8%87%AA%E7%84%B6" n1="%E5%86%B7%E5%87%8D%E3%82%AE%E3%83%A7%E3%83%BC%E3%82%B6" n2="%30%2E%31%32%30" n3="%E3%81%BE%E3%81%8B%E3%81%B7%E3%82%93" dan="17,16,16,16" rate="2187.66,2169.46,2130.22,2059.01" sx="M,M,M,M"/><TAIKYOKU oya="0"/><INIT seed="0,0,0,3,3,124" ten="250,250,250,250" oya="0" hai0="63,116,95,5,64,56,117,127,100,112,10,134,50" hai1="2,35,71,106,52,65,47,67,27,118,19,29,66" hai2="115,6,16,70,33,103,76,18,110,104,36,61,42" hai3="37,74,123,108,25,11,96,84,24,34,54,129,69"/><T59/><D112/><U0/><E118/><V125/><F125/><W86/><G74/><T40/><D127/><U111/><E111/><V102/><F33/><W81/><G108/><T83/><D134/><U94/><E106/><V55/><F110/><W39/><G69/><T135/><D135/><U51/><E71/><V107/><F115/><W72/><G72/><T133/><D133/><U120/><E120/><V75/><F6/><W80/><G54/><T38/><D38/><U60/><E60/><V114/><F114/><W91/><G96/><T12/><D83/><U26/><REACH who="1" step="1"/><E94/><REACH who="1" ten="250,240,250,250" step="2"/><V46/><F70/><W21/><G123/><T48/><D117/><U122/><E122/><V87/><F107/><W58/><G81/><T126/><D116/><U45/><E45/><V128/><F104/><W119/><G80/><T57/><D126/><U7/><E7/><V99/><F46/><W89/><G119/><T113/><D113/><U22/><AGARI ba="0,1" hai="0,2,19,22,26,27,29,35,47,51,52,65,66,67" machi="22" ten="30,4000,0" yaku="1,1,0,1,54,1,53,0" doraHai="124" doraHaiUra="4" who="1" fromWho="1" sc="250,-20,240,50,250,-10,250,-10" /><INIT seed="1,0,0,1,5,131" ten="230,290,240,240" oya="1" hai0="128,98,104,37,54,39,8,49,74,89,7,53,97" hai1="27,73,24,76,58,101,18,4,29,12,42,79,103" hai2="9,75,93,95,114,28,127,35,16,15,38,120,13" hai3="91,72,110,86,6,124,41,0,132,3,69,129,83"/><U81/><E4/><V94/><F127/><W51/><G69/><T25/><D74/><U32/><E42/><V133/><F120/><W1/><G129/><T34/><D128/><U36/><E36/><V45/><F114/><W92/><G110/><T17/><D54/><U10/><E76/><V46/><F75/><W30/><G124/><T68/><D68/><U77/><E77/><V66/><F66/><W20/><G72/><T52/><D53/><U117/><E117/><V130/><F130/><W88/><G132/><T48/><D48/><U112/><E112/><V100/><F100/><W5/><G30/><T19/><D104/><U59/><REACH who="1" step="1"/><E24/><REACH who="1" ten="230,280,240,240" step="2"/><V50/><F38/><W96/><G5/><T115/><D115/><U23/><E23/><V105/><F9/><W135/><G6/><T31/><D37/><U116/><E116/><V109/><F109/><W82/><G20/><T21/><D39/><U44/><E44/><V47/><F47/><W55/><G41/><T57/><D89/><U119/><E119/><V64/><F45/><W87/><G135/><T61/><D49/><U67/><E67/><V62/><F46/><W84/><REACH who="3" step="1"/><G91/><REACH who="3" ten="230,280,240,230" step="2"/><T33/><D33/><U108/><E108/><V43/><F133/><W22/><G22/><T134/><D134/><U107/><E107/><V2/><F43/><W60/><G60/><T118/><D118/><U102/><AGARI ba="0,2" hai="10,12,18,27,29,32,58,59,73,79,81,101,102,103" machi="102" ten="30,3000,0" yaku="1,1,0,1,53,0" doraHai="131" doraHaiUra="125" who="1" fromWho="1" sc="230,-10,280,50,240,-10,230,-10" /><INIT seed="1,1,0,2,3,22" ten="220,330,230,220" oya="1" hai0="114,89,124,12,41,91,2,59,0,130,19,64,13" hai1="123,37,65,69,86,93,87,131,28,97,126,17,27" hai2="40,35,52,116,14,128,118,10,72,6,56,113,55" hai3="77,67,43,32,109,68,100,57,112,108,46,90,103"/><U79/><E123/><V101/><F128/><W84/><G112/><T110/><D114/><U134/><E131/><V31/><F113/><W74/><G32/><T96/><D130/><U132/><E37/><V44/><F72/><W8/><G68/><T82/><D41/><U70/><E17/><V121/><F121/><W51/><G8/><T5/><D110/><N who="3" m="42601" /><G77/><T81/><D124/><U49/><E49/><V23/><F35/><W24/><G74/><T115/><D115/><U127/><E65/><V3/><F101/><W106/><G106/><T29/><D29/><U39/><E39/><V119/><F56/><W60/><G24/><T38/><D38/><U135/><E69/><V125/><F125/><N who="1" m="47625" /><E79/><V129/><F129/><W26/><G26/><T71/><D71/><U122/><E70/><V1/><F31/><W47/><G47/><T117/><D59/><U66/><E66/><V30/><F30/><W111/><N who="3" m="42609" /><W120/><DORA hai="95" /><G120/><T53/><D64/><U18/><E18/><V21/><F21/><W133/><G133/><T61/><D19/><U34/><E122/><V9/><F23/><W73/><G73/><T102/><D5/><U92/><E92/><AGARI ba="1,0" hai="43,46,51,57,60,67,84,90,92,100,103" m="42609" machi="92" ten="40,1300,0" yaku="14,1" doraHai="22,95" who="3" fromWho="1" sc="220,0,330,-16,230,0,220,16" /><INIT seed="2,0,0,0,1,52" ten="220,314,230,236" oya="2" hai0="28,134,67,135,101,12,56,27,122,131,86,115,45" hai1="5,64,74,46,29,103,54,88,91,38,49,112,36" hai2="130,31,110,51,9,77,41,123,132,99,3,60,58" hai3="111,68,17,66,75,69,80,79,81,120,4,13,62"/><V116/><F116/><W92/><G120/><T47/><D122/><U34/><E112/><V78/><F123/><W57/><G111/><T98/><D115/><U26/><E74/><V89/><F110/><W20/><G81/><T109/><D109/><U22/><E103/><V40/><F132/><N who="0" m="50730" /><D86/><U55/><E64/><N who="2" m="38935" /><F3/><W127/><G127/><T121/><D12/><U0/><E34/><V53/><F9/><W83/><G83/><T72/><D72/><U50/><E5/><V70/><F31/><W24/><REACH who="3" step="1"/><G92/><REACH who="3" ten="220,314,230,226" step="2"/><N who="0" m="58567" /><D121/><U104/><E104/><V100/><F130/><W35/><G35/><N who="0" m="20895" /><D131/><U48/><E0/><V37/><F78/><W117/><G117/><T128/><D128/><U11/><E11/><AGARI ba="0,1" hai="4,11,13,17,20,24,57,62,66,68,69,75,79,80" machi="11" ten="40,5200,0" yaku="1,1,52,1,53,1" doraHai="52" doraHaiUra="10" who="3" fromWho="1" sc="220,0,314,-52,230,0,226,62" /><INIT seed="3,0,0,4,0,90" ten="220,262,230,288" oya="3" hai0="52,71,17,4,89,40,65,118,80,62,18,108,98" hai1="73,34,58,36,23,61,77,130,64,129,54,48,27" hai2="50,79,7,126,101,59,69,24,5,123,86,74,114" hai3="70,28,116,29,43,38,0,49,51,113,55,92,131"/><W94/><G113/><T128/><D118/><U134/><E36/><V14/><F69/><W96/><G116/><T75/><D40/><U25/><E134/><V41/><F74/><W88/><G0/><T72/><D108/><U78/><E34/><V104/><F104/><W20/><G131/><N who="1" m="50186" /><E73/><V11/><F101/><N who="3" m="60551" /><G70/><T33/><D33/><U93/><E93/><V19/><F114/><W87/><G38/><T46/><D4/><U124/><E124/><V67/><F123/><W83/><G20/><T135/><D128/><U32/><E32/><V22/><F126/><W3/><G3/><T103/><D135/><U76/><E23/><V111/><F111/><W1/><G1/><T56/><D46/><AGARI ba="0,0" hai="25,27,46,48,54,58,61,64,76,77,78" m="50186" machi="46" ten="30,1000,0" yaku="19,1" doraHai="90" who="1" fromWho="0" sc="220,-10,262,10,230,0,288,0" /><INIT seed="4,0,0,3,4,99" ten="210,272,230,288" oya="0" hai0="57,29,6,10,85,21,101,122,94,131,1,51,26" hai1="109,11,15,49,46,54,37,3,108,74,52,120,97" hai2="13,30,33,22,58,128,59,50,72,23,35,95,100" hai3="121,90,113,12,91,82,4,24,126,86,68,135,75"/><T73/><D131/><U45/><E120/><V16/><F72/><W27/><G113/><T105/><D73/><U40/><E3/><V2/><F2/><W71/><G121/><T55/><D122/><U81/><E54/><V84/><F128/><W125/><G135/><T53/><D105/><U64/><E64/><V93/><F35/><W62/><G75/><T98/><D85/><U112/><E112/><V102/><F33/><W36/><G36/><T60/><REACH who="0" step="1"/><D53/><REACH who="0" ten="200,272,230,288" step="2"/><U32/><E74/><V19/><F84/><W66/><G86/><T89/><D89/><U65/><E108/><V38/><F38/><W111/><G111/><T9/><D9/><U34/><E109/><V104/><F104/><W117/><G91/><T43/><D43/><U47/><E40/><V18/><F93/><W7/><G90/><T20/><D20/><U79/><E32/><V67/><F95/><W69/><G82/><T42/><D42/><U0/><E34/><V114/><F114/><W61/><G66/><T44/><D44/><U130/><E65/><V132/><F67/><W92/><G92/><T124/><D124/><U80/><E130/><V88/><F88/><W39/><G126/><T31/><D31/><U110/><E110/><V78/><F22/><W129/><G125/><T63/><AGARI ba="0,1" hai="1,6,10,21,26,29,51,55,57,60,63,94,98,101" machi="63" ten="30,6000,0" yaku="1,1,0,1,52,1,53,0" doraHai="99" doraHaiUra="106" who="0" fromWho="0" sc="200,70,272,-20,230,-20,288,-20" /><INIT seed="4,1,0,5,2,52" ten="270,252,210,268" oya="0" hai0="104,6,46,78,90,111,106,123,84,105,4,86,87" hai1="10,89,26,135,96,131,22,82,102,75,34,134,39" hai2="83,54,94,7,128,118,92,74,2,133,65,27,43" hai3="59,124,115,1,85,88,132,50,69,103,113,127,64"/><T119/><D119/><U91/><E39/><V112/><F118/><W107/><G132/><N who="1" m="50730" /><E131/><V35/><F133/><W79/><G1/><T81/><D123/><U67/><E10/><N who="2" m="2423" /><F112/><N who="3" m="43083" /><G79/><T57/><D111/><U114/><E34/><V18/><F128/><W24/><G24/><T58/><D46/><U32/><E32/><V38/><F54/><N who="3" m="32215" /><G107/><T17/><D17/><N who="1" m="12623" /><E67/><V21/><F65/><W30/><G30/><T8/><D4/><U28/><E28/><N who="2" m="19871" /><F74/><W77/><G77/><T53/><D53/><U100/><E114/><V12/><F83/><N who="3" m="49215" /><G103/><T31/><D31/><U41/><E102/><V42/><F42/><W125/><G64/><T63/><D63/><U16/><E41/><V33/><F33/><W66/><G66/><T109/><D109/><U61/><E61/><V97/><F97/><W76/><G76/><T126/><D90/><U99/><E75/><V20/><F20/><W121/><G121/><T37/><D37/><U19/><E89/><V122/><F122/><W93/><G93/><T73/><REACH who="0" step="1"/><D126/><REACH who="0" ten="260,252,210,268" step="2"/><U117/><E117/><V55/><F55/><W25/><G25/><T29/><D29/><U60/><E60/><V3/><F3/><AGARI ba="1,1" hai="3,6,8,57,58,73,78,81,84,86,87,104,105,106" machi="3" ten="50,9600,0" yaku="1,1,52,2,53,0" doraHai="52" doraHaiUra="49" who="0" fromWho="2" sc="260,109,252,0,210,-99,268,0" owari="369,46.9,252,-14.8,111,-38.9,268,6.8" /></mjloggm>