<mjloggm ver="2.3"><GO type="225" lobby="0"/><UN n0="%E3%83%AD%E3%83%83%E3%83%86%E9%9B%80%E7%90%83" n1="%E3%81%B5%E3%81%98%E3%81%8B%E3%81%A4" n2="%E3%82%BC%E3%83%AB%E3%83%80%E3%81%AE%E4%BC%9D%E8%AA%AC" n3="%6D%61%74%69%67%75%73%61" dan="16,16,18,17" rate="2168.26,2090.95,2187.91,2140.93" sx="M,M,M,M"/><TAIKYOKU oya="0"/><INIT seed="0,0,0,4,0,108" ten="250,250,250,250" oya="0" hai0="89,80,72,87,8,129,105,115,43,52,119,122,38" hai1="73,37,67,39,92,96,51,55,58,42,93,46,97" hai2="12,40,29,60,71,107,15,50,2,63,109,14,66" hai3="100,78,6,94,49,48,10,121,36,31,102,111,56"/><T91/><D119/><U4/><E73/><V68/><F109/><W57/><G36/><T88/><D122/><U103/><E4/><V106/><F2/><W21/><G111/><T28/><D115/><U135/><E135/><V81/><F29/><W27/><G78/><T76/><D129/><U114/><E67/><V85/><F71/><W65/><G121/><T125/><D125/><U26/><E26/><V5/><F63/><W84/><G84/><T62/><D105/><U124/><E124/><V35/><F35/><W25/><G25/><T74/><D28/><U95/><E114/><V120/><F120/><W11/><G11/><T133/><D133/><U0/><E0/><V47/><REACH who="2" step="1"/><F5/><REACH who="2" ten="250,250,240,250" step="2"/><W54/><G6/><T118/><D118/><U82/><E82/><V32/><F32/><W61/><G61/><T69/><D69/><U112/><E112/><V128/><F128/><W59/><G31/><T19/><D62/><U45/><E103/><V99/><F99/><W127/><G102/><T7/><D7/><U70/><E70/><V98/><F98/><W83/><G100/><T86/><D80/><U53/><REACH who="1" step="1"/><E37/><REACH who="1" ten="250,240,240,250" step="2"/><V113/><F113/><W75/><G83/><T24/><D38/><U134/><E134/><V34/><F34/><W77/><G127/><T18/><D76/><AGARI ba="0,2" hai="12,14,15,40,47,50,60,66,68,76,81,85,106,107" machi="76" ten="40,1300,0" yaku="1,1,53,0" doraHai="108" doraHaiUra="104" who="2" fromWho="0" sc="250,-13,240,0,240,33,250,0" /><INIT seed="1,0,0,4,2,68" ten="237,240,273,250" oya="1" hai0="36,33,125,92,82,121,21,59,64,34,73,90,101" hai1="106,7,40,3,23,115,113,131,44,93,27,26,14" hai2="29,17,8,65,35,96,61,37,67,91,25,51,71" hai3="130,66,69,6,127,114,5,0,109,97,123,16,86"/><U89/><E106/><V108/><F108/><W135/><G86/><T107/><D125/><U80/><E131/><V46/><F67/><W111/><G97/><N who="0" m="61871" /><D21/><U9/><E80/><V120/><F120/><W122/><G66/><T99/><D59/><U74/><E74/><V4/><F17/><W75/><G16/><T94/><D36/><U41/><E3/><V95/><F37/><W60/><G60/><T105/><D34/><U118/><E118/><V110/><F110/><W52/><G52/><T62/><D33/><U132/><E132/><V79/><F79/><W83/><G83/><T10/><D10/><U112/><E23/><V48/><REACH who="2" step="1"/><F46/><REACH who="2" ten="237,240,263,250" step="2"/><W128/><G111/><T56/><D64/><U134/><E134/><V102/><F102/><W57/><G135/><T11/><D121/><U28/><E28/><V42/><F42/><W12/><G109/><T38/><D38/><U78/><E78/><V77/><F77/><W47/><G123/><T129/><D129/><U2/><E41/><V126/><F126/><W72/><G127/><T76/><D76/><U88/><E40/><V100/><F100/><W53/><G122/><T43/><D43/><U54/><E44/><V18/><F18/><W31/><G47/><T20/><D73/><U104/><E113/><V58/><F58/><W124/><G114/><T49/><D56/><U19/><E115/><V63/><F63/><W22/><G130/><T70/><D62/><U13/><E112/><V30/><F30/><W32/><G128/><T133/><D133/><U117/><E117/><V1/><AGARI ba="0,1" hai="1,4,8,25,29,35,48,51,61,65,71,91,95,96" machi="1" ten="20,2700,0" yaku="1,1,0,1,7,1,53,0" doraHai="68" doraHaiUra="50" who="2" fromWho="2" sc="237,-7,240,-13,263,37,250,-7" /><INIT seed="2,0,0,5,5,78" ten="230,227,300,243" oya="2" hai0="131,81,14,33,130,80,53,70,124,74,98,117,64" hai1="65,79,92,94,43,90,63,93,83,57,6,4,123" hai2="46,42,110,26,66,104,36,45,91,15,113,9,84" hai3="59,115,99,17,28,132,102,52,62,5,116,103,85"/><V106/><F113/><W111/><G116/><T25/><D74/><U58/><E123/><V119/><F119/><W35/><G111/><T22/><D117/><U114/><E114/><V31/><F110/><W109/><G115/><T29/><D124/><U89/><E43/><V97/><F45/><W12/><G132/><T107/><D53/><U7/><REACH who="1" step="1"/><E58/><REACH who="1" ten="230,217,300,243" step="2"/><V13/><F42/><W40/><G40/><T88/><D131/><U77/><E77/><V1/><F36/><W129/><G129/><T56/><D130/><U68/><E68/><V69/><F69/><W112/><G112/><T18/><D70/><U125/><E125/><V24/><F46/><W27/><G109/><T51/><D107/><U128/><E128/><V20/><F106/><W21/><G59/><T32/><D32/><U60/><E60/><V11/><F104/><W87/><G62/><N who="0" m="37959" /><D33/><U100/><E100/><V67/><F67/><W127/><G103/><T95/><D51/><U82/><E82/><N who="0" m="31849" /><D29/><U72/><AGARI ba="0,1" hai="4,6,7,57,63,65,72,79,83,89,90,92,93,94" machi="72" ten="30,12000,2" yaku="1,1,0,1,52,1,53,3" doraHai="78" doraHaiUra="3" who="1" fromWho="1" sc="230,-30,217,130,300,-60,243,-30" /><INIT seed="3,0,0,2,5,18" ten="200,347,240,213" oya="3" hai0="48,83,130,30,2,70,81,33,26,128,92,126,55" hai1="34,127,0,102,89,38,88,118,87,72,67,31,23" hai2="52,78,43,99,119,74,90,19,108,45,94,117,82" hai3="106,20,35,129,100,135,37,107,27,24,73,120,53"/><W93/><G120/><T109/><D70/><U17/><E72/><V39/><F108/><W121/><G73/><T116/><D116/><U40/><E67/><V6/><F6/><W122/><G37/><T5/><D109/><U123/><E102/><V133/><F133/><W51/><G129/><N who="0" m="49771" /><D126/><U57/><E0/><V97/><F19/><W71/><G71/><T77/><D77/><U75/><E75/><V22/><F22/><W46/><G135/><T50/><D50/><U132/><E57/><V25/><F25/><W41/><G121/><T65/><D65/><U98/><E89/><V54/><F97/><W42/><G122/><T59/><D92/><U49/><E98/><V61/><F61/><W95/><G107/><T11/><AGARI ba="0,0" hai="2,5,11,26,30,33,48,55,59,81,83" m="49771" machi="11" ten="30,1100,0" yaku="19,1" doraHai="18" who="0" fromWho="0" sc="200,11,347,-3,240,-3,213,-5" owari="211,-18.9,344,44.4,237,3.7,208,-29.2" /></mjloggm>