<mjloggm ver="2.3"><GO type="225" lobby="0"/><UN n0="%E3%82%A2%E3%83%8A%E3%83%BC%E3%81%8D%E3%83%BC" n1="%38%63%E3%81%AF%E3%81%A3%E3%81%97%E3%83%BC" n2="%E7%AD%89%E3%80%85%E5%8A%9B%E5%8A%87%E5%A0%B4" n3="%E5%B8%86%E7%AB%8B%E5%A4%8F%E8%A1%A3" dan="16,16,17,16" rate="2098.94,2110.94,2142.49,2059.81" sx="M,M,M,M"/><TAIKYOKU oya="0"/><INIT seed="0,0,0,3,0,24" ten="250,250,250,250" oya="0" hai0="88,65,15,25,27,116,103,48,79,6,130,47,16" hai1="63,28,74,64,101,33,30,96,78,110,86,93,59" hai2="53,55,50,14,114,44,121,1,56,46,112,40,2" hai3="32,52,84,26,70,109,18,54,125,35,75,90,128"/><T20/><D116/><U76/><E110/><V119/><F14/><W77/><G109/><T98/><D130/><U81/><E33/><V123/><F2/><W105/><G128/><T58/><D79/><U5/><E5/><V122/><F1/><W57/><G70/><T67/><D103/><U126/><E126/><V124/><F124/><W8/><G125/><T129/><D129/><U115/><E115/><V21/><F21/><W87/><G105/><T62/><D67/><U95/><E76/><V108/><F108/><W99/><G54/><N who="0" m="29983" /><D6/><U91/><AGARI ba="0,0" hai="28,30,59,63,64,74,78,81,86,91,93,95,96,101" machi="91" ten="30,4000,0" yaku="0,1,52,2" doraHai="24" who="1" fromWho="1" sc="250,-20,250,40,250,-10,250,-10" /><INIT seed="1,0,0,3,5,33" ten="230,290,240,240" oya="1" hai0="108,49,44,97,133,57,117,24,124,7,87,130,62" hai1="103,18,91,78,35,4,11,84,134,19,0,36,9" hai2="66,27,126,12,46,105,111,113,22,32,64,132,110" hai3="77,21,131,125,100,120,14,23,88,109,75,127,51"/><U43/><E134/><V47/><F105/><W31/><G120/><T25/><D133/><U52/><E35/><V101/><F132/><W92/><G109/><N who="2" m="41481" /><F32/><W58/><G131/><T116/><D108/><U70/><E70/><V76/><F101/><W2/><G100/><T38/><D124/><N who="3" m="47689" /><G75/><T104/><D38/><U129/><E78/><V85/><F12/><W61/><G77/><T28/><D7/><U74/><E74/><V42/><F76/><W73/><G73/><T34/><D130/><U65/><E65/><N who="2" m="25195" /><F85/><N who="3" m="52239" /><G61/><T81/><D62/><U56/><E103/><V1/><F126/><W50/><G2/><T10/><D104/><U99/><E99/><V106/><F106/><W107/><G107/><T6/><D97/><U48/><E129/><V86/><F86/><W13/><G58/><T29/><D87/><U96/><E96/><V45/><F113/><W37/><G37/><T15/><D15/><N who="3" m="5641" /><G23/><T123/><D117/><U128/><E11/><V118/><F118/><W16/><G31/><T83/><D29/><U93/><REACH who="1" step="1"/><E128/><REACH who="1" ten="230,280,240,240" step="2"/><V122/><F122/><W79/><G79/><T40/><D10/><U98/><E98/><V26/><F22/><W3/><G3/><T54/><D34/><U39/><E39/><V114/><F1/><W63/><G63/><T59/><D116/><U121/><E121/><V89/><F114/><W90/><G90/><T112/><D123/><U80/><E80/><V20/><F89/><W30/><G30/><T53/><D28/><U119/><E119/><V41/><F20/><W69/><G69/><T67/><D83/><U115/><E115/><RYUUKYOKU ba="0,1" sc="230,-30,280,10,240,10,240,10" hai1="0,4,9,18,19,36,43,48,52,56,84,91,93" hai2="26,27,41,42,45,46,47" hai3="16,21,50,51" /><INIT seed="1,1,1,4,2,39" ten="200,290,250,250" oya="1" hai0="80,50,28,132,10,66,123,104,116,48,118,38,134" hai1="5,113,47,76,84,63,101,100,33,62,58,77,16" hai2="25,81,8,96,117,126,94,129,89,124,90,68,44" hai3="98,78,87,75,103,115,18,71,24,7,65,85,114"/><U51/><E33/><V67/><F117/><N who="0" m="45162" /><D38/><U110/><E5/><V14/><F129/><W83/><G7/><T36/><D36/><U42/><E113/><N who="3" m="43018" /><G18/><T91/><D123/><U107/><E110/><V121/><F121/><W27/><G27/><T60/><D104/><U112/><E112/><V19/><F68/><W31/><G24/><T34/><D10/><U119/><E119/><V125/><F67/><W73/><G31/><T102/><D102/><U131/><E131/><V1/><F1/><W22/><G22/><T133/><D28/><U55/><E63/><V53/><F25/><W43/><G43/><T23/><D23/><U3/><E3/><V6/><F6/><W111/><G65/><T88/><D34/><U35/><E35/><V0/><F0/><W64/><G64/><T128/><D128/><U20/><E107/><V79/><F126/><W52/><G52/><T41/><D80/><N who="1" m="47111" /><E77/><V72/><F125/><W109/><G71/><N who="0" m="42439" /><D50/><U46/><E46/><AGARI ba="1,1" hai="41,46,48,88,91,132,133,134" m="42439,45162" machi="46" ten="40,5200,0" yaku="20,1,52,1,54,1" doraHai="39" who="0" fromWho="1" sc="200,65,290,-55,250,0,250,0" /><INIT seed="2,0,0,2,4,36" ten="265,235,250,250" oya="2" hai0="114,104,37,103,68,102,33,70,82,79,120,56,12" hai1="94,76,43,58,48,95,28,14,84,132,21,72,113" hai2="62,57,135,130,16,74,61,123,2,38,129,99,3" hai3="42,41,89,106,77,35,15,133,87,10,27,0,9"/><V81/><F123/><W32/><G106/><T73/><D120/><U64/><E113/><V34/><F34/><W90/><G133/><T92/><D114/><U93/><E72/><V50/><F38/><W67/><G67/><T7/><D33/><U1/><E1/><V55/><F99/><W85/><G77/><T6/><D104/><U53/><E132/><V54/><F135/><W125/><G125/><T100/><D37/><U11/><E64/><V97/><F97/><W110/><G110/><T86/><D56/><U111/><E111/><V63/><F55/><W109/><G109/><T60/><D60/><U40/><E21/><V66/><F66/><W116/><G116/><T5/><REACH who="0" step="1"/><D12/><REACH who="0" ten="255,235,250,250" step="2"/><U75/><E75/><V30/><F2/><W119/><G0/><T20/><D20/><U98/><E98/><V4/><F3/><W101/><G15/><T45/><D45/><U22/><E22/><V121/><F57/><W44/><G44/><T131/><D131/><U78/><E28/><V91/><F30/><W59/><G32/><T134/><D134/><U39/><E39/><V117/><F74/><W18/><G35/><T88/><AGARI ba="0,1" hai="5,6,7,68,70,73,79,82,86,88,92,100,102,103" machi="88" ten="40,5200,0" yaku="1,1,0,1,54,1,53,0" doraHai="36" doraHaiUra="118" who="0" fromWho="0" sc="255,62,235,-13,250,-26,250,-13" /><INIT seed="3,0,0,2,1,78" ten="317,222,224,237" oya="3" hai0="107,63,2,4,24,71,84,127,45,135,64,46,72" hai1="37,44,109,92,19,13,103,50,81,94,52,73,90" hai2="6,66,82,40,7,31,124,106,8,126,35,5,130" hai3="120,21,53,115,111,57,133,122,32,112,18,29,23"/><W125/><G53/><T61/><D72/><U33/><E33/><V88/><F106/><W91/><G91/><T89/><D107/><U131/><E109/><V14/><F66/><W116/><G57/><T121/><D121/><N who="3" m="46697" /><G111/><T113/><D127/><N who="2" m="48682" /><F130/><W38/><G38/><T3/><D61/><U97/><E131/><V54/><F40/><W65/><G65/><T43/><D135/><U105/><E37/><V22/><F35/><W98/><G98/><T99/><D99/><U69/><E69/><V62/><F54/><W132/><G125/><T108/><D64/><U39/><E39/><V129/><F62/><W95/><G95/><T87/><D63/><U134/><E134/><N who="3" m="51818" /><G116/><T96/><D43/><U76/><REACH who="1" step="1"/><E90/><REACH who="1" ten="317,212,224,237" step="2"/><V51/><F129/><W128/><G128/><T49/><D89/><U59/><E59/><V77/><F88/><W79/><G79/><T56/><D71/><U93/><E93/><V74/><F51/><W101/><G101/><T68/><D49/><U12/><E12/><V47/><F47/><W58/><G58/><T20/><D56/><U34/><E34/><V9/><F14/><N who="3" m="9431" /><G32/><T100/><D46/><U55/><E55/><V110/><F110/><W117/><G117/><T114/><D45/><U10/><AGARI ba="0,1" hai="10,13,19,44,50,52,73,76,81,92,94,97,103,105" machi="10" ten="20,8000,1" yaku="1,1,0,1,7,1,52,1,54,1,53,0" doraHai="78" doraHaiUra="27" who="1" fromWho="1" sc="317,-20,212,90,224,-20,237,-40" owari="297,9.7,302,40.2,204,-19.6,197,-30.3" /></mjloggm>