<mjloggm ver="2.3"><GO type="225" lobby="0"/><UN n0="%6D%75%75%6D%75%72%61" n1="%E3%83%AD%E3%83%83%E3%83%86%E9%9B%80%E7%90%83" n2="%33%74%72%65%65" n3="%E9%A2%A8%E3%81%A7%E9%B3%B4%E3%81%8F" dan="17,17,17,16" rate="2180.39,2128.41,2150.18,2123.33" sx="F,M,F,M"/><TAIKYOKU oya="0"/><INIT seed="0,0,0,4,0,123" ten="250,250,250,250" oya="0" hai0="40,76,81,102,96,82,64,0,74,63,91,30,99" hai1="12,27,70,54,8,33,50,128,37,26,120,22,10" hai2="127,45,32,103,130,6,56,65,19,87,84,112,73" hai3="60,129,16,28,85,78,59,125,61,79,49,2,121"/><T135/><D135/><U42/><E70/><V39/><F73/><W9/><G121/><T93/><D0/><U38/><E128/><V92/><F32/><W18/><G125/><T44/><D30/><U97/><E42/><V108/><F112/><W114/><G114/><T100/><D82/><U111/><E33/><V126/><F6/><W118/><G118/><T21/><D21/><U51/><E97/><N who="2" m="59815" /><F19/><W133/><G133/><T14/><D14/><U68/><E68/><V88/><F130/><W34/><G28/><T119/><D119/><U83/><E83/><N who="2" m="49183" /><F87/><W109/><G85/><T105/><D100/><U23/><E12/><V95/><F95/><W43/><G9/><T75/><D75/><U58/><E120/><V106/><F106/><W25/><G25/><T1/><D1/><U69/><E69/><V80/><F80/><W132/><G132/><T90/><D90/><U53/><REACH who="1" step="1"/><E58/><REACH who="1" ten="250,240,250,250" step="2"/><V48/><F56/><W104/><G59/><T46/><D40/><U5/><E5/><V24/><F126/><W55/><G43/><T3/><D3/><U89/><E89/><V94/><F127/><W115/><G2/><T134/><D134/><U36/><E36/><V101/><F39/><W11/><G34/><T117/><D117/><U72/><E72/><V124/><F124/><W29/><G129/><T107/><D105/><U86/><E86/><V41/><F101/><W110/><G104/><T98/><D96/><U13/><E13/><V15/><F15/><W35/><G35/><T17/><D99/><U67/><E67/><V4/><F65/><W20/><G115/><RYUUKYOKU ba="0,1" sc="250,-10,240,30,250,-10,250,-10" hai1="8,10,22,23,26,27,37,38,50,51,53,54,111" /><INIT seed="1,1,1,0,3,10" ten="240,270,240,240" oya="1" hai0="63,113,6,105,54,70,129,107,74,20,72,65,109" hai1="88,110,91,39,26,14,115,83,52,75,85,99,34" hai2="24,126,59,98,93,42,17,30,56,114,1,94,13" hai3="81,123,125,127,119,101,33,12,21,133,112,32,82"/><U23/><E115/><V130/><F130/><W55/><G123/><T100/><D113/><U43/><E110/><V68/><F68/><W64/><G64/><T11/><D129/><U77/><E34/><V121/><F121/><W15/><G101/><T134/><D109/><U84/><E39/><V9/><F114/><W97/><G112/><T57/><D134/><U78/><E43/><V76/><F126/><N who="3" m="48139" /><G97/><T118/><D118/><U87/><E99/><V117/><F117/><W60/><G119/><T36/><D36/><U132/><E132/><V120/><F120/><W40/><G40/><T44/><D44/><U90/><E52/><V29/><F1/><W35/><G21/><T62/><D20/><U95/><E14/><N who="3" m="5162" /><G133/><T49/><D100/><U28/><REACH who="1" step="1"/><E95/><REACH who="1" ten="240,260,240,240" step="2"/><V86/><F94/><W73/><G73/><T106/><D74/><U41/><E41/><V45/><F93/><W108/><G108/><T61/><D72/><U58/><E58/><AGARI ba="1,2" hai="32,33,35,55,58,60,81,82" m="5162,48139" machi="58" ten="40,8000,1" yaku="18,1,52,3" doraHai="10" who="3" fromWho="1" sc="240,0,260,-83,240,0,240,103" /><INIT seed="2,0,0,4,0,78" ten="240,177,240,343" oya="2" hai0="54,59,126,130,72,117,129,127,48,21,64,61,93" hai1="83,103,114,6,96,100,122,45,43,102,52,135,32" hai2="15,68,41,24,17,7,11,51,109,87,23,116,26" hai3="80,105,88,134,2,86,108,67,14,42,5,0,92"/><V49/><F116/><W119/><G105/><T33/><D33/><U60/><E114/><V4/><F109/><W115/><G119/><T40/><D93/><U101/><E32/><V35/><F68/><W73/><G108/><T94/><D94/><N who="1" m="58391" /><E135/><V133/><F133/><W81/><G73/><T57/><D72/><U20/><E122/><V18/><F35/><W66/><G2/><T107/><D107/><U58/><E6/><V39/><F4/><W3/><G0/><T70/><D117/><U37/><E37/><V120/><F120/><W111/><G3/><T90/><D90/><U84/><E20/><N who="2" m="13327" /><F39/><W125/><G111/><T74/><D74/><U77/><E45/><N who="2" m="25775" /><F51/><W69/><G69/><T36/><D21/><U113/><E113/><V34/><F34/><W128/><G115/><T85/><D59/><U25/><E25/><V106/><F106/><W16/><G5/><T118/><D118/><U79/><E43/><V53/><F87/><W104/><G104/><T50/><D85/><U112/><E112/><V82/><F53/><W38/><G38/><T132/><D132/><U95/><E77/><V47/><F47/><W12/><G42/><T56/><D36/><U27/><E27/><V19/><F7/><W13/><G134/><T123/><D123/><U124/><E124/><N who="0" m="47657" /><D40/><U63/><E60/><V10/><F10/><W28/><G125/><T97/><D97/><AGARI ba="0,0" hai="52,58,63,79,83,84,95,97,101,102,103" m="58391" machi="97" ten="30,3900,0" yaku="8,1,52,1,54,1" doraHai="78" who="1" fromWho="0" sc="240,-39,177,39,240,0,343,0" /><INIT seed="3,0,0,0,3,87" ten="201,216,240,343" oya="3" hai0="28,44,109,19,9,95,16,96,133,35,27,97,82" hai1="121,60,89,127,7,52,98,36,124,74,72,70,47" hai2="67,110,21,85,13,119,18,58,42,71,118,14,86" hai3="88,94,8,122,76,2,99,3,1,101,40,126,116"/><W130/><G116/><T37/><D109/><U90/><E121/><V43/><F110/><W41/><G122/><T4/><D133/><U129/><E129/><V125/><F125/><N who="1" m="48201" /><E7/><V64/><F71/><W56/><G76/><T17/><D82/><U100/><E36/><V24/><F118/><W77/><G77/><T5/><D9/><U57/><E47/><V38/><F38/><W49/><G126/><T102/><REACH who="0" step="1"/><D96/><REACH who="0" ten="191,216,240,343" step="2"/><U117/><E117/><V12/><F119/><W55/><G8/><T45/><D45/><U84/><E70/><V32/><F58/><W115/><G130/><T135/><D135/><U11/><E11/><V46/><F46/><W92/><G115/><T79/><D79/><U33/><E33/><V20/><F32/><W0/><G0/><T105/><D105/><N who="1" m="63639" /><E90/><V25/><F21/><W53/><G94/><AGARI ba="0,1" hai="52,57,60,72,74,84,89,94" m="63639,48201" machi="94" ten="30,3900,0" yaku="18,1,52,1,54,1" doraHai="87" who="1" fromWho="3" sc="191,0,216,49,240,0,343,-39" owari="191,-30.9,265,6.5,240,-16.0,304,40.4" /></mjloggm>