<mjloggm ver="2.3"><GO type="225" lobby="0"/><UN n0="%E7%A7%8B%E6%9C%88%E7%9C%9F%E7%90%86%E4%BA%9E" n1="%E3%81%AA%E3%81%8C%E3%81%95%E3%82%8F%E3%81%BE%E3%81%95%E3%81%BF" n2="%E3%81%AF%E3%82%88%E3%81%8A%E3%81%98%E3%81%95%E3%82%93" n3="%E3%81%B7%E3%82%8A%E3%82%93%E8%81%96%E4%BA%BA" dan="16,16,16,16" rate="2117.20,2121.04,2131.09,2091.81" sx="F,F,M,M"/><TAIKYOKU oya="0"/><INIT seed="0,0,0,1,5,116" ten="250,250,250,250" oya="0" hai0="112,68,43,10,74,24,20,1,88,54,72,45,64" hai1="70,61,101,50,75,37,41,34,62,2,19,91,92" hai2="96,133,125,114,80,107,67,46,131,77,129,82,81" hai3="9,66,36,51,53,39,28,110,29,35,59,121,117"/><T14/><D112/><U73/><E2/><V31/><F46/><W130/><G117/><T25/><D1/><U126/><E34/><V76/><F67/><W44/><G110/><T52/><D64/><U30/><E37/><V115/><F31/><W99/><G130/><N who="2" m="49673" /><F125/><W122/><G99/><T27/><D68/><U60/><E30/><V38/><F38/><N who="3" m="14379" /><G35/><T124/><D124/><U104/><E70/><V119/><F119/><W13/><G13/><T58/><D20/><U65/><E65/><V127/><F127/><W33/><G9/><T85/><D43/><U0/><E0/><V18/><F18/><W94/><G94/><T134/><D134/><U108/><E108/><V89/><F133/><W5/><G5/><T86/><D45/><U95/><E95/><N who="2" m="56431" /><F107/><W102/><G102/><T98/><D74/><U4/><E4/><V120/><F120/><N who="3" m="46187" /><G33/><T79/><D72/><U17/><E73/><V78/><AGARI ba="0,0" hai="76,77,78,80,81,82,114,115" m="56431,49673" machi="78" ten="40,5200,0" yaku="19,1,34,2" doraHai="116" who="2" fromWho="2" sc="250,-26,250,-13,250,52,250,-13" /><INIT seed="1,0,0,3,2,32" ten="224,237,302,237" oya="1" hai0="64,48,76,127,97,70,91,74,88,0,67,75,117" hai1="109,112,33,46,123,128,16,35,4,92,60,40,101" hai2="26,58,81,11,79,49,36,15,98,56,34,2,42" hai3="51,19,68,62,45,63,113,106,95,20,105,125,37"/><U65/><E112/><V24/><F2/><W43/><G113/><T121/><D117/><U54/><E123/><V124/><F124/><W27/><G125/><T73/><D121/><U18/><E109/><V84/><F36/><W28/><G63/><T115/><D115/><U12/><E128/><V129/><F129/><W134/><G134/><T110/><D110/><U130/><E130/><V107/><F107/><W120/><G120/><T119/><D119/><U116/><E116/><V118/><F118/><W71/><G71/><T30/><D127/><U14/><E54/><V82/><F98/><W6/><G6/><T86/><D30/><U72/><E72/><V126/><F126/><W13/><G37/><T77/><D97/><U41/><E92/><V100/><F100/><W108/><G108/><T111/><D111/><U38/><E101/><V104/><F81/><W102/><G95/><T87/><D75/><U122/><E41/><V80/><F82/><W132/><G132/><T22/><D22/><U29/><E29/><V96/><F96/><W57/><G68/><T7/><D7/><U59/><E4/><N who="2" m="3559" /><F104/><W31/><G31/><T5/><D5/><U52/><E65/><V21/><F34/><W90/><G90/><T83/><D83/><U17/><E122/><V66/><F66/><N who="3" m="39247" /><G102/><T85/><D85/><U10/><E18/><N who="2" m="12343" /><F26/><W3/><G3/><T93/><D93/><U94/><E94/><V61/><F61/><W133/><G133/><T99/><D99/><U39/><E38/><V55/><F42/><W78/><G78/><T1/><D70/><U8/><AGARI ba="0,0" hai="8,10,12,14,16,17,33,35,39,40,46,52,59,60" machi="8" ten="20,18000,2" yaku="5,1,0,1,7,1,9,1,54,2" doraHai="32" who="1" fromWho="1" sc="224,-60,237,180,302,-60,237,-60" /><INIT seed="1,1,0,3,2,111" ten="164,417,242,177" oya="1" hai0="127,28,38,42,51,79,101,88,119,91,53,18,17" hai1="21,96,31,40,19,36,80,85,23,69,109,62,118" hai2="107,11,2,10,110,131,123,9,120,132,95,112,35" hai3="58,124,1,75,12,3,108,61,71,129,8,34,82"/><U56/><E118/><V25/><F107/><W5/><G34/><T20/><D119/><U45/><E109/><V7/><F110/><W92/><G71/><T37/><D127/><U116/><E116/><V46/><F95/><W134/><G124/><T24/><D101/><U29/><E69/><V14/><F46/><W105/><G105/><T67/><D67/><U0/><E0/><V128/><F11/><W135/><G108/><T65/><D65/><U78/><E96/><V49/><F49/><W16/><G129/><N who="2" m="49737" /><F132/><N who="3" m="50731" /><G92/><T27/><D79/><U66/><E21/><V93/><F93/><W59/><G59/><T103/><D103/><U22/><E23/><V73/><F73/><W44/><G44/><T130/><D130/><U47/><E45/><V99/><F99/><W48/><G48/><T55/><D51/><U104/><E104/><V60/><F60/><W74/><G82/><T126/><D126/><U89/><E47/><V52/><F52/><N who="3" m="33991" /><G3/><T13/><D13/><U68/><E62/><V84/><F84/><W113/><G113/><T133/><D133/><U125/><E85/><V72/><F72/><W33/><G33/><T39/><D39/><U122/><E36/><V64/><F64/><W121/><G121/><T32/><D32/><U83/><E122/><V4/><F112/><W41/><G41/><T115/><D42/><U26/><E66/><V30/><AGARI ba="1,0" hai="2,4,7,9,10,14,25,30,35,120,123" m="49737" machi="30" ten="30,4000,0" yaku="19,1,34,2" doraHai="111" who="2" fromWho="2" sc="164,-11,417,-21,242,43,177,-11" /><INIT seed="2,0,0,2,0,131" ten="153,396,285,166" oya="2" hai0="87,12,75,96,36,66,121,124,46,5,129,64,35" hai1="33,11,73,23,44,127,31,59,1,45,123,25,57" hai2="133,92,135,110,119,14,49,116,15,76,9,88,17" hai3="6,84,100,93,13,120,62,53,18,81,83,16,89"/><V128/><F128/><W74/><G120/><T29/><D75/><U82/><E33/><V63/><F110/><W126/><G126/><T104/><D121/><U118/><E123/><V67/><F76/><W95/><G74/><T27/><D124/><U37/><E44/><V98/><F49/><W94/><G81/><T48/><D36/><U52/><E118/><V90/><F90/><W109/><G109/><T108/><D108/><U55/><E59/><V106/><F106/><W7/><G18/><T69/><D129/><U41/><E57/><V42/><F42/><W112/><G112/><T113/><D113/><U72/><E72/><V86/><F86/><W34/><G34/><T132/><D132/><N who="2" m="50762" /><F15/><W60/><G100/><T70/><D87/><U39/><E39/><V111/><F111/><W117/><G117/><T51/><D51/><U134/><E127/><V61/><F61/><N who="3" m="23659" /><G53/><T99/><D104/><U56/><E134/><V4/><F17/><W50/><G50/><T105/><D105/><U101/><E101/><V47/><F47/><W77/><G77/><T28/><D46/><U26/><E45/><V0/><F0/><W21/><AGARI ba="0,0" hai="6,7,13,16,21,83,84,89,93,94,95" m="23659" machi="21" ten="30,2000,0" yaku="8,1,54,1" doraHai="131" who="3" fromWho="3" sc="153,-5,396,-5,285,-10,166,20" /><INIT seed="3,0,0,1,3,71" ten="148,391,275,186" oya="3" hai0="26,130,109,77,40,78,79,113,67,12,62,52,87" hai1="81,102,53,48,25,0,86,69,51,88,70,5,124" hai2="100,120,93,50,96,28,83,80,43,34,19,134,111" hai3="8,57,13,108,6,4,85,119,117,9,58,3,37"/><W61/><G58/><T135/><D109/><U65/><E124/><V32/><F111/><W60/><G61/><T10/><D130/><U131/><E102/><V105/><F105/><W97/><G108/><T90/><D135/><U24/><E131/><V41/><F134/><W27/><G27/><T129/><D129/><U92/><E5/><V55/><F120/><W54/><G85/><T114/><D26/><U125/><E0/><V59/><F34/><W107/><G107/><T115/><D40/><N who="2" m="15434" /><F32/><W17/><G97/><T18/><D52/><U15/><E15/><V110/><F110/><W106/><G106/><T104/><D104/><U22/><E51/><V116/><F116/><W31/><G31/><T94/><REACH who="0" step="1"/><D78/><REACH who="0" ten="138,391,275,186" step="2"/><U103/><E25/><V133/><F55/><W20/><G37/><T56/><AGARI ba="0,1" hai="10,12,18,56,62,67,77,79,87,90,94,113,114,115" machi="56" ten="30,8000,1" yaku="1,1,2,1,0,1,11,1,53,1" doraHai="71" doraHaiUra="7" who="0" fromWho="0" sc="138,90,391,-20,275,-20,186,-40" owari="228,-17.2,371,47.1,255,5.5,146,-35.4" /></mjloggm>