<mjloggm ver="2.3"><GO type="225" lobby="0"/><UN n0="%E4%B8%89%E5%86%A0%E7%8E%8B%E3%83%BB%E5%B1%B1%E7%94%B0%E5%93%B2%E4%BA%BA" n1="%72%61%6B%33" n2="%E3%81%A1%E3%82%85%E3%81%86%E3%81%A9%E3%81%8F%E8%B1%A1%E3%81%95%E3%82%93" n3="%4E%49%4A%49%49%52%4F" dan="16,16,17,16" rate="2161.79,2185.34,2208.04,2179.26" sx="M,M,M,M"/><TAIKYOKU oya="0"/><INIT seed="0,0,0,1,0,7" ten="250,250,250,250" oya="0" hai0="22,100,95,26,44,12,11,21,68,29,69,67,14" hai1="131,85,99,91,71,70,127,114,54,112,126,109,81" hai2="2,96,87,97,104,101,115,30,45,102,84,120,27" hai3="106,133,107,18,123,86,72,39,6,89,124,105,50"/><T57/><D44/><U93/><E54/><V132/><F120/><W35/><G123/><T28/><D14/><U135/><E70/><V76/><F115/><N who="1" m="44073" /><E71/><V75/><F132/><W32/><G39/><T40/><D40/><U63/><E63/><V66/><F2/><W110/><G72/><T0/><D0/><U51/><E51/><V25/><F66/><W103/><G133/><T9/><D68/><U47/><E47/><V37/><F75/><W60/><G110/><T98/><D69/><U74/><E135/><V49/><F37/><W79/><G79/><T56/><D56/><U53/><E53/><V62/><F62/><W77/><G77/><T43/><D43/><U119/><E109/><V125/><F125/><N who="1" m="47625" /><E131/><V73/><F73/><W3/><G124/><T38/><D38/><U24/><E24/><V41/><F76/><W46/><G18/><N who="0" m="10439" /><D29/><U64/><E64/><V15/><F15/><W82/><G60/><AGARI ba="0,0" hai="9,11,22,26,28,57,60,67,95,98,100" m="10439" machi="60" ten="30,11600,0" yaku="25,1,8,1,52,2" doraHai="7" who="0" fromWho="3" sc="250,116,250,0,250,0,250,-116" /><INIT seed="0,1,0,2,5,34" ten="366,250,250,134" oya="0" hai0="117,49,102,131,83,40,121,92,4,2,89,84,93" hai1="31,124,130,78,25,96,116,64,9,47,72,22,85" hai2="112,86,42,30,56,75,46,134,71,115,128,3,62" hai3="87,24,6,95,127,23,48,67,80,57,82,11,65"/><T8/><D117/><U99/><E116/><V105/><F75/><W125/><G125/><T0/><D121/><U29/><E124/><V55/><F105/><W13/><G127/><T88/><D131/><U98/><E130/><V45/><F86/><W10/><G10/><T16/><D102/><U20/><E72/><V33/><F3/><W77/><G95/><T129/><D129/><U21/><E64/><V81/><F81/><W120/><G120/><T119/><D119/><U59/><E59/><V118/><F30/><W44/><G80/><T114/><D114/><U123/><E123/><V1/><F1/><W36/><G57/><T43/><D83/><N who="1" m="47351" /><E25/><V61/><F33/><W135/><G36/><T19/><D0/><U35/><E35/><V50/><F118/><W73/><G135/><T38/><D38/><U26/><E26/><V90/><F90/><W41/><REACH who="3" step="1"/><G73/><REACH who="3" ten="366,250,250,124" step="2"/><T14/><D8/><U104/><E104/><V7/><F134/><W79/><G79/><T53/><D93/><U74/><E74/><V37/><F128/><W110/><G110/><T97/><D92/><U106/><E106/><V126/><F126/><W12/><G12/><T66/><D14/><U39/><E9/><V52/><F7/><W108/><G108/><T28/><D4/><U69/><E69/><V70/><F70/><W51/><G51/><T68/><D49/><U109/><E109/><V111/><F111/><W122/><G122/><T101/><D2/><U103/><E103/><V107/><F107/><W18/><AGARI ba="1,1" hai="6,11,13,18,23,24,41,44,48,65,67,77,82,87" machi="18" ten="20,12000,2" yaku="1,1,0,1,7,1,25,2,8,1,53,1" doraHai="34" doraHaiUra="76" who="3" fromWho="3" sc="366,-61,250,-31,250,-31,124,133" /><INIT seed="1,0,0,4,2,38" ten="305,219,219,257" oya="1" hai0="123,66,72,122,32,55,75,86,116,117,7,95,96" hai1="59,118,70,130,46,83,76,26,101,39,68,58,88" hai2="134,113,87,98,13,3,102,8,71,67,17,77,126" hai3="10,100,1,11,110,31,127,45,37,19,62,28,35"/><U24/><E118/><V12/><F3/><W57/><G110/><T84/><D32/><U25/><E130/><V60/><F134/><W133/><G133/><T131/><D66/><U112/><E112/><V132/><F132/><W50/><G127/><T18/><D7/><U63/><E101/><V111/><F111/><W92/><G37/><T6/><D6/><U69/><E63/><V42/><F126/><W30/><G35/><T97/><D18/><U41/><REACH who="1" step="1"/><E88/><REACH who="1" ten="305,209,219,257" step="2"/><V44/><F113/><W121/><G100/><T15/><D131/><U108/><E108/><V73/><F77/><W78/><G78/><T9/><D117/><U16/><E16/><V80/><F73/><AGARI ba="0,1" hai="24,25,26,39,41,46,58,59,68,69,70,73,76,83" machi="73" ten="50,4800,0" yaku="1,1,52,1,53,0" doraHai="38" doraHaiUra="94" who="1" fromWho="2" sc="305,0,209,58,219,-48,257,0" /><INIT seed="1,1,0,3,2,2" ten="305,267,171,257" oya="1" hai0="81,70,32,126,62,52,41,92,89,40,33,90,120" hai1="110,60,19,79,56,101,83,44,84,94,8,16,85" hai2="86,67,133,112,132,20,17,14,127,59,88,102,113" hai3="38,117,131,11,26,103,50,114,63,91,99,0,116"/><U57/><E110/><V55/><F102/><W130/><G38/><T134/><D134/><N who="2" m="51818" /><F67/><W7/><G114/><N who="2" m="44137" /><F127/><W54/><G63/><T125/><D62/><U51/><E8/><V21/><F55/><W30/><G91/><T78/><D90/><U35/><E35/><V96/><F59/><W47/><G26/><T37/><D41/><U80/><E94/><N who="2" m="54551" /><F96/><W73/><G73/><T15/><D70/><U87/><E101/><V115/><N who="2" m="44145" /><V68/><DORA hai="39" /><F68/><W12/><G30/><T36/><D126/><U129/><E129/><N who="3" m="49162" /><G0/><T22/><D125/><U71/><E71/><V77/><F77/><W100/><G100/><T123/><D78/><N who="1" m="46103" /><E85/><V3/><F3/><W107/><AGARI ba="1,0" hai="7,11,12,47,50,54,99,103,107,116,117" m="49162" machi="107" ten="30,2000,0" yaku="19,1,52,1" doraHai="2,39" who="3" fromWho="3" sc="305,-6,267,-11,171,-6,257,23" /><INIT seed="2,0,0,4,0,125" ten="299,256,165,280" oya="2" hai0="7,126,71,53,5,61,11,88,76,98,127,95,21" hai1="111,39,68,45,8,90,56,117,81,20,131,101,79" hai2="107,48,65,122,6,106,43,46,102,2,28,41,124" hai3="73,23,13,54,14,78,47,62,110,42,92,0,40"/><V26/><F122/><W104/><G0/><T17/><D76/><U69/><E117/><V134/><F124/><W34/><G34/><T22/><D22/><U132/><E132/><V66/><F134/><W10/><G104/><T80/><D80/><U59/><E45/><V121/><F121/><W27/><G110/><T44/><D5/><U83/><E20/><V115/><F115/><W82/><G92/><T1/><D71/><U133/><E39/><V119/><F119/><W70/><G70/><T97/><D97/><U113/><E90/><V123/><F123/><W103/><G103/><T36/><D36/><U93/><E93/><V89/><F41/><W15/><G10/><T30/><D30/><U86/><E8/><V135/><F135/><W3/><G3/><T100/><D100/><U128/><E133/><V85/><F6/><W72/><G72/><T37/><D37/><U87/><E101/><V77/><F2/><W12/><G12/><T29/><D29/><U94/><E94/><N who="2" m="54575" /><F77/><W84/><G73/><T31/><D7/><U35/><E79/><V9/><F9/><W19/><G62/><T4/><D61/><U33/><E111/><V130/><F130/><W105/><G105/><N who="2" m="39945" /><F102/><W75/><G75/><T96/><D127/><U18/><E18/><V108/><F108/><W16/><G19/><T120/><D126/><U109/><E109/><V91/><F91/><W24/><G24/><N who="0" m="16783" /><D17/><U55/><E113/><V74/><F74/><W58/><G47/><T114/><D120/><U112/><E112/><V64/><F26/><W32/><G32/><T116/><D11/><RYUUKYOKU ba="0,0" sc="299,-30,256,10,165,10,280,10" hai1="33,35,55,56,59,68,69,81,83,86,87,128,131" hai2="28,43,46,48,64,65,66" hai3="13,14,15,16,23,27,40,42,54,58,78,82,84" /><INIT seed="2,1,0,5,5,64" ten="269,266,175,290" oya="2" hai0="130,75,107,127,92,61,87,5,34,88,8,13,102" hai1="113,1,99,65,48,85,119,77,23,69,7,29,117" hai2="20,118,122,115,97,96,128,134,56,4,121,70,63" hai3="80,90,78,50,71,108,33,10,100,68,98,41,95"/><V32/><F118/><W16/><G33/><T9/><D34/><U101/><E113/><V54/><F115/><W15/><G108/><T109/><D109/><U110/><E110/><V2/><F32/><W129/><G129/><T26/><D130/><U133/><E133/><V19/><F128/><W3/><G3/><T24/><D127/><U51/><E7/><V62/><F134/><W86/><G41/><T0/><D75/><U14/><E1/><V74/><F74/><W47/><G47/><T83/><D107/><U67/><E85/><V52/><F4/><W103/><G50/><T42/><D42/><U112/><E77/><V57/><F2/><W53/><G53/><T55/><D8/><U120/><E112/><V116/><F116/><W6/><G6/><T17/><D17/><U81/><E120/><V27/><REACH who="2" step="1"/><F70/><REACH who="2" ten="269,266,165,290" step="2"/><W37/><G71/><T22/><D0/><U132/><E69/><V40/><F40/><W39/><G68/><T104/><D5/><U126/><E132/><V11/><F11/><W49/><G39/><T60/><D9/><U38/><E38/><V89/><F89/><W58/><G37/><T123/><D88/><U111/><E119/><V46/><F46/><W66/><G90/><T36/><D36/><U124/><E117/><V84/><F84/><W21/><G10/><T125/><D87/><U91/><E111/><V79/><F79/><W43/><G43/><T106/><D123/><AGARI ba="1,1" hai="19,20,27,52,54,56,57,62,63,96,97,121,122,123" machi="123" ten="40,7700,0" yaku="1,1,9,1,54,1,53,0" doraHai="64" doraHaiUra="82" who="2" fromWho="0" sc="269,-80,266,0,165,90,290,0" /><INIT seed="2,2,0,1,2,70" ten="189,266,255,290" oya="2" hai0="52,59,93,109,110,129,26,13,29,22,66,96,47" hai1="39,12,58,37,65,131,16,133,86,113,68,107,101" hai2="54,56,88,125,72,81,95,45,50,97,42,134,55" hai3="77,35,62,94,46,118,69,0,40,61,3,99,85"/><V104/><F125/><W53/><G35/><T108/><D129/><U21/><E113/><V15/><F134/><W63/><G118/><T124/><D124/><U126/><E126/><V92/><F104/><W30/><G30/><T17/><D66/><U87/><E68/><V120/><F120/><W105/><G105/><T8/><D47/><U123/><E131/><V32/><F32/><W7/><G69/><T9/><D9/><U90/><E133/><V4/><F72/><W83/><G7/><T114/><D114/><U74/><E74/><V28/><F28/><W106/><G106/><T91/><REACH who="0" step="1"/><D109/><REACH who="0" ten="179,266,255,290" step="2"/><U1/><E65/><V23/><F42/><W128/><G128/><T64/><D64/><U119/><E123/><V5/><F45/><W80/><G40/><T43/><D43/><U89/><E58/><V33/><F54/><W27/><G46/><T14/><D14/><U25/><E12/><V127/><F127/><W78/><G53/><T48/><AGARI ba="2,1" hai="8,13,17,22,26,29,48,52,59,91,93,96,108,110" machi="48" ten="30,4000,0" yaku="1,1,0,1,54,1,53,0" doraHai="70" doraHaiUra="111" who="0" fromWho="0" sc="179,56,266,-12,255,-22,290,-12" /><INIT seed="3,0,0,4,2,43" ten="235,254,233,278" oya="3" hai0="109,130,61,84,120,73,42,34,63,101,60,35,82" hai1="104,54,51,91,113,99,30,20,92,126,12,38,129" hai2="21,72,102,93,125,79,22,90,75,132,19,112,25" hai3="52,65,76,105,2,56,14,37,70,27,33,116,106"/><W11/><G37/><T23/><D120/><U32/><E38/><V69/><F112/><W29/><G2/><T57/><D73/><U110/><E113/><V114/><F114/><W40/><G40/><T87/><D109/><U58/><E110/><V80/><F69/><W59/><G76/><T115/><D115/><U45/><E126/><V103/><F125/><W77/><G77/><T39/><D57/><U88/><E129/><V96/><F132/><W47/><G47/><T71/><D71/><U4/><E104/><V118/><F118/><W55/><G70/><T26/><D101/><U6/><E32/><V133/><F133/><W10/><G10/><T119/><D119/><U107/><E107/><V9/><F9/><W28/><G28/><T127/><D130/><U124/><E124/><V111/><F111/><W1/><G1/><T108/><D108/><U8/><E4/><V97/><F72/><W94/><G94/><T31/><D127/><U15/><E58/><V49/><F97/><W62/><G65/><T121/><D121/><U36/><E36/><V24/><REACH who="2" step="1"/><F49/><REACH who="2" ten="235,254,223,278" step="2"/><W18/><G116/><T128/><D128/><U7/><E7/><V66/><F66/><W86/><G86/><T135/><D87/><U131/><E131/><V67/><F67/><W68/><G68/><T53/><D135/><U117/><E117/><V122/><F122/><W89/><G89/><T123/><D123/><U64/><E64/><V50/><F50/><AGARI ba="0,1" hai="11,14,18,27,29,33,50,52,55,56,59,62,105,106" machi="50" ten="30,2900,0" yaku="7,1,54,1" doraHai="43" who="3" fromWho="2" sc="235,0,254,0,223,-29,278,39" owari="235,-16.5,254,5.4,194,-30.6,317,41.7" /></mjloggm>