<mjloggm ver="2.3"><GO type="225" lobby="0"/><UN n0="%E6%B4%BE%E9%81%A3%E3%81%AE%E3%82%B8%E3%83%A3%E3%83%83%E3%82%AF" n1="%E3%81%B2%E3%81%BE%E3%81%A4%E3%81%B6%E3%81%97" n2="%E3%81%BF%E3%81%BF%E3%81%9A" n3="%E5%84%AA%40%41%42%43" dan="17,16,16,18" rate="2181.04,2152.56,2125.94,2199.60" sx="M,M,M,M"/><TAIKYOKU oya="0"/><INIT seed="0,0,0,1,2,81" ten="250,250,250,250" oya="0" hai0="110,112,89,44,66,118,46,5,40,35,99,122,62" hai1="80,19,25,100,101,41,129,10,43,18,29,30,67" hai2="128,120,52,20,14,131,13,78,68,86,114,7,36" hai3="60,47,107,95,3,34,83,104,28,24,102,94,51"/><T96/><D112/><U85/><E129/><N who="2" m="49739" /><F120/><W12/><G3/><T42/><D35/><U55/><E55/><V59/><F68/><W49/><G49/><T57/><D118/><U121/><E121/><V75/><F75/><W105/><G102/><T82/><D5/><U126/><E126/><V21/><F36/><W26/><G60/><T50/><D122/><U23/><E67/><V119/><F119/><W0/><G0/><T93/><D110/><U53/><E53/><V65/><F65/><W116/><G12/><N who="2" m="4713" /><F7/><W2/><G2/><T79/><D96/><U91/><E10/><V117/><F114/><W133/><G133/><T58/><D58/><U106/><E106/><V111/><F111/><W39/><G39/><T38/><D38/><U87/><E80/><N who="2" m="47383" /><F117/><W6/><G6/><T37/><D82/><U56/><E23/><V61/><AGARI ba="0,0" hai="20,21,52,59,61" m="47383,4713,49739" machi="61" ten="30,4000,0" yaku="19,1,52,1,54,1" doraHai="81" who="2" fromWho="2" sc="250,-20,250,-10,250,40,250,-10" /><INIT seed="1,0,0,0,4,80" ten="230,240,290,240" oya="1" hai0="125,94,60,68,15,6,27,19,40,31,11,128,43" hai1="44,109,126,88,67,76,135,46,133,91,78,26,72" hai2="85,55,77,8,118,102,62,129,120,79,134,35,49" hai3="33,114,119,7,83,58,74,38,0,99,34,117,97"/><U93/><E126/><V56/><F120/><W13/><G114/><T25/><D125/><U108/><E67/><V10/><F35/><W57/><G38/><T86/><D128/><U54/><E26/><V17/><F118/><N who="3" m="45067" /><G0/><T64/><D6/><U84/><E54/><V5/><F102/><W12/><G7/><T47/><D47/><N who="1" m="17963" /><E91/><V81/><F129/><W122/><G122/><T42/><REACH who="0" step="1"/><D31/><REACH who="0" ten="220,240,290,240" step="2"/><U101/><E101/><V98/><F5/><W112/><G112/><T89/><AGARI ba="0,1" hai="11,15,19,25,27,40,42,43,60,64,68,86,89,94" machi="89" ten="30,12000,2" yaku="1,1,2,1,0,1,52,1,53,3" doraHai="80" doraHaiUra="39" who="0" fromWho="0" sc="220,130,240,-60,290,-30,240,-30" /><INIT seed="2,0,0,3,0,67" ten="350,180,260,210" oya="2" hai0="58,21,97,49,109,89,100,46,91,119,129,47,88" hai1="98,131,8,48,120,82,30,83,62,6,66,60,20" hai2="95,36,17,77,52,55,111,69,10,12,99,134,108" hai3="41,57,102,101,90,123,115,113,5,35,19,61,25"/><V117/><F117/><W13/><G123/><T110/><D129/><U26/><E120/><V124/><F36/><W104/><G104/><T107/><D119/><U0/><E131/><V86/><F134/><W64/><G41/><T14/><D58/><U133/><E133/><V105/><F105/><W18/><G5/><T73/><D73/><U127/><E127/><V74/><F74/><W68/><G57/><T24/><D14/><U96/><E62/><V65/><F124/><W27/><G90/><T44/><D49/><U94/><E48/><V22/><F86/><W80/><G80/><T56/><D56/><U87/><E87/><V43/><F77/><W63/><G35/><T84/><D84/><U103/><REACH who="1" step="1"/><E96/><REACH who="1" ten="350,170,260,210" step="2"/><V15/><F99/><W85/><G85/><T122/><D122/><U92/><E92/><V118/><F95/><W125/><G125/><T29/><AGARI ba="0,1" hai="21,24,29,44,46,47,88,89,91,97,100,107,109,110" machi="29" ten="40,2700,0" yaku="0,1,54,1" doraHai="67" who="0" fromWho="0" sc="350,37,170,-7,260,-13,210,-7" /><INIT seed="3,0,0,1,0,59" ten="387,163,247,203" oya="3" hai0="112,3,20,123,35,7,115,45,93,101,4,22,47" hai1="125,23,0,79,81,99,21,100,39,117,126,71,65" hai2="19,122,2,53,61,6,92,96,77,48,43,132,72" hai3="31,41,51,50,90,124,135,127,49,74,58,134,16"/><W63/><G74/><T76/><D35/><U95/><E0/><V104/><F104/><W129/><G31/><T40/><D123/><U82/><E39/><V13/><F6/><W114/><G90/><T85/><D101/><U42/><E42/><V26/><F26/><W109/><G114/><T67/><D67/><U64/><E117/><V5/><F5/><W73/><G73/><T37/><D93/><U108/><E108/><V14/><F77/><W1/><G1/><T24/><D24/><U15/><E15/><V54/><F72/><W97/><G97/><T84/><D3/><U29/><E29/><V11/><F13/><W111/><G16/><T55/><D55/><U12/><E12/><V69/><F2/><W89/><G89/><T66/><D66/><U102/><E99/><V57/><F122/><W44/><G129/><T105/><D105/><U33/><E33/><V106/><F106/><W8/><G8/><T70/><D40/><U25/><E25/><V94/><F94/><W56/><G56/><T91/><D91/><U116/><E116/><V60/><F69/><W75/><G75/><T18/><D70/><U52/><E71/><V10/><F10/><W80/><G80/><T110/><D18/><U86/><E95/><V62/><F132/><N who="3" m="50731" /><G111/><T118/><D110/><U78/><E86/><V34/><F34/><W107/><G107/><T36/><D76/><U133/><E133/><V17/><F19/><W113/><G113/><T130/><D130/><U38/><E38/><V83/><F92/><W28/><G109/><T128/><D128/><U121/><E121/><RYUUKYOKU ba="0,0" sc="387,15,163,15,247,-15,203,-15" hai0="4,7,20,22,36,37,45,47,84,85,112,115,118" hai1="21,23,52,64,65,78,79,81,82,100,102,125,126" owari="402,50.2,178,-32.2,232,3.2,188,-21.2" /></mjloggm>