<mjloggm ver="2.3"><GO type="225" lobby="0"/><UN n0="%6D%75%75%6D%75%72%61" n1="%E9%80%9F%E6%B0%B4%E5%87%9B%E9%A6%99" n2="%72%69%6F%75%63%68%61%6E" n3="%72%61%6B%33" dan="16,16,16,16" rate="2152.16,2142.79,2191.25,2137.31" sx="F,F,M,M"/><TAIKYOKU oya="0"/><INIT seed="0,0,0,2,5,87" ten="250,250,250,250" oya="0" hai0="88,6,112,102,134,125,65,93,132,100,55,122,41" hai1="119,128,96,107,60,101,72,35,82,10,50,0,23" hai2="123,106,2,22,34,47,19,14,45,61,16,124,84" hai3="94,77,110,79,127,75,38,92,90,76,71,116,46"/><T49/><D112/><U11/><E35/><V54/><F123/><W37/><G71/><T131/><D122/><U12/><E119/><V98/><F124/><W30/><G116/><T40/><D125/><U70/><E128/><V113/><F113/><W56/><G127/><T74/><D74/><U42/><E23/><V91/><F2/><W86/><G110/><T66/><D6/><U8/><E0/><V27/><F106/><W118/><G118/><T89/><D131/><U20/><E20/><N who="2" m="13703" /><F34/><W5/><G75/><T44/><D93/><U114/><E114/><V63/><F98/><W103/><G30/><T73/><D73/><U108/><E108/><V105/><F105/><W111/><G111/><T1/><D1/><U33/><E33/><V64/><F64/><N who="0" m="24682" /><D134/><U31/><E31/><V39/><F39/><W97/><G56/><N who="0" m="32879" /><D132/><U109/><E109/><V28/><F28/><W24/><G24/><T121/><D121/><U18/><E70/><V62/><F54/><W15/><REACH who="3" step="1"/><G46/><REACH who="3" ten="250,250,250,240" step="2"/><T36/><D44/><U95/><E72/><V117/><F117/><W51/><G51/><T81/><D36/><U99/><E50/><V126/><F126/><W43/><G43/><N who="0" m="16459" /><D81/><AGARI ba="0,1" hai="14,19,22,45,47,61,62,63,81,84,91" m="13703" machi="81" ten="30,3900,0" yaku="8,1,52,1,54,1" doraHai="87" who="2" fromWho="0" sc="250,-39,250,0,250,49,240,0" /><INIT seed="1,0,0,5,2,83" ten="211,250,299,240" oya="1" hai0="98,125,108,85,87,9,96,3,71,36,61,27,92" hai1="121,69,68,122,133,80,132,40,37,107,11,58,99" hai2="119,39,109,41,97,134,126,47,60,7,46,110,95" hai3="72,103,94,77,32,50,10,57,74,101,5,114,2"/><U120/><E11/><V35/><F119/><W24/><G114/><T22/><D36/><U18/><E18/><V115/><F115/><W129/><G129/><T54/><D108/><N who="2" m="41578" /><F35/><W67/><G77/><T84/><D125/><U70/><E80/><V51/><F134/><N who="1" m="51817" /><E99/><V104/><F7/><W73/><G94/><T42/><D42/><U130/><E107/><V65/><F126/><W30/><REACH who="3" step="1"/><G50/><REACH who="3" ten="211,250,299,230" step="2"/><T131/><D131/><U106/><E130/><V63/><F95/><W112/><G112/><T23/><D92/><U118/><E106/><V75/><F75/><W81/><G81/><T64/><D96/><U55/><E118/><V78/><F78/><W21/><G21/><T86/><D98/><U105/><E105/><V100/><F65/><W31/><G31/><T89/><D23/><U49/><E121/><V29/><F29/><W90/><G90/><T53/><D89/><U45/><AGARI ba="0,1" hai="37,40,45,49,55,58,68,69,70,120,122" m="51817" machi="45" ten="40,7800,0" yaku="20,1,34,2" doraHai="83" who="1" fromWho="1" sc="211,-26,250,88,299,-26,230,-26" /><INIT seed="1,1,0,3,4,70" ten="185,338,273,204" oya="1" hai0="2,64,37,25,35,56,111,1,54,120,41,33,71" hai1="39,10,34,6,9,108,63,26,12,106,52,89,110" hai2="59,134,46,83,67,85,29,47,97,126,107,74,20" hai3="51,53,75,49,16,72,22,128,125,3,36,65,129"/><U7/><E106/><V96/><F126/><W101/><G3/><T32/><D111/><N who="1" m="42539" /><E89/><V14/><F134/><W30/><G125/><T115/><D115/><U82/><E82/><V122/><F74/><W58/><G30/><T73/><D73/><U17/><E39/><V121/><F121/><W131/><G36/><T117/><D117/><U105/><E105/><V100/><F122/><W24/><G65/><T13/><D120/><U109/><E109/><V98/><F100/><W130/><N who="3" m="32768" /><DORA hai="42" /><W55/><REACH who="3" step="1"/><G101/><REACH who="3" ten="185,338,273,194" step="2"/><T38/><D38/><U15/><E34/><V80/><F29/><W86/><G86/><T31/><D35/><U78/><E26/><V8/><F85/><W84/><G84/><T132/><D33/><U57/><E78/><V88/><F67/><W77/><G77/><T99/><D132/><U61/><E17/><V95/><F107/><W66/><G66/><T62/><D99/><U5/><E5/><N who="2" m="3343" /><F98/><W43/><G43/><T40/><D40/><U116/><E116/><V102/><F96/><W103/><G103/><T45/><REACH who="0" step="1"/><D13/><REACH who="0" ten="175,338,273,194" step="2"/><U91/><E12/><V119/><F102/><W11/><G11/><T127/><D127/><U19/><E9/><V118/><F119/><W90/><G90/><T50/><AGARI ba="1,2" hai="1,2,25,31,32,37,41,45,50,54,56,62,64,71" machi="50" ten="20,16000,3" yaku="1,1,0,1,7,1,24,2,52,2,53,1" doraHai="70,42" doraHaiUra="68,114" who="0" fromWho="0" sc="175,183,338,-81,273,-41,194,-41" /><INIT seed="2,0,0,0,1,115" ten="358,257,232,153" oya="2" hai0="125,114,30,70,134,7,87,133,21,80,4,29,103" hai1="56,85,12,28,109,11,19,25,51,60,13,94,6" hai2="68,49,54,27,128,38,24,40,91,131,57,122,71" hai3="72,101,132,95,34,105,32,55,64,59,41,53,77"/><V121/><F91/><W5/><G132/><N who="0" m="50795" /><D114/><U45/><E109/><V3/><F3/><W50/><G105/><T37/><D125/><U117/><E117/><V62/><F24/><W73/><G64/><T135/><D135/><U93/><E25/><V104/><F27/><W81/><G73/><T112/><D112/><U75/><E75/><V61/><F104/><W43/><G5/><N who="0" m="2123" /><D70/><N who="2" m="26666" /><F38/><W102/><G53/><T99/><D21/><U9/><E85/><V10/><F10/><W44/><G41/><T127/><D37/><U31/><E31/><V89/><F89/><W100/><REACH who="3" step="1"/><G95/><REACH who="3" ten="358,257,232,143" step="2"/><N who="0" m="58879" /><D127/><U83/><E94/><V106/><F106/><W8/><G8/><T63/><D63/><AGARI ba="0,1" hai="32,34,43,44,50,55,59,63,72,77,81,100,101,102" machi="63" ten="40,1300,0" yaku="1,1,53,0" doraHai="115" doraHaiUra="123" who="3" fromWho="0" sc="358,-13,257,0,232,0,143,23" /><INIT seed="3,0,0,1,5,45" ten="345,257,232,166" oya="3" hai0="14,92,87,78,66,100,61,111,104,69,90,29,106" hai1="70,105,43,127,42,41,134,129,6,84,116,60,76" hai2="94,21,103,67,102,52,73,58,0,40,17,55,15" hai3="123,99,26,24,49,12,32,11,38,51,34,75,44"/><W16/><G123/><T88/><D78/><U64/><E105/><V56/><F0/><W35/><G75/><T121/><D111/><U119/><E6/><V115/><F115/><W110/><G110/><T72/><D72/><U25/><E84/><V113/><F113/><W126/><G126/><T36/><D36/><U1/><E25/><V7/><F73/><W118/><G118/><N who="1" m="45098" /><E1/><V96/><F7/><W46/><G38/><T8/><D100/><U2/><E2/><V131/><F131/><W114/><G114/><T107/><D29/><U74/><E76/><V97/><F40/><W93/><G46/><T80/><D107/><U31/><E31/><V68/><F68/><W95/><G95/><T91/><D91/><U39/><E74/><V101/><F67/><W9/><G9/><T81/><D81/><U23/><E23/><V122/><F122/><W59/><G59/><N who="2" m="22569" /><F97/><W83/><G83/><T135/><D135/><U85/><E134/><V89/><AGARI ba="0,0" hai="15,17,21,52,55,89,94,96,101,102,103" m="22569" machi="89" ten="30,2000,0" yaku="8,1,54,1" doraHai="45" who="2" fromWho="2" sc="345,-5,257,-5,232,20,166,-10" owari="340,44.0,252,5.2,252,-14.8,156,-34.4" /></mjloggm>