<mjloggm ver="2.3"><GO type="225" lobby="0"/><UN n0="%E8%BE%9B%E5%8F%A3%E3%82%AB%E3%83%AC%E3%83%BC%E3%83%A9%E3%82%A4%E3%82%B9" n1="%73%6C%69%63%6B%33%31%39" n2="%72%65%6E%6B%75%6E" n3="%E3%81%A9%E3%82%8F%E3%82%93%E3%81%94" dan="16,16,17,16" rate="2224.65,2097.06,2252.62,2098.97" sx="M,M,M,M"/><TAIKYOKU oya="0"/><INIT seed="0,0,0,1,5,98" ten="250,250,250,250" oya="0" hai0="115,134,58,53,65,46,70,133,42,73,48,75,50" hai1="4,26,66,74,128,62,23,37,101,92,130,103,90" hai2="45,72,18,132,77,80,105,127,0,54,118,7,36" hai3="69,108,6,107,49,22,11,25,56,15,123,67,111"/><T129/><D115/><U84/><E37/><V81/><F127/><W83/><G123/><T121/><D121/><U112/><E74/><V13/><F132/><N who="0" m="50794" /><D129/><N who="1" m="49771" /><E4/><V97/><F118/><W28/><G107/><T82/><D82/><U34/><E34/><V126/><F126/><W21/><G69/><T119/><D119/><U64/><E112/><V94/><F105/><W117/><G117/><T31/><D31/><N who="1" m="17887" /><E64/><V59/><F80/><W114/><G114/><T87/><D87/><U16/><E16/><V12/><F7/><W39/><G39/><T110/><D110/><N who="3" m="42025" /><G83/><T95/><D95/><U52/><E52/><V32/><F0/><W8/><G8/><T79/><D79/><U44/><E44/><V120/><F32/><N who="3" m="20495" /><G49/><T41/><D41/><U5/><E5/><V3/><F3/><W40/><G40/><T71/><D71/><AGARI ba="0,0" hai="62,66,71,84,90,92,101,103" m="17887,49771" machi="71" ten="30,3900,0" yaku="19,1,52,2" doraHai="98" who="1" fromWho="0" sc="250,-39,250,39,250,0,250,0" /><INIT seed="1,0,0,2,5,100" ten="211,289,250,250" oya="1" hai0="114,46,119,65,74,5,44,110,7,84,16,111,128" hai1="98,96,2,91,61,89,127,135,71,9,25,56,88" hai2="41,85,57,68,59,47,20,52,30,28,69,78,32" hai3="118,120,35,115,34,1,38,92,37,26,108,4,117"/><U42/><E127/><V12/><F32/><W93/><G120/><T21/><D114/><U27/><E135/><V19/><F68/><W107/><G115/><T122/><D119/><N who="3" m="45577" /><G108/><N who="0" m="41515" /><D74/><U33/><E71/><V112/><F69/><W133/><G133/><T124/><D124/><U43/><E2/><V95/><F112/><W54/><G54/><T11/><D122/><U17/><E33/><N who="3" m="12298" /><G26/><N who="1" m="9738" /><E17/><V6/><F6/><N who="0" m="2058" /><D11/><U106/><E106/><V55/><F41/><N who="1" m="15369" /><E9/><V80/><F95/><N who="3" m="36427" /><G107/><T62/><D84/><U101/><E101/><V99/><F99/><W129/><G129/><T31/><D128/><U50/><E50/><N who="2" m="28767" /><F57/><W49/><G49/><AGARI ba="0,0" hai="12,19,20,28,30,49,55,59,78,80,85" m="28767" machi="49" ten="30,2000,0" yaku="8,1,54,1" doraHai="100" who="2" fromWho="3" sc="211,0,289,0,250,20,250,-20" /><INIT seed="2,0,0,2,0,70" ten="211,289,270,230" oya="2" hai0="44,88,131,77,127,112,6,14,126,57,73,17,3" hai1="103,110,98,30,96,37,60,51,92,0,35,26,106" hai2="99,45,50,105,66,93,22,64,20,81,84,133,68" hai3="135,72,13,76,61,54,94,29,65,2,38,39,49"/><V119/><F133/><W132/><G2/><T100/><D112/><U28/><E0/><V63/><F105/><W75/><G38/><T83/><D100/><U85/><E110/><V23/><F119/><W114/><G29/><T10/><D131/><U116/><E116/><V121/><F121/><W115/><G13/><T67/><D44/><U1/><E1/><V134/><F134/><N who="3" m="51243" /><G39/><T79/><D79/><U32/><E85/><V97/><F66/><W55/><G94/><T5/><D88/><U109/><E109/><V91/><REACH who="2" step="1"/><F93/><REACH who="2" ten="211,289,260,230" step="2"/><W31/><G65/><T104/><D104/><U16/><E92/><V122/><F122/><W90/><G115/><T4/><REACH who="0" step="1"/><D3/><REACH who="0" ten="201,289,260,230" step="2"/><U12/><E106/><V25/><F25/><W128/><G114/><T130/><D130/><U80/><E26/><V7/><F7/><W48/><G128/><T62/><AGARI ba="0,2" hai="4,5,6,10,14,17,57,62,67,73,77,83,126,127" machi="62" ten="30,2000,0" yaku="1,1,0,1,53,0" doraHai="70" doraHaiUra="27" who="0" fromWho="0" sc="201,40,289,-5,260,-10,230,-5" /><INIT seed="3,0,0,5,0,90" ten="241,284,250,225" oya="3" hai0="88,120,7,22,5,9,49,106,23,103,102,122,26" hai1="61,35,51,40,58,116,25,67,38,89,129,20,39" hai2="54,99,131,128,10,97,62,12,6,81,130,87,41" hai3="114,123,104,65,83,111,33,100,75,55,79,0,107"/><W45/><G123/><T64/><D106/><U77/><E129/><V30/><F30/><W31/><G114/><T50/><D64/><U52/><E35/><V74/><F74/><W117/><G55/><T68/><D9/><U124/><E124/><V18/><F41/><W46/><G117/><T11/><D11/><U126/><E126/><V108/><F108/><W44/><G111/><T115/><D26/><U69/><E77/><N who="2" m="46511" /><F18/><W119/><G119/><T133/><D88/><U118/><E89/><V53/><F62/><W3/><G65/><T4/><D4/><U76/><E76/><V86/><F86/><W43/><G43/><T17/><D17/><N who="1" m="12431" /><E38/><V21/><F21/><W48/><G48/><T93/><D68/><U92/><E92/><V73/><F73/><W8/><G100/><T109/><D109/><U42/><E42/><V110/><F110/><W112/><G112/><T127/><D115/><U78/><E78/><V94/><F97/><W24/><REACH who="3" step="1"/><G3/><REACH who="3" ten="241,284,250,215" step="2"/><T135/><D127/><U28/><E28/><V56/><F56/><W14/><G14/><T2/><D2/><U101/><E101/><AGARI ba="0,1" hai="6,10,12,53,54,94,99,101,128,130,131" m="46511" machi="101" ten="30,2000,0" yaku="19,1,52,1" doraHai="90" who="2" fromWho="1" sc="241,0,284,-20,250,30,215,0" /><INIT seed="4,0,0,1,4,101" ten="241,264,280,215" oya="0" hai0="29,96,5,128,23,47,92,116,6,45,108,110,99" hai1="43,14,37,49,75,33,82,121,132,106,28,40,68" hai2="90,15,76,125,13,129,67,95,30,9,85,118,81" hai3="115,84,69,3,113,11,58,44,70,4,79,54,55"/><T89/><D116/><U100/><E121/><V38/><F118/><W94/><G44/><N who="0" m="16971" /><D128/><U122/><E122/><V41/><F129/><W77/><G94/><N who="0" m="56399" /><D23/><U71/><E49/><V19/><F125/><W35/><G35/><T119/><D29/><U111/><E14/><V20/><F67/><W53/><G58/><T34/><D34/><U80/><E132/><V1/><F1/><W130/><G130/><T46/><N who="0" m="16979" /><T91/><DORA hai="36" /><D119/><U57/><E28/><V25/><F38/><W134/><G134/><T10/><D10/><U86/><E33/><V126/><F13/><W87/><G87/><T59/><D59/><U51/><E57/><V72/><REACH who="2" step="1"/><F126/><REACH who="2" ten="241,264,270,215" step="2"/><W39/><G39/><T114/><D114/><N who="3" m="43529" /><G84/><T24/><D24/><U50/><E86/><V103/><F103/><W31/><G31/><T133/><D133/><U22/><E100/><V124/><F124/><W17/><G17/><T88/><D91/><U74/><E37/><V52/><F52/><N who="3" m="13315" /><W112/><DORA hai="64" /><G112/><T117/><D117/><U83/><E40/><AGARI ba="0,1" hai="9,15,19,20,25,30,40,41,72,76,81,85,90,95" machi="40" ten="40,5200,0" yaku="1,1,52,2,53,0" doraHai="101,36,64" doraHaiUra="56,97,65" who="2" fromWho="1" sc="241,0,264,-52,270,62,215,0" owari="241,4.1,212,-28.8,332,43.2,215,-18.5" /></mjloggm>