<mjloggm ver="2.3"><GO type="225" lobby="0"/><UN n0="%6D%75%75%6D%75%72%61" n1="%E3%81%BF%E3%81%BF%E3%81%9A" n2="%E3%81%9F%E3%81%A3%E3%81%A1%E3%82%87" n3="%E3%82%A2%E3%83%9E%E3%83%9D%EF%BD%9E%EF%BD%9E%E3%83%A9" dan="16,17,16,17" rate="2208.31,2187.89,2076.61,2189.68" sx="F,M,M,M"/><TAIKYOKU oya="0"/><INIT seed="0,0,0,0,2,66" ten="250,250,250,250" oya="0" hai0="89,94,52,15,20,103,116,74,57,67,82,135,7" hai1="69,71,1,93,86,112,22,122,21,73,48,113,97" hai2="108,39,58,83,6,128,88,120,77,78,60,127,4" hai3="117,50,121,72,134,59,124,25,38,26,31,80,118"/><T99/><D116/><U30/><E73/><V56/><F120/><W8/><G38/><T126/><D126/><U79/><E1/><V33/><F39/><W62/><G134/><T115/><D135/><U24/><E122/><V133/><F33/><W101/><G101/><T81/><D115/><N who="1" m="44107" /><E48/><V114/><F114/><W17/><G50/><N who="0" m="30871" /><D74/><U40/><E40/><V123/><F108/><W43/><G43/><T14/><D67/><U5/><E5/><V75/><F128/><W104/><G104/><T0/><D0/><U106/><E106/><V18/><F127/><W92/><G124/><T16/><D103/><N who="1" m="60847" /><E21/><V131/><F131/><W111/><G72/><T12/><D7/><U90/><E79/><V91/><F77/><W10/><G121/><T125/><D125/><U98/><E98/><V28/><F123/><W35/><G117/><T53/><D53/><U84/><E84/><V64/><F4/><W100/><G118/><T105/><D105/><U9/><E9/><V42/><F6/><W70/><G8/><T11/><D11/><U34/><E34/><V55/><F42/><W87/><G10/><T37/><D37/><U109/><E109/><V96/><F55/><W95/><G111/><T68/><D68/><U119/><E119/><V85/><F133/><W110/><G70/><T45/><D45/><U23/><E23/><V44/><F75/><W129/><G110/><T19/><D20/><U102/><E102/><V51/><F44/><W130/><G130/><T41/><D41/><U76/><E76/><V13/><F78/><N who="3" m="46487" /><G129/><T36/><D36/><U29/><E29/><RYUUKYOKU ba="0,0" sc="250,15,250,15,250,-15,250,-15" hai0="12,14,15,16,19,81,82,89,94,99" hai1="22,24,30,69,71,86,90" /><INIT seed="0,1,0,5,4,112" ten="265,265,235,235" oya="0" hai0="71,68,98,69,56,128,123,59,127,113,48,31,3" hai1="35,77,17,96,16,125,41,75,57,58,8,135,1" hai2="91,92,99,116,117,86,4,9,6,61,108,36,82" hai3="18,62,12,64,101,90,106,32,43,46,132,129,115"/><T94/><D113/><U70/><E70/><V114/><F114/><W15/><G115/><T72/><D123/><U51/><E35/><V55/><F108/><W21/><G129/><T107/><D128/><U119/><E119/><N who="2" m="45643" /><F36/><W53/><G32/><T74/><D107/><U37/><E96/><V95/><F95/><W111/><G101/><T88/><D127/><U131/><E131/><V28/><F28/><W79/><G106/><T38/><D38/><U22/><E125/><V73/><F73/><W120/><G132/><T105/><D105/><U26/><E51/><V81/><F81/><W47/><G111/><T39/><D39/><U97/><E97/><V49/><F61/><W2/><G62/><T100/><D100/><U87/><E87/><V63/><F9/><W50/><G120/><T30/><D74/><U121/><E135/><V29/><F63/><W5/><G50/><T7/><D72/><U25/><E121/><V42/><F42/><W52/><G43/><T24/><D48/><U23/><E41/><V109/><F29/><W45/><G53/><T78/><D31/><U76/><E37/><V93/><F109/><W80/><G80/><T124/><D124/><U34/><E34/><V104/><F104/><W67/><G21/><T118/><D118/><U102/><E102/><N who="2" m="60775" /><F82/><W134/><G134/><T66/><D98/><U103/><E103/><V60/><F60/><W27/><G52/><T130/><D130/><U54/><E54/><V10/><F10/><W89/><G64/><T19/><D66/><U11/><E75/><V13/><F13/><W33/><G15/><RYUUKYOKU ba="1,0" sc="265,-15,265,15,235,15,235,-15" hai1="1,8,11,16,17,22,23,25,26,57,58,76,77" hai2="4,6,49,55,86,91,93" /><INIT seed="1,2,0,3,3,121" ten="250,280,250,220" oya="1" hai0="21,126,100,0,29,7,3,102,74,44,11,135,124" hai1="111,70,22,65,73,43,112,40,81,132,17,78,105" hai2="37,46,49,58,106,116,67,39,45,30,113,9,19" hai3="109,133,114,61,14,60,47,28,32,20,5,12,56"/><U51/><E112/><V127/><F116/><W118/><G114/><T57/><D74/><U53/><E105/><V107/><F113/><W48/><G118/><T25/><D135/><U52/><E132/><V4/><F127/><N who="0" m="48682" /><D0/><U80/><E111/><V38/><F30/><W104/><G104/><T96/><D96/><U134/><E134/><V108/><F19/><W76/><G32/><T31/><D31/><U26/><E53/><V99/><F108/><W125/><G76/><T79/><D79/><U87/><E70/><V72/><F72/><W92/><G109/><T18/><D57/><U95/><E65/><V1/><F99/><W54/><G133/><T103/><D44/><U85/><E95/><V98/><F98/><W123/><G123/><T66/><D66/><U93/><E93/><V120/><F120/><W101/><G125/><T33/><D103/><U97/><E97/><V94/><F94/><W119/><G92/><T27/><AGARI ba="2,0" hai="3,7,11,18,21,25,27,29,33,100,102" m="48682" machi="27" ten="30,1100,0" yaku="18,1" doraHai="121" who="0" fromWho="0" sc="250,17,280,-7,250,-5,220,-5" /><INIT seed="2,0,0,1,5,28" ten="267,273,245,215" oya="2" hai0="118,84,67,56,73,88,29,30,61,7,100,65,66" hai1="79,24,104,14,40,111,78,123,19,130,134,0,38" hai2="127,124,110,72,27,32,64,107,121,120,60,70,62" hai3="8,52,6,20,91,16,82,133,96,126,2,53,125"/><V85/><F72/><W9/><G133/><T10/><D73/><U25/><E0/><V83/><F107/><W115/><G8/><T46/><D118/><U77/><E104/><V102/><F102/><W113/><G96/><T71/><D100/><U11/><E134/><V54/><F110/><W49/><G91/><T109/><D109/><U122/><E111/><V87/><F54/><N who="3" m="21099" /><G82/><T59/><D46/><N who="1" m="23831" /><E130/><V95/><F60/><W34/><G34/><T23/><D71/><U112/><E112/><N who="3" m="43082" /><G49/><T117/><D117/><U37/><E37/><V36/><F36/><W128/><G128/><T76/><D76/><U39/><E39/><V44/><F95/><W74/><G74/><T5/><D61/><U86/><E86/><V116/><F87/><W4/><G4/><N who="0" m="1611" /><D10/><U114/><E114/><V106/><F116/><W43/><G43/><T81/><D23/><U119/><E119/><V48/><F106/><W51/><G51/><T89/><D89/><U90/><E90/><V31/><F85/><W17/><G20/><T129/><D129/><U47/><E78/><V26/><F83/><W132/><G132/><T69/><D69/><U13/><E79/><V108/><F108/><W105/><G105/><T3/><D3/><U75/><E77/><V135/><F135/><W1/><G1/><T103/><D103/><U97/><E75/><V58/><F70/><W63/><G63/><T131/><D131/><U45/><E97/><V94/><F94/><W98/><G98/><T55/><D55/><U80/><E80/><V57/><F32/><W99/><G99/><T15/><D15/><RYUUKYOKU ba="0,0" sc="267,15,273,-15,245,-15,215,15" hai0="29,30,56,59,65,66,67,81,84,88" hai3="2,6,9,16,17,125,126" /><INIT seed="3,1,0,0,0,22" ten="282,258,230,230" oya="3" hai0="13,133,47,117,55,130,5,62,128,48,79,125,53" hai1="73,95,61,31,119,10,7,1,93,81,45,6,35" hai2="116,36,115,16,38,0,58,112,127,69,49,9,98" hai3="40,17,84,109,129,37,106,101,20,77,26,27,30"/><W68/><G129/><N who="0" m="49771" /><D117/><U122/><E122/><V67/><F116/><W114/><G114/><T64/><D125/><U78/><E119/><V63/><F127/><W104/><G68/><N who="0" m="42007" /><D133/><U52/><E7/><V87/><F98/><W34/><G101/><T86/><D53/><U54/><E54/><V90/><F69/><W85/><G109/><T107/><D107/><U123/><E123/><V32/><F32/><W70/><G70/><T100/><D100/><U91/><E91/><V3/><F49/><W15/><G106/><T29/><D29/><U43/><E52/><V66/><F67/><W105/><G105/><T25/><D25/><N who="1" m="18927" /><E61/><V121/><F121/><W126/><G104/><T99/><D99/><U24/><E24/><V97/><F97/><W42/><G126/><T60/><D60/><U18/><E18/><V4/><F16/><W57/><G57/><T44/><D44/><U12/><E12/><V110/><F0/><W89/><G15/><T108/><D108/><U124/><E124/><V92/><F110/><W28/><G28/><T59/><D59/><U82/><E45/><V74/><F112/><W96/><G96/><T132/><D132/><U113/><E43/><V65/><F65/><W14/><G14/><T56/><D56/><U39/><E113/><V75/><F115/><W103/><G103/><T71/><D71/><U46/><E46/><V120/><F120/><W88/><G42/><T80/><D13/><U111/><E111/><V8/><F8/><W19/><G19/><T2/><D2/><U33/><E39/><V11/><F11/><W50/><G37/><AGARI ba="1,0" hai="3,4,9,36,37,38,58,63,66,74,75,87,90,92" machi="37" ten="40,1300,0" yaku="6,1" doraHai="22" who="2" fromWho="3" sc="282,0,258,0,230,16,230,-16" /><INIT seed="4,0,0,5,3,16" ten="282,258,246,214" oya="0" hai0="90,67,99,0,58,85,97,11,129,8,72,55,31" hai1="64,98,75,6,109,119,126,80,30,34,47,37,117" hai2="101,59,49,44,12,41,127,112,131,76,61,123,91" hai3="100,130,26,108,21,124,53,22,56,79,82,87,54"/><T50/><D72/><U32/><E98/><N who="0" m="37385" /><D0/><U107/><E64/><V38/><F123/><W39/><G108/><T60/><D129/><U43/><E109/><V19/><F131/><W84/><G130/><T128/><D31/><U77/><E107/><V96/><F112/><W86/><G39/><T114/><D114/><U133/><E126/><V9/><F127/><W93/><G124/><T81/><D128/><U95/><E95/><V102/><F76/><W35/><G35/><T121/><D121/><U113/><E133/><V106/><F102/><W111/><G111/><T134/><D134/><U10/><E113/><V28/><F28/><W73/><G26/><T68/><D68/><U78/><E78/><V70/><F91/><W65/><G100/><T14/><D14/><U18/><E18/><V7/><F7/><W71/><G93/><T52/><D67/><U15/><E30/><V83/><F83/><W48/><REACH who="3" step="1"/><G54/><REACH who="3" ten="282,258,246,204" step="2"/><T57/><AGARI ba="0,1" hai="8,11,50,52,55,57,58,60,81,85,90" m="37385" machi="57" ten="30,3000,0" yaku="8,1,54,1" doraHai="16" who="0" fromWho="0" sc="282,40,258,-10,246,-10,204,-10" owari="322,42.2,248,4.8,236,-16.4,194,-30.6" /></mjloggm>