<mjloggm ver="2.3"><GO type="225" lobby="0"/><UN n0="%E3%81%8B%E3%82%8F%E3%81%A1%E3%82%83%E3%82%93%35%38" n1="%E3%81%86%E3%81%A9%E3%82%93%E3%81%93" n2="%77%72%77%72%77%72%77%72" n3="%E3%81%B2%E3%81%AA%E3%81%AE%E3%82%8A%E3%81%8F" dan="16,16,16,17" rate="2186.44,2151.18,2218.52,2216.03" sx="M,M,M,M"/><TAIKYOKU oya="0"/><INIT seed="0,0,0,2,2,83" ten="250,250,250,250" oya="0" hai0="69,55,86,120,94,74,66,57,64,93,42,8,59" hai1="110,5,23,99,27,56,105,133,22,48,3,109,96" hai2="82,49,16,129,88,17,44,58,62,19,81,67,91" hai3="14,90,50,72,43,7,124,121,4,21,114,111,73"/><T38/><D38/><U1/><BYE who="0" /><E133/><UN n0="%E3%81%8B%E3%82%8F%E3%81%A1%E3%82%83%E3%82%93%35%38" /><V53/><REACH who="2" step="1"/><F129/><REACH who="2" ten="250,250,240,250" step="2"/><W117/><G121/><T95/><D120/><U60/><E48/><V54/><F54/><W15/><G50/><T113/><D55/><U30/><E105/><V104/><F104/><W77/><G114/><T84/><D113/><U130/><E130/><V0/><F0/><W18/><G124/><T89/><D66/><U75/><E1/><V131/><F131/><W61/><G111/><T85/><D42/><U29/><E3/><V107/><F107/><W20/><G43/><T76/><D64/><U46/><E110/><V6/><F6/><W32/><G7/><T123/><D123/><U128/><E5/><V106/><F106/><W101/><G4/><T47/><D8/><U135/><E128/><V34/><F34/><W118/><G32/><T35/><D35/><U25/><E135/><V12/><F12/><W13/><G13/><T87/><D69/><U68/><E109/><V108/><F108/><W79/><G15/><T45/><D74/><U37/><E75/><V78/><F78/><W11/><G14/><T2/><D2/><U92/><E68/><V39/><F39/><W70/><G70/><T10/><D10/><U31/><E37/><V65/><F65/><W71/><G71/><T102/><D76/><U98/><E25/><V112/><F112/><W127/><G79/><T115/><D115/><U132/><E27/><V122/><F122/><W28/><G77/><T100/><N who="0" m="21504" /><DORA hai="51" /><T41/><D41/><U33/><E132/><V26/><F26/><W97/><G73/><T36/><D36/><RYUUKYOKU ba="0,1" sc="250,-10,250,-10,240,30,250,-10" hai2="16,17,19,44,49,53,58,62,67,81,82,88,91" /><INIT seed="1,1,1,0,3,10" ten="240,240,270,240" oya="1" hai0="83,56,39,11,38,108,121,68,118,95,132,6,87" hai1="99,128,9,124,20,74,72,73,81,77,64,0,63" hai2="33,17,105,126,91,8,26,111,37,101,40,58,134" hai3="76,32,117,119,43,44,42,113,65,84,71,34,116"/><U100/><E128/><V55/><F111/><W69/><G113/><T41/><D68/><N who="3" m="26185" /><G65/><T92/><D118/><U16/><E124/><V57/><F126/><W133/><G133/><T89/><D108/><U123/><E123/><V60/><F134/><W5/><G5/><T22/><D132/><U75/><E9/><V46/><F91/><W27/><G27/><T12/><D121/><U4/><E4/><V114/><F114/><W80/><G43/><T19/><D56/><U48/><E48/><AGARI ba="1,1" hai="32,34,42,44,48,76,80,84,116,117,119" m="26185" machi="48" ten="40,1300,0" yaku="12,1" doraHai="10" who="3" fromWho="1" sc="240,0,240,-16,270,0,240,26" /><INIT seed="2,0,0,0,1,125" ten="240,224,270,266" oya="2" hai0="21,70,35,37,13,20,36,31,132,14,46,62,17" hai1="131,96,129,103,8,1,2,47,44,4,59,15,114" hai2="33,56,85,116,29,3,89,41,25,91,128,28,134" hai3="55,94,120,106,79,107,72,105,133,49,119,16,74"/><V81/><F116/><W38/><G38/><T67/><D132/><U84/><E114/><V42/><F134/><W7/><G119/><T30/><D35/><U52/><E84/><V34/><F3/><W82/><G133/><T124/><D124/><U93/><E47/><V115/><F115/><W83/><G7/><T23/><D37/><U112/><E44/><V61/><F128/><N who="1" m="49225" /><E112/><V88/><F29/><W45/><G120/><T64/><D64/><U53/><E53/><V60/><F33/><W75/><G79/><T118/><D118/><U66/><E66/><V135/><F135/><W104/><N who="3" m="26624" /><DORA hai="97" /><W63/><G63/><AGARI ba="0,0" hai="1,2,4,8,15,52,59,63,93,96,103" m="49225" machi="63" ten="30,12000,2" yaku="19,1,52,4,54,1" doraHai="125,97" who="1" fromWho="3" sc="240,0,224,120,270,0,266,-120" /><INIT seed="3,0,0,0,4,128" ten="240,344,270,146" oya="3" hai0="17,86,46,111,12,39,81,5,109,127,97,21,31" hai1="85,42,95,92,108,24,44,7,29,11,0,15,131" hai2="65,4,68,16,70,118,78,20,3,35,90,54,52" hai3="87,99,103,9,132,75,104,83,51,8,23,93,53"/><W30/><G75/><T50/><D127/><U41/><E131/><V18/><F35/><W28/><G104/><T112/><D112/><U119/><E108/><V121/><F118/><W38/><G38/><T1/><D39/><U115/><E119/><V6/><F78/><W25/><G30/><T62/><D31/><U110/><E110/><V43/><F43/><W84/><G132/><T47/><D111/><U101/><E115/><V91/><F20/><W126/><G126/><T122/><D122/><U66/><E66/><V89/><F65/><W72/><G72/><T114/><D114/><U58/><E58/><V73/><F3/><W57/><REACH who="3" step="1"/><G87/><REACH who="3" ten="240,344,270,136" step="2"/><T134/><D109/><U77/><E85/><V113/><F73/><W123/><G123/><T100/><D134/><U130/><E130/><V82/><F113/><W59/><G59/><T76/><D47/><U2/><E44/><V105/><F105/><W33/><G33/><T48/><D46/><U64/><E2/><V26/><F121/><W106/><G106/><T49/><D1/><U55/><E0/><V107/><F107/><W74/><G74/><T125/><D125/><U98/><E29/><V61/><F70/><W67/><G67/><T36/><D36/><U22/><E64/><V133/><F68/><W69/><G69/><T124/><D124/><U32/><E32/><V94/><F133/><W116/><G116/><T135/><D135/><U71/><E71/><V19/><F26/><W117/><G117/><T10/><D86/><U102/><E24/><V88/><F82/><W63/><G63/><T45/><D62/><RYUUKYOKU ba="0,1" sc="240,-10,344,-10,270,-10,136,30" hai3="8,9,23,25,28,51,53,57,83,84,93,99,103" /><INIT seed="3,1,1,5,4,56" ten="230,334,260,166" oya="3" hai0="114,67,123,100,85,97,104,37,83,65,27,21,87" hai1="99,10,47,36,126,16,62,6,8,73,129,105,96" hai2="3,2,113,92,51,117,75,34,11,74,60,108,66" hai3="18,131,110,79,112,49,84,28,95,120,5,94,20"/><W125/><G112/><T115/><D37/><U19/><E73/><V30/><F113/><N who="0" m="43018" /><D123/><U91/><E129/><V59/><F117/><W70/><G120/><T12/><D12/><U48/><E36/><V42/><F108/><W15/><G131/><T44/><D44/><U24/><E126/><V39/><F39/><W32/><G125/><T0/><D0/><U31/><E62/><V101/><F34/><W90/><G70/><T43/><D43/><U68/><E68/><V86/><F30/><W130/><G130/><T23/><D23/><U124/><E124/><V22/><F22/><W9/><G110/><T132/><D132/><U29/><E29/><V127/><F127/><W57/><G32/><T46/><D46/><U33/><E105/><V13/><F42/><W135/><G135/><T17/><D87/><U50/><E50/><V103/><F51/><W41/><G28/><T111/><D111/><U107/><E10/><V40/><F40/><W45/><G79/><AGARI ba="1,1" hai="17,21,27,65,67,79,83,85,97,100,104" m="43018" machi="79" ten="30,1000,0" yaku="11,1" doraHai="56" who="0" fromWho="3" sc="230,23,334,0,260,0,166,-13" owari="253,-14.7,334,43.4,260,6.0,153,-34.7" /></mjloggm>