<mjloggm ver="2.3"><GO type="225" lobby="0"/><UN n0="%72%61%6B%33" n1="%E3%81%BF%E3%81%BF%E3%81%9A" n2="%E3%81%B5%E3%81%98%E3%81%8B%E3%81%A4" n3="%E6%9D%B1%E9%A2%A8%E3%81%AE%E3%81%8D%E3%82%83%E3%81%B7%E3%81%95%E3%82%93" dan="16,17,16,17" rate="2125.50,2272.63,2150.96,2233.61" sx="M,M,M,M"/><TAIKYOKU oya="0"/><INIT seed="0,0,0,3,3,132" ten="250,250,250,250" oya="0" hai0="135,27,58,123,100,68,28,105,13,51,49,29,25" hai1="110,30,128,121,77,103,112,98,111,84,119,127,3" hai2="108,73,126,23,115,69,97,57,76,37,64,94,44" hai3="9,122,99,65,92,32,19,11,80,42,89,114,88"/><T59/><D135/><U46/><E3/><V116/><F115/><W75/><G32/><T71/><D13/><U10/><E30/><V113/><F113/><W129/><G114/><T82/><D82/><N who="1" m="47183" /><E112/><V54/><F69/><W134/><G129/><T5/><D100/><U86/><E10/><V21/><F64/><W79/><G134/><T45/><D45/><U109/><E119/><V52/><F76/><W117/><G117/><T22/><D22/><U24/><E24/><V101/><F73/><W104/><G122/><T90/><D105/><N who="1" m="63735" /><E46/><V81/><F116/><W39/><G65/><T91/><REACH who="0" step="1"/><D5/><REACH who="0" ten="240,250,250,250" step="2"/><U20/><E20/><V106/><F81/><W2/><G80/><T70/><D70/><U31/><E121/><AGARI ba="0,1" hai="25,27,28,29,49,51,58,59,68,71,90,91,121,123" machi="121" ten="25,4800,0" yaku="1,1,22,2,53,0" doraHai="132" doraHaiUra="62" who="0" fromWho="1" sc="240,58,250,-48,250,0,250,0" /><INIT seed="0,1,0,5,0,3" ten="298,202,250,250" oya="0" hai0="85,70,129,127,11,63,9,46,133,103,134,73,104" hai1="117,96,66,89,116,130,23,48,87,28,111,97,100" hai2="132,61,20,135,109,50,102,39,56,53,107,5,113" hai3="31,25,86,24,131,72,68,110,118,106,92,105,76"/><T121/><D73/><U62/><E130/><V41/><F107/><W82/><G68/><T122/><D129/><U124/><E124/><V36/><F102/><W2/><G131/><T15/><D127/><U79/><E79/><V74/><F74/><W64/><G118/><T45/><D85/><U51/><E111/><V101/><F101/><W59/><G110/><T93/><D93/><U34/><E34/><V75/><F75/><W1/><G106/><T71/><D63/><U29/><E100/><V47/><F20/><W40/><G40/><T43/><D103/><U21/><E62/><V10/><F109/><W6/><G105/><T77/><D104/><U108/><E108/><V19/><F19/><W17/><G17/><T125/><D15/><U38/><E87/><V58/><F113/><W18/><G18/><T60/><D60/><U8/><E38/><V52/><REACH who="2" step="1"/><F36/><REACH who="2" ten="298,202,240,250" step="2"/><W115/><G115/><T33/><D125/><U32/><E32/><V57/><F57/><W67/><G59/><T112/><D33/><U98/><E117/><V13/><AGARI ba="1,1" hai="5,10,13,39,41,47,50,52,53,56,58,61,132,135" machi="13" ten="30,7900,0" yaku="1,1,0,1,52,1,54,1,53,0" doraHai="3" doraHaiUra="120" who="2" fromWho="2" sc="298,-40,202,-21,240,92,250,-21" /><INIT seed="1,0,0,4,3,42" ten="258,181,332,229" oya="1" hai0="12,120,65,75,48,13,111,37,61,32,134,49,58" hai1="107,38,23,127,125,44,63,86,59,35,28,0,39" hai2="25,81,27,106,41,96,50,45,34,22,64,20,87" hai3="21,17,93,82,100,70,52,6,19,103,51,24,99"/><U104/><E0/><V90/><F64/><W112/><G70/><T80/><D32/><U43/><E35/><V47/><F106/><W33/><G112/><T110/><D37/><U15/><E38/><V30/><F27/><W57/><G33/><T121/><D75/><U66/><E86/><V89/><F96/><W97/><G82/><T69/><D80/><U3/><E3/><V55/><F90/><W4/><REACH who="3" step="1"/><G17/><REACH who="3" ten="258,181,332,219" step="2"/><T124/><D69/><U18/><REACH who="1" step="1"/><E28/><REACH who="1" ten="258,171,332,219" step="2"/><V76/><F76/><W46/><G46/><T88/><D121/><U113/><E113/><V73/><F73/><W11/><G11/><T78/><D120/><U116/><E116/><V95/><F81/><W119/><G119/><T126/><D78/><U133/><E133/><V67/><F34/><W129/><G129/><T122/><D134/><U53/><E53/><V123/><F123/><W2/><G2/><T7/><D122/><U91/><E91/><V108/><F30/><W130/><G130/><T118/><D88/><U9/><E9/><V128/><F128/><W29/><G29/><T131/><D118/><U5/><E5/><V31/><F31/><W14/><G14/><T8/><D12/><U68/><E68/><V74/><F55/><W102/><G102/><T98/><D131/><U105/><AGARI ba="0,2" hai="15,18,23,39,43,44,59,63,66,104,105,107,125,127" machi="105" ten="40,7800,0" yaku="1,1,0,1,52,1,53,0" doraHai="42" doraHaiUra="94" who="1" fromWho="1" sc="258,-26,171,98,332,-26,219,-26" /><INIT seed="1,1,0,5,3,15" ten="232,269,306,193" oya="1" hai0="119,23,16,43,97,95,66,124,105,69,112,114,21" hai1="129,63,104,22,89,53,127,82,83,131,17,106,0" hai2="50,101,25,77,90,81,125,24,123,55,3,116,98" hai3="20,117,96,39,7,54,46,70,56,108,32,51,135"/><U48/><E0/><V67/><F123/><W27/><G32/><T26/><D119/><U68/><E127/><V13/><F116/><W14/><G117/><T52/><D124/><U8/><E8/><V29/><F125/><W91/><G108/><T59/><D105/><U1/><E1/><V5/><F67/><W73/><G73/><T10/><D43/><U74/><E63/><V11/><F90/><W109/><G109/><T128/><D128/><N who="1" m="49227" /><E68/><V61/><F61/><W121/><G135/><T44/><D44/><N who="1" m="27783" /><E74/><V45/><F3/><W79/><G70/><T107/><D107/><N who="1" m="41003" /><E89/><V28/><F29/><W130/><G130/><T120/><D120/><U102/><E102/><V100/><F98/><W76/><G121/><T30/><D10/><U35/><E35/><V118/><F118/><W132/><G132/><T111/><D111/><U71/><E71/><V115/><F115/><W36/><G36/><T40/><D69/><U84/><E84/><N who="2" m="48175" /><F28/><W19/><G39/><T34/><D34/><U122/><E122/><V75/><F75/><W133/><G133/><T31/><D66/><U88/><E88/><V41/><F55/><W2/><G2/><T60/><D30/><U4/><E4/><V65/><F65/><W64/><G64/><T62/><D62/><U80/><E83/><V92/><F92/><N who="3" m="56351" /><G46/><T49/><D60/><U6/><E6/><V103/><AGARI ba="1,0" hai="5,11,13,24,25,41,45,50,100,101,103" m="48175" machi="103" ten="30,2000,0" yaku="25,1,8,1" doraHai="15" who="2" fromWho="2" sc="232,-6,269,-11,306,23,193,-6" /><INIT seed="2,0,0,5,4,129" ten="226,258,329,187" oya="2" hai0="119,113,43,94,53,116,133,57,98,114,35,54,70" hai1="134,120,66,91,28,96,15,64,22,132,55,7,67" hai2="41,9,18,124,31,56,107,8,58,95,47,74,0" hai3="106,37,61,100,1,34,26,92,49,84,86,30,87"/><V38/><F124/><W4/><G37/><T14/><D35/><U135/><E120/><V68/><F107/><W25/><G106/><T72/><D72/><U17/><E55/><V71/><F31/><W44/><G25/><T121/><D14/><U3/><E28/><V111/><F74/><W125/><G125/><T112/><D94/><N who="1" m="56415" /><E7/><V110/><F95/><W130/><G130/><T6/><D6/><U48/><E48/><V46/><F0/><AGARI ba="0,0" hai="0,3,15,17,22,64,66,67,132,134,135" m="56415" machi="0" ten="40,8000,1" yaku="20,1,52,3" doraHai="129" who="1" fromWho="2" sc="226,0,258,80,329,-80,187,0" /><INIT seed="3,0,0,4,4,5" ten="226,338,249,187" oya="3" hai0="47,98,127,128,29,33,6,84,64,30,55,75,8" hai1="97,99,72,20,53,36,68,58,111,114,11,63,115" hai2="118,70,79,76,45,124,102,82,25,56,126,26,125" hai3="22,66,59,12,31,121,73,42,109,18,95,43,61"/><W91/><G121/><T23/><D75/><U60/><E72/><V7/><F118/><W89/><G73/><T116/><D33/><U49/><E11/><V106/><F70/><W19/><G109/><T1/><D116/><U119/><E119/><V93/><F45/><W27/><G19/><T0/><D0/><U48/><E36/><V108/><F108/><W103/><G103/><T21/><D64/><U94/><E111/><V16/><F106/><W88/><REACH who="3" step="1"/><G95/><REACH who="3" ten="226,338,249,177" step="2"/><T71/><D29/><U62/><E94/><V132/><F102/><W117/><G117/><T134/><D30/><U57/><E115/><V113/><F93/><W40/><G40/><T77/><D127/><U28/><E114/><V15/><F113/><W51/><G51/><T69/><D128/><U65/><E48/><V80/><F132/><W123/><G123/><T85/><D134/><U96/><E28/><V52/><F7/><W81/><G81/><N who="2" m="31337" /><F79/><W107/><G107/><T17/><D77/><U9/><E49/><N who="2" m="30735" /><F76/><W24/><G24/><T2/><D6/><U131/><E131/><V3/><F3/><W122/><G122/><T50/><D1/><U83/><E83/><V37/><F37/><W87/><G87/><T78/><D2/><U105/><E105/><V38/><F38/><W13/><G13/><T101/><D85/><U100/><E100/><V54/><F26/><W133/><G133/><T129/><D129/><U67/><E97/><V104/><F104/><W32/><AGARI ba="0,1" hai="12,18,22,27,31,32,42,43,59,61,66,88,89,91" machi="32" ten="30,6000,0" yaku="1,1,0,1,54,1,53,0" doraHai="5" doraHaiUra="112" who="3" fromWho="3" sc="226,-20,338,-20,249,-20,177,70" /><INIT seed="3,1,0,3,4,99" ten="206,318,229,247" oya="3" hai0="23,68,86,112,43,92,102,4,130,15,115,72,73" hai1="60,91,62,27,10,5,98,74,89,121,39,78,41" hai2="21,29,77,80,122,20,118,100,116,13,65,70,119" hai3="36,123,12,94,50,31,108,51,22,105,17,85,49"/><W95/><G105/><T0/><D68/><U104/><E27/><V33/><F122/><W88/><G36/><T90/><D0/><N who="1" m="295" /><E121/><V48/><F100/><W7/><G123/><T25/><D43/><U45/><E104/><V84/><F48/><W16/><G108/><T3/><D3/><U79/><E79/><V76/><F76/><W134/><G134/><T128/><D102/><U135/><E135/><V111/><F111/><W14/><G7/><T42/><D42/><U117/><E117/><V24/><REACH who="2" step="1"/><F13/><REACH who="2" ten="206,318,219,247" step="2"/><N who="3" m="5227" /><G95/><T109/><D109/><U64/><E60/><AGARI ba="1,1" hai="20,21,24,29,33,60,65,70,77,80,84,116,118,119" machi="60" ten="40,1300,0" yaku="1,1,53,0" doraHai="99" doraHaiUra="2" who="2" fromWho="1" sc="206,0,318,-16,219,26,247,0" owari="206,-29.4,302,40.2,245,-15.5,247,4.7" /></mjloggm>