<mjloggm ver="2.3"><GO type="225" lobby="0"/><UN n0="%E3%83%8F%E3%82%AC%E3%82%BF%E3%82%AB%E3%81%AE%E3%81%88%E3%81%98%E3%81%8D" n1="%E3%81%86%E3%83%BC%E3%81%B1%E3%83%BC" n2="%E7%B4%94%E6%BD%94%E3%83%94%E3%83%A9%E3%83%8B%E3%82%A2" n3="%E5%B0%8F%E9%B3%A5%E9%81%8A%E7%B7%B4%E7%84%A1%32%31%E6%AD%B3" dan="16,16,18,16" rate="2183.60,2197.25,2253.84,2138.62" sx="M,M,M,F"/><TAIKYOKU oya="0"/><INIT seed="0,0,0,3,1,3" ten="250,250,250,250" oya="0" hai0="67,135,87,127,109,61,96,98,35,12,83,100,49" hai1="59,69,56,60,133,114,16,31,40,132,42,116,50" hai2="111,79,131,92,66,13,52,76,105,101,107,80,85" hai3="121,95,7,48,8,65,117,57,17,24,106,1,82"/><T44/><D35/><U81/><E31/><V23/><F66/><W71/><G106/><T15/><D127/><U18/><E116/><V120/><F120/><W43/><G117/><T51/><D135/><N who="1" m="51787" /><E114/><V9/><F111/><W129/><G129/><T110/><D15/><U104/><E104/><V19/><F131/><W22/><G71/><T62/><D12/><U103/><E103/><V108/><F108/><N who="0" m="41578" /><D51/><U70/><E81/><V46/><F79/><W58/><G82/><T25/><D25/><U4/><E4/><V128/><F128/><W53/><G43/><N who="1" m="16426" /><E18/><V28/><F28/><W115/><G115/><T73/><D73/><U94/><E94/><V134/><F134/><W122/><REACH who="3" step="1"/><G95/><REACH who="3" ten="250,250,250,240" step="2"/><T130/><D83/><U20/><E70/><V34/><F107/><W75/><G75/><T90/><D130/><U27/><E50/><N who="2" m="28759" /><F105/><W86/><G86/><T126/><D87/><U10/><E69/><V119/><F119/><W124/><G124/><T38/><D126/><U21/><E60/><AGARI ba="0,1" hai="1,7,8,17,22,24,48,53,57,58,60,65,121,122" machi="60" ten="40,5200,0" yaku="1,1,52,1,53,1" doraHai="3" doraHaiUra="63" who="3" fromWho="1" sc="250,0,250,-52,250,0,240,62" /><INIT seed="1,0,0,2,0,27" ten="250,198,250,302" oya="1" hai0="104,93,91,55,11,133,54,0,39,82,34,131,84" hai1="66,108,99,53,75,10,79,44,114,24,28,41,103" hai2="65,6,68,5,100,94,81,62,21,1,73,46,120" hai3="8,107,63,125,113,7,64,16,83,134,105,126,74"/><U23/><E114/><V116/><F120/><W130/><G113/><T12/><D0/><U90/><E75/><V4/><F116/><W115/><G115/><T17/><D104/><U80/><E108/><V109/><F109/><W42/><G42/><T67/><D39/><U118/><E118/><V32/><F32/><W96/><G134/><T51/><D133/><U45/><E10/><V36/><F21/><W106/><G96/><T128/><D34/><U111/><E111/><V37/><F46/><W112/><G112/><T59/><D67/><U98/><E66/><V3/><F37/><W25/><G130/><N who="0" m="49707" /><D55/><U129/><E129/><V58/><F36/><W18/><G25/><T77/><D93/><N who="1" m="58831" /><E41/><V117/><F117/><W35/><G35/><T135/><D135/><U119/><E119/><V9/><F3/><W124/><G83/><T48/><D48/><U31/><E79/><AGARI ba="0,0" hai="11,12,17,51,54,59,77,79,82,84,91" m="49707" machi="79" ten="30,1000,0" yaku="19,1" doraHai="27" who="0" fromWho="1" sc="250,10,198,-10,250,0,302,0" /><INIT seed="2,0,0,2,3,59" ten="260,188,250,302" oya="2" hai0="15,101,128,46,96,70,26,74,42,87,86,134,108" hai1="116,123,92,60,132,21,30,6,22,114,9,78,112" hai2="43,117,133,16,69,62,102,104,131,12,57,45,25" hai3="82,33,44,76,84,14,13,124,3,29,120,94,110"/><V126/><F117/><W35/><G3/><T66/><D74/><U17/><E78/><V4/><F69/><W72/><G120/><T51/><D108/><U67/><E116/><V80/><F126/><W37/><G124/><T118/><D118/><U73/><E73/><V27/><F131/><W0/><G0/><T39/><D128/><U8/><E132/><V23/><F133/><W105/><G105/><T55/><D134/><U98/><E123/><V75/><F4/><W135/><G135/><T7/><D26/><N who="2" m="9738" /><F104/><W100/><G110/><T121/><D121/><U77/><E77/><V54/><F75/><W20/><G72/><T122/><D15/><N who="1" m="5527" /><E30/><V115/><F115/><W2/><G2/><T119/><D7/><U71/><E71/><V61/><F80/><W41/><G33/><T107/><D122/><U5/><E5/><V111/><F111/><W88/><G35/><T79/><D79/><U34/><E34/><V56/><F102/><W106/><G29/><T113/><D113/><U53/><E67/><N who="2" m="39335" /><F45/><W32/><G32/><T58/><D119/><U31/><E31/><V127/><F127/><W129/><G129/><T81/><D81/><U125/><E125/><V48/><F43/><W85/><G20/><T38/><D38/><U97/><E114/><V63/><AGARI ba="0,0" hai="12,16,23,48,54,57,62,63" m="39335,9738" machi="63" ten="30,12000,1" yaku="8,1,52,3,54,1" doraHai="59" who="2" fromWho="2" sc="260,-40,188,-40,250,120,302,-40" /><INIT seed="2,1,0,4,1,127" ten="220,148,370,262" oya="2" hai0="8,35,106,48,121,105,84,117,89,130,15,114,46" hai1="0,76,133,22,74,75,16,135,18,92,95,107,66" hai2="1,5,50,68,82,83,99,41,38,124,129,33,77" hai3="39,29,19,61,131,104,27,45,126,80,87,6,102"/><V122/><F124/><W62/><G126/><T2/><D2/><U56/><E0/><V12/><F122/><W115/><G6/><T67/><D121/><U44/><E107/><V59/><F68/><W73/><G73/><T101/><D114/><U7/><E7/><V96/><F33/><W54/><G19/><T88/><D35/><U13/><E44/><V24/><F24/><W34/><G115/><T81/><D117/><U21/><E66/><V63/><F38/><W91/><G39/><T9/><D67/><U100/><E56/><V3/><F3/><W14/><G14/><T86/><D101/><U60/><E60/><V25/><F25/><W4/><G4/><T23/><D23/><U37/><E37/><V103/><F1/><W110/><G62/><T85/><D85/><U134/><E100/><V116/><F116/><W123/><G123/><T55/><D9/><U109/><E109/><V65/><F83/><W36/><G110/><T26/><D26/><N who="1" m="14631" /><E75/><V43/><F99/><W10/><G36/><T40/><D106/><U128/><E128/><V52/><F129/><W79/><G131/><T94/><D130/><U11/><E22/><V113/><F113/><W31/><G104/><T49/><D105/><U108/><E108/><V70/><F5/><W71/><G34/><T20/><D20/><U64/><E64/><V69/><F69/><W97/><G71/><T120/><D120/><U93/><E74/><N who="2" m="43319" /><F12/><W125/><G125/><T58/><D15/><U42/><E76/><V30/><F30/><W51/><G31/><T47/><D8/><U119/><E119/><RYUUKYOKU ba="1,0" sc="220,10,148,10,370,10,262,-30" hai0="40,46,47,48,49,55,58,81,84,86,88,89,94" hai1="11,13,18,42,92,93,95,133,134,135" hai2="41,43,50,52,59,63,65,70,96,103" /><INIT seed="2,2,0,2,3,13" ten="230,158,380,232" oya="2" hai0="30,69,126,12,93,135,130,60,86,57,9,40,45" hai1="66,61,78,18,79,14,115,67,6,105,106,85,46" hai2="25,15,3,42,110,117,38,48,56,41,68,55,94" hai3="134,10,96,113,121,101,123,31,128,49,44,118,97"/><V83/><F3/><W120/><G118/><T52/><D130/><U37/><E115/><V11/><F117/><W92/><G128/><T73/><D73/><U7/><E37/><V58/><F68/><W81/><G134/><T102/><D135/><U29/><E29/><V89/><F38/><W127/><G127/><T74/><D74/><U43/><E105/><V131/><F131/><W112/><G31/><T76/><D69/><U62/><E106/><V16/><F110/><W84/><G10/><T27/><D76/><U104/><E104/><V107/><F107/><W122/><N who="3" m="30720" /><DORA hai="103" /><W111/><G96/><T88/><D102/><U51/><E79/><V0/><F0/><W53/><REACH who="3" step="1"/><G111/><REACH who="3" ten="230,158,380,222" step="2"/><T132/><D126/><U95/><E6/><V114/><F114/><W87/><G87/><T22/><D132/><U5/><E7/><V108/><F108/><W124/><G124/><T23/><D9/><N who="1" m="6479" /><E5/><V17/><F42/><W24/><G24/><T119/><D119/><U75/><E75/><V125/><F41/><W91/><AGARI ba="2,1" hai="44,49,53,81,84,91,92,97,101,112,113" m="30720" machi="91" ten="60,4000,0" yaku="1,1,0,1,53,0" doraHai="13,103" doraHaiUra="20,32" who="3" fromWho="3" sc="230,-12,158,-12,380,-22,222,56" /><INIT seed="3,0,0,5,2,40" ten="218,146,358,278" oya="3" hai0="108,126,15,114,69,110,113,89,75,93,6,4,54" hai1="88,65,98,2,70,94,124,58,5,67,30,76,19" hai2="3,51,52,103,72,99,16,29,36,35,55,91,97" hai3="117,102,118,0,39,57,130,45,66,38,101,60,128"/><W41/><G0/><T111/><D69/><U44/><E124/><V28/><F36/><N who="3" m="21671" /><G102/><T31/><D75/><U131/><E70/><V116/><F116/><N who="3" m="44651" /><G101/><T73/><D73/><U48/><E131/><AGARI ba="0,0" hai="38,39,57,60,66,128,130,131" m="44651,21671" machi="131" ten="30,11600,0" yaku="19,1,34,2,52,1" doraHai="40" who="3" fromWho="1" sc="218,0,146,-116,358,0,278,116" owari="218,-18.2,30,-47.0,358,15.8,394,49.4" /></mjloggm>