<mjloggm ver="2.3"><GO type="225" lobby="0"/><UN n0="%E3%82%BC%E3%83%AB%E3%83%80%E3%81%AE%E4%BC%9D%E8%AA%AC" n1="%E9%89%A2%E5%B7%BB%E3%82%AC%E3%83%96" n2="%E5%84%AA%40%41%42%43" n3="%72%69%6F%75%63%68%61%6E" dan="16,16,18,17" rate="2167.00,2038.22,2250.12,2155.88" sx="M,M,M,M"/><TAIKYOKU oya="0"/><INIT seed="0,0,0,5,3,81" ten="250,250,250,250" oya="0" hai0="22,105,18,84,69,109,124,122,126,112,38,115,5" hai1="20,63,123,33,121,102,40,117,90,2,32,120,99" hai2="85,66,14,98,114,82,31,79,27,129,80,103,6" hai3="128,91,37,87,59,132,89,1,53,34,86,64,15"/><T101/><D38/><U0/><E117/><V92/><F129/><W70/><G1/><T55/><D69/><U44/><E2/><V52/><F114/><W113/><G113/><N who="0" m="43595" /><D55/><U118/><E0/><V51/><F66/><W83/><G34/><T12/><D105/><U10/><E118/><V3/><F3/><W48/><G132/><T130/><D101/><U41/><E10/><V11/><F82/><W17/><G128/><T4/><D84/><N who="3" m="32297" /><G70/><T65/><D65/><U108/><E90/><N who="3" m="34314" /><G37/><T68/><D68/><U110/><E20/><V60/><F60/><N who="3" m="37919" /><G83/><T74/><D74/><U116/><E33/><V75/><F75/><W100/><G100/><T42/><D130/><U25/><E32/><V54/><F51/><W7/><G7/><T73/><D73/><U134/><E63/><V49/><F49/><W93/><G93/><T71/><D71/><U16/><E134/><V119/><F119/><W76/><G76/><T50/><D4/><U21/><E116/><V9/><F9/><N who="3" m="6383" /><G48/><T56/><D5/><U57/><E121/><V24/><REACH who="2" step="1"/><F24/><REACH who="2" ten="250,250,240,250" step="2"/><W28/><G53/><N who="0" m="31799" /><D122/><U19/><E120/><V35/><AGARI ba="0,1" hai="6,11,14,27,31,35,52,54,79,80,85,92,98,103" machi="35" ten="20,12000,2" yaku="1,1,0,1,7,1,52,1,54,1,53,1" doraHai="81" doraHaiUra="78" who="2" fromWho="2" sc="250,-60,250,-30,240,130,250,-30" /><INIT seed="1,0,0,2,5,97" ten="190,220,370,220" oya="1" hai0="102,107,41,108,125,112,88,29,58,52,51,126,5" hai1="82,14,62,64,135,45,81,48,44,74,104,17,4" hai2="98,6,113,73,76,109,32,13,110,2,77,127,36" hai3="55,67,28,27,134,34,124,87,57,68,86,20,61"/><U91/><E135/><V35/><F127/><N who="0" m="48650" /><D112/><U63/><E4/><V31/><F2/><W40/><G134/><T47/><D108/><N who="2" m="41578" /><F36/><W80/><G124/><T15/><D29/><U114/><E114/><V0/><F0/><W93/><G40/><T115/><D115/><U43/><E104/><V100/><F31/><W23/><G93/><T19/><D5/><U111/><E111/><V117/><F117/><W3/><G3/><T69/><D69/><U133/><E133/><V96/><F96/><W22/><REACH who="3" step="1"/><G80/><REACH who="3" ten="190,220,370,210" step="2"/><T12/><D107/><U56/><E74/><V66/><F73/><W79/><G79/><T92/><D102/><U25/><E82/><V9/><F76/><W106/><G106/><T46/><D19/><U42/><E81/><V18/><F77/><W16/><G16/><T8/><D8/><U7/><E91/><V24/><F18/><W120/><G120/><T130/><D130/><U54/><E7/><V70/><F9/><W11/><G11/><T99/><D47/><U129/><E129/><V59/><F6/><W10/><G10/><T39/><AGARI ba="0,1" hai="12,15,39,41,46,51,52,58,88,92,99" m="48650" machi="39" ten="30,4000,0" yaku="18,1,54,2" doraHai="97" who="0" fromWho="0" sc="190,50,220,-20,370,-10,210,-10" /><INIT seed="2,0,0,3,1,134" ten="240,200,360,200" oya="2" hai0="46,108,41,83,78,59,131,80,133,10,70,130,69" hai1="135,15,14,42,71,63,127,32,120,20,13,115,24" hai2="119,92,85,118,27,116,11,93,5,34,57,56,3" hai3="126,103,111,106,48,94,124,91,110,47,55,52,98"/><V54/><F56/><W121/><G121/><T122/><D122/><U128/><E120/><V123/><F123/><W67/><G67/><T22/><D133/><U21/><E135/><V0/><F0/><W51/><G106/><T39/><D108/><N who="3" m="41513" /><G91/><T25/><D59/><AGARI ba="0,0" hai="47,48,51,52,55,59,94,98,103,124,126" m="41513" machi="59" ten="30,7700,0" yaku="14,1,52,2,54,1" doraHai="134" who="3" fromWho="0" sc="240,-77,200,0,360,0,200,77" /><INIT seed="3,0,0,1,2,33" ten="163,200,360,277" oya="3" hai0="105,26,83,78,39,103,99,7,36,42,52,112,21" hai1="92,97,23,98,75,131,50,77,120,107,0,87,60" hai2="14,70,86,64,48,121,80,40,100,6,111,88,67" hai3="16,44,37,43,130,129,74,94,63,28,22,116,12"/><W4/><G116/><T85/><D112/><U59/><E0/><V119/><F70/><W29/><G74/><T79/><D42/><U114/><E114/><V3/><F3/><W101/><G4/><T5/><D79/><U61/><E120/><V66/><F111/><W65/><G101/><T109/><D109/><U133/><E133/><V106/><F121/><W57/><REACH who="3" step="1"/><G94/><REACH who="3" ten="163,200,360,267" step="2"/><T41/><D7/><U125/><E92/><V95/><F119/><W51/><G51/><T73/><D5/><U17/><E50/><V102/><F106/><W38/><G38/><T81/><D73/><U49/><E49/><V30/><F95/><W76/><G76/><T27/><D83/><U117/><E107/><V55/><F40/><W32/><G32/><T8/><D41/><U62/><E117/><V118/><F118/><W25/><G25/><T115/><D115/><U113/><E75/><V128/><F128/><AGARI ba="0,1" hai="12,16,22,28,29,37,43,44,57,63,65,128,129,130" machi="128" ten="40,7700,0" yaku="1,1,19,1,54,1,53,0" doraHai="33" doraHaiUra="20" who="3" fromWho="2" sc="163,0,200,0,360,-77,267,87" owari="163,-33.7,200,-20.0,283,8.3,354,45.4" /></mjloggm>