<mjloggm ver="2.3"><GO type="225" lobby="0"/><UN n0="%E3%81%82%E3%81%99%E3%81%AB%E3%82%83%E3%82%80" n1="%73%6C%69%63%6B%33%31%39" n2="%E3%81%BF%E3%81%BF%E3%81%9A" n3="%E3%81%99%E3%81%84%E3%81%BE%E3%81%9B%E3%83%BC%E3%82%93" dan="16,16,16,17" rate="2114.63,2115.00,2167.75,2226.33" sx="F,M,M,M"/><TAIKYOKU oya="0"/><INIT seed="0,0,0,2,3,76" ten="250,250,250,250" oya="0" hai0="95,127,115,134,38,68,86,42,96,84,3,103,128" hai1="18,62,6,43,113,14,77,23,57,85,16,65,110" hai2="66,88,87,15,126,130,34,123,109,4,33,131,97" hai3="2,125,10,27,107,120,71,63,13,53,133,35,101"/><T83/><D115/><U22/><E110/><V39/><F123/><W67/><G120/><T11/><D68/><U0/><E113/><V118/><F109/><W49/><G125/><T36/><D127/><U92/><E0/><V114/><F126/><W112/><G133/><T45/><D134/><U69/><E69/><V94/><F39/><W111/><G111/><T32/><D32/><U50/><E6/><V102/><F66/><W7/><G112/><T5/><D128/><N who="2" m="49194" /><F118/><W28/><G2/><T9/><D9/><U25/><E92/><N who="2" m="58663" /><F114/><W121/><G121/><T44/><REACH who="0" step="1"/><D83/><REACH who="0" ten="240,250,250,250" step="2"/><N who="1" m="47343" /><E43/><AGARI ba="0,1" hai="3,5,11,36,38,42,43,44,45,84,86,95,96,103" machi="43" ten="40,3900,0" yaku="1,1,9,1,53,0" doraHai="76" doraHaiUra="74" who="0" fromWho="1" sc="240,49,250,-39,250,0,250,0" /><INIT seed="0,1,0,3,5,20" ten="289,211,250,250" oya="0" hai0="39,135,10,90,70,97,44,53,29,134,126,117,66" hai1="32,5,102,49,7,50,46,107,68,74,2,133,37" hai2="77,80,9,132,33,109,130,110,73,71,1,8,86" hai3="55,25,128,122,116,82,127,114,22,41,27,58,21"/><T72/><D117/><U12/><E74/><V65/><F132/><N who="0" m="50730" /><D72/><U120/><E120/><V15/><F130/><W63/><G116/><T42/><D29/><U79/><E68/><V91/><F33/><W23/><G114/><T115/><D115/><U48/><E2/><V94/><F1/><W62/><G128/><T18/><D126/><U121/><E121/><V52/><F52/><N who="3" m="34119" /><G122/><T69/><D66/><U19/><E79/><V28/><F28/><W125/><G82/><T64/><D64/><U106/><E32/><V103/><F103/><W75/><G75/><T43/><D43/><U119/><E119/><V124/><F124/><N who="3" m="47691" /><G41/><T101/><D90/><U98/><E106/><V96/><F73/><W131/><G131/><T57/><D10/><U76/><E76/><V54/><F54/><W31/><G31/><T112/><D112/><U84/><E133/><V0/><F0/><W95/><G95/><N who="0" m="58559" /><D18/><U45/><E84/><V105/><F105/><W3/><G3/><T61/><AGARI ba="1,0" hai="39,42,44,53,57,61,69,70" m="58559,50730" machi="61" ten="30,1500,0" yaku="20,1" doraHai="20" who="0" fromWho="0" sc="289,18,211,-6,250,-6,250,-6" /><INIT seed="0,2,0,1,0,120" ten="307,205,244,244" oya="0" hai0="25,128,17,12,45,53,87,62,51,49,105,47,70" hai1="65,133,115,104,112,44,76,90,97,92,35,80,99" hai2="9,33,117,40,16,67,116,14,23,111,86,85,81" hai3="127,56,36,54,11,124,100,74,27,118,3,4,93"/><T121/><D121/><U8/><E35/><V24/><F67/><W41/><G118/><N who="2" m="45673" /><F40/><W73/><G27/><T22/><D105/><U69/><E8/><V123/><F123/><W75/><G41/><T18/><D128/><U38/><E38/><V108/><F33/><W42/><G42/><T63/><D87/><N who="2" m="33290" /><F81/><W20/><G20/><T125/><D125/><N who="3" m="48201" /><G36/><T114/><D114/><N who="1" m="43563" /><E44/><V46/><F46/><W52/><G56/><T96/><D96/><AGARI ba="2,0" hai="3,4,11,52,54,73,74,75,93,96,100" m="48201" machi="96" ten="40,2600,0" yaku="18,1,54,1" doraHai="120" who="3" fromWho="0" sc="307,-32,205,0,244,0,244,32" /><INIT seed="1,0,0,1,5,93" ten="275,205,244,276" oya="1" hai0="115,48,23,134,58,24,7,30,61,0,94,106,80" hai1="79,33,27,68,77,110,91,69,40,130,5,125,56" hai2="31,105,120,52,19,11,85,103,41,84,127,8,34" hai3="12,72,9,53,126,100,124,36,17,87,35,38,129"/><U128/><E125/><N who="3" m="48234" /><G72/><T66/><D106/><U16/><E5/><V2/><F127/><W13/><G35/><T81/><D115/><U71/><E40/><V117/><F117/><W132/><G132/><T29/><D29/><U112/><E112/><V60/><F120/><W121/><G121/><T123/><D123/><U75/><E110/><V95/><F41/><W86/><G129/><N who="1" m="49770" /><E75/><V65/><F2/><W46/><G100/><T59/><D134/><U26/><E56/><N who="2" m="34823" /><F34/><W1/><G1/><T131/><D131/><U64/><E64/><V108/><F105/><W74/><G74/><T116/><D116/><U43/><E43/><V96/><F31/><W25/><G25/><N who="1" m="9226" /><E33/><V20/><F65/><W22/><G38/><T113/><D113/><U82/><E16/><V57/><F57/><W98/><G36/><T73/><D73/><U88/><E82/><V3/><F3/><W21/><G17/><T102/><D7/><U32/><E32/><V101/><F108/><W109/><G109/><T133/><D0/><U111/><E111/><V114/><F114/><W118/><G118/><T51/><D133/><U14/><E14/><N who="2" m="9335" /><F103/><W45/><G13/><T54/><D48/><U135/><E135/><V44/><F44/><W90/><G46/><T15/><D15/><U76/><AGARI ba="0,0" hai="68,69,71,76,77,79,88,91" m="9226,49770" machi="76" ten="40,12000,1" yaku="28,2,19,1,54,1" doraHai="93" who="1" fromWho="1" sc="275,-40,205,120,244,-40,276,-40" /><INIT seed="1,1,0,1,2,116" ten="235,325,204,236" oya="1" hai0="101,51,124,120,96,73,13,56,127,44,62,9,126" hai1="132,115,19,91,20,123,89,29,64,93,14,100,71" hai2="107,3,2,81,79,80,61,118,125,103,28,117,131" hai3="23,78,83,12,7,110,33,104,130,49,8,84,52"/><U119/><E115/><V77/><F28/><W134/><G33/><T109/><D109/><U59/><E119/><N who="2" m="45579" /><F61/><W48/><G110/><T67/><D73/><U113/><E132/><V112/><F112/><W58/><G104/><T16/><D120/><U26/><E123/><V70/><F70/><W1/><G134/><T41/><D96/><N who="1" m="59407" /><E71/><V22/><F22/><W50/><G130/><T129/><REACH who="0" step="1"/><D101/><REACH who="0" ten="225,325,204,236" step="2"/><U105/><E113/><V25/><F131/><AGARI ba="1,1" hai="9,13,16,41,44,51,56,62,67,124,126,127,129,131" machi="131" ten="50,8000,1" yaku="1,1,2,1,18,1,54,1,53,1" doraHai="116" doraHaiUra="40" who="0" fromWho="2" sc="225,93,325,0,204,-83,236,0" /><INIT seed="2,0,0,3,0,14" ten="318,325,121,236" oya="2" hai0="118,84,44,109,41,95,134,69,104,72,121,50,37" hai1="77,38,108,60,88,13,21,135,65,75,24,125,27" hai2="58,18,20,85,39,56,117,0,59,40,55,15,80" hai3="61,113,62,114,86,81,46,76,25,126,102,119,115"/><V10/><F117/><W43/><G126/><T68/><D109/><U129/><E38/><V23/><F0/><W35/><G119/><T54/><D104/><U87/><E108/><V64/><F64/><W26/><G102/><T106/><D106/><U42/><E42/><V73/><F73/><W70/><G70/><T11/><D72/><U3/><E3/><V7/><F55/><W107/><G107/><T122/><D118/><U12/><E27/><N who="3" m="10250" /><G35/><T133/><D11/><U4/><E4/><V120/><F120/><N who="0" m="46186" /><D84/><U112/><E112/><N who="3" m="28674" /><W92/><DORA hai="110" /><G92/><T124/><D95/><U53/><E53/><V71/><F71/><N who="0" m="27210" /><D124/><U63/><E125/><V130/><F130/><W9/><G9/><T52/><D54/><U34/><E34/><V47/><REACH who="2" step="1"/><F7/><REACH who="2" ten="318,325,111,236" step="2"/><W116/><G116/><T93/><D52/><U17/><E129/><V51/><F51/><AGARI ba="0,1" hai="43,46,51,61,62,76,81,86" m="28674,10250" machi="51" ten="40,8000,1" yaku="11,1,52,4" doraHai="14,110" who="3" fromWho="2" sc="318,0,325,0,111,-80,236,90" /><INIT seed="3,0,0,5,5,50" ten="318,325,31,326" oya="3" hai0="131,115,82,19,8,87,112,59,49,120,75,105,41" hai1="20,96,0,125,83,46,15,16,104,85,35,29,5" hai2="73,54,25,74,116,113,133,90,22,10,43,66,81" hai3="130,53,100,70,7,32,61,123,78,63,57,129,65"/><W89/><G123/><T52/><D120/><U72/><E125/><V38/><F113/><N who="0" m="43594" /><D131/><N who="3" m="50185" /><G32/><T24/><D105/><U17/><E72/><V62/><F116/><W1/><G100/><T94/><D75/><U109/><E109/><V26/><F133/><W44/><G78/><N who="0" m="46551" /><D94/><U37/><E96/><V13/><F38/><W121/><G121/><T127/><D127/><U84/><E104/><V23/><F43/><W110/><G110/><T114/><D114/><U69/><E69/><V2/><F2/><W122/><G122/><T14/><D24/><U56/><E0/><V101/><F101/><W55/><G89/><T4/><D41/><U47/><E35/><V71/><F90/><W18/><G18/><AGARI ba="0,0" hai="4,8,14,18,19,49,52,59" m="46551,43594" machi="18" ten="30,3900,0" yaku="11,1,52,1,54,1" doraHai="50" who="0" fromWho="3" sc="318,39,325,0,31,0,326,-39" owari="357,45.7,325,12.5,31,-46.9,287,-11.3" /></mjloggm>