<mjloggm ver="2.3"><GO type="225" lobby="0"/><UN n0="%E8%83%83%E3%81%A8%E8%85%B8" n1="%72%69%6F%75%63%68%61%6E" n2="%E6%B4%BE%E9%81%A3%E3%81%AE%E3%82%B8%E3%83%A3%E3%83%83%E3%82%AF" n3="%E5%B8%86%E7%AB%8B%E5%A4%8F%E8%A1%A3" dan="16,17,17,16" rate="2183.72,2229.36,2206.73,2134.21" sx="M,M,M,M"/><TAIKYOKU oya="0"/><INIT seed="0,0,0,5,0,120" ten="250,250,250,250" oya="0" hai0="104,85,71,36,100,8,9,26,31,10,133,0,38" hai1="87,46,24,75,122,27,113,22,76,68,6,53,28" hai2="123,116,49,2,97,117,107,55,15,7,129,114,112" hai3="40,91,93,45,59,57,78,4,77,92,94,19,21"/><T62/><D133/><U128/><E122/><V118/><F2/><W5/><G91/><T60/><D0/><U18/><E128/><V30/><F123/><W99/><G99/><T41/><D85/><U3/><E113/><V25/><F129/><W79/><G45/><T43/><D100/><U110/><E110/><V131/><F131/><W84/><G84/><T124/><D104/><U132/><E132/><V34/><F7/><N who="3" m="2635" /><G40/><T103/><D103/><U37/><E68/><V13/><F97/><W130/><G130/><T51/><D51/><U50/><E75/><V96/><F96/><W83/><G83/><T119/><D119/><U90/><E37/><V111/><F107/><W102/><G102/><T12/><D71/><U88/><E3/><V89/><F89/><W81/><G81/><T70/><D70/><U33/><REACH who="1" step="1"/><E6/><REACH who="1" ten="250,240,250,250" step="2"/><V109/><F112/><W108/><G108/><N who="2" m="41545" /><F114/><W80/><G80/><AGARI ba="0,1" hai="18,22,24,27,28,33,46,50,53,76,80,87,88,90" machi="80" ten="40,5200,0" yaku="1,1,54,1,53,1" doraHai="120" doraHaiUra="17" who="1" fromWho="3" sc="250,0,240,62,250,0,250,-52" /><INIT seed="1,0,0,3,0,79" ten="250,302,250,198" oya="1" hai0="95,99,25,16,26,108,127,12,40,113,14,59,100" hai1="76,54,28,45,43,69,92,132,20,133,52,32,82" hai2="21,58,47,101,35,111,83,19,0,37,105,71,116" hai3="119,134,42,91,3,115,114,70,129,68,106,75,73"/><U56/><E32/><V27/><F71/><N who="3" m="27179" /><G91/><T86/><D108/><U34/><E34/><V80/><F111/><W130/><G42/><T66/><D127/><U15/><E69/><V11/><F116/><W110/><G119/><T1/><D1/><U18/><E28/><N who="2" m="19871" /><F58/><W10/><G110/><T131/><D131/><N who="3" m="50185" /><G106/><T55/><D113/><N who="3" m="43017" /><G134/><N who="1" m="51818" /><E92/><V87/><F87/><W103/><G103/><T94/><D40/><U44/><E56/><V49/><F101/><W123/><G123/><T104/><D104/><U51/><E44/><V24/><F24/><W89/><G89/><N who="0" m="53559" /><D25/><U53/><E43/><N who="2" m="24831" /><F105/><W46/><G46/><T60/><D26/><U63/><E63/><V65/><F37/><W22/><G22/><N who="0" m="11527" /><D14/><U88/><E88/><V128/><F128/><W77/><G77/><T122/><D122/><U4/><E4/><AGARI ba="0,0" hai="3,4,10,73,75" m="43017,50185,27179" machi="4" ten="40,2600,0" yaku="19,1,23,1" doraHai="79" who="3" fromWho="1" sc="250,0,302,-26,250,0,198,26" /><INIT seed="2,0,0,5,5,71" ten="250,276,250,224" oya="2" hai0="29,13,97,80,39,61,108,116,82,49,110,76,130" hai1="135,40,123,47,2,37,86,65,32,78,26,109,113" hai2="48,52,19,25,72,0,128,134,100,98,55,5,7" hai3="105,107,34,51,27,68,59,35,20,96,104,129,56"/><V102/><F72/><W75/><G75/><T6/><D29/><U66/><E113/><V15/><F128/><W73/><G73/><T53/><D61/><U79/><E2/><V44/><F134/><W24/><G129/><T17/><D6/><N who="2" m="2058" /><F0/><W22/><G96/><T133/><D130/><U4/><E4/><V119/><F119/><W33/><G68/><T21/><D133/><U11/><E11/><N who="2" m="6655" /><F25/><N who="3" m="9803" /><G51/><T84/><D116/><U70/><E135/><V41/><F98/><W16/><G16/><T23/><D97/><U87/><E109/><N who="0" m="42089" /><D80/><U30/><E123/><V127/><F127/><W95/><G95/><T62/><D62/><U43/><E70/><V38/><F38/><W9/><G9/><N who="0" m="6319" /><D39/><U81/><E43/><V132/><F132/><W89/><G89/><T90/><D90/><U46/><E40/><V120/><F120/><W83/><G83/><T115/><D115/><U28/><E37/><V50/><F41/><W77/><G77/><T121/><D121/><U126/><E126/><V60/><F60/><W111/><G111/><T14/><D14/><U99/><E99/><V18/><F18/><W36/><G36/><T94/><D94/><U103/><E30/><V91/><F91/><W122/><G122/><T58/><AGARI ba="0,0" hai="21,23,49,53,58,76,82,84" m="6319,42089" machi="58" ten="30,1100,0" yaku="14,1" doraHai="71" who="0" fromWho="0" sc="250,11,276,-3,250,-5,224,-3" /><INIT seed="3,0,0,4,1,62" ten="261,273,245,221" oya="3" hai0="93,77,96,86,72,31,2,119,71,24,102,5,84" hai1="116,51,108,34,130,89,107,4,35,67,3,90,125" hai2="76,110,75,32,23,129,27,73,104,25,49,100,41" hai3="55,20,9,87,128,64,16,58,82,126,123,46,12"/><W106/><G106/><T17/><D17/><U36/><E36/><V52/><F110/><W80/><G123/><T81/><D119/><U48/><E107/><V15/><F41/><W122/><G122/><T101/><D71/><U124/><E108/><V60/><F129/><W91/><G126/><N who="1" m="48746" /><E4/><V59/><F15/><W94/><G128/><T33/><D5/><U53/><E3/><V74/><F76/><W38/><G9/><T118/><D2/><U78/><E78/><V13/><F49/><N who="1" m="19017" /><E130/><V50/><F50/><N who="3" m="29143" /><G38/><T105/><D118/><U70/><E53/><V131/><F131/><W99/><G87/><T7/><D7/><U1/><E1/><V42/><F42/><W28/><G28/><T103/><REACH who="0" step="1"/><D84/><REACH who="0" ten="251,273,245,221" step="2"/><U61/><E116/><V112/><F73/><W109/><G109/><T0/><D0/><U69/><E70/><V54/><F74/><W117/><G117/><T115/><D115/><U114/><E114/><V133/><F112/><W127/><G127/><T56/><D56/><U113/><E113/><V10/><F75/><W18/><G18/><T45/><D45/><U111/><E111/><V98/><F59/><W121/><G121/><T68/><D68/><U66/><E66/><V11/><F11/><W21/><G21/><T95/><D95/><U83/><E83/><V40/><F40/><W134/><G134/><T6/><D6/><U97/><E34/><V29/><F133/><W120/><G120/><T132/><D132/><U22/><E35/><V63/><F32/><W26/><G12/><T135/><D135/><U85/><E69/><V44/><F13/><RYUUKYOKU ba="0,1" sc="251,15,273,-15,245,-15,221,15" hai0="24,31,33,72,77,81,86,93,96,101,102,103,105" hai3="16,20,26,58,64,80,82,91,94,99" /><INIT seed="3,1,1,1,2,122" ten="266,258,230,236" oya="3" hai0="77,30,103,59,67,69,80,22,36,117,107,5,57" hai1="84,92,8,43,124,9,23,31,10,127,6,123,53" hai2="116,114,63,16,133,113,19,91,115,95,76,111,50" hai3="134,60,74,110,26,14,29,21,70,106,55,4,28"/><W62/><G74/><T97/><D117/><U81/><E123/><V12/><F116/><W3/><G3/><T129/><D129/><U34/><E34/><V56/><F76/><W96/><G134/><T45/><D5/><U94/><E43/><V27/><F133/><W38/><G38/><T54/><D69/><U132/><E132/><V40/><F111/><W102/><G110/><T99/><D99/><U35/><E35/><V39/><F39/><W109/><G109/><T41/><D67/><U11/><E53/><V89/><F27/><W108/><G108/><T68/><D68/><U17/><E31/><V7/><F7/><W65/><G29/><T82/><D54/><U119/><E119/><V48/><F40/><W75/><G75/><T118/><D118/><U32/><E32/><V18/><F12/><W2/><G2/><T0/><D0/><U71/><E71/><V90/><REACH who="2" step="1"/><F95/><REACH who="2" ten="266,258,220,236" step="2"/><W98/><G14/><T37/><D37/><U101/><E94/><V83/><F83/><W120/><G4/><T25/><D80/><U131/><E6/><V47/><F47/><W121/><REACH who="3" step="1"/><G98/><REACH who="3" ten="266,258,220,226" step="2"/><T100/><D97/><N who="1" m="59559" /><E131/><V125/><F125/><W72/><G72/><T20/><D36/><U24/><N who="1" m="2048" /><DORA hai="49" /><U15/><E15/><V73/><F73/><W87/><G87/><T128/><D128/><U44/><E44/><V58/><F58/><AGARI ba="1,3" hai="21,26,28,55,58,60,62,65,70,96,102,106,120,121" machi="58" ten="40,7700,0" yaku="1,1,52,1,53,1" doraHai="122,49" doraHaiUra="112,66" who="3" fromWho="2" sc="266,0,258,0,220,-80,226,110" owari="266,6.6,258,-14.2,140,-36.0,336,43.6" /></mjloggm>