<mjloggm ver="2.3"><GO type="225" lobby="0"/><UN n0="%E3%80%93%E3%81%97%E3%83%BC%E3%82%89%E3%80%93" n1="%6D%75%75%73%61%6E%6D%75" n2="%E5%84%AA%40%41%42%43" n3="%E6%A1%9C%E8%8A%B1%E9%96%83%E3%80%85" dan="16,16,17,16" rate="2106.95,2082.40,2153.23,2209.30" sx="M,F,M,M"/><TAIKYOKU oya="0"/><INIT seed="0,0,0,5,5,87" ten="250,250,250,250" oya="0" hai0="126,56,59,20,111,76,62,1,22,37,6,39,135" hai1="32,70,26,114,47,21,5,10,79,52,9,131,57" hai2="29,117,96,80,122,64,109,74,53,103,124,116,38" hai3="42,93,65,12,13,73,25,81,16,31,85,61,46"/><T107/><D107/><U110/><E70/><V102/><F122/><W77/><G93/><T49/><D76/><U132/><E110/><V24/><F38/><W123/><G73/><T40/><D111/><U54/><E131/><V108/><F124/><W104/><G104/><T15/><D1/><U118/><E118/><N who="2" m="45675" /><F103/><W128/><G128/><T97/><D126/><U130/><E130/><V7/><F7/><W68/><G123/><T28/><D39/><U95/><E132/><V82/><F82/><W18/><G12/><T2/><D37/><U35/><E114/><V45/><F64/><W112/><G112/><T3/><D3/><U48/><E79/><N who="2" m="44151" /><F53/><W91/><G77/><T27/><D2/><U105/><E105/><N who="2" m="63687" /><F45/><W99/><G13/><T98/><D135/><U101/><E101/><V17/><F17/><W34/><REACH who="3" step="1"/><G99/><REACH who="3" ten="250,250,250,240" step="2"/><T51/><D98/><U125/><E125/><V88/><F88/><W127/><G127/><T55/><D97/><U63/><E95/><V66/><F66/><W71/><G71/><T121/><D15/><U133/><E133/><V44/><F44/><W115/><G115/><T19/><D121/><U72/><E72/><V8/><F8/><W134/><G134/><T100/><D100/><U60/><E9/><V129/><F129/><W0/><G0/><T90/><D90/><U89/><E89/><V106/><F106/><W43/><G43/><T41/><D40/><U120/><E120/><V33/><AGARI ba="0,1" hai="24,29,33,108,109" m="63687,44151,45675" machi="33" ten="30,2000,0" yaku="12,1,23,1" doraHai="87" who="2" fromWho="2" sc="250,-10,250,-5,250,30,240,-5" /><INIT seed="1,0,0,5,0,90" ten="240,245,280,235" oya="1" hai0="49,70,92,115,103,129,79,123,107,54,23,37,89" hai1="18,42,75,113,96,46,29,39,130,124,52,101,80" hai2="43,21,97,117,63,22,118,2,40,5,82,58,20" hai3="24,88,7,102,114,26,15,53,126,73,83,104,105"/><U30/><E113/><V35/><F35/><W86/><G114/><T34/><D34/><U12/><E130/><V132/><F132/><W10/><G126/><T121/><D37/><U13/><E124/><V100/><F2/><W56/><G73/><T122/><D70/><U60/><E75/><V27/><F5/><W95/><G105/><T72/><D115/><U36/><E80/><V77/><F117/><W99/><REACH who="3" step="1"/><G104/><REACH who="3" ten="240,245,280,225" step="2"/><T19/><D107/><U6/><E36/><V64/><F118/><W59/><G59/><T106/><D106/><U65/><E39/><V85/><F27/><W109/><G109/><T78/><D72/><U3/><E3/><V9/><F9/><W61/><AGARI ba="0,1" hai="7,10,15,24,26,53,56,61,83,86,88,95,99,102" machi="61" ten="20,12000,2" yaku="1,1,0,1,7,1,8,1,52,1,54,1,53,0" doraHai="90" doraHaiUra="131" who="3" fromWho="3" sc="240,-30,245,-60,280,-30,225,130" /><INIT seed="2,0,0,5,2,32" ten="210,185,250,355" oya="2" hai0="127,30,74,29,61,23,134,43,135,103,112,37,111" hai1="14,128,41,100,64,75,118,92,15,116,52,54,121" hai2="11,114,109,77,60,93,91,133,79,1,24,4,87" hai3="69,34,86,35,48,12,71,26,13,104,10,39,81"/><V17/><F114/><W9/><G39/><T88/><D74/><U68/><E75/><V6/><F133/><N who="0" m="50698" /><D112/><U115/><E115/><V8/><F109/><W51/><G104/><T73/><D73/><U97/><E128/><V2/><F60/><W53/><G26/><T21/><D111/><U25/><E121/><V99/><F99/><W122/><G86/><T3/><D103/><U62/><E41/><V65/><F65/><W126/><G53/><T120/><D120/><U49/><E25/><V84/><F84/><W58/><G58/><T66/><D127/><U129/><E54/><V125/><F125/><W55/><G55/><T22/><D3/><U70/><E70/><V18/><F24/><W59/><G59/><N who="0" m="37183" /><D88/><U47/><REACH who="1" step="1"/><E129/><REACH who="1" ten="210,175,250,355" step="2"/><V0/><F0/><W5/><G122/><T20/><N who="0" m="5120" /><DORA hai="56" /><T16/><D16/><AGARI ba="0,1" hai="1,2,4,6,8,11,16,17,18,77,79,87,91,93" machi="16" ten="40,12000,1" yaku="9,1,52,2,54,1" doraHai="32,56" who="2" fromWho="0" sc="210,-120,175,0,250,130,355,0" /><INIT seed="2,1,0,2,0,118" ten="90,175,380,355" oya="2" hai0="99,73,52,36,19,126,16,29,24,39,58,51,79" hai1="44,21,96,47,28,6,33,54,75,90,26,53,0" hai2="95,67,104,110,22,84,80,63,62,117,78,122,82" hai3="7,76,70,97,91,77,9,31,92,111,48,103,12"/><V11/><F104/><W74/><G111/><T37/><D126/><U49/><E75/><V93/><F117/><W72/><G70/><T27/><D27/><U61/><E0/><V57/><F110/><W13/><G31/><T89/><D79/><U50/><E6/><V81/><F122/><W30/><G30/><T87/><D99/><U15/><E61/><V94/><F11/><W25/><G25/><T42/><D42/><U130/><E130/><V46/><F46/><W123/><G123/><T3/><D73/><U114/><E114/><V65/><REACH who="2" step="1"/><F22/><REACH who="2" ten="90,175,370,355" step="2"/><W18/><G74/><T112/><D112/><U20/><E44/><V86/><F86/><W129/><G72/><T40/><D3/><U116/><E116/><V127/><F127/><W17/><G129/><T71/><D40/><U120/><E120/><V69/><AGARI ba="1,1" hai="57,62,63,65,67,69,78,80,81,82,84,93,94,95" machi="69" ten="30,3000,0" yaku="1,1,0,1,53,0" doraHai="118" doraHaiUra="10" who="2" fromWho="2" sc="90,-11,175,-11,370,43,355,-11" /><INIT seed="2,2,0,2,3,26" ten="79,164,413,344" oya="2" hai0="58,21,80,78,101,106,91,37,122,135,97,61,134" hai1="2,56,17,85,90,113,128,10,65,23,92,51,81" hai2="72,132,6,77,108,109,130,103,66,83,71,55,60" hai3="89,5,67,74,0,87,95,86,82,19,79,31,1"/><V133/><F6/><W102/><G67/><T52/><D37/><U117/><E113/><V39/><F103/><W16/><G87/><T120/><D91/><U105/><E105/><V49/><F39/><W124/><G124/><T75/><REACH who="0" step="1"/><D21/><REACH who="0" ten="69,164,413,344" step="2"/><U64/><E23/><V88/><F88/><W3/><G5/><T27/><D27/><U24/><E24/><V94/><F132/><AGARI ba="2,1" hai="52,58,61,75,78,80,97,101,106,120,122,132,134,135" machi="132" ten="40,5200,0" yaku="1,1,20,1,54,1,53,0" doraHai="26" doraHaiUra="38" who="0" fromWho="2" sc="69,68,164,0,413,-58,344,0" /><INIT seed="3,0,0,1,0,16" ten="137,164,355,344" oya="3" hai0="0,14,35,78,38,86,13,54,99,55,131,62,22" hai1="37,121,101,109,4,107,45,31,91,58,111,128,132" hai2="127,126,34,73,23,47,116,115,88,120,133,68,65" hai3="46,77,8,11,61,114,1,118,39,83,51,113,57"/><W18/><G118/><T5/><D35/><U64/><E121/><V10/><F34/><W72/><G11/><T32/><D32/><U84/><E128/><V112/><F116/><W48/><G48/><T52/><D38/><U70/><E70/><V59/><F73/><W49/><G49/><T102/><D131/><U26/><E132/><V103/><F68/><W28/><G28/><T108/><D108/><N who="1" m="41547" /><E4/><V63/><F120/><W89/><G89/><T119/><D119/><U17/><E17/><V90/><F103/><W106/><G106/><T93/><D0/><U130/><E130/><V75/><F75/><W24/><G24/><T71/><D5/><U67/><E107/><V66/><F10/><W80/><G80/><N who="0" m="47383" /><D71/><U6/><E6/><V76/><F133/><W7/><G18/><N who="0" m="10575" /><D14/><U104/><E101/><V27/><F112/><W96/><G96/><T123/><D123/><U74/><E74/><V92/><F115/><W60/><G60/><AGARI ba="0,0" hai="52,54,55,60,62,93,99,102" m="10575,47383" machi="60" ten="30,3900,0" yaku="8,1,52,1,54,1" doraHai="16" who="0" fromWho="3" sc="137,39,164,0,355,0,344,-39" owari="176,-22.4,164,-33.6,355,45.5,305,10.5" /></mjloggm>