<mjloggm ver="2.3"><GO type="225" lobby="0"/><UN n0="%E3%83%AB%E3%83%9B%E3%83%B3%E3%83%87%E3%82%A3%E3%82%A8" n1="%E3%81%9F%E3%81%93%E2%98%86%E7%84%BC%E3%81%8D" n2="%E4%B8%8B%E6%AE%B5%E3%83%81%E3%82%A7%E3%83%AA%E3%83%BC" n3="%E3%81%95%E3%81%8D%E3%81%9F%E3%81%BE%E6%9E%97%E6%AA%8E" dan="17,16,16,16" rate="2166.54,2089.92,2129.89,2154.60" sx="M,M,M,M"/><TAIKYOKU oya="0"/><INIT seed="0,0,0,5,3,132" ten="250,250,250,250" oya="0" hai0="55,39,8,111,95,97,59,25,114,24,64,101,9" hai1="20,2,56,15,116,67,125,32,17,5,44,92,29" hai2="126,36,72,85,63,0,50,81,84,128,16,91,22" hai3="26,99,41,53,27,96,134,60,123,57,75,35,69"/><T47/><D114/><U4/><E44/><V33/><F36/><W45/><G134/><T102/><D111/><U43/><E43/><V80/><F33/><W124/><G124/><T37/><D64/><U30/><E92/><V100/><F0/><W13/><G123/><T131/><D131/><U107/><E56/><V48/><F128/><W3/><G3/><T28/><D102/><U93/><E93/><V110/><F110/><W115/><G75/><T87/><D87/><U58/><E58/><V108/><F108/><W133/><G133/><T21/><D25/><U135/><E107/><V61/><F100/><W90/><G69/><T46/><D37/><U76/><E76/><V83/><F72/><W62/><G62/><N who="2" m="23561" /><F126/><W73/><G73/><T65/><D65/><U34/><E67/><V89/><F81/><W12/><G115/><T103/><D103/><U117/><E125/><V10/><F10/><N who="0" m="4202" /><D39/><U78/><E78/><V104/><F104/><W66/><G66/><T51/><AGARI ba="0,0" hai="21,24,28,46,47,51,55,59,95,97,101" m="4202" machi="51" ten="30,1500,0" yaku="8,1" doraHai="132" who="0" fromWho="0" sc="250,15,250,-5,250,-5,250,-5" /><INIT seed="0,1,0,3,1,129" ten="265,245,245,245" oya="0" hai0="83,1,34,4,101,102,36,50,15,3,85,82,92" hai1="66,24,71,134,20,73,49,41,76,125,65,53,100" hai2="126,55,77,88,115,42,59,13,111,110,117,58,123" hai3="47,6,40,96,39,95,60,120,127,119,44,107,75"/><T69/><D36/><U121/><E121/><V64/><F123/><W9/><G119/><T68/><D34/><U61/><E125/><V114/><F77/><W45/><G127/><T38/><D38/><U89/><E100/><N who="0" m="38505" /><D68/><U26/><E66/><V25/><F126/><W103/><G120/><T21/><D69/><U63/><E63/><N who="2" m="38015" /><F117/><W12/><G60/><T31/><D1/><U79/><E89/><V10/><F25/><W97/><G75/><T16/><D3/><U18/><E73/><V70/><F70/><W62/><G62/><T22/><D4/><U128/><E41/><V130/><F130/><W113/><G113/><T35/><D35/><U2/><E24/><V28/><F28/><W11/><G107/><T23/><D50/><U32/><E2/><V0/><F42/><W27/><G97/><T56/><D56/><U81/><E32/><V104/><F104/><W133/><G27/><N who="0" m="16879" /><D23/><U67/><E128/><V78/><F78/><W132/><G11/><T86/><D92/><U37/><E79/><V94/><F0/><W5/><REACH who="3" step="1"/><G6/><REACH who="3" ten="265,245,245,235" step="2"/><T108/><D108/><U91/><E67/><V51/><F115/><W7/><G7/><T46/><D46/><AGARI ba="1,1" hai="5,9,12,39,40,44,45,46,47,95,96,103,132,133" machi="46" ten="40,8000,1" yaku="1,1,52,2,53,1" doraHai="129" doraHaiUra="93" who="3" fromWho="0" sc="265,-83,245,0,245,0,235,93" /><INIT seed="1,0,0,5,2,47" ten="182,245,245,328" oya="1" hai0="87,20,70,49,104,100,35,122,1,19,127,110,8" hai1="98,46,53,28,63,118,42,81,22,86,40,3,14" hai2="62,134,18,16,90,89,95,5,79,91,101,82,85" hai3="44,124,0,75,7,50,25,48,106,97,115,103,24"/><U71/><E3/><V38/><F38/><W41/><G124/><T126/><D70/><U80/><E118/><V15/><F134/><W11/><G115/><T58/><D122/><U65/><E98/><N who="2" m="59615" /><F62/><W57/><G75/><T23/><D110/><U59/><E80/><V131/><F131/><W67/><G67/><T102/><D35/><U120/><E120/><V32/><F32/><W76/><G76/><T96/><D100/><U34/><E34/><V55/><F55/><W99/><G99/><T128/><D128/><U29/><E40/><V21/><F5/><W2/><G2/><T119/><D119/><U56/><E14/><V132/><F132/><W116/><G116/><T125/><D87/><U108/><E22/><N who="2" m="11551" /><F79/><W4/><G4/><N who="0" m="1039" /><D19/><U123/><E123/><V9/><F9/><W10/><G10/><T52/><AGARI ba="0,0" hai="20,23,49,52,58,96,102,104,125,126,127" m="1039" machi="52" ten="40,5200,0" yaku="18,1,52,1,54,1" doraHai="47" who="0" fromWho="0" sc="182,52,245,-26,245,-13,328,-13" /><INIT seed="2,0,0,3,3,16" ten="234,219,232,315" oya="2" hai0="86,125,126,82,26,36,57,110,28,45,40,14,29" hai1="63,35,120,72,116,95,76,84,42,124,103,81,87" hai2="97,43,44,7,122,101,135,68,25,3,20,30,94" hai3="50,129,131,98,60,39,133,33,8,108,92,59,15"/><V70/><F122/><W74/><G108/><T117/><D110/><U53/><E35/><V128/><F135/><W65/><G39/><T17/><D117/><U83/><E116/><V106/><F128/><N who="3" m="49227" /><G133/><T37/><D57/><U123/><E42/><V18/><F106/><W99/><G33/><T13/><D37/><U77/><E53/><V49/><REACH who="2" step="1"/><F18/><REACH who="2" ten="234,219,222,315" step="2"/><N who="3" m="8551" /><G74/><T5/><D17/><U52/><E72/><V10/><AGARI ba="0,1" hai="3,7,10,20,25,30,43,44,49,68,70,94,97,101" machi="10" ten="30,11700,0" yaku="1,1,0,1,52,1,53,1" doraHai="16" doraHaiUra="4" who="2" fromWho="2" sc="234,-39,219,-39,222,127,315,-39" /><INIT seed="2,1,0,5,2,30" ten="195,180,349,276" oya="2" hai0="125,87,34,104,0,96,9,3,39,2,91,89,70" hai1="82,40,59,75,19,14,44,94,98,28,36,37,112" hai2="69,106,51,61,119,35,66,33,128,129,130,135,118" hai3="47,60,10,52,68,76,7,111,42,18,114,13,110"/><V45/><F106/><W83/><G114/><T100/><D39/><U95/><E112/><V108/><F135/><W99/><G99/><T31/><D125/><U121/><E121/><V5/><F5/><W126/><G126/><T124/><D124/><U38/><E95/><V113/><F113/><W32/><G32/><N who="2" m="12361" /><F108/><N who="3" m="41515" /><G68/><T4/><D70/><U55/><E28/><V26/><F26/><W122/><G122/><T58/><D58/><U79/><E75/><V11/><F11/><W117/><G117/><T73/><D73/><U54/><E55/><AGARI ba="1,0" hai="45,51,55,61,66,69,118,119,128,129,130" m="12361" machi="55" ten="40,12000,1" yaku="19,1,52,3" doraHai="30" who="2" fromWho="1" sc="195,0,180,-123,349,123,276,0" /><INIT seed="2,2,0,5,1,35" ten="195,57,472,276" oya="2" hai0="83,36,102,33,96,68,45,28,74,13,76,86,64" hai1="70,109,5,134,0,75,99,81,133,78,88,1,135" hai2="101,44,112,22,100,26,90,108,24,84,72,17,82" hai3="130,69,128,92,98,61,51,25,120,57,47,104,93"/><V97/><F112/><W2/><G120/><T3/><D3/><N who="1" m="1099" /><E5/><V18/><F108/><W124/><G2/><T30/><D33/><U113/><E70/><V48/><F72/><W12/><G69/><T10/><D68/><U42/><E42/><V111/><F111/><W115/><G115/><T110/><D110/><U119/><E109/><V59/><F59/><W56/><G104/><T80/><D64/><U49/><E49/><V39/><F39/><W4/><G25/><T23/><D23/><U21/><E21/><N who="2" m="13359" /><F97/><W62/><G98/><T15/><D15/><U9/><E9/><V34/><F34/><W107/><G107/><T65/><D65/><U131/><E113/><V55/><AGARI ba="2,0" hai="18,22,26,44,48,55,82,84,90,100,101" m="13359" machi="55" ten="30,1500,0" yaku="8,1" doraHai="35" who="2" fromWho="2" sc="195,-7,57,-7,472,21,276,-7" /><INIT seed="2,3,0,5,3,40" ten="188,50,493,269" oya="2" hai0="114,1,109,129,75,48,95,50,121,49,93,32,68" hai1="86,94,83,41,69,122,120,29,100,103,118,54,45" hai2="57,91,80,66,31,25,19,2,67,85,87,76,84" hai3="37,110,111,105,128,106,63,117,115,73,107,88,131"/><V10/><F57/><W47/><G117/><T90/><D75/><U108/><E69/><V132/><F132/><W119/><G119/><T124/><D1/><U28/><E118/><V56/><F56/><W55/><G73/><T0/><D0/><U126/><E108/><N who="3" m="41514" /><G115/><T23/><D32/><U14/><E14/><V21/><F2/><W70/><G70/><T9/><D9/><U18/><E18/><V27/><F85/><W39/><G63/><T16/><D68/><U82/><E126/><V65/><F10/><W98/><G55/><T104/><D104/><U44/><E86/><V46/><F46/><W123/><G123/><T4/><D4/><U17/><E17/><V59/><F59/><W133/><G133/><T38/><D38/><N who="3" m="14345" /><G47/><T24/><D121/><U61/><E54/><V60/><F60/><W26/><G26/><T52/><D114/><U97/><E61/><V7/><F7/><W22/><G22/><T74/><D74/><U20/><E20/><V92/><REACH who="2" step="1"/><F66/><REACH who="2" ten="188,50,483,269" step="2"/><W58/><G58/><T5/><D109/><U36/><E36/><V13/><F13/><W53/><G53/><T33/><D52/><U96/><REACH who="1" step="1"/><E41/><REACH who="1" ten="188,40,483,269" step="2"/><V78/><F78/><W12/><G12/><T125/><D124/><U134/><E134/><V71/><F71/><W42/><G42/><T3/><D125/><U8/><E8/><V81/><F81/><W101/><G101/><T11/><D11/><U77/><E77/><V130/><F130/><W43/><G43/><T6/><D129/><U30/><E30/><V135/><F135/><W64/><G64/><T116/><D116/><RYUUKYOKU ba="3,2" sc="188,-30,40,10,483,10,269,10" hai1="28,29,44,45,82,83,94,96,97,100,103,120,122" hai2="19,21,25,27,31,65,67,76,80,84,87,91,92" hai3="88,98,105,106,107,128,131" /><INIT seed="2,4,2,4,2,110" ten="158,50,493,279" oya="2" hai0="122,90,73,8,28,101,61,52,0,129,133,41,111" hai1="65,24,19,70,30,68,11,95,33,93,124,16,35" hai2="57,108,9,72,21,53,37,29,74,13,51,127,48" hai3="62,36,106,91,135,44,71,86,102,118,134,58,82"/><V34/><F37/><W98/><G118/><T81/><D122/><U4/><E93/><V131/><F108/><W32/><G32/><T69/><D111/><U6/><E95/><V40/><F34/><N who="1" m="12809" /><E65/><V59/><F127/><W123/><G123/><T77/><D101/><U104/><E70/><V114/><F131/><W84/><G84/><T7/><D90/><U39/><E68/><V54/><F114/><W43/><G71/><T27/><D41/><U66/><E104/><V3/><F3/><W116/><G116/><T119/><D119/><U78/><E66/><V96/><F40/><W42/><G42/><T128/><D133/><N who="3" m="50697" /><G62/><T99/><D99/><U56/><E78/><V18/><F96/><W76/><G58/><T120/><D120/><U79/><E56/><V115/><F115/><W50/><G76/><T67/><D52/><U64/><E64/><V117/><F117/><W47/><G47/><T15/><D0/><N who="1" m="391" /><E79/><V100/><F100/><W125/><G125/><T46/><D46/><U89/><E89/><V83/><F83/><W121/><G121/><T23/><AGARI ba="4,2" hai="7,8,15,23,27,28,61,67,69,73,77,81,128,129" machi="23" ten="30,1100,0" yaku="0,1" doraHai="110" who="0" fromWho="0" sc="158,43,50,-7,493,-9,279,-7" /><INIT seed="3,0,0,1,1,0" ten="201,43,484,272" oya="3" hai0="69,133,46,104,15,24,47,40,117,66,64,34,94" hai1="108,13,120,45,43,130,2,5,21,114,26,11,61" hai2="25,20,70,16,118,83,55,39,119,115,32,88,41" hai3="105,91,23,135,116,42,131,65,121,19,63,128,112"/><W98/><G42/><T87/><D104/><U92/><E61/><V62/><F115/><W52/><G65/><T28/><D117/><U22/><E92/><V89/><F32/><W1/><G91/><T35/><D133/><U103/><E45/><V53/><F39/><W10/><G19/><T102/><D35/><U126/><E103/><V78/><F78/><W68/><G23/><T60/><D66/><U9/><E43/><V36/><F41/><W7/><G112/><T44/><D15/><U96/><E96/><V14/><F36/><W73/><G73/><T100/><D40/><U50/><E50/><V97/><F70/><W4/><G98/><T109/><D109/><U57/><E57/><N who="2" m="35119" /><F14/><W107/><G107/><T90/><AGARI ba="0,0" hai="24,28,34,44,46,47,60,64,69,87,90,94,100,102" machi="90" ten="30,1100,0" yaku="0,1" doraHai="0" who="0" fromWho="0" sc="201,11,43,-3,484,-3,272,-5" owari="212,-18.8,40,-46.0,481,58.1,267,6.7" /></mjloggm>