<mjloggm ver="2.3"><GO type="225" lobby="0"/><UN n0="%72%69%6F%75%63%68%61%6E" n1="%E3%81%B5%E3%81%98%E3%81%8B%E3%81%A4" n2="%E3%81%BF%E3%81%BF%E3%81%9A" n3="%E3%83%A9%E3%83%96%E3%83%AC%E3%83%BC" dan="16,16,17,17" rate="2133.69,2175.50,2261.56,2092.23" sx="M,M,M,M"/><TAIKYOKU oya="0"/><INIT seed="0,0,0,2,5,110" ten="250,250,250,250" oya="0" hai0="133,0,20,33,112,99,101,19,14,134,114,47,9" hai1="127,37,38,32,91,107,50,57,105,18,131,44,42" hai2="22,87,28,27,77,98,96,68,88,15,40,76,102" hai3="66,54,58,16,124,3,95,78,56,120,60,8,80"/><T45/><D33/><U10/><E32/><V30/><F68/><W70/><G124/><T71/><D71/><U128/><E127/><V6/><F40/><W55/><G120/><T69/><D69/><U92/><E10/><N who="2" m="4567" /><F30/><W34/><G95/><T23/><D45/><U86/><E18/><V93/><F98/><W65/><G34/><T104/><D47/><U83/><E83/><AGARI ba="0,0" hai="22,27,28,76,77,83,87,88,93,96,102" m="4567" machi="83" ten="30,2000,0" yaku="8,1,54,1" doraHai="110" who="2" fromWho="1" sc="250,0,250,-20,250,20,250,0" /><INIT seed="1,0,0,3,5,123" ten="250,230,270,250" oya="1" hai0="13,44,111,16,20,31,33,106,104,0,92,132,42" hai1="60,124,5,119,64,9,130,45,47,127,8,1,52" hai2="25,66,107,112,15,100,27,90,133,28,97,63,121" hai3="74,72,29,50,103,126,110,24,118,61,134,108,57"/><U18/><E119/><V122/><F133/><W55/><G134/><T105/><D111/><N who="3" m="42537" /><G118/><T87/><D0/><U6/><E130/><V131/><F131/><W98/><G126/><N who="1" m="48170" /><E18/><V11/><F27/><W83/><G83/><T77/><D132/><U41/><E52/><V46/><F90/><W114/><G114/><T101/><D77/><U120/><E41/><V95/><F46/><W88/><G88/><T14/><D87/><U69/><E120/><V30/><F30/><W10/><G10/><T37/><D31/><U109/><E109/><V34/><F95/><N who="3" m="58847" /><G61/><T70/><D92/><U35/><E35/><AGARI ba="0,0" hai="24,29,35,50,55,57,72,74" m="58847,42537" machi="35" ten="30,7700,0" yaku="14,1,52,3" doraHai="123" who="3" fromWho="1" sc="250,0,230,-77,270,0,250,77" /><INIT seed="2,0,0,1,2,72" ten="250,153,270,327" oya="2" hai0="51,31,122,76,124,129,27,52,121,127,85,54,103" hai1="65,43,93,12,116,84,132,46,30,82,21,34,81" hai2="15,95,59,22,19,63,92,125,89,56,131,60,100" hai3="109,26,49,50,45,48,78,10,106,133,3,111,128"/><V38/><F125/><N who="0" m="48202" /><D129/><U114/><E116/><V47/><F131/><W32/><G106/><T33/><D103/><U53/><E132/><V0/><F0/><W69/><G69/><T11/><D11/><U75/><E114/><V134/><F134/><W91/><G133/><T86/><D54/><U71/><E34/><V70/><F70/><W120/><G120/><N who="0" m="46187" /><D76/><U130/><E130/><V119/><F119/><W68/><G68/><T96/><D96/><U14/><E75/><V94/><F100/><W2/><G78/><T83/><D83/><U8/><E71/><V13/><F38/><W79/><G79/><T118/><D118/><U62/><E65/><N who="2" m="39047" /><F47/><AGARI ba="0,0" hai="27,31,33,47,51,52,85,86" m="46187,48202" machi="47" ten="30,2000,0" yaku="18,1,54,1" doraHai="72" who="0" fromWho="2" sc="250,20,153,0,270,-20,327,0" /><INIT seed="3,0,0,1,0,124" ten="270,153,250,327" oya="3" hai0="86,112,53,17,65,31,134,116,3,52,129,66,27" hai1="61,50,64,38,63,79,21,105,5,108,22,135,59" hai2="91,23,128,62,32,75,10,0,54,47,46,122,111" hai3="81,88,115,14,85,100,19,74,89,107,102,8,121"/><W77/><G115/><T90/><D129/><U133/><E105/><V57/><F32/><W123/><G89/><T58/><D116/><U71/><E5/><V114/><F114/><W93/><G102/><T60/><D112/><U44/><E79/><V25/><F75/><W11/><G8/><T34/><D3/><U103/><E103/><V1/><F111/><W39/><G39/><T49/><D134/><U95/><E95/><V98/><F122/><W69/><G69/><T56/><REACH who="0" step="1"/><D17/><REACH who="0" ten="260,153,250,327" step="2"/><U126/><E126/><V18/><F128/><W83/><G123/><T76/><D76/><U101/><E101/><V29/><F29/><W96/><G121/><T92/><AGARI ba="0,1" hai="27,31,34,49,52,53,56,58,60,65,66,86,90,92" machi="92" ten="20,12000,2" yaku="1,1,0,1,7,1,54,1,53,2" doraHai="124" doraHaiUra="51" who="0" fromWho="0" sc="260,130,153,-30,250,-30,327,-60" owari="390,49.0,123,-37.7,220,-18.0,267,6.7" /></mjloggm>