<mjloggm ver="2.3"><GO type="225" lobby="0"/><UN n0="%E5%8C%97%E6%AC%A7%E3%81%AE%E3%82%82%E3%81%93%E3%81%86" n1="%53%63%61%6E%64%61%6C" n2="%73%6C%69%63%6B%33%31%39" n3="%6D%75%75%6D%75%72%61" dan="17,16,16,17" rate="2150.63,2072.56,2186.86,2104.47" sx="M,M,M,F"/><TAIKYOKU oya="0"/><INIT seed="0,0,0,0,3,58" ten="250,250,250,250" oya="0" hai0="101,71,98,99,125,8,48,129,112,109,76,73,29" hai1="23,132,96,104,47,103,51,44,81,34,92,83,110" hai2="7,30,65,45,122,25,130,123,87,38,118,56,13" hai3="114,1,12,133,20,36,31,21,127,93,113,135,52"/><T19/><D112/><U74/><E110/><V84/><F130/><W79/><G36/><T35/><D129/><U28/><E132/><N who="3" m="50762" /><G1/><T94/><D125/><U6/><E34/><V62/><F118/><W49/><G127/><T37/><D37/><U121/><E121/><V33/><F7/><W108/><G108/><T9/><D71/><U68/><E68/><V11/><F84/><W86/><G12/><T41/><D35/><U5/><E104/><V16/><REACH who="2" step="1"/><F87/><REACH who="2" ten="250,250,240,250" step="2"/><W106/><G86/><T3/><D109/><U18/><E74/><V131/><F131/><W27/><G114/><T61/><D73/><U57/><E81/><V55/><F55/><W26/><G113/><T72/><D72/><U88/><E83/><V95/><F95/><W102/><G106/><T115/><D115/><U82/><E82/><V124/><F124/><W117/><G117/><T78/><D94/><U128/><E128/><V50/><F50/><W24/><G93/><T69/><D48/><U15/><E5/><V59/><F59/><W116/><G116/><T14/><D69/><U134/><E6/><V2/><F2/><W90/><G52/><T40/><D3/><U63/><E134/><V46/><F46/><W126/><G49/><T53/><D53/><N who="1" m="34223" /><E51/><V75/><F75/><W77/><G126/><T89/><D40/><AGARI ba="0,1" hai="11,13,16,25,30,33,38,40,45,56,62,65,122,123" machi="40" ten="40,8000,1" yaku="1,1,52,1,54,1,53,1" doraHai="58" doraHaiUra="42" who="2" fromWho="0" sc="250,-80,250,0,240,90,250,0" /><INIT seed="1,0,0,0,5,125" ten="170,250,330,250" oya="1" hai0="42,76,96,79,59,25,94,120,77,78,67,46,7" hai1="43,57,100,130,95,118,110,40,65,85,133,60,1" hai2="113,103,75,8,93,102,49,123,114,104,56,69,68" hai3="14,126,6,18,127,53,9,80,45,122,35,132,30"/><U106/><E118/><V20/><F75/><W112/><G80/><T32/><D120/><U15/><E1/><V116/><F116/><W28/><G53/><T134/><D134/><U26/><E133/><V58/><F123/><W81/><G45/><T37/><D32/><U83/><E110/><V107/><F20/><N who="3" m="11351" /><G81/><T128/><D25/><U98/><E130/><V87/><F8/><W31/><G132/><T64/><N who="0" m="19456" /><DORA hai="117" /><T72/><D7/><U55/><E15/><V70/><F87/><W36/><G36/><T3/><D3/><U54/><E106/><N who="2" m="40491" /><F93/><W86/><G86/><T109/><D72/><U82/><E26/><V88/><F88/><W47/><G47/><T41/><D109/><U34/><E34/><V21/><F49/><W23/><G35/><T101/><D42/><N who="1" m="15915" /><E83/><V131/><F21/><W91/><G91/><AGARI ba="0,0" hai="54,55,57,60,65,82,85,91,95,98,100" m="15915" machi="91" ten="30,1500,0" yaku="8,1" doraHai="125,117" who="1" fromWho="3" sc="170,0,250,15,330,0,250,-15" /><INIT seed="1,1,0,1,4,60" ten="170,265,330,235" oya="1" hai0="30,105,80,67,90,28,131,108,116,10,95,71,130" hai1="16,54,83,49,24,104,126,102,92,38,94,22,112" hai2="66,107,77,27,52,18,58,25,89,98,129,84,37" hai3="118,32,39,86,73,31,135,110,41,97,121,68,3"/><U46/><E112/><V23/><F37/><W53/><RYUUKYOKU type="yao9" ba="1,0" sc="170,0,265,0,330,0,235,0" hai3="3,31,32,39,41,53,68,73,86,97,110,118,121,135" /><INIT seed="1,2,0,1,5,71" ten="170,265,330,235" oya="1" hai0="3,23,14,83,9,67,113,36,106,40,53,102,24" hai1="87,88,61,5,33,57,43,27,29,42,98,125,82" hai2="105,56,17,133,104,135,94,69,6,96,1,132,65" hai3="119,28,18,114,62,109,86,122,73,112,84,66,93"/><U97/><E125/><V10/><F69/><W78/><G122/><T123/><D113/><U81/><E5/><V74/><F74/><W25/><G109/><T46/><D123/><U47/><E81/><V2/><F2/><W128/><G128/><T100/><D67/><U37/><REACH who="1" step="1"/><E43/><REACH who="1" ten="170,255,330,235" step="2"/><V11/><F6/><W39/><G114/><T51/><D3/><U76/><E76/><V80/><F80/><W35/><G78/><T50/><D83/><U44/><E44/><V99/><F1/><W15/><G112/><T7/><D106/><U134/><E134/><V79/><F79/><W95/><G119/><T70/><D70/><U130/><E130/><V91/><F104/><W103/><G95/><T41/><D41/><U32/><E32/><V55/><F105/><W89/><G35/><T110/><D110/><U116/><E116/><V124/><F124/><W54/><G93/><T26/><D26/><U60/><E60/><V34/><F34/><W101/><G62/><T49/><REACH who="0" step="1"/><D53/><AGARI ba="2,1" hai="27,29,33,37,42,47,53,57,61,82,87,88,97,98" machi="53" ten="30,12000,1" yaku="1,1,7,1,52,1,54,1,53,1" doraHai="71" doraHaiUra="38" who="1" fromWho="0" sc="170,-126,255,136,330,0,235,0" /><INIT seed="1,3,0,2,0,130" ten="44,391,330,235" oya="1" hai0="113,33,82,47,73,131,48,67,11,10,35,49,115" hai1="80,109,52,100,129,1,19,114,132,7,92,31,89" hai2="112,119,121,78,36,8,30,108,71,76,0,83,68" hai3="133,69,94,38,111,75,24,43,54,21,117,90,57"/><U39/><E129/><V55/><F119/><W63/><G117/><T72/><D131/><U3/><E114/><V101/><F121/><W70/><G75/><T40/><D67/><U128/><E128/><V61/><F36/><W5/><G111/><T85/><D85/><U95/><E39/><V2/><F112/><W12/><G133/><T28/><D28/><U37/><E37/><V17/><F30/><W110/><G110/><T106/><D82/><U20/><E31/><V66/><F68/><W42/><G38/><T93/><D93/><U16/><E109/><V120/><F120/><W13/><G70/><T102/><D102/><U18/><E132/><V107/><F78/><W34/><G69/><T125/><D106/><U79/><E100/><V46/><F17/><N who="3" m="12335" /><G34/><T45/><REACH who="0" step="1"/><D125/><REACH who="0" ten="34,391,330,235" step="2"/><U60/><E92/><V9/><F101/><W96/><G94/><T124/><D124/><U44/><E95/><V26/><F107/><W98/><G96/><T41/><AGARI ba="3,1" hai="10,11,33,35,40,41,45,47,48,49,72,73,113,115" machi="41" ten="25,6400,0" yaku="1,1,0,1,22,2,53,0" doraHai="130" doraHaiUra="23" who="0" fromWho="0" sc="34,83,391,-35,330,-19,235,-19" /><INIT seed="2,0,0,0,2,23" ten="117,356,311,216" oya="2" hai0="38,127,128,93,104,70,69,45,55,44,40,60,26" hai1="102,112,75,57,73,53,61,132,0,94,82,124,84" hai2="18,30,3,4,17,50,21,120,39,41,46,97,90" hai3="78,8,106,80,68,114,35,65,126,83,15,116,28"/><V99/><F120/><W95/><G106/><T22/><D104/><U123/><E123/><V107/><F3/><W51/><G116/><T64/><D128/><U24/><E112/><V59/><F4/><W54/><G114/><T5/><D5/><U33/><E132/><V85/><F39/><W72/><G126/><T31/><D127/><U9/><E124/><V133/><F133/><W79/><G95/><T100/><D45/><U6/><E33/><V2/><F2/><W98/><G98/><T27/><D55/><U134/><E134/><V37/><F37/><W16/><G68/><T103/><D70/><U1/><E1/><V109/><F109/><W89/><G89/><T49/><D38/><U66/><E75/><V77/><F77/><W129/><G65/><T58/><D69/><U12/><E73/><V43/><F43/><W47/><G129/><T10/><D10/><U7/><E6/><V29/><F59/><W119/><G119/><T34/><REACH who="0" step="1"/><D93/><REACH who="0" ten="107,356,311,216" step="2"/><U32/><E94/><V14/><F107/><W67/><G47/><T110/><D110/><U118/><E118/><V125/><F125/><W91/><G54/><T88/><D88/><U48/><E53/><V19/><F46/><W76/><G91/><T13/><D13/><U135/><E12/><V111/><F111/><W87/><G15/><T42/><D42/><U131/><E131/><V130/><F130/><W121/><G8/><T96/><D96/><U20/><E135/><V92/><F41/><W115/><G121/><T122/><D122/><U11/><E7/><V108/><F108/><W74/><G115/><RYUUKYOKU ba="0,1" sc="107,30,356,-10,311,-10,216,-10" hai0="22,26,27,31,34,40,44,49,58,60,64,100,103" /><INIT seed="3,1,1,4,0,127" ten="137,346,301,206" oya="3" hai0="100,61,111,63,62,25,120,71,73,106,134,38,103" hai1="130,14,102,65,7,78,32,11,70,90,26,3,75" hai2="94,79,57,118,72,31,42,41,83,98,29,12,18" hai3="86,84,15,51,22,80,47,117,135,115,1,49,0"/><W126/><G115/><T56/><D120/><U121/><E121/><V105/><F118/><W27/><G117/><T128/><D73/><U88/><E102/><V96/><F31/><W85/><G126/><T123/><D123/><U46/><E46/><V133/><F133/><W28/><G1/><T20/><D38/><U40/><E40/><V37/><F29/><W92/><G0/><T107/><D71/><U69/><E70/><V21/><F37/><W44/><G92/><T114/><D134/><U91/><E69/><V6/><F105/><W4/><G135/><T74/><D74/><U39/><E39/><V131/><F131/><W93/><G93/><T116/><D116/><U59/><E3/><V10/><F57/><W17/><G4/><T82/><D114/><U67/><E59/><V55/><F55/><W54/><G49/><T87/><D128/><U5/><E5/><V122/><F122/><W81/><REACH who="3" step="1"/><G47/><REACH who="3" ten="137,346,301,196" step="2"/><T110/><D107/><U89/><E7/><V23/><F6/><W13/><G13/><T50/><D106/><U99/><E14/><V97/><F94/><W53/><G53/><T129/><D129/><U125/><E130/><V9/><F41/><W36/><G36/><T108/><D50/><U68/><E125/><V19/><F42/><W16/><G16/><N who="0" m="12423" /><D56/><U34/><E68/><V77/><F18/><W45/><G45/><T76/><D76/><U8/><E78/><V58/><F79/><W101/><G101/><N who="0" m="38987" /><D110/><U52/><E52/><V30/><F58/><W64/><G64/><T35/><D35/><AGARI ba="1,2" hai="15,17,22,27,28,35,44,51,54,80,81,84,85,86" machi="35" ten="40,2000,0" yaku="1,1,53,0" doraHai="127" doraHaiUra="113" who="3" fromWho="0" sc="137,-23,346,0,301,0,196,43" /><INIT seed="3,2,0,1,5,0" ten="114,346,301,239" oya="3" hai0="31,40,37,54,9,130,10,121,99,95,68,14,4" hai1="36,21,35,109,71,132,120,57,111,26,11,100,129" hai2="106,117,45,133,17,134,85,41,98,110,2,64,33" hai3="65,6,34,105,48,90,51,15,74,44,72,114,22"/><W108/><G114/><T93/><D130/><U96/><E71/><V70/><F33/><W126/><G34/><T77/><D121/><U3/><E36/><N who="2" m="21671" /><F17/><W42/><G105/><T52/><D68/><U46/><E120/><V92/><F85/><W8/><G126/><T75/><D31/><U59/><E132/><N who="2" m="50795" /><F92/><W12/><G108/><N who="1" m="41546" /><E35/><V81/><F81/><W86/><G65/><T102/><D37/><U131/><E46/><V20/><F20/><W62/><G62/><T103/><D40/><U112/><E112/><V13/><F13/><W76/><G51/><T58/><D10/><U53/><E11/><V119/><F110/><W19/><REACH who="3" step="1"/><G76/><REACH who="3" ten="114,346,301,229" step="2"/><T28/><D28/><N who="1" m="17487" /><E131/><V78/><F78/><W18/><G18/><T82/><REACH who="0" step="1"/><D58/><REACH who="0" ten="104,346,301,229" step="2"/><U128/><E59/><V49/><F70/><W30/><G30/><T60/><D60/><N who="1" m="35887" /><E3/><V118/><F2/><W66/><G66/><T87/><D87/><U23/><E23/><V97/><F64/><W39/><G39/><T69/><D69/><U80/><E129/><V113/><F113/><W29/><G29/><T104/><D104/><U122/><E128/><V55/><F106/><W25/><G25/><T24/><D24/><U67/><E67/><V124/><F124/><W89/><G89/><T56/><D56/><AGARI ba="2,2" hai="49,55,56,97,98,117,118,119" m="50795,21671" machi="56" ten="40,1300,0" yaku="20,1" doraHai="0" who="2" fromWho="0" sc="104,-19,346,0,301,39,229,0" owari="85,-41.5,346,44.6,340,14.0,229,-17.1" /></mjloggm>