<mjloggm ver="2.3"><GO type="225" lobby="0"/><UN n0="%E3%81%9F%E3%81%A3%E3%81%A1%E3%82%87" n1="%61%6D%65%6B%69" n2="%E3%81%A1%E3%82%85%E3%81%86%E3%81%A9%E3%81%8F%E8%B1%A1%E3%81%95%E3%82%93" n3="%E4%B8%AD%E5%B9%B4%E3%81%AE%E5%8D%B1%E6%A9%9F" dan="16,16,17,17" rate="2080.72,2068.37,2252.16,2150.21" sx="M,M,M,M"/><TAIKYOKU oya="0"/><INIT seed="0,0,0,1,3,30" ten="250,250,250,250" oya="0" hai0="78,73,47,58,118,132,63,66,94,135,125,38,89" hai1="62,50,98,9,8,18,67,111,124,28,53,86,45" hai2="22,0,70,34,93,100,114,31,6,3,44,48,90" hai3="133,64,128,59,12,35,11,37,99,23,49,55,26"/><T19/><D118/><U36/><E111/><V68/><F114/><W29/><G128/><T120/><D120/><U21/><E124/><V121/><F100/><W134/><G37/><T83/><D125/><U13/><E36/><V95/><F121/><W119/><G119/><T42/><REACH who="0" step="1"/><D19/><REACH who="0" ten="240,250,250,250" step="2"/><U91/><E28/><V105/><F31/><W16/><G64/><T79/><D79/><U74/><E74/><V24/><F6/><W81/><G11/><T10/><D10/><U131/><E131/><V72/><F72/><W80/><REACH who="3" step="1"/><G99/><AGARI ba="0,1" hai="38,42,47,58,63,66,73,78,83,89,94,99,132,135" machi="99" ten="40,2000,0" yaku="1,1,53,0" doraHai="30" doraHaiUra="4" who="0" fromWho="3" sc="240,30,250,0,250,0,250,-20" /><INIT seed="0,1,0,4,1,38" ten="270,250,250,230" oya="0" hai0="121,124,72,114,55,89,78,111,64,1,5,60,23" hai1="49,39,109,18,127,12,73,59,36,48,98,42,33" hai2="16,44,99,46,51,134,119,2,132,47,104,9,57" hai3="26,70,32,133,13,84,105,4,71,63,40,19,3"/><T101/><D114/><U56/><E73/><V0/><F119/><W97/><G84/><T85/><D121/><U128/><E33/><V30/><F30/><N who="3" m="19543" /><G19/><T66/><D124/><U108/><E127/><V69/><F69/><W65/><G13/><T17/><D101/><U31/><E31/><V6/><F104/><W83/><G83/><T21/><D21/><U10/><E128/><V77/><F77/><W15/><G15/><T74/><D55/><N who="1" m="31847" /><E98/><V43/><F99/><W14/><G14/><T125/><D78/><U80/><E80/><V123/><F123/><W92/><G92/><T67/><D60/><U118/><E118/><V7/><F57/><W91/><G91/><T90/><D89/><U88/><E88/><V75/><F75/><W116/><G116/><T52/><D125/><U130/><E130/><V135/><REACH who="2" step="1"/><F16/><REACH who="2" ten="270,250,240,230" step="2"/><W11/><G71/><T61/><D72/><U100/><E18/><V25/><F25/><W96/><G96/><T29/><D74/><U62/><E10/><AGARI ba="1,1" hai="0,2,6,7,9,10,43,44,46,47,51,132,134,135" machi="10" ten="40,8000,1" yaku="1,1,9,1,20,1,52,1,53,1" doraHai="38" doraHaiUra="37" who="2" fromWho="1" sc="270,0,250,-83,240,93,230,0" /><INIT seed="1,0,0,2,1,123" ten="270,167,333,230" oya="1" hai0="61,6,105,15,34,86,91,74,17,0,20,44,134" hai1="106,47,71,3,85,43,41,19,63,129,95,64,80" hai2="111,60,48,13,88,119,2,56,117,70,89,114,8" hai3="1,68,35,12,113,67,42,127,29,45,37,116,53"/><U69/><E106/><V23/><F2/><W135/><G12/><T65/><D74/><U18/><E3/><V79/><F79/><W55/><G1/><T103/><D105/><U110/><E71/><V118/><F23/><W52/><G29/><T93/><D103/><U31/><E129/><V124/><F70/><W81/><G35/><T109/><D34/><U112/><E112/><V78/><F78/><W10/><G10/><T30/><D30/><U102/><E31/><V16/><F48/><W115/><G81/><T96/><D134/><U33/><E33/><V94/><F114/><N who="3" m="43531" /><G135/><T122/><D122/><U11/><E11/><V7/><F124/><W25/><G25/><T62/><D15/><U121/><E121/><V125/><F125/><W57/><G127/><T46/><D17/><U22/><E22/><V24/><F24/><W32/><G32/><T90/><D6/><U66/><E66/><V49/><F7/><W21/><G21/><T130/><D65/><U98/><E43/><V26/><F26/><W126/><G126/><T77/><D20/><U38/><REACH who="1" step="1"/><E110/><REACH who="1" ten="270,157,333,230" step="2"/><V100/><F111/><W101/><G116/><T50/><D109/><U54/><E54/><V83/><F118/><W104/><G104/><T84/><D0/><U97/><E97/><N who="2" m="59447" /><F119/><W99/><G99/><T5/><D96/><U28/><E28/><V40/><F117/><W14/><G14/><T58/><D130/><U132/><E132/><V108/><F108/><W133/><G133/><T36/><D5/><U73/><E73/><V131/><F131/><W4/><G68/><T72/><D72/><RYUUKYOKU ba="0,1" sc="270,-10,157,30,333,-10,230,-10" hai1="18,19,38,41,47,63,64,69,80,85,95,98,102" /><INIT seed="1,1,1,4,4,16" ten="260,187,323,220" oya="1" hai0="120,88,135,95,116,83,84,94,126,32,118,134,17" hai1="67,23,130,69,128,41,112,58,11,89,99,75,24" hai2="51,103,79,101,38,77,13,61,40,44,71,50,66" hai3="78,6,27,115,31,122,117,110,60,57,36,35,3"/><U55/><E112/><V68/><F68/><W39/><G115/><T92/><D32/><U34/><E34/><V28/><F28/><W90/><G122/><T19/><D120/><U63/><E75/><V102/><F13/><W48/><G110/><T49/><D49/><U65/><E41/><V15/><F50/><W114/><G114/><T73/><D17/><N who="1" m="12399" /><E11/><V123/><F123/><W85/><G78/><N who="0" m="44495" /><D19/><U33/><E33/><V42/><F15/><W131/><G117/><N who="0" m="45163" /><D126/><U64/><E69/><V46/><AGARI ba="1,1" hai="38,40,42,44,46,51,61,66,71,77,79,101,102,103" machi="46" ten="30,1100,0" yaku="0,1" doraHai="16" who="2" fromWho="2" sc="260,-4,187,-6,323,24,220,-4" /><INIT seed="2,0,0,3,3,50" ten="256,181,347,216" oya="2" hai0="18,91,92,24,59,63,12,125,57,73,123,112,86" hai1="83,129,87,109,17,102,88,133,69,31,39,40,46" hai2="126,82,66,53,119,127,48,45,130,15,22,0,9" hai3="60,16,64,47,54,27,37,30,36,4,49,34,29"/><V20/><F119/><W116/><G116/><T55/><D73/><U101/><E109/><V90/><F66/><W89/><G4/><T35/><D112/><U105/><E69/><V44/><F0/><W25/><G89/><T94/><D123/><U97/><E129/><V65/><F65/><W110/><G110/><T32/><D125/><N who="2" m="47626" /><F45/><W96/><G96/><T19/><D92/><U108/><E108/><V8/><F130/><W93/><G93/><T132/><D132/><U61/><E133/><V77/><F90/><W51/><G51/><T5/><D5/><U28/><E102/><V117/><F8/><W80/><G80/><T14/><D24/><U78/><E61/><V85/><F117/><W67/><G16/><AGARI ba="0,0" hai="9,15,16,20,22,44,48,53,77,82,85" m="47626" machi="16" ten="30,5800,0" yaku="18,1,52,1,54,1" doraHai="50" who="2" fromWho="3" sc="256,0,181,0,347,58,216,-58" /><INIT seed="2,1,0,2,1,122" ten="256,181,405,158" oya="2" hai0="33,91,28,99,46,128,63,62,55,100,81,16,125" hai1="77,74,85,103,15,126,76,31,82,32,98,43,75" hai2="54,4,132,40,88,0,133,22,64,18,104,50,19" hai3="78,97,70,57,96,68,65,5,130,26,1,109,80"/><V27/><F104/><W134/><G57/><T56/><D125/><U35/><E43/><V23/><F64/><W53/><G53/><T116/><D128/><U58/><E126/><V114/><F40/><W72/><G65/><T135/><D135/><N who="2" m="51786" /><F114/><W123/><G96/><T36/><D28/><U86/><E31/><N who="2" m="17911" /><F23/><W124/><G134/><T66/><D36/><U21/><E58/><N who="2" m="33111" /><F4/><W120/><G124/><T117/><D33/><U84/><E21/><V10/><F10/><N who="3" m="2351" /><G26/><T94/><D46/><U41/><E41/><V7/><F7/><W11/><G11/><T17/><D116/><U44/><E44/><V13/><F13/><W34/><G34/><T89/><D117/><U102/><E15/><V73/><F73/><N who="1" m="27657" /><E35/><V105/><F105/><W37/><G37/><T129/><D66/><U3/><E3/><V51/><F51/><W49/><G49/><T87/><D63/><U67/><E67/><V60/><F60/><W69/><G130/><T29/><D29/><U24/><E24/><V8/><F8/><W9/><G9/><T108/><D129/><U30/><E30/><V45/><F45/><W59/><G59/><T52/><D55/><U12/><E12/><V14/><F14/><W112/><G112/><T131/><D131/><U107/><E32/><V6/><F6/><W110/><G97/><N who="0" m="57551" /><D17/><U2/><E2/><V127/><F127/><W61/><G61/><T20/><D20/><U25/><E25/><V115/><F0/><W48/><G48/><N who="0" m="30727" /><D16/><N who="2" m="6186" /><F115/><W95/><G95/><N who="0" m="58495" /><D62/><U71/><E71/><N who="3" m="18178" /><W113/><DORA hai="118" /><G113/><T83/><D83/><N who="1" m="47207" /><E102/><V92/><F92/><RYUUKYOKU ba="1,0" sc="256,0,181,0,405,0,158,0" hai0="81,87,91,108" hai1="77,82,85,86,98,103,107" hai2="88" hai3="72,78,80,109,110,120,123" /><INIT seed="2,2,0,5,2,40" ten="256,181,405,158" oya="2" hai0="124,46,118,4,1,36,130,83,98,92,113,93,9" hai1="16,24,110,78,50,132,55,76,105,68,8,56,43" hai2="45,94,57,106,109,22,82,89,32,123,127,41,0" hai3="107,66,44,101,5,125,19,11,100,73,3,49,35"/><V81/><F123/><W90/><G125/><T104/><D113/><U133/><E105/><V95/><F32/><W97/><G73/><T134/><D124/><U18/><E68/><V69/><F69/><W114/><G114/><T80/><D130/><U72/><E110/><V33/><F33/><W38/><G38/><T131/><D131/><U13/><E72/><V31/><F0/><W112/><G112/><T103/><D134/><N who="1" m="51819" /><E43/><V119/><F106/><W108/><G108/><T23/><D118/><U122/><E122/><V25/><F119/><W21/><G35/><T74/><D23/><AGARI ba="2,0" hai="8,13,16,18,23,24,50,55,56,76,78" m="51819" machi="23" ten="30,2000,0" yaku="20,1,54,1" doraHai="40" who="1" fromWho="0" sc="256,-26,181,26,405,0,158,0" /><INIT seed="3,0,0,2,5,86" ten="230,207,405,158" oya="3" hai0="82,89,49,108,34,90,120,18,128,55,77,116,48" hai1="99,46,16,95,127,39,126,37,103,54,45,56,83" hai2="13,110,7,57,67,65,9,87,32,35,101,111,29" hai3="85,8,68,21,94,130,43,10,25,96,125,76,27"/><W107/><G68/><T61/><D34/><U4/><E4/><V72/><F72/><W115/><G115/><T64/><D116/><U106/><E106/><V26/><F101/><W117/><G117/><T97/><D48/><U135/><E135/><V98/><F32/><W81/><G125/><T66/><D64/><U88/><E39/><V28/><F28/><W33/><G107/><T118/><D118/><U104/><E83/><V75/><F75/><W122/><G122/><T6/><D108/><N who="2" m="41514" /><F98/><W69/><G69/><T63/><D97/><N who="1" m="57575" /><E37/><V14/><F14/><W119/><G119/><T84/><D6/><U38/><E38/><V59/><F87/><W11/><G130/><T44/><D82/><U79/><E16/><V3/><F3/><W114/><G114/><T23/><D77/><U53/><E53/><V131/><F131/><W80/><G80/><T71/><D128/><U42/><E42/><V73/><F73/><W24/><G43/><T60/><D55/><U1/><E1/><V50/><F50/><W92/><G33/><T62/><D60/><N who="1" m="35863" /><E79/><V100/><F100/><W40/><G40/><T12/><D61/><U129/><E129/><V36/><F36/><W91/><REACH who="3" step="1"/><G92/><REACH who="3" ten="230,207,405,148" step="2"/><N who="0" m="54311" /><D120/><U93/><E93/><V123/><F123/><W113/><G113/><T70/><D71/><U41/><E41/><V52/><F35/><W132/><G132/><T134/><D70/><U17/><E127/><V105/><F105/><W133/><G133/><T30/><D134/><U51/><E126/><V47/><F67/><W5/><G5/><T112/><D66/><U102/><E104/><RYUUKYOKU ba="0,1" sc="230,-10,207,-10,405,-10,148,30" hai3="8,10,11,21,24,25,27,76,81,85,91,94,96" /><INIT seed="3,1,1,3,5,28" ten="220,197,395,178" oya="3" hai0="64,127,11,134,42,22,39,114,86,75,120,20,53" hai1="30,100,72,132,107,121,126,7,55,77,46,97,124" hai2="41,123,35,106,81,5,90,76,89,66,31,37,32" hai3="101,84,15,115,10,112,3,65,128,38,58,50,13"/><W95/><G38/><T43/><D75/><U74/><E121/><V25/><F106/><W83/><G3/><T109/><D120/><U54/><E132/><V78/><F5/><W4/><G128/><T69/><D109/><U104/><E104/><V9/><F123/><W98/><G15/><T82/><D127/><N who="1" m="48683" /><E7/><V70/><F9/><W110/><G110/><T135/><D11/><U44/><E30/><V130/><F78/><W129/><G129/><T119/><D53/><N who="1" m="19979" /><E77/><V105/><F81/><W131/><G131/><T73/><D114/><U133/><E133/><N who="0" m="50697" /><D73/><AGARI ba="1,1" hai="44,46,72,73,74,97,100,107" m="19979,48683" machi="73" ten="30,1000,0" yaku="18,1" doraHai="28" who="1" fromWho="0" sc="220,-13,197,23,395,0,178,0" owari="207,-19.3,220,2.0,395,49.5,178,-32.2" /></mjloggm>