<mjloggm ver="2.3"><GO type="225" lobby="0"/><UN n0="%E3%81%BF%E3%81%BF%E3%81%9A" n1="%E3%81%A0%E3%81%8A" n2="%E5%B8%86%E7%AB%8B%E5%A4%8F%E8%A1%A3" n3="%E3%81%B5%E3%81%98%E3%81%8B%E3%81%A4" dan="16,16,16,16" rate="2153.85,2029.75,2105.77,2115.95" sx="M,M,M,M"/><TAIKYOKU oya="0"/><INIT seed="0,0,0,4,2,28" ten="250,250,250,250" oya="0" hai0="67,12,27,4,7,23,134,1,96,13,36,47,34" hai1="105,113,103,3,46,51,38,83,85,76,35,40,71" hai2="24,92,130,66,100,0,87,57,104,14,63,15,88" hai3="99,117,119,82,19,26,54,9,22,29,116,108,53"/><T21/><D67/><U49/><E3/><V44/><F130/><W17/><G108/><T42/><D134/><U37/><E71/><V97/><F0/><W79/><G99/><T32/><D96/><U90/><E113/><V81/><F104/><W91/><G91/><T25/><D1/><U112/><E112/><V89/><F100/><W95/><G95/><T131/><D47/><U74/><E35/><N who="0" m="13353" /><D42/><U33/><E33/><V78/><F24/><N who="0" m="9290" /><D36/><U120/><E120/><V10/><F10/><W5/><G54/><T50/><D50/><U109/><E38/><V110/><F110/><W124/><G53/><T18/><D131/><U43/><E109/><V59/><F89/><W45/><G45/><T123/><D123/><U60/><E43/><V111/><F111/><W135/><G135/><T61/><D61/><U118/><E60/><V115/><F115/><W126/><G82/><T30/><D30/><U58/><E37/><V125/><F59/><W62/><G62/><T68/><D68/><U75/><E58/><V20/><F44/><W41/><G41/><T132/><D132/><U8/><E40/><V86/><F97/><W102/><G102/><T39/><D39/><U64/><E46/><V94/><F94/><W73/><G29/><T72/><D72/><U127/><E74/><V129/><F129/><W128/><G128/><T6/><D23/><U98/><E75/><V93/><F93/><W16/><G73/><T121/><D121/><U106/><E98/><V80/><F92/><W52/><G52/><T70/><D70/><U2/><E106/><V122/><F122/><RYUUKYOKU ba="0,0" sc="250,30,250,-10,250,-10,250,-10" hai0="4,6,7,12,13,18,21" /><INIT seed="0,1,0,4,2,104" ten="280,240,240,240" oya="0" hai0="43,131,28,105,85,91,33,63,25,119,86,68,46" hai1="49,62,15,108,109,118,35,13,21,19,117,115,18" hai2="56,78,0,50,94,22,8,120,53,133,106,31,16" hai3="82,54,23,14,55,41,48,84,129,60,101,47,95"/><T135/><D119/><U5/><E49/><V88/><F133/><W112/><G112/><T127/><D135/><U75/><E75/><V77/><F106/><W38/><G129/><T52/><D131/><U42/><E42/><V123/><F123/><W132/><G38/><T20/><D127/><U128/><E62/><V134/><F134/><W40/><G60/><T72/><D105/><U87/><E87/><N who="2" m="52511" /><F120/><W102/><G132/><T66/><D72/><U69/><E69/><V73/><F73/><W45/><G95/><T98/><D98/><U90/><E90/><V89/><F89/><W10/><G23/><T37/><D33/><U17/><E128/><V110/><F110/><N who="1" m="42601" /><E115/><V44/><F44/><W70/><G70/><T32/><D91/><U57/><E57/><V80/><F80/><W1/><G1/><T12/><D52/><N who="3" m="20009" /><G45/><T126/><D126/><U93/><E93/><V51/><F51/><W36/><G41/><T114/><D114/><U99/><E35/><V81/><F81/><W67/><G67/><T92/><D92/><U97/><E118/><V100/><F100/><W6/><G36/><T3/><D3/><U29/><E117/><V59/><F59/><W64/><G64/><T71/><D68/><U113/><E113/><V74/><F74/><W111/><G111/><T7/><D32/><U24/><E99/><V121/><F121/><W79/><AGARI ba="1,0" hai="6,10,14,40,47,48,79,82,84,101,102" m="20009" machi="79" ten="30,4000,0" yaku="25,1,8,1,54,1" doraHai="104" who="3" fromWho="3" sc="280,-21,240,-11,240,-11,240,43" /><INIT seed="1,0,0,5,5,82" ten="259,229,229,283" oya="1" hai0="54,111,72,14,117,115,85,112,69,21,1,77,12" hai1="74,73,10,110,16,0,96,65,128,76,50,22,30" hai2="41,53,45,37,108,70,17,125,64,44,28,47,84" hai3="43,11,118,9,59,40,130,133,94,25,42,2,23"/><U123/><E123/><V124/><F84/><W48/><G133/><T49/><D1/><U113/><E113/><V67/><F17/><N who="3" m="12527" /><G130/><T101/><D117/><U62/><E128/><V19/><F19/><W46/><G2/><T92/><D69/><U36/><E36/><V97/><F97/><W95/><G118/><T75/><D111/><U87/><E110/><V39/><F28/><W99/><G59/><T31/><D72/><U102/><E30/><V80/><F80/><W91/><G94/><T6/><D75/><U29/><E29/><V131/><F131/><W129/><G129/><T68/><D68/><U105/><E74/><V90/><F90/><W27/><G27/><N who="0" m="16879" /><D115/><U83/><E73/><V66/><F70/><W116/><G116/><T103/><D112/><U132/><E132/><V81/><F81/><W38/><G38/><N who="2" m="14345" /><F41/><AGARI ba="0,0" hai="9,11,40,41,42,43,46,48,91,95,99" m="12527" machi="41" ten="30,1000,0" yaku="8,1" doraHai="82" who="3" fromWho="2" sc="259,0,229,0,229,-10,283,10" /><INIT seed="2,0,0,3,0,11" ten="259,229,219,293" oya="2" hai0="125,51,56,84,26,87,81,135,1,129,75,97,40" hai1="36,67,69,120,72,32,3,10,102,28,46,47,57" hai2="41,106,12,39,91,23,90,52,15,122,30,70,116" hai3="108,77,33,110,38,71,68,88,20,121,34,80,134"/><V53/><F116/><W31/><G121/><T9/><D125/><U118/><E118/><V17/><F122/><W35/><G38/><T42/><D129/><U96/><E72/><V113/><F106/><W63/><G134/><T16/><D75/><U127/><E127/><V131/><F70/><W13/><G88/><N who="2" m="33833" /><F113/><W0/><G0/><T99/><D135/><U65/><E120/><V89/><F39/><W62/><G80/><T2/><D2/><U14/><E69/><N who="3" m="26698" /><G77/><N who="0" m="46127" /><D87/><U126/><E3/><V27/><F131/><W109/><G31/><T76/><D76/><U86/><E28/><V101/><F41/><N who="0" m="15978" /><D1/><U48/><E126/><V24/><F101/><W25/><G25/><N who="2" m="9801" /><F30/><W58/><G58/><T50/><D26/><U114/><E57/><V19/><F89/><W115/><G115/><T132/><D132/><U66/><E114/><V22/><AGARI ba="0,0" hai="12,15,17,19,22,23,52,53" m="9801,33833" machi="22" ten="30,12000,1" yaku="8,1,52,2,54,2" doraHai="11" who="2" fromWho="2" sc="259,-40,229,-40,219,120,293,-40" /><INIT seed="2,1,0,5,5,19" ten="219,189,339,253" oya="2" hai0="85,65,30,134,82,75,27,35,68,131,34,86,106" hai1="45,77,8,96,36,115,29,22,2,124,60,119,54" hai2="83,53,87,80,92,15,26,74,48,62,13,109,43" hai3="9,17,6,37,104,38,113,88,120,122,128,78,64"/><V3/><F3/><W102/><G64/><T47/><D131/><U67/><E115/><V125/><F125/><W0/><G128/><T4/><D134/><U10/><E119/><V5/><F74/><W132/><G132/><T71/><D4/><U117/><E117/><V110/><F92/><W126/><G113/><T79/><D35/><U91/><E77/><V116/><F116/><W95/><G78/><T49/><D106/><U98/><E124/><V99/><F99/><W135/><G126/><T108/><D108/><N who="2" m="41578" /><F62/><W25/><G135/><T42/><REACH who="0" step="1"/><D65/><REACH who="0" ten="209,189,339,253" step="2"/><U16/><E67/><V70/><F5/><W52/><G6/><T31/><D31/><U7/><E29/><V63/><F13/><W14/><G104/><T133/><D133/><U111/><E7/><V129/><F15/><W73/><G0/><T81/><D81/><U112/><E2/><V59/><F83/><W97/><G122/><T61/><D61/><U44/><E60/><V12/><F80/><W57/><G120/><T24/><D24/><U123/><E111/><V101/><F26/><W21/><G73/><T50/><D50/><U76/><E123/><V127/><F12/><W105/><G105/><T103/><D103/><U55/><E112/><V121/><F127/><W93/><G102/><T11/><D11/><U84/><E8/><V90/><F129/><W100/><G100/><T33/><D33/><U72/><E10/><V89/><F101/><W23/><G95/><T40/><D40/><U51/><E72/><V69/><F121/><W56/><G9/><T114/><D114/><U107/><E107/><RYUUKYOKU ba="1,1" sc="209,30,189,-10,339,-10,253,-10" hai0="27,30,34,42,47,49,68,71,75,79,82,85,86" /><INIT seed="3,2,1,2,2,35" ten="239,179,329,243" oya="3" hai0="42,26,131,68,82,29,93,28,100,129,75,77,110" hai1="99,53,130,113,91,98,105,90,25,69,134,65,102" hai2="15,115,71,27,46,30,74,128,104,83,56,120,6" hai3="101,84,21,54,43,70,8,135,51,10,3,109,23"/><W5/><G70/><T16/><D110/><U85/><E113/><V17/><F115/><W94/><G135/><T59/><D68/><U62/><E130/><N who="0" m="49673" /><D42/><U18/><E134/><V88/><F104/><W12/><G43/><T49/><D49/><U11/><E98/><V20/><F71/><W127/><G127/><T122/><D59/><U103/><E103/><V86/><F120/><W22/><G109/><T24/><D122/><U37/><E37/><V0/><F128/><W50/><G101/><T107/><D107/><U111/><E111/><V7/><F0/><W121/><G121/><T72/><D72/><U33/><E53/><V40/><F56/><W95/><G84/><T2/><D2/><U4/><E85/><V133/><F74/><W76/><G76/><T14/><D93/><U34/><E34/><V108/><F133/><W112/><G112/><T55/><D55/><U48/><E48/><N who="2" m="26695" /><F108/><W32/><G32/><T92/><D92/><U61/><E61/><V81/><F81/><W39/><G39/><T44/><D44/><U41/><E41/><V1/><F1/><W57/><REACH who="3" step="1"/><G51/><REACH who="3" ten="239,179,329,233" step="2"/><T63/><D100/><U60/><E60/><V13/><F86/><W117/><G117/><T79/><D77/><U124/><E124/><V64/><F83/><W66/><G66/><T80/><D82/><U52/><E52/><V114/><F64/><W89/><G89/><N who="1" m="33802" /><E33/><N who="2" m="20703" /><F88/><W123/><G123/><T125/><D125/><U73/><E73/><V58/><F114/><W106/><G106/><T36/><D63/><U38/><E38/><V96/><F96/><W97/><G97/><RYUUKYOKU ba="2,2" sc="239,-10,179,-10,329,-10,233,30" hai3="3,5,8,10,12,21,22,23,50,54,57,94,95" /><INIT seed="3,3,2,4,2,59" ten="229,169,319,263" oya="3" hai0="68,104,110,26,96,102,65,111,10,114,30,113,25" hai1="43,21,18,56,32,82,20,22,33,8,12,29,0" hai2="44,1,87,60,76,19,86,11,61,31,67,57,16" hai3="78,77,5,126,119,130,100,49,94,55,3,103,117"/><W48/><G3/><T24/><D10/><N who="1" m="6423" /><E56/><N who="2" m="37255" /><F1/><W71/><G5/><T69/><D30/><U112/><E43/><V62/><F31/><W85/><G71/><N who="0" m="27211" /><D65/><U73/><E82/><N who="2" m="47431" /><F11/><W53/><G126/><T66/><D66/><U91/><E91/><V80/><F44/><W17/><G130/><T97/><D102/><N who="3" m="38953" /><G119/><T41/><D41/><U40/><E40/><V107/><F107/><W79/><G17/><N who="2" m="6729" /><F57/><N who="3" m="32935" /><G117/><T27/><N who="0" m="6144" /><DORA hai="135" /><T28/><D104/><U7/><E73/><V116/><F116/><W52/><G49/><T81/><D81/><U132/><E132/><V101/><F101/><W13/><G13/><T6/><D28/><U42/><E42/><V64/><F64/><W98/><G98/><N who="0" m="37995" /><D6/><U93/><E112/><AGARI ba="3,2" hai="110,111,112,113,114" m="37995,6144,27211" machi="112" ten="50,6400,0" yaku="28,2,11,1" doraHai="59,135" who="0" fromWho="1" sc="229,93,169,-73,319,0,263,0" owari="322,42.2,96,-40.4,319,11.9,263,-13.7" /></mjloggm>