<mjloggm ver="2.3"><GO type="225" lobby="0"/><UN n0="%E3%83%B4%E3%82%A3%E3%83%AF%E3%82%B3%E3%82%B0%E3%83%8B" n1="%E3%81%9F%E3%81%93%E2%98%86%E7%84%BC%E3%81%8D" n2="%E3%81%86%E3%82%8B%E3%81%8A%E3%81%A1%E3%82%83" n3="%6D%75%75%6D%75%72%61" dan="16,16,16,16" rate="2159.71,2101.51,2111.27,2163.59" sx="M,M,F,F"/><TAIKYOKU oya="0"/><INIT seed="0,0,0,2,1,111" ten="250,250,250,250" oya="0" hai0="47,108,113,20,80,29,58,16,21,71,100,89,18" hai1="78,34,63,99,118,5,39,32,94,51,70,110,10" hai2="59,114,55,65,74,132,97,126,46,105,6,122,28" hai3="15,0,57,92,37,43,106,42,56,84,62,72,53"/><T54/><D71/><U22/><E39/><V124/><F122/><W17/><G72/><T68/><D68/><U27/><E110/><V125/><F74/><W35/><G106/><T1/><D1/><U13/><E78/><V90/><F132/><W91/><G35/><T81/><D108/><U67/><E51/><V123/><F123/><W133/><G0/><T95/><D29/><U4/><E4/><V2/><F28/><W24/><G24/><N who="0" m="14343" /><D47/><U36/><E36/><V64/><F46/><W44/><G133/><T102/><D113/><U40/><E40/><V8/><F114/><W93/><G42/><T30/><D30/><U101/><E118/><V98/><F90/><W79/><G57/><T7/><D7/><U73/><E73/><V117/><F117/><W69/><G69/><T129/><D129/><U45/><E45/><V104/><F104/><W109/><G109/><T130/><D130/><U82/><E82/><N who="0" m="31849" /><D54/><U88/><E101/><N who="2" m="62639" /><F98/><W38/><G38/><T41/><D58/><U33/><REACH who="1" step="1"/><E34/><REACH who="1" ten="250,240,250,250" step="2"/><V119/><F119/><W48/><G37/><T131/><D41/><U77/><E77/><V135/><F135/><W14/><G79/><T52/><D131/><U86/><E86/><V49/><AGARI ba="0,1" hai="2,6,8,49,55,59,64,65,124,125,126" m="62639" machi="49" ten="30,1100,0" yaku="18,1" doraHai="111" who="2" fromWho="2" sc="250,-5,240,-3,250,21,250,-3" /><INIT seed="1,0,0,5,5,67" ten="245,237,271,247" oya="1" hai0="71,134,91,55,46,5,65,36,16,114,133,63,120" hai1="68,29,75,130,8,112,26,102,37,61,13,101,73" hai2="74,103,21,83,60,31,34,82,99,98,58,22,113" hai3="96,9,48,32,30,50,14,88,27,10,3,72,127"/><U0/><E0/><V69/><F113/><W85/><G72/><T97/><D114/><U38/><E112/><V40/><F40/><W1/><G127/><T47/><D5/><U76/><E130/><V111/><F111/><W78/><G78/><T18/><D120/><U100/><E37/><V2/><F2/><W15/><G96/><T12/><D55/><U132/><E38/><V125/><F125/><W89/><G85/><T57/><D57/><U118/><E132/><N who="0" m="50793" /><D36/><U70/><E61/><V33/><F98/><W45/><G45/><N who="0" m="16907" /><D12/><U124/><E118/><V17/><F58/><W119/><G119/><T25/><D25/><U6/><E124/><V41/><F41/><W126/><G126/><T4/><D4/><U104/><E104/><V42/><F42/><W123/><G27/><T115/><D115/><U35/><REACH who="1" step="1"/><E76/><REACH who="1" ten="245,227,271,247" step="2"/><V128/><F60/><W62/><G62/><T24/><D24/><U56/><E56/><V110/><F128/><W108/><G1/><T131/><D131/><U92/><E92/><AGARI ba="0,1" hai="16,18,63,65,71,91,92,97" m="16907,50793" machi="92" ten="30,3900,0" yaku="20,1,52,1,54,1" doraHai="67" who="0" fromWho="1" sc="245,49,227,-39,271,0,247,0" /><INIT seed="2,0,0,3,0,94" ten="294,188,271,247" oya="2" hai0="56,25,78,42,88,32,15,30,112,44,105,83,24" hai1="63,114,134,43,6,0,81,20,66,49,102,51,113" hai2="74,123,91,131,89,124,11,17,117,41,130,84,127" hai3="68,57,46,36,58,69,104,37,4,76,120,82,27"/><V18/><F74/><W71/><G120/><T125/><D112/><U34/><E34/><V28/><F123/><W64/><G104/><T10/><D125/><N who="2" m="48202" /><F117/><W118/><G118/><T55/><D105/><U98/><E134/><V1/><F41/><W45/><G4/><T40/><D44/><N who="3" m="17001" /><G27/><N who="0" m="10315" /><D78/><U97/><E43/><V107/><F107/><W16/><G82/><T72/><D30/><U13/><E0/><V115/><F28/><W59/><G16/><N who="2" m="6249" /><F115/><W3/><G76/><T8/><D72/><U53/><E20/><V106/><F106/><W133/><G3/><T85/><D32/><U108/><E81/><N who="2" m="49295" /><F91/><W122/><G122/><T129/><D40/><U35/><E35/><V50/><F50/><W86/><G86/><T100/><D42/><U47/><E49/><V60/><F60/><N who="3" m="39943" /><G133/><T103/><D103/><U116/><E102/><V52/><F52/><W96/><G96/><T9/><D100/><U99/><E116/><V132/><F132/><W73/><G73/><T22/><D22/><U79/><E79/><V29/><F29/><W61/><G61/><T21/><D21/><U70/><E114/><V62/><F62/><W77/><G77/><T33/><D33/><U87/><E113/><V93/><F93/><W5/><G5/><AGARI ba="0,0" hai="1,5,11,130,131" m="49295,6249,48202" machi="5" ten="30,2900,0" yaku="18,1,54,1" doraHai="94" who="2" fromWho="3" sc="294,0,188,0,271,29,247,-29" /><INIT seed="2,1,0,5,2,121" ten="294,188,300,218" oya="2" hai0="135,4,61,51,114,21,17,89,88,126,64,69,79" hai1="77,60,7,43,19,49,98,3,63,104,112,53,73" hai2="74,125,90,115,128,10,100,18,39,22,120,132,86" hai3="59,94,118,111,116,47,123,102,107,31,26,36,109"/><V52/><F74/><W76/><G123/><T15/><D114/><U75/><E112/><V41/><F115/><W117/><G107/><T13/><D135/><U34/><E34/><V129/><F120/><W122/><G122/><T46/><D126/><U20/><E43/><V50/><F125/><W134/><G134/><T32/><D32/><U106/><E7/><V131/><F132/><W105/><G105/><T81/><D13/><U70/><E3/><V42/><F100/><W84/><G59/><T9/><D21/><U62/><E70/><V38/><F10/><W23/><G76/><T103/><D103/><U33/><E33/><V87/><F41/><N who="3" m="22951" /><G102/><T25/><D25/><U113/><E98/><V16/><F42/><W96/><G96/><T45/><D17/><N who="2" m="6762" /><F22/><W54/><G54/><T0/><D0/><U101/><E101/><V108/><F108/><N who="3" m="41547" /><G118/><T65/><D79/><U127/><E127/><V8/><F39/><W130/><G130/><T82/><D69/><U27/><E113/><V67/><F38/><W35/><G35/><T40/><D40/><U83/><REACH who="1" step="1"/><E75/><REACH who="1" ten="294,178,300,218" step="2"/><V14/><F131/><W48/><G117/><T29/><D4/><U28/><E28/><V119/><F129/><W12/><G116/><T78/><D29/><U72/><E72/><V24/><F128/><W58/><G31/><T6/><D6/><U85/><E85/><V11/><F87/><W71/><G71/><T124/><D124/><U2/><E2/><V68/><F86/><W110/><G110/><T1/><D1/><U97/><E97/><V44/><F68/><W66/><G84/><RYUUKYOKU ba="1,1" sc="294,-10,178,30,300,-10,218,-10" hai1="19,20,27,49,53,60,62,63,73,77,83,104,106" /><INIT seed="3,2,1,3,4,22" ten="284,208,290,208" oya="3" hai0="104,36,120,100,109,7,9,78,61,122,86,1,44" hai1="4,38,34,75,17,8,54,88,98,21,24,76,118" hai2="31,71,105,51,43,83,130,127,134,115,79,97,47" hai3="30,69,42,112,25,65,94,68,133,3,39,87,14"/><W35/><G112/><T19/><D109/><U67/><E38/><V28/><F115/><W66/><G3/><T101/><D19/><U73/><E118/><V74/><F127/><W53/><G133/><T111/><D111/><U63/><E34/><V52/><F134/><W29/><G94/><T90/><D78/><U40/><E40/><V60/><F130/><W18/><G30/><T85/><D61/><U96/><E54/><V62/><F62/><W77/><G53/><T93/><D85/><U89/><E98/><V128/><F128/><W26/><G26/><T37/><D37/><U58/><E96/><V108/><F108/><W5/><G5/><T11/><D11/><U0/><REACH who="1" step="1"/><E76/><REACH who="1" ten="284,198,290,208" step="2"/><V103/><F43/><W117/><G117/><T48/><D36/><U41/><E41/><V114/><F114/><W99/><G99/><T27/><D104/><U92/><E92/><V116/><F116/><W129/><G129/><T82/><D93/><U50/><E50/><V121/><F121/><W13/><G42/><T91/><D120/><U119/><E119/><V81/><F81/><N who="3" m="47535" /><G39/><T55/><D122/><U15/><E15/><V57/><F105/><W59/><G13/><T56/><D82/><U12/><E12/><V46/><F97/><W49/><G49/><T23/><D48/><U70/><E70/><N who="3" m="27242" /><G59/><T124/><D56/><U20/><E20/><V64/><F71/><W110/><G110/><T10/><D23/><U123/><E123/><V131/><F131/><W126/><G126/><T135/><D124/><U6/><E6/><V80/><F80/><W72/><G72/><AGARI ba="2,2" hai="0,4,8,17,21,24,58,63,67,72,73,75,88,89" machi="72" ten="40,8000,1" yaku="1,1,6,1,52,1,54,1,53,1" doraHai="22" doraHaiUra="33" who="1" fromWho="3" sc="284,0,198,106,290,0,208,-86" owari="284,-11.6,304,40.4,290,9.0,122,-37.8" /></mjloggm>