<mjloggm ver="2.3"><GO type="225" lobby="0"/><UN n0="%E5%AF%82%E5%AF%9E%E3%82%AE%E3%83%8D%E3%82%B9%E3%83%93%E3%83%BC%E3%83%AB" n1="%E5%84%AA%40%41%42%43" n2="%E3%81%86%E3%83%BC%E3%81%B1%E3%83%BC" n3="%E3%81%82%E3%81%99%E3%81%AB%E3%82%83%E3%82%80" dan="16,18,16,16" rate="2134.54,2233.66,2143.16,2164.43" sx="M,M,F,F"/><TAIKYOKU oya="0"/><INIT seed="0,0,0,0,3,45" ten="250,250,250,250" oya="0" hai0="79,55,128,24,130,104,73,15,2,77,51,84,90" hai1="43,80,109,110,88,33,95,12,61,108,26,19,6" hai2="18,37,85,49,135,113,78,91,56,23,72,52,68" hai3="74,125,134,129,122,59,29,10,36,67,131,118,41"/><T100/><D2/><U120/><E120/><V54/><F113/><W98/><G122/><T132/><D132/><U32/><E80/><V117/><F135/><W89/><G134/><T123/><D123/><U57/><E6/><V30/><F37/><W112/><G112/><T0/><D0/><U46/><E26/><V62/><F72/><W92/><G118/><T103/><D15/><U93/><E93/><V11/><F117/><W127/><G74/><T105/><D24/><U116/><E116/><V31/><F78/><N who="0" m="29706" /><D73/><U64/><E19/><V1/><F11/><W4/><G29/><T13/><D13/><U53/><E64/><V101/><F101/><N who="0" m="38986" /><D51/><N who="1" m="27103" /><E12/><N who="2" m="9671" /><F68/><W27/><G27/><T21/><D21/><U42/><E42/><V20/><F1/><N who="3" m="271" /><G41/><T60/><D55/><U17/><E17/><V75/><F20/><W121/><G36/><T111/><D60/><U126/><E126/><N who="3" m="48138" /><G121/><T28/><D28/><U38/><E38/><V99/><F75/><W25/><G25/><T102/><N who="0" m="38994" /><T106/><DORA hai="71" /><D111/><N who="1" m="28419" /><U22/><DORA hai="83" /><E22/><V40/><F40/><W69/><G69/><T96/><D96/><AGARI ba="0,0" hai="32,33,53,57,61,88,95,96" m="28419,27103" machi="96" ten="40,5200,0" yaku="14,1,52,1,54,1" doraHai="45,71,83" who="1" fromWho="0" sc="250,-52,250,52,250,0,250,0" /><INIT seed="1,0,0,0,0,18" ten="198,302,250,250" oya="1" hai0="4,83,36,13,125,134,73,23,75,102,43,99,3" hai1="34,19,77,64,124,132,114,50,121,100,108,131,53" hai2="42,1,40,106,12,69,41,16,111,97,130,92,115" hai3="35,48,14,60,22,71,70,86,101,107,59,112,72"/><U127/><E34/><V133/><F1/><W98/><G72/><T118/><D118/><U44/><E100/><V58/><F69/><W55/><G35/><T81/><D134/><U20/><E77/><V26/><F106/><W117/><G112/><T57/><D125/><N who="1" m="48203" /><E121/><V27/><F115/><W32/><G32/><T94/><D3/><U47/><E132/><V74/><F74/><W10/><G117/><T66/><D75/><U78/><E78/><V49/><F130/><W67/><G86/><T122/><D73/><U62/><E131/><V90/><F111/><W8/><G71/><T113/><D122/><U84/><E84/><V82/><F82/><W7/><REACH who="3" step="1"/><G8/><REACH who="3" ten="198,302,250,240" step="2"/><T9/><D113/><U80/><E114/><V37/><F133/><W31/><G31/><T85/><D85/><U91/><E108/><V52/><F37/><W2/><G2/><T0/><D0/><U110/><E110/><V6/><F6/><W93/><G93/><T116/><D116/><U46/><E80/><V129/><F129/><W21/><AGARI ba="0,1" hai="7,10,14,21,22,48,55,59,60,67,70,98,101,107" machi="21" ten="30,8000,1" yaku="1,1,0,1,52,2,53,1" doraHai="18" doraHaiUra="5" who="3" fromWho="3" sc="198,-20,302,-40,250,-20,240,90" /><INIT seed="2,0,0,5,5,133" ten="178,262,230,330" oya="2" hai0="70,20,0,114,100,21,19,6,7,120,96,3,112" hai1="11,43,5,44,69,125,85,15,113,23,66,37,97" hai2="80,27,57,81,2,13,116,106,108,88,117,123,10" hai3="91,103,49,30,32,95,104,46,45,115,68,84,94"/><V124/><F123/><W53/><G68/><T4/><D70/><U54/><E113/><N who="0" m="43625" /><D96/><U89/><E125/><V8/><F106/><W62/><G115/><T128/><D100/><U121/><E121/><V74/><F108/><W39/><G104/><T75/><D75/><U1/><E97/><V105/><F105/><W135/><G135/><T101/><D101/><U87/><E87/><V25/><F57/><W93/><G62/><T127/><D120/><U118/><E118/><V64/><F64/><W90/><G103/><T58/><D58/><U22/><E1/><N who="0" m="585" /><D128/><U18/><E5/><V77/><F2/><W98/><G39/><T109/><D109/><U72/><E72/><V31/><F31/><W92/><G45/><T132/><D132/><U29/><E29/><V78/><F74/><W82/><G82/><T42/><D42/><U55/><E66/><V134/><F134/><W38/><G38/><T73/><D73/><U61/><E69/><V56/><F56/><W131/><G131/><T67/><D67/><U83/><E61/><V60/><F60/><W14/><G98/><T129/><D129/><U36/><E36/><V24/><F88/><W119/><G91/><T33/><D33/><U63/><E63/><V65/><F65/><W107/><G107/><T59/><D59/><U99/><E99/><V28/><F28/><W50/><G30/><T79/><D79/><U110/><E110/><V111/><F111/><W51/><G32/><T16/><D127/><U130/><E130/><V52/><F124/><W9/><G84/><T40/><D40/><U48/><E55/><RYUUKYOKU ba="0,0" sc="178,15,262,15,230,-15,330,-15" hai0="4,6,7,16,19,20,21" hai1="11,15,18,22,23,37,43,44,48,54,83,85,89" /><INIT seed="3,1,0,2,1,131" ten="193,277,215,315" oya="3" hai0="74,97,15,68,18,5,88,110,123,50,124,80,87" hai1="84,129,36,111,23,59,4,130,77,46,64,52,25" hai2="79,24,54,86,9,108,118,90,58,34,29,119,89" hai3="78,69,43,45,37,2,67,101,106,41,44,22,117"/><W14/><G2/><T48/><D123/><U1/><E111/><V100/><F108/><W102/><G117/><T109/><D68/><U61/><E4/><V99/><F9/><W72/><G106/><T30/><D110/><U96/><E1/><V120/><F79/><W91/><G91/><N who="0" m="51687" /><D74/><U31/><E96/><V65/><F65/><W122/><G122/><T133/><D109/><U8/><E8/><V12/><F12/><W16/><G78/><T56/><D124/><U128/><E36/><V32/><F32/><W75/><G101/><T76/><D133/><U0/><E0/><V113/><F90/><W6/><G102/><T71/><D71/><U49/><E77/><V83/><F113/><W63/><G6/><T126/><D126/><U135/><E84/><V116/><F120/><W20/><G20/><N who="0" m="11359" /><D5/><U70/><E70/><V112/><F112/><W19/><G19/><T105/><D105/><U60/><E61/><V33/><F33/><W3/><G3/><T55/><D76/><U98/><E98/><V134/><F134/><AGARI ba="1,0" hai="23,25,31,46,49,52,59,60,64,128,129,130,134,135" machi="134" ten="50,8000,1" yaku="19,1,52,2,54,1" doraHai="131" who="1" fromWho="2" sc="193,0,277,83,215,-83,315,0" owari="193,-20.7,360,46.0,132,-36.8,315,11.5" /></mjloggm>