<mjloggm ver="2.3"><GO type="225" lobby="0"/><UN n0="%E6%A1%9C%E8%8A%B1%E9%96%83%E3%80%85" n1="%E3%81%99%E3%81%84%E3%81%BE%E3%81%9B%E3%83%BC%E3%82%93" n2="%E5%B8%86%E7%AB%8B%E5%A4%8F%E8%A1%A3" n3="%72%69%6F%75%63%68%61%6E" dan="16,17,16,16" rate="2066.23,2253.84,2107.49,2119.00" sx="M,M,M,M"/><TAIKYOKU oya="0"/><INIT seed="0,0,0,5,2,134" ten="250,250,250,250" oya="0" hai0="91,54,73,4,81,120,1,112,89,66,129,22,133" hai1="107,15,61,123,132,104,77,105,79,98,84,46,39" hai2="85,18,60,126,114,31,62,30,58,42,121,93,44" hai3="13,119,52,14,55,87,27,122,74,9,113,94,0"/><T35/><D112/><U130/><E123/><V95/><F121/><W63/><G113/><T78/><D120/><U32/><E32/><V23/><F114/><W48/><G122/><T131/><D35/><U71/><E132/><V33/><F126/><W45/><G119/><T102/><D133/><U65/><E130/><N who="0" m="49673" /><D66/><U24/><E24/><V11/><F11/><W56/><G74/><T7/><D102/><U70/><E70/><V41/><F33/><W12/><G27/><T25/><D54/><U117/><E117/><V118/><F118/><W69/><G69/><T26/><D26/><U124/><E124/><V68/><F68/><W111/><G111/><T106/><D106/><U116/><E116/><V115/><F115/><W108/><G108/><T101/><D101/><U3/><E3/><V16/><F58/><W19/><REACH who="3" step="1"/><G0/><REACH who="3" ten="250,250,250,240" step="2"/><T21/><D1/><U103/><E71/><V53/><F31/><W64/><G64/><T92/><D25/><U59/><E65/><V28/><F30/><W125/><G125/><T109/><D109/><U110/><E110/><V88/><F28/><W57/><G57/><T135/><D135/><U37/><E59/><V51/><F62/><W43/><G43/><T40/><D40/><U83/><E61/><V8/><F60/><W29/><G29/><T82/><D73/><N who="1" m="43439" /><E46/><V2/><F2/><W128/><G128/><T100/><D78/><U34/><E34/><V127/><F127/><W96/><G96/><N who="0" m="59399" /><D22/><U67/><E67/><V99/><F23/><W6/><G6/><N who="0" m="2091" /><D21/><U36/><E15/><N who="2" m="7271" /><F18/><W72/><G72/><T38/><D38/><RYUUKYOKU ba="0,1" sc="250,0,250,0,250,0,240,0" hai0="81,82,89,91" hai1="36,37,39,79,84,98,103,104,105,107" hai2="41,42,44,51,53,85,88,93,95,99" hai3="9,12,13,14,19,45,48,52,55,56,63,87,94" /><INIT seed="0,1,1,2,3,127" ten="250,250,250,240" oya="0" hai0="122,119,42,61,1,22,67,40,129,2,30,7,55" hai1="15,89,32,114,19,93,44,8,57,72,28,63,26" hai2="60,51,23,120,34,3,36,76,58,53,20,47,4" hai3="18,39,27,118,78,9,103,110,12,52,6,95,43"/><T24/><D119/><U111/><E111/><V77/><F120/><W117/><G110/><T74/><D122/><U54/><E114/><V130/><F34/><W14/><G78/><T73/><D55/><U31/><E72/><V82/><F77/><W121/><G121/><T115/><D115/><U37/><E28/><V50/><F50/><W83/><G83/><T109/><D109/><U92/><REACH who="1" step="1"/><E89/><REACH who="1" ten="250,240,250,240" step="2"/><V35/><F76/><W81/><G118/><T0/><D74/><U56/><E56/><V25/><F58/><W46/><G117/><T91/><D73/><U21/><E21/><V10/><F23/><W113/><G113/><T88/><D91/><U65/><E65/><V17/><F35/><W106/><G81/><T98/><D88/><U59/><E59/><V13/><F82/><W64/><G64/><T41/><D22/><U48/><E48/><V99/><F20/><W108/><G108/><T79/><D79/><U66/><E66/><V107/><F51/><W94/><G27/><T134/><D24/><U62/><E62/><V125/><F25/><W16/><G39/><T112/><D30/><U86/><E86/><V97/><F36/><W69/><G69/><T90/><D112/><U124/><E124/><V49/><F125/><W33/><G33/><T105/><D61/><U116/><E116/><V102/><F60/><W11/><G46/><T68/><D90/><U104/><E104/><V5/><F107/><W70/><G106/><T96/><D105/><U45/><E45/><V133/><F47/><W75/><G70/><T135/><D68/><U29/><E29/><RYUUKYOKU ba="1,2" sc="250,-10,240,30,250,-10,240,-10" hai1="8,15,19,26,31,32,37,44,54,57,63,92,93" /><INIT seed="1,2,2,0,0,79" ten="240,270,240,230" oya="1" hai0="0,65,131,67,45,114,55,50,51,56,130,109,23" hai1="52,72,24,59,78,9,58,18,129,111,70,88,93" hai2="40,80,102,5,117,47,99,46,127,29,14,26,69" hai3="118,73,33,6,105,113,94,43,16,103,1,38,104"/><U4/><E70/><V119/><F69/><W76/><G113/><T85/><D0/><U42/><E129/><N who="0" m="49161" /><D114/><U19/><E111/><V134/><F134/><W116/><G33/><T62/><D109/><U91/><E42/><V31/><F127/><W92/><G94/><T74/><D74/><U11/><E59/><V71/><F71/><W110/><G110/><T107/><D107/><N who="3" m="41033" /><G92/><T12/><D85/><U75/><E78/><V3/><F3/><W64/><G103/><T10/><D23/><N who="1" m="13431" /><E19/><V112/><F112/><W21/><G64/><N who="0" m="38983" /><D51/><U48/><E75/><V32/><F32/><W63/><G63/><T82/><D82/><U124/><E72/><V30/><F80/><N who="3" m="45071" /><G21/><T68/><D68/><U15/><E124/><V17/><F31/><W128/><G128/><T89/><D89/><N who="1" m="34379" /><E93/><V135/><F30/><W8/><G16/><AGARI ba="2,2" hai="10,12,16,45,50,55,65,67" m="38983,49161" machi="16" ten="30,2000,0" yaku="19,1,54,1" doraHai="79" who="0" fromWho="3" sc="240,46,270,0,240,0,230,-26" /><INIT seed="2,0,0,2,2,16" ten="286,270,240,204" oya="2" hai0="83,50,88,67,61,122,26,9,32,49,89,77,23" hai1="15,17,131,111,10,126,113,116,106,22,28,31,105" hai2="34,46,101,13,72,130,42,79,128,97,90,80,7" hai3="78,40,51,18,74,0,95,103,104,56,92,94,73"/><V84/><F34/><W37/><G0/><T45/><D122/><U129/><E113/><V2/><F13/><W47/><G78/><T119/><D32/><U60/><E116/><V59/><F59/><W118/><G118/><T121/><D9/><U66/><E111/><V98/><F7/><W133/><G133/><T82/><D121/><U20/><E126/><V62/><F62/><W25/><G104/><N who="1" m="40042" /><E31/><V65/><F65/><W11/><G103/><T120/><D50/><U107/><E28/><V55/><F55/><W117/><G117/><T127/><D127/><U91/><E91/><N who="0" m="34889" /><D77/><U76/><E76/><V12/><F12/><W125/><G125/><T135/><D135/><U102/><E102/><V38/><F2/><W123/><G123/><T30/><D120/><U57/><N who="1" m="40050" /><U87/><DORA hai="29" /><E87/><V114/><F114/><W1/><G1/><T41/><D119/><U3/><E3/><V52/><F101/><W71/><G71/><T53/><D67/><U24/><E24/><V109/><F109/><W39/><G39/><T6/><D6/><U35/><E35/><V93/><REACH who="2" step="1"/><F52/><REACH who="2" ten="286,270,230,204" step="2"/><W27/><G11/><T44/><D44/><U115/><E115/><V75/><F75/><W134/><G134/><T81/><D61/><U21/><E60/><V124/><F124/><W68/><G74/><T96/><D53/><U63/><E63/><V5/><F5/><W108/><G73/><T100/><D100/><U58/><E66/><V36/><F36/><W4/><G37/><T8/><D8/><U48/><E48/><V54/><F54/><N who="3" m="30079" /><G108/><T14/><D14/><RYUUKYOKU ba="0,1" sc="286,10,270,10,230,10,204,-30" hai0="23,26,30,41,45,49,81,82,83,96" hai1="10,15,17,20,21,22,57,58,129,131" hai2="38,42,46,72,79,80,84,90,93,97,98,128,130" /><INIT seed="2,1,1,0,5,52" ten="296,280,240,174" oya="2" hai0="70,46,130,58,48,0,129,10,118,120,87,43,34" hai1="51,132,62,97,78,19,21,91,17,110,103,13,40" hai2="12,124,89,122,15,133,45,9,26,104,109,33,84" hai3="121,41,106,119,38,101,22,76,73,127,44,3,35"/><V11/><F104/><W88/><G119/><T16/><D120/><U63/><E110/><V83/><F122/><W39/><G121/><T53/><D118/><U96/><E132/><V60/><F133/><W72/><G35/><T131/><D34/><U113/><E78/><V75/><F124/><W54/><G127/><T94/><D70/><U2/><E2/><V82/><F109/><W57/><G3/><T36/><D16/><U115/><E115/><V125/><F125/><W5/><G5/><N who="0" m="1319" /><D94/><N who="1" m="58775" /><E113/><V128/><F128/><W105/><G38/><T112/><D87/><U69/><E69/><V29/><F45/><W80/><G72/><T68/><D68/><U32/><E32/><V18/><F60/><W61/><G101/><T107/><D112/><U90/><E19/><V31/><F31/><W114/><G114/><T86/><D86/><U116/><E116/><V126/><F126/><W117/><G117/><T7/><D7/><U47/><E91/><V108/><F108/><W111/><G111/><T37/><D107/><U100/><E100/><V85/><F75/><W123/><G123/><T55/><D43/><U79/><E79/><V4/><REACH who="2" step="1"/><F84/><REACH who="2" ten="296,280,230,174" step="2"/><W134/><G134/><T99/><D130/><U42/><E63/><V95/><AGARI ba="1,2" hai="4,9,11,12,15,18,26,29,33,82,83,85,89,95" machi="95" ten="20,12000,1" yaku="1,1,2,1,0,1,7,1,53,1" doraHai="52" doraHaiUra="20" who="2" fromWho="2" sc="296,-41,280,-41,230,143,174,-41" /><INIT seed="2,2,0,2,4,123" ten="255,239,373,133" oya="2" hai0="7,101,71,48,126,57,132,131,72,12,1,76,53" hai1="59,10,56,21,64,96,99,103,86,114,22,92,69" hai2="42,84,90,70,78,111,33,108,14,125,3,107,66" hai3="85,105,40,116,100,82,23,39,58,77,104,17,115"/><V121/><F121/><W63/><G116/><T97/><D1/><U130/><E114/><V15/><F3/><W113/><G40/><T28/><D131/><U11/><E130/><V79/><F33/><W37/><G39/><T73/><D126/><U55/><E69/><V24/><F24/><W102/><G37/><T43/><D132/><U134/><E134/><V110/><F107/><W61/><G104/><T31/><D71/><U74/><E74/><V34/><F34/><W106/><G105/><T25/><D43/><U6/><E96/><V127/><F42/><W16/><G61/><T5/><D31/><U89/><E64/><V83/><F79/><W60/><G60/><T20/><D76/><U95/><E59/><V32/><F32/><W13/><G17/><T75/><D12/><N who="2" m="4650" /><F78/><W80/><G80/><T67/><D67/><U50/><E11/><V122/><F122/><W29/><G29/><T47/><D47/><U26/><E26/><V120/><F120/><W44/><G44/><T91/><D91/><U94/><E94/><V117/><F117/><W129/><G129/><T62/><D62/><AGARI ba="2,0" hai="62,66,70,83,84,90,108,110,111,125,127" m="4650" machi="62" ten="40,12000,1" yaku="14,1,10,1,52,3" doraHai="123" who="2" fromWho="0" sc="255,-126,239,0,373,126,133,0" /><INIT seed="2,3,0,2,5,67" ten="129,239,499,133" oya="2" hai0="82,56,44,20,3,83,1,127,123,5,109,133,43" hai1="112,13,59,64,30,118,32,102,17,39,81,50,92" hai2="54,76,78,77,29,93,90,18,49,122,103,24,86" hai3="14,12,42,85,107,61,9,97,34,88,131,106,0"/><V31/><F122/><W2/><G34/><T26/><D123/><U100/><E39/><V110/><F110/><W71/><G131/><T113/><D113/><U70/><E118/><V120/><F120/><W91/><G42/><T63/><D109/><U135/><E135/><V51/><F103/><W58/><G71/><T57/><D133/><U124/><E124/><V128/><F128/><W16/><G12/><T53/><D127/><U19/><E70/><V45/><F24/><W15/><G14/><T36/><D57/><U52/><E64/><V105/><F105/><W10/><G91/><T62/><D62/><U115/><E100/><V98/><F98/><W40/><G40/><T66/><D53/><U130/><E130/><V21/><F21/><W4/><G0/><T46/><D46/><U117/><E117/><V25/><F25/><W89/><G97/><T95/><D95/><U60/><E92/><V65/><F65/><W74/><G74/><T23/><D23/><U41/><E41/><N who="2" m="24751" /><F18/><W33/><G33/><T79/><D5/><U84/><E32/><V119/><F119/><W134/><G134/><T114/><D114/><U111/><E111/><V116/><F116/><W38/><G38/><T55/><D66/><U6/><E115/><V8/><F8/><W101/><G101/><T80/><REACH who="0" step="1"/><D79/><REACH who="0" ten="119,239,499,133" step="2"/><N who="1" m="46143" /><E112/><V99/><F99/><W125/><G125/><T68/><D68/><U47/><E6/><V28/><F77/><W69/><G69/><T94/><D94/><U7/><E7/><V22/><F78/><W35/><G35/><T129/><D129/><U75/><E47/><RYUUKYOKU ba="3,1" sc="119,30,239,-10,499,-10,133,-10" hai0="1,3,20,26,36,43,44,55,56,63,80,82,83" /><INIT seed="3,4,1,1,2,36" ten="149,229,489,123" oya="3" hai0="133,54,1,109,23,127,17,42,95,40,88,118,75" hai1="11,79,66,30,62,24,39,20,46,38,58,85,100" hai2="59,31,101,63,15,13,27,125,106,134,128,112,52" hai3="49,35,7,124,12,51,114,129,65,53,105,135,113"/><W130/><G105/><T92/><D118/><U126/><E126/><V56/><F112/><W67/><G35/><T94/><D127/><U83/><E100/><V57/><F125/><W120/><G124/><T107/><D109/><U48/><E11/><V37/><F37/><W45/><G120/><T34/><D34/><U93/><E93/><N who="0" m="35945" /><D75/><U82/><E83/><V87/><F128/><N who="3" m="49259" /><G135/><T115/><D1/><U25/><E24/><V102/><F134/><W29/><G29/><T41/><D107/><U19/><E30/><V80/><F106/><W91/><G91/><T22/><D133/><U14/><E25/><V50/><F31/><W108/><G108/><T26/><D115/><N who="3" m="44041" /><G49/><T10/><D54/><AGARI ba="4,1" hai="14,19,20,38,39,46,48,54,58,62,66,79,82,85" machi="54" ten="30,1000,0" yaku="7,1" doraHai="36" who="1" fromWho="0" sc="149,-22,229,32,489,0,123,0" owari="127,-27.3,261,6.1,489,58.9,123,-37.7" /></mjloggm>