<mjloggm ver="2.3"><GO type="225" lobby="0"/><UN n0="%E3%81%BF%E3%81%BF%E3%81%9A" n1="%E5%8D%A0%E3%81%84%E5%B8%AB%E8%A3%8F%E3%81%AA%E3%81%84%E3%81%97" n2="%E7%89%B9%E6%9D%B1%E3%81%AF%E4%B8%96%E7%95%8C%E3%82%92%E6%95%91%E3%81%86" n3="%E6%B0%B7%E5%B7%9D%E9%87%8C%E5%A5%88" dan="16,16,16,16" rate="2153.54,2124.72,2067.22,2131.55" sx="M,M,M,F"/><TAIKYOKU oya="0"/><INIT seed="0,0,0,1,4,135" ten="250,250,250,250" oya="0" hai0="1,83,107,32,55,45,13,110,19,12,14,116,94" hai1="4,29,87,86,47,93,81,134,77,42,72,6,40" hai2="17,123,91,68,3,82,89,90,112,133,67,26,69" hai3="23,75,30,76,70,52,38,59,50,25,65,46,122"/><T34/><D107/><U95/><E134/><V98/><F133/><W100/><G122/><T33/><D1/><U18/><E29/><V104/><F123/><W53/><G100/><T39/><D116/><U2/><E2/><V129/><F112/><W41/><G53/><T117/><D117/><U35/><E35/><V73/><F3/><W103/><G103/><T51/><D110/><U120/><E120/><V88/><F129/><W80/><G65/><T20/><D94/><U27/><E72/><V36/><F36/><W22/><REACH who="3" step="1"/><G70/><REACH who="3" ten="250,250,250,240" step="2"/><T130/><D130/><U9/><E40/><V97/><F67/><W21/><AGARI ba="0,1" hai="21,22,23,25,30,38,41,46,50,52,59,75,76,80" machi="21" ten="20,8000,1" yaku="1,1,2,1,0,1,7,1,54,1,53,0" doraHai="135" doraHaiUra="121" who="3" fromWho="3" sc="250,-40,250,-20,250,-20,240,90" /><INIT seed="1,0,0,2,0,84" ten="210,230,230,330" oya="1" hai0="8,64,16,90,112,74,18,39,25,80,91,131,4" hai1="99,49,42,11,14,36,46,6,3,109,55,20,129" hai2="5,10,95,33,52,2,124,17,48,45,54,60,97" hai3="76,116,34,134,98,102,26,68,30,82,133,78,24"/><U29/><E129/><V132/><F132/><N who="3" m="50795" /><G116/><T89/><D112/><U28/><E109/><V118/><F124/><W13/><G68/><T135/><D39/><U128/><E128/><V57/><F33/><W0/><G0/><T107/><D107/><U23/><E3/><V51/><F118/><W22/><G13/><T47/><D135/><U92/><E28/><V70/><F17/><N who="3" m="12367" /><G82/><T56/><D131/><U96/><E96/><V123/><F123/><W65/><G65/><T31/><D47/><U88/><REACH who="1" step="1"/><E29/><REACH who="1" ten="210,220,230,330" step="2"/><V106/><F106/><AGARI ba="0,1" hai="26,30,34,76,78,98,102,106" m="12367,50795" machi="106" ten="30,1000,0" yaku="20,1" doraHai="84" who="3" fromWho="2" sc="210,0,220,0,230,-10,330,20" /><INIT seed="2,0,0,3,5,118" ten="210,220,220,350" oya="2" hai0="65,31,105,110,56,13,17,47,41,90,7,1,22" hai1="71,70,9,122,101,37,92,128,135,38,42,60,96" hai2="52,21,133,69,80,73,104,57,86,19,0,14,89" hai3="61,36,4,30,49,48,3,79,97,134,95,119,29"/><V116/><F133/><W23/><G119/><T53/><D110/><U99/><E135/><V34/><F116/><W11/><G134/><T82/><D105/><U2/><E128/><V74/><F69/><W20/><G36/><T132/><D132/><U50/><E50/><V28/><F0/><W39/><G39/><T46/><D31/><U6/><E38/><V33/><F104/><W64/><G79/><T63/><D1/><U129/><E129/><V83/><F83/><W91/><G20/><T108/><D108/><U10/><E10/><V15/><F15/><W55/><G23/><T124/><D124/><U107/><E60/><V45/><F45/><N who="0" m="16906" /><D7/><U131/><E131/><V84/><F84/><W75/><G75/><T35/><D35/><U43/><E37/><V27/><REACH who="2" step="1"/><F34/><REACH who="2" ten="210,220,210,350" step="2"/><W26/><G3/><T87/><D41/><U112/><E70/><V59/><F59/><W62/><G97/><T54/><AGARI ba="0,1" hai="13,17,22,53,54,56,63,65,82,87,90" m="16906" machi="54" ten="30,1100,0" yaku="8,1" doraHai="118" who="0" fromWho="0" sc="210,21,220,-3,210,-5,350,-3" /><INIT seed="3,0,0,3,1,51" ten="231,217,205,347" oya="3" hai0="17,65,108,60,7,129,57,72,111,18,85,35,118" hai1="128,23,66,95,40,2,94,73,13,89,21,36,104" hai2="33,78,117,59,27,0,56,76,103,45,75,16,102" hai3="84,28,11,79,74,9,82,80,62,58,110,10,47"/><W121/><G121/><T34/><D72/><U1/><E104/><V50/><F117/><W44/><G110/><N who="0" m="42027" /><D129/><U90/><E73/><V135/><F0/><W86/><G28/><T37/><D118/><U106/><E106/><V93/><F135/><W43/><G43/><T109/><N who="0" m="42035" /><T14/><DORA hai="87" /><D37/><U114/><E114/><V31/><F75/><W38/><G38/><T130/><D130/><U12/><E36/><V39/><F39/><W4/><G4/><T112/><D112/><U107/><E107/><V105/><F105/><W119/><G119/><T19/><D85/><U134/><E128/><V55/><F16/><N who="0" m="6250" /><D7/><U122/><E122/><V71/><F71/><W83/><G74/><T88/><D88/><U54/><E134/><V61/><F59/><W26/><G26/><T63/><D60/><U24/><E24/><V101/><REACH who="2" step="1"/><F93/><REACH who="2" ten="231,217,195,347" step="2"/><W98/><G82/><T131/><D131/><U125/><E125/><V3/><F3/><W46/><G83/><T6/><D6/><U70/><E70/><V49/><F49/><W68/><G80/><T32/><N who="0" m="6258" /><T69/><DORA hai="53" /><D69/><U30/><E30/><V127/><F127/><W92/><G68/><T81/><D81/><U8/><E8/><V116/><F116/><W52/><G79/><T115/><D115/><U77/><E77/><V25/><F25/><W5/><G5/><T91/><D14/><U120/><E120/><V41/><AGARI ba="0,1" hai="27,31,33,41,45,50,55,56,61,76,78,101,102,103" machi="41" ten="30,12000,2" yaku="1,1,0,1,52,2,53,2" doraHai="51,87,53" doraHaiUra="42,20,100" who="2" fromWho="2" sc="231,-30,217,-30,195,130,347,-60" owari="201,-19.9,187,-31.3,325,42.5,287,8.7" /></mjloggm>