<mjloggm ver="2.3"><GO type="225" lobby="0"/><UN n0="%E7%AD%89%E3%80%85%E5%8A%9B%E5%8A%87%E5%A0%B4" n1="%E3%81%82%E3%81%99%E3%81%AB%E3%82%83%E3%82%80" n2="%E6%A1%9C%E8%8A%B1%E9%96%83%E3%80%85" n3="%E6%AF%9B%E8%8D%92%E3%82%8C%E3%83%BB%E3%82%B9%E3%83%9F%E3%82%B9" dan="16,16,17,16" rate="2124.60,2166.97,2148.10,2102.37" sx="M,F,M,F"/><TAIKYOKU oya="0"/><INIT seed="0,0,0,1,5,4" ten="250,250,250,250" oya="0" hai0="64,99,25,125,94,93,61,85,78,5,46,65,97" hai1="92,27,109,79,22,113,43,118,120,30,71,45,130" hai2="89,90,24,76,3,14,34,21,70,102,82,95,1" hai3="126,91,15,60,131,75,7,117,88,31,69,42,72"/><T19/><D125/><U67/><E118/><V66/><F34/><W104/><G117/><T49/><D5/><U124/><E120/><V127/><F102/><W116/><G116/><T16/><D85/><U103/><E124/><V133/><F90/><W83/><G126/><T6/><D78/><U100/><E130/><V35/><F35/><W135/><G104/><T52/><D6/><U48/><E109/><V57/><F70/><W63/><G131/><T18/><D25/><U36/><E113/><V2/><F133/><W86/><G135/><T110/><D110/><U11/><E79/><V77/><F14/><W96/><G42/><T115/><D115/><U55/><E71/><V62/><F127/><W47/><G47/><T132/><D132/><U59/><E67/><V9/><F9/><N who="3" m="4543" /><G72/><T56/><D65/><U50/><E36/><V111/><F111/><W41/><G75/><T134/><D134/><U68/><E68/><V129/><F82/><W40/><G69/><T8/><D8/><U39/><E39/><V101/><F101/><N who="1" m="38985" /><E92/><AGARI ba="0,0" hai="16,18,19,46,49,52,56,61,64,92,93,94,97,99" machi="92" ten="40,7700,0" yaku="8,1,54,2" doraHai="4" who="0" fromWho="1" sc="250,77,250,-77,250,0,250,0" /><INIT seed="0,1,0,4,3,85" ten="327,173,250,250" oya="0" hai0="131,118,28,93,9,109,50,88,37,96,110,69,103" hai1="132,100,67,47,49,71,64,105,20,8,18,75,112" hai2="0,54,68,56,62,46,106,51,98,125,1,129,119" hai3="42,130,29,14,26,87,30,36,43,57,12,38,121"/><T10/><D37/><N who="3" m="14441" /><G87/><T76/><D118/><U89/><E132/><V128/><F68/><W25/><G57/><T79/><D69/><U11/><E75/><V94/><F106/><W55/><G55/><T83/><D28/><N who="3" m="10857" /><G130/><N who="2" m="50281" /><F125/><W127/><G127/><T19/><D131/><U135/><E135/><V111/><F111/><N who="0" m="42506" /><D103/><U32/><E32/><V84/><F84/><W53/><G53/><T45/><D83/><U31/><E31/><V124/><F119/><W4/><G4/><T17/><D10/><U39/><E39/><V5/><F5/><W15/><G121/><T60/><D60/><U6/><E112/><V92/><F124/><W35/><G35/><T80/><D9/><U123/><E123/><V41/><F94/><W115/><G115/><T117/><D117/><U91/><E105/><V113/><F113/><W120/><G120/><T22/><D80/><U66/><E71/><V70/><F70/><W95/><G95/><T122/><D122/><U7/><E100/><AGARI ba="1,0" hai="0,1,41,46,51,54,56,62,92,98,100" m="50281" machi="100" ten="30,1000,0" yaku="19,1" doraHai="85" who="2" fromWho="1" sc="327,0,173,-13,250,13,250,0" /><INIT seed="1,0,0,5,2,0" ten="327,160,263,250" oya="1" hai0="7,88,64,123,61,27,14,42,45,29,33,32,129" hai1="108,89,102,130,135,43,121,122,21,72,9,17,132" hai2="13,23,81,94,86,37,105,128,96,51,99,113,111" hai3="12,85,26,41,48,22,66,106,71,3,95,125,74"/><U83/><E72/><V92/><F37/><W44/><G125/><T98/><D129/><U56/><E43/><V67/><F128/><W84/><G106/><T110/><D110/><U60/><E130/><V87/><F111/><W134/><G3/><T8/><D123/><U126/><E108/><V24/><F105/><W93/><G134/><N who="1" m="51242" /><E102/><N who="2" m="60679" /><F113/><W5/><G74/><T54/><D54/><N who="1" m="33815" /><E9/><V90/><F67/><W39/><G39/><T53/><D53/><U52/><E126/><V127/><F127/><W117/><G117/><T55/><D55/><U31/><E31/><N who="2" m="17823" /><F51/><W57/><G71/><T63/><D64/><U100/><E100/><V4/><F81/><W91/><G66/><T109/><D109/><U62/><E83/><V82/><F82/><W114/><G114/><T80/><D33/><U40/><E40/><V119/><F119/><W30/><G57/><T49/><REACH who="0" step="1"/><D80/><REACH who="0" ten="317,160,263,250" step="2"/><U70/><E121/><V19/><F4/><W38/><G38/><T112/><D112/><U16/><E122/><V104/><F104/><W15/><REACH who="3" step="1"/><G5/><REACH who="3" ten="317,160,263,240" step="2"/><T73/><D73/><U79/><E70/><V10/><AGARI ba="0,2" hai="10,13,19,86,87,90,94,99" m="17823,60679" machi="10" ten="30,1100,0" yaku="8,1" doraHai="0" who="2" fromWho="2" sc="317,-3,160,-5,263,31,240,-3" /><INIT seed="2,0,0,1,2,74" ten="314,155,294,237" oya="2" hai0="82,83,51,128,4,50,29,24,33,88,107,68,69" hai1="12,31,54,113,89,36,123,102,53,90,133,57,22" hai2="67,86,55,45,65,127,124,25,42,1,71,11,109" hai3="129,34,121,64,105,35,106,125,37,115,97,126,93"/><V3/><F55/><W38/><G121/><T62/><D107/><N who="3" m="40969" /><G64/><N who="2" m="24649" /><F71/><W103/><G129/><T117/><D62/><U120/><E113/><V75/><F75/><W91/><G115/><T32/><D24/><U19/><E36/><N who="3" m="13930" /><G103/><T56/><D4/><U95/><E133/><V8/><F25/><W7/><G7/><T79/><D56/><U72/><E72/><V108/><F86/><W63/><G63/><T92/><D92/><U17/><E31/><V100/><F100/><W78/><G78/><T84/><D84/><U13/><E102/><V27/><F27/><W5/><G5/><T131/><D29/><U47/><E47/><V116/><F42/><W73/><G73/><T48/><D48/><U58/><E95/><V87/><F87/><W2/><G2/><N who="2" m="521" /><F116/><W80/><G80/><T16/><D117/><U81/><REACH who="1" step="1"/><E22/><REACH who="1" ten="314,145,294,237" step="2"/><V77/><F45/><W44/><G44/><T40/><D33/><U28/><E28/><V60/><F127/><N who="3" m="48651" /><G34/><T114/><D32/><U10/><E10/><V9/><F124/><W134/><G35/><T18/><D114/><U132/><E132/><AGARI ba="0,1" hai="91,93,97,132,134" m="48651,13930,40969" machi="132" ten="40,1300,0" yaku="18,1" doraHai="74" who="3" fromWho="1" sc="314,0,145,-13,294,0,237,23" /><INIT seed="3,0,0,2,1,4" ten="314,132,294,260" oya="3" hai0="30,118,121,17,122,57,77,52,119,103,135,102,25" hai1="86,1,61,23,14,107,42,49,15,56,33,26,8" hai2="9,11,32,85,59,62,18,22,38,50,21,24,95" hai3="46,90,34,131,132,35,110,123,37,92,109,126,75"/><W54/><G123/><T51/><D135/><U69/><E107/><V83/><F38/><W79/><G132/><T66/><D77/><U94/><E33/><V19/><F50/><N who="3" m="29015" /><G37/><T41/><D41/><U29/><E69/><V44/><F95/><W106/><G106/><T125/><D125/><U73/><E73/><V12/><F44/><W28/><G28/><T82/><D66/><U36/><E36/><V128/><F128/><W80/><G126/><T3/><D3/><U115/><E115/><V96/><F96/><N who="3" m="57367" /><G131/><T60/><D119/><U63/><E1/><V71/><F32/><W5/><G5/><T45/><D118/><U13/><E42/><V112/><F71/><W104/><G104/><T58/><D122/><U97/><E86/><V10/><F112/><W98/><G98/><T64/><D121/><U7/><E49/><V31/><F31/><W55/><G55/><T89/><D30/><U117/><E63/><V16/><F19/><W105/><G105/><T84/><D45/><U47/><E47/><V48/><F48/><W111/><AGARI ba="0,0" hai="34,35,75,79,80,109,110,111" m="57367,29015" machi="111" ten="30,3000,0" yaku="14,1,10,1" doraHai="4" who="3" fromWho="3" sc="314,-10,132,-10,294,-10,260,30" /><INIT seed="3,1,0,1,2,69" ten="304,122,284,290" oya="3" hai0="60,130,119,17,82,16,125,110,96,76,102,126,52" hai1="77,92,43,14,47,71,134,39,23,15,122,79,40" hai2="25,107,53,65,115,6,91,123,100,41,93,75,9" hai3="5,132,7,83,103,86,33,112,49,97,34,55,18"/><W27/><G112/><T57/><D119/><U73/><E122/><V54/><F115/><W127/><G127/><N who="0" m="48651" /><D110/><U8/><E134/><V106/><F123/><W62/><G132/><T28/><D28/><U90/><E71/><V56/><F75/><W113/><G113/><T21/><D21/><U38/><E23/><V26/><F41/><W51/><G62/><T70/><D70/><U94/><E73/><V78/><F78/><W42/><G33/><T95/><D130/><U59/><E59/><V4/><F100/><W64/><G64/><T104/><D104/><U32/><E32/><V2/><F106/><W48/><G42/><T58/><D58/><U36/><E36/><V11/><F107/><W105/><G55/><N who="2" m="21001" /><F2/><W129/><G129/><T84/><AGARI ba="1,0" hai="16,17,52,57,60,76,82,84,95,96,102" m="48651" machi="84" ten="30,4000,0" yaku="18,1,54,2" doraHai="69" who="0" fromWho="0" sc="304,43,122,-11,284,-11,290,-21" owari="347,44.7,111,-38.9,273,7.3,269,-13.1" /></mjloggm>