<mjloggm ver="2.3"><GO type="225" lobby="0"/><UN n0="%E8%81%B7%E6%A5%AD%E3%80%81%E9%A2%A8%32" n1="%E3%81%86%E3%83%BC%E3%81%B1%E3%83%BC" n2="%E4%B8%89%E5%86%A0%E7%8E%8B%E3%83%BB%E5%B1%B1%E7%94%B0%E5%93%B2%E4%BA%BA" n3="%E3%81%82%E3%81%B9%E3%81%99%E3%81%91" dan="16,16,16,16" rate="2147.97,2156.89,2084.98,2110.73" sx="M,F,M,M"/><TAIKYOKU oya="0"/><INIT seed="0,0,0,5,4,108" ten="250,250,250,250" oya="0" hai0="106,61,30,78,88,99,38,29,25,32,7,58,87" hai1="92,55,37,105,97,130,95,62,101,118,20,81,47" hai2="12,74,60,133,127,112,84,63,22,64,96,77,129" hai3="80,8,54,66,28,109,40,24,1,53,9,21,134"/><T111/><D38/><U93/><E118/><V14/><F74/><W123/><G109/><T72/><D111/><U119/><E119/><V3/><F3/><W46/><G134/><T19/><D7/><U117/><E117/><V85/><F133/><W18/><G66/><T116/><D116/><U69/><E130/><V17/><F129/><W34/><G123/><T39/><D39/><U5/><E5/><V45/><F112/><W13/><G80/><N who="0" m="47511" /><D106/><U79/><E20/><V68/><F127/><W41/><G41/><T49/><D32/><U131/><E131/><V59/><F77/><W90/><G90/><T67/><D72/><U35/><E35/><V4/><F45/><W27/><G1/><T102/><D102/><U56/><E69/><V83/><F83/><W110/><G110/><T43/><D19/><U91/><E47/><V23/><F96/><W122/><G122/><T135/><D25/><U89/><REACH who="1" step="1"/><E37/><REACH who="1" ten="250,240,250,250" step="2"/><V50/><F23/><W0/><G0/><T82/><D135/><U57/><E57/><V107/><F4/><W70/><G70/><T6/><D6/><U33/><E33/><V36/><F36/><W114/><G34/><T124/><D124/><U75/><AGARI ba="0,1" hai="55,56,62,75,79,81,89,91,92,93,95,97,101,105" machi="75" ten="30,2000,0" yaku="1,1,0,1,53,0" doraHai="108" doraHaiUra="31" who="1" fromWho="1" sc="250,-10,240,30,250,-5,250,-5" /><INIT seed="1,0,0,0,3,113" ten="240,270,245,245" oya="1" hai0="63,71,87,30,111,26,60,86,37,25,28,46,12" hai1="98,85,29,3,33,34,110,90,48,74,19,27,23" hai2="93,36,76,83,65,41,11,114,102,64,117,82,66" hai3="13,69,39,80,99,56,91,18,22,51,20,8,10"/><U72/><E3/><V115/><F117/><W127/><G69/><T128/><D111/><U94/><E110/><V121/><F121/><W55/><G39/><T131/><D37/><U73/><E48/><V24/><F24/><W124/><G22/><T15/><REACH who="0" step="1"/><D46/><REACH who="0" ten="230,270,245,245" step="2"/><U89/><REACH who="1" step="1"/><E29/><REACH who="1" ten="230,260,245,245" step="2"/><V75/><F36/><W62/><G127/><T106/><D106/><U16/><E16/><V129/><F115/><W96/><G124/><T125/><D125/><U17/><E17/><V130/><F114/><W1/><G18/><T126/><D126/><U0/><E0/><V77/><F130/><W31/><G1/><T134/><D134/><U79/><E79/><V35/><F129/><W103/><G31/><T61/><D61/><U44/><E44/><V84/><F77/><W5/><G62/><T81/><D81/><AGARI ba="0,2" hai="19,23,27,33,34,72,73,74,81,85,89,90,94,98" machi="81" ten="40,12000,1" yaku="1,1,53,3" doraHai="113" doraHaiUra="104" who="1" fromWho="0" sc="230,-120,260,140,245,0,245,0" /><INIT seed="1,1,0,1,1,109" ten="110,400,245,245" oya="1" hai0="29,110,32,47,79,125,49,26,98,69,67,112,19" hai1="43,132,106,27,24,8,135,23,42,95,127,58,14" hai2="86,51,60,102,90,122,71,25,44,4,16,21,45" hai3="134,84,17,129,72,70,117,52,5,124,113,81,88"/><U35/><E106/><V33/><F122/><W57/><G70/><T131/><D110/><U3/><E3/><V91/><F33/><W87/><G113/><T77/><D125/><U15/><E127/><V37/><F102/><W121/><G124/><T94/><D131/><U41/><E35/><V108/><F108/><W78/><G121/><T120/><D120/><U68/><E68/><V9/><F37/><W34/><G34/><T31/><D31/><U36/><E36/><V93/><F51/><W66/><G72/><T105/><D105/><U13/><E8/><V123/><F123/><W53/><G134/><N who="1" m="51242" /><E23/><V74/><F74/><W83/><G117/><T56/><D69/><U0/><E0/><V65/><REACH who="2" step="1"/><F90/><REACH who="2" ten="110,400,235,245" step="2"/><W89/><G89/><T64/><D32/><U80/><E80/><V119/><F119/><W92/><G129/><T59/><D49/><U128/><E128/><V99/><F99/><W55/><G83/><T133/><D98/><U116/><E116/><V2/><AGARI ba="1,1" hai="2,4,9,16,21,25,44,45,60,65,71,86,91,93" machi="2" ten="20,5200,0" yaku="1,1,0,1,7,1,54,1,53,0" doraHai="109" doraHaiUra="101" who="2" fromWho="2" sc="110,-14,400,-27,235,65,245,-14" /><INIT seed="2,0,0,3,2,36" ten="96,373,300,231" oya="2" hai0="41,53,23,38,112,94,134,81,133,85,39,16,32" hai1="60,102,98,80,109,96,101,77,62,66,117,129,55" hai2="61,43,25,30,115,122,108,125,116,27,49,82,107" hai3="78,14,92,2,10,4,63,52,54,99,26,15,17"/><V71/><F116/><W5/><G78/><T0/><D112/><U89/><E117/><V34/><F122/><W58/><G26/><T97/><D32/><U40/><E40/><V100/><F115/><W123/><G123/><T131/><D0/><U59/><E109/><V86/><F108/><W65/><G2/><T31/><D31/><U42/><E42/><V45/><F25/><W37/><G37/><T6/><D6/><U130/><E89/><V47/><F125/><W12/><G5/><T132/><D131/><N who="1" m="50187" /><E101/><V72/><F47/><W8/><REACH who="3" step="1"/><G15/><REACH who="3" ten="96,373,300,221" step="2"/><N who="0" m="9631" /><D53/><U33/><E33/><V104/><F72/><W127/><G127/><T114/><D41/><U73/><E102/><AGARI ba="0,1" hai="4,8,10,12,14,17,52,54,58,63,65,92,99,102" machi="102" ten="30,7700,0" yaku="1,1,7,1,8,1,54,1,53,0" doraHai="36" doraHaiUra="121" who="3" fromWho="1" sc="96,0,373,-77,300,0,221,87" /><INIT seed="3,0,0,3,5,14" ten="96,296,300,308" oya="3" hai0="105,100,45,72,123,131,59,84,102,93,52,94,43" hai1="51,22,2,37,107,132,15,124,1,66,129,106,134" hai2="47,26,31,122,87,111,50,118,0,38,95,17,13" hai3="19,97,55,5,91,71,99,7,103,69,130,127,33"/><W101/><G33/><T75/><D123/><U21/><E37/><V133/><F0/><N who="1" m="105" /><E66/><V92/><F118/><W128/><G127/><T126/><D126/><U12/><E51/><V125/><F125/><W98/><G91/><T57/><D105/><N who="1" m="39947" /><E124/><V27/><F38/><W117/><G117/><T112/><D112/><U53/><E53/><N who="2" m="29919" /><F122/><W63/><G19/><T68/><D68/><N who="3" m="26185" /><G63/><T78/><D131/><N who="3" m="50217" /><G55/><T39/><D75/><U61/><E61/><V96/><F133/><N who="1" m="51305" /><E129/><V88/><F31/><W81/><G81/><T80/><D59/><U56/><E56/><V89/><F111/><W70/><G70/><T67/><D67/><U48/><E48/><V9/><AGARI ba="0,0" hai="9,13,17,26,27,87,88,89,92,95,96" m="29919" machi="9" ten="30,4000,0" yaku="8,1,52,1,54,1" doraHai="14" who="2" fromWho="2" sc="96,-10,296,-10,300,40,308,-20" owari="86,-41.4,286,-11.4,340,44.0,288,8.8" /></mjloggm>