<mjloggm ver="2.3"><GO type="225" lobby="0"/><UN n0="%E3%81%95%E3%81%8D%E3%81%9F%E3%81%BE%E6%9E%97%E6%AA%8E" n1="%6D%75%75%6D%75%72%61" n2="%E3%83%8F%E3%82%AC%E3%82%BF%E3%82%AB%E3%81%AE%E3%81%88%E3%81%98%E3%81%8D" n3="%72%61%6B%33" dan="16,16,16,16" rate="2165.77,2198.40,2130.86,2204.14" sx="M,M,M,M"/><TAIKYOKU oya="0"/><INIT seed="0,0,0,2,4,44" ten="250,250,250,250" oya="0" hai0="134,34,99,25,18,125,135,104,119,50,75,92,46" hai1="130,11,10,19,60,101,28,15,86,91,42,85,123" hai2="1,23,36,38,94,78,97,131,100,114,102,51,61" hai3="59,21,47,40,81,20,68,56,17,8,88,30,112"/><T122/><D119/><U93/><E123/><V105/><F1/><W6/><G68/><T62/><D122/><U33/><E130/><V124/><F131/><W35/><G112/><T98/><D75/><U41/><E101/><V66/><F124/><W32/><G32/><T87/><D125/><U27/><E86/><V80/><F23/><W5/><G35/><T118/><D118/><U24/><E24/><V26/><F26/><W39/><G30/><T113/><D113/><U63/><REACH who="1" step="1"/><E11/><REACH who="1" ten="250,240,250,250" step="2"/><V103/><F114/><W14/><G21/><N who="0" m="13495" /><D87/><U54/><E54/><V76/><F105/><W127/><G127/><T67/><D34/><U132/><E132/><N who="0" m="50729" /><D104/><U16/><E16/><V84/><F84/><W133/><G133/><T49/><D46/><U45/><E45/><V116/><F116/><W110/><G47/><T120/><D120/><U106/><E106/><V90/><F36/><W107/><G39/><T82/><D99/><U53/><E53/><V58/><F38/><W13/><G107/><T3/><D3/><U128/><E128/><V48/><F80/><W73/><G81/><T111/><D82/><U29/><E29/><V9/><F9/><W71/><G8/><T79/><D98/><U43/><AGARI ba="0,1" hai="10,15,19,27,28,33,41,42,43,60,63,85,91,93" machi="43" ten="30,2000,0" yaku="1,1,0,1,53,0" doraHai="44" doraHaiUra="96" who="1" fromWho="1" sc="250,-10,240,30,250,-5,250,-5" /><INIT seed="1,0,0,5,1,16" ten="240,270,245,245" oya="1" hai0="127,48,84,12,99,101,47,83,21,117,2,106,73" hai1="113,19,67,13,1,53,71,69,20,128,102,62,122" hai2="59,28,18,27,14,120,93,37,82,22,46,87,130" hai3="112,23,55,135,50,107,41,56,121,125,116,126,31"/><U40/><E113/><V105/><F105/><W36/><G112/><T34/><D117/><U60/><E122/><V65/><F130/><W97/><G121/><T68/><D68/><U39/><E128/><V4/><F120/><W132/><G107/><T6/><D34/><U109/><E1/><V24/><F37/><W90/><G97/><T15/><D73/><U57/><E109/><V96/><F46/><N who="3" m="23847" /><G90/><T89/><D127/><N who="3" m="48649" /><G31/><T118/><D118/><U38/><E102/><N who="2" m="60687" /><F4/><W74/><G74/><T29/><D2/><U11/><E40/><V103/><F103/><W94/><G94/><N who="0" m="58615" /><D6/><U49/><E38/><V123/><F123/><W0/><G0/><T26/><D106/><U110/><E39/><V3/><F3/><W54/><G116/><T129/><D129/><U111/><E11/><V72/><F72/><W58/><G23/><T42/><AGARI ba="0,0" hai="12,15,21,26,29,42,47,48,83,84,89" m="58615" machi="42" ten="30,2000,0" yaku="8,1,52,1" doraHai="16" who="0" fromWho="0" sc="240,20,270,-10,245,-5,245,-5" /><INIT seed="2,0,0,0,3,30" ten="260,260,240,240" oya="2" hai0="46,48,25,104,23,113,71,15,120,74,63,99,11" hai1="82,70,41,123,56,89,5,10,73,31,90,60,114" hai2="67,121,61,101,28,91,126,24,92,97,14,119,132" hai3="77,81,88,129,58,7,98,8,22,9,62,13,130"/><V72/><F119/><W44/><G44/><T59/><D113/><U85/><E114/><V35/><F121/><W17/><G9/><T110/><D110/><U32/><E123/><V21/><F126/><W49/><G49/><T40/><D74/><U4/><E73/><V107/><F132/><W105/><G105/><T19/><D71/><U18/><E70/><V29/><F72/><W127/><G127/><T112/><D112/><U122/><E41/><V124/><F124/><W53/><G77/><T27/><D120/><U115/><E115/><V79/><F79/><W26/><REACH who="3" step="1"/><G81/><REACH who="3" ten="260,260,240,230" step="2"/><T68/><D11/><U94/><E122/><V103/><F107/><W116/><G116/><T45/><D45/><U78/><E78/><V0/><F0/><W135/><G135/><T42/><D48/><U84/><E10/><V106/><F106/><W134/><G134/><T57/><D46/><U75/><E75/><V16/><REACH who="2" step="1"/><F29/><REACH who="2" ten="260,260,230,230" step="2"/><W83/><G83/><T37/><D104/><U87/><E82/><V128/><F128/><W131/><G131/><T12/><D37/><U36/><E36/><V33/><F33/><W39/><G39/><T52/><D42/><U1/><E1/><V66/><F66/><W93/><AGARI ba="0,2" hai="7,8,13,17,22,26,53,58,62,88,93,98,129,130" machi="93" ten="30,8000,1" yaku="1,1,0,1,25,2,54,1,53,0" doraHai="30" doraHaiUra="43" who="3" fromWho="3" sc="260,-20,260,-20,230,-40,230,100" /><INIT seed="3,0,0,5,4,4" ten="240,240,190,330" oya="3" hai0="46,6,123,127,8,1,97,37,38,19,109,78,129" hai1="50,0,124,77,65,98,32,115,20,2,42,87,9" hai2="120,28,96,75,29,126,121,69,134,45,21,114,132" hai3="47,73,44,16,68,22,72,57,112,39,36,90,5"/><W54/><G68/><T49/><D109/><U15/><E32/><V125/><F69/><W23/><G5/><T74/><D123/><N who="2" m="47178" /><F75/><W67/><G57/><T40/><D129/><U33/><E33/><V14/><F96/><W79/><G90/><T118/><D118/><U93/><E115/><V63/><F63/><W52/><G79/><T48/><D127/><N who="2" m="48650" /><F45/><W131/><G131/><T30/><D30/><N who="2" m="11882" /><F114/><W53/><G53/><T133/><D74/><U61/><E124/><V66/><F66/><W10/><G112/><T103/><D97/><U135/><E87/><V104/><F104/><W110/><G67/><T82/><D46/><U88/><E77/><V102/><F102/><W12/><G47/><T11/><D103/><U116/><E116/><V111/><F111/><W27/><G110/><T25/><D78/><U17/><E50/><V71/><F71/><W119/><G44/><T113/><D49/><U117/><E42/><V128/><F128/><W34/><G73/><T86/><D48/><U84/><E117/><V41/><F41/><W80/><G119/><T64/><D40/><U94/><E98/><V59/><F59/><W122/><G122/><T107/><D64/><U106/><E106/><V31/><N who="2" m="11890" /><V62/><DORA hai="76" /><F62/><W95/><G72/><T130/><D130/><U108/><E108/><V58/><F58/><W3/><G54/><T105/><D107/><U26/><E61/><V35/><F35/><W13/><G34/><T55/><D105/><U85/><E65/><V18/><AGARI ba="0,0" hai="14,18,21,132,134" m="11890,48650,47178" machi="18" ten="50,8000,1" yaku="13,1,18,1,34,2" doraHai="4,76" who="2" fromWho="2" sc="240,-20,240,-20,190,80,330,-40" /><INIT seed="4,0,0,1,4,110" ten="220,220,270,290" oya="0" hai0="40,119,132,127,111,52,8,78,35,93,19,68,50" hai1="102,9,42,90,121,29,118,95,96,106,125,82,66" hai2="11,4,53,94,120,55,133,70,122,85,41,98,84" hai3="2,75,126,64,97,83,104,17,16,33,65,59,81"/><T47/><D119/><U79/><E118/><V105/><F70/><W73/><G59/><T63/><D35/><U71/><E121/><V108/><F108/><W28/><G97/><T3/><D111/><U86/><E125/><V56/><F41/><W101/><G33/><T18/><D127/><U44/><E29/><V7/><F105/><W62/><G62/><T76/><D132/><U26/><E26/><V10/><F56/><W21/><G21/><T88/><D3/><U31/><E31/><V74/><F98/><W13/><G28/><T0/><D0/><U72/><E72/><V22/><F74/><W113/><G2/><T27/><D68/><U128/><E9/><V69/><F69/><W134/><G13/><N who="0" m="7463" /><D63/><U15/><E15/><V14/><F14/><W61/><G61/><T117/><D117/><U20/><E20/><V43/><F22/><W48/><G126/><T58/><D27/><U5/><E5/><V131/><F43/><W30/><G30/><T89/><D19/><U49/><E128/><V37/><F131/><W24/><G24/><T129/><D129/><U91/><E106/><V32/><F32/><W6/><G104/><T114/><D114/><U12/><E12/><V36/><REACH who="2" step="1"/><F94/><REACH who="2" ten="220,220,260,290" step="2"/><W80/><G73/><T109/><D109/><U100/><E71/><V39/><F39/><W51/><G75/><T57/><D57/><U92/><E66/><V45/><F45/><W115/><G65/><T87/><D89/><N who="1" m="33803" /><E95/><V34/><F34/><W38/><G64/><T103/><D103/><AGARI ba="0,1" hai="42,44,49,79,82,86,92,96,100,102,103" m="33803" machi="103" ten="30,1000,0" yaku="8,1" doraHai="110" who="1" fromWho="0" sc="220,-10,220,20,260,0,290,0" /><INIT seed="5,0,0,1,5,25" ten="210,240,260,290" oya="1" hai0="12,79,131,31,37,0,7,92,46,115,98,72,3" hai1="42,106,57,74,94,17,88,14,124,100,27,56,95" hai2="52,116,85,105,82,87,54,112,44,78,125,69,22" hai3="97,83,93,1,45,24,80,15,64,63,30,99,91"/><U19/><E74/><V43/><F116/><W133/><G1/><T109/><D109/><U126/><E106/><V9/><F105/><W75/><G133/><T23/><D131/><U16/><E42/><V70/><F125/><N who="1" m="48233" /><E14/><V135/><F135/><W36/><G15/><T68/><D68/><U67/><E95/><V113/><F22/><W77/><G83/><T118/><D118/><U60/><E100/><V84/><F9/><W128/><G128/><T13/><D115/><N who="2" m="44106" /><F69/><W129/><G129/><T18/><D72/><U58/><E27/><V76/><F70/><W90/><G36/><T38/><D79/><N who="2" m="30250" /><F82/><W121/><G80/><T53/><D0/><U71/><E71/><V55/><F43/><W29/><G75/><T127/><D127/><U28/><E28/><V102/><F102/><W32/><G30/><T50/><D31/><U107/><E107/><V39/><F39/><W2/><G29/><T49/><D3/><U41/><E41/><V21/><F21/><W108/><G2/><T5/><D37/><U20/><E20/><V51/><AGARI ba="0,0" hai="44,51,52,54,55,84,85,87" m="30250,44106" machi="51" ten="40,5200,0" yaku="15,1,11,1,54,1" doraHai="25" who="2" fromWho="2" sc="210,-13,240,-26,260,52,290,-13" owari="197,-30.3,214,-18.6,312,41.2,277,7.7" /></mjloggm>