<mjloggm ver="2.3"><GO type="225" lobby="0"/><UN n0="%E3%81%AF%E3%82%88%E3%81%8A%E3%81%98%E3%81%95%E3%82%93" n1="%E5%8D%A0%E3%81%84%E5%B8%AB%E8%A3%8F%E3%81%AA%E3%81%84%E3%81%97" n2="%E3%82%A2%E3%82%A4%E3%82%B9%E3%83%86%E3%82%A3%E3%83%BC%E3%81%82%E3%81%B9" n3="%E5%A4%9C%E3%81%AE%E3%82%AC%E3%82%B9%E3%83%91%E3%83%BC%E3%83%AB" dan="17,16,16,16" rate="2203.72,2116.10,2128.28,2087.47" sx="M,M,M,M"/><TAIKYOKU oya="0"/><INIT seed="0,0,0,5,3,64" ten="250,250,250,250" oya="0" hai0="15,10,76,25,28,62,67,1,29,106,35,98,6" hai1="45,132,36,127,11,22,52,128,108,74,122,93,133" hai2="32,18,72,42,135,24,44,55,77,119,7,56,47" hai3="50,14,75,69,19,4,124,68,2,43,116,118,60"/><T34/><D76/><U12/><E122/><V101/><F135/><N who="1" m="51785" /><E74/><V115/><F115/><W87/><G75/><T63/><D15/><U130/><E108/><V20/><F101/><W58/><G124/><T121/><D63/><U134/><N who="1" m="51793" /><U120/><DORA hai="96" /><E120/><V107/><F107/><W126/><G126/><T16/><D16/><N who="1" m="10503" /><E127/><V70/><F70/><W40/><G4/><T100/><D28/><U48/><E36/><V31/><F7/><W65/><G2/><T129/><D121/><U71/><E71/><V109/><F109/><W104/><G104/><T85/><D85/><U13/><E93/><V103/><F103/><W53/><G87/><T41/><D41/><U123/><E123/><V61/><F119/><W102/><G102/><T23/><REACH who="0" step="1"/><D129/><REACH who="0" ten="240,250,250,250" step="2"/><U80/><E80/><V33/><F42/><W57/><G43/><T111/><D111/><U21/><E21/><V125/><F125/><W113/><G40/><T49/><D49/><U105/><E105/><V37/><F37/><W17/><G113/><T46/><D46/><U91/><E91/><V9/><F44/><W66/><G14/><T59/><AGARI ba="0,1" hai="1,6,10,23,25,29,34,35,59,62,67,98,100,106" machi="59" ten="20,12000,1" yaku="1,1,0,1,7,1,52,1,53,1" doraHai="64,96" doraHaiUra="54,84" who="0" fromWho="0" sc="240,130,250,-40,250,-40,250,-40" /><INIT seed="0,1,0,2,1,124" ten="370,210,210,210" oya="0" hai0="43,62,120,14,66,97,99,103,125,92,18,31,24" hai1="102,71,27,115,79,56,133,53,108,112,106,72,60" hai2="93,58,11,28,39,82,45,126,0,100,135,76,9" hai3="10,127,23,41,57,21,70,3,20,119,130,38,49"/><T118/><D125/><U90/><E108/><V80/><F126/><W123/><G127/><T54/><D118/><U17/><E133/><V121/><F121/><W105/><G70/><T86/><D120/><U19/><E71/><V34/><F135/><W6/><G123/><T65/><D43/><U15/><E90/><V32/><F82/><W50/><G119/><T67/><D99/><N who="1" m="61791" /><E27/><V35/><F58/><W113/><G105/><T114/><D114/><N who="1" m="43563" /><E15/><V36/><F11/><W64/><G113/><T134/><D134/><U128/><E128/><V22/><F22/><W69/><G130/><T131/><D131/><U98/><E98/><V110/><F93/><W107/><G69/><T88/><D31/><U13/><E13/><V91/><F91/><W94/><G107/><T29/><D29/><U84/><E84/><V42/><F100/><W96/><G96/><T2/><D2/><U61/><E61/><V104/><F104/><W63/><REACH who="3" step="1"/><G94/><REACH who="3" ten="370,210,210,200" step="2"/><T83/><D97/><U81/><AGARI ba="1,1" hai="17,19,53,56,60,72,79,81" m="43563,61791" machi="81" ten="30,1100,0" yaku="11,1" doraHai="124" who="1" fromWho="1" sc="370,-6,210,24,210,-4,200,-4" /><INIT seed="1,0,0,0,4,88" ten="364,234,206,196" oya="1" hai0="130,90,133,22,93,79,135,100,83,87,91,18,33" hai1="30,2,78,127,76,132,108,4,64,116,134,71,56" hai2="21,73,85,67,14,109,105,54,119,92,42,65,8" hai3="126,101,26,28,117,110,112,111,97,61,121,19,107"/><U17/><E116/><V123/><F109/><N who="3" m="41483" /><G126/><T38/><D33/><U75/><E108/><V84/><F123/><W11/><G112/><T1/><D1/><U63/><E127/><V96/><F105/><W35/><G117/><T55/><D38/><U39/><E30/><V53/><F73/><W44/><G121/><T43/><D43/><U36/><E76/><V20/><F42/><W7/><G61/><T62/><D130/><U40/><E17/><V99/><F8/><W66/><G66/><T98/><D55/><U82/><E56/><V113/><F14/><N who="3" m="7647" /><G44/><T13/><D62/><U3/><E36/><V95/><REACH who="2" step="1"/><F119/><REACH who="2" ten="364,234,196,196" step="2"/><W129/><G7/><T60/><D13/><U120/><E120/><V10/><F10/><W124/><G124/><T5/><D5/><U23/><E4/><V24/><F24/><W37/><G37/><T58/><D135/><N who="1" m="51755" /><E23/><V131/><F131/><AGARI ba="0,1" hai="26,28,35,97,101,107,129,131" m="7647,41483" machi="131" ten="30,1000,0" yaku="14,1" doraHai="88" who="3" fromWho="2" sc="364,0,234,0,196,-10,196,20" /><INIT seed="2,0,0,5,4,19" ten="364,234,186,216" oya="2" hai0="127,25,28,38,111,88,5,120,67,124,33,7,31" hai1="12,34,35,92,95,117,2,126,105,9,83,44,26" hai2="37,27,74,85,104,23,99,69,116,16,40,78,129" hai3="58,76,22,14,36,96,63,86,1,0,123,68,54"/><V10/><F116/><W81/><G123/><T132/><D120/><U121/><E117/><V107/><F129/><W39/><G68/><T101/><D111/><U82/><E105/><V57/><F69/><W41/><G96/><T13/><D132/><U46/><E121/><V80/><F37/><W3/><REACH who="3" step="1"/><G41/><REACH who="3" ten="364,234,186,206" step="2"/><T102/><D127/><U130/><E126/><V43/><F40/><W60/><G60/><T8/><D124/><U59/><E130/><V66/><F43/><W4/><G4/><T47/><D5/><U97/><E97/><V100/><F10/><W53/><G53/><T49/><D7/><U91/><E9/><V98/><F74/><W24/><G24/><T30/><D25/><U131/><E26/><V118/><F118/><W90/><G90/><T18/><D88/><U115/><E91/><V94/><REACH who="2" step="1"/><F99/><REACH who="2" ten="364,234,176,206" step="2"/><W11/><G11/><T87/><D8/><U32/><E131/><V128/><F128/><W113/><G113/><T89/><D38/><U77/><E115/><V48/><F48/><W75/><G75/><T79/><D49/><U133/><E133/><V45/><F45/><W15/><G15/><T56/><D13/><U62/><E12/><V64/><F64/><W108/><G108/><T20/><D47/><U134/><E46/><V125/><F125/><W119/><G119/><T42/><D67/><U70/><E44/><V73/><F73/><W135/><G135/><T72/><D72/><U51/><E70/><V71/><F71/><W109/><G109/><T106/><D42/><U50/><E134/><V93/><F93/><W114/><G114/><RYUUKYOKU ba="0,2" sc="364,-15,234,-15,176,15,206,15" hai2="16,23,27,57,66,78,80,85,94,98,100,104,107" hai3="0,1,3,14,22,36,39,54,58,63,76,81,86" /><INIT seed="2,1,2,3,1,102" ten="349,219,191,221" oya="2" hai0="50,80,33,25,78,22,5,9,26,117,51,116,47" hai1="41,91,131,95,57,127,110,56,67,118,73,31,59" hai2="63,77,112,39,75,126,40,16,122,93,66,69,109" hai3="23,103,24,124,111,27,35,115,130,108,100,2,70"/><V44/><F126/><W46/><G70/><T135/><D33/><U21/><E118/><N who="0" m="45673" /><D135/><U7/><E127/><V3/><F122/><W42/><G124/><T128/><D128/><U98/><E73/><V89/><F112/><W79/><G2/><N who="0" m="183" /><D47/><U34/><E34/><V53/><F3/><W13/><G130/><T43/><D43/><U104/><E110/><N who="3" m="42026" /><G115/><T123/><D123/><U62/><E131/><V87/><F109/><W49/><G79/><T48/><D22/><U96/><E7/><V85/><F53/><W83/><G83/><T54/><D54/><U113/><E41/><V107/><F107/><W45/><G45/><T68/><D68/><U11/><E104/><V15/><F75/><AGARI ba="1,2" hai="25,26,48,50,51,75,78,80" m="183,45673" machi="75" ten="30,1000,0" yaku="12,1" doraHai="102" who="0" fromWho="2" sc="349,33,219,0,191,-13,221,0" /><INIT seed="3,0,0,0,4,61" ten="382,219,178,221" oya="3" hai0="64,33,55,34,37,112,130,31,58,108,14,86,35" hai1="47,42,0,32,83,53,63,90,50,11,123,93,104" hai2="57,105,5,117,23,135,44,70,94,98,13,82,84" hai3="103,60,17,126,131,73,39,95,97,75,110,71,109"/><W114/><G114/><T116/><D116/><U69/><E123/><V92/><F70/><W25/><G39/><T74/><D74/><U88/><E32/><V85/><F117/><W51/><G126/><T62/><D37/><U28/><E28/><V106/><F135/><W41/><G41/><T8/><D112/><U77/><E104/><V121/><F121/><W89/><G131/><T102/><D130/><U127/><E93/><V122/><F122/><W80/><G51/><T48/><D108/><N who="3" m="41577" /><G25/><T111/><D111/><U20/><E42/><V3/><F3/><W29/><G29/><T19/><D102/><U16/><E50/><V1/><F1/><W119/><G17/><T18/><D86/><U9/><E0/><V115/><F85/><N who="3" m="50343" /><G119/><T38/><D38/><U78/><E16/><V24/><F94/><W65/><AGARI ba="0,0" hai="60,65,71,73,75,95,97,103" m="50343,41577" machi="65" ten="30,6000,0" yaku="14,1,10,1,52,1" doraHai="61" who="3" fromWho="3" sc="382,-20,219,-20,178,-20,221,60" /><INIT seed="3,1,0,3,1,96" ten="362,199,158,281" oya="3" hai0="94,46,59,134,68,63,37,135,48,60,10,131,5" hai1="71,55,67,51,118,40,13,47,29,114,39,75,82" hai2="132,70,97,32,22,102,126,1,90,21,91,50,58" hai3="110,115,28,127,27,11,30,35,31,119,79,88,99"/><W116/><G115/><T123/><D123/><U45/><E114/><V109/><F70/><W87/><G127/><T36/><D94/><U64/><E118/><V92/><F32/><W80/><G110/><T111/><D68/><U130/><E130/><V100/><F1/><W76/><G35/><T128/><D111/><U72/><E29/><V16/><F109/><W77/><G27/><T14/><D36/><U86/><E13/><N who="2" m="9359" /><F126/><W7/><REACH who="3" step="1"/><G99/><REACH who="3" ten="362,199,158,271" step="2"/><T3/><D131/><U103/><E72/><V20/><F132/><N who="0" m="50730" /><D128/><U85/><E75/><V2/><F2/><AGARI ba="1,1" hai="2,7,11,28,30,31,76,77,79,80,87,88,116,119" machi="2" ten="40,7700,0" yaku="1,1,54,1,53,1" doraHai="96" doraHaiUra="6" who="3" fromWho="2" sc="362,0,199,0,158,-80,271,90" /><INIT seed="3,2,0,2,0,123" ten="362,199,78,361" oya="3" hai0="33,20,41,73,6,15,78,130,132,95,122,27,50" hai1="13,115,109,124,113,31,84,14,58,55,128,94,29" hai2="96,54,125,16,117,52,97,47,108,81,114,101,85" hai3="83,39,116,71,106,80,72,100,112,35,121,64,70"/><W135/><RYUUKYOKU type="yao9" ba="2,0" sc="362,0,199,0,78,0,361,0" hai3="35,39,64,70,71,72,80,83,100,106,112,116,121,135" /><INIT seed="3,3,0,5,2,70" ten="362,199,78,361" oya="3" hai0="76,92,109,29,128,6,121,4,0,81,66,126,48" hai1="35,62,68,107,3,108,67,1,54,69,120,91,11" hai2="122,9,104,80,23,102,60,38,105,18,101,20,117" hai3="73,97,127,21,112,53,25,13,51,27,89,59,110"/><W65/><G112/><T22/><D121/><U14/><E120/><V77/><F122/><W52/><G73/><T42/><D0/><U10/><E35/><V71/><F9/><W30/><G110/><T132/><D109/><U49/><E108/><V93/><F71/><W115/><G115/><T129/><D66/><U125/><E69/><V130/><F60/><N who="3" m="38047" /><G127/><T123/><D123/><U7/><E125/><V39/><F93/><N who="3" m="56495" /><G27/><N who="0" m="16631" /><D126/><U28/><E28/><V119/><F80/><W64/><G64/><T50/><D132/><U15/><E91/><V61/><F61/><W2/><G2/><T57/><D92/><U90/><E90/><V47/><F77/><W40/><G13/><T113/><D113/><U94/><E94/><V34/><F47/><AGARI ba="3,0" hai="21,25,30,40,47,51,52,53" m="56495,38047" machi="47" ten="30,2900,0" yaku="8,1,54,1" doraHai="70" who="3" fromWho="2" sc="362,0,199,0,78,-38,361,38" owari="362,16.2,199,-20.1,40,-46.0,399,49.9" /></mjloggm>