<mjloggm ver="2.3"><GO type="225" lobby="0"/><UN n0="%73%6C%69%63%6B%33%31%39" n1="%E6%80%AA%E3%81%97%E3%81%99%E3%81%8E%E3%82%8B%E3%83%81%E3%83%BC" n2="%53%61%63%68%69%30%34" n3="%4B%2E%32%2E%4B%2E" dan="16,16,16,16" rate="2163.92,2144.50,2083.79,2057.87" sx="M,M,M,M"/><TAIKYOKU oya="0"/><INIT seed="0,0,0,4,1,132" ten="250,250,250,250" oya="0" hai0="80,49,115,25,26,129,31,120,114,89,109,110,101" hai1="112,100,5,54,73,42,83,7,45,103,22,69,95" hai2="72,90,55,84,27,1,35,98,74,118,28,96,131" hai3="94,85,93,127,122,15,38,19,87,108,67,77,48"/><T41/><D41/><U40/><E69/><V65/><F131/><W117/><G38/><T17/><D49/><U133/><E112/><N who="0" m="43049" /><D89/><U58/><E133/><V37/><F1/><W106/><G117/><T79/><D101/><N who="1" m="38987" /><E73/><V47/><F118/><W56/><G106/><T24/><D129/><U75/><E75/><V105/><F65/><W50/><G94/><T116/><D116/><U128/><E128/><V18/><F18/><W66/><G93/><T81/><D79/><U102/><E83/><N who="0" m="31817" /><D17/><U33/><E33/><V12/><F105/><W43/><G19/><T121/><D31/><U92/><E22/><V99/><F37/><W130/><G130/><T11/><D11/><U124/><E95/><V63/><F72/><W3/><G43/><N who="1" m="16426" /><E45/><V23/><F47/><W32/><G77/><T125/><D125/><U8/><E124/><V59/><F74/><W44/><G127/><T104/><D104/><U16/><E16/><N who="2" m="10631" /><F28/><W135/><G44/><T126/><D126/><U9/><E8/><V57/><F35/><W53/><G32/><T64/><D64/><U39/><E9/><V51/><F51/><W113/><G113/><T82/><N who="0" m="31825" /><T61/><DORA hai="0" /><D61/><N who="1" m="36055" /><E39/><V34/><F34/><W123/><G50/><T29/><D29/><U76/><E76/><V20/><F90/><W30/><G30/><T119/><D119/><U60/><E60/><V97/><F63/><W86/><G48/><T107/><D107/><U6/><E6/><V52/><F59/><W13/><G13/><T36/><D36/><U88/><E102/><V10/><F57/><W14/><G14/><RYUUKYOKU ba="0,0" sc="250,15,250,15,250,-15,250,-15" hai0="24,25,26,109,110,120,121" hai1="5,7,88,92" /><INIT seed="0,1,0,3,0,31" ten="265,265,235,235" oya="0" hai0="71,110,5,22,50,16,56,119,74,94,126,111,46" hai1="52,64,12,29,122,36,121,100,135,101,80,35,61" hai2="105,42,57,107,82,8,53,10,106,113,45,0,41" hai3="67,7,19,43,49,91,30,124,69,92,58,118,2"/><T89/><D119/><U1/><E1/><V28/><F113/><W90/><G118/><T54/><D74/><U37/><E135/><V14/><F0/><W95/><G124/><T77/><D71/><U115/><E12/><V98/><F28/><W65/><G69/><T6/><D77/><U55/><E115/><V17/><F82/><W128/><G30/><T132/><D132/><U117/><E117/><V123/><F123/><W130/><G19/><T24/><D126/><U83/><E29/><V125/><F125/><W131/><G7/><T20/><D20/><U51/><E51/><V103/><F10/><W96/><G2/><T102/><D102/><U112/><E112/><V85/><F85/><W78/><G78/><T93/><D93/><U44/><E44/><V66/><F66/><W120/><G120/><T104/><D104/><U38/><E38/><V114/><F114/><W97/><REACH who="3" step="1"/><G43/><REACH who="3" ten="265,265,235,225" step="2"/><T68/><D68/><U134/><E134/><V60/><REACH who="2" step="1"/><F41/><REACH who="2" ten="265,265,225,225" step="2"/><W33/><G33/><T81/><D5/><U63/><E35/><V79/><F79/><W75/><G75/><T76/><D6/><U25/><E122/><V87/><F87/><W133/><G133/><T13/><D76/><U34/><E34/><V18/><F18/><W3/><G3/><T70/><D16/><U116/><E121/><V27/><F27/><W9/><G9/><T73/><D73/><U21/><E116/><V26/><F26/><W127/><G127/><T11/><D24/><U48/><E25/><V72/><F72/><W47/><G47/><T40/><D46/><U32/><E32/><RYUUKYOKU ba="1,2" sc="265,-15,265,-15,225,15,225,15" hai2="8,14,17,42,45,53,57,60,98,103,105,106,107" hai3="49,58,65,67,90,91,92,95,96,97,128,130,131" /><INIT seed="1,2,2,0,0,6" ten="250,250,240,240" oya="1" hai0="4,47,59,63,75,17,42,24,37,32,112,56,21" hai1="22,35,57,3,26,29,38,109,120,36,19,131,127" hai2="95,117,50,98,82,1,107,64,93,92,41,81,101" hai3="90,7,44,118,97,103,106,122,100,121,34,110,12"/><U85/><E120/><V0/><F117/><W111/><G34/><T96/><D112/><U16/><E3/><V126/><F126/><W53/><G118/><T15/><D75/><U74/><E74/><V102/><F64/><W72/><G72/><T114/><D114/><U108/><E127/><V116/><F116/><W27/><G103/><N who="2" m="39433" /><F0/><W43/><G53/><T88/><D32/><U45/><E131/><V40/><F1/><W69/><G69/><T51/><D37/><U8/><E57/><V125/><F125/><W9/><G90/><T77/><D77/><U25/><E85/><V31/><F107/><W119/><G27/><T87/><D96/><U113/><E113/><V10/><F98/><W33/><G33/><T30/><D63/><U79/><E79/><V76/><F31/><W66/><G66/><T123/><D123/><U70/><E70/><V128/><F128/><W91/><G91/><T99/><D99/><U28/><E45/><N who="2" m="25895" /><F41/><W78/><G78/><T52/><D42/><U49/><E49/><V104/><F104/><W54/><G54/><T134/><D134/><U80/><E80/><N who="2" m="30827" /><F76/><W67/><G67/><T68/><D68/><U132/><E132/><V60/><F60/><W20/><G119/><T86/><D30/><U73/><E73/><V105/><F105/><W83/><G83/><N who="0" m="49247" /><D87/><U39/><REACH who="1" step="1"/><E28/><REACH who="1" ten="250,240,240,240" step="2"/><V94/><F94/><W5/><G121/><T61/><D61/><U2/><E2/><V13/><F95/><W130/><G122/><T58/><D47/><U115/><E115/><V71/><F71/><W133/><G130/><T89/><D89/><RYUUKYOKU ba="2,3" sc="250,10,240,10,240,10,240,-30" hai0="4,15,17,21,24,51,52,56,58,59" hai1="8,16,19,22,25,26,29,35,36,38,39,108,109" hai2="10,13,92,93" /><INIT seed="1,3,3,4,1,1" ten="260,250,250,210" oya="1" hai0="90,50,58,104,28,96,29,23,46,69,3,112,2" hai1="88,124,101,86,74,63,133,53,21,117,95,84,44" hai2="11,4,107,122,41,33,52,78,6,83,40,123,7" hai3="16,12,125,103,60,73,20,121,130,91,129,18,27"/><U9/><E117/><V68/><F107/><W38/><G121/><T31/><D69/><U51/><E74/><V15/><F33/><W110/><G110/><T99/><D112/><U100/><E124/><V113/><F68/><W71/><G125/><T89/><D58/><N who="1" m="35279" /><E133/><V5/><F113/><W81/><G38/><T98/><D104/><U43/><E9/><V118/><F118/><W65/><G103/><N who="1" m="39498" /><E21/><V49/><F122/><W37/><G37/><T66/><D66/><U108/><E108/><V109/><F123/><W25/><G25/><T116/><D116/><U111/><E111/><V54/><F109/><W92/><G81/><T114/><D114/><U36/><E36/><V45/><REACH who="2" step="1"/><F54/><REACH who="2" ten="260,250,240,210" step="2"/><W135/><G135/><T14/><D2/><U120/><E120/><V134/><F134/><W35/><G35/><T8/><D3/><U24/><E24/><V47/><F47/><W22/><REACH who="3" step="1"/><G73/><AGARI ba="3,4" hai="4,5,6,7,11,15,40,41,45,49,52,73,78,83" machi="73" ten="40,12000,2" yaku="1,1,52,4,54,1,53,1" doraHai="1" doraHaiUra="106" who="2" fromWho="3" sc="260,0,250,0,240,169,210,-129" /><INIT seed="2,0,0,5,2,93" ten="260,250,409,81" oya="2" hai0="120,40,108,101,2,50,35,38,126,78,60,131,7" hai1="46,27,45,110,75,37,80,47,91,15,94,89,66" hai2="99,97,4,54,119,79,111,65,32,106,19,13,18" hai3="49,43,81,6,33,12,123,88,14,124,132,117,118"/><V125/><F119/><W103/><G123/><T48/><D35/><U41/><E110/><V53/><F32/><W130/><G33/><T64/><D120/><U92/><E27/><V1/><F1/><W28/><G28/><T23/><D108/><U52/><E66/><V102/><F111/><W24/><G24/><T98/><D131/><U67/><E67/><V122/><F125/><W87/><G130/><T96/><D126/><U71/><E71/><V21/><F79/><W9/><G132/><T36/><D78/><U109/><E109/><V107/><F4/><W113/><G124/><T84/><D84/><U55/><E15/><V76/><F76/><W34/><G34/><T68/><D23/><U133/><E80/><V86/><F86/><W82/><G113/><T134/><D134/><U129/><E75/><V62/><F19/><W114/><G114/><T104/><D98/><N who="1" m="57615" /><E129/><V128/><F122/><W77/><G103/><T59/><D48/><N who="1" m="26671" /><E133/><V63/><F128/><W70/><G70/><T90/><D90/><U83/><E37/><V11/><F11/><W73/><REACH who="3" step="1"/><G14/><REACH who="3" ten="260,250,409,71" step="2"/><T22/><D101/><U10/><E83/><V5/><F13/><W44/><AGARI ba="0,1" hai="6,9,12,43,44,49,73,77,81,82,87,88,117,118" machi="44" ten="30,7900,0" yaku="1,1,2,1,0,1,54,1,53,0" doraHai="93" doraHaiUra="16" who="3" fromWho="3" sc="260,-20,250,-20,409,-39,71,89" /><INIT seed="3,0,0,0,1,121" ten="240,230,370,160" oya="3" hai0="19,9,99,24,13,96,30,79,102,69,94,71,54" hai1="43,118,0,117,115,134,100,31,106,46,127,116,132" hai2="84,51,61,20,104,109,42,65,91,83,95,38,59" hai3="17,57,110,10,32,113,82,56,73,40,124,1,8"/><W47/><G113/><T122/><D122/><U114/><E127/><V125/><F109/><W107/><G32/><T23/><D79/><U86/><E0/><V85/><F104/><W93/><G107/><T97/><D97/><N who="1" m="61711" /><E86/><V49/><F38/><N who="3" m="21911" /><G124/><T66/><D66/><U41/><E31/><V135/><F20/><W90/><G10/><T87/><D87/><U36/><E41/><V112/><F85/><N who="3" m="52431" /><G17/><T63/><D96/><U120/><E120/><V39/><F95/><W81/><G81/><T6/><D63/><U123/><E123/><V62/><F51/><W3/><G3/><T26/><D54/><U133/><AGARI ba="0,0" hai="36,43,46,114,115,116,117,118,132,133,134" m="61711" machi="133" ten="40,5200,0" yaku="12,1,20,1,23,1" doraHai="121" who="1" fromWho="1" sc="240,-13,230,52,370,-13,160,-26" owari="227,-17.3,282,8.2,357,45.7,134,-36.6" /></mjloggm>