<mjloggm ver="2.3"><GO type="225" lobby="0"/><UN n0="%48%61%61%61%6C%61%6E%64" n1="%73%7A%2E%64%31" n2="%E9%80%9F%E6%B0%B4%E5%87%9B%E9%A6%99" n3="%E3%81%8F%E3%82%8A%E3%83%94%E3%83%BC" dan="17,16,16,16" rate="2164.39,2112.62,2119.11,2093.48" sx="M,M,F,M"/><TAIKYOKU oya="0"/><INIT seed="0,0,0,4,4,30" ten="250,250,250,250" oya="0" hai0="113,12,126,35,15,98,104,9,62,38,112,6,25" hai1="20,85,16,7,122,129,31,2,75,18,69,14,130" hai2="28,111,8,53,11,92,54,3,89,46,106,125,101" hai3="58,10,128,84,116,29,77,66,103,82,73,1,88"/><T65/><D38/><U95/><E75/><V45/><F111/><W23/><G128/><N who="1" m="49258" /><E69/><V81/><F125/><W4/><G116/><T56/><D126/><U51/><E51/><V27/><F3/><W127/><G127/><T55/><D15/><N who="1" m="9311" /><E85/><V99/><F81/><W50/><G103/><T26/><D112/><U79/><E79/><V42/><F42/><W123/><G123/><T105/><D113/><U133/><E95/><V110/><F110/><W93/><G29/><T121/><D121/><U131/><N who="1" m="49266" /><U94/><DORA hai="21" /><E94/><V43/><F43/><W37/><G37/><T96/><D104/><U119/><E122/><V32/><F46/><W49/><REACH who="3" step="1"/><G23/><REACH who="3" ten="250,250,250,240" step="2"/><T70/><D105/><U132/><E119/><V63/><F45/><W59/><G59/><T33/><D33/><U102/><E102/><V115/><F115/><W41/><G41/><T124/><D124/><U107/><E31/><V120/><F120/><W34/><G34/><T80/><D35/><U22/><E107/><V71/><F106/><W44/><G44/><T74/><D56/><U39/><E39/><V83/><F101/><W76/><G76/><T68/><D68/><U118/><E118/><V135/><F32/><W5/><G5/><T40/><D40/><U91/><E91/><V78/><F89/><W60/><AGARI ba="0,1" hai="1,4,10,49,50,58,60,66,73,77,82,84,88,93" machi="60" ten="30,7900,0" yaku="1,1,0,1,54,1,53,1" doraHai="30,21" doraHaiUra="86,36" who="3" fromWho="3" sc="250,-39,250,-20,250,-20,240,89" /><INIT seed="1,0,0,2,3,124" ten="211,230,230,329" oya="1" hai0="25,55,22,133,82,70,12,94,117,45,19,51,84" hai1="63,74,27,92,105,24,131,29,112,96,93,2,102" hai2="41,13,65,126,121,127,1,46,68,8,116,49,42" hai3="106,87,33,36,101,67,4,53,76,39,111,44,32"/><U38/><E112/><V17/><F121/><W132/><G111/><T0/><D0/><U123/><E123/><V16/><F116/><W72/><G67/><T9/><D117/><U103/><E2/><V119/><F119/><W20/><G4/><T50/><D70/><U28/><E38/><V104/><F104/><W122/><G72/><T15/><D133/><U66/><E74/><V130/><F130/><W7/><G7/><T89/><D50/><U129/><E102/><V10/><F42/><W99/><G132/><T34/><D34/><N who="1" m="20743" /><E92/><V115/><F115/><W21/><G21/><T35/><D35/><N who="1" m="20927" /><E93/><V77/><F77/><W108/><G33/><T30/><REACH who="0" step="1"/><D15/><REACH who="0" ten="201,230,230,329" step="2"/><U57/><E57/><V114/><F1/><W128/><G32/><T11/><D11/><U109/><E109/><V90/><F114/><W83/><G36/><T56/><D56/><U26/><E26/><V97/><F8/><W69/><G39/><T43/><D43/><U52/><E52/><V107/><F127/><W135/><G53/><T100/><D100/><U5/><E5/><V3/><F126/><W31/><G101/><T81/><AGARI ba="0,1" hai="9,12,19,22,25,30,45,51,55,81,82,84,89,94" machi="81" ten="30,7900,0" yaku="1,1,0,1,8,1,53,1" doraHai="124" doraHaiUra="88" who="0" fromWho="0" sc="201,89,230,-39,230,-20,329,-20" /><INIT seed="2,0,0,4,5,122" ten="290,191,210,309" oya="2" hai0="48,31,128,98,37,59,22,80,54,134,123,67,125" hai1="86,15,135,60,113,46,104,84,107,133,85,64,20" hai2="43,95,21,117,97,61,14,68,23,66,32,38,103" hai3="126,5,34,101,1,108,130,47,131,127,49,69,36"/><V76/><F32/><W77/><G36/><T50/><D123/><U3/><E3/><V53/><F117/><W13/><G1/><T72/><D37/><U58/><E46/><V91/><F76/><W57/><G69/><T82/><D125/><N who="3" m="47625" /><G34/><T121/><D121/><U111/><E113/><V93/><F43/><W88/><G101/><T39/><D39/><U10/><E20/><V81/><F38/><W62/><G77/><T17/><D128/><U27/><E27/><V87/><F53/><N who="3" m="34095" /><G108/><T30/><D134/><U99/><E111/><V0/><F0/><W41/><G88/><T63/><D98/><U70/><E70/><V79/><REACH who="2" step="1"/><F14/><REACH who="2" ten="290,191,200,309" step="2"/><W16/><G5/><T118/><D118/><U25/><E25/><V83/><F83/><N who="0" m="31786" /><D72/><AGARI ba="0,1" hai="21,23,61,66,68,72,79,81,87,91,93,95,97,103" machi="72" ten="30,2900,0" yaku="1,1,7,1,53,0" doraHai="122" doraHaiUra="12" who="2" fromWho="0" sc="290,-29,191,0,200,39,309,0" /><INIT seed="2,1,0,4,5,73" ten="261,191,239,309" oya="2" hai0="92,80,134,15,84,28,82,67,101,126,43,64,112" hai1="0,44,24,12,135,4,54,34,70,9,124,17,95" hai2="106,58,76,78,52,40,7,45,10,113,116,60,46" hai3="22,69,62,127,108,11,61,96,122,98,129,132,103"/><V8/><F106/><W42/><G122/><T68/><D112/><U72/><E72/><V5/><F113/><W39/><G108/><T63/><D126/><U111/><E70/><V133/><F116/><W51/><G39/><T19/><D134/><U33/><E111/><V93/><F133/><W104/><G129/><T115/><D115/><U90/><E135/><V121/><F121/><W109/><G109/><T31/><D43/><U13/><E124/><V100/><F8/><W123/><G123/><T47/><D47/><N who="2" m="17930" /><F40/><W21/><G51/><T97/><D64/><U130/><E130/><V59/><F59/><W65/><G42/><T27/><D27/><U6/><E44/><V120/><F120/><W99/><G11/><T26/><D26/><U55/><E55/><V74/><F74/><W38/><G38/><T89/><D82/><U16/><E54/><V57/><F57/><W83/><G83/><T3/><D3/><U102/><E102/><V87/><F10/><AGARI ba="1,0" hai="10,15,19,28,31,63,67,68,80,84,89,92,97,101" machi="10" ten="30,1000,0" yaku="7,1" doraHai="73" who="0" fromWho="2" sc="261,13,191,0,239,-13,309,0" /><INIT seed="3,0,0,3,1,105" ten="274,191,226,309" oya="3" hai0="71,98,61,80,0,133,19,47,106,86,52,130,29" hai1="115,51,114,2,76,36,23,91,120,6,85,89,84" hai2="65,5,35,90,135,9,28,30,70,110,127,4,25" hai3="48,78,55,16,3,14,32,39,128,72,111,21,94"/><W117/><G39/><T11/><D130/><U24/><E120/><V77/><F110/><W62/><G3/><T132/><D29/><U10/><E36/><V126/><F65/><W103/><G32/><T46/><D106/><U131/><E76/><V81/><F70/><W119/><G128/><T42/><D98/><U112/><E131/><V40/><F40/><W124/><G124/><N who="2" m="47657" /><F90/><W59/><G111/><T68/><D68/><U17/><E51/><V107/><F107/><W66/><G103/><T63/><D71/><U87/><REACH who="1" step="1"/><E89/><REACH who="1" ten="274,181,226,309" step="2"/><V7/><F135/><W13/><G78/><T12/><D132/><U101/><E101/><V118/><F118/><W92/><G117/><T88/><D133/><U57/><E57/><V31/><F9/><W1/><G48/><N who="0" m="28695" /><D0/><U116/><E116/><V100/><F100/><W82/><G59/><T125/><D125/><U43/><E43/><V95/><F95/><W15/><G94/><T99/><D99/><U108/><E108/><V56/><F56/><W20/><G92/><T8/><D11/><U53/><E53/><V73/><AGARI ba="0,1" hai="4,5,7,25,28,30,31,35,73,77,81" m="47657" machi="73" ten="30,2000,0" yaku="18,1,52,1" doraHai="105" who="2" fromWho="2" sc="274,-5,181,-5,226,30,309,-10" /><INIT seed="4,0,0,1,2,13" ten="269,176,256,299" oya="0" hai0="35,103,130,66,30,68,132,135,122,2,54,119,108" hai1="61,69,90,75,134,114,46,31,109,8,38,6,65" hai2="86,49,87,123,44,84,105,80,85,29,81,55,9" hai3="17,62,94,99,32,1,14,51,33,124,118,127,97"/><T50/><D119/><U10/><E109/><V83/><F105/><W128/><G1/><T36/><D2/><U72/><E134/><V25/><F123/><W110/><G110/><T58/><D108/><U37/><E8/><V120/><F120/><W82/><G128/><T26/><D122/><U42/><E114/><V4/><N who="2" m="21504" /><DORA hai="28" /><V116/><F116/><W78/><G51/><T21/><D130/><U71/><E90/><V131/><F131/><W89/><G99/><T133/><D36/><U91/><E91/><V40/><F40/><W93/><G93/><T34/><D103/><U113/><E113/><V126/><F126/><N who="3" m="48171" /><G62/><AGARI ba="0,0" hai="21,26,30,34,35,50,54,58,62,66,68,132,133,135" machi="62" ten="40,7700,0" yaku="20,1,52,2" doraHai="13,28" who="0" fromWho="3" sc="269,77,176,0,256,0,299,-77" owari="346,44.6,176,-32.4,256,5.6,222,-17.8" /></mjloggm>