<mjloggm ver="2.3"><GO type="225" lobby="0"/><UN n0="%72%61%6B%33" n1="%73%69%72%6F%75%74" n2="%43%68%65" n3="%E3%81%AF%E3%82%88%E3%81%8A%E3%81%98%E3%81%95%E3%82%93" dan="17,16,16,16" rate="2312.17,2132.76,2158.84,2162.00" sx="M,M,M,M"/><TAIKYOKU oya="0"/><INIT seed="0,0,0,3,2,97" ten="250,250,250,250" oya="0" hai0="133,83,98,109,42,122,26,8,17,48,119,86,11" hai1="91,127,102,77,120,22,81,105,90,37,125,30,65" hai2="78,87,67,10,29,118,80,38,16,95,62,110,43" hai3="106,103,46,14,59,115,63,94,19,7,101,55,13"/><T25/><D119/><U69/><E37/><V74/><F118/><W84/><G115/><T134/><D122/><U99/><E69/><V70/><F110/><W6/><G106/><T34/><D109/><U88/><E65/><V3/><F29/><W44/><G84/><T79/><D34/><U52/><E52/><V33/><F33/><W111/><G111/><T130/><D130/><U51/><E51/><V24/><F87/><W36/><G94/><T82/><D82/><U39/><E39/><V124/><F124/><N who="1" m="47689" /><E30/><V114/><F114/><W96/><G96/><T31/><D31/><U18/><E120/><V50/><F50/><W28/><G28/><T104/><D42/><U40/><E40/><V21/><F95/><W66/><G36/><T107/><D48/><U53/><E53/><V128/><F128/><W76/><G76/><T85/><D83/><U123/><E123/><V49/><F49/><N who="3" m="29095" /><G46/><T54/><D54/><U116/><E116/><V121/><F121/><W92/><G92/><T93/><D79/><U135/><E135/><V100/><F43/><W64/><G66/><T129/><D129/><U71/><E71/><V20/><F38/><W27/><G27/><T41/><D41/><U23/><E18/><V73/><F73/><AGARI ba="0,0" hai="22,23,73,77,81,88,90,91,99,102,105" m="47689" machi="73" ten="30,3900,0" yaku="18,1,52,1,54,1" doraHai="97" who="1" fromWho="2" sc="250,0,250,39,250,-39,250,0" /><INIT seed="1,0,0,4,0,113" ten="250,289,211,250" oya="1" hai0="61,71,2,1,64,133,56,118,27,42,68,17,41" hai1="29,52,78,13,33,130,103,9,75,55,96,127,120" hai2="57,90,60,102,82,114,11,21,14,91,104,8,47" hai3="119,34,100,66,124,23,43,131,36,32,59,101,15"/><U35/><E120/><V19/><F114/><W28/><G124/><T79/><D79/><U63/><E127/><V84/><F104/><W77/><G131/><T40/><D133/><U76/><E130/><V111/><F111/><W70/><G70/><T94/><D94/><U37/><E37/><V31/><F102/><W115/><G115/><T116/><D71/><U25/><E33/><V53/><F31/><W112/><G112/><T46/><D68/><U5/><E63/><V67/><REACH who="2" step="1"/><F91/><REACH who="2" ten="250,289,201,250" step="2"/><W65/><G28/><T134/><D134/><U98/><E103/><V93/><F93/><W132/><G132/><T105/><D105/><U128/><E128/><V39/><F39/><W69/><G36/><T18/><D46/><U16/><E76/><V95/><F95/><W92/><G92/><T3/><REACH who="0" step="1"/><D27/><REACH who="0" ten="240,289,201,250" step="2"/><U12/><E78/><V106/><F106/><W126/><G77/><T45/><D45/><U80/><E80/><V72/><F72/><W125/><G126/><T88/><D88/><U86/><E75/><V81/><F81/><W50/><G125/><T6/><D6/><U83/><E83/><V74/><F74/><W129/><G129/><T24/><D24/><U123/><E25/><V10/><F10/><W4/><G4/><T110/><D110/><U44/><E9/><V22/><F22/><W135/><G23/><T7/><D7/><U49/><E5/><V89/><F89/><W122/><G135/><T73/><D73/><U54/><E35/><N who="3" m="13354" /><G101/><T87/><D87/><U48/><E86/><V99/><F99/><W38/><G100/><T85/><D85/><RYUUKYOKU ba="0,2" sc="240,15,289,-15,201,15,250,-15" hai0="1,2,3,17,18,40,41,42,56,61,64,116,118" hai2="8,11,14,19,21,47,53,57,60,67,82,84,90" /><INIT seed="2,1,2,2,5,48" ten="255,274,216,235" oya="2" hai0="102,7,38,13,0,54,88,5,30,122,118,100,132" hai1="85,9,107,106,82,70,104,26,113,63,55,91,58" hai2="121,39,71,16,28,37,69,115,108,14,44,103,87" hai3="1,98,18,4,123,86,15,97,20,61,93,53,133"/><V51/><F115/><W124/><G123/><T134/><D122/><U24/><E113/><V77/><F121/><W131/><G124/><T109/><D0/><U29/><E70/><V8/><F71/><W89/><G131/><T33/><D38/><U83/><E9/><V117/><F117/><W43/><G133/><T10/><D5/><U65/><E82/><V135/><F135/><N who="0" m="51754" /><D109/><U116/><E116/><V32/><F69/><W41/><G1/><T47/><D118/><U94/><E65/><V67/><F67/><W45/><G4/><T11/><D11/><U112/><E112/><V95/><F108/><W84/><G84/><T52/><D88/><U66/><E66/><V3/><F3/><W72/><G72/><T27/><D47/><U34/><E24/><V75/><F75/><W90/><G98/><T17/><D7/><U64/><E64/><V96/><F77/><W120/><G120/><T50/><D50/><U49/><E49/><V59/><F59/><N who="3" m="35055" /><G45/><T73/><D73/><U105/><E105/><V78/><F78/><W129/><G129/><T99/><D102/><U92/><AGARI ba="1,2" hai="26,29,34,55,58,63,83,85,91,92,94,104,106,107" machi="92" ten="40,2700,0" yaku="0,1,52,1" doraHai="48" who="1" fromWho="1" sc="255,-8,274,50,216,-14,235,-8" /><INIT seed="3,0,0,1,4,40" ten="247,324,202,227" oya="3" hai0="64,114,43,132,125,112,74,29,10,96,111,50,97" hai1="107,52,85,6,26,72,9,121,35,86,126,7,3" hai2="95,46,119,127,30,94,133,23,16,122,76,82,36" hai3="131,57,8,101,28,120,14,5,42,4,62,27,45"/><W41/><G120/><T25/><D74/><U20/><E121/><V67/><F122/><W53/><G131/><T106/><D111/><U66/><E72/><V2/><F119/><W12/><G101/><T63/><D125/><U75/><E75/><V51/><F36/><W118/><G118/><T100/><D97/><U71/><E107/><V110/><F2/><W79/><G79/><T80/><D80/><U61/><E126/><V18/><F127/><W129/><G129/><T38/><D10/><U108/><E108/><V84/><F110/><W88/><G88/><T99/><D99/><U128/><E128/><V109/><F109/><W93/><G93/><N who="2" m="35337" /><F67/><W98/><G98/><T56/><D38/><U58/><E7/><V22/><F133/><W59/><G59/><T83/><D83/><U77/><E77/><V102/><F102/><W81/><G81/><T54/><D43/><U55/><E55/><N who="2" m="30199" /><F23/><N who="3" m="15487" /><G45/><T103/><D103/><U70/><E70/><V73/><F73/><W68/><G68/><N who="0" m="42015" /><D132/><U123/><E123/><V134/><F134/><W69/><G69/><T19/><D106/><U1/><E1/><V15/><F30/><W24/><G24/><T105/><D29/><U65/><E65/><V60/><F60/><W17/><G4/><T37/><D37/><U13/><E3/><V34/><F34/><W21/><AGARI ba="0,0" hai="5,8,12,14,17,21,41,42,53,57,62" m="15487" machi="21" ten="30,1500,0" yaku="8,1" doraHai="40" who="3" fromWho="3" sc="247,-5,324,-5,202,-5,227,15" /><INIT seed="3,1,0,3,3,52" ten="242,319,197,242" oya="3" hai0="134,30,29,48,78,66,41,46,95,125,100,44,80" hai1="40,42,53,51,7,89,23,39,129,97,98,114,104" hai2="118,4,101,33,82,64,135,115,25,54,102,3,60" hai3="116,35,31,14,20,99,57,6,105,133,76,108,75"/><W113/><G116/><T127/><D134/><U103/><E114/><V94/><F115/><W26/><G113/><T17/><D66/><U12/><E39/><V11/><F118/><W27/><G133/><T73/><D17/><U83/><E129/><V131/><F131/><W58/><G108/><T121/><D121/><U130/><E130/><V106/><F106/><W88/><G75/><T43/><D95/><U28/><E98/><V47/><F135/><W67/><G76/><T107/><D100/><U22/><E89/><V10/><F10/><N who="3" m="4439" /><G35/><T96/><D96/><U91/><E91/><V34/><F82/><W74/><G74/><T0/><D0/><U69/><E83/><V65/><F34/><W119/><G105/><T5/><D5/><U68/><E68/><V50/><F94/><N who="3" m="56775" /><G119/><T84/><D73/><U1/><E69/><V124/><F124/><N who="0" m="47690" /><D107/><U90/><E1/><V45/><F45/><W55/><G67/><T70/><D70/><U128/><E128/><V62/><F65/><W123/><G123/><T110/><D110/><U16/><E7/><V81/><F81/><W72/><G72/><T117/><D117/><U19/><E104/><V13/><F3/><W56/><G26/><T132/><D132/><U8/><E103/><V126/><F126/><W109/><G109/><T21/><D21/><U120/><E22/><V61/><F64/><W112/><G112/><T18/><D78/><U122/><E120/><V86/><F86/><W85/><G85/><T38/><D84/><U111/><E122/><V24/><F33/><W15/><G15/><T71/><D71/><RYUUKYOKU ba="1,0" sc="242,-15,319,-15,197,15,242,15" hai2="4,11,13,24,25,47,50,54,60,61,62,101,102" hai3="20,27,31,55,56,57,58" /><INIT seed="3,2,0,3,2,114" ten="227,304,212,257" oya="3" hai0="57,30,41,82,6,59,23,94,35,22,14,8,118" hai1="58,112,13,79,45,124,86,103,87,56,97,40,110" hai2="29,34,130,83,37,90,134,43,60,99,3,116,2" hai3="76,54,129,73,38,91,64,63,77,104,131,70,61"/><W15/><G104/><T92/><D118/><U123/><E110/><V17/><F116/><W71/><G38/><T52/><D35/><U36/><E123/><V133/><F130/><N who="3" m="49675" /><G73/><T69/><D69/><U24/><E112/><V135/><F60/><W88/><G15/><T122/><D122/><U31/><E124/><V65/><F65/><N who="3" m="41263" /><G54/><T100/><D41/><U44/><E13/><V1/><F43/><W10/><G10/><T98/><D59/><U42/><E58/><V33/><F37/><W75/><G75/><T95/><D82/><U51/><E56/><V32/><F83/><W28/><G28/><T121/><D121/><U111/><E79/><AGARI ba="2,0" hai="63,64,71,76,77,79,88,91" m="41263,49675" machi="79" ten="30,2900,0" yaku="19,1,54,1" doraHai="114" who="3" fromWho="1" sc="227,0,304,-35,212,0,257,35" /><INIT seed="3,3,0,3,5,32" ten="227,269,212,292" oya="3" hai0="122,86,91,49,98,88,7,74,133,69,70,90,111" hai1="30,15,108,36,123,93,31,82,78,55,59,124,61" hai2="79,46,47,77,103,19,34,27,1,41,101,62,99" hai3="45,52,125,71,89,126,134,100,33,84,66,92,17"/><W102/><G33/><T110/><D74/><U116/><E108/><N who="0" m="41513" /><D122/><U129/><E36/><V135/><F1/><W96/><G134/><T24/><D133/><U5/><E123/><V119/><F119/><W23/><G66/><T18/><D86/><N who="1" m="48471" /><E129/><V48/><F135/><W26/><G71/><N who="0" m="27147" /><D49/><U54/><E124/><N who="3" m="47722" /><G84/><T57/><D57/><N who="1" m="34999" /><E116/><V128/><F128/><W94/><G92/><N who="0" m="56599" /><D7/><U121/><E93/><V73/><F73/><W97/><G96/><T37/><D37/><U105/><E105/><V20/><F34/><W51/><AGARI ba="3,0" hai="17,23,26,45,51,52,89,94,97,100,102" m="47722" machi="51" ten="30,3000,0" yaku="18,1,54,1" doraHai="32" who="3" fromWho="3" sc="227,-13,269,-13,212,-13,292,39" owari="214,-18.6,256,5.6,199,-30.1,331,43.1" /></mjloggm>