<mjloggm ver="2.3"><GO type="225" lobby="0"/><UN n0="%E6%80%AA%E3%81%97%E3%81%99%E3%81%8E%E3%82%8B%E3%83%81%E3%83%BC" n1="%E3%81%AF%E3%82%88%E3%81%8A%E3%81%98%E3%81%95%E3%82%93" n2="%73%6C%69%63%6B%33%31%39" n3="%E3%83%AD%E3%83%83%E3%83%86%E9%9B%80%E7%90%83" dan="16,16,16,17" rate="2173.17,2125.96,2187.02,2178.60" sx="M,M,M,M"/><TAIKYOKU oya="0"/><INIT seed="0,0,0,3,4,93" ten="250,250,250,250" oya="0" hai0="9,1,7,58,14,28,87,47,69,39,102,109,70" hai1="68,19,27,51,67,101,80,45,129,24,33,0,62" hai2="59,130,108,12,98,4,38,114,63,29,34,15,125" hai3="30,60,11,54,17,88,23,21,121,107,118,16,78"/><T56/><D109/><U43/><E129/><V32/><F114/><W128/><G118/><T91/><D102/><U41/><E0/><V134/><F38/><W8/><G107/><T115/><D115/><U61/><E33/><V53/><F108/><W124/><G124/><T132/><D132/><U76/><E41/><V64/><F125/><W46/><G78/><T50/><D28/><U77/><E77/><V119/><F130/><W99/><G121/><T123/><D1/><U36/><E62/><V42/><F42/><W97/><G30/><T81/><D123/><U74/><E19/><N who="3" m="7242" /><G128/><T105/><D105/><U112/><E112/><V79/><F134/><W65/><G65/><T3/><D3/><U25/><REACH who="1" step="1"/><E101/><REACH who="1" ten="250,240,250,250" step="2"/><V127/><F79/><W22/><G60/><T66/><D39/><AGARI ba="0,1" hai="24,25,27,36,39,43,45,51,61,67,68,74,76,80" machi="39" ten="40,5200,0" yaku="1,1,2,1,53,1" doraHai="93" doraHaiUra="73" who="1" fromWho="0" sc="250,-52,240,62,250,0,250,0" /><INIT seed="1,0,0,3,1,70" ten="198,302,250,250" oya="1" hai0="69,66,4,105,6,49,8,14,40,33,11,101,36" hai1="72,102,59,98,38,96,94,112,15,126,52,3,109" hai2="43,35,68,12,55,99,21,27,107,122,62,13,104" hai3="25,45,73,121,115,26,0,56,117,51,30,28,103"/><U29/><E112/><V44/><F122/><W77/><G115/><T23/><D33/><U93/><E3/><V10/><F35/><W108/><G121/><T64/><D23/><U76/><E126/><V71/><F12/><W16/><G0/><T53/><D69/><U132/><E132/><V34/><F34/><W58/><G108/><T39/><D101/><U91/><E109/><V125/><F125/><W22/><G117/><T50/><D105/><U19/><E29/><N who="3" m="11370" /><G73/><T48/><D40/><U1/><E1/><V18/><F68/><W61/><G77/><T79/><D79/><U2/><E2/><V134/><F134/><W65/><G103/><T127/><D53/><U67/><E67/><N who="0" m="25641" /><D127/><U85/><E72/><V83/><F71/><W82/><G82/><T130/><D14/><U133/><E133/><V7/><F99/><W118/><G118/><T75/><D130/><U87/><E38/><N who="0" m="14377" /><D75/><U37/><E37/><V32/><F32/><W97/><G97/><T106/><D106/><U95/><E94/><V84/><F55/><N who="3" m="30191" /><G58/><T60/><D60/><N who="1" m="35943" /><E76/><N who="2" m="46183" /><F62/><W110/><G110/><T41/><D41/><U17/><E17/><V113/><F113/><W47/><G47/><T54/><D54/><U111/><E111/><V92/><F92/><W120/><G120/><T46/><D46/><U90/><E102/><V74/><F74/><W81/><G81/><T5/><AGARI ba="0,0" hai="4,5,6,8,11,48,49,50" m="14377,25641" machi="5" ten="40,8000,1" yaku="28,2,52,3" doraHai="70" who="0" fromWho="0" sc="198,80,302,-40,250,-20,250,-20" /><INIT seed="2,0,0,3,3,52" ten="278,262,230,230" oya="2" hai0="19,54,28,116,79,49,64,84,108,8,126,42,120" hai1="13,134,30,96,61,87,6,105,133,44,36,4,73" hai2="58,85,48,121,50,117,2,92,131,89,69,124,95" hai3="93,47,39,37,112,1,20,107,12,23,103,68,31"/><V78/><F117/><W46/><G107/><T97/><D120/><U11/><E73/><V32/><F121/><W114/><G1/><T0/><D116/><U10/><E30/><V86/><F69/><W83/><G68/><T72/><D108/><U100/><E87/><V122/><F122/><W115/><G83/><T66/><D126/><U106/><E105/><V15/><F2/><W101/><G31/><T7/><D42/><U16/><E61/><V111/><F32/><W9/><G93/><T110/><D72/><U80/><E80/><N who="2" m="47255" /><F124/><W118/><G118/><T60/><D28/><U94/><E106/><V67/><F131/><W113/><N who="3" m="28672" /><DORA hai="70" /><W123/><G123/><T3/><D3/><U128/><E128/><V5/><F95/><W90/><G90/><T119/><D110/><U55/><E55/><V76/><F76/><W135/><G135/><N who="1" m="51722" /><E11/><N who="2" m="4591" /><F111/><W24/><G103/><T130/><D119/><U125/><E125/><V29/><F29/><N who="3" m="17543" /><G101/><T127/><D130/><U81/><E81/><V74/><F74/><W34/><G34/><T25/><D127/><U65/><E65/><V18/><F18/><N who="3" m="10695" /><G9/><T35/><D8/><U41/><AGARI ba="0,0" hai="4,6,10,13,16,36,41,44,94,96,100" m="51722" machi="41" ten="30,4000,0" yaku="20,1,52,1,54,1" doraHai="52,70" who="1" fromWho="1" sc="278,-10,262,40,230,-20,230,-10" /><INIT seed="3,0,0,3,5,103" ten="268,302,210,220" oya="3" hai0="33,86,131,24,130,111,9,115,51,79,135,133,0" hai1="36,85,60,124,5,8,93,76,22,47,25,16,59" hai2="95,15,70,125,84,64,92,116,94,66,113,37,88" hai3="35,75,119,65,69,17,40,39,42,10,123,13,18"/><W134/><G123/><T90/><D79/><U102/><E124/><V61/><F116/><W129/><G119/><T19/><D111/><U54/><E36/><V55/><F113/><W72/><G35/><T110/><D110/><U104/><E104/><V67/><F125/><W96/><G129/><N who="0" m="49163" /><D51/><U32/><E32/><V100/><F37/><W99/><G134/><T82/><D115/><U7/><E47/><V62/><F70/><W74/><G39/><T50/><D50/><U3/><E3/><V71/><F71/><W29/><G29/><N who="0" m="19623" /><D19/><U48/><E48/><V126/><F126/><W78/><G78/><T46/><D46/><U20/><E8/><V108/><F108/><W77/><G77/><T128/><D128/><U26/><E76/><V43/><F43/><W105/><G18/><T11/><D0/><U132/><E132/><AGARI ba="0,0" hai="9,11,82,86,90,132,133,135" m="19623,49163" machi="132" ten="30,2000,0" yaku="20,1,19,1" doraHai="103" who="0" fromWho="1" sc="268,20,302,-20,210,0,220,0" /><INIT seed="4,0,0,4,2,33" ten="288,282,210,220" oya="0" hai0="106,86,70,126,120,13,81,52,19,35,85,14,104" hai1="5,103,6,77,28,121,17,102,8,37,113,66,119" hai2="125,62,58,47,124,48,95,99,0,112,46,74,59" hai3="54,31,21,97,78,57,131,94,80,105,129,3,98"/><T12/><D120/><U93/><E121/><V55/><F74/><W23/><G105/><T32/><D70/><U27/><E119/><V4/><F112/><W108/><G108/><T43/><D43/><U69/><E37/><V50/><F4/><W100/><G98/><T45/><D19/><U64/><E69/><V2/><F95/><W71/><G71/><T39/><D126/><N who="2" m="48746" /><F99/><W56/><G3/><N who="2" m="1065" /><F48/><W65/><G65/><AGARI ba="0,0" hai="46,47,50,55,58,59,62,65" m="1065,48746" machi="65" ten="30,7700,0" yaku="18,1,52,3" doraHai="33" who="2" fromWho="3" sc="288,0,282,0,210,77,220,-77" /><INIT seed="5,0,0,2,5,104" ten="288,282,287,143" oya="1" hai0="97,2,86,82,34,50,39,0,121,127,14,110,53" hai1="38,57,22,23,62,71,106,135,95,54,109,73,125" hai2="91,1,80,85,81,133,124,10,45,24,28,126,100" hai3="31,29,11,130,84,123,79,49,19,101,119,70,52"/><U35/><E106/><V129/><F129/><W44/><G130/><T72/><D110/><U9/><E35/><V96/><F133/><W5/><G119/><T18/><D72/><U90/><E73/><V112/><F112/><W76/><G123/><T32/><D39/><U87/><E38/><V122/><F122/><W99/><G70/><T12/><D97/><U115/><E115/><V4/><F45/><W33/><G19/><T13/><D127/><U59/><E71/><V116/><F116/><W74/><G84/><T114/><D114/><U27/><E125/><N who="2" m="48235" /><F96/><W107/><G33/><T83/><D121/><U98/><E135/><V15/><F100/><W3/><REACH who="3" step="1"/><G79/><REACH who="3" ten="288,282,287,133" step="2"/><T134/><D34/><U92/><E109/><V69/><F69/><W37/><G37/><T65/><D18/><U66/><E27/><V42/><F80/><AGARI ba="0,1" hai="3,5,11,29,31,44,49,52,74,76,80,99,101,107" machi="80" ten="40,8000,1" yaku="1,1,52,1,54,1,53,1" doraHai="104" doraHaiUra="48" who="3" fromWho="2" sc="288,0,282,0,287,-80,133,90" /><INIT seed="6,0,0,0,0,12" ten="288,282,207,223" oya="2" hai0="24,69,99,36,103,5,130,29,30,13,39,59,76" hai1="10,0,97,92,94,46,91,98,115,54,74,80,95" hai2="118,52,133,41,127,67,70,9,128,129,63,50,124" hai3="134,100,11,33,113,64,117,65,6,122,58,27,4"/><V87/><F118/><W111/><G111/><T120/><D69/><U78/><E115/><V93/><F93/><W18/><G122/><T88/><D76/><U51/><E97/><V31/><F31/><W3/><G134/><T47/><D88/><U44/><E44/><N who="2" m="27719" /><F87/><W38/><G38/><T48/><D30/><U2/><E2/><V102/><F102/><W57/><G113/><T112/><D112/><U125/><E125/><N who="2" m="48203" /><F9/><W20/><G117/><T109/><D103/><U90/><E98/><V106/><F106/><W114/><G114/><T77/><D99/><U62/><E0/><V42/><F133/><W49/><G100/><T79/><D29/><U86/><E10/><V104/><F104/><W22/><G33/><T45/><D79/><U14/><E14/><V101/><F101/><W135/><G135/><T60/><D77/><U108/><E108/><V40/><AGARI ba="0,0" hai="40,41,42,63,67,70,128,129" m="48203,27719" machi="40" ten="40,12000,1" yaku="18,1,34,2,54,1" doraHai="12" who="2" fromWho="2" sc="288,-40,282,-40,207,120,223,-40" owari="248,4.8,242,-15.8,327,42.7,183,-31.7" /></mjloggm>