<mjloggm ver="2.3"><GO type="225" lobby="0"/><UN n0="%E7%9C%9F%E4%B8%80" n1="%6E%69%63%6B%6C%6F%77" n2="%E3%83%AD%E3%83%83%E3%83%86%E9%9B%80%E7%90%83" n3="%6D%75%75%6D%75%72%61" dan="17,16,17,16" rate="2211.75,2104.75,2271.36,2221.63" sx="M,F,M,F"/><TAIKYOKU oya="0"/><INIT seed="0,0,0,3,0,117" ten="250,250,250,250" oya="0" hai0="37,86,84,54,29,41,75,30,95,35,113,20,36" hai1="52,22,71,26,24,65,16,0,108,11,17,14,46" hai2="43,70,25,39,2,62,68,74,115,76,109,125,77" hai3="19,133,1,128,100,59,49,13,63,27,33,107,78"/><T112/><D95/><U47/><E108/><V28/><F115/><W40/><G1/><T15/><D15/><U79/><E79/><V57/><F109/><W53/><G128/><T6/><D20/><N who="1" m="13319" /><E71/><V87/><F125/><W61/><G133/><T129/><D41/><U89/><E65/><V126/><F126/><W119/><G119/><T122/><D54/><U67/><E67/><V85/><F2/><W116/><G116/><T120/><D6/><N who="1" m="3447" /><E0/><V99/><F74/><W44/><G78/><T69/><D35/><U118/><E118/><V103/><F70/><W83/><G83/><T130/><D69/><U94/><E52/><N who="2" m="34087" /><F43/><W56/><G107/><T8/><D8/><U88/><E89/><V104/><F39/><W80/><G100/><T121/><D122/><U50/><E50/><V10/><F68/><W111/><G111/><T23/><D23/><U132/><E132/><V127/><F127/><W4/><G4/><T9/><D9/><U7/><E7/><V97/><F10/><W45/><G33/><T60/><D60/><U81/><E81/><N who="2" m="47271" /><F104/><W73/><G80/><T93/><D93/><U31/><E31/><V12/><F12/><W110/><G73/><AGARI ba="0,0" hai="29,30,36,37,73,75,84,86,112,113,120,121,129,130" machi="73" ten="25,9600,0" yaku="22,2,52,2" doraHai="117" who="0" fromWho="3" sc="250,96,250,0,250,0,250,-96" /><INIT seed="0,1,0,1,4,83" ten="346,250,250,154" oya="0" hai0="25,66,133,64,79,14,55,11,47,91,88,97,58" hai1="70,93,59,120,77,40,134,72,68,96,54,21,86" hai2="95,126,107,65,29,32,75,45,23,46,56,127,26" hai3="3,67,103,6,118,131,80,115,36,37,119,57,129"/><T43/><D133/><U20/><E120/><V62/><F107/><W15/><G3/><T112/><D112/><U10/><E134/><V5/><F75/><W60/><G115/><T33/><D79/><U105/><E40/><V130/><F130/><N who="3" m="49675" /><G103/><T98/><D33/><U41/><E41/><V44/><F5/><W27/><G27/><T42/><D25/><U49/><E72/><V38/><F38/><N who="3" m="14955" /><G80/><T124/><D124/><N who="2" m="47658" /><F95/><W2/><G2/><T117/><D117/><N who="3" m="44553" /><G6/><T132/><D132/><U34/><E34/><AGARI ba="1,0" hai="23,26,29,32,34,44,45,46,56,62,65" m="47658" machi="34" ten="30,1000,0" yaku="18,1" doraHai="83" who="2" fromWho="1" sc="346,0,250,-13,250,13,154,0" /><INIT seed="1,0,0,5,5,21" ten="346,237,263,154" oya="1" hai0="28,99,125,4,31,117,59,38,15,84,45,42,57" hai1="77,46,65,112,123,94,23,88,96,133,2,5,134" hai2="105,86,61,70,51,12,58,41,128,129,66,26,30" hai3="83,20,6,9,89,98,108,87,69,82,54,111,102"/><U80/><E112/><V64/><F105/><W104/><G69/><T72/><D72/><U132/><E123/><V113/><F113/><W47/><G83/><T127/><D117/><U8/><E23/><V119/><F119/><W49/><REACH who="3" step="1"/><G20/><REACH who="3" ten="346,237,263,144" step="2"/><T24/><D127/><U114/><E114/><V85/><F70/><W81/><G81/><T48/><D125/><U120/><E120/><V14/><F129/><W55/><G55/><T68/><D68/><U7/><E7/><V122/><F128/><W101/><G101/><T107/><D42/><U126/><E126/><V91/><F41/><W56/><G56/><T103/><D59/><U52/><E65/><V36/><F58/><W110/><G110/><T71/><D57/><U17/><E17/><V109/><F66/><W63/><G63/><T106/><D71/><U79/><E80/><V43/><F64/><W1/><AGARI ba="0,1" hai="1,6,9,47,49,54,82,87,89,98,102,104,108,111" machi="1" ten="30,2000,0" yaku="1,1,0,1,53,0" doraHai="21" doraHaiUra="74" who="3" fromWho="3" sc="346,-5,237,-10,263,-5,144,30" /><INIT seed="2,0,0,0,5,19" ten="341,227,258,174" oya="2" hai0="15,81,128,131,71,76,6,46,31,78,65,36,82" hai1="72,4,101,7,40,53,121,94,85,64,62,77,34" hai2="28,14,104,90,27,2,5,10,122,13,89,66,114" hai3="35,42,48,92,125,132,30,135,73,3,106,111,126"/><V100/><F114/><W50/><G106/><T117/><D117/><U38/><E34/><V115/><F115/><W105/><G105/><T118/><D118/><U56/><E72/><V110/><F122/><W18/><G73/><T108/><D108/><U134/><E134/><N who="3" m="51242" /><G3/><T9/><D31/><U22/><E121/><V107/><F110/><W52/><G111/><T99/><D99/><U33/><E33/><V23/><F107/><W63/><G92/><T113/><D113/><U58/><E38/><V67/><F100/><W129/><G30/><T11/><D11/><U41/><E4/><V119/><F119/><W103/><G103/><T123/><D123/><U55/><E7/><V79/><F79/><N who="0" m="30250" /><D65/><N who="2" m="24586" /><F104/><W26/><G35/><T86/><D86/><U83/><E64/><V43/><F2/><W93/><G93/><T109/><D71/><U12/><E94/><V120/><F120/><W88/><G88/><N who="2" m="33897" /><F14/><W20/><G129/><N who="0" m="49739" /><D109/><U17/><E101/><V51/><F51/><AGARI ba="0,0" hai="12,17,22,40,41,51,53,55,56,58,62,77,83,85" machi="51" ten="30,3900,0" yaku="7,1,8,1,52,1" doraHai="19" who="1" fromWho="2" sc="341,0,227,39,258,-39,174,0" /><INIT seed="3,0,0,5,3,113" ten="341,266,219,174" oya="3" hai0="126,22,108,54,15,25,127,34,105,131,129,117,80" hai1="37,67,45,23,4,68,6,7,42,30,96,71,33" hai2="82,101,59,9,19,56,38,21,133,104,29,92,13" hai3="43,49,81,90,65,77,84,91,88,57,86,12,134"/><W69/><G134/><T112/><D117/><U28/><E33/><V79/><F104/><W48/><G69/><T64/><D108/><U121/><E121/><V27/><F38/><W0/><G0/><T2/><D2/><U62/><E71/><V24/><F133/><W26/><G26/><T130/><D105/><U78/><E23/><N who="2" m="15615" /><F82/><W60/><G12/><T53/><D112/><U31/><E78/><V73/><F73/><W40/><REACH who="3" step="1"/><G86/><REACH who="3" ten="341,266,219,164" step="2"/><T66/><D15/><U14/><E14/><V95/><F79/><W20/><G20/><T61/><D22/><U109/><E109/><V18/><F101/><W115/><G115/><T116/><D25/><U11/><E11/><V135/><F135/><W36/><G36/><T99/><D131/><U125/><E31/><V119/><F119/><W124/><G124/><T72/><D116/><U98/><E125/><V122/><F122/><W106/><G106/><T1/><D1/><U39/><E39/><V100/><F100/><W8/><G8/><T51/><D130/><U85/><E85/><V87/><F87/><W93/><G93/><AGARI ba="0,1" hai="9,13,18,19,21,24,56,59,92,93,95" m="15615" machi="93" ten="30,1000,0" yaku="8,1" doraHai="113" who="2" fromWho="3" sc="341,0,266,0,219,20,164,-10" owari="341,44.1,266,6.6,239,-16.1,154,-34.6" /></mjloggm>