<mjloggm ver="2.3"><GO type="225" lobby="0"/><UN n0="%E3%83%B4%E3%83%A0%EF%BC%99%E3%81%A6" n1="%E3%81%BF%E3%81%BF%E3%81%9A" n2="%E8%81%B7%E6%A5%AD%E3%80%81%E9%A2%A8%32" n3="%E7%B4%94%E6%BD%94%E3%83%94%E3%83%A9%E3%83%8B%E3%82%A2" dan="17,17,16,18" rate="2197.01,2218.21,2176.42,2308.31" sx="M,M,M,M"/><TAIKYOKU oya="0"/><INIT seed="0,0,0,1,2,79" ten="250,250,250,250" oya="0" hai0="106,115,29,26,126,51,89,95,61,81,28,55,88" hai1="39,135,110,123,22,124,49,107,103,33,121,11,47" hai2="38,129,130,132,21,83,17,23,13,30,59,77,70" hai3="12,80,71,0,100,20,9,63,105,52,114,93,25"/><T98/><D115/><U97/><E33/><V40/><F70/><W54/><G0/><T36/><D36/><U94/><E39/><V64/><F132/><W96/><G114/><T50/><D126/><U66/><E135/><V43/><F64/><W117/><G117/><T60/><D106/><U4/><E124/><V120/><F120/><W41/><G41/><T116/><D116/><U44/><E66/><V74/><F59/><W108/><G108/><T104/><D104/><U57/><E110/><V18/><F30/><W31/><G105/><T53/><D50/><U101/><E57/><V119/><F119/><W86/><G71/><T3/><D3/><U75/><E75/><V73/><F73/><W58/><G12/><T69/><D69/><U134/><E134/><V10/><F10/><W99/><G99/><T46/><D53/><U76/><E44/><V1/><F1/><W68/><G9/><T84/><REACH who="0" step="1"/><D29/><REACH who="0" ten="240,250,250,250" step="2"/><U19/><E107/><V5/><F38/><W27/><G68/><T7/><D7/><U14/><E123/><V16/><F5/><W48/><G48/><T131/><D131/><N who="2" m="50186" /><F18/><W87/><G54/><T102/><D102/><U45/><E121/><V35/><F35/><AGARI ba="0,1" hai="26,28,35,46,51,55,60,61,81,84,88,89,95,98" machi="35" ten="30,12000,1" yaku="1,1,7,1,52,1,54,1,53,1" doraHai="79" doraHaiUra="24" who="0" fromWho="2" sc="240,130,250,0,250,-120,250,0" /><INIT seed="0,1,0,3,1,87" ten="370,250,130,250" oya="0" hai0="16,32,64,14,55,86,115,2,19,83,29,108,79" hai1="61,35,46,63,68,88,116,90,62,7,42,104,54" hai2="107,40,44,56,99,43,82,10,129,130,37,97,121" hai3="57,39,120,133,131,94,135,9,47,67,26,75,70"/><T11/><D115/><U60/><E116/><V89/><F121/><W110/><G75/><T132/><D132/><N who="3" m="50761" /><G110/><T59/><D108/><U20/><E35/><V21/><F43/><N who="3" m="23039" /><G26/><T126/><D126/><U81/><E104/><V128/><F107/><W71/><G9/><T114/><D114/><U74/><E20/><V125/><F125/><W117/><G94/><T96/><D2/><U0/><E54/><V15/><F21/><W122/><G117/><T72/><D64/><U73/><E68/><N who="3" m="26154" /><G131/><T102/><D72/><U1/><E1/><V103/><F103/><W5/><G5/><T92/><D32/><U8/><N who="1" m="15360" /><DORA hai="112" /><U12/><E12/><V4/><REACH who="2" step="1"/><F56/><REACH who="2" ten="370,250,120,250" step="2"/><W38/><G38/><T52/><D59/><U119/><E119/><V69/><F69/><W30/><G57/><T106/><D106/><U23/><E23/><V22/><F22/><W58/><G58/><T124/><D124/><U78/><REACH who="1" step="1"/><E73/><REACH who="1" ten="370,240,120,250" step="2"/><V25/><F25/><W34/><G67/><T127/><D127/><U134/><E134/><V105/><F105/><W33/><G34/><T50/><D29/><U118/><E118/><V31/><F31/><W28/><G33/><T66/><D66/><U113/><E113/><V95/><F95/><W85/><G28/><T80/><D92/><U111/><E111/><V41/><F41/><W93/><G30/><T76/><D83/><U98/><E98/><V36/><F36/><AGARI ba="1,2" hai="0,7,8,36,42,46,74,78,81,88,90" m="15360" machi="36" ten="50,16000,3" yaku="1,1,25,2,52,2,54,1,53,2" doraHai="87,112" doraHaiUra="84,65" who="1" fromWho="2" sc="370,0,240,183,120,-163,250,0" owari="370,17.0,423,52.3,-43,-54.3,250,-15.0" /></mjloggm>