<mjloggm ver="2.3"><GO type="225" lobby="0"/><UN n0="%E5%84%AA%40%41%42%43" n1="%E3%83%94%E3%82%B3%E3%83%9E%E3%82%B9%E3%83%86%E3%82%A3%E3%83%95" n2="%E3%81%99%E3%81%84%E3%81%BE%E3%81%9B%E3%83%BC%E3%82%93" n3="%E3%81%AF%E3%82%88%E3%81%8A%E3%81%98%E3%81%95%E3%82%93" dan="18,17,16,17" rate="2234.26,2191.92,2073.53,2215.48" sx="M,M,M,M"/><TAIKYOKU oya="0"/><INIT seed="0,0,0,5,2,16" ten="250,250,250,250" oya="0" hai0="42,135,25,98,81,47,27,93,77,11,121,37,15" hai1="70,86,43,88,20,102,62,3,94,79,122,14,67" hai2="8,61,52,35,75,56,130,73,39,7,72,101,53" hai3="13,36,59,38,123,9,117,44,41,74,132,60,97"/><T6/><D135/><U129/><E122/><V120/><F120/><W45/><G123/><T128/><D128/><U107/><E3/><V33/><F130/><W22/><G117/><T118/><D118/><U31/><E129/><V50/><F101/><W57/><G74/><T110/><D110/><U17/><E43/><V5/><F39/><W2/><G132/><T71/><D71/><U109/><E109/><V76/><F76/><W116/><G116/><T131/><D131/><U124/><E124/><V0/><REACH who="2" step="1"/><F5/><REACH who="2" ten="250,250,240,250" step="2"/><W24/><G36/><T87/><REACH who="0" step="1"/><D121/><REACH who="0" ten="240,250,240,250" step="2"/><U23/><E79/><V54/><F54/><W127/><G127/><T84/><D84/><U64/><E64/><V114/><F114/><W55/><G55/><T90/><AGARI ba="0,2" hai="6,11,15,25,27,37,42,47,77,81,87,90,93,98" machi="90" ten="20,3900,0" yaku="1,1,0,1,7,1,53,0" doraHai="16" doraHaiUra="105" who="0" fromWho="0" sc="240,59,250,-13,240,-13,250,-13" /><INIT seed="0,1,0,3,4,46" ten="299,237,227,237" oya="0" hai0="76,89,32,85,81,104,105,49,35,7,95,93,66" hai1="3,110,113,64,28,13,133,33,16,34,41,122,27" hai2="11,5,112,69,65,100,40,73,21,8,42,68,44" hai3="18,127,117,55,86,31,59,126,120,115,29,38,37"/><T135/><D135/><U52/><E122/><V107/><F112/><W78/><G117/><T23/><D66/><U114/><E133/><V103/><F73/><W91/><G78/><T74/><D7/><U9/><E41/><V24/><F107/><W72/><G72/><T60/><D60/><U84/><E64/><V87/><F65/><W129/><G115/><N who="1" m="44042" /><E110/><V50/><F42/><W77/><G77/><T51/><D23/><N who="1" m="15487" /><E84/><V111/><F111/><W6/><G6/><T1/><D1/><U90/><E90/><V36/><F36/><N who="3" m="13931" /><G18/><T47/><D93/><U2/><E52/><V106/><F69/><W39/><N who="3" m="13939" /><W118/><DORA hai="123" /><G118/><T43/><REACH who="0" step="1"/><D49/><REACH who="0" ten="289,237,227,237" step="2"/><U92/><E92/><V17/><F50/><N who="3" m="31223" /><G120/><T131/><D131/><U130/><E130/><V108/><F68/><W54/><G129/><T15/><D15/><U71/><E71/><V45/><F106/><AGARI ba="1,1" hai="32,35,43,47,51,74,76,81,85,89,95,104,105,106" machi="106" ten="40,7700,0" yaku="1,1,52,1,53,1" doraHai="46,123" doraHaiUra="82,10" who="0" fromWho="2" sc="289,90,237,0,227,-80,237,0" /><INIT seed="0,2,0,5,5,134" ten="379,237,147,237" oya="0" hai0="109,30,87,108,57,38,12,63,56,44,112,9,75" hai1="64,67,65,62,46,76,133,129,126,17,2,11,111" hai2="10,124,27,15,51,117,135,47,8,127,84,113,83" hai3="77,106,74,59,45,107,28,81,34,102,72,85,82"/><T92/><D75/><U31/><E31/><V69/><F113/><W32/><G59/><T132/><D112/><U119/><E119/><V104/><F135/><W68/><G45/><T98/><D30/><U70/><E133/><V33/><F104/><W97/><G68/><T36/><D87/><U103/><E103/><V53/><F69/><W50/><G50/><T54/><D57/><U105/><E76/><V6/><F117/><W21/><G21/><T116/><D132/><U25/><E105/><V96/><F96/><N who="3" m="61767" /><G28/><T130/><D130/><U4/><E129/><V14/><F27/><W1/><G1/><T100/><D116/><U7/><E4/><V122/><F33/><W118/><G32/><T60/><D63/><U79/><E79/><V94/><F94/><W42/><G42/><T80/><D80/><U18/><E46/><V61/><F61/><W128/><G34/><T52/><D54/><U39/><E39/><V131/><F131/><W99/><G128/><T86/><D86/><U115/><E115/><V24/><F24/><W89/><G118/><T23/><D23/><N who="1" m="13551" /><E18/><V22/><F22/><W55/><G55/><T49/><D60/><U20/><E20/><V73/><F73/><N who="3" m="43183" /><G99/><T19/><D44/><U0/><E0/><V41/><F53/><W29/><G29/><T5/><D19/><U101/><E70/><V110/><F47/><W26/><G26/><T16/><D5/><U95/><E62/><V3/><F3/><W71/><G71/><T40/><D40/><U43/><E43/><V37/><F41/><W13/><G13/><T90/><D12/><RYUUKYOKU ba="2,0" sc="379,-10,237,-10,147,-10,237,30" hai3="72,74,82,85,89,97,107" /><INIT seed="1,3,0,0,1,126" ten="369,227,137,267" oya="1" hai0="12,46,89,61,76,48,42,24,123,82,90,62,122" hai1="104,85,8,73,14,0,59,34,16,132,49,63,22" hai2="75,97,106,128,39,105,127,74,28,45,69,6,77" hai3="3,121,94,21,118,19,58,2,35,98,32,78,110"/><U41/><E73/><V11/><F127/><W87/><G121/><N who="0" m="46091" /><D12/><U38/><E34/><V120/><F120/><W43/><G43/><T80/><D24/><U10/><E104/><V119/><F119/><W66/><G58/><T130/><D130/><U53/><E132/><V17/><F69/><W84/><G66/><T56/><D82/><U27/><E0/><V79/><F28/><W44/><G44/><T36/><D48/><U86/><E38/><V18/><F97/><W81/><G98/><T109/><D109/><U96/><E96/><V57/><F57/><W135/><G94/><T133/><D133/><U125/><E125/><V60/><F60/><N who="0" m="23146" /><D56/><U113/><E113/><V13/><F128/><W7/><G81/><T54/><D54/><U115/><E115/><V64/><F64/><W112/><G135/><T101/><D101/><U114/><E114/><V70/><F70/><W50/><G50/><T108/><D108/><U72/><E72/><AGARI ba="3,0" hai="36,42,46,72,76,80,89,90" m="23146,46091" machi="72" ten="30,1000,0" yaku="13,1" doraHai="126" who="0" fromWho="1" sc="369,19,227,-19,137,0,267,0" /><INIT seed="2,0,0,1,4,54" ten="388,208,137,267" oya="2" hai0="47,93,5,49,84,9,50,66,103,71,117,46,85" hai1="132,28,135,40,129,35,92,10,32,72,2,112,100" hai2="25,3,114,102,31,60,38,53,27,61,79,51,41" hai3="73,55,11,69,123,90,7,74,120,115,98,18,104"/><V59/><F3/><W76/><G69/><T130/><D130/><U97/><E112/><V110/><F114/><W0/><G115/><T131/><D131/><U22/><E129/><V125/><F125/><W88/><G18/><T43/><D71/><U124/><E72/><V105/><F79/><W30/><G30/><T4/><D66/><U81/><E40/><V14/><F110/><W80/><G74/><T75/><D75/><U77/><E124/><V29/><F14/><W111/><G111/><T36/><D36/><U121/><E121/><V133/><F133/><N who="1" m="51273" /><E81/><V64/><F105/><W58/><G104/><T128/><D49/><U113/><E77/><V86/><F102/><W134/><G134/><T78/><D47/><U24/><E113/><V20/><F86/><W48/><REACH who="3" step="1"/><G98/><REACH who="3" ten="388,208,137,257" step="2"/><N who="0" m="59855" /><D5/><AGARI ba="0,1" hai="2,5,10,22,24,28,32,35,92,97,100" m="51273" machi="5" ten="30,1000,0" yaku="20,1" doraHai="54" who="1" fromWho="0" sc="388,-10,208,20,137,0,257,0" /><INIT seed="3,0,0,0,3,112" ten="378,228,137,257" oya="3" hai0="127,94,110,3,8,133,95,29,69,123,4,96,92" hai1="61,67,125,105,18,47,52,108,46,44,101,97,103" hai2="36,131,1,13,93,106,12,111,87,82,49,132,89" hai3="114,63,128,26,39,126,60,15,5,86,53,81,55"/><W84/><G114/><T45/><D69/><U22/><E108/><V83/><F36/><W90/><G39/><T109/><D123/><U72/><E72/><V122/><F1/><W21/><G126/><T17/><D133/><U74/><E74/><V14/><F106/><W43/><G128/><T78/><D29/><U65/><E125/><V119/><F111/><N who="0" m="42506" /><D78/><U50/><E103/><V11/><F132/><W9/><G43/><T59/><D127/><U16/><E18/><V102/><F131/><W120/><G120/><T7/><D7/><U130/><E130/><V104/><F122/><W70/><G86/><T107/><D45/><U20/><E20/><V113/><F113/><W19/><G70/><T85/><D85/><U41/><E61/><AGARI ba="0,0" hai="5,9,15,19,21,26,53,55,60,61,63,81,84,90" machi="61" ten="40,2000,0" yaku="8,1" doraHai="112" who="3" fromWho="1" sc="378,0,228,-20,137,0,257,20" /><INIT seed="3,1,0,0,5,43" ten="378,208,137,277" oya="3" hai0="61,113,48,12,28,47,92,86,2,1,25,31,112" hai1="74,58,91,103,78,75,24,6,116,33,72,89,115" hai2="14,11,3,133,35,77,56,94,7,9,81,60,101" hai3="117,53,20,69,51,16,105,120,62,84,5,36,37"/><W54/><G117/><T104/><D104/><U83/><E115/><N who="0" m="44105" /><D12/><U22/><E33/><V40/><F35/><W99/><G120/><T118/><D61/><U114/><E114/><V130/><F130/><W19/><G5/><T50/><D50/><U134/><E134/><V98/><F133/><W90/><G19/><T122/><D118/><U8/><E103/><V45/><F9/><W96/><G105/><T106/><D106/><U68/><E68/><V111/><F111/><W123/><G123/><T79/><D31/><U66/><E116/><V0/><F56/><N who="3" m="35087" /><G37/><T23/><D122/><U52/><E66/><V97/><F97/><W82/><G36/><T70/><D70/><U32/><E32/><V87/><REACH who="2" step="1"/><F60/><REACH who="2" ten="378,208,127,277" step="2"/><W41/><G69/><T59/><D59/><U121/><E8/><V119/><F119/><W30/><G99/><T13/><D23/><U135/><E135/><V76/><F76/><W128/><G96/><T63/><D79/><U129/><E129/><V93/><F93/><W125/><G128/><T34/><D92/><U108/><E108/><V15/><F15/><W55/><G20/><T39/><D13/><U67/><E22/><V26/><F26/><W42/><G82/><T17/><D63/><U126/><E83/><V57/><F57/><W73/><G73/><T65/><D25/><U127/><E75/><V102/><F102/><W49/><G84/><T27/><D34/><U100/><E100/><V4/><F4/><W80/><G80/><T85/><D86/><U29/><E6/><V131/><F131/><W10/><G10/><T95/><D85/><RYUUKYOKU ba="1,1" sc="378,-10,208,-10,127,30,277,-10" hai2="0,3,7,11,14,40,45,77,81,87,94,98,101" owari="378,47.8,198,-20.2,157,-34.3,267,6.7" /></mjloggm>