<mjloggm ver="2.3"><GO type="225" lobby="0"/><UN n0="%72%69%6F%75%63%68%61%6E" n1="%E6%97%A5%E6%9B%9C%E6%97%A5%E3%82%88%E3%82%8A%E3%81%AE%E4%BD%BF%E8%80%85" n2="%72%61%6B%33" n3="%E3%81%AF%E3%82%88%E3%81%8A%E3%81%98%E3%81%95%E3%82%93" dan="17,17,16,16" rate="2244.02,2163.04,2221.81,2160.40" sx="M,M,M,M"/><TAIKYOKU oya="0"/><BYE who="3" /><INIT seed="0,0,0,5,5,70" ten="250,250,250,250" oya="0" hai0="128,85,124,36,41,9,66,115,11,5,8,1,79" hai1="18,83,113,29,42,104,122,108,32,107,31,15,97" hai2="90,64,77,120,94,10,7,62,16,58,26,48,37" hai3="125,130,116,126,47,27,56,82,30,38,84,33,43"/><T100/><D115/><U51/><E122/><UN n3="%E3%81%AF%E3%82%88%E3%81%8A%E3%81%98%E3%81%95%E3%82%93" /><V119/><F120/><W131/><G56/><T78/><D124/><N who="3" m="47721" /><G116/><T127/><D127/><U17/><E32/><V86/><F119/><W24/><G24/><T67/><D128/><N who="3" m="49193" /><G84/><T96/><D1/><U28/><E97/><V6/><F37/><N who="3" m="21999" /><G82/><T39/><D5/><U93/><E83/><V57/><F77/><W123/><G38/><T98/><D85/><U65/><E65/><V135/><F26/><W44/><G44/><T92/><D41/><U54/><E42/><V22/><F58/><W133/><G123/><T14/><D14/><U3/><E15/><V4/><F48/><W46/><G46/><T25/><D25/><U20/><E51/><V73/><F57/><W60/><G60/><T129/><D129/><U61/><E61/><V40/><F62/><W12/><G12/><T19/><D19/><U13/><E17/><V105/><F16/><W134/><AGARI ba="0,0" hai="27,30,33,133,134" m="21999,49193,47721" machi="134" ten="40,12000,2" yaku="30,2,18,1,19,1,23,1,52,1" doraHai="70" who="3" fromWho="3" sc="250,-60,250,-30,250,-30,250,120" /><INIT seed="1,0,0,5,2,89" ten="190,220,220,370" oya="1" hai0="26,23,67,10,71,39,99,25,123,81,107,16,58" hai1="18,29,119,41,129,115,51,121,3,112,76,70,90" hai2="74,132,63,30,91,128,14,6,111,101,84,69,1" hai3="86,55,82,114,2,37,31,38,65,54,117,33,8"/><U12/><E3/><V102/><F74/><W124/><G114/><T52/><D39/><U118/><E70/><V126/><F1/><W17/><G65/><T92/><D107/><U116/><E76/><V133/><F111/><W22/><G124/><T127/><D127/><U88/><E29/><V60/><F126/><W134/><G134/><T4/><D123/><U97/><E121/><V80/><F128/><W7/><G117/><T21/><D81/><U100/><E129/><V113/><F113/><W35/><G38/><T15/><D71/><U96/><E51/><V85/><F30/><W64/><G64/><T28/><D67/><U56/><E56/><V130/><F130/><W9/><G9/><T109/><D109/><U103/><E41/><V73/><F73/><W72/><G37/><T19/><D28/><U57/><E57/><V95/><F69/><W20/><G20/><T106/><D106/><U24/><E24/><V68/><F68/><W5/><G5/><T0/><D0/><U32/><E118/><V46/><F46/><W59/><G72/><T104/><D104/><U48/><E48/><V108/><F108/><W40/><G40/><T75/><D75/><U105/><E105/><V11/><F133/><W34/><G59/><T45/><D45/><U66/><E66/><V44/><F44/><W87/><G31/><T62/><D99/><U93/><E32/><V120/><F132/><W13/><G87/><T83/><D83/><U78/><E78/><N who="2" m="46103" /><F120/><W61/><G61/><AGARI ba="0,0" hai="6,11,14,60,61,63,85,91,95,101,102" m="46103" machi="61" ten="30,2000,0" yaku="8,1,52,1" doraHai="89" who="2" fromWho="3" sc="190,0,220,0,220,20,370,-20" /><INIT seed="2,0,0,2,5,14" ten="190,220,240,350" oya="2" hai0="44,33,40,39,64,7,34,94,128,105,65,111,86" hai1="27,2,8,38,24,83,110,57,127,31,46,101,98" hai2="85,0,35,92,26,29,112,28,113,77,71,68,62" hai3="118,63,76,19,53,59,37,96,70,119,4,135,50"/><V23/><F0/><W58/><G37/><T104/><D111/><U88/><E110/><V21/><F35/><W16/><G70/><T89/><D128/><U61/><E127/><V18/><F29/><W5/><G119/><T69/><D7/><N who="3" m="2633" /><G118/><T47/><D47/><U52/><E2/><V42/><F42/><W102/><G135/><T134/><D134/><U73/><E8/><V60/><F71/><W67/><G76/><T117/><D117/><U103/><E73/><V56/><F68/><W93/><AGARI ba="0,0" hai="16,19,50,53,58,59,63,67,93,96,102" m="2633" machi="93" ten="30,7900,0" yaku="8,1,52,2,54,1" doraHai="14" who="3" fromWho="3" sc="190,-20,220,-20,240,-39,350,79" /><INIT seed="3,0,0,4,5,53" ten="170,200,201,429" oya="3" hai0="45,49,133,63,13,107,134,124,18,83,104,56,52" hai1="8,10,30,132,31,37,5,58,103,16,123,32,128" hai2="50,0,11,54,129,47,21,65,82,100,22,80,26" hai3="28,90,97,81,12,91,95,66,116,114,85,60,135"/><W27/><G135/><N who="0" m="51723" /><D83/><U29/><E132/><V43/><F129/><W6/><G114/><T105/><D124/><U87/><E123/><V109/><F109/><W7/><G12/><T68/><D68/><U67/><E37/><V19/><F65/><W39/><G39/><T40/><D105/><U111/><E128/><V59/><F100/><W110/><G116/><T62/><D63/><N who="1" m="38391" /><E32/><V14/><F0/><W106/><G106/><T98/><D98/><U93/><E111/><V113/><F113/><W44/><G44/><T94/><D94/><U70/><E70/><V69/><F69/><W41/><G41/><T46/><D46/><U89/><E103/><V115/><F115/><W74/><G74/><T127/><D127/><U48/><E5/><N who="2" m="3439" /><F21/><AGARI ba="0,0" hai="13,18,21,40,45,49,52,56,62,104,107" m="51723" machi="21" ten="30,3900,0" yaku="20,1,52,1,54,1" doraHai="53" who="0" fromWho="2" sc="170,39,200,0,201,-39,429,0" owari="209,0.9,200,-20.0,162,-33.8,429,52.9" /></mjloggm>