<mjloggm ver="2.3"><GO type="225" lobby="0"/><UN n0="%72%69%6F%75%63%68%61%6E" n1="%E6%A0%B9%E5%85%83%E3%81%8B%E3%82%89%E5%90%B9%E3%81%A3%E9%A3%9B%E3%81%B6" n2="%6B%6F%64%61%6D%61%6E%37" n3="%E3%81%B5%E3%81%98%E3%81%8B%E3%81%A4" dan="16,17,16,16" rate="2256.28,2152.70,2094.20,2149.14" sx="M,F,M,M"/><TAIKYOKU oya="0"/><INIT seed="0,0,0,4,0,125" ten="250,250,250,250" oya="0" hai0="84,102,40,95,126,83,113,121,72,36,25,114,81" hai1="16,97,42,7,43,98,96,50,55,123,19,71,74" hai2="116,3,103,0,60,104,45,17,4,69,70,115,82" hai3="122,78,57,59,52,44,11,86,112,73,6,29,90"/><T130/><D130/><U100/><E74/><V13/><F115/><W21/><G112/><T26/><D121/><U54/><E71/><V80/><F116/><W37/><G122/><T58/><D126/><U48/><E7/><V51/><F103/><W38/><G78/><T23/><D72/><U41/><E100/><V99/><F99/><W22/><G73/><T79/><D81/><U85/><E85/><V110/><F104/><W15/><G59/><T5/><D5/><U105/><E105/><V75/><F75/><W133/><G133/><T134/><D134/><U14/><E14/><V20/><F110/><W24/><G22/><T132/><D132/><U64/><E64/><V49/><F49/><N who="1" m="19049" /><E123/><V91/><F80/><W27/><G27/><T93/><D26/><U88/><E88/><V89/><F82/><W106/><G44/><T128/><D128/><U131/><E131/><V33/><F70/><W2/><G2/><T109/><D109/><U28/><E28/><V31/><F0/><W117/><G106/><T129/><D129/><U47/><E47/><V12/><F69/><W39/><G117/><T9/><D114/><U67/><E67/><V107/><F13/><W30/><G30/><N who="0" m="17727" /><D113/><U66/><E66/><V62/><F107/><W46/><G46/><N who="0" m="23815" /><D102/><U108/><E108/><V120/><F120/><W1/><G1/><T68/><D68/><U76/><E76/><V8/><F91/><W135/><G135/><T63/><D9/><U65/><E65/><V35/><F89/><W18/><G29/><T32/><D32/><N who="2" m="12362" /><F31/><W87/><G90/><T111/><D111/><RYUUKYOKU ba="0,0" sc="250,0,250,0,250,0,250,0" hai0="58,63,79,83,84,93,95" hai1="16,19,41,42,43,54,55,96,97,98" hai2="3,4,8,12,17,20,45,51,60,62" hai3="6,11,15,18,21,24,37,38,39,52,57,86,87" /><INIT seed="0,1,0,5,5,90" ten="250,250,250,250" oya="0" hai0="56,102,58,76,45,7,116,4,105,131,44,77,121" hai1="1,24,101,65,33,125,15,64,59,55,78,127,9" hai2="118,89,103,29,13,86,106,81,47,30,80,104,16" hai3="99,35,84,3,115,74,124,85,93,28,91,46,88"/><T14/><D116/><U17/><E78/><N who="0" m="30313" /><D121/><U68/><E101/><V128/><F118/><W25/><G115/><T12/><D102/><U111/><E111/><V107/><F128/><W95/><G124/><N who="1" m="47690" /><E68/><V70/><F70/><W114/><G114/><T60/><D105/><U120/><E120/><V75/><F103/><W109/><G109/><T36/><D36/><U119/><E119/><V61/><F80/><W66/><G3/><T2/><D2/><U87/><E87/><V96/><F75/><W41/><G74/><T43/><D43/><U63/><E1/><V51/><F96/><W113/><G113/><T52/><D131/><U117/><E117/><V97/><F61/><W48/><G66/><N who="0" m="39175" /><D12/><U110/><E110/><V82/><F97/><AGARI ba="1,0" hai="25,28,35,41,46,48,84,85,88,91,93,95,97,99" machi="97" ten="30,8000,1" yaku="7,1,9,1,52,2,54,1" doraHai="90" who="3" fromWho="2" sc="250,0,250,0,250,-83,250,83" /><INIT seed="1,0,0,5,3,2" ten="250,250,167,333" oya="1" hai0="64,119,105,7,51,84,95,100,27,41,3,94,133" hai1="38,96,68,121,97,65,50,6,102,74,109,53,86" hai2="118,123,47,127,21,5,99,62,69,88,8,49,89" hai3="36,57,125,26,122,70,39,66,33,76,15,40,52"/><U37/><E74/><V18/><F123/><W45/><G122/><T124/><D119/><U101/><E121/><V28/><F118/><W77/><G125/><T117/><D117/><U61/><E109/><V24/><F127/><W112/><G112/><T106/><D124/><U46/><E86/><V48/><F69/><W91/><G15/><T128/><D64/><U58/><E6/><V110/><F110/><W22/><G33/><T54/><D41/><U44/><E44/><V35/><F62/><W20/><G39/><T16/><D128/><U134/><E134/><V31/><F99/><W82/><G91/><T67/><D133/><U98/><E37/><V126/><F126/><W73/><G77/><T1/><D67/><U129/><E129/><V132/><F132/><W71/><G66/><T30/><D16/><U17/><REACH who="1" step="1"/><E17/><REACH who="1" ten="250,240,167,333" step="2"/><V13/><F31/><W23/><REACH who="3" step="1"/><G26/><REACH who="3" ten="250,240,167,323" step="2"/><T114/><D27/><U14/><E14/><V103/><F13/><W111/><G111/><T90/><D1/><U60/><E60/><AGARI ba="0,2" hai="20,22,23,36,40,45,52,57,60,70,71,73,76,82" machi="60" ten="40,2600,0" yaku="1,1,54,1,53,0" doraHai="2" doraHaiUra="131" who="3" fromWho="1" sc="250,0,240,-26,167,0,323,46" /><INIT seed="2,0,0,3,5,128" ten="250,214,167,369" oya="2" hai0="112,46,116,48,110,71,16,43,42,85,109,31,47" hai1="129,22,73,6,65,40,95,37,100,104,33,111,117" hai2="133,23,120,78,123,107,89,132,66,124,63,29,125" hai3="32,17,91,39,76,64,67,79,36,80,14,1,93"/><V0/><F107/><W81/><G32/><T70/><D112/><U52/><E95/><V118/><F78/><N who="3" m="29739" /><G1/><T28/><D116/><U56/><E65/><N who="3" m="25162" /><G39/><N who="0" m="21855" /><D85/><U130/><E22/><V96/><F0/><W13/><G36/><T35/><D16/><U105/><E33/><V101/><F89/><W55/><G55/><T127/><D127/><N who="2" m="48714" /><F118/><W15/><G17/><T30/><D35/><U94/><E105/><N who="2" m="63655" /><F23/><W90/><G90/><T49/><D49/><U97/><E104/><V8/><F29/><W20/><G20/><T135/><D135/><N who="2" m="51786" /><F8/><W134/><G134/><T34/><D34/><U50/><E117/><V24/><F24/><W7/><G7/><T18/><D18/><U115/><E129/><V87/><F87/><AGARI ba="0,0" hai="13,14,15,80,81,87,91,93" m="25162,29739" machi="87" ten="30,1000,0" yaku="8,1" doraHai="128" who="3" fromWho="2" sc="250,0,214,0,167,-10,369,10" /><INIT seed="3,0,0,1,2,117" ten="250,214,157,379" oya="3" hai0="92,82,27,61,48,126,131,10,24,114,41,115,56" hai1="18,9,66,53,21,23,86,63,36,116,39,121,110" hai2="30,74,87,4,14,125,130,12,106,89,22,113,84" hai3="112,33,96,8,93,81,94,118,88,44,132,98,105"/><W80/><G112/><N who="0" m="43051" /><D126/><U85/><E110/><V15/><F113/><W49/><G33/><T102/><D131/><U133/><E133/><V52/><F74/><W62/><G105/><T29/><D10/><U19/><E53/><V51/><F130/><W97/><G118/><T69/><D69/><U120/><E9/><V77/><F106/><W20/><G132/><T25/><D82/><N who="3" m="31849" /><G8/><T32/><D48/><U47/><E47/><V40/><F125/><W78/><G78/><T1/><D41/><U70/><E70/><V54/><F4/><W122/><G122/><T73/><D1/><U0/><E0/><V134/><F134/><W2/><G2/><T42/><D42/><U3/><E3/><V57/><F77/><W13/><G62/><T101/><D73/><U6/><E6/><V38/><F38/><W91/><G20/><T109/><D109/><U67/><E63/><V129/><F129/><W79/><G79/><T17/><D17/><U58/><E58/><V99/><F40/><N who="3" m="24711" /><G13/><T95/><D32/><U64/><E64/><V71/><F71/><W35/><G35/><T108/><D29/><U26/><E26/><V7/><F7/><W103/><G103/><N who="0" m="39435" /><D108/><U75/><E75/><V31/><F54/><AGARI ba="0,0" hai="24,25,27,54,56,61,92,95" m="39435,43051" machi="54" ten="30,1000,0" yaku="11,1" doraHai="117" who="0" fromWho="2" sc="250,10,214,0,157,-10,379,0" owari="260,6.0,214,-18.6,147,-35.3,379,47.9" /></mjloggm>