<mjloggm ver="2.3"><GO type="225" lobby="0"/><UN n0="%E3%81%BE%E3%81%A8%E3%81%9F" n1="%73%6C%69%63%6B%33%31%39" n2="%E3%81%95%E3%81%8D%E3%81%9F%E3%81%BE%E6%9E%97%E6%AA%8E" n3="%E3%83%A9%E3%83%96%E3%83%AC%E3%83%BC" dan="16,17,16,18" rate="2148.95,2163.18,2141.85,2257.49" sx="M,M,M,M"/><TAIKYOKU oya="0"/><INIT seed="0,0,0,0,0,58" ten="250,250,250,250" oya="0" hai0="36,73,32,24,87,2,98,108,118,65,3,27,132" hai1="105,57,40,89,82,126,80,19,78,68,1,25,102" hai2="79,106,17,67,52,96,8,39,66,34,18,93,31" hai3="46,11,59,48,10,114,50,77,61,84,9,122,128"/><T5/><D118/><U76/><E68/><V123/><F123/><W35/><G35/><T28/><D73/><U75/><E1/><V133/><F133/><W7/><G114/><T38/><D132/><U64/><E126/><V88/><F39/><W6/><G128/><T63/><D108/><U20/><E40/><V107/><F79/><W109/><G109/><T71/><D87/><U124/><E124/><V120/><F120/><W127/><G127/><T37/><D5/><U51/><E89/><V30/><F34/><W134/><G134/><T54/><D27/><U47/><E102/><V83/><F106/><W99/><G99/><T112/><D112/><U13/><E105/><V41/><F41/><N who="3" m="24655" /><G50/><T70/><D54/><U62/><E25/><V55/><F107/><W130/><G130/><T74/><D70/><U91/><E91/><V110/><F110/><W117/><G117/><T21/><D98/><U97/><E97/><V56/><F83/><N who="3" m="47215" /><G122/><T103/><D103/><U131/><E131/><V42/><F42/><W129/><G129/><T125/><D125/><U92/><E92/><V90/><F93/><W26/><G26/><T16/><D74/><U43/><E78/><V85/><F96/><W22/><G22/><T115/><D115/><U33/><E82/><V121/><F121/><W72/><G72/><T101/><D101/><U15/><E33/><V104/><F104/><W45/><G45/><T86/><D86/><U14/><AGARI ba="0,0" hai="13,14,15,19,20,43,47,51,57,62,64,75,76,80" machi="14" ten="20,2700,0" yaku="0,1,7,1,52,1" doraHai="58" who="1" fromWho="1" sc="250,-13,250,27,250,-7,250,-7" /><INIT seed="1,0,0,2,0,33" ten="237,277,243,243" oya="1" hai0="19,59,128,48,107,65,98,50,35,67,63,106,77" hai1="13,73,85,81,130,24,60,86,46,88,64,49,70" hai2="111,6,18,20,124,127,118,22,61,8,44,80,114" hai3="52,74,89,78,117,10,95,28,41,72,23,116,36"/><U9/><E130/><V112/><F80/><W38/><G28/><T120/><D128/><U113/><E113/><N who="2" m="43627" /><F44/><W68/><G68/><T17/><D120/><U94/><E24/><N who="2" m="14359" /><F61/><W51/><G23/><T97/><D35/><U43/><E73/><V58/><F58/><W3/><G38/><T55/><D77/><U119/><E119/><N who="3" m="45642" /><G41/><T82/><D82/><U90/><E86/><V101/><F101/><W37/><G37/><T7/><D7/><U5/><REACH who="1" step="1"/><E94/><REACH who="1" ten="237,267,243,243" step="2"/><V47/><F118/><W123/><G74/><T42/><D107/><U76/><AGARI ba="0,1" hai="5,9,13,43,46,49,60,64,70,76,81,85,88,90" machi="76" ten="20,18000,2" yaku="1,1,2,1,0,1,7,1,25,2,54,1,53,0" doraHai="33" doraHaiUra="100" who="1" fromWho="1" sc="237,-60,267,190,243,-60,243,-60" /><INIT seed="1,1,0,1,1,31" ten="177,457,183,183" oya="1" hai0="71,111,104,98,48,56,4,70,116,122,37,24,49" hai1="13,14,36,26,57,83,121,6,68,79,40,35,16" hai2="1,67,5,23,54,86,114,82,75,8,66,106,47" hai3="132,103,62,96,93,60,42,80,125,119,99,3,97"/><U123/><E68/><V2/><F106/><W107/><G3/><T0/><D0/><U72/><E36/><V88/><F114/><W89/><G125/><T65/><D24/><U41/><E40/><V76/><F2/><W108/><G42/><T117/><D4/><U129/><E41/><V128/><F128/><W19/><G132/><T81/><D98/><U15/><E6/><V27/><F54/><W112/><G112/><T44/><D81/><U32/><E129/><V64/><F47/><W55/><G108/><T11/><D11/><U91/><E91/><V29/><REACH who="2" step="1"/><F67/><REACH who="2" ten="177,457,173,183" step="2"/><W120/><G55/><N who="0" m="31847" /><D104/><U95/><E121/><V20/><F20/><W90/><G120/><T28/><D122/><U18/><E123/><V30/><F30/><W21/><G107/><T127/><D28/><U113/><E113/><V43/><F43/><W53/><G53/><N who="0" m="29863" /><D127/><U124/><E124/><V102/><F102/><W118/><G103/><T25/><D37/><U50/><E50/><V63/><F63/><W69/><G62/><N who="0" m="40247" /><D111/><U45/><E35/><V130/><F130/><W84/><G21/><T109/><D109/><U74/><E32/><V126/><F126/><W100/><G100/><T101/><D101/><U51/><E51/><V59/><F59/><W73/><G60/><T133/><D133/><U52/><E18/><V78/><F78/><W46/><G19/><T34/><D71/><U135/><E16/><V115/><F115/><W131/><G69/><T94/><D94/><AGARI ba="1,1" hai="1,5,8,23,27,29,64,66,75,76,82,86,88,94" machi="94" ten="30,7700,0" yaku="1,1,7,1,54,1,53,1" doraHai="31" doraHaiUra="7" who="2" fromWho="0" sc="177,-80,457,0,173,90,183,0" /><INIT seed="2,0,0,3,5,42" ten="97,457,263,183" oya="2" hai0="72,17,64,84,131,21,10,22,51,127,13,107,40" hai1="8,104,114,47,117,121,63,50,111,67,34,100,14" hai2="28,39,24,5,3,86,44,99,0,92,95,19,41" hai3="20,15,110,85,12,29,60,18,1,80,91,83,43"/><V103/><F19/><W54/><G110/><T108/><D72/><U30/><E114/><V123/><F123/><W96/><G1/><T68/><D127/><U115/><E115/><V71/><F71/><W98/><G29/><T49/><D108/><U76/><E76/><V119/><F119/><W88/><G43/><T118/><D131/><U87/><E117/><V62/><F62/><W120/><G120/><T65/><D118/><U48/><E111/><V73/><F73/><W11/><G60/><T102/><D107/><U16/><E104/><V35/><F5/><W75/><G75/><T38/><D38/><U129/><E100/><V56/><F56/><W82/><G54/><T134/><D134/><U112/><E112/><V55/><F55/><W61/><G61/><T53/><D68/><U31/><E121/><V126/><F126/><W59/><G59/><T46/><D102/><U69/><E34/><V128/><F128/><W58/><G58/><T106/><D106/><U122/><E122/><V66/><F66/><W74/><G74/><T32/><D32/><U130/><E130/><V25/><F25/><W89/><G85/><T2/><D84/><U37/><E37/><V33/><F33/><W57/><G57/><T23/><REACH who="0" step="1"/><D2/><REACH who="0" ten="87,457,263,183" step="2"/><U78/><E129/><V7/><F86/><W9/><G98/><T26/><D26/><U135/><E87/><V77/><F99/><W94/><G15/><T97/><D97/><U101/><E14/><V116/><F3/><W70/><G70/><T4/><D4/><U79/><E69/><V125/><F0/><W36/><G36/><RYUUKYOKU ba="0,1" sc="87,15,457,-15,263,-15,183,15" hai0="10,13,17,21,22,23,40,46,49,51,53,64,65" hai3="9,11,12,18,20,80,82,83,88,89,91,94,96" /><INIT seed="3,1,1,4,3,112" ten="102,442,248,198" oya="3" hai0="100,131,78,50,83,123,89,16,56,135,36,28,19" hai1="29,39,30,117,68,75,79,133,130,21,82,109,73" hai2="0,18,37,65,34,35,54,64,104,38,11,95,134" hai3="113,91,71,84,22,88,67,43,86,85,103,69,74"/><W99/><G113/><T92/><D123/><U33/><E68/><V120/><F104/><W93/><G43/><T20/><D135/><U40/><E117/><V124/><F134/><W132/><G132/><T58/><D131/><U118/><E118/><V119/><F119/><W41/><G41/><T44/><D36/><U57/><E33/><V45/><F124/><W110/><G74/><T98/><D28/><U27/><E109/><V105/><F105/><W1/><G1/><T42/><D100/><U126/><E126/><V122/><F95/><W25/><G110/><T80/><D19/><U5/><E130/><V10/><F54/><W53/><G53/><T26/><REACH who="0" step="1"/><D80/><REACH who="0" ten="92,442,248,198" step="2"/><U102/><E82/><V116/><F18/><N who="3" m="12503" /><G71/><T9/><D9/><U127/><E102/><V31/><F116/><W52/><G69/><T32/><D32/><U47/><E39/><V96/><F35/><W129/><G129/><T72/><AGARI ba="1,2" hai="16,20,26,42,44,50,56,58,72,78,83,89,92,98" machi="72" ten="20,5200,0" yaku="1,1,0,1,7,1,54,1,53,0" doraHai="112" doraHaiUra="125" who="0" fromWho="0" sc="92,75,442,-14,248,-14,198,-27" owari="167,-33.3,428,52.8,234,3.4,171,-22.9" /></mjloggm>