<mjloggm ver="2.3"><GO type="225" lobby="0"/><UN n0="%E3%81%82%E3%81%84%E3%81%82%E3%81%8A%E3%81%84" n1="%E5%80%89%E6%A9%8B%EF%BC%A0%E4%BA%8B%E5%8B%99" n2="%73%61%6B%6F%EF%BC%A0%E6%9C%80" n3="%45%6C%79%73%69%75%6D" dan="18,16,16,18" rate="2187.40,2089.58,2124.06,2168.88" sx="M,M,M,F"/><TAIKYOKU oya="0"/><INIT seed="0,0,0,4,4,86" ten="250,250,250,250" oya="0" hai0="89,80,78,49,16,67,130,81,94,55,107,7,105" hai1="37,109,114,90,132,133,19,13,88,99,116,96,115" hai2="11,131,71,9,77,68,40,103,17,101,30,129,56" hai3="54,20,58,18,26,3,64,70,6,128,8,15,2"/><T52/><D130/><N who="2" m="49674" /><F77/><W53/><G128/><T95/><D7/><U29/><E37/><V125/><F30/><W119/><G119/><T33/><D33/><U73/><E116/><V48/><F125/><W126/><G126/><T124/><D124/><U34/><E73/><V57/><F40/><W84/><G70/><N who="2" m="26665" /><F48/><W118/><G118/><T23/><D67/><U120/><E120/><V60/><F17/><W76/><G64/><T123/><D123/><U42/><E42/><V85/><F60/><W22/><G2/><T0/><D0/><U51/><E109/><V79/><F79/><W38/><G38/><T35/><D35/><U117/><E117/><V45/><F85/><W69/><G69/><T75/><D81/><U112/><E51/><V14/><F45/><W41/><G41/><T4/><D95/><U92/><E29/><V31/><F31/><W62/><G62/><T43/><D4/><U134/><E34/><V122/><F14/><W1/><G1/><T87/><D43/><U82/><E82/><V111/><F122/><W98/><G58/><N who="2" m="22633" /><F111/><W97/><G54/><T36/><D36/><U28/><E28/><V106/><F106/><W50/><G53/><T72/><D72/><U59/><E59/><V100/><AGARI ba="0,0" hai="9,11,100,101,103" m="22633,26665,49674" machi="100" ten="40,5200,0" yaku="28,2,19,1" doraHai="86" who="2" fromWho="2" sc="250,-26,250,-13,250,52,250,-13" /><INIT seed="1,0,0,5,5,14" ten="224,237,302,237" oya="1" hai0="95,120,100,96,124,36,108,62,55,22,47,72,50" hai1="99,126,0,94,131,41,19,52,128,121,40,16,3" hai2="89,2,93,10,85,44,9,64,110,60,57,54,98" hai3="77,87,83,117,48,51,25,70,69,86,116,75,11"/><U65/><E121/><V28/><F110/><W63/><G11/><T132/><D108/><U42/><E65/><V15/><F2/><N who="1" m="553" /><E126/><V106/><F28/><W101/><G101/><T7/><D124/><U104/><E104/><V43/><F106/><W26/><G63/><T107/><D120/><U30/><E30/><V115/><F115/><W4/><G4/><T39/><D7/><U90/><E52/><V92/><F64/><W103/><G103/><T78/><D132/><U17/><E42/><V130/><F130/><N who="1" m="49705" /><E41/><V91/><REACH who="2" step="1"/><F15/><REACH who="2" ten="224,237,292,237" step="2"/><W102/><G116/><T29/><D107/><U5/><E40/><V119/><F119/><W31/><G117/><T58/><D39/><AGARI ba="0,1" hai="9,10,39,43,44,54,57,60,85,89,91,92,93,98" machi="39" ten="30,2000,0" yaku="1,1,7,1,53,0" doraHai="14" doraHaiUra="125" who="2" fromWho="0" sc="224,-20,237,0,292,30,237,0" /><INIT seed="2,0,0,2,4,126" ten="204,237,322,237" oya="2" hai0="128,115,20,45,92,108,17,130,25,2,71,88,101" hai1="5,57,77,29,58,24,66,30,131,11,72,50,28" hai2="116,132,85,73,48,118,37,106,12,62,53,123,55" hai3="70,107,134,113,16,9,47,87,38,61,49,110,86"/><V41/><F73/><W44/><G107/><T95/><D115/><U27/><E66/><V100/><F106/><W103/><G103/><T14/><D2/><U43/><E72/><V119/><F100/><W10/><G113/><T80/><D71/><U52/><E77/><V124/><F85/><N who="3" m="32267" /><G38/><T79/><D108/><U8/><E43/><V76/><F12/><N who="3" m="7183" /><G70/><T23/><D101/><U90/><E90/><V40/><F55/><N who="3" m="30119" /><G110/><T59/><D59/><U81/><E81/><V82/><F82/><W46/><G134/><T54/><D54/><U21/><E57/><V102/><F53/><W78/><G78/><T98/><D45/><U117/><E117/><V56/><F37/><W19/><G61/><T65/><D95/><U31/><E24/><V91/><F62/><W3/><G3/><T39/><D65/><U89/><E89/><V109/><F118/><W125/><G125/><T1/><D1/><U96/><E96/><V93/><F116/><W111/><G111/><T114/><D39/><U105/><E105/><V121/><F109/><W122/><G122/><T32/><D32/><U42/><E42/><V129/><F41/><W0/><G0/><T36/><D36/><U15/><REACH who="1" step="1"/><E11/><REACH who="1" ten="204,227,322,237" step="2"/><V112/><F119/><W97/><G97/><T135/><D114/><U4/><E4/><V74/><F112/><W75/><G75/><N who="0" m="43135" /><D135/><U94/><E94/><V22/><F93/><W84/><G84/><T133/><D133/><U33/><E33/><V67/><F123/><W104/><G104/><T69/><D69/><U51/><E51/><V120/><F121/><W34/><G34/><RYUUKYOKU ba="0,1" sc="204,10,227,10,322,-30,237,10" hai0="14,17,20,23,25,88,92,98,128,130" hai1="5,8,15,21,27,28,29,30,31,50,52,58,131" hai3="10,19,46,47" /><INIT seed="3,1,1,3,1,39" ten="214,237,292,247" oya="3" hai0="123,70,57,67,15,128,120,99,118,80,93,104,47" hai1="92,25,76,11,30,73,82,43,40,117,21,127,103" hai2="87,16,95,85,124,26,24,129,86,9,19,23,2" hai3="101,98,74,126,64,77,131,108,3,52,84,115,134"/><W107/><G3/><T44/><D118/><U14/><E117/><V42/><F124/><W125/><G64/><T5/><D104/><U31/><E31/><V110/><F129/><W53/><G115/><T4/><D70/><U38/><E38/><V55/><F42/><W59/><G131/><T45/><D128/><U20/><E20/><N who="2" m="13319" /><F2/><W46/><G74/><T116/><D116/><U69/><E69/><V68/><F68/><W29/><G29/><T91/><D80/><U94/><E127/><V90/><F110/><W61/><G134/><T17/><D120/><U132/><E132/><V54/><F9/><W50/><G108/><T63/><REACH who="0" step="1"/><D123/><REACH who="0" ten="204,237,292,247" step="2"/><U60/><E82/><V37/><F37/><W62/><G125/><T7/><D7/><U114/><E114/><V89/><F95/><W51/><G126/><T135/><D135/><U71/><E92/><V27/><F87/><W130/><G130/><T65/><D65/><U56/><E94/><V113/><F86/><W112/><G112/><T66/><D66/><U75/><E75/><V49/><F113/><W13/><G84/><T12/><D12/><U22/><E14/><V1/><F85/><W41/><G77/><T105/><D105/><U109/><E76/><V133/><F133/><W121/><G121/><T78/><D78/><U34/><E73/><V96/><F1/><W81/><G81/><T6/><D6/><U79/><E79/><V58/><F96/><W28/><G13/><T83/><D83/><U32/><E109/><V18/><F54/><W100/><G98/><T88/><D88/><U10/><E71/><RYUUKYOKU ba="1,2" sc="204,15,237,-15,292,15,247,-15" hai0="4,5,15,17,44,45,47,57,63,67,91,93,99" hai2="18,19,23,26,27,49,55,58,89,90" owari="219,-28.1,222,-17.8,327,42.7,232,3.2" /></mjloggm>