<mjloggm ver="2.3"><GO type="225" lobby="0"/><UN n0="%E3%81%BE%E3%81%8B%E3%81%B7%E3%82%93" n1="%E3%83%97%E3%83%AC%E3%83%B4%E3%82%A1%E3%83%86%E3%82%A3" n2="%77%72%77%72%77%72%77%72" n3="%E3%81%A0%E3%81%8A" dan="16,16,16,16" rate="2109.41,2057.00,2171.14,2039.04" sx="M,F,M,M"/><TAIKYOKU oya="0"/><INIT seed="0,0,0,4,0,103" ten="250,250,250,250" oya="0" hai0="132,99,118,47,39,102,84,121,71,54,82,64,15" hai1="40,92,123,21,135,50,94,20,106,110,44,125,100" hai2="0,104,95,24,35,29,7,127,25,76,8,5,96" hai3="67,130,85,124,49,27,41,13,117,119,98,83,108"/><T97/><D118/><U62/><E123/><V113/><F113/><W60/><G108/><T59/><D121/><U22/><E110/><V129/><F129/><W134/><G130/><T45/><D132/><U33/><E135/><V11/><F127/><W53/><G134/><T78/><D71/><U6/><E125/><V61/><F76/><W75/><G75/><T101/><D64/><U73/><E73/><V9/><F61/><W12/><G41/><T38/><D15/><U91/><E33/><V17/><F104/><W65/><G98/><N who="0" m="37387" /><D38/><U72/><E72/><V126/><F126/><W89/><G124/><T16/><D39/><U66/><E100/><N who="0" m="38505" /><D16/><U4/><E106/><V14/><F95/><W120/><G120/><T70/><D70/><U74/><E74/><V122/><F96/><W52/><G117/><T51/><AGARI ba="0,0" hai="45,47,51,54,59,78,82,84" m="38505,37387" machi="51" ten="30,1500,0" yaku="8,1" doraHai="103" who="0" fromWho="0" sc="250,15,250,-5,250,-5,250,-5" /><INIT seed="0,1,0,3,1,11" ten="265,245,245,245" oya="0" hai0="55,102,134,111,135,13,21,24,90,105,54,15,29" hai1="72,96,87,127,117,58,120,69,98,97,75,2,52" hai2="18,41,19,107,61,23,125,121,129,51,101,70,33" hai3="76,74,118,68,28,60,44,79,62,85,36,88,30"/><T71/><D71/><U17/><E120/><V1/><F121/><W27/><G118/><T35/><D111/><U123/><E123/><V53/><F33/><W94/><G74/><T100/><D90/><U26/><E69/><V40/><F1/><W10/><G10/><T93/><D105/><U126/><E2/><V122/><F122/><W12/><G12/><N who="0" m="4683" /><D35/><U47/><E47/><V80/><F101/><N who="0" m="39018" /><D93/><U99/><N who="1" m="24576" /><DORA hai="16" /><U48/><E117/><V114/><F107/><W7/><G68/><T43/><D43/><U56/><E87/><V0/><F41/><W133/><G85/><T22/><D22/><N who="1" m="13647" /><E58/><V66/><F40/><W109/><G109/><T116/><D116/><U9/><E9/><V64/><F0/><W77/><G36/><T83/><D83/><U115/><E115/><V65/><F80/><W45/><G28/><T84/><D84/><U73/><E73/><V108/><F114/><W132/><G30/><T113/><D113/><U104/><E104/><V119/><F108/><W38/><G38/><T59/><D59/><U8/><E8/><V42/><F42/><W67/><G133/><AGARI ba="1,0" hai="21,24,29,54,55,133,134,135" m="39018,4683" machi="133" ten="30,12000,1" yaku="20,1,52,4" doraHai="11,16" who="0" fromWho="3" sc="265,123,245,0,245,0,245,-123" /><INIT seed="0,2,0,1,3,70" ten="388,245,245,122" oya="0" hai0="100,81,98,88,68,15,24,18,112,86,21,6,105" hai1="110,123,22,106,128,125,72,91,58,46,50,85,73" hai2="34,13,26,48,93,69,30,129,60,65,47,89,134" hai3="53,114,108,131,43,57,28,51,62,109,82,12,78"/><T5/><D112/><U95/><E123/><V35/><F129/><W120/><G114/><T103/><D68/><U56/><E106/><V52/><F134/><W2/><G131/><T42/><D103/><U38/><E128/><V16/><F26/><W75/><G120/><T92/><D42/><U20/><E110/><N who="3" m="42602" /><G2/><T77/><REACH who="0" step="1"/><D24/><REACH who="0" ten="378,245,245,122" step="2"/><U133/><E133/><V101/><F101/><W132/><G132/><T107/><D107/><U66/><E125/><V97/><REACH who="2" step="1"/><F30/><REACH who="2" ten="378,245,235,122" step="2"/><W44/><G28/><T121/><D121/><U130/><E130/><V90/><F90/><W27/><G27/><T40/><D40/><U111/><E111/><V61/><F61/><W83/><G62/><T122/><D122/><U4/><E91/><V32/><F32/><W23/><G78/><T79/><D79/><U87/><E22/><AGARI ba="2,2" hai="13,16,22,34,35,47,48,52,60,65,69,89,93,97" machi="22" ten="30,7700,0" yaku="1,1,7,1,54,2,53,0" doraHai="70" doraHaiUra="54" who="2" fromWho="1" sc="378,0,245,-83,235,103,122,0" /><INIT seed="1,0,0,5,0,2" ten="378,162,338,122" oya="1" hai0="26,133,123,30,55,29,89,98,11,125,32,119,5" hai1="57,36,35,17,86,51,15,106,101,25,85,52,120" hai2="97,80,94,118,134,49,34,23,33,4,105,130,62" hai3="112,100,31,124,104,28,110,81,127,90,68,0,44"/><U60/><E36/><V95/><F118/><W79/><G112/><T128/><D119/><U3/><E120/><V103/><F130/><W109/><G68/><T102/><D128/><U16/><E3/><V50/><F134/><W46/><G0/><T70/><D70/><U37/><E37/><V42/><F80/><W18/><G90/><T54/><D133/><U58/><E106/><V126/><F126/><N who="3" m="48171" /><G18/><T73/><D73/><U67/><E101/><V53/><F62/><W24/><G100/><T41/><D125/><U13/><E35/><V69/><F69/><W64/><G64/><T71/><D71/><U43/><E43/><V66/><F66/><W20/><G31/><T82/><D123/><U135/><E25/><V87/><F105/><W116/><G116/><T78/><D89/><U21/><E135/><V91/><F23/><AGARI ba="0,0" hai="13,15,16,17,21,23,51,52,57,58,60,67,85,86" machi="23" ten="30,12000,1" yaku="7,1,9,1,8,1,54,2" doraHai="2" who="1" fromWho="2" sc="378,0,162,120,338,-120,122,0" /><INIT seed="1,1,0,0,1,134" ten="378,282,218,122" oya="1" hai0="64,92,44,34,116,108,48,117,65,45,57,94,135" hai1="31,23,80,52,85,35,126,121,111,6,133,69,24" hai2="125,21,33,25,9,46,128,83,86,120,26,67,10" hai3="68,123,28,87,62,81,53,22,63,16,84,76,15"/><U0/><E121/><V18/><F120/><W39/><G123/><T42/><D34/><U49/><E69/><V2/><F67/><W91/><G39/><T122/><D122/><U29/><E133/><V50/><F128/><W114/><G114/><T130/><D135/><U5/><E111/><V89/><F2/><W75/><G75/><T74/><D74/><U97/><E126/><V37/><F37/><W118/><G68/><T70/><D70/><U100/><E0/><V98/><F125/><W8/><G118/><T82/><D82/><U106/><E31/><V78/><F33/><W104/><G104/><T13/><D13/><U54/><E54/><V101/><F26/><W40/><G40/><T38/><D108/><U43/><E43/><V107/><REACH who="2" step="1"/><F78/><REACH who="2" ten="378,282,208,122" step="2"/><W129/><G129/><T36/><D130/><U90/><REACH who="1" step="1"/><E35/><REACH who="1" ten="378,272,208,122" step="2"/><V30/><F30/><W95/><REACH who="3" step="1"/><G53/><AGARI ba="1,2" hai="9,10,18,21,25,46,50,53,83,86,89,98,101,107" machi="53" ten="30,3900,0" yaku="1,1,7,1,53,1" doraHai="134" doraHaiUra="79" who="2" fromWho="3" sc="378,0,272,0,208,62,122,-42" /><INIT seed="2,0,0,1,0,2" ten="378,272,270,80" oya="2" hai0="3,26,30,106,46,74,11,77,112,52,19,36,40" hai1="73,75,86,88,5,21,132,48,104,17,129,127,61" hai2="79,14,25,41,69,20,44,38,62,123,15,42,78" hai3="65,108,113,45,93,89,10,32,47,67,31,24,109"/><V56/><F123/><W7/><G113/><T114/><D106/><U131/><E104/><V34/><F69/><W119/><G119/><T12/><D3/><U87/><E61/><V39/><F34/><W128/><G128/><N who="1" m="49226" /><E48/><V57/><F57/><W95/><G95/><T135/><D135/><U50/><E50/><V0/><F0/><W43/><G67/><T72/><D72/><N who="1" m="27723" /><E132/><V16/><F41/><W91/><G65/><T28/><D28/><U58/><E58/><V82/><F39/><W102/><G102/><T37/><D37/><U122/><E122/><V133/><F133/><W121/><G121/><T54/><D74/><U125/><E86/><V100/><F100/><W120/><G120/><T94/><D77/><U105/><E105/><V99/><F99/><W59/><G59/><T97/><D114/><U117/><E117/><V76/><REACH who="2" step="1"/><F82/><REACH who="2" ten="378,272,260,80" step="2"/><W55/><G108/><T118/><D112/><U8/><E127/><V83/><F83/><W115/><G109/><T124/><D124/><U6/><E125/><V53/><AGARI ba="0,1" hai="14,15,16,20,25,38,42,44,53,56,62,76,78,79" machi="53" ten="30,6000,0" yaku="1,1,0,1,54,1,53,0" doraHai="2" doraHaiUra="110" who="2" fromWho="2" sc="378,-20,272,-20,260,70,80,-20" /><INIT seed="2,1,0,1,2,104" ten="358,252,330,60" oya="2" hai0="97,122,14,113,35,42,90,9,17,16,38,118,103" hai1="112,22,49,18,36,116,124,77,84,32,70,54,129" hai2="26,79,64,121,51,3,19,87,71,46,86,119,99" hai3="13,108,53,95,67,75,55,120,11,8,57,39,47"/><V74/><F119/><W92/><G75/><T127/><D122/><U133/><E116/><V101/><F121/><W23/><G120/><T1/><D118/><U61/><E32/><V100/><F3/><W30/><G108/><T27/><D113/><U10/><E112/><V68/><F101/><W105/><G105/><T4/><D127/><U109/><E109/><V5/><F5/><W63/><G39/><T83/><D38/><U60/><E36/><V40/><F19/><W114/><G114/><T81/><D42/><U43/><E124/><V128/><F128/><W24/><G11/><T107/><D90/><U80/><E129/><V45/><F45/><W96/><G47/><T88/><D88/><U28/><E70/><V2/><F26/><W12/><G95/><T34/><D17/><U20/><E43/><V33/><F2/><W134/><G134/><T117/><D117/><U73/><E73/><V15/><F15/><W102/><REACH who="3" step="1"/><G12/><REACH who="3" ten="358,252,330,50" step="2"/><T69/><D1/><U125/><E133/><V21/><F74/><W76/><G76/><T94/><D107/><U111/><E125/><V66/><F79/><W135/><G135/><T82/><D14/><U37/><E111/><V65/><F46/><W62/><G62/><N who="1" m="24170" /><E37/><V50/><F40/><W110/><G110/><T85/><D9/><U56/><E28/><V0/><F0/><W44/><G44/><T31/><D31/><U131/><E131/><V130/><F130/><W25/><G25/><T72/><D27/><N who="1" m="14743" /><E10/><V106/><F106/><W6/><AGARI ba="1,1" hai="6,8,13,23,24,30,53,55,57,63,67,92,96,102" machi="6" ten="20,12000,2" yaku="1,1,0,1,7,1,25,2,8,1,53,0" doraHai="104" doraHaiUra="126" who="3" fromWho="3" sc="358,-31,252,-31,330,-61,50,133" /><INIT seed="3,0,0,4,5,104" ten="327,221,269,183" oya="3" hai0="44,119,36,106,52,131,43,69,116,30,18,80,48" hai1="127,11,31,47,32,15,76,98,120,77,96,97,68" hai2="2,64,5,4,121,101,99,63,73,105,65,16,132" hai3="23,59,114,125,109,124,66,82,112,24,26,92,7"/><W34/><G34/><T85/><D106/><U6/><E120/><V95/><F121/><W27/><G7/><T12/><D131/><U133/><E68/><V71/><F132/><W37/><G37/><T13/><D30/><U38/><E127/><N who="3" m="48714" /><G23/><T54/><D69/><U51/><E133/><V128/><F128/><W75/><G92/><T56/><D54/><U84/><E38/><V3/><F95/><W113/><G109/><T111/><D111/><U91/><E32/><V19/><F5/><W40/><G40/><T46/><D56/><U135/><E31/><V126/><F4/><W1/><G1/><T57/><D57/><U78/><E135/><V129/><F129/><W50/><G50/><T79/><D12/><U33/><E33/><V74/><F2/><W0/><G0/><T21/><AGARI ba="0,0" hai="13,18,21,36,43,44,46,48,52,79,80,85,116,119" machi="21" ten="20,2700,0" yaku="0,1,7,1,54,1" doraHai="104" who="0" fromWho="0" sc="327,27,221,-7,269,-7,183,-13" owari="354,45.4,214,-18.6,262,6.2,170,-33.0" /></mjloggm>