<mjloggm ver="2.3"><GO type="225" lobby="0"/><UN n0="%6D%75%75%73%61%6E%6D%75" n1="%E4%B8%89%E5%88%86%E5%B0%8F%E5%83%A7" n2="%75%72%6A%61%63%6B" n3="%E3%81%BD%E3%81%A1%E3%81%9F%E3%81%93%E3%82%84" dan="16,16,17,17" rate="2071.10,2091.79,2102.95,2204.05" sx="F,M,M,M"/><TAIKYOKU oya="0"/><INIT seed="0,0,0,2,4,58" ten="250,250,250,250" oya="0" hai0="80,18,127,48,20,81,82,130,33,119,89,78,2" hai1="23,71,32,76,134,114,30,34,132,43,70,100,44" hai2="10,75,21,9,4,104,62,86,126,61,40,31,84" hai3="94,77,52,1,15,115,88,63,65,57,19,46,90"/><T95/><D119/><U55/><E100/><V102/><F75/><W113/><G1/><T25/><D130/><U12/><E76/><V79/><F126/><W128/><G128/><T120/><D120/><U38/><E114/><V68/><F68/><N who="1" m="26153" /><E55/><V29/><F40/><W121/><G121/><T7/><D127/><U60/><E60/><N who="2" m="23147" /><F104/><W131/><G131/><T135/><D33/><U129/><E129/><V99/><F4/><W122/><G77/><T110/><D7/><U91/><E91/><V8/><F21/><W36/><G122/><T22/><D2/><U54/><E54/><V39/><F39/><W14/><G90/><T51/><D135/><N who="1" m="51755" /><E12/><V117/><F117/><W59/><G14/><N who="0" m="9303" /><D78/><U107/><E107/><V42/><F42/><W11/><G59/><T87/><D110/><U35/><E23/><V133/><F133/><W72/><G72/><T64/><D64/><U85/><E85/><N who="2" m="32875" /><F79/><W98/><REACH who="3" step="1"/><G36/><REACH who="3" ten="250,250,250,240" step="2"/><T28/><AGARI ba="0,1" hai="22,25,28,48,51,80,81,82,87,89,95" m="9303" machi="28" ten="30,1500,0" yaku="8,1" doraHai="58" who="0" fromWho="0" sc="250,25,250,-5,250,-5,240,-5" /><INIT seed="0,1,0,5,3,20" ten="275,245,245,235" oya="0" hai0="43,97,31,45,68,6,41,76,25,112,63,84,11" hai1="77,100,101,1,36,107,99,75,19,40,54,27,24" hai2="92,64,89,22,78,129,114,71,56,34,5,39,42" hai3="94,4,50,32,125,87,53,67,26,113,133,132,104"/><T18/><D18/><U83/><E1/><V74/><F114/><W119/><G104/><T72/><D112/><U90/><E101/><V134/><F34/><W55/><G113/><T106/><D72/><U93/><E19/><V105/><F71/><W116/><G67/><T82/><D106/><U109/><E109/><V124/><F124/><W3/><G125/><T48/><D97/><U111/><E111/><V66/><F105/><W86/><G4/><T29/><D43/><U135/><E135/><N who="3" m="51786" /><G3/><T120/><D120/><U33/><E33/><V58/><F5/><W9/><G9/><T10/><D31/><U59/><E40/><V70/><F129/><W12/><G12/><T81/><D82/><U110/><E36/><V35/><F35/><W122/><G55/><T13/><D10/><U61/><REACH who="1" step="1"/><E110/><REACH who="1" ten="275,235,245,235" step="2"/><V0/><F42/><W103/><G122/><T15/><D6/><U102/><E102/><V52/><F39/><W98/><G116/><T37/><D37/><U130/><E130/><V51/><F0/><W44/><G119/><T79/><D41/><U69/><E69/><V85/><F70/><W2/><G2/><T95/><D68/><U7/><E7/><V131/><F134/><W118/><G118/><T128/><D128/><U65/><E65/><V123/><F131/><W96/><G98/><AGARI ba="1,1" hai="24,27,54,59,61,75,77,83,90,93,98,99,100,107" machi="98" ten="30,7700,0" yaku="1,1,7,1,52,2,53,0" doraHai="20" doraHaiUra="8" who="1" fromWho="3" sc="275,0,235,90,245,0,235,-80" /><INIT seed="1,0,0,0,1,6" ten="275,325,245,155" oya="1" hai0="122,9,26,98,63,51,38,85,93,42,108,69,80" hai1="32,104,88,7,30,14,48,109,62,21,47,61,64" hai2="113,107,134,72,70,78,4,105,43,71,125,5,127" hai3="49,31,111,27,76,100,81,11,53,16,46,19,114"/><U79/><E104/><N who="2" m="40011" /><F43/><W60/><G114/><T86/><D38/><U95/><E32/><V18/><F113/><W45/><G111/><T15/><D108/><U130/><E130/><V39/><F39/><W102/><G46/><T96/><D122/><U57/><E79/><V129/><F129/><W10/><G60/><T92/><D69/><N who="2" m="26122" /><F18/><N who="3" m="6699" /><G81/><T115/><D63/><N who="1" m="37999" /><E30/><V28/><F28/><W91/><G76/><T59/><D115/><U33/><E33/><V44/><F44/><W37/><G37/><T24/><D42/><N who="1" m="24695" /><E109/><V87/><F87/><N who="0" m="33290" /><D80/><U3/><E3/><V36/><F36/><W126/><G91/><N who="0" m="55327" /><D51/><U84/><E21/><V17/><F72/><W54/><G126/><N who="2" m="48137" /><F78/><W20/><G54/><T22/><D22/><U99/><E84/><V73/><F73/><W66/><G66/><T68/><D68/><U120/><E120/><V116/><F116/><W2/><G2/><T8/><D59/><U83/><E83/><V23/><F134/><W101/><AGARI ba="0,0" hai="10,11,20,27,31,45,49,53,100,101,102" m="6699" machi="101" ten="30,7900,0" yaku="8,1,52,2,54,1" doraHai="6" who="3" fromWho="3" sc="275,-20,325,-39,245,-20,155,79" /><INIT seed="2,0,0,3,3,36" ten="255,286,225,234" oya="2" hai0="1,122,62,12,83,32,107,118,34,3,26,85,23" hai1="97,95,43,121,90,92,16,109,86,69,8,133,49" hai2="63,41,124,81,79,50,72,128,80,116,13,29,38" hai3="48,99,74,125,108,82,10,6,20,35,51,44,78"/><V67/><F116/><W104/><G35/><T42/><D107/><U129/><E69/><V111/><F128/><W54/><G108/><T30/><D122/><U15/><E109/><V130/><F111/><W101/><G125/><T46/><D118/><U134/><E129/><V52/><F130/><W89/><G20/><T77/><D62/><U21/><E121/><V119/><F119/><W103/><G103/><T19/><REACH who="0" step="1"/><D34/><REACH who="0" ten="245,286,225,234" step="2"/><U64/><E134/><V45/><F124/><W33/><G33/><T39/><AGARI ba="0,1" hai="1,3,12,19,23,26,30,32,39,42,46,77,83,85" machi="39" ten="20,12000,2" yaku="1,1,2,1,0,1,7,1,52,1,53,1" doraHai="36" doraHaiUra="31" who="0" fromWho="0" sc="245,130,286,-30,225,-60,234,-30" /><INIT seed="3,0,0,4,1,96" ten="375,256,165,204" oya="3" hai0="71,7,118,135,130,134,23,111,45,62,4,92,26" hai1="133,110,32,13,123,99,102,2,69,56,29,47,107" hai2="46,116,114,51,74,125,49,115,91,85,53,42,31" hai3="95,105,14,39,48,10,6,131,41,64,27,34,72"/><W43/><G105/><T0/><D118/><U119/><E123/><V65/><F125/><W101/><G39/><T50/><D111/><U40/><E110/><V106/><F116/><W84/><G72/><T16/><D130/><U89/><E133/><N who="0" m="50697" /><D0/><U78/><E13/><V59/><F74/><W38/><G38/><T68/><D92/><U11/><E56/><V55/><F106/><W88/><G131/><T21/><D21/><U25/><E89/><V81/><F65/><W77/><G77/><T98/><D98/><U1/><E78/><V20/><F20/><W87/><G87/><T8/><D62/><U121/><E121/><V75/><F31/><W80/><G64/><T67/><D67/><U15/><E69/><N who="0" m="26697" /><D8/><U73/><E73/><V9/><F75/><W82/><G48/><T127/><D127/><U129/><E119/><V79/><F79/><W19/><G34/><T97/><D97/><U120/><E120/><V44/><REACH who="2" step="1"/><F9/><REACH who="2" ten="375,256,155,204" step="2"/><W37/><G10/><T128/><D128/><U132/><E129/><V112/><F112/><W61/><G27/><T17/><D17/><U104/><E104/><V76/><F76/><W5/><G19/><T70/><D70/><U52/><E132/><V58/><F58/><W109/><G109/><T57/><D57/><U100/><E107/><V126/><F126/><W93/><G5/><T83/><D7/><U124/><E11/><V63/><AGARI ba="0,1" hai="42,44,46,49,51,53,55,59,63,81,85,91,114,115" machi="63" ten="20,2700,0" yaku="1,1,0,1,7,1,53,0" doraHai="96" doraHaiUra="66" who="2" fromWho="2" sc="375,-7,256,-7,155,37,204,-13" owari="368,46.8,249,4.9,192,-20.8,191,-30.9" /></mjloggm>