<mjloggm ver="2.3"><GO type="225" lobby="0"/><UN n0="%E3%82%A2%E3%83%BC%E3%83%A2%E3%83%AD%E3%83%BC%E3%83%B4%E3%82%A1" n1="%33%74%72%65%65" n2="%E3%81%BF%E3%81%BF%E3%81%9A" n3="%E6%A1%9C%E8%8A%B1%E9%96%83%E3%80%85" dan="16,16,18,16" rate="2106.52,2162.35,2254.89,2215.58" sx="M,F,M,M"/><TAIKYOKU oya="0"/><INIT seed="0,0,0,4,1,74" ten="250,250,250,250" oya="0" hai0="93,47,29,119,32,59,73,129,0,26,90,44,112" hai1="2,100,132,103,77,68,42,14,49,91,87,37,56" hai2="36,9,94,102,35,70,133,115,11,34,57,5,131" hai3="21,84,6,38,61,7,67,89,121,122,118,120,101"/><T13/><D112/><U17/><E132/><V109/><F70/><N who="3" m="42351" /><G118/><T62/><D119/><U75/><E68/><V3/><F115/><W45/><G101/><T110/><D0/><U104/><E2/><V48/><F36/><W116/><G21/><T60/><D129/><U78/><E75/><V69/><F69/><W20/><G20/><T117/><D117/><U25/><E25/><V126/><F131/><W58/><G58/><T105/><D105/><U85/><E37/><V114/><F114/><W111/><G111/><T65/><D110/><U135/><E135/><V113/><F133/><W27/><G27/><T97/><D73/><U125/><E125/><V66/><F109/><W88/><G116/><T41/><D41/><U128/><E128/><V71/><F126/><W79/><G79/><N who="1" m="30218" /><E104/><V46/><F71/><W98/><G98/><T39/><D39/><U24/><E24/><V43/><F113/><W124/><G89/><T72/><D72/><U130/><E130/><V4/><F34/><W55/><G124/><T33/><D33/><U53/><E42/><V80/><F35/><W96/><G96/><T30/><D30/><U127/><E127/><V108/><F108/><W22/><G22/><T31/><D31/><U52/><E53/><V19/><F3/><W12/><G55/><N who="0" m="33919" /><D13/><U18/><E14/><N who="2" m="7631" /><F43/><N who="3" m="22775" /><G12/><T15/><D15/><U51/><E51/><V86/><F48/><W28/><G28/><T123/><D123/><U95/><E87/><V92/><F86/><W83/><AGARI ba="0,0" hai="6,7,83,84,88,120,121,122" m="22775,42351" machi="83" ten="30,2000,0" yaku="13,1,54,1" doraHai="74" who="3" fromWho="3" sc="250,-10,250,-5,250,-5,250,20" /><INIT seed="1,0,0,1,0,107" ten="240,245,245,270" oya="1" hai0="132,60,40,67,88,133,113,53,123,127,18,110,116" hai1="130,99,103,45,85,104,16,30,101,39,25,131,68" hai2="3,78,64,29,57,106,28,35,83,54,94,82,4" hai3="31,70,47,91,12,65,129,121,7,6,112,86,98"/><U135/><E135/><N who="0" m="51785" /><D113/><U36/><E68/><V62/><F106/><W97/><G121/><T122/><D116/><U108/><E101/><V81/><F94/><W23/><G112/><T59/><D18/><U10/><E85/><V114/><F114/><W27/><G129/><N who="1" m="49162" /><E45/><V52/><F78/><W5/><G65/><T13/><D13/><N who="1" m="7223" /><E108/><V26/><REACH who="2" step="1"/><F29/><REACH who="2" ten="240,245,235,270" step="2"/><W33/><G31/><T66/><D110/><U42/><E42/><V87/><F87/><W34/><G86/><T50/><D40/><U126/><E126/><V24/><F24/><W37/><G27/><T119/><D127/><U92/><E104/><V80/><N who="2" m="20480" /><DORA hai="19" /><V79/><F79/><W61/><G97/><T105/><D105/><U38/><E38/><V15/><F15/><W46/><G12/><T2/><D122/><U124/><E124/><V100/><F100/><W128/><G37/><T51/><D123/><U95/><E92/><V22/><F22/><AGARI ba="0,1" hai="22,25,30,36,39,95,99,103" m="7223,49162" machi="22" ten="30,5800,0" yaku="19,1,52,1,54,1" doraHai="107,19" who="1" fromWho="2" sc="240,0,245,68,235,-58,270,0" /><INIT seed="1,1,0,0,4,123" ten="240,313,177,270" oya="1" hai0="107,129,16,101,73,21,48,78,6,4,98,14,133" hai1="62,102,1,124,106,27,30,36,79,15,110,118,45" hai2="35,112,69,31,0,132,90,122,113,104,130,26,53" hai3="114,86,44,2,135,117,63,71,70,116,115,47,40"/><U59/><E118/><N who="3" m="45674" /><G86/><T111/><D111/><U37/><E1/><V66/><F122/><W76/><G76/><T60/><D133/><U95/><E124/><V67/><F132/><W89/><G89/><T46/><D129/><U120/><E106/><V74/><F130/><W18/><G135/><T54/><REACH who="0" step="1"/><D60/><REACH who="0" ten="230,313,177,270" step="2"/><U20/><E110/><V41/><F112/><W19/><G63/><T121/><D121/><U8/><E120/><V75/><F113/><W91/><G115/><T125/><D125/><U108/><E108/><V100/><F75/><W22/><G114/><T109/><D109/><U119/><E119/><V33/><F74/><W128/><G128/><T7/><D7/><U105/><E105/><V51/><F104/><W43/><G71/><T68/><D68/><U17/><E79/><V42/><F69/><W134/><G70/><T83/><AGARI ba="1,1" hai="4,6,14,16,21,46,48,54,73,78,83,98,101,107" machi="83" ten="30,7900,0" yaku="1,1,0,1,54,1,53,1" doraHai="123" doraHaiUra="9" who="0" fromWho="0" sc="230,92,313,-40,177,-21,270,-21" /><INIT seed="2,0,0,4,4,99" ten="322,273,156,249" oya="2" hai0="132,94,2,57,125,52,88,109,101,93,83,26,14" hai1="64,81,102,35,68,126,9,62,114,13,8,111,92" hai2="58,33,76,131,4,73,77,135,46,59,43,71,97" hai3="112,128,129,96,133,34,23,103,24,25,42,121,11"/><V130/><F71/><W89/><G121/><T117/><D2/><U85/><E114/><V55/><F33/><W60/><G112/><T0/><D0/><U39/><E111/><V47/><F4/><W6/><G133/><T123/><D123/><U28/><E126/><V65/><F135/><W86/><G42/><T107/><D107/><U84/><E39/><V108/><F108/><W124/><G60/><T29/><D109/><U115/><E115/><V36/><F73/><W5/><G34/><T51/><D132/><U91/><E35/><V122/><F122/><W54/><G54/><T106/><D106/><U10/><E28/><V45/><F97/><W17/><G25/><T7/><D117/><U15/><REACH who="1" step="1"/><E102/><REACH who="1" ten="322,263,156,249" step="2"/><V69/><F76/><AGARI ba="0,1" hai="8,9,10,13,15,62,64,68,76,81,84,85,91,92" machi="76" ten="40,5200,0" yaku="1,1,2,1,53,1" doraHai="99" doraHaiUra="72" who="1" fromWho="2" sc="322,0,263,62,156,-52,249,0" /><INIT seed="3,0,0,4,4,134" ten="322,325,104,249" oya="3" hai0="103,102,120,14,77,34,27,41,104,50,26,124,76" hai1="82,79,16,55,0,33,105,81,25,116,109,5,45" hai2="86,28,47,17,1,122,129,112,88,32,80,123,121" hai3="49,92,90,85,135,108,57,125,22,29,84,74,3"/><W89/><G135/><T101/><D124/><U115/><E115/><V133/><F112/><W118/><G118/><T99/><D120/><U59/><E116/><V62/><F133/><W87/><G74/><T31/><D104/><U48/><E109/><V54/><F1/><W96/><G3/><T75/><D75/><U43/><E105/><V107/><F107/><W35/><G35/><T36/><D36/><U98/><E98/><V19/><F129/><W78/><G78/><N who="0" m="30315" /><D34/><U4/><E0/><V128/><F128/><W30/><G108/><T8/><D99/><U44/><E44/><V38/><F28/><N who="3" m="10859" /><G22/><N who="0" m="15831" /><D27/><U95/><E33/><V91/><F32/><W97/><G125/><T51/><D41/><U2/><E2/><V6/><F6/><AGARI ba="0,0" hai="6,8,14,50,51,101,102,103" m="15831,30315" machi="6" ten="30,1000,0" yaku="8,1" doraHai="134" who="0" fromWho="2" sc="322,10,325,0,104,-10,249,0" owari="332,43.2,325,12.5,94,-40.6,249,-15.1" /></mjloggm>