<mjloggm ver="2.3"><GO type="225" lobby="0"/><UN n0="%E3%83%9D%E3%82%B1%E3%83%83%E3%83%88" n1="%73%61%6B%6F%EF%BC%A0%E6%9C%80" n2="%E3%81%AF%E3%82%88%E3%81%8A%E3%81%98%E3%81%95%E3%82%93" n3="%E8%90%BD%E6%97%A5" dan="16,16,17,17" rate="2111.99,2195.61,2167.77,2221.68" sx="M,M,M,F"/><TAIKYOKU oya="0"/><INIT seed="0,0,0,5,3,47" ten="250,250,250,250" oya="0" hai0="14,121,30,43,58,73,21,54,123,93,41,27,76" hai1="40,45,53,67,84,80,69,101,39,28,124,78,70" hai2="108,31,7,64,105,126,55,11,88,134,60,38,37" hai3="68,59,103,109,131,9,57,16,1,42,91,125,49"/><T3/><D3/><U104/><E124/><V110/><F126/><W50/><G125/><T132/><D132/><U0/><E0/><V117/><F134/><W79/><G68/><T22/><D73/><U71/><E28/><V72/><F105/><W82/><G109/><N who="2" m="42089" /><F72/><W98/><G131/><T51/><D76/><U20/><E20/><V89/><F31/><W29/><G91/><N who="2" m="34889" /><F55/><W12/><G29/><T18/><REACH who="0" step="1"/><D93/><REACH who="0" ten="240,250,250,250" step="2"/><U17/><E78/><V86/><F117/><W26/><G1/><T87/><D87/><U127/><E84/><V133/><F86/><W34/><G79/><T114/><D114/><U118/><E127/><V32/><F133/><W36/><G82/><T63/><D63/><U106/><E80/><V44/><F32/><W4/><G34/><T25/><D25/><U5/><E118/><V95/><F95/><W83/><G83/><T77/><D77/><U112/><E112/><V115/><F115/><W102/><G26/><T2/><D2/><U8/><E104/><V129/><F129/><W122/><G98/><T35/><D35/><U96/><E106/><V120/><F120/><AGARI ba="0,1" hai="14,18,21,22,27,30,41,43,51,54,58,120,121,123" machi="120" ten="40,3900,0" yaku="1,1,52,1,53,0" doraHai="47" doraHaiUra="111" who="0" fromWho="2" sc="240,49,250,0,250,-39,250,0" /><INIT seed="0,1,0,5,5,13" ten="289,250,211,250" oya="0" hai0="22,132,98,97,122,57,111,121,55,104,47,82,29" hai1="93,23,70,35,46,79,36,66,32,6,37,60,44" hai2="59,51,131,87,20,54,129,88,117,107,28,5,68" hai3="85,10,72,95,17,77,118,109,100,113,24,12,120"/><T26/><D132/><U73/><E93/><V18/><F68/><W14/><G113/><T65/><D111/><U9/><E23/><V90/><F107/><W102/><G118/><T84/><D65/><U30/><E46/><V94/><F117/><W116/><G116/><T126/><D126/><U31/><E31/><V127/><F127/><W16/><G109/><T48/><D104/><U49/><E30/><V123/><F28/><W4/><G120/><T56/><D121/><U40/><E49/><V110/><F123/><W124/><G124/><T133/><D122/><U101/><E101/><N who="3" m="39018" /><G72/><T92/><D133/><U115/><E37/><V2/><F110/><W8/><G24/><T96/><REACH who="0" step="1"/><D92/><REACH who="0" ten="279,250,211,250" step="2"/><U119/><E119/><V33/><F33/><W39/><G39/><T64/><D64/><U105/><E115/><V1/><F131/><W135/><G135/><T50/><D50/><U25/><E105/><V80/><F129/><W106/><G106/><T7/><D7/><U74/><E66/><V125/><F5/><N who="3" m="3087" /><G95/><T41/><D41/><U43/><E40/><V42/><F42/><W19/><G4/><T86/><D86/><U3/><E6/><V62/><F125/><W0/><G0/><T69/><D69/><U99/><E70/><V63/><F1/><W76/><G76/><AGARI ba="1,1" hai="22,26,29,47,48,55,56,57,76,82,84,96,97,98" machi="76" ten="40,3900,0" yaku="1,1,8,1,53,0" doraHai="13" doraHaiUra="91" who="0" fromWho="3" sc="279,52,250,0,211,0,250,-42" /><INIT seed="0,2,0,0,0,111" ten="331,250,211,208" oya="0" hai0="80,114,92,11,24,97,88,12,116,29,41,58,46" hai1="110,93,44,126,63,79,9,59,38,35,73,134,89" hai2="67,115,132,45,50,105,76,98,104,56,25,57,18" hai3="47,37,94,127,75,33,3,83,42,36,117,4,61"/><T82/><D116/><U121/><E121/><V65/><F132/><W8/><G117/><T72/><D58/><U34/><E110/><V66/><F115/><W85/><G127/><T14/><D114/><U90/><E134/><V17/><F76/><W96/><G33/><T86/><D72/><U99/><E126/><V13/><F25/><W7/><G7/><T106/><D106/><U49/><E38/><V1/><F1/><W81/><G37/><T133/><D133/><U122/><E122/><V23/><F17/><W31/><G31/><T60/><D60/><U55/><E9/><V87/><F87/><W95/><G61/><T124/><D124/><U129/><E129/><V70/><F70/><W84/><G84/><T64/><D64/><U74/><E90/><V39/><F39/><W119/><G119/><T52/><D52/><U135/><E135/><V108/><F108/><W53/><G53/><T71/><D71/><U48/><E48/><V30/><F30/><W123/><G123/><T107/><D107/><U10/><E10/><V27/><F27/><W77/><REACH who="3" step="1"/><G96/><REACH who="3" ten="331,250,211,198" step="2"/><T69/><D97/><U118/><E118/><V125/><F125/><W0/><G0/><T28/><D28/><U15/><E74/><V109/><F109/><W113/><G113/><T5/><D29/><U6/><E73/><V54/><F98/><W100/><G100/><T78/><D86/><U68/><E35/><V40/><F54/><W131/><G131/><T120/><D120/><U16/><E34/><V2/><F2/><W91/><AGARI ba="2,1" hai="3,4,8,36,42,47,75,77,81,83,85,91,94,95" machi="91" ten="20,8000,1" yaku="1,1,0,1,7,1,25,2,53,0" doraHai="111" doraHaiUra="62" who="3" fromWho="3" sc="331,-42,250,-22,211,-22,198,96" /><INIT seed="1,0,0,2,4,62" ten="289,228,189,294" oya="1" hai0="20,72,63,113,10,22,21,128,123,99,32,54,125" hai1="34,38,105,102,103,13,74,70,28,108,42,80,107" hai2="15,119,61,24,19,78,86,100,76,58,97,109,85" hai3="124,71,3,41,77,96,111,25,91,46,35,30,132"/><U134/><E70/><V55/><F109/><W126/><G71/><T115/><D32/><U12/><E38/><V39/><F119/><W79/><G111/><T23/><D72/><U1/><E108/><V66/><F39/><N who="3" m="21823" /><G3/><T48/><D125/><N who="3" m="48233" /><G132/><T11/><D128/><U16/><E1/><V9/><F24/><W44/><G44/><T118/><D118/><U130/><E42/><V51/><F78/><W57/><G57/><T18/><D63/><U0/><E0/><V133/><F76/><W82/><G82/><T50/><D123/><U29/><E80/><V83/><F83/><W59/><G59/><T53/><D99/><U4/><E4/><V36/><F36/><W8/><G8/><N who="0" m="3115" /><D115/><U131/><E134/><V89/><F89/><W56/><G56/><N who="0" m="32807" /><D22/><U37/><E37/><V81/><F81/><W120/><G120/><T92/><D92/><AGARI ba="0,0" hai="25,30,35,77,79,91,92,96" m="48233,21823" machi="92" ten="30,1000,0" yaku="18,1" doraHai="62" who="3" fromWho="0" sc="289,-10,228,0,189,0,294,10" /><INIT seed="2,0,0,5,4,43" ten="279,228,189,304" oya="2" hai0="108,29,70,129,28,78,9,98,52,104,84,96,31" hai1="13,111,37,51,121,40,21,14,6,102,120,114,11" hai2="53,12,79,39,33,56,18,81,122,34,4,71,117" hai3="87,60,69,54,26,127,32,44,89,67,116,93,66"/><V134/><F122/><N who="1" m="47209" /><E37/><V103/><F117/><W59/><G116/><T46/><D70/><U123/><N who="1" m="47217" /><U119/><DORA hai="63" /><E119/><V75/><F71/><W99/><G127/><T132/><D108/><U77/><E111/><V92/><F39/><W35/><G44/><T5/><D132/><U76/><E102/><V113/><F113/><W95/><G26/><T65/><D65/><U106/><E106/><V49/><F4/><W16/><G16/><T68/><D68/><U57/><E114/><V55/><F134/><W90/><REACH who="3" step="1"/><G67/><REACH who="3" ten="279,228,189,294" step="2"/><T130/><D46/><N who="1" m="26055" /><E57/><V124/><F124/><W23/><G23/><T115/><D115/><U73/><E73/><V24/><F24/><W105/><G105/><T38/><D104/><U36/><E36/><V1/><F53/><W47/><G47/><T126/><D52/><U20/><E20/><V27/><F27/><W91/><G91/><T45/><D126/><U118/><E118/><V94/><F103/><W58/><G58/><T17/><D45/><U61/><E21/><N who="2" m="11463" /><F33/><W10/><G10/><T48/><D9/><N who="1" m="4279" /><E61/><AGARI ba="0,1" hai="32,35,54,59,60,61,66,69,87,89,90,93,95,99" machi="61" ten="30,7700,0" yaku="1,1,7,1,52,1,53,1" doraHai="43,63" doraHaiUra="83,42" who="3" fromWho="1" sc="279,0,228,-77,189,0,294,87" /><INIT seed="3,0,0,3,5,35" ten="279,151,189,381" oya="3" hai0="17,54,129,89,94,2,33,28,95,79,80,96,11" hai1="133,131,93,125,130,76,111,105,34,85,77,100,44" hai2="83,25,6,91,8,64,36,86,126,0,29,115,10" hai3="9,72,38,132,116,74,82,120,58,43,48,104,47"/><W50/><G116/><T26/><D129/><N who="1" m="49163" /><E34/><V3/><F115/><W15/><G104/><T40/><D40/><U30/><E30/><V78/><F36/><W135/><G120/><T92/><D54/><U41/><E41/><V113/><F113/><W66/><G66/><T14/><D2/><U61/><E61/><V124/><F64/><W67/><G67/><T123/><D123/><U45/><E45/><V57/><F57/><W7/><G58/><T16/><REACH who="0" step="1"/><D17/><REACH who="0" ten="269,151,189,381" step="2"/><U107/><E111/><V112/><F0/><W87/><G43/><T55/><D55/><U51/><E125/><V127/><F112/><W106/><G38/><T69/><D69/><U81/><E51/><V31/><F3/><W68/><G68/><T60/><D60/><U90/><E44/><V13/><F127/><W56/><G48/><T114/><D114/><U121/><E121/><V24/><F126/><W128/><G50/><T39/><D39/><U22/><E133/><V109/><F124/><W108/><G135/><T20/><D20/><U5/><E22/><V73/><F8/><W98/><G132/><T19/><D19/><U42/><E42/><V75/><F109/><W102/><G108/><T27/><D27/><U84/><E5/><V59/><F6/><W18/><G128/><T103/><D103/><U12/><E12/><V70/><F13/><W97/><G7/><T52/><D52/><U37/><E37/><V119/><F25/><W4/><G4/><T71/><D71/><U1/><E1/><V62/><F70/><W117/><G18/><T118/><D118/><U134/><E134/><RYUUKYOKU ba="0,1" sc="269,30,151,-10,189,-10,381,-10" hai0="11,14,16,26,28,33,79,80,89,92,94,95,96" owari="299,9.9,141,-35.9,179,-22.1,381,48.1" /></mjloggm>