<mjloggm ver="2.3"><GO type="225" lobby="0"/><UN n0="%E9%80%9F%E6%B0%B4%E5%87%9B%E9%A6%99" n1="%E6%98%93%E5%88%A9%E8%96%A9%E4%BC%AF" n2="%72%61%6B%33" n3="%E3%81%A9%E3%82%8F%E3%82%93%E3%81%94" dan="17,16,16,16" rate="2152.42,2100.65,2170.70,2137.01" sx="F,F,M,M"/><TAIKYOKU oya="0"/><INIT seed="0,0,0,5,5,29" ten="250,250,250,250" oya="0" hai0="107,103,117,53,62,87,124,86,102,16,83,75,1" hai1="65,54,2,42,110,131,73,99,52,31,33,11,109" hai2="108,89,50,9,12,14,123,7,47,112,79,30,76" hai3="46,57,81,24,28,132,80,17,58,3,13,43,26"/><T18/><D117/><U0/><E73/><V34/><F123/><W15/><G132/><T129/><D1/><U74/><E74/><V25/><F112/><W120/><G3/><N who="1" m="1066" /><E42/><V39/><F108/><N who="1" m="41577" /><E65/><V126/><F126/><W93/><G120/><T22/><D75/><U41/><E41/><V94/><F14/><W6/><G6/><T90/><D124/><U98/><E11/><V115/><F115/><W111/><G111/><T49/><D107/><U84/><E84/><V27/><F27/><W59/><G93/><T63/><D129/><U67/><E67/><V56/><F56/><W77/><G17/><T119/><D18/><U133/><E133/><V37/><F37/><W36/><G26/><N who="0" m="14663" /><D119/><U135/><E135/><V105/><F39/><W8/><G8/><T118/><D118/><U5/><E5/><V70/><F70/><W72/><REACH who="3" step="1"/><G81/><REACH who="3" ten="250,250,250,240" step="2"/><N who="0" m="49487" /><D103/><U69/><E131/><V106/><F106/><W104/><G104/><T21/><D102/><U60/><E31/><V71/><F105/><W44/><G44/><N who="0" m="27815" /><D21/><AGARI ba="0,1" hai="13,15,21,24,28,36,43,46,57,58,59,72,77,80" machi="21" ten="40,1300,0" yaku="1,1,53,0" doraHai="29" doraHaiUra="122" who="3" fromWho="0" sc="250,-13,250,0,250,0,240,23" /><INIT seed="1,0,0,5,2,69" ten="237,250,250,263" oya="1" hai0="84,11,8,95,99,96,2,85,43,35,117,133,94" hai1="53,110,24,74,101,132,38,58,42,116,135,63,46" hai2="50,113,80,13,32,59,21,130,122,134,123,83,103" hai3="23,57,98,71,49,125,88,72,124,26,64,102,90"/><U56/><E74/><V36/><F32/><W109/><G72/><T44/><D35/><U82/><E101/><V10/><F130/><W18/><G71/><T40/><D2/><U60/><E82/><V97/><F134/><N who="1" m="51241" /><E24/><V129/><F129/><W93/><G109/><T118/><D133/><U75/><E75/><V119/><F119/><W16/><G18/><T89/><D44/><U78/><E78/><V47/><F113/><W5/><G5/><T48/><D48/><U126/><E126/><N who="3" m="48746" /><G49/><T39/><REACH who="0" step="1"/><D89/><REACH who="0" ten="227,250,250,263" step="2"/><U91/><E91/><V62/><F50/><W54/><G54/><T33/><D33/><U0/><E0/><V87/><F47/><W14/><G14/><T1/><D1/><U66/><E110/><V105/><F13/><W25/><G26/><T86/><D86/><U7/><E7/><V100/><F87/><W111/><G111/><T28/><D28/><U77/><E77/><V41/><F41/><W4/><G4/><T68/><D68/><U55/><E116/><V51/><F51/><W15/><G15/><T61/><D61/><AGARI ba="0,1" hai="16,23,25,57,61,64,88,90,93,98,102" m="48746" machi="61" ten="30,3900,0" yaku="18,1,54,2" doraHai="69" who="3" fromWho="0" sc="227,-39,250,0,250,0,263,49" /><INIT seed="2,0,0,2,2,96" ten="188,250,250,312" oya="2" hai0="3,100,123,98,122,88,133,108,70,87,52,21,68" hai1="41,46,97,2,132,131,54,121,0,38,42,115,77" hai2="78,107,124,85,32,104,114,119,18,99,90,117,125" hai3="57,118,16,83,101,79,11,55,14,39,86,37,111"/><V5/><F32/><W12/><G118/><N who="2" m="45065" /><F5/><W50/><G111/><T9/><D108/><U59/><E115/><V76/><F18/><W8/><G101/><T25/><D68/><U69/><E69/><V126/><F114/><W93/><G93/><T1/><D70/><U22/><E131/><V71/><F71/><W130/><G130/><T29/><D133/><U80/><E42/><V7/><F7/><AGARI ba="0,0" hai="7,8,11,12,14,16,37,39,50,55,57,79,83,86" machi="7" ten="30,2000,0" yaku="7,1,54,1" doraHai="96" who="3" fromWho="2" sc="188,0,250,0,250,-20,312,20" /><INIT seed="3,0,0,0,5,5" ten="188,250,230,332" oya="3" hai0="34,6,121,98,100,73,51,90,14,69,46,41,133" hai1="82,63,64,25,111,77,20,126,66,67,19,123,52" hai2="35,128,108,7,109,124,105,89,129,131,92,56,60" hai3="18,49,2,113,8,44,96,33,65,115,17,122,61"/><W112/><G122/><T130/><D121/><U47/><E111/><N who="2" m="42571" /><F105/><W84/><G33/><T118/><D118/><U116/><E123/><V97/><F35/><W1/><G96/><T59/><D130/><U9/><E126/><V27/><F27/><W13/><G18/><T99/><D133/><U101/><E116/><V75/><F75/><W68/><REACH who="3" step="1"/><G84/><REACH who="3" ten="188,250,230,322" step="2"/><T106/><D73/><U42/><E101/><V22/><F124/><W114/><G114/><T87/><D34/><U29/><E19/><V39/><F97/><W95/><G95/><T16/><D6/><U26/><E29/><V58/><F7/><W55/><AGARI ba="0,1" hai="1,2,8,13,17,44,49,55,61,65,68,112,113,115" machi="55" ten="30,6000,0" yaku="1,1,0,1,52,1,53,0" doraHai="5" doraHaiUra="86" who="3" fromWho="3" sc="188,-20,250,-20,230,-20,322,70" owari="168,-33.2,230,3.0,210,-19.0,392,49.2" /></mjloggm>