<mjloggm ver="2.3"><GO type="225" lobby="0"/><UN n0="%E8%B6%85%E7%B4%9A%E9%B3%B3%E5%87%B0" n1="%4E%49%4A%49%49%52%4F" n2="%E6%98%93%E5%88%A9%E8%96%A9%E4%BC%AF" n3="%E3%81%99%E3%81%84%E3%81%BE%E3%81%9B%E3%83%BC%E3%82%93" dan="16,17,16,17" rate="2172.22,2222.06,2063.34,2188.00" sx="M,M,F,M"/><TAIKYOKU oya="0"/><INIT seed="0,0,0,0,4,11" ten="250,250,250,250" oya="0" hai0="117,52,38,108,31,100,60,120,28,45,103,12,97" hai1="64,71,111,125,128,30,89,91,8,14,6,35,21" hai2="73,34,93,5,67,113,68,42,84,57,86,3,4" hai3="118,79,119,134,131,95,33,77,9,92,72,98,81"/><T24/><D117/><U66/><E111/><V37/><F68/><W13/><G33/><T61/><D120/><U127/><E128/><V114/><F34/><W133/><G131/><T16/><D108/><U76/><E35/><V39/><F73/><W23/><G23/><N who="0" m="15391" /><D38/><U124/><E76/><V20/><F20/><W121/><G79/><T75/><D75/><U123/><E123/><V48/><F67/><N who="1" m="25641" /><E71/><V109/><F57/><W69/><G69/><T107/><D107/><U55/><E55/><V63/><F63/><N who="0" m="24138" /><D31/><U65/><N who="1" m="25649" /><U7/><DORA hai="22" /><E7/><V126/><F3/><W82/><G121/><T87/><D87/><U47/><E47/><V99/><F86/><W78/><G119/><T58/><D45/><U44/><E44/><V135/><F84/><N who="3" m="48175" /><G98/><T26/><D97/><U70/><E70/><V90/><F99/><W25/><G118/><T83/><D26/><AGARI ba="0,0" hai="6,8,14,21,26,30,89,91,124,125,127" m="25649" machi="26" ten="40,5200,0" yaku="18,1,52,2" doraHai="11,22" who="1" fromWho="0" sc="250,-52,250,52,250,0,250,0" /><INIT seed="1,0,0,3,4,39" ten="198,302,250,250" oya="1" hai0="84,117,92,80,28,22,134,19,6,124,0,48,78" hai1="56,114,59,23,131,93,96,37,34,33,31,51,70" hai2="111,128,95,38,89,24,16,65,120,118,69,85,36" hai3="98,57,102,73,86,14,29,129,106,9,10,90,1"/><U62/><E37/><V125/><F118/><W2/><G129/><T64/><D117/><U63/><E131/><V58/><F120/><W76/><G29/><T88/><D124/><U5/><E114/><V53/><F125/><W100/><G100/><T112/><D112/><U115/><E70/><V4/><F111/><W77/><G57/><T61/><D134/><U104/><E104/><V81/><F4/><W26/><G26/><T75/><D28/><U30/><E5/><V7/><F7/><W68/><G68/><T15/><D48/><U135/><E135/><V127/><F127/><W21/><G21/><T55/><D55/><U25/><E51/><V123/><F123/><W52/><G52/><T41/><D6/><U83/><E83/><V40/><F40/><W119/><G119/><T103/><D103/><U116/><E116/><V45/><F45/><W49/><G49/><T20/><D0/><U97/><E115/><V132/><F132/><W44/><G44/><T12/><D41/><U74/><E74/><V130/><F130/><W67/><G67/><T46/><D46/><U122/><E122/><V3/><F128/><W72/><G72/><T91/><D91/><U109/><E109/><V13/><F24/><W99/><G73/><T27/><REACH who="0" step="1"/><D20/><REACH who="0" ten="188,302,250,250" step="2"/><U8/><E23/><V60/><F3/><W110/><G110/><T11/><D11/><U133/><E8/><V82/><F38/><W17/><G10/><T47/><D47/><U32/><E133/><V126/><F36/><W54/><G1/><T50/><D50/><U113/><E113/><V66/><F126/><RYUUKYOKU ba="0,1" sc="188,30,302,-10,250,-10,250,-10" hai0="12,15,19,22,27,61,64,75,78,80,84,88,92" /><INIT seed="2,1,1,2,3,102" ten="218,292,240,240" oya="2" hai0="5,20,125,10,13,76,118,77,16,133,14,26,30" hai1="129,27,106,84,107,74,63,19,50,116,98,62,57" hai2="23,4,128,48,110,96,35,105,38,54,119,88,7" hai3="97,126,134,59,15,70,85,103,1,39,120,104,3"/><V66/><F119/><W72/><G120/><T69/><D69/><U94/><E74/><V112/><F112/><W78/><G70/><T91/><D118/><U22/><E116/><V2/><F35/><W24/><G39/><T43/><D125/><U123/><E123/><V40/><F128/><W92/><G126/><T25/><D133/><U131/><E84/><V34/><F34/><W93/><G134/><T117/><D117/><U127/><E50/><V11/><F66/><W86/><G24/><T80/><D43/><U53/><E62/><V122/><F7/><W51/><G15/><T121/><D121/><U45/><E45/><V82/><F110/><W64/><G72/><T49/><D49/><U87/><E87/><V73/><F23/><W44/><G1/><T0/><D91/><N who="1" m="55647" /><E127/><V81/><F73/><W68/><G3/><T56/><D56/><U132/><E132/><V55/><F55/><W46/><G68/><T9/><D0/><U37/><E37/><V12/><F40/><W113/><G113/><T32/><REACH who="0" step="1"/><D80/><REACH who="0" ten="208,292,240,240" step="2"/><U111/><E111/><V99/><F2/><W36/><G36/><T124/><D124/><U83/><E83/><V47/><F38/><W17/><G51/><T21/><D21/><U18/><E131/><V115/><F122/><W41/><G41/><T100/><D100/><U79/><E129/><V6/><F115/><W28/><G59/><T8/><D8/><U71/><E71/><V58/><F58/><W114/><G103/><T67/><D67/><U135/><E135/><V75/><F81/><W42/><G42/><T108/><D108/><RYUUKYOKU ba="1,2" sc="208,30,292,-10,240,-10,240,-10" hai0="5,9,10,13,14,16,20,25,26,30,32,76,77" /><INIT seed="3,2,2,0,3,88" ten="238,282,230,230" oya="3" hai0="15,9,97,92,14,111,98,124,54,37,108,84,17" hai1="100,128,104,118,59,34,82,70,35,87,66,122,25" hai2="56,110,93,27,57,130,114,71,78,8,24,18,28" hai3="4,86,21,95,91,81,51,53,89,129,106,7,109"/><W125/><G106/><T5/><D37/><U102/><E122/><V74/><F114/><W96/><G125/><T52/><D124/><U61/><E128/><V83/><F71/><W48/><G129/><T55/><D84/><U13/><E118/><V45/><F130/><W58/><G109/><N who="0" m="42059" /><D92/><U134/><E134/><V44/><F110/><W64/><G64/><T101/><D101/><N who="1" m="39019" /><E70/><V77/><F93/><W113/><G113/><T47/><D47/><U99/><E34/><V26/><F28/><W68/><G68/><T31/><D31/><U16/><E35/><V41/><F78/><W117/><G117/><T135/><D135/><U126/><E126/><V43/><F41/><W116/><G116/><T46/><D46/><U103/><E104/><V132/><F44/><W85/><G51/><T63/><D63/><U30/><E103/><V120/><F120/><W2/><G2/><T119/><D119/><U65/><E99/><V121/><F121/><W38/><G38/><T107/><D107/><U69/><E69/><V94/><F94/><N who="3" m="54575" /><G21/><AGARI ba="2,2" hai="5,9,14,15,17,21,52,54,55,97,98" m="42059" machi="21" ten="30,2000,0" yaku="14,1,54,1" doraHai="88" who="0" fromWho="3" sc="238,46,282,0,230,0,230,-26" /><INIT seed="4,0,0,1,0,94" ten="284,282,230,204" oya="0" hai0="130,122,118,83,75,4,50,28,134,124,63,3,30" hai1="121,67,123,132,44,10,5,88,27,84,90,95,131" hai2="29,74,80,125,104,129,24,14,105,60,52,9,107" hai3="18,128,70,43,81,58,89,76,23,103,79,62,61"/><T87/><D118/><U31/><E132/><V38/><F38/><W127/><G127/><T42/><D122/><U91/><E131/><V25/><F129/><W11/><G128/><T78/><D130/><U21/><E67/><V98/><F125/><W72/><G103/><T36/><D124/><U65/><E65/><V111/><F74/><W77/><G43/><T102/><D134/><U106/><E106/><V116/><F80/><W115/><G115/><T113/><D113/><U117/><E117/><V48/><F60/><W40/><G40/><T39/><D102/><U59/><E59/><V51/><F51/><W2/><G70/><T119/><D119/><U101/><E44/><V47/><F111/><W126/><G126/><T109/><D109/><U26/><E26/><V135/><F135/><W66/><G62/><T110/><D110/><U16/><E31/><V33/><F25/><W56/><G56/><T57/><D87/><U45/><E45/><V22/><F116/><W34/><G34/><T46/><D50/><U20/><E20/><V54/><F33/><W32/><G32/><T17/><D17/><U85/><E101/><V114/><F54/><W35/><G35/><T96/><D39/><U13/><E90/><V55/><F55/><W99/><G2/><T92/><D3/><U108/><E108/><V100/><F114/><W7/><G7/><AGARI ba="0,0" hai="7,9,14,22,24,29,47,48,52,98,100,104,105,107" machi="7" ten="30,3900,0" yaku="7,1,52,1,54,1" doraHai="94" who="2" fromWho="3" sc="284,0,282,0,230,39,204,-39" /><INIT seed="5,0,0,3,2,54" ten="284,282,269,165" oya="1" hai0="2,29,125,52,110,80,119,95,77,44,78,37,115" hai1="124,47,7,120,70,73,16,38,108,24,46,131,74" hai2="98,130,93,112,117,68,3,121,134,103,100,87,81" hai3="118,126,76,39,63,82,83,21,45,17,104,75,26"/><U19/><E120/><V14/><F3/><W64/><G126/><T129/><D110/><U5/><E124/><V56/><F68/><W28/><G104/><T34/><D125/><U36/><E24/><V40/><F117/><W84/><G118/><T102/><D119/><U57/><E57/><V91/><F130/><W23/><G45/><N who="1" m="16906" /><E70/><V53/><F134/><W0/><G0/><T13/><D2/><U1/><E1/><V71/><F40/><W94/><G94/><T90/><D129/><U79/><E79/><N who="2" m="46527" /><F71/><W122/><G39/><N who="1" m="14890" /><E108/><V33/><F33/><W127/><G127/><T105/><D115/><U30/><E30/><V128/><F128/><W31/><G122/><T66/><D66/><U86/><E86/><V51/><F121/><W99/><G99/><T18/><D29/><U4/><E131/><V50/><F112/><W60/><G64/><T11/><D34/><U35/><E35/><V96/><F96/><W62/><REACH who="3" step="1"/><G23/><REACH who="3" ten="284,282,269,155" step="2"/><T59/><D37/><U61/><E61/><V15/><F51/><W41/><G41/><T25/><D44/><U58/><E58/><V92/><F92/><W67/><G67/><T55/><D59/><U69/><E69/><V49/><F49/><W72/><G72/><AGARI ba="0,1" hai="4,5,7,16,19,72,73,74" m="14890,16906" machi="72" ten="40,7700,0" yaku="28,2,54,1" doraHai="54" who="1" fromWho="3" sc="284,0,282,87,269,0,155,-77" owari="284,8.4,369,46.9,269,-13.1,78,-42.2" /></mjloggm>