<mjloggm ver="2.3"><GO type="225" lobby="0"/><UN n0="%E3%81%8B%E3%82%8F%E3%81%A1%E3%82%83%E3%82%93%35%38" n1="%72%61%6B%33" n2="%E3%81%97%E3%82%93%E3%81%97%E3%82%93%E3%81%97%E3%82%93" n3="%E3%83%B4%E3%83%A0%EF%BC%99%E3%81%A6" dan="16,18,16,17" rate="2086.45,2251.95,2079.43,2173.60" sx="M,M,F,M"/><TAIKYOKU oya="0"/><INIT seed="0,0,0,5,5,82" ten="250,250,250,250" oya="0" hai0="35,48,115,6,30,95,27,130,119,77,83,33,120" hai1="74,107,55,128,43,18,114,121,105,38,53,104,75" hai2="41,44,126,21,112,61,54,49,28,20,36,15,79" hai3="5,98,124,13,9,34,117,62,106,51,66,11,93"/><T32/><D115/><U58/><E121/><V123/><F123/><W1/><G117/><T60/><D120/><U17/><E114/><V63/><F112/><W40/><G124/><T73/><D119/><U87/><E128/><V2/><F2/><W110/><G110/><T16/><D130/><U14/><E43/><V65/><F126/><W116/><G34/><T97/><D6/><U84/><E38/><V37/><F79/><W31/><G31/><T19/><D48/><U96/><E96/><V56/><F21/><W23/><G23/><T70/><D70/><U7/><E7/><V59/><F28/><W10/><G106/><T67/><D33/><U3/><E58/><V29/><F29/><W113/><G113/><T103/><REACH who="0" step="1"/><D32/><REACH who="0" ten="240,250,250,250" step="2"/><U102/><E3/><V76/><F76/><W4/><G116/><T89/><D89/><U90/><E90/><V42/><F20/><W25/><G1/><T129/><D129/><U26/><E102/><V57/><F15/><W52/><G4/><T99/><D99/><U78/><E14/><V108/><F108/><W134/><G13/><T85/><D85/><N who="1" m="32843" /><E26/><V122/><F122/><W22/><G5/><T100/><D100/><U12/><E12/><V68/><F63/><W64/><G25/><T69/><AGARI ba="0,1" hai="16,19,27,30,35,60,67,69,73,77,83,95,97,103" machi="69" ten="20,7800,0" yaku="1,1,0,1,7,1,54,1,53,0" doraHai="82" doraHaiUra="109" who="0" fromWho="0" sc="240,88,250,-26,250,-26,250,-26" /><INIT seed="0,1,0,2,0,50" ten="328,224,224,224" oya="0" hai0="74,107,1,82,35,57,118,13,2,15,90,85,135" hai1="102,5,59,25,38,36,14,111,40,31,66,105,68" hai2="46,117,61,70,121,81,21,130,116,123,78,9,100" hai3="95,53,103,94,28,39,114,55,96,101,84,83,93"/><T34/><D118/><N who="2" m="45674" /><F100/><N who="3" m="38475" /><G114/><T10/><D107/><U65/><E111/><V134/><F134/><W29/><G39/><T126/><D135/><U127/><E127/><V125/><F125/><W87/><G96/><T131/><D126/><U73/><E73/><N who="2" m="43215" /><F130/><W104/><G104/><T26/><D131/><U37/><E40/><V41/><F21/><W106/><G106/><T119/><D119/><U89/><E89/><V109/><F109/><W67/><G67/><T44/><D74/><U63/><E66/><N who="2" m="41295" /><F9/><W19/><G84/><T120/><D120/><U52/><E102/><V27/><F27/><W112/><G112/><T122/><D26/><U129/><E105/><V79/><F79/><N who="3" m="46591" /><G19/><T18/><D122/><U49/><E129/><V8/><F8/><W77/><G77/><T33/><D10/><U92/><E92/><V43/><F43/><W45/><G45/><T62/><D44/><U132/><E132/><V54/><F54/><AGARI ba="1,0" hai="28,29,53,54,55,93,94,95" m="46591,38475" machi="54" ten="30,7700,0" yaku="8,1,52,3" doraHai="50" who="3" fromWho="2" sc="328,0,224,0,224,-80,224,80" /><INIT seed="1,0,0,3,3,66" ten="328,224,144,304" oya="1" hai0="57,121,92,14,22,122,125,77,100,79,33,90,13" hai1="7,114,15,69,64,119,39,75,20,30,34,97,29" hai2="131,31,103,110,49,63,94,87,55,41,126,25,73" hai3="117,36,67,134,133,46,120,1,132,127,105,116,85"/><U24/><E114/><V16/><F73/><W3/><G120/><N who="0" m="46187" /><D33/><U45/><E119/><N who="3" m="45642" /><G105/><T27/><D100/><U93/><E75/><V60/><F110/><W111/><G111/><T23/><D57/><U72/><E72/><V118/><F118/><W54/><G127/><T40/><D40/><U19/><E45/><V74/><F74/><W52/><G67/><T65/><D65/><U104/><E39/><V8/><F126/><W108/><G108/><T17/><D125/><U18/><E7/><V71/><F131/><W96/><G96/><N who="0" m="57367" /><D13/><U95/><E29/><AGARI ba="0,0" hai="14,17,22,23,27,29,77,79" m="57367,46187" machi="29" ten="30,1000,0" yaku="13,1" doraHai="66" who="0" fromWho="1" sc="328,10,224,-10,144,0,304,0" /><INIT seed="2,0,0,1,4,105" ten="338,214,144,304" oya="2" hai0="70,13,103,27,90,7,133,54,14,39,12,106,44" hai1="41,34,121,101,49,87,33,11,47,122,80,9,116" hai2="108,81,76,111,79,73,78,86,112,17,4,18,40" hai3="110,43,35,32,15,130,84,117,45,131,46,25,24"/><V93/><F112/><W0/><G117/><T51/><D70/><U89/><E116/><V119/><F119/><W60/><G0/><T67/><D39/><U10/><REACH who="1" step="1"/><E101/><REACH who="1" ten="338,204,144,304" step="2"/><V23/><F40/><W3/><G43/><T113/><D103/><U37/><E37/><V126/><F126/><W109/><G131/><T96/><D113/><U16/><E16/><N who="2" m="6251" /><F23/><W114/><G130/><T91/><D7/><U61/><E61/><V69/><F4/><W83/><G60/><T31/><D51/><U28/><E28/><V50/><F50/><W120/><G114/><T95/><D31/><U66/><E66/><V26/><F69/><W64/><G32/><AGARI ba="0,1" hai="9,10,11,32,33,34,41,47,49,80,87,89,121,122" machi="32" ten="40,1300,0" yaku="1,1,53,0" doraHai="105" doraHaiUra="127" who="1" fromWho="3" sc="338,0,204,23,144,0,304,-13" /><INIT seed="3,0,0,5,3,119" ten="338,227,144,291" oya="3" hai0="22,69,101,74,79,95,48,51,118,117,2,15,1" hai1="30,71,93,20,65,6,113,92,29,27,112,47,38" hai2="124,11,73,64,37,106,43,86,82,80,110,121,99" hai3="35,56,68,76,25,19,18,77,98,67,44,87,31"/><W13/><G68/><T58/><D69/><U111/><E111/><V16/><F110/><W66/><G98/><T9/><D74/><U75/><E75/><V63/><F124/><W26/><G26/><T107/><D107/><U123/><E123/><V42/><F73/><W78/><G87/><T0/><D79/><U102/><E6/><V55/><F55/><W60/><G44/><T36/><D36/><U28/><E71/><V125/><F125/><W5/><REACH who="3" step="1"/><G66/><REACH who="3" ten="338,227,144,281" step="2"/><T97/><D118/><U8/><E27/><V133/><F99/><W129/><G129/><T32/><D117/><U49/><E47/><V130/><F86/><W12/><G12/><T53/><D32/><U132/><E65/><V57/><F130/><W103/><G103/><T104/><D104/><U62/><E102/><V7/><F106/><W127/><G127/><T135/><D0/><U81/><E29/><V134/><F133/><W41/><G41/><T10/><D1/><U96/><E28/><V115/><F134/><W105/><G105/><T84/><D2/><U4/><E30/><V122/><F42/><W114/><G114/><T24/><D135/><U50/><E96/><V85/><F115/><W131/><G131/><T34/><D84/><U88/><E132/><V39/><F43/><W120/><G120/><N who="2" m="46185" /><F16/><W14/><G14/><T45/><D15/><U40/><E40/><V83/><F85/><W126/><G126/><T23/><D97/><U108/><E113/><V17/><F17/><W72/><G72/><T128/><D128/><U33/><E112/><V3/><AGARI ba="0,1" hai="3,7,11,37,39,57,63,64,80,82,83" m="46185" machi="3" ten="30,7900,0" yaku="13,1,52,3" doraHai="119" who="2" fromWho="2" sc="338,-20,227,-20,144,89,281,-39" owari="318,41.8,207,-29.3,233,-16.7,242,4.2" /></mjloggm>