<mjloggm ver="2.3"><GO type="225" lobby="0"/><UN n0="%E5%8D%A0%E3%81%84%E5%B8%AB%E8%A3%8F%E3%81%AA%E3%81%84%E3%81%97" n1="%E3%83%A9%E3%83%96%E3%83%AC%E3%83%BC" n2="%E6%B0%B7%E5%B7%9D%E9%87%8C%E5%A5%88" n3="%E3%83%97%E3%83%AC%E3%83%B4%E3%82%A1%E3%83%86%E3%82%A3" dan="16,18,16,16" rate="2150.96,2184.42,2128.77,2145.17" sx="M,M,F,F"/><TAIKYOKU oya="0"/><INIT seed="0,0,0,2,3,61" ten="250,250,250,250" oya="0" hai0="86,115,14,2,117,109,15,81,27,118,50,120,112" hai1="51,104,84,53,29,46,130,48,64,7,35,42,19" hai2="13,121,45,114,100,102,31,79,18,91,70,107,76" hai3="55,58,6,83,65,66,10,88,54,92,111,133,123"/><T75/><D75/><U62/><E104/><V43/><F114/><N who="0" m="43562" /><D50/><U77/><E130/><V34/><F121/><W16/><G123/><T21/><D120/><U72/><E7/><V67/><F31/><W113/><G113/><T95/><D95/><U96/><E29/><V3/><F3/><W60/><G133/><T23/><D86/><U28/><E28/><V87/><F34/><W94/><G111/><T127/><D81/><N who="1" m="47151" /><E35/><V52/><F43/><W132/><G132/><T85/><D85/><U119/><E119/><N who="0" m="45577" /><D2/><U90/><E72/><V101/><F107/><W32/><G32/><T12/><D109/><U103/><E103/><V0/><F0/><W126/><G126/><T39/><D39/><U20/><E96/><V71/><F87/><N who="3" m="50303" /><G6/><T11/><D127/><U129/><E129/><V73/><F73/><W33/><G33/><T110/><D110/><U25/><E90/><V47/><F91/><W69/><G69/><T37/><D37/><U134/><E134/><V122/><F71/><W8/><G54/><T135/><D135/><U106/><E106/><V116/><F122/><W30/><G30/><N who="0" m="17775" /><D23/><U26/><E53/><V63/><F52/><W89/><G89/><T82/><D82/><U59/><E51/><V49/><F49/><W38/><G38/><T56/><D56/><U97/><E97/><V44/><REACH who="2" step="1"/><F116/><REACH who="2" ten="250,250,240,250" step="2"/><W98/><G98/><T22/><D22/><AGARI ba="0,1" hai="13,18,22,44,45,47,63,67,70,76,79,100,101,102" machi="22" ten="40,5200,0" yaku="1,1,2,1,52,1,53,0" doraHai="61" doraHaiUra="125" who="2" fromWho="0" sc="250,-52,250,0,240,62,250,0" /><INIT seed="1,0,0,0,1,23" ten="198,250,302,250" oya="1" hai0="102,121,96,115,78,70,6,110,109,35,1,26,119" hai1="15,130,41,66,125,24,131,75,60,14,83,7,31" hai2="55,54,76,80,77,105,124,53,33,42,67,11,92" hai3="51,12,3,13,36,99,40,65,107,71,38,0,68"/><U62/><E125/><V30/><F105/><W101/><G51/><T37/><D115/><U64/><E41/><V116/><F116/><W72/><G72/><T8/><D119/><U58/><E83/><V61/><F124/><W90/><G90/><T135/><D135/><U4/><E75/><V111/><F111/><N who="0" m="42506" /><D37/><U82/><E82/><V63/><F42/><W73/><G73/><T28/><D78/><U59/><E31/><V118/><F118/><W89/><G89/><T93/><D70/><U120/><REACH who="1" step="1"/><E24/><REACH who="1" ten="198,240,302,250" step="2"/><V32/><F80/><W45/><G36/><T46/><D46/><U91/><E91/><V128/><F30/><W44/><G38/><T25/><D25/><U86/><E86/><V19/><F77/><W85/><G40/><T117/><D117/><U56/><E56/><V49/><F76/><W129/><G85/><T87/><D87/><U94/><E94/><V106/><F92/><W2/><G107/><T47/><D47/><U97/><E97/><V27/><F106/><W20/><G99/><T95/><D95/><U108/><E108/><V81/><F81/><W84/><G84/><T10/><D10/><U16/><E16/><V104/><F104/><W22/><G101/><T5/><D5/><U79/><E79/><V127/><F127/><W134/><G134/><T103/><D102/><U9/><E9/><V100/><F100/><W113/><G45/><T50/><D50/><U17/><E17/><V133/><F49/><W29/><G44/><T48/><D48/><U39/><E39/><V126/><F133/><W69/><G29/><T74/><D74/><RYUUKYOKU ba="0,1" sc="198,15,240,15,302,-15,250,-15" hai0="1,6,8,26,28,35,93,96,103,121" hai1="4,7,14,15,58,59,60,62,64,66,120,130,131" /><INIT seed="1,1,1,2,2,103" ten="213,255,287,235" oya="1" hai0="125,46,130,101,40,57,28,76,14,20,51,84,32" hai1="71,50,43,75,66,30,8,95,78,41,58,49,118" hai2="129,67,11,93,60,119,0,35,92,17,26,131,111" hai3="56,121,42,94,33,44,114,37,113,99,133,123,65"/><U116/><E75/><V2/><F119/><W34/><G133/><T80/><D32/><U124/><E78/><V82/><F111/><W53/><G33/><T7/><D130/><N who="2" m="49674" /><F82/><W97/><G34/><T79/><D125/><U126/><E30/><N who="2" m="19927" /><F17/><W22/><G22/><T88/><D101/><U48/><E8/><V110/><F110/><W77/><G77/><T16/><D28/><U102/><E102/><V39/><F39/><W83/><G83/><T21/><D21/><U24/><E95/><N who="2" m="36427" /><F11/><W109/><G109/><T31/><D31/><U134/><E24/><V12/><F12/><W135/><G135/><T96/><D96/><U72/><E72/><V10/><F10/><W64/><G99/><T107/><D107/><U73/><E73/><V105/><F105/><W15/><G15/><T122/><D122/><N who="3" m="46601" /><G94/><T47/><D7/><U120/><E120/><V86/><F86/><W127/><G97/><T108/><D108/><U27/><E27/><V59/><AGARI ba="1,1" hai="0,2,59,60,67" m="36427,19927,49674" machi="59" ten="30,1100,0" yaku="19,1" doraHai="103" who="2" fromWho="2" sc="213,-4,255,-6,287,24,235,-4" /><INIT seed="2,0,0,0,5,126" ten="209,249,311,231" oya="2" hai0="1,117,128,57,133,12,35,89,16,120,127,130,3" hai1="43,0,69,48,7,64,58,31,56,80,106,105,116" hai2="90,2,6,52,34,41,129,18,118,93,29,98,101" hai3="104,19,119,112,86,70,85,88,55,99,37,5,60"/><V73/><F118/><W83/><G37/><T102/><D120/><U15/><E0/><V66/><F73/><W132/><G119/><T33/><D117/><U125/><E125/><V30/><F41/><W14/><G112/><T131/><D102/><U21/><E69/><V11/><F66/><W20/><G132/><T28/><D133/><U26/><E64/><V46/><F34/><N who="0" m="12810" /><D28/><U45/><E106/><V17/><F30/><W84/><G70/><T124/><D89/><U121/><E105/><V63/><F29/><W10/><G104/><T103/><D103/><U49/><E121/><V65/><F90/><W53/><G99/><T23/><D57/><U107/><E107/><V110/><F110/><W32/><G32/><T97/><D97/><U94/><E94/><V8/><F8/><W13/><G55/><T51/><D51/><U72/><E49/><V100/><F100/><W27/><G27/><T75/><D75/><U134/><E134/><V40/><F52/><W109/><G109/><T87/><D87/><U62/><E116/><V77/><F77/><W42/><G42/><T38/><D38/><U96/><E96/><V36/><F63/><W39/><G39/><T9/><D1/><U61/><E58/><AGARI ba="0,0" hai="5,10,13,14,19,20,53,58,60,83,84,85,86,88" machi="58" ten="40,2600,0" yaku="8,1,54,1" doraHai="126" who="3" fromWho="1" sc="209,0,249,-26,311,0,231,26" /><INIT seed="3,0,0,2,0,78" ten="209,223,311,257" oya="3" hai0="79,97,58,100,126,70,23,90,0,75,33,59,112" hai1="102,54,107,124,19,64,109,84,130,108,65,21,118" hai2="83,94,26,38,14,45,11,60,81,6,105,52,13" hai3="39,42,29,7,135,132,31,2,57,123,36,32,71"/><W16/><G123/><T25/><D33/><U95/><E124/><V106/><F106/><W87/><G71/><T121/><D121/><U12/><E130/><V89/><F105/><W104/><G104/><T49/><D126/><U51/><E107/><V76/><F38/><W15/><G57/><T67/><D70/><U131/><E131/><V128/><F128/><W116/><G116/><T99/><D0/><U47/><E118/><V8/><F76/><W10/><G87/><T48/><D112/><U134/><E134/><N who="3" m="51242" /><G42/><T41/><D100/><U18/><E18/><N who="2" m="8487" /><F26/><N who="3" m="18487" /><G31/><N who="0" m="17855" /><D75/><U28/><E28/><V93/><F93/><W27/><G27/><T133/><D133/><U80/><E109/><V110/><F110/><W5/><G5/><T119/><D119/><U103/><E108/><V101/><F101/><N who="1" m="38409" /><E95/><V73/><F73/><W68/><G68/><T77/><D41/><U4/><E4/><V88/><F89/><AGARI ba="0,0" hai="12,19,21,47,51,54,64,65,80,84,89" m="38409" machi="89" ten="30,2000,0" yaku="8,1,52,1" doraHai="78" who="1" fromWho="2" sc="209,0,223,20,311,-20,257,0" /><INIT seed="4,0,0,4,0,69" ten="209,243,291,257" oya="0" hai0="120,4,12,119,94,14,20,57,61,103,101,75,42" hai1="107,55,123,126,84,100,50,44,130,38,65,113,41" hai2="110,32,18,66,2,60,30,35,62,10,135,51,17" hai3="124,67,102,46,83,63,93,29,39,19,40,48,6"/><T27/><D119/><U70/><E123/><V49/><F110/><W80/><G124/><T106/><D106/><U47/><E126/><V73/><F73/><W53/><G6/><T26/><D75/><U133/><E100/><N who="0" m="38473" /><D120/><U97/><E97/><V122/><F122/><W117/><G117/><T99/><D42/><U8/><E107/><V87/><F87/><W85/><G29/><N who="0" m="17607" /><D27/><U56/><E133/><V129/><F30/><W118/><G118/><T127/><D4/><U91/><E130/><V108/><F108/><W1/><G1/><T132/><D132/><U25/><E25/><V82/><F135/><W115/><G19/><T13/><D127/><U78/><E78/><V95/><F2/><W81/><G115/><T54/><D12/><U76/><E76/><V74/><F74/><W121/><G121/><T68/><D68/><U116/><E116/><V125/><F125/><W88/><G102/><AGARI ba="0,0" hai="13,14,54,57,61,94,99,102" m="17607,38473" machi="102" ten="30,1500,0" yaku="8,1" doraHai="69" who="0" fromWho="3" sc="209,15,243,0,291,0,257,-15" /><INIT seed="4,1,0,2,3,20" ten="224,243,291,242" oya="0" hai0="73,58,77,50,76,74,66,12,105,21,109,131,9" hai1="101,133,75,43,29,69,14,82,126,36,41,70,55" hai2="106,15,128,60,112,24,89,2,68,38,122,124,42" hai3="110,92,88,81,80,8,5,4,123,61,37,87,22"/><T78/><D105/><U34/><E101/><V30/><F122/><W40/><G110/><T115/><D109/><U39/><E82/><N who="3" m="31850" /><G123/><T118/><D118/><U28/><E14/><V72/><F2/><W1/><G1/><T93/><D115/><U51/><E51/><V13/><F72/><W59/><G37/><T98/><D131/><U35/><E55/><V132/><F106/><W103/><G40/><T125/><D125/><U116/><E126/><V85/><F124/><W33/><G33/><T95/><D95/><U121/><E121/><V100/><F100/><W52/><G8/><T71/><D71/><U108/><E108/><V86/><F86/><W127/><G127/><T56/><D21/><U120/><E120/><V47/><F128/><W16/><G103/><N who="0" m="60879" /><D73/><U53/><E53/><V63/><F112/><W65/><G65/><T90/><D74/><U135/><E75/><V19/><F68/><W27/><AGARI ba="1,0" hai="4,5,16,22,27,52,59,61,87,88,92" m="31850" machi="27" ten="30,8000,1" yaku="8,1,52,1,54,3" doraHai="20" who="3" fromWho="3" sc="224,-41,243,-21,291,-21,242,83" owari="183,-31.7,222,-17.8,270,7.0,325,42.5" /></mjloggm>