<mjloggm ver="2.3"><GO type="225" lobby="0"/><UN n0="%E3%82%A2%E3%83%A1%E3%82%A2%E3%83%A9%E3%83%AC" n1="%6D%75%75%73%61%6E%6D%75" n2="%E5%BA%97%E9%95%B7%4D" n3="%E6%A1%9C%E8%8A%B1%E9%96%83%E3%80%85" dan="16,16,16,16" rate="2164.07,2131.72,2112.15,2208.46" sx="M,F,M,M"/><TAIKYOKU oya="0"/><INIT seed="0,0,0,5,1,16" ten="250,250,250,250" oya="0" hai0="29,35,94,87,129,7,95,61,32,131,100,43,28" hai1="4,38,110,11,101,2,97,72,47,82,81,48,22" hai2="24,12,25,1,99,118,23,50,96,36,121,133,60" hai3="91,125,84,108,74,80,52,9,39,116,70,19,113"/><T117/><D117/><U46/><E110/><V79/><F36/><W54/><G116/><T27/><D7/><U115/><E115/><V53/><F118/><W59/><G113/><T69/><D43/><U68/><E68/><V98/><F1/><W20/><G70/><T135/><D135/><U8/><E72/><V89/><F121/><W5/><G108/><T127/><D127/><U88/><E11/><V3/><F3/><W51/><G39/><T63/><D87/><U45/><E38/><V31/><F133/><W76/><G125/><T56/><D69/><U15/><E48/><V73/><F73/><W49/><G9/><T42/><D42/><U41/><E41/><V58/><F79/><W75/><G5/><T26/><D56/><U67/><E67/><V103/><F12/><W90/><G75/><T40/><REACH who="0" step="1"/><D40/><REACH who="0" ten="240,250,250,250" step="2"/><U64/><E64/><V109/><F109/><W114/><G74/><T66/><D66/><U18/><REACH who="1" step="1"/><E88/><REACH who="1" ten="240,240,250,250" step="2"/><V130/><F89/><W85/><G114/><T119/><D119/><U111/><E111/><V10/><F130/><W106/><G85/><T128/><D128/><U112/><E112/><V62/><F10/><W34/><G91/><T134/><D134/><U86/><E86/><V13/><F103/><AGARI ba="0,2" hai="26,27,28,29,32,35,61,63,94,95,100,103,129,131" machi="103" ten="25,12000,1" yaku="1,1,22,2,53,2" doraHai="16" doraHaiUra="124" who="0" fromWho="2" sc="240,140,240,0,250,-120,250,0" /><INIT seed="0,1,0,5,0,2" ten="380,240,130,250" oya="0" hai0="71,58,129,19,78,29,52,74,104,51,25,97,7" hai1="43,62,16,88,6,53,15,49,93,75,27,87,38" hai2="108,56,120,100,47,81,28,61,8,90,132,36,70" hai3="121,37,113,109,13,96,4,14,67,32,65,117,0"/><T98/><D129/><U50/><E75/><V91/><F120/><W66/><G113/><T80/><D71/><U83/><E38/><V135/><F70/><W20/><G117/><T123/><D123/><U64/><E27/><V89/><F108/><W40/><G32/><T124/><D124/><U5/><E43/><V116/><F116/><W110/><G121/><T9/><D19/><U35/><E35/><V21/><F100/><W45/><G96/><T44/><D44/><N who="1" m="27815" /><E50/><V72/><F8/><N who="3" m="2055" /><G20/><T76/><D76/><N who="1" m="46567" /><E62/><V30/><F81/><W41/><G41/><T118/><D104/><U33/><E64/><V102/><F102/><W77/><G77/><T107/><D107/><U134/><E33/><V112/><F72/><W99/><G99/><T1/><REACH who="0" step="1"/><D118/><REACH who="0" ten="370,240,130,250" step="2"/><U22/><E134/><V128/><F112/><W95/><G110/><T73/><D73/><U126/><E126/><V68/><F68/><W69/><G109/><T122/><D122/><U57/><E57/><V34/><F128/><W131/><G69/><T17/><D17/><U119/><E119/><V10/><F56/><W86/><G131/><T54/><D54/><U12/><E12/><V84/><F135/><W85/><G14/><T60/><D60/><U127/><E127/><V3/><F61/><W103/><G13/><T106/><D106/><U130/><E130/><V23/><F3/><W48/><G37/><T125/><D125/><U111/><E111/><V59/><F132/><W92/><G66/><T31/><D31/><U101/><E101/><V46/><F30/><W39/><G103/><T55/><D55/><RYUUKYOKU ba="1,1" sc="370,15,240,15,130,-15,250,-15" hai0="1,7,9,25,29,51,52,58,74,78,80,97,98" hai1="5,6,15,16,22,88,93" /><INIT seed="0,2,1,5,5,36" ten="385,255,115,235" oya="0" hai0="50,86,5,90,0,92,101,9,40,99,18,20,121" hai1="111,81,61,56,112,75,116,7,33,127,11,44,131" hai2="16,114,57,46,126,79,132,32,64,88,89,22,1" hai3="37,108,2,123,24,134,55,31,43,49,133,17,39"/><T23/><D121/><U15/><E116/><V117/><F114/><W125/><G2/><T80/><REACH who="0" step="1"/><D18/><REACH who="0" ten="375,255,115,235" step="2"/><U71/><E112/><V70/><F117/><W68/><G123/><T65/><D65/><U102/><E127/><V97/><F126/><W100/><G17/><T115/><D115/><U4/><E4/><V106/><F132/><W122/><G125/><T62/><D62/><U21/><E61/><N who="2" m="37935" /><F70/><W47/><G68/><T51/><D51/><U120/><E7/><V69/><F69/><W107/><G122/><T52/><D52/><U45/><E71/><V53/><F32/><W83/><G37/><T72/><D72/><U124/><E75/><V128/><F128/><W84/><G55/><T105/><D105/><U48/><E33/><V13/><F1/><W129/><G39/><T118/><D118/><U104/><E131/><V119/><F119/><W76/><G129/><T27/><D27/><U77/><E124/><V8/><F106/><W59/><G133/><T78/><D78/><U63/><E77/><V10/><F79/><W29/><G134/><T91/><D91/><N who="2" m="34890" /><F97/><W109/><G107/><T113/><D113/><U85/><E104/><V103/><F103/><W26/><G100/><T3/><D3/><U14/><E102/><V54/><F54/><W96/><G96/><T34/><D34/><U82/><E120/><V38/><F38/><W94/><G76/><T93/><D93/><U98/><E98/><V19/><F19/><W12/><G94/><T35/><D35/><U73/><E73/><V60/><F60/><W74/><G74/><T67/><D67/><RYUUKYOKU ba="2,2" sc="375,15,255,-15,115,15,235,-15" hai0="0,5,9,20,23,40,50,80,86,90,92,99,101" hai2="8,10,13,16,22,46,53" /><INIT seed="0,3,2,0,2,89" ten="390,240,130,220" oya="0" hai0="92,36,76,98,124,73,31,129,17,12,120,105,51" hai1="43,39,114,52,15,117,116,131,56,95,135,106,2" hai2="132,93,83,1,30,91,77,80,88,18,68,61,85" hai3="104,55,125,9,4,11,87,110,67,38,40,26,64"/><T44/><D120/><U5/><E2/><V109/><F1/><W130/><G104/><T10/><D105/><U47/><E106/><V35/><F132/><W103/><G103/><T25/><D129/><U118/><E135/><V8/><F109/><W19/><G110/><T65/><D36/><U63/><E131/><V121/><F121/><W58/><G130/><T57/><D124/><U23/><E114/><V70/><F35/><W128/><G128/><T122/><D122/><U126/><E126/><V48/><F30/><W59/><G59/><T14/><D14/><U46/><E46/><V53/><F61/><W72/><G87/><T78/><D73/><U27/><E95/><N who="2" m="54671" /><F70/><W50/><G11/><T3/><D3/><U21/><E116/><V49/><F68/><W62/><G62/><N who="0" m="38095" /><D25/><U75/><E75/><V22/><F8/><W74/><G125/><T29/><D29/><U100/><E117/><V99/><F77/><W127/><G127/><T133/><D31/><U13/><E118/><V102/><F102/><W115/><G115/><T33/><D33/><U6/><E100/><V69/><F69/><W66/><G72/><T42/><D133/><U45/><E39/><V123/><F123/><W97/><G74/><T94/><D94/><U81/><E63/><V37/><F37/><W86/><G9/><T28/><D28/><U7/><E81/><N who="2" m="31307" /><F53/><W96/><G55/><T82/><D82/><U119/><E119/><V134/><F134/><W41/><G38/><T90/><AGARI ba="3,2" hai="10,12,17,42,44,51,76,78,90,92,98" m="38095" machi="90" ten="30,3000,0" yaku="8,1,52,1" doraHai="89" who="0" fromWho="0" sc="390,59,240,-13,130,-13,220,-13" /><INIT seed="0,4,0,4,5,21" ten="449,227,117,207" oya="0" hai0="50,123,103,87,52,126,89,90,23,1,68,81,12" hai1="72,98,134,42,117,15,28,131,14,56,59,112,105" hai2="54,70,29,25,118,85,66,106,58,77,76,43,35" hai3="62,18,119,60,110,132,10,135,75,83,65,78,49"/><T113/><D113/><U100/><E117/><V74/><F118/><W114/><G119/><T27/><D1/><U8/><E112/><V115/><F115/><W31/><G114/><T82/><D68/><U109/><E72/><V9/><F74/><W20/><G110/><T53/><D126/><U6/><E109/><V94/><F106/><W64/><G31/><T128/><D128/><U101/><E131/><V47/><F70/><W37/><G10/><T16/><D123/><U107/><E134/><N who="3" m="51242" /><G49/><T129/><D129/><U36/><E28/><V127/><F66/><N who="3" m="25707" /><G37/><T34/><D103/><U130/><E130/><V11/><F127/><W26/><AGARI ba="4,0" hai="18,20,26,60,62,75,78,83" m="25707,51242" machi="26" ten="30,2000,0" yaku="20,1,52,1" doraHai="21" who="3" fromWho="3" sc="449,-14,227,-9,117,-9,207,32" /><INIT seed="1,0,0,1,2,61" ten="435,218,108,239" oya="1" hai0="24,109,65,3,120,135,45,46,47,39,117,57,48" hai1="93,86,17,78,11,124,33,100,27,76,77,6,9" hai2="131,42,108,53,26,0,89,121,34,116,132,12,41" hai3="113,7,29,13,60,128,88,96,126,21,112,59,123"/><U8/><E124/><V67/><F0/><W30/><G123/><T38/><D3/><U103/><E6/><V75/><F121/><W35/><G126/><T54/><D24/><U71/><E71/><V84/><F116/><W66/><G35/><T107/><D107/><U63/><E63/><V97/><F75/><W62/><G128/><T50/><D120/><U82/><E33/><V58/><F131/><W74/><G74/><T80/><D80/><U16/><E17/><V22/><F108/><W85/><G96/><T133/><D109/><U36/><E36/><N who="0" m="13865" /><D117/><U101/><REACH who="1" step="1"/><E93/><REACH who="1" ten="435,208,108,239" step="2"/><V32/><F32/><W2/><G62/><N who="0" m="38095" /><D48/><U70/><E70/><V79/><F34/><W55/><G7/><T129/><D129/><U92/><E92/><V83/><F12/><W1/><G1/><T15/><D15/><U49/><E49/><N who="2" m="31023" /><F132/><AGARI ba="0,1" hai="45,46,47,50,54,132,133,135" m="38095,13865" machi="132" ten="30,7700,0" yaku="20,1,34,2,52,1" doraHai="61" who="0" fromWho="2" sc="435,87,208,0,108,-77,239,0" /><INIT seed="2,0,0,1,4,73" ten="522,208,31,239" oya="2" hai0="61,53,131,52,29,116,24,112,99,11,74,45,66" hai1="104,120,63,50,87,135,33,129,56,21,3,6,90" hai2="84,26,133,76,132,98,68,4,103,34,113,79,128" hai3="64,97,71,85,10,82,20,42,31,47,41,28,70"/><V89/><F68/><W14/><G71/><T12/><D112/><U13/><E33/><V17/><F4/><W18/><G70/><T46/><D131/><U126/><E129/><V7/><F7/><N who="3" m="3423" /><G64/><T96/><D74/><U107/><E3/><V125/><F128/><W123/><G97/><T30/><D116/><U134/><E126/><V43/><F43/><N who="3" m="16395" /><G47/><T39/><D66/><N who="1" m="39271" /><E50/><V67/><F67/><W54/><G54/><T130/><D39/><U1/><E1/><V118/><F118/><W81/><G123/><T95/><D53/><U0/><E0/><V111/><F113/><W75/><G75/><T119/><D52/><U32/><E32/><V105/><F125/><W8/><G8/><T121/><D61/><U65/><E65/><V78/><F111/><W94/><G94/><T117/><D11/><N who="1" m="4343" /><E21/><V27/><F17/><W5/><G5/><T49/><D119/><U55/><E55/><V83/><REACH who="2" step="1"/><F27/><REACH who="2" ten="522,208,21,239" step="2"/><W23/><G18/><T101/><D24/><U86/><E120/><V60/><F60/><W109/><G109/><T22/><D121/><U92/><E135/><V77/><N who="2" m="19456" /><DORA hai="36" /><V58/><F58/><W100/><G28/><AGARI ba="0,1" hai="26,28,34,83,84,89,98,103,105,132,133" m="19456" machi="28" ten="50,12000,1" yaku="1,1,52,4,53,0" doraHai="73,36" doraHaiUra="19,38" who="2" fromWho="3" sc="522,0,208,0,21,130,239,-120" /><INIT seed="2,1,0,0,0,84" ten="522,208,151,119" oya="2" hai0="110,59,27,111,7,134,41,65,102,91,46,18,62" hai1="122,64,67,34,54,55,95,42,3,133,11,120,32" hai2="17,44,112,71,58,90,132,45,39,60,10,76,118" hai3="109,63,121,61,114,89,69,48,57,79,13,68,74"/><V21/><F112/><W129/><G121/><N who="1" m="46698" /><E133/><V28/><F118/><W30/><G114/><T20/><D102/><U113/><E113/><V94/><F71/><W36/><G30/><T40/><D134/><U38/><E95/><V53/><F39/><W78/><G74/><T128/><D128/><U92/><E92/><V14/><F132/><W0/><G0/><T66/><D7/><N who="1" m="1535" /><E42/><N who="0" m="16489" /><D46/><U130/><E130/><V49/><F76/><W23/><G36/><T47/><D47/><U83/><E83/><V33/><F33/><N who="1" m="12905" /><E38/><V96/><F49/><W56/><G48/><T127/><D66/><AGARI ba="1,0" hai="54,55,64,66,67" m="12905,1535,46698" machi="66" ten="30,1000,0" yaku="13,1" doraHai="84" who="1" fromWho="0" sc="522,-13,208,13,151,0,119,0" /><INIT seed="3,0,0,0,4,101" ten="509,221,151,119" oya="3" hai0="43,111,94,66,12,117,69,31,81,67,8,71,1" hai1="6,107,128,14,79,130,85,132,104,24,16,40,121" hai2="18,109,0,35,75,17,20,72,119,74,57,113,64" hai3="19,47,15,5,48,135,25,97,70,36,76,116,88"/><W125/><G116/><T50/><D1/><U80/><E121/><V103/><F113/><W134/><G36/><T100/><D31/><U32/><E132/><N who="3" m="50730" /><G70/><T44/><D111/><U22/><E40/><V129/><F119/><W112/><G112/><T38/><D117/><U86/><E86/><V96/><F35/><W68/><G68/><T4/><D71/><U90/><E90/><V46/><F0/><W28/><G76/><T110/><D110/><U82/><E82/><V98/><F109/><W39/><G5/><T83/><D38/><U59/><E59/><V56/><F129/><N who="1" m="49769" /><E6/><V123/><F123/><W7/><G7/><T99/><D69/><U93/><E93/><V102/><F46/><W37/><G125/><T73/><D73/><U3/><E3/><V89/><F89/><W95/><G48/><T9/><D9/><N who="1" m="6223" /><E32/><V58/><F64/><AGARI ba="0,0" hai="4,8,12,43,44,50,64,66,67,81,83,94,99,100" machi="64" ten="40,1300,0" yaku="8,1" doraHai="101" who="0" fromWho="2" sc="509,13,221,0,151,-13,119,0" owari="522,62.2,221,2.1,138,-26.2,119,-38.1" /></mjloggm>