<mjloggm ver="2.3"><GO type="225" lobby="0"/><UN n0="%E6%98%93%E5%88%A9%E8%96%A9%E4%BC%AF" n1="%E6%A1%9C%E8%8A%B1%E9%96%83%E3%80%85" n2="%E3%81%B2%E3%81%AA%E3%81%AE%E3%82%8A%E3%81%8F" n3="%61%6D%65%6B%69" dan="16,16,16,16" rate="2020.20,2212.28,2115.45,2077.72" sx="F,M,M,M"/><TAIKYOKU oya="0"/><INIT seed="0,0,0,4,3,49" ten="250,250,250,250" oya="0" hai0="85,129,29,14,18,88,0,57,55,9,78,36,125" hai1="63,66,74,102,59,53,40,117,67,75,109,97,104" hai2="20,13,101,25,106,84,37,68,71,132,32,33,70" hai3="123,34,61,28,41,115,2,44,73,51,12,98,72"/><T90/><D36/><U105/><E117/><V94/><F37/><W52/><G2/><T16/><D129/><U10/><E109/><V5/><F132/><W114/><G123/><T69/><D69/><U121/><E121/><V43/><F43/><W26/><G12/><N who="0" m="7183" /><D0/><U111/><E111/><V93/><F106/><W89/><G73/><T95/><D125/><U80/><E105/><V35/><F5/><W79/><G79/><T99/><D29/><U82/><E40/><V19/><F13/><W116/><G72/><T91/><D78/><U100/><E100/><V48/><F101/><W42/><G116/><T113/><D99/><U65/><E75/><V54/><REACH who="2" step="1"/><F84/><REACH who="2" ten="250,250,240,250" step="2"/><W23/><G41/><T21/><D113/><U47/><E74/><V107/><F107/><W15/><G15/><T30/><D30/><U64/><E10/><V86/><F86/><W134/><G134/><T56/><D56/><AGARI ba="0,1" hai="19,20,25,32,33,35,48,54,56,68,70,71,93,94" machi="56" ten="50,3200,0" yaku="1,1,52,1,53,0" doraHai="49" doraHaiUra="81" who="2" fromWho="0" sc="250,-32,250,0,240,42,250,0" /><INIT seed="1,0,0,5,0,25" ten="218,250,282,250" oya="1" hai0="135,84,46,85,97,20,58,24,65,70,16,71,81" hai1="26,38,108,7,124,4,37,125,103,45,129,119,121" hai2="89,80,106,126,82,78,56,3,101,91,40,33,51" hai3="32,19,22,83,49,130,31,88,116,67,6,95,14"/><U47/><E119/><V28/><F3/><W62/><G130/><T102/><D135/><U35/><E103/><V10/><F10/><W76/><G116/><T134/><D134/><U42/><E121/><V54/><F40/><W73/><G6/><N who="1" m="2090" /><E129/><V39/><F39/><N who="1" m="14857" /><E42/><V63/><F126/><N who="1" m="48745" /><E108/><V60/><F101/><W41/><G41/><T18/><D46/><N who="1" m="17419" /><E26/><V99/><F106/><W105/><G105/><T43/><D43/><U110/><E110/><V123/><F123/><W36/><G36/><T133/><D133/><U92/><E92/><V79/><F82/><W23/><G49/><T27/><D58/><U0/><E35/><V2/><F80/><W66/><G32/><T29/><D18/><U61/><E61/><V112/><F63/><W87/><G62/><T68/><D81/><U127/><N who="1" m="48753" /><U117/><DORA hai="132" /><E117/><V109/><F60/><W131/><G131/><T128/><D128/><U17/><E17/><V120/><F33/><W11/><G11/><T30/><D65/><U8/><E8/><V94/><F109/><W13/><G13/><T5/><D5/><U48/><E48/><V114/><F51/><W9/><G9/><T104/><REACH who="0" step="1"/><D16/><REACH who="0" ten="208,250,282,250" step="2"/><U107/><E107/><V90/><F120/><W1/><G1/><AGARI ba="0,1" hai="0,1" m="17419,48753,14857,2090" machi="1" ten="50,18000,2" yaku="28,2,18,1,52,4" doraHai="25,132" who="1" fromWho="3" sc="208,0,250,190,282,0,250,-180" /><INIT seed="1,1,0,3,3,88" ten="208,440,282,70" oya="1" hai0="116,75,26,122,49,125,10,24,56,84,107,39,13" hai1="55,60,100,27,90,0,38,127,91,113,34,2,117" hai2="67,134,78,131,11,123,112,86,40,105,124,133,9" hai3="58,96,22,106,36,80,92,76,17,54,73,37,52"/><U66/><E113/><V42/><F123/><W81/><G81/><T74/><D39/><U45/><E117/><V83/><F112/><W33/><G33/><T129/><D116/><U21/><E34/><V59/><F105/><W19/><G106/><T61/><D122/><U109/><E100/><V1/><F124/><W4/><G4/><T69/><D107/><U25/><E127/><V18/><F131/><W62/><G54/><T63/><D129/><U46/><E109/><V71/><F71/><W121/><G121/><T5/><D125/><U95/><E55/><V3/><F67/><W70/><G70/><T53/><D84/><U47/><E90/><V93/><F59/><W85/><G73/><T68/><D63/><U98/><E38/><V110/><F110/><W23/><G23/><T120/><D120/><U12/><E12/><V115/><F42/><W132/><G19/><T7/><D7/><U6/><E6/><V114/><F18/><W43/><G43/><T77/><D69/><U41/><E41/><V57/><F40/><W8/><G8/><T126/><D126/><U118/><E118/><V94/><F114/><W30/><G30/><T20/><D77/><U65/><E65/><V135/><F78/><W14/><REACH who="3" step="1"/><G132/><REACH who="3" ten="208,440,282,60" step="2"/><T82/><D74/><U119/><E119/><V48/><F134/><W50/><G50/><T16/><D75/><U108/><E108/><V87/><F133/><W101/><AGARI ba="1,1" hai="14,17,22,36,37,52,58,62,76,80,85,92,96,101" machi="101" ten="20,8000,1" yaku="1,1,0,1,7,1,52,1,54,1,53,0" doraHai="88" doraHaiUra="102" who="3" fromWho="3" sc="208,-21,440,-41,282,-21,60,93" /><INIT seed="2,0,0,5,1,24" ten="187,399,261,153" oya="2" hai0="31,27,126,58,54,40,92,79,109,118,33,26,57" hai1="69,97,65,64,94,42,93,98,74,39,101,84,22" hai2="14,130,20,100,110,41,103,135,15,127,50,61,3" hai3="121,60,18,89,17,91,96,70,68,52,132,113,88"/><V19/><F3/><W45/><G121/><T117/><D109/><U80/><E74/><V63/><F110/><W95/><G132/><T83/><D126/><U111/><E111/><V122/><F122/><W16/><G113/><T11/><D40/><U62/><E65/><V47/><F130/><W86/><G60/><N who="2" m="23113" /><F127/><W133/><G133/><T59/><D11/><U9/><E9/><V112/><F112/><W116/><G116/><N who="0" m="44651" /><D92/><U32/><E32/><V35/><F35/><W49/><REACH who="3" step="1"/><G86/><REACH who="3" ten="187,399,261,143" step="2"/><N who="0" m="48511" /><D27/><U4/><E62/><AGARI ba="0,1" hai="26,31,33,54,57,58,59,62" m="48511,44651" machi="62" ten="30,2000,0" yaku="12,1,52,1" doraHai="24" who="0" fromWho="1" sc="187,30,399,-20,261,0,143,0" /><INIT seed="3,0,0,1,4,108" ten="217,379,261,143" oya="3" hai0="123,99,106,56,111,112,72,117,89,125,30,76,1" hai1="102,90,65,63,84,22,33,75,25,114,29,23,103" hai2="60,3,115,34,116,81,2,129,62,45,97,39,18" hai3="20,42,98,100,43,118,127,85,7,4,41,79,8"/><W131/><G118/><T135/><RYUUKYOKU type="yao9" ba="0,0" sc="217,0,379,0,261,0,143,0" hai0="1,30,56,72,76,89,99,106,111,112,117,123,125,135" /><INIT seed="3,1,0,2,5,56" ten="217,379,261,143" oya="3" hai0="118,61,7,5,102,32,67,78,18,37,27,66,12" hai1="96,63,1,13,17,43,0,129,62,9,47,115,31" hai2="79,50,89,53,45,128,28,77,87,104,132,72,70" hai3="98,127,55,81,117,60,19,95,133,29,6,38,58"/><W26/><G117/><T10/><D118/><U134/><E115/><V35/><F70/><W83/><G127/><T11/><D37/><U107/><E31/><V54/><F104/><W75/><G133/><T69/><D78/><U108/><E108/><V68/><F72/><W22/><G38/><T123/><D123/><U20/><E134/><V135/><F68/><W91/><G75/><T25/><D67/><U125/><E125/><V111/><F111/><W49/><G6/><T74/><D74/><U82/><E82/><V57/><F128/><W21/><REACH who="3" step="1"/><G49/><REACH who="3" ten="217,379,261,133" step="2"/><T33/><D7/><U73/><E73/><V88/><F132/><W2/><G2/><T121/><D121/><U93/><E0/><V110/><F50/><W85/><G85/><T116/><D116/><U34/><E1/><V92/><F87/><W48/><G48/><T100/><D5/><U14/><E129/><V122/><F135/><W3/><G3/><T106/><D32/><U120/><E120/><V114/><F35/><W44/><G44/><T16/><D33/><U80/><E34/><V52/><F45/><W109/><G109/><T24/><D106/><U41/><E107/><V51/><F110/><W40/><G40/><T4/><D4/><U65/><E47/><V64/><F122/><W23/><G23/><T30/><D30/><U99/><E20/><V126/><F28/><W131/><G131/><T124/><D124/><U119/><E43/><V15/><F126/><W84/><G84/><T97/><D11/><U112/><E41/><V46/><F46/><W42/><G42/><T103/><D10/><RYUUKYOKU ba="1,1" sc="217,-10,379,-10,261,-10,133,30" hai3="19,21,22,26,29,55,58,60,81,83,91,95,98" /><INIT seed="3,2,1,0,4,101" ten="207,369,251,163" oya="3" hai0="96,112,129,41,21,58,29,4,38,39,23,9,126" hai1="37,67,105,98,100,134,10,70,104,84,25,120,85" hai2="128,72,79,20,64,111,118,2,77,125,1,7,109" hai3="36,99,5,27,51,65,45,127,73,13,92,24,75"/><W8/><G36/><T61/><D129/><U82/><E120/><V60/><F118/><W17/><G127/><T18/><D126/><U108/><E37/><V119/><F119/><W102/><G65/><T114/><D29/><U46/><E105/><V15/><F128/><W32/><G32/><T57/><D57/><U133/><E108/><N who="2" m="41547" /><F72/><W131/><G131/><T62/><D62/><U53/><E10/><N who="2" m="4575" /><F20/><W86/><G75/><T12/><D96/><U115/><E53/><V78/><F125/><W117/><G73/><T90/><D90/><U80/><E46/><V47/><F47/><W107/><G117/><T22/><D4/><U35/><E70/><AGARI ba="2,1" hai="1,2,60,64,70,77,78,79" m="4575,41547" machi="70" ten="30,1000,0" yaku="14,1" doraHai="101" who="2" fromWho="1" sc="207,0,369,-16,251,26,163,0" owari="207,-19.3,353,45.3,277,7.7,163,-33.7" /></mjloggm>