<mjloggm ver="2.3"><GO type="225" lobby="0"/><UN n0="%E4%B8%96%E7%95%8C%E3%81%AE%E4%BA%80%E4%BA%95" n1="%E3%81%BF%E3%81%BF%E3%81%9A" n2="%63%68%78%62%64" n3="%E3%83%97%E3%83%AC%E3%83%B4%E3%82%A1%E3%83%86%E3%82%A3" dan="17,16,16,16" rate="2198.61,2133.35,2156.93,2121.93" sx="M,M,M,F"/><TAIKYOKU oya="0"/><INIT seed="0,0,0,5,3,10" ten="250,250,250,250" oya="0" hai0="91,116,87,134,6,72,31,128,122,39,8,69,100" hai1="112,54,40,7,19,45,23,61,51,96,46,41,127" hai2="86,93,135,17,71,55,132,115,124,109,11,57,101" hai3="2,18,121,94,21,33,89,20,92,111,66,82,107"/><T60/><D69/><U4/><E127/><V133/><F115/><W13/><G2/><T22/><D116/><U43/><E112/><V24/><F109/><W120/><G33/><T78/><D122/><N who="3" m="47209" /><G107/><T16/><D39/><U25/><E61/><V34/><F71/><W65/><G111/><T26/><D134/><U119/><E119/><V42/><F42/><W131/><G131/><T81/><D60/><U30/><E96/><N who="2" m="59535" /><F86/><N who="3" m="50391" /><G21/><T114/><D114/><U1/><E1/><V85/><F85/><W95/><AGARI ba="0,0" hai="13,18,20,65,66,92,94,95" m="50391,47209" machi="95" ten="30,2000,0" yaku="13,1,52,1" doraHai="10" who="3" fromWho="3" sc="250,-10,250,-5,250,-5,250,20" /><INIT seed="1,0,0,5,5,64" ten="240,245,245,270" oya="1" hai0="65,21,39,96,92,22,51,66,7,38,81,118,106" hai1="114,91,50,47,116,74,135,127,41,52,57,56,67" hai2="124,62,123,86,128,9,5,108,97,79,35,25,82" hai3="90,113,8,68,45,59,29,44,27,31,107,18,54"/><U0/><E0/><V3/><F123/><W11/><G107/><T69/><D106/><U78/><E114/><V14/><F108/><W55/><G113/><T34/><D34/><U16/><E116/><V120/><F120/><W49/><G68/><T95/><D118/><U20/><E127/><V89/><F124/><W110/><G110/><T85/><D51/><U112/><E112/><V72/><F62/><W99/><G99/><T19/><D7/><U132/><E91/><V102/><F128/><W24/><G90/><T93/><D96/><U122/><E122/><V100/><F3/><W60/><G18/><T131/><D131/><U6/><E6/><V23/><F35/><W71/><G71/><T103/><D103/><U133/><E67/><V104/><F100/><W84/><G84/><T70/><D65/><U94/><E94/><V17/><F89/><W119/><G119/><T87/><D87/><U43/><E57/><V77/><F77/><W129/><G129/><T73/><D73/><U26/><REACH who="1" step="1"/><E47/><REACH who="1" ten="240,235,245,270" step="2"/><V58/><F58/><W13/><G59/><T36/><D66/><U61/><E61/><V121/><F121/><W134/><G60/><T1/><D1/><U15/><E15/><V83/><F83/><AGARI ba="0,1" hai="16,20,26,41,43,50,52,56,74,78,83,132,133,135" machi="83" ten="40,12000,1" yaku="1,1,20,1,54,2,53,0" doraHai="64" doraHaiUra="40" who="1" fromWho="2" sc="240,0,235,130,245,-120,270,0" /><INIT seed="1,1,0,0,4,126" ten="240,365,125,270" oya="1" hai0="2,117,102,33,17,92,124,87,64,111,21,80,36" hai1="125,63,23,120,38,79,42,30,16,62,101,66,115" hai2="46,86,83,51,12,50,133,52,11,81,106,78,1" hai3="49,55,131,130,119,29,43,70,56,89,71,123,65"/><U18/><E115/><V91/><F106/><W53/><G29/><T19/><D117/><U57/><E120/><V4/><F133/><W68/><G89/><T40/><D33/><U77/><E125/><V35/><F35/><W15/><G15/><T13/><D111/><U82/><E38/><V76/><F1/><W105/><G105/><T24/><D124/><U5/><E5/><V93/><F50/><W132/><G123/><T112/><D112/><U7/><E7/><V90/><REACH who="2" step="1"/><F81/><REACH who="2" ten="240,365,115,270" step="2"/><W100/><G132/><T28/><D2/><U41/><E82/><V85/><AGARI ba="1,1" hai="4,11,12,46,51,52,76,78,83,85,86,90,91,93" machi="85" ten="20,12000,2" yaku="1,1,2,1,0,1,7,1,8,1,54,1,53,1" doraHai="126" doraHaiUra="45" who="2" fromWho="2" sc="240,-31,365,-61,115,133,270,-31" /><INIT seed="2,0,0,3,1,60" ten="209,304,248,239" oya="2" hai0="3,49,106,130,109,88,56,5,99,30,118,63,102" hai1="91,125,101,18,104,93,114,120,37,116,19,94,100" hai2="1,131,62,82,24,96,42,126,77,71,4,124,50" hai3="75,89,107,23,72,95,22,135,105,43,58,115,28"/><V32/><F131/><W9/><G115/><T90/><D130/><U68/><E114/><V128/><F128/><W133/><G43/><T59/><D109/><U112/><E112/><V84/><F96/><W29/><G9/><T73/><D73/><U64/><E116/><V80/><F4/><W10/><G10/><T98/><D118/><U45/><E104/><V38/><F1/><W134/><G58/><T7/><D30/><N who="3" m="11881" /><G95/><T52/><D3/><U69/><E125/><N who="2" m="48235" /><F24/><W36/><G89/><T53/><REACH who="0" step="1"/><D90/><REACH who="0" ten="199,304,248,239" step="2"/><U27/><E91/><V6/><F32/><W8/><G8/><T81/><D81/><U103/><E120/><V44/><F82/><W129/><G129/><T31/><D31/><U12/><E94/><AGARI ba="0,1" hai="5,7,49,52,53,56,59,63,88,94,98,99,102,106" machi="94" ten="40,8000,1" yaku="1,1,54,2,53,1" doraHai="60" doraHaiUra="57" who="0" fromWho="1" sc="199,90,304,-80,248,0,239,0" /><INIT seed="3,0,0,0,4,8" ten="289,224,248,239" oya="3" hai0="125,85,98,38,83,127,103,24,81,65,118,31,52" hai1="86,132,30,9,101,74,79,53,64,26,23,14,78" hai2="25,105,56,113,45,87,22,112,19,36,20,73,12" hai3="43,90,54,84,88,117,13,69,92,47,39,28,107"/><W51/><G107/><T76/><D118/><U7/><E132/><V114/><F73/><W124/><G117/><T82/><D38/><U131/><E74/><V5/><F105/><W35/><G69/><T46/><D65/><U80/><E131/><V57/><F87/><W48/><G124/><N who="0" m="47691" /><D46/><U16/><E64/><V135/><F135/><W61/><G35/><N who="0" m="20967" /><D52/><U42/><E42/><V27/><F5/><W126/><G28/><T119/><D119/><U104/><E53/><V41/><REACH who="2" step="1"/><F27/><REACH who="2" ten="289,224,238,239" step="2"/><W68/><G126/><T102/><D102/><U75/><E75/><V115/><N who="2" m="28672" /><DORA hai="93" /><V100/><F100/><W67/><G90/><T44/><D85/><U2/><E101/><V1/><F1/><W3/><G3/><T33/><D103/><U29/><E104/><V59/><F59/><W106/><G106/><T89/><D98/><U71/><E71/><V4/><F4/><W40/><G40/><T96/><D96/><U34/><E30/><AGARI ba="0,1" hai="12,19,20,22,25,30,36,41,45,56,57" m="28672" machi="30" ten="70,4500,0" yaku="1,1,52,1,53,0" doraHai="8,93" doraHaiUra="6,50" who="2" fromWho="1" sc="289,0,224,-45,238,55,239,0" /><INIT seed="4,0,0,5,3,0" ten="289,179,293,239" oya="0" hai0="88,24,109,5,28,75,131,113,55,108,126,120,111" hai1="95,112,105,9,7,103,52,134,66,29,56,37,64" hai2="84,3,33,119,2,116,14,57,53,11,74,43,44" hai3="128,40,93,123,81,114,83,92,48,36,22,27,82"/><T135/><D113/><U1/><E112/><V70/><F74/><W107/><G114/><T110/><D120/><U41/><E105/><V12/><F70/><W39/><G123/><T85/><D126/><U91/><E103/><V61/><F33/><W47/><G107/><T77/><D131/><U16/><E29/><V87/><F87/><W121/><G128/><T6/><D135/><U23/><E134/><V30/><F30/><W117/><G117/><N who="2" m="45129" /><F84/><W130/><G130/><T122/><D122/><U34/><E34/><V106/><F106/><W38/><REACH who="3" step="1"/><G121/><REACH who="3" ten="289,179,293,229" step="2"/><T79/><D108/><U101/><E101/><V102/><F102/><W80/><N who="3" m="20480" /><DORA hai="35" /><W127/><G127/><T129/><D75/><U133/><E133/><V17/><F14/><W104/><G104/><T20/><D129/><U32/><E32/><V10/><F10/><W99/><G99/><T49/><D77/><U15/><E91/><V68/><F68/><W73/><G73/><T25/><D79/><U21/><E95/><V71/><F71/><W132/><G132/><T65/><D88/><U90/><E90/><V100/><F100/><W46/><G46/><N who="0" m="28087" /><D85/><U54/><E23/><V96/><F96/><W78/><G78/><T4/><D65/><U118/><E118/><V86/><F86/><W60/><G60/><T62/><D62/><U89/><E89/><V63/><F63/><W50/><G50/><AGARI ba="0,1" hai="2,3,11,12,17,43,44,50,53,57,61" m="45129" machi="50" ten="30,3900,0" yaku="12,1,52,2" doraHai="0,35" who="2" fromWho="3" sc="289,0,179,0,293,49,229,-39" owari="289,8.9,179,-32.1,342,44.2,190,-21.0" /></mjloggm>