<mjloggm ver="2.3"><GO type="225" lobby="0"/><UN n0="%E6%B8%A9%E2%98%85%E6%83%85%E2%98%85%E6%8E%AA%E2%98%85%E7%BD%AE" n1="%E5%A4%8F%E9%88%B4%E9%88%B4%E5%A4%8F" n2="%45%6C%79%73%69%75%6D" n3="%63%68%78%62%64" dan="16,16,17,16" rate="2166.26,2125.50,2082.03,2115.35" sx="M,M,F,M"/><TAIKYOKU oya="0"/><INIT seed="0,0,0,0,3,95" ten="250,250,250,250" oya="0" hai0="64,123,8,56,0,135,10,33,86,106,41,1,103" hai1="99,82,7,36,75,4,28,16,51,125,31,132,111" hai2="2,30,21,13,72,114,6,62,12,65,53,110,97" hai3="126,34,48,15,37,70,102,121,49,63,74,3,91"/><T9/><D123/><U104/><E36/><V38/><F72/><W69/><G3/><T129/><D135/><U112/><E132/><V57/><F114/><W76/><G37/><T24/><D129/><U105/><E112/><V79/><F79/><W120/><G126/><T43/><D86/><U130/><E125/><V78/><F78/><W134/><G34/><T46/><D33/><U23/><E111/><V68/><F38/><W58/><G134/><T22/><D1/><U100/><E105/><V52/><F110/><W122/><G102/><T98/><D0/><U42/><E130/><V96/><F2/><W45/><G91/><T44/><D56/><U81/><E31/><V128/><F128/><W17/><G76/><T77/><D64/><U29/><E28/><V109/><F109/><W89/><G89/><T85/><D85/><U127/><E29/><V131/><F131/><W117/><G74/><T73/><D22/><U92/><E104/><V25/><F53/><N who="3" m="34255" /><G117/><T61/><D24/><N who="1" m="14439" /><E75/><V20/><F20/><N who="3" m="11327" /><G48/><T27/><D61/><U14/><E127/><V101/><F101/><W87/><G87/><T119/><D119/><U93/><E93/><V40/><F40/><AGARI ba="0,0" hai="40,45,49,69,70,120,121,122" m="11327,34255" machi="40" ten="30,1000,0" yaku="13,1" doraHai="95" who="3" fromWho="2" sc="250,0,250,0,250,-10,250,10" /><INIT seed="1,0,0,3,3,57" ten="250,250,240,260" oya="1" hai0="120,96,39,85,49,121,7,17,5,81,47,59,36" hai1="53,66,48,80,55,97,2,91,119,114,10,18,103" hai2="67,19,38,4,106,116,32,60,65,73,125,13,87" hai3="21,130,104,42,118,105,50,11,117,122,15,113,31"/><U23/><E114/><V30/><F73/><W77/><G122/><N who="0" m="47211" /><D17/><U14/><E119/><N who="3" m="45578" /><G113/><T35/><D35/><U26/><E2/><V78/><F116/><W40/><G77/><N who="0" m="46255" /><D59/><U99/><E66/><V133/><F38/><N who="0" m="14378" /><D96/><U27/><E27/><V6/><F32/><W110/><G110/><T89/><D89/><U94/><E48/><V45/><F30/><W109/><G109/><T33/><D33/><U84/><REACH who="1" step="1"/><E99/><REACH who="1" ten="250,240,240,260" step="2"/><V29/><F65/><W132/><G50/><T131/><D131/><U100/><E100/><V52/><F67/><W9/><G130/><T92/><D92/><U51/><E51/><V115/><F115/><W79/><G105/><T134/><D134/><U129/><E129/><V74/><F133/><W93/><G104/><T62/><D62/><U8/><E8/><V56/><F106/><W95/><G93/><T127/><D127/><U24/><E24/><V37/><F125/><W3/><G95/><T0/><D0/><U82/><E82/><V69/><F60/><W107/><G107/><T22/><D22/><U28/><AGARI ba="0,1" hai="10,14,18,23,26,28,53,55,80,84,91,94,97,103" machi="28" ten="20,7800,0" yaku="1,1,0,1,7,1,8,1,53,0" doraHai="57" doraHaiUra="1" who="1" fromWho="1" sc="250,-26,240,88,240,-26,260,-26" /><INIT seed="1,1,0,5,5,123" ten="224,328,214,234" oya="1" hai0="132,11,134,98,116,92,2,59,20,1,50,86,6" hai1="89,7,129,83,67,17,23,87,105,101,45,48,94" hai2="40,122,36,114,126,22,39,43,47,75,115,79,125" hai3="103,85,49,56,31,65,117,4,57,53,46,76,78"/><U30/><E129/><V12/><F12/><W95/><G117/><T55/><D116/><U35/><E105/><V26/><F122/><W16/><G4/><T133/><D20/><U24/><E7/><V63/><F79/><W91/><G103/><N who="0" m="60871" /><D86/><U99/><E67/><V124/><F75/><W44/><G31/><T102/><D102/><U97/><E97/><V51/><F63/><N who="3" m="38119" /><G16/><T135/><N who="0" m="33792" /><DORA hai="15" /><T131/><D131/><U88/><E101/><V18/><REACH who="2" step="1"/><F43/><REACH who="2" ten="224,328,204,234" step="2"/><W96/><G78/><T107/><D107/><U104/><E104/><V10/><F10/><W32/><G32/><T60/><D60/><U82/><E35/><V0/><F0/><AGARI ba="1,1" hai="0,1,2,6,11,50,55,59" m="33792,60871" machi="0" ten="60,2000,0" yaku="20,1" doraHai="123,15" who="0" fromWho="2" sc="224,33,328,0,204,-23,234,0" /><INIT seed="2,0,0,3,1,25" ten="257,328,181,234" oya="2" hai0="1,0,47,112,43,79,124,19,73,57,17,129,88" hai1="86,4,8,7,29,16,92,91,2,28,74,116,93" hai2="30,11,39,113,94,52,3,117,131,5,101,125,128" hai3="69,85,99,102,54,122,98,70,38,72,27,119,103"/><V24/><F117/><W100/><G72/><T76/><D112/><U78/><E116/><V135/><F113/><W53/><G119/><T81/><D129/><N who="2" m="49738" /><F135/><W126/><G122/><T134/><D134/><U6/><E2/><V107/><F125/><W40/><G126/><T104/><D104/><U18/><E74/><V90/><F39/><W127/><G127/><T35/><D35/><U31/><E78/><V56/><F101/><W111/><G111/><T118/><D118/><U68/><E68/><V23/><F107/><W33/><G85/><T96/><D76/><U108/><E108/><V63/><F94/><N who="1" m="36457" /><E8/><V12/><F90/><W105/><G70/><T15/><D88/><U67/><E67/><V37/><F37/><W83/><G69/><T80/><D124/><U49/><E49/><V97/><F97/><W89/><G89/><T65/><D96/><U48/><E48/><V62/><F62/><W34/><G83/><AGARI ba="0,0" hai="4,6,7,16,18,28,29,31,83,86,91" m="36457" machi="83" ten="30,8000,1" yaku="8,1,52,3,54,1" doraHai="25" who="1" fromWho="3" sc="257,0,328,80,181,0,234,-80" /><INIT seed="3,0,0,5,5,82" ten="257,408,181,154" oya="3" hai0="85,18,30,135,81,131,50,79,20,45,118,109,60" hai1="72,13,51,93,134,58,6,44,117,96,103,57,47" hai2="83,14,38,8,77,132,48,125,54,68,27,74,69" hai3="126,102,90,65,17,130,9,35,108,52,34,5,88"/><W120/><G120/><T94/><D118/><U106/><E72/><V62/><F132/><W66/><G130/><T133/><D109/><U67/><E134/><N who="0" m="51209" /><D131/><U64/><E106/><V92/><F38/><W100/><G108/><T115/><D60/><N who="1" m="37903" /><E117/><V28/><F62/><W124/><G5/><T119/><D94/><U39/><E39/><V114/><F92/><W89/><G9/><T31/><D115/><U113/><E113/><V63/><F63/><W53/><G90/><T41/><D119/><U11/><E67/><V0/><F0/><W7/><G7/><T23/><D23/><U105/><E105/><V73/><F73/><W15/><REACH who="3" step="1"/><G17/><REACH who="3" ten="257,408,181,144" step="2"/><T29/><D29/><U91/><E91/><V33/><F114/><W3/><G3/><T104/><D31/><U49/><E6/><V43/><F125/><W80/><G80/><T25/><D30/><U22/><E11/><V101/><F101/><W46/><G46/><T99/><D18/><U21/><E103/><V75/><F8/><W84/><G84/><T59/><D85/><U10/><E47/><N who="2" m="25727" /><F74/><W116/><G116/><T12/><D45/><U4/><E4/><V129/><F129/><W37/><G37/><T32/><D81/><U122/><E122/><V95/><F75/><W97/><G97/><T127/><D99/><U55/><E96/><V71/><F83/><W86/><G86/><T24/><D127/><U78/><E10/><V70/><F28/><W16/><G16/><T111/><D111/><U87/><E44/><V26/><F33/><W107/><G107/><T98/><D104/><U121/><E87/><RYUUKYOKU ba="0,1" sc="257,-10,408,-10,181,-10,144,30" hai3="15,34,35,52,53,65,66,88,89,100,102,124,126" /><INIT seed="3,1,1,3,4,78" ten="247,398,171,174" oya="3" hai0="29,24,132,5,0,113,62,44,75,1,25,42,96" hai1="51,76,100,12,119,52,97,129,88,59,84,89,66" hai2="19,55,79,80,77,17,91,26,72,135,93,68,67" hai3="92,43,61,81,50,4,57,123,45,124,74,11,106"/><W111/><G123/><T8/><D75/><U16/><E129/><V63/><F135/><W107/><G124/><T85/><D132/><U9/><E119/><V118/><F118/><W56/><G111/><T127/><D127/><U128/><E128/><V49/><F77/><W46/><G57/><T109/><D109/><U15/><E66/><V108/><F26/><W36/><G92/><T54/><D1/><U134/><E134/><V114/><F108/><W99/><G99/><T23/><D113/><U105/><REACH who="1" step="1"/><E12/><REACH who="1" ten="247,388,171,174" step="2"/><V27/><F114/><W121/><G121/><T120/><D0/><U117/><E117/><V41/><F27/><W3/><G74/><T20/><D25/><U14/><E14/><V58/><F41/><W48/><G81/><AGARI ba="1,2" hai="9,15,16,51,52,59,76,81,84,88,89,97,100,105" machi="81" ten="40,8000,1" yaku="1,1,52,1,54,3,53,0" doraHai="78" doraHaiUra="33" who="1" fromWho="3" sc="247,0,388,103,171,0,174,-83" owari="247,4.7,491,59.1,171,-22.9,91,-40.9" /></mjloggm>