<mjloggm ver="2.3"><GO type="225" lobby="0"/><UN n0="%E3%81%A8%E3%82%93%E3%81%A8%E3%81%93%E3%81%A8%E3%82%93" n1="%E3%81%82%E3%81%99%E3%81%AB%E3%82%83%E3%82%80" n2="%6D%75%75%6D%75%72%61" n3="%E5%A4%96%E5%B7%9D%E7%AB%9C%E6%88%90" dan="16,16,16,16" rate="2091.76,2132.11,2148.38,2207.05" sx="M,F,F,M"/><TAIKYOKU oya="0"/><INIT seed="0,0,0,1,3,39" ten="250,250,250,250" oya="0" hai0="114,107,76,113,40,119,127,109,53,90,79,95,42" hai1="13,72,27,135,5,110,60,74,55,98,32,89,48" hai2="2,91,6,24,38,96,64,123,80,14,134,86,46" hai3="1,120,25,43,52,36,21,128,93,99,117,118,71"/><T23/><D119/><U105/><E110/><V133/><F123/><W67/><G1/><T69/><D107/><U97/><E135/><V126/><F2/><W102/><G120/><T82/><D69/><U106/><E60/><V84/><F126/><W101/><G128/><T61/><D127/><U50/><E105/><V122/><F122/><W33/><G33/><T11/><D109/><U20/><E48/><V92/><F64/><W62/><G102/><T3/><D3/><U70/><E97/><V63/><F63/><W78/><G78/><T8/><D23/><U88/><E89/><V28/><F6/><W111/><G111/><T104/><D104/><U41/><E106/><V29/><F14/><W17/><REACH who="3" step="1"/><G52/><REACH who="3" ten="250,250,250,240" step="2"/><T10/><D113/><U81/><E72/><V54/><F54/><W15/><G15/><T73/><D114/><U26/><E74/><V16/><F134/><W115/><G115/><T34/><D34/><U57/><E32/><V30/><F133/><W65/><G65/><T47/><D79/><U77/><E77/><V68/><F91/><W19/><G19/><T121/><D121/><U124/><E88/><V108/><F16/><W56/><G56/><T45/><D47/><AGARI ba="0,1" hai="17,21,25,36,43,47,62,67,71,93,99,101,117,118" machi="47" ten="40,2600,0" yaku="1,1,52,1,53,0" doraHai="39" doraHaiUra="83" who="3" fromWho="0" sc="250,-26,250,0,250,0,240,36" /><INIT seed="1,0,0,0,5,60" ten="224,250,250,276" oya="1" hai0="33,89,114,57,72,26,37,92,102,86,95,133,108" hai1="91,69,100,97,119,104,54,0,113,132,68,49,16" hai2="44,30,65,73,124,116,88,12,117,71,34,75,23" hai3="98,103,20,53,43,2,61,130,135,51,56,35,112"/><U111/><E113/><V1/><F124/><W128/><G112/><T18/><D37/><U107/><E119/><V120/><F1/><W59/><G35/><T84/><D114/><U14/><E0/><V42/><F120/><W58/><G2/><T40/><D72/><U126/><E107/><V121/><F121/><W134/><G20/><T131/><D108/><U45/><E126/><V78/><F34/><W24/><G24/><T96/><D131/><N who="3" m="50217" /><G98/><T122/><D122/><U41/><E132/><N who="3" m="50730" /><G103/><T93/><D133/><U90/><E111/><V82/><F75/><W106/><G106/><T110/><D110/><U76/><E76/><V63/><F88/><W105/><G105/><T70/><D70/><U83/><E69/><V101/><F101/><W62/><G43/><T48/><D33/><U22/><E68/><V7/><F30/><W17/><G17/><T118/><D40/><U6/><E83/><V74/><F74/><W79/><G79/><T66/><D86/><U28/><E28/><V50/><REACH who="2" step="1"/><F23/><REACH who="2" ten="224,250,240,276" step="2"/><W3/><G3/><T115/><D89/><U99/><E99/><V25/><F25/><W94/><G94/><T38/><D93/><U39/><REACH who="1" step="1"/><E6/><REACH who="1" ten="224,240,240,276" step="2"/><V80/><F80/><W81/><G81/><T64/><D96/><U9/><E9/><AGARI ba="0,2" hai="7,9,12,42,44,50,63,65,71,73,78,82,116,117" machi="9" ten="40,2600,0" yaku="1,1,52,1,53,0" doraHai="60" doraHaiUra="27" who="2" fromWho="1" sc="224,0,240,-26,240,46,276,0" /><INIT seed="2,0,0,2,0,10" ten="224,214,286,276" oya="2" hai0="122,37,19,63,12,79,7,17,77,68,34,99,6" hai1="32,36,66,109,29,30,51,47,28,48,42,46,113" hai2="119,14,13,69,18,106,53,125,49,24,126,90,43" hai3="132,78,121,62,3,41,87,84,56,103,64,59,20"/><V104/><F119/><W35/><G121/><T22/><D122/><U8/><E113/><V96/><F69/><W75/><G35/><T112/><D112/><U130/><E109/><V129/><F43/><W128/><G3/><T118/><D118/><U105/><E105/><V39/><F39/><W102/><G128/><T55/><D34/><U120/><E130/><V135/><F129/><W101/><G132/><T76/><D37/><U26/><E120/><V67/><F67/><W52/><G41/><T61/><D68/><U40/><E36/><V33/><F135/><W115/><G115/><T4/><D99/><U45/><E45/><V80/><F80/><W88/><G20/><T134/><D134/><U27/><E66/><V60/><F60/><N who="3" m="35847" /><G75/><T111/><D111/><U57/><E57/><N who="2" m="32943" /><F104/><W50/><G50/><T116/><D116/><U65/><E65/><V117/><F117/><W92/><G78/><T89/><D89/><U95/><E32/><V44/><F44/><W5/><G5/><T71/><D71/><U25/><E95/><N who="2" m="56439" /><F106/><W82/><G82/><T16/><D55/><U98/><E98/><AGARI ba="0,0" hai="59,62,64,84,87,88,92,98,101,102,103" m="35847" machi="98" ten="30,3900,0" yaku="8,1,54,2" doraHai="10" who="3" fromWho="1" sc="224,0,214,-39,286,0,276,39" /><INIT seed="3,0,0,0,5,58" ten="224,175,286,315" oya="3" hai0="2,101,36,15,72,55,108,103,1,44,117,118,40" hai1="96,123,35,22,125,67,54,32,127,37,39,85,71" hai2="132,89,41,69,128,48,24,30,112,84,95,88,20" hai3="115,100,50,59,65,56,13,104,93,133,114,106,107"/><W19/><G133/><T135/><D72/><U63/><E123/><V86/><F132/><W57/><G65/><T126/><D135/><U7/><E7/><V8/><F69/><W90/><G100/><T79/><D79/><U130/><E96/><N who="2" m="57447" /><F112/><W33/><G33/><T77/><D77/><U38/><E130/><V74/><F74/><W49/><G49/><T105/><D108/><U129/><E129/><V5/><F128/><W26/><G26/><T53/><D15/><U76/><E22/><V91/><F8/><W99/><REACH who="3" step="1"/><G50/><REACH who="3" ten="224,175,286,305" step="2"/><T83/><D118/><U119/><E119/><V51/><F51/><W47/><G47/><T73/><D44/><U46/><E32/><V80/><F48/><W0/><G0/><T134/><D101/><U34/><E46/><V92/><F41/><W9/><AGARI ba="0,1" hai="9,13,19,56,57,59,90,93,99,104,106,107,114,115" machi="9" ten="40,3900,0" yaku="1,1,0,1,53,0" doraHai="58" doraHaiUra="43" who="3" fromWho="3" sc="224,-13,175,-13,286,-13,305,49" owari="211,-18.9,162,-33.8,273,7.3,354,45.4" /></mjloggm>