<mjloggm ver="2.3"><GO type="225" lobby="0"/><UN n0="%E3%81%A4%E3%81%A3%E3%81%B1%E3%82%8A%E3%83%9D%E3%83%BC%E3%83%AB" n1="%E6%A1%9C%E8%8A%B1%E9%96%83%E3%80%85" n2="%6D%75%75%73%61%6E%6D%75" n3="%E3%80%93%E3%81%97%E3%83%BC%E3%82%89%E3%80%93" dan="16,16,16,16" rate="2159.43,2166.23,2167.50,2159.86" sx="M,M,F,M"/><TAIKYOKU oya="0"/><INIT seed="0,0,0,0,3,19" ten="250,250,250,250" oya="0" hai0="45,89,103,78,124,132,42,97,38,3,52,80,133" hai1="41,134,1,28,54,0,76,85,39,33,83,126,65" hai2="15,69,109,116,82,93,115,104,84,49,95,58,36" hai3="101,75,9,77,40,92,24,48,113,47,94,23,123"/><T90/><D124/><U120/><E120/><V29/><F104/><W12/><G123/><T86/><D3/><U16/><E126/><V27/><F115/><W44/><G113/><T68/><D68/><U32/><E65/><V108/><F69/><W56/><G75/><T117/><D117/><U112/><E112/><V87/><F36/><W17/><G77/><T20/><D20/><U96/><E134/><N who="0" m="51817" /><D52/><U25/><E32/><V110/><F116/><W111/><G111/><T50/><D38/><U22/><E96/><V131/><F131/><W128/><G128/><T46/><D46/><U121/><E121/><V72/><F15/><W26/><G101/><T18/><D18/><U21/><E33/><V102/><F49/><N who="3" m="26759" /><G56/><T122/><D122/><U66/><E66/><V8/><F58/><W88/><G9/><T81/><D80/><U63/><E39/><V105/><F8/><W106/><G106/><AGARI ba="0,0" hai="42,45,50,78,81,86,89,90,97,103,106" m="51817" machi="106" ten="30,1500,0" yaku="20,1" doraHai="19" who="0" fromWho="3" sc="250,15,250,0,250,0,250,-15" /><INIT seed="0,1,0,0,0,66" ten="265,250,250,235" oya="0" hai0="30,114,46,108,33,67,122,115,15,106,18,23,129" hai1="65,39,117,3,80,56,8,126,91,103,64,42,48" hai2="112,97,21,124,9,120,69,32,123,22,109,79,119" hai3="4,19,110,84,36,95,86,60,31,0,26,43,113"/><T45/><D122/><U131/><E117/><V7/><F112/><W28/><G113/><T50/><D106/><U132/><E103/><V1/><F32/><W85/><G110/><T107/><D107/><U75/><E126/><V58/><F109/><W125/><G125/><T87/><D108/><U82/><E131/><V10/><F124/><W77/><G77/><T118/><D118/><U17/><E132/><V29/><F119/><W61/><G95/><T76/><D129/><U68/><E17/><V81/><F97/><W57/><G19/><T100/><D100/><U6/><E91/><V53/><F10/><W127/><G127/><T105/><D67/><U5/><E5/><V11/><F11/><W37/><G4/><T128/><D46/><N who="1" m="23903" /><E65/><V83/><F69/><W94/><G0/><T116/><D105/><U78/><E82/><V55/><F81/><W51/><G94/><T62/><D128/><U93/><E93/><V98/><F98/><W121/><G121/><T27/><D116/><U133/><E133/><V99/><F99/><W88/><G88/><T16/><D18/><U52/><E64/><V13/><F1/><W34/><G31/><T24/><D87/><U35/><E35/><V14/><F29/><W38/><REACH who="3" step="1"/><G57/><REACH who="3" ten="265,250,250,225" step="2"/><T63/><D76/><U104/><E104/><V72/><F58/><W70/><G70/><AGARI ba="1,1" hai="3,6,8,48,52,56,68,70,75,78,80" m="23903" machi="70" ten="30,7700,0" yaku="25,1,52,2,54,1" doraHai="66" who="1" fromWho="3" sc="265,0,250,90,250,0,225,-80" /><INIT seed="1,0,0,0,3,21" ten="265,340,250,145" oya="1" hai0="20,96,42,129,113,116,97,44,73,88,62,26,95" hai1="131,135,92,66,27,104,132,45,130,126,127,38,1" hai2="69,32,41,72,14,22,59,19,15,13,57,99,64" hai3="75,71,91,11,103,133,3,134,18,119,82,36,81"/><U35/><E104/><V80/><F32/><W101/><G71/><T117/><D113/><U6/><E66/><V85/><F72/><W17/><G36/><T7/><D73/><U24/><E92/><V30/><F41/><W77/><G3/><T93/><D7/><U50/><E38/><V4/><F30/><W114/><G11/><T120/><D129/><N who="1" m="49163" /><E35/><V89/><F99/><W128/><G17/><T74/><D74/><U111/><E111/><V34/><F34/><W10/><G18/><T16/><D120/><U51/><E6/><V12/><F4/><W115/><G10/><T118/><D62/><U98/><E98/><V90/><F69/><W46/><G46/><T58/><D58/><U0/><E50/><V25/><F64/><W76/><G128/><T29/><D29/><U68/><E68/><V109/><F109/><W31/><G31/><T110/><D110/><U9/><E9/><V108/><N who="2" m="3072" /><DORA hai="107" /><V87/><REACH who="2" step="1"/><F108/><REACH who="2" ten="265,340,240,145" step="2"/><W86/><G119/><T23/><D23/><U5/><E5/><V49/><F49/><W63/><G63/><T2/><D2/><N who="1" m="1131" /><E24/><V55/><F55/><W65/><G65/><T53/><D53/><N who="1" m="29935" /><E27/><V121/><F121/><W37/><G37/><T106/><D106/><U112/><E112/><N who="3" m="43050" /><G77/><T122/><D122/><U28/><E28/><V39/><F39/><W43/><G43/><T52/><D42/><U33/><E33/><V125/><F125/><AGARI ba="0,1" hai="125,126,127,132,135" m="29935,1131,49163" machi="125" ten="40,12000,1" yaku="30,2,18,1,19,1" doraHai="21,107" who="1" fromWho="2" sc="265,0,340,130,240,-120,145,0" /><INIT seed="1,1,0,4,0,67" ten="265,470,120,145" oya="1" hai0="54,77,25,115,74,51,62,26,34,124,122,69,48" hai1="88,8,55,2,47,0,61,89,94,84,132,76,111" hai2="15,21,43,64,44,100,68,78,96,116,81,35,101" hai3="58,39,65,56,93,133,22,121,131,12,114,37,123"/><U80/><E132/><V6/><F35/><W104/><G104/><T117/><D115/><U28/><E111/><V71/><F116/><W41/><G114/><T11/><D117/><U24/><E89/><V82/><F64/><W9/><G133/><T45/><D34/><U7/><E2/><V60/><F60/><W125/><G131/><T109/><D109/><U110/><E110/><V72/><F82/><W52/><G125/><T5/><D124/><U97/><E47/><V53/><F53/><W119/><G119/><T50/><D122/><U108/><E108/><V135/><F135/><W87/><G22/><T106/><D106/><U66/><E55/><V107/><F100/><W18/><G58/><T17/><D77/><U73/><E24/><V36/><REACH who="2" step="1"/><F6/><REACH who="2" ten="265,470,110,145" step="2"/><W103/><G65/><T38/><D62/><U31/><REACH who="1" step="1"/><E73/><REACH who="1" ten="265,460,110,145" step="2"/><V120/><F120/><W113/><G123/><T27/><D74/><U98/><E98/><V79/><F79/><W32/><G121/><T1/><D54/><U14/><E14/><V75/><F75/><W105/><G12/><T112/><D112/><U102/><E102/><V83/><F83/><W16/><G103/><T40/><D1/><U13/><E13/><V46/><F46/><W134/><G134/><T92/><D45/><U42/><E42/><V128/><F128/><W85/><G41/><T59/><D40/><U99/><E99/><V57/><F57/><AGARI ba="1,2" hai="0,7,8,28,31,57,61,66,76,80,84,88,94,97" machi="57" ten="30,5800,0" yaku="1,1,7,1,54,1,53,0" doraHai="67" doraHaiUra="126" who="1" fromWho="2" sc="265,0,460,81,110,-61,145,0" /><INIT seed="1,2,0,5,4,117" ten="265,541,49,145" oya="1" hai0="98,133,47,70,134,79,127,121,52,124,95,85,51" hai1="62,42,106,104,78,119,11,5,59,26,72,115,118" hai2="34,50,56,101,76,46,77,15,71,74,90,89,10" hai3="83,125,103,114,25,16,35,91,39,36,100,54,38"/><U1/><E115/><V19/><F71/><W123/><G114/><T112/><D112/><U110/><E26/><V132/><F34/><W23/><G125/><N who="0" m="48203" /><D70/><U9/><E9/><V105/><F132/><N who="0" m="50794" /><D121/><U87/><E87/><V6/><F105/><W63/><G123/><T8/><D8/><U3/><E3/><V31/><F101/><W17/><G35/><T45/><D85/><U128/><E11/><V40/><F31/><W55/><G83/><T2/><D79/><U32/><E78/><V65/><F74/><W28/><G91/><N who="0" m="55679" /><D2/><U113/><E1/><V107/><F107/><W81/><G81/><T27/><D27/><U73/><E73/><V126/><F126/><W102/><REACH who="3" step="1"/><G63/><REACH who="3" ten="265,541,49,135" step="2"/><T120/><D120/><U29/><E62/><N who="2" m="38087" /><F76/><W96/><G96/><T68/><D68/><U49/><E113/><V97/><F77/><W21/><G21/><T64/><D64/><U58/><E32/><V24/><F97/><W108/><G108/><T12/><D12/><U66/><E110/><V61/><F61/><W69/><G69/><T44/><AGARI ba="2,1" hai="44,45,47,51,52" m="55679,50794,48203" machi="44" ten="40,5200,0" yaku="18,1,20,1,54,1" doraHai="117" who="0" fromWho="0" sc="265,68,541,-28,49,-15,135,-15" /><INIT seed="2,0,0,3,5,44" ten="333,513,34,120" oya="2" hai0="74,1,2,51,61,16,48,12,119,9,65,90,109" hai1="134,79,45,104,37,86,24,58,72,52,39,84,122" hai2="106,63,46,105,27,0,15,85,41,19,60,34,73" hai3="13,18,80,95,132,30,115,35,89,103,70,4,68"/><V113/><F73/><W112/><G132/><T14/><D74/><U29/><E104/><V26/><F0/><W111/><G111/><T56/><D109/><U25/><E25/><V99/><F113/><N who="3" m="43595" /><G4/><N who="0" m="3111" /><D2/><U121/><E72/><V22/><F85/><N who="1" m="32873" /><E45/><V107/><F99/><N who="3" m="57839" /><G103/><T71/><D1/><U47/><E47/><V94/><F94/><W116/><G80/><T5/><D71/><U11/><E11/><V42/><F42/><W8/><G116/><T88/><D5/><U83/><E79/><V54/><F54/><W69/><G30/><T108/><D108/><U135/><E83/><V75/><F75/><W28/><G28/><T91/><D119/><U66/><E66/><V32/><F27/><W114/><N who="3" m="43603" /><W131/><DORA hai="57" /><G35/><T87/><D87/><U20/><E39/><V62/><REACH who="2" step="1"/><F26/><REACH who="2" ten="333,513,24,120" step="2"/><W10/><G131/><T31/><D31/><U92/><E92/><V6/><F6/><W127/><G127/><T126/><D126/><U55/><E29/><V125/><F125/><W133/><G133/><T36/><D36/><AGARI ba="0,1" hai="15,19,22,32,34,36,41,46,60,62,63,105,106,107" machi="36" ten="50,12000,1" yaku="1,1,52,3,53,1" doraHai="44,57" doraHaiUra="130,40" who="2" fromWho="0" sc="333,-120,513,0,24,130,120,0" /><INIT seed="2,1,0,3,0,39" ten="213,513,154,120" oya="2" hai0="105,6,35,7,132,16,59,94,104,50,127,124,27" hai1="43,22,125,120,71,110,108,12,102,115,98,57,38" hai2="56,28,121,114,106,42,62,123,91,93,0,107,52" hai3="96,36,3,85,87,72,92,21,49,81,34,25,128"/><V90/><F114/><W8/><G36/><T65/><D132/><U77/><E71/><V86/><F0/><W14/><G34/><T19/><D94/><U67/><E77/><V58/><F28/><W46/><G3/><T4/><D35/><U54/><E67/><V78/><F78/><W97/><G128/><T18/><D27/><U100/><E100/><V1/><F1/><W111/><G72/><T118/><D118/><U74/><E74/><V103/><F103/><W61/><G61/><N who="0" m="38079" /><D50/><U11/><E22/><V117/><F117/><W2/><G2/><T89/><D89/><U82/><E38/><V80/><F58/><W99/><G111/><T76/><D76/><U53/><E57/><V101/><F101/><W20/><G92/><T24/><D24/><U70/><E102/><V116/><F116/><W131/><G131/><T9/><D9/><U113/><E11/><V122/><REACH who="2" step="1"/><F42/><REACH who="2" ten="213,513,144,120" step="2"/><N who="3" m="24791" /><G25/><T63/><D63/><U40/><E115/><V32/><F32/><W30/><G30/><T17/><N who="0" m="4096" /><DORA hai="26" /><T129/><D129/><U95/><E113/><V135/><F135/><W23/><G81/><T13/><D13/><U134/><E82/><V69/><F69/><W66/><G66/><T126/><AGARI ba="1,1" hai="4,6,7,104,105,124,126,127" m="4096,38079" machi="126" ten="50,8000,1" yaku="29,2,18,1,54,1" doraHai="39,26" who="0" fromWho="0" sc="213,93,513,-21,144,-41,120,-21" /><INIT seed="3,0,0,2,2,74" ten="306,492,103,99" oya="3" hai0="45,49,20,60,129,104,134,101,69,85,120,112,100" hai1="53,106,32,62,123,2,9,19,114,29,42,78,121" hai2="25,40,47,11,133,38,14,87,61,107,83,27,102" hai3="111,21,50,105,80,72,58,57,115,76,22,97,91"/><W95/><G115/><T127/><D120/><U116/><E78/><V68/><F107/><W98/><G111/><T54/><D104/><U30/><E53/><V79/><F102/><W108/><G108/><T96/><D112/><U109/><E62/><V56/><F68/><W18/><G50/><T33/><D33/><U70/><E19/><V31/><F31/><W75/><G75/><T135/><D129/><U99/><E9/><V3/><F3/><W119/><G119/><T1/><D1/><U36/><E99/><V48/><F38/><W24/><REACH who="3" step="1"/><G22/><REACH who="3" ten="306,492,103,89" step="2"/><T73/><D20/><U15/><E109/><V44/><F133/><W7/><G7/><T94/><D73/><U90/><E114/><V128/><F128/><W89/><G89/><T0/><D134/><U6/><E90/><V37/><F37/><W16/><G16/><T26/><D135/><U12/><E6/><N who="2" m="3447" /><F47/><W131/><G131/><T82/><D49/><U92/><E36/><V65/><AGARI ba="0,1" hai="25,27,40,44,48,56,61,65,79,83,87" m="3447" machi="65" ten="30,4000,0" yaku="25,1,8,1,52,1" doraHai="74" who="2" fromWho="2" sc="306,-10,492,-10,103,50,89,-20" owari="296,9.6,482,58.2,153,-24.7,69,-43.1" /></mjloggm>