<mjloggm ver="2.3"><GO type="225" lobby="0"/><UN n0="%E3%81%99%E3%81%84%E3%81%BE%E3%81%9B%E3%83%BC%E3%82%93" n1="%E4%B8%89%E5%88%86%E5%B0%8F%E5%83%A7" n2="%6D%61%74%69%67%75%73%61" n3="%E3%81%AF%E3%82%88%E3%81%8A%E3%81%98%E3%81%95%E3%82%93" dan="18,16,17,17" rate="2177.64,2086.75,2173.12,2138.98" sx="M,M,M,M"/><TAIKYOKU oya="0"/><INIT seed="0,0,0,1,3,129" ten="250,250,250,250" oya="0" hai0="5,60,12,19,36,83,77,13,57,92,106,14,84" hai1="20,31,96,111,22,113,32,116,120,30,98,40,102" hai2="3,16,0,33,8,1,103,48,41,61,2,47,50" hai3="76,126,68,99,17,42,101,59,53,97,26,119,133"/><T71/><D106/><U21/><E116/><V89/><F33/><W82/><G119/><T44/><D71/><U80/><E120/><V46/><F103/><W87/><G68/><T112/><D112/><U69/><E69/><V65/><N who="2" m="0" /><DORA hai="73" /><V6/><F6/><W67/><G126/><T10/><D36/><U56/><E111/><V117/><F117/><W15/><G42/><T78/><D44/><U107/><E32/><V88/><F61/><W9/><G67/><T18/><D92/><U58/><E98/><V23/><F8/><W127/><G127/><T39/><D78/><U25/><E113/><V28/><F28/><W74/><G133/><T81/><D83/><U114/><E114/><V49/><F65/><W90/><G26/><T105/><D105/><U121/><E121/><V95/><F95/><W86/><G74/><T125/><D39/><U66/><E40/><V64/><F64/><W131/><G131/><T34/><D34/><U93/><E107/><V104/><F104/><W124/><G101/><T134/><D134/><U132/><E132/><V70/><F70/><W35/><G35/><T52/><D125/><U128/><E128/><V45/><REACH who="2" step="1"/><F41/><REACH who="2" ten="250,250,240,250" step="2"/><W118/><G124/><T72/><D5/><U100/><E100/><V63/><F63/><N who="3" m="36335" /><G118/><T130/><D130/><U37/><E66/><V7/><F7/><W109/><G109/><T123/><D123/><U54/><E31/><V110/><F110/><W115/><G115/><T4/><D4/><U79/><E30/><V91/><F91/><W135/><G135/><T29/><D29/><U55/><E102/><RYUUKYOKU ba="0,1" sc="250,-15,250,-15,240,15,250,15" hai2="16,23,45,46,47,48,49,50,88,89" hai3="9,15,17,76,82,86,87,90,97,99" /><INIT seed="1,1,1,5,0,25" ten="235,235,255,265" oya="1" hai0="51,111,66,36,78,117,48,50,107,46,22,97,38" hai1="91,67,47,60,35,90,125,123,88,11,76,64,94" hai2="63,133,87,93,53,57,132,59,122,62,34,43,2" hai3="15,135,45,68,58,118,92,19,96,18,129,12,114"/><U56/><E123/><V1/><F34/><W100/><G114/><T65/><D117/><U103/><E125/><V119/><F43/><W109/><G68/><T32/><D32/><U10/><E35/><V33/><F33/><W102/><G118/><T79/><D111/><U72/><E67/><V17/><F17/><W70/><G70/><T121/><D121/><U105/><E105/><V130/><F119/><W24/><G109/><T84/><D66/><U116/><E116/><V127/><F122/><W7/><G129/><T71/><D65/><U42/><E103/><V0/><F130/><W120/><G120/><T86/><D71/><U124/><E124/><V28/><F127/><W4/><G135/><N who="2" m="51785" /><F28/><W106/><G106/><T73/><D38/><U104/><E104/><V39/><F39/><W131/><G131/><T21/><D36/><U80/><REACH who="1" step="1"/><E94/><REACH who="1" ten="235,225,255,265" step="2"/><V85/><F93/><W5/><G102/><T52/><D107/><U126/><E126/><V41/><F41/><W9/><G100/><T101/><D101/><U83/><E83/><V75/><F75/><W16/><G92/><T31/><D73/><U55/><E55/><AGARI ba="1,2" hai="0,1,2,53,55,57,59,62,63,85,87" m="51785" machi="55" ten="40,1300,0" yaku="20,1" doraHai="25" who="2" fromWho="1" sc="235,0,225,-16,255,36,265,0" /><INIT seed="2,0,0,1,5,23" ten="235,209,291,265" oya="2" hai0="117,20,95,53,16,56,34,85,101,109,44,90,119" hai1="71,105,80,10,29,76,91,12,84,130,66,86,115" hai2="17,107,126,128,47,118,73,27,32,26,135,103,131" hai3="43,19,52,50,97,37,122,30,108,111,63,48,7"/><V22/><F73/><W8/><G122/><T134/><D109/><N who="3" m="42057" /><G37/><T49/><D34/><U15/><E105/><V79/><F79/><W42/><G19/><T25/><D134/><U9/><E115/><V62/><F118/><W41/><G97/><T123/><D123/><U124/><E124/><V93/><F107/><W39/><G30/><T65/><D101/><U55/><E130/><N who="2" m="49707" /><F47/><N who="3" m="23999" /><G8/><T58/><REACH who="0" step="1"/><D65/><REACH who="0" ten="225,209,291,265" step="2"/><U59/><E66/><V98/><F135/><W83/><G7/><T57/><AGARI ba="0,1" hai="16,20,25,44,49,53,56,57,58,85,90,95,117,119" machi="57" ten="30,8000,1" yaku="1,1,2,1,0,1,52,1,54,1,53,0" doraHai="23" doraHaiUra="116" who="0" fromWho="0" sc="225,90,209,-20,291,-40,265,-20" /><INIT seed="3,0,0,5,3,48" ten="315,189,251,245" oya="3" hai0="22,114,45,25,57,65,17,42,52,76,30,108,5" hai1="84,83,66,54,118,110,103,41,28,4,104,79,107" hai2="100,74,115,121,124,6,35,1,11,87,120,26,7" hai3="3,16,89,37,2,78,10,113,64,94,69,68,62"/><W93/><G113/><T119/><D119/><U77/><E118/><V40/><F74/><W56/><G37/><T20/><D108/><U63/><E110/><V60/><F40/><W90/><G78/><T92/><D5/><U111/><E111/><V134/><F100/><W70/><G93/><T130/><D65/><U80/><E103/><V127/><F87/><W102/><G102/><T135/><D130/><U97/><E97/><V101/><F101/><W44/><G44/><T59/><D135/><U133/><E133/><V128/><F134/><W116/><G116/><T73/><D114/><U49/><E41/><V19/><F115/><W96/><REACH who="3" step="1"/><G90/><REACH who="3" ten="315,189,251,235" step="2"/><T71/><D92/><U47/><E4/><V14/><F6/><W24/><G24/><T117/><D25/><U131/><E131/><V50/><F26/><W125/><G125/><T33/><D45/><U112/><E112/><V53/><F128/><W123/><G123/><T129/><D76/><U21/><E28/><V46/><F124/><W27/><G27/><T36/><D30/><U38/><E38/><V82/><F127/><W32/><G32/><T132/><D33/><U81/><E81/><V105/><F35/><W72/><G72/><T31/><D73/><N who="1" m="43055" /><E107/><V109/><F109/><W86/><G86/><T34/><D36/><U8/><E104/><V95/><F105/><W61/><G61/><T126/><D126/><U12/><E63/><V0/><F82/><W106/><G106/><T85/><D117/><U122/><E122/><N who="2" m="47211" /><F95/><W55/><G55/><T99/><D52/><U88/><E83/><V15/><F60/><RYUUKYOKU ba="0,1" sc="315,-15,189,-15,251,15,235,15" hai2="0,1,7,11,14,15,19,46,50,53" hai3="2,3,10,16,56,62,64,68,69,70,89,94,96" /><INIT seed="3,1,1,2,0,24" ten="300,174,266,250" oya="3" hai0="28,74,2,78,94,102,105,7,116,58,70,67,22" hai1="10,64,76,11,8,89,77,133,99,25,90,131,117" hai2="45,62,54,118,75,15,135,95,82,52,49,63,5" hai3="26,61,108,81,109,39,31,18,56,115,114,34,79"/><W126/><G39/><T65/><D116/><U32/><E131/><V111/><F118/><W29/><G29/><T93/><D70/><U55/><E133/><V96/><F111/><N who="3" m="42571" /><G18/><T21/><D105/><U17/><E117/><V132/><F75/><N who="3" m="43263" /><G126/><T124/><D124/><U3/><E3/><V121/><F82/><W72/><G72/><T14/><D2/><U69/><E55/><AGARI ba="1,1" hai="26,31,34,55,56,61,114,115" m="43263,42571" machi="55" ten="30,5800,0" yaku="14,1,10,1,52,1" doraHai="24" who="3" fromWho="1" sc="300,0,174,-61,266,0,250,71" owari="300,10.0,113,-38.7,266,-13.4,321,42.1" /></mjloggm>