<mjloggm ver="2.3"><GO type="225" lobby="0"/><UN n0="%E3%82%BC%E3%83%AB%E3%83%80%E3%81%AE%E4%BC%9D%E8%AA%AC" n1="%E9%A2%A8%E3%81%A7%E9%B3%B4%E3%81%8F" n2="%72%69%6F%75%63%68%61%6E" n3="%E3%81%BF%E3%81%BF%E3%81%9A" dan="17,16,16,16" rate="2149.55,2167.75,2177.75,2175.11" sx="M,M,M,M"/><TAIKYOKU oya="0"/><INIT seed="0,0,0,5,0,131" ten="250,250,250,250" oya="0" hai0="85,112,19,115,5,8,69,99,89,42,79,126,78" hai1="47,24,22,51,41,11,113,87,40,125,48,34,100" hai2="129,91,25,118,55,116,66,52,62,57,59,127,98" hai3="105,77,16,35,92,124,0,94,45,133,1,14,111"/><T130/><D130/><U12/><E34/><V104/><F129/><W50/><G105/><T114/><D69/><U72/><E72/><V93/><F127/><W117/><G117/><N who="2" m="45161" /><F104/><W33/><G77/><T132/><D126/><U30/><E125/><V10/><F10/><W27/><G124/><T81/><D132/><U108/><E108/><V90/><F25/><W18/><G111/><T43/><D19/><U68/><E68/><V110/><F110/><W122/><G122/><T37/><D37/><U23/><E113/><V20/><F20/><W128/><G128/><T21/><D21/><N who="1" m="15631" /><E100/><N who="2" m="60495" /><F55/><W83/><G27/><T102/><D43/><U36/><E36/><V26/><F26/><W39/><G39/><T7/><D42/><U4/><E87/><V75/><F75/><W2/><G35/><T123/><D123/><U96/><E96/><V65/><F66/><W76/><G33/><T88/><D79/><U64/><E64/><V56/><F59/><W121/><G121/><T84/><D84/><U119/><E119/><V106/><F106/><W60/><G1/><T67/><D67/><U53/><E40/><V9/><F9/><W134/><G0/><T86/><D86/><U73/><E73/><V28/><F28/><W107/><G107/><N who="0" m="63967" /><D8/><U101/><E101/><V46/><F46/><AGARI ba="0,0" hai="4,11,12,22,23,41,46,47,48,51,53" m="15631" machi="46" ten="30,1000,0" yaku="8,1" doraHai="131" who="1" fromWho="2" sc="250,0,250,10,250,-10,250,0" /><INIT seed="1,0,0,2,5,133" ten="250,260,240,250" oya="1" hai0="53,102,15,38,6,24,21,51,110,17,101,33,132" hai1="13,47,114,125,83,8,121,63,106,57,130,95,20" hai2="58,80,99,81,60,43,97,35,61,135,39,124,70" hai3="119,92,27,91,4,42,36,7,109,75,88,112,89"/><U12/><E106/><V25/><F124/><W126/><G112/><T68/><D132/><U32/><E32/><V23/><F135/><W100/><G75/><T116/><D110/><U123/><E114/><V134/><F134/><W59/><G109/><T129/><D116/><U127/><E130/><V122/><F122/><W28/><G119/><T118/><D38/><U79/><E95/><V29/><F70/><W103/><G126/><N who="1" m="48138" /><E47/><V105/><F60/><W11/><G42/><T10/><D68/><U85/><E20/><V41/><F35/><W3/><G36/><T45/><D129/><U14/><E12/><V34/><F34/><W56/><G3/><N who="0" m="351" /><D118/><U76/><E14/><V22/><F23/><N who="3" m="15487" /><G11/><T73/><D73/><U49/><E49/><V115/><F39/><W46/><G46/><T104/><D104/><U37/><E79/><V113/><F115/><W0/><G0/><T67/><D33/><U74/><E74/><V131/><F131/><W26/><G92/><T87/><D15/><U107/><E107/><V55/><F113/><W30/><G103/><T78/><D102/><U65/><E37/><V72/><F105/><W111/><G100/><T19/><D101/><U86/><E86/><V117/><F117/><W18/><G111/><T69/><D87/><U48/><E48/><V66/><F72/><W94/><G94/><T5/><D78/><U52/><E65/><V44/><F66/><W96/><G91/><T98/><D45/><U40/><E40/><N who="2" m="15435" /><F44/><W62/><G89/><T82/><D67/><U1/><E1/><V71/><F71/><W84/><G84/><RYUUKYOKU ba="0,0" sc="250,-15,260,15,240,15,250,-15" hai1="8,13,52,57,63,76,83,85,121,123" hai2="22,25,29,55,58,61,80,81,97,99" /><INIT seed="1,1,0,4,0,25" ten="235,275,255,235" oya="1" hai0="38,37,74,43,42,65,85,35,111,30,89,63,18" hai1="16,60,45,7,56,13,62,47,50,86,82,48,121" hai2="28,73,100,14,81,5,40,19,112,77,72,88,20" hai3="99,26,29,17,55,21,70,33,39,76,97,87,10"/><U67/><E121/><V80/><F112/><W71/><G39/><T119/><D74/><U91/><E7/><V3/><F100/><W9/><G70/><T23/><D119/><U107/><E107/><V49/><F28/><W32/><G71/><T15/><D111/><U98/><E98/><N who="3" m="37386" /><G32/><T6/><D38/><U75/><E75/><V103/><F103/><W135/><G33/><T114/><D114/><U52/><E67/><V131/><F131/><W105/><G135/><T94/><D37/><U108/><E108/><V22/><F3/><W11/><G105/><T106/><D106/><U110/><E110/><V132/><F132/><W133/><G55/><T41/><D6/><U44/><E50/><V46/><F5/><W27/><G27/><N who="0" m="16767" /><D35/><U61/><E56/><V118/><F118/><W36/><G36/><T34/><D34/><U128/><E128/><V0/><F0/><W84/><G133/><T124/><D124/><U1/><E1/><V12/><F88/><W54/><G76/><T8/><D43/><U116/><E116/><V4/><F4/><W115/><G115/><T113/><D113/><U101/><E101/><V58/><F58/><AGARI ba="1,0" hai="8,15,18,41,42,58,63,65,85,89,94" m="16767" machi="58" ten="30,2000,0" yaku="8,1,52,1" doraHai="25" who="0" fromWho="2" sc="235,23,275,0,255,-23,235,0" /><INIT seed="2,0,0,0,0,112" ten="258,275,232,235" oya="2" hai0="123,101,43,55,96,38,66,91,124,126,89,65,3" hai1="2,116,44,12,105,95,113,11,122,90,0,79,49" hai2="83,71,63,110,33,59,13,76,100,9,50,39,16" hai3="28,17,45,8,35,60,26,99,115,22,132,70,82"/><V108/><F39/><W6/><G115/><T88/><D3/><U104/><E79/><V106/><F33/><W25/><G132/><T130/><D123/><U51/><E122/><V53/><F100/><W36/><G82/><T67/><D130/><U68/><E68/><V94/><F106/><W72/><G72/><T47/><REACH who="0" step="1"/><D55/><REACH who="0" ten="248,275,232,235" step="2"/><U42/><E113/><V134/><F134/><W117/><G117/><T119/><D119/><U15/><E0/><V78/><F94/><AGARI ba="0,1" hai="38,43,47,65,66,67,88,89,91,94,96,101,124,126" machi="94" ten="40,5200,0" yaku="1,1,54,1,53,1" doraHai="112" doraHaiUra="41" who="0" fromWho="2" sc="248,62,275,0,232,-52,235,0" /><INIT seed="3,0,0,2,1,18" ten="310,275,180,235" oya="3" hai0="103,78,42,69,121,25,105,116,87,19,27,117,58" hai1="99,128,46,23,101,114,76,12,29,16,61,64,37" hai2="6,130,26,21,56,31,89,135,73,0,14,50,98" hai3="80,96,34,132,93,5,49,90,133,39,88,122,82"/><W24/><G122/><T33/><D121/><U15/><E128/><V41/><F130/><W65/><G39/><T20/><D42/><U134/><E134/><N who="3" m="51818" /><G5/><T43/><D43/><U81/><E114/><V77/><F135/><W7/><G7/><T95/><D69/><U111/><E111/><V36/><F0/><W68/><G49/><T94/><D105/><U54/><E29/><V13/><F36/><W83/><G65/><T67/><D33/><U28/><E28/><V10/><F14/><W75/><G68/><T32/><D32/><U51/><E37/><V8/><F8/><W131/><G24/><N who="0" m="14367" /><D117/><U118/><E12/><V112/><F112/><W71/><G71/><T91/><D78/><U44/><E44/><V53/><F41/><W104/><G34/><T109/><D109/><U102/><E99/><V59/><F73/><W119/><G119/><T110/><D110/><U127/><E127/><V60/><F77/><N who="3" m="44095" /><G131/><T17/><D116/><U9/><E9/><V55/><F98/><N who="3" m="57639" /><G90/><T70/><D70/><U30/><E30/><V115/><F115/><W72/><G72/><T100/><D17/><U84/><E118/><V40/><F40/><W125/><G125/><T123/><D123/><U107/><E107/><V63/><F89/><W86/><G86/><T2/><D2/><U22/><E22/><V11/><F10/><W38/><G38/><T47/><D27/><U85/><E85/><V52/><F50/><W45/><G45/><T126/><D47/><U66/><E61/><AGARI ba="0,0" hai="6,11,13,21,26,31,52,53,55,56,59,60,61,63" machi="61" ten="40,5200,0" yaku="8,1,52,1,54,1" doraHai="18" who="2" fromWho="1" sc="310,0,275,-52,180,52,235,0" owari="310,41.0,223,-27.7,232,-16.8,235,3.5" /></mjloggm>