<mjloggm ver="2.3"><GO type="225" lobby="0"/><UN n0="%E5%8D%A0%E3%81%84%E5%B8%AB%E8%A3%8F%E3%81%AA%E3%81%84%E3%81%97" n1="%E6%A1%9C%E8%8A%B1%E9%96%83%E3%80%85" n2="%6D%75%75%73%61%6E%6D%75" n3="%E9%BB%99%E8%81%B4%E3%81%AE%E3%81%99%E3%82%9D%E3%82%81" dan="17,17,17,16" rate="2189.29,2200.54,2167.79,2108.74" sx="M,M,F,M"/><TAIKYOKU oya="0"/><INIT seed="0,0,0,4,5,90" ten="250,250,250,250" oya="0" hai0="79,32,124,63,128,91,87,118,24,134,110,22,121" hai1="53,19,98,3,85,48,66,30,101,37,31,116,17" hai2="120,82,39,8,57,75,46,95,117,69,115,97,40" hai3="81,25,12,129,47,125,70,42,73,9,130,111,5"/><T45/><D118/><U68/><E116/><V18/><F117/><W35/><G111/><T41/><D121/><U61/><E37/><V58/><F120/><W114/><G70/><T10/><D110/><U112/><E3/><V89/><F69/><W99/><G99/><T84/><D134/><U34/><E85/><V80/><F115/><W72/><G125/><T7/><D32/><U29/><E112/><V119/><F119/><W83/><G83/><T23/><D128/><N who="3" m="49257" /><G81/><T103/><D103/><U133/><E133/><V16/><F80/><W27/><G114/><T105/><D105/><U36/><E36/><V92/><F92/><W93/><G93/><T21/><D124/><U94/><REACH who="1" step="1"/><E34/><REACH who="1" ten="250,240,250,250" step="2"/><V38/><F38/><N who="3" m="21975" /><G35/><T62/><D84/><U132/><E132/><V100/><F75/><AGARI ba="0,1" hai="5,9,12,25,27,72,73,75" m="21975,49257" machi="75" ten="30,1000,0" yaku="19,1" doraHai="90" who="3" fromWho="2" sc="250,0,240,0,250,-10,250,20" /><INIT seed="1,0,0,4,4,119" ten="250,240,240,270" oya="1" hai0="133,61,47,8,54,103,60,88,125,124,32,110,4" hai1="81,117,122,89,59,55,17,38,39,106,95,134,20" hai2="25,46,114,40,91,121,109,100,18,102,71,30,27" hai3="90,13,19,86,96,80,21,99,112,53,50,92,127"/><U118/><E106/><V9/><F71/><W57/><G127/><N who="0" m="48715" /><D32/><U74/><E134/><V34/><F109/><W98/><REACH who="3" step="1"/><G112/><REACH who="3" ten="250,240,240,260" step="2"/><T5/><D133/><U66/><E118/><V104/><F114/><W22/><G22/><T123/><D110/><U84/><E117/><V2/><F34/><W132/><G132/><T131/><D131/><U37/><E66/><V73/><F104/><W11/><G11/><T107/><D8/><U31/><E31/><V135/><F9/><W83/><AGARI ba="0,1" hai="13,19,21,50,53,57,80,83,86,90,92,96,98,99" machi="83" ten="30,12000,2" yaku="1,1,0,1,25,2,8,1,53,1" doraHai="119" doraHaiUra="87" who="3" fromWho="3" sc="250,-30,240,-60,240,-30,260,130" /><INIT seed="2,0,0,3,3,19" ten="220,180,210,390" oya="2" hai0="43,4,122,52,90,38,24,1,134,68,111,112,87" hai1="58,8,57,22,119,108,101,76,67,17,123,127,124" hai2="20,33,7,55,116,75,72,39,105,125,93,13,12" hai3="115,71,6,0,74,36,100,109,44,130,51,30,113"/><V83/><F105/><W62/><G74/><T133/><D122/><U98/><E119/><V103/><F33/><W120/><G120/><T60/><D112/><U32/><E32/><V50/><F116/><W3/><G100/><T73/><D73/><U114/><E123/><V28/><F39/><W128/><G30/><T118/><D111/><U70/><E76/><V15/><F125/><N who="1" m="48201" /><E8/><N who="2" m="4127" /><F75/><W63/><G36/><T81/><D118/><U21/><E114/><N who="3" m="43530" /><G109/><T69/><D38/><U61/><E108/><V11/><F72/><W40/><G6/><T92/><D4/><U10/><E10/><V65/><F83/><W82/><G82/><T56/><D81/><U96/><E96/><N who="2" m="59791" /><F11/><W117/><G117/><T89/><D133/><U35/><E35/><V18/><F65/><N who="3" m="41399" /><G63/><T54/><D134/><U14/><E22/><V104/><F104/><AGARI ba="0,0" hai="14,17,21,57,58,61,67,70,98,101,104" m="48201" machi="104" ten="30,2000,0" yaku="18,1,52,1" doraHai="19" who="1" fromWho="2" sc="220,0,180,20,210,-20,390,0" /><INIT seed="3,0,0,1,0,110" ten="220,200,190,390" oya="3" hai0="104,131,81,130,35,46,95,94,40,118,41,61,25" hai1="63,100,38,3,115,135,117,50,21,116,112,73,121" hai2="49,108,90,45,56,114,18,91,26,57,76,23,53" hai3="19,82,22,68,78,5,128,98,124,66,13,32,83"/><W75/><G32/><T43/><D104/><U39/><E121/><V86/><F108/><W11/><G128/><T54/><D118/><N who="1" m="45675" /><E135/><V37/><F114/><N who="1" m="43561" /><E73/><V77/><F37/><N who="1" m="13833" /><E3/><V44/><F90/><W0/><G83/><T65/><D81/><U122/><E122/><V79/><F45/><W55/><G82/><AGARI ba="0,0" hai="18,23,26,44,49,53,56,57,76,77,79,82,86,91" machi="82" ten="40,1300,0" yaku="8,1" doraHai="110" who="2" fromWho="3" sc="220,0,200,0,190,13,390,-13" owari="220,2.0,200,-30.0,203,-19.7,377,47.7" /></mjloggm>