<mjloggm ver="2.3"><GO type="225" lobby="0"/><UN n0="%E6%A1%9C%E8%8A%B1%E9%96%83%E3%80%85" n1="%E7%89%B9%E6%9D%B1%E3%81%AF%E4%B8%96%E7%95%8C%E3%82%92%E6%95%91%E3%81%86" n2="%E3%81%95%E3%81%8D%E3%81%9F%E3%81%BE%E6%9E%97%E6%AA%8E" n3="%E6%81%A5%E6%99%92%E3%81%97" dan="16,16,16,16" rate="2181.09,2121.26,2066.62,2120.84" sx="M,M,M,M"/><TAIKYOKU oya="0"/><INIT seed="0,0,0,4,2,68" ten="250,250,250,250" oya="0" hai0="50,60,115,52,133,104,16,42,135,36,110,9,33" hai1="30,92,97,98,128,85,26,54,107,24,40,65,19" hai2="103,49,34,100,32,93,118,119,131,95,8,44,12" hai3="51,5,105,77,106,116,55,71,120,109,43,108,41"/><T122/><D115/><U74/><E74/><V7/><F131/><W91/><G116/><N who="2" m="44585" /><F95/><W45/><G77/><T114/><D114/><U81/><E128/><V29/><F29/><W10/><G71/><T72/><D122/><U64/><E107/><V113/><F113/><W31/><G120/><T73/><D33/><N who="2" m="12906" /><F93/><W39/><G91/><T14/><D104/><U69/><E92/><V66/><F66/><W18/><G18/><T82/><D110/><N who="3" m="42601" /><G43/><AGARI ba="0,0" hai="7,8,12,43,44,49,100,103" m="12906,44585" machi="43" ten="30,1000,0" yaku="12,1" doraHai="68" who="2" fromWho="3" sc="250,0,250,0,250,10,250,-10" /><INIT seed="1,0,0,5,2,9" ten="250,250,260,240" oya="1" hai0="36,84,86,24,99,17,72,37,70,117,103,125,124" hai1="107,57,8,11,66,123,6,88,2,20,110,98,27" hai2="59,22,116,51,109,85,3,75,42,81,104,0,108" hai3="64,130,14,46,73,106,23,78,50,56,33,15,111"/><U12/><E123/><V77/><F116/><W95/><G33/><T94/><D70/><U121/><E121/><V101/><F42/><W52/><G106/><T100/><D72/><U134/><E134/><V1/><F75/><W61/><G111/><N who="2" m="42569" /><F104/><W68/><G130/><T82/><D117/><U32/><E32/><V79/><F101/><W112/><G112/><T89/><D103/><U21/><E110/><V49/><F22/><W131/><G131/><T128/><D128/><U53/><E66/><V30/><F30/><W18/><G95/><T91/><D17/><U4/><E27/><V39/><F39/><W71/><REACH who="3" step="1"/><G14/><REACH who="3" ten="250,250,260,230" step="2"/><T87/><D24/><U118/><E118/><V127/><F127/><N who="0" m="48714" /><D86/><U74/><E74/><V5/><F5/><W105/><G105/><AGARI ba="0,1" hai="36,37,82,84,87,89,91,94,99,100,105" m="48714" machi="105" ten="30,1000,0" yaku="18,1" doraHai="9" who="0" fromWho="3" sc="250,20,250,0,260,0,230,-10" /><INIT seed="2,0,0,5,1,20" ten="270,250,260,220" oya="2" hai0="88,134,57,85,117,2,52,111,100,104,64,106,62" hai1="73,128,14,32,11,45,114,15,81,93,25,122,60" hai2="82,19,97,34,113,98,129,77,13,89,5,70,31" hai3="108,35,46,49,24,125,135,72,21,40,65,107,59"/><V53/><F113/><W66/><G108/><T29/><D111/><U6/><E114/><V130/><F70/><W44/><G72/><T92/><D134/><U120/><E128/><N who="2" m="49259" /><F5/><W48/><G35/><T50/><D117/><U0/><E93/><V8/><F89/><W116/><G116/><T79/><D2/><U23/><E60/><V54/><F31/><N who="3" m="17807" /><G135/><T1/><D1/><U36/><E32/><V41/><F41/><N who="3" m="24591" /><G107/><T84/><D29/><N who="1" m="17599" /><E73/><N who="2" m="43311" /><F34/><W42/><G125/><T103/><D104/><U124/><E81/><V47/><F47/><N who="3" m="25831" /><G59/><N who="0" m="33175" /><D106/><U26/><E124/><V9/><F9/><W115/><G115/><T133/><D133/><U69/><E69/><V22/><F8/><W95/><G95/><T30/><D30/><U68/><E68/><V131/><N who="2" m="49267" /><V38/><DORA hai="71" /><F38/><W63/><G63/><T10/><D10/><U55/><E36/><V105/><F105/><W127/><G127/><T94/><D94/><U91/><E45/><V16/><F19/><W112/><G112/><T33/><D33/><U102/><E0/><V99/><AGARI ba="0,0" hai="13,16,22,53,54,97,98,99" m="43311,49267" machi="99" ten="50,4800,0" yaku="19,1,54,1" doraHai="20,71" who="2" fromWho="2" sc="270,-16,250,-16,260,48,220,-16" /><INIT seed="2,1,0,1,5,32" ten="254,234,308,204" oya="2" hai0="133,55,57,68,126,11,12,40,120,112,131,79,2" hai1="17,83,64,31,24,86,49,122,42,62,130,81,125" hai2="90,75,78,25,44,118,84,106,16,111,63,116,47" hai3="132,52,51,85,96,109,30,70,48,121,60,107,99"/><V114/><F114/><W54/><G121/><T115/><D120/><U15/><E122/><V53/><F106/><W13/><G109/><T41/><D68/><U73/><E73/><V93/><F111/><W59/><G132/><T43/><D133/><U124/><E130/><V119/><F75/><W10/><G30/><T5/><D131/><U80/><E42/><V26/><F78/><W38/><G38/><T58/><D126/><N who="1" m="48747" /><E49/><V110/><F110/><W95/><G107/><T4/><D79/><N who="1" m="46367" /><E15/><V27/><F63/><W19/><G70/><T9/><REACH who="0" step="1"/><D58/><REACH who="0" ten="244,234,308,204" step="2"/><N who="1" m="36951" /><E17/><V134/><F134/><W29/><G29/><T97/><D97/><N who="3" m="37449" /><G54/><T20/><D20/><AGARI ba="1,1" hai="20,24,31,81,83" m="36951,46367,48747" machi="20" ten="30,1000,0" yaku="18,1" doraHai="32" who="1" fromWho="0" sc="244,-13,234,23,308,0,204,0" /><INIT seed="3,0,0,0,0,117" ten="231,257,308,204" oya="3" hai0="62,81,16,75,27,11,47,49,26,66,56,39,105" hai1="100,51,102,78,111,88,18,60,76,72,71,48,104" hai2="17,14,93,113,97,3,40,107,19,5,79,99,45" hai3="23,92,55,84,74,94,121,69,85,91,12,15,116"/><W41/><G116/><T132/><D105/><U80/><E111/><V43/><F43/><W22/><G74/><T0/><D132/><U13/><E78/><V7/><F113/><W115/><G115/><T130/><D130/><U135/><E135/><V123/><F123/><W37/><G69/><T131/><D131/><U127/><E127/><V125/><F125/><W83/><G121/><T42/><D49/><U24/><E24/><V108/><F108/><W38/><G55/><T95/><D95/><U25/><E25/><V87/><F107/><W118/><G118/><T20/><D27/><U58/><E71/><V128/><F128/><W106/><G106/><T64/><D64/><U4/><E4/><V63/><F3/><W101/><G41/><T65/><D65/><U126/><E126/><V29/><F63/><W67/><G67/><T124/><D124/><U50/><E104/><V109/><F109/><W103/><G83/><T44/><D44/><U33/><E33/><V90/><F45/><W28/><REACH who="3" step="1"/><G91/><REACH who="3" ten="231,257,308,194" step="2"/><T120/><D120/><U122/><E122/><V70/><F40/><W96/><G96/><T68/><D81/><U34/><E88/><V8/><F90/><W57/><G57/><T10/><D75/><U133/><E133/><V52/><F52/><W2/><G2/><T114/><D114/><U77/><E58/><V6/><F93/><W46/><G46/><T112/><D112/><U59/><E72/><V129/><F129/><W36/><G36/><T30/><D0/><U9/><E80/><V89/><F70/><W31/><AGARI ba="0,1" hai="12,15,22,23,28,31,37,38,84,85,92,94,101,103" machi="31" ten="25,9600,0" yaku="1,1,0,1,22,2,53,0" doraHai="117" doraHaiUra="53" who="3" fromWho="3" sc="231,-32,257,-32,308,-32,194,106" owari="199,-30.1,225,-17.5,276,7.6,300,40.0" /></mjloggm>