<mjloggm ver="2.3"><GO type="225" lobby="0"/><UN n0="%E8%B6%85%E7%B4%9A%E9%B3%B3%E5%87%B0" n1="%E3%83%97%E3%83%AC%E3%83%B4%E3%82%A1%E3%83%86%E3%82%A3" n2="%E3%81%A9%E3%82%8F%E3%82%93%E3%81%94" n3="%72%65%6E%6B%75%6E" dan="17,16,16,17" rate="2202.79,2097.42,2111.44,2212.56" sx="M,F,M,M"/><TAIKYOKU oya="0"/><INIT seed="0,0,0,5,0,2" ten="250,250,250,250" oya="0" hai0="82,95,10,101,77,46,70,49,8,58,18,9,112" hai1="35,133,131,122,45,102,64,89,0,117,75,34,111" hai2="91,118,93,30,32,96,90,100,103,22,29,86,7" hai3="105,42,3,28,78,113,6,19,52,65,17,63,107"/><T25/><D112/><U55/><E117/><V21/><F32/><W88/><G113/><T54/><D70/><U1/><E122/><V39/><F39/><W120/><G42/><T43/><D95/><U33/><E64/><V67/><F67/><W27/><G78/><T126/><D101/><U23/><E102/><N who="2" m="38955" /><F118/><W134/><G120/><T132/><D126/><U94/><E131/><V124/><F124/><W14/><G134/><T53/><D132/><U130/><E130/><V72/><F72/><W36/><G36/><T81/><D77/><U13/><E133/><V69/><F7/><W116/><G116/><T31/><D18/><U119/><E75/><V114/><F69/><W110/><G110/><T99/><D99/><U108/><E119/><V41/><F41/><W16/><G3/><N who="1" m="1098" /><E55/><V24/><F114/><W57/><G65/><T85/><D85/><U87/><E45/><V109/><F109/><N who="1" m="42057" /><E23/><N who="2" m="15519" /><F30/><W50/><G63/><T123/><D123/><U104/><E13/><V38/><F38/><W106/><G6/><T73/><D73/><U56/><E56/><V125/><F125/><W47/><G57/><T71/><D71/><U92/><E92/><AGARI ba="0,0" hai="21,22,86,90,91,92,93,96" m="15519,38955" machi="92" ten="30,1000,0" yaku="8,1" doraHai="2" who="2" fromWho="1" sc="250,0,250,-10,250,10,250,0" /><INIT seed="1,0,0,1,1,4" ten="250,240,260,250" oya="1" hai0="71,60,81,134,15,52,111,66,39,46,73,2,10" hai1="128,95,3,76,121,123,22,103,80,42,36,45,125" hai2="94,61,83,126,84,11,89,108,135,16,54,118,70" hai3="18,44,120,57,133,40,26,38,98,122,51,124,34"/><U90/><E3/><V55/><F118/><W24/><G124/><T93/><D111/><U56/><E125/><V25/><F108/><W88/><G133/><T113/><D113/><U91/><E128/><V101/><F135/><W87/><G98/><T78/><D134/><U63/><E103/><V82/><F126/><W110/><G110/><T85/><D2/><U119/><E22/><N who="2" m="13511" /><F70/><W117/><G117/><T12/><D39/><U129/><E129/><V27/><F27/><W0/><G0/><T17/><D12/><U109/><E109/><V30/><F30/><W28/><G38/><T48/><REACH who="0" step="1"/><D93/><REACH who="0" ten="240,240,260,250" step="2"/><U41/><E119/><V43/><F94/><W97/><G120/><T29/><D29/><U37/><E123/><V8/><F83/><W75/><G122/><T53/><D53/><N who="2" m="19978" /><F43/><W72/><G40/><T131/><D131/><U31/><E121/><V5/><F5/><W49/><G28/><T21/><D21/><U102/><E31/><V7/><F7/><W67/><G18/><T114/><D114/><U68/><E41/><V1/><F1/><W23/><G23/><T13/><D13/><U106/><E36/><V127/><F127/><W104/><G26/><T20/><D20/><U62/><E95/><V112/><F112/><W32/><G24/><T130/><D130/><U6/><E6/><V116/><F116/><W100/><G32/><T65/><D65/><N who="1" m="41015" /><E106/><V132/><F132/><W9/><G34/><T58/><D58/><U96/><E56/><V19/><F19/><W14/><G57/><T107/><D107/><N who="1" m="63943" /><E63/><V35/><F61/><W69/><G104/><RYUUKYOKU ba="0,1" sc="240,15,240,15,260,-15,250,-15" hai0="10,15,17,46,48,52,60,66,71,73,78,81,85" hai1="37,42,45,76,80,90,91" /><INIT seed="1,1,1,1,4,35" ten="255,255,245,235" oya="1" hai0="36,29,15,109,120,28,114,84,24,91,52,117,4" hai1="128,89,111,80,51,17,2,27,41,75,107,118,129" hai2="106,74,104,88,131,32,94,10,67,103,46,11,59" hai3="39,100,123,53,127,115,60,50,82,119,76,18,97"/><U112/><E107/><V63/><F32/><W58/><G39/><T86/><D114/><U135/><E112/><V48/><F74/><W45/><G115/><T55/><D117/><U16/><E118/><V134/><F131/><N who="1" m="50249" /><E135/><V30/><F30/><W83/><G119/><T116/><D116/><U78/><E111/><V62/><F134/><W113/><G127/><T54/><D36/><U26/><E89/><V69/><F103/><W110/><G113/><T126/><D109/><U57/><E41/><V101/><F101/><W42/><G110/><T38/><D38/><U61/><E51/><V65/><F106/><W47/><G123/><T21/><D120/><U31/><E2/><V132/><F104/><W5/><G5/><T90/><D126/><U49/><E49/><V64/><F64/><W70/><G70/><T102/><D102/><U33/><E27/><V79/><F79/><W95/><G76/><T105/><D105/><U98/><E98/><V92/><F92/><W43/><G43/><T8/><D29/><U23/><E33/><V73/><F73/><W56/><G47/><T25/><D24/><U124/><E124/><V9/><F132/><W121/><G121/><T19/><D28/><U6/><E6/><V1/><F1/><W93/><G93/><T81/><D54/><AGARI ba="1,1" hai="16,17,23,26,31,54,57,61,75,78,80" m="50249" machi="54" ten="30,2900,0" yaku="19,1,54,1" doraHai="35" who="1" fromWho="0" sc="255,-32,255,42,245,0,235,0" /><INIT seed="1,2,0,1,4,12" ten="223,297,245,235" oya="1" hai0="113,29,92,126,3,56,130,18,75,11,46,120,81" hai1="108,67,6,9,55,86,85,48,103,84,88,97,24" hai2="16,98,27,94,30,93,36,31,121,117,63,66,47" hai3="78,39,26,43,124,70,100,14,134,132,101,61,102"/><U59/><E108/><V83/><F121/><W89/><G124/><T122/><D113/><U125/><E125/><V15/><F117/><W87/><G78/><N who="0" m="44255" /><D126/><U73/><E73/><V107/><F107/><W34/><G39/><T23/><D130/><U123/><E123/><N who="0" m="47145" /><D46/><U10/><E67/><V64/><F36/><W91/><G43/><T115/><D115/><U96/><E24/><V135/><F47/><W2/><G2/><T99/><D56/><U7/><E103/><V69/><F66/><N who="3" m="41295" /><G14/><N who="0" m="9687" /><D29/><U106/><E106/><V25/><F135/><N who="3" m="51755" /><G87/><T58/><D58/><U68/><E68/><V80/><F69/><W60/><G60/><T128/><D128/><U19/><E9/><V44/><F63/><W90/><G101/><N who="0" m="60647" /><D11/><U45/><E45/><V22/><F44/><W105/><G105/><T37/><D37/><U49/><E49/><V20/><F64/><W129/><G129/><T50/><D50/><U51/><E51/><V71/><F71/><W8/><G8/><T79/><D79/><U42/><E42/><V53/><F53/><W131/><G131/><T40/><D40/><U133/><E133/><V74/><F74/><W119/><G119/><T111/><D3/><U82/><E85/><V65/><F65/><W38/><G38/><T13/><D13/><N who="1" m="7607" /><E84/><V35/><F94/><W95/><G95/><T62/><D62/><U57/><E57/><V54/><F54/><W17/><G34/><T104/><D104/><U77/><E77/><V41/><F41/><W1/><G1/><T72/><D72/><U28/><E28/><V76/><F76/><W0/><G0/><RYUUKYOKU ba="2,0" sc="223,0,297,0,245,0,235,0" hai0="111" hai1="6,7,48,55,59,82,86,88,96,97" hai2="15,16,20,22,25,27,30,31,35,80,83,93,98" hai3="17,26,89,90,91,100,102" /><INIT seed="1,3,0,5,2,54" ten="223,297,245,235" oya="1" hai0="50,110,87,2,51,118,10,42,88,68,99,0,37" hai1="85,21,129,98,18,97,58,59,121,34,66,4,44" hai2="116,81,57,48,16,33,79,39,108,78,115,71,23" hai3="13,109,119,30,29,95,130,38,84,69,124,65,45"/><U122/><E34/><V74/><F116/><W67/><G119/><T132/><D118/><U105/><E4/><V49/><F33/><W100/><G109/><T25/><D68/><U31/><E31/><N who="3" m="11786" /><G69/><T43/><D110/><U36/><E129/><V12/><F39/><W127/><G130/><T76/><D132/><U103/><E98/><V102/><F71/><W133/><G133/><T24/><D37/><U41/><E66/><V3/><F3/><W5/><G84/><T9/><D87/><U40/><E40/><V6/><F108/><W123/><G95/><T73/><D99/><U70/><E70/><V135/><F135/><W22/><G100/><T113/><D76/><N who="2" m="29226" /><F74/><W7/><G22/><T17/><D73/><U47/><E47/><V86/><F102/><W117/><G123/><T111/><D111/><U64/><E64/><N who="3" m="24650" /><G13/><T75/><D75/><U62/><E62/><V106/><F106/><W93/><G93/><T107/><D107/><U80/><E122/><V27/><F115/><W28/><N who="3" m="11794" /><W19/><DORA hai="32" /><G19/><T14/><D17/><U91/><REACH who="1" step="1"/><E121/><REACH who="1" ten="223,287,245,235" step="2"/><V131/><F131/><W15/><G117/><T104/><D113/><U63/><E63/><V56/><F6/><N who="3" m="2059" /><G45/><T60/><D104/><U128/><E128/><V92/><F86/><W96/><G96/><T26/><D60/><U89/><E89/><V46/><F46/><W72/><G38/><T52/><D88/><U61/><E61/><V126/><F48/><W1/><G1/><T11/><D50/><U101/><E101/><V120/><F49/><W125/><G72/><T83/><D0/><RYUUKYOKU ba="3,1" sc="223,-15,287,15,245,-15,235,15" hai1="18,21,36,41,44,58,59,80,85,91,97,103,105" hai3="15,124,125,127" /><INIT seed="1,4,1,0,0,123" ten="208,302,230,250" oya="1" hai0="75,27,87,48,84,16,49,53,81,43,2,82,17" hai1="9,78,109,96,110,90,113,72,12,4,13,44,56" hai2="94,3,14,76,107,112,65,132,105,131,124,68,19" hai3="34,119,50,104,59,114,128,51,122,64,135,111,100"/><U35/><E35/><V117/><F3/><W101/><G34/><T25/><D2/><U37/><E113/><V23/><F117/><W29/><G29/><T97/><D75/><U55/><E13/><V39/><F39/><W89/><G119/><T118/><D118/><U41/><E72/><V77/><F112/><W130/><G114/><T61/><D97/><U21/><E78/><V45/><F45/><W71/><G122/><T126/><D126/><U36/><E36/><V125/><F132/><W103/><G104/><N who="2" m="40009" /><F131/><N who="3" m="50219" /><G135/><T30/><D61/><U32/><E32/><V73/><F73/><W46/><G71/><T99/><D99/><U31/><E96/><V7/><F7/><W0/><G0/><T54/><D30/><U106/><E106/><V10/><F10/><W60/><G89/><T66/><D43/><U62/><REACH who="1" step="1"/><E90/><REACH who="1" ten="208,292,230,250" step="2"/><V92/><F77/><W8/><G100/><T20/><D20/><U127/><E127/><N who="2" m="48715" /><F76/><W63/><G101/><T26/><D26/><AGARI ba="4,2" hai="4,9,12,21,26,31,37,41,44,55,56,62,109,110" machi="26" ten="40,12000,1" yaku="1,1,52,2,53,1" doraHai="123" doraHaiUra="58" who="1" fromWho="0" sc="208,-132,292,152,230,0,250,0" /><INIT seed="1,5,0,3,3,12" ten="76,444,230,250" oya="1" hai0="79,45,83,19,80,75,54,40,48,104,90,78,93" hai1="30,110,1,121,16,33,50,27,24,100,123,66,114" hai2="134,63,55,85,2,42,72,111,0,17,99,92,102" hai3="117,81,109,64,130,77,31,120,68,11,14,97,76"/><U108/><E100/><V4/><F72/><W135/><G120/><N who="1" m="46154" /><E66/><V65/><F134/><W82/><G31/><T89/><D104/><U118/><E50/><V62/><F42/><W18/><G135/><T98/><D40/><U13/><E1/><V34/><F34/><W113/><G113/><T131/><D131/><U43/><E43/><V101/><F111/><N who="1" m="42537" /><E114/><V128/><F102/><W39/><G39/><T10/><D90/><U69/><E69/><V86/><F0/><W126/><G109/><T7/><D7/><U124/><E27/><V3/><F2/><W6/><G130/><T106/><D106/><U20/><E124/><V44/><F3/><W116/><G64/><T112/><D112/><U125/><E125/><V29/><F65/><W60/><G60/><T71/><D71/><U115/><E115/><V51/><F128/><W84/><G68/><T95/><D95/><U21/><E118/><V88/><F101/><W70/><G6/><T58/><D45/><U67/><E67/><V105/><F105/><W22/><G70/><T15/><REACH who="0" step="1"/><D75/><REACH who="0" ten="66,444,230,250" step="2"/><U32/><AGARI ba="5,1" hai="13,16,20,21,24,30,32,33" m="42537,46154" machi="32" ten="40,18000,2" yaku="14,1,10,1,34,2,52,1,54,1" doraHai="12" who="1" fromWho="1" sc="66,-65,444,205,230,-65,250,-65" /><INIT seed="1,6,0,1,5,107" ten="1,649,165,185" oya="1" hai0="63,117,129,15,105,101,64,22,43,103,79,121,65" hai1="94,0,37,12,53,9,119,89,14,71,98,61,24" hai2="93,84,35,57,44,20,17,95,124,10,82,108,70" hai3="6,87,45,16,126,41,19,18,123,48,91,74,13"/><U49/><E119/><V127/><F70/><W78/><G123/><T26/><D117/><U73/><E37/><V106/><F35/><W67/><G126/><N who="2" m="48169" /><F106/><W33/><G33/><T81/><D121/><U116/><E116/><V88/><F108/><W51/><G67/><T55/><D129/><U59/><E73/><V112/><F112/><W96/><G74/><T21/><D105/><U30/><E0/><V47/><F10/><N who="3" m="4311" /><G96/><T128/><D43/><U27/><E12/><N who="2" m="9255" /><F57/><W25/><G51/><T68/><D128/><U56/><E71/><V28/><F28/><W90/><G25/><T46/><D64/><U80/><E80/><AGARI ba="6,0" hai="16,18,19,41,45,48,78,80,87,90,91" m="4311" machi="80" ten="30,3900,0" yaku="25,1,8,1,54,1" doraHai="107" who="3" fromWho="1" sc="1,0,649,-57,165,0,185,57" /><INIT seed="2,0,0,4,0,34" ten="1,592,165,242" oya="2" hai0="60,44,84,47,64,102,61,0,106,9,123,35,89" hai1="103,129,40,127,54,110,18,62,132,125,36,12,45" hai2="70,93,94,100,133,114,81,32,65,19,115,3,43" hai3="118,82,39,55,126,105,96,104,38,17,101,5,13"/><V53/><F32/><W42/><G118/><T20/><D123/><U88/><E110/><V21/><F43/><W97/><G126/><N who="1" m="48138" /><E103/><V25/><F70/><W7/><G55/><T80/><D35/><U27/><E132/><V29/><F133/><W91/><G82/><T8/><D20/><U120/><E129/><V74/><F3/><W95/><G104/><T108/><D108/><U46/><E120/><V37/><F37/><W72/><G72/><T28/><D28/><U109/><E109/><V76/><F65/><W2/><G2/><T71/><D60/><U78/><E78/><V66/><F66/><W112/><G112/><T69/><D69/><U1/><E27/><V113/><F100/><W77/><G77/><T14/><D102/><U52/><E1/><V124/><F124/><W87/><G96/><T111/><D106/><U50/><E62/><V128/><F128/><W73/><G73/><T98/><D98/><U122/><E122/><V51/><REACH who="2" step="1"/><F29/><REACH who="2" ten="1,592,155,242" step="2"/><W59/><G42/><T83/><D111/><U68/><E68/><V26/><F26/><W24/><G24/><T6/><D80/><U130/><E130/><V11/><F11/><N who="3" m="6335" /><G39/><T58/><D71/><U48/><E36/><V67/><F67/><W134/><G38/><T121/><D121/><U33/><E33/><V56/><AGARI ba="0,1" hai="19,21,25,51,53,56,74,76,81,93,94,113,114,115" machi="56" ten="30,6000,0" yaku="1,1,0,1,53,1" doraHai="34" doraHaiUra="107" who="2" fromWho="2" sc="1,-20,592,-20,155,70,242,-20" owari="-19,-51.9,572,67.2,225,2.5,222,-17.8" /></mjloggm>