<mjloggm ver="2.3"><GO type="225" lobby="0"/><UN n0="%77%72%77%72%77%72%77%72" n1="%E3%80%93%E3%81%97%E3%83%BC%E3%82%89%E3%80%93" n2="%E3%81%AF%E3%82%88%E3%81%8A%E3%81%98%E3%81%95%E3%82%93" n3="%E3%81%BF%E3%81%BF%E3%81%9A" dan="17,16,17,17" rate="2239.84,2076.58,2170.22,2249.41" sx="M,M,M,M"/><TAIKYOKU oya="0"/><INIT seed="0,0,0,2,4,105" ten="250,250,250,250" oya="0" hai0="119,8,90,67,28,82,108,16,112,80,60,134,96" hai1="135,43,63,77,116,65,94,31,26,74,114,25,88" hai2="99,102,113,58,128,111,62,3,48,69,54,61,38" hai3="100,97,20,72,45,93,98,70,21,24,37,56,30"/><T118/><D112/><U124/><E116/><V79/><F113/><W110/><G70/><T44/><D134/><U109/><E114/><V92/><F111/><W89/><G110/><T32/><D108/><U49/><E109/><V0/><F128/><W91/><G72/><T73/><D44/><U34/><E135/><V84/><F38/><W120/><G120/><T41/><D41/><U66/><E124/><V12/><F0/><W46/><G37/><T4/><D28/><U121/><E121/><V85/><F3/><W17/><G56/><T55/><D32/><U50/><E25/><V53/><F79/><W33/><G33/><T125/><D125/><U9/><E9/><V127/><F127/><W86/><G97/><T27/><D73/><U75/><E77/><V101/><F102/><W36/><G36/><T104/><D104/><U76/><E76/><V23/><F69/><W115/><G115/><T103/><D103/><U1/><E1/><V52/><F61/><W2/><G2/><N who="0" m="23" /><D119/><U6/><E6/><V29/><F12/><N who="3" m="9255" /><G100/><T78/><D78/><U47/><E50/><V14/><F14/><W95/><AGARI ba="0,0" hai="21,24,30,45,46,86,89,91,93,95,98" m="9255" machi="95" ten="30,1100,0" yaku="8,1" doraHai="105" who="3" fromWho="3" sc="250,-5,250,-3,250,-3,250,11" /><INIT seed="1,0,0,3,4,77" ten="245,247,247,261" oya="1" hai0="106,76,99,18,46,132,50,37,109,129,0,102,26" hai1="91,15,121,44,31,65,114,73,85,28,95,6,23" hai2="134,100,51,126,66,78,3,64,11,75,30,67,81" hai3="86,107,90,25,71,41,57,103,111,88,38,110,79"/><U96/><E73/><V16/><F126/><W58/><G71/><T93/><D109/><N who="3" m="41481" /><G79/><T55/><D129/><U17/><E114/><V116/><F116/><W48/><G25/><T104/><D132/><U98/><E121/><V22/><F134/><W113/><G113/><T32/><D0/><U39/><E39/><V89/><F100/><W87/><G38/><T53/><D37/><U19/><E6/><V54/><F89/><W4/><G4/><T56/><D76/><U128/><E128/><V63/><F30/><N who="1" m="11305" /><E65/><V117/><F117/><W59/><G107/><T80/><D32/><U101/><E44/><V45/><F11/><W118/><G103/><T36/><D36/><U24/><E101/><V35/><F3/><W12/><G12/><T62/><D106/><U119/><E119/><V42/><F35/><W1/><G1/><T127/><D127/><U130/><E130/><V52/><REACH who="2" step="1"/><F63/><REACH who="2" ten="245,247,237,261" step="2"/><W120/><G118/><T123/><D104/><U20/><AGARI ba="0,1" hai="15,17,19,20,23,24,85,91,95,96,98" m="11305" machi="20" ten="30,1500,0" yaku="8,1" doraHai="77" who="1" fromWho="1" sc="245,-5,247,25,237,-5,261,-5" /><INIT seed="1,1,0,0,3,77" ten="240,272,232,256" oya="1" hai0="4,127,36,90,61,40,60,54,50,97,37,88,135" hai1="13,131,5,22,133,66,2,62,107,52,59,89,87" hai2="72,14,7,82,32,27,115,41,57,104,113,39,124" hai3="99,105,0,110,25,121,93,11,58,84,117,114,75"/><U118/><E107/><V15/><F104/><W76/><G121/><T126/><D4/><U65/><E118/><V108/><F108/><W48/><G114/><N who="2" m="43529" /><F124/><N who="0" m="47658" /><D135/><U19/><E133/><V17/><F7/><W130/><G110/><T49/><D97/><U134/><E134/><V98/><F98/><W73/><G25/><T128/><D128/><U55/><E131/><V129/><F129/><W38/><G38/><N who="0" m="14955" /><D40/><U132/><E132/><V102/><F102/><W94/><G99/><T8/><D8/><N who="1" m="4239" /><E66/><V112/><N who="2" m="43537" /><V68/><DORA hai="1" /><F68/><W119/><G105/><T101/><D101/><U120/><E2/><V92/><F92/><W51/><G130/><T100/><D100/><U122/><E120/><V46/><F82/><W31/><G0/><T6/><D6/><U80/><E122/><V86/><F72/><W63/><G75/><T106/><D106/><U56/><E56/><V20/><F57/><W35/><G73/><T18/><D18/><U21/><E21/><V53/><F32/><W74/><G74/><T3/><D3/><U29/><E29/><V30/><F30/><W42/><G31/><T81/><D81/><U79/><E79/><V71/><F71/><W47/><G35/><T28/><D28/><U43/><E43/><V111/><F111/><W83/><G11/><T96/><D96/><U10/><E10/><V44/><F86/><W33/><G33/><T34/><D34/><U69/><E69/><V16/><F17/><W67/><G48/><AGARI ba="1,0" hai="14,15,16,20,27,39,41,44,46,48,53" m="43537" machi="48" ten="40,2600,0" yaku="11,1,54,1" doraHai="77,1" who="2" fromWho="3" sc="240,0,272,0,232,29,256,-29" /><INIT seed="2,0,0,5,0,53" ten="240,272,261,227" oya="2" hai0="43,60,85,80,46,42,28,101,113,66,16,106,117" hai1="88,13,56,126,32,5,114,116,22,74,7,93,41" hai2="35,84,39,48,78,14,134,62,77,36,115,99,125" hai3="4,44,71,26,127,25,89,2,64,124,107,54,72"/><V102/><F115/><W82/><G107/><T81/><D113/><U15/><E32/><V91/><F35/><W86/><G72/><T105/><D117/><U112/><E74/><V57/><F125/><N who="3" m="48203" /><G2/><T111/><D111/><U59/><E116/><V122/><F122/><W58/><G4/><N who="1" m="1610" /><E126/><V130/><F130/><W83/><G44/><T133/><D28/><U63/><E114/><V9/><F48/><N who="3" m="31047" /><G82/><T61/><D46/><U120/><E120/><V128/><F36/><W69/><G64/><T110/><D110/><U1/><E1/><V10/><F39/><W75/><G75/><T76/><D66/><N who="1" m="39271" /><E41/><V131/><F134/><W30/><G25/><T119/><D119/><U49/><E22/><AGARI ba="0,0" hai="22,26,30,69,71,83,86,89" m="31047,48203" machi="22" ten="30,2000,0" yaku="18,1,52,1" doraHai="53" who="3" fromWho="1" sc="240,0,272,-20,261,0,227,20" /><INIT seed="3,0,0,5,3,98" ten="240,252,261,247" oya="3" hai0="24,44,22,35,101,83,46,41,128,85,78,113,17" hai1="21,110,30,119,51,82,11,117,90,3,54,57,53" hai2="67,74,107,120,129,38,81,122,135,27,25,60,91" hai3="84,115,70,79,130,100,20,42,68,18,92,7,97"/><W111/><G115/><T106/><D128/><U16/><E110/><V86/><F38/><W76/><G130/><T34/><D113/><U36/><E36/><V58/><F129/><W23/><G111/><T114/><D114/><U131/><E131/><V94/><F107/><W77/><G7/><T39/><REACH who="0" step="1"/><D44/><REACH who="0" ten="230,252,261,247" step="2"/><U103/><E119/><V9/><F122/><W31/><G42/><T71/><D71/><U75/><E117/><V1/><F120/><W126/><G126/><T125/><D125/><U63/><E57/><V45/><F45/><W15/><REACH who="3" step="1"/><G84/><REACH who="3" ten="230,252,261,237" step="2"/><T95/><D95/><U102/><E75/><V40/><F94/><W49/><G49/><T72/><D72/><U118/><E51/><V88/><F86/><W133/><G133/><T69/><D69/><U14/><E118/><V124/><F135/><W105/><G105/><T29/><D29/><U56/><E30/><V50/><F40/><W61/><G61/><T37/><D37/><U73/><E63/><V10/><F124/><W8/><G8/><T0/><D0/><U59/><E11/><V52/><F9/><W13/><G13/><T32/><D32/><U89/><E3/><V112/><F112/><W6/><G6/><T33/><D33/><U55/><E73/><V108/><F108/><W4/><G4/><T19/><D19/><U132/><E132/><V5/><F74/><W116/><G116/><T93/><D93/><U26/><E14/><V66/><F50/><W62/><G62/><T12/><D12/><U104/><E104/><V65/><F60/><W87/><G87/><T48/><D48/><RYUUKYOKU ba="0,2" sc="230,15,252,-15,261,-15,237,15" hai0="17,22,24,34,35,39,41,46,78,83,85,101,106" hai3="15,18,20,23,31,68,70,76,77,79,92,97,100" /><INIT seed="3,1,2,2,1,12" ten="245,237,246,252" oya="3" hai0="44,78,99,84,17,42,54,105,56,45,94,28,133" hai1="98,55,27,29,108,7,97,89,3,122,63,115,70" hai2="123,69,130,5,79,109,58,36,119,48,107,118,111" hai3="10,60,106,112,93,135,9,104,125,95,49,26,53"/><W126/><G112/><T113/><D113/><U38/><E115/><V20/><F69/><W50/><G60/><T120/><D120/><U18/><E38/><V16/><F36/><W14/><G26/><T47/><D105/><N who="3" m="40553" /><G135/><T1/><D1/><U127/><E108/><N who="2" m="41547" /><F123/><W101/><G101/><T59/><D28/><U62/><E127/><N who="3" m="48650" /><G9/><T83/><D133/><U33/><E122/><V8/><F107/><W46/><G50/><T77/><D77/><U85/><E70/><V23/><F79/><W80/><G80/><T114/><D114/><U86/><E63/><V67/><F23/><W6/><AGARI ba="1,2" hai="6,10,14,46,49,53,93,95" m="48650,40553" machi="6" ten="30,1500,0" yaku="18,1" doraHai="12" who="3" fromWho="3" sc="245,-6,237,-6,246,-6,252,38" /><INIT seed="3,2,0,1,2,131" ten="239,231,240,290" oya="3" hai0="47,99,132,32,126,101,46,110,43,73,107,14,17" hai1="22,129,8,58,6,113,38,124,122,20,16,26,48" hai2="9,57,76,70,11,56,65,100,55,45,88,29,3" hai3="128,91,87,117,68,21,79,52,39,51,121,95,33"/><W83/><G117/><T62/><D32/><U102/><E38/><V18/><F70/><W24/><G121/><T59/><D73/><U35/><E122/><V92/><F3/><W30/><G128/><T86/><D110/><U112/><E102/><V94/><F76/><W15/><G39/><T37/><D126/><U64/><E64/><V96/><F29/><W80/><G68/><T60/><D46/><U53/><E129/><V0/><F0/><W41/><G41/><T74/><D74/><U69/><E69/><V50/><F65/><W130/><G130/><T97/><D97/><U78/><E124/><V71/><F71/><W114/><G114/><T63/><D86/><U84/><E35/><V119/><F119/><W89/><G79/><T1/><D1/><U104/><E104/><V40/><F18/><N who="3" m="10463" /><G91/><T77/><D77/><U75/><E75/><V44/><F9/><W34/><G33/><T28/><D28/><U13/><REACH who="1" step="1"/><E22/><REACH who="1" ten="239,221,240,290" step="2"/><V7/><F100/><W108/><G108/><T103/><D103/><U42/><E42/><V49/><F40/><W19/><G19/><T115/><D115/><U10/><E10/><V31/><F11/><W85/><G34/><T66/><D132/><U12/><E12/><V105/><F105/><W23/><G87/><T54/><D66/><U81/><AGARI ba="2,1" hai="6,8,13,16,20,26,48,53,58,78,81,84,112,113" machi="81" ten="30,4000,0" yaku="1,1,0,1,54,1,53,0" doraHai="131" doraHaiUra="27" who="1" fromWho="1" sc="239,-12,221,56,240,-12,290,-22" /><INIT seed="4,0,0,5,3,56" ten="227,277,228,268" oya="0" hai0="97,110,60,82,6,54,83,59,28,106,0,70,72" hai1="133,63,24,25,105,134,118,21,94,88,23,84,46" hai2="101,42,19,75,92,102,26,35,103,111,98,109,29" hai3="107,93,41,1,30,52,86,113,14,77,117,45,80"/><T5/><D72/><U119/><E105/><V114/><F75/><W58/><G1/><T135/><D0/><U108/><E108/><V99/><F114/><W67/><G107/><T62/><D110/><U13/><E46/><V73/><F73/><W100/><G117/><N who="1" m="44554" /><E13/><V104/><F102/><W8/><G30/><T79/><D79/><U121/><E121/><V50/><F19/><W61/><G113/><T2/><D2/><U128/><E128/><V125/><F125/><W112/><G112/><T71/><D28/><U115/><E115/><V55/><REACH who="2" step="1"/><F42/><REACH who="2" ten="227,277,218,268" step="2"/><W44/><G41/><T31/><D31/><U7/><E134/><V120/><F120/><W95/><G100/><T69/><D135/><U78/><E133/><V126/><F126/><W127/><G127/><T116/><D116/><U124/><E124/><V132/><F132/><W81/><G44/><AGARI ba="0,1" hai="26,29,35,44,50,55,92,98,99,101,103,104,109,111" machi="44" ten="30,2000,0" yaku="1,1,7,1,53,0" doraHai="56" doraHaiUra="36" who="2" fromWho="3" sc="227,0,277,0,218,30,268,-20" /><INIT seed="5,0,0,0,2,120" ten="227,277,248,248" oya="1" hai0="99,83,21,73,117,30,52,11,56,104,122,59,79" hai1="91,124,23,5,94,85,98,38,44,65,26,109,133" hai2="51,128,125,37,55,106,4,134,72,12,70,115,20" hai3="39,13,40,32,123,6,110,74,90,46,102,63,93"/><U18/><E109/><V16/><F37/><W132/><G110/><T121/><D117/><U43/><E124/><V10/><F72/><W87/><G123/><N who="0" m="47115" /><D11/><U118/><E133/><V60/><F106/><W34/><G74/><T45/><D30/><U112/><E112/><V88/><F134/><W53/><G132/><T131/><D131/><U130/><E130/><V89/><F128/><W42/><G102/><N who="0" m="62559" /><D21/><U14/><E118/><V36/><F36/><W0/><G0/><T27/><D27/><U8/><REACH who="1" step="1"/><E65/><REACH who="1" ten="227,267,248,248" step="2"/><V114/><F125/><W71/><G32/><T66/><D66/><U105/><E105/><V96/><F115/><W2/><G34/><T111/><D111/><U127/><E127/><V126/><F126/><W50/><G2/><T116/><D116/><U1/><E1/><V69/><F114/><W80/><G71/><T47/><D56/><U31/><E31/><V108/><F70/><W15/><G46/><T92/><D92/><U103/><E103/><V9/><F69/><W81/><G93/><T58/><D59/><U101/><E101/><V24/><F108/><W17/><G81/><T82/><D82/><U107/><E107/><V78/><F60/><AGARI ba="0,1" hai="45,47,52,58,60,73,79,83" m="62559,47115" machi="60" ten="30,2000,0" yaku="13,1,54,1" doraHai="120" who="0" fromWho="2" sc="227,30,267,0,248,-20,248,0" /><INIT seed="6,0,0,0,4,105" ten="257,267,228,248" oya="2" hai0="104,18,108,42,109,13,44,0,29,40,14,34,30" hai1="21,110,107,60,76,45,62,51,25,16,82,41,19" hai2="75,114,111,119,96,80,17,6,23,90,31,120,38" hai3="135,85,86,98,74,112,93,47,73,7,99,5,67"/><V32/><F119/><W46/><G93/><T72/><D104/><U121/><E107/><V92/><F120/><W100/><G67/><T52/><D0/><U27/><E121/><V89/><F38/><W117/><G135/><T61/><D72/><U55/><E110/><V91/><F111/><W24/><G24/><T101/><D101/><U95/><E95/><V83/><F114/><W15/><G15/><T97/><D34/><U57/><E25/><N who="2" m="16831" /><F75/><W3/><G100/><T131/><D131/><U87/><REACH who="1" step="1"/><E19/><REACH who="1" ten="257,257,228,248" step="2"/><V11/><F32/><W102/><G112/><T4/><D18/><U94/><E94/><V63/><F17/><W35/><G35/><T50/><D109/><U59/><E59/><V28/><F28/><W49/><G102/><T20/><D108/><U133/><E133/><V39/><F39/><AGARI ba="0,1" hai="16,21,27,39,41,45,51,55,57,60,62,76,82,87" machi="39" ten="30,3900,0" yaku="1,1,7,1,54,1,53,0" doraHai="105" doraHaiUra="2" who="1" fromWho="2" sc="257,0,257,49,228,-39,248,0" owari="257,5.7,306,40.6,189,-31.1,248,-15.2" /></mjloggm>