<mjloggm ver="2.3"><GO type="225" lobby="0"/><UN n0="%E4%B8%89%E5%86%A0%E7%8E%8B%E3%83%BB%E5%B1%B1%E7%94%B0%E5%93%B2%E4%BA%BA" n1="%53%61%63%68%69%30%34" n2="%E3%81%8B%E3%82%8F%E3%81%A1%E3%82%83%E3%82%93%35%38" n3="%E3%81%AA%E3%81%A1%30%39%32%37" dan="16,16,16,16" rate="2166.84,2090.16,2125.31,2022.08" sx="M,M,M,M"/><TAIKYOKU oya="0"/><INIT seed="0,0,0,3,3,51" ten="250,250,250,250" oya="0" hai0="102,133,129,19,79,3,15,43,39,59,27,37,55" hai1="113,107,36,20,101,80,71,77,35,127,29,93,134" hai2="28,87,119,1,97,41,60,85,56,105,114,66,130" hai3="72,64,46,6,47,132,16,30,26,120,106,50,135"/><T25/><D3/><U54/><E36/><V38/><F114/><W73/><G106/><T24/><D133/><N who="3" m="51273" /><G6/><T111/><D129/><U103/><E134/><V4/><F28/><W75/><G120/><T5/><D5/><U116/><E116/><V40/><F130/><W92/><G64/><T104/><D79/><U84/><E71/><V131/><F131/><W115/><G115/><T32/><D32/><U121/><E121/><V62/><F119/><W52/><G92/><T124/><D124/><U128/><E127/><V14/><F1/><W125/><G125/><T9/><D43/><U122/><E35/><V11/><F60/><W18/><G46/><T0/><D0/><U2/><E93/><V95/><F105/><W67/><G67/><T81/><D81/><U69/><E80/><V33/><F33/><AGARI ba="0,0" hai="16,18,26,30,33,47,50,52,72,73,75" m="51273" machi="33" ten="40,8000,1" yaku="20,1,52,1,54,2" doraHai="51" who="3" fromWho="2" sc="250,0,250,0,250,-80,250,80" /><INIT seed="1,0,0,5,5,134" ten="250,250,170,330" oya="1" hai0="85,46,31,111,16,67,128,97,14,92,5,65,83" hai1="99,13,76,36,61,2,47,126,117,54,120,35,88" hai2="78,118,89,101,40,28,113,74,100,116,22,50,93" hai3="21,39,10,45,123,24,68,107,56,58,90,11,64"/><U55/><E117/><N who="2" m="45163" /><F50/><W37/><G123/><T18/><D111/><U130/><E2/><V3/><F40/><W122/><G122/><T125/><D128/><U86/><E35/><V80/><F22/><W79/><G107/><T7/><D31/><U135/><E135/><V34/><F28/><W75/><G68/><T72/><D72/><U0/><E0/><V77/><F3/><W52/><G90/><T48/><D125/><U108/><E126/><V84/><F34/><W12/><G79/><N who="2" m="30217" /><F113/><W49/><G75/><T30/><D30/><U57/><E120/><V41/><F41/><W133/><G133/><T119/><D119/><U26/><E36/><V87/><F74/><W4/><G11/><N who="0" m="6239" /><D18/><U70/><E70/><V63/><F63/><W27/><G27/><T115/><D5/><U102/><E26/><V71/><F71/><W60/><G56/><T43/><D7/><U114/><E114/><V9/><F9/><W25/><G25/><T17/><D17/><AGARI ba="0,0" hai="4,10,12,17,21,24,37,39,45,49,52,58,60,64" machi="17" ten="30,2000,0" yaku="7,1,54,1" doraHai="134" who="3" fromWho="0" sc="250,-20,250,0,170,0,330,20" /><INIT seed="2,0,0,3,4,102" ten="230,250,170,350" oya="2" hai0="126,103,104,43,54,70,112,62,44,106,21,15,78" hai1="18,24,67,131,129,107,130,28,109,128,2,45,27" hai2="29,87,55,66,25,135,114,34,84,51,35,73,108" hai3="1,100,89,65,63,132,37,71,123,96,116,111,38"/><V77/><F114/><W117/><G123/><T95/><D112/><U113/><E113/><V56/><F135/><W11/><G89/><T68/><D78/><U97/><E130/><V79/><F108/><W72/><G72/><T60/><D126/><U31/><E109/><V32/><F66/><W88/><G88/><T59/><D95/><U46/><E2/><V0/><F0/><W12/><G12/><T50/><D103/><N who="1" m="62959" /><E18/><V118/><F118/><N who="3" m="45675" /><G132/><T64/><REACH who="0" step="1"/><D68/><REACH who="0" ten="220,250,170,350" step="2"/><U127/><E127/><V94/><F79/><W57/><G111/><T17/><AGARI ba="0,1" hai="15,17,21,43,44,50,54,59,60,62,64,70,104,106" machi="17" ten="30,8000,1" yaku="1,1,2,1,0,1,52,2,53,0" doraHai="102" doraHaiUra="74" who="0" fromWho="0" sc="220,90,250,-20,170,-40,350,-20" /><INIT seed="3,0,0,4,1,86" ten="310,230,130,330" oya="3" hai0="30,34,38,97,57,83,8,91,98,3,67,81,109" hai1="23,124,26,63,59,1,15,112,4,56,61,114,94" hai2="65,22,77,122,100,48,54,62,99,10,134,85,102" hai3="12,72,71,37,73,70,68,13,133,50,123,106,9"/><W55/><G123/><T29/><D38/><U28/><E1/><V125/><F134/><W87/><G133/><T103/><D3/><U16/><E124/><V39/><F39/><W44/><G106/><T120/><D120/><U2/><E2/><V43/><F125/><W25/><G13/><T7/><D109/><U101/><E4/><V66/><F122/><W47/><G25/><T45/><D34/><U132/><E132/><V21/><F43/><W60/><G60/><N who="0" m="38287" /><D45/><U69/><E69/><V5/><F5/><W80/><G47/><T107/><D107/><U19/><E114/><V33/><F33/><W58/><G58/><T118/><D103/><U84/><E112/><V130/><F130/><W119/><G119/><T24/><D118/><U131/><E131/><V74/><F74/><W64/><G64/><T116/><D116/><U108/><E108/><V27/><F10/><W104/><G104/><T36/><D36/><U41/><E41/><V90/><F77/><W20/><G20/><N who="0" m="15495" /><D30/><U88/><E101/><V96/><F62/><N who="1" m="23561" /><E28/><V40/><F40/><W32/><G32/><T35/><D35/><U52/><E52/><V0/><F0/><W18/><G37/><T92/><D98/><U49/><E49/><V82/><F54/><W14/><G14/><T111/><D111/><U11/><AGARI ba="0,0" hai="11,15,16,19,23,26,56,59,84,88,94" m="23561" machi="11" ten="30,7900,0" yaku="8,1,52,1,54,2" doraHai="86" who="1" fromWho="1" sc="310,-20,230,79,130,-20,330,-39" owari="290,-11.0,309,40.9,110,-39.0,291,9.1" /></mjloggm>