<mjloggm ver="2.3"><GO type="225" lobby="0"/><UN n0="%72%69%6F%75%63%68%61%6E" n1="%E3%81%99%E3%81%84%E3%81%BE%E3%81%9B%E3%83%BC%E3%82%93" n2="%E3%81%BF%E3%81%BF%E3%81%9A" n3="%E3%81%B5%E3%81%98%E3%81%8B%E3%81%A4" dan="16,18,17,17" rate="2166.87,2188.91,2275.65,2225.87" sx="M,M,M,M"/><TAIKYOKU oya="0"/><INIT seed="0,0,0,2,1,11" ten="250,250,250,250" oya="0" hai0="97,7,102,104,81,70,87,91,49,21,72,122,94" hai1="30,58,5,28,14,35,123,92,64,126,118,77,120" hai2="119,48,129,82,62,8,3,135,31,114,44,38,37" hai3="9,63,116,22,84,20,67,66,1,107,83,29,18"/><T39/><D39/><U86/><E118/><V46/><F114/><W24/><G116/><T128/><D70/><U60/><E126/><V93/><F119/><W42/><G107/><T26/><D128/><U90/><E77/><V41/><F129/><W79/><G42/><T17/><D7/><U115/><E115/><V103/><F31/><W110/><G110/><T54/><D122/><U134/><E134/><V98/><F135/><W78/><G78/><T125/><D125/><U2/><E2/><V56/><F82/><W19/><G1/><T95/><REACH who="0" step="1"/><D72/><REACH who="0" ten="240,250,250,250" step="2"/><U132/><E132/><V57/><F38/><W12/><REACH who="3" step="1"/><G63/><REACH who="3" ten="240,250,250,240" step="2"/><T76/><D76/><U121/><E121/><V113/><F62/><W55/><G55/><T75/><D75/><U99/><E123/><V112/><F113/><W43/><G43/><T33/><D33/><U13/><E35/><V105/><F112/><W89/><G89/><T130/><D130/><U50/><E120/><V131/><F131/><W23/><G23/><T10/><D10/><U25/><E90/><V53/><F8/><W133/><G133/><T52/><D52/><U40/><E40/><V27/><F3/><W0/><G0/><T117/><D117/><U59/><E60/><V127/><F127/><W111/><G111/><T68/><D68/><U106/><E50/><N who="2" m="28871" /><F37/><W80/><G80/><T88/><D88/><U96/><E64/><V32/><F105/><W71/><G71/><T100/><D100/><U51/><E106/><V45/><F41/><W15/><AGARI ba="0,2" hai="9,12,15,18,19,20,22,24,29,66,67,79,83,84" machi="15" ten="20,12000,2" yaku="1,1,0,1,7,1,8,1,52,2,53,1" doraHai="11" doraHaiUra="74" who="3" fromWho="3" sc="240,-60,250,-30,250,-30,240,140" /><INIT seed="1,0,0,0,0,103" ten="180,220,220,380" oya="1" hai0="14,106,0,81,21,8,91,32,20,107,24,49,126" hai1="65,5,98,34,127,44,19,47,39,101,123,61,17" hai2="67,36,87,109,129,74,82,118,33,51,7,27,95" hai3="94,134,35,15,115,66,45,58,50,88,13,92,2"/><U110/><E123/><V135/><F118/><W130/><G115/><T83/><D126/><U121/><E121/><V71/><F36/><W70/><G2/><T113/><D113/><U6/><E34/><V76/><F109/><W38/><G35/><T120/><D120/><U1/><E127/><V31/><F129/><W23/><G23/><T29/><D49/><U111/><E39/><V104/><F135/><W46/><G94/><T16/><D20/><U43/><E1/><V102/><F7/><W119/><G134/><T73/><D91/><U55/><E55/><V63/><F51/><W69/><G69/><T28/><D73/><U75/><E75/><V112/><F95/><W10/><G130/><T85/><D29/><U77/><E77/><V60/><F87/><W18/><G70/><T116/><D116/><U68/><E5/><V114/><F63/><W125/><G13/><T133/><D133/><U124/><E6/><V30/><F31/><W72/><G72/><T48/><D48/><N who="1" m="26655" /><E47/><N who="3" m="17930" /><G38/><T22/><D22/><U89/><E124/><V97/><AGARI ba="0,0" hai="27,30,33,60,67,71,74,76,82,97,102,104,112,114" machi="97" ten="30,12000,2" yaku="0,1,25,2,23,2,52,1" doraHai="103" who="2" fromWho="2" sc="180,-30,220,-60,220,120,380,-30" /><INIT seed="2,0,0,3,2,85" ten="150,160,340,350" oya="2" hai0="132,19,101,71,41,63,118,49,99,89,97,104,10" hai1="17,37,12,121,74,60,81,34,78,14,50,72,96" hai2="105,23,122,66,125,114,134,21,77,106,1,36,98" hai3="3,20,116,128,51,16,67,119,86,42,88,75,45"/><V33/><F114/><W123/><G123/><T62/><D132/><U48/><E37/><V109/><F122/><W35/><G35/><T115/><D115/><U64/><E121/><V55/><F33/><W6/><G75/><T31/><D118/><U25/><E74/><V112/><F1/><W95/><G67/><T124/><D124/><U54/><E96/><V8/><F112/><W108/><G128/><T82/><D31/><U87/><E72/><V83/><F36/><W2/><G108/><T90/><D82/><U127/><E127/><V15/><F66/><W59/><G3/><T131/><D131/><U5/><E5/><V68/><F68/><W110/><G110/><T58/><D71/><U92/><E92/><V13/><F125/><W9/><G59/><T29/><D29/><U4/><E4/><V100/><F106/><W27/><AGARI ba="0,0" hai="2,6,9,16,20,27,42,45,51,86,88,95,116,119" machi="27" ten="20,8000,1" yaku="0,1,7,1,52,1,54,2" doraHai="85" who="3" fromWho="3" sc="150,-20,160,-20,340,-40,350,80" /><INIT seed="3,0,0,5,2,130" ten="130,140,300,430" oya="3" hai0="90,7,42,117,120,50,57,114,22,48,127,12,34" hai1="85,82,68,27,24,133,53,8,45,69,70,47,96" hai2="55,77,59,128,110,111,58,37,3,67,54,98,121" hai3="105,5,72,109,79,38,60,126,31,108,1,129,93"/><W2/><G93/><T20/><D117/><U21/><E133/><V56/><F77/><W52/><G60/><T80/><D120/><U41/><E8/><V119/><F98/><W66/><G66/><T17/><D34/><U43/><E96/><V44/><F3/><W103/><G52/><N who="0" m="31879" /><D114/><U65/><E65/><V107/><F107/><W100/><G31/><T40/><D127/><U87/><E53/><V11/><F11/><W61/><G61/><T84/><D7/><U13/><E13/><V95/><F95/><W92/><G100/><T0/><D0/><U89/><E87/><V75/><F75/><W113/><G92/><T64/><D64/><U39/><REACH who="1" step="1"/><E21/><REACH who="1" ten="130,130,300,430" step="2"/><N who="0" m="8297" /><D50/><AGARI ba="0,1" hai="24,27,39,41,43,45,47,50,68,69,70,82,85,89" machi="50" ten="40,1300,0" yaku="1,1,53,0" doraHai="130" doraHaiUra="122" who="1" fromWho="0" sc="130,-13,130,23,300,0,430,0" owari="117,-38.3,153,-24.7,300,10.0,430,53.0" /></mjloggm>