<mjloggm ver="2.3"><GO type="225" lobby="0"/><UN n0="%E6%81%A5%E6%99%92%E3%81%97" n1="%E6%A1%9C%E8%8A%B1%E9%96%83%E3%80%85" n2="%E4%BF%BA%E3%81%A8%E5%A6%96%E5%A4%A2" n3="%41%6F%54" dan="16,16,16,16" rate="2139.24,2178.12,2117.10,2041.38" sx="M,M,F,M"/><TAIKYOKU oya="0"/><INIT seed="0,0,0,0,3,86" ten="250,250,250,250" oya="0" hai0="113,134,74,128,80,99,104,1,11,47,51,16,73" hai1="114,96,57,39,87,5,46,111,12,3,22,90,4" hai2="135,15,60,77,78,45,50,38,102,40,0,92,68" hai3="72,122,93,7,126,91,67,19,65,94,118,35,116"/><T17/><D113/><U21/><E114/><V131/><F0/><W23/><G126/><T120/><D120/><U129/><E3/><V27/><F131/><W69/><G35/><T62/><D128/><U59/><E129/><V88/><F135/><W75/><G122/><T108/><D134/><U115/><E115/><V132/><F132/><W31/><G31/><T55/><D108/><U49/><E96/><V13/><F102/><W53/><G7/><N who="1" m="2634" /><E39/><V26/><F38/><W52/><G19/><T2/><D11/><U117/><E117/><V82/><F60/><W37/><G37/><T70/><D104/><U83/><E111/><V79/><F82/><W63/><G23/><N who="1" m="8714" /><E12/><N who="2" m="4683" /><F68/><W32/><G32/><T105/><D105/><U95/><E83/><V121/><F121/><W119/><G65/><T61/><D99/><AGARI ba="0,0" hai="26,27,40,45,50,77,78,79,88,92,99" m="4683" machi="99" ten="30,3900,0" yaku="8,1,52,1,54,1" doraHai="86" who="2" fromWho="0" sc="250,-39,250,0,250,39,250,0" /><INIT seed="1,0,0,1,1,37" ten="211,250,289,250" oya="1" hai0="21,8,55,33,78,113,129,96,16,18,128,134,75" hai1="39,80,103,88,19,98,120,105,4,17,106,112,91" hai2="67,47,121,125,25,1,58,70,28,54,24,111,56" hai3="31,114,12,85,3,74,89,6,73,95,101,82,77"/><U79/><E112/><V116/><F116/><W94/><G114/><T10/><D113/><U0/><E120/><V2/><F121/><W48/><G3/><T11/><D33/><U26/><E106/><V135/><F70/><W50/><G31/><T76/><D134/><U40/><E26/><V63/><F135/><W46/><G50/><T117/><D117/><U109/><E109/><V100/><F111/><W14/><G74/><T60/><D96/><U27/><E27/><V36/><F125/><W64/><G64/><T9/><N who="0" m="2048" /><DORA hai="57" /><T7/><D7/><U130/><E130/><N who="0" m="50281" /><D75/><U72/><E4/><V119/><F100/><W42/><G6/><T84/><D84/><U51/><E39/><V65/><F119/><W23/><G23/><T102/><D102/><U132/><E132/><V45/><F36/><W41/><G101/><T97/><D97/><U133/><E0/><V59/><F28/><W118/><G118/><T115/><D115/><U69/><E69/><V68/><F68/><W83/><G73/><T93/><D93/><U43/><E133/><V15/><F1/><W87/><G95/><T22/><D22/><U38/><E38/><V49/><F2/><W5/><G5/><T44/><D18/><U20/><E19/><V34/><F34/><W122/><G122/><T35/><D35/><U124/><E17/><V53/><F67/><W86/><G94/><T108/><D108/><U131/><E20/><V62/><F65/><W81/><G87/><T66/><D66/><U104/><E131/><V110/><F110/><W61/><G86/><T123/><D123/><RYUUKYOKU ba="0,0" sc="211,0,250,0,289,0,250,0" /><INIT seed="2,1,0,3,4,36" ten="211,250,289,250" oya="2" hai0="114,52,116,23,16,10,14,99,113,81,13,45,53" hai1="98,22,43,51,79,50,115,104,33,41,76,44,24" hai2="59,84,83,93,133,92,28,46,118,5,126,97,111" hai3="37,21,58,54,3,71,100,124,129,1,60,65,38"/><V122/><F118/><W128/><G100/><T130/><D130/><N who="3" m="50281" /><G21/><T94/><D116/><U42/><E115/><V80/><F122/><W77/><G77/><N who="1" m="29770" /><E33/><V30/><F126/><W27/><G27/><T86/><D113/><U11/><E104/><V31/><F133/><W87/><G87/><T82/><D114/><U105/><E105/><V73/><F73/><W2/><G124/><T125/><D125/><U135/><E135/><V57/><F5/><W95/><G95/><T102/><D45/><N who="1" m="25903" /><E11/><V109/><F46/><W66/><G66/><T106/><D106/><U96/><E43/><V48/><F48/><AGARI ba="1,0" hai="1,2,3,37,38,48,54,58,60,65,71" m="50281" machi="48" ten="40,1300,0" yaku="19,1" doraHai="36" who="3" fromWho="2" sc="211,0,250,0,289,-16,250,16" /><INIT seed="3,0,0,5,4,4" ten="211,250,273,266" oya="3" hai0="51,8,120,84,26,48,53,23,109,129,65,47,68" hai1="132,80,61,104,77,67,5,35,0,97,17,88,102" hai2="33,82,28,27,71,98,36,29,127,81,111,110,63" hai3="45,25,42,12,59,100,7,116,32,79,96,119,57"/><W106/><G119/><T31/><D120/><U125/><E125/><V74/><F36/><W83/><G116/><T13/><D109/><N who="2" m="41482" /><F74/><W94/><G106/><T101/><D129/><U134/><E35/><V62/><F127/><W24/><G32/><T115/><D115/><U78/><E17/><V43/><F43/><W90/><G100/><T99/><D84/><N who="1" m="50183" /><E5/><V2/><F2/><W11/><G25/><T54/><D65/><U92/><E0/><V121/><F121/><W93/><G93/><N who="0" m="58607" /><D68/><U58/><E104/><V38/><F38/><W72/><REACH who="3" step="1"/><G24/><REACH who="3" ten="211,250,273,256" step="2"/><T133/><D133/><AGARI ba="0,1" hai="58,61,67,77,78,92,97,102,132,133,134" m="50183" machi="133" ten="30,2000,0" yaku="20,1,54,1" doraHai="4" who="1" fromWho="0" sc="211,-20,250,30,273,0,256,0" /><INIT seed="4,0,0,0,5,7" ten="191,280,273,256" oya="0" hai0="67,85,90,128,96,64,116,26,73,87,40,19,11" hai1="117,108,132,72,50,54,98,74,79,121,56,0,12" hai2="130,51,123,22,18,84,81,112,133,99,71,41,57" hai3="77,102,110,46,106,47,31,127,94,80,62,120,111"/><T16/><D128/><U78/><E108/><V32/><F123/><W101/><G106/><T63/><D116/><U100/><E0/><V3/><F32/><W91/><G120/><T65/><D73/><U38/><E121/><V21/><F71/><W28/><G127/><T42/><D63/><U115/><E117/><V107/><F112/><W14/><G111/><T89/><D26/><U86/><E38/><V37/><F37/><W76/><G110/><T1/><D1/><U55/><E132/><V59/><F3/><W49/><G62/><T36/><D36/><U4/><E86/><N who="0" m="32777" /><D96/><U135/><E115/><V114/><F114/><W66/><G66/><N who="0" m="16899" /><T92/><DORA hai="118" /><D92/><N who="1" m="58439" /><E74/><V105/><F133/><W93/><G80/><T23/><D23/><U70/><E72/><V53/><F22/><W25/><G25/><T29/><D29/><U45/><E70/><V35/><F35/><W39/><G39/><T68/><D68/><U126/><E135/><V88/><F130/><W125/><G125/><T24/><D24/><U75/><E75/><V15/><F99/><W113/><G113/><T9/><D89/><U5/><E126/><V104/><REACH who="2" step="1"/><F41/><REACH who="2" ten="191,280,263,256" step="2"/><N who="0" m="15978" /><D90/><U131/><E131/><V83/><F83/><W124/><G124/><T103/><D103/><U60/><E12/><V48/><F48/><W2/><G14/><T13/><D13/><U97/><E97/><V33/><F33/><W10/><G91/><T119/><D119/><U122/><E122/><V44/><AGARI ba="0,1" hai="15,18,21,44,51,53,57,59,81,84,88,104,105,107" machi="44" ten="30,8000,1" yaku="1,1,0,1,54,1,53,2" doraHai="7,118" doraHaiUra="8,82" who="2" fromWho="2" sc="191,-40,280,-20,263,90,256,-20" owari="151,-34.9,260,6.0,353,45.3,236,-16.4" /></mjloggm>