<mjloggm ver="2.3"><GO type="225" lobby="0"/><UN n0="%E5%AF%82%E5%AF%9E%E3%82%AE%E3%83%8D%E3%82%B9%E3%83%93%E3%83%BC%E3%83%AB" n1="%E3%81%8B%E3%82%8F%E3%81%A1%E3%82%83%E3%82%93%35%38" n2="%6D%75%75%73%61%6E%6D%75" n3="%E6%B8%A9%E2%98%85%E6%83%85%E2%98%85%E6%8E%AA%E2%98%85%E7%BD%AE" dan="16,16,16,18" rate="2124.56,2145.66,2119.87,2202.39" sx="M,M,F,M"/><TAIKYOKU oya="0"/><INIT seed="0,0,0,0,5,48" ten="250,250,250,250" oya="0" hai0="38,5,41,83,132,125,42,133,9,34,55,7,127" hai1="119,89,60,131,47,111,3,29,26,56,30,103,80" hai2="121,18,36,85,67,94,81,108,33,61,88,0,123" hai3="106,54,39,25,69,19,98,97,112,113,79,66,4"/><T76/><D34/><U27/><E119/><V32/><F108/><W102/><G39/><T84/><D5/><U126/><E3/><V115/><F115/><W105/><G79/><T135/><D55/><U100/><E126/><N who="0" m="48137" /><D38/><U57/><E131/><V68/><F36/><W40/><G40/><T64/><D64/><U110/><E80/><V86/><F0/><AGARI ba="0,0" hai="0,7,9,41,42,76,83,84,132,133,135" m="48137" machi="0" ten="40,3900,0" yaku="20,1,18,1" doraHai="48" who="0" fromWho="2" sc="250,39,250,0,250,-39,250,0" /><INIT seed="0,1,0,1,0,89" ten="289,250,211,250" oya="0" hai0="2,18,85,130,50,116,87,66,134,69,67,16,54" hai1="28,88,29,55,22,104,112,65,0,63,117,64,126" hai2="114,92,99,6,111,97,105,95,5,43,46,14,7" hai3="110,60,61,94,98,76,15,37,135,31,40,45,125"/><T131/><D2/><U129/><E117/><V25/><F114/><W24/><G110/><T80/><D116/><U109/><E104/><V118/><F118/><W121/><G135/><T83/><D134/><U73/><E73/><V79/><F105/><W81/><G125/><T103/><D103/><U4/><E0/><V26/><F111/><W127/><G127/><T11/><D69/><U57/><E4/><V96/><F14/><W17/><G121/><T101/><D101/><U133/><E126/><V107/><F79/><W1/><G1/><T36/><D36/><U113/><E109/><V75/><F75/><W3/><G3/><T90/><D131/><U47/><E133/><V106/><F106/><W38/><G38/><T74/><D74/><U132/><E132/><V32/><F107/><W8/><G81/><T82/><D130/><U72/><E72/><V23/><F32/><W48/><G76/><N who="0" m="46215" /><D83/><U41/><E129/><V12/><F12/><W119/><G37/><T93/><D82/><U42/><E88/><V20/><F46/><W100/><REACH who="3" step="1"/><G119/><REACH who="3" ten="289,250,211,240" step="2"/><T53/><D11/><U10/><E10/><V120/><F120/><W70/><G70/><T59/><D54/><U51/><E112/><V58/><F43/><N who="1" m="16393" /><E113/><V56/><F20/><AGARI ba="1,1" hai="8,15,17,20,24,31,40,45,48,60,61,94,98,100" machi="20" ten="30,8000,1" yaku="1,1,7,1,8,1,52,1,53,1" doraHai="89" doraHaiUra="21" who="3" fromWho="2" sc="289,0,250,0,211,-83,240,93" /><INIT seed="1,0,0,2,2,61" ten="289,250,128,333" oya="1" hai0="41,12,62,81,84,19,48,60,30,106,79,28,18" hai1="93,44,14,56,37,7,66,49,65,108,101,92,36" hai2="45,11,91,117,104,129,134,100,133,112,123,16,94" hai3="57,120,135,68,64,131,43,54,24,88,87,23,103"/><U8/><E108/><V118/><F123/><W4/><G120/><T96/><D106/><U130/><E130/><V69/><F129/><W22/><G131/><T26/><D96/><N who="1" m="59527" /><E36/><V13/><F104/><W114/><G114/><T125/><D125/><U71/><E71/><V95/><F112/><W109/><G109/><T53/><D41/><N who="1" m="24719" /><E37/><V6/><F100/><W76/><G103/><T105/><D105/><U58/><E93/><V25/><F95/><W80/><G68/><T17/><D12/><U116/><E116/><V21/><F69/><W33/><G33/><T72/><D72/><U40/><E40/><V115/><F115/><W9/><G43/><T50/><D50/><U119/><E119/><V128/><F128/><W55/><G135/><T47/><REACH who="0" step="1"/><D30/><REACH who="0" ten="279,250,128,333" step="2"/><U59/><AGARI ba="0,1" hai="7,8,14,56,58,59,65,66" m="24719,59527" machi="59" ten="30,6000,0" yaku="8,1,52,2" doraHai="61" who="1" fromWho="1" sc="279,-20,250,70,128,-20,333,-20" /><INIT seed="1,1,0,1,4,77" ten="259,320,108,313" oya="1" hai0="46,82,51,20,87,85,108,81,78,23,59,56,124" hai1="66,93,115,63,112,105,13,29,28,35,16,88,37" hai2="113,17,114,26,49,15,52,14,9,110,6,53,19" hai3="72,58,120,10,73,47,27,2,100,123,91,134,126"/><U117/><E105/><V21/><F110/><W94/><G100/><T69/><D69/><U5/><E37/><V40/><F40/><W109/><G109/><T11/><D11/><U0/><E117/><V80/><F80/><N who="0" m="30826" /><D124/><U111/><E111/><V122/><F122/><W61/><G10/><T30/><D78/><U119/><E119/><V68/><F68/><W86/><G2/><T41/><D108/><U107/><E107/><V131/><F131/><W48/><G126/><T57/><D30/><U4/><E115/><V3/><F3/><W128/><G128/><T118/><D118/><U135/><E135/><V32/><F53/><W96/><G73/><T97/><D97/><N who="1" m="57511" /><E35/><V55/><F55/><W22/><G72/><T132/><D132/><U70/><E0/><V89/><F89/><W7/><G134/><T24/><D24/><U65/><E112/><V75/><F75/><W43/><G96/><T33/><D33/><U60/><E70/><V90/><F90/><W98/><G98/><T1/><D1/><U99/><E99/><V116/><F116/><W44/><G123/><T42/><D42/><U8/><E29/><V103/><F103/><W31/><G120/><T25/><D25/><U34/><E28/><V130/><F130/><W104/><G104/><T129/><D129/><U121/><E34/><V84/><F32/><W12/><G43/><T18/><D18/><U36/><E36/><V101/><F101/><W67/><G31/><T92/><D92/><U125/><E125/><V50/><F84/><AGARI ba="1,0" hai="20,23,41,46,51,56,57,59,84,85,87" m="30826" machi="84" ten="30,7700,0" yaku="8,1,52,3" doraHai="77" who="0" fromWho="2" sc="259,80,320,0,108,-80,313,0" /><INIT seed="2,0,0,3,3,27" ten="339,320,28,313" oya="2" hai0="20,128,52,18,95,14,26,74,70,112,73,104,130" hai1="40,124,32,46,62,8,82,69,83,51,41,37,35" hai2="61,42,99,4,45,5,72,125,31,47,98,77,111" hai3="121,63,115,65,43,58,100,97,38,88,33,78,86"/><V49/><F125/><W36/><G121/><T57/><D104/><U17/><E35/><V21/><F111/><W59/><G115/><T1/><D70/><U22/><E32/><V48/><F72/><W114/><G114/><T116/><D1/><U24/><E124/><V66/><F77/><W135/><G135/><T118/><D112/><U54/><E8/><V30/><F66/><W10/><G33/><T126/><D95/><U13/><E13/><V16/><F61/><W101/><G78/><T56/><D56/><N who="1" m="32863" /><E41/><N who="2" m="24623" /><F99/><W50/><G10/><T92/><D14/><U106/><E106/><V109/><F98/><W25/><G25/><T87/><D126/><U34/><E34/><V93/><F93/><W11/><G11/><T7/><D7/><N who="2" m="2634" /><F109/><W90/><G101/><T6/><D6/><U107/><E107/><V89/><F89/><W0/><G0/><T122/><D122/><U131/><E131/><N who="0" m="50217" /><D74/><U64/><AGARI ba="0,0" hai="17,22,24,37,40,46,62,64,69,82,83" m="32863" machi="64" ten="30,1100,0" yaku="24,1" doraHai="27" who="1" fromWho="1" sc="339,-3,320,11,28,-5,313,-3" /><INIT seed="3,0,0,0,1,42" ten="336,331,23,310" oya="3" hai0="38,119,98,21,17,86,83,100,29,117,75,80,3" hai1="22,45,94,57,9,126,43,69,71,92,60,99,134" hai2="54,34,4,104,47,123,51,41,95,127,125,79,105" hai3="55,102,39,24,89,112,109,76,122,27,61,62,124"/><W44/><G112/><T18/><D3/><U88/><E126/><V78/><F34/><W77/><G122/><T7/><D7/><U133/><E22/><V66/><F66/><W2/><G2/><T52/><D38/><N who="1" m="21751" /><E94/><V56/><F4/><W121/><G121/><T0/><D0/><U53/><E9/><V93/><F41/><W118/><G118/><T128/><D75/><U81/><E81/><V110/><F56/><W1/><G1/><T14/><D29/><U48/><E71/><V67/><F67/><AGARI ba="0,0" hai="48,53,57,60,67,69,88,92,99,133,134" m="21751" machi="67" ten="30,3900,0" yaku="24,1,52,1,54,1" doraHai="42" who="1" fromWho="2" sc="336,0,331,39,23,-39,310,0" owari="336,13.6,370,47.0,-16,-51.6,310,-9.0" /></mjloggm>