<mjloggm ver="2.3"><GO type="225" lobby="0"/><UN n0="%4B%2E%32%2E%4B%2E" n1="%E5%86%B7%E5%87%8D%E3%82%AE%E3%83%A7%E3%83%BC%E3%82%B6" n2="%E3%82%BC%E3%83%AB%E3%83%80%E3%81%AE%E4%BC%9D%E8%AA%AC" n3="%E3%83%A9%E3%83%96%E3%83%AC%E3%83%BC" dan="16,16,16,18" rate="2224.12,2099.68,2204.37,2206.86" sx="M,M,M,M"/><TAIKYOKU oya="0"/><INIT seed="0,0,0,2,4,120" ten="250,250,250,250" oya="0" hai0="17,26,71,36,123,98,108,83,23,121,131,99,41" hai1="63,18,62,133,4,134,15,78,60,45,48,106,100" hai2="44,86,33,38,24,85,30,21,97,129,102,6,59" hai3="11,109,1,50,128,112,126,84,49,13,64,35,75"/><T29/><D71/><U105/><E78/><V39/><F129/><W54/><G75/><T103/><D131/><U91/><E4/><V0/><F59/><W70/><G35/><T124/><D124/><U111/><E91/><V32/><F85/><W94/><G112/><T73/><D108/><U74/><E74/><V22/><F22/><W42/><G1/><T82/><D98/><U46/><E111/><V14/><F86/><W53/><G126/><T117/><D117/><U101/><E15/><V110/><F110/><W77/><G64/><T130/><D130/><U127/><E127/><V114/><F114/><W104/><G104/><N who="1" m="40042" /><E18/><N who="2" m="10455" /><F32/><W95/><G70/><T37/><D29/><U28/><E28/><V8/><F44/><N who="1" m="17001" /><E48/><V51/><F51/><W27/><G128/><T2/><D2/><U20/><E20/><V96/><F96/><W76/><G109/><T116/><D73/><U12/><E12/><V113/><F113/><W115/><G115/><T90/><D90/><U3/><E3/><V122/><F122/><W58/><G77/><T72/><D72/><U67/><E67/><V47/><F47/><N who="3" m="25847" /><G76/><T107/><D107/><AGARI ba="0,0" hai="0,6,8,24,30,33,38,39,97,102,107" m="10455" machi="107" ten="30,1000,0" yaku="24,1" doraHai="120" who="2" fromWho="0" sc="250,-10,250,0,250,10,250,0" /><INIT seed="1,0,0,2,4,26" ten="240,250,260,250" oya="1" hai0="88,110,92,95,5,42,29,38,102,7,57,3,67" hai1="17,4,24,99,58,72,13,97,31,54,82,118,18" hai2="76,63,113,19,131,59,73,132,39,20,79,122,87" hai3="50,34,126,53,28,23,37,16,133,96,36,30,117"/><U41/><E118/><V61/><F122/><W93/><G34/><T84/><D110/><U115/><E115/><V89/><F113/><W66/><G66/><T105/><D105/><U32/><E41/><V120/><F120/><W8/><G8/><T11/><D29/><U45/><E45/><V114/><F114/><W64/><G64/><T44/><D7/><U81/><E4/><V1/><F1/><W116/><G126/><T103/><REACH who="0" step="1"/><D95/><REACH who="0" ten="230,250,260,250" step="2"/><U49/><E18/><V43/><F19/><W127/><G127/><T0/><D0/><U106/><E106/><V83/><F132/><W25/><G133/><T68/><D68/><U52/><E31/><N who="3" m="11818" /><G37/><T135/><D135/><U33/><E32/><V108/><F39/><W134/><G36/><T121/><D121/><U22/><E33/><V2/><F2/><W48/><G134/><T78/><D78/><U86/><E17/><V65/><F79/><W35/><G35/><T75/><D75/><U46/><E72/><V9/><F76/><W14/><G117/><T91/><D91/><U51/><E81/><V100/><F83/><W70/><G70/><T47/><D47/><U94/><E82/><V107/><F89/><N who="3" m="55343" /><G116/><T40/><D40/><U104/><E104/><V12/><F43/><W56/><G25/><T112/><D112/><U129/><E24/><V27/><F27/><W10/><G23/><T109/><D109/><U80/><E22/><V124/><F20/><W90/><G90/><T85/><D85/><U101/><E86/><V98/><F108/><W74/><G74/><T62/><AGARI ba="0,1" hai="3,5,11,38,42,44,57,62,67,84,88,92,102,103" machi="62" ten="30,4000,0" yaku="1,1,0,1,54,1,53,0" doraHai="26" doraHaiUra="21" who="0" fromWho="0" sc="230,50,250,-20,260,-10,250,-10" /><INIT seed="2,0,0,4,3,105" ten="280,230,250,240" oya="2" hai0="7,128,130,94,0,131,77,73,5,22,68,11,40" hai1="114,93,58,116,44,132,8,119,62,3,57,10,67" hai2="91,55,103,111,12,69,96,2,129,48,101,32,108" hai3="97,133,81,89,127,92,98,76,107,106,42,124,9"/><V19/><F2/><W49/><G42/><T31/><D68/><U63/><E114/><V135/><F32/><W59/><G59/><T30/><D40/><U21/><E132/><V109/><F69/><W113/><G49/><T82/><D7/><U39/><E93/><N who="2" m="56383" /><F129/><W34/><G34/><T121/><D121/><U70/><E21/><N who="2" m="11495" /><F135/><W29/><G29/><T17/><D94/><U38/><E70/><V112/><F112/><W125/><G9/><T120/><REACH who="0" step="1"/><D120/><REACH who="0" ten="270,230,250,240" step="2"/><U102/><E119/><V87/><F87/><N who="3" m="48551" /><G133/><T115/><D115/><U84/><E84/><V25/><F25/><AGARI ba="0,1" hai="0,5,11,17,22,25,30,31,73,77,82,128,130,131" machi="25" ten="40,5200,0" yaku="1,1,19,1,52,1,53,0" doraHai="105" doraHaiUra="51" who="0" fromWho="2" sc="270,62,230,0,250,-52,240,0" /><INIT seed="3,0,0,4,1,124" ten="332,230,198,240" oya="3" hai0="55,51,45,5,74,41,19,122,116,40,85,30,56" hai1="38,78,35,94,84,92,105,64,82,104,88,16,22" hai2="112,119,32,12,23,58,49,115,48,3,129,52,108" hai3="25,67,6,43,7,80,50,71,101,127,60,81,134"/><W4/><G127/><T110/><D74/><U24/><E38/><V36/><F3/><W13/><G101/><T39/><D116/><U68/><E94/><V95/><F32/><W113/><G113/><T99/><D122/><U107/><E35/><V61/><F119/><W131/><G134/><T21/><D110/><U10/><E10/><V46/><F95/><W114/><G114/><N who="2" m="43561" /><F12/><W90/><G13/><T77/><D5/><U34/><E34/><V130/><F23/><W0/><G0/><T109/><D99/><U117/><E117/><V28/><F28/><W100/><G100/><T27/><D109/><U121/><E121/><V66/><F108/><W76/><G90/><T96/><D96/><U14/><E14/><V65/><F36/><W53/><G25/><T26/><D39/><U75/><E64/><N who="2" m="24683" /><F49/><W8/><G8/><T98/><D98/><U87/><REACH who="1" step="1"/><E68/><REACH who="1" ten="332,220,198,240" step="2"/><V126/><F126/><W42/><G7/><T120/><D120/><U63/><E63/><V31/><F31/><W70/><G6/><T83/><D30/><U79/><E79/><V54/><AGARI ba="0,1" hai="46,48,52,54,58,61,129,130" m="24683,43561" machi="54" ten="30,8000,1" yaku="34,2,52,2,54,1" doraHai="124" who="2" fromWho="2" sc="332,-20,220,-20,198,90,240,-40" owari="312,41.2,200,-20.0,288,8.8,200,-30.0" /></mjloggm>