<mjloggm ver="2.3"><GO type="225" lobby="0"/><UN n0="%72%61%6B%33" n1="%6D%75%75%6D%75%72%61" n2="%E3%81%8B%E3%82%8F%E3%81%A1%E3%82%83%E3%82%93%35%38" n3="%E3%81%86%E3%83%BC%E3%81%B1%E3%83%BC" dan="16,17,17,16" rate="2108.01,2179.14,2135.22,2154.88" sx="M,F,M,F"/><TAIKYOKU oya="0"/><INIT seed="0,0,0,1,0,38" ten="250,250,250,250" oya="0" hai0="65,7,0,86,56,116,79,16,95,101,126,89,87" hai1="128,9,64,77,24,12,97,105,42,25,43,102,111" hai2="41,26,57,6,88,84,28,19,5,27,68,83,127" hai3="22,103,114,32,132,45,129,80,60,106,110,135,62"/><T115/><D115/><U14/><E111/><V13/><F68/><W131/><G32/><T130/><D116/><U34/><E128/><N who="3" m="49226" /><G114/><T15/><D126/><U78/><E64/><V2/><F2/><W93/><G106/><T85/><D130/><U20/><E34/><V49/><F127/><W36/><G80/><T67/><D0/><U29/><E25/><N who="2" m="9227" /><F28/><W3/><G22/><T35/><D35/><U120/><E120/><V107/><F107/><W48/><G3/><T10/><D101/><U96/><E96/><V104/><F104/><W81/><G81/><T44/><D79/><U1/><E1/><V17/><F17/><W94/><G36/><T108/><D108/><U30/><E30/><V90/><F90/><W8/><G8/><T66/><D7/><U59/><E59/><V121/><F121/><W133/><G110/><T37/><REACH who="0" step="1"/><D56/><REACH who="0" ten="240,250,250,250" step="2"/><U118/><E118/><V4/><F57/><W119/><G119/><T11/><D11/><U123/><E123/><V124/><F124/><W98/><G135/><T31/><D31/><U50/><E77/><V61/><F4/><W75/><G133/><T122/><D122/><U46/><E78/><V109/><F109/><W100/><G132/><T74/><D74/><U70/><E70/><V69/><F69/><W55/><G75/><T54/><D54/><U58/><E58/><V71/><F71/><W134/><G134/><T73/><D73/><U117/><E117/><V63/><F5/><W99/><AGARI ba="0,1" hai="45,48,55,60,62,93,94,98,99,100,103" m="49226" machi="99" ten="30,1100,0" yaku="19,1" doraHai="38" who="3" fromWho="3" sc="240,-5,250,-3,250,-3,250,21" /><INIT seed="1,0,0,3,1,69" ten="235,247,247,271" oya="1" hai0="122,16,11,134,24,2,109,70,26,79,43,36,33" hai1="108,82,110,78,101,128,135,105,127,31,32,63,59" hai2="25,47,90,106,120,115,72,18,95,39,29,117,85" hai3="13,126,38,83,42,23,46,113,118,61,124,88,19"/><U125/><E128/><V100/><F117/><W67/><G113/><T45/><D70/><U21/><E32/><V103/><F120/><W64/><G118/><T7/><D122/><U4/><E135/><V51/><F72/><W0/><G0/><T104/><D134/><U55/><E4/><V87/><F115/><W98/><G61/><T111/><D104/><U8/><E8/><V81/><F106/><W132/><G132/><T65/><D65/><U66/><E105/><V123/><F123/><W96/><G98/><T49/><D49/><U116/><E101/><V133/><F133/><W3/><G3/><T30/><REACH who="0" step="1"/><D79/><REACH who="0" ten="225,247,247,271" step="2"/><U62/><E116/><V74/><F51/><W35/><G67/><T58/><D58/><N who="1" m="37207" /><E127/><V89/><F47/><W129/><G64/><T17/><D17/><U40/><E125/><V75/><F18/><W73/><G126/><T97/><D97/><U27/><E40/><V34/><F39/><W6/><G124/><T91/><D91/><U130/><E130/><V71/><F71/><W1/><G96/><T53/><D53/><U92/><E108/><V114/><F114/><W44/><G129/><T68/><D68/><U131/><E110/><V93/><F103/><W84/><G46/><T119/><D119/><U99/><E131/><V52/><F52/><W107/><G107/><T14/><D14/><U80/><E78/><N who="2" m="46263" /><F100/><W28/><G1/><T37/><D37/><U48/><E48/><V60/><F60/><W76/><G76/><T15/><D15/><U10/><E99/><N who="2" m="57775" /><F90/><W56/><G88/><T9/><D9/><U54/><E10/><RYUUKYOKU ba="0,1" sc="225,15,247,-15,247,15,271,-15" hai0="2,7,11,16,24,26,30,33,36,43,45,109,111" hai2="25,29,34,74,75,87,95" /><INIT seed="2,1,1,1,5,89" ten="240,232,262,256" oya="2" hai0="95,56,77,119,26,8,37,100,99,60,29,102,16" hai1="109,67,87,124,18,73,117,86,31,57,17,122,5" hai2="7,4,75,43,83,66,105,92,23,22,116,62,70" hai3="71,111,36,33,47,12,90,25,64,40,131,11,53"/><V112/><F105/><W55/><G111/><T103/><D119/><U80/><E117/><V20/><F116/><W74/><G74/><T14/><D37/><U79/><E109/><V34/><F34/><W98/><G131/><T93/><D77/><U38/><E124/><V51/><F112/><W3/><G3/><T113/><D113/><U81/><E38/><V19/><F19/><W58/><G71/><T46/><D46/><U129/><E129/><V118/><F118/><W94/><G64/><T108/><D108/><U84/><E122/><V42/><F92/><W49/><G55/><T78/><D78/><U130/><E130/><V91/><F75/><W59/><G25/><T121/><D121/><U15/><E80/><V28/><F28/><W68/><G68/><T2/><D2/><U52/><E67/><V127/><F127/><W134/><G134/><T65/><REACH who="0" step="1"/><D99/><REACH who="0" ten="230,232,262,256" step="2"/><U115/><E115/><V76/><F76/><W82/><G36/><T44/><D44/><U72/><E72/><V50/><F43/><W132/><G40/><T106/><D106/><U101/><E101/><V133/><F42/><W1/><G1/><T126/><D126/><U21/><E73/><V120/><F120/><W24/><G132/><T107/><D107/><U9/><E79/><V96/><F133/><W6/><G82/><T30/><D30/><U39/><E81/><V69/><F83/><W27/><G33/><AGARI ba="1,2" hai="8,14,16,26,29,33,56,60,65,93,95,100,102,103" machi="33" ten="40,8000,1" yaku="1,1,52,2,54,1,53,0" doraHai="89" doraHaiUra="128" who="0" fromWho="3" sc="230,103,232,0,262,0,256,-83" /><INIT seed="3,0,0,3,2,45" ten="333,232,262,173" oya="3" hai0="37,102,133,10,53,70,17,1,87,2,43,49,4" hai1="72,113,44,42,117,50,101,84,57,40,62,55,112" hai2="5,97,24,110,85,78,80,12,132,125,48,71,79" hai3="92,127,111,126,95,98,124,116,56,51,65,11,99"/><W88/><G65/><T129/><D70/><U39/><E72/><V23/><F71/><W14/><G116/><T114/><D37/><U128/><E101/><V131/><F110/><W103/><G111/><T91/><D43/><U52/><E84/><V67/><F67/><W29/><G29/><T74/><D74/><U30/><E30/><V83/><F131/><W6/><G56/><T82/><D129/><U25/><E25/><V64/><F64/><W38/><G38/><T66/><D133/><U118/><E128/><V41/><F97/><W108/><G108/><T9/><D114/><N who="1" m="44139" /><E39/><V135/><F125/><W36/><G36/><T76/><D102/><U47/><E47/><N who="2" m="25711" /><F80/><W32/><G32/><T54/><D54/><U15/><E15/><V134/><F12/><W35/><G35/><T21/><D66/><U94/><E94/><V90/><F5/><W19/><G6/><T34/><D34/><U119/><AGARI ba="0,0" hai="40,42,44,50,52,55,57,62,117,118,119" m="44139" machi="119" ten="40,8000,1" yaku="12,1,34,2,52,1,54,1" doraHai="45" who="1" fromWho="1" sc="333,-20,232,80,262,-20,173,-40" owari="313,41.3,312,11.2,242,-15.8,133,-36.7" /></mjloggm>