<mjloggm ver="2.3"><GO type="225" lobby="0"/><UN n0="%E6%80%AA%E3%81%97%E3%81%99%E3%81%8E%E3%82%8B%E3%83%81%E3%83%BC" n1="%73%6C%69%63%6B%33%31%39" n2="%6D%75%75%6D%75%72%61" n3="%43%68%65" dan="17,16,16,16" rate="2161.49,2185.10,2097.02,2147.47" sx="M,M,F,M"/><TAIKYOKU oya="0"/><INIT seed="0,0,0,1,5,57" ten="250,250,250,250" oya="0" hai0="93,130,42,117,88,100,47,119,91,113,132,95,52" hai1="21,63,124,72,127,71,41,53,25,126,109,96,102" hai2="112,118,77,0,134,5,60,46,133,79,87,18,14" hai3="76,66,19,121,35,2,104,74,98,12,69,24,115"/><T64/><D113/><U108/><E72/><V80/><F112/><W73/><G2/><T17/><D132/><N who="2" m="50794" /><F118/><W51/><G51/><N who="0" m="27127" /><D130/><U78/><E78/><N who="2" m="46487" /><F46/><W9/><G76/><T125/><D125/><U16/><E41/><V30/><F30/><N who="3" m="19911" /><G121/><T131/><D131/><U81/><E81/><V10/><F60/><N who="3" m="40135" /><G115/><T105/><D105/><N who="1" m="63687" /><E53/><V99/><F99/><W1/><G1/><T45/><D119/><U23/><E23/><AGARI ba="0,0" hai="0,5,10,14,18,23,77,79" m="46487,50794" machi="23" ten="30,1000,0" yaku="20,1" doraHai="57" who="2" fromWho="1" sc="250,0,250,-10,250,10,250,0" /><INIT seed="1,0,0,5,4,4" ten="250,240,260,250" oya="1" hai0="9,55,122,56,96,110,79,99,0,128,115,103,14" hai1="65,10,54,35,133,87,97,57,24,26,16,77,108" hai2="63,94,102,126,135,113,22,43,74,37,116,25,124" hai3="1,111,85,66,67,30,61,78,45,48,46,5,49"/><U33/><E133/><V42/><F116/><W83/><G111/><T44/><D115/><U69/><E69/><V53/><F113/><W117/><G117/><T18/><D110/><U134/><E108/><V62/><F74/><W2/><G30/><T88/><D128/><U107/><E134/><V104/><F104/><W8/><G2/><T114/><D114/><U112/><E112/><V93/><F135/><W106/><G106/><T15/><D122/><U20/><E65/><V100/><F37/><W101/><G101/><N who="2" m="39017" /><F53/><W7/><G7/><N who="0" m="3391" /><D0/><U28/><E97/><V81/><F81/><W40/><REACH who="3" step="1"/><G61/><REACH who="3" ten="250,240,260,240" step="2"/><T21/><D103/><U6/><E107/><V121/><F63/><W13/><G13/><T19/><D15/><N who="1" m="5591" /><E33/><V75/><F62/><W59/><G59/><T27/><D56/><U41/><E35/><V34/><F34/><W50/><G50/><N who="0" m="29127" /><D19/><U12/><E28/><N who="2" m="17463" /><F121/><W3/><G3/><T17/><D17/><U39/><E39/><V127/><F75/><W130/><G130/><T51/><D51/><N who="1" m="30943" /><E41/><AGARI ba="0,1" hai="41,42,43,93,94,124,126,127" m="17463,39017" machi="41" ten="40,1300,0" yaku="18,1" doraHai="4" who="2" fromWho="1" sc="250,0,240,-13,260,23,240,0" /><AGARI ba="0,0" hai="1,5,8,40,41,45,46,48,49,66,67,78,83,85" machi="41" ten="30,7700,0" yaku="1,1,7,1,9,1,52,1,53,0" doraHai="4" doraHaiUra="132" who="3" fromWho="1" sc="250,0,227,-77,283,0,240,77" /><INIT seed="2,0,0,0,3,9" ten="250,150,283,317" oya="2" hai0="39,55,31,12,93,129,53,61,73,90,131,85,98" hai1="75,57,32,8,123,13,44,125,97,116,37,49,62" hai2="6,7,30,82,56,14,107,18,81,118,100,35,108" hai3="42,68,83,64,66,87,17,95,113,124,72,78,109"/><V23/><F118/><W28/><G109/><T114/><D114/><U110/><E110/><V22/><F108/><W91/><G113/><T127/><D73/><U33/><E125/><V0/><F35/><W88/><G124/><T135/><D127/><U48/><E116/><V15/><F0/><W74/><G74/><T25/><D39/><U101/><E75/><V20/><F107/><W2/><G2/><T16/><D135/><U24/><E123/><V11/><F100/><W47/><G68/><T67/><D85/><U3/><E37/><V128/><F128/><N who="0" m="49226" /><D25/><U26/><E3/><V104/><F104/><W27/><G17/><T34/><D31/><U112/><E112/><V54/><F30/><W40/><G91/><T119/><D34/><U41/><E48/><N who="2" m="30791" /><F6/><W69/><G69/><N who="0" m="42223" /><D119/><U111/><E111/><V43/><F43/><W115/><G115/><T76/><D76/><U133/><E133/><V58/><F58/><W134/><G42/><T38/><D38/><U92/><E32/><V51/><F51/><W21/><G134/><T120/><D120/><U36/><E36/><AGARI ba="0,0" hai="21,27,28,36,40,47,64,66,72,78,83,87,88,95" machi="36" ten="30,2000,0" yaku="7,1,54,1" doraHai="9" who="3" fromWho="1" sc="250,0,150,-20,283,0,317,20" /><INIT seed="3,0,0,1,0,52" ten="250,130,283,337" oya="3" hai0="109,55,126,50,32,102,15,85,30,12,61,8,112" hai1="36,95,115,91,113,84,72,90,75,51,35,60,117" hai2="132,6,39,56,81,108,111,135,3,29,98,31,25" hai3="1,2,106,4,7,67,129,83,22,97,17,24,130"/><W79/><G67/><T127/><D109/><N who="2" m="42058" /><F39/><W92/><G106/><T116/><D112/><U87/><E36/><V5/><F98/><W41/><G41/><T101/><D116/><U21/><E35/><N who="2" m="20911" /><F81/><W66/><G66/><T123/><D123/><U77/><E51/><V125/><F3/><W118/><G118/><T11/><D30/><U27/><E117/><V120/><F125/><N who="0" m="47626" /><D85/><U133/><E133/><N who="2" m="51275" /><F120/><W121/><G121/><T0/><D61/><U104/><E60/><V82/><F82/><W131/><G2/><T58/><D32/><U42/><E42/><V44/><F44/><W34/><G34/><T62/><D62/><U114/><E21/><V59/><F31/><W68/><G1/><T99/><D0/><U134/><E27/><V103/><F103/><N who="0" m="39434" /><D99/><U33/><E33/><V47/><F47/><W78/><G68/><T14/><AGARI ba="0,0" hai="8,11,12,14,15,50,55,58" m="39434,47626" machi="14" ten="40,2700,0" yaku="18,1,52,1" doraHai="52" who="0" fromWho="0" sc="250,27,130,-7,283,-7,337,-13" owari="277,7.7,123,-37.7,276,-12.4,324,42.4" /></mjloggm>