<mjloggm ver="2.3"><GO type="225" lobby="0"/><UN n0="%6D%75%75%6D%75%72%61" n1="%E3%81%86%E3%82%8C%E3%81%9F%E3%82%93%E6%9E%95" n2="%E3%82%B5%E3%83%AB%E3%82%B7%E3%83%B3" n3="%E3%81%8F%E3%81%BE%E3%81%96%E3%82%8F" dan="17,16,16,16" rate="2218.71,2146.87,2113.00,2053.95" sx="F,F,M,M"/><TAIKYOKU oya="0"/><INIT seed="0,0,0,0,5,118" ten="250,250,250,250" oya="0" hai0="32,115,103,1,87,38,46,110,44,106,21,20,126" hai1="98,10,14,15,34,39,134,42,2,45,66,132,56" hai2="57,60,131,19,4,59,48,105,71,49,13,93,90" hai3="30,69,120,3,78,11,6,89,55,17,81,33,24"/><T41/><D115/><U77/><E34/><V31/><F105/><W16/><G69/><T5/><D126/><U125/><E125/><V97/><F71/><W70/><G70/><T74/><D32/><U27/><E77/><V124/><F124/><W68/><G68/><T122/><D122/><U88/><E27/><V135/><F131/><W128/><G128/><T84/><D46/><U37/><E37/><V127/><F127/><W123/><G89/><T96/><D110/><U7/><E66/><V28/><F4/><W108/><G55/><T62/><D62/><U12/><REACH who="1" step="1"/><E56/><REACH who="1" ten="250,240,250,250" step="2"/><V133/><F59/><W25/><G108/><T73/><D73/><U80/><E80/><V121/><F135/><W83/><G81/><T58/><D74/><U22/><E22/><V36/><F36/><W75/><G24/><T104/><D58/><U64/><E64/><V76/><F76/><W99/><G83/><T8/><D21/><U54/><E54/><V40/><F133/><W91/><G78/><T114/><D114/><U79/><E79/><V26/><F26/><W95/><REACH who="3" step="1"/><G75/><REACH who="3" ten="250,240,250,240" step="2"/><T101/><D20/><U47/><E47/><V61/><F60/><W129/><G129/><T23/><D23/><U29/><E29/><V130/><F28/><W116/><G116/><T35/><D35/><U50/><E50/><V107/><F31/><W82/><G82/><T67/><D67/><U53/><E53/><V94/><F61/><W92/><G92/><AGARI ba="0,2" hai="2,7,10,12,14,15,39,42,45,88,92,98,132,134" machi="92" ten="40,2600,0" yaku="1,1,54,1,53,0" doraHai="118" doraHaiUra="117" who="1" fromWho="3" sc="250,0,240,46,250,0,240,-26" /><INIT seed="1,0,0,2,1,8" ten="250,286,250,214" oya="1" hai0="68,125,29,89,94,18,60,118,82,5,52,130,63" hai1="104,41,120,109,3,80,31,91,100,98,57,36,24" hai2="19,112,99,59,62,33,78,131,81,103,16,121,70" hai3="0,114,73,17,124,9,2,92,76,12,39,58,42"/><U37/><E120/><V51/><F121/><W117/><G114/><T54/><D118/><U21/><E3/><V55/><F33/><W85/><G117/><T25/><D125/><U119/><E119/><V115/><F131/><W50/><G124/><T4/><D130/><U49/><E109/><V95/><F115/><W66/><G39/><T134/><D134/><U20/><E20/><V72/><REACH who="2" step="1"/><F112/><REACH who="2" ten="250,286,240,214" step="2"/><W102/><G0/><T96/><D4/><U47/><REACH who="1" step="1"/><E57/><REACH who="1" ten="250,276,240,214" step="2"/><V105/><F105/><W27/><G2/><T83/><D68/><U75/><E75/><V77/><F77/><W10/><G73/><T40/><D29/><U107/><E107/><V67/><AGARI ba="0,2" hai="16,19,51,55,59,62,67,70,72,78,81,95,99,103" machi="67" ten="30,4000,0" yaku="1,1,0,1,54,1,53,0" doraHai="8" doraHaiUra="84" who="2" fromWho="2" sc="250,-10,276,-20,240,60,214,-10" /><INIT seed="2,0,0,2,4,85" ten="240,256,300,204" oya="2" hai0="119,82,130,135,125,12,106,44,70,25,131,67,26" hai1="29,65,120,78,69,68,49,116,33,21,96,34,23" hai2="22,37,9,105,47,42,122,1,117,28,30,45,36" hai3="87,39,64,71,109,74,112,59,121,14,50,56,38"/><V16/><F122/><W89/><G74/><T31/><D106/><U103/><E120/><V10/><F105/><W104/><G121/><T7/><D125/><U51/><E116/><V46/><F117/><W75/><G75/><T41/><D119/><U52/><E78/><V5/><F10/><W133/><G104/><T11/><D135/><U76/><E76/><V57/><F57/><W113/><G133/><T35/><D25/><U110/><E110/><V32/><F37/><N who="3" m="13835" /><G109/><T86/><D70/><U63/><E69/><V48/><F32/><W88/><G14/><T81/><D67/><U40/><E40/><V90/><F90/><N who="3" m="34923" /><G87/><T95/><D95/><U6/><E34/><V58/><F58/><N who="3" m="22059" /><G50/><N who="0" m="26895" /><D82/><U91/><E51/><V100/><F47/><W19/><G71/><T2/><D2/><U20/><E49/><V4/><F48/><W98/><G98/><T132/><D132/><U102/><E33/><V60/><F46/><W0/><G0/><T18/><D18/><U126/><E68/><V3/><F16/><W83/><G19/><T13/><D12/><U66/><E96/><V92/><F3/><W108/><G108/><T53/><D53/><U62/><E52/><V97/><F1/><W43/><G43/><T118/><D118/><U124/><E66/><V79/><F42/><W128/><G64/><T115/><D115/><N who="3" m="44105" /><G83/><T73/><D73/><U134/><E65/><V72/><F45/><W15/><G15/><T127/><D127/><U80/><E126/><V84/><F72/><W17/><G17/><T129/><D81/><U55/><E124/><V54/><F36/><RYUUKYOKU ba="0,0" sc="240,15,256,-15,300,-15,204,15" hai0="7,11,13,26,31,35,86,129,130,131" hai3="128" /><INIT seed="3,1,0,1,0,99" ten="255,241,285,219" oya="3" hai0="28,62,30,80,59,81,133,41,126,40,12,105,27" hai1="114,124,52,76,100,75,2,42,68,108,18,110,0" hai2="102,101,55,20,37,109,73,85,64,50,60,111,87" hai3="117,104,36,128,5,11,96,71,33,130,122,90,67"/><W14/><G117/><T29/><D105/><U4/><E124/><V1/><F73/><W56/><G122/><T92/><D126/><U125/><E125/><V32/><F37/><W135/><G135/><T112/><D133/><U93/><E114/><V53/><F1/><W63/><G36/><T19/><D112/><U21/><E68/><V13/><F32/><W78/><G78/><T113/><D27/><U39/><E76/><V119/><F119/><W15/><G15/><T48/><D92/><U8/><E75/><V61/><F20/><W3/><G3/><T44/><D41/><U123/><E123/><V10/><F10/><W131/><G33/><T107/><D107/><U49/><E0/><V134/><F13/><W38/><G38/><T95/><D95/><U31/><E31/><V120/><F120/><W72/><G72/><T86/><D113/><U88/><E42/><V46/><F134/><W116/><G116/><T106/><D106/><U25/><E39/><V118/><F118/><W69/><REACH who="3" step="1"/><G90/><REACH who="3" ten="255,241,285,209" step="2"/><T115/><D115/><U77/><E77/><V17/><F111/><W43/><G43/><T35/><D35/><U84/><REACH who="1" step="1"/><E100/><AGARI ba="1,1" hai="5,11,14,56,63,67,69,71,96,100,104,128,130,131" machi="100" ten="40,7700,0" yaku="1,1,19,1,52,1,53,0" doraHai="99" doraHaiUra="121" who="3" fromWho="1" sc="255,0,241,-80,285,0,209,90" /><INIT seed="3,2,0,1,3,15" ten="255,161,285,299" oya="3" hai0="114,41,103,4,31,34,13,113,93,74,50,51,64" hai1="133,86,76,132,82,96,63,70,123,3,83,84,60" hai2="33,78,59,9,18,121,58,53,91,22,46,2,6" hai3="104,127,135,67,32,102,40,73,16,45,37,28,66"/><W1/><G127/><T125/><D125/><U112/><E123/><V54/><F33/><W52/><G73/><T25/><D74/><U21/><E112/><N who="0" m="43113" /><D64/><U26/><E3/><V99/><F121/><W23/><G1/><T115/><N who="0" m="43121" /><T92/><DORA hai="14" /><D103/><U106/><E96/><V61/><F78/><W80/><G135/><T118/><D118/><U48/><E48/><N who="0" m="18473" /><D41/><U11/><E11/><AGARI ba="2,0" hai="4,11,13,25,31,34,92,93" m="18473,43121" machi="11" ten="40,1300,0" yaku="11,1" doraHai="15,14" who="0" fromWho="1" sc="255,19,161,-19,285,0,299,0" /><INIT seed="4,0,0,2,5,37" ten="274,142,285,299" oya="0" hai0="61,23,42,51,22,76,54,107,20,75,90,84,40" hai1="50,111,79,69,108,85,2,72,106,53,65,25,109" hai2="105,123,66,44,32,110,126,88,119,104,39,95,36" hai3="135,26,101,68,6,15,86,13,11,133,125,81,30"/><T29/><D107/><U117/><E106/><V127/><F110/><W24/><G125/><N who="2" m="47625" /><F123/><W62/><G101/><T87/><D75/><U27/><E117/><V130/><F119/><W4/><G68/><T48/><D61/><U56/><E72/><V41/><F130/><W83/><G62/><T115/><D115/><U80/><E2/><V45/><F32/><W118/><G118/><T57/><D29/><U94/><E69/><V8/><F66/><W131/><G131/><T121/><D121/><U3/><E3/><V60/><F60/><W52/><G52/><N who="0" m="31879" /><D76/><U43/><E65/><V49/><F8/><W16/><G4/><T31/><D31/><U38/><REACH who="1" step="1"/><E94/><REACH who="1" ten="274,132,285,299" step="2"/><V55/><F39/><W18/><G133/><T73/><D73/><U74/><E74/><V82/><F82/><W102/><G83/><N who="0" m="49439" /><D87/><AGARI ba="0,1" hai="36,41,44,45,49,55,87,88,95,104,105" m="47625" machi="87" ten="30,3900,0" yaku="18,1,52,1,54,1" doraHai="37" who="2" fromWho="0" sc="274,-39,132,0,285,49,299,0" owari="235,-16.5,132,-36.8,334,43.4,299,9.9" /></mjloggm>