<mjloggm ver="2.3"><GO type="225" lobby="0"/><UN n0="%E9%B3%B3%E6%9D%B1%E3%81%AE%E3%81%86%E3%81%95%E3%81%8E%E3%81%95%E3%82%93" n1="%E3%81%A8%E3%82%93%E3%81%A8%E3%81%93%E3%81%A8%E3%82%93" n2="%E3%81%BF%E3%81%BF%E3%81%9A" n3="%E8%A8%88%E7%AE%97%E6%A9%9F%E8%87%AA%E7%84%B6" dan="17,16,16,17" rate="2236.66,2131.14,2159.34,2190.77" sx="M,F,M,M"/><TAIKYOKU oya="0"/><INIT seed="0,0,0,2,4,120" ten="250,250,250,250" oya="0" hai0="59,95,135,111,38,32,74,28,43,45,129,10,91" hai1="79,88,131,108,106,41,90,14,26,8,70,2,124" hai2="114,12,0,63,31,121,69,116,125,61,104,19,56" hai3="50,73,27,98,37,130,100,118,75,123,101,64,4"/><T34/><D129/><U113/><E2/><V87/><F0/><W35/><G37/><T16/><D135/><U94/><E106/><V25/><F121/><W82/><G123/><T134/><D134/><U3/><E3/><V71/><F104/><W29/><G118/><T62/><D74/><U81/><E70/><V65/><F116/><W102/><G130/><T44/><D44/><U36/><E131/><V40/><F40/><W109/><G4/><T128/><D128/><U60/><E41/><V93/><F125/><W110/><G64/><T47/><D47/><U122/><E36/><V51/><F51/><W84/><G98/><T15/><D28/><U9/><E124/><V42/><F114/><W97/><G97/><T133/><D133/><U99/><E113/><V68/><F42/><W105/><G50/><T46/><D46/><U23/><E60/><V107/><F107/><W18/><G18/><T21/><D10/><U54/><E54/><V119/><F119/><W103/><N who="3" m="25600" /><DORA hai="39" /><W52/><G52/><T49/><D38/><U80/><E122/><V17/><F61/><W85/><G85/><T55/><REACH who="0" step="1"/><D111/><REACH who="0" ten="240,250,250,250" step="2"/><N who="3" m="42505" /><G105/><T53/><D53/><U7/><E108/><V76/><F31/><W96/><G96/><AGARI ba="0,1" hai="15,16,21,32,34,43,45,49,55,59,62,91,95,96" machi="96" ten="30,12000,1" yaku="1,1,7,1,52,1,54,1,53,1" doraHai="120,39" doraHaiUra="89,33" who="0" fromWho="3" sc="240,130,250,0,250,0,250,-120" /><INIT seed="0,1,0,3,2,30" ten="370,250,250,130" oya="0" hai0="56,135,87,47,71,60,35,62,38,113,107,16,125" hai1="54,6,109,104,48,124,83,67,43,86,12,128,77" hai2="36,58,14,85,33,1,101,29,80,108,98,81,26" hai3="23,34,72,82,127,132,4,92,65,123,46,31,15"/><T76/><D113/><U79/><E104/><V105/><F1/><W20/><G65/><T25/><D107/><U37/><E109/><V49/><F108/><W17/><G92/><T88/><D71/><U22/><E124/><V78/><F36/><W52/><G127/><T2/><D125/><U84/><E128/><V120/><F120/><W32/><G4/><T5/><D76/><U100/><E100/><V119/><F119/><W96/><G96/><T115/><D115/><U42/><E67/><V11/><F58/><W133/><G123/><T27/><D135/><N who="3" m="51785" /><G31/><T45/><D5/><U122/><E37/><V129/><F129/><W131/><G20/><N who="0" m="13447" /><D2/><U7/><E122/><V63/><F49/><N who="3" m="28727" /><G131/><T61/><D38/><U66/><E66/><V118/><F118/><W95/><G95/><N who="0" m="54687" /><D27/><U114/><E114/><V97/><F97/><W41/><G41/><T89/><D56/><N who="1" m="32839" /><E42/><V39/><F39/><W57/><G57/><T70/><D70/><U121/><E43/><V69/><F81/><W53/><G53/><T103/><D103/><U74/><E121/><V117/><F117/><W8/><G23/><T68/><D68/><U50/><E74/><V90/><F69/><W59/><G59/><T112/><D112/><U102/><E102/><V111/><F111/><W73/><G82/><T28/><D89/><U18/><E50/><V110/><F110/><W40/><G40/><T91/><D91/><U116/><E116/><V93/><F63/><N who="0" m="16130" /><T75/><DORA hai="24" /><D75/><AGARI ba="1,0" hai="8,15,17,32,34,72,73,75" m="28727,51785" machi="75" ten="30,7700,0" yaku="20,1,52,2,54,1" doraHai="30,24" who="3" fromWho="0" sc="370,-80,250,0,250,0,130,80" /><INIT seed="1,0,0,3,2,76" ten="290,250,250,210" oya="1" hai0="50,70,14,102,9,3,104,126,19,77,128,16,105" hai1="67,87,52,6,110,61,107,68,37,120,83,121,80" hai2="84,48,72,27,135,78,34,7,118,123,55,8,96" hai3="131,125,106,13,20,108,115,132,23,30,43,99,54"/><U46/><E107/><V45/><F118/><W39/><G115/><T21/><D70/><U33/><E33/><V42/><F123/><W109/><G131/><T88/><D128/><U90/><E110/><N who="3" m="42602" /><G125/><T89/><D126/><U56/><E6/><V40/><F135/><W57/><G30/><T15/><D3/><U86/><E46/><V22/><F34/><W47/><G132/><T82/><D50/><U53/><E37/><V95/><F72/><W26/><G13/><T112/><D112/><U25/><E25/><V41/><F84/><W117/><G26/><T122/><D122/><U124/><E124/><V12/><F78/><W69/><G69/><T113/><D113/><U93/><E93/><V1/><F1/><W10/><G10/><T36/><D36/><U97/><E97/><V24/><REACH who="2" step="1"/><F22/><REACH who="2" ten="290,250,240,210" step="2"/><W101/><G117/><T103/><D104/><U2/><E2/><V119/><F119/><W75/><G75/><T92/><D105/><U28/><E28/><V73/><F73/><W32/><G32/><T127/><D127/><U111/><E111/><V66/><F66/><W11/><G11/><T129/><D129/><U64/><E67/><V5/><F5/><W130/><G130/><T134/><D134/><U59/><E120/><V91/><AGARI ba="0,1" hai="7,8,12,24,27,40,41,42,45,48,55,91,95,96" machi="91" ten="30,7900,0" yaku="1,1,0,1,8,1,53,1" doraHai="76" doraHaiUra="44" who="2" fromWho="2" sc="290,-20,250,-39,240,89,210,-20" /><INIT seed="2,0,0,5,3,85" ten="270,211,329,190" oya="2" hai0="22,74,83,66,110,125,81,109,120,104,45,122,95" hai1="58,46,26,48,33,4,118,38,25,42,131,103,94" hai2="73,96,10,67,54,23,123,91,76,93,92,27,43" hai3="129,115,114,78,30,29,62,16,102,15,24,50,112"/><V20/><F123/><N who="0" m="47146" /><D66/><U132/><E118/><V37/><F10/><N who="3" m="6263" /><G78/><N who="0" m="44247" /><D22/><U119/><E119/><V121/><F121/><W128/><G102/><T28/><D28/><N who="3" m="10857" /><G50/><T82/><D45/><U69/><E69/><V135/><F67/><W75/><G75/><T1/><D1/><U72/><E72/><V32/><F135/><W64/><G24/><T55/><D55/><U19/><E26/><V47/><F32/><W90/><G90/><T63/><D63/><U79/><E25/><V61/><F27/><W3/><G3/><T133/><D104/><U111/><E33/><V100/><F54/><W7/><G7/><T130/><D133/><U106/><E4/><V17/><F61/><W53/><G53/><T41/><D41/><U107/><E42/><V21/><F17/><W98/><G98/><T86/><D110/><U14/><E19/><V2/><F2/><W39/><G39/><T40/><D40/><U113/><E38/><V12/><F12/><W84/><G84/><T49/><D49/><U71/><E48/><V89/><F23/><W116/><G116/><T105/><D86/><U97/><E132/><V8/><F8/><W60/><G60/><T117/><D109/><U127/><E111/><V31/><F20/><W6/><G6/><T0/><D0/><U124/><E107/><V101/><F21/><W108/><G108/><T34/><D105/><U13/><E106/><V88/><F31/><W9/><G9/><T77/><D117/><U57/><E71/><AGARI ba="0,0" hai="62,64,71,112,114,115,128,129" m="10857,6263" machi="71" ten="40,2600,0" yaku="11,1,54,1" doraHai="85" who="3" fromWho="1" sc="270,0,211,-26,329,0,190,26" /><INIT seed="3,0,0,5,0,69" ten="270,185,329,216" oya="3" hai0="109,26,65,87,57,61,24,114,99,20,30,115,16" hai1="45,17,102,40,81,124,94,32,14,76,118,9,43" hai2="90,73,126,4,123,71,82,2,31,78,72,70,91" hai3="51,42,48,117,101,113,129,49,8,37,116,128,93"/><W1/><G101/><T107/><D109/><U80/><E32/><V52/><F31/><W39/><G93/><T84/><D107/><U122/><E122/><V83/><F123/><W7/><G113/><N who="0" m="43019" /><D99/><U22/><E124/><V6/><F126/><W44/><REACH who="3" step="1"/><G37/><REACH who="3" ten="270,185,329,206" step="2"/><T34/><AGARI ba="0,1" hai="16,20,24,26,30,34,57,61,65,84,87" m="43019" machi="34" ten="30,2000,0" yaku="11,1,54,1" doraHai="69" who="0" fromWho="0" sc="270,30,185,-5,329,-5,206,-10" owari="300,10.0,180,-32.0,324,42.4,196,-20.4" /></mjloggm>