<mjloggm ver="2.3"><GO type="225" lobby="0"/><UN n0="%E4%B8%8B%E6%AE%B5%E3%83%81%E3%82%A7%E3%83%AA%E3%83%BC" n1="%E3%81%A9%E3%82%8F%E3%82%93%E3%81%94" n2="%70%68%65%6E%6F%6D%65" n3="%E9%80%9F%E6%B0%B4%E5%87%9B%E9%A6%99" dan="16,16,16,16" rate="2143.61,2190.55,2141.45,2084.70" sx="M,M,M,F"/><TAIKYOKU oya="0"/><INIT seed="0,0,0,2,5,100" ten="250,250,250,250" oya="0" hai0="118,14,16,36,66,102,90,15,74,105,81,99,52" hai1="122,23,91,88,87,108,126,80,106,64,43,89,61" hai2="104,37,79,84,27,46,124,41,40,17,0,42,34" hai3="125,60,10,97,28,123,129,110,19,111,2,49,68"/><T3/><D3/><U1/><E122/><V25/><F0/><W96/><G123/><T8/><D36/><U75/><E1/><V44/><F124/><W62/><G129/><T128/><D128/><U72/><E126/><V47/><F37/><W24/><G125/><T5/><D118/><U31/><E108/><N who="3" m="41514" /><G49/><T38/><D38/><U71/><E43/><V103/><F34/><W130/><G130/><T35/><D66/><U117/><E117/><V73/><F73/><W65/><G62/><T13/><D35/><U26/><REACH who="1" step="1"/><E106/><REACH who="1" ten="250,240,250,250" step="2"/><V67/><F104/><W82/><G2/><T59/><D5/><U56/><E56/><V114/><F44/><W119/><G119/><T45/><D45/><U55/><E55/><V132/><F46/><W131/><G131/><T63/><REACH who="0" step="1"/><D90/><AGARI ba="0,1" hai="23,26,31,61,64,71,72,75,80,87,88,89,90,91" machi="90" ten="40,2600,0" yaku="1,1,54,1,53,0" doraHai="100" doraHaiUra="115" who="1" fromWho="0" sc="250,-26,240,36,250,0,250,0" /><INIT seed="1,0,0,3,4,125" ten="224,276,250,250" oya="1" hai0="15,120,95,50,91,24,127,39,27,83,23,20,42" hai1="61,32,74,17,25,76,93,86,130,1,112,33,126" hai2="103,11,119,96,18,40,82,71,67,99,105,5,41" hai3="129,3,122,100,69,79,12,0,102,4,85,108,36"/><U92/><E112/><V65/><F119/><W75/><G36/><T13/><D127/><U128/><E1/><V44/><F18/><W46/><G69/><T8/><D39/><U110/><E126/><V135/><F135/><W16/><G122/><T9/><D83/><N who="1" m="47463" /><E74/><V57/><F71/><W124/><G75/><T117/><D117/><U26/><E61/><V116/><F116/><W53/><G108/><T43/><D120/><U2/><E2/><V123/><F123/><W104/><G124/><T94/><D50/><U54/><E54/><V45/><F82/><W81/><G4/><T118/><D118/><U48/><E48/><V131/><F99/><W59/><G46/><T133/><D133/><U60/><E60/><V29/><F29/><W28/><G28/><T68/><D68/><U121/><E121/><V64/><F57/><W70/><G70/><T10/><D10/><U80/><E80/><V21/><F21/><W56/><G0/><T31/><D31/><U51/><E51/><V132/><F132/><W98/><G3/><T107/><D107/><U90/><E17/><V35/><F41/><W19/><G19/><T6/><REACH who="0" step="1"/><D91/><REACH who="0" ten="214,276,250,250" step="2"/><U113/><E113/><V22/><F105/><W87/><G104/><T89/><D89/><U55/><E90/><V37/><F37/><W58/><G81/><T88/><D88/><U62/><E93/><V97/><F11/><W111/><G111/><T52/><D52/><U72/><E92/><V66/><F65/><W134/><G53/><T106/><D106/><U78/><E110/><V14/><F67/><W34/><G134/><RYUUKYOKU ba="0,1" sc="214,30,276,-10,250,-10,250,-10" hai0="6,8,9,13,15,20,23,24,27,42,43,94,95" /><INIT seed="2,1,1,1,3,53" ten="244,266,240,240" oya="2" hai0="105,34,47,123,135,4,72,7,132,13,128,97,58" hai1="71,75,57,21,49,83,96,45,20,12,54,2,56" hai2="93,74,61,36,60,103,115,69,59,107,120,10,81" hai3="25,108,95,28,106,8,32,17,119,44,31,90,18"/><V43/><F115/><W117/><G106/><T114/><D114/><U6/><E71/><V130/><F120/><W48/><G108/><T46/><D72/><U116/><E116/><V112/><F112/><W73/><G73/><T41/><D34/><U29/><E2/><V76/><F130/><W125/><G125/><T118/><D123/><U87/><E96/><V26/><F107/><W11/><G28/><T101/><D128/><U1/><E1/><V129/><F129/><W9/><G119/><T89/><D89/><N who="1" m="51455" /><E75/><V111/><F111/><W65/><G65/><T15/><D118/><U94/><E94/><V84/><F10/><W134/><G134/><N who="0" m="51243" /><D47/><U14/><E21/><V88/><F103/><W66/><G66/><T37/><D58/><N who="1" m="22635" /><E6/><AGARI ba="1,1" hai="4,6,7,13,15,37,41,46,97,101,105" m="51243" machi="6" ten="30,1000,0" yaku="20,1" doraHai="53" who="0" fromWho="1" sc="244,23,266,-13,240,0,240,0" /><INIT seed="3,0,0,5,4,2" ten="267,253,240,240" oya="3" hai0="64,56,31,12,26,74,88,80,62,3,59,121,92" hai1="85,83,103,25,93,99,27,69,24,20,78,63,67" hai2="36,40,104,19,71,113,52,9,41,65,58,84,68" hai3="115,11,111,116,97,6,120,1,125,89,131,55,95"/><W134/><G120/><T128/><D3/><U15/><REACH who="1" step="1"/><E15/><REACH who="1" ten="267,243,240,240" step="2"/><V119/><F113/><W57/><G115/><T7/><D121/><U105/><E105/><V66/><F104/><W135/><G116/><T126/><D12/><U114/><E114/><V60/><F119/><W98/><G111/><T44/><D59/><U39/><E39/><V133/><F36/><W23/><G131/><T33/><D56/><U43/><E43/><V37/><F37/><W101/><G125/><T34/><D126/><U54/><E54/><V127/><F41/><W76/><G57/><T10/><D128/><U35/><E35/><V18/><F40/><W72/><G55/><T129/><D33/><U87/><E87/><V109/><F109/><W53/><G53/><T86/><D34/><U75/><E75/><V117/><F117/><W46/><G46/><T123/><D74/><U13/><E13/><V51/><F127/><W90/><G23/><AGARI ba="0,1" hai="20,23,24,25,27,63,67,69,78,83,85,93,99,103" machi="23" ten="40,2600,0" yaku="21,2,53,0" doraHai="2" doraHaiUra="42" who="1" fromWho="3" sc="267,0,243,36,240,0,240,-26" /><INIT seed="4,0,0,1,0,70" ten="267,279,240,214" oya="0" hai0="12,20,75,109,48,35,63,43,124,80,6,123,46" hai1="85,81,131,69,76,60,23,98,50,34,9,71,25" hai2="119,55,108,17,11,101,132,16,90,27,87,120,65" hai3="125,102,110,26,116,29,122,94,68,105,33,111,24"/><T62/><D35/><U77/><E131/><V113/><F120/><W14/><G68/><T52/><D123/><U37/><E34/><V47/><F108/><N who="3" m="41515" /><G122/><T15/><D109/><U8/><E37/><V93/><F113/><W86/><G116/><T54/><D124/><U22/><E98/><V2/><F132/><W118/><G118/><T130/><D130/><U67/><E71/><V73/><F119/><W135/><G135/><T133/><D133/><U97/><E77/><V64/><F73/><W61/><G125/><T5/><D75/><U72/><E72/><V129/><F129/><W30/><G105/><T112/><D80/><U53/><E97/><V92/><F2/><W106/><G106/><T121/><D112/><U114/><E23/><N who="2" m="13799" /><F101/><W39/><G14/><N who="0" m="5163" /><D20/><U96/><E96/><V13/><F92/><W104/><G104/><T21/><D21/><U82/><E82/><V28/><F28/><W38/><G61/><N who="0" m="23051" /><D121/><U84/><E114/><V74/><F74/><W45/><G45/><T36/><D36/><N who="3" m="13865" /><G102/><T3/><D3/><U89/><E69/><V57/><F47/><W40/><G40/><T103/><D103/><U58/><E60/><AGARI ba="0,0" hai="11,13,17,55,57,60,64,65,87,90,93" m="13799" machi="60" ten="30,2000,0" yaku="8,1,54,1" doraHai="70" who="2" fromWho="1" sc="267,0,279,-20,240,20,214,0" /><INIT seed="5,0,0,2,4,86" ten="267,259,260,214" oya="1" hai0="123,62,11,31,4,68,130,33,95,46,61,126,21" hai1="118,59,53,40,115,74,22,70,134,78,120,103,16" hai2="10,75,8,81,127,12,43,50,92,34,135,63,42" hai3="29,28,55,7,114,47,51,3,2,80,83,37,76"/><U23/><E120/><V104/><F104/><W65/><G114/><T117/><D117/><U93/><E118/><V30/><F127/><W26/><G65/><T24/><D126/><U82/><E70/><V45/><F135/><W6/><G37/><T99/><D123/><U66/><E115/><V69/><F43/><W54/><G26/><T110/><D110/><U0/><E134/><V39/><F30/><W116/><G116/><T67/><D130/><U36/><E0/><V88/><F34/><W60/><G60/><T56/><D46/><U14/><E66/><V107/><F107/><W105/><G105/><T111/><D111/><U44/><E93/><V49/><F63/><W19/><G51/><T100/><D33/><U109/><E103/><V112/><F8/><W35/><G47/><T9/><D9/><U108/><REACH who="1" step="1"/><E23/><REACH who="1" ten="267,249,260,214" step="2"/><V131/><F69/><W122/><G122/><T5/><D11/><U90/><E90/><V77/><F112/><W87/><G35/><T125/><D125/><U89/><E89/><V27/><F131/><W20/><G20/><T18/><D31/><U41/><E41/><V71/><F71/><W94/><G94/><T79/><D79/><U17/><E17/><V102/><F102/><W57/><G19/><T124/><D124/><U91/><E91/><V48/><F92/><W129/><G129/><T15/><D24/><U85/><E85/><V128/><F27/><W132/><G87/><T119/><D119/><U84/><E84/><V13/><F128/><W101/><G132/><T106/><D106/><U72/><E72/><V97/><F10/><RYUUKYOKU ba="0,1" sc="267,10,249,10,260,10,214,-30" hai0="4,5,15,18,21,56,61,62,67,68,95,99,100" hai1="14,16,22,36,40,44,53,59,74,78,82,108,109" hai2="12,13,39,42,45,48,49,50,75,77,81,88,97" /><INIT seed="5,1,1,4,1,97" ten="277,259,270,184" oya="1" hai0="52,80,21,115,29,89,39,3,104,132,107,70,12" hai1="41,88,16,124,81,34,10,5,112,68,118,18,50" hai2="108,95,90,60,15,79,77,110,65,102,123,24,2" hai3="22,96,7,46,58,82,8,45,69,63,135,93,134"/><U27/><E118/><V74/><F2/><W87/><G22/><T28/><D3/><U40/><E68/><V99/><F123/><W86/><G69/><T120/><D70/><U116/><E116/><V75/><F74/><W44/><G8/><T111/><D111/><U30/><E112/><V57/><F15/><W43/><G7/><T105/><D39/><U23/><E124/><V113/><F113/><W94/><G43/><T13/><D115/><U66/><E66/><V106/><F24/><W72/><G72/><T126/><D120/><U51/><E34/><V31/><F31/><W20/><G20/><T76/><D126/><U62/><E62/><V47/><F47/><W9/><G9/><T36/><D36/><U14/><E41/><V26/><F26/><W49/><G49/><N who="1" m="18442" /><E40/><V4/><F4/><W98/><G82/><T56/><D89/><U109/><E109/><V33/><F33/><W64/><G135/><T100/><D132/><U83/><E83/><N who="2" m="45503" /><F79/><W131/><G131/><T92/><D80/><U84/><AGARI ba="1,1" hai="5,10,14,16,18,23,27,30,81,84,88" m="18442" machi="84" ten="30,6000,0" yaku="8,1,54,2" doraHai="97" who="1" fromWho="1" sc="277,-21,259,73,270,-21,184,-21" owari="256,5.6,332,43.2,249,-15.1,163,-33.7" /></mjloggm>