<mjloggm ver="2.3"><GO type="225" lobby="0"/><UN n0="%E3%81%A9%E3%82%8F%E3%82%93%E3%81%94" n1="%E3%83%B4%E3%82%A3%E3%83%AF%E3%82%B3%E3%82%B0%E3%83%8B" n2="%E5%8D%A0%E3%81%84%E5%B8%AB%E8%A3%8F%E3%81%AA%E3%81%84%E3%81%97" n3="%E5%B8%86%E7%AB%8B%E5%A4%8F%E8%A1%A3" dan="16,16,17,16" rate="2113.30,2184.75,2182.93,2098.06" sx="M,M,M,M"/><TAIKYOKU oya="0"/><INIT seed="0,0,0,1,4,18" ten="250,250,250,250" oya="0" hai0="87,124,111,97,66,58,40,42,47,82,13,4,85" hai1="132,115,9,38,116,129,122,34,133,127,126,8,135" hai2="63,19,106,69,103,17,79,2,78,98,72,25,134" hai3="62,56,86,70,49,61,16,27,3,84,102,81,14"/><T105/><D124/><N who="1" m="47659" /><E38/><V94/><F2/><W21/><G3/><T36/><D40/><U55/><E55/><V88/><F134/><W54/><G102/><T41/><D41/><U93/><E115/><V125/><F125/><W117/><G117/><T52/><D66/><U5/><E93/><V20/><F72/><W77/><G70/><T53/><D111/><U101/><E101/><V100/><F100/><W67/><G67/><T57/><D105/><U74/><E74/><V59/><F69/><W1/><G1/><T43/><D97/><U118/><E122/><V28/><F17/><W64/><G64/><T95/><D95/><U131/><E34/><V96/><REACH who="2" step="1"/><F28/><REACH who="2" ten="250,250,240,250" step="2"/><N who="3" m="17519" /><G86/><T50/><D36/><U65/><E5/><V32/><F32/><W15/><G15/><T109/><D109/><U29/><E29/><V99/><F99/><W68/><G68/><T110/><D110/><U33/><E33/><V104/><F104/><W45/><G56/><T11/><D87/><U114/><E114/><V39/><F39/><W128/><G128/><N who="1" m="49226" /><E65/><AGARI ba="0,1" hai="19,20,25,59,63,65,78,79,88,94,96,98,103,106" machi="65" ten="30,7700,0" yaku="1,1,7,1,52,1,54,1,53,0" doraHai="18" doraHaiUra="44" who="2" fromWho="1" sc="250,0,250,-77,240,87,250,0" /><INIT seed="1,0,0,4,3,72" ten="250,173,327,250" oya="1" hai0="99,60,66,102,104,4,31,73,90,15,91,10,24" hai1="59,36,114,50,82,103,77,54,100,122,29,94,98" hai2="51,19,127,11,126,48,1,123,121,130,12,117,110" hai3="111,69,101,78,92,120,81,49,96,40,106,133,23"/><U112/><E122/><N who="2" m="46603" /><F117/><W18/><G120/><T33/><REACH who="0" step="1"/><D73/><REACH who="0" ten="240,173,327,250" step="2"/><U134/><E134/><V61/><F127/><W64/><G133/><T113/><D113/><U3/><E3/><V67/><F1/><W84/><G111/><T37/><D37/><U45/><E29/><V79/><F126/><W55/><G106/><T132/><D132/><U58/><E103/><V95/><F110/><W13/><G40/><T124/><D124/><U116/><E116/><V32/><F130/><W53/><REACH who="3" step="1"/><G49/><REACH who="3" ten="240,173,327,240" step="2"/><T135/><D135/><U52/><E36/><V62/><F48/><W46/><G46/><T74/><D74/><U75/><REACH who="1" step="1"/><E45/><REACH who="1" ten="240,163,327,240" step="2"/><V0/><F0/><W6/><G6/><T109/><D109/><U26/><E26/><V115/><F115/><W38/><G38/><T41/><D41/><U128/><E128/><V76/><F12/><W71/><G71/><AGARI ba="0,3" hai="4,10,15,24,31,33,60,66,71,90,91,99,102,104" machi="71" ten="30,7700,0" yaku="1,1,7,1,25,2,53,0" doraHai="72" doraHaiUra="108" who="0" fromWho="3" sc="240,107,163,0,327,0,240,-77" /><INIT seed="2,0,0,2,0,100" ten="347,163,327,163" oya="2" hai0="97,93,128,41,84,21,51,75,125,3,91,17,46" hai1="87,69,70,65,43,82,34,39,103,26,120,113,73" hai2="90,52,58,29,4,32,72,2,117,88,0,107,11" hai3="89,99,25,110,63,24,38,22,112,85,71,56,48"/><V66/><F117/><W119/><G119/><T124/><D75/><U27/><E113/><V64/><F0/><W106/><G112/><T19/><D3/><U95/><E73/><V92/><F72/><W1/><G1/><T132/><D132/><U8/><E120/><V20/><F32/><W83/><G110/><T50/><D128/><U86/><E39/><V134/><F134/><W79/><G38/><T59/><D97/><U133/><E43/><V105/><F29/><W13/><G71/><T67/><D67/><U28/><E133/><V60/><F90/><W18/><G48/><T57/><D19/><U54/><E65/><V114/><F114/><W102/><REACH who="3" step="1"/><G89/><REACH who="3" ten="347,163,327,153" step="2"/><T76/><D51/><U135/><E135/><V77/><F77/><W111/><G111/><T37/><D37/><U116/><E116/><V94/><F94/><W5/><G5/><T108/><D108/><U115/><E115/><V96/><REACH who="2" step="1"/><F20/><REACH who="2" ten="347,163,317,153" step="2"/><W98/><G98/><T30/><D76/><U62/><E95/><V14/><F14/><W9/><G9/><T131/><D93/><U10/><E10/><V36/><F36/><W47/><G47/><T129/><D21/><U55/><E8/><V44/><F44/><W61/><G61/><T45/><D46/><U16/><E62/><V122/><F122/><W31/><G31/><T74/><D30/><U33/><E28/><V104/><AGARI ba="0,2" hai="2,4,11,52,58,60,64,66,88,92,96,104,105,107" machi="104" ten="30,18000,2" yaku="1,1,0,1,52,3,54,2,53,0" doraHai="100" doraHaiUra="78" who="2" fromWho="2" sc="347,-60,163,-60,317,200,153,-60" /><INIT seed="2,1,0,2,2,48" ten="287,103,517,93" oya="2" hai0="107,93,110,63,69,46,116,72,109,37,27,121,11" hai1="84,13,122,68,59,101,73,81,5,18,21,113,119" hai2="88,61,38,96,67,30,134,99,12,89,75,111,64" hai3="10,60,83,50,95,124,17,100,0,36,56,29,94"/><V85/><F75/><W43/><G124/><T31/><D107/><U32/><E113/><V128/><F38/><W33/><G36/><T23/><D121/><U102/><E68/><V103/><F134/><W106/><G106/><T3/><D72/><U97/><E119/><V35/><F128/><W126/><G126/><T16/><D116/><U45/><E32/><V28/><F12/><N who="3" m="7319" /><G33/><T112/><D112/><U34/><E34/><V115/><F115/><W42/><G0/><T90/><D37/><U24/><E122/><V104/><F28/><W105/><G105/><T91/><D46/><U19/><E5/><V44/><F64/><N who="3" m="38919" /><G29/><T70/><D31/><U76/><E45/><V54/><F99/><N who="3" m="59511" /><G83/><T40/><D70/><U135/><E135/><V52/><F111/><W39/><G39/><T77/><D69/><U6/><E6/><V51/><F30/><W4/><G4/><T1/><D3/><U41/><E41/><V22/><F35/><W25/><G25/><T53/><D40/><U117/><E117/><V9/><F9/><W129/><G129/><T47/><D1/><U8/><E73/><V15/><F67/><W78/><G78/><T125/><D110/><U57/><E102/><V74/><F74/><W55/><G95/><AGARI ba="1,0" hai="8,13,18,19,21,24,57,59,76,81,84,95,97,101" machi="95" ten="30,2000,0" yaku="7,1,8,1" doraHai="48" who="1" fromWho="3" sc="287,0,103,23,517,0,93,-23" /><INIT seed="3,0,0,3,5,92" ten="287,126,517,70" oya="3" hai0="57,95,27,16,44,114,133,23,73,134,120,131,22" hai1="75,125,51,132,28,91,84,121,31,60,90,32,35" hai2="13,21,70,37,85,83,58,112,50,45,130,108,49" hai3="46,11,53,2,100,116,41,86,67,119,7,124,25"/><W101/><G124/><T96/><D120/><U104/><E75/><V9/><F112/><W115/><G115/><T38/><D114/><U33/><E121/><V47/><F70/><W42/><G67/><T117/><D73/><U1/><E104/><V105/><F105/><W110/><G110/><T10/><D131/><U126/><E1/><V89/><F130/><W111/><G111/><T98/><D117/><U78/><E132/><N who="0" m="50793" /><D10/><U94/><E78/><V34/><F34/><W18/><G119/><T65/><D95/><N who="1" m="54727" /><E51/><V0/><F0/><W88/><G116/><T128/><D128/><U36/><E60/><V6/><F37/><W103/><G53/><T64/><D23/><U107/><E36/><V122/><F122/><W59/><G59/><T87/><D87/><N who="1" m="52607" /><E107/><V69/><F69/><W8/><G46/><T106/><D106/><U80/><E80/><V113/><F113/><W20/><REACH who="3" step="1"/><G11/><REACH who="3" ten="287,126,517,60" step="2"/><T48/><D57/><U56/><E56/><V77/><F108/><W63/><G63/><T43/><D38/><U30/><E35/><V12/><F58/><W5/><G5/><T99/><AGARI ba="0,1" hai="16,22,27,43,44,48,64,65,96,98,99" m="50793" machi="99" ten="30,8000,1" yaku="20,1,52,3,54,1" doraHai="92" who="0" fromWho="0" sc="287,90,126,-20,517,-20,60,-40" owari="377,17.7,106,-29.4,497,59.7,20,-48.0" /></mjloggm>