<mjloggm ver="2.3"><GO type="225" lobby="0"/><UN n0="%6D%75%75%6D%75%72%61" n1="%E6%A1%9C%E8%8A%B1%E9%96%83%E3%80%85" n2="%72%69%6F%75%63%68%61%6E" n3="%E3%82%B7%E3%83%B3%E5%A4%AA%E6%9C%97" dan="16,18,17,16" rate="2112.74,2251.50,2253.28,2114.27" sx="F,M,M,M"/><TAIKYOKU oya="0"/><INIT seed="0,0,0,5,4,75" ten="250,250,250,250" oya="0" hai0="74,57,88,90,119,17,109,50,132,83,11,135,80" hai1="101,55,108,123,20,34,104,127,58,33,16,84,93" hai2="12,125,5,128,29,81,103,54,134,100,0,130,91" hai3="110,36,23,124,96,89,62,52,67,73,106,70,53"/><T94/><D119/><U37/><E123/><V79/><F0/><W77/><G110/><T112/><D112/><U32/><E108/><V68/><F68/><W99/><G124/><T15/><D109/><U82/><E37/><V95/><F134/><N who="0" m="51242" /><D74/><U43/><E43/><V87/><F125/><W4/><G36/><T1/><D1/><U59/><E93/><V56/><F29/><W63/><G4/><T107/><D107/><U44/><E44/><V120/><F120/><W3/><G3/><T28/><D28/><U45/><E45/><V46/><F46/><W31/><G99/><N who="0" m="57799" /><D90/><U86/><E127/><V26/><F26/><W25/><G62/><T98/><D98/><U115/><E115/><V60/><F12/><W69/><G69/><T42/><D42/><U64/><E86/><V18/><F18/><W48/><G89/><T39/><D39/><U102/><E104/><V24/><F24/><W92/><G106/><T10/><D10/><U121/><E121/><V27/><F27/><W111/><G111/><T19/><D19/><U105/><E105/><V30/><F30/><W6/><G6/><T51/><D51/><N who="1" m="31103" /><E84/><N who="2" m="52711" /><F5/><W47/><G96/><T122/><D122/><U133/><E133/><V129/><AGARI ba="0,0" hai="54,56,60,79,81,87,100,103,128,129,130" m="52711" machi="129" ten="30,2000,0" yaku="19,1,52,1" doraHai="75" who="2" fromWho="2" sc="250,-10,250,-5,250,20,250,-5" /><INIT seed="1,0,0,3,0,131" ten="240,245,270,245" oya="1" hai0="119,60,45,83,115,100,57,127,12,65,5,35,99" hai1="123,76,18,95,37,98,63,113,56,4,135,85,15" hai2="133,42,128,33,88,132,2,32,0,124,117,13,11" hai3="8,47,111,23,103,53,70,130,50,112,62,48,67"/><U82/><E113/><V1/><F42/><W31/><G130/><T52/><D115/><U54/><E123/><V121/><F128/><W96/><G112/><T25/><D119/><U91/><E37/><V59/><F117/><W105/><G111/><T129/><D129/><U97/><E135/><N who="2" m="51787" /><F121/><W41/><G8/><T73/><D127/><U58/><E4/><N who="2" m="3303" /><F124/><W27/><REACH who="3" step="1"/><G53/><REACH who="3" ten="240,245,270,235" step="2"/><T107/><D52/><U106/><E106/><V36/><F36/><AGARI ba="0,1" hai="23,27,31,36,41,47,48,50,62,67,70,96,103,105" machi="36" ten="30,3900,0" yaku="1,1,2,1,7,1,53,0" doraHai="131" doraHaiUra="74" who="3" fromWho="2" sc="240,0,245,0,270,-39,235,49" /><INIT seed="2,0,0,3,0,45" ten="240,245,231,284" oya="2" hai0="63,121,75,98,119,10,97,53,68,22,83,90,32" hai1="129,82,122,61,101,64,42,48,46,125,49,100,133" hai2="65,8,57,38,39,34,87,108,6,107,88,102,79" hai3="2,27,112,131,18,4,93,123,37,25,104,41,85"/><V135/><F135/><W56/><G104/><T91/><D32/><U78/><E133/><V31/><F79/><W69/><G123/><T35/><D121/><U116/><E122/><V111/><F65/><W0/><G69/><T7/><D35/><U67/><E116/><V134/><F134/><W59/><G4/><T109/><D109/><N who="2" m="42058" /><F57/><W76/><G131/><T132/><D132/><U113/><E113/><V11/><F11/><W50/><G37/><T130/><D130/><U15/><E125/><V128/><F128/><W23/><G27/><T3/><D119/><U44/><E15/><N who="2" m="5527" /><F102/><W24/><G59/><T70/><D70/><U80/><E129/><V74/><F74/><W28/><G112/><T77/><D91/><U12/><E78/><V43/><F43/><W55/><G41/><T33/><D90/><U115/><E115/><V58/><F107/><W16/><G76/><T52/><D68/><U92/><E42/><V17/><F17/><W106/><G106/><T51/><D3/><U9/><E9/><V26/><F58/><W14/><G18/><T13/><D7/><U73/><E73/><V40/><F40/><W29/><G2/><T84/><D75/><U105/><E105/><V126/><F126/><W66/><G0/><T120/><D10/><U30/><E101/><V124/><F124/><W86/><G66/><T20/><D120/><U47/><E67/><V89/><F89/><N who="3" m="53423" /><G86/><T114/><D114/><U110/><E110/><V36/><F38/><W1/><G1/><T96/><D77/><U103/><E64/><V5/><F5/><W60/><G60/><RYUUKYOKU ba="0,0" sc="240,-15,245,-15,231,15,284,15" hai2="26,31,34,36,39,87,88" hai3="14,16,23,24,25,28,29,50,55,56" /><INIT seed="2,1,0,4,4,77" ten="225,230,246,299" oya="2" hai0="119,52,1,25,31,57,130,39,81,23,127,56,103" hai1="38,69,133,84,54,105,122,100,131,95,87,134,117" hai2="9,108,73,22,46,47,43,7,11,128,82,45,19" hai3="120,30,85,66,33,118,58,101,10,24,64,15,12"/><V124/><F128/><W68/><G120/><T114/><D130/><U16/><E69/><V60/><F124/><W44/><G118/><T113/><D127/><U129/><E38/><V26/><F108/><W32/><G68/><T99/><D119/><U92/><E54/><V115/><F115/><W6/><G101/><T106/><D1/><U93/><E117/><V40/><F60/><W67/><G33/><T63/><D39/><U75/><E16/><V27/><F27/><W13/><G58/><T61/><REACH who="0" step="1"/><D81/><REACH who="0" ten="215,230,246,299" step="2"/><U91/><E122/><V104/><F104/><W96/><G6/><T125/><D125/><U74/><E105/><V111/><F111/><W88/><G10/><T116/><D116/><U36/><E36/><V132/><F132/><N who="1" m="50793" /><E100/><V55/><F11/><W121/><G121/><T126/><D126/><U0/><E0/><V62/><F9/><W37/><G37/><T102/><D102/><U41/><E129/><V76/><REACH who="2" step="1"/><F7/><REACH who="2" ten="215,230,236,299" step="2"/><W50/><G24/><T48/><D48/><U110/><E131/><V123/><F123/><W18/><G50/><T59/><D59/><AGARI ba="1,2" hai="19,22,26,40,43,45,46,47,55,59,62,73,76,82" machi="59" ten="40,3900,0" yaku="1,1,52,1,53,0" doraHai="77" doraHaiUra="90" who="2" fromWho="0" sc="215,-42,230,0,236,62,299,0" /><INIT seed="2,2,0,1,1,84" ten="173,230,298,299" oya="2" hai0="75,116,64,83,13,57,51,121,87,56,77,85,110" hai1="130,100,27,8,26,34,70,131,72,107,43,32,81" hai2="96,49,62,79,46,82,41,54,86,63,59,94,109" hai3="73,30,44,80,60,15,99,61,95,65,127,103,37"/><V98/><F109/><W39/><G127/><T125/><D121/><U12/><E43/><V67/><REACH who="2" step="1"/><F94/><REACH who="2" ten="173,230,288,299" step="2"/><W102/><G95/><T35/><D110/><U48/><E131/><V3/><F3/><W11/><G37/><T126/><D126/><U29/><E130/><V122/><F122/><W93/><G39/><T18/><D125/><U89/><E107/><V33/><F33/><W88/><G93/><T42/><D35/><U91/><E34/><V120/><F120/><W69/><G103/><T10/><D116/><U105/><E100/><V119/><F119/><W4/><G102/><T128/><D128/><U36/><E105/><V129/><F129/><W20/><G99/><T38/><D38/><U134/><E36/><V117/><F117/><W9/><G80/><T111/><D111/><U22/><E81/><V6/><F6/><W55/><G4/><T17/><D17/><U78/><E32/><V106/><F106/><W50/><G30/><T133/><D133/><U97/><E134/><V25/><F25/><W40/><G15/><T2/><D2/><U132/><E27/><V123/><F123/><W68/><G9/><T14/><D14/><U113/><E12/><V23/><F23/><W7/><G11/><T1/><D1/><U28/><E22/><V31/><F31/><W108/><G20/><T5/><D5/><U112/><E29/><V45/><F45/><W104/><G44/><N who="0" m="26007" /><D56/><AGARI ba="2,1" hai="41,46,49,54,56,59,62,63,67,79,82,86,96,98" machi="56" ten="30,5800,0" yaku="1,1,7,1,8,1,53,0" doraHai="84" doraHaiUra="71" who="2" fromWho="0" sc="173,-64,230,0,288,74,299,0" /><INIT seed="2,3,0,4,5,45" ten="109,230,362,299" oya="2" hai0="128,58,51,119,93,123,52,48,29,116,18,23,26" hai1="36,14,8,41,97,68,94,102,111,5,127,0,131" hai2="74,86,106,130,24,42,57,60,35,59,30,17,88" hai3="25,54,55,121,81,87,98,80,31,72,39,95,78"/><V44/><F74/><W117/><G117/><T38/><D123/><U91/><E68/><V12/><F130/><W15/><G39/><T82/><D38/><U114/><E114/><V115/><F115/><W53/><G121/><T3/><D128/><U67/><E131/><V85/><F106/><W84/><G15/><T43/><D3/><U34/><E34/><V9/><F60/><W63/><G63/><T90/><D82/><U83/><E67/><V99/><F99/><W122/><G122/><T10/><D10/><U32/><E32/><V16/><F17/><W37/><G37/><T76/><D76/><U112/><E111/><V21/><F35/><W125/><G125/><T65/><D65/><U124/><E0/><V73/><F73/><W92/><G98/><T135/><D135/><U27/><E27/><V50/><REACH who="2" step="1"/><F85/><REACH who="2" ten="109,230,352,299" step="2"/><W75/><G72/><T13/><D116/><U118/><E118/><V1/><F1/><W100/><G75/><T69/><D119/><U110/><E112/><V104/><F104/><W107/><G107/><T11/><D69/><U64/><E124/><V108/><F108/><W113/><G113/><T126/><D126/><U79/><E127/><V134/><F134/><W7/><G7/><T56/><D93/><AGARI ba="3,1" hai="9,12,16,21,24,30,42,44,50,57,59,86,88,93" machi="93" ten="30,18000,2" yaku="1,1,7,1,8,1,52,1,54,2,53,1" doraHai="45" doraHaiUra="6" who="2" fromWho="0" sc="109,-189,230,0,352,199,299,0" owari="-80,-58.0,230,-17.0,551,65.1,299,9.9" /></mjloggm>