<mjloggm ver="2.3"><GO type="225" lobby="0"/><UN n0="%E7%99%BD%E6%97%A5%E9%9B%AA%E8%8F%9C" n1="%28%EF%BF%A3%E2%96%BD%EF%BF%A3%29%CE%B4%E2%8C%92%E3%83%BB" n2="%E3%81%BF%E3%81%BF%E3%81%9A" n3="%E3%82%BF%E3%83%BC%E3%83%90%E3%83%B3%E9%87%8E%E5%8F%A3" dan="16,16,16,16" rate="2182.01,2114.86,2140.77,2122.19" sx="M,M,M,M"/><TAIKYOKU oya="0"/><INIT seed="0,0,0,2,4,27" ten="250,250,250,250" oya="0" hai0="72,75,76,23,5,28,106,77,127,130,39,48,91" hai1="57,129,29,21,43,51,112,105,125,0,99,115,52" hai2="17,80,25,88,87,19,16,107,53,135,81,61,4" hai3="110,132,121,7,3,116,134,14,114,103,113,128,67"/><T86/><D106/><U44/><E0/><V95/><F135/><W50/><G103/><T133/><D39/><U6/><E6/><V118/><F118/><W66/><G50/><T18/><D133/><N who="3" m="51305" /><G67/><T9/><D127/><U83/><E83/><V20/><F107/><W74/><G66/><T73/><D130/><U10/><E10/><V42/><F42/><W41/><G41/><T131/><D131/><U65/><E65/><V111/><F111/><W100/><G100/><T59/><D59/><U46/><E125/><V38/><F4/><W71/><G74/><T31/><D48/><U122/><E122/><V63/><F38/><W109/><G71/><T117/><D117/><U69/><E69/><V78/><F81/><W11/><G128/><T36/><D36/><U104/><E129/><V37/><F37/><W8/><G116/><T55/><D55/><U126/><E126/><V90/><F90/><W120/><G120/><T89/><D89/><U2/><E2/><V79/><F79/><W102/><G102/><T60/><D60/><N who="1" m="35879" /><E99/><N who="2" m="57831" /><F53/><W94/><G94/><N who="0" m="54647" /><D77/><U84/><E84/><V119/><F119/><W45/><G121/><T32/><D76/><U40/><E46/><V35/><F35/><W12/><G45/><T98/><D32/><U34/><E34/><V124/><F124/><W101/><G101/><T82/><D82/><U123/><E43/><V30/><AGARI ba="0,0" hai="16,17,19,20,25,30,61,63,78,80,87" m="57831" machi="30" ten="30,7900,0" yaku="8,1,52,1,54,2" doraHai="27" who="2" fromWho="2" sc="250,-39,250,-20,250,79,250,-20" /><INIT seed="1,0,0,0,5,116" ten="211,230,329,230" oya="1" hai0="109,60,14,52,97,11,82,51,0,4,40,26,103" hai1="134,118,102,110,32,96,19,89,95,113,86,68,122" hai2="133,44,132,42,75,74,49,54,99,111,123,69,63" hai3="117,93,53,107,58,6,33,39,36,131,21,71,79"/><U66/><E118/><V76/><F123/><W119/><G107/><T114/><D109/><U67/><E113/><V31/><F111/><W65/><G33/><T10/><D114/><U129/><E32/><V46/><F31/><W55/><G79/><T78/><D26/><U70/><E110/><V57/><F99/><W50/><G6/><T18/><D60/><U5/><E5/><V105/><F105/><W94/><G21/><T48/><D40/><U28/><E28/><V27/><F27/><W92/><G131/><T126/><D126/><U7/><E7/><V25/><F25/><W23/><G23/><T47/><D51/><U130/><E19/><V80/><F75/><W81/><G81/><T64/><D64/><N who="1" m="24619" /><E134/><N who="2" m="51819" /><F46/><W56/><G117/><T29/><D29/><U106/><E122/><V112/><F112/><W121/><G121/><T9/><D9/><U16/><E16/><V108/><F108/><W83/><G119/><T2/><D2/><U17/><E17/><V91/><F91/><W101/><G101/><T22/><D22/><U87/><E87/><V127/><F127/><W1/><G1/><T90/><D90/><U8/><E8/><V38/><F69/><W125/><G125/><T45/><D78/><U77/><E77/><V34/><F34/><W61/><REACH who="3" step="1"/><G83/><REACH who="3" ten="211,230,329,220" step="2"/><T98/><D82/><N who="1" m="49367" /><E106/><V62/><AGARI ba="0,1" hai="38,42,44,49,54,57,62,63,74,76,80" m="51819" machi="62" ten="30,1100,0" yaku="20,1" doraHai="116" who="2" fromWho="2" sc="211,-3,230,-5,329,21,220,-3" /><INIT seed="2,0,0,4,2,10" ten="208,225,350,217" oya="2" hai0="9,54,104,113,4,23,39,117,34,105,37,11,31" hai1="63,38,112,114,84,123,132,32,70,2,42,91,107" hai2="129,47,29,98,24,64,19,68,43,121,118,90,58" hai3="18,99,116,59,66,35,80,48,76,0,26,106,20"/><V14/><F118/><W127/><G116/><T7/><D117/><U75/><RYUUKYOKU type="yao9" ba="0,0" sc="208,0,225,0,350,0,217,0" hai1="2,32,38,42,63,70,75,84,91,107,112,114,123,132" /><INIT seed="2,1,0,2,2,22" ten="208,225,350,217" oya="2" hai0="5,96,38,117,131,3,19,24,129,20,50,130,64" hai1="36,63,75,51,40,97,124,98,39,105,10,84,74" hai2="118,0,111,107,32,56,77,29,17,21,71,87,95" hai3="16,27,35,93,92,91,127,34,133,99,82,66,53"/><V69/><F118/><W61/><G133/><T123/><D123/><U9/><E51/><V68/><F107/><W11/><G127/><T28/><D38/><U114/><E105/><V73/><F0/><W120/><G120/><T6/><D117/><U85/><E40/><V65/><F73/><W49/><G82/><T52/><D64/><U42/><E42/><V121/><F121/><W67/><G67/><T8/><D96/><U115/><REACH who="1" step="1"/><E63/><REACH who="1" ten="208,215,350,217" step="2"/><V100/><F111/><W14/><G61/><T47/><REACH who="0" step="1"/><D6/><REACH who="0" ten="198,215,350,217" step="2"/><U70/><E70/><V12/><F69/><W45/><G66/><T109/><D109/><U13/><E13/><V1/><F71/><W2/><G2/><T108/><D108/><U116/><E116/><V58/><F68/><W102/><REACH who="3" step="1"/><G27/><REACH who="3" ten="198,215,350,207" step="2"/><T88/><D88/><U25/><E25/><N who="2" m="16559" /><F1/><W55/><G55/><T103/><D103/><U90/><E90/><V59/><F65/><W23/><G23/><T128/><N who="0" m="32768" /><DORA hai="62" /><T89/><D89/><U113/><E113/><V94/><F100/><W37/><G37/><T86/><D86/><AGARI ba="1,3" hai="11,14,16,34,35,45,49,53,86,91,92,93,99,102" machi="86" ten="30,3900,0" yaku="1,1,7,1,54,1,53,0" doraHai="22,62" doraHaiUra="126,33" who="3" fromWho="0" sc="198,-42,215,0,350,0,207,72" /><INIT seed="3,0,0,5,0,18" ten="156,215,350,279" oya="3" hai0="63,49,93,12,98,103,92,54,128,72,119,78,23" hai1="26,21,25,109,108,101,39,125,87,38,90,104,8" hai2="11,43,75,33,41,127,115,57,97,59,94,79,83" hai3="24,58,111,0,133,81,88,31,46,100,107,96,82"/><W44/><G0/><T102/><D119/><U37/><E125/><V27/><F115/><W71/><G71/><T69/><D128/><U116/><E116/><V74/><F74/><W35/><G133/><T4/><D72/><U67/><E67/><V129/><F11/><W5/><G5/><T34/><D34/><U120/><E120/><V55/><F57/><W16/><G111/><N who="1" m="42570" /><E8/><V56/><F59/><W50/><G58/><T112/><D78/><U134/><E134/><V29/><F129/><W48/><G48/><T80/><D112/><U66/><E66/><V32/><F32/><W51/><G51/><T85/><D69/><U99/><E21/><V22/><F33/><W7/><G7/><T114/><D114/><U62/><E62/><V126/><F127/><W135/><G135/><T123/><D123/><U106/><E106/><V113/><F126/><W124/><G124/><T40/><D63/><U76/><E76/><V121/><F121/><W2/><G2/><T77/><D40/><U1/><E1/><V131/><F113/><W110/><G110/><T15/><D4/><U52/><E52/><V73/><F75/><W60/><G60/><T130/><D130/><U28/><E28/><V47/><F47/><N who="3" m="17963" /><G50/><T70/><D70/><U45/><E45/><V65/><F65/><W6/><G6/><T118/><D118/><U117/><E117/><V91/><F131/><W30/><G30/><T86/><D23/><U17/><E39/><V84/><REACH who="2" step="1"/><F73/><REACH who="2" ten="156,215,340,279" step="2"/><W64/><G64/><T95/><D86/><U14/><E38/><V20/><F20/><N who="3" m="13319" /><G88/><T9/><D77/><RYUUKYOKU ba="0,1" sc="156,-15,215,-15,340,15,279,15" hai2="22,27,29,41,43,55,56,79,83,84,91,94,97" hai3="31,35,81,82,96,100,107" /><INIT seed="3,1,1,1,4,80" ten="141,200,355,294" oya="3" hai0="119,106,116,110,1,41,74,86,85,88,87,129,19" hai1="65,131,100,108,50,52,66,124,5,51,96,75,90" hai2="3,69,63,53,77,8,99,23,89,33,71,17,28" hai3="58,103,26,30,40,32,109,13,57,126,101,37,105"/><W134/><G126/><T46/><D1/><U79/><E124/><V12/><F77/><W54/><G134/><T11/><D74/><U0/><E131/><V42/><F42/><W4/><G105/><T34/><D106/><U128/><E128/><V91/><F53/><W125/><G125/><T118/><D129/><U29/><E108/><V81/><F99/><W120/><G120/><T94/><D34/><U130/><E130/><V24/><F81/><W135/><G135/><T127/><D127/><U83/><E29/><V2/><F2/><W95/><G109/><T82/><D110/><U56/><E90/><N who="2" m="34315" /><F63/><W92/><G37/><T115/><D115/><U43/><E5/><AGARI ba="1,1" hai="3,5,8,12,17,23,24,28,33,69,71" m="34315" machi="5" ten="30,1000,0" yaku="24,1" doraHai="80" who="2" fromWho="1" sc="141,0,200,-13,355,23,294,0" owari="141,-35.9,187,-21.3,378,47.8,294,9.4" /></mjloggm>