<mjloggm ver="2.3"><GO type="225" lobby="0"/><UN n0="%E5%86%B7%E5%87%8D%E3%82%AE%E3%83%A7%E3%83%BC%E3%82%B6" n1="%E7%B4%94%E6%BD%94%E3%83%94%E3%83%A9%E3%83%8B%E3%82%A2" n2="%E5%8F%AF%E5%85%90%E9%82%A3%E7%94%B1%E5%A4%9A" n3="%43%68%65" dan="16,18,16,16" rate="2111.31,2224.07,2161.30,2153.87" sx="M,M,F,M"/><TAIKYOKU oya="0"/><INIT seed="0,0,0,1,0,135" ten="250,250,250,250" oya="0" hai0="56,8,19,41,34,100,2,24,110,53,82,107,119" hai1="111,91,88,115,96,133,60,128,59,121,98,104,68" hai2="57,89,130,124,131,129,26,106,126,25,72,12,28" hai3="58,20,47,37,69,83,3,10,81,105,48,16,27"/><T54/><D119/><U84/><E133/><V90/><F72/><W116/><G116/><T46/><D110/><U35/><E35/><V122/><F122/><W92/><G105/><T49/><D82/><U63/><E121/><V61/><F106/><W64/><G69/><T79/><D79/><U4/><E111/><V108/><F108/><W15/><G3/><T85/><D85/><U51/><E115/><V71/><F71/><W1/><G1/><T73/><D73/><U31/><E31/><V120/><F12/><W17/><G37/><T9/><D2/><U50/><E4/><V80/><F120/><W0/><G92/><T55/><D56/><U45/><E104/><V75/><F75/><W86/><G0/><T67/><D67/><U76/><E128/><V123/><F123/><W42/><REACH who="3" step="1"/><G86/><REACH who="3" ten="250,250,250,240" step="2"/><T132/><D132/><U112/><E84/><N who="2" m="50311" /><F90/><W22/><G22/><T65/><D107/><U5/><E91/><V29/><F29/><W127/><G127/><N who="2" m="48681" /><F28/><W93/><G93/><T39/><D100/><U118/><E88/><V70/><F70/><W62/><AGARI ba="0,1" hai="10,15,16,17,20,27,42,47,48,58,62,64,81,83" machi="62" ten="30,7900,0" yaku="1,1,0,1,8,1,54,1,53,0" doraHai="135" doraHaiUra="97" who="3" fromWho="3" sc="250,-39,250,-20,250,-20,240,89" /><INIT seed="1,0,0,4,4,131" ten="211,230,230,329" oya="1" hai0="123,45,90,102,120,33,40,38,39,4,31,98,65" hai1="92,97,133,60,59,19,43,26,132,51,5,116,49" hai2="96,47,110,55,87,91,101,11,13,18,63,27,68" hai3="85,104,79,115,32,119,89,34,134,21,3,105,107"/><U109/><E5/><V66/><F110/><W82/><G115/><T41/><D4/><U95/><E116/><V111/><F111/><W62/><G3/><T112/><D112/><U2/><E2/><V16/><F55/><W127/><G119/><T128/><D128/><U6/><E6/><V8/><F47/><W121/><G121/><N who="0" m="46667" /><D90/><U0/><E0/><V61/><F61/><W77/><G127/><T42/><D65/><U76/><E76/><V106/><F27/><W64/><G21/><T24/><D45/><U17/><E109/><V88/><F87/><W124/><G124/><T103/><D103/><U80/><E80/><V35/><F35/><W57/><G79/><T9/><D9/><U94/><E97/><V56/><F68/><W70/><G70/><T12/><D12/><AGARI ba="0,0" hai="8,11,12,13,16,18,56,63,66,88,91,96,101,106" machi="12" ten="40,5200,0" yaku="9,1,54,2" doraHai="131" who="2" fromWho="0" sc="211,-52,230,0,230,52,329,0" /><INIT seed="2,0,0,5,1,93" ten="159,230,282,329" oya="2" hai0="39,112,130,94,114,118,31,117,62,13,131,8,21" hai1="74,105,107,9,104,100,12,85,48,54,67,80,5" hai2="89,1,11,15,111,63,47,72,88,37,115,122,124" hai3="103,2,68,3,35,119,24,44,84,46,32,91,120"/><V0/><F115/><N who="0" m="44074" /><D94/><U123/><E123/><V83/><F122/><W43/><G119/><N who="0" m="45579" /><D62/><U52/><E74/><V41/><F124/><W135/><G135/><T99/><D99/><U56/><E67/><V18/><F111/><W69/><G24/><N who="0" m="16783" /><D39/><U98/><REACH who="1" step="1"/><E54/><REACH who="1" ten="159,220,282,329" step="2"/><V101/><F63/><W42/><G120/><T129/><D129/><U134/><E134/><V128/><F128/><W60/><G69/><T26/><D26/><U110/><E110/><V49/><F37/><W102/><G68/><T28/><D28/><U23/><E23/><V20/><F20/><W75/><G75/><T76/><D76/><AGARI ba="0,1" hai="5,9,12,48,52,56,76,80,85,98,100,104,105,107" machi="76" ten="30,7700,0" yaku="1,1,7,1,52,1,54,1,53,0" doraHai="93" doraHaiUra="40" who="1" fromWho="0" sc="159,-77,220,87,282,0,329,0" /><INIT seed="3,0,0,1,3,98" ten="82,307,282,329" oya="3" hai0="39,10,51,53,130,131,27,38,115,114,24,60,30" hai1="19,43,63,87,45,97,36,108,126,13,57,84,31" hai2="0,133,102,92,74,101,44,15,128,86,89,96,7" hai3="17,78,105,109,121,16,93,120,99,49,28,34,46"/><W32/><G105/><T132/><D30/><U8/><E108/><V103/><F0/><W6/><G109/><T35/><D10/><U127/><E31/><V116/><F116/><W11/><G78/><T123/><D35/><U125/><REACH who="1" step="1"/><E97/><REACH who="1" ten="82,297,282,329" step="2"/><V1/><F1/><W117/><G28/><T100/><D123/><U48/><E48/><V5/><F74/><W113/><G121/><T118/><D51/><U82/><E82/><N who="2" m="49367" /><F133/><W129/><G120/><T77/><D118/><U26/><E26/><V95/><F128/><W40/><G129/><T33/><D132/><U20/><E20/><V41/><F15/><W25/><G117/><T134/><D134/><U37/><E37/><V83/><F83/><W21/><G34/><T12/><D33/><U56/><E56/><V90/><F95/><W68/><G32/><T65/><D12/><U4/><E4/><V55/><F41/><W18/><G68/><T110/><D110/><U42/><E42/><V75/><F75/><W9/><G6/><T58/><D131/><U106/><E106/><V104/><F104/><W69/><G69/><T70/><D130/><U3/><E3/><V54/><F54/><AGARI ba="0,1" hai="8,13,19,36,43,45,54,57,63,84,87,125,126,127" machi="54" ten="40,2600,0" yaku="1,1,18,1,53,0" doraHai="98" doraHaiUra="88" who="1" fromWho="2" sc="82,0,297,36,282,-26,329,0" owari="82,-41.8,333,43.3,256,-14.4,329,12.9" /></mjloggm>