<mjloggm ver="2.3"><GO type="225" lobby="0"/><UN n0="%6D%75%75%6D%75%72%61" n1="%E3%82%82%E3%81%90%E3%82%89" n2="%E3%81%86%E3%82%8C%E3%81%9F%E3%82%93%E6%9E%95" n3="%E3%81%9F%E3%81%8C%E3%82%84%E3%81%99" dan="16,17,16,17" rate="2184.08,2225.74,2099.92,2184.02" sx="F,M,F,M"/><TAIKYOKU oya="0"/><INIT seed="0,0,0,3,1,56" ten="250,250,250,250" oya="0" hai0="86,3,76,49,83,19,116,1,94,67,35,63,129" hai1="20,105,107,74,11,27,13,135,59,54,100,121,51" hai2="81,98,101,68,72,91,22,32,47,12,9,82,130" hai3="122,111,126,0,93,6,125,108,10,44,61,2,55"/><T69/><D116/><U118/><E121/><V85/><F32/><W92/><G0/><T46/><D129/><U43/><E118/><V41/><F130/><W88/><G122/><T87/><D35/><U97/><E74/><V29/><F68/><W79/><G79/><T28/><D28/><U132/><E43/><V133/><F133/><W119/><G119/><T25/><D25/><U31/><REACH who="1" step="1"/><E107/><REACH who="1" ten="250,240,250,250" step="2"/><V8/><F72/><W114/><G114/><T58/><D69/><U34/><E34/><V64/><F41/><W42/><G42/><T48/><D1/><U62/><E62/><V45/><F82/><W103/><G61/><T120/><D3/><U117/><E117/><V127/><F127/><W75/><G75/><T73/><D120/><U110/><E110/><V30/><F30/><W7/><G2/><T109/><D109/><U14/><E14/><V66/><F29/><W15/><G15/><T70/><D70/><U52/><E52/><V80/><F81/><W104/><G55/><N who="0" m="30103" /><D73/><U90/><E90/><V128/><F128/><W95/><G111/><T123/><D123/><U102/><E102/><V78/><F91/><W23/><G108/><T24/><D49/><U16/><AGARI ba="0,1" hai="11,13,16,20,27,31,51,54,59,97,100,105,132,135" machi="16" ten="30,4000,0" yaku="1,1,0,1,54,1,53,0" doraHai="56" doraHaiUra="71" who="1" fromWho="1" sc="250,-20,240,50,250,-10,250,-10" /><INIT seed="1,0,0,2,2,87" ten="230,290,240,240" oya="1" hai0="88,40,63,124,4,96,75,109,92,12,80,115,60" hai1="2,113,46,42,122,102,49,16,27,127,81,83,67" hai2="130,1,79,111,129,125,85,48,51,18,73,91,100" hai3="103,68,72,117,76,56,43,58,44,41,69,135,35"/><U52/><E122/><V98/><F1/><W105/><G35/><T53/><D115/><U20/><E113/><V15/><F111/><W131/><G76/><T47/><D109/><U36/><E2/><V116/><F79/><W134/><G72/><T108/><D108/><U39/><E127/><V3/><F3/><W123/><G103/><T104/><D124/><U31/><E39/><V33/><F33/><W114/><G105/><T74/><D104/><U8/><E67/><V101/><F73/><W26/><G26/><T9/><D80/><U77/><E102/><N who="2" m="39531" /><F98/><W95/><G95/><T50/><REACH who="0" step="1"/><D63/><REACH who="0" ten="220,290,240,240" step="2"/><U6/><E83/><N who="2" m="49599" /><F125/><W70/><G114/><T97/><D97/><U128/><E81/><V110/><F110/><W37/><G123/><T23/><D23/><U89/><E20/><N who="2" m="11359" /><F116/><W28/><G117/><T7/><D7/><U34/><E6/><V106/><F106/><W24/><G134/><T118/><D118/><U94/><E34/><V38/><F38/><W84/><G135/><T59/><AGARI ba="0,1" hai="4,9,12,40,47,50,53,59,60,74,75,88,92,96" machi="59" ten="30,7900,0" yaku="1,1,0,1,52,1,54,1,53,0" doraHai="87" doraHaiUra="62" who="0" fromWho="0" sc="220,89,290,-39,240,-20,240,-20" /><INIT seed="2,0,0,3,2,24" ten="309,251,220,220" oya="2" hai0="3,134,12,86,127,23,135,78,123,61,87,38,90" hai1="42,14,26,60,64,52,80,112,131,125,10,11,34" hai2="66,93,124,71,62,59,39,94,33,25,105,81,46" hai3="22,40,53,55,67,70,121,6,103,82,32,106,50"/><V15/><F105/><W18/><G32/><T63/><D123/><U19/><E112/><V83/><F124/><W72/><G121/><T29/><D127/><U85/><E125/><V9/><F71/><W31/><G6/><T28/><D3/><U76/><E131/><V74/><F39/><W104/><G40/><T57/><D38/><U27/><E42/><V119/><F46/><W54/><G50/><T97/><D97/><U45/><E34/><V20/><F33/><W21/><G103/><T68/><D68/><U36/><E10/><V75/><F75/><W98/><G98/><T69/><D69/><U102/><E102/><V5/><F119/><W44/><G44/><T100/><D100/><U8/><E8/><V73/><F73/><W133/><G133/><N who="0" m="50699" /><D78/><U129/><E129/><V114/><F114/><W92/><G92/><N who="2" m="35433" /><F74/><W41/><G41/><T84/><D90/><N who="1" m="51495" /><E36/><V116/><F116/><W79/><G67/><N who="0" m="39343" /><D63/><U89/><E89/><V49/><F49/><W91/><G91/><T115/><D115/><U58/><E76/><V4/><F4/><W65/><G65/><T101/><D101/><U111/><E111/><V35/><F35/><W120/><G70/><T107/><D107/><U47/><E64/><V88/><F88/><W77/><G77/><T110/><D110/><U56/><E56/><V108/><F108/><W117/><G120/><T7/><D7/><U1/><E1/><V113/><F113/><W16/><G117/><T109/><D109/><U0/><E0/><V13/><F13/><W122/><G122/><T17/><AGARI ba="0,0" hai="12,17,23,28,29,84,86,87" m="39343,50699" machi="17" ten="40,5200,0" yaku="20,1,52,2" doraHai="24" who="0" fromWho="0" sc="309,52,251,-13,220,-26,220,-13" /><INIT seed="3,0,0,4,0,70" ten="361,238,194,207" oya="3" hai0="100,54,58,56,34,4,105,96,49,117,63,6,74" hai1="20,77,59,35,124,135,134,32,128,112,87,40,123" hai2="15,41,71,118,43,51,44,86,109,113,102,0,133" hai3="107,46,37,120,84,31,110,57,33,126,18,27,72"/><W93/><G107/><T3/><D117/><U19/><E123/><V64/><F118/><W53/><G72/><T22/><D34/><U62/><E112/><V130/><F0/><W23/><G120/><T29/><D74/><U119/><E40/><V98/><F113/><W81/><G93/><N who="0" m="58383" /><D3/><U28/><E28/><V66/><F130/><W42/><G126/><T1/><D1/><U67/><E128/><V132/><F109/><W97/><G97/><T111/><D105/><U45/><E45/><V115/><F115/><W131/><G131/><T52/><D111/><U69/><E69/><V75/><F75/><W127/><G127/><T25/><AGARI ba="0,0" hai="4,6,22,25,29,49,52,54,56,58,63" m="58383" machi="25" ten="30,2000,0" yaku="8,1,54,1" doraHai="70" who="0" fromWho="0" sc="361,20,238,-5,194,-5,207,-10" owari="381,48.1,233,3.3,189,-31.1,197,-20.3" /></mjloggm>