<mjloggm ver="2.3"><GO type="225" lobby="0"/><UN n0="%67%61%79%75%6E%79" n1="%E3%82%BC%E3%83%AB%E3%83%80%E3%81%AE%E4%BC%9D%E8%AA%AC" n2="%E9%89%A2%E5%B7%BB%E3%82%AC%E3%83%96" n3="%E6%97%A5%E6%9B%9C%E6%97%A5%E3%82%88%E3%82%8A%E3%81%AE%E4%BD%BF%E8%80%85" dan="16,16,16,18" rate="2149.42,2150.51,2131.30,2183.74" sx="M,M,M,M"/><TAIKYOKU oya="0"/><INIT seed="0,0,0,1,0,82" ten="250,250,250,250" oya="0" hai0="75,65,107,85,6,95,53,21,1,84,113,25,43" hai1="3,90,92,20,5,0,116,135,106,22,76,105,68" hai2="32,109,134,66,127,78,37,112,115,59,70,126,56" hai3="26,50,28,61,54,120,36,9,34,38,93,89,51"/><T110/><D75/><U99/><E116/><V29/><F78/><W101/><G120/><T69/><D107/><U108/><E68/><V31/><F32/><W8/><G101/><T48/><D113/><N who="2" m="43594" /><F29/><W86/><G61/><T35/><D35/><U80/><E108/><V15/><F15/><W33/><G33/><T24/><D43/><U49/><E135/><V71/><F31/><W7/><G9/><T60/><D110/><U121/><E121/><V81/><F81/><W47/><REACH who="3" step="1"/><G51/><REACH who="3" ten="250,250,250,240" step="2"/><T58/><D1/><AGARI ba="0,1" hai="1,7,8,26,28,34,36,38,47,50,54,86,89,93" machi="1" ten="30,7700,0" yaku="1,1,2,1,7,1,52,1,53,0" doraHai="82" doraHaiUra="125" who="3" fromWho="0" sc="250,-77,250,0,250,0,240,87" /><INIT seed="1,0,0,4,1,131" ten="173,250,250,327" oya="1" hai0="95,48,62,13,86,25,120,10,105,93,53,59,115" hai1="127,37,0,117,126,124,28,72,133,2,87,83,70" hai2="65,19,63,101,58,49,40,32,67,68,106,100,30" hai3="104,26,112,76,107,21,4,102,24,61,31,46,42"/><U33/><E117/><V51/><F32/><W82/><G112/><T11/><D105/><U27/><E133/><V66/><F30/><W73/><G102/><T121/><D115/><U69/><E37/><V18/><F68/><N who="1" m="26217" /><E72/><V20/><F18/><W47/><G61/><T1/><D1/><U98/><E98/><V8/><F8/><W97/><G97/><T3/><D3/><U80/><E80/><V6/><F6/><W99/><G99/><T132/><D25/><U29/><E29/><V135/><F106/><W34/><G4/><T111/><D111/><U130/><E130/><V5/><F5/><W122/><G122/><T43/><D10/><U89/><AGARI ba="0,0" hai="0,2,27,28,33,83,87,89,124,126,127" m="26217" machi="89" ten="40,2100,0" yaku="18,1" doraHai="131" who="1" fromWho="1" sc="173,-7,250,21,250,-7,327,-7" /><INIT seed="1,1,0,0,1,92" ten="166,271,243,320" oya="1" hai0="6,19,61,132,56,45,30,2,62,84,88,13,35" hai1="81,80,21,1,46,41,131,26,47,52,65,14,118" hai2="76,89,107,20,25,38,94,122,124,77,97,55,68" hai3="51,73,82,135,91,43,99,3,70,108,31,121,22"/><U102/><E1/><V87/><F122/><W64/><G121/><T126/><D132/><U120/><E120/><V119/><F119/><W39/><G3/><T24/><D126/><U29/><E118/><V48/><F38/><W18/><G39/><T75/><D75/><U79/><E131/><V50/><F68/><W17/><G70/><T11/><D45/><U127/><E127/><V100/><F50/><W16/><G64/><T86/><D86/><U83/><E65/><V7/><F7/><W28/><G135/><T106/><D106/><U44/><E102/><V33/><F33/><W12/><G108/><T69/><D69/><U103/><E103/><V40/><F40/><W113/><G113/><T133/><D133/><U0/><E0/><V32/><F32/><W129/><G129/><T98/><D98/><U15/><E41/><V111/><F111/><W58/><G73/><T112/><D112/><U63/><REACH who="1" step="1"/><E79/><REACH who="1" ten="166,261,243,320" step="2"/><V105/><F124/><W8/><G43/><T110/><D110/><U101/><E101/><V23/><F107/><W134/><G134/><T10/><REACH who="0" step="1"/><D56/><AGARI ba="1,1" hai="14,15,21,26,29,44,46,47,52,56,63,80,81,83" machi="56" ten="40,12000,1" yaku="1,1,8,1,54,1,53,1" doraHai="92" doraHaiUra="54" who="1" fromWho="0" sc="166,-123,261,133,243,0,320,0" /><INIT seed="1,2,0,1,3,115" ten="43,394,243,320" oya="1" hai0="78,87,45,58,89,18,134,56,22,15,63,36,102" hai1="4,12,122,88,76,29,86,82,37,57,72,83,61" hai2="79,47,99,71,105,24,75,14,9,54,44,46,64" hai3="80,59,39,3,95,53,16,1,55,123,69,81,5"/><U19/><E122/><V62/><F75/><W11/><G69/><T108/><D108/><U130/><E130/><V67/><F79/><W32/><G123/><T48/><D134/><U109/><E109/><V38/><F64/><W10/><G32/><T40/><D78/><U6/><E29/><V85/><F85/><W49/><G39/><T127/><D127/><U118/><E118/><V119/><F24/><W126/><G126/><T124/><D124/><U103/><E103/><V120/><F120/><W21/><G95/><T51/><D102/><U97/><E97/><V35/><F35/><W70/><G70/><T68/><D68/><U25/><E25/><V33/><F33/><W26/><REACH who="3" step="1"/><G55/><REACH who="3" ten="43,394,243,310" step="2"/><T93/><D58/><U104/><E37/><V98/><F38/><W27/><G27/><T73/><D73/><U114/><E114/><V42/><F54/><AGARI ba="2,1" hai="15,18,22,36,40,45,48,51,54,56,63,87,89,93" machi="54" ten="30,1000,0" yaku="7,1" doraHai="115" who="0" fromWho="2" sc="43,26,394,0,243,-16,310,0" /><INIT seed="2,0,0,4,0,25" ten="69,394,227,310" oya="2" hai0="93,11,109,128,86,126,42,50,27,8,105,14,43" hai1="98,94,48,61,113,49,118,51,46,83,65,92,82" hai2="130,106,123,133,1,2,45,15,70,29,67,4,100" hai3="117,115,111,41,74,26,110,95,35,5,22,131,79"/><V39/><F123/><W0/><G117/><T112/><D105/><U84/><E113/><V60/><F130/><W13/><G131/><T23/><D112/><U97/><E118/><V71/><F133/><W64/><G115/><T53/><D128/><U129/><E129/><V124/><F124/><W62/><G41/><T21/><D126/><U77/><E82/><V69/><F15/><W58/><G74/><T28/><D109/><N who="3" m="41481" /><G79/><T17/><D11/><U78/><E78/><V59/><F59/><W80/><G80/><T40/><D8/><U96/><REACH who="1" step="1"/><E46/><REACH who="1" ten="69,384,227,310" step="2"/><V33/><F45/><W101/><G0/><T125/><D125/><U88/><E88/><V68/><F39/><W18/><G35/><T12/><D12/><U16/><E16/><V120/><F120/><W87/><G101/><T66/><D66/><U114/><E114/><V30/><F4/><W52/><G5/><T10/><D10/><U72/><E72/><V91/><F91/><N who="3" m="53759" /><G13/><T9/><D9/><U20/><E20/><V107/><F107/><W132/><G132/><T73/><D73/><U32/><E32/><V127/><F127/><W75/><G75/><T116/><D116/><U7/><E7/><V24/><F29/><W63/><G64/><T108/><D108/><U81/><E81/><V135/><F135/><W55/><G55/><T134/><D134/><U44/><E44/><V56/><F56/><AGARI ba="0,1" hai="48,49,51,56,61,65,77,83,84,92,94,96,97,98" machi="56" ten="40,2600,0" yaku="1,1,8,1,53,0" doraHai="25" doraHaiUra="104" who="1" fromWho="2" sc="69,0,384,36,227,-26,310,0" /><INIT seed="3,0,0,4,2,111" ten="69,420,201,310" oya="3" hai0="54,73,126,89,47,0,36,29,123,80,27,1,46" hai1="8,112,50,86,63,132,96,134,106,119,45,22,39" hai2="99,79,135,41,24,30,120,3,93,90,51,34,28" hai3="48,66,101,11,21,42,59,49,56,58,84,4,88"/><W125/><G125/><T7/><D123/><U40/><E112/><V61/><F135/><N who="1" m="51753" /><E119/><V23/><F120/><W2/><G101/><T76/><D126/><U32/><E32/><V17/><F3/><W130/><G130/><T6/><D47/><U95/><E22/><V81/><F61/><W60/><G21/><T57/><D7/><U118/><E118/><V19/><F51/><W122/><G122/><T109/><D0/><U12/><E63/><V87/><F41/><W117/><G117/><T127/><D127/><U37/><E86/><V102/><F19/><W31/><G31/><N who="2" m="11817" /><F34/><W129/><G129/><T71/><D109/><U52/><E40/><V68/><F68/><W97/><G97/><T69/><D89/><AGARI ba="0,0" hai="17,23,24,79,81,87,89,90,93,99,102" m="11817" machi="89" ten="30,1000,0" yaku="8,1" doraHai="111" who="2" fromWho="0" sc="69,-10,420,0,201,10,310,0" owari="59,-44.1,420,52.0,211,-18.9,310,11.0" /></mjloggm>