<mjloggm ver="2.3"><GO type="225" lobby="0"/><UN n0="%33%74%72%65%65" n1="%47%32%E9%BE%8D%E9%96%80" n2="%E3%81%95%E3%81%8D%E3%81%9F%E3%81%BE%E6%9E%97%E6%AA%8E" n3="%E5%B8%86%E7%AB%8B%E5%A4%8F%E8%A1%A3" dan="17,16,16,17" rate="2229.73,2101.97,2153.92,2148.03" sx="F,M,M,M"/><TAIKYOKU oya="0"/><INIT seed="0,0,0,4,1,41" ten="250,250,250,250" oya="0" hai0="113,16,97,87,5,49,43,19,99,18,74,118,108" hai1="62,117,125,104,90,57,42,132,123,17,128,111,93" hai2="37,35,106,2,61,81,63,36,127,124,76,134,26" hai3="101,15,55,131,21,39,121,46,59,68,94,40,51"/><T65/><D113/><U77/><E117/><V66/><F2/><W38/><G131/><T119/><D74/><U107/><E123/><V56/><F134/><W72/><G121/><T116/><D108/><U64/><E128/><V83/><F106/><W50/><G72/><T33/><D33/><U20/><E132/><V52/><F35/><W98/><G68/><T54/><D65/><U23/><E125/><N who="2" m="48203" /><F26/><W32/><G32/><T28/><D28/><U89/><E77/><V11/><F11/><W27/><REACH who="3" step="1"/><G15/><REACH who="3" ten="250,250,250,240" step="2"/><T75/><D75/><U69/><E69/><N who="2" m="42191" /><F83/><W79/><G79/><T102/><D119/><U22/><E111/><V133/><F133/><W12/><G12/><T80/><D118/><U53/><E107/><V96/><F96/><W73/><G73/><AGARI ba="0,1" hai="36,37,52,56,63,73,76,81" m="42191,48203" machi="73" ten="30,2000,0" yaku="18,1,54,1" doraHai="41" who="2" fromWho="3" sc="250,0,250,0,250,30,240,-20" /><INIT seed="1,0,0,2,3,99" ten="250,250,280,220" oya="1" hai0="81,78,33,16,41,126,8,98,23,19,32,15,132" hai1="121,10,112,94,95,50,6,125,124,39,113,49,105" hai2="7,75,77,37,4,3,22,61,12,108,102,74,13" hai3="57,129,115,79,118,2,55,34,20,66,96,92,24"/><U122/><E39/><V89/><F108/><W70/><G129/><T47/><D132/><U120/><E105/><V128/><F37/><W18/><G115/><N who="1" m="44106" /><E10/><V91/><F3/><W135/><G135/><T64/><D64/><U90/><E6/><V14/><F128/><W114/><G114/><T119/><D98/><U58/><E58/><V35/><F35/><W40/><G118/><T26/><D119/><U9/><E9/><V56/><F77/><W83/><G2/><T62/><D62/><U52/><E90/><N who="2" m="34315" /><F74/><W101/><G34/><T117/><D117/><U11/><E11/><V88/><N who="2" m="34323" /><V109/><DORA hai="68" /><F109/><W17/><G70/><T63/><D63/><U97/><E97/><V60/><F75/><W48/><G66/><T5/><D5/><N who="2" m="2122" /><F61/><W0/><G0/><T134/><D134/><U103/><E122/><V69/><F69/><W29/><REACH who="3" step="1"/><G40/><REACH who="3" ten="250,250,280,210" step="2"/><T111/><D111/><U84/><E121/><V27/><F102/><W51/><G51/><T73/><REACH who="0" step="1"/><D126/><REACH who="0" ten="240,250,280,210" step="2"/><U86/><E124/><V1/><F1/><W93/><G93/><T110/><D110/><U106/><E125/><V54/><F14/><W116/><G116/><T45/><D45/><U130/><E120/><V21/><F12/><W65/><G65/><T30/><D30/><U131/><E130/><V104/><F13/><W85/><AGARI ba="0,2" hai="17,18,20,24,29,48,55,57,79,83,85,92,96,101" machi="85" ten="20,8000,1" yaku="1,1,0,1,7,1,8,1,52,1,53,0" doraHai="99,68" doraHaiUra="31,28" who="3" fromWho="3" sc="240,-20,250,-40,280,-20,210,100" /><INIT seed="2,0,0,2,4,77" ten="220,210,260,310" oya="2" hai0="125,57,74,104,98,41,19,108,17,129,36,44,115" hai1="6,112,24,23,135,52,80,28,91,21,32,113,103" hai2="7,4,117,120,48,110,102,0,69,35,90,134,58" hai3="116,71,47,133,27,88,30,95,85,122,51,78,55"/><V72/><F117/><W14/><G133/><T42/><D115/><U86/><E135/><V37/><F120/><W65/><G122/><T29/><D108/><U31/><E103/><V60/><F37/><W25/><G116/><T93/><D129/><U89/><E6/><V83/><F69/><W128/><G128/><T84/><D74/><U92/><E52/><N who="2" m="33863" /><F35/><W59/><G71/><T97/><D125/><U70/><E70/><V12/><F72/><W33/><G33/><T3/><D3/><U40/><E40/><V99/><F0/><W100/><G30/><T38/><D29/><U22/><REACH who="1" step="1"/><E31/><REACH who="1" ten="220,200,260,310" step="2"/><V26/><F134/><W106/><G100/><T107/><D41/><U10/><E10/><V87/><F110/><W62/><G106/><T76/><D104/><U81/><E81/><V8/><F7/><W118/><G118/><T119/><D119/><U56/><E56/><V68/><F68/><W121/><G121/><T94/><D57/><U131/><E131/><V64/><F102/><W1/><G1/><T75/><D107/><U5/><E5/><V13/><F8/><W105/><G105/><T123/><D123/><U50/><E50/><V79/><F48/><W73/><G51/><T15/><D38/><U46/><E46/><V20/><F4/><W39/><G47/><T53/><D36/><U111/><E111/><V130/><F130/><W67/><G39/><T18/><D42/><U82/><E82/><V126/><F126/><W61/><G55/><T66/><D53/><U132/><E132/><V127/><F127/><W9/><G59/><T34/><D44/><RYUUKYOKU ba="0,1" sc="220,-10,200,30,260,-10,310,-10" hai1="21,22,23,24,28,32,80,86,89,91,92,112,113" /><INIT seed="3,1,1,5,0,32" ten="210,230,250,300" oya="3" hai0="99,42,16,117,74,65,28,80,109,34,112,17,68" hai1="101,82,91,77,107,72,89,38,15,51,133,25,81" hai2="84,105,3,95,35,124,123,9,24,61,30,94,21" hai3="31,23,58,98,44,118,47,29,63,12,41,70,125"/><W67/><G118/><T90/><D117/><U4/><E38/><V52/><F105/><W83/><G125/><T22/><D109/><U0/><E0/><V33/><F124/><W97/><G70/><T54/><D112/><U5/><E133/><V120/><F35/><W103/><G83/><T75/><D42/><U14/><E25/><V39/><F39/><W11/><G23/><T18/><D34/><U119/><E119/><V55/><F33/><W71/><G71/><T131/><D131/><U27/><E27/><V122/><F84/><W85/><G85/><T2/><D2/><U45/><E101/><V53/><F61/><W10/><G10/><T50/><D28/><N who="3" m="10825" /><G103/><T106/><D22/><U19/><E107/><V56/><F56/><W135/><G135/><T126/><D126/><U130/><E130/><V69/><F69/><W64/><G67/><T87/><D65/><U8/><E82/><V86/><F86/><W20/><G20/><T127/><D68/><U102/><E102/><V115/><F115/><W60/><G60/><T96/><D127/><U116/><E116/><V43/><F43/><W26/><G26/><T129/><D129/><U134/><E134/><V57/><F57/><W49/><G47/><N who="0" m="27999" /><D106/><U88/><REACH who="1" step="1"/><E14/><REACH who="1" ten="210,220,250,300" step="2"/><V37/><F37/><W110/><G110/><T100/><D100/><U73/><E73/><V108/><F108/><W128/><G128/><T13/><D13/><U113/><E113/><V121/><F121/><W62/><G62/><T46/><D46/><U1/><E1/><V78/><F78/><W132/><G132/><T40/><D40/><AGARI ba="1,2" hai="4,5,8,15,19,40,45,51,72,77,81,88,89,91" machi="40" ten="40,5200,0" yaku="1,1,6,1,54,1,53,0" doraHai="32" doraHaiUra="111" who="1" fromWho="0" sc="210,-55,220,75,250,0,300,0" owari="155,-34.5,295,9.5,250,-15.0,300,40.0" /></mjloggm>