<mjloggm ver="2.3"><GO type="225" lobby="0"/><UN n0="%E5%84%AA%40%41%42%43" n1="%E3%81%99%E3%81%84%E3%81%BE%E3%81%9B%E3%83%BC%E3%82%93" n2="%E7%B4%94%E6%BD%94%E3%83%94%E3%83%A9%E3%83%8B%E3%82%A2" n3="%2D%E8%B1%8A%E5%8F%A3%E3%82%81%E3%81%90%E3%81%BF%2D" dan="18,16,18,17" rate="2245.15,2086.34,2297.70,2139.96" sx="M,M,M,M"/><TAIKYOKU oya="0"/><INIT seed="0,0,0,4,2,90" ten="250,250,250,250" oya="0" hai0="54,104,81,21,9,6,135,115,126,94,30,17,97" hai1="132,29,78,5,0,72,82,58,47,110,92,40,73" hai2="41,111,128,102,93,99,27,43,113,83,123,36,74" hai3="118,32,124,33,101,37,121,79,7,64,35,88,59"/><T69/><D115/><U26/><E132/><V89/><F113/><W2/><G118/><T12/><D126/><U112/><E110/><V108/><F123/><W20/><G37/><T28/><D135/><U125/><E125/><V107/><F128/><W80/><G124/><T129/><D129/><U13/><E112/><V133/><F133/><W122/><G101/><T49/><D104/><U98/><E73/><V3/><F3/><W100/><G100/><T130/><D81/><U114/><E114/><V65/><F65/><W19/><G7/><T61/><D61/><U10/><E58/><V68/><F68/><W86/><G2/><T71/><D69/><U95/><E13/><V76/><F27/><W1/><G1/><T34/><D34/><N who="1" m="20791" /><E98/><V4/><F4/><W52/><G79/><T66/><D66/><U60/><E60/><V11/><F11/><W22/><G64/><T109/><D71/><U39/><AGARI ba="0,0" hai="0,5,10,39,40,47,72,78,82,92,95" m="20791" machi="39" ten="30,4000,0" yaku="25,1,52,2" doraHai="90" who="1" fromWho="1" sc="250,-20,250,40,250,-10,250,-10" /><INIT seed="1,0,0,3,5,64" ten="230,290,240,240" oya="1" hai0="74,108,80,10,33,27,5,1,114,65,126,9,28" hai1="37,86,103,16,129,83,22,44,39,127,41,67,48" hai2="121,124,73,52,91,72,34,104,68,55,6,122,38" hai3="106,40,47,59,13,24,116,119,92,135,110,123,50"/><U87/><E127/><V88/><F38/><W26/><G106/><T11/><D114/><U76/><E129/><V79/><F104/><W53/><G123/><T14/><D65/><U57/><E103/><V90/><F34/><W66/><G110/><T75/><D74/><N who="2" m="28778" /><F6/><W36/><G92/><T85/><D75/><U19/><E87/><V29/><F29/><W45/><G13/><T109/><D126/><U134/><E134/><V115/><F79/><W132/><G26/><T42/><D42/><U4/><E4/><V21/><F21/><W46/><G24/><T78/><REACH who="0" step="1"/><D1/><REACH who="0" ten="220,290,240,240" step="2"/><U100/><E41/><V0/><F124/><W3/><G3/><T49/><D49/><U71/><E48/><V128/><F0/><W98/><G66/><T2/><D2/><U32/><E67/><V131/><F115/><W25/><G40/><T60/><D60/><U7/><E39/><V51/><F51/><W56/><G36/><T113/><D113/><U12/><E37/><V8/><F68/><W133/><G50/><T43/><D43/><U70/><E70/><V112/><F112/><W105/><G53/><N who="2" m="20553" /><F8/><AGARI ba="0,1" hai="5,8,9,10,11,14,27,28,33,78,80,85,108,109" machi="8" ten="40,1300,0" yaku="1,1,53,0" doraHai="64" doraHaiUra="101" who="0" fromWho="2" sc="220,23,290,0,240,-13,240,0" /><INIT seed="2,0,0,3,2,33" ten="243,290,227,240" oya="2" hai0="3,9,95,55,103,36,39,79,58,6,20,46,135" hai1="15,114,52,130,112,122,30,80,38,64,100,2,86" hai2="110,85,131,96,134,88,94,109,105,65,133,132,13" hai3="104,70,41,106,108,78,98,91,8,14,59,50,83"/><V61/><F131/><W123/><G70/><T12/><D135/><U99/><E2/><V21/><F21/><W81/><G123/><T102/><D79/><U90/><E38/><V129/><F129/><W87/><G108/><N who="2" m="41577" /><F13/><W67/><G67/><T47/><D36/><U56/><E130/><V127/><F127/><W68/><G68/><T27/><D3/><U25/><E15/><V62/><F65/><W17/><G98/><N who="0" m="59743" /><D103/><AGARI ba="0,0" hai="61,62,85,88,94,96,103,105,132,133,134" m="41577" machi="103" ten="40,12000,1" yaku="20,1,14,1,10,1,54,1" doraHai="33" who="2" fromWho="0" sc="243,-120,290,0,227,120,240,0" /><INIT seed="2,1,0,2,1,52" ten="123,290,347,240" oya="2" hai0="14,103,54,122,25,50,45,39,102,79,35,125,31" hai1="32,10,120,81,97,1,115,3,80,124,130,67,77" hai2="62,23,24,59,84,119,106,0,61,64,43,11,5" hai3="87,12,20,41,36,76,108,127,99,18,96,128,47"/><V117/><F106/><W131/><G108/><T27/><D122/><U40/><E115/><V53/><F43/><W75/><G75/><T28/><D125/><U116/><E116/><V58/><REACH who="2" step="1"/><F84/><REACH who="2" ten="123,290,337,240" step="2"/><W29/><G87/><T88/><D39/><U68/><E40/><V4/><F4/><W57/><G41/><T55/><D79/><U56/><E77/><V42/><F42/><W100/><G36/><T70/><D70/><U48/><E68/><V33/><F33/><W37/><G76/><T2/><D2/><U93/><E32/><V21/><F21/><W66/><G20/><T30/><D35/><U107/><E107/><V78/><F78/><W71/><G71/><T118/><D118/><U69/><E69/><V49/><F49/><W94/><G37/><T60/><D60/><U95/><E48/><V34/><F34/><W133/><G127/><T132/><D132/><U123/><E124/><V86/><F86/><W51/><G51/><T22/><D50/><U112/><E1/><V105/><F105/><W63/><G133/><T15/><D45/><U92/><E3/><V134/><F134/><W129/><G47/><T9/><D22/><U121/><E121/><V126/><F126/><W8/><G96/><T74/><D74/><U26/><E97/><V46/><F46/><W17/><G29/><AGARI ba="1,1" hai="0,5,11,23,24,29,53,58,59,61,62,64,117,119" machi="29" ten="30,11600,0" yaku="1,1,7,1,52,2,53,0" doraHai="52" doraHaiUra="38" who="2" fromWho="3" sc="123,0,290,0,337,129,240,-119" /><INIT seed="2,2,0,2,3,31" ten="123,290,466,121" oya="2" hai0="100,108,16,33,43,54,56,90,94,6,110,98,135" hai1="60,17,120,30,55,113,89,80,4,38,41,36,74" hai2="106,86,15,25,133,95,58,27,28,66,71,81,96" hai3="46,35,127,70,40,37,18,124,132,65,3,111,88"/><V13/><F71/><W49/><G3/><T62/><D135/><U121/><E113/><V112/><F106/><W51/><G132/><T84/><D6/><U7/><E30/><V26/><F112/><W118/><G118/><T103/><D43/><U126/><E126/><N who="3" m="48170" /><G18/><T57/><D33/><U48/><E17/><V12/><F133/><W64/><G35/><T102/><D56/><U47/><E60/><N who="2" m="38167" /><F28/><W77/><G77/><T67/><D67/><N who="3" m="25673" /><G70/><T125/><D125/><U20/><E20/><V42/><F42/><W53/><G88/><T107/><D16/><U134/><E134/><V32/><F32/><W39/><G111/><AGARI ba="2,0" hai="54,57,62,84,90,94,98,100,102,103,107,108,110,111" machi="111" ten="40,1300,0" yaku="14,1" doraHai="31" who="0" fromWho="3" sc="123,19,290,0,466,0,121,-19" /><INIT seed="3,0,0,5,5,30" ten="142,290,466,102" oya="3" hai0="94,124,23,13,29,84,6,12,40,14,73,111,85" hai1="58,116,42,54,59,128,51,97,123,62,115,114,39" hai2="135,25,60,118,35,88,76,125,27,47,37,10,21" hai3="122,57,86,49,99,52,77,56,22,89,117,41,113"/><W48/><G113/><T104/><D104/><U16/><E116/><V109/><F118/><W11/><G122/><T71/><D73/><U67/><E123/><V119/><F27/><W3/><G117/><T105/><D105/><U50/><E16/><V132/><F76/><W20/><G77/><T91/><D71/><U38/><E97/><V120/><F35/><W75/><G75/><T69/><D69/><U126/><E126/><V4/><F60/><W66/><G99/><T17/><D111/><U74/><E74/><V46/><F109/><W82/><G66/><T102/><D102/><U34/><E34/><V2/><F125/><W53/><REACH who="3" step="1"/><G41/><REACH who="3" ten="142,290,466,92" step="2"/><T90/><D40/><U72/><E72/><V64/><F64/><W61/><G61/><T87/><D124/><U98/><E98/><V80/><F119/><W44/><G44/><T112/><D112/><U106/><E42/><V0/><F47/><W131/><G131/><T45/><D45/><U9/><E128/><V19/><F120/><W129/><G129/><T32/><D87/><U79/><E79/><V55/><F46/><W130/><G130/><T7/><D85/><U127/><E127/><V81/><F55/><W1/><G1/><T83/><D90/><U95/><E54/><V36/><F2/><W121/><G121/><T68/><D84/><U28/><E115/><V108/><F88/><W15/><G15/><T93/><D14/><U63/><E114/><V8/><F108/><W134/><G134/><T92/><D13/><U70/><E67/><V31/><F135/><W100/><G100/><T65/><D65/><RYUUKYOKU ba="0,1" sc="142,-10,290,-10,466,-10,92,30" hai3="3,11,20,22,48,49,52,53,56,57,82,86,89" /><INIT seed="3,1,1,5,5,99" ten="132,280,456,122" oya="3" hai0="88,125,84,56,87,69,6,16,32,44,3,115,46" hai1="112,10,104,86,45,41,64,78,127,17,0,9,4" hai2="57,73,53,25,13,11,85,1,83,116,123,109,121" hai3="30,133,135,128,15,50,102,93,106,24,71,23,40"/><W5/><G106/><T51/><D69/><U2/><E104/><V33/><F109/><W114/><G114/><T97/><D32/><U70/><E112/><V65/><F65/><W34/><G71/><T82/><D115/><U124/><E64/><V77/><F1/><W119/><G119/><T126/><D97/><U43/><E70/><V94/><F116/><W18/><G128/><T129/><D129/><U8/><E17/><V108/><F108/><W31/><G31/><T110/><D110/><U100/><E100/><V132/><F132/><N who="3" m="50763" /><G5/><T48/><D56/><U81/><E43/><V38/><F38/><W107/><G107/><T49/><D16/><U95/><E95/><V74/><F33/><W62/><G62/><T63/><D63/><U117/><E117/><V80/><F94/><W98/><G40/><T19/><D19/><U7/><E8/><V21/><F11/><N who="3" m="6527" /><G50/><AGARI ba="1,1" hai="0,2,4,7,9,10,41,45,50,78,81,86,124,127" machi="50" ten="40,1300,0" yaku="9,1" doraHai="99" who="1" fromWho="3" sc="132,0,280,26,456,0,122,-16" owari="132,-26.8,306,10.6,456,55.6,106,-39.4" /></mjloggm>