<mjloggm ver="2.3"><GO type="225" lobby="0"/><UN n0="%E6%81%A5%E6%99%92%E3%81%97" n1="%E3%81%B5%E3%81%98%E3%81%8B%E3%81%A4" n2="%E3%82%AB%E3%83%AA%E3%82%A3%EF%BC%91%EF%BC%99" n3="%77%72%77%72%77%72%77%72" dan="16,16,16,17" rate="2144.57,2126.06,2164.78,2244.59" sx="M,M,M,M"/><TAIKYOKU oya="0"/><INIT seed="0,0,0,4,3,62" ten="250,250,250,250" oya="0" hai0="19,70,43,28,108,100,30,72,24,9,77,40,95" hai1="26,88,107,34,50,96,25,7,89,106,21,104,74" hai2="118,36,84,47,48,101,113,103,20,41,80,93,85" hai3="119,105,15,16,32,52,2,124,82,8,56,115,33"/><T53/><D108/><U99/><E74/><V129/><F113/><W112/><G105/><T57/><D72/><U58/><E7/><V90/><F118/><W27/><G119/><T131/><D131/><U22/><E34/><V123/><F123/><W69/><G69/><T14/><D70/><U31/><E50/><V45/><F129/><W110/><G110/><T11/><D77/><U126/><E58/><V1/><F1/><W10/><G82/><T61/><D9/><U71/><E71/><V44/><F44/><W67/><G67/><N who="0" m="39343" /><D24/><N who="1" m="9323" /><E31/><N who="0" m="11817" /><D53/><U81/><E81/><V76/><REACH who="2" step="1"/><F20/><REACH who="2" ten="250,250,240,250" step="2"/><N who="1" m="7785" /><E126/><V127/><F127/><W79/><G124/><T134/><D134/><U130/><E130/><V3/><F3/><W37/><G2/><T4/><D4/><U23/><E23/><V35/><F35/><W60/><G32/><T102/><D102/><U122/><E122/><V78/><F78/><W87/><G115/><T6/><D6/><U111/><E111/><V86/><F86/><W97/><G112/><T0/><D0/><U18/><E18/><V68/><F68/><W114/><G114/><T17/><D19/><U42/><E42/><AGARI ba="0,1" hai="36,41,42,45,47,48,76,80,84,85,90,93,101,103" machi="42" ten="30,2000,0" yaku="1,1,7,1,53,0" doraHai="62" doraHaiUra="5" who="2" fromWho="1" sc="250,0,250,-20,240,30,250,0" /><INIT seed="1,0,0,4,2,64" ten="250,230,270,250" oya="1" hai0="134,73,122,83,36,95,69,85,51,88,120,43,19" hai1="105,65,116,23,37,79,127,6,54,117,49,46,7" hai2="125,8,70,97,4,101,108,91,121,107,66,124,24" hai3="30,52,102,45,112,63,76,38,17,27,113,2,44"/><U14/><E105/><V93/><F121/><N who="0" m="46698" /><D36/><U21/><E79/><V10/><F24/><W74/><G2/><T11/><D134/><U40/><E127/><N who="2" m="48715" /><F108/><W16/><G102/><T96/><D73/><U48/><E65/><V1/><F8/><W26/><G74/><T103/><D69/><U34/><E34/><V130/><F130/><W94/><G76/><T80/><D51/><U68/><E68/><V55/><F55/><W32/><G94/><N who="0" m="58775" /><D43/><U86/><E37/><V77/><F77/><W60/><G38/><T47/><D47/><N who="1" m="27967" /><E117/><V31/><F31/><W129/><G30/><T71/><D71/><U3/><E3/><V87/><F70/><W109/><G32/><T9/><D9/><N who="1" m="4407" /><E116/><V72/><F66/><W123/><G52/><T59/><D59/><U58/><E7/><V99/><F72/><W18/><G123/><T29/><D29/><U12/><E12/><AGARI ba="0,0" hai="11,12,19,80,83,85,88,95" m="58775,46698" machi="12" ten="30,2000,0" yaku="13,1,54,1" doraHai="64" who="0" fromWho="1" sc="250,20,230,-20,270,0,250,0" /><INIT seed="2,0,0,3,0,111" ten="270,210,270,250" oya="2" hai0="16,39,19,118,47,20,18,41,31,100,76,85,2" hai1="65,120,48,123,42,13,66,56,96,51,130,25,57" hai2="112,92,44,94,12,89,98,15,72,6,132,84,34" hai3="88,32,7,61,68,5,102,63,22,24,9,105,103"/><V114/><F72/><W36/><G36/><T115/><D2/><U129/><E25/><V93/><F34/><W27/><G68/><T95/><D118/><U83/><E13/><V60/><F132/><W49/><G105/><T45/><D45/><N who="1" m="25655" /><E83/><V90/><F93/><W59/><G32/><T30/><D115/><U127/><E96/><V91/><F91/><W10/><G49/><N who="0" m="26863" /><D20/><U11/><E11/><V75/><F75/><W77/><G77/><T99/><D39/><U58/><E127/><V64/><F44/><W74/><G74/><T86/><D76/><U67/><E51/><V122/><F122/><AGARI ba="0,0" hai="56,57,58,65,66,67,120,122,123,129,130" m="25655" machi="122" ten="40,5200,0" yaku="13,1,34,2" doraHai="111" who="1" fromWho="2" sc="270,0,210,52,270,-52,250,0" /><INIT seed="3,0,0,0,3,59" ten="270,262,218,250" oya="3" hai0="68,109,88,29,121,114,70,128,45,77,125,124,1" hai1="15,117,53,84,31,119,13,46,78,73,90,101,126" hai2="16,82,58,87,25,92,48,17,0,41,2,27,28" hai3="8,103,19,10,52,108,57,129,86,66,26,49,102"/><W21/><G129/><T44/><D1/><U54/><E101/><N who="3" m="38410" /><G108/><T55/><D121/><U130/><E130/><V106/><F106/><W30/><G86/><T97/><D128/><U40/><E31/><V22/><F92/><W74/><G74/><T47/><D77/><U100/><E100/><V11/><F17/><W38/><G38/><T9/><D9/><N who="3" m="3689" /><G66/><T39/><D29/><AGARI ba="0,0" hai="19,21,26,29,30,49,52,57" m="3689,38410" machi="29" ten="30,2900,0" yaku="8,1,54,1" doraHai="59" who="3" fromWho="0" sc="270,-29,262,0,218,0,250,29" /><INIT seed="3,1,0,5,5,73" ten="241,262,218,279" oya="3" hai0="1,4,53,119,2,127,131,85,133,132,35,49,63" hai1="120,0,60,97,61,111,56,109,104,113,135,33,67" hai2="44,10,89,103,125,9,64,83,3,74,121,76,100" hai3="66,21,30,68,34,124,43,106,115,36,91,37,134"/><W65/><G106/><T80/><D119/><U16/><E120/><V31/><F121/><W24/><G115/><T12/><D35/><U101/><E113/><V13/><F125/><W8/><G124/><T86/><D127/><U112/><E112/><V62/><F31/><W11/><G34/><T130/><D63/><U7/><E33/><V39/><F89/><W40/><G37/><T122/><D122/><U69/><E135/><N who="0" m="51785" /><D12/><U23/><E7/><N who="2" m="1279" /><F62/><W48/><G36/><T57/><D86/><U84/><E84/><V117/><F64/><N who="3" m="24683" /><G68/><T71/><D71/><U22/><E0/><N who="0" m="105" /><D4/><U54/><REACH who="1" step="1"/><E23/><REACH who="1" ten="241,252,218,279" step="2"/><V26/><F117/><W116/><G116/><T102/><D102/><U25/><AGARI ba="1,1" hai="16,22,25,54,56,60,61,67,69,97,101,104,109,111" machi="25" ten="30,7900,0" yaku="1,1,2,1,0,1,54,1,53,0" doraHai="73" doraHaiUra="118" who="1" fromWho="1" sc="241,-21,252,92,218,-21,279,-40" owari="220,-18.0,344,44.4,197,-30.3,239,3.9" /></mjloggm>