<mjloggm ver="2.3"><GO type="225" lobby="0"/><UN n0="%E3%81%A1%E3%82%85%E3%81%86%E3%81%A9%E3%81%8F%E8%B1%A1%E3%81%95%E3%82%93" n1="%6D%75%75%6D%75%72%61" n2="%E3%81%8C%E3%81%9F" n3="%E6%A1%9C%E8%8A%B1%E9%96%83%E3%80%85" dan="17,17,16,17" rate="2185.89,2210.63,2093.27,2192.02" sx="M,F,F,M"/><TAIKYOKU oya="0"/><INIT seed="0,0,0,5,4,66" ten="250,250,250,250" oya="0" hai0="101,111,80,75,40,127,119,52,25,84,89,135,95" hai1="117,130,29,6,15,79,131,56,114,121,86,92,65" hai2="21,123,125,14,82,41,77,11,118,134,81,91,8" hai3="128,34,115,85,16,44,27,32,124,5,31,64,2"/><T18/><D119/><U23/><E117/><V113/><F118/><W38/><G115/><T60/><D135/><U106/><E121/><V49/><F123/><W55/><G124/><T71/><D127/><U69/><E106/><V30/><F113/><W20/><G128/><T0/><D0/><U54/><E114/><V102/><F125/><W126/><G126/><T59/><D40/><U129/><E6/><V51/><F134/><W70/><G85/><T94/><D111/><U116/><E116/><V132/><F132/><W120/><G120/><T43/><D43/><U17/><E29/><V28/><F102/><W9/><G38/><T10/><D75/><U103/><E79/><V112/><F112/><W19/><G55/><T100/><D71/><U133/><E133/><V72/><F41/><W74/><G44/><T105/><D105/><U58/><E54/><V13/><F72/><W61/><REACH who="3" step="1"/><G74/><REACH who="3" ten="250,250,250,240" step="2"/><T99/><D99/><N who="1" m="59879" /><E86/><V67/><F67/><W12/><G12/><N who="0" m="7447" /><D101/><U24/><E15/><V33/><F14/><W39/><G39/><T1/><D1/><U26/><E26/><V104/><F13/><W76/><G76/><T88/><D100/><U73/><E73/><V47/><F77/><W50/><G50/><T96/><D25/><U57/><E65/><V63/><F49/><W3/><G3/><T122/><D122/><U7/><E7/><V83/><F51/><W68/><G68/><AGARI ba="0,1" hai="17,23,24,56,57,58,68,69,129,130,131" m="59879" machi="68" ten="40,5200,0" yaku="19,1,52,2" doraHai="66" who="1" fromWho="3" sc="250,0,250,62,250,0,240,-52" /><INIT seed="1,0,0,4,0,79" ten="250,312,250,188" oya="1" hai0="33,28,96,14,105,17,80,125,0,101,41,94,81" hai1="119,95,76,128,75,5,60,35,83,1,73,112,50" hai2="132,84,29,55,106,116,53,99,102,46,64,90,7" hai3="61,104,4,98,56,113,8,115,43,34,22,62,38"/><U71/><E112/><V54/><F116/><W111/><G34/><T30/><D0/><U25/><E119/><V12/><F132/><W87/><G111/><T91/><D125/><U82/><E128/><V88/><F64/><W100/><G22/><T27/><D30/><U65/><E95/><V131/><F131/><W114/><G38/><T9/><REACH who="0" step="1"/><D41/><REACH who="0" ten="240,312,250,188" step="2"/><U103/><E1/><V97/><F29/><W57/><G43/><T3/><D3/><U59/><E35/><V107/><F46/><W20/><G114/><T117/><D117/><U78/><E71/><V122/><F122/><W126/><G126/><T39/><D39/><U121/><E121/><V129/><F129/><W49/><G115/><T6/><D6/><U15/><E5/><V24/><F7/><W123/><G113/><T11/><D11/><U66/><E59/><V70/><F70/><W134/><G123/><T32/><D32/><U72/><E72/><V127/><F127/><W67/><G134/><T19/><D19/><U47/><E73/><V44/><F44/><W42/><G42/><T23/><D23/><U89/><E75/><V68/><F68/><W124/><G20/><T40/><D40/><U21/><E47/><V85/><F106/><W133/><G133/><T118/><D118/><U109/><E21/><V93/><F107/><W135/><G135/><T58/><D58/><U31/><E31/><V13/><F24/><W26/><G124/><T45/><D45/><U48/><E25/><V18/><F18/><W37/><G26/><T51/><D51/><U108/><E50/><V36/><F36/><RYUUKYOKU ba="0,1" sc="240,30,312,-10,250,-10,188,-10" hai0="9,14,17,27,28,33,80,81,91,94,96,101,105" /><INIT seed="2,1,1,3,5,103" ten="270,302,240,178" oya="2" hai0="25,108,114,97,73,58,74,61,28,92,37,88,118" hai1="95,82,85,70,56,11,34,79,90,91,131,102,106" hai2="130,2,6,15,129,128,78,124,21,3,76,98,53" hai3="8,16,12,5,107,60,71,51,80,45,66,27,119"/><V115/><F115/><W18/><G119/><T44/><D114/><U10/><E70/><V127/><F53/><W49/><G107/><T4/><D118/><U110/><E34/><V101/><F21/><W0/><G27/><T17/><D108/><U30/><E110/><V68/><F68/><W24/><G24/><T135/><D135/><U40/><E30/><V121/><F121/><W13/><G80/><T59/><D4/><U62/><E106/><N who="2" m="63799" /><F15/><W67/><G67/><T112/><D112/><U64/><E40/><V38/><F38/><W72/><G72/><T19/><D58/><U133/><E133/><V20/><F20/><W122/><G122/><T47/><D47/><U29/><E29/><V36/><F36/><W46/><G46/><T43/><D17/><U126/><E11/><N who="2" m="2519" /><F3/><W54/><G0/><T117/><D117/><U9/><E102/><V84/><F84/><W33/><G33/><T111/><D111/><U55/><E55/><V42/><F42/><W75/><G75/><T134/><D134/><U69/><E91/><V65/><F65/><W41/><REACH who="3" step="1"/><G13/><REACH who="3" ten="270,302,240,168" step="2"/><T99/><D73/><U86/><E64/><V22/><F129/><W116/><G116/><T57/><D74/><U104/><E131/><V94/><F128/><W39/><G39/><T105/><D37/><U87/><E104/><V7/><F130/><W52/><G52/><T31/><D44/><U32/><E32/><V50/><F78/><W96/><G96/><T35/><D97/><U77/><E79/><V1/><F76/><W93/><G93/><T89/><D92/><U123/><E95/><RYUUKYOKU ba="1,2" sc="270,-10,302,-10,240,-10,168,30" hai3="5,8,12,16,18,41,45,49,51,54,60,66,71" /><INIT seed="3,2,2,3,2,107" ten="260,292,230,198" oya="3" hai0="31,11,53,88,13,58,1,62,67,22,10,120,108" hai1="65,36,81,23,39,93,71,21,66,50,129,103,75" hai2="122,79,119,48,41,100,19,89,112,116,9,60,72" hai3="78,20,132,7,131,35,68,123,12,55,37,73,80"/><W6/><G123/><T117/><D117/><U109/><E50/><V125/><F112/><W40/><G35/><T15/><D120/><U17/><E23/><V8/><F122/><W105/><G105/><T46/><D108/><U28/><E28/><V101/><F125/><W135/><G68/><T118/><D118/><U77/><E109/><V130/><F130/><W111/><G111/><T85/><D1/><U38/><E129/><V2/><F60/><W70/><G70/><T82/><D31/><U84/><E71/><V64/><F64/><W57/><G131/><T127/><D127/><U128/><E128/><V25/><F89/><W115/><G115/><T74/><D74/><U16/><E17/><V59/><F100/><W92/><G92/><T113/><D113/><U30/><E30/><V52/><F101/><W43/><G20/><T4/><D22/><U47/><E47/><V99/><F99/><W87/><G87/><T0/><D10/><U14/><E75/><V27/><F2/><W61/><G12/><T63/><D46/><U114/><E114/><V54/><F72/><W97/><G97/><T5/><D4/><N who="3" m="1577" /><G37/><T98/><D98/><U51/><E51/><V110/><F48/><W26/><G26/><T44/><D44/><U24/><E14/><V106/><F116/><W76/><G78/><T34/><D34/><U121/><E121/><V45/><F79/><W91/><G91/><T124/><D124/><U95/><E93/><V49/><F119/><W56/><G56/><AGARI ba="2,2" hai="0,5,11,13,15,53,56,58,62,63,67,82,85,88" machi="56" ten="30,2000,0" yaku="7,1,54,1" doraHai="107" who="0" fromWho="3" sc="260,46,292,0,230,0,198,-26" owari="306,40.6,292,9.2,230,-17.0,172,-32.8" /></mjloggm>