<mjloggm ver="2.3"><GO type="225" lobby="0"/><UN n0="%E3%81%AF%E3%82%88%E3%81%8A%E3%81%98%E3%81%95%E3%82%93" n1="%E3%82%82%E3%81%90%E3%82%89" n2="%E6%98%93%E5%88%A9%E8%96%A9%E4%BC%AF" n3="%6D%75%75%6D%75%72%61" dan="16,16,16,16" rate="2099.26,2219.95,2111.59,2147.27" sx="M,M,F,F"/><TAIKYOKU oya="0"/><INIT seed="0,0,0,0,4,100" ten="250,250,250,250" oya="0" hai0="130,135,32,43,132,98,87,131,45,16,18,55,116" hai1="9,91,89,59,78,109,25,10,30,58,13,27,106" hai2="125,36,20,54,114,112,23,14,121,64,38,51,49" hai3="119,127,65,11,99,107,108,101,124,113,19,82,61"/><T37/><D116/><U60/><E109/><V22/><F121/><W92/><G119/><T48/><D32/><U4/><E106/><V96/><F125/><W115/><G108/><T77/><D98/><U29/><E78/><V103/><F64/><W80/><G92/><T79/><D79/><U72/><E72/><V40/><F14/><N who="3" m="7647" /><G82/><T12/><D87/><U42/><E42/><V21/><N who="2" m="5120" /><DORA hai="129" /><V93/><F51/><W66/><G80/><T104/><D77/><U41/><E41/><V86/><F86/><W24/><G24/><N who="1" m="9290" /><E9/><V57/><REACH who="2" step="1"/><F40/><REACH who="2" ten="250,250,240,250" step="2"/><W1/><G66/><T56/><D12/><U39/><E13/><V75/><F75/><W134/><G124/><T94/><D94/><U83/><E83/><V53/><F53/><W123/><G127/><T50/><D48/><U31/><E31/><V44/><F44/><W102/><G123/><T126/><D126/><U47/><E30/><V62/><F62/><W34/><G61/><T90/><D90/><U46/><E29/><V15/><F15/><W68/><G113/><AGARI ba="0,1" hai="36,38,49,54,57,93,96,103,112,113,114" m="5120" machi="113" ten="50,3200,0" yaku="1,1,53,1" doraHai="100,129" doraHaiUra="74,97" who="2" fromWho="3" sc="250,0,250,0,240,42,250,-32" /><INIT seed="1,0,0,4,3,115" ten="250,250,282,218" oya="1" hai0="60,54,77,59,90,8,52,81,55,56,82,24,22" hai1="14,27,15,125,109,5,135,124,73,2,76,85,92" hai2="79,1,20,4,40,42,94,102,106,75,100,65,98" hai3="111,123,71,68,38,70,62,101,64,74,108,63,23"/><U30/><E135/><V103/><F65/><N who="3" m="41015" /><G74/><T7/><D90/><U121/><E73/><V34/><F34/><W39/><G23/><T107/><D107/><U97/><E121/><V58/><F4/><W117/><G101/><T88/><D88/><N who="1" m="55431" /><E2/><V80/><F1/><W31/><G31/><T51/><D55/><U116/><E109/><N who="3" m="42058" /><G123/><T46/><D59/><U48/><E5/><V69/><F69/><N who="3" m="42143" /><G117/><T114/><D114/><U118/><E85/><V84/><F20/><W17/><G17/><T32/><D32/><U9/><E76/><V113/><F113/><W37/><AGARI ba="0,0" hai="37,38,39,70,71" m="42143,42058,41015" machi="37" ten="40,8000,1" yaku="14,1,23,1,34,2" doraHai="115" who="3" fromWho="3" sc="250,-20,250,-40,282,-20,218,80" /><INIT seed="2,0,0,5,3,40" ten="230,210,262,298" oya="2" hai0="47,94,93,15,105,106,117,2,97,79,121,102,54" hai1="41,64,21,17,70,101,126,77,3,14,71,114,66" hai2="82,49,38,61,104,129,6,128,65,62,5,132,35" hai3="109,0,125,84,13,68,56,45,43,9,95,31,76"/><V91/><F104/><W135/><G68/><T1/><D121/><U81/><E114/><V63/><F35/><W92/><G109/><T32/><D32/><U110/><E110/><V48/><F38/><W7/><G135/><T73/><D117/><U8/><E101/><V36/><F36/><W59/><G125/><T53/><D15/><U27/><E126/><V130/><F65/><W90/><G76/><T88/><D94/><U23/><E70/><V18/><F18/><W69/><G69/><T33/><D33/><U103/><E71/><V86/><REACH who="2" step="1"/><F132/><REACH who="2" ten="230,210,252,298" step="2"/><W111/><G111/><T20/><D106/><U12/><E66/><V58/><F58/><W122/><G59/><T28/><D105/><U107/><E64/><V119/><F119/><W37/><G56/><T74/><D28/><U98/><E17/><V10/><F10/><W60/><G31/><T72/><D20/><U19/><E23/><V116/><F116/><W50/><G37/><T11/><D11/><U30/><E19/><V115/><F115/><W133/><G133/><T78/><D102/><U99/><E103/><V113/><F113/><W42/><G9/><T57/><D57/><U4/><E107/><V80/><F80/><W46/><G122/><T44/><D93/><U120/><E12/><V87/><F87/><W89/><G13/><T25/><D74/><N who="1" m="43191" /><E14/><V29/><F29/><W123/><G123/><T39/><D39/><U51/><E120/><V24/><F24/><W52/><G95/><T85/><D85/><U16/><E30/><V55/><F55/><W75/><G75/><T131/><D73/><RYUUKYOKU ba="0,1" sc="230,-15,210,15,252,15,298,-15" hai1="3,4,8,16,21,27,41,51,98,99" hai2="5,6,48,49,61,62,63,82,86,91,128,129,130" /><INIT seed="2,1,1,1,3,39" ten="215,225,267,283" oya="2" hai0="105,65,97,33,19,6,61,62,92,38,103,51,54" hai1="129,2,117,29,24,12,106,126,113,41,101,32,124" hai2="7,16,13,10,4,48,59,8,79,82,53,64,100" hai3="20,5,25,88,70,31,1,21,109,115,83,90,14"/><V104/><F64/><W131/><G70/><T128/><D38/><U102/><E117/><V81/><F104/><W3/><G109/><T75/><D75/><U28/><E113/><V67/><F100/><W94/><G115/><T50/><D33/><U85/><E2/><V122/><F122/><W30/><G131/><T71/><D128/><U96/><E129/><V44/><F10/><N who="3" m="4431" /><G3/><T69/><D6/><U55/><E29/><N who="3" m="10762" /><G1/><T11/><D105/><U134/><E102/><V26/><F26/><W110/><G25/><T84/><D84/><U135/><E85/><V98/><F98/><N who="3" m="57671" /><G110/><T99/><D97/><U43/><E12/><V132/><F132/><N who="1" m="50729" /><E55/><V34/><F34/><W118/><G118/><T89/><D103/><U112/><E112/><V35/><F35/><W66/><G66/><T119/><D119/><U63/><E126/><V78/><F79/><W95/><G83/><T9/><D69/><U133/><E124/><V123/><F123/><W76/><G76/><T40/><D19/><U15/><E15/><V22/><F8/><N who="0" m="3146" /><D71/><U111/><E111/><V107/><F107/><W17/><G17/><T130/><D130/><U108/><E108/><V114/><F114/><W80/><G80/><N who="2" m="30825" /><F78/><W125/><G125/><T46/><D65/><U74/><E74/><V57/><F67/><W37/><G20/><T60/><D54/><U87/><E133/><V45/><F7/><W42/><G21/><T0/><D0/><U18/><E87/><V77/><F77/><W127/><G127/><T68/><D68/><U56/><E18/><V120/><F120/><W86/><G86/><RYUUKYOKU ba="1,1" sc="215,15,225,15,267,-15,283,-15" hai0="40,46,50,51,60,61,62,89,92,99" hai1="24,28,32,41,43,56,63,96,101,106" /><INIT seed="3,2,1,2,4,107" ten="230,240,252,268" oya="3" hai0="89,78,106,109,67,27,65,86,48,68,56,101,10" hai1="31,15,84,23,40,113,51,20,57,114,122,52,24" hai2="16,70,34,77,83,90,7,55,42,82,9,19,66" hai3="130,91,45,93,98,103,41,133,108,54,2,22,21"/><W59/><G2/><T47/><D68/><U119/><E122/><V99/><F34/><W32/><G32/><T36/><D109/><U104/><E104/><V128/><F128/><W121/><G121/><T131/><D131/><U94/><E119/><V102/><F42/><W63/><G130/><T4/><D36/><U73/><E73/><V53/><F90/><W6/><G133/><T11/><D106/><U132/><E40/><V87/><F82/><W39/><G6/><T74/><D74/><U35/><E35/><V33/><F33/><W127/><G127/><T3/><D3/><U97/><E132/><V95/><F66/><N who="0" m="25098" /><D101/><U112/><E97/><V17/><REACH who="2" step="1"/><F70/><REACH who="2" ten="230,240,242,268" step="2"/><W124/><G124/><T18/><D78/><U72/><E112/><V62/><F62/><W120/><G120/><T60/><D60/><U79/><E114/><V134/><F134/><W13/><G108/><T25/><D89/><N who="1" m="53543" /><E79/><V0/><AGARI ba="2,2" hai="0,7,9,16,17,19,53,55,77,83,87,95,99,102" machi="0" ten="30,4000,0" yaku="1,1,0,1,54,1,53,0" doraHai="107" doraHaiUra="129" who="2" fromWho="2" sc="230,-12,240,-12,242,66,268,-22" owari="218,-28.2,228,-17.2,308,40.8,246,4.6" /></mjloggm>