<mjloggm ver="2.3"><GO type="225" lobby="0"/><UN n0="%72%65%6E%6B%75%6E" n1="%4B%2E%32%2E%4B%2E" n2="%E3%83%81%E3%83%83%E3%82%BF%E3%82%BD%E3%83%BC" n3="%E3%82%B3%E3%83%90%E3%83%AC%E3%82%A4" dan="17,17,17,16" rate="2277.46,2177.69,2189.20,2108.72" sx="M,M,F,M"/><TAIKYOKU oya="0"/><INIT seed="0,0,0,1,0,94" ten="250,250,250,250" oya="0" hai0="102,44,85,39,14,90,30,80,20,16,12,105,125" hai1="119,112,38,70,103,77,24,116,35,0,45,37,65" hai2="58,7,15,72,50,22,17,130,121,115,21,32,117" hai3="95,62,99,107,67,31,86,2,133,127,79,9,104"/><T128/><D125/><U11/><E112/><V71/><F72/><W82/><G127/><T92/><D128/><U6/><E77/><V122/><F71/><W33/><G133/><T52/><D30/><N who="1" m="19911" /><E103/><V64/><F32/><W110/><G110/><T10/><D105/><U8/><E8/><V132/><F115/><W4/><G31/><T120/><D120/><U114/><E114/><V83/><F130/><W123/><G33/><T61/><D39/><N who="1" m="14859" /><E45/><V43/><F117/><W57/><REACH who="3" step="1"/><G123/><REACH who="3" ten="250,250,250,240" step="2"/><T118/><D118/><U75/><E75/><V134/><F122/><W89/><AGARI ba="0,1" hai="2,4,9,57,62,67,79,82,86,89,95,99,104,107" machi="89" ten="20,12000,2" yaku="1,1,2,1,0,1,7,1,52,1,53,2" doraHai="94" doraHaiUra="100" who="3" fromWho="3" sc="250,-60,250,-30,250,-30,240,130" /><INIT seed="1,0,0,5,5,91" ten="190,220,220,370" oya="1" hai0="98,128,100,108,94,28,31,10,90,24,34,12,36" hai1="15,46,110,67,92,129,124,115,7,131,102,4,33" hai2="72,83,2,79,85,6,47,116,74,58,132,125,112" hai3="114,111,57,109,5,25,87,42,97,121,80,84,82"/><U106/><E106/><V17/><F125/><W64/><G42/><T73/><D108/><N who="3" m="41545" /><G5/><T77/><D128/><N who="1" m="49227" /><E115/><V43/><F132/><W103/><G25/><T35/><D36/><U60/><E33/><V105/><F116/><W120/><G57/><T19/><D31/><U126/><E110/><V95/><F112/><W29/><G29/><T26/><D26/><U119/><E119/><V16/><F105/><N who="3" m="63727" /><G64/><T53/><D53/><U56/><E46/><V49/><F58/><W104/><G104/><T1/><D1/><U0/><E0/><V69/><F69/><W30/><G30/><T13/><D13/><U62/><E62/><V68/><F68/><W71/><G71/><T52/><D52/><U70/><E70/><V123/><F123/><W66/><G66/><T135/><D135/><U78/><E15/><V3/><F72/><W41/><G41/><T48/><D48/><U50/><E50/><V88/><REACH who="2" step="1"/><F2/><REACH who="2" ten="190,220,210,370" step="2"/><W81/><G114/><T113/><D113/><U54/><E124/><V45/><F45/><W118/><G118/><T133/><D133/><U107/><E126/><V22/><F22/><W65/><G65/><T61/><D34/><U93/><E67/><V40/><F40/><W37/><G37/><T39/><D39/><U89/><E107/><V32/><F32/><W122/><AGARI ba="0,1" hai="80,81,82,84,87,120,121,122" m="63727,41545" machi="122" ten="40,5200,0" yaku="14,1,34,2" doraHai="91" who="3" fromWho="3" sc="190,-13,220,-26,210,-13,370,62" /><INIT seed="2,0,0,3,1,25" ten="177,194,197,432" oya="2" hai0="17,95,120,83,7,38,42,93,3,105,92,14,74" hai1="5,35,111,118,69,11,47,30,29,71,70,4,10" hai2="55,72,124,130,63,131,85,53,96,48,129,106,88" hai3="44,54,104,73,13,52,91,58,1,119,97,68,110"/><V132/><F72/><W128/><G1/><T98/><D120/><U89/><E118/><V122/><F122/><W33/><G68/><T51/><D51/><U26/><E111/><V126/><F63/><W15/><G73/><T65/><D65/><U31/><E89/><V81/><F48/><W101/><G33/><T37/><D3/><U60/><E60/><V0/><F0/><W34/><G34/><T86/><D7/><U78/><E78/><V121/><F121/><W23/><G44/><T103/><D74/><U43/><E5/><V107/><F132/><W94/><G54/><N who="2" m="20489" /><F96/><W82/><G110/><T133/><D42/><U9/><REACH who="1" step="1"/><E4/><REACH who="1" ten="177,184,197,432" step="2"/><V59/><F59/><W21/><G58/><T77/><REACH who="0" step="1"/><D133/><REACH who="0" ten="167,184,197,432" step="2"/><U36/><AGARI ba="0,2" hai="9,10,11,26,29,30,31,35,36,43,47,69,70,71" machi="36" ten="40,16000,3" yaku="1,1,2,1,0,1,52,3,53,3" doraHai="25" doraHaiUra="64" who="1" fromWho="1" sc="167,-40,184,180,197,-80,432,-40" /><INIT seed="3,0,0,1,2,121" ten="127,364,117,392" oya="3" hai0="83,39,78,38,71,120,16,5,104,135,28,18,27" hai1="14,30,100,26,23,44,46,55,35,41,80,45,8" hai2="119,97,59,2,58,25,112,107,49,43,47,122,33" hai3="17,98,101,6,56,96,57,53,62,94,67,48,123"/><W52/><G123/><T10/><D120/><U79/><E100/><V7/><F122/><W36/><G36/><T11/><D104/><U99/><E55/><V72/><F112/><W42/><G6/><T90/><D71/><U128/><E128/><V88/><F119/><W115/><G115/><T34/><D135/><U124/><E124/><V91/><F72/><W110/><G110/><T9/><D5/><U31/><E99/><V0/><F0/><W92/><G17/><T65/><D65/><U103/><E103/><V73/><F73/><W77/><G77/><T20/><D90/><U93/><E93/><N who="2" m="56487" /><F107/><W69/><G42/><T12/><REACH who="0" step="1"/><D18/><REACH who="0" ten="117,364,117,392" step="2"/><U54/><E54/><V32/><F7/><W113/><G113/><T102/><D102/><U13/><E41/><V15/><F2/><W40/><G40/><T134/><D134/><U127/><E127/><V51/><F91/><N who="3" m="55327" /><G69/><T68/><D68/><U4/><E14/><V37/><F15/><W86/><G53/><T132/><D132/><U108/><E108/><V125/><F125/><W75/><G101/><T116/><D116/><U87/><REACH who="1" step="1"/><E31/><REACH who="1" ten="117,354,117,392" step="2"/><V109/><F109/><W1/><G1/><T117/><D117/><U29/><E29/><V85/><F43/><W130/><G130/><T81/><D81/><U111/><E111/><V118/><F118/><W22/><G52/><T89/><D89/><U3/><E3/><V106/><F106/><W95/><G94/><T131/><D131/><U66/><E66/><V82/><F82/><W133/><G95/><T61/><D61/><U129/><E129/><V60/><F60/><RYUUKYOKU ba="0,2" sc="117,15,354,15,117,-15,392,-15" hai0="9,10,11,12,16,20,27,28,34,38,39,78,83" hai1="4,8,13,23,26,30,35,44,45,46,79,80,87" owari="132,-26.8,369,16.9,102,-39.8,397,49.7" /></mjloggm>