<mjloggm ver="2.3"><GO type="225" lobby="0"/><UN n0="%E4%B8%89%E5%86%A0%E7%8E%8B%E3%83%BB%E5%B1%B1%E7%94%B0%E5%93%B2%E4%BA%BA" n1="%E7%AD%89%E3%80%85%E5%8A%9B%E5%8A%87%E5%A0%B4" n2="%E3%81%82%E3%81%99%E3%81%AB%E3%82%83%E3%82%80" n3="%6D%75%75%6D%75%72%61" dan="16,16,16,16" rate="2101.60,2110.32,2108.51,2158.62" sx="M,M,F,F"/><TAIKYOKU oya="0"/><INIT seed="0,0,0,4,2,81" ten="250,250,250,250" oya="0" hai0="50,62,79,128,20,66,108,16,86,78,12,90,28" hai1="32,19,82,103,51,73,125,109,34,47,127,54,9" hai2="111,135,18,14,5,64,94,26,27,113,2,134,44" hai3="124,98,48,121,65,105,129,63,116,72,91,15,57"/><T68/><D128/><U40/><E103/><V122/><F64/><W31/><G116/><T45/><D28/><U115/><E109/><V41/><F94/><W36/><G129/><T39/><D39/><U60/><E115/><V126/><F113/><W58/><G36/><T88/><D108/><U69/><E73/><V119/><F111/><W30/><G72/><T53/><D90/><U114/><E114/><V11/><F119/><W93/><G124/><T7/><D7/><U24/><E40/><V4/><F126/><W70/><G121/><T96/><D96/><U35/><E69/><V55/><F55/><N who="3" m="31975" /><G70/><T85/><D85/><U25/><E34/><V59/><F59/><W74/><G74/><T89/><D89/><U43/><E35/><V106/><F106/><W130/><G105/><T22/><D20/><U1/><E32/><V123/><F4/><W101/><G130/><T46/><D46/><U13/><E1/><V92/><F92/><AGARI ba="0,0" hai="12,16,22,45,50,53,62,66,68,78,79,86,88,92" machi="92" ten="30,11600,0" yaku="7,1,52,1,54,2" doraHai="81" who="0" fromWho="2" sc="250,116,250,0,250,-116,250,0" /><INIT seed="0,1,0,5,5,54" ten="366,250,134,250" oya="0" hai0="134,67,12,37,73,98,79,34,82,44,112,81,63" hai1="42,10,64,15,39,31,76,131,59,35,13,0,30" hai2="1,133,53,78,4,122,88,56,2,21,22,27,101" hai3="97,33,121,18,118,14,102,87,128,40,7,51,103"/><T71/><D112/><U124/><E0/><V25/><F122/><W45/><G118/><T36/><D34/><U43/><E131/><V89/><F78/><W90/><G128/><T94/><D134/><U28/><E124/><V61/><F133/><W104/><G121/><T91/><D81/><U120/><E120/><V70/><F101/><W84/><G33/><T6/><D6/><U74/><E35/><V108/><F108/><W41/><G41/><T47/><D12/><U66/><E39/><V19/><F70/><W68/><G68/><T32/><D32/><U105/><E105/><V106/><F106/><W11/><G102/><T48/><REACH who="0" step="1"/><D47/><REACH who="0" ten="356,250,134,250" step="2"/><U126/><E15/><V113/><F113/><W72/><G7/><T50/><D50/><U5/><E13/><V83/><F83/><W3/><G3/><T46/><D46/><U115/><E5/><V92/><F4/><W116/><G51/><T8/><D8/><U85/><E10/><V23/><F22/><W135/><G45/><T107/><D107/><U77/><E115/><V75/><F75/><W127/><G72/><T100/><D100/><U65/><E74/><V29/><REACH who="2" step="1"/><F89/><REACH who="2" ten="356,250,124,250" step="2"/><W55/><G90/><T9/><D9/><U96/><E77/><V62/><F62/><W38/><G11/><T123/><D123/><U109/><E76/><V49/><F49/><W58/><G135/><T52/><AGARI ba="1,2" hai="36,37,44,48,52,63,67,71,73,79,82,91,94,98" machi="52" ten="20,12000,1" yaku="1,1,0,1,7,1,54,1,53,1" doraHai="54" doraHaiUra="57" who="0" fromWho="0" sc="356,143,250,-41,124,-41,250,-41" /><INIT seed="0,2,0,0,4,101" ten="499,209,83,209" oya="0" hai0="13,132,46,87,130,64,54,73,120,41,6,114,39" hai1="86,85,122,71,66,68,43,27,40,44,126,79,75" hai2="84,123,106,77,17,104,131,12,24,121,125,118,26" hai3="18,61,3,69,48,117,55,133,34,9,52,29,110"/><T67/><D73/><U80/><E122/><V116/><F131/><W33/><G117/><N who="2" m="45161" /><F125/><W38/><G38/><T57/><D114/><U4/><E126/><V81/><F24/><W128/><G128/><T115/><D115/><U1/><E43/><V0/><F26/><W93/><G110/><T129/><D120/><N who="2" m="46154" /><F0/><W134/><G29/><T25/><D25/><U95/><E27/><V103/><F103/><W30/><G30/><T96/><D13/><U65/><E66/><V112/><F112/><W11/><G3/><T47/><D64/><U135/><E135/><N who="3" m="51722" /><G93/><T105/><D132/><U94/><E95/><V58/><F58/><N who="3" m="35015" /><G69/><T53/><D130/><U119/><E119/><V108/><F108/><W22/><G22/><AGARI ba="2,0" hai="12,17,22,77,81,84,104,106" m="46154,45161" machi="22" ten="30,3900,0" yaku="12,1,52,2" doraHai="101" who="2" fromWho="3" sc="499,0,209,0,83,45,209,-45" /><INIT seed="1,0,0,0,5,67" ten="499,209,128,164" oya="1" hai0="99,14,131,7,42,106,95,69,91,56,127,64,108" hai1="17,126,15,72,77,133,65,24,28,60,117,96,62" hai2="55,57,70,129,0,63,19,82,102,68,3,122,48" hai3="78,47,21,128,37,44,115,114,40,79,113,90,18"/><U43/><E117/><V51/><F122/><W116/><G116/><T110/><D127/><U81/><E133/><V29/><F29/><W45/><G128/><T36/><D56/><U107/><E126/><V54/><F129/><W103/><G103/><T31/><D106/><U73/><E62/><V76/><F102/><W134/><G134/><T34/><D36/><U104/><E73/><V84/><F19/><W101/><G101/><T112/><D42/><U120/><E120/><V88/><F76/><W23/><G47/><T100/><D112/><U13/><E43/><V125/><F125/><W118/><G118/><T86/><D14/><U16/><E15/><V2/><F63/><W74/><G45/><T105/><D7/><U53/><E53/><V50/><F50/><W8/><G90/><T89/><D89/><U27/><E96/><V93/><REACH who="2" step="1"/><F82/><REACH who="2" ten="499,209,118,164" step="2"/><W41/><G79/><T59/><D100/><U132/><E132/><V58/><AGARI ba="0,1" hai="0,2,3,48,51,54,55,57,58,68,70,84,88,93" machi="58" ten="30,16000,3" yaku="1,1,2,1,0,1,9,1,52,2,54,1,53,1" doraHai="67" doraHaiUra="80" who="2" fromWho="2" sc="499,-40,209,-80,118,170,164,-40" /><INIT seed="2,0,0,1,4,20" ten="459,129,288,124" oya="2" hai0="52,134,91,79,67,0,84,89,48,39,105,119,36" hai1="27,61,94,107,128,103,82,122,24,69,130,126,101" hai2="108,57,80,104,118,50,10,6,45,38,96,75,4" hai3="33,110,74,99,32,7,70,71,3,83,12,85,44"/><V100/><F118/><W81/><G3/><T90/><D105/><U19/><E107/><V132/><F132/><W8/><G110/><T98/><D0/><U92/><E19/><V109/><F57/><W111/><G111/><N who="2" m="42569" /><F38/><W17/><G99/><T14/><D98/><U73/><E126/><V76/><F10/><W9/><G44/><T25/><D39/><U26/><E122/><V16/><F16/><W1/><G74/><T59/><D59/><U43/><E43/><AGARI ba="0,0" hai="4,6,43,45,50,75,76,80,96,100,104" m="42569" machi="43" ten="30,2900,0" yaku="14,1,10,1" doraHai="20" who="2" fromWho="1" sc="459,0,129,-29,288,29,124,0" /><INIT seed="2,1,0,5,4,62" ten="459,100,317,124" oya="2" hai0="40,92,89,129,56,86,39,37,41,107,71,0,91" hai1="75,132,112,79,113,55,14,100,70,65,13,16,78" hai2="110,1,118,97,84,44,54,11,88,82,42,28,83" hai3="17,74,6,128,38,90,68,3,29,124,103,126,7"/><V58/><F118/><W4/><G74/><T36/><D71/><U115/><E132/><V130/><F130/><W5/><G128/><T2/><D107/><U94/><E75/><V105/><F28/><W30/><G38/><T8/><D129/><U80/><E14/><V24/><F24/><W135/><G103/><T109/><D109/><U117/><E117/><V72/><F110/><W47/><G47/><T35/><D35/><U98/><E55/><V96/><F105/><W106/><G106/><T25/><D25/><U122/><E122/><V99/><F1/><W101/><G101/><T12/><D40/><U46/><E46/><V67/><F11/><N who="3" m="2463" /><G68/><T18/><D41/><U73/><E79/><V34/><F34/><W104/><G104/><T27/><D27/><U76/><E76/><V85/><F72/><W93/><G135/><T64/><D89/><U53/><E53/><V69/><F69/><W87/><G17/><T63/><AGARI ba="1,0" hai="0,2,8,12,18,36,37,39,56,63,64,86,91,92" machi="63" ten="40,2700,0" yaku="0,1,52,1" doraHai="62" who="0" fromWho="0" sc="459,30,100,-8,317,-14,124,-8" /><INIT seed="3,0,0,5,1,118" ten="489,92,303,116" oya="3" hai0="85,128,19,14,23,125,40,99,9,43,73,116,126" hai1="110,102,5,112,109,67,15,119,38,111,2,42,36" hai2="47,57,120,11,6,132,86,29,7,10,39,79,106" hai3="133,135,123,104,27,82,28,56,101,129,58,59,131"/><W130/><G82/><T91/><D73/><U3/><E112/><V98/><F29/><W64/><G64/><T13/><D128/><U80/><E119/><V115/><F11/><W65/><G65/><T25/><D99/><U92/><E67/><V103/><F10/><W117/><G117/><T37/><D14/><U97/><E5/><V34/><F7/><W88/><G88/><T16/><D37/><N who="1" m="14443" /><E42/><V46/><F6/><W78/><G78/><T48/><D116/><U127/><E80/><V124/><F57/><W122/><G101/><T49/><D49/><U108/><N who="1" m="27648" /><DORA hai="12" /><U44/><E44/><V30/><F46/><W41/><G104/><T21/><D21/><U94/><E94/><V93/><F93/><W134/><G41/><T83/><D48/><U53/><E53/><V60/><F47/><W70/><G70/><T77/><D43/><U22/><E127/><V1/><F39/><W95/><G95/><T0/><D25/><U61/><E61/><V68/><F124/><W81/><G81/><T4/><D83/><U20/><E20/><AGARI ba="0,0" hai="20,27,28,56,58,59,122,123,129,130,131,133,134,135" machi="20" ten="50,18000,2" yaku="29,2,19,1,20,1,52,2" doraHai="118,12" who="3" fromWho="1" sc="489,0,92,-180,303,0,116,180" owari="489,58.9,-88,-58.8,303,10.3,296,-10.4" /></mjloggm>