<mjloggm ver="2.3"><GO type="225" lobby="0"/><UN n0="%73%69%72%6F%75%74" n1="%E3%81%A1%E3%82%85%E3%81%86%E3%81%A9%E3%81%8F%E8%B1%A1%E3%81%95%E3%82%93" n2="%4D%50%43%32%38%30%30" n3="%E3%81%9F%E3%81%A3%E3%81%A1%E3%82%87" dan="16,17,16,16" rate="2018.27,2181.47,2171.97,2102.01" sx="M,M,M,M"/><TAIKYOKU oya="0"/><INIT seed="0,0,0,3,5,101" ten="250,250,250,250" oya="0" hai0="44,109,122,53,42,84,91,72,4,69,9,74,75" hai1="94,83,90,87,131,52,1,10,8,108,106,134,97" hai2="16,15,93,128,58,70,66,105,60,7,95,40,0" hai3="13,24,133,19,113,46,57,103,17,30,5,39,47"/><T28/><D122/><U62/><E108/><V18/><F128/><W36/><G113/><T55/><D69/><U130/><E134/><V31/><F70/><W98/><G133/><T48/><D28/><U33/><E33/><V68/><F68/><W23/><G36/><T89/><D109/><U118/><E118/><V123/><F123/><W38/><G38/><T76/><D76/><U132/><E132/><V27/><F105/><W111/><G111/><T2/><REACH who="0" step="1"/><D91/><REACH who="0" ten="240,250,250,250" step="2"/><U125/><E130/><V20/><F31/><W115/><G30/><T11/><D11/><U43/><E131/><V61/><F95/><AGARI ba="0,1" hai="2,4,9,42,44,48,53,55,72,74,75,84,89,95" machi="95" ten="40,2000,0" yaku="1,1,53,0" doraHai="101" doraHaiUra="99" who="0" fromWho="2" sc="240,30,250,0,250,-20,250,0" /><INIT seed="0,1,0,3,4,102" ten="270,250,230,250" oya="0" hai0="57,29,12,36,101,21,25,62,80,126,117,14,39" hai1="47,128,7,10,52,32,83,23,24,121,133,132,125" hai2="8,110,100,124,54,33,107,104,5,116,1,97,98" hai3="56,4,112,106,61,55,13,74,95,44,15,89,31"/><T123/><D117/><U122/><E83/><V120/><F120/><N who="1" m="46185" /><E32/><V26/><F116/><W88/><G112/><T81/><D123/><U38/><E128/><V65/><F110/><W40/><G74/><T37/><D126/><U19/><E125/><V49/><F124/><W111/><G111/><T27/><D101/><U94/><E94/><V3/><F3/><W50/><G106/><T108/><D108/><U66/><E66/><V76/><F76/><W42/><G31/><T113/><D113/><U16/><E19/><V41/><F41/><W64/><G89/><T79/><D25/><U84/><E84/><V105/><F65/><W60/><G60/><T92/><D92/><U119/><E119/><V73/><F73/><W59/><G59/><T63/><D63/><U78/><E78/><V131/><F131/><W75/><G75/><T134/><D80/><U90/><E90/><V91/><F91/><W35/><G35/><T22/><D81/><U77/><E77/><V30/><REACH who="2" step="1"/><F100/><REACH who="2" ten="270,250,220,250" step="2"/><W0/><G0/><T82/><D79/><U87/><E132/><V85/><F85/><N who="3" m="52623" /><G4/><T68/><D134/><U129/><E133/><V67/><F67/><W71/><G71/><T86/><D68/><U2/><E129/><V45/><AGARI ba="1,1" hai="1,5,8,26,30,33,45,49,54,97,98,104,105,107" machi="45" ten="30,12000,2" yaku="1,1,0,1,52,3,53,1" doraHai="102" doraHaiUra="43" who="2" fromWho="2" sc="270,-61,250,-31,220,133,250,-31" /><INIT seed="1,0,0,0,2,77" ten="209,219,353,219" oya="1" hai0="134,117,130,106,15,28,13,88,61,43,71,118,67" hai1="85,58,1,59,116,8,44,73,7,99,33,26,23" hai2="22,124,30,19,66,47,24,76,20,133,132,62,39" hai3="42,80,119,131,127,78,91,98,50,12,112,2,11"/><U109/><E116/><V14/><F124/><W72/><G112/><T79/><D106/><U100/><E73/><V96/><F76/><W56/><G127/><T41/><D28/><U103/><E109/><V40/><REACH who="2" step="1"/><F96/><REACH who="2" ten="209,219,343,219" step="2"/><W48/><G119/><T34/><D79/><U82/><E99/><V90/><F90/><W63/><G91/><T122/><D88/><U102/><E33/><V65/><F65/><W121/><G98/><T104/><D34/><U86/><E44/><V75/><F75/><W35/><G78/><T5/><D118/><U115/><E115/><V123/><F123/><W92/><G72/><T87/><D67/><U94/><E85/><V93/><F93/><W128/><G92/><T45/><D87/><U113/><E94/><V125/><F125/><W38/><G121/><T81/><D45/><U126/><E113/><V110/><F110/><W6/><G128/><T52/><D130/><U32/><E126/><V74/><F74/><W105/><G131/><T4/><D122/><U9/><E32/><V135/><F135/><W83/><G35/><T27/><D134/><U36/><E86/><V55/><F55/><N who="3" m="34207" /><G80/><T46/><D81/><U25/><E82/><V68/><AGARI ba="0,1" hai="14,19,20,22,24,30,39,40,47,62,66,68,132,133" machi="68" ten="30,2000,0" yaku="1,1,0,1,53,0" doraHai="77" doraHaiUra="114" who="2" fromWho="2" sc="209,-5,219,-10,343,30,219,-5" /><INIT seed="2,0,0,1,0,96" ten="204,209,373,214" oya="2" hai0="21,36,107,92,132,126,63,15,116,100,114,27,76" hai1="13,29,82,49,129,9,38,124,105,121,28,58,128" hai2="110,130,22,66,19,50,25,134,131,77,123,90,39" hai3="53,101,20,73,86,120,118,97,35,31,33,117,88"/><V106/><F39/><W7/><G120/><T94/><D36/><U47/><E121/><V26/><F123/><W122/><G122/><T71/><D114/><U91/><E38/><V52/><F134/><W61/><G73/><T127/><D76/><U95/><E105/><V104/><F66/><W45/><G33/><T62/><D15/><U115/><E115/><V48/><F48/><W4/><G35/><T83/><D83/><U57/><E124/><N who="0" m="47657" /><D132/><U41/><E82/><V44/><F110/><W133/><G133/><T79/><D79/><U60/><E128/><V30/><F90/><W72/><G72/><T55/><D116/><U65/><E58/><V109/><F109/><W119/><G45/><T6/><D6/><N who="1" m="3255" /><E129/><N who="2" m="49163" /><F77/><W56/><G117/><T10/><D10/><U54/><E65/><V87/><F87/><AGARI ba="0,0" hai="28,29,41,47,49,54,57,60,87,91,95" m="3255" machi="87" ten="30,1000,0" yaku="8,1" doraHai="96" who="1" fromWho="2" sc="204,0,209,10,373,-10,214,0" /><INIT seed="3,0,0,2,5,113" ten="204,219,363,214" oya="3" hai0="46,104,38,73,78,28,129,90,50,15,102,119,101" hai1="20,30,51,109,16,18,97,35,96,122,39,124,72" hai2="36,95,33,60,123,93,27,24,106,58,26,82,110" hai3="89,132,116,105,98,69,103,45,128,42,75,3,107"/><W61/><G116/><T7/><D38/><U94/><E39/><V25/><F106/><W117/><G117/><T21/><D119/><U9/><E72/><V100/><F36/><N who="3" m="21703" /><G89/><T79/><D104/><U57/><E122/><V67/><F123/><W12/><G12/><T112/><D73/><U88/><E109/><V17/><F110/><W54/><G107/><T108/><D108/><U53/><E124/><V10/><F100/><N who="0" m="38506" /><D112/><U47/><E35/><V49/><F82/><W71/><G75/><T81/><D90/><U127/><E127/><V74/><F74/><W135/><G3/><T76/><D129/><U99/><E30/><V68/><F93/><W85/><G128/><T114/><D114/><U0/><E47/><V8/><F95/><W77/><G77/><T63/><D63/><U133/><E133/><N who="3" m="51274" /><G85/><N who="0" m="48295" /><D7/><U84/><E0/><V86/><F86/><W83/><G83/><T70/><D70/><U52/><E97/><V111/><F111/><W118/><G118/><T6/><D6/><U22/><E99/><V2/><F2/><W14/><G14/><T66/><D66/><U56/><E96/><V65/><F65/><W44/><G61/><T31/><D79/><U48/><E18/><V120/><F120/><W13/><G13/><AGARI ba="0,0" hai="9,13,16,20,22,48,51,52,53,56,57,84,88,94" machi="13" ten="40,8000,1" yaku="9,1,8,1,54,3" doraHai="113" who="1" fromWho="3" sc="204,0,219,80,363,0,214,-80" owari="204,-19.6,299,9.9,363,46.3,134,-36.6" /></mjloggm>