<mjloggm ver="2.3"><GO type="225" lobby="0"/><UN n0="%E3%81%B5%E3%81%98%E3%81%8B%E3%81%A4" n1="%E6%B8%A9%E2%98%85%E6%83%85%E2%98%85%E6%8E%AA%E2%98%85%E7%BD%AE" n2="%E3%81%99%E3%81%84%E3%81%BE%E3%81%9B%E3%83%BC%E3%82%93" n3="%72%65%6E%6B%75%6E" dan="16,18,18,17" rate="2156.75,2260.54,2222.86,2223.94" sx="M,M,M,M"/><TAIKYOKU oya="0"/><INIT seed="0,0,0,4,2,130" ten="250,250,250,250" oya="0" hai0="1,133,28,116,100,88,105,23,134,89,54,119,47" hai1="32,91,61,135,122,65,123,95,39,68,57,50,113" hai2="18,66,25,102,111,15,56,8,7,103,45,10,101" hai3="121,29,40,34,93,42,62,63,37,77,80,67,21"/><T11/><D1/><U129/><E32/><V92/><F111/><W131/><G131/><T38/><D11/><U44/><E129/><V73/><F73/><W17/><G121/><T48/><D38/><U118/><E118/><V81/><F81/><W5/><G5/><T30/><D105/><U127/><E127/><V43/><F25/><W117/><G117/><N who="0" m="45131" /><D100/><U112/><E39/><V83/><F83/><W70/><G63/><T6/><D6/><U31/><E31/><N who="0" m="11817" /><D23/><U49/><E68/><V71/><F71/><W128/><G37/><T109/><D109/><U58/><E95/><V12/><F92/><W59/><G70/><T94/><D94/><U64/><E91/><V115/><F115/><W76/><G128/><T52/><D52/><N who="1" m="31895" /><E64/><V27/><F27/><W126/><G126/><T2/><D2/><U60/><E60/><N who="2" m="38151" /><F43/><W72/><G77/><T114/><D114/><N who="1" m="44139" /><E123/><V87/><F87/><W110/><G110/><T26/><D26/><U16/><E122/><V86/><F86/><W22/><G34/><T104/><D104/><U14/><E49/><V36/><F36/><W9/><G29/><T79/><D79/><U55/><E65/><V108/><F108/><W3/><G93/><T41/><D41/><U4/><E4/><V82/><F82/><W99/><G3/><T69/><D69/><U20/><E44/><AGARI ba="0,0" hai="7,8,10,12,15,18,44,45,101,102,103" m="38151" machi="44" ten="30,1000,0" yaku="8,1" doraHai="130" who="2" fromWho="1" sc="250,0,250,-10,250,10,250,0" /><INIT seed="1,0,0,0,5,26" ten="250,240,260,250" oya="1" hai0="100,78,74,76,47,11,45,43,10,56,84,9,8" hai1="7,67,130,101,40,124,28,12,69,30,88,115,135" hai2="41,2,16,123,49,68,37,15,64,129,132,125,0" hai3="122,96,121,109,126,22,90,85,70,120,46,65,18"/><U131/><E115/><V107/><F123/><W61/><G109/><T38/><D74/><U86/><E135/><V23/><F37/><W133/><G133/><T73/><D100/><U113/><E113/><V114/><F114/><W4/><G4/><T35/><D35/><U95/><E124/><V97/><F132/><W58/><G126/><T89/><N who="0" m="2048" /><DORA hai="81" /><T48/><D56/><U53/><E12/><V119/><F119/><W1/><G96/><T110/><D73/><U99/><E7/><V77/><F77/><W104/><G104/><T103/><D103/><U33/><E33/><V128/><F125/><W51/><G1/><T66/><D66/><U36/><E53/><V93/><F107/><W5/><G5/><T24/><D24/><U94/><E67/><V39/><F39/><W117/><G117/><T3/><D3/><U13/><E13/><V55/><F41/><W106/><G70/><T42/><REACH who="0" step="1"/><D110/><REACH who="0" ten="240,240,260,250" step="2"/><U80/><E69/><V72/><F72/><W83/><G106/><T75/><D75/><U118/><E118/><V105/><F105/><W44/><REACH who="3" step="1"/><G51/><REACH who="3" ten="240,240,260,240" step="2"/><T59/><D59/><U29/><E131/><V79/><F0/><W52/><G52/><T111/><D111/><U20/><E130/><V98/><F2/><W60/><G60/><T31/><D31/><U62/><E62/><V87/><F129/><W14/><AGARI ba="0,2" hai="14,18,22,44,46,58,61,65,83,85,90,120,121,122" machi="14" ten="30,4000,0" yaku="1,1,0,1,52,1,53,0" doraHai="26,81" doraHaiUra="34,108" who="3" fromWho="3" sc="240,-10,240,-20,260,-10,240,60" /><INIT seed="2,0,0,0,2,104" ten="230,220,250,300" oya="2" hai0="70,39,44,62,57,114,66,93,60,111,15,99,103" hai1="20,13,88,50,67,19,121,120,47,17,79,100,123" hai2="61,29,64,2,43,94,91,80,117,27,109,0,71" hai3="65,33,95,8,128,32,105,126,81,98,1,132,113"/><V46/><F117/><W9/><G105/><T56/><D111/><U125/><E125/><V75/><F109/><W112/><G126/><T37/><D114/><N who="3" m="44137" /><G132/><T77/><D77/><U135/><E135/><V10/><F10/><N who="3" m="4203" /><G1/><T51/><D15/><U108/><E108/><V130/><F130/><W83/><G65/><T7/><D7/><U74/><E100/><V96/><F80/><N who="3" m="30795" /><G128/><T131/><D131/><U129/><E67/><V116/><F116/><W48/><G48/><T31/><D31/><U45/><E129/><V6/><F6/><W134/><G134/><T72/><D70/><U18/><E79/><V85/><F85/><W21/><G21/><T11/><D11/><U3/><E3/><V14/><F14/><W34/><G95/><T55/><REACH who="0" step="1"/><D72/><REACH who="0" ten="220,220,250,300" step="2"/><U12/><E74/><V22/><F75/><W92/><G33/><T97/><D97/><U110/><E110/><V102/><F0/><W42/><G42/><AGARI ba="0,1" hai="37,39,42,44,51,55,56,57,60,62,66,93,99,103" machi="42" ten="30,2000,0" yaku="1,1,7,1,53,0" doraHai="104" doraHaiUra="23" who="0" fromWho="3" sc="220,30,220,0,250,0,300,-20" /><INIT seed="3,0,0,3,3,98" ten="250,220,250,280" oya="3" hai0="29,44,67,12,20,130,15,94,77,134,32,132,26" hai1="66,41,58,50,6,118,49,43,80,60,129,42,23" hai2="53,106,7,126,65,55,46,10,0,102,111,107,24" hai3="93,76,103,87,110,122,30,61,121,83,16,86,119"/><W71/><G119/><T78/><D67/><U84/><E118/><V14/><F126/><W109/><G30/><T95/><D130/><U101/><E129/><V124/><F124/><W108/><G71/><T19/><D44/><U79/><E6/><V11/><F111/><W123/><G61/><T2/><D15/><U72/><E72/><V85/><F65/><W4/><G4/><T17/><D17/><U82/><E82/><V5/><F24/><W105/><G16/><T89/><D95/><U131/><E131/><V57/><F102/><W113/><G113/><T59/><D59/><U56/><E56/><V112/><F112/><W92/><G87/><T45/><D45/><U3/><E3/><V13/><F85/><W1/><G1/><T51/><D51/><U69/><E69/><V114/><F114/><W8/><G8/><T90/><D2/><U127/><E127/><V96/><F0/><W128/><G128/><T116/><D116/><U68/><E68/><V70/><F70/><W120/><G122/><T62/><D62/><U34/><E34/><V39/><F96/><AGARI ba="0,0" hai="76,83,86,92,93,96,103,105,108,109,110,120,121,123" machi="96" ten="50,18000,2" yaku="14,1,10,1,34,3,52,1" doraHai="98" who="3" fromWho="2" sc="250,0,220,0,250,-180,280,180" owari="250,5.0,220,-18.0,70,-43.0,460,56.0" /></mjloggm>