<mjloggm ver="2.3"><GO type="225" lobby="0"/><UN n0="%74%61%6B%65%2D%79%6F%75" n1="%E3%81%A1%E3%82%85%E3%81%86%E3%81%A9%E3%81%8F%E8%B1%A1%E3%81%95%E3%82%93" n2="%73%6C%69%63%6B%33%31%39" n3="%E3%81%B2%E3%81%AA%E3%81%AE%E3%82%8A%E3%81%8F" dan="17,17,16,16" rate="2161.39,2182.14,2162.72,2167.79" sx="M,M,M,M"/><TAIKYOKU oya="0"/><INIT seed="0,0,0,1,4,3" ten="250,250,250,250" oya="0" hai0="55,122,88,21,9,5,52,42,29,11,35,77,105" hai1="17,48,121,56,39,86,33,64,101,16,1,66,116" hai2="128,98,47,90,53,0,22,123,37,40,124,12,134" hai3="38,4,62,126,60,93,125,71,104,92,115,32,80"/><T6/><D122/><U30/><E121/><V96/><F123/><W70/><G104/><T127/><D127/><N who="3" m="48649" /><G32/><T73/><D35/><U95/><E116/><V67/><F0/><W129/><G38/><T119/><D119/><U2/><E39/><V94/><F124/><W75/><G80/><T8/><D105/><U113/><E113/><V57/><F134/><W41/><G41/><T110/><D110/><U43/><E33/><V118/><F118/><W58/><G75/><T97/><D42/><U83/><E30/><V69/><F128/><W31/><G31/><T65/><D65/><U18/><E1/><V50/><F22/><W107/><G107/><T28/><D77/><N who="1" m="46447" /><E2/><V15/><REACH who="2" step="1"/><F98/><REACH who="2" ten="250,250,240,250" step="2"/><W99/><G99/><T111/><D97/><N who="1" m="59583" /><E43/><V109/><F109/><W74/><G129/><T72/><D111/><U24/><E24/><V81/><F81/><W10/><G115/><T135/><D135/><U46/><E46/><V34/><F34/><W23/><G23/><T102/><D21/><U36/><E36/><V25/><F25/><W91/><G93/><T100/><D9/><U114/><E114/><V87/><F87/><W106/><G92/><T79/><D79/><U120/><E120/><V44/><F44/><W26/><G10/><T112/><D112/><U45/><E45/><V76/><F76/><W14/><G106/><T61/><D61/><AGARI ba="0,1" hai="12,15,37,40,47,50,53,57,61,67,69,90,94,96" machi="61" ten="40,8000,1" yaku="1,1,24,2,53,1" doraHai="3" doraHaiUra="59" who="2" fromWho="0" sc="250,-80,250,0,240,90,250,0" /><INIT seed="1,0,0,5,1,31" ten="170,250,330,250" oya="1" hai0="65,129,20,79,114,41,113,19,53,110,107,119,66" hai1="27,26,49,11,60,70,61,15,48,9,116,21,101" hai2="120,42,57,102,17,40,78,115,13,63,1,32,125" hai3="4,67,64,76,126,96,72,84,81,93,16,99,18"/><U124/><E116/><V89/><F120/><W111/><G111/><T130/><D119/><U80/><E101/><V103/><F1/><W106/><G126/><T69/><D110/><U133/><E124/><V24/><F125/><W34/><G106/><T33/><D107/><U58/><E70/><V92/><F78/><W12/><G72/><T91/><D41/><N who="2" m="15978" /><F32/><W38/><G38/><T7/><D79/><U36/><E36/><V45/><F45/><W135/><G135/><T100/><D100/><U75/><E133/><V104/><F24/><W23/><G34/><T83/><D7/><U73/><E15/><V105/><F105/><W121/><G4/><T30/><D53/><U62/><E80/><V47/><F47/><W132/><G121/><T68/><D30/><U108/><E58/><V74/><F74/><N who="1" m="28169" /><E108/><V86/><F115/><W50/><G50/><N who="1" m="19562" /><E21/><N who="2" m="11439" /><F104/><W82/><G132/><T6/><D113/><U128/><E128/><V56/><F56/><W8/><G82/><T134/><D83/><U97/><E97/><N who="3" m="37450" /><G93/><T35/><D134/><U37/><E37/><V98/><F98/><W131/><G131/><T127/><D114/><U94/><E94/><V14/><F14/><AGARI ba="0,0" hai="8,12,14,16,18,23,64,67,76,81,84" m="37450" machi="14" ten="30,2000,0" yaku="8,1,54,1" doraHai="31" who="3" fromWho="2" sc="170,0,250,0,330,-20,250,20" /><INIT seed="2,0,0,1,5,131" ten="170,250,310,270" oya="2" hai0="116,67,78,28,125,127,53,66,2,134,6,58,126" hai1="96,75,77,92,35,52,14,68,34,3,113,76,57" hai2="84,91,64,19,37,90,10,86,118,0,12,115,103" hai3="94,33,16,89,112,38,26,99,120,105,65,108,43"/><V93/><F115/><W70/><G120/><T20/><D116/><U61/><E113/><V31/><F118/><W97/><G108/><T110/><D110/><U98/><E3/><V4/><F37/><W122/><G122/><T21/><D78/><U71/><E14/><V29/><F103/><W39/><G43/><T13/><D2/><U119/><E119/><V114/><F64/><W23/><G33/><T8/><D134/><U41/><E41/><V42/><F42/><W45/><G45/><T15/><D28/><U87/><E75/><V30/><F114/><W130/><G130/><T128/><D128/><U51/><E96/><V106/><F106/><W32/><G32/><T44/><D44/><U133/><E133/><V72/><F72/><W56/><G70/><T74/><D74/><U101/><E71/><V81/><REACH who="2" step="1"/><F0/><REACH who="2" ten="170,250,300,270" step="2"/><W124/><G112/><T11/><D67/><U88/><E68/><V46/><F46/><W100/><G124/><T83/><D66/><U5/><E35/><V7/><AGARI ba="0,1" hai="4,7,10,12,19,29,30,31,81,84,86,90,91,93" machi="7" ten="30,6000,0" yaku="1,1,0,1,8,1,53,0" doraHai="131" doraHaiUra="40" who="2" fromWho="2" sc="170,-20,250,-20,300,70,270,-20" /><INIT seed="2,1,0,0,2,108" ten="150,230,370,250" oya="2" hai0="64,65,61,51,93,29,17,119,32,79,103,49,80" hai1="14,71,110,24,77,50,116,57,63,120,36,48,26" hai2="1,74,56,21,114,131,132,68,89,83,41,86,73" hai3="95,82,40,5,43,115,38,58,47,66,111,106,102"/><V76/><F68/><W27/><G106/><T123/><D123/><U87/><E116/><V104/><F1/><W31/><G111/><T42/><D119/><U34/><E110/><V84/><F41/><W0/><G43/><T69/><D64/><U7/><E36/><V39/><F39/><W9/><G82/><T126/><D126/><U88/><E77/><V112/><F21/><W16/><G115/><N who="2" m="44073" /><F56/><W91/><G102/><T94/><D17/><U11/><E71/><V37/><F37/><W13/><G58/><T133/><D42/><U52/><E120/><V19/><F19/><W4/><G0/><T105/><D51/><N who="1" m="19499" /><E34/><V28/><F28/><W130/><G130/><T70/><D49/><U113/><E113/><V20/><F20/><W81/><G81/><AGARI ba="1,0" hai="7,11,14,24,26,52,57,63,81,87,88" m="19499" machi="81" ten="30,3900,0" yaku="8,1,54,2" doraHai="108" who="1" fromWho="3" sc="150,0,230,42,370,0,250,-42" /><INIT seed="3,0,0,5,0,2" ten="150,272,370,208" oya="3" hai0="130,53,0,110,112,51,74,70,113,33,83,128,133" hai1="100,19,54,10,24,98,69,9,47,96,127,119,11" hai2="104,52,87,77,34,102,64,85,62,93,35,61,120" hai3="13,108,80,14,134,92,86,105,8,66,82,131,22"/><W103/><G131/><N who="0" m="50219" /><D33/><U3/><E69/><V114/><F104/><W81/><G134/><T94/><D94/><U118/><E127/><V5/><F5/><W76/><G105/><T56/><D74/><U78/><E78/><V21/><F114/><N who="0" m="44138" /><D83/><U99/><E3/><V79/><F64/><W37/><G92/><T116/><D0/><U32/><E100/><V63/><F52/><W109/><G103/><T12/><D12/><U38/><E38/><V31/><F34/><W49/><G14/><T29/><D29/><U132/><E132/><V17/><F31/><W43/><G22/><T23/><D23/><U121/><E19/><V90/><F35/><W75/><G75/><T36/><D133/><U135/><E24/><V4/><F4/><W48/><G86/><T1/><D1/><U55/><E32/><V122/><F102/><W107/><G76/><T88/><D88/><U58/><E135/><V46/><F87/><W111/><G107/><T27/><D27/><U68/><E98/><V125/><F85/><W20/><G20/><T67/><D116/><U65/><E118/><V91/><F21/><W16/><REACH who="3" step="1"/><G66/><REACH who="3" ten="150,272,370,198" step="2"/><T97/><D97/><U57/><E65/><V41/><F79/><W60/><G60/><N who="0" m="40295" /><D36/><U126/><E99/><V50/><F77/><W59/><G59/><T26/><D26/><U7/><E58/><V15/><F15/><W71/><G71/><T42/><D110/><U39/><E68/><V28/><F93/><W44/><AGARI ba="0,1" hai="8,13,16,37,43,44,48,49,80,81,82,108,109,111" machi="44" ten="40,12000,1" yaku="1,1,0,1,14,1,10,1,54,1,53,0" doraHai="2" doraHaiUra="129" who="3" fromWho="3" sc="150,-40,272,-40,370,-40,198,130" /><INIT seed="3,1,0,4,4,59" ten="110,232,330,328" oya="3" hai0="112,31,24,116,88,127,20,63,10,3,38,102,85" hai1="134,56,19,71,72,120,132,49,94,30,80,97,29" hai2="98,47,64,115,50,92,16,89,43,79,114,44,62" hai3="53,6,57,108,61,96,1,131,54,26,40,117,107"/><W74/><G117/><T66/><D116/><U101/><E71/><V9/><F79/><W8/><G74/><T122/><D122/><U0/><E0/><V93/><F47/><W12/><G131/><T23/><D127/><U133/><E120/><V18/><F92/><W76/><G76/><T123/><D123/><U130/><E130/><V99/><F99/><W106/><G1/><T34/><D112/><U41/><E72/><V37/><F37/><W91/><G40/><T36/><D102/><U69/><E69/><V46/><F46/><W70/><G70/><T77/><D77/><U81/><E19/><V125/><F125/><W109/><G26/><T73/><D73/><U78/><E78/><V111/><F111/><N who="3" m="42571" /><G54/><T42/><D3/><U11/><E11/><V129/><F129/><W118/><G118/><T58/><D10/><U105/><E105/><V22/><F9/><W103/><G91/><T28/><D42/><U86/><E86/><V33/><F33/><W95/><AGARI ba="1,0" hai="6,8,12,53,57,61,95,96,103,106,107" m="42571" machi="95" ten="30,6000,0" yaku="14,1,10,1,52,1" doraHai="59" who="3" fromWho="3" sc="110,-21,232,-21,330,-21,328,63" owari="89,-41.1,211,-18.9,309,10.9,391,49.1" /></mjloggm>