<mjloggm ver="2.3"><GO type="225" lobby="0"/><UN n0="%E8%A8%88%E7%AE%97%E6%A9%9F%E8%87%AA%E7%84%B6" n1="%E3%83%AD%E3%83%83%E3%83%86%E9%9B%80%E7%90%83" n2="%E3%81%AF%E3%82%88%E3%81%8A%E3%81%98%E3%81%95%E3%82%93" n3="%E6%80%AA%E3%81%97%E3%81%99%E3%81%8E%E3%82%8B%E3%83%81%E3%83%BC" dan="17,17,16,16" rate="2223.54,2249.21,2203.27,2139.12" sx="M,M,M,M"/><TAIKYOKU oya="0"/><INIT seed="0,0,0,4,5,85" ten="250,250,250,250" oya="0" hai0="12,90,101,4,24,35,80,29,119,70,74,72,19" hai1="128,78,92,49,22,51,123,121,105,17,82,43,112" hai2="100,133,122,45,115,28,102,23,63,103,36,62,13" hai3="108,84,81,126,114,124,130,89,59,116,2,88,40"/><T42/><D119/><U66/><E105/><V104/><F104/><W110/><G116/><T52/><D70/><U31/><E31/><V99/><F115/><W76/><G114/><T132/><D42/><U54/><E112/><V71/><F122/><W9/><G130/><T3/><D101/><U107/><E107/><V7/><F133/><W91/><G40/><T5/><D132/><U25/><E128/><V86/><F99/><W94/><G59/><T129/><D129/><U134/><E134/><V30/><F45/><W10/><G94/><T125/><D125/><N who="3" m="48233" /><G2/><T93/><D52/><U127/><E66/><V73/><F73/><W47/><G47/><T32/><D35/><U97/><E43/><V6/><F36/><W15/><G10/><N who="0" m="2335" /><D80/><U8/><E8/><V53/><F71/><W16/><AGARI ba="0,0" hai="9,15,16,76,81,84,88,89,91,108,110" m="48233" machi="16" ten="40,12000,2" yaku="18,1,52,3,54,2" doraHai="85" who="3" fromWho="3" sc="250,-60,250,-30,250,-30,250,120" /><INIT seed="1,0,0,2,4,28" ten="190,220,220,370" oya="1" hai0="91,69,20,30,41,127,5,23,34,83,94,18,124" hai1="68,90,96,42,106,128,100,16,33,135,86,25,130" hai2="102,117,85,98,7,115,0,118,84,45,3,60,108" hai3="48,38,43,70,26,93,121,62,52,109,97,74,105"/><U2/><E2/><V4/><F45/><W101/><G121/><T92/><D69/><U6/><E6/><V40/><F60/><W37/><G109/><T129/><D5/><U78/><E135/><V46/><F46/><W125/><G125/><N who="0" m="48203" /><D41/><U35/><E78/><V113/><F98/><W71/><G74/><T76/><D129/><N who="1" m="49771" /><E42/><V36/><F40/><W107/><G71/><T17/><D18/><U21/><E68/><V14/><F102/><W134/><G105/><T122/><D122/><U95/><AGARI ba="0,0" hai="16,21,25,33,35,86,90,95,96,100,106" m="49771" machi="95" ten="30,11700,0" yaku="19,1,52,2,54,1" doraHai="28" who="1" fromWho="1" sc="190,-39,220,117,220,-39,370,-39" /><INIT seed="1,1,0,2,5,38" ten="151,337,181,331" oya="1" hai0="101,69,90,134,6,92,39,82,40,58,122,61,96" hai1="70,1,50,5,22,64,7,67,44,123,20,93,45" hai2="24,2,75,30,23,18,125,17,73,126,124,110,41" hai3="116,128,55,27,83,57,53,72,35,114,113,127,15"/><U68/><E1/><V120/><F120/><W78/><G128/><T104/><D134/><U36/><E36/><V119/><F119/><W107/><G116/><T131/><D131/><U54/><E93/><V135/><F135/><W3/><G3/><T60/><D122/><U98/><E123/><V65/><F110/><W46/><G107/><T42/><D39/><U59/><E98/><V33/><F2/><W80/><G127/><T25/><D6/><U102/><E102/><V79/><F65/><W34/><G83/><T105/><D69/><U84/><E84/><V111/><F111/><W132/><G132/><T52/><D60/><U95/><E95/><V13/><F79/><W21/><G15/><T51/><D51/><U10/><E50/><V100/><F100/><W11/><G11/><T129/><D129/><U63/><E10/><V14/><REACH who="2" step="1"/><F41/><REACH who="2" ten="151,337,171,331" step="2"/><N who="0" m="15978" /><D105/><U94/><E67/><V8/><AGARI ba="1,1" hai="8,13,14,17,18,23,24,30,33,73,75,124,125,126" machi="8" ten="30,7900,0" yaku="1,1,0,1,18,1,53,1" doraHai="38" doraHaiUra="19" who="2" fromWho="2" sc="151,-21,337,-40,171,92,331,-21" /><INIT seed="2,0,0,5,3,129" ten="130,297,263,310" oya="2" hai0="81,43,21,36,88,115,94,11,74,71,40,33,27" hai1="59,65,83,90,22,37,78,12,96,31,68,8,18" hai2="92,42,72,19,4,49,82,45,41,123,85,32,3" hai3="54,99,128,104,103,2,114,28,13,69,66,105,7"/><V113/><F113/><W44/><G114/><T132/><D115/><U70/><E37/><V112/><F123/><W86/><G128/><T25/><D71/><U91/><E70/><V52/><F112/><W116/><G105/><T24/><D33/><U109/><E68/><V84/><F32/><W130/><G130/><T98/><D36/><U56/><E109/><V6/><F72/><W62/><G116/><T118/><D118/><U131/><E131/><V95/><F3/><W35/><G13/><T124/><D124/><U102/><E31/><V110/><F110/><W127/><G86/><T100/><D21/><U117/><E117/><V63/><F19/><W0/><G127/><T48/><D11/><U23/><E91/><N who="2" m="53351" /><F95/><W20/><G20/><T125/><D125/><U51/><E90/><N who="2" m="51511" /><F63/><W133/><G7/><AGARI ba="0,0" hai="4,6,7,41,42,45,49,52" m="51511,53351" machi="7" ten="30,2900,0" yaku="8,1,54,1" doraHai="129" who="2" fromWho="3" sc="130,0,297,0,263,29,310,-29" /><INIT seed="2,1,0,4,0,80" ten="130,297,292,281" oya="2" hai0="41,133,22,110,11,120,121,100,19,42,37,0,54" hai1="107,63,130,57,38,106,89,127,123,51,24,81,135" hai2="34,101,119,69,46,61,14,44,94,96,27,116,104" hai3="33,9,6,76,32,132,105,70,103,12,111,13,126"/><V8/><F94/><W90/><G70/><T72/><D72/><U50/><E38/><V83/><F83/><W115/><G111/><T28/><D110/><U53/><E127/><V23/><F46/><W21/><G126/><T7/><D133/><U16/><E135/><V77/><F77/><W58/><G132/><T30/><D100/><U40/><E130/><V39/><F44/><W26/><G115/><T92/><D54/><U45/><E123/><V29/><F23/><W87/><G13/><T59/><D59/><U65/><E24/><V52/><F39/><W114/><G114/><T112/><D112/><U74/><E16/><N who="2" m="8263" /><F52/><W95/><G76/><T36/><D92/><U113/><E113/><V117/><F119/><W31/><REACH who="3" step="1"/><G58/><REACH who="3" ten="130,297,292,271" step="2"/><T2/><D11/><U124/><E124/><V79/><F79/><W47/><G47/><T97/><D120/><U18/><E57/><V93/><F117/><W15/><G15/><T17/><D121/><U86/><E45/><V134/><F134/><W88/><G88/><T1/><D1/><U35/><E89/><V78/><F78/><W82/><G82/><T48/><D7/><U5/><E5/><V64/><F116/><W85/><G85/><T108/><D108/><U71/><E86/><V98/><F98/><AGARI ba="1,1" hai="6,9,12,21,26,31,32,33,87,90,95,98,103,105" machi="98" ten="40,5200,0" yaku="1,1,52,1,53,1" doraHai="80" doraHaiUra="4" who="3" fromWho="2" sc="130,0,297,0,292,-55,271,65" /><INIT seed="3,0,0,5,4,105" ten="130,297,237,336" oya="3" hai0="19,8,76,4,110,134,95,75,32,130,38,132,3" hai1="50,37,34,91,61,11,51,99,46,1,123,92,113" hai2="28,131,69,45,82,20,5,24,128,78,42,13,89" hai3="39,73,114,116,53,102,96,72,71,15,115,36,56"/><W65/><G15/><T63/><D95/><U62/><E123/><V33/><F69/><W104/><G53/><T9/><D63/><U68/><E113/><N who="3" m="43018" /><G56/><T101/><D101/><U55/><E34/><V17/><F89/><W94/><G94/><T6/><D19/><U79/><E37/><N who="3" m="14410" /><G116/><T66/><D66/><U25/><E68/><V112/><F112/><W52/><G52/><T23/><D23/><U83/><E25/><V16/><F5/><W10/><G10/><T43/><D32/><U97/><E97/><V77/><F17/><W93/><G93/><T122/><D122/><U121/><E121/><V35/><F35/><W58/><G58/><T135/><D130/><N who="2" m="49706" /><F82/><W118/><G118/><T80/><D110/><U67/><E67/><V0/><F0/><W120/><G120/><T117/><D117/><U31/><E31/><V108/><F108/><W29/><G29/><T12/><REACH who="0" step="1"/><D132/><REACH who="0" ten="120,297,237,336" step="2"/><U124/><E62/><AGARI ba="0,1" hai="62,65,71,72,73,96,102,104" m="14410,43018" machi="62" ten="30,5800,0" yaku="23,1,52,2" doraHai="105" who="3" fromWho="1" sc="120,0,297,-58,237,0,336,68" owari="120,-38.0,239,3.9,237,-16.3,404,50.4" /></mjloggm>