<mjloggm ver="2.3"><GO type="225" lobby="0"/><UN n0="%E3%83%92%E3%82%B3" n1="%E3%81%B8%E3%82%80%E3%81%B8%E3%82%80%EF%BC%92%E5%8F%B7" n2="%4E%49%4A%49%49%52%4F" n3="%E3%81%B7%E3%82%8A%E3%82%93%E8%81%96%E4%BA%BA" dan="16,17,16,16" rate="2103.32,2167.30,2176.32,2176.00" sx="M,M,M,M"/><TAIKYOKU oya="0"/><INIT seed="0,0,0,5,3,54" ten="250,250,250,250" oya="0" hai0="88,103,71,33,70,111,94,59,87,25,49,20,4" hai1="89,134,80,7,83,50,44,0,126,38,99,16,23" hai2="121,75,43,73,98,123,85,3,84,106,48,8,41" hai3="32,56,10,34,122,91,92,127,114,116,9,125,45"/><T21/><D111/><U110/><E110/><V18/><F3/><W101/><G116/><T128/><D128/><U115/><E115/><V66/><F66/><W27/><G114/><T30/><D4/><U2/><E38/><V90/><F106/><W12/><G45/><T68/><REACH who="0" step="1"/><D103/><REACH who="0" ten="240,250,250,250" step="2"/><U108/><E108/><V74/><F123/><W55/><G101/><T133/><D133/><U69/><E7/><V129/><F121/><W97/><G122/><T47/><D47/><U5/><E5/><V67/><F129/><W26/><G125/><T42/><D42/><U63/><E126/><V104/><F43/><W76/><G127/><T135/><D135/><U57/><E134/><V58/><F41/><W77/><G34/><T51/><D51/><U37/><E37/><V35/><F48/><W15/><G32/><T28/><D28/><U13/><E44/><V39/><F35/><W120/><G120/><T107/><D107/><U53/><E50/><V131/><F39/><W105/><G105/><T65/><D65/><U31/><E31/><V60/><F104/><W61/><G76/><T118/><D118/><U24/><E0/><V46/><F131/><W86/><G77/><T52/><AGARI ba="0,1" hai="20,21,25,30,33,49,52,59,68,70,71,87,88,94" machi="52" ten="40,12000,1" yaku="1,1,0,1,52,1,54,2,53,0" doraHai="54" doraHaiUra="72" who="0" fromWho="0" sc="240,130,250,-40,250,-40,250,-40" /><INIT seed="0,1,0,1,2,34" ten="370,210,210,210" oya="0" hai0="112,50,77,108,60,89,120,125,128,71,126,98,76" hai1="18,4,111,87,134,33,99,65,57,131,2,19,107" hai2="88,80,83,132,62,46,59,68,51,95,14,116,110" hai3="11,15,129,39,49,122,32,94,121,23,69,63,81"/><T9/><D112/><U96/><E33/><V27/><F116/><W24/><G32/><T0/><D120/><N who="3" m="46185" /><G39/><T36/><D36/><U90/><E111/><V41/><F110/><W105/><G105/><T109/><D128/><U114/><E114/><V21/><F68/><W5/><G94/><N who="0" m="56655" /><D109/><U74/><E74/><V55/><F14/><W73/><G49/><T1/><D9/><U3/><E134/><V115/><F132/><W119/><G119/><T70/><D50/><U37/><E37/><V66/><F66/><W12/><G12/><T42/><D42/><U101/><E131/><V75/><F75/><W31/><G129/><T53/><D108/><U40/><E40/><V72/><F72/><W44/><G44/><T26/><D26/><U43/><E43/><V22/><F22/><W25/><G25/><T92/><D92/><U35/><E35/><V17/><REACH who="2" step="1"/><F115/><REACH who="2" ten="370,210,200,210" step="2"/><W104/><G73/><T93/><D71/><U130/><E130/><V118/><F118/><W78/><G69/><T102/><D70/><U91/><E65/><V47/><F47/><W97/><G23/><T124/><D1/><U61/><E3/><V100/><F100/><W67/><G67/><T56/><D0/><U84/><E2/><V13/><F13/><W103/><G15/><T45/><D45/><U106/><E101/><V86/><AGARI ba="1,1" hai="17,21,27,41,46,51,55,59,62,80,83,86,88,95" machi="86" ten="20,12000,2" yaku="1,1,0,1,7,1,8,1,54,1,53,1" doraHai="34" doraHaiUra="85" who="2" fromWho="2" sc="370,-61,210,-31,200,133,210,-31" /><INIT seed="1,0,0,1,2,93" ten="309,179,333,179" oya="1" hai0="118,54,63,130,1,67,49,94,31,29,135,129,101" hai1="95,100,107,25,35,28,102,69,104,80,18,106,26" hai2="111,9,33,61,114,43,120,32,13,40,122,119,83" hai3="113,77,30,88,98,76,115,16,110,75,64,11,99"/><U58/><E69/><V116/><F83/><W19/><G30/><T79/><D1/><U3/><E3/><V65/><F43/><W68/><G68/><T20/><D118/><N who="2" m="45098" /><F40/><W57/><G75/><T50/><D79/><U39/><E39/><V92/><F92/><W70/><G70/><T66/><D63/><U89/><E80/><V38/><F38/><W52/><G64/><T121/><D121/><N who="2" m="46698" /><F61/><N who="3" m="36007" /><G110/><T90/><D101/><U15/><E26/><V62/><F62/><W55/><G55/><T45/><D50/><U134/><E58/><V81/><F81/><W0/><G0/><T27/><D31/><U14/><E134/><V82/><F82/><W96/><G113/><T87/><REACH who="0" step="1"/><D135/><REACH who="0" ten="299,179,333,179" step="2"/><U12/><REACH who="1" step="1"/><E18/><REACH who="1" ten="299,169,333,179" step="2"/><N who="3" m="6698" /><G115/><T37/><D37/><U103/><E103/><V59/><F114/><W4/><G4/><T84/><D84/><AGARI ba="0,2" hai="12,14,15,25,28,35,84,89,95,100,102,104,106,107" machi="84" ten="50,4800,0" yaku="1,1,53,1" doraHai="93" doraHaiUra="85" who="1" fromWho="0" sc="299,-48,169,68,333,0,179,0" /><INIT seed="1,1,0,5,0,111" ten="251,237,333,179" oya="1" hai0="39,2,22,15,11,105,6,68,84,77,96,99,114" hai1="60,46,47,69,71,29,0,132,117,92,104,14,83" hai2="19,25,13,127,55,31,23,67,49,85,37,119,27" hai3="5,4,130,134,44,101,109,123,118,52,87,72,113"/><U21/><E117/><V62/><F37/><W34/><G101/><T91/><D39/><U131/><E104/><V18/><F127/><W32/><G87/><T30/><D68/><U17/><E0/><V108/><F108/><W56/><G44/><T41/><D77/><U73/><E131/><V93/><F119/><W53/><G56/><T75/><D75/><U125/><E132/><V28/><F85/><W128/><G109/><T88/><D91/><U94/><E125/><V81/><F93/><W97/><G97/><T65/><D65/><U82/><E71/><V78/><F78/><W90/><G90/><T48/><D105/><U112/><E112/><V24/><F81/><N who="1" m="30729" /><E69/><V135/><F135/><W95/><G95/><N who="1" m="36394" /><E73/><V57/><REACH who="2" step="1"/><F19/><REACH who="2" ten="251,237,323,179" step="2"/><W20/><G72/><T74/><D74/><U103/><E103/><V16/><F16/><W126/><G118/><T76/><D76/><U115/><E115/><V102/><F102/><W107/><G126/><T50/><D84/><U26/><E60/><V110/><F110/><W122/><G107/><T86/><D86/><U43/><E43/><V61/><F61/><W133/><G20/><AGARI ba="1,1" hai="14,17,20,21,26,29,46,47" m="36394,30729" machi="20" ten="30,1500,0" yaku="8,1" doraHai="111" who="1" fromWho="3" sc="251,0,237,28,323,0,179,-18" /><INIT seed="1,2,0,0,5,102" ten="251,265,323,161" oya="1" hai0="47,118,29,76,107,114,112,88,105,110,83,26,132" hai1="128,37,127,97,92,99,95,43,66,57,7,80,31" hai2="93,71,73,59,41,96,10,33,21,46,109,113,4" hai3="104,19,32,106,12,35,28,3,42,16,15,38,22"/><U44/><E128/><V6/><F71/><W74/><G3/><T82/><D118/><U129/><E127/><V18/><F33/><W61/><G74/><T87/><D110/><U122/><E129/><V39/><F109/><W64/><G42/><T84/><D47/><U34/><E7/><V126/><F73/><W8/><G38/><T124/><D124/><U69/><E69/><V115/><F126/><W30/><G28/><T85/><D132/><U90/><E80/><V54/><F10/><W60/><G60/><T56/><D56/><U11/><E11/><V121/><F121/><W130/><G130/><T123/><D123/><U55/><E66/><V78/><F78/><W24/><G32/><T45/><D45/><U100/><E122/><V72/><F72/><W116/><G116/><T103/><D103/><U0/><E0/><V125/><F125/><W79/><G79/><T58/><D58/><AGARI ba="2,0" hai="8,12,15,16,19,22,24,30,35,58,61,64,104,106" machi="58" ten="30,7700,0" yaku="7,1,52,2,54,1" doraHai="102" who="3" fromWho="0" sc="251,-83,265,0,323,0,161,83" /><INIT seed="2,0,0,1,3,7" ten="168,265,323,244" oya="2" hai0="121,55,88,129,128,64,97,73,134,43,25,23,69" hai1="107,5,24,74,63,11,80,42,21,123,40,39,110" hai2="75,29,120,132,22,45,133,85,54,38,0,49,101" hai3="33,103,122,37,32,71,12,78,84,35,111,19,46"/><V31/><F120/><W47/><G71/><T125/><D121/><U3/><E123/><V41/><F75/><W72/><G72/><T68/><D73/><U96/><E110/><V44/><F0/><W87/><G111/><T92/><D125/><U1/><E1/><V67/><F67/><W82/><G122/><T130/><D134/><N who="2" m="51818" /><F101/><W52/><G103/><T15/><D43/><U62/><E96/><V83/><F22/><W53/><G84/><T131/><N who="0" m="32768" /><DORA hai="50" /><T105/><D105/><U4/><E4/><V106/><F106/><W91/><G78/><AGARI ba="0,0" hai="29,31,38,41,44,45,49,54,78,83,85" m="51818" machi="78" ten="30,2900,0" yaku="20,1,52,1" doraHai="7,50" who="2" fromWho="3" sc="168,0,265,0,323,29,244,-29" /><INIT seed="2,1,0,5,1,11" ten="168,265,352,215" oya="2" hai0="92,39,108,0,126,74,53,3,130,70,59,52,34" hai1="12,81,85,96,132,125,40,16,4,98,113,32,121" hai2="17,72,47,22,104,29,80,66,84,112,2,97,1" hai3="110,19,86,18,64,100,46,75,68,6,23,33,56"/><V99/><F112/><W90/><G75/><T42/><D74/><U15/><E113/><V120/><F72/><W54/><G33/><T24/><D108/><U128/><E32/><V107/><F120/><W8/><G100/><T5/><D126/><U109/><E121/><V91/><F29/><W71/><G110/><T41/><D130/><U36/><E109/><V20/><F66/><W133/><G64/><T27/><D70/><U89/><E128/><V44/><F17/><W48/><G56/><T101/><D34/><U49/><E36/><V61/><F61/><W73/><G19/><T62/><D53/><U135/><E125/><V78/><F84/><W82/><G73/><T88/><D101/><U103/><E4/><V51/><F51/><W65/><G65/><T79/><D79/><U122/><E122/><V31/><F80/><W30/><G30/><T60/><D60/><U26/><E26/><V57/><F57/><W117/><G117/><T95/><D95/><N who="1" m="58783" /><E16/><V123/><F78/><W106/><G106/><T83/><D83/><U58/><E98/><V35/><F123/><W69/><G133/><N who="1" m="51274" /><E58/><V43/><F35/><W63/><G23/><T14/><D39/><U55/><E55/><V9/><F22/><W111/><G111/><T118/><D118/><U21/><E21/><V127/><F20/><W7/><G63/><T37/><D37/><U134/><N who="1" m="51282" /><U38/><DORA hai="94" /><E38/><V50/><F127/><W114/><REACH who="3" step="1"/><G114/><REACH who="3" ten="168,265,352,205" step="2"/><T13/><D62/><U116/><E116/><V77/><F104/><W105/><G105/><T45/><D59/><U124/><E124/><RYUUKYOKU ba="1,1" sc="168,-15,265,15,352,-15,205,15" hai1="12,15,40,49,81,85,89" hai3="6,7,8,18,46,48,54,68,69,71,82,86,90" /><INIT seed="3,2,1,0,4,75" ten="153,280,337,220" oya="3" hai0="2,71,82,97,24,29,65,130,1,91,87,116,19" hai1="28,118,43,49,129,119,0,103,36,40,83,89,41" hai2="26,67,121,22,86,120,117,37,111,64,23,58,18" hai3="92,46,6,73,122,84,69,102,9,126,107,124,114"/><W132/><G73/><T127/><D116/><N who="1" m="44587" /><E0/><V55/><F117/><W90/><G69/><T125/><D130/><U31/><E36/><V35/><F111/><W99/><G122/><N who="2" m="47209" /><F37/><W98/><G114/><T14/><D97/><U123/><E123/><V5/><F5/><W38/><G38/><T78/><D91/><U88/><E103/><V53/><F35/><W113/><G113/><T62/><D125/><N who="3" m="48233" /><G46/><T30/><D30/><N who="1" m="11307" /><E129/><V96/><F96/><N who="3" m="61895" /><G132/><T101/><D101/><U110/><E110/><V16/><F86/><W109/><G109/><T135/><D127/><U25/><E25/><N who="2" m="14583" /><F53/><W7/><G7/><T10/><REACH who="0" step="1"/><D135/><REACH who="0" ten="143,280,337,220" step="2"/><U51/><E89/><V8/><F8/><W93/><G93/><T100/><D100/><U54/><E88/><V56/><F56/><W59/><G59/><T57/><D57/><N who="1" m="32975" /><E83/><V74/><F74/><W72/><G72/><T4/><D4/><U81/><E81/><V106/><F106/><W66/><G66/><T105/><D105/><U50/><AGARI ba="2,2" hai="40,41,43,50,51" m="32975,11307,44587" machi="50" ten="40,1500,0" yaku="12,1" doraHai="75" who="1" fromWho="1" sc="143,-6,280,41,337,-6,220,-9" owari="137,-36.3,321,12.1,331,43.1,211,-18.9" /></mjloggm>