<mjloggm ver="2.3"><GO type="225" lobby="0"/><UN n0="%E6%A1%9C%E8%8A%B1%E9%96%83%E3%80%85" n1="%E3%83%B4%E3%83%A0%EF%BC%99%E3%81%A6" n2="%72%65%6E%6B%75%6E" n3="%E6%81%A5%E6%99%92%E3%81%97" dan="16,16,17,16" rate="2126.11,2117.45,2264.81,2115.01" sx="M,M,M,M"/><TAIKYOKU oya="0"/><INIT seed="0,0,0,1,3,50" ten="250,250,250,250" oya="0" hai0="108,118,122,93,51,88,101,131,73,125,83,8,47" hai1="74,52,19,11,27,25,58,66,121,29,2,67,41" hai2="1,134,90,100,87,96,95,120,12,34,14,60,109" hai3="9,92,15,45,35,22,62,48,132,104,113,111,115"/><T54/><D118/><U57/><E121/><V81/><F120/><W59/><G104/><T114/><D122/><U102/><E74/><V56/><F109/><W112/><G35/><T76/><D114/><U123/><E123/><V68/><F134/><W127/><G132/><T85/><D125/><U65/><E41/><V33/><F68/><W98/><G111/><T40/><D108/><U16/><E57/><V82/><F1/><W105/><G105/><T128/><D8/><U31/><E102/><V13/><REACH who="2" step="1"/><F82/><REACH who="2" ten="250,250,240,250" step="2"/><W117/><G115/><T75/><D75/><U38/><E2/><V86/><F86/><W79/><G113/><T55/><REACH who="0" step="1"/><D101/><REACH who="0" ten="240,250,240,250" step="2"/><U80/><E11/><V32/><F32/><W49/><G112/><T28/><D28/><U21/><E31/><V110/><F110/><W89/><G9/><T77/><D77/><U6/><E29/><V126/><F126/><W18/><G79/><T61/><D61/><U7/><E21/><V63/><F63/><W107/><G127/><T69/><D69/><U37/><E37/><V71/><F71/><W3/><G62/><T10/><D10/><U39/><E39/><V78/><F78/><W53/><G22/><T4/><D4/><U133/><E38/><V135/><F135/><W84/><G117/><T91/><D91/><U124/><E133/><V24/><F24/><W20/><G20/><T119/><D119/><U46/><E124/><V99/><F99/><W42/><G98/><T130/><AGARI ba="0,2" hai="40,47,51,54,55,73,76,83,85,88,93,128,130,131" machi="130" ten="30,18000,2" yaku="1,1,0,1,19,1,52,2,54,1,53,1" doraHai="50" doraHaiUra="36" who="0" fromWho="0" sc="240,200,250,-60,240,-60,250,-60" /><INIT seed="0,1,0,3,1,55" ten="440,190,180,190" oya="0" hai0="32,7,30,52,11,121,70,38,96,75,35,42,77" hai1="118,50,85,64,98,71,27,65,41,99,60,57,69" hai2="83,53,78,109,29,34,47,26,94,68,126,39,92" hai3="105,87,125,62,112,48,36,3,44,128,74,93,84"/><T104/><D121/><U14/><E118/><V16/><F68/><W43/><G74/><T31/><D31/><U89/><E27/><V131/><F109/><W4/><G112/><T100/><D30/><U134/><E134/><V108/><F108/><W135/><G105/><T40/><D40/><U122/><E122/><V113/><F113/><W28/><G135/><T76/><D76/><U46/><E14/><V61/><F126/><W2/><G125/><T79/><D79/><U0/><E0/><V120/><F120/><W5/><G128/><T8/><D8/><U117/><E117/><V59/><F131/><W116/><G116/><T24/><D24/><U18/><E18/><V133/><F133/><W21/><G36/><T17/><D17/><U88/><E89/><V95/><F16/><W82/><G93/><T103/><D103/><U91/><E91/><V102/><F47/><W130/><G130/><T13/><D70/><U51/><E51/><V67/><F39/><W110/><G110/><T45/><D77/><U19/><E19/><V23/><F67/><W58/><G21/><T12/><D75/><U111/><E111/><V129/><F129/><W37/><G28/><T49/><D13/><U9/><E9/><V106/><F106/><W73/><G48/><T20/><D20/><U86/><E86/><N who="3" m="32810" /><G3/><T66/><D66/><U124/><E124/><V97/><REACH who="2" step="1"/><F34/><REACH who="2" ten="440,190,170,190" step="2"/><W80/><G5/><T15/><D35/><U107/><E107/><V22/><F22/><W119/><G119/><T72/><D32/><U115/><E115/><V54/><F54/><N who="3" m="34135" /><G73/><AGARI ba="1,1" hai="23,26,29,53,59,61,73,78,83,92,94,95,97,102" machi="73" ten="30,3900,0" yaku="1,1,7,1,52,1,53,0" doraHai="55" doraHaiUra="123" who="2" fromWho="3" sc="440,0,190,0,170,52,190,-42" /><INIT seed="1,0,0,4,4,80" ten="440,190,222,148" oya="1" hai0="13,65,121,81,45,123,63,71,125,57,76,58,96" hai1="133,112,82,128,98,130,29,84,109,66,69,67,44" hai2="11,77,70,116,14,91,31,26,62,39,111,73,95" hai3="72,89,124,74,64,75,126,15,38,68,93,115,48"/><U132/><E112/><V79/><F116/><W101/><G115/><T78/><D125/><U60/><E109/><V43/><F111/><W129/><G38/><T107/><D13/><U51/><E29/><V113/><F113/><W8/><G129/><N who="1" m="49770" /><E98/><V56/><F70/><W25/><G101/><N who="0" m="62887" /><D45/><U41/><E82/><V105/><F105/><W10/><G25/><T97/><D97/><U36/><E84/><N who="2" m="52711" /><F43/><W102/><G102/><T3/><D3/><U1/><E1/><V83/><F39/><W24/><G24/><T22/><D22/><U55/><E66/><N who="2" m="39239" /><F83/><W120/><G120/><N who="0" m="46155" /><D78/><U7/><E7/><N who="2" m="3455" /><F73/><AGARI ba="0,0" hai="57,58,63,65,71,73,76,81" m="46155,62887" machi="73" ten="30,1000,0" yaku="13,1" doraHai="80" who="0" fromWho="2" sc="440,10,190,0,222,-10,148,0" /><INIT seed="2,0,0,0,5,2" ten="450,190,212,148" oya="2" hai0="107,97,103,116,67,35,85,126,61,10,49,117,111" hai1="15,41,62,12,89,3,51,31,55,20,39,30,100" hai2="23,24,63,109,102,13,46,75,58,122,59,66,38" hai3="37,114,8,119,87,76,65,14,60,52,94,106,11"/><V104/><F122/><W105/><G119/><N who="0" m="45643" /><D111/><U93/><E3/><V74/><F109/><W0/><G37/><T53/><D126/><U5/><E100/><V56/><F13/><W82/><G114/><T72/><D72/><U99/><E39/><V4/><F104/><W50/><G94/><T34/><D85/><U45/><E12/><V113/><F102/><W27/><G27/><T33/><D10/><N who="1" m="4559" /><E20/><V83/><F113/><W133/><G133/><T90/><D90/><U91/><E91/><V57/><F83/><W128/><G128/><T118/><D118/><U64/><E64/><V135/><F135/><W84/><G84/><T101/><D101/><U6/><E6/><V7/><F74/><W73/><G73/><T125/><D125/><U1/><E1/><V28/><REACH who="2" step="1"/><F75/><REACH who="2" ten="450,190,202,148" step="2"/><W54/><G0/><T22/><D107/><U42/><E42/><AGARI ba="0,1" hai="4,7,23,24,28,38,42,46,56,57,58,59,63,66" machi="42" ten="40,12000,1" yaku="1,1,2,1,52,2,53,0" doraHai="2" doraHaiUra="124" who="2" fromWho="1" sc="450,0,190,-120,202,130,148,0" /><INIT seed="2,1,0,1,1,88" ten="450,70,332,148" oya="2" hai0="106,17,116,8,135,97,100,74,33,15,47,86,85" hai1="43,80,3,69,62,78,63,83,53,0,127,57,103" hai2="111,20,25,115,126,95,131,48,42,65,23,30,125" hai3="13,49,89,24,113,104,68,118,27,109,105,94,99"/><V61/><F115/><W133/><G68/><T18/><D135/><U29/><E127/><N who="2" m="48651" /><F131/><W12/><G118/><T73/><D116/><U45/><E29/><V41/><F111/><W64/><G109/><T6/><D33/><U55/><E103/><V84/><F48/><W2/><G2/><T14/><D6/><U36/><E80/><V81/><F23/><W58/><G133/><T119/><D119/><U26/><E26/><V4/><F4/><W82/><G104/><T79/><D47/><U72/><REACH who="1" step="1"/><E69/><REACH who="1" ten="450,60,332,148" step="2"/><N who="2" m="42159" /><F95/><W128/><G128/><T129/><D129/><U101/><E101/><V93/><F93/><W44/><G105/><T92/><D106/><U39/><E39/><V76/><AGARI ba="1,1" hai="20,25,30,41,42,76,81,84" m="42159,48651" machi="76" ten="30,1500,0" yaku="18,1" doraHai="88" who="2" fromWho="2" sc="450,-6,60,-6,332,28,148,-6" /><INIT seed="2,2,0,3,0,58" ten="444,54,360,142" oya="2" hai0="32,44,43,85,86,6,89,124,37,30,69,63,40" hai1="52,29,96,75,41,45,12,87,127,35,62,53,133" hai2="9,56,51,95,19,5,4,70,33,101,66,120,27" hai3="42,91,74,36,11,98,50,131,21,83,84,116,24"/><V130/><F120/><W17/><G131/><T2/><D124/><U54/><E75/><V68/><F130/><W113/><G116/><T99/><D43/><U126/><E133/><V110/><F110/><W122/><G122/><T119/><D119/><U114/><E114/><V79/><F79/><W55/><G74/><T23/><D23/><U108/><E108/><V15/><F70/><W117/><G117/><T59/><D69/><U100/><E87/><V16/><F68/><W39/><G42/><T8/><D99/><U112/><E112/><V61/><F51/><W7/><G98/><T109/><D109/><U3/><E3/><V78/><F78/><W77/><G77/><T1/><D1/><U72/><E12/><V0/><F101/><W82/><G113/><T97/><D97/><U60/><E72/><V28/><REACH who="2" step="1"/><F95/><REACH who="2" ten="444,54,350,142" step="2"/><N who="3" m="54759" /><G39/><T107/><D89/><U125/><E29/><V57/><F57/><N who="3" m="33015" /><G36/><T128/><D128/><U73/><E73/><V26/><F26/><W18/><G83/><T25/><D107/><N who="1" m="63879" /><E35/><V81/><F81/><W67/><G82/><T111/><D111/><U105/><E105/><V115/><F115/><W34/><G24/><T10/><D10/><AGARI ba="2,1" hai="0,4,5,9,10,15,16,19,27,28,33,56,61,66" machi="10" ten="40,7700,0" yaku="1,1,52,1,54,1,53,0" doraHai="58" doraHaiUra="121" who="2" fromWho="0" sc="444,-83,54,0,350,93,142,0" /><INIT seed="2,3,0,4,5,105" ten="361,54,443,142" oya="2" hai0="77,55,6,8,65,43,10,99,114,111,75,122,0" hai1="66,71,28,86,40,124,121,17,88,14,125,38,89" hai2="74,44,39,97,35,69,53,4,100,94,23,56,85" hai3="133,67,120,110,15,20,30,117,132,135,95,37,68"/><V2/><F69/><W90/><G117/><T103/><D122/><U129/><E121/><V84/><F35/><W81/><G120/><T19/><D114/><U70/><E129/><V123/><F123/><W7/><G37/><T9/><D111/><U25/><E40/><V96/><F74/><W58/><G110/><T93/><D65/><U79/><E38/><V11/><F23/><W109/><G109/><T50/><D43/><U131/><E131/><V80/><F39/><W101/><G7/><T46/><REACH who="0" step="1"/><D19/><REACH who="0" ten="351,54,443,142" step="2"/><U112/><E112/><V128/><F128/><W3/><G132/><T42/><D42/><U73/><E66/><V16/><F16/><W130/><G133/><T51/><D51/><U5/><E5/><V87/><F44/><W21/><G67/><T127/><D127/><N who="1" m="48715" /><E70/><V76/><REACH who="2" step="1"/><F96/><REACH who="2" ten="351,54,433,142" step="2"/><W12/><G68/><T52/><D52/><U60/><E71/><V118/><F118/><W1/><G135/><T45/><D45/><U102/><E86/><V48/><AGARI ba="3,2" hai="2,4,11,48,53,56,76,80,84,85,87,94,97,100" machi="48" ten="20,3900,0" yaku="1,1,0,1,7,1,53,0" doraHai="105" doraHaiUra="31" who="2" fromWho="2" sc="351,-16,54,-16,433,68,142,-16" /><INIT seed="2,4,0,4,3,70" ten="335,38,501,126" oya="2" hai0="13,108,91,8,135,131,7,118,61,114,41,50,3" hai1="18,107,101,80,45,49,29,124,102,20,122,78,6" hai2="84,12,97,76,19,112,4,85,5,75,30,9,0" hai3="134,31,71,14,73,117,87,48,77,42,109,32,44"/><V92/><F112/><W34/><G117/><T43/><D114/><U133/><E133/><V125/><F125/><W110/><G71/><T115/><D115/><U2/><E124/><V55/><F30/><W64/><G73/><T17/><D135/><U96/><E122/><V67/><F67/><W86/><G134/><T127/><D127/><U82/><E101/><V26/><F26/><W83/><G64/><T24/><D118/><U106/><E29/><V27/><F27/><W39/><G39/><T46/><D108/><N who="3" m="41577" /><G14/><T98/><D131/><U88/><E106/><V22/><F4/><W21/><G87/><T66/><D24/><AGARI ba="4,0" hai="21,24,31,32,34,42,44,48,77,83,86" m="41577" machi="24" ten="30,1000,0" yaku="14,1" doraHai="70" who="3" fromWho="0" sc="335,-22,38,0,501,0,126,22" /><INIT seed="3,0,0,3,4,102" ten="313,38,501,148" oya="3" hai0="43,30,68,122,78,29,46,12,55,41,120,22,95" hai1="116,52,24,32,23,103,91,74,0,73,75,39,49" hai2="70,64,35,93,113,42,21,16,117,67,134,82,135" hai3="101,111,128,98,26,87,79,88,71,33,94,129,36"/><W37/><G71/><T85/><D68/><U125/><E39/><V115/><F35/><W11/><G11/><T104/><D104/><U54/><E125/><V81/><F42/><N who="0" m="15882" /><D122/><U60/><E116/><V131/><F131/><N who="3" m="50251" /><G79/><T127/><D127/><U58/><E0/><V28/><F117/><W63/><G63/><T96/><D120/><U7/><E7/><V80/><F70/><W90/><G90/><N who="0" m="55415" /><D55/><U9/><E9/><V17/><F113/><W109/><G26/><T31/><D46/><U105/><E91/><V40/><F115/><W89/><G89/><T25/><D12/><U83/><E32/><V99/><F135/><W84/><G84/><T132/><D132/><U72/><N who="1" m="18432" /><DORA hai="108" /><U1/><E1/><V114/><F114/><W100/><G100/><T106/><D106/><U126/><E126/><V107/><F107/><N who="3" m="63927" /><G33/><T110/><D110/><AGARI ba="0,0" hai="36,37,87,88,94,109,110,111" m="63927,50251" machi="110" ten="30,12000,1" yaku="14,1,10,1,19,1,52,1,54,1" doraHai="102,108" who="3" fromWho="0" sc="313,-120,38,0,501,0,148,120" /><INIT seed="3,1,0,0,5,98" ten="193,38,501,268" oya="3" hai0="83,53,28,16,29,84,51,47,134,135,109,87,114" hai1="99,116,117,74,115,63,12,55,95,113,21,133,122" hai2="97,105,107,24,5,17,88,30,2,90,42,128,40" hai3="50,124,15,65,44,34,48,27,78,66,120,43,85"/><W121/><G34/><T64/><D109/><U4/><E63/><V45/><F128/><W112/><G27/><T11/><D114/><U19/><E55/><V130/><F130/><W56/><G15/><N who="0" m="7295" /><D64/><U58/><E58/><V125/><F125/><W26/><G26/><T91/><D84/><U68/><E68/><V100/><F107/><W49/><G85/><T96/><D96/><U54/><E54/><V69/><F69/><W79/><G112/><T127/><D127/><U6/><E74/><V104/><F104/><W111/><G124/><T41/><D41/><U93/><E93/><V3/><F17/><W119/><G79/><T75/><D75/><U18/><E95/><V110/><F110/><W10/><G78/><T57/><D57/><U31/><E99/><V35/><F42/><W52/><G10/><T37/><D37/><U73/><E73/><V94/><F5/><W61/><G111/><T7/><D7/><U13/><E122/><N who="3" m="47210" /><G119/><T9/><D9/><U23/><REACH who="1" step="1"/><E31/><AGARI ba="1,0" hai="28,29,31,47,51,53,83,87,91,134,135" m="7295" machi="31" ten="30,2000,0" yaku="25,1,54,1" doraHai="98" who="0" fromWho="1" sc="193,23,38,-23,501,0,268,0" owari="216,-18.4,15,-48.5,501,60.1,268,6.8" /></mjloggm>