<mjloggm ver="2.3"><GO type="225" lobby="0"/><UN n0="%E3%81%82%E3%82%93%E3%81%AA%E3%81%A4" n1="%E3%83%AD%E3%83%83%E3%83%86%E9%9B%80%E7%90%83" n2="%E6%80%AA%E3%81%97%E3%81%99%E3%81%8E%E3%82%8B%E3%83%81%E3%83%BC" n3="%E7%82%BA%E4%BA%86%E6%89%93%E6%95%97%E7%94%B7%E5%8F%8B%E7%9A%84" dan="16,17,16,16" rate="2153.56,2258.34,2164.11,2042.50" sx="M,M,M,F"/><TAIKYOKU oya="0"/><INIT seed="0,0,0,2,0,100" ten="250,250,250,250" oya="0" hai0="17,32,25,37,86,16,93,54,66,85,123,34,126" hai1="78,22,14,51,79,102,89,104,75,23,50,105,0" hai2="31,96,76,18,118,121,130,65,133,28,20,132,71" hai3="60,63,88,91,114,82,49,127,80,83,41,115,128"/><T108/><D123/><U107/><E102/><V61/><F121/><W81/><G128/><T47/><D126/><U98/><E0/><V72/><F130/><W68/><G127/><T29/><D34/><U12/><E89/><V1/><F1/><W69/><N who="3" m="20480" /><DORA hai="36" /><W122/><G122/><T124/><D124/><U26/><E98/><V44/><F76/><N who="1" m="29225" /><E26/><N who="2" m="14615" /><F72/><W5/><G5/><T67/><D86/><U64/><E64/><V2/><F2/><W4/><G4/><T21/><D108/><U99/><E99/><V3/><F3/><W24/><G24/><T35/><D35/><U125/><E125/><V112/><F112/><N who="3" m="43051" /><G41/><T13/><D17/><U10/><E10/><V53/><F96/><W111/><G49/><N who="1" m="18442" /><E75/><V19/><F118/><W84/><G84/><T131/><D131/><U119/><E119/><V48/><F19/><W109/><G69/><T135/><D85/><U117/><E117/><V110/><F110/><N who="3" m="41995" /><G68/><T134/><D25/><U15/><AGARI ba="0,0" hai="12,14,15,22,23,104,105,107" m="18442,29225" machi="15" ten="40,8000,1" yaku="28,2,52,3" doraHai="100,36" who="1" fromWho="1" sc="250,-40,250,80,250,-20,250,-20" /><INIT seed="1,0,0,1,0,103" ten="210,330,230,230" oya="1" hai0="54,134,0,43,11,59,40,9,90,104,61,79,95" hai1="87,125,96,27,100,17,51,132,69,52,129,46,19" hai2="118,4,130,6,45,55,48,84,63,49,82,32,26" hai3="24,86,12,128,68,67,14,62,112,124,16,33,28"/><U89/><E125/><V71/><F118/><W109/><G124/><T8/><D0/><U64/><E129/><V72/><F72/><W50/><G112/><T20/><D134/><U29/><E132/><V39/><F130/><W37/><G37/><T30/><D79/><U83/><E64/><V35/><F39/><W23/><G109/><T13/><D104/><U47/><E47/><V76/><F49/><W133/><G133/><T107/><D107/><U53/><E53/><V93/><F93/><W73/><G73/><T111/><D111/><U127/><E69/><V57/><F71/><W113/><G113/><T94/><D94/><U15/><E15/><V56/><F56/><W58/><G86/><N who="0" m="52695" /><D13/><U44/><E44/><V10/><F26/><AGARI ba="0,0" hai="8,9,11,20,26,30,40,43,54,59,61" m="52695" machi="26" ten="30,1000,0" yaku="8,1" doraHai="103" who="0" fromWho="2" sc="210,10,330,0,230,-10,230,0" /><INIT seed="2,0,0,1,1,135" ten="220,330,220,230" oya="2" hai0="93,115,116,88,128,124,85,60,30,55,100,28,96" hai1="11,61,126,18,39,118,22,108,113,75,8,48,97" hai2="57,62,5,0,38,79,104,76,53,121,40,10,122" hai3="37,120,45,1,90,94,47,27,107,74,71,105,23"/><V21/><F104/><W129/><G120/><T58/><D115/><U102/><E39/><V117/><F117/><W127/><G74/><T119/><D128/><U25/><E126/><V134/><F134/><W49/><G1/><T17/><D124/><U106/><E75/><V125/><F125/><W13/><G71/><T2/><D2/><U51/><E113/><V54/><F21/><W83/><G127/><T34/><D34/><U111/><E118/><N who="0" m="45097" /><D17/><U12/><E61/><V103/><F103/><W92/><G13/><T68/><D68/><U89/><E89/><V77/><REACH who="2" step="1"/><F53/><REACH who="2" ten="220,330,210,230" step="2"/><W7/><G107/><AGARI ba="0,1" hai="28,30,55,58,60,85,88,93,96,100,107" m="45097" machi="107" ten="30,2000,0" yaku="12,1,54,1" doraHai="135" who="0" fromWho="3" sc="220,30,330,0,210,0,230,-20" /><INIT seed="3,0,0,3,4,54" ten="250,330,210,210" oya="3" hai0="32,59,0,107,67,39,37,128,92,111,130,114,43" hai1="42,106,14,30,5,23,11,51,98,77,4,48,87" hai2="19,46,16,20,115,53,76,44,84,73,13,125,49" hai3="132,69,102,127,28,12,38,1,24,18,26,91,104"/><W75/><G1/><T129/><D107/><U99/><E106/><V45/><F115/><W10/><G69/><T119/><D111/><U56/><E4/><V124/><F73/><W113/><G113/><T86/><D114/><U122/><E122/><V40/><F19/><W116/><G116/><T35/><D0/><U109/><E109/><V29/><F29/><W31/><G38/><N who="0" m="14347" /><D43/><U6/><E6/><V105/><F105/><W103/><G75/><T21/><D21/><U88/><E77/><V101/><F101/><N who="3" m="38411" /><G104/><T81/><D92/><N who="1" m="54303" /><E56/><N who="2" m="32815" /><F40/><W63/><G132/><T131/><D119/><U100/><E100/><V41/><F41/><W74/><G74/><T83/><D83/><U55/><E42/><V33/><F33/><W120/><G120/><T123/><D123/><U82/><E82/><N who="2" m="47175" /><F125/><W60/><G127/><T71/><D71/><U66/><E66/><V68/><F68/><W117/><G117/><T112/><D112/><U96/><E55/><V108/><F108/><W95/><G31/><T97/><D131/><U57/><E57/><V15/><F124/><W17/><G28/><T8/><D32/><U7/><E7/><V118/><F118/><W2/><G2/><T85/><D35/><U22/><E30/><V135/><F135/><W134/><G134/><T89/><D129/><U79/><E79/><V47/><N who="2" m="11264" /><DORA hai="121" /><V52/><F52/><W133/><G133/><T61/><D130/><U94/><E94/><V25/><AGARI ba="0,0" hai="13,15,16,20,25" m="11264,47175,32815" machi="25" ten="40,5200,0" yaku="8,1,52,1,54,1" doraHai="54,121" who="2" fromWho="2" sc="250,-13,330,-13,210,52,210,-26" owari="237,-16.3,317,41.7,262,6.2,184,-31.6" /></mjloggm>