<mjloggm ver="2.3"><GO type="225" lobby="0"/><UN n0="%E3%81%BF%E3%81%BF%E3%81%9A" n1="%E3%82%BC%E3%83%AB%E3%83%80%E3%81%AE%E4%BC%9D%E8%AA%AC" n2="%E5%8D%A0%E3%81%84%E5%B8%AB%E8%A3%8F%E3%81%AA%E3%81%84%E3%81%97" n3="%E3%81%BD%E3%82%8D" dan="18,17,17,16" rate="2217.59,2237.77,2186.77,2126.93" sx="M,M,M,M"/><TAIKYOKU oya="0"/><INIT seed="0,0,0,1,1,20" ten="250,250,250,250" oya="0" hai0="24,38,21,17,64,35,63,14,84,1,57,59,2" hai1="47,65,0,49,37,82,53,9,93,27,76,115,8" hai2="111,75,120,81,106,77,86,134,44,40,130,33,62" hai3="23,13,114,105,69,135,132,50,118,124,74,3,12"/><T133/><D133/><U128/><E128/><V122/><F130/><W26/><G50/><T87/><D38/><U60/><E115/><V99/><F134/><N who="3" m="51243" /><G69/><T51/><D35/><U90/><E0/><V32/><F62/><W129/><G74/><T58/><D2/><U95/><E37/><N who="2" m="21519" /><F86/><N who="0" m="32810" /><D1/><U109/><E109/><V15/><F15/><N who="3" m="5707" /><G105/><T18/><D51/><U98/><E95/><V131/><F131/><W116/><G129/><T123/><D123/><N who="2" m="47146" /><F111/><W66/><G66/><T127/><D127/><U72/><REACH who="1" step="1"/><E27/><REACH who="1" ten="250,240,250,250" step="2"/><V5/><F5/><W25/><G3/><T79/><D79/><U78/><E78/><V42/><F42/><W126/><G114/><T7/><D7/><U52/><E52/><V31/><F31/><N who="3" m="17887" /><G25/><T54/><D54/><U4/><E4/><V43/><F43/><W85/><G85/><T6/><D6/><U83/><E83/><V92/><F92/><W73/><G73/><T71/><D71/><AGARI ba="0,1" hai="8,9,47,49,53,60,65,71,72,76,82,90,93,98" machi="71" ten="30,2000,0" yaku="1,1,7,1,53,0" doraHai="20" doraHaiUra="108" who="1" fromWho="0" sc="250,-20,240,30,250,0,250,0" /><INIT seed="1,0,0,4,2,19" ten="230,270,250,250" oya="1" hai0="52,69,14,9,105,123,41,109,120,17,135,22,81" hai1="111,104,49,5,87,57,2,132,77,115,96,21,4" hai2="82,76,48,12,114,25,10,16,13,61,68,35,7" hai3="74,100,79,58,23,99,78,116,46,103,83,112,67"/><U64/><E115/><V55/><F114/><W129/><G112/><T39/><D69/><U71/><E71/><V6/><F35/><W34/><G34/><T134/><D105/><U1/><E132/><N who="0" m="50729" /><D109/><U26/><E111/><V113/><F113/><W108/><G108/><T54/><D81/><U126/><E126/><V98/><F25/><W124/><G124/><T86/><D86/><U102/><E77/><V133/><F133/><W45/><G116/><T110/><D110/><U94/><E104/><V93/><F12/><W24/><G79/><T47/><D9/><U131/><E87/><V106/><F106/><W20/><G129/><T127/><D127/><U29/><E131/><V121/><F121/><AGARI ba="0,0" hai="14,17,22,39,41,47,52,54,120,121,123" m="50729" machi="121" ten="30,7700,0" yaku="13,1,20,1,52,1,54,1" doraHai="19" who="0" fromWho="2" sc="230,77,270,0,250,-77,250,0" /><INIT seed="2,0,0,4,0,47" ten="307,270,173,250" oya="2" hai0="25,39,14,41,56,86,57,17,123,88,104,83,24" hai1="6,64,2,35,30,130,120,11,8,3,15,103,107" hai2="95,125,90,96,82,110,77,118,117,59,98,124,133" hai3="58,128,108,131,29,87,85,46,112,49,5,26,99"/><V72/><F59/><W105/><G108/><T16/><D104/><U22/><E64/><V73/><F110/><W61/><G5/><T31/><D123/><U45/><E45/><V65/><F65/><N who="3" m="39095" /><G112/><T91/><D39/><U52/><E52/><V60/><F60/><W50/><G99/><T62/><D41/><U101/><E107/><V127/><F133/><W102/><G46/><T116/><D116/><U51/><E51/><N who="3" m="19466" /><G105/><T37/><D37/><U1/><E120/><V34/><F34/><W84/><G102/><T94/><D62/><U71/><E103/><V23/><F23/><N who="3" m="15583" /><G131/><T12/><D31/><U10/><E101/><V20/><F20/><W81/><G128/><T113/><D113/><U79/><E71/><V93/><F72/><W89/><AGARI ba="0,0" hai="81,84,85,87,89" m="15583,19466,39095" machi="89" ten="30,7900,0" yaku="8,1,52,3" doraHai="47" who="3" fromWho="3" sc="307,-20,270,-20,173,-39,250,79" /><INIT seed="3,0,0,3,4,4" ten="287,250,134,329" oya="3" hai0="39,38,128,47,49,118,35,24,127,26,29,22,99" hai1="101,15,82,57,13,107,41,81,97,25,36,63,135" hai2="85,89,42,68,91,17,18,43,8,69,120,12,61" hai3="44,31,62,1,123,19,14,121,105,27,122,33,77"/><W134/><G105/><T132/><D127/><U10/><E135/><V48/><F120/><W124/><G77/><T45/><D132/><U106/><E106/><V2/><F2/><W34/><G134/><T113/><D113/><U0/><E0/><V86/><F48/><W133/><G133/><T40/><D128/><U110/><E110/><V20/><F20/><W112/><G44/><T23/><D118/><U102/><E102/><V79/><F79/><W131/><G62/><T67/><D67/><U72/><E72/><V87/><F61/><W21/><G124/><T104/><D35/><N who="3" m="13321" /><G1/><T28/><REACH who="0" step="1"/><D45/><REACH who="0" ten="277,250,134,329" step="2"/><U96/><E96/><V115/><F115/><W58/><G131/><T114/><D114/><U126/><E126/><V53/><F53/><W46/><G46/><T84/><D84/><U59/><E36/><V76/><F76/><W54/><G112/><T98/><D98/><U5/><E41/><V108/><F108/><W56/><G54/><T93/><D93/><U11/><E25/><V109/><F109/><W129/><G129/><T7/><D7/><U37/><E37/><V95/><F95/><W6/><G6/><T130/><D130/><U64/><E59/><V9/><REACH who="2" step="1"/><F86/><REACH who="2" ten="277,250,124,329" step="2"/><W100/><G123/><T51/><D51/><U103/><E63/><V70/><F70/><W75/><G122/><T16/><D16/><U74/><E107/><V90/><F90/><W111/><G121/><T116/><D116/><U83/><E83/><V117/><F117/><W92/><G19/><T60/><D60/><U32/><E82/><V30/><F30/><W125/><G31/><RYUUKYOKU ba="0,2" sc="277,15,250,-15,124,15,329,-15" hai0="22,23,24,26,28,29,38,39,40,47,49,99,104" hai2="8,9,12,17,18,42,43,68,69,85,87,89,91" owari="292,9.2,235,-16.5,139,-36.1,334,43.4" /></mjloggm>