<mjloggm ver="2.3"><GO type="225" lobby="0"/><UN n0="%E3%81%AF%E3%82%88%E3%81%8A%E3%81%98%E3%81%95%E3%82%93" n1="%6D%75%75%6D%75%72%61" n2="%73%6C%69%63%6B%33%31%39" n3="%E6%B4%BE%E9%81%A3%E3%81%AE%E3%82%B8%E3%83%A3%E3%83%83%E3%82%AF" dan="17,16,16,17" rate="2238.27,2073.10,2060.82,2173.76" sx="M,F,M,M"/><TAIKYOKU oya="0"/><INIT seed="0,0,0,1,4,113" ten="250,250,250,250" oya="0" hai0="19,36,38,91,42,61,86,117,17,26,28,99,121" hai1="23,127,79,123,88,122,43,109,65,3,118,30,66" hai2="129,125,83,107,115,33,52,11,63,64,57,104,75" hai3="41,71,95,94,98,112,77,24,40,44,87,21,7"/><T4/><D121/><U32/><E32/><V124/><F115/><W81/><G71/><T14/><D99/><U1/><E79/><N who="2" m="44543" /><F33/><W53/><G112/><T8/><D117/><U103/><E118/><V35/><F35/><W84/><G7/><T102/><D102/><U46/><E103/><V5/><F64/><W6/><G6/><T67/><D42/><U60/><E109/><V58/><F58/><W72/><G53/><T80/><D38/><U133/><E133/><V76/><F76/><W37/><G41/><T50/><D50/><U62/><E127/><N who="2" m="48715" /><F129/><W45/><G45/><T120/><D36/><U101/><E101/><V126/><N who="2" m="48723" /><V54/><DORA hai="69" /><F54/><W105/><G105/><T132/><D120/><U134/><E134/><V85/><F85/><W18/><REACH who="3" step="1"/><G95/><REACH who="3" ten="250,250,250,240" step="2"/><T51/><D132/><U59/><E122/><V47/><F47/><W114/><G114/><T131/><D131/><U116/><E123/><V39/><F39/><W97/><G97/><T110/><D110/><U128/><E128/><V78/><F78/><W2/><G2/><AGARI ba="0,1" hai="2,5,11,52,57,63,104,107" m="48723,44543" machi="2" ten="40,2600,0" yaku="18,1,54,1" doraHai="113,69" who="2" fromWho="3" sc="250,0,250,0,250,36,240,-26" /><INIT seed="1,0,0,1,0,24" ten="250,250,286,214" oya="1" hai0="97,125,19,67,35,88,73,15,80,29,49,25,65" hai1="122,36,6,47,22,134,128,50,48,37,98,94,105" hai2="115,54,132,23,32,43,89,127,53,9,107,110,85" hai3="59,71,21,116,100,20,77,124,106,45,26,40,57"/><U17/><E122/><V90/><F32/><W12/><G71/><T69/><D125/><U63/><E128/><V66/><F107/><W119/><G77/><T39/><D39/><U95/><E134/><V93/><F127/><W92/><G106/><T101/><D49/><U2/><E105/><V112/><F132/><W52/><G124/><T118/><D118/><N who="3" m="45097" /><G12/><T75/><D75/><U111/><E111/><V120/><F120/><W10/><G10/><T55/><D55/><U70/><E6/><V14/><F66/><W78/><G78/><T130/><D69/><U133/><E2/><V4/><F43/><W28/><G20/><T109/><D130/><U68/><E133/><V102/><F102/><W131/><G131/><T0/><D0/><U99/><E22/><V123/><F123/><W38/><G52/><T64/><D109/><U86/><E17/><V113/><F110/><W135/><G135/><T18/><D15/><U121/><E121/><V62/><F62/><W79/><G79/><T13/><D13/><U51/><E51/><V16/><REACH who="2" step="1"/><F90/><REACH who="2" ten="250,250,276,214" step="2"/><W34/><G34/><T11/><D88/><U104/><E104/><V56/><F56/><W108/><G108/><T96/><D101/><U117/><E117/><V61/><F61/><W58/><G58/><T46/><D35/><U82/><E63/><V114/><N who="2" m="28672" /><DORA hai="27" /><V44/><F44/><W103/><G103/><T8/><D46/><U74/><E47/><V5/><F5/><W72/><G72/><T7/><D73/><U76/><E74/><V129/><F129/><W81/><G81/><T91/><D80/><RYUUKYOKU ba="0,1" sc="250,-15,250,-15,276,15,214,15" hai2="4,9,14,16,23,53,54,85,89,93" hai3="21,26,28,38,40,45,57,59,92,100" /><INIT seed="2,1,1,3,3,98" ten="235,235,291,229" oya="2" hai0="59,82,71,66,3,83,116,34,89,127,99,72,108" hai1="69,52,65,8,93,78,10,12,29,63,11,115,33" hai2="58,91,84,47,36,23,129,50,44,88,105,5,134" hai3="6,56,110,133,38,13,109,14,81,48,87,57,22"/><V75/><F75/><W32/><G32/><T68/><D34/><U120/><E115/><V94/><F105/><W46/><G133/><T97/><D3/><U74/><E120/><V67/><F134/><W123/><G38/><T85/><D108/><N who="3" m="41577" /><G123/><T42/><D127/><U124/><E124/><V114/><F114/><W132/><G132/><T30/><D30/><U130/><E130/><V37/><F129/><W25/><G13/><T61/><D42/><U20/><E33/><V4/><F36/><W113/><G113/><T9/><D9/><U107/><E107/><V111/><F37/><W40/><G14/><T19/><D19/><U62/><E93/><N who="2" m="54407" /><F23/><W28/><G6/><N who="2" m="2665" /><F111/><W18/><G28/><T64/><D116/><U125/><E125/><V101/><F101/><W128/><G128/><T2/><D2/><U70/><E29/><V131/><F131/><W21/><G21/><T103/><D103/><U90/><E20/><V16/><F16/><W51/><G51/><T0/><D0/><U80/><E12/><V92/><F92/><W24/><G24/><T135/><D135/><U95/><E11/><V39/><F39/><W122/><G122/><T26/><D26/><U53/><E10/><V118/><F118/><W31/><G31/><T7/><D7/><U49/><E8/><V106/><F106/><W126/><G126/><T119/><D119/><U117/><E117/><V60/><F50/><W35/><G35/><T96/><D72/><U15/><E15/><V112/><F112/><W73/><G73/><T17/><D17/><U54/><E49/><V77/><F77/><AGARI ba="1,1" hai="18,22,25,40,46,48,56,57,77,81,87" m="41577" machi="77" ten="30,2000,0" yaku="6,1,14,1" doraHai="98" who="3" fromWho="2" sc="235,0,235,0,291,-23,229,33" /><INIT seed="3,0,0,2,0,17" ten="235,235,268,262" oya="3" hai0="62,125,2,101,128,61,58,63,59,72,39,97,107" hai1="119,8,50,90,105,40,32,115,110,19,132,55,12" hai2="92,26,83,111,81,114,82,77,71,52,91,80,57" hai3="96,102,38,14,93,34,1,64,116,130,3,54,79"/><W104/><G116/><T76/><D125/><U131/><E115/><V74/><F114/><W48/><G38/><T120/><D120/><U60/><E119/><V11/><F111/><W51/><G34/><T127/><D127/><U113/><E113/><V37/><F71/><W75/><G64/><T21/><D128/><U69/><E110/><V122/><F37/><W0/><G130/><T53/><D2/><U43/><E131/><V99/><F122/><W9/><G93/><T31/><D39/><U65/><E132/><V6/><F26/><W4/><REACH who="3" step="1"/><G54/><REACH who="3" ten="235,235,268,252" step="2"/><T35/><D53/><U129/><E129/><V13/><F81/><AGARI ba="0,1" hai="0,1,3,4,9,14,48,51,75,79,81,96,102,104" machi="81" ten="40,12000,1" yaku="1,1,2,1,53,3" doraHai="17" doraHaiUra="33" who="3" fromWho="2" sc="235,0,235,0,268,-120,252,130" owari="235,3.5,235,-16.5,148,-35.2,382,48.2" /></mjloggm>