<mjloggm ver="2.3"><GO type="225" lobby="0"/><UN n0="%E3%81%82%E3%81%99%E3%81%AB%E3%82%83%E3%82%80" n1="%33%74%72%65%65" n2="%E4%BF%BA%E3%81%A8%E5%A6%96%E5%A4%A2" n3="%E3%83%81%E3%83%AF%E3%83%AF%E9%9A%8A%E9%95%B7" dan="16,16,17,16" rate="2117.26,2165.13,2196.10,2086.80" sx="F,F,F,M"/><TAIKYOKU oya="0"/><INIT seed="0,0,0,0,4,53" ten="250,250,250,250" oya="0" hai0="49,61,9,4,125,120,48,58,15,105,71,111,33" hai1="13,22,117,40,60,63,66,17,51,89,99,116,1" hai2="24,93,38,46,34,108,131,102,98,92,5,82,56" hai3="55,35,64,134,19,126,113,50,12,65,27,119,76"/><T14/><D105/><U115/><E1/><V39/><F108/><W121/><G113/><T81/><D120/><U16/><E115/><V100/><F100/><W45/><BYE who="2" /><G119/><T3/><D33/><U127/><E127/><V122/><F122/><W28/><G121/><T21/><D125/><U23/><E40/><V0/><F0/><W110/><G126/><T7/><D111/><U104/><E51/><N who="0" m="19529" /><D3/><UN n2="%E4%BF%BA%E3%81%A8%E5%A6%96%E5%A4%A2" /><U2/><E2/><V112/><F5/><N who="0" m="2122" /><D71/><U114/><E114/><V109/><F112/><W106/><G110/><T37/><D37/><U94/><E104/><V77/><F46/><W124/><G124/><T30/><D9/><U135/><E135/><V18/><F109/><W84/><G106/><T118/><D118/><U43/><E43/><V74/><F93/><W8/><G134/><T79/><D79/><U80/><E80/><V68/><F68/><W36/><G36/><T32/><D32/><U91/><E116/><V11/><F34/><W103/><G103/><T29/><D81/><U128/><E117/><V73/><F73/><W10/><G10/><T88/><D88/><U133/><E91/><V59/><F38/><W75/><G75/><T101/><D101/><U26/><E133/><V87/><F39/><W78/><G78/><T86/><D86/><U97/><E89/><V72/><F72/><W25/><G84/><T67/><D21/><U47/><E22/><N who="2" m="13399" /><F74/><W95/><G35/><T123/><D123/><U62/><E94/><V129/><F11/><W41/><G95/><T83/><D83/><U31/><E23/><V6/><F6/><W57/><G8/><RYUUKYOKU ba="0,0" sc="250,15,250,-15,250,15,250,-15" hai0="14,15,29,30,58,61,67" hai2="56,59,77,82,87,92,98,102,129,131" /><INIT seed="0,1,0,0,3,57" ten="265,235,265,235" oya="0" hai0="56,99,15,95,11,59,88,44,18,62,37,133,112" hai1="25,94,118,29,129,116,75,2,49,47,33,48,58" hai2="13,68,104,65,127,4,117,86,17,67,64,101,73" hai3="46,42,5,66,128,87,107,54,123,41,72,93,22"/><T51/><D112/><U82/><E129/><V35/><F73/><W130/><G72/><T108/><D133/><U52/><E2/><V40/><F35/><W63/><G107/><T122/><D122/><U43/><REACH who="1" step="1"/><E94/><REACH who="1" ten="265,225,265,235" step="2"/><V109/><F104/><W21/><G93/><T97/><D108/><U61/><E61/><V134/><F109/><W115/><G130/><T106/><D106/><U111/><E111/><V103/><F134/><W114/><G128/><T89/><D37/><U76/><AGARI ba="1,1" hai="25,29,33,43,47,48,49,52,58,75,76,82,116,118" machi="76" ten="30,4000,0" yaku="1,1,0,1,54,1,53,0" doraHai="57" doraHaiUra="100" who="1" fromWho="1" sc="265,-21,225,53,265,-11,235,-11" /><INIT seed="1,0,0,2,4,55" ten="244,278,254,224" oya="1" hai0="77,41,43,83,64,37,34,94,103,71,101,36,31" hai1="85,122,20,125,104,88,84,23,123,21,53,22,121" hai2="8,74,6,69,112,45,33,28,35,9,32,93,81" hai3="10,126,49,19,25,63,17,7,127,106,56,14,26"/><U61/><E125/><N who="3" m="47626" /><G106/><T100/><D94/><U124/><E124/><V3/><F69/><W86/><G49/><T27/><D64/><U129/><E129/><V47/><F112/><W92/><G86/><T110/><D71/><U79/><E104/><V91/><F9/><N who="3" m="6351" /><G19/><T52/><D110/><U16/><E79/><V75/><F28/><W133/><G92/><T105/><D105/><U99/><E99/><V132/><F132/><W70/><G70/><T18/><D18/><U115/><E84/><V24/><F24/><W0/><G133/><T65/><D65/><AGARI ba="0,0" hai="0,7,10,25,26,56,63,65" m="6351,47626" machi="65" ten="30,2000,0" yaku="18,1,52,1" doraHai="55" who="3" fromWho="0" sc="244,-20,278,0,254,0,224,20" /><INIT seed="2,0,0,5,3,67" ten="224,278,254,244" oya="2" hai0="47,84,79,106,107,104,40,12,131,73,22,134,58" hai1="33,38,133,91,97,7,35,102,76,10,85,94,36" hai2="115,42,101,45,34,96,99,82,3,20,100,78,1" hai3="81,69,26,114,105,5,87,132,119,19,59,17,89"/><V46/><F115/><W77/><G105/><T118/><D73/><U112/><E112/><V44/><F34/><W6/><G114/><T18/><D134/><U16/><E76/><V9/><F20/><N who="3" m="13583" /><G69/><T56/><D131/><U25/><E33/><V95/><F42/><W122/><G119/><T130/><D130/><U75/><E75/><V48/><F48/><W86/><G122/><T51/><D118/><U116/><E133/><V52/><F52/><W110/><G110/><T64/><D64/><U4/><E4/><V126/><F126/><W13/><G59/><T2/><D2/><U125/><E125/><V88/><F9/><N who="3" m="6575" /><G132/><T8/><D22/><U0/><E116/><V129/><F129/><W53/><G53/><T27/><D27/><U28/><REACH who="1" step="1"/><E16/><REACH who="1" ten="224,268,254,244" step="2"/><V113/><F113/><W32/><G32/><T55/><D79/><U93/><AGARI ba="0,1" hai="0,7,10,25,28,35,36,38,85,91,93,94,97,102" machi="93" ten="20,8000,1" yaku="1,1,2,1,0,1,7,1,53,1" doraHai="67" doraHaiUra="83" who="1" fromWho="1" sc="224,-20,268,90,254,-40,244,-20" /><INIT seed="3,0,0,0,2,0" ten="204,358,214,224" oya="3" hai0="38,111,102,120,61,82,31,45,98,134,1,32,123" hai1="76,18,16,49,2,4,14,57,85,135,78,115,73" hai2="43,54,6,67,127,119,47,124,109,50,62,63,15" hai3="29,20,65,46,128,104,37,86,116,27,91,87,25"/><W129/><G104/><T55/><D111/><U28/><E115/><V5/><F119/><W48/><G37/><T13/><D1/><U80/><E135/><V118/><F118/><W9/><G116/><T75/><D134/><U44/><E2/><V99/><F109/><W122/><G122/><T83/><D31/><U22/><E57/><N who="2" m="35127" /><F15/><W131/><G65/><T101/><D32/><U105/><E105/><V17/><F17/><N who="3" m="12431" /><G91/><T39/><D13/><U12/><E73/><V93/><F63/><W40/><G9/><T74/><D61/><U68/><E68/><V33/><F67/><W59/><G59/><T35/><D35/><AGARI ba="0,0" hai="27,29,35,40,46,48,86,87,128,129,131" m="12431" machi="35" ten="30,1500,0" yaku="19,1" doraHai="0" who="3" fromWho="0" sc="204,-15,358,0,214,0,224,15" /><INIT seed="3,1,0,2,4,59" ten="189,358,214,239" oya="3" hai0="3,34,52,61,12,23,28,97,74,38,47,104,84" hai1="119,134,54,72,30,110,96,113,125,133,46,19,17" hai2="5,8,68,60,120,100,26,76,50,135,45,70,11" hai3="14,53,37,131,88,111,130,95,103,108,90,15,24"/><W56/><G37/><T124/><D74/><U78/><E113/><V35/><F135/><N who="1" m="51721" /><E110/><N who="3" m="42026" /><G103/><T48/><D3/><U80/><E125/><V81/><F120/><W66/><G66/><T16/><D124/><U117/><E30/><V105/><F100/><W51/><G24/><N who="0" m="16415" /><D104/><U101/><E46/><V62/><F105/><W93/><G93/><T106/><D106/><N who="1" m="63783" /><E54/><V29/><F70/><W128/><G90/><T49/><D34/><U10/><E10/><V63/><F5/><W112/><G112/><T43/><D38/><U13/><E13/><V27/><F27/><W41/><G41/><T58/><D97/><AGARI ba="1,0" hai="14,15,51,53,56,88,95,97,128,130,131" m="42026" machi="97" ten="40,12000,1" yaku="19,1,14,1,10,1,54,1" doraHai="59" who="3" fromWho="0" sc="189,-123,358,0,214,0,239,123" owari="66,-43.4,358,15.8,214,-18.6,362,46.2" /></mjloggm>