<mjloggm ver="2.3"><GO type="225" lobby="0"/><UN n0="%73%69%72%6F%75%74" n1="%72%61%6B%33" n2="%E3%83%9F%E3%83%AA%E3%83%80%E3%81%97%E3%82%88" n3="%E7%89%B9%E6%9D%B1%E3%81%AF%E4%B8%96%E7%95%8C%E3%82%92%E6%95%91%E3%81%86" dan="16,17,16,16" rate="2152.76,2284.17,2042.12,2172.54" sx="M,M,M,M"/><TAIKYOKU oya="0"/><INIT seed="0,0,0,2,3,17" ten="250,250,250,250" oya="0" hai0="47,21,11,106,8,90,16,118,73,10,4,119,130" hai1="60,65,6,48,64,22,25,62,2,121,120,14,112" hai2="123,135,92,40,18,32,85,28,68,82,29,129,124" hai3="104,67,36,102,95,54,39,61,45,100,53,59,93"/><T74/><D106/><U77/><E112/><V127/><F123/><W69/><G104/><T37/><D4/><U34/><E77/><V19/><F68/><W80/><G80/><T101/><D101/><U13/><E48/><V23/><F129/><W117/><G117/><T70/><D70/><U30/><E62/><V88/><F135/><W31/><G31/><T89/><D130/><U128/><E128/><V86/><F40/><N who="3" m="22663" /><G54/><T0/><D0/><U66/><E60/><V108/><F32/><W125/><G125/><N who="2" m="48201" /><F19/><W97/><G39/><T49/><D37/><U131/><E131/><V63/><F63/><W75/><G75/><T35/><D35/><U33/><E33/><V81/><F108/><W115/><G115/><T105/><D105/><U98/><E98/><V79/><F82/><W122/><G122/><T57/><D119/><U99/><E99/><V12/><AGARI ba="0,0" hai="12,18,23,28,29,79,81,85,86,88,92" m="48201" machi="12" ten="30,4000,0" yaku="18,1,52,1,54,1" doraHai="17" who="2" fromWho="2" sc="250,-20,250,-10,250,40,250,-10" /><INIT seed="1,0,0,0,4,79" ten="230,240,290,240" oya="1" hai0="75,28,111,45,37,15,77,97,60,59,19,22,35" hai1="64,84,123,10,93,130,2,94,109,134,108,39,25" hai2="120,40,12,30,96,6,56,106,11,3,29,70,8" hai3="114,88,74,26,116,99,50,113,102,127,135,23,91"/><U125/><E123/><V7/><F70/><W95/><G74/><T69/><D69/><U62/><E39/><V4/><F120/><W55/><G135/><T57/><D111/><N who="1" m="42571" /><E134/><V32/><F40/><W117/><G127/><T126/><D126/><U61/><E125/><V80/><F80/><W121/><G121/><T1/><D1/><U17/><E130/><V89/><F89/><W81/><G114/><T52/><D97/><U86/><E25/><V128/><F56/><W44/><G113/><T38/><D45/><U92/><E17/><V115/><F115/><W71/><G71/><T110/><D110/><U36/><E36/><V0/><F96/><W31/><REACH who="3" step="1"/><G81/><REACH who="3" ten="230,240,290,230" step="2"/><T49/><D75/><U21/><E84/><V41/><F128/><W53/><G53/><T112/><D112/><U5/><E86/><V20/><F41/><W13/><G13/><T67/><REACH who="0" step="1"/><D77/><REACH who="0" ten="220,240,290,230" step="2"/><U105/><E2/><V9/><F3/><W104/><G104/><T24/><AGARI ba="0,2" hai="15,19,22,24,28,35,37,38,49,52,57,59,60,67" machi="24" ten="30,8000,1" yaku="1,1,2,1,0,1,54,1,53,1" doraHai="79" doraHaiUra="58" who="0" fromWho="0" sc="220,100,240,-40,290,-20,230,-20" /><INIT seed="2,0,0,2,1,83" ten="320,200,270,210" oya="2" hai0="12,68,57,98,115,10,85,90,21,42,46,127,35" hai1="118,74,123,87,19,114,73,75,112,44,27,7,51" hai2="96,5,47,102,61,86,67,95,24,17,3,39,77" hai3="122,63,81,134,50,91,92,105,25,41,53,80,84"/><V120/><F120/><W93/><G122/><T0/><D68/><U65/><E123/><V111/><F111/><W60/><G105/><T45/><D35/><U62/><E118/><V34/><F3/><W55/><G134/><T9/><D115/><U8/><E27/><V117/><F5/><W28/><G41/><T135/><D135/><U128/><E19/><V52/><F117/><W109/><G109/><T36/><D127/><U13/><E128/><V40/><F52/><W59/><G81/><T56/><D98/><U101/><E101/><V82/><F17/><W23/><REACH who="3" step="1"/><G60/><REACH who="3" ten="320,200,270,200" step="2"/><T124/><D42/><U107/><E107/><V103/><F61/><W108/><G108/><T89/><D124/><U2/><E114/><V31/><REACH who="2" step="1"/><F67/><REACH who="2" ten="320,200,260,200" step="2"/><W133/><G133/><T69/><D46/><AGARI ba="0,2" hai="23,25,28,46,50,53,55,59,63,80,84,91,92,93" machi="46" ten="30,7700,0" yaku="1,1,7,1,8,1,52,1,53,0" doraHai="83" doraHaiUra="72" who="3" fromWho="0" sc="320,-77,200,0,260,0,200,97" /><INIT seed="3,0,0,1,0,23" ten="243,200,260,297" oya="3" hai0="85,129,33,40,101,62,47,98,3,109,10,18,20" hai1="113,52,12,110,37,102,126,58,63,116,36,65,66" hai2="128,57,121,8,103,16,119,24,28,17,127,25,56" hai3="77,22,34,70,95,50,73,122,35,94,19,131,55"/><W13/><G122/><T99/><D109/><U42/><E102/><V75/><F75/><W45/><G70/><T93/><D33/><U112/><E12/><V80/><F119/><W100/><G131/><T38/><D129/><U4/><E4/><V61/><F128/><W84/><G73/><T133/><D133/><U29/><E29/><V27/><F103/><W115/><G115/><N who="1" m="44106" /><E110/><V118/><F118/><W130/><G130/><T60/><D85/><U134/><E116/><V30/><F121/><W7/><G7/><T74/><D74/><U91/><E91/><V89/><F127/><W83/><REACH who="3" step="1"/><G95/><REACH who="3" ten="243,200,260,287" step="2"/><T31/><D93/><U44/><E126/><V15/><F80/><W51/><G51/><T88/><D38/><N who="1" m="14955" /><E134/><V1/><F1/><W135/><G135/><T11/><D3/><U41/><E41/><V104/><F104/><W114/><G114/><T82/><D82/><U90/><E90/><V81/><F89/><W0/><G0/><T117/><D88/><U79/><E79/><V2/><F81/><W53/><G53/><T49/><D117/><U92/><E92/><V123/><F2/><W125/><G125/><T26/><D101/><U54/><E54/><V132/><F132/><W14/><G14/><T39/><D39/><AGARI ba="0,1" hai="39,42,44,52,58,63,65,66" m="14955,44106" machi="39" ten="30,3900,0" yaku="34,2,54,1" doraHai="23" who="1" fromWho="0" sc="243,-39,200,49,260,0,287,0" /><INIT seed="4,0,0,5,3,80" ten="204,249,260,287" oya="0" hai0="33,1,38,123,111,12,78,53,114,16,125,22,2" hai1="103,4,37,24,129,65,30,72,134,14,48,73,27" hai2="56,21,119,83,93,70,86,117,90,71,112,5,25" hai3="118,6,67,29,102,89,23,39,35,120,113,105,55"/><T11/><D38/><U96/><E37/><V79/><F112/><W126/><G118/><N who="2" m="45065" /><F5/><W133/><G35/><T31/><D78/><U9/><E129/><V104/><F56/><W81/><G39/><T8/><D53/><U52/><E134/><V41/><F41/><W130/><G6/><T7/><D114/><U18/><E65/><V85/><F104/><W60/><G60/><T44/><D44/><U34/><E24/><V49/><F49/><W0/><G0/><N who="0" m="107" /><D123/><U42/><E4/><V135/><F135/><W94/><G105/><T74/><D74/><U62/><E62/><V46/><F46/><W91/><G55/><T100/><D100/><U95/><REACH who="1" step="1"/><E42/><REACH who="1" ten="204,239,260,287" step="2"/><V64/><F64/><W32/><G67/><T131/><D131/><U57/><AGARI ba="0,1" hai="9,14,18,27,30,34,48,52,57,72,73,95,96,103" machi="57" ten="20,12000,2" yaku="1,1,2,1,0,1,7,1,54,1,53,2" doraHai="80" doraHaiUra="106" who="1" fromWho="1" sc="204,-60,239,130,260,-30,287,-30" owari="144,-35.6,369,46.9,230,-17.0,257,5.7" /></mjloggm>