<mjloggm ver="2.3"><GO type="225" lobby="0"/><UN n0="%E4%BF%BA%E3%81%A8%E5%A6%96%E5%A4%A2" n1="%E3%82%B2%E3%82%B9%E8%8C%82%E5%8B%9D" n2="%E6%9D%B1%E9%A2%A8%E3%81%AE%E3%81%8D%E3%82%83%E3%81%B7%E3%81%95%E3%82%93" n3="%E5%8D%A0%E3%81%84%E5%B8%AB%E8%A3%8F%E3%81%AA%E3%81%84%E3%81%97" dan="17,16,17,17" rate="2196.52,2096.38,2232.10,2158.54" sx="F,F,M,M"/><TAIKYOKU oya="0"/><INIT seed="0,0,0,2,0,49" ten="250,250,250,250" oya="0" hai0="52,77,57,98,128,23,55,127,44,79,134,124,99" hai1="118,125,80,39,82,89,48,30,105,15,59,87,21" hai2="83,131,130,117,26,92,132,69,63,28,0,9,109" hai3="56,32,35,12,54,73,129,106,1,61,95,114,104"/><T116/><D116/><U123/><E118/><V16/><F92/><W67/><G114/><T58/><D128/><U110/><E123/><V45/><F45/><W108/><G1/><T133/><D23/><U111/><E125/><V34/><F83/><W107/><G108/><N who="1" m="41514" /><E39/><V46/><F46/><AGARI ba="0,0" hai="44,46,52,55,57,58,77,79,98,99,124,127,133,134" machi="46" ten="25,12000,1" yaku="22,2,52,2,54,1" doraHai="49" who="0" fromWho="2" sc="250,120,250,0,250,-120,250,0" /><INIT seed="0,1,0,0,4,31" ten="370,250,130,250" oya="0" hai0="135,134,114,0,81,96,107,58,7,85,33,80,23" hai1="2,49,48,54,101,127,9,32,65,59,18,117,30" hai2="108,62,67,15,73,122,66,105,93,13,103,130,98" hai3="106,45,37,10,71,131,12,40,118,94,72,95,83"/><T68/><D114/><U124/><E117/><V102/><F122/><W126/><G118/><T47/><D68/><U29/><E65/><V63/><F73/><W79/><G126/><N who="1" m="48170" /><E101/><V51/><F108/><W89/><G131/><T16/><D47/><U110/><E110/><V84/><F130/><W100/><G71/><T104/><D58/><U88/><E48/><V20/><F51/><W82/><G106/><T17/><D96/><U56/><E59/><V128/><F128/><W97/><G83/><T39/><D39/><U34/><E88/><V57/><F20/><W77/><G72/><T111/><D111/><U19/><E29/><V25/><F25/><W86/><REACH who="3" step="1"/><G82/><REACH who="3" ten="370,250,130,240" step="2"/><T26/><D80/><U75/><E75/><V36/><F36/><W61/><G61/><T121/><D81/><U28/><E30/><V109/><F109/><W6/><AGARI ba="1,1" hai="6,10,12,37,40,45,77,79,86,89,94,95,97,100" machi="6" ten="20,5200,0" yaku="1,1,0,1,7,1,53,1" doraHai="31" doraHaiUra="3" who="3" fromWho="3" sc="370,-27,250,-14,130,-14,240,65" /><INIT seed="1,0,0,2,1,98" ten="343,236,116,305" oya="1" hai0="43,41,92,110,122,15,40,44,90,23,134,119,72" hai1="113,65,87,124,21,81,105,5,107,103,79,118,101" hai2="131,129,25,66,24,27,13,127,20,89,132,38,112" hai3="128,73,60,64,130,49,57,135,1,53,133,82,36"/><U85/><E5/><V48/><F38/><W42/><G82/><T14/><D119/><U6/><E6/><V94/><F112/><W120/><G73/><T18/><D72/><U51/><E118/><V47/><F66/><W62/><G1/><T17/><D110/><U114/><E65/><V77/><F77/><W11/><G11/><T88/><D134/><N who="3" m="51209" /><G120/><T30/><D30/><U121/><E51/><V109/><F109/><W86/><G86/><T97/><D122/><U16/><E121/><V34/><F34/><W4/><G4/><T83/><D83/><N who="1" m="47359" /><E16/><N who="2" m="10255" /><F132/><W75/><G75/><T7/><D7/><U2/><E21/><V104/><F104/><N who="1" m="40009" /><E2/><V0/><F0/><W91/><G91/><N who="0" m="55455" /><D44/><U8/><E8/><AGARI ba="0,0" hai="8,14,15,17,18,23,40,41,43,88,90" m="55455" machi="8" ten="30,2000,0" yaku="8,1,54,1" doraHai="98" who="0" fromWho="1" sc="343,20,236,-20,116,0,305,0" /><INIT seed="2,0,0,5,0,71" ten="363,216,116,305" oya="2" hai0="18,101,119,127,20,30,122,19,64,81,98,37,105" hai1="57,135,10,116,133,124,85,76,91,49,0,72,108" hai2="97,99,42,90,26,17,52,56,13,69,87,53,117" hai3="100,6,15,79,5,83,23,78,93,34,1,134,36"/><V104/><F69/><W27/><G134/><N who="1" m="51210" /><E108/><V130/><F130/><W95/><G1/><T45/><D122/><U4/><E124/><V102/><F117/><W60/><G36/><T61/><D127/><U126/><E126/><V107/><F42/><W111/><G34/><T132/><D132/><U58/><E116/><V35/><F35/><W65/><G111/><T74/><D30/><U115/><E115/><V3/><F3/><W84/><G79/><T112/><D112/><U43/><E76/><V9/><F26/><W50/><G50/><T51/><D37/><U131/><E72/><V86/><F53/><W106/><G106/><T68/><D119/><U70/><E70/><V66/><F66/><W14/><G5/><T82/><D74/><U110/><E110/><V25/><F25/><W80/><G80/><T125/><D18/><U114/><E114/><V75/><F75/><W41/><G41/><T8/><D8/><U28/><E28/><V31/><F31/><W48/><G48/><T63/><D63/><U94/><E131/><V113/><F113/><W77/><G77/><T44/><D44/><AGARI ba="0,0" hai="0,4,10,43,44,49,57,58,85,91,94" m="51210" machi="44" ten="30,1000,0" yaku="20,1" doraHai="71" who="1" fromWho="0" sc="363,-10,216,10,116,0,305,0" /><INIT seed="3,0,0,3,2,53" ten="353,226,116,305" oya="3" hai0="127,106,123,18,129,30,95,85,70,91,96,68,28" hai1="44,59,0,47,56,134,36,74,51,1,45,35,34" hai2="21,78,93,135,10,20,121,90,55,9,33,41,94" hai3="75,105,46,110,79,126,63,100,48,115,133,62,66"/><W130/><G115/><T82/><D123/><U97/><E74/><V124/><F33/><W17/><G105/><T73/><D127/><U103/><E134/><V2/><F121/><W69/><G126/><T102/><D129/><U13/><E36/><V76/><F124/><W67/><G100/><T104/><D104/><U101/><E51/><V50/><F135/><W107/><G107/><T86/><D18/><U3/><E13/><V87/><F2/><W11/><G133/><T116/><D116/><U81/><E81/><V37/><F37/><W113/><G113/><T8/><D8/><U42/><E42/><V38/><F38/><W14/><G130/><T12/><D12/><U29/><E29/><V98/><F41/><W119/><G119/><T23/><D23/><U88/><E88/><V125/><F125/><W49/><G110/><T6/><D6/><U15/><E15/><V114/><F114/><W77/><G75/><T84/><D84/><U43/><E43/><V32/><F32/><N who="1" m="12329" /><E97/><V27/><F78/><W112/><G112/><T111/><D85/><U71/><E71/><V118/><F118/><W83/><G83/><T40/><D40/><U31/><E31/><V109/><F109/><W26/><G48/><T108/><D108/><U25/><E25/><V128/><F128/><W120/><G26/><T61/><D111/><U99/><E99/><V5/><F5/><W64/><G120/><T60/><D70/><U19/><E19/><V117/><F117/><W58/><G67/><N who="0" m="41063" /><D61/><U52/><E0/><V131/><F131/><W92/><G92/><T57/><D106/><RYUUKYOKU ba="0,0" sc="353,-10,226,-10,116,-10,305,30" hai3="11,14,17,46,49,58,62,63,64,66,69,77,79" /><INIT seed="3,1,0,4,1,23" ten="343,216,106,335" oya="3" hai0="35,1,83,8,57,40,113,3,36,67,85,96,31" hai1="65,45,33,90,101,48,32,76,81,6,114,128,126" hai2="37,78,100,118,60,20,125,62,135,70,46,111,25" hai3="102,103,94,121,97,30,9,93,58,91,54,27,49"/><W29/><G121/><T22/><D35/><U129/><E114/><V130/><F118/><W108/><G108/><T123/><D123/><U4/><E101/><N who="3" m="38410" /><G27/><N who="0" m="16887" /><D36/><U12/><E65/><V120/><F111/><W133/><G133/><T106/><D106/><U71/><E90/><V11/><F120/><W41/><G94/><T124/><D113/><U63/><E63/><V88/><F135/><W110/><G110/><T17/><D1/><U24/><E12/><V42/><F130/><N who="1" m="50281" /><E71/><V107/><F125/><W80/><G80/><T51/><D3/><U69/><E69/><V127/><F127/><W134/><G134/><T18/><D67/><U68/><E68/><V0/><F78/><W26/><G26/><T10/><D96/><U50/><E50/><V59/><F70/><W92/><G92/><T39/><D39/><U82/><E82/><V87/><F100/><W115/><G115/><T7/><D124/><U131/><E126/><V79/><F107/><W52/><G41/><T98/><D98/><U119/><E119/><V64/><F79/><W86/><G97/><T38/><D38/><U5/><E24/><V43/><F43/><W21/><G21/><T61/><D7/><U53/><E131/><V99/><F99/><W75/><G75/><AGARI ba="1,0" hai="4,5,6,32,33,45,48,53,75,76,81" m="50281" machi="75" ten="30,1000,0" yaku="19,1" doraHai="23" who="1" fromWho="3" sc="343,0,216,13,106,0,335,-13" owari="343,44.3,229,-17.1,106,-39.4,322,12.2" /></mjloggm>