<mjloggm ver="2.3"><GO type="225" lobby="0"/><UN n0="%E3%81%B5%E3%81%98%E3%81%8B%E3%81%A4" n1="%E3%82%BC%E3%83%AB%E3%83%80%E3%81%AE%E4%BC%9D%E8%AA%AC" n2="%77%72%77%72%77%72%77%72" n3="%E4%BF%BA%E3%81%A8%E5%A6%96%E5%A4%A2" dan="17,17,17,17" rate="2221.31,2219.07,2169.44,2185.25" sx="M,M,M,F"/><TAIKYOKU oya="0"/><INIT seed="0,0,0,2,5,50" ten="250,250,250,250" oya="0" hai0="119,57,78,110,53,30,27,70,68,32,75,24,35" hai1="123,80,43,16,74,23,128,135,66,73,59,109,93" hai2="114,36,20,102,3,130,79,8,69,7,133,125,107" hai3="127,42,84,92,99,85,103,100,21,89,22,55,15"/><T4/><D119/><U0/><E123/><V115/><F69/><W51/><G127/><T121/><D121/><U65/><E0/><V60/><F125/><W83/><G42/><T14/><D110/><U117/><E117/><V90/><F79/><W56/><G84/><T82/><D4/><U113/><E109/><V87/><F36/><W76/><G15/><T34/><D14/><U106/><E106/><V2/><F2/><W1/><G1/><T88/><D88/><U62/><E135/><V81/><F133/><W44/><G56/><T38/><D38/><U37/><E128/><V13/><F130/><W91/><G89/><T6/><D6/><U40/><E113/><V72/><F72/><W49/><REACH who="3" step="1"/><G51/><REACH who="3" ten="250,250,250,240" step="2"/><T98/><D98/><U29/><E40/><V64/><F13/><W17/><G17/><T71/><REACH who="0" step="1"/><D24/><REACH who="0" ten="240,250,250,240" step="2"/><U58/><E37/><V46/><F3/><W126/><G126/><T47/><D47/><U67/><E73/><V48/><F46/><W19/><G19/><T95/><D95/><U25/><E93/><V116/><F90/><W134/><G134/><T26/><D26/><U129/><E16/><V31/><F7/><W108/><G108/><T105/><D105/><U63/><E129/><V122/><F122/><W96/><G96/><T101/><D101/><AGARI ba="0,2" hai="21,22,44,49,55,76,83,85,91,92,99,100,101,103" machi="101" ten="40,5200,0" yaku="1,1,8,1,52,1,53,0" doraHai="50" doraHaiUra="10" who="3" fromWho="0" sc="240,-52,250,0,250,0,240,72" /><INIT seed="1,0,0,3,2,45" ten="188,250,250,312" oya="1" hai0="28,102,88,60,101,21,0,134,69,86,131,59,115" hai1="16,126,85,33,65,117,17,109,38,72,23,96,97" hai2="26,7,129,124,13,34,46,83,67,14,52,127,112" hai3="81,3,25,99,70,64,63,41,123,113,9,12,118"/><U91/><E117/><V57/><F112/><W90/><G113/><T106/><D115/><U62/><E72/><V11/><F129/><W78/><G123/><T92/><D131/><U51/><E38/><V105/><F105/><W40/><G118/><T135/><D0/><U19/><E33/><V82/><F46/><W22/><G3/><T29/><D69/><U95/><E126/><N who="2" m="48171" /><F67/><W6/><G90/><T125/><D125/><U4/><E109/><V2/><F34/><W79/><G99/><T121/><D121/><U1/><E23/><V111/><F111/><W47/><G81/><N who="2" m="30729" /><F26/><W110/><G110/><T10/><D10/><U103/><E103/><N who="0" m="39433" /><D106/><U75/><E75/><V56/><F56/><W55/><G55/><N who="0" m="33919" /><D21/><U71/><E1/><V27/><F27/><W133/><G133/><AGARI ba="0,0" hai="28,29,86,88,92,133,134,135" m="33919,39433" machi="133" ten="30,2000,0" yaku="20,1,54,1" doraHai="45" who="0" fromWho="3" sc="188,20,250,0,250,0,312,-20" /><INIT seed="2,0,0,3,1,43" ten="208,250,250,292" oya="2" hai0="110,68,122,99,87,93,32,26,96,65,121,71,1" hai1="11,105,9,115,60,61,118,84,55,94,36,17,134" hai2="114,57,100,44,90,132,123,31,40,131,112,89,86" hai3="7,111,81,117,106,135,66,15,104,5,67,25,4"/><V79/><F123/><W98/><G117/><T8/><D110/><U102/><E118/><V13/><F131/><W50/><G111/><T33/><D87/><U69/><E115/><V54/><F132/><W21/><G135/><T82/><D82/><U58/><E36/><V74/><F100/><W12/><G81/><T48/><D99/><U107/><E134/><V24/><F74/><W29/><G50/><T124/><D124/><U18/><E69/><V78/><F90/><W85/><G85/><T97/><D97/><N who="1" m="59703" /><E107/><V103/><F103/><W129/><G129/><T92/><D92/><U127/><E105/><V10/><F114/><W116/><G116/><T62/><D71/><U73/><E73/><V14/><F14/><W83/><G83/><T130/><D130/><U47/><E127/><V120/><F120/><W28/><G4/><T42/><D26/><U20/><E84/><V22/><F112/><W39/><G25/><T64/><D64/><N who="1" m="38935" /><E18/><V72/><F72/><W30/><G30/><T0/><D122/><U35/><E35/><N who="0" m="13385" /><D121/><U45/><E61/><N who="2" m="36023" /><F89/><W91/><G91/><N who="0" m="55359" /><D1/><U128/><E128/><V3/><F3/><W41/><G98/><T75/><D75/><U119/><E119/><V125/><F86/><W88/><G88/><T63/><D63/><U16/><E17/><N who="2" m="8375" /><F125/><W37/><G21/><T53/><D0/><U109/><E109/><V70/><F70/><W59/><G104/><T56/><D8/><N who="1" m="3147" /><E55/><V6/><F6/><W23/><G106/><T113/><D113/><U51/><E51/><AGARI ba="0,0" hai="22,24,31,40,44,51,78,79" m="8375,36023" machi="51" ten="30,2900,0" yaku="8,1,52,1" doraHai="43" who="2" fromWho="1" sc="208,0,250,-29,250,29,292,0" /><INIT seed="2,1,0,0,0,104" ten="208,221,279,292" oya="2" hai0="84,112,78,50,115,28,60,102,68,46,95,30,106" hai1="132,121,16,122,39,45,116,79,24,8,83,22,34" hai2="94,59,47,2,110,105,25,80,62,21,57,29,54" hai3="98,19,43,103,17,23,91,85,14,90,113,4,108"/><V77/><F105/><W81/><G108/><T18/><D106/><U101/><E116/><V107/><F107/><W41/><G113/><T20/><D112/><U125/><E125/><V51/><F110/><W82/><G103/><T76/><D68/><U129/><E132/><V96/><F2/><W128/><G128/><T88/><D115/><U7/><E101/><V124/><F124/><W86/><G98/><T72/><D102/><U61/><E61/><V123/><F123/><N who="1" m="47113" /><E34/><V63/><F59/><W114/><G114/><T15/><D60/><U111/><E111/><V69/><F69/><W13/><G4/><T118/><D118/><U36/><E45/><V12/><F12/><W56/><G56/><T5/><D5/><U92/><E92/><V97/><F94/><W49/><G49/><T31/><REACH who="0" step="1"/><D72/><REACH who="0" ten="198,221,279,292" step="2"/><N who="1" m="43495" /><E129/><V48/><F62/><W71/><G71/><T37/><D37/><U58/><E58/><V126/><F126/><W11/><AGARI ba="1,1" hai="11,13,14,17,19,23,41,43,81,82,85,86,90,91" machi="11" ten="20,5200,0" yaku="0,1,7,1,9,1,8,1" doraHai="104" who="3" fromWho="3" sc="198,-14,221,-14,279,-27,292,65" /><INIT seed="3,0,0,0,4,29" ten="184,207,252,357" oya="3" hai0="127,21,35,3,135,105,79,91,11,23,60,73,103" hai1="61,56,93,38,98,20,81,49,97,53,52,7,112" hai2="88,101,15,72,114,48,41,45,118,34,90,57,26" hai3="85,109,126,108,63,71,117,46,77,50,133,0,78"/><W122/><G122/><T5/><D127/><U64/><E112/><V89/><F72/><W44/><G117/><T47/><D135/><U87/><E38/><V116/><F114/><W59/><G0/><T13/><D60/><U124/><E124/><V121/><F121/><W32/><G32/><T84/><D47/><U43/><E7/><V106/><F15/><W39/><G126/><T62/><D62/><U120/><E120/><V24/><F24/><W119/><G119/><T130/><D130/><U9/><E9/><V99/><F57/><W33/><G33/><T58/><D58/><U14/><E43/><V67/><F67/><W55/><G133/><T83/><D3/><U68/><E53/><V125/><F125/><W6/><G6/><T54/><D54/><U66/><E66/><V36/><F36/><W25/><G25/><T8/><D8/><U82/><E82/><V10/><F10/><W107/><G107/><T128/><D128/><U16/><E93/><V42/><F42/><N who="3" m="22623" /><G85/><T110/><D110/><N who="3" m="42601" /><G71/><T18/><D35/><U111/><E111/><V51/><F34/><W4/><G4/><T104/><D103/><U76/><AGARI ba="0,0" hai="14,16,20,49,52,56,61,64,68,76,81,87,97,98" machi="76" ten="20,5200,0" yaku="0,1,7,1,54,2" doraHai="29" who="1" fromWho="1" sc="184,-13,207,52,252,-13,357,-26" owari="171,-32.9,259,5.9,239,-16.1,331,43.1" /></mjloggm>