<mjloggm ver="2.3"><GO type="225" lobby="0"/><UN n0="%E4%BA%BA%E9%96%93%E3%83%81%E3%83%A3%E3%83%BC%E3%83%8F%E3%83%B3" n1="%E5%A4%9C%E5%85%89%E5%A4%A9%E6%A5%BC" n2="%72%69%6F%75%63%68%61%6E" n3="%E4%BF%BA%E3%81%A8%E5%A6%96%E5%A4%A2" dan="16,17,16,17" rate="2111.79,2115.38,2237.21,2196.52" sx="M,M,M,F"/><TAIKYOKU oya="0"/><INIT seed="0,0,0,0,0,58" ten="250,250,250,250" oya="0" hai0="50,114,51,93,46,121,74,34,130,64,81,92,18" hai1="30,13,16,127,38,26,70,118,103,9,17,23,41" hai2="90,36,109,3,99,19,27,47,14,69,33,105,40" hai3="78,48,25,37,71,124,86,49,96,55,122,87,133"/><T116/><D114/><U43/><E118/><V11/><F109/><W62/><G37/><T7/><D116/><U102/><E70/><V89/><F69/><W2/><G2/><T120/><D34/><U76/><E127/><V75/><F75/><W129/><G124/><T32/><D32/><U66/><E66/><V29/><REACH who="2" step="1"/><F3/><REACH who="2" ten="250,250,240,250" step="2"/><W39/><G71/><T128/><D121/><U4/><E76/><V8/><F8/><W22/><G122/><T88/><D120/><U132/><E132/><V98/><F98/><W15/><G96/><T53/><D74/><U56/><E56/><V104/><F104/><W57/><G78/><T83/><D130/><U45/><E43/><V97/><F97/><W95/><G133/><T101/><D128/><U28/><REACH who="1" step="1"/><E17/><REACH who="1" ten="250,240,240,250" step="2"/><V63/><F63/><W68/><G68/><T35/><D18/><U117/><E117/><V0/><F0/><W131/><G131/><T1/><D1/><U123/><E123/><V24/><F24/><W126/><G129/><T100/><D7/><U119/><E119/><V82/><F82/><W44/><G126/><T113/><D81/><U59/><E59/><V5/><F5/><W108/><G108/><T6/><D83/><U10/><E10/><V60/><F60/><W115/><G115/><T91/><D113/><U72/><E72/><V110/><F110/><W67/><G25/><T111/><D111/><U21/><E21/><V79/><F79/><W84/><G62/><T77/><D77/><U61/><E61/><V20/><F20/><W107/><G22/><T85/><D6/><U42/><E42/><RYUUKYOKU ba="0,2" sc="250,-15,240,15,240,15,250,-15" hai1="4,9,13,16,23,26,28,30,38,41,45,102,103" hai2="11,14,19,27,29,33,36,40,47,89,90,99,105" /><INIT seed="1,1,2,4,5,72" ten="235,255,255,235" oya="1" hai0="82,104,10,112,64,105,121,16,75,130,65,83,3" hai1="12,35,18,122,6,74,11,15,37,60,31,97,58" hai2="40,30,108,44,45,29,32,1,124,62,88,107,86" hai3="120,85,114,68,25,103,128,109,70,131,24,8,79"/><U33/><E122/><V66/><F1/><W91/><G120/><T69/><D121/><U28/><E37/><V7/><F108/><W90/><G114/><T5/><D112/><U2/><E74/><V47/><F124/><W129/><G109/><T41/><D130/><U133/><E97/><V92/><F107/><N who="0" m="41034" /><D16/><N who="1" m="8223" /><E133/><V100/><F7/><W95/><G8/><T102/><D102/><U63/><E58/><V73/><F73/><W9/><G9/><T23/><D23/><N who="1" m="11743" /><E60/><V93/><F40/><W126/><G126/><T94/><D69/><N who="3" m="26729" /><G103/><T87/><D65/><U125/><E63/><V78/><F32/><N who="1" m="12361" /><E125/><V89/><F100/><W56/><G56/><T43/><D64/><U67/><E67/><V50/><F50/><W22/><G91/><N who="2" m="34889" /><F62/><W26/><G79/><T76/><D75/><U135/><E135/><V111/><F111/><W57/><G57/><T61/><D61/><U42/><E42/><N who="0" m="15881" /><D82/><U14/><E2/><V21/><F66/><W134/><G134/><T27/><D94/><N who="2" m="36458" /><F21/><AGARI ba="1,2" hai="21,22,24,25,26,85,90,95,128,129,131" m="26729" machi="21" ten="40,1300,0" yaku="19,1" doraHai="72" who="3" fromWho="2" sc="235,0,255,0,255,-16,235,36" /><INIT seed="2,0,0,5,0,98" ten="235,255,239,271" oya="2" hai0="11,80,112,90,15,19,6,17,24,51,48,7,60" hai1="97,65,70,5,118,23,58,95,10,59,52,131,115" hai2="119,81,2,64,96,77,21,12,4,121,132,33,27" hai3="20,117,113,79,133,26,101,42,100,25,124,47,50"/><V106/><F119/><W69/><G117/><T116/><D112/><U130/><E115/><V85/><F121/><W38/><G113/><T99/><D116/><U92/><E118/><V120/><F120/><W49/><G69/><T30/><D60/><N who="1" m="38047" /><E23/><V102/><F132/><W94/><G133/><T129/><D129/><N who="1" m="49163" /><E70/><V54/><F64/><W111/><G111/><T108/><D108/><U75/><E97/><V72/><F2/><W125/><G94/><N who="0" m="56791" /><D30/><U28/><E28/><V104/><F33/><W56/><G79/><T122/><D122/><U73/><E92/><V68/><F68/><W32/><G32/><T37/><D80/><U16/><E95/><V109/><F109/><W126/><G25/><T3/><D3/><N who="1" m="319" /><E16/><N who="0" m="6217" /><D37/><U61/><AGARI ba="0,0" hai="52,58,61,73,75" m="319,49163,38047" machi="61" ten="30,2000,0" yaku="19,1,54,1" doraHai="98" who="1" fromWho="1" sc="235,-5,255,20,239,-10,271,-5" /><INIT seed="3,0,0,3,0,132" ten="230,275,229,266" oya="3" hai0="126,111,113,26,119,87,47,54,102,95,60,70,66" hai1="19,1,5,53,120,82,44,13,83,77,107,91,45" hai2="39,37,23,34,130,12,118,79,17,94,104,8,46" hai3="110,85,108,56,2,122,62,115,134,24,49,93,68"/><W106/><G115/><T127/><D119/><U58/><E120/><V97/><F118/><W36/><G122/><T63/><D111/><N who="3" m="42537" /><G106/><T67/><D113/><U18/><E107/><V105/><F34/><W52/><G2/><T124/><D26/><U11/><E91/><V43/><F37/><W40/><G134/><T14/><D14/><U100/><E100/><V81/><F130/><W135/><G135/><T27/><D27/><U125/><E83/><V71/><F71/><W15/><G24/><T10/><D10/><U133/><E19/><V61/><F61/><N who="0" m="23626" /><D70/><U41/><E133/><V103/><REACH who="2" step="1"/><F8/><REACH who="2" ten="230,275,219,266" step="2"/><W48/><G68/><T123/><D123/><U28/><E11/><V38/><F38/><W73/><G73/><AGARI ba="0,1" hai="12,17,23,39,43,46,73,79,81,94,97,103,104,105" machi="73" ten="30,2000,0" yaku="1,1,7,1,53,0" doraHai="132" doraHaiUra="128" who="2" fromWho="3" sc="230,0,275,0,219,30,266,-20" /><INIT seed="4,0,0,4,4,99" ten="230,275,249,246" oya="0" hai0="11,93,40,83,70,125,25,28,23,62,0,102,36" hai1="81,122,84,2,101,54,108,1,109,75,21,82,37" hai2="20,17,31,71,6,41,47,15,85,130,79,49,72" hai3="97,57,131,60,69,124,105,77,119,113,55,87,116"/><T120/><D120/><U65/><E122/><V53/><F130/><W13/><G131/><T111/><D125/><U52/><E37/><V35/><F71/><W128/><G128/><T39/><D111/><U64/><E21/><V104/><F72/><W92/><G124/><T19/><D83/><U90/><E84/><V94/><F104/><W95/><G105/><T127/><D127/><U118/><E90/><V106/><F106/><W43/><G113/><T107/><D40/><U117/><REACH who="1" step="1"/><E101/><REACH who="1" ten="230,265,249,246" step="2"/><V10/><F85/><W61/><G87/><T44/><D44/><U59/><E59/><V14/><F79/><W76/><G76/><T114/><D114/><U98/><E98/><V121/><F121/><W86/><G86/><T129/><D129/><U42/><E42/><V78/><F78/><W132/><G77/><T34/><D39/><U66/><E66/><V4/><F41/><W33/><G43/><T103/><D36/><U51/><E51/><V96/><F35/><W32/><G32/><T133/><D133/><U22/><E22/><V112/><F112/><W63/><G132/><T88/><D11/><U56/><E56/><V91/><REACH who="2" step="1"/><F31/><REACH who="2" ten="230,265,239,246" step="2"/><W80/><G33/><T73/><D34/><U12/><E12/><V48/><F48/><W67/><G13/><T38/><D28/><U50/><E50/><V46/><F46/><W134/><G134/><T27/><D38/><U18/><E18/><AGARI ba="0,2" hai="4,6,10,14,15,17,18,20,47,49,53,91,94,96" machi="18" ten="30,3900,0" yaku="1,1,7,1,8,1,53,0" doraHai="99" doraHaiUra="123" who="2" fromWho="1" sc="230,0,265,-39,239,59,246,0" /><INIT seed="5,0,0,4,1,78" ten="230,226,298,246" oya="1" hai0="13,85,4,101,25,38,124,72,43,83,112,45,91" hai1="30,62,82,73,80,103,41,134,3,15,94,128,48" hai2="69,65,22,71,125,56,9,0,93,79,102,74,36" hai3="109,123,27,34,1,77,12,100,53,66,135,44,86"/><U133/><E3/><V118/><F118/><W11/><G123/><T113/><D124/><U32/><E73/><V115/><F22/><W81/><G109/><T35/><D101/><U50/><E128/><V84/><F125/><W110/><G1/><T6/><D72/><U17/><E62/><V132/><F36/><W130/><G110/><T88/><D13/><U121/><E121/><V76/><F74/><W52/><G135/><N who="1" m="51722" /><E30/><V19/><F132/><W107/><G66/><T75/><D91/><U92/><E32/><V111/><F111/><W28/><G130/><T126/><D75/><U40/><E50/><V63/><F115/><N who="0" m="44106" /><D126/><U90/><E103/><V104/><F104/><W117/><G117/><T116/><D116/><U114/><E94/><V49/><F0/><W57/><G57/><T131/><D131/><U119/><E119/><V47/><F69/><W7/><REACH who="3" step="1"/><G44/><REACH who="3" ten="230,226,298,236" step="2"/><T5/><D5/><U54/><E114/><V58/><F58/><W59/><G59/><T23/><D35/><U37/><E37/><V67/><F71/><W127/><G127/><T20/><D6/><U2/><E2/><V120/><F120/><W61/><G61/><T51/><D4/><U33/><E33/><V98/><F67/><W55/><G55/><T18/><D38/><U89/><E54/><V39/><F39/><W46/><G46/><T99/><D99/><AGARI ba="0,1" hai="7,11,12,27,28,34,52,53,77,81,86,99,100,107" machi="99" ten="40,8000,1" yaku="1,1,52,1,54,1,53,1" doraHai="78" doraHaiUra="8" who="3" fromWho="0" sc="230,-80,226,0,298,0,236,90" owari="150,-35.0,226,-17.4,298,9.8,326,42.6" /></mjloggm>