<mjloggm ver="2.3"><GO type="225" lobby="0"/><UN n0="%E3%81%8B%E3%82%8F%E3%81%A1%E3%82%83%E3%82%93%35%38" n1="%40%79%75%6B%69%73" n2="%E4%BF%BA%E3%81%A8%E5%A6%96%E5%A4%A2" n3="%E3%82%A2%E3%83%9E%E3%83%9D%EF%BD%9E%EF%BD%9E%E3%83%A9" dan="16,16,17,17" rate="2083.65,2165.97,2203.40,2216.11" sx="M,M,F,M"/><TAIKYOKU oya="0"/><INIT seed="0,0,0,4,3,129" ten="250,250,250,250" oya="0" hai0="52,101,118,87,57,18,37,0,40,59,30,53,56" hai1="17,2,50,116,4,125,1,12,105,84,36,5,117" hai2="24,96,44,104,62,111,31,73,34,120,70,94,110" hai3="82,119,103,108,7,121,78,93,72,122,32,41,76"/><T134/><D0/><N who="1" m="107" /><E50/><V15/><F120/><N who="3" m="46187" /><G7/><N who="1" m="2634" /><E84/><V64/><F15/><W106/><G32/><T3/><D3/><U85/><E85/><V8/><F8/><W89/><G41/><T130/><D30/><U77/><E77/><V68/><F73/><W97/><G78/><T69/><D101/><U112/><E105/><V60/><F44/><W98/><G108/><T10/><D10/><N who="1" m="6295" /><E36/><V38/><F38/><W46/><G46/><N who="0" m="23823" /><D18/><U49/><E49/><V19/><F19/><W114/><G119/><T100/><D87/><U20/><E125/><V61/><F61/><W42/><G42/><T65/><D100/><U81/><E81/><V35/><F104/><W127/><G127/><T95/><D95/><U51/><E51/><V58/><F110/><W109/><G109/><T71/><D118/><U39/><E39/><V54/><F111/><W67/><G67/><T48/><D130/><U74/><E74/><V14/><F70/><N who="0" m="26634" /><D65/><U123/><E123/><V21/><REACH who="2" step="1"/><F14/><REACH who="2" ten="250,250,240,250" step="2"/><W90/><G106/><T33/><D48/><U115/><E20/><V80/><F80/><W86/><G82/><T128/><D128/><U55/><E55/><N who="0" m="21065" /><D33/><U107/><E107/><V25/><F25/><W16/><G72/><T9/><D9/><U28/><E28/><V132/><F132/><AGARI ba="0,1" hai="56,57,59,132,134" m="21065,26634,23823" machi="132" ten="40,12000,1" yaku="34,2,52,2,54,1" doraHai="129" who="0" fromWho="2" sc="250,130,250,0,240,-120,250,0" /><INIT seed="0,1,0,2,4,48" ten="380,250,120,250" oya="0" hai0="12,13,84,41,6,101,123,115,17,69,14,1,10" hai1="86,117,71,42,52,65,130,56,23,105,31,116,21" hai2="124,122,83,102,37,91,81,131,66,107,50,34,133" hai3="47,18,95,120,33,100,106,128,78,38,0,89,67"/><T4/><D115/><U39/><E105/><V60/><F122/><W135/><G33/><T58/><D69/><U110/><E86/><V2/><F37/><W72/><G0/><T29/><D123/><U85/><E85/><V9/><F34/><W87/><G128/><T77/><D101/><U44/><E130/><V28/><F131/><W59/><G135/><T104/><D104/><U24/><E110/><V125/><F28/><W96/><G120/><T43/><D29/><U49/><E21/><V82/><F133/><W27/><G67/><T55/><D17/><U35/><E35/><V119/><F119/><W8/><G59/><T19/><D19/><U103/><E103/><V94/><F102/><W99/><G99/><T3/><D3/><U16/><E31/><V132/><F107/><W114/><G114/><T118/><D118/><U121/><E121/><V112/><F50/><W25/><G47/><T113/><D113/><U5/><E5/><N who="0" m="2153" /><D10/><U70/><E70/><V11/><F2/><W111/><G38/><T97/><D97/><U108/><E108/><V129/><F129/><W57/><G57/><T88/><D77/><U73/><E73/><V26/><F26/><N who="3" m="9739" /><G111/><T61/><D1/><U54/><E54/><V7/><F7/><W15/><G78/><T80/><AGARI ba="1,0" hai="12,13,14,41,43,55,58,61,80,84,88" m="2153" machi="80" ten="30,6000,0" yaku="8,1,52,1,54,1" doraHai="48" who="0" fromWho="0" sc="380,63,250,-21,120,-21,250,-21" /><INIT seed="0,2,0,0,5,16" ten="443,229,99,229" oya="0" hai0="92,115,47,104,25,113,51,52,114,71,40,67,31" hai1="70,53,7,112,27,38,24,117,26,50,20,111,123" hai2="37,133,58,55,2,14,30,72,102,17,64,130,76" hai3="101,125,90,77,41,32,89,110,85,95,59,54,44"/><T35/><D104/><U122/><E117/><V29/><F2/><W99/><G110/><T73/><D73/><U33/><E38/><V74/><F37/><W45/><G32/><T127/><D127/><U124/><E70/><V36/><F36/><W132/><G132/><T97/><D71/><U34/><E124/><V103/><F64/><W46/><G41/><T66/><REACH who="0" step="1"/><D40/><REACH who="0" ten="433,229,99,229" step="2"/><U96/><E122/><V48/><F133/><W108/><G125/><T21/><D21/><U121/><E123/><V129/><F74/><W13/><G108/><T79/><D79/><U61/><E111/><V11/><F76/><W105/><G77/><T94/><D94/><U109/><E121/><V135/><F72/><W118/><G118/><T3/><D3/><U19/><E109/><V116/><F116/><W65/><G95/><T98/><D98/><U80/><E96/><V69/><F69/><W42/><G42/><T56/><D56/><U39/><E34/><V18/><F135/><W87/><G99/><T1/><D1/><U49/><E33/><V9/><F130/><W107/><G105/><T86/><D86/><U128/><E128/><V62/><F129/><W57/><G87/><T78/><D78/><U106/><E106/><V28/><REACH who="2" step="1"/><F62/><REACH who="2" ten="433,229,89,229" step="2"/><W75/><G75/><T12/><D12/><AGARI ba="2,2" hai="9,11,12,14,17,18,28,29,30,48,55,58,102,103" machi="12" ten="40,8000,1" yaku="1,1,2,1,9,1,8,1,53,0" doraHai="16" doraHaiUra="134" who="2" fromWho="0" sc="433,-86,229,0,89,106,229,0" /><INIT seed="1,0,0,3,4,29" ten="347,229,195,229" oya="1" hai0="27,112,19,6,100,36,33,122,99,32,57,123,38" hai1="43,44,26,68,67,90,20,39,70,103,107,92,15" hai2="95,24,66,129,71,85,133,62,96,14,115,77,1" hai3="130,0,42,82,84,121,86,4,22,56,17,116,59"/><U13/><E107/><V41/><F1/><W127/><G121/><N who="0" m="46091" /><D112/><U16/><E103/><V83/><F115/><W21/><G127/><T109/><D109/><U48/><E39/><N who="0" m="14889" /><D6/><U5/><E67/><V106/><F41/><W108/><G42/><T73/><D73/><U10/><REACH who="1" step="1"/><E26/><REACH who="1" ten="347,219,195,229" step="2"/><V31/><F106/><W118/><G108/><T53/><D27/><U126/><E126/><V101/><F129/><W65/><G130/><T135/><D135/><U72/><E72/><V52/><F133/><W23/><G65/><T47/><D100/><U93/><E93/><V50/><F24/><W110/><G110/><T18/><D99/><AGARI ba="0,1" hai="5,10,13,15,16,20,43,44,48,68,70,90,92,99" machi="99" ten="30,11600,0" yaku="1,1,7,1,54,1,53,1" doraHai="29" doraHaiUra="88" who="1" fromWho="0" sc="347,-116,219,126,195,0,229,0" /><INIT seed="1,1,0,5,1,47" ten="231,345,195,229" oya="1" hai0="128,13,94,84,54,11,23,67,96,26,121,53,61" hai1="127,119,91,51,28,87,38,103,102,116,108,76,124" hai2="39,49,66,2,20,46,9,42,45,33,131,122,130" hai3="55,73,111,62,110,50,83,123,43,10,93,22,27"/><U74/><E38/><V56/><F33/><W64/><G123/><T88/><D128/><N who="2" m="49194" /><F20/><W40/><G10/><T115/><D115/><U126/><E28/><V118/><F122/><W80/><G93/><T19/><D121/><U112/><E112/><V125/><F2/><W24/><G24/><T37/><D37/><U32/><E51/><V113/><F9/><W129/><G129/><T70/><REACH who="0" step="1"/><D96/><REACH who="0" ten="221,345,195,229" step="2"/><U63/><E119/><V57/><F113/><W59/><G111/><T133/><D133/><U105/><E108/><V72/><F118/><W60/><G110/><T15/><D15/><U25/><E116/><V5/><F125/><W7/><G7/><AGARI ba="1,1" hai="7,11,13,19,23,26,53,54,61,67,70,84,88,94" machi="7" ten="30,7700,0" yaku="1,1,7,1,54,1,53,1" doraHai="47" doraHaiUra="90" who="0" fromWho="3" sc="221,90,345,0,195,0,229,-80" /><INIT seed="2,0,0,0,5,64" ten="311,345,195,149" oya="2" hai0="3,72,133,46,81,12,57,28,45,116,36,70,134" hai1="59,73,6,55,7,84,60,79,9,24,42,83,4" hai2="113,39,126,122,121,71,101,128,21,56,118,30,91" hai3="62,34,135,32,16,90,65,2,112,115,89,96,44"/><V117/><F101/><W80/><G2/><T69/><D3/><U14/><E73/><V50/><F91/><W10/><G135/><N who="0" m="51723" /><D116/><N who="2" m="44650" /><F21/><W18/><G44/><N who="0" m="17003" /><D36/><U77/><E42/><V97/><F97/><W75/><G75/><T92/><D28/><U106/><E106/><V38/><F30/><W13/><G18/><T110/><D110/><U8/><E24/><V120/><F113/><N who="3" m="43595" /><G96/><T37/><D37/><N who="2" m="13834" /><F128/><W87/><G90/><T40/><D40/><U41/><E41/><V67/><F126/><W51/><G51/><T124/><D124/><U52/><E55/><N who="2" m="31863" /><F122/><W17/><G17/><T66/><D92/><U35/><E35/><V26/><F26/><W105/><G105/><T43/><D43/><U108/><E108/><V19/><F19/><W129/><G129/><T123/><D12/><N who="1" m="5127" /><E6/><V15/><F15/><W5/><G5/><T31/><D31/><U49/><E77/><V78/><F78/><W109/><G109/><T119/><D123/><U20/><E20/><V111/><F111/><W25/><G25/><T94/><D94/><U88/><E79/><V131/><F131/><W48/><G48/><AGARI ba="0,0" hai="7,9,14,48,49,52,59,60,83,84,88" m="5127" machi="48" ten="30,3900,0" yaku="8,1,54,2" doraHai="64" who="1" fromWho="3" sc="311,0,345,39,195,0,149,-39" /><INIT seed="3,0,0,5,5,91" ten="311,384,195,110" oya="3" hai0="50,100,101,83,20,60,10,41,17,104,112,32,57" hai1="18,52,92,82,6,19,128,24,8,2,31,115,53" hai2="86,66,103,107,13,7,58,42,85,61,90,55,44" hai3="93,33,62,23,134,122,65,67,26,40,114,63,110"/><W84/><G114/><T75/><D32/><U30/><E115/><V113/><F113/><W21/><G122/><T29/><D104/><U119/><E128/><V126/><F126/><W36/><G134/><T124/><D75/><U11/><E119/><V15/><F107/><W74/><G74/><T95/><D124/><U45/><E82/><V105/><F105/><W108/><G33/><T34/><D34/><U125/><E125/><V27/><F103/><W81/><G40/><T48/><D101/><U123/><E123/><V76/><F76/><W28/><G36/><T46/><D112/><U135/><E31/><V71/><F27/><W97/><G21/><T106/><D106/><U116/><E116/><V89/><F89/><N who="3" m="55471" /><G65/><T131/><D131/><U9/><E135/><V72/><F72/><W87/><G63/><T1/><D1/><U73/><E73/><V22/><F22/><W5/><G5/><T118/><D118/><U70/><E70/><V78/><F7/><W14/><G14/><N who="0" m="7383" /><D83/><U120/><E120/><V102/><F78/><W0/><G0/><T98/><D50/><N who="1" m="28751" /><E53/><V79/><F71/><N who="3" m="42487" /><G81/><T109/><D20/><N who="1" m="15623" /><E6/><V43/><F66/><W94/><G94/><T129/><D129/><U80/><E80/><N who="2" m="47263" /><F102/><W130/><G130/><T64/><D29/><U47/><E2/><V133/><F133/><W121/><G121/><T12/><D12/><N who="2" m="4682" /><F44/><W69/><G69/><T56/><D56/><U59/><E47/><V132/><F132/><W68/><G68/><T96/><D96/><U111/><E59/><V127/><F127/><W88/><G87/><T35/><D35/><RYUUKYOKU ba="0,0" sc="311,10,384,-30,195,10,110,10" hai0="41,46,48,57,60,64,95,98,100,109" hai2="42,43,55,58,61,86,90" hai3="23,26,28,84,88,108,110" /><INIT seed="3,1,0,3,3,7" ten="321,354,205,120" oya="3" hai0="14,52,57,46,104,43,74,114,29,20,42,28,38" hai1="33,124,125,119,77,78,90,86,135,75,76,112,0" hai2="69,98,19,53,67,30,17,99,83,54,61,110,81" hai3="2,131,22,82,95,1,97,103,41,59,100,92,101"/><W18/><G131/><T26/><D114/><U16/><E112/><V21/><F110/><W31/><G31/><T34/><D104/><U24/><E135/><V79/><F30/><W94/><G97/><T85/><D74/><U72/><E119/><V56/><F19/><W4/><G41/><T105/><D105/><U50/><E0/><V13/><F81/><W80/><G59/><T6/><D43/><U73/><E50/><V93/><F69/><W71/><G71/><T37/><D37/><U123/><E123/><V68/><F68/><W66/><G66/><T89/><D29/><N who="1" m="19623" /><E16/><V55/><F93/><W118/><G118/><T45/><D45/><U27/><E27/><V88/><F79/><W40/><G40/><T107/><D107/><U130/><E130/><V120/><F120/><W32/><G32/><T134/><D134/><U49/><E49/><V102/><F102/><W36/><G36/><T39/><D39/><U115/><E115/><V96/><F96/><W44/><G44/><T133/><D133/><U121/><E121/><V35/><F35/><W25/><REACH who="3" step="1"/><G1/><REACH who="3" ten="321,354,205,110" step="2"/><T47/><D47/><U70/><E70/><V117/><F117/><W122/><G122/><T132/><D132/><U111/><E111/><V129/><F129/><W128/><G128/><T116/><D116/><U65/><E65/><V51/><F51/><W84/><G84/><AGARI ba="1,1" hai="13,17,21,53,54,55,56,61,67,83,84,88,98,99" machi="84" ten="40,2600,0" yaku="8,1,54,1" doraHai="7" who="2" fromWho="3" sc="321,0,354,0,205,39,110,-29" owari="321,12.1,354,45.4,244,-15.6,81,-41.9" /></mjloggm>