<mjloggm ver="2.3"><GO type="225" lobby="0"/><UN n0="%E5%8D%A0%E3%81%84%E5%B8%AB%E8%A3%8F%E3%81%AA%E3%81%84%E3%81%97" n1="%E3%81%BF%E3%81%BF%E3%81%9A" n2="%E5%B8%86%E7%AB%8B%E5%A4%8F%E8%A1%A3" n3="%4B%2E%32%2E%4B%2E" dan="17,18,16,17" rate="2192.85,2242.73,2169.63,2210.62" sx="M,M,M,M"/><TAIKYOKU oya="0"/><INIT seed="0,0,0,4,1,44" ten="250,250,250,250" oya="0" hai0="135,23,3,17,106,2,103,116,27,54,33,94,120" hai1="130,57,100,124,86,91,83,107,60,73,41,85,97" hai2="104,13,93,82,48,99,15,113,88,90,84,105,21" hai3="77,53,19,114,6,7,47,115,102,28,9,36,123"/><T46/><D116/><U129/><E124/><V24/><F113/><W52/><G123/><T66/><D120/><U109/><E109/><V128/><F128/><N who="1" m="49257" /><E41/><V5/><F48/><W68/><G68/><T8/><D135/><U67/><E85/><V108/><F108/><W56/><G28/><T80/><D33/><U76/><E73/><V18/><REACH who="2" step="1"/><F5/><REACH who="2" ten="250,250,240,250" step="2"/><W81/><G6/><T40/><D40/><U127/><E127/><V72/><F72/><W92/><G7/><T11/><D46/><U45/><E45/><V78/><F78/><AGARI ba="0,1" hai="57,60,67,76,78,83,86,91,97,100,107" m="49257" machi="78" ten="30,1000,0" yaku="19,1" doraHai="44" who="1" fromWho="2" sc="250,0,250,20,240,-10,250,0" /><INIT seed="1,0,0,5,2,58" ten="250,270,230,250" oya="1" hai0="78,42,71,39,82,10,28,96,33,134,56,118,17" hai1="106,19,55,74,102,81,48,3,72,114,123,103,49" hai2="46,69,129,135,111,64,85,93,117,63,30,38,68" hai3="24,12,31,51,7,122,44,26,59,87,84,57,73"/><U131/><E114/><V79/><F117/><W132/><G73/><T91/><D118/><U76/><E123/><V25/><F111/><W32/><G122/><T61/><D134/><U27/><E3/><V99/><F129/><W14/><G132/><T6/><D71/><U119/><E119/><V115/><F135/><W108/><G108/><T92/><D17/><U53/><E131/><V21/><F115/><W110/><G110/><T127/><D127/><U1/><E1/><V18/><F69/><W130/><G130/><T65/><D28/><U113/><E113/><V109/><F109/><W50/><G7/><T43/><D33/><U75/><E27/><V97/><F30/><W22/><G32/><T86/><REACH who="0" step="1"/><D39/><REACH who="0" ten="240,270,230,250" step="2"/><U0/><E19/><V5/><F5/><W107/><G31/><T15/><AGARI ba="0,1" hai="6,10,15,42,43,56,61,65,78,82,86,91,92,96" machi="15" ten="20,12000,2" yaku="1,1,2,1,0,1,7,1,8,1,52,1,53,0" doraHai="58" doraHaiUra="112" who="0" fromWho="0" sc="240,130,270,-60,230,-30,250,-30" /><INIT seed="2,0,0,3,5,131" ten="370,210,200,220" oya="2" hai0="58,25,10,110,46,90,70,42,100,33,79,57,15" hai1="62,43,59,82,127,20,93,1,123,98,101,63,35" hai2="3,130,91,97,128,124,85,87,39,6,116,135,2" hai3="129,47,122,65,76,50,45,22,69,60,21,71,105"/><V24/><F39/><W132/><G122/><T23/><D70/><U68/><E35/><V61/><F116/><W108/><G105/><T111/><D33/><U88/><E1/><V121/><F121/><W113/><G129/><N who="2" m="49769" /><F124/><W134/><G108/><N who="0" m="41515" /><D79/><U14/><E123/><V51/><F135/><N who="3" m="51755" /><G113/><T53/><D53/><U19/><E127/><V112/><F112/><W125/><G125/><T67/><D90/><U77/><E68/><N who="3" m="26186" /><G76/><T83/><D67/><U41/><E101/><V75/><F75/><W133/><N who="3" m="51763" /><W96/><DORA hai="37" /><G96/><T18/><D100/><U56/><E56/><V5/><F97/><W126/><G126/><T16/><D83/><U40/><REACH who="1" step="1"/><E59/><REACH who="1" ten="370,200,200,220" step="2"/><V118/><F118/><W94/><G94/><T38/><AGARI ba="0,1" hai="10,15,16,18,23,25,38,42,46,57,58" m="41515" machi="38" ten="30,4000,0" yaku="14,1,52,1,54,1" doraHai="131,37" who="0" fromWho="0" sc="370,50,200,-10,200,-20,220,-10" /><INIT seed="3,0,0,2,4,36" ten="420,190,180,210" oya="3" hai0="96,3,20,95,114,112,24,107,129,46,40,73,84" hai1="55,9,100,11,117,32,124,35,106,115,128,77,123" hai2="53,109,127,14,30,60,56,25,111,75,80,132,19" hai3="49,48,65,108,81,130,97,102,58,62,134,59,74"/><W89/><G130/><T8/><D73/><U88/><E123/><V91/><F127/><W125/><G125/><T118/><D118/><U92/><E124/><V52/><F132/><W71/><G134/><T5/><D129/><U13/><E128/><V90/><F75/><W51/><G108/><N who="2" m="41545" /><F80/><W54/><G71/><T135/><D84/><N who="1" m="52231" /><E115/><N who="0" m="44073" /><D107/><U93/><E117/><V86/><F53/><W57/><G57/><T105/><D105/><U18/><E35/><N who="2" m="20943" /><F86/><W126/><G126/><T28/><D135/><U1/><E32/><V72/><F72/><W21/><G21/><AGARI ba="0,0" hai="14,19,21,52,56,60,90,91" m="20943,41545" machi="21" ten="30,2000,0" yaku="14,1,54,1" doraHai="36" who="2" fromWho="3" sc="420,0,190,0,180,20,210,-20" owari="420,52.0,190,-21.0,200,0.0,190,-31.0" /></mjloggm>