<mjloggm ver="2.3"><GO type="225" lobby="0"/><UN n0="%E3%81%BF%E3%81%BF%E3%81%9A" n1="%E3%81%B2%E3%81%AA%E3%81%AE%E3%82%8A%E3%81%8F" n2="%6D%75%75%6D%75%72%61" n3="%E3%81%82%E3%80%81%E8%B2%A0%E3%81%91%E3%81%BE%E3%81%97%E3%81%9F" dan="16,17,16,16" rate="2157.90,2221.60,2099.04,2132.54" sx="M,M,F,M"/><TAIKYOKU oya="0"/><INIT seed="0,0,0,4,0,85" ten="250,250,250,250" oya="0" hai0="10,12,72,44,22,109,55,53,4,91,50,59,95" hai1="64,82,6,97,103,21,23,76,61,130,13,98,18" hai2="26,90,17,0,74,102,32,36,29,100,135,107,69" hai3="62,126,58,39,41,106,28,38,117,48,120,114,56"/><T122/><D122/><U119/><E130/><V8/><F69/><W80/><G106/><T94/><D72/><U73/><E119/><V27/><F74/><W14/><G28/><T96/><D109/><U79/><E79/><V40/><F135/><W75/><G14/><T104/><D104/><U89/><E6/><V131/><F131/><W37/><G80/><T93/><REACH who="0" step="1"/><D22/><REACH who="0" ten="240,250,250,250" step="2"/><U87/><E23/><V2/><F107/><W15/><G75/><T133/><D133/><U108/><E108/><V30/><F32/><W43/><G120/><T68/><D68/><U116/><E116/><V35/><F35/><W115/><G117/><T127/><D127/><U9/><E21/><V57/><F30/><W46/><G126/><T24/><D24/><U125/><E125/><V70/><F29/><W66/><G114/><T84/><D84/><U111/><E111/><V129/><F70/><N who="3" m="42327" /><G115/><T81/><D81/><U65/><E73/><V113/><F129/><W51/><G15/><T49/><AGARI ba="0,1" hai="4,10,12,44,49,50,53,55,59,91,93,94,95,96" machi="49" ten="20,18000,2" yaku="1,1,0,1,7,1,8,1,52,1,53,1" doraHai="85" doraHaiUra="7" who="0" fromWho="0" sc="240,190,250,-60,250,-60,250,-60" /><INIT seed="0,1,0,2,1,128" ten="430,190,190,190" oya="0" hai0="131,68,92,24,105,49,52,67,59,90,86,12,53" hai1="56,66,77,55,108,79,75,76,117,69,15,78,31" hai2="80,2,8,94,116,106,6,64,54,40,62,26,33" hai3="48,38,45,37,134,82,109,25,112,114,102,130,63"/><T51/><D131/><U97/><E117/><V84/><F106/><W98/><G130/><T60/><D105/><U44/><E108/><V110/><F110/><W91/><G109/><T74/><D74/><U88/><E31/><V123/><F123/><W85/><G63/><T70/><D24/><U58/><E69/><V73/><F116/><W16/><G38/><T101/><D101/><U46/><E75/><V81/><F40/><W7/><G7/><T120/><D120/><U72/><E72/><V93/><F54/><W19/><G37/><T118/><D118/><U125/><E125/><V41/><F41/><W28/><G114/><T65/><D65/><U32/><E32/><V133/><F133/><W22/><G134/><T113/><D113/><U96/><E66/><V11/><F11/><W111/><G111/><T36/><D36/><U30/><E30/><V132/><F132/><W9/><G9/><T17/><D70/><U42/><E42/><V50/><F50/><N who="0" m="18954" /><D68/><U47/><N who="1" m="19456" /><DORA hai="135" /><U87/><E15/><V13/><F73/><W119/><G119/><T3/><D3/><U115/><E115/><V57/><F2/><W21/><G21/><AGARI ba="1,0" hai="12,17,21,52,53,59,60,67,86,90,92" m="18954" machi="21" ten="30,2900,0" yaku="8,1,54,1" doraHai="128,135" who="0" fromWho="3" sc="430,32,190,0,190,0,190,-32" /><INIT seed="0,2,0,4,0,90" ten="462,190,190,158" oya="0" hai0="29,134,114,24,75,88,55,19,31,121,10,113,110" hai1="26,25,54,86,89,20,39,46,21,125,43,115,4" hai2="100,74,8,76,126,69,32,73,71,42,6,72,120" hai3="70,117,103,51,53,40,0,56,59,64,57,12,83"/><T96/><D121/><U22/><E125/><V67/><F120/><W48/><G0/><T102/><D75/><N who="2" m="28746" /><F126/><W91/><G103/><T33/><D31/><U36/><E36/><V5/><F5/><W130/><G117/><T84/><D134/><U118/><E118/><V27/><F42/><W79/><G130/><T34/><D34/><U85/><E115/><V14/><F14/><W133/><G133/><T13/><D110/><U2/><E54/><V99/><F67/><W107/><G107/><T77/><D77/><U81/><REACH who="1" step="1"/><E85/><REACH who="1" ten="462,180,190,158" step="2"/><V17/><F74/><W65/><G53/><T97/><D55/><U66/><E66/><V128/><F128/><W68/><G64/><T112/><REACH who="0" step="1"/><D102/><REACH who="0" ten="452,180,190,158" step="2"/><U52/><E52/><V61/><F100/><W18/><G65/><T63/><D63/><U129/><E129/><V123/><F61/><W30/><G59/><T49/><D49/><U132/><E132/><V108/><F108/><W92/><G57/><T119/><D119/><U45/><E45/><V3/><F123/><W95/><G56/><T131/><D131/><U106/><E106/><V1/><F71/><W38/><G68/><T23/><D23/><U11/><AGARI ba="2,2" hai="2,4,11,20,21,22,25,26,39,43,46,81,86,89" machi="11" ten="30,2000,0" yaku="1,1,0,1,53,0" doraHai="90" doraHaiUra="98" who="1" fromWho="1" sc="452,-12,180,46,190,-7,158,-7" /><INIT seed="1,0,0,0,2,11" ten="440,226,183,151" oya="1" hai0="110,68,127,88,64,36,80,52,107,33,69,53,114" hai1="38,71,57,13,4,24,47,16,95,131,37,66,20" hai2="12,96,18,101,105,82,97,125,65,85,116,48,135" hai3="79,30,106,117,3,76,0,132,113,93,111,89,50"/><U6/><E71/><V103/><F116/><W92/><G30/><T120/><D33/><U118/><E118/><V75/><F125/><W15/><G117/><T91/><D107/><U56/><E131/><V44/><F135/><W121/><G106/><T55/><D114/><U63/><E57/><V134/><F75/><W94/><G89/><T39/><D127/><U42/><E38/><V98/><F65/><W73/><G50/><T60/><D110/><U86/><REACH who="1" step="1"/><E24/><REACH who="1" ten="440,216,183,151" step="2"/><V28/><F134/><W2/><G132/><T23/><D69/><U70/><E70/><V102/><F105/><W35/><G113/><T104/><D104/><U90/><AGARI ba="0,1" hai="4,6,13,16,20,37,42,47,56,63,66,86,90,95" machi="90" ten="30,11700,0" yaku="1,1,0,1,52,1,54,1,53,0" doraHai="11" doraHaiUra="46" who="1" fromWho="1" sc="440,-39,216,127,183,-39,151,-39" /><INIT seed="1,1,0,2,1,115" ten="401,343,144,112" oya="1" hai0="105,16,8,122,132,94,65,7,127,45,32,73,100" hai1="6,47,27,72,108,33,66,79,92,12,134,2,5" hai2="17,15,61,78,38,80,19,42,125,20,67,43,9" hai3="117,28,120,110,74,121,24,31,103,93,25,102,48"/><U98/><E2/><V81/><F125/><W116/><G74/><T52/><D73/><U68/><E72/><V101/><F101/><W4/><G4/><T1/><D105/><U131/><E79/><V63/><F38/><W53/><G48/><T35/><D65/><U39/><E134/><V128/><F128/><W21/><G93/><T50/><D132/><U0/><E0/><V37/><F37/><W135/><G135/><T91/><D100/><U130/><E33/><V87/><F80/><W123/><G53/><T86/><D127/><U60/><E27/><V85/><F85/><W129/><G129/><N who="1" m="49162" /><E12/><V64/><F64/><W111/><G120/><T95/><D122/><U83/><E83/><V126/><F126/><W51/><G51/><T34/><D16/><U96/><E96/><V97/><F97/><W18/><G18/><T71/><REACH who="0" step="1"/><D95/><REACH who="0" ten="391,343,144,112" step="2"/><U90/><E108/><V89/><F19/><W22/><AGARI ba="1,1" hai="21,22,24,25,28,31,102,103,110,111,116,117,121,123" machi="22" ten="25,8000,1" yaku="0,1,22,2,52,2" doraHai="115" who="3" fromWho="3" sc="391,-21,343,-41,144,-21,112,93" /><INIT seed="2,0,0,5,3,86" ten="370,302,123,205" oya="2" hai0="96,54,61,45,79,5,105,37,17,24,103,112,90" hai1="35,18,76,100,66,51,83,67,102,31,124,48,16" hai2="101,10,87,33,64,77,3,78,89,69,95,116,29" hai3="119,6,71,126,7,39,68,1,72,58,123,46,98"/><V55/><F116/><W73/><G58/><T20/><D112/><U115/><E115/><V11/><F101/><W91/><G119/><T9/><D79/><U50/><E35/><V128/><F128/><W53/><G123/><T25/><D25/><U59/><E31/><V92/><F33/><W41/><G53/><T135/><D135/><U82/><E124/><V85/><F29/><W117/><G117/><T121/><D121/><U30/><E30/><V56/><F64/><N who="1" m="24617" /><E76/><V104/><F104/><W2/><G126/><T122/><D122/><U132/><E59/><V93/><F69/><W118/><G118/><T38/><D90/><U42/><E42/><V57/><F3/><W22/><G22/><T106/><D105/><U81/><E132/><V34/><F34/><W19/><G19/><AGARI ba="0,0" hai="16,18,19,48,50,51,81,82,83,100,102" m="24617" machi="19" ten="40,8000,1" yaku="28,2,8,1,54,1" doraHai="86" who="1" fromWho="3" sc="370,0,302,80,123,0,205,-80" /><INIT seed="3,0,0,0,2,30" ten="370,382,123,125" oya="3" hai0="112,93,23,100,71,118,68,116,51,108,64,33,132" hai1="128,61,95,17,21,127,44,28,90,5,69,117,122" hai2="99,111,32,70,8,103,0,15,80,39,58,37,74" hai3="40,89,36,62,20,73,77,79,66,45,97,25,92"/><W133/><G133/><T94/><D33/><U48/><E122/><V85/><F70/><N who="0" m="26666" /><D100/><U7/><E128/><V126/><F74/><W113/><G113/><T81/><D64/><U9/><E127/><V13/><F126/><W115/><G115/><T106/><D112/><U42/><E28/><V27/><F0/><W87/><G73/><T78/><D23/><U124/><E124/><V49/><F111/><W65/><G62/><T16/><D106/><U38/><E38/><V86/><F32/><W29/><REACH who="3" step="1"/><G79/><REACH who="3" ten="370,382,123,115" step="2"/><T75/><D132/><U120/><E61/><V12/><F8/><W56/><G56/><T1/><D75/><U2/><E69/><V135/><F135/><W98/><G98/><T11/><D78/><U35/><E9/><V6/><F6/><W60/><G60/><T134/><D134/><U31/><E7/><V105/><F85/><W63/><G63/><T50/><D118/><U104/><E5/><V53/><REACH who="2" step="1"/><F27/><REACH who="2" ten="370,382,113,115" step="2"/><W130/><G130/><T107/><D11/><U110/><E117/><V54/><F54/><W121/><G121/><T101/><D116/><U131/><E120/><V91/><AGARI ba="0,2" hai="12,13,15,37,39,49,53,58,80,86,91,99,103,105" machi="91" ten="30,4000,0" yaku="1,1,0,1,53,1" doraHai="30" doraHaiUra="83" who="2" fromWho="2" sc="370,-10,382,-10,113,60,115,-20" owari="360,16.0,372,47.2,173,-22.7,95,-40.5" /></mjloggm>