<mjloggm ver="2.3"><GO type="225" lobby="0"/><UN n0="%E6%B8%A9%E2%98%85%E6%83%85%E2%98%85%E6%8E%AA%E2%98%85%E7%BD%AE" n1="%E6%97%A5%E6%9B%9C%E6%97%A5%E3%82%88%E3%82%8A%E3%81%AE%E4%BD%BF%E8%80%85" n2="%4B%2E%32%2E%4B%2E" n3="%E3%81%B5%E3%81%98%E3%81%8B%E3%81%A4" dan="17,17,16,16" rate="2228.70,2125.75,2143.07,2206.25" sx="M,M,M,M"/><TAIKYOKU oya="0"/><INIT seed="0,0,0,5,0,97" ten="250,250,250,250" oya="0" hai0="38,40,75,61,88,68,108,28,36,15,98,23,6" hai1="44,72,34,65,18,60,77,20,63,79,58,74,116" hai2="73,53,27,135,107,110,89,121,22,122,59,78,11" hai3="83,90,64,25,33,119,45,13,57,51,3,9,91"/><T80/><D40/><U114/><E116/><V117/><F117/><W133/><G119/><T84/><D75/><U132/><E34/><V56/><F110/><W37/><G37/><T120/><D120/><U16/><E132/><V50/><F135/><W70/><G70/><T81/><D108/><U105/><E105/><V131/><F107/><W92/><G133/><T21/><D81/><U5/><E5/><V52/><F131/><W62/><G9/><T101/><D68/><U48/><E114/><V31/><F89/><W30/><G3/><T17/><D61/><U32/><E32/><V102/><F102/><W85/><G13/><T0/><D6/><U46/><E74/><V26/><F26/><W41/><REACH who="3" step="1"/><G92/><REACH who="3" ten="250,250,250,240" step="2"/><T134/><D0/><U8/><E8/><V115/><F11/><W95/><G95/><T125/><D134/><U29/><E72/><V127/><F115/><W7/><G7/><T129/><D129/><U42/><E29/><V109/><F109/><W93/><G93/><N who="0" m="58575" /><D38/><U112/><E112/><V24/><F122/><W2/><G2/><T96/><D36/><U100/><E18/><V123/><F123/><W99/><G99/><T10/><D28/><U39/><E16/><V124/><F121/><W111/><G111/><T35/><D96/><U104/><E39/><V19/><F19/><W12/><G12/><T71/><D71/><U47/><E104/><V87/><F31/><W118/><G118/><T128/><D128/><U76/><E20/><N who="0" m="7753" /><D35/><U82/><E82/><V130/><F130/><W43/><G43/><T49/><D125/><U66/><E42/><RYUUKYOKU ba="0,1" sc="250,15,250,-15,250,-15,240,15" hai0="10,15,17,49,80,84,88" hai3="25,30,33,41,45,51,57,62,64,83,85,90,91" /><INIT seed="0,1,1,3,1,106" ten="265,235,235,255" oya="0" hai0="46,0,55,66,112,74,50,133,7,48,81,18,70" hai1="54,37,84,126,134,101,15,20,49,1,2,100,109" hai2="56,129,105,34,36,23,38,14,28,108,59,64,58" hai3="131,122,93,52,130,73,94,57,120,51,85,98,16"/><T61/><D112/><U33/><E33/><V128/><F105/><W3/><G3/><T113/><D113/><U67/><E37/><N who="2" m="14443" /><F108/><W88/><G73/><T127/><D133/><U123/><E123/><N who="3" m="47146" /><G16/><T79/><D127/><U99/><E1/><V68/><F34/><W124/><G124/><T4/><D0/><U76/><E2/><V35/><F35/><W91/><AGARI ba="1,1" hai="51,52,57,85,88,91,93,94,98,130,131" m="47146" machi="91" ten="30,4000,0" yaku="13,1,54,2" doraHai="106" who="3" fromWho="3" sc="265,-21,235,-11,235,-11,255,53" /><INIT seed="1,0,0,5,2,97" ten="244,224,224,308" oya="1" hai0="36,4,80,34,118,117,135,100,76,72,33,30,37" hai1="1,73,83,84,20,31,129,92,67,106,22,29,41" hai2="68,81,32,131,71,55,102,3,56,96,38,60,13" hai3="54,127,23,121,17,116,110,82,77,9,26,35,42"/><U114/><E106/><V123/><F123/><W50/><G121/><T11/><D135/><U52/><E1/><V89/><F3/><W111/><G42/><T98/><D11/><U6/><E73/><V87/><F32/><N who="0" m="12394" /><D30/><N who="1" m="11275" /><E114/><V134/><F131/><W101/><G127/><T64/><D64/><U0/><E0/><V90/><F134/><W58/><G35/><T15/><D15/><U93/><E129/><V66/><F38/><N who="0" m="14954" /><D4/><U61/><E41/><V16/><F90/><W94/><G9/><T10/><D10/><U79/><E67/><V45/><F45/><W115/><G115/><T99/><D99/><U130/><E6/><V25/><F25/><W133/><G133/><T59/><D59/><N who="1" m="35047" /><E130/><V125/><F125/><W48/><G48/><T47/><D47/><U105/><E105/><AGARI ba="0,0" hai="72,76,80,98,100,105,117,118" m="14954,12394" machi="105" ten="30,2000,0" yaku="23,1,52,1" doraHai="97" who="0" fromWho="1" sc="244,20,224,-20,224,0,308,0" /><INIT seed="2,0,0,1,0,96" ten="264,204,224,308" oya="2" hai0="78,8,131,85,97,74,88,112,20,87,73,76,106" hai1="46,91,70,17,37,41,125,18,16,1,93,126,51" hai2="89,110,57,95,99,54,53,9,28,47,62,40,10" hai3="108,27,50,72,102,14,36,7,105,132,24,42,119"/><V39/><F110/><W82/><G119/><T115/><D20/><U43/><E70/><V55/><REACH who="2" step="1"/><F28/><REACH who="2" ten="264,204,214,308" step="2"/><W11/><G108/><T98/><D131/><U44/><REACH who="1" step="1"/><E1/><REACH who="1" ten="264,194,214,308" step="2"/><V65/><AGARI ba="0,2" hai="9,10,39,40,47,53,54,55,57,62,65,89,95,99" machi="65" ten="30,6000,0" yaku="1,1,2,1,0,1,53,0" doraHai="96" doraHaiUra="124" who="2" fromWho="2" sc="264,-20,194,-20,214,80,308,-20" /><INIT seed="2,1,0,5,5,95" ten="244,174,294,288" oya="2" hai0="45,38,7,92,47,131,102,98,118,110,99,0,54" hai1="44,62,124,111,103,69,105,52,29,11,71,64,43" hai2="5,129,16,117,90,122,48,32,3,33,1,76,134" hai3="130,27,115,86,107,127,36,21,116,88,68,67,42"/><V91/><F117/><W109/><G116/><T80/><D118/><U41/><E111/><V123/><F129/><W30/><G109/><T101/><D110/><U87/><E124/><V25/><F134/><W37/><G130/><T100/><D131/><U40/><E29/><V108/><F108/><W75/><G127/><T61/><D0/><N who="2" m="74" /><F76/><W73/><G107/><T133/><D133/><U9/><E71/><V60/><F48/><W84/><G84/><T51/><D7/><U126/><E126/><V59/><F59/><W18/><G115/><T63/><D80/><U53/><E87/><V78/><F60/><N who="0" m="23114" /><D38/><U2/><E2/><V31/><F78/><W58/><G68/><T82/><D82/><U104/><E104/><V34/><F90/><W35/><G67/><T22/><D22/><U26/><E26/><V125/><F91/><W57/><G57/><N who="0" m="32991" /><D92/><U39/><E39/><V24/><F125/><W113/><G58/><T85/><D85/><U17/><E44/><AGARI ba="1,0" hai="44,45,47,98,99,100,101,102" m="32991,23114" machi="44" ten="30,3900,0" yaku="8,1,52,2" doraHai="95" who="0" fromWho="1" sc="244,42,174,-42,294,0,288,0" /><INIT seed="3,0,0,5,4,23" ten="286,132,294,288" oya="3" hai0="82,25,103,59,104,86,61,20,116,135,5,17,66" hai1="15,37,94,126,100,58,55,83,96,53,21,133,24" hai2="34,92,42,54,123,106,49,50,122,98,22,60,89" hai3="46,105,8,79,6,18,4,12,33,39,132,9,134"/><W102/><G33/><T69/><D116/><U87/><E126/><V30/><F34/><W40/><G79/><T26/><D135/><N who="3" m="51753" /><G105/><T74/><D74/><U27/><E133/><V3/><F3/><N who="3" m="31" /><G102/><T62/><D5/><AGARI ba="0,0" hai="5,6,9,12,18,39,40,46" m="31,51753" machi="5" ten="30,1500,0" yaku="20,1" doraHai="23" who="3" fromWho="0" sc="286,-15,132,0,294,0,288,15" owari="271,-12.9,132,-36.8,294,9.4,303,40.3" /></mjloggm>