<mjloggm ver="2.3"><GO type="225" lobby="0"/><UN n0="%E7%BD%AA%E5%88%91%E6%B3%95%E5%AE%9A%E4%B8%BB%E7%BE%A9" n1="%73%75%7A%75%6D%65%33" n2="%E6%B8%A9%E2%98%85%E6%83%85%E2%98%85%E6%8E%AA%E2%98%85%E7%BD%AE" n3="%28%EF%BF%A3%E2%96%BD%EF%BF%A3%29%CE%B4%E2%8C%92%E3%83%BB" dan="16,18,17,16" rate="2175.11,2244.77,2193.57,2132.82" sx="M,M,M,M"/><TAIKYOKU oya="0"/><INIT seed="0,0,0,2,2,103" ten="250,250,250,250" oya="0" hai0="52,11,91,60,62,42,65,30,55,126,31,25,76" hai1="48,71,104,121,43,28,5,90,41,111,134,64,63" hai2="6,117,61,27,40,131,79,77,2,98,21,49,101" hai3="68,67,80,20,89,36,133,69,57,93,99,39,105"/><T10/><D126/><U122/><E111/><V84/><F131/><W109/><G109/><T15/><D76/><U110/><E110/><V59/><F117/><W116/><G116/><T54/><D42/><U124/><E124/><V45/><F84/><W37/><G133/><T92/><D10/><U9/><E134/><V58/><F6/><W50/><G80/><T47/><D47/><U88/><E104/><V102/><F2/><W95/><G105/><T86/><D65/><U70/><E28/><N who="0" m="10793" /><D25/><U97/><E70/><V120/><F120/><W123/><G123/><T128/><D128/><U38/><E38/><V46/><F46/><W56/><G20/><T16/><AGARI ba="0,0" hai="11,15,16,52,54,55,60,62,86,91,92" m="10793" machi="16" ten="30,6000,0" yaku="8,1,54,2" doraHai="103" who="0" fromWho="0" sc="250,60,250,-20,250,-20,250,-20" /><INIT seed="0,1,0,2,3,16" ten="310,230,230,230" oya="0" hai0="1,0,84,9,58,118,65,51,105,135,4,2,111" hai1="94,93,134,127,128,6,74,46,12,33,62,67,14" hai2="100,49,30,56,68,38,124,40,17,96,77,29,119" hai3="28,75,43,133,59,22,98,79,47,26,64,106,107"/><T108/><D105/><U8/><E33/><V76/><F124/><W15/><G133/><T3/><D118/><U97/><E134/><V7/><F68/><W125/><G125/><T41/><D135/><U13/><E74/><V112/><F38/><W55/><G64/><T99/><D99/><U32/><E32/><V63/><F7/><W39/><G98/><T85/><D41/><U44/><E127/><V117/><F112/><W73/><G15/><T86/><REACH who="0" step="1"/><D51/><REACH who="0" ten="300,230,230,230" step="2"/><U126/><E126/><V122/><F49/><W121/><G121/><T80/><D80/><U101/><E128/><V110/><F40/><W34/><G107/><T31/><D31/><U27/><E94/><N who="2" m="58391" /><F122/><W131/><G106/><T21/><D21/><U42/><E42/><V20/><F117/><W104/><G104/><T50/><D50/><U91/><E101/><V102/><F102/><W95/><G131/><T45/><D45/><U87/><E97/><V48/><F48/><W115/><G43/><T81/><D81/><U72/><E46/><V36/><F119/><W35/><G47/><T52/><D52/><U23/><E44/><V24/><F36/><W129/><G39/><T18/><D18/><N who="1" m="12791" /><E72/><V66/><F110/><W92/><G75/><T11/><D11/><U113/><E113/><V53/><F53/><W130/><G115/><T61/><AGARI ba="1,1" hai="0,1,2,3,4,9,58,61,65,84,85,86,108,111" machi="61" ten="40,3900,0" yaku="1,1,0,1,53,0" doraHai="16" doraHaiUra="114" who="0" fromWho="0" sc="300,52,230,-14,230,-14,230,-14" /><INIT seed="0,2,0,4,5,135" ten="352,216,216,216" oya="0" hai0="87,128,72,48,103,2,129,94,16,40,131,0,17" hai1="6,47,46,43,95,7,124,51,111,86,90,63,28" hai2="84,37,79,116,56,62,65,20,11,27,77,36,89" hai3="67,29,109,15,25,45,108,93,91,125,58,68,104"/><T117/><D72/><U110/><E28/><V53/><F116/><W70/><G104/><T83/><D117/><U123/><E123/><V24/><F37/><W99/><G45/><N who="0" m="25639" /><D94/><U26/><E26/><V121/><F36/><W118/><G118/><T55/><D55/><U78/><E78/><N who="2" m="29707" /><F121/><W134/><G134/><T120/><D103/><U100/><E100/><V74/><F74/><W3/><G3/><N who="0" m="1067" /><D120/><U14/><E47/><V31/><F11/><W82/><G82/><T115/><D115/><U23/><E63/><V10/><F10/><W98/><G15/><T101/><D101/><U41/><E41/><V80/><F27/><W13/><G13/><T92/><D92/><U96/><E14/><V102/><F102/><W85/><G99/><T127/><D127/><U75/><E124/><V126/><F126/><W50/><G98/><T49/><D49/><U35/><E75/><V12/><F12/><W22/><G125/><T1/><N who="0" m="1075" /><T71/><DORA hai="39" /><D71/><U88/><E35/><V114/><F114/><W107/><G107/><T66/><D66/><AGARI ba="2,0" hai="20,24,31,53,56,62,65,66,80,84,89" m="29707" machi="66" ten="30,1000,0" yaku="8,1" doraHai="135,39" who="2" fromWho="0" sc="352,-16,216,0,216,16,216,0" /><INIT seed="1,0,0,1,1,3" ten="336,216,232,216" oya="1" hai0="73,97,61,10,124,88,94,26,120,69,45,37,64" hai1="51,42,99,80,87,113,96,34,24,78,36,54,56" hai2="79,92,16,12,9,112,95,28,60,119,7,50,55" hai3="115,18,131,72,125,84,23,93,6,49,5,77,25"/><U15/><E113/><V27/><F119/><W39/><G39/><T1/><D124/><U17/><E36/><V13/><F112/><W75/><G115/><T14/><D1/><U58/><E42/><V133/><F133/><W106/><G106/><T46/><D73/><U83/><E34/><V71/><F79/><W48/><G125/><T132/><D132/><U103/><E24/><V44/><F71/><W74/><G131/><T41/><D46/><U121/><E121/><V110/><F110/><W57/><G93/><T47/><D45/><U63/><E83/><V108/><F108/><W111/><G111/><T4/><REACH who="0" step="1"/><D26/><REACH who="0" ten="326,216,232,216" step="2"/><U98/><E103/><V70/><F70/><W0/><G0/><T90/><D90/><U2/><E2/><V43/><F43/><W129/><G129/><T11/><D11/><U107/><E107/><V76/><F76/><W130/><G130/><T20/><D20/><U29/><E29/><V91/><F91/><W59/><G75/><T109/><D109/><U102/><E102/><V66/><F27/><W105/><G74/><T68/><D68/><U100/><E100/><V127/><F28/><W116/><G72/><T32/><D32/><U135/><E135/><V82/><F127/><W101/><G101/><T126/><D126/><U62/><REACH who="1" step="1"/><E58/><REACH who="1" ten="326,206,232,216" step="2"/><N who="3" m="22026" /><G105/><T33/><D33/><U65/><E65/><V117/><F66/><W52/><G116/><T81/><D81/><U122/><E122/><AGARI ba="0,2" hai="4,10,14,37,41,47,61,64,69,88,94,97,120,122" machi="122" ten="40,8000,1" yaku="1,1,52,1,54,1,53,1" doraHai="3" doraHaiUra="86" who="0" fromWho="1" sc="326,100,206,-80,232,0,216,0" /><INIT seed="2,0,0,1,3,44" ten="426,126,232,216" oya="2" hai0="132,133,129,126,40,79,124,10,28,111,122,102,71" hai1="62,25,76,105,46,29,14,95,94,65,60,61,134" hai2="59,127,22,50,125,113,101,72,23,26,77,116,86" hai3="6,78,43,70,12,34,64,81,56,9,21,82,85"/><V53/><F113/><W49/><G34/><T66/><D122/><U107/><E134/><N who="0" m="51817" /><D79/><U20/><E65/><V97/><F72/><W42/><G70/><T16/><D102/><U80/><E105/><V55/><F116/><W75/><G21/><T39/><D111/><U36/><E107/><V74/><F74/><W90/><REACH who="3" step="1"/><G64/><REACH who="3" ten="426,126,232,206" step="2"/><T33/><D71/><U51/><E36/><V17/><F22/><W117/><G117/><T115/><D66/><U87/><REACH who="1" step="1"/><E14/><REACH who="1" ten="426,116,232,206" step="2"/><N who="2" m="9655" /><F127/><W54/><AGARI ba="0,2" hai="6,9,12,42,43,49,54,56,75,78,81,82,85,90" machi="54" ten="30,7900,0" yaku="1,1,0,1,52,1,53,1" doraHai="44" doraHaiUra="52" who="3" fromWho="3" sc="426,-20,116,-20,232,-39,206,99" /><INIT seed="3,0,0,1,1,121" ten="406,96,193,305" oya="3" hai0="74,38,41,105,64,67,2,0,31,135,7,1,11" hai1="87,73,59,5,85,76,125,120,48,8,83,30,106" hai2="55,110,127,18,109,26,132,104,54,79,81,24,52" hai3="46,17,20,101,42,62,50,10,13,97,33,98,58"/><W108/><G33/><T134/><D105/><U133/><E120/><V71/><F132/><N who="0" m="50730" /><D74/><U112/><E133/><V116/><F116/><W75/><G75/><T91/><D31/><U100/><E112/><V99/><F71/><W23/><G108/><N who="2" m="41577" /><F127/><W57/><G57/><T39/><D91/><U77/><E125/><V103/><F18/><W117/><G117/><T123/><D123/><U90/><E30/><V32/><F32/><W4/><G101/><T12/><D41/><U9/><E76/><V107/><F104/><W21/><REACH who="3" step="1"/><G17/><REACH who="3" ten="406,96,193,295" step="2"/><T56/><D56/><U111/><E111/><V126/><F126/><W51/><G51/><T86/><D86/><AGARI ba="0,1" hai="24,26,52,54,55,79,81,86,99,103,107" m="41577" machi="86" ten="30,8000,1" yaku="14,1,52,3,54,1" doraHai="121" who="2" fromWho="0" sc="406,-80,96,0,193,90,295,0" owari="326,42.6,96,-40.4,283,-11.7,295,9.5" /></mjloggm>