<mjloggm ver="2.3"><GO type="225" lobby="0"/><UN n0="%E7%89%B9%E6%9D%B1%E3%81%AF%E4%B8%96%E7%95%8C%E3%82%92%E6%95%91%E3%81%86" n1="%6D%75%75%6D%75%72%61" n2="%E4%B8%89%E5%86%A0%E7%8E%8B%E3%83%BB%E5%B1%B1%E7%94%B0%E5%93%B2%E4%BA%BA" n3="%E3%81%95%E3%81%8D%E3%81%9F%E3%81%BE%E6%9E%97%E6%AA%8E" dan="16,16,16,16" rate="2118.14,2194.78,2140.82,2159.84" sx="M,F,M,M"/><TAIKYOKU oya="0"/><INIT seed="0,0,0,5,2,89" ten="250,250,250,250" oya="0" hai0="24,92,45,54,60,130,56,88,76,62,42,78,117" hai1="15,96,21,3,6,43,110,124,135,65,73,28,53" hai2="4,123,16,101,55,32,47,122,126,27,2,13,87" hai3="41,9,29,93,1,17,35,127,81,30,66,97,98"/><T51/><D130/><U63/><E110/><V114/><F101/><W8/><G127/><T116/><D62/><U119/><E119/><V52/><F114/><W31/><G35/><T26/><D117/><U37/><E124/><V115/><F115/><W82/><G1/><T108/><D108/><U131/><E73/><V105/><F105/><W84/><G66/><T49/><D116/><U100/><E3/><V129/><F129/><W109/><G109/><T77/><REACH who="0" step="1"/><D60/><REACH who="0" ten="240,250,250,250" step="2"/><U118/><E63/><V104/><F126/><W33/><G33/><T7/><D7/><U12/><E6/><V58/><F4/><W25/><G41/><T61/><D61/><U10/><E43/><V67/><F32/><W36/><G36/><T39/><D39/><U83/><E37/><V64/><F64/><W68/><G68/><T74/><D74/><U69/><E65/><V38/><F67/><W132/><G132/><T79/><N who="0" m="19456" /><DORA hai="72" /><T90/><D90/><U95/><E135/><V71/><F71/><W22/><G9/><T14/><D14/><U50/><E15/><V102/><F13/><W19/><G8/><T46/><D46/><U86/><E10/><V128/><F47/><W125/><G125/><T134/><D134/><U133/><E69/><V80/><F38/><W23/><G25/><T11/><D11/><U5/><E133/><V94/><F27/><W99/><G23/><T20/><D20/><U103/><E118/><V44/><F128/><W75/><G75/><T0/><D0/><U85/><E131/><V59/><F2/><W113/><G22/><T34/><D34/><RYUUKYOKU ba="0,1" sc="240,30,250,-10,250,-10,250,-10" hai0="24,26,42,45,49,51,54,56,88,92" /><INIT seed="0,1,1,1,2,63" ten="270,240,240,240" oya="0" hai0="82,88,135,98,129,72,90,46,126,37,6,50,10" hai1="77,18,55,117,91,80,33,12,73,96,79,133,99" hai2="84,128,115,102,131,62,38,60,76,114,108,56,53" hai3="17,45,85,28,132,95,109,15,13,44,42,122,97"/><T57/><D129/><N who="2" m="49738" /><F102/><W93/><G109/><T43/><D135/><U92/><E117/><V4/><F108/><W106/><G132/><T5/><D126/><U89/><E133/><V49/><F4/><W54/><G106/><T8/><D98/><U2/><E2/><V68/><F38/><W39/><G28/><T105/><D105/><U11/><E33/><V87/><F60/><W64/><G122/><T52/><D10/><U78/><REACH who="1" step="1"/><E55/><REACH who="1" ten="270,230,240,240" step="2"/><V47/><F115/><W69/><G54/><T119/><D119/><U0/><E0/><V59/><F114/><W20/><G13/><T35/><D35/><U1/><E1/><V81/><F87/><W112/><G112/><T24/><D5/><U25/><E25/><V111/><F111/><W29/><G85/><T27/><D24/><U40/><E40/><V61/><F68/><W19/><G69/><T51/><D27/><U120/><E120/><V21/><F84/><W34/><G34/><T110/><D110/><U101/><E101/><V70/><F70/><W123/><G123/><T75/><D75/><U118/><E118/><V66/><F53/><W86/><G86/><T30/><D72/><U134/><E134/><V16/><F81/><W36/><G42/><T3/><D82/><U83/><E83/><V67/><F76/><W121/><G121/><T94/><D3/><U104/><E104/><V9/><F9/><W100/><G100/><T124/><D6/><U32/><E32/><V125/><F125/><W31/><G15/><T130/><D124/><U22/><E22/><V65/><F21/><W23/><G23/><RYUUKYOKU ba="1,2" sc="270,-10,230,30,240,-10,240,-10" hai1="11,12,18,73,77,78,79,80,89,91,92,96,99" /><INIT seed="1,2,2,5,2,109" ten="260,260,230,230" oya="1" hai0="112,98,48,97,74,41,66,110,50,106,105,83,25" hai1="89,73,125,31,10,117,130,33,84,122,65,114,19" hai2="28,18,90,124,39,32,38,0,107,128,123,9,78" hai3="120,64,111,34,58,118,6,1,88,8,68,134,133"/><U27/><E117/><V104/><F123/><W87/><G111/><T85/><D110/><U7/><E122/><V119/><F90/><W47/><G120/><T29/><D74/><U71/><E73/><V46/><F119/><W121/><G121/><T108/><D108/><U11/><E125/><V132/><F124/><W81/><G34/><T4/><D4/><U72/><E72/><V93/><F93/><W54/><G118/><T23/><D112/><U61/><E130/><V43/><F18/><W101/><G101/><T15/><D66/><U67/><E67/><V102/><F128/><W53/><G47/><N who="0" m="25711" /><D106/><U35/><E35/><V94/><F132/><N who="3" m="50795" /><G68/><T5/><D50/><U55/><E114/><V2/><F39/><W76/><G76/><N who="0" m="46311" /><D105/><U17/><E55/><V45/><F107/><W59/><G64/><T22/><D22/><U77/><E77/><V115/><F78/><W70/><G70/><T24/><D24/><U116/><E11/><AGARI ba="2,2" hai="5,11,15,23,25,29,97,98" m="46311,25711" machi="11" ten="30,2000,0" yaku="25,1,8,1" doraHai="109" who="0" fromWho="1" sc="260,46,260,-26,230,0,230,0" /><INIT seed="2,0,0,4,5,86" ten="306,234,230,230" oya="2" hai0="122,17,31,10,101,26,66,54,96,70,91,60,62" hai1="98,80,120,46,84,134,50,99,71,125,11,9,111" hai2="28,124,20,69,36,16,40,100,25,118,115,41,21" hai3="114,109,5,47,29,107,33,55,44,63,59,35,30"/><V19/><F115/><W67/><G109/><T78/><D122/><U126/><E111/><V15/><F118/><W53/><G107/><T130/><D130/><U3/><E134/><V88/><F69/><W106/><G106/><T76/><D91/><U8/><E3/><V133/><F100/><W45/><G5/><T87/><D87/><U73/><E73/><V90/><F133/><W108/><G108/><T7/><D17/><U4/><E4/><V103/><F124/><N who="1" m="47721" /><E71/><V58/><F103/><W32/><REACH who="3" step="1"/><G114/><REACH who="3" ten="306,234,230,220" step="2"/><T119/><D7/><U113/><E113/><V128/><F128/><W2/><G2/><T0/><D0/><U112/><E112/><V39/><F58/><W27/><G27/><T48/><D26/><U61/><E120/><V6/><F6/><W104/><G104/><T95/><D70/><U117/><E117/><V64/><F64/><W51/><G51/><T49/><D48/><U57/><E50/><V97/><F28/><AGARI ba="0,1" hai="28,29,30,32,33,35,44,45,47,53,55,59,63,67" machi="28" ten="50,1600,0" yaku="1,1,53,0" doraHai="86" doraHaiUra="65" who="3" fromWho="2" sc="306,0,234,0,230,-16,220,26" /><INIT seed="3,0,0,1,4,27" ten="306,234,214,246" oya="3" hai0="46,82,108,133,79,98,70,64,52,43,55,51,19" hai1="84,9,85,7,6,69,15,8,112,12,29,58,10" hai2="16,104,37,119,102,122,110,53,60,36,72,66,40" hai3="105,18,114,67,35,74,106,121,45,134,39,23,101"/><W34/><G121/><T91/><D108/><U113/><E69/><V77/><F119/><W48/><G114/><T111/><D111/><U88/><E58/><V56/><F110/><W57/><G39/><T71/><D133/><U92/><E9/><V125/><F122/><W130/><G74/><T14/><D64/><U44/><E44/><V22/><F125/><W90/><G134/><T13/><D70/><U129/><E129/><V1/><F1/><W97/><G130/><T132/><D71/><U78/><E29/><V62/><F40/><W128/><G128/><T120/><D120/><U126/><E126/><V38/><F104/><W21/><G21/><T32/><D32/><U103/><E103/><V3/><F3/><W75/><G75/><T93/><D132/><U49/><E49/><V115/><F102/><W0/><G0/><T100/><D91/><U86/><REACH who="1" step="1"/><E78/><REACH who="1" ten="306,224,214,246" step="2"/><V20/><F115/><AGARI ba="0,1" hai="6,7,8,10,12,15,84,85,86,88,92,112,113,115" machi="115" ten="40,8000,1" yaku="1,1,2,1,9,1,54,1,53,0" doraHai="27" doraHaiUra="135" who="1" fromWho="2" sc="306,0,224,90,214,-80,246,0" owari="306,10.6,314,41.4,134,-36.6,246,-15.4" /></mjloggm>