<mjloggm ver="2.3"><GO type="225" lobby="0"/><UN n0="%70%68%65%6E%6F%6D%65" n1="%72%61%6B%33" n2="%E3%81%A9%E3%82%93%E3%82%88%E3%81%8F%4D%6B%2E%32" n3="%E3%81%AF%E3%82%88%E3%81%8A%E3%81%98%E3%81%95%E3%82%93" dan="16,17,16,17" rate="2099.76,2165.84,2162.25,2188.04" sx="M,M,M,M"/><TAIKYOKU oya="0"/><INIT seed="0,0,0,1,0,14" ten="250,250,250,250" oya="0" hai0="56,27,107,113,129,58,78,37,45,123,54,2,83" hai1="39,57,124,7,122,97,15,116,67,19,115,120,0" hai2="95,25,76,127,24,126,110,34,79,112,3,104,22" hai3="86,33,38,68,59,21,1,18,13,132,42,6,50"/><T101/><D113/><U100/><E39/><V114/><F104/><W105/><G68/><T11/><D123/><U90/><E116/><V88/><F3/><W133/><G33/><T26/><D129/><U103/><E115/><V61/><F34/><W109/><G105/><T94/><D94/><U117/><E117/><V72/><F25/><W43/><G109/><T87/><D101/><U130/><E124/><N who="2" m="47659" /><F110/><W71/><G71/><T48/><D107/><U128/><E90/><V77/><F72/><W10/><G38/><T23/><D37/><U17/><E67/><V93/><F93/><W69/><G69/><T84/><D84/><U32/><E57/><V64/><F61/><W135/><G86/><T66/><D66/><U49/><E49/><V70/><F64/><W29/><G29/><T121/><D27/><U106/><E103/><V134/><F70/><W98/><G98/><T35/><D35/><U85/><E32/><V74/><F74/><W99/><G99/><T81/><D83/><U44/><E0/><V108/><F108/><W82/><G82/><T40/><D121/><N who="1" m="46699" /><E85/><N who="2" m="52623" /><F134/><W60/><REACH who="3" step="1"/><G50/><REACH who="3" ten="250,250,250,240" step="2"/><T75/><D75/><U12/><E106/><V28/><AGARI ba="0,1" hai="22,24,28,76,77,79,112,114" m="52623,47659" machi="28" ten="30,2000,0" yaku="18,1,54,1" doraHai="14" who="2" fromWho="2" sc="250,-10,250,-5,250,30,240,-5" /><INIT seed="1,0,0,0,3,97" ten="240,245,280,235" oya="1" hai0="34,29,2,134,30,67,62,106,96,27,3,43,0" hai1="124,70,13,7,108,112,117,111,12,81,36,68,24" hai2="77,69,39,135,18,122,46,102,126,50,25,120,65" hai3="33,123,121,115,127,22,119,76,54,49,99,93,118"/><U73/><E112/><V88/><F39/><W83/><G33/><T131/><D30/><U55/><E117/><N who="3" m="44554" /><G22/><T79/><D43/><U129/><E36/><V41/><F77/><W85/><G49/><T8/><D79/><N who="1" m="44271" /><E124/><V109/><F126/><W98/><G127/><T130/><D134/><U47/><E129/><N who="0" m="49161" /><D8/><N who="1" m="4127" /><E13/><V21/><F135/><W110/><G54/><T113/><D113/><U66/><E66/><V23/><F65/><W133/><G115/><T6/><D6/><U52/><E24/><V35/><F69/><N who="1" m="26729" /><E47/><V31/><F102/><N who="3" m="60751" /><G133/><T60/><D67/><U16/><E16/><V74/><F21/><W9/><G9/><T82/><D82/><U42/><E42/><V107/><F18/><W87/><G121/><T91/><D106/><U75/><E75/><V38/><F23/><W64/><G123/><T48/><D48/><U26/><E26/><V20/><F20/><W17/><G17/><T92/><AGARI ba="0,0" hai="0,2,3,27,29,34,60,62,91,92,96" m="49161" machi="92" ten="40,1500,0" yaku="19,1" doraHai="97" who="0" fromWho="0" sc="240,15,245,-7,280,-4,235,-4" /><INIT seed="2,0,0,2,0,45" ten="255,238,276,231" oya="2" hai0="127,97,26,22,115,43,7,31,119,85,70,51,81" hai1="34,107,75,52,35,47,64,68,93,122,111,116,5" hai2="96,130,55,36,11,84,61,39,50,131,44,57,65" hai3="59,12,83,1,0,32,41,25,38,58,20,18,88"/><V118/><F84/><W121/><G121/><T23/><D115/><U110/><E107/><V123/><F11/><W77/><G41/><T73/><D127/><U69/><E116/><V19/><F19/><W40/><G40/><T109/><D109/><N who="1" m="41483" /><E75/><V94/><F118/><W72/><G38/><N who="2" m="14377" /><F94/><W76/><G77/><T102/><D70/><N who="1" m="27243" /><E122/><V62/><F96/><W2/><G32/><T129/><D129/><N who="2" m="49162" /><F62/><W80/><REACH who="3" step="1"/><G25/><REACH who="3" ten="255,238,276,221" step="2"/><T27/><D26/><U134/><E34/><V14/><F14/><W63/><G63/><T53/><D27/><U117/><E35/><V66/><F123/><W79/><G79/><T67/><D73/><U6/><E117/><V98/><F98/><W42/><G42/><AGARI ba="0,1" hai="42,44,50,55,57,61,65,66" m="49162,14377" machi="42" ten="30,11600,0" yaku="19,1,34,2,52,1" doraHai="45" who="2" fromWho="3" sc="255,0,238,0,276,126,221,-116" /><INIT seed="2,1,0,1,2,77" ten="255,238,402,105" oya="2" hai0="135,44,13,111,132,63,9,37,3,56,58,33,26" hai1="91,15,115,122,104,14,11,49,126,128,119,78,54" hai2="60,103,5,134,20,107,66,59,23,74,117,21,82" hai3="121,17,100,71,40,57,105,53,113,55,24,73,65"/><V102/><F117/><W46/><G121/><T106/><D3/><U109/><E119/><V45/><F134/><N who="0" m="51242" /><D106/><U84/><E109/><V116/><F116/><W112/><G73/><T18/><D111/><U76/><E104/><V31/><F107/><W92/><G105/><T41/><D63/><U129/><E126/><V22/><F5/><W64/><G71/><T83/><D83/><N who="1" m="49567" /><E115/><V48/><F74/><W108/><G108/><T97/><D97/><U50/><E15/><V10/><F10/><W1/><G1/><T30/><AGARI ba="1,0" hai="9,13,18,26,30,33,37,41,44,56,58" m="51242" machi="30" ten="30,1100,0" yaku="20,1" doraHai="77" who="0" fromWho="0" sc="255,14,238,-4,402,-6,105,-4" /><INIT seed="3,0,0,3,4,32" ten="269,234,396,101" oya="3" hai0="65,103,50,56,22,126,112,109,80,86,125,71,85" hai1="36,30,20,122,128,43,106,73,94,88,134,98,118" hai2="38,83,15,108,25,62,27,124,113,39,52,40,8" hai3="53,18,76,12,66,75,93,9,74,82,14,100,34"/><W91/><G34/><T24/><D109/><U10/><E122/><V54/><F113/><W35/><G35/><T57/><D112/><U127/><E73/><V19/><F108/><W133/><G133/><T130/><D130/><U60/><E128/><V61/><F124/><N who="0" m="47722" /><D103/><U120/><E120/><V70/><F70/><W28/><G28/><N who="0" m="17431" /><D50/><U99/><E118/><V79/><F39/><W97/><G74/><T115/><D115/><U58/><E134/><V105/><F105/><W101/><G66/><T114/><D114/><U107/><E99/><V68/><F68/><W46/><G53/><N who="2" m="20585" /><F40/><W92/><G46/><T89/><D85/><U45/><E127/><V29/><F38/><W42/><G42/><T55/><D55/><U77/><E77/><V44/><F44/><W129/><G129/><T72/><D72/><U87/><E87/><N who="2" m="48639" /><F29/><W37/><G37/><T102/><D102/><U21/><E30/><V132/><F132/><W69/><G69/><T3/><D3/><U41/><E41/><V63/><AGARI ba="0,0" hai="8,15,19,25,27,61,62,63" m="48639,20585" machi="63" ten="30,2000,0" yaku="8,1,54,1" doraHai="32" who="2" fromWho="2" sc="269,-5,234,-5,396,20,101,-10" owari="264,6.4,229,-17.1,416,51.6,91,-40.9" /></mjloggm>