<mjloggm ver="2.3"><GO type="225" lobby="0"/><UN n0="%E7%89%B9%E6%9D%B1%E3%81%AF%E4%B8%96%E7%95%8C%E3%82%92%E6%95%91%E3%81%86" n1="%E3%81%B5%E3%81%98%E3%81%8B%E3%81%A4" n2="%E3%83%8F%E3%83%B3%E3%83%89%E3%83%A9%E3%83%BC%E3%83%BB%E3%83%AF%E3%83%B3" n3="%E6%A1%9C%E8%8A%B1%E9%96%83%E3%80%85" dan="16,16,17,16" rate="2091.41,2174.10,2216.17,2184.16" sx="M,M,M,M"/><TAIKYOKU oya="0"/><INIT seed="0,0,0,5,4,95" ten="250,250,250,250" oya="0" hai0="62,12,108,134,11,45,77,102,89,75,50,76,47" hai1="58,82,67,32,88,60,48,16,22,101,17,39,27" hai2="112,2,29,106,100,65,23,120,57,33,94,123,63" hai3="20,46,69,8,54,91,111,38,98,107,83,59,3"/><T109/><D134/><U37/><E32/><V49/><F112/><W25/><G69/><T127/><D127/><U68/><E101/><V78/><F2/><W121/><G111/><N who="0" m="42571" /><D102/><U64/><E17/><V71/><F78/><N who="0" m="30314" /><D75/><U132/><E132/><V21/><F94/><W9/><G3/><T0/><D0/><U113/><E113/><V10/><F10/><W80/><G46/><T4/><D50/><U114/><E114/><V129/><F129/><W131/><G38/><T24/><D62/><U55/><REACH who="1" step="1"/><E67/><REACH who="1" ten="250,240,250,250" step="2"/><V56/><F65/><W87/><G131/><T99/><D24/><U40/><E40/><V119/><F100/><W86/><G25/><T110/><D110/><U96/><E96/><V13/><F123/><W52/><G98/><T53/><D53/><U74/><E74/><V133/><F120/><W135/><G54/><T19/><D19/><U28/><E28/><V103/><F29/><W70/><G52/><T41/><D41/><U93/><E93/><AGARI ba="0,1" hai="4,11,12,45,47,89,93,99" m="30314,42571" machi="93" ten="30,5800,0" yaku="14,1,10,1,52,1" doraHai="95" who="0" fromWho="1" sc="250,68,240,-58,250,0,250,0" /><INIT seed="0,1,0,2,5,89" ten="318,182,250,250" oya="0" hai0="75,11,52,113,134,10,49,70,45,47,62,42,84" hai1="2,99,112,77,50,59,81,97,114,127,130,122,126" hai2="20,46,73,58,57,110,30,1,16,67,27,9,41" hai3="104,44,80,125,61,36,76,135,78,31,12,101,117"/><T33/><D113/><N who="1" m="43627" /><E2/><V133/><F110/><W43/><G117/><T100/><D75/><N who="1" m="43199" /><E59/><V85/><F73/><W51/><G135/><T131/><D134/><U66/><E50/><V69/><F133/><W111/><G125/><N who="1" m="47626" /><E66/><V6/><F67/><W119/><G61/><T74/><D33/><U105/><E130/><V103/><F58/><W32/><G51/><T86/><D131/><U53/><E53/><V8/><F57/><W60/><G60/><T40/><D62/><U108/><E108/><V23/><F46/><W28/><G44/><T121/><D49/><U35/><E35/><V71/><F41/><W4/><G43/><T93/><D52/><U26/><E26/><V72/><F1/><W24/><G24/><T90/><D40/><U25/><E25/><V129/><F129/><W18/><G32/><T15/><D45/><U0/><E0/><V94/><F27/><W116/><G28/><T68/><D47/><U132/><E132/><V120/><F30/><W107/><G31/><T38/><D42/><U7/><E7/><V98/><F6/><W109/><G4/><T5/><D5/><U19/><E19/><V55/><F16/><W3/><G18/><T91/><D68/><U17/><E17/><V13/><F69/><W14/><G3/><T102/><D70/><U21/><E21/><V88/><F20/><W37/><G111/><T34/><D34/><U123/><E105/><N who="2" m="63735" /><F71/><W115/><G109/><T96/><D11/><U63/><E63/><V83/><F55/><W79/><G115/><T56/><D56/><U29/><E29/><V65/><F8/><RYUUKYOKU ba="1,0" sc="318,-10,182,30,250,-10,250,-10" hai1="97,99,122,123" /><INIT seed="1,2,0,3,1,65" ten="308,212,240,240" oya="1" hai0="4,72,100,67,98,52,38,75,53,133,102,15,24" hai1="119,28,116,10,5,117,135,87,8,19,73,78,22" hai2="95,103,80,99,42,112,89,9,39,70,48,64,61" hai3="31,50,58,97,129,126,40,94,122,93,35,66,18"/><U109/><E135/><V96/><F112/><W29/><G122/><T101/><D38/><U7/><E73/><V108/><F108/><W26/><G129/><T3/><D3/><U16/><E78/><V54/><F9/><N who="1" m="3689" /><E87/><V113/><F113/><W90/><G126/><T92/><D4/><N who="1" m="1611" /><E109/><V6/><F6/><W11/><G94/><T55/><D133/><U111/><E111/><V41/><F39/><W134/><G134/><T107/><D67/><U68/><E68/><V123/><F123/><W105/><G105/><T60/><D60/><U47/><E47/><V62/><F62/><N who="3" m="38231" /><G35/><T12/><D107/><U91/><E91/><V81/><F81/><W128/><G128/><T21/><D72/><U45/><E45/><V82/><F82/><W115/><G115/><T20/><D75/><U114/><E114/><V33/><F33/><W36/><G36/><T132/><D132/><U30/><E22/><V49/><F80/><W86/><G86/><T59/><D59/><U46/><E46/><V106/><F48/><W88/><G90/><N who="0" m="55575" /><D20/><U13/><E13/><V84/><F84/><W79/><G79/><T44/><D44/><AGARI ba="2,0" hai="41,42,44,49,54,61,64,70,89,95,96,99,103,106" machi="44" ten="30,2000,0" yaku="7,1,52,1" doraHai="65" who="2" fromWho="0" sc="308,-26,212,0,240,26,240,0" /><INIT seed="2,0,0,1,0,102" ten="282,212,266,240" oya="2" hai0="89,131,71,126,75,3,134,90,125,74,53,103,93" hai1="82,58,20,18,98,61,124,23,113,28,107,60,92" hai2="65,59,43,0,38,88,12,112,133,62,46,44,67" hai3="36,31,101,56,85,76,22,16,104,87,41,70,39"/><V48/><F0/><W2/><G70/><T96/><D3/><U47/><E113/><V100/><F100/><W54/><G2/><T50/><D71/><U120/><E124/><N who="0" m="47721" /><D131/><U5/><E120/><V99/><F112/><W1/><G31/><T80/><D134/><U118/><E118/><V11/><F133/><W24/><G1/><T19/><D19/><U68/><E5/><V115/><F115/><W81/><G87/><N who="0" m="50407" /><D90/><U37/><E82/><V69/><F88/><W111/><G111/><T130/><D130/><U10/><E10/><V109/><F99/><W121/><G121/><T6/><D6/><U14/><E68/><V42/><F109/><W15/><G41/><T83/><D83/><U21/><E61/><N who="2" m="40111" /><F12/><W123/><G15/><T64/><D64/><N who="1" m="38935" /><E37/><N who="2" m="21583" /><F11/><W105/><G123/><T45/><AGARI ba="0,0" hai="45,50,53,74,75,93,96,103" m="50407,47721" machi="45" ten="30,1100,0" yaku="18,1" doraHai="102" who="0" fromWho="0" sc="282,11,212,-3,266,-5,240,-3" /><INIT seed="3,0,0,2,1,108" ten="293,209,261,237" oya="3" hai0="134,126,32,76,119,50,9,25,118,116,83,130,24" hai1="117,98,26,52,47,99,31,105,82,101,63,104,30" hai2="94,95,40,14,55,61,106,72,122,110,42,129,103" hai3="62,71,109,33,27,87,79,4,13,44,89,121,111"/><W35/><G121/><T20/><D130/><U48/><E117/><V90/><F72/><W49/><G79/><T135/><D126/><U11/><E11/><V96/><F110/><N who="3" m="41995" /><G27/><T124/><D124/><U34/><E31/><V70/><F129/><W53/><G13/><T23/><D50/><U57/><E82/><V15/><F106/><W93/><G4/><T112/><D112/><U17/><E17/><V38/><F122/><W10/><G10/><T85/><D9/><U68/><E68/><V2/><F2/><W1/><G1/><T78/><D78/><U81/><E81/><V97/><F38/><W65/><AGARI ba="0,0" hai="33,35,44,49,53,62,65,71,87,89,93" m="41995" machi="65" ten="30,3000,0" yaku="14,1,10,1" doraHai="108" who="3" fromWho="3" sc="293,-10,209,-10,261,-10,237,30" /><INIT seed="3,1,0,1,4,77" ten="283,199,251,267" oya="3" hai0="101,29,73,66,18,110,120,93,80,26,99,107,75" hai1="100,37,84,44,17,52,88,5,19,132,130,106,13" hai2="119,24,14,114,42,4,22,15,105,59,112,85,128" hai3="94,49,104,102,72,87,67,28,31,76,38,109,46"/><W103/><G38/><T1/><D120/><U91/><E37/><V21/><F119/><W111/><G67/><T11/><D110/><N who="3" m="41993" /><G72/><T122/><D122/><U56/><E132/><V51/><F105/><W83/><G104/><T82/><D93/><U97/><E130/><V30/><F128/><W3/><G3/><T127/><D127/><U133/><E133/><V96/><F96/><N who="3" m="59671" /><G103/><T34/><D75/><U131/><E131/><V58/><F114/><W89/><G76/><T79/><D82/><N who="1" m="49175" /><E106/><V81/><F112/><W23/><G23/><T40/><D66/><U10/><E44/><N who="2" m="26007" /><F22/><W27/><G27/><T7/><REACH who="0" step="1"/><D18/><REACH who="0" ten="273,199,251,267" step="2"/><U118/><E100/><V98/><F81/><W123/><G123/><T41/><AGARI ba="1,1" hai="1,7,11,26,29,34,40,41,73,79,80,99,101,107" machi="41" ten="30,7900,0" yaku="1,1,2,1,0,1,52,1,53,0" doraHai="77" doraHaiUra="53" who="0" fromWho="0" sc="273,92,199,-21,251,-21,267,-40" owari="365,46.5,178,-32.2,230,3.0,227,-17.3" /></mjloggm>