<mjloggm ver="2.3"><GO type="225" lobby="0"/><UN n0="%E3%81%B5%E3%81%98%E3%81%8B%E3%81%A4" n1="%E6%B4%BE%E9%81%A3%E3%81%AE%E3%82%B8%E3%83%A3%E3%83%83%E3%82%AF" n2="%6E%69%63%6F%6E%74%6F" n3="%E3%81%8B%E3%82%8F%E3%81%A1%E3%82%83%E3%82%93%35%38" dan="16,17,16,17" rate="2137.06,2244.85,2126.03,2234.12" sx="M,M,M,M"/><TAIKYOKU oya="0"/><INIT seed="0,0,0,4,0,35" ten="250,250,250,250" oya="0" hai0="85,135,128,7,76,68,114,29,101,1,64,78,111" hai1="127,4,91,19,80,82,15,131,22,26,87,34,53" hai2="5,86,38,105,49,42,46,134,18,110,109,59,62" hai3="90,31,98,124,77,123,27,0,9,119,6,99,71"/><T37/><D114/><U92/><E127/><V74/><F105/><W13/><G119/><T89/><D37/><U94/><E131/><V107/><F107/><W23/><G71/><T20/><D128/><U120/><E120/><V32/><F74/><W65/><G124/><T83/><D101/><U121/><E121/><V113/><F32/><W24/><G123/><T30/><D135/><U126/><E126/><V33/><F33/><W115/><G115/><T103/><D103/><U102/><E53/><V58/><F113/><W8/><G65/><T56/><D68/><U51/><E51/><V45/><F18/><W117/><G117/><T14/><D111/><N who="2" m="42506" /><F86/><W67/><G67/><T125/><D125/><U25/><E34/><V66/><F5/><W95/><G77/><N who="0" m="29803" /><D1/><U69/><E69/><N who="2" m="42199" /><F134/><W40/><G40/><AGARI ba="0,0" hai="38,40,42,45,46,49,58,59" m="42199,42506" machi="40" ten="30,3900,0" yaku="14,1,34,2" doraHai="35" who="2" fromWho="3" sc="250,0,250,0,250,39,250,-39" /><INIT seed="1,0,0,3,3,26" ten="250,250,289,211" oya="1" hai0="6,84,16,23,48,126,111,135,70,62,36,83,40" hai1="27,132,82,67,52,104,112,125,3,45,76,106,54" hai2="79,77,71,35,33,130,61,113,133,110,97,58,100" hai3="103,114,134,95,65,102,80,14,9,28,109,37,87"/><U56/><E112/><V131/><F110/><W31/><G114/><T93/><D111/><U124/><E3/><V108/><F108/><W22/><G109/><T98/><D126/><N who="1" m="48747" /><E132/><V60/><F113/><W53/><G37/><T63/><D135/><U64/><E45/><V7/><F7/><W81/><G134/><T88/><D6/><U99/><E27/><V69/><F133/><W75/><G75/><T42/><D70/><U101/><E104/><V68/><F97/><N who="3" m="59711" /><G65/><N who="1" m="25162" /><E56/><V105/><F105/><W2/><G2/><T122/><D36/><U127/><N who="1" m="48755" /><U89/><DORA hai="116" /><E89/><V0/><F0/><W38/><G38/><T74/><D122/><U17/><E17/><V85/><F100/><W5/><G103/><N who="0" m="60879" /><D74/><AGARI ba="0,0" hai="52,54,74,76,82,99,101,106" m="25162,48755" machi="74" ten="40,3900,0" yaku="18,1,54,1" doraHai="26,116" who="1" fromWho="0" sc="250,-39,250,39,289,0,211,0" /><INIT seed="1,1,0,1,4,101" ten="211,289,289,211" oya="1" hai0="8,99,134,115,40,18,30,14,63,12,112,24,80" hai1="45,21,95,39,7,34,62,97,71,75,17,109,85" hai2="79,131,91,77,127,107,105,48,57,135,121,88,23" hai3="73,38,64,47,78,27,2,90,98,50,93,16,114"/><U102/><E75/><V119/><F121/><W120/><G114/><T54/><D134/><U29/><E7/><V65/><F119/><W15/><G120/><T126/><D126/><U84/><E109/><V4/><F4/><W69/><G38/><T117/><D117/><U125/><E125/><V124/><F23/><W36/><G36/><T96/><D40/><U43/><E34/><V104/><F135/><W42/><G2/><T106/><D80/><U76/><E29/><V32/><F32/><W74/><G78/><T3/><D14/><U19/><E76/><V94/><F107/><W41/><G27/><T72/><D72/><U20/><E20/><V130/><F94/><W33/><G42/><T81/><D81/><U35/><E35/><V133/><F133/><W132/><G33/><N who="0" m="20679" /><D54/><U128/><E19/><V5/><F5/><W51/><G132/><T0/><D96/><U118/><E118/><V60/><F48/><W55/><G69/><T53/><D53/><U22/><E22/><V122/><F122/><W100/><G64/><T110/><D110/><U113/><E113/><N who="0" m="43593" /><D63/><U28/><E62/><V49/><F60/><W83/><G83/><T26/><D26/><U6/><E95/><V67/><F49/><W103/><G74/><T59/><D59/><AGARI ba="1,0" hai="57,59,65,67,77,79,88,91,104,105,124,127,130,131" machi="59" ten="25,8000,1" yaku="22,2,52,2,54,1" doraHai="101" who="2" fromWho="0" sc="211,-83,289,0,289,83,211,0" /><INIT seed="2,0,0,5,5,130" ten="128,289,372,211" oya="2" hai0="29,64,107,67,106,0,22,91,133,127,69,58,135" hai1="85,126,45,31,49,56,73,16,129,37,36,8,74" hai2="65,62,28,102,48,131,17,111,120,54,25,6,60" hai3="52,44,94,123,11,83,84,79,78,117,66,122,40"/><V132/><F120/><W2/><G117/><T18/><D0/><U86/><E31/><V81/><F131/><W99/><G66/><T96/><D29/><U93/><E129/><V61/><F6/><W13/><G2/><T7/><D7/><U105/><E105/><N who="0" m="39945" /><D127/><U26/><E126/><V55/><F102/><W14/><G79/><T41/><D41/><U1/><E1/><V119/><F119/><W47/><G122/><T33/><D33/><U97/><E36/><V134/><F17/><W32/><G32/><T124/><D124/><U12/><E37/><V118/><F118/><W114/><G114/><T27/><D69/><U23/><E56/><V77/><F65/><W57/><G123/><T51/><D96/><U20/><E73/><V30/><F30/><W34/><G34/><T104/><N who="0" m="39953" /><T101/><DORA hai="21" /><D101/><N who="1" m="60591" /><E74/><N who="2" m="43191" /><F111/><W125/><G125/><T50/><D91/><U39/><E20/><N who="2" m="15399" /><F48/><N who="0" m="18474" /><D58/><U43/><E39/><V10/><F10/><W24/><G11/><T72/><D72/><U63/><E63/><V87/><F87/><N who="1" m="33289" /><E8/><V116/><F116/><W4/><G4/><T59/><D59/><U5/><E5/><V19/><F19/><W75/><G75/><T15/><D15/><AGARI ba="0,0" hai="12,15,16,23,26,43,45,49" m="33289,60591" machi="15" ten="30,3900,0" yaku="8,1,52,1,54,1" doraHai="130,21" who="1" fromWho="0" sc="128,-39,289,39,372,0,211,0" /><INIT seed="3,0,0,2,3,40" ten="89,328,372,211" oya="3" hai0="0,111,41,77,132,48,57,95,42,27,35,11,34" hai1="62,69,6,81,135,121,21,120,126,78,109,24,16" hai2="20,125,45,28,63,105,25,26,80,86,55,119,18" hai3="3,87,5,54,8,131,70,39,91,4,30,107,112"/><W93/><G112/><T22/><D111/><U75/><E109/><V59/><F125/><W74/><G131/><T29/><D132/><U64/><E135/><V118/><F105/><W116/><G116/><T52/><D77/><U97/><E126/><V106/><F106/><W58/><G107/><T110/><D110/><U23/><E6/><V32/><F45/><W73/><G70/><T56/><D35/><U47/><E97/><V79/><AGARI ba="0,0" hai="18,20,25,26,28,32,55,59,63,79,80,86,118,119" machi="79" ten="20,1500,0" yaku="0,1,7,1" doraHai="40" who="2" fromWho="2" sc="89,-4,328,-4,372,15,211,-7" owari="85,-41.5,324,12.4,387,48.7,204,-19.6" /></mjloggm>