<mjloggm ver="2.3"><GO type="225" lobby="0"/><UN n0="%E3%83%81%E3%83%AF%E3%83%AF%E9%9A%8A%E9%95%B7" n1="%E3%81%B5%E3%81%98%E3%81%8B%E3%81%A4" n2="%E3%82%B2%E3%82%B9%E8%8C%82%E5%8B%9D" n3="%E3%82%BC%E3%83%AB%E3%83%80%E3%81%AE%E4%BC%9D%E8%AA%AC" dan="16,16,16,18" rate="2160.67,2168.06,2076.13,2239.99" sx="M,M,F,M"/><TAIKYOKU oya="0"/><INIT seed="0,0,0,1,3,65" ten="250,250,250,250" oya="0" hai0="8,53,55,126,118,86,99,46,33,87,93,22,5" hai1="97,40,116,75,3,102,49,51,29,70,34,110,111" hai2="112,104,4,77,108,6,35,2,11,15,20,7,79" hai3="23,81,21,92,100,42,41,17,28,128,68,63,18"/><T52/><D118/><U114/><E116/><V37/><F104/><W57/><G128/><T19/><D33/><U16/><E3/><V123/><F37/><W82/><G68/><T38/><D126/><U30/><E75/><V125/><F112/><W26/><G100/><T14/><D46/><N who="1" m="25799" /><E70/><V66/><F123/><W124/><G124/><T83/><D38/><U115/><E51/><V13/><F125/><W103/><G103/><T64/><D64/><U45/><E45/><V0/><F66/><N who="3" m="39279" /><G92/><T134/><D134/><U96/><E16/><N who="3" m="6250" /><G23/><T135/><D135/><U129/><E129/><V69/><F69/><W127/><G127/><T117/><D117/><U84/><E84/><V47/><F35/><W62/><G62/><T132/><D132/><U1/><E1/><V80/><F2/><W39/><G39/><T31/><D31/><N who="1" m="11787" /><E34/><V109/><F0/><W130/><G130/><T101/><REACH who="0" step="1"/><D83/><AGARI ba="0,0" hai="21,26,28,41,42,81,82,83" m="6250,39279" machi="83" ten="30,2000,0" yaku="8,1,54,1" doraHai="65" who="3" fromWho="0" sc="250,-20,250,0,250,0,250,20" /><INIT seed="1,0,0,0,2,43" ten="230,250,250,270" oya="1" hai0="75,0,100,125,135,96,124,31,86,54,99,56,19" hai1="23,30,41,60,62,57,46,24,11,120,106,13,3" hai2="10,114,122,67,128,82,64,111,58,118,117,79,29" hai3="121,109,70,90,92,59,14,72,115,107,22,48,71"/><U52/><E120/><V89/><F122/><W113/><G121/><T15/><D75/><U27/><E106/><V134/><F29/><W74/><G107/><T39/><D0/><U130/><E130/><V88/><F128/><W51/><G109/><T101/><D135/><U2/><E27/><V91/><F111/><W93/><G59/><T45/><D31/><U50/><REACH who="1" step="1"/><E62/><REACH who="1" ten="230,240,250,270" step="2"/><V104/><F104/><W38/><G115/><T25/><D25/><U8/><E8/><V116/><F114/><W87/><G113/><T66/><D125/><U73/><E73/><V85/><F134/><W33/><G74/><T95/><D124/><U28/><E28/><V26/><F26/><W49/><G72/><T77/><D66/><U84/><E84/><V21/><F21/><W123/><G123/><T94/><D86/><U119/><E119/><V17/><REACH who="2" step="1"/><F58/><REACH who="2" ten="230,240,240,270" step="2"/><W18/><G22/><T98/><D56/><U47/><E47/><V126/><F126/><W1/><G33/><T108/><D108/><U42/><E42/><V36/><F36/><W63/><G38/><T53/><D39/><U34/><E34/><V7/><F7/><AGARI ba="0,2" hai="2,3,7,11,13,23,24,30,41,46,50,52,57,60" machi="7" ten="30,11600,0" yaku="1,1,7,1,52,1,54,1,53,0" doraHai="43" doraHaiUra="112" who="1" fromWho="2" sc="230,0,240,136,240,-116,270,0" /><INIT seed="1,1,0,3,0,19" ten="230,376,124,270" oya="1" hai0="84,76,78,134,135,8,95,102,70,65,80,91,21" hai1="26,131,16,121,97,61,4,101,71,69,132,1,58" hai2="57,123,90,109,126,55,36,106,11,115,98,51,103" hai3="39,83,9,88,87,119,41,22,54,59,13,94,81"/><U117/><E121/><V107/><F109/><W14/><G119/><T29/><D102/><U43/><E132/><N who="0" m="50729" /><D8/><U85/><E131/><V40/><F123/><W17/><G41/><T110/><D110/><U53/><E117/><V6/><F126/><W60/><G39/><T24/><D80/><U104/><E43/><V82/><F115/><W116/><G116/><T92/><D92/><U75/><E75/><V128/><F128/><W25/><G14/><T5/><D5/><AGARI ba="1,0" hai="5,9,13,17,22,25,54,59,60,81,83,87,88,94" machi="5" ten="30,7700,0" yaku="7,1,8,1,52,1,54,1" doraHai="19" who="3" fromWho="0" sc="230,-80,376,0,124,0,270,80" /><INIT seed="2,0,0,4,0,51" ten="150,376,124,350" oya="2" hai0="71,0,69,50,33,85,13,40,52,123,116,36,47" hai1="45,114,64,131,76,61,96,79,113,97,34,43,12" hai2="53,132,73,68,14,37,92,122,74,25,78,107,84" hai3="59,30,102,10,35,95,29,65,70,118,11,119,15"/><V20/><F132/><W126/><G70/><T17/><D123/><U81/><E34/><V28/><F122/><W22/><G126/><T57/><D0/><U82/><E131/><V4/><F68/><W91/><G35/><T8/><D33/><U75/><E12/><V31/><F37/><W115/><G102/><T32/><D32/><U48/><E97/><V26/><F107/><W104/><G104/><T7/><D116/><U62/><E96/><V23/><F53/><W39/><G39/><T127/><D127/><U55/><E55/><V101/><F101/><W108/><G115/><T19/><D19/><U87/><E62/><V103/><F103/><W135/><G135/><T9/><REACH who="0" step="1"/><D85/><REACH who="0" ten="140,376,124,350" step="2"/><U100/><E100/><V93/><F74/><W90/><G118/><T121/><D121/><U111/><E111/><V125/><F73/><W2/><G2/><T1/><AGARI ba="0,1" hai="1,7,8,9,13,17,36,40,47,50,52,57,69,71" machi="1" ten="20,8000,1" yaku="1,1,0,1,7,1,52,1,54,1,53,0" doraHai="51" doraHaiUra="98" who="0" fromWho="0" sc="140,90,376,-20,124,-40,350,-20" /><INIT seed="3,0,0,1,2,18" ten="230,356,84,330" oya="3" hai0="93,117,109,82,40,78,73,39,120,23,131,60,49" hai1="100,83,52,130,15,112,14,50,106,121,5,42,71" hai2="62,31,32,108,46,22,129,89,95,34,76,35,96" hai3="6,56,29,99,122,102,27,45,69,126,55,103,12"/><W19/><G122/><T134/><D120/><U86/><E112/><V101/><F108/><W26/><G69/><T88/><D117/><U127/><E121/><V54/><F129/><W123/><G126/><T128/><D39/><U44/><E71/><V47/><F76/><W37/><G123/><T68/><D109/><U9/><E130/><N who="0" m="49705" /><D134/><U98/><E127/><V43/><F43/><W110/><G110/><T2/><D2/><U1/><E42/><V119/><F119/><W7/><G45/><N who="0" m="25767" /><D68/><U91/><AGARI ba="0,0" hai="1,5,9,14,15,44,50,52,83,86,91,98,100,106" machi="91" ten="20,2700,0" yaku="0,1,7,1,54,1" doraHai="18" who="1" fromWho="1" sc="230,-7,356,27,84,-7,330,-13" owari="223,-17.7,383,48.3,77,-42.3,317,11.7" /></mjloggm>