<mjloggm ver="2.3"><GO type="225" lobby="0"/><UN n0="%E6%A1%9C%E8%8A%B1%E9%96%83%E3%80%85" n1="%6D%75%75%73%61%6E%6D%75" n2="%E7%89%B9%E6%9D%B1%E3%81%AF%E4%B8%96%E7%95%8C%E3%82%92%E6%95%91%E3%81%86" n3="%E6%81%A5%E6%99%92%E3%81%97" dan="17,17,16,16" rate="2195.71,2171.57,2110.92,2164.00" sx="M,F,M,M"/><TAIKYOKU oya="0"/><INIT seed="0,0,0,0,1,78" ten="250,250,250,250" oya="0" hai0="102,81,54,98,22,113,90,72,36,21,129,29,38" hai1="2,77,69,34,115,105,120,117,106,26,74,56,104" hai2="132,16,108,47,57,19,50,100,66,83,10,124,33" hai3="59,111,52,46,14,30,79,101,6,126,122,92,107"/><T73/><D113/><U40/><E115/><V53/><F33/><W35/><G107/><T65/><D65/><U23/><E69/><V7/><F108/><W58/><G111/><T133/><D133/><U85/><E117/><V49/><F132/><W130/><G126/><T41/><D129/><U37/><E120/><V18/><F124/><W91/><G130/><T5/><D5/><U28/><E2/><V134/><F134/><W125/><G122/><T12/><D54/><U110/><E74/><V116/><F116/><W96/><G125/><T43/><D12/><U87/><E110/><V45/><F100/><W1/><G1/><T3/><D90/><U17/><E37/><V112/><F112/><W123/><G79/><T84/><D84/><U70/><E70/><V67/><F83/><W63/><G123/><T109/><D29/><U20/><E40/><V118/><F57/><N who="3" m="35239" /><G35/><T51/><D3/><U25/><E77/><V97/><F97/><W62/><G30/><T80/><D98/><U13/><REACH who="1" step="1"/><E56/><REACH who="1" ten="250,240,250,250" step="2"/><V31/><F118/><W99/><G59/><T24/><D109/><U55/><E55/><V68/><F68/><W60/><G58/><T9/><D38/><U8/><E8/><V15/><F31/><AGARI ba="0,1" hai="13,17,20,23,25,26,28,31,34,85,87,104,105,106" machi="31" ten="40,1300,0" yaku="1,1,53,0" doraHai="78" doraHaiUra="88" who="1" fromWho="2" sc="250,0,240,23,250,-13,250,0" /><INIT seed="1,0,0,4,4,18" ten="250,263,237,250" oya="1" hai0="28,30,90,59,120,50,34,114,0,77,127,7,44" hai1="6,11,56,72,51,19,95,129,73,111,65,3,37" hai2="86,48,23,66,106,69,83,68,107,78,93,33,79" hai3="104,133,32,109,92,52,2,89,15,22,119,126,36"/><U13/><E37/><V108/><F33/><W58/><G32/><T35/><D114/><U135/><E129/><V98/><F108/><W124/><G2/><T105/><D105/><U41/><E111/><V112/><F112/><W117/><G109/><T5/><D77/><U45/><E135/><V71/><F66/><W99/><G133/><T134/><D134/><U16/><E95/><V21/><F78/><W116/><G36/><T10/><D127/><N who="3" m="48681" /><G104/><T1/><D120/><U61/><REACH who="1" step="1"/><E19/><REACH who="1" ten="250,253,237,250" step="2"/><V125/><F125/><W115/><G115/><T29/><D29/><U132/><E132/><V26/><F48/><N who="3" m="30983" /><G119/><T128/><D30/><U113/><E113/><V130/><F130/><W12/><G12/><T64/><D28/><U24/><E24/><V49/><F49/><W27/><G15/><T42/><D128/><U70/><E70/><V63/><F107/><W31/><AGARI ba="0,1" hai="22,27,31,89,92,99,116,117" m="30983,48681" machi="31" ten="30,4000,0" yaku="18,1,52,1,54,1" doraHai="18" who="3" fromWho="3" sc="250,-10,253,-20,237,-10,250,50" /><INIT seed="2,0,0,5,0,56" ten="240,233,227,300" oya="2" hai0="93,60,14,120,116,91,128,69,67,34,134,66,133" hai1="9,70,23,10,64,87,111,135,15,89,72,84,94" hai2="33,37,17,76,18,42,75,119,115,41,62,88,68" hai3="95,21,103,78,107,106,118,38,108,20,53,117,83"/><V131/><F115/><W112/><G38/><T28/><D120/><U61/><E72/><V22/><F119/><N who="3" m="45579" /><G53/><T27/><D116/><U104/><E104/><V4/><F33/><W102/><G21/><T45/><D128/><U54/><E111/><V129/><F4/><W86/><G20/><T57/><D45/><U35/><E35/><V97/><F76/><W30/><G30/><T16/><D67/><U79/><E135/><N who="0" m="51721" /><D69/><U121/><E121/><V63/><F75/><N who="3" m="43487" /><G108/><T26/><D28/><U65/><E65/><N who="2" m="41015" /><F63/><W125/><G125/><T126/><D126/><U46/><E46/><N who="2" m="23855" /><F42/><W123/><G123/><T98/><D34/><U55/><E23/><AGARI ba="0,0" hai="14,16,23,26,27,57,60,66,91,93,98" m="51721" machi="23" ten="30,3900,0" yaku="20,1,52,1,54,1" doraHai="56" who="0" fromWho="1" sc="240,39,233,-39,227,0,300,0" /><INIT seed="3,0,0,5,1,19" ten="279,194,227,300" oya="3" hai0="75,84,86,47,35,57,113,88,32,54,3,50,33" hai1="108,25,107,9,122,20,31,62,116,69,111,34,53" hai2="64,38,135,123,39,120,45,119,76,15,99,95,82" hai3="73,85,77,89,17,80,127,40,91,90,81,110,74"/><W79/><G127/><T14/><D75/><U42/><E107/><V5/><F119/><W44/><G110/><N who="1" m="42026" /><E122/><N who="2" m="46635" /><F64/><W29/><G29/><T104/><D3/><U52/><E116/><V132/><F5/><W100/><G17/><T49/><D113/><U131/><E131/><V60/><F60/><W46/><G100/><T133/><D133/><N who="2" m="51274" /><F15/><W106/><G106/><T59/><D104/><U68/><E42/><V98/><F45/><W37/><G46/><T11/><D84/><AGARI ba="0,0" hai="37,40,44,73,74,77,79,80,81,84,85,89,90,91" machi="84" ten="40,2000,0" yaku="9,1" doraHai="19" who="3" fromWho="0" sc="279,-20,194,0,227,0,300,20" owari="259,5.9,194,-30.6,227,-17.3,320,42.0" /></mjloggm>