<mjloggm ver="2.3"><GO type="225" lobby="0"/><UN n0="%E4%BF%BA%E3%81%A8%E5%A6%96%E5%A4%A2" n1="%E3%81%BE%E3%81%A8%E3%81%9F" n2="%E7%89%B9%E6%9D%B1%E3%81%AF%E4%B8%96%E7%95%8C%E3%82%92%E6%95%91%E3%81%86" n3="%E3%81%AA%E3%82%81%E3%81%93%E9%9B%80%E5%A3%AB" dan="17,16,16,16" rate="2190.07,2131.89,2033.81,2034.82" sx="F,M,M,M"/><TAIKYOKU oya="0"/><INIT seed="0,0,0,5,0,16" ten="250,250,250,250" oya="0" hai0="85,120,40,87,86,125,51,20,132,43,107,17,109" hai1="67,24,59,1,117,14,46,98,3,0,127,61,71" hai2="41,28,31,45,108,99,66,11,130,119,68,93,73" hai3="32,113,94,97,115,131,21,77,62,44,2,12,91"/><T9/><D120/><U80/><E117/><V53/><F73/><W92/><G2/><T110/><D107/><U56/><E127/><V22/><F119/><W69/><G32/><T79/><D125/><U36/><E14/><V133/><F108/><N who="0" m="41578" /><D132/><U10/><E10/><V57/><F133/><W50/><G131/><T84/><D9/><U82/><E98/><V123/><F123/><W19/><G77/><T39/><D39/><U83/><REACH who="1" step="1"/><E24/><REACH who="1" ten="250,240,250,250" step="2"/><V116/><F116/><W122/><G122/><T26/><D51/><U4/><E4/><V100/><F11/><W15/><G115/><T64/><D64/><U118/><E118/><V29/><F66/><W81/><G113/><T134/><D134/><U78/><E78/><V90/><F130/><W5/><G50/><T75/><N who="0" m="21504" /><DORA hai="23" /><T6/><D6/><U52/><E52/><V33/><F53/><W114/><G114/><T95/><D95/><U27/><E27/><V104/><F93/><W38/><G94/><T74/><D79/><U34/><E34/><V126/><F33/><W60/><G38/><T48/><D48/><U30/><E30/><V102/><F31/><W103/><G5/><T55/><D55/><U13/><E13/><V25/><F29/><W88/><G15/><T112/><D112/><U96/><E96/><V54/><F126/><W42/><G97/><T47/><D47/><U7/><E7/><V63/><F28/><W129/><G44/><T8/><D8/><U135/><E135/><V65/><F45/><W101/><G129/><T105/><D105/><U89/><E89/><V37/><F90/><RYUUKYOKU ba="0,1" sc="250,15,240,15,250,-15,250,-15" hai0="17,20,26,40,43,74,75" hai1="0,1,3,36,46,56,59,61,67,71,80,82,83" /><INIT seed="0,1,1,4,5,81" ten="265,255,235,235" oya="0" hai0="133,60,54,115,109,18,77,34,74,21,113,56,90" hai1="58,94,25,49,13,103,83,46,51,72,101,57,116" hai2="52,27,129,110,35,100,127,88,125,68,132,41,48" hai3="3,91,69,50,43,19,14,76,33,126,118,28,134"/><T122/><D122/><U108/><E116/><V78/><F110/><W112/><G118/><T6/><D34/><U15/><E108/><V102/><F129/><W20/><G112/><T61/><D109/><U92/><E83/><V47/><F78/><W66/><G126/><N who="2" m="48137" /><F132/><W7/><G134/><T117/><D117/><U124/><E124/><V37/><F68/><W98/><G76/><T123/><D123/><U105/><E25/><V11/><F11/><N who="3" m="2559" /><G66/><T59/><D133/><U104/><REACH who="1" step="1"/><E46/><REACH who="1" ten="265,245,235,235" step="2"/><V86/><F27/><N who="3" m="18591" /><G69/><T114/><D114/><U70/><E70/><V5/><F35/><W63/><G63/><T62/><D115/><U26/><E26/><V38/><F5/><W111/><G111/><T39/><D6/><U85/><E85/><V1/><F1/><W16/><G19/><T65/><D113/><U22/><E22/><V106/><F106/><W84/><G98/><T24/><D61/><U120/><E120/><V75/><F75/><AGARI ba="1,2" hai="13,15,49,51,57,58,72,75,92,94,101,103,104,105" machi="75" ten="25,3200,0" yaku="1,1,22,2,53,0" doraHai="81" doraHaiUra="12" who="1" fromWho="2" sc="265,0,245,55,235,-35,235,0" /><INIT seed="1,0,0,5,0,97" ten="265,300,200,235" oya="1" hai0="16,31,4,85,54,18,119,118,2,92,76,67,8" hai1="105,134,53,26,38,30,100,23,42,103,89,128,116" hai2="5,56,19,33,25,28,72,68,80,102,48,73,106" hai3="43,35,79,123,82,64,93,88,52,90,115,6,86"/><U60/><E116/><V22/><F68/><W29/><G123/><T59/><D67/><U65/><E105/><V57/><F5/><W78/><G115/><T99/><D31/><U117/><E117/><V110/><F110/><W69/><G43/><T0/><D0/><U51/><E128/><V126/><F126/><W9/><G64/><T111/><D111/><U94/><E42/><V45/><F80/><W135/><G135/><T133/><D133/><U40/><E40/><V75/><F106/><W109/><G69/><T120/><D120/><U37/><E37/><V24/><REACH who="2" step="1"/><F102/><REACH who="2" ten="265,300,190,235" step="2"/><N who="1" m="38953" /><E134/><V55/><AGARI ba="0,1" hai="19,22,24,25,28,33,45,48,55,56,57,72,73,75" machi="55" ten="30,2000,0" yaku="1,1,0,1,53,0" doraHai="97" doraHaiUra="66" who="2" fromWho="2" sc="265,-5,300,-10,190,30,235,-5" /><INIT seed="2,0,0,2,3,0" ten="260,290,220,230" oya="2" hai0="69,31,46,99,55,124,130,122,29,88,110,135,20" hai1="13,92,89,36,75,2,61,9,14,52,84,24,95" hai2="8,86,108,62,85,103,70,112,22,57,133,51,76" hai3="17,127,121,45,87,102,66,132,5,30,63,4,65"/><V60/><F112/><W119/><G119/><T123/><D69/><U35/><E75/><V96/><F133/><W73/><G73/><T64/><D64/><N who="3" m="24681" /><G121/><T18/><D135/><U33/><E36/><V12/><F70/><W59/><G132/><T53/><D110/><U39/><E39/><V72/><F108/><W106/><G106/><T49/><D130/><U15/><E24/><V41/><F72/><W3/><G3/><T38/><D38/><U128/><E95/><N who="2" m="58783" /><F22/><W126/><G102/><T42/><D124/><N who="3" m="47657" /><G30/><N who="0" m="11275" /><D123/><U10/><E128/><V1/><F1/><W118/><G118/><T11/><D11/><U27/><E9/><V48/><F41/><W81/><G45/><T21/><D21/><U91/><E2/><V34/><F34/><W50/><G50/><N who="2" m="18985" /><F57/><W104/><G17/><T19/><D19/><U97/><E33/><V129/><F129/><W79/><G104/><T78/><D122/><U131/><E131/><V58/><F58/><W28/><G28/><T67/><D67/><AGARI ba="0,0" hai="4,5,59,63,67,79,81,87" m="47657,24681" machi="67" ten="30,3900,0" yaku="18,1,52,2" doraHai="0" who="3" fromWho="0" sc="260,-39,290,0,220,0,230,39" /><INIT seed="3,0,0,0,5,8" ten="221,290,220,269" oya="3" hai0="105,15,14,9,131,20,3,6,117,130,106,19,120" hai1="104,52,80,68,74,24,66,90,57,61,46,103,114" hai2="60,22,89,81,33,97,101,85,99,121,31,64,45" hai3="48,69,102,96,55,49,82,70,98,94,128,56,17"/><W54/><G128/><N who="0" m="49195" /><D117/><U58/><E103/><V79/><F33/><W11/><G82/><T109/><D109/><U7/><E104/><N who="0" m="40041" /><D120/><U38/><E7/><V40/><F121/><W113/><G113/><T135/><D135/><U95/><E80/><V37/><F101/><W71/><G98/><T59/><D59/><U111/><E74/><V5/><F5/><W62/><G55/><T127/><D127/><U26/><E57/><V30/><F79/><W53/><G53/><T76/><D76/><U86/><E114/><V65/><F65/><W87/><G87/><T116/><D116/><U118/><E111/><V67/><F67/><W77/><G77/><T36/><D36/><U34/><E34/><V28/><REACH who="2" step="1"/><F22/><REACH who="2" ten="221,290,210,269" step="2"/><W93/><G102/><T92/><D92/><U63/><E118/><V107/><F107/><W72/><G94/><T51/><D51/><U29/><E38/><V10/><F10/><W84/><G93/><T23/><D20/><U0/><E95/><V122/><F122/><W83/><G96/><T27/><AGARI ba="0,1" hai="3,6,9,14,15,19,23,27" m="40041,49195" machi="27" ten="30,4000,0" yaku="19,1,52,2" doraHai="8" who="0" fromWho="0" sc="221,50,290,-10,210,-10,269,-20" /><INIT seed="4,0,0,3,3,95" ten="271,280,200,249" oya="0" hai0="33,24,1,30,135,58,109,113,0,29,124,101,122" hai1="11,94,13,92,10,116,125,4,14,133,132,110,131" hai2="15,75,44,67,99,73,47,55,9,61,35,65,60" hai3="129,57,121,117,53,6,43,42,87,22,118,3,19"/><T56/><D122/><U70/><E116/><V115/><F35/><W112/><G129/><T74/><D74/><U89/><E70/><V62/><F115/><W68/><G68/><T25/><D113/><U26/><E110/><V27/><F27/><W111/><G111/><T28/><D109/><U93/><E26/><N who="0" m="10345" /><D33/><U23/><E23/><V31/><F31/><W76/><G121/><T12/><D101/><U98/><E125/><V34/><F34/><W128/><G128/><T36/><D36/><U104/><E131/><V50/><F47/><W82/><G112/><T51/><D124/><U107/><E104/><V97/><F75/><W83/><G118/><T78/><D78/><U72/><E107/><V79/><F79/><W46/><G46/><T120/><D120/><U81/><E81/><V119/><F73/><W64/><G83/><T37/><D37/><U8/><E8/><V80/><F80/><W134/><G134/><N who="1" m="51818" /><E72/><V20/><F20/><W108/><G108/><T38/><D38/><U54/><E54/><V40/><F55/><W63/><G53/><N who="0" m="31807" /><D58/><U85/><E85/><V2/><F119/><W100/><G117/><T96/><D135/><U91/><E89/><V59/><F2/><W130/><G100/><T105/><D12/><U127/><E127/><V16/><F60/><W52/><G130/><T49/><D49/><U41/><E41/><V77/><F77/><W88/><G76/><T126/><D126/><U39/><E39/><V45/><F44/><W5/><G52/><T90/><D105/><U86/><E86/><V71/><AGARI ba="0,0" hai="9,15,16,40,45,50,59,61,62,65,67,71,97,99" machi="71" ten="20,8000,1" yaku="0,1,7,1,52,2,54,1" doraHai="95" who="2" fromWho="2" sc="271,-40,280,-20,200,80,249,-20" /><INIT seed="5,0,0,2,5,57" ten="231,260,280,229" oya="1" hai0="109,133,82,71,134,45,91,49,118,72,5,13,62" hai1="44,98,90,15,59,129,101,1,43,110,11,70,40" hai2="88,61,24,50,74,100,38,131,107,48,25,36,21" hai3="4,79,68,99,125,7,56,93,46,84,2,63,0"/><U75/><E70/><V9/><F74/><W94/><G68/><T3/><D3/><U83/><E1/><V124/><F24/><W89/><G125/><T111/><D5/><U22/><E43/><V52/><F124/><W37/><G2/><T66/><D13/><U135/><E22/><V18/><F61/><W106/><G106/><T10/><D10/><U86/><E75/><V102/><F50/><W76/><G0/><T27/><D27/><U77/><E110/><N who="0" m="41993" /><D91/><U55/><E90/><V69/><F69/><W108/><G108/><T54/><D82/><U103/><E98/><V121/><F107/><W51/><G37/><T58/><D72/><U64/><E64/><V105/><F105/><W81/><G93/><T128/><D118/><U60/><E129/><V16/><F36/><W47/><G79/><T26/><D26/><U127/><E135/><N who="0" m="51721" /><D128/><U12/><E12/><V34/><F102/><W132/><G132/><T97/><D97/><U78/><E78/><V92/><F100/><W23/><G23/><T19/><D19/><U87/><E87/><V96/><F131/><W35/><G35/><T42/><D71/><U39/><REACH who="1" step="1"/><E127/><REACH who="1" ten="231,250,280,229" step="2"/><V115/><F21/><W28/><G28/><T80/><D80/><U17/><AGARI ba="0,1" hai="11,15,17,39,40,44,55,59,60,77,83,86,101,103" machi="17" ten="20,12000,1" yaku="1,1,2,1,0,1,7,1,52,1,53,0" doraHai="57" doraHaiUra="126" who="1" fromWho="1" sc="231,-40,250,130,280,-40,229,-40" owari="191,-20.9,380,48.0,240,4.0,189,-31.1" /></mjloggm>