<mjloggm ver="2.3"><GO type="225" lobby="0"/><UN n0="%E3%82%A2%E3%83%A1%E3%82%A2%E3%83%A9%E3%83%AC" n1="%E6%B4%BE%E9%81%A3%E3%81%AE%E3%82%B8%E3%83%A3%E3%83%83%E3%82%AF" n2="%E6%A1%9C%E8%8A%B1%E9%96%83%E3%80%85" n3="%E3%81%A8%E3%82%89%E3%81%84%E3%81%A1" dan="16,17,16,16" rate="2157.62,2177.75,2185.34,2140.07" sx="M,M,M,M"/><TAIKYOKU oya="0"/><INIT seed="0,0,0,2,3,10" ten="250,250,250,250" oya="0" hai0="103,12,69,49,19,105,72,18,116,94,29,121,130" hai1="131,1,124,118,115,55,70,67,98,122,44,23,56" hai2="40,112,75,16,99,63,47,134,119,127,13,91,81" hai3="97,129,59,85,83,88,111,7,42,2,31,87,0"/><T25/><D116/><U125/><E1/><V90/><F112/><W27/><G111/><T53/><D121/><U24/><E118/><V71/><F119/><W107/><G129/><T62/><D72/><U101/><E122/><V73/><F127/><W84/><G42/><T86/><D130/><U68/><E44/><V34/><F34/><W52/><G107/><T37/><D37/><U45/><E45/><V32/><F32/><W61/><G97/><T30/><D105/><U109/><E109/><V78/><F75/><W9/><REACH who="3" step="1"/><G0/><REACH who="3" ten="250,250,250,240" step="2"/><T135/><D135/><U82/><E131/><V28/><F99/><W89/><G89/><T17/><D103/><U132/><E98/><V51/><F134/><W104/><G104/><T6/><D69/><U20/><E101/><V133/><F133/><W14/><G14/><T3/><D3/><U60/><E132/><V46/><F90/><W80/><G80/><T117/><D117/><U41/><E82/><V128/><F91/><W35/><AGARI ba="0,1" hai="2,7,9,27,31,35,52,59,61,83,84,85,87,88" machi="35" ten="20,8000,1" yaku="1,1,0,1,7,1,54,2,53,0" doraHai="10" doraHaiUra="36" who="3" fromWho="3" sc="250,-40,250,-20,250,-20,240,90" /><INIT seed="1,0,0,5,5,112" ten="210,230,230,330" oya="1" hai0="68,71,16,20,70,7,39,90,64,94,46,18,120" hai1="27,14,81,135,8,45,40,5,116,43,79,75,6" hai2="53,48,69,88,9,60,4,55,62,63,17,66,44" hai3="24,3,73,23,10,22,13,65,129,124,92,38,104"/><U37/><E135/><V84/><F17/><W0/><G104/><T30/><D120/><U41/><E116/><V49/><F9/><W127/><G38/><T101/><D101/><U114/><E114/><V108/><F4/><W82/><G65/><T115/><D115/><U86/><E6/><V59/><REACH who="2" step="1"/><F108/><REACH who="2" ten="210,230,220,330" step="2"/><W21/><G10/><T106/><D7/><U99/><E27/><V42/><F42/><W34/><G24/><T91/><D18/><U19/><E19/><V102/><F102/><W80/><G127/><T11/><D11/><U111/><E111/><V83/><AGARI ba="0,1" hai="44,48,49,53,55,59,60,62,63,66,69,83,84,88" machi="83" ten="20,5200,0" yaku="1,1,0,1,7,1,54,1,53,0" doraHai="112" doraHaiUra="96" who="2" fromWho="2" sc="210,-13,230,-26,220,62,330,-13" /><INIT seed="2,0,0,0,3,132" ten="197,204,282,317" oya="2" hai0="3,109,107,126,51,122,44,19,20,113,79,45,110" hai1="124,54,33,61,4,85,125,35,120,52,111,1,23" hai2="36,92,100,102,12,5,74,95,37,108,16,59,103" hai3="13,49,112,63,15,18,101,67,119,29,64,116,40"/><V69/><F69/><W9/><G112/><T127/><D122/><U24/><E120/><V104/><F104/><W14/><G29/><T78/><D113/><U71/><E85/><V70/><F70/><W17/><G101/><T73/><D3/><U114/><E114/><V121/><F121/><W97/><G97/><T66/><D66/><N who="1" m="41423" /><E4/><V133/><F133/><W131/><G131/><T22/><D107/><U56/><E1/><V130/><F130/><W90/><G90/><T42/><D73/><U43/><E43/><V128/><F5/><W87/><G87/><T123/><D123/><U99/><E99/><V46/><F128/><W81/><G81/><T55/><D78/><U105/><E105/><V68/><F68/><W32/><G32/><N who="1" m="12362" /><E56/><V62/><F74/><W75/><G75/><T134/><D79/><U89/><E89/><V91/><F95/><W118/><G63/><T65/><D65/><U6/><E6/><V77/><F46/><W47/><G14/><N who="0" m="9335" /><D22/><U129/><E129/><V86/><F77/><W98/><G98/><T48/><D134/><U93/><E93/><V57/><F57/><W26/><G26/><T72/><D72/><U96/><E96/><V27/><F27/><W58/><G58/><T106/><D106/><U41/><E41/><V88/><F91/><W10/><AGARI ba="0,0" hai="9,10,13,15,17,18,40,47,49,64,67,116,118,119" machi="10" ten="30,2000,0" yaku="0,1,9,1" doraHai="132" who="3" fromWho="3" sc="197,-5,204,-5,282,-10,317,20" /><INIT seed="3,0,0,5,0,91" ten="192,199,272,337" oya="3" hai0="3,111,68,124,61,24,54,123,125,30,20,42,41" hai1="89,116,11,73,96,71,37,102,115,55,14,60,104" hai2="12,82,0,49,43,131,17,44,67,50,53,80,6" hai3="103,130,74,122,76,39,75,114,36,100,81,27,2"/><W58/><G114/><T5/><D123/><U35/><E115/><V107/><F107/><W9/><G27/><T63/><D111/><U95/><E37/><V59/><F131/><W85/><G58/><N who="0" m="35031" /><D5/><U15/><E35/><V117/><F117/><W29/><G29/><T97/><D3/><U118/><E73/><V119/><F119/><N who="1" m="45609" /><E11/><V26/><F0/><W7/><G85/><T19/><D97/><N who="1" m="57583" /><E55/><V38/><F38/><W106/><G9/><T65/><D30/><U92/><E104/><V135/><F6/><W22/><G106/><T94/><D94/><U8/><E8/><V134/><F67/><AGARI ba="0,0" hai="14,15,60,67,71,92,96,102" m="57583,45609" machi="67" ten="30,3900,0" yaku="12,1,52,2" doraHai="91" who="1" fromWho="2" sc="192,0,199,39,272,-39,337,0" owari="192,-30.8,238,3.8,233,-16.7,337,43.7" /></mjloggm>