<mjloggm ver="2.3"><GO type="225" lobby="0"/><UN n0="%73%75%7A%75%6D%65%33" n1="%E6%A0%B9%E5%85%83%E3%81%8B%E3%82%89%E5%90%B9%E3%81%A3%E9%A3%9B%E3%81%B6" n2="%E3%81%AF%E3%81%BE%E3%81%A1%E3%83%AA%E3%83%BC%E3%82%B0" n3="%4B%2E%32%2E%4B%2E" dan="17,17,16,16" rate="2243.38,2204.66,2076.84,2103.97" sx="M,F,M,M"/><TAIKYOKU oya="0"/><INIT seed="0,0,0,0,1,123" ten="250,250,250,250" oya="0" hai0="39,72,128,81,36,56,57,83,27,66,112,0,134" hai1="17,111,33,104,126,1,40,114,35,53,24,120,82" hai2="132,34,68,14,127,67,46,117,10,76,131,32,135" hai3="105,86,115,77,63,85,59,44,73,108,124,31,52"/><T21/><D112/><U50/><E120/><V80/><F131/><W28/><G115/><T109/><D0/><U37/><E1/><V101/><F127/><W18/><G105/><T11/><D11/><U75/><E126/><V49/><F67/><W19/><G124/><T23/><D128/><U87/><E104/><V58/><F58/><W96/><G96/><T48/><D134/><N who="2" m="51242" /><F101/><W74/><G77/><T6/><D6/><U62/><E75/><N who="2" m="43039" /><F68/><W25/><G44/><T16/><D72/><U102/><E102/><V71/><F71/><W38/><G38/><T61/><D39/><U122/><E37/><V110/><F110/><W41/><G108/><T45/><D109/><U98/><E111/><V133/><N who="2" m="51250" /><V42/><DORA hai="26" /><F117/><W90/><G73/><T3/><D36/><U107/><E114/><V119/><F119/><W65/><G74/><T91/><D57/><U43/><E107/><V69/><F69/><W60/><G65/><T118/><D118/><U51/><E62/><V54/><F54/><W97/><G63/><T89/><D3/><U64/><E51/><V79/><F79/><W94/><G41/><N who="0" m="24623" /><D91/><U84/><E50/><V113/><F113/><W20/><G18/><AGARI ba="0,0" hai="10,14,18,32,34,42,46,49" m="43039,51250" machi="18" ten="40,1300,0" yaku="20,1" doraHai="123,26" who="2" fromWho="3" sc="250,0,250,0,250,13,250,-13" /><INIT seed="1,0,0,0,4,129" ten="250,250,263,237" oya="1" hai0="113,30,24,1,6,90,44,18,93,34,97,101,10" hai1="58,66,12,14,7,63,5,8,2,45,41,104,135" hai2="122,70,103,123,17,75,91,49,134,99,13,3,78" hai3="74,108,81,92,59,105,11,29,127,26,118,111,98"/><U46/><E104/><V52/><F70/><W9/><G105/><T102/><D113/><U72/><E72/><V73/><F3/><W37/><G37/><T84/><D44/><U54/><E135/><V31/><F31/><W106/><G106/><T43/><D43/><U69/><E7/><V100/><F91/><W19/><G118/><T124/><D124/><U94/><E94/><V76/><F75/><W115/><G115/><T22/><REACH who="0" step="1"/><D97/><REACH who="0" ten="240,250,263,237" step="2"/><U83/><E46/><V57/><F99/><W60/><G127/><T42/><D42/><U21/><E45/><V15/><F122/><W25/><G98/><T27/><AGARI ba="0,1" hai="1,6,10,18,22,24,27,30,34,84,90,93,101,102" machi="27" ten="20,2700,0" yaku="1,1,0,1,7,1,53,0" doraHai="129" doraHaiUra="109" who="0" fromWho="0" sc="240,37,250,-13,263,-7,237,-7" /><INIT seed="2,0,0,4,1,131" ten="277,237,256,230" oya="2" hai0="107,77,60,90,66,118,73,39,94,44,95,12,26" hai1="18,61,96,64,41,76,88,43,101,0,70,33,8" hai2="48,78,31,100,10,46,29,21,45,85,133,87,117" hai3="53,97,49,115,113,4,38,57,91,83,84,27,120"/><V112/><F112/><N who="3" m="43083" /><G120/><T52/><D107/><U37/><E33/><V20/><F117/><W103/><G38/><T36/><D118/><U74/><E88/><V82/><F100/><W56/><G4/><T109/><D109/><U69/><E18/><V125/><F125/><W16/><G27/><T7/><D26/><U99/><E99/><V42/><F10/><W23/><G23/><N who="2" m="8777" /><F133/><W71/><G71/><T62/><D73/><U34/><E34/><V25/><F25/><W111/><G16/><T51/><D77/><U9/><E70/><V50/><F87/><W17/><G17/><T135/><D135/><U40/><E37/><V5/><F5/><W3/><G3/><T54/><D39/><U75/><E76/><V114/><F114/><W121/><G121/><T123/><D36/><U81/><E81/><V55/><AGARI ba="0,0" hai="29,31,42,45,46,48,50,55,78,82,85" m="8777" machi="55" ten="30,1500,0" yaku="8,1" doraHai="131" who="2" fromWho="2" sc="277,-5,237,-5,256,15,230,-5" /><INIT seed="2,1,0,3,5,80" ten="272,232,271,225" oya="2" hai0="124,20,130,13,71,31,12,83,46,19,28,114,41" hai1="88,99,128,35,86,97,101,26,70,52,126,120,122" hai2="59,125,108,27,0,111,95,107,87,75,36,84,66" hai3="105,106,37,93,50,18,112,40,14,135,89,47,58"/><V104/><F75/><W55/><G135/><T15/><D114/><U54/><E126/><V8/><F36/><W67/><G112/><T68/><D124/><U134/><E134/><V33/><F125/><W9/><REACH who="3" step="1"/><G67/><REACH who="3" ten="272,232,271,215" step="2"/><T117/><D117/><U79/><E128/><V7/><F107/><W96/><AGARI ba="1,1" hai="9,14,18,37,40,47,50,55,58,89,93,96,105,106" machi="96" ten="20,8000,1" yaku="1,1,2,1,0,1,7,1,53,1" doraHai="80" doraHaiUra="43" who="3" fromWho="3" sc="272,-21,232,-21,271,-41,215,93" /><INIT seed="3,0,0,1,0,48" ten="251,211,230,308" oya="3" hai0="17,52,7,123,82,39,96,104,34,10,55,47,93" hai1="121,24,73,37,57,116,68,51,95,105,85,128,5" hai2="65,28,59,2,119,58,70,102,122,19,31,109,56" hai3="15,11,25,62,72,21,50,54,135,9,115,29,64"/><W127/><G115/><T112/><D123/><U53/><E121/><V16/><F119/><W40/><G72/><T12/><D34/><U76/><E116/><V83/><F2/><W107/><G107/><T4/><D104/><U42/><E105/><V111/><F122/><W126/><G135/><T13/><D112/><U81/><E128/><V75/><F102/><W110/><G110/><N who="2" m="41993" /><F75/><W74/><G40/><T91/><D39/><U117/><E117/><V108/><N who="2" m="42001" /><V89/><DORA hai="27" /><F83/><W80/><G80/><T30/><D30/><N who="2" m="11306" /><F89/><W45/><G74/><T67/><D82/><U133/><E133/><V8/><F8/><W79/><G79/><T61/><D47/><U46/><E5/><V92/><F92/><W90/><G90/><T132/><D132/><U49/><E68/><V69/><F65/><W125/><G15/><T18/><D7/><U77/><E24/><V120/><F120/><W41/><G64/><T23/><D4/><U20/><E76/><V71/><AGARI ba="0,0" hai="16,19,56,58,59,69,70,71" m="11306,42001" machi="71" ten="60,12000,2" yaku="28,2,14,1,52,3,54,1" doraHai="48,27" who="2" fromWho="2" sc="251,-30,211,-30,230,120,308,-60" owari="221,-17.9,181,-31.9,350,45.0,248,4.8" /></mjloggm>