<mjloggm ver="2.3"><GO type="225" lobby="0"/><UN n0="%E9%80%86%E9%80%A3%E5%B8%AF%E3%81%AE%E9%AC%BC" n1="%E3%82%A2%E3%83%A1%E3%82%A2%E3%83%A9%E3%83%AC" n2="%E4%BF%BA%E3%81%A8%E5%A6%96%E5%A4%A2" n3="%E6%81%A5%E6%99%92%E3%81%97" dan="17,16,17,16" rate="2186.21,2075.71,2206.81,2126.42" sx="M,M,F,M"/><TAIKYOKU oya="0"/><INIT seed="0,0,0,4,2,49" ten="250,250,250,250" oya="0" hai0="106,98,73,17,15,97,114,41,63,94,6,82,43" hai1="50,95,75,42,21,67,76,61,8,9,23,30,65" hai2="37,113,79,117,116,13,91,104,93,110,31,32,51" hai3="130,120,45,7,71,39,125,12,38,88,48,77,96"/><T111/><D114/><U2/><E75/><V119/><F37/><W35/><G71/><T36/><D111/><U131/><E131/><V52/><F113/><W10/><G130/><T33/><D33/><U101/><E76/><V19/><F104/><W84/><G125/><T123/><D123/><U70/><E67/><V11/><F79/><W34/><G120/><T127/><D127/><U1/><E1/><V72/><F72/><W56/><G56/><T134/><D134/><U124/><E124/><V99/><F110/><W115/><G115/><T112/><D112/><U102/><E2/><V25/><REACH who="2" step="1"/><F116/><REACH who="2" ten="250,250,240,250" step="2"/><W24/><G39/><T69/><D106/><U129/><E129/><V135/><F135/><W14/><G38/><T126/><D126/><U74/><E74/><V83/><F83/><W3/><G77/><T18/><D36/><U87/><E95/><V103/><F103/><W78/><G78/><T89/><D82/><U109/><E101/><V128/><F128/><W26/><G35/><T64/><D73/><U46/><E102/><V22/><F22/><W62/><G34/><T85/><D43/><U118/><E109/><V68/><F68/><W16/><G26/><T86/><D41/><U105/><E105/><V55/><F55/><W92/><G24/><T27/><D27/><U108/><E108/><V81/><F81/><W0/><G92/><T80/><D80/><U100/><E100/><V133/><F133/><W122/><G122/><T60/><D69/><U132/><E70/><V47/><AGARI ba="0,1" hai="11,13,19,25,31,32,47,51,52,91,93,99,117,119" machi="47" ten="30,7900,0" yaku="1,1,0,1,52,1,54,1,53,0" doraHai="49" doraHaiUra="121" who="2" fromWho="2" sc="250,-39,250,-20,240,89,250,-20" /><INIT seed="1,0,0,0,1,48" ten="211,230,329,230" oya="1" hai0="132,55,18,6,74,46,35,100,109,0,76,58,52" hai1="116,90,80,8,67,108,37,121,10,11,120,4,19" hai2="104,34,5,82,30,94,129,124,36,130,33,84,92" hai3="17,114,93,81,113,95,64,1,86,85,32,65,122"/><U77/><E116/><V83/><F104/><W125/><G32/><T110/><D35/><U31/><E37/><V23/><F36/><W12/><G1/><T126/><D126/><U117/><E117/><V119/><F119/><W133/><G125/><T44/><D132/><U106/><E106/><V49/><F124/><W63/><G133/><T134/><D134/><U107/><E107/><V9/><F23/><W3/><G3/><T123/><D123/><U112/><E112/><V2/><F82/><W73/><G73/><T61/><D100/><U13/><E108/><N who="0" m="41577" /><D18/><U28/><E67/><V98/><F49/><W66/><G63/><T45/><D0/><U15/><E90/><N who="2" m="55575" /><F94/><W21/><G122/><N who="1" m="47210" /><E80/><V41/><F41/><W24/><G113/><T47/><D6/><U131/><E77/><N who="2" m="46191" /><F30/><N who="1" m="11305" /><E131/><AGARI ba="0,0" hai="2,5,9,33,34,129,130,131" m="46191,55575" machi="131" ten="30,1000,0" yaku="19,1" doraHai="48" who="2" fromWho="1" sc="211,0,230,-10,329,10,230,0" /><INIT seed="2,0,0,1,4,47" ten="211,220,339,230" oya="2" hai0="125,4,8,41,36,68,50,89,128,39,133,129,92" hai1="19,35,59,126,105,69,18,116,54,13,120,88,6" hai2="98,81,85,96,15,51,79,3,75,84,91,86,14" hai3="62,5,25,112,27,83,114,100,77,30,119,28,24"/><V48/><F3/><W106/><G106/><T55/><D68/><U63/><E126/><V109/><F109/><W60/><G100/><T0/><D133/><U67/><E116/><V134/><F134/><W52/><G119/><T93/><D125/><U117/><E117/><V23/><F23/><W108/><G108/><T102/><D102/><U43/><E105/><V135/><F135/><W1/><G5/><T34/><D34/><U26/><E120/><V78/><F78/><W101/><G101/><T124/><D124/><U127/><E127/><V53/><F53/><W31/><G1/><T32/><D32/><U44/><E6/><V45/><F45/><W123/><G123/><T7/><D7/><U131/><E131/><N who="0" m="50249" /><D41/><U122/><E122/><V64/><F64/><W70/><G70/><T71/><D71/><U113/><E113/><N who="3" m="43626" /><G52/><T33/><D33/><U74/><E54/><V90/><F90/><W49/><G49/><N who="2" m="19017" /><F91/><W37/><G37/><N who="0" m="14411" /><D89/><U21/><E88/><V20/><F20/><W29/><G29/><T9/><D9/><U104/><E69/><V56/><F56/><AGARI ba="0,0" hai="0,4,8,50,55,56,92,93" m="14411,50249" machi="56" ten="30,2000,0" yaku="19,1,52,1" doraHai="47" who="0" fromWho="2" sc="211,20,220,0,339,-20,230,0" /><INIT seed="3,0,0,1,4,86" ten="231,220,319,230" oya="3" hai0="0,59,4,36,74,65,41,78,70,37,57,107,47" hai1="118,75,12,44,105,60,111,83,94,15,29,122,35" hai2="79,67,81,100,33,121,52,26,34,55,63,129,53" hai3="120,11,89,72,131,124,69,21,76,85,101,116,104"/><W25/><G116/><T16/><D107/><U93/><E122/><V18/><F121/><W22/><G120/><T17/><D37/><U98/><E111/><V82/><F129/><W19/><G131/><T135/><D135/><U32/><E118/><V97/><F33/><W90/><G69/><T1/><D70/><U51/><E105/><V68/><F79/><W6/><G124/><T28/><D28/><U80/><E35/><V133/><F133/><W99/><G72/><T40/><D40/><N who="1" m="24967" /><E75/><V48/><F48/><W109/><G22/><T43/><D43/><U103/><E32/><V14/><F26/><W125/><G125/><T20/><D17/><U132/><E132/><V71/><F71/><W88/><G76/><T126/><D126/><U7/><E29/><V23/><REACH who="2" step="1"/><F34/><REACH who="2" ten="231,220,309,230" step="2"/><W2/><G109/><T27/><D78/><U5/><E60/><V73/><F73/><W77/><G77/><T10/><D74/><U54/><E54/><V106/><AGARI ba="0,1" hai="14,18,23,52,53,55,63,67,68,81,82,97,100,106" machi="106" ten="30,4000,0" yaku="1,1,0,1,54,1,53,0" doraHai="86" doraHaiUra="123" who="2" fromWho="2" sc="231,-10,220,-10,309,50,230,-20" owari="221,2.1,210,-19.0,359,45.9,210,-29.0" /></mjloggm>