<mjloggm ver="2.3"><GO type="225" lobby="0"/><UN n0="%E3%81%B2%E3%81%AA%E3%81%AE%E3%82%8A%E3%81%8F" n1="%E3%83%81%E3%83%AF%E3%83%AF%E9%9A%8A%E9%95%B7" n2="%E3%82%B7%E3%83%B3%E5%A4%AA%E6%9C%97" n3="%E6%81%A5%E6%99%92%E3%81%97" dan="17,16,16,16" rate="2192.81,2178.45,2113.58,2091.47" sx="M,M,M,M"/><TAIKYOKU oya="0"/><INIT seed="0,0,0,2,2,114" ten="250,250,250,250" oya="0" hai0="45,122,106,82,62,41,91,99,132,87,8,21,4" hai1="28,89,108,115,67,85,113,86,83,126,56,78,57" hai2="7,13,116,81,54,104,101,121,31,59,49,124,73" hai3="47,42,39,3,0,1,92,34,12,37,10,80,30"/><T25/><D122/><U94/><E108/><V107/><F121/><W84/><G92/><T2/><D132/><U74/><E126/><V125/><F116/><W98/><G98/><T16/><D62/><U111/><E111/><V48/><F101/><W18/><G39/><T61/><D61/><U22/><E74/><V112/><F112/><N who="1" m="43081" /><E67/><V51/><F31/><W102/><G102/><T71/><D71/><U33/><E33/><V100/><F7/><W43/><G43/><T127/><D127/><N who="2" m="48714" /><F13/><W44/><G44/><T52/><D99/><U129/><E129/><V65/><F65/><W97/><G97/><T40/><REACH who="0" step="1"/><D106/><REACH who="0" ten="240,250,250,250" step="2"/><U76/><E76/><V130/><F130/><W15/><G0/><T75/><D75/><U35/><E35/><V79/><F100/><W88/><REACH who="3" step="1"/><G12/><REACH who="3" ten="240,250,250,240" step="2"/><T135/><D135/><U120/><E120/><V46/><F46/><W70/><G70/><T133/><D133/><U26/><AGARI ba="0,2" hai="22,26,28,56,57,78,83,85,86,89,94" m="43081" machi="26" ten="30,1100,0" yaku="11,1" doraHai="114" who="1" fromWho="1" sc="240,-5,250,31,250,-3,240,-3" /><INIT seed="1,0,0,3,1,67" ten="235,281,247,237" oya="1" hai0="33,8,110,89,62,38,133,127,124,26,134,30,6" hai1="63,113,70,57,21,84,17,132,65,16,106,34,73" hai2="14,103,120,27,71,76,25,125,1,82,28,80,35" hai3="39,88,83,119,48,99,107,49,96,42,44,43,64"/><U130/><E73/><V114/><F120/><W118/><G39/><T0/><D38/><U87/><E113/><V79/><F1/><W3/><G3/><T86/><D62/><U45/><E34/><V94/><F114/><W66/><G107/><T4/><D4/><U53/><E106/><V111/><F111/><W51/><G83/><T37/><D37/><U126/><E132/><N who="0" m="50793" /><D89/><U18/><E130/><V29/><F125/><N who="0" m="48202" /><D86/><U46/><E126/><V91/><F103/><W47/><G51/><T95/><D95/><U77/><E87/><V81/><F14/><W31/><REACH who="3" step="1"/><G31/><REACH who="3" ten="235,281,247,227" step="2"/><T58/><D58/><U75/><E57/><V78/><F80/><W105/><G105/><T13/><D110/><U20/><E46/><V32/><REACH who="2" step="1"/><F71/><REACH who="2" ten="235,281,237,227" step="2"/><W22/><G22/><T54/><D54/><U93/><E20/><V61/><F61/><W102/><G102/><T121/><D121/><U90/><E21/><V56/><F56/><W109/><G109/><T123/><D123/><U116/><E63/><V7/><F7/><W19/><G19/><T5/><D5/><U97/><E17/><V36/><F36/><W108/><G108/><T112/><D112/><U55/><E18/><V117/><F117/><W10/><G10/><T12/><AGARI ba="0,2" hai="0,6,8,12,13,26,30,33" m="48202,50793" machi="12" ten="40,8000,1" yaku="20,1,18,1,34,2" doraHai="67" who="0" fromWho="0" sc="235,100,281,-40,237,-20,227,-20" /><INIT seed="2,0,0,3,4,87" ten="335,241,217,207" oya="2" hai0="42,29,15,23,70,62,102,22,101,82,47,116,32" hai1="6,98,83,30,97,24,45,14,2,109,115,18,103" hai2="133,89,99,16,68,113,71,84,49,28,61,86,85" hai3="54,10,50,79,48,124,91,123,100,122,55,3,132"/><V0/><F133/><W129/><G124/><T128/><D32/><U125/><E115/><V36/><F36/><W96/><G132/><T94/><D82/><U126/><E109/><V51/><F0/><W35/><G35/><T39/><D128/><U38/><E2/><V106/><F113/><W127/><G127/><N who="1" m="48650" /><E6/><V88/><F28/><W52/><G129/><T114/><D114/><U60/><E60/><V75/><F75/><W104/><G79/><T110/><D110/><U1/><E1/><V25/><F106/><W59/><G91/><N who="2" m="34889" /><F71/><W108/><G108/><T43/><D70/><U95/><E83/><V66/><F68/><W44/><REACH who="3" step="1"/><G55/><REACH who="3" ten="335,241,217,197" step="2"/><T27/><D116/><U73/><E103/><V11/><F99/><W9/><G9/><T72/><D102/><U34/><E97/><V112/><F112/><W92/><G92/><T40/><D94/><U8/><E95/><V19/><F66/><W107/><G107/><T65/><D101/><U53/><E98/><V76/><F76/><W13/><G13/><T80/><D15/><U5/><E34/><V78/><F78/><W134/><G134/><T58/><D72/><U90/><E73/><V118/><F118/><W74/><G74/><T4/><D80/><U26/><E14/><N who="2" m="7263" /><F61/><W63/><G63/><T105/><D105/><U17/><E8/><V135/><F135/><W69/><G69/><T121/><D62/><U111/><E111/><V12/><F12/><W130/><G130/><T20/><D65/><U120/><E120/><V21/><AGARI ba="0,1" hai="19,21,25,49,51,84,85,86" m="7263,34889" machi="21" ten="30,18000,2" yaku="8,1,52,3,54,2" doraHai="87" who="2" fromWho="2" sc="335,-60,241,-60,217,190,197,-60" /><INIT seed="2,1,0,1,2,75" ten="275,181,407,137" oya="2" hai0="88,133,114,66,100,30,102,31,76,81,107,96,25" hai1="49,22,71,21,12,105,73,67,53,6,98,108,80" hai2="119,106,38,20,86,63,0,64,101,24,99,4,123" hai3="95,16,120,43,26,74,93,7,40,45,62,10,89"/><V104/><F123/><W44/><G120/><T125/><D133/><U70/><E108/><V52/><F119/><W55/><G74/><T103/><D125/><U13/><E67/><V72/><F72/><W113/><G113/><T58/><D114/><U132/><E132/><V51/><F38/><W59/><G95/><T37/><D37/><U134/><E134/><V78/><F4/><W128/><G128/><T56/><D107/><U18/><E22/><V19/><F0/><W47/><G7/><T34/><D31/><U91/><E91/><V36/><F36/><W115/><G115/><T118/><D118/><U121/><E121/><V116/><F116/><W129/><G129/><T87/><REACH who="0" step="1"/><D66/><REACH who="0" ten="265,181,407,137" step="2"/><U39/><E105/><V85/><F106/><W112/><G112/><T82/><D82/><U97/><E80/><V8/><F104/><W48/><G48/><T41/><D41/><U122/><E49/><V50/><F64/><W110/><G110/><T92/><AGARI ba="1,1" hai="25,30,34,56,58,76,81,87,88,92,96,100,102,103" machi="92" ten="30,8000,1" yaku="1,1,0,1,52,1,54,1,53,1" doraHai="75" doraHaiUra="94" who="0" fromWho="0" sc="265,93,181,-21,407,-41,137,-21" /><INIT seed="3,0,0,5,0,16" ten="358,160,366,116" oya="3" hai0="130,128,37,72,68,3,103,64,43,22,61,34,27" hai1="63,30,62,94,124,121,36,21,44,40,107,70,13" hai2="85,86,74,102,93,133,108,109,26,46,52,42,132" hai3="135,126,10,9,122,90,96,56,69,75,51,32,117"/><W65/><G117/><T31/><D72/><U114/><E107/><V14/><F74/><W88/><G122/><T116/><D116/><U134/><E121/><V19/><F26/><W24/><G75/><T48/><D37/><U41/><E114/><V76/><F52/><N who="3" m="31775" /><G126/><T49/><D3/><U106/><E106/><V111/><F102/><W118/><G118/><T2/><D2/><U80/><E124/><V17/><F17/><W95/><G32/><T92/><D34/><U100/><E134/><N who="2" m="51819" /><F93/><N who="3" m="56359" /><G69/><T84/><D43/><U67/><E41/><V129/><F76/><W73/><G73/><T119/><D119/><U66/><E70/><V105/><F105/><W4/><G135/><T20/><D68/><U6/><E36/><N who="2" m="21831" /><F129/><W125/><G125/><T54/><D130/><U8/><E67/><V131/><F131/><W57/><G24/><T45/><D27/><U81/><E66/><V55/><F55/><W104/><G104/><T29/><D54/><U35/><E35/><V0/><F0/><W25/><G25/><T77/><D64/><U99/><E40/><V60/><F60/><N who="3" m="38031" /><G4/><T5/><D5/><U7/><E6/><V50/><F50/><W115/><G115/><T98/><D49/><U83/><E44/><V58/><F58/><W82/><G82/><T11/><D45/><U28/><E81/><V120/><F120/><W71/><G71/><T87/><D128/><U78/><E80/><V112/><F112/><W12/><G12/><T79/><D48/><U23/><E83/><V53/><F53/><W47/><G47/><T123/><D123/><U15/><E13/><RYUUKYOKU ba="0,0" sc="358,-15,160,-15,366,15,116,15" hai2="14,19,85,86,108,109,111" hai3="9,10,90,95" /><INIT seed="3,1,0,1,2,32" ten="343,145,381,131" oya="3" hai0="107,46,26,67,131,119,56,31,99,130,82,90,60" hai1="15,135,75,6,5,18,123,1,93,89,20,125,114" hai2="4,10,83,73,40,81,95,92,112,36,2,87,34" hai3="84,70,91,14,50,42,38,25,117,101,72,108,19"/><W30/><G117/><T76/><D119/><U29/><E123/><V71/><F71/><W24/><G38/><T109/><D109/><U122/><E122/><V68/><F68/><W86/><G72/><T58/><D46/><U120/><E120/><V80/><F112/><W33/><G70/><T53/><D90/><U121/><E121/><V127/><F34/><W39/><G39/><T21/><D99/><U22/><E114/><V61/><F127/><W11/><G108/><T43/><D43/><U28/><E75/><V103/><F61/><W85/><G101/><T96/><D96/><U115/><E115/><V13/><F103/><W102/><G102/><T69/><D107/><U113/><E113/><V45/><F73/><W9/><G25/><T55/><D69/><U16/><E125/><V97/><F97/><W66/><G66/><T63/><REACH who="0" step="1"/><D67/><REACH who="0" ten="333,145,381,131" step="2"/><U47/><E47/><V74/><F74/><AGARI ba="1,1" hai="21,26,31,53,55,56,58,60,63,74,76,82,130,131" machi="74" ten="40,5200,0" yaku="1,1,2,1,9,1,53,0" doraHai="32" doraHaiUra="100" who="0" fromWho="2" sc="333,65,145,0,381,-55,131,0" owari="398,49.8,145,-25.5,326,12.6,131,-36.9" /></mjloggm>