<mjloggm ver="2.3"><GO type="225" lobby="0"/><UN n0="%E7%BD%AA%E5%88%91%E6%B3%95%E5%AE%9A%E4%B8%BB%E7%BE%A9" n1="%6C%61%6D%62" n2="%E3%81%8F%E3%82%8A%E3%83%94%E3%83%BC" n3="%6D%75%75%6D%75%72%61" dan="16,16,16,16" rate="2154.91,2145.40,2112.53,2079.87" sx="M,M,M,F"/><TAIKYOKU oya="0"/><INIT seed="0,0,0,2,2,13" ten="250,250,250,250" oya="0" hai0="98,67,8,118,62,43,91,54,45,81,101,86,119" hai1="112,59,89,73,71,122,135,115,80,23,35,125,100" hai2="77,32,60,120,15,21,121,46,74,72,50,113,44" hai3="133,37,109,22,3,9,124,108,5,36,88,57,61"/><T85/><D54/><U127/><E71/><V76/><F32/><W2/><G124/><N who="1" m="47690" /><E35/><V39/><F113/><N who="1" m="43593" /><E122/><V103/><F103/><W82/><G133/><T55/><D86/><N who="1" m="50375" /><E73/><V0/><F74/><W106/><G3/><T42/><D55/><U30/><E100/><V87/><F72/><W47/><G2/><T28/><D28/><U104/><E104/><V114/><F0/><W128/><G106/><T41/><D45/><U129/><E129/><V97/><F44/><W56/><G128/><T99/><D99/><U110/><E110/><V17/><F97/><W12/><G47/><T34/><D34/><U25/><E59/><V92/><F114/><W131/><G57/><T64/><D119/><U10/><E10/><V63/><F120/><W93/><G131/><T69/><D118/><U33/><E33/><V24/><F121/><W111/><G22/><T49/><D8/><U26/><E26/><V75/><F24/><W117/><G117/><T51/><REACH who="0" step="1"/><D67/><REACH who="0" ten="240,250,250,250" step="2"/><U58/><E135/><V68/><F46/><W52/><G82/><T27/><D27/><U70/><E25/><V53/><F53/><W102/><G102/><T11/><D11/><U40/><E30/><V6/><F21/><W38/><G36/><T4/><D4/><U130/><E23/><V132/><F6/><W78/><G78/><T16/><D16/><U79/><E130/><V123/><F77/><W94/><G94/><AGARI ba="0,1" hai="41,42,43,49,51,62,64,69,81,85,91,94,98,101" machi="94" ten="40,3900,0" yaku="1,1,53,1" doraHai="13" doraHaiUra="65" who="0" fromWho="3" sc="240,49,250,0,250,0,250,-39" /><INIT seed="0,1,0,5,4,76" ten="289,250,250,211" oya="0" hai0="19,20,134,43,72,68,14,45,125,4,110,107,92" hai1="95,22,57,17,64,114,133,16,128,61,12,70,53" hai2="122,26,48,39,42,29,84,73,103,108,118,8,35" hai3="25,1,32,83,2,63,38,102,91,3,90,101,100"/><T71/><D107/><U131/><E133/><V126/><F122/><W6/><G38/><T81/><D134/><U34/><E34/><V78/><F108/><W10/><G63/><T52/><D125/><U0/><E0/><V49/><F126/><W5/><G5/><T79/><D110/><U66/><E114/><V41/><F73/><W75/><G32/><T54/><D4/><U47/><E47/><V116/><F103/><W51/><G91/><T85/><D72/><U69/><E95/><V121/><F8/><W115/><G115/><T82/><D92/><U88/><E88/><V58/><F121/><W132/><G132/><T89/><D82/><U59/><E59/><V56/><F39/><W113/><G113/><T109/><D79/><U44/><E44/><N who="2" m="25615" /><F49/><W40/><G25/><T50/><REACH who="0" step="1"/><D109/><REACH who="0" ten="279,250,250,211" step="2"/><U18/><E131/><V65/><F78/><W24/><G75/><T9/><D9/><U124/><E128/><V94/><F94/><W93/><G83/><T36/><D36/><U23/><E124/><V86/><F118/><W96/><G10/><T60/><D60/><U127/><E127/><V74/><F116/><W104/><G6/><T46/><D46/><U62/><E69/><AGARI ba="1,1" hai="14,19,20,43,45,50,52,54,68,69,71,81,85,89" machi="69" ten="40,7700,0" yaku="1,1,52,1,54,1,53,0" doraHai="76" doraHaiUra="123" who="0" fromWho="1" sc="279,90,250,-80,250,0,211,0" /><INIT seed="0,2,0,3,0,78" ten="369,170,250,211" oya="0" hai0="81,84,107,72,83,58,101,41,93,26,47,114,27" hai1="135,65,60,92,124,117,46,33,126,22,14,82,64" hai2="61,7,23,40,76,108,80,9,128,18,28,51,1" hai3="103,62,120,87,99,57,89,17,67,105,98,2,66"/><T121/><D114/><U52/><E33/><V130/><F108/><W8/><G120/><T21/><D121/><U6/><E117/><V53/><F28/><W94/><G67/><T59/><D107/><U109/><E109/><V12/><F61/><W44/><G44/><T112/><D112/><U70/><E92/><V30/><F30/><W45/><G45/><T91/><D101/><U106/><E106/><V71/><F40/><W24/><G2/><T35/><D35/><U115/><E115/><V100/><F71/><W102/><G8/><T75/><D75/><U43/><E64/><V110/><F100/><W11/><G11/><T56/><D72/><U38/><E135/><V74/><REACH who="2" step="1"/><F110/><REACH who="2" ten="369,170,240,211" step="2"/><W127/><G127/><T42/><D42/><U54/><E124/><V19/><F19/><W119/><G119/><T97/><D27/><U85/><E126/><V55/><F55/><W39/><G39/><T25/><D26/><U48/><E6/><V32/><F32/><W3/><G17/><N who="0" m="12463" /><D97/><U113/><E113/><V88/><F88/><W77/><G24/><T37/><D37/><U34/><E34/><V86/><F86/><N who="3" m="52535" /><G105/><T73/><D73/><U122/><E122/><V132/><F132/><W29/><G29/><T50/><AGARI ba="2,1" hai="41,47,50,56,58,59,81,83,84,91,93" m="12463" machi="50" ten="30,6000,0" yaku="8,1,52,2" doraHai="78" who="0" fromWho="0" sc="369,76,170,-22,240,-22,211,-22" /><INIT seed="0,3,0,4,3,8" ten="445,148,218,189" oya="0" hai0="119,93,49,45,19,63,129,2,90,9,57,41,62" hai1="58,106,61,21,12,76,111,75,66,7,120,40,20" hai2="71,11,5,103,16,110,43,28,60,24,48,85,98" hai3="125,68,107,25,17,64,54,86,135,104,69,116,109"/><T47/><D119/><U130/><E120/><V87/><F110/><W3/><G116/><T14/><D129/><U26/><E106/><V56/><F71/><W38/><G3/><T78/><D2/><U105/><E105/><V31/><F31/><W100/><G38/><T35/><D35/><U0/><E0/><V122/><F122/><W92/><G109/><T121/><D121/><U30/><E111/><V126/><F126/><W94/><G135/><T23/><D78/><U51/><E130/><V112/><F112/><W29/><G125/><T59/><D47/><U73/><E76/><V102/><F102/><W74/><G74/><T132/><D132/><U114/><E114/><V53/><F5/><W123/><G123/><T99/><D9/><U13/><E7/><V134/><F134/><W44/><G17/><T79/><D79/><U72/><REACH who="1" step="1"/><E21/><REACH who="1" ten="445,138,218,189" step="2"/><V37/><F37/><W101/><G107/><T96/><D99/><U115/><E115/><V1/><F98/><W117/><G117/><T95/><D93/><U42/><E42/><V108/><F43/><W27/><G94/><T15/><D23/><U33/><E33/><V133/><F133/><W67/><G104/><T77/><D77/><U113/><E113/><V131/><F108/><W36/><G92/><T128/><D128/><U55/><E55/><V52/><F52/><W81/><G36/><T127/><D127/><U4/><E4/><V80/><F53/><W10/><G54/><T46/><D41/><U124/><E124/><V83/><F131/><W88/><G67/><N who="0" m="39375" /><D95/><U50/><E50/><V97/><F48/><RYUUKYOKU ba="3,1" sc="445,-10,138,30,218,-10,189,-10" hai1="12,13,20,26,30,40,51,58,61,66,72,73,75" /><INIT seed="1,4,1,3,1,2" ten="435,168,208,179" oya="1" hai0="60,76,114,105,42,12,75,87,48,100,78,73,33" hai1="6,7,20,67,5,69,8,57,121,1,95,62,128" hai2="124,71,116,126,131,85,132,65,123,81,118,50,58" hai3="99,17,125,103,88,10,37,108,16,84,14,70,19"/><U30/><E121/><V113/><F123/><W91/><G70/><T43/><D33/><U112/><E112/><V104/><F113/><W22/><G37/><T64/><D114/><U54/><E128/><V9/><F131/><W120/><G120/><T35/><D35/><U130/><E130/><V4/><F71/><W82/><G108/><T89/><D105/><U24/><E95/><V55/><F65/><W44/><G125/><N who="2" m="48233" /><F132/><W93/><G44/><T61/><D100/><U56/><E69/><V31/><F31/><W90/><G19/><T72/><D12/><AGARI ba="4,1" hai="10,12,14,16,17,22,82,84,88,90,91,93,99,103" machi="12" ten="30,7700,0" yaku="7,1,8,1,54,2" doraHai="2" who="3" fromWho="0" sc="435,-89,168,0,208,0,179,99" /><INIT seed="2,0,0,0,3,10" ten="346,168,208,278" oya="2" hai0="35,134,88,56,12,37,48,59,85,91,74,40,72" hai1="133,103,28,110,117,70,95,63,11,8,45,15,78" hai2="100,5,44,52,107,1,125,49,132,57,16,29,81" hai3="38,109,122,123,119,99,27,90,46,4,82,76,24"/><V42/><F125/><W34/><G119/><T128/><D35/><U105/><E117/><V84/><F132/><W61/><G109/><T69/><D69/><U26/><E110/><V36/><F29/><W32/><G4/><T93/><D134/><U7/><E133/><V79/><F5/><W3/><G3/><T115/><D115/><U22/><E105/><V13/><F1/><W50/><G38/><T113/><D113/><U55/><E78/><V130/><F130/><W51/><G61/><T66/><D128/><U54/><E45/><V86/><F107/><W23/><G99/><T6/><D37/><U75/><E75/><V87/><F100/><W39/><G39/><T47/><D91/><U96/><REACH who="1" step="1"/><E11/><AGARI ba="0,0" hai="11,13,16,36,42,44,49,52,57,79,81,84,86,87" machi="11" ten="30,11600,0" yaku="7,1,52,1,54,2" doraHai="10" who="2" fromWho="1" sc="346,0,168,-116,208,116,278,0" /><INIT seed="2,1,0,4,5,8" ten="346,52,324,278" oya="2" hai0="23,122,66,5,127,117,106,62,135,50,125,131,56" hai1="1,123,63,21,55,14,101,48,60,30,111,68,108" hai2="102,18,4,45,15,81,54,71,19,132,95,33,83" hai3="88,40,10,126,17,93,75,35,65,96,98,113,110"/><V104/><F104/><W42/><G75/><T87/><D122/><U105/><E1/><V34/><F71/><W0/><G35/><T109/><D106/><U116/><E116/><V25/><F132/><W79/><G110/><T28/><D109/><U89/><E89/><V77/><F34/><W47/><G126/><N who="0" m="48139" /><D117/><U41/><E101/><V6/><F33/><W92/><G113/><T3/><D131/><U51/><E21/><N who="2" m="13495" /><F95/><W31/><G0/><T120/><D120/><U61/><E30/><V103/><F54/><W133/><G133/><T84/><D135/><U49/><E14/><V76/><F45/><W134/><G134/><T9/><D50/><U44/><E105/><V58/><F58/><W52/><G31/><T86/><D28/><U11/><E11/><N who="2" m="6655" /><F103/><N who="3" m="60807" /><G65/><T39/><D23/><U114/><E114/><V115/><F102/><W124/><G124/><T121/><D121/><U80/><E80/><N who="2" m="30795" /><F115/><W94/><G94/><T32/><D32/><U57/><E123/><V26/><F26/><W43/><G17/><T112/><D112/><U74/><E74/><V22/><F22/><W53/><G10/><T67/><D39/><N who="1" m="21567" /><E111/><V99/><F99/><W20/><G20/><T97/><D97/><U38/><E108/><V7/><AGARI ba="1,0" hai="4,6,7,76,77" m="30795,6655,13495" machi="7" ten="30,3000,0" yaku="8,1,52,1" doraHai="8" who="2" fromWho="2" sc="346,-11,52,-11,324,33,278,-11" /><INIT seed="2,2,0,0,4,113" ten="335,41,357,267" oya="2" hai0="114,95,99,13,124,10,125,29,134,42,80,8,71" hai1="47,77,2,78,41,120,70,31,27,28,106,58,12" hai2="21,0,64,87,66,83,16,55,50,132,49,69,15" hai3="110,7,130,54,126,84,86,75,105,97,117,90,91"/><V22/><F0/><W3/><G75/><T104/><D114/><U14/><E70/><V32/><F32/><W37/><G37/><T65/><D104/><U17/><E106/><V118/><F118/><W48/><G110/><T18/><D42/><U45/><E120/><V74/><F74/><W6/><G126/><N who="0" m="48747" /><D29/><U96/><E2/><V128/><F128/><W11/><G130/><T36/><D36/><U24/><E58/><V72/><F132/><W100/><G7/><T60/><D134/><U103/><E96/><V40/><F72/><W133/><G133/><T73/><D73/><U109/><E109/><V116/><F116/><W63/><G63/><T34/><D34/><U85/><E85/><V25/><F69/><W68/><G68/><T93/><D80/><U51/><E51/><V23/><F40/><W52/><G117/><T62/><D62/><U129/><E129/><V1/><F1/><W98/><G98/><T89/><D95/><U94/><E94/><V38/><F38/><W57/><G54/><T127/><N who="0" m="48755" /><T20/><AGARI ba="2,0" hai="8,10,13,18,20,60,65,71,89,93,99" m="48755" machi="20" ten="40,2700,0" yaku="4,1,18,1" doraHai="113" who="0" fromWho="0" sc="335,33,41,-9,357,-15,267,-9" /><INIT seed="3,0,0,1,0,80" ten="368,32,342,258" oya="3" hai0="112,95,132,68,102,115,44,124,31,5,1,64,129" hai1="83,45,72,125,88,89,11,134,103,46,110,62,15" hai2="58,97,118,39,38,52,109,40,67,108,94,19,59" hai3="20,101,56,12,26,127,35,6,51,78,34,116,75"/><W86/><G116/><T96/><D124/><U87/><E110/><N who="2" m="42603" /><F118/><W24/><G127/><T25/><D129/><U53/><E125/><V84/><F19/><N who="3" m="10343" /><G75/><T123/><D123/><U42/><E134/><V85/><F59/><W57/><G35/><T13/><D1/><U121/><E72/><V82/><F67/><W17/><G34/><N who="0" m="20847" /><D44/><U92/><E121/><V0/><F0/><W119/><G119/><T79/><D79/><U81/><E103/><N who="2" m="60855" /><F40/><W22/><G101/><T28/><D28/><U63/><E81/><V105/><F105/><W21/><G6/><T61/><D132/><U120/><E120/><V114/><F114/><N who="0" m="43562" /><D13/><U69/><E69/><V77/><F85/><W54/><G78/><T3/><D3/><U66/><E66/><V4/><F4/><AGARI ba="0,0" hai="4,5,61,64,68,95,96,102" m="43562,20847" machi="4" ten="30,1000,0" yaku="11,1" doraHai="80" who="0" fromWho="2" sc="368,10,32,0,342,-10,258,0" owari="378,47.8,32,-46.8,332,13.2,258,-14.2" /></mjloggm>