<mjloggm ver="2.3"><GO type="225" lobby="0"/><UN n0="%E7%AB%8B%E7%9B%B4%E5%A5%BD%E6%A3%92%40%E5%BF%98" n1="%E6%B8%A1%E5%A4%A9%E8%97%8D" n2="%6D%61%74%69%67%75%73%61" n3="%6C%61%6D%62" dan="17,16,17,16" rate="2132.00,2117.03,2163.54,2219.00" sx="M,M,M,M"/><TAIKYOKU oya="0"/><INIT seed="0,0,0,0,1,16" ten="250,250,250,250" oya="0" hai0="91,71,69,126,22,103,135,44,107,76,40,64,51" hai1="82,67,59,90,120,86,117,60,95,79,97,7,46" hai2="31,68,30,8,49,75,66,43,93,23,26,19,112" hai3="130,84,100,83,111,15,87,48,88,25,41,17,45"/><T33/><D33/><U42/><E117/><V99/><F75/><W54/><G111/><T5/><D126/><U116/><E116/><V52/><F112/><W92/><G130/><T114/><D114/><U129/><E129/><V65/><F43/><W10/><G25/><T85/><D135/><U73/><E120/><V123/><F123/><W13/><G13/><T50/><D76/><U124/><E124/><V57/><F68/><W14/><G14/><T122/><D122/><U12/><E12/><N who="2" m="7559" /><F30/><W131/><G131/><T104/><D22/><U133/><E133/><V134/><F134/><W62/><G62/><T101/><D5/><U63/><E63/><V2/><F2/><W3/><G3/><T72/><D72/><U127/><E127/><V110/><F110/><W34/><G34/><T28/><D28/><U78/><E7/><V47/><F57/><W106/><G106/><T55/><D107/><U9/><E9/><V11/><F11/><W105/><G105/><T35/><D35/><U21/><E21/><V115/><F115/><W37/><G100/><AGARI ba="0,0" hai="23,26,31,47,49,52,65,66,93,99,100" m="7559" machi="100" ten="30,3900,0" yaku="8,1,52,1,54,1" doraHai="16" who="2" fromWho="3" sc="250,0,250,0,250,39,250,-39" /><INIT seed="1,0,0,3,3,102" ten="250,250,289,211" oya="1" hai0="126,115,72,31,13,81,32,70,64,39,34,130,131" hai1="10,100,103,76,15,78,99,68,8,112,53,127,89" hai2="43,0,108,95,122,132,41,30,134,133,120,110,23" hai3="114,123,105,74,51,19,36,49,67,46,54,125,57"/><U3/><E112/><V58/><F95/><W4/><G74/><T111/><D13/><U135/><E68/><V12/><F58/><W129/><G123/><N who="2" m="47145" /><F41/><W14/><G114/><T113/><D111/><N who="2" m="42538" /><F43/><W85/><G4/><T22/><D22/><U109/><E109/><V42/><F42/><W6/><G6/><T128/><D39/><U92/><E127/><V77/><F77/><N who="1" m="29801" /><E135/><V121/><N who="2" m="47153" /><V37/><DORA hai="26" /><F37/><W44/><G125/><T24/><D32/><U94/><E3/><V65/><F65/><W84/><G105/><T104/><D126/><U60/><E8/><V82/><F82/><W73/><G129/><T98/><D81/><U56/><E94/><V91/><F91/><W17/><G17/><AGARI ba="0,0" hai="10,15,17,53,56,60,89,92,99,100,103" m="29801" machi="17" ten="30,1500,0" yaku="8,1" doraHai="102,26" who="1" fromWho="3" sc="250,0,250,15,289,0,211,-15" /><INIT seed="1,1,0,3,1,63" ten="250,265,289,196" oya="1" hai0="105,117,114,68,6,85,41,106,16,66,67,116,78" hai1="93,103,29,43,133,22,65,126,107,48,99,91,129" hai2="58,92,8,94,131,17,0,69,37,21,1,89,124" hai3="84,27,122,64,80,25,87,49,70,72,30,53,14"/><U39/><E126/><V111/><F69/><W88/><G122/><T115/><D68/><U77/><E129/><V123/><F37/><W61/><G72/><T90/><D6/><U57/><E133/><V32/><F32/><W33/><G25/><T60/><D60/><N who="1" m="38031" /><E39/><V24/><F123/><W71/><G71/><T51/><D78/><U86/><E107/><V9/><F111/><W52/><G49/><T96/><D51/><U20/><E77/><V82/><F124/><W101/><G101/><T125/><D125/><U130/><E130/><V31/><F82/><W118/><G118/><T5/><D5/><U75/><E75/><V119/><F94/><W44/><G44/><T35/><D35/><U40/><E48/><V4/><F58/><W102/><G102/><T109/><D109/><U18/><E86/><V3/><F119/><W121/><G121/><T135/><D85/><U134/><E91/><V42/><F131/><W97/><G97/><T23/><D90/><U2/><E2/><V81/><F89/><W79/><G14/><T47/><D96/><U59/><E59/><V26/><F0/><W7/><G7/><T110/><D110/><U113/><E113/><N who="0" m="43017" /><D116/><U76/><E76/><V54/><F4/><W34/><G34/><T46/><D117/><U100/><E100/><V38/><F1/><W28/><G28/><T13/><D135/><U108/><E134/><V50/><F3/><W45/><G45/><N who="0" m="16907" /><D41/><U11/><E108/><V128/><F128/><W120/><G120/><T73/><D73/><U10/><E29/><V36/><F36/><W74/><G74/><RYUUKYOKU ba="1,0" sc="250,15,265,-15,289,-15,196,15" hai0="13,16,23,66,67,105,106" hai3="27,30,33,52,53,61,64,70,79,80,84,87,88" /><INIT seed="2,2,0,0,3,29" ten="265,250,274,211" oya="2" hai0="22,117,47,8,45,26,122,131,113,31,125,128,135" hai1="62,99,80,71,66,20,86,119,111,28,34,98,61" hai2="63,106,32,97,85,13,73,48,102,51,74,82,59" hai3="0,35,6,53,109,10,60,92,83,90,21,12,110"/><V50/><F13/><W93/><G83/><T9/><D122/><U33/><E119/><V76/><REACH who="2" step="1"/><F32/><REACH who="2" ten="265,250,264,211" step="2"/><W118/><G35/><T121/><D121/><U116/><E116/><V68/><F68/><W69/><G118/><T104/><D117/><U75/><E34/><V23/><F23/><W70/><G70/><T133/><D113/><U134/><E20/><V11/><F11/><W130/><G21/><T49/><D8/><U67/><E33/><V101/><F101/><W126/><G69/><T105/><D9/><U107/><E71/><V46/><F46/><W89/><G12/><T120/><D120/><U72/><E134/><N who="0" m="51209" /><D47/><U15/><E15/><V108/><F108/><W39/><G109/><T95/><D125/><U112/><E111/><V5/><F5/><W94/><G110/><T100/><D131/><U43/><E112/><V3/><F3/><W25/><G130/><T96/><D128/><U40/><E28/><V87/><F87/><W24/><G126/><T77/><D77/><U103/><E86/><V124/><F124/><W27/><G10/><T123/><D123/><U55/><E103/><V84/><F84/><W132/><G132/><T52/><AGARI ba="2,1" hai="22,26,31,45,49,52,95,96,100,104,105" m="51209" machi="52" ten="30,2000,0" yaku="20,1,54,1" doraHai="29" who="0" fromWho="0" sc="265,36,250,-7,264,-12,211,-7" /><INIT seed="3,0,0,4,5,38" ten="301,243,252,204" oya="3" hai0="131,11,101,29,64,114,15,102,49,86,126,68,99" hai1="60,46,129,65,70,2,26,54,125,97,7,27,57" hai2="80,53,90,62,100,115,28,31,59,79,122,74,134" hai3="87,40,130,18,45,77,112,105,20,124,37,33,121"/><W4/><G112/><T127/><D114/><U98/><E125/><N who="0" m="47625" /><D131/><U85/><E129/><V0/><F115/><W117/><G124/><T120/><D120/><U113/><E113/><V132/><F0/><W34/><G130/><T13/><D29/><U30/><E26/><V133/><F100/><N who="0" m="38506" /><D99/><U91/><E7/><V71/><F122/><W42/><G105/><T111/><D111/><U23/><E2/><V123/><F123/><W24/><G121/><T110/><D110/><U116/><E116/><V8/><F71/><W63/><G117/><T14/><D49/><N who="1" m="28983" /><E70/><V82/><F8/><W44/><G4/><N who="0" m="3303" /><D86/><AGARI ba="0,0" hai="28,31,53,59,62,74,79,80,82,86,90,132,133,134" machi="86" ten="40,1300,0" yaku="20,1" doraHai="38" who="2" fromWho="0" sc="301,-13,243,0,252,13,204,0" /><INIT seed="4,0,0,5,1,97" ten="288,243,265,204" oya="0" hai0="92,41,22,123,85,32,103,31,40,108,71,101,112" hai1="48,120,37,63,34,56,29,107,95,115,47,64,23" hai2="83,52,68,130,78,0,94,66,76,111,67,4,59" hai3="53,51,13,26,10,81,122,33,106,43,50,118,60"/><T9/><D123/><U82/><E107/><V44/><F111/><W104/><G118/><T8/><D32/><U80/><E120/><V65/><F130/><W126/><G122/><T96/><D71/><U42/><E34/><V61/><F0/><W132/><G132/><T119/><D119/><U84/><E115/><V73/><F4/><W58/><G126/><T102/><D108/><U27/><E95/><V100/><F44/><W127/><G127/><T109/><D109/><U121/><E121/><V125/><F76/><W87/><G33/><T7/><D112/><U15/><E15/><V5/><F5/><W91/><G26/><N who="0" m="16855" /><D85/><U16/><E29/><V75/><F73/><W30/><G30/><T2/><D2/><U74/><E74/><V38/><F38/><W99/><G43/><N who="0" m="16459" /><D7/><U19/><E19/><V88/><F125/><W131/><G131/><T90/><AGARI ba="0,0" hai="8,9,90,92,96,101,102,103" m="16459,16855" machi="90" ten="30,11700,0" yaku="8,1,52,3" doraHai="97" who="0" fromWho="0" sc="288,117,243,-39,265,-39,204,-39" owari="405,50.5,204,-19.6,226,2.6,165,-33.5" /></mjloggm>