<mjloggm ver="2.3"><GO type="225" lobby="0"/><UN n0="%E2%91%A3%E9%81%BF%E9%81%8A%E6%88%AF%E3%80%90%E6%9D%B1%E5%8D%97%E3%80%91" n1="%E5%AE%AE%E4%BF%9D%E9%B6%8F%E8%82%89" n2="%E3%82%82%E3%81%90%E3%82%89" n3="%E3%81%9D%E3%81%86%E3%81%9F%E3%81%A3%E3%81%9F" dan="16,16,17,17" rate="2127.61,2107.09,2142.18,2187.22" sx="M,M,M,M"/><TAIKYOKU oya="0"/><INIT seed="0,0,0,1,2,47" ten="250,250,250,250" oya="0" hai0="113,114,35,63,28,127,130,70,101,119,60,32,43" hai1="69,7,54,30,111,5,46,39,48,24,83,26,16" hai2="44,117,18,73,9,77,51,109,67,14,125,99,126" hai3="37,115,88,20,92,61,134,86,72,85,75,10,106"/><T122/><D122/><U6/><E69/><V25/><F109/><W96/><G37/><T104/><D119/><U23/><E111/><V76/><F117/><W118/><G118/><T56/><D130/><U87/><E39/><V124/><F73/><N who="3" m="28235" /><G20/><T110/><D127/><U71/><E71/><V0/><F0/><W33/><G10/><T91/><D110/><U62/><E62/><V27/><F67/><W4/><G61/><T100/><D70/><U90/><REACH who="1" step="1"/><E5/><REACH who="1" ten="250,240,250,250" step="2"/><V116/><F116/><W107/><G4/><T84/><D63/><U49/><E49/><V93/><F77/><W80/><G115/><T65/><D114/><U38/><E38/><V74/><F76/><N who="3" m="46215" /><G33/><AGARI ba="0,1" hai="6,7,16,23,24,26,30,33,46,48,54,83,87,90" machi="33" ten="30,7700,0" yaku="1,1,7,1,52,1,54,1,53,0" doraHai="47" doraHaiUra="131" who="1" fromWho="3" sc="250,0,240,87,250,0,250,-77" /><INIT seed="1,0,0,1,2,113" ten="250,327,250,173" oya="1" hai0="50,6,51,117,121,78,37,39,15,134,71,125,32" hai1="120,20,115,81,26,85,70,72,91,108,123,97,114" hai2="43,79,53,118,8,49,2,129,107,132,82,48,111" hai3="62,106,101,65,44,127,29,80,21,110,28,96,112"/><U109/><E70/><V99/><F111/><N who="1" m="42569" /><E26/><V95/><F129/><W116/><G110/><T69/><D32/><U83/><E20/><V75/><F132/><W46/><G112/><N who="1" m="43050" /><E97/><V68/><F68/><W122/><G122/><N who="1" m="46634" /><E72/><V25/><F25/><W4/><G21/><T54/><D121/><U16/><E16/><V119/><F75/><W87/><G96/><T40/><D71/><U24/><E24/><V41/><F99/><W104/><G29/><T34/><D69/><U18/><E18/><V36/><F107/><W10/><G28/><T76/><D34/><U130/><E130/><V7/><F95/><AGARI ba="0,0" hai="81,83,85,91,95" m="46634,43050,42569" machi="95" ten="40,12000,1" yaku="14,1,10,1,34,2" doraHai="113" who="1" fromWho="2" sc="250,0,327,120,250,-120,173,0" /><INIT seed="1,1,0,2,0,49" ten="250,447,130,173" oya="1" hai0="21,89,63,129,57,96,86,113,20,83,41,52,124" hai1="50,26,12,43,6,126,15,7,118,48,56,135,123" hai2="132,80,36,40,70,31,93,55,17,116,82,44,9" hai3="85,34,128,76,110,105,88,125,8,69,81,112,107"/><U73/><E118/><V98/><F116/><W97/><G69/><T84/><D113/><U111/><E123/><V38/><F132/><W45/><G34/><T122/><D122/><U119/><E73/><V87/><F70/><W2/><G2/><T27/><D129/><U39/><E119/><V61/><F31/><W133/><G45/><T46/><D124/><U29/><E39/><V54/><F36/><W92/><G8/><T78/><D96/><U109/><E126/><V102/><F61/><W101/><G125/><T60/><D63/><U23/><E135/><V65/><F65/><W22/><G22/><T108/><D108/><N who="1" m="41547" /><E50/><V47/><F47/><W115/><G110/><T75/><D75/><U0/><E43/><V13/><REACH who="2" step="1"/><F82/><REACH who="2" ten="250,447,120,173" step="2"/><N who="3" m="49207" /><G133/><T104/><D46/><U121/><E121/><V91/><AGARI ba="1,1" hai="9,13,17,38,40,44,54,55,80,87,91,93,98,102" machi="91" ten="20,8000,1" yaku="1,1,0,1,7,1,52,2,53,0" doraHai="49" doraHaiUra="35" who="2" fromWho="2" sc="250,-21,447,-41,120,93,173,-21" /><INIT seed="2,0,0,2,2,49" ten="229,406,213,152" oya="2" hai0="7,18,101,74,40,132,103,26,19,16,105,120,109" hai1="63,86,81,122,133,54,32,128,118,131,97,106,112" hai2="44,14,91,87,29,13,46,30,55,125,69,135,11" hai3="126,104,89,35,95,78,10,108,39,67,111,79,100"/><V99/><F125/><W9/><G39/><T61/><D120/><U80/><E112/><V21/><F135/><W75/><G35/><T64/><D132/><U20/><E32/><V33/><F33/><W129/><G67/><T52/><D74/><U45/><E133/><V98/><F69/><W15/><G9/><T47/><D7/><U93/><E106/><V117/><F117/><W12/><G12/><T107/><D26/><U51/><E118/><V76/><F76/><N who="3" m="29227" /><G15/><T1/><D1/><U84/><E122/><V94/><F46/><W66/><G66/><T60/><D64/><U124/><E124/><V43/><F14/><W22/><G22/><T130/><D40/><U92/><E63/><V90/><F21/><W25/><G10/><T42/><D42/><U59/><E45/><V115/><F115/><W68/><G68/><T116/><D116/><U127/><E127/><V37/><F55/><W71/><G25/><T38/><D38/><U134/><E20/><V34/><F34/><W5/><G5/><T23/><D23/><U24/><E24/><V102/><F13/><W8/><G75/><T110/><D19/><U73/><E73/><V96/><F11/><W2/><G126/><T88/><D47/><U48/><E54/><V121/><F29/><W57/><G57/><T41/><D41/><U58/><E134/><V50/><F30/><W0/><G71/><T3/><D3/><N who="3" m="1065" /><G8/><T123/><D52/><U65/><E65/><V17/><F37/><W56/><G56/><T72/><D72/><U83/><E83/><V4/><F43/><W6/><G6/><RYUUKYOKU ba="0,0" sc="229,-10,406,30,213,-10,152,-10" hai1="48,51,58,59,80,81,84,86,92,93,97,128,131" /><INIT seed="3,1,0,1,2,14" ten="219,436,203,142" oya="3" hai0="84,66,91,73,83,53,0,102,76,34,101,128,33" hai1="27,18,92,108,77,93,52,82,121,40,21,15,107" hai2="60,103,105,35,65,37,132,125,11,6,13,94,98" hai3="119,64,89,42,104,19,1,28,45,113,5,58,81"/><W135/><G113/><T57/><D128/><U59/><E107/><V123/><F37/><W4/><G119/><T23/><D0/><U74/><E40/><V87/><F132/><W100/><G135/><T68/><D68/><U70/><E70/><V99/><F125/><W31/><G100/><T24/><D66/><U127/><E121/><V46/><F123/><W26/><G104/><T78/><D34/><U117/><E108/><V97/><F35/><W124/><G1/><T55/><D55/><U79/><E79/><N who="0" m="30249" /><D33/><U2/><E2/><V72/><F72/><W12/><G124/><T48/><D73/><U50/><E117/><V75/><F75/><W30/><G26/><T38/><D38/><U110/><E110/><V29/><F29/><AGARI ba="1,0" hai="23,24,29,48,53,57,83,84,91,101,102" m="30249" machi="29" ten="30,1000,0" yaku="8,1" doraHai="14" who="0" fromWho="2" sc="219,13,436,0,203,-13,142,0" owari="232,3.2,436,53.6,190,-21.0,142,-35.8" /></mjloggm>