<mjloggm ver="2.3"><GO type="225" lobby="0"/><UN n0="%74%61%6B%75%61%6B%61" n1="%E6%A0%B9%E5%85%83%E3%81%8B%E3%82%89%E5%90%B9%E3%81%A3%E9%A3%9B%E3%81%B6" n2="%E3%82%BF%E3%83%BC%E3%83%90%E3%83%B3%E9%87%8E%E5%8F%A3" n3="%33%74%72%65%65" dan="16,17,16,16" rate="2096.22,2195.93,2095.88,2060.89" sx="M,F,M,F"/><TAIKYOKU oya="0"/><INIT seed="0,0,0,1,4,94" ten="250,250,250,250" oya="0" hai0="72,57,89,0,9,121,85,40,100,116,62,38,84" hai1="45,109,120,37,104,97,99,87,14,127,68,24,134" hai2="6,115,8,39,71,96,43,59,103,18,2,66,73" hai3="25,82,30,110,21,78,69,52,5,19,12,32,22"/><T44/><D121/><U108/><E120/><V90/><F115/><W101/><G110/><N who="1" m="42602" /><E104/><V61/><F73/><W35/><G69/><T48/><D116/><U64/><E134/><V132/><F132/><W92/><G5/><T58/><D72/><U129/><E127/><V56/><F90/><W49/><G101/><T86/><D100/><U135/><E129/><V77/><F77/><W47/><REACH who="3" step="1"/><G92/><REACH who="3" ten="250,250,250,240" step="2"/><T93/><D0/><U114/><E68/><V130/><F130/><W74/><AGARI ba="0,1" hai="12,19,21,22,25,30,32,35,47,49,52,74,78,82" machi="74" ten="20,12000,2" yaku="1,1,2,1,0,1,7,1,54,1,53,1" doraHai="94" doraHaiUra="15" who="3" fromWho="3" sc="250,-60,250,-30,250,-30,240,130" /><INIT seed="1,0,0,0,3,22" ten="190,220,220,370" oya="1" hai0="32,127,26,126,45,74,14,39,71,59,85,78,133" hai1="11,72,107,49,15,50,92,96,10,76,104,80,60" hai2="31,97,105,82,65,73,63,40,130,25,6,106,91" hai3="44,20,88,128,90,110,113,1,69,103,62,75,125"/><U54/><E60/><V64/><F130/><W47/><G113/><T101/><D74/><U83/><E83/><V27/><F6/><W7/><G128/><T52/><D71/><U24/><E11/><V93/><F40/><W119/><G75/><T17/><D133/><U124/><E124/><N who="0" m="47657" /><D101/><U87/><E24/><V108/><F108/><W132/><G103/><T121/><D121/><U68/><E68/><V86/><F73/><W66/><G119/><T131/><D131/><U118/><E118/><V55/><F55/><W4/><G110/><T42/><D78/><U21/><E21/><V16/><F65/><W43/><G20/><N who="0" m="11319" /><D85/><U89/><E50/><V18/><F105/><W102/><G102/><T19/><D19/><N who="2" m="7210" /><F31/><W61/><G69/><T51/><D32/><U33/><E33/><V120/><F106/><W0/><G125/><T46/><D46/><U9/><E15/><V100/><F120/><W35/><G35/><T36/><D36/><U98/><E107/><V115/><F115/><W13/><G13/><T41/><D41/><U109/><E109/><V122/><F122/><W135/><G43/><T29/><D29/><U112/><E112/><V123/><F123/><W23/><G135/><T70/><D70/><U94/><E104/><V95/><F82/><W67/><G132/><T116/><D116/><U114/><E114/><V56/><AGARI ba="0,0" hai="25,27,56,63,64,86,91,93,95,97,100" m="7210" machi="56" ten="30,7900,0" yaku="8,1,52,2,54,1" doraHai="22" who="2" fromWho="2" sc="190,-20,220,-39,220,79,370,-20" /><INIT seed="2,0,0,5,1,81" ten="170,181,299,350" oya="2" hai0="63,5,133,88,59,132,123,69,86,126,18,24,115" hai1="100,105,65,77,98,33,112,119,30,102,85,74,80" hai2="95,101,122,22,11,48,29,120,128,17,110,21,31" hai3="27,4,75,78,13,19,127,12,7,40,28,135,116"/><V42/><F128/><W23/><G116/><T37/><D123/><U84/><E112/><V93/><F110/><W131/><G131/><T44/><D115/><U92/><E119/><V94/><F101/><W16/><G40/><T57/><D126/><U56/><E33/><V97/><F97/><W38/><G38/><T9/><D37/><U104/><E30/><N who="2" m="11275" /><F120/><W117/><G117/><T91/><D44/><U87/><E65/><V58/><F122/><W99/><G99/><T36/><D36/><U72/><E56/><V134/><F134/><N who="0" m="51818" /><D69/><U73/><E102/><V52/><F42/><W26/><G78/><T47/><D47/><U71/><E71/><V53/><F53/><W39/><G75/><AGARI ba="0,0" hai="72,73,74,75,77,80,84,85,87,92,98,100,104,105" machi="75" ten="50,16000,3" yaku="35,6,52,3" doraHai="81" who="1" fromWho="3" sc="170,0,181,160,299,0,350,-160" /><INIT seed="3,0,0,1,3,75" ten="170,341,299,190" oya="3" hai0="104,93,127,76,11,6,99,18,52,71,125,3,86" hai1="109,64,88,69,79,59,105,83,10,44,23,24,29" hai2="0,94,40,132,55,67,38,54,115,4,100,66,133" hai3="1,21,20,92,33,124,120,9,19,118,32,34,56"/><W39/><G118/><T49/><D71/><U97/><E109/><V22/><F115/><W107/><G107/><T84/><D104/><U68/><E44/><V135/><F22/><W112/><G112/><T51/><D18/><U37/><E37/><V90/><F100/><W45/><G120/><T78/><D86/><U110/><E10/><V60/><F67/><W108/><G108/><T87/><D87/><U50/><E88/><V102/><F102/><W74/><G74/><T16/><D16/><U82/><E82/><V13/><F0/><W123/><G123/><T65/><D65/><U26/><E26/><V8/><F40/><W113/><G113/><T129/><D129/><U98/><E98/><V114/><F38/><W121/><G33/><T70/><D70/><U130/><E130/><V103/><F103/><W25/><G34/><T12/><D3/><U42/><E110/><V5/><F5/><W119/><G32/><T14/><D14/><U28/><E28/><V61/><F114/><W15/><G39/><T27/><D27/><U72/><E42/><V134/><N who="2" m="33792" /><DORA hai="63" /><V46/><F46/><W131/><G1/><T106/><D106/><U95/><E105/><V73/><F73/><W7/><G119/><T47/><D51/><U116/><E116/><V30/><F30/><W2/><G2/><T58/><D47/><U101/><E50/><V57/><F61/><AGARI ba="0,0" hai="23,24,29,59,61,64,68,69,72,79,83,95,97,101" machi="61" ten="40,8000,1" yaku="25,2,52,2" doraHai="75,63" who="1" fromWho="2" sc="170,0,341,80,299,-80,190,0" owari="170,-33.0,421,52.1,219,1.9,190,-21.0" /></mjloggm>