<mjloggm ver="2.3"><GO type="225" lobby="0"/><UN n0="%E3%81%8F%E3%81%BE%E3%81%96%E3%82%8F" n1="%E5%80%89%E6%A9%8B%EF%BC%A0%E4%BA%8B%E5%8B%99" n2="%72%61%6B%33" n3="%E3%83%9E%E3%82%AB%E3%83%92%E3%82%AD" dan="16,16,16,16" rate="2062.43,2093.08,2184.12,2084.26" sx="M,M,M,M"/><TAIKYOKU oya="0"/><INIT seed="0,0,0,1,0,86" ten="250,250,250,250" oya="0" hai0="83,89,110,15,69,117,123,109,64,11,9,43,51" hai1="96,104,132,125,0,55,60,56,4,41,113,62,133" hai2="77,37,52,31,36,126,1,54,129,121,35,111,103" hai3="122,130,106,127,29,81,13,6,8,57,7,10,105"/><T71/><D117/><U40/><E125/><V85/><F1/><W90/><G127/><T73/><D123/><U38/><E113/><V21/><F35/><W30/><G130/><T26/><D26/><U119/><E119/><V46/><F103/><W53/><G122/><T47/><D73/><U34/><E34/><V76/><F126/><W97/><G106/><T131/><D131/><U20/><E20/><V5/><F129/><W87/><G97/><T66/><D11/><N who="1" m="2439" /><E38/><V114/><F21/><W18/><G105/><T22/><D22/><U112/><E112/><V72/><F85/><W23/><G10/><T75/><D66/><U115/><E115/><V45/><F114/><W2/><REACH who="3" step="1"/><G6/><REACH who="3" ten="250,250,250,240" step="2"/><T124/><D124/><U59/><E96/><V16/><F5/><W58/><G58/><T61/><D71/><U50/><E104/><V25/><F121/><W49/><AGARI ba="0,1" hai="2,7,8,13,18,23,29,30,49,53,57,81,87,90" machi="49" ten="20,5200,0" yaku="1,1,0,1,7,1,52,1,53,0" doraHai="86" doraHaiUra="135" who="3" fromWho="3" sc="250,-26,250,-13,250,-13,240,62" /><INIT seed="1,0,0,2,1,31" ten="224,237,237,302" oya="1" hai0="8,86,35,75,15,18,112,61,104,95,97,4,107" hai1="106,96,21,118,125,63,55,124,119,14,74,130,120" hai2="10,47,20,131,126,109,49,45,43,33,50,71,29" hai3="77,9,41,133,13,34,46,66,91,117,129,0,37"/><U103/><E74/><V87/><F109/><W3/><G129/><T5/><D112/><U116/><E120/><V127/><F131/><W57/><G133/><T82/><D75/><U53/><E130/><V64/><F10/><W48/><G34/><T111/><D35/><U88/><E63/><N who="2" m="40351" /><F20/><W19/><G117/><T78/><D107/><U135/><E135/><V65/><F87/><W42/><G77/><T99/><D111/><U51/><E88/><V70/><F29/><W94/><G42/><T134/><D134/><U26/><E14/><V12/><F12/><W108/><G108/><T2/><D2/><U11/><E11/><V7/><F7/><W93/><G93/><T73/><D73/><U122/><E122/><V90/><F90/><W68/><G68/><T67/><D104/><U44/><REACH who="1" step="1"/><E55/><REACH who="1" ten="224,227,237,302" step="2"/><N who="2" m="30127" /><F33/><W38/><G3/><T102/><REACH who="0" step="1"/><D99/><REACH who="0" ten="214,227,237,302" step="2"/><U54/><E54/><V28/><F126/><W60/><G0/><T81/><D81/><U32/><E32/><V83/><F83/><W40/><G40/><T114/><D114/><U16/><AGARI ba="0,2" hai="16,21,26,44,51,53,96,103,106,116,118,119,124,125" machi="16" ten="40,7800,0" yaku="1,1,0,1,54,1,53,0" doraHai="31" doraHaiUra="121" who="1" fromWho="1" sc="214,-26,227,98,237,-26,302,-26" /><INIT seed="1,1,0,0,1,73" ten="188,325,211,276" oya="1" hai0="127,7,108,64,102,35,60,78,69,87,84,16,34" hai1="55,86,77,11,3,92,12,8,18,134,133,1,70" hai2="45,123,98,71,118,44,124,135,79,13,38,129,40" hai3="17,125,132,76,29,15,122,61,116,37,120,22,5"/><U25/><E70/><V27/><F118/><W32/><G37/><T85/><D108/><U23/><E55/><V39/><F123/><W54/><G125/><T0/><D127/><U21/><E92/><V126/><F13/><W130/><G130/><T42/><D42/><U110/><E110/><V131/><F27/><W97/><G132/><N who="1" m="50794" /><E86/><V6/><F135/><W20/><G97/><T28/><D102/><U96/><E96/><V90/><F98/><W117/><G32/><T63/><D63/><U94/><E94/><V88/><F6/><W33/><G33/><T91/><D91/><U95/><E95/><V82/><F40/><W26/><G5/><T59/><D69/><U75/><E75/><V107/><F71/><W58/><REACH who="3" step="1"/><G76/><REACH who="3" ten="188,325,211,266" step="2"/><T62/><D34/><U31/><E77/><V68/><F79/><W24/><G24/><T30/><D35/><U113/><E113/><V81/><REACH who="2" step="1"/><F68/><REACH who="2" ten="188,325,201,266" step="2"/><W47/><G47/><T52/><D78/><U2/><AGARI ba="1,2" hai="1,2,3,8,11,12,18,21,23,25,31" m="50794" machi="2" ten="40,7800,0" yaku="20,1,34,2" doraHai="73" who="1" fromWho="1" sc="188,-27,325,101,201,-27,266,-27" /><INIT seed="1,2,0,1,1,65" ten="161,426,174,239" oya="1" hai0="57,74,107,42,133,73,29,105,134,83,31,88,77" hai1="99,39,69,124,112,121,27,104,3,46,106,1,113" hai2="129,24,49,16,109,11,89,6,7,117,67,93,125" hai3="35,80,2,12,70,68,58,26,15,23,111,30,56"/><U100/><E121/><V60/><F109/><W110/><G2/><T98/><D42/><N who="1" m="22879" /><E124/><V122/><F129/><W51/><G80/><T90/><D57/><N who="3" m="22121" /><G51/><T82/><D98/><U50/><E50/><V87/><F117/><W9/><G35/><T127/><REACH who="0" step="1"/><D77/><REACH who="0" ten="151,426,174,239" step="2"/><U123/><E99/><V126/><F126/><AGARI ba="2,1" hai="29,31,73,74,82,83,88,90,105,107,126,127,133,134" machi="126" ten="25,8000,1" yaku="1,1,2,1,22,2,54,1,53,0" doraHai="65" doraHaiUra="40" who="0" fromWho="2" sc="151,96,426,0,174,-86,239,0" /><INIT seed="2,0,0,0,0,135" ten="247,426,88,239" oya="2" hai0="38,98,112,81,86,100,110,129,14,104,119,29,78" hai1="69,109,67,50,130,60,107,48,24,23,120,28,115" hai2="9,125,32,121,132,70,30,31,18,114,47,8,3" hai3="111,90,103,33,11,133,127,0,116,82,10,20,15"/><V43/><F114/><W19/><G116/><T51/><D112/><U65/><E115/><V41/><F121/><W45/><G111/><T106/><D38/><U85/><E107/><V12/><F70/><W87/><G133/><T55/><D110/><U97/><E109/><V7/><F132/><W83/><G33/><T22/><D129/><U44/><E130/><V124/><F43/><W101/><G127/><N who="2" m="48713" /><F32/><W42/><G0/><T118/><D106/><U128/><E128/><V123/><F123/><W17/><G82/><T71/><D71/><U40/><E69/><V91/><F91/><W2/><G2/><T66/><D66/><U108/><E67/><V1/><F3/><W58/><G58/><T56/><D14/><U62/><E65/><V93/><F93/><W126/><G126/><T134/><D134/><U76/><E120/><V68/><F68/><W75/><G75/><T37/><D37/><AGARI ba="0,0" hai="1,7,8,9,12,18,30,31,37,41,47" m="48713" machi="37" ten="30,11600,0" yaku="18,1,52,3" doraHai="135" who="2" fromWho="0" sc="247,-116,426,0,88,116,239,0" /><INIT seed="2,1,0,5,1,101" ten="131,426,204,239" oya="2" hai0="65,40,58,95,131,59,43,86,110,22,3,62,30" hai1="21,11,46,88,55,108,66,91,90,1,19,0,13" hai2="9,69,67,134,6,117,105,112,56,80,20,49,41" hai3="103,97,99,104,100,87,15,26,83,5,29,98,36"/><V42/><F112/><W18/><G36/><T121/><D121/><U132/><E108/><V48/><F117/><W119/><G119/><T75/><D75/><U32/><E32/><V34/><F34/><W16/><G5/><T93/><D110/><U116/><E116/><V35/><F35/><W71/><G71/><T64/><D3/><U50/><E132/><V85/><F105/><W111/><G111/><T17/><D30/><U4/><REACH who="1" step="1"/><E66/><REACH who="1" ten="131,416,204,239" step="2"/><V28/><F67/><W31/><G31/><T74/><D131/><U45/><E45/><V79/><F134/><W78/><G29/><T14/><D74/><U126/><E126/><V54/><F28/><W107/><G26/><AGARI ba="1,1" hai="0,1,4,11,13,19,21,26,46,50,55,88,90,91" machi="26" ten="40,2600,0" yaku="1,1,54,1,53,0" doraHai="101" doraHaiUra="89" who="1" fromWho="3" sc="131,0,416,39,204,0,239,-29" /><INIT seed="3,0,0,2,0,3" ten="131,455,204,210" oya="3" hai0="125,92,14,1,30,105,91,87,56,103,18,61,109" hai1="8,48,93,23,107,130,69,43,115,132,24,19,25" hai2="27,70,73,99,32,26,77,62,50,49,37,55,34" hai3="121,111,39,68,76,42,114,74,60,54,127,98,126"/><W5/><G114/><T10/><D109/><U96/><E107/><V16/><F37/><W75/><G121/><T110/><D110/><U116/><E69/><V100/><F73/><W124/><G111/><T40/><D125/><U131/><E115/><V106/><F77/><W9/><G98/><T67/><D30/><U123/><E123/><V41/><F41/><W135/><G135/><T118/><D118/><U88/><E132/><V2/><F2/><N who="3" m="183" /><G76/><T113/><D113/><U65/><E65/><N who="2" m="41271" /><F55/><W133/><G133/><T51/><D1/><U97/><E116/><V82/><F82/><W35/><G35/><T58/><D105/><U33/><E8/><V36/><F36/><W119/><G119/><T15/><D15/><U29/><E97/><V108/><F108/><W71/><G54/><T59/><REACH who="0" step="1"/><D103/><REACH who="0" ten="121,455,204,210" step="2"/><U101/><E101/><V85/><F27/><W84/><G127/><T4/><D4/><U81/><E81/><V95/><F16/><W64/><G126/><T0/><D0/><U86/><E96/><V63/><F26/><W80/><G124/><T17/><D17/><U13/><E13/><V66/><F32/><W78/><G71/><T52/><D52/><U83/><E93/><V89/><F34/><W79/><G68/><T6/><D6/><U57/><E57/><N who="2" m="37231" /><F106/><W47/><G64/><T129/><D129/><U112/><E112/><V102/><F100/><W45/><G42/><T128/><D128/><U38/><E38/><V120/><F120/><W20/><G39/><T22/><D22/><U28/><E19/><V94/><F102/><W117/><G20/><RYUUKYOKU ba="0,1" sc="121,10,455,10,204,10,210,-30" hai0="10,14,18,40,51,56,58,59,61,67,87,91,92" hai1="23,24,25,28,29,33,43,48,83,86,88,130,131" hai2="49,50,85,89,94,95,99" owari="131,-36.9,475,57.5,214,1.4,180,-22.0" /></mjloggm>