<mjloggm ver="2.3"><GO type="225" lobby="0"/><UN n0="%4D%50%43%32%38%30%30" n1="%E3%83%AD%E3%83%83%E3%83%86%E9%9B%80%E7%90%83" n2="%6D%75%75%6D%75%72%61" n3="%61%69%73%79%6F" dan="16,17,16,17" rate="2165.42,2186.90,2098.75,2140.74" sx="M,M,F,M"/><TAIKYOKU oya="0"/><INIT seed="0,0,0,5,2,47" ten="250,250,250,250" oya="0" hai0="96,49,131,101,65,95,5,17,67,21,42,77,68" hai1="73,61,98,39,31,100,33,110,79,56,123,2,119" hai2="46,7,94,51,81,50,88,113,117,60,69,114,62" hai3="14,86,20,15,55,54,44,29,45,66,97,127,92"/><T16/><D131/><U75/><E39/><V116/><F7/><W36/><G127/><T71/><D5/><U72/><E2/><V24/><F81/><W63/><G86/><T41/><D77/><U76/><E119/><N who="2" m="45643" /><F24/><N who="3" m="16519" /><G44/><N who="0" m="25743" /><D71/><U43/><E123/><V121/><F121/><W8/><G36/><T18/><D68/><U32/><E110/><V11/><F11/><W130/><G130/><T93/><D42/><U102/><E43/><N who="2" m="24927" /><F51/><N who="3" m="29039" /><G55/><T52/><D95/><U129/><E129/><V27/><F27/><W48/><G48/><T64/><D52/><U124/><E124/><V125/><F125/><W84/><G8/><T106/><D106/><U12/><E73/><V82/><F82/><W53/><G53/><T109/><D109/><U91/><E75/><V3/><F3/><W118/><G118/><T4/><D4/><U87/><E72/><V78/><F78/><W99/><G14/><AGARI ba="0,0" hai="14,16,17,18,21,64,65,67,93,96,101" m="25743" machi="14" ten="30,5800,0" yaku="8,1,52,1,54,1" doraHai="47" who="0" fromWho="3" sc="250,58,250,0,250,0,250,-58" /><INIT seed="0,1,0,3,0,24" ten="308,250,250,192" oya="0" hai0="11,109,123,22,106,41,82,133,29,85,102,39,12" hai1="79,36,8,17,25,53,31,15,73,45,67,64,77" hai2="90,95,134,13,92,126,23,94,28,2,135,100,9" hai3="16,114,93,38,80,47,75,131,112,5,50,35,105"/><T86/><D123/><U62/><E73/><V57/><F126/><W83/><G105/><T54/><D133/><N who="2" m="50698" /><F100/><W118/><G35/><T52/><D39/><U129/><E129/><V76/><F76/><W34/><G34/><T110/><D41/><U115/><E115/><V66/><F2/><W104/><G104/><T14/><D106/><U97/><E97/><N who="2" m="57495" /><F66/><W116/><G38/><T49/><D102/><U26/><E26/><N who="2" m="16479" /><F57/><W4/><G131/><T107/><D107/><U96/><E96/><V46/><F46/><W27/><G47/><N who="0" m="27711" /><D54/><U3/><E3/><V61/><F61/><W65/><G50/><T88/><D86/><U111/><E67/><V43/><F43/><W21/><G65/><T32/><D32/><U69/><E53/><V113/><F113/><W30/><G75/><T40/><D40/><U71/><E71/><V19/><AGARI ba="1,0" hai="9,13,19,94,95" m="16479,57495,50698" machi="19" ten="30,2000,0" yaku="20,1,52,1" doraHai="24" who="2" fromWho="2" sc="308,-11,250,-6,250,23,192,-6" /><INIT seed="1,0,0,2,3,114" ten="297,244,273,186" oya="1" hai0="95,89,44,41,87,90,17,131,11,78,50,117,2" hai1="115,82,61,105,106,35,133,57,46,13,120,33,71" hai2="94,31,72,107,81,56,15,54,110,97,124,19,116" hai3="4,45,32,10,96,7,34,102,86,99,111,84,127"/><U14/><E71/><V132/><F110/><W98/><G111/><T108/><D108/><U69/><E69/><V58/><F132/><W9/><G45/><T100/><D131/><U85/><E120/><V29/><F124/><W8/><G102/><T73/><D117/><U26/><E115/><V20/><F116/><W18/><G18/><T77/><D73/><U39/><E133/><V52/><F107/><W23/><G23/><T118/><D118/><U122/><E122/><V91/><F72/><W83/><G127/><T70/><D70/><U101/><E39/><V74/><F74/><W43/><G43/><T36/><D36/><U37/><E37/><V16/><F81/><W113/><G113/><T40/><D40/><U125/><E46/><V67/><F19/><W109/><G109/><T0/><D0/><U55/><E125/><V6/><F6/><N who="3" m="2091" /><G83/><N who="0" m="49407" /><D100/><U47/><E47/><V80/><F80/><W128/><G128/><T93/><D2/><U134/><E134/><V12/><F12/><N who="1" m="4713" /><E26/><V38/><F38/><W64/><G64/><T66/><D66/><U135/><E135/><V129/><F129/><W65/><G65/><T42/><D42/><U22/><E22/><V76/><F67/><W63/><G63/><T75/><D75/><U60/><E60/><N who="2" m="35847" /><F76/><N who="0" m="29290" /><D90/><N who="1" m="51511" /><E101/><V28/><F31/><W27/><G27/><T79/><D79/><U49/><E61/><AGARI ba="0,0" hai="15,16,20,28,29,54,58,61,91,94,97" m="35847" machi="61" ten="30,3900,0" yaku="8,1,54,2" doraHai="114" who="2" fromWho="1" sc="297,0,244,-39,273,39,186,0" /><INIT seed="2,0,0,3,0,43" ten="297,205,312,186" oya="2" hai0="75,122,91,60,27,24,40,19,11,134,104,117,45" hai1="18,71,119,107,62,5,98,70,131,118,49,88,105" hai2="8,69,37,106,31,77,7,59,86,13,67,15,51" hai3="65,89,39,129,30,6,124,53,112,46,12,130,115"/><V128/><F37/><W95/><G65/><T81/><D122/><U126/><E5/><V111/><F106/><N who="1" m="40457" /><E49/><V10/><F128/><N who="3" m="49259" /><G124/><T116/><D104/><U63/><E18/><V133/><F133/><W42/><G30/><T80/><D134/><U73/><E131/><V82/><F69/><N who="1" m="26121" /><E98/><V0/><F111/><W113/><G53/><T100/><D100/><U101/><E101/><V125/><F125/><W34/><G34/><T22/><D60/><N who="1" m="23083" /><E126/><V21/><F67/><W72/><G72/><T90/><D11/><U84/><E73/><V68/><F68/><W102/><G102/><T99/><D99/><U38/><E38/><V132/><F132/><W108/><G108/><T78/><D27/><U17/><E17/><V56/><F51/><W4/><G12/><T92/><D81/><U79/><E79/><V135/><F135/><W121/><G121/><T29/><D19/><U32/><E32/><V41/><F13/><W109/><G109/><T23/><D23/><U35/><E35/><V25/><F41/><W44/><G44/><T123/><D123/><U28/><E28/><V83/><F82/><W48/><G39/><N who="0" m="21663" /><D92/><U1/><E1/><V52/><F52/><W64/><G64/><T33/><D33/><U57/><E57/><V66/><F66/><W93/><G93/><T76/><D76/><U16/><E16/><AGARI ba="0,0" hai="0,7,8,10,15,16,21,25,31,56,59,77,83,86" machi="16" ten="30,2900,0" yaku="7,1,54,1" doraHai="43" who="2" fromWho="1" sc="297,0,205,-29,312,29,186,0" /><INIT seed="2,1,0,0,1,129" ten="297,176,341,186" oya="2" hai0="63,102,18,84,37,22,72,65,120,1,131,108,52" hai1="81,96,74,126,9,13,132,26,77,12,115,53,35" hai2="36,46,61,86,16,56,103,110,34,104,79,82,106" hai3="44,71,59,119,24,95,64,14,48,76,69,43,50"/><V80/><F34/><W38/><G76/><T49/><D120/><U58/><E115/><V88/><F110/><W127/><G95/><T98/><D72/><U101/><E126/><V45/><F36/><W6/><G6/><T41/><D131/><U15/><E132/><V125/><F125/><W93/><G93/><T78/><D1/><U7/><E26/><V87/><F103/><W29/><G14/><T83/><D108/><U90/><E90/><V99/><F99/><W2/><G2/><T27/><D37/><U10/><E35/><V121/><F121/><W40/><G24/><T97/><D41/><U51/><REACH who="1" step="1"/><E10/><REACH who="1" ten="297,166,341,186" step="2"/><V123/><F123/><W5/><G127/><T109/><D109/><U105/><AGARI ba="1,1" hai="7,9,12,13,15,51,53,58,74,77,81,96,101,105" machi="105" ten="20,5200,0" yaku="1,1,2,1,0,1,7,1,53,0" doraHai="129" doraHaiUra="118" who="1" fromWho="1" sc="297,-14,166,65,341,-27,186,-14" /><INIT seed="3,0,0,5,3,126" ten="283,231,314,172" oya="3" hai0="128,18,39,19,97,129,59,102,13,118,27,45,119" hai1="43,82,62,76,106,133,12,95,109,26,35,74,58" hai2="46,42,134,36,83,72,79,100,117,89,73,33,127" hai3="40,66,49,116,5,91,11,104,61,115,70,55,24"/><W78/><G115/><T101/><D39/><U23/><E106/><V93/><F117/><N who="0" m="44554" /><D45/><U41/><E109/><V84/><F134/><W120/><G120/><T16/><D59/><U103/><E133/><V122/><F127/><W123/><G123/><T51/><D51/><U30/><E12/><V10/><F122/><W130/><G116/><T75/><D75/><U8/><E8/><V6/><F33/><W121/><G121/><T47/><D47/><U50/><E35/><V28/><F28/><W108/><G104/><T63/><D63/><U105/><E105/><V7/><F73/><W132/><G132/><T56/><D56/><U124/><E50/><V92/><F100/><N who="0" m="38506" /><D97/><N who="1" m="59839" /><E124/><V29/><F29/><W31/><G108/><T38/><D38/><U3/><E3/><N who="2" m="351" /><F7/><W125/><G125/><T135/><D135/><U9/><E9/><V22/><F22/><W48/><G40/><T113/><D113/><U131/><E43/><V80/><AGARI ba="0,0" hai="36,42,46,72,79,80,83,84,89,92,93" m="351" machi="80" ten="30,1100,0" yaku="25,1" doraHai="126" who="2" fromWho="2" sc="283,-3,231,-3,314,11,172,-5" owari="280,8.0,228,-17.2,325,42.5,167,-33.3" /></mjloggm>