<mjloggm ver="2.3"><GO type="225" lobby="0"/><UN n0="%4D%6F%6E%61%6E%61" n1="%E6%A1%9C%E8%8A%B1%E9%96%83%E3%80%85" n2="%E3%82%A2%E3%83%A1%E3%82%A2%E3%83%A9%E3%83%AC" n3="%E3%81%A4%E3%81%A3%E3%81%B1%E3%82%8A%E3%83%9D%E3%83%BC%E3%83%AB" dan="16,16,16,17" rate="2120.38,2178.63,2186.46,2181.69" sx="F,M,M,M"/><TAIKYOKU oya="0"/><INIT seed="0,0,0,5,0,89" ten="250,250,250,250" oya="0" hai0="116,62,13,105,3,119,115,91,92,93,134,70,94" hai1="2,17,16,86,107,81,24,121,127,66,128,43,67" hai2="7,51,38,97,113,39,129,130,99,69,78,88,110" hai3="31,104,41,22,46,74,26,40,14,57,77,48,72"/><T8/><D3/><U118/><E118/><V122/><F122/><W71/><G71/><T37/><D105/><U1/><E121/><V135/><F113/><W25/><G104/><T9/><D37/><U58/><E127/><V117/><F110/><W0/><G0/><T95/><D115/><U79/><E107/><V80/><F69/><W108/><G108/><T63/><D134/><U6/><E1/><V15/><F135/><W98/><G77/><T125/><D125/><U120/><E120/><V28/><F28/><W132/><G132/><T96/><D9/><U131/><E43/><V23/><F51/><W60/><G41/><T83/><D70/><U114/><E114/><V61/><F61/><N who="0" m="23050" /><D116/><U111/><E58/><V35/><F99/><W21/><G14/><T126/><D126/><U32/><E111/><V53/><F53/><W65/><REACH who="3" step="1"/><G98/><REACH who="3" ten="250,250,250,240" step="2"/><N who="0" m="57631" /><D119/><U18/><E2/><V82/><F15/><W76/><G76/><T123/><D123/><U20/><E128/><V101/><F78/><W102/><G102/><N who="0" m="60687" /><D83/><U27/><E131/><V30/><F80/><W87/><G87/><T68/><D68/><U112/><E112/><V59/><F82/><W45/><G45/><T56/><D56/><U12/><E79/><V44/><F59/><W109/><G109/><T11/><D11/><N who="1" m="4215" /><E81/><V54/><F130/><W106/><G106/><T75/><D75/><U90/><E86/><V34/><F129/><W100/><G100/><T19/><AGARI ba="0,1" hai="8,13,19,94,95" m="60687,57631,23050" machi="19" ten="30,12000,1" yaku="8,1,52,4" doraHai="89" who="0" fromWho="0" sc="250,130,250,-40,250,-40,240,-40" /><INIT seed="0,1,0,3,4,6" ten="380,210,210,200" oya="0" hai0="57,81,75,34,22,125,104,97,62,127,128,10,13" hai1="82,124,129,133,46,96,35,121,108,86,53,50,64" hai2="7,15,100,32,122,119,41,55,93,11,101,9,17" hai3="3,68,48,105,28,76,69,87,36,88,72,135,110"/><T98/><D34/><U24/><E121/><V95/><F122/><W43/><G36/><T44/><D128/><U51/><E129/><V1/><F32/><W106/><G3/><T26/><D44/><U52/><E108/><V38/><F119/><W58/><G110/><T115/><D115/><U14/><E124/><N who="0" m="47689" /><D81/><U63/><E133/><V91/><F95/><W59/><G135/><T8/><D13/><U79/><E96/><N who="0" m="36969" /><D75/><U74/><E74/><V83/><F83/><W120/><G72/><T0/><D0/><U42/><E14/><V117/><F117/><W113/><G120/><T5/><D5/><U94/><E94/><V19/><F19/><W67/><G113/><T126/><D104/><U130/><E130/><V21/><F21/><W70/><G28/><N who="0" m="17495" /><D126/><U132/><E132/><V23/><F23/><W31/><G106/><T29/><D29/><U40/><E24/><V25/><F25/><W33/><G31/><T16/><D16/><U90/><E35/><V39/><F39/><W47/><G105/><T102/><D102/><U54/><E79/><V56/><F41/><N who="1" m="15977" /><E46/><V118/><F38/><W109/><G33/><T123/><D123/><U134/><E134/><V111/><F111/><W37/><G76/><T65/><AGARI ba="1,0" hai="8,10,57,62,65" m="17495,36969,47689" machi="65" ten="30,6000,0" yaku="18,1,52,2" doraHai="6" who="0" fromWho="0" sc="380,63,210,-21,210,-21,200,-21" /><INIT seed="0,2,0,2,3,67" ten="443,189,189,179" oya="0" hai0="133,125,124,77,120,100,106,43,104,25,70,50,92" hai1="72,93,98,86,73,110,114,131,80,16,15,22,37" hai2="57,74,76,36,107,83,39,88,63,30,29,82,42" hai3="90,34,115,11,130,62,108,13,109,122,2,79,97"/><T18/><D120/><U95/><E110/><N who="3" m="42602" /><G115/><T75/><D133/><U117/><E117/><V101/><F107/><W45/><G122/><T78/><D50/><U61/><E114/><V53/><F101/><W68/><G34/><T1/><D70/><U35/><E131/><V116/><F116/><W103/><G79/><N who="0" m="30219" /><D43/><U60/><E37/><V64/><F39/><W7/><G45/><T46/><D46/><U32/><E32/><V38/><F38/><W91/><G130/><T96/><D1/><U41/><E35/><V69/><F42/><W33/><G33/><T52/><D52/><U27/><E41/><V26/><F36/><W40/><G2/><T71/><D71/><U134/><E134/><V59/><F26/><W58/><G40/><T47/><D47/><U0/><E0/><V112/><F112/><W14/><G14/><T85/><D75/><U44/><E44/><V105/><F105/><N who="0" m="40554" /><D25/><U3/><E3/><V89/><F59/><W94/><G68/><T5/><D5/><U54/><E15/><V48/><REACH who="2" step="1"/><F82/><REACH who="2" ten="443,189,179,179" step="2"/><W113/><G113/><T24/><D24/><U10/><E80/><V12/><F12/><W23/><G23/><T111/><D111/><U51/><E27/><V31/><AGARI ba="2,1" hai="29,30,31,48,53,57,63,64,69,74,76,83,88,89" machi="31" ten="30,7900,0" yaku="1,1,0,1,52,1,54,1,53,0" doraHai="67" doraHaiUra="81" who="2" fromWho="2" sc="443,-41,189,-22,179,95,179,-22" /><INIT seed="1,0,0,0,2,38" ten="402,167,274,157" oya="1" hai0="54,107,132,104,11,67,12,134,22,3,79,21,100" hai1="74,44,10,43,56,94,119,33,113,60,120,5,15" hai2="34,24,8,57,126,131,70,63,49,111,105,98,99" hai3="92,47,110,58,1,82,125,39,62,114,93,4,27"/><U45/><E113/><V127/><F111/><W102/><G114/><T52/><D79/><U6/><E119/><V14/><F131/><W30/><G110/><T36/><D3/><U101/><E120/><V95/><F70/><W103/><G125/><N who="2" m="47625" /><F49/><W32/><G82/><T88/><D67/><U115/><E115/><V48/><F48/><W121/><G121/><T89/><D36/><U133/><E33/><V85/><F105/><W76/><G76/><T68/><D68/><U29/><E74/><V81/><F24/><W108/><G108/><T26/><D26/><U50/><E133/><V19/><F95/><W118/><G118/><T124/><D124/><U55/><E29/><V16/><F19/><W31/><G31/><T40/><D12/><U129/><E129/><V112/><F34/><W0/><G0/><T18/><D18/><N who="1" m="8567" /><E44/><V51/><F51/><W20/><G32/><T69/><D69/><U78/><E78/><N who="2" m="46263" /><F112/><W83/><G83/><T91/><D104/><U7/><E94/><V109/><F109/><W71/><G93/><T28/><D107/><U17/><E17/><V96/><F98/><W65/><G92/><T41/><D28/><U97/><E97/><V72/><F72/><W123/><G123/><T73/><D73/><U77/><E77/><V66/><AGARI ba="0,0" hai="8,14,16,57,63,66,96,99" m="46263,47625" machi="66" ten="30,2000,0" yaku="18,1,54,1" doraHai="38" who="2" fromWho="2" sc="402,-5,167,-10,274,20,157,-5" /><INIT seed="2,0,0,0,0,73" ten="397,157,294,152" oya="2" hai0="7,112,64,56,102,12,47,122,58,69,14,53,33" hai1="60,125,20,50,99,54,126,2,51,37,0,49,78" hai2="25,121,83,55,106,135,48,45,92,89,75,101,32" hai3="5,41,124,115,80,21,134,13,110,18,104,93,27"/><V65/><F121/><W105/><G110/><T116/><D33/><U15/><E37/><V88/><F135/><W31/><G134/><T94/><D112/><U81/><E99/><V67/><F106/><W123/><G123/><T38/><D116/><U133/><E133/><V85/><F101/><W61/><G115/><T74/><D74/><N who="1" m="43223" /><E15/><V1/><F1/><W77/><G41/><N who="0" m="22967" /><D122/><U46/><E20/><V97/><REACH who="2" step="1"/><F75/><REACH who="2" ten="397,157,284,152" step="2"/><W127/><G104/><T4/><D102/><U96/><E2/><V22/><F22/><W40/><G105/><T9/><D9/><U132/><E0/><V72/><F72/><W108/><G108/><T44/><D4/><U131/><E132/><V119/><F119/><W82/><G5/><T71/><D7/><U66/><E131/><V17/><F17/><W3/><G3/><T6/><D6/><U39/><E126/><V62/><F62/><W59/><G127/><T118/><D118/><U26/><E60/><V120/><F120/><W113/><G124/><T24/><D12/><U95/><E125/><V36/><F36/><W90/><G113/><T35/><D14/><U52/><E39/><V8/><F8/><W23/><G61/><T128/><D128/><U91/><E51/><V63/><F63/><W87/><G18/><T42/><D35/><U107/><E107/><V103/><F103/><W129/><G13/><T43/><D71/><U16/><E16/><V98/><F98/><N who="3" m="57655" /><G129/><T70/><D69/><U34/><E34/><V28/><AGARI ba="0,1" hai="25,28,32,45,48,55,65,67,83,85,88,89,92,97" machi="28" ten="30,6000,0" yaku="1,1,0,1,54,1,53,0" doraHai="73" doraHaiUra="10" who="2" fromWho="2" sc="397,-20,157,-20,284,70,152,-20" /><INIT seed="2,1,0,0,1,93" ten="377,137,354,132" oya="2" hai0="40,111,98,128,58,46,37,104,35,21,77,59,80" hai1="61,15,47,76,71,78,65,52,72,33,16,79,87" hai2="96,23,20,13,109,124,18,8,11,5,19,31,101" hai3="100,121,91,110,44,97,9,135,99,84,75,0,92"/><V17/><F124/><W50/><G121/><T45/><D111/><U118/><E118/><V30/><F109/><W7/><G110/><T106/><D128/><U132/><E72/><V86/><F86/><W134/><G75/><T131/><D131/><U60/><E33/><V90/><F90/><W129/><G129/><T38/><D35/><U125/><E125/><V122/><F122/><W127/><G127/><T103/><D21/><N who="2" m="8266" /><F101/><W69/><G69/><T115/><D115/><U48/><E132/><N who="3" m="50730" /><G100/><T83/><D77/><U107/><E107/><V28/><F96/><W112/><G112/><T36/><D104/><U1/><E1/><AGARI ba="1,0" hai="1,5,8,11,13,17,18,19,28,30,31" m="8266" machi="1" ten="30,12000,1" yaku="35,5" doraHai="93" who="2" fromWho="1" sc="377,0,137,-123,354,123,132,0" /><INIT seed="2,2,0,5,2,56" ten="377,14,477,132" oya="2" hai0="43,115,41,75,65,2,85,71,105,49,133,90,9" hai1="104,100,117,84,88,46,36,125,60,38,95,3,37" hai2="76,14,132,131,47,77,128,58,24,11,108,18,20" hai3="135,94,112,119,64,31,32,68,98,120,116,53,59"/><V97/><F132/><W123/><G94/><T50/><D105/><U39/><E117/><N who="3" m="45130" /><G98/><T106/><D75/><U122/><E125/><V73/><F108/><W40/><G31/><T103/><D106/><U29/><E122/><V12/><F12/><W82/><G82/><T74/><D103/><U63/><E3/><V10/><F10/><W34/><G34/><T5/><D74/><U72/><E29/><V13/><F13/><W15/><G15/><T93/><D133/><U66/><E72/><V127/><F127/><W121/><G32/><T96/><D96/><U102/><E104/><V57/><F47/><W99/><G99/><T89/><D89/><U124/><E124/><V54/><F58/><W67/><G135/><T92/><D92/><U126/><E126/><V16/><F97/><W23/><G23/><T28/><D28/><U22/><E22/><V69/><F69/><W91/><G91/><T25/><D25/><U109/><E109/><V26/><F26/><W78/><G68/><T52/><D2/><U27/><E27/><V101/><F101/><W19/><G123/><T4/><D4/><U55/><N who="1" m="9216" /><DORA hai="83" /><U0/><E0/><V129/><F73/><W113/><G121/><T114/><D5/><U30/><E30/><V130/><F130/><W1/><G1/><T80/><D9/><U111/><E111/><V21/><F21/><W42/><G120/><T35/><D35/><U134/><E134/><V17/><F17/><W70/><G19/><T33/><D33/><U107/><E107/><V61/><AGARI ba="2,0" hai="11,14,16,18,20,24,54,57,61,76,77,128,129,131" machi="61" ten="30,11700,0" yaku="0,1,19,1,52,1,54,1" doraHai="56,83" who="2" fromWho="2" sc="377,-41,14,-41,477,123,132,-41" owari="336,13.6,-27,-52.7,600,70.0,91,-30.9" /></mjloggm>