<mjloggm ver="2.3"><GO type="225" lobby="0"/><UN n0="%E6%80%AA%E3%81%97%E3%81%99%E3%81%8E%E3%82%8B%E3%83%81%E3%83%BC" n1="%54%4F%52" n2="%E3%81%A1%E3%82%85%E3%81%86%E3%81%A9%E3%81%8F%E8%B1%A1%E3%81%95%E3%82%93" n3="%E8%B1%86%59%E5%A4%AA%E9%83%8E" dan="17,17,16,16" rate="2145.02,2243.24,2070.94,2071.82" sx="M,M,M,M"/><TAIKYOKU oya="0"/><INIT seed="0,0,0,4,3,46" ten="250,250,250,250" oya="0" hai0="114,10,54,32,75,128,115,2,118,90,5,94,99" hai1="105,16,135,8,76,120,12,79,58,49,14,4,45" hai2="88,23,64,11,68,73,57,78,69,102,111,84,108" hai3="77,112,134,82,95,25,20,109,62,13,129,116,47"/><T101/><D118/><U133/><E120/><V119/><F102/><W22/><G112/><T53/><D128/><U28/><E105/><V37/><F37/><W130/><G134/><N who="1" m="51210" /><E58/><V63/><F119/><W80/><G109/><N who="2" m="42057" /><F11/><W110/><G116/><T6/><D32/><U0/><E28/><V100/><F100/><W27/><G13/><N who="1" m="5226" /><E16/><V74/><F23/><W36/><G62/><T85/><D6/><U26/><E26/><V81/><F74/><W117/><G117/><T55/><REACH who="0" step="1"/><D75/><REACH who="0" ten="240,250,250,250" step="2"/><U48/><E45/><V1/><F1/><W123/><G110/><T19/><D19/><U91/><E91/><V34/><F34/><W71/><G47/><T66/><D66/><U24/><E24/><V15/><F15/><W103/><G27/><T96/><D96/><U121/><E121/><V33/><F33/><W72/><G25/><T87/><D87/><U41/><E41/><V132/><F132/><W97/><G123/><T42/><D42/><U40/><E40/><V50/><F73/><W39/><G72/><T43/><D43/><U126/><E126/><V89/><F69/><W124/><G124/><T127/><D127/><U29/><E29/><V60/><F68/><W31/><G31/><T21/><D21/><U92/><E4/><V44/><F89/><W56/><G71/><T86/><D86/><U107/><E8/><V35/><F35/><W98/><G20/><T131/><D131/><U59/><E79/><V104/><F78/><W125/><G22/><T17/><D17/><U3/><E76/><V7/><F7/><W93/><G129/><T83/><AGARI ba="0,1" hai="2,5,10,53,54,55,83,85,90,94,99,101,114,115" machi="83" ten="30,6000,0" yaku="1,1,5,1,0,1,53,0" doraHai="46" doraHaiUra="61" who="0" fromWho="0" sc="240,70,250,-20,250,-20,250,-20" /><INIT seed="0,1,0,5,5,2" ten="310,230,230,230" oya="0" hai0="42,60,79,10,95,107,125,0,134,27,70,111,54" hai1="99,64,3,89,129,45,73,83,49,88,132,72,22" hai2="90,9,5,46,114,69,133,40,19,93,58,85,117" hai3="20,105,102,66,96,131,86,1,14,116,115,47,65"/><T87/><D107/><U77/><E132/><V53/><F114/><W81/><G1/><T24/><D134/><U32/><E32/><V29/><F133/><W130/><G116/><T71/><D125/><U44/><E129/><N who="3" m="49162" /><G47/><T62/><D111/><U43/><E73/><V98/><F69/><W55/><G55/><T112/><D112/><U13/><E3/><V38/><F117/><W100/><G100/><T61/><D42/><U92/><E64/><V80/><F29/><W12/><G115/><T101/><D54/><U113/><E113/><V74/><F19/><N who="3" m="10343" /><G14/><T8/><D101/><U121/><E121/><V6/><F9/><W39/><G39/><T110/><D110/><U15/><E22/><V34/><F34/><W124/><G124/><T33/><D33/><U25/><E25/><V68/><F68/><W94/><G105/><T23/><D24/><U109/><E109/><V21/><F74/><W127/><G127/><T59/><D0/><U106/><E106/><V82/><F21/><W36/><G36/><T11/><D59/><U51/><REACH who="1" step="1"/><E89/><AGARI ba="1,0" hai="65,66,81,86,89,94,96,102" m="10343,49162" machi="89" ten="30,1000,0" yaku="19,1" doraHai="2" who="3" fromWho="1" sc="310,0,230,-13,230,0,230,13" /><INIT seed="1,0,0,3,1,76" ten="310,217,230,243" oya="1" hai0="93,128,80,89,132,44,104,112,90,17,79,23,9" hai1="109,68,94,63,20,27,65,118,43,24,64,97,59" hai2="92,86,49,121,69,115,53,28,95,105,116,99,83" hai3="0,106,122,32,46,19,36,54,37,33,124,7,126"/><U55/><E118/><V21/><F116/><W107/><G19/><T14/><D104/><N who="3" m="39977" /><G54/><T15/><D132/><U25/><E109/><V66/><F121/><W100/><G100/><T98/><D128/><U39/><E39/><N who="3" m="14922" /><G46/><T73/><D112/><U18/><E43/><V26/><F115/><W67/><G67/><N who="1" m="25674" /><E68/><V130/><F130/><W103/><G103/><AGARI ba="0,0" hai="18,20,24,25,27,55,59,63,94,97,103" m="25674" machi="103" ten="30,1500,0" yaku="8,1" doraHai="76" who="1" fromWho="3" sc="310,0,217,15,230,0,243,-15" /><INIT seed="1,1,0,3,5,113" ten="310,232,230,228" oya="1" hai0="6,33,65,35,95,128,20,101,11,108,46,43,88" hai1="94,0,75,130,120,45,96,68,12,86,74,89,22" hai2="66,126,80,7,109,61,82,100,32,44,122,4,39" hai3="102,119,127,24,15,2,103,69,53,91,112,64,121"/><U17/><E120/><V99/><F32/><W8/><G2/><T124/><D108/><U118/><E68/><V26/><F122/><W79/><G112/><T135/><D128/><U51/><E130/><V57/><F109/><W133/><G121/><T21/><D124/><U34/><E118/><V110/><F110/><W70/><G79/><T28/><D135/><U78/><E34/><V107/><F126/><W92/><G24/><T104/><D65/><U50/><E0/><V36/><F26/><W14/><G53/><T29/><D33/><U25/><E51/><V81/><REACH who="2" step="1"/><F44/><REACH who="2" ten="310,232,220,228" step="2"/><W10/><G127/><T62/><D46/><U67/><E25/><V47/><F47/><W77/><G133/><T52/><D35/><U72/><E67/><V58/><F58/><W54/><G64/><T83/><D29/><U48/><E45/><V71/><F71/><W49/><G54/><T56/><D28/><U3/><E3/><V9/><F9/><W19/><G70/><T98/><D43/><U123/><E123/><V111/><F111/><W31/><G69/><T93/><D21/><U106/><E22/><V134/><F134/><W16/><G31/><T1/><D20/><U37/><E12/><V55/><F55/><W131/><G131/><T30/><D30/><U41/><E41/><V73/><F73/><W23/><G23/><T85/><AGARI ba="1,1" hai="1,6,11,52,56,62,83,85,88,93,95,98,101,104" machi="85" ten="30,4000,0" yaku="0,1,54,2" doraHai="113" who="0" fromWho="0" sc="310,53,232,-21,220,-11,228,-11" /><INIT seed="2,0,0,2,0,120" ten="363,211,209,217" oya="2" hai0="26,69,81,51,37,104,125,50,24,23,103,55,6" hai1="44,18,98,49,94,57,123,109,19,79,128,25,90" hai2="40,52,127,8,62,9,38,14,71,0,42,82,118" hai3="73,39,77,53,58,117,2,84,60,28,106,72,111"/><V86/><F118/><W114/><G2/><T88/><D37/><U10/><E123/><V15/><F127/><W45/><G117/><T32/><D69/><U131/><E109/><V67/><F0/><W122/><G111/><T74/><D125/><U95/><E79/><V31/><F31/><W130/><G106/><T97/><D6/><U27/><E57/><N who="2" m="35111" /><F71/><W11/><G130/><N who="1" m="49706" /><E95/><V80/><F67/><W85/><G28/><T17/><D32/><U30/><E10/><N who="2" m="4203" /><F38/><W61/><G11/><T99/><D74/><U43/><E27/><V48/><F82/><W16/><G114/><T65/><D26/><U78/><E78/><N who="2" m="46359" /><F48/><W89/><G72/><T47/><D65/><U21/><AGARI ba="0,0" hai="18,19,21,25,30,43,44,49,90,94,98" m="49706" machi="21" ten="30,1100,0" yaku="19,1" doraHai="120" who="1" fromWho="1" sc="363,-3,211,11,209,-5,217,-3" /><INIT seed="3,0,0,5,5,99" ten="360,222,204,214" oya="3" hai0="18,114,72,42,27,64,110,45,35,130,1,93,37" hai1="8,55,29,83,96,134,20,88,121,66,100,60,57" hai2="78,23,111,41,128,25,63,118,92,108,54,68,12" hai3="105,19,80,61,104,75,3,132,120,89,14,24,129"/><W135/><G3/><T17/><D110/><N who="2" m="42026" /><F118/><W51/><G120/><T40/><D130/><U74/><E121/><V28/><F128/><W70/><G24/><T32/><D72/><U84/><E134/><N who="3" m="51242" /><G51/><T122/><D42/><U62/><E74/><V124/><F124/><W11/><G129/><T77/><D114/><U38/><E38/><V97/><F41/><W22/><G22/><T73/><D1/><U0/><E0/><V52/><F78/><N who="3" m="44127" /><G89/><T56/><D122/><U112/><E112/><V2/><F2/><W86/><G86/><T50/><D73/><U103/><E8/><V98/><F12/><W34/><G34/><T87/><D27/><N who="1" m="16615" /><E96/><N who="2" m="36971" /><F92/><W21/><G11/><T48/><D50/><N who="1" m="30967" /><E66/><AGARI ba="0,0" hai="23,25,28,52,54,63,66,68" m="36971,42026" machi="66" ten="30,2000,0" yaku="14,1,54,1" doraHai="99" who="2" fromWho="1" sc="360,0,222,-20,204,20,214,0" /><AGARI ba="0,0" hai="14,19,21,61,66,70,104,105" m="44127,51242" machi="66" ten="30,1500,0" yaku="20,1" doraHai="99" who="3" fromWho="1" sc="360,0,202,-15,224,0,214,15" /><INIT seed="3,1,0,4,0,61" ten="360,187,224,229" oya="3" hai0="3,122,67,54,51,110,16,25,94,62,23,104,74" hai1="46,117,111,73,12,107,52,89,68,14,33,96,109" hai2="42,48,84,114,34,49,55,37,40,133,28,13,108" hai3="35,20,21,44,39,24,126,65,32,36,17,18,66"/><W64/><G44/><T41/><D110/><N who="1" m="41995" /><E33/><V77/><F108/><W50/><G50/><T57/><D104/><U58/><E73/><V86/><F114/><W26/><G126/><T76/><D3/><U30/><E30/><V70/><F70/><W135/><G135/><T19/><D122/><U69/><E117/><V87/><F133/><W83/><REACH who="3" step="1"/><G83/><REACH who="3" ten="360,187,224,219" step="2"/><T97/><D41/><U11/><E46/><V22/><F40/><W131/><G131/><T31/><D51/><N who="1" m="31007" /><E14/><V7/><F13/><W29/><G29/><T100/><D31/><U78/><E78/><V47/><F77/><W91/><G91/><T45/><D76/><U56/><E56/><V124/><F28/><W105/><G105/><T132/><D45/><U8/><E8/><V92/><F47/><W53/><G53/><T43/><D43/><U6/><E89/><V0/><F55/><W38/><AGARI ba="1,1" hai="17,18,20,21,24,26,32,35,36,38,39,64,65,66" machi="38" ten="40,18000,2" yaku="1,1,0,1,9,1,52,3,53,0" doraHai="61" doraHaiUra="4" who="3" fromWho="3" sc="360,-61,187,-61,224,-61,219,193" owari="299,9.9,126,-37.4,163,-23.7,412,51.2" /></mjloggm>