<mjloggm ver="2.3"><GO type="225" lobby="0"/><UN n0="%E7%89%B9%E6%9D%B1%E3%81%AF%E4%B8%96%E7%95%8C%E3%82%92%E6%95%91%E3%81%86" n1="%E8%81%B7%E6%A5%AD%E3%80%81%E9%A2%A8%32" n2="%E3%81%A8%E3%82%93%E3%81%A8%E3%81%93%E3%81%A8%E3%82%93" n3="%E5%8F%AF%E5%85%90%E9%82%A3%E7%94%B1%E5%A4%9A" dan="16,16,16,17" rate="2110.01,2127.46,2121.37,2244.43" sx="M,M,M,F"/><TAIKYOKU oya="0"/><INIT seed="0,0,0,4,2,45" ten="250,250,250,250" oya="0" hai0="65,2,125,5,71,59,135,131,93,58,12,41,40" hai1="3,28,60,104,98,67,123,24,101,72,96,92,6" hai2="110,109,88,18,49,133,103,121,8,126,76,115,75" hai3="114,32,79,134,66,10,128,20,74,102,132,107,63"/><T29/><D2/><U85/><E123/><V81/><F115/><W36/><G20/><T127/><D29/><U97/><E72/><V25/><F121/><W39/><G114/><T91/><D71/><U37/><E37/><V87/><F126/><N who="0" m="48138" /><D131/><U61/><E61/><V34/><F133/><N who="3" m="51307" /><G128/><T11/><D135/><U94/><E85/><V44/><F103/><W26/><G10/><T31/><D31/><U80/><E80/><V113/><F113/><W77/><G26/><T4/><D4/><U112/><E112/><V38/><F38/><N who="3" m="14379" /><G32/><T122/><D122/><U100/><E3/><V17/><F34/><W33/><G33/><T7/><D65/><U105/><E6/><V90/><F25/><W35/><G35/><T50/><D7/><U1/><E1/><V27/><F27/><W119/><G119/><T52/><D59/><U89/><E24/><V23/><F8/><W30/><G30/><T14/><D12/><U22/><E28/><V62/><F23/><W83/><G79/><T124/><N who="0" m="48146" /><T108/><DORA hai="111" /><D108/><N who="2" m="41578" /><F62/><W56/><G107/><T84/><AGARI ba="0,0" hai="5,11,14,40,41,50,52,58,84,91,93" m="48146" machi="84" ten="40,7800,0" yaku="18,1,52,1,54,1" doraHai="45,111" who="0" fromWho="0" sc="250,78,250,-26,250,-26,250,-26" /><INIT seed="0,1,0,4,0,96" ten="328,224,224,224" oya="0" hai0="77,68,54,3,36,7,52,90,37,59,16,64,114" hai1="14,6,61,44,22,110,98,89,83,11,71,43,56" hai2="129,70,123,4,35,2,67,95,135,47,31,128,55" hai3="74,72,125,58,85,28,127,131,10,117,121,76,40"/><T99/><D114/><U46/><E110/><V105/><F105/><W62/><G117/><T134/><D134/><U86/><E71/><V116/><F123/><W106/><G106/><T42/><D77/><U49/><E46/><V34/><F135/><W109/><G109/><T97/><D7/><U80/><E98/><V119/><F70/><W32/><G121/><T107/><D3/><U66/><REACH who="1" step="1"/><E22/><REACH who="1" ten="328,214,224,224" step="2"/><V75/><F116/><W48/><G127/><T5/><D97/><U94/><AGARI ba="1,1" hai="6,11,14,43,44,49,56,61,66,80,83,86,89,94" machi="94" ten="20,8000,1" yaku="1,1,2,1,0,1,7,1,8,1,53,0" doraHai="96" doraHaiUra="50" who="1" fromWho="1" sc="328,-41,214,93,224,-21,224,-21" /><INIT seed="1,0,0,3,2,123" ten="287,307,203,203" oya="1" hai0="91,117,52,81,30,51,39,99,43,50,77,83,11" hai1="95,2,94,68,20,122,76,28,14,79,119,86,118" hai2="45,53,27,19,60,62,31,49,113,98,73,110,129" hai3="66,41,128,1,82,116,135,13,69,0,126,3,44"/><U59/><E2/><V55/><F73/><W111/><G126/><T46/><D117/><U9/><E68/><V127/><F127/><W102/><G116/><T61/><D30/><U115/><E115/><V42/><F129/><W80/><G128/><T33/><D33/><U18/><E122/><V85/><F113/><W97/><G135/><T7/><D99/><U71/><E71/><V103/><F110/><W48/><G111/><T56/><D91/><N who="1" m="53623" /><E119/><V133/><F133/><W132/><G132/><T105/><D105/><U57/><E95/><V12/><F85/><W114/><G114/><T121/><D121/><U74/><E74/><V134/><F98/><W32/><G32/><T54/><D77/><N who="1" m="29771" /><E118/><V100/><F134/><W4/><G66/><T96/><D96/><U22/><E22/><N who="2" m="15863" /><F100/><W107/><REACH who="3" step="1"/><G69/><REACH who="3" ten="287,307,203,193" step="2"/><T131/><D131/><U93/><E93/><V88/><F103/><W109/><G109/><T84/><D81/><U75/><E75/><V70/><F70/><W78/><G78/><T90/><REACH who="0" step="1"/><D54/><REACH who="0" ten="277,307,203,193" step="2"/><N who="2" m="20490" /><F88/><W89/><G89/><T8/><D8/><AGARI ba="0,2" hai="8,12,19,42,45,49,60,62" m="20490,15863" machi="8" ten="30,1000,0" yaku="8,1" doraHai="123" who="2" fromWho="0" sc="277,-10,307,0,203,30,193,0" /><AGARI ba="0,0" hai="0,1,3,4,8,13,41,44,48,80,82,97,102,107" machi="8" ten="40,2600,0" yaku="1,1,53,1" doraHai="123" doraHaiUra="37" who="3" fromWho="0" sc="267,-26,307,0,233,0,193,26" /><INIT seed="2,0,0,0,5,71" ten="241,307,233,219" oya="2" hai0="9,120,51,75,6,58,97,128,124,11,101,104,38" hai1="117,100,31,99,25,52,108,131,98,23,67,22,88" hai2="36,134,93,125,80,49,129,13,86,46,60,72,5" hai3="74,79,135,47,57,109,28,20,18,53,54,87,115"/><V119/><F119/><W64/><G109/><T2/><D120/><U8/><E108/><V107/><F107/><W17/><G74/><T42/><D75/><U122/><E131/><V91/><F129/><W48/><G135/><T66/><D128/><U62/><E117/><V10/><F134/><W90/><G115/><T92/><D124/><U56/><E122/><V121/><F121/><W123/><G123/><T68/><D68/><U40/><E40/><V29/><F125/><W34/><G34/><T44/><D11/><U65/><E8/><V130/><F130/><W63/><G79/><T45/><D66/><N who="1" m="25099" /><E100/><V15/><F60/><W73/><G73/><T77/><D77/><U50/><E62/><V24/><F15/><W33/><G33/><T105/><REACH who="0" step="1"/><D58/><REACH who="0" ten="231,307,233,219" step="2"/><U39/><E56/><V112/><F112/><W32/><G64/><T94/><D94/><U12/><E23/><V61/><F72/><W70/><G32/><T19/><D19/><U27/><E22/><N who="2" m="15511" /><F36/><W7/><G70/><T111/><D111/><U26/><E39/><V95/><F61/><W118/><G118/><T4/><D4/><U69/><E69/><V84/><F86/><W59/><G7/><T43/><AGARI ba="0,1" hai="2,6,9,38,42,43,44,45,51,92,97,101,104,105" machi="43" ten="20,5200,0" yaku="1,1,0,1,7,1,52,1,53,0" doraHai="71" doraHaiUra="133" who="0" fromWho="0" sc="231,62,307,-13,233,-26,219,-13" /><INIT seed="3,0,0,3,4,72" ten="293,294,207,206" oya="3" hai0="42,80,76,75,123,30,55,125,36,124,27,6,68" hai1="132,133,56,89,115,35,48,108,23,21,34,58,93" hai2="70,81,83,44,109,114,95,86,74,110,19,1,104" hai3="28,73,31,120,50,129,71,3,61,87,7,119,106"/><W92/><G119/><T9/><D68/><U46/><E108/><N who="2" m="41579" /><F70/><W12/><G120/><T13/><D123/><U18/><E115/><V26/><F1/><W134/><G73/><T107/><D107/><U16/><E23/><N who="2" m="13695" /><F114/><W11/><G106/><T49/><D42/><N who="1" m="24663" /><E18/><V66/><F104/><W4/><G129/><T88/><D88/><U116/><E116/><V100/><F74/><W17/><G134/><N who="1" m="51818" /><E35/><V63/><F44/><W53/><G61/><T32/><REACH who="0" step="1"/><D36/><REACH who="0" ten="283,294,207,206" step="2"/><U96/><E34/><V64/><F100/><W14/><G71/><T33/><D33/><U99/><E99/><V105/><F105/><W10/><G92/><T40/><D40/><U131/><E131/><V111/><F111/><W122/><G122/><T38/><D38/><U101/><E89/><N who="2" m="53687" /><F63/><W0/><G87/><T126/><D126/><U113/><E113/><V54/><F54/><W82/><G82/><AGARI ba="0,1" hai="64,66,81,82,83" m="53687,13695,41579" machi="82" ten="30,1000,0" yaku="14,1" doraHai="72" who="2" fromWho="3" sc="283,0,294,0,207,20,206,-10" /><INIT seed="4,0,0,0,1,61" ten="283,294,227,196" oya="0" hai0="125,107,33,132,76,108,83,109,69,79,85,72,37" hai1="36,62,11,82,78,7,9,117,50,133,34,10,64" hai2="19,70,24,96,129,110,119,93,3,87,21,135,39" hai3="124,116,49,118,53,122,113,99,2,121,100,92,75"/><T13/><D37/><U114/><E36/><V4/><F110/><N who="0" m="42602" /><D33/><U131/><E34/><V89/><F70/><W105/><G2/><T57/><D69/><U5/><E117/><N who="3" m="45162" /><G49/><T95/><D107/><U22/><E131/><V14/><F119/><W1/><G53/><T102/><D132/><U128/><E128/><V32/><F129/><W63/><G63/><T12/><D125/><U65/><E133/><V47/><F135/><W15/><G15/><N who="0" m="5707" /><D57/><N who="1" m="36943" /><E65/><V58/><F58/><W98/><G1/><T52/><D52/><U81/><E114/><V29/><F47/><W55/><G55/><T25/><D25/><U43/><E22/><V17/><F39/><W42/><G42/><T115/><D115/><U45/><E78/><V38/><F38/><W88/><G113/><T126/><D126/><U23/><E23/><V28/><F28/><W71/><G71/><T20/><D20/><U106/><E106/><V0/><F0/><W60/><G60/><T35/><D35/><U123/><E123/><N who="3" m="47114" /><G124/><T31/><D31/><U80/><AGARI ba="0,0" hai="5,7,9,10,11,43,45,50,80,81,82" m="36943" machi="80" ten="30,2000,0" yaku="8,1,52,1" doraHai="61" who="1" fromWho="1" sc="283,-10,294,20,227,-5,196,-5" owari="273,7.3,314,41.4,222,-17.8,191,-30.9" /></mjloggm>