<mjloggm ver="2.3"><GO type="225" lobby="0"/><UN n0="%4D%50%43%32%38%30%30" n1="%43%68%65" n2="%E3%81%B2%E3%81%AA%E3%81%AE%E3%82%8A%E3%81%8F" n3="%E7%89%B9%E6%9D%B1%E3%81%AF%E4%B8%96%E7%95%8C%E3%82%92%E6%95%91%E3%81%86" dan="16,16,16,16" rate="2123.24,2157.07,2167.98,2136.41" sx="M,M,M,M"/><TAIKYOKU oya="0"/><INIT seed="0,0,0,3,2,11" ten="250,250,250,250" oya="0" hai0="39,3,100,59,113,117,95,116,133,15,134,42,6" hai1="86,124,22,43,80,48,82,7,50,2,81,104,29" hai2="111,52,1,64,36,56,128,125,130,85,115,31,76" hai3="97,109,118,66,129,77,45,73,99,123,41,121,126"/><T24/><D113/><U108/><E104/><V83/><F115/><W35/><G35/><T8/><D39/><U28/><E108/><V14/><F1/><W98/><G66/><T127/><D42/><U16/><E124/><V12/><F111/><W47/><G109/><T92/><D127/><U9/><E86/><V107/><F125/><W70/><G70/><T40/><D40/><U96/><E96/><V53/><F36/><W44/><G126/><T68/><D68/><U34/><E43/><V51/><F64/><W38/><G118/><N who="0" m="45675" /><D59/><U25/><REACH who="1" step="1"/><E29/><REACH who="1" ten="250,240,250,250" step="2"/><V61/><F107/><W33/><G41/><T101/><D101/><U75/><E75/><V105/><F105/><W10/><G38/><T46/><D100/><U106/><E106/><V89/><F31/><W79/><G73/><T122/><D122/><U102/><E102/><V30/><F30/><W55/><G123/><T0/><D95/><U60/><E60/><V37/><F37/><W18/><G121/><T17/><D92/><U49/><E49/><V120/><F120/><W94/><G94/><T88/><D134/><U110/><E110/><V114/><F114/><W57/><G99/><T112/><D133/><U20/><E20/><V19/><F76/><W78/><G79/><T87/><D112/><U63/><E63/><V119/><F119/><W32/><G78/><T132/><D132/><U58/><E58/><N who="2" m="33055" /><F19/><W21/><G77/><T23/><D46/><U131/><E131/><AGARI ba="0,1" hai="12,14,53,56,61,83,85,89,128,130,131" m="33055" machi="131" ten="30,7700,0" yaku="19,1,52,2,54,1" doraHai="11" who="2" fromWho="1" sc="250,0,240,-77,250,87,250,0" /><INIT seed="1,0,0,3,5,107" ten="250,163,337,250" oya="1" hai0="0,95,45,122,67,72,54,41,109,105,8,86,4" hai1="61,77,24,90,15,124,132,57,40,82,49,52,65" hai2="93,37,104,47,28,106,32,125,68,14,78,7,115" hai3="121,120,108,116,89,123,79,111,70,114,56,63,27"/><U2/><E2/><V29/><F68/><W118/><G79/><T83/><D109/><N who="3" m="42057" /><G89/><T64/><D105/><U71/><E124/><V3/><F3/><W98/><G98/><T75/><D122/><U33/><E132/><V76/><F125/><W101/><G101/><T42/><D54/><U66/><E66/><V96/><F106/><W36/><G27/><T73/><D95/><U59/><E90/><V113/><F104/><W94/><G94/><T88/><REACH who="0" step="1"/><D42/><REACH who="0" ten="240,163,337,250" step="2"/><U31/><E40/><V23/><F93/><W55/><G114/><T129/><D129/><U69/><REACH who="1" step="1"/><E15/><REACH who="1" ten="240,153,337,250" step="2"/><V97/><F14/><W18/><G123/><T84/><D84/><AGARI ba="0,2" hai="24,31,33,49,52,57,59,61,65,69,71,77,82,84" machi="84" ten="30,11600,0" yaku="1,1,2,1,7,1,54,1,53,0" doraHai="107" doraHaiUra="1" who="1" fromWho="0" sc="240,-116,153,136,337,0,250,0" /><INIT seed="1,1,0,5,3,62" ten="124,289,337,250" oya="1" hai0="61,104,25,33,121,107,58,0,7,77,132,32,4" hai1="24,97,122,86,15,99,66,56,100,13,46,10,3" hai2="109,133,120,6,2,63,85,78,93,34,1,54,88" hai3="39,68,116,27,52,113,18,42,26,51,96,29,53"/><U117/><E122/><V67/><F120/><W94/><G113/><T118/><D118/><U41/><E117/><V20/><F34/><W115/><G115/><T37/><D121/><U123/><E123/><V35/><F35/><W95/><G68/><T47/><D132/><U131/><E3/><V22/><F133/><W72/><G72/><T112/><D112/><U98/><E131/><V69/><F78/><W92/><G39/><T110/><D110/><U101/><E24/><V135/><F109/><W82/><G116/><T84/><D0/><U28/><E28/><V50/><F135/><W105/><G82/><T59/><D37/><U134/><E86/><V126/><F126/><W74/><G74/><T21/><D104/><U64/><E56/><V75/><F2/><W119/><G119/><T102/><D107/><U45/><E134/><V5/><F75/><W17/><G96/><T127/><D127/><U43/><E99/><V71/><F71/><W76/><G105/><T23/><D33/><U40/><E40/><V114/><F114/><W128/><G76/><T38/><D38/><U30/><E30/><V9/><F6/><W91/><G91/><T60/><D32/><U65/><E65/><V87/><F85/><W108/><G128/><T129/><D129/><U103/><E103/><V125/><F125/><W19/><G108/><T80/><D102/><U16/><E10/><V90/><F90/><W12/><G12/><T14/><D14/><U106/><E106/><V49/><F49/><W81/><G27/><T48/><D25/><U8/><E8/><V11/><F9/><RYUUKYOKU ba="1,0" sc="124,-15,289,15,337,15,250,-15" hai1="13,15,16,41,43,45,46,64,66,97,98,100,101" hai2="1,5,11,20,22,50,54,63,67,69,87,88,93" /><INIT seed="1,2,0,5,1,81" ten="109,304,352,235" oya="1" hai0="34,91,70,41,21,54,47,35,45,104,52,87,61" hai1="113,79,50,74,36,48,109,29,106,120,127,37,12" hai2="130,135,55,118,49,111,75,114,53,95,83,73,110" hai3="40,76,4,13,100,22,3,68,103,66,125,7,134"/><U31/><E120/><V63/><F118/><W112/><G3/><T115/><D115/><U17/><E106/><V65/><F114/><W123/><G123/><T58/><D104/><U8/><E113/><V98/><F135/><W42/><G76/><T133/><D133/><U128/><E74/><V46/><F130/><W99/><G103/><T88/><D70/><U57/><E128/><V64/><F55/><W11/><G7/><T101/><D101/><U20/><E127/><V131/><F131/><W85/><G125/><T32/><D91/><U84/><E109/><N who="2" m="41483" /><F83/><W19/><G112/><T71/><D71/><U82/><E37/><V1/><F1/><W18/><G18/><T28/><D54/><N who="1" m="31943" /><E36/><V9/><F9/><W26/><G134/><T108/><D108/><U94/><E50/><V129/><F129/><W6/><G6/><T25/><REACH who="0" step="1"/><D41/><REACH who="0" ten="99,304,352,235" step="2"/><U102/><E8/><V33/><F65/><W89/><G66/><T44/><D44/><U126/><E126/><V117/><F64/><W15/><G68/><T132/><D132/><U116/><E116/><V121/><F117/><W51/><G42/><T16/><D16/><U86/><E102/><V78/><F53/><W69/><G69/><T107/><D107/><U38/><E38/><V60/><F121/><W24/><G40/><T97/><D97/><U92/><E92/><AGARI ba="2,1" hai="21,25,28,32,34,35,45,47,52,58,61,87,88,92" machi="92" ten="40,8000,1" yaku="1,1,52,1,54,2,53,0" doraHai="81" doraHaiUra="96" who="0" fromWho="1" sc="99,96,304,-86,352,0,235,0" /><INIT seed="2,0,0,0,0,72" ten="195,218,352,235" oya="2" hai0="5,42,20,54,109,46,48,129,99,88,110,28,40" hai1="55,76,8,98,117,1,21,34,69,104,59,18,35" hai2="95,123,39,47,122,100,97,50,38,101,68,81,36" hai3="77,105,43,94,126,57,118,37,85,102,0,114,79"/><V74/><F68/><W92/><G0/><T23/><D129/><U86/><E69/><V108/><F101/><W52/><G118/><T125/><D125/><U133/><E117/><V16/><F108/><N who="0" m="41578" /><D5/><U96/><E133/><V131/><F131/><W116/><G105/><T53/><D42/><U130/><E130/><V61/><F61/><W4/><G116/><T134/><D134/><U82/><E104/><V84/><F74/><W71/><G71/><T26/><D20/><U107/><E107/><V62/><F62/><W127/><G4/><T2/><D2/><U10/><E35/><V121/><F16/><W29/><G29/><T27/><D27/><N who="1" m="14775" /><E34/><V32/><F32/><W65/><G65/><T12/><D12/><U78/><E1/><V3/><F3/><W80/><G114/><T66/><D66/><U93/><E76/><V33/><F33/><W64/><G64/><T115/><D115/><U14/><E14/><V45/><F123/><W60/><G79/><T41/><D41/><U83/><E83/><V22/><F81/><W128/><G128/><T13/><D13/><U63/><E96/><V135/><F97/><W106/><G106/><T91/><D99/><U67/><E67/><V9/><F135/><W113/><G113/><T75/><D75/><U7/><E7/><V19/><F122/><W51/><G37/><T56/><D54/><U120/><E120/><V73/><F73/><W30/><G30/><T90/><D90/><AGARI ba="0,0" hai="8,10,55,59,63,78,82,86,90,93,98" m="14775" machi="90" ten="30,3900,0" yaku="25,1,8,1,52,1" doraHai="72" who="1" fromWho="0" sc="195,-39,218,39,352,0,235,0" /><INIT seed="3,0,0,0,2,42" ten="156,257,352,235" oya="3" hai0="73,88,129,43,68,18,67,34,55,104,112,66,35" hai1="91,10,29,16,22,6,63,124,14,77,117,0,47" hai2="127,109,99,134,107,132,71,90,24,30,50,8,61" hai3="33,62,106,28,130,60,59,3,84,12,23,72,87"/><W11/><G72/><T93/><D73/><U114/><E114/><V100/><F109/><W17/><G106/><T111/><D111/><U125/><E77/><V26/><F26/><W51/><G130/><T81/><D104/><U94/><E117/><V13/><F90/><W52/><G33/><T58/><D129/><U44/><E63/><N who="3" m="24106" /><G3/><T105/><D105/><U79/><E29/><V89/><F89/><W56/><G59/><T83/><D112/><U95/><E79/><V119/><F71/><W97/><G97/><T135/><D68/><U126/><E95/><V69/><F99/><AGARI ba="0,0" hai="0,6,10,14,16,22,44,47,91,94,99,124,125,126" machi="99" ten="40,8000,1" yaku="18,1,52,2,54,1" doraHai="42" who="1" fromWho="2" sc="156,0,257,80,352,-80,235,0" owari="156,-34.4,337,43.7,272,7.2,235,-16.5" /></mjloggm>