<mjloggm ver="2.3"><GO type="225" lobby="0"/><UN n0="%E3%83%8F%E3%83%B3%E3%83%89%E3%83%A9%E3%83%BC%E3%83%BB%E3%83%AF%E3%83%B3" n1="%33%74%72%65%65" n2="%E5%84%AA%40%41%42%43" n3="%E4%BF%BA%E3%81%A8%E5%A6%96%E5%A4%A2" dan="17,16,17,17" rate="2190.57,2193.31,2155.35,2182.50" sx="M,F,M,F"/><TAIKYOKU oya="0"/><INIT seed="0,0,0,2,2,97" ten="250,250,250,250" oya="0" hai0="50,87,60,67,72,75,111,1,62,128,66,88,104" hai1="98,54,84,116,11,108,43,65,28,24,132,103,125" hai2="123,80,82,107,36,39,12,30,74,6,134,3,59" hai3="90,17,44,52,68,20,69,40,93,131,16,117,18"/><T122/><D122/><U48/><E116/><V32/><F59/><W34/><G117/><T58/><D1/><U114/><E108/><V49/><F49/><W2/><G131/><T25/><D128/><U13/><E132/><V71/><F12/><W109/><G34/><T51/><D104/><U100/><E125/><V127/><F82/><W105/><G105/><T81/><D111/><U23/><E114/><V19/><F19/><W79/><G2/><T53/><D25/><U85/><E65/><V56/><F56/><W126/><G109/><T83/><D83/><U86/><E98/><V96/><F127/><W46/><G126/><T76/><D76/><U33/><E33/><V106/><F134/><W42/><G79/><T31/><D31/><U63/><E63/><V113/><F113/><W120/><G120/><T26/><D26/><U130/><E130/><V73/><F123/><W92/><G20/><T89/><D89/><U133/><E133/><V61/><F106/><W112/><G112/><T15/><D15/><U91/><E43/><N who="3" m="16426" /><G52/><T70/><REACH who="0" step="1"/><D51/><REACH who="0" ten="240,250,250,250" step="2"/><U5/><REACH who="1" step="1"/><E91/><REACH who="1" ten="240,240,250,250" step="2"/><V64/><F107/><W102/><G90/><T37/><D37/><U14/><E14/><V78/><F36/><W99/><G102/><T118/><D118/><U45/><AGARI ba="0,2" hai="5,11,13,23,24,28,45,48,54,84,85,86,100,103" machi="45" ten="30,8000,1" yaku="1,1,0,1,8,1,52,2,53,0" doraHai="97" doraHaiUra="110" who="1" fromWho="1" sc="240,-40,240,100,250,-20,250,-20" /><INIT seed="1,0,0,5,3,122" ten="200,340,230,230" oya="1" hai0="64,97,40,85,126,34,32,56,11,111,87,66,113" hai1="102,98,110,47,119,112,129,118,4,93,109,76,105" hai2="128,52,45,101,63,125,114,7,81,9,38,127,83" hai3="8,104,55,78,16,26,14,100,15,96,115,95,5"/><U134/><E112/><V30/><F128/><W116/><G115/><T77/><D113/><U27/><E129/><V54/><F114/><W44/><G116/><N who="1" m="44586" /><E4/><V72/><F101/><W43/><G55/><N who="2" m="21033" /><F30/><W69/><G69/><T20/><D40/><U92/><E27/><V117/><F63/><W2/><G78/><T124/><D77/><U37/><E37/><V3/><F117/><W25/><G104/><T68/><D68/><U65/><E65/><V67/><F67/><W74/><G74/><T59/><D20/><U131/><E47/><V46/><F45/><W107/><G107/><T123/><D11/><U57/><E57/><V130/><F130/><W6/><G2/><T0/><D0/><U103/><E131/><V29/><F29/><W35/><G35/><T71/><D71/><U62/><E62/><V41/><F81/><W19/><G5/><T99/><D123/><U13/><E103/><V90/><F90/><W31/><G31/><T61/><D61/><U49/><E76/><AGARI ba="0,0" hai="3,7,9,38,41,46,72,76,83,125,127" m="21033" machi="76" ten="30,2000,0" yaku="25,1,54,1" doraHai="122" who="2" fromWho="1" sc="200,0,340,-20,230,20,230,0" /><INIT seed="2,0,0,0,5,92" ten="200,320,250,230" oya="2" hai0="116,84,89,51,35,1,117,100,67,26,47,96,61" hai1="111,38,124,15,74,65,63,4,13,25,34,88,91" hai2="52,27,58,69,87,125,76,115,53,50,71,112,126" hai3="64,48,98,55,31,8,36,30,120,33,45,7,62"/><V110/><F76/><W44/><G120/><T118/><D1/><U132/><E74/><V75/><F87/><W78/><G33/><T81/><D26/><U14/><E38/><V99/><F27/><W93/><G78/><T66/><D35/><U9/><E111/><V16/><F16/><W11/><G44/><T113/><D113/><N who="2" m="43594" /><F99/><W54/><G36/><T83/><D83/><U2/><E25/><V21/><F21/><W24/><G54/><T90/><D90/><U19/><E19/><V56/><F75/><W32/><G30/><T80/><D80/><U40/><E91/><V128/><F110/><W82/><G82/><T104/><REACH who="0" step="1"/><D61/><REACH who="0" ten="190,320,250,230" step="2"/><U42/><E34/><V79/><F79/><W29/><G31/><T5/><D5/><U10/><E4/><V70/><F128/><W77/><G7/><T57/><D57/><U20/><E2/><V105/><F105/><W129/><G129/><T22/><D22/><U73/><E20/><V123/><F123/><W106/><G77/><T134/><D134/><U103/><E73/><V28/><F28/><W23/><G106/><T17/><D17/><U135/><E88/><V97/><F97/><W18/><G32/><T114/><D114/><U101/><E9/><V68/><F68/><W133/><G133/><T49/><D49/><AGARI ba="0,1" hai="49,50,52,53,56,58,69,70,71,125,126" m="43594" machi="49" ten="40,7700,0" yaku="34,2,54,1" doraHai="92" who="2" fromWho="0" sc="190,-77,320,0,250,87,230,0" /><INIT seed="2,1,0,3,1,100" ten="113,320,337,230" oya="2" hai0="52,122,123,116,86,46,83,35,65,2,82,72,63" hai1="48,126,40,53,114,79,135,97,69,22,108,18,7" hai2="5,55,129,130,87,11,16,111,133,8,120,49,98" hai3="96,118,1,90,44,121,47,131,104,93,36,25,75"/><V43/><F120/><W71/><G121/><T88/><D2/><U50/><E114/><V3/><F43/><W37/><G118/><T128/><D35/><U21/><E69/><V80/><F133/><W110/><G71/><T58/><D116/><U107/><E135/><V14/><F98/><W132/><G132/><T61/><D128/><U60/><E7/><V9/><F9/><W38/><G1/><T70/><REACH who="0" step="1"/><D46/><REACH who="0" ten="103,320,337,230" step="2"/><U92/><E126/><V101/><F129/><W115/><G47/><T29/><D29/><U113/><E113/><V56/><F130/><W4/><G44/><T78/><AGARI ba="1,1" hai="52,58,61,63,65,70,72,78,82,83,86,88,122,123" machi="78" ten="30,7900,0" yaku="1,1,0,1,54,2,53,0" doraHai="100" doraHaiUra="0" who="0" fromWho="0" sc="103,92,320,-21,337,-40,230,-21" /><INIT seed="3,0,0,4,2,85" ten="195,299,297,209" oya="3" hai0="93,29,26,19,39,82,48,23,72,97,133,65,41" hai1="75,91,55,109,36,18,87,129,52,4,13,92,15" hai2="51,100,102,34,32,64,127,54,121,125,8,58,86" hai3="88,9,118,6,80,96,57,119,114,10,38,106,21"/><W71/><G114/><T33/><D133/><U20/><E109/><V94/><F121/><W68/><G38/><T0/><D0/><U60/><E129/><V37/><F37/><W30/><G118/><T67/><D39/><U1/><E1/><V49/><F8/><W131/><G119/><T66/><D72/><U81/><E36/><V43/><F64/><W112/><G112/><T16/><D82/><U42/><E42/><V113/><F86/><N who="3" m="50247" /><G71/><T62/><D62/><U69/><E75/><V17/><F17/><W98/><G68/><T95/><D95/><U35/><E35/><N who="2" m="13355" /><F94/><W89/><G131/><T104/><D104/><U46/><E92/><V40/><F113/><W5/><G106/><T126/><D126/><N who="2" m="48138" /><F40/><W47/><G98/><T14/><D19/><U108/><E108/><V77/><F77/><W44/><G10/><T84/><D84/><U53/><E46/><AGARI ba="0,0" hai="43,46,49,51,54,58,100,102" m="48138,13355" machi="46" ten="30,1000,0" yaku="18,1" doraHai="85" who="2" fromWho="1" sc="195,0,299,-10,297,10,209,0" owari="195,-30.5,289,8.9,307,40.7,209,-19.1" /></mjloggm>