<mjloggm ver="2.3"><GO type="225" lobby="0"/><UN n0="%72%69%6F%75%63%68%61%6E" n1="%72%61%6B%33" n2="%E6%97%A5%E6%9B%9C%E6%97%A5%E3%82%88%E3%82%8A%E3%81%AE%E4%BD%BF%E8%80%85" n3="%70%68%65%6E%6F%6D%65" dan="17,16,17,17" rate="2240.84,2221.20,2153.81,2176.73" sx="M,M,M,M"/><TAIKYOKU oya="0"/><INIT seed="0,0,0,4,4,118" ten="250,250,250,250" oya="0" hai0="85,129,5,57,81,19,24,37,80,71,26,94,8" hai1="76,84,2,113,91,0,66,106,78,75,116,36,109" hai2="67,11,43,122,90,128,21,134,105,9,102,119,93" hai3="101,100,99,10,79,12,35,89,86,68,61,58,120"/><T53/><D71/><U73/><E116/><V38/><F119/><W41/><G68/><T40/><D129/><U97/><E36/><V46/><F128/><W45/><G35/><T49/><D94/><U52/><E66/><V54/><F134/><W47/><G120/><T96/><D96/><U117/><E117/><V114/><F114/><W135/><G135/><T131/><D131/><U32/><E32/><V70/><F102/><W20/><G20/><T33/><D19/><U64/><E64/><V133/><F105/><W42/><G79/><T112/><D112/><U130/><E130/><V98/><F133/><W14/><G45/><T132/><D132/><U3/><E109/><V15/><F54/><W31/><G31/><T17/><D17/><U16/><E113/><V88/><F90/><W18/><G14/><T29/><D24/><U13/><E76/><V69/><F122/><W59/><G99/><T87/><D85/><U6/><E6/><V22/><F9/><W63/><G58/><T60/><D37/><U51/><E78/><V111/><F111/><W126/><G61/><T72/><D72/><U95/><E97/><V55/><F55/><N who="3" m="34303" /><G126/><T124/><D124/><U48/><E106/><V4/><REACH who="2" step="1"/><F70/><REACH who="2" ten="250,250,240,250" step="2"/><W30/><G101/><T50/><D40/><U23/><REACH who="1" step="1"/><E48/><REACH who="1" ten="250,240,240,250" step="2"/><V7/><F7/><W62/><G100/><T1/><D49/><U82/><E82/><N who="0" m="31849" /><D50/><U28/><E28/><V125/><F125/><W127/><G127/><T92/><D92/><U74/><E74/><V77/><F77/><W27/><G30/><T107/><D107/><U108/><E108/><RYUUKYOKU ba="0,2" sc="250,10,240,10,240,10,250,-30" hai0="1,5,8,26,29,33,53,57,60,87" hai1="0,2,3,13,16,23,51,52,73,75,84,91,95" hai2="4,11,15,21,22,38,43,46,67,69,88,93,98" /><INIT seed="0,1,2,1,4,94" ten="260,250,250,220" oya="0" hai0="76,99,16,2,83,119,96,132,68,14,53,42,86" hai1="125,56,116,64,120,124,100,97,37,110,25,22,9" hai2="43,3,98,19,40,131,31,127,112,44,109,88,75" hai3="92,23,48,15,38,78,85,126,29,133,77,104,4"/><T73/><D119/><U26/><E116/><V39/><F112/><W95/><G38/><T72/><D2/><U8/><E37/><V107/><F75/><W63/><G104/><T122/><D122/><U65/><E120/><V52/><F3/><W80/><G126/><N who="1" m="48746" /><E110/><V74/><F74/><W106/><G106/><T62/><D42/><U11/><E56/><V129/><F127/><W7/><G133/><T28/><D132/><U91/><E91/><V67/><F67/><N who="1" m="25673" /><E22/><V87/><F109/><W34/><G78/><T84/><D68/><U102/><E102/><V82/><F40/><W51/><G34/><T117/><D117/><U93/><AGARI ba="1,2" hai="8,9,11,25,26,93,97,100" m="25673,48746" machi="93" ten="40,2700,0" yaku="18,1,52,1" doraHai="94" who="1" fromWho="1" sc="260,-14,250,50,250,-8,220,-8" /><INIT seed="1,0,0,0,4,94" ten="246,300,242,212" oya="1" hai0="52,112,90,114,3,95,47,17,126,116,56,6,123" hai1="108,0,5,32,24,98,128,49,62,34,51,40,72" hai2="23,1,118,60,53,45,122,54,102,11,130,41,117" hai3="78,115,85,64,67,124,14,111,31,42,50,69,89"/><U121/><E72/><V9/><F122/><W22/><G115/><T133/><D116/><U16/><E121/><V18/><F102/><W26/><G111/><T76/><D123/><U109/><E128/><V61/><F130/><W8/><G124/><T96/><D126/><U4/><E62/><N who="2" m="24171" /><F1/><W100/><G69/><T119/><D119/><U105/><E34/><V81/><F81/><W107/><G78/><T63/><D133/><U87/><E87/><V43/><F117/><W129/><G129/><T20/><D76/><U120/><E120/><V15/><F118/><W77/><G77/><T25/><REACH who="0" step="1"/><D47/><REACH who="0" ten="236,300,242,212" step="2"/><N who="1" m="25831" /><E0/><V68/><F45/><N who="3" m="25911" /><G107/><T27/><D27/><U106/><E106/><V134/><F134/><W36/><G36/><T103/><D103/><N who="1" m="62711" /><E32/><V73/><F73/><W91/><G100/><T127/><D127/><U66/><E24/><V30/><F68/><W28/><G91/><T46/><D46/><U55/><E108/><V35/><F35/><W13/><G31/><T83/><D83/><U99/><E109/><V104/><F104/><W58/><G58/><T79/><D79/><U70/><E70/><V125/><F125/><W86/><G89/><T44/><D44/><U82/><E82/><V75/><F75/><W71/><G71/><T39/><D39/><U10/><E66/><N who="3" m="25130" /><G14/><T59/><D59/><U29/><E29/><V33/><F41/><W12/><G13/><T19/><D19/><AGARI ba="0,1" hai="8,12,19,22,26,28,85,86" m="25130,25911" machi="19" ten="30,1000,0" yaku="8,1" doraHai="94" who="3" fromWho="0" sc="236,-10,300,0,242,0,212,20" /><INIT seed="2,0,0,3,2,64" ten="226,300,242,232" oya="2" hai0="7,98,31,49,65,123,6,94,114,20,111,130,128" hai1="11,24,72,50,58,132,53,99,110,36,4,77,19" hai2="34,83,30,75,118,86,131,81,92,100,97,116,54" hai3="109,43,0,76,91,48,62,41,29,26,9,82,25"/><V106/><F30/><W18/><G109/><T101/><D123/><U27/><E36/><V38/><F34/><W108/><G108/><T60/><D114/><U57/><E110/><V52/><F38/><W117/><G117/><T28/><D111/><U1/><E132/><V73/><F54/><W78/><G62/><T88/><D49/><U32/><E72/><N who="2" m="27723" /><F52/><W69/><G69/><N who="0" m="42151" /><D101/><U90/><E27/><V10/><F10/><W74/><G78/><T40/><D40/><U119/><E32/><V115/><F115/><W44/><G91/><T59/><D59/><U126/><E58/><V56/><F56/><W107/><G107/><T47/><D47/><U33/><E57/><V22/><F22/><W61/><G61/><T68/><D68/><U2/><E50/><V124/><F124/><W13/><G0/><T79/><D79/><U70/><E1/><V23/><F23/><W71/><G71/><T93/><D93/><U102/><E2/><V125/><F125/><W45/><REACH who="3" step="1"/><G29/><REACH who="3" ten="226,300,242,222" step="2"/><N who="0" m="11339" /><D20/><U113/><E126/><V96/><F118/><W104/><G104/><T63/><D63/><U87/><E119/><V112/><F116/><W42/><G42/><T129/><AGARI ba="0,1" hai="6,7,88,94,98,128,129,130" m="11339,42151" machi="129" ten="40,5200,0" yaku="19,1,52,1,54,1" doraHai="64" who="0" fromWho="0" sc="226,62,300,-13,242,-26,222,-13" /><INIT seed="3,0,0,2,5,25" ten="288,287,216,209" oya="3" hai0="34,90,48,98,107,100,84,87,59,125,46,22,108" hai1="111,81,33,35,99,89,113,135,36,124,101,29,123" hai2="51,54,53,128,106,117,13,85,112,56,63,16,131" hai3="74,6,1,31,44,121,30,17,0,65,118,66,71"/><W64/><G118/><T42/><D34/><U110/><E113/><V79/><F106/><W91/><G121/><T80/><D108/><N who="1" m="41515" /><E123/><V55/><F112/><W41/><G71/><T82/><D125/><U45/><E124/><V77/><F117/><W21/><G74/><T104/><D22/><U103/><E135/><V119/><F119/><W52/><G91/><T2/><D2/><U109/><N who="1" m="41523" /><U62/><DORA hai="88" /><E62/><V95/><F131/><W102/><G102/><T11/><D11/><U70/><E70/><V78/><F128/><W57/><G1/><T26/><D26/><N who="1" m="18615" /><E35/><V3/><F3/><W32/><G6/><T58/><REACH who="0" step="1"/><D104/><REACH who="0" ten="278,287,216,209" step="2"/><U72/><E72/><V69/><F69/><W86/><G0/><T67/><D67/><N who="3" m="17153" /><W8/><DORA hai="114" /><G32/><T129/><D129/><U39/><E39/><V15/><F15/><N who="3" m="9407" /><G8/><T122/><D122/><U83/><E83/><V92/><F85/><W134/><G134/><T97/><D97/><U75/><E99/><V23/><F55/><W116/><G116/><T4/><D4/><U10/><E10/><V105/><F105/><W14/><G14/><T126/><D126/><U50/><E36/><V9/><F9/><W27/><G86/><T47/><D47/><AGARI ba="0,1" hai="13,16,23,47,51,53,54,56,63,77,78,79,92,95" machi="47" ten="40,8000,1" yaku="8,1,52,2,54,1" doraHai="25,88,114" who="2" fromWho="0" sc="278,-80,287,0,216,90,209,0" owari="198,-30.2,287,8.7,306,40.6,209,-19.1" /></mjloggm>