<mjloggm ver="2.3"><GO type="225" lobby="0"/><UN n0="%72%69%6F%75%63%68%61%6E" n1="%E3%82%A2%E3%83%BC%E3%83%A2%E3%83%AD%E3%83%BC%E3%83%B4%E3%82%A1" n2="%E6%A1%9C%E8%8A%B1%E9%96%83%E3%80%85" n3="%E8%B6%85%E7%B4%9A%E9%B3%B3%E5%87%B0" dan="16,16,16,17" rate="2204.79,2108.82,2194.47,2157.63" sx="M,M,M,F"/><TAIKYOKU oya="0"/><INIT seed="0,0,0,1,2,25" ten="250,250,250,250" oya="0" hai0="26,42,117,65,39,86,10,132,113,55,89,72,121" hai1="22,32,125,87,69,28,1,56,15,115,49,90,73" hai2="58,71,60,46,52,126,33,8,124,128,107,77,20" hai3="116,84,75,96,112,100,53,31,111,9,12,67,37"/><T74/><D113/><U97/><E115/><V106/><F33/><W66/><G75/><T16/><D117/><U24/><E69/><V130/><F77/><W14/><G112/><T61/><D121/><U104/><E73/><V120/><F8/><W76/><G116/><T27/><D132/><U102/><E1/><V85/><F85/><W38/><G111/><T19/><D72/><U18/><E125/><N who="2" m="48235" /><F120/><W94/><G14/><T11/><D74/><U118/><E118/><V34/><F34/><W57/><G38/><T99/><D99/><U105/><E105/><N who="2" m="39947" /><F71/><W109/><G37/><T41/><D39/><U123/><E123/><V62/><F46/><W131/><G109/><T48/><D10/><U40/><E56/><N who="2" m="34823" /><F20/><W134/><G76/><T63/><D11/><U70/><E70/><V92/><F92/><W0/><G84/><T43/><D63/><U21/><E32/><V5/><F5/><W23/><G9/><T133/><D133/><U88/><REACH who="1" step="1"/><E87/><REACH who="1" ten="250,240,250,250" step="2"/><V7/><F7/><W129/><G0/><T17/><D61/><U82/><E82/><V110/><F110/><W4/><G4/><T44/><REACH who="0" step="1"/><D65/><AGARI ba="0,1" hai="58,62,65,128,130" m="34823,39947,48235" machi="65" ten="30,2000,0" yaku="18,1,54,1" doraHai="25" who="2" fromWho="0" sc="250,-20,240,0,250,30,250,0" /><INIT seed="1,0,0,0,1,61" ten="230,240,280,250" oya="1" hai0="92,127,122,102,37,41,44,132,33,5,69,23,19" hai1="120,72,113,15,56,57,62,88,11,42,65,77,93" hai2="6,9,4,45,82,86,108,55,25,121,31,107,35" hai3="100,32,24,119,84,14,117,78,0,21,12,67,83"/><U10/><E113/><V99/><F121/><W134/><G0/><T2/><D122/><U130/><E120/><V131/><F108/><W74/><G134/><T106/><D132/><U110/><E130/><V7/><F131/><W98/><G32/><T114/><D114/><U16/><E110/><V103/><F55/><W20/><G74/><T81/><D127/><U18/><E42/><V116/><F45/><W124/><G124/><T8/><D33/><U54/><E72/><V27/><F27/><W26/><G117/><T126/><D126/><U17/><E77/><V50/><F50/><W125/><G125/><T58/><D69/><U36/><E36/><V49/><F49/><W70/><G119/><T51/><D106/><U97/><E11/><V48/><F48/><AGARI ba="0,0" hai="10,15,16,17,18,48,54,56,57,62,65,88,93,97" machi="48" ten="30,12000,1" yaku="7,1,8,1,52,1,54,2" doraHai="61" who="1" fromWho="2" sc="230,0,240,120,280,-120,250,0" /><INIT seed="1,1,0,2,4,22" ten="230,360,160,250" oya="1" hai0="45,57,80,133,56,13,90,69,20,116,106,65,40" hai1="77,32,62,108,41,12,17,113,95,21,70,51,36" hai2="120,132,29,135,107,24,99,23,102,122,119,1,86" hai3="128,5,109,19,94,129,38,83,96,55,61,104,28"/><U82/><E113/><V117/><F1/><W92/><G38/><T72/><D116/><U15/><E36/><V131/><F131/><N who="3" m="50251" /><G109/><T89/><D106/><U74/><E32/><V35/><F86/><W52/><G5/><T44/><D133/><N who="2" m="51274" /><F23/><W66/><G28/><T60/><D44/><U118/><E118/><AGARI ba="1,0" hai="24,29,35,99,102,107,117,118,119,120,122" m="51274" machi="118" ten="30,3900,0" yaku="20,1,23,1,52,1" doraHai="22" who="2" fromWho="1" sc="230,0,360,-42,160,42,250,0" /><INIT seed="2,0,0,1,1,77" ten="230,318,202,250" oya="2" hai0="92,128,11,107,13,62,59,3,91,95,18,81,89" hai1="10,131,7,42,49,2,9,78,134,26,109,39,70" hai2="115,80,122,58,36,20,37,98,130,125,99,24,83" hai3="94,112,73,72,19,60,100,16,46,29,76,12,126"/><V90/><F115/><W25/><G112/><T33/><D107/><U4/><E109/><V68/><F122/><W31/><G126/><T135/><D33/><U57/><E70/><V65/><F68/><W14/><G76/><T6/><D128/><U111/><E111/><V127/><F130/><W113/><G113/><T103/><D135/><U102/><E131/><V63/><F37/><W15/><G60/><T44/><D44/><U85/><E102/><V28/><F36/><W104/><G104/><T23/><D103/><U43/><E134/><V133/><F133/><W110/><G110/><T101/><D101/><U45/><E26/><V84/><REACH who="2" step="1"/><F80/><REACH who="2" ten="230,318,192,250" step="2"/><W22/><G94/><T32/><D32/><U86/><E39/><V106/><F106/><W93/><G93/><T35/><D35/><U108/><E108/><V27/><F27/><W56/><G25/><T48/><D95/><U54/><E78/><V38/><F38/><W132/><G132/><T17/><D92/><U21/><E85/><V119/><F119/><W74/><G100/><T120/><D120/><U123/><E86/><V82/><F82/><W87/><G87/><T124/><D81/><U0/><E123/><V53/><F53/><W88/><G88/><T117/><D117/><U50/><E42/><V47/><F47/><W129/><G129/><T52/><D124/><AGARI ba="0,1" hai="20,24,28,58,63,65,83,84,90,98,99,124,125,127" machi="124" ten="40,7700,0" yaku="1,1,18,1,52,1,53,0" doraHai="77" doraHaiUra="116" who="2" fromWho="0" sc="230,-77,318,0,192,87,250,0" /><INIT seed="2,1,0,4,5,14" ten="153,318,279,250" oya="2" hai0="125,127,29,134,47,66,19,126,11,103,117,57,38" hai1="33,4,113,75,72,110,73,77,58,74,108,69,30" hai2="97,116,64,25,22,91,109,79,3,5,76,68,51" hai3="54,17,13,6,34,112,71,94,12,43,123,82,118"/><V102/><F116/><W115/><G118/><T81/><D134/><U128/><E113/><N who="3" m="43594" /><G123/><T27/><D117/><U20/><E128/><V36/><F36/><W96/><G71/><T65/><D103/><U78/><E69/><V15/><F3/><W95/><G34/><T50/><D38/><U87/><E33/><V52/><F91/><W40/><G82/><T129/><D129/><U132/><E75/><V41/><F41/><N who="3" m="15947" /><G54/><N who="0" m="30047" /><D57/><U124/><E58/><N who="2" m="33055" /><F64/><N who="0" m="24682" /><D81/><U8/><E132/><V98/><F109/><W104/><G6/><T101/><D101/><U89/><E108/><V26/><F68/><W16/><G104/><T55/><D55/><U9/><E110/><V28/><F102/><N who="3" m="60695" /><G95/><T93/><D93/><U105/><E105/><V21/><F98/><W44/><G44/><T106/><D106/><U120/><E120/><V23/><F97/><W32/><G32/><N who="0" m="20543" /><D11/><U100/><E9/><N who="2" m="4527" /><F21/><W107/><G107/><T56/><D56/><U67/><E67/><V24/><F24/><W7/><G13/><T83/><D83/><U84/><E100/><V61/><F61/><W86/><G86/><T10/><D10/><AGARI ba="1,0" hai="7,10,12,16,17" m="60695,15947,43594" machi="10" ten="30,7700,0" yaku="11,1,52,2,54,1" doraHai="14" who="3" fromWho="0" sc="153,-80,318,0,279,0,250,80" /><INIT seed="3,0,0,3,0,30" ten="73,318,279,330" oya="3" hai0="21,28,71,75,133,112,83,26,60,70,10,108,37" hai1="120,20,9,89,130,91,122,13,53,74,73,97,85" hai2="121,94,23,110,80,33,124,99,98,109,65,38,12" hai3="106,115,118,40,18,50,52,79,57,81,113,116,42"/><W135/><G106/><T72/><D108/><N who="2" m="41578" /><F38/><W78/><G135/><T95/><D133/><U114/><E20/><V5/><F65/><W132/><G132/><T64/><D112/><U41/><E41/><V68/><F68/><W51/><G18/><T100/><D37/><U14/><E53/><V1/><F1/><W61/><G81/><T84/><D70/><U67/><E67/><V126/><F80/><W27/><G27/><T117/><D117/><N who="3" m="45161" /><G79/><T43/><D43/><N who="3" m="16425" /><G78/><T128/><D128/><U131/><E114/><AGARI ba="0,0" hai="50,51,52,57,61,113,114,115" m="16425,45161" machi="114" ten="30,5800,0" yaku="34,2,54,1" doraHai="30" who="3" fromWho="1" sc="73,0,318,-58,279,0,330,58" owari="73,-42.7,260,-14.0,279,7.9,388,48.8" /></mjloggm>