<mjloggm ver="2.3"><GO type="225" lobby="0"/><UN n0="%E9%89%A2%E5%B7%BB%E3%82%AC%E3%83%96" n1="%E5%AF%82%E5%AF%9E%E3%82%AE%E3%83%8D%E3%82%B9%E3%83%93%E3%83%BC%E3%83%AB" n2="%33%74%72%65%65" n3="%E3%81%86%E3%82%8B%E3%81%8A%E3%81%A1%E3%82%83" dan="16,16,16,16" rate="2057.62,2163.79,2133.68,2069.90" sx="M,M,F,F"/><TAIKYOKU oya="0"/><INIT seed="0,0,0,4,0,100" ten="250,250,250,250" oya="0" hai0="99,21,126,101,8,65,132,94,82,37,128,60,11" hai1="41,32,13,123,75,16,40,10,85,97,112,109,35" hai2="86,58,56,57,84,61,48,47,23,79,108,17,49" hai3="91,7,51,90,24,110,63,88,28,107,135,66,33"/><T9/><D128/><U133/><E123/><V0/><F0/><W76/><G107/><T18/><D126/><U81/><E75/><V19/><F108/><W93/><G76/><T39/><D132/><U111/><E133/><V69/><F69/><W3/><G7/><T26/><REACH who="0" step="1"/><D82/><REACH who="0" ten="240,250,250,250" step="2"/><U25/><E111/><V118/><F118/><W80/><G110/><T131/><D131/><U96/><E109/><V22/><F61/><W103/><G80/><T105/><D105/><U42/><E112/><V29/><F29/><W95/><G135/><T89/><D89/><U102/><E102/><V4/><F4/><W92/><G103/><T104/><D104/><U53/><E81/><V12/><F79/><W83/><G83/><T129/><D129/><U46/><E85/><V98/><F98/><W36/><G3/><T52/><D52/><U72/><E97/><V77/><F77/><W27/><G88/><T121/><D121/><U74/><E96/><V87/><REACH who="2" step="1"/><F47/><REACH who="2" ten="240,250,240,250" step="2"/><W114/><G28/><T34/><D34/><U134/><E134/><V54/><F54/><W1/><G33/><T14/><D14/><AGARI ba="0,2" hai="12,14,17,19,22,23,48,49,56,57,58,84,86,87" machi="14" ten="40,5200,0" yaku="1,1,9,1,8,1,53,0" doraHai="100" doraHaiUra="119" who="2" fromWho="0" sc="240,-52,250,0,240,72,250,0" /><INIT seed="1,0,0,2,1,108" ten="188,250,312,250" oya="1" hai0="14,4,135,32,114,101,41,23,102,39,104,79,129" hai1="65,109,43,55,59,61,100,132,35,58,17,98,16" hai2="112,10,99,118,80,113,13,30,127,91,111,52,47" hai3="8,86,60,2,0,6,123,20,73,131,82,26,124"/><U3/><E109/><V74/><F111/><W44/><G73/><T53/><D32/><U37/><E132/><V110/><F110/><W64/><G131/><T46/><D135/><U120/><E120/><V88/><F118/><W96/><G124/><T25/><D129/><U31/><E3/><V105/><F30/><W45/><G2/><T81/><D104/><U38/><E31/><V97/><F127/><W85/><G85/><T107/><D107/><U121/><E121/><V134/><F134/><W67/><G67/><T69/><D69/><U93/><E35/><V87/><F74/><W119/><G96/><N who="2" m="36937" /><F91/><W42/><G42/><T15/><D53/><U57/><E57/><V89/><F89/><W1/><G1/><T29/><D15/><U68/><E58/><V62/><F62/><W76/><G119/><T49/><D39/><U21/><E43/><V51/><F105/><W71/><G123/><T92/><D92/><U116/><E116/><V66/><F66/><W83/><G83/><T9/><REACH who="0" step="1"/><D114/><REACH who="0" ten="178,250,312,250" step="2"/><U54/><E38/><V18/><AGARI ba="0,1" hai="10,13,18,47,51,52,80,87,88,112,113" m="36937" machi="18" ten="30,8000,1" yaku="25,1,52,2,54,2" doraHai="108" who="2" fromWho="2" sc="178,-20,250,-40,312,90,250,-20" /><INIT seed="2,0,0,5,0,94" ten="158,210,402,230" oya="2" hai0="41,84,71,22,61,15,38,23,7,49,8,10,73" hai1="9,97,45,58,18,33,5,66,103,131,122,37,20" hai2="60,67,46,87,80,42,12,2,16,78,6,85,98" hai3="120,27,48,91,52,24,106,114,99,54,100,59,118"/><V30/><F30/><W133/><G118/><T74/><D38/><U72/><E33/><V126/><F126/><W93/><G120/><T104/><D104/><U113/><E113/><V57/><F2/><W62/><G133/><T50/><D71/><U82/><E122/><V51/><F6/><W125/><G114/><T28/><D61/><U26/><E131/><V81/><F98/><W134/><G134/><T124/><D28/><U14/><E45/><V108/><F108/><W105/><G105/><T123/><D123/><U34/><E37/><V128/><F128/><W3/><G3/><T130/><D130/><U102/><E34/><V55/><F42/><W83/><G83/><N who="2" m="31817" /><F78/><W112/><G125/><T68/><D68/><U92/><E82/><V77/><F77/><W17/><G17/><T76/><D76/><U56/><E72/><V64/><F67/><W0/><G0/><T127/><D41/><U25/><E66/><V129/><F129/><W119/><G119/><T88/><D7/><U35/><E103/><V29/><F29/><W132/><G132/><T32/><D32/><U39/><E39/><V110/><F110/><W47/><G112/><T63/><D63/><U19/><E35/><V11/><AGARI ba="0,0" hai="11,12,16,46,51,55,57,60,64,85,87" m="31817" machi="11" ten="30,3000,0" yaku="8,1,54,1" doraHai="94" who="2" fromWho="2" sc="158,-10,210,-10,402,30,230,-10" /><INIT seed="2,1,0,0,3,120" ten="148,200,432,220" oya="2" hai0="37,3,0,76,71,13,79,16,52,132,100,105,93" hai1="22,107,59,12,60,4,26,74,125,111,90,27,7" hai2="47,114,135,40,73,123,53,9,19,62,10,115,124" hai3="72,30,122,54,5,85,25,126,2,110,95,23,127"/><V82/><F10/><N who="3" m="2359" /><G72/><T44/><D105/><U89/><E107/><V117/><F19/><W131/><G122/><T67/><D132/><U42/><E74/><V32/><F32/><N who="3" m="20559" /><G54/><T101/><D0/><U11/><E125/><N who="3" m="47626" /><G131/><T20/><D3/><U86/><E42/><V61/><F53/><W113/><G113/><T65/><D37/><U121/><E4/><V83/><F40/><W57/><G57/><T50/><D100/><U38/><E38/><V63/><F123/><W69/><G69/><T48/><D48/><U94/><E121/><V118/><F114/><W35/><G35/><T109/><D109/><U43/><E43/><V77/><F73/><W80/><G23/><T102/><D102/><U91/><E111/><V17/><F63/><W68/><G68/><T28/><D28/><N who="1" m="17495" /><E27/><V92/><F115/><W119/><G119/><T70/><D70/><U29/><E29/><V33/><F118/><W58/><G58/><T112/><D112/><U55/><AGARI ba="1,0" hai="7,11,12,55,59,60,86,89,90,91,94" m="17495" machi="55" ten="30,1100,0" yaku="8,1" doraHai="120" who="1" fromWho="1" sc="148,-4,200,14,432,-6,220,-4" /><INIT seed="3,0,0,5,0,69" ten="144,214,426,216" oya="3" hai0="41,47,128,9,74,73,12,64,110,116,93,118,105" hai1="120,72,45,100,77,96,60,125,58,133,65,130,86" hai2="95,111,62,29,42,16,89,0,53,106,33,66,107" hai3="22,103,127,30,44,15,123,6,10,57,17,129,25"/><W117/><G117/><T3/><D105/><U99/><E120/><V84/><F0/><W7/><G123/><T108/><D3/><U19/><E72/><V132/><F42/><W102/><G127/><T13/><D41/><U28/><E125/><V113/><F113/><W70/><G70/><T55/><D93/><U23/><E130/><V78/><F53/><W63/><G44/><T97/><D55/><U131/><E133/><V8/><F78/><W14/><G129/><T46/><D9/><U27/><E131/><V59/><F132/><W54/><REACH who="3" step="1"/><G7/><REACH who="3" ten="144,214,426,206" step="2"/><T109/><D128/><U34/><E45/><V21/><F59/><W2/><G2/><T5/><D109/><U122/><E122/><V50/><F106/><W104/><G104/><T56/><D5/><U88/><E58/><V114/><F107/><W49/><G49/><T98/><REACH who="0" step="1"/><D56/><REACH who="0" ten="134,214,426,206" step="2"/><U38/><E60/><V11/><F50/><W4/><G4/><T71/><D71/><U75/><E65/><AGARI ba="0,2" hai="12,13,46,47,64,65,73,74,97,98,108,110,116,118" machi="65" ten="25,3200,0" yaku="1,1,22,2,53,0" doraHai="69" doraHaiUra="76" who="0" fromWho="1" sc="134,52,214,-32,426,0,206,0" owari="186,-21.4,182,-31.8,426,52.6,206,0.6" /></mjloggm>