<mjloggm ver="2.3"><GO type="225" lobby="0"/><UN n0="%72%69%6F%75%63%68%61%6E" n1="%E3%81%AF%E3%82%88%E3%81%8A%E3%81%98%E3%81%95%E3%82%93" n2="%E8%81%B7%E6%A5%AD%E3%80%81%E9%A2%A8%32" n3="%E5%B8%86%E7%AB%8B%E5%A4%8F%E8%A1%A3" dan="17,16,16,17" rate="2241.25,2162.88,2102.54,2140.28" sx="M,M,M,M"/><TAIKYOKU oya="0"/><INIT seed="0,0,0,5,1,40" ten="250,250,250,250" oya="0" hai0="30,52,114,20,25,135,49,54,27,87,110,104,67" hai1="63,121,92,10,60,116,28,45,22,18,107,17,108" hai2="13,70,66,81,97,8,47,83,19,26,62,4,42" hai3="86,5,24,38,43,90,7,75,35,37,82,103,68"/><T71/><D114/><U118/><E107/><V0/><F26/><W96/><G68/><T117/><D117/><U125/><E121/><V77/><F97/><W56/><G75/><T101/><D135/><U3/><E28/><V115/><F77/><W36/><G56/><T79/><D110/><U69/><E108/><V1/><F1/><W102/><G102/><T91/><D79/><U113/><E113/><V105/><F105/><W72/><G72/><T134/><D134/><U65/><E125/><V122/><F122/><W126/><G126/><T64/><D71/><U6/><E63/><V94/><F94/><W31/><REACH who="3" step="1"/><G43/><REACH who="3" ten="250,250,250,240" step="2"/><T84/><D101/><U39/><E118/><V14/><F115/><W57/><G57/><N who="0" m="32911" /><D104/><AGARI ba="0,1" hai="5,7,24,31,35,36,37,38,82,86,90,96,103,104" machi="104" ten="40,2600,0" yaku="1,1,53,1" doraHai="40" doraHaiUra="98" who="3" fromWho="0" sc="250,-26,250,0,250,0,240,36" /><INIT seed="1,0,0,4,0,32" ten="224,250,250,276" oya="1" hai0="47,40,15,1,105,96,92,127,44,102,7,106,5" hai1="36,59,60,76,84,115,20,23,12,34,19,101,45" hai2="37,91,26,38,118,128,56,3,80,90,83,75,82" hai3="120,70,74,125,25,16,129,35,112,55,18,67,93"/><U54/><E34/><V98/><F118/><W99/><G112/><T122/><D127/><U33/><E33/><V126/><F3/><W94/><G120/><T104/><D122/><U41/><E115/><V10/><F75/><W30/><G125/><T97/><D1/><U113/><E113/><V111/><F10/><W39/><G129/><T131/><D131/><U110/><E110/><V133/><F111/><W78/><G39/><T48/><D15/><U134/><E134/><V53/><F133/><W28/><G28/><T29/><D29/><U57/><E101/><V114/><F126/><W89/><G70/><T79/><D79/><U130/><E130/><V88/><F128/><W108/><G67/><T81/><D81/><U109/><E109/><V31/><F98/><W14/><G108/><T52/><REACH who="0" step="1"/><D96/><REACH who="0" ten="214,250,250,276" step="2"/><U123/><E123/><V0/><F0/><W103/><G14/><T42/><D42/><U124/><E124/><V61/><REACH who="2" step="1"/><F114/><REACH who="2" ten="214,250,240,276" step="2"/><W69/><G74/><T119/><D119/><U64/><E84/><V85/><F85/><W21/><G99/><T43/><D43/><U51/><E76/><V107/><F107/><W68/><G78/><T73/><D73/><U2/><E2/><V63/><F63/><W87/><G87/><T22/><D22/><AGARI ba="0,2" hai="12,19,20,22,23,36,41,45,51,54,57,59,60,64" machi="22" ten="30,1500,0" yaku="7,1" doraHai="32" who="1" fromWho="0" sc="214,-15,250,35,240,0,276,0" /><AGARI ba="0,0" hai="22,26,31,37,38,53,56,61,80,82,83,88,90,91" machi="22" ten="40,2600,0" yaku="1,1,54,1,53,0" doraHai="32" doraHaiUra="4" who="2" fromWho="0" sc="199,-26,285,0,240,26,276,0" /><INIT seed="1,1,0,4,4,26" ten="173,285,266,276" oya="1" hai0="22,19,10,124,65,132,43,108,90,68,53,25,71" hai1="92,15,133,83,91,33,8,66,20,86,103,95,63" hai2="100,89,47,48,67,119,32,38,73,82,4,0,126" hai3="123,24,5,118,49,114,35,51,17,110,6,122,97"/><U7/><E133/><V106/><F32/><W31/><G114/><T128/><D124/><U3/><E33/><V111/><F111/><W77/><G77/><T29/><D128/><U54/><E54/><V40/><F126/><W76/><G76/><T93/><D108/><U9/><E20/><V2/><F119/><W13/><G97/><T56/><D132/><U135/><E103/><V18/><F73/><W102/><G102/><T44/><D65/><U36/><E36/><V37/><F67/><W27/><G110/><T11/><D71/><U99/><E99/><V60/><F60/><W41/><G118/><T45/><D68/><U61/><E135/><V21/><F100/><W107/><G107/><T130/><D130/><U59/><E63/><V94/><F82/><W52/><G27/><T50/><D19/><AGARI ba="1,0" hai="3,7,8,9,15,19,59,61,66,83,86,91,92,95" machi="19" ten="30,1500,0" yaku="7,1" doraHai="26" who="1" fromWho="0" sc="173,-18,285,18,266,0,276,0" /><INIT seed="1,2,0,4,5,22" ten="155,303,266,276" oya="1" hai0="97,117,118,92,14,68,23,44,52,31,75,88,93" hai1="7,18,85,69,128,78,19,46,103,41,101,89,106" hai2="131,119,107,77,132,20,95,98,109,59,124,71,42" hai3="16,57,35,5,111,110,12,33,60,113,17,13,105"/><U114/><E114/><V96/><F71/><W11/><G105/><T104/><D68/><U32/><E69/><V47/><F119/><W34/><G113/><T64/><D75/><U29/><E78/><V87/><F109/><N who="3" m="41483" /><G57/><T115/><D115/><U30/><E7/><V67/><F124/><W82/><G82/><T54/><D104/><U25/><E30/><V0/><F0/><N who="3" m="423" /><G60/><T49/><D64/><U43/><E43/><V100/><F132/><W127/><G127/><T70/><D70/><U84/><E84/><V81/><F131/><W121/><G121/><T10/><D54/><U86/><E85/><V129/><F129/><W74/><G74/><T27/><D93/><U120/><E120/><V90/><F59/><W56/><G56/><T40/><D40/><U99/><E103/><V63/><F63/><W38/><G38/><T50/><D50/><U72/><E72/><V102/><F67/><W21/><G35/><T61/><D61/><U37/><REACH who="1" step="1"/><E128/><REACH who="1" ten="155,293,266,276" step="2"/><V2/><F102/><W6/><G6/><AGARI ba="2,1" hai="6,10,14,23,27,31,44,49,52,88,92,97,117,118" machi="6" ten="30,7700,0" yaku="7,1,52,1,54,2" doraHai="22" who="0" fromWho="3" sc="155,93,293,0,266,0,276,-83" /><BYE who="1" /><INIT seed="2,0,0,5,1,28" ten="248,293,266,193" oya="2" hai0="97,29,23,95,86,127,18,61,0,53,124,109,85" hai1="128,33,55,93,125,10,83,17,38,63,88,133,25" hai2="3,116,1,43,2,50,107,12,91,32,70,100,5" hai3="27,24,77,131,7,59,112,42,40,14,13,67,35"/><V104/><F116/><UN n1="%E3%81%AF%E3%82%88%E3%81%8A%E3%81%98%E3%81%95%E3%82%93" /><W134/><G131/><T65/><D109/><U115/><E115/><V46/><F70/><W113/><G134/><T71/><D0/><U44/><E133/><V51/><F32/><W72/><G72/><T37/><D37/><U68/><E128/><V121/><F121/><W117/><G117/><T60/><D29/><U120/><E120/><V122/><F122/><W58/><G77/><T132/><D132/><U96/><E125/><N who="0" m="48201" /><D60/><U47/><E38/><V102/><F91/><W103/><G103/><N who="0" m="60863" /><D53/><U30/><E83/><V75/><F75/><W20/><G20/><T119/><D119/><U123/><E123/><V31/><F31/><W4/><G67/><T82/><D82/><U6/><E17/><V48/><F12/><AGARI ba="0,0" hai="12,18,23,61,65,71,85,86" m="60863,48201" machi="12" ten="30,1000,0" yaku="18,1" doraHai="28" who="0" fromWho="2" sc="248,10,293,0,266,-10,193,0" /><INIT seed="3,0,0,0,2,9" ten="258,293,256,193" oya="3" hai0="37,78,35,102,72,87,4,133,67,54,132,101,15" hai1="56,116,47,114,16,76,32,108,118,130,120,40,92" hai2="57,43,19,119,135,105,113,89,71,26,23,123,41" hai3="85,25,65,98,21,128,20,30,36,46,93,79,44"/><W45/><G128/><T131/><D72/><U60/><E114/><V50/><F71/><W0/><G0/><T107/><D35/><U117/><E108/><V53/><F105/><W55/><G36/><T24/><D37/><U75/><E130/><V52/><F113/><W103/><G65/><T94/><D107/><U66/><E120/><V104/><F119/><W70/><G70/><T95/><D131/><U59/><E32/><V112/><F104/><W83/><REACH who="3" step="1"/><G21/><REACH who="3" ten="258,293,256,183" step="2"/><T121/><D67/><U122/><E66/><V48/><F112/><W5/><G5/><T77/><D4/><U134/><E117/><V125/><F123/><W68/><G68/><T90/><D121/><U91/><E122/><V81/><F125/><W61/><G61/><T64/><D64/><U97/><E60/><V33/><F33/><W124/><G124/><T27/><D133/><U110/><E134/><V14/><F135/><W29/><G29/><T17/><D132/><U111/><E116/><V2/><F2/><W88/><G88/><N who="0" m="53535" /><D102/><U18/><E118/><V51/><F51/><AGARI ba="0,1" hai="20,25,30,44,45,46,51,55,79,83,85,93,98,103" machi="51" ten="40,3900,0" yaku="1,1,8,1,53,0" doraHai="9" doraHaiUra="69" who="3" fromWho="2" sc="258,0,293,0,256,-39,183,49" /><INIT seed="3,1,0,5,5,12" ten="258,293,217,232" oya="3" hai0="57,30,17,6,108,19,120,11,129,115,88,23,27" hai1="25,2,91,100,132,82,15,94,59,52,106,134,46" hai2="34,49,65,122,63,53,16,3,51,130,73,55,80" hai3="84,81,62,18,32,103,95,56,99,42,66,37,89"/><W104/><G32/><T10/><D120/><U7/><E2/><V22/><F3/><W109/><G109/><T113/><D108/><U121/><E121/><V35/><F122/><W45/><REACH who="3" step="1"/><G18/><REACH who="3" ten="258,293,217,222" step="2"/><N who="0" m="6667" /><D129/><U39/><E134/><V125/><F130/><W75/><G75/><T47/><D115/><U70/><E132/><V98/><F34/><W79/><G79/><T21/><D113/><U133/><E133/><V128/><F35/><W90/><G90/><T92/><D21/><U29/><E91/><V127/><F128/><W112/><G112/><T97/><D6/><U131/><E7/><V78/><F98/><W116/><G116/><T93/><D47/><U44/><E46/><V87/><F73/><W43/><G43/><T124/><D124/><N who="2" m="47690" /><F55/><W110/><G110/><T76/><D76/><U38/><E52/><V48/><F53/><W60/><G60/><T36/><D36/><U123/><E39/><V20/><F16/><W114/><G114/><T101/><D57/><AGARI ba="1,1" hai="20,22,48,49,51,57,63,65,78,80,87" m="47690" machi="57" ten="30,1000,0" yaku="18,1" doraHai="12" who="2" fromWho="0" sc="258,-13,293,0,217,23,222,0" /><INIT seed="4,0,0,0,2,104" ten="245,293,240,222" oya="0" hai0="102,78,14,126,24,47,49,67,76,10,107,90,21" hai1="55,97,31,111,75,101,132,79,12,121,48,25,131" hai2="27,77,51,29,127,65,93,68,60,62,112,100,88" hai3="38,1,96,40,36,20,56,73,133,117,3,8,30"/><T19/><D126/><U58/><E111/><V43/><F127/><W125/><G117/><T22/><D67/><U35/><E121/><V92/><F112/><W5/><G125/><T54/><D22/><U106/><E131/><V53/><F77/><W6/><G133/><T108/><D108/><U81/><E12/><V28/><F43/><W99/><G56/><T80/><D102/><U89/><E89/><V23/><F29/><W129/><G129/><T69/><D107/><U103/><E101/><V118/><F118/><W66/><G66/><T18/><D69/><U11/><E11/><V123/><F123/><W82/><G6/><T4/><D4/><U120/><E120/><V37/><F37/><W116/><G3/><T52/><D54/><U44/><E132/><V85/><F65/><W115/><G115/><T71/><D71/><U61/><E44/><N who="2" m="27879" /><F68/><W39/><G116/><T74/><D74/><U13/><E13/><V134/><F134/><W84/><G40/><T2/><D2/><U15/><E15/><V86/><F100/><W70/><G70/><T94/><D80/><U16/><E16/><V110/><F110/><W50/><G73/><T17/><D18/><U124/><E124/><V72/><F72/><W7/><G7/><T105/><D105/><U135/><E135/><V32/><F32/><W26/><REACH who="3" step="1"/><G50/><REACH who="3" ten="245,293,240,212" step="2"/><T87/><AGARI ba="0,1" hai="10,14,17,19,21,24,47,49,52,76,78,87,90,94" machi="87" ten="20,7800,0" yaku="0,1,7,1,8,1,54,1" doraHai="104" who="0" fromWho="0" sc="245,88,293,-26,240,-26,212,-26" owari="333,43.3,267,6.7,214,-18.6,186,-31.4" /></mjloggm>