<mjloggm ver="2.3"><GO type="225" lobby="0"/><UN n0="%72%69%6F%75%63%68%61%6E" n1="%E3%82%BC%E3%83%AB%E3%83%80%E3%81%AE%E4%BC%9D%E8%AA%AC" n2="%E9%BB%99%E8%81%B4%E3%81%AE%E3%81%99%E3%82%9D%E3%82%81" n3="%E3%80%90%E3%83%88%E3%83%AA%E3%83%A5%E3%83%95%E3%80%91" dan="16,17,16,16" rate="2200.91,2154.64,2144.39,2115.06" sx="M,M,M,M"/><TAIKYOKU oya="0"/><INIT seed="0,0,0,4,3,5" ten="250,250,250,250" oya="0" hai0="131,54,113,64,103,75,80,41,65,78,97,12,91" hai1="13,48,125,99,39,85,67,105,112,45,36,84,8" hai2="27,56,51,110,17,32,52,72,128,16,135,132,24" hai3="108,6,9,42,49,62,111,61,25,86,94,79,76"/><T87/><D113/><U1/><E1/><V44/><F72/><W119/><G25/><N who="2" m="9801" /><F32/><W4/><G4/><T30/><D131/><U18/><E112/><V38/><F128/><W69/><G119/><T116/><D116/><U117/><E117/><V47/><F110/><N who="3" m="42027" /><G69/><T68/><D30/><U2/><E2/><V109/><F109/><W28/><G28/><T37/><D68/><U0/><E0/><V73/><F73/><W123/><G123/><T34/><D34/><U53/><E125/><V10/><F38/><W71/><G76/><T14/><D54/><U3/><E3/><V11/><F135/><W104/><G104/><T70/><D41/><U101/><REACH who="1" step="1"/><E67/><REACH who="1" ten="250,240,250,250" step="2"/><N who="0" m="25673" /><D70/><U20/><E20/><V22/><F132/><W134/><G71/><T122/><D122/><U7/><E7/><V133/><F133/><W88/><G134/><T55/><D37/><AGARI ba="0,1" hai="8,13,18,36,37,39,45,48,53,84,85,99,101,105" machi="37" ten="40,2600,0" yaku="1,1,52,1,53,0" doraHai="5" doraHaiUra="90" who="1" fromWho="0" sc="250,-26,240,36,250,0,250,0" /><INIT seed="1,0,0,5,5,96" ten="224,276,250,250" oya="1" hai0="23,93,133,61,10,60,2,78,122,20,115,65,106" hai1="15,109,57,0,63,6,36,68,58,134,48,25,88" hai2="64,66,80,126,74,27,107,97,24,116,103,59,5" hai3="41,131,32,69,38,42,52,82,7,13,18,132,79"/><U29/><E36/><V71/><F116/><W75/><G69/><T72/><D115/><U121/><E121/><V105/><F126/><W77/><G131/><T12/><D106/><U31/><E0/><V94/><F71/><W50/><G132/><T40/><D122/><U21/><E134/><V14/><F66/><W129/><G129/><T114/><D114/><U45/><E109/><V110/><F110/><W3/><G32/><T73/><D133/><U37/><E37/><V47/><F47/><W22/><G79/><T16/><D40/><U4/><E68/><V87/><F74/><W30/><G30/><T26/><D78/><U104/><E104/><V39/><F39/><W83/><G83/><T86/><D2/><U91/><E29/><V112/><F112/><W70/><G70/><T43/><D43/><N who="1" m="24639" /><E58/><V124/><F124/><W46/><REACH who="3" step="1"/><G38/><REACH who="3" ten="224,276,250,240" step="2"/><T62/><D73/><U33/><E33/><V85/><F80/><W92/><G92/><T113/><D72/><U102/><E102/><V67/><F107/><W99/><G99/><T44/><D113/><U95/><E95/><V28/><F105/><W55/><G55/><T130/><D130/><U8/><E6/><V54/><F28/><W123/><G123/><T119/><D65/><AGARI ba="0,1" hai="4,8,15,21,25,31,57,63,65,88,91" m="24639" machi="65" ten="30,2900,0" yaku="8,1,54,1" doraHai="96" who="1" fromWho="0" sc="224,-29,276,39,250,0,240,0" /><INIT seed="1,1,0,0,2,132" ten="195,315,250,240" oya="1" hai0="38,86,34,69,101,111,93,125,92,24,41,49,131" hai1="120,14,134,78,62,16,81,115,116,112,88,79,71" hai2="20,46,13,98,95,36,5,12,117,25,67,72,74" hai3="44,64,1,130,40,45,82,53,4,52,110,85,7"/><U107/><E116/><V2/><F117/><W27/><G110/><T50/><D69/><U15/><E120/><V18/><F67/><W66/><G130/><T87/><D111/><U8/><E107/><V80/><F2/><W121/><G1/><T104/><D131/><U105/><E105/><V29/><F5/><W84/><G27/><T76/><D104/><U39/><E39/><V124/><F12/><W19/><G82/><T97/><D125/><U133/><E71/><V127/><F46/><W108/><G108/><T77/><D38/><U68/><E68/><V6/><F6/><W94/><G94/><T51/><D41/><U56/><E112/><V75/><F80/><W126/><G126/><N who="2" m="48169" /><F36/><W89/><G121/><T114/><D114/><U35/><E115/><V59/><F59/><W128/><G128/><T32/><D24/><U96/><E15/><V73/><F73/><W11/><G40/><T63/><D76/><U37/><E37/><V55/><F55/><W30/><G4/><T9/><D77/><U123/><E123/><V135/><F135/><W103/><G7/><T17/><D9/><U65/><E79/><V21/><F74/><W119/><G119/><T58/><D17/><U22/><E134/><V0/><F0/><W61/><G19/><T99/><D32/><U90/><E133/><V113/><F113/><W48/><G11/><T28/><D34/><U118/><E118/><V129/><F129/><W26/><G66/><N who="0" m="39287" /><D28/><U54/><E65/><V31/><F31/><W122/><G30/><T70/><D70/><U100/><E78/><V102/><AGARI ba="1,0" hai="13,18,20,21,25,29,72,75,95,98,102" m="48169" machi="102" ten="30,8000,1" yaku="5,1,18,1,52,3" doraHai="132" who="2" fromWho="2" sc="195,-21,315,-41,250,83,240,-21" /><INIT seed="2,0,0,3,4,18" ten="174,274,333,219" oya="2" hai0="109,125,89,97,20,0,84,126,99,107,102,52,106" hai1="7,63,133,69,67,42,9,112,6,30,25,114,53" hai2="85,39,36,55,81,94,127,100,50,79,24,78,40" hai3="76,4,38,96,123,117,57,80,8,49,132,74,83"/><V11/><F127/><N who="0" m="48650" /><D0/><U34/><E133/><V59/><F79/><W118/><G132/><T22/><D109/><U33/><E33/><V2/><F40/><W35/><G123/><T41/><D41/><U87/><E42/><V54/><F24/><W56/><G38/><T19/><D19/><U3/><E6/><V70/><F70/><W16/><G35/><T43/><D43/><U48/><REACH who="1" step="1"/><E87/><REACH who="1" ten="174,264,333,219" step="2"/><V113/><F85/><W32/><G32/><T86/><D52/><U82/><E82/><V17/><F81/><W93/><G83/><N who="0" m="49311" /><D86/><U46/><AGARI ba="0,1" hai="3,7,9,25,30,34,46,48,53,63,67,69,112,114" machi="46" ten="20,5200,0" yaku="1,1,0,1,7,1,53,1" doraHai="18" doraHaiUra="29" who="1" fromWho="1" sc="174,-13,264,62,333,-26,219,-13" /><INIT seed="3,0,0,4,2,65" ten="161,326,307,206" oya="3" hai0="71,21,72,77,93,88,37,116,110,14,121,19,55" hai1="11,39,84,97,124,132,5,49,63,10,18,54,38" hai2="87,78,131,15,134,89,52,53,26,17,125,105,114" hai3="46,34,85,103,91,100,90,56,122,3,126,48,117"/><W40/><G117/><T67/><D116/><U95/><E124/><V70/><F70/><W96/><G122/><T31/><D121/><U7/><E132/><V61/><F114/><W9/><G34/><T16/><D37/><U76/><E63/><V74/><F105/><W99/><G126/><T69/><D67/><U13/><E39/><V64/><F131/><W80/><G3/><T30/><D110/><U128/><E38/><V102/><F102/><W24/><G24/><N who="0" m="14375" /><D72/><U113/><E128/><V28/><F74/><W2/><G56/><T47/><D77/><U127/><E113/><V106/><F106/><W109/><G109/><T86/><D69/><U123/><E123/><V59/><F78/><W22/><G91/><T112/><D112/><U32/><E32/><V44/><F44/><W115/><G115/><T130/><D71/><U20/><E127/><V29/><F134/><W41/><G41/><T23/><D130/><U111/><E111/><V108/><F108/><W8/><G100/><T75/><D75/><U33/><E33/><V25/><F25/><W57/><G103/><T68/><D68/><U129/><E129/><V12/><F12/><W98/><G57/><T43/><D43/><U51/><E97/><V94/><F125/><W62/><G2/><T82/><D93/><U118/><E118/><V135/><F135/><W101/><G101/><T119/><D119/><U6/><E49/><V104/><F104/><W27/><G62/><T0/><D0/><U42/><E42/><V1/><F1/><W81/><G40/><T36/><D36/><U50/><E76/><RYUUKYOKU ba="0,0" sc="161,30,326,-10,307,-10,206,-10" hai0="14,19,23,30,31,47,55,82,86,88" owari="191,-30.9,316,41.6,297,9.7,196,-20.4" /></mjloggm>