<mjloggm ver="2.3"><GO type="225" lobby="0"/><UN n0="%4C%4F%4C%49%54%41" n1="%E3%82%A2%E3%83%A1%E3%82%A2%E3%83%A9%E3%83%AC" n2="%E3%83%9E%E3%83%AB%E3%83%9E%E3%83%AB%E3%81%A1%E3%82%83%E3%82%93" n3="%E3%83%81%E3%83%AF%E3%83%AF%E9%9A%8A%E9%95%B7" dan="16,16,16,17" rate="2167.93,2150.35,2132.22,2168.20" sx="F,M,M,M"/><TAIKYOKU oya="0"/><INIT seed="0,0,0,2,4,87" ten="250,250,250,250" oya="0" hai0="37,99,28,16,96,103,86,25,117,24,29,81,49" hai1="63,54,34,79,51,59,78,56,88,75,93,129,101" hai2="5,12,65,32,112,97,58,110,40,130,67,21,109" hai3="89,13,15,134,26,113,115,133,60,9,10,52,69"/><T47/><D117/><U36/><E129/><V91/><F32/><W2/><G2/><T83/><D37/><U104/><E34/><V44/><F112/><W122/><G122/><T11/><D83/><U66/><E36/><V62/><F130/><W120/><G120/><T94/><D99/><U6/><E6/><V98/><F65/><W102/><G102/><T46/><D25/><U125/><E125/><V64/><F67/><W85/><G26/><T127/><D127/><U92/><E104/><V118/><F118/><W30/><G30/><T76/><D47/><U77/><E93/><V22/><F5/><W114/><G69/><T33/><D33/><U74/><REACH who="1" step="1"/><E101/><REACH who="1" ten="250,240,250,250" step="2"/><V132/><F110/><W108/><G108/><T116/><D116/><U45/><E45/><V111/><F111/><W23/><G113/><T131/><D131/><U14/><E14/><V20/><F109/><W90/><G114/><T19/><D24/><U0/><E0/><V17/><F132/><W107/><G115/><T57/><D57/><U53/><E53/><V48/><F97/><AGARI ba="0,1" hai="51,54,56,59,63,66,74,75,77,78,79,88,92,97" machi="97" ten="40,5200,0" yaku="1,1,52,1,54,1,53,0" doraHai="87" doraHaiUra="121" who="1" fromWho="2" sc="250,0,240,62,250,-52,250,0" /><INIT seed="1,0,0,5,5,115" ten="250,302,198,250" oya="1" hai0="129,47,8,23,92,112,62,5,76,86,101,24,80" hai1="128,20,106,3,72,95,120,113,46,98,31,0,117" hai2="123,49,90,99,75,16,110,51,119,22,48,87,37" hai3="44,69,59,125,30,2,94,66,28,68,32,58,64"/><U83/><E113/><V18/><F119/><W61/><G2/><T70/><D112/><U102/><E120/><V55/><F123/><W116/><G116/><T103/><D129/><U74/><E117/><V132/><F110/><W43/><G125/><T67/><D47/><U13/><E128/><V127/><F132/><W108/><G108/><T126/><D92/><U81/><E46/><V104/><F127/><W77/><G77/><T54/><D54/><U73/><E95/><V6/><F37/><W14/><G14/><T33/><D33/><U34/><E34/><V17/><F75/><W29/><G32/><T53/><D53/><U97/><E97/><V122/><F122/><W109/><G109/><T71/><D71/><U9/><E3/><V26/><F6/><W91/><G64/><T52/><D52/><U93/><E106/><V78/><F104/><W11/><G11/><T25/><D25/><U121/><E0/><V1/><F1/><W50/><REACH who="3" step="1"/><G68/><REACH who="3" ten="250,302,198,240" step="2"/><T133/><D126/><U60/><E121/><V118/><F78/><W38/><G38/><T85/><D133/><U84/><E9/><V36/><F36/><W65/><G65/><T35/><D35/><U15/><E15/><V100/><F118/><W135/><G135/><T82/><D8/><U27/><E13/><V114/><F114/><W107/><G107/><T88/><REACH who="0" step="1"/><D5/><REACH who="0" ten="240,302,198,240" step="2"/><U19/><E27/><V96/><F26/><W134/><G134/><T79/><D79/><U131/><E131/><V56/><F22/><W42/><G42/><T7/><D7/><U57/><E20/><V105/><F99/><AGARI ba="0,2" hai="28,29,30,43,44,50,58,59,61,66,69,91,94,99" machi="99" ten="40,2600,0" yaku="1,1,6,1,53,0" doraHai="115" doraHaiUra="111" who="3" fromWho="2" sc="240,0,302,0,198,-26,240,46" /><INIT seed="2,0,0,1,2,117" ten="240,302,172,286" oya="2" hai0="50,44,104,31,109,55,56,49,120,3,74,128,20" hai1="54,61,51,14,132,90,16,48,24,15,68,19,8" hai2="22,96,4,11,92,100,80,118,60,42,121,18,78" hai3="105,67,133,41,45,76,57,23,95,84,0,36,5"/><V70/><F118/><W6/><G105/><T87/><D74/><U126/><E126/><V86/><F121/><W127/><G127/><T33/><D104/><U53/><E132/><V12/><F42/><W32/><G32/><T2/><D33/><U88/><E24/><V129/><F129/><W101/><G133/><T47/><D109/><U107/><E107/><V63/><REACH who="2" step="1"/><F70/><REACH who="2" ten="240,302,162,286" step="2"/><W9/><G41/><T25/><D120/><U28/><E68/><V98/><F98/><W134/><G134/><T125/><D128/><U108/><E108/><V10/><F10/><W124/><G9/><T130/><D130/><U112/><E112/><V135/><F135/><W81/><G124/><T110/><D125/><U99/><E99/><V40/><F40/><W35/><G36/><T65/><D110/><U34/><E8/><V7/><F7/><W27/><G5/><T106/><D2/><AGARI ba="0,1" hai="2,4,11,12,18,22,60,63,78,80,86,92,96,100" machi="2" ten="30,2900,0" yaku="1,1,7,1,53,0" doraHai="117" doraHaiUra="37" who="2" fromWho="0" sc="240,-29,302,0,162,39,286,0" /><INIT seed="2,1,0,0,4,14" ten="211,302,201,286" oya="2" hai0="81,78,34,89,108,64,66,37,44,80,132,49,79" hai1="97,103,27,59,76,33,82,61,1,113,50,86,40" hai2="91,98,129,48,11,19,24,57,87,77,109,35,55" hai3="38,75,47,5,16,96,93,72,23,127,7,85,131"/><V28/><F129/><W118/><G118/><T22/><D34/><U52/><E113/><V20/><F109/><W56/><G131/><T26/><D37/><U30/><E1/><V31/><F77/><W25/><G127/><T8/><D108/><U94/><REACH who="1" step="1"/><E40/><REACH who="1" ten="211,292,201,286" step="2"/><V84/><F11/><W119/><G119/><T3/><D3/><U134/><E134/><V60/><F48/><AGARI ba="1,1" hai="27,30,33,48,50,52,59,61,76,82,86,94,97,103" machi="48" ten="40,5200,0" yaku="1,1,54,1,53,1" doraHai="14" doraHaiUra="21" who="1" fromWho="2" sc="211,0,292,65,201,-55,286,0" /><INIT seed="3,0,0,2,3,130" ten="211,357,146,286" oya="3" hai0="56,68,5,19,91,54,131,127,64,94,26,132,38" hai1="128,90,96,65,79,111,57,43,121,120,134,116,14" hai2="105,2,81,123,107,114,83,112,20,10,44,117,59" hai3="47,27,70,102,13,122,8,78,115,12,103,11,21"/><W99/><G115/><T7/><D38/><U17/><E111/><V31/><F117/><W82/><G122/><T53/><D68/><U98/><E128/><V101/><F123/><W92/><G70/><T93/><D127/><U29/><E116/><V28/><F20/><W129/><G129/><T15/><D26/><U125/><E125/><V32/><F59/><W97/><G47/><T87/><D131/><U37/><E79/><V24/><F44/><W58/><G58/><T9/><D132/><U71/><E134/><V46/><F46/><W133/><G133/><T3/><D3/><U109/><E98/><V23/><F23/><W118/><G118/><T95/><D64/><U61/><E29/><V36/><F36/><W45/><G45/><T80/><REACH who="0" step="1"/><D54/><REACH who="0" ten="201,357,146,286" step="2"/><U77/><E65/><V84/><F24/><W72/><G27/><T126/><D126/><U1/><E1/><V48/><F2/><W0/><G0/><T49/><AGARI ba="0,1" hai="5,7,9,15,19,49,53,56,80,87,91,93,94,95" machi="49" ten="30,4000,0" yaku="1,1,0,1,8,1,53,0" doraHai="130" doraHaiUra="106" who="0" fromWho="0" sc="201,50,357,-10,146,-10,286,-20" owari="251,-14.9,347,44.7,136,-36.4,266,6.6" /></mjloggm>