<mjloggm ver="2.3"><GO type="225" lobby="0"/><UN n0="%4E%6F%2E%30%30%30%31" n1="%E3%81%B7%E3%82%8A%E3%82%93%E8%81%96%E4%BA%BA" n2="%73%6C%69%63%6B%33%31%39" n3="%E3%81%AF%E3%82%88%E3%81%8A%E3%81%98%E3%81%95%E3%82%93" dan="18,16,16,16" rate="2228.12,2114.33,2165.78,2141.40" sx="M,M,M,M"/><TAIKYOKU oya="0"/><INIT seed="0,0,0,1,4,15" ten="250,250,250,250" oya="0" hai0="67,35,25,66,113,37,76,124,92,59,106,62,91" hai1="133,51,19,72,78,24,82,69,127,115,96,10,45" hai2="26,46,71,43,64,3,85,4,23,5,60,52,22" hai3="134,98,53,40,107,27,68,73,94,132,104,6,86"/><T87/><D113/><U32/><E69/><V83/><F3/><W47/><G73/><T97/><D37/><U135/><E115/><V74/><F74/><W117/><G68/><T18/><D124/><U50/><E127/><V79/><F23/><W118/><G6/><T119/><D119/><N who="3" m="45577" /><G53/><N who="0" m="34159" /><D106/><U30/><E96/><V90/><F79/><W58/><G27/><T93/><D35/><U33/><E32/><V99/><F99/><W34/><G58/><T56/><D56/><U2/><E2/><V14/><F14/><W41/><G34/><T21/><D76/><U48/><E45/><V105/><F105/><W77/><G41/><T128/><D128/><U11/><REACH who="1" step="1"/><E19/><REACH who="1" ten="250,240,250,250" step="2"/><V88/><F4/><W121/><G47/><T8/><D8/><AGARI ba="0,1" hai="8,10,11,24,30,33,48,50,51,72,78,82,133,135" machi="8" ten="40,2600,0" yaku="1,1,2,1,53,0" doraHai="15" doraHaiUra="49" who="1" fromWho="0" sc="250,-26,240,36,250,0,250,0" /><INIT seed="1,0,0,0,4,0" ten="224,276,250,250" oya="1" hai0="107,124,5,7,22,96,46,57,24,21,14,115,25" hai1="66,31,91,118,19,47,50,10,105,36,54,70,8" hai2="1,80,133,4,119,103,43,88,113,53,59,62,116" hai3="42,49,117,128,108,12,81,40,90,18,100,68,132"/><U121/><E105/><V51/><F103/><W48/><G68/><T126/><D115/><U106/><E106/><V114/><F1/><W72/><G100/><T86/><D57/><U61/><E31/><V52/><F4/><N who="0" m="1610" /><D107/><U16/><E121/><V109/><F88/><W39/><G39/><T30/><D96/><U79/><E79/><V56/><F80/><W32/><G32/><N who="0" m="20551" /><D86/><U6/><E8/><V65/><F109/><W37/><G37/><T95/><D95/><U98/><E36/><V87/><F87/><W71/><G71/><T127/><D46/><U120/><E120/><V26/><F26/><W82/><G108/><T44/><D44/><U83/><E118/><N who="2" m="45099" /><F43/><W15/><G117/><T93/><D93/><U74/><E98/><V73/><F73/><W89/><G72/><T27/><D21/><U11/><E11/><V17/><F17/><AGARI ba="0,0" hai="14,17,22,25,27,124,126,127" m="20551,1610" machi="17" ten="40,12000,2" yaku="18,1,34,2,52,3" doraHai="0" who="0" fromWho="2" sc="224,120,276,0,250,-120,250,0" /><INIT seed="2,0,0,3,4,121" ten="344,276,130,250" oya="2" hai0="93,115,76,112,27,13,9,36,11,78,17,114,102" hai1="119,108,39,60,4,56,104,105,21,1,6,22,132" hai2="101,103,49,20,18,43,130,67,50,107,14,113,16" hai3="15,40,28,122,46,8,123,82,95,90,129,80,128"/><V0/><F113/><W96/><G28/><T100/><D36/><U84/><E39/><V98/><F130/><N who="3" m="50283" /><G46/><T23/><D9/><U97/><E119/><V72/><F72/><W74/><G40/><T89/><D78/><U30/><E132/><V116/><F116/><W47/><G47/><T7/><REACH who="0" step="1"/><D76/><REACH who="0" ten="334,276,130,250" step="2"/><U125/><E125/><V66/><F0/><W68/><G123/><T94/><D94/><U85/><E1/><V131/><F131/><W42/><G122/><T57/><D57/><U111/><E56/><V52/><F107/><W25/><G68/><T87/><AGARI ba="0,1" hai="7,11,13,17,23,27,87,89,93,100,102,112,114,115" machi="87" ten="30,2000,0" yaku="1,1,0,1,53,0" doraHai="121" doraHaiUra="65" who="0" fromWho="0" sc="334,30,276,-5,130,-10,250,-5" /><INIT seed="3,0,0,5,2,51" ten="364,271,120,245" oya="3" hai0="19,43,47,48,112,107,78,49,54,28,10,130,15" hai1="91,1,53,116,109,21,67,6,102,69,22,86,33" hai2="37,20,123,93,113,129,92,74,106,68,97,111,36" hai3="29,34,128,81,90,12,77,135,104,84,24,79,41"/><W120/><G120/><T4/><D130/><U76/><E33/><V110/><F20/><W30/><G104/><T114/><D107/><U50/><E76/><V0/><F0/><W117/><G117/><T46/><D28/><U56/><E109/><V96/><F68/><W131/><G135/><T127/><D127/><U99/><E1/><V83/><F106/><W103/><G103/><T8/><D78/><U133/><E6/><V55/><F123/><W3/><G3/><T63/><D63/><U40/><E40/><V88/><F129/><N who="3" m="49739" /><G41/><T5/><D19/><U101/><E133/><V25/><F25/><N who="3" m="18735" /><G12/><AGARI ba="0,0" hai="4,5,8,10,12,15,43,46,47,48,49,54,112,114" machi="12" ten="40,2600,0" yaku="9,1,52,1" doraHai="51" who="0" fromWho="3" sc="364,26,271,0,120,0,245,-26" owari="390,49.0,271,7.1,120,-38.0,219,-18.1" /></mjloggm>