<mjloggm ver="2.3"><GO type="225" lobby="0"/><UN n0="%6D%75%75%6D%75%72%61" n1="%E6%A1%9C%E8%8A%B1%E9%96%83%E3%80%85" n2="%E3%83%8F%E3%82%AC%E3%82%BF%E3%82%AB%E3%81%AE%E3%81%88%E3%81%98%E3%81%8D" n3="%72%65%6E%6B%75%6E" dan="16,17,16,17" rate="2126.88,2130.37,2169.13,2309.22" sx="F,M,M,M"/><TAIKYOKU oya="0"/><INIT seed="0,0,0,2,0,53" ten="250,250,250,250" oya="0" hai0="24,92,48,110,56,22,5,20,128,100,67,36,126" hai1="81,97,45,43,17,121,82,61,74,11,65,85,122" hai2="33,54,104,1,98,99,28,16,89,47,105,78,69" hai3="72,35,12,124,41,59,123,8,95,6,90,50,91"/><T71/><D36/><U37/><E74/><V30/><F69/><W94/><G72/><T13/><D128/><U31/><E31/><V114/><F114/><W88/><G35/><T127/><D71/><U73/><E73/><V14/><F1/><W15/><G123/><T117/><D117/><U60/><E97/><V62/><F78/><W119/><G119/><T103/><D110/><U112/><E112/><V38/><F38/><W63/><G124/><N who="0" m="47659" /><D92/><N who="3" m="35369" /><G15/><T27/><D13/><U84/><E61/><V51/><F62/><W64/><G50/><T29/><D5/><U129/><E129/><V87/><F33/><W58/><G58/><T131/><D131/><U2/><E2/><V42/><F105/><W116/><G116/><T135/><D135/><U86/><E122/><V76/><F42/><AGARI ba="0,0" hai="6,8,12,41,42,59,63,64,88,90,91" m="35369" machi="42" ten="30,3900,0" yaku="8,1,52,1,54,1" doraHai="53" who="3" fromWho="2" sc="250,0,250,0,250,-39,250,39" /><INIT seed="1,0,0,2,5,33" ten="250,250,211,289" oya="1" hai0="10,89,11,132,4,117,122,84,85,91,56,97,44" hai1="125,38,40,42,14,119,29,135,60,67,75,131,99" hai2="92,36,96,45,116,112,64,37,134,57,7,90,54" hai3="81,31,87,126,20,71,73,34,61,16,43,78,39"/><U8/><E119/><V24/><F116/><W68/><G126/><T128/><D117/><U106/><E125/><V15/><F134/><W28/><G34/><T107/><D132/><U13/><E135/><V18/><F112/><W1/><G1/><T127/><D127/><U58/><E75/><V17/><F64/><W98/><G98/><T41/><D128/><U77/><E77/><V88/><F45/><W118/><G118/><T101/><D122/><U69/><E131/><V80/><F37/><W86/><G43/><T124/><D124/><U120/><E14/><V72/><F36/><W51/><G51/><T59/><D85/><U94/><E106/><V5/><F18/><W95/><G39/><T2/><D11/><U27/><E69/><V25/><F90/><W6/><G6/><N who="2" m="2057" /><F80/><W121/><G121/><T52/><D84/><U12/><E38/><V83/><F83/><W115/><G115/><T74/><D74/><U110/><E120/><V114/><F72/><W109/><G109/><T35/><D35/><U76/><E76/><V50/><F114/><W0/><G0/><T133/><D133/><U3/><E3/><V113/><F113/><W79/><G73/><T82/><D82/><U100/><E110/><V47/><F47/><W9/><G78/><T105/><D105/><U32/><E13/><V93/><F92/><W30/><G95/><T104/><D104/><U21/><E32/><V66/><F66/><N who="3" m="41039" /><G71/><T129/><D129/><U62/><E62/><V22/><AGARI ba="0,0" hai="15,17,22,24,25,50,54,57,88,93,96" m="2057" machi="22" ten="30,2000,0" yaku="8,1,54,1" doraHai="33" who="2" fromWho="2" sc="250,-5,250,-10,211,20,289,-5" /><INIT seed="2,0,0,5,3,113" ten="245,240,231,284" oya="2" hai0="3,37,71,95,27,9,98,104,100,44,2,20,94" hai1="56,68,85,78,45,127,23,55,135,42,81,24,115" hai2="109,18,28,126,110,120,92,12,51,101,74,7,82" hai3="31,102,65,21,79,130,8,54,125,117,60,15,116"/><V83/><F120/><W89/><G125/><T91/><D71/><U73/><E115/><V30/><F126/><W76/><G130/><T84/><D104/><U36/><E127/><V108/><F7/><W10/><G102/><T17/><REACH who="0" step="1"/><D9/><REACH who="0" ten="235,240,231,284" step="2"/><U97/><E68/><V124/><F124/><W121/><G10/><T132/><D132/><U53/><E135/><V67/><F67/><W105/><G105/><T69/><D69/><U22/><E55/><V64/><F64/><W1/><G54/><T72/><D72/><U131/><E73/><V111/><F111/><W90/><G8/><T52/><D52/><U40/><E131/><V93/><F74/><W80/><G121/><T134/><D134/><U107/><E53/><V106/><F106/><W25/><G116/><T99/><D99/><U14/><E97/><V19/><F108/><W88/><G117/><T43/><AGARI ba="0,1" hai="2,3,17,20,27,37,43,44,84,91,94,95,98,100" machi="43" ten="30,2000,0" yaku="1,1,0,1,53,0" doraHai="113" doraHaiUra="6" who="0" fromWho="0" sc="235,30,240,-5,231,-10,284,-5" /><INIT seed="3,0,0,4,2,40" ten="265,235,221,279" oya="3" hai0="68,45,32,104,26,60,47,25,61,103,43,42,72" hai1="119,67,102,76,93,97,23,63,34,106,112,105,130" hai2="121,58,41,11,17,29,77,123,82,13,79,2,22" hai3="56,18,1,21,62,101,74,20,66,7,124,55,54"/><W83/><G124/><T39/><D72/><U118/><E112/><V35/><F58/><W46/><G101/><T113/><D113/><U37/><E34/><V9/><F79/><W52/><G1/><T122/><D122/><N who="2" m="46602" /><F41/><W115/><G7/><T116/><D116/><N who="1" m="44587" /><E130/><V108/><F108/><W88/><G115/><T75/><D75/><U49/><E37/><V5/><F82/><W14/><G20/><T27/><D32/><U125/><E125/><V24/><F77/><W64/><G64/><T51/><REACH who="0" step="1"/><D68/><REACH who="0" ten="255,235,221,279" step="2"/><N who="1" m="42111" /><E76/><V73/><F73/><W98/><G74/><T135/><D135/><U126/><E126/><V0/><F11/><W81/><G46/><T85/><D85/><U92/><E23/><V53/><F53/><W129/><G129/><T120/><D120/><U131/><E131/><V110/><F110/><W44/><G44/><T3/><D3/><AGARI ba="0,1" hai="0,2,3,5,9,13,17,22,24,29,35" m="46602" machi="3" ten="30,7700,0" yaku="24,1,13,1,34,2" doraHai="40" who="2" fromWho="0" sc="255,-77,235,0,221,87,279,0" owari="178,-32.2,235,-16.5,308,40.8,279,7.9" /></mjloggm>