<mjloggm ver="2.3"><GO type="225" lobby="0"/><UN n0="%E6%A1%9C%E8%8A%B1%E9%96%83%E3%80%85" n1="%4D%6F%6E%61%6E%61" n2="%E3%81%BD%E3%82%8D" n3="%E5%B8%86%E7%AB%8B%E5%A4%8F%E8%A1%A3" dan="16,16,16,16" rate="2154.10,2090.28,2169.48,2162.08" sx="M,F,M,M"/><TAIKYOKU oya="0"/><INIT seed="0,0,0,1,4,62" ten="250,250,250,250" oya="0" hai0="45,5,32,29,36,112,50,100,22,127,86,35,31" hai1="84,99,114,55,98,12,64,119,68,7,125,60,58" hai2="48,121,17,3,11,23,38,109,1,44,115,95,37" hai3="120,78,57,91,118,88,123,132,14,46,66,116,25"/><T135/><D112/><U49/><E119/><V65/><F115/><W106/><G106/><T81/><D36/><U128/><E125/><V61/><F121/><N who="3" m="46667" /><G78/><T40/><D127/><U2/><E2/><V53/><F109/><W13/><G132/><T39/><D135/><U30/><E128/><V131/><F131/><W122/><G122/><T20/><D39/><U18/><E114/><V69/><F95/><W80/><G46/><T16/><D5/><U79/><E30/><N who="0" m="11273" /><D32/><U94/><E7/><V0/><REACH who="2" step="1"/><F11/><REACH who="2" ten="250,250,240,250" step="2"/><W126/><G126/><T110/><D110/><U107/><E107/><V93/><F93/><W4/><G118/><T54/><D35/><U8/><REACH who="1" step="1"/><E94/><REACH who="1" ten="250,240,240,250" step="2"/><V87/><F87/><W82/><G116/><T75/><D75/><U105/><E105/><V56/><F56/><W28/><G57/><T52/><D100/><U111/><E111/><V90/><F90/><W77/><G91/><N who="0" m="51663" /><D22/><U129/><E129/><V108/><F108/><W43/><G88/><T117/><D117/><U102/><E102/><V67/><F67/><W134/><G66/><T59/><D59/><U101/><E101/><V103/><F103/><W51/><G134/><T27/><AGARI ba="0,2" hai="16,20,27,40,45,50,52,54" m="51663,11273" machi="27" ten="30,6000,0" yaku="8,1,54,2" doraHai="62" who="0" fromWho="0" sc="250,80,240,-20,240,-20,250,-20" /><INIT seed="0,1,0,5,4,43" ten="330,220,220,230" oya="0" hai0="75,112,87,86,60,102,29,72,93,111,50,129,63" hai1="135,22,128,24,7,106,31,61,116,110,79,3,52" hai2="4,58,38,84,46,56,62,105,40,91,104,5,101" hai3="122,131,17,92,12,108,73,34,59,117,49,119,69"/><T41/><D112/><U130/><E116/><V45/><F101/><W132/><G73/><T94/><D129/><N who="1" m="49771" /><E106/><V95/><F45/><W10/><G69/><T47/><D111/><U78/><E135/><V89/><F58/><W37/><G37/><T114/><D114/><U115/><E110/><V19/><F19/><W126/><G131/><T1/><D1/><U82/><E115/><V80/><F105/><W125/><G122/><T20/><D75/><U35/><E35/><V120/><F104/><W42/><G34/><T57/><D72/><U32/><E32/><V26/><F26/><W118/><G132/><T100/><D93/><U21/><E21/><V85/><REACH who="2" step="1"/><F120/><REACH who="2" ten="330,220,210,230" step="2"/><W15/><G59/><T39/><D102/><U76/><E7/><V127/><F127/><W68/><G126/><T48/><D57/><N who="1" m="34983" /><E3/><V53/><AGARI ba="1,1" hai="4,5,38,40,46,53,56,62,80,84,85,89,91,95" machi="53" ten="20,8000,1" yaku="1,1,0,1,7,1,52,1,53,1" doraHai="43" doraHaiUra="90" who="2" fromWho="2" sc="330,-41,220,-21,210,93,230,-21" /><INIT seed="1,0,0,2,4,111" ten="289,199,303,209" oya="1" hai0="94,36,47,96,88,68,34,31,54,6,58,55,10" hai1="84,27,97,91,1,114,110,5,79,19,108,64,104" hai2="124,43,22,9,70,66,109,37,48,92,25,117,71" hai3="13,26,106,103,42,127,41,39,12,49,32,112,15"/><U123/><E123/><V4/><F109/><N who="1" m="42089" /><E64/><V81/><F117/><W3/><G39/><T11/><D68/><U23/><E1/><V46/><F124/><W45/><G127/><T119/><D119/><U2/><E2/><V95/><F37/><W77/><G3/><T40/><D6/><U44/><E44/><V8/><F71/><W130/><G130/><T14/><D14/><U98/><E5/><V87/><F66/><W61/><G77/><T63/><REACH who="0" step="1"/><D55/><REACH who="0" ten="279,199,303,209" step="2"/><U16/><E114/><V57/><F70/><W30/><G112/><T135/><D135/><U120/><E120/><V115/><F115/><W7/><G7/><T107/><D107/><U59/><E59/><V85/><F4/><W17/><G106/><T21/><D21/><N who="1" m="13735" /><E104/><V89/><F57/><W132/><G132/><T51/><D51/><U82/><E79/><N who="2" m="46527" /><F95/><W53/><G13/><AGARI ba="0,1" hai="13,19,23,82,84,91,97,98" m="13735,42089" machi="13" ten="30,5800,0" yaku="14,1,10,1,54,1" doraHai="111" who="1" fromWho="3" sc="279,0,199,68,303,0,209,-58" /><INIT seed="1,1,0,3,3,124" ten="279,267,303,151" oya="1" hai0="95,17,57,9,126,77,88,100,97,63,87,66,110" hai1="13,127,33,4,28,58,34,47,55,102,64,19,104" hai2="10,89,128,71,20,68,21,76,42,5,118,30,38" hai3="105,112,48,70,27,72,83,52,46,45,2,107,82"/><U24/><E127/><V26/><F118/><W54/><G112/><T18/><D126/><U96/><E4/><V115/><F115/><W81/><G72/><T101/><D110/><U32/><E64/><V14/><F76/><W135/><G135/><T106/><D106/><U51/><REACH who="1" step="1"/><E47/><REACH who="1" ten="279,257,303,151" step="2"/><V12/><F71/><W7/><G70/><T129/><D129/><U133/><E133/><V80/><F68/><W31/><G7/><T131/><D131/><U116/><E116/><V108/><F128/><W111/><G111/><T62/><D62/><U113/><E113/><V43/><F108/><W3/><G3/><T99/><D77/><U73/><E73/><V134/><F134/><W130/><G2/><T121/><D121/><U122/><E122/><V132/><F132/><W16/><G130/><T78/><D78/><U92/><E92/><V40/><F38/><W25/><G46/><T59/><D59/><U79/><E79/><V36/><F36/><W22/><REACH who="3" step="1"/><G54/><REACH who="3" ten="279,257,303,141" step="2"/><T67/><D67/><U60/><E60/><V61/><F61/><W103/><G103/><T39/><D101/><U1/><E1/><V125/><F125/><W0/><G0/><T94/><D100/><U91/><E91/><V15/><F89/><W84/><G84/><T117/><D87/><U23/><AGARI ba="1,2" hai="13,19,23,24,28,32,33,34,51,55,58,96,102,104" machi="23" ten="20,7800,0" yaku="1,1,0,1,7,1,53,1" doraHai="124" doraHaiUra="44" who="1" fromWho="1" sc="279,-27,257,101,303,-27,141,-27" /><INIT seed="1,2,0,2,5,82" ten="252,358,276,114" oya="1" hai0="104,46,79,73,50,132,122,38,118,5,77,110,76" hai1="26,97,40,0,109,3,52,42,116,78,22,93,134" hai2="31,60,90,58,80,111,47,105,74,125,35,55,51" hai3="11,113,83,41,9,53,32,56,106,123,10,8,59"/><U87/><E116/><V114/><F111/><W100/><G113/><T18/><D118/><U119/><E119/><V23/><F105/><W108/><G123/><T124/><D110/><U130/><E134/><V29/><F114/><W126/><G126/><T117/><D117/><U84/><E109/><V88/><F125/><W72/><G108/><T65/><D124/><U67/><E67/><V15/><F35/><W44/><G32/><T57/><D132/><U61/><E130/><V12/><F74/><W129/><G129/><T92/><D104/><U133/><E0/><V68/><F68/><W37/><N who="3" m="2048" /><DORA hai="89" /><W75/><G83/><T49/><D73/><U24/><E3/><V33/><F33/><W48/><REACH who="3" step="1"/><G59/><REACH who="3" ten="252,358,276,104" step="2"/><T1/><D57/><N who="1" m="34983" /><E133/><V39/><F80/><W121/><G121/><T30/><D122/><U27/><E22/><V70/><F70/><W2/><G2/><T14/><D1/><U20/><E20/><V96/><F23/><W102/><G102/><T94/><D5/><U16/><E78/><V95/><F58/><W19/><G19/><T99/><D77/><U43/><E16/><V21/><F21/><W127/><G127/><T28/><D79/><U85/><E97/><AGARI ba="2,1" hai="37,41,44,48,53,56,72,75,97,100,106" m="2048" machi="97" ten="50,3200,0" yaku="1,1,53,1" doraHai="82,89" doraHaiUra="101,63" who="3" fromWho="1" sc="252,0,358,-38,276,0,104,48" /><INIT seed="2,0,0,5,5,71" ten="252,320,276,152" oya="2" hai0="6,55,43,120,86,102,123,47,69,3,133,42,116" hai1="84,110,90,78,38,37,44,9,103,39,54,112,125" hai2="127,66,87,4,67,98,14,15,12,33,36,20,85" hai3="115,22,0,100,27,24,34,107,23,56,83,62,108"/><V59/><F127/><W121/><G121/><T32/><D32/><U7/><E110/><V2/><F33/><W16/><G108/><T73/><D73/><U46/><E112/><V106/><F2/><W60/><G115/><T51/><D102/><U58/><E103/><V104/><F4/><W79/><G34/><T41/><D133/><U99/><E99/><V13/><F36/><W35/><G0/><T65/><D86/><U8/><E78/><V80/><F87/><W21/><G35/><T70/><D6/><U48/><E125/><V105/><F98/><W74/><G23/><T76/><D76/><U31/><E31/><V129/><F129/><W72/><G72/><T52/><D3/><U29/><E29/><V101/><F101/><W26/><G62/><N who="0" m="40119" /><D70/><U124/><E124/><V68/><F68/><W19/><G100/><T63/><D116/><U130/><E130/><V119/><F119/><W1/><G1/><T11/><D11/><U134/><E134/><V135/><F135/><W95/><G95/><T30/><D30/><U94/><REACH who="1" step="1"/><E8/><REACH who="1" ten="252,310,276,152" step="2"/><V117/><F117/><W132/><G132/><T77/><D77/><U96/><E96/><V93/><F105/><W5/><G107/><T113/><D113/><U81/><E81/><V91/><F80/><W53/><REACH who="3" step="1"/><G5/><REACH who="3" ten="252,310,276,142" step="2"/><T126/><D126/><U118/><E118/><V18/><F104/><W75/><G75/><T64/><D64/><N who="2" m="24618" /><F106/><W28/><G28/><T109/><D109/><U82/><E82/><V92/><F92/><W45/><G45/><T128/><D128/><U17/><E17/><V49/><F59/><AGARI ba="0,2" hai="41,42,43,47,51,52,55,59,63,120,123" m="40119" machi="59" ten="30,7700,0" yaku="6,1,34,2,54,1" doraHai="71" who="0" fromWho="2" sc="252,97,310,0,276,-77,142,0" /><INIT seed="3,0,0,1,0,122" ten="349,310,199,142" oya="3" hai0="119,102,29,13,95,123,47,28,111,68,72,73,55" hai1="58,66,104,109,60,65,133,23,54,70,118,43,41" hai2="20,84,44,132,135,127,40,16,128,39,19,112,74" hai3="46,96,75,116,10,9,0,21,113,67,77,130,17"/><W98/><G113/><T22/><D111/><U14/><E104/><V33/><F112/><W27/><G116/><T18/><D68/><N who="1" m="42023" /><E23/><V103/><F127/><W89/><G130/><T120/><D119/><U26/><E14/><V81/><F74/><W88/><G75/><T125/><D125/><U7/><E26/><N who="2" m="14599" /><F33/><W4/><G77/><T48/><D123/><U45/><E7/><V25/><F103/><W71/><G10/><T90/><D102/><U101/><E101/><V59/><F59/><W50/><G67/><T108/><D108/><U1/><E1/><V100/><F100/><W83/><G71/><T12/><D120/><U63/><E118/><V94/><F94/><W87/><REACH who="3" step="1"/><G89/><REACH who="3" ten="349,310,199,132" step="2"/><T114/><D114/><U37/><E133/><V38/><F128/><W85/><G85/><T36/><D73/><U80/><E80/><V78/><F38/><W34/><G34/><T57/><D72/><U49/><E43/><AGARI ba="0,1" hai="0,4,9,17,21,27,43,46,50,83,87,88,96,98" machi="43" ten="30,5800,0" yaku="1,1,7,1,54,1,53,0" doraHai="122" doraHaiUra="30" who="3" fromWho="1" sc="349,0,310,-58,199,0,132,68" /><INIT seed="3,1,0,4,0,107" ten="349,252,199,200" oya="3" hai0="83,15,80,103,81,128,117,44,99,112,21,135,39" hai1="75,129,0,32,91,94,105,14,43,9,63,98,8" hai2="66,116,110,121,71,25,122,113,38,24,30,124,37" hai3="82,62,89,10,97,55,73,70,7,106,102,18,51"/><W22/><G70/><T90/><D117/><U92/><E129/><V76/><F116/><W133/><G133/><T35/><D35/><U3/><E32/><V100/><F113/><W78/><G62/><T1/><D1/><U45/><E75/><V95/><F110/><W11/><G7/><T115/><D128/><U49/><E105/><V4/><F4/><W104/><G104/><N who="0" m="63615" /><D21/><U86/><E63/><N who="2" m="40415" /><F124/><W130/><G130/><T127/><D15/><U111/><E8/><V27/><F76/><W17/><G89/><T61/><D61/><U6/><E111/><V47/><F47/><W69/><G69/><T84/><D127/><U41/><E41/><V2/><F2/><W114/><G114/><N who="0" m="43563" /><D135/><U56/><E56/><V67/><F67/><W29/><G29/><T126/><D126/><U12/><E12/><V28/><F28/><W40/><G18/><T120/><D120/><N who="2" m="46186" /><F30/><W19/><G19/><T58/><D58/><U20/><E20/><V88/><F100/><AGARI ba="1,0" hai="0,3,6,9,14,43,45,49,86,91,92,94,98,100" machi="100" ten="30,1000,0" yaku="7,1" doraHai="107" who="1" fromWho="2" sc="349,0,252,13,199,-13,200,0" owari="349,44.9,265,6.5,186,-31.4,200,-20.0" /></mjloggm>