<mjloggm ver="2.3"><GO type="225" lobby="0"/><UN n0="%E7%B4%94%E6%BD%94%E3%83%94%E3%83%A9%E3%83%8B%E3%82%A2" n1="%6D%75%75%6D%75%72%61" n2="%E3%81%A9%E3%82%8F%E3%82%93%E3%81%94" n3="%E6%A1%9C%E8%8A%B1%E9%96%83%E3%80%85" dan="16,16,16,16" rate="2161.10,2083.22,2059.71,2029.34" sx="M,F,M,M"/><TAIKYOKU oya="0"/><INIT seed="0,0,0,1,2,123" ten="250,250,250,250" oya="0" hai0="96,31,45,94,73,21,104,110,1,85,18,67,115" hai1="118,119,38,97,41,13,17,111,72,129,120,109,88" hai2="22,117,11,108,125,68,102,84,103,2,20,101,58" hai3="23,5,42,81,60,53,15,64,128,52,33,3,48"/><T133/><D115/><U95/><E120/><V127/><F68/><W54/><G128/><T75/><D1/><U74/><E129/><V63/><F117/><W30/><G33/><T116/><D116/><U98/><E118/><V6/><F84/><W8/><G81/><T27/><D133/><U12/><E119/><V66/><REACH who="2" step="1"/><F108/><REACH who="2" ten="250,250,240,250" step="2"/><N who="1" m="41545" /><E98/><V93/><F93/><W61/><G61/><T121/><D85/><U135/><E135/><V4/><F4/><W26/><G3/><T49/><D104/><U25/><E25/><V91/><F91/><W44/><REACH who="3" step="1"/><G42/><REACH who="3" ten="250,250,240,240" step="2"/><T126/><D121/><U46/><E13/><V78/><F78/><W131/><G131/><T36/><D110/><U0/><E0/><V76/><F76/><W35/><G35/><T114/><D114/><U37/><E37/><V77/><F77/><W69/><AGARI ba="0,2" hai="5,8,15,23,26,30,44,48,52,53,54,60,64,69" machi="69" ten="20,8000,1" yaku="1,1,0,1,7,1,54,1,53,1" doraHai="123" doraHaiUra="47" who="3" fromWho="3" sc="250,-40,250,-20,240,-20,240,100" /><INIT seed="1,0,0,0,3,19" ten="210,230,220,340" oya="1" hai0="5,40,52,78,110,3,58,24,46,130,29,75,113" hai1="66,81,95,123,53,121,106,42,108,105,45,102,60" hai2="54,37,2,101,134,86,120,119,72,70,22,91,98" hai3="10,14,4,90,26,122,34,99,25,77,107,87,103"/><U79/><E53/><V64/><F120/><W69/><G122/><T50/><D113/><U133/><E133/><V97/><F119/><W114/><G114/><T43/><D110/><U30/><E121/><V93/><F72/><W12/><G69/><T92/><D130/><U65/><E123/><V96/><F2/><W59/><G77/><T56/><D75/><U124/><E124/><V33/><F33/><W36/><G36/><T35/><D78/><U84/><E108/><V15/><F37/><W61/><G14/><T7/><D3/><U83/><E83/><V125/><F125/><W109/><G34/><T32/><D32/><U115/><E115/><V28/><F134/><W116/><G116/><T131/><D131/><U112/><E112/><V51/><F64/><W17/><G4/><T62/><D43/><U67/><E60/><V13/><F70/><W117/><G117/><T8/><D8/><U31/><E105/><V55/><F101/><W0/><G0/><T104/><D104/><U38/><E106/><V47/><F55/><W6/><G6/><T23/><D35/><U41/><E42/><V135/><F135/><W20/><G10/><T76/><D76/><U18/><E18/><V57/><F47/><W27/><G109/><T74/><D74/><U39/><E39/><V126/><F126/><W85/><G90/><T1/><D1/><U48/><E38/><V100/><F100/><W88/><G88/><T11/><D11/><U94/><E94/><V128/><F128/><W80/><G80/><T49/><D92/><U73/><E73/><V129/><F129/><RYUUKYOKU ba="0,0" sc="210,0,230,0,220,0,340,0" hai0="5,7,23,24,29,40,46,49,50,52,56,58,62" hai1="30,31,41,45,48,65,66,67,79,81,84,95,102" hai2="13,15,22,28,51,54,57,86,91,93,96,97,98" hai3="12,17,20,25,26,27,59,61,85,87,99,103,107" /><INIT seed="1,1,0,2,3,108" ten="210,230,220,340" oya="1" hai0="32,55,67,106,37,101,8,132,87,27,44,92,115" hai1="63,25,124,128,103,68,0,127,18,43,65,70,50" hai2="80,45,77,79,11,34,120,69,97,95,104,116,53" hai3="114,54,20,107,41,78,51,35,109,73,23,60,15"/><U24/><E0/><V66/><F120/><W125/><G35/><T29/><D132/><U46/><E128/><V133/><F104/><W94/><G107/><T12/><D67/><U71/><E103/><V81/><F34/><W59/><G114/><T47/><D115/><U119/><E119/><V56/><F133/><W48/><G109/><T76/><D37/><U36/><E18/><V96/><F116/><W21/><G125/><N who="1" m="48202" /><E24/><V89/><F69/><N who="1" m="26729" /><E25/><V9/><F45/><W102/><G102/><T82/><D106/><U85/><E85/><V57/><F66/><W112/><G15/><T117/><D117/><U52/><E36/><V7/><F7/><W58/><G112/><T83/><D83/><N who="2" m="31818" /><F97/><W121/><G121/><T38/><D38/><U123/><E123/><V62/><F56/><W72/><G59/><T16/><REACH who="0" step="1"/><D55/><AGARI ba="1,0" hai="43,46,50,52,55,63,65,71" m="26729,48202" machi="55" ten="30,11600,0" yaku="18,1,34,2,54,1" doraHai="108" who="1" fromWho="0" sc="210,-119,230,119,220,0,340,0" /><INIT seed="1,2,0,5,2,116" ten="91,349,220,340" oya="1" hai0="38,99,101,61,31,128,121,2,120,51,108,54,57" hai1="98,22,112,25,88,0,105,119,106,20,55,43,7" hai2="91,1,8,125,35,90,53,67,44,84,80,59,30" hai3="39,21,58,87,52,115,18,103,23,50,14,85,24"/><U102/><E119/><V6/><F125/><W94/><G115/><T65/><D2/><U86/><E112/><V123/><F123/><N who="0" m="47178" /><D38/><U62/><E106/><V89/><F67/><W34/><G34/><T42/><D108/><U70/><E43/><V29/><F44/><W107/><G107/><N who="0" m="63935" /><D31/><U97/><E97/><V66/><F66/><W129/><G129/><T126/><D42/><U75/><E75/><V118/><F118/><W130/><G39/><T76/><D76/><U73/><E73/><V19/><F19/><N who="3" m="10487" /><G130/><T81/><D81/><U40/><E40/><V16/><F35/><W72/><G72/><T93/><D93/><U60/><E70/><V13/><F30/><W56/><G94/><T131/><D126/><U10/><E55/><V11/><REACH who="2" step="1"/><F29/><REACH who="2" ten="91,349,210,340" step="2"/><W9/><G18/><T64/><D64/><U109/><E109/><V117/><F117/><W28/><G28/><T15/><D15/><U79/><E0/><V110/><F110/><W132/><G52/><T77/><D77/><U41/><E79/><V4/><F4/><W5/><G5/><T134/><D134/><U33/><E7/><V82/><F82/><W49/><G132/><T48/><D48/><AGARI ba="2,1" hai="1,6,8,11,13,16,48,53,59,80,84,89,90,91" machi="48" ten="30,3900,0" yaku="1,1,7,1,54,1,53,0" doraHai="116" doraHaiUra="74" who="2" fromWho="0" sc="91,-45,349,0,210,55,340,0" /><INIT seed="2,0,0,5,2,112" ten="46,349,265,340" oya="2" hai0="30,52,125,92,4,43,29,103,61,31,106,39,78" hai1="5,8,33,100,23,85,46,24,93,62,94,80,54" hai2="116,120,129,121,1,70,51,21,58,49,53,65,57" hai3="98,76,38,27,26,90,19,12,77,117,113,48,114"/><V87/><F1/><W104/><G38/><T42/><D125/><U3/><E33/><V45/><F87/><W99/><G117/><T7/><D106/><U40/><E100/><V126/><F21/><W15/><G48/><T131/><D131/><U59/><E46/><V105/><F105/><W108/><G108/><T64/><D39/><U89/><REACH who="1" step="1"/><E40/><REACH who="1" ten="46,339,265,340" step="2"/><N who="2" m="24743" /><F126/><W134/><G113/><T18/><D43/><U9/><E9/><V71/><F129/><W28/><G114/><T133/><D42/><U56/><E56/><N who="2" m="21611" /><F116/><W96/><G104/><T84/><D133/><U6/><E6/><V88/><F88/><W97/><G90/><T115/><D7/><U135/><E135/><V67/><F121/><W47/><G134/><T37/><D4/><U109/><E109/><V22/><F22/><W101/><G101/><T32/><D115/><U14/><E14/><V16/><F120/><W69/><G12/><T81/><D32/><U110/><E110/><V66/><F16/><AGARI ba="0,1" hai="3,5,8,16,23,24,54,59,62,80,85,89,93,94" machi="16" ten="30,7700,0" yaku="1,1,7,1,54,1,53,1" doraHai="112" doraHaiUra="82" who="1" fromWho="2" sc="46,0,339,87,265,-77,340,0" /><INIT seed="3,0,0,1,0,28" ten="46,426,188,340" oya="3" hai0="74,79,27,121,15,58,4,80,134,126,1,63,129" hai1="45,69,21,84,115,51,56,26,18,24,97,6,17" hai2="29,99,13,131,49,2,39,0,32,25,78,127,91" hai3="86,75,46,106,40,62,117,42,34,81,98,112,125"/><W59/><G117/><T64/><D1/><U114/><E69/><V88/><F39/><W3/><G112/><T30/><D121/><U53/><E6/><V92/><F127/><W76/><G125/><T90/><D126/><U83/><E97/><V9/><F78/><W123/><G123/><T122/><D129/><U103/><E103/><V128/><F91/><W72/><G3/><T133/><D122/><U120/><E120/><V93/><F93/><W55/><G42/><T16/><D4/><U54/><E17/><V87/><F131/><W66/><G66/><T38/><D38/><U41/><E26/><V60/><F60/><W37/><REACH who="3" step="1"/><G34/><REACH who="3" ten="46,426,188,330" step="2"/><T82/><D134/><U73/><E54/><V22/><F0/><W61/><G61/><T101/><D133/><U11/><E114/><V7/><F128/><W31/><G31/><T43/><D43/><U107/><E115/><V104/><F104/><W111/><G111/><T48/><D48/><U116/><E107/><V8/><F49/><W124/><G124/><T70/><D101/><AGARI ba="0,1" hai="37,40,46,55,59,62,72,75,76,81,86,98,101,106" machi="101" ten="40,3900,0" yaku="1,1,53,1" doraHai="28" doraHaiUra="36" who="3" fromWho="0" sc="46,-39,426,0,188,0,330,49" /><INIT seed="3,1,0,1,1,100" ten="7,426,188,379" oya="3" hai0="119,43,76,40,86,49,124,89,111,126,74,16,108" hai1="30,117,58,123,127,98,120,80,13,104,39,94,29" hai2="48,69,72,33,31,87,26,15,52,105,47,121,46" hai3="6,7,24,60,81,55,63,130,8,0,110,42,64"/><W37/><G130/><T65/><D74/><U11/><E104/><V125/><F72/><W97/><G110/><T122/><D76/><U71/><E71/><V62/><F125/><W96/><G7/><T78/><D78/><U20/><E39/><V106/><F121/><W54/><G81/><T116/><D16/><U128/><E127/><N who="0" m="48681" /><D86/><U18/><E128/><V10/><F47/><W56/><G37/><T132/><D89/><U25/><E117/><N who="0" m="45129" /><D49/><U135/><E29/><V103/><F103/><W95/><G42/><T53/><D53/><U109/><E109/><N who="0" m="42057" /><D65/><U115/><E80/><V92/><F87/><W14/><G0/><T61/><D61/><U75/><E75/><V50/><F50/><W19/><G63/><T73/><D73/><U9/><E98/><N who="3" m="37994" /><G95/><T91/><D91/><U34/><E94/><V113/><F92/><W5/><G5/><T3/><D3/><U114/><E58/><V118/><F118/><W102/><G102/><T35/><D35/><U45/><E34/><V88/><F88/><W57/><G57/><T51/><D51/><U77/><E77/><V28/><F28/><W23/><AGARI ba="1,0" hai="6,8,14,19,23,24,54,55,56,60,64" m="37994" machi="23" ten="30,1500,0" yaku="8,1" doraHai="100" who="3" fromWho="3" sc="7,-6,426,-6,188,-6,379,18" /><INIT seed="3,2,0,5,2,47" ten="1,420,182,397" oya="3" hai0="89,28,24,40,102,100,106,93,70,130,104,18,95" hai1="60,74,66,51,62,29,46,76,94,86,8,133,21" hai2="56,14,75,43,105,2,10,65,135,37,45,33,90" hai3="22,78,79,85,126,92,52,119,77,3,13,118,96"/><W7/><G126/><T26/><D70/><U44/><E74/><V99/><F90/><N who="3" m="55319" /><G3/><T11/><D40/><N who="1" m="24967" /><E133/><V72/><F14/><W63/><G119/><T42/><D42/><U49/><E8/><V35/><F135/><W69/><G69/><T116/><D11/><U134/><E134/><V111/><F56/><N who="3" m="35207" /><G118/><T82/><D116/><U30/><E21/><V54/><F54/><W57/><G57/><T81/><D18/><U16/><E16/><V123/><F123/><W107/><G107/><T0/><D0/><U132/><E132/><V34/><F111/><W87/><G7/><T5/><D5/><U15/><E15/><V128/><F65/><W9/><G9/><T64/><D64/><U38/><E38/><V88/><F128/><W98/><G98/><T84/><D28/><N who="1" m="10859" /><E66/><V114/><F114/><W121/><G121/><T68/><D68/><U4/><E4/><V6/><REACH who="2" step="1"/><F88/><REACH who="2" ten="1,420,172,397" step="2"/><W23/><G13/><T1/><D89/><N who="1" m="53559" /><E76/><V20/><F20/><AGARI ba="2,1" hai="20,22,23,77,78,79,85,87" m="35207,55319" machi="20" ten="30,2900,0" yaku="8,1,54,1" doraHai="47" who="3" fromWho="2" sc="1,0,420,0,172,-35,397,45" owari="1,-49.9,420,22.0,137,-26.3,442,54.2" /></mjloggm>