<mjloggm ver="2.3"><GO type="225" lobby="0"/><UN n0="%E3%81%B2%E3%81%AA%E3%81%AE%E3%82%8A%E3%81%8F" n1="%72%69%6F%75%63%68%61%6E" n2="%6D%75%75%6D%75%72%61" n3="%E3%81%AF%E3%82%88%E3%81%8A%E3%81%98%E3%81%95%E3%82%93" dan="17,16,16,17" rate="2229.52,2142.99,2068.38,2239.09" sx="M,M,F,M"/><TAIKYOKU oya="0"/><INIT seed="0,0,0,2,5,91" ten="250,250,250,250" oya="0" hai0="15,100,98,46,85,106,74,52,42,93,104,135,38" hai1="61,132,102,10,39,120,56,110,122,28,0,86,29" hai2="19,27,112,37,60,36,49,103,48,22,70,1,23" hai3="68,114,3,79,17,55,62,133,9,121,77,33,31"/><T4/><D74/><U134/><E110/><V34/><F1/><W35/><G114/><T107/><D135/><N who="1" m="51755" /><E39/><V44/><F112/><W26/><G33/><T101/><D85/><U71/><E71/><V130/><F34/><W126/><G133/><T11/><REACH who="0" step="1"/><D52/><REACH who="0" ten="240,250,250,250" step="2"/><N who="1" m="33927" /><E102/><AGARI ba="0,1" hai="4,11,15,38,42,46,93,98,100,101,102,104,106,107" machi="102" ten="40,7700,0" yaku="1,1,52,1,53,1" doraHai="91" doraHaiUra="40" who="0" fromWho="1" sc="240,87,250,-77,250,0,250,0" /><INIT seed="0,1,0,5,5,49" ten="327,173,250,250" oya="0" hai0="114,48,11,76,121,132,62,26,126,100,70,23,50" hai1="47,128,80,117,31,64,12,41,10,135,75,72,96" hai2="86,77,20,28,131,15,81,118,105,1,120,59,109" hai3="65,134,8,25,19,83,52,45,82,58,29,43,78"/><T24/><D114/><U123/><E117/><V60/><F120/><W85/><G134/><T94/><D121/><U104/><E123/><V129/><F1/><W21/><G83/><T91/><D100/><U51/><E135/><V87/><F105/><W95/><G95/><T39/><D39/><U101/><E128/><V110/><F87/><W2/><G65/><T46/><D76/><U88/><E31/><V108/><F118/><W71/><G71/><T79/><D79/><U69/><E64/><V13/><F28/><W66/><G66/><T16/><D62/><U5/><REACH who="1" step="1"/><E69/><REACH who="1" ten="327,163,250,250" step="2"/><V27/><F129/><W38/><G29/><T18/><D70/><U84/><AGARI ba="1,1" hai="5,10,12,41,47,51,72,75,80,84,88,96,101,104" machi="84" ten="30,7900,0" yaku="1,1,2,1,0,1,54,1,53,0" doraHai="49" doraHaiUra="90" who="1" fromWho="1" sc="327,-40,163,92,250,-21,250,-21" /><INIT seed="1,0,0,3,0,53" ten="287,255,229,229" oya="1" hai0="127,71,11,50,133,82,23,129,38,62,88,6,81" hai1="42,69,117,73,58,27,17,97,114,33,113,86,83" hai2="90,135,15,48,35,22,80,91,47,74,79,78,118" hai3="115,95,10,29,30,49,31,55,105,104,121,24,119"/><U110/><E117/><V43/><F35/><W124/><G115/><T120/><D38/><U92/><E69/><V16/><F135/><W56/><G121/><T59/><D133/><U37/><E73/><V41/><F118/><W7/><G119/><T70/><D127/><U9/><E110/><V85/><F74/><W46/><G124/><T72/><D129/><U3/><E37/><V132/><F132/><W106/><G95/><T68/><D72/><U126/><E42/><V64/><F64/><W96/><G96/><T14/><D50/><U102/><E126/><V44/><REACH who="2" step="1"/><F79/><REACH who="2" ten="287,255,219,229" step="2"/><W2/><REACH who="3" step="1"/><G46/><REACH who="3" ten="287,255,219,219" step="2"/><T67/><D120/><U123/><E123/><V45/><F45/><W128/><G128/><T0/><D71/><U101/><E114/><V131/><F131/><W32/><AGARI ba="0,2" hai="2,7,10,24,29,30,31,32,49,55,56,104,105,106" machi="32" ten="30,4000,0" yaku="1,1,0,1,52,1,53,0" doraHai="53" doraHaiUra="40" who="3" fromWho="3" sc="287,-10,255,-20,219,-10,219,60" /><INIT seed="2,0,0,2,2,26" ten="277,235,209,279" oya="2" hai0="120,31,91,80,54,19,45,110,10,17,88,53,104" hai1="87,6,131,103,5,75,124,39,73,59,32,118,127" hai2="44,121,41,57,55,111,79,47,122,33,40,129,71" hai3="99,51,63,37,25,15,16,96,76,28,78,105,50"/><V21/><F33/><W24/><G37/><T29/><D104/><U115/><E115/><V86/><F71/><W56/><G25/><T65/><D120/><U97/><E118/><V77/><F129/><W66/><G105/><T113/><D113/><U100/><E39/><V81/><F111/><W109/><G109/><T38/><D65/><U85/><E32/><V98/><F79/><N who="3" m="30251" /><G24/><T134/><D38/><U95/><E59/><V114/><F114/><W72/><G28/><T116/><D110/><U68/><E68/><V125/><F125/><N who="1" m="48201" /><E131/><V36/><F98/><N who="3" m="37419" /><G72/><N who="1" m="27722" /><E100/><V128/><F128/><W49/><G50/><T23/><D116/><U70/><E70/><V83/><F36/><W3/><G3/><T14/><D134/><U34/><E34/><V2/><F2/><W30/><G30/><N who="0" m="11275" /><D45/><U20/><E20/><AGARI ba="0,0" hai="15,16,20,49,51,56,63,66" m="37419,30251" machi="20" ten="30,2000,0" yaku="8,1,54,1" doraHai="26" who="3" fromWho="1" sc="277,0,235,-20,209,0,279,20" /><INIT seed="3,0,0,2,5,30" ten="277,215,209,299" oya="3" hai0="95,50,120,82,131,22,35,122,70,57,9,51,101" hai1="34,125,119,66,43,12,52,88,21,23,44,3,98" hai2="123,31,110,87,86,11,106,38,117,69,96,65,104" hai3="15,83,75,49,134,115,32,25,90,85,124,128,48"/><W47/><G115/><T129/><D35/><U112/><E112/><V126/><F117/><W24/><G32/><T92/><D70/><U26/><E3/><V79/><F38/><W16/><G75/><T94/><D101/><U5/><E125/><V99/><F31/><W80/><G124/><T8/><D22/><U100/><E66/><V135/><F126/><W17/><G128/><N who="0" m="49227" /><D82/><U29/><E119/><V18/><F110/><W4/><G134/><T20/><D20/><U91/><E52/><V116/><F116/><W76/><G4/><T62/><D62/><U68/><E68/><V130/><F130/><W2/><G2/><T73/><D73/><U121/><E121/><N who="0" m="46697" /><D57/><U77/><E77/><V40/><F123/><W41/><G17/><T107/><D107/><U14/><E34/><V133/><F69/><W103/><G103/><T53/><D53/><U56/><E56/><V89/><F65/><W58/><G83/><T74/><D74/><U36/><E21/><V118/><F118/><W67/><G76/><T10/><AGARI ba="0,0" hai="8,9,10,50,51,92,94,95" m="46697,49227" machi="10" ten="40,5200,0" yaku="28,2,19,1" doraHai="30" who="0" fromWho="0" sc="277,52,215,-13,209,-13,299,-26" owari="329,42.9,202,-19.8,196,-30.4,273,7.3" /></mjloggm>