<mjloggm ver="2.3"><GO type="225" lobby="0"/><UN n0="%E3%81%86%E3%82%8B%E3%81%8A%E3%81%A1%E3%82%83" n1="%E3%83%AD%E3%83%83%E3%83%86%E9%9B%80%E7%90%83" n2="%73%69%72%6F%75%74" n3="%53%61%63%68%69%30%34" dan="16,17,16,16" rate="2057.89,2256.75,2140.99,2076.27" sx="F,M,M,M"/><TAIKYOKU oya="0"/><INIT seed="0,0,0,1,1,17" ten="250,250,250,250" oya="0" hai0="10,28,128,23,90,69,114,59,0,47,30,130,14" hai1="105,4,56,33,68,38,67,65,7,95,34,113,132" hai2="109,61,25,12,76,31,102,71,98,91,97,100,16" hai3="107,110,52,83,112,27,42,101,123,81,80,127,19"/><T26/><D69/><U13/><E105/><V87/><F109/><W15/><G112/><T50/><D114/><U120/><E68/><V29/><F76/><W66/><G110/><T48/><D0/><U106/><E106/><V36/><F36/><W39/><G127/><T41/><D30/><N who="2" m="11274" /><F71/><W6/><G66/><T126/><D126/><U21/><E56/><V53/><F25/><W86/><G123/><T54/><REACH who="0" step="1"/><D90/><REACH who="0" ten="240,250,250,250" step="2"/><U46/><E113/><V85/><F102/><W74/><G101/><T1/><D1/><U20/><E120/><V43/><F100/><W40/><G107/><T131/><D131/><U99/><E34/><V22/><F91/><W9/><G74/><T89/><D89/><U96/><E33/><V129/><F129/><W49/><G86/><T115/><D115/><U55/><E99/><V5/><F87/><W2/><G2/><T64/><D64/><U116/><E96/><V18/><F85/><W111/><G111/><T134/><D134/><U35/><E35/><V79/><F98/><W62/><G39/><T108/><D108/><U121/><E38/><V122/><F97/><W44/><REACH who="3" step="1"/><G62/><REACH who="3" ten="240,250,250,240" step="2"/><T124/><D124/><U24/><E67/><V125/><F125/><W60/><G60/><T58/><D58/><U3/><E65/><V92/><F122/><W63/><G63/><T117/><D117/><U11/><E116/><V37/><F37/><W84/><G84/><T94/><D94/><U135/><E95/><V72/><F92/><W77/><G77/><T118/><D118/><U82/><E121/><V70/><F79/><W78/><G78/><RYUUKYOKU ba="0,2" sc="240,15,250,-15,250,-15,240,15" hai0="10,14,23,26,28,41,47,48,50,54,59,128,130" hai3="6,9,15,19,27,40,42,44,49,52,80,81,83" /><INIT seed="0,1,2,1,3,88" ten="255,235,235,255" oya="0" hai0="18,5,73,6,28,105,32,66,40,43,127,37,87" hai1="113,57,39,35,25,33,38,94,126,16,24,79,102" hai2="3,91,22,104,103,47,0,122,131,72,78,8,63" hai3="95,17,81,117,56,77,118,9,23,65,46,13,83"/><T129/><D73/><U108/><E108/><V31/><F122/><W92/><G118/><T4/><D105/><U121/><E121/><V85/><F63/><N who="3" m="38119" /><G117/><T2/><D127/><U80/><E126/><V86/><F86/><N who="3" m="48431" /><G83/><T10/><D129/><U120/><E120/><V34/><F34/><W41/><G23/><T119/><D119/><U36/><E113/><V125/><F125/><W52/><G41/><T58/><D87/><U134/><E134/><V71/><F71/><W7/><G7/><T114/><D114/><U69/><E69/><V62/><F62/><W74/><G74/><T67/><D58/><U93/><E57/><V44/><F104/><W14/><G14/><T30/><D32/><U90/><E35/><V124/><F124/><W1/><G1/><T132/><D132/><U76/><E33/><V111/><F3/><W116/><G116/><T130/><D130/><U48/><E48/><AGARI ba="1,2" hai="9,13,17,46,48,52,92,95" m="48431,38119" machi="48" ten="30,7700,0" yaku="8,1,52,2,54,1" doraHai="88" who="3" fromWho="1" sc="255,0,235,-80,235,0,255,100" /><INIT seed="1,0,0,1,1,97" ten="255,155,235,355" oya="1" hai0="56,128,79,6,104,14,51,115,66,57,9,100,2" hai1="43,112,73,3,135,30,18,48,96,132,89,81,54" hai2="31,117,42,94,90,10,123,38,80,116,16,36,76" hai3="40,87,85,19,82,8,27,29,110,83,77,119,12"/><U49/><E3/><V111/><F123/><W75/><G110/><T121/><D115/><U26/><E112/><V70/><F70/><W1/><G1/><T7/><D128/><U47/><E18/><V68/><F68/><W11/><G119/><T53/><D121/><U130/><E130/><V95/><F95/><W127/><G127/><T91/><D79/><U74/><E96/><V44/><F111/><W92/><G75/><T33/><D33/><U109/><E109/><V21/><F31/><W32/><G92/><T78/><D78/><U134/><E89/><V37/><F10/><W0/><G40/><T120/><D120/><U59/><REACH who="1" step="1"/><E81/><REACH who="1" ten="255,145,235,355" step="2"/><V126/><F117/><W62/><G0/><T131/><D91/><U105/><E105/><V129/><F116/><W15/><G83/><T28/><D131/><U98/><E98/><V71/><F129/><W114/><G114/><T113/><D113/><U63/><E63/><V108/><F108/><W17/><G62/><T52/><D2/><U25/><E25/><V65/><F90/><W60/><G60/><T86/><D104/><U5/><E5/><V93/><F80/><W72/><AGARI ba="0,1" hai="8,11,12,15,17,19,27,29,32,72,77,82,85,87" machi="72" ten="20,2700,0" yaku="0,1,7,1,9,1" doraHai="97" who="3" fromWho="3" sc="255,-7,145,-13,235,-7,355,37" /><INIT seed="2,0,0,4,0,15" ten="248,132,228,392" oya="2" hai0="74,72,20,120,53,87,99,90,93,55,5,134,82" hai1="94,6,39,97,103,111,113,35,44,95,112,51,40" hai2="12,45,76,23,80,25,66,115,75,31,68,100,22" hai3="57,24,59,11,73,104,17,135,41,117,71,124,105"/><V106/><F115/><W43/><G71/><T114/><D120/><U84/><E111/><V67/><F45/><W63/><G73/><T85/><D114/><U110/><E110/><V58/><F68/><W21/><G117/><T70/><D134/><U116/><E116/><V118/><F118/><W8/><G124/><T121/><D121/><U62/><E35/><V19/><F106/><W65/><G135/><T52/><D70/><U13/><E62/><V77/><F100/><W2/><G2/><T133/><D133/><U7/><E39/><V92/><F92/><W60/><G104/><T49/><D5/><U32/><E32/><V10/><F76/><W83/><G83/><T91/><D20/><U28/><E28/><V1/><F58/><W26/><G26/><T47/><REACH who="0" step="1"/><D87/><REACH who="0" ten="238,132,228,392" step="2"/><U88/><REACH who="1" step="1"/><E6/><REACH who="1" ten="238,122,228,392" step="2"/><V54/><F67/><W89/><G65/><T4/><D4/><U96/><E96/><V122/><F66/><W129/><G63/><T101/><D101/><U18/><E18/><V33/><F122/><W107/><G17/><T3/><D3/><U130/><E130/><V64/><F64/><W86/><G60/><T56/><D56/><U108/><E108/><V132/><F132/><W42/><G129/><T131/><D131/><U50/><E50/><V14/><F1/><W38/><G59/><T9/><D9/><AGARI ba="0,2" hai="7,9,13,40,44,51,84,88,94,95,97,103,112,113" machi="9" ten="40,2600,0" yaku="1,1,54,1,53,0" doraHai="15" doraHaiUra="61" who="1" fromWho="0" sc="238,-26,122,46,228,0,392,0" /><INIT seed="3,0,0,3,4,116" ten="212,168,228,392" oya="3" hai0="21,8,47,113,37,25,51,38,35,83,106,102,33" hai1="31,9,94,90,14,99,59,93,11,45,88,129,15" hai2="98,41,120,13,18,1,135,78,73,121,19,42,123" hai3="4,28,57,10,52,92,112,96,103,43,114,117,49"/><W50/><G117/><T44/><D113/><U34/><E129/><V55/><F1/><W54/><G43/><N who="2" m="16393" /><F135/><W104/><G28/><T75/><D8/><U118/><E118/><V107/><F55/><W131/><G104/><T105/><D37/><U7/><E45/><V16/><F107/><W56/><G131/><T84/><D75/><U53/><E31/><V101/><F73/><W134/><G134/><T111/><D38/><U85/><E34/><V70/><F70/><W115/><G115/><T77/><D111/><U6/><E53/><V130/><F78/><W32/><G32/><T81/><D81/><U63/><E59/><V128/><F128/><W65/><G65/><T60/><D106/><U29/><E29/><V17/><F130/><W126/><G126/><T2/><D2/><AGARI ba="0,0" hai="2,4,10,49,50,52,54,56,57,92,96,103,112,114" machi="2" ten="30,5800,0" yaku="7,1,9,1,54,1" doraHai="116" who="3" fromWho="0" sc="212,-58,168,0,228,0,392,58" owari="154,-34.6,168,-23.2,228,2.8,450,55.0" /></mjloggm>