<mjloggm ver="2.3"><GO type="225" lobby="0"/><UN n0="%E3%82%B3%E3%83%90%E3%83%AC%E3%82%A4" n1="%E6%A1%9C%E8%8A%B1%E9%96%83%E3%80%85" n2="%E9%BB%99%E8%81%B4%E3%81%AE%E3%81%99%E3%82%9D%E3%82%81" n3="%6D%61%74%69%67%75%73%61" dan="16,17,16,17" rate="2196.47,2187.74,2142.54,2170.35" sx="M,M,M,M"/><TAIKYOKU oya="0"/><INIT seed="0,0,0,1,3,120" ten="250,250,250,250" oya="0" hai0="29,125,106,17,13,127,107,61,102,104,95,83,0" hai1="134,123,85,11,44,37,103,126,31,57,94,77,40" hai2="105,49,30,121,42,122,117,53,89,15,68,75,98" hai3="63,100,41,48,133,22,67,114,93,70,82,56,35"/><T8/><D0/><U81/><E123/><V80/><F68/><W99/><G35/><T23/><D83/><U108/><E134/><V90/><F42/><W12/><G114/><T110/><D61/><U18/><E126/><V54/><F117/><W71/><G133/><T69/><D69/><U113/><E113/><V64/><F64/><W21/><G70/><T119/><D119/><U2/><E31/><V47/><F30/><W76/><G12/><T97/><REACH who="0" step="1"/><D110/><REACH who="0" ten="240,250,250,250" step="2"/><U4/><E108/><V66/><F80/><W20/><G71/><T78/><D78/><U86/><E81/><V115/><F122/><W58/><G82/><T28/><D28/><U130/><E77/><V6/><F121/><W16/><G76/><T91/><D91/><U3/><E3/><V84/><F90/><W109/><G109/><T62/><D62/><U10/><E2/><V5/><F89/><W43/><G67/><T79/><D79/><U65/><E65/><V135/><F66/><W50/><G63/><T129/><D129/><U46/><E130/><V19/><F135/><W131/><G131/><T38/><D38/><U88/><E37/><V32/><F115/><W72/><G72/><T1/><D1/><U39/><E88/><V24/><F75/><W111/><G111/><T124/><D124/><U92/><E39/><V25/><F32/><W36/><G36/><T60/><D60/><U116/><E116/><V112/><F112/><W59/><G50/><T96/><D96/><U74/><E74/><V52/><F98/><W45/><G41/><T14/><D14/><N who="1" m="7519" /><E40/><V128/><F128/><RYUUKYOKU ba="0,1" sc="240,15,250,-15,250,-15,250,15" hai0="8,13,17,23,29,95,97,102,104,106,107,125,127" hai3="16,20,21,22,43,45,48,56,58,59,93,99,100" /><INIT seed="0,1,1,2,3,117" ten="255,235,235,265" oya="0" hai0="134,47,71,57,93,10,67,55,101,41,14,61,118" hai1="68,53,98,11,107,38,88,109,62,27,92,123,35" hai2="4,113,22,0,106,51,48,28,44,32,122,23,94" hai3="20,132,128,111,81,25,126,3,104,96,133,95,7"/><T30/><D118/><U29/><E109/><V80/><F106/><W36/><G36/><T37/><D134/><N who="3" m="51817" /><G104/><T108/><D30/><U73/><E38/><V82/><F32/><W56/><G81/><T103/><D93/><U5/><E73/><V120/><F0/><W33/><G33/><T65/><D65/><U102/><E53/><V24/><F4/><W40/><G56/><T17/><REACH who="0" step="1"/><D108/><REACH who="0" ten="245,235,235,265" step="2"/><U77/><E107/><V90/><F28/><W72/><G95/><T84/><D84/><U60/><E102/><V115/><F94/><W26/><G111/><T2/><D2/><U127/><E92/><V9/><F115/><W124/><G96/><T13/><D13/><U43/><E98/><V49/><F113/><W100/><G3/><T89/><D89/><U46/><E88/><V79/><F90/><W63/><G100/><T64/><D64/><U83/><E29/><V99/><F99/><W69/><G25/><T66/><D66/><U12/><E27/><V8/><F24/><W19/><G26/><T70/><D70/><U135/><E68/><V45/><REACH who="2" step="1"/><F51/><AGARI ba="1,2" hai="10,14,17,37,41,47,51,55,57,61,67,71,101,103" machi="51" ten="30,11600,0" yaku="1,1,7,1,24,2,53,0" doraHai="117" doraHaiUra="31" who="0" fromWho="2" sc="245,139,235,0,235,-119,265,0" /><INIT seed="0,2,0,2,3,19" ten="384,235,116,265" oya="0" hai0="76,128,50,1,126,120,33,105,124,59,54,117,69" hai1="67,61,29,34,75,79,101,32,92,100,40,10,4" hai2="22,111,42,53,66,135,52,107,74,119,20,93,116" hai3="115,56,87,25,97,86,108,123,73,127,27,37,45"/><T60/><D1/><U91/><E40/><V130/><F107/><W109/><G73/><T132/><D33/><U125/><E125/><N who="0" m="48233" /><D105/><U64/><E64/><V106/><F106/><W65/><G127/><T39/><D76/><U94/><E94/><V63/><F74/><W80/><G115/><T90/><D90/><U13/><E79/><V83/><F42/><W68/><G68/><T51/><D117/><N who="2" m="45130" /><F111/><W84/><G80/><T62/><D120/><U18/><E75/><V0/><F0/><W57/><G97/><T104/><D104/><U31/><E34/><V7/><F7/><W112/><G112/><T48/><D39/><U121/><E4/><V77/><F93/><W114/><G123/><T41/><D132/><U129/><E32/><V30/><F30/><W26/><G114/><T88/><D88/><U6/><E29/><V38/><F38/><W9/><G37/><T24/><D24/><U134/><E31/><V36/><F36/><W35/><G35/><T89/><D89/><U11/><E134/><V98/><F98/><W102/><G26/><T133/><D133/><U122/><E91/><V55/><F135/><W8/><G108/><T49/><D41/><U43/><E43/><V15/><F15/><W28/><G28/><T96/><D96/><U82/><E92/><V99/><F99/><W14/><G109/><T16/><D69/><U81/><E121/><V3/><F3/><W5/><G14/><T17/><D128/><U118/><E129/><V2/><F2/><W110/><G110/><T58/><N who="0" m="12288" /><DORA hai="71" /><T78/><D78/><U95/><E118/><RYUUKYOKU ba="2,0" sc="384,30,235,-10,116,-10,265,-10" hai0="16,17,54,58,59,60,62" /><INIT seed="0,3,0,5,0,10" ten="414,225,106,255" oya="0" hai0="98,81,41,39,116,71,23,63,61,59,133,75,130" hai1="50,76,128,9,72,34,108,5,106,30,120,95,99" hai2="115,22,118,14,20,69,114,26,1,17,3,93,42" hai3="27,66,36,101,74,91,68,78,73,46,43,48,94"/><T92/><D116/><U25/><E120/><V104/><F104/><W47/><G101/><T13/><D133/><U45/><E106/><V35/><F69/><W87/><G78/><T55/><D130/><U90/><E108/><V29/><F42/><W122/><G122/><T37/><D37/><U100/><E128/><V126/><F93/><W96/><G68/><T121/><D121/><U24/><E24/><N who="2" m="18855" /><F126/><W109/><G66/><T18/><D41/><U44/><E90/><V67/><F67/><W53/><G109/><T0/><D0/><N who="2" m="74" /><F118/><W119/><G119/><T16/><D39/><U58/><E72/><V134/><F134/><W84/><G84/><T113/><D113/><U19/><E76/><V110/><F110/><W40/><G40/><T124/><D124/><U82/><E82/><V64/><F64/><W49/><G36/><T83/><D75/><U123/><E58/><V97/><F97/><W107/><G107/><T79/><D71/><U62/><E62/><V51/><F51/><W103/><G103/><T80/><D79/><U32/><E50/><V77/><F77/><W85/><G73/><T28/><D63/><U102/><E102/><V7/><F7/><W132/><G74/><T4/><D92/><U52/><E5/><V21/><F26/><W117/><G117/><T111/><D98/><U129/><E123/><V56/><F56/><W8/><G132/><T88/><D111/><U6/><E99/><V12/><F17/><W33/><G96/><T125/><D125/><U38/><E38/><V105/><F105/><W60/><G60/><T135/><D135/><RYUUKYOKU ba="3,0" sc="414,-10,225,-10,106,30,255,-10" hai2="12,14,20,21,22,114,115" /><INIT seed="1,4,0,4,0,83" ten="404,215,136,245" oya="1" hai0="130,121,32,78,7,89,21,62,82,38,16,67,92" hai1="126,36,125,31,110,28,9,128,133,1,88,34,94" hai2="6,50,71,77,103,33,63,3,11,4,39,64,10" hai3="17,108,106,95,91,20,131,118,74,58,119,97,18"/><U80/><E36/><V132/><F132/><W5/><G74/><T81/><D32/><U56/><E133/><V116/><F116/><N who="3" m="44587" /><G5/><T79/><D38/><U85/><E128/><V114/><F39/><W96/><G108/><T87/><D130/><U51/><E110/><V122/><F122/><W12/><G131/><T61/><D7/><N who="1" m="1263" /><E34/><V72/><F33/><W22/><G58/><N who="0" m="37303" /><D62/><U23/><E23/><N who="3" m="8746" /><G12/><N who="0" m="9351" /><D121/><U86/><E51/><V41/><F114/><W111/><G111/><T49/><D49/><U53/><E53/><V117/><F117/><W40/><G40/><T105/><D105/><U98/><E56/><V25/><F103/><AGARI ba="4,0" hai="17,18,91,95,96,97,103,106" m="8746,44587" machi="103" ten="30,1000,0" yaku="12,1" doraHai="83" who="3" fromWho="2" sc="404,0,215,0,136,-22,245,22" /><INIT seed="2,0,0,0,0,43" ten="404,215,114,267" oya="2" hai0="87,86,120,31,23,89,93,40,46,33,124,9,127" hai1="27,71,1,37,36,11,32,104,121,117,90,92,17" hai2="54,100,77,5,79,66,52,74,38,8,12,70,125" hai3="116,98,81,111,122,131,96,44,59,68,21,85,58"/><V10/><F125/><N who="0" m="48202" /><D33/><U60/><E117/><V78/><F38/><W108/><G68/><T28/><D9/><U42/><E104/><V83/><F100/><W67/><G122/><T114/><D120/><U105/><E105/><V22/><F70/><W84/><G131/><T80/><D23/><U30/><E121/><V134/><F134/><W101/><G85/><T88/><D114/><U3/><E17/><V132/><F132/><W128/><G59/><T19/><D19/><U4/><E1/><V25/><F66/><W69/><G96/><T118/><D118/><U75/><E75/><V49/><F8/><W41/><G41/><T56/><D56/><U51/><E60/><V102/><F102/><W65/><G81/><T29/><D29/><U16/><E16/><V115/><F115/><W123/><G101/><T47/><D47/><U50/><E71/><V130/><F130/><W95/><G44/><T48/><AGARI ba="0,0" hai="28,31,40,46,48,80,86,87,88,89,93" m="48202" machi="48" ten="30,4000,0" yaku="18,1,52,1,54,1" doraHai="43" who="0" fromWho="0" sc="404,40,215,-10,114,-20,267,-10" /><INIT seed="3,0,0,3,1,62" ten="444,205,94,257" oya="3" hai0="83,4,133,109,26,57,18,16,54,25,135,113,88" hai1="47,111,37,40,35,75,116,77,95,72,50,13,96" hai2="42,126,51,74,66,85,20,53,131,128,79,134,11" hai3="7,127,60,89,108,46,12,61,130,102,22,58,2"/><W9/><G127/><T55/><D4/><U92/><E111/><V5/><F74/><W3/><G102/><T120/><D109/><U15/><E35/><V67/><F79/><W19/><G108/><T27/><D120/><U81/><E75/><V104/><F104/><W17/><G130/><N who="2" m="49705" /><F85/><W0/><G46/><T63/><D113/><U123/><E123/><V112/><F20/><W1/><G61/><T30/><D30/><U52/><E116/><V6/><F11/><W103/><G103/><T32/><D32/><U24/><E24/><V31/><F31/><W68/><G68/><T48/><D88/><U33/><E33/><V87/><F87/><W45/><G45/><N who="0" m="27919" /><D83/><U115/><E95/><V8/><F8/><W10/><G89/><T76/><D76/><U91/><E115/><V107/><F107/><W43/><G43/><T93/><D93/><U106/><E106/><V73/><F73/><W78/><G78/><T84/><D84/><U124/><E124/><V23/><F23/><W38/><G22/><T14/><D14/><U101/><E101/><V59/><F5/><W118/><G7/><T114/><D114/><U64/><E91/><V122/><F6/><W98/><G2/><T110/><D110/><U71/><E92/><V94/><F94/><W82/><G1/><T36/><D36/><U41/><E72/><V117/><F112/><W121/><G0/><T70/><D70/><U69/><E77/><V86/><F122/><W21/><G121/><T28/><D28/><U39/><E96/><V80/><F126/><W44/><G98/><T97/><D97/><RYUUKYOKU ba="0,0" sc="444,30,205,-10,94,-10,257,-10" hai0="16,18,25,26,27,55,57,63,133,135" owari="474,57.4,195,-20.5,84,-41.6,247,4.7" /></mjloggm>