<mjloggm ver="2.3"><GO type="225" lobby="0"/><UN n0="%E3%81%BF%E3%81%BF%E3%81%9A" n1="%E7%B4%94%E6%BD%94%E3%83%94%E3%83%A9%E3%83%8B%E3%82%A2" n2="%E6%80%AA%E3%81%97%E3%81%99%E3%81%8E%E3%82%8B%E3%83%81%E3%83%BC" n3="%E3%81%A9%E3%82%8F%E3%82%93%E3%81%94" dan="17,16,16,16" rate="2173.21,2150.10,2099.02,2145.92" sx="M,M,M,M"/><TAIKYOKU oya="0"/><INIT seed="0,0,0,4,2,25" ten="250,250,250,250" oya="0" hai0="11,61,119,76,57,117,8,94,126,75,103,120,35" hai1="62,42,63,47,50,91,67,106,18,108,60,17,43" hai2="96,5,26,32,134,36,74,58,128,19,53,52,56" hai3="104,109,118,87,99,4,3,14,127,101,112,114,29"/><T122/><D35/><U129/><E106/><V15/><F74/><W102/><G118/><T34/><D34/><U89/><E108/><V39/><F128/><W83/><G109/><T7/><D103/><U10/><E129/><V71/><F134/><W82/><G3/><T81/><D94/><U28/><E67/><V12/><F71/><W135/><G135/><T124/><D57/><U20/><E43/><V111/><F111/><W92/><G4/><T40/><D61/><U88/><E10/><V48/><F96/><N who="3" m="61511" /><G29/><T21/><D21/><U44/><E44/><V130/><F130/><W31/><G31/><T95/><D40/><U110/><E110/><V107/><F107/><W1/><G1/><N who="0" m="111" /><D95/><U46/><E46/><V116/><F116/><N who="0" m="44618" /><D11/><U77/><E77/><V23/><F32/><W30/><G92/><T131/><D131/><U84/><E84/><V37/><REACH who="2" step="1"/><F5/><REACH who="2" ten="250,250,240,250" step="2"/><W105/><G105/><T13/><D13/><U38/><E38/><V64/><F64/><W9/><G99/><T51/><D51/><AGARI ba="0,1" hai="12,15,19,23,26,36,37,39,48,51,52,53,56,58" machi="51" ten="40,5200,0" yaku="1,1,9,1,54,1,53,0" doraHai="25" doraHaiUra="97" who="2" fromWho="0" sc="250,-52,250,0,240,62,250,0" /><INIT seed="1,0,0,1,2,60" ten="198,250,302,250" oya="1" hai0="50,86,52,45,26,19,0,36,100,125,128,85,22" hai1="11,73,117,107,1,33,89,32,38,64,63,96,122" hai2="126,49,71,114,62,58,92,56,57,69,43,6,101" hai3="76,3,133,21,12,131,46,66,51,39,99,55,84"/><U90/><E117/><V70/><F6/><W118/><G133/><T25/><D128/><U74/><E122/><V78/><F92/><W18/><G3/><T91/><D125/><U80/><E89/><V135/><F78/><W106/><G131/><T13/><D0/><U31/><E38/><V17/><F17/><W59/><G118/><T103/><D36/><U47/><E47/><N who="2" m="25855" /><F101/><W127/><G127/><T10/><D26/><N who="1" m="18551" /><E90/><V95/><F95/><W34/><G34/><T7/><REACH who="0" step="1"/><D86/><REACH who="0" ten="188,250,302,250" step="2"/><U35/><E73/><V15/><F126/><W88/><G39/><T124/><D124/><U129/><E129/><V82/><F135/><W98/><G106/><T79/><D79/><N who="1" m="44151" /><E1/><V130/><F130/><W14/><G76/><T97/><D97/><U37/><E37/><V112/><F15/><W27/><G99/><T75/><D75/><U134/><E134/><V29/><F82/><AGARI ba="0,1" hai="7,10,13,19,22,25,45,50,52,82,85,91,100,103" machi="82" ten="30,8000,1" yaku="1,1,7,1,8,1,54,1,53,1" doraHai="60" doraHaiUra="8" who="0" fromWho="2" sc="188,90,250,0,302,-80,250,0" /><INIT seed="2,0,0,3,2,23" ten="278,250,222,250" oya="2" hai0="86,76,61,88,9,78,36,35,73,112,104,70,31" hai1="0,48,81,68,34,98,62,130,106,90,91,8,89" hai2="80,113,5,11,30,66,50,84,110,87,79,133,6" hai3="25,129,41,123,119,107,53,26,40,20,55,97,121"/><V38/><F113/><W14/><G119/><T105/><D36/><U54/><E34/><V82/><F38/><W52/><G129/><T114/><D9/><U94/><E130/><V2/><F133/><W57/><G107/><T60/><D86/><U3/><E106/><V39/><F39/><W24/><G97/><T46/><D46/><U102/><E68/><V72/><F110/><W85/><G85/><T17/><D17/><U127/><E62/><V77/><F6/><W18/><REACH who="3" step="1"/><G57/><REACH who="3" ten="278,250,222,240" step="2"/><T33/><D105/><U71/><E71/><V32/><F72/><W118/><G118/><T51/><D104/><U59/><E127/><V101/><F101/><W122/><AGARI ba="0,1" hai="14,18,20,24,25,26,40,41,52,53,55,121,122,123" machi="122" ten="40,24000,4" yaku="1,1,0,1,29,2,52,3,54,1,53,3" doraHai="23" doraHaiUra="49" who="3" fromWho="3" sc="278,-60,250,-60,222,-120,240,250" /><INIT seed="3,0,0,0,4,105" ten="218,190,102,490" oya="3" hai0="83,78,100,125,51,111,65,29,50,54,126,4,68" hai1="35,42,99,69,67,49,110,15,41,104,18,32,123" hai2="43,26,55,113,103,19,135,11,5,57,7,92,85" hai3="13,82,73,86,23,79,45,112,9,8,6,90,124"/><W53/><G112/><T133/><D111/><U52/><E110/><V128/><F113/><W74/><G124/><T127/><D133/><U24/><E123/><V98/><F135/><W106/><G106/><T22/><D100/><U37/><E67/><V118/><F128/><W117/><G117/><T134/><D134/><U84/><E69/><V89/><F118/><W48/><G23/><T108/><D108/><U115/><E115/><V114/><F114/><W20/><G20/><T95/><D95/><U96/><E84/><V93/><F43/><W102/><G102/><T94/><D94/><U1/><E1/><V120/><F120/><W16/><G79/><T97/><D97/><U70/><E70/><V10/><F26/><W28/><G28/><T119/><D4/><U60/><E60/><V21/><F21/><W87/><G87/><T46/><D51/><U61/><E61/><V58/><F58/><W0/><AGARI ba="0,0" hai="0,6,8,9,13,16,45,48,53,73,74,82,86,90" machi="0" ten="20,18000,2" yaku="0,1,7,1,25,2,52,2,54,1" doraHai="105" who="3" fromWho="3" sc="218,-60,190,-60,102,-60,490,180" owari="158,-4.2,130,-27.0,42,-45.8,670,77.0" /></mjloggm>