<mjloggm ver="2.3"><GO type="225" lobby="0"/><UN n0="%E3%81%8F%E3%81%BE%E3%81%96%E3%82%8F" n1="%E3%81%B7%E3%82%8A%E3%82%93%E8%81%96%E4%BA%BA" n2="%E7%9C%9F%E4%B8%80" n3="%E9%B3%B3%E6%9D%B1%E3%81%AE%E3%81%86%E3%81%95%E3%81%8E%E3%81%95%E3%82%93" dan="16,16,17,16" rate="2036.92,2080.07,2264.66,2172.83" sx="M,M,M,M"/><TAIKYOKU oya="0"/><INIT seed="0,0,0,3,2,114" ten="250,250,250,250" oya="0" hai0="116,28,20,84,120,72,0,18,90,67,16,99,30" hai1="73,129,108,107,82,94,9,15,111,127,125,85,123" hai2="8,56,101,98,60,122,131,57,19,95,100,52,76" hai3="58,130,55,113,42,17,70,14,65,26,59,121,78"/><T29/><D120/><U117/><E123/><V68/><F122/><W71/><G121/><RYUUKYOKU type="kaze4" ba="0,0" sc="250,0,250,0,250,0,250,0" /><INIT seed="0,1,0,5,3,29" ten="250,250,250,250" oya="0" hai0="115,17,50,113,20,15,31,71,45,41,19,37,105" hai1="96,2,49,23,40,88,30,59,75,58,111,85,64" hai2="66,62,107,135,134,26,6,44,132,126,48,4,131" hai3="77,32,63,51,28,16,97,13,22,98,43,91,47"/><T0/><D0/><U33/><E33/><V34/><F107/><W60/><G77/><T65/><D105/><U112/><E75/><V73/><F73/><W27/><REACH who="3" step="1"/><G91/><REACH who="3" ten="250,250,250,240" step="2"/><T117/><D117/><U5/><E112/><V122/><F122/><W76/><G76/><T83/><D115/><U116/><E116/><V46/><F131/><W52/><G52/><T79/><D113/><U89/><E89/><V38/><F126/><W120/><G120/><T87/><D31/><U123/><E123/><V12/><F38/><W128/><G128/><T102/><D37/><U7/><E88/><V1/><F1/><W9/><G9/><T14/><D102/><U21/><E2/><V55/><F44/><W67/><G67/><T82/><D65/><U78/><E78/><V70/><F12/><W10/><G10/><T94/><D79/><U119/><E64/><V114/><F114/><W18/><G18/><T104/><D17/><U118/><E118/><V74/><F74/><W127/><G127/><T39/><D39/><U101/><E101/><V130/><F130/><W109/><G109/><T36/><D36/><U125/><E111/><V61/><F61/><AGARI ba="1,1" hai="13,16,22,27,28,32,43,47,51,60,61,63,97,98" machi="61" ten="40,8000,1" yaku="1,1,52,1,54,1,53,1" doraHai="29" doraHaiUra="42" who="3" fromWho="2" sc="250,0,250,0,250,-83,240,93" /><INIT seed="1,0,0,5,0,85" ten="250,250,167,333" oya="1" hai0="55,123,68,59,36,19,9,107,73,95,92,125,1" hai1="27,133,20,122,72,67,5,99,56,17,115,45,96" hai2="53,87,4,83,31,44,126,64,24,7,84,11,121" hai3="88,40,77,118,110,60,127,39,103,61,0,111,10"/><U71/><E72/><V8/><F126/><W100/><G127/><T62/><D125/><U113/><E71/><V80/><F121/><W109/><G77/><T57/><D123/><U37/><E122/><V108/><F108/><W28/><G28/><T35/><D107/><U48/><E37/><V63/><F44/><N who="3" m="23583" /><G118/><T131/><D131/><U26/><E115/><V112/><F112/><W33/><G33/><T47/><D35/><U86/><E5/><V129/><F129/><W51/><G51/><T90/><D73/><U2/><E2/><V124/><F124/><W52/><G10/><T25/><D68/><U128/><E128/><V43/><F43/><W98/><G0/><T41/><D59/><U3/><E3/><V58/><F53/><W97/><G52/><T93/><D25/><U82/><E27/><V49/><F49/><W15/><G15/><T120/><D120/><U102/><E102/><N who="3" m="38954" /><G98/><T18/><D18/><U91/><E113/><V54/><F54/><W134/><G134/><T65/><D55/><N who="1" m="30095" /><E133/><V42/><F42/><W22/><G22/><T30/><D30/><U130/><E130/><V104/><F104/><W29/><G29/><T13/><REACH who="0" step="1"/><D1/><REACH who="0" ten="240,250,167,333" step="2"/><U106/><E106/><V21/><F4/><W94/><AGARI ba="0,1" hai="60,61,88,94,97,109,110,111" m="38954,23583" machi="94" ten="40,5200,0" yaku="14,1,52,1,54,1" doraHai="85" who="3" fromWho="3" sc="240,-13,250,-26,167,-13,333,62" /><INIT seed="2,0,0,2,1,49" ten="227,224,154,395" oya="2" hai0="54,22,11,41,121,129,75,80,120,28,42,130,87" hai1="125,9,26,131,10,52,18,68,100,132,64,114,38" hai2="115,63,57,65,85,92,128,47,135,99,15,31,43" hai3="116,118,39,21,61,76,19,111,27,48,102,94,6"/><V29/><F115/><W70/><G39/><T62/><D75/><U8/><E38/><V78/><F128/><N who="0" m="49258" /><D11/><U50/><E131/><V109/><F135/><W3/><G76/><N who="0" m="46471" /><D28/><U34/><E132/><V93/><F109/><W84/><G48/><T46/><D22/><N who="1" m="13655" /><E68/><V56/><F56/><W51/><G94/><N who="2" m="36457" /><F99/><W81/><G27/><T60/><D41/><U12/><E34/><V40/><F15/><W101/><G101/><T91/><D91/><U14/><E125/><V83/><F47/><W127/><G70/><T55/><D62/><U89/><E100/><V108/><F108/><W7/><G127/><T16/><D60/><U69/><E69/><V30/><AGARI ba="0,0" hai="29,30,31,40,43,57,63,65,78,83,85" m="36457" machi="30" ten="30,1500,0" yaku="8,1" doraHai="49" who="2" fromWho="2" sc="227,-5,224,-5,154,15,395,-5" /><INIT seed="2,1,0,4,4,11" ten="222,219,169,390" oya="2" hai0="96,91,115,121,134,54,123,100,62,88,42,67,71" hai1="10,92,79,110,78,135,133,125,118,109,35,107,46" hai2="77,4,27,90,13,84,36,126,39,28,86,82,9" hai3="106,129,117,31,45,119,111,19,23,6,70,33,61"/><V75/><F126/><W85/><G6/><T17/><D115/><U87/><E35/><V1/><F1/><W89/><G106/><T59/><D134/><N who="1" m="51211" /><E118/><V98/><F98/><W127/><G127/><T41/><D121/><U21/><E21/><V58/><F58/><W8/><G8/><T74/><D74/><U24/><E24/><V73/><F73/><W69/><G111/><N who="1" m="42506" /><E10/><V3/><F3/><W60/><G70/><T112/><D112/><U131/><E125/><V48/><F48/><W93/><G31/><T116/><D116/><U5/><E5/><V66/><F66/><W50/><G33/><T32/><D123/><U128/><E107/><V83/><REACH who="2" step="1"/><F75/><REACH who="2" ten="222,219,159,390" step="2"/><W29/><G50/><T7/><D67/><U105/><E46/><V38/><F38/><W12/><G45/><T120/><D120/><U72/><E72/><V104/><F104/><W103/><G119/><T49/><D49/><U80/><E105/><V56/><F56/><W102/><G117/><T53/><D59/><U76/><E92/><V99/><F99/><W2/><G93/><T63/><D96/><U43/><E43/><V18/><F18/><W132/><G19/><T14/><D41/><U34/><E34/><AGARI ba="1,1" hai="4,9,13,27,28,34,36,39,77,82,83,84,86,90" machi="34" ten="30,5800,0" yaku="1,1,7,1,52,1,53,0" doraHai="11" doraHaiUra="95" who="2" fromWho="1" sc="222,0,219,-61,159,71,390,0" /><INIT seed="2,2,0,0,3,49" ten="222,158,230,390" oya="2" hai0="27,62,80,18,115,13,132,61,53,66,14,126,41" hai1="39,122,78,121,117,22,47,105,25,96,74,71,94" hai2="60,116,64,107,123,0,114,104,133,16,81,106,120" hai3="82,87,111,8,10,88,103,97,129,100,48,93,63"/><V119/><F0/><W32/><G111/><T23/><D126/><U68/><E105/><V84/><F114/><W134/><G129/><T57/><D132/><U130/><E130/><V89/><F133/><W30/><G134/><T45/><D115/><U92/><E117/><V9/><F119/><W90/><G32/><T56/><REACH who="0" step="1"/><D80/><REACH who="0" ten="212,158,230,390" step="2"/><N who="1" m="45143" /><E71/><V11/><F116/><W52/><G30/><T43/><D43/><N who="1" m="23039" /><E68/><V15/><REACH who="2" step="1"/><F9/><REACH who="2" ten="212,158,220,390" step="2"/><N who="3" m="3691" /><G63/><T4/><D4/><U99/><E99/><V76/><F76/><W101/><G97/><T55/><D55/><U135/><E135/><V24/><F24/><W91/><G82/><T125/><D125/><U26/><E96/><V102/><F102/><W108/><G108/><T59/><D59/><AGARI ba="2,2" hai="11,15,16,59,60,64,81,84,89,104,106,107,120,123" machi="59" ten="40,3900,0" yaku="1,1,54,1,53,0" doraHai="49" doraHaiUra="95" who="2" fromWho="0" sc="212,-45,158,0,220,65,390,0" /><AGARI ba="2,0" hai="48,52,59,87,88,90,91,93,100,101,103" m="3691" machi="59" ten="30,7700,0" yaku="8,1,52,1,54,2" doraHai="49" who="3" fromWho="0" sc="167,-77,158,0,285,0,390,77" /><INIT seed="2,3,0,4,5,102" ten="90,158,285,467" oya="2" hai0="12,99,80,19,73,69,82,77,30,7,108,105,86" hai1="11,56,13,106,89,47,134,117,71,90,114,36,109" hai2="92,6,70,67,15,50,59,79,4,60,26,81,1" hai3="111,9,51,34,5,95,97,123,41,96,48,125,55"/><V65/><F1/><W57/><G123/><T63/><D108/><U128/><E56/><V0/><F0/><W135/><G111/><T58/><D30/><U101/><E47/><V29/><F15/><N who="3" m="5551" /><G34/><T28/><D28/><U10/><E13/><V76/><F76/><W25/><G135/><T129/><D129/><U45/><E45/><V94/><F94/><W44/><G125/><T31/><D31/><U64/><E101/><V75/><F92/><W124/><G124/><T66/><D7/><U38/><E64/><V68/><F68/><W118/><G118/><T23/><D99/><N who="3" m="37961" /><G95/><T93/><D93/><U115/><E109/><V46/><F70/><W22/><G22/><T32/><D32/><U119/><E71/><V20/><REACH who="2" step="1"/><F67/><REACH who="2" ten="90,158,275,467" step="2"/><W53/><G25/><T27/><D69/><U14/><E14/><V40/><AGARI ba="3,1" hai="4,6,20,26,29,40,46,50,59,60,65,75,79,81" machi="40" ten="20,7800,0" yaku="1,1,2,1,0,1,7,1,53,0" doraHai="102" doraHaiUra="85" who="2" fromWho="2" sc="90,-29,158,-29,275,97,467,-29" /><INIT seed="2,4,0,5,2,130" ten="61,129,372,438" oya="2" hai0="122,124,64,110,108,0,27,100,112,114,96,47,119" hai1="26,74,72,103,32,15,98,62,95,48,127,10,23" hai2="21,87,97,56,132,38,54,67,126,7,12,116,25" hai3="76,49,129,82,90,59,11,53,89,46,88,107,45"/><V28/><F116/><W5/><G107/><T123/><D0/><U135/><E32/><V9/><F126/><W58/><G58/><T117/><D124/><U75/><E127/><V111/><F38/><W29/><G29/><T83/><D64/><U99/><E99/><V65/><F111/><N who="0" m="42538" /><D27/><U22/><E22/><V134/><F87/><N who="3" m="48583" /><G129/><T131/><D83/><U31/><E48/><N who="2" m="30791" /><F97/><W30/><G30/><T102/><D131/><U60/><E135/><AGARI ba="4,0" hai="7,9,12,21,25,28,65,67,132,134,135" m="30791" machi="135" ten="30,11600,0" yaku="20,1,52,3" doraHai="130" who="2" fromWho="1" sc="61,0,129,-128,372,128,438,0" /><INIT seed="2,5,0,3,0,7" ten="61,1,500,438" oya="2" hai0="43,99,54,98,95,116,121,3,39,24,90,92,45" hai1="36,122,2,33,0,47,57,74,25,17,59,83,135" hai2="63,130,52,11,102,111,87,76,60,115,106,113,73" hai3="32,105,61,58,14,133,119,93,103,19,72,55,23"/><V64/><F73/><W134/><G119/><T97/><D121/><U38/><E17/><V79/><F106/><W56/><G72/><T1/><D116/><U41/><E57/><V48/><F102/><W123/><G123/><T117/><D117/><U66/><E59/><V124/><F130/><W75/><G75/><T101/><D98/><U109/><E122/><V84/><F124/><W78/><G78/><N who="2" m="29737" /><F115/><W131/><G131/><T10/><D10/><U27/><E27/><V88/><F113/><W107/><G32/><T118/><D118/><U16/><E16/><V40/><F87/><W8/><G93/><T30/><D54/><U9/><E83/><N who="2" m="49183" /><F111/><W6/><G58/><T94/><D94/><U112/><E74/><V15/><F40/><W37/><G37/><T89/><D101/><U126/><E112/><V127/><F127/><W65/><G55/><T125/><D125/><U132/><E126/><V49/><F64/><W104/><REACH who="3" step="1"/><G103/><REACH who="3" ten="61,1,500,428" step="2"/><T85/><D99/><U120/><E120/><V129/><F129/><W100/><G100/><T70/><D97/><U114/><E114/><V13/><F52/><W12/><AGARI ba="5,1" hai="6,8,12,14,19,23,56,61,65,104,105,107,133,134" machi="12" ten="40,5200,0" yaku="1,1,0,1,52,1,53,0" doraHai="7" doraHaiUra="96" who="3" fromWho="3" sc="61,-18,1,-18,500,-31,428,77" owari="43,-35.7,-17,-51.7,469,26.9,505,60.5" /></mjloggm>