<mjloggm ver="2.3"><GO type="225" lobby="0"/><UN n0="%E3%81%8B%E3%82%8F%E3%81%A1%E3%82%83%E3%82%93%35%38" n1="%E9%A2%A8%E3%81%A7%E9%B3%B4%E3%81%8F" n2="%E5%8F%AF%E5%85%90%E9%82%A3%E7%94%B1%E5%A4%9A" n3="%4B%2E%32%2E%4B%2E" dan="16,16,17,16" rate="2183.28,2186.78,2200.04,2159.05" sx="M,M,F,M"/><TAIKYOKU oya="0"/><INIT seed="0,0,0,5,3,130" ten="250,250,250,250" oya="0" hai0="103,109,107,5,74,26,10,71,134,88,63,120,105" hai1="52,111,82,98,119,121,19,45,126,11,44,18,75" hai2="96,12,54,13,34,110,25,83,41,31,73,46,132" hai3="62,94,118,113,30,47,1,86,6,56,135,35,122"/><T76/><D120/><U67/><E121/><V38/><F110/><W101/><G122/><T68/><D26/><U15/><E119/><V97/><F54/><W90/><G113/><T84/><D63/><U77/><E111/><V89/><F132/><W91/><G6/><T48/><D48/><U43/><E126/><V23/><F89/><W72/><G72/><T8/><D109/><U61/><E98/><V16/><REACH who="2" step="1"/><F13/><REACH who="2" ten="250,250,240,250" step="2"/><W7/><G135/><T40/><D88/><U69/><E52/><V53/><F53/><W14/><G14/><T17/><D134/><U100/><E100/><V116/><F116/><W123/><G118/><T9/><D103/><U58/><E69/><V106/><F106/><W27/><G123/><T95/><D105/><U78/><E78/><AGARI ba="0,1" hai="12,16,23,25,31,34,38,41,46,73,78,83,96,97" machi="78" ten="40,2600,0" yaku="1,1,54,1,53,0" doraHai="130" doraHaiUra="4" who="2" fromWho="1" sc="250,0,250,-26,240,36,250,0" /><INIT seed="1,0,0,0,1,10" ten="250,224,276,250" oya="1" hai0="58,41,115,86,107,26,7,16,98,36,48,81,129" hai1="82,12,73,116,100,23,104,75,101,84,102,68,132" hai2="39,66,34,38,33,2,131,27,35,15,62,25,112" hai3="130,61,59,96,31,69,85,51,20,126,13,52,44"/><U57/><E68/><V21/><F2/><W133/><G69/><T105/><D115/><U64/><E104/><V37/><F131/><W127/><G130/><T80/><D36/><U78/><E116/><V9/><F112/><W90/><G133/><T67/><D129/><U40/><E132/><V113/><F113/><W125/><G96/><T121/><D121/><U94/><E40/><V65/><F21/><W70/><G70/><T123/><D123/><U19/><REACH who="1" step="1"/><E94/><REACH who="1" ten="250,214,276,250" step="2"/><V119/><F119/><W108/><G127/><T117/><D41/><U128/><E128/><V114/><F114/><W3/><G125/><T17/><D107/><U56/><E56/><V45/><F45/><W32/><G126/><T53/><D117/><U77/><E77/><V8/><F62/><AGARI ba="0,1" hai="12,19,23,57,62,64,73,75,78,82,84,100,101,102" machi="62" ten="40,3900,0" yaku="1,1,52,1,53,0" doraHai="10" doraHaiUra="22" who="1" fromWho="2" sc="250,0,214,49,276,-39,250,0" /><INIT seed="1,1,0,1,3,18" ten="250,263,237,250" oya="1" hai0="109,36,49,43,9,42,116,25,13,118,85,111,62" hai1="71,123,21,97,53,27,69,64,112,10,105,101,82" hai2="134,40,132,110,98,15,47,17,126,107,31,74,75" hai3="48,58,0,68,61,32,56,124,67,30,87,131,88"/><U39/><E39/><V91/><F31/><W79/><G0/><T127/><D36/><U52/><E112/><V29/><F29/><W7/><G7/><T57/><D85/><U70/><E123/><V12/><F110/><N who="0" m="41994" /><D25/><U86/><E64/><V23/><F126/><W120/><G120/><T129/><D127/><U2/><E10/><V4/><F4/><W77/><G124/><T8/><D8/><U44/><E44/><V60/><F60/><W65/><G131/><T50/><D129/><U125/><E2/><V46/><F15/><W78/><G48/><N who="0" m="18539" /><D13/><U106/><E106/><V33/><F33/><W35/><G67/><N who="0" m="39375" /><D9/><U113/><E113/><V51/><F47/><W41/><G41/><AGARI ba="1,0" hai="41,42,43,116,118" m="39375,18539,41994" machi="41" ten="30,3900,0" yaku="14,1,34,2" doraHai="18" who="0" fromWho="3" sc="250,42,263,0,237,0,250,-42" /><INIT seed="2,0,0,5,2,86" ten="292,263,237,208" oya="2" hai0="122,29,85,66,100,17,67,58,15,30,109,80,81" hai1="53,127,31,135,94,87,102,114,96,37,129,68,13" hai2="8,105,11,14,118,120,116,57,43,90,75,69,25" hai3="20,39,19,130,99,36,113,131,83,33,71,27,51"/><V65/><F120/><W54/><G71/><T2/><D2/><U111/><E37/><V6/><F75/><W9/><G33/><T76/><D122/><U55/><E114/><V56/><F105/><W108/><G113/><T48/><D109/><U115/><E115/><V119/><F43/><W103/><G83/><T126/><D126/><U92/><E111/><V1/><F25/><W62/><G62/><N who="0" m="38231" /><D100/><U60/><E127/><V124/><F124/><W7/><G108/><T38/><D38/><U133/><E129/><V104/><F104/><W42/><G42/><T106/><D106/><U64/><E31/><V49/><F49/><W72/><G72/><T107/><D107/><U40/><E40/><V110/><F110/><W18/><G18/><T95/><D95/><U26/><E26/><V70/><F57/><W16/><G19/><T0/><D0/><U4/><E13/><V47/><F47/><W93/><G130/><T91/><D67/><U45/><E4/><V5/><REACH who="2" step="1"/><F90/><REACH who="2" ten="292,263,227,208" step="2"/><W24/><G24/><T50/><D50/><U12/><E45/><V10/><F10/><W101/><G131/><T98/><D48/><U97/><E68/><V28/><F28/><W84/><G103/><T23/><D30/><U59/><E102/><V77/><F77/><W132/><G39/><T88/><D29/><U3/><E60/><AGARI ba="0,1" hai="1,5,6,8,11,14,56,60,65,69,70,116,118,119" machi="60" ten="40,2000,0" yaku="1,1,53,0" doraHai="86" doraHaiUra="41" who="2" fromWho="1" sc="292,0,263,-20,227,30,208,0" /><INIT seed="2,1,0,4,0,24" ten="292,243,257,208" oya="2" hai0="5,122,106,2,130,1,23,56,123,17,15,66,127" hai1="112,101,26,22,100,104,109,111,33,32,131,54,114" hai2="3,69,52,16,20,93,86,59,47,117,82,83,14" hai3="70,35,68,105,129,41,132,74,43,40,29,57,12"/><V124/><F117/><W27/><G129/><T99/><D66/><U21/><E54/><V46/><F69/><W71/><G132/><T96/><D56/><U28/><E131/><V98/><F124/><W73/><G105/><T120/><D99/><N who="1" m="61471" /><E101/><N who="2" m="60623" /><F3/><N who="0" m="1034" /><D96/><U85/><E85/><V38/><F38/><W58/><REACH who="3" step="1"/><G12/><REACH who="3" ten="292,243,257,198" step="2"/><N who="0" m="9639" /><D106/><U97/><E114/><V89/><F83/><W84/><G84/><T115/><D130/><U119/><E112/><V77/><F77/><W103/><G103/><T102/><D102/><U13/><E119/><V88/><F89/><W37/><G37/><T42/><D115/><U34/><E97/><V61/><AGARI ba="1,1" hai="14,16,20,46,47,52,59,61,82,86,88" m="60623" machi="61" ten="30,11700,0" yaku="8,1,54,3" doraHai="24" who="2" fromWho="2" sc="292,-40,243,-40,257,130,198,-40" /><INIT seed="2,2,0,3,0,76" ten="252,203,387,158" oya="2" hai0="29,20,63,116,130,60,73,133,66,51,37,79,30" hai1="17,18,85,96,117,80,75,62,35,72,6,121,25" hai2="114,64,14,107,28,15,39,111,110,113,16,86,55" hai3="115,122,91,78,94,7,126,69,13,45,33,127,1"/><V129/><F107/><W118/><G33/><T5/><D37/><U19/><E117/><V108/><F39/><W81/><G69/><T31/><D5/><U109/><E109/><V23/><F64/><W41/><G122/><T54/><D63/><U93/><E6/><V83/><F129/><W65/><G65/><T68/><D130/><U128/><E128/><V112/><F28/><W0/><G118/><T70/><D70/><U10/><E10/><V77/><F55/><W132/><G132/><T98/><D98/><U3/><E3/><V67/><F67/><W22/><G115/><T9/><D9/><U48/><E62/><V97/><F97/><W57/><G57/><T26/><D133/><U123/><E48/><V53/><F53/><W42/><G42/><T50/><D50/><U2/><E2/><V135/><F135/><W124/><G22/><T95/><D95/><U32/><E25/><AGARI ba="2,0" hai="14,15,16,23,25,77,83,86,108,110,111,112,113,114" machi="25" ten="50,12000,1" yaku="14,1,10,1,52,1,54,1" doraHai="76" who="2" fromWho="1" sc="252,0,203,-126,387,126,158,0" /><INIT seed="2,3,0,0,1,15" ten="252,77,513,158" oya="2" hai0="7,110,71,102,29,116,30,41,107,104,42,95,28" hai1="115,22,92,9,73,106,93,112,134,120,57,98,5" hai2="91,43,36,34,132,20,80,103,69,55,131,124,94" hai3="10,37,119,59,76,67,101,74,88,8,25,21,62"/><V100/><F34/><W24/><G119/><T0/><D95/><U109/><E73/><V32/><F32/><W113/><G113/><T35/><D102/><U114/><E109/><V130/><F69/><W117/><G117/><T12/><D35/><U122/><E57/><V123/><F123/><N who="1" m="47145" /><E22/><V11/><F132/><W86/><G101/><T33/><D33/><U19/><E5/><V63/><F124/><W38/><G76/><T128/><D12/><N who="1" m="7567" /><E134/><V97/><F20/><W40/><G25/><T121/><D71/><U50/><E50/><V3/><F11/><W72/><G72/><T70/><D70/><U2/><E2/><V45/><F3/><W89/><G74/><T126/><D0/><U64/><E64/><V47/><F47/><W127/><G127/><T75/><D126/><U60/><E60/><V51/><F63/><W27/><G27/><T14/><D7/><U83/><E83/><V85/><F51/><W68/><G59/><T17/><D121/><U52/><E52/><V78/><F55/><W6/><G6/><T79/><D110/><U90/><E93/><V44/><F45/><W99/><G68/><T87/><D75/><U53/><E53/><V65/><F65/><W105/><G67/><T23/><D116/><U58/><E58/><V133/><F133/><W82/><G62/><T135/><D135/><U48/><E48/><V1/><F1/><W54/><G54/><T84/><D23/><U66/><E66/><V81/><F81/><W39/><G82/><T26/><D26/><U13/><E13/><V16/><F80/><W46/><G21/><RYUUKYOKU ba="3,0" sc="252,-10,77,30,513,-10,158,-10" hai1="90,92,98,106,112,114,115" /><INIT seed="3,4,0,4,1,83" ten="242,107,503,148" oya="3" hai0="129,14,72,46,62,112,69,78,41,25,26,118,126" hai1="9,36,29,31,13,55,123,4,11,77,30,134,108" hai2="115,132,19,86,95,2,1,65,90,113,116,47,104" hai3="64,37,89,80,128,60,106,50,58,124,39,45,99"/><W81/><G124/><T49/><D118/><U43/><E36/><V84/><F116/><W79/><G128/><T98/><D72/><U20/><E43/><V18/><F104/><W114/><G114/><T71/><D78/><U131/><E77/><V10/><F132/><W34/><G34/><T88/><D71/><U7/><E55/><V22/><F65/><W125/><G125/><T107/><D126/><U75/><E75/><V21/><F47/><W97/><G81/><T85/><D14/><N who="1" m="5415" /><E134/><V121/><F10/><W92/><G99/><T44/><D88/><U105/><E105/><V82/><F121/><W127/><G106/><T57/><D85/><U102/><E102/><V93/><F82/><W63/><G63/><T73/><D25/><N who="1" m="16551" /><E123/><V17/><F17/><W48/><G48/><T38/><D49/><U61/><E61/><V117/><F117/><W122/><G122/><T35/><D46/><U130/><E108/><V66/><F66/><W133/><G133/><T103/><D73/><U96/><E96/><V40/><F90/><W68/><G58/><T27/><D69/><U110/><E110/><V53/><F53/><W28/><G127/><T76/><D112/><U24/><E24/><N who="0" m="9257" /><D76/><U100/><E100/><V87/><F87/><W56/><G56/><T52/><D129/><AGARI ba="4,0" hai="7,11,13,30,31,129,130,131" m="16551,5415" machi="129" ten="30,3900,0" yaku="19,1,34,2" doraHai="83" who="1" fromWho="0" sc="242,-51,107,51,503,0,148,0" owari="191,-0.9,158,-24.2,503,60.3,148,-35.2" /></mjloggm>