<mjloggm ver="2.3"><GO type="225" lobby="0"/><UN n0="%E5%86%B7%E5%87%8D%E3%82%AE%E3%83%A7%E3%83%BC%E3%82%B6" n1="%77%72%77%72%77%72%77%72" n2="%E3%83%97%E3%83%AC%E3%83%B4%E3%82%A1%E3%83%86%E3%82%A3" n3="%E5%B5%90%E9%9B%B2%E3%81%AE%E3%82%AB%E3%83%A9%E3%82%B9" dan="17,16,16,16" rate="2217.68,2238.94,2082.92,2082.83" sx="M,M,F,F"/><TAIKYOKU oya="0"/><INIT seed="0,0,0,1,5,58" ten="250,250,250,250" oya="0" hai0="20,34,54,25,98,11,118,87,21,126,86,124,51" hai1="102,65,49,26,18,23,16,117,17,44,73,69,1" hai2="134,61,88,33,127,81,41,116,70,48,36,68,45" hai3="113,101,111,47,42,71,114,32,122,39,31,30,66"/><T52/><D118/><U22/><E117/><V84/><F33/><W82/><G30/><T80/><D34/><U95/><E73/><V94/><F116/><W27/><G111/><T28/><D20/><U38/><E38/><V35/><F35/><W93/><G122/><T74/><D74/><U133/><E133/><V9/><F134/><W57/><G57/><T121/><D121/><U76/><E1/><V89/><F127/><N who="0" m="48682" /><D98/><U129/><E129/><V132/><F132/><W62/><REACH who="3" step="1"/><G82/><REACH who="3" ten="250,250,250,240" step="2"/><T12/><D80/><U29/><E69/><V99/><F36/><W50/><G50/><T40/><D40/><U130/><E49/><V43/><F43/><W119/><G119/><T72/><D72/><U97/><E29/><V56/><REACH who="2" step="1"/><F9/><REACH who="2" ten="250,250,240,240" step="2"/><W85/><G85/><N who="0" m="32267" /><D51/><U105/><E130/><V104/><F104/><W46/><G46/><T91/><D91/><U7/><E105/><V15/><F15/><W55/><G55/><AGARI ba="0,2" hai="41,45,48,55,56,61,68,70,81,84,88,89,94,99" machi="55" ten="30,7700,0" yaku="1,1,7,1,52,1,54,1,53,0" doraHai="58" doraHaiUra="4" who="2" fromWho="3" sc="250,0,250,0,240,97,240,-77" /><INIT seed="1,0,0,4,0,45" ten="250,250,337,163" oya="1" hai0="112,98,86,60,109,95,14,77,88,83,120,62,12" hai1="38,125,48,96,9,130,118,121,63,74,114,108,99" hai2="72,8,104,34,15,6,49,124,1,27,89,126,122" hai3="85,81,135,55,70,79,7,30,35,71,33,31,116"/><U127/><E114/><V37/><F104/><W80/><G135/><T29/><D112/><U36/><E118/><V22/><F72/><W56/><G7/><T101/><D109/><U87/><E121/><V5/><F37/><N who="1" m="14441" /><E74/><V128/><F89/><W2/><G2/><T131/><D131/><U67/><E87/><V107/><F107/><W42/><G42/><T23/><D120/><U97/><E9/><N who="2" m="2223" /><F49/><W65/><G116/><T100/><D100/><U92/><E130/><V32/><F122/><W119/><G119/><T24/><D77/><U39/><E39/><V43/><F43/><W47/><G47/><T75/><D75/><U105/><E105/><V4/><F128/><W13/><G13/><AGARI ba="0,0" hai="12,13,14,23,24,29,60,62,83,86,88,95,98,101" machi="13" ten="40,2600,0" yaku="8,1,54,1" doraHai="45" who="0" fromWho="3" sc="250,26,250,0,337,0,163,-26" /><INIT seed="2,0,0,5,3,57" ten="276,250,337,137" oya="2" hai0="100,55,14,122,16,127,15,8,97,90,93,35,121" hai1="70,58,32,67,84,37,106,46,31,129,108,28,7" hai2="53,56,98,99,101,81,95,19,105,20,5,73,77" hai3="72,130,68,10,119,9,36,69,34,3,78,128,27"/><V23/><F5/><W12/><G119/><T25/><D127/><U66/><E106/><V91/><REACH who="2" step="1"/><F19/><REACH who="2" ten="276,250,327,137" step="2"/><W102/><G128/><T117/><D117/><U113/><E7/><V49/><AGARI ba="0,1" hai="20,23,49,53,56,73,77,81,91,95,98,99,101,105" machi="49" ten="20,7800,0" yaku="1,1,2,1,0,1,7,1,53,0" doraHai="57" doraHaiUra="110" who="2" fromWho="2" sc="276,-26,250,-26,327,88,137,-26" /><INIT seed="2,1,0,0,1,125" ten="250,224,415,111" oya="2" hai0="89,63,106,50,41,15,39,44,101,8,134,9,92" hai1="109,16,112,31,113,129,82,53,61,86,94,37,124" hai2="102,88,22,80,104,35,119,69,1,56,65,51,49" hai3="4,43,2,100,132,97,52,75,47,5,114,117,96"/><V38/><F35/><W121/><G117/><T17/><D134/><U11/><E37/><V78/><F119/><W0/><G121/><T36/><D106/><U103/><E31/><V30/><F38/><W79/><G132/><T85/><D101/><U12/><E124/><V87/><F1/><W27/><G114/><T46/><D63/><U19/><E109/><V45/><F69/><W83/><G4/><T122/><D122/><U108/><E108/><V84/><F104/><W118/><G96/><T90/><D44/><U7/><E112/><V6/><F102/><W28/><G5/><T14/><REACH who="0" step="1"/><D89/><REACH who="0" ten="240,224,415,111" step="2"/><U71/><E61/><N who="2" m="38055" /><F45/><W126/><G126/><T110/><D110/><U131/><E113/><V20/><F6/><AGARI ba="1,1" hai="6,8,9,14,15,17,36,39,41,46,50,85,90,92" machi="6" ten="30,2000,0" yaku="1,1,7,1,53,0" doraHai="125" doraHaiUra="26" who="0" fromWho="2" sc="240,33,224,0,415,-23,111,0" /><INIT seed="3,0,0,2,5,29" ten="273,224,392,111" oya="3" hai0="66,108,81,122,112,106,56,22,69,33,119,132,116" hai1="70,45,126,88,0,135,18,52,3,82,100,36,76" hai2="120,12,87,113,115,17,118,130,111,64,15,105,8" hai3="32,13,40,109,117,4,61,98,63,34,92,91,53"/><W48/><G117/><T57/><D22/><U19/><E70/><V89/><F105/><W84/><G40/><T21/><D21/><U54/><E100/><V128/><F118/><W50/><G109/><T123/><D81/><U133/><E36/><V30/><F64/><W129/><G129/><N who="2" m="49769" /><F111/><W75/><G75/><T11/><D11/><U93/><E45/><V114/><F30/><W60/><G98/><T99/><D99/><N who="1" m="57767" /><E19/><V9/><F120/><W78/><G78/><T96/><D96/><U68/><E18/><N who="2" m="8455" /><F115/><W79/><G79/><T97/><D97/><U107/><E82/><AGARI ba="0,0" hai="9,15,17,82,87,89,113,114" m="8455,49769" machi="82" ten="30,1000,0" yaku="19,1" doraHai="29" who="2" fromWho="1" sc="273,0,224,-10,392,10,111,0" owari="273,7.3,214,-18.6,402,50.2,111,-38.9" /></mjloggm>