<mjloggm ver="2.3"><GO type="225" lobby="0"/><UN n0="%E4%BF%BA%E3%81%A8%E5%A6%96%E5%A4%A2" n1="%E8%A6%9A%E9%86%92%E3%81%97%E3%81%9F%E3%81%A8%E3%81%BE%E3%81%A8" n2="%E3%81%9F%E3%81%8B%E3%80%82" n3="%E6%97%A5%E6%9B%9C%E6%97%A5%E3%82%88%E3%82%8A%E3%81%AE%E4%BD%BF%E8%80%85" dan="17,16,16,16" rate="2175.39,2166.99,2088.86,2082.47" sx="F,M,M,M"/><TAIKYOKU oya="0"/><INIT seed="0,0,0,1,0,5" ten="250,250,250,250" oya="0" hai0="105,40,126,10,35,74,83,59,37,68,32,132,49" hai1="81,9,15,70,63,52,20,103,25,133,33,88,26" hai2="46,127,58,16,108,118,7,55,76,21,124,117,93" hai3="38,111,51,22,3,98,91,64,30,53,89,47,90"/><T123/><D123/><U96/><E133/><V19/><F76/><W54/><G3/><T62/><D105/><U129/><E129/><V65/><F108/><W130/><G38/><T56/><D132/><U43/><E33/><V101/><F65/><W45/><G111/><T50/><D126/><N who="2" m="48170" /><F7/><W95/><G64/><T125/><D125/><U60/><E43/><V71/><F71/><W87/><G130/><T114/><D68/><U86/><E70/><V2/><F2/><W106/><G106/><T27/><D114/><U82/><E81/><V73/><F73/><W115/><G115/><T84/><D74/><U31/><E26/><N who="2" m="14631" /><F19/><W8/><G8/><T110/><D27/><U131/><E131/><V79/><F79/><W78/><G78/><T134/><D10/><U100/><E52/><V18/><F18/><W67/><G67/><T85/><D40/><U41/><E41/><V34/><F34/><W1/><G1/><T42/><D42/><U104/><E103/><V61/><F46/><W23/><G30/><T92/><D110/><U4/><AGARI ba="0,0" hai="4,9,15,20,25,31,60,63,82,86,88,96,100,104" machi="4" ten="20,5200,0" yaku="0,1,7,1,52,1,54,1" doraHai="5" who="1" fromWho="1" sc="250,-26,250,52,250,-13,250,-13" /><INIT seed="1,0,0,5,2,60" ten="224,302,237,237" oya="1" hai0="49,103,118,72,75,93,57,5,18,107,96,15,54" hai1="12,36,120,62,102,85,92,1,68,110,20,16,70" hai2="17,77,78,39,43,126,9,101,61,24,67,83,33" hai3="71,66,22,100,84,58,25,45,28,30,34,95,38"/><U82/><E120/><V47/><F126/><W80/><G71/><T125/><D118/><U73/><E36/><V90/><F101/><W26/><G38/><T13/><D125/><U109/><E1/><V94/><F33/><W53/><G45/><T129/><D129/><U114/><E114/><V79/><F83/><W0/><G0/><T122/><D122/><U115/><E115/><V117/><F117/><W132/><G132/><T121/><D121/><U133/><E133/><V135/><F135/><W23/><G34/><T21/><REACH who="0" step="1"/><D107/><REACH who="0" ten="214,302,237,237" step="2"/><U88/><E62/><V111/><F111/><N who="1" m="42505" /><E73/><V51/><F39/><W127/><G127/><T131/><D131/><U106/><E106/><V112/><F112/><W55/><G100/><T2/><D2/><U6/><E6/><V48/><F51/><W19/><G95/><T35/><D35/><U50/><E50/><V86/><F77/><N who="3" m="46095" /><G30/><T76/><D76/><N who="1" m="46279" /><E102/><V91/><F90/><W108/><G108/><T14/><D14/><U4/><E4/><V97/><F78/><W56/><G56/><T87/><D87/><AGARI ba="0,1" hai="12,16,20,68,70,87,88,92" m="46279,42505" machi="87" ten="30,11600,0" yaku="14,1,10,1,54,2" doraHai="60" who="1" fromWho="0" sc="214,-116,302,126,237,0,237,0" /><INIT seed="1,1,0,3,3,134" ten="98,428,237,237" oya="1" hai0="53,19,87,0,73,124,43,132,114,40,76,52,121" hai1="101,21,24,96,7,35,116,82,80,13,91,5,33" hai2="22,30,55,104,2,67,51,20,32,71,119,122,110" hai3="109,23,4,57,108,75,105,28,6,34,26,97,36"/><U81/><E116/><V62/><F119/><W86/><G75/><T3/><D114/><U78/><E91/><V120/><F104/><W102/><G36/><T127/><D132/><U54/><E78/><V113/><F113/><W77/><G57/><T95/><D73/><U72/><E72/><V79/><F79/><W99/><G99/><T61/><D121/><U123/><E123/><V48/><F110/><N who="3" m="42603" /><G34/><T118/><D118/><U89/><E89/><V1/><F51/><W60/><G60/><T15/><D95/><U47/><E54/><N who="0" m="21097" /><D61/><U25/><E47/><V130/><F130/><W16/><G28/><T42/><D87/><U63/><E63/><V46/><F2/><N who="0" m="554" /><D76/><U126/><E35/><V128/><F1/><W10/><G10/><T58/><D58/><U133/><E33/><V131/><F32/><W38/><G38/><T64/><D64/><U27/><E133/><V49/><F48/><W94/><G94/><T65/><D65/><U83/><E81/><AGARI ba="1,0" hai="4,6,16,23,26,77,81,86,97,102,105" m="42603" machi="81" ten="30,2000,0" yaku="14,1,54,1" doraHai="134" who="3" fromWho="1" sc="98,0,428,-23,237,0,237,23" /><INIT seed="2,0,0,5,1,83" ten="98,405,237,260" oya="2" hai0="108,99,105,122,49,3,23,28,126,88,75,26,100" hai1="33,29,37,12,92,130,19,93,87,91,35,6,132" hai2="30,127,10,135,60,123,76,131,16,52,59,62,112" hai3="2,54,77,63,86,55,125,82,124,34,96,13,53"/><V69/><F123/><W51/><G2/><T101/><D122/><U94/><E37/><V116/><F116/><W111/><G34/><T32/><D108/><U43/><E43/><V66/><F112/><W39/><G39/><T65/><D126/><N who="3" m="48745" /><G111/><T70/><D3/><U57/><E6/><V81/><F127/><W8/><G63/><T128/><D128/><U41/><E41/><V129/><F135/><W46/><G96/><T56/><D75/><U73/><E73/><V78/><F30/><W20/><G20/><T25/><D70/><U79/><E130/><N who="2" m="49675" /><F81/><W117/><G117/><T21/><D101/><U31/><E132/><V133/><F133/><W114/><G114/><T103/><D103/><U107/><E35/><V9/><F9/><W14/><G14/><AGARI ba="0,0" hai="10,14,16,52,59,60,62,66,69,76,78" m="49675" machi="14" ten="30,5800,0" yaku="19,1,54,2" doraHai="83" who="2" fromWho="3" sc="98,0,405,0,237,58,260,-58" /><INIT seed="2,1,0,5,0,122" ten="98,405,295,202" oya="2" hai0="85,133,13,21,128,46,121,22,39,111,33,25,31" hai1="100,1,44,61,3,71,129,60,63,87,75,43,65" hai2="29,42,53,90,130,51,11,59,86,88,37,24,102" hai3="113,123,20,15,49,72,83,17,26,56,66,115,91"/><V36/><F130/><W124/><G123/><T58/><D121/><U34/><E75/><V47/><F102/><W68/><G68/><T95/><D128/><U9/><E129/><V45/><F11/><W77/><G124/><T78/><D133/><U114/><E114/><N who="3" m="43530" /><G91/><T132/><D132/><U93/><E34/><V7/><F7/><W94/><G94/><T41/><D58/><U70/><E1/><V96/><F96/><W8/><G49/><T112/><D112/><U79/><E71/><V50/><F90/><W62/><G8/><T92/><D33/><U120/><E120/><V131/><F131/><W73/><G73/><T4/><D4/><U110/><E100/><V97/><F97/><W107/><G26/><T118/><D118/><U48/><E70/><V12/><F12/><W28/><G28/><T126/><D126/><U0/><E3/><V23/><REACH who="2" step="1"/><F47/><REACH who="2" ten="98,405,285,202" step="2"/><W40/><G107/><T10/><D10/><U117/><E9/><V67/><F67/><W55/><G40/><T57/><D41/><U106/><E43/><V16/><F16/><N who="3" m="10271" /><G66/><T30/><D30/><U101/><E65/><V135/><F135/><W82/><G82/><AGARI ba="1,1" hai="23,24,29,36,37,42,45,50,51,53,59,82,86,88" machi="82" ten="30,11600,0" yaku="1,1,7,1,54,1,53,1" doraHai="122" doraHaiUra="54" who="2" fromWho="3" sc="98,0,405,0,285,129,202,-119" /><INIT seed="2,2,0,3,4,121" ten="98,405,414,83" oya="2" hai0="123,133,101,45,90,92,11,134,88,53,36,52,94" hai1="85,80,110,98,35,131,14,60,41,120,130,40,69" hai2="47,22,39,106,23,24,7,109,87,12,26,102,30" hai3="135,54,49,72,129,95,65,82,15,16,32,63,71"/><V91/><F106/><W122/><G122/><T6/><D123/><U100/><E120/><V9/><F102/><W51/><G129/><N who="1" m="49162" /><E35/><V57/><F109/><W20/><G135/><N who="0" m="51723" /><D36/><U103/><E110/><V8/><F8/><W128/><G128/><T17/><D17/><U38/><E38/><V3/><F3/><W25/><G95/><N who="0" m="36395" /><D101/><N who="1" m="38987" /><E98/><V43/><F57/><W5/><G54/><N who="0" m="21099" /><D45/><U58/><E69/><V61/><F61/><W127/><G127/><T64/><D64/><N who="1" m="38935" /><E14/><AGARI ba="2,0" hai="6,11,14,88,90" m="21099,36395,51723" machi="14" ten="30,3900,0" yaku="20,1,54,2" doraHai="121" who="0" fromWho="1" sc="98,45,405,-45,414,0,83,0" /><INIT seed="3,0,0,3,5,32" ten="143,360,414,83" oya="3" hai0="26,131,103,4,13,105,112,132,76,39,126,114,110" hai1="38,43,122,50,24,70,83,72,120,75,63,119,91" hai2="6,25,45,96,21,54,69,61,15,20,85,84,73" hai3="33,62,87,92,65,52,101,99,35,42,106,109,0"/><W113/><G113/><T78/><D39/><U30/><E38/><V86/><F73/><W11/><G42/><T77/><D110/><U41/><E91/><V129/><F129/><W121/><G121/><T102/><D131/><U57/><E70/><V49/><F96/><W8/><G109/><T133/><D126/><U93/><E93/><V89/><F69/><W48/><G87/><N who="2" m="33353" /><F61/><W97/><G62/><T107/><D26/><U64/><E119/><V68/><F68/><W53/><G65/><T2/><D13/><U31/><E41/><V104/><F104/><N who="0" m="40010" /><D4/><U81/><E50/><V40/><F40/><W74/><G74/><T80/><D80/><U29/><E43/><V134/><F134/><N who="0" m="51818" /><D2/><U47/><E47/><V82/><F25/><W14/><G0/><T128/><D128/><U44/><E44/><V23/><F6/><W71/><G71/><T67/><D67/><U94/><E94/><V88/><F89/><W55/><G48/><T111/><D111/><U56/><E30/><V16/><AGARI ba="0,0" hai="15,16,20,21,23,45,49,54,82,86,88" m="33353" machi="16" ten="30,4000,0" yaku="8,1,54,2" doraHai="32" who="2" fromWho="2" sc="143,-10,360,-10,414,40,83,-20" owari="133,-26.7,350,15.0,454,55.4,63,-43.7" /></mjloggm>