<mjloggm ver="2.3"><GO type="225" lobby="0"/><UN n0="%E3%81%A8%E3%82%93%E3%81%A8%E3%81%93%E3%81%A8%E3%82%93" n1="%73%75%7A%75%6D%65%33" n2="%E3%81%86%E3%83%BC%E3%81%B1%E3%83%BC" n3="%E7%BD%AA%E5%88%91%E6%B3%95%E5%AE%9A%E4%B8%BB%E7%BE%A9" dan="16,18,17,16" rate="2123.08,2277.02,2205.07,2188.30" sx="M,M,F,M"/><TAIKYOKU oya="0"/><INIT seed="0,0,0,1,2,40" ten="250,250,250,250" oya="0" hai0="52,38,106,71,25,132,66,129,125,121,120,46,59" hai1="84,51,45,62,80,124,15,95,0,56,112,133,81" hai2="50,27,77,24,90,13,37,19,28,48,96,72,36" hai3="119,100,104,115,74,101,76,53,97,92,131,8,4"/><T34/><D106/><U22/><E0/><V14/><F72/><W49/><G115/><T58/><D125/><U17/><E124/><V65/><F77/><W21/><G119/><T33/><D129/><U116/><E133/><V89/><F19/><W99/><G131/><T1/><D1/><U113/><E116/><V39/><F65/><W91/><G21/><T60/><D132/><U82/><E95/><V20/><F20/><W70/><G70/><T2/><D2/><U61/><E84/><V102/><F39/><W79/><G74/><T122/><D25/><U18/><E18/><V128/><F128/><W83/><G83/><T16/><D16/><U10/><E10/><V107/><F96/><W98/><G8/><T41/><REACH who="0" step="1"/><D59/><REACH who="0" ten="240,250,250,250" step="2"/><U94/><E56/><V105/><F102/><W109/><G4/><T126/><D126/><U75/><E75/><V68/><F68/><W7/><G7/><T135/><D135/><U57/><E57/><V42/><F28/><W87/><G109/><T43/><D43/><AGARI ba="0,1" hai="13,14,24,27,36,37,42,43,48,50,89,90,105,107" machi="43" ten="25,1600,0" yaku="22,2" doraHai="40" who="2" fromWho="0" sc="240,-16,250,0,250,26,250,0" /><INIT seed="1,0,0,1,2,49" ten="224,250,276,250" oya="1" hai0="43,25,121,82,85,110,132,29,79,31,99,115,114" hai1="84,4,100,89,68,93,19,101,16,46,42,62,77" hai2="108,74,58,34,65,128,135,52,91,17,51,90,59" hai3="6,118,7,87,98,80,95,5,133,63,53,35,107"/><U78/><E4/><V75/><F34/><W124/><G35/><T94/><D110/><U47/><E68/><V28/><F28/><W120/><G120/><T14/><D132/><U26/><E62/><V44/><F135/><W71/><G133/><T38/><D121/><U73/><E47/><V134/><F134/><W86/><G107/><T113/><D14/><U117/><E117/><V36/><F128/><W40/><G118/><T112/><N who="0" m="28672" /><DORA hai="70" /><T23/><D43/><U111/><E111/><V24/><F75/><W83/><G124/><T130/><D130/><U131/><E131/><V3/><F74/><W30/><G30/><T66/><D66/><U103/><E73/><V96/><F3/><W122/><G122/><T81/><D82/><N who="3" m="31273" /><G40/><T97/><D31/><U88/><E89/><V126/><F126/><W18/><G71/><T12/><D38/><U57/><E57/><V32/><F32/><W129/><G129/><T50/><D12/><U8/><E8/><V11/><F36/><W55/><G18/><N who="1" m="6698" /><E26/><V0/><F0/><W15/><G15/><T123/><D123/><U76/><E46/><V119/><F119/><W102/><G63/><T33/><D33/><U21/><E21/><N who="2" m="13359" /><F11/><W61/><G61/><T37/><D37/><U106/><E106/><V127/><F127/><W109/><G109/><T22/><D50/><U2/><E2/><V105/><F108/><W41/><G41/><AGARI ba="0,0" hai="41,42,76,77,78,84,88,93,100,101,103" m="6698" machi="41" ten="40,7700,0" yaku="8,1,54,2" doraHai="49,70" who="1" fromWho="3" sc="224,0,250,77,276,0,250,-77" /><INIT seed="1,1,0,3,3,104" ten="224,327,276,173" oya="1" hai0="108,15,112,40,42,110,86,127,59,83,80,65,117" hai1="75,73,76,124,107,61,84,109,36,66,93,55,19" hai2="31,79,72,46,113,98,128,28,50,47,88,99,60" hai3="27,129,119,70,62,94,11,33,122,25,6,106,38"/><U29/><E107/><V126/><F128/><W102/><G106/><T63/><D112/><U91/><E36/><V68/><F126/><W64/><G122/><T12/><D117/><U85/><E124/><V14/><F113/><W24/><G119/><T41/><D127/><U49/><E29/><V37/><F37/><W22/><G33/><T8/><D12/><U17/><E109/><N who="0" m="42089" /><D86/><U58/><E85/><V23/><F98/><W13/><G38/><T132/><D132/><U2/><E2/><V101/><F47/><W87/><G129/><T105/><D105/><U120/><E120/><V78/><F31/><W5/><G5/><AGARI ba="1,0" hai="5,8,15,40,41,42,59,63,65,80,83" m="42089" machi="5" ten="30,1000,0" yaku="14,1" doraHai="104" who="0" fromWho="3" sc="224,13,327,0,276,0,173,-13" /><INIT seed="2,0,0,3,0,122" ten="237,327,276,160" oya="2" hai0="99,33,7,78,57,58,6,19,43,29,119,87,46" hai1="84,34,125,17,36,21,82,83,105,0,71,60,39" hai2="11,52,55,80,79,101,134,90,81,102,117,132,26" hai3="45,103,62,131,61,135,88,14,40,86,42,133,110"/><V16/><F117/><W75/><G75/><T96/><D119/><U56/><E105/><V59/><F90/><W32/><G32/><T106/><D33/><U91/><E34/><V30/><F30/><W130/><G103/><T63/><D29/><U70/><E0/><V67/><F67/><W35/><G35/><T51/><D19/><U49/><E125/><V9/><F59/><N who="0" m="22538" /><D63/><N who="3" m="24073" /><G14/><T44/><D44/><U114/><E114/><V97/><F16/><W74/><G74/><T27/><D27/><U68/><E82/><V12/><F12/><W73/><G73/><T54/><D43/><N who="3" m="16425" /><G45/><T48/><D106/><U85/><E85/><V1/><F26/><W38/><G38/><T127/><D127/><U24/><REACH who="1" step="1"/><E49/><REACH who="1" ten="237,317,276,160" step="2"/><V4/><F1/><W126/><G126/><T20/><D51/><U25/><E25/><V116/><F116/><W111/><G135/><T13/><D96/><U92/><E92/><V109/><F97/><W98/><G98/><T93/><D99/><U77/><E77/><V124/><F124/><W120/><G133/><T69/><D93/><U22/><E22/><V104/><F104/><W65/><G120/><T95/><D95/><U72/><E72/><V113/><F79/><W2/><G2/><T8/><D20/><U108/><E108/><N who="3" m="41514" /><G65/><AGARI ba="0,1" hai="17,21,24,36,39,56,60,65,68,70,71,83,84,91" machi="65" ten="40,1300,0" yaku="1,1,53,0" doraHai="122" doraHaiUra="50" who="1" fromWho="3" sc="237,0,317,23,276,0,160,-13" /><INIT seed="3,0,0,3,4,92" ten="237,340,276,147" oya="3" hai0="50,58,124,59,21,19,116,122,7,104,5,1,78" hai1="89,13,4,32,57,55,113,36,135,31,2,15,96" hai2="26,24,133,46,9,101,72,42,43,25,119,80,77" hai3="128,16,115,20,10,76,60,126,37,34,114,12,69"/><W102/><G37/><T107/><D116/><U47/><E113/><V117/><F133/><W14/><G34/><T8/><D122/><U86/><E135/><V98/><F42/><W52/><G128/><T90/><D124/><U35/><E96/><V123/><F9/><W130/><G130/><T118/><D118/><U3/><E36/><V88/><F123/><W79/><G126/><T120/><D120/><U30/><E47/><V70/><F70/><W40/><G40/><T87/><D78/><U71/><E71/><V81/><F101/><W0/><G0/><T49/><D1/><U105/><E105/><V97/><F117/><W100/><G115/><T27/><D8/><U53/><E57/><N who="0" m="21513" /><D104/><U131/><E131/><V109/><F109/><W74/><G114/><T41/><D107/><U54/><E4/><N who="0" m="1609" /><D41/><U125/><E125/><V66/><F66/><W106/><G106/><T65/><D65/><U110/><E110/><V6/><F6/><N who="3" m="3159" /><G69/><T111/><D111/><U99/><E2/><V91/><F119/><W11/><G74/><T44/><D44/><U94/><E3/><V129/><F129/><W51/><G60/><T85/><D87/><U112/><E112/><V23/><F23/><W22/><G22/><T45/><D45/><U82/><E35/><V56/><F56/><N who="3" m="32799" /><G20/><T62/><D62/><U39/><E39/><N who="2" m="21887" /><F91/><W127/><G127/><T28/><D28/><N who="1" m="10795" /><E32/><V33/><F33/><W29/><G29/><T64/><D64/><U17/><E17/><V93/><F72/><W67/><G67/><T75/><D75/><U63/><E63/><V61/><F61/><RYUUKYOKU ba="0,0" sc="237,10,340,10,276,-30,147,10" hai0="19,21,27,49,50,85,90" hai1="13,15,53,54,55,82,86,89,94,99" hai3="11,14,16,76,79,100,102" /><INIT seed="3,1,0,2,2,72" ten="247,350,246,157" oya="3" hai0="15,77,122,73,52,85,23,134,30,132,59,45,100" hai1="80,103,89,63,113,93,91,21,115,71,64,81,70" hai2="3,69,101,39,28,82,84,76,34,130,123,114,107" hai3="133,124,78,105,46,127,12,128,111,33,4,126,106"/><W48/><G33/><T7/><D122/><U47/><E71/><V135/><RYUUKYOKU type="yao9" ba="1,0" sc="247,0,350,0,246,0,157,0" hai2="3,28,34,39,69,76,82,84,101,107,114,123,130,135" /><INIT seed="3,2,0,3,2,74" ten="247,350,246,157" oya="3" hai0="67,113,99,2,70,1,130,59,101,79,36,68,126" hai1="111,82,9,69,78,104,106,4,0,43,46,117,119" hai2="109,6,103,39,76,21,58,3,72,14,87,10,96" hai3="134,115,13,133,84,7,12,11,77,52,26,24,71"/><W90/><G71/><T108/><D59/><U56/><E56/><V57/><F109/><W131/><G115/><T122/><D122/><U127/><E111/><V20/><F72/><W105/><G105/><N who="0" m="63679" /><D108/><U8/><E69/><V47/><F39/><W132/><G131/><T41/><D126/><U54/><E54/><V22/><F3/><N who="0" m="1034" /><D130/><U125/><E9/><V34/><F34/><W102/><G102/><T30/><D113/><U95/><E95/><N who="2" m="58783" /><F47/><W120/><G120/><T110/><D110/><U66/><E66/><V50/><F50/><W35/><G35/><T107/><D107/><N who="1" m="41003" /><E46/><V85/><F76/><W5/><G52/><T37/><D30/><U114/><E43/><V112/><F112/><W65/><G65/><T62/><D79/><U48/><E48/><V42/><F42/><W91/><G77/><T23/><D23/><U15/><E0/><V33/><F33/><W18/><G5/><T45/><D70/><U93/><E93/><V118/><F118/><N who="1" m="45065" /><E114/><V40/><F40/><W64/><G64/><T83/><D83/><U19/><E4/><V81/><F81/><N who="3" m="49423" /><G91/><T63/><D62/><U16/><E19/><V31/><F31/><W121/><G121/><T100/><D100/><U98/><E98/><V129/><F129/><W94/><G94/><T89/><D89/><U51/><E51/><V28/><F28/><W97/><G97/><T49/><D49/><U128/><E128/><V135/><F135/><N who="3" m="34563" /><W53/><DORA hai="17" /><G53/><T55/><D55/><U80/><E80/><V124/><F124/><W38/><G38/><N who="0" m="21687" /><D68/><U44/><E44/><V32/><F32/><RYUUKYOKU ba="2,0" sc="247,0,350,0,246,0,157,0" hai0="36,37,63,67" hai1="8,15,16,78,82,125,127" hai2="6,10,14,20,21,22,57,58,85,87" hai3="7,11,12,13,18,24,26" /><INIT seed="3,3,0,1,5,111" ten="247,350,246,157" oya="3" hai0="75,72,70,33,15,39,24,118,18,110,119,13,73" hai1="91,101,25,20,87,120,48,2,11,103,125,90,17" hai2="89,21,129,99,31,104,5,19,108,6,109,123,76" hai3="134,51,14,130,83,12,55,95,47,124,59,27,71"/><W122/><G122/><T53/><D39/><U127/><E120/><V52/><F123/><W34/><G71/><T112/><D70/><U3/><E48/><V94/><F129/><W68/><G68/><T135/><D110/><N who="2" m="42602" /><F31/><W46/><G130/><T60/><D135/><U78/><E78/><V131/><F131/><W128/><G128/><T32/><D112/><U69/><E69/><V88/><F104/><W93/><G134/><T115/><D115/><U16/><E90/><N who="2" m="55767" /><F76/><W65/><G124/><N who="1" m="47690" /><E17/><V4/><F52/><W132/><G132/><T117/><D33/><U80/><E11/><V42/><F42/><W28/><G83/><T22/><REACH who="0" step="1"/><D32/><REACH who="0" ten="237,350,246,157" step="2"/><U40/><E40/><V105/><F105/><W106/><G106/><T62/><D62/><U61/><E61/><V133/><F133/><W38/><G38/><T23/><D23/><U29/><E29/><V97/><F97/><W113/><G113/><T79/><D79/><U92/><E80/><V37/><F37/><W126/><G126/><T96/><D96/><U114/><E114/><V84/><F84/><W41/><G65/><T74/><N who="0" m="18432" /><DORA hai="44" /><T0/><D0/><AGARI ba="3,1" hai="0,2,3,16,20,25,87,91,92,101,103" m="47690" machi="0" ten="30,2000,0" yaku="18,1,54,1" doraHai="111,44" who="1" fromWho="0" sc="237,-29,350,39,246,0,157,0" owari="208,-19.2,389,48.9,246,4.6,157,-34.3" /></mjloggm>