<mjloggm ver="2.3"><GO type="225" lobby="0"/><UN n0="%E3%81%99%E3%81%84%E3%81%BE%E3%81%9B%E3%83%BC%E3%82%93" n1="%4E%49%4A%49%49%52%4F" n2="%E5%8D%A0%E3%81%84%E5%B8%AB%E8%A3%8F%E3%81%AA%E3%81%84%E3%81%97" n3="%72%61%6B%33" dan="16,17,17,17" rate="2188.66,2202.61,2143.45,2173.71" sx="M,M,M,M"/><TAIKYOKU oya="0"/><INIT seed="0,0,0,0,3,30" ten="250,250,250,250" oya="0" hai0="53,28,13,46,95,125,98,92,4,112,103,33,117" hai1="76,31,65,36,45,96,83,37,79,22,75,23,70" hai2="106,20,69,87,24,21,67,108,107,66,49,111,88" hai3="105,82,100,19,104,14,132,116,26,40,122,77,54"/><T1/><D112/><U91/><E76/><V27/><F49/><W81/><G116/><T101/><D117/><U99/><E91/><V90/><REACH who="2" step="1"/><F87/><REACH who="2" ten="250,250,240,250" step="2"/><W18/><G18/><T115/><BYE who="3" /><D115/><U5/><E37/><V113/><F113/><W80/><G80/><T73/><D73/><U55/><E36/><V63/><F63/><W126/><G126/><T89/><D125/><U3/><E83/><V123/><F123/><W133/><G133/><T9/><D1/><U68/><E3/><V6/><F6/><W48/><G48/><T110/><D4/><U120/><E5/><V41/><F41/><W52/><G52/><T130/><D53/><U8/><E55/><V25/><F25/><W60/><G60/><T57/><D46/><U109/><E45/><V47/><F47/><W135/><G135/><T50/><D50/><U61/><E75/><V85/><F85/><W10/><G10/><T72/><D9/><U124/><E8/><V129/><F129/><W58/><G58/><T121/><D57/><U17/><E61/><V86/><F86/><W127/><G127/><T102/><D72/><U39/><E124/><V74/><F74/><W16/><G16/><T51/><D51/><U94/><E17/><V42/><F42/><W12/><G12/><T29/><D13/><U56/><E39/><V119/><F119/><W93/><G93/><T44/><D44/><U134/><E56/><V128/><F128/><W64/><G64/><T97/><D130/><U71/><E65/><V34/><F34/><W7/><G7/><T62/><D121/><U15/><E120/><RYUUKYOKU ba="0,1" sc="250,-10,250,-10,240,30,250,-10" hai2="20,21,24,27,66,67,69,88,90,106,107,108,111" /><INIT seed="1,1,1,5,4,120" ten="240,240,270,240" oya="1" hai0="23,55,56,6,102,86,106,111,36,28,116,30,68" hai1="38,125,66,52,100,63,31,16,123,132,2,35,76" hai2="29,127,131,81,80,77,133,101,75,121,61,20,27" hai3="105,49,115,85,51,87,46,71,3,50,13,82,117"/><U128/><E123/><UN n3="%72%61%6B%33" /><V9/><F121/><W33/><G117/><T103/><D116/><U22/><E2/><V21/><F127/><W135/><G3/><T1/><D36/><U70/><E38/><V93/><F131/><W122/><G122/><T94/><D68/><U42/><E128/><V78/><F133/><W58/><G71/><T15/><D1/><U124/><E132/><V19/><F9/><W17/><G135/><T37/><D37/><U97/><E76/><V25/><F61/><W83/><G105/><T73/><D73/><U72/><E42/><V26/><F26/><W126/><G33/><T130/><D106/><N who="1" m="63759" /><E72/><V113/><F113/><W11/><G126/><N who="1" m="48746" /><E35/><V65/><F65/><W8/><G115/><T95/><D130/><U32/><E32/><V90/><F101/><W34/><G34/><T91/><D103/><U45/><E31/><V12/><F27/><W43/><G58/><T5/><D30/><U47/><E52/><V109/><F75/><W40/><G11/><T44/><D28/><U18/><E18/><V60/><F78/><N who="3" m="46295" /><G43/><T98/><D44/><U54/><E54/><V57/><F77/><AGARI ba="1,1" hai="8,13,17,40,46,49,50,51,77,83,87" m="46295" machi="77" ten="30,1000,0" yaku="8,1" doraHai="120" who="3" fromWho="2" sc="240,0,240,0,270,-13,240,23" /><INIT seed="2,0,0,5,4,65" ten="240,240,257,263" oya="2" hai0="110,19,71,96,84,54,128,60,79,41,101,68,42" hai1="46,66,81,47,52,98,16,97,21,133,72,123,107" hai2="43,134,35,119,28,5,86,70,14,56,36,40,63" hai3="9,91,113,22,7,112,106,34,75,33,3,64,73"/><V8/><F119/><W51/><G106/><T62/><D110/><U10/><E123/><V108/><F36/><W89/><G22/><T105/><D128/><U88/><E133/><V2/><F108/><W92/><G51/><T132/><D132/><U18/><E107/><V59/><F134/><W55/><G55/><T93/><D19/><U95/><E66/><V69/><F2/><W78/><G64/><T77/><D105/><U17/><E10/><V61/><F28/><W102/><G102/><T117/><D117/><U12/><E72/><N who="3" m="27722" /><G78/><T38/><D38/><U53/><E81/><V82/><F35/><N who="3" m="13323" /><G92/><T118/><D118/><U50/><E98/><V94/><F94/><W15/><G15/><T32/><D32/><U0/><E0/><V99/><F99/><W125/><G125/><T115/><D79/><U67/><E67/><V44/><F43/><W48/><G48/><AGARI ba="0,0" hai="12,16,17,18,21,46,47,48,50,52,53,88,95,97" machi="48" ten="40,8000,1" yaku="9,1,8,1,54,3" doraHai="65" who="1" fromWho="3" sc="240,0,240,80,257,0,263,-80" /><INIT seed="3,0,0,3,0,104" ten="240,320,257,183" oya="3" hai0="127,78,101,13,125,118,88,5,2,73,45,4,60" hai1="23,65,96,37,26,16,130,94,105,46,114,90,32" hai2="38,99,1,36,44,10,80,133,15,100,75,116,3" hai3="7,123,128,86,64,12,95,59,93,20,30,112,53"/><W21/><G128/><T47/><D118/><U79/><E130/><V117/><F133/><W33/><G112/><T108/><D108/><U122/><E122/><V135/><F135/><W102/><G123/><T106/><D2/><U69/><E114/><V119/><F15/><W91/><G64/><T83/><D60/><U62/><E105/><N who="2" m="63647" /><F44/><N who="0" m="16970" /><D88/><U121/><E121/><V24/><F24/><W113/><G113/><T70/><D13/><U56/><E79/><N who="2" m="44159" /><F10/><N who="3" m="4191" /><G33/><T31/><D31/><U61/><E32/><V41/><F41/><W85/><G30/><T19/><D19/><U48/><E37/><AGARI ba="0,0" hai="1,3,36,37,38,116,117,119" m="44159,63647" machi="37" ten="40,2600,0" yaku="23,1,52,1" doraHai="104" who="2" fromWho="1" sc="240,0,320,-26,257,26,183,0" /><INIT seed="4,0,0,1,1,78" ten="240,294,283,183" oya="0" hai0="113,87,41,117,114,82,48,27,53,5,104,123,96" hai1="108,56,102,3,132,79,128,121,107,70,62,51,67" hai2="80,2,109,101,112,66,68,33,43,28,103,55,60" hai3="8,30,36,100,106,45,74,34,16,72,58,54,133"/><T77/><D117/><U11/><E121/><V129/><F109/><W10/><G133/><T57/><D123/><U115/><E108/><V15/><F2/><W24/><G100/><N who="0" m="62471" /><D27/><U120/><E120/><V71/><F71/><W92/><G106/><T23/><D23/><U9/><E132/><V73/><F112/><N who="0" m="43114" /><D41/><U59/><E128/><V32/><F129/><W38/><G92/><T111/><D111/><U49/><E115/><V131/><F131/><W29/><G29/><T44/><D5/><U105/><E79/><V64/><F43/><W13/><G10/><T21/><D21/><U31/><E31/><V19/><F28/><W84/><G84/><T40/><D40/><U26/><E26/><V1/><F32/><W69/><G69/><T91/><D77/><U134/><E134/><V130/><F33/><W14/><G14/><T76/><D76/><U61/><E70/><V75/><F130/><W63/><REACH who="3" step="1"/><G45/><AGARI ba="0,0" hai="44,45,48,53,57,82,87,91" m="43114,62471" machi="45" ten="30,2900,0" yaku="15,1,52,1" doraHai="78" who="0" fromWho="3" sc="240,29,294,0,283,0,183,-29" /><INIT seed="4,1,0,3,5,31" ten="269,294,283,154" oya="0" hai0="133,35,129,41,94,27,19,123,115,50,135,112,126" hai1="53,109,78,103,91,43,51,24,130,58,98,33,118" hai2="87,102,96,89,5,45,63,127,29,70,36,48,84" hai3="30,37,57,76,100,32,125,1,75,61,21,55,92"/><T47/><D123/><U67/><E118/><V132/><F36/><W66/><G1/><T124/><D129/><U134/><E109/><V26/><F127/><N who="0" m="48682" /><D94/><U121/><E121/><V93/><F132/><N who="0" m="50762" /><D35/><U38/><E134/><V9/><F70/><W62/><G125/><T14/><D27/><U59/><E130/><V18/><F18/><W116/><G116/><T90/><D90/><U8/><E78/><V73/><F73/><W79/><G37/><T10/><AGARI ba="1,0" hai="10,14,19,41,47,50,112,115" m="50762,48682" machi="10" ten="40,3900,0" yaku="18,1,20,1" doraHai="31" who="0" fromWho="0" sc="269,42,294,-14,283,-14,154,-14" owari="311,41.1,280,8.0,269,-13.1,140,-36.0" /></mjloggm>