<mjloggm ver="2.3"><GO type="225" lobby="0"/><UN n0="%6D%75%75%73%61%6E%6D%75" n1="%E7%89%B9%E6%9D%B1%E3%81%AF%E4%B8%96%E7%95%8C%E3%82%92%E6%95%91%E3%81%86" n2="%E3%83%81%E3%83%AF%E3%83%AF%E9%9A%8A%E9%95%B7" n3="%E3%83%A9%E3%83%BC%E3%83%A1%E3%83%B3%E4%BA%94%E9%83%8E" dan="16,16,17,16" rate="2124.90,2158.79,2149.77,2110.32" sx="F,M,M,M"/><TAIKYOKU oya="0"/><INIT seed="0,0,0,2,2,113" ten="250,250,250,250" oya="0" hai0="2,70,119,90,28,68,55,103,89,40,22,81,114" hai1="96,107,85,37,66,104,46,51,97,29,53,26,95" hai2="11,25,84,73,98,71,16,63,86,112,48,131,130" hai3="35,60,129,101,62,6,58,132,115,116,23,14,18"/><T39/><D114/><U47/><E66/><N who="2" m="41439" /><F112/><W31/><G115/><T33/><D33/><U123/><E123/><V21/><F73/><W79/><G132/><T65/><D2/><U7/><E7/><V74/><F74/><W57/><G129/><N who="2" m="49161" /><F48/><W49/><G49/><T91/><D81/><U108/><E108/><V77/><F77/><W5/><G79/><T15/><D103/><U41/><E85/><N who="2" m="32875" /><F98/><W76/><G76/><T34/><D34/><U17/><E17/><V10/><AGARI ba="0,0" hai="10,11,16,21,25" m="32875,49161,41439" machi="10" ten="30,2000,0" yaku="19,1,54,1" doraHai="113" who="2" fromWho="2" sc="250,-10,250,-5,250,20,250,-5" /><INIT seed="1,0,0,1,1,36" ten="240,245,270,245" oya="1" hai0="124,71,39,43,128,122,47,63,44,132,24,46,100" hai1="23,82,94,52,27,65,76,34,10,56,54,118,131" hai2="28,62,117,29,61,89,75,107,74,6,5,84,57" hai3="11,91,129,79,69,55,114,31,130,60,77,113,48"/><U120/><E131/><N who="3" m="50186" /><G31/><T64/><D128/><U58/><E118/><V22/><F117/><W30/><G30/><N who="2" m="11881" /><F107/><W53/><G91/><T38/><D124/><U134/><E134/><V86/><F74/><W13/><G69/><T21/><D132/><U111/><E120/><V85/><F75/><W1/><G60/><T37/><D122/><U92/><E34/><V35/><F35/><W121/><G1/><T7/><D7/><N who="2" m="2570" /><F22/><W50/><G121/><T59/><D100/><U78/><E10/><V33/><F33/><W95/><G95/><T41/><REACH who="0" step="1"/><D71/><REACH who="0" ten="230,245,270,245" step="2"/><U4/><E4/><V106/><F106/><W123/><G123/><T26/><D26/><U103/><E103/><V9/><F89/><W45/><G114/><T8/><D8/><U16/><E27/><V101/><F101/><W0/><G113/><T68/><D68/><U102/><E102/><V88/><F9/><W67/><G0/><T109/><D109/><U70/><E111/><V3/><F3/><W66/><G11/><T18/><AGARI ba="0,1" hai="18,21,24,37,38,39,41,43,44,46,47,59,63,64" machi="18" ten="40,8000,1" yaku="1,1,0,1,52,2,53,0" doraHai="36" doraHaiUra="51" who="0" fromWho="0" sc="230,90,245,-40,270,-20,245,-20" /><INIT seed="2,0,0,4,5,104" ten="320,205,250,225" oya="2" hai0="16,52,78,8,65,26,6,21,40,9,62,45,83" hai1="119,20,86,109,127,13,46,53,105,95,67,84,122" hai2="85,48,0,111,76,124,51,116,29,89,130,71,108" hai3="14,49,75,24,82,25,79,56,44,63,92,17,11"/><V33/><F116/><W107/><G107/><T131/><D131/><U132/><E119/><V41/><F0/><W54/><REACH who="3" step="1"/><G92/><REACH who="3" ten="320,205,250,215" step="2"/><T69/><D6/><U70/><E105/><V5/><F5/><W30/><G30/><T19/><D19/><U3/><E95/><V50/><F29/><W117/><G117/><T114/><D114/><U27/><E122/><V1/><F130/><W134/><G134/><T121/><D121/><U58/><E132/><V31/><F31/><W73/><G73/><T97/><D97/><U102/><E86/><V81/><F85/><W12/><G12/><T60/><D16/><U59/><E84/><V64/><F1/><W99/><G99/><T118/><D118/><U128/><E3/><V129/><F129/><W90/><G90/><T47/><D26/><U106/><E128/><V112/><F89/><W66/><AGARI ba="0,1" hai="11,14,17,24,25,44,49,54,56,63,66,75,79,82" machi="66" ten="20,8000,1" yaku="1,1,0,1,7,1,52,1,53,1" doraHai="104" doraHaiUra="43" who="3" fromWho="3" sc="320,-20,205,-20,250,-40,215,90" /><INIT seed="3,0,0,2,5,42" ten="300,185,210,305" oya="3" hai0="87,124,118,72,59,15,58,80,76,3,33,96,50" hai1="120,81,126,90,28,82,134,123,36,133,43,1,122" hai2="17,19,108,37,10,83,115,54,97,46,11,84,48" hai3="92,7,53,101,2,62,56,57,5,34,103,68,9"/><W6/><G68/><T40/><D3/><U55/><E1/><V22/><F115/><W110/><G34/><T135/><D118/><U8/><E126/><V71/><F71/><W94/><G110/><T125/><D33/><U85/><E28/><V69/><F69/><W107/><G107/><T63/><D135/><N who="1" m="51723" /><E55/><V74/><F74/><W61/><G9/><N who="2" m="3081" /><F37/><W79/><G79/><T109/><D109/><U65/><E65/><V130/><F108/><W106/><G106/><T77/><D96/><U29/><E29/><V86/><F130/><W30/><G30/><T24/><D15/><U117/><E117/><V73/><F73/><W93/><G2/><T132/><D132/><U16/><E43/><V119/><F119/><W131/><G131/><T127/><D24/><U45/><E36/><V38/><F38/><W129/><G129/><T52/><D40/><U31/><E31/><V23/><F97/><W66/><AGARI ba="0,0" hai="5,6,7,53,56,57,61,62,66,92,93,94,101,103" machi="66" ten="30,3000,0" yaku="0,1,8,1" doraHai="42" who="3" fromWho="3" sc="300,-10,185,-10,210,-10,305,30" owari="290,9.0,175,-32.5,200,-20.0,335,43.5" /></mjloggm>