<mjloggm ver="2.3"><GO type="225" lobby="0"/><UN n0="%6D%75%75%6D%75%72%61" n1="%E3%83%87%E3%83%A9%E3%82%B3%E3%83%83%E3%82%B3" n2="%6E%65%77%E8%BC%AA%E5%A4%A7%E7%B4%8D%E8%A8%80" n3="%E6%B0%B7%E5%B7%9D%E9%87%8C%E5%A5%88" dan="17,16,16,16" rate="2170.03,2149.91,2109.11,2091.24" sx="F,M,M,F"/><TAIKYOKU oya="0"/><INIT seed="0,0,0,1,1,44" ten="250,250,250,250" oya="0" hai0="12,20,39,17,71,56,114,74,106,10,123,129,121" hai1="133,18,132,24,9,93,110,85,99,81,2,26,15" hai2="64,111,5,14,47,1,90,135,84,8,87,40,100" hai3="77,130,107,124,98,3,28,0,52,50,21,128,86"/><T131/><D71/><U35/><E110/><V113/><F111/><W67/><G67/><T60/><D106/><U94/><E2/><V101/><F135/><N who="1" m="51785" /><E35/><V83/><F113/><W109/><G109/><T82/><D114/><U118/><E118/><V30/><F30/><W134/><G134/><T97/><D39/><U51/><E51/><V25/><F25/><N who="1" m="9833" /><E99/><V6/><F64/><W58/><G124/><T43/><D43/><U112/><E112/><V120/><F120/><W29/><G21/><T13/><D97/><U91/><AGARI ba="0,0" hai="9,15,18,81,85,91,93,94" m="9833,51785" machi="91" ten="30,1100,0" yaku="20,1" doraHai="44" who="1" fromWho="1" sc="250,-5,250,11,250,-3,250,-3" /><INIT seed="1,0,0,3,0,29" ten="245,261,247,247" oya="1" hai0="1,64,90,45,11,27,69,34,127,111,41,26,55" hai1="122,12,33,46,66,21,132,79,23,43,57,58,39" hai2="20,54,14,76,83,6,61,86,84,107,38,121,129" hai3="9,10,2,42,31,101,73,15,106,103,3,70,77"/><U97/><E132/><V126/><F121/><W71/><G42/><T119/><D119/><U105/><E122/><V108/><F108/><W82/><G31/><T81/><D111/><U92/><E105/><V91/><F38/><W67/><G15/><T28/><D127/><U53/><E79/><V100/><F126/><W51/><G51/><T104/><D104/><U0/><E0/><V80/><F129/><W65/><G106/><T62/><D27/><U60/><E33/><V22/><F100/><W8/><G82/><T120/><D120/><U85/><E85/><V5/><F107/><W98/><G9/><T74/><D55/><U36/><E36/><V93/><F93/><W102/><G102/><T44/><D41/><U50/><REACH who="1" step="1"/><E12/><REACH who="1" ten="245,251,247,247" step="2"/><V94/><F14/><W109/><G77/><T130/><D130/><U48/><E48/><V17/><F86/><W135/><G135/><T114/><D114/><U88/><AGARI ba="0,1" hai="21,23,39,43,46,50,53,57,58,60,66,88,92,97" machi="88" ten="20,12000,1" yaku="1,1,0,1,7,1,54,1,53,1" doraHai="29" doraHaiUra="40" who="1" fromWho="1" sc="245,-40,251,130,247,-40,247,-40" /><INIT seed="1,1,0,2,1,134" ten="205,381,207,207" oya="1" hai0="64,29,13,14,57,125,72,19,66,105,71,121,26" hai1="91,56,94,63,53,124,34,38,4,126,119,41,85" hai2="108,70,6,31,68,92,39,11,118,0,120,93,17" hai3="79,36,61,67,45,21,8,78,89,133,2,58,99"/><U52/><E119/><V127/><F118/><W65/><G133/><T90/><D125/><N who="1" m="48235" /><E34/><V130/><F127/><W114/><G114/><T50/><D71/><U32/><E32/><V102/><F120/><W100/><G67/><T46/><D121/><U83/><E4/><V74/><F108/><W33/><G33/><T103/><D72/><U96/><E52/><V62/><F130/><W88/><G21/><T10/><D105/><U110/><E110/><V87/><F74/><W122/><G122/><T43/><D103/><U25/><E25/><V97/><F39/><W22/><G22/><T24/><D90/><U44/><E83/><V76/><F31/><W18/><G89/><T27/><D29/><U40/><E40/><V75/><F75/><W135/><G88/><T82/><D82/><U128/><E128/><V16/><F92/><W51/><G135/><T30/><D30/><U1/><E1/><V80/><REACH who="2" step="1"/><F62/><REACH who="2" ten="205,381,197,207" step="2"/><W5/><G61/><T42/><D64/><U73/><E73/><V23/><F23/><W60/><G65/><T28/><D28/><U104/><E104/><V84/><F84/><AGARI ba="1,1" hai="38,41,44,53,56,63,84,85,91,94,96" m="48235" machi="84" ten="30,11600,0" yaku="18,1,52,3" doraHai="134" who="1" fromWho="2" sc="205,0,381,129,197,-119,207,0" /><INIT seed="1,2,0,3,4,6" ten="205,510,78,207" oya="1" hai0="22,121,126,98,14,64,58,20,33,54,132,104,52" hai1="67,10,47,123,24,87,63,61,17,5,118,71,72" hai2="51,117,36,31,94,42,125,100,28,12,134,2,32" hai3="45,93,15,11,34,68,73,25,75,79,84,103,43"/><U99/><E72/><V39/><F117/><W18/><G68/><T69/><D33/><U108/><E118/><V13/><F2/><W4/><G103/><T23/><D132/><U8/><E123/><V21/><F134/><W48/><G93/><T16/><D121/><U38/><E108/><V53/><F125/><W90/><G90/><T37/><D37/><U101/><E87/><V56/><F32/><W66/><G66/><T85/><D126/><U44/><E63/><V49/><F49/><W7/><G7/><T133/><D69/><U57/><E71/><V30/><F42/><W86/><G86/><T70/><D70/><U59/><E57/><V27/><F27/><W97/><G97/><T127/><D127/><U83/><E83/><V120/><F120/><W92/><G92/><T81/><D133/><U102/><E5/><V74/><F74/><W114/><G114/><T1/><D1/><U129/><E99/><V9/><F21/><N who="0" m="8298" /><D104/><U62/><E67/><V55/><F55/><W89/><G89/><N who="0" m="51375" /><D98/><U109/><E38/><V19/><REACH who="2" step="1"/><F13/><REACH who="2" ten="205,510,68,207" step="2"/><W135/><G135/><T107/><D107/><U110/><E110/><V78/><F78/><W96/><G34/><T40/><D40/><U88/><E109/><V124/><F124/><W122/><G122/><T105/><D105/><U29/><E62/><AGARI ba="2,1" hai="14,16,23,52,54,58,62,64" m="51375,8298" machi="62" ten="30,3900,0" yaku="8,1,54,2" doraHai="6" who="0" fromWho="1" sc="205,55,510,-45,68,0,207,0" /><INIT seed="2,0,0,1,2,53" ten="260,465,68,207" oya="2" hai0="83,74,99,17,69,121,85,5,24,6,134,120,14" hai1="59,131,117,111,48,52,105,91,86,104,38,41,95" hai2="32,130,135,57,63,81,102,43,80,66,113,127,96" hai3="109,78,34,126,119,15,115,87,108,114,72,7,27"/><V133/><F113/><N who="3" m="43019" /><G72/><T88/><D134/><N who="2" m="51210" /><F32/><W22/><G78/><T129/><D129/><U82/><E131/><V76/><F130/><W1/><G87/><T100/><D74/><U10/><E111/><N who="3" m="42570" /><G126/><T79/><D79/><U50/><E117/><V125/><F43/><W23/><G1/><T68/><D24/><U30/><E30/><V93/><F81/><W35/><G119/><T90/><D90/><U25/><E41/><V61/><F63/><W58/><G58/><T13/><D120/><U51/><E82/><V9/><F9/><N who="3" m="4543" /><G22/><T28/><D121/><U97/><E10/><V19/><F19/><AGARI ba="0,0" hai="19,23,27,34,35" m="4543,42570,43019" machi="19" ten="30,7700,0" yaku="11,1,14,1,34,2" doraHai="53" who="3" fromWho="2" sc="260,0,465,0,68,-77,207,77" owari="260,-14.0,465,56.5,-9,-50.9,284,8.4" /></mjloggm>