<mjloggm ver="2.3"><GO type="225" lobby="0"/><UN n0="%E5%8D%A0%E3%81%84%E5%B8%AB%E8%A3%8F%E3%81%AA%E3%81%84%E3%81%97" n1="%E3%81%AA%E3%82%81%E3%81%93%E9%9B%80%E5%A3%AB" n2="%E4%BA%BA%E9%96%93%E3%83%81%E3%83%A3%E3%83%BC%E3%83%8F%E3%83%B3" n3="%E7%99%BD%E6%97%A5%E9%9B%AA%E8%8F%9C" dan="17,16,16,17" rate="2159.95,2026.24,2134.63,2174.35" sx="M,M,M,M"/><TAIKYOKU oya="0"/><INIT seed="0,0,0,4,2,89" ten="250,250,250,250" oya="0" hai0="10,23,29,25,132,55,125,65,106,130,119,117,28" hai1="24,21,104,39,77,48,68,131,80,127,75,98,92" hai2="113,14,52,1,12,22,124,88,33,81,76,60,9" hai3="118,31,135,103,56,67,79,18,123,120,111,69,82"/><T15/><D106/><U40/><E131/><V72/><F113/><W102/><G118/><T7/><D65/><U43/><E127/><V16/><F33/><W95/><G69/><T53/><D130/><U6/><E68/><V54/><F1/><W83/><G111/><T86/><D125/><U50/><E104/><V17/><F124/><W11/><G135/><T96/><D132/><U84/><E6/><V57/><REACH who="2" step="1"/><F88/><REACH who="2" ten="250,250,240,250" step="2"/><W70/><G103/><T49/><D96/><U110/><E110/><V93/><F93/><W121/><G102/><T64/><D119/><U59/><E98/><V87/><F87/><W122/><G95/><T71/><D117/><U94/><E75/><V36/><F36/><W105/><G123/><T100/><D100/><U0/><E0/><V45/><F45/><W62/><G105/><T91/><D28/><N who="1" m="17423" /><E39/><V34/><F34/><W114/><G31/><T112/><D112/><U13/><E94/><V109/><F109/><W41/><G114/><T128/><D128/><U42/><E92/><V101/><F101/><W26/><G79/><T5/><D91/><U108/><E108/><V46/><F46/><W37/><G37/><T90/><D90/><U116/><E116/><V85/><F85/><W8/><G120/><T2/><D86/><U51/><E84/><V134/><F134/><W27/><G121/><T133/><D133/><U32/><E32/><V38/><F38/><W63/><G122/><T74/><D74/><N who="1" m="43063" /><E59/><V129/><F129/><W4/><G56/><T126/><D126/><U30/><E30/><V115/><F115/><W73/><G73/><RYUUKYOKU ba="0,1" sc="250,-15,250,15,240,15,250,-15" hai1="13,40,42,43,48,50,51" hai2="9,12,14,16,17,22,52,54,57,60,72,76,81" /><INIT seed="1,1,1,3,5,133" ten="235,265,255,235" oya="1" hai0="34,42,15,112,18,105,56,1,91,68,82,92,80" hai1="49,59,66,2,39,32,0,7,78,3,41,30,83" hai2="8,9,44,118,87,74,70,94,123,120,115,13,130" hai3="131,51,28,110,135,57,40,96,67,77,111,6,50"/><U97/><E97/><V38/><F118/><W119/><G135/><T16/><D68/><U35/><E59/><V46/><F74/><W100/><G119/><T12/><D1/><U62/><E49/><V113/><F130/><W128/><G77/><T45/><D105/><U81/><E81/><V69/><F94/><W98/><G6/><T21/><D34/><N who="1" m="12843" /><E30/><V89/><F87/><W10/><G28/><T60/><D112/><N who="2" m="43082" /><F89/><W127/><G10/><N who="2" m="4201" /><F13/><W104/><G40/><T25/><D42/><U132/><E132/><V121/><F38/><W95/><G128/><T36/><D36/><U17/><E7/><V85/><F85/><W129/><G129/><T54/><D45/><AGARI ba="1,1" hai="44,45,46,69,70,120,121,123" m="4201,43082" machi="45" ten="40,5200,0" yaku="28,2,11,1" doraHai="133" who="2" fromWho="0" sc="235,-55,265,0,255,65,235,0" /><INIT seed="2,0,0,1,3,128" ten="180,265,320,235" oya="2" hai0="36,123,42,35,17,121,21,95,1,24,44,30,63" hai1="34,112,70,3,31,82,13,113,12,60,98,55,94" hai2="108,116,53,80,67,41,22,102,38,9,27,2,47" hai3="46,96,135,15,92,23,56,93,39,25,5,78,119"/><V114/><F114/><W43/><G119/><T87/><D63/><U74/><E3/><V52/><F116/><W85/><G135/><T58/><D58/><U77/><E12/><V115/><F115/><W40/><G56/><T79/><D79/><U89/><E55/><V129/><F129/><W104/><G104/><T126/><D126/><U91/><E89/><V61/><F108/><W16/><G40/><T28/><D28/><U127/><E127/><V37/><F37/><W11/><REACH who="3" step="1"/><G96/><REACH who="3" ten="180,265,320,225" step="2"/><T122/><D1/><U50/><E98/><V103/><F80/><AGARI ba="0,1" hai="5,11,15,16,23,25,39,43,46,78,80,85,92,93" machi="80" ten="40,5200,0" yaku="1,1,2,1,54,1,53,0" doraHai="128" doraHaiUra="97" who="3" fromWho="2" sc="180,0,265,0,320,-52,225,62" /><INIT seed="3,0,0,5,3,119" ten="180,265,268,287" oya="3" hai0="55,3,97,26,115,113,36,87,76,24,14,133,18" hai1="90,54,10,129,127,99,89,107,105,79,78,39,27" hai2="101,45,80,69,16,77,68,2,116,128,66,7,121" hai3="111,106,91,96,62,15,92,12,100,118,29,109,20"/><W58/><G118/><T43/><D3/><U110/><E39/><V32/><F116/><W13/><G29/><T23/><D133/><U38/><E38/><V8/><F32/><W123/><G123/><T40/><D36/><U74/><E10/><V122/><F128/><W52/><REACH who="3" step="1"/><G20/><REACH who="3" ten="180,265,268,277" step="2"/><T95/><D55/><U19/><E54/><V108/><F108/><W34/><G34/><T41/><D115/><U85/><E110/><V81/><F121/><W17/><G17/><T51/><D113/><U44/><E19/><V132/><F122/><W83/><G83/><N who="0" m="47591" /><D51/><U126/><E129/><V130/><F81/><W46/><G46/><T70/><D70/><U63/><E44/><V31/><F31/><W125/><G125/><T93/><D93/><U61/><E126/><V42/><F16/><W82/><G82/><T104/><D104/><U4/><E127/><V53/><F68/><W65/><G65/><T124/><D124/><U86/><E107/><V103/><F66/><W72/><G72/><T88/><AGARI ba="0,1" hai="14,18,23,24,26,40,41,43,88,95,97" m="47591" machi="88" ten="30,2000,0" yaku="8,1,54,1" doraHai="119" who="0" fromWho="0" sc="180,30,265,-5,268,-5,277,-10" /><INIT seed="4,0,0,1,2,54" ten="210,260,263,267" oya="0" hai0="24,113,116,32,67,111,26,53,5,40,62,20,55" hai1="132,3,129,25,84,85,35,83,22,80,29,50,15" hai2="46,70,127,82,92,124,19,128,114,134,10,95,11" hai3="37,45,44,68,75,91,7,120,71,39,18,117,8"/><T48/><D116/><U41/><E132/><V33/><F134/><W56/><G117/><T112/><D32/><U89/><E129/><V100/><F114/><N who="0" m="44138" /><D5/><U118/><E3/><V6/><F70/><W97/><G75/><T115/><N who="0" m="44146" /><T126/><DORA hai="64" /><D126/><N who="2" m="48170" /><F128/><W58/><G18/><N who="0" m="12311" /><D111/><U61/><E118/><V34/><F46/><W69/><G120/><T17/><D40/><U31/><E31/><V27/><F82/><W4/><G71/><N who="0" m="42487" /><D48/><U101/><E35/><V99/><F33/><W65/><G65/><T76/><D76/><N who="1" m="46087" /><E61/><V78/><F6/><W47/><G4/><T81/><D81/><U2/><E2/><V60/><F60/><W93/><G37/><T77/><D77/><U72/><E72/><V107/><F78/><W98/><G39/><T105/><D105/><U104/><E104/><V30/><F19/><W133/><G133/><T79/><D79/><U110/><E110/><V43/><F43/><W73/><G73/><T130/><D130/><U109/><E109/><V122/><F122/><W74/><G74/><T12/><D26/><U96/><E50/><V13/><F13/><N who="3" m="5279" /><G69/><T59/><D59/><N who="3" m="22569" /><G68/><T121/><D121/><U23/><E41/><V88/><F107/><W0/><G0/><T28/><D28/><U108/><E108/><V106/><F106/><W66/><G66/><T86/><D86/><AGARI ba="0,0" hai="10,11,27,30,34,86,88,92,95,99,100" m="48170" machi="86" ten="30,2000,0" yaku="18,1,54,1" doraHai="54,64" who="2" fromWho="0" sc="210,-20,260,0,263,20,267,0" /><AGARI ba="0,0" hai="44,45,47,86,91,93,97,98" m="22569,5279" machi="86" ten="30,7700,0" yaku="8,1,52,3" doraHai="54,64" who="3" fromWho="0" sc="190,-77,260,0,283,0,267,77" owari="113,-38.7,260,-14.0,283,8.3,344,44.4" /></mjloggm>