<mjloggm ver="2.3"><GO type="225" lobby="0"/><UN n0="%79%75%72%69%6D%6F%67" n1="%E5%BA%97%E9%95%B7%4D" n2="%6D%75%75%73%61%6E%6D%75" n3="%E3%81%A4%E3%81%A3%E3%81%B1%E3%82%8A%E3%83%9D%E3%83%BC%E3%83%AB" dan="17,16,16,16" rate="2165.14,2108.55,2125.43,2163.52" sx="F,M,F,M"/><TAIKYOKU oya="0"/><INIT seed="0,0,0,0,1,122" ten="250,250,250,250" oya="0" hai0="109,86,42,13,93,35,34,124,87,21,127,2,90" hai1="49,40,78,116,27,103,44,108,123,131,8,65,36" hai2="77,68,118,20,106,105,63,74,60,80,16,57,91" hai3="28,125,10,96,43,25,130,128,29,95,102,41,33"/><T39/><D2/><U24/><E116/><V54/><F118/><W121/><G121/><T98/><D39/><U22/><E123/><V50/><F91/><W113/><G113/><T53/><D42/><U5/><E131/><N who="3" m="50218" /><G125/><N who="0" m="48203" /><D53/><U88/><E103/><V47/><F68/><W46/><G10/><T107/><D109/><U6/><E108/><V67/><REACH who="2" step="1"/><F63/><REACH who="2" ten="250,250,240,250" step="2"/><W89/><G29/><T66/><D66/><U134/><E88/><V12/><AGARI ba="0,1" hai="12,16,20,47,50,54,57,60,67,74,77,80,105,106" machi="12" ten="20,8000,1" yaku="1,1,2,1,0,1,7,1,54,1,53,0" doraHai="122" doraHaiUra="1" who="2" fromWho="2" sc="250,-40,250,-20,240,90,250,-20" /><INIT seed="1,0,0,1,5,115" ten="210,230,330,230" oya="1" hai0="64,131,18,91,58,69,49,39,92,135,130,124,105" hai1="133,120,96,83,93,48,126,117,28,110,76,104,101" hai2="77,86,17,26,21,22,63,52,4,78,80,31,23" hai3="90,30,62,25,55,34,57,68,129,66,111,60,42"/><U37/><E37/><V46/><F4/><W109/><G129/><T9/><D105/><U53/><E120/><V1/><F1/><W95/><REACH who="3" step="1"/><G42/><REACH who="3" ten="210,230,330,220" step="2"/><T98/><D130/><U54/><E126/><V70/><F70/><W94/><G94/><T51/><D69/><U61/><E133/><V116/><F77/><W11/><G11/><T40/><D124/><U29/><E110/><V128/><F128/><W113/><G113/><T134/><D135/><U14/><E104/><V50/><F78/><W7/><G7/><T103/><D134/><U87/><E117/><V8/><F116/><W123/><G123/><T73/><D131/><U35/><E35/><V0/><F8/><W88/><G88/><T33/><D91/><U3/><E3/><V125/><F0/><W67/><G67/><T41/><D33/><U112/><E112/><V71/><F125/><W121/><G121/><T127/><D64/><U89/><E89/><V102/><F71/><W132/><G132/><T36/><D41/><U75/><E75/><V72/><F72/><W114/><G114/><T107/><D73/><U65/><E14/><V27/><F21/><W118/><G118/><T44/><D107/><U84/><E84/><AGARI ba="0,1" hai="25,30,34,55,57,60,62,66,68,84,90,95,109,111" machi="84" ten="40,1300,0" yaku="1,1,53,0" doraHai="115" doraHaiUra="47" who="3" fromWho="1" sc="210,0,230,-13,330,0,220,23" /><INIT seed="2,0,0,4,1,75" ten="210,217,330,243" oya="2" hai0="41,77,105,64,4,82,59,98,123,116,96,15,84" hai1="36,30,24,94,125,114,73,21,129,124,26,57,113" hai2="80,48,101,55,135,93,111,63,90,0,110,95,47" hai3="86,88,70,61,102,106,22,9,126,19,109,66,133"/><V91/><F0/><W56/><G109/><N who="2" m="41481" /><F135/><W3/><G133/><T6/><D123/><U52/><E36/><V120/><F120/><W34/><G34/><T50/><D116/><U58/><E129/><V132/><F132/><W104/><G126/><N who="1" m="48746" /><E73/><V17/><F101/><W127/><G102/><T8/><D105/><U43/><E43/><V62/><F17/><W121/><G121/><T65/><D6/><U27/><E58/><V103/><F103/><W49/><G9/><T112/><D112/><N who="1" m="43115" /><E94/><V28/><F95/><W108/><G3/><T25/><D25/><U31/><E21/><V14/><F93/><N who="3" m="54423" /><G108/><T87/><D87/><U71/><E71/><V53/><F53/><N who="3" m="31791" /><G127/><T89/><D89/><U20/><E20/><V11/><F91/><W54/><G54/><N who="0" m="32215" /><D41/><U115/><N who="1" m="43123" /><U5/><DORA hai="122" /><E5/><V44/><F90/><W85/><G106/><T2/><D2/><U51/><AGARI ba="0,0" hai="24,26,27,30,31,51,52,57" m="43123,48746" machi="51" ten="50,3200,0" yaku="18,1,54,1" doraHai="75,122" who="1" fromWho="1" sc="210,-8,217,32,330,-16,243,-8" /><INIT seed="3,0,0,1,2,105" ten="202,249,314,235" oya="3" hai0="17,76,71,30,10,55,23,37,9,69,75,47,24" hai1="115,134,65,94,92,131,7,19,109,103,42,96,119" hai2="28,46,93,14,125,35,98,64,73,6,32,29,58" hai3="133,97,59,52,84,44,102,111,121,83,117,108,3"/><W123/><G3/><T43/><D55/><U54/><E115/><V63/><F73/><W135/><G44/><T25/><D10/><U126/><E109/><N who="3" m="42058" /><G117/><T40/><D40/><U89/><E119/><V8/><F125/><W95/><G59/><T88/><D88/><U22/><E126/><V15/><F46/><W122/><G52/><T91/><D91/><AGARI ba="0,0" hai="83,84,91,95,97,102,121,122,123,133,135" m="42058" machi="91" ten="40,12000,1" yaku="14,1,10,1,34,2" doraHai="105" who="3" fromWho="0" sc="202,-120,249,0,314,0,235,120" owari="82,-41.8,249,-15.1,314,11.4,355,45.5" /></mjloggm>