<mjloggm ver="2.3"><GO type="225" lobby="0"/><UN n0="%E3%82%BC%E3%83%AB%E3%83%80%E3%81%AE%E4%BC%9D%E8%AA%AC" n1="%E3%81%BF%E3%81%BF%E3%81%9A" n2="%77%72%77%72%77%72%77%72" n3="%E3%81%8B%E3%82%8F%E3%81%A1%E3%82%83%E3%82%93%35%38" dan="17,16,16,17" rate="2245.61,2151.13,2070.21,2151.48" sx="M,M,M,M"/><TAIKYOKU oya="0"/><INIT seed="0,0,0,2,1,46" ten="250,250,250,250" oya="0" hai0="125,104,39,98,77,102,34,120,59,93,109,43,20" hai1="23,94,56,66,21,128,97,130,48,5,110,80,84" hai2="112,12,116,106,134,121,42,3,126,89,31,115,64" hai3="30,79,47,91,35,101,26,62,75,100,105,19,86"/><T51/><D120/><U28/><E5/><V53/><F106/><W1/><G1/><T7/><D34/><U88/><E110/><V85/><F3/><W87/><G75/><T9/><D109/><U49/><E66/><V0/><F0/><W16/><G79/><T55/><D125/><U127/><E127/><V133/><F121/><W25/><G62/><T10/><D77/><U17/><E56/><V119/><F126/><W67/><G67/><T4/><D20/><U122/><E122/><V111/><F42/><W92/><G105/><T73/><D73/><U132/><E132/><N who="2" m="50795" /><F64/><W18/><G87/><T50/><D39/><U131/><E28/><V8/><F31/><W107/><G107/><T90/><D104/><U72/><E72/><V108/><F53/><W24/><G35/><T57/><D102/><N who="1" m="60727" /><E23/><V22/><F22/><W135/><G135/><T96/><D96/><U83/><E80/><N who="2" m="49319" /><F108/><W61/><G30/><T27/><D27/><AGARI ba="0,0" hai="17,21,27,48,49,83,84,88,128,130,131" m="60727" machi="27" ten="30,7700,0" yaku="19,1,52,2,54,1" doraHai="46" who="1" fromWho="0" sc="250,-77,250,77,250,0,250,0" /><INIT seed="1,0,0,2,0,100" ten="173,327,250,250" oya="1" hai0="127,20,71,92,81,39,116,128,115,75,55,106,10" hai1="17,74,7,83,59,30,119,50,104,56,16,78,52" hai2="1,40,99,53,110,111,4,12,80,109,38,134,120" hai3="117,13,132,47,35,123,63,108,129,107,46,48,72"/><U9/><E119/><V95/><F120/><W65/><G72/><T101/><D20/><U51/><E30/><V28/><F134/><W89/><G35/><T87/><D55/><U118/><E118/><V5/><F28/><W70/><G123/><T96/><D71/><U29/><E29/><V0/><F53/><W98/><G117/><T33/><D33/><U3/><E104/><V34/><F34/><W94/><G132/><T85/><D116/><U21/><E17/><V49/><F38/><W113/><G113/><T90/><D39/><U125/><E125/><V69/><F69/><W19/><G108/><T131/><D10/><U105/><E105/><V64/><F64/><W82/><G129/><N who="0" m="49739" /><D115/><U22/><E22/><V103/><F80/><W37/><G37/><T76/><D87/><U135/><E135/><V112/><F112/><W26/><G26/><T18/><D18/><U93/><E93/><V57/><F57/><W91/><G107/><T42/><D42/><U88/><E88/><V130/><F130/><W114/><G114/><T68/><D68/><U24/><E59/><V14/><F5/><W2/><G2/><N who="2" m="1129" /><F4/><W77/><G91/><T124/><AGARI ba="0,0" hai="75,76,81,85,90,92,96,101,106,124,127" m="49739" machi="124" ten="30,8000,1" yaku="24,1,19,1,34,2,52,1" doraHai="100" who="0" fromWho="0" sc="173,80,327,-40,250,-20,250,-20" /><INIT seed="2,0,0,3,5,59" ten="253,287,230,230" oya="2" hai0="111,0,18,69,15,81,2,35,60,90,79,54,56" hai1="61,33,6,67,45,10,29,93,7,21,11,101,17" hai2="34,12,63,4,120,20,41,105,9,39,66,85,94" hai3="83,75,112,24,117,102,13,23,22,77,122,99,109"/><V114/><F114/><W104/><G117/><T95/><D111/><U103/><E33/><V30/><F120/><W116/><G116/><T44/><D35/><U133/><E29/><V107/><F34/><W70/><G122/><T5/><D69/><U27/><E133/><V134/><F134/><W89/><G109/><T53/><D5/><U119/><E119/><V38/><F38/><W92/><G112/><T16/><D44/><U1/><E45/><V73/><F73/><W36/><G36/><T76/><D18/><U126/><E126/><V48/><F39/><W131/><G131/><T128/><D128/><U78/><E78/><N who="0" m="29737" /><D81/><U26/><E27/><V55/><F41/><W46/><G46/><T52/><D2/><U106/><E93/><V8/><F8/><W64/><G13/><T97/><D0/><U108/><E106/><V98/><F20/><AGARI ba="0,0" hai="15,16,20,52,53,54,56,60,90,95,97" m="29737" machi="20" ten="30,7700,0" yaku="8,1,52,1,54,2" doraHai="59" who="0" fromWho="2" sc="253,77,287,0,230,-77,230,0" /><INIT seed="3,0,0,4,1,103" ten="330,287,153,230" oya="3" hai0="69,25,92,129,20,71,101,50,39,87,123,0,7" hai1="106,107,110,12,72,84,75,133,82,22,34,131,52" hai2="41,86,55,42,36,31,18,118,14,62,38,57,90" hai3="116,27,115,58,24,46,111,120,2,40,54,32,88"/><W15/><G120/><T100/><D39/><U10/><E34/><V134/><F134/><W121/><G116/><T108/><D123/><U4/><E133/><V60/><F118/><W80/><G115/><T17/><D108/><U99/><E110/><V26/><F36/><W59/><G2/><T43/><D0/><U113/><E113/><V33/><F38/><W85/><G111/><T128/><D7/><U35/><E35/><V95/><REACH who="2" step="1"/><F62/><REACH who="2" ten="330,287,143,230" step="2"/><W37/><G121/><T16/><D129/><U83/><E131/><V122/><F122/><W49/><G32/><T6/><D128/><U5/><E75/><V63/><F63/><W30/><G30/><T45/><D71/><U96/><E72/><V104/><F104/><W73/><G73/><T51/><D69/><U56/><E107/><V117/><F117/><W97/><G97/><T89/><D51/><U3/><E106/><V65/><F65/><W102/><G102/><T91/><D50/><U132/><E132/><V19/><F19/><W9/><REACH who="3" step="1"/><G58/><REACH who="3" ten="330,287,143,220" step="2"/><T1/><D100/><U64/><E99/><V127/><F127/><W8/><G8/><AGARI ba="0,2" hai="8,14,18,26,31,33,41,42,55,57,60,86,90,95" machi="8" ten="30,2000,0" yaku="1,1,7,1,53,0" doraHai="103" doraHaiUra="47" who="2" fromWho="3" sc="330,0,287,0,143,40,220,-20" owari="330,43.0,287,8.7,183,-31.7,200,-20.0" /></mjloggm>