<mjloggm ver="2.3"><GO type="225" lobby="0"/><UN n0="%33%74%72%65%65" n1="%6C%61%6D%62" n2="%61%67%65%48%61" n3="%E8%81%B7%E6%A5%AD%E3%80%81%E9%A2%A8%32" dan="17,16,16,16" rate="2142.50,2131.51,2078.73,2098.18" sx="F,M,M,M"/><TAIKYOKU oya="0"/><INIT seed="0,0,0,4,0,59" ten="250,250,250,250" oya="0" hai0="135,95,107,39,123,51,0,35,37,116,74,58,85" hai1="43,18,86,61,81,90,102,106,66,33,22,17,133" hai2="16,82,94,15,77,98,92,115,49,64,126,48,78" hai3="10,63,122,101,42,14,67,84,70,96,119,54,131"/><T60/><D95/><U80/><E33/><V127/><F115/><W21/><G119/><T56/><D85/><U118/><E118/><V52/><F64/><W50/><G122/><T130/><D0/><U3/><E3/><V24/><F24/><W65/><G131/><T28/><D107/><U46/><E133/><V4/><F4/><W104/><G67/><N who="0" m="39303" /><D74/><U23/><E102/><V134/><F48/><W34/><G34/><T108/><D28/><U47/><E106/><V6/><F6/><W41/><G21/><T26/><D26/><U27/><E43/><V100/><F94/><W114/><G84/><T91/><D35/><U5/><E5/><V87/><F134/><W79/><G79/><T117/><D91/><U75/><E75/><V11/><REACH who="2" step="1"/><F77/><REACH who="2" ten="250,250,240,250" step="2"/><W93/><G93/><T1/><D135/><U76/><E76/><V128/><F128/><W113/><G113/><T31/><D130/><U36/><E36/><V110/><F110/><W25/><G25/><T30/><D108/><U109/><E109/><V8/><F8/><W2/><G114/><T71/><D37/><U68/><E81/><V121/><F121/><W9/><G9/><T19/><D39/><U13/><AGARI ba="0,1" hai="13,17,18,22,23,27,46,47,61,66,68,80,86,90" machi="13" ten="20,2700,0" yaku="0,1,7,1,52,1" doraHai="59" who="1" fromWho="1" sc="250,-13,250,37,240,-7,250,-7" /><INIT seed="1,0,0,5,2,132" ten="237,287,233,243" oya="1" hai0="5,55,113,135,44,74,67,116,88,103,30,54,130" hai1="84,42,75,39,63,100,123,27,59,99,119,65,26" hai2="90,68,64,8,108,72,73,57,128,31,79,60,76" hai3="133,96,0,77,102,20,66,51,105,95,37,81,41"/><U122/><E75/><V47/><F31/><W127/><G133/><T134/><D113/><U83/><E119/><V109/><F8/><W14/><G0/><T21/><D116/><U22/><E39/><V18/><F18/><W2/><G2/><T48/><D74/><U117/><E42/><V104/><F104/><W118/><G37/><T45/><D130/><U35/><E35/><V131/><F90/><W112/><G112/><T24/><D103/><U32/><E32/><V101/><F101/><W15/><G66/><T53/><D5/><U85/><E85/><V94/><F94/><W10/><G20/><T87/><D67/><U121/><E117/><V40/><F68/><W120/><G120/><T91/><D91/><U124/><E124/><V43/><F64/><W106/><G127/><T9/><D9/><U58/><E58/><V46/><F57/><W34/><G15/><T126/><D126/><U86/><E83/><V70/><F70/><W61/><G61/><AGARI ba="0,0" hai="40,43,46,47,60,61,72,73,76,79,108,109,128,131" machi="61" ten="25,1600,0" yaku="22,2" doraHai="132" who="2" fromWho="3" sc="237,0,287,0,233,16,243,-16" /><INIT seed="2,0,0,3,0,91" ten="237,287,249,227" oya="2" hai0="85,33,8,112,66,132,59,71,37,1,62,9,105" hai1="27,93,84,120,5,57,74,83,38,82,4,64,126" hai2="0,70,56,20,129,42,13,18,73,23,67,11,22" hai3="65,53,45,7,86,72,128,97,110,69,10,2,98"/><V28/><F70/><W43/><G110/><T58/><D112/><U135/><E38/><V24/><F42/><W31/><G72/><T48/><D37/><U123/><E135/><V87/><F73/><W46/><G128/><T104/><D132/><U81/><E74/><V17/><F67/><W107/><G31/><T26/><D104/><U41/><E41/><V68/><F56/><W101/><G98/><T30/><D105/><U96/><E126/><V116/><F87/><W113/><G113/><T3/><D3/><U89/><E27/><N who="2" m="16487" /><F68/><W47/><G86/><T80/><D1/><U55/><E64/><V49/><F49/><W39/><REACH who="3" step="1"/><G53/><REACH who="3" ten="237,287,249,217" step="2"/><T111/><D111/><U108/><E108/><V118/><F129/><W99/><G99/><T88/><D71/><U122/><REACH who="1" step="1"/><E84/><REACH who="1" ten="237,277,249,217" step="2"/><V63/><F116/><W14/><G14/><T119/><D119/><U54/><E54/><V79/><F118/><W29/><G29/><T127/><D127/><U36/><E36/><V117/><F117/><W100/><G100/><T40/><D40/><U12/><E12/><V109/><F109/><W131/><G131/><T115/><D115/><U124/><E124/><V114/><F114/><W94/><G94/><T60/><D60/><AGARI ba="0,2" hai="4,5,55,57,60,81,82,83,89,93,96,120,122,123" machi="60" ten="50,6400,0" yaku="1,1,13,1,52,1,53,0" doraHai="91" doraHaiUra="44" who="1" fromWho="0" sc="237,-64,277,84,249,0,217,0" /><AGARI ba="0,0" hai="2,7,10,39,43,45,46,47,60,65,69,97,101,107" machi="60" ten="40,1300,0" yaku="1,1,53,0" doraHai="91" doraHaiUra="44" who="3" fromWho="0" sc="173,-13,361,0,249,0,217,13" /><INIT seed="3,0,0,3,0,73" ten="160,361,249,230" oya="3" hai0="51,112,100,82,26,127,101,42,4,8,6,36,123" hai1="63,14,40,74,83,34,87,10,65,0,132,31,55" hai2="96,121,13,68,88,118,130,122,5,125,111,95,107" hai3="66,35,76,93,113,114,84,131,58,3,52,17,28"/><W97/><G3/><T1/><D123/><N who="2" m="47114" /><F111/><W47/><G131/><T104/><D127/><U108/><E87/><V57/><F125/><W46/><G35/><T134/><D134/><U133/><E83/><V15/><F130/><W115/><G28/><T53/><D112/><U126/><E55/><V72/><F72/><W23/><G66/><T20/><D6/><U79/><E79/><V90/><F68/><W56/><G76/><T60/><D104/><U2/><E63/><V25/><F25/><W41/><G84/><T11/><D11/><U129/><E14/><V64/><F118/><W24/><G58/><T16/><D60/><U80/><E10/><V99/><F5/><W22/><G22/><T38/><D82/><U124/><E31/><V71/><F71/><W44/><G41/><T77/><D77/><U117/><E40/><V85/><F107/><W89/><G113/><T27/><D27/><U75/><E34/><V32/><F32/><W37/><G37/><T110/><D110/><U21/><E65/><V19/><F19/><W102/><G102/><T81/><D81/><U61/><E80/><N who="2" m="49191" /><F99/><W69/><G69/><T18/><D18/><U91/><E129/><V49/><F64/><W106/><G106/><T94/><D42/><U39/><E39/><V120/><F120/><W86/><G86/><T50/><D101/><U119/><E91/><V33/><F33/><W109/><G109/><T45/><REACH who="0" step="1"/><D51/><REACH who="0" ten="150,361,249,230" step="2"/><U98/><E126/><V116/><F116/><W78/><G78/><T30/><D30/><U135/><E124/><V67/><F49/><N who="3" m="30735" /><G115/><T70/><D70/><RYUUKYOKU ba="0,1" sc="150,10,361,-30,249,10,230,10" hai0="1,4,8,16,20,26,36,38,45,50,53,94,100" hai2="13,15,57,67,90,95,96" hai3="17,23,24,44,46,47,89,93,97,114" /><INIT seed="3,1,1,2,2,16" ten="160,331,259,240" oya="3" hai0="13,93,78,75,12,66,48,37,1,119,125,72,22" hai1="19,15,10,103,80,111,29,90,77,73,123,27,43" hai2="127,120,96,50,8,49,64,79,83,17,106,9,126" hai3="94,98,41,26,134,132,67,86,105,40,45,21,55"/><W7/><G105/><T24/><D37/><U0/><E123/><V3/><F64/><W113/><G113/><T62/><D1/><U51/><E103/><N who="2" m="62823" /><F120/><W99/><G67/><T76/><D119/><U135/><E111/><V2/><F17/><W71/><G71/><T101/><D125/><N who="2" m="47626" /><F2/><W97/><G7/><T92/><D48/><N who="2" m="18538" /><F3/><W35/><G35/><T33/><D33/><U42/><E0/><V109/><F109/><W39/><G55/><T65/><D24/><U23/><E51/><V74/><AGARI ba="1,1" hai="8,9,74,79,83" m="18538,47626,62823" machi="74" ten="30,1100,0" yaku="18,1" doraHai="16" who="2" fromWho="2" sc="160,-4,331,-4,259,24,240,-6" owari="156,-34.4,327,42.7,283,8.3,234,-16.6" /></mjloggm>