<mjloggm ver="2.3"><GO type="225" lobby="0"/><UN n0="%72%61%6B%33" n1="%E3%81%A9%E3%82%8F%E3%82%93%E3%81%94" n2="%E5%AF%82%E5%AF%9E%E3%82%AE%E3%83%8D%E3%82%B9%E3%83%93%E3%83%BC%E3%83%AB" n3="%65%6B%61%72%75%74%65" dan="18,16,16,16" rate="2222.58,2107.83,2123.92,2206.64" sx="M,M,M,M"/><TAIKYOKU oya="0"/><INIT seed="0,0,0,5,0,65" ten="250,250,250,250" oya="0" hai0="89,98,93,108,23,90,29,34,111,21,19,38,123" hai1="115,16,106,95,122,72,60,70,101,128,73,120,64" hai2="48,1,77,40,133,83,125,17,37,81,135,127,86" hai3="129,71,105,88,109,84,79,110,7,39,103,91,131"/><T119/><D119/><U130/><E106/><V114/><F1/><W13/><G71/><T12/><D123/><N who="1" m="47147" /><E115/><V99/><F37/><W92/><G13/><T69/><D38/><U67/><E67/><V124/><F114/><W104/><G7/><T26/><D69/><U6/><E6/><V57/><F17/><W75/><G39/><T27/><REACH who="0" step="1"/><D90/><REACH who="0" ten="240,250,250,250" step="2"/><U56/><E70/><V126/><F124/><W4/><G91/><T118/><D118/><U33/><E130/><V52/><F133/><W107/><G103/><T41/><D41/><U62/><E128/><N who="3" m="49226" /><G4/><T134/><D134/><U61/><E101/><V85/><F135/><W45/><G45/><T47/><D47/><U87/><E56/><V117/><F117/><W53/><G53/><T24/><D24/><U42/><E42/><V58/><F40/><W11/><G11/><T2/><D2/><U112/><E112/><V68/><F68/><W113/><G113/><T74/><D74/><U100/><E73/><V49/><F58/><W76/><G75/><T9/><D9/><U66/><E72/><V94/><F57/><W32/><G32/><T82/><D82/><U36/><E33/><V96/><F52/><W3/><G3/><T25/><D25/><U50/><E36/><V116/><F116/><W43/><G43/><T22/><D22/><U30/><E64/><V55/><F55/><W31/><G31/><AGARI ba="0,1" hai="12,19,21,23,26,27,29,31,34,89,93,98,108,111" machi="31" ten="40,2000,0" yaku="1,1,53,0" doraHai="65" doraHaiUra="54" who="0" fromWho="3" sc="240,30,250,0,250,0,250,-20" /><INIT seed="0,1,0,0,3,36" ten="270,250,250,230" oya="0" hai0="18,20,84,89,90,122,30,0,40,6,19,37,51" hai1="72,79,109,25,63,133,12,116,83,7,108,52,82" hai2="54,112,121,103,58,21,126,10,81,33,14,56,60" hai3="47,77,105,44,120,42,99,46,26,4,69,114,34"/><T96/><D122/><U127/><E116/><V86/><F33/><W41/><G114/><T104/><D37/><U132/><E25/><V9/><F121/><W92/><G120/><T75/><D75/><U98/><E98/><V28/><F112/><W61/><G105/><T100/><D6/><U135/><E127/><V39/><F39/><W32/><G77/><T125/><D0/><U124/><E124/><V1/><F1/><W93/><G4/><T31/><D125/><U48/><E63/><N who="2" m="36247" /><F103/><W2/><G2/><T97/><D97/><U27/><E27/><N who="2" m="16495" /><F14/><W13/><G13/><T23/><D23/><U118/><E83/><V80/><F80/><W106/><G106/><T8/><D8/><N who="1" m="4127" /><E118/><V107/><F107/><W43/><G26/><T87/><D30/><U24/><E24/><V38/><F38/><W74/><G74/><T78/><D31/><U15/><E15/><V110/><F126/><W76/><G76/><T57/><D78/><U95/><E95/><V66/><F110/><W55/><G93/><T45/><D20/><U113/><E113/><V65/><F10/><W117/><G117/><T101/><D101/><U35/><E35/><V50/><F9/><W115/><G115/><T85/><REACH who="0" step="1"/><D57/><AGARI ba="1,0" hai="48,52,57,72,79,82,108,109,132,133,135" m="4127" machi="57" ten="30,2000,0" yaku="20,1,54,1" doraHai="36" who="1" fromWho="0" sc="270,-23,250,23,250,0,230,0" /><INIT seed="1,0,0,0,0,98" ten="247,273,250,230" oya="1" hai0="24,74,91,73,0,85,76,102,92,86,14,42,21" hai1="77,108,20,5,121,99,48,130,119,70,50,45,44" hai2="40,80,61,88,134,47,68,131,37,120,16,103,62" hai3="107,2,38,49,84,34,67,8,65,78,59,66,46"/><U79/><E121/><V33/><F33/><W82/><G34/><T105/><D0/><U31/><E119/><V90/><F120/><W100/><G38/><T83/><D42/><U127/><E70/><V126/><F126/><W112/><G112/><T118/><D14/><U39/><E127/><V52/><F131/><W13/><G2/><T22/><D22/><U133/><E39/><V135/><F103/><W63/><G100/><T55/><D55/><U89/><E5/><V93/><F68/><W23/><G23/><T56/><D56/><U64/><E64/><V7/><F7/><W95/><G95/><T110/><D110/><U27/><E108/><V116/><F116/><W26/><G26/><T71/><D71/><U101/><E130/><V10/><F80/><W94/><G94/><T25/><D25/><U117/><E117/><V41/><F41/><W57/><G107/><T36/><D36/><U122/><E89/><N who="2" m="34411" /><F52/><N who="3" m="29751" /><G63/><T111/><D111/><U58/><E122/><V3/><F93/><W12/><G12/><T54/><D118/><U18/><E101/><V51/><F3/><W113/><G113/><T75/><D105/><U15/><E15/><N who="2" m="7287" /><F37/><W132/><G132/><AGARI ba="0,0" hai="40,47,51,61,62,132,134,135" m="7287,34411" machi="132" ten="30,3900,0" yaku="20,1,54,2" doraHai="98" who="2" fromWho="3" sc="247,0,273,0,250,39,230,-39" /><INIT seed="2,0,0,5,0,93" ten="247,273,289,191" oya="2" hai0="22,32,90,56,99,26,130,46,98,9,12,23,27" hai1="83,5,87,132,123,35,41,21,24,100,107,129,71" hai2="49,50,128,82,8,30,48,117,92,64,86,122,53" hai3="66,75,77,116,60,29,106,112,7,58,38,13,127"/><V120/><F117/><W121/><G116/><T79/><D130/><U54/><E129/><V118/><F118/><W126/><G121/><T105/><D32/><U2/><E123/><V18/><F128/><W124/><G38/><T101/><D79/><U59/><E71/><V109/><F30/><W72/><G112/><T36/><D56/><U15/><E132/><V65/><F109/><W102/><G29/><T96/><D90/><U97/><E35/><V76/><F122/><W104/><G77/><T85/><D85/><U70/><E2/><V25/><F120/><W94/><G13/><T115/><D115/><U34/><E34/><V61/><F92/><W20/><G20/><T1/><D1/><U45/><E70/><V52/><F65/><W68/><G7/><T135/><D135/><U42/><E45/><V125/><F125/><W43/><G43/><T57/><D57/><U81/><E81/><V91/><F76/><W47/><G47/><T17/><D23/><U131/><E131/><V40/><F40/><W44/><G44/><T51/><D36/><U103/><E15/><N who="2" m="7527" /><F25/><W111/><G111/><T88/><D88/><U73/><E73/><N who="3" m="28234" /><G68/><T14/><D14/><U134/><E134/><V10/><F10/><W63/><G60/><T62/><D62/><U33/><E33/><V113/><F113/><W69/><G69/><T119/><D119/><U84/><E42/><V19/><F19/><W74/><N who="3" m="28242" /><W108/><DORA hai="39" /><G108/><T80/><D80/><U28/><E83/><V55/><F61/><W133/><G133/><T110/><D110/><U31/><E41/><RYUUKYOKU ba="0,0" sc="247,-15,273,-15,289,15,191,15" hai2="48,49,50,52,53,55,64,82,86,91" hai3="58,63,66,94,102,104,106,124,126,127" /><INIT seed="2,1,0,3,5,67" ten="232,258,304,206" oya="2" hai0="31,69,52,108,82,75,3,72,7,38,33,21,34" hai1="39,128,107,78,83,122,65,132,91,11,106,79,59" hai2="119,81,56,135,28,129,113,96,53,10,111,80,51" hai3="102,87,35,90,126,25,58,13,41,44,73,60,57"/><V40/><F113/><W43/><G73/><T120/><D21/><U131/><E39/><V121/><F119/><W46/><G126/><T76/><D120/><U66/><E11/><V71/><F121/><W29/><G102/><T0/><D108/><U2/><E2/><V133/><F111/><W127/><G13/><T97/><D52/><U118/><E122/><V19/><F28/><W89/><G127/><T109/><D109/><U32/><E32/><V30/><F30/><W103/><G103/><T88/><D75/><U134/><E59/><V24/><F71/><W130/><G130/><N who="1" m="49706" /><E66/><V99/><F40/><W17/><G17/><T45/><D69/><U6/><E6/><V47/><F56/><W124/><G87/><T12/><D12/><U64/><E64/><V61/><F61/><W16/><G16/><T70/><D70/><U117/><E65/><V18/><F18/><W115/><G115/><T77/><D77/><N who="1" m="29195" /><E91/><V63/><F63/><W112/><G112/><T114/><D114/><U116/><E83/><N who="2" m="31819" /><F129/><W86/><G90/><T9/><D0/><U42/><E42/><N who="3" m="15882" /><G124/><T105/><D3/><U100/><E100/><V8/><F8/><W36/><G36/><T110/><D38/><U95/><E95/><V5/><F5/><W68/><G68/><T48/><D7/><U14/><E14/><N who="2" m="7639" /><F24/><W27/><G25/><T26/><D26/><U23/><E23/><V37/><F37/><W101/><G101/><T62/><D110/><U84/><E84/><V94/><F94/><N who="3" m="54583" /><G58/><T104/><D9/><U54/><E54/><V20/><F20/><W55/><AGARI ba="1,0" hai="27,29,35,44,46,55,57,60" m="54583,15882" machi="55" ten="30,1100,0" yaku="5,1" doraHai="67" who="3" fromWho="3" sc="232,-4,258,-4,304,-6,206,14" /><INIT seed="3,0,0,4,4,75" ten="228,254,298,220" oya="3" hai0="20,73,91,74,67,106,38,120,0,26,12,86,4" hai1="1,60,63,51,93,98,32,107,52,45,124,77,6" hai2="131,48,84,66,72,9,76,122,15,83,135,89,29" hai3="2,117,81,31,129,56,102,34,10,119,17,30,133"/><W58/><G129/><T123/><D106/><U14/><E1/><V37/><F37/><W113/><G113/><T57/><D38/><U55/><E107/><V18/><F131/><W87/><G133/><T80/><D0/><U50/><E32/><V41/><F135/><W5/><G102/><T88/><D91/><U110/><E110/><V103/><F66/><W101/><G101/><T42/><D42/><U108/><E108/><V21/><F103/><W3/><G3/><T28/><D74/><U105/><E124/><V35/><F35/><W104/><G104/><T96/><D96/><U44/><E105/><V25/><F122/><W59/><G17/><T64/><D73/><U118/><E118/><V23/><F72/><W39/><G39/><T49/><D123/><U61/><E77/><V69/><F69/><W127/><G127/><T121/><D121/><U94/><E98/><V111/><F111/><W43/><G43/><T22/><D120/><U54/><E54/><V90/><F9/><AGARI ba="0,0" hai="6,9,14,44,45,50,51,52,55,60,61,63,93,94" machi="9" ten="40,5200,0" yaku="9,1,8,1,54,1" doraHai="75" who="1" fromWho="2" sc="228,0,254,52,298,-52,220,0" owari="228,-17.2,306,40.6,246,4.6,220,-28.0" /></mjloggm>