<mjloggm ver="2.3"><GO type="225" lobby="0"/><UN n0="%E7%89%B9%E6%9D%B1%E3%81%AF%E4%B8%96%E7%95%8C%E3%82%92%E6%95%91%E3%81%86" n1="%E3%83%81%E3%83%AF%E3%83%AF%E9%9A%8A%E9%95%B7" n2="%E6%81%A5%E6%99%92%E3%81%97" n3="%E3%80%90%E3%83%88%E3%83%AA%E3%83%A5%E3%83%95%E3%80%91" dan="16,16,16,16" rate="2112.92,2102.95,2158.23,2071.09" sx="M,M,M,F"/><TAIKYOKU oya="0"/><INIT seed="0,0,0,3,2,57" ten="250,250,250,250" oya="0" hai0="27,22,31,28,82,101,85,84,38,43,87,72,52" hai1="70,15,18,75,12,114,39,40,58,68,66,25,29" hai2="61,65,134,74,11,49,83,93,98,24,118,44,14" hai3="48,102,8,129,116,133,130,95,127,10,110,47,112"/><T36/><D101/><U119/><E119/><V9/><F134/><W59/><G116/><T113/><D113/><U37/><E75/><V77/><F118/><W100/><G112/><T125/><D125/><U120/><E120/><V106/><F106/><W79/><G127/><T122/><D122/><U103/><E114/><V26/><F49/><W56/><G79/><T64/><D64/><U21/><E103/><N who="3" m="39466" /><G95/><T90/><D43/><U42/><E42/><V135/><F135/><W69/><G69/><T128/><D128/><N who="3" m="49257" /><G110/><T121/><D121/><U0/><E0/><V126/><F44/><W5/><G133/><T124/><D124/><U46/><E37/><V88/><F126/><W23/><G23/><T105/><D105/><U89/><E89/><V71/><REACH who="2" step="1"/><F11/><REACH who="2" ten="250,250,240,250" step="2"/><N who="3" m="4139" /><G5/><AGARI ba="0,1" hai="5,9,14,24,26,61,65,71,74,77,83,88,93,98" machi="5" ten="30,7700,0" yaku="1,1,7,1,52,1,54,1,53,0" doraHai="57" doraHaiUra="111" who="2" fromWho="3" sc="250,0,250,0,240,87,250,-77" /><INIT seed="1,0,0,5,2,44" ten="250,250,327,173" oya="1" hai0="101,68,18,110,129,80,113,131,76,26,25,117,21" hai1="128,39,10,60,127,132,34,56,87,30,122,62,38" hai2="126,100,119,54,50,115,11,102,82,23,24,48,19" hai3="66,75,53,107,98,61,86,6,9,78,90,59,72"/><U95/><E122/><V134/><F119/><W77/><G107/><T135/><D117/><U4/><E127/><V22/><F134/><W130/><G130/><N who="0" m="49675" /><D113/><U105/><E105/><V64/><F126/><W69/><G75/><T46/><D46/><U118/><E128/><V92/><F115/><W65/><G65/><T45/><D135/><U58/><E118/><V73/><F64/><W20/><G20/><T121/><D68/><U5/><E132/><V51/><F11/><W15/><G98/><T81/><D110/><U94/><E10/><V41/><F41/><W31/><G31/><T55/><D101/><N who="2" m="39018" /><F73/><W43/><G43/><T99/><D99/><U120/><E120/><V49/><F92/><W89/><G72/><N who="0" m="43015" /><D81/><U57/><E38/><V40/><F40/><W13/><G13/><N who="0" m="9423" /><D121/><U14/><E39/><V35/><F82/><W16/><G6/><T106/><D106/><U83/><E4/><V33/><F35/><W3/><G3/><T70/><D70/><U27/><E5/><V1/><F33/><W42/><G78/><T63/><D63/><U71/><E71/><V52/><N who="2" m="12288" /><DORA hai="116" /><V7/><F1/><W88/><G42/><T37/><D37/><U85/><E95/><V114/><F114/><W29/><G69/><T8/><D8/><U28/><E94/><V93/><F7/><W84/><G66/><T108/><D45/><U32/><E83/><V103/><F23/><W111/><G77/><T74/><D74/><U12/><E32/><V104/><F104/><W67/><G67/><T91/><D108/><U125/><E34/><V112/><F112/><RYUUKYOKU ba="0,0" sc="250,-10,250,-10,327,30,173,-10" hai2="19,22,24,52,54,93,103" /><INIT seed="2,1,0,4,5,90" ten="240,240,357,163" oya="2" hai0="64,66,93,49,20,105,102,55,113,9,94,97,117" hai1="60,46,104,56,44,4,88,27,74,115,126,14,92" hai2="95,45,29,59,87,111,32,108,109,63,42,51,100" hai3="33,124,132,82,129,53,75,31,107,84,119,85,1"/><V78/><F32/><W35/><G119/><T81/><D113/><U128/><E115/><V10/><F29/><W91/><G129/><T71/><D117/><U98/><E74/><V23/><F23/><W50/><G107/><T11/><D81/><U76/><E128/><V80/><F10/><N who="0" m="3594" /><D105/><U13/><E126/><V34/><F34/><W48/><G124/><T18/><D71/><U72/><E104/><V28/><F28/><W22/><G1/><T2/><D2/><U37/><E4/><V0/><F0/><W122/><G122/><T130/><D94/><U101/><E101/><V21/><F21/><W118/><G75/><T43/><D43/><U125/><E125/><V57/><F63/><W103/><G103/><T127/><D127/><U120/><E120/><V114/><F114/><W131/><G118/><T47/><D130/><U96/><E96/><AGARI ba="1,0" hai="42,45,51,57,59,78,80,87,95,96,100,108,109,111" machi="96" ten="40,7700,0" yaku="14,1,10,1,52,1" doraHai="90" who="2" fromWho="1" sc="240,0,240,-80,357,80,163,0" /><INIT seed="2,2,0,4,5,82" ten="240,160,437,163" oya="2" hai0="32,28,37,3,48,71,17,86,96,25,79,16,38" hai1="42,7,95,75,0,20,122,105,131,18,101,88,72" hai2="33,103,35,70,52,58,127,61,64,43,87,1,81" hai3="119,30,106,120,132,31,108,41,47,8,44,90,51"/><V114/><F114/><W100/><G119/><T46/><D71/><U62/><E122/><V91/><F1/><W68/><G108/><T19/><D3/><U109/><E109/><V49/><F127/><W26/><G132/><T65/><D65/><U57/><E131/><V130/><F130/><W14/><G68/><T77/><D96/><U53/><E42/><V125/><F125/><W63/><G63/><T110/><D110/><U60/><E60/><V128/><F128/><W34/><G31/><T73/><D73/><U36/><E36/><V9/><F103/><W5/><G120/><T107/><D107/><U93/><E105/><V66/><F66/><W4/><G47/><T22/><D22/><U29/><E29/><V133/><F9/><W92/><G100/><T67/><D67/><U69/><E69/><V84/><F133/><W85/><REACH who="3" step="1"/><G106/><REACH who="3" ten="240,160,437,153" step="2"/><T126/><D126/><U118/><E118/><V59/><F70/><W113/><G113/><T2/><D46/><U74/><E101/><V6/><F61/><W97/><G97/><T50/><D28/><U12/><REACH who="1" step="1"/><E88/><REACH who="1" ten="240,150,437,153" step="2"/><V124/><F91/><W24/><G24/><T83/><D25/><U39/><E39/><V123/><F124/><W104/><G104/><T117/><D117/><U116/><E116/><V27/><F27/><W23/><G23/><T121/><D121/><U40/><E40/><V115/><F123/><W94/><G94/><T76/><D38/><U11/><AGARI ba="2,2" hai="0,7,11,12,18,20,53,57,62,72,74,75,93,95" machi="11" ten="40,2700,0" yaku="1,1,0,1,53,0" doraHai="82" doraHaiUra="21" who="1" fromWho="1" sc="240,-9,150,53,437,-15,153,-9" /><INIT seed="3,0,0,0,1,41" ten="231,203,422,144" oya="3" hai0="22,79,56,28,52,87,0,101,48,73,27,50,95" hai1="38,29,24,83,36,111,74,117,64,122,12,128,39" hai2="9,119,63,130,55,47,70,100,1,51,2,90,35" hai3="97,80,17,5,81,112,25,116,31,105,114,26,132"/><W45/><G116/><T77/><D0/><U54/><E122/><V16/><F119/><W120/><G120/><T127/><D73/><U3/><E117/><V86/><F100/><W14/><G5/><T68/><D68/><U10/><E3/><V42/><F130/><W15/><G105/><T133/><D133/><U4/><E128/><V125/><F125/><W96/><G132/><T85/><D127/><U124/><E124/><V18/><F35/><W104/><G104/><T57/><D50/><U60/><E111/><V44/><F70/><W106/><G106/><T115/><D57/><U62/><E54/><V34/><F34/><W108/><G17/><T109/><D115/><U72/><E83/><N who="2" m="49503" /><F16/><W110/><REACH who="3" step="1"/><G31/><REACH who="3" ten="231,203,422,134" step="2"/><T20/><D109/><U129/><E129/><V91/><F18/><W98/><G98/><N who="0" m="59615" /><D22/><U59/><REACH who="1" step="1"/><E60/><REACH who="1" ten="231,193,422,134" step="2"/><V99/><F63/><W123/><G123/><T21/><D20/><AGARI ba="0,2" hai="4,10,12,20,24,29,36,38,39,59,62,64,72,74" machi="20" ten="40,2600,0" yaku="1,1,2,1,53,0" doraHai="41" doraHaiUra="30" who="1" fromWho="0" sc="231,-26,193,46,422,0,134,0" owari="205,-19.5,239,3.9,422,52.2,134,-36.6" /></mjloggm>