<mjloggm ver="2.3"><GO type="225" lobby="0"/><UN n0="%E5%A4%9C%E5%85%89%E5%A4%A9%E6%A5%BC" n1="%E3%82%A2%E3%83%BC%E3%83%A2%E3%83%AD%E3%83%BC%E3%83%B4%E3%82%A1" n2="%E8%B6%85%E7%B4%9A%E9%B3%B3%E5%87%B0" n3="%4E%55%44%41" dan="17,16,17,16" rate="2156.75,2100.11,2158.48,2157.75" sx="F,M,F,M"/><TAIKYOKU oya="0"/><INIT seed="0,0,0,2,3,49" ten="250,250,250,250" oya="0" hai0="66,72,25,8,58,65,1,9,100,30,23,12,44" hai1="57,67,92,83,108,74,78,16,80,68,76,99,46" hai2="20,36,27,53,64,77,42,28,107,54,43,129,91" hai3="2,75,19,56,103,93,125,116,45,0,52,127,6"/><T106/><D72/><U130/><E108/><V79/><F129/><W87/><G75/><T110/><D110/><U95/><E130/><V98/><F64/><W69/><G69/><T22/><D106/><U89/><E68/><V115/><F115/><W132/><G116/><T11/><D100/><U18/><E46/><V133/><F133/><W24/><G132/><T128/><D1/><U32/><E32/><V38/><F38/><W31/><G19/><N who="0" m="10599" /><D128/><U26/><E26/><V37/><F37/><W104/><G45/><T62/><D44/><U97/><E67/><AGARI ba="0,0" hai="8,9,11,23,25,30,58,62,65,66,67" m="10599" machi="67" ten="30,1500,0" yaku="8,1" doraHai="49" who="0" fromWho="1" sc="250,15,250,-15,250,0,250,0" /><INIT seed="0,1,0,5,4,98" ten="265,235,250,250" oya="0" hai0="57,105,61,35,128,71,42,24,114,62,74,15,77" hai1="1,125,73,67,68,51,48,47,53,82,25,45,113" hai2="133,3,44,52,101,18,63,111,103,116,122,33,127" hai3="120,97,87,7,56,123,70,64,10,27,104,91,58"/><T131/><D114/><U16/><E113/><V19/><F122/><N who="3" m="46635" /><G27/><T130/><D105/><U72/><E1/><V112/><F112/><W32/><G32/><T117/><D117/><U41/><E125/><V80/><F33/><W40/><G40/><T60/><D71/><U119/><E119/><V107/><F116/><W135/><G135/><T6/><D42/><U109/><E109/><V39/><F3/><N who="3" m="383" /><G97/><T69/><D69/><U96/><E82/><V86/><F111/><W54/><G54/><T13/><D6/><U21/><REACH who="1" step="1"/><E96/><REACH who="1" ten="265,225,250,250" step="2"/><V126/><F133/><W65/><G104/><T5/><D128/><U2/><E2/><V31/><F107/><W78/><G78/><T79/><D77/><U17/><E17/><V84/><F127/><W89/><G89/><T132/><D132/><U12/><E12/><V34/><F126/><W66/><G70/><T92/><D15/><U11/><E11/><V8/><F80/><AGARI ba="1,1" hai="56,58,64,65,66,80,87,91" m="383,46635" machi="80" ten="30,1000,0" yaku="13,1" doraHai="98" who="3" fromWho="2" sc="265,0,225,0,250,-13,250,23" /><INIT seed="1,0,0,2,3,120" ten="265,225,237,273" oya="1" hai0="131,21,23,34,6,65,118,132,35,5,69,91,89" hai1="78,64,125,13,22,33,37,114,71,15,113,30,8" hai2="63,100,57,40,93,61,55,74,17,59,92,50,85" hai3="130,0,25,67,121,95,56,31,135,103,14,27,88"/><U53/><E37/><V62/><F74/><W101/><G0/><T11/><D69/><U44/><E78/><V117/><F117/><W87/><G121/><T110/><D65/><U73/><E73/><V126/><F126/><W98/><G130/><T52/><D118/><U81/><E125/><V82/><F40/><W124/><G124/><T79/><D79/><U129/><E129/><V49/><F17/><W4/><G135/><T68/><D68/><U128/><E128/><V2/><F2/><W83/><G103/><T43/><D43/><U116/><E116/><V111/><F111/><W46/><G46/><T28/><D131/><U108/><E33/><V123/><F123/><W3/><G3/><T32/><D28/><U42/><E53/><N who="2" m="31919" /><F100/><W72/><G72/><T76/><D76/><AGARI ba="0,0" hai="50,55,59,61,62,63,76,82,85,92,93" m="31919" machi="76" ten="30,1000,0" yaku="8,1" doraHai="120" who="2" fromWho="0" sc="265,-10,225,0,237,10,273,0" /><INIT seed="2,0,0,1,0,64" ten="255,225,247,273" oya="2" hai0="54,24,80,78,98,92,105,22,114,87,89,113,30" hai1="126,39,55,43,96,130,133,75,66,129,123,46,95" hai2="67,106,107,99,31,52,77,93,56,72,128,7,108" hai3="19,60,109,35,59,121,110,103,71,47,88,3,94"/><V18/><F128/><N who="1" m="49257" /><E75/><V38/><F38/><W84/><G121/><T63/><D105/><U62/><E123/><V51/><F31/><W33/><G3/><T45/><D45/><U2/><E2/><V69/><F7/><W134/><G134/><T70/><REACH who="0" step="1"/><D54/><REACH who="0" ten="245,225,247,273" step="2"/><U111/><E55/><V85/><F107/><W58/><G47/><T32/><D32/><U97/><E133/><V119/><F106/><W17/><G33/><T90/><D90/><U102/><E126/><V10/><F52/><W101/><G35/><T79/><D79/><U4/><E111/><N who="3" m="42506" /><G101/><T118/><D118/><U82/><E102/><V91/><F77/><W61/><G103/><T117/><D117/><U41/><E46/><V27/><F91/><W13/><G88/><T1/><D1/><U29/><E39/><V131/><F108/><W86/><G94/><T8/><D8/><U42/><E95/><V116/><F10/><W124/><G124/><T120/><D120/><U53/><E53/><V104/><F93/><W48/><G59/><T34/><D34/><U74/><E41/><V49/><F56/><W132/><G132/><T21/><D21/><U76/><E42/><V20/><F104/><W11/><G58/><T0/><D0/><U5/><E43/><V36/><F20/><W44/><G11/><T9/><D9/><U28/><E4/><V25/><F116/><W26/><G44/><T12/><D12/><U127/><E127/><V125/><F119/><W135/><G135/><T37/><D37/><U73/><E5/><V15/><F125/><W16/><G13/><T14/><D14/><RYUUKYOKU ba="0,1" sc="245,30,225,-10,247,-10,273,-10" hai0="22,24,30,63,70,78,80,87,89,92,98,113,114" /><INIT seed="3,1,1,2,0,134" ten="275,215,237,263" oya="3" hai0="67,135,68,80,52,29,59,83,133,120,76,30,63" hai1="26,70,43,69,45,75,71,28,57,106,111,47,12" hai2="61,87,34,108,2,48,95,104,126,64,14,116,24" hai3="6,101,65,58,127,5,132,10,122,130,13,123,121"/><W86/><G132/><N who="0" m="50763" /><D120/><U54/><E75/><V103/><F116/><W7/><G130/><T79/><D83/><U36/><E106/><V38/><F2/><W3/><G127/><T39/><D39/><U53/><E111/><V89/><F38/><W113/><G113/><T4/><D4/><U55/><E12/><V41/><F108/><W88/><G101/><T23/><D23/><U92/><E92/><V84/><F126/><W81/><REACH who="3" step="1"/><G3/><REACH who="3" ten="275,215,237,253" step="2"/><T42/><D42/><N who="1" m="22727" /><E26/><V1/><F24/><W37/><G37/><T16/><D79/><U15/><E15/><V44/><F1/><W102/><G102/><T107/><D76/><U46/><E28/><V21/><F14/><W119/><G119/><T31/><D31/><U85/><E85/><V94/><F87/><W124/><G124/><T20/><D107/><U25/><E25/><V35/><F84/><W62/><AGARI ba="1,2" hai="5,6,7,10,13,58,62,65,81,86,88,121,122,123" machi="62" ten="40,7800,0" yaku="1,1,0,1,54,1,53,0" doraHai="134" doraHaiUra="73" who="3" fromWho="3" sc="275,-27,215,-27,237,-27,253,101" owari="248,4.8,188,-31.2,210,-19.0,354,45.4" /></mjloggm>