<mjloggm ver="2.3"><GO type="225" lobby="0"/><UN n0="%E3%83%B4%E3%82%A3%E3%83%AF%E3%82%B3%E3%82%B0%E3%83%8B" n1="%E3%83%AB%E3%83%9B%E3%83%B3%E3%83%87%E3%82%A3%E3%82%A8" n2="%E3%81%A1%E3%82%85%E3%81%86%E3%81%A9%E3%81%8F%E8%B1%A1%E3%81%95%E3%82%93" n3="%73%7A%2E%64%31" dan="16,17,17,16" rate="2134.48,2187.35,2142.01,2096.11" sx="M,M,M,M"/><TAIKYOKU oya="0"/><INIT seed="0,0,0,1,5,59" ten="250,250,250,250" oya="0" hai0="11,56,93,129,81,130,71,120,40,102,66,54,13" hai1="86,121,79,36,1,6,109,55,58,20,75,61,100" hai2="110,125,127,77,131,27,24,101,57,7,73,98,19" hai3="67,21,51,111,112,0,90,49,123,69,105,128,63"/><T35/><D35/><U43/><E109/><V17/><F7/><W118/><G111/><T53/><D120/><U122/><E86/><V115/><F110/><W76/><G123/><T39/><D71/><U52/><E20/><V47/><F115/><W117/><G112/><T126/><D126/><N who="2" m="48138" /><F131/><N who="0" m="50186" /><D81/><N who="1" m="45311" /><E55/><V5/><F5/><W116/><G128/><T94/><D66/><U132/><E100/><V135/><F135/><W83/><G105/><T88/><D102/><U70/><E70/><V3/><F3/><W96/><G0/><T48/><D54/><U80/><E80/><N who="2" m="45103" /><F47/><W42/><G42/><T99/><D94/><U2/><E2/><V8/><F57/><W91/><G96/><T124/><D124/><U32/><E32/><V4/><F24/><W114/><G114/><T92/><D92/><U133/><E122/><V74/><F74/><W119/><G119/><T28/><D40/><U34/><E34/><V46/><F46/><W72/><REACH who="3" step="1"/><G21/><REACH who="3" ten="250,250,250,240" step="2"/><T22/><D22/><U18/><E121/><V37/><F37/><W15/><G15/><T106/><D39/><U45/><E132/><V95/><F27/><W30/><G30/><T38/><D38/><U78/><E133/><V64/><F98/><W23/><G23/><T10/><D106/><U26/><E26/><V134/><F134/><W108/><G108/><T14/><D28/><U107/><E107/><V68/><F95/><W87/><G87/><T84/><D84/><U50/><E36/><V60/><F101/><W97/><G97/><T25/><D25/><U33/><E33/><V85/><F85/><W9/><G9/><AGARI ba="0,1" hai="9,10,11,13,14,48,53,56,88,93,99" m="50186" machi="9" ten="30,5800,0" yaku="6,1,19,1,54,1" doraHai="59" who="0" fromWho="3" sc="250,68,250,0,250,0,240,-58" /><INIT seed="0,1,0,5,5,50" ten="318,250,250,182" oya="0" hai0="73,62,26,53,101,42,131,93,37,132,76,96,2" hai1="5,1,24,117,4,81,47,103,84,39,68,102,63" hai2="107,56,135,129,9,119,124,28,41,122,58,109,34" hai3="105,72,43,83,100,110,69,54,35,12,86,79,7"/><T78/><BYE who="2" /><D2/><UN n2="%E3%81%A1%E3%82%85%E3%81%86%E3%81%A9%E3%81%8F%E8%B1%A1%E3%81%95%E3%82%93" /><U17/><E117/><V71/><RYUUKYOKU type="yao9" ba="1,0" sc="318,0,250,0,250,0,182,0" hai2="9,28,34,41,56,58,71,107,109,119,122,124,129,135" /><INIT seed="0,2,0,5,3,96" ten="318,250,250,182" oya="0" hai0="27,130,99,2,68,12,41,93,5,56,50,108,98" hai1="109,100,21,26,74,55,132,6,59,114,45,60,94" hai2="25,38,84,92,128,95,54,34,58,81,20,15,1" hai3="127,72,133,124,37,47,107,23,43,129,131,61,32"/><T91/><D130/><N who="3" m="49673" /><G72/><T40/><D2/><U62/><E74/><V73/><F1/><W105/><G23/><T53/><D68/><U103/><E109/><V49/><F128/><W48/><G48/><T64/><D64/><U18/><E132/><V46/><F73/><W123/><G61/><T75/><D108/><U63/><E114/><V36/><F34/><W117/><G117/><T111/><D111/><U110/><E110/><V113/><F15/><W119/><G119/><T57/><D57/><U67/><E6/><V33/><F33/><W121/><G32/><T78/><D27/><U19/><E45/><V77/><F113/><W30/><G30/><T17/><D99/><U70/><E94/><V87/><F46/><W14/><G14/><T118/><D5/><U66/><E18/><V134/><F134/><W65/><G65/><T22/><REACH who="0" step="1"/><D118/><REACH who="0" ten="308,250,250,182" step="2"/><U86/><E86/><V120/><F87/><W9/><G133/><T10/><D10/><U31/><E31/><V8/><F8/><W83/><G9/><T90/><D90/><U97/><E97/><V4/><F4/><W71/><G71/><AGARI ba="2,1" hai="19,21,26,55,59,60,62,63,66,67,70,71,100,103" machi="71" ten="30,7700,0" yaku="7,1,9,1,52,2" doraHai="96" who="1" fromWho="3" sc="308,0,250,93,250,0,182,-83" /><INIT seed="1,0,0,2,3,134" ten="308,343,250,99" oya="1" hai0="99,16,64,105,135,130,34,82,6,53,118,42,80" hai1="8,74,101,1,45,35,5,131,13,112,126,7,81" hai2="47,56,33,2,93,86,115,73,40,49,128,44,24" hai3="114,62,92,113,71,17,90,72,129,43,55,85,11"/><U116/><E101/><V109/><F2/><W15/><G129/><T36/><D34/><U125/><E112/><V39/><F73/><W61/><G72/><T46/><D135/><U124/><E116/><V121/><F128/><W19/><G43/><T54/><D118/><U63/><E131/><V107/><F107/><W123/><G123/><T132/><D132/><U127/><E35/><V38/><F121/><W12/><G71/><T0/><D130/><U18/><N who="1" m="31744" /><DORA hai="103" /><U9/><E63/><V10/><F10/><W4/><G4/><T59/><D64/><U48/><E74/><V78/><F38/><W58/><G113/><T100/><D53/><N who="1" m="29839" /><E81/><V66/><F33/><W60/><REACH who="3" step="1"/><G114/><REACH who="3" ten="308,343,250,89" step="2"/><T70/><D70/><U79/><E79/><V83/><F78/><W68/><G68/><T27/><D36/><U52/><E52/><V32/><F39/><W84/><G84/><T119/><D54/><U30/><E30/><V110/><F86/><W51/><G51/><T111/><D42/><U98/><E98/><V102/><F40/><W122/><G122/><T117/><D99/><U87/><E87/><V41/><F49/><W104/><G104/><T75/><D105/><U23/><E7/><V133/><F115/><W76/><G76/><T108/><D6/><U57/><E57/><V97/><F56/><W37/><G37/><T95/><D59/><U69/><E69/><V91/><F133/><W96/><G96/><T50/><D119/><U31/><E31/><V22/><F97/><W94/><G94/><T25/><D95/><U67/><E67/><V120/><F66/><RYUUKYOKU ba="0,1" sc="308,-15,343,15,250,-15,89,15" hai1="1,5,8,9,13,18,23" hai3="11,12,15,17,19,55,58,60,61,62,85,90,92" /><INIT seed="1,1,1,4,5,44" ten="293,358,235,104" oya="1" hai0="61,38,88,54,11,43,123,40,1,57,117,23,36" hai1="114,70,129,89,69,15,81,50,48,119,59,6,125" hai2="131,0,14,60,73,53,65,105,30,66,58,128,45" hai3="103,118,19,96,101,63,51,122,46,95,52,39,31"/><U120/><E114/><V17/><F73/><W84/><G122/><T133/><D117/><U74/><E119/><V75/><F75/><W106/><G118/><T87/><D123/><U35/><E35/><V20/><F105/><W115/><G115/><T116/><D116/><U18/><E120/><V2/><F30/><W93/><G106/><T110/><D110/><U64/><E6/><V121/><F121/><W4/><G39/><T8/><D133/><U98/><E74/><V12/><F14/><W99/><G4/><T29/><D36/><U42/><E42/><V80/><F80/><W3/><G3/><T134/><D134/><U109/><E109/><V127/><F127/><W67/><G31/><T126/><D126/><U77/><E77/><V21/><F20/><W132/><G132/><T72/><D72/><U24/><E24/><V135/><F135/><W41/><G84/><T49/><D38/><U13/><E13/><V124/><F124/><W102/><G19/><T68/><D68/><U111/><E111/><V55/><F55/><W33/><G33/><T37/><D37/><U34/><E34/><V104/><F104/><W107/><G107/><T32/><D32/><U91/><E129/><N who="2" m="49739" /><F66/><W108/><G108/><T86/><D1/><U5/><E5/><V22/><F21/><W9/><G9/><N who="0" m="3659" /><D61/><N who="1" m="37951" /><E125/><V26/><F26/><W90/><REACH who="3" step="1"/><G41/><REACH who="3" ten="293,358,235,94" step="2"/><T47/><D40/><U85/><E18/><V82/><F0/><W62/><G62/><N who="0" m="36151" /><D86/><U100/><E85/><V78/><F2/><W27/><G27/><N who="0" m="16639" /><D87/><U130/><E130/><V71/><F82/><W10/><G10/><RYUUKYOKU ba="1,2" sc="293,15,358,-15,235,-15,94,15" hai0="43,47,49,88" hai3="46,51,52,63,67,90,93,95,96,99,101,102,103" /><INIT seed="2,2,2,5,3,28" ten="308,343,220,109" oya="2" hai0="129,4,49,12,135,57,84,121,85,46,18,38,60" hai1="124,39,104,26,55,82,134,80,20,31,50,123,110" hai2="91,131,86,70,35,79,127,77,108,36,9,30,118" hai3="8,75,109,126,1,3,37,54,29,44,107,99,47"/><V69/><F118/><W97/><G126/><T2/><D121/><U90/><E39/><V115/><F115/><W81/><G109/><T59/><D38/><U32/><E104/><V113/><F113/><W16/><G29/><T43/><D135/><U53/><E110/><V68/><F36/><W95/><G107/><T25/><D129/><U10/><E134/><V62/><F108/><W102/><G99/><T24/><D4/><U63/><E32/><V67/><F131/><W65/><G65/><N who="0" m="39055" /><D59/><N who="1" m="35311" /><E124/><V125/><F9/><W34/><G34/><T40/><D40/><U7/><E90/><V27/><F79/><W48/><G75/><T92/><D2/><U11/><E123/><V21/><F77/><W19/><G81/><N who="1" m="31338" /><E7/><V71/><REACH who="2" step="1"/><F35/><REACH who="2" ten="308,343,210,109" step="2"/><W116/><G116/><T33/><D33/><U132/><E132/><V130/><F130/><W61/><G8/><N who="0" m="6407" /><D92/><AGARI ba="2,3" hai="21,27,30,62,67,68,69,70,71,86,91,92,125,127" machi="92" ten="40,2000,0" yaku="1,1,53,0" doraHai="28" doraHaiUra="128" who="2" fromWho="0" sc="308,-26,343,0,210,56,109,0" /><INIT seed="2,3,0,5,0,30" ten="282,343,266,109" oya="2" hai0="42,95,57,117,64,114,74,119,4,44,3,123,28" hai1="75,6,113,109,15,25,94,60,48,105,32,51,79" hai2="14,110,21,23,132,130,83,65,96,26,131,68,70" hai3="63,1,54,53,0,58,43,89,128,100,12,118,20"/><V47/><F132/><W77/><G118/><N who="0" m="45067" /><D74/><U10/><E105/><V135/><F135/><W103/><G128/><N who="2" m="49193" /><F110/><W125/><G125/><T17/><D28/><U73/><E109/><V46/><F83/><W9/><G77/><T22/><D4/><U33/><E113/><V11/><F96/><W93/><G43/><T108/><D3/><U39/><E39/><V16/><F21/><W134/><G134/><T31/><D31/><U107/><E107/><V115/><F115/><W88/><G1/><T78/><D78/><U71/><E25/><V66/><F66/><W29/><G0/><T127/><D64/><U40/><E40/><V129/><F129/><W7/><G89/><T5/><D57/><U86/><E73/><V111/><F111/><W69/><G69/><N who="2" m="26729" /><F65/><W8/><G8/><T34/><D22/><U55/><E75/><V126/><F126/><W27/><REACH who="3" step="1"/><G54/><REACH who="3" ten="282,343,266,99" step="2"/><T72/><D127/><U81/><E71/><V50/><F11/><W84/><AGARI ba="3,1" hai="7,9,12,20,27,29,53,58,63,84,88,93,100,103" machi="84" ten="20,12000,2" yaku="1,1,2,1,0,1,7,1,8,1,54,1,53,1" doraHai="30" doraHaiUra="24" who="3" fromWho="3" sc="282,-33,343,-33,266,-63,99,139" /><INIT seed="3,0,0,1,1,102" ten="249,310,203,238" oya="3" hai0="104,38,93,52,41,10,120,133,106,115,7,85,44" hai1="51,36,62,29,40,53,4,107,27,116,39,105,111" hai2="69,88,126,22,110,30,3,108,45,63,20,59,73" hai3="101,35,92,0,83,25,57,11,130,70,12,74,98"/><W103/><G130/><T119/><D120/><U131/><E4/><V48/><F73/><W60/><G0/><T99/><D119/><U37/><E111/><N who="2" m="42539" /><F69/><W90/><G70/><T15/><D133/><U65/><E40/><N who="2" m="24615" /><F3/><W82/><G35/><T91/><D115/><U6/><E6/><V134/><F134/><W86/><G25/><T18/><D52/><U112/><E112/><V79/><F79/><W47/><G47/><T109/><D109/><U78/><E78/><V94/><F30/><W123/><G74/><T2/><REACH who="0" step="1"/><D85/><REACH who="0" ten="239,310,203,238" step="2"/><U8/><E53/><N who="2" m="34287" /><F126/><W95/><G123/><T135/><D135/><U114/><E116/><V13/><F13/><W21/><G103/><T32/><D32/><U100/><E100/><V76/><F76/><W42/><G42/><T96/><D96/><AGARI ba="0,1" hai="20,22,88,94,96" m="34287,24615,42539" machi="96" ten="30,2000,0" yaku="14,1,54,1" doraHai="102" who="2" fromWho="0" sc="239,-20,310,0,203,30,238,0" owari="219,-28.1,310,41.0,233,-16.7,238,3.8" /></mjloggm>