<mjloggm ver="2.3"><GO type="225" lobby="0"/><UN n0="%54%4F%52" n1="%E7%8B%82%E6%B0%97%E3%81%AE%E7%9E%B3" n2="%E7%AB%8B%E8%8A%B1%E9%9F%BF" n3="%72%65%6E%6B%75%6E" dan="17,16,17,17" rate="2164.32,2040.85,2160.16,2260.68" sx="M,F,F,M"/><TAIKYOKU oya="0"/><INIT seed="0,0,0,2,4,71" ten="250,250,250,250" oya="0" hai0="19,90,6,9,104,74,115,77,60,34,48,24,75" hai1="94,103,28,109,66,85,62,79,81,43,63,7,76" hai2="118,40,117,121,131,61,129,42,64,57,108,111,39" hai3="26,56,119,5,11,91,133,16,54,38,14,92,93"/><T122/><D122/><U87/><E109/><N who="2" m="42059" /><F121/><W13/><G119/><N who="2" m="45577" /><F39/><W95/><G38/><T53/><D115/><U37/><E28/><V36/><F36/><W45/><G45/><T52/><D104/><U55/><E7/><V50/><F50/><W116/><G26/><T10/><D90/><U33/><E33/><V128/><AGARI ba="0,0" hai="40,42,57,61,64,128,129,131" m="45577,42059" machi="128" ten="40,8000,1" yaku="19,1,14,1,12,1,34,2" doraHai="71" who="2" fromWho="2" sc="250,-40,250,-20,250,80,250,-20" /><INIT seed="1,0,0,5,2,116" ten="210,230,330,230" oya="1" hai0="50,77,124,98,126,31,96,0,102,94,76,10,15" hai1="8,105,115,86,59,117,14,68,100,55,133,90,66" hai2="119,4,69,78,49,61,83,91,48,70,101,88,85" hai3="37,13,106,16,73,9,41,123,71,56,127,74,75"/><U60/><E117/><V25/><F119/><W82/><G71/><T129/><D0/><U130/><E115/><V57/><F70/><W113/><G113/><T12/><D129/><U97/><E130/><V103/><F69/><W19/><G106/><T53/><D31/><U20/><E133/><V125/><F4/><W33/><G33/><T3/><D3/><U118/><E118/><V120/><F120/><W110/><G123/><T46/><D15/><U21/><E86/><V93/><F125/><W79/><G127/><N who="0" m="48683" /><D96/><U40/><E90/><N who="2" m="34347" /><F25/><W65/><G110/><T43/><D43/><U135/><E40/><V128/><F128/><W107/><G107/><T29/><D29/><U95/><E105/><V28/><F28/><W114/><G114/><T112/><D112/><U11/><E135/><V80/><F80/><W131/><G131/><T6/><AGARI ba="0,0" hai="6,10,12,46,50,53,76,77,94,98,102" m="48683" machi="6" ten="30,1100,0" yaku="18,1" doraHai="116" who="0" fromWho="0" sc="210,11,230,-5,330,-3,230,-3" /><INIT seed="2,0,0,1,0,108" ten="221,225,327,227" oya="2" hai0="111,82,26,133,131,74,55,70,27,58,4,123,5" hai1="19,23,73,92,49,42,91,28,72,45,57,40,11" hai2="43,120,62,112,110,114,65,105,36,126,35,113,124" hai3="25,134,115,22,0,86,89,37,14,29,97,66,78"/><V71/><F120/><W17/><G0/><T96/><D123/><U60/><E28/><V94/><F110/><W106/><G37/><T125/><D111/><U77/><E11/><V1/><F105/><W118/><G118/><T18/><D70/><U87/><E77/><V68/><F35/><W9/><G134/><T107/><D133/><U15/><REACH who="1" step="1"/><E42/><REACH who="1" ten="221,215,327,227" step="2"/><V3/><F43/><W64/><G78/><T76/><D131/><U54/><AGARI ba="0,1" hai="15,19,23,40,45,49,54,57,60,72,73,87,91,92" machi="54" ten="20,8000,1" yaku="1,1,2,1,0,1,7,1,53,1" doraHai="108" doraHaiUra="90" who="1" fromWho="1" sc="221,-20,215,90,327,-40,227,-20" /><INIT seed="3,0,0,0,2,74" ten="201,305,287,207" oya="3" hai0="1,131,50,10,83,12,84,71,73,95,46,34,98" hai1="45,16,7,64,103,119,113,52,57,102,13,41,5" hai2="29,48,114,112,37,76,3,9,4,17,68,60,99" hai3="54,27,89,62,92,67,122,25,8,49,44,19,32"/><W23/><G122/><T26/><D71/><U61/><E113/><V28/><F37/><W56/><G32/><T51/><D73/><U31/><E31/><V24/><F29/><W126/><G126/><T133/><D1/><U81/><E119/><V121/><F121/><W105/><G105/><T35/><D133/><U70/><E81/><V85/><F48/><W90/><G8/><T66/><D131/><U88/><E88/><V33/><F99/><W18/><G90/><N who="0" m="55671" /><D35/><U79/><E79/><V82/><REACH who="2" step="1"/><F17/><REACH who="2" ten="201,305,277,207" step="2"/><N who="3" m="12527" /><G27/><T30/><D34/><U110/><E110/><V134/><F134/><W107/><G107/><T111/><D111/><U40/><E40/><V94/><F94/><W118/><G118/><T128/><D128/><U36/><E16/><V15/><F15/><W125/><G125/><T75/><D51/><N who="1" m="30879" /><E13/><V39/><F39/><W116/><G116/><T127/><D127/><U65/><E65/><AGARI ba="0,1" hai="3,4,9,24,28,33,60,65,68,76,82,85,112,114" machi="65" ten="40,2600,0" yaku="1,1,52,1,53,0" doraHai="74" doraHaiUra="106" who="2" fromWho="1" sc="201,0,305,-26,277,36,207,0" owari="201,-29.9,279,7.9,313,41.3,207,-19.3" /></mjloggm>