<mjloggm ver="2.3"><GO type="225" lobby="0"/><UN n0="%E5%B8%86%E7%AB%8B%E5%A4%8F%E8%A1%A3" n1="%E3%81%A8%E3%82%93%E3%81%A8%E3%81%93%E3%81%A8%E3%82%93" n2="%E6%B0%B7%E5%B7%9D%E9%87%8C%E5%A5%88" n3="%54%4F%52" dan="16,16,16,17" rate="2086.18,2128.85,2150.91,2260.50" sx="M,M,F,M"/><TAIKYOKU oya="0"/><INIT seed="0,0,0,0,3,52" ten="250,250,250,250" oya="0" hai0="27,105,55,54,12,47,71,42,78,129,92,112,53" hai1="133,87,28,31,109,75,16,48,64,41,51,26,124" hai2="39,114,118,97,81,94,29,104,62,102,44,40,134" hai3="33,100,90,49,119,56,8,95,14,125,130,67,84"/><T98/><D112/><U5/><E75/><V70/><F114/><W89/><G119/><T117/><D129/><U68/><E109/><V116/><F134/><W80/><G130/><T37/><D117/><N who="2" m="45162" /><F29/><W83/><G33/><T25/><D71/><U106/><E133/><V11/><F81/><W46/><G125/><T32/><D78/><U4/><E106/><V61/><F70/><W7/><G100/><T82/><D82/><U132/><E132/><V60/><F11/><W1/><G1/><T66/><D66/><U38/><E38/><V57/><F104/><W103/><G103/><T59/><D105/><U58/><E68/><V18/><F18/><W126/><G126/><T91/><D12/><U72/><E72/><V121/><F121/><W6/><G6/><N who="1" m="2666" /><E87/><V24/><F24/><W19/><G7/><T63/><REACH who="0" step="1"/><D25/><REACH who="0" ten="240,250,250,250" step="2"/><U79/><E79/><V101/><F101/><W2/><G2/><T9/><D9/><U93/><E124/><V85/><F85/><W77/><G83/><T128/><D128/><U122/><E122/><V43/><F43/><N who="3" m="24799" /><G95/><T22/><D22/><N who="1" m="13639" /><E93/><V99/><F99/><W36/><G77/><T96/><D96/><U0/><E0/><V88/><F102/><W123/><G123/><T115/><D115/><U111/><E111/><V30/><F30/><AGARI ba="0,1" hai="27,30,32,37,42,47,53,54,55,59,63,91,92,98" machi="30" ten="40,3900,0" yaku="1,1,52,1,53,0" doraHai="52" doraHaiUra="10" who="0" fromWho="2" sc="240,49,250,0,250,-39,250,0" /><INIT seed="0,1,0,3,0,52" ten="289,250,211,250" oya="0" hai0="80,79,42,26,9,0,61,12,62,68,6,83,132" hai1="36,54,32,19,66,96,116,37,74,56,55,1,111" hai2="40,85,59,104,48,15,4,135,39,33,125,10,102" hai3="27,84,87,14,71,49,5,75,29,20,103,110,43"/><T46/><D132/><U77/><E32/><V17/><F135/><W120/><G75/><T67/><D62/><N who="1" m="38215" /><E1/><V114/><F114/><W73/><G73/><T23/><D0/><U41/><E19/><V8/><F125/><W18/><G71/><T28/><REACH who="0" step="1"/><D79/><REACH who="0" ten="279,250,211,250" step="2"/><U34/><E77/><V126/><F126/><W86/><G120/><T99/><D99/><U45/><E96/><V69/><F104/><W134/><G134/><T106/><D106/><U58/><E116/><V133/><F133/><W78/><G78/><T44/><D44/><N who="1" m="23591" /><E74/><V121/><F121/><W60/><G60/><T76/><D76/><U82/><E111/><V72/><F72/><W115/><G110/><T94/><D94/><U119/><E119/><V35/><F85/><W91/><G86/><T93/><D93/><U98/><E98/><V25/><F102/><W11/><G103/><T124/><D124/><U130/><E82/><V57/><F69/><W100/><G100/><T123/><D123/><U127/><E127/><V89/><F89/><W2/><G91/><T31/><D31/><U105/><E105/><V13/><F33/><N who="3" m="20671" /><G115/><T38/><AGARI ba="1,1" hai="6,9,12,23,26,28,38,42,46,61,67,68,80,83" machi="38" ten="20,7800,0" yaku="1,1,0,1,7,1,53,1" doraHai="52" doraHaiUra="65" who="0" fromWho="0" sc="279,91,250,-27,211,-27,250,-27" /><INIT seed="0,2,0,3,2,66" ten="370,223,184,223" oya="0" hai0="90,56,123,62,76,134,64,7,126,108,112,109,5" hai1="93,46,128,132,52,0,44,33,67,131,72,18,58" hai2="91,17,26,86,53,61,50,104,105,92,8,14,45" hai3="2,122,95,81,6,60,42,100,35,10,73,57,28"/><T49/><D112/><U3/><E72/><V113/><F113/><W114/><G114/><T98/><D123/><U59/><E33/><V106/><F26/><W75/><G122/><T84/><D126/><U74/><E74/><V85/><REACH who="2" step="1"/><F61/><REACH who="2" ten="370,223,174,223" step="2"/><W110/><G60/><T37/><D62/><N who="1" m="38359" /><E132/><V125/><F125/><W13/><G110/><T20/><D134/><U103/><E128/><V29/><F29/><W27/><G27/><T23/><D109/><U94/><E131/><V79/><F79/><W25/><G25/><T43/><D76/><U15/><E0/><V116/><F116/><W87/><G28/><T117/><D117/><U121/><E3/><V55/><F55/><W21/><G2/><T1/><D1/><U130/><E130/><V83/><F83/><W40/><G81/><T97/><D108/><U38/><E121/><V12/><F12/><W69/><G13/><T30/><D30/><U4/><E4/><V127/><F127/><W51/><G6/><T54/><D5/><U41/><E15/><V68/><F68/><W111/><G111/><T82/><D7/><U107/><E52/><V36/><F36/><W19/><G69/><T63/><D37/><U135/><E38/><V120/><F120/><W80/><G80/><T88/><D54/><U101/><E135/><V22/><F22/><W115/><G21/><T34/><D23/><U32/><E32/><V119/><F119/><W133/><G35/><T31/><D34/><U65/><E18/><V118/><F118/><W96/><G133/><T47/><D20/><U89/><E41/><N who="3" m="15978" /><G115/><T78/><D31/><RYUUKYOKU ba="2,1" sc="370,15,223,-15,174,15,223,-15" hai0="43,47,49,56,63,64,78,82,84,88,90,97,98" hai2="8,14,17,45,50,53,85,86,91,92,104,105,106" /><INIT seed="0,3,1,0,3,14" ten="385,208,189,208" oya="0" hai0="62,80,96,67,101,20,107,56,13,120,125,24,0" hai1="46,2,41,12,32,45,78,63,19,37,95,29,114" hai2="34,68,70,84,26,4,27,71,40,48,102,112,109" hai3="55,21,39,66,87,30,22,49,25,89,53,106,94"/><T121/><D0/><U88/><E2/><V33/><F112/><W82/><G106/><T115/><D115/><U73/><E114/><V117/><F4/><W50/><G39/><T60/><D125/><U51/><E73/><V85/><F102/><W1/><G1/><T81/><D13/><U132/><E78/><V93/><F109/><W72/><G66/><T16/><D81/><U36/><E132/><V100/><F117/><W116/><G116/><T79/><REACH who="0" step="1"/><D62/><REACH who="0" ten="375,208,189,208" step="2"/><U122/><E63/><V105/><F26/><W69/><G82/><T75/><AGARI ba="3,2" hai="16,20,24,56,60,67,75,79,80,96,101,107,120,121" machi="75" ten="20,18000,2" yaku="1,1,2,1,0,1,7,1,52,1,54,1,53,0" doraHai="14" doraHaiUra="7" who="0" fromWho="0" sc="375,209,208,-63,189,-63,208,-63" /><INIT seed="0,4,0,3,0,122" ten="584,145,126,145" oya="0" hai0="131,99,89,39,61,79,103,13,21,52,93,48,126" hai1="104,68,30,120,102,59,77,3,129,40,69,7,57" hai2="98,72,130,44,54,84,29,92,113,53,85,58,65" hai3="86,50,88,49,15,9,2,134,73,1,119,101,78"/><T105/><D126/><U55/><E120/><V125/><F113/><W31/><G119/><T34/><D34/><U43/><E77/><V109/><F72/><W12/><G134/><T135/><D135/><U106/><E30/><V112/><F112/><W94/><G31/><T81/><D131/><U51/><E102/><V121/><F121/><W96/><G15/><T127/><D39/><U24/><E24/><V91/><F125/><W37/><G37/><T60/><D127/><U123/><E123/><V6/><F130/><W97/><G97/><T115/><D115/><U63/><E7/><V41/><F29/><W76/><G2/><T114/><D114/><U107/><E3/><V8/><F65/><W18/><G1/><T26/><D13/><U95/><E95/><V16/><F6/><W90/><G90/><T67/><D67/><U80/><E80/><V27/><F8/><W116/><G116/><T118/><D118/><U111/><E129/><V10/><F10/><W83/><REACH who="3" step="1"/><G76/><REACH who="3" ten="584,145,126,135" step="2"/><T110/><D89/><U46/><E111/><V117/><F109/><W62/><G62/><T22/><D110/><U11/><E63/><V5/><F117/><W124/><G124/><T133/><D133/><U87/><E11/><V64/><F91/><W45/><G45/><T75/><D22/><U0/><E0/><V25/><F44/><W74/><G74/><T33/><D21/><U35/><E35/><V19/><F98/><W128/><G128/><T66/><D33/><U23/><E23/><V4/><F27/><W42/><G42/><N who="1" m="15914" /><E87/><V108/><F84/><W20/><G20/><RYUUKYOKU ba="4,1" sc="584,-15,145,15,126,-15,135,15" hai1="46,51,55,57,59,68,69,104,106,107" hai3="9,12,18,49,50,73,78,83,86,88,94,96,101" /><INIT seed="1,5,1,5,0,75" ten="569,160,111,150" oya="1" hai0="77,43,5,63,79,27,64,37,14,104,31,93,9" hai1="120,101,110,88,3,30,42,71,86,73,105,68,50" hai2="108,13,129,100,92,25,128,46,99,35,78,54,107" hai3="116,102,0,44,12,34,19,53,89,125,60,65,33"/><U106/><E120/><V81/><F108/><W20/><G0/><T39/><D104/><U84/><E3/><V22/><F107/><W16/><G125/><T109/><D109/><U45/><E73/><V11/><F35/><W1/><G1/><T103/><D39/><U47/><E110/><V17/><F46/><W121/><G121/><T130/><D37/><U61/><E30/><V87/><REACH who="2" step="1"/><F54/><REACH who="2" ten="569,160,101,150" step="2"/><W72/><G53/><T6/><D43/><U15/><E47/><V38/><F38/><W10/><G44/><T7/><D7/><AGARI ba="5,2" hai="7,11,13,17,22,25,78,81,87,92,99,100,128,129" machi="7" ten="40,2600,0" yaku="1,1,52,1,53,0" doraHai="75" doraHaiUra="59" who="2" fromWho="0" sc="569,-41,160,0,101,61,150,0" /><INIT seed="2,0,0,0,5,87" ten="528,160,162,150" oya="2" hai0="42,53,97,81,90,125,135,98,41,72,126,49,3" hai1="35,127,109,103,33,118,101,64,108,96,56,39,8" hai2="21,88,117,47,124,40,10,23,52,94,128,119,2" hai3="68,78,132,80,129,6,79,77,107,14,44,16,60"/><V92/><F124/><N who="0" m="47722" /><D135/><U84/><E118/><V105/><F105/><W131/><G107/><T0/><D90/><U57/><E39/><V31/><F128/><N who="3" m="49227" /><G132/><T70/><D70/><U104/><E127/><V71/><F71/><W106/><G106/><T48/><D81/><U99/><E8/><V63/><F94/><W91/><G6/><T54/><D72/><U110/><E84/><V22/><F31/><W25/><G25/><T65/><D65/><U1/><E1/><N who="0" m="585" /><D53/><U36/><E36/><V51/><F2/><W20/><G44/><N who="0" m="25615" /><D42/><U83/><E83/><V11/><F117/><W30/><G30/><T111/><D111/><U55/><E64/><V133/><F133/><W17/><G17/><T100/><D100/><U7/><E7/><V24/><F24/><W43/><G43/><T74/><D74/><U82/><E82/><V69/><F119/><W93/><G80/><T130/><D130/><U59/><E55/><V95/><F95/><AGARI ba="0,0" hai="33,35,56,57,59,95,96,99,101,103,104,108,109,110" machi="95" ten="50,1600,0" yaku="14,1" doraHai="87" who="1" fromWho="2" sc="528,0,160,16,162,-16,150,0" /><INIT seed="3,0,0,3,0,123" ten="528,176,146,150" oya="3" hai0="18,99,17,31,80,14,50,43,0,82,120,51,93" hai1="35,3,125,108,9,12,107,95,79,88,84,30,44" hai2="121,69,1,16,86,58,132,36,67,104,4,57,68" hai3="42,28,92,131,135,37,126,127,40,78,10,27,81"/><W117/><G117/><T112/><D0/><U100/><E3/><V47/><F104/><W118/><G118/><T52/><D120/><U6/><E108/><V102/><F121/><W53/><G135/><T90/><D112/><U61/><E125/><N who="3" m="47626" /><G131/><T109/><D109/><U129/><E129/><V5/><F132/><W66/><G66/><T134/><D134/><U62/><E79/><V71/><F102/><W97/><G53/><T94/><D31/><U63/><E44/><V114/><F114/><W74/><G10/><N who="0" m="6359" /><D18/><U26/><E107/><V21/><F86/><W33/><G37/><T11/><D11/><U38/><E38/><V124/><F124/><W115/><G115/><T133/><D133/><U96/><E100/><AGARI ba="0,0" hai="27,28,33,40,42,74,78,81,92,97,100" m="47626" machi="100" ten="30,1500,0" yaku="18,1" doraHai="123" who="3" fromWho="1" sc="528,0,176,-15,146,0,150,15" /><INIT seed="3,1,0,2,2,96" ten="528,161,146,165" oya="3" hai0="81,21,61,49,114,55,89,50,37,59,51,19,105" hai1="74,126,98,71,25,14,34,35,36,6,1,117,65" hai2="32,94,121,17,83,78,134,118,101,111,77,47,54" hai3="13,60,82,62,127,99,69,130,79,106,29,108,3"/><W100/><G3/><T20/><D114/><U5/><E74/><V91/><F118/><W133/><G133/><T27/><D105/><U42/><E117/><V16/><F32/><N who="1" m="12329" /><E14/><V66/><F111/><W107/><G108/><T76/><D37/><U10/><E25/><V15/><F134/><W30/><G107/><T7/><D7/><U120/><E98/><N who="2" m="59607" /><F66/><W70/><G130/><T80/><D89/><U31/><E31/><V2/><F2/><W131/><G127/><T84/><D80/><U115/><E6/><V116/><F116/><W40/><G131/><T0/><D0/><U63/><E126/><V24/><F121/><W90/><G40/><T64/><D21/><U86/><E86/><N who="2" m="50655" /><F24/><W128/><G128/><T102/><D102/><U39/><E115/><V58/><F47/><AGARI ba="1,0" hai="19,20,27,47,49,50,51,55,59,61,64,76,81,84" machi="47" ten="30,2000,0" yaku="7,1,8,1" doraHai="96" who="0" fromWho="2" sc="528,23,161,0,146,-23,165,0" owari="551,65.1,161,-23.9,123,-37.7,165,-3.5" /></mjloggm>