<mjloggm ver="2.3"><GO type="225" lobby="0"/><UN n0="%77%72%77%72%77%72%77%72" n1="%E3%81%99%E3%81%84%E3%81%BE%E3%81%9B%E3%83%BC%E3%82%93" n2="%E6%98%93%E5%88%A9%E8%96%A9%E4%BC%AF" n3="%E7%89%B9%E6%9D%B1%E3%81%AF%E4%B8%96%E7%95%8C%E3%82%92%E6%95%91%E3%81%86" dan="17,18,16,16" rate="2222.51,2254.57,2089.96,2183.33" sx="M,M,F,M"/><TAIKYOKU oya="0"/><INIT seed="0,0,0,4,0,103" ten="250,250,250,250" oya="0" hai0="122,130,90,47,37,98,86,46,40,28,13,52,14" hai1="84,93,124,80,101,36,115,70,45,19,107,4,41" hai2="22,3,24,102,44,109,50,123,128,81,114,18,65" hai3="120,119,100,121,116,60,11,96,17,74,118,54,15"/><T135/><D122/><N who="3" m="47209" /><G74/><T67/><D130/><U89/><E124/><V55/><F109/><W59/><G118/><T112/><D112/><U8/><E115/><V29/><F114/><W25/><G25/><T105/><D135/><U108/><E70/><V92/><F3/><W51/><G60/><T30/><D67/><U9/><E108/><V6/><F128/><W91/><G91/><T87/><D87/><U117/><E117/><V42/><F6/><W31/><G31/><T63/><D13/><U0/><E93/><AGARI ba="0,0" hai="11,15,17,51,54,59,93,96,100,116,119" m="47209" machi="93" ten="30,1000,0" yaku="13,1" doraHai="103" who="3" fromWho="1" sc="250,0,250,-10,250,0,250,10" /><INIT seed="1,0,0,0,3,70" ten="250,240,250,260" oya="1" hai0="64,27,101,122,112,29,134,117,131,84,111,51,59" hai1="48,56,78,74,65,120,97,58,42,10,43,118,54" hai2="81,121,23,69,1,5,63,127,18,85,113,53,46" hai3="88,125,108,96,132,50,98,34,61,33,62,93,11"/><U86/><E118/><V14/><F127/><W0/><G125/><T76/><D112/><U123/><E74/><V36/><F121/><W4/><G108/><T17/><D117/><U135/><E135/><V90/><F113/><W109/><G109/><T3/><D111/><U72/><E72/><V124/><F124/><W91/><G132/><T55/><D134/><U2/><E123/><V57/><F69/><W40/><G40/><T44/><D122/><U49/><E120/><V103/><F103/><W104/><G50/><T9/><D101/><U87/><E97/><V73/><F73/><W20/><G20/><T99/><D99/><U116/><E116/><V60/><F1/><W75/><G75/><T45/><D131/><U133/><E133/><V130/><F5/><W66/><G62/><T68/><D68/><U28/><E28/><V126/><F130/><W24/><G24/><T79/><D64/><U89/><E2/><V92/><F63/><W82/><G82/><N who="0" m="47175" /><D79/><U38/><E38/><V13/><F126/><W94/><REACH who="3" step="1"/><G104/><REACH who="3" ten="250,240,250,250" step="2"/><T80/><D80/><N who="1" m="47383" /><E10/><V31/><F81/><W106/><G106/><T12/><D3/><U6/><E49/><V15/><REACH who="2" step="1"/><F31/><REACH who="2" ten="250,240,240,250" step="2"/><W30/><G30/><T105/><D105/><U95/><E6/><V22/><F22/><AGARI ba="0,2" hai="9,12,17,22,27,29,44,45,51,55,59" m="47175" machi="22" ten="30,1000,0" yaku="8,1" doraHai="70" who="0" fromWho="2" sc="250,30,240,0,240,-10,250,0" /><INIT seed="2,0,0,3,1,76" ten="280,240,230,250" oya="2" hai0="96,15,70,79,58,54,112,20,3,61,6,124,91" hai1="128,38,120,55,134,11,101,27,133,36,56,64,12" hai2="81,123,111,45,30,40,103,99,82,92,129,135,19" hai3="39,33,88,89,53,28,62,74,117,10,42,37,18"/><V29/><F123/><W4/><G117/><T84/><D112/><U17/><E120/><V118/><F118/><W52/><G74/><T50/><D124/><U122/><E122/><V16/><F129/><W71/><G18/><N who="2" m="6697" /><F135/><N who="1" m="51721" /><E128/><V47/><F111/><W57/><G71/><T94/><D3/><U2/><E2/><V68/><F68/><W8/><G53/><T97/><D20/><U26/><E64/><V41/><F45/><W22/><G33/><T65/><REACH who="0" step="1"/><D79/><REACH who="0" ten="270,240,230,250" step="2"/><U132/><E132/><V34/><F34/><W66/><G22/><T31/><D31/><N who="2" m="11786" /><F47/><W51/><G28/><T83/><D83/><AGARI ba="0,1" hai="40,41,81,82,83,92,99,103" m="11786,6697" machi="83" ten="30,12000,1" yaku="8,1,52,3,54,1" doraHai="76" who="2" fromWho="0" sc="270,-120,240,0,230,130,250,0" /><INIT seed="2,1,0,5,4,95" ten="150,240,360,250" oya="2" hai0="19,52,113,56,51,22,79,21,86,91,34,36,53" hai1="20,111,71,118,48,27,6,25,1,61,78,94,5" hai2="50,100,54,64,70,72,134,8,87,97,12,4,121" hai3="77,102,110,62,125,107,114,89,80,42,13,99,9"/><V119/><F72/><W115/><G110/><T65/><D113/><N who="3" m="43017" /><G125/><T43/><D34/><U135/><E118/><V10/><F134/><W133/><G133/><T117/><D117/><U101/><E135/><V130/><F130/><W120/><G120/><T35/><D35/><U132/><E132/><V11/><F121/><W57/><G42/><T82/><D36/><U74/><E111/><V23/><F70/><W47/><G47/><T104/><D104/><U98/><E27/><V30/><F64/><N who="3" m="38991" /><G89/><T76/><D65/><U24/><E24/><V92/><F119/><W124/><G124/><T44/><D22/><U33/><E33/><V31/><F23/><W32/><G32/><T29/><D29/><N who="2" m="10762" /><F87/><N who="3" m="48527" /><G13/><T41/><D41/><U122/><E122/><V58/><AGARI ba="1,0" hai="4,8,10,11,12,50,54,58,92,97,100" m="10762" machi="58" ten="30,3000,0" yaku="8,1,52,1" doraHai="95" who="2" fromWho="2" sc="150,-11,240,-11,360,33,250,-11" /><INIT seed="2,2,0,1,2,90" ten="139,229,393,239" oya="2" hai0="105,135,120,94,15,95,60,79,76,117,18,12,69" hai1="61,91,50,85,49,19,122,44,2,42,14,64,123" hai2="67,71,27,38,78,34,24,98,39,37,82,32,108" hai3="59,130,101,48,25,29,0,47,92,33,68,102,83"/><V52/><F108/><W107/><G68/><T97/><D120/><N who="1" m="46123" /><E2/><V74/><F67/><W115/><G0/><T13/><D69/><N who="1" m="42127" /><E42/><V17/><F71/><W63/><G107/><T7/><D135/><U81/><E44/><V66/><F66/><W53/><G130/><T75/><D75/><U6/><E6/><V119/><F119/><W129/><G129/><T106/><D117/><U88/><E91/><V10/><F52/><W57/><G115/><T86/><D7/><U110/><E110/><V121/><F39/><W8/><G57/><T55/><D106/><U28/><E28/><V20/><F38/><W73/><G59/><N who="0" m="34943" /><D105/><U31/><E31/><V54/><F37/><W40/><G29/><T70/><D70/><U3/><E3/><V96/><F17/><W22/><G40/><T99/><D18/><U109/><E109/><V26/><F54/><W134/><G53/><T30/><D30/><U100/><E100/><V51/><F34/><W112/><G33/><T21/><D21/><AGARI ba="2,0" hai="14,19,21,49,50,81,85,88" m="42127,46123" machi="21" ten="30,2000,0" yaku="13,1,54,1" doraHai="90" who="1" fromWho="0" sc="139,-26,229,26,393,0,239,0" /><INIT seed="3,0,0,0,1,82" ten="113,255,393,239" oya="3" hai0="124,38,28,70,111,113,102,20,81,24,4,125,37" hai1="101,80,57,30,56,123,6,131,130,86,77,22,84" hai2="32,67,83,43,55,99,64,117,104,46,71,12,133" hai3="97,26,109,91,120,115,48,44,129,108,21,76,39"/><W72/><G120/><T126/><D70/><U5/><E123/><V47/><F32/><W78/><G115/><T61/><D102/><U135/><E135/><V89/><F71/><W122/><G39/><T63/><D113/><U60/><E101/><V0/><F0/><W42/><G122/><T90/><D4/><U40/><E40/><V16/><F104/><W52/><G129/><T121/><D121/><U110/><E86/><N who="2" m="50399" /><F99/><W92/><G42/><T14/><D14/><U27/><E57/><V87/><F87/><W119/><G119/><T11/><D11/><U19/><E30/><V105/><F105/><W9/><G9/><T106/><D106/><U23/><E22/><V74/><F74/><W112/><G112/><T45/><D45/><U25/><E25/><V35/><F35/><W2/><G2/><T69/><D111/><N who="3" m="42569" /><G72/><T88/><D69/><U54/><E110/><V134/><F117/><W62/><G62/><T68/><D68/><U98/><E98/><V50/><F134/><W53/><G53/><T29/><D29/><AGARI ba="0,0" hai="21,26,29,44,48,52,76,78,91,92,97" m="42569" machi="29" ten="30,5800,0" yaku="14,1,10,1,54,1" doraHai="82" who="3" fromWho="0" sc="113,-58,255,0,393,0,239,58" /><INIT seed="3,1,0,4,2,35" ten="55,255,393,297" oya="3" hai0="6,51,69,44,26,61,134,115,81,93,83,99,76" hai1="27,84,111,89,13,103,72,54,117,65,52,86,70" hai2="118,97,58,91,20,129,85,0,90,71,42,123,14" hai3="49,32,121,74,46,94,106,37,78,135,116,3,73"/><W82/><G116/><T64/><D134/><U109/><E72/><V36/><F71/><W5/><G121/><T87/><D115/><U108/><E117/><V29/><F0/><W23/><G135/><T114/><D114/><U53/><E103/><V125/><F118/><W104/><G74/><T127/><D127/><U15/><E27/><V25/><F129/><W28/><G23/><T2/><D81/><U80/><E86/><V68/><F68/><W16/><G16/><T63/><D26/><U98/><E98/><V120/><F125/><W101/><G101/><T7/><D61/><AGARI ba="1,0" hai="13,15,52,53,54,61,65,70,80,84,89,108,109,111" machi="61" ten="50,3200,0" yaku="14,1,54,1" doraHai="35" who="1" fromWho="0" sc="55,-35,255,35,393,0,297,0" owari="20,-48.0,290,-11.0,393,49.3,297,9.7" /></mjloggm>