<mjloggm ver="2.3"><GO type="225" lobby="0"/><UN n0="%E5%8D%A0%E3%81%84%E5%B8%AB%E8%A3%8F%E3%81%AA%E3%81%84%E3%81%97" n1="%E5%8F%AF%E5%85%90%E9%82%A3%E7%94%B1%E5%A4%9A" n2="%E3%81%B2%E3%81%BE%E3%81%A4%E3%81%B6%E3%81%97" n3="%E3%82%B7%E3%83%B3%E5%A4%AA%E6%9C%97" dan="16,17,16,16" rate="2119.19,2206.77,2130.18,2141.76" sx="M,F,M,M"/><TAIKYOKU oya="0"/><INIT seed="0,0,0,4,2,115" ten="250,250,250,250" oya="0" hai0="51,38,125,3,97,112,82,100,68,106,30,28,10" hai1="47,81,111,134,85,67,26,16,103,120,105,77,127" hai2="58,49,124,96,24,95,25,83,89,57,65,91,4" hai3="131,70,40,128,59,0,56,42,63,7,133,93,121"/><T104/><D112/><U46/><E120/><V8/><F124/><W129/><G121/><T19/><D125/><U14/><E127/><V13/><F58/><N who="3" m="22059" /><G7/><T23/><D38/><U34/><E111/><V45/><F83/><W22/><G22/><T52/><D68/><U48/><E134/><V31/><F31/><W61/><G0/><T9/><D104/><U122/><E122/><V39/><F39/><W62/><G93/><T102/><D102/><U41/><E67/><V37/><F37/><W116/><G133/><T66/><D66/><U54/><E34/><V74/><F74/><W53/><G116/><T132/><D82/><U99/><E26/><V108/><F89/><W6/><G6/><T12/><D132/><U84/><E47/><V110/><F110/><W98/><G98/><T94/><D106/><U113/><E113/><V1/><F1/><W72/><G72/><T44/><REACH who="0" step="1"/><D3/><REACH who="0" ten="240,250,250,250" step="2"/><U118/><E118/><V36/><F36/><W107/><G107/><T76/><D76/><U86/><REACH who="1" step="1"/><E54/><REACH who="1" ten="240,240,250,250" step="2"/><N who="2" m="29999" /><F108/><W35/><G53/><T73/><D73/><U130/><E130/><V78/><F78/><W119/><G119/><T2/><D2/><U64/><E64/><V126/><F126/><W29/><G70/><T21/><D21/><AGARI ba="0,2" hai="14,16,21,41,46,48,77,81,84,85,86,99,103,105" machi="21" ten="30,3900,0" yaku="1,1,7,1,54,1,53,0" doraHai="115" doraHaiUra="60" who="1" fromWho="0" sc="240,-39,240,59,250,0,250,0" /><INIT seed="1,0,0,4,3,85" ten="201,299,250,250" oya="1" hai0="7,116,68,123,73,125,47,46,128,99,64,14,6" hai1="0,15,39,87,129,101,62,29,33,32,75,80,22" hai2="66,23,30,57,19,109,58,94,131,90,41,82,76" hai3="112,105,81,111,45,83,117,10,98,20,120,135,95"/><U18/><E0/><V61/><F109/><W16/><G105/><T121/><D116/><U132/><E39/><V91/><F131/><W52/><G111/><T70/><D73/><U49/><E75/><V43/><F30/><W48/><G117/><T36/><D128/><U42/><E129/><V38/><F38/><W119/><G119/><T115/><D36/><U1/><E1/><V97/><F58/><W28/><G112/><T130/><D130/><U71/><E132/><V9/><F9/><W24/><G120/><T26/><D115/><U77/><E101/><V110/><F110/><W34/><G135/><T69/><D125/><U78/><E78/><V102/><F76/><W133/><G133/><T74/><D74/><U54/><E42/><N who="2" m="15883" /><F82/><W55/><G55/><T25/><D64/><U27/><E62/><V113/><F113/><W35/><G35/><T63/><D63/><U3/><E3/><V31/><F31/><W114/><G114/><T53/><D53/><U60/><E60/><V100/><F100/><W4/><G34/><T106/><D106/><U107/><E107/><V13/><AGARI ba="0,0" hai="13,19,23,57,61,66,90,91,94,97,102" m="15883" machi="13" ten="30,4000,0" yaku="8,1,52,2" doraHai="85" who="2" fromWho="2" sc="201,-10,299,-20,250,40,250,-10" /><INIT seed="2,0,0,3,0,60" ten="191,279,290,240" oya="2" hai0="26,109,18,118,55,34,3,42,64,28,62,100,49" hai1="86,120,71,10,87,12,73,5,79,76,46,126,135" hai2="25,51,113,81,125,6,45,116,134,131,102,83,30" hai3="101,4,93,35,97,72,124,24,96,89,54,122,48"/><V108/><F113/><W98/><G124/><T57/><D109/><U67/><E126/><V90/><F116/><W69/><G122/><T11/><D118/><U52/><E120/><V94/><F125/><W115/><G115/><T127/><D127/><U107/><E107/><V39/><F39/><W41/><G72/><T74/><D74/><U130/><E135/><V114/><F114/><W129/><G129/><T8/><D3/><U128/><E73/><V75/><F75/><W14/><G69/><T95/><D42/><U33/><E33/><V27/><F6/><W119/><G119/><T13/><D95/><U1/><E1/><V47/><F102/><W133/><G133/><T56/><REACH who="0" step="1"/><D100/><REACH who="0" ten="181,279,290,240" step="2"/><U15/><E130/><V23/><F108/><W21/><G41/><T99/><D99/><U77/><E128/><V37/><F134/><W84/><G35/><T104/><D104/><U36/><E36/><V43/><F131/><W31/><G101/><T19/><D19/><U16/><E16/><V88/><F94/><W105/><G105/><T123/><D123/><U111/><E111/><V58/><F37/><W22/><G98/><T85/><D85/><U78/><E87/><V82/><F43/><W65/><G4/><T44/><D44/><N who="2" m="16970" /><F27/><W9/><G97/><T70/><D70/><U117/><E117/><V132/><F132/><W53/><G96/><T59/><D59/><U112/><E112/><V61/><F58/><W20/><G93/><T110/><D110/><U103/><E86/><V29/><F25/><W91/><G24/><T32/><D32/><U68/><E103/><RYUUKYOKU ba="0,1" sc="181,30,279,-10,290,-10,240,-10" hai0="8,11,13,18,26,28,34,49,55,56,57,62,64" /><INIT seed="3,1,1,5,0,58" ten="211,269,280,230" oya="3" hai0="61,46,95,84,125,37,128,64,54,131,101,49,127" hai1="33,59,75,115,119,22,27,35,76,118,132,105,9" hai2="20,63,133,87,123,120,107,122,3,91,26,99,80" hai3="67,71,39,102,69,23,7,98,38,12,100,134,31"/><W135/><G7/><T55/><D84/><U112/><E105/><V116/><F133/><N who="3" m="50699" /><G102/><T43/><D95/><U81/><E132/><V42/><F116/><N who="1" m="44585" /><E9/><V86/><F3/><W13/><G31/><T21/><D101/><U89/><E89/><V66/><F42/><W62/><G69/><N who="0" m="42127" /><D21/><U111/><E111/><V53/><F53/><N who="0" m="19978" /><D37/><N who="3" m="13833" /><G23/><T117/><D117/><U32/><E59/><N who="2" m="37247" /><F107/><AGARI ba="1,1" hai="12,13,62,67,71,98,100,107" m="13833,50699" machi="107" ten="30,2900,0" yaku="20,1,52,1" doraHai="58" who="3" fromWho="2" sc="211,0,269,0,280,-32,230,42" /><INIT seed="3,2,0,1,4,55" ten="211,269,248,272" oya="3" hai0="114,27,127,77,23,76,43,132,30,121,105,67,92" hai1="72,36,65,87,4,104,117,37,26,34,93,59,128" hai2="63,53,18,115,49,45,31,14,9,68,17,116,33" hai3="54,88,19,39,41,71,103,51,102,134,78,122,133"/><W20/><G71/><T50/><D121/><U64/><E72/><V119/><F115/><W131/><G122/><T91/><D105/><U61/><E104/><V48/><F33/><W84/><G131/><T129/><D129/><U99/><E128/><V44/><F31/><W109/><G109/><T21/><D114/><U106/><E117/><V56/><F68/><W97/><G78/><T130/><D130/><U62/><E4/><V75/><F75/><W70/><G70/><T13/><D132/><N who="3" m="50793" /><G41/><T90/><D67/><U89/><E34/><V69/><F69/><W0/><G39/><T29/><D127/><U95/><E106/><V101/><F101/><W47/><G97/><N who="0" m="57495" /><D91/><U73/><E73/><V120/><F120/><W123/><G0/><T74/><D74/><U3/><E3/><V22/><F116/><W5/><G5/><T7/><D29/><U82/><E26/><V38/><F38/><W57/><G47/><N who="2" m="17993" /><F119/><W66/><G66/><T40/><D50/><U6/><E6/><V94/><F94/><N who="3" m="54535" /><G123/><T110/><D110/><U42/><E42/><N who="0" m="15913" /><D7/><U24/><E95/><V112/><F112/><W16/><G16/><AGARI ba="2,0" hai="13,16,21,23,27,30,76,77" m="15913,57495" machi="16" ten="30,2000,0" yaku="8,1,54,1" doraHai="55" who="0" fromWho="3" sc="211,26,269,0,248,0,272,-26" /><INIT seed="4,0,0,1,3,118" ten="237,269,248,246" oya="0" hai0="75,125,14,126,93,135,119,128,47,42,51,43,104" hai1="26,82,41,19,120,34,66,54,70,18,77,62,124" hai2="92,12,113,81,90,9,40,116,31,20,74,79,112" hai3="132,32,73,17,52,23,7,96,22,121,99,59,36"/><T95/><D104/><U38/><E124/><N who="0" m="47721" /><D119/><U103/><E103/><V29/><F116/><W83/><G36/><T71/><D75/><U25/><E54/><V10/><F40/><N who="0" m="15402" /><D71/><U48/><E48/><V16/><F10/><W123/><G32/><T28/><D128/><U61/><E61/><V30/><REACH who="2" step="1"/><F9/><REACH who="2" ten="237,269,238,246" step="2"/><W89/><G123/><T107/><D107/><U39/><E120/><V49/><F49/><W5/><G121/><T6/><D135/><U101/><E41/><V129/><F129/><W88/><G132/><T80/><D28/><U133/><E133/><V64/><F64/><W60/><G5/><T122/><D122/><U0/><E66/><V15/><F15/><W114/><G7/><T44/><D51/><U111/><E39/><V108/><F108/><W24/><G17/><T46/><D80/><U85/><E111/><V63/><F63/><W27/><G83/><T11/><AGARI ba="0,1" hai="6,11,14,44,46,47,93,95" m="15402,47721" machi="11" ten="40,2100,0" yaku="18,1" doraHai="118" who="0" fromWho="0" sc="237,31,269,-7,238,-7,246,-7" /><INIT seed="4,1,0,1,3,104" ten="268,262,231,239" oya="0" hai0="126,68,47,113,51,53,83,112,54,86,93,73,0" hai1="38,22,119,19,114,14,9,39,21,102,95,28,62" hai2="60,45,58,65,90,124,69,41,131,111,34,100,70" hai3="67,11,106,35,52,79,59,44,55,5,99,98,6"/><T107/><D107/><U26/><E119/><V88/><F111/><W15/><G35/><T31/><D0/><U64/><E114/><N who="0" m="44137" /><D68/><U96/><REACH who="1" step="1"/><E9/><REACH who="1" ten="268,252,231,239" step="2"/><V32/><F32/><W78/><G11/><T77/><D126/><U72/><E72/><V36/><F34/><W120/><G120/><T3/><D73/><U42/><E42/><V4/><F124/><W80/><G5/><T25/><D53/><U123/><E123/><V66/><F131/><W135/><G6/><T2/><D54/><U13/><E13/><V85/><F4/><W76/><G15/><T110/><D2/><U37/><E37/><V29/><F66/><W18/><G67/><T101/><D3/><U50/><E50/><V17/><F70/><AGARI ba="1,1" hai="14,19,21,22,26,28,38,39,62,64,70,95,96,102" machi="70" ten="30,2000,0" yaku="1,1,7,1,53,0" doraHai="104" doraHaiUra="134" who="1" fromWho="2" sc="268,0,252,33,231,-23,239,0" /><INIT seed="5,0,0,0,4,15" ten="268,285,208,239" oya="1" hai0="107,60,59,81,73,22,133,7,58,75,89,121,51" hai1="105,38,85,24,92,82,55,41,49,103,79,34,76" hai2="18,1,0,54,11,111,113,52,40,99,83,118,127" hai3="48,123,87,5,109,116,132,95,124,13,37,25,45"/><U53/><E105/><V71/><F111/><W12/><G109/><T35/><D107/><U97/><E38/><V77/><F118/><W43/><G116/><T100/><D35/><U67/><E67/><V125/><F71/><W130/><G123/><T32/><D32/><U115/><E115/><V102/><F40/><W62/><G132/><T64/><D100/><U129/><E129/><V63/><F113/><W27/><G130/><T21/><D133/><U20/><E34/><V119/><F119/><W3/><G3/><N who="2" m="1097" /><F63/><W44/><G124/><N who="2" m="47689" /><F99/><W30/><G25/><T117/><D60/><U23/><E79/><V126/><N who="2" m="47697" /><V14/><DORA hai="134" /><F102/><W101/><G5/><T74/><D7/><U114/><E114/><V72/><AGARI ba="0,0" hai="11,14,18,52,54,72,77,83" m="47697,1097" machi="72" ten="50,12000,2" yaku="18,1,52,5,54,1" doraHai="15,134" who="2" fromWho="2" sc="268,-30,285,-60,208,120,239,-30" owari="238,3.8,225,-17.5,328,42.8,209,-29.1" /></mjloggm>