<mjloggm ver="2.3"><GO type="225" lobby="0"/><UN n0="%E3%81%9F%E3%81%A3%E3%81%A1%E3%82%87" n1="%E8%81%B7%E6%A5%AD%E3%80%81%E9%A2%A8%32" n2="%E7%B4%94%E6%BD%94%E3%83%94%E3%83%A9%E3%83%8B%E3%82%A2" n3="%E3%81%B2%E3%81%AA%E3%81%AE%E3%82%8A%E3%81%8F" dan="16,16,17,17" rate="2057.31,2186.26,2213.92,2186.83" sx="M,M,M,M"/><TAIKYOKU oya="0"/><INIT seed="0,0,0,2,0,115" ten="250,250,250,250" oya="0" hai0="9,79,102,22,101,35,112,43,128,15,87,24,129" hai1="89,3,105,122,4,33,117,21,70,123,27,103,60" hai2="97,77,71,69,2,75,120,26,25,99,11,113,76" hai3="47,49,84,37,86,58,108,109,64,96,57,18,95"/><T116/><D112/><U81/><E89/><V40/><F113/><W126/><G37/><T132/><D132/><U92/><E92/><V59/><F2/><W54/><G126/><T121/><D121/><U34/><E81/><V20/><F120/><N who="1" m="46121" /><E21/><V107/><F40/><W61/><G58/><T5/><D43/><U98/><E4/><V118/><F59/><W12/><G109/><T83/><D35/><N who="1" m="13323" /><E27/><V134/><F20/><W119/><G119/><T13/><D116/><U73/><E3/><V135/><F118/><W130/><G130/><N who="0" m="50283" /><D13/><U88/><E88/><V39/><F39/><W8/><REACH who="3" step="1"/><G108/><REACH who="3" ten="250,250,250,240" step="2"/><T72/><D72/><U50/><E117/><V1/><F75/><W124/><G124/><T93/><D93/><U62/><E73/><V125/><F125/><W6/><G6/><T127/><D127/><U36/><E36/><V100/><F135/><W114/><G114/><T67/><D67/><U51/><E70/><V16/><F134/><W106/><G106/><T133/><D133/><U91/><E105/><V53/><F107/><W66/><G66/><T32/><D32/><U65/><E65/><V56/><F56/><W111/><G111/><T29/><AGARI ba="0,1" hai="5,9,15,22,24,29,79,83,87,101,102" m="50283" machi="29" ten="30,1500,0" yaku="19,1" doraHai="115" who="0" fromWho="0" sc="250,25,250,-5,250,-5,240,-5" /><INIT seed="0,1,0,3,4,105" ten="275,245,245,235" oya="0" hai0="60,116,8,76,12,62,23,107,61,63,21,102,26" hai1="134,74,79,119,18,46,80,132,52,48,5,43,34" hai2="83,131,113,22,130,100,90,101,56,133,120,67,19" hai3="127,70,128,16,65,53,72,84,87,71,47,114,94"/><T6/><D116/><U42/><E34/><V44/><F113/><W106/><G114/><T37/><D37/><U125/><E119/><V126/><F120/><W38/><G106/><T41/><D41/><U99/><E125/><V123/><F126/><W75/><G127/><T78/><N who="0" m="15360" /><DORA hai="35" /><T91/><D21/><U1/><E99/><V55/><F56/><W4/><G4/><T73/><D73/><U3/><E18/><V0/><F67/><W117/><G117/><T36/><D36/><N who="1" m="21831" /><E43/><V129/><F123/><W92/><G38/><T29/><REACH who="0" step="1"/><D91/><REACH who="0" ten="265,245,245,235" step="2"/><U40/><E40/><V122/><F22/><W85/><G72/><T88/><D88/><U89/><E89/><V110/><F90/><W58/><G75/><T45/><D45/><N who="1" m="27663" /><E5/><V57/><F44/><W59/><G47/><T33/><D33/><U17/><E74/><V109/><F122/><W96/><G71/><T30/><D30/><U124/><E124/><V97/><F129/><W118/><G70/><T11/><D11/><U51/><E79/><V69/><F69/><W14/><G118/><T32/><D32/><U81/><E134/><V7/><F133/><W103/><G128/><T77/><D77/><U28/><E28/><V54/><F7/><W31/><G31/><T104/><D104/><U20/><E132/><V39/><F39/><W9/><G65/><T68/><D68/><U86/><E20/><V108/><F131/><W93/><G59/><T25/><D25/><U50/><E17/><V121/><F130/><W111/><G111/><T27/><D27/><U10/><E10/><V2/><F121/><RYUUKYOKU ba="1,1" sc="265,15,245,-15,245,-15,235,15" hai0="6,8,12,23,26,29,76,78,102,107" hai3="9,14,16,53,58,84,85,87,92,93,94,96,103" /><INIT seed="0,2,1,0,5,128" ten="280,230,230,250" oya="0" hai0="64,87,9,106,47,69,66,129,31,15,65,111,105" hai1="118,101,109,73,98,19,100,130,10,92,134,41,3" hai2="93,26,113,4,20,76,97,52,108,59,83,80,79" hai3="81,50,0,85,44,42,46,116,70,96,131,133,54"/><T72/><D129/><U123/><E118/><V125/><F108/><W17/><G116/><T60/><D72/><U90/><E123/><V18/><F125/><W56/><G70/><T24/><D111/><U94/><E109/><V11/><F113/><W67/><G131/><T55/><D87/><U99/><E130/><V89/><F79/><W135/><G0/><T25/><D25/><U126/><E126/><V117/><F76/><W32/><G32/><T57/><D47/><U16/><E73/><V12/><REACH who="2" step="1"/><F117/><REACH who="2" ten="280,230,220,250" step="2"/><W103/><G67/><T13/><D69/><U120/><E120/><V36/><F36/><W84/><G84/><T68/><D68/><U8/><E99/><V119/><F119/><W124/><G85/><T115/><D115/><U6/><E98/><V51/><AGARI ba="2,2" hai="4,11,12,18,20,26,51,52,59,80,83,89,93,97" machi="51" ten="20,8000,1" yaku="1,1,0,1,7,1,8,1,54,1,53,0" doraHai="128" doraHaiUra="35" who="2" fromWho="2" sc="280,-42,230,-22,220,106,250,-22" /><INIT seed="1,0,0,0,4,50" ten="238,208,326,228" oya="1" hai0="86,49,5,107,97,20,132,85,11,42,43,19,26" hai1="51,12,70,112,60,102,13,35,80,77,103,8,40" hai2="75,28,98,114,131,16,65,32,83,6,59,79,30" hai3="78,122,100,76,120,62,123,14,56,22,21,68,36"/><U124/><E112/><V94/><F114/><W109/><G109/><T121/><D121/><U4/><E35/><V92/><F131/><W119/><G36/><T84/><D132/><U39/><E39/><V117/><F117/><W71/><G119/><T74/><D74/><U61/><E124/><V133/><F133/><W38/><G38/><T46/><D107/><U101/><E13/><V129/><F6/><W9/><G100/><T81/><D97/><U108/><E70/><V15/><F92/><W44/><G44/><T53/><REACH who="0" step="1"/><D81/><REACH who="0" ten="228,208,326,228" step="2"/><U82/><E108/><V17/><F75/><W23/><G78/><T52/><D52/><U64/><E64/><V18/><F83/><W93/><G76/><T89/><D89/><U67/><E67/><V128/><F79/><W0/><G93/><T69/><D69/><U1/><E82/><V25/><F129/><W105/><G105/><T54/><D54/><U47/><REACH who="1" step="1"/><E1/><AGARI ba="0,1" hai="1,5,11,19,20,26,42,43,46,49,53,84,85,86" machi="1" ten="40,2600,0" yaku="1,1,52,1,53,0" doraHai="50" doraHaiUra="134" who="0" fromWho="1" sc="228,36,208,-26,326,0,228,0" /><INIT seed="2,0,0,1,0,92" ten="264,182,326,228" oya="2" hai0="25,114,135,102,71,34,31,49,7,117,111,112,98" hai1="13,83,68,36,47,95,76,15,67,85,81,23,64" hai2="11,126,35,74,133,77,32,106,107,3,128,90,22" hai3="57,94,88,75,132,41,16,108,113,43,12,80,78"/><V63/><F126/><W55/><G132/><T109/><D135/><U42/><E68/><V0/><F133/><W8/><G108/><N who="0" m="41547" /><D71/><U46/><E47/><V39/><F128/><W19/><G19/><T18/><D7/><U99/><E83/><V56/><F39/><W127/><G113/><T1/><D1/><U52/><E52/><V28/><F77/><W51/><REACH who="3" step="1"/><G127/><REACH who="3" ten="264,182,326,218" step="2"/><T29/><D117/><U129/><E129/><V121/><F121/><W59/><G59/><T70/><D70/><U44/><E44/><V24/><F56/><W14/><G14/><T9/><D29/><U122/><E122/><V118/><F0/><W119/><G119/><T38/><D18/><U87/><E87/><AGARI ba="0,1" hai="8,12,16,41,43,51,55,57,75,78,80,87,88,94" machi="87" ten="30,7700,0" yaku="1,1,7,1,54,2,53,0" doraHai="92" doraHaiUra="60" who="3" fromWho="1" sc="264,0,182,-77,326,0,218,87" /><INIT seed="3,0,0,5,4,33" ten="264,105,326,305" oya="3" hai0="111,48,60,65,90,94,15,85,16,130,19,40,88" hai1="122,59,115,100,135,134,10,27,11,125,39,3,89" hai2="14,84,77,98,81,29,9,36,117,108,5,133,31" hai3="7,58,44,126,54,116,18,93,24,66,118,38,4"/><W56/><G126/><T50/><D111/><U121/><E39/><V52/><F108/><W127/><G127/><T30/><D130/><U102/><E125/><V46/><F117/><W96/><G66/><T73/><D30/><N who="2" m="11274" /><F133/><W71/><G71/><T112/><D73/><U78/><E27/><V32/><F32/><W95/><G38/><T91/><D112/><U97/><E115/><V114/><F36/><W41/><G41/><T68/><D40/><U128/><E128/><V51/><F114/><W61/><G44/><T86/><D19/><U49/><E78/><V45/><F98/><W107/><G107/><T20/><REACH who="0" step="1"/><D91/><REACH who="0" ten="254,105,326,305" step="2"/><U37/><E37/><V34/><F34/><W17/><G116/><T131/><D131/><U83/><E89/><V63/><F63/><N who="3" m="36247" /><G118/><T87/><D87/><U21/><E97/><V82/><F84/><W47/><G18/><T132/><D132/><U124/><E124/><V70/><F77/><W92/><G96/><T0/><D0/><U28/><E28/><V101/><F101/><W13/><G24/><T22/><D22/><U109/><E109/><V67/><F67/><N who="3" m="39351" /><G47/><T69/><D69/><U72/><E72/><V104/><F70/><W2/><G2/><T12/><D12/><U25/><E25/><V42/><F104/><W105/><G105/><T119/><D119/><U103/><E3/><V55/><F46/><W23/><AGARI ba="0,1" hai="4,7,13,17,23,92,93,95" m="39351,36247" machi="23" ten="30,1500,0" yaku="8,1" doraHai="33" who="3" fromWho="3" sc="254,-5,105,-5,326,-5,305,25" owari="249,-15.1,100,-40.0,321,12.1,330,43.0" /></mjloggm>