<mjloggm ver="2.3"><GO type="225" lobby="0"/><UN n0="%72%69%6F%75%63%68%61%6E" n1="%33%74%72%65%65" n2="%48%61%61%61%6C%61%6E%64" n3="%E3%81%9F%E3%81%A3%E3%81%A1%E3%82%87" dan="17,17,17,16" rate="2208.53,2151.09,2168.61,2054.40" sx="M,F,M,M"/><TAIKYOKU oya="0"/><INIT seed="0,0,0,2,2,82" ten="250,250,250,250" oya="0" hai0="125,46,80,3,4,26,62,61,86,17,8,41,37" hai1="12,111,16,18,99,122,35,30,72,5,128,23,109" hai2="93,31,113,2,89,107,88,47,43,115,36,70,120" hai3="105,123,102,78,50,130,48,79,34,124,108,19,20"/><T51/><D125/><U29/><E72/><V56/><F120/><W76/><G108/><N who="1" m="41546" /><E99/><V27/><F70/><W133/><G34/><T100/><D100/><U119/><E122/><V55/><F107/><W66/><G123/><T135/><D135/><U91/><E91/><V59/><F2/><W65/><G133/><T22/><REACH who="0" step="1"/><D37/><REACH who="0" ten="240,250,250,250" step="2"/><U116/><E128/><V38/><F36/><W13/><G130/><T118/><D118/><N who="1" m="45099" /><E35/><V101/><F101/><W68/><G124/><T117/><D117/><U127/><E127/><V81/><F113/><W134/><G102/><T96/><D96/><U131/><E131/><V75/><F115/><W126/><G134/><T74/><D74/><U106/><E106/><V95/><F75/><W32/><G105/><T57/><D57/><U114/><E114/><V84/><F56/><W129/><G126/><T85/><D85/><U90/><E90/><AGARI ba="0,1" hai="3,4,8,17,22,26,41,46,51,61,62,80,86,90" machi="90" ten="30,11600,0" yaku="1,1,7,1,52,1,53,1" doraHai="82" doraHaiUra="7" who="0" fromWho="1" sc="240,126,250,-116,250,0,250,0" /><INIT seed="0,1,0,2,2,76" ten="366,134,250,250" oya="0" hai0="19,92,69,119,81,103,85,128,98,54,67,53,37" hai1="25,31,75,46,117,105,124,45,107,77,132,10,71" hai2="101,94,0,26,5,121,58,40,55,131,116,12,59" hai3="29,87,130,60,62,73,43,120,7,20,72,90,41"/><T109/><D119/><U111/><E117/><V114/><F116/><W89/><G130/><T125/><D125/><U96/><E124/><V15/><F121/><W79/><G120/><T9/><D128/><U24/><E111/><V93/><F131/><W70/><G7/><T22/><D37/><U56/><E71/><V74/><F74/><W108/><G108/><T104/><D109/><U66/><E132/><V52/><F0/><W83/><G72/><T44/><D44/><U21/><E10/><N who="2" m="4175" /><F40/><N who="3" m="15435" /><G70/><T82/><D9/><U61/><E25/><V42/><F42/><W6/><G6/><T27/><D104/><U39/><E39/><V100/><F26/><N who="3" m="16583" /><G73/><T64/><D69/><U16/><E31/><V135/><F114/><W88/><AGARI ba="1,0" hai="60,62,79,83,87,88,89,90" m="16583,15435" machi="88" ten="30,4000,0" yaku="8,1,52,1,54,1" doraHai="76" who="3" fromWho="3" sc="366,-21,134,-11,250,-11,250,43" /><INIT seed="1,0,0,5,0,99" ten="345,123,239,293" oya="1" hai0="112,114,40,133,10,16,23,110,97,6,119,27,47" hai1="127,134,57,89,61,71,120,7,113,2,91,42,28" hai2="131,24,72,11,22,93,123,102,74,81,60,106,32" hai3="38,1,29,94,8,34,130,58,76,84,116,20,63"/><U62/><E113/><V105/><F123/><W54/><G34/><T44/><D119/><U37/><E120/><V75/><F32/><W31/><G38/><T55/><D110/><U68/><E28/><V41/><F41/><W83/><G130/><T88/><D133/><U101/><E134/><V51/><F51/><W5/><G116/><T85/><D97/><U43/><E37/><V64/><F11/><W125/><G125/><T109/><D109/><U49/><E49/><V115/><F131/><W79/><G79/><T14/><D55/><U12/><E127/><V9/><F9/><W96/><REACH who="3" step="1"/><G20/><REACH who="3" ten="345,123,239,283" step="2"/><T104/><D104/><U39/><E39/><V53/><F105/><W111/><G111/><T121/><D121/><U50/><E50/><V87/><F106/><W48/><G48/><T45/><REACH who="0" step="1"/><D40/><REACH who="0" ten="335,123,239,283" step="2"/><U69/><E43/><V92/><F115/><W73/><G73/><T117/><D117/><U80/><E42/><V78/><F72/><W103/><AGARI ba="0,2" hai="1,5,8,29,31,54,58,63,76,83,84,94,96,103" machi="103" ten="20,5200,0" yaku="1,1,0,1,7,1,52,1,53,0" doraHai="99" doraHaiUra="17" who="3" fromWho="3" sc="335,-13,123,-26,239,-13,283,72" /><INIT seed="2,0,0,0,5,53" ten="322,97,226,355" oya="2" hai0="111,98,135,10,71,13,64,88,8,45,74,120,92" hai1="89,104,37,93,132,21,94,122,106,39,123,44,97" hai2="100,59,18,38,15,46,50,48,32,75,68,114,103" hai3="117,52,16,9,11,90,130,12,91,65,35,131,76"/><V20/><F114/><W42/><G35/><T17/><D120/><N who="1" m="46123" /><E44/><V5/><F68/><W81/><G42/><T124/><D111/><U72/><E21/><V36/><F75/><N who="3" m="43167" /><G65/><T2/><D124/><U119/><E39/><V49/><F32/><W41/><G41/><T73/><D135/><U126/><E37/><V27/><F36/><W109/><G109/><T96/><D96/><N who="1" m="57391" /><E132/><V70/><F70/><W115/><G52/><T80/><D80/><U40/><E40/><N who="2" m="24647" /><F38/><W23/><G115/><T116/><D116/><U7/><E7/><V110/><F110/><W1/><G117/><T84/><D98/><U107/><E119/><V28/><F28/><W14/><G1/><T105/><D105/><N who="1" m="26883" /><U3/><DORA hai="60" /><E3/><V133/><F133/><W87/><G23/><T51/><D71/><U26/><E26/><V118/><F118/><W43/><G43/><T54/><REACH who="0" step="1"/><D64/><REACH who="0" ten="312,97,226,355" step="2"/><U31/><E126/><V78/><F103/><W22/><G130/><T34/><D34/><U101/><E31/><V121/><F100/><W102/><G131/><T25/><D25/><U47/><E47/><V79/><F121/><W24/><G102/><T29/><D29/><U134/><E134/><V56/><F27/><W19/><G24/><T83/><D83/><U113/><E113/><V86/><F56/><W95/><G22/><T127/><D127/><U58/><E58/><V57/><F57/><W128/><G128/><T0/><D0/><U129/><E129/><V125/><F125/><W6/><G9/><T63/><D63/><U99/><E99/><V108/><F59/><W67/><G67/><RYUUKYOKU ba="0,1" sc="312,15,97,15,226,-15,355,-15" hai0="2,8,10,13,17,45,51,54,73,74,84,88,92" hai1="72,94,97,101" /><INIT seed="3,1,1,0,4,3" ten="327,112,211,340" oya="3" hai0="28,60,103,76,59,108,123,95,64,45,10,98,53" hai1="13,27,49,114,80,129,51,34,44,134,117,110,99" hai2="12,84,106,111,42,71,19,25,26,61,91,74,77" hai3="94,101,62,17,115,105,119,31,75,14,9,79,39"/><W33/><G39/><T133/><D123/><U107/><E114/><V6/><F111/><W66/><G105/><T23/><D108/><U90/><E110/><V8/><F106/><W131/><G115/><T128/><D128/><U88/><E129/><V47/><F74/><W15/><G119/><T127/><D127/><U85/><E117/><V11/><F61/><W130/><G79/><T83/><D133/><U104/><E134/><V70/><F25/><W68/><G75/><T78/><D10/><U18/><E34/><V118/><F118/><W81/><G81/><T24/><D83/><U1/><E1/><V46/><F77/><N who="0" m="29802" /><D45/><U92/><E27/><V38/><F46/><W35/><G35/><T93/><D93/><U121/><E121/><V30/><F30/><W67/><G67/><AGARI ba="1,1" hai="23,24,28,53,59,60,64,67,95,98,103" m="29802" machi="67" ten="30,1000,0" yaku="8,1" doraHai="3" who="0" fromWho="3" sc="327,23,112,0,211,0,340,-13" owari="350,45.0,112,-38.8,211,-18.9,327,12.7" /></mjloggm>