<mjloggm ver="2.3"><GO type="225" lobby="0"/><UN n0="%E9%A2%A8%E7%B8%AB" n1="%E3%81%99%E3%81%84%E3%81%BE%E3%81%9B%E3%83%BC%E3%82%93" n2="%E3%81%A4%E3%81%A3%E3%81%B1%E3%82%8A%E3%83%9D%E3%83%BC%E3%83%AB" n3="%4C%4F%4C%49%54%41" dan="16,18,17,16" rate="2107.20,2274.04,2229.40,2167.28" sx="M,M,M,F"/><TAIKYOKU oya="0"/><INIT seed="0,0,0,1,1,63" ten="250,250,250,250" oya="0" hai0="41,87,98,134,60,11,131,20,80,122,71,45,54" hai1="96,68,112,10,22,77,23,5,8,82,9,111,109" hai2="88,120,79,49,83,81,132,65,105,108,50,26,51" hai3="39,128,0,92,1,13,135,107,6,118,69,33,7"/><T32/><D122/><U37/><E37/><V46/><F120/><W99/><G118/><T59/><D32/><U114/><E68/><V74/><F105/><W34/><G39/><T130/><D11/><N who="1" m="4171" /><E96/><V133/><F108/><N who="1" m="41545" /><E82/><V12/><F12/><W47/><G107/><T70/><D20/><N who="1" m="7723" /><E77/><V127/><F81/><W38/><G69/><T76/><D98/><U27/><E27/><V119/><F26/><W4/><G38/><N who="0" m="21687" /><D134/><U40/><E40/><V67/><F119/><W35/><G135/><N who="2" m="51785" /><F46/><W121/><G47/><T85/><D85/><U117/><E117/><V2/><F79/><W19/><G121/><T86/><D86/><U52/><E52/><V14/><F74/><W125/><G99/><T61/><D61/><U103/><E103/><V102/><F102/><W58/><G13/><AGARI ba="0,0" hai="5,10,13,112,114" m="7723,41545,4171" machi="13" ten="30,3900,0" yaku="14,1,34,2" doraHai="63" who="1" fromWho="3" sc="250,0,250,39,250,0,250,-39" /><INIT seed="1,0,0,5,3,18" ten="250,289,250,211" oya="1" hai0="96,21,86,93,77,87,10,107,84,38,112,9,129" hai1="88,25,116,47,71,113,101,134,75,41,126,34,80" hai2="32,54,135,67,31,90,5,83,105,49,81,7,66" hai3="36,114,94,48,133,98,121,57,108,4,128,40,130"/><U24/><E113/><V12/><F105/><W74/><G121/><T97/><D38/><U99/><E116/><V78/><F135/><W55/><G114/><T42/><D42/><U118/><E118/><V82/><F78/><W26/><G74/><T15/><D129/><N who="3" m="49769" /><G108/><T70/><D70/><U65/><E126/><V64/><F32/><W52/><G133/><T119/><D119/><U53/><E53/><V3/><F3/><W62/><G4/><N who="2" m="1609" /><F31/><W131/><N who="3" m="49777" /><W60/><DORA hai="14" /><G26/><T30/><D107/><U124/><E124/><V1/><F1/><W120/><G120/><T45/><D45/><U89/><E24/><V125/><F125/><W73/><G73/><T27/><D97/><U44/><E134/><V61/><F12/><W37/><G40/><T100/><D112/><U29/><E75/><V110/><F110/><W17/><G17/><N who="0" m="8431" /><D10/><U95/><E41/><V63/><F90/><N who="3" m="55639" /><G62/><T43/><D43/><U102/><E89/><V79/><F79/><AGARI ba="0,0" hai="21,27,30,77,79,84,86,87,93,96,100" m="8431" machi="79" ten="30,3900,0" yaku="8,1,52,2" doraHai="18,14" who="0" fromWho="2" sc="250,39,289,0,250,-39,211,0" /><INIT seed="2,0,0,0,2,57" ten="289,289,211,211" oya="2" hai0="1,27,38,105,18,52,17,61,129,123,127,79,81" hai1="55,130,54,19,107,16,131,126,59,74,48,89,31" hai2="94,103,88,77,111,120,23,37,63,98,67,106,2" hai3="65,62,47,7,95,119,68,113,110,117,116,41,133"/><V83/><F120/><W6/><G110/><T114/><D105/><U42/><E126/><V30/><F2/><W85/><G133/><T14/><D1/><U97/><E74/><V122/><F37/><W46/><G113/><T4/><D38/><U125/><E125/><V43/><F43/><W76/><G47/><T25/><D114/><U40/><E31/><V21/><F122/><W58/><G68/><T29/><D127/><U12/><E55/><V80/><F111/><W36/><REACH who="3" step="1"/><G95/><REACH who="3" ten="289,289,211,201" step="2"/><T60/><D123/><U104/><E104/><V5/><F5/><W99/><G99/><T115/><D115/><U39/><E107/><V22/><F30/><W32/><G32/><T124/><D124/><U82/><E97/><V24/><F24/><W35/><G35/><T44/><D27/><U20/><E19/><V0/><F0/><W86/><G86/><T45/><D18/><U51/><E16/><V135/><F135/><W93/><G93/><T70/><D17/><U13/><E13/><V49/><F106/><W72/><G72/><T50/><D25/><U56/><E12/><V96/><F96/><W64/><G64/><N who="0" m="41223" /><D29/><U108/><E108/><V9/><F9/><W75/><G75/><N who="0" m="43263" /><D45/><U92/><E92/><V33/><F33/><W73/><G73/><T8/><D129/><U10/><E10/><V128/><F128/><W11/><G11/><T3/><D3/><U66/><E131/><V101/><F98/><W118/><N who="3" m="29696" /><DORA hai="132" /><W134/><G134/><T34/><D34/><U87/><E130/><V71/><F71/><W100/><G100/><T69/><D69/><RYUUKYOKU ba="0,1" sc="289,15,289,-15,211,-15,201,15" hai0="4,8,14,44,50,52,61" hai3="6,7,36,41,46,58,62,65,76,85" /><INIT seed="3,1,1,3,4,30" ten="304,274,196,216" oya="3" hai0="43,130,106,61,44,128,102,82,41,55,29,49,12" hai1="58,24,95,53,6,134,91,50,79,26,90,96,28" hai2="125,68,21,64,133,39,86,60,103,122,116,111,10" hai3="45,87,25,81,23,15,65,19,119,11,31,89,98"/><W56/><G119/><T124/><D124/><U9/><E134/><V77/><F116/><W36/><G36/><T126/><D29/><U1/><E79/><V93/><F39/><W62/><G45/><T100/><D82/><U118/><E118/><V109/><F125/><W131/><G131/><N who="0" m="50219" /><D106/><U7/><E7/><V121/><F133/><W17/><REACH who="3" step="1"/><G98/><REACH who="3" ten="304,274,196,206" step="2"/><T59/><D126/><U33/><E26/><V16/><F10/><W75/><G75/><T67/><D12/><U85/><E85/><V27/><F77/><W123/><G123/><N who="2" m="47113" /><F86/><W4/><AGARI ba="1,2" hai="4,11,15,17,19,23,25,31,56,62,65,81,87,89" machi="4" ten="20,12000,1" yaku="1,1,0,1,7,1,8,1,53,1" doraHai="30" doraHaiUra="8" who="3" fromWho="3" sc="304,-41,274,-41,196,-41,206,143" owari="263,6.3,233,-16.7,155,-34.5,349,44.9" /></mjloggm>