<mjloggm ver="2.3"><GO type="225" lobby="0"/><UN n0="%E9%A2%A8%E3%81%A7%E9%B3%B4%E3%81%8F" n1="%E3%81%8B%E3%82%8F%E3%81%A1%E3%82%83%E3%82%93%35%38" n2="%E3%81%A8%E3%82%93%E3%81%A8%E3%81%93%E3%81%A8%E3%82%93" n3="%E3%82%BC%E3%83%AB%E3%83%80%E3%81%AE%E4%BC%9D%E8%AA%AC" dan="16,16,16,17" rate="2158.29,2180.00,2164.60,2179.08" sx="M,M,F,M"/><TAIKYOKU oya="0"/><INIT seed="0,0,0,2,2,74" ten="250,250,250,250" oya="0" hai0="14,92,117,31,108,54,84,128,15,103,60,116,99" hai1="100,107,112,18,72,87,121,127,76,95,82,124,21" hai2="126,101,118,7,27,6,130,52,19,75,10,20,119" hai3="78,64,23,25,66,55,63,24,62,9,46,104,79"/><T33/><D128/><U111/><E18/><V81/><F130/><W89/><G104/><T134/><D134/><U53/><E53/><V114/><F114/><W61/><G9/><T4/><D108/><U38/><E21/><V13/><F101/><W29/><G89/><T35/><D4/><U42/><E42/><V49/><F126/><N who="1" m="48169" /><E38/><V88/><F6/><W102/><G102/><T113/><D113/><U0/><E0/><V26/><F26/><W41/><G55/><T69/><D116/><U65/><E65/><N who="3" m="25194" /><G25/><T97/><D117/><N who="2" m="44554" /><F75/><W16/><G29/><T3/><D3/><U50/><E50/><AGARI ba="0,0" hai="16,23,24,41,46,50,61,62,63,78,79" m="25194" machi="50" ten="30,7700,0" yaku="8,1,52,2,54,1" doraHai="74" who="3" fromWho="1" sc="250,0,250,-77,250,0,250,77" /><INIT seed="1,0,0,3,1,39" ten="250,173,250,327" oya="1" hai0="108,72,116,66,76,122,5,36,104,68,15,92,44" hai1="113,103,109,19,64,91,53,35,25,73,24,126,45" hai2="58,110,55,95,86,30,16,82,26,23,61,50,124" hai3="134,37,117,28,42,96,18,9,70,97,90,80,89"/><U127/><E113/><V67/><F110/><W2/><G70/><T14/><D116/><U106/><E73/><V32/><F124/><N who="1" m="47657" /><E35/><V88/><F82/><W125/><G125/><T27/><D104/><U132/><E64/><V75/><F75/><W12/><G117/><T107/><D107/><U129/><E103/><V135/><F135/><W6/><G134/><T59/><D68/><U51/><E106/><V114/><F114/><W57/><G57/><T38/><D66/><U21/><E132/><V115/><F115/><W71/><G71/><T128/><D72/><U102/><E102/><V3/><F3/><W47/><G28/><T81/><D76/><U22/><E129/><V93/><F95/><W54/><G54/><T34/><D92/><U60/><E109/><V1/><F1/><W62/><G62/><T7/><D81/><U41/><E91/><V111/><F111/><W63/><G63/><T123/><D34/><U0/><E0/><V120/><F120/><W100/><G100/><T118/><D128/><U87/><E87/><V33/><F30/><W99/><G80/><T94/><D94/><U131/><E131/><V112/><REACH who="2" step="1"/><F112/><REACH who="2" ten="250,173,240,327" step="2"/><W79/><REACH who="3" step="1"/><G79/><REACH who="3" ten="250,173,240,317" step="2"/><T83/><D108/><U31/><E60/><V56/><AGARI ba="0,2" hai="16,23,26,32,33,50,55,56,58,61,67,86,88,93" machi="56" ten="20,12000,2" yaku="1,1,2,1,0,1,7,1,54,2,53,0" doraHai="39" doraHaiUra="11" who="2" fromWho="2" sc="250,-30,173,-60,240,140,317,-30" /><INIT seed="2,0,0,3,5,0" ten="220,113,380,287" oya="2" hai0="4,14,22,74,83,121,3,87,130,24,37,84,97" hai1="90,35,95,25,51,77,39,62,101,69,99,45,115" hai2="5,103,65,79,34,112,108,63,124,135,21,19,38" hai3="48,126,53,73,20,42,111,88,109,58,59,50,55"/><V98/><F34/><W71/><G73/><T16/><D37/><U7/><E115/><V78/><F112/><W61/><G20/><T8/><D121/><U32/><E39/><V10/><F38/><W107/><G107/><T29/><D130/><U133/><E133/><V26/><F124/><W123/><G88/><T114/><D114/><U54/><E77/><V60/><F108/><N who="3" m="41547" /><G123/><T128/><D128/><U89/><E32/><V105/><F135/><W81/><G81/><T127/><D127/><U66/><E35/><V64/><F63/><W13/><G13/><T2/><D2/><U43/><E25/><V100/><F103/><W92/><G92/><T119/><D119/><U15/><REACH who="1" step="1"/><E43/><REACH who="1" ten="220,103,380,287" step="2"/><V31/><F78/><W125/><G42/><T36/><D36/><U129/><E129/><V117/><F79/><W96/><G126/><T68/><D74/><U116/><E116/><V11/><F117/><W110/><G125/><T120/><D120/><U122/><E122/><V9/><F26/><W70/><G110/><T94/><D83/><U93/><E93/><V82/><F82/><W6/><G70/><T106/><D68/><U75/><E75/><V44/><F105/><W57/><G71/><T30/><D106/><U132/><E132/><V40/><F40/><W1/><G50/><T80/><D80/><U23/><E23/><V17/><F21/><W33/><G48/><T113/><D113/><U134/><E134/><V47/><F65/><W41/><G41/><T28/><REACH who="0" step="1"/><D24/><REACH who="0" ten="210,103,380,287" step="2"/><U52/><E52/><V76/><F76/><W67/><G55/><T18/><D18/><RYUUKYOKU ba="0,2" sc="210,15,103,15,380,-15,287,-15" hai0="3,4,8,14,16,22,28,29,30,84,87,94,97" hai1="7,15,45,51,54,62,66,69,89,90,95,99,101" /><INIT seed="3,1,2,1,4,22" ten="225,118,365,272" oya="3" hai0="55,77,86,44,13,88,106,17,75,24,132,120,5" hai1="131,7,48,0,16,36,54,82,87,72,43,42,14" hai2="134,81,102,33,104,95,6,94,28,18,69,26,8" hai3="127,47,123,124,125,15,61,89,76,98,78,83,65"/><W115/><G115/><T103/><D120/><U12/><E131/><V3/><F134/><W52/><G123/><T29/><D132/><U105/><E105/><V2/><F2/><W114/><G114/><T39/><D5/><U11/><E72/><V71/><F81/><W133/><G133/><T30/><D30/><U32/><E32/><V19/><F104/><W50/><G15/><T67/><D67/><U59/><E36/><V135/><F135/><W97/><G89/><T128/><D128/><U25/><E0/><V38/><F38/><W110/><G110/><T21/><D39/><U20/><REACH who="1" step="1"/><E12/><REACH who="1" ten="225,108,365,272" step="2"/><V79/><F3/><W91/><G125/><T129/><D129/><U109/><E109/><V56/><F33/><W74/><G74/><T121/><D121/><U40/><E40/><V31/><F71/><W46/><G124/><T113/><D113/><U60/><E60/><V111/><F69/><W35/><G61/><T122/><D122/><U66/><E66/><V41/><F41/><W100/><G65/><T64/><D64/><U93/><E93/><V37/><F95/><W23/><G35/><T92/><D75/><U27/><E27/><V68/><F94/><W84/><G127/><T57/><D106/><U96/><E96/><V1/><F26/><W107/><G97/><T117/><D24/><U49/><E49/><V101/><F1/><W45/><G98/><T62/><D13/><U130/><E130/><V10/><F37/><W90/><G50/><T51/><D62/><U58/><E58/><V119/><F111/><W4/><G107/><T99/><D99/><RYUUKYOKU ba="1,3" sc="225,-10,108,30,365,-10,272,-10" hai1="7,11,14,16,20,25,42,43,48,54,59,82,87" owari="215,-18.5,138,-36.2,385,48.5,262,6.2" /></mjloggm>