<mjloggm ver="2.3"><GO type="225" lobby="0"/><UN n0="%4D%6F%6E%61%6E%61" n1="%E3%83%94%E3%83%B3%E3%82%B5%E3%83%AD%E5%BA%97%E5%93%A1" n2="%4B%2E%32%2E%4B%2E" n3="%72%69%6F%75%63%68%61%6E" dan="16,16,16,16" rate="2130.22,2201.21,2131.43,2178.08" sx="F,M,M,M"/><TAIKYOKU oya="0"/><INIT seed="0,0,0,2,0,47" ten="250,250,250,250" oya="0" hai0="33,115,4,96,108,0,21,38,122,25,32,18,83" hai1="104,48,106,61,100,29,135,130,45,58,42,133,26" hai2="63,19,74,12,37,70,30,28,95,116,7,127,77" hai3="11,120,71,22,97,64,119,20,73,101,56,93,102"/><T91/><D115/><U117/><E117/><V111/><F37/><W41/><G119/><T8/><D38/><U99/><E130/><V51/><F116/><W75/><G120/><T132/><D122/><U17/><E17/><V40/><F111/><W87/><G71/><T88/><D132/><U43/><E43/><V65/><F7/><W67/><G41/><T6/><D6/><U34/><REACH who="1" step="1"/><E106/><REACH who="1" ten="250,240,250,250" step="2"/><V68/><F19/><W36/><G36/><T44/><D108/><U15/><E15/><V105/><F12/><W129/><G129/><T35/><D83/><U86/><E86/><V31/><F105/><W60/><G87/><T109/><D109/><U92/><E92/><V84/><F95/><W76/><G75/><T98/><REACH who="0" step="1"/><D44/><REACH who="0" ten="240,240,250,250" step="2"/><U131/><E131/><V118/><F118/><W10/><G73/><T124/><D124/><U94/><E94/><V66/><F127/><W121/><G121/><T128/><D128/><U79/><E79/><V81/><F74/><W90/><G76/><T13/><D13/><U23/><E23/><V112/><F77/><W16/><G22/><T50/><D50/><U5/><E5/><V55/><F81/><W123/><G123/><T107/><D107/><U3/><E3/><V49/><F49/><W126/><G126/><T14/><D14/><U114/><E114/><V85/><F112/><W78/><G78/><T52/><D52/><AGARI ba="0,2" hai="26,29,34,42,45,48,52,58,61,99,100,104,133,135" machi="52" ten="40,5200,0" yaku="1,1,52,1,54,1,53,0" doraHai="47" doraHaiUra="134" who="1" fromWho="0" sc="240,-52,240,72,250,0,250,0" /><INIT seed="1,0,0,0,2,54" ten="188,312,250,250" oya="1" hai0="95,13,133,43,5,20,118,22,80,44,1,75,25" hai1="55,108,23,35,134,28,29,42,127,126,40,45,119" hai2="68,96,32,132,70,112,38,78,88,106,124,122,52" hai3="130,37,63,92,7,24,34,93,84,2,19,46,18"/><U53/><E119/><V89/><F122/><W15/><G130/><T91/><D118/><U50/><E35/><V33/><F38/><W111/><G111/><T82/><D133/><U16/><E134/><V135/><F78/><W72/><G72/><T10/><D75/><U113/><E113/><V86/><F112/><W87/><G63/><T30/><D20/><U11/><E108/><V61/><F124/><N who="1" m="47657" /><E11/><V69/><F32/><W85/><G2/><T74/><D74/><U8/><E8/><V27/><F96/><W79/><G79/><T6/><D6/><U94/><E94/><N who="3" m="36458" /><G34/><T73/><D1/><U128/><E55/><V81/><F106/><W101/><G37/><T129/><D73/><U83/><E83/><V90/><F135/><W60/><G101/><T0/><D0/><U12/><E128/><V120/><F120/><W3/><G3/><T125/><D129/><U71/><E71/><V26/><F132/><W56/><G46/><T115/><D125/><U9/><E23/><V107/><F107/><W51/><G51/><T58/><D115/><U116/><E116/><V17/><F33/><W104/><G104/><T102/><D102/><U48/><E42/><V59/><REACH who="2" step="1"/><F27/><REACH who="2" ten="188,312,240,250" step="2"/><W117/><G24/><T109/><D109/><U57/><AGARI ba="0,1" hai="9,12,16,28,29,40,45,48,50,53,57" m="47657" machi="57" ten="30,6000,0" yaku="18,1,52,1,54,1" doraHai="54" who="1" fromWho="1" sc="188,-20,312,70,240,-20,250,-20" /><INIT seed="1,1,0,3,4,63" ten="168,382,220,230" oya="1" hai0="67,124,71,69,59,122,88,14,66,36,55,87,82" hai1="84,37,28,126,83,9,52,104,133,89,5,39,116" hai2="98,16,10,11,64,78,58,33,79,105,41,7,121" hai3="102,75,68,65,35,40,112,95,101,100,110,125,111"/><U90/><E116/><V132/><F121/><W29/><G112/><T0/><D0/><U117/><E117/><V31/><F132/><W4/><G125/><T118/><D118/><U42/><E104/><V60/><F41/><W94/><G75/><T8/><D122/><U96/><E28/><V99/><F33/><W114/><G114/><T73/><D36/><U43/><E133/><V130/><F31/><W56/><G68/><T77/><D124/><U15/><E126/><V70/><F70/><W20/><G35/><T50/><D71/><U80/><E39/><V106/><F130/><W85/><G4/><T44/><D69/><U51/><E37/><V93/><F105/><W38/><G85/><N who="0" m="48335" /><D59/><U81/><E96/><V45/><F45/><N who="3" m="23703" /><G29/><T46/><D46/><N who="1" m="27767" /><E90/><V17/><F99/><W103/><G20/><T27/><D27/><U34/><E34/><V57/><F57/><W21/><G21/><T22/><D22/><U13/><E13/><N who="2" m="5343" /><F106/><W128/><N who="3" m="25600" /><DORA hai="23" /><W26/><G26/><T6/><D73/><U61/><E61/><V129/><F129/><W72/><G72/><T54/><D54/><U32/><E32/><V74/><F74/><W47/><G128/><T12/><D12/><U97/><E97/><V134/><F134/><W119/><G119/><T24/><D24/><U123/><E123/><V108/><F98/><W49/><G47/><T86/><D86/><U92/><AGARI ba="1,0" hai="5,9,15,42,43,80,81,83,84,89,92" m="27767" machi="92" ten="30,3000,0" yaku="8,1,54,1" doraHai="63,23" who="1" fromWho="1" sc="168,-11,382,33,220,-11,230,-11" /><INIT seed="1,2,0,0,3,64" ten="157,415,209,219" oya="1" hai0="3,31,112,88,16,110,107,74,58,133,109,98,51" hai1="43,120,35,30,80,129,14,97,28,102,20,52,66" hai2="13,33,57,113,93,17,32,59,106,50,41,6,111" hai3="48,0,47,38,67,101,24,54,7,45,71,15,89"/><U25/><E120/><V62/><F106/><W134/><G0/><T124/><D112/><U42/><E129/><V81/><F113/><W5/><G134/><T72/><D133/><U69/><E80/><V10/><F111/><N who="0" m="42506" /><D124/><U18/><E30/><V84/><F93/><W12/><G101/><T11/><D31/><U29/><E29/><V27/><F33/><W96/><G24/><T86/><D107/><N who="1" m="63951" /><E52/><N who="2" m="31895" /><F32/><W23/><G38/><T26/><D98/><U126/><E126/><V77/><F41/><W68/><G45/><T37/><D37/><U105/><E105/><V46/><F46/><W1/><G1/><T119/><D119/><U8/><E20/><V90/><F27/><W135/><G135/><T100/><D100/><U63/><AGARI ba="2,0" hai="8,14,18,25,28,35,42,43,63,66,69" m="63951" machi="63" ten="30,3000,0" yaku="25,1,52,1" doraHai="64" who="1" fromWho="1" sc="157,-12,415,36,209,-12,219,-12" /><INIT seed="1,3,0,4,5,12" ten="145,451,197,207" oya="1" hai0="7,98,73,43,24,37,119,29,86,0,22,120,109" hai1="132,101,35,116,4,39,25,11,76,68,102,27,45" hai2="122,63,129,13,30,114,41,71,46,60,47,115,23" hai3="6,90,54,81,31,42,34,16,36,78,93,58,133"/><U61/><E116/><V50/><F122/><W121/><G121/><T21/><D120/><U74/><E132/><V131/><F71/><W125/><G133/><T62/><D119/><U112/><E112/><N who="2" m="43051" /><F30/><W124/><G6/><T96/><D109/><U5/><E5/><V48/><F23/><W130/><G130/><N who="2" m="49673" /><F13/><W135/><G135/><T52/><D73/><U134/><E27/><V15/><F15/><W126/><G42/><AGARI ba="3,0" hai="41,42,46,47,48,50,60,63" m="49673,43051" machi="42" ten="30,7700,0" yaku="11,1,19,1,34,2" doraHai="12" who="2" fromWho="3" sc="145,0,451,0,197,86,207,-86" /><INIT seed="2,0,0,4,5,40" ten="145,451,283,121" oya="2" hai0="59,6,80,119,58,32,22,73,89,127,121,84,12" hai1="18,135,87,26,70,81,7,68,111,117,110,50,82" hai2="28,130,122,2,53,78,35,66,41,71,96,93,20" hai3="92,38,51,113,103,90,74,72,98,15,88,67,13"/><V52/><F122/><W30/><G38/><T104/><D32/><U85/><E117/><V108/><F35/><W79/><G113/><T95/><D104/><U65/><E7/><V42/><F2/><W54/><G67/><T115/><D115/><U109/><E135/><V4/><F4/><W76/><G30/><T55/><D121/><U94/><E94/><V97/><F78/><N who="3" m="29739" /><G72/><T37/><D37/><U5/><E5/><V134/><F130/><W57/><G74/><T107/><D107/><U48/><E18/><V14/><F66/><W1/><G1/><T9/><D127/><U120/><E26/><V0/><F0/><W24/><G24/><T106/><D106/><U86/><E120/><V60/><F71/><N who="1" m="27177" /><E65/><V19/><F97/><W118/><G118/><T75/><D119/><U133/><E133/><V99/><F134/><W27/><G27/><T101/><D73/><U64/><E64/><V129/><F28/><W63/><G63/><T112/><D112/><U114/><E114/><V39/><F99/><W46/><G57/><T36/><D75/><U45/><E50/><V3/><F3/><W116/><G116/><T31/><D36/><U132/><E132/><V8/><F39/><W43/><G54/><AGARI ba="0,0" hai="45,48,54,81,82,85,86,87,109,110,111" m="27177" machi="54" ten="40,2600,0" yaku="14,1,52,1" doraHai="40" who="1" fromWho="3" sc="145,0,451,26,283,0,121,-26" /><INIT seed="3,0,0,2,5,17" ten="145,477,283,95" oya="3" hai0="11,110,98,44,76,85,109,19,74,34,16,111,0" hai1="10,9,7,112,84,22,2,8,115,125,133,100,62" hai2="27,42,123,12,107,35,96,49,46,28,87,61,97" hai3="77,120,32,93,58,75,81,29,89,80,128,126,43"/><W124/><G120/><T18/><D74/><U69/><E133/><V130/><F107/><W37/><G128/><T134/><D134/><U55/><E125/><N who="3" m="48234" /><G80/><N who="0" m="47239" /><D34/><U15/><E100/><V36/><F123/><W47/><G58/><T56/><D44/><U119/><E119/><V63/><F130/><W45/><G47/><T67/><D98/><U116/><E116/><V60/><F46/><W101/><G101/><T13/><D0/><U68/><E10/><V103/><F103/><W31/><G32/><T33/><D33/><U6/><E84/><AGARI ba="0,0" hai="29,31,37,43,45,75,77,81,84,89,93" m="48234" machi="84" ten="30,1500,0" yaku="18,1" doraHai="17" who="3" fromWho="1" sc="145,0,477,-15,283,0,95,15" /><INIT seed="3,1,0,4,1,73" ten="145,462,283,110" oya="3" hai0="19,114,127,95,7,9,111,3,35,51,48,59,20" hai1="45,102,131,28,54,130,21,110,92,8,132,40,133" hai2="38,125,17,81,53,13,26,16,79,25,128,63,32" hai3="106,36,93,78,10,85,89,84,103,65,76,12,24"/><W86/><G36/><T2/><D111/><U39/><E110/><V56/><F32/><W68/><G106/><T134/><D35/><U62/><E8/><V1/><F1/><W113/><G113/><T122/><D122/><U112/><E112/><V71/><F71/><W31/><G103/><T14/><D114/><U104/><E104/><V23/><F38/><W61/><G86/><T135/><D127/><U129/><E28/><V60/><F128/><W80/><G85/><T11/><D95/><U22/><E54/><V69/><F125/><W99/><G10/><T108/><D108/><U49/><E62/><V87/><F69/><W91/><G12/><T50/><D59/><U66/><E66/><V82/><F63/><W90/><REACH who="3" step="1"/><G89/><REACH who="3" ten="145,462,283,100" step="2"/><T109/><D109/><U72/><E39/><V41/><F13/><W29/><G29/><T96/><D96/><N who="1" m="59655" /><E72/><V83/><F87/><W70/><G70/><T67/><D67/><U101/><E101/><V97/><F97/><W33/><AGARI ba="1,1" hai="24,31,33,61,65,68,76,78,80,84,90,91,93,99" machi="33" ten="20,12000,1" yaku="1,1,0,1,7,1,52,2,53,0" doraHai="73" doraHaiUra="37" who="3" fromWho="3" sc="145,-41,462,-41,283,-41,100,133" /><INIT seed="3,2,0,2,5,18" ten="104,421,242,233" oya="3" hai0="1,21,6,46,60,122,30,126,96,61,91,57,34" hai1="132,64,42,121,70,110,23,36,120,58,69,85,32" hai2="87,29,108,14,125,53,77,117,12,130,83,25,50" hai3="59,0,22,119,129,131,97,109,51,26,78,63,11"/><W48/><G119/><T90/><D122/><U27/><E32/><V118/><F108/><W41/><G78/><T100/><D126/><U133/><E110/><V80/><F125/><W19/><G109/><T113/><D113/><U5/><E5/><V44/><F130/><N who="3" m="49675" /><G41/><T71/><D1/><U127/><E127/><V3/><F3/><W16/><G97/><T104/><D6/><U33/><E33/><V92/><F92/><W2/><G2/><T114/><D114/><U105/><E105/><V20/><F12/><N who="3" m="7199" /><G0/><T111/><D111/><U55/><E85/><V35/><F35/><W68/><G68/><N who="1" m="26218" /><E42/><V123/><F123/><W39/><G39/><T31/><D34/><U52/><E36/><V65/><F14/><W74/><G74/><T94/><D71/><U72/><E72/><V66/><F118/><W81/><G81/><T47/><D104/><U10/><E10/><V88/><F117/><W107/><G107/><T79/><D79/><U101/><E121/><V102/><F102/><W9/><G9/><T17/><D91/><U56/><E101/><V13/><F13/><W8/><G8/><T38/><D100/><U98/><E98/><V134/><F134/><W15/><G15/><T84/><D38/><U124/><E120/><V82/><F82/><W73/><G73/><AGARI ba="2,0" hai="20,25,29,44,50,53,65,66,73,77,80,83,87,88" machi="73" ten="30,3900,0" yaku="7,1,52,1,54,1" doraHai="18" who="2" fromWho="3" sc="104,0,421,0,242,45,233,-45" owari="104,-39.6,421,52.1,287,8.7,188,-21.2" /></mjloggm>