<mjloggm ver="2.3"><GO type="225" lobby="0"/><UN n0="%E2%91%A3%E9%81%BF%E9%81%8A%E6%88%AF%E3%80%90%E6%9D%B1%E5%8D%97%E3%80%91" n1="%33%74%72%65%65" n2="%E6%80%AA%E3%81%97%E3%81%99%E3%81%8E%E3%82%8B%E3%83%81%E3%83%BC" n3="%72%69%6F%75%63%68%61%6E" dan="16,17,16,17" rate="2171.13,2147.76,2169.22,2252.76" sx="M,F,M,M"/><TAIKYOKU oya="0"/><INIT seed="0,0,0,5,3,110" ten="250,250,250,250" oya="0" hai0="3,111,13,58,20,10,62,11,24,71,8,114,84" hai1="56,125,38,26,14,43,118,66,113,83,102,132,116" hai2="112,72,61,126,30,41,82,120,79,35,70,32,81" hai3="21,51,55,73,1,77,7,50,18,17,45,27,103"/><T29/><D71/><U97/><E132/><V52/><F120/><W94/><G73/><T106/><D106/><U54/><E125/><V67/><F126/><W115/><G115/><T122/><D122/><U5/><E66/><V128/><F128/><W93/><G77/><T105/><D105/><U16/><E113/><V101/><F112/><W85/><G103/><T92/><D3/><U42/><E83/><V78/><F101/><W121/><G121/><T60/><D111/><U107/><E5/><V127/><F41/><W129/><G129/><T44/><D44/><U36/><E26/><V37/><F37/><W98/><G85/><T95/><D60/><U86/><E86/><V76/><F30/><W89/><G94/><N who="0" m="35883" /><D84/><U46/><E42/><V2/><F2/><W108/><G108/><T22/><D22/><U28/><E28/><V49/><F127/><W39/><G39/><T99/><D99/><U0/><E0/><V4/><F4/><W96/><G98/><T15/><D114/><U133/><E133/><V91/><F91/><W12/><G50/><T88/><D88/><U19/><E38/><V34/><REACH who="2" step="1"/><F72/><REACH who="2" ten="250,250,240,250" step="2"/><W117/><G1/><T130/><D130/><U124/><E124/><V123/><F123/><W68/><G89/><T119/><D119/><U9/><REACH who="1" step="1"/><E19/><REACH who="1" ten="250,240,240,250" step="2"/><V47/><AGARI ba="0,2" hai="32,34,35,47,49,52,61,67,70,76,78,79,81,82" machi="47" ten="40,5200,0" yaku="1,1,0,1,54,1,53,0" doraHai="110" doraHaiUra="23" who="2" fromWho="2" sc="250,-26,240,-13,240,72,250,-13" /><INIT seed="1,0,0,0,4,105" ten="224,227,312,237" oya="1" hai0="77,41,45,134,87,7,67,40,92,97,16,123,53" hai1="126,94,107,17,56,44,99,131,127,116,11,121,48" hai2="62,19,39,1,90,130,125,135,103,0,76,114,70" hai3="29,27,75,100,43,124,69,115,111,34,30,73,85"/><U36/><E116/><V118/><F39/><W8/><G115/><T22/><D123/><U3/><E121/><V32/><F118/><W42/><G69/><T128/><D128/><U21/><E131/><V79/><F32/><W35/><G100/><T81/><D134/><U52/><E107/><V110/><F110/><W83/><G111/><T71/><D7/><U51/><E36/><V64/><F130/><W49/><G124/><N who="1" m="47658" /><E11/><V74/><F125/><W117/><G117/><T84/><D84/><U89/><E3/><V20/><F135/><W109/><G109/><T108/><D108/><U9/><E9/><V132/><F103/><W37/><G37/><T23/><D23/><U33/><E33/><V88/><F114/><W133/><G133/><T61/><D53/><U98/><E98/><V24/><F132/><W129/><G129/><T120/><D45/><U101/><E101/><V106/><F106/><W55/><G8/><T46/><D46/><U102/><E102/><V93/><F90/><W95/><G42/><T68/><D68/><U50/><E44/><V113/><F113/><W65/><G43/><T63/><D120/><U86/><E99/><N who="2" m="57767" /><F79/><N who="3" m="46335" /><G34/><T31/><D97/><U5/><E5/><V82/><F1/><W104/><G104/><T78/><D78/><U59/><E59/><V38/><F0/><W57/><G95/><T15/><D92/><U58/><E58/><V112/><F38/><W6/><G6/><T25/><D63/><U26/><AGARI ba="0,0" hai="17,21,26,48,50,51,52,56,86,89,94" m="47658" machi="26" ten="30,3000,0" yaku="18,1,54,1" doraHai="105" who="1" fromWho="1" sc="224,-10,227,30,312,-10,237,-10" /><INIT seed="1,1,0,4,5,10" ten="214,257,302,227" oya="1" hai0="58,132,5,30,41,91,24,70,63,3,113,116,93" hai1="85,123,111,92,133,66,13,79,88,98,20,16,11" hai2="128,76,90,36,15,19,12,106,14,105,56,67,69" hai3="114,125,37,99,21,112,97,47,33,53,130,60,48"/><U86/><E123/><V72/><F69/><W109/><G33/><T94/><D116/><U38/><E133/><V43/><F128/><W35/><G35/><T75/><D132/><U135/><E135/><V108/><F108/><W34/><G34/><T52/><D75/><U39/><E111/><V134/><F134/><W4/><G109/><T22/><D113/><U27/><E66/><V57/><F19/><W89/><G130/><T54/><D70/><U87/><REACH who="1" step="1"/><E79/><REACH who="1" ten="214,247,302,227" step="2"/><V131/><F67/><W25/><G114/><T104/><D104/><U9/><E9/><V83/><F131/><W40/><G112/><T96/><D41/><U129/><E129/><V31/><F105/><W68/><G40/><T61/><D54/><U115/><E115/><V0/><F106/><W42/><G53/><T45/><D45/><U102/><E102/><V28/><F76/><W7/><G42/><T2/><D63/><U103/><E103/><V51/><F43/><W26/><G60/><T78/><D78/><U101/><E101/><V127/><F36/><W18/><G37/><T80/><D52/><U95/><E95/><V81/><F83/><W49/><G47/><T64/><D80/><U29/><AGARI ba="1,1" hai="11,13,16,20,27,29,38,39,85,86,87,88,92,98" machi="29" ten="30,12000,1" yaku="1,1,0,1,52,1,54,2,53,0" doraHai="10" doraHaiUra="126" who="1" fromWho="1" sc="214,-41,247,133,302,-41,227,-41" /><INIT seed="1,2,0,3,5,76" ten="173,380,261,186" oya="1" hai0="131,29,112,32,35,30,73,42,67,36,92,62,105" hai1="99,49,41,134,45,103,101,8,72,118,116,115,66" hai2="48,121,47,122,75,52,109,34,88,40,25,96,71" hai3="77,127,10,123,50,133,56,38,97,93,114,68,80"/><U59/><E115/><V31/><F109/><W44/><G123/><T21/><D112/><U28/><E134/><V132/><F132/><W124/><G114/><T27/><D131/><U16/><E28/><V89/><F71/><W2/><G133/><T0/><D92/><U125/><E125/><N who="3" m="48202" /><G68/><T9/><D21/><U130/><E130/><V117/><F117/><W104/><G104/><T79/><D30/><U128/><E128/><V113/><F113/><W86/><G38/><T98/><D29/><U18/><E72/><V51/><F75/><W55/><G2/><T74/><D27/><U58/><E103/><V5/><F5/><W108/><G108/><T12/><D12/><U100/><E100/><V46/><REACH who="2" step="1"/><F96/><REACH who="2" ten="173,380,251,186" step="2"/><W84/><G84/><T43/><D73/><U63/><E99/><V37/><F37/><W19/><G97/><T22/><D98/><U126/><E126/><V7/><F7/><W69/><G69/><T85/><D74/><U82/><E118/><V3/><F3/><W135/><G135/><T106/><D0/><U4/><E116/><V26/><F26/><W81/><G86/><T57/><D85/><U20/><E101/><V39/><F39/><W13/><G77/><T65/><D79/><U60/><E4/><V61/><F61/><N who="3" m="35999" /><G93/><T78/><D36/><U83/><E63/><V53/><F53/><AGARI ba="2,1" hai="10,13,19,44,50,53,80,81" m="35999,48202" machi="53" ten="30,3900,0" yaku="18,1,52,2" doraHai="76" who="3" fromWho="2" sc="173,0,380,0,251,-45,186,55" /><INIT seed="2,0,0,4,2,79" ten="173,380,206,241" oya="2" hai0="8,15,46,66,3,31,110,21,7,56,129,63,69" hai1="43,47,62,61,74,12,64,19,125,11,32,54,72" hai2="49,24,111,50,18,135,33,85,16,118,82,126,123" hai3="132,77,101,55,106,130,68,5,38,40,45,13,134"/><V73/><F118/><W88/><G130/><T122/><D129/><U20/><E125/><V133/><F123/><W34/><G34/><T10/><D122/><U90/><E32/><V6/><F126/><W91/><G68/><T127/><D127/><U94/><E54/><V115/><F73/><W83/><G55/><T114/><D114/><U100/><E100/><V30/><F115/><W67/><G67/><T1/><D110/><U131/><E11/><V17/><F6/><W23/><G101/><T102/><D69/><U9/><E9/><V14/><F14/><W96/><G106/><T104/><D46/><U107/><E107/><V75/><F75/><W113/><G113/><T37/><D37/><U42/><E62/><V59/><F111/><W97/><G97/><T48/><D48/><U27/><E12/><V81/><F59/><W95/><G91/><T98/><D10/><U22/><E131/><V2/><F2/><W36/><G38/><T4/><D7/><U52/><E74/><V78/><REACH who="2" step="1"/><F82/><REACH who="2" ten="173,380,196,241" step="2"/><W65/><G5/><T112/><D112/><U121/><E72/><V128/><F128/><W28/><G13/><T44/><D44/><U0/><E0/><V41/><F41/><W70/><G83/><T39/><D3/><U108/><E108/><V117/><F117/><W53/><G40/><T124/><D124/><U120/><E43/><V87/><F87/><W103/><G45/><T80/><D80/><U105/><E42/><V99/><F99/><W58/><G96/><T29/><D39/><U76/><E121/><V51/><AGARI ba="0,1" hai="16,17,18,24,30,33,49,50,51,78,81,85,133,135" machi="51" ten="40,12000,1" yaku="1,1,0,1,52,1,54,1,53,0" doraHai="79" doraHaiUra="35" who="2" fromWho="2" sc="173,-40,380,-40,196,130,241,-40" /><INIT seed="2,1,0,3,3,64" ten="133,340,326,201" oya="2" hai0="2,123,29,105,117,108,125,69,23,85,131,20,19" hai1="124,18,12,61,51,89,62,6,74,100,15,5,90" hai2="135,50,98,79,130,24,99,40,8,78,42,118,76" hai3="21,132,17,71,80,83,37,31,63,0,96,95,101"/><V128/><F118/><W97/><G132/><T10/><D105/><U60/><E74/><V30/><F135/><W68/><G0/><T55/><D117/><U57/><E124/><V44/><F8/><W33/><G37/><T36/><D36/><U73/><E73/><V27/><F40/><W112/><G112/><T35/><D69/><U103/><E57/><V47/><F47/><W86/><G63/><T25/><D125/><U126/><E51/><V84/><F84/><W104/><G31/><T92/><D123/><U115/><E126/><V38/><F38/><W102/><G33/><T41/><D41/><U81/><E115/><V72/><F72/><W32/><G32/><T1/><D55/><U93/><E81/><V48/><F48/><W113/><G113/><T114/><D92/><U134/><E134/><V28/><F30/><W16/><G17/><N who="0" m="12431" /><D85/><U13/><E18/><V56/><F56/><W46/><G46/><T129/><D114/><U87/><E90/><V65/><F65/><W107/><G95/><T14/><D108/><U43/><E43/><V4/><F4/><AGARI ba="1,0" hai="4,5,6,12,13,15,60,61,62,87,89,93,100,103" machi="4" ten="40,1300,0" yaku="8,1" doraHai="64" who="1" fromWho="2" sc="133,0,340,16,326,-16,201,0" /><INIT seed="3,0,0,3,3,87" ten="133,356,310,201" oya="3" hai0="21,93,52,10,133,33,16,36,46,5,53,131,97" hai1="73,32,76,84,0,125,29,49,111,109,116,119,92" hai2="8,121,94,100,35,128,110,30,82,134,19,112,39" hai3="91,64,101,7,78,122,130,99,45,14,56,72,79"/><W103/><G122/><T102/><D133/><U66/><E125/><V104/><F112/><W24/><G130/><T114/><D131/><U105/><E105/><V81/><F39/><W126/><G126/><T20/><D33/><U67/><E0/><V12/><F104/><W63/><G45/><T95/><D114/><U26/><E73/><V44/><F110/><N who="1" m="41993" /><E49/><V74/><F44/><W85/><G72/><T75/><D75/><U41/><E41/><V120/><F134/><W135/><G135/><T68/><D68/><U54/><E54/><V31/><F128/><W83/><G24/><T28/><D36/><U23/><E32/><V61/><F61/><W62/><G62/><T90/><D46/><U37/><E37/><V1/><F1/><W43/><G43/><T129/><D129/><U13/><E13/><V65/><F65/><N who="1" m="24585" /><E92/><V70/><F70/><W60/><G60/><T107/><D107/><U80/><AGARI ba="0,0" hai="23,26,29,76,80,84,116,119" m="24585,41993" machi="80" ten="40,1500,0" yaku="14,1" doraHai="87" who="1" fromWho="1" sc="133,-4,356,15,310,-4,201,-7" owari="129,-37.1,371,47.1,306,10.6,194,-20.6" /></mjloggm>