<mjloggm ver="2.3"><GO type="225" lobby="0"/><UN n0="%E3%81%99%E3%81%84%E3%81%BE%E3%81%9B%E3%83%BC%E3%82%93" n1="%43%68%65" n2="%E2%91%A3%E9%81%BF%E9%81%8A%E6%88%AF%E3%80%90%E6%9D%B1%E5%8D%97%E3%80%91" n3="%6B%73%77%72%74" dan="16,16,16,17" rate="2151.75,2134.49,2123.00,2189.48" sx="M,M,M,M"/><TAIKYOKU oya="0"/><INIT seed="0,0,0,5,5,54" ten="250,250,250,250" oya="0" hai0="19,109,38,135,115,96,100,76,27,44,21,53,15" hai1="3,11,105,6,13,84,114,25,133,26,90,104,131" hai2="61,67,83,72,71,63,29,82,126,28,33,124,0" hai3="88,35,55,98,20,48,132,69,50,112,73,10,120"/><T66/><D115/><U58/><E131/><V68/><F0/><W70/><G35/><T134/><D109/><U117/><E117/><V42/><F42/><W22/><G73/><T79/><D66/><U129/><E129/><V123/><F72/><W113/><G132/><N who="0" m="50731" /><D27/><U37/><E37/><V65/><REACH who="2" step="1"/><F33/><REACH who="2" ten="250,250,240,250" step="2"/><W77/><G113/><T56/><D38/><U78/><E114/><V47/><F47/><W86/><G112/><T93/><D44/><U23/><E3/><V127/><F127/><W39/><G39/><T24/><D24/><U52/><E26/><V41/><F41/><W118/><G118/><T75/><D75/><U119/><E133/><V43/><F43/><W32/><G32/><T103/><D103/><U59/><E119/><V4/><F4/><W17/><G120/><AGARI ba="0,1" hai="28,29,61,63,65,67,68,71,82,83,120,123,124,126" machi="120" ten="25,8000,1" yaku="1,1,22,2,53,2" doraHai="54" doraHaiUra="116" who="2" fromWho="3" sc="250,0,250,0,240,90,250,-80" /><INIT seed="1,0,0,4,5,78" ten="250,250,330,170" oya="1" hai0="6,111,119,98,10,5,86,19,41,93,43,1,29" hai1="38,61,113,22,69,0,30,84,87,7,75,135,48" hai2="80,77,31,85,130,126,125,100,35,55,132,133,56" hai3="71,59,54,20,63,4,129,12,76,109,95,91,104"/><U82/><E38/><V102/><F35/><W60/><G109/><T122/><D119/><U107/><E113/><V108/><F31/><W57/><G104/><T47/><D111/><U11/><E107/><V110/><F56/><W128/><G71/><T65/><D122/><U116/><E116/><V94/><F55/><W67/><G76/><T115/><D115/><U36/><E36/><V53/><F53/><W25/><G12/><T92/><D65/><U32/><E32/><V101/><F94/><W40/><G4/><T37/><D29/><U16/><E30/><V23/><F23/><W49/><G40/><T42/><D6/><U13/><E135/><N who="2" m="51787" /><F130/><W88/><G49/><T131/><D131/><U121/><E121/><V26/><F26/><W90/><REACH who="3" step="1"/><G95/><REACH who="3" ten="250,250,330,160" step="2"/><T18/><D42/><U62/><E48/><V96/><F110/><W44/><G44/><T70/><D41/><U28/><E69/><V99/><F108/><W123/><G123/><T45/><D45/><U24/><E62/><V106/><F106/><W72/><G72/><T127/><D70/><U112/><E61/><V21/><F21/><W39/><G39/><T46/><D46/><U83/><E75/><V33/><F33/><W79/><G79/><T2/><D47/><U64/><E112/><V134/><F134/><W51/><G51/><T58/><D43/><U34/><E64/><V50/><F50/><W120/><G120/><T27/><D37/><U118/><E118/><V74/><F74/><W89/><N who="3" m="22528" /><DORA hai="124" /><W73/><G73/><T17/><D92/><U68/><E68/><V15/><F15/><RYUUKYOKU ba="0,1" sc="250,-30,250,10,330,10,160,10" hai1="0,7,11,13,16,22,24,28,34,82,83,84,87" hai2="77,80,85,96,99,100,101,102,125,126" hai3="20,25,54,57,59,60,63,67,128,129" /><INIT seed="1,1,1,3,1,47" ten="220,260,340,170" oya="1" hai0="105,115,13,103,73,38,34,135,122,48,15,126,129" hai1="19,27,56,83,64,109,100,116,72,76,49,120,101" hai2="108,43,95,128,18,61,130,81,133,80,84,78,21" hai3="97,40,60,26,6,29,90,132,123,89,25,42,121"/><U134/><E116/><V124/><F43/><W119/><G6/><T32/><RYUUKYOKU type="yao9" ba="1,1" sc="220,0,260,0,340,0,170,0" hai0="13,15,32,34,38,48,73,103,105,115,122,126,129,135" /><INIT seed="1,2,1,5,2,130" ten="220,260,340,170" oya="1" hai0="135,86,1,57,60,87,35,78,6,63,90,121,55" hai1="16,81,132,54,125,62,97,88,34,45,71,41,77" hai2="107,25,117,49,64,39,118,36,59,106,91,122,108" hai3="24,105,82,65,30,28,46,114,103,123,109,61,133"/><U29/><E125/><V113/><F108/><W21/><G123/><T112/><D112/><U43/><E132/><V124/><F113/><W69/><G114/><T115/><D115/><U66/><E54/><V9/><F107/><W48/><G109/><T31/><D121/><U131/><E131/><V70/><F106/><W96/><G82/><T7/><D135/><U58/><E71/><V95/><F124/><W8/><G8/><T56/><D1/><U50/><E43/><V42/><F39/><W33/><G133/><T13/><D31/><U37/><E37/><V126/><F122/><W93/><G93/><N who="0" m="54487" /><D35/><U14/><E29/><V127/><F36/><W22/><REACH who="3" step="1"/><G30/><REACH who="3" ten="220,260,340,160" step="2"/><T38/><D38/><U2/><E81/><V51/><F127/><W26/><G26/><T76/><D13/><U100/><E14/><V0/><F126/><W18/><G18/><T101/><D6/><U3/><E16/><V12/><F0/><W116/><G116/><T102/><D7/><U15/><E15/><V52/><F118/><W110/><G110/><T80/><D78/><U98/><E77/><V128/><F117/><W44/><G44/><T73/><D73/><U5/><E5/><V20/><F128/><W99/><G99/><T134/><D134/><U72/><E72/><V32/><F32/><W129/><G129/><T4/><D4/><U75/><E75/><V83/><F12/><W74/><G74/><T68/><D68/><U120/><E34/><V104/><F70/><W94/><G94/><T11/><D11/><U47/><E120/><V85/><F95/><W17/><G17/><RYUUKYOKU ba="2,2" sc="220,15,260,-15,340,-15,160,15" hai0="55,56,57,60,63,76,80,87,101,102" hai3="21,22,24,28,33,46,48,61,65,69,96,103,105" /><INIT seed="2,3,2,2,5,58" ten="235,245,325,175" oya="2" hai0="128,108,70,107,85,105,35,20,23,113,109,28,55" hai1="21,89,53,72,130,125,82,78,75,126,41,120,100" hai2="24,99,40,19,116,115,102,62,69,43,1,6,33" hai3="32,26,13,51,97,79,9,134,48,80,90,49,27"/><V42/><F116/><W60/><G134/><T47/><D113/><U132/><E132/><V104/><F115/><W2/><G2/><T61/><D128/><U12/><E130/><V25/><F19/><W39/><G39/><T129/><D129/><U11/><E120/><V10/><REACH who="2" step="1"/><F33/><REACH who="2" ten="235,245,315,175" step="2"/><W117/><G32/><T111/><D35/><U98/><E126/><V94/><F94/><N who="3" m="56535" /><G117/><T83/><D111/><U5/><E125/><V93/><F93/><W31/><G31/><T110/><D28/><U135/><E135/><V71/><F71/><W122/><G122/><T68/><D68/><U29/><E29/><V4/><F4/><W50/><N who="3" m="12288" /><DORA hai="56" /><W103/><G103/><T34/><D34/><U63/><E100/><V57/><F57/><W88/><G80/><T0/><D70/><U22/><E82/><V64/><AGARI ba="3,3" hai="1,6,10,24,25,40,42,43,62,64,69,99,102,104" machi="64" ten="30,11700,0" yaku="1,1,0,1,52,2,53,0" doraHai="58,56" doraHaiUra="45,114" who="2" fromWho="2" sc="235,-42,245,-42,315,156,175,-42" /><INIT seed="2,4,0,4,5,49" ten="193,203,471,133" oya="2" hai0="95,65,48,44,71,76,134,35,51,43,90,77,62" hai1="56,57,78,30,105,98,81,31,106,2,82,115,42" hai2="86,94,18,92,33,126,120,118,110,34,88,117,111" hai3="97,133,112,124,113,15,96,3,101,24,72,9,129"/><V99/><F18/><W109/><G3/><T5/><D35/><U135/><E2/><V27/><F120/><W36/><G36/><T45/><D5/><U103/><E115/><N who="3" m="44106" /><G72/><T70/><D70/><U4/><E4/><V93/><F27/><W37/><G37/><T114/><D134/><U121/><E42/><V66/><F66/><W20/><G133/><T123/><D123/><U74/><E135/><V50/><F126/><W119/><G119/><T130/><D130/><U7/><E7/><V102/><F94/><W8/><G129/><T6/><D6/><U79/><E121/><V23/><F23/><W100/><G15/><T89/><D114/><U64/><E106/><V39/><F39/><W132/><G109/><N who="2" m="41481" /><F50/><W1/><G1/><T75/><D75/><U58/><REACH who="1" step="1"/><E64/><REACH who="1" ten="193,193,471,133" step="2"/><V59/><F117/><W13/><G132/><T32/><D65/><U116/><E116/><V67/><F118/><W26/><G124/><T52/><D43/><U91/><E91/><V63/><AGARI ba="4,1" hai="33,34,59,63,67,86,88,92,93,99,102" m="41481" machi="63" ten="30,6000,0" yaku="14,1,10,1,54,1" doraHai="49" who="2" fromWho="2" sc="193,-24,193,-24,471,82,133,-24" /><INIT seed="2,5,0,0,4,65" ten="169,169,553,109" oya="2" hai0="19,28,15,120,57,114,127,40,77,113,102,42,71" hai1="121,24,111,36,64,108,125,129,16,104,32,56,69" hai2="110,94,93,122,134,26,95,84,61,79,62,119,63" hai3="91,7,80,88,4,131,96,35,50,67,54,66,20"/><V53/><F122/><W33/><G131/><T89/><D120/><U60/><E121/><V130/><F119/><W98/><G50/><T51/><D71/><U49/><E36/><V97/><F130/><W1/><G20/><T0/><D0/><U41/><E129/><V83/><F134/><W39/><G80/><T86/><D127/><U87/><E104/><V81/><F110/><N who="1" m="42025" /><E87/><V116/><F116/><W128/><G128/><T124/><D102/><U27/><E125/><V75/><F26/><W132/><G54/><N who="0" m="31967" /><D77/><U6/><E6/><V45/><F83/><W30/><G30/><T3/><D3/><U37/><E37/><V78/><F78/><W12/><G1/><T58/><D28/><N who="1" m="19463" /><E41/><V10/><F10/><W34/><G39/><T18/><D124/><U14/><E27/><V82/><F81/><W44/><G35/><T112/><D19/><U21/><E49/><N who="2" m="28847" /><F75/><W5/><G5/><T22/><D114/><U72/><E72/><V123/><F123/><W23/><G12/><T31/><D31/><U92/><E92/><V90/><AGARI ba="5,0" hai="61,62,63,79,82,84,90,93,94,95,97" m="28847" machi="90" ten="30,1500,0" yaku="8,1" doraHai="65" who="2" fromWho="2" sc="169,-10,169,-10,553,30,109,-10" /><INIT seed="2,6,0,0,4,26" ten="159,159,583,99" oya="2" hai0="38,125,21,122,0,13,79,8,132,54,96,33,10" hai1="114,24,44,101,58,99,69,117,53,36,3,76,62" hai2="131,107,92,43,118,61,41,70,109,64,37,19,65" hai3="85,48,28,82,35,60,15,7,75,68,121,133,111"/><V113/><F107/><W97/><G121/><T6/><D122/><U80/><E114/><V42/><F92/><W1/><G75/><T12/><D38/><U84/><E117/><V120/><F19/><W9/><G133/><T29/><D132/><U50/><E3/><V104/><F104/><W40/><G111/><T102/><D125/><U20/><E69/><V124/><F120/><W112/><G112/><T98/><D79/><U39/><E99/><V100/><F100/><W105/><G48/><T66/><D66/><U103/><E39/><V72/><F72/><W86/><G40/><T77/><D77/><U67/><REACH who="1" step="1"/><E36/><REACH who="1" ten="159,149,583,99" step="2"/><V128/><F113/><W2/><G2/><T95/><D98/><U31/><AGARI ba="6,1" hai="20,24,31,44,50,53,58,62,67,76,80,84,101,103" machi="31" ten="20,12000,2" yaku="1,1,2,1,0,1,7,1,8,1,52,1,53,1" doraHai="26" doraHaiUra="51" who="1" fromWho="1" sc="159,-36,149,148,583,-66,99,-36" /><INIT seed="3,0,0,2,4,130" ten="123,297,517,63" oya="3" hai0="27,57,119,41,91,68,63,44,101,102,109,10,73" hai1="122,105,78,13,112,29,38,62,47,76,46,74,89" hai2="85,92,80,110,123,100,107,61,98,79,45,129,126" hai3="84,82,23,48,66,104,16,113,39,15,1,30,108"/><W7/><G113/><T71/><D109/><U99/><E122/><V28/><F123/><W118/><G118/><T9/><D73/><U37/><E13/><V55/><F129/><W86/><G39/><T132/><D132/><U81/><E62/><V83/><F110/><W42/><G104/><T135/><D135/><U94/><E112/><V88/><F126/><W31/><G108/><T131/><D119/><U127/><E78/><V70/><F28/><W90/><G66/><T56/><D131/><U115/><E115/><V4/><F4/><W116/><G116/><T58/><D27/><U134/><E134/><V43/><BYE who="1" /><F70/><W49/><G1/><T36/><D91/><UN n1="%43%68%65" /><U64/><E64/><V72/><F61/><W67/><G67/><T5/><D9/><U125/><E29/><V20/><F20/><W24/><G84/><T50/><D63/><U2/><E2/><V75/><F55/><W19/><G7/><T8/><D8/><U60/><E60/><V35/><F35/><W93/><G82/><T25/><D36/><N who="1" m="13931" /><E105/><V14/><F14/><W52/><G42/><T124/><D25/><U106/><E106/><V120/><F120/><W18/><G49/><T111/><D111/><U87/><E87/><N who="2" m="48543" /><F45/><N who="3" m="27663" /><G31/><T33/><D33/><U77/><E77/><N who="2" m="46319" /><F43/><W12/><AGARI ba="0,0" hai="12,15,16,18,19,23,24,30,86,90,93" m="27663" machi="12" ten="30,6000,0" yaku="8,1,54,2" doraHai="130" who="3" fromWho="3" sc="123,-20,297,-20,517,-20,63,60" /><INIT seed="3,1,0,4,0,59" ten="103,277,497,123" oya="3" hai0="23,25,110,51,5,31,44,2,73,16,76,4,78" hai1="1,125,102,19,129,24,113,87,14,52,127,96,13" hai2="94,128,105,131,56,10,122,89,97,92,18,43,64" hai3="133,116,85,66,93,67,3,106,40,120,91,101,26"/><W112/><G112/><T108/><D31/><U50/><E1/><V132/><F105/><W65/><G3/><T58/><D58/><U9/><E113/><V48/><F122/><W118/><G120/><T33/><D33/><U95/><E129/><V117/><F117/><W22/><G133/><T77/><D73/><U115/><E115/><V111/><F132/><W60/><G40/><N who="0" m="24967" /><D2/><U124/><E87/><V21/><F10/><W17/><REACH who="3" step="1"/><G60/><REACH who="3" ten="103,277,497,113" step="2"/><T107/><D107/><U86/><E125/><V123/><F43/><W37/><G37/><T27/><D27/><U34/><E24/><V36/><F123/><W46/><G46/><T32/><D32/><U57/><E127/><V62/><F36/><W0/><G0/><T126/><D126/><U71/><E124/><V15/><F48/><W11/><G11/><T49/><D49/><U29/><E50/><V130/><F131/><W20/><G20/><T72/><D72/><U88/><E9/><V135/><F130/><W75/><G75/><T99/><D110/><U83/><E34/><V28/><F111/><W100/><G100/><T35/><D108/><U74/><E74/><V45/><F128/><W30/><G30/><T119/><D35/><U90/><E29/><V41/><F135/><W103/><G103/><T69/><D119/><U47/><E47/><V39/><F28/><W12/><G12/><T53/><D23/><U79/><E14/><V38/><F39/><W114/><G114/><T134/><D134/><U82/><E13/><V80/><F38/><W54/><G54/><T121/><D53/><U42/><E52/><RYUUKYOKU ba="1,1" sc="103,-10,277,-10,497,-10,113,30" hai3="17,22,26,65,66,67,85,91,93,101,106,116,118" /><INIT seed="3,2,1,5,2,14" ten="93,267,487,143" oya="3" hai0="101,97,33,104,20,25,119,69,79,87,113,75,31" hai1="23,127,22,5,34,51,35,100,70,107,2,110,49" hai2="103,36,91,95,27,112,133,85,4,37,10,0,30" hai3="125,16,116,60,48,131,18,108,11,121,58,84,46"/><W6/><G116/><T72/><D119/><U129/><E70/><V62/><F112/><W7/><G121/><T122/><D122/><U74/><E74/><V38/><F133/><W40/><G131/><T106/><D113/><U39/><E39/><V118/><F118/><W9/><G125/><T56/><D69/><U50/><E127/><V67/><F103/><W73/><G73/><T15/><D106/><U28/><E129/><V47/><F47/><W42/><G40/><T8/><D33/><U66/><E66/><V53/><F53/><N who="3" m="33871" /><G108/><T68/><D68/><U80/><E80/><BYE who="1" /><V29/><F29/><W98/><G98/><T64/><D87/><U1/><E1/><V117/><F117/><W109/><G109/><UN n1="%43%68%65" /><T52/><D64/><U105/><E110/><V59/><F38/><W83/><G9/><T90/><D90/><U126/><E126/><V77/><F77/><N who="3" m="46191" /><G11/><T45/><D79/><U130/><E2/><V76/><F76/><W26/><G26/><T111/><D111/><U32/><E130/><V55/><F67/><W123/><G123/><T89/><D89/><U44/><E34/><AGARI ba="2,1" hai="0,4,10,27,30,34,36,37,55,59,62,85,91,95" machi="34" ten="30,1000,0" yaku="7,1" doraHai="14" who="2" fromWho="1" sc="93,0,267,-16,487,26,143,0" owari="93,-40.7,251,5.1,513,61.3,143,-25.7" /></mjloggm>