<mjloggm ver="2.3"><GO type="225" lobby="0"/><UN n0="%43%68%65" n1="%E8%BE%9B%E5%8F%A3%E3%82%AB%E3%83%AC%E3%83%BC%E3%83%A9%E3%82%A4%E3%82%B9" n2="%50%65%74%65%72%50%61%6E" n3="%E3%81%86%E3%81%A3%E3%81%97%E3%83%BC%30%30" dan="16,16,17,16" rate="2143.23,2117.35,2221.45,2129.25" sx="M,M,M,M"/><TAIKYOKU oya="0"/><INIT seed="0,0,0,1,5,131" ten="250,250,250,250" oya="0" hai0="134,16,15,59,45,121,123,115,119,46,107,81,21" hai1="3,48,34,94,90,47,79,27,86,87,68,7,132" hai2="85,103,126,50,70,102,20,106,39,125,118,69,65" hai3="129,38,44,111,83,17,97,35,29,100,23,127,1"/><T80/><D115/><U24/><E68/><V84/><F39/><W114/><G114/><T110/><D119/><U64/><E64/><V104/><F50/><W72/><G129/><T93/><D107/><U71/><E71/><V67/><REACH who="2" step="1"/><F20/><REACH who="2" ten="250,250,240,250" step="2"/><W30/><G23/><T89/><D121/><U61/><E34/><V124/><F124/><W109/><G127/><T28/><D123/><U96/><E48/><V43/><F43/><W105/><G38/><T122/><D122/><U98/><E47/><V78/><F78/><W117/><G44/><T12/><D46/><U77/><E79/><V42/><F42/><W11/><G111/><T88/><D45/><U25/><E77/><V58/><F58/><W120/><G109/><T6/><D110/><U40/><E40/><V9/><F9/><W76/><G35/><T135/><D59/><U133/><E61/><V52/><F52/><W18/><G120/><T33/><D33/><U49/><E49/><V5/><F5/><W0/><G11/><N who="0" m="4215" /><D28/><U113/><E113/><V108/><F108/><W63/><G29/><T14/><D14/><U66/><E66/><V41/><F41/><W8/><G30/><T101/><D15/><U13/><E13/><V62/><F62/><W55/><G8/><T116/><D21/><U128/><E128/><V130/><F130/><W22/><G22/><T60/><D60/><U51/><E51/><V26/><F26/><W112/><G112/><T31/><D31/><U54/><E54/><V57/><F57/><N who="3" m="35263" /><G117/><AGARI ba="0,1" hai="65,67,69,70,84,85,102,103,104,106,117,118,125,126" machi="117" ten="25,3200,0" yaku="1,1,22,2,53,0" doraHai="131" doraHaiUra="91" who="2" fromWho="3" sc="250,0,250,0,240,42,250,-32" /><INIT seed="1,0,0,0,2,113" ten="250,250,282,218" oya="1" hai0="47,123,48,14,34,110,92,105,112,41,84,104,51" hai1="94,33,55,27,73,82,121,103,50,26,118,6,7" hai2="77,9,108,97,116,78,120,135,12,127,35,96,57" hai3="10,131,100,87,95,13,70,132,130,32,58,39,54"/><U91/><E118/><V1/><F120/><W74/><G74/><T107/><D112/><U45/><E121/><V79/><F35/><W24/><G70/><T93/><D123/><U126/><E126/><V124/><F1/><W18/><G39/><T67/><D34/><U38/><E38/><V63/><F108/><W66/><G66/><T3/><D3/><U86/><E73/><V88/><F135/><W11/><G132/><T19/><D110/><U2/><E2/><V52/><F116/><W31/><G11/><T133/><D133/><U129/><E129/><V62/><F62/><W49/><REACH who="3" step="1"/><G87/><REACH who="3" ten="250,250,282,208" step="2"/><T30/><D67/><U56/><E33/><V114/><F114/><W22/><G22/><T98/><D84/><U102/><E6/><N who="2" m="3127" /><F127/><W111/><G111/><T125/><D125/><U134/><E7/><V4/><F4/><W68/><G68/><T65/><D65/><U20/><E134/><V109/><F109/><W5/><G5/><T128/><D128/><U69/><E69/><V46/><F124/><W59/><G59/><T43/><D47/><U53/><E20/><V89/><F46/><W21/><G21/><T40/><D107/><U122/><E122/><V25/><F25/><N who="1" m="9225" /><E94/><V37/><F37/><W90/><G90/><AGARI ba="0,1" hai="52,57,63,77,78,79,88,89,90,96,97" m="3127" machi="90" ten="30,3900,0" yaku="8,1,54,2" doraHai="113" who="2" fromWho="3" sc="250,0,250,0,282,49,208,-39" /><INIT seed="2,0,0,5,4,31" ten="250,250,331,169" oya="2" hai0="112,93,130,0,85,120,125,23,134,118,70,57,81" hai1="52,88,98,39,58,50,67,119,115,83,84,49,90" hai2="126,19,6,7,117,10,97,36,13,77,59,108,25" hai3="42,62,101,106,121,123,37,18,45,69,43,60,75"/><V109/><F36/><W21/><G75/><T91/><D70/><U135/><E115/><V32/><F117/><W133/><G106/><T110/><D0/><U16/><E119/><V73/><F126/><W104/><G104/><T128/><D118/><U72/><E72/><V132/><F132/><W51/><G101/><T34/><D112/><U15/><E39/><V38/><F38/><W28/><G28/><T122/><D34/><U102/><E135/><V46/><F97/><W44/><G133/><T86/><D134/><U33/><E33/><V17/><F46/><W22/><G22/><T111/><D57/><U99/><E67/><V116/><F116/><W96/><G96/><N who="1" m="36906" /><E102/><V100/><F100/><W63/><G18/><T53/><D53/><U131/><E131/><N who="0" m="50217" /><D23/><N who="1" m="11679" /><E49/><V92/><F73/><W12/><G12/><T14/><D14/><U48/><E48/><V8/><F59/><W30/><G21/><T71/><D71/><U68/><E68/><V9/><F77/><AGARI ba="0,0" hai="50,52,58,77,83,84,88,90" m="11679,36906" machi="77" ten="30,7700,0" yaku="8,1,54,3" doraHai="31" who="1" fromWho="2" sc="250,0,250,77,331,-77,169,0" /><INIT seed="3,0,0,2,3,77" ten="250,327,254,169" oya="3" hai0="98,54,101,103,53,12,66,16,96,111,39,34,14" hai1="31,129,79,106,84,38,75,135,108,125,120,47,7" hai2="19,25,46,9,62,17,78,133,13,100,126,72,94" hai3="1,26,18,36,28,81,90,82,76,83,97,121,33"/><W50/><G121/><T59/><D39/><U23/><E120/><V37/><F133/><W57/><G36/><T51/><D34/><U99/><E108/><V73/><F126/><W87/><G1/><T123/><D111/><U118/><E75/><V134/><F134/><W80/><G18/><T3/><D3/><U70/><E129/><V104/><F104/><W89/><G97/><N who="0" m="37483" /><D66/><U63/><E84/><V131/><F131/><W122/><G122/><T128/><D128/><U44/><E38/><V107/><F107/><W56/><G56/><N who="0" m="32831" /><D123/><U4/><E106/><V2/><F2/><W61/><REACH who="3" step="1"/><G50/><REACH who="3" ten="250,327,254,159" step="2"/><N who="0" m="31191" /><D14/><U24/><E135/><V48/><F37/><W29/><G29/><T113/><D113/><U71/><E4/><V124/><F13/><W27/><G27/><T0/><D0/><U91/><E24/><V11/><F25/><W67/><AGARI ba="0,1" hai="26,28,33,57,61,67,76,80,81,82,83,87,89,90" machi="67" ten="30,18000,2" yaku="1,1,0,1,52,4,53,0" doraHai="77" doraHaiUra="64" who="3" fromWho="3" sc="250,-60,327,-60,254,-60,159,190" owari="190,-31.0,267,6.7,194,-20.6,349,44.9" /></mjloggm>