<mjloggm ver="2.3"><GO type="225" lobby="0"/><UN n0="%33%74%72%65%65" n1="%E3%81%8F%E3%81%BE%E3%81%96%E3%82%8F" n2="%6D%75%75%6D%75%72%61" n3="%E8%A8%88%E7%AE%97%E6%A9%9F%E8%87%AA%E7%84%B6" dan="17,16,17,17" rate="2181.97,2059.54,2194.53,2183.53" sx="F,M,F,M"/><TAIKYOKU oya="0"/><INIT seed="0,0,0,0,3,38" ten="250,250,250,250" oya="0" hai0="112,83,121,45,5,23,50,63,3,107,58,20,92" hai1="82,43,26,54,128,132,106,117,69,99,47,55,21" hai2="0,122,46,11,22,84,16,90,94,39,44,14,13" hai3="31,2,76,8,104,12,105,86,111,27,75,33,9"/><T93/><D112/><U37/><E117/><V40/><F122/><W79/><G75/><T110/><D107/><U30/><E132/><V15/><REACH who="2" step="1"/><F46/><REACH who="2" ten="250,250,240,250" step="2"/><W70/><G111/><T95/><D121/><U126/><E126/><V59/><F59/><W120/><G120/><T97/><D110/><U68/><E69/><V114/><F114/><W130/><G70/><T18/><D58/><U57/><E68/><V135/><F135/><W109/><G109/><T91/><D45/><U116/><E116/><V73/><F73/><W85/><G130/><T80/><D97/><U119/><E119/><V103/><F103/><W64/><G86/><T118/><D118/><U101/><E128/><V28/><F28/><W134/><G85/><T100/><D100/><U127/><E127/><V7/><AGARI ba="0,1" hai="0,7,11,13,14,15,16,22,39,40,44,84,90,94" machi="7" ten="30,8000,1" yaku="1,1,0,1,52,1,54,1,53,1" doraHai="38" doraHaiUra="41" who="2" fromWho="2" sc="250,-40,250,-20,240,90,250,-20" /><INIT seed="1,0,0,1,3,111" ten="210,230,330,230" oya="1" hai0="37,107,115,33,118,70,130,3,42,116,22,121,119" hai1="85,87,47,14,126,124,7,28,108,16,71,65,41" hai2="25,69,40,132,128,102,49,57,54,79,58,114,43" hai3="66,103,95,98,123,105,39,11,31,1,53,45,64"/><U135/><E135/><V90/><F132/><W60/><G123/><T10/><RYUUKYOKU type="yao9" ba="0,0" sc="210,0,230,0,330,0,230,0" hai0="3,10,22,33,37,42,70,107,115,116,118,119,121,130" /><INIT seed="1,1,0,2,3,9" ten="210,230,330,230" oya="1" hai0="108,86,52,113,67,1,82,63,102,78,30,51,55" hai1="4,97,71,76,74,134,96,109,94,25,12,65,95" hai2="70,124,64,133,11,125,115,84,43,48,131,13,23" hai3="77,87,121,20,88,10,2,120,15,29,92,99,101"/><U126/><E71/><V104/><F104/><W112/><G112/><T57/><D113/><U114/><E114/><V36/><F115/><W80/><G2/><T62/><D108/><U44/><E65/><V58/><F131/><W93/><G20/><T0/><D30/><U105/><E105/><V130/><F130/><W17/><REACH who="3" step="1"/><G29/><REACH who="3" ten="210,230,330,220" step="2"/><T38/><D38/><U85/><E109/><V37/><F23/><W45/><G45/><T47/><REACH who="0" step="1"/><D102/><REACH who="0" ten="200,230,330,220" step="2"/><U33/><E134/><V18/><F37/><W118/><G118/><T39/><D39/><U72/><E126/><V14/><F36/><W56/><G56/><AGARI ba="1,2" hai="0,1,47,51,52,55,56,57,62,63,67,78,82,86" machi="56" ten="30,3900,0" yaku="1,1,7,1,54,1,53,0" doraHai="9" doraHaiUra="117" who="0" fromWho="3" sc="200,62,230,0,330,0,220,-42" /><INIT seed="2,0,0,5,3,98" ten="262,230,330,178" oya="2" hai0="9,135,114,101,70,121,41,3,134,23,107,21,117" hai1="126,40,1,73,66,108,2,127,54,65,115,99,109" hai2="20,124,28,110,77,56,35,37,79,6,82,10,74" hai3="119,94,87,18,120,47,7,33,75,8,39,45,52"/><V51/><F37/><W60/><G119/><T46/><D114/><U30/><E73/><V25/><F124/><N who="1" m="47657" /><E40/><V130/><F130/><W69/><G120/><T67/><D121/><U131/><E131/><V55/><F79/><W78/><G33/><T84/><D117/><U48/><E30/><V15/><REACH who="2" step="1"/><F110/><REACH who="2" ten="262,230,320,178" step="2"/><N who="1" m="42601" /><E115/><V17/><F17/><W42/><G18/><T63/><D135/><U19/><E19/><V112/><F112/><W104/><G78/><T88/><D134/><U38/><E38/><V85/><F85/><W16/><G16/><T116/><D116/><U122/><E122/><V118/><F118/><W80/><G87/><T86/><D86/><U31/><E31/><V89/><F89/><W95/><G39/><T62/><D88/><U22/><E99/><V72/><F72/><W13/><G75/><T57/><D84/><U64/><E22/><AGARI ba="0,1" hai="6,10,15,20,22,25,28,35,51,55,56,74,77,82" machi="22" ten="40,2000,0" yaku="1,1,53,0" doraHai="98" doraHaiUra="61" who="2" fromWho="1" sc="262,0,230,-20,320,30,178,0" /><INIT seed="2,1,0,1,1,42" ten="262,210,350,178" oya="2" hai0="47,116,120,102,81,104,0,74,118,119,109,4,122" hai1="96,125,57,13,85,135,126,37,130,101,97,11,80" hai2="95,134,52,25,46,51,90,76,22,20,29,34,35" hai3="71,18,94,69,56,5,132,27,15,84,75,45,39"/><V41/><F134/><W123/><G123/><T103/><D47/><U83/><E37/><V68/><F68/><W129/><G75/><T112/><D4/><U73/><E135/><V111/><F111/><W12/><G132/><T43/><D43/><U99/><E130/><V14/><F76/><W113/><G129/><T10/><D10/><U49/><E73/><V19/><F41/><W64/><G113/><T108/><D0/><U63/><E49/><V16/><F19/><W60/><G39/><T131/><D131/><U105/><E83/><V128/><F128/><W3/><G3/><T67/><D67/><U33/><E33/><V100/><F100/><N who="0" m="38442" /><D104/><U117/><E105/><V54/><F54/><W9/><G27/><T44/><D44/><U40/><E101/><V89/><F89/><W38/><G38/><T133/><D133/><U31/><E31/><V88/><F90/><N who="3" m="53575" /><G71/><T61/><D61/><U124/><E40/><V86/><AGARI ba="1,0" hai="14,16,20,22,25,29,34,35,46,51,52,86,88,95" machi="86" ten="20,18000,2" yaku="0,1,7,1,52,1,54,3" doraHai="42" who="2" fromWho="2" sc="262,-61,210,-61,350,183,178,-61" /><INIT seed="2,2,0,0,4,78" ten="201,149,533,117" oya="2" hai0="117,113,108,40,82,2,69,89,67,5,17,120,1" hai1="131,35,91,33,122,80,101,123,95,39,60,8,54" hai2="62,94,135,97,10,134,127,124,52,88,109,7,29" hai3="74,128,12,38,28,90,26,99,118,104,106,70,27"/><V21/><F109/><W15/><G118/><T83/><D113/><U25/><E39/><V85/><F29/><W41/><G70/><T56/><D120/><N who="1" m="46123" /><E131/><V36/><F21/><W79/><G128/><T24/><D69/><U116/><E116/><V102/><F36/><W121/><G121/><T11/><D117/><U72/><E101/><V23/><F23/><W115/><G115/><T46/><D1/><U125/><E125/><N who="2" m="48203" /><F62/><W64/><G64/><T93/><D17/><U129/><E129/><V31/><F31/><W110/><G110/><T130/><D24/><U119/><E119/><V92/><F52/><W59/><G59/><T81/><D108/><U111/><E111/><V14/><AGARI ba="2,0" hai="7,10,14,85,88,92,94,97,102,134,135" m="48203" machi="14" ten="30,3000,0" yaku="18,1,54,1" doraHai="78" who="2" fromWho="2" sc="201,-12,149,-12,533,36,117,-12" /><INIT seed="2,3,0,4,1,117" ten="189,137,569,105" oya="2" hai0="4,41,73,63,128,121,49,118,81,133,36,91,3" hai1="6,72,89,125,110,27,43,113,53,130,85,90,19" hai2="107,33,56,120,5,42,95,2,108,26,47,8,122" hai3="29,82,15,64,51,67,124,34,98,14,88,123,135"/><V103/><F107/><W28/><G124/><T9/><D121/><U0/><E72/><V35/><F108/><W52/><G135/><T57/><D133/><U79/><E113/><V80/><F56/><N who="3" m="32799" /><G34/><T99/><D118/><U76/><E125/><V101/><F80/><W93/><G123/><T59/><D128/><U104/><E130/><V100/><F95/><W75/><G75/><T68/><D49/><U45/><E104/><V127/><F33/><W18/><G14/><T86/><D99/><U24/><E0/><V109/><F109/><W20/><G82/><N who="0" m="49623" /><D63/><U17/><E110/><V54/><F54/><W25/><G25/><T37/><D37/><U7/><E53/><V30/><REACH who="2" step="1"/><F127/><REACH who="2" ten="189,137,559,105" step="2"/><W61/><G61/><T55/><D55/><U11/><E45/><V23/><F23/><W62/><G67/><T40/><D81/><U71/><E71/><V119/><F119/><W39/><G39/><AGARI ba="3,1" hai="2,5,8,26,30,35,39,42,47,100,101,103,120,122" machi="39" ten="40,7700,0" yaku="1,1,52,2,53,0" doraHai="117" doraHaiUra="132" who="2" fromWho="3" sc="189,0,137,0,559,96,105,-86" /><INIT seed="2,4,0,1,1,115" ten="189,137,655,19" oya="2" hai0="67,96,50,27,22,41,48,40,5,23,116,25,103" hai1="64,42,131,107,98,10,39,68,55,99,86,92,13" hai2="18,111,3,9,129,93,69,114,124,49,11,31,77" hai3="100,94,78,57,106,79,58,65,72,70,97,118,36"/><V105/><F114/><W34/><G36/><T83/><D116/><U47/><E131/><V110/><F105/><W15/><G15/><T74/><D5/><U45/><E107/><V30/><F129/><W112/><G112/><T126/><D126/><U133/><E133/><V81/><F69/><W101/><G101/><T87/><D74/><U117/><E117/><V7/><F124/><W120/><G120/><T125/><D67/><U33/><E33/><V60/><F60/><N who="3" m="40231" /><G118/><T44/><D125/><U127/><E127/><V75/><F93/><W84/><G78/><N who="0" m="46583" /><D96/><U20/><E68/><V43/><F18/><W122/><G122/><T104/><D103/><U63/><E64/><V17/><F17/><W108/><G34/><T38/><D38/><U119/><E119/><V102/><F102/><W134/><G134/><T19/><D104/><U135/><E39/><V66/><F11/><W62/><G62/><T28/><D48/><N who="1" m="29071" /><E63/><V52/><F66/><W76/><G76/><T61/><D61/><U32/><E32/><V21/><F43/><AGARI ba="4,0" hai="19,22,23,25,27,28,40,41,43,44,50" m="46583" machi="43" ten="30,1000,0" yaku="8,1" doraHai="115" who="0" fromWho="2" sc="189,22,137,0,655,-22,19,0" /><INIT seed="3,0,0,0,5,97" ten="211,137,633,19" oya="3" hai0="135,127,19,62,128,39,16,13,14,2,36,86,84" hai1="98,96,114,91,125,77,90,12,35,58,8,93,124" hai2="80,108,82,120,11,0,78,79,26,15,106,121,5" hai3="18,131,27,3,53,87,122,65,24,37,104,123,71"/><W50/><G131/><T115/><D2/><U30/><E114/><V57/><F108/><W110/><G37/><T42/><D115/><U130/><E130/><V20/><F106/><W112/><G112/><T118/><D118/><U46/><E77/><N who="2" m="29195" /><F0/><W51/><G3/><T75/><D75/><U105/><E58/><V23/><F57/><W69/><G104/><T10/><D39/><U44/><E30/><N who="2" m="17735" /><F23/><W64/><G87/><T116/><D84/><U83/><E83/><V22/><F22/><W9/><G53/><T4/><D86/><U73/><E93/><V109/><F109/><W74/><G110/><T81/><D81/><U126/><E8/><V59/><F59/><W129/><G129/><T48/><D10/><U52/><E52/><V54/><F54/><W111/><G111/><T34/><D36/><U32/><E12/><V89/><F89/><N who="1" m="33801" /><E73/><V29/><F29/><W33/><G9/><T41/><D116/><U43/><E43/><V102/><F102/><W28/><G28/><T95/><D62/><U68/><E68/><V100/><F100/><W38/><G38/><T94/><D127/><U25/><E105/><V119/><F119/><W56/><G56/><T101/><D135/><U133/><E133/><V31/><F31/><W66/><G66/><T134/><D134/><U88/><N who="1" m="33809" /><U40/><DORA hai="99" /><E40/><V21/><F21/><W60/><G33/><N who="1" m="12874" /><E96/><V117/><F117/><W107/><G107/><T70/><D34/><U45/><E98/><V103/><F103/><W76/><G76/><T85/><D101/><U72/><E72/><V132/><F132/><RYUUKYOKU ba="0,0" sc="211,-15,137,15,633,15,19,-15" hai1="25,44,45,46,124,125,126" hai2="5,11,15,80,82,120,121" owari="196,-0.4,152,-24.8,648,74.8,4,-49.6" /></mjloggm>