<mjloggm ver="2.3"><GO type="225" lobby="0"/><UN n0="%E6%A1%9C%E8%8A%B1%E9%96%83%E3%80%85" n1="%43%68%65" n2="%72%69%6F%75%63%68%61%6E" n3="%E7%8D%85%E5%AD%90%E6%80%92%E3%82%93" dan="17,16,17,16" rate="2186.20,2107.25,2227.84,2184.64" sx="M,M,M,M"/><TAIKYOKU oya="0"/><INIT seed="0,0,0,3,1,47" ten="250,250,250,250" oya="0" hai0="130,78,2,97,24,95,57,52,112,114,56,13,80" hai1="69,90,50,108,64,32,1,134,83,27,29,17,35" hai2="63,65,122,71,11,110,102,88,73,67,44,46,37" hai3="62,10,121,61,18,82,118,109,51,91,23,45,98"/><T81/><D2/><U42/><E1/><V6/><F122/><W105/><G118/><T7/><D130/><U85/><E108/><V33/><F110/><W53/><G109/><T38/><D38/><U100/><E134/><V4/><F33/><W68/><G68/><T106/><D106/><U101/><E35/><V40/><F73/><W133/><G133/><T70/><D70/><U74/><E74/><V75/><F75/><W21/><G105/><T9/><D56/><U129/><E129/><V104/><F65/><W119/><G119/><T132/><D132/><U126/><E126/><V0/><F4/><W96/><G121/><T55/><D55/><U48/><E17/><V30/><F30/><W113/><G113/><T20/><D78/><U115/><E115/><V31/><F31/><W16/><G10/><T79/><D79/><U135/><E135/><V111/><F111/><W58/><G82/><T107/><D107/><U131/><E131/><V124/><F124/><W86/><G86/><T66/><D66/><U92/><E42/><V8/><F11/><W19/><G62/><N who="0" m="36135" /><D114/><U76/><E64/><V94/><F46/><W12/><G91/><N who="0" m="55551" /><D112/><U103/><REACH who="1" step="1"/><E69/><REACH who="1" ten="250,240,250,250" step="2"/><V123/><F123/><W128/><G128/><T34/><D34/><U77/><E77/><V84/><REACH who="2" step="1"/><F104/><REACH who="2" ten="250,240,240,250" step="2"/><W72/><G23/><T3/><D3/><U125/><E125/><V120/><F120/><W59/><G72/><T25/><D20/><U5/><E5/><V127/><F127/><W41/><G59/><T54/><D54/><U116/><E116/><V49/><F49/><W26/><G26/><AGARI ba="0,2" hai="7,9,13,24,25,26,80,81" m="55551,36135" machi="26" ten="30,5800,0" yaku="6,1,8,1,54,1" doraHai="47" who="0" fromWho="3" sc="250,78,240,0,240,0,250,-58" /><INIT seed="0,1,0,0,0,118" ten="328,240,240,192" oya="0" hai0="81,68,85,131,126,65,33,61,57,106,8,30,20" hai1="27,55,18,127,24,103,56,9,111,92,76,4,64" hai2="13,115,40,6,22,78,105,101,28,29,77,59,124" hai3="62,93,31,86,107,7,73,94,109,69,71,135,79"/><T90/><D126/><U100/><E127/><V0/><F115/><W66/><G107/><T95/><D131/><U41/><E111/><V89/><F124/><W70/><G109/><T98/><D33/><U37/><E64/><V116/><F116/><W21/><G135/><T42/><D106/><U121/><E76/><V53/><F40/><W10/><G73/><T123/><D68/><U36/><E36/><V34/><F34/><W12/><G71/><T49/><D123/><U15/><E121/><V119/><F119/><W122/><G70/><T52/><D8/><U1/><E41/><V23/><F0/><W63/><G63/><T39/><D39/><U83/><E83/><V38/><F38/><W96/><G122/><T82/><D65/><U130/><E37/><V60/><F89/><W108/><G108/><T16/><D30/><N who="2" m="11882" /><F101/><W74/><G74/><T47/><D85/><U117/><E130/><V134/><F105/><W25/><REACH who="3" step="1"/><G96/><REACH who="3" ten="328,240,240,182" step="2"/><T72/><D72/><U43/><E117/><V84/><F134/><W45/><G45/><T11/><D11/><U114/><E9/><N who="2" m="4279" /><F84/><W87/><G87/><T32/><D32/><U5/><E114/><V3/><F3/><W97/><G97/><T14/><AGARI ba="1,1" hai="14,16,20,42,47,49,52,57,61,81,82,90,95,98" machi="14" ten="20,12000,1" yaku="0,1,7,1,8,1,54,2" doraHai="118" who="0" fromWho="0" sc="328,133,240,-41,240,-41,182,-41" /><INIT seed="0,2,0,0,1,135" ten="461,199,199,141" oya="0" hai0="75,112,81,47,133,84,17,33,41,19,88,85,78" hai1="48,90,76,54,27,131,30,65,63,118,105,83,53" hai2="26,70,86,73,92,93,89,28,68,39,103,55,110" hai3="18,101,31,95,114,107,50,60,127,2,38,125,116"/><T3/><D112/><U106/><E118/><V79/><F110/><W22/><G38/><T94/><D133/><U24/><E90/><V119/><F119/><W43/><G116/><T34/><D3/><U32/><E27/><V44/><F73/><W96/><G114/><T4/><D4/><U117/><E131/><V49/><F79/><W61/><G2/><T128/><D128/><U113/><E113/><V121/><F121/><W129/><G31/><T36/><REACH who="0" step="1"/><D75/><REACH who="0" ten="451,199,199,141" step="2"/><U77/><E117/><V51/><F39/><W126/><G129/><T8/><D8/><U45/><E77/><V82/><F49/><W130/><G130/><T9/><D9/><U56/><E65/><V57/><F44/><N who="3" m="25887" /><G107/><T42/><D42/><U12/><E106/><V80/><F68/><W91/><G101/><T52/><D52/><U46/><E105/><V21/><REACH who="2" step="1"/><F70/><REACH who="2" ten="451,199,189,141" step="2"/><W120/><G120/><T108/><D108/><U98/><E46/><V16/><F16/><AGARI ba="2,2" hai="16,17,19,33,34,36,41,47,78,81,84,85,88,94" machi="16" ten="40,7700,0" yaku="1,1,54,2,53,0" doraHai="135" doraHaiUra="5" who="0" fromWho="2" sc="451,103,199,0,189,-83,141,0" /><INIT seed="0,3,0,3,1,24" ten="554,199,106,141" oya="0" hai0="88,111,77,90,60,102,28,89,6,125,2,68,109" hai1="71,49,41,50,5,42,51,132,79,86,94,9,38" hai2="131,83,93,73,33,95,13,114,107,14,37,100,48" hai3="19,123,121,1,105,96,55,58,81,3,104,40,25"/><T29/><D77/><U120/><E71/><V122/><F122/><N who="3" m="46603" /><G40/><T84/><D84/><U99/><E38/><V92/><F114/><W39/><G39/><T54/><D102/><U128/><E120/><V64/><F37/><W75/><G75/><T21/><D125/><U53/><E53/><V72/><F33/><W4/><G81/><T46/><D21/><U118/><E118/><V12/><F131/><W117/><G117/><T31/><D46/><U101/><E132/><V119/><F119/><W56/><G56/><T34/><D34/><U8/><E128/><V70/><F48/><N who="3" m="31079" /><G4/><T98/><D98/><U35/><E35/><V76/><F72/><W110/><G110/><N who="0" m="41995" /><D54/><U78/><E5/><V85/><F73/><W87/><G87/><T108/><D108/><U11/><E79/><V63/><REACH who="2" step="1"/><F107/><REACH who="2" ten="554,199,96,141" step="2"/><N who="3" m="41035" /><G96/><AGARI ba="3,1" hai="12,13,14,63,64,70,76,83,85,92,93,95,96,100" machi="96" ten="40,2600,0" yaku="1,1,53,1" doraHai="24" doraHaiUra="66" who="2" fromWho="3" sc="554,0,199,0,96,45,141,-35" /><INIT seed="1,0,0,1,0,104" ten="554,199,141,106" oya="1" hai0="122,32,61,13,26,107,68,58,2,25,69,15,81" hai1="102,115,77,123,10,11,103,27,95,33,121,114,73" hai2="19,6,76,71,119,131,29,112,63,129,45,56,72" hai3="22,127,38,88,70,1,51,108,135,21,67,18,5"/><U106/><E33/><V41/><F119/><W12/><G38/><T75/><D2/><U74/><E95/><V133/><F133/><W109/><G135/><T82/><D107/><U97/><E27/><V0/><F112/><W105/><G105/><T47/><D47/><U9/><E103/><V57/><F29/><W116/><G67/><T94/><D94/><U85/><E85/><V46/><F19/><N who="3" m="10471" /><G70/><T52/><D122/><U80/><REACH who="1" step="1"/><E74/><REACH who="1" ten="554,189,141,106" step="2"/><V101/><F101/><W117/><G127/><T44/><D26/><U14/><E14/><V30/><F72/><W89/><G51/><T110/><D13/><U36/><E36/><V120/><F0/><W96/><G96/><T23/><D15/><U118/><E118/><N who="3" m="45674" /><G18/><T62/><D75/><U92/><E92/><V132/><F132/><W98/><G22/><T64/><D23/><U78/><E78/><V59/><F76/><W16/><G16/><T65/><D82/><U49/><E49/><V83/><F83/><W17/><G17/><T3/><D81/><U113/><AGARI ba="0,1" hai="9,10,11,73,77,80,97,102,106,113,114,115,121,123" machi="113" ten="40,18000,2" yaku="1,1,0,1,52,1,53,3" doraHai="104" doraHaiUra="111" who="1" fromWho="1" sc="554,-60,189,190,141,-60,106,-60" /><INIT seed="1,1,0,0,1,127" ten="494,379,81,46" oya="1" hai0="116,50,87,13,70,27,95,56,67,14,105,98,76" hai1="108,52,123,23,131,61,109,18,103,25,78,97,110" hai2="59,117,89,79,122,9,132,12,73,15,113,69,22" hai3="68,119,35,82,43,102,45,90,24,134,100,84,2"/><U111/><E111/><V58/><F117/><W6/><G68/><T81/><D116/><U42/><E123/><V46/><F122/><W126/><G119/><T51/><D105/><N who="1" m="63727" /><E42/><V36/><F69/><W5/><G126/><T62/><D27/><U75/><E78/><V71/><F132/><W48/><G134/><T49/><REACH who="0" step="1"/><D70/><REACH who="0" ten="484,379,81,46" step="2"/><U30/><E30/><V65/><F71/><W55/><G24/><T54/><D54/><U40/><E40/><V107/><F107/><W63/><G35/><T104/><D104/><U135/><E135/><V1/><F65/><W74/><G74/><T66/><D66/><U26/><E75/><V31/><F73/><W44/><G63/><T29/><D29/><U99/><E26/><V120/><F31/><W7/><REACH who="3" step="1"/><G2/><REACH who="3" ten="484,379,81,36" step="2"/><T91/><AGARI ba="1,2" hai="13,14,49,50,51,56,62,67,76,81,87,91,95,98" machi="91" ten="30,8000,1" yaku="1,1,0,1,8,1,53,2" doraHai="127" doraHaiUra="10" who="0" fromWho="0" sc="484,103,379,-41,81,-21,36,-21" /><INIT seed="2,0,0,5,4,134" ten="587,338,60,15" oya="2" hai0="75,43,25,97,92,54,74,121,52,55,68,16,131" hai1="5,32,80,115,106,41,66,105,84,129,76,86,77" hai2="117,15,60,46,73,1,34,12,7,88,91,100,17" hai3="127,122,103,95,48,2,116,126,114,123,11,78,99"/><V81/><F117/><W29/><G29/><T20/><D121/><N who="3" m="46089" /><G48/><T0/><D131/><U118/><E32/><V26/><F100/><W37/><G37/><T111/><D111/><U58/><E41/><V67/><F46/><W51/><G51/><T36/><D68/><U59/><E5/><V49/><F49/><W50/><G50/><T53/><D53/><U21/><E21/><V14/><F1/><W130/><G11/><T112/><D112/><U47/><E80/><V63/><F7/><W83/><G2/><T9/><D9/><U102/><E66/><V108/><F108/><W62/><G62/><T65/><D65/><U39/><E39/><V113/><F113/><W128/><G114/><T93/><D93/><U124/><E47/><V42/><F42/><W82/><G116/><T70/><D70/><U101/><E118/><V6/><F6/><W10/><G10/><T120/><D0/><U125/><E115/><V135/><F135/><W31/><G31/><T40/><D120/><U110/><E110/><V89/><F67/><W85/><G83/><T104/><D40/><U13/><E13/><N who="2" m="5227" /><F26/><W69/><G69/><T109/><D109/><U61/><E61/><N who="2" m="23627" /><F34/><W22/><G22/><T45/><D36/><U96/><E96/><V24/><F24/><W27/><G27/><T64/><D64/><U71/><E71/><V4/><F4/><W28/><G28/><T56/><D43/><U23/><E23/><N who="2" m="11711" /><F81/><W3/><G3/><T87/><D45/><U57/><E57/><V19/><F19/><W79/><G79/><T18/><D56/><U107/><E107/><RYUUKYOKU ba="0,0" sc="587,-30,338,10,60,10,15,10" hai1="58,59,76,77,84,86,101,102,105,106,124,125,129" hai2="73,88,89,91" hai3="78,82,85,95,99,103,126,127,128,130" /><INIT seed="2,1,0,1,2,127" ten="557,348,70,25" oya="2" hai0="0,72,5,131,82,49,117,97,107,43,79,74,53" hai1="16,59,101,95,123,32,57,19,90,89,37,51,11" hai2="124,29,2,68,108,106,6,88,56,98,109,114,92" hai3="42,62,23,115,36,34,110,3,17,111,46,70,61"/><V24/><F114/><W86/><G34/><T33/><D43/><U41/><E32/><V10/><F124/><W25/><G3/><T21/><D74/><U125/><E37/><V71/><F106/><W75/><G75/><T55/><D21/><U20/><E125/><V15/><F2/><W83/><G115/><T130/><D33/><U113/><E123/><V38/><F38/><W28/><G17/><T133/><D133/><U87/><E101/><V14/><F14/><W7/><G7/><T78/><D78/><U8/><E113/><V84/><F56/><W60/><REACH who="3" step="1"/><G70/><REACH who="3" ten="557,348,70,15" step="2"/><T18/><D18/><U122/><E19/><V94/><F68/><W12/><G12/><T4/><D4/><U58/><E122/><V93/><F71/><W31/><G31/><T80/><D5/><U73/><E73/><V102/><REACH who="2" step="1"/><F93/><REACH who="2" ten="557,348,60,15" step="2"/><W54/><G54/><T22/><D55/><U118/><E95/><V128/><F128/><W48/><G48/><T96/><D49/><U50/><E50/><V30/><F30/><W81/><G81/><T85/><D53/><U112/><E51/><V105/><F105/><W134/><G134/><T66/><D107/><U76/><E112/><V13/><F13/><W132/><G132/><T1/><D1/><U45/><E41/><V9/><F9/><W91/><AGARI ba="1,2" hai="23,25,28,36,42,46,60,61,62,83,86,91,110,111" machi="91" ten="30,4000,0" yaku="1,1,0,1,53,1" doraHai="127" doraHaiUra="77" who="3" fromWho="3" sc="557,-11,348,-11,60,-21,15,63" /><INIT seed="3,0,0,1,1,132" ten="546,337,39,78" oya="3" hai0="127,23,108,44,40,57,124,46,81,92,54,66,88" hai1="42,71,134,37,31,73,3,9,97,125,120,19,32" hai2="123,112,109,10,5,33,82,129,90,77,69,2,80" hai3="63,78,115,56,100,18,55,52,83,75,128,122,103"/><W119/><G119/><T93/><D108/><U135/><E71/><V110/><F112/><W25/><G115/><T17/><D66/><U14/><E120/><V15/><F69/><W76/><G122/><T96/><D81/><U27/><E73/><V126/><F123/><W7/><G128/><T51/><D93/><U130/><E97/><V98/><F129/><W104/><G104/><T133/><D133/><U87/><E87/><V106/><F33/><W99/><G99/><T121/><D121/><U95/><E95/><N who="2" m="56695" /><F106/><W65/><G78/><T61/><D46/><U70/><E70/><V74/><F82/><W45/><G7/><T131/><D131/><U0/><E42/><V91/><F91/><W13/><G25/><AGARI ba="0,0" hai="17,23,25,40,44,51,54,57,61,88,92,96,124,127" machi="25" ten="40,8000,1" yaku="25,2,52,2,54,1" doraHai="132" who="0" fromWho="3" sc="546,80,337,0,39,0,78,-80" owari="626,72.6,337,13.7,39,-36.1,-2,-50.2" /></mjloggm>