<mjloggm ver="2.3"><GO type="225" lobby="0"/><UN n0="%E6%B8%A9%E2%98%85%E6%83%85%E2%98%85%E6%8E%AA%E2%98%85%E7%BD%AE" n1="%E3%82%B2%E3%82%B9%E8%8C%82%E5%8B%9D" n2="%E3%81%BF%E3%81%BF%E3%81%9A" n3="%E3%81%A9%E3%82%8F%E3%82%93%E3%81%94" dan="17,16,17,16" rate="2244.23,2111.00,2213.97,2095.88" sx="M,F,M,M"/><TAIKYOKU oya="0"/><INIT seed="0,0,0,4,2,35" ten="250,250,250,250" oya="0" hai0="117,33,77,61,95,58,42,80,97,21,99,111,68" hai1="125,70,88,103,101,10,32,124,89,25,9,65,83" hai2="16,63,56,122,112,31,92,108,74,27,28,66,14" hai3="30,84,73,64,85,47,116,90,40,41,12,34,44"/><T39/><D117/><U104/><E65/><V3/><F122/><W87/><G73/><T114/><D114/><U120/><E70/><V55/><F112/><W127/><G116/><T107/><D33/><U69/><E69/><V8/><F74/><W53/><G64/><T126/><D68/><U48/><E120/><V123/><F108/><W94/><G127/><N who="1" m="48714" /><E48/><V60/><F123/><W109/><G109/><T62/><D126/><U0/><E25/><V23/><F3/><W93/><G53/><T11/><D111/><U18/><E32/><V130/><F130/><W134/><G134/><T100/><D39/><U79/><E79/><V133/><F133/><W38/><G12/><T81/><D42/><U121/><E121/><V118/><F118/><W110/><G110/><T50/><D50/><U13/><E104/><V78/><F78/><W82/><G34/><T37/><D37/><U96/><E96/><V132/><F132/><W113/><G30/><T15/><D77/><U75/><E75/><V106/><F106/><W54/><G113/><T6/><D21/><U36/><E36/><V67/><F63/><W20/><G20/><T115/><D115/><U59/><E59/><V131/><F131/><W49/><G41/><T17/><D62/><U4/><E83/><N who="0" m="31817" /><D58/><U129/><E129/><V29/><REACH who="2" step="1"/><F92/><REACH who="2" ten="250,250,240,250" step="2"/><W135/><G135/><T7/><D61/><U91/><AGARI ba="0,1" hai="0,4,9,10,13,18,88,89,91,101,103" m="48714" machi="91" ten="30,4000,0" yaku="18,1,52,1,54,1" doraHai="35" who="1" fromWho="1" sc="250,-20,250,50,240,-10,250,-10" /><INIT seed="1,0,0,3,4,23" ten="230,300,230,240" oya="1" hai0="96,49,79,45,115,55,87,134,61,123,70,60,103" hai1="110,71,27,11,107,111,62,41,46,5,3,57,135" hai2="51,29,65,56,24,19,121,48,124,25,38,34,90" hai3="75,72,6,59,81,22,97,50,92,84,100,86,89"/><U118/><E118/><V44/><F121/><W31/><G6/><T36/><D123/><U109/><E135/><V125/><F90/><W113/><G113/><T88/><D115/><U85/><E107/><V28/><F19/><W116/><G116/><T42/><D134/><U119/><E119/><V17/><F17/><W94/><G50/><T114/><D79/><U20/><E71/><V80/><F80/><N who="3" m="49287" /><G59/><T8/><D70/><U83/><E85/><V21/><F65/><W120/><G22/><T82/><D8/><U35/><E35/><V43/><REACH who="2" step="1"/><F56/><REACH who="2" ten="230,300,220,240" step="2"/><W47/><G120/><T102/><D114/><U77/><E77/><V18/><F18/><W106/><G47/><T10/><D10/><U4/><E83/><V37/><F37/><W13/><G31/><T67/><D67/><N who="1" m="39375" /><E11/><V101/><F101/><W52/><G13/><T104/><D103/><U16/><E3/><V7/><F7/><W33/><G81/><T126/><D126/><AGARI ba="0,1" hai="21,24,25,28,29,34,38,43,44,48,51,124,125,126" machi="126" ten="40,8000,1" yaku="1,1,18,1,52,2,53,0" doraHai="23" doraHaiUra="130" who="2" fromWho="0" sc="230,-80,300,0,220,90,240,0" /><INIT seed="2,0,0,0,2,106" ten="150,300,310,240" oya="2" hai0="92,1,40,84,113,123,50,101,89,128,34,69,131" hai1="48,39,79,46,68,70,86,99,23,11,110,98,47" hai2="37,108,117,8,15,42,130,5,112,133,13,64,121" hai3="16,17,135,19,3,29,65,10,91,83,111,95,132"/><V97/><F112/><W57/><G111/><T38/><D34/><U124/><E110/><V9/><F108/><W96/><G83/><T24/><D1/><U61/><E39/><V43/><F117/><W85/><G29/><T44/><D113/><U115/><E115/><V28/><F121/><W82/><G65/><T73/><D123/><U81/><E124/><V58/><F130/><N who="0" m="49706" /><D69/><U60/><E23/><V45/><F133/><N who="3" m="51275" /><G57/><T80/><D24/><U103/><E11/><V88/><F28/><W107/><G107/><T78/><D101/><U87/><E103/><V102/><F102/><N who="3" m="60703" /><G3/><T63/><D63/><U67/><E67/><V6/><F45/><W59/><G59/><T14/><D14/><AGARI ba="0,0" hai="10,14,16,17,19,82,85,91" m="60703,51275" machi="14" ten="30,2000,0" yaku="20,1,54,1" doraHai="106" who="3" fromWho="0" sc="150,-20,300,0,310,0,240,20" /><INIT seed="3,0,0,2,3,25" ten="130,300,310,260" oya="3" hai0="115,37,36,68,47,43,105,2,23,60,33,53,81" hai1="63,13,65,54,15,110,97,12,94,44,11,129,67" hai2="4,99,49,79,102,16,88,80,52,131,19,71,86" hai3="132,133,134,135,3,21,26,113,62,24,87,93,74"/><W114/><N who="3" m="33792" /><DORA hai="90" /><W64/><G74/><T77/><D115/><N who="3" m="44041" /><G3/><T70/><D33/><U83/><E110/><V46/><F131/><W127/><G127/><T45/><D23/><U109/><E109/><V108/><F108/><W41/><G41/><N who="0" m="22695" /><D81/><U85/><E129/><V27/><F71/><N who="0" m="27178" /><D77/><N who="1" m="46319" /><E11/><V89/><F4/><W128/><G128/><T98/><D98/><U82/><E82/><V57/><F46/><W31/><G26/><T69/><D105/><U125/><E125/><V84/><F27/><W123/><G123/><T119/><D2/><U104/><E104/><V75/><F75/><W73/><G73/><T5/><D5/><U61/><E44/><V40/><F40/><W9/><G9/><T72/><D72/><U58/><E63/><V117/><F117/><W10/><G10/><T101/><D101/><AGARI ba="0,0" hai="12,13,15,54,58,61,65,67,94,97,101" m="46319" machi="101" ten="30,2000,0" yaku="8,1,52,1" doraHai="25,90" who="1" fromWho="0" sc="130,-20,300,20,310,0,260,0" owari="110,-39.0,320,42.0,310,11.0,260,-14.0" /></mjloggm>