<mjloggm ver="2.3"><GO type="225" lobby="0"/><UN n0="%E6%A1%9C%E8%8A%B1%E9%96%83%E3%80%85" n1="%E3%82%BC%E3%83%AB%E3%83%80%E3%81%AE%E4%BC%9D%E8%AA%AC" n2="%E3%80%90%E3%83%88%E3%83%AA%E3%83%A5%E3%83%95%E3%80%91" n3="%E5%8D%A0%E3%81%84%E5%B8%AB%E8%A3%8F%E3%81%AA%E3%81%84%E3%81%97" dan="17,17,16,17" rate="2220.31,2142.47,2115.85,2203.97" sx="M,M,M,M"/><TAIKYOKU oya="0"/><INIT seed="0,0,0,1,1,43" ten="250,250,250,250" oya="0" hai0="98,36,128,115,91,118,81,27,121,59,85,102,55" hai1="82,133,34,57,47,130,11,75,39,53,10,46,72" hai2="100,19,67,120,111,113,116,80,97,22,29,60,64" hai3="51,105,3,32,112,101,83,7,117,73,44,1,8"/><T4/><D115/><U129/><E34/><V33/><F120/><W21/><G112/><T119/><D121/><U131/><E133/><V123/><F123/><W50/><G117/><T68/><D68/><U13/><E39/><V86/><F113/><W25/><G32/><T103/><D128/><U79/><E75/><V93/><F111/><W132/><G132/><T66/><D66/><U26/><E26/><V92/><F92/><W18/><G101/><T38/><D4/><N who="1" m="3271" /><E11/><V42/><F42/><W104/><G51/><AGARI ba="0,0" hai="46,47,51,53,57,72,79,82,129,130,131" m="3271" machi="51" ten="30,3900,0" yaku="19,1,52,2" doraHai="43" who="1" fromWho="3" sc="250,0,250,39,250,0,250,-39" /><INIT seed="1,0,0,4,0,127" ten="250,289,250,211" oya="1" hai0="112,53,131,81,85,23,16,36,130,25,35,0,83" hai1="22,50,57,105,88,100,4,74,114,101,123,122,110" hai2="27,19,116,96,121,41,128,20,60,61,12,9,87" hai3="14,52,134,10,51,44,84,40,2,70,49,71,64"/><U15/><E114/><V6/><F116/><W86/><G2/><T24/><D112/><U117/><E117/><V95/><F121/><W109/><G109/><T78/><D0/><U132/><E74/><V26/><F87/><W98/><G134/><T33/><D36/><U34/><E34/><V107/><F107/><W79/><G98/><T126/><D126/><U1/><E132/><V93/><F41/><W38/><G79/><T47/><D83/><U13/><E110/><V76/><F76/><W43/><G49/><N who="0" m="28863" /><D25/><U77/><E77/><V54/><F27/><W28/><G28/><T29/><D29/><U135/><E135/><V91/><F95/><W133/><G40/><T31/><D31/><U73/><E73/><V118/><F118/><W39/><G39/><T115/><D115/><U56/><E50/><V30/><F128/><AGARI ba="0,0" hai="16,23,24,33,35,78,81,85,128,130,131" m="28863" machi="128" ten="30,8000,1" yaku="19,1,52,3,54,1" doraHai="127" who="0" fromWho="2" sc="250,80,289,0,250,-80,211,0" /><INIT seed="2,0,0,3,3,33" ten="330,289,170,211" oya="2" hai0="100,105,57,31,77,90,131,69,39,18,63,109,37" hai1="24,108,15,103,48,28,127,53,126,79,4,112,30" hai2="111,91,5,104,65,92,76,73,135,94,17,42,121" hai3="19,118,96,12,46,110,87,59,115,45,67,21,2"/><V27/><F121/><W38/><G118/><T102/><D69/><U3/><E112/><V50/><F135/><W99/><G115/><T41/><D31/><U128/><E108/><V129/><F104/><W74/><G74/><T1/><D109/><U56/><E128/><V8/><F129/><W13/><G110/><T123/><D123/><U60/><E79/><V97/><F65/><W72/><G72/><T88/><D1/><U32/><E28/><V29/><F111/><W85/><G38/><T58/><D77/><U49/><E15/><V78/><F73/><W70/><G70/><T44/><D131/><U16/><E16/><V64/><F64/><W86/><G2/><T89/><D39/><U14/><E14/><N who="2" m="5391" /><F29/><W101/><G12/><T125/><D125/><N who="1" m="47627" /><E103/><V0/><F94/><N who="3" m="58519" /><G99/><T75/><D75/><U36/><E36/><V106/><F106/><W47/><G67/><T55/><D105/><U71/><E71/><V10/><F0/><W117/><G117/><T7/><D7/><U113/><E113/><V34/><F34/><W98/><G98/><T66/><REACH who="0" step="1"/><D18/><REACH who="0" ten="320,289,170,211" step="2"/><U6/><E4/><V25/><F17/><W20/><G19/><T133/><D133/><U107/><E107/><V93/><F10/><AGARI ba="0,1" hai="3,6,10,24,30,32,48,49,53,56,60" m="47627" machi="10" ten="30,2000,0" yaku="18,1,52,1" doraHai="33" who="1" fromWho="2" sc="320,0,289,30,170,-20,211,0" /><INIT seed="3,0,0,2,2,99" ten="320,319,150,211" oya="3" hai0="3,124,105,123,50,68,118,86,29,130,0,52,51" hai1="1,54,102,36,17,76,66,83,20,117,53,56,96" hai2="79,18,63,129,26,111,48,92,70,135,112,90,42" hai3="60,114,43,2,126,80,35,120,6,104,115,47,8"/><W103/><G120/><T84/><D118/><U22/><E36/><V72/><F112/><W67/><G126/><T73/><D73/><U21/><E1/><V37/><F111/><W94/><G94/><T19/><D105/><U23/><E117/><V40/><F129/><W122/><G80/><T132/><D68/><U125/><E125/><V57/><F135/><W82/><G122/><T71/><D71/><U24/><E66/><V74/><F37/><N who="3" m="21999" /><G35/><T85/><D29/><U101/><E96/><V12/><F26/><W108/><G108/><T128/><D124/><U55/><REACH who="1" step="1"/><E56/><REACH who="1" ten="320,309,150,211" step="2"/><V119/><F119/><W44/><G67/><T127/><D127/><U5/><E5/><V27/><F70/><W39/><G6/><T14/><D123/><U75/><AGARI ba="0,1" hai="17,20,21,22,23,24,53,54,55,75,76,83,101,102" machi="75" ten="30,7900,0" yaku="1,1,0,1,52,2,53,0" doraHai="99" doraHaiUra="134" who="1" fromWho="1" sc="320,-20,309,89,150,-20,211,-39" owari="300,10.0,398,49.8,130,-37.0,172,-22.8" /></mjloggm>