<mjloggm ver="2.3"><GO type="225" lobby="0"/><UN n0="%61%6D%65%6B%69" n1="%E9%80%9F%E6%B0%B4%E5%87%9B%E9%A6%99" n2="%E3%82%B5%E3%83%AB%E3%82%B7%E3%83%B3" n3="%43%68%65" dan="16,16,16,16" rate="2080.86,2105.72,2108.92,2124.82" sx="M,F,M,M"/><TAIKYOKU oya="0"/><INIT seed="0,0,0,4,4,85" ten="250,250,250,250" oya="0" hai0="77,111,14,70,73,64,98,118,10,108,81,40,113" hai1="115,22,2,16,33,42,52,32,132,41,65,30,100" hai2="20,13,27,88,117,91,31,87,86,15,57,110,104" hai3="74,9,18,19,99,49,72,21,112,51,94,95,126"/><T5/><D113/><U71/><E132/><V53/><F104/><W128/><G112/><T34/><D118/><U130/><E2/><V7/><F110/><N who="0" m="42026" /><D34/><U55/><E115/><V120/><F120/><W67/><G67/><T38/><D64/><U24/><E130/><V79/><F79/><W58/><G126/><T29/><D29/><U6/><E6/><V103/><F103/><W61/><G128/><T134/><D70/><U96/><E32/><V125/><F125/><W68/><G68/><T28/><D28/><U101/><E101/><V83/><F117/><W35/><G35/><T0/><D14/><U109/><E109/><V124/><F7/><W37/><G37/><T39/><D134/><U69/><E69/><V123/><F123/><W59/><G61/><T36/><D98/><U12/><E42/><AGARI ba="0,0" hai="0,5,10,36,38,39,40,42,73,77,81" m="42026" machi="42" ten="40,3900,0" yaku="14,1,10,1" doraHai="85" who="0" fromWho="1" sc="250,39,250,-39,250,0,250,0" /><INIT seed="0,1,0,3,4,104" ten="289,211,250,250" oya="0" hai0="133,8,93,108,129,102,56,123,83,132,112,114,68" hai1="72,31,33,69,17,35,7,60,12,97,85,127,66" hai2="20,84,62,90,76,14,122,47,43,92,78,57,119" hai3="131,44,21,134,11,16,87,26,40,99,50,107,115"/><T106/><D68/><U79/><E127/><V51/><F122/><W46/><G115/><N who="0" m="44075" /><D56/><U120/><E120/><V109/><F109/><W18/><G131/><T6/><D6/><U23/><E85/><V38/><F38/><W15/><G134/><N who="0" m="51819" /><D8/><U116/><E116/><V96/><F119/><W28/><G46/><T54/><D54/><U95/><E7/><V3/><F3/><W52/><G107/><T74/><D123/><U53/><E53/><V24/><F84/><W30/><G99/><N who="0" m="61791" /><D129/><U89/><REACH who="1" step="1"/><E31/><REACH who="1" ten="289,201,250,250" step="2"/><V29/><F14/><W42/><G30/><T70/><D70/><U126/><E126/><V36/><F36/><W75/><G28/><T55/><D55/><AGARI ba="1,1" hai="20,24,29,43,47,51,55,57,62,76,78,90,92,96" machi="55" ten="30,2000,0" yaku="7,1,8,1" doraHai="104" who="2" fromWho="0" sc="289,-23,201,0,250,33,250,0" /><INIT seed="1,0,0,1,1,53" ten="266,201,283,250" oya="1" hai0="80,39,68,65,87,90,109,127,22,38,16,97,76" hai1="58,12,70,33,55,66,29,5,45,78,131,95,57" hai2="11,49,61,73,112,92,31,75,102,24,117,88,113" hai3="74,28,116,37,101,85,25,118,50,52,67,7,123"/><U81/><E131/><V100/><F117/><N who="3" m="45163" /><G74/><N who="2" m="28169" /><F49/><W10/><G37/><T20/><D109/><U107/><E107/><V62/><F11/><W34/><G123/><T48/><D127/><U60/><E33/><V2/><F2/><W129/><G129/><T46/><D22/><U42/><E29/><V32/><F62/><W82/><G101/><T30/><D30/><U122/><E122/><V35/><F61/><W15/><G67/><T69/><D65/><U18/><E5/><V54/><F54/><W99/><G99/><T56/><D39/><U40/><E95/><V93/><F93/><W51/><G52/><T108/><D38/><U17/><E17/><V47/><F47/><W105/><G105/><T132/><D69/><U128/><E128/><V72/><N who="2" m="28177" /><V86/><DORA hai="36" /><F35/><W8/><G8/><T126/><D68/><U13/><E45/><V79/><F79/><AGARI ba="0,0" hai="7,10,15,25,28,34,50,51,79,82,85" m="45163" machi="79" ten="30,1000,0" yaku="12,1" doraHai="53,36" who="3" fromWho="2" sc="266,0,201,0,283,-10,250,10" /><INIT seed="2,0,0,0,0,82" ten="266,201,273,260" oya="2" hai0="55,45,46,99,97,24,128,116,17,132,4,133,34" hai1="26,18,29,76,93,65,74,131,30,110,41,32,68" hai2="114,89,122,28,25,23,8,67,38,130,63,7,71" hai3="73,118,75,16,117,48,6,54,111,102,0,108,98"/><V92/><F122/><W101/><G0/><T15/><D116/><U19/><E110/><N who="3" m="42026" /><G6/><T2/><D128/><U60/><E131/><V21/><F130/><W40/><G40/><T103/><D2/><U129/><E129/><V85/><F38/><W49/><G16/><T91/><D4/><U80/><E41/><V78/><F114/><W53/><G49/><T88/><D24/><U64/><E64/><V11/><F11/><W86/><G86/><T96/><D103/><N who="3" m="39433" /><G98/><T43/><D55/><N who="3" m="21001" /><G48/><N who="0" m="26687" /><D46/><U72/><E72/><AGARI ba="0,0" hai="72,73,75,117,118" m="21001,39433,42026" machi="72" ten="40,5200,0" yaku="28,2,14,1" doraHai="82" who="3" fromWho="1" sc="266,0,201,-52,273,0,260,52" /><INIT seed="3,0,0,1,0,69" ten="266,149,273,312" oya="3" hai0="46,53,131,29,61,76,116,19,78,6,100,107,22" hai1="36,83,121,126,95,94,117,54,112,127,86,102,109" hai2="103,16,26,41,11,13,28,110,18,91,35,114,84" hai3="45,130,17,111,52,49,51,66,128,99,32,104,64"/><W81/><G111/><T115/><D116/><U80/><E54/><V10/><F114/><W50/><G32/><T47/><D107/><U7/><E7/><V122/><F110/><W59/><G17/><T8/><D115/><U5/><E5/><V70/><F70/><W55/><G50/><N who="0" m="28887" /><D100/><U92/><E109/><V79/><F122/><W98/><G81/><N who="1" m="31306" /><E112/><V58/><F79/><N who="0" m="30250" /><D131/><N who="3" m="50217" /><G104/><T105/><D105/><U2/><E2/><V14/><F103/><W0/><G0/><T48/><D29/><U21/><E21/><V33/><F33/><W87/><G87/><T73/><D73/><U71/><E71/><V123/><F123/><W25/><G25/><N who="0" m="14559" /><D61/><U113/><E113/><V27/><F35/><W108/><G108/><T20/><D20/><U1/><E1/><V43/><F28/><W118/><G118/><T119/><D119/><U135/><E117/><V39/><F84/><W132/><G132/><T3/><D3/><U89/><E121/><V67/><F91/><W60/><G60/><T44/><D48/><U34/><E34/><V88/><F88/><W120/><G120/><T23/><D23/><U37/><E102/><V77/><F77/><W125/><G64/><T42/><D42/><U12/><E12/><V96/><F27/><W124/><G66/><T40/><D40/><N who="2" m="15434" /><F26/><W72/><G72/><T38/><D38/><N who="1" m="14955" /><E135/><V65/><F39/><W106/><G106/><T30/><D30/><U24/><E24/><V57/><F96/><AGARI ba="0,0" hai="45,49,51,52,55,59,96,98,99,124,125" m="50217" machi="96" ten="30,2900,0" yaku="19,1,54,1" doraHai="69" who="3" fromWho="2" sc="266,0,149,0,273,-29,312,29" owari="266,6.6,149,-35.1,244,-15.6,341,44.1" /></mjloggm>