<mjloggm ver="2.3"><GO type="225" lobby="0"/><UN n0="%E3%81%A1%E3%82%85%E3%81%86%E3%81%A9%E3%81%8F%E8%B1%A1%E3%81%95%E3%82%93" n1="%E9%80%9F%E6%B0%B4%E5%87%9B%E9%A6%99" n2="%E6%97%A5%E6%9B%9C%E6%97%A5%E3%82%88%E3%82%8A%E3%81%AE%E4%BD%BF%E8%80%85" n3="%4E%49%4A%49%49%52%4F" dan="17,16,17,16" rate="2216.73,2116.62,2160.24,2157.74" sx="M,F,M,M"/><TAIKYOKU oya="0"/><INIT seed="0,0,0,2,2,60" ten="250,250,250,250" oya="0" hai0="106,74,27,5,51,63,11,127,47,96,92,91,20" hai1="24,130,8,93,0,15,94,98,25,79,67,109,10" hai2="3,133,70,80,90,64,84,114,42,97,59,28,99" hai3="134,87,101,68,29,132,14,89,104,26,126,4,55"/><T33/><D74/><U36/><E36/><V38/><F114/><W75/><G75/><T54/><D127/><U124/><E124/><V13/><F3/><W23/><G126/><T81/><D33/><U71/><E71/><V86/><F70/><W9/><G68/><T105/><D81/><U22/><E0/><V30/><F133/><N who="3" m="51307" /><G55/><T52/><D54/><U17/><E109/><V117/><F117/><W16/><G101/><T78/><D78/><U44/><E130/><V7/><F42/><W31/><G104/><T123/><D63/><U103/><E79/><V135/><F38/><W2/><G89/><T65/><D65/><U58/><E44/><V61/><F135/><W116/><G87/><T56/><D47/><U73/><E73/><V69/><F69/><W37/><G37/><T118/><D118/><U6/><E94/><V32/><F86/><W76/><G76/><T119/><D119/><U53/><E67/><V34/><F34/><W43/><G43/><T100/><D100/><U35/><E35/><V41/><F41/><W131/><G116/><T12/><REACH who="0" step="1"/><D123/><REACH who="0" ten="240,250,250,250" step="2"/><U19/><E53/><V129/><F32/><N who="3" m="20535" /><G31/><AGARI ba="0,1" hai="5,11,12,20,27,31,51,52,56,91,92,96,105,106" machi="31" ten="30,5800,0" yaku="1,1,7,1,54,1,53,0" doraHai="60" doraHaiUra="40" who="0" fromWho="3" sc="240,68,250,0,250,0,250,-58" /><INIT seed="0,1,0,0,5,46" ten="308,250,250,192" oya="0" hai0="130,53,14,105,68,89,124,80,69,77,5,17,90" hai1="49,42,112,23,22,32,76,107,35,3,87,20,54" hai2="6,4,109,39,104,129,7,75,19,131,97,103,1" hai3="27,111,134,93,106,121,21,57,12,10,40,99,66"/><T65/><D105/><U119/><E107/><V113/><F113/><W92/><G111/><T28/><D28/><U33/><E3/><V2/><F75/><W86/><G134/><T56/><D5/><U118/><E42/><V100/><F39/><W24/><G121/><T44/><D44/><U26/><E26/><V18/><F109/><W31/><G40/><T29/><D29/><U73/><E73/><V58/><F58/><W60/><G27/><T48/><D124/><U102/><E102/><V127/><F127/><W81/><G106/><T108/><D130/><N who="2" m="49674" /><F103/><W98/><G98/><T30/><D30/><U91/><E76/><V83/><F83/><W8/><G8/><T62/><D68/><U55/><E112/><V79/><F79/><W84/><G93/><T13/><D108/><U88/><E87/><V122/><F122/><W101/><G81/><T116/><D116/><N who="1" m="44587" /><E49/><V51/><F51/><W95/><G92/><T132/><D132/><U96/><E96/><V52/><F52/><AGARI ba="1,0" hai="20,22,23,32,33,35,52,54,55,88,91" m="44587" machi="52" ten="40,8000,1" yaku="28,2,54,2" doraHai="46" who="1" fromWho="2" sc="308,0,250,83,250,-83,192,0" /><INIT seed="1,0,0,1,3,135" ten="308,333,167,192" oya="1" hai0="95,98,9,93,2,3,85,68,120,13,86,112,15" hai1="103,78,115,45,1,118,54,50,132,38,62,75,53" hai2="10,32,5,105,59,116,49,106,101,102,126,14,19" hai3="76,100,67,25,110,73,91,42,46,131,80,107,65"/><U104/><E118/><V26/><F116/><W51/><G110/><T55/><D112/><U69/><E1/><V92/><F106/><W63/><G131/><T117/><D117/><U44/><E103/><V12/><F105/><W21/><G91/><T6/><D68/><U109/><E104/><V74/><F74/><W35/><G35/><T37/><D37/><U111/><E78/><V99/><F32/><W39/><G39/><T8/><D120/><U0/><E0/><V64/><F26/><W60/><G100/><T122/><D122/><U128/><E109/><V72/><F72/><W94/><G94/><T28/><D28/><U11/><E11/><V90/><F126/><W84/><G107/><T48/><D2/><U127/><E75/><V18/><F5/><W20/><G73/><T40/><D40/><U57/><E115/><V33/><F33/><W123/><G123/><T29/><D29/><U121/><E121/><V27/><F27/><W79/><G79/><T52/><D3/><U88/><E88/><V83/><F83/><W70/><REACH who="3" step="1"/><G25/><REACH who="3" ten="308,333,167,182" step="2"/><T108/><D108/><U36/><E128/><V133/><F133/><W125/><G125/><T129/><D129/><U31/><E111/><V130/><F130/><W96/><G96/><T16/><D95/><U61/><E132/><V7/><F102/><W22/><G22/><T56/><D98/><U43/><E127/><V81/><F101/><W66/><G66/><T89/><D85/><U77/><E77/><V87/><F64/><W41/><G41/><T34/><D34/><U71/><E36/><V47/><F99/><RYUUKYOKU ba="0,1" sc="308,15,333,-15,167,-15,182,15" hai0="6,8,9,13,15,16,48,52,55,56,86,89,93" hai3="20,21,42,46,51,60,63,65,67,70,76,80,84" /><INIT seed="2,1,1,0,0,95" ten="323,318,152,197" oya="2" hai0="36,73,72,61,55,133,38,76,135,22,79,31,69" hai1="9,74,129,132,5,127,105,65,124,119,18,92,117" hai2="6,21,0,54,116,77,40,97,104,24,110,23,90" hai3="3,112,13,84,33,50,56,17,126,87,46,71,78"/><V100/><F116/><N who="1" m="44617" /><E105/><V37/><F110/><W62/><G3/><T94/><D94/><U81/><E92/><V88/><F77/><N who="0" m="29770" /><D31/><U66/><E81/><V70/><F70/><W98/><G33/><T44/><D22/><U107/><E107/><V45/><F54/><W32/><G32/><T49/><D69/><U47/><E47/><V4/><F21/><W86/><G71/><T128/><D128/><U122/><E74/><N who="0" m="28777" /><D61/><U130/><E18/><V80/><F0/><W1/><G1/><T2/><D2/><N who="1" m="183" /><E122/><V34/><F34/><W51/><G126/><N who="1" m="48170" /><E132/><AGARI ba="1,1" hai="36,38,44,49,55,132,133,135" m="28777,29770" machi="132" ten="30,1000,0" yaku="20,1" doraHai="95" who="0" fromWho="1" sc="323,23,318,-13,152,0,197,0" /><INIT seed="3,0,0,4,5,78" ten="346,305,152,197" oya="3" hai0="85,116,3,120,10,40,54,115,106,114,102,73,127" hai1="9,29,17,84,66,70,90,59,12,37,105,80,121" hai2="101,100,27,65,62,82,71,104,1,20,94,57,68" hai3="55,123,86,15,87,0,35,97,8,133,19,45,5"/><W134/><G123/><T118/><D120/><U13/><E105/><V112/><F112/><N who="0" m="43050" /><D73/><U43/><E70/><V50/><F1/><W56/><G45/><T129/><D129/><U124/><E124/><V51/><F104/><W110/><G110/><T103/><D127/><U2/><E2/><V119/><F119/><N who="0" m="45610" /><D40/><U48/><E29/><V93/><F71/><W74/><G74/><T16/><D106/><U52/><E121/><V92/><F68/><W18/><G97/><T63/><D85/><U49/><E66/><V75/><F75/><W32/><G86/><T61/><D16/><N who="3" m="6185" /><G87/><T76/><D76/><U81/><E37/><V21/><F82/><N who="1" m="31849" /><E13/><V96/><F20/><W99/><G99/><T77/><D77/><U109/><E109/><V67/><F67/><W44/><G44/><T11/><D3/><U47/><E84/><V23/><F23/><W91/><G91/><AGARI ba="0,0" hai="9,12,17,43,47,48,49,52,59,90,91" m="31849" machi="91" ten="30,8000,1" yaku="8,1,52,3,54,1" doraHai="78" who="1" fromWho="3" sc="346,0,305,80,152,0,197,-80" owari="346,14.6,385,48.5,152,-24.8,117,-38.3" /></mjloggm>