<mjloggm ver="2.3"><GO type="225" lobby="0"/><UN n0="%61%6D%65%6B%69" n1="%E6%A1%9C%E8%8A%B1%E9%96%83%E3%80%85" n2="%E3%81%86%E3%82%8C%E3%81%9F%E3%82%93%E6%9E%95" n3="%E9%80%9F%E6%B0%B4%E5%87%9B%E9%A6%99" dan="16,17,16,16" rate="2049.99,2257.64,2159.03,2101.03" sx="M,M,F,F"/><TAIKYOKU oya="0"/><INIT seed="0,0,0,4,2,108" ten="250,250,250,250" oya="0" hai0="131,49,22,72,73,84,96,62,79,34,35,95,18" hai1="59,115,64,102,81,90,43,86,15,58,26,110,99" hai2="16,111,52,106,54,2,119,134,40,77,27,89,78" hai3="24,25,123,31,97,83,57,45,135,98,13,10,29"/><T32/><D131/><U56/><E110/><V128/><F111/><W114/><G114/><T65/><D49/><U103/><E43/><V133/><F2/><W63/><G135/><N who="2" m="51721" /><F128/><W51/><G123/><T124/><D124/><U120/><E120/><V92/><F106/><W100/><G83/><T117/><D117/><U14/><E64/><V68/><F68/><W74/><G74/><T6/><D6/><U122/><E122/><V87/><F40/><W9/><G9/><T121/><D84/><U91/><E115/><V93/><F93/><W127/><G127/><T28/><D28/><U107/><E26/><N who="3" m="10346" /><G100/><N who="1" m="38442" /><E107/><V85/><F119/><W105/><G105/><T76/><D121/><U70/><E70/><V67/><F67/><N who="3" m="39407" /><G29/><T20/><D18/><U19/><E19/><V33/><F33/><W53/><G31/><T116/><D116/><U38/><E38/><V60/><F60/><W94/><G94/><AGARI ba="0,0" hai="14,15,56,58,59,81,86,90,91,94,99" m="38442" machi="94" ten="30,1000,0" yaku="8,1" doraHai="108" who="1" fromWho="3" sc="250,0,250,10,250,0,250,-10" /><INIT seed="1,0,0,4,1,85" ten="250,260,250,240" oya="1" hai0="100,116,61,113,93,10,4,74,30,96,134,1,5" hai1="17,48,73,19,95,103,124,67,43,101,21,12,106" hai2="71,28,29,135,9,83,112,127,52,66,110,130,58" hai3="68,34,91,56,64,82,72,92,117,99,119,69,22"/><U33/><E106/><V111/><F130/><W114/><G34/><T115/><D116/><N who="3" m="44617" /><G114/><T20/><D74/><U54/><E33/><V62/><F112/><W39/><G39/><T94/><D134/><U121/><E121/><V128/><F127/><W122/><G122/><T7/><D113/><U27/><E124/><V80/><F128/><W97/><G97/><T8/><D115/><U35/><E73/><V16/><F135/><W104/><G104/><T44/><D1/><U123/><E123/><V76/><F83/><W87/><G72/><T57/><D93/><U118/><E67/><V26/><F9/><W13/><G56/><T45/><D45/><U32/><E43/><V126/><F16/><N who="3" m="10511" /><G64/><T60/><D44/><N who="1" m="27911" /><E32/><V81/><F126/><W38/><G38/><T133/><D133/><U36/><E35/><V105/><F105/><W108/><G108/><T75/><D75/><U0/><E36/><V79/><F110/><W14/><G14/><T2/><D2/><U90/><E0/><V23/><F111/><W86/><G86/><T15/><D61/><U107/><E107/><V63/><F28/><W120/><G120/><T131/><D131/><U88/><E118/><V98/><F98/><W31/><G31/><T102/><D102/><AGARI ba="0,0" hai="68,69,82,87,91,92,99,102" m="10511,44617" machi="102" ten="30,3900,0" yaku="12,1,52,1,54,1" doraHai="85" who="3" fromWho="0" sc="250,-39,260,0,250,0,240,39" /><INIT seed="2,0,0,3,3,76" ten="211,260,250,279" oya="2" hai0="24,50,2,85,26,94,91,103,96,69,74,97,3" hai1="38,117,88,110,8,70,59,116,79,109,95,36,84" hai2="43,106,115,126,71,57,1,28,52,41,56,15,42" hai3="121,123,124,66,78,67,127,23,0,114,89,128,77"/><V11/><F115/><W40/><G0/><T87/><D69/><U14/><E70/><V104/><F126/><N who="3" m="48171" /><G40/><T9/><D74/><U49/><E79/><N who="3" m="30218" /><G114/><T20/><D3/><U62/><E49/><V75/><F71/><W129/><G23/><T35/><D2/><U25/><E25/><V81/><F75/><W45/><G45/><T55/><D9/><U6/><E38/><V135/><F81/><W80/><G80/><T17/><D35/><U21/><E21/><V113/><F135/><W125/><G89/><T46/><REACH who="0" step="1"/><D26/><REACH who="0" ten="201,260,250,279" step="2"/><U73/><E73/><V13/><F113/><W61/><G125/><T98/><D98/><U111/><REACH who="1" step="1"/><E36/><REACH who="1" ten="201,250,250,279" step="2"/><V65/><F1/><W12/><G12/><T102/><D102/><U30/><E30/><V86/><F28/><W119/><G119/><T34/><D34/><U99/><E99/><V132/><F15/><W54/><G123/><T131/><D131/><U101/><E101/><V118/><F118/><W134/><G121/><T16/><D16/><U130/><E130/><V90/><F13/><W48/><G128/><T100/><D100/><U27/><E27/><V83/><F11/><W122/><G129/><T68/><D68/><U58/><E58/><V93/><F57/><W4/><G122/><T72/><D72/><U19/><E19/><V60/><F56/><W133/><G4/><T105/><AGARI ba="0,2" hai="17,20,24,46,50,55,85,87,91,94,96,97,103,105" machi="105" ten="20,2700,0" yaku="1,1,0,1,7,1,53,0" doraHai="76" doraHaiUra="7" who="0" fromWho="0" sc="201,47,250,-7,250,-13,279,-7" /><INIT seed="3,0,0,4,2,33" ten="248,243,237,272" oya="3" hai0="20,94,62,106,99,107,80,134,4,121,117,56,19" hai1="15,72,90,48,86,69,11,6,21,114,59,42,7" hai2="123,67,77,65,70,39,92,126,38,53,27,104,112" hai3="16,37,91,25,119,83,130,82,81,97,8,10,51"/><W135/><G37/><T75/><D117/><U108/><E114/><V102/><F112/><W110/><G119/><T23/><D121/><U100/><E69/><V5/><F126/><W60/><G135/><T32/><D32/><U24/><E108/><V44/><F123/><W40/><G130/><T78/><D134/><U73/><E100/><V1/><F104/><W47/><G110/><T14/><D23/><U89/><E6/><V34/><F77/><W3/><G60/><T88/><REACH who="0" step="1"/><D4/><REACH who="0" ten="238,243,237,272" step="2"/><U28/><E21/><V49/><F34/><W95/><G3/><T68/><D68/><U87/><E7/><V109/><F5/><W103/><G8/><T129/><D129/><U131/><E11/><V79/><F1/><W122/><G122/><T18/><D18/><U17/><E17/><V71/><F71/><W2/><G2/><T133/><D133/><U54/><E131/><V30/><F109/><W22/><G10/><T127/><D127/><U55/><E28/><V96/><F70/><W43/><G43/><T125/><D125/><U64/><E24/><V118/><F118/><W46/><G46/><T41/><D41/><U84/><E42/><V85/><F27/><W66/><G66/><AGARI ba="0,1" hai="14,19,20,56,62,66,75,78,80,88,94,99,106,107" machi="66" ten="30,3900,0" yaku="1,1,7,1,54,1,53,0" doraHai="33" doraHaiUra="111" who="0" fromWho="3" sc="238,49,243,0,237,0,272,-39" /><INIT seed="4,0,0,0,3,93" ten="287,243,237,233" oya="0" hai0="111,6,125,50,18,116,39,46,3,1,101,129,115" hai1="65,87,121,88,8,75,52,16,51,33,94,10,131" hai2="55,73,48,15,120,44,49,38,108,96,21,26,74" hai3="64,63,90,110,124,95,99,24,54,122,82,4,130"/><T119/><D39/><U102/><E121/><V7/><F120/><W14/><G110/><T123/><D123/><U9/><E33/><V112/><F108/><W100/><G122/><T105/><D111/><U22/><E75/><V68/><F68/><W43/><G130/><T28/><D28/><U40/><E131/><V20/><F38/><W133/><G124/><T104/><D129/><U81/><E65/><V114/><F20/><W106/><G133/><T79/><D79/><U45/><E40/><V2/><F2/><W32/><G43/><T59/><D125/><U31/><E31/><V53/><F15/><W128/><G128/><T76/><D76/><U127/><E127/><V107/><F7/><W69/><G54/><T27/><D59/><U80/><E102/><V36/><F36/><W37/><G37/><T118/><D101/><U77/><E77/><V117/><F96/><W97/><G82/><T92/><D92/><U25/><AGARI ba="0,0" hai="8,9,10,16,22,25,45,51,52,80,81,87,88,94" machi="25" ten="30,8000,1" yaku="0,1,8,1,54,3" doraHai="93" who="1" fromWho="1" sc="287,-40,243,80,237,-20,233,-20" owari="247,4.7,323,42.3,217,-18.3,213,-28.7" /></mjloggm>