<mjloggm ver="2.3"><GO type="225" lobby="0"/><UN n0="%E7%BD%AA%E5%88%91%E6%B3%95%E5%AE%9A%E4%B8%BB%E7%BE%A9" n1="%E5%8F%AF%E5%85%90%E9%82%A3%E7%94%B1%E5%A4%9A" n2="%E3%82%B7%E3%83%B3%E5%A4%AA%E6%9C%97" n3="%E3%81%AA%E3%81%A1%30%39%32%37" dan="16,17,16,16" rate="2178.27,2251.06,2133.66,2119.44" sx="M,F,M,M"/><TAIKYOKU oya="0"/><INIT seed="0,0,0,0,5,13" ten="250,250,250,250" oya="0" hai0="45,67,133,80,128,55,58,60,119,69,75,41,109" hai1="118,54,88,14,30,26,105,52,98,91,24,3,65" hai2="76,125,103,101,2,12,117,59,74,120,113,129,123" hai3="115,11,71,19,90,121,8,61,108,9,62,94,86"/><T46/><D119/><U77/><E118/><V53/><F2/><W6/><G115/><T97/><D133/><U64/><E3/><V10/><F113/><W92/><G108/><T114/><D114/><U36/><E36/><V66/><F117/><W100/><G121/><T131/><D97/><U35/><E77/><V111/><F66/><W99/><G6/><T16/><D75/><U89/><E24/><V38/><F38/><W132/><G132/><T63/><D80/><U21/><E64/><V93/><F111/><W4/><G71/><T17/><D109/><U134/><E134/><V22/><F125/><W5/><G5/><T72/><D72/><U20/><E65/><V127/><F22/><W32/><G32/><T33/><D33/><U57/><E14/><V48/><F127/><W15/><REACH who="3" step="1"/><G4/><REACH who="3" ten="250,250,250,240" step="2"/><T68/><D69/><U29/><E35/><V49/><F129/><N who="0" m="49738" /><D46/><U95/><E105/><V43/><F120/><W124/><G124/><T7/><D7/><U51/><E54/><V83/><F123/><W81/><G81/><T107/><D107/><U79/><E52/><V73/><F93/><W116/><G116/><T85/><D85/><U31/><E95/><V126/><F74/><W106/><G106/><T104/><D104/><U122/><E122/><V84/><F73/><W96/><G96/><T23/><D23/><AGARI ba="0,1" hai="8,9,11,15,19,23,61,62,86,90,92,94,99,100" machi="23" ten="40,5200,0" yaku="1,1,8,1,52,1,53,0" doraHai="13" doraHaiUra="70" who="3" fromWho="0" sc="250,-52,250,0,250,0,240,62" /><INIT seed="1,0,0,0,3,71" ten="198,250,250,302" oya="1" hai0="81,25,76,20,6,8,45,46,92,119,103,59,55" hai1="1,21,74,37,104,89,63,48,3,96,101,130,91" hai2="102,124,114,58,27,22,11,126,57,123,121,31,131" hai3="2,129,86,41,13,15,113,90,115,35,134,97,33"/><U36/><E74/><V38/><F102/><W128/><G97/><T87/><D119/><U17/><E130/><N who="3" m="50282" /><G41/><T72/><D72/><U28/><E28/><V125/><F131/><W24/><G86/><T64/><D64/><U14/><E48/><V52/><F114/><N who="3" m="43531" /><G90/><T56/><D56/><U111/><E111/><V88/><F58/><W77/><G77/><T98/><D8/><U135/><E135/><V23/><F23/><W42/><G42/><T43/><D6/><U34/><E34/><N who="3" m="12810" /><G134/><T120/><D120/><U109/><E109/><V16/><F38/><W60/><G60/><T79/><D79/><U18/><E63/><N who="2" m="36263" /><F88/><W68/><G68/><T7/><D43/><U122/><E89/><V78/><F78/><W108/><G108/><T117/><D117/><U47/><E91/><V66/><F66/><W110/><G110/><T118/><D118/><U0/><E47/><V29/><F11/><W94/><G94/><T100/><D100/><U61/><E61/><V112/><F112/><W133/><G133/><T75/><D75/><U62/><E62/><V9/><F9/><W50/><G50/><N who="0" m="31223" /><D7/><U95/><E95/><V106/><F106/><W80/><G80/><T73/><D73/><U65/><E65/><V70/><F70/><W40/><G40/><T44/><D46/><U10/><REACH who="1" step="1"/><E122/><AGARI ba="0,0" hai="16,22,27,29,31,121,122,123,124,125,126" m="36263" machi="122" ten="40,5200,0" yaku="18,1,54,2" doraHai="71" who="2" fromWho="1" sc="198,0,250,-52,250,52,302,0" /><INIT seed="2,0,0,2,4,121" ten="198,198,302,302" oya="2" hai0="39,1,56,108,21,106,79,85,15,25,119,128,42" hai1="70,86,13,3,32,11,71,134,120,66,0,92,60" hai2="52,38,23,117,30,111,81,45,44,109,124,67,82" hai3="43,2,88,49,26,126,62,93,5,114,31,83,94"/><V113/><F117/><W46/><G126/><T16/><D1/><U104/><E104/><V65/><F113/><W40/><G114/><T22/><D106/><U75/><E75/><V35/><F35/><W95/><G2/><T58/><D119/><U87/><E32/><V115/><F115/><W73/><G5/><T19/><D128/><U131/><E131/><V4/><F4/><W77/><G62/><T101/><D101/><U105/><E105/><V116/><F116/><W76/><G40/><T63/><D39/><U132/><E120/><V59/><F124/><W12/><G12/><T24/><D42/><U28/><E28/><V10/><F10/><W129/><G129/><T18/><D108/><N who="2" m="41546" /><F23/><N who="3" m="15839" /><G73/><T14/><D19/><U78/><E0/><V107/><F30/><W98/><G83/><N who="2" m="31753" /><F107/><W130/><G130/><T125/><D125/><U90/><E3/><V68/><F68/><W55/><G43/><T127/><D127/><U102/><E71/><V61/><F38/><W53/><G53/><T89/><D79/><AGARI ba="0,0" hai="46,49,55,76,77,79,88,93,94,95,98" m="15839" machi="79" ten="30,2000,0" yaku="8,1,54,1" doraHai="121" who="3" fromWho="0" sc="198,-20,198,0,302,0,302,20" /><INIT seed="3,0,0,1,4,104" ten="178,198,302,322" oya="3" hai0="124,129,87,68,115,84,51,49,121,10,61,88,16" hai1="131,86,54,6,12,102,132,18,32,43,114,103,134" hai2="98,109,82,34,37,58,2,107,79,7,120,14,112" hai3="21,80,30,72,0,130,41,27,122,20,19,126,25"/><W113/><G122/><T96/><D121/><U90/><E114/><V26/><F112/><W63/><G113/><T15/><D115/><U5/><E32/><V1/><F120/><W33/><G63/><T95/><D129/><U133/><E131/><V60/><F37/><W65/><G65/><T53/><D124/><U127/><E127/><V123/><F123/><W75/><G130/><T29/><D29/><U110/><E110/><V62/><F109/><W57/><G57/><N who="0" m="34991" /><D68/><U116/><E54/><V22/><F34/><W85/><G41/><T64/><D64/><U35/><E35/><V77/><F79/><W8/><G126/><T39/><D39/><U59/><E59/><V135/><F62/><W31/><G8/><T69/><D69/><U46/><E116/><V93/><F107/><W52/><G52/><T108/><D108/><U67/><E67/><V73/><F14/><W47/><G47/><T23/><D10/><N who="1" m="6423" /><E46/><V38/><F7/><N who="1" m="2569" /><E43/><V40/><F40/><W100/><G0/><T44/><D51/><U117/><E117/><V13/><F38/><W36/><G36/><T56/><D56/><U17/><E17/><V83/><F2/><W24/><G100/><T55/><AGARI ba="0,0" hai="15,16,23,44,49,55,84,87,88,95,96" m="34991" machi="55" ten="30,4000,0" yaku="8,1,54,2" doraHai="104" who="0" fromWho="0" sc="178,40,198,-10,302,-10,322,-20" owari="218,-18.2,188,-31.2,292,9.2,302,40.2" /></mjloggm>