<mjloggm ver="2.3"><GO type="225" lobby="0"/><UN n0="%6D%75%75%6D%75%72%61" n1="%E9%80%9F%E6%B0%B4%E5%87%9B%E9%A6%99" n2="%E5%80%89%E6%A9%8B%EF%BC%A0%E4%BA%8B%E5%8B%99" n3="%E3%81%95%E3%81%8D%E3%81%9F%E3%81%BE%E6%9E%97%E6%AA%8E" dan="17,16,16,16" rate="2207.02,2172.09,2129.60,2189.05" sx="F,F,M,M"/><TAIKYOKU oya="0"/><INIT seed="0,0,0,5,3,11" ten="250,250,250,250" oya="0" hai0="57,97,49,47,6,36,31,5,134,8,41,58,111" hai1="90,93,50,117,71,55,76,69,80,23,87,38,63" hai2="48,85,28,83,3,70,59,77,67,127,14,116,39" hai3="35,53,103,54,123,12,34,112,25,133,51,121,65"/><T18/><D134/><U95/><E117/><V113/><F3/><W125/><G112/><T110/><D31/><U130/><E38/><V1/><F1/><W118/><G118/><T21/><D97/><U64/><E130/><V42/><F39/><W105/><G125/><T4/><D8/><U74/><E71/><V61/><F113/><W106/><G65/><T99/><D99/><U94/><REACH who="1" step="1"/><E23/><REACH who="1" ten="250,240,250,250" step="2"/><V91/><F70/><W68/><G68/><T46/><D110/><U81/><E81/><V131/><F116/><W0/><G35/><T40/><REACH who="0" step="1"/><D111/><REACH who="0" ten="240,240,250,250" step="2"/><U126/><E126/><V32/><F131/><W114/><G114/><T102/><D102/><U88/><E88/><V115/><F91/><W109/><G103/><T124/><D124/><U132/><E132/><V52/><F127/><W33/><G133/><T98/><D98/><U9/><E9/><V107/><F115/><W15/><G109/><T62/><D62/><U44/><AGARI ba="0,2" hai="44,50,55,63,64,69,74,76,80,87,90,93,94,95" machi="44" ten="20,5200,0" yaku="1,1,0,1,7,1,53,1" doraHai="11" doraHaiUra="56" who="1" fromWho="1" sc="240,-26,240,72,250,-13,250,-13" /><INIT seed="1,0,0,0,4,97" ten="214,312,237,237" oya="1" hai0="108,35,98,55,46,126,113,26,14,13,2,132,21" hai1="42,129,92,118,112,65,104,1,90,3,11,83,24" hai2="123,93,109,30,32,7,39,25,48,31,64,134,125" hai3="33,23,10,87,18,88,12,70,62,115,82,4,111"/><U99/><E118/><V41/><F39/><W106/><G111/><T59/><D113/><U40/><E112/><V45/><F123/><W75/><G115/><T16/><D108/><U127/><E129/><V91/><F109/><W50/><G33/><T67/><D126/><U96/><E127/><V76/><F125/><W63/><G70/><T57/><D2/><U15/><E83/><V77/><F134/><W116/><G116/><T47/><D132/><U135/><E65/><V102/><F7/><W131/><G131/><T78/><D78/><U38/><E38/><V34/><F64/><W58/><G75/><T121/><D121/><U68/><E68/><V27/><REACH who="2" step="1"/><F102/><REACH who="2" ten="214,312,227,237" step="2"/><W29/><G106/><T85/><D67/><U105/><E135/><V117/><F117/><W128/><G128/><T51/><D35/><U133/><E133/><V100/><F100/><W36/><G36/><T80/><D59/><U101/><E105/><V53/><F53/><N who="3" m="32055" /><G29/><T6/><D6/><U72/><E42/><V86/><AGARI ba="0,1" hai="25,27,30,31,32,34,41,45,48,76,77,86,91,93" machi="86" ten="20,5200,0" yaku="1,1,0,1,7,1,9,1,53,0" doraHai="97" doraHaiUra="52" who="2" fromWho="2" sc="214,-13,312,-26,227,62,237,-13" /><INIT seed="2,0,0,4,2,33" ten="201,286,289,224" oya="2" hai0="12,131,114,0,75,25,45,117,94,47,120,135,86" hai1="83,6,132,109,53,55,59,111,64,63,15,38,98" hai2="122,4,67,9,102,27,50,79,123,128,51,41,125" hai3="58,133,32,13,95,126,101,124,93,106,70,116,39"/><V78/><F102/><W56/><G116/><T46/><D114/><U85/><E38/><V82/><F128/><W23/><G32/><T115/><D115/><U100/><E132/><V7/><F125/><N who="3" m="48235" /><G70/><T104/><D120/><U60/><E6/><V118/><F118/><W21/><G39/><T119/><D75/><U22/><E15/><V52/><F67/><W87/><G133/><T24/><D135/><U68/><E22/><N who="3" m="8202" /><G13/><T99/><D104/><U11/><E11/><V1/><F4/><W127/><N who="3" m="48243" /><W35/><DORA hai="72" /><G35/><T90/><D131/><U31/><E31/><V16/><F41/><W62/><G87/><T65/><D12/><U10/><E10/><V107/><F107/><W134/><G134/><T103/><D65/><U37/><E37/><V108/><F122/><W36/><G36/><T96/><D119/><U66/><E66/><V30/><F123/><W113/><G113/><T29/><D117/><U8/><E8/><V84/><F1/><W28/><G28/><T57/><D0/><U71/><E53/><V20/><F52/><N who="3" m="34055" /><G58/><T14/><D57/><U26/><E26/><N who="0" m="10345" /><D29/><U121/><E121/><V76/><F30/><W105/><G105/><N who="0" m="63719" /><D14/><U92/><REACH who="1" step="1"/><E71/><REACH who="1" ten="201,276,289,224" step="2"/><V44/><F9/><W88/><G106/><T54/><D54/><U3/><E3/><V17/><F7/><W80/><G101/><T48/><D48/><U34/><E34/><V81/><F51/><W89/><G80/><T74/><D74/><U19/><E19/><N who="2" m="12703" /><F82/><W77/><G95/><T42/><D42/><U49/><E49/><V40/><F17/><W61/><G93/><RYUUKYOKU ba="0,1" sc="201,15,276,15,289,-15,224,-15" hai0="45,46,47,86,90,94,99" hai1="55,59,60,63,64,68,83,85,92,98,100,109,111" /><INIT seed="3,1,1,2,5,101" ten="216,291,274,209" oya="3" hai0="86,64,83,44,95,50,11,70,33,88,116,120,100" hai1="84,113,119,1,112,4,47,45,49,21,103,5,59" hai2="48,38,62,132,92,18,91,90,122,15,0,19,97" hai3="43,9,125,30,75,8,27,124,60,41,126,42,14"/><W71/><G75/><T105/><D116/><U76/><E1/><V54/><F38/><W13/><G60/><T107/><D120/><U104/><E104/><V98/><F0/><W131/><G71/><T36/><D36/><U56/><E103/><V106/><F122/><W109/><G131/><T10/><D33/><U53/><E113/><V80/><F132/><W6/><G109/><T35/><D35/><U133/><E112/><V81/><F62/><W12/><REACH who="3" step="1"/><G6/><REACH who="3" ten="216,291,274,199" step="2"/><T129/><D129/><U72/><E72/><V20/><F19/><W78/><G78/><T37/><D70/><U3/><E4/><V134/><F134/><W67/><G67/><T130/><D64/><U7/><E133/><V93/><F106/><W118/><G118/><T85/><D130/><U2/><E7/><V87/><F87/><W66/><G66/><T77/><D107/><U16/><E5/><V55/><F98/><W135/><G135/><T96/><D37/><U108/><E119/><V24/><F97/><W25/><G25/><T82/><D105/><U40/><E108/><V17/><F24/><W115/><G115/><T57/><D57/><U58/><E2/><V52/><F18/><W29/><G29/><T73/><D73/><U31/><E31/><V128/><F128/><W99/><G99/><T39/><D39/><N who="1" m="21663" /><E3/><V117/><F117/><W127/><N who="3" m="31744" /><DORA hai="23" /><W63/><G63/><T65/><D65/><U32/><E84/><N who="2" m="52295" /><F48/><W94/><G94/><T61/><D61/><U28/><E76/><V74/><F74/><W22/><AGARI ba="1,2" hai="8,9,12,13,14,22,27,30,41,42,43" m="31744" machi="22" ten="70,18000,2" yaku="1,1,0,1,29,2,18,1,52,1,53,0" doraHai="101,23" doraHaiUra="89,68" who="3" fromWho="3" sc="216,-61,291,-61,274,-61,199,203" owari="155,-34.5,230,3.0,213,-18.7,402,50.2" /></mjloggm>