<mjloggm ver="2.3"><GO type="225" lobby="0"/><UN n0="%E6%81%A5%E6%99%92%E3%81%97" n1="%E3%81%8B%E3%82%8F%E3%81%A1%E3%82%83%E3%82%93%35%38" n2="%E4%BF%BA%E3%81%A8%E5%A6%96%E5%A4%A2" n3="%E3%82%B7%E3%83%B3%E5%A4%AA%E6%9C%97" dan="16,17,17,16" rate="2141.26,2162.85,2181.46,2132.36" sx="M,M,F,M"/><TAIKYOKU oya="0"/><INIT seed="0,0,0,1,2,25" ten="250,250,250,250" oya="0" hai0="70,88,93,67,12,84,58,39,74,59,96,97,45" hai1="128,95,19,89,85,133,126,112,80,102,81,115,62" hai2="94,22,17,26,71,27,114,29,110,44,69,75,117" hai3="30,55,61,129,120,46,118,34,103,66,130,100,87"/><T36/><D74/><U8/><E62/><V134/><F114/><N who="1" m="43561" /><E19/><V123/><F123/><W65/><G118/><T20/><D70/><U127/><E8/><V49/><F117/><W104/><G120/><T40/><D39/><U57/><E57/><V15/><F110/><W124/><G124/><N who="1" m="47658" /><E133/><V60/><F134/><W2/><G2/><T51/><D36/><U42/><E42/><V23/><F60/><W18/><G104/><T122/><D122/><U101/><E128/><N who="3" m="49258" /><G66/><T4/><D67/><U38/><E38/><V77/><F15/><W53/><G87/><T121/><D121/><U28/><E28/><V48/><F48/><N who="3" m="28823" /><G55/><T79/><D4/><U1/><E1/><V72/><F72/><W10/><G18/><N who="0" m="10311" /><D79/><N who="1" m="46239" /><E81/><V13/><F69/><N who="3" m="42159" /><G10/><T78/><D78/><U0/><E0/><V135/><F71/><W109/><G109/><T113/><D113/><U56/><E56/><AGARI ba="0,0" hai="40,45,51,56,58,59,84,88,93,96,97" m="10311" machi="56" ten="30,2900,0" yaku="8,1,54,1" doraHai="25" who="0" fromWho="1" sc="250,29,250,-29,250,0,250,0" /><INIT seed="0,1,0,3,3,2" ten="279,221,250,250" oya="0" hai0="116,55,111,85,124,26,15,89,70,61,93,53,68" hai1="0,120,51,18,58,44,97,50,11,67,123,118,119" hai2="129,5,49,121,128,125,22,13,8,95,69,108,32" hai3="122,3,62,100,81,94,87,71,113,98,82,63,37"/><T31/><D116/><N who="1" m="44587" /><E97/><V76/><F121/><N who="1" m="46665" /><E18/><V36/><F36/><W96/><G122/><T34/><D124/><U17/><E17/><V112/><F69/><W7/><G37/><T74/><D111/><U48/><E11/><V73/><F125/><W43/><G43/><T33/><D74/><U56/><E0/><V91/><F108/><W117/><G117/><T42/><D15/><U59/><E67/><V52/><F112/><W135/><G135/><T104/><D104/><U6/><E6/><V102/><F102/><W106/><G113/><T64/><D26/><U132/><E132/><V35/><F22/><W101/><G71/><T65/><D31/><U133/><E133/><V115/><F115/><W114/><G114/><T27/><D27/><U14/><E14/><V16/><F5/><W28/><G28/><T46/><D33/><U86/><E86/><V29/><F76/><W110/><G110/><T99/><D85/><U126/><E126/><V130/><F73/><W134/><G134/><T41/><D34/><U54/><AGARI ba="1,0" hai="44,48,50,51,54,56,58,59" m="46665,44587" machi="54" ten="40,2700,0" yaku="34,2" doraHai="2" who="1" fromWho="1" sc="279,-14,221,30,250,-8,250,-8" /><INIT seed="1,0,0,1,4,18" ten="265,251,242,242" oya="1" hai0="15,41,21,79,11,46,129,52,118,115,34,64,133" hai1="135,44,76,87,26,75,89,100,30,117,82,96,20" hai2="113,101,8,62,25,3,94,10,109,126,19,127,12" hai3="58,121,68,14,31,17,28,55,27,61,85,131,92"/><U130/><E135/><V105/><F105/><W132/><G132/><T39/><D118/><U91/><E130/><V120/><F120/><W66/><G131/><T81/><D115/><U33/><E117/><V80/><F113/><W65/><G121/><T29/><D129/><U134/><E134/><V98/><F109/><W7/><G7/><T59/><D133/><U78/><E44/><V49/><F62/><W48/><G66/><T47/><D34/><U71/><E71/><V95/><F95/><W128/><G128/><T125/><D125/><N who="2" m="47626" /><F49/><W93/><G85/><N who="0" m="48319" /><D64/><U69/><E69/><V110/><F110/><W84/><G31/><T97/><D97/><U70/><E70/><V114/><F25/><W6/><G6/><N who="0" m="3575" /><D41/><U24/><E89/><V103/><F114/><W60/><G84/><T38/><D38/><U22/><E75/><V106/><F80/><W124/><G124/><T63/><D39/><U36/><E36/><V42/><F42/><W32/><REACH who="3" step="1"/><G48/><REACH who="3" ten="265,251,242,232" step="2"/><T123/><D123/><U74/><E74/><V40/><F98/><W23/><AGARI ba="0,1" hai="14,17,23,27,28,32,55,58,60,61,65,68,92,93" machi="23" ten="20,12000,2" yaku="1,1,2,1,0,1,7,1,52,1,53,1" doraHai="18" doraHaiUra="9" who="3" fromWho="3" sc="265,-30,251,-60,242,-30,232,130" /><INIT seed="2,0,0,4,4,102" ten="235,191,212,362" oya="2" hai0="109,36,76,77,39,58,54,50,115,62,11,61,118" hai1="79,70,99,128,126,13,119,49,87,108,40,35,32" hai2="46,69,52,18,129,67,81,101,44,55,0,125,43" hai3="82,110,105,85,80,9,16,14,93,117,6,12,111"/><V57/><F0/><W5/><G117/><T7/><D115/><U15/><E119/><V51/><F101/><W68/><G68/><T100/><D118/><U123/><E70/><V112/><F112/><W78/><G105/><T1/><D109/><N who="3" m="41481" /><G93/><T113/><D113/><U17/><E108/><V106/><F106/><W29/><G29/><T134/><D134/><U63/><E63/><N who="2" m="40191" /><F18/><N who="3" m="8463" /><G82/><T73/><D39/><U91/><E99/><V98/><F98/><W114/><G114/><T71/><D100/><U88/><E123/><V56/><F81/><W127/><G127/><T121/><D121/><U38/><E126/><V25/><F25/><W84/><G85/><T132/><D132/><U64/><E87/><V23/><F23/><AGARI ba="0,0" hai="5,6,14,16,23,78,80,84" m="8463,41481" machi="23" ten="30,2000,0" yaku="14,1,54,1" doraHai="102" who="3" fromWho="2" sc="235,0,191,0,212,-20,362,20" /><INIT seed="3,0,0,4,4,64" ten="235,191,192,382" oya="3" hai0="55,31,29,44,103,27,51,79,7,104,47,52,96" hai1="89,49,56,76,61,122,74,69,109,19,11,15,17" hai2="48,10,98,38,87,82,32,100,81,45,95,110,129" hai3="40,18,22,50,5,36,133,120,85,46,116,134,39"/><W25/><G120/><T80/><D7/><U54/><E122/><V126/><F38/><W117/><G5/><T132/><D132/><N who="3" m="50793" /><G85/><T71/><D71/><U4/><E109/><V123/><F123/><W65/><G65/><T24/><D24/><U115/><E115/><V118/><F118/><AGARI ba="0,0" hai="18,22,25,36,39,40,46,50,116,117,118" m="50793" machi="118" ten="30,1500,0" yaku="20,1" doraHai="64" who="3" fromWho="2" sc="235,0,191,0,192,-15,382,15" owari="235,3.5,191,-20.9,177,-32.3,397,49.7" /></mjloggm>