<mjloggm ver="2.3"><GO type="225" lobby="0"/><UN n0="%6D%75%75%6D%75%72%61" n1="%E6%B4%BE%E9%81%A3%E3%81%AE%E3%82%B8%E3%83%A3%E3%83%83%E3%82%AF" n2="%E3%81%86%E3%81%A3%E3%81%97%E3%83%BC%30%30" n3="%E3%83%A9%E3%82%B9%E7%8E%87%EF%BC%93%E5%89%B2" dan="16,16,16,16" rate="2153.57,2195.39,2091.28,2146.49" sx="F,M,M,F"/><TAIKYOKU oya="0"/><INIT seed="0,0,0,4,3,50" ten="250,250,250,250" oya="0" hai0="18,53,104,38,46,51,27,80,62,132,26,43,65" hai1="60,74,126,135,28,58,97,37,95,64,34,83,24" hai2="68,8,56,0,3,128,125,119,94,70,41,5,121" hai3="20,73,75,112,84,69,30,92,15,78,114,122,33"/><T93/><D104/><U29/><E126/><V44/><F121/><W127/><G122/><T42/><D132/><U129/><E135/><V100/><F125/><W10/><G127/><T25/><D93/><U54/><E129/><V16/><F128/><W6/><G69/><T85/><D18/><U105/><E37/><V61/><F0/><W113/><G33/><T90/><REACH who="0" step="1"/><D38/><REACH who="0" ten="240,250,250,250" step="2"/><U40/><E105/><V101/><F16/><W19/><G30/><T71/><AGARI ba="0,1" hai="25,26,27,42,43,46,51,53,62,65,71,80,85,90" machi="71" ten="30,11700,0" yaku="1,1,2,1,0,1,52,1,53,0" doraHai="50" doraHaiUra="14" who="0" fromWho="0" sc="240,127,250,-39,250,-39,250,-39" /><INIT seed="0,1,0,0,0,19" ten="367,211,211,211" oya="0" hai0="58,120,28,33,46,43,129,103,45,126,79,47,40" hai1="57,124,133,25,86,85,88,96,7,26,14,70,71" hai2="22,0,30,18,21,34,1,104,83,64,101,13,52" hai3="55,35,76,29,3,105,127,128,53,11,111,102,84"/><T56/><D120/><U49/><E124/><V114/><F114/><W32/><G127/><T107/><D126/><U61/><E133/><V73/><F64/><W115/><G115/><T15/><D129/><U130/><E130/><V2/><F34/><W77/><G128/><T67/><D79/><U74/><E74/><V81/><F73/><W95/><G105/><T109/><D109/><U66/><E71/><V4/><F4/><W94/><G29/><T91/><D91/><U63/><E49/><V10/><F52/><W62/><G11/><T72/><D72/><U82/><E96/><V117/><F117/><W118/><G84/><T42/><D67/><U97/><E97/><V59/><F59/><W37/><G37/><T6/><D107/><U12/><E85/><V20/><REACH who="2" step="1"/><F30/><REACH who="2" ten="367,211,201,211" step="2"/><W36/><G118/><T80/><D28/><U41/><E7/><V122/><F122/><W99/><G62/><T100/><D33/><U54/><E41/><V9/><F9/><W98/><G111/><T121/><D121/><U112/><E112/><V51/><F51/><W48/><G36/><T90/><D40/><U92/><E63/><V119/><F119/><W78/><G3/><T134/><D42/><U38/><E38/><V131/><F131/><W125/><G125/><T24/><D43/><U44/><E57/><V113/><F113/><W68/><G68/><T135/><D58/><U27/><E54/><N who="3" m="20490" /><G48/><T132/><D56/><U123/><E123/><V8/><F8/><W75/><G75/><T108/><D134/><U65/><E65/><V60/><F60/><W93/><G102/><RYUUKYOKU ba="1,1" sc="367,-15,211,-15,201,15,211,15" hai2="0,1,2,10,13,18,20,21,22,81,83,101,104" hai3="32,35,76,77,78,93,94,95,98,99" /><INIT seed="1,2,1,1,1,39" ten="352,196,216,226" oya="1" hai0="96,105,119,92,129,20,69,36,110,35,38,80,98" hai1="77,131,37,10,94,132,106,127,40,86,19,18,121" hai2="123,33,81,122,76,49,26,11,135,74,47,104,31" hai3="84,12,126,0,32,72,88,54,89,23,60,91,56"/><U5/><E121/><V103/><F135/><W27/><G72/><T22/><D35/><U97/><E127/><V128/><F128/><W9/><G126/><T134/><D119/><U99/><E132/><V44/><F44/><W124/><G0/><T3/><D134/><U67/><E67/><V41/><REACH who="2" step="1"/><F11/><REACH who="2" ten="352,196,206,226" step="2"/><W62/><G124/><T71/><D129/><U70/><E131/><V111/><F111/><W17/><G32/><T55/><D110/><U85/><E70/><V42/><F42/><W107/><G107/><T109/><D71/><U87/><E40/><V116/><F116/><W83/><REACH who="3" step="1"/><G62/><REACH who="3" ten="352,196,206,216" step="2"/><T95/><D105/><U24/><E106/><V78/><F78/><W2/><G2/><T133/><D3/><U108/><E77/><V125/><F125/><W6/><AGARI ba="2,3" hai="6,9,12,17,23,27,54,56,60,83,84,88,89,91" machi="6" ten="20,12000,2" yaku="1,1,0,1,7,1,8,1,54,1,53,1" doraHai="39" doraHaiUra="57" who="3" fromWho="3" sc="352,-32,196,-62,206,-32,216,156" /><INIT seed="2,0,0,0,2,123" ten="320,134,174,372" oya="2" hai0="97,84,82,77,16,98,120,99,44,96,65,109,19" hai1="132,64,57,35,37,94,6,88,119,92,100,117,9" hai2="50,105,73,68,38,12,17,75,113,11,85,115,110" hai3="20,80,13,18,66,126,62,108,122,118,79,72,49"/><V74/><F38/><W46/><G122/><T14/><D120/><U127/><E37/><V5/><F68/><W47/><G118/><T24/><D109/><U102/><E35/><V128/><F128/><W4/><G108/><T54/><D97/><U63/><E127/><V23/><F105/><W55/><G126/><T29/><D65/><U116/><E94/><V28/><F110/><W53/><G4/><T111/><D111/><U125/><E132/><V83/><F28/><W33/><G33/><T31/><D24/><U41/><E41/><V26/><REACH who="2" step="1"/><F50/><REACH who="2" ten="320,134,164,372" step="2"/><W86/><G72/><T104/><D104/><U43/><E125/><V71/><F71/><W34/><G34/><T2/><D29/><U90/><E43/><V15/><F15/><W40/><G47/><T89/><D31/><U52/><E64/><V124/><F124/><W81/><G81/><T107/><D107/><U32/><E32/><V93/><F93/><W61/><G61/><T56/><D44/><U42/><E42/><V106/><F106/><W67/><G67/><T1/><D1/><U101/><REACH who="1" step="1"/><E92/><REACH who="1" ten="320,124,164,372" step="2"/><V30/><F30/><W3/><G66/><T114/><D54/><U22/><E22/><V39/><F39/><W21/><G20/><T135/><D135/><U59/><E59/><V133/><F133/><W0/><G55/><T10/><D56/><U134/><E134/><V36/><F36/><W112/><G53/><T60/><D60/><U51/><E51/><V121/><F121/><W130/><G40/><T70/><D70/><U95/><E95/><V78/><AGARI ba="0,2" hai="5,11,12,17,23,26,73,74,75,78,83,85,113,115" machi="78" ten="30,3000,0" yaku="1,1,0,1,53,0" doraHai="123" doraHaiUra="103" who="2" fromWho="2" sc="320,-10,124,-10,164,50,372,-10" /><INIT seed="2,1,0,4,0,79" ten="310,114,214,362" oya="2" hai0="8,110,112,50,13,68,61,12,132,31,83,26,6" hai1="85,53,3,78,33,52,11,67,127,14,115,131,39" hai2="29,35,59,62,10,88,9,18,116,80,109,20,16" hai3="19,66,118,2,123,40,81,58,108,60,57,87,90"/><V71/><F116/><W133/><G118/><T51/><D112/><U92/><E115/><V99/><F71/><W46/><G123/><T34/><D110/><U56/><E39/><V129/><F129/><W102/><G108/><T120/><D120/><U101/><E33/><V89/><F109/><W49/><G133/><T23/><D132/><U125/><E3/><V91/><F35/><W77/><G2/><T96/><D96/><U113/><E113/><V69/><F69/><W86/><G102/><T93/><D93/><U17/><E131/><V48/><F48/><W4/><G4/><T47/><D34/><U15/><E15/><N who="2" m="7279" /><F10/><W121/><G121/><T65/><D13/><U64/><E53/><N who="2" m="34159" /><F29/><W28/><G28/><T122/><D122/><U43/><E43/><V44/><F44/><W32/><G32/><T37/><D37/><U98/><E125/><V36/><F36/><W1/><G1/><T82/><D51/><N who="1" m="30751" /><E127/><V45/><F45/><W41/><G19/><T134/><D134/><U30/><E30/><V97/><F80/><AGARI ba="1,0" hai="11,14,17,64,67,78,80,85,92,98,101" m="30751" machi="80" ten="30,3900,0" yaku="8,1,52,1,54,1" doraHai="79" who="1" fromWho="2" sc="310,0,114,42,214,-42,362,0" /><INIT seed="3,0,0,5,0,88" ten="310,156,172,362" oya="3" hai0="89,76,64,105,77,8,115,43,107,5,34,11,94" hai1="110,13,75,118,10,135,36,38,123,25,55,96,63" hai2="91,133,126,95,12,47,19,83,33,39,54,131,21" hai3="22,125,124,127,65,42,2,68,9,0,73,117,121"/><W26/><G117/><T49/><D34/><U108/><E123/><V28/><F133/><W37/><G121/><T66/><D115/><U106/><E75/><V52/><F131/><W69/><G73/><T104/><D43/><U4/><E135/><V78/><F126/><W60/><G68/><T14/><D49/><U103/><E118/><V85/><F39/><W74/><G74/><T122/><D122/><U51/><E25/><N who="2" m="16431" /><F47/><N who="3" m="24015" /><G9/><T50/><D50/><U128/><E128/><V29/><F29/><AGARI ba="0,0" hai="0,2,22,26,29,60,65,69,124,125,127" m="24015" machi="29" ten="30,1500,0" yaku="18,1" doraHai="88" who="3" fromWho="2" sc="310,0,156,0,172,-15,362,15" owari="310,11.0,156,-34.4,157,-24.3,377,47.7" /></mjloggm>