<mjloggm ver="2.3"><GO type="225" lobby="0"/><UN n0="%E7%89%B9%E6%9D%B1%E3%81%AF%E4%B8%96%E7%95%8C%E3%82%92%E6%95%91%E3%81%86" n1="%E7%BD%AA%E5%88%91%E6%B3%95%E5%AE%9A%E4%B8%BB%E7%BE%A9" n2="%72%65%6E%6B%75%6E" n3="%E5%B8%86%E7%AB%8B%E5%A4%8F%E8%A1%A3" dan="16,16,17,17" rate="2125.09,2170.00,2208.78,2157.20" sx="M,M,M,M"/><TAIKYOKU oya="0"/><INIT seed="0,0,0,4,2,14" ten="250,250,250,250" oya="0" hai0="117,74,34,126,118,26,13,30,25,79,78,42,97" hai1="112,3,33,29,43,100,90,38,68,82,64,80,28" hai2="95,47,106,53,134,120,92,81,6,44,51,109,108" hai3="12,49,104,72,86,123,91,128,122,60,71,5,1"/><T77/><D74/><U46/><E3/><V85/><F106/><W119/><G119/><T35/><D126/><U135/><E100/><V96/><F120/><N who="3" m="46123" /><G104/><T55/><D42/><U115/><E135/><V58/><F134/><W52/><G128/><T27/><D97/><U15/><E33/><N who="0" m="12297" /><D13/><U65/><E15/><V48/><F6/><W131/><G131/><T75/><D75/><U18/><E90/><V23/><F23/><W50/><G1/><T125/><D125/><U21/><E29/><V103/><F92/><N who="3" m="54391" /><G72/><T40/><D40/><U16/><E28/><V22/><F22/><W8/><G71/><T56/><D30/><U39/><E21/><V37/><F37/><W59/><AGARI ba="0,0" hai="5,8,12,49,50,52,59,60" m="54391,46123" machi="59" ten="30,2000,0" yaku="13,1,54,1" doraHai="14" who="3" fromWho="3" sc="250,-10,250,-5,250,-5,250,20" /><INIT seed="1,0,0,5,3,32" ten="240,245,245,270" oya="1" hai0="31,131,106,3,61,92,9,26,132,76,11,100,66" hai1="129,97,68,25,58,29,14,52,107,82,109,116,53" hai2="95,72,42,37,98,35,79,78,24,5,65,33,30" hai3="126,74,64,77,57,96,43,112,0,93,87,94,16"/><U120/><E116/><V19/><F33/><W47/><G126/><T90/><D131/><U83/><E120/><V122/><F122/><W13/><G112/><T127/><D127/><U113/><E113/><V49/><F37/><W38/><G74/><T75/><D132/><U22/><E68/><V123/><F123/><W105/><G105/><T86/><D3/><U88/><E129/><V7/><F65/><W108/><G108/><T62/><D62/><U134/><E134/><V18/><F18/><W34/><G34/><T27/><D27/><U135/><E135/><V115/><F19/><W39/><G39/><T70/><D26/><U41/><E41/><V8/><F115/><W44/><G0/><T130/><D31/><U12/><E109/><V128/><F72/><W15/><G15/><N who="1" m="5674" /><E107/><V114/><F114/><W85/><G77/><T55/><D55/><N who="1" m="21067" /><E58/><V84/><F128/><W28/><G28/><T110/><D110/><U48/><E48/><V4/><F8/><N who="3" m="6183" /><G38/><T23/><D23/><U104/><E104/><V21/><F35/><W20/><G20/><T40/><D40/><U69/><E69/><V46/><REACH who="2" step="1"/><F84/><REACH who="2" ten="240,245,235,270" step="2"/><W10/><G87/><T60/><D130/><U119/><E119/><V99/><F99/><W54/><G10/><T121/><D121/><U71/><E71/><V101/><AGARI ba="0,1" hai="4,5,7,21,24,30,42,46,49,78,79,95,98,101" machi="101" ten="30,7900,0" yaku="1,1,0,1,8,1,53,1" doraHai="32" doraHaiUra="45" who="2" fromWho="2" sc="240,-20,245,-39,235,89,270,-20" /><INIT seed="2,0,0,0,4,106" ten="220,206,324,250" oya="2" hai0="90,132,66,119,95,48,29,120,83,86,115,75,102" hai1="25,79,42,33,45,59,109,13,8,31,111,128,28" hai2="62,93,103,118,7,61,112,30,4,24,133,129,127" hai3="65,35,21,0,130,94,96,64,91,85,74,92,72"/><V107/><F107/><W20/><G0/><T131/><D120/><U46/><E59/><V23/><F112/><W99/><G35/><T69/><D115/><U110/><E128/><V50/><F118/><W67/><G130/><T80/><D131/><U82/><E31/><V68/><F129/><W53/><G53/><T41/><D119/><U36/><E46/><V16/><F127/><W135/><G135/><T101/><D132/><U3/><E13/><V98/><F133/><W6/><G6/><N who="2" m="2089" /><F68/><W134/><G134/><T88/><D29/><U27/><E27/><V9/><F50/><W124/><G124/><T73/><D66/><U117/><E117/><V58/><F58/><W87/><G67/><T121/><D69/><U77/><E8/><V55/><F55/><W70/><G91/><T105/><D86/><U84/><REACH who="1" step="1"/><E3/><REACH who="1" ten="220,196,324,250" step="2"/><V14/><AGARI ba="0,1" hai="9,14,16,23,24,30,61,62,93,98,103" m="2089" machi="14" ten="30,3000,0" yaku="8,1,54,1" doraHai="106" who="2" fromWho="2" sc="220,-10,196,-10,324,40,250,-10" /><INIT seed="2,1,0,4,5,12" ten="210,186,364,240" oya="2" hai0="30,125,122,46,84,112,117,91,104,120,67,78,47" hai1="51,129,82,86,70,27,10,126,38,61,85,57,99" hai2="124,62,39,3,34,96,42,79,81,26,111,90,55" hai3="4,65,95,28,25,73,77,2,33,114,29,17,110"/><V9/><F124/><W97/><G110/><T41/><D112/><U60/><E126/><V40/><F111/><W52/><G114/><T133/><D125/><U102/><E38/><V36/><F40/><W119/><G119/><T100/><D117/><U0/><E129/><V44/><F39/><W35/><G65/><T80/><D133/><U94/><E70/><V13/><F3/><W15/><G73/><T8/><D30/><U45/><E27/><V106/><F62/><W109/><G77/><T72/><D67/><U5/><E57/><V31/><F55/><W23/><G109/><T88/><D8/><U93/><E94/><V56/><F56/><W11/><G52/><T43/><D100/><U131/><E86/><V32/><F90/><N who="3" m="55543" /><G29/><T71/><D104/><U22/><E22/><V19/><F106/><W108/><G108/><T116/><D71/><U113/><E131/><V105/><F105/><W49/><G35/><T75/><D116/><U66/><E66/><V7/><F96/><W89/><G89/><T21/><D84/><U54/><REACH who="1" step="1"/><E113/><REACH who="1" ten="210,176,364,240" step="2"/><V118/><F118/><W76/><G76/><AGARI ba="1,1" hai="0,5,10,45,51,54,60,61,76,82,85,93,99,102" machi="76" ten="30,3900,0" yaku="1,1,2,1,7,1,53,0" doraHai="12" doraHaiUra="64" who="1" fromWho="3" sc="210,0,176,52,364,0,240,-42" /><INIT seed="3,0,0,5,0,114" ten="210,228,364,198" oya="3" hai0="49,118,32,30,103,16,110,82,39,24,88,14,61" hai1="44,29,116,94,65,36,100,104,6,21,76,70,67" hai2="35,43,68,40,109,9,1,52,99,107,57,8,33" hai3="85,58,48,66,2,38,123,86,75,51,56,105,115"/><W72/><G115/><T95/><D118/><U46/><E104/><V53/><F68/><W4/><G123/><T18/><D39/><U34/><E34/><V42/><F109/><W83/><G38/><T97/><D110/><U11/><E70/><V91/><F33/><W92/><G105/><T129/><D129/><U79/><E116/><V126/><F35/><W37/><G37/><T28/><D28/><U106/><E106/><V50/><F126/><W87/><G2/><T45/><D61/><U102/><E36/><V54/><F1/><W26/><G4/><T98/><D14/><N who="1" m="5495" /><E21/><V19/><F107/><W119/><G119/><T132/><D132/><U41/><E29/><V17/><F9/><W131/><G131/><T108/><D108/><U81/><E41/><V117/><F117/><W47/><G75/><T127/><D127/><U122/><E122/><V59/><F8/><W55/><G72/><T12/><D12/><U7/><E7/><V22/><F50/><W74/><G74/><T25/><D25/><U31/><E31/><V112/><F19/><W20/><G92/><T23/><D32/><U120/><E94/><N who="2" m="56799" /><F112/><W128/><G128/><T113/><D113/><U125/><E125/><V111/><F111/><W69/><G83/><T71/><D71/><U64/><E120/><V27/><AGARI ba="0,0" hai="17,22,27,40,42,43,52,53,54,57,59" m="56799" machi="27" ten="30,2000,0" yaku="8,1,54,1" doraHai="114" who="2" fromWho="2" sc="210,-5,228,-5,364,20,198,-10" owari="205,-19.5,223,2.3,384,48.4,188,-31.2" /></mjloggm>