<mjloggm ver="2.3"><GO type="225" lobby="0"/><UN n0="%47%68%6F%73%74%55%30" n1="%E3%82%8C%E3%81%99%E3%81%93" n2="%E7%99%BD%E6%97%A5%E9%9B%AA%E8%8F%9C" n3="%E3%81%AF%E3%82%88%E3%81%8A%E3%81%98%E3%81%95%E3%82%93" dan="17,16,17,17" rate="2163.26,2099.32,2196.06,2182.59" sx="F,F,M,M"/><TAIKYOKU oya="0"/><INIT seed="0,0,0,5,0,120" ten="250,250,250,250" oya="0" hai0="99,63,79,66,97,31,45,27,46,7,110,82,19" hai1="68,92,4,107,1,90,109,106,53,132,91,95,131" hai2="128,15,125,52,113,35,51,65,126,133,21,127,57" hai3="118,48,114,121,13,94,16,101,115,6,88,86,30"/><T72/><D7/><U80/><E68/><V98/><F113/><W71/><G118/><T10/><D110/><U122/><E122/><V22/><F35/><W75/><G121/><T117/><D117/><U102/><E53/><V87/><F133/><W62/><G75/><T76/><D76/><U84/><E4/><V73/><F73/><W54/><G30/><T12/><D45/><U104/><E1/><V96/><F128/><W28/><G28/><T124/><D46/><U130/><E132/><V20/><F65/><W39/><G39/><T81/><D82/><U50/><E50/><V55/><F15/><W44/><G101/><T129/><D124/><U58/><E58/><N who="2" m="33055" /><F87/><W8/><REACH who="3" step="1"/><G6/><REACH who="3" ten="250,250,250,240" step="2"/><T105/><D129/><U2/><E102/><V67/><F67/><AGARI ba="0,1" hai="8,13,16,44,48,54,62,67,71,86,88,94,114,115" machi="67" ten="40,8000,1" yaku="1,1,2,1,54,2,53,1" doraHai="120" doraHaiUra="49" who="3" fromWho="2" sc="250,0,250,0,250,-80,240,90" /><INIT seed="1,0,0,2,2,83" ten="250,250,170,330" oya="1" hai0="125,18,48,106,29,65,103,62,74,72,81,21,108" hai1="110,87,113,91,0,22,102,13,54,19,96,126,122" hai2="31,119,39,49,20,69,7,50,43,117,118,64,75" hai3="93,52,24,4,55,109,95,41,53,16,101,82,130"/><U71/><E113/><V73/><F7/><W84/><G109/><T129/><D108/><U56/><E110/><V94/><F39/><W10/><G130/><T120/><D129/><U80/><E126/><V88/><F69/><W99/><G41/><T17/><D125/><U33/><E71/><V112/><F64/><W40/><G40/><T66/><D66/><U79/><E33/><V38/><F38/><W70/><G70/><T32/><D48/><U124/><E124/><V15/><F112/><W61/><G93/><T6/><D6/><U58/><E0/><V47/><F50/><W26/><G61/><T11/><D120/><U42/><E42/><V104/><F104/><W51/><G51/><T133/><D133/><U89/><E122/><V100/><F100/><W97/><G99/><T46/><D46/><U25/><E25/><V128/><F128/><W78/><REACH who="3" step="1"/><G16/><REACH who="3" ten="250,250,170,320" step="2"/><T116/><D17/><U36/><E36/><V1/><F1/><AGARI ba="0,1" hai="1,4,10,24,26,52,53,55,78,82,84,95,97,101" machi="1" ten="40,8000,1" yaku="1,1,2,1,52,1,54,1,53,0" doraHai="83" doraHaiUra="30" who="3" fromWho="2" sc="250,0,250,0,170,-80,320,90" /><INIT seed="2,0,0,1,5,79" ten="250,250,90,410" oya="2" hai0="103,3,31,17,111,91,28,48,69,1,119,86,93" hai1="118,46,37,68,27,5,128,6,96,22,12,109,35" hai2="42,95,65,98,49,132,19,62,20,102,16,70,10" hai3="7,101,33,14,15,41,135,57,29,114,43,59,105"/><V77/><F132/><W23/><G135/><T126/><D69/><U52/><E118/><V74/><F10/><W67/><G33/><T61/><D119/><U11/><E68/><V131/><F131/><W100/><G114/><T121/><D121/><U9/><E109/><V32/><F32/><W125/><G125/><T53/><D111/><U71/><E71/><V75/><F19/><W64/><G105/><T58/><D126/><U88/><E35/><V36/><F36/><W18/><G29/><T56/><D103/><U122/><E122/><V55/><F42/><W83/><G83/><T81/><D1/><U134/><E134/><V107/><F77/><W8/><G43/><T34/><D3/><U80/><E128/><V90/><F102/><N who="3" m="39531" /><G41/><T92/><D34/><U85/><E96/><V0/><F0/><W73/><G73/><T130/><D130/><U76/><E37/><V94/><F94/><N who="0" m="36458" /><D17/><N who="1" m="12751" /><E76/><V4/><F4/><N who="1" m="1641" /><E12/><V66/><F107/><W124/><G124/><T72/><D72/><U108/><E108/><V112/><F112/><W50/><G50/><AGARI ba="0,0" hai="9,11,46,50,52,80,85,88" m="1641,12751" machi="50" ten="30,7700,0" yaku="8,1,52,1,54,2" doraHai="79" who="1" fromWho="3" sc="250,0,250,77,90,0,410,-77" /><INIT seed="3,0,0,3,3,66" ten="250,327,90,333" oya="3" hai0="101,103,54,77,14,112,89,114,70,39,113,17,63" hai1="91,30,41,100,64,108,10,4,11,48,22,60,93" hai2="35,8,99,2,74,44,97,132,12,31,56,98,128" hai3="102,65,72,33,24,50,110,120,111,73,88,43,29"/><W85/><G120/><T80/><D39/><U90/><E108/><N who="3" m="41514" /><G102/><T49/><D89/><N who="1" m="33803" /><E4/><V68/><F74/><W105/><G105/><T42/><D42/><U16/><E30/><V130/><F2/><W134/><G134/><T76/><D49/><U84/><E60/><V5/><F132/><W117/><G117/><T131/><D131/><U1/><E64/><V126/><F126/><W119/><G119/><T58/><D77/><U53/><E1/><V51/><F56/><W87/><G65/><T21/><REACH who="0" step="1"/><D70/><REACH who="0" ten="240,327,90,333" step="2"/><U94/><E41/><V92/><F128/><W7/><G50/><T19/><D19/><U52/><E48/><V115/><F130/><W40/><G43/><T61/><D61/><U27/><E100/><V121/><F121/><W47/><G40/><T3/><D3/><U124/><E124/><V71/><F115/><W69/><G69/><T32/><D32/><U37/><E37/><V18/><F18/><W135/><G135/><T109/><D109/><U81/><E94/><V107/><F107/><W26/><G33/><T36/><D36/><U122/><E93/><V28/><F92/><W127/><G127/><T38/><D38/><U79/><E122/><V45/><F31/><W96/><G88/><T95/><D95/><U86/><E86/><AGARI ba="0,1" hai="14,17,21,54,58,63,76,80,86,101,103,112,113,114" machi="86" ten="40,2600,0" yaku="1,1,11,1,53,0" doraHai="66" doraHaiUra="23" who="0" fromWho="1" sc="240,36,327,-26,90,0,333,0" owari="276,-12.4,301,10.1,90,-41.0,333,43.3" /></mjloggm>