<mjloggm ver="2.3"><GO type="225" lobby="0"/><UN n0="%E3%81%BF%E3%81%BF%E3%81%9A" n1="%E3%81%B5%E3%81%98%E3%81%8B%E3%81%A4" n2="%E3%80%93%E3%81%97%E3%83%BC%E3%82%89%E3%80%93" n3="%72%69%6F%75%63%68%61%6E" dan="17,16,16,16" rate="2263.76,2179.74,2075.80,2156.41" sx="M,M,M,M"/><TAIKYOKU oya="0"/><INIT seed="0,0,0,2,4,11" ten="250,250,250,250" oya="0" hai0="126,51,108,37,79,115,25,84,104,8,128,34,28" hai1="92,65,111,106,89,93,130,26,60,0,117,68,50" hai2="76,105,113,123,107,72,1,109,120,119,100,32,81" hai3="14,124,36,59,66,99,38,71,82,101,47,64,121"/><T58/><D115/><U42/><E111/><V13/><F1/><W70/><G124/><T112/><D112/><U57/><E117/><V74/><F32/><W94/><G121/><T77/><D37/><U3/><E130/><V12/><F113/><W96/><G82/><T86/><D104/><U127/><E106/><V24/><F24/><W131/><G131/><T54/><D128/><U110/><E127/><V29/><F29/><W132/><G132/><T2/><D126/><U7/><E110/><V30/><F30/><W6/><G59/><T95/><D108/><U53/><E26/><V55/><F109/><W118/><G118/><T90/><REACH who="0" step="1"/><D86/><REACH who="0" ten="240,250,250,250" step="2"/><U44/><E7/><AGARI ba="0,1" hai="2,7,8,25,28,34,51,54,58,77,79,84,90,95" machi="7" ten="40,3900,0" yaku="1,1,2,1,53,0" doraHai="11" doraHaiUra="134" who="0" fromWho="1" sc="240,49,250,-39,250,0,250,0" /><INIT seed="0,1,0,3,1,45" ten="289,211,250,250" oya="0" hai0="24,134,111,88,51,35,94,75,41,78,48,92,10" hai1="47,86,46,70,124,43,120,11,64,57,98,95,2" hai2="14,65,104,69,19,15,128,4,87,17,105,44,38" hai3="8,6,9,63,99,1,126,3,5,54,84,127,60"/><T96/><D134/><U109/><E120/><V122/><F122/><W131/><G131/><T67/><D67/><U40/><E124/><N who="3" m="47658" /><G99/><T115/><D115/><U28/><E109/><V81/><F4/><N who="3" m="1643" /><G84/><T68/><D68/><U61/><E2/><N who="3" m="522" /><G54/><T0/><D111/><U114/><E28/><V85/><F128/><W79/><G79/><T76/><D0/><U53/><E11/><AGARI ba="1,0" hai="8,9,11,60,63" m="522,1643,47658" machi="11" ten="40,5200,0" yaku="28,2,18,1" doraHai="45" who="3" fromWho="1" sc="289,0,211,-55,250,0,250,55" /><INIT seed="1,0,0,5,0,123" ten="289,156,250,305" oya="1" hai0="29,99,114,32,13,68,81,90,25,57,67,130,92" hai1="39,58,52,22,6,60,30,24,86,91,88,40,54" hai2="89,126,62,5,18,135,21,119,31,37,115,42,35" hai3="59,85,100,48,65,97,74,45,120,1,102,122,134"/><U133/><E133/><V10/><F42/><W110/><G110/><T49/><D114/><U16/><E6/><V101/><F37/><W78/><G74/><T73/><D130/><U44/><E86/><V109/><F101/><W121/><G1/><T11/><D68/><U118/><E118/><V96/><F89/><W27/><G134/><T105/><D105/><U112/><E112/><V0/><F96/><W116/><G116/><T56/><D67/><U66/><E30/><V53/><F115/><W127/><G127/><T83/><D49/><U103/><E103/><V104/><F104/><W12/><G27/><T87/><D73/><U20/><E20/><V124/><F135/><W33/><G33/><T50/><D50/><U47/><E47/><V117/><F53/><W93/><G12/><T131/><D131/><U125/><E125/><N who="2" m="48235" /><F62/><W41/><G102/><T38/><D38/><U111/><E111/><V15/><F109/><W46/><G46/><T28/><D28/><U98/><E98/><V8/><F8/><W7/><G7/><T9/><D83/><U70/><E54/><V84/><F84/><W23/><G23/><T129/><D129/><U3/><E3/><V69/><F69/><W106/><G106/><T77/><D9/><U17/><E17/><AGARI ba="0,0" hai="11,13,17,25,29,32,56,57,77,81,87,90,92,99" machi="17" ten="30,1000,0" yaku="7,1" doraHai="123" who="0" fromWho="1" sc="289,10,156,-10,250,0,305,0" /><INIT seed="2,0,0,2,0,6" ten="299,146,250,305" oya="2" hai0="0,17,75,60,84,62,110,2,118,126,121,102,5" hai1="97,127,129,96,99,124,109,42,71,92,105,72,134" hai2="77,66,61,106,54,85,82,14,48,1,114,33,51" hai3="83,68,59,113,122,103,79,3,19,117,116,35,91"/><V132/><F1/><W13/><G122/><T44/><D75/><U130/><E71/><V46/><F33/><W24/><G68/><T11/><D121/><U55/><E42/><V107/><F114/><W112/><G3/><T38/><D102/><U34/><E34/><V115/><F115/><N who="3" m="44107" /><G103/><T87/><D110/><U12/><E55/><V78/><F132/><W125/><G125/><N who="1" m="48202" /><E12/><V50/><F78/><W41/><G91/><T37/><D126/><U21/><E21/><V45/><F14/><W133/><G133/><T81/><D118/><U57/><E57/><V27/><F27/><W31/><G59/><T16/><D5/><U128/><E134/><V63/><F51/><W53/><G53/><T56/><D56/><U9/><E72/><V28/><F28/><W8/><G41/><T95/><D44/><U90/><E9/><V131/><F63/><W119/><G119/><T52/><D52/><U89/><E109/><V26/><F26/><W49/><G49/><T101/><D11/><U94/><E105/><N who="2" m="39947" /><F50/><W15/><G13/><T23/><D23/><U69/><E69/><N who="2" m="42191" /><F46/><W123/><G123/><T7/><D7/><U20/><E20/><V76/><F54/><W65/><G65/><T25/><D25/><U4/><E4/><V104/><F104/><W36/><G36/><T10/><D10/><U74/><E74/><AGARI ba="0,0" hai="8,15,19,24,31,35,74,79,83,116,117" m="44107" machi="74" ten="30,2000,0" yaku="11,1,52,1" doraHai="6" who="3" fromWho="1" sc="299,0,146,-20,250,0,305,20" /><INIT seed="3,0,0,2,4,61" ten="299,126,250,325" oya="3" hai0="64,19,74,51,95,66,17,100,41,63,52,25,32" hai1="16,24,106,84,123,78,3,38,26,96,60,118,59" hai2="33,125,126,108,12,91,113,39,1,54,134,105,47" hai3="30,72,81,7,110,35,34,13,43,65,128,129,103"/><W119/><G119/><T70/><D74/><U14/><E118/><V67/><F1/><W104/><G110/><T21/><D32/><U80/><E123/><V93/><F33/><W49/><G65/><T117/><D117/><U121/><E38/><V76/><F105/><W77/><G30/><T132/><D132/><U9/><E121/><V135/><F76/><W36/><G36/><T68/><D41/><U48/><E48/><V57/><F12/><W97/><G7/><T23/><D63/><U83/><E3/><V50/><F93/><W131/><G13/><N who="0" m="9391" /><D68/><U42/><E42/><N who="2" m="23007" /><F91/><W31/><G31/><T124/><D70/><U75/><E106/><V86/><F86/><W69/><G69/><T55/><D124/><N who="2" m="47722" /><F108/><W18/><G18/><T22/><D22/><U56/><E96/><V87/><F87/><W0/><G0/><T15/><D15/><U5/><E5/><V46/><F113/><W62/><G62/><AGARI ba="0,0" hai="46,50,54,57,62,67,134,135" m="47722,23007" machi="62" ten="30,7700,0" yaku="18,1,34,2,52,1" doraHai="61" who="2" fromWho="3" sc="299,0,126,0,250,77,325,-77" owari="299,9.9,126,-37.4,327,42.7,248,-15.2" /></mjloggm>