<mjloggm ver="2.3"><GO type="225" lobby="0"/><UN n0="%E3%81%AF%E3%82%88%E3%81%8A%E3%81%98%E3%81%95%E3%82%93" n1="%6D%75%75%6D%75%72%61" n2="%73%75%7A%75%6D%65%33" n3="%E8%AB%B8%E8%91%9B%E4%BA%AE" dan="17,16,18,16" rate="2226.42,2107.39,2185.70,2132.63" sx="M,F,M,M"/><TAIKYOKU oya="0"/><INIT seed="0,0,0,0,4,33" ten="250,250,250,250" oya="0" hai0="109,29,80,31,86,87,52,37,106,135,1,84,103" hai1="10,99,131,9,47,59,48,53,24,30,42,0,133" hai2="54,105,7,76,60,49,88,68,27,90,71,16,56" hai3="121,108,65,115,110,4,73,129,58,107,51,41,122"/><T43/><D135/><U75/><E133/><V13/><F105/><W104/><G4/><T50/><D109/><N who="3" m="42089" /><G73/><T46/><D80/><U72/><E131/><V117/><F117/><W94/><G94/><T8/><D103/><U97/><E72/><V96/><F76/><W125/><G129/><T91/><D91/><N who="2" m="34858" /><F68/><W98/><G98/><T38/><D106/><N who="3" m="40489" /><G115/><T66/><D66/><U20/><E75/><V64/><F71/><W120/><G125/><T93/><D93/><U132/><E132/><V112/><F112/><W2/><G2/><T69/><D69/><U74/><E74/><V39/><F39/><W89/><G89/><T118/><D118/><U134/><E134/><V28/><F96/><N who="1" m="36937" /><E0/><V78/><F7/><W32/><G32/><T124/><D124/><U62/><AGARI ba="0,0" hai="9,10,20,24,30,42,47,48,53,59,62" m="36937" machi="62" ten="30,1100,0" yaku="8,1" doraHai="33" who="1" fromWho="1" sc="250,-5,250,11,250,-3,250,-3" /><INIT seed="1,0,0,5,2,9" ten="245,261,247,247" oya="1" hai0="76,11,92,77,13,69,24,82,60,96,113,52,23" hai1="87,94,50,124,43,33,78,134,127,65,5,70,109" hai2="129,120,100,108,80,86,42,55,38,28,83,10,49" hai3="66,27,74,64,112,8,54,62,68,16,131,119,40"/><U3/><E33/><V22/><F120/><W7/><G112/><T107/><D107/><U63/><E134/><V75/><F108/><W71/><G74/><T1/><D1/><U32/><E32/><V59/><F129/><W123/><G123/><T111/><D111/><U128/><E128/><V101/><F75/><W26/><G131/><T44/><D113/><U95/><E109/><V102/><F38/><W17/><G40/><T61/><D69/><U6/><E94/><V46/><F10/><W36/><G36/><T73/><D77/><U85/><E85/><V135/><F135/><W35/><G119/><T2/><D2/><U29/><E29/><V79/><F83/><W41/><G41/><T130/><D130/><U116/><E116/><V88/><F79/><W121/><G121/><T104/><D104/><U122/><E122/><V114/><F114/><W14/><G54/><T110/><D110/><U56/><E3/><V117/><F117/><W31/><G27/><T21/><D61/><AGARI ba="0,0" hai="7,8,14,16,17,26,31,35,61,62,64,66,68,71" machi="61" ten="40,5200,0" yaku="9,1,52,1,54,1" doraHai="9" who="3" fromWho="0" sc="245,-52,261,0,247,0,247,52" /><INIT seed="2,0,0,4,4,104" ten="193,261,247,299" oya="2" hai0="134,7,64,0,127,41,68,45,44,85,28,77,37" hai1="19,94,25,52,74,69,113,112,11,62,26,14,58" hai2="125,129,4,83,21,114,75,135,86,103,119,67,91" hai3="33,65,36,99,49,110,63,116,107,13,39,6,130"/><V42/><F4/><W40/><G116/><T60/><D127/><U105/><E105/><V34/><F34/><W121/><G121/><T106/><D134/><U95/><E69/><V59/><F119/><W100/><G110/><T118/><D106/><U55/><E74/><V2/><F2/><W101/><G130/><T82/><D118/><U53/><E112/><V84/><F42/><W109/><G101/><T30/><D44/><U128/><E128/><V71/><F71/><W117/><G109/><T46/><D46/><U126/><E126/><V9/><F125/><W16/><G6/><T88/><REACH who="0" step="1"/><D77/><REACH who="0" ten="183,261,247,299" step="2"/><U76/><E76/><N who="2" m="44447" /><F135/><W87/><G117/><T1/><D1/><U3/><E3/><V61/><F114/><W115/><G115/><T108/><D108/><U32/><E113/><V56/><F129/><W22/><G107/><T123/><D123/><U29/><E32/><V24/><F103/><W18/><G100/><T35/><D35/><U20/><E26/><V120/><F120/><W23/><G33/><T5/><D5/><U81/><E25/><V17/><F91/><W93/><G13/><T92/><D92/><U15/><E94/><V50/><F24/><W78/><G93/><T133/><D133/><U80/><E95/><V122/><F122/><W97/><G78/><T51/><D51/><U38/><E15/><V27/><F27/><W72/><G49/><T31/><D31/><U124/><E124/><V12/><F9/><AGARI ba="0,1" hai="0,7,9,28,30,37,41,45,60,64,68,82,85,88" machi="9" ten="40,2600,0" yaku="1,1,54,1,53,0" doraHai="104" doraHaiUra="47" who="0" fromWho="2" sc="183,36,261,0,247,-26,299,0" /><INIT seed="3,0,0,1,2,79" ten="219,261,221,299" oya="3" hai0="89,35,69,50,90,8,122,118,32,108,46,94,75" hai1="127,49,126,26,38,116,134,74,41,42,125,109,130" hai2="60,7,88,23,24,12,78,34,48,93,119,11,13" hai3="99,66,4,15,43,22,121,131,85,91,39,73,128"/><W72/><G66/><T30/><D122/><U59/><E74/><V123/><F123/><W6/><G99/><T56/><D118/><U54/><E26/><V103/><F119/><W77/><G77/><T31/><D69/><U47/><E116/><V1/><F34/><W9/><G22/><T63/><D75/><U71/><E109/><V0/><F0/><W37/><G121/><T67/><D108/><U16/><E16/><V101/><F78/><W83/><G6/><T133/><D133/><U40/><E134/><V84/><F60/><W64/><G64/><T76/><D76/><U114/><E114/><V45/><F12/><W115/><G115/><T28/><D8/><U113/><E113/><V44/><F1/><W117/><G117/><T14/><D14/><U61/><E130/><N who="3" m="49706" /><G39/><T135/><D135/><U110/><E110/><V68/><F68/><W129/><G129/><T58/><D90/><U25/><E25/><V100/><REACH who="2" step="1"/><F48/><REACH who="2" ten="219,261,211,299" step="2"/><W87/><G37/><T2/><D2/><U86/><E71/><V5/><F5/><W55/><G4/><T57/><D35/><U105/><E61/><V20/><F20/><W10/><G15/><T51/><D32/><U33/><E33/><V70/><F70/><W81/><G10/><T120/><D120/><U98/><E38/><V62/><F62/><W111/><G9/><T107/><D51/><U102/><E125/><V36/><F36/><W132/><G132/><T104/><D63/><N who="1" m="36343" /><E127/><V82/><F82/><W96/><G83/><T21/><D67/><U17/><E126/><V52/><F52/><W106/><G55/><RYUUKYOKU ba="0,1" sc="219,-10,261,-10,211,30,299,-10" hai2="7,11,13,23,24,44,45,84,88,93,100,101,103" /><INIT seed="4,1,1,4,4,124" ten="209,251,241,289" oya="0" hai0="117,31,121,16,101,129,36,110,73,49,120,92,63" hai1="60,47,42,8,74,35,24,93,78,4,38,18,6" hai2="119,5,54,79,109,65,68,45,104,44,48,131,21" hai3="69,17,128,99,126,127,90,9,28,1,132,123,39"/><T41/><D73/><U81/><E6/><V25/><F109/><W75/><G128/><T77/><D77/><U106/><E106/><V86/><F104/><W116/><G69/><T59/><D31/><U51/><E93/><V111/><F111/><W29/><G116/><T7/><D110/><U118/><E118/><V26/><F119/><W107/><G39/><T14/><D117/><U27/><E18/><V30/><F131/><W12/><G75/><T46/><D36/><U122/><E35/><V91/><F5/><W114/><G114/><T57/><D7/><U58/><E51/><V34/><F79/><W64/><G1/><T53/><D129/><U130/><E122/><V83/><F65/><W0/><G0/><T112/><D112/><U23/><E23/><V108/><F68/><W37/><G37/><T61/><D101/><U13/><E130/><V72/><F72/><W113/><G107/><T56/><D92/><U2/><E13/><V96/><F96/><W22/><G113/><T134/><D134/><U11/><E11/><V87/><F87/><W82/><G132/><T84/><D84/><U76/><E78/><V98/><F98/><W43/><G123/><T95/><D95/><U20/><E20/><V40/><F108/><W3/><G3/><T105/><D105/><U115/><E115/><V100/><F100/><W52/><G127/><T89/><D89/><U67/><AGARI ba="1,1" hai="2,4,8,24,27,38,42,47,58,60,67,74,76,81" machi="67" ten="20,5200,0" yaku="0,1,7,1,25,2" doraHai="124" who="1" fromWho="1" sc="209,-27,251,65,241,-14,289,-14" owari="182,-31.8,316,41.6,227,-17.3,275,7.5" /></mjloggm>