<mjloggm ver="2.3"><GO type="225" lobby="0"/><UN n0="%E3%81%B2%E3%81%AA%E3%81%AE%E3%82%8A%E3%81%8F" n1="%E5%8D%A0%E3%81%84%E5%B8%AB%E8%A3%8F%E3%81%AA%E3%81%84%E3%81%97" n2="%72%69%6F%75%63%68%61%6E" n3="%E5%84%AA%40%41%42%43" dan="17,16,17,17" rate="2200.16,2143.91,2165.59,2176.00" sx="M,M,M,M"/><TAIKYOKU oya="0"/><INIT seed="0,0,0,5,5,87" ten="250,250,250,250" oya="0" hai0="96,103,26,48,76,88,45,114,12,18,40,70,56" hai1="30,115,125,71,27,11,17,83,129,3,34,109,82" hai2="99,97,63,29,0,19,24,132,16,74,110,50,52" hai3="54,84,91,116,13,8,78,79,72,111,28,43,102"/><T14/><D114/><U31/><E109/><V118/><F110/><W32/><G116/><T85/><D70/><U130/><E115/><V39/><F39/><W51/><G72/><T107/><D76/><U135/><E71/><V59/><F118/><W4/><G111/><T57/><D26/><U23/><E125/><V73/><F0/><W68/><G68/><T69/><D69/><U53/><E135/><V120/><F120/><W92/><G43/><T21/><REACH who="0" step="1"/><D14/><REACH who="0" ten="240,250,250,250" step="2"/><U58/><E129/><V133/><F133/><W106/><G32/><T86/><D86/><U131/><E131/><V10/><F132/><W134/><G134/><T44/><D44/><U2/><E130/><V100/><F74/><W75/><G75/><T5/><D5/><U61/><E2/><V108/><F73/><W77/><G28/><T20/><D20/><U105/><E31/><V62/><F108/><W33/><G33/><T66/><D66/><U126/><E126/><V60/><F10/><W22/><G22/><T9/><D9/><U122/><E11/><V15/><F15/><W98/><REACH who="3" step="1"/><G78/><REACH who="3" ten="240,250,250,240" step="2"/><T117/><D117/><U80/><E23/><N who="2" m="15519" /><F97/><W1/><G1/><T121/><D121/><U41/><E122/><V6/><F99/><W42/><G42/><T128/><D128/><U67/><E41/><V94/><F52/><W64/><G64/><T93/><AGARI ba="0,2" hai="12,18,21,40,45,48,56,57,85,88,93,96,103,107" machi="93" ten="20,12000,1" yaku="1,1,0,1,7,1,52,1,54,1,53,0" doraHai="87" doraHaiUra="104" who="0" fromWho="0" sc="240,140,250,-40,250,-40,240,-40" /><INIT seed="0,1,0,3,0,69" ten="380,210,210,200" oya="0" hai0="30,68,50,34,117,86,79,116,24,67,17,77,100" hai1="132,63,20,1,35,65,115,60,45,3,92,47,56" hai2="70,72,48,59,43,64,61,98,128,131,114,93,51" hai3="39,125,7,9,41,102,8,53,80,28,25,66,91"/><T15/><D100/><U119/><E119/><V6/><F114/><W12/><G125/><T122/><D122/><U83/><E35/><V120/><F120/><W46/><G66/><T62/><D50/><U89/><E115/><V21/><F72/><W18/><G102/><T44/><D44/><U54/><E132/><V109/><F109/><W11/><G53/><T97/><D97/><U75/><E3/><V133/><F133/><W87/><REACH who="3" step="1"/><G7/><REACH who="3" ten="380,210,210,190" step="2"/><T113/><D113/><U118/><E54/><V16/><F6/><W10/><G10/><T111/><D111/><U27/><E65/><V76/><F70/><W74/><G74/><T129/><D129/><N who="2" m="49738" /><F43/><W84/><G84/><T5/><D5/><U130/><E75/><V38/><F64/><W121/><G121/><T33/><D86/><U95/><E130/><V88/><F98/><W0/><G0/><T105/><D117/><U22/><E1/><V37/><F59/><W32/><AGARI ba="1,1" hai="8,9,11,12,18,25,28,32,39,41,46,80,87,91" machi="32" ten="20,8000,1" yaku="1,1,0,1,7,1,52,1,53,1" doraHai="69" doraHaiUra="29" who="3" fromWho="3" sc="380,-41,210,-21,210,-21,190,93" /><INIT seed="1,0,0,4,1,52" ten="339,189,189,283" oya="1" hai0="24,27,16,123,22,18,33,83,127,105,124,37,132" hai1="110,128,1,107,121,82,78,113,77,108,89,64,104" hai2="9,47,67,21,39,116,32,122,49,59,133,43,13" hai3="126,11,51,6,34,106,130,25,101,12,40,119,100"/><U118/><E113/><V85/><F133/><W30/><G106/><N who="1" m="40490" /><E1/><V73/><F116/><W95/><G119/><T7/><D105/><U120/><E118/><V48/><F122/><N who="1" m="47209" /><E64/><V80/><F73/><W2/><G126/><N who="0" m="48171" /><D37/><U65/><E65/><V117/><F32/><W70/><G70/><T102/><D132/><U66/><E66/><V14/><F117/><W134/><G40/><T112/><D112/><U57/><E57/><V46/><F21/><W20/><G51/><T115/><D115/><U68/><E68/><V58/><F67/><W109/><G95/><T28/><D102/><N who="3" m="39529" /><G34/><T0/><D123/><U86/><E128/><V87/><F39/><W8/><G8/><N who="0" m="2151" /><D83/><U90/><E90/><N who="2" m="51495" /><F87/><W93/><G11/><T62/><D62/><U92/><E82/><V129/><F129/><W135/><G130/><T88/><D88/><U69/><E69/><V125/><F125/><W31/><G135/><T111/><D33/><U5/><E5/><N who="2" m="3247" /><F14/><W23/><G12/><T81/><D81/><U44/><E44/><V45/><F45/><W15/><G6/><T53/><D27/><U97/><E86/><V99/><F99/><W56/><G134/><T38/><D24/><U63/><E63/><V4/><F4/><W84/><G15/><T54/><D18/><U98/><E98/><V74/><F74/><W114/><G2/><T55/><D16/><U26/><E26/><V42/><AGARI ba="0,0" hai="42,43,46,47,48,49,58,59" m="3247,51495" machi="42" ten="30,4000,0" yaku="8,1,52,2" doraHai="52" who="2" fromWho="2" sc="339,-10,189,-20,189,40,283,-10" /><INIT seed="2,0,0,1,0,49" ten="329,169,229,273" oya="2" hai0="71,84,74,132,109,114,78,66,126,14,100,130,128" hai1="5,12,121,7,129,85,86,52,106,103,111,54,27" hai2="41,62,93,68,23,44,8,47,56,45,135,6,72" hai3="33,75,37,125,4,95,3,90,1,98,81,88,48"/><V112/><F135/><W124/><G37/><T26/><D114/><U99/><E111/><V115/><F72/><W64/><G33/><T16/><D74/><U131/><E121/><V46/><F68/><W15/><G64/><T91/><D109/><U11/><E7/><V110/><F110/><W67/><G67/><T96/><D78/><U22/><E85/><V120/><F120/><W122/><G122/><T83/><D132/><U77/><E86/><V21/><F93/><W55/><G15/><T59/><D26/><U51/><E77/><V57/><F57/><N who="3" m="32999" /><G4/><T97/><D71/><U79/><E79/><V101/><F101/><N who="3" m="60639" /><G75/><T104/><D97/><U118/><E118/><V127/><F127/><N who="3" m="48715" /><G81/><T42/><D126/><U61/><E61/><V53/><F115/><W43/><G43/><T28/><D42/><U18/><REACH who="1" step="1"/><E54/><REACH who="1" ten="329,159,229,273" step="2"/><V9/><F112/><W10/><G1/><T38/><D84/><U17/><E17/><V13/><REACH who="2" step="1"/><F8/><REACH who="2" ten="329,159,219,273" step="2"/><W24/><G10/><T40/><D128/><U58/><AGARI ba="0,2" hai="5,11,12,18,22,27,51,52,58,99,103,106,129,131" machi="58" ten="30,7900,0" yaku="1,1,0,1,52,1,54,1,53,0" doraHai="49" doraHaiUra="82" who="1" fromWho="1" sc="329,-20,159,99,219,-39,273,-20" /><INIT seed="3,0,0,3,1,97" ten="309,258,180,253" oya="3" hai0="131,48,114,51,26,91,122,132,50,36,92,19,119" hai1="78,94,53,87,60,74,77,5,123,79,21,33,69" hai2="38,22,24,73,75,31,49,133,107,2,13,124,47" hai3="25,81,98,6,39,99,72,89,32,9,17,104,82"/><W70/><G39/><T117/><D122/><U61/><E33/><V35/><F124/><W28/><G99/><T109/><D36/><U105/><E105/><V84/><F133/><W110/><G110/><T34/><D109/><U135/><E74/><V130/><F130/><W57/><G72/><T118/><D132/><U27/><E69/><V41/><F107/><W18/><G70/><T134/><D134/><U4/><E123/><V20/><F2/><W37/><G37/><T116/><D116/><U128/><E128/><V127/><F127/><W111/><G111/><T0/><D0/><U112/><E112/><V66/><F35/><W12/><G57/><T40/><D131/><U126/><E126/><V29/><F66/><W96/><G96/><T85/><D114/><U101/><E60/><V44/><F84/><W88/><G89/><T46/><D34/><U129/><E129/><V63/><F63/><W108/><G108/><T102/><D117/><U68/><E87/><V10/><F22/><W7/><G18/><T90/><D119/><U52/><E68/><V113/><F29/><W103/><REACH who="3" step="1"/><G88/><REACH who="3" ten="309,258,180,243" step="2"/><T15/><D91/><U83/><E135/><V42/><REACH who="2" step="1"/><F113/><REACH who="2" ten="309,258,170,243" step="2"/><W54/><G54/><T80/><D118/><U64/><E52/><V3/><F3/><W71/><G71/><T93/><D40/><U121/><E53/><V106/><F106/><W8/><G8/><T67/><D67/><U115/><E64/><V100/><F100/><W62/><G62/><T56/><D102/><U65/><E101/><V45/><F45/><W55/><G55/><T11/><D46/><RYUUKYOKU ba="0,2" sc="309,-15,258,-15,170,15,243,15" hai2="10,13,20,24,31,38,41,42,44,47,49,73,75" hai3="6,7,9,12,17,25,28,32,81,82,98,103,104" /><INIT seed="3,1,2,0,2,42" ten="294,243,185,258" oya="3" hai0="112,82,48,89,24,39,84,56,103,65,3,125,51" hai1="108,67,34,72,86,50,133,7,73,36,100,107,0" hai2="8,132,94,134,17,93,130,63,87,90,29,95,116" hai3="120,66,97,126,55,111,45,77,31,68,102,4,106"/><W85/><G120/><T98/><D39/><U78/><E36/><V115/><F130/><W96/><G4/><T83/><D3/><U119/><E34/><V74/><F115/><W69/><G126/><T30/><D125/><U18/><E108/><V53/><F116/><W70/><G111/><T20/><D112/><U13/><E67/><V33/><F74/><W38/><G97/><T10/><D10/><U21/><E133/><N who="2" m="51307" /><F33/><W114/><G114/><T15/><D15/><U71/><E71/><V122/><F29/><W60/><G31/><T135/><D82/><U19/><E73/><V27/><F122/><W46/><G46/><T1/><D1/><U35/><E72/><V54/><F63/><W16/><G16/><T52/><D65/><U43/><E19/><V49/><F27/><W6/><G6/><T131/><D131/><U121/><E7/><V26/><F26/><W40/><REACH who="3" step="1"/><G55/><REACH who="3" ten="294,243,185,248" step="2"/><N who="2" m="21001" /><F49/><W124/><G124/><T128/><D135/><U99/><E50/><V28/><F28/><W57/><G57/><T22/><D51/><U59/><E59/><V12/><AGARI ba="1,3" hai="8,12,17,87,90,93,94,95" m="21001,51307" machi="12" ten="30,1100,0" yaku="20,1" doraHai="42" who="2" fromWho="2" sc="294,-4,243,-4,185,44,248,-6" /><INIT seed="4,0,0,1,3,132" ten="290,239,229,242" oya="0" hai0="22,41,134,69,2,63,83,30,54,85,74,56,27" hai1="112,12,107,9,119,19,96,21,53,68,103,106,117" hai2="97,82,131,123,92,90,135,125,129,115,48,101,72" hai3="46,121,20,37,50,70,88,130,64,24,33,120,31"/><T15/><D74/><U13/><E68/><V80/><F123/><N who="3" m="47179" /><G37/><T8/><D2/><U86/><E107/><N who="2" m="63919" /><F48/><W81/><G130/><N who="2" m="49673" /><F135/><W38/><G38/><T23/><D134/><U65/><E65/><V36/><F36/><W1/><G1/><T14/><D41/><U44/><E112/><V124/><F115/><W45/><G33/><T89/><D69/><U39/><E53/><V128/><N who="2" m="49681" /><V122/><DORA hai="26" /><F122/><W11/><G11/><T75/><D75/><U47/><E86/><N who="2" m="50503" /><F92/><W94/><G81/><T111/><D111/><U42/><REACH who="1" step="1"/><E47/><REACH who="1" ten="290,229,229,242" step="2"/><V84/><F72/><W58/><G70/><T95/><D54/><U29/><E29/><V87/><F84/><N who="3" m="52487" /><G64/><T28/><D85/><U62/><E62/><V17/><F17/><AGARI ba="0,1" hai="9,12,13,17,19,21,39,42,44,96,103,106,117,119" machi="17" ten="30,2000,0" yaku="1,1,7,1,53,0" doraHai="132,26" doraHaiUra="0,51" who="1" fromWho="2" sc="290,0,229,30,229,-20,242,0" /><INIT seed="5,0,0,5,3,39" ten="290,259,209,242" oya="1" hai0="36,74,34,103,29,3,43,108,1,81,8,78,72" hai1="62,112,23,19,26,40,0,96,119,79,13,24,63" hai2="20,71,28,76,89,115,97,2,68,42,84,120,53" hai3="100,87,86,58,48,57,123,98,129,70,10,38,99"/><U5/><E119/><V47/><F120/><W113/><G70/><T125/><D108/><U65/><E0/><V44/><F2/><W106/><G38/><T107/><D74/><U50/><E112/><V92/><F115/><W41/><G123/><T64/><D125/><U109/><E109/><V15/><F53/><W88/><G113/><T22/><D22/><U51/><E79/><V33/><F33/><W132/><G129/><T104/><D64/><U128/><E128/><V18/><F28/><W67/><G132/><T35/><D8/><U121/><E51/><V17/><F47/><N who="3" m="25711" /><G106/><N who="0" m="40491" /><D103/><U133/><E133/><V131/><F131/><W130/><G86/><T124/><D124/><U11/><E121/><V116/><F116/><W52/><G100/><T31/><D31/><U77/><E65/><V111/><F111/><W37/><G37/><T73/><D73/><U21/><E77/><V7/><F7/><W82/><G130/><T27/><D35/><U60/><E96/><N who="3" m="36906" /><G10/><T66/><D66/><U135/><E135/><V12/><F76/><W61/><G58/><T25/><D25/><U55/><E24/><V105/><F105/><W49/><G67/><T94/><D94/><U6/><E23/><V83/><F83/><W85/><G87/><T93/><D93/><U114/><E114/><V134/><F134/><W16/><G16/><T80/><D80/><U102/><E102/><V91/><F91/><W122/><G122/><T32/><D32/><U14/><E26/><V75/><F75/><W4/><G4/><T9/><D9/><U117/><E117/><V46/><F97/><RYUUKYOKU ba="0,0" sc="290,15,259,-15,209,-15,242,15" hai0="1,3,27,29,34,36,43,72,78,81" hai3="49,52,57,61,82,85,88" owari="305,40.5,244,-15.6,194,-30.6,257,5.7" /></mjloggm>