<mjloggm ver="2.3"><GO type="225" lobby="0"/><UN n0="%6B%79%6F%6E%6B%6F%31%31" n1="%E3%82%82%E3%81%90%E3%82%89" n2="%41%54%53%4D" n3="%E7%88%86%E8%A3%82%E7%8B%82%E6%83%A0%E6%83%A0" dan="17,17,16,17" rate="2213.82,2216.76,2138.75,2137.42" sx="M,M,M,M"/><TAIKYOKU oya="0"/><INIT seed="0,0,0,0,0,59" ten="250,250,250,250" oya="0" hai0="109,11,69,129,107,73,14,80,3,13,46,111,24" hai1="104,60,55,58,26,71,62,133,128,113,93,95,4" hai2="17,23,106,115,79,49,6,45,21,91,76,83,114" hai3="31,72,105,119,110,9,56,64,103,89,78,77,44"/><T35/><D107/><U74/><E104/><V92/><F106/><W67/><G119/><T101/><D101/><U82/><E128/><V34/><F6/><W43/><G110/><N who="0" m="41995" /><D129/><U16/><E133/><V61/><F34/><W68/><G68/><T50/><D69/><U18/><E113/><V117/><F117/><W87/><G31/><N who="0" m="19943" /><D80/><U108/><E108/><V7/><F7/><W28/><G28/><T81/><D3/><U2/><E74/><V102/><F102/><W124/><G103/><T125/><D125/><U112/><E82/><V8/><F114/><W98/><G105/><T130/><D11/><U52/><E112/><V122/><F115/><W42/><G9/><T97/><D97/><U12/><E2/><V15/><F122/><W118/><G98/><T33/><D33/><U27/><E71/><V40/><F79/><W99/><G99/><T84/><D73/><U132/><E132/><V123/><F123/><W51/><G72/><T20/><D20/><U90/><E95/><V121/><F121/><W32/><G32/><T54/><D130/><U86/><E4/><V94/><F94/><N who="3" m="54591" /><G124/><T19/><D19/><N who="1" m="7211" /><E12/><V66/><F92/><W96/><G96/><T65/><D13/><U134/><E134/><V53/><F91/><W63/><G43/><T131/><D14/><U135/><E135/><V39/><F83/><W120/><G120/><T116/><D116/><U85/><E85/><V88/><F76/><N who="3" m="29291" /><G118/><T75/><D75/><U10/><E10/><V41/><F88/><W30/><G30/><T36/><D131/><U57/><AGARI ba="0,0" hai="26,27,52,55,57,58,60,62,86,90,93" m="7211" machi="57" ten="30,8000,1" yaku="8,1,52,2,54,2" doraHai="59" who="1" fromWho="1" sc="250,-40,250,80,250,-20,250,-20" /><INIT seed="1,0,0,2,5,29" ten="210,330,230,230" oya="1" hai0="23,91,86,114,108,38,34,72,9,99,36,83,57" hai1="79,103,82,8,48,94,81,15,126,3,101,53,60" hai2="25,21,50,120,56,112,1,51,73,129,63,109,42" hai3="71,12,40,95,6,131,28,47,84,115,76,127,96"/><U33/><E126/><V110/><F120/><W52/><G71/><T45/><D72/><U130/><E3/><V46/><F73/><W113/><G127/><T27/><D34/><U37/><E37/><V66/><F1/><W68/><G68/><T118/><D114/><U116/><E33/><V18/><F112/><W19/><G131/><T11/><D118/><U134/><E130/><V35/><F129/><W88/><G6/><T87/><D108/><U20/><E60/><V14/><REACH who="2" step="1"/><F51/><REACH who="2" ten="210,330,220,230" step="2"/><N who="3" m="28799" /><G113/><T59/><D38/><U2/><E48/><V107/><F107/><W39/><G115/><T61/><D36/><U65/><E2/><V111/><F111/><W16/><G39/><T62/><D62/><U102/><E116/><V31/><AGARI ba="0,1" hai="14,18,21,25,31,35,42,46,50,56,63,66,109,110" machi="31" ten="30,4000,0" yaku="1,1,0,1,52,1,53,0" doraHai="29" doraHaiUra="67" who="2" fromWho="2" sc="210,-10,330,-20,220,50,230,-10" /><INIT seed="2,0,0,5,1,102" ten="200,310,270,220" oya="2" hai0="14,110,42,125,109,48,130,72,21,3,113,46,59" hai1="37,68,60,127,116,95,133,33,43,76,4,53,38" hai2="83,111,117,108,52,41,35,75,82,93,131,30,67" hai3="5,120,106,40,86,18,49,17,16,92,73,128,79"/><V58/><F117/><W24/><G120/><T1/><D72/><U15/><E116/><V50/><F131/><W19/><G128/><T2/><D113/><U39/><E33/><V61/><F41/><W56/><G73/><T44/><D130/><U71/><E76/><V114/><F114/><W13/><G106/><T126/><D59/><N who="1" m="34927" /><E95/><V70/><F93/><W89/><G79/><T27/><D14/><U12/><E12/><V84/><F75/><W100/><G100/><T122/><D46/><U23/><E15/><V105/><F105/><W9/><N who="3" m="4096" /><DORA hai="115" /><W64/><G24/><T7/><D7/><U98/><E98/><V87/><F87/><W55/><REACH who="3" step="1"/><G40/><REACH who="3" ten="200,310,270,210" step="2"/><T69/><D122/><U74/><E43/><V26/><REACH who="2" step="1"/><F82/><REACH who="2" ten="200,310,260,210" step="2"/><W31/><G31/><N who="0" m="17903" /><D125/><U91/><E127/><V103/><F103/><W78/><G78/><AGARI ba="0,2" hai="26,30,35,50,52,58,61,67,70,78,83,84,108,111" machi="78" ten="40,7700,0" yaku="1,1,54,1,53,1" doraHai="102,115" doraHaiUra="99,54" who="2" fromWho="3" sc="200,0,310,0,260,97,210,-77" /><INIT seed="2,1,0,3,2,51" ten="200,310,357,133" oya="2" hai0="111,61,92,101,48,75,108,124,127,7,91,100,66" hai1="19,97,13,39,33,30,53,60,65,69,131,129,3" hai2="8,29,21,98,135,72,73,90,4,86,36,67,68" hai3="38,12,42,95,43,82,46,78,126,87,118,112,63"/><V76/><F36/><W0/><G0/><T125/><D7/><U9/><E39/><V119/><F119/><W16/><G118/><T81/><D61/><U110/><E110/><N who="0" m="42025" /><D66/><U2/><E97/><V37/><F37/><W117/><G117/><T41/><D41/><U93/><E93/><V116/><F116/><W55/><G126/><T58/><D58/><U132/><E132/><V128/><F135/><W120/><G120/><T80/><D48/><U52/><E3/><V83/><F98/><W107/><G112/><T45/><D45/><U34/><E2/><V50/><F128/><N who="1" m="49225" /><E30/><V115/><F115/><W32/><G32/><AGARI ba="1,0" hai="9,13,19,32,33,34,52,53,60,65,69" m="49225" machi="32" ten="30,7700,0" yaku="19,1,52,2,54,1" doraHai="51" who="1" fromWho="3" sc="200,0,310,80,357,0,133,-80" /><INIT seed="3,0,0,2,2,39" ten="200,390,357,53" oya="3" hai0="55,103,109,44,26,79,12,5,8,119,127,104,71" hai1="30,42,132,118,34,0,33,17,38,120,37,105,69" hai2="16,83,129,101,135,22,45,80,82,64,85,73,116" hai3="93,76,66,68,131,89,14,43,9,6,74,59,25"/><W114/><G114/><T29/><D109/><U27/><E120/><V46/><F116/><W88/><G131/><T110/><D110/><U62/><E118/><V40/><F129/><W1/><G68/><T57/><D127/><U121/><E121/><V95/><F135/><W23/><G74/><T52/><D71/><U35/><E17/><V2/><F73/><W75/><G75/><T61/><D79/><U41/><E0/><V134/><F2/><W123/><G123/><T19/><D119/><U13/><E13/><V50/><F64/><W60/><G76/><T126/><D126/><U20/><E132/><V112/><F134/><W133/><G133/><T92/><D104/><U97/><E38/><V102/><F112/><W72/><G72/><T67/><D5/><U107/><E37/><V11/><F11/><W10/><G93/><T94/><D94/><U49/><E49/><N who="2" m="26791" /><F85/><W63/><G63/><T84/><D44/><U125/><E107/><V124/><F95/><W15/><G43/><N who="1" m="16394" /><E20/><V106/><F106/><W70/><G70/><T58/><D58/><U47/><E47/><V3/><F3/><W81/><G81/><T4/><D4/><U24/><E24/><N who="2" m="14407" /><F124/><W130/><G130/><T100/><D100/><N who="1" m="62607" /><E125/><V111/><F111/><W7/><REACH who="3" step="1"/><G1/><REACH who="3" ten="200,390,357,43" step="2"/><T54/><D84/><U108/><E108/><V86/><F86/><W128/><G128/><T21/><D92/><U91/><E91/><V31/><F102/><W90/><G90/><T32/><D103/><U115/><E115/><V51/><F101/><W122/><G122/><T56/><D57/><U28/><E69/><RYUUKYOKU ba="0,1" sc="200,15,390,-15,357,-15,43,15" hai0="8,12,19,21,26,29,32,52,54,55,56,61,67" hai3="6,7,9,10,14,15,23,25,59,60,66,88,89" /><INIT seed="3,1,1,3,4,116" ten="215,375,342,58" oya="3" hai0="112,0,61,54,81,24,51,9,118,63,89,123,130" hai1="77,105,131,126,106,47,11,60,34,98,103,35,18" hai2="70,5,45,3,110,111,43,124,13,132,83,31,72" hai3="48,29,104,14,52,17,4,28,56,22,53,88,107"/><W109/><G109/><N who="2" m="41481" /><F70/><W82/><G4/><T68/><D118/><U59/><E106/><V21/><F124/><W26/><G107/><T134/><D112/><U90/><E126/><V16/><F31/><W120/><G104/><T129/><D134/><U2/><E131/><V1/><F5/><W87/><G120/><T64/><D63/><U36/><E77/><N who="2" m="44455" /><F132/><W69/><G69/><T15/><D24/><U62/><E62/><V58/><F58/><W23/><G53/><T122/><D0/><U27/><E2/><V39/><AGARI ba="1,1" hai="1,3,13,16,21,39,43,45" m="44455,41481" machi="39" ten="30,2000,0" yaku="14,1,54,1" doraHai="116" who="2" fromWho="2" sc="215,-6,375,-6,342,33,58,-11" owari="209,-19.1,369,16.9,375,47.5,47,-45.3" /></mjloggm>