<mjloggm ver="2.3"><GO type="225" lobby="0"/><UN n0="%E3%83%AB%E3%83%9B%E3%83%B3%E3%83%87%E3%82%A3%E3%82%A8" n1="%E7%99%BD%E6%97%A5%E9%9B%AA%E8%8F%9C" n2="%E9%A6%AC%E4%BA%86%E9%9A%94%E5%A3%81" n3="%73%73%6B%5F%66%72%65%65" dan="17,17,18,16" rate="2193.36,2222.98,2207.40,2112.53" sx="M,M,M,M"/><TAIKYOKU oya="0"/><INIT seed="0,0,0,3,0,78" ten="250,250,250,250" oya="0" hai0="55,54,14,57,37,104,132,90,85,29,91,2,10" hai1="117,60,46,110,64,32,79,0,63,111,11,5,129" hai2="116,89,49,4,34,92,39,8,48,50,112,130,93" hai3="134,24,33,76,135,83,74,81,18,94,133,52,17"/><T115/><D132/><U38/><E117/><V105/><F112/><W13/><G94/><T67/><D37/><U106/><E106/><V103/><F34/><W82/><G52/><T22/><D104/><U72/><E32/><V41/><F130/><W128/><G128/><T131/><D2/><U56/><E129/><V75/><F75/><W3/><G3/><T6/><D115/><U7/><E7/><V40/><F116/><W23/><G33/><T1/><D91/><U124/><E124/><V59/><F39/><W107/><G107/><T77/><D77/><U20/><E20/><AGARI ba="0,0" hai="13,17,18,20,23,24,74,76,81,82,83,133,134,135" machi="20" ten="40,8000,1" yaku="20,1,52,3" doraHai="78" who="3" fromWho="1" sc="250,0,250,-80,250,0,250,80" /><INIT seed="1,0,0,4,0,97" ten="250,170,250,330" oya="1" hai0="60,37,26,80,131,87,15,66,58,88,32,64,110" hai1="71,83,69,91,121,23,134,89,103,21,104,94,44" hai2="120,38,114,33,28,9,113,5,124,56,24,35,39" hai3="115,53,112,86,117,1,96,128,130,10,47,49,77"/><U68/><E121/><V20/><F120/><W50/><G117/><T63/><D110/><U102/><E104/><V19/><F56/><W48/><G96/><T93/><D131/><N who="3" m="50217" /><G10/><T29/><D37/><U101/><E134/><V67/><F67/><W81/><G1/><T123/><D123/><U8/><E8/><V34/><F124/><W65/><G65/><T98/><D15/><U73/><E44/><V27/><F39/><W107/><G107/><T61/><REACH who="0" step="1"/><D66/><REACH who="0" ten="240,170,250,330" step="2"/><U125/><E125/><V85/><F38/><W129/><G129/><T36/><D36/><U13/><E13/><N who="2" m="5295" /><F85/><W51/><AGARI ba="0,1" hai="47,48,49,50,51,53,77,81,86,112,115" m="50217" machi="51" ten="40,1500,0" yaku="19,1" doraHai="97" who="3" fromWho="3" sc="240,-4,170,-7,250,-4,330,25" /><INIT seed="2,0,0,2,1,117" ten="236,163,246,355" oya="2" hai0="52,0,4,40,62,44,47,14,38,101,76,98,46" hai1="91,114,126,29,82,61,37,86,103,51,110,132,67" hai2="70,118,7,100,120,5,122,8,30,24,19,105,75" hai3="73,64,112,134,102,133,48,66,87,115,71,36,3"/><V69/><F118/><W12/><G73/><T96/><D0/><U16/><E37/><V109/><F19/><W13/><G3/><T72/><D96/><U135/><E114/><N who="3" m="43562" /><G36/><T18/><D4/><U127/><E29/><V77/><F109/><W113/><G102/><T121/><D121/><N who="2" m="46698" /><F5/><W116/><G116/><T39/><D76/><U123/><E123/><V79/><F79/><W119/><G119/><T99/><D72/><U104/><E110/><V78/><F78/><W43/><G87/><T2/><D2/><U28/><E28/><V45/><F45/><N who="3" m="25663" /><G71/><T63/><D99/><U58/><E132/><N who="3" m="50794" /><G113/><T111/><D111/><U93/><E135/><V97/><F8/><W89/><G89/><T6/><D6/><U31/><E91/><V25/><F7/><W53/><G53/><T94/><D47/><U85/><E103/><V1/><F1/><W106/><G106/><T42/><D52/><U33/><E104/><V84/><F84/><W107/><G107/><T88/><D101/><U50/><E86/><V124/><F24/><W22/><G22/><AGARI ba="0,0" hai="14,18,22,38,39,40,42,44,46,62,63,88,94,98" machi="22" ten="30,3900,0" yaku="7,1,9,1,54,1" doraHai="117" who="0" fromWho="3" sc="236,39,163,0,246,0,355,-39" /><INIT seed="3,0,0,3,4,63" ten="275,163,246,316" oya="3" hai0="94,92,71,24,96,123,34,97,80,58,14,32,100" hai1="3,45,122,30,73,84,50,4,19,57,127,31,15" hai2="21,115,47,8,133,108,37,89,1,22,6,56,60" hai3="128,130,114,41,74,99,64,72,26,0,17,132,131"/><W91/><G132/><T93/><D71/><U116/><E73/><N who="3" m="28266" /><G0/><T101/><D123/><U2/><E122/><V129/><F115/><W54/><G41/><T125/><D125/><U134/><E127/><V83/><F108/><W117/><G114/><T105/><D80/><U86/><E134/><V111/><F111/><W104/><G117/><T33/><D24/><U18/><E116/><V35/><F35/><W13/><G26/><T82/><D82/><U51/><E57/><V112/><F112/><W68/><G54/><T87/><D87/><U67/><E15/><V53/><F129/><W102/><G91/><T10/><D58/><U5/><REACH who="1" step="1"/><E45/><REACH who="1" ten="275,153,246,316" step="2"/><V75/><F133/><W39/><G68/><T119/><D119/><U43/><E43/><V38/><F47/><W126/><G126/><T98/><D14/><U42/><E42/><V66/><F75/><W29/><G13/><T11/><D105/><U77/><E77/><V79/><F79/><W16/><G104/><T113/><D113/><U25/><E25/><V48/><F56/><W88/><G131/><T120/><D120/><U27/><E27/><V118/><F118/><W124/><G130/><T9/><AGARI ba="0,1" hai="9,10,11,32,33,34,92,93,94,96,97,98,100,101" machi="9" ten="50,32000,5" yakuman="40" doraHai="63" who="0" fromWho="0" sc="275,330,153,-80,246,-80,316,-160" owari="605,70.5,73,-42.7,166,-3.4,156,-24.4" /></mjloggm>