<mjloggm ver="2.3"><GO type="225" lobby="0"/><UN n0="%6D%75%75%6D%75%72%61" n1="%30%2E%31%32%30" n2="%41%54%53%4D" n3="%61%6D%65%6B%69" dan="17,16,16,16" rate="2195.40,2082.42,2117.42,2085.03" sx="F,M,M,M"/><TAIKYOKU oya="0"/><INIT seed="0,0,0,4,0,2" ten="250,250,250,250" oya="0" hai0="110,38,80,18,39,112,92,23,107,99,83,11,46" hai1="113,52,16,24,102,115,13,27,40,55,103,17,43" hai2="74,20,79,28,31,114,130,82,104,71,96,134,128" hai3="72,109,101,77,70,45,30,41,121,93,44,50,97"/><T32/><D112/><N who="1" m="43083" /><E43/><V51/><F114/><W116/><G116/><T105/><D32/><U26/><E40/><V62/><F134/><W6/><G109/><T89/><D110/><U35/><E35/><V5/><F51/><W86/><G70/><T132/><D132/><U12/><E102/><N who="2" m="62535" /><F20/><W8/><G121/><T25/><D105/><U98/><E13/><V54/><F5/><W47/><G72/><T122/><D122/><U135/><E135/><V120/><F120/><W88/><G77/><T36/><D107/><N who="1" m="63991" /><E17/><V0/><F0/><W127/><G127/><T73/><D73/><U90/><E90/><V42/><F42/><W37/><G37/><T7/><REACH who="0" step="1"/><D46/><REACH who="0" ten="240,250,250,250" step="2"/><U68/><E68/><V60/><F71/><W84/><G47/><T66/><D66/><U56/><E56/><V48/><F28/><W75/><G30/><T76/><D76/><U81/><E81/><V14/><F31/><W22/><G75/><T67/><D67/><U78/><E78/><V10/><F82/><W133/><G45/><T87/><D87/><U15/><E15/><AGARI ba="0,1" hai="7,11,15,18,23,25,36,38,39,80,83,89,92,99" machi="15" ten="40,7700,0" yaku="1,1,52,1,53,1" doraHai="2" doraHaiUra="21" who="0" fromWho="1" sc="240,87,250,-77,250,0,250,0" /><INIT seed="0,1,0,5,4,47" ten="327,173,250,250" oya="0" hai0="25,2,120,21,72,13,27,103,29,105,50,96,33" hai1="20,54,49,42,22,124,81,109,91,110,45,6,98" hai2="100,59,55,131,12,38,62,116,134,117,11,52,94" hai3="51,83,85,123,126,67,104,112,78,17,15,118,36"/><T122/><D2/><U70/><E70/><V19/><F38/><W89/><G36/><T43/><D72/><U46/><E124/><V107/><F107/><W121/><G104/><T16/><REACH who="0" step="1"/><D27/><REACH who="0" ten="317,173,250,250" step="2"/><U0/><E109/><V68/><F117/><W125/><G118/><T133/><D133/><U86/><E110/><V14/><F134/><W28/><G126/><T71/><D71/><U34/><E34/><V1/><F68/><W32/><G125/><T80/><D80/><U119/><E119/><V26/><F116/><W8/><G32/><T75/><D75/><U40/><E40/><V113/><F1/><W92/><G112/><T10/><D10/><U73/><E73/><V58/><F113/><W132/><G132/><T5/><D5/><U129/><E6/><V82/><F82/><W9/><G9/><T23/><D23/><U66/><E0/><V77/><F26/><W135/><G135/><T87/><D87/><U7/><E7/><V35/><F35/><W111/><G111/><T30/><D30/><U130/><E98/><N who="2" m="59479" /><F131/><N who="1" m="50185" /><E66/><V53/><F14/><W61/><G28/><T108/><D108/><U93/><E81/><V95/><F12/><W90/><G121/><T60/><D60/><U114/><E114/><V76/><F62/><W18/><G123/><T69/><D69/><U31/><E31/><V79/><F11/><W102/><G17/><T84/><D84/><U106/><E22/><V41/><F19/><W128/><G128/><T37/><D37/><N who="1" m="21711" /><E20/><V48/><F41/><W4/><G4/><T97/><D97/><U101/><E106/><V88/><F48/><RYUUKYOKU ba="1,1" sc="317,10,173,10,250,10,250,-30" hai0="13,16,21,25,29,33,43,50,96,103,105,120,122" hai1="46,49,54,86,91,93,101" hai2="52,53,55,58,59,76,77,79,88,95" /><INIT seed="0,2,1,1,1,20" ten="327,183,260,220" oya="0" hai0="25,42,121,61,80,102,68,101,50,99,36,4,17" hai1="11,123,22,122,27,67,10,108,23,93,8,64,90" hai2="60,118,82,65,73,110,63,114,72,12,111,6,116" hai3="103,52,7,91,21,131,54,30,35,129,115,13,127"/><T124/><D121/><U5/><E5/><V18/><F6/><W84/><G115/><T29/><D124/><U28/><E108/><N who="2" m="41515" /><F114/><W53/><G127/><T79/><D36/><U1/><E1/><V76/><F73/><W96/><G35/><T39/><D39/><U51/><E123/><V34/><F34/><W86/><G7/><T57/><D4/><U44/><E122/><V0/><F0/><W130/><G91/><T117/><D17/><U89/><E23/><N who="2" m="11719" /><F63/><W46/><G46/><T55/><D117/><U98/><REACH who="1" step="1"/><E89/><REACH who="1" ten="327,173,260,220" step="2"/><V75/><F75/><W32/><G13/><T40/><D79/><U9/><N who="1" m="2048" /><DORA hai="2" /><U83/><E83/><V128/><F128/><W56/><G21/><T112/><D80/><U70/><E70/><AGARI ba="2,2" hai="60,65,70,72,76,82,116,118" m="11719,41515" machi="70" ten="30,1000,0" yaku="14,1" doraHai="20,2" who="2" fromWho="1" sc="327,0,173,-16,260,36,220,0" /><INIT seed="1,0,0,3,5,118" ten="327,157,296,220" oya="1" hai0="119,49,66,6,7,58,106,37,3,23,135,120,131" hai1="39,91,115,30,0,133,32,60,26,56,100,67,95" hai2="31,96,53,109,114,42,70,116,21,27,54,55,108" hai3="28,34,134,61,33,48,81,63,19,99,38,2,86"/><U22/><E39/><V35/><F70/><W132/><G2/><T65/><D119/><U125/><E115/><V46/><F116/><W40/><G38/><T50/><D37/><U126/><E133/><N who="3" m="51306" /><G99/><T88/><D106/><U5/><E100/><V41/><F114/><W79/><G19/><T45/><D135/><U16/><E5/><V129/><F129/><W123/><G123/><T51/><D131/><U62/><E0/><V80/><F46/><N who="3" m="25671" /><G28/><T102/><D102/><U107/><E107/><V11/><F96/><W15/><G15/><T82/><D45/><U17/><E60/><AGARI ba="0,0" hai="33,34,60,61,63,79,81,86" m="25671,51306" machi="60" ten="30,1000,0" yaku="20,1" doraHai="118" who="3" fromWho="1" sc="327,0,157,-10,296,0,220,10" /><INIT seed="2,0,0,3,1,85" ten="327,147,296,230" oya="2" hai0="36,110,70,13,0,128,27,30,17,113,125,75,29" hai1="112,54,10,127,1,133,107,95,109,84,34,134,24" hai2="45,96,130,79,66,4,42,103,80,16,104,65,100" hai3="25,73,111,47,18,102,67,11,117,72,131,87,19"/><V5/><F130/><W6/><G117/><T44/><D113/><U71/><E71/><V91/><F103/><W98/><G111/><T41/><D110/><U57/><E107/><V69/><F4/><W62/><G47/><T31/><D128/><U105/><E109/><V63/><F65/><W108/><G108/><T83/><D0/><U61/><E112/><V121/><F5/><W129/><G129/><T135/><D70/><U15/><E105/><V92/><F121/><W8/><G87/><T123/><D123/><U20/><E34/><V48/><F16/><W56/><G11/><T50/><D125/><U90/><E127/><V51/><F104/><W37/><G37/><T99/><D135/><U114/><E1/><V115/><F115/><W122/><G122/><T97/><D36/><U106/><E106/><V59/><F69/><W74/><G25/><T120/><D120/><U55/><E114/><V60/><F100/><W26/><G26/><T40/><D40/><U28/><REACH who="1" step="1"/><E54/><REACH who="1" ten="327,137,296,230" step="2"/><N who="2" m="32199" /><F66/><W86/><G131/><T21/><D41/><U118/><E118/><V7/><F7/><AGARI ba="0,1" hai="7,10,15,20,24,28,55,57,61,84,90,95,133,134" machi="7" ten="40,5200,0" yaku="1,1,52,1,53,1" doraHai="85" doraHaiUra="81" who="1" fromWho="2" sc="327,0,137,62,296,-52,230,0" /><INIT seed="3,0,0,2,1,104" ten="327,199,244,230" oya="3" hai0="27,119,13,49,71,126,42,74,134,103,59,56,31" hai1="9,0,53,33,97,60,112,89,75,54,96,118,51" hai2="61,66,105,101,5,130,34,125,26,133,114,80,40" hai3="48,123,98,107,79,47,30,76,44,111,2,87,21"/><W84/><G2/><T43/><D119/><U35/><E75/><V29/><F114/><W131/><G123/><T23/><D71/><U69/><E118/><V18/><F130/><W90/><G131/><T93/><D74/><U68/><E112/><V15/><F5/><W120/><G120/><T122/><D122/><U102/><E0/><V121/><F121/><W117/><G117/><T25/><D126/><U6/><E89/><V38/><F125/><W50/><G107/><T12/><D134/><U108/><E108/><V128/><F128/><W110/><G98/><N who="0" m="59855" /><D27/><U62/><E6/><V92/><F80/><W10/><G10/><T127/><D127/><U106/><E106/><V17/><F92/><W116/><G90/><T1/><D1/><U64/><E9/><V91/><F91/><W70/><G116/><T135/><D135/><U73/><E73/><V37/><F133/><W81/><G81/><T100/><D100/><U58/><E102/><V24/><F24/><W82/><G82/><T11/><D12/><U72/><E72/><V63/><F40/><N who="0" m="15402" /><D49/><U39/><E39/><N who="2" m="14859" /><F15/><W19/><G30/><T132/><D132/><U52/><E53/><V8/><F8/><W20/><REACH who="3" step="1"/><G70/><REACH who="3" ten="327,199,244,220" step="2"/><T86/><D86/><U94/><E94/><V16/><F105/><W95/><G95/><T129/><D129/><U7/><E7/><AGARI ba="0,1" hai="7,11,13,23,25,31,56,59" m="15402,59855" machi="7" ten="30,1000,0" yaku="8,1" doraHai="104" who="0" fromWho="1" sc="327,20,199,-10,244,0,220,0" owari="347,44.7,189,-31.1,244,4.4,220,-18.0" /></mjloggm>