<mjloggm ver="2.3"><GO type="225" lobby="0"/><UN n0="%72%69%6F%75%63%68%61%6E" n1="%70%6E%64%73%6E%67" n2="%E3%82%BD%E3%83%AB%E3%83%88%E3%82%AF%E3%83%AA%E3%83%BC%E3%82%AF" n3="%33%74%72%65%65" dan="16,16,16,16" rate="2174.88,2116.39,2107.97,2127.12" sx="M,M,M,F"/><TAIKYOKU oya="0"/><INIT seed="0,0,0,4,4,101" ten="250,250,250,250" oya="0" hai0="56,61,86,39,123,45,1,17,37,11,6,88,135" hai1="14,114,109,8,44,42,131,49,21,90,50,72,76" hai2="98,107,71,53,67,73,27,23,55,106,119,24,103" hai3="99,129,18,81,20,78,110,112,77,26,40,28,127"/><T13/><D135/><U64/><E109/><V46/><F73/><W134/><G112/><T97/><D123/><U33/><E33/><V113/><F113/><W59/><G134/><T95/><D86/><U32/><E32/><V12/><F12/><W4/><G110/><T104/><D104/><U15/><E131/><V7/><F7/><W25/><G129/><T122/><D122/><U117/><E117/><V126/><F119/><W63/><G127/><T10/><REACH who="0" step="1"/><D45/><REACH who="0" ten="240,250,250,250" step="2"/><U120/><E120/><V58/><F107/><W111/><G111/><T75/><D75/><U92/><E72/><V89/><F46/><W108/><G108/><T118/><D118/><U66/><E44/><V16/><F126/><W91/><G40/><T85/><D85/><U34/><E42/><V100/><F71/><W31/><G78/><T29/><D29/><U5/><E76/><V115/><F115/><W128/><G31/><T80/><D80/><U43/><E114/><V93/><F58/><W38/><G81/><T35/><D35/><U102/><E34/><V3/><F106/><W36/><G77/><T68/><D68/><U79/><E79/><V96/><F96/><W105/><G105/><T57/><D57/><U69/><E69/><V121/><F121/><W70/><G70/><T132/><D132/><U65/><E43/><V41/><F41/><W84/><G59/><T0/><D0/><U48/><E92/><V19/><F3/><W116/><G116/><T51/><D51/><U133/><E133/><V30/><F30/><W94/><G28/><T130/><D130/><U82/><E82/><RYUUKYOKU ba="0,1" sc="240,30,250,-10,250,-10,250,-10" hai0="1,6,10,11,13,17,37,39,56,61,88,95,97" /><INIT seed="0,1,1,1,3,16" ten="270,240,240,240" oya="0" hai0="105,118,75,40,56,48,26,107,101,77,50,103,94" hai1="4,71,18,28,20,72,98,117,92,119,24,67,84" hai2="82,39,23,130,14,78,21,2,53,129,88,79,68" hai3="116,54,110,58,113,81,126,109,45,12,97,33,135"/><T125/><D118/><U0/><E72/><V5/><F2/><W90/><G116/><T41/><D125/><U30/><E71/><V108/><F68/><W112/><G126/><T36/><D36/><U35/><E67/><V66/><F39/><W65/><G135/><T10/><D75/><U93/><E84/><N who="2" m="50199" /><F66/><W104/><G33/><T55/><D77/><N who="2" m="29194" /><F108/><N who="3" m="41579" /><G65/><T114/><D114/><U32/><E92/><V17/><F5/><W133/><G133/><T76/><D76/><U44/><E44/><V22/><F130/><W102/><G45/><T57/><D94/><U122/><E122/><V25/><F129/><W96/><G12/><T63/><D10/><N who="1" m="2311" /><E30/><N who="2" m="17711" /><F53/><W131/><G131/><T37/><D37/><U15/><E35/><V74/><F74/><W100/><G81/><T60/><D55/><U83/><E83/><V6/><F6/><W89/><G112/><T121/><REACH who="0" step="1"/><D26/><REACH who="0" ten="260,240,240,240" step="2"/><U42/><E42/><V62/><F62/><N who="3" m="36183" /><G113/><T115/><D115/><U69/><E69/><V29/><F29/><W120/><G120/><AGARI ba="1,2" hai="40,41,48,50,56,57,60,63,101,103,105,107,120,121" machi="120" ten="25,4800,0" yaku="1,1,22,2,53,0" doraHai="16" doraHaiUra="124" who="0" fromWho="3" sc="260,71,240,0,240,0,240,-51" /><INIT seed="0,2,0,3,5,79" ten="331,240,240,189" oya="0" hai0="134,128,130,65,117,22,19,82,86,87,55,11,122" hai1="66,56,80,51,121,114,14,108,102,41,81,109,61" hai2="112,29,133,40,71,92,24,129,70,95,72,118,125" hai3="74,31,18,58,45,126,62,60,64,67,123,131,105"/><T44/><D117/><U12/><E121/><V111/><F40/><W16/><G123/><T28/><D122/><U20/><E102/><V115/><F24/><W107/><G126/><T4/><D134/><U120/><E120/><V38/><F29/><W54/><G131/><N who="0" m="50219" /><D28/><U25/><E114/><V69/><F129/><W13/><G31/><T1/><D65/><U63/><E108/><V89/><F89/><W15/><G74/><T42/><D55/><U100/><E100/><V132/><F72/><W50/><G107/><T2/><D2/><U135/><E135/><N who="2" m="51787" /><F111/><W68/><REACH who="3" step="1"/><G105/><REACH who="3" ten="331,240,240,179" step="2"/><T43/><D44/><N who="1" m="25999" /><E109/><V75/><F75/><W36/><G36/><T98/><D98/><U110/><E110/><V21/><F38/><W94/><G94/><N who="2" m="35881" /><F125/><W97/><G97/><T57/><D87/><U5/><E63/><V0/><F0/><W91/><G91/><N who="0" m="51671" /><D57/><U99/><E99/><V93/><F118/><W32/><G32/><T9/><D1/><U27/><E56/><V7/><F21/><W6/><G6/><T30/><D4/><U73/><E73/><V84/><F7/><W23/><G23/><T116/><D116/><U85/><E85/><V104/><F104/><W59/><G59/><T77/><D30/><U10/><E20/><V46/><F46/><W48/><G48/><T52/><D22/><U106/><E106/><V127/><F127/><W124/><G124/><T34/><D34/><U3/><E3/><V101/><F84/><W88/><G88/><T103/><D103/><U33/><E33/><V8/><F8/><W90/><G90/><T35/><D35/><RYUUKYOKU ba="2,1" sc="331,-15,240,-15,240,15,179,15" hai2="69,70,71,93,101,112,115" hai3="13,15,16,18,45,50,54,58,60,62,64,67,68" /><INIT seed="1,3,1,2,3,108" ten="316,225,255,194" oya="1" hai0="111,135,66,107,58,85,95,2,78,21,96,45,32" hai1="104,109,124,28,8,123,102,62,93,87,26,51,80" hai2="63,49,29,86,116,82,61,122,44,98,120,35,71" hai3="76,33,23,114,1,128,69,83,46,112,4,5,25"/><U84/><E123/><V7/><F116/><W50/><G69/><T27/><D111/><U67/><E109/><V99/><F120/><W117/><G117/><T41/><D2/><U55/><E124/><V115/><F122/><W59/><G33/><T57/><D32/><U89/><E104/><V30/><F7/><W129/><G59/><T88/><D135/><U39/><E39/><V90/><F71/><W10/><G4/><T77/><D107/><U12/><E62/><N who="2" m="23563" /><F35/><W65/><G65/><T60/><D57/><U13/><E67/><V36/><F36/><W121/><G121/><T3/><D3/><U127/><E127/><V38/><F38/><W91/><G91/><N who="0" m="55423" /><D45/><U0/><E0/><V68/><F68/><W48/><G48/><T113/><D113/><U11/><E11/><V81/><F81/><W64/><G64/><T73/><D41/><U18/><E12/><V43/><F115/><W126/><G126/><T54/><D73/><U22/><E102/><V101/><F101/><W72/><G129/><T103/><D103/><U19/><E19/><V9/><F9/><W105/><G128/><T100/><D100/><U31/><E31/><AGARI ba="3,1" hai="29,30,31,43,44,49,82,86,90,98,99" m="23563" machi="31" ten="30,1000,0" yaku="8,1" doraHai="108" who="2" fromWho="1" sc="316,0,225,-19,255,29,194,0" /><INIT seed="2,0,0,1,1,121" ten="316,206,284,194" oya="2" hai0="107,1,38,12,22,110,7,62,127,4,112,35,94" hai1="44,36,31,17,82,111,128,2,81,86,126,84,18" hai2="45,32,10,90,93,106,135,109,83,113,55,61,79" hai3="56,71,77,73,42,51,108,26,49,91,0,78,122"/><V74/><F113/><W125/><G122/><T96/><D110/><U48/><E2/><V99/><F32/><W69/><G108/><T98/><D112/><U47/><E36/><V129/><F109/><W6/><G125/><T120/><D120/><U25/><E111/><V14/><F106/><W16/><G71/><T133/><D38/><U5/><E5/><V54/><F129/><W101/><G69/><T131/><D1/><U3/><E3/><V59/><F135/><W80/><G101/><T53/><D35/><U105/><E105/><V67/><REACH who="2" step="1"/><F45/><REACH who="2" ten="316,206,274,194" step="2"/><W115/><G115/><T13/><D131/><U134/><E47/><V24/><F24/><W103/><G26/><T20/><D107/><U41/><E128/><V118/><F118/><W124/><G124/><T88/><D133/><U70/><E134/><V29/><F29/><W50/><G42/><T76/><D127/><U9/><E126/><V65/><F65/><W97/><G56/><N who="0" m="35087" /><D76/><U104/><E104/><V30/><F30/><W60/><G77/><T102/><D13/><U39/><E70/><V40/><F40/><W119/><G78/><T46/><D46/><U123/><E123/><V132/><F132/><W34/><G34/><T37/><D37/><U117/><E39/><V114/><F114/><W11/><G0/><T64/><D64/><U43/><E43/><V100/><F100/><W63/><G103/><T57/><D57/><U68/><E68/><V52/><F52/><W28/><G119/><T72/><D12/><N who="1" m="7311" /><E117/><V33/><F33/><W92/><G28/><T89/><D102/><U23/><E31/><RYUUKYOKU ba="0,1" sc="316,-15,206,15,274,15,194,-15" hai1="18,23,25,41,44,48,81,82,84,86" hai2="10,14,54,55,59,61,67,74,79,83,90,93,99" /><INIT seed="2,1,1,3,5,133" ten="301,221,289,179" oya="2" hai0="18,44,0,106,93,69,118,105,78,73,42,32,79" hai1="112,2,10,89,68,46,129,41,59,48,124,87,96" hai2="4,109,45,15,49,77,123,134,116,72,28,23,97" hai3="37,114,119,74,31,88,65,86,34,8,127,6,75"/><V30/><F116/><W47/><G119/><T24/><D118/><U115/><E129/><V56/><F123/><W20/><G34/><T16/><D69/><U29/><E68/><V43/><F72/><W113/><G65/><T9/><D93/><U95/><E29/><V120/><F120/><W76/><G76/><T57/><D57/><U7/><E124/><V85/><F134/><W50/><G37/><N who="0" m="21583" /><D78/><U121/><E121/><V40/><F40/><W111/><G31/><N who="0" m="19559" /><D105/><U14/><E2/><V5/><F97/><W108/><G20/><T82/><D106/><U94/><REACH who="1" step="1"/><E59/><REACH who="1" ten="301,211,289,179" step="2"/><V98/><F56/><W27/><G127/><T64/><D64/><U39/><E39/><V60/><F30/><W25/><G114/><T67/><D67/><U3/><E3/><V26/><F28/><W52/><G113/><T128/><D128/><U1/><E1/><V80/><F15/><N who="3" m="5527" /><G25/><T51/><D51/><U62/><E62/><V58/><F60/><W17/><G27/><T135/><D135/><U63/><E63/><V84/><F58/><W33/><G33/><T107/><D107/><U53/><E53/><V35/><F35/><W22/><G22/><T92/><D0/><U125/><E125/><V103/><F49/><W99/><G52/><T70/><D70/><U55/><E55/><V38/><F38/><W102/><G50/><T83/><D9/><U91/><AGARI ba="1,2" hai="7,10,14,41,46,48,87,89,91,94,95,96,112,115" machi="91" ten="20,2700,0" yaku="1,1,0,1,7,1,53,0" doraHai="133" doraHaiUra="54" who="1" fromWho="1" sc="301,-8,211,50,289,-14,179,-8" /><INIT seed="3,0,0,5,2,93" ten="293,261,275,171" oya="3" hai0="38,51,11,88,74,35,94,76,69,90,81,115,85" hai1="49,106,45,58,70,102,89,40,46,125,80,5,36" hai2="97,72,31,127,12,77,8,44,123,4,101,114,82" hai3="22,68,28,41,87,131,111,27,112,100,17,1,30"/><W7/><G112/><T126/><D38/><U64/><E125/><V34/><F114/><W19/><G131/><T20/><D115/><U52/><E5/><V66/><F127/><W129/><G129/><T95/><D35/><U91/><E45/><V18/><F66/><W42/><G68/><T60/><D126/><U0/><E80/><V6/><F123/><W2/><G111/><T117/><D117/><U103/><E0/><V132/><F132/><W130/><G130/><T67/><D20/><U15/><E15/><V73/><F73/><W71/><G71/><T48/><D11/><U92/><E106/><V50/><F31/><W120/><G120/><T118/><D118/><U96/><E102/><V61/><F61/><AGARI ba="0,0" hai="36,40,46,49,52,58,61,64,70,89,91,92,96,103" machi="61" ten="40,8000,1" yaku="24,2,52,1,54,1" doraHai="93" who="1" fromWho="2" sc="293,0,261,80,275,-80,171,0" owari="293,9.3,341,44.1,195,-20.5,171,-32.9" /></mjloggm>