<mjloggm ver="2.3"><GO type="225" lobby="0"/><UN n0="%E5%91%A8%E6%9D%B1" n1="%6D%61%74%69%67%75%73%61" n2="%E5%8D%A0%E3%81%84%E5%B8%AB%E8%A3%8F%E3%81%AA%E3%81%84%E3%81%97" n3="%E3%82%8C%E3%81%99%E3%81%93" dan="17,17,17,17" rate="2149.68,2123.16,2181.12,2240.42" sx="M,M,M,F"/><TAIKYOKU oya="0"/><INIT seed="0,0,0,0,0,98" ten="250,250,250,250" oya="0" hai0="58,35,29,51,49,21,45,69,129,135,50,113,96" hai1="90,93,112,22,101,37,116,127,31,63,120,64,24" hai2="71,106,8,89,126,26,38,107,0,68,53,95,20" hai3="74,32,86,48,27,99,91,19,41,11,7,132,4"/><T76/><D113/><U87/><E116/><V60/><F126/><W131/><G74/><T9/><D69/><U115/><E120/><V88/><F38/><W17/><G132/><T46/><D135/><U121/><E121/><V85/><F8/><W100/><G131/><T119/><D35/><U79/><E37/><V109/><F0/><W118/><G118/><T133/><D119/><U122/><E122/><V52/><F109/><W61/><G61/><T111/><D133/><U73/><E127/><V59/><F53/><W78/><G78/><T80/><D129/><U110/><E110/><V128/><F128/><W97/><G32/><T28/><D58/><U84/><E73/><V54/><F54/><W33/><G33/><T62/><D62/><U82/><REACH who="1" step="1"/><E101/><REACH who="1" ten="250,240,250,250" step="2"/><V25/><F68/><AGARI ba="0,1" hai="22,24,31,63,64,68,79,82,84,87,90,93,112,115" machi="68" ten="40,2600,0" yaku="1,1,2,1,53,0" doraHai="98" doraHaiUra="14" who="1" fromWho="2" sc="250,0,240,36,250,-26,250,0" /><INIT seed="1,0,0,5,0,8" ten="250,276,224,250" oya="1" hai0="50,94,65,112,51,54,32,48,80,81,113,56,133" hai1="118,7,43,14,53,23,116,13,132,130,0,25,49" hai2="45,10,120,126,64,52,5,89,9,67,4,102,124" hai3="107,79,125,134,62,95,92,86,99,2,75,24,26"/><U42/><E0/><V103/><F120/><W100/><G2/><T28/><D133/><U36/><E36/><V61/><F89/><N who="3" m="53303" /><G134/><T101/><D65/><N who="2" m="25162" /><F45/><W109/><G109/><T76/><D28/><U70/><E70/><V74/><F74/><W6/><G125/><N who="2" m="48233" /><F61/><W16/><G6/><N who="2" m="2665" /><F52/><W15/><G62/><T122/><D122/><U115/><E132/><V69/><F69/><W93/><G93/><T58/><D94/><U63/><E63/><V18/><F18/><W104/><G95/><T127/><D127/><U73/><E73/><V131/><F131/><W88/><G88/><T84/><D54/><U21/><E130/><V77/><F77/><W12/><G104/><T66/><D66/><U35/><E7/><V55/><F55/><W34/><G34/><T46/><D32/><U3/><E3/><V90/><F90/><W1/><G1/><T47/><D101/><AGARI ba="0,0" hai="9,10,101,102,103" m="2665,48233,25162" machi="101" ten="30,3900,0" yaku="28,2,18,1" doraHai="8" who="2" fromWho="0" sc="250,-39,276,0,224,39,250,0" /><INIT seed="2,0,0,2,3,108" ten="211,276,263,250" oya="2" hai0="106,77,125,28,1,34,76,73,59,39,21,17,5" hai1="61,42,27,0,89,115,83,8,78,56,74,52,37" hai2="119,18,129,64,30,19,107,60,29,47,48,3,36" hai3="62,86,50,121,65,90,43,79,31,114,120,132,109"/><V104/><F119/><W9/><G109/><T126/><D106/><U32/><E89/><V4/><F36/><W111/><G111/><T51/><D39/><U71/><E71/><V41/><F129/><W130/><G130/><T38/><D38/><U26/><E32/><V46/><F107/><W131/><G131/><T11/><D59/><U33/><E115/><V92/><F104/><W84/><G132/><T116/><D51/><U91/><E91/><V85/><F3/><W2/><G31/><T128/><D116/><U23/><E23/><V22/><F4/><W82/><G114/><T99/><D99/><U95/><E95/><V45/><F92/><W16/><G43/><T63/><D63/><U105/><E33/><V24/><F85/><W123/><G50/><T6/><D6/><N who="1" m="1095" /><E105/><V7/><F7/><W12/><G2/><T88/><D88/><U101/><E101/><V70/><REACH who="2" step="1"/><F18/><REACH who="2" ten="211,276,253,250" step="2"/><W55/><G86/><T69/><D128/><U110/><E110/><V124/><F124/><W58/><REACH who="3" step="1"/><G79/><REACH who="3" ten="211,276,253,240" step="2"/><T44/><D77/><U72/><E78/><V66/><F66/><AGARI ba="0,2" hai="9,12,16,55,58,62,65,66,82,84,90,120,121,123" machi="66" ten="40,5200,0" yaku="1,1,2,1,54,1,53,0" doraHai="108" doraHaiUra="127" who="3" fromWho="2" sc="211,0,276,0,253,-52,240,72" /><INIT seed="3,0,0,2,0,87" ten="211,276,201,312" oya="3" hai0="107,95,60,2,80,116,5,72,117,105,3,121,84" hai1="13,63,22,67,49,100,132,29,126,23,35,102,68" hai2="123,9,41,81,89,71,69,114,28,94,10,66,30" hai3="122,135,97,8,131,113,62,21,120,16,128,82,39"/><W40/><G113/><T50/><D121/><U96/><E132/><V111/><F123/><W64/><G135/><T4/><D72/><U109/><E109/><V73/><F114/><W26/><G97/><T65/><D95/><U37/><E37/><V124/><F111/><W98/><G98/><T106/><D50/><U20/><E126/><V104/><F104/><W33/><G33/><T134/><D134/><U17/><E49/><V27/><F124/><W93/><G93/><T78/><D5/><U59/><E102/><V32/><F41/><W45/><G8/><T115/><D115/><U99/><E96/><V129/><F129/><N who="3" m="49739" /><G82/><T44/><D44/><U61/><E35/><V18/><F28/><W6/><G6/><T42/><D42/><U38/><E38/><V14/><F9/><W130/><N who="3" m="49747" /><W36/><DORA hai="56" /><G36/><T70/><REACH who="0" step="1"/><D4/><REACH who="0" ten="201,276,201,312" step="2"/><U91/><E29/><V55/><F55/><W48/><G39/><T7/><D7/><U74/><E74/><V15/><F66/><W31/><G31/><T75/><D75/><U51/><E100/><V54/><F54/><W112/><G112/><T53/><D53/><U125/><E125/><V76/><REACH who="2" step="1"/><F14/><REACH who="2" ten="201,276,191,312" step="2"/><W127/><G127/><T101/><D101/><U46/><E67/><V52/><F52/><W86/><G122/><T12/><D12/><U103/><E103/><V90/><F90/><W92/><G120/><T34/><D34/><U19/><E13/><V118/><F118/><AGARI ba="0,2" hai="2,3,60,65,70,78,80,84,105,106,107,116,117,118" machi="118" ten="50,6400,0" yaku="1,1,52,1,53,1" doraHai="87,56" doraHaiUra="108,79" who="0" fromWho="2" sc="201,84,276,0,191,-64,312,0" owari="285,8.5,276,-12.4,127,-37.3,312,41.2" /></mjloggm>