<mjloggm ver="2.3"><GO type="225" lobby="0"/><UN n0="%E5%B5%90%E9%9B%B2%E3%81%AE%E3%82%AB%E3%83%A9%E3%82%B9" n1="%E6%87%B6%E5%B0%8F%E7%90%B3%E2%98%86" n2="%E3%81%B7%E3%82%8A%E3%82%93%E8%81%96%E4%BA%BA" n3="%E8%B7%AF%E9%9C%B8" dan="16,16,16,17" rate="2069.50,2141.17,2136.71,2175.01" sx="F,M,M,M"/><TAIKYOKU oya="0"/><INIT seed="0,0,0,1,3,93" ten="250,250,250,250" oya="0" hai0="44,89,97,113,5,55,114,122,42,62,23,80,60" hai1="14,20,87,9,45,107,63,17,84,33,125,10,2" hai2="81,13,86,96,59,95,37,91,51,48,64,19,94" hai3="127,134,4,72,26,98,7,3,101,47,49,77,52"/><T28/><D122/><U112/><E125/><V0/><F37/><W65/><G134/><T70/><D5/><U128/><E128/><V88/><F0/><W27/><G127/><T74/><D70/><U119/><E119/><V111/><F111/><W102/><G3/><T135/><D135/><U15/><E33/><V1/><F1/><W35/><G65/><T131/><D131/><U34/><E34/><V69/><F69/><W38/><G38/><T109/><D109/><U104/><E63/><V41/><F41/><W85/><G72/><T108/><D108/><U43/><E2/><V99/><F59/><W78/><G35/><T36/><D74/><U25/><E112/><V8/><REACH who="2" step="1"/><F64/><REACH who="2" ten="250,250,240,250" step="2"/><W11/><G52/><T56/><D113/><U75/><E43/><V103/><AGARI ba="0,1" hai="8,13,19,48,51,81,86,88,91,94,95,96,99,103" machi="103" ten="20,16000,3" yaku="1,1,2,1,0,1,7,1,8,1,52,2,54,1,53,1" doraHai="93" doraHaiUra="82" who="2" fromWho="2" sc="250,-80,250,-40,240,170,250,-40" /><INIT seed="1,0,0,3,5,107" ten="170,210,410,210" oya="1" hai0="34,98,111,105,26,44,80,71,48,58,1,65,72" hai1="56,3,101,37,64,52,18,75,99,124,30,77,41" hai2="43,24,46,11,36,81,51,95,119,118,59,4,106" hai3="38,23,15,39,115,89,73,5,53,122,61,68,94"/><U113/><E113/><V121/><F106/><W112/><G122/><T47/><D1/><U135/><E135/><V40/><F121/><W9/><G73/><T132/><D132/><U19/><E124/><V78/><F95/><W120/><G120/><T2/><D2/><U14/><E64/><V49/><F24/><W100/><G100/><T125/><D125/><U22/><E3/><V84/><F36/><W27/><G39/><T13/><D111/><U130/><E130/><V17/><F17/><W33/><G38/><T90/><D13/><U123/><E123/><V128/><F128/><W12/><G33/><T25/><D71/><U8/><E30/><V92/><F92/><W133/><G133/><T66/><D47/><U108/><E108/><V83/><F83/><W7/><G68/><T63/><D65/><U21/><E41/><V70/><F70/><W57/><G15/><T93/><D34/><U28/><E28/><V131/><F131/><W74/><G74/><T114/><D114/><U54/><E37/><V10/><F10/><W102/><G102/><T50/><D50/><N who="1" m="30743" /><E54/><N who="2" m="32207" /><F43/><W31/><G5/><T45/><D105/><N who="1" m="63679" /><E19/><V126/><F126/><W55/><REACH who="3" step="1"/><G53/><REACH who="3" ten="170,210,410,200" step="2"/><T79/><REACH who="0" step="1"/><D45/><REACH who="0" ten="160,210,410,200" step="2"/><U116/><E14/><AGARI ba="0,2" hai="4,11,14,40,46,51,78,81,84,118,119" m="32207" machi="14" ten="30,1000,0" yaku="25,1" doraHai="107" who="2" fromWho="1" sc="160,0,210,-10,410,30,200,0" /><INIT seed="2,0,0,2,5,26" ten="160,200,440,200" oya="2" hai0="95,12,57,3,123,17,44,34,69,117,105,97,50" hai1="1,40,93,74,77,81,126,32,120,9,21,16,103" hai2="0,62,130,48,33,102,66,94,90,113,134,19,51" hai3="71,112,87,25,68,5,110,38,45,11,96,73,49"/><V24/><F0/><W8/><G73/><T55/><D3/><U75/><E126/><V92/><F113/><W118/><G118/><T85/><D123/><U60/><E120/><V31/><F130/><W2/><G38/><T15/><D69/><U70/><E32/><V59/><F134/><W39/><G112/><T115/><D117/><U63/><E74/><V79/><F79/><W78/><G39/><T133/><D115/><U127/><E127/><V106/><F19/><W46/><G110/><T80/><D133/><U125/><E125/><V98/><F106/><W131/><G131/><T100/><D34/><U82/><E82/><V86/><AGARI ba="0,0" hai="24,31,33,48,51,59,62,66,86,90,92,94,98,102" machi="86" ten="20,3900,0" yaku="0,1,7,1,52,1" doraHai="26" who="2" fromWho="2" sc="160,-13,200,-13,440,39,200,-13" /><INIT seed="2,1,0,5,5,44" ten="147,187,479,187" oya="2" hai0="61,128,8,87,89,72,5,82,112,116,121,95,11" hai1="20,71,50,85,62,40,96,74,105,92,73,23,59" hai2="98,53,34,76,0,33,97,84,101,103,41,119,80" hai3="91,31,10,24,56,109,118,99,94,93,106,70,78"/><V43/><F0/><W13/><G70/><T90/><D112/><U113/><E113/><V104/><F53/><W88/><G118/><T19/><D121/><U46/><E71/><V26/><F119/><W107/><G78/><T134/><D116/><U2/><E2/><V108/><F108/><W37/><G37/><T3/><D128/><U102/><E74/><V29/><REACH who="2" step="1"/><F34/><REACH who="2" ten="147,187,469,187" step="2"/><W30/><G109/><T49/><D3/><U64/><E73/><V79/><F79/><W123/><G123/><T52/><D72/><U110/><E110/><V54/><F54/><W38/><G38/><T21/><D52/><U17/><E40/><V15/><F15/><W1/><G1/><T63/><D61/><U115/><E62/><V51/><F51/><W132/><G132/><T6/><D49/><U111/><E50/><V16/><F16/><W18/><G30/><T22/><D63/><N who="1" m="38015" /><E111/><V67/><F67/><W133/><G133/><T57/><D134/><U75/><E75/><V60/><F60/><W66/><G66/><T131/><D131/><U42/><E115/><V4/><F4/><N who="0" m="1642" /><D19/><U7/><E17/><V100/><F100/><W120/><G120/><T68/><D68/><U127/><E7/><V39/><F39/><W55/><G55/><T35/><D35/><U58/><E58/><V14/><F14/><W28/><G56/><T86/><D57/><U48/><E127/><V9/><F9/><AGARI ba="1,1" hai="8,9,11,21,22,82,86,87,89,90,95" m="1642" machi="9" ten="30,1000,0" yaku="8,1" doraHai="44" who="0" fromWho="2" sc="147,23,187,0,469,-13,187,0" /><INIT seed="3,0,0,3,4,127" ten="170,187,456,187" oya="3" hai0="36,11,45,96,113,68,109,75,120,51,107,57,129" hai1="72,125,128,93,97,16,17,49,40,6,102,122,83" hai2="71,3,56,64,101,69,2,95,108,50,18,39,33" hai3="12,65,77,99,118,34,114,21,132,29,19,94,91"/><W62/><G118/><T87/><D109/><U43/><E122/><V58/><F33/><W73/><G114/><T30/><D120/><U27/><E128/><V121/><F121/><W31/><G34/><T79/><D75/><U60/><E125/><V86/><F39/><W1/><G1/><T105/><D68/><U70/><E6/><V47/><F3/><W126/><G126/><T116/><D116/><U26/><E70/><V135/><F2/><W98/><G132/><T59/><D36/><U23/><E60/><V44/><F18/><N who="1" m="7273" /><E72/><V52/><F135/><W22/><G22/><T35/><D11/><U53/><E83/><V13/><F69/><W82/><G98/><T85/><D113/><U10/><E10/><V103/><F13/><W130/><G130/><T24/><D129/><U119/><E119/><V88/><F71/><AGARI ba="0,0" hai="12,19,21,29,31,62,65,71,73,77,82,91,94,99" machi="71" ten="30,1500,0" yaku="7,1" doraHai="127" who="3" fromWho="2" sc="170,0,187,0,456,-15,187,15" /><INIT seed="3,1,0,3,1,15" ten="170,187,441,202" oya="3" hai0="2,94,6,50,106,104,57,25,62,87,52,93,66" hai1="95,28,82,39,134,35,24,109,47,69,89,70,26" hai2="103,41,4,31,12,22,18,118,0,127,78,34,36" hai3="46,21,1,20,114,23,100,121,133,96,132,40,63"/><W113/><G121/><T80/><D104/><U43/><E109/><V51/><F118/><W32/><G1/><T59/><D2/><U71/><E134/><N who="3" m="51818" /><G32/><T11/><D106/><U117/><E117/><V122/><F122/><W58/><G100/><T45/><D25/><U9/><E82/><V68/><F68/><W92/><G92/><N who="0" m="35435" /><D11/><U120/><E120/><V110/><F110/><W53/><G96/><T102/><D6/><U116/><E116/><V33/><F103/><W10/><G10/><T5/><D5/><U19/><E9/><V83/><F31/><W76/><G76/><N who="0" m="46471" /><D102/><U38/><E38/><AGARI ba="1,0" hai="20,21,23,38,40,46,53,58,63,113,114" m="51818" machi="38" ten="30,1500,0" yaku="20,1" doraHai="15" who="3" fromWho="1" sc="170,0,187,-18,441,0,202,18" /><INIT seed="3,2,0,0,0,72" ten="170,169,441,220" oya="3" hai0="5,55,119,135,94,4,87,131,102,3,99,0,68" hai1="81,86,18,52,64,122,2,118,13,100,41,57,60" hai2="62,113,95,47,26,15,111,132,49,30,1,106,115" hai3="108,48,114,16,107,92,127,130,9,7,134,88,101"/><W23/><G114/><T112/><D119/><U6/><E122/><V84/><F106/><W44/><G130/><T117/><D117/><U67/><E118/><V24/><F1/><W85/><G134/><T124/><D68/><U109/><E109/><V77/><F132/><W74/><G74/><T123/><D123/><U76/><E2/><V120/><F111/><W66/><G108/><T31/><D135/><U70/><E70/><V29/><F120/><W105/><G127/><T96/><D131/><U10/><E100/><V25/><F62/><W71/><G66/><N who="1" m="25130" /><E41/><V33/><F15/><N who="3" m="5567" /><G71/><T22/><D124/><U56/><E57/><V110/><F110/><W38/><G38/><T103/><D0/><U97/><E97/><V11/><F11/><W39/><G39/><T58/><D112/><U80/><E81/><V40/><F24/><N who="3" m="14439" /><G107/><T50/><D3/><U129/><E129/><V89/><F77/><W133/><G105/><T128/><D128/><U121/><E121/><V82/><F82/><W51/><G133/><T104/><D104/><U59/><E59/><V98/><F98/><N who="0" m="37418" /><D102/><U79/><E6/><V63/><F63/><W34/><G34/><AGARI ba="2,0" hai="25,26,29,30,33,34,40,47,49,84,89,95,113,115" machi="34" ten="30,2000,0" yaku="7,1,9,1" doraHai="72" who="2" fromWho="3" sc="170,0,169,0,441,26,220,-26" owari="170,-23.0,169,-33.1,467,56.7,194,-0.6" /></mjloggm>