<mjloggm ver="2.3"><GO type="225" lobby="0"/><UN n0="%E3%81%A1%E3%82%85%E3%81%86%E3%81%A9%E3%81%8F%E8%B1%A1%E3%81%95%E3%82%93" n1="%E3%81%8F%E3%82%8A%E3%83%94%E3%83%BC" n2="%6D%75%75%6D%75%72%61" n3="%E3%83%B4%E3%83%A0%EF%BC%99%E3%81%A6" dan="17,16,16,17" rate="2157.42,2102.78,2101.13,2168.59" sx="M,M,F,M"/><TAIKYOKU oya="0"/><INIT seed="0,0,0,5,1,34" ten="250,250,250,250" oya="0" hai0="116,74,2,61,89,85,105,30,29,112,114,6,92" hai1="28,56,65,21,84,62,8,88,135,36,58,38,107" hai2="87,11,66,120,82,49,52,23,46,76,98,134,67" hai3="122,35,106,33,22,25,81,0,18,91,10,54,83"/><T115/><D116/><U71/><E135/><V70/><F134/><W130/><G106/><T93/><D105/><U95/><E107/><V55/><F120/><W40/><G122/><T14/><D74/><U3/><E58/><V111/><F111/><W43/><G130/><T126/><D126/><U99/><E71/><V108/><F108/><W42/><G54/><T101/><D61/><U41/><E41/><V51/><F70/><W103/><G103/><T128/><D14/><U110/><E110/><V118/><F118/><W94/><G33/><T44/><D44/><U20/><E99/><V63/><F98/><W100/><G100/><T80/><D128/><U79/><E79/><V59/><F23/><W123/><G35/><T37/><D37/><U131/><E131/><V32/><F32/><W124/><G124/><T77/><D101/><U132/><E132/><V121/><F121/><W17/><G123/><T86/><REACH who="0" step="1"/><D92/><REACH who="0" ten="240,250,250,250" step="2"/><U16/><E38/><V119/><F119/><W4/><REACH who="3" step="1"/><G18/><REACH who="3" ten="240,250,250,240" step="2"/><T69/><D69/><U64/><E16/><V50/><F67/><W109/><G109/><T48/><D48/><U72/><E65/><V113/><F66/><W15/><G15/><T96/><D96/><AGARI ba="0,2" hai="0,4,10,17,22,25,40,42,43,81,83,91,94,96" machi="96" ten="40,5200,0" yaku="1,1,52,1,53,1" doraHai="34" doraHaiUra="5" who="3" fromWho="0" sc="240,-52,250,0,250,0,240,72" /><INIT seed="1,0,0,3,2,117" ten="188,250,250,312" oya="1" hai0="15,59,114,38,27,0,78,42,73,61,57,97,88" hai1="77,82,75,12,11,128,135,18,98,46,32,60,126" hai2="48,33,133,5,50,72,99,62,125,47,36,23,79" hai3="52,63,101,9,71,80,17,25,31,76,34,86,123"/><U30/><E126/><V132/><F33/><W69/><G123/><T7/><D114/><U16/><E128/><V95/><F125/><W127/><G127/><T81/><D27/><U109/><E135/><N who="2" m="51787" /><F5/><W19/><G101/><T39/><D15/><U43/><E109/><V58/><F36/><W100/><G100/><T13/><D13/><U54/><E98/><V90/><F23/><W92/><G92/><N who="0" m="56455" /><D39/><U108/><E108/><V83/><F47/><W70/><REACH who="3" step="1"/><G9/><REACH who="3" ten="188,250,250,302" step="2"/><N who="0" m="2279" /><D61/><U102/><E102/><V67/><AGARI ba="0,1" hai="48,50,58,62,67,72,79,83,90,95,99" m="51787" machi="67" ten="30,1100,0" yaku="20,1" doraHai="117" who="2" fromWho="2" sc="188,-3,250,-5,250,21,302,-3" /><INIT seed="2,0,0,4,2,41" ten="185,245,271,299" oya="2" hai0="25,73,132,87,20,78,57,109,94,121,17,71,95" hai1="93,59,13,125,19,69,10,5,21,24,134,110,46" hai2="64,122,67,92,112,27,7,32,135,118,45,35,26" hai3="36,42,34,96,9,61,70,2,18,81,114,90,31"/><V16/><F112/><W76/><G114/><T89/><D121/><U38/><E110/><V53/><F118/><W28/><G96/><T54/><D71/><U85/><E125/><V108/><F122/><W129/><G90/><T33/><D109/><U8/><E69/><V0/><F108/><W39/><G18/><T1/><D1/><U82/><E134/><V117/><F135/><W47/><G39/><T113/><D132/><U116/><E116/><V107/><F107/><W22/><G22/><T120/><D120/><U4/><E93/><V43/><F117/><W50/><G50/><T105/><D105/><U130/><E130/><V79/><F79/><W101/><G101/><T80/><D33/><U103/><E103/><V60/><F35/><W74/><G34/><T63/><D113/><U99/><E99/><V91/><F0/><W15/><G15/><T29/><D29/><U127/><E127/><V30/><F7/><N who="3" m="1271" /><G129/><T68/><D68/><U49/><E59/><V52/><F26/><W97/><G97/><T55/><REACH who="0" step="1"/><D94/><REACH who="0" ten="175,245,271,299" step="2"/><U51/><E5/><V12/><F30/><W6/><G6/><T123/><D123/><U3/><E3/><V44/><F32/><W72/><G28/><T133/><D133/><U75/><E4/><V37/><F92/><W14/><G31/><T115/><D115/><U56/><E19/><V86/><F16/><W65/><G14/><T106/><D106/><U40/><E8/><V11/><F11/><W119/><G119/><T83/><D83/><U62/><E82/><N who="2" m="49623" /><F12/><W48/><G72/><T77/><D77/><U131/><E75/><RYUUKYOKU ba="0,1" sc="175,15,245,-15,271,-15,299,15" hai0="17,20,25,54,55,57,63,73,78,80,87,89,95" hai3="36,42,47,48,61,65,70,74,76,81" /><INIT seed="3,1,1,0,3,67" ten="190,230,256,314" oya="3" hai0="42,73,108,85,86,51,57,47,16,111,70,71,55" hai1="93,62,74,36,15,83,22,38,114,92,52,115,105" hai2="130,45,19,117,11,113,68,78,39,119,82,125,79" hai3="10,133,76,29,48,103,84,104,60,7,32,96,87"/><W5/><G133/><T61/><D73/><U6/><E105/><V26/><F113/><W91/><G76/><T18/><D86/><U49/><E62/><V95/><F68/><N who="0" m="26154" /><D85/><U1/><E1/><V77/><F82/><W54/><G60/><T17/><D17/><U129/><E38/><V106/><F106/><W122/><G87/><T126/><D126/><U64/><E64/><V31/><F125/><W75/><G75/><T102/><D102/><U112/><E36/><V90/><F19/><W107/><G107/><T99/><D99/><U23/><E23/><V34/><F11/><W14/><G5/><T121/><D121/><U123/><E123/><V98/><F78/><W24/><G122/><T53/><D18/><N who="1" m="10591" /><E6/><V8/><F39/><W131/><G84/><T13/><D13/><U124/><E124/><V43/><F98/><W120/><G120/><T3/><D3/><U118/><E118/><V12/><F12/><W33/><G91/><T94/><D94/><N who="1" m="36459" /><E83/><V21/><F21/><W128/><G32/><T0/><D0/><U30/><E30/><V116/><F31/><W2/><G2/><T89/><D89/><U65/><E65/><V66/><F66/><W50/><G54/><N who="0" m="33975" /><D16/><U58/><E74/><V46/><F117/><W81/><G81/><T9/><D9/><U37/><E37/><V59/><F8/><W134/><G10/><T63/><D53/><U56/><E56/><AGARI ba="1,1" hai="42,47,51,55,56,63,108,111" m="33975,26154" machi="56" ten="30,8000,1" yaku="34,2,52,3" doraHai="67" who="0" fromWho="1" sc="190,93,230,-83,256,0,314,0" owari="283,8.3,147,-35.3,256,-14.4,314,41.4" /></mjloggm>