<mjloggm ver="2.3"><GO type="225" lobby="0"/><UN n0="%77%72%77%72%77%72%77%72" n1="%65%6B%61%72%75%74%65" n2="%33%74%72%65%65" n3="%E3%81%B5%E3%81%98%E3%81%8B%E3%81%A4" dan="17,16,16,16" rate="2182.68,2115.11,2155.93,2122.73" sx="M,M,F,M"/><TAIKYOKU oya="0"/><INIT seed="0,0,0,5,2,17" ten="250,250,250,250" oya="0" hai0="75,116,54,5,127,37,92,71,122,89,58,74,20" hai1="135,79,45,6,63,80,57,64,95,24,110,34,83" hai2="50,102,28,129,26,18,105,70,40,118,82,27,115" hai3="97,94,103,59,73,68,53,11,120,87,15,117,81"/><T2/><D116/><U128/><E110/><V69/><F115/><W76/><G117/><T62/><D122/><U39/><E128/><V112/><F112/><W51/><G120/><T111/><D111/><U108/><E108/><V43/><F118/><W60/><G68/><T31/><D127/><U125/><E135/><V130/><F82/><W7/><REACH who="3" step="1"/><G73/><REACH who="3" ten="250,250,250,240" step="2"/><T16/><D71/><U1/><E125/><V121/><F121/><W124/><G124/><T61/><D37/><U22/><E39/><V78/><F69/><W99/><G99/><N who="0" m="57743" /><D31/><U98/><E98/><V33/><F70/><W30/><G30/><T56/><D2/><U44/><E1/><V86/><F130/><W84/><G84/><T13/><D75/><U113/><E113/><V19/><F129/><W100/><G100/><T35/><D74/><U72/><E72/><V0/><F0/><W106/><G106/><T32/><D32/><U114/><E34/><V52/><F102/><W119/><G119/><T66/><D35/><U14/><E114/><V41/><F105/><W85/><G85/><T90/><D90/><U55/><E79/><V123/><F123/><W38/><G38/><T36/><D36/><U88/><E88/><V134/><F33/><W91/><G91/><T132/><D132/><U12/><E83/><N who="2" m="47479" /><F134/><W9/><G9/><T8/><D8/><N who="1" m="4119" /><E80/><V47/><F28/><W96/><G96/><T109/><D109/><U93/><E95/><V133/><F133/><W21/><G21/><T104/><D104/><U3/><E93/><V29/><F29/><W48/><AGARI ba="0,1" hai="7,11,15,48,51,53,59,60,76,81,87,94,97,103" machi="48" ten="30,7900,0" yaku="1,1,0,1,8,1,53,1" doraHai="17" doraHaiUra="77" who="3" fromWho="3" sc="250,-39,250,-20,250,-20,240,89" /><INIT seed="1,0,0,0,1,116" ten="211,230,230,329" oya="1" hai0="53,21,38,31,57,98,37,8,62,79,17,125,101" hai1="13,83,135,56,110,66,55,109,22,73,32,42,6" hai2="18,70,60,97,20,118,11,129,74,45,106,43,33" hai3="49,7,29,120,81,95,117,78,67,41,40,90,89"/><U115/><E115/><V48/><F118/><W28/><G117/><T10/><D125/><U88/><E135/><V68/><F129/><W80/><G67/><T2/><D79/><U24/><E32/><V35/><F74/><W23/><G78/><T1/><D31/><U126/><E126/><V85/><F11/><W100/><G23/><T46/><D1/><U4/><E66/><V5/><F5/><W50/><G7/><T34/><D34/><U12/><E42/><V54/><F85/><W61/><G95/><T19/><D2/><U130/><E130/><V47/><F70/><W111/><G100/><T27/><D46/><U58/><E73/><V84/><F84/><W112/><G61/><T75/><D75/><U65/><E65/><V123/><F68/><W72/><G72/><T134/><D134/><U96/><E6/><V14/><F60/><W86/><G86/><T9/><REACH who="0" step="1"/><D17/><REACH who="0" ten="201,230,230,329" step="2"/><N who="1" m="12367" /><E4/><V3/><F3/><W39/><G28/><T93/><AGARI ba="0,1" hai="8,9,10,19,21,27,37,38,53,57,62,93,98,101" machi="93" ten="30,2000,0" yaku="1,1,0,1,53,0" doraHai="116" doraHaiUra="64" who="0" fromWho="0" sc="201,30,230,-10,230,-5,329,-5" /><INIT seed="2,0,0,5,1,92" ten="231,220,225,324" oya="2" hai0="45,56,44,34,99,129,81,47,64,10,121,8,89" hai1="2,48,134,119,125,23,87,63,109,17,67,51,69" hai2="113,52,74,85,116,61,86,54,18,78,97,130,38" hai3="117,126,31,39,114,115,76,42,135,46,66,49,72"/><V103/><F116/><W26/><G117/><T62/><D121/><U1/><E119/><V4/><F113/><N who="3" m="43019" /><G135/><T37/><D34/><U94/><E134/><V77/><F38/><W55/><G126/><T60/><D129/><U68/><E68/><V20/><F130/><W40/><G66/><T43/><D62/><U79/><E109/><V108/><F108/><W35/><G39/><T101/><D37/><U41/><E125/><V11/><F74/><W88/><G88/><T124/><D124/><U73/><E73/><V24/><F77/><W16/><G16/><T3/><D43/><U58/><E69/><V25/><F25/><W133/><G133/><T122/><D122/><U95/><E41/><V50/><F78/><W29/><G29/><T12/><D89/><U27/><E79/><V102/><F102/><W0/><G0/><T9/><D3/><U128/><E2/><V22/><F18/><W33/><G35/><T91/><D91/><U14/><E1/><V75/><F4/><W70/><G70/><T96/><D81/><AGARI ba="0,0" hai="26,31,33,40,42,46,49,55,72,76,81" m="43019" machi="81" ten="30,1000,0" yaku="11,1" doraHai="92" who="3" fromWho="0" sc="231,-10,220,0,225,0,324,10" /><INIT seed="3,0,0,5,2,12" ten="221,220,225,334" oya="3" hai0="0,98,67,62,73,72,127,82,69,34,90,18,1" hai1="27,55,94,8,28,59,99,119,15,30,116,61,70" hai2="134,68,79,5,97,83,40,66,113,111,36,49,91" hai3="101,88,35,23,128,87,31,108,75,3,124,11,25"/><W44/><G101/><T85/><D34/><U109/><E109/><V33/><F113/><W122/><G75/><T74/><D127/><U20/><E70/><V42/><F111/><W120/><G108/><T92/><REACH who="0" step="1"/><D18/><REACH who="0" ten="211,220,225,334" step="2"/><N who="1" m="12695" /><E119/><V2/><F33/><W52/><G124/><T126/><D126/><U95/><E116/><V13/><F134/><W21/><G35/><T26/><D26/><U118/><E118/><V78/><F5/><W77/><G25/><T89/><AGARI ba="0,1" hai="0,1,62,67,69,72,73,74,82,85,89,90,92,98" machi="89" ten="30,2000,0" yaku="1,1,0,1,53,0" doraHai="12" doraHaiUra="45" who="0" fromWho="0" sc="211,30,220,-5,225,-5,334,-10" owari="241,4.1,215,-28.5,220,-18.0,324,42.4" /></mjloggm>