<mjloggm ver="2.3"><GO type="225" lobby="0"/><UN n0="%E3%81%82%E3%81%99%E3%81%AB%E3%82%83%E3%82%80" n1="%E9%B3%B3%E6%9D%B1%E3%81%AE%E3%81%86%E3%81%95%E3%81%8E%E3%81%95%E3%82%93" n2="%E3%81%B5%E3%81%98%E3%81%8B%E3%81%A4" n3="%E3%81%BF%E3%81%BF%E3%81%9A" dan="16,17,16,17" rate="2120.18,2297.10,2193.96,2195.48" sx="F,M,M,M"/><TAIKYOKU oya="0"/><INIT seed="0,0,0,1,4,6" ten="250,250,250,250" oya="0" hai0="42,61,54,135,56,84,66,44,68,85,46,106,62" hai1="0,4,63,24,112,9,73,11,31,88,29,33,122" hai2="108,35,41,34,53,58,94,52,1,113,32,55,105" hai3="2,21,118,75,51,43,89,125,121,23,39,59,72"/><T103/><D106/><U67/><E122/><V114/><F105/><W107/><G118/><T83/><D103/><U86/><E73/><V124/><F1/><W123/><G107/><T60/><D135/><U104/><E104/><V132/><F132/><W95/><G2/><T98/><D98/><U93/><E29/><V101/><F41/><W115/><G115/><T87/><D60/><U126/><E112/><V99/><F124/><W26/><G39/><T20/><D20/><U65/><E126/><V117/><F117/><W3/><G3/><T134/><D134/><U90/><E63/><V25/><F108/><W8/><G8/><T64/><D64/><U92/><REACH who="1" step="1"/><E11/><REACH who="1" ten="250,240,250,250" step="2"/><V40/><F114/><W76/><G75/><T27/><D27/><U100/><E100/><V116/><F113/><W81/><G125/><T109/><D109/><U36/><E36/><V127/><F116/><W70/><G26/><T18/><D68/><U13/><E13/><V47/><F127/><W102/><G70/><T5/><D66/><U15/><E15/><V69/><F69/><W131/><G102/><T37/><D62/><U74/><E74/><V82/><F25/><W96/><G121/><T28/><D28/><U12/><E12/><V38/><REACH who="2" step="1"/><F82/><REACH who="2" ten="250,240,240,250" step="2"/><N who="3" m="45319" /><G123/><T97/><D83/><U71/><E71/><V130/><F130/><W120/><G131/><T22/><D37/><U16/><E16/><V57/><AGARI ba="0,2" hai="32,34,35,38,40,47,52,53,55,57,58,94,99,101" machi="57" ten="40,5200,0" yaku="1,1,0,1,54,1,53,0" doraHai="6" doraHaiUra="17" who="2" fromWho="2" sc="250,-26,240,-13,240,72,250,-13" /><INIT seed="1,0,0,3,2,135" ten="224,227,312,237" oya="1" hai0="67,73,8,112,14,35,101,28,17,84,98,92,1" hai1="6,133,45,77,94,132,105,76,49,120,89,129,108" hai2="70,87,38,85,122,57,42,72,83,82,47,91,11" hai3="100,25,34,93,102,16,118,86,31,7,81,50,114"/><U36/><E36/><V113/><F122/><W0/><G114/><T37/><D73/><U55/><E120/><V75/><F70/><W46/><G118/><T21/><D112/><U18/><E105/><V30/><F113/><W54/><G93/><T96/><D37/><U10/><E18/><V106/><F106/><W2/><G2/><T74/><D74/><U62/><E62/><V56/><F30/><W4/><G4/><T99/><D67/><U88/><E129/><V40/><F11/><W44/><G0/><T20/><D20/><U121/><E121/><V64/><F42/><W116/><G7/><T124/><D124/><U27/><E27/><V104/><F104/><W9/><G116/><T19/><D84/><N who="1" m="52487" /><E89/><V126/><F126/><W59/><G100/><T12/><D1/><N who="1" m="335" /><E108/><V61/><F57/><W123/><G102/><T66/><D66/><U22/><E22/><V48/><REACH who="2" step="1"/><F38/><REACH who="2" ten="224,227,302,237" step="2"/><W127/><G127/><T3/><D3/><U65/><E133/><V130/><F130/><W109/><G123/><T125/><D125/><U26/><E132/><V24/><F24/><W29/><G29/><T43/><D43/><U5/><E26/><V119/><F119/><W103/><G109/><T107/><D107/><U131/><E131/><V80/><F80/><W63/><G9/><T79/><D28/><U111/><E111/><V58/><F58/><W117/><G117/><T115/><D115/><U134/><E134/><V51/><F51/><W41/><G46/><T128/><D128/><U95/><E45/><V23/><F23/><W53/><G44/><T97/><D35/><RYUUKYOKU ba="0,1" sc="224,15,227,-15,302,15,237,-15" hai0="8,12,14,17,19,21,79,92,96,97,98,99,101" hai2="40,47,48,56,61,64,72,75,82,83,85,87,91" /><INIT seed="2,1,1,1,3,107" ten="239,212,317,222" oya="2" hai0="63,59,121,74,93,28,24,117,5,112,98,48,71" hai1="15,99,1,52,18,10,9,116,83,80,133,19,135" hai2="72,134,96,94,91,88,39,25,30,67,43,130,102" hai3="84,123,75,12,70,73,35,132,110,22,111,69,17"/><V89/><F134/><N who="1" m="51209" /><E116/><V46/><F130/><W33/><G132/><T11/><D117/><U65/><E65/><V115/><F67/><W64/><G123/><T113/><D121/><U41/><E41/><V31/><F115/><W60/><G84/><T29/><D74/><N who="3" m="28169" /><G70/><T50/><D71/><U128/><E128/><V129/><F129/><W26/><G26/><T114/><D63/><U54/><E99/><V68/><F68/><W53/><G53/><N who="1" m="20586" /><E18/><V90/><F72/><W16/><G17/><T76/><D59/><U131/><E131/><V49/><F39/><W106/><G106/><T105/><D76/><U100/><E100/><V45/><F45/><W66/><G66/><T79/><D79/><U8/><E1/><V23/><N who="2" m="22528" /><DORA hai="108" /><V122/><REACH who="2" step="1"/><F122/><REACH who="2" ten="239,212,307,222" step="2"/><W86/><G86/><T58/><D58/><U101/><E101/><V51/><F51/><W14/><G111/><T87/><D48/><U36/><E36/><V6/><F6/><W27/><G110/><T104/><D50/><U61/><E61/><V109/><F109/><W119/><G119/><T20/><D87/><U127/><E127/><V57/><F57/><W2/><G69/><T95/><D114/><U40/><E40/><V37/><F37/><W81/><G64/><T55/><D113/><U92/><E92/><V13/><F13/><N who="3" m="5227" /><G60/><T42/><D112/><U3/><E3/><V97/><F97/><W126/><G126/><T118/><D98/><U124/><E124/><V56/><F56/><W78/><G2/><T103/><D118/><U44/><E44/><V34/><F34/><N who="3" m="12811" /><G78/><T4/><D104/><RYUUKYOKU ba="1,2" sc="239,-30,212,10,307,10,222,10" hai1="8,9,10,15,19,80,83" hai2="23,25,30,31,43,46,49,94,96,102" hai3="16,22,27,81" /><INIT seed="2,2,2,0,0,74" ten="209,222,317,232" oya="2" hai0="83,90,28,80,98,60,37,29,48,15,17,69,8" hai1="106,103,81,9,76,73,124,116,56,42,14,71,70" hai2="34,85,39,45,97,25,20,44,91,65,47,84,54" hai3="93,95,16,125,31,27,132,115,123,21,126,134,130"/><V104/><F34/><W61/><G123/><T107/><D37/><U129/><E116/><V88/><F39/><W46/><G130/><T7/><D69/><U78/><E129/><V23/><F65/><W120/><G120/><T135/><D135/><N who="3" m="51753" /><G115/><T128/><D128/><U75/><E124/><N who="3" m="47722" /><G46/><T62/><D107/><U100/><E42/><V99/><F104/><W6/><G6/><T33/><D33/><U72/><E56/><V30/><F54/><W12/><G61/><N who="0" m="23659" /><D48/><U59/><E59/><V4/><F4/><W38/><G38/><T35/><D35/><AGARI ba="2,2" hai="12,16,21,27,31,35,93,95" m="47722,51753" machi="35" ten="30,3900,0" yaku="20,1,18,1,54,1" doraHai="74" who="3" fromWho="0" sc="209,-45,222,0,317,0,232,65" /><INIT seed="3,0,0,0,3,26" ten="164,222,317,297" oya="3" hai0="3,64,41,54,44,18,129,109,86,117,8,100,15" hai1="6,51,22,39,27,80,32,71,128,121,93,10,2" hai2="124,59,110,123,28,119,29,0,48,47,36,132,42" hai3="112,9,94,17,23,83,1,99,63,90,106,101,114"/><W56/><G83/><T57/><D109/><U133/><E39/><V82/><F119/><W61/><G9/><T73/><D73/><U55/><E121/><V33/><F0/><W35/><G1/><T135/><D117/><U134/><E71/><V46/><F123/><W31/><G35/><T53/><D129/><U25/><E128/><V24/><F124/><W85/><G63/><T95/><D135/><N who="1" m="51723" /><E32/><V66/><F110/><W49/><G31/><T4/><D64/><U79/><E93/><V68/><F29/><W87/><G85/><T104/><D104/><U62/><E62/><V50/><F68/><W11/><G11/><T115/><D115/><U65/><E22/><V45/><F132/><W77/><G77/><T84/><D3/><U116/><E65/><V103/><F66/><W40/><G61/><T72/><D72/><N who="1" m="43111" /><E116/><V60/><F36/><W118/><G118/><T76/><D4/><U43/><E43/><V96/><F82/><W131/><G131/><T120/><D120/><U7/><E7/><V97/><F42/><W5/><G5/><T105/><D105/><U108/><E108/><V92/><F97/><W20/><G20/><T19/><D19/><U30/><E30/><V69/><F69/><W16/><G17/><T70/><D70/><U38/><E38/><V107/><F107/><W102/><G101/><T34/><D34/><U37/><E37/><V81/><F81/><W127/><G127/><T91/><D100/><U130/><E130/><V13/><F13/><N who="3" m="9615" /><G40/><T12/><D12/><U67/><E67/><N who="2" m="39327" /><F33/><W125/><G125/><T88/><D41/><RYUUKYOKU ba="0,0" sc="164,-30,222,10,317,10,297,10" hai1="2,6,10,25,27,51,55" hai2="24,28,45,46,47,48,50,92,96,103" hai3="49,56,87,90,94,99,102,106,112,114" /><INIT seed="3,1,0,4,5,17" ten="134,232,327,307" oya="3" hai0="2,20,41,107,106,40,62,80,48,101,77,85,117" hai1="91,57,82,134,11,128,78,64,73,45,3,119,55" hai2="21,70,111,0,34,4,14,67,131,71,24,26,29" hai3="132,47,88,69,32,6,81,76,115,135,31,16,15"/><W120/><G120/><T113/><D117/><U84/><E119/><V36/><F36/><W68/><G6/><T43/><D2/><U124/><E128/><V89/><F111/><W103/><G103/><T123/><D123/><U110/><E110/><V102/><F131/><W58/><G88/><T63/><D113/><U51/><E134/><N who="3" m="51242" /><G115/><T28/><D101/><U27/><E124/><V12/><F102/><W38/><G58/><T42/><N who="0" m="10240" /><DORA hai="75" /><T66/><D48/><U86/><E3/><V112/><F89/><W104/><G47/><T54/><D54/><U52/><E64/><V5/><F67/><W25/><G104/><T92/><D92/><U122/><E122/><V83/><F83/><W37/><G68/><T1/><D1/><U22/><E11/><N who="2" m="2439" /><F70/><W35/><G32/><T33/><D33/><U49/><E91/><V18/><F71/><W9/><G69/><T8/><D8/><U50/><E50/><V95/><F95/><W105/><G105/><T121/><D121/><U127/><E127/><V94/><F94/><W39/><G38/><T72/><D72/><AGARI ba="1,0" hai="9,15,16,25,31,35,37,39,72,76,81" m="51242" machi="72" ten="30,5800,0" yaku="20,1,52,1,54,1" doraHai="17,75" who="3" fromWho="0" sc="134,-61,232,0,327,0,307,61" owari="73,-42.7,232,-16.8,327,12.7,368,46.8" /></mjloggm>