<mjloggm ver="2.3"><GO type="225" lobby="0"/><UN n0="%61%67%65%48%61" n1="%E3%82%BC%E3%83%AB%E3%83%80%E3%81%AE%E4%BC%9D%E8%AA%AC" n2="%E7%89%B9%E6%9D%B1%E3%81%AF%E4%B8%96%E7%95%8C%E3%82%92%E6%95%91%E3%81%86" n3="%6B%75%7A%75%6E" dan="16,18,16,17" rate="2113.11,2224.65,2135.03,2180.54" sx="M,M,M,M"/><TAIKYOKU oya="0"/><INIT seed="0,0,0,0,1,39" ten="250,250,250,250" oya="0" hai0="48,103,14,116,30,59,50,5,52,133,101,53,22" hai1="128,68,100,9,117,124,57,63,76,35,122,131,115" hai2="46,120,27,13,129,118,23,107,44,2,60,102,91" hai3="95,36,87,11,78,134,28,111,49,105,24,69,89"/><T8/><D116/><U25/><E117/><V94/><F118/><W80/><G111/><T32/><D32/><U82/><E122/><V135/><F2/><W47/><G134/><T92/><D133/><U130/><E124/><V90/><F135/><W12/><G69/><T45/><D92/><U42/><E115/><V41/><F120/><W18/><G36/><T54/><D54/><U1/><E68/><V125/><F125/><W72/><G105/><T31/><D31/><N who="1" m="19951" /><E100/><V17/><F129/><W40/><G72/><T123/><REACH who="0" step="1"/><D123/><REACH who="0" ten="240,250,250,250" step="2"/><U34/><E34/><V33/><F107/><W93/><REACH who="3" step="1"/><G89/><REACH who="3" ten="240,250,250,240" step="2"/><T81/><D81/><U38/><E82/><V58/><F91/><W121/><G121/><T55/><D55/><U37/><E131/><V84/><F90/><W62/><G62/><T79/><D79/><U51/><E76/><V108/><F60/><W104/><G104/><T71/><D71/><U10/><E128/><V66/><F108/><W132/><G132/><T19/><D19/><U26/><E130/><V16/><F66/><W98/><G98/><T21/><D21/><AGARI ba="0,2" hai="11,12,18,21,24,28,40,47,49,78,80,87,93,95" machi="21" ten="30,7700,0" yaku="1,1,7,1,8,1,52,1,53,0" doraHai="39" doraHaiUra="109" who="3" fromWho="0" sc="240,-77,250,0,250,0,240,97" /><INIT seed="1,0,0,5,5,83" ten="163,250,250,337" oya="1" hai0="73,92,102,53,55,97,67,52,37,62,76,2,0" hai1="103,22,10,107,123,94,18,135,88,43,69,17,118" hai2="80,70,49,116,57,81,50,105,96,93,16,13,89" hai3="12,132,126,129,114,95,125,9,7,58,121,3,71"/><U40/><E118/><V111/><F70/><W11/><G71/><T75/><D37/><U47/><E123/><V91/><F116/><W15/><G121/><T86/><D75/><U127/><E69/><V110/><F105/><W19/><G114/><T106/><D67/><U30/><E127/><V68/><F68/><W44/><G44/><T63/><D0/><U74/><E74/><V51/><F57/><W33/><G33/><T124/><D124/><U104/><E135/><V28/><F28/><W87/><G132/><T25/><D25/><U98/><E107/><V23/><REACH who="2" step="1"/><F91/><REACH who="2" ten="163,250,240,337" step="2"/><N who="3" m="53759" /><G58/><T20/><D2/><U60/><E88/><V77/><F77/><W46/><G126/><T100/><D100/><U1/><E104/><V35/><F35/><W54/><G125/><T85/><D85/><U108/><E30/><V84/><F84/><W32/><G32/><T122/><D122/><U56/><E56/><V6/><F6/><W45/><G7/><T134/><D134/><U113/><E113/><V109/><AGARI ba="0,1" hai="13,16,23,49,50,51,80,81,89,93,96,109,110,111" machi="109" ten="40,8000,1" yaku="1,1,0,1,14,1,54,1,53,0" doraHai="83" doraHaiUra="133" who="2" fromWho="2" sc="163,-20,250,-40,240,90,337,-20" /><INIT seed="2,0,0,5,2,42" ten="143,210,330,317" oya="2" hai0="127,80,30,89,63,49,88,51,119,115,9,60,56" hai1="118,106,45,55,59,109,26,107,36,16,124,41,117" hai2="135,77,70,47,131,54,83,121,105,44,91,104,27" hai3="21,78,110,120,98,116,130,10,22,133,20,23,17"/><V28/><F121/><W40/><G116/><T86/><D115/><U73/><E73/><V96/><F70/><W81/><G120/><T48/><D127/><U58/><E124/><V12/><F131/><W111/><G130/><T113/><D113/><U13/><E109/><N who="3" m="41482" /><G98/><T46/><D119/><U68/><E118/><V95/><F135/><W112/><G112/><T25/><D9/><U94/><E117/><V128/><F128/><W93/><G93/><T71/><D89/><U4/><E68/><V35/><F12/><N who="3" m="7319" /><G40/><T38/><D71/><U19/><E4/><V92/><F92/><W43/><G43/><T101/><D38/><U76/><E94/><V125/><F125/><W62/><G62/><T123/><D63/><U3/><E41/><V5/><F5/><W34/><G34/><T132/><D101/><U14/><E36/><V24/><F24/><W64/><G64/><T31/><D132/><U39/><E39/><V103/><F54/><W66/><G66/><T61/><D123/><U87/><E26/><V7/><F7/><W0/><G0/><T15/><D60/><U126/><E3/><V102/><F102/><W8/><G8/><T114/><D15/><N who="1" m="5643" /><E126/><V57/><F57/><N who="1" m="21513" /><E107/><V129/><F129/><W65/><G65/><N who="0" m="39079" /><D114/><U75/><E106/><N who="2" m="41067" /><F103/><W85/><N who="3" m="5120" /><DORA hai="50" /><W99/><G133/><T84/><D25/><U79/><E75/><V100/><F100/><W53/><G53/><N who="0" m="29847" /><D86/><U72/><E87/><V97/><F97/><W11/><G11/><T1/><D1/><U122/><E122/><V67/><F67/><W82/><G99/><T108/><D108/><RYUUKYOKU ba="0,0" sc="143,10,210,-30,330,10,317,10" hai0="30,31,49,51,80,84,88" hai2="27,28,35,44,47,77,83,91,95,96" hai3="78,81,82,85" /><INIT seed="2,1,0,5,1,18" ten="153,180,340,327" oya="2" hai0="89,57,5,21,16,123,74,67,52,25,13,33,96" hai1="42,108,73,107,19,41,24,32,71,51,115,83,1" hai2="55,37,101,54,80,104,26,3,79,77,56,23,75" hai3="133,65,38,63,130,15,9,58,91,90,28,30,102"/><V35/><F3/><W111/><G38/><T98/><D123/><U106/><E115/><V134/><F134/><W94/><G111/><T69/><D74/><U11/><E71/><V100/><F35/><W53/><G130/><T97/><D69/><U14/><E108/><V27/><F37/><W126/><G126/><T6/><D67/><U122/><E122/><V43/><F43/><W36/><G36/><T86/><D33/><U44/><E41/><V120/><F120/><W60/><G133/><T118/><D118/><U110/><E110/><V116/><F116/><W68/><G102/><T76/><D25/><U7/><E83/><V93/><F104/><W70/><G70/><T81/><REACH who="0" step="1"/><D76/><REACH who="0" ten="143,180,340,327" step="2"/><U127/><E73/><V12/><F79/><W132/><G132/><T121/><D121/><U131/><E127/><V88/><F26/><W82/><G68/><T17/><D17/><U50/><E131/><V22/><F27/><W59/><G30/><T20/><D20/><N who="1" m="11383" /><E50/><AGARI ba="1,1" hai="5,6,13,16,21,50,52,57,81,86,89,96,97,98" machi="50" ten="40,8000,1" yaku="1,1,8,1,52,1,54,2,53,0" doraHai="18" doraHaiUra="117" who="0" fromWho="1" sc="143,93,180,-83,340,0,327,0" /><INIT seed="3,0,0,5,2,60" ten="236,97,340,327" oya="3" hai0="83,129,52,10,8,101,44,58,30,61,118,105,59" hai1="91,71,75,32,104,27,62,39,43,133,64,128,57" hai2="96,85,112,73,6,87,65,3,122,130,88,127,77" hai3="102,7,90,41,37,40,33,82,125,46,21,18,24"/><W86/><G125/><T29/><D118/><U93/><E75/><V89/><F65/><W45/><G7/><T70/><D129/><U15/><E15/><V51/><F51/><W98/><G33/><T66/><D105/><U113/><E113/><V108/><F6/><W22/><G22/><T132/><D132/><U106/><E93/><N who="2" m="56359" /><F3/><W107/><G45/><T116/><D101/><U97/><E91/><V111/><F130/><W92/><REACH who="3" step="1"/><G41/><REACH who="3" ten="236,97,340,317" step="2"/><T26/><D44/><N who="1" m="23679" /><E128/><V0/><F0/><W123/><G123/><T74/><D116/><U135/><E57/><V115/><F127/><W34/><G34/><T38/><D58/><U13/><E13/><V56/><F56/><W54/><G54/><T53/><D53/><U14/><E14/><V55/><F55/><W5/><G5/><T121/><D121/><U72/><E133/><V4/><F4/><W23/><G23/><T131/><D131/><U100/><E135/><V16/><F122/><W117/><G117/><T94/><D52/><U109/><E109/><N who="2" m="42059" /><F16/><W11/><G11/><T48/><D8/><U19/><E19/><V63/><F63/><W119/><G119/><T114/><D10/><U31/><E72/><V110/><F110/><W79/><G79/><T17/><D74/><U95/><E32/><V42/><F42/><W67/><G67/><T80/><D66/><U49/><E31/><V103/><F103/><W20/><G20/><T68/><D29/><U84/><E100/><V134/><F134/><W124/><G124/><T2/><D30/><U12/><E12/><V50/><F73/><W69/><G69/><RYUUKYOKU ba="0,1" sc="236,-10,97,-10,340,-10,317,30" hai3="18,21,24,37,40,46,82,86,90,92,98,102,107" owari="226,-17.4,87,-41.3,330,13.0,357,45.7" /></mjloggm>