<mjloggm ver="2.3"><GO type="225" lobby="0"/><UN n0="%E8%83%83%E3%81%A8%E8%85%B8" n1="%4B%2E%32%2E%4B%2E" n2="%E5%8F%AF%E5%85%90%E9%82%A3%E7%94%B1%E5%A4%9A" n3="%E6%AF%9B%E8%8D%92%E3%82%8C%E3%83%BB%E3%82%B9%E3%83%9F%E3%82%B9" dan="16,17,17,16" rate="2241.52,2198.14,2210.68,2002.07" sx="M,M,F,F"/><TAIKYOKU oya="0"/><INIT seed="0,0,0,3,4,17" ten="250,250,250,250" oya="0" hai0="87,34,64,72,121,89,2,59,21,62,9,105,73" hai1="26,95,18,33,118,127,122,53,63,80,58,91,78" hai2="1,57,60,101,102,50,113,20,125,49,24,23,6" hai3="27,11,90,81,79,116,55,44,93,132,52,75,123"/><T85/><D34/><U106/><E118/><V119/><F113/><W3/><G116/><T112/><D112/><U130/><E122/><V36/><F119/><W110/><G123/><T41/><D105/><U14/><E106/><V86/><F36/><W134/><G110/><T114/><D114/><U25/><E127/><V88/><F125/><W124/><G124/><T10/><D121/><U22/><E130/><V117/><F117/><W47/><G27/><T5/><D41/><U103/><E103/><N who="2" m="39435" /><F6/><N who="3" m="1503" /><G44/><T66/><D10/><U111/><E33/><V16/><F20/><W40/><G90/><T99/><D66/><U65/><E65/><N who="2" m="39055" /><F1/><W131/><G93/><AGARI ba="0,0" hai="16,23,24,49,50,86,88,93" m="39055,39435" machi="93" ten="30,7700,0" yaku="8,1,52,1,54,2" doraHai="17" who="2" fromWho="3" sc="250,0,250,0,250,77,250,-77" /><INIT seed="1,0,0,3,4,73" ten="250,250,327,173" oya="1" hai0="18,25,58,40,130,92,44,4,118,64,98,75,54" hai1="102,45,62,37,24,23,0,6,21,63,50,27,77" hai2="133,17,16,117,47,135,121,115,10,8,1,113,90" hai3="128,55,99,19,59,66,89,38,69,57,119,29,41"/><U107/><E37/><V94/><F117/><W39/><G128/><T42/><D118/><U123/><E123/><V104/><F104/><W105/><G119/><T3/><D130/><U52/><E0/><V32/><F47/><N who="3" m="23991" /><G19/><N who="2" m="7241" /><F32/><W74/><G89/><T34/><D75/><U35/><E6/><N who="2" m="1103" /><F121/><W86/><G29/><T129/><D129/><U122/><E122/><V30/><F30/><W20/><G20/><N who="1" m="7754" /><E107/><V81/><F81/><W87/><G105/><T83/><D83/><U82/><E35/><V134/><F10/><W68/><G99/><AGARI ba="0,0" hai="90,94,99,113,115,133,134,135" m="1103,7241" machi="99" ten="40,2600,0" yaku="20,1,54,1" doraHai="73" who="2" fromWho="3" sc="250,0,250,0,327,26,173,-26" /><INIT seed="2,0,0,3,4,21" ten="250,250,353,147" oya="2" hai0="98,63,69,118,45,59,78,135,68,87,10,35,26" hai1="99,134,3,29,94,22,20,100,7,89,71,75,76" hai2="49,111,52,40,30,115,9,0,83,55,5,81,95" hai3="42,24,28,38,66,12,16,131,91,121,50,46,18"/><V60/><F115/><W8/><G121/><T19/><D135/><U31/><E71/><V34/><F111/><W11/><G131/><T104/><D118/><U130/><E130/><V33/><F40/><W32/><G66/><T43/><D10/><U48/><E7/><V53/><F49/><W93/><G38/><T119/><D119/><U27/><E3/><V51/><F51/><W101/><G101/><T128/><D128/><U109/><E109/><V112/><F112/><W97/><REACH who="3" step="1"/><G8/><REACH who="3" ten="250,250,353,137" step="2"/><T82/><D68/><U1/><E100/><V114/><F9/><W122/><G122/><T116/><D69/><U117/><E117/><V80/><F114/><W88/><G88/><T15/><D116/><U133/><E89/><V125/><F125/><W126/><G126/><T108/><D108/><U36/><E36/><V74/><F74/><W25/><G25/><T14/><D26/><U54/><E27/><V62/><F0/><W96/><G96/><T92/><D98/><U110/><E1/><V17/><F5/><AGARI ba="0,1" hai="5,11,12,16,18,24,28,32,42,46,50,91,93,97" machi="5" ten="30,8000,1" yaku="1,1,7,1,52,1,54,1,53,1" doraHai="21" doraHaiUra="85" who="3" fromWho="2" sc="250,0,250,0,353,-80,137,90" /><INIT seed="3,0,0,3,5,22" ten="250,250,273,227" oya="3" hai0="52,30,42,120,134,128,132,62,36,46,76,130,115" hai1="6,106,20,126,82,31,77,28,91,112,64,19,14" hai2="26,125,80,11,68,5,51,87,61,94,10,54,83" hai3="45,111,93,90,58,43,103,24,78,123,1,109,7"/><W48/><G123/><T135/><D76/><U131/><E106/><V55/><F125/><W71/><G71/><T67/><D30/><U47/><E64/><V86/><F68/><W32/><G78/><T104/><D104/><U95/><E126/><V66/><F66/><W129/><G129/><N who="0" m="49771" /><D120/><U84/><E131/><V27/><F61/><W56/><G103/><T0/><D0/><U89/><E112/><V121/><F94/><W50/><G7/><T74/><D74/><U37/><E37/><V92/><F92/><W33/><G1/><T69/><D52/><N who="2" m="20010" /><F51/><W81/><G81/><N who="2" m="31305" /><F121/><W97/><G48/><T13/><D13/><U113/><E95/><V70/><F70/><W57/><REACH who="3" step="1"/><G33/><REACH who="3" ten="250,250,273,217" step="2"/><T127/><D127/><U40/><E6/><V110/><F5/><W100/><G100/><T16/><D115/><U21/><E77/><V63/><F63/><W39/><G39/><T18/><AGARI ba="0,1" hai="16,18,36,42,46,62,67,69,132,134,135" m="49771" machi="18" ten="40,5200,0" yaku="20,1,19,1,54,1" doraHai="22" who="0" fromWho="0" sc="250,62,250,-13,273,-13,217,-26" owari="312,41.2,237,-16.3,260,6.0,191,-30.9" /></mjloggm>