<mjloggm ver="2.3"><GO type="225" lobby="0"/><UN n0="%E3%81%99%E3%81%84%E3%81%BE%E3%81%9B%E3%83%BC%E3%82%93" n1="%E3%83%97%E3%83%AC%E3%83%B4%E3%82%A1%E3%83%86%E3%82%A3" n2="%E3%81%BF%E3%81%BF%E3%81%9A" n3="%E3%81%A9%E3%82%8F%E3%82%93%E3%81%94" dan="17,16,16,16" rate="2224.79,2048.91,2150.81,2085.75" sx="M,F,M,M"/><TAIKYOKU oya="0"/><INIT seed="0,0,0,5,5,60" ten="250,250,250,250" oya="0" hai0="123,82,69,119,130,110,62,39,113,21,23,109,75" hai1="65,79,22,17,71,106,43,127,96,105,63,61,56" hai2="102,92,101,36,8,78,133,11,112,87,4,80,68" hai3="111,44,97,81,26,5,108,76,59,14,27,135,115"/><T45/><D113/><U95/><E127/><V16/><F112/><W134/><G115/><T89/><D119/><U129/><E129/><V132/><F36/><W121/><G121/><T54/><D123/><U128/><E43/><V31/><F31/><W30/><G97/><T53/><D130/><U46/><E46/><V94/><F68/><W24/><G44/><T25/><D39/><U58/><E79/><V74/><F16/><W40/><G59/><T0/><D0/><U67/><E71/><V131/><F131/><W114/><G40/><T85/><D75/><U120/><E120/><V126/><F11/><N who="3" m="4463" /><G81/><T52/><D45/><U33/><E33/><V38/><F126/><W83/><G83/><T116/><D116/><U77/><E77/><V1/><F38/><W100/><G100/><N who="2" m="38505" /><F74/><W51/><G51/><T93/><D82/><U9/><E9/><V84/><F84/><W57/><G57/><T88/><D89/><U99/><E128/><V28/><F28/><W35/><G76/><T104/><D104/><U117/><E117/><V103/><N who="2" m="38513" /><V13/><DORA hai="86" /><F1/><W6/><G6/><T73/><D73/><U37/><E37/><V91/><F78/><W41/><G41/><T72/><D72/><U3/><E3/><V125/><F125/><W20/><G114/><T48/><D48/><U10/><E10/><V55/><F55/><W70/><G70/><T66/><REACH who="0" step="1"/><D21/><REACH who="0" ten="240,250,250,250" step="2"/><U7/><E7/><V12/><F4/><W118/><G118/><T49/><D49/><U42/><E42/><V124/><F124/><W90/><G20/><T50/><D50/><RYUUKYOKU ba="0,1" sc="240,30,250,-10,250,-10,250,-10" hai0="23,25,52,53,54,62,66,69,85,88,93,109,110" /><INIT seed="0,1,1,4,5,43" ten="270,240,240,240" oya="0" hai0="38,41,33,1,52,127,118,78,88,74,4,96,37" hai1="19,73,82,51,58,115,26,126,40,69,6,61,12" hai2="121,103,48,7,36,66,100,101,111,112,89,63,134" hai3="28,11,70,42,60,133,110,71,76,93,102,47,29"/><T98/><D118/><U67/><E126/><V72/><F36/><W114/><G114/><T35/><D127/><U122/><E122/><V123/><F72/><W50/><G110/><T87/><D96/><U44/><E115/><V23/><F112/><W0/><G133/><T25/><D98/><U24/><E6/><V3/><F111/><W99/><G76/><T120/><D120/><U39/><E73/><V57/><F134/><W68/><REACH who="3" step="1"/><G60/><REACH who="3" ten="270,240,240,230" step="2"/><T95/><D78/><U105/><E105/><V53/><F121/><W81/><G81/><T64/><D74/><U22/><E82/><V14/><F123/><W5/><AGARI ba="1,2" hai="0,5,11,28,29,42,47,50,68,70,71,93,99,102" machi="5" ten="40,5200,0" yaku="1,1,0,1,52,1,53,0" doraHai="43" doraHaiUra="8" who="3" fromWho="3" sc="270,-27,240,-14,240,-14,230,75" /><INIT seed="1,0,0,4,2,32" ten="243,226,226,305" oya="1" hai0="67,44,37,55,78,70,87,19,48,113,9,0,76" hai1="99,85,88,82,125,124,65,118,21,60,18,133,122" hai2="100,103,52,39,128,5,90,116,112,86,22,120,61" hai3="62,17,33,10,89,31,106,77,23,35,41,26,108"/><U75/><E118/><V25/><F39/><W132/><G106/><T58/><D113/><U59/><E122/><V105/><F105/><W64/><G77/><T101/><D101/><U11/><E133/><V134/><F116/><W42/><G132/><T107/><D107/><U127/><E75/><V110/><F120/><W71/><G108/><T115/><D115/><U83/><E99/><V66/><F134/><W92/><G10/><T135/><D135/><U36/><E36/><V93/><F110/><W80/><G80/><T30/><D30/><U27/><E11/><V74/><F74/><W4/><G4/><N who="0" m="1159" /><D19/><U81/><AGARI ba="0,0" hai="18,21,27,59,60,65,81,82,83,85,88,124,125,127" machi="81" ten="40,7800,0" yaku="0,1,18,1,54,1" doraHai="32" who="1" fromWho="1" sc="243,-26,226,78,226,-26,305,-26" /><INIT seed="1,1,0,1,0,121" ten="217,304,200,279" oya="1" hai0="83,100,78,117,129,94,111,91,64,10,73,54,63" hai1="75,68,59,57,132,27,14,65,70,28,32,69,92" hai2="39,77,7,135,119,106,86,18,0,128,2,20,38" hai3="58,79,118,110,105,85,19,31,15,55,126,48,1"/><U49/><E75/><V16/><F119/><W23/><G105/><T45/><D117/><U101/><E132/><V33/><F106/><W133/><G118/><T120/><D120/><U9/><E65/><V131/><F33/><W29/><G133/><T3/><D129/><N who="2" m="49738" /><F135/><W123/><G1/><N who="2" m="617" /><F7/><W95/><G123/><T80/><D100/><U60/><E49/><V113/><F113/><W50/><G126/><T30/><D30/><U41/><E41/><V108/><F108/><W25/><G110/><T24/><D111/><U112/><E112/><V102/><F102/><W21/><G79/><T47/><D78/><U67/><E59/><V12/><F18/><N who="3" m="12535" /><G48/><T53/><D3/><U107/><E92/><V134/><F134/><W115/><G115/><T4/><D94/><U66/><E66/><V13/><F13/><W125/><G125/><T90/><D64/><U11/><REACH who="1" step="1"/><E14/><REACH who="1" ten="217,294,200,279" step="2"/><V35/><F35/><W103/><G103/><T40/><D40/><U116/><E116/><V71/><F71/><W36/><G36/><T8/><D47/><U82/><E82/><AGARI ba="1,1" hai="12,16,20,38,39,77,82,86" m="617,49738" machi="82" ten="30,2000,0" yaku="19,1,54,1" doraHai="121" who="2" fromWho="1" sc="217,0,294,-23,200,33,279,0" /><INIT seed="2,0,0,1,0,122" ten="217,271,233,279" oya="2" hai0="97,24,107,16,13,22,134,130,31,53,112,58,94" hai1="76,83,131,108,111,18,47,39,57,132,117,4,95" hai2="46,36,29,84,128,27,8,86,74,133,66,45,120" hai3="21,102,14,105,96,81,68,70,127,75,106,88,60"/><V89/><F74/><W32/><G127/><T43/><D112/><U103/><E117/><V93/><F120/><W77/><G32/><T114/><D114/><U10/><E131/><V2/><F128/><W49/><G106/><T40/><D130/><U26/><E57/><V23/><F133/><W91/><G49/><T129/><D107/><U30/><E18/><V100/><F36/><W67/><G70/><T87/><D87/><U54/><E132/><V99/><F84/><W113/><G113/><T85/><D85/><U42/><E54/><V64/><F2/><W35/><G35/><T37/><D37/><U125/><E125/><V44/><REACH who="2" step="1"/><F8/><REACH who="2" ten="217,271,223,279" step="2"/><W124/><G124/><T7/><D134/><U61/><E10/><V17/><F17/><W20/><G14/><T109/><D129/><U48/><E4/><V5/><F5/><W82/><G82/><AGARI ba="0,1" hai="23,27,29,44,45,46,64,66,82,86,89,93,99,100" machi="82" ten="40,3900,0" yaku="1,1,8,1,53,0" doraHai="122" doraHaiUra="119" who="2" fromWho="3" sc="217,0,271,0,223,49,279,-39" /><INIT seed="2,1,0,1,5,74" ten="217,271,272,240" oya="2" hai0="93,17,130,120,113,71,134,9,25,88,129,104,8" hai1="69,32,116,21,132,98,39,124,49,105,128,27,2" hai2="26,22,81,57,40,119,117,103,50,44,83,109,126" hai3="92,101,1,37,51,99,58,30,133,59,107,95,123"/><V11/><F126/><W13/><G123/><T97/><D120/><U53/><RYUUKYOKU type="yao9" ba="1,0" sc="217,0,271,0,272,0,240,0" hai1="2,21,27,32,39,49,53,69,98,105,116,124,128,132" /><INIT seed="2,2,0,5,5,18" ten="217,271,272,240" oya="2" hai0="95,32,53,123,91,89,117,59,75,10,1,104,101" hai1="68,30,90,60,48,120,26,76,21,49,22,100,96" hai2="112,124,67,74,12,127,17,14,43,57,13,8,94" hai3="39,121,87,65,15,51,86,105,5,84,79,40,134"/><V132/><F112/><W99/><G121/><T119/><D123/><U36/><E120/><V118/><F118/><N who="0" m="45066" /><D32/><U70/><E36/><V41/><F74/><W46/><G134/><T28/><D75/><U128/><E76/><V33/><F33/><W80/><G39/><T2/><D28/><U102/><E128/><V135/><F94/><W7/><G65/><T93/><D104/><U20/><E90/><N who="0" m="34313" /><D10/><U122/><E122/><V125/><F57/><W23/><G99/><N who="0" m="59631" /><D95/><U16/><E60/><AGARI ba="2,0" hai="1,2,53,59,60" m="59631,34313,45066" machi="60" ten="30,1000,0" yaku="12,1" doraHai="18" who="0" fromWho="1" sc="217,16,271,-16,272,0,240,0" /><INIT seed="3,0,0,3,4,16" ten="233,255,272,240" oya="3" hai0="14,39,113,23,109,73,78,98,104,61,82,100,71" hai1="84,110,56,63,35,42,119,131,94,80,36,53,54" hai2="88,57,7,122,29,20,45,79,87,59,22,55,128" hai3="91,10,124,89,66,3,5,107,118,43,116,46,11"/><W69/><G124/><T51/><D39/><U31/><E110/><V9/><F79/><W18/><G107/><T81/><D109/><U86/><E119/><V21/><F128/><W127/><G127/><T76/><D113/><U33/><E131/><V32/><F32/><W114/><G114/><T126/><D126/><U103/><E36/><V123/><F29/><W132/><G132/><T95/><D51/><U96/><E42/><V17/><F17/><W70/><G66/><T90/><D61/><U8/><E8/><V93/><F45/><W41/><G18/><T48/><D48/><U115/><E115/><V60/><REACH who="2" step="1"/><F59/><REACH who="2" ten="233,255,262,240" step="2"/><W67/><G46/><T68/><D68/><U4/><E31/><V130/><F130/><W134/><G134/><T105/><D71/><U44/><E35/><V40/><F40/><W64/><G5/><T62/><D78/><U13/><E33/><V125/><F125/><W28/><REACH who="3" step="1"/><G28/><REACH who="3" ten="233,255,262,230" step="2"/><T108/><D108/><U111/><E111/><V120/><F120/><W15/><G15/><AGARI ba="0,2" hai="7,9,15,20,21,22,55,57,60,87,88,93,122,123" machi="15" ten="40,8000,1" yaku="1,1,52,3,54,1,53,0" doraHai="16" doraHaiUra="37" who="2" fromWho="3" sc="233,0,255,0,262,100,230,-80" owari="233,-16.7,255,5.5,362,46.2,150,-35.0" /></mjloggm>