<mjloggm ver="2.3"><GO type="225" lobby="0"/><UN n0="%E6%A1%9C%E8%8A%B1%E9%96%83%E3%80%85" n1="%72%65%6E%6B%75%6E" n2="%E6%B8%A9%E2%98%85%E6%83%85%E2%98%85%E6%8E%AA%E2%98%85%E7%BD%AE" n3="%72%69%6F%75%63%68%61%6E" dan="16,17,18,16" rate="2134.10,2216.19,2253.72,2162.75" sx="M,M,M,M"/><TAIKYOKU oya="0"/><INIT seed="0,0,0,1,1,20" ten="250,250,250,250" oya="0" hai0="34,66,99,38,22,96,86,70,81,120,78,103,102" hai1="3,64,72,69,25,26,97,131,98,121,84,132,92" hai2="104,127,134,43,75,48,41,68,89,107,129,14,5" hai3="124,116,37,88,17,42,31,15,73,117,56,2,50"/><T94/><D120/><U28/><E72/><V71/><F75/><W105/><G2/><T30/><D38/><U44/><E3/><V45/><F134/><W133/><G105/><T12/><D34/><U6/><E6/><V1/><F1/><W35/><G73/><T110/><D110/><U27/><E121/><V11/><F129/><W126/><G133/><T59/><D70/><U7/><E7/><V74/><F74/><W19/><G37/><T16/><D30/><U65/><E132/><V106/><F127/><N who="3" m="48683" /><G42/><T83/><D83/><U61/><E28/><V79/><F79/><W100/><G100/><T46/><D46/><U114/><E114/><V55/><F43/><W77/><G77/><T36/><D36/><U63/><E131/><V85/><REACH who="2" step="1"/><F41/><REACH who="2" ten="250,250,240,250" step="2"/><W112/><G112/><T21/><D21/><U29/><E29/><V4/><F4/><W128/><G31/><T13/><D13/><U80/><E44/><V135/><F135/><W109/><G35/><T130/><D130/><U58/><REACH who="1" step="1"/><E92/><AGARI ba="0,1" hai="5,11,14,45,48,55,68,71,85,89,92,104,106,107" machi="92" ten="40,2600,0" yaku="1,1,53,1" doraHai="20" doraHaiUra="49" who="2" fromWho="1" sc="250,0,250,-26,240,36,250,0" /><INIT seed="1,0,0,2,4,71" ten="250,224,276,250" oya="1" hai0="33,41,100,102,109,48,16,107,50,112,32,119,68" hai1="58,108,57,11,61,55,84,131,135,114,47,97,12" hai2="35,56,75,127,128,30,103,95,80,106,120,9,104" hai3="5,77,83,86,117,4,36,74,81,122,19,44,10"/><U118/><E114/><V37/><F120/><W78/><G122/><T124/><D112/><U23/><E118/><V116/><F116/><W49/><G117/><T66/><D119/><U22/><E131/><V123/><F123/><W31/><G31/><T99/><D109/><U65/><E135/><V133/><F128/><W115/><G115/><T67/><D124/><U85/><E108/><V125/><F37/><W105/><G105/><T121/><D121/><U34/><E34/><V111/><F111/><W40/><REACH who="3" step="1"/><G49/><REACH who="3" ten="250,224,276,240" step="2"/><T24/><D48/><N who="1" m="30951" /><E97/><N who="2" m="59839" /><F30/><W51/><G51/><T62/><D99/><U130/><E130/><V52/><F133/><W79/><G79/><T3/><D107/><U59/><E47/><V46/><F46/><W26/><G26/><T42/><D50/><U27/><E59/><V64/><F106/><W129/><G129/><T17/><D68/><U82/><E27/><V53/><F104/><W87/><G87/><N who="1" m="33354" /><E82/><V15/><F80/><W90/><G90/><T8/><D24/><U39/><E39/><V110/><F56/><W91/><G91/><T14/><D41/><U76/><E76/><V72/><F72/><W101/><G101/><T88/><D42/><U38/><E38/><V134/><F75/><W0/><G0/><T2/><D88/><U63/><E61/><V45/><F45/><W93/><G93/><T20/><D62/><U113/><E113/><V70/><F134/><W69/><G69/><T96/><D2/><U28/><E28/><V132/><F132/><W7/><G7/><AGARI ba="0,1" hai="7,11,12,22,23,58,63,65" m="33354,30951" machi="7" ten="30,1500,0" yaku="8,1" doraHai="71" who="1" fromWho="3" sc="250,0,224,25,276,0,240,-15" /><INIT seed="1,1,0,0,2,23" ten="250,249,276,225" oya="1" hai0="66,16,111,100,112,87,26,8,104,30,31,29,18" hai1="85,72,124,71,114,38,135,94,54,51,73,79,41" hai2="113,80,107,58,62,86,77,5,44,64,27,48,6" hai3="133,92,10,69,24,57,128,122,95,68,105,49,14"/><U3/><E3/><V33/><F107/><W131/><G122/><T1/><D112/><U76/><E71/><N who="3" m="27210" /><G105/><T108/><D66/><U36/><E114/><V45/><F113/><W42/><G133/><T84/><D104/><U13/><E135/><V39/><F39/><W125/><G42/><T103/><D1/><U2/><E2/><V9/><F9/><W89/><G89/><T67/><D67/><U11/><E76/><V65/><F65/><W118/><G125/><T129/><D129/><N who="3" m="49737" /><G118/><T55/><D55/><U46/><E38/><V130/><F130/><W88/><G49/><T47/><D47/><U43/><E43/><V117/><F45/><W82/><G57/><T63/><D63/><U109/><E124/><V127/><F117/><W56/><G56/><T15/><D108/><U101/><E101/><N who="0" m="38985" /><D111/><U40/><E109/><V52/><REACH who="2" step="1"/><F127/><REACH who="2" ten="250,249,266,225" step="2"/><W78/><G10/><T99/><D99/><U61/><E11/><V134/><F134/><W132/><G132/><T120/><D120/><U119/><E36/><V110/><F110/><W21/><G14/><T7/><D7/><U83/><E13/><V75/><F75/><N who="3" m="43359" /><G88/><T32/><D32/><U19/><E119/><V12/><F12/><W96/><G96/><T0/><D0/><U60/><E73/><V70/><F70/><W106/><G106/><T50/><D8/><U74/><E74/><V116/><F116/><W59/><G59/><T81/><D15/><U123/><E123/><V25/><F25/><W37/><G37/><T98/><D26/><U102/><E72/><V121/><F121/><W97/><G97/><RYUUKYOKU ba="1,1" sc="250,-15,249,-15,266,15,225,15" hai2="5,6,27,33,44,48,52,58,62,64,77,80,86" hai3="21,24,92,95" /><INIT seed="2,2,1,2,2,111" ten="235,234,281,240" oya="2" hai0="107,4,27,99,63,11,132,95,88,123,85,16,13" hai1="43,38,84,22,34,102,127,114,115,70,97,62,69" hai2="47,75,40,58,87,104,83,18,90,52,44,9,65" hai3="64,23,37,76,92,78,5,124,135,8,125,0,42"/><V6/><F104/><W110/><G110/><T67/><D132/><U45/><E22/><V94/><F65/><W79/><G135/><T112/><D123/><U10/><E127/><N who="3" m="48714" /><G64/><T21/><D112/><N who="1" m="43051" /><E62/><V59/><F18/><W109/><G109/><T14/><D107/><N who="1" m="63951" /><E84/><V73/><F59/><W117/><G117/><T28/><D85/><U51/><E51/><V77/><F75/><W118/><G118/><T32/><D32/><U39/><E10/><V24/><F24/><W134/><G134/><T86/><D86/><U17/><E17/><V113/><F40/><W57/><G57/><N who="0" m="37359" /><D14/><U81/><E81/><V71/><F71/><N who="1" m="27145" /><E39/><V72/><F72/><W36/><G92/><T1/><D1/><U53/><E53/><V2/><F113/><W26/><G42/><T3/><D3/><U55/><E55/><V91/><F91/><W66/><G66/><T120/><D120/><U33/><AGARI ba="2,1" hai="33,34,38,43,45" m="27145,63951,43051" machi="33" ten="40,8000,1" yaku="23,1,52,3" doraHai="111" who="1" fromWho="1" sc="235,-22,234,96,281,-42,240,-22" /><INIT seed="3,0,0,4,3,33" ten="213,330,239,218" oya="3" hai0="129,98,102,123,17,132,111,117,96,45,131,105,38" hai1="113,62,122,108,25,23,133,91,87,99,82,127,77" hai2="32,15,29,20,65,57,52,64,36,41,88,104,73" hai3="68,31,112,58,66,40,80,107,47,27,119,30,89"/><W76/><G112/><T39/><D117/><U28/><E113/><V97/><F73/><W16/><G119/><T69/><D123/><U94/><E122/><V55/><F32/><W100/><G68/><T9/><D111/><U61/><E108/><V95/><F104/><W35/><G89/><T50/><D69/><U1/><E1/><V53/><F57/><W84/><G107/><T21/><D96/><U78/><E133/><V54/><N who="2" m="13312" /><DORA hai="34" /><V120/><F120/><W106/><G106/><T49/><D9/><U5/><E5/><V124/><F124/><W37/><G100/><T75/><D75/><U59/><E127/><V0/><F0/><W72/><G72/><T6/><D6/><U11/><E11/><V101/><F101/><W81/><G81/><T79/><D79/><N who="1" m="30219" /><E59/><V121/><F121/><W22/><REACH who="3" step="1"/><G35/><REACH who="3" ten="213,330,239,208" step="2"/><T19/><D132/><U83/><E83/><V115/><F115/><W26/><G26/><N who="0" m="14639" /><D45/><U43/><E43/><V74/><F41/><W67/><G67/><T109/><D109/><U86/><E82/><V2/><F65/><W13/><G13/><T134/><D134/><U116/><E116/><V93/><F64/><W130/><G130/><N who="0" m="49675" /><D19/><U46/><E46/><V126/><F74/><W12/><G12/><T110/><D110/><U56/><E56/><V7/><F15/><W92/><G92/><N who="2" m="35401" /><F126/><W60/><AGARI ba="0,1" hai="16,22,27,30,31,37,40,47,58,60,66,76,80,84" machi="60" ten="30,11700,0" yaku="1,1,0,1,54,1,53,1" doraHai="33,34" doraHaiUra="3,14" who="3" fromWho="3" sc="213,-39,330,-39,239,-39,208,127" owari="174,-32.6,291,9.1,200,-20.0,335,43.5" /></mjloggm>