<mjloggm ver="2.3"><GO type="225" lobby="0"/><UN n0="%6D%75%75%73%61%6E%6D%75" n1="%E6%97%A5%E6%9B%9C%E6%97%A5%E3%82%88%E3%82%8A%E3%81%AE%E4%BD%BF%E8%80%85" n2="%E5%8B%95%E7%89%A9%E5%9C%92%E3%81%AE%E3%81%8F%E3%82%8D" n3="%E3%81%AF%E3%82%88%E3%81%8A%E3%81%98%E3%81%95%E3%82%93" dan="16,16,16,17" rate="2147.24,2100.89,2165.40,2205.40" sx="F,M,M,M"/><TAIKYOKU oya="0"/><INIT seed="0,0,0,5,5,8" ten="250,250,250,250" oya="0" hai0="30,134,26,38,126,50,81,112,33,6,84,58,16" hai1="53,79,37,22,76,56,72,29,2,74,94,91,125" hai2="105,124,61,3,75,120,57,93,110,19,130,65,43" hai3="113,92,109,101,52,55,98,18,31,54,116,15,7"/><T20/><D112/><U21/><E37/><V115/><F105/><W14/><G113/><T70/><D38/><U44/><E2/><V80/><F115/><W133/><G116/><T45/><D70/><U68/><E68/><V23/><F110/><W48/><G109/><T5/><D126/><U104/><E104/><V95/><F124/><W89/><G133/><T106/><D106/><U117/><E117/><V86/><F130/><W40/><G31/><T64/><D134/><U85/><E44/><V39/><F120/><W47/><G7/><T25/><D64/><U83/><E29/><V129/><F3/><W0/><G0/><T69/><D58/><U114/><E114/><V131/><F75/><W28/><G28/><T128/><D69/><U121/><E121/><V99/><F43/><W60/><G60/><T34/><D34/><U42/><E42/><V127/><F39/><W10/><G14/><T63/><D63/><U73/><E125/><V67/><F67/><W87/><G40/><T9/><D9/><U46/><E46/><V119/><F127/><W108/><G108/><T12/><D25/><U36/><E36/><V1/><F119/><W24/><G24/><T82/><D128/><N who="2" m="49226" /><F99/><W27/><G27/><T71/><D71/><U62/><REACH who="1" step="1"/><E76/><REACH who="1" ten="250,240,250,250" step="2"/><N who="2" m="46343" /><F1/><W88/><G89/><T4/><REACH who="0" step="1"/><D84/><AGARI ba="0,1" hai="21,22,53,56,62,72,73,74,79,83,84,85,91,94" machi="84" ten="40,1300,0" yaku="1,1,53,0" doraHai="8" doraHaiUra="135" who="1" fromWho="0" sc="250,-13,240,23,250,0,250,0" /><INIT seed="1,0,0,5,5,106" ten="237,263,250,250" oya="1" hai0="8,21,130,25,97,53,3,101,50,36,87,63,82" hai1="2,134,114,118,90,37,0,127,20,18,125,16,129" hai2="124,72,45,51,44,19,40,55,7,67,86,42,79" hai3="89,66,71,29,80,31,22,77,38,104,4,47,116"/><U60/><E37/><V76/><F124/><N who="1" m="47689" /><E114/><V14/><F72/><W52/><G104/><T54/><D36/><U69/><E118/><V74/><F74/><W17/><G116/><T35/><D130/><U49/><E129/><V24/><F67/><W83/><G4/><T135/><D135/><U95/><E49/><V103/><F103/><W107/><G107/><T122/><D122/><U10/><E134/><V109/><F109/><W28/><G71/><T110/><D110/><U85/><E10/><V26/><F7/><W93/><G66/><T123/><D123/><U11/><E11/><V39/><F55/><W15/><G77/><T113/><D113/><U132/><E132/><V119/><F119/><W96/><REACH who="3" step="1"/><G38/><REACH who="3" ten="237,263,250,240" step="2"/><T121/><D121/><U62/><E69/><V75/><F79/><W111/><G111/><T117/><D117/><U27/><E18/><V100/><F19/><W56/><G56/><T12/><D3/><AGARI ba="0,1" hai="0,2,3,16,20,27,60,62,85,90,95" m="47689" machi="3" ten="30,2900,0" yaku="18,1,54,1" doraHai="106" who="1" fromWho="0" sc="237,-29,263,39,250,0,240,0" /><INIT seed="1,1,0,2,0,8" ten="208,302,250,240" oya="1" hai0="97,15,70,73,26,130,100,126,34,58,65,30,62" hai1="7,28,41,67,92,108,102,33,75,13,50,63,53" hai2="127,59,25,10,83,104,22,20,27,123,124,0,31" hai3="24,51,101,29,134,122,110,95,91,1,19,60,43"/><U98/><E75/><V119/><F104/><W129/><G122/><T9/><D126/><N who="2" m="48170" /><F123/><W52/><G1/><T76/><D130/><U45/><E108/><V5/><F83/><W109/><G129/><T37/><D37/><U23/><E33/><V74/><F74/><W99/><G134/><T103/><D73/><U86/><E86/><V105/><F105/><W21/><G43/><T113/><D113/><U47/><E28/><N who="2" m="17447" /><F59/><N who="3" m="34919" /><G51/><T84/><D58/><N who="1" m="37367" /><E47/><V106/><F106/><W11/><G11/><T14/><D9/><N who="1" m="4287" /><E23/><V71/><F71/><W88/><G110/><T35/><D35/><U36/><E36/><V4/><F4/><W55/><G109/><T93/><REACH who="0" step="1"/><D100/><REACH who="0" ten="198,302,250,240" step="2"/><U94/><E94/><V38/><F38/><W72/><G72/><T96/><D96/><U87/><E87/><V61/><F61/><W3/><G101/><T132/><D132/><U81/><E81/><AGARI ba="1,1" hai="14,15,26,30,34,62,65,70,76,81,84,93,97,103" machi="81" ten="40,5200,0" yaku="1,1,52,2,53,0" doraHai="8" doraHaiUra="39" who="0" fromWho="1" sc="198,65,302,-55,250,0,240,0" /><INIT seed="2,0,0,4,3,91" ten="263,247,250,240" oya="2" hai0="28,120,83,106,101,99,127,73,131,103,63,69,80" hai1="6,122,38,31,77,16,94,60,8,1,71,3,43" hai2="51,72,132,112,135,124,82,108,62,65,2,48,36" hai3="126,25,75,130,53,92,123,102,37,29,12,24,125"/><V121/><F112/><W84/><G75/><T76/><D120/><U46/><E122/><V85/><F121/><W89/><G123/><T67/><D131/><U58/><E31/><V26/><F2/><W93/><G130/><T98/><D127/><N who="3" m="48649" /><G37/><T49/><D83/><U56/><E1/><V97/><F124/><W88/><G102/><T20/><D49/><U79/><E71/><V107/><F72/><W111/><G111/><T113/><D113/><U54/><E58/><V100/><F36/><W70/><G70/><T104/><D20/><U110/><E110/><V32/><F108/><W52/><G12/><T95/><REACH who="0" step="1"/><D28/><REACH who="0" ten="253,247,250,240" step="2"/><U87/><REACH who="1" step="1"/><E16/><REACH who="1" ten="253,237,250,240" step="2"/><V114/><F114/><W81/><G24/><T55/><D55/><U78/><E78/><V50/><F135/><W133/><G133/><T5/><D5/><U119/><E119/><V47/><F132/><W129/><G129/><T41/><D41/><U42/><E42/><V21/><F32/><N who="3" m="20527" /><G81/><T15/><D15/><U74/><E74/><V9/><F82/><W34/><G34/><T18/><D18/><U128/><E128/><V44/><F44/><W39/><G39/><T22/><D22/><U61/><E61/><V64/><F47/><W7/><G7/><T35/><D35/><U109/><E109/><V59/><F62/><W0/><G0/><T45/><D45/><U68/><E68/><V27/><F21/><W14/><G14/><T116/><D116/><U4/><E4/><V10/><F10/><W134/><G134/><T96/><D96/><AGARI ba="0,2" hai="52,53,84,88,89,92,93,96" m="20527,48649" machi="96" ten="30,8000,1" yaku="18,1,52,2,54,2" doraHai="91" who="3" fromWho="0" sc="253,-80,237,0,250,0,240,100" /><INIT seed="3,0,0,1,4,32" ten="173,237,250,340" oya="3" hai0="115,107,20,104,64,40,24,30,28,70,89,93,79" hai1="88,69,31,39,128,68,129,22,11,87,97,1,82" hai2="47,14,73,112,71,90,109,106,9,125,27,83,117" hai3="103,78,102,37,6,120,110,122,5,85,126,51,33"/><W65/><G37/><T94/><D115/><U35/><E35/><V76/><F117/><W133/><G33/><T84/><D70/><U34/><E34/><V16/><F112/><W99/><G65/><T100/><D104/><U38/><E97/><V57/><F109/><W41/><G110/><T86/><D107/><U113/><E113/><V123/><F71/><N who="1" m="27209" /><E31/><V0/><F123/><W111/><G111/><T53/><D64/><U4/><E22/><V105/><F125/><W60/><G60/><T108/><D108/><U91/><E91/><V29/><F0/><W13/><G133/><T135/><D135/><U132/><E132/><V134/><F134/><W26/><G26/><T118/><D118/><U121/><E121/><V119/><F119/><W8/><G103/><T18/><D40/><U58/><E58/><V124/><F124/><W62/><G62/><T36/><D36/><U81/><E81/><V10/><F29/><W21/><G21/><T3/><D3/><U66/><E66/><V43/><F27/><W23/><G23/><T63/><D100/><U77/><E88/><V72/><F90/><W96/><G96/><T42/><D42/><U61/><E61/><V12/><F43/><W116/><G99/><T92/><D79/><U101/><E101/><V48/><F76/><W7/><G78/><T67/><D67/><U59/><E59/><V17/><F57/><W52/><G116/><T56/><REACH who="0" step="1"/><D86/><REACH who="0" ten="163,237,250,340" step="2"/><U54/><E39/><V2/><F106/><W45/><G85/><T98/><D98/><U75/><E38/><V46/><F105/><W127/><G127/><RYUUKYOKU ba="0,1" sc="163,30,237,-10,250,-10,340,-10" hai0="18,20,24,28,30,53,56,63,84,89,92,93,94" owari="193,-30.7,227,-17.3,240,4.0,340,44.0" /></mjloggm>