<mjloggm ver="2.3"><GO type="225" lobby="0"/><UN n0="%72%69%6F%75%63%68%61%6E" n1="%E6%A1%9C%E8%8A%B1%E9%96%83%E3%80%85" n2="%E3%81%86%E3%83%BC%E3%81%B1%E3%83%BC" n3="%E3%82%A2%E3%82%A4%E3%82%B9%E3%83%86%E3%82%A3%E3%83%BC%E3%81%82%E3%81%B9" dan="16,16,17,16" rate="2151.00,2116.39,2226.61,2086.98" sx="M,M,F,M"/><TAIKYOKU oya="0"/><INIT seed="0,0,0,4,0,99" ten="250,250,250,250" oya="0" hai0="44,130,82,55,63,56,108,132,61,11,103,33,114" hai1="59,133,47,102,17,28,113,72,4,92,8,117,85" hai2="118,128,32,53,37,124,22,49,129,45,60,80,15" hai3="25,67,40,2,69,43,71,39,16,127,35,119,20"/><T7/><D114/><U126/><E117/><V81/><F32/><W51/><G119/><T19/><D130/><N who="2" m="50282" /><F118/><W57/><G2/><T13/><D132/><U9/><E72/><V95/><F124/><W125/><G35/><T23/><D108/><U111/><E111/><V21/><F37/><W110/><G110/><T98/><D33/><U24/><E126/><N who="3" m="48138" /><G39/><T50/><D82/><U101/><E133/><V58/><F95/><W12/><G25/><T36/><D36/><U46/><E59/><V77/><F15/><W88/><G88/><T34/><D34/><U6/><E28/><V123/><F123/><W54/><G67/><T0/><REACH who="0" step="1"/><D56/><REACH who="0" ten="240,250,250,250" step="2"/><U70/><E113/><V97/><F80/><W41/><AGARI ba="0,1" hai="12,16,20,40,41,43,51,54,57,69,71" m="48138" machi="41" ten="30,2000,0" yaku="18,1,54,1" doraHai="99" who="3" fromWho="3" sc="240,-10,250,-5,250,-5,250,30" /><INIT seed="1,0,0,4,3,111" ten="230,245,245,280" oya="1" hai0="66,16,14,80,6,24,49,52,68,87,67,43,29" hai1="102,44,69,30,83,55,35,9,99,27,64,118,21" hai2="96,97,132,7,50,28,109,39,71,33,86,42,123" hai3="18,36,81,103,82,32,75,115,119,108,40,130,77"/><U93/><E118/><V60/><F123/><W120/><G108/><T78/><D43/><U8/><E83/><V17/><F39/><W131/><G32/><T53/><D6/><U37/><E21/><V2/><F96/><W56/><G120/><T76/><D76/><U26/><E26/><V104/><F86/><W38/><G103/><T124/><D124/><U121/><E121/><V126/><F17/><W89/><G119/><T113/><D113/><U23/><E23/><V5/><F2/><W19/><G56/><T47/><D68/><U84/><E84/><V128/><F128/><N who="3" m="49195" /><G115/><T65/><D24/><U70/><E55/><V101/><F132/><W92/><G82/><T4/><D29/><U61/><REACH who="1" step="1"/><E69/><REACH who="1" ten="230,235,245,280" step="2"/><V58/><F109/><W133/><G133/><T112/><D112/><U11/><E11/><V85/><F85/><N who="3" m="52271" /><G40/><AGARI ba="0,1" hai="8,9,27,30,35,37,40,44,61,64,70,93,99,102" machi="40" ten="40,2000,0" yaku="1,1,53,0" doraHai="111" doraHaiUra="110" who="1" fromWho="3" sc="230,0,235,30,245,0,280,-20" /><INIT seed="1,1,0,5,1,97" ten="230,265,245,260" oya="1" hai0="16,102,107,63,65,62,42,28,30,51,84,26,31" hai1="56,82,35,10,110,117,24,103,120,33,38,87,46" hai2="59,134,47,60,66,40,129,125,108,36,4,9,39" hai3="17,48,6,78,27,118,79,80,68,53,116,101,8"/><U14/><E117/><N who="3" m="45162" /><G68/><T32/><D84/><U72/><E120/><V133/><F108/><W7/><G101/><T128/><D128/><U121/><E121/><V73/><F73/><N who="3" m="43087" /><G79/><T105/><D102/><U0/><E56/><V58/><F125/><W69/><G69/><T124/><D124/><U132/><E132/><N who="2" m="50795" /><F129/><W21/><G8/><T74/><D74/><U92/><E72/><V115/><F115/><W34/><G34/><T90/><D90/><U37/><E35/><V127/><F127/><W104/><G104/><T44/><D63/><U122/><E10/><V29/><F29/><W109/><G109/><T2/><D2/><U5/><E33/><V25/><F25/><W131/><G131/><T88/><D88/><U12/><E24/><V95/><F95/><W49/><G49/><T91/><D91/><U64/><E92/><V13/><F39/><W50/><G50/><T18/><D32/><U20/><E38/><V22/><F22/><W61/><G61/><T54/><D26/><U3/><E37/><V57/><AGARI ba="1,0" hai="4,9,13,36,40,47,57,58,59,60,66" m="50795" machi="57" ten="30,1100,0" yaku="20,1" doraHai="97" who="2" fromWho="2" sc="230,-4,265,-6,245,14,260,-4" /><INIT seed="2,0,0,3,5,44" ten="226,259,259,256" oya="2" hai0="8,1,55,71,50,134,49,57,110,99,135,26,130" hai1="116,28,93,32,4,27,66,35,89,114,70,95,46" hai2="98,123,30,41,126,117,132,63,74,104,15,0,133" hai3="3,76,78,2,45,12,80,64,25,56,14,119,96"/><V106/><F0/><W22/><G119/><T23/><D110/><U72/><E114/><V6/><F123/><W112/><G112/><T109/><D109/><U17/><E116/><V29/><F74/><W107/><G2/><T62/><D130/><U92/><E72/><V48/><F63/><W85/><G3/><T67/><D99/><U59/><E4/><V86/><F86/><W121/><G78/><T87/><D87/><U53/><E70/><V42/><F126/><W108/><G121/><T83/><D83/><U37/><E35/><V20/><F117/><W58/><G107/><T69/><D69/><U103/><E66/><V36/><F36/><W60/><G96/><T77/><D77/><U13/><E46/><N who="2" m="25679" /><F42/><W11/><G108/><T100/><D100/><U24/><E37/><V19/><F6/><W9/><G45/><T33/><D33/><U21/><E103/><N who="2" m="62583" /><F106/><W81/><G81/><T34/><D34/><U105/><E105/><V94/><F94/><W16/><G58/><T5/><REACH who="0" step="1"/><D49/><REACH who="0" ten="216,259,259,256" step="2"/><U97/><E27/><V131/><F131/><W113/><G113/><T75/><D75/><U115/><E115/><V111/><F111/><W61/><G61/><AGARI ba="0,1" hai="13,17,21,24,28,32,53,59,61,89,92,93,95,97" machi="61" ten="30,1000,0" yaku="7,1" doraHai="44" who="1" fromWho="3" sc="216,0,259,20,259,0,256,-10" /><INIT seed="3,0,0,4,3,131" ten="216,279,259,246" oya="3" hai0="110,123,77,99,135,119,71,49,79,73,133,32,84" hai1="69,92,31,43,14,76,64,19,104,114,58,36,125" hai2="26,96,59,81,89,56,27,51,86,113,111,94,12" hai3="75,0,9,29,61,100,44,87,35,127,106,55,53"/><W1/><G75/><T42/><D119/><U4/><E104/><V72/><F113/><W91/><G127/><T118/><D118/><U83/><E69/><V120/><F72/><W17/><G35/><T34/><D123/><U122/><E31/><V82/><F111/><W98/><G29/><T45/><D110/><U105/><E105/><V93/><F12/><W57/><G17/><T132/><D71/><U95/><E4/><V22/><F26/><W115/><G115/><T54/><D73/><U13/><E13/><V48/><F59/><W74/><G74/><T65/><D65/><U52/><E64/><V40/><F120/><W23/><G23/><T28/><D99/><U112/><E125/><V6/><F6/><W46/><G9/><T66/><D66/><U107/><E107/><V117/><F51/><W41/><G55/><T126/><D126/><U109/><E109/><V80/><F117/><W16/><G16/><T8/><D8/><N who="1" m="6599" /><E122/><V121/><F121/><W5/><G5/><T47/><D84/><N who="1" m="48231" /><E43/><V20/><F27/><W88/><G91/><T37/><D32/><U128/><E36/><V11/><F11/><W85/><G85/><T97/><D97/><U129/><E114/><V63/><F40/><W18/><G18/><T102/><D102/><U10/><E10/><V68/><F68/><W67/><G67/><T50/><D37/><U7/><E7/><V33/><F33/><W60/><G61/><T78/><D34/><U3/><E112/><V62/><F63/><W21/><G41/><N who="0" m="24751" /><D28/><U70/><E3/><N who="3" m="1098" /><G21/><T38/><D38/><U25/><E129/><RYUUKYOKU ba="0,0" sc="216,15,279,-15,259,-15,246,15" hai0="42,47,50,54,77,78,79,132,133,135" hai3="44,46,53,57,60,87,88,98,100,106" /><INIT seed="3,1,0,4,2,21" ten="231,264,244,261" oya="3" hai0="124,27,102,122,0,35,82,46,85,105,8,53,69" hai1="54,103,50,78,118,107,132,14,73,48,104,109,45" hai2="16,25,36,114,128,113,44,55,31,71,4,126,51" hai3="84,91,28,108,133,37,67,76,72,32,90,33,34"/><W94/><G37/><T5/><D122/><U79/><E109/><V93/><F71/><W116/><G116/><T127/><D69/><U65/><E132/><V77/><F36/><W121/><G121/><T59/><D46/><U135/><E135/><V47/><F4/><W17/><G133/><T20/><D35/><U61/><E118/><V89/><F77/><W6/><G6/><T49/><D102/><U39/><E50/><V101/><F101/><W134/><G134/><T40/><D105/><U96/><E104/><V92/><F128/><W13/><G67/><T80/><D40/><U38/><E79/><V97/><F126/><N who="0" m="48170" /><D85/><U64/><E64/><V15/><F47/><W63/><G63/><T30/><AGARI ba="1,0" hai="0,5,8,20,27,30,49,53,59,80,82" m="48170" machi="30" ten="30,2000,0" yaku="18,1,52,1" doraHai="21" who="0" fromWho="0" sc="231,23,264,-6,244,-6,261,-11" /><INIT seed="4,0,0,0,3,60" ten="254,258,238,250" oya="0" hai0="8,49,94,123,67,53,91,77,30,69,55,33,13" hai1="0,119,22,10,87,29,131,100,24,105,65,108,68" hai2="106,126,78,12,44,21,111,38,135,58,14,50,82" hai3="133,3,98,83,18,9,39,99,122,61,103,63,134"/><T102/><D123/><U45/><E108/><V15/><F111/><W124/><G39/><T62/><D77/><U130/><E87/><V26/><F126/><W93/><G124/><T75/><D75/><U115/><E45/><V80/><F106/><W88/><G122/><T114/><D114/><U97/><E119/><V19/><F135/><N who="3" m="51723" /><G83/><N who="2" m="31785" /><F38/><W73/><G73/><T41/><D102/><U70/><E115/><V86/><F58/><W95/><G18/><T7/><D30/><U76/><E76/><V48/><F78/><W107/><G95/><T37/><D33/><U96/><E96/><V4/><F86/><W120/><G120/><T32/><D32/><U35/><E22/><V127/><F127/><W64/><G64/><T74/><D74/><U121/><E121/><V20/><F4/><AGARI ba="0,0" hai="3,4,9,61,63,88,93,98,99,103,107" m="51723" machi="4" ten="30,2000,0" yaku="20,1,54,1" doraHai="60" who="3" fromWho="2" sc="254,0,258,0,238,-20,250,20" /><INIT seed="5,0,0,0,5,22" ten="254,258,218,270" oya="1" hai0="34,124,128,88,104,113,41,14,0,79,127,23,42" hai1="81,38,2,126,64,72,109,125,49,122,121,44,19" hai2="40,7,90,10,130,36,33,11,43,80,53,119,29" hai3="65,20,77,63,111,106,117,9,18,86,83,52,21"/><U57/><E2/><V96/><F119/><W131/><G106/><T89/><D113/><U45/><E19/><V16/><F36/><W98/><G111/><T70/><D34/><U76/><E109/><V84/><F130/><W60/><G131/><T101/><D0/><U97/><E97/><V4/><F33/><W114/><G114/><T120/><D128/><U28/><E28/><V48/><F96/><W93/><G117/><T24/><D70/><U108/><E108/><V78/><F29/><W100/><G63/><T129/><D129/><U6/><E6/><N who="2" m="2091" /><F78/><W110/><G110/><T75/><D120/><U25/><E38/><V47/><F10/><W102/><G100/><T3/><D3/><U26/><E122/><V54/><F53/><W134/><G134/><T17/><D101/><U30/><E30/><V132/><F132/><W12/><REACH who="3" step="1"/><G52/><REACH who="3" ten="254,258,218,260" step="2"/><T58/><D104/><U55/><E121/><V27/><F27/><N who="1" m="10249" /><E64/><V15/><AGARI ba="0,1" hai="11,15,16,40,43,47,48,54,80,84,90" m="2091" machi="15" ten="30,4000,0" yaku="25,1,8,1,54,1" doraHai="22" who="2" fromWho="2" sc="254,-10,258,-20,218,50,260,-10" /><INIT seed="6,0,0,4,1,61" ten="244,238,268,250" oya="2" hai0="91,122,19,74,126,24,135,5,81,53,2,87,73" hai1="7,80,75,115,31,63,83,8,16,90,133,4,111" hai2="97,20,37,67,68,103,119,96,22,125,64,42,100" hai3="116,117,98,50,41,59,76,94,28,43,29,86,65"/><V6/><F119/><W109/><G109/><T10/><D122/><U57/><E111/><V40/><F68/><W13/><G117/><T93/><D126/><U55/><E115/><V36/><F6/><N who="1" m="2089" /><E75/><V129/><F129/><W82/><G116/><T3/><D135/><U113/><E113/><V23/><F20/><W70/><G70/><T69/><D2/><U107/><E107/><V60/><F60/><N who="3" m="38047" /><G13/><T25/><D69/><U48/><E31/><N who="3" m="11850" /><G50/><T127/><D127/><AGARI ba="0,0" hai="22,23,36,37,40,42,64,67,96,97,100,103,125,127" machi="127" ten="25,9600,0" yaku="22,2,52,2" doraHai="61" who="2" fromWho="0" sc="244,-96,238,0,268,96,250,0" owari="148,-35.2,238,-16.2,364,46.4,250,5.0" /></mjloggm>