<mjloggm ver="2.3"><GO type="225" lobby="0"/><UN n0="%E8%81%B7%E6%A5%AD%E3%80%81%E9%A2%A8%32" n1="%E3%83%AD%E3%83%83%E3%83%86%E9%9B%80%E7%90%83" n2="%53%61%63%68%69%30%34" n3="%73%69%72%6F%75%74" dan="16,17,16,16" rate="2095.47,2270.00,2073.00,2164.64" sx="M,M,M,M"/><TAIKYOKU oya="0"/><INIT seed="0,0,0,2,3,60" ten="250,250,250,250" oya="0" hai0="123,34,19,66,45,52,32,87,114,11,64,71,16" hai1="95,22,120,113,111,42,25,8,13,4,23,131,85" hai2="70,35,117,54,134,62,132,43,21,128,7,102,39" hai3="56,118,116,109,59,29,106,80,112,55,6,135,49"/><T119/><D114/><U24/><E120/><V99/><F35/><W78/><G106/><T76/><D119/><U48/><E111/><V127/><F7/><W107/><G107/><T63/><D123/><U129/><E42/><V97/><F117/><W41/><G112/><T31/><D32/><U101/><E113/><V2/><F2/><W0/><G29/><T105/><D105/><U61/><E48/><V12/><F128/><N who="1" m="49225" /><E61/><V122/><F127/><W89/><G89/><T104/><D104/><U38/><E38/><V115/><F43/><W125/><G109/><T84/><D34/><U100/><E85/><V73/><F62/><W57/><G41/><T108/><D108/><U15/><E95/><V93/><F93/><W83/><G83/><T82/><D31/><N who="1" m="17815" /><E15/><V90/><F12/><W9/><G125/><T47/><D71/><U18/><AGARI ba="0,0" hai="4,8,13,18,23,25,100,101" m="17815,49225" machi="18" ten="30,1100,0" yaku="19,1" doraHai="60" who="1" fromWho="1" sc="250,-5,250,11,250,-3,250,-3" /><INIT seed="1,0,0,1,0,109" ten="245,261,247,247" oya="1" hai0="62,113,3,5,27,118,84,123,92,69,77,70,82" hai1="52,121,99,78,127,81,131,129,115,61,38,108,42" hai2="85,73,29,26,0,103,50,8,83,10,134,53,75" hai3="47,102,94,63,130,34,110,45,68,30,39,86,64"/><U114/><E121/><V90/><F134/><W1/><G110/><T79/><D118/><U89/><E108/><V16/><F103/><W36/><G1/><T11/><D123/><U112/><E127/><V58/><F0/><W124/><G34/><T95/><D113/><U122/><E122/><V66/><F66/><W87/><G30/><T15/><D3/><U105/><E42/><V31/><F31/><W24/><G24/><T60/><D69/><U32/><E38/><V74/><REACH who="2" step="1"/><F16/><REACH who="2" ten="245,261,237,247" step="2"/><W132/><G132/><T40/><D70/><U120/><E120/><V18/><F18/><W56/><G68/><T28/><D28/><U14/><E14/><V25/><F25/><W49/><G102/><T41/><D27/><U71/><E71/><V91/><F91/><W23/><G64/><T126/><D15/><U43/><E89/><V4/><F4/><W57/><G124/><T22/><D5/><U67/><E67/><V117/><F117/><W96/><G23/><AGARI ba="0,1" hai="8,10,23,26,29,50,53,58,73,74,75,83,85,90" machi="23" ten="40,2600,0" yaku="1,1,53,1" doraHai="109" doraHaiUra="46" who="2" fromWho="3" sc="245,0,261,0,237,36,247,-26" /><INIT seed="2,0,0,1,0,106" ten="245,261,273,221" oya="2" hai0="133,75,108,80,28,13,15,124,36,135,48,47,19" hai1="25,10,66,68,31,99,23,40,98,132,46,26,79" hai2="113,3,7,30,112,71,59,11,41,91,127,85,73" hai3="101,18,95,67,120,54,107,105,97,49,12,78,128"/><V121/><F121/><W1/><G128/><T32/><D108/><U100/><E132/><N who="0" m="50761" /><D124/><U61/><E79/><V96/><F71/><W39/><G39/><T44/><D36/><U117/><E117/><V109/><F127/><W17/><G1/><T4/><D4/><U122/><E122/><V87/><F73/><W115/><G115/><T38/><D38/><U83/><E83/><V125/><F125/><W51/><G120/><T6/><D6/><U74/><E74/><V2/><F2/><W5/><G67/><T20/><D15/><U55/><E55/><V0/><F0/><W129/><G129/><T82/><D75/><U118/><E10/><V76/><F41/><W110/><G110/><T14/><D14/><U52/><E40/><V94/><F109/><W119/><G119/><T130/><D47/><U57/><E46/><V16/><F30/><W65/><G65/><T131/><D130/><U72/><E72/><V33/><F7/><W64/><G64/><T116/><D116/><U126/><E118/><V24/><F3/><W81/><G5/><T69/><D69/><U102/><E26/><V45/><F45/><W50/><G54/><N who="0" m="29959" /><D131/><U123/><E123/><V21/><F112/><W70/><G70/><T53/><D53/><U90/><E126/><V92/><F24/><AGARI ba="0,0" hai="13,19,20,24,28,32,80,82" m="29959,50761" machi="24" ten="30,1000,0" yaku="20,1" doraHai="106" who="0" fromWho="2" sc="245,10,261,0,273,-10,221,0" /><INIT seed="3,0,0,1,0,121" ten="255,261,263,221" oya="3" hai0="132,72,120,127,50,71,40,125,9,44,103,74,82" hai1="85,36,106,53,14,97,70,2,13,115,57,113,12" hai2="94,41,46,129,67,3,8,104,83,32,1,114,59" hai3="117,101,110,135,20,30,25,37,133,24,118,78,119"/><W58/><G37/><T107/><D120/><U100/><E70/><V91/><F104/><W43/><G43/><T64/><D132/><N who="3" m="50761" /><G78/><T6/><D64/><U130/><E2/><V55/><F114/><W73/><G73/><T66/><D66/><U87/><E36/><V69/><F32/><N who="3" m="20551" /><G101/><T56/><D71/><U26/><E26/><V81/><F129/><W68/><G68/><T111/><D111/><U79/><E130/><V51/><F67/><W28/><G58/><T4/><D56/><U48/><E79/><V90/><F90/><W39/><G39/><T31/><D31/><U33/><E33/><V21/><F69/><W47/><G47/><T16/><D74/><U124/><E124/><N who="0" m="47689" /><D82/><U108/><E108/><AGARI ba="0,0" hai="20,25,28,108,110,117,118,119" m="20551,50761" machi="108" ten="40,12000,1" yaku="20,1,34,2,52,2" doraHai="121" who="3" fromWho="1" sc="255,0,261,-120,263,0,221,120" owari="255,-14.5,141,-35.9,263,6.3,341,44.1" /></mjloggm>