<mjloggm ver="2.3"><GO type="225" lobby="0"/><UN n0="%6D%75%75%6D%75%72%61" n1="%E3%81%9F%E3%81%A3%E3%81%A1%E3%82%87" n2="%E4%B8%89%E5%86%A0%E7%8E%8B%E3%83%BB%E5%B1%B1%E7%94%B0%E5%93%B2%E4%BA%BA" n3="%E5%84%AA%40%41%42%43" dan="16,16,17,17" rate="2089.26,2100.47,2210.78,2217.62" sx="F,M,M,M"/><TAIKYOKU oya="0"/><INIT seed="0,0,0,5,2,107" ten="250,250,250,250" oya="0" hai0="43,66,110,105,61,88,87,91,8,64,30,11,73" hai1="67,14,9,17,57,112,106,108,26,126,5,94,3" hai2="49,0,72,58,135,80,99,100,25,98,83,76,21" hai3="89,79,127,55,47,71,70,39,24,45,103,115,54"/><T62/><D105/><U77/><E106/><V82/><F0/><W113/><G79/><T118/><D118/><U122/><E122/><V111/><F111/><W28/><G24/><T93/><D110/><U125/><E108/><V101/><F135/><W56/><G28/><T102/><D30/><U129/><E77/><V92/><F49/><N who="3" m="28975" /><G89/><T120/><D120/><U121/><E121/><V41/><F41/><N who="3" m="22975" /><G103/><T16/><D43/><U59/><E129/><V27/><F58/><W40/><G40/><T48/><D48/><U13/><E57/><V15/><F15/><W23/><G23/><T68/><D102/><U75/><E94/><V44/><F27/><W10/><G10/><T46/><D46/><U53/><E26/><V33/><F44/><W74/><G74/><T116/><D116/><U132/><E3/><V117/><F33/><W114/><G127/><N who="1" m="48650" /><E75/><V134/><F117/><W52/><G55/><T50/><D50/><AGARI ba="0,0" hai="50,52,56,70,71,113,114,115" m="22975,28975" machi="50" ten="30,3900,0" yaku="34,2,54,1" doraHai="107" who="3" fromWho="0" sc="250,-39,250,0,250,0,250,39" /><INIT seed="1,0,0,3,3,106" ten="211,250,250,289" oya="1" hai0="62,87,135,73,99,131,93,82,64,119,95,21,53" hai1="30,1,134,121,76,20,117,129,68,114,22,18,133" hai2="86,88,19,15,77,52,41,83,27,122,97,132,17" hai3="75,90,5,24,91,49,126,92,58,59,35,37,100"/><U47/><E68/><V39/><F122/><W54/><G37/><T103/><D119/><U44/><E121/><V48/><F132/><N who="1" m="50793" /><E117/><V32/><F39/><W85/><G75/><T120/><D135/><U109/><E76/><V108/><F108/><W101/><G126/><T46/><D120/><U113/><E109/><V105/><F41/><W78/><G78/><T128/><D73/><U56/><E56/><V40/><F40/><W11/><G24/><T7/><D95/><U124/><E124/><V31/><F15/><N who="3" m="5615" /><G35/><T55/><D7/><U16/><E44/><V36/><F36/><W80/><G58/><T116/><D116/><U79/><E79/><V115/><F115/><N who="1" m="44041" /><E47/><V127/><F127/><W112/><G112/><T71/><D21/><N who="1" m="8299" /><E1/><V57/><REACH who="2" step="1"/><F77/><REACH who="2" ten="211,250,240,289" step="2"/><W45/><G45/><T60/><D46/><U13/><E13/><V110/><F110/><W4/><G4/><T70/><D53/><U125/><E125/><V26/><F26/><W67/><G67/><T118/><D118/><U66/><E66/><V12/><F12/><W102/><G90/><T130/><D55/><U43/><E43/><V23/><F23/><W72/><G72/><T111/><D111/><U50/><E30/><V25/><F25/><W94/><AGARI ba="0,1" hai="49,54,59,80,85,91,92,94,100,101,102" m="5615" machi="94" ten="30,1100,0" yaku="8,1" doraHai="106" who="3" fromWho="3" sc="211,-3,250,-5,240,-3,289,21" /><INIT seed="2,0,0,1,1,134" ten="208,245,237,310" oya="2" hai0="26,33,57,23,37,119,93,91,53,43,103,98,30" hai1="106,68,81,101,14,82,61,52,32,121,92,74,133" hai2="34,60,108,130,109,39,38,29,76,132,9,72,120" hai3="73,5,125,96,44,35,0,124,18,116,47,99,64"/><V54/><F120/><W100/><G116/><T2/><D119/><U88/><E133/><V21/><F132/><W84/><G73/><T12/><D2/><U115/><E115/><V135/><F135/><W75/><G75/><T122/><D122/><U6/><E32/><V63/><F34/><W46/><G35/><T102/><D37/><U65/><E121/><V126/><F130/><W62/><G84/><T110/><D43/><U79/><E81/><N who="2" m="45191" /><F9/><N who="3" m="2215" /><G18/><T117/><D110/><N who="2" m="42602" /><F126/><N who="3" m="48747" /><G100/><T123/><D117/><U127/><E127/><V97/><F97/><W42/><G42/><T80/><D123/><U89/><E14/><V49/><F29/><W4/><G4/><T41/><D41/><U7/><E6/><V19/><F39/><W128/><G128/><T55/><D80/><U16/><E7/><V22/><F38/><W20/><G20/><N who="2" m="7785" /><F19/><W105/><G105/><T3/><D3/><U118/><E16/><V40/><F40/><W83/><G83/><T78/><D33/><U8/><E106/><V51/><F51/><W13/><G13/><T129/><D12/><U111/><E118/><V112/><F112/><W104/><G104/><T28/><D28/><U36/><E36/><V1/><F1/><W10/><G10/><T27/><D129/><U85/><E8/><V11/><F11/><W50/><G50/><T17/><D17/><U94/><E111/><V113/><F113/><W45/><N who="3" m="11264" /><DORA hai="70" /><W71/><AGARI ba="0,0" hai="62,64,71,96,99" m="11264,48747,2215" machi="71" ten="50,8000,1" yaku="4,1,18,1,52,3" doraHai="134,70" who="3" fromWho="3" sc="208,-20,245,-20,237,-40,310,80" /><INIT seed="3,0,0,2,2,27" ten="188,225,197,390" oya="3" hai0="133,7,78,63,15,8,56,106,53,85,17,98,47" hai1="26,131,51,86,93,108,43,33,119,102,2,100,103" hai2="79,46,130,113,107,66,34,94,62,125,96,129,16" hai3="114,40,37,1,101,52,13,83,24,88,92,64,104"/><W69/><G1/><T127/><D133/><U32/><E2/><V23/><F113/><W42/><G37/><T39/><D127/><U45/><E108/><V91/><F34/><W57/><G104/><T4/><D106/><U54/><E131/><N who="2" m="50187" /><F107/><W67/><G69/><T72/><D72/><U74/><E74/><V59/><F46/><W115/><G101/><T117/><D117/><U132/><E54/><V11/><F79/><W118/><G83/><N who="0" m="47351" /><D39/><U84/><E93/><V97/><F125/><W68/><G24/><T31/><D98/><U87/><E26/><N who="2" m="14695" /><F11/><W5/><G68/><T12/><D31/><U77/><E119/><V18/><F18/><W120/><G118/><T75/><D75/><U121/><E132/><V80/><F80/><W22/><G120/><T55/><D12/><U71/><E121/><V58/><F97/><N who="3" m="57479" /><G115/><T109/><D109/><U49/><E71/><AGARI ba="0,0" hai="58,59,62,66,71,91,94,96" m="14695,50187" machi="71" ten="30,2000,0" yaku="19,1,54,1" doraHai="27" who="2" fromWho="1" sc="188,0,225,-20,197,20,390,0" owari="188,-31.2,205,-19.5,217,1.7,390,49.0" /></mjloggm>