<mjloggm ver="2.3"><GO type="225" lobby="0"/><UN n0="%33%74%72%65%65" n1="%E6%A1%9C%E8%8A%B1%E9%96%83%E3%80%85" n2="%E5%B8%86%E7%AB%8B%E5%A4%8F%E8%A1%A3" n3="%6D%75%75%6D%75%72%61" dan="17,17,17,17" rate="2232.12,2193.82,2137.04,2225.62" sx="F,M,M,F"/><TAIKYOKU oya="0"/><INIT seed="0,0,0,5,0,67" ten="250,250,250,250" oya="0" hai0="135,101,42,47,130,79,40,94,44,7,128,102,76" hai1="109,14,12,69,104,35,26,1,90,88,24,73,74" hai2="15,125,50,23,133,39,116,107,134,75,80,118,122" hai3="52,78,82,19,77,29,54,17,8,43,59,62,129"/><T3/><D7/><U119/><E104/><V63/><F39/><W72/><G129/><N who="0" m="49771" /><D3/><U66/><E66/><V60/><F107/><W36/><G77/><N who="0" m="29771" /><D94/><U57/><E57/><V0/><F0/><W93/><G29/><T100/><D135/><N who="2" m="51722" /><F80/><W85/><G36/><T65/><D65/><U2/><E109/><V81/><F81/><W13/><G43/><AGARI ba="0,0" hai="40,42,43,44,47,100,101,102" m="29771,49771" machi="43" ten="40,7700,0" yaku="28,2,19,1" doraHai="67" who="0" fromWho="3" sc="250,77,250,0,250,0,250,-77" /><INIT seed="0,1,0,1,4,75" ten="327,250,250,173" oya="0" hai0="76,115,29,7,65,77,34,83,68,61,44,31,107" hai1="90,102,98,66,92,39,126,87,99,72,17,46,121" hai2="129,57,19,128,22,100,96,25,45,9,130,4,16" hai3="53,63,0,89,47,93,33,28,70,85,105,6,55"/><T37/><D115/><U111/><E121/><V123/><F123/><W12/><G105/><T84/><D7/><U32/><E32/><V119/><F119/><W94/><G0/><T133/><D133/><U88/><E72/><V11/><F45/><W125/><G125/><T113/><D113/><U59/><E126/><V110/><F110/><W135/><G135/><T97/><D37/><U79/><E111/><V62/><F19/><W50/><G33/><T114/><D114/><U67/><E39/><V86/><F86/><W42/><G28/><T64/><D64/><U71/><E71/><V43/><F43/><W120/><G120/><T78/><D44/><U74/><E74/><V26/><F26/><W3/><G3/><T60/><D60/><U54/><E46/><V117/><F117/><W8/><REACH who="3" step="1"/><G94/><REACH who="3" ten="327,250,250,163" step="2"/><T116/><D116/><U35/><E35/><V80/><F129/><W30/><G30/><T24/><D31/><U38/><E38/><V18/><F128/><W118/><G118/><T14/><D14/><U5/><E92/><V112/><F130/><W21/><G21/><T81/><D81/><U82/><E5/><V48/><F4/><W58/><G58/><T122/><D122/><U41/><E59/><V108/><F108/><W40/><G40/><T27/><D27/><U15/><E41/><V52/><F112/><W10/><G10/><T127/><D127/><U56/><E56/><V104/><F11/><W2/><G2/><T134/><D134/><U49/><E15/><N who="2" m="7279" /><F80/><W13/><G13/><T73/><D73/><U20/><E82/><V132/><F132/><RYUUKYOKU ba="1,1" sc="327,10,250,-30,250,10,163,10" hai0="24,29,34,61,65,68,76,77,78,83,84,97,107" hai2="18,22,25,48,52,57,62,96,100,104" hai3="6,8,12,42,47,50,53,55,63,70,85,89,93" /><INIT seed="0,2,1,4,4,87" ten="337,220,260,173" oya="0" hai0="76,92,50,16,130,103,39,111,98,95,83,63,30" hai1="60,40,38,20,112,79,65,91,33,90,120,24,4" hai2="47,52,72,55,10,21,117,122,58,133,64,23,67" hai3="41,97,46,86,54,44,100,110,31,2,127,128,108"/><T69/><D39/><U35/><E120/><V119/><F122/><W9/><G127/><T124/><D124/><U0/><E79/><V102/><F72/><W66/><G128/><T96/><D130/><U89/><E112/><V62/><F133/><W15/><G2/><T134/><D134/><U131/><E131/><V114/><F114/><W71/><G31/><T56/><D30/><U104/><E104/><V115/><F115/><W93/><G54/><T116/><D116/><N who="2" m="44618" /><F102/><W8/><G86/><T3/><D3/><U13/><E13/><V80/><F80/><W37/><G44/><T36/><D36/><U75/><E75/><V121/><F10/><W105/><G105/><T45/><D69/><U118/><E118/><V19/><F23/><W57/><G71/><T81/><D76/><U49/><E38/><V84/><F84/><W6/><REACH who="3" step="1"/><G9/><REACH who="3" ten="337,220,260,163" step="2"/><T51/><D45/><U70/><E40/><V22/><F121/><W42/><G42/><T11/><D11/><U78/><E0/><V88/><F47/><W5/><G5/><T106/><D106/><U29/><E4/><V109/><F55/><W77/><G77/><T59/><D96/><U129/><E129/><V68/><F68/><W34/><G34/><T125/><D98/><U32/><REACH who="1" step="1"/><E78/><REACH who="1" ten="337,210,260,163" step="2"/><V25/><F22/><W18/><G18/><T113/><D16/><U132/><E132/><V94/><F109/><W99/><G99/><T7/><D111/><U74/><E74/><V85/><AGARI ba="2,3" hai="19,21,25,52,58,62,64,67,85,88,94" m="44618" machi="85" ten="30,7900,0" yaku="12,1,52,1,54,2" doraHai="87" who="2" fromWho="2" sc="337,-41,210,-22,260,115,163,-22" /><INIT seed="1,0,0,0,2,46" ten="296,188,375,141" oya="1" hai0="49,125,57,16,119,25,65,58,98,9,95,12,106" hai1="89,92,33,52,86,51,42,35,85,0,32,114,91" hai2="3,77,56,129,67,71,99,111,55,43,62,19,31" hai3="101,4,23,84,74,27,110,112,70,80,88,97,21"/><U24/><E114/><V44/><F111/><W29/><G110/><T115/><D119/><U121/><E121/><V60/><F129/><W75/><G112/><T113/><D125/><U72/><E72/><V134/><F3/><W135/><G135/><T18/><D106/><U130/><E130/><V93/><F134/><W17/><G70/><T59/><D65/><U20/><E42/><V81/><F31/><W53/><G4/><T79/><D79/><U48/><E0/><V38/><F19/><W87/><G87/><T28/><D18/><U22/><E24/><V123/><F123/><W102/><G53/><T78/><D78/><U61/><E61/><V104/><F104/><W39/><G39/><T14/><D14/><U76/><E76/><V109/><F109/><W13/><REACH who="3" step="1"/><G101/><REACH who="3" ten="296,188,375,131" step="2"/><T96/><D113/><U108/><E108/><V8/><F71/><W127/><G127/><T131/><D115/><U50/><REACH who="1" step="1"/><E52/><REACH who="1" ten="296,178,375,131" step="2"/><V69/><F55/><W63/><G63/><T117/><D131/><U41/><E41/><V103/><F62/><W5/><G5/><T66/><D117/><U120/><E120/><V54/><F54/><W100/><G100/><T1/><D1/><U122/><E122/><V37/><F69/><W6/><G6/><T36/><D36/><U126/><E126/><V132/><F38/><W73/><G73/><T83/><D66/><U30/><E30/><V90/><F132/><W105/><AGARI ba="0,2" hai="13,17,21,23,27,29,74,75,80,84,88,97,102,105" machi="105" ten="20,8000,1" yaku="1,1,0,1,7,1,54,1,53,1" doraHai="46" doraHaiUra="82" who="3" fromWho="3" sc="296,-20,178,-40,375,-20,131,100" /><INIT seed="2,0,0,5,2,19" ten="276,138,355,231" oya="2" hai0="72,4,109,13,59,21,41,104,92,87,124,9,118" hai1="99,29,98,65,96,107,10,18,68,134,121,127,73" hai2="101,135,97,5,88,132,11,102,79,129,16,14,33" hai3="95,100,103,23,106,56,108,6,52,85,77,24,31"/><V26/><F79/><W131/><G108/><T91/><D109/><U74/><E29/><N who="2" m="19639" /><F129/><W110/><G110/><T126/><D118/><U64/><E18/><V35/><F35/><W12/><G131/><T75/><D104/><U25/><E10/><V47/><F47/><W61/><G106/><T111/><D111/><U83/><E127/><N who="0" m="48681" /><D41/><U105/><E134/><N who="2" m="51243" /><F5/><W40/><G40/><T32/><D32/><U89/><E74/><V70/><F70/><W86/><G77/><T63/><D21/><U82/><E68/><V22/><F11/><N who="3" m="4215" /><G95/><AGARI ba="0,0" hai="14,16,22,88,95,97,101,102" m="51243,19639" machi="95" ten="30,11600,0" yaku="20,1,52,1,54,2" doraHai="19" who="2" fromWho="3" sc="276,0,138,0,355,116,231,-116" /><INIT seed="2,1,0,5,5,37" ten="276,138,471,115" oya="2" hai0="109,69,129,30,16,45,28,83,65,52,73,53,78" hai1="31,49,118,135,77,11,125,61,100,121,38,47,123" hai2="131,88,24,27,34,79,94,6,14,81,32,42,58" hai3="97,66,44,50,90,102,130,105,103,33,29,98,116"/><V113/><F113/><W36/><G116/><T117/><D109/><U80/><E118/><V5/><F131/><W1/><G130/><T22/><D129/><U86/><E38/><V122/><F122/><N who="1" m="46601" /><E135/><V89/><F58/><W46/><G36/><T51/><D117/><U7/><E125/><V64/><F64/><W106/><G1/><T133/><D133/><U134/><E134/><V115/><F115/><W19/><G66/><T93/><D93/><U2/><E31/><V124/><F124/><W76/><G76/><T43/><D28/><U72/><E100/><V4/><F14/><W110/><G110/><T82/><D30/><U87/><E61/><V41/><F6/><W95/><G19/><T39/><D39/><U63/><E63/><V128/><F128/><W35/><G29/><T10/><D10/><U107/><E107/><V67/><F67/><W56/><G56/><T70/><D82/><U111/><E111/><V114/><F114/><W85/><REACH who="3" step="1"/><G46/><REACH who="3" ten="276,138,471,105" step="2"/><T120/><D120/><U59/><E59/><V99/><F79/><W74/><G74/><T18/><D18/><U75/><E72/><V62/><F34/><W84/><G84/><T108/><D108/><U17/><E17/><V48/><F32/><W21/><G21/><T26/><D65/><U104/><E104/><V15/><F4/><W40/><AGARI ba="1,1" hai="33,35,40,44,50,85,90,95,97,98,102,103,105,106" machi="40" ten="20,8000,1" yaku="1,1,0,1,7,1,9,1,52,1,53,0" doraHai="37" doraHaiUra="68" who="3" fromWho="3" sc="276,-21,138,-21,471,-41,105,93" /><INIT seed="3,0,0,1,4,30" ten="255,117,430,198" oya="3" hai0="56,54,28,78,20,11,57,121,99,103,4,0,42" hai1="104,95,131,39,36,106,46,92,119,49,15,2,86" hai2="135,65,47,90,58,89,12,74,71,24,10,70,128" hai3="35,91,122,64,62,126,5,73,9,67,63,18,29"/><W21/><G122/><T116/><D116/><U97/><E2/><V102/><F74/><W59/><G73/><T112/><D121/><U23/><E119/><V14/><F128/><W43/><G43/><T118/><D118/><U87/><E131/><V83/><F135/><W48/><G126/><T133/><D133/><U123/><E123/><V79/><F24/><W72/><G72/><T31/><D112/><U32/><E23/><V98/><F47/><W81/><G48/><T6/><D6/><U80/><E15/><V50/><F50/><W105/><G105/><T1/><D1/><U117/><E117/><V110/><F110/><W53/><G53/><T51/><D78/><U7/><E49/><V68/><F79/><W60/><G60/><T38/><D56/><U100/><E97/><V76/><F76/><W41/><G41/><T52/><D54/><U19/><E7/><V132/><F132/><W134/><G134/><T25/><D42/><U40/><E40/><V125/><F125/><W109/><G109/><T33/><D38/><U61/><E19/><V44/><F44/><W94/><G81/><T69/><D69/><U55/><E46/><V66/><F83/><W45/><G45/><T130/><D130/><U27/><E80/><V127/><F127/><W124/><G124/><T85/><D85/><U96/><E96/><V17/><F14/><W108/><G108/><T113/><D113/><U88/><E39/><V107/><F58/><W84/><G18/><T77/><D51/><U115/><E36/><V37/><F37/><W111/><G111/><T93/><D99/><RYUUKYOKU ba="0,0" sc="255,-10,117,-10,430,30,198,-10" hai2="10,12,17,65,66,68,70,71,89,90,98,102,107" owari="245,4.5,107,-39.3,460,56.0,188,-21.2" /></mjloggm>