<mjloggm ver="2.3"><GO type="225" lobby="0"/><UN n0="%E3%83%9D%E3%82%B1%E3%83%83%E3%83%88" n1="%79%75%72%69%6D%6F%67" n2="%E4%B8%89%E5%88%86%E5%B0%8F%E5%83%A7" n3="%E5%B8%86%E7%AB%8B%E5%A4%8F%E8%A1%A3" dan="16,16,16,17" rate="2121.36,2156.29,2089.55,2164.66" sx="M,F,M,M"/><TAIKYOKU oya="0"/><INIT seed="0,0,0,4,2,71" ten="250,250,250,250" oya="0" hai0="85,91,93,62,72,77,103,21,31,54,0,97,119" hai1="112,46,70,122,13,90,65,94,58,9,33,28,130" hai2="66,105,99,1,34,116,6,48,49,114,83,61,120" hai3="67,74,23,128,45,64,117,133,5,92,79,84,26"/><T86/><D119/><U60/><E122/><V123/><F114/><W132/><G117/><T109/><D0/><U43/><E130/><V73/><F116/><W104/><G104/><T111/><D86/><U12/><E33/><V113/><F113/><W20/><G128/><T69/><D31/><U41/><E28/><V36/><F49/><W25/><G5/><T131/><D21/><U75/><E75/><V47/><F48/><W98/><G74/><T126/><D131/><U39/><E70/><N who="2" m="42319" /><F34/><W59/><G45/><T37/><D37/><U96/><E112/><V89/><F89/><W44/><G44/><T68/><D126/><U14/><REACH who="1" step="1"/><E43/><REACH who="1" ten="250,240,250,250" step="2"/><N who="2" m="23015" /><F105/><W102/><G133/><T129/><D129/><U118/><E118/><V16/><F99/><W115/><G132/><T107/><D69/><U82/><E82/><V40/><F40/><W63/><G115/><T38/><D68/><U81/><E81/><V78/><F16/><AGARI ba="0,1" hai="9,12,13,14,16,39,41,46,58,60,65,90,94,96" machi="16" ten="30,7700,0" yaku="1,1,7,1,52,1,54,1,53,0" doraHai="71" doraHaiUra="29" who="1" fromWho="2" sc="250,0,240,87,250,-77,250,0" /><INIT seed="1,0,0,4,4,32" ten="250,327,173,250" oya="1" hai0="119,54,26,130,61,37,93,76,85,91,81,120,43" hai1="16,121,50,4,46,118,59,19,104,101,41,84,23" hai2="38,86,64,75,31,24,55,74,135,71,2,70,36" hai3="60,57,30,21,106,1,88,56,49,67,124,111,78"/><U132/><E121/><V128/><F128/><W89/><G106/><T105/><D130/><U40/><E118/><V80/><F135/><W3/><G78/><T123/><D119/><U99/><E132/><V33/><F55/><N who="3" m="31855" /><G3/><T82/><D105/><U5/><E41/><V13/><F13/><W69/><G69/><N who="2" m="26121" /><F86/><W112/><G1/><T28/><D43/><U15/><E84/><V17/><F17/><W95/><G112/><T100/><D37/><N who="2" m="14442" /><F64/><W42/><G111/><T39/><D39/><U52/><E19/><V126/><F126/><W127/><G42/><T6/><D6/><U97/><E97/><V0/><F80/><W122/><G122/><N who="0" m="46635" /><D100/><U117/><E117/><V94/><F94/><W44/><G124/><T107/><D107/><U9/><E23/><V53/><F53/><W29/><G127/><T22/><D76/><U68/><E68/><V103/><F103/><W90/><G95/><T45/><D61/><AGARI ba="0,0" hai="4,5,9,15,16,40,46,50,52,59,61,99,101,104" machi="61" ten="30,5800,0" yaku="7,1,54,2" doraHai="32" who="1" fromWho="0" sc="250,-58,327,58,173,0,250,0" /><INIT seed="1,1,0,4,2,56" ten="192,385,173,250" oya="1" hai0="22,75,15,45,125,53,93,25,87,126,111,0,95" hai1="81,106,32,46,64,133,130,108,135,57,72,36,19" hai2="85,82,71,50,114,121,118,120,9,16,62,8,43" hai3="51,26,110,54,102,31,105,100,38,6,98,129,83"/><U58/><E106/><V76/><F118/><W63/><G110/><T79/><D0/><U115/><E115/><V21/><F114/><W59/><G129/><T14/><D111/><U29/><E29/><V78/><F78/><W88/><G38/><T33/><D33/><U131/><E32/><V39/><F39/><W117/><G117/><T47/><D75/><U92/><E92/><V112/><F112/><W127/><G127/><T66/><D66/><U7/><E19/><V37/><F37/><W89/><G6/><T109/><D109/><U24/><E24/><V23/><F23/><W42/><G102/><T13/><D79/><U20/><E20/><V134/><F134/><N who="1" m="51209" /><E7/><V80/><F80/><W101/><G101/><T40/><D40/><N who="1" m="22791" /><E81/><V35/><F35/><W65/><G42/><T55/><D125/><U94/><E94/><N who="0" m="35849" /><D87/><U97/><E97/><V91/><F76/><W1/><G1/><T30/><D126/><U86/><E86/><V96/><F96/><W113/><G83/><T84/><D84/><U69/><E72/><V5/><F5/><W124/><G124/><T107/><D107/><U3/><E3/><V68/><F8/><W103/><G103/><T123/><D123/><U119/><E119/><V60/><F9/><W48/><G113/><T52/><AGARI ba="1,0" hai="13,14,15,22,25,30,45,47,52,53,55" m="35849" machi="52" ten="40,2700,0" yaku="8,1,54,1" doraHai="56" who="0" fromWho="0" sc="192,30,385,-14,173,-8,250,-8" /><INIT seed="2,0,0,0,0,0" ten="222,371,165,242" oya="2" hai0="99,88,27,52,62,90,115,55,30,7,121,104,50" hai1="83,106,22,95,101,122,12,17,105,110,40,96,58" hai2="125,87,100,66,116,126,82,24,51,123,31,117,41" hai3="128,132,70,112,130,44,9,75,97,34,4,111,16"/><V107/><F66/><W68/><G34/><T32/><D115/><U53/><E110/><V46/><F123/><W131/><G75/><T61/><D121/><U102/><E102/><V42/><F42/><W108/><G112/><T93/><D104/><U72/><E40/><V81/><F116/><W80/><G132/><T20/><D32/><U33/><E33/><V10/><F117/><W67/><G80/><T8/><D90/><U118/><E118/><V26/><F81/><W37/><G37/><T60/><REACH who="0" step="1"/><D50/><REACH who="0" ten="212,371,165,242" step="2"/><U76/><E122/><V54/><F107/><W28/><G108/><T94/><D94/><U56/><E56/><V36/><F100/><W124/><G111/><T73/><D73/><U43/><E43/><V120/><F120/><W48/><G48/><AGARI ba="0,1" hai="12,17,22,48,53,58,72,76,83,95,96,101,105,106" machi="48" ten="30,1000,0" yaku="7,1" doraHai="0" who="1" fromWho="3" sc="212,0,371,20,165,0,242,-10" /><INIT seed="3,0,0,0,5,74" ten="212,391,165,232" oya="3" hai0="55,127,95,17,58,78,71,123,4,34,109,132,59" hai1="51,63,61,60,112,100,22,68,129,27,56,90,128" hai2="91,28,57,110,126,10,45,11,101,72,30,103,9" hai3="130,97,21,23,106,102,134,53,12,37,122,24,93"/><W115/><G115/><T87/><D123/><U0/><E100/><V107/><F110/><W73/><G122/><T47/><D71/><U89/><E0/><V31/><F126/><W83/><G134/><T135/><D109/><U104/><E104/><V82/><F107/><W40/><G130/><N who="1" m="50282" /><E68/><V44/><F57/><W85/><G37/><T20/><D34/><U33/><E33/><V120/><F120/><W75/><G40/><T39/><D87/><U67/><E67/><V32/><F32/><W19/><G106/><T2/><D17/><U94/><E94/><V7/><F7/><W133/><G53/><T81/><D55/><N who="1" m="31871" /><E112/><V70/><F70/><W35/><G35/><T14/><D14/><U41/><E41/><V131/><F131/><W50/><G133/><T3/><D39/><U16/><AGARI ba="0,0" hai="16,22,27,60,61,63,89,90" m="31871,50282" machi="16" ten="30,2000,0" yaku="19,1,54,1" doraHai="74" who="1" fromWho="1" sc="212,-5,391,20,165,-5,232,-10" owari="207,-19.3,411,51.1,160,-34.0,222,2.2" /></mjloggm>