<mjloggm ver="2.3"><GO type="225" lobby="0"/><UN n0="%E3%81%9F%E3%81%93%E2%98%86%E7%84%BC%E3%81%8D" n1="%E3%81%86%E3%82%8B%E3%81%8A%E3%81%A1%E3%82%83" n2="%E3%83%B4%E3%82%A3%E3%83%AF%E3%82%B3%E3%82%B0%E3%83%8B" n3="%6D%75%75%6D%75%72%61" dan="16,16,16,16" rate="2103.35,2109.14,2165.86,2157.70" sx="M,F,M,F"/><TAIKYOKU oya="0"/><INIT seed="0,0,0,2,0,39" ten="250,250,250,250" oya="0" hai0="95,114,16,44,0,65,51,78,122,47,3,107,94" hai1="96,125,113,73,34,58,30,93,110,23,109,29,37" hai2="52,72,121,92,25,115,89,87,71,85,116,134,17" hai3="60,119,43,32,98,1,77,56,86,18,68,49,4"/><T7/><D107/><U6/><E73/><V42/><F72/><W2/><G119/><T10/><D65/><U99/><E125/><V102/><F121/><W128/><G32/><T127/><D114/><U133/><E133/><V90/><F71/><W62/><G128/><T75/><D0/><U103/><E113/><V24/><F102/><W22/><G4/><T132/><D132/><U101/><E6/><V35/><F35/><W80/><G98/><T91/><D127/><U61/><E37/><V63/><F116/><W135/><G135/><T130/><D47/><U112/><E34/><V53/><F115/><W50/><G50/><T97/><D95/><U117/><E117/><V59/><F42/><W48/><G48/><T5/><D130/><U84/><E84/><V105/><F105/><W19/><G68/><T64/><D64/><N who="1" m="38967" /><E112/><V57/><F17/><W129/><G62/><T9/><D122/><U14/><E110/><V36/><F36/><W104/><G104/><T70/><D70/><U21/><E109/><V31/><F31/><N who="1" m="11785" /><E14/><V76/><F76/><W123/><G123/><T88/><D78/><U33/><E33/><V83/><REACH who="2" step="1"/><F134/><REACH who="2" ten="250,250,240,250" step="2"/><W20/><G129/><T118/><D75/><U27/><E27/><V54/><F54/><W26/><G77/><T66/><D118/><U74/><E74/><V8/><F8/><W120/><G120/><T124/><D124/><U38/><E38/><V41/><F41/><W11/><G43/><N who="0" m="24991" /><D66/><U81/><E23/><V111/><F111/><W69/><G69/><T67/><D67/><U108/><E108/><V15/><F15/><RYUUKYOKU ba="0,1" sc="250,-10,250,-10,240,30,250,-10" hai2="24,25,52,53,57,59,63,83,85,87,89,90,92" /><INIT seed="1,1,1,3,4,119" ten="240,240,270,240" oya="1" hai0="52,69,3,34,86,72,50,61,7,128,110,47,82" hai1="70,104,114,37,77,48,127,98,49,11,73,88,12" hai2="65,100,9,87,68,117,18,103,29,32,25,31,14" hai3="17,51,8,35,5,63,41,38,126,45,62,112,121"/><U93/><E114/><V56/><F68/><W44/><G112/><T99/><D110/><U67/><E37/><V53/><F65/><W130/><G126/><T111/><D111/><U2/><E2/><V24/><F117/><W57/><G130/><T66/><D34/><U91/><E127/><V115/><F87/><W26/><G121/><T97/><D72/><U6/><E104/><V22/><REACH who="2" step="1"/><F115/><REACH who="2" ten="240,240,260,240" step="2"/><W78/><G78/><T95/><D128/><U125/><E125/><V0/><F0/><W64/><G64/><T109/><D109/><U89/><E70/><V90/><F90/><W116/><G116/><T122/><D3/><U19/><E67/><V15/><F15/><W132/><G132/><T80/><D86/><U96/><E77/><V40/><F40/><W27/><G41/><T84/><D84/><U120/><E120/><V20/><F20/><W59/><G35/><T30/><D122/><U79/><E79/><V55/><F55/><W16/><G38/><T71/><D71/><U28/><E73/><V92/><F92/><W133/><G133/><T85/><D85/><U10/><E93/><V124/><F124/><W123/><G123/><T108/><D95/><U46/><E89/><V39/><F39/><W54/><G54/><T83/><D108/><U60/><E88/><V101/><F101/><W81/><G81/><T21/><D21/><U58/><E91/><V131/><F131/><W76/><G76/><T113/><D113/><U42/><E42/><V135/><F135/><W129/><G129/><T102/><D102/><U36/><E36/><V106/><F106/><RYUUKYOKU ba="1,2" sc="240,-10,240,-10,260,30,240,-10" hai2="9,14,18,22,24,25,29,31,32,53,56,100,103" /><INIT seed="2,2,2,2,0,133" ten="230,230,290,230" oya="2" hai0="107,88,112,132,31,96,58,30,100,131,125,37,22" hai1="63,124,4,18,7,2,1,35,94,86,129,42,61" hai2="20,34,13,79,82,115,45,101,3,85,89,60,74" hai3="68,73,25,16,106,24,43,104,19,122,95,8,119"/><V36/><F115/><W70/><G119/><T87/><D37/><U128/><E42/><V47/><F34/><W118/><G118/><T76/><D76/><U66/><E35/><V9/><F36/><W135/><G43/><T102/><D102/><U92/><E18/><V44/><F101/><W14/><G135/><T103/><D103/><U12/><E12/><V91/><F3/><N who="1" m="1033" /><E124/><V111/><F111/><W11/><G122/><T93/><D131/><N who="1" m="50251" /><E86/><V65/><F20/><W113/><G14/><T64/><D125/><U127/><E127/><V114/><F74/><W72/><REACH who="3" step="1"/><G95/><REACH who="3" ten="230,230,290,220" step="2"/><N who="1" m="36394" /><E63/><V48/><F114/><AGARI ba="2,3" hai="8,11,16,19,24,25,68,70,72,73,104,106,113,114" machi="114" ten="25,12000,2" yaku="1,1,22,2,54,1,53,2" doraHai="133" doraHaiUra="15" who="3" fromWho="2" sc="230,0,230,0,290,-126,220,156" /><INIT seed="3,0,0,0,3,85" ten="230,230,164,376" oya="3" hai0="96,107,93,68,75,60,2,109,100,14,115,55,35" hai1="52,131,45,99,0,110,23,46,121,103,82,8,12" hai2="62,32,63,61,70,18,47,92,5,86,51,6,127" hai3="10,81,17,120,7,19,1,49,78,76,26,135,74"/><W89/><G120/><T130/><D2/><U118/><E121/><V72/><F127/><W22/><G135/><T48/><D75/><U16/><E110/><V30/><F72/><W94/><G78/><T105/><D109/><U116/><E131/><V113/><F70/><W57/><G57/><T73/><D73/><U104/><E82/><V122/><F113/><W3/><G49/><T67/><D35/><U112/><E112/><V13/><F32/><W58/><G58/><T41/><D41/><U38/><E38/><V114/><F30/><W80/><G80/><T111/><D130/><U4/><REACH who="1" step="1"/><E52/><REACH who="1" ten="230,220,164,376" step="2"/><N who="2" m="29823" /><F114/><W59/><G81/><T43/><D111/><U83/><E83/><V66/><F122/><W37/><G37/><T98/><D115/><U129/><E129/><V133/><F133/><W24/><G74/><T101/><D55/><U28/><E28/><V126/><F126/><W54/><G54/><T34/><D43/><U33/><E33/><V36/><F36/><W97/><G76/><T21/><D34/><U84/><E84/><V42/><F42/><W106/><G1/><T71/><D67/><U27/><E27/><V20/><F66/><W79/><G26/><T40/><D40/><U65/><E65/><V124/><F124/><W119/><G24/><T117/><D14/><U134/><E134/><V44/><F44/><AGARI ba="0,1" hai="0,4,8,12,16,23,44,45,46,99,103,104,116,118" machi="44" ten="40,2600,0" yaku="1,1,54,1,53,0" doraHai="85" doraHaiUra="88" who="1" fromWho="2" sc="230,0,220,36,164,-26,376,0" owari="230,-17.0,256,5.6,138,-36.2,376,47.6" /></mjloggm>