<mjloggm ver="2.3"><GO type="225" lobby="0"/><UN n0="%E7%9C%9F%E4%B8%80" n1="%54%4F%52" n2="%45%6C%79%73%69%75%6D" n3="%E9%87%8E%E3%80%85%E5%AE%AE%E8%97%8D" dan="17,17,17,17" rate="2248.48,2239.65,2133.53,2160.86" sx="M,M,F,F"/><TAIKYOKU oya="0"/><INIT seed="0,0,0,3,0,70" ten="250,250,250,250" oya="0" hai0="40,20,125,69,104,135,90,43,71,32,134,7,128" hai1="99,120,63,9,132,58,113,129,80,107,126,5,52" hai2="121,110,91,8,27,102,123,4,103,96,74,78,23" hai3="133,73,84,72,30,51,1,46,39,68,54,106,24"/><T124/><D32/><U94/><E120/><V62/><F110/><W45/><G133/><N who="0" m="50699" /><D104/><U66/><E132/><V75/><F91/><W109/><G109/><T117/><D117/><U14/><E129/><V76/><F62/><W95/><G106/><T83/><D7/><U82/><E126/><N who="0" m="48745" /><D20/><U100/><E113/><V114/><F23/><W33/><G1/><T15/><D15/><U105/><E105/><V29/><F4/><W65/><G33/><T127/><N who="0" m="48753" /><T88/><DORA hai="49" /><D128/><U116/><E116/><V53/><F8/><W61/><G24/><T47/><D40/><U85/><E107/><V119/><F27/><W2/><G2/><T18/><D18/><U87/><REACH who="1" step="1"/><E66/><REACH who="1" ten="250,240,250,250" step="2"/><V108/><F119/><W56/><G65/><T37/><D90/><U79/><E79/><V6/><F76/><W55/><G72/><T89/><D89/><U35/><E35/><V97/><F78/><W112/><G73/><T16/><D16/><U17/><E17/><V11/><F74/><W86/><G112/><T98/><D98/><U122/><E122/><V64/><F75/><W60/><G30/><T25/><D25/><U93/><E93/><V10/><F114/><W59/><G95/><T130/><D130/><U101/><E101/><V81/><F103/><W34/><G34/><T19/><D19/><U42/><E42/><V67/><F102/><W57/><G86/><AGARI ba="0,1" hai="37,43,47,69,71,83,86,88" m="48753,50699" machi="86" ten="50,12000,1" yaku="20,1,18,1,52,1,54,1" doraHai="70,49" who="0" fromWho="3" sc="250,130,240,0,250,0,250,-120" /><AGARI ba="0,0" hai="5,9,14,52,58,63,80,82,85,86,87,94,99,100" machi="86" ten="40,8000,1" yaku="1,1,8,1,52,1,54,1,53,0" doraHai="70,49" doraHaiUra="22,41" who="1" fromWho="3" sc="380,0,240,80,250,0,130,-80" /><INIT seed="0,1,0,1,0,112" ten="380,320,250,50" oya="0" hai0="84,63,127,14,73,75,99,57,95,114,38,5,110" hai1="102,31,10,37,43,26,23,72,18,59,94,100,89" hai2="9,67,32,55,108,20,7,113,65,128,15,118,70" hai3="92,132,62,58,90,86,64,106,25,61,120,68,54"/><T74/><D38/><U53/><E72/><V33/><F113/><W8/><G132/><T81/><D114/><U6/><E37/><V109/><F55/><W34/><G120/><T66/><D127/><U13/><E43/><V56/><F56/><W46/><G106/><T131/><D131/><U29/><E29/><V30/><F128/><W133/><G133/><T39/><D39/><U104/><E104/><V93/><F93/><W103/><G103/><T107/><D107/><U48/><REACH who="1" step="1"/><E31/><REACH who="1" ten="380,310,250,50" step="2"/><V76/><F30/><W98/><G34/><T115/><D115/><U24/><E24/><V121/><F32/><W27/><G98/><AGARI ba="1,1" hai="6,10,13,18,23,26,48,53,59,89,94,98,100,102" machi="98" ten="30,3900,0" yaku="1,1,7,1,8,1,53,0" doraHai="112" doraHaiUra="40" who="1" fromWho="3" sc="380,0,310,52,250,0,50,-42" /><INIT seed="1,0,0,4,5,17" ten="380,362,250,8" oya="1" hai0="2,65,111,135,21,61,57,24,33,1,10,39,68" hai1="23,90,67,34,28,64,8,119,54,11,92,62,20" hai2="118,93,96,80,47,121,124,73,88,40,83,14,97" hai3="59,55,125,22,7,53,30,49,109,126,76,37,70"/><U79/><E119/><V120/><F14/><W66/><G109/><T12/><D111/><U105/><E105/><V87/><F118/><W51/><G37/><T89/><D135/><U108/><E108/><V31/><F31/><W129/><G129/><T122/><D122/><U77/><E34/><V35/><F35/><W38/><G38/><T56/><D39/><U42/><E42/><V45/><F40/><W82/><G7/><T104/><D104/><U107/><E107/><V50/><F45/><W46/><G70/><T84/><D33/><U43/><E43/><V116/><F47/><W113/><G113/><T99/><D99/><N who="2" m="37962" /><F50/><W44/><G66/><N who="1" m="25130" /><E11/><V127/><F116/><W58/><G126/><N who="2" m="48169" /><F80/><W115/><G115/><T123/><D123/><U60/><E8/><V74/><F74/><W86/><G125/><T36/><D36/><U72/><E72/><V29/><F29/><W130/><G130/><T27/><D1/><U112/><E112/><V102/><F102/><W6/><G6/><T69/><D2/><U100/><E100/><V9/><F9/><W101/><G101/><T26/><D69/><U18/><E28/><V75/><F75/><W3/><G3/><T25/><D68/><U114/><E114/><V13/><F13/><W5/><G5/><T110/><D110/><U71/><E71/><V16/><F16/><W19/><G30/><N who="0" m="17679" /><D10/><U78/><E54/><V132/><F132/><W117/><G117/><T95/><D12/><AGARI ba="0,0" hai="12,19,22,44,46,49,51,53,55,58,59,76,82,86" machi="12" ten="30,7700,0" yaku="7,1,9,1,8,1,52,1" doraHai="17" who="3" fromWho="0" sc="380,-77,362,0,250,0,8,77" /><INIT seed="2,0,0,2,5,98" ten="303,362,250,85" oya="2" hai0="37,17,12,56,72,68,43,130,75,22,110,76,88" hai1="39,109,40,102,108,42,126,15,51,112,71,128,31" hai2="32,104,10,65,99,84,131,57,101,20,67,7,4" hai3="6,92,41,116,61,100,122,69,135,90,53,63,80"/><V0/><F131/><W19/><G116/><T73/><D130/><U89/><E128/><V14/><F32/><W87/><G122/><T49/><D68/><U123/><E112/><V8/><F84/><W47/><G135/><T127/><D127/><U16/><E126/><V58/><REACH who="2" step="1"/><F20/><REACH who="2" ten="303,362,240,85" step="2"/><W114/><G114/><T82/><D75/><U83/><E123/><V34/><F34/><W120/><G120/><T26/><D73/><U24/><E109/><V74/><F74/><W62/><G69/><T64/><D110/><U93/><E71/><V5/><F5/><W97/><G6/><T124/><D72/><U95/><E108/><V125/><F125/><W28/><G19/><T106/><D22/><U113/><E16/><V25/><F25/><W54/><REACH who="3" step="1"/><G28/><REACH who="3" ten="303,362,240,75" step="2"/><T132/><D17/><U115/><E31/><V9/><F9/><W36/><AGARI ba="0,2" hai="36,41,47,53,54,61,62,63,80,87,90,92,97,100" machi="36" ten="30,12000,2" yaku="1,1,2,1,0,1,52,1,53,3" doraHai="98" doraHaiUra="59" who="3" fromWho="3" sc="303,-30,362,-30,240,-60,75,140" /><INIT seed="3,0,0,5,4,41" ten="273,332,180,215" oya="3" hai0="52,98,50,19,92,65,33,90,91,42,130,39,81" hai1="129,121,4,95,122,3,134,31,118,40,11,86,28" hai2="55,35,111,47,45,106,125,64,14,7,120,18,100" hai3="66,94,116,126,56,102,75,53,74,82,32,135,6"/><W127/><G116/><T44/><D130/><U128/><E118/><V69/><F35/><W15/><G32/><T61/><D33/><U20/><E134/><V103/><F111/><W117/><G117/><T21/><D81/><U107/><E107/><V80/><F125/><N who="3" m="47627" /><G66/><T79/><D79/><U77/><E40/><V1/><F1/><W63/><G82/><T48/><D39/><U57/><E57/><V112/><F112/><W83/><G83/><T60/><D91/><N who="1" m="53751" /><E77/><V2/><F80/><W101/><G135/><T70/><D65/><U9/><E9/><N who="2" m="4415" /><F2/><W37/><G37/><T78/><D78/><U23/><E23/><V85/><F120/><N who="1" m="46185" /><E20/><V27/><F106/><W113/><G113/><T10/><D10/><U119/><E119/><V87/><F64/><W110/><G110/><T105/><D105/><U54/><E54/><V114/><F114/><W62/><G62/><T22/><D22/><U12/><E3/><V46/><F55/><W97/><G102/><N who="2" m="38953" /><F69/><W25/><G25/><N who="0" m="14527" /><D70/><U68/><E68/><V89/><F27/><W49/><G63/><T84/><D98/><U13/><E13/><V72/><F72/><W51/><G51/><T93/><D93/><U8/><E8/><AGARI ba="0,0" hai="6,8,15,49,53,56,74,75,94,97,101" m="47627" machi="8" ten="30,1500,0" yaku="18,1" doraHai="41" who="3" fromWho="1" sc="273,0,332,-15,180,0,215,15" /><INIT seed="3,1,0,0,2,100" ten="273,317,180,230" oya="3" hai0="63,135,121,134,39,69,91,11,112,80,60,118,108" hai1="51,62,102,85,88,64,9,81,70,83,56,74,59" hai2="86,133,109,44,15,94,98,47,24,48,77,8,124" hai3="20,7,127,113,31,76,131,3,66,38,6,52,111"/><W104/><G113/><T115/><D121/><U123/><E123/><V119/><F119/><W92/><G38/><T128/><D118/><U45/><E102/><V33/><F109/><W68/><G104/><T82/><D39/><U42/><REACH who="1" step="1"/><E9/><REACH who="1" ten="273,307,180,230" step="2"/><V72/><F133/><N who="0" m="50698" /><D11/><U67/><E67/><V17/><F124/><W22/><G66/><T12/><D108/><U30/><E30/><V35/><F72/><W90/><G31/><T96/><D115/><U103/><E103/><V110/><F110/><W53/><G127/><T21/><D112/><U18/><E18/><V95/><F24/><W0/><G111/><T28/><D128/><U71/><E71/><V43/><F44/><W116/><G68/><T89/><D69/><U29/><E29/><V10/><F10/><W54/><G131/><T101/><D28/><U57/><E57/><V25/><F25/><W1/><G116/><T93/><D80/><U23/><E23/><V73/><F73/><W106/><G22/><T132/><D132/><U97/><E97/><V50/><F50/><W99/><G20/><T55/><D82/><U34/><E34/><V26/><F26/><W5/><G106/><T78/><D101/><U58/><E58/><V40/><F40/><W122/><G122/><T37/><D96/><U107/><E107/><V32/><REACH who="2" step="1"/><F98/><REACH who="2" ten="273,307,170,230" step="2"/><W4/><G4/><T105/><D37/><U79/><AGARI ba="1,2" hai="42,45,51,56,59,62,64,70,74,79,81,83,85,88" machi="79" ten="30,4000,0" yaku="1,1,0,1,54,1,53,0" doraHai="100" doraHaiUra="120" who="1" fromWho="1" sc="273,-11,307,63,170,-11,230,-21" owari="262,6.2,370,47.0,159,-34.1,209,-19.1" /></mjloggm>