<mjloggm ver="2.3"><GO type="225" lobby="0"/><UN n0="%E8%81%B7%E6%A5%AD%E3%80%81%E9%A2%A8%32" n1="%72%61%6B%33" n2="%E4%B8%AD%E5%B9%B4%E3%81%AE%E5%8D%B1%E6%A9%9F" n3="%E3%81%A0%E3%81%8A" dan="16,17,16,16" rate="2106.17,2275.85,2160.33,2026.60" sx="M,M,M,M"/><TAIKYOKU oya="0"/><INIT seed="0,0,0,1,0,130" ten="250,250,250,250" oya="0" hai0="46,43,53,82,115,75,11,70,67,109,44,28,121" hai1="59,134,123,81,131,57,89,32,105,60,48,58,107" hai2="36,132,86,112,54,103,102,31,118,4,84,97,19" hai3="51,1,64,38,21,16,49,93,2,62,98,56,114"/><T100/><D115/><U117/><E117/><V34/><F112/><W22/><G38/><T26/><D121/><U111/><E123/><V63/><F118/><W37/><G37/><T110/><D100/><U29/><E131/><V45/><F19/><W104/><G104/><T74/><D67/><U83/><E111/><N who="0" m="42505" /><D70/><U128/><E128/><V122/><F122/><W101/><G114/><T52/><D11/><U78/><E60/><V77/><F4/><W126/><G126/><T30/><D30/><U85/><E48/><V96/><F77/><W13/><G49/><N who="0" m="28711" /><D53/><U25/><REACH who="1" step="1"/><E134/><REACH who="1" ten="250,240,250,250" step="2"/><V91/><F132/><W68/><G51/><N who="0" m="27103" /><D82/><U15/><E15/><V99/><F63/><W108/><G108/><T88/><D88/><U23/><E23/><AGARI ba="0,1" hai="23,26,28,74,75" m="27103,28711,42505" machi="23" ten="30,5800,0" yaku="14,1,10,1,54,1" doraHai="130" who="0" fromWho="1" sc="250,68,240,-58,250,0,250,0" /><INIT seed="0,1,0,4,0,82" ten="318,182,250,250" oya="0" hai0="124,37,73,102,74,25,62,68,4,40,129,89,78" hai1="134,100,30,54,32,76,2,63,45,81,66,49,84" hai2="79,107,112,60,119,0,17,83,77,21,67,35,80" hai3="41,131,86,12,23,29,9,95,58,69,72,117,109"/><T96/><D124/><U22/><E134/><V8/><F35/><W47/><G72/><T36/><D129/><U128/><E128/><V85/><F107/><W111/><G69/><T38/><D40/><U19/><E2/><V113/><F119/><W39/><G131/><T5/><D78/><U106/><E32/><V42/><F42/><W123/><G117/><T75/><D25/><U94/><E106/><V20/><F0/><W130/><G130/><T98/><D89/><U120/><E120/><V1/><F1/><W99/><G86/><T6/><D102/><U16/><E30/><V55/><F55/><W48/><G48/><T53/><D53/><U51/><E51/><V56/><F8/><W3/><G58/><T70/><D62/><U114/><E114/><V10/><F10/><W15/><G3/><T115/><REACH who="0" step="1"/><D115/><REACH who="0" ten="308,182,250,250" step="2"/><U135/><E135/><V90/><F113/><W59/><G41/><T28/><D28/><U133/><E133/><V116/><F112/><W91/><G29/><T57/><D57/><N who="1" m="37231" /><E22/><V34/><F116/><W110/><G23/><T126/><D126/><U24/><E24/><N who="2" m="14351" /><F34/><W71/><G110/><T44/><D44/><U122/><E122/><V50/><F21/><W7/><G47/><T31/><D31/><U11/><E11/><V105/><F79/><W64/><G111/><T121/><D121/><U43/><E43/><V13/><F50/><W46/><G123/><T125/><D125/><U108/><E108/><V52/><F77/><W14/><G109/><T132/><D132/><U33/><E33/><V27/><F27/><W104/><G59/><RYUUKYOKU ba="1,1" sc="308,15,182,15,250,-15,250,-15" hai0="4,5,6,36,37,38,68,70,73,74,75,96,98" hai1="16,19,45,49,54,76,81,84,94,100" /><INIT seed="0,2,1,1,2,32" ten="323,197,235,235" oya="0" hai0="131,48,90,87,64,133,73,67,0,4,62,20,100" hai1="53,19,3,55,49,84,74,42,69,59,31,134,11" hai2="80,125,127,27,107,88,101,16,37,113,111,128,94" hai3="2,36,44,98,28,116,1,99,22,26,123,112,104"/><T9/><D73/><U89/><E74/><V15/><F37/><W68/><G112/><T103/><D131/><U96/><E69/><V5/><F107/><W6/><G116/><T50/><D133/><U77/><E134/><V56/><F113/><W60/><G123/><T12/><D0/><U81/><E31/><V110/><F27/><W92/><G104/><T45/><D20/><U17/><E42/><V108/><F5/><W40/><G6/><T114/><D50/><N who="1" m="31159" /><E3/><V29/><F29/><W25/><G25/><T78/><D78/><U65/><E65/><N who="0" m="25161" /><D62/><U85/><E96/><N who="2" m="59543" /><F56/><W79/><G60/><T23/><D23/><U57/><E11/><N who="2" m="6271" /><F128/><W121/><G68/><T66/><D66/><U130/><E130/><V86/><AGARI ba="2,1" hai="80,86,88,108,110,111,125,127" m="6271,59543" machi="86" ten="40,5200,0" yaku="14,1,54,2" doraHai="32" who="2" fromWho="2" sc="323,-28,197,-15,235,68,235,-15" /><INIT seed="1,0,0,5,2,41" ten="295,182,303,220" oya="1" hai0="5,28,87,127,63,46,98,36,103,39,81,96,114" hai1="12,89,33,120,62,34,49,97,23,75,29,130,54" hai2="72,38,121,20,67,125,7,61,118,113,3,48,90" hai3="2,21,58,106,9,6,14,18,31,59,0,116,92"/><U32/><E120/><V8/><F121/><W10/><G106/><T52/><D114/><U126/><E75/><V47/><F113/><W86/><G116/><T107/><D127/><U128/><E126/><V4/><F125/><W82/><G31/><T55/><D98/><U101/><E62/><V70/><F72/><W117/><G117/><T19/><D5/><U119/><E119/><V57/><F4/><W66/><G66/><T132/><D132/><U135/><E89/><V43/><F118/><W105/><G105/><T56/><D28/><U68/><E68/><V93/><F20/><W74/><G74/><T53/><D19/><U73/><E73/><V84/><REACH who="2" step="1"/><F70/><REACH who="2" ten="295,182,293,220" step="2"/><W24/><G6/><T85/><D85/><U51/><E135/><V110/><F110/><W69/><G69/><T94/><D87/><U37/><E23/><V65/><F65/><W16/><G21/><T111/><D111/><U124/><E124/><V1/><F1/><W79/><G2/><T108/><D108/><U131/><E29/><V80/><F80/><W17/><G0/><T109/><D109/><U42/><E12/><V123/><F123/><W11/><G82/><T100/><D81/><U83/><E83/><V71/><F71/><W133/><G14/><T78/><D78/><U45/><REACH who="1" step="1"/><E54/><REACH who="1" ten="295,172,293,220" step="2"/><V112/><F112/><W122/><G79/><T104/><D52/><U95/><AGARI ba="0,2" hai="32,33,34,37,42,45,49,51,95,97,101,128,130,131" machi="95" ten="40,12000,1" yaku="1,1,2,1,0,1,19,1,52,1,53,0" doraHai="41" doraHaiUra="25" who="1" fromWho="1" sc="295,-40,172,140,293,-40,220,-40" /><INIT seed="1,1,0,2,3,57" ten="255,312,253,180" oya="1" hai0="21,18,133,132,50,123,112,103,88,46,93,126,135" hai1="96,19,20,90,17,43,48,124,7,4,128,70,68" hai2="129,26,33,52,98,118,79,5,11,95,69,12,77" hai3="65,25,72,119,127,99,54,58,74,71,78,114,83"/><U28/><E124/><V23/><F118/><W39/><G127/><T82/><D112/><U2/><E128/><V34/><F69/><W86/><G114/><T85/><D126/><U100/><E28/><V1/><F129/><W125/><G119/><T32/><D32/><U97/><E90/><V110/><F110/><W16/><G125/><T8/><D123/><U14/><E2/><V108/><F108/><W27/><G39/><T107/><D107/><U6/><E97/><V13/><F33/><W61/><G99/><T111/><D111/><U41/><E17/><V29/><F13/><W38/><G38/><T30/><D8/><U15/><E15/><V55/><F1/><W59/><G71/><T3/><D3/><U67/><E48/><V101/><REACH who="2" step="1"/><F34/><REACH who="2" ten="255,312,243,180" step="2"/><W24/><REACH who="3" step="1"/><G16/><REACH who="3" ten="255,312,243,170" step="2"/><T91/><D18/><U102/><E70/><V36/><F36/><W106/><G106/><T35/><D135/><U47/><E68/><V60/><F60/><AGARI ba="1,2" hai="24,25,27,54,58,59,60,61,65,72,74,78,83,86" machi="60" ten="40,5200,0" yaku="1,1,52,2,53,0" doraHai="57" doraHaiUra="87" who="3" fromWho="2" sc="255,0,312,0,243,-55,170,75" /><INIT seed="2,0,0,1,3,86" ten="255,312,188,245" oya="2" hai0="17,60,37,68,77,27,56,80,98,50,75,12,104" hai1="30,111,29,20,24,88,126,128,84,40,120,32,129" hai2="109,134,25,48,93,61,6,39,113,49,38,110,18" hai3="54,57,45,0,89,125,74,34,102,96,81,31,122"/><V69/><F6/><W8/><G122/><T91/><D37/><N who="2" m="13834" /><F18/><W85/><G74/><T82/><D68/><U133/><E111/><N who="2" m="42507" /><F25/><W52/><G125/><T79/><D50/><N who="2" m="19562" /><F93/><W70/><G0/><T1/><D1/><U97/><E24/><V9/><F9/><W114/><G8/><T5/><D27/><U47/><E29/><V117/><F117/><W131/><G31/><T4/><D104/><U16/><E16/><V116/><F116/><W112/><G34/><T3/><D5/><U127/><E32/><V13/><F13/><W67/><G96/><T119/><D4/><U108/><E97/><V10/><F10/><W7/><G7/><T19/><D3/><U44/><E30/><V83/><F83/><W21/><G81/><T107/><D119/><U106/><E108/><V105/><F105/><W53/><G102/><T132/><D107/><U124/><E106/><V36/><N who="2" m="13842" /><V14/><DORA hai="118" /><F14/><W33/><G33/><T41/><D19/><U46/><E126/><V58/><F113/><W135/><G112/><T63/><D82/><U55/><E124/><V78/><F78/><W66/><G114/><T42/><D79/><U115/><E115/><V72/><F72/><W90/><G21/><T73/><D75/><U94/><E20/><V26/><F26/><W62/><G85/><T22/><D73/><U28/><E84/><V64/><F134/><W92/><G135/><T23/><D132/><U95/><E133/><V65/><F69/><W130/><G70/><T101/><D17/><U87/><E127/><V76/><F76/><W43/><G92/><RYUUKYOKU ba="0,0" sc="255,-10,312,-10,188,30,245,-10" hai2="58,61,64,65" /><INIT seed="2,1,0,0,0,18" ten="245,302,218,235" oya="2" hai0="44,70,115,133,13,21,113,16,59,57,42,72,81" hai1="109,119,0,93,101,22,110,117,61,88,80,19,131" hai2="46,52,92,31,2,75,14,69,121,118,82,120,116" hai3="106,25,90,38,20,107,30,94,95,129,123,66,58"/><V51/><F2/><W135/><G123/><T98/><D70/><U26/><E0/><V77/><F69/><W15/><G38/><T54/><D133/><U76/><E101/><V63/><F31/><W8/><G135/><T78/><D98/><U71/><E131/><V99/><F63/><W64/><G129/><T86/><D72/><U45/><E45/><V114/><F114/><W134/><G134/><T49/><REACH who="0" step="1"/><D59/><REACH who="0" ten="235,302,218,235" step="2"/><U60/><E71/><V104/><F104/><W34/><G106/><T1/><D1/><U23/><E119/><V9/><F118/><W100/><G107/><T3/><D3/><U79/><E117/><V12/><F116/><W68/><G58/><T83/><D83/><U36/><E80/><V97/><F97/><W84/><G68/><T65/><D65/><U28/><E93/><V122/><REACH who="2" step="1"/><F9/><REACH who="2" ten="235,302,208,235" step="2"/><W24/><G8/><T41/><D41/><U32/><E110/><V50/><F50/><AGARI ba="1,2" hai="13,16,21,42,44,49,50,54,57,78,81,86,113,115" machi="50" ten="30,8000,1" yaku="1,1,7,1,52,1,54,1,53,1" doraHai="18" doraHaiUra="53" who="0" fromWho="2" sc="235,103,302,0,208,-83,235,0" /><INIT seed="3,0,0,5,0,25" ten="338,302,125,235" oya="3" hai0="27,8,41,16,51,47,94,28,133,69,118,84,13" hai1="50,108,17,53,33,127,104,54,103,37,3,130,12" hai2="26,92,97,65,35,60,83,68,95,100,110,9,128" hai3="117,122,49,91,45,90,126,75,55,121,113,80,129"/><W72/><G113/><T29/><D133/><U120/><E3/><V44/><F110/><W2/><G117/><T70/><D118/><U1/><E1/><V57/><F128/><W78/><G126/><T52/><D29/><U115/><E37/><V88/><F44/><W39/><G129/><T36/><D94/><U96/><E115/><V23/><F35/><W40/><G2/><T62/><D84/><U24/><E130/><V14/><F83/><W77/><G90/><T81/><D81/><U85/><E108/><V38/><F38/><W15/><G91/><T106/><D106/><U67/><E120/><V107/><F68/><W71/><G71/><T56/><D36/><U86/><E67/><V48/><F48/><W119/><G119/><T18/><D18/><U82/><E127/><V6/><REACH who="2" step="1"/><F88/><REACH who="2" ten="338,302,115,235" step="2"/><W109/><G109/><T116/><D116/><U0/><E50/><V76/><F76/><W123/><G78/><T114/><D114/><U10/><E82/><V89/><F89/><W98/><G77/><T43/><D43/><U101/><E33/><AGARI ba="0,1" hai="8,13,16,27,28,33,41,47,51,52,56,62,69,70" machi="33" ten="30,7700,0" yaku="7,1,52,1,54,2" doraHai="25" who="0" fromWho="1" sc="338,87,302,-77,115,0,235,0" owari="425,52.5,225,-17.5,115,-38.5,235,3.5" /></mjloggm>