<mjloggm ver="2.3"><GO type="225" lobby="0"/><UN n0="%E3%81%A1%E3%82%85%E3%81%86%E3%81%A9%E3%81%8F%E8%B1%A1%E3%81%95%E3%82%93" n1="%E3%81%95%E3%81%8D%E3%81%9F%E3%81%BE%E6%9E%97%E6%AA%8E" n2="%E7%9C%9F%E4%B8%80" n3="%E3%81%9F%E3%81%93%E2%98%86%E7%84%BC%E3%81%8D" dan="17,16,16,16" rate="2184.45,2163.75,2165.53,2104.04" sx="M,M,M,M"/><TAIKYOKU oya="0"/><INIT seed="0,0,0,1,2,101" ten="250,250,250,250" oya="0" hai0="80,96,3,71,131,44,99,46,119,55,7,19,11" hai1="25,2,8,76,126,57,4,120,54,74,93,41,84" hai2="77,112,27,36,79,66,28,130,32,48,68,98,115" hai3="62,13,116,107,30,108,125,121,22,47,69,50,21"/><T64/><D119/><U51/><E126/><V73/><F130/><W109/><G125/><T37/><D131/><U63/><E120/><V100/><F48/><W6/><G21/><T88/><D44/><U78/><E74/><V33/><F33/><W106/><G116/><T17/><D96/><U105/><E105/><N who="3" m="39946" /><G30/><T45/><D45/><U113/><E113/><V59/><F59/><W23/><G62/><T49/><D37/><U20/><E93/><V104/><F36/><W127/><G69/><T39/><D39/><U82/><E78/><N who="2" m="29707" /><F73/><W128/><G128/><T15/><D15/><U133/><E41/><V95/><F95/><W18/><G6/><T97/><D97/><U90/><E76/><V91/><F91/><W81/><G81/><T70/><D99/><U65/><E20/><V31/><F31/><W58/><G58/><T75/><D75/><U103/><E103/><V83/><F83/><W12/><G23/><T67/><D71/><U43/><E43/><V35/><F35/><W60/><G60/><AGARI ba="0,0" hai="27,28,32,60,66,68,98,100,104,112,115" m="29707" machi="60" ten="30,2000,0" yaku="25,1,52,1" doraHai="101" who="2" fromWho="3" sc="250,0,250,0,250,20,250,-20" /><INIT seed="1,0,0,5,5,125" ten="250,250,270,230" oya="1" hai0="60,21,111,7,90,14,22,123,31,13,1,122,28" hai1="92,25,55,82,24,38,45,72,121,42,89,81,107" hai2="83,74,75,95,116,77,47,86,71,73,34,54,132" hai3="134,57,85,79,70,124,119,56,78,15,105,76,23"/><U66/><E121/><N who="0" m="46089" /><D90/><U115/><E115/><V68/><F116/><W5/><G70/><T43/><D60/><U48/><E107/><V61/><F34/><W135/><G124/><T29/><D43/><U39/><E66/><V2/><F2/><W69/><G69/><T93/><D93/><U32/><E32/><V59/><F132/><W99/><G85/><T53/><D53/><U62/><E62/><V4/><F4/><W87/><G87/><T84/><D84/><U103/><E103/><V104/><F104/><W80/><G80/><T20/><D111/><U33/><E33/><V101/><REACH who="2" step="1"/><F47/><REACH who="2" ten="250,250,260,230" step="2"/><W50/><G119/><T6/><D1/><U118/><E118/><V130/><F130/><W8/><G105/><T40/><D40/><U58/><E39/><V27/><F27/><W102/><G135/><T12/><AGARI ba="0,1" hai="6,7,12,13,14,20,21,22,28,29,31" m="46089" machi="12" ten="40,12000,2" yaku="29,2,28,2,13,1,34,2" doraHai="125" who="0" fromWho="0" sc="250,130,250,-60,260,-30,230,-30" /><INIT seed="2,0,0,2,0,89" ten="380,190,230,200" oya="2" hai0="76,27,128,88,8,94,84,48,13,123,38,11,6" hai1="28,80,95,97,105,4,23,99,129,102,18,85,2" hai2="16,24,119,113,96,81,36,34,87,41,79,101,25" hai3="22,51,66,122,42,33,104,65,0,114,47,86,12"/><V49/><F119/><W20/><G104/><T131/><D38/><U83/><E28/><V29/><F113/><W132/><G33/><T32/><D123/><U72/><E72/><V100/><F36/><W60/><G0/><T30/><D76/><U74/><E74/><V39/><F39/><W78/><G132/><T62/><D62/><U35/><E35/><V109/><F109/><W73/><G73/><T71/><D71/><U92/><E105/><V53/><F41/><W82/><G122/><T118/><D11/><U63/><E129/><N who="0" m="49737" /><D48/><U75/><E75/><V110/><F110/><W5/><G66/><T44/><D44/><U43/><E43/><V77/><F79/><W135/><G135/><T125/><D125/><U9/><E63/><V103/><F25/><W116/><G116/><AGARI ba="0,0" hai="6,8,13,27,30,32,84,88,94,116,118" m="49737" machi="116" ten="30,3900,0" yaku="19,1,52,1,54,1" doraHai="89" who="0" fromWho="3" sc="380,39,190,0,230,0,200,-39" /><INIT seed="3,0,0,2,2,84" ten="419,190,230,161" oya="3" hai0="72,116,82,18,103,94,27,70,104,91,118,35,8" hai1="49,62,10,52,21,127,44,15,55,130,16,33,88" hai2="114,97,38,26,65,3,19,54,14,17,43,75,22" hai3="93,1,89,53,69,29,99,109,124,64,115,87,12"/><W34/><G115/><T40/><D70/><U67/><E130/><V129/><F3/><W20/><G1/><T32/><D8/><U101/><E127/><V9/><F75/><W96/><G124/><T51/><D18/><U77/><E33/><V23/><F65/><W28/><G34/><T46/><D51/><U74/><E101/><V134/><F38/><W61/><G109/><T5/><D94/><U113/><E113/><V4/><F43/><W66/><G66/><T132/><D27/><N who="1" m="14759" /><E74/><V57/><F134/><W78/><G53/><T81/><D46/><U58/><E77/><V24/><F129/><W98/><REACH who="3" step="1"/><G78/><REACH who="3" ten="419,190,230,151" step="2"/><T111/><D32/><U135/><E135/><V56/><F114/><W123/><G123/><T110/><D35/><U48/><E88/><V36/><F54/><N who="1" m="20521" /><E44/><V90/><F57/><W79/><G79/><T11/><D111/><U105/><E105/><V6/><F56/><W47/><G47/><T42/><D110/><U71/><E71/><V119/><F119/><W0/><G0/><T95/><D116/><U112/><E112/><V120/><F120/><W107/><G107/><T59/><D118/><U7/><AGARI ba="0,1" hai="7,10,15,48,49,58,62,67" m="20521,14759" machi="7" ten="30,4000,0" yaku="8,1,54,2" doraHai="84" who="1" fromWho="1" sc="419,-10,190,50,230,-10,151,-20" owari="409,50.9,240,4.0,220,-18.0,131,-36.9" /></mjloggm>