<mjloggm ver="2.3"><GO type="225" lobby="0"/><UN n0="%E3%83%B4%E3%83%A0%EF%BC%99%E3%81%A6" n1="%E3%80%90%E3%83%88%E3%83%AA%E3%83%A5%E3%83%95%E3%80%91" n2="%E3%83%81%E3%83%AF%E3%83%AF%E9%9A%8A%E9%95%B7" n3="%E7%89%B9%E6%9D%B1%E5%96%B0%E8%B5%A4%E9%80%9F" dan="16,16,16,16" rate="2117.82,2071.78,2100.22,2064.88" sx="M,F,M,M"/><TAIKYOKU oya="0"/><INIT seed="0,0,0,3,5,56" ten="250,250,250,250" oya="0" hai0="6,109,48,118,112,65,119,90,70,133,61,32,14" hai1="85,3,135,43,7,100,35,51,122,27,5,49,62" hai2="21,124,36,99,57,75,72,54,46,44,115,34,76" hai3="102,83,111,13,39,131,16,113,127,58,28,105,50"/><T55/><D32/><U52/><E122/><V23/><F34/><W64/><G113/><T91/><D112/><U120/><E120/><V116/><F115/><W92/><G39/><T101/><D101/><U9/><E7/><V37/><F116/><W30/><G111/><T94/><D109/><U63/><E100/><V114/><F114/><W26/><G105/><T77/><D77/><U128/><E85/><V95/><F124/><W4/><G131/><T67/><D67/><U81/><E81/><V17/><F36/><W73/><G127/><T125/><D125/><U106/><E106/><V33/><F33/><W130/><G73/><T129/><D129/><U1/><E1/><V82/><F72/><W20/><G83/><T103/><D103/><U25/><E128/><V8/><F8/><N who="3" m="4231" /><G130/><T19/><D6/><U117/><E117/><V87/><F75/><W126/><G126/><T66/><D66/><U98/><E98/><V107/><F107/><W0/><G0/><T60/><D133/><U89/><E89/><N who="2" m="55791" /><F37/><W123/><G123/><T45/><D60/><U2/><E2/><V40/><F40/><W134/><G134/><T22/><REACH who="0" step="1"/><D91/><REACH who="0" ten="240,250,250,250" step="2"/><U96/><E135/><V10/><F76/><W88/><G102/><T69/><D69/><U79/><E79/><V86/><F82/><W108/><G108/><T74/><D74/><U15/><E35/><V71/><F71/><W68/><G68/><T97/><AGARI ba="0,1" hai="14,19,22,45,48,55,61,65,70,90,94,97,118,119" machi="97" ten="20,7800,0" yaku="1,1,0,1,7,1,52,1,53,0" doraHai="56" doraHaiUra="53" who="0" fromWho="0" sc="240,88,250,-26,250,-26,250,-26" /><INIT seed="0,1,0,0,4,103" ten="328,224,224,224" oya="0" hai0="120,114,98,135,63,99,12,47,8,50,73,127,128" hai1="18,68,108,49,24,40,51,7,43,30,116,133,87" hai2="126,42,131,89,23,78,4,26,107,79,95,92,9" hai3="129,122,134,65,32,117,38,74,100,1,39,37,6"/><T91/><D114/><U29/><E116/><V67/><F126/><W48/><G117/><T2/><D120/><U132/><E108/><V25/><F131/><W15/><G32/><T31/><D127/><U119/><E68/><V71/><F42/><N who="1" m="15913" /><E7/><V55/><F107/><W16/><G74/><T96/><D2/><U121/><E119/><V90/><F26/><W86/><G134/><N who="1" m="51818" /><E87/><V52/><F67/><W36/><G65/><T34/><D73/><U27/><E18/><V109/><F71/><W21/><G37/><T81/><D135/><U93/><E93/><V101/><F109/><W123/><G86/><T106/><D128/><U11/><E11/><V82/><F92/><W41/><G129/><T59/><D31/><N who="1" m="11787" /><E121/><N who="3" m="46090" /><G39/><T46/><D34/><U125/><E125/><V60/><F95/><W104/><G6/><T58/><D8/><U69/><E69/><V35/><F9/><W53/><G41/><T56/><D12/><U54/><E54/><V70/><F55/><W28/><G28/><T102/><D59/><U113/><E113/><V17/><F35/><W33/><G33/><T45/><D58/><U80/><E80/><V94/><F4/><W76/><G1/><T118/><D118/><U57/><E57/><N who="2" m="34855" /><F70/><W61/><G36/><T110/><D110/><U130/><E130/><V88/><F82/><W64/><G38/><T83/><D83/><U111/><E111/><V10/><F10/><W44/><G15/><T77/><D56/><U84/><E84/><V62/><F62/><W19/><G61/><T0/><D63/><U75/><E75/><V97/><AGARI ba="1,0" hai="17,23,25,78,79,88,89,90,94,97,101" m="34855" machi="97" ten="30,7900,0" yaku="5,1,8,1,54,2" doraHai="103" who="2" fromWho="2" sc="328,-40,224,-21,224,82,224,-21" /><INIT seed="1,0,0,5,1,106" ten="288,203,306,203" oya="1" hai0="41,42,9,31,19,70,15,87,80,30,93,104,66" hai1="13,44,134,135,73,107,71,105,57,120,11,67,102" hai2="62,76,88,84,56,122,59,100,78,21,112,18,10" hai3="94,98,115,37,92,6,116,39,121,89,1,110,7"/><U5/><E71/><V127/><F122/><W50/><G121/><T108/><D104/><U128/><E120/><V23/><F112/><W103/><G115/><T113/><D113/><U43/><E102/><V129/><F129/><W45/><G110/><T14/><D108/><U8/><E128/><V130/><F130/><W2/><G116/><T124/><D124/><U101/><E101/><V3/><F127/><W29/><G29/><N who="0" m="10763" /><D70/><U34/><E34/><V36/><F36/><W95/><G1/><T33/><D66/><U28/><E28/><V64/><F100/><W81/><G2/><T55/><D93/><U65/><E11/><V54/><F10/><W27/><G27/><T117/><D117/><U22/><E22/><N who="2" m="8203" /><F18/><W17/><G17/><T0/><D14/><U60/><E67/><V25/><F3/><W85/><G39/><T123/><D0/><U132/><REACH who="1" step="1"/><E73/><REACH who="1" ten="288,193,306,203" step="2"/><V126/><F126/><W35/><G35/><T99/><D33/><U90/><E90/><V40/><F88/><W12/><G103/><T26/><D123/><U24/><E24/><V51/><F25/><W69/><G69/><T68/><D68/><U47/><E47/><N who="2" m="26087" /><F84/><W32/><G32/><T96/><D26/><U86/><E86/><V48/><AGARI ba="0,1" hai="48,54,56,59,62,64,76,78" m="26087,8203" machi="48" ten="30,1100,0" yaku="8,1" doraHai="106" who="2" fromWho="2" sc="288,-3,193,-5,306,21,203,-3" /><INIT seed="2,0,0,5,3,129" ten="285,188,327,200" oya="2" hai0="75,128,16,9,58,43,111,61,15,112,109,120,110" hai1="18,0,94,29,56,116,11,87,1,50,67,7,47" hai2="53,31,49,80,134,86,130,76,3,62,6,2,91" hai3="4,22,51,131,54,65,33,5,93,55,28,98,66"/><V118/><F118/><W113/><G33/><T103/><D128/><U107/><E116/><V35/><F130/><W20/><G131/><T122/><D112/><U127/><E107/><V13/><F62/><W79/><G79/><T46/><D75/><U60/><E127/><V68/><F68/><W72/><G72/><T135/><D103/><U101/><E29/><V77/><F2/><W89/><G113/><T38/><REACH who="0" step="1"/><D135/><REACH who="0" ten="275,188,327,200" step="2"/><U57/><E101/><V121/><F134/><W70/><G70/><T124/><D124/><U84/><E0/><V21/><F3/><W73/><G73/><T105/><D105/><U71/><E94/><V88/><F121/><W14/><G93/><T81/><D81/><U132/><E132/><V52/><F80/><W125/><G125/><T37/><D37/><U34/><E34/><V96/><F35/><W82/><G82/><T117/><D117/><U41/><E87/><V100/><F86/><W10/><G98/><T32/><D32/><U25/><E84/><V44/><F96/><W64/><G89/><T24/><D24/><U48/><E25/><V45/><F100/><W119/><G119/><T30/><D30/><U78/><E78/><V115/><F115/><W19/><G28/><T69/><D69/><U85/><E85/><V104/><F104/><W99/><G99/><T27/><D27/><U36/><E71/><V95/><F77/><W90/><G90/><T59/><D59/><U23/><E56/><V102/><F76/><W114/><G114/><T17/><D17/><U12/><AGARI ba="0,1" hai="1,7,11,12,18,23,36,41,47,48,50,57,60,67" machi="12" ten="20,1500,0" yaku="0,1,7,1" doraHai="129" who="1" fromWho="1" sc="275,-4,188,25,327,-7,200,-4" /><INIT seed="3,0,0,3,2,85" ten="271,213,320,196" oya="3" hai0="105,129,38,119,0,2,77,4,124,103,112,93,3" hai1="118,117,70,67,92,81,68,8,98,31,43,75,1" hai2="22,59,47,84,44,9,40,46,10,48,49,20,18" hai3="42,82,100,36,90,111,17,65,15,72,95,89,130"/><W109/><G130/><T69/><D119/><N who="1" m="45579" /><E43/><N who="2" m="24607" /><F46/><N who="3" m="23879" /><G65/><T128/><D105/><U5/><E31/><V58/><F84/><W120/><G120/><T102/><D69/><U26/><E26/><N who="2" m="14615" /><F22/><N who="3" m="11583" /><G100/><T83/><D102/><N who="1" m="60743" /><E67/><V28/><F28/><W104/><G95/><T29/><D93/><U107/><E107/><V94/><F94/><W7/><G7/><T79/><D4/><U88/><E75/><V113/><F113/><W126/><G126/><T125/><D112/><U97/><E81/><V131/><F131/><W114/><G104/><T24/><D83/><U45/><E45/><V19/><F19/><W50/><G114/><T121/><D121/><U51/><E51/><V11/><AGARI ba="0,0" hai="9,10,11,40,47,49,58,59" m="14615,24607" machi="11" ten="30,1100,0" yaku="8,1" doraHai="85" who="2" fromWho="2" sc="271,-3,213,-3,320,11,196,-5" owari="268,6.8,210,-19.0,331,43.1,191,-30.9" /></mjloggm>