<mjloggm ver="2.3"><GO type="225" lobby="0"/><UN n0="%E5%A4%96%E5%B7%9D%E7%AB%9C%E6%88%90" n1="%E3%81%8F%E3%81%BE%E3%81%96%E3%82%8F" n2="%73%6C%69%63%6B%33%31%39" n3="%6D%75%75%6D%75%72%61" dan="16,16,16,17" rate="2118.46,2047.92,2151.53,2194.53" sx="M,M,M,F"/><TAIKYOKU oya="0"/><INIT seed="0,0,0,1,2,87" ten="250,250,250,250" oya="0" hai0="70,135,115,89,51,6,128,122,132,112,58,40,41" hai1="80,0,102,78,71,49,59,5,88,22,56,7,27" hai2="83,50,100,32,67,3,61,93,10,111,119,103,98" hai3="60,38,20,65,76,72,92,81,2,94,24,75,31"/><T117/><D117/><U86/><E71/><V37/><F37/><W21/><G38/><T28/><D122/><U114/><E114/><N who="0" m="43561" /><D6/><N who="1" m="2059" /><E0/><V84/><F32/><W9/><G2/><T129/><D28/><N who="1" m="17527" /><E102/><V91/><F119/><W110/><G9/><T23/><D23/><U101/><E101/><N who="2" m="60623" /><F3/><W123/><G123/><T13/><D13/><U54/><E59/><N who="2" m="37311" /><F111/><W18/><G110/><T47/><D89/><AGARI ba="0,0" hai="49,54,56,78,80,86,88,89" m="17527,2059" machi="89" ten="30,7700,0" yaku="8,1,52,2,54,1" doraHai="87" who="1" fromWho="0" sc="250,-77,250,77,250,0,250,0" /><INIT seed="1,0,0,3,1,23" ten="173,327,250,250" oya="1" hai0="71,62,49,72,16,110,93,130,99,14,64,75,135" hai1="29,124,84,54,9,39,57,59,26,103,86,87,70" hai2="134,17,133,36,52,43,118,19,79,32,7,112,35" hai3="100,117,55,128,121,73,11,46,30,34,80,51,123"/><U105/><E124/><V67/><F118/><W3/><G128/><T114/><D130/><U41/><E70/><V91/><F67/><W111/><G111/><T60/><D114/><U12/><E39/><V66/><F66/><W20/><G117/><T92/><D62/><U21/><E41/><V132/><F112/><W129/><G129/><T74/><D110/><U63/><E105/><V37/><F7/><W15/><G3/><T13/><D135/><U116/><E116/><V31/><F79/><W45/><G34/><N who="2" m="12841" /><F31/><W47/><G100/><T44/><D13/><U131/><E131/><V61/><F91/><W78/><G121/><T56/><D99/><U40/><E40/><V48/><F61/><W10/><G123/><T28/><D28/><U98/><E59/><N who="2" m="33159" /><F43/><W0/><G0/><T125/><D125/><U65/><E54/><V108/><F108/><W113/><G113/><T38/><D38/><AGARI ba="0,0" hai="17,19,36,37,38,132,133,134" m="33159,12841" machi="38" ten="40,2600,0" yaku="20,1,54,1" doraHai="23" who="2" fromWho="0" sc="173,-26,327,0,250,26,250,0" /><INIT seed="2,0,0,2,1,93" ten="147,327,276,250" oya="2" hai0="119,10,26,55,88,58,30,80,111,126,103,5,34" hai1="64,96,100,49,72,107,40,98,120,25,130,97,1" hai2="68,87,77,16,11,19,17,106,84,35,101,46,43" hai3="110,118,82,13,22,29,91,105,85,66,4,27,38"/><V50/><F68/><W70/><G118/><T31/><D119/><U15/><E1/><V109/><F35/><W23/><G110/><T60/><D111/><U92/><E130/><V59/><F109/><W73/><G38/><T12/><D126/><U61/><E120/><V122/><F122/><W14/><G73/><T123/><D123/><U53/><E72/><V56/><F11/><W74/><G74/><T113/><D113/><U63/><E40/><V89/><F77/><W0/><G0/><T115/><D115/><U57/><E25/><V62/><F59/><W131/><G131/><T125/><D125/><U33/><E33/><V47/><F46/><W121/><G121/><T134/><D134/><U21/><E107/><V9/><F9/><W104/><G4/><T78/><D30/><U6/><E61/><V69/><F69/><W45/><G45/><T90/><REACH who="0" step="1"/><D103/><REACH who="0" ten="137,327,276,250" step="2"/><U20/><E100/><V114/><F114/><W51/><G29/><T94/><D94/><U48/><E92/><N who="2" m="54311" /><F101/><W37/><G104/><T129/><D129/><U135/><E135/><V81/><F106/><W83/><G105/><T52/><D52/><U108/><E108/><V42/><F43/><W8/><G66/><T133/><D133/><U41/><E41/><V71/><F42/><W95/><G95/><T75/><AGARI ba="0,1" hai="5,10,12,26,31,34,55,58,60,75,78,80,88,90" machi="75" ten="20,8000,1" yaku="1,1,0,1,7,1,54,1,53,1" doraHai="93" doraHaiUra="54" who="0" fromWho="0" sc="137,90,327,-20,276,-40,250,-20" /><INIT seed="3,0,0,5,1,108" ten="227,307,236,230" oya="3" hai0="2,20,112,80,44,96,57,99,83,127,75,109,82" hai1="21,95,7,4,105,98,47,22,131,89,52,38,49" hai2="54,9,12,84,116,37,14,43,73,117,19,51,93" hai3="70,126,27,81,91,24,85,0,76,60,90,26,110"/><W32/><G126/><T102/><D127/><U40/><E105/><V11/><F73/><W59/><G70/><T77/><D2/><U3/><E131/><V97/><F84/><W74/><G110/><T29/><D109/><U30/><E3/><V55/><F37/><W28/><G0/><T31/><D99/><U45/><E30/><V53/><F43/><W68/><G68/><T58/><D77/><U134/><E134/><V86/><F86/><W65/><REACH who="3" step="1"/><G90/><REACH who="3" ten="227,307,236,220" step="2"/><T15/><D75/><U5/><AGARI ba="0,1" hai="4,5,7,21,22,38,40,45,47,49,52,89,95,98" machi="5" ten="30,2000,0" yaku="0,1,54,1" doraHai="108" who="1" fromWho="1" sc="227,-5,307,30,236,-5,220,-10" owari="222,-17.8,337,43.7,231,3.1,210,-29.0" /></mjloggm>