<mjloggm ver="2.3"><GO type="225" lobby="0"/><UN n0="%E3%81%AF%E3%82%88%E3%81%8A%E3%81%98%E3%81%95%E3%82%93" n1="%73%69%72%6F%75%74" n2="%E7%B4%94%E6%BD%94%E3%83%94%E3%83%A9%E3%83%8B%E3%82%A2" n3="%6D%75%75%6D%75%72%61" dan="16,16,16,16" rate="2162.28,2146.20,2094.72,2130.21" sx="M,M,M,F"/><TAIKYOKU oya="0"/><INIT seed="0,0,0,2,3,94" ten="250,250,250,250" oya="0" hai0="3,69,29,105,12,13,25,55,87,75,117,83,73" hai1="122,127,22,107,81,7,5,49,41,45,14,40,89" hai2="62,64,47,57,76,133,110,106,86,23,88,84,79" hai3="38,48,77,131,21,98,124,56,53,67,31,33,82"/><T43/><D117/><U120/><E127/><V129/><F110/><W46/><G124/><T118/><D118/><U78/><E107/><V95/><F129/><W91/><G131/><T132/><D3/><U72/><E41/><V65/><F133/><W114/><G33/><T113/><D113/><U59/><E5/><V71/><F106/><W58/><G114/><T97/><D69/><U44/><E44/><V17/><F71/><W16/><G31/><T130/><D130/><U126/><E126/><V54/><F86/><W66/><G38/><T10/><D132/><U101/><E101/><V4/><F4/><W28/><G28/><T100/><D55/><U27/><E89/><V24/><F47/><W102/><G91/><T15/><D10/><U9/><REACH who="1" step="1"/><E59/><REACH who="1" ten="250,240,250,250" step="2"/><V74/><F76/><W99/><G102/><T119/><D43/><U51/><E51/><V104/><F104/><W61/><G58/><T123/><D119/><U0/><E0/><V19/><F19/><AGARI ba="0,1" hai="7,9,14,19,22,27,40,45,49,72,78,81,120,122" machi="19" ten="30,2000,0" yaku="1,1,7,1,53,0" doraHai="94" doraHaiUra="90" who="1" fromWho="2" sc="250,0,240,30,250,-20,250,0" /><INIT seed="1,0,0,4,4,125" ten="250,270,230,250" oya="1" hai0="41,84,38,55,15,90,61,25,106,116,7,91,103" hai1="18,59,107,3,21,14,72,19,122,89,130,83,36" hai2="112,10,47,99,132,49,126,57,102,53,12,62,104" hai3="82,118,80,69,98,34,46,135,48,9,35,115,95"/><U119/><E122/><V96/><F132/><W56/><G115/><T42/><D116/><U123/><E123/><V54/><F126/><W37/><G69/><T45/><D42/><U110/><E107/><V6/><REACH who="2" step="1"/><F96/><REACH who="2" ten="250,270,220,250" step="2"/><W74/><G135/><T133/><D133/><U8/><E119/><V60/><F60/><W28/><G118/><T120/><D120/><U88/><E110/><V5/><F5/><W92/><G98/><T30/><D7/><U81/><E3/><V134/><F134/><W70/><G35/><T101/><D61/><U20/><E21/><V109/><F109/><W44/><G34/><T43/><D38/><U32/><E32/><V71/><F71/><W76/><G70/><T85/><D106/><U13/><E36/><V58/><F58/><W65/><G56/><T93/><D45/><U127/><E127/><V114/><AGARI ba="0,1" hai="6,10,12,47,49,53,54,57,62,99,102,104,112,114" machi="114" ten="30,4000,0" yaku="1,1,0,1,53,1" doraHai="125" doraHaiUra="1" who="2" fromWho="2" sc="250,-10,270,-20,220,50,250,-10" /><INIT seed="2,0,0,1,3,113" ten="240,250,270,240" oya="2" hai0="93,65,85,106,132,54,81,21,90,63,26,127,84" hai1="64,117,129,55,31,94,112,45,134,114,15,61,19" hai2="40,18,20,44,43,59,0,99,96,116,7,88,124" hai3="46,35,37,69,51,105,1,95,28,87,12,126,34"/><V73/><F73/><W71/><G1/><T5/><D127/><U89/><E134/><V75/><F75/><W104/><G126/><T66/><D132/><U80/><E80/><V4/><F124/><W23/><G37/><T74/><D106/><U8/><E129/><V3/><F116/><W109/><G109/><T110/><D74/><U24/><E117/><V122/><F122/><W77/><G104/><T56/><D5/><N who="2" m="2122" /><F0/><W41/><G105/><T118/><D110/><U68/><E45/><V2/><F2/><W78/><G78/><T107/><D107/><U48/><E48/><N who="2" m="26631" /><F43/><W108/><G108/><T70/><D70/><U10/><E10/><V98/><F59/><W22/><G35/><T86/><D118/><U38/><E38/><V16/><F3/><W50/><G50/><T13/><D13/><U82/><E82/><V9/><F9/><W101/><G77/><T33/><D33/><U133/><E133/><V27/><F18/><W128/><G128/><T111/><D111/><U79/><E114/><V25/><F25/><W103/><G34/><T135/><D135/><U36/><E36/><V92/><AGARI ba="0,0" hai="16,20,27,88,92,96,98,99" m="26631,2122" machi="92" ten="30,6000,0" yaku="8,1,54,2" doraHai="113" who="2" fromWho="2" sc="240,-20,250,-20,270,60,240,-20" /><INIT seed="2,1,0,5,0,40" ten="220,230,330,220" oya="2" hai0="128,67,88,106,103,34,16,129,47,90,134,114,52" hai1="56,49,107,19,57,123,23,7,42,80,62,46,15" hai2="74,93,84,10,37,127,36,77,135,45,73,65,89" hai3="108,20,120,85,9,101,54,30,109,75,51,102,59"/><V117/><F117/><W63/><G75/><T122/><D114/><U116/><E116/><V112/><F112/><W92/><G120/><T60/><D122/><U115/><E107/><V27/><F127/><W91/><G9/><T83/><D34/><U43/><E123/><V118/><F118/><W12/><G63/><T53/><D134/><U99/><E115/><V69/><F135/><W121/><G121/><T119/><D119/><U29/><E99/><V41/><F37/><W76/><G76/><T61/><D106/><U98/><E98/><V110/><F110/><N who="3" m="42603" /><G30/><T39/><D103/><U55/><E29/><V66/><F69/><W6/><G6/><T38/><D16/><AGARI ba="1,0" hai="12,16,20,51,54,59,85,91,92,101,102" m="42603" machi="16" ten="30,3900,0" yaku="25,1,14,1,54,1" doraHai="40" who="3" fromWho="0" sc="220,-42,230,0,330,0,220,42" /><INIT seed="3,0,0,2,4,109" ten="178,230,330,262" oya="3" hai0="120,113,88,58,39,73,47,59,131,75,61,71,64" hai1="16,33,66,80,69,57,100,116,77,84,104,30,3" hai2="32,11,18,97,98,112,29,45,117,82,101,119,135" hai3="94,65,14,102,85,81,31,44,125,124,19,17,110"/><W105/><G105/><T2/><D120/><U55/><E3/><V126/><F112/><W86/><G110/><T107/><D2/><U42/><E42/><V129/><F32/><W13/><G31/><T35/><D35/><U106/><E100/><V68/><F68/><W74/><G74/><T36/><D107/><U76/><E76/><V115/><F115/><W91/><G65/><T99/><D113/><U51/><E116/><V22/><F98/><W79/><G102/><T114/><D114/><U90/><E30/><V1/><F29/><W41/><G13/><T48/><D131/><U10/><E33/><V4/><F129/><W130/><G130/><T6/><D6/><U123/><E123/><V122/><F122/><W128/><G128/><T25/><D25/><U108/><E108/><V134/><F82/><W56/><G56/><T103/><D103/><U83/><E69/><V60/><F45/><W54/><G54/><T40/><D75/><U37/><E37/><V15/><F60/><W43/><G43/><T8/><D8/><U9/><E9/><V78/><F78/><W24/><G24/><T28/><D28/><U118/><E118/><V67/><F67/><W127/><G14/><T12/><D12/><N who="1" m="7191" /><E66/><V93/><F119/><W34/><G34/><T87/><D73/><N who="1" m="43055" /><E106/><V132/><F117/><W96/><G96/><T92/><D99/><U5/><E104/><V133/><F133/><W89/><G79/><T38/><D59/><U72/><E72/><V52/><F52/><W46/><G46/><T62/><D36/><AGARI ba="0,0" hai="17,19,36,41,44,81,85,86,89,91,94,124,125,127" machi="36" ten="40,2000,0" yaku="18,1" doraHai="109" who="3" fromWho="0" sc="178,-20,230,0,330,0,262,20" /><INIT seed="3,1,0,2,4,30" ten="158,230,330,282" oya="3" hai0="66,83,103,36,32,46,12,22,82,118,90,42,122" hai1="64,48,33,49,106,56,65,108,15,134,115,53,24" hai2="113,44,25,20,96,135,28,40,17,62,91,21,95" hai3="114,133,98,23,97,63,105,94,107,67,127,84,89"/><W14/><G114/><T68/><D118/><U120/><E106/><V5/><F135/><W109/><G133/><T35/><D122/><U57/><E134/><V50/><F113/><W131/><G127/><T43/><D103/><U1/><E1/><V119/><F119/><W7/><G131/><T78/><D43/><U128/><E115/><V31/><F5/><W87/><G107/><T116/><D116/><U71/><E15/><N who="2" m="9279" /><F62/><W70/><G109/><T9/><D22/><U2/><E2/><V19/><AGARI ba="1,0" hai="19,21,25,28,31,40,44,50,91,95,96" m="9279" machi="19" ten="30,1100,0" yaku="8,1" doraHai="30" who="2" fromWho="2" sc="158,-4,230,-4,330,14,282,-6" owari="154,-34.6,226,-17.4,344,44.4,276,7.6" /></mjloggm>