<mjloggm ver="2.3"><GO type="225" lobby="0"/><UN n0="%E3%82%BC%E3%83%AB%E3%83%80%E3%81%AE%E4%BC%9D%E8%AA%AC" n1="%E4%B8%8B%E6%AE%B5%E3%83%81%E3%82%A7%E3%83%AA%E3%83%BC" n2="%E3%83%9F%E3%83%AA%E3%83%80%E3%81%97%E3%82%88" n3="%E8%A8%88%E7%AE%97%E6%A9%9F%E8%87%AA%E7%84%B6" dan="16,16,16,17" rate="2112.93,2147.41,2062.21,2199.45" sx="M,M,M,M"/><TAIKYOKU oya="0"/><INIT seed="0,0,0,4,2,100" ten="250,250,250,250" oya="0" hai0="30,3,99,97,128,101,28,57,76,77,17,134,80" hai1="54,68,11,85,115,31,26,105,19,71,133,83,82" hai2="89,29,70,119,127,50,69,55,0,124,88,65,53" hai3="109,121,9,104,36,78,93,5,13,27,86,32,14"/><T21/><D134/><U129/><E115/><V130/><F130/><W4/><G36/><T98/><D128/><U74/><E129/><V126/><F0/><W40/><G40/><T33/><D3/><U60/><E133/><V8/><F8/><W111/><G121/><T122/><D122/><U135/><E135/><V117/><F29/><N who="3" m="19519" /><G93/><T113/><D113/><U64/><E71/><N who="2" m="27147" /><F65/><W67/><G67/><T125/><D125/><U58/><E74/><V61/><F61/><W15/><G86/><T2/><D2/><U37/><E37/><V7/><F7/><N who="3" m="2635" /><G78/><T10/><D10/><U48/><E105/><V41/><F41/><W45/><G45/><T47/><D33/><U23/><E11/><V35/><F35/><W107/><G9/><T66/><D47/><U112/><E112/><V62/><F62/><W123/><G123/><T131/><D131/><U116/><E116/><N who="2" m="44619" /><F53/><W1/><G1/><T51/><D101/><U94/><REACH who="1" step="1"/><E31/><REACH who="1" ten="250,240,250,250" step="2"/><V6/><F6/><W52/><G104/><T91/><D30/><U44/><E44/><AGARI ba="0,1" hai="44,50,55,88,89,124,126,127" m="44619,27147" machi="44" ten="40,5200,0" yaku="18,1,12,1,54,1" doraHai="100" who="2" fromWho="1" sc="250,0,240,-52,250,62,250,0" /><INIT seed="1,0,0,3,4,13" ten="250,188,312,250" oya="1" hai0="54,76,126,107,21,48,103,91,51,104,12,108,95" hai1="31,8,17,83,33,132,113,34,2,66,43,1,64" hai2="102,39,65,22,58,4,55,42,133,123,37,79,77" hai3="62,11,129,38,59,85,111,114,93,94,6,131,106"/><U72/><E113/><V56/><F123/><W53/><G114/><T112/><D112/><U60/><E43/><V35/><F35/><W135/><G106/><T115/><D115/><U101/><E101/><V96/><F133/><W23/><G38/><T127/><D108/><U40/><E40/><V20/><F4/><W50/><G111/><T57/><D76/><U80/><E132/><V16/><F22/><W9/><G135/><T100/><D48/><U5/><E2/><V73/><F73/><W121/><G121/><T98/><D103/><U89/><E66/><V81/><F81/><W27/><G62/><T130/><D130/><N who="3" m="49673" /><G85/><N who="0" m="52719" /><D107/><U49/><E49/><V0/><F0/><N who="3" m="199" /><G11/><T86/><D86/><U45/><E45/><V29/><F29/><AGARI ba="0,0" hai="23,27,29,50,53,59,93,94" m="199,49673" machi="29" ten="30,1000,0" yaku="19,1" doraHai="13" who="3" fromWho="2" sc="250,0,188,0,312,-10,250,10" /><INIT seed="2,0,0,3,5,1" ten="250,188,302,260" oya="2" hai0="43,52,95,55,134,128,106,99,57,76,100,15,38" hai1="48,40,28,29,122,36,62,73,41,108,92,133,111" hai2="120,85,104,103,27,60,22,19,129,44,30,35,4" hai3="58,93,46,45,78,51,81,82,49,42,90,20,125"/><V97/><F120/><W110/><G110/><N who="1" m="42026" /><E73/><V8/><F129/><W127/><G58/><T3/><D3/><U119/><E92/><V37/><F85/><W79/><G20/><T75/><D128/><U116/><E28/><V118/><F118/><N who="1" m="45097" /><E29/><V2/><F60/><W107/><G107/><T31/><D134/><U33/><E33/><V24/><F44/><W121/><G121/><T123/><D123/><U5/><E122/><V23/><REACH who="2" step="1"/><F37/><REACH who="2" ten="250,188,292,260" step="2"/><W72/><G46/><T12/><D38/><U25/><E36/><V96/><F96/><W114/><G49/><T89/><D99/><U39/><E39/><V71/><F71/><W131/><G131/><T113/><D75/><U94/><E133/><V18/><F18/><W98/><G114/><T66/><D113/><U53/><E62/><V130/><F130/><W61/><G61/><T112/><D112/><U14/><E41/><V105/><F105/><W16/><G16/><T9/><D43/><U135/><E40/><V47/><F47/><W124/><G72/><T32/><D106/><U70/><E70/><V101/><F101/><W132/><G132/><T50/><D100/><U117/><E135/><V13/><F13/><W59/><G59/><T68/><D15/><U109/><E117/><V56/><F56/><W54/><G42/><T74/><D57/><N who="1" m="32935" /><E109/><V87/><F87/><W34/><G51/><T67/><D50/><U84/><E25/><V83/><F83/><N who="3" m="31755" /><G45/><T65/><D68/><U64/><E64/><V0/><F0/><W115/><G115/><T69/><D69/><U6/><E14/><V80/><F80/><RYUUKYOKU ba="0,1" sc="250,-15,188,15,292,15,260,-15" hai1="5,6,84,94" hai2="2,4,8,19,22,23,24,27,30,35,97,103,104" /><INIT seed="2,1,1,4,2,64" ten="235,203,307,245" oya="2" hai0="39,89,47,63,80,59,41,131,124,93,35,56,14" hai1="115,1,91,2,61,104,121,122,83,111,21,107,105" hai2="90,75,67,44,50,8,37,65,103,99,106,19,9" hai3="52,42,33,48,70,79,116,3,24,27,18,17,129"/><V26/><F37/><W6/><G116/><T108/><D35/><U95/><E115/><V118/><F118/><W66/><G129/><T135/><D131/><U86/><E21/><V12/><F75/><W76/><G42/><T30/><D108/><U45/><E45/><V55/><F90/><W46/><G3/><T51/><D124/><U123/><E111/><V40/><F40/><W96/><G6/><T132/><D30/><U77/><REACH who="1" step="1"/><E61/><REACH who="1" ten="235,193,307,245" step="2"/><V109/><F109/><W81/><G46/><T22/><D63/><U125/><E125/><V74/><F74/><AGARI ba="1,2" hai="1,2,74,77,83,86,91,95,104,105,107,121,122,123" machi="74" ten="50,8000,1" yaku="1,1,13,1,53,3" doraHai="64" doraHaiUra="119" who="1" fromWho="2" sc="235,0,193,103,307,-83,245,0" /><INIT seed="3,0,0,2,0,30" ten="235,296,224,245" oya="3" hai0="11,59,82,18,112,69,65,40,74,135,0,14,85" hai1="132,26,45,87,125,133,124,79,116,52,105,23,33" hai2="107,2,81,34,51,73,122,22,21,46,111,106,68" hai3="10,16,31,63,39,5,58,4,134,32,75,27,118"/><W89/><G118/><T17/><D0/><U123/><E105/><V99/><F111/><W49/><G39/><T29/><D74/><U3/><E3/><V77/><F122/><W109/><G75/><T25/><D135/><U114/><E114/><V36/><F36/><W72/><G72/><T108/><D108/><U7/><E7/><V35/><F2/><W12/><G109/><T62/><D112/><U84/><E33/><V66/><F66/><W113/><G113/><T127/><D127/><N who="1" m="48715" /><E123/><V42/><F68/><W70/><G134/><N who="1" m="51818" /><E116/><V96/><F107/><W90/><G49/><T104/><D40/><U47/><E52/><V121/><F121/><W110/><G70/><T88/><D104/><U103/><E103/><V92/><F106/><W130/><G110/><T117/><D117/><U86/><E79/><V43/><F43/><W48/><G48/><T6/><REACH who="0" step="1"/><D69/><REACH who="0" ten="225,296,224,245" step="2"/><U120/><E120/><V56/><F56/><W129/><G58/><T71/><D71/><U55/><E55/><V83/><F83/><W100/><G129/><T19/><D19/><AGARI ba="0,1" hai="19,23,26,45,47,84,86,87" m="51818,48715" machi="19" ten="40,2600,0" yaku="18,1,20,1" doraHai="30" who="1" fromWho="0" sc="225,-26,296,36,224,0,245,0" owari="199,-30.1,332,43.2,224,-17.6,245,4.5" /></mjloggm>