<mjloggm ver="2.3"><GO type="225" lobby="0"/><UN n0="%E8%83%83%E3%81%A8%E8%85%B8" n1="%E8%B6%85%E7%B4%9A%E9%B3%B3%E5%87%B0" n2="%E3%82%8C%E3%81%99%E3%81%93" n3="%E5%A4%9C%E3%81%AE%E3%82%AC%E3%82%B9%E3%83%91%E3%83%BC%E3%83%AB" dan="16,16,16,17" rate="2147.09,2216.65,2106.84,2228.48" sx="M,F,F,M"/><TAIKYOKU oya="0"/><INIT seed="0,0,0,2,2,111" ten="250,250,250,250" oya="0" hai0="1,127,32,89,10,125,31,47,115,23,22,97,131" hai1="19,16,79,43,122,8,101,99,50,70,96,2,98" hai2="20,78,36,112,38,107,49,76,71,106,56,27,95" hai3="84,15,25,103,110,85,61,60,18,109,29,45,33"/><T90/><D47/><U135/><E122/><V17/><F71/><W41/><G103/><T11/><D97/><U94/><E70/><V113/><F95/><W73/><G73/><T88/><D131/><U67/><E67/><V129/><F129/><W100/><G100/><T69/><D69/><U52/><E135/><V116/><F116/><W44/><G44/><T39/><D39/><U42/><E79/><V82/><F82/><W75/><G75/><T72/><D72/><U68/><E68/><V6/><F6/><W120/><G120/><T21/><D115/><U46/><E2/><V81/><F81/><W59/><G61/><T108/><D108/><N who="3" m="41577" /><G15/><T104/><D104/><U7/><E7/><V123/><F123/><W119/><G18/><N who="1" m="6698" /><E8/><N who="0" m="3113" /><D1/><U12/><E12/><V14/><F17/><W9/><G9/><T133/><D32/><U58/><E43/><V62/><F107/><W87/><G119/><T66/><D66/><U121/><E121/><V132/><F106/><W53/><G85/><T83/><D83/><U91/><E101/><V128/><F113/><W63/><G63/><AGARI ba="0,0" hai="42,46,50,52,58,63,91,94,96,98,99" m="6698" machi="63" ten="30,3900,0" yaku="8,1,54,2" doraHai="111" who="1" fromWho="3" sc="250,0,250,39,250,0,250,-39" /><INIT seed="1,0,0,5,4,75" ten="250,289,250,211" oya="1" hai0="35,7,84,1,40,71,3,104,102,36,63,111,41" hai1="6,118,83,124,78,96,108,100,69,22,34,123,52" hai2="20,4,90,8,60,24,117,33,113,99,48,37,129" hai3="121,26,38,13,65,116,9,76,119,14,107,120,0"/><U132/><E34/><V49/><F117/><N who="3" m="45131" /><G107/><T109/><D84/><U114/><E6/><V25/><F37/><W134/><G38/><T115/><D115/><U68/><E22/><V131/><F33/><W55/><G65/><N who="0" m="41407" /><D35/><U77/><E118/><V46/><F113/><W106/><G106/><T16/><D16/><U127/><E114/><V70/><F70/><W64/><G64/><T97/><D40/><U10/><E10/><V2/><F60/><W86/><G134/><T87/><D87/><U89/><E89/><V50/><F46/><W62/><G26/><T59/><D59/><U133/><E123/><N who="3" m="47178" /><G62/><T73/><D73/><U93/><E108/><N who="0" m="41545" /><D7/><U19/><E19/><V74/><F20/><W67/><G67/><T92/><D92/><U61/><E69/><V82/><F74/><W103/><G55/><T80/><D80/><U128/><E68/><V112/><F112/><W28/><G28/><T42/><D42/><U125/><E83/><V18/><F82/><N who="3" m="47431" /><G103/><T54/><D54/><U130/><E52/><V56/><F56/><W31/><G31/><T110/><N who="0" m="41553" /><T94/><DORA hai="58" /><D94/><U5/><E5/><AGARI ba="0,0" hai="0,5,9,13,14" m="47431,47178,45131" machi="5" ten="30,2000,0" yaku="12,1,52,1" doraHai="75,58" who="3" fromWho="1" sc="250,0,289,-20,250,0,211,20" /><INIT seed="2,0,0,5,2,130" ten="250,269,250,231" oya="2" hai0="43,0,113,69,72,94,82,6,4,38,21,17,46" hai1="55,59,40,74,116,60,73,106,11,39,48,78,124" hai2="88,20,41,30,121,96,56,51,66,77,123,52,16" hai3="133,103,122,47,15,115,58,57,92,112,134,95,76"/><V71/><F30/><W10/><G122/><T25/><D113/><N who="3" m="43593" /><G76/><T93/><D69/><U70/><E116/><V79/><F41/><W98/><G47/><T49/><D49/><U127/><E106/><V34/><F34/><W67/><G95/><T19/><D19/><U119/><E119/><V64/><F123/><W89/><G103/><T22/><D22/><U54/><E11/><V1/><F1/><W83/><G83/><T3/><D4/><U87/><E87/><V117/><F121/><W84/><G84/><T85/><D72/><U107/><E107/><V110/><F117/><W125/><G125/><N who="1" m="48202" /><E78/><N who="2" m="29707" /><F71/><W65/><G58/><T36/><D36/><U35/><E35/><V80/><F110/><W129/><G129/><T104/><D104/><U99/><E99/><V120/><F120/><W44/><G44/><T114/><D114/><U14/><E73/><V109/><F109/><W135/><G57/><T13/><D82/><U68/><E74/><V24/><F80/><W12/><G12/><T8/><REACH who="0" step="1"/><D94/><AGARI ba="0,0" hai="16,20,24,51,52,56,64,66,88,94,96" m="29707" machi="94" ten="30,11600,0" yaku="8,1,54,3" doraHai="130" who="2" fromWho="0" sc="250,-116,269,0,250,116,231,0" /><INIT seed="2,1,0,0,5,122" ten="134,269,366,231" oya="2" hai0="51,11,37,82,91,86,46,129,72,107,1,73,69" hai1="98,58,66,83,20,135,76,97,65,117,75,100,34" hai2="5,125,54,95,21,13,50,19,130,111,42,120,77" hai3="43,6,104,74,106,90,103,109,33,87,41,118,89"/><V0/><F120/><W2/><G33/><T30/><D129/><U81/><E117/><V28/><F130/><W84/><G118/><T26/><D107/><U128/><E128/><V61/><F125/><W16/><G74/><T29/><D69/><U15/><E34/><V112/><F112/><W47/><G109/><T49/><D37/><U44/><E135/><V57/><F28/><W67/><G67/><T116/><D116/><U62/><E81/><V79/><F0/><W8/><G103/><T53/><D29/><U121/><E121/><V96/><F5/><W39/><G43/><T32/><D1/><U101/><E65/><V88/><F111/><W10/><G87/><T14/><REACH who="0" step="1"/><D49/><REACH who="0" ten="124,269,366,231" step="2"/><U9/><E62/><V114/><F114/><W63/><G63/><T92/><D92/><U4/><E83/><V115/><F115/><W38/><G38/><T131/><D131/><U132/><E132/><V133/><F133/><W55/><G104/><T35/><D35/><U12/><E15/><V99/><F99/><W70/><G106/><T59/><D59/><U124/><E12/><V105/><F105/><W31/><G70/><T60/><D60/><U108/><E58/><V119/><F119/><W134/><G31/><T22/><D22/><U64/><E20/><V123/><F123/><W93/><G134/><T36/><D36/><U126/><E98/><V40/><F61/><W71/><G71/><T45/><D45/><U94/><E44/><V18/><F96/><W113/><G113/><T78/><D78/><U17/><E66/><V27/><F79/><W52/><G39/><RYUUKYOKU ba="1,1" sc="124,30,269,-10,366,-10,231,-10" hai0="11,14,26,30,32,46,51,53,72,73,82,86,91" /><INIT seed="3,2,1,0,3,102" ten="154,259,356,221" oya="3" hai0="123,33,37,97,42,135,129,4,90,64,0,24,44" hai1="2,88,117,54,12,59,65,8,47,27,46,130,41" hai2="83,133,52,107,29,89,121,50,63,6,116,91,109" hai3="77,25,120,69,45,35,114,16,61,67,70,13,20"/><W79/><G114/><T1/><D123/><U28/><E130/><V51/><F116/><W106/><G120/><T113/><D129/><U68/><E117/><V26/><F107/><W101/><G70/><T127/><D113/><U81/><E2/><V87/><F121/><W95/><G95/><T40/><D127/><U31/><E68/><V62/><F109/><W5/><G45/><T134/><D40/><U105/><E105/><V17/><F133/><W53/><G53/><T99/><D64/><U94/><E65/><V21/><F6/><W98/><G5/><T38/><D38/><U49/><E81/><V32/><F91/><W119/><G119/><T131/><D131/><U48/><E59/><V22/><F32/><W11/><G11/><T112/><D112/><U108/><E108/><V73/><F73/><W96/><G98/><T18/><D97/><N who="1" m="57543" /><E27/><N who="2" m="14767" /><F51/><W78/><G78/><T30/><D18/><AGARI ba="2,1" hai="8,12,18,28,31,41,46,47,48,49,54" m="57543" machi="18" ten="30,2000,0" yaku="8,1,54,1" doraHai="102" who="1" fromWho="0" sc="154,-26,259,36,356,0,221,0" owari="128,-37.2,295,9.5,356,45.6,221,-17.9" /></mjloggm>