<mjloggm ver="2.3"><GO type="225" lobby="0"/><UN n0="%E9%80%86%E9%80%A3%E5%B8%AF%E3%81%AE%E9%AC%BC" n1="%E6%A1%9C%E8%8A%B1%E9%96%83%E3%80%85" n2="%E6%98%93%E5%88%A9%E8%96%A9%E4%BC%AF" n3="%E3%83%B4%E3%82%A3%E3%83%AF%E3%82%B3%E3%82%B0%E3%83%8B" dan="16,16,16,16" rate="2137.70,2152.21,2129.28,2153.65" sx="M,M,F,M"/><TAIKYOKU oya="0"/><INIT seed="0,0,0,3,1,112" ten="250,250,250,250" oya="0" hai0="30,81,27,114,86,123,77,8,73,19,42,25,103" hai1="117,44,107,14,29,54,59,93,122,130,91,90,121" hai2="47,99,125,61,120,41,96,106,23,16,111,62,58" hai3="51,15,33,35,131,78,116,52,115,0,126,36,127"/><T88/><D123/><U24/><E24/><V11/><F120/><W132/><G0/><T17/><D114/><U95/><E107/><V46/><F111/><W75/><G36/><T1/><D103/><U82/><E29/><V89/><F125/><N who="3" m="47627" /><G115/><T133/><D133/><U92/><E44/><V34/><F34/><W69/><G69/><T10/><D42/><U80/><E14/><V28/><F28/><W104/><G104/><T38/><D38/><U128/><E59/><V70/><F11/><W6/><G131/><N who="1" m="50218" /><E54/><V50/><F106/><W22/><G78/><T97/><D97/><U5/><E5/><V100/><F100/><W74/><G132/><T119/><D119/><U18/><E18/><V37/><F89/><N who="1" m="33801" /><E117/><V32/><F32/><N who="3" m="12363" /><G116/><T3/><D3/><U67/><E67/><V68/><F68/><W87/><G15/><T85/><D27/><U72/><E80/><V63/><F70/><W9/><G9/><T45/><D45/><U66/><E66/><V124/><F58/><W60/><G60/><T83/><D10/><U84/><E72/><N who="3" m="27690" /><G87/><T12/><D1/><U56/><E56/><V20/><F124/><W71/><G71/><T31/><D73/><U113/><E113/><V57/><F57/><N who="3" m="32927" /><G22/><AGARI ba="0,0" hai="8,12,17,19,22,25,30,31,77,81,83,85,86,88" machi="22" ten="40,3900,0" yaku="8,1,54,1" doraHai="112" who="0" fromWho="3" sc="250,39,250,0,250,0,250,-39" /><INIT seed="0,1,0,3,0,33" ten="289,250,250,211" oya="0" hai0="66,80,8,88,135,37,74,83,71,42,73,70,110" hai1="75,72,48,79,63,116,51,101,68,47,60,132,26" hai2="61,23,128,18,131,4,50,41,19,11,126,38,58" hai3="104,1,46,114,32,123,125,120,31,16,67,24,17"/><T106/><D135/><U91/><E116/><V81/><F38/><W9/><G104/><T22/><D106/><U49/><E132/><V119/><F126/><W7/><G125/><T78/><D110/><U127/><E127/><V117/><F81/><W57/><G114/><T5/><D22/><U12/><E101/><V99/><F99/><W77/><G77/><T118/><D118/><N who="2" m="45066" /><F50/><W111/><G46/><T28/><D28/><U35/><E12/><N who="2" m="5223" /><F41/><W93/><G93/><T97/><D66/><U15/><E49/><V113/><F113/><W64/><G111/><T86/><D74/><U105/><E51/><V13/><F58/><W115/><G115/><T6/><D97/><U20/><E48/><V95/><F95/><W84/><G84/><T40/><D5/><U92/><E92/><V54/><F54/><W30/><G30/><T85/><D85/><U36/><E47/><V90/><F61/><N who="3" m="37935" /><G67/><T96/><D96/><U112/><E36/><V52/><F52/><W2/><G2/><N who="0" m="87" /><D40/><U134/><E112/><V0/><F90/><W59/><G59/><T3/><D3/><U65/><E91/><V44/><F44/><AGARI ba="1,0" hai="37,42,44,70,71,73,78,80,83,86,88" m="87" machi="44" ten="30,5800,0" yaku="25,1,52,1,54,1" doraHai="33" who="0" fromWho="2" sc="289,61,250,0,250,-61,211,0" /><INIT seed="0,2,0,0,3,90" ten="350,250,189,211" oya="0" hai0="84,5,107,0,15,127,32,110,72,112,116,132,4" hai1="40,101,18,103,97,54,6,34,81,59,39,93,24" hai2="31,60,13,3,25,75,68,100,105,42,52,106,44" hai3="71,91,9,33,36,78,131,67,80,69,117,83,76"/><T65/><RYUUKYOKU type="yao9" ba="2,0" sc="350,0,250,0,189,0,211,0" hai0="0,4,5,15,32,65,72,84,107,110,112,116,127,132" /><INIT seed="0,3,0,3,0,41" ten="350,250,189,211" oya="0" hai0="50,9,129,34,115,74,80,87,52,81,133,123,132" hai1="63,12,46,90,78,107,29,79,97,23,85,68,94" hai2="55,127,43,60,53,39,116,113,112,38,91,16,72" hai3="30,37,48,119,27,135,36,89,42,69,64,88,65"/><T126/><D123/><U59/><E68/><V24/><F72/><W3/><G119/><T54/><D115/><U67/><E107/><V122/><F122/><W73/><G3/><T28/><D129/><U58/><E58/><V121/><F121/><W95/><G73/><T33/><D126/><U71/><E71/><V75/><F75/><W40/><G48/><T96/><D96/><U102/><E46/><V77/><F77/><W45/><G135/><T101/><D101/><U26/><REACH who="1" step="1"/><E12/><REACH who="1" ten="350,240,189,211" step="2"/><V4/><F127/><W82/><G69/><T93/><D133/><U76/><E76/><V47/><F116/><W83/><G45/><T8/><D132/><U22/><E22/><V128/><F128/><W98/><G36/><T21/><D21/><U66/><E66/><V18/><F47/><W1/><G37/><T125/><D125/><U117/><E117/><V15/><F15/><W131/><G131/><T105/><D105/><U130/><E130/><V99/><F39/><W118/><G118/><T100/><D34/><U20/><E20/><V61/><F38/><W106/><G106/><T0/><D33/><U92/><AGARI ba="3,1" hai="23,26,29,59,63,67,78,79,85,90,92,94,97,102" machi="92" ten="20,12000,2" yaku="1,1,0,1,7,1,25,2,8,1,53,1" doraHai="41" doraHaiUra="17" who="1" fromWho="1" sc="350,-63,240,139,189,-33,211,-33" /><INIT seed="1,0,0,2,4,35" ten="287,379,156,178" oya="1" hai0="56,0,13,93,12,112,87,92,25,110,30,134,81" hai1="49,17,86,61,74,121,27,94,20,62,95,60,51" hai2="16,10,1,111,106,67,9,119,70,53,102,133,99" hai3="68,71,109,104,96,115,48,85,66,46,126,77,32"/><U50/><E74/><V14/><F119/><W117/><G115/><T114/><D134/><U78/><REACH who="1" step="1"/><E121/><REACH who="1" ten="287,369,156,178" step="2"/><V75/><F133/><W43/><G117/><T79/><D114/><U58/><E58/><V91/><F75/><W33/><G68/><T84/><D112/><U22/><E22/><V65/><F70/><W54/><G32/><T7/><D56/><U131/><E131/><V55/><F111/><W44/><G33/><T47/><D110/><U19/><E19/><V6/><REACH who="2" step="1"/><F91/><REACH who="2" ten="287,369,146,178" step="2"/><W69/><G109/><T21/><D79/><U5/><E5/><V72/><F72/><W98/><G71/><T73/><D7/><U42/><E42/><V127/><F127/><W29/><G126/><T59/><D73/><U80/><AGARI ba="0,2" hai="17,20,27,49,50,51,60,61,62,78,80,86,94,95" machi="80" ten="40,7800,0" yaku="1,1,0,1,8,1,53,0" doraHai="35" doraHaiUra="36" who="1" fromWho="1" sc="287,-26,369,98,146,-26,178,-26" /><INIT seed="1,1,0,4,2,82" ten="261,467,120,152" oya="1" hai0="68,134,86,29,34,47,73,105,8,79,37,85,39" hai1="107,30,40,25,50,11,36,43,112,130,64,87,120" hai2="32,80,26,0,21,72,94,123,93,128,59,12,42" hai3="115,49,113,31,41,71,126,69,117,58,77,129,99"/><U24/><E120/><V4/><F123/><W54/><G129/><T14/><D105/><U131/><E112/><V96/><F128/><N who="1" m="49193" /><E107/><V91/><F42/><N who="1" m="15913" /><E36/><V10/><F59/><W44/><G69/><T70/><D134/><U101/><E101/><V9/><F32/><W16/><G71/><T74/><D29/><U22/><E64/><V109/><F109/><W133/><G133/><T76/><D14/><U114/><E114/><V1/><F10/><W90/><G31/><T127/><D8/><U98/><E98/><V57/><F57/><W48/><G115/><T17/><D17/><N who="1" m="12367" /><E50/><V33/><F33/><W62/><G48/><T75/><D34/><N who="1" m="20815" /><E11/><V15/><F15/><W89/><G113/><T95/><D95/><U27/><E27/><V7/><F7/><W116/><G99/><T135/><D135/><U124/><E124/><V111/><F94/><W67/><G126/><T20/><D20/><U110/><E110/><V100/><F111/><W122/><G122/><T102/><D102/><U51/><E51/><V3/><F72/><W97/><G97/><T104/><D74/><U106/><E106/><V13/><F13/><W81/><G41/><T18/><D104/><U56/><E56/><V78/><F78/><W55/><G67/><T66/><D66/><U6/><E6/><V125/><F125/><W52/><G54/><T63/><D127/><U45/><E45/><V35/><F35/><W19/><G77/><T2/><D47/><U132/><E132/><V119/><F100/><W23/><G58/><T108/><D108/><U28/><E28/><N who="2" m="17487" /><F80/><W121/><G81/><RYUUKYOKU ba="1,0" sc="261,-15,467,15,120,15,152,-15" hai1="87" hai2="0,1,3,4,9,12,91,93,96,119" /><INIT seed="1,2,0,0,1,59" ten="246,482,135,137" oya="1" hai0="127,68,43,64,49,54,1,102,23,16,91,15,53" hai1="61,120,109,85,58,106,41,78,44,60,96,113,115" hai2="52,13,51,83,122,5,134,133,17,130,74,8,30" hai3="98,88,114,97,75,39,123,93,21,33,119,82,48"/><U111/><E78/><V101/><F122/><W46/><G114/><N who="1" m="43530" /><E85/><V87/><F130/><W7/><G33/><T20/><D127/><U62/><E96/><V28/><F101/><W37/><G123/><T55/><D1/><U73/><E73/><V3/><F74/><W40/><G119/><T110/><D110/><N who="1" m="41995" /><E106/><V35/><F35/><W57/><G7/><T47/><D102/><U72/><E72/><V94/><F94/><W4/><G4/><T107/><D107/><U66/><E120/><V31/><F3/><W112/><G112/><T0/><D0/><U77/><E77/><V18/><F134/><W99/><G75/><T63/><REACH who="0" step="1"/><D91/><REACH who="0" ten="236,482,135,137" step="2"/><U86/><E86/><V70/><F133/><W80/><G98/><T124/><D124/><U89/><E89/><N who="2" m="51455" /><F70/><W95/><G99/><T12/><D12/><U132/><E132/><V121/><F121/><W103/><G103/><T129/><D129/><U24/><E24/><V50/><F50/><AGARI ba="2,1" hai="41,44,50,58,60,61,62,66" m="41995,43530" machi="50" ten="30,18000,2" yaku="14,1,10,1,34,2,52,3" doraHai="59" who="1" fromWho="2" sc="236,0,482,196,135,-186,137,0" owari="236,3.6,678,77.8,-51,-55.1,137,-26.3" /></mjloggm>