<mjloggm ver="2.3"><GO type="225" lobby="0"/><UN n0="%4C%4F%4C%49%54%41" n1="%E3%81%B5%E3%81%98%E3%81%8B%E3%81%A4" n2="%E6%97%A5%E6%9B%9C%E6%97%A5%E3%82%88%E3%82%8A%E3%81%AE%E4%BD%BF%E8%80%85" n3="%E3%81%A0%E3%81%8A" dan="16,16,17,16" rate="2171.41,2089.28,2139.00,2033.36" sx="F,M,M,M"/><TAIKYOKU oya="0"/><INIT seed="0,0,0,1,3,134" ten="250,250,250,250" oya="0" hai0="131,78,122,112,123,109,14,89,92,88,104,74,52" hai1="115,43,21,69,33,2,40,12,100,10,49,106,90" hai2="107,16,1,34,7,57,85,45,120,68,76,41,15" hai3="132,121,126,27,58,63,70,56,47,59,101,32,37"/><T72/><D112/><U50/><E33/><V81/><F120/><W83/><G121/><T128/><D104/><U28/><E69/><V116/><F68/><W64/><G132/><T36/><D36/><U86/><E2/><V84/><F107/><W8/><G101/><T75/><D14/><U125/><E125/><V46/><F34/><W124/><G83/><T39/><D39/><U42/><E100/><V103/><F103/><W35/><G8/><T44/><D78/><U5/><E106/><V0/><F116/><W61/><G61/><T48/><D89/><U66/><E66/><V98/><F98/><W111/><G111/><T133/><D109/><U94/><REACH who="1" step="1"/><E115/><REACH who="1" ten="250,240,250,250" step="2"/><V31/><F0/><W77/><G32/><T102/><D102/><U17/><E17/><V23/><F1/><W25/><G35/><T93/><D133/><U60/><E60/><V53/><F31/><W99/><G124/><T29/><D29/><U62/><E62/><N who="2" m="36143" /><F7/><W95/><G126/><T54/><D122/><U20/><E20/><V55/><F41/><W96/><G70/><T13/><D123/><U26/><AGARI ba="0,1" hai="5,10,12,21,26,28,40,42,43,49,50,86,90,94" machi="26" ten="30,4000,0" yaku="1,1,0,1,8,1,53,0" doraHai="134" doraHaiUra="71" who="1" fromWho="1" sc="250,-20,240,50,250,-10,250,-10" /><INIT seed="1,0,0,4,1,127" ten="230,290,240,240" oya="1" hai0="58,81,20,37,88,5,61,34,33,103,82,109,28" hai1="78,132,123,18,76,98,39,3,25,1,35,104,134" hai2="10,8,69,115,30,32,90,100,59,23,87,126,27" hai3="94,133,51,17,110,68,16,74,128,6,2,111,101"/><U53/><E39/><V21/><F69/><W60/><G74/><T91/><D37/><U45/><E123/><V11/><F126/><W73/><G73/><T70/><D70/><U71/><E71/><V72/><F72/><W116/><G116/><T26/><D109/><N who="3" m="41481" /><G133/><N who="1" m="51306" /><E53/><V46/><F115/><W29/><G29/><T36/><D36/><U49/><E104/><V14/><F100/><W97/><G51/><T117/><D117/><U121/><E98/><V77/><F77/><N who="1" m="29801" /><E35/><V62/><F46/><W40/><G40/><T130/><D33/><U135/><N who="1" m="51314" /><U24/><DORA hai="112" /><E121/><V84/><F32/><W12/><G2/><N who="1" m="522" /><E18/><N who="2" m="10455" /><F90/><W85/><G17/><T7/><D34/><U47/><E49/><V66/><AGARI ba="0,0" hai="8,10,11,23,27,30,59,62,66,84,87" m="10455" machi="66" ten="30,1100,0" yaku="8,1" doraHai="127,112" who="2" fromWho="2" sc="230,-3,290,-5,240,11,240,-3" /><INIT seed="2,0,0,0,1,82" ten="227,285,251,237" oya="2" hai0="134,6,79,85,107,95,133,17,84,20,1,81,96" hai1="22,38,49,132,40,102,9,76,59,16,60,89,109" hai2="66,21,46,92,105,118,128,54,94,36,104,12,2" hai3="72,97,10,42,111,23,68,51,117,45,53,112,19"/><V44/><F2/><W4/><G117/><T73/><D107/><U52/><E76/><V122/><F66/><W47/><G72/><T129/><D129/><U34/><E34/><V88/><F118/><W93/><G68/><T43/><D43/><U110/><E102/><V67/><F67/><W39/><G111/><N who="1" m="42506" /><E132/><N who="0" m="50793" /><D6/><U32/><E32/><V29/><F128/><W77/><G77/><T41/><D41/><U114/><E114/><V37/><F122/><W3/><G112/><T119/><D1/><U7/><E89/><V83/><F105/><W101/><G23/><T121/><D121/><U55/><E40/><V0/><F104/><W65/><G65/><T123/><D123/><U56/><E38/><V98/><F37/><W70/><G70/><T61/><D61/><U103/><E103/><V62/><F36/><W116/><G116/><T126/><D126/><U58/><E58/><V108/><F108/><W78/><G78/><T15/><D119/><U115/><E115/><V5/><F62/><W91/><REACH who="3" step="1"/><G19/><REACH who="3" ten="227,285,251,227" step="2"/><T63/><D63/><N who="1" m="36231" /><E22/><V24/><F21/><W35/><G35/><T75/><D73/><U26/><E16/><V64/><F64/><W69/><G69/><T13/><D15/><N who="1" m="5567" /><E60/><V130/><F12/><W124/><G124/><T87/><D75/><U120/><E120/><V99/><F0/><W28/><G28/><T113/><D113/><U27/><AGARI ba="0,1" hai="26,27,49,55,59" m="5567,36231,42506" machi="27" ten="30,2000,0" yaku="14,1,54,1" doraHai="82" who="1" fromWho="1" sc="227,-5,285,30,251,-10,227,-5" /><INIT seed="3,0,0,0,4,77" ten="222,315,241,222" oya="3" hai0="127,99,46,95,56,17,125,90,13,27,107,11,60" hai1="88,58,12,15,38,18,115,131,109,97,8,66,113" hai2="85,80,72,118,49,20,70,23,51,122,121,4,129" hai3="91,54,25,32,53,100,123,83,14,106,89,98,114"/><W108/><G114/><T43/><D107/><U69/><E38/><V117/><F70/><W1/><G123/><N who="2" m="47113" /><F4/><W133/><G1/><T10/><D27/><U68/><E109/><V42/><F72/><W134/><G108/><T111/><D111/><U116/><E131/><V101/><F101/><W135/><G14/><T105/><D105/><U62/><E116/><N who="2" m="44651" /><F129/><W19/><G19/><T3/><D3/><U21/><E69/><V0/><F0/><W104/><G104/><T110/><D110/><U87/><E68/><V74/><F74/><W33/><G33/><T79/><D79/><U34/><E34/><V55/><F42/><W41/><G41/><T28/><D28/><U63/><E113/><V2/><F2/><W36/><G36/><T61/><D10/><U93/><E115/><V73/><F73/><W47/><G47/><T40/><D40/><U124/><E124/><N who="0" m="47689" /><D56/><U132/><E58/><N who="2" m="33135" /><F51/><AGARI ba="0,0" hai="11,13,17,43,46,51,60,61,90,95,99" m="47689" machi="51" ten="30,1000,0" yaku="18,1" doraHai="77" who="0" fromWho="2" sc="222,10,315,0,241,-10,222,0" owari="232,3.2,315,41.5,231,-16.9,222,-27.8" /></mjloggm>