<mjloggm ver="2.3"><GO type="225" lobby="0"/><UN n0="%4C%4F%4C%49%54%41" n1="%E6%A1%9C%E8%8A%B1%E9%96%83%E3%80%85" n2="%E3%82%A2%E3%83%A1%E3%82%A2%E3%83%A9%E3%83%AC" n3="%E3%81%99%E3%81%84%E3%81%BE%E3%81%9B%E3%83%BC%E3%82%93" dan="16,16,16,18" rate="2187.04,2215.54,2152.19,2265.48" sx="F,M,M,M"/><TAIKYOKU oya="0"/><INIT seed="0,0,0,5,1,82" ten="250,250,250,250" oya="0" hai0="70,64,90,106,21,10,114,80,36,121,124,115,2" hai1="134,126,53,15,99,56,95,8,125,128,30,5,127" hai2="92,79,45,18,20,118,73,48,46,40,6,63,104" hai3="13,37,100,65,130,39,94,29,43,98,108,76,34"/><T87/><D121/><U42/><E42/><V59/><F104/><W9/><G108/><T52/><D106/><U33/><E128/><V101/><F118/><W54/><G130/><T77/><D36/><U12/><E134/><V4/><F73/><W61/><G43/><T25/><D124/><U57/><E15/><V26/><F79/><W93/><G54/><T55/><D70/><U58/><E30/><V23/><F46/><W31/><G76/><T27/><D64/><U68/><E33/><V60/><F23/><W71/><G94/><T51/><D2/><U24/><E24/><V38/><F38/><W44/><G44/><T91/><D10/><U3/><E68/><V88/><F101/><W113/><G113/><T86/><D77/><U102/><REACH who="1" step="1"/><E3/><REACH who="1" ten="250,240,250,250" step="2"/><V14/><F14/><W103/><G31/><T105/><D114/><U81/><E81/><V119/><F119/><W74/><G29/><T129/><D115/><U112/><E112/><V133/><F133/><W41/><G34/><T49/><D129/><U16/><E16/><V123/><F123/><W116/><G41/><T111/><D111/><U19/><E19/><V72/><F72/><W1/><G74/><T28/><D25/><U96/><E96/><N who="2" m="57351" /><F63/><AGARI ba="0,1" hai="5,8,12,53,56,57,58,63,95,99,102,125,126,127" machi="63" ten="40,2600,0" yaku="1,1,18,1,53,0" doraHai="82" doraHaiUra="47" who="1" fromWho="2" sc="250,0,240,36,250,-26,250,0" /><INIT seed="1,0,0,5,1,5" ten="250,276,224,250" oya="1" hai0="10,50,123,63,32,4,9,89,100,128,109,87,93" hai1="117,12,35,111,132,33,19,107,69,14,129,97,58" hai2="31,13,92,0,105,30,122,101,38,127,61,67,121" hai3="6,43,110,116,103,134,11,72,124,90,40,74,2"/><U3/><E69/><V17/><F127/><W41/><G124/><T36/><D36/><U113/><E113/><V120/><F0/><W99/><G134/><T125/><D32/><U71/><E71/><V83/><F38/><W47/><G110/><T86/><D125/><U68/><E68/><V29/><F105/><W85/><G47/><T76/><D128/><U115/><E115/><V7/><F7/><W66/><G66/><T135/><D109/><U88/><E117/><V15/><F83/><W37/><G37/><T98/><D123/><U119/><E3/><V51/><F51/><W84/><G84/><T65/><D4/><U133/><E107/><V25/><F25/><W18/><G18/><T55/><D76/><U1/><E129/><V106/><F106/><W21/><G21/><T16/><D16/><U82/><E1/><V27/><F27/><W78/><G78/><T53/><D87/><U112/><E35/><V73/><F73/><W118/><G118/><T26/><D26/><U94/><E33/><V60/><F67/><W80/><REACH who="3" step="1"/><G116/><REACH who="3" ten="250,276,224,240" step="2"/><T34/><D135/><U49/><E111/><V81/><F17/><W48/><G48/><T91/><D34/><U62/><E119/><V44/><F44/><W24/><G24/><T28/><D65/><U23/><E132/><V20/><F20/><W77/><G77/><T46/><D28/><U56/><E133/><V54/><F31/><W8/><G8/><N who="0" m="3179" /><D86/><U70/><E112/><V102/><F120/><W104/><AGARI ba="0,1" hai="2,6,11,40,41,43,72,74,80,85,90,99,103,104" machi="104" ten="30,7900,0" yaku="1,1,0,1,52,1,53,1" doraHai="5" doraHaiUra="79" who="3" fromWho="3" sc="250,-20,276,-39,224,-20,240,89" /><INIT seed="2,0,0,2,1,24" ten="230,237,204,329" oya="2" hai0="55,30,91,35,0,87,125,47,104,127,2,76,94" hai1="27,105,21,97,101,123,72,128,34,16,74,100,117" hai2="52,108,11,69,86,109,110,20,133,65,115,12,41" hai3="1,121,53,135,129,44,45,32,49,96,98,25,60"/><V122/><F115/><W130/><G1/><T28/><D104/><U59/><E117/><V102/><F122/><W119/><G119/><T9/><D35/><U22/><E123/><V48/><F133/><W15/><G121/><T126/><D76/><U99/><E34/><V95/><F41/><W43/><G135/><T134/><D134/><U79/><E128/><V29/><F65/><W71/><G15/><T5/><D0/><U90/><E79/><V31/><F69/><W38/><G60/><T37/><REACH who="0" step="1"/><D55/><REACH who="0" ten="220,237,204,329" step="2"/><U75/><E105/><V13/><F20/><W132/><G32/><T51/><D51/><U131/><E22/><V46/><F13/><W113/><G132/><T84/><D84/><U6/><E74/><V14/><F14/><W40/><G130/><T36/><D36/><U7/><E75/><V8/><F86/><W67/><G38/><T88/><D88/><U10/><E90/><V85/><F85/><W39/><G39/><T77/><D77/><U42/><E72/><V58/><F46/><W118/><G45/><T62/><D62/><U4/><E131/><V78/><F78/><W23/><G129/><T64/><D64/><U26/><E21/><V114/><F114/><W111/><G118/><T57/><D57/><U120/><E59/><V89/><F89/><W17/><G113/><T92/><D92/><U19/><E120/><V54/><F54/><W81/><G67/><T61/><D61/><U33/><E33/><V18/><F8/><W107/><G53/><T70/><D70/><U80/><E10/><V68/><F68/><W63/><G71/><RYUUKYOKU ba="0,1" sc="220,15,237,-15,204,15,329,-15" hai0="2,5,9,28,30,37,47,87,91,94,125,126,127" hai2="11,12,18,29,31,48,52,58,95,102,108,109,110" /><INIT seed="2,1,1,2,5,29" ten="235,222,219,314" oya="2" hai0="95,27,64,80,88,66,36,130,32,28,0,35,31" hai1="52,98,116,133,103,111,3,105,17,51,48,118,6" hai2="30,122,4,108,53,99,135,58,69,132,13,40,117" hai3="83,63,79,20,77,97,65,123,26,1,11,112,61"/><V127/><F117/><W15/><G123/><T39/><D0/><U22/><E111/><V12/><F122/><W34/><G34/><T44/><D80/><U89/><E133/><N who="2" m="51275" /><F69/><W76/><G1/><T41/><D39/><U87/><E51/><V100/><F127/><W25/><G112/><T114/><D130/><U86/><E86/><V55/><F108/><W56/><G97/><T96/><D114/><U54/><E54/><N who="2" m="20491" /><F58/><N who="3" m="37047" /><G20/><T82/><D82/><U94/><E6/><V113/><F113/><W18/><G83/><T75/><D75/><U81/><E3/><V107/><F4/><W42/><G42/><T93/><D95/><U59/><E81/><V73/><F73/><W106/><G106/><T19/><D19/><U60/><E60/><V74/><F74/><W21/><G11/><T23/><D23/><U90/><E90/><V46/><F30/><W110/><G110/><T91/><D91/><U49/><E49/><AGARI ba="1,1" hai="12,13,40,46,49,99,100,107" m="20491,51275" machi="49" ten="30,1500,0" yaku="20,1" doraHai="29" who="2" fromWho="1" sc="235,0,222,-18,219,28,314,0" /><INIT seed="2,2,0,2,3,53" ten="235,204,247,314" oya="2" hai0="129,116,57,122,105,60,76,132,100,28,43,17,115" hai1="42,48,75,84,121,21,50,104,29,130,59,98,2" hai2="117,82,68,77,123,135,31,95,34,93,131,118,11" hai3="65,101,12,1,52,63,79,103,88,106,128,36,108"/><V102/><F68/><W55/><G1/><T37/><D122/><U8/><E75/><N who="2" m="43327" /><F11/><W47/><G79/><T18/><D115/><U61/><E130/><V72/><F31/><W91/><G128/><T111/><D129/><U62/><E121/><V23/><F23/><W134/><G134/><T114/><D114/><U90/><E62/><V14/><F14/><W39/><G108/><T86/><D111/><U15/><E2/><V40/><F40/><W3/><G3/><T74/><D116/><N who="2" m="44650" /><F34/><W10/><G39/><T113/><D28/><U20/><E98/><N who="2" m="59727" /><F131/><W27/><G36/><T25/><D43/><U51/><E104/><V83/><F123/><W126/><G27/><T78/><D37/><U69/><E69/><V41/><F41/><W97/><G55/><T73/><D25/><N who="1" m="16551" /><E21/><V80/><F72/><W13/><G63/><T16/><D73/><U112/><E112/><V89/><F135/><W92/><G12/><T6/><D74/><U33/><E33/><V56/><F56/><W45/><G13/><T85/><D132/><U133/><E133/><V35/><F35/><W96/><G47/><T24/><D113/><U5/><E42/><V107/><F107/><W99/><G106/><T19/><D6/><U38/><E38/><V58/><F58/><W109/><G45/><T9/><D24/><U0/><E0/><V94/><F94/><W4/><G92/><T54/><N who="0" m="4096" /><DORA hai="22" /><T127/><D57/><U70/><E70/><V81/><F95/><W124/><G10/><T30/><D105/><U64/><E51/><V7/><F7/><W67/><G4/><RYUUKYOKU ba="2,0" sc="235,-15,204,15,247,15,314,-15" hai1="5,8,15,48,50,59,61,64,84,90" hai2="80,81,83,89" /><INIT seed="2,3,0,0,5,17" ten="220,219,262,299" oya="2" hai0="2,28,79,8,4,87,121,38,105,135,32,116,66" hai1="131,84,49,26,55,50,118,39,65,115,53,109,123" hai2="91,98,41,126,100,129,5,43,27,113,46,15,56" hai3="16,36,68,108,80,114,104,48,54,88,95,6,70"/><V122/><F113/><W10/><G36/><T12/><D121/><U7/><E118/><V47/><F122/><W101/><G108/><T82/><D105/><U78/><E123/><V83/><F129/><W73/><G114/><T35/><D38/><U64/><E115/><V33/><F126/><W22/><G101/><T23/><D135/><U11/><E39/><V34/><F56/><W60/><G60/><T44/><D116/><U86/><E109/><V57/><F57/><W63/><G63/><T77/><D66/><N who="1" m="25707" /><E131/><V128/><F83/><W58/><G104/><T9/><D44/><N who="1" m="27815" /><E78/><V124/><F34/><W59/><G59/><T89/><D32/><U130/><E26/><V81/><F27/><W119/><G119/><T76/><D35/><U103/><E103/><V102/><F33/><W42/><G42/><T62/><D62/><U21/><E21/><V71/><F41/><W61/><G61/><T106/><D106/><U69/><E69/><V67/><F43/><W125/><G125/><T25/><REACH who="0" step="1"/><D77/><REACH who="0" ten="210,219,262,299" step="2"/><U0/><E130/><V51/><F67/><W1/><G70/><T31/><D31/><U117/><E117/><V96/><F71/><W93/><G68/><T111/><D111/><U75/><E75/><V37/><F37/><W90/><G73/><T20/><D20/><U40/><E40/><V97/><F128/><W132/><G132/><T99/><D99/><U19/><E50/><V52/><F124/><W14/><G48/><T13/><D13/><N who="1" m="7615" /><E55/><V3/><F46/><W92/><G54/><T120/><D120/><U45/><E45/><V74/><F47/><RYUUKYOKU ba="3,1" sc="210,15,219,15,262,-15,299,-15" hai0="2,4,8,9,12,23,25,28,76,79,82,87,89" hai1="0,7,84,86" /><INIT seed="3,4,1,1,2,9" ten="225,234,247,284" oya="3" hai0="20,97,93,133,94,36,22,77,125,68,45,55,69" hai1="4,29,62,31,61,107,2,47,16,44,48,57,54" hai2="82,98,81,14,66,84,15,78,23,113,118,127,87" hai3="10,79,33,63,123,58,51,112,73,26,131,91,71"/><W49/><G112/><T60/><D133/><U34/><E107/><V117/><F113/><W95/><G123/><T104/><D125/><U40/><E34/><V110/><F127/><W74/><G71/><T121/><D121/><U80/><E2/><V126/><F126/><W1/><G131/><T50/><D104/><U72/><E4/><V88/><F110/><W3/><G3/><T86/><D36/><U37/><E62/><V132/><F132/><W11/><G11/><T109/><D109/><U53/><E72/><V75/><F66/><W12/><G1/><T56/><D69/><U18/><E80/><V85/><F82/><W17/><G79/><T42/><D68/><U46/><E46/><V5/><F5/><W25/><G74/><T19/><D77/><U128/><E128/><V43/><F43/><W32/><G73/><T129/><D129/><U13/><E18/><V100/><F23/><AGARI ba="4,1" hai="13,16,23,29,31,37,40,44,47,48,53,54,57,61" machi="23" ten="30,3900,0" yaku="7,1,52,1,54,1" doraHai="9" who="1" fromWho="2" sc="225,0,234,61,247,-51,284,0" /><INIT seed="4,0,0,4,2,90" ten="225,295,196,284" oya="0" hai0="82,35,21,64,1,49,56,43,117,29,111,24,41" hai1="80,103,4,88,18,74,81,116,62,113,78,129,84" hai2="133,98,58,5,63,44,114,77,30,11,107,14,70" hai3="79,28,85,17,61,112,20,91,100,3,83,60,126"/><T135/><D117/><U75/><E116/><V67/><F114/><W110/><G110/><T19/><D1/><U94/><E113/><V8/><F133/><W69/><G3/><T48/><D135/><U95/><E4/><V47/><F77/><W32/><G126/><T127/><D127/><U93/><E129/><V55/><F30/><W50/><G100/><T12/><D111/><U72/><E18/><V119/><F119/><W102/><G102/><T37/><D37/><U123/><E123/><V31/><F31/><W132/><G69/><T42/><REACH who="0" step="1"/><D82/><REACH who="0" ten="215,295,196,284" step="2"/><U71/><E81/><V118/><F118/><W0/><G0/><T121/><D121/><U10/><E80/><V66/><F66/><W97/><G132/><T120/><D120/><U108/><E108/><V6/><F107/><W124/><G124/><T89/><D89/><U26/><E88/><V86/><F86/><W87/><G91/><T51/><D51/><U130/><E84/><V73/><F73/><W36/><G50/><T115/><D115/><U109/><E75/><V106/><F106/><W101/><G36/><T2/><D2/><U92/><E74/><V52/><F98/><W57/><G112/><T16/><D16/><U38/><E38/><V34/><F34/><W13/><G87/><T25/><D25/><U39/><E39/><V125/><F125/><W9/><G97/><T23/><D23/><U22/><E72/><V15/><REACH who="2" step="1"/><F55/><REACH who="2" ten="215,295,186,284" step="2"/><W46/><G32/><T33/><D33/><U134/><E109/><V53/><F53/><W105/><G85/><T54/><D54/><U122/><E134/><RYUUKYOKU ba="0,2" sc="215,15,295,-15,186,15,284,-15" hai0="12,19,21,24,29,35,41,42,43,48,49,56,64" hai2="5,6,8,11,14,15,44,47,52,58,63,67,70" /><INIT seed="4,1,2,4,4,131" ten="230,280,201,269" oya="0" hai0="98,14,10,124,51,134,8,25,2,119,77,71,93" hai1="122,30,89,11,60,21,66,54,0,3,79,126,80" hai2="29,18,19,45,73,33,115,42,104,7,37,96,46" hai3="4,13,68,39,114,34,84,57,118,61,91,78,43"/><T86/><D119/><U62/><E122/><V123/><F123/><W55/><G34/><T31/><D71/><U92/><E126/><V85/><F73/><W127/><G118/><T133/><D124/><U67/><E54/><V113/><F7/><W128/><G127/><T40/><D2/><U44/><E44/><V95/><F104/><W105/><G105/><T5/><D8/><U64/><E11/><V16/><F85/><W24/><G68/><T76/><D51/><U90/><E90/><V28/><F46/><W81/><G43/><T27/><D40/><U111/><E111/><V41/><F41/><W9/><G39/><T38/><D86/><N who="1" m="48415" /><E3/><V129/><F129/><W56/><G128/><T35/><D27/><N who="1" m="16751" /><E0/><V99/><F99/><AGARI ba="1,2" hai="60,62,64,66,67,89,92,99" m="16751,48415" machi="99" ten="30,1000,0" yaku="8,1" doraHai="131" who="1" fromWho="2" sc="230,0,280,33,201,-13,269,0" owari="230,-17.0,313,41.3,188,-31.2,269,6.9" /></mjloggm>