<mjloggm ver="2.3"><GO type="225" lobby="0"/><UN n0="%E6%B4%BE%E9%81%A3%E3%81%AE%E3%82%B8%E3%83%A3%E3%83%83%E3%82%AF" n1="%E3%81%86%E3%83%BC%E3%81%B1%E3%83%BC" n2="%E3%82%BC%E3%83%AB%E3%83%80%E3%81%AE%E4%BC%9D%E8%AA%AC" n3="%73%6C%69%63%6B%33%31%39" dan="16,16,16,16" rate="2152.34,2207.85,2179.80,2138.63" sx="M,F,M,M"/><TAIKYOKU oya="0"/><INIT seed="0,0,0,5,4,16" ten="250,250,250,250" oya="0" hai0="22,95,59,103,33,135,98,99,23,109,21,84,131" hai1="130,65,81,124,48,11,58,123,71,47,105,77,94" hai2="64,127,12,80,32,134,55,76,60,30,75,42,17" hai3="52,114,67,1,38,4,34,85,122,18,5,69,93"/><T129/><D33/><U96/><E123/><V119/><F127/><W82/><G114/><T73/><D73/><U61/><E130/><N who="0" m="49673" /><D135/><U89/><E124/><V106/><F106/><W63/><G122/><T39/><D39/><U90/><E105/><V45/><F134/><W68/><G34/><T35/><D35/><U86/><E71/><V112/><F112/><W9/><G38/><T40/><D40/><U49/><E47/><V2/><F2/><W107/><G107/><T31/><D109/><U8/><E89/><V125/><F55/><W100/><G68/><T88/><D59/><U115/><E115/><V117/><F125/><W97/><G5/><T57/><D57/><U79/><E77/><V53/><F53/><W28/><G28/><T120/><D120/><U102/><E79/><V111/><F111/><W118/><G118/><N who="2" m="45065" /><F30/><W116/><G116/><T62/><D62/><U113/><E113/><V72/><F32/><W83/><G85/><T54/><D54/><U128/><E128/><V87/><F60/><W44/><REACH who="3" step="1"/><G18/><REACH who="3" ten="250,250,250,240" step="2"/><T6/><D6/><U121/><E121/><V110/><F110/><W13/><G13/><T43/><D43/><U24/><E24/><V15/><F15/><W3/><G3/><T70/><D70/><U20/><E48/><AGARI ba="0,1" hai="1,4,9,44,48,52,63,67,69,82,83,93,97,100" machi="48" ten="40,2600,0" yaku="1,1,54,1,53,0" doraHai="16" doraHaiUra="26" who="3" fromWho="1" sc="250,0,250,-26,250,0,240,36" /><INIT seed="1,0,0,3,1,47" ten="250,224,250,276" oya="1" hai0="13,122,89,126,51,125,109,97,88,12,93,22,15" hai1="17,59,45,127,83,99,38,72,49,19,75,44,37" hai2="112,98,34,104,117,79,85,32,62,8,65,68,24" hai3="133,30,76,95,100,0,102,80,105,48,135,87,39"/><U41/><E127/><N who="0" m="48649" /><D109/><U27/><E59/><V118/><F112/><W81/><G39/><T60/><D60/><U7/><E7/><V94/><F8/><W113/><G0/><T129/><D129/><U78/><E75/><V63/><F63/><W82/><G30/><T114/><D114/><U130/><E130/><V18/><F18/><W43/><G113/><T77/><D77/><U70/><E70/><V5/><F5/><W106/><G48/><T10/><D122/><U92/><E27/><V124/><F124/><W1/><G43/><T36/><D36/><U61/><E61/><V115/><F115/><W33/><G33/><T31/><D89/><U74/><E74/><V73/><F34/><W111/><G1/><T26/><D51/><U25/><E25/><V40/><F40/><W101/><G111/><T120/><D120/><U6/><E6/><AGARI ba="0,0" hai="6,10,12,13,15,22,26,31,88,93,97" m="48649" machi="6" ten="30,2000,0" yaku="18,1,54,1" doraHai="47" who="0" fromWho="1" sc="250,20,224,-20,250,0,276,0" /><INIT seed="2,0,0,1,4,106" ten="270,204,250,276" oya="2" hai0="56,122,72,47,97,59,5,93,54,51,35,80,88" hai1="45,36,90,96,7,120,126,0,118,121,74,43,6" hai2="89,67,127,57,2,65,105,134,15,16,82,24,4" hai3="117,28,109,91,76,87,101,114,38,14,11,19,41"/><V17/><F105/><W31/><G117/><T66/><D35/><U70/><E118/><V21/><F127/><W108/><G114/><T69/><D122/><N who="1" m="47211" /><E70/><V81/><F134/><W131/><G131/><T79/><REACH who="0" step="1"/><D5/><REACH who="0" ten="260,204,250,276" step="2"/><U85/><E7/><V75/><F4/><W33/><G33/><T73/><D73/><U39/><E74/><V86/><F2/><W8/><G109/><T100/><D100/><U115/><E6/><V1/><F1/><W42/><G101/><T61/><AGARI ba="0,1" hai="47,51,54,56,59,61,66,69,72,79,80,88,93,97" machi="61" ten="30,8000,1" yaku="1,1,0,1,52,1,54,1,53,1" doraHai="106" doraHaiUra="94" who="0" fromWho="0" sc="260,90,204,-20,250,-40,276,-20" /><INIT seed="3,0,0,4,0,91" ten="350,184,210,256" oya="3" hai0="16,68,123,56,35,87,96,28,1,118,18,64,77" hai1="32,38,66,59,98,20,128,58,10,40,122,88,85" hai2="9,7,19,8,75,37,124,78,65,0,23,72,135" hai3="30,112,60,109,97,15,24,117,63,90,67,133,114"/><W57/><G117/><T70/><D1/><U106/><E122/><V105/><F105/><W41/><G133/><T99/><D56/><U110/><E32/><V113/><F113/><W27/><G41/><T6/><D6/><U62/><E110/><V121/><F135/><W53/><G109/><T61/><D70/><U13/><E128/><V51/><F37/><W31/><G15/><T46/><D46/><U49/><E38/><V73/><F121/><W45/><G90/><T104/><D99/><U3/><E3/><V83/><F124/><W86/><G86/><T71/><D71/><U48/><E40/><V74/><F9/><W130/><G97/><T134/><D134/><U100/><E20/><V54/><F65/><W92/><G92/><T12/><D12/><U11/><E59/><V127/><F127/><W103/><G103/><N who="0" m="62567" /><D118/><U94/><E10/><V119/><F119/><W29/><G130/><T120/><D18/><AGARI ba="0,0" hai="11,13,18,48,49,58,62,66,85,88,94,98,100,106" machi="18" ten="30,3900,0" yaku="7,1,52,1,54,1" doraHai="91" who="1" fromWho="0" sc="350,-39,184,39,210,0,256,0" owari="311,41.1,223,-17.7,210,-29.0,256,5.6" /></mjloggm>