<mjloggm ver="2.3"><GO type="225" lobby="0"/><UN n0="%E6%A0%B9%E5%85%83%E3%81%8B%E3%82%89%E5%90%B9%E3%81%A3%E9%A3%9B%E3%81%B6" n1="%E3%81%BF%E3%81%BF%E3%81%9A" n2="%33%74%72%65%65" n3="%E3%81%8B%E3%82%8F%E3%81%A1%E3%82%83%E3%82%93%35%38" dan="17,17,16,16" rate="2168.84,2310.11,2128.10,2137.77" sx="F,M,F,M"/><TAIKYOKU oya="0"/><INIT seed="0,0,0,4,2,23" ten="250,250,250,250" oya="0" hai0="44,65,81,17,56,43,83,109,112,128,132,32,14" hai1="6,92,115,118,28,90,59,94,10,116,47,9,126" hai2="57,31,78,99,19,66,72,111,40,110,4,26,89" hai3="53,30,133,16,63,5,3,55,39,105,48,1,58"/><T97/><D112/><U11/><E6/><V27/><F4/><W87/><G39/><T98/><D128/><U134/><E115/><V49/><F31/><W76/><G105/><T104/><D132/><U82/><E134/><V73/><F19/><W93/><G133/><T129/><D32/><U38/><E126/><V91/><F66/><W77/><G30/><T106/><D109/><N who="2" m="41482" /><F78/><W125/><G125/><T42/><D56/><U50/><E38/><V74/><F57/><W8/><G1/><T122/><D65/><U101/><E116/><V67/><F67/><W18/><G77/><T0/><D0/><U114/><E118/><V113/><F113/><W69/><G69/><T35/><D129/><U85/><E114/><V117/><F117/><W54/><G54/><T52/><D52/><N who="1" m="29791" /><E59/><V60/><F60/><W102/><G76/><T41/><D17/><U135/><E135/><V127/><F127/><W75/><G53/><T64/><D14/><U45/><E45/><N who="2" m="25767" /><F99/><N who="0" m="37898" /><D44/><U62/><E62/><V108/><N who="2" m="41490" /><V95/><DORA hai="25" /><F95/><N who="1" m="36393" /><E28/><V15/><F15/><W29/><G63/><T70/><D64/><U34/><E34/><V7/><F7/><W120/><G29/><T22/><D70/><U13/><E13/><V61/><F61/><W51/><G58/><T36/><D36/><U103/><AGARI ba="0,0" hai="9,10,11,82,85,90,101,103" m="36393,29791" machi="103" ten="30,2000,0" yaku="8,1,54,1" doraHai="23,25" who="1" fromWho="1" sc="250,-10,250,20,250,-5,250,-5" /><INIT seed="1,0,0,1,0,9" ten="240,270,245,245" oya="1" hai0="60,24,114,7,0,2,89,132,83,57,95,53,120" hai1="71,12,108,14,76,49,92,88,123,45,68,90,69" hai2="6,67,81,21,37,79,110,105,38,131,41,44,78" hai3="16,115,113,43,46,82,47,126,96,70,18,39,19"/><U104/><E123/><V125/><F110/><W11/><G70/><T51/><D120/><U66/><E104/><V97/><F125/><W130/><G126/><T73/><D132/><U33/><E33/><V112/><F131/><W102/><G130/><T23/><D114/><U63/><E76/><V109/><F109/><W119/><G119/><T86/><D7/><U25/><E25/><V28/><F112/><W48/><G82/><T50/><D0/><U40/><E108/><V15/><F67/><W32/><G32/><T4/><D4/><U36/><E90/><V117/><F117/><W77/><G77/><T35/><D35/><U31/><E31/><V93/><F105/><W91/><G91/><T64/><D2/><U99/><REACH who="1" step="1"/><E36/><REACH who="1" ten="240,260,245,245" step="2"/><V121/><F37/><W107/><REACH who="3" step="1"/><G11/><REACH who="3" ten="240,260,245,235" step="2"/><T65/><D73/><U85/><E85/><V20/><F78/><W29/><G29/><T1/><D86/><U5/><E5/><V42/><F28/><W94/><G94/><T124/><D95/><U52/><E52/><AGARI ba="0,2" hai="16,18,19,39,43,46,47,48,52,96,102,107,113,115" machi="52" ten="40,5200,0" yaku="1,1,54,2,53,0" doraHai="9" doraHaiUra="127" who="3" fromWho="1" sc="240,0,260,-52,245,0,235,72" /><INIT seed="2,0,0,4,2,127" ten="240,208,245,307" oya="2" hai0="22,4,112,63,49,109,132,113,118,37,12,129,76" hai1="25,50,101,107,31,98,121,19,39,21,56,24,55" hai2="5,117,100,115,81,86,61,90,10,11,114,41,15" hai3="123,47,126,128,51,87,116,82,119,93,105,67,6"/><V3/><F117/><W73/><G105/><T68/><D37/><U122/><REACH who="1" step="1"/><E39/><REACH who="1" ten="240,198,245,307" step="2"/><V2/><F114/><W64/><G119/><T95/><D113/><U28/><E28/><V54/><F115/><W18/><G116/><T26/><D112/><U58/><E58/><V38/><F38/><W23/><G126/><T71/><D118/><U33/><AGARI ba="0,1" hai="19,21,24,25,31,33,50,55,56,98,101,107,121,122" machi="33" ten="30,7900,0" yaku="21,2,0,1,53,1" doraHai="127" doraHaiUra="45" who="1" fromWho="1" sc="240,-20,198,89,245,-39,307,-20" /><INIT seed="3,0,0,0,1,24" ten="220,287,206,287" oya="3" hai0="130,68,104,121,91,27,98,69,37,96,39,19,93" hai1="54,62,120,14,25,4,102,88,2,35,75,61,95" hai2="51,126,33,131,21,128,50,3,38,45,49,52,124" hai3="79,20,17,116,60,12,11,57,42,59,94,111,5"/><W108/><G116/><T110/><D110/><N who="3" m="42025" /><G79/><T76/><D76/><U0/><E75/><V73/><F73/><W112/><G112/><T117/><D121/><U28/><E102/><V122/><F122/><W47/><G94/><T13/><D27/><U97/><E120/><V22/><F33/><W77/><G60/><T10/><D130/><N who="2" m="49706" /><F3/><N who="3" m="447" /><G77/><T44/><D117/><U30/><E30/><V7/><F7/><W63/><G63/><T133/><D69/><U105/><E105/><V31/><F38/><AGARI ba="0,0" hai="12,17,20,38,42,47,57,59" m="447,42025" machi="38" ten="30,2900,0" yaku="14,1,10,1" doraHai="24" who="3" fromWho="2" sc="220,0,287,0,206,-29,287,29" owari="220,-18.0,287,8.7,177,-32.3,316,41.6" /></mjloggm>