<mjloggm ver="2.3"><GO type="225" lobby="0"/><UN n0="%E3%82%B2%E3%82%B9%E8%8C%82%E5%8B%9D" n1="%E2%98%86%41%64%72%69%61%6E" n2="%E5%8F%AF%E5%85%90%E9%82%A3%E7%94%B1%E5%A4%9A" n3="%E3%81%86%E3%82%8C%E3%81%9F%E3%82%93%E6%9E%95" dan="16,17,17,16" rate="2051.89,2183.02,2247.81,2098.74" sx="F,M,F,F"/><TAIKYOKU oya="0"/><INIT seed="0,0,0,3,4,91" ten="250,250,250,250" oya="0" hai0="123,62,34,58,70,11,86,18,93,54,128,89,121" hai1="31,0,94,83,16,44,42,32,52,15,110,27,59" hai2="111,125,76,55,65,92,43,106,109,36,29,22,33" hai3="126,46,131,108,60,79,117,97,119,95,114,61,12"/><T2/><D128/><U4/><E110/><N who="2" m="41995" /><F106/><W24/><G108/><T67/><D34/><U105/><E105/><V99/><F125/><W17/><G126/><T118/><D118/><U73/><E4/><V63/><F33/><W19/><G114/><T7/><REACH who="0" step="1"/><D18/><REACH who="0" ten="240,250,250,250" step="2"/><U64/><E16/><V37/><F29/><W120/><G120/><T28/><D28/><U13/><E31/><V56/><F22/><W57/><G131/><T8/><D8/><U74/><E32/><V116/><F116/><W53/><G119/><T47/><D47/><U104/><E44/><V80/><F43/><W21/><G117/><T130/><D130/><U35/><E35/><V1/><F1/><W5/><G46/><T82/><D82/><U51/><E83/><V72/><F55/><W20/><G5/><T49/><AGARI ba="0,1" hai="2,7,11,49,54,58,62,67,70,86,89,93,121,123" machi="49" ten="20,12000,1" yaku="1,1,0,1,7,1,52,1,53,1" doraHai="91" doraHaiUra="85" who="0" fromWho="0" sc="240,130,250,-40,250,-40,250,-40" /><INIT seed="0,1,0,1,4,93" ten="370,210,210,210" oya="0" hai0="131,23,126,115,78,60,17,72,31,130,52,117,36" hai1="21,15,112,73,76,61,25,83,135,87,134,122,47" hai2="8,62,50,40,101,108,7,114,65,34,30,24,102" hai3="71,12,86,90,75,109,84,56,105,119,1,91,26"/><T100/><D115/><U133/><E122/><V28/><F114/><W128/><G1/><T3/><D117/><U38/><E112/><V54/><F40/><W125/><G71/><T0/><D36/><U19/><E61/><V49/><F108/><W41/><G119/><T118/><D118/><U37/><E47/><V107/><F28/><W69/><G69/><T88/><D126/><U20/><REACH who="1" step="1"/><E73/><REACH who="1" ten="370,200,210,210" step="2"/><V70/><F54/><W123/><G75/><T2/><D60/><U16/><AGARI ba="1,1" hai="15,16,19,20,21,25,37,38,76,83,87,133,134,135" machi="16" ten="40,8000,1" yaku="1,1,2,1,0,1,20,1,54,1,53,0" doraHai="93" doraHaiUra="103" who="1" fromWho="1" sc="370,-41,200,93,210,-21,210,-21" /><INIT seed="1,0,0,1,3,36" ten="329,293,189,189" oya="1" hai0="46,30,96,13,70,129,88,10,0,108,19,122,26" hai1="44,62,78,116,57,76,94,47,1,87,43,66,117" hai2="9,51,110,61,93,4,27,28,75,133,89,121,23" hai3="73,16,112,21,25,7,82,8,102,5,127,132,40"/><U48/><E1/><V72/><F121/><W134/><G112/><T53/><D108/><U15/><E117/><V34/><F110/><W123/><G123/><T130/><D70/><U64/><E116/><V74/><F133/><N who="3" m="51307" /><G102/><T104/><D122/><U56/><E15/><V113/><F113/><W41/><G127/><T85/><D0/><U81/><E94/><V29/><F61/><W101/><G101/><T60/><D96/><U6/><E6/><N who="3" m="2058" /><G8/><T71/><D104/><U31/><E31/><V68/><F68/><W24/><G24/><T128/><D71/><U54/><E66/><V99/><F28/><W100/><G100/><T52/><D60/><N who="1" m="37895" /><E47/><V77/><F34/><W63/><G63/><T90/><D46/><U55/><E55/><N who="0" m="21065" /><D85/><U58/><E57/><V126/><F126/><W67/><G67/><T20/><AGARI ba="0,0" hai="10,13,19,20,26,30,88,90,128,129,130" m="21065" machi="20" ten="40,5200,0" yaku="19,1,54,2" doraHai="36" who="0" fromWho="0" sc="329,52,293,-26,189,-13,189,-13" /><INIT seed="2,0,0,2,1,28" ten="381,267,176,176" oya="2" hai0="82,72,78,43,86,126,84,104,38,20,10,46,132" hai1="118,120,18,48,8,35,51,94,65,5,130,47,114" hai2="34,55,79,92,39,105,58,62,102,73,26,80,44" hai3="57,29,112,42,131,67,71,99,93,56,70,41,54"/><V14/><F105/><W123/><G123/><T106/><D126/><U63/><E118/><V21/><F14/><W127/><G131/><T119/><D119/><U30/><E114/><V109/><F109/><W74/><G127/><T36/><D132/><U45/><E130/><V83/><F83/><W25/><G112/><T117/><D117/><U115/><E115/><V134/><F134/><W7/><G74/><T59/><D36/><U52/><E120/><V27/><F34/><W69/><G7/><T9/><D20/><U110/><E110/><V108/><F108/><W37/><G67/><T68/><D68/><U12/><E94/><V64/><F21/><W32/><G37/><T124/><D124/><U89/><E89/><V111/><F111/><W6/><G6/><T3/><D59/><N who="1" m="37119" /><E35/><V11/><F11/><W50/><REACH who="3" step="1"/><G57/><REACH who="3" ten="381,267,176,166" step="2"/><T100/><D38/><U17/><E30/><V76/><F64/><W91/><G91/><BYE who="3" /><T33/><D33/><U121/><E121/><V129/><F79/><W135/><G135/><T107/><D100/><U103/><E103/><V4/><F129/><W40/><G40/><AGARI ba="0,1" hai="5,8,12,17,18,40,45,47,48,51,52" m="37119" machi="40" ten="30,2000,0" yaku="8,1,54,1" doraHai="28" who="1" fromWho="3" sc="381,0,267,30,176,0,166,-20" /><INIT seed="3,0,0,2,4,78" ten="381,297,176,146" oya="3" hai0="75,16,31,4,112,1,129,91,29,87,44,85,2" hai1="38,119,41,100,56,69,124,96,34,54,103,99,48" hai2="33,76,15,32,46,24,21,39,132,12,79,25,3" hai3="28,86,71,18,64,55,122,116,23,102,70,90,65"/><W82/><G82/><T113/><D129/><U131/><E34/><V45/><F3/><W61/><G61/><T10/><D1/><U92/><E69/><V134/><F21/><W101/><G101/><T36/><D75/><U37/><E131/><V20/><F20/><W83/><G83/><UN n3="%E3%81%86%E3%82%8C%E3%81%9F%E3%82%93%E6%9E%95" /><T66/><D66/><U47/><E124/><V40/><F40/><W95/><G116/><T81/><D85/><U117/><REACH who="1" step="1"/><E37/><AGARI ba="0,0" hai="12,15,24,25,32,33,37,39,45,46,76,79,132,134" machi="37" ten="25,1600,0" yaku="22,2" doraHai="78" who="2" fromWho="1" sc="381,0,297,-16,176,16,146,0" owari="381,48.1,281,8.1,192,-20.8,146,-35.4" /></mjloggm>