<mjloggm ver="2.3"><GO type="225" lobby="0"/><UN n0="%E3%81%8B%E3%82%8F%E3%81%A1%E3%82%83%E3%82%93%35%38" n1="%72%69%6F%75%63%68%61%6E" n2="%E4%BA%95%E5%B8%AF" n3="%E3%81%BF%E3%81%BF%E3%81%9A" dan="16,16,16,16" rate="2146.96,2169.93,2046.05,2171.32" sx="M,M,M,M"/><TAIKYOKU oya="0"/><INIT seed="0,0,0,3,3,106" ten="250,250,250,250" oya="0" hai0="69,42,80,93,78,11,126,123,98,35,104,113,58" hai1="86,63,102,21,44,47,12,40,43,57,110,25,87" hai2="76,72,67,84,105,65,77,7,91,4,10,54,6" hai3="2,0,16,89,132,85,131,100,31,27,50,122,51"/><T92/><D69/><U64/><E110/><V75/><F105/><W101/><G131/><T82/><D35/><U36/><E12/><V116/><F54/><W37/><G37/><T60/><D113/><U88/><E102/><V74/><F10/><W1/><G132/><T39/><D123/><U120/><E120/><V14/><F14/><W49/><G122/><T56/><D126/><U52/><E64/><V135/><F135/><W107/><G107/><T118/><D118/><U33/><E33/><V109/><F109/><W29/><G16/><T61/><D11/><U15/><E15/><V83/><REACH who="2" step="1"/><F116/><REACH who="2" ten="250,250,240,250" step="2"/><W95/><REACH who="3" step="1"/><G31/><REACH who="3" ten="250,250,240,240" step="2"/><T20/><D104/><U13/><E25/><V96/><F96/><W45/><G45/><T46/><D98/><U119/><E119/><V17/><F17/><W41/><G41/><T115/><D46/><N who="1" m="17451" /><E36/><V9/><F9/><W97/><G97/><T71/><D42/><U79/><E40/><V53/><F53/><W134/><G134/><T125/><D39/><U94/><E43/><V108/><F108/><W103/><G103/><T24/><D115/><U128/><E128/><V133/><F133/><W30/><G30/><T38/><D38/><U8/><E8/><V124/><F124/><W121/><G121/><T26/><D125/><U127/><E127/><V130/><F130/><W55/><G55/><T129/><D129/><U59/><E52/><V18/><F18/><W112/><G112/><T62/><D62/><U19/><E63/><V22/><F22/><AGARI ba="0,2" hai="0,1,2,22,27,29,49,50,51,85,89,95,100,101" machi="22" ten="50,1600,0" yaku="1,1,53,0" doraHai="106" doraHaiUra="28" who="3" fromWho="2" sc="250,0,250,0,240,-16,240,36" /><INIT seed="1,0,0,0,5,24" ten="250,250,224,276" oya="1" hai0="119,130,112,17,95,84,132,122,113,87,7,107,33" hai1="0,78,108,106,102,56,29,114,118,133,94,120,123" hai2="64,34,75,104,74,124,121,8,69,101,91,25,80" hai3="131,115,70,48,38,31,50,54,72,19,1,60,39"/><U21/><E114/><N who="0" m="44137" /><D17/><U85/><E118/><V98/><F121/><W37/><G72/><T30/><D30/><U90/><E0/><V88/><F8/><W111/><G1/><T20/><D20/><U49/><E133/><V117/><F124/><W13/><G31/><T71/><D7/><U40/><E108/><V127/><F127/><W110/><G115/><T67/><D67/><U27/><E78/><V10/><F10/><W51/><G131/><T4/><D33/><U65/><E106/><V9/><F9/><W81/><G81/><T97/><D71/><U68/><E102/><V92/><F117/><W105/><G105/><T3/><D4/><U28/><E68/><V83/><F64/><N who="3" m="41223" /><G19/><T42/><D3/><U35/><E40/><V93/><F69/><W18/><G18/><T129/><D119/><U16/><E28/><V45/><F45/><N who="3" m="27919" /><G13/><T58/><D107/><U46/><E46/><V32/><F25/><W2/><G2/><T55/><D42/><U52/><E65/><V128/><F128/><N who="0" m="49258" /><D132/><U11/><E11/><V57/><F57/><W73/><G73/><N who="2" m="27657" /><F34/><W53/><G51/><N who="0" m="31103" /><D122/><U15/><AGARI ba="0,0" hai="15,16,21,27,29,35,49,52,56,85,90,94,120,123" machi="15" ten="20,18000,2" yaku="0,1,7,1,25,2,52,1,54,2" doraHai="24" who="1" fromWho="1" sc="250,-60,250,180,224,-60,276,-60" /><INIT seed="1,1,0,0,5,47" ten="190,430,164,216" oya="1" hai0="108,19,74,71,112,82,79,111,98,121,42,75,97" hai1="78,38,129,35,11,45,1,68,39,131,4,56,92" hai2="22,123,72,23,49,133,86,69,66,34,14,48,18" hai3="62,124,87,119,83,85,41,110,10,59,6,30,89"/><U36/><E68/><V52/><F72/><N who="0" m="27690" /><D42/><U113/><E113/><V77/><F34/><W27/><G110/><N who="0" m="42027" /><D71/><U40/><E35/><V0/><F0/><W105/><G124/><T125/><D19/><U26/><E78/><V65/><F123/><W80/><G119/><T126/><D112/><U120/><E120/><V58/><F133/><W25/><G105/><T99/><D121/><U128/><E92/><V51/><F69/><W76/><G41/><T118/><D118/><U135/><E135/><V122/><F122/><W130/><G130/><T107/><D107/><U64/><REACH who="1" step="1"/><E26/><REACH who="1" ten="190,420,164,216" step="2"/><V96/><F96/><W9/><G27/><T16/><D79/><U90/><E90/><V73/><F73/><W37/><G25/><T29/><D82/><U134/><E134/><V3/><F3/><W101/><G101/><T84/><D126/><U95/><E95/><V13/><F77/><W12/><G83/><T91/><D125/><U32/><E32/><V15/><F86/><W103/><G103/><T114/><D114/><U117/><E117/><V53/><F23/><W55/><G87/><T116/><D84/><U63/><AGARI ba="1,1" hai="1,4,11,36,38,39,40,45,56,63,64,128,129,131" machi="63" ten="40,7800,0" yaku="1,1,0,1,19,1,53,0" doraHai="47" doraHaiUra="20" who="1" fromWho="1" sc="190,-27,420,91,164,-27,216,-27" /><INIT seed="1,2,0,3,1,35" ten="163,511,137,189" oya="1" hai0="106,61,130,121,76,6,25,93,80,36,108,17,115" hai1="45,57,28,0,131,105,64,65,46,134,98,30,56" hai2="110,83,19,102,24,43,95,15,10,92,26,66,89" hai3="63,50,70,52,73,40,118,87,124,1,31,42,55"/><U71/><E71/><V21/><F110/><W20/><G73/><T14/><D106/><U135/><E98/><V120/><F120/><W97/><G1/><T107/><D107/><U22/><E105/><V123/><F123/><W59/><G124/><T79/><D36/><U125/><E22/><V29/><F43/><W132/><G132/><T68/><D6/><U119/><E131/><V16/><F66/><W53/><G97/><T122/><D76/><U86/><E86/><V54/><F102/><W128/><G128/><T7/><D7/><U37/><E119/><V82/><F54/><N who="3" m="21099" /><G70/><T23/><D115/><U33/><E37/><V49/><F49/><W11/><G118/><T85/><D108/><U60/><E125/><V67/><F67/><N who="3" m="39423" /><G11/><N who="0" m="6367" /><D61/><U133/><E33/><V127/><F127/><W88/><G31/><N who="1" m="11818" /><E0/><V34/><REACH who="2" step="1"/><F95/><REACH who="2" ten="163,511,127,189" step="2"/><N who="3" m="54687" /><G20/><T27/><D23/><U18/><E134/><V129/><F129/><W5/><G5/><T91/><D130/><U103/><E135/><V62/><F62/><W78/><G78/><T94/><D121/><U13/><E60/><V96/><AGARI ba="2,1" hai="10,15,16,19,21,24,26,29,34,82,83,89,92,96" machi="96" ten="20,5200,0" yaku="1,1,0,1,7,1,54,1,53,0" doraHai="35" doraHaiUra="126" who="2" fromWho="2" sc="163,-15,511,-28,127,68,189,-15" /><INIT seed="2,0,0,3,1,69" ten="148,483,195,174" oya="2" hai0="61,24,8,125,66,134,47,118,88,111,122,120,83" hai1="11,65,119,40,108,115,70,64,129,33,42,127,82" hai2="56,59,19,74,6,112,93,123,124,94,109,97,58" hai3="16,50,72,95,53,131,63,73,34,39,41,85,105"/><V135/><F123/><W92/><G105/><T57/><D111/><U15/><E108/><V12/><F112/><W103/><G34/><T36/><D24/><U77/><E115/><V117/><F117/><W114/><G63/><T30/><D30/><U60/><E119/><V89/><F74/><W28/><G28/><T5/><D118/><U86/><E33/><V54/><F124/><W10/><G114/><T55/><D134/><U80/><E127/><V20/><F135/><W37/><G41/><T67/><D125/><U13/><E129/><V106/><F106/><W0/><G131/><T45/><D8/><U128/><E128/><V49/><F109/><W31/><G31/><T68/><D5/><U27/><E65/><N who="0" m="24585" /><D88/><U2/><E27/><V51/><F6/><W90/><G73/><T46/><D83/><U102/><E102/><V17/><F49/><W113/><G72/><T71/><D120/><U32/><E32/><V96/><REACH who="2" step="1"/><F19/><REACH who="2" ten="148,483,185,174" step="2"/><W9/><G113/><T22/><D22/><U121/><E121/><V76/><F76/><W98/><G0/><T107/><D107/><U81/><E2/><V14/><F14/><W100/><G16/><T26/><D122/><U75/><E15/><V87/><F87/><N who="3" m="52319" /><G37/><T4/><D4/><U132/><E132/><V110/><F110/><W23/><G39/><T48/><D26/><U133/><E133/><V7/><F7/><W126/><G126/><T43/><D47/><U52/><E75/><V25/><F25/><W84/><G84/><T18/><D18/><N who="1" m="8511" /><E86/><V101/><AGARI ba="0,1" hai="12,17,20,51,54,56,58,59,89,93,94,96,97,101" machi="101" ten="20,7800,0" yaku="1,1,0,1,7,1,8,1,53,0" doraHai="69" doraHaiUra="21" who="2" fromWho="2" sc="148,-26,483,-26,185,88,174,-26" /><INIT seed="2,1,0,1,5,73" ten="122,457,273,148" oya="2" hai0="109,14,76,11,75,53,2,18,54,46,130,33,106" hai1="114,9,28,92,118,80,58,66,113,20,97,59,48" hai2="51,89,125,108,52,37,31,63,67,22,95,8,71" hai3="65,110,115,96,122,5,43,24,3,0,100,61,55"/><V23/><F125/><W60/><G122/><T102/><D33/><U103/><E118/><V119/><F119/><W83/><G43/><T85/><D75/><U30/><E9/><V128/><F128/><W12/><G110/><T124/><D2/><U133/><E133/><V79/><F37/><W50/><G115/><T134/><D106/><U10/><E10/><V86/><F108/><W40/><G40/><T45/><D109/><U34/><E34/><V74/><F8/><W27/><G12/><T4/><D102/><U21/><E80/><V123/><F123/><W42/><G42/><T17/><D124/><U15/><E114/><V70/><F70/><W101/><G5/><T81/><D134/><U87/><E87/><V104/><F104/><W126/><G126/><T82/><D82/><U117/><E117/><V39/><F39/><W49/><G83/><T93/><D93/><U111/><E113/><V38/><F38/><W6/><G6/><T77/><D130/><U131/><E131/><V35/><F74/><W56/><G49/><N who="0" m="28847" /><D77/><U16/><E111/><V69/><F69/><N who="3" m="42151" /><G50/><AGARI ba="1,0" hai="4,11,14,17,18,46,50,54,76,81,85" m="28847" machi="50" ten="30,2000,0" yaku="8,1,52,1" doraHai="73" who="0" fromWho="3" sc="122,23,457,0,273,0,148,-23" /><INIT seed="3,0,0,0,5,89" ten="145,457,273,125" oya="3" hai0="59,3,87,23,53,25,40,104,124,117,56,33,101" hai1="34,35,24,112,113,60,76,29,5,37,2,90,31" hai2="131,52,125,129,36,83,67,69,111,27,103,84,22" hai3="96,62,121,135,126,47,6,26,19,123,58,100,98"/><W49/><G126/><T93/><D33/><U16/><E37/><V118/><F118/><W54/><G135/><T109/><D3/><U21/><E76/><V134/><F36/><W0/><G98/><T81/><D104/><U128/><E90/><V50/><F103/><W70/><G70/><T127/><D40/><U133/><E60/><V48/><F111/><W79/><G79/><T72/><D72/><U14/><E133/><V107/><F107/><W80/><G80/><T45/><D117/><U71/><E71/><V105/><F105/><W130/><G130/><N who="2" m="49673" /><F125/><W77/><G77/><T65/><D101/><U4/><E128/><V20/><F20/><W106/><G19/><T102/><D23/><U28/><E2/><V9/><F9/><W95/><G26/><T120/><D25/><N who="1" m="18703" /><E29/><N who="2" m="17655" /><F134/><W68/><G68/><T12/><D109/><U61/><E61/><N who="2" m="40175" /><F52/><W42/><REACH who="3" step="1"/><G106/><REACH who="3" ten="145,457,273,115" step="2"/><T114/><D124/><U85/><E85/><V32/><F83/><W99/><G99/><T15/><D127/><U10/><E35/><V13/><F32/><W41/><G41/><T82/><D82/><U39/><E39/><V74/><F84/><W119/><G119/><T97/><D87/><U116/><E116/><V73/><F74/><W132/><G132/><T78/><D81/><U91/><E91/><V1/><F73/><W51/><G51/><T55/><D78/><U46/><E16/><V110/><F50/><W11/><AGARI ba="0,1" hai="0,6,11,42,47,49,54,58,62,95,96,100,121,123" machi="11" ten="30,11700,0" yaku="1,1,0,1,52,1,53,1" doraHai="89" doraHaiUra="88" who="3" fromWho="3" sc="145,-39,457,-39,273,-39,115,127" /><INIT seed="3,1,0,5,5,83" ten="106,418,234,242" oya="3" hai0="135,108,64,121,88,79,95,123,27,15,21,80,41" hai1="51,72,117,31,44,28,127,131,87,5,8,78,126" hai2="122,26,32,4,16,106,130,97,40,101,109,9,114" hai3="58,13,33,70,103,132,93,52,57,125,24,14,67"/><W105/><G125/><N who="1" m="47626" /><E72/><V18/><F114/><W59/><G132/><T34/><D34/><U45/><E131/><V2/><F130/><W48/><G105/><T1/><D1/><N who="1" m="47" /><E117/><V3/><F109/><W6/><G70/><T118/><D118/><U46/><E51/><V77/><F122/><W110/><G110/><T104/><D108/><U10/><E10/><V23/><F3/><W63/><G6/><T124/><D124/><U113/><E113/><V128/><F128/><W76/><G76/><T17/><D135/><U47/><E47/><V37/><F32/><W42/><G42/><T53/><D123/><U116/><E116/><V102/><F102/><W11/><G11/><T119/><D121/><U89/><E78/><V120/><F120/><W39/><G39/><T60/><D119/><U134/><E134/><V7/><F7/><W129/><G129/><T35/><D41/><U86/><E87/><V38/><F77/><W107/><G107/><T98/><D104/><U66/><E66/><V91/><F40/><W115/><G115/><T56/><D35/><U30/><E28/><V84/><F18/><W81/><G81/><AGARI ba="1,0" hai="30,31,44,45,46,81,86,89" m="47,47626" machi="81" ten="30,2000,0" yaku="18,1,52,1" doraHai="83" who="1" fromWho="3" sc="106,0,418,23,234,0,242,-23" /><AGARI ba="1,0" hai="2,4,9,16,23,26,37,38,81,84,91,97,101,106" machi="81" ten="30,3900,0" yaku="7,1,52,1,54,1" doraHai="83" who="2" fromWho="3" sc="106,0,441,0,234,39,219,-39" owari="106,-39.4,441,54.1,273,7.3,180,-22.0" /></mjloggm>