<mjloggm ver="2.3"><GO type="225" lobby="0"/><UN n0="%E8%B6%85%E7%B4%9A%E9%B3%B3%E5%87%B0" n1="%E3%80%93%E3%81%97%E3%83%BC%E3%82%89%E3%80%93" n2="%E5%BA%97%E9%95%B7%4D" n3="%E5%84%AA%40%41%42%43" dan="17,16,16,17" rate="2135.48,2160.51,2079.67,2153.19" sx="F,M,M,M"/><TAIKYOKU oya="0"/><INIT seed="0,0,0,3,1,123" ten="250,250,250,250" oya="0" hai0="18,26,79,130,1,129,16,127,52,133,3,70,95" hai1="88,120,89,97,21,0,69,50,108,12,112,24,74" hai2="8,109,23,10,87,111,55,86,59,47,98,31,134" hai3="82,114,51,57,93,35,91,38,7,6,75,118,43"/><T72/><D70/><U103/><E0/><N who="0" m="73" /><D127/><U96/><E69/><V132/><F47/><W5/><G114/><T102/><D133/><N who="2" m="51306" /><F98/><N who="1" m="37993" /><E74/><V54/><F31/><W126/><G35/><T113/><D113/><U65/><E112/><V58/><F23/><W68/><G68/><T90/><D102/><U115/><E115/><V30/><F30/><W15/><G118/><T42/><D42/><U17/><E120/><V105/><F105/><W32/><G32/><T36/><D36/><U76/><E103/><V29/><F29/><W40/><G38/><T99/><D26/><U11/><E65/><V94/><F10/><W122/><G126/><T66/><D66/><U4/><E76/><V53/><F8/><W71/><G71/><T104/><D104/><U19/><E108/><N who="2" m="41547" /><F94/><W56/><G93/><T107/><D107/><U44/><E17/><V110/><N who="2" m="41555" /><V60/><DORA hai="101" /><F55/><AGARI ba="0,0" hai="4,11,12,19,21,24,44,50,55,88,89" m="37993" machi="55" ten="30,2000,0" yaku="8,1,54,1" doraHai="123,101" who="1" fromWho="2" sc="250,0,250,20,250,-20,250,0" /><INIT seed="1,0,0,3,4,82" ten="250,270,230,250" oya="1" hai0="44,26,62,84,95,63,27,112,1,22,128,24,18" hai1="20,19,102,13,2,58,134,135,79,122,81,92,76" hai2="10,101,88,39,113,123,53,98,7,31,74,114,32" hai3="55,16,104,46,21,65,124,5,119,12,109,94,75"/><U36/><E36/><V9/><F74/><W33/><G104/><T110/><D112/><N who="2" m="43114" /><F39/><W34/><G75/><T106/><D106/><U97/><E2/><V45/><F123/><W17/><G109/><T126/><D1/><U127/><E122/><V67/><F67/><W30/><G124/><T103/><D110/><U52/><E127/><V71/><F71/><W56/><G65/><T0/><D126/><U72/><REACH who="1" step="1"/><E79/><REACH who="1" ten="250,260,230,250" step="2"/><V51/><F32/><W77/><G77/><T41/><D0/><U87/><E87/><V15/><F31/><W96/><G30/><T35/><D84/><U118/><E118/><V59/><F10/><N who="3" m="4175" /><G33/><T115/><D115/><U73/><E73/><V89/><F45/><W120/><G34/><T70/><D35/><U64/><E64/><V133/><F133/><W86/><G119/><T6/><D44/><U3/><E3/><V50/><F50/><AGARI ba="0,1" hai="13,19,20,50,52,58,72,76,81,92,97,102,134,135" machi="50" ten="40,7700,0" yaku="1,1,54,1,53,1" doraHai="82" doraHaiUra="49" who="1" fromWho="2" sc="250,0,260,87,230,-77,250,0" /><INIT seed="1,1,0,3,5,81" ten="250,347,153,250" oya="1" hai0="125,133,101,102,90,7,114,59,122,68,65,54,63" hai1="77,75,130,79,47,82,8,89,84,19,41,80,48" hai2="135,109,112,35,88,126,62,100,71,49,51,28,23" hai3="132,44,108,34,86,76,116,111,93,36,61,4,11"/><U37/><E130/><V53/><F35/><W26/><G132/><T12/><D114/><U60/><E37/><V43/><F135/><W2/><G116/><T5/><D133/><U0/><E60/><V1/><F1/><W98/><G61/><T120/><D125/><U50/><E50/><V29/><F126/><W74/><G93/><T106/><D106/><U14/><REACH who="1" step="1"/><E0/><REACH who="1" ten="250,337,153,250" step="2"/><V56/><F112/><W24/><G36/><T96/><D63/><U70/><E70/><V107/><F71/><W67/><G2/><T121/><D68/><U85/><E85/><V78/><F51/><W129/><G86/><T25/><D122/><U113/><E113/><V27/><F49/><W94/><G129/><T66/><D121/><U9/><E9/><V42/><F109/><W73/><G11/><T87/><D120/><U13/><E13/><V128/><F128/><W20/><G108/><T83/><D12/><U72/><E72/><V15/><F15/><W55/><G74/><T119/><D87/><U97/><E97/><V38/><F38/><W57/><G98/><T30/><D96/><U105/><E105/><V3/><F3/><W118/><G73/><T64/><D119/><U117/><E117/><V104/><F104/><W22/><G118/><T52/><D65/><U115/><E115/><V69/><F107/><W110/><G67/><T32/><D64/><U127/><E127/><V6/><F62/><W40/><G111/><T124/><D66/><U31/><E31/><V17/><F69/><W33/><G110/><T91/><D124/><U92/><E92/><V131/><F29/><RYUUKYOKU ba="1,1" sc="250,-10,337,30,153,-10,250,-10" hai1="8,14,19,41,47,48,75,77,79,80,82,84,89" /><INIT seed="1,2,1,0,5,34" ten="240,367,143,240" oya="1" hai0="3,10,100,106,73,55,33,76,22,60,134,27,121" hai1="97,41,4,9,18,126,103,15,19,1,35,86,49" hai2="109,75,88,31,77,62,102,133,131,115,23,8,52" hai3="58,112,105,46,83,5,65,28,93,42,90,85,17"/><U130/><E35/><V82/><F109/><W26/><G112/><T111/><D111/><U29/><E29/><V48/><F115/><W119/><G105/><T63/><D134/><U69/><E69/><V110/><F110/><W80/><G119/><T81/><D121/><U120/><E120/><V104/><F133/><W40/><G5/><T20/><D33/><U94/><E126/><V74/><F131/><W32/><G17/><T117/><D117/><U122/><E122/><V30/><F74/><W67/><G42/><T16/><D55/><U127/><E130/><V107/><F62/><W25/><G26/><T68/><D68/><U118/><E127/><V135/><F135/><W6/><G6/><T87/><D73/><U50/><E118/><V72/><F72/><W98/><G58/><T71/><D71/><U129/><E129/><V0/><F88/><W47/><G83/><T37/><D37/><U11/><E41/><V78/><F78/><W51/><REACH who="3" step="1"/><G46/><REACH who="3" ten="240,367,143,230" step="2"/><T56/><D56/><U132/><E132/><V125/><F125/><W70/><G70/><T44/><D44/><U89/><E19/><V95/><F104/><AGARI ba="2,2" hai="1,4,9,11,15,18,49,50,86,89,94,97,103,104" machi="104" ten="30,2900,0" yaku="7,1,52,1" doraHai="34" who="1" fromWho="2" sc="240,0,367,55,143,-35,230,0" /><INIT seed="1,3,0,2,2,50" ten="240,422,108,230" oya="1" hai0="25,57,29,0,17,95,28,51,10,62,114,7,130" hai1="13,84,64,1,101,102,78,40,100,11,128,30,49" hai2="74,37,118,132,70,103,86,108,75,125,83,32,54" hai3="81,129,126,79,24,120,121,8,99,123,65,69,45"/><U34/><E1/><V92/><F54/><W15/><G126/><T104/><D114/><U131/><E64/><V105/><F92/><W133/><G129/><T53/><D104/><U135/><E135/><V109/><F86/><W77/><G133/><T27/><D130/><U43/><E43/><V90/><F90/><W119/><G119/><T87/><D51/><U22/><E34/><V97/><F83/><W127/><G127/><T88/><REACH who="0" step="1"/><D17/><REACH who="0" ten="230,422,108,230" step="2"/><N who="1" m="8383" /><E49/><V41/><F109/><W85/><G123/><T93/><D93/><U107/><E107/><V6/><F105/><W61/><G121/><T12/><D12/><U98/><E131/><V60/><F108/><W44/><G120/><T38/><D38/><U35/><E128/><V80/><F37/><W2/><G2/><T106/><D106/><U48/><E48/><V113/><F113/><W134/><G134/><T115/><D115/><U3/><E3/><V76/><F125/><W56/><G45/><T66/><D66/><U110/><E110/><V122/><F132/><W18/><G44/><T72/><D72/><U33/><E40/><V117/><F75/><W4/><G65/><T94/><D94/><U63/><E102/><V39/><F41/><W112/><G18/><T9/><D9/><U91/><E101/><V46/><F46/><W124/><G15/><T52/><D52/><U23/><E100/><V67/><F67/><W82/><G8/><T68/><D68/><U5/><E98/><V14/><F14/><W20/><G99/><T111/><D111/><U73/><E73/><V96/><F122/><W55/><G124/><RYUUKYOKU ba="3,1" sc="230,30,422,-10,108,-10,230,-10" hai0="0,7,10,25,27,28,29,53,57,62,87,88,95" /><INIT seed="2,4,1,5,3,84" ten="260,412,98,220" oya="2" hai0="101,54,99,45,39,59,108,35,6,119,86,133,107" hai1="24,105,90,30,55,61,21,1,4,85,3,117,106" hai2="15,46,81,94,48,135,73,125,92,66,42,91,65" hai3="18,114,75,27,19,123,111,68,127,16,40,41,8"/><V26/><F125/><W70/><G123/><T67/><D35/><U38/><E38/><V60/><F135/><W53/><G75/><T29/><D29/><U96/><E117/><V131/><F131/><W132/><G27/><T98/><D133/><U72/><E72/><V23/><F15/><W120/><G120/><T118/><D108/><U36/><E36/><V10/><F10/><W122/><G111/><T130/><D130/><U34/><E4/><V103/><F103/><W128/><G8/><T78/><D99/><U80/><E106/><V95/><F73/><W134/><G122/><T32/><D32/><U44/><E34/><V83/><F91/><W25/><G19/><T9/><D67/><N who="2" m="25610" /><F60/><W88/><G88/><T100/><D101/><U116/><E61/><V22/><F22/><W47/><G128/><T93/><D107/><U71/><E105/><V17/><AGARI ba="4,1" hai="17,23,26,42,46,48,81,83,92,94,95" m="25610" machi="17" ten="30,1500,0" yaku="8,1" doraHai="84" who="2" fromWho="2" sc="260,-9,412,-9,98,37,220,-9" /><INIT seed="2,5,0,3,2,49" ten="251,403,135,211" oya="2" hai0="14,9,55,132,50,61,28,133,92,36,128,90,75" hai1="78,120,15,7,41,20,95,107,72,87,111,96,63" hai2="17,66,101,65,11,59,97,129,38,5,91,52,124" hai3="10,103,46,135,83,84,0,98,123,105,57,48,47"/><V109/><F38/><W62/><G135/><N who="0" m="51787" /><D36/><U94/><E107/><V29/><F124/><W43/><G123/><T31/><D75/><U81/><E111/><V22/><F29/><W77/><G47/><T117/><D128/><U13/><E72/><V126/><F126/><W114/><G114/><T99/><D117/><U82/><E120/><V67/><F129/><W127/><G127/><T125/><D61/><U4/><E82/><V27/><F109/><W68/><G68/><T39/><D39/><U53/><E41/><V130/><F130/><W100/><G100/><T70/><D70/><U121/><E121/><V102/><F91/><W34/><G34/><T44/><D125/><U110/><E110/><V32/><F32/><W60/><G60/><T58/><D58/><N who="1" m="35279" /><E95/><V64/><N who="2" m="16384" /><DORA hai="122" /><V108/><F108/><W21/><G21/><T79/><D79/><U30/><E30/><V2/><REACH who="2" step="1"/><F97/><REACH who="2" ten="251,403,125,211" step="2"/><W6/><G98/><T104/><D31/><U73/><E96/><V45/><F45/><W119/><G103/><T88/><D28/><U80/><E78/><V93/><F93/><W25/><G46/><T51/><D92/><U118/><E94/><V12/><F12/><W76/><G0/><T56/><D99/><U85/><E15/><V86/><F86/><W71/><G84/><T54/><D104/><U16/><E73/><V69/><F69/><W42/><G71/><T40/><D40/><U74/><E74/><V1/><F1/><W106/><G43/><T33/><D33/><U131/><E131/><V35/><F35/><W112/><G106/><T116/><D116/><RYUUKYOKU ba="5,1" sc="251,15,403,-15,125,15,211,-15" hai0="9,14,44,50,51,54,55,56,88,90" hai2="2,5,11,17,22,27,52,59,101,102" /><INIT seed="2,6,1,1,0,128" ten="266,388,140,196" oya="2" hai0="3,97,69,26,99,32,18,109,50,58,29,37,133" hai1="89,100,59,13,65,53,106,39,27,114,16,76,70" hai2="72,105,90,86,107,0,85,134,103,33,12,120,55" hai3="51,49,122,48,40,96,4,42,127,61,31,78,73"/><V94/><F0/><W46/><G127/><T126/><D3/><U71/><E39/><V132/><F33/><W80/><G122/><T63/><D37/><U135/><E65/><V124/><F120/><W25/><G4/><T98/><D126/><U52/><E76/><V91/><F124/><W116/><G116/><T22/><D109/><U81/><E53/><V68/><F68/><W21/><G42/><T47/><D69/><U101/><E27/><V24/><F24/><W30/><G31/><T38/><D38/><U92/><E81/><N who="2" m="49455" /><F55/><W34/><G34/><T17/><D133/><N who="2" m="51306" /><F72/><W15/><G15/><T9/><D9/><U88/><E135/><V119/><F107/><W56/><G96/><T108/><D108/><U112/><E106/><V5/><F119/><W45/><G46/><T121/><D121/><U77/><E71/><V8/><F105/><W79/><G78/><T62/><D32/><U130/><E70/><V123/><F123/><W28/><G30/><T43/><D63/><U35/><E52/><AGARI ba="6,1" hai="21,25,28,40,45,48,49,51,52,56,61,73,79,80" machi="52" ten="30,2000,0" yaku="7,1,54,1" doraHai="128" who="3" fromWho="1" sc="266,0,388,-38,140,0,196,48" /><AGARI ba="6,0" hai="17,18,22,26,29,43,47,50,52,58,62,97,98,99" machi="52" ten="40,2600,0" yaku="8,1,54,1" doraHai="128" who="0" fromWho="1" sc="266,26,350,-26,140,0,244,0" /><INIT seed="3,0,0,4,5,81" ten="292,324,140,244" oya="3" hai0="107,115,70,22,15,46,54,133,87,25,125,91,134" hai1="83,114,35,28,97,71,60,112,77,130,7,116,63" hai2="92,66,65,50,82,75,31,5,111,19,109,99,33" hai3="105,56,121,30,37,47,58,104,118,43,16,108,4"/><W49/><G121/><T127/><D70/><U126/><E7/><V128/><F5/><W55/><G118/><T48/><D107/><U64/><E116/><V59/><F128/><W53/><G30/><N who="0" m="17719" /><D15/><U98/><E130/><V51/><F31/><W90/><G4/><T135/><D115/><U103/><E63/><V27/><F33/><W73/><G73/><T17/><D17/><U40/><E40/><V132/><F132/><N who="0" m="33794" /><T23/><DORA hai="34" /><D23/><U119/><E126/><V67/><F19/><W21/><G90/><T3/><D3/><U117/><E98/><V36/><F27/><W88/><G88/><T101/><D101/><U14/><E14/><V24/><F36/><W85/><G85/><T122/><D122/><U44/><E119/><V26/><F24/><W8/><G8/><T2/><D2/><U110/><E117/><V57/><F26/><W38/><G38/><T39/><D39/><U1/><E1/><V52/><F75/><W45/><G108/><T120/><D120/><U93/><E110/><V69/><F82/><W12/><G47/><T9/><D9/><U42/><E28/><V78/><F78/><W74/><G74/><T102/><D102/><U32/><E114/><V89/><REACH who="2" step="1"/><F69/><REACH who="2" ten="292,324,130,244" step="2"/><W100/><G100/><T10/><D10/><U20/><E35/><V13/><F13/><W94/><G94/><AGARI ba="0,1" hai="46,48,54,87,91,94,125,127" m="33794,17719" machi="94" ten="40,2600,0" yaku="20,1,52,1" doraHai="81,34" who="0" fromWho="3" sc="292,36,324,0,130,0,244,-26" owari="328,42.8,324,12.4,130,-37.0,218,-18.2" /></mjloggm>