<mjloggm ver="2.3"><GO type="225" lobby="0"/><UN n0="%33%74%72%65%65" n1="%E3%81%BF%E3%81%BF%E3%81%9A" n2="%E7%89%B9%E6%9D%B1%E3%81%AF%E4%B8%96%E7%95%8C%E3%82%92%E6%95%91%E3%81%86" n3="%52%61%69%61%6E%2E" dan="16,18,16,16" rate="2144.45,2257.36,2172.37,2025.14" sx="F,M,M,M"/><TAIKYOKU oya="0"/><INIT seed="0,0,0,0,4,102" ten="250,250,250,250" oya="0" hai0="9,73,53,59,110,111,17,135,27,45,93,117,104" hai1="109,79,15,11,49,54,83,122,76,108,99,74,124" hai2="5,32,89,97,57,84,38,105,100,46,62,69,112" hai3="127,131,36,67,47,71,30,28,23,24,44,113,40"/><T52/><D117/><U90/><E122/><V134/><F112/><W88/><G113/><T115/><D115/><U87/><E124/><V123/><F123/><W121/><G121/><T65/><D135/><U25/><E25/><V22/><F32/><W42/><G127/><T82/><D93/><U14/><E99/><V103/><F103/><W86/><G131/><T16/><D104/><U12/><E11/><V34/><F34/><W56/><G71/><T37/><D27/><U80/><REACH who="1" step="1"/><E90/><REACH who="1" ten="250,240,250,250" step="2"/><V21/><F89/><W133/><G133/><T61/><D9/><U125/><E125/><V78/><F97/><W0/><G0/><T20/><D111/><U26/><E26/><V92/><F134/><W101/><G101/><T85/><D110/><U39/><E39/><V72/><F38/><W41/><G36/><T106/><D37/><U98/><E98/><V66/><F100/><W81/><G28/><T29/><D29/><U7/><E7/><V63/><F5/><W6/><G6/><T132/><D132/><U35/><E35/><V95/><F22/><W55/><REACH who="3" step="1"/><G67/><REACH who="3" ten="250,240,250,240" step="2"/><T91/><D65/><U75/><E75/><V50/><F72/><W130/><G130/><T10/><D73/><U94/><E94/><V129/><F129/><W58/><G58/><AGARI ba="0,2" hai="12,14,15,49,54,58,74,76,79,80,83,87,108,109" machi="58" ten="40,1300,0" yaku="1,1,53,0" doraHai="102" doraHaiUra="3" who="1" fromWho="3" sc="250,0,240,33,250,0,240,-13" /><INIT seed="1,0,0,0,3,102" ten="250,273,250,227" oya="1" hai0="15,56,125,7,60,22,113,114,43,79,2,118,63" hai1="121,110,65,3,129,14,55,132,76,80,40,54,17" hai2="64,4,0,62,116,117,59,29,49,30,71,87,73" hai3="47,68,134,24,57,66,78,105,44,88,58,103,26"/><U12/><E121/><V106/><F73/><W50/><G78/><T33/><D118/><U74/><E3/><V107/><F117/><W124/><G124/><T25/><D125/><U127/><E129/><V108/><F116/><W13/><G68/><T31/><D43/><U84/><E127/><V18/><F108/><W128/><G128/><T91/><D91/><U11/><E110/><V94/><F18/><W5/><G134/><T133/><D79/><U48/><E132/><V45/><F71/><W126/><G126/><T53/><D63/><U77/><E65/><V85/><F4/><W93/><G103/><T111/><D111/><U32/><E32/><V70/><F0/><W20/><G105/><T6/><D6/><N who="1" m="3191" /><E74/><V96/><F87/><W34/><G34/><T98/><D98/><U92/><E77/><V90/><F70/><W39/><G39/><T28/><D133/><U89/><E92/><V131/><F131/><W122/><G122/><T10/><REACH who="0" step="1"/><D31/><REACH who="0" ten="240,273,250,227" step="2"/><U109/><E89/><V115/><F96/><W72/><G5/><T41/><D41/><U61/><E61/><V95/><F30/><W81/><G88/><T16/><AGARI ba="0,1" hai="2,7,10,15,16,22,25,28,33,53,56,60,113,114" machi="16" ten="30,8000,1" yaku="1,1,0,1,24,2,54,1,53,0" doraHai="102" doraHaiUra="97" who="0" fromWho="0" sc="240,90,273,-40,250,-20,227,-20" /><INIT seed="2,0,0,4,4,37" ten="330,233,230,207" oya="2" hai0="106,29,2,80,11,24,93,50,22,62,135,110,72" hai1="71,47,3,9,132,84,118,59,109,131,18,83,89" hai2="8,105,42,97,0,70,38,134,88,60,116,49,91" hai3="30,40,1,98,81,77,127,90,92,74,99,28,108"/><V130/><F116/><W53/><G1/><T4/><D106/><U103/><E71/><V69/><F38/><W25/><G108/><T128/><D110/><U57/><E118/><V121/><F121/><W125/><G53/><T82/><D135/><U31/><E109/><V114/><F114/><W35/><G28/><T46/><D128/><U100/><E131/><V56/><F130/><W7/><G7/><T113/><D113/><U79/><E132/><V65/><F134/><W73/><G73/><T120/><D120/><U34/><E34/><V26/><F26/><W39/><REACH who="3" step="1"/><G99/><REACH who="3" ten="330,233,230,197" step="2"/><T115/><D4/><U129/><E31/><V104/><F0/><W44/><AGARI ba="0,1" hai="25,30,35,39,40,44,74,77,81,90,92,98,125,127" machi="44" ten="30,7900,0" yaku="1,1,2,1,0,1,52,1,53,0" doraHai="37" doraHaiUra="112" who="3" fromWho="3" sc="330,-20,233,-20,230,-39,197,89" /><INIT seed="3,0,0,5,4,48" ten="310,213,191,286" oya="3" hai0="79,121,61,34,114,29,101,2,100,132,25,73,11" hai1="104,5,71,123,126,23,59,26,120,84,12,78,107" hai2="62,47,98,31,103,63,21,128,60,27,108,129,10" hai3="58,122,70,118,46,35,67,133,135,8,32,76,113"/><W49/><G113/><T41/><D121/><U52/><E71/><V130/><F108/><W6/><G70/><T90/><D114/><U38/><E38/><V22/><F10/><W134/><G76/><T97/><D132/><U112/><E112/><V18/><F47/><W24/><G118/><T7/><D61/><U39/><E39/><V15/><REACH who="2" step="1"/><F62/><REACH who="2" ten="310,213,181,286" step="2"/><N who="3" m="38359" /><G122/><T0/><D11/><U16/><E120/><V53/><F53/><N who="3" m="29879" /><G24/><T125/><D25/><U77/><E123/><V19/><F19/><W37/><G37/><T1/><D1/><AGARI ba="0,1" hai="1,6,8,32,35,133,134,135" m="29879,38359" machi="1" ten="30,2900,0" yaku="20,1,52,1" doraHai="48" who="3" fromWho="0" sc="310,-29,213,0,181,0,286,39" owari="281,8.1,213,-18.7,181,-31.9,325,42.5" /></mjloggm>