<mjloggm ver="2.3"><GO type="225" lobby="0"/><UN n0="%4B%69%74%61%6D%75%72%61" n1="%E3%81%8D%E3%82%85%E3%81%86" n2="%72%65%6E%6B%75%6E" n3="%E3%81%B5%E3%81%98%E3%81%8B%E3%81%A4" dan="17,16,17,16" rate="2168.03,2077.09,2213.76,2179.61" sx="F,M,M,M"/><TAIKYOKU oya="0"/><INIT seed="0,0,0,0,1,105" ten="250,250,250,250" oya="0" hai0="16,114,74,1,85,84,111,18,17,47,23,35,90" hai1="77,3,112,41,127,104,55,6,79,19,36,98,37" hai2="72,39,63,13,49,108,125,80,59,100,87,70,73" hai3="66,42,27,53,132,89,28,122,75,83,11,61,31"/><T45/><D114/><U107/><E112/><V56/><F39/><W64/><G132/><T15/><D35/><U57/><E127/><V116/><F100/><W121/><G42/><T65/><D1/><U99/><E19/><N who="0" m="7241" /><D74/><U82/><E3/><V43/><F13/><W30/><G11/><T46/><D111/><U102/><E6/><V130/><F125/><W103/><G103/><T88/><D65/><U51/><E41/><V52/><F70/><W58/><G27/><T21/><D21/><U123/><E123/><N who="3" m="47114" /><G89/><AGARI ba="0,0" hai="15,18,23,45,46,47,84,85,88,89,90" m="7241" machi="89" ten="30,5800,0" yaku="8,1,54,2" doraHai="105" who="0" fromWho="3" sc="250,58,250,0,250,0,250,-58" /><INIT seed="0,1,0,0,5,72" ten="308,250,250,192" oya="0" hai0="1,2,101,43,98,22,131,25,47,63,134,97,87" hai1="13,89,133,24,39,20,19,123,34,108,7,59,27" hai2="18,112,102,115,80,77,74,117,14,114,61,110,56" hai3="103,90,60,94,48,15,9,38,91,64,106,130,132"/><T126/><D126/><U92/><E123/><V58/><F110/><W78/><G132/><T107/><D134/><U69/><E69/><V109/><F109/><W29/><G130/><T0/><D131/><U73/><E108/><V120/><F120/><W21/><G38/><T111/><D111/><U26/><E133/><V42/><F117/><W62/><G106/><T36/><D97/><U124/><E124/><V105/><F42/><W125/><G125/><T3/><D3/><U17/><E39/><V79/><F79/><W40/><G78/><T66/><D87/><U32/><E73/><V75/><F75/><W100/><G40/><T129/><D129/><U37/><E37/><V54/><F58/><W71/><G48/><T44/><D44/><U55/><E7/><V122/><F122/><W76/><G76/><T85/><D85/><U118/><E19/><V50/><F50/><W31/><G60/><T16/><REACH who="0" step="1"/><D0/><REACH who="0" ten="298,250,250,192" step="2"/><U128/><E128/><V33/><F33/><W67/><G103/><T41/><D41/><U104/><E118/><V95/><F105/><W113/><G100/><T52/><D52/><U53/><E55/><V93/><REACH who="2" step="1"/><F102/><REACH who="2" ten="298,250,240,192" step="2"/><W88/><G113/><T6/><D6/><U119/><E104/><V121/><F121/><W82/><G67/><T51/><D51/><N who="1" m="31167" /><E119/><V30/><F30/><W11/><G31/><T99/><D99/><U8/><E34/><V46/><F46/><W5/><G29/><T86/><D86/><N who="1" m="52279" /><E32/><V127/><F127/><W84/><G64/><T116/><D116/><U135/><E135/><V28/><F28/><W70/><G84/><RYUUKYOKU ba="1,2" sc="298,10,250,10,240,10,192,-30" hai0="1,2,16,22,25,36,43,47,63,66,98,101,107" hai1="8,13,17,20,24,26,27" hai2="14,18,54,56,61,74,77,80,93,95,112,114,115" /><INIT seed="0,2,2,0,3,41" ten="308,260,250,162" oya="0" hai0="26,19,24,43,54,91,8,14,92,68,53,67,97" hai1="57,128,64,79,63,49,108,5,23,69,6,94,82" hai2="114,101,44,127,111,27,70,130,100,9,125,93,3" hai3="39,123,22,52,107,109,46,33,48,87,21,37,104"/><T77/><D68/><U28/><E108/><V18/><F70/><W84/><G33/><T71/><D71/><U75/><E128/><V98/><F114/><W110/><G123/><T10/><D67/><U12/><E94/><V47/><F111/><N who="3" m="42507" /><G21/><T38/><D77/><U78/><E78/><V135/><F130/><W95/><G22/><T4/><D38/><N who="3" m="14345" /><G95/><T134/><D43/><U116/><E116/><V76/><F76/><W58/><G58/><T66/><D66/><U89/><E89/><N who="2" m="55599" /><F27/><W119/><G119/><T55/><REACH who="0" step="1"/><D134/><REACH who="0" ten="298,260,250,162" step="2"/><U122/><E69/><V36/><F36/><W131/><G131/><T105/><D105/><AGARI ba="2,3" hai="46,48,52,84,87,104,105,107" m="14345,42507" machi="105" ten="40,5200,0" yaku="14,1,52,1,54,1" doraHai="41" who="3" fromWho="0" sc="298,-58,260,0,250,0,162,88" /><INIT seed="1,0,0,3,4,47" ten="240,260,250,250" oya="1" hai0="59,43,46,113,0,90,98,4,19,131,44,105,104" hai1="86,58,50,92,41,27,56,11,66,34,3,39,134" hai2="26,22,57,53,65,81,100,12,29,91,75,1,31" hai3="106,37,95,15,102,7,107,118,2,130,6,122,82"/><U10/><E134/><V124/><F1/><W45/><G122/><T62/><D113/><U126/><E126/><V87/><F124/><W33/><G130/><T73/><D131/><U64/><E39/><V48/><F75/><W93/><G33/><T85/><D73/><U9/><E3/><V119/><F119/><W84/><G118/><T128/><D128/><U115/><E115/><V109/><F109/><W135/><G2/><T5/><D19/><U67/><E34/><V52/><F100/><W14/><G37/><T132/><D46/><N who="1" m="25935" /><E27/><V108/><F108/><W25/><G45/><T36/><D132/><U70/><E70/><V72/><F72/><W55/><G25/><T24/><D24/><U120/><E120/><V123/><F123/><W112/><G102/><T96/><D105/><U125/><E125/><V18/><F65/><W40/><G112/><T83/><D104/><U17/><E17/><N who="2" m="12623" /><F53/><W71/><G71/><T13/><D0/><U68/><E68/><V117/><F117/><W16/><G135/><T63/><D63/><U97/><E86/><V79/><F79/><N who="3" m="46175" /><G40/><T80/><D80/><U78/><E78/><V20/><AGARI ba="0,0" hai="12,18,20,29,31,48,52,57,81,87,91" m="12623" machi="20" ten="30,4000,0" yaku="8,1,52,1,54,1" doraHai="47" who="2" fromWho="2" sc="240,-10,260,-20,250,40,250,-10" /><INIT seed="2,0,0,0,5,79" ten="230,240,290,240" oya="2" hai0="61,116,39,17,32,12,120,25,105,124,87,82,10" hai1="54,29,43,27,11,1,60,7,71,46,111,113,89" hai2="58,90,48,38,21,91,20,109,44,95,72,28,121" hai3="26,18,6,50,68,9,127,81,103,85,88,70,63"/><V37/><F121/><W93/><G127/><T98/><D120/><U23/><E113/><V92/><F72/><W64/><G50/><T119/><D39/><U0/><E111/><V24/><F109/><W131/><G131/><T55/><D124/><U134/><E134/><V97/><F58/><W123/><G123/><T125/><D125/><U101/><E101/><V117/><F21/><W80/><G103/><T2/><D2/><U53/><E1/><V76/><F76/><W65/><G18/><T77/><D98/><U108/><E108/><V74/><F74/><W106/><G106/><T57/><REACH who="0" step="1"/><D105/><REACH who="0" ten="220,240,290,240" step="2"/><U40/><E0/><V59/><F117/><W132/><G132/><T84/><D84/><U133/><E133/><V42/><REACH who="2" step="1"/><F59/><REACH who="2" ten="220,240,280,240" step="2"/><W51/><G70/><T49/><D49/><U22/><E71/><V33/><F33/><W122/><G122/><T129/><D129/><U114/><E114/><V115/><F115/><W110/><G51/><T4/><D4/><U15/><E7/><V45/><F45/><W62/><G110/><T41/><D41/><U126/><E46/><V47/><F47/><W130/><G130/><T86/><D86/><AGARI ba="0,2" hai="20,24,28,37,38,42,44,48,86,90,91,92,95,97" machi="86" ten="30,2900,0" yaku="1,1,7,1,53,0" doraHai="79" doraHaiUra="3" who="2" fromWho="0" sc="220,-29,240,0,280,49,240,0" /><INIT seed="2,1,0,3,4,104" ten="191,240,329,240" oya="2" hai0="103,30,18,127,120,42,64,115,126,28,118,2,92" hai1="68,7,79,12,110,20,37,97,75,116,19,51,8" hai2="1,40,36,69,93,41,86,90,34,124,105,13,121" hai3="133,83,21,5,94,14,74,125,43,26,98,102,10"/><V91/><F1/><W53/><G125/><T57/><D120/><U81/><E116/><V61/><F105/><W76/><G133/><T38/><D115/><U25/><E110/><V3/><F3/><W31/><G43/><T108/><D2/><U114/><E37/><V134/><F34/><W46/><G46/><T107/><D107/><U9/><E68/><V73/><F73/><W6/><REACH who="3" step="1"/><G53/><REACH who="3" ten="191,240,329,230" step="2"/><T44/><D108/><U96/><E114/><V63/><F41/><W22/><G22/><T100/><D118/><U47/><REACH who="1" step="1"/><E9/><REACH who="1" ten="191,230,329,230" step="2"/><V72/><F124/><W87/><G87/><T48/><D127/><U32/><E32/><V45/><F86/><W52/><G52/><AGARI ba="1,2" hai="7,8,12,19,20,25,47,51,52,75,79,81,96,97" machi="52" ten="30,7700,0" yaku="1,1,7,1,52,1,54,1,53,0" doraHai="104" doraHaiUra="29" who="1" fromWho="3" sc="191,0,230,100,329,0,230,-80" /><INIT seed="3,0,0,4,0,84" ten="191,330,329,150" oya="3" hai0="28,134,106,101,18,34,96,32,23,123,68,0,82" hai1="42,60,135,93,69,26,124,24,79,71,129,5,65" hai2="128,61,44,45,54,115,67,31,43,37,8,133,50" hai3="70,48,98,99,27,91,117,127,112,110,125,88,1"/><W21/><G117/><T2/><D123/><U4/><E71/><V17/><F133/><W12/><G70/><T20/><D134/><U72/><E135/><V19/><F128/><W103/><G1/><T62/><D82/><U36/><E93/><V74/><F74/><W13/><G112/><T113/><D113/><U7/><E129/><V78/><F78/><W85/><G110/><T47/><D47/><U64/><E64/><V40/><F115/><W83/><G48/><T108/><D108/><U80/><E124/><N who="3" m="47690" /><G103/><T57/><D23/><U63/><E63/><V122/><F122/><W120/><G120/><T104/><D104/><U29/><E26/><V46/><F31/><N who="3" m="17903" /><G99/><T107/><D107/><U95/><E95/><AGARI ba="0,0" hai="12,13,83,85,88,91,95,98" m="17903,47690" machi="95" ten="30,11600,0" yaku="18,1,52,2,54,1" doraHai="84" who="3" fromWho="1" sc="191,0,330,-116,329,0,150,116" /><INIT seed="3,1,0,0,0,17" ten="191,214,329,266" oya="3" hai0="54,39,63,120,72,47,33,92,132,100,61,40,36" hai1="3,119,38,117,112,122,64,13,60,41,31,57,104" hai2="35,96,27,116,125,103,16,34,68,106,85,23,48" hai3="110,37,8,9,108,44,99,82,66,83,94,51,88"/><W52/><G66/><T58/><D72/><U115/><E3/><V2/><F116/><N who="1" m="44617" /><E122/><V21/><F2/><W86/><G37/><T43/><D33/><U79/><E104/><V124/><F68/><W29/><G29/><T46/><D120/><U45/><E31/><N who="2" m="17919" /><F85/><W10/><REACH who="3" step="1"/><G83/><REACH who="3" ten="191,214,329,256" step="2"/><T19/><D132/><U11/><E79/><AGARI ba="1,1" hai="8,9,10,44,51,52,79,82,86,88,94,99,108,110" machi="79" ten="40,12000,1" yaku="1,1,2,1,54,2,53,0" doraHai="17" doraHaiUra="101" who="3" fromWho="1" sc="191,0,214,-123,329,0,256,133" owari="191,-20.9,91,-40.9,329,12.9,389,48.9" /></mjloggm>