<mjloggm ver="2.3"><GO type="225" lobby="0"/><UN n0="%33%73%74%72%69%6B%65%73" n1="%6D%75%75%6D%75%72%61" n2="%E3%83%AD%E3%83%83%E3%83%86%E9%9B%80%E7%90%83" n3="%6C%61%6D%62" dan="16,16,17,16" rate="2125.39,2090.49,2263.53,2139.29" sx="M,F,M,M"/><TAIKYOKU oya="0"/><INIT seed="0,0,0,3,2,12" ten="250,250,250,250" oya="0" hai0="57,6,27,95,58,36,108,49,134,118,25,62,135" hai1="22,42,32,99,75,127,123,8,65,84,45,96,35" hai2="17,69,120,1,59,10,83,97,129,87,126,109,20" hai3="76,103,29,14,111,105,16,66,19,115,117,64,133"/><T7/><D118/><U2/><E75/><V46/><F109/><W93/><G115/><T55/><D36/><U91/><E123/><V50/><F126/><W98/><G117/><T38/><D38/><U51/><E127/><V37/><F129/><W13/><G111/><T18/><D95/><U67/><E22/><V94/><F69/><W78/><G133/><N who="0" m="50699" /><D108/><U116/><E116/><V131/><F131/><W90/><G29/><T79/><D79/><N who="3" m="30249" /><G105/><T71/><D71/><U125/><E125/><V112/><F120/><W85/><G103/><T24/><D18/><N who="3" m="6697" /><G98/><T73/><D73/><U121/><E121/><V122/><F97/><W104/><G104/><T61/><D61/><U26/><E99/><V0/><F37/><W89/><G89/><T53/><AGARI ba="0,0" hai="6,7,24,25,27,49,53,55,57,58,62" m="50699" machi="53" ten="40,2100,0" yaku="20,1" doraHai="12" who="0" fromWho="0" sc="250,21,250,-7,250,-7,250,-7" /><INIT seed="0,1,0,5,0,89" ten="271,243,243,243" oya="0" hai0="110,46,50,82,86,61,24,21,38,114,15,48,32" hai1="68,55,69,33,11,37,134,103,101,97,13,107,36" hai2="66,1,129,3,60,105,22,77,131,84,71,90,109" hai3="53,126,102,78,16,44,62,34,12,96,130,83,47"/><T121/><D114/><U72/><E134/><V28/><F105/><W57/><G34/><T10/><D121/><U70/><E33/><V51/><F77/><W118/><G126/><T94/><D32/><U56/><E72/><V42/><F109/><W124/><G130/><N who="2" m="49673" /><F42/><W27/><G27/><T111/><D61/><U100/><E37/><V54/><F22/><W58/><G58/><T63/><D63/><U76/><E76/><V104/><F104/><W95/><G124/><T9/><D82/><U67/><E36/><V91/><F28/><W87/><G118/><T4/><D10/><AGARI ba="1,0" hai="10,12,16,44,47,53,57,62,78,83,87,95,96,102" machi="10" ten="30,7700,0" yaku="7,1,8,1,52,1,54,1" doraHai="89" who="3" fromWho="0" sc="271,-80,243,0,243,0,243,80" /><INIT seed="1,0,0,2,0,75" ten="191,243,243,323" oya="1" hai0="23,87,92,114,34,85,66,49,109,53,60,70,26" hai1="119,10,18,98,40,36,31,117,107,19,39,91,95" hai2="1,4,84,55,130,56,121,13,83,97,24,133,89" hai3="101,47,134,113,99,33,118,21,108,61,12,63,94"/><U78/><E107/><V14/><F121/><W100/><G113/><T3/><D114/><U131/><E131/><V129/><F133/><W104/><G33/><T76/><D3/><U15/><E31/><V17/><F1/><W90/><G134/><T59/><D34/><U69/><E69/><V120/><F120/><W105/><G108/><T50/><D109/><U58/><E58/><V86/><F97/><W102/><G118/><T38/><D38/><U52/><E19/><V51/><F4/><W77/><G77/><T62/><D92/><U112/><E112/><V2/><F2/><W42/><G104/><T68/><D85/><U74/><E52/><V5/><F5/><W32/><G32/><T115/><D115/><U25/><E25/><V106/><F106/><W125/><G125/><T20/><D20/><U73/><E73/><V110/><F110/><W46/><G105/><T126/><D70/><U123/><E123/><V22/><REACH who="2" step="1"/><F86/><REACH who="2" ten="191,243,233,323" step="2"/><W7/><G7/><T41/><D126/><U37/><REACH who="1" step="1"/><E40/><REACH who="1" ten="191,233,233,323" step="2"/><V103/><F103/><W28/><G42/><T6/><D41/><U88/><E88/><V67/><F67/><W45/><G28/><N who="0" m="17503" /><D6/><U57/><E57/><V82/><F82/><AGARI ba="0,2" hai="10,15,18,36,37,39,74,78,82,91,95,98,117,119" machi="82" ten="40,3900,0" yaku="1,1,52,1,53,0" doraHai="75" doraHaiUra="135" who="1" fromWho="2" sc="191,0,233,59,233,-39,323,0" /><INIT seed="1,1,0,2,4,35" ten="191,292,194,323" oya="1" hai0="108,55,119,92,98,6,125,135,43,47,0,115,13" hai1="99,93,46,129,94,41,40,124,78,57,36,56,89" hai2="26,75,85,14,25,103,4,12,69,134,44,73,7" hai3="120,104,114,113,32,91,59,95,90,31,68,77,130"/><U133/><E129/><V82/><F69/><W33/><G68/><T61/><D115/><U101/><E124/><V53/><F134/><W72/><G120/><T1/><D119/><U96/><E133/><V83/><F103/><W128/><G104/><T84/><D84/><U81/><REACH who="1" step="1"/><E41/><REACH who="1" ten="191,282,194,323" step="2"/><V121/><F121/><W9/><G128/><T34/><D135/><U27/><E27/><V100/><F26/><W58/><G130/><T132/><D132/><U16/><E16/><V79/><F25/><W29/><G113/><T67/><D125/><U18/><E18/><V131/><F131/><W11/><G114/><T109/><D43/><U21/><E21/><V39/><F75/><AGARI ba="1,1" hai="36,40,46,56,57,75,78,81,89,93,94,96,99,101" machi="75" ten="30,2900,0" yaku="1,1,7,1,53,0" doraHai="35" doraHaiUra="2" who="1" fromWho="2" sc="191,0,282,42,194,-32,323,0" /><INIT seed="1,2,0,3,3,19" ten="191,324,162,323" oya="1" hai0="71,111,47,7,32,35,18,37,54,31,117,63,90" hai1="125,10,3,20,65,39,121,45,133,76,92,2,22" hai2="40,44,86,78,48,1,50,73,110,103,61,98,67" hai3="77,17,26,25,132,62,89,118,13,81,101,119,85"/><U66/><E121/><V27/><F110/><W87/><G101/><T112/><D112/><U108/><E76/><V41/><F1/><W9/><G132/><T83/><D117/><N who="3" m="44553" /><G62/><T82/><D7/><U99/><E133/><V36/><F73/><W124/><G124/><T134/><D134/><U95/><E125/><V100/><F27/><W114/><G114/><T8/><D111/><U58/><E108/><V59/><F36/><W107/><G107/><T28/><D37/><U11/><E39/><V4/><F4/><W123/><G123/><T16/><D71/><U15/><E58/><V56/><F98/><W29/><G29/><N who="0" m="11339" /><D35/><U102/><E99/><V60/><F86/><W74/><G74/><T21/><D90/><U106/><E45/><V116/><F116/><W113/><G113/><T57/><D47/><U43/><E15/><V52/><F78/><W55/><G55/><T68/><D32/><U53/><E53/><V72/><F72/><W91/><G91/><T14/><D68/><U30/><E30/><V96/><F96/><W51/><G51/><T69/><D69/><U126/><E126/><V24/><F24/><AGARI ba="2,0" hai="8,14,16,18,21,24,54,57,63,82,83" m="11339" machi="24" ten="30,3900,0" yaku="8,1,52,1,54,1" doraHai="19" who="0" fromWho="2" sc="191,45,324,0,162,-45,323,0" /><INIT seed="2,0,0,0,3,62" ten="236,324,117,323" oya="2" hai0="41,120,48,115,125,106,18,134,49,58,31,118,64" hai1="128,91,36,107,68,37,102,117,99,74,97,90,98" hai2="82,65,70,1,22,52,63,71,19,121,85,13,16" hai3="122,42,73,66,61,112,86,44,130,27,104,123,47"/><V109/><F109/><W103/><G73/><T4/><D106/><U11/><E117/><V38/><F121/><W46/><G104/><T69/><D31/><U43/><E74/><V28/><F38/><W7/><G103/><T89/><D69/><U132/><E68/><V8/><F71/><N who="3" m="42447" /><G86/><T5/><D115/><U29/><E132/><V20/><F1/><W81/><G81/><T15/><D125/><U53/><E128/><V67/><F28/><W54/><G27/><T83/><D118/><U9/><E29/><V12/><F8/><W33/><G7/><T51/><D134/><U26/><E26/><V129/><F129/><W111/><G33/><T94/><D83/><U21/><E21/><V14/><F14/><W96/><G96/><N who="0" m="57423" /><D41/><U17/><E43/><V40/><F40/><W45/><G130/><T57/><D120/><N who="3" m="46121" /><G111/><T72/><D72/><U127/><E107/><V32/><F32/><W34/><G34/><T108/><D108/><U24/><E102/><V35/><F35/><W92/><G92/><T113/><D113/><U114/><E114/><V80/><F80/><W25/><G25/><T76/><D76/><U3/><E3/><V59/><F70/><W84/><G84/><T77/><D77/><AGARI ba="0,0" hai="12,13,16,19,20,22,52,59,63,65,67,77,82,85" machi="77" ten="30,18000,2" yaku="7,1,9,1,8,1,52,2,54,2" doraHai="62" who="2" fromWho="0" sc="236,-180,324,0,117,180,323,0" /><INIT seed="2,1,0,5,4,96" ten="56,324,297,323" oya="2" hai0="93,41,4,55,92,133,124,86,61,11,53,15,60" hai1="29,129,64,24,75,28,103,46,58,106,33,97,21" hai2="102,63,59,83,37,87,84,119,132,99,105,116,56" hai3="3,40,72,50,10,35,126,0,48,91,89,94,104"/><V76/><F132/><W32/><G104/><T123/><D124/><U78/><E129/><V45/><F87/><W54/><G72/><T117/><D133/><U9/><E46/><V27/><F27/><W19/><G40/><T14/><D123/><U51/><E9/><V66/><REACH who="2" step="1"/><F59/><REACH who="2" ten="56,324,287,323" step="2"/><W20/><G126/><T1/><D117/><U57/><E57/><V134/><F134/><W111/><G32/><T98/><D1/><U44/><E33/><V122/><F122/><W67/><G35/><T7/><D86/><U120/><E120/><V113/><F113/><W85/><G85/><T130/><D130/><U118/><E118/><V13/><F13/><W80/><G0/><T128/><D128/><U101/><E58/><V88/><F88/><W127/><G89/><T22/><D11/><U16/><E75/><V34/><F34/><W31/><G3/><T125/><D125/><U95/><E78/><V107/><F107/><W26/><G111/><T77/><D77/><U2/><E2/><V115/><F115/><W73/><G127/><T82/><D82/><U90/><E106/><V43/><AGARI ba="1,1" hai="37,43,45,56,63,66,76,83,84,99,102,105,116,119" machi="43" ten="30,6000,0" yaku="1,1,0,1,52,1,53,0" doraHai="96" doraHaiUra="47" who="2" fromWho="2" sc="56,-21,324,-21,287,73,323,-21" /><INIT seed="2,2,0,2,0,120" ten="35,303,360,302" oya="2" hai0="94,41,18,80,54,57,126,52,93,63,69,37,86" hai1="46,121,127,82,3,4,71,103,17,27,38,11,51" hai2="14,73,23,64,29,123,12,100,32,30,110,7,92" hai3="39,68,102,113,90,43,109,13,9,50,104,20,79"/><V84/><F73/><W8/><G68/><T60/><D37/><U24/><E121/><V72/><F72/><W21/><G39/><T22/><D126/><U62/><E127/><V119/><F119/><W40/><G104/><T112/><D41/><N who="3" m="15945" /><G113/><T101/><D69/><U33/><E38/><V77/><F32/><W132/><G132/><T49/><D112/><U130/><E130/><V15/><F7/><W36/><G109/><T87/><D101/><U95/><E82/><N who="2" m="47183" /><F110/><W45/><G36/><T114/><D114/><U135/><E135/><V44/><F44/><W28/><G79/><T6/><D6/><U85/><E33/><V108/><F108/><W133/><G102/><T107/><D107/><U122/><E122/><V26/><F64/><W25/><G90/><T31/><D31/><U99/><E85/><V76/><F76/><W125/><G133/><T116/><D116/><U117/><E117/><V129/><F129/><W42/><G125/><T88/><D54/><U115/><E115/><V53/><F53/><W1/><G1/><T96/><D96/><U74/><E74/><V19/><F123/><W2/><G2/><T61/><REACH who="0" step="1"/><D86/><REACH who="0" ten="25,303,360,302" step="2"/><U58/><E71/><V34/><F34/><W124/><G124/><T56/><D56/><U48/><E4/><V105/><F105/><W0/><G0/><T47/><D47/><U16/><E3/><V81/><F30/><W70/><G70/><T83/><D83/><U75/><E75/><V35/><F81/><W128/><G128/><T91/><D91/><U131/><E131/><V78/><F35/><W98/><G98/><RYUUKYOKU ba="2,1" sc="25,15,303,-15,360,-15,302,15" hai0="18,22,49,52,57,60,61,63,80,87,88,93,94" hai3="8,9,13,20,21,25,28,42,45,50" /><INIT seed="3,3,1,2,4,4" ten="40,288,345,317" oya="3" hai0="102,71,9,38,108,18,70,104,98,54,89,52,0" hai1="45,68,56,122,130,19,135,41,109,10,7,51,47" hai2="106,21,133,120,117,13,48,72,32,16,20,125,99" hai3="29,101,2,128,85,1,40,110,3,8,55,28,118"/><W22/><G118/><T124/><D18/><U75/><E68/><V59/><F32/><W100/><G40/><T114/><D89/><U24/><E122/><V37/><F37/><W62/><G128/><T5/><D108/><U92/><E75/><V31/><F72/><W44/><G110/><T127/><D114/><U15/><E109/><V58/><F117/><W76/><G8/><T34/><D54/><N who="1" m="31839" /><E130/><V116/><F125/><W30/><G22/><T97/><D52/><U79/><E135/><V49/><F133/><W90/><G76/><T113/><D113/><U134/><E134/><V23/><F120/><W26/><G26/><T103/><D38/><U53/><E79/><V39/><F39/><W12/><G12/><T84/><D84/><U35/><E35/><V64/><F106/><W69/><G69/><T25/><D124/><U66/><E66/><V123/><F123/><W81/><REACH who="3" step="1"/><G62/><REACH who="3" ten="40,288,345,307" step="2"/><T83/><D127/><U91/><E41/><V17/><F116/><W67/><G67/><T43/><D43/><U57/><E24/><V36/><F64/><W11/><G11/><T73/><D73/><U121/><E121/><V131/><F131/><W86/><G86/><T107/><REACH who="0" step="1"/><D83/><REACH who="0" ten="30,288,345,307" step="2"/><U27/><E19/><V80/><F16/><W77/><G77/><T74/><D74/><U46/><E27/><V61/><F17/><W96/><G96/><T6/><D6/><U60/><E91/><V132/><F99/><W105/><G105/><T93/><D93/><AGARI ba="3,3" hai="7,10,15,45,46,47,53,57,60,92,93" m="31839" machi="93" ten="30,2000,0" yaku="8,1,52,1" doraHai="4" who="1" fromWho="0" sc="30,-29,288,59,345,0,307,0" owari="1,-49.9,347,44.7,345,14.5,307,-9.3" /></mjloggm>