<mjloggm ver="2.3"><GO type="225" lobby="0"/><UN n0="%E3%81%A1%E3%82%85%E3%81%86%E3%81%A9%E3%81%8F%E8%B1%A1%E3%81%95%E3%82%93" n1="%E9%80%9F%E6%B0%B4%E5%87%9B%E9%A6%99" n2="%E3%81%8F%E3%82%8A%E3%83%94%E3%83%BC" n3="%E3%81%9F%E3%81%93%E2%98%86%E7%84%BC%E3%81%8D" dan="17,16,16,16" rate="2219.06,2149.87,2117.13,2101.99" sx="M,F,M,M"/><TAIKYOKU oya="0"/><INIT seed="0,0,0,4,5,93" ten="250,250,250,250" oya="0" hai0="135,126,113,112,89,22,129,127,134,109,110,58,36" hai1="90,18,35,54,40,132,53,23,32,68,48,106,130" hai2="44,64,67,62,38,4,124,79,55,133,87,16,19" hai3="39,118,101,73,12,45,63,85,65,92,46,107,81"/><T15/><D36/><U82/><E68/><V123/><F123/><W71/><G12/><T6/><D58/><U30/><E106/><V84/><F133/><N who="0" m="50698" /><D89/><U47/><E132/><V1/><F124/><N who="0" m="47658" /><D6/><U28/><E90/><V5/><F38/><W86/><G118/><T119/><D15/><U9/><E82/><V99/><F1/><W3/><G3/><T61/><D61/><U88/><E88/><V115/><F62/><W0/><G0/><T49/><D49/><U76/><E48/><V131/><F4/><W94/><G39/><T56/><D56/><U34/><E47/><V66/><F5/><W116/><G116/><T105/><D119/><U69/><E69/><V51/><F64/><W10/><G71/><T74/><D22/><U42/><E23/><V121/><F66/><W21/><G65/><T125/><N who="0" m="47666" /><T37/><DORA hai="50" /><D37/><U77/><E35/><V52/><F67/><W29/><G63/><T11/><D11/><U31/><E9/><V70/><F51/><W59/><G21/><T96/><D74/><U20/><E20/><V13/><F13/><W27/><G73/><T128/><D96/><U80/><E30/><V103/><F99/><W78/><G59/><T72/><D72/><U43/><E34/><V24/><F70/><W108/><G29/><T75/><D75/><U25/><E32/><V100/><F55/><W97/><G10/><T60/><D60/><U111/><E28/><V14/><F52/><W114/><G97/><T91/><D91/><U122/><E31/><V7/><F14/><W120/><G45/><T117/><D117/><RYUUKYOKU ba="0,0" sc="250,0,250,0,250,0,250,0" /><INIT seed="1,1,0,2,2,132" ten="250,250,250,250" oya="1" hai0="27,30,42,63,101,4,59,43,40,25,31,21,114" hai1="20,34,94,87,113,14,29,41,82,77,134,133,57" hai2="38,44,61,19,128,125,50,86,126,122,127,26,116" hai3="117,123,88,69,99,105,3,1,67,71,70,96,120"/><U103/><E113/><V46/><F116/><W2/><G117/><T47/><D114/><U135/><E41/><N who="2" m="22583" /><F122/><W33/><G67/><N who="0" m="39423" /><D4/><U64/><E64/><V23/><F128/><W75/><G88/><T17/><D101/><U62/><E62/><V65/><F86/><W49/><G49/><N who="0" m="26855" /><D25/><U9/><E57/><N who="2" m="37039" /><F50/><W48/><G48/><T13/><D30/><U131/><E131/><V108/><F108/><W109/><G109/><T39/><D39/><U130/><E130/><V0/><F46/><W56/><G56/><T55/><D55/><U92/><E103/><V97/><F97/><W37/><G96/><T10/><AGARI ba="1,0" hai="10,13,17,21,27,31,42,43" m="26855,39423" machi="10" ten="30,1100,0" yaku="8,1" doraHai="132" who="0" fromWho="0" sc="250,14,250,-6,250,-4,250,-4" /><INIT seed="2,0,0,4,3,32" ten="264,244,246,246" oya="2" hai0="117,0,71,4,93,59,15,116,75,103,125,91,89" hai1="126,134,42,118,99,48,112,78,10,20,94,31,104" hai2="21,53,82,23,47,38,3,76,16,40,127,55,122" hai3="50,36,108,123,111,56,29,67,22,44,65,121,24"/><V58/><F122/><W1/><G1/><T95/><D71/><U25/><E118/><N who="0" m="45673" /><D75/><U132/><E112/><V9/><F127/><W101/><G101/><T109/><D125/><U119/><E104/><V30/><F30/><W27/><G24/><T83/><D109/><N who="3" m="42057" /><G36/><T35/><D35/><U45/><E119/><V80/><F80/><W62/><G65/><T135/><D135/><U34/><E34/><V96/><F96/><W130/><G130/><T19/><D59/><U66/><E66/><V11/><F23/><W114/><G114/><T74/><D103/><U98/><E78/><V52/><F3/><W105/><G105/><T70/><D70/><U73/><E73/><V129/><F58/><W102/><G102/><T120/><D120/><U6/><E126/><V88/><F129/><W106/><G106/><T26/><D26/><U72/><E72/><V69/><F69/><W14/><G14/><T61/><D74/><U124/><E94/><N who="0" m="35849" /><D83/><U8/><E124/><V85/><REACH who="2" step="1"/><F76/><REACH who="2" ten="264,244,236,246" step="2"/><W63/><G63/><T51/><D0/><N who="1" m="71" /><E10/><V7/><F7/><W46/><G46/><T87/><D4/><U107/><E107/><V2/><F2/><W68/><G68/><T77/><D61/><U43/><E98/><V128/><F128/><W90/><G121/><T37/><D77/><U13/><E99/><V115/><F115/><W57/><G123/><T64/><D19/><U18/><E18/><V92/><F92/><W28/><G29/><T131/><D131/><U33/><E20/><V97/><F97/><W54/><G57/><T100/><D87/><U81/><E81/><RYUUKYOKU ba="0,1" sc="264,-15,244,-15,236,15,246,15" hai2="9,11,16,21,38,40,47,52,53,55,82,85,88" hai3="22,27,28,44,50,54,56,62,67,90" /><INIT seed="2,1,1,4,1,42" ten="249,229,251,261" oya="2" hai0="129,61,120,1,134,27,56,52,101,122,21,8,12" hai1="29,76,79,23,31,18,133,106,28,6,78,115,131" hai2="7,0,90,86,44,81,92,123,5,71,88,95,75" hai3="117,91,119,103,68,11,9,94,43,20,113,47,14"/><V4/><F123/><W19/><G113/><T98/><D134/><U99/><E115/><V32/><F32/><W77/><G68/><T109/><D129/><U100/><E133/><V73/><F71/><W58/><G103/><T53/><D109/><U22/><E131/><V121/><F121/><W39/><G77/><T74/><D53/><U128/><E128/><V126/><F126/><W125/><G125/><T116/><D1/><U26/><REACH who="1" step="1"/><E6/><REACH who="1" ten="249,219,251,261" step="2"/><V34/><F0/><W112/><G112/><T38/><D122/><U2/><E2/><V132/><F132/><W62/><G119/><T36/><D120/><U114/><E114/><V127/><F127/><W50/><G117/><T80/><D116/><U107/><E107/><V25/><F75/><W3/><G3/><T118/><D118/><U24/><AGARI ba="1,2" hai="18,22,23,24,26,28,29,31,76,78,79,99,100,106" machi="24" ten="30,4000,0" yaku="1,1,0,1,53,1" doraHai="42" doraHaiUra="13" who="1" fromWho="1" sc="249,-11,219,63,251,-21,261,-11" /><INIT seed="3,0,0,3,5,87" ten="238,282,230,250" oya="3" hai0="14,98,63,119,65,76,61,90,116,49,123,85,129" hai1="109,33,54,77,110,122,17,18,91,46,36,104,111" hai2="55,89,69,32,34,132,97,9,5,121,29,118,125" hai3="38,88,72,23,114,37,80,74,81,59,13,108,35"/><W27/><G114/><T0/><D123/><U21/><E104/><V84/><F118/><W96/><G35/><T113/><D0/><U26/><E33/><V120/><F69/><W44/><G13/><T75/><D61/><U100/><E100/><V135/><F97/><W60/><G72/><T42/><D14/><U22/><E77/><V30/><F55/><W93/><G108/><T31/><D31/><N who="2" m="11786" /><F125/><W43/><G37/><T130/><D98/><U102/><E102/><V52/><F52/><N who="3" m="33895" /><G74/><T95/><D76/><U11/><E122/><N who="2" m="47211" /><F34/><W41/><G41/><T62/><D75/><U101/><E101/><V24/><F24/><W25/><G25/><T127/><D127/><U51/><E36/><V16/><F32/><W99/><G99/><T117/><D113/><U115/><E115/><V124/><F16/><AGARI ba="0,0" hai="16,23,27,38,43,44,80,81,88,93,96" m="33895" machi="16" ten="30,12000,1" yaku="25,1,52,1,54,3" doraHai="87" who="3" fromWho="2" sc="238,0,282,0,230,-120,250,120" owari="238,-16.2,282,8.2,110,-39.0,370,47.0" /></mjloggm>