<mjloggm ver="2.3"><GO type="225" lobby="0"/><UN n0="%E3%82%B2%E3%82%B9%E8%8C%82%E5%8B%9D" n1="%E3%81%B2%E3%81%BE%E3%81%A4%E3%81%B6%E3%81%97" n2="%E6%98%93%E5%88%A9%E8%96%A9%E4%BC%AF" n3="%72%69%6F%75%63%68%61%6E" dan="16,17,16,17" rate="2082.26,2178.25,2056.76,2181.31" sx="F,M,F,M"/><TAIKYOKU oya="0"/><INIT seed="0,0,0,3,5,65" ten="250,250,250,250" oya="0" hai0="17,75,118,42,22,74,15,67,34,8,27,96,86" hai1="64,60,113,7,76,13,56,31,43,48,66,125,127" hai2="71,12,126,19,119,62,10,89,80,102,121,117,111" hai3="131,45,99,61,114,52,97,109,103,33,94,25,58"/><T87/><D118/><N who="2" m="45066" /><F121/><W20/><G109/><T133/><D133/><U49/><E31/><V11/><F111/><W41/><G131/><T26/><D42/><U59/><E76/><V130/><F130/><W123/><G114/><T24/><D96/><U112/><E13/><V110/><F110/><W44/><G123/><T23/><D34/><U9/><E9/><V32/><F32/><W14/><G41/><T30/><D67/><U106/><E106/><V132/><F126/><N who="1" m="48137" /><E7/><V104/><F11/><W101/><G14/><T47/><D47/><N who="1" m="25727" /><E66/><N who="2" m="41431" /><F132/><W36/><G36/><T82/><D24/><U39/><E39/><V83/><F89/><W3/><G3/><T77/><REACH who="0" step="1"/><D74/><REACH who="0" ten="240,250,250,250" step="2"/><U120/><E120/><V100/><F100/><W53/><G33/><T35/><D35/><U55/><AGARI ba="0,1" hai="49,55,56,59,60,64,112,113" m="25727,48137" machi="55" ten="30,4000,0" yaku="18,1,34,2" doraHai="65" who="1" fromWho="1" sc="240,-20,250,50,250,-10,250,-10" /><INIT seed="1,0,0,2,3,63" ten="220,300,240,240" oya="1" hai0="74,79,118,1,73,91,122,64,126,16,105,134,80" hai1="77,33,9,93,116,129,3,94,78,114,18,47,28" hai2="44,90,11,132,120,109,50,75,12,43,121,97,24" hai3="6,2,14,70,124,46,56,99,87,61,86,102,17"/><U107/><E114/><V108/><F75/><W55/><G124/><T10/><D118/><U66/><E116/><V54/><F24/><W36/><G70/><T37/><D37/><U133/><E107/><V27/><F27/><W53/><G2/><T49/><D126/><U101/><E33/><V8/><F132/><W23/><G6/><T76/><D134/><U31/><E133/><V127/><F127/><W103/><G103/><T0/><D122/><U29/><E129/><V57/><F97/><W81/><G81/><T21/><D105/><U58/><E47/><V39/><F90/><W4/><G4/><T25/><D49/><U84/><E3/><V135/><F11/><W22/><G22/><T71/><D91/><N who="1" m="53479" /><E18/><V68/><F135/><W106/><REACH who="3" step="1"/><G53/><REACH who="3" ten="220,300,240,230" step="2"/><T83/><D10/><U26/><E9/><V128/><F68/><W115/><G115/><T125/><D125/><U42/><E101/><V20/><F20/><W30/><G30/><T51/><D51/><U59/><E31/><V117/><F117/><W7/><G7/><T5/><D5/><U88/><E29/><V110/><F128/><W119/><G119/><T112/><D112/><U35/><E35/><V60/><F60/><AGARI ba="0,1" hai="0,1,16,21,25,60,64,71,73,74,76,79,80,83" machi="60" ten="40,5200,0" yaku="9,1,52,1,54,1" doraHai="63" who="0" fromWho="2" sc="220,62,300,0,240,-52,230,0" /><INIT seed="2,0,0,1,3,92" ten="282,300,188,230" oya="2" hai0="54,35,58,82,94,69,66,109,95,5,16,101,93" hai1="40,7,126,59,118,56,60,122,85,77,71,17,33" hai2="1,121,57,67,50,20,6,18,49,37,48,134,36" hai3="74,3,129,80,28,131,98,86,111,21,68,81,51"/><V19/><F121/><W47/><G111/><T9/><D109/><U64/><E118/><V102/><F134/><W117/><G117/><T104/><D35/><U133/><E122/><V0/><F102/><W22/><G68/><T38/><D38/><U89/><E33/><V10/><F1/><W55/><G3/><T76/><D101/><U8/><E133/><V12/><REACH who="2" step="1"/><F19/><REACH who="2" ten="282,300,178,230" step="2"/><W110/><G110/><T43/><D16/><U29/><E17/><V63/><AGARI ba="0,1" hai="0,6,10,12,18,20,36,37,48,49,50,57,63,67" machi="63" ten="30,6000,0" yaku="1,1,2,1,0,1,53,0" doraHai="92" doraHaiUra="135" who="2" fromWho="2" sc="282,-20,300,-20,178,70,230,-20" /><INIT seed="2,1,0,5,3,131" ten="262,280,248,210" oya="2" hai0="64,27,28,54,110,0,57,62,127,90,34,95,115" hai1="121,119,5,26,66,70,124,47,37,118,99,92,87" hai2="100,65,33,67,46,29,129,24,88,1,113,104,96" hai3="97,108,122,9,20,7,41,13,18,23,16,85,134"/><V55/><F113/><W14/><G122/><T102/><D115/><U3/><E87/><V123/><F123/><W10/><G108/><T19/><D110/><U38/><E121/><V15/><F1/><W74/><G74/><T44/><D127/><U63/><E124/><V135/><F129/><W89/><G134/><T4/><D102/><U2/><E26/><V73/><F135/><W58/><G41/><T39/><D19/><U45/><E45/><V49/><F73/><W91/><G58/><T120/><D120/><U21/><E21/><V109/><F109/><W105/><G85/><T52/><D4/><U17/><E17/><V59/><F15/><W32/><G32/><T43/><REACH who="0" step="1"/><D0/><REACH who="0" ten="252,280,248,210" step="2"/><U75/><E5/><V101/><F101/><W72/><G72/><T8/><D8/><U25/><E75/><V79/><F79/><W11/><G7/><T12/><D12/><U51/><E3/><V69/><F69/><W36/><G36/><T40/><D40/><U93/><E2/><V81/><F100/><AGARI ba="1,1" hai="9,10,11,13,14,16,18,20,23,89,91,97,100,105" machi="100" ten="40,2600,0" yaku="9,1,54,1" doraHai="131" who="3" fromWho="2" sc="252,0,280,0,248,-29,210,39" /><INIT seed="3,0,0,4,0,51" ten="252,280,219,249" oya="3" hai0="93,98,110,3,46,132,49,92,64,2,5,62,116" hai1="23,48,12,96,69,125,17,133,90,124,42,59,24" hai2="14,89,6,102,11,122,78,105,120,75,52,117,37" hai3="86,77,135,100,118,0,60,76,72,10,99,21,74"/><W53/><G118/><T36/><D116/><U31/><E69/><V33/><F37/><W104/><G135/><T101/><D132/><U28/><E133/><V54/><F117/><W134/><G134/><T50/><D110/><U87/><E96/><N who="2" m="61639" /><F33/><W106/><G106/><T94/><D5/><U4/><E4/><V80/><F89/><W68/><G21/><T57/><D36/><U16/><E31/><V45/><F45/><W126/><G126/><N who="1" m="48746" /><E12/><V82/><F82/><W79/><G86/><T71/><D71/><U29/><E17/><V56/><F56/><W35/><G35/><T30/><D30/><U81/><E59/><V26/><F26/><W129/><G129/><T32/><D32/><U121/><E121/><AGARI ba="0,0" hai="6,11,14,52,54,75,78,80,120,121,122" m="61639" machi="121" ten="30,7700,0" yaku="13,1,52,2,54,1" doraHai="51" who="2" fromWho="1" sc="252,0,280,-77,219,77,249,0" /><INIT seed="4,0,0,0,5,115" ten="252,203,296,249" oya="0" hai0="108,48,89,38,13,18,120,114,71,29,10,51,112" hai1="32,116,133,91,75,96,54,53,44,50,55,100,73" hai2="9,46,87,130,118,26,132,7,95,60,111,35,82" hai3="16,67,42,81,21,76,27,105,64,70,99,113,24"/><T90/><D120/><U22/><E32/><V68/><F111/><W2/><G113/><T40/><D71/><U127/><E127/><V65/><F118/><W135/><G135/><T128/><D128/><U6/><E133/><V92/><F130/><W77/><G2/><T61/><D61/><U109/><E109/><V122/><F122/><W101/><G42/><T39/><D108/><U110/><E110/><V14/><F46/><W23/><G70/><T62/><D62/><U33/><E33/><V97/><F97/><W47/><G47/><T28/><D40/><U59/><E6/><V25/><F25/><W36/><G36/><T129/><D129/><U52/><E59/><V94/><F132/><W102/><G102/><T58/><D58/><U12/><E91/><V20/><F35/><W72/><REACH who="3" step="1"/><G76/><REACH who="3" ten="252,203,296,239" step="2"/><T134/><D134/><U103/><E116/><V49/><F68/><W31/><AGARI ba="0,1" hai="16,21,23,24,27,31,64,67,72,77,81,99,101,105" machi="31" ten="20,12000,2" yaku="1,1,2,1,0,1,7,1,54,1,53,1" doraHai="115" doraHaiUra="104" who="3" fromWho="3" sc="252,-60,203,-30,296,-30,239,130" owari="192,-20.8,173,-32.7,266,6.6,369,46.9" /></mjloggm>