<mjloggm ver="2.3"><GO type="225" lobby="0"/><UN n0="%E3%81%A1%E3%82%85%E3%81%86%E3%81%A9%E3%81%8F%E8%B1%A1%E3%81%95%E3%82%93" n1="%E2%91%A3%E9%81%BF%E9%81%8A%E6%88%AF%E3%80%90%E6%9D%B1%E5%8D%97%E3%80%91" n2="%E9%80%9F%E6%B0%B4%E5%87%9B%E9%A6%99" n3="%77%72%77%72%77%72%77%72" dan="17,16,16,16" rate="2183.98,2055.88,2125.82,2128.42" sx="M,M,F,M"/><TAIKYOKU oya="0"/><INIT seed="0,0,0,5,4,59" ten="250,250,250,250" oya="0" hai0="30,75,28,123,48,50,5,44,82,91,67,34,88" hai1="4,18,51,29,53,23,112,9,92,115,74,40,12" hai2="102,114,83,131,100,25,33,57,37,93,11,7,47" hai3="69,132,76,2,63,109,31,54,95,41,104,90,45"/><T1/><D123/><U22/><E40/><V116/><F114/><W16/><G104/><T17/><D1/><U32/><E74/><V10/><F131/><W108/><G2/><T65/><D5/><U80/><E92/><V62/><F116/><W73/><G31/><N who="0" m="11819" /><D34/><U98/><E98/><V56/><F25/><W87/><G132/><T121/><D75/><U3/><E80/><V135/><F33/><W14/><G73/><T24/><D121/><U120/><E120/><V60/><F83/><W49/><G76/><T118/><D118/><U61/><E61/><N who="2" m="23659" /><F37/><W125/><G125/><T134/><D134/><U52/><E23/><V113/><F47/><W103/><G103/><N who="2" m="39465" /><F113/><N who="1" m="43593" /><E51/><N who="0" m="19497" /><D44/><U133/><E133/><V21/><F135/><W8/><REACH who="3" step="1"/><G54/><REACH who="3" ten="250,250,250,240" step="2"/><T129/><D129/><U105/><E105/><V127/><F127/><W107/><G107/><T86/><D91/><U89/><E89/><V99/><F99/><W39/><G39/><T70/><D70/><U26/><AGARI ba="0,1" hai="3,4,9,12,18,22,26,29,32,52,53" m="43593" machi="26" ten="30,4000,0" yaku="24,1,11,1,54,1" doraHai="59" who="1" fromWho="1" sc="250,-20,250,50,250,-10,240,-10" /><INIT seed="1,0,0,1,0,43" ten="230,300,240,230" oya="1" hai0="5,17,32,24,50,44,61,49,42,34,41,1,118" hai1="84,55,108,105,132,7,35,74,33,31,72,47,102" hai2="13,121,124,88,26,8,120,79,65,10,15,87,96" hai3="37,78,122,104,63,130,68,21,134,16,59,71,19"/><U0/><E132/><V131/><F124/><W129/><G122/><T39/><D118/><U116/><E116/><V103/><F131/><N who="3" m="50187" /><G134/><T40/><D61/><U60/><E108/><V73/><F65/><W18/><G104/><T48/><D1/><U4/><E35/><V113/><F26/><W101/><G101/><T66/><D66/><U3/><E0/><V62/><F62/><W30/><G78/><T89/><D5/><U109/><E109/><V23/><F23/><W86/><G86/><T111/><D111/><U67/><E84/><V107/><F113/><W83/><G83/><T14/><D89/><U98/><E55/><V133/><F13/><W53/><G37/><T70/><D70/><N who="3" m="26665" /><G30/><T27/><D27/><AGARI ba="0,0" hai="16,18,19,21,27,53,59,63" m="26665,50187" machi="27" ten="30,2000,0" yaku="19,1,54,1" doraHai="43" who="3" fromWho="0" sc="230,-20,300,0,240,0,230,20" /><INIT seed="2,0,0,5,5,72" ten="210,300,240,250" oya="2" hai0="25,38,24,100,118,18,11,116,70,132,28,27,93" hai1="56,80,9,87,121,76,4,26,77,32,37,43,54" hai2="23,14,40,52,109,65,125,53,95,112,60,74,106" hai3="91,39,15,29,8,73,5,81,0,107,45,127,69"/><V113/><F106/><W10/><G69/><T75/><D70/><U78/><E121/><V99/><F74/><W41/><G107/><T124/><D38/><U102/><E102/><V130/><F130/><W21/><G127/><T64/><D64/><U16/><E37/><V101/><F125/><W50/><G21/><T84/><D124/><U58/><E43/><V94/><F109/><W89/><G29/><T35/><D132/><U13/><E32/><V88/><F40/><W120/><G120/><T90/><D75/><U42/><E42/><V71/><F113/><W51/><G51/><T12/><REACH who="0" step="1"/><D100/><REACH who="0" ten="200,300,240,250" step="2"/><U66/><E66/><V128/><F112/><W114/><G114/><T3/><D3/><U85/><E56/><N who="2" m="36999" /><F128/><W1/><G1/><T83/><D83/><N who="1" m="47335" /><E58/><V105/><F71/><W122/><G122/><T111/><D111/><U33/><E54/><V82/><F82/><W135/><G135/><T129/><D129/><U123/><E123/><V7/><F105/><W108/><G108/><T19/><D19/><U126/><E126/><V2/><F2/><W63/><G39/><T133/><D133/><U110/><E110/><V20/><F53/><W104/><G73/><T34/><D34/><U117/><E33/><V98/><F52/><W47/><G81/><T131/><D131/><U44/><E117/><AGARI ba="0,1" hai="11,12,18,24,25,27,28,35,84,90,93,116,117,118" machi="117" ten="40,5200,0" yaku="1,1,12,1,53,1" doraHai="72" doraHaiUra="86" who="0" fromWho="1" sc="200,62,300,-52,240,0,250,0" /><INIT seed="3,0,0,3,5,3" ten="262,248,240,250" oya="3" hai0="87,43,134,33,27,122,103,13,102,31,131,4,93" hai1="84,76,41,18,72,94,5,63,82,36,54,26,69" hai2="106,11,98,119,65,28,9,114,90,85,57,91,133" hai3="14,64,123,7,47,40,78,49,75,121,124,92,71"/><W101/><G124/><T67/><D122/><U15/><E72/><V111/><F119/><W19/><G71/><T80/><D43/><U37/><E41/><V128/><F114/><W127/><G127/><T21/><D134/><U30/><E5/><V105/><F133/><W61/><G7/><T112/><D112/><U38/><E94/><N who="2" m="56663" /><F106/><W120/><G78/><T25/><D131/><U68/><E54/><V58/><F105/><W56/><G75/><T108/><D108/><U52/><E52/><V95/><F111/><W135/><G135/><T132/><D132/><U110/><E63/><N who="2" m="38127" /><F128/><W60/><G60/><T8/><D67/><U23/><REACH who="1" step="1"/><E110/><REACH who="1" ten="262,238,240,250" step="2"/><V96/><F58/><W73/><G73/><T55/><D55/><U50/><E50/><V2/><F2/><W62/><G62/><T117/><D117/><U97/><E97/><V66/><F66/><W86/><G86/><T74/><D93/><U53/><E53/><V100/><F96/><W113/><G113/><T16/><D74/><U89/><E89/><AGARI ba="0,1" hai="4,8,13,16,21,25,27,31,33,80,87,89,102,103" machi="89" ten="30,3900,0" yaku="7,1,52,1,54,1" doraHai="3" who="0" fromWho="1" sc="262,49,238,-39,240,0,250,0" owari="311,41.1,199,-30.1,240,-16.0,250,5.0" /></mjloggm>