<mjloggm ver="2.3"><GO type="225" lobby="0"/><UN n0="%47%68%6F%73%74%55%30" n1="%E6%AB%BB%E4%BA%95%E5%A5%8F" n2="%E5%B8%86%E7%AB%8B%E5%A4%8F%E8%A1%A3" n3="%E6%B0%B7%E5%B7%9D%E9%87%8C%E5%A5%88" dan="17,17,16,16" rate="2157.30,2183.56,2077.23,2096.55" sx="M,M,M,F"/><TAIKYOKU oya="0"/><INIT seed="0,0,0,5,0,4" ten="250,250,250,250" oya="0" hai0="33,1,29,81,103,24,10,11,135,45,61,12,108" hai1="104,97,40,83,134,95,76,20,112,8,73,6,52" hai2="7,39,105,64,99,42,51,57,26,98,127,23,25" hai3="123,113,50,80,110,58,68,102,120,121,49,65,66"/><T3/><D135/><U118/><E118/><V86/><F127/><W115/><G102/><T54/><D103/><U0/><E134/><V47/><F105/><W41/><G80/><T48/><D108/><U128/><E128/><V129/><F129/><W55/><G110/><T67/><D81/><U13/><E104/><V14/><F86/><W94/><G94/><T92/><D92/><U43/><E112/><N who="3" m="43082" /><G68/><T85/><D85/><U36/><E36/><V114/><F114/><W88/><G88/><T78/><D78/><U119/><E119/><V74/><F74/><W79/><G79/><T132/><D132/><U133/><E133/><V70/><F70/><W32/><G32/><T30/><D30/><U16/><REACH who="1" step="1"/><E52/><REACH who="1" ten="250,240,250,250" step="2"/><V71/><F39/><W59/><G41/><T31/><D31/><U131/><E131/><V28/><F28/><W91/><G91/><AGARI ba="0,1" hai="0,6,8,13,16,20,40,43,73,76,83,91,95,97" machi="91" ten="30,8000,1" yaku="1,1,7,1,52,1,54,1,53,1" doraHai="4" doraHaiUra="18" who="1" fromWho="3" sc="250,0,240,90,250,0,250,-80" /><INIT seed="1,0,0,3,2,10" ten="250,330,250,170" oya="1" hai0="52,112,117,4,59,124,65,122,19,24,134,67,74" hai1="114,119,62,132,12,95,15,45,126,2,135,75,42" hai2="98,55,61,40,129,44,36,118,73,69,31,84,46" hai3="49,101,48,66,107,77,1,21,93,116,20,88,108"/><U39/><E114/><V43/><F73/><W54/><G108/><T53/><D112/><U60/><E119/><V97/><F31/><W34/><G116/><T81/><D117/><U76/><E2/><V16/><F118/><W91/><G34/><T68/><D124/><U105/><E105/><V18/><F129/><W11/><G77/><T71/><D4/><U70/><E126/><V125/><F125/><W82/><G66/><T6/><D6/><U89/><E76/><V9/><F84/><W115/><G115/><T29/><D134/><N who="1" m="51243" /><E75/><V78/><F78/><W27/><G82/><T17/><D81/><U130/><E130/><V133/><F133/><W0/><G93/><T120/><D74/><U127/><E127/><V99/><F9/><W111/><G111/><T113/><D113/><U13/><E70/><V38/><REACH who="2" step="1"/><F55/><REACH who="2" ten="250,330,240,170" step="2"/><W14/><G54/><T79/><D52/><U37/><E37/><V30/><F30/><W72/><G72/><T94/><D79/><U51/><E39/><V32/><F32/><W123/><G11/><T110/><D110/><U64/><E64/><AGARI ba="0,1" hai="16,18,36,38,40,43,44,46,61,64,69,97,98,99" machi="64" ten="40,5200,0" yaku="1,1,9,1,54,1,53,0" doraHai="10" doraHaiUra="22" who="2" fromWho="1" sc="250,0,330,-52,240,62,170,0" /><INIT seed="2,0,0,5,5,0" ten="250,278,302,170" oya="2" hai0="129,17,38,5,16,35,10,30,33,36,45,106,64" hai1="107,78,44,82,111,11,21,48,126,117,125,121,83" hai2="131,79,49,109,119,89,43,76,118,68,9,34,7" hai3="8,80,100,112,94,91,63,39,65,53,56,113,75"/><V57/><F68/><W120/><G120/><T6/><D106/><U92/><E117/><V52/><F34/><W116/><G116/><T55/><D64/><U2/><E107/><V40/><F119/><W73/><G39/><T130/><D30/><U25/><E111/><V135/><F135/><W19/><G100/><T23/><D55/><U72/><E121/><V101/><F118/><W1/><G80/><T20/><D10/><U98/><E83/><V123/><F123/><W4/><G19/><T122/><D122/><U15/><E2/><V102/><F89/><W47/><G47/><AGARI ba="0,0" hai="5,6,16,17,20,23,33,35,36,38,45,47,129,130" machi="47" ten="25,8000,1" yaku="22,2,52,2,54,1" doraHai="0" who="0" fromWho="3" sc="250,80,278,0,302,0,170,-80" /><INIT seed="3,0,0,2,4,134" ten="330,278,302,90" oya="3" hai0="57,126,64,71,14,63,99,85,49,23,7,42,82" hai1="132,46,5,56,20,11,15,133,87,100,9,104,27" hai2="105,110,44,10,131,40,124,1,16,108,111,17,101" hai3="24,81,103,84,41,112,127,119,109,93,28,53,115"/><W98/><G119/><T48/><D126/><U30/><E100/><V129/><F124/><W74/><G127/><T38/><D38/><U0/><E104/><V114/><F114/><W89/><G109/><N who="2" m="27905" /><V36/><DORA hai="76" /><F101/><W60/><G41/><T95/><D71/><U18/><E56/><V47/><F47/><W25/><G25/><T123/><D123/><U117/><E46/><V51/><F105/><W31/><G31/><T50/><D42/><U96/><E96/><V135/><F36/><W77/><G60/><T4/><D14/><U83/><REACH who="1" step="1"/><E117/><REACH who="1" ten="330,268,302,90" step="2"/><V65/><F65/><W61/><G61/><T75/><D99/><U106/><E106/><V6/><F135/><W13/><G53/><T120/><D63/><U54/><E54/><V8/><F8/><W69/><G69/><T32/><D64/><U130/><E130/><AGARI ba="0,1" hai="1,6,10,16,17,40,44,51,129,130,131" m="27905" machi="130" ten="40,5200,0" yaku="19,1,14,1,54,1" doraHai="134,76" who="2" fromWho="1" sc="330,0,268,-52,302,62,90,0" owari="330,13.0,216,-18.4,364,46.4,90,-41.0" /></mjloggm>