<mjloggm ver="2.3"><GO type="225" lobby="0"/><UN n0="%E3%81%A1%E3%82%85%E3%81%86%E3%81%A9%E3%81%8F%E8%B1%A1%E3%81%95%E3%82%93" n1="%72%61%6B%33" n2="%6E%69%63%6F%6E%74%6F" n3="%E3%81%9F%E3%81%93%E2%98%86%E7%84%BC%E3%81%8D" dan="17,16,17,16" rate="2206.79,2194.08,2160.84,2119.73" sx="M,M,M,M"/><TAIKYOKU oya="0"/><INIT seed="0,0,0,4,2,122" ten="250,250,250,250" oya="0" hai0="43,50,23,8,34,67,92,131,42,15,97,25,29" hai1="31,10,80,22,38,109,78,116,133,48,1,87,135" hai2="21,54,49,77,117,94,33,37,82,69,24,3,112" hai3="59,127,19,126,39,55,71,103,125,17,74,96,61"/><T90/><D131/><U52/><E38/><V81/><F112/><W123/><G74/><T86/><D67/><U104/><E104/><V88/><F3/><W53/><G39/><T134/><D134/><N who="1" m="51211" /><E116/><V6/><F6/><W51/><G71/><T98/><D34/><U121/><E121/><V113/><F113/><W68/><G68/><T47/><REACH who="0" step="1"/><D42/><REACH who="0" ten="240,250,250,250" step="2"/><U70/><E70/><V66/><F66/><W93/><REACH who="3" step="1"/><G123/><REACH who="3" ten="240,250,250,240" step="2"/><T41/><D41/><U14/><E1/><V7/><F117/><W35/><G35/><T119/><D119/><U36/><E36/><V62/><F33/><W58/><AGARI ba="0,2" hai="17,19,51,53,55,58,59,61,93,96,103,125,126,127" machi="58" ten="40,5200,0" yaku="1,1,0,1,18,1,53,0" doraHai="122" doraHaiUra="73" who="3" fromWho="3" sc="240,-26,250,-13,250,-13,240,72" /><INIT seed="1,0,0,1,4,56" ten="214,237,237,312" oya="1" hai0="93,85,39,6,13,18,19,116,90,118,7,121,61" hai1="124,73,79,103,66,71,91,40,46,81,9,119,15" hai2="41,21,49,134,69,35,113,23,115,74,42,112,11" hai3="95,4,78,55,99,97,132,0,76,34,98,14,106"/><U5/><E124/><V36/><F74/><W135/><G34/><T54/><D39/><U120/><E119/><V10/><F35/><W128/><G0/><T45/><D121/><U123/><E91/><V127/><F69/><W31/><G31/><T2/><D2/><U87/><E103/><V67/><F36/><W32/><G32/><T122/><D122/><U1/><E87/><V94/><F94/><W16/><G4/><T105/><D105/><U8/><E8/><N who="2" m="3115" /><F67/><W86/><G128/><T88/><D18/><U30/><E15/><V83/><F83/><W80/><G55/><T60/><D116/><U59/><E30/><V125/><F49/><W25/><G25/><T24/><D24/><U65/><E59/><V104/><F104/><W133/><G16/><T89/><D118/><U117/><E117/><V17/><F17/><W27/><G27/><T48/><D6/><U50/><REACH who="1" step="1"/><E65/><REACH who="1" ten="214,227,237,312" step="2"/><V110/><F127/><W38/><G14/><T109/><D7/><U129/><E129/><V63/><F125/><W22/><G86/><N who="0" m="52375" /><D109/><U29/><E29/><V100/><F110/><W70/><G133/><T84/><D90/><U96/><E96/><V47/><F134/><W3/><G98/><T114/><D85/><U75/><E75/><V64/><F100/><W130/><G99/><T108/><D108/><U43/><E43/><N who="2" m="16395" /><F47/><W111/><G130/><T131/><D131/><U101/><E101/><V102/><F102/><W20/><G111/><T72/><D72/><U37/><E37/><V58/><AGARI ba="0,1" hai="21,23,58,63,64,112,113,115" m="16395,3115" machi="58" ten="40,2700,0" yaku="11,1,52,1" doraHai="56" who="2" fromWho="2" sc="214,-7,227,-13,237,37,312,-7" /><INIT seed="2,0,0,3,2,51" ten="207,214,274,305" oya="2" hai0="56,24,76,107,40,68,95,99,35,21,133,71,1" hai1="91,127,86,98,67,63,65,102,84,54,124,14,11" hai2="81,121,129,90,41,34,13,132,75,19,37,44,0" hai3="49,26,94,55,60,5,42,119,39,83,31,72,134"/><V12/><F0/><W28/><G119/><T118/><D107/><U48/><E84/><V3/><F3/><W45/><G5/><T93/><D35/><U100/><E124/><V79/><F121/><W123/><G134/><T103/><D1/><U4/><E127/><V131/><F132/><W73/><G31/><T6/><D6/><U8/><E8/><V22/><F34/><W116/><G116/><T27/><D133/><U32/><E32/><V50/><F90/><W97/><G83/><T53/><D118/><U30/><E30/><V64/><F64/><W126/><G60/><T74/><D40/><U10/><E10/><V66/><F66/><N who="1" m="25097" /><E63/><V70/><F70/><W38/><G123/><T78/><D95/><N who="1" m="54775" /><E98/><V113/><F113/><W33/><G39/><T125/><D125/><U16/><E4/><V9/><REACH who="2" step="1"/><F37/><REACH who="2" ten="207,214,264,305" step="2"/><W122/><G122/><T17/><D68/><U87/><E87/><V23/><F23/><W101/><G126/><T105/><D71/><U104/><E104/><V80/><F80/><W106/><G106/><T92/><D105/><U58/><AGARI ba="0,1" hai="11,14,16,48,54,58,100,102" m="54775,25097" machi="58" ten="30,4000,0" yaku="8,1,52,1,54,1" doraHai="51" who="1" fromWho="1" sc="207,-10,214,50,264,-20,305,-10" /><INIT seed="3,0,0,5,0,104" ten="197,264,244,295" oya="3" hai0="26,13,9,70,115,127,33,114,105,130,91,73,24" hai1="57,71,18,119,116,52,0,36,54,5,10,44,14" hai2="107,87,7,135,25,48,53,75,102,3,29,39,78" hai3="59,55,122,108,40,79,67,93,95,47,12,90,86"/><W22/><G122/><T100/><D70/><U38/><E71/><V51/><F39/><W42/><G79/><T1/><D1/><U96/><E96/><V99/><F135/><W112/><G112/><N who="0" m="43051" /><D130/><U123/><E123/><V60/><F3/><W61/><G108/><T31/><D127/><U80/><E80/><V45/><F7/><W76/><G76/><T50/><D26/><U98/><E98/><V97/><F97/><W113/><G95/><T34/><D105/><U6/><E54/><V32/><F60/><W15/><G42/><T19/><D100/><U63/><E44/><V131/><F131/><W101/><G22/><N who="0" m="15767" /><D73/><U35/><E35/><N who="0" m="13321" /><D50/><U118/><REACH who="1" step="1"/><E6/><REACH who="1" ten="197,254,244,295" step="2"/><V43/><F99/><W41/><G113/><T82/><D82/><U88/><E88/><AGARI ba="0,1" hai="9,13,19,88,91" m="13321,15767,43051" machi="88" ten="30,2000,0" yaku="11,1,54,1" doraHai="104" who="0" fromWho="1" sc="197,30,254,-20,244,0,295,0" /><INIT seed="4,0,0,1,4,83" ten="227,234,244,295" oya="0" hai0="15,93,47,33,88,29,52,76,23,57,9,24,1" hai1="3,27,98,92,122,116,135,0,61,48,66,90,104" hai2="124,31,11,6,71,56,82,99,94,12,4,133,55" hai3="126,70,39,65,59,46,102,110,45,81,89,19,79"/><T67/><D76/><U129/><E122/><V41/><F124/><W74/><G70/><T78/><D78/><U127/><E116/><V132/><F71/><W43/><G45/><T2/><D67/><U112/><E127/><V64/><F64/><W30/><G110/><T117/><D117/><U107/><E129/><V121/><F121/><W131/><G131/><T17/><D47/><U37/><E37/><V7/><F41/><W14/><G30/><T42/><D42/><U13/><E135/><N who="2" m="51787" /><F82/><W113/><G113/><T120/><D120/><U95/><E112/><V60/><F31/><W16/><G102/><AGARI ba="0,0" hai="4,6,7,11,12,55,56,60,94,99,102" m="51787" machi="102" ten="30,1000,0" yaku="20,1" doraHai="83" who="2" fromWho="3" sc="227,0,234,0,244,10,295,-10" /><INIT seed="5,0,0,0,0,128" ten="227,234,254,285" oya="1" hai0="26,21,109,74,17,99,112,69,7,37,135,62,92" hai1="133,73,94,25,50,41,101,130,84,118,45,53,46" hai2="88,71,129,9,80,78,104,116,10,52,85,55,14" hai3="114,76,120,11,33,103,64,13,106,42,31,4,125"/><U68/><E133/><V110/><F110/><W36/><G120/><T51/><D109/><U127/><E130/><V1/><F129/><W134/><G134/><T121/><D135/><U67/><E118/><V40/><F116/><W8/><G64/><T86/><D37/><U34/><E73/><V29/><F71/><W98/><G114/><T131/><D131/><U115/><E115/><V16/><F104/><W59/><G59/><T30/><D74/><U60/><E127/><V90/><F29/><W49/><G76/><T105/><D105/><U24/><E34/><V39/><F1/><W15/><G36/><T35/><D112/><U95/><E95/><V27/><F27/><W28/><G33/><T123/><D7/><U75/><E75/><V23/><F39/><W43/><G125/><T44/><D86/><U61/><E61/><V3/><F40/><W65/><G65/><T81/><D81/><U111/><E111/><V107/><F107/><W124/><G124/><T70/><D62/><U91/><REACH who="1" step="1"/><E101/><REACH who="1" ten="227,224,254,285" step="2"/><V72/><F72/><W38/><G103/><T5/><D121/><U18/><E18/><V77/><F77/><W89/><G106/><T0/><D123/><U83/><E83/><V32/><F32/><W100/><G100/><N who="0" m="60519" /><D35/><U56/><E56/><V20/><F78/><W22/><G31/><T2/><D30/><U12/><E12/><N who="2" m="7183" /><F3/><N who="0" m="1066" /><D5/><U119/><E119/><V54/><F90/><W47/><G89/><T97/><D97/><U19/><E19/><AGARI ba="0,1" hai="10,14,19,20,23,52,54,55,80,85,88" m="7183" machi="19" ten="30,7700,0" yaku="8,1,54,3" doraHai="128" who="2" fromWho="1" sc="227,0,224,-77,254,87,285,0" owari="227,-17.3,147,-35.3,341,44.1,285,8.5" /></mjloggm>