<mjloggm ver="2.3"><GO type="225" lobby="0"/><UN n0="%E3%83%97%E3%83%92" n1="%65%2D%73%65%70%65%6E%3B" n2="%E3%82%82%E3%82%93%E3%81%8D%E3%82%93%E3%81%90" n3="%E5%A4%96%E5%B7%9D%E7%AB%9C%E6%88%90" dan="16,16,16,16" rate="2183.27,2149.62,2064.41,2120.60" sx="M,M,M,M"/><TAIKYOKU oya="0"/><INIT seed="0,0,0,5,2,35" ten="250,250,250,250" oya="0" hai0="123,135,16,108,40,95,55,39,48,60,8,45,72" hai1="78,6,1,91,65,94,38,34,56,103,132,36,119" hai2="124,30,96,17,125,71,97,23,130,134,92,66,27" hai3="7,28,64,87,121,9,105,20,41,88,112,12,18"/><T33/><D123/><U77/><E119/><V82/><F130/><W104/><G112/><T81/><D33/><U52/><E34/><V44/><F134/><W76/><G121/><T62/><D135/><U4/><E65/><V120/><F120/><W107/><G64/><T14/><D108/><U131/><E132/><V109/><F109/><W37/><G76/><T73/><D95/><U74/><E103/><V118/><F118/><W54/><G28/><T86/><D72/><U59/><E59/><V85/><F71/><W90/><G54/><T31/><D73/><U106/><E106/><V11/><F66/><W100/><G100/><T89/><REACH who="0" step="1"/><D31/><REACH who="0" ten="240,250,250,250" step="2"/><U126/><E74/><V51/><F92/><W101/><G101/><T22/><D22/><U2/><E94/><V83/><F83/><W68/><G107/><T84/><D84/><U57/><E131/><V24/><F96/><W46/><G68/><T49/><D49/><U25/><E126/><V19/><F97/><W13/><REACH who="3" step="1"/><G90/><REACH who="3" ten="240,250,250,240" step="2"/><T3/><D3/><U116/><E91/><V50/><F30/><W70/><G70/><T115/><D115/><U29/><E116/><V79/><F125/><W58/><G58/><AGARI ba="0,2" hai="8,14,16,39,40,45,48,55,58,60,62,81,86,89" machi="58" ten="30,5800,0" yaku="1,1,7,1,54,1,53,0" doraHai="35" doraHaiUra="128" who="0" fromWho="3" sc="240,78,250,0,250,0,240,-58" /><INIT seed="0,1,0,5,3,72" ten="318,250,250,182" oya="0" hai0="61,112,42,128,50,101,13,22,123,63,69,24,120" hai1="93,118,45,26,111,92,131,117,21,87,40,49,39" hai2="80,43,90,52,114,122,5,110,83,7,27,102,44" hai3="28,41,66,75,55,103,15,54,95,73,135,31,104"/><T14/><D112/><U58/><E111/><V4/><F114/><W23/><G104/><T51/><D128/><U77/><E131/><V1/><F110/><W71/><G41/><T107/><D107/><U3/><E3/><V35/><F122/><W89/><G103/><T18/><D101/><U125/><E125/><V33/><F1/><W127/><G127/><T91/><D69/><U113/><E113/><V65/><F65/><W100/><G100/><T12/><D120/><U34/><E34/><V62/><F102/><W129/><G129/><T108/><D108/><U57/><E117/><V17/><F35/><W16/><G135/><T68/><D68/><U64/><E118/><V124/><F90/><W78/><G75/><T105/><D105/><U130/><E130/><V53/><F124/><W38/><G38/><T0/><D0/><U94/><E39/><V126/><F33/><W8/><G66/><T97/><D123/><U9/><E9/><V30/><F30/><W132/><G71/><T6/><D6/><U85/><E64/><V20/><F126/><W134/><G55/><N who="2" m="21065" /><F62/><N who="0" m="23562" /><D42/><U109/><E109/><V99/><F99/><N who="3" m="57839" /><G54/><T74/><D74/><U133/><E133/><N who="3" m="51306" /><G8/><T82/><D97/><U59/><REACH who="1" step="1"/><E77/><REACH who="1" ten="318,240,250,182" step="2"/><V106/><F106/><W19/><G19/><AGARI ba="1,1" hai="19,21,26,40,45,49,57,58,59,85,87,92,93,94" machi="19" ten="40,5200,0" yaku="1,1,2,1,8,1,53,0" doraHai="72" doraHaiUra="86" who="1" fromWho="3" sc="318,0,240,65,250,0,182,-55" /><INIT seed="1,0,0,2,5,39" ten="318,305,250,127" oya="1" hai0="9,109,28,52,13,71,57,132,107,61,33,73,88" hai1="105,43,26,64,117,70,119,75,98,115,100,6,67" hai2="37,7,77,92,55,18,47,63,112,5,127,120,72" hai3="10,46,49,104,29,108,99,84,128,21,60,36,123"/><U124/><E115/><V126/><F120/><W78/><G36/><T34/><D109/><U31/><E75/><V42/><F112/><W12/><G123/><T113/><D113/><U110/><E124/><V69/><F72/><W133/><G108/><T66/><D107/><U56/><E110/><V80/><F92/><W116/><G128/><T25/><D132/><U0/><E64/><V131/><F131/><W130/><G130/><T83/><D33/><N who="1" m="20727" /><E56/><V79/><F18/><W15/><G133/><T89/><D83/><U11/><E43/><V91/><F91/><W111/><G111/><T17/><REACH who="0" step="1"/><D73/><REACH who="0" ten="308,305,250,127" step="2"/><U81/><E81/><V50/><F80/><W27/><G104/><T22/><D22/><U16/><E119/><V129/><F129/><W20/><G116/><T38/><D38/><U106/><E117/><V96/><F126/><W40/><G21/><T95/><D95/><U87/><E105/><V102/><F127/><W94/><G10/><T122/><D122/><U45/><E106/><V58/><F79/><W1/><G78/><T48/><AGARI ba="0,1" hai="9,13,17,25,28,34,48,52,57,61,66,71,88,89" machi="48" ten="20,8000,1" yaku="1,1,0,1,7,1,54,2,53,0" doraHai="39" doraHaiUra="114" who="0" fromWho="0" sc="308,90,305,-40,250,-20,127,-20" /><INIT seed="2,0,0,0,0,126" ten="398,265,230,107" oya="2" hai0="58,70,60,29,24,112,90,23,61,67,135,89,9" hai1="92,51,129,12,83,49,71,93,104,66,14,21,79" hai2="17,41,33,0,121,22,52,10,54,30,3,91,42" hai3="128,96,117,98,7,125,45,6,107,31,15,74,101"/><V99/><F121/><W32/><G117/><T69/><D112/><U119/><E104/><V87/><F99/><W111/><G74/><T80/><D135/><U106/><E119/><V55/><F33/><W103/><G125/><T64/><D58/><U78/><E106/><V43/><F30/><W88/><G111/><T77/><D9/><U110/><E71/><V38/><F10/><W122/><G122/><T86/><AGARI ba="0,0" hai="23,24,29,60,61,64,67,69,70,77,80,86,89,90" machi="86" ten="20,2700,0" yaku="0,1,7,1,9,1" doraHai="126" who="0" fromWho="0" sc="398,27,265,-7,230,-13,107,-7" /><INIT seed="3,0,0,1,2,70" ten="425,258,217,100" oya="3" hai0="50,93,102,72,36,30,28,91,19,135,34,94,0" hai1="90,99,60,23,84,14,95,128,110,76,22,4,10" hai2="73,96,41,35,83,69,63,29,131,124,126,58,98" hai3="45,21,106,116,18,107,27,2,85,109,56,44,11"/><W65/><G116/><T123/><D72/><U88/><E110/><V97/><F69/><W43/><G109/><T3/><D50/><U5/><E128/><V66/><F131/><W74/><G74/><T100/><D19/><U64/><E76/><V54/><F35/><W38/><G85/><T105/><D34/><U32/><E32/><V127/><F29/><W113/><G113/><T7/><D7/><U101/><E4/><V52/><F41/><W75/><G75/><T114/><D91/><U81/><E101/><V62/><F62/><W134/><G134/><T68/><D68/><AGARI ba="0,0" hai="5,10,14,22,23,60,64,68,81,84,88,90,95,99" machi="68" ten="30,2000,0" yaku="7,1,54,1" doraHai="70" who="1" fromWho="0" sc="425,-20,258,20,217,0,100,0" owari="405,50.5,278,7.8,217,-18.3,100,-40.0" /></mjloggm>