<mjloggm ver="2.3"><GO type="225" lobby="0"/><UN n0="%E5%BA%97%E9%95%B7%4D" n1="%E3%81%99%E3%81%84%E3%81%BE%E3%81%9B%E3%83%BC%E3%82%93" n2="%E3%81%BF%E3%81%BF%E3%81%9A" n3="%E3%82%A2%E3%83%A1%E3%82%A2%E3%83%A9%E3%83%AC" dan="16,18,18,16" rate="2077.51,2272.16,2248.91,2156.60" sx="M,M,M,M"/><TAIKYOKU oya="0"/><INIT seed="0,0,0,2,5,31" ten="250,250,250,250" oya="0" hai0="38,18,51,122,85,30,71,9,32,48,118,61,120" hai1="65,119,4,84,0,103,106,40,19,130,12,125,8" hai2="87,41,16,44,90,97,46,33,43,67,114,22,70" hai3="124,121,91,95,57,94,76,27,102,21,10,26,42"/><T99/><D38/><U88/><E119/><V107/><F114/><W82/><G124/><T49/><D118/><U58/><E125/><V23/><F70/><W116/><G116/><T64/><D85/><U123/><E123/><V6/><F6/><W129/><G129/><T115/><D115/><U17/><E130/><V92/><F67/><W132/><G132/><T109/><D109/><U52/><E40/><V69/><F69/><W80/><G42/><N who="2" m="15881" /><F33/><W117/><G121/><T39/><D39/><U3/><E65/><V54/><F107/><W89/><G102/><T28/><D28/><U101/><E0/><V55/><F23/><W111/><G111/><T108/><D108/><U47/><E47/><N who="2" m="17963" /><F97/><W134/><G134/><T5/><D18/><N who="1" m="6667" /><E3/><V105/><F105/><W60/><G21/><T1/><REACH who="0" step="1"/><D99/><REACH who="0" ten="240,250,250,250" step="2"/><U98/><E98/><V74/><F74/><W93/><G117/><T50/><N who="0" m="12288" /><DORA hai="37" /><T36/><D36/><U29/><E29/><V127/><F127/><W110/><G110/><T24/><AGARI ba="0,1" hai="1,5,9,24,30,32,61,64,71,120,122" m="12288" machi="24" ten="40,7800,0" yaku="1,1,0,1,52,1,53,0" doraHai="31,37" doraHaiUra="11,135" who="0" fromWho="0" sc="240,88,250,-26,250,-26,250,-26" /><INIT seed="0,1,0,0,0,43" ten="328,224,224,224" oya="0" hai0="103,27,50,135,120,26,61,18,53,38,71,116,110" hai1="60,0,78,51,15,115,125,81,37,31,86,79,77" hai2="126,35,3,39,80,10,1,30,11,67,107,5,62" hai3="132,113,23,32,109,7,33,76,22,90,2,70,17"/><T117/><D38/><U12/><E37/><V4/><F126/><W89/><G70/><T114/><D114/><U19/><E0/><V124/><F124/><W52/><G113/><T127/><D120/><U128/><E125/><V40/><F80/><W44/><G76/><T47/><D127/><U97/><E115/><V99/><F30/><W21/><G17/><T98/><D135/><U66/><E128/><V123/><F35/><W118/><G118/><T58/><D71/><U91/><E31/><V63/><F123/><W88/><G132/><T105/><D110/><U8/><E51/><V106/><F99/><W108/><G7/><T102/><D102/><U65/><E60/><V119/><F119/><W49/><REACH who="3" step="1"/><G2/><REACH who="3" ten="328,224,224,214" step="2"/><T56/><D117/><U24/><E78/><V25/><F25/><W74/><G74/><T73/><D18/><N who="1" m="8455" /><E24/><V131/><F131/><W46/><G46/><T69/><D73/><U48/><E79/><V59/><F63/><W6/><G6/><T87/><D116/><U45/><E77/><V82/><F82/><W95/><G95/><T29/><D27/><U16/><E19/><V55/><F67/><W28/><G28/><T112/><D112/><U20/><E97/><V75/><F75/><W72/><G72/><T42/><D87/><U9/><E9/><V83/><F83/><W57/><G57/><T111/><D58/><U94/><E94/><V41/><F39/><W104/><G104/><AGARI ba="1,1" hai="1,3,4,5,10,11,40,41,55,59,62,104,106,107" machi="104" ten="40,1300,0" yaku="9,1" doraHai="43" who="2" fromWho="3" sc="328,0,224,0,224,26,214,-16" /><INIT seed="1,0,0,1,1,1" ten="328,224,250,198" oya="1" hai0="84,7,30,12,54,53,86,108,27,113,8,94,17" hai1="129,95,59,51,91,36,118,39,73,28,40,87,11" hai2="35,121,133,88,77,61,48,104,24,99,92,0,122" hai3="18,96,72,128,83,116,55,112,115,107,6,131,130"/><U10/><E118/><V76/><F0/><W114/><G116/><T70/><D70/><U68/><E129/><V79/><F48/><W32/><G32/><T119/><D113/><U25/><E68/><V78/><F61/><W46/><G18/><T31/><D119/><U106/><E106/><V89/><F24/><W2/><G55/><N who="0" m="21003" /><D108/><U14/><E73/><V29/><F29/><N who="0" m="10762" /><D94/><U20/><E59/><V120/><F35/><W127/><G127/><T111/><D111/><U82/><E95/><N who="2" m="56807" /><F104/><W50/><G50/><T102/><D102/><U81/><E81/><V71/><F71/><W123/><G46/><T97/><D97/><U9/><REACH who="1" step="1"/><E14/><REACH who="1" ten="328,214,250,198" step="2"/><V80/><F133/><W21/><G107/><T126/><D126/><U124/><E124/><V5/><F121/><W100/><G123/><T90/><D27/><U49/><E49/><V85/><F5/><W98/><G83/><T57/><D7/><U101/><E101/><V117/><F117/><W69/><G69/><T33/><D12/><U22/><E22/><V63/><F63/><W93/><G72/><AGARI ba="0,1" hai="72,76,77,78,79,80,85,89,92,120,122" m="56807" machi="72" ten="30,3900,0" yaku="34,2,54,1" doraHai="1" who="2" fromWho="3" sc="328,0,214,0,250,49,198,-39" /><INIT seed="2,0,0,4,3,106" ten="328,214,299,159" oya="2" hai0="33,92,18,40,99,35,98,47,43,95,93,36,117" hai1="69,6,59,57,65,12,133,81,37,115,5,112,77" hai2="131,64,50,19,63,58,120,91,88,26,54,32,14" hai3="103,72,8,17,94,42,118,20,28,130,27,82,45"/><V76/><F120/><W44/><G130/><T126/><D126/><U124/><E37/><V67/><F131/><W66/><G118/><T2/><D117/><U104/><E104/><V84/><F32/><W135/><G135/><T16/><D2/><U11/><E69/><V113/><F113/><W10/><G66/><T70/><D70/><U52/><E124/><V9/><F26/><W51/><G44/><T73/><D73/><U83/><E133/><V80/><REACH who="2" step="1"/><F67/><REACH who="2" ten="328,214,289,159" step="2"/><W60/><G28/><T87/><D35/><U122/><E122/><V29/><F29/><W49/><G60/><T68/><D33/><U132/><E132/><V102/><F102/><W55/><G103/><T7/><D99/><U129/><E129/><V38/><F38/><W123/><G123/><T121/><D98/><U114/><E65/><V62/><F62/><W89/><G51/><T134/><D36/><U96/><E96/><V21/><F21/><W101/><G101/><T109/><D134/><U30/><E30/><V85/><F85/><W46/><G27/><T53/><D87/><U111/><E114/><V25/><F25/><W34/><G20/><T105/><D121/><U119/><E115/><V13/><F13/><W125/><G34/><T78/><D68/><AGARI ba="0,1" hai="9,14,19,50,54,58,63,64,68,76,80,84,88,91" machi="68" ten="30,11600,0" yaku="1,1,7,1,54,1,53,1" doraHai="106" doraHaiUra="15" who="2" fromWho="0" sc="328,-116,214,0,289,126,159,0" /><INIT seed="2,1,0,0,4,56" ten="212,214,415,159" oya="2" hai0="31,17,41,36,65,32,35,39,71,114,109,60,113" hai1="75,13,19,23,127,135,34,94,134,61,95,7,10" hai2="54,116,29,105,108,115,3,76,6,15,100,27,2" hai3="0,14,58,73,92,99,11,9,20,43,132,18,107"/><V47/><F115/><W44/><G132/><N who="1" m="50730" /><E127/><V112/><F112/><N who="0" m="43114" /><D17/><U48/><E75/><V129/><F116/><W123/><G123/><T130/><D130/><U66/><E48/><V40/><F54/><W74/><G107/><T50/><D31/><U30/><E30/><V64/><F76/><W57/><G74/><T5/><D5/><U89/><E89/><V67/><F15/><W117/><G73/><T124/><D124/><U90/><E90/><V63/><F67/><W126/><G117/><T118/><D118/><U8/><E34/><N who="0" m="12841" /><D50/><U78/><E78/><V68/><F6/><W101/><G126/><T128/><D128/><U133/><N who="1" m="50738" /><U122/><DORA hai="121" /><E122/><V72/><F72/><W70/><G70/><T96/><D96/><U38/><E38/><N who="0" m="14377" /><D41/><U12/><E10/><V84/><F40/><W111/><G9/><T80/><D80/><U22/><E22/><V98/><F29/><W85/><G20/><T26/><D26/><U49/><E49/><V21/><F27/><W91/><G11/><T120/><D120/><U102/><E102/><V88/><F100/><W53/><G101/><T103/><D103/><U62/><E66/><V69/><F64/><W79/><G99/><T86/><D86/><U81/><E81/><V45/><F98/><W4/><G85/><T37/><N who="0" m="14385" /><T77/><DORA hai="82" /><D77/><U110/><E7/><V28/><F84/><W55/><G79/><T42/><D42/><U104/><E8/><V97/><F21/><W93/><G4/><T33/><N who="0" m="12849" /><T1/><DORA hai="51" /><D1/><U106/><E23/><V25/><F28/><RYUUKYOKU ba="1,0" sc="212,30,214,-10,415,-10,159,-10" hai0="60,65,71,109" /><INIT seed="3,2,0,1,5,22" ten="242,204,405,149" oya="3" hai0="19,33,120,41,48,37,66,57,116,132,10,0,78" hai1="80,28,97,85,17,51,115,122,108,110,54,4,128" hai2="14,125,129,31,119,117,13,102,123,20,106,93,111" hai3="26,107,135,47,131,34,73,29,95,94,92,134,126"/><W99/><G73/><T39/><D116/><U61/><E115/><V130/><F106/><W86/><G131/><N who="2" m="50185" /><F111/><W62/><G126/><T11/><D33/><U118/><E122/><V46/><F125/><W90/><G47/><T83/><D120/><U124/><E124/><V36/><F123/><W71/><G107/><T15/><D132/><N who="3" m="50729" /><G99/><T5/><D41/><U84/><E97/><N who="2" m="59695" /><F13/><W49/><G49/><T25/><D25/><U70/><E51/><V121/><F121/><W32/><G34/><T74/><REACH who="0" step="1"/><D66/><AGARI ba="2,0" hai="26,29,32,62,66,71,86,90,92,94,95" m="50729" machi="66" ten="30,2900,0" yaku="20,1,52,1" doraHai="22" who="3" fromWho="0" sc="242,-35,204,0,405,0,149,35" /><INIT seed="3,3,0,4,3,66" ten="207,204,405,184" oya="3" hai0="34,13,104,36,59,81,22,106,58,10,56,83,134" hai1="40,132,78,30,1,24,16,135,124,60,93,107,57" hai2="90,91,63,52,113,101,18,42,127,47,103,72,119" hai3="48,12,50,82,2,38,21,110,95,80,114,26,109"/><W108/><G114/><T102/><D36/><U64/><E107/><V49/><F72/><W79/><G38/><T123/><D34/><U15/><E1/><V67/><F113/><W19/><G2/><T74/><D123/><U84/><E40/><V29/><F29/><N who="3" m="17615" /><G95/><T41/><D41/><U73/><E73/><V32/><F119/><W126/><G126/><T105/><D134/><N who="1" m="51243" /><E124/><V69/><F32/><W88/><G88/><T121/><D121/><U46/><E46/><V3/><F127/><W99/><G99/><T61/><D22/><N who="1" m="15639" /><E78/><V23/><F3/><W20/><G82/><T43/><D43/><U96/><E84/><AGARI ba="3,0" hai="12,19,20,48,50,79,80,84,108,109,110" m="17615" machi="84" ten="30,2900,0" yaku="14,1,10,1" doraHai="66" who="3" fromWho="1" sc="207,0,204,-38,405,0,184,38" /><INIT seed="3,4,0,1,4,94" ten="207,166,405,222" oya="3" hai0="60,93,6,110,41,3,12,21,0,2,74,24,118" hai1="79,25,31,85,109,5,97,7,124,71,111,19,29" hai2="63,76,62,100,106,86,54,66,83,48,28,65,92" hai3="23,4,112,120,42,81,47,18,22,113,104,73,10"/><W88/><G120/><T69/><D118/><U56/><E71/><V89/><F28/><N who="1" m="10825" /><E79/><V129/><F129/><W132/><G104/><T9/><D74/><U36/><E36/><V53/><F100/><W102/><G102/><T46/><D110/><N who="1" m="41995" /><E85/><V116/><F106/><W59/><G132/><T39/><D93/><U101/><E56/><N who="2" m="35087" /><F63/><W64/><G59/><T1/><N who="0" m="0" /><DORA hai="130" /><T70/><REACH who="0" step="1"/><D60/><REACH who="0" ten="197,166,405,222" step="2"/><U26/><E124/><V32/><F116/><W117/><G117/><T99/><D99/><U125/><E125/><V45/><F32/><W16/><G73/><T55/><D55/><U80/><E80/><V114/><F114/><W35/><G81/><T126/><D126/><U127/><E127/><V134/><F92/><W108/><G108/><T33/><D33/><U98/><E98/><V8/><F54/><W13/><G35/><T61/><D61/><U11/><E97/><V78/><F83/><W107/><G112/><T87/><D87/><U103/><E103/><V51/><F86/><W43/><G113/><T50/><D50/><U44/><E101/><V27/><F51/><W20/><G107/><T34/><D34/><U58/><E58/><V67/><F67/><W96/><G64/><T68/><D68/><U131/><E131/><V52/><F65/><W49/><G42/><T119/><D119/><U90/><E44/><V121/><F66/><W57/><G57/><T15/><D15/><N who="1" m="7679" /><E90/><V135/><F45/><W14/><G96/><T75/><D75/><U82/><E82/><V17/><F48/><W37/><G49/><T133/><D133/><U72/><E72/><RYUUKYOKU ba="4,1" sc="197,15,166,15,405,-15,222,-15" hai0="6,9,12,21,24,39,41,46,69,70" hai1="5,7,25,26" owari="212,1.2,181,-31.9,400,50.0,207,-19.3" /></mjloggm>