<mjloggm ver="2.3"><GO type="225" lobby="0"/><UN n0="%E3%81%A8%E3%82%93%E3%81%A8%E3%81%93%E3%81%A8%E3%82%93" n1="%72%69%6F%75%63%68%61%6E" n2="%E3%80%93%E3%81%97%E3%83%BC%E3%82%89%E3%80%93" n3="%E4%BF%BA%E3%81%A8%E5%A6%96%E5%A4%A2" dan="16,16,16,17" rate="2126.43,2156.23,2118.43,2180.22" sx="F,M,M,F"/><TAIKYOKU oya="0"/><INIT seed="0,0,0,0,3,99" ten="250,250,250,250" oya="0" hai0="40,97,45,81,7,17,128,18,54,9,36,60,34" hai1="3,100,105,117,23,28,76,103,108,95,26,132,90" hai2="130,123,80,15,106,121,68,84,98,12,107,85,63" hai3="30,70,48,94,79,29,111,39,6,0,115,102,109"/><T51/><D128/><U133/><E117/><V135/><F68/><W110/><G115/><T113/><D113/><U16/><E3/><V134/><F63/><W10/><G39/><T14/><D34/><U24/><E105/><N who="2" m="39947" /><F130/><W69/><G48/><T127/><D127/><U119/><E119/><V124/><F124/><W58/><G58/><T57/><D81/><U43/><E43/><V5/><F5/><W20/><G79/><T41/><D41/><U22/><E108/><V31/><F31/><N who="3" m="11787" /><G20/><T25/><D97/><AGARI ba="0,0" hai="0,6,10,69,70,94,97,102,109,110,111" m="11787" machi="97" ten="40,2600,0" yaku="14,1,52,1" doraHai="99" who="3" fromWho="0" sc="250,-26,250,0,250,0,250,26" /><INIT seed="1,0,0,5,1,89" ten="224,250,250,276" oya="1" hai0="109,25,95,72,0,129,90,54,119,44,2,24,80" hai1="50,82,3,56,57,126,134,55,88,6,13,20,12" hai2="75,51,111,58,43,22,8,64,91,81,7,61,9" hai3="84,30,39,107,23,41,1,49,85,68,87,106,45"/><U99/><E126/><V117/><F117/><W124/><G1/><T135/><D119/><U110/><E134/><V38/><F111/><W27/><G124/><T92/><D109/><U42/><E110/><V69/><F22/><W100/><G68/><T115/><D115/><U28/><E42/><V96/><F75/><W29/><G39/><T35/><D135/><U10/><E57/><V70/><F81/><W93/><REACH who="3" step="1"/><G30/><REACH who="3" ten="224,250,250,266" step="2"/><T131/><D0/><U132/><E132/><V32/><F38/><W71/><G71/><T121/><D2/><U67/><E67/><V125/><F70/><W116/><G116/><T118/><D118/><U113/><E113/><V47/><F69/><W120/><G120/><T79/><D121/><U130/><E130/><V63/><F125/><W76/><G76/><T105/><D129/><U97/><E3/><V40/><F64/><W108/><G108/><T37/><D131/><U66/><E66/><V19/><F40/><W59/><G59/><T112/><D37/><U26/><REACH who="1" step="1"/><E13/><REACH who="1" ten="224,240,250,266" step="2"/><N who="2" m="7591" /><F58/><W78/><G78/><T16/><D112/><U123/><E123/><V133/><F133/><W34/><G34/><T17/><D35/><U65/><E65/><V94/><F32/><W102/><G102/><T83/><D79/><U18/><E18/><V104/><F43/><W98/><AGARI ba="0,2" hai="23,27,29,41,45,49,84,85,87,93,98,100,106,107" machi="98" ten="30,7900,0" yaku="1,1,0,1,52,1,53,1" doraHai="89" doraHaiUra="46" who="3" fromWho="3" sc="224,-20,240,-39,250,-20,266,99" /><INIT seed="2,0,0,2,5,12" ten="204,201,230,365" oya="2" hai0="43,129,25,8,56,96,95,32,40,87,69,15,106" hai1="64,27,46,128,58,3,44,0,105,45,117,92,133" hai2="112,132,52,54,84,57,72,123,2,107,41,108,76" hai3="62,101,59,38,75,122,90,28,24,53,35,86,85"/><V39/><F2/><W119/><G119/><T81/><D69/><U63/><E117/><V130/><F107/><W21/><G122/><T70/><D70/><U103/><E105/><V11/><F123/><W100/><G75/><T31/><D129/><U26/><E128/><V17/><F72/><W89/><G38/><T49/><D106/><U115/><E115/><V47/><F130/><W127/><G127/><T68/><D68/><U135/><E0/><V80/><F112/><W29/><G29/><T37/><D37/><U10/><E3/><V23/><F132/><N who="1" m="50761" /><E10/><V13/><F108/><W116/><G116/><T111/><D111/><U16/><E16/><V83/><F83/><N who="3" m="49343" /><G35/><T71/><D71/><U5/><E5/><V74/><F74/><W30/><G30/><T79/><D56/><U134/><N who="1" m="50769" /><U7/><DORA hai="102" /><E7/><V88/><F76/><W19/><G28/><T66/><D66/><U6/><E6/><V14/><F57/><W114/><G114/><T126/><D126/><U82/><E82/><AGARI ba="0,0" hai="19,21,24,53,59,62,82,86,90,100,101" m="49343" machi="82" ten="30,2000,0" yaku="8,1,52,1" doraHai="12,102" who="3" fromWho="1" sc="204,0,201,-20,230,0,365,20" /><INIT seed="3,0,0,4,1,10" ten="204,181,230,385" oya="3" hai0="82,60,117,85,23,51,86,4,113,30,100,134,107" hai1="81,46,24,18,90,50,95,53,41,17,125,74,124" hai2="67,88,106,64,11,105,114,9,54,63,5,28,118" hai3="98,27,49,37,123,75,87,89,21,3,26,133,79"/><W91/><G123/><T56/><D117/><U108/><E108/><V33/><F67/><W84/><G37/><T112/><D4/><U116/><E116/><V32/><F54/><W69/><G3/><T52/><D134/><U130/><E130/><V109/><F11/><W68/><G133/><T126/><D126/><N who="1" m="48747" /><E24/><V103/><F114/><W20/><G75/><T36/><D36/><U96/><E53/><V78/><F64/><W16/><G79/><T57/><D107/><U76/><E17/><V94/><F105/><W128/><G128/><T115/><D100/><U72/><E18/><V61/><F106/><W132/><G132/><T6/><D6/><U35/><E35/><V2/><F103/><W92/><G49/><T71/><D71/><U65/><E65/><V29/><F33/><W104/><G104/><T122/><D122/><U39/><E72/><V73/><F32/><W101/><G101/><T129/><D129/><U58/><E58/><V93/><F73/><W102/><G102/><T135/><D135/><U1/><E1/><V119/><F2/><W48/><G48/><T111/><D111/><U97/><E39/><V19/><F118/><W83/><G98/><T15/><D112/><U70/><E97/><V55/><F119/><W80/><G92/><T43/><D113/><U120/><E70/><V14/><F109/><W31/><AGARI ba="0,0" hai="16,20,21,26,27,31,68,69,80,83,84,87,89,91" machi="31" ten="20,7800,0" yaku="0,1,7,1,9,1,54,1" doraHai="10" who="3" fromWho="3" sc="204,-26,181,-26,230,-26,385,78" owari="178,-22.2,155,-34.5,204,0.4,463,56.3" /></mjloggm>