<mjloggm ver="2.3"><GO type="225" lobby="0"/><UN n0="%E3%83%AB%E3%83%9B%E3%83%B3%E3%83%87%E3%82%A3%E3%82%A8" n1="%72%69%6F%75%63%68%61%6E" n2="%E8%81%B7%E6%A5%AD%E3%80%81%E9%A2%A8%32" n3="%4E%55%44%41" dan="17,17,16,17" rate="2170.57,2299.10,2117.19,2188.41" sx="M,M,M,M"/><TAIKYOKU oya="0"/><INIT seed="0,0,0,5,1,79" ten="250,250,250,250" oya="0" hai0="98,107,10,81,106,78,69,99,118,40,5,66,95" hai1="44,26,60,119,102,94,122,53,9,21,45,110,100" hai2="86,111,132,112,11,1,23,117,114,18,115,46,19" hai3="52,22,109,126,63,101,70,3,125,43,30,65,123"/><T64/><D118/><U89/><E110/><V57/><F117/><W105/><G3/><T113/><D113/><U35/><E122/><V75/><F111/><W28/><G109/><T61/><D66/><U33/><E119/><V13/><F75/><W82/><G123/><T77/><D40/><U116/><E116/><V72/><F72/><W129/><G129/><T103/><D99/><U15/><E33/><V74/><F74/><W8/><G8/><T121/><D121/><U124/><E35/><V16/><F132/><W38/><G52/><T130/><D77/><U73/><E124/><N who="3" m="47722" /><G22/><T76/><D78/><U17/><E73/><V128/><F128/><W134/><G82/><T84/><REACH who="0" step="1"/><D130/><REACH who="0" ten="240,250,250,250" step="2"/><U48/><E44/><V127/><F46/><N who="3" m="23927" /><G134/><T67/><D67/><U14/><E60/><V88/><F127/><W120/><G120/><T25/><D25/><U2/><E2/><AGARI ba="0,1" hai="2,5,10,61,64,69,76,81,84,95,98,103,106,107" machi="2" ten="30,5800,0" yaku="1,1,7,1,52,1,53,0" doraHai="79" doraHaiUra="12" who="0" fromWho="1" sc="240,68,250,-58,250,0,250,0" /><INIT seed="0,1,0,4,1,103" ten="308,192,250,250" oya="0" hai0="102,121,48,94,91,36,89,22,55,110,45,93,125" hai1="41,95,39,105,99,28,131,115,86,49,74,35,124" hai2="70,21,90,52,12,113,62,127,15,51,2,135,16" hai3="57,130,42,7,24,63,114,68,64,54,82,56,97"/><T96/><D121/><U73/><E39/><V26/><F2/><W108/><G114/><T13/><D36/><U53/><E115/><V43/><F113/><W87/><G108/><T101/><D125/><U134/><E124/><V133/><F127/><W4/><G42/><T44/><D44/><U8/><E131/><V37/><F37/><W85/><G130/><T34/><D34/><U100/><E134/><N who="2" m="51211" /><F43/><W27/><G97/><T75/><D75/><U123/><E123/><V112/><F112/><W117/><G68/><T72/><D72/><U32/><E41/><V10/><F10/><W132/><G117/><T11/><D22/><U1/><E32/><V111/><F111/><W31/><G132/><T119/><D119/><U104/><E28/><V84/><F62/><N who="3" m="36119" /><G85/><N who="0" m="52399" /><D110/><U98/><E35/><V5/><F5/><AGARI ba="1,0" hai="5,11,13,45,48,55,91,94,96,101,102" m="52399" machi="5" ten="30,1500,0" yaku="8,1" doraHai="103" who="0" fromWho="2" sc="308,18,192,0,250,-18,250,0" /><INIT seed="0,2,0,3,3,60" ten="326,192,232,250" oya="0" hai0="14,81,128,22,104,34,111,97,48,8,99,82,134" hai1="23,87,72,53,35,109,11,107,133,25,45,89,110" hai2="7,1,30,33,84,13,98,68,65,119,39,10,66" hai3="5,115,73,112,3,12,29,28,79,56,51,126,106"/><T0/><D34/><U50/><E133/><V42/><F68/><W114/><G3/><T125/><D134/><U75/><E35/><V92/><F119/><W41/><G106/><T54/><D0/><U76/><E107/><V70/><F70/><W19/><G5/><T15/><D125/><U94/><E11/><V36/><F1/><W100/><G100/><T49/><D128/><U32/><E32/><V121/><F121/><W24/><G126/><T132/><D132/><U117/><E117/><V57/><F36/><W64/><G24/><T18/><D48/><U38/><E38/><V46/><F57/><W40/><G79/><T71/><D71/><U27/><E27/><V80/><F30/><W63/><G73/><T69/><D69/><U47/><E47/><V20/><F20/><W44/><REACH who="3" step="1"/><G41/><REACH who="3" ten="326,192,232,240" step="2"/><T61/><D104/><U91/><E76/><V124/><F124/><W116/><G116/><T122/><D122/><U2/><E2/><V37/><F33/><W86/><G86/><T62/><D111/><N who="1" m="42507" /><E89/><V52/><F39/><W77/><G77/><T113/><D113/><U16/><AGARI ba="2,1" hai="16,23,25,45,50,53,72,75,87,91,94" m="42507" machi="16" ten="30,2000,0" yaku="14,1,54,1" doraHai="60" who="1" fromWho="1" sc="326,-12,192,36,232,-7,240,-7" /><INIT seed="1,0,0,2,0,124" ten="314,228,225,233" oya="1" hai0="19,20,11,111,125,59,49,91,127,52,70,78,60" hai1="27,62,0,33,117,132,79,1,128,122,37,15,74" hai2="34,43,46,126,97,134,2,88,66,107,29,116,105" hai3="85,3,68,75,86,104,102,18,24,67,57,123,41"/><U76/><E128/><V115/><F116/><W103/><G68/><T63/><D111/><U112/><E112/><V94/><F126/><N who="0" m="48138" /><D78/><U23/><E117/><V101/><F2/><W90/><G75/><T39/><D39/><U51/><E122/><V22/><F115/><W12/><G3/><T120/><D120/><U54/><E37/><V38/><F134/><W31/><G41/><T28/><D28/><U73/><E132/><V32/><F66/><W93/><G104/><T72/><D72/><U4/><E62/><V109/><F109/><W113/><G113/><T47/><D11/><N who="1" m="2439" /><E1/><V110/><F110/><W8/><G123/><T130/><D130/><U48/><E73/><V40/><F40/><W92/><G67/><N who="0" m="41319" /><D91/><U114/><E114/><V129/><F129/><W108/><G108/><T106/><D106/><U25/><E74/><V95/><F107/><W64/><G31/><T77/><D77/><N who="1" m="29771" /><E54/><V69/><F69/><W36/><G36/><T84/><D84/><U80/><E80/><V71/><F71/><W10/><G85/><T100/><D100/><U82/><E82/><V17/><F105/><W131/><G131/><T133/><D133/><U44/><E33/><V96/><REACH who="2" step="1"/><F29/><REACH who="2" ten="314,228,215,233" step="2"/><W6/><G93/><T65/><D65/><U16/><E44/><V81/><F81/><W42/><G42/><T26/><D47/><U83/><E83/><V53/><F53/><W119/><G119/><T7/><D7/><U9/><E9/><V99/><F99/><W121/><G121/><T35/><D35/><U13/><E13/><AGARI ba="0,1" hai="13,17,22,32,34,38,43,46,88,94,95,96,97,101" machi="13" ten="30,3900,0" yaku="1,1,7,1,54,1,53,0" doraHai="124" doraHaiUra="61" who="2" fromWho="1" sc="314,0,228,-39,215,49,233,0" /><INIT seed="2,0,0,5,5,113" ten="314,189,264,233" oya="2" hai0="94,107,48,30,127,1,116,45,95,35,83,27,74" hai1="28,42,77,108,75,123,71,31,73,133,88,33,20" hai2="134,38,103,82,34,106,16,72,135,110,84,12,120" hai3="4,23,44,9,8,60,76,50,15,47,26,131,14"/><V58/><F120/><W29/><G131/><T6/><D107/><U91/><E123/><V57/><F34/><W115/><G115/><T21/><D127/><U119/><E71/><V56/><F38/><W40/><G76/><T125/><D125/><U109/><E33/><V69/><F69/><W19/><G47/><T65/><D65/><U11/><E42/><V122/><F122/><W62/><AGARI ba="0,0" hai="4,8,9,14,15,19,23,26,29,40,44,50,60,62" machi="62" ten="30,2000,0" yaku="0,1,8,1" doraHai="113" who="3" fromWho="3" sc="314,-5,189,-5,264,-10,233,20" /><INIT seed="3,0,0,3,4,85" ten="309,184,254,253" oya="3" hai0="75,88,21,47,80,122,11,41,91,27,132,34,97" hai1="73,96,46,99,92,56,53,58,87,130,72,128,76" hai2="8,57,125,43,83,63,3,67,1,29,102,123,110" hai3="30,74,48,0,100,98,23,51,55,62,78,16,127"/><W116/><G116/><T35/><D122/><U32/><E32/><V126/><F110/><W50/><G0/><T113/><D113/><U26/><E26/><V118/><F118/><W24/><G127/><N who="2" m="48649" /><F29/><W10/><G74/><T82/><D11/><U13/><E13/><V18/><F43/><W4/><G78/><T33/><D132/><U103/><E46/><V45/><F45/><W135/><G135/><T109/><D109/><U101/><E53/><V120/><F102/><W59/><G30/><T25/><D25/><U22/><E22/><V124/><F83/><W94/><G4/><T9/><D9/><AGARI ba="0,0" hai="9,10,16,23,24,48,50,51,55,59,62,94,98,100" machi="9" ten="40,3900,0" yaku="8,1,54,1" doraHai="85" who="3" fromWho="0" sc="309,-39,184,0,254,0,253,39" /><INIT seed="3,1,0,3,3,56" ten="270,184,254,292" oya="3" hai0="100,89,132,6,104,1,64,115,101,30,135,48,118" hai1="43,28,134,91,112,128,26,18,67,83,57,66,82" hai2="25,13,121,3,11,53,61,16,125,65,109,59,74" hai3="127,42,49,120,81,21,0,44,22,40,52,73,50"/><W90/><G120/><T71/><D118/><U93/><E128/><V116/><F74/><W62/><G0/><T79/><D79/><U111/><E111/><V80/><F109/><W68/><G127/><T45/><D115/><U38/><E134/><N who="0" m="51241" /><D30/><U9/><E112/><V133/><F116/><W72/><G72/><T114/><D114/><U77/><E43/><N who="3" m="16426" /><G68/><T75/><D75/><U23/><E38/><V12/><F3/><W117/><G73/><T51/><D104/><U88/><E77/><V5/><F125/><W8/><G117/><T103/><D45/><U119/><E119/><V92/><F121/><W63/><G8/><N who="0" m="2127" /><D89/><N who="1" m="34379" /><E93/><V19/><F92/><W84/><G49/><T95/><D95/><U34/><E34/><V131/><F131/><W33/><G33/><T29/><D29/><U41/><E41/><V32/><F32/><W110/><G110/><T105/><D105/><U124/><E124/><V97/><F133/><W4/><G4/><T17/><D17/><U7/><E7/><V15/><F19/><W58/><G44/><T94/><D94/><U70/><E70/><V107/><F107/><W47/><G47/><T126/><D126/><U86/><E86/><V99/><F5/><W60/><AGARI ba="1,0" hai="21,22,50,52,58,60,62,63,81,84,90" m="16426" machi="60" ten="30,12000,1" yaku="8,1,52,3,54,1" doraHai="56" who="3" fromWho="3" sc="270,-41,184,-41,254,-41,292,123" owari="229,2.9,143,-35.7,213,-18.7,415,51.5" /></mjloggm>