<mjloggm ver="2.3"><GO type="225" lobby="0"/><UN n0="%47%48%4F%53%54" n1="%E6%B4%BE%E9%81%A3%E3%81%AE%E3%82%B8%E3%83%A3%E3%83%83%E3%82%AF" n2="%E3%81%9F%E3%81%8C%E3%82%84%E3%81%99" n3="%6D%75%75%6D%75%72%61" dan="17,16,17,16" rate="2209.82,2162.55,2184.03,2180.11" sx="M,M,M,F"/><TAIKYOKU oya="0"/><INIT seed="0,0,0,0,0,65" ten="250,250,250,250" oya="0" hai0="58,1,9,19,46,88,70,29,127,4,45,14,76" hai1="57,129,21,102,100,72,108,81,120,113,135,104,121" hai2="37,3,133,98,32,90,119,85,42,66,54,24,31" hai3="18,23,13,106,122,5,62,39,64,96,59,110,74"/><T117/><D117/><U10/><E108/><V101/><F3/><W97/><G110/><T114/><D127/><U22/><E135/><V87/><F133/><W25/><G39/><T27/><D114/><U52/><E113/><V28/><F119/><W95/><G74/><T78/><D58/><U124/><E124/><V41/><F37/><W47/><G122/><T34/><D70/><U84/><E72/><V99/><F66/><W73/><G73/><T118/><D118/><U80/><E129/><V125/><F125/><W112/><G112/><T38/><D88/><N who="1" m="51207" /><E104/><V91/><F54/><W51/><G106/><T93/><D93/><U92/><E120/><V63/><F63/><W130/><G130/><T107/><D107/><U55/><E121/><V60/><F60/><W82/><G82/><T44/><REACH who="0" step="1"/><D38/><REACH who="0" ten="240,250,250,250" step="2"/><U116/><E116/><V20/><F91/><W67/><G95/><T61/><D61/><U123/><E123/><V75/><F75/><W83/><G67/><T115/><D115/><U109/><E109/><V36/><F36/><W53/><G83/><T33/><D33/><U11/><E81/><N who="2" m="49455" /><F87/><W111/><G111/><T86/><D86/><U132/><E132/><V43/><F101/><N who="1" m="39017" /><E92/><V15/><F99/><W77/><G77/><T56/><D56/><U68/><E68/><V0/><F98/><W126/><G126/><T26/><D26/><U71/><E71/><V128/><F128/><W50/><G51/><T79/><D79/><U105/><E105/><V17/><F0/><W94/><G94/><T12/><D12/><U103/><N who="1" m="39025" /><U16/><DORA hai="2" /><E57/><RYUUKYOKU ba="0,1" sc="240,10,250,-30,250,10,250,10" hai0="1,4,9,14,19,27,29,34,44,45,46,76,78" hai2="15,17,20,24,28,31,32,41,42,43" hai3="5,13,18,23,25,47,50,53,59,62,64,96,97" /><INIT seed="0,1,1,4,1,124" ten="250,220,260,260" oya="0" hai0="91,13,59,41,46,70,4,50,54,65,126,17,11" hai1="95,96,98,6,51,134,125,120,21,103,87,122,64" hai2="129,135,14,25,66,10,38,118,100,44,39,94,37" hai3="27,99,3,112,71,93,102,36,29,83,73,78,106"/><T68/><D126/><U52/><E125/><V0/><F0/><W84/><G112/><T45/><D91/><U131/><E64/><V79/><F79/><W121/><G3/><T9/><D65/><U67/><E67/><V5/><F66/><W2/><G2/><T89/><D89/><U108/><E6/><V47/><F135/><W77/><G36/><T97/><D97/><U119/><E119/><V86/><F118/><W109/><G109/><T22/><D11/><U123/><E108/><V110/><F110/><W76/><G121/><T132/><D132/><U53/><E134/><V58/><F58/><W12/><G12/><T75/><D75/><U116/><E116/><V80/><F25/><W72/><G71/><T24/><REACH who="0" step="1"/><D46/><REACH who="0" ten="240,220,260,260" step="2"/><U117/><E117/><V8/><F8/><W111/><G111/><T55/><D55/><U49/><E98/><V101/><F47/><W19/><G72/><T88/><D88/><U16/><E87/><V20/><F44/><W7/><G73/><T48/><AGARI ba="1,2" hai="4,9,13,17,22,24,41,45,48,50,54,59,68,70" machi="48" ten="20,3900,0" yaku="1,1,0,1,7,1,53,0" doraHai="124" doraHaiUra="61" who="0" fromWho="0" sc="240,62,220,-14,260,-14,260,-14" /><INIT seed="0,2,0,0,2,69" ten="302,206,246,246" oya="0" hai0="90,63,62,127,61,115,131,3,75,107,103,66,42" hai1="102,76,54,104,130,51,29,120,70,106,14,48,108" hai2="74,124,1,31,100,36,80,16,52,79,128,135,72" hai3="43,77,53,68,17,7,11,110,129,95,91,9,32"/><T78/><D115/><U122/><E70/><V41/><F31/><W132/><G110/><T133/><D127/><U5/><E76/><V71/><F71/><W18/><G32/><T30/><D131/><U111/><E130/><V12/><F1/><W2/><G129/><T98/><D133/><U109/><E29/><V81/><F100/><W64/><G132/><T67/><D3/><U83/><E83/><V121/><F128/><W113/><G113/><T45/><D30/><U73/><E73/><V58/><F124/><W20/><G77/><T82/><REACH who="0" step="1"/><D90/><REACH who="0" ten="292,206,246,246" step="2"/><U46/><E51/><AGARI ba="2,1" hai="42,45,51,61,62,63,66,67,75,78,82,98,103,107" machi="51" ten="40,12000,1" yaku="1,1,2,1,53,2" doraHai="69" doraHaiUra="60" who="0" fromWho="1" sc="292,136,206,-126,246,0,246,0" /><INIT seed="0,3,0,3,0,85" ten="428,80,246,246" oya="0" hai0="91,42,124,55,10,121,70,76,41,108,61,3,47" hai1="96,57,109,104,66,14,7,37,93,30,45,133,84" hai2="43,103,82,36,110,62,116,40,113,98,32,79,38" hai3="46,95,53,16,90,92,89,18,69,25,97,115,87"/><T59/><D121/><U118/><E118/><V0/><F32/><W107/><G69/><T35/><D124/><U63/><E109/><V51/><F0/><W119/><G115/><T86/><D108/><U123/><E123/><V52/><F110/><W81/><G119/><T128/><D128/><U94/><E133/><V19/><F116/><W122/><G107/><T22/><D35/><U31/><E104/><V73/><F113/><W60/><G122/><T99/><D70/><U39/><E39/><V33/><F33/><W15/><G25/><T112/><D112/><U5/><E37/><V4/><F4/><W67/><G67/><T23/><D10/><U88/><E45/><V71/><F19/><W127/><G127/><T75/><D75/><U78/><E78/><V101/><F36/><W50/><G60/><T83/><D3/><U54/><E66/><N who="2" m="41431" /><F98/><N who="3" m="57615" /><G15/><T80/><D47/><U29/><REACH who="1" step="1"/><E14/><REACH who="1" ten="428,70,246,246" step="2"/><V126/><F126/><W9/><G9/><T48/><D76/><AGARI ba="3,1" hai="16,18,46,50,53,76,81,87,90,95,97" m="57615" machi="76" ten="30,7700,0" yaku="8,1,52,2,54,1" doraHai="85" who="3" fromWho="0" sc="428,-86,70,0,246,0,246,96" /><INIT seed="1,0,0,4,1,92" ten="342,70,246,342" oya="1" hai0="42,88,60,11,130,95,51,7,1,127,56,70,103" hai1="119,69,89,79,6,107,93,81,46,47,57,128,96" hai2="133,35,55,61,82,39,120,113,44,102,16,31,43" hai3="110,87,25,66,40,19,115,14,126,77,123,34,13"/><U67/><E119/><V101/><F31/><W18/><G123/><T54/><D130/><U72/><E69/><V111/><F35/><W4/><G115/><T12/><D127/><U20/><E128/><V109/><F120/><W41/><G126/><T26/><D103/><U5/><E107/><V36/><F36/><W62/><G110/><N who="2" m="41993" /><F133/><W8/><G34/><T99/><D26/><U108/><E108/><V90/><F16/><W21/><G77/><T76/><D76/><U125/><E125/><V63/><F63/><W3/><G87/><T131/><D131/><U24/><E6/><V106/><F106/><W94/><G94/><T17/><D70/><U53/><E5/><V105/><F105/><W100/><G100/><T10/><REACH who="0" step="1"/><D42/><REACH who="0" ten="332,70,246,342" step="2"/><U74/><E74/><V121/><F121/><W122/><G122/><T80/><D80/><U0/><E0/><V48/><F101/><W68/><REACH who="3" step="1"/><G3/><REACH who="3" ten="332,70,246,332" step="2"/><T27/><D27/><U97/><E97/><V124/><F102/><W22/><AGARI ba="0,2" hai="4,8,13,14,18,19,21,22,25,40,41,62,66,68" machi="22" ten="20,12000,2" yaku="1,1,2,1,0,1,7,1,53,2" doraHai="92" doraHaiUra="37" who="3" fromWho="3" sc="332,-30,70,-60,246,-30,332,140" /><INIT seed="2,0,0,5,2,131" ten="302,10,216,472" oya="2" hai0="124,67,53,133,118,47,21,44,13,30,57,69,129" hai1="55,36,103,74,51,1,92,122,0,112,45,59,52" hai2="106,90,119,126,5,76,111,22,83,28,35,61,33" hai3="94,66,121,10,41,31,46,96,104,109,115,62,34"/><V108/><F106/><W43/><G121/><T91/><D129/><U80/><E112/><V60/><F119/><W29/><G115/><T113/><D118/><U27/><E122/><V50/><F50/><W128/><G104/><T72/><D113/><U78/><E27/><N who="2" m="16503" /><F5/><W2/><G34/><N who="2" m="12809" /><F90/><W125/><G66/><T17/><D67/><U84/><E36/><V98/><F98/><W75/><G62/><T8/><D91/><U88/><REACH who="1" step="1"/><E103/><REACH who="1" ten="302,0,216,472" step="2"/><V89/><F126/><W79/><G125/><T48/><D124/><U105/><E105/><V116/><F116/><W7/><G128/><T54/><D47/><U19/><E19/><V85/><F89/><W100/><G46/><T132/><D44/><U15/><E15/><V82/><F82/><W93/><G100/><T9/><D13/><U101/><E101/><V24/><F24/><W68/><G29/><T134/><D30/><U38/><E38/><V25/><F25/><W39/><G31/><T20/><D17/><U70/><E70/><V58/><F58/><W97/><G39/><T110/><D69/><U32/><E32/><V11/><F11/><W4/><G68/><T40/><D8/><U16/><E16/><V73/><F73/><W120/><G120/><T65/><D9/><U42/><E42/><N who="3" m="15882" /><G10/><T23/><D40/><U63/><AGARI ba="0,1" hai="0,1,45,51,52,55,59,63,74,78,80,84,88,92" machi="63" ten="20,12000,2" yaku="1,1,0,1,7,1,54,2,53,2" doraHai="131" doraHaiUra="49" who="1" fromWho="1" sc="302,-30,0,130,216,-60,472,-30" /><INIT seed="3,0,0,2,3,109" ten="272,130,156,442" oya="3" hai0="30,122,33,13,23,112,88,120,51,57,80,3,97" hai1="48,99,29,26,128,42,32,67,59,72,102,45,126" hai2="71,113,78,91,105,118,18,79,10,121,16,70,34" hai3="5,28,24,108,56,93,61,127,124,9,47,60,21"/><W134/><G108/><T107/><D3/><U50/><E126/><V38/><F38/><W65/><G134/><T135/><D135/><U43/><E128/><V101/><F34/><W82/><G47/><T130/><D130/><U103/><E72/><V39/><F39/><W66/><G82/><T12/><D33/><U111/><E111/><V114/><F118/><W52/><G93/><T89/><D51/><U85/><E85/><V132/><F132/><W131/><G131/><T76/><D57/><U86/><E86/><V64/><F91/><W116/><G116/><T115/><D23/><U106/><E102/><V37/><F37/><W8/><G8/><T94/><D30/><U133/><E133/><V27/><F121/><N who="0" m="46698" /><D12/><U46/><E59/><V44/><F44/><W74/><G61/><T11/><D13/><U19/><REACH who="1" step="1"/><E19/><REACH who="1" ten="272,120,156,442" step="2"/><V77/><F16/><W95/><G127/><T83/><D107/><U100/><E100/><V110/><F110/><W35/><G124/><T87/><D11/><U54/><E54/><V98/><F10/><W6/><G9/><T7/><D7/><U117/><E117/><V92/><F105/><W41/><G6/><T69/><D69/><N who="2" m="26122" /><F64/><AGARI ba="0,1" hai="26,29,32,42,43,45,46,48,50,64,67,99,103,106" machi="64" ten="40,2600,0" yaku="1,1,9,1,53,0" doraHai="109" doraHaiUra="90" who="1" fromWho="2" sc="272,0,120,36,156,-26,442,0" owari="272,7.2,156,-24.4,130,-37.0,442,54.2" /></mjloggm>