<mjloggm ver="2.3"><GO type="225" lobby="0"/><UN n0="%43%68%65" n1="%48%61%61%61%6C%61%6E%64" n2="%6D%75%75%6D%75%72%61" n3="%41%54%53%4D" dan="16,17,17,16" rate="2131.26,2166.92,2175.39,2102.29" sx="M,M,F,M"/><TAIKYOKU oya="0"/><INIT seed="0,0,0,2,1,13" ten="250,250,250,250" oya="0" hai0="76,126,80,4,85,24,64,5,78,77,44,35,23" hai1="105,49,43,6,83,12,120,123,87,98,61,48,40" hai2="132,21,75,33,41,69,54,127,60,47,3,110,134" hai3="30,95,38,20,104,115,117,93,28,88,9,66,10"/><T36/><D35/><U121/><E61/><V81/><F33/><W99/><G38/><T101/><D126/><U72/><E72/><V133/><F3/><W7/><G104/><T34/><D34/><U96/><E6/><V102/><F102/><W16/><G117/><T56/><D101/><U74/><E74/><V22/><F127/><W39/><G39/><T32/><D32/><U106/><E12/><V86/><F75/><W79/><G79/><N who="0" m="30283" /><D44/><U116/><E87/><V14/><F110/><W53/><G66/><T124/><D36/><U71/><E83/><V18/><F41/><N who="1" m="15945" /><E71/><V17/><F47/><W107/><G107/><N who="1" m="40970" /><E116/><V68/><F54/><W25/><G115/><T63/><D124/><U128/><E128/><V1/><F1/><W8/><G7/><T46/><D46/><U130/><E130/><V2/><F2/><W103/><G53/><T112/><D112/><U29/><E29/><AGARI ba="0,0" hai="4,5,23,24,29,56,63,64,78,80,85" m="30283" machi="29" ten="30,1500,0" yaku="8,1" doraHai="13" who="0" fromWho="1" sc="250,15,250,-15,250,0,250,0" /><INIT seed="0,1,0,5,0,25" ten="265,235,250,250" oya="0" hai0="58,13,107,43,127,119,134,66,73,128,12,70,50" hai1="129,4,69,115,93,110,26,5,51,47,36,14,54" hai2="59,113,46,7,96,81,45,77,75,37,97,84,19" hai3="55,121,125,62,68,76,40,31,114,90,23,30,106"/><T92/><D107/><U10/><E110/><V38/><F113/><W130/><G106/><T83/><D119/><U32/><E115/><V63/><F7/><W120/><G76/><T61/><D127/><U2/><E69/><V101/><F75/><W11/><G114/><T42/><D128/><U87/><E129/><V48/><F19/><W111/><G111/><T60/><D134/><U105/><E105/><V52/><F46/><W8/><G40/><T126/><D126/><U22/><E36/><V64/><REACH who="2" step="1"/><F96/><REACH who="2" ten="265,235,240,250" step="2"/><W35/><G130/><T67/><D43/><U91/><E32/><V131/><F131/><W71/><G125/><T109/><D109/><U89/><E4/><V94/><AGARI ba="1,1" hai="37,38,45,48,52,59,63,64,77,81,84,94,97,101" machi="94" ten="20,8000,1" yaku="1,1,0,1,7,1,54,1,53,1" doraHai="25" doraHaiUra="98" who="2" fromWho="2" sc="265,-41,235,-21,240,93,250,-21" /><INIT seed="1,0,0,4,0,11" ten="224,214,333,229" oya="1" hai0="88,78,23,89,59,75,134,64,105,116,5,28,2" hai1="129,19,20,103,42,101,7,121,40,81,97,87,73" hai2="63,29,50,119,39,96,94,21,112,47,44,48,127" hai3="83,34,57,95,122,8,68,24,117,90,60,135,61"/><U27/><E121/><V108/><F119/><W114/><G122/><T79/><D116/><U49/><E129/><V41/><F108/><W46/><G117/><T32/><D32/><U77/><E7/><V91/><F127/><W125/><G114/><T37/><D37/><U130/><E130/><V113/><F63/><W99/><G125/><T53/><D64/><U133/><E133/><V69/><F69/><W74/><G135/><T109/><D105/><U76/><E103/><V66/><F66/><W55/><G46/><T82/><D79/><U10/><E10/><V128/><F128/><W30/><G8/><T92/><D109/><U93/><E76/><V120/><F120/><W70/><G74/><T35/><D35/><U36/><E36/><V18/><F29/><W86/><REACH who="3" step="1"/><G61/><REACH who="3" ten="224,214,333,219" step="2"/><T15/><D134/><U16/><E73/><V45/><F45/><W123/><G123/><T124/><D75/><U126/><E126/><V58/><F44/><W13/><G13/><T54/><D15/><N who="1" m="9247" /><E49/><V56/><F48/><W3/><G3/><T0/><D0/><U26/><E26/><N who="2" m="14647" /><F50/><W110/><G110/><T132/><D124/><U85/><E85/><V104/><F113/><W98/><G98/><T33/><D2/><U1/><E1/><V14/><F112/><W22/><G22/><AGARI ba="0,1" hai="19,22,27,40,42,77,81,87,93,97,101" m="9247" machi="22" ten="30,5800,0" yaku="8,1,52,1,54,1" doraHai="11" who="1" fromWho="3" sc="224,0,214,68,333,0,219,-58" /><INIT seed="1,1,0,0,3,98" ten="224,282,333,161" oya="1" hai0="48,63,29,121,90,7,9,35,32,19,33,40,62" hai1="64,91,129,39,70,22,59,79,93,134,30,41,50" hai2="108,125,67,100,102,126,65,11,80,120,83,115,20" hai3="51,52,56,45,3,85,49,68,82,87,101,78,16"/><U23/><E129/><V130/><F120/><W31/><G3/><T15/><D121/><U36/><E134/><V69/><F130/><W132/><G68/><T66/><D63/><U116/><E116/><V18/><F108/><W76/><G132/><T10/><D90/><U57/><E79/><N who="3" m="30250" /><G31/><T89/><D89/><U42/><E70/><V44/><F11/><W122/><G122/><T71/><D40/><N who="1" m="15467" /><E39/><V72/><F44/><W55/><G82/><N who="2" m="31273" /><F72/><W118/><G118/><T107/><D48/><U109/><E109/><V14/><F115/><W1/><G1/><T47/><D47/><U54/><E36/><V131/><F131/><W88/><G88/><T61/><D107/><U110/><E110/><V128/><F128/><W135/><G135/><T99/><D35/><U21/><E30/><V111/><F69/><W106/><G106/><T105/><D33/><U114/><E114/><V97/><F111/><W77/><N who="3" m="30258" /><W34/><DORA hai="60" /><G34/><T12/><D29/><U6/><E93/><V17/><F17/><W25/><G101/><N who="2" m="39017" /><F97/><W103/><G103/><T43/><D99/><U84/><E22/><AGARI ba="1,0" hai="16,22,25,45,49,51,52,55,56,85,87" m="30258" machi="22" ten="30,3900,0" yaku="8,1,54,2" doraHai="98,60" who="3" fromWho="1" sc="224,0,282,-42,333,0,161,42" /><INIT seed="2,0,0,2,3,6" ten="224,240,333,203" oya="2" hai0="72,49,120,58,65,97,8,40,69,24,67,84,2" hai1="88,127,111,123,108,114,26,27,81,14,100,25,41" hai2="38,99,62,79,112,61,87,93,129,70,115,52,59" hai3="126,22,21,106,77,80,134,95,57,64,53,7,132"/><V45/><F129/><W124/><G106/><T104/><D72/><U43/><E114/><V56/><F70/><W63/><G95/><T117/><D120/><U102/><E123/><V85/><F38/><W34/><G34/><T17/><D69/><U31/><E31/><V48/><F79/><W130/><G7/><T20/><D117/><U68/><E68/><V109/><F109/><N who="1" m="42057" /><E127/><N who="3" m="48682" /><G64/><T47/><D84/><N who="2" m="32330" /><F115/><W116/><G116/><T91/><D58/><N who="2" m="22058" /><F112/><W23/><G130/><T113/><D113/><U90/><E81/><V30/><F30/><W76/><G80/><T51/><D51/><U37/><E37/><V3/><F3/><W42/><G42/><N who="1" m="15882" /><E14/><V78/><F78/><W110/><G110/><T96/><D2/><U133/><E133/><AGARI ba="0,0" hai="21,22,23,53,57,63,76,77,132,133,134" m="48682" machi="133" ten="40,2600,0" yaku="20,1,18,1" doraHai="6" who="3" fromWho="1" sc="224,0,240,-26,333,0,203,26" /><INIT seed="3,0,0,1,1,3" ten="224,214,333,229" oya="3" hai0="19,56,33,88,126,127,62,76,98,61,53,101,5" hai1="131,132,75,4,83,43,14,13,102,125,6,122,24" hai2="119,37,59,63,113,34,129,16,22,89,92,115,58" hai3="42,121,73,95,133,55,60,52,21,10,51,103,26"/><W11/><G73/><T67/><D33/><U93/><E122/><V23/><F34/><W134/><G121/><T109/><D109/><U123/><E123/><V68/><F68/><W87/><G42/><T50/><D5/><N who="1" m="2155" /><E75/><V31/><F119/><W124/><G124/><N who="0" m="47659" /><D76/><U35/><E35/><V90/><F129/><W116/><G116/><T84/><D19/><U65/><E125/><V120/><F37/><W12/><G60/><N who="0" m="23147" /><D67/><U118/><E118/><V94/><F63/><W17/><G10/><T8/><D8/><U64/><E131/><V29/><F120/><W44/><G55/><T32/><D32/><U135/><E43/><V100/><F16/><W40/><G40/><T111/><D111/><U45/><E24/><V86/><F100/><W66/><G66/><N who="1" m="25706" /><E45/><V77/><F77/><W85/><G133/><N who="1" m="51274" /><E83/><V117/><F117/><W30/><REACH who="3" step="1"/><G134/><REACH who="3" ten="224,214,333,219" step="2"/><T38/><D38/><U130/><E130/><V96/><F113/><W112/><G112/><T74/><D74/><U79/><E79/><V128/><F115/><W49/><G49/><T39/><D39/><U69/><E69/><V99/><F128/><W20/><G20/><T108/><D108/><U81/><E81/><V78/><F78/><W1/><G1/><T25/><D50/><U97/><AGARI ba="0,1" hai="13,14,93,97,102" m="51274,25706,2155" machi="97" ten="40,8000,1" yaku="20,1,52,3" doraHai="3" who="1" fromWho="1" sc="224,-20,214,90,333,-20,219,-40" owari="204,-19.6,304,10.4,313,41.3,179,-32.1" /></mjloggm>