<mjloggm ver="2.3"><GO type="225" lobby="0"/><UN n0="%4C%4F%4C%49%54%41" n1="%72%69%6F%75%63%68%61%6E" n2="%E3%82%BC%E3%83%AB%E3%83%80%E3%81%AE%E4%BC%9D%E8%AA%AC" n3="%E3%81%82%E3%81%B9%E3%81%99%E3%81%91" dan="16,16,16,16" rate="2137.62,2120.39,2197.46,2097.78" sx="F,M,M,M"/><TAIKYOKU oya="0"/><INIT seed="0,0,0,1,4,11" ten="250,250,250,250" oya="0" hai0="79,102,27,13,88,133,76,36,91,53,120,50,123" hai1="22,19,59,29,46,14,111,25,31,33,65,4,77" hai2="127,81,16,0,10,72,5,105,129,20,117,98,42" hai3="95,134,28,70,122,82,107,116,2,110,101,99,86"/><T35/><D36/><U103/><E111/><V47/><F127/><W84/><G70/><T56/><D133/><U34/><E77/><V38/><F129/><W115/><G2/><T44/><D102/><U43/><E103/><V106/><F117/><W51/><G28/><T130/><D130/><U49/><E4/><V67/><F67/><W97/><G51/><T9/><D123/><U121/><E121/><V132/><F98/><N who="3" m="61879" /><G122/><T1/><D1/><U26/><E59/><V39/><F39/><W52/><G52/><N who="0" m="29767" /><D35/><U30/><REACH who="1" step="1"/><E31/><REACH who="1" ten="250,240,250,250" step="2"/><V21/><F132/><W109/><G134/><T32/><D120/><U24/><E24/><V78/><REACH who="2" step="1"/><F21/><REACH who="2" ten="250,240,240,250" step="2"/><W126/><G110/><T93/><D32/><U94/><E94/><V66/><F66/><AGARI ba="0,2" hai="14,19,22,25,26,29,30,33,34,43,46,49,65,66" machi="66" ten="40,8000,1" yaku="1,1,9,1,52,1,53,1" doraHai="11" doraHaiUra="17" who="1" fromWho="2" sc="250,0,240,100,240,-80,250,0" /><INIT seed="1,0,0,5,1,28" ten="250,340,160,250" oya="1" hai0="49,101,27,119,30,124,6,76,75,99,1,89,97" hai1="82,106,102,117,43,81,2,96,128,77,110,25,18" hai2="78,5,98,88,54,8,22,56,69,95,55,52,70" hai3="94,50,40,79,105,125,113,63,80,42,32,37,121"/><U31/><E128/><V12/><F78/><W46/><G121/><T15/><D119/><U84/><E117/><V109/><F109/><W103/><G113/><T16/><D124/><U68/><E110/><V64/><REACH who="2" step="1"/><F22/><REACH who="2" ten="250,340,150,250" step="2"/><W44/><G125/><T9/><D76/><U71/><E77/><V45/><F45/><W17/><G46/><T66/><D75/><U131/><E131/><V51/><F51/><W87/><G50/><T127/><D127/><U123/><E123/><V92/><F92/><W85/><G94/><T115/><D49/><U122/><E82/><V48/><F48/><W11/><G80/><T116/><D116/><U107/><E81/><V3/><F3/><W26/><G44/><T14/><D1/><U41/><E2/><V135/><F135/><W57/><G79/><T100/><D115/><U36/><E107/><V60/><AGARI ba="0,1" hai="5,8,12,52,54,55,56,60,64,69,70,88,95,98" machi="60" ten="30,7900,0" yaku="1,1,0,1,54,2,53,0" doraHai="28" doraHaiUra="134" who="2" fromWho="2" sc="250,-20,340,-39,150,89,250,-20" /><INIT seed="2,0,0,3,1,134" ten="230,301,239,230" oya="2" hai0="129,12,58,73,43,98,101,7,111,11,27,105,28" hai1="26,124,122,93,21,24,38,29,64,112,85,130,35" hai2="135,125,133,75,8,82,128,96,1,118,131,104,81" hai3="54,80,57,56,37,97,52,53,5,123,70,0,113"/><V78/><F1/><W4/><G123/><T9/><D73/><U68/><E124/><V62/><F8/><W102/><G70/><T60/><D111/><U94/><E112/><V51/><F51/><W107/><G37/><T67/><D9/><U106/><E38/><V42/><F42/><W126/><G126/><T39/><D129/><N who="2" m="49738" /><F62/><W20/><G113/><T109/><D109/><U19/><E130/><V87/><F125/><W83/><G20/><T69/><D39/><U30/><E122/><V59/><F59/><W91/><G91/><T103/><D103/><U15/><E106/><V120/><F118/><W76/><G83/><T22/><REACH who="0" step="1"/><D43/><REACH who="0" ten="220,301,239,230" step="2"/><U47/><E47/><V49/><F120/><W17/><G0/><T33/><D33/><U127/><E127/><V79/><F49/><W117/><G117/><T121/><D121/><U66/><E35/><V40/><F40/><W84/><REACH who="3" step="1"/><G17/><REACH who="3" ten="220,301,239,220" step="2"/><T74/><D74/><U114/><E19/><V46/><F46/><W2/><G2/><T88/><D88/><U48/><E114/><V77/><F79/><W89/><G89/><T65/><D65/><U10/><E64/><V14/><F135/><W41/><G41/><T100/><D100/><U25/><E66/><V71/><F133/><W44/><G44/><T61/><D61/><U119/><E119/><V34/><F34/><W13/><G13/><T55/><D55/><U108/><E15/><V18/><F14/><W92/><G92/><T116/><D116/><U16/><E94/><V3/><F3/><W31/><G31/><N who="1" m="11786" /><E93/><V110/><F110/><W99/><G99/><RYUUKYOKU ba="0,2" sc="220,15,301,-15,239,-15,220,15" hai0="7,11,12,22,27,28,58,60,67,69,98,101,105" hai3="4,5,52,53,54,56,57,76,80,84,97,102,107" /><INIT seed="3,1,2,1,3,71" ten="235,286,224,235" oya="3" hai0="112,51,36,43,53,10,11,31,95,105,131,3,93" hai1="92,39,126,38,78,135,23,33,20,63,5,97,111" hai2="40,37,70,8,128,94,22,118,59,1,55,108,98" hai3="64,119,123,106,69,121,110,2,34,6,54,124,29"/><W61/><G119/><T99/><D131/><U77/><E33/><V82/><F118/><W109/><G124/><T75/><D75/><U129/><E126/><V0/><F128/><W85/><G106/><T46/><D112/><U9/><E129/><V58/><F70/><W125/><G125/><T24/><D105/><U113/><E113/><V28/><F108/><N who="3" m="41579" /><G54/><T104/><D104/><U116/><E116/><V89/><F82/><W49/><G49/><T17/><D17/><U16/><E111/><V134/><F134/><W115/><G115/><T65/><D65/><U26/><E135/><V45/><F8/><N who="3" m="2135" /><G85/><T73/><D73/><U100/><E63/><V114/><F114/><W52/><G52/><T72/><D72/><U30/><E38/><V132/><F132/><W35/><G29/><T87/><D87/><U107/><E39/><V57/><REACH who="2" step="1"/><F55/><REACH who="2" ten="235,286,214,235" step="2"/><W83/><G83/><T91/><D53/><U133/><E133/><V120/><F120/><AGARI ba="1,3" hai="34,35,61,64,69,120,121,123" m="2135,41579" machi="120" ten="30,5800,0" yaku="14,1,10,1,23,1" doraHai="71" who="3" fromWho="2" sc="235,0,286,0,214,-61,235,91" owari="235,-16.5,286,8.6,153,-34.7,326,42.6" /></mjloggm>