<mjloggm ver="2.3"><GO type="225" lobby="0"/><UN n0="%E3%81%AF%E3%82%88%E3%81%8A%E3%81%98%E3%81%95%E3%82%93" n1="%E3%81%BF%E3%81%BF%E3%81%9A" n2="%E3%82%B2%E3%82%B9%E8%8C%82%E5%8B%9D" n3="%E3%83%97%E3%83%92" dan="17,16,16,16" rate="2230.47,2168.78,2063.32,2168.85" sx="M,M,F,M"/><TAIKYOKU oya="0"/><INIT seed="0,0,0,0,5,55" ten="250,250,250,250" oya="0" hai0="85,66,17,131,24,19,7,134,51,5,12,15,35" hai1="76,36,107,39,115,95,28,65,67,83,14,69,109" hai2="91,120,45,61,34,50,112,38,128,29,80,96,90" hai3="21,8,52,59,54,97,132,73,57,2,123,110,25"/><T98/><D66/><U88/><E107/><V23/><F112/><W125/><G73/><T124/><D98/><U89/><E28/><V68/><F128/><W129/><G129/><T82/><D131/><U33/><E33/><V27/><F120/><W86/><G123/><T102/><D102/><U44/><E115/><V0/><F38/><W71/><G71/><T130/><D130/><U58/><E69/><V108/><F108/><W127/><G110/><T13/><D124/><N who="3" m="47689" /><G132/><T135/><D51/><U41/><E109/><V18/><F0/><W105/><G86/><T101/><D101/><U84/><E39/><V4/><F4/><N who="0" m="1610" /><D85/><U3/><E3/><V92/><F80/><W94/><G2/><T10/><D82/><U75/><E89/><V42/><F90/><N who="3" m="55511" /><G8/><T104/><D104/><U62/><REACH who="1" step="1"/><E14/><REACH who="1" ten="250,240,250,250" step="2"/><N who="0" m="5737" /><D35/><U30/><E30/><V72/><F34/><W9/><G105/><T100/><D100/><U6/><E6/><V133/><F91/><W64/><G9/><T22/><AGARI ba="0,1" hai="10,15,17,19,22,24,134,135" m="5737,1610" machi="22" ten="30,3000,0" yaku="34,2" doraHai="55" who="0" fromWho="0" sc="250,40,240,-10,250,-10,250,-10" /><INIT seed="0,1,0,0,3,118" ten="290,230,240,240" oya="0" hai0="12,24,85,26,98,90,126,131,77,50,87,62,28" hai1="134,4,91,9,37,52,92,65,78,43,31,13,5" hai2="54,75,30,132,25,81,130,22,53,122,117,95,33" hai3="34,57,113,27,88,3,29,84,105,107,73,83,128"/><T109/><D126/><U2/><E134/><V47/><F117/><W18/><G113/><T20/><D131/><U129/><E129/><V64/><F130/><W51/><G128/><T99/><D109/><U69/><E78/><V0/><F0/><W71/><G71/><T80/><D62/><U125/><E125/><V17/><F132/><W55/><G3/><T135/><D135/><U10/><E31/><V97/><F64/><W111/><G111/><T6/><D24/><U41/><E37/><V70/><F70/><W42/><G73/><T40/><D87/><U7/><E7/><V72/><F122/><W36/><G36/><T23/><D90/><U96/><REACH who="1" step="1"/><E52/><REACH who="1" ten="290,220,240,240" step="2"/><V46/><F54/><W32/><G42/><T16/><D6/><U93/><E93/><V114/><F114/><W45/><G32/><T48/><D48/><U94/><E94/><V44/><F53/><W124/><G124/><T115/><D115/><U21/><E21/><V56/><F33/><W133/><G133/><T89/><D77/><U15/><E15/><V35/><F35/><W120/><G45/><AGARI ba="1,1" hai="12,16,20,23,26,28,40,45,50,80,85,89,98,99" machi="45" ten="40,3900,0" yaku="8,1,54,1" doraHai="118" who="0" fromWho="3" sc="290,52,220,0,240,0,240,-42" /><INIT seed="0,2,0,1,1,43" ten="342,220,240,198" oya="0" hai0="22,40,21,29,133,78,5,95,101,121,76,100,106" hai1="81,118,25,15,53,32,51,19,26,8,89,86,99" hai2="117,47,134,131,58,3,69,11,30,54,104,130,113" hai3="12,85,57,63,61,124,71,132,97,52,9,84,50"/><T88/><D121/><U2/><E118/><V46/><F113/><W56/><G124/><T23/><D106/><U64/><E32/><V111/><F104/><W14/><G132/><T125/><D133/><U10/><E64/><V27/><F134/><W77/><G71/><T0/><D125/><U120/><E120/><V37/><F69/><W41/><G77/><N who="0" m="29803" /><D0/><U45/><E99/><V48/><F117/><W135/><G135/><T62/><D5/><AGARI ba="2,0" hai="2,5,8,10,15,19,25,26,45,51,53,81,86,89" machi="5" ten="40,5200,0" yaku="25,2,52,1" doraHai="43" who="1" fromWho="0" sc="342,-58,220,58,240,0,198,0" /><INIT seed="1,0,0,1,0,10" ten="284,278,240,198" oya="1" hai0="131,21,89,51,79,88,32,112,1,109,103,94,46" hai1="15,96,38,130,36,106,111,127,73,59,11,114,118" hai2="35,77,123,82,19,93,61,23,101,115,9,134,98" hai3="56,34,108,44,16,29,87,75,110,47,54,76,133"/><U91/><E114/><V17/><F123/><W66/><G75/><T49/><D32/><U27/><E118/><V99/><F134/><W69/><G133/><T24/><D112/><U85/><E73/><V119/><F119/><W102/><G102/><T95/><D1/><U42/><E127/><V104/><F35/><W6/><G6/><T124/><D124/><U83/><E130/><V107/><F115/><W80/><G66/><T122/><D131/><U120/><E120/><V65/><F9/><W12/><G69/><T62/><D122/><U90/><E42/><V126/><F126/><W52/><G29/><T33/><D33/><U4/><E111/><N who="3" m="42538" /><G54/><T67/><D79/><U135/><E135/><V41/><F41/><W14/><G34/><T70/><D103/><U117/><E117/><V40/><F40/><W68/><G68/><T64/><D67/><U39/><E27/><V48/><F48/><N who="3" m="30727" /><G14/><T129/><D129/><U92/><REACH who="1" step="1"/><E59/><REACH who="1" ten="284,268,240,198" step="2"/><V53/><F104/><AGARI ba="0,1" hai="4,11,15,36,38,39,83,85,90,91,92,96,104,106" machi="104" ten="40,7700,0" yaku="1,1,2,1,52,1,53,0" doraHai="10" doraHaiUra="55" who="1" fromWho="2" sc="284,0,268,87,240,-77,198,0" /><INIT seed="1,1,0,5,3,109" ten="284,355,163,198" oya="1" hai0="66,47,1,26,122,20,45,104,56,97,78,84,60" hai1="85,115,69,3,42,80,93,89,114,108,62,135,70" hai2="17,87,79,75,32,6,9,105,51,38,53,123,24" hai3="67,116,95,132,111,113,90,52,64,59,127,55,63"/><U81/><E3/><V130/><F123/><W23/><G111/><T72/><D1/><U106/><E108/><V33/><F38/><W8/><G132/><T16/><D72/><U22/><E106/><V30/><F105/><W15/><G127/><T46/><D122/><U11/><E135/><V13/><F130/><W28/><G116/><T4/><D4/><U101/><E11/><V14/><F75/><W41/><G41/><T31/><D104/><U61/><E42/><V0/><F33/><W29/><G113/><T37/><D37/><U96/><E81/><V7/><F13/><W58/><G64/><T49/><D97/><U100/><E100/><V125/><F125/><W25/><G28/><T68/><D68/><U102/><E102/><V92/><F0/><W21/><G21/><T10/><D84/><U94/><E80/><V129/><F129/><W134/><G58/><T131/><D78/><U133/><E133/><V18/><F6/><W110/><G134/><T107/><D107/><U12/><E70/><V119/><F119/><W82/><G82/><T2/><D131/><U27/><E12/><V19/><F79/><W91/><G110/><T57/><D2/><U5/><E5/><V35/><F35/><W83/><G83/><T50/><D57/><U121/><E121/><V54/><REACH who="2" step="1"/><F51/><REACH who="2" ten="284,355,153,198" step="2"/><W74/><G74/><T86/><D50/><U103/><E27/><V99/><F99/><N who="3" m="57847" /><G91/><AGARI ba="1,1" hai="7,9,14,17,18,19,24,30,32,53,54,87,91,92" machi="91" ten="40,5200,0" yaku="1,1,53,2" doraHai="109" doraHaiUra="48" who="2" fromWho="3" sc="284,0,355,0,153,65,198,-55" /><INIT seed="2,0,0,0,0,29" ten="284,355,218,143" oya="2" hai0="88,35,80,44,85,53,18,58,41,10,77,0,27" hai1="39,4,43,51,89,73,32,7,114,132,66,134,24" hai2="90,106,25,122,123,113,45,17,46,72,19,135,13" hai3="36,121,6,28,3,1,87,59,30,63,91,125,64"/><V34/><F113/><W60/><G121/><T119/><D119/><U49/><E114/><V130/><F72/><W126/><G36/><T14/><D0/><U99/><E73/><V23/><F106/><W118/><G118/><T93/><D27/><U92/><E66/><V16/><F130/><W70/><G28/><T20/><D35/><U96/><E39/><V108/><F90/><W82/><G30/><T98/><D41/><U76/><E76/><V52/><F34/><W40/><G40/><T124/><D124/><U97/><E24/><V5/><F135/><N who="1" m="51753" /><E32/><V54/><F108/><W120/><G120/><T115/><D115/><U71/><E71/><V42/><F122/><W95/><G6/><N who="1" m="2090" /><E43/><V57/><F123/><W2/><REACH who="3" step="1"/><G82/><REACH who="3" ten="284,355,218,133" step="2"/><T21/><REACH who="0" step="1"/><D44/><REACH who="0" ten="274,355,218,133" step="2"/><U94/><E97/><V78/><F42/><W62/><G62/><AGARI ba="0,2" hai="10,14,18,20,21,53,58,62,77,80,85,88,93,98" machi="62" ten="30,12000,2" yaku="1,1,2,1,7,1,8,1,54,1,53,1" doraHai="29" doraHaiUra="81" who="0" fromWho="3" sc="274,140,355,0,218,0,133,-120" /><INIT seed="3,0,0,2,1,43" ten="414,355,218,13" oya="3" hai0="110,0,75,129,61,41,108,69,13,70,52,59,20" hai1="109,135,38,82,126,33,54,48,131,83,7,94,21" hai2="56,105,67,5,77,74,107,84,8,80,47,19,50" hai3="66,11,71,6,64,123,22,104,14,91,65,58,63"/><W68/><G123/><T30/><D0/><U15/><E33/><V100/><F19/><W3/><G104/><T51/><D75/><U35/><E35/><V89/><F100/><W62/><G58/><T34/><D34/><U117/><E38/><V73/><F73/><W102/><G102/><T32/><D32/><U17/><E109/><N who="0" m="42089" /><D129/><U4/><E135/><V99/><F99/><W130/><G130/><T95/><D95/><U101/><E126/><V128/><F128/><W92/><G64/><T118/><D118/><U29/><E29/><V132/><F132/><W12/><REACH who="3" step="1"/><G22/><REACH who="3" ten="414,355,218,3" step="2"/><T120/><D120/><U124/><E131/><V113/><F56/><W28/><G28/><T93/><D30/><U53/><E117/><V39/><F67/><W96/><AGARI ba="0,1" hai="3,6,11,12,14,62,63,65,66,68,71,91,92,96" machi="96" ten="20,7800,0" yaku="1,1,0,1,7,1,9,1,53,0" doraHai="43" doraHaiUra="114" who="3" fromWho="3" sc="414,-26,355,-26,218,-26,3,88" /><INIT seed="3,1,0,3,1,124" ten="388,329,192,91" oya="3" hai0="44,73,59,95,1,92,52,85,90,67,6,79,74" hai1="0,72,53,106,96,11,118,31,81,77,8,51,27" hai2="48,88,60,25,9,97,70,14,132,17,40,30,47" hai3="75,127,99,3,115,133,135,33,100,4,80,54,104"/><W10/><G127/><T28/><D28/><U130/><E118/><V119/><F132/><W71/><G115/><T82/><D74/><U5/><E11/><V108/><F108/><W114/><G114/><T15/><D1/><U109/><E109/><V87/><F119/><W76/><G54/><T20/><D73/><U13/><E13/><V69/><F97/><W116/><G116/><T19/><D6/><U101/><E51/><V37/><F60/><W111/><G111/><T35/><D35/><U2/><E2/><V120/><F37/><W62/><REACH who="3" step="1"/><G33/><REACH who="3" ten="388,329,192,81" step="2"/><T16/><D52/><U110/><E53/><V7/><F120/><W121/><G121/><T125/><D125/><U102/><E110/><V112/><F112/><W78/><G78/><T84/><D44/><U24/><E102/><V55/><F40/><W43/><G43/><T41/><D41/><U58/><E58/><V122/><F122/><W57/><G57/><T39/><D59/><U22/><REACH who="1" step="1"/><E27/><REACH who="1" ten="388,319,192,81" step="2"/><V128/><F55/><W66/><AGARI ba="1,2" hai="3,4,10,62,66,71,75,76,80,99,100,104,133,135" machi="66" ten="30,12000,1" yaku="1,1,0,1,23,2,53,1" doraHai="124" doraHaiUra="32" who="3" fromWho="3" sc="388,-41,319,-41,192,-41,81,143" /><INIT seed="3,2,0,5,0,86" ten="347,278,151,224" oya="3" hai0="41,94,114,105,4,78,21,35,128,101,64,26,29" hai1="23,84,44,30,95,49,11,40,134,79,93,61,38" hai2="0,25,76,1,63,80,99,81,129,123,113,52,43" hai3="110,5,65,42,132,96,124,126,89,118,2,103,109"/><W46/><G118/><T62/><D128/><U3/><E134/><V56/><F129/><W135/><G65/><T45/><D114/><U77/><E38/><V70/><F113/><W13/><G13/><T82/><D4/><U37/><E37/><V19/><F123/><W125/><G5/><T31/><D105/><U83/><E3/><V34/><F70/><W106/><G2/><T90/><D101/><U116/><E116/><V59/><F43/><W68/><G68/><T88/><D94/><U104/><E104/><V69/><F69/><W53/><G53/><T119/><D119/><U28/><E11/><V22/><F34/><W58/><G58/><N who="0" m="36951" /><D35/><U60/><E79/><V73/><F81/><W131/><G131/><T6/><D31/><U72/><E30/><V67/><REACH who="2" step="1"/><F99/><REACH who="2" ten="347,278,141,224" step="2"/><W130/><G130/><T36/><D82/><U14/><E83/><V15/><F15/><W74/><G132/><T32/><D32/><U108/><E40/><V112/><F112/><W107/><G135/><T100/><D41/><U71/><E71/><V54/><F54/><W18/><G96/><T133/><D133/><U97/><E97/><V121/><F121/><W92/><G42/><T33/><D33/><U85/><E14/><V16/><F16/><W51/><G18/><T117/><D117/><U39/><E39/><V111/><F111/><W24/><G110/><T66/><D36/><U120/><E108/><V9/><F9/><W91/><G109/><T127/><D66/><U27/><E120/><V12/><F12/><W102/><G125/><T17/><D127/><U50/><E28/><RYUUKYOKU ba="2,1" sc="347,-10,278,-10,141,30,224,-10" hai2="0,1,19,22,25,52,56,59,63,67,73,76,80" owari="347,44.7,268,6.8,171,-32.9,214,-18.6" /></mjloggm>