<mjloggm ver="2.3"><GO type="225" lobby="0"/><UN n0="%E3%83%94%E3%83%B3%E3%82%B5%E3%83%AD%E5%BA%97%E5%93%A1" n1="%E8%A3%8F%E3%81%AE%E4%B8%BB%E5%B0%86" n2="%E3%82%BF%E3%83%BC%E3%83%90%E3%83%B3%E9%87%8E%E5%8F%A3" n3="%E3%83%97%E3%83%AC%E3%83%B4%E3%82%A1%E3%83%86%E3%82%A3" dan="16,16,16,16" rate="2156.71,2042.99,2122.48,2088.31" sx="M,M,M,F"/><TAIKYOKU oya="0"/><INIT seed="0,0,0,3,2,63" ten="250,250,250,250" oya="0" hai0="102,98,116,106,2,96,5,52,71,21,114,73,35" hai1="34,26,61,128,68,95,31,51,17,108,123,22,30" hai2="83,38,120,45,42,48,89,125,40,133,18,14,28" hai3="119,33,74,29,127,84,107,82,105,97,69,124,88"/><T56/><D114/><U92/><E123/><V91/><F120/><W134/><G69/><T43/><D116/><U3/><E3/><V104/><F125/><N who="3" m="48203" /><G33/><T53/><D35/><U87/><E108/><V70/><F133/><W79/><G29/><T62/><D73/><U64/><E128/><V32/><F104/><N who="3" m="40011" /><G97/><T122/><D122/><U67/><E31/><V16/><F70/><W65/><G65/><T0/><D71/><U103/><E67/><V4/><F32/><W90/><G134/><T27/><D96/><U13/><E103/><V41/><F28/><W39/><G39/><T129/><D129/><U19/><E51/><V86/><F38/><W75/><G119/><T112/><D43/><N who="2" m="16458" /><F91/><AGARI ba="0,0" hai="74,75,79,82,84,88,90,91" m="40011,48203" machi="91" ten="30,7700,0" yaku="18,1,34,2,54,1" doraHai="63" who="3" fromWho="2" sc="250,0,250,0,250,-77,250,77" /><INIT seed="1,0,0,0,4,55" ten="250,250,173,327" oya="1" hai0="64,67,107,30,71,15,57,89,26,135,33,104,12" hai1="111,103,127,21,75,132,126,100,62,101,121,117,50" hai2="32,99,81,119,91,87,45,23,1,120,31,37,116" hai3="129,5,46,49,42,48,70,43,11,108,39,8,123"/><U86/><E75/><V40/><F120/><W82/><G123/><T38/><D38/><U27/><E121/><V118/><F1/><W96/><G108/><T52/><D135/><U76/><E117/><V6/><F6/><W19/><G70/><T80/><D71/><U56/><E132/><V3/><F3/><W92/><G129/><T131/><D131/><U134/><E134/><V115/><F115/><W13/><G82/><T2/><D2/><U106/><E111/><V69/><F69/><W47/><G39/><T22/><D107/><U72/><E72/><V0/><F0/><W66/><G66/><N who="0" m="25131" /><D104/><U29/><E50/><V28/><F32/><W83/><G83/><T112/><D33/><U60/><E106/><V122/><F122/><W25/><G25/><T61/><D112/><U84/><E76/><V78/><REACH who="2" step="1"/><F23/><REACH who="2" ten="250,250,163,327" step="2"/><W77/><G77/><T63/><D63/><U18/><E62/><V41/><F41/><W130/><G130/><T65/><D65/><N who="1" m="39047" /><E127/><V97/><F97/><W90/><G5/><T34/><D34/><U88/><E126/><V102/><F102/><W17/><G19/><T113/><D113/><U14/><E18/><V35/><F35/><W54/><G54/><T94/><D80/><N who="1" m="49159" /><E14/><V73/><F73/><W53/><G53/><T105/><D105/><U44/><E86/><AGARI ba="0,1" hai="12,15,22,26,30,52,57,61,86,89,94" m="25131" machi="86" ten="30,3900,0" yaku="8,1,52,1,54,1" doraHai="55" who="0" fromWho="1" sc="250,49,250,-39,163,0,327,0" /><INIT seed="2,0,0,0,4,123" ten="299,211,163,327" oya="2" hai0="57,11,15,12,78,62,81,3,135,22,56,75,55" hai1="110,76,50,14,25,134,35,18,6,104,9,19,40" hai2="34,72,101,29,33,67,65,133,28,41,45,21,0" hai3="58,80,97,48,107,96,13,93,113,132,115,109,106"/><V26/><F0/><W54/><G132/><T95/><D135/><U82/><E134/><V59/><F133/><W71/><G71/><T63/><D95/><U23/><E104/><V1/><F1/><W121/><G121/><T51/><D51/><U4/><E35/><V30/><F72/><W39/><G39/><T130/><D130/><U2/><E110/><V69/><F69/><W7/><G80/><T86/><D75/><U108/><E108/><V47/><F101/><W124/><G124/><T116/><D116/><U128/><E2/><V44/><F41/><W131/><G131/><T98/><D98/><U112/><E112/><N who="3" m="43082" /><G97/><T24/><D11/><U43/><E128/><V111/><F111/><W77/><G77/><T60/><D3/><U46/><REACH who="1" step="1"/><E40/><REACH who="1" ten="299,201,163,327" step="2"/><V64/><REACH who="2" step="1"/><F59/><REACH who="2" ten="299,201,153,327" step="2"/><W83/><G109/><T17/><D57/><U85/><AGARI ba="0,2" hai="4,6,9,14,18,19,23,25,43,46,50,76,82,85" machi="85" ten="20,8000,1" yaku="1,1,2,1,0,1,7,1,8,1,53,0" doraHai="123" doraHaiUra="70" who="1" fromWho="1" sc="299,-20,201,100,153,-40,327,-20" /><INIT seed="3,0,0,1,0,80" ten="279,301,113,307" oya="3" hai0="14,1,3,124,87,71,86,41,13,20,101,96,8" hai1="69,6,72,24,49,36,4,89,130,64,10,111,114" hai2="34,95,113,16,94,121,52,66,133,9,82,107,91" hai3="22,44,11,61,57,32,38,112,27,73,68,99,26"/><W125/><G73/><T135/><D71/><U46/><E72/><V134/><F113/><W118/><G112/><T58/><D135/><U74/><E74/><V120/><F34/><W109/><G118/><T60/><D124/><U33/><E36/><V92/><F66/><W28/><G125/><T42/><D3/><U88/><E114/><V15/><F15/><W131/><G68/><T65/><D1/><U21/><E33/><V115/><F9/><W103/><G131/><T59/><D59/><U84/><E111/><V37/><F37/><W106/><G11/><T97/><D20/><U5/><E130/><V104/><F16/><W63/><G109/><T83/><D14/><N who="1" m="5447" /><E69/><V19/><F19/><W110/><G110/><T51/><D83/><N who="1" m="49183" /><E89/><V75/><F52/><W129/><G129/><T0/><D0/><U17/><E64/><V123/><F115/><W54/><G44/><N who="0" m="25999" /><D42/><AGARI ba="0,0" hai="5,6,17,21,24,42,46,49" m="49183,5447" machi="42" ten="30,3900,0" yaku="8,1,52,1,54,1" doraHai="80" who="1" fromWho="0" sc="279,-39,301,39,113,0,307,0" owari="240,-16.0,340,44.0,113,-38.7,307,10.7" /></mjloggm>