<mjloggm ver="2.3"><GO type="225" lobby="0"/><UN n0="%E7%B4%94%E6%BD%94%E3%83%94%E3%83%A9%E3%83%8B%E3%82%A2" n1="%E9%B3%B3%E6%9D%B1%E3%81%AE%E3%81%86%E3%81%95%E3%81%8E%E3%81%95%E3%82%93" n2="%72%61%6B%33" n3="%67%61%79%75%6E%79" dan="16,16,18,16" rate="2137.41,2263.01,2282.07,2124.01" sx="M,M,M,M"/><TAIKYOKU oya="0"/><INIT seed="0,0,0,0,5,78" ten="250,250,250,250" oya="0" hai0="112,19,27,51,59,95,134,21,105,26,100,129,36" hai1="66,85,25,9,58,0,74,12,55,99,5,34,52" hai2="54,79,49,70,15,22,41,3,1,107,72,115,60" hai3="83,31,121,35,28,46,130,114,67,119,13,16,106"/><T131/><D112/><U32/><E74/><V7/><F107/><W2/><G119/><T117/><D117/><U103/><E0/><V47/><F115/><W80/><G114/><T17/><D36/><U75/><E75/><V10/><F22/><W30/><G130/><N who="0" m="49675" /><D105/><U84/><E66/><V8/><F8/><W33/><G2/><T68/><D68/><U116/><E55/><V44/><F70/><W92/><G106/><T123/><D123/><U91/><E116/><V127/><F127/><W135/><G121/><T73/><D73/><U64/><E64/><V38/><REACH who="2" step="1"/><F60/><REACH who="2" ten="250,250,240,250" step="2"/><W132/><G35/><T87/><D21/><U124/><E124/><V93/><F93/><W45/><G33/><T48/><D95/><U81/><E32/><V65/><F65/><W29/><G67/><T62/><D62/><U88/><E34/><V86/><F86/><W6/><G92/><T110/><D87/><N who="1" m="50287" /><E25/><V82/><AGARI ba="0,1" hai="1,3,7,10,15,38,41,44,47,49,54,72,79,82" machi="82" ten="30,7900,0" yaku="1,1,0,1,52,1,53,1" doraHai="78" doraHaiUra="11" who="2" fromWho="2" sc="250,-39,250,-20,240,89,250,-20" /><INIT seed="1,0,0,2,4,91" ten="211,230,329,230" oya="1" hai0="94,29,54,128,105,13,113,106,26,102,73,56,57" hai1="85,55,120,124,20,97,65,52,82,27,118,87,44" hai2="70,18,61,51,125,59,116,135,78,86,17,72,121" hai3="100,92,40,0,67,109,127,101,8,38,32,25,30"/><U75/><E118/><V48/><F121/><W96/><G127/><T81/><D113/><U130/><E120/><V131/><F72/><W117/><G117/><T50/><D128/><U126/><E130/><V42/><F70/><W68/><G109/><T62/><D13/><U11/><E65/><V1/><F1/><W21/><G38/><T119/><D119/><U110/><E110/><V122/><F135/><W76/><G40/><T74/><D74/><U36/><E75/><V14/><F125/><N who="1" m="48233" /><E11/><V89/><F78/><W7/><G76/><T6/><D6/><U37/><E97/><V46/><F131/><W80/><G80/><T111/><D81/><U9/><E9/><V77/><F77/><W24/><G67/><T98/><D73/><U129/><E87/><V84/><F84/><W115/><G68/><T134/><D134/><U133/><E129/><V49/><F122/><W103/><REACH who="3" step="1"/><G115/><REACH who="3" ten="211,230,329,220" step="2"/><T123/><D111/><U69/><E69/><V71/><F71/><W34/><G34/><T19/><D123/><U132/><E37/><V93/><F116/><W47/><G47/><T12/><D56/><U64/><E64/><V10/><REACH who="2" step="1"/><F17/><AGARI ba="0,1" hai="0,7,8,17,21,24,25,30,32,92,96,100,101,103" machi="17" ten="30,7700,0" yaku="1,1,7,1,52,1,53,1" doraHai="91" doraHaiUra="88" who="3" fromWho="2" sc="211,0,230,0,329,-77,220,87" /><INIT seed="2,0,0,2,1,18" ten="211,230,252,307" oya="2" hai0="72,47,122,101,20,134,7,15,88,31,75,77,34" hai1="81,12,14,3,38,97,69,49,2,94,43,39,16" hai2="36,57,24,58,30,114,22,9,73,60,121,105,102" hai3="42,27,64,90,89,8,80,123,83,6,91,113,53"/><V85/><F114/><W74/><G123/><T48/><D122/><U110/><E69/><V13/><F121/><W131/><G113/><T67/><D134/><U96/><E110/><V103/><F73/><W118/><G118/><T52/><D101/><U93/><E49/><V111/><F36/><W51/><G131/><T5/><D67/><U61/><E61/><V133/><F133/><W23/><G64/><T54/><D72/><U17/><REACH who="1" step="1"/><E81/><REACH who="1" ten="211,220,252,307" step="2"/><V26/><F60/><W107/><G80/><T124/><D124/><U56/><E56/><V104/><F58/><W98/><G83/><T95/><D77/><U21/><E21/><V19/><F57/><W129/><G51/><T78/><D78/><U115/><E115/><V41/><F111/><W109/><G23/><T33/><D33/><U25/><E25/><V117/><F26/><W120/><G27/><N who="0" m="16871" /><D34/><U32/><E32/><V108/><F108/><W10/><G109/><T40/><D75/><U4/><E4/><N who="0" m="1609" /><D15/><U86/><E86/><AGARI ba="0,1" hai="40,47,48,52,54,86,88,95" m="1609,16871" machi="86" ten="30,7700,0" yaku="8,1,52,1,54,2" doraHai="18" who="0" fromWho="1" sc="211,87,220,-77,252,0,307,0" /><INIT seed="3,0,0,4,2,123" ten="298,143,252,307" oya="3" hai0="135,82,126,128,37,66,129,104,79,2,118,87,119" hai1="56,43,21,34,90,19,73,81,54,131,106,92,99" hai2="53,83,120,115,13,24,65,133,127,58,122,98,45" hai3="124,63,109,114,74,69,108,6,88,42,75,3,55"/><W77/><G114/><T78/><D126/><U57/><E131/><N who="0" m="50249" /><D135/><U116/><E34/><V80/><F115/><W94/><G124/><T59/><D37/><U68/><E68/><V112/><F112/><W28/><G77/><N who="0" m="46543" /><D2/><U70/><E70/><V20/><F127/><W48/><G42/><T105/><D66/><U95/><E116/><N who="0" m="44585" /><D59/><U44/><E106/><AGARI ba="0,0" hai="78,79,104,105,106" m="44585,46543,50249" machi="106" ten="40,5200,0" yaku="19,1,34,2" doraHai="123" who="0" fromWho="1" sc="298,52,143,-52,252,0,307,0" owari="350,45.0,91,-40.9,252,-14.8,307,10.7" /></mjloggm>