<mjloggm ver="2.3"><GO type="225" lobby="0"/><UN n0="%E4%BF%BA%E3%81%A8%E5%A6%96%E5%A4%A2" n1="%E3%81%9F%E3%81%93%E2%98%86%E7%84%BC%E3%81%8D" n2="%E3%81%95%E3%81%8D%E3%81%9F%E3%81%BE%E6%9E%97%E6%AA%8E" n3="%E3%81%8C%E3%81%9F" dan="17,16,16,16" rate="2204.99,2107.82,2092.44,2090.51" sx="F,M,M,F"/><TAIKYOKU oya="0"/><INIT seed="0,0,0,2,1,91" ten="250,250,250,250" oya="0" hai0="19,27,70,130,59,63,73,13,107,119,113,88,121" hai1="101,11,105,114,21,17,100,48,2,24,22,128,42" hai2="92,37,5,0,43,135,134,61,115,110,1,15,44" hai3="94,69,96,54,86,64,6,57,75,14,39,12,34"/><T95/><D113/><U99/><E128/><V122/><F110/><W83/><G75/><T52/><D119/><U41/><E101/><V16/><F115/><W26/><G39/><T87/><D121/><U60/><E48/><V53/><F122/><W66/><G69/><T50/><D107/><U47/><E47/><V55/><F5/><W106/><G106/><T20/><D130/><U117/><E60/><V127/><F127/><W111/><G111/><T131/><D131/><U103/><E100/><V108/><F108/><W38/><G38/><T58/><D73/><U79/><E79/><V49/><F61/><W65/><G6/><T90/><D90/><U68/><E68/><V62/><F62/><N who="3" m="36151" /><G26/><T124/><D124/><U46/><E46/><V76/><F76/><N who="3" m="46439" /><G34/><T102/><D102/><AGARI ba="0,0" hai="12,14,64,65,66,94,96,102" m="46439,36151" machi="102" ten="30,2000,0" yaku="8,1,52,1" doraHai="91" who="3" fromWho="0" sc="250,-20,250,0,250,0,250,20" /><INIT seed="1,0,0,1,5,64" ten="230,250,250,270" oya="1" hai0="133,63,131,116,132,29,8,89,70,93,57,54,36" hai1="12,49,10,88,113,134,127,126,32,3,85,130,66" hai2="2,118,72,103,104,47,62,135,15,5,110,65,4" hai3="128,105,101,11,1,78,38,7,86,30,106,73,83"/><U79/><E32/><V71/><F118/><W44/><G128/><T35/><D116/><U22/><E130/><V115/><F15/><W77/><G30/><T123/><D131/><U58/><E79/><V13/><F13/><W16/><G101/><T56/><D36/><U96/><E96/><N who="2" m="61543" /><F5/><W67/><G67/><N who="0" m="41343" /><D8/><U0/><E134/><N who="0" m="51817" /><D123/><U21/><E113/><V24/><F135/><W40/><REACH who="3" step="1"/><G16/><REACH who="3" ten="230,250,250,260" step="2"/><T43/><D29/><U125/><E66/><V17/><F17/><W107/><G107/><T98/><D35/><U75/><E126/><V37/><F115/><W20/><G20/><T31/><D31/><U69/><E21/><V68/><F65/><W122/><G122/><T87/><D43/><U6/><E22/><V52/><F71/><W74/><G74/><T76/><D54/><U42/><E75/><V45/><F52/><W48/><G48/><T55/><D55/><U41/><E49/><V95/><F72/><W50/><G50/><T61/><D61/><U23/><E41/><V112/><F62/><W100/><G100/><T124/><D124/><U53/><E53/><V9/><F68/><W119/><G119/><T19/><D19/><U26/><E69/><V34/><F34/><W99/><G99/><T60/><D60/><U81/><E127/><V111/><F37/><W33/><G33/><T80/><AGARI ba="0,1" hai="56,57,76,80,87,89,93,98" m="51817,41343" machi="80" ten="30,2000,0" yaku="20,1,52,1" doraHai="64" who="0" fromWho="0" sc="230,30,250,-10,250,-5,260,-5" /><INIT seed="2,0,0,5,2,63" ten="260,240,245,255" oya="2" hai0="15,112,87,85,8,134,128,81,86,132,77,36,17" hai1="56,44,126,1,75,94,0,74,24,80,82,21,95" hai2="127,46,23,68,22,11,16,6,31,43,50,73,101" hai3="29,113,135,7,45,26,84,25,117,66,116,20,91"/><V89/><F73/><W115/><G7/><T71/><D112/><N who="3" m="43081" /><G135/><N who="0" m="51755" /><D36/><U69/><E69/><V83/><F127/><W78/><G78/><T51/><D71/><U2/><E44/><V123/><F123/><W102/><G102/><T32/><D32/><U109/><E109/><V104/><F68/><W121/><G121/><T52/><D128/><U92/><E56/><AGARI ba="0,0" hai="8,15,17,51,52,56,77,81,85,86,87" m="51755" machi="56" ten="30,2000,0" yaku="20,1,54,1" doraHai="63" who="0" fromWho="1" sc="260,20,240,-20,245,0,255,0" /><INIT seed="3,0,0,0,3,73" ten="280,220,245,255" oya="3" hai0="7,13,29,44,46,21,5,119,1,127,118,0,61" hai1="53,52,20,35,122,58,115,95,16,25,97,31,132" hai2="93,113,129,6,124,69,2,19,112,42,100,103,37" hai3="116,34,64,104,17,70,92,133,68,106,59,85,9"/><W47/><G116/><T105/><D105/><U108/><E115/><V15/><F69/><W12/><G34/><T91/><D61/><U55/><E122/><V27/><F2/><W4/><G106/><T40/><D91/><U101/><E108/><V41/><F37/><W99/><G133/><T117/><D127/><U130/><E130/><V80/><F129/><W67/><G47/><N who="0" m="17963" /><D40/><U98/><E97/><V94/><F124/><W65/><G59/><T88/><D88/><U110/><E110/><V48/><F48/><W78/><G104/><T10/><D29/><U56/><REACH who="1" step="1"/><E132/><REACH who="1" ten="280,210,245,255" step="2"/><V114/><F114/><W79/><G99/><T24/><D119/><U49/><E49/><V38/><F113/><W71/><G71/><T87/><D118/><U76/><E76/><V51/><F51/><W111/><G111/><T26/><D117/><U18/><E18/><V102/><F112/><W62/><G68/><T23/><D5/><U75/><E75/><V74/><F74/><W131/><G131/><T90/><D7/><U11/><E11/><V121/><F121/><W72/><G72/><T135/><D135/><U83/><E83/><V96/><F80/><W128/><G128/><T57/><D10/><U3/><E3/><V39/><F96/><W43/><G70/><T134/><D0/><U86/><E86/><V84/><F84/><W60/><G85/><T81/><D1/><U109/><E109/><V36/><F6/><W89/><G4/><T14/><D134/><U82/><E82/><V123/><F123/><W77/><G77/><T54/><D87/><U107/><E107/><RYUUKYOKU ba="0,1" sc="280,-10,210,30,245,-10,255,-10" hai1="16,20,25,31,35,52,53,55,56,58,95,98,101" /><INIT seed="4,1,1,1,4,47" ten="270,240,235,245" oya="0" hai0="102,43,104,50,32,48,92,128,19,33,6,23,79" hai1="82,3,133,108,2,70,18,46,55,99,44,36,129" hai2="127,54,84,132,78,17,15,66,30,93,41,31,16" hai3="68,57,97,65,101,38,59,113,130,107,86,71,60"/><T27/><D104/><U37/><E108/><V10/><F132/><W4/><G38/><T8/><D128/><U75/><E70/><V5/><F127/><W1/><G130/><T81/><D32/><U0/><E99/><V134/><F134/><W119/><G119/><T120/><D33/><U126/><E126/><V24/><F41/><W26/><G113/><T80/><D43/><U7/><E18/><N who="2" m="7275" /><F66/><W45/><G45/><T13/><D120/><U103/><E103/><V124/><F124/><W56/><G68/><T85/><D80/><U77/><E133/><V40/><F40/><W39/><G39/><T64/><D64/><U51/><E129/><V22/><F54/><W114/><G114/><T118/><D118/><U62/><E62/><V76/><F31/><W25/><REACH who="3" step="1"/><G86/><REACH who="3" ten="270,240,235,235" step="2"/><T87/><D85/><U29/><E36/><V58/><F58/><W61/><G61/><T98/><AGARI ba="1,2" hai="6,8,13,19,23,27,48,50,79,81,87,92,98,102" machi="98" ten="30,11700,0" yaku="0,1,8,1,52,2" doraHai="47" who="0" fromWho="0" sc="270,140,240,-40,235,-40,235,-40" owari="410,51.0,200,0.0,195,-20.5,195,-30.5" /></mjloggm>