<mjloggm ver="2.3"><GO type="225" lobby="0"/><UN n0="%E3%81%99%E3%81%84%E3%81%BE%E3%81%9B%E3%83%BC%E3%82%93" n1="%72%69%6F%75%63%68%61%6E" n2="%73%69%72%6F%75%74" n3="%73%6C%69%63%6B%33%31%39" dan="16,17,16,16" rate="2091.64,2266.70,2063.58,2172.37" sx="M,M,M,M"/><TAIKYOKU oya="0"/><INIT seed="0,0,0,0,1,89" ten="250,250,250,250" oya="0" hai0="0,99,59,63,114,52,36,26,125,69,57,9,97" hai1="96,74,104,90,82,112,77,81,70,44,50,37,21" hai2="15,129,67,2,124,42,102,33,75,88,135,134,48" hai3="39,18,86,43,12,49,98,45,28,41,11,19,105"/><T51/><D114/><U55/><E70/><V100/><F2/><W121/><G121/><T66/><D125/><U78/><E112/><V127/><F33/><W31/><G39/><T20/><D36/><U10/><E37/><V40/><F67/><W68/><G68/><T115/><D115/><U73/><E21/><V128/><F15/><W80/><G41/><N who="2" m="15977" /><F48/><W118/><G118/><T61/><D9/><U130/><E130/><N who="2" m="50283" /><F88/><W1/><G1/><T58/><D0/><U38/><E38/><V24/><F24/><W93/><G105/><T5/><D5/><U106/><REACH who="1" step="1"/><E10/><REACH who="1" ten="250,240,250,250" step="2"/><V110/><F110/><W123/><G123/><T79/><D69/><U107/><E107/><V35/><F35/><W60/><G19/><N who="0" m="12575" /><D79/><U122/><E122/><V131/><F131/><W133/><G18/><T7/><D7/><U119/><E119/><V76/><F76/><W34/><G34/><T56/><D66/><U65/><E65/><V27/><F27/><W54/><G28/><T85/><D63/><U87/><E87/><V53/><F75/><W109/><G31/><T22/><D61/><U47/><E47/><V8/><F8/><W46/><G60/><T6/><D6/><U95/><AGARI ba="0,1" hai="44,50,55,73,74,77,78,81,82,90,95,96,104,106" machi="95" ten="30,12000,2" yaku="1,1,0,1,9,1,52,1,53,2" doraHai="89" doraHaiUra="101" who="1" fromWho="1" sc="250,-60,240,130,250,-30,250,-30" /><INIT seed="1,0,0,0,4,32" ten="190,370,220,220" oya="1" hai0="43,29,70,90,58,21,109,107,0,127,27,79,75" hai1="82,121,86,88,129,113,15,135,44,23,49,24,48" hai2="110,73,65,53,134,10,34,126,92,22,108,69,117" hai3="66,13,93,124,91,103,67,11,125,72,39,96,33"/><U68/><E129/><V25/><F73/><W31/><G39/><T2/><D70/><U130/><E135/><V28/><F117/><W19/><G72/><T45/><D109/><N who="2" m="42090" /><F134/><W8/><G33/><T116/><D116/><U5/><E130/><V100/><F126/><N who="3" m="48747" /><G31/><T46/><D127/><U26/><E113/><V89/><F100/><W62/><G103/><T38/><D107/><U80/><E121/><V52/><F34/><W51/><G51/><T55/><D46/><U47/><E68/><V20/><F20/><N who="3" m="11375" /><G67/><T132/><D132/><U9/><E82/><V50/><F50/><N who="1" m="19561" /><E24/><V64/><F10/><W85/><G96/><T99/><D75/><U131/><E131/><V12/><F12/><W6/><G6/><T59/><D79/><U98/><E98/><N who="2" m="57615" /><F65/><W54/><G54/><T118/><D118/><U57/><E57/><AGARI ba="0,0" hai="8,11,57,62,66,85,91,93" m="11375,48747" machi="57" ten="30,1000,0" yaku="18,1" doraHai="32" who="3" fromWho="1" sc="190,0,370,-10,220,0,220,10" /><INIT seed="2,0,0,0,2,107" ten="190,360,220,230" oya="2" hai0="118,78,5,113,14,43,87,39,82,125,36,17,61" hai1="58,31,103,97,60,24,133,77,89,76,52,18,12" hai2="100,49,105,86,33,93,88,2,62,67,64,68,132" hai3="7,101,25,1,134,95,106,45,53,99,69,51,6"/><V84/><F132/><W116/><G116/><T127/><D113/><U108/><E108/><V122/><F122/><W70/><G134/><T98/><D118/><U15/><E133/><V26/><F2/><W23/><G106/><T50/><D5/><U16/><E89/><V21/><F64/><W96/><G96/><T79/><D79/><U109/><E109/><V22/><F49/><W124/><G124/><N who="0" m="47691" /><D61/><U9/><E24/><V72/><F84/><W119/><G119/><T29/><D29/><U38/><E31/><N who="2" m="19703" /><F72/><W10/><G7/><T37/><D98/><AGARI ba="0,0" hai="21,22,62,67,68,86,88,93,98,100,105" m="19703" machi="98" ten="30,2900,0" yaku="25,1,54,1" doraHai="107" who="2" fromWho="0" sc="190,-29,360,0,220,29,230,0" /><INIT seed="2,1,0,2,4,101" ten="161,360,249,230" oya="2" hai0="22,25,123,94,34,81,73,46,43,31,54,120,84" hai1="13,7,51,89,71,90,135,82,103,106,121,128,77" hai2="38,40,50,112,1,72,9,79,127,23,33,26,55" hai3="76,20,124,93,66,80,74,18,117,19,5,129,133"/><V131/><F112/><W11/><G117/><T45/><D73/><U58/><E71/><V52/><F131/><W21/><G129/><T111/><D111/><U3/><E128/><V32/><F127/><W104/><G104/><T92/><D34/><U59/><E3/><V8/><F79/><W67/><G124/><T118/><D118/><U27/><E135/><V63/><F72/><W86/><G133/><T42/><D123/><U125/><E125/><V116/><F116/><W65/><G93/><T108/><D108/><U57/><E121/><V109/><F109/><W88/><G76/><T68/><D68/><U100/><E27/><V37/><F32/><W102/><G102/><N who="1" m="38954" /><E106/><V98/><F98/><W15/><G74/><T24/><D120/><U132/><E132/><V36/><F33/><W119/><G119/><T110/><D25/><U10/><E51/><V91/><F91/><N who="1" m="34825" /><E77/><V75/><F75/><W87/><G87/><T12/><D110/><U105/><E105/><V29/><F1/><W69/><G69/><T85/><D12/><U56/><E57/><V60/><F40/><W41/><G41/><T83/><D24/><U126/><E126/><V97/><F97/><W99/><G99/><T96/><D96/><U35/><E35/><V95/><F95/><W115/><G115/><T30/><REACH who="0" step="1"/><D22/><AGARI ba="1,0" hai="5,11,15,18,19,20,21,22,65,66,67,80,86,88" machi="22" ten="40,2600,0" yaku="8,1,54,1" doraHai="101" who="3" fromWho="0" sc="161,-29,360,0,249,0,230,29" /><INIT seed="3,0,0,0,2,109" ten="132,360,249,259" oya="3" hai0="45,103,128,31,10,44,56,81,71,69,80,111,36" hai1="86,11,94,48,77,16,23,92,63,26,76,41,74" hai2="4,33,88,29,132,68,106,82,95,17,119,51,72" hai3="21,121,37,57,129,3,130,55,118,62,97,115,100"/><W90/><G121/><T120/><D120/><U15/><E74/><V66/><F119/><W79/><G118/><T125/><D103/><U54/><E63/><V73/><F4/><W1/><G37/><T18/><D31/><N who="1" m="17887" /><E41/><V19/><F106/><W9/><G79/><N who="1" m="30282" /><E86/><V85/><F132/><W40/><G40/><T98/><D36/><U0/><E0/><V99/><F68/><W39/><G39/><T124/><D111/><U5/><E5/><V122/><F66/><W113/><G90/><T134/><D134/><U89/><E89/><V20/><F122/><W110/><G21/><T7/><D7/><U107/><E107/><V127/><F127/><W13/><G110/><T96/><D98/><U78/><E78/><V108/><F108/><W49/><G62/><T116/><D96/><U50/><E48/><V28/><F33/><W91/><G91/><T8/><D116/><U47/><AGARI ba="0,0" hai="11,15,16,47,50,54,92,94" m="30282,17887" machi="47" ten="30,2000,0" yaku="8,1,54,1" doraHai="109" who="1" fromWho="1" sc="132,-5,360,20,249,-5,259,-10" owari="127,-37.3,380,48.0,244,-15.6,249,4.9" /></mjloggm>