<mjloggm ver="2.3"><GO type="225" lobby="0"/><UN n0="%E3%81%BF%E3%81%BF%E3%81%9A" n1="%79%75%72%69%6D%6F%67" n2="%E3%80%93%E3%81%97%E3%83%BC%E3%82%89%E3%80%93" n3="%E5%AD%90%E4%BE%9B%E4%BC%9A%E5%93%A1" dan="18,16,16,17" rate="2258.30,2153.38,2175.96,2113.92" sx="M,F,M,M"/><TAIKYOKU oya="0"/><INIT seed="0,0,0,0,0,65" ten="250,250,250,250" oya="0" hai0="71,15,11,46,20,40,42,102,132,105,86,90,103" hai1="26,113,67,27,78,115,51,47,70,13,84,45,22" hai2="125,112,12,41,56,101,23,29,14,33,79,75,82" hai3="16,48,60,72,59,25,107,127,0,116,36,4,114"/><T133/><D20/><U50/><E70/><V57/><F112/><N who="1" m="43081" /><E67/><V18/><F125/><W24/><G114/><T19/><D71/><U100/><E100/><V87/><F101/><N who="0" m="38410" /><D105/><U77/><E13/><N who="2" m="9679" /><F33/><W31/><G116/><T1/><D1/><U44/><E84/><V122/><F75/><W130/><G36/><T55/><D133/><U99/><E99/><V128/><F128/><W52/><G107/><T68/><D68/><U61/><E61/><V37/><F37/><W91/><G72/><T66/><D66/><U69/><E69/><V32/><F32/><W73/><G73/><T94/><D132/><U39/><E39/><V135/><F122/><W83/><G130/><T92/><D94/><U3/><E3/><V53/><F41/><W121/><G121/><T63/><D63/><U49/><E22/><V89/><F56/><W104/><G59/><T110/><D110/><U97/><E97/><V134/><F135/><W81/><G0/><T58/><D58/><U6/><E6/><V10/><F134/><W5/><G4/><T120/><D120/><U96/><E96/><V85/><F29/><W64/><G31/><T88/><D90/><U95/><E95/><N who="2" m="54703" /><F10/><W124/><G124/><T30/><D30/><U9/><E9/><V98/><F98/><W126/><G127/><T62/><D62/><AGARI ba="0,0" hai="12,14,53,57,62,79,82,87" m="54703,9679" machi="62" ten="30,1000,0" yaku="8,1" doraHai="65" who="2" fromWho="0" sc="250,-10,250,0,250,10,250,0" /><INIT seed="1,0,0,3,2,91" ten="240,250,260,250" oya="1" hai0="103,79,128,95,0,41,37,54,117,104,14,43,62" hai1="52,21,47,4,56,40,53,33,118,70,27,7,57" hai2="132,2,81,124,100,111,115,19,23,46,126,116,87" hai3="92,93,10,32,75,29,6,106,113,31,102,123,26"/><U12/><E33/><V88/><F116/><W96/><G123/><T66/><D0/><U38/><E70/><V45/><F2/><W34/><G113/><T67/><D117/><U74/><E74/><V51/><F115/><W61/><G75/><T50/><D104/><U85/><E118/><V44/><F111/><W76/><G76/><T109/><D128/><U64/><E64/><N who="0" m="24617" /><D37/><U25/><E25/><N who="2" m="14591" /><F100/><W83/><G83/><T69/><D69/><U65/><E65/><V58/><F132/><W60/><G31/><T13/><D62/><U127/><E127/><N who="2" m="48683" /><F58/><W112/><G112/><T3/><D79/><U122/><E122/><V35/><F35/><W134/><G134/><T59/><D3/><U39/><E39/><V22/><F22/><W94/><REACH who="3" step="1"/><G34/><REACH who="3" ten="240,250,260,240" step="2"/><T78/><D78/><U89/><E12/><AGARI ba="0,1" hai="6,10,12,26,29,32,60,61,92,93,94,96,102,106" machi="12" ten="40,12000,2" yaku="1,1,2,1,52,3,53,1" doraHai="91" doraHaiUra="1" who="3" fromWho="1" sc="240,0,250,-120,260,0,240,130" /><INIT seed="2,0,0,3,3,128" ten="240,130,260,370" oya="2" hai0="127,117,70,125,95,60,100,6,109,97,112,31,28" hai1="8,39,36,0,58,129,3,12,52,116,66,119,50" hai2="11,63,1,33,55,102,132,77,32,42,101,87,113" hai3="78,62,73,88,40,130,105,21,24,23,120,34,14"/><V17/><F113/><W75/><G120/><T104/><D112/><U99/><E129/><V67/><F42/><W13/><G130/><T94/><D109/><U82/><E116/><V51/><F33/><W37/><G105/><T90/><D6/><U15/><E119/><V59/><F32/><W124/><G34/><T44/><D44/><U123/><E123/><V53/><F1/><W106/><G106/><T107/><D107/><U7/><E66/><V64/><F132/><W103/><G103/><N who="2" m="39433" /><F11/><W20/><G24/><T108/><D108/><U83/><E99/><V48/><F17/><W19/><G14/><T16/><D117/><U115/><E115/><V25/><F25/><W84/><G13/><T135/><D16/><U35/><E35/><V114/><F114/><W92/><G19/><T46/><D46/><U121/><E121/><V111/><F111/><W96/><G40/><T2/><D2/><U126/><E126/><N who="0" m="48137" /><D135/><U9/><E3/><V133/><F133/><W86/><G124/><T85/><D104/><U81/><REACH who="1" step="1"/><E0/><REACH who="1" ten="240,120,260,370" step="2"/><V45/><F67/><AGARI ba="0,1" hai="28,31,60,67,70,85,90,94,95,97,100" m="48137" machi="67" ten="30,1000,0" yaku="18,1" doraHai="128" who="0" fromWho="2" sc="240,20,120,0,260,-10,370,0" /><INIT seed="3,0,0,1,2,97" ten="260,120,250,370" oya="3" hai0="94,11,18,19,26,79,70,92,131,134,85,2,117" hai1="82,89,126,105,101,62,107,21,6,103,66,84,35" hai2="128,25,93,113,36,118,16,109,51,133,86,121,43" hai3="20,27,110,76,83,67,40,49,64,46,39,106,1"/><W91/><G106/><T15/><D70/><U122/><E35/><V47/><F113/><W63/><G1/><T38/><D38/><U95/><E21/><N who="2" m="13479" /><F118/><W116/><G116/><T125/><D117/><U52/><E122/><V99/><F36/><W75/><G110/><T41/><D2/><U65/><E126/><V50/><F109/><W5/><G5/><T81/><D131/><U87/><E107/><V42/><F128/><W28/><G39/><T130/><D130/><U129/><E105/><V32/><F32/><W53/><G91/><T124/><D41/><N who="2" m="15370" /><F121/><W88/><G88/><T132/><D26/><U90/><E129/><V80/><F47/><W4/><G4/><T24/><D24/><U55/><E6/><V44/><F44/><W10/><G10/><T135/><D19/><U102/><REACH who="1" step="1"/><E66/><REACH who="1" ten="260,110,250,370" step="2"/><V60/><F133/><W45/><G67/><T30/><D125/><U59/><AGARI ba="0,1" hai="52,55,59,62,65,82,84,87,89,90,95,101,102,103" machi="59" ten="30,16000,3" yaku="1,1,2,1,0,1,8,1,52,3,54,1,53,0" doraHai="97" doraHaiUra="100" who="1" fromWho="1" sc="260,-40,110,170,250,-40,370,-80" /><INIT seed="4,0,0,3,4,100" ten="220,280,210,290" oya="0" hai0="7,53,90,20,44,67,109,68,73,65,98,66,81" hai1="2,120,108,19,85,102,47,56,35,59,110,91,74" hai2="94,54,132,38,41,6,18,22,63,55,49,97,88" hai3="72,113,33,93,26,114,25,8,13,124,50,69,79"/><T29/><D68/><U123/><E35/><V60/><F132/><W27/><G124/><T105/><D109/><U61/><E2/><V116/><F116/><W32/><G69/><T130/><D130/><U76/><E47/><N who="2" m="25839" /><F38/><W23/><G23/><T52/><D7/><U78/><E59/><V17/><F6/><N who="3" m="3223" /><G93/><N who="0" m="56631" /><D105/><U58/><E61/><N who="2" m="23627" /><F18/><W16/><G16/><T127/><D73/><U84/><E19/><V95/><F95/><W43/><G43/><T125/><D44/><U71/><E71/><V21/><F21/><W10/><G10/><T40/><D40/><U62/><E62/><V75/><F75/><W117/><G50/><T111/><D111/><N who="1" m="42539" /><E102/><V12/><AGARI ba="0,0" hai="12,17,22,54,55,88,94,97" m="23627,25839" machi="12" ten="30,2000,0" yaku="8,1,54,1" doraHai="100" who="2" fromWho="2" sc="220,-10,280,-5,210,20,290,-5" /><INIT seed="5,0,0,4,5,29" ten="210,275,230,285" oya="1" hai0="75,94,127,0,38,123,32,104,5,12,135,83,119" hai1="102,79,39,97,118,114,77,72,66,64,121,28,9" hai2="86,113,80,53,106,45,46,43,98,88,65,101,78" hai3="27,128,110,112,116,76,4,85,117,56,109,129,25"/><U93/><E118/><N who="3" m="45674" /><G112/><T31/><D94/><U15/><E114/><V37/><F113/><W16/><G4/><T124/><D119/><U107/><E121/><V6/><F6/><W126/><G126/><N who="0" m="48171" /><D123/><U71/><E39/><V58/><F65/><W36/><G36/><T48/><D38/><U63/><E66/><V134/><F134/><W40/><G40/><T120/><D120/><U44/><E72/><V67/><F67/><W41/><G41/><T57/><D135/><U10/><E44/><V52/><F46/><W131/><G56/><T84/><D104/><U105/><E10/><V26/><F26/><N who="3" m="9739" /><G16/><T51/><D75/><U81/><E28/><V3/><F3/><W95/><G95/><T133/><D0/><U1/><E1/><V60/><REACH who="2" step="1"/><F53/><REACH who="2" ten="210,275,220,285" step="2"/><W91/><G110/><T99/><D133/><U50/><E64/><V35/><F35/><W14/><G109/><T111/><D111/><U54/><E71/><V49/><F49/><N who="0" m="19018" /><D57/><U7/><E63/><V87/><F87/><W11/><G131/><T132/><D132/><U103/><E50/><V13/><F13/><W61/><G129/><T92/><D5/><U21/><E54/><V59/><F59/><W70/><G128/><T89/><D12/><U22/><E7/><V17/><F17/><N who="3" m="8415" /><G61/><T55/><D55/><U73/><E15/><V20/><F20/><W42/><G70/><T34/><D31/><U8/><E73/><V82/><F82/><N who="3" m="49591" /><G42/><T62/><D62/><U130/><E130/><V24/><F24/><W2/><G2/><T108/><D108/><U69/><E69/><V23/><F23/><RYUUKYOKU ba="0,1" sc="210,10,275,-30,220,10,285,10" hai0="32,34,83,84,89,92,99" hai2="37,43,45,52,58,60,78,80,86,88,98,101,106" hai3="76" /><INIT seed="6,1,1,1,5,12" ten="220,245,230,295" oya="2" hai0="30,17,119,130,123,7,56,125,103,9,128,36,27" hai1="82,133,90,76,77,93,11,126,59,100,132,110,40" hai2="80,21,111,23,41,127,34,71,88,107,45,113,61" hai3="66,5,78,104,72,91,98,20,47,49,51,117,2"/><V42/><F34/><W74/><G117/><T67/><D123/><U135/><E40/><N who="2" m="15467" /><F107/><W108/><G108/><T118/><D36/><U112/><E110/><V35/><F35/><W65/><G5/><T95/><D125/><U87/><E11/><V52/><F111/><W13/><G2/><N who="0" m="247" /><D67/><U37/><E37/><V63/><F71/><W14/><G104/><T53/><D103/><U84/><E59/><V1/><F1/><W105/><G105/><T97/><D17/><U6/><E6/><V33/><F33/><W26/><G78/><T18/><D18/><U81/><E126/><V29/><F113/><W94/><G74/><T58/><D27/><U68/><E68/><V92/><F80/><W73/><G73/><T28/><D28/><U60/><E60/><N who="2" m="23115" /><F29/><N who="3" m="17607" /><G72/><T79/><D30/><U121/><E112/><V8/><F8/><W16/><G51/><N who="0" m="30783" /><D79/><U24/><E24/><V19/><F19/><W44/><G16/><T99/><D58/><U0/><E0/><V96/><F127/><W4/><G4/><T39/><D39/><U64/><E64/><N who="3" m="24682" /><G49/><AGARI ba="1,1" hai="21,23,45,49,52,88,92,96" m="23115,15467" machi="49" ten="30,5800,0" yaku="8,1,54,2" doraHai="12" who="2" fromWho="3" sc="220,0,245,0,230,71,295,-61" owari="220,-28.0,245,4.5,301,40.1,234,-16.6" /></mjloggm>