<mjloggm ver="2.3"><GO type="225" lobby="0"/><UN n0="%E3%81%A6%E3%81%A4%EF%BC%A3" n1="%E7%B4%94%E6%BD%94%E3%83%94%E3%83%A9%E3%83%8B%E3%82%A2" n2="%E6%A1%9C%E8%8A%B1%E9%96%83%E3%80%85" n3="%E3%83%AD%E3%83%83%E3%83%86%E9%9B%80%E7%90%83" dan="16,16,18,17" rate="2059.70,2108.19,2287.76,2256.44" sx="M,M,M,M"/><TAIKYOKU oya="0"/><INIT seed="0,0,0,5,2,4" ten="250,250,250,250" oya="0" hai0="38,66,61,77,65,71,8,25,2,19,15,26,64" hai1="115,85,76,3,58,39,0,6,88,120,70,125,35" hai2="7,78,72,80,46,20,111,135,118,21,36,93,133" hai3="103,45,59,117,69,128,27,24,31,22,33,51,43"/><T92/><D38/><U29/><E70/><V41/><F111/><W132/><G69/><T112/><D112/><U119/><E115/><V110/><F110/><W87/><G117/><T53/><D77/><U97/><E39/><V37/><F118/><W130/><G132/><N who="2" m="50761" /><F37/><W95/><G59/><N who="0" m="35055" /><D2/><U75/><E120/><V89/><F7/><W100/><G87/><AGARI ba="0,0" hai="20,21,36,41,46,72,78,80,87,89,93" m="50761" machi="87" ten="30,1000,0" yaku="20,1" doraHai="4" who="2" fromWho="3" sc="250,0,250,0,250,10,250,-10" /><INIT seed="1,0,0,2,5,67" ten="250,250,260,240" oya="1" hai0="14,6,129,32,75,108,62,24,128,114,33,23,48" hai1="123,54,117,111,59,127,92,134,81,44,115,79,45" hai2="52,61,49,82,118,121,99,112,31,72,103,29,87" hai3="51,19,77,131,39,5,107,17,110,10,60,89,57"/><U113/><E117/><V86/><F121/><W11/><G39/><T12/><D75/><U38/><E123/><V35/><F118/><W15/><G107/><T94/><D48/><U20/><E127/><V16/><F112/><W9/><G110/><T90/><D114/><U83/><E111/><V132/><F132/><W21/><G131/><N who="0" m="50251" /><D108/><U126/><E126/><V65/><F72/><W41/><G77/><T64/><D6/><U42/><E134/><V8/><F35/><N who="0" m="13386" /><D90/><U25/><E92/><N who="2" m="58855" /><F65/><N who="3" m="39055" /><G89/><T56/><D94/><U125/><E81/><V116/><F61/><W133/><G133/><T85/><D85/><N who="2" m="32266" /><F82/><W7/><G19/><AGARI ba="0,0" hai="12,14,19,23,24,56,62,64" m="13386,50251" machi="19" ten="30,1000,0" yaku="19,1" doraHai="67" who="0" fromWho="3" sc="250,10,250,0,260,0,240,-10" /><INIT seed="2,0,0,3,4,18" ten="260,250,260,230" oya="2" hai0="68,122,16,24,9,96,84,85,1,113,27,73,51" hai1="91,97,17,3,44,133,75,43,12,89,70,123,21" hai2="31,53,41,86,35,15,87,103,36,111,101,135,13" hai3="67,99,5,45,109,26,48,124,59,72,95,112,132"/><V52/><F135/><W47/><G109/><T76/><D113/><U120/><E133/><V80/><F111/><W8/><G124/><T102/><D122/><N who="1" m="46635" /><E70/><V71/><F71/><W108/><G72/><T49/><D68/><U117/><E117/><V58/><F36/><W134/><G112/><T50/><D73/><U0/><E75/><V83/><F35/><W11/><G108/><T88/><D76/><U60/><E60/><V57/><F31/><W46/><G134/><T77/><D77/><U23/><E0/><V20/><F20/><N who="1" m="7753" /><E3/><V56/><F56/><W61/><G26/><T114/><D114/><U118/><E97/><V82/><F82/><W74/><G74/><T63/><D63/><U66/><E66/><V10/><F10/><W33/><G11/><T54/><D1/><U62/><E62/><V126/><F126/><W93/><G132/><T22/><D9/><N who="1" m="6287" /><E118/><V4/><F4/><W107/><G33/><T90/><D24/><U127/><E127/><V78/><F78/><W100/><REACH who="3" step="1"/><G48/><AGARI ba="0,0" hai="43,44,48,89,91" m="6287,7753,46635" machi="48" ten="30,7700,0" yaku="13,1,52,3" doraHai="18" who="1" fromWho="3" sc="260,0,250,77,260,0,230,-77" /><INIT seed="3,0,0,4,0,54" ten="260,327,260,153" oya="3" hai0="36,65,11,81,4,123,12,28,62,7,131,134,1" hai1="58,72,97,41,29,108,45,118,76,31,95,129,71" hai2="32,120,84,60,6,43,37,38,75,46,24,57,125" hai3="15,100,59,101,110,48,26,79,56,10,53,34,66"/><W106/><G110/><T128/><D123/><U20/><E71/><V90/><F75/><W86/><G106/><T107/><D36/><U23/><E108/><V77/><F120/><W115/><G115/><T87/><D107/><U55/><E118/><V89/><F38/><W39/><G39/><T5/><D134/><U117/><E117/><V119/><F119/><W67/><G34/><T103/><D103/><N who="3" m="39497" /><G26/><T99/><D99/><U51/><E129/><N who="0" m="49737" /><D28/><N who="1" m="10827" /><E76/><V35/><F125/><W30/><G30/><T83/><D1/><U13/><E13/><V64/><F24/><W25/><G25/><T14/><D14/><U42/><E72/><V85/><F77/><W102/><N who="3" m="39505" /><W98/><DORA hai="112" /><G98/><T111/><D111/><U132/><E132/><V96/><F96/><W78/><G86/><T133/><D133/><U73/><E73/><V88/><REACH who="2" step="1"/><F6/><REACH who="2" ten="260,327,250,153" step="2"/><N who="0" m="2666" /><D87/><AGARI ba="0,1" hai="32,35,37,43,46,57,60,64,84,85,87,88,89,90" machi="87" ten="40,5200,0" yaku="1,1,52,1,54,1,53,0" doraHai="54,112" doraHaiUra="49,16" who="2" fromWho="0" sc="260,-52,327,0,250,62,153,0" owari="208,-19.2,327,42.7,312,11.2,153,-34.7" /></mjloggm>