<mjloggm ver="2.3"><GO type="225" lobby="0"/><UN n0="%E5%8F%AF%E5%85%90%E9%82%A3%E7%94%B1%E5%A4%9A" n1="%33%74%72%65%65" n2="%E3%81%AF%E3%82%88%E3%81%8A%E3%81%98%E3%81%95%E3%82%93" n3="%E3%81%99%E3%81%84%E3%81%BE%E3%81%9B%E3%83%BC%E3%82%93" dan="17,16,17,16" rate="2250.23,2118.01,2157.26,2229.80" sx="F,F,M,M"/><TAIKYOKU oya="0"/><INIT seed="0,0,0,5,2,134" ten="250,250,250,250" oya="0" hai0="29,24,5,4,84,36,122,56,90,120,121,82,105" hai1="28,32,88,35,59,15,76,17,45,13,77,117,69" hai2="78,87,91,129,102,85,30,7,127,8,42,118,66" hai3="89,64,73,72,25,126,125,19,135,53,6,106,116"/><T100/><D36/><U26/><E69/><V80/><F129/><W95/><G135/><T65/><D105/><U43/><E117/><V38/><F118/><W49/><G106/><T93/><D65/><U114/><E114/><V9/><F102/><W113/><G113/><T79/><D56/><U10/><E35/><V31/><F66/><W11/><G64/><T23/><REACH who="0" step="1"/><D100/><REACH who="0" ten="240,250,250,250" step="2"/><U21/><E59/><V63/><F38/><W119/><G119/><T128/><D128/><U83/><E83/><V71/><F80/><W131/><G131/><T44/><D44/><U133/><E133/><V123/><F71/><W130/><G130/><T22/><D22/><U115/><E115/><V96/><F123/><W111/><G116/><T39/><D39/><U103/><E103/><V94/><F94/><W68/><G68/><T18/><D18/><U61/><E45/><V16/><F16/><W40/><G19/><T55/><D55/><U33/><E21/><V34/><F34/><W27/><G40/><T50/><D50/><U37/><E43/><V75/><F42/><W70/><G70/><T48/><D48/><U92/><E37/><V98/><F63/><W51/><G51/><T41/><D41/><U110/><E32/><V86/><F30/><W81/><G49/><T20/><D20/><N who="1" m="11311" /><E61/><V58/><F31/><W67/><G53/><T124/><D124/><U52/><E52/><V2/><F127/><W57/><G126/><T109/><D109/><U47/><E110/><V46/><F58/><W12/><G111/><T104/><D104/><U60/><E33/><V54/><F46/><RYUUKYOKU ba="0,1" sc="240,30,250,-10,250,-10,250,-10" hai0="4,5,23,24,29,79,82,84,90,93,120,121,122" /><INIT seed="0,1,1,1,1,121" ten="270,240,240,240" oya="0" hai0="116,14,47,59,99,71,23,51,2,21,42,106,38" hai1="69,96,85,6,17,98,43,56,27,1,105,0,12" hai2="36,15,81,40,117,76,48,58,18,37,35,34,61" hai3="89,134,83,66,133,111,129,60,49,45,107,13,7"/><T100/><D116/><U80/><E69/><V112/><F112/><W122/><G107/><T50/><D2/><U30/><E43/><V102/><F48/><W82/><G122/><T94/><D71/><U26/><E0/><V9/><F117/><W57/><G129/><T19/><D106/><U104/><E104/><V39/><F102/><W10/><G111/><T101/><D38/><U73/><E73/><V109/><F40/><N who="3" m="24743" /><G89/><N who="0" m="55759" /><D23/><N who="1" m="15711" /><E1/><V4/><F4/><W25/><G25/><T108/><D108/><U135/><E135/><AGARI ba="1,1" hai="7,10,13,57,60,66,82,83,133,134,135" m="24743" machi="135" ten="30,1000,0" yaku="20,1" doraHai="121" who="3" fromWho="1" sc="270,0,240,-13,240,0,240,23" /><INIT seed="1,0,0,5,0,6" ten="270,227,240,263" oya="1" hai0="116,134,102,120,58,47,99,27,38,0,37,54,127" hai1="40,5,66,86,57,73,103,98,23,64,50,42,22" hai2="53,3,48,112,129,68,32,123,20,8,121,33,125" hai3="41,93,89,95,135,60,131,69,67,61,31,101,51"/><U52/><E73/><V28/><F68/><W44/><G131/><T132/><D116/><U84/><E5/><N who="2" m="1087" /><F53/><W9/><G135/><N who="0" m="51755" /><D0/><U76/><E64/><V106/><F48/><W29/><G61/><T19/><D47/><U94/><E66/><V36/><F106/><W124/><G124/><T49/><D127/><U119/><E119/><V62/><F62/><W111/><G111/><T96/><D120/><N who="2" m="46154" /><F36/><N who="0" m="13930" /><D102/><U11/><E76/><V17/><F125/><W87/><G101/><T75/><D75/><U88/><E84/><V130/><F112/><W21/><G95/><T122/><D122/><U59/><E59/><V63/><F63/><W82/><G93/><T115/><D115/><U91/><E91/><V39/><F39/><W1/><G89/><T65/><D65/><U26/><E42/><V85/><F85/><W4/><G87/><T45/><D45/><U14/><E40/><V7/><F7/><W30/><REACH who="3" step="1"/><G82/><REACH who="3" ten="270,227,240,253" step="2"/><T109/><D109/><U92/><REACH who="1" step="1"/><E26/><AGARI ba="0,1" hai="1,4,9,21,26,29,30,31,41,44,51,60,67,69" machi="26" ten="40,5200,0" yaku="1,1,2,1,52,1,53,0" doraHai="6" doraHaiUra="70" who="3" fromWho="1" sc="270,0,227,-52,240,0,253,62" /><INIT seed="2,0,0,2,0,79" ten="270,175,240,315" oya="2" hai0="28,0,11,126,81,47,43,84,33,97,128,83,3" hai1="105,6,103,59,133,119,101,106,80,90,60,98,130" hai2="129,49,127,10,72,67,19,7,62,29,111,118,46" hai3="86,94,12,27,125,117,121,116,53,120,48,40,124"/><V71/><F118/><W42/><G27/><T85/><D126/><N who="3" m="48745" /><G12/><T100/><D128/><U69/><E119/><N who="3" m="45642" /><G94/><T92/><D33/><U25/><E69/><V35/><F127/><W65/><G65/><T123/><D123/><N who="3" m="47177" /><G86/><T21/><D11/><U56/><E130/><V57/><F129/><W18/><G18/><T16/><D28/><U99/><E25/><V58/><F19/><W112/><G112/><T78/><D16/><U108/><E6/><V37/><F29/><W31/><G31/><T77/><D21/><U4/><E4/><V104/><F35/><W45/><AGARI ba="0,0" hai="40,42,45,48,53" m="47177,45642,48745" machi="45" ten="40,5200,0" yaku="18,1,34,2" doraHai="79" who="3" fromWho="3" sc="270,-13,175,-13,240,-26,315,52" /><INIT seed="3,0,0,0,2,8" ten="257,162,214,367" oya="3" hai0="78,134,87,121,84,9,77,122,0,59,109,58,64" hai1="52,45,23,85,27,132,19,7,106,54,128,123,100" hai2="62,113,76,108,126,13,1,21,43,24,22,73,2" hai3="18,50,28,15,4,112,90,80,103,92,63,135,70"/><W41/><G112/><T131/><D109/><U53/><E123/><V37/><F113/><W111/><G4/><T127/><D127/><U89/><E128/><V5/><F108/><W96/><G28/><T115/><D134/><U105/><E132/><V118/><F118/><W94/><G80/><T124/><D124/><U116/><E116/><V99/><F126/><W102/><G102/><T79/><D131/><U97/><E106/><V67/><F99/><W130/><G63/><T72/><D72/><U3/><E3/><V88/><F88/><W66/><G70/><T38/><D78/><U6/><REACH who="1" step="1"/><E45/><REACH who="1" ten="257,152,214,367" step="2"/><N who="2" m="23791" /><F1/><W74/><G130/><T119/><D0/><U48/><E48/><V40/><F2/><W68/><G50/><T75/><D119/><U34/><E34/><V81/><F62/><W32/><G32/><T10/><D115/><U55/><N who="1" m="13312" /><DORA hai="36" /><U44/><E44/><V65/><F40/><W125/><G41/><T133/><D133/><U56/><E56/><V101/><F67/><W25/><G66/><T110/><D64/><U107/><E107/><V26/><F65/><W129/><G129/><T98/><D110/><U57/><E57/><V33/><F33/><W46/><G46/><T93/><D58/><U71/><E71/><V42/><F42/><W29/><G68/><T114/><D59/><U91/><E91/><V31/><F101/><W49/><G111/><T39/><D121/><U86/><E86/><V35/><F35/><W14/><G125/><T120/><D120/><U47/><E47/><V11/><F73/><W51/><G135/><T82/><D122/><RYUUKYOKU ba="0,1" sc="257,-10,152,30,214,-10,367,-10" hai1="6,7,19,23,27,85,89,97,100,105" owari="247,4.7,182,-31.8,204,-19.6,367,46.7" /></mjloggm>