<mjloggm ver="2.3"><GO type="225" lobby="0"/><UN n0="%E9%B3%B3%E6%9D%B1%E3%81%AE%E3%81%86%E3%81%95%E3%81%8E%E3%81%95%E3%82%93" n1="%E4%B8%89%E5%88%86%E5%B0%8F%E5%83%A7" n2="%E3%81%BD%E3%81%A1%E3%81%9F%E3%81%93%E3%82%84" n3="%E8%A8%88%E7%AE%97%E6%A9%9F%E8%87%AA%E7%84%B6" dan="17,16,17,17" rate="2202.58,2089.45,2196.58,2176.14" sx="M,M,M,M"/><TAIKYOKU oya="0"/><INIT seed="0,0,0,4,2,93" ten="250,250,250,250" oya="0" hai0="75,72,25,104,101,77,91,135,35,69,23,96,114" hai1="70,120,50,87,113,78,121,92,34,132,127,131,85" hai2="46,26,47,123,66,62,37,67,65,51,118,59,134" hai3="49,11,98,20,42,82,106,30,27,124,122,108,17"/><T54/><D114/><U76/><E70/><V41/><F26/><W81/><G108/><T60/><D135/><U94/><E34/><V107/><F107/><W43/><G124/><T29/><D77/><N who="1" m="29803" /><E50/><V111/><F111/><W126/><G126/><T48/><D23/><U88/><E127/><V31/><F31/><W133/><G133/><T7/><D91/><N who="1" m="53359" /><E132/><V63/><F134/><W89/><G122/><N who="1" m="47210" /><E131/><V71/><F123/><W109/><G109/><T80/><D80/><U90/><E90/><V55/><F118/><W84/><G81/><T16/><D16/><U10/><E10/><V105/><F105/><W58/><G11/><T53/><D7/><U110/><E110/><V21/><F21/><W115/><G17/><T129/><D129/><U45/><E45/><V44/><F44/><W74/><G106/><T73/><REACH who="0" step="1"/><D48/><REACH who="0" ten="240,250,250,250" step="2"/><U22/><E22/><V95/><F95/><W112/><G49/><T28/><D28/><U0/><E0/><V52/><AGARI ba="0,1" hai="37,41,46,47,51,52,55,59,62,63,65,66,67,71" machi="52" ten="20,16000,3" yaku="0,1,7,1,35,6,54,1" doraHai="93" who="2" fromWho="2" sc="240,-80,250,-40,250,170,250,-40" /><INIT seed="1,0,0,2,5,16" ten="160,210,420,210" oya="1" hai0="124,108,7,46,110,66,31,6,106,64,42,43,32" hai1="91,37,79,129,15,98,67,63,112,97,62,59,86" hai2="49,89,17,70,27,130,55,0,83,35,73,100,3" hai3="131,45,109,87,125,13,54,85,121,52,30,90,122"/><U128/><E37/><V117/><F117/><W120/><G109/><N who="0" m="42091" /><D106/><U72/><E112/><V48/><F70/><W118/><G118/><T126/><D31/><U102/><E72/><V44/><F100/><W61/><G131/><N who="1" m="50250" /><E79/><V107/><F107/><W22/><G125/><N who="0" m="48235" /><D32/><U8/><E63/><V101/><F101/><W23/><G30/><T71/><D71/><U34/><E102/><V2/><F130/><W26/><G26/><T119/><D119/><U88/><E34/><V36/><F36/><W28/><G28/><T81/><D81/><N who="1" m="49231" /><E91/><V104/><F104/><W94/><G87/><T132/><D132/><U114/><E114/><V134/><F134/><W57/><REACH who="3" step="1"/><G13/><REACH who="3" ten="160,210,420,200" step="2"/><T1/><D1/><U84/><E84/><V80/><F0/><W99/><G99/><T33/><D33/><U116/><E116/><V4/><F35/><W133/><G133/><T21/><D66/><U105/><E105/><V18/><F2/><W74/><G74/><T25/><D64/><U14/><E14/><V5/><F73/><W10/><G10/><T39/><D25/><U40/><E40/><N who="0" m="15401" /><D21/><U75/><E75/><V115/><F27/><W12/><G12/><T38/><D38/><U20/><E20/><V82/><F3/><W76/><G76/><T95/><D95/><U77/><E77/><V11/><F115/><W58/><G58/><T127/><N who="0" m="48243" /><T9/><DORA hai="69" /><D9/><U29/><E29/><V103/><F11/><W92/><G92/><T93/><D93/><U47/><E98/><V50/><F82/><W135/><G135/><T60/><D39/><U111/><E97/><RYUUKYOKU ba="0,1" sc="160,-10,210,-10,420,-10,200,30" hai3="22,23,45,52,54,57,61,85,90,94,120,121,122" /><INIT seed="2,1,1,1,4,17" ten="150,200,410,230" oya="2" hai0="1,112,115,29,107,50,68,135,8,36,58,18,116" hai1="125,97,12,16,28,0,118,120,92,75,106,119,62" hai2="126,71,57,105,15,55,101,34,129,102,20,61,99" hai3="124,44,42,134,32,89,133,123,59,81,5,84,13"/><V127/><F34/><W63/><G123/><T65/><D107/><U72/><E0/><V66/><F102/><W35/><G124/><N who="2" m="47657" /><F129/><W132/><G13/><T52/><D135/><U27/><E106/><V69/><F66/><N who="3" m="39295" /><G5/><T91/><D116/><U21/><E120/><V85/><F85/><W110/><G110/><T70/><D29/><U48/><E125/><V49/><F61/><W100/><G100/><T95/><D36/><AGARI ba="1,1" hai="32,35,36,42,44,81,84,89,132,133,134" m="39295" machi="36" ten="30,1000,0" yaku="20,1" doraHai="17" who="3" fromWho="0" sc="150,-13,200,0,410,0,230,23" /><INIT seed="3,0,0,3,1,133" ten="137,200,410,253" oya="3" hai0="29,64,97,92,115,5,40,55,121,113,108,25,57" hai1="13,109,114,100,43,80,71,90,0,91,72,96,35" hai2="34,119,15,116,20,18,98,77,63,31,74,82,86" hai3="32,81,127,45,30,128,104,66,124,93,99,60,52"/><W131/><G104/><T135/><D121/><U51/><E0/><V73/><F98/><W2/><G2/><T120/><D120/><U89/><E114/><V83/><F63/><W103/><G81/><T95/><D135/><U67/><E35/><V106/><F106/><W76/><G76/><T22/><D108/><U132/><E109/><V4/><F4/><W10/><G10/><T65/><D40/><U118/><E132/><V50/><F50/><N who="3" m="28751" /><G30/><T79/><D5/><U53/><E43/><V54/><F74/><W3/><G32/><T28/><D79/><U27/><E72/><V58/><F31/><W37/><G37/><T11/><D11/><U105/><E80/><V6/><F34/><W101/><G101/><T122/><D122/><U1/><E1/><V59/><F6/><W8/><G8/><T61/><D28/><U41/><E41/><V36/><F36/><W112/><G112/><T21/><D115/><U87/><E105/><V129/><F82/><W14/><G14/><T125/><D113/><U94/><E13/><V130/><F73/><W39/><G39/><T75/><D75/><U38/><E38/><V88/><F77/><W85/><G85/><T24/><D92/><U126/><E87/><V56/><REACH who="2" step="1"/><F54/><REACH who="2" ten="137,200,400,253" step="2"/><W26/><G3/><T107/><D107/><U44/><E53/><V9/><F9/><W47/><G99/><T16/><REACH who="0" step="1"/><D125/><REACH who="0" ten="127,200,400,253" step="2"/><U110/><E126/><V49/><F49/><W19/><G124/><T102/><AGARI ba="0,2" hai="16,21,22,24,25,29,55,57,61,64,65,95,97,102" machi="102" ten="20,12000,2" yaku="1,1,2,1,0,1,7,1,8,1,54,1,53,0" doraHai="133" doraHaiUra="123" who="0" fromWho="0" sc="127,140,200,-30,400,-30,253,-60" owari="267,6.7,170,-33.0,370,47.0,193,-20.7" /></mjloggm>