<mjloggm ver="2.3"><GO type="225" lobby="0"/><UN n0="%72%65%6E%6B%75%6E" n1="%E3%81%B5%E3%81%98%E3%81%8B%E3%81%A4" n2="%E3%83%89%E3%83%A9%E3%81%8F%E3%82%8C" n3="%E9%97%98%E5%B0%86%E3%81%A0%E3%82%93%E3%81%A7%E3%81%83" dan="17,16,16,16" rate="2193.09,2162.88,2138.54,2140.92" sx="M,M,M,M"/><TAIKYOKU oya="0"/><INIT seed="0,0,0,5,2,48" ten="250,250,250,250" oya="0" hai0="42,103,104,111,22,95,67,31,99,56,39,116,100" hai1="36,34,118,58,51,29,83,110,40,60,91,23,6" hai2="11,96,119,122,93,125,27,135,46,128,8,129,21" hai3="80,49,2,41,9,70,112,108,61,102,73,3,120"/><T109/><D116/><U35/><E118/><V0/><F119/><W26/><G112/><T107/><D39/><U45/><E110/><N who="0" m="41993" /><D42/><U76/><E6/><V90/><F122/><W63/><G73/><T78/><D78/><U38/><E91/><V81/><F135/><W98/><G70/><T7/><D7/><U37/><E23/><V68/><F68/><W92/><G3/><T85/><D85/><U66/><REACH who="1" step="1"/><E29/><REACH who="1" ten="250,240,250,250" step="2"/><N who="2" m="17647" /><F0/><W62/><G108/><T1/><D1/><U32/><E32/><V28/><F28/><W75/><G2/><T126/><D126/><U69/><E69/><V17/><F125/><W30/><G30/><T106/><D22/><U105/><E105/><V55/><F17/><W54/><G9/><T113/><D31/><U82/><E82/><V18/><F18/><W84/><G80/><T94/><D113/><U24/><E24/><V114/><F114/><W101/><G26/><T131/><D131/><N who="2" m="50250" /><F81/><W71/><G71/><T4/><D4/><U57/><E57/><V14/><F14/><W12/><G12/><T72/><D106/><U15/><E15/><V59/><F46/><W123/><G123/><T124/><D104/><U44/><E44/><V53/><F59/><W50/><G120/><T86/><D124/><U130/><E130/><V132/><F132/><W20/><G20/><T97/><D107/><U127/><E127/><V19/><F19/><W5/><G5/><T13/><D13/><U47/><E47/><V121/><F121/><W64/><G92/><T134/><D134/><U87/><AGARI ba="0,1" hai="34,35,36,37,38,40,45,51,58,60,66,76,83,87" machi="87" ten="30,2000,0" yaku="1,1,0,1,53,0" doraHai="48" doraHaiUra="89" who="1" fromWho="1" sc="250,-10,240,30,250,-5,250,-5" /><INIT seed="1,0,0,5,2,126" ten="240,270,245,245" oya="1" hai0="4,71,57,114,120,44,117,41,107,14,42,134,8" hai1="36,94,127,129,130,128,16,3,0,98,29,25,47" hai2="17,26,5,111,65,124,104,116,32,15,20,18,91" hai3="112,56,109,77,73,83,125,105,101,122,82,53,9"/><U54/><E127/><V67/><F124/><W13/><G125/><T74/><D107/><U33/><E16/><V11/><F116/><W48/><G109/><T118/><D74/><U55/><E36/><V86/><F104/><W46/><G112/><T131/><D71/><U133/><E133/><V38/><F38/><W88/><G122/><T95/><D114/><U2/><E47/><V76/><F76/><W52/><G101/><AGARI ba="0,0" hai="0,2,3,25,29,33,54,55,94,98,101,128,129,130" machi="101" ten="50,12000,1" yaku="19,1,52,3" doraHai="126" who="1" fromWho="3" sc="240,0,270,120,245,0,245,-120" /><INIT seed="1,1,0,5,1,33" ten="240,390,245,125" oya="1" hai0="42,132,62,29,60,107,105,66,19,104,43,76,99" hai1="133,56,96,55,134,40,88,90,115,97,59,28,39" hai2="48,9,38,85,68,22,100,53,52,17,14,54,124" hai3="23,32,58,5,2,10,57,34,111,89,81,37,108"/><U64/><E115/><V45/><F124/><W86/><G37/><T80/><D132/><N who="1" m="50795" /><E39/><V126/><F126/><W78/><G34/><T121/><D121/><U75/><E75/><V130/><F130/><W118/><G32/><T109/><D109/><U49/><E40/><V127/><F127/><W6/><G118/><T72/><D29/><U15/><E15/><V44/><F68/><W91/><G91/><N who="1" m="34858" /><E28/><V93/><F85/><W21/><G108/><T119/><D119/><U116/><E116/><V67/><F67/><W87/><G111/><T24/><D99/><N who="1" m="37963" /><E64/><V92/><F100/><W41/><G41/><T20/><REACH who="0" step="1"/><D62/><REACH who="0" ten="230,390,245,125" step="2"/><U110/><E110/><V27/><F38/><W131/><G131/><T125/><D125/><U46/><AGARI ba="1,1" hai="46,49,55,56,59" m="37963,34858,50795" machi="46" ten="30,3000,0" yaku="20,1,54,1" doraHai="33" who="1" fromWho="1" sc="230,-11,390,43,245,-11,125,-11" /><INIT seed="1,2,0,4,3,102" ten="219,433,234,114" oya="1" hai0="85,11,93,62,13,53,71,5,101,96,112,129,120" hai1="61,122,74,116,16,52,44,97,66,48,128,134,117" hai2="119,18,0,23,25,107,135,105,1,124,50,103,56" hai3="8,31,111,65,32,41,43,9,54,92,34,110,133"/><U64/><E122/><V42/><F119/><W21/><G54/><T33/><D129/><U39/><E74/><V68/><F68/><W81/><G92/><T83/><D112/><U86/><E128/><V37/><F135/><W63/><G21/><T82/><D120/><U46/><E134/><V36/><F124/><W22/><G22/><T123/><D123/><U47/><E86/><V7/><F103/><W38/><G133/><T88/><D33/><U76/><E76/><V100/><F100/><W95/><G95/><T15/><D53/><U45/><E97/><V14/><F25/><W131/><G131/><T67/><REACH who="0" step="1"/><D15/><REACH who="0" ten="209,433,234,114" step="2"/><U55/><E116/><V30/><F14/><W125/><G34/><T27/><D27/><U73/><E117/><V24/><F24/><W59/><G125/><T78/><D78/><U126/><E126/><V40/><F1/><W12/><G12/><T109/><D109/><U106/><E55/><V127/><F0/><W28/><G32/><T91/><D91/><U87/><E52/><V89/><F127/><W115/><G115/><T113/><D113/><U114/><E114/><V35/><F89/><W75/><G110/><T10/><D10/><U17/><E39/><V98/><F37/><W118/><G111/><T84/><D84/><U2/><E87/><V70/><F36/><W26/><G118/><T6/><D6/><U79/><E2/><V72/><F7/><W80/><G26/><T4/><D4/><U132/><E79/><V51/><F35/><W130/><G130/><T77/><D77/><U19/><E132/><V3/><F3/><RYUUKYOKU ba="2,1" sc="209,30,433,-10,234,-10,114,-10" hai0="5,11,13,62,67,71,82,83,85,88,93,96,101" /><INIT seed="2,3,1,1,1,122" ten="239,423,224,104" oya="2" hai0="24,13,44,42,76,135,18,46,23,27,0,3,32" hai1="21,1,20,78,4,124,7,31,129,33,48,101,133" hai2="40,77,30,50,19,61,68,37,39,115,90,54,60" hai3="118,98,14,93,55,89,107,99,113,29,120,9,71"/><V73/><F30/><W84/><G118/><T97/><D135/><U43/><E101/><V95/><F115/><W52/><G120/><T105/><D76/><U91/><E78/><V94/><F19/><W134/><G134/><T126/><D126/><U130/><E91/><V59/><F94/><W25/><G71/><T123/><D123/><U15/><E48/><V10/><F10/><W16/><G113/><T74/><D74/><U2/><E43/><V106/><F106/><W79/><G107/><T82/><D82/><U111/><E124/><V51/><F77/><W128/><G128/><T26/><D32/><U117/><E15/><V119/><F73/><W110/><G110/><T92/><D105/><U65/><E65/><N who="2" m="41007" /><F90/><W22/><REACH who="3" step="1"/><G99/><REACH who="3" ten="239,423,224,94" step="2"/><T121/><D121/><U47/><E133/><V56/><F119/><W104/><G104/><T41/><D41/><U8/><E117/><V64/><F95/><W36/><G36/><T100/><D42/><U72/><E130/><V96/><F96/><W102/><G102/><T116/><D116/><U6/><E129/><V70/><F70/><W53/><G53/><T5/><D92/><U49/><E1/><V125/><F125/><W28/><G28/><T62/><D97/><U132/><E2/><V45/><AGARI ba="3,2" hai="37,39,40,45,50,51,54,56,59,60,64" m="41007" machi="45" ten="30,12000,1" yaku="35,5" doraHai="122" who="2" fromWho="2" sc="239,-43,423,-43,224,149,94,-43" /><INIT seed="2,4,0,3,5,97" ten="196,380,373,51" oya="2" hai0="63,68,52,70,116,125,118,75,2,102,55,47,11" hai1="59,65,53,41,124,5,101,135,4,46,96,134,21" hai2="80,23,84,20,73,49,127,112,76,121,30,54,43" hai3="60,78,17,77,89,33,83,45,95,56,128,132,130"/><V88/><F121/><W16/><G33/><T34/><D75/><U38/><E124/><V106/><F127/><W1/><G1/><T92/><D34/><U120/><E65/><V0/><F112/><W15/><G132/><N who="1" m="50730" /><E21/><V22/><F0/><W117/><G117/><N who="0" m="45163" /><D125/><U8/><E8/><V14/><F106/><W3/><G3/><T107/><D107/><N who="1" m="63911" /><E120/><V81/><F43/><W69/><G45/><T12/><D2/><U115/><E115/><V67/><F67/><W82/><G69/><N who="0" m="26731" /><D63/><AGARI ba="4,0" hai="4,5,38,41,46,53,59,63" m="63911,50730" machi="63" ten="30,2000,0" yaku="20,1,52,1" doraHai="97" who="1" fromWho="0" sc="196,-32,380,32,373,0,51,0" /><INIT seed="3,0,0,2,1,33" ten="164,412,373,51" oya="3" hai0="129,30,101,41,48,96,9,12,1,11,58,5,115" hai1="6,117,68,132,63,57,113,7,8,45,85,92,44" hai2="91,69,108,111,43,55,46,29,31,27,37,73,76" hai3="14,112,10,35,72,127,54,15,94,86,103,47,126"/><W4/><G112/><T110/><D110/><U70/><E113/><V49/><F76/><W109/><G72/><T39/><D115/><U125/><E132/><V25/><F73/><W61/><G35/><T62/><D129/><U97/><E125/><N who="3" m="47626" /><G109/><T78/><D30/><U2/><E85/><V59/><F91/><N who="3" m="53623" /><G103/><T67/><D78/><U51/><E7/><V60/><F29/><W80/><G80/><T13/><D39/><U34/><E45/><V3/><F3/><N who="3" m="287" /><G61/><T28/><D28/><U56/><E34/><V52/><F111/><W75/><G75/><T87/><D87/><U133/><E133/><V99/><F108/><W95/><G95/><N who="0" m="58527" /><D1/><U88/><E117/><V81/><F81/><W50/><AGARI ba="0,0" hai="14,15,47,50,54" m="287,53623,47626" machi="50" ten="30,3000,0" yaku="18,1,52,1" doraHai="33" who="3" fromWho="3" sc="164,-10,412,-10,373,-10,51,30" /><INIT seed="3,1,0,3,5,60" ten="154,402,363,81" oya="3" hai0="87,82,76,86,26,80,54,12,42,44,71,41,123" hai1="50,97,56,63,6,16,28,104,134,4,112,2,24" hai2="122,68,29,126,95,125,79,37,99,75,51,91,0" hai3="118,84,11,129,72,108,116,69,20,57,105,19,131"/><W78/><G69/><T13/><D71/><U23/><E112/><V67/><F37/><W15/><G72/><T8/><D123/><U34/><E134/><V64/><F0/><W111/><G105/><T96/><D96/><U130/><E130/><N who="3" m="49674" /><G78/><N who="0" m="46359" /><D26/><U92/><E104/><V22/><F122/><W48/><G84/><T109/><D109/><N who="3" m="42057" /><G48/><N who="0" m="28935" /><D12/><U100/><E50/><V5/><F51/><W33/><G33/><T113/><D113/><U59/><E2/><V102/><F68/><W3/><G57/><T31/><D31/><U7/><E59/><V132/><F75/><W89/><G89/><T65/><D65/><N who="2" m="25162" /><F132/><W115/><G115/><T46/><D46/><U93/><E34/><V120/><F120/><W62/><G62/><T53/><D53/><N who="1" m="34191" /><E93/><N who="2" m="58735" /><F79/><W18/><G3/><T127/><D127/><U121/><E121/><V14/><F126/><W32/><G32/><T128/><D128/><U66/><E66/><V101/><F125/><W107/><G107/><T45/><D45/><U135/><E135/><V39/><F91/><W17/><G20/><T36/><D36/><U21/><E21/><V83/><F39/><W81/><G81/><T133/><D133/><U70/><E70/><V94/><F83/><W35/><G35/><T117/><D117/><AGARI ba="1,0" hai="11,15,17,18,19,116,117,118" m="42057,49674" machi="117" ten="40,12000,1" yaku="19,1,14,1,10,1,34,2" doraHai="60" who="3" fromWho="0" sc="154,-123,402,0,363,0,81,123" /><INIT seed="3,2,0,3,0,22" ten="31,402,363,204" oya="3" hai0="73,71,7,23,84,101,59,2,69,32,120,19,103" hai1="65,68,40,83,100,119,76,116,117,43,50,63,39" hai2="134,57,64,106,17,97,131,81,9,58,122,79,37" hai3="27,34,125,91,35,29,42,21,15,18,132,25,86"/><W75/><G132/><T85/><D120/><U67/><E100/><V90/><F134/><W111/><G125/><T60/><D32/><U133/><E133/><V47/><F122/><W94/><G75/><T51/><D73/><N who="1" m="43407" /><E67/><V121/><F121/><W118/><G118/><T93/><D51/><U82/><E82/><V98/><F64/><W44/><G111/><T48/><D48/><U70/><E70/><V107/><F37/><W0/><G0/><T4/><D2/><U108/><E108/><V31/><F47/><W109/><G109/><T135/><D135/><U13/><E13/><V129/><F31/><W14/><REACH who="3" step="1"/><G35/><REACH who="3" ten="31,402,363,194" step="2"/><T62/><D23/><U115/><E117/><V36/><F131/><W95/><G95/><T52/><D93/><U130/><E119/><V41/><F129/><W77/><G77/><T55/><REACH who="0" step="1"/><D19/><REACH who="0" ten="21,402,363,194" step="2"/><U88/><E130/><V99/><F17/><W46/><G46/><T66/><D66/><U45/><E65/><V28/><F79/><W33/><G33/><T92/><D92/><U61/><E116/><V105/><F107/><W56/><G56/><AGARI ba="2,2" hai="4,7,52,55,56,59,60,62,69,71,84,85,101,103" machi="56" ten="25,6400,0" yaku="1,1,22,2,54,1,53,0" doraHai="22" doraHaiUra="10" who="0" fromWho="3" sc="21,90,402,0,363,0,194,-70" owari="111,-38.9,402,50.2,363,16.3,124,-27.6" /></mjloggm>