<mjloggm ver="2.3"><GO type="225" lobby="0"/><UN n0="%E3%81%99%E3%81%84%E3%81%BE%E3%81%9B%E3%83%BC%E3%82%93" n1="%E5%80%89%E6%A9%8B%EF%BC%A0%E4%BA%8B%E5%8B%99" n2="%4E%49%4A%49%49%52%4F" n3="%E3%81%8C%E3%81%9F" dan="16,16,16,16" rate="2142.61,2097.58,2154.75,2056.21" sx="M,M,M,F"/><TAIKYOKU oya="0"/><INIT seed="0,0,0,5,0,83" ten="250,250,250,250" oya="0" hai0="12,119,107,130,134,104,95,9,21,129,33,75,50" hai1="15,108,65,48,128,39,113,89,92,18,34,49,80" hai2="120,20,131,66,52,111,81,32,118,6,124,17,127" hai3="41,96,10,103,13,115,53,102,43,42,4,63,54"/><T122/><D119/><U37/><E34/><V125/><F120/><W105/><G115/><T47/><D33/><U68/><E113/><V55/><F118/><W97/><REACH who="3" step="1"/><G63/><REACH who="3" ten="250,250,250,240" step="2"/><T5/><D122/><U98/><E108/><V8/><F111/><W106/><AGARI ba="0,1" hai="4,10,13,41,42,43,53,54,96,97,102,103,105,106" machi="106" ten="30,7900,0" yaku="1,1,2,1,0,1,9,1,53,0" doraHai="83" doraHaiUra="64" who="3" fromWho="3" sc="250,-39,250,-20,250,-20,240,89" /><INIT seed="1,0,0,1,1,10" ten="211,230,230,329" oya="1" hai0="66,36,69,50,84,90,1,103,65,128,126,23,100" hai1="5,79,26,94,124,46,91,42,104,89,118,121,53" hai2="11,24,22,98,56,16,97,9,73,25,49,40,106" hai3="99,58,75,60,62,21,95,17,57,115,19,135,107"/><U30/><E118/><V123/><F73/><W102/><G115/><T63/><D36/><U116/><E116/><V41/><F123/><W122/><G122/><T34/><D34/><U96/><E121/><V81/><F106/><W39/><G39/><T54/><D126/><U31/><E124/><V52/><F24/><W108/><G108/><T67/><D128/><U18/><E104/><V74/><F74/><W109/><G109/><T55/><D1/><U114/><E114/><V51/><F81/><W133/><G75/><T32/><D32/><U47/><E79/><V78/><F78/><W29/><G107/><T0/><D0/><U27/><E5/><V28/><F9/><W20/><G29/><N who="1" m="10762" /><E89/><V71/><F71/><W15/><G58/><N who="0" m="35287" /><D69/><U86/><E53/><V92/><F51/><W112/><G112/><T110/><D23/><N who="1" m="13687" /><E42/><V35/><F97/><W43/><G43/><T4/><D4/><U72/><E72/><V82/><F82/><W3/><G3/><T131/><D131/><U48/><E48/><V68/><F68/><W88/><G102/><T105/><D105/><U101/><E27/><V134/><F35/><W130/><G130/><T125/><D125/><U38/><E38/><V12/><F134/><N who="3" m="51211" /><G57/><N who="0" m="33015" /><D110/><U76/><E101/><AGARI ba="0,0" hai="11,12,16,22,25,28,40,41,49,52,56,92,98,101" machi="101" ten="30,8000,1" yaku="7,1,8,1,52,1,54,2" doraHai="10" who="2" fromWho="1" sc="211,0,230,-80,230,80,329,0" /><INIT seed="2,0,0,3,2,5" ten="211,150,310,329" oya="2" hai0="31,124,102,80,93,135,4,83,43,119,74,117,127" hai1="92,25,66,16,13,27,128,131,123,3,71,15,42" hai2="63,35,28,130,121,90,29,54,118,94,116,46,33" hai3="126,68,37,11,84,96,7,2,48,107,26,19,91"/><V87/><F121/><W120/><G120/><T95/><D43/><U55/><E123/><V129/><F63/><W6/><G37/><T125/><D31/><N who="2" m="11850" /><F54/><W73/><G73/><T60/><D60/><N who="1" m="40391" /><E3/><V67/><F46/><W78/><G68/><T8/><D135/><U104/><E104/><V114/><F67/><W64/><G6/><T101/><D74/><U52/><E42/><V0/><F114/><W82/><G126/><T57/><D57/><U18/><E92/><N who="0" m="35401" /><D8/><N who="1" m="6183" /><E25/><V50/><F50/><W17/><G64/><T69/><D4/><U56/><E27/><V45/><F45/><W61/><G61/><T132/><D132/><U111/><E56/><V38/><F38/><W109/><G26/><T81/><D69/><U12/><E12/><V9/><F116/><AGARI ba="0,0" hai="80,81,83,101,102,116,117,119,124,125,127" m="35401" machi="116" ten="40,12000,2" yaku="28,2,12,1,18,1,34,2" doraHai="5" who="0" fromWho="2" sc="211,120,150,0,310,-120,329,0" /><INIT seed="3,0,0,1,4,29" ten="331,150,190,329" oya="3" hai0="41,91,21,112,15,123,135,133,93,48,20,104,98" hai1="99,108,39,106,122,125,51,132,119,97,75,19,45" hai2="38,78,13,58,49,83,70,46,77,84,103,109,126" hai3="17,50,22,85,2,96,23,88,32,6,11,80,5"/><W72/><G32/><T7/><D123/><U56/><E122/><V54/><F70/><W118/><G118/><T44/><D112/><U37/><E75/><V33/><F126/><W71/><G71/><T9/><D104/><U31/><E125/><V57/><F33/><W52/><G72/><T107/><D107/><U121/><E121/><V27/><F109/><W26/><G96/><T111/><D111/><U18/><E108/><V94/><F77/><W34/><G34/><T59/><D59/><N who="2" m="22538" /><F38/><W86/><G86/><T16/><REACH who="0" step="1"/><D21/><REACH who="0" ten="321,150,190,329" step="2"/><N who="3" m="7689" /><G2/><AGARI ba="0,1" hai="2,7,9,15,16,20,41,44,48,91,93,98,133,135" machi="2" ten="40,8000,1" yaku="1,1,54,1,53,2" doraHai="29" doraHaiUra="130" who="0" fromWho="3" sc="321,90,150,0,190,0,329,-80" owari="411,51.1,150,-35.0,190,-21.0,249,4.9" /></mjloggm>