<mjloggm ver="2.3"><GO type="225" lobby="0"/><UN n0="%E8%A8%88%E7%AE%97%E6%A9%9F%E8%87%AA%E7%84%B6" n1="%E3%81%AF%E3%82%88%E3%81%8A%E3%81%98%E3%81%95%E3%82%93" n2="%E3%81%BD%E3%81%A1%E3%81%9F%E3%81%93%E3%82%84" n3="%E6%97%A5%E6%9B%9C%E6%97%A5%E3%82%88%E3%82%8A%E3%81%AE%E4%BD%BF%E8%80%85" dan="17,16,17,17" rate="2193.54,2122.75,2164.85,2149.01" sx="M,M,M,M"/><TAIKYOKU oya="0"/><INIT seed="0,0,0,5,0,110" ten="250,250,250,250" oya="0" hai0="21,127,64,44,113,124,19,23,47,59,53,56,22" hai1="123,134,86,95,63,48,69,34,84,89,133,67,117" hai2="128,108,85,14,43,71,16,98,105,130,29,51,115" hai3="33,116,41,55,79,122,78,6,28,52,38,74,17"/><T102/><D102/><U92/><E117/><V114/><F71/><W0/><G17/><T90/><D19/><U112/><E123/><V15/><F108/><W1/><G116/><T12/><D12/><U96/><E34/><V65/><F65/><W31/><G33/><T37/><D90/><U57/><E112/><N who="2" m="43051" /><F29/><W5/><G41/><T40/><D113/><U10/><E10/><V25/><F85/><W70/><G38/><T42/><D64/><U118/><E118/><V36/><F36/><W125/><G70/><T119/><D119/><U50/><E86/><V46/><F25/><W45/><G45/><T60/><REACH who="0" step="1"/><D56/><REACH who="0" ten="240,250,250,250" step="2"/><U27/><E69/><V83/><F16/><W2/><G0/><T97/><D97/><U81/><E27/><V58/><F58/><W76/><G1/><T18/><D18/><U107/><E107/><V94/><F105/><W100/><G2/><T75/><D75/><U131/><E89/><N who="2" m="55631" /><F83/><W61/><G100/><T13/><D13/><U9/><E81/><V62/><F14/><W8/><G74/><T35/><D35/><U11/><E57/><V129/><F15/><W30/><G30/><T80/><D80/><U109/><E96/><V121/><F121/><W73/><G122/><T104/><D104/><U132/><E67/><V20/><F20/><W87/><G73/><T93/><D93/><U88/><E95/><V135/><F135/><W4/><G31/><T111/><D111/><U126/><E109/><V101/><F101/><W106/><G28/><T54/><D54/><U26/><E132/><V77/><F77/><W24/><G106/><RYUUKYOKU ba="0,1" sc="240,15,250,-15,250,15,250,-15" hai0="21,22,23,37,40,42,44,47,53,59,60,124,127" hai2="43,46,51,62,128,129,130" /><INIT seed="0,1,1,4,3,74" ten="255,235,265,235" oya="0" hai0="48,117,101,42,75,69,32,63,33,15,65,104,53" hai1="27,80,97,102,99,116,86,113,11,68,0,122,121" hai2="77,59,119,40,24,88,30,35,39,128,6,89,13" hai3="106,112,14,132,44,2,43,111,10,84,72,56,38"/><T20/><D117/><U82/><E68/><V93/><F119/><W3/><G112/><T1/><D1/><U64/><E64/><V45/><F128/><W25/><G72/><T115/><D115/><U4/><E116/><V67/><F77/><W114/><G114/><T57/><D104/><U125/><E113/><V108/><F108/><W22/><G106/><T109/><D101/><U71/><E71/><V96/><F6/><W58/><G111/><T95/><D109/><U133/><E125/><V94/><F13/><W34/><G132/><T46/><D95/><U9/><E133/><V52/><F67/><W70/><G70/><T5/><D75/><U127/><E127/><V18/><F18/><W37/><G37/><T66/><D66/><U92/><E11/><V120/><F120/><W19/><G84/><T124/><D124/><U29/><E99/><V78/><F78/><W134/><G134/><T76/><D76/><U98/><E97/><V28/><F28/><N who="3" m="19727" /><G2/><T26/><D15/><U129/><E129/><V49/><REACH who="2" step="1"/><F93/><REACH who="2" ten="255,235,255,235" step="2"/><W62/><G62/><T126/><D126/><U21/><E82/><V81/><F81/><W100/><G100/><AGARI ba="1,2" hai="24,30,35,39,40,45,49,52,59,88,89,94,96,100" machi="100" ten="30,7700,0" yaku="1,1,7,1,54,2,53,0" doraHai="74" doraHaiUra="103" who="2" fromWho="3" sc="255,0,235,0,255,100,235,-80" /><INIT seed="1,0,0,2,0,11" ten="255,235,355,155" oya="1" hai0="52,30,96,21,98,91,55,18,67,19,31,134,28" hai1="66,99,13,83,113,122,106,57,58,35,85,88,22" hai2="37,110,29,71,64,117,95,130,17,45,111,54,109" hai3="75,102,107,16,94,121,0,116,97,84,104,12,128"/><U93/><E113/><V92/><F117/><W56/><G121/><T49/><D134/><U43/><E122/><V135/><F135/><W27/><G0/><T65/><D91/><U81/><E35/><V132/><F132/><W103/><G116/><T89/><D89/><U86/><E106/><V124/><F130/><W78/><G128/><T77/><D77/><N who="1" m="46255" /><E43/><N who="2" m="22767" /><F29/><W127/><G127/><T68/><D68/><U4/><E66/><N who="0" m="25097" /><D18/><N who="1" m="10575" /><E4/><V62/><F124/><W101/><G27/><N who="0" m="14783" /><D55/><U61/><E61/><V6/><F6/><W119/><G119/><T2/><D2/><U50/><E50/><V26/><F54/><W59/><G75/><T115/><D115/><U32/><E32/><V90/><F90/><AGARI ba="0,0" hai="57,58,83,86,88,90,93,99" m="10575,46255" machi="90" ten="30,5800,0" yaku="8,1,52,1,54,1" doraHai="11" who="1" fromWho="2" sc="255,0,235,58,355,-58,155,0" /><INIT seed="1,1,0,3,5,62" ten="255,293,297,155" oya="1" hai0="14,57,106,79,5,68,73,78,38,0,33,8,104" hai1="32,47,13,91,29,51,23,96,92,1,109,2,112" hai2="25,81,129,45,83,102,127,42,10,12,21,97,20" hai3="76,122,117,99,114,64,31,53,71,48,75,28,36"/><U84/><E112/><V37/><F129/><W46/><G114/><T26/><D57/><U107/><E109/><V132/><F132/><W100/><G122/><T115/><D115/><U133/><E133/><V39/><F39/><W130/><G130/><T16/><D68/><U24/><E107/><V44/><F44/><W121/><G121/><T94/><D94/><U108/><E108/><V126/><F83/><W101/><G117/><T95/><D95/><U134/><E134/><V7/><F81/><W85/><G75/><T77/><D38/><U124/><E124/><N who="2" m="47659" /><F25/><W110/><G110/><T113/><D73/><U103/><E13/><V54/><F54/><W125/><G125/><T105/><D113/><U66/><E32/><V116/><F116/><W70/><G36/><T18/><REACH who="0" step="1"/><D14/><REACH who="0" ten="245,293,297,155" step="2"/><U135/><E135/><V89/><F102/><W9/><G101/><T61/><D61/><U63/><E103/><V19/><F7/><W67/><G100/><T40/><D40/><U49/><E96/><V74/><F74/><W93/><G99/><T58/><D58/><U27/><E49/><V72/><F72/><W34/><G71/><T52/><D52/><U22/><E51/><V82/><F97/><W56/><G70/><T69/><D69/><U15/><E15/><V88/><F82/><N who="3" m="47303" /><G93/><T35/><D35/><U11/><E1/><V41/><F41/><N who="3" m="24655" /><G34/><T80/><D80/><U43/><E2/><V123/><F123/><W131/><G131/><T111/><D111/><U6/><E43/><V65/><F37/><W59/><G53/><T86/><D86/><U90/><E84/><RYUUKYOKU ba="1,1" sc="245,30,293,-10,297,-10,155,-10" hai0="0,5,8,16,18,26,33,77,78,79,104,105,106" /><INIT seed="2,2,1,2,0,32" ten="275,283,287,145" oya="2" hai0="133,7,30,18,91,44,23,41,16,17,89,112,125" hai1="45,27,57,95,29,25,38,31,82,123,69,85,119" hai2="19,53,78,126,47,83,24,90,88,2,51,103,13" hai3="8,64,74,101,34,110,102,35,3,80,87,46,66"/><V11/><F126/><W6/><G110/><T127/><D112/><U104/><E104/><V77/><F2/><W0/><G74/><T121/><D121/><U33/><E69/><V129/><F129/><W131/><G46/><T71/><D71/><U105/><E105/><V114/><F114/><W124/><G87/><T58/><D133/><U54/><E119/><V20/><F103/><W65/><G80/><T12/><D58/><U81/><E123/><V67/><F67/><W109/><G124/><N who="0" m="47691" /><D30/><U22/><E38/><V14/><F14/><W55/><G109/><T76/><D76/><U52/><E45/><V21/><F20/><W79/><G79/><T111/><D111/><U107/><E107/><V97/><F97/><W62/><G131/><T128/><D128/><U63/><E54/><V93/><F93/><W94/><G94/><T117/><D117/><U132/><E132/><V100/><F100/><W98/><G102/><T70/><D70/><U130/><E130/><V49/><F49/><W40/><G40/><T42/><D42/><U56/><E56/><V84/><REACH who="2" step="1"/><F90/><REACH who="2" ten="275,283,277,145" step="2"/><N who="0" m="34314" /><D7/><AGARI ba="2,2" hai="7,11,13,19,21,24,47,51,53,77,78,83,84,88" machi="7" ten="30,18000,2" yaku="1,1,7,1,8,1,54,1,53,2" doraHai="32" doraHaiUra="75" who="2" fromWho="0" sc="275,-186,283,0,277,206,145,0" /><INIT seed="2,3,0,2,2,78" ten="89,283,483,145" oya="2" hai0="90,20,28,46,85,4,131,30,133,87,110,82,116" hai1="104,67,134,37,11,112,115,64,60,117,59,122,97" hai2="76,135,54,44,5,22,8,81,35,129,95,72,106" hai3="107,55,63,3,52,92,80,114,128,49,132,15,26"/><V127/><F35/><W70/><G107/><T75/><D75/><U23/><E117/><V16/><F106/><W9/><G3/><T40/><D110/><U24/><E37/><V57/><F129/><W120/><G120/><T29/><D133/><U100/><E134/><V123/><F135/><W125/><G132/><T98/><D131/><U50/><E122/><V89/><F127/><W27/><G128/><T77/><D116/><U48/><E64/><V118/><F44/><N who="3" m="27687" /><G70/><T94/><D4/><U13/><E48/><V102/><F102/><W69/><G69/><T68/><D68/><U130/><E50/><V126/><F126/><W19/><G125/><T47/><D40/><U61/><E60/><V36/><F36/><W121/><G121/><T103/><REACH who="0" step="1"/><D20/><REACH who="0" ten="79,283,483,145" step="2"/><U93/><E130/><V31/><F118/><W84/><G114/><T0/><D0/><U42/><E42/><V74/><F74/><W99/><G55/><T91/><D91/><U33/><E33/><V25/><F123/><W124/><G124/><T7/><D7/><U1/><E1/><V113/><F5/><W14/><G14/><T21/><D21/><U111/><E111/><V101/><F89/><N who="3" m="51335" /><G63/><T18/><D18/><U62/><E61/><V32/><F16/><W39/><G39/><T71/><D71/><U17/><E115/><V96/><F113/><W45/><G45/><T119/><D119/><U105/><E112/><V88/><F32/><W12/><G15/><T2/><D2/><U65/><E67/><V73/><F73/><W6/><G6/><AGARI ba="3,1" hai="6,11,13,17,23,24,59,62,65,93,97,100,104,105" machi="6" ten="30,1000,0" yaku="7,1" doraHai="78" who="1" fromWho="3" sc="79,0,283,29,483,0,145,-19" /><INIT seed="3,0,0,1,0,84" ten="79,312,483,126" oya="3" hai0="15,82,112,9,100,128,7,4,47,30,11,52,87" hai1="58,28,77,26,32,132,117,93,14,85,49,39,36" hai2="50,102,5,78,44,42,94,57,98,115,8,111,99" hai3="107,35,61,70,41,134,63,90,59,55,51,133,24"/><W104/><G35/><T88/><D128/><U10/><E132/><N who="3" m="50794" /><G24/><T95/><D112/><U19/><E117/><V37/><F111/><W116/><G116/><T69/><D69/><U96/><E85/><V80/><F115/><W101/><G101/><T120/><D120/><U75/><E77/><V38/><F57/><W72/><G72/><T64/><D64/><U71/><E71/><V79/><F99/><W91/><G41/><T127/><D127/><U126/><E75/><V6/><F6/><N who="0" m="2090" /><D30/><U43/><E126/><V119/><F119/><W12/><G70/><T46/><D15/><U18/><E43/><V74/><F79/><W89/><G12/><AGARI ba="0,0" hai="5,8,12,37,38,42,44,50,74,78,80,94,98,102" machi="12" ten="30,1000,0" yaku="7,1" doraHai="84" who="2" fromWho="3" sc="79,0,312,0,483,10,126,-10" owari="79,-42.1,312,11.2,493,59.3,116,-28.4" /></mjloggm>