<mjloggm ver="2.3"><GO type="225" lobby="0"/><UN n0="%4D%6F%6E%61%6E%61" n1="%E3%82%A2%E3%83%A1%E3%82%A2%E3%83%A9%E3%83%AC" n2="%E5%91%A8%E6%9D%B1" n3="%6C%61%6D%62" dan="16,16,17,16" rate="2109.68,2149.14,2128.12,2144.76" sx="F,M,M,M"/><TAIKYOKU oya="0"/><INIT seed="0,0,0,0,2,34" ten="250,250,250,250" oya="0" hai0="32,91,48,67,53,110,57,51,122,44,109,58,94" hai1="90,11,82,124,120,1,86,65,41,69,66,31,56" hai2="7,88,121,92,125,68,42,52,18,5,95,107,80" hai3="76,17,104,103,30,26,22,96,62,60,10,12,55"/><T74/><D74/><U100/><E124/><V129/><F107/><W84/><REACH who="3" step="1"/><G55/><REACH who="3" ten="250,250,250,240" step="2"/><N who="0" m="31975" /><D122/><U2/><E120/><V29/><F121/><W3/><G3/><T83/><D32/><U128/><E2/><V0/><F0/><W6/><G6/><T127/><D127/><U61/><E1/><V78/><F125/><W9/><G9/><T116/><D116/><U119/><E11/><V47/><F5/><W36/><G36/><T73/><D73/><U21/><E119/><V37/><F7/><W23/><G23/><T39/><D83/><AGARI ba="0,1" hai="10,12,17,22,26,30,60,62,76,83,84,96,103,104" machi="83" ten="40,8000,1" yaku="21,2,53,2" doraHai="34" doraHaiUra="59" who="3" fromWho="0" sc="250,-80,250,0,250,0,240,90" /><INIT seed="1,0,0,3,0,16" ten="170,250,250,330" oya="1" hai0="47,6,134,67,48,41,3,9,31,97,36,24,30" hai1="37,40,19,123,14,52,83,101,2,135,70,56,131" hai2="81,72,79,69,115,125,0,94,57,103,29,64,26" hai3="111,132,105,22,96,127,108,120,46,27,107,54,34"/><U42/><E123/><V62/><F125/><W98/><G34/><T44/><D134/><U92/><E2/><V106/><F115/><W77/><G77/><T130/><D130/><U128/><E70/><V129/><F94/><W51/><G120/><T28/><D67/><U63/><E135/><V133/><F57/><W99/><G132/><T116/><D116/><U4/><E4/><V119/><F133/><W45/><G127/><T50/><D97/><N who="1" m="59559" /><E37/><V114/><F114/><W38/><G46/><T112/><D112/><U84/><E131/><V90/><F90/><W58/><G58/><T68/><D68/><U1/><E1/><V15/><F15/><W104/><REACH who="3" step="1"/><G38/><REACH who="3" ten="170,250,250,320" step="2"/><T75/><D75/><U74/><E74/><V80/><F129/><W13/><G13/><T60/><D36/><U33/><E33/><N who="2" m="20663" /><F0/><W73/><G73/><T12/><D3/><U35/><E35/><V23/><F79/><W113/><G113/><T11/><D11/><N who="1" m="6623" /><E128/><V43/><F72/><W55/><G55/><T93/><D60/><U85/><E85/><V110/><F62/><W71/><G71/><T66/><D66/><U88/><AGARI ba="0,1" hai="40,42,52,56,63,83,84,88" m="6623,59559" machi="88" ten="30,6000,0" yaku="8,1,54,2" doraHai="16" who="1" fromWho="1" sc="170,-20,250,70,250,-20,320,-20" /><INIT seed="1,1,0,1,1,85" ten="150,320,230,300" oya="1" hai0="132,38,9,57,35,104,116,95,112,7,45,20,27" hai1="33,65,63,125,82,39,78,124,44,79,110,87,18" hai2="17,105,98,67,46,123,135,103,43,120,128,54,34" hai3="89,31,93,53,70,68,6,83,86,77,122,3,102"/><U109/><E33/><V2/><F34/><W115/><G115/><T81/><D104/><U113/><E113/><V75/><F75/><W30/><G122/><T47/><D112/><U94/><E78/><V97/><F2/><W40/><G40/><T41/><D116/><U28/><E28/><V22/><F135/><W107/><G6/><T96/><D132/><U8/><E94/><V60/><F54/><W29/><G3/><T11/><D81/><U108/><E39/><V73/><F98/><W49/><G102/><T56/><D45/><U24/><E44/><V129/><F73/><W36/><G36/><T55/><D35/><U61/><E24/><V133/><F133/><W74/><REACH who="3" step="1"/><G107/><REACH who="3" ten="150,320,230,290" step="2"/><T15/><D55/><U100/><E100/><V114/><F114/><W0/><G0/><T21/><D11/><U127/><E65/><V32/><F123/><W4/><G4/><T84/><D20/><U134/><E134/><V23/><F120/><W37/><G37/><T13/><D15/><AGARI ba="1,1" hai="8,15,18,61,63,79,82,87,108,109,110,124,125,127" machi="15" ten="50,9600,0" yaku="14,1,10,1,18,1" doraHai="85" who="1" fromWho="0" sc="150,-99,320,109,230,0,290,0" /><INIT seed="1,2,0,0,5,6" ten="51,429,230,290" oya="1" hai0="58,128,51,21,42,23,34,72,40,52,41,53,112" hai1="86,90,38,36,69,32,111,57,12,89,16,134,99" hai2="79,11,87,67,22,7,125,2,103,105,0,60,26" hai3="84,98,30,5,110,83,66,63,54,9,25,85,44"/><U133/><E69/><V114/><F125/><W65/><G110/><T135/><D34/><U95/><E32/><V4/><F114/><W130/><G130/><T97/><D72/><U59/><E111/><V10/><F105/><W1/><G98/><T73/><D112/><U132/><E38/><V119/><F103/><W39/><G85/><T76/><D128/><U20/><REACH who="1" step="1"/><E36/><REACH who="1" ten="51,419,230,290" step="2"/><V102/><F119/><W14/><G39/><T46/><D135/><U19/><E19/><V75/><F75/><W115/><G115/><T80/><REACH who="0" step="1"/><D97/><REACH who="0" ten="41,419,230,290" step="2"/><U18/><E18/><V113/><F113/><W91/><G30/><T15/><D15/><U27/><E27/><V116/><F116/><W45/><G25/><T29/><D29/><U124/><E124/><V48/><F26/><W47/><G1/><T68/><D68/><U121/><E121/><V74/><F74/><W71/><G71/><T77/><D77/><U92/><AGARI ba="2,2" hai="12,16,20,57,59,86,89,90,92,95,99,132,133,134" machi="92" ten="40,12000,1" yaku="1,1,0,1,20,1,54,1,53,0" doraHai="6" doraHaiUra="122" who="1" fromWho="1" sc="41,-42,419,146,230,-42,290,-42" owari="-1,-50.1,565,66.5,188,-21.2,248,4.8" /></mjloggm>