<mjloggm ver="2.3"><GO type="225" lobby="0"/><UN n0="%E4%BA%BA%E9%96%93%E3%83%81%E3%83%A3%E3%83%BC%E3%83%8F%E3%83%B3" n1="%28%EF%BF%A3%E2%96%BD%EF%BF%A3%29%CE%B4%E2%8C%92%E3%83%BB" n2="%E3%82%86%E3%82%88%E3%81%BD%E3%83%BC" n3="%E5%A4%9C%E5%85%89%E5%A4%A9%E6%A5%BC" dan="16,16,16,17" rate="2150.17,2126.22,2111.93,2196.00" sx="M,M,M,M"/><TAIKYOKU oya="0"/><INIT seed="0,0,0,4,1,48" ten="250,250,250,250" oya="0" hai0="82,14,64,30,128,26,24,56,121,114,135,51,112" hai1="131,69,116,106,129,45,6,73,113,68,5,43,123" hai2="90,102,70,11,0,15,86,36,28,94,2,47,126" hai3="44,81,74,34,93,7,41,31,21,19,61,63,76"/><T65/><D121/><U35/><E123/><V96/><F70/><W118/><G118/><T133/><D128/><U110/><E116/><V99/><F126/><W79/><G79/><T109/><D109/><U53/><E35/><V125/><F125/><W3/><G93/><T119/><D119/><U67/><E106/><V92/><F28/><W50/><G31/><T17/><D82/><U25/><E73/><V107/><F36/><W38/><G21/><N who="0" m="11447" /><D51/><U95/><E25/><N who="0" m="9833" /><D30/><U75/><E75/><V39/><F47/><N who="3" m="23991" /><G19/><T98/><D98/><U117/><E117/><V103/><REACH who="2" step="1"/><F39/><REACH who="2" ten="250,250,240,250" step="2"/><W32/><G32/><T84/><D114/><U100/><E113/><V130/><F130/><W124/><G34/><T1/><D112/><U8/><E131/><V105/><F105/><W37/><G37/><T78/><D1/><U88/><E129/><V85/><F85/><W23/><G124/><T58/><D84/><U89/><E69/><V27/><F27/><W18/><G18/><AGARI ba="0,1" hai="0,2,11,15,18,86,90,92,94,96,99,102,103,107" machi="18" ten="30,2000,0" yaku="1,1,7,1,53,0" doraHai="48" doraHaiUra="122" who="2" fromWho="3" sc="250,0,250,0,240,30,250,-20" /><INIT seed="1,0,0,3,1,88" ten="250,250,270,230" oya="1" hai0="1,117,57,13,8,103,124,25,116,20,72,131,60" hai1="37,34,58,121,21,12,105,128,91,83,23,41,56" hai2="2,53,10,19,45,104,119,80,115,3,55,76,114" hai3="127,27,59,36,30,93,52,32,54,7,125,118,69"/><U0/><E0/><V11/><F104/><W42/><G69/><T133/><D72/><U65/><E105/><V126/><F119/><W31/><G118/><T66/><D1/><N who="2" m="10" /><F126/><N who="3" m="48139" /><G7/><T51/><D124/><U22/><E34/><V4/><F19/><W86/><G31/><T49/><D131/><U107/><E107/><V17/><F17/><W47/><G59/><T78/><D133/><U14/><E128/><V111/><F45/><W100/><G86/><T46/><D78/><U102/><E121/><V40/><F40/><W132/><G132/><T28/><D103/><U130/><E102/><V106/><F106/><W5/><G5/><T75/><D75/><U129/><E130/><V79/><F111/><W122/><G122/><T108/><D49/><U18/><E129/><V92/><F92/><W44/><G47/><T135/><D135/><U113/><E113/><N who="2" m="43019" /><F79/><W99/><AGARI ba="0,0" hai="27,30,32,36,42,44,52,54,93,99,100" m="48139" machi="99" ten="30,4000,0" yaku="18,1,52,1,54,1" doraHai="88" who="3" fromWho="3" sc="250,-10,250,-20,270,-10,230,40" /><INIT seed="2,0,0,0,2,42" ten="240,230,260,270" oya="2" hai0="98,129,90,0,104,60,46,119,55,103,21,93,23" hai1="24,72,84,61,107,130,124,134,43,91,29,95,7" hai2="32,20,14,117,41,101,19,74,13,116,22,121,132" hai3="5,122,52,105,65,33,6,68,47,114,86,78,54"/><V59/><F121/><W37/><G33/><T135/><D0/><U83/><E124/><V99/><F32/><W10/><G105/><T66/><D129/><U133/><E130/><V96/><F74/><W28/><G28/><T92/><D135/><U35/><E107/><V71/><F71/><W34/><G34/><T58/><D119/><U39/><E7/><V25/><F132/><N who="1" m="50793" /><E61/><V40/><F59/><W80/><G65/><T27/><D27/><U106/><E106/><V50/><F50/><N who="3" m="28767" /><G37/><T12/><D12/><U125/><E125/><V38/><F38/><W16/><G68/><T113/><D113/><U44/><E72/><V108/><F108/><W110/><G122/><T111/><D111/><U102/><E102/><V79/><F101/><W123/><G123/><T49/><REACH who="0" step="1"/><D104/><REACH who="0" ten="230,230,260,270" step="2"/><U9/><E9/><V88/><F117/><W97/><G110/><T17/><D17/><U15/><E15/><V3/><F3/><W51/><G114/><T89/><D89/><U36/><E36/><V2/><F2/><W94/><G16/><T81/><D81/><AGARI ba="0,1" hai="24,29,35,39,43,44,81,83,84,91,95" m="50793" machi="81" ten="30,2000,0" yaku="20,1,52,1" doraHai="42" who="1" fromWho="0" sc="230,-20,230,30,260,0,270,0" /><INIT seed="3,0,0,0,1,44" ten="210,260,260,270" oya="3" hai0="16,68,25,31,78,43,19,113,6,3,36,95,51" hai1="123,99,75,20,97,98,1,42,93,52,38,126,94" hai2="92,91,15,124,66,128,49,69,135,32,53,55,85" hai3="131,132,11,2,73,87,102,121,82,30,60,109,81"/><W84/><G121/><T37/><D68/><U41/><E1/><V27/><F124/><W13/><G2/><T8/><D113/><U129/><E75/><V56/><F135/><W62/><G73/><T118/><D118/><U79/><E79/><V29/><F128/><W4/><G131/><T106/><D106/><U67/><E129/><V74/><F74/><W64/><G102/><T7/><D7/><U48/><E38/><V39/><F39/><W21/><G132/><T58/><D78/><U134/><E134/><V76/><F76/><N who="3" m="46119" /><G64/><T130/><D130/><U100/><E126/><V24/><F15/><W125/><G109/><T133/><D133/><U45/><E67/><V88/><F27/><N who="3" m="16751" /><G125/><T50/><D95/><N who="1" m="36363" /><E100/><V77/><F77/><AGARI ba="0,0" hai="4,11,13,60,62,77,82,87" m="16751,46119" machi="77" ten="30,1500,0" yaku="8,1" doraHai="44" who="3" fromWho="2" sc="210,0,260,0,260,-15,270,15" /><INIT seed="3,1,0,2,3,106" ten="210,260,245,285" oya="3" hai0="34,23,51,69,42,10,81,110,54,127,76,95,59" hai1="101,73,77,11,122,111,70,7,86,107,123,115,17" hai2="104,114,14,45,57,134,68,30,8,80,119,39,27" hai3="92,65,96,48,56,97,37,52,124,26,44,126,33"/><W75/><G75/><T66/><D34/><U67/><E17/><V36/><F68/><W62/><G37/><T88/><D110/><U6/><E6/><V28/><F114/><W9/><G9/><T38/><D127/><N who="3" m="48681" /><G92/><T83/><D23/><U22/><E22/><V71/><F71/><W12/><G12/><T105/><D105/><U32/><E32/><V61/><F104/><W125/><G125/><T99/><D10/><U98/><E86/><V46/><F119/><W109/><G109/><T21/><D21/><U55/><E55/><V121/><F134/><W29/><AGARI ba="1,0" hai="26,29,33,44,48,52,56,62,65,96,97" m="48681" machi="29" ten="30,3000,0" yaku="18,1,54,1" doraHai="106" who="3" fromWho="3" sc="210,-11,260,-11,245,-11,285,33" owari="199,-30.1,249,4.9,234,-16.6,318,41.8" /></mjloggm>