<mjloggm ver="2.3"><GO type="225" lobby="0"/><UN n0="%E3%82%B2%E3%82%B9%E8%8C%82%E5%8B%9D" n1="%6C%61%6D%62" n2="%77%72%77%72%77%72%77%72" n3="%E5%A4%96%E5%B7%9D%E7%AB%9C%E6%88%90" dan="16,16,16,16" rate="2078.79,2128.72,2162.01,2158.49" sx="F,M,M,M"/><TAIKYOKU oya="0"/><INIT seed="0,0,0,0,0,70" ten="250,250,250,250" oya="0" hai0="127,117,16,43,17,89,88,24,92,110,45,27,135" hai1="128,53,21,20,98,79,1,109,86,47,58,124,94" hai2="60,55,28,34,68,82,66,35,26,50,72,56,30" hai3="4,99,36,87,10,3,129,37,133,121,122,95,125"/><T32/><D117/><U100/><E1/><V112/><F112/><W5/><G133/><T42/><D135/><U80/><E109/><V11/><F11/><N who="3" m="2463" /><G87/><T63/><D63/><U96/><E128/><V69/><F30/><W101/><G129/><T41/><D127/><U90/><E124/><V74/><F69/><W29/><G29/><T33/><D45/><U106/><REACH who="1" step="1"/><E47/><REACH who="1" ten="250,240,250,250" step="2"/><V118/><F118/><W93/><G125/><T8/><D110/><U75/><E75/><V23/><F74/><W15/><G95/><T114/><D114/><U103/><E103/><V61/><F72/><W105/><G93/><T6/><D92/><U49/><AGARI ba="0,1" hai="20,21,49,53,58,79,80,86,90,94,96,98,100,106" machi="49" ten="20,8000,1" yaku="1,1,0,1,7,1,53,2" doraHai="70" doraHaiUra="19" who="1" fromWho="1" sc="250,-40,240,90,250,-20,250,-20" /><INIT seed="1,0,0,5,0,9" ten="210,330,230,230" oya="1" hai0="11,63,41,23,106,40,103,93,110,1,68,100,130" hai1="115,49,43,52,29,26,89,105,67,61,111,5,87" hai2="132,20,128,50,101,59,69,95,42,0,32,22,113" hai3="10,72,112,74,15,58,46,98,102,2,38,96,131"/><U126/><E115/><V6/><F69/><W47/><G112/><T90/><D110/><U121/><E121/><V24/><F113/><W27/><G131/><T36/><D130/><U77/><E105/><V114/><F114/><W88/><G2/><T21/><D106/><U85/><E5/><V97/><F128/><W53/><G27/><T73/><D73/><U18/><E126/><V124/><F124/><W120/><G120/><T127/><D127/><U65/><E43/><V108/><F108/><W133/><G133/><T86/><D63/><U91/><E18/><V44/><F132/><W16/><G38/><T66/><D66/><U82/><E61/><V64/><F0/><W83/><G72/><T99/><D68/><U94/><E77/><V60/><F6/><W116/><G116/><T14/><D1/><U51/><E51/><V37/><F32/><W107/><G74/><T71/><D71/><U70/><E70/><V55/><REACH who="2" step="1"/><F24/><REACH who="2" ten="210,330,220,230" step="2"/><W25/><G25/><T129/><D129/><U45/><REACH who="1" step="1"/><E111/><REACH who="1" ten="210,320,220,230" step="2"/><V134/><F134/><W109/><G109/><T125/><D125/><U31/><E31/><V123/><F123/><W4/><G4/><N who="0" m="3431" /><D36/><U28/><E28/><V39/><F39/><W35/><G35/><AGARI ba="0,2" hai="26,29,35,45,49,52,65,67,82,85,87,89,91,94" machi="35" ten="30,12000,1" yaku="1,1,7,1,54,1,53,2" doraHai="9" doraHaiUra="84" who="1" fromWho="3" sc="210,0,320,140,220,0,230,-120" /><INIT seed="1,1,0,1,1,15" ten="210,460,220,110" oya="1" hai0="117,69,54,0,84,44,25,35,42,110,85,39,14" hai1="1,52,55,24,58,96,16,87,90,67,8,123,132" hai2="28,59,57,61,60,6,62,26,83,36,77,82,126" hai3="78,111,47,92,118,134,120,109,100,135,103,128,29"/><U23/><E123/><V12/><F126/><W13/><G29/><T106/><D0/><U119/><E119/><V43/><F36/><W46/><G120/><T30/><D117/><U125/><E132/><N who="3" m="50730" /><G118/><T115/><D115/><U11/><E96/><V68/><F43/><W76/><G92/><T116/><D116/><U133/><E125/><V73/><F68/><W50/><G50/><T33/><D33/><U56/><E133/><V66/><F83/><W108/><G13/><T20/><D69/><U121/><E67/><V89/><F89/><W63/><G63/><T9/><D106/><U37/><E37/><V45/><F45/><N who="3" m="16907" /><G128/><T41/><D35/><U93/><E121/><V18/><F57/><N who="1" m="22121" /><E1/><V4/><F61/><W3/><G3/><T31/><D41/><U74/><E74/><V75/><F60/><W101/><AGARI ba="1,0" hai="76,78,100,101,103,108,109,111" m="16907,50730" machi="101" ten="40,8000,1" yaku="28,2,14,1,20,1" doraHai="15" who="3" fromWho="3" sc="210,-21,460,-41,220,-21,110,83" /><INIT seed="2,0,0,4,4,35" ten="189,419,199,193" oya="2" hai0="43,50,18,101,87,120,66,98,69,27,93,8,12" hai1="103,134,24,37,4,122,94,124,97,58,112,113,31" hai2="127,15,108,116,28,59,41,60,114,79,105,107,90" hai3="53,88,32,133,132,9,81,76,102,89,63,110,56"/><V84/><F114/><W57/><G32/><T85/><D120/><U78/><E37/><V48/><F116/><W71/><G71/><T75/><D75/><U74/><E4/><V67/><F127/><W51/><G102/><T3/><D3/><U20/><E124/><V92/><F108/><W5/><G110/><T111/><D111/><U123/><E134/><N who="3" m="51818" /><G76/><T62/><D43/><U106/><E106/><V45/><F28/><W128/><G81/><T13/><D27/><U73/><E58/><V14/><F79/><W38/><G38/><T131/><D131/><U52/><E52/><V118/><F118/><W82/><G82/><T25/><D50/><U29/><E29/><V26/><F26/><W33/><G33/><T16/><REACH who="0" step="1"/><D25/><REACH who="0" ten="179,419,199,193" step="2"/><U40/><E40/><V64/><F14/><N who="3" m="5423" /><G128/><T42/><D42/><U121/><E78/><V36/><F15/><W91/><G63/><T72/><D72/><AGARI ba="0,1" hai="20,24,31,72,73,74,94,97,103,112,113,121,122,123" machi="72" ten="50,1600,0" yaku="13,1" doraHai="35" who="1" fromWho="0" sc="179,-16,419,26,199,0,193,0" /><INIT seed="3,0,0,2,2,35" ten="163,445,199,193" oya="3" hai0="36,124,69,102,103,98,65,81,120,44,57,63,0" hai1="96,50,70,15,84,21,86,79,72,56,19,37,111" hai2="54,100,93,112,129,113,58,133,23,68,91,77,90" hai3="80,115,5,48,127,1,40,17,107,128,38,87,74"/><W62/><G115/><T117/><D120/><U4/><E70/><V13/><F68/><W41/><G107/><T104/><D124/><U122/><E37/><V46/><F129/><W39/><G127/><T94/><D117/><U64/><E72/><V59/><F133/><W14/><G128/><T9/><D81/><U123/><E111/><V134/><F134/><W95/><G62/><T11/><D57/><U26/><E79/><V28/><F77/><N who="3" m="44087" /><G48/><T3/><D102/><U130/><E130/><V31/><F46/><N who="3" m="23831" /><G95/><T85/><D9/><U71/><E50/><N who="2" m="31063" /><F113/><W119/><G87/><T18/><D44/><U108/><E15/><V92/><F112/><W126/><G126/><T7/><D36/><U24/><E84/><N who="2" m="52295" /><F100/><W34/><G34/><T61/><D63/><U82/><E86/><N who="2" m="52471" /><F59/><W135/><G135/><T132/><D132/><U121/><E56/><V76/><F76/><W12/><G17/><AGARI ba="0,0" hai="13,17,23,28,31" m="52471,52295,31063" machi="17" ten="30,2000,0" yaku="25,1,8,1" doraHai="35" who="2" fromWho="3" sc="163,0,445,0,199,20,193,-20" owari="163,-33.7,445,54.5,219,1.9,173,-22.7" /></mjloggm>