<mjloggm ver="2.3"><GO type="225" lobby="0"/><UN n0="%E3%81%82%E3%82%93%E3%81%AA%E3%81%A4" n1="%72%65%6E%6B%75%6E" n2="%E6%97%A5%E6%9B%9C%E6%97%A5%E3%82%88%E3%82%8A%E3%81%AE%E4%BD%BF%E8%80%85" n3="%E3%83%B4%E3%83%A0%EF%BC%99%E3%81%A6" dan="16,17,17,17" rate="2163.34,2319.99,2153.09,2207.27" sx="M,M,M,M"/><TAIKYOKU oya="0"/><INIT seed="0,0,0,4,0,20" ten="250,250,250,250" oya="0" hai0="1,54,27,123,112,11,25,135,91,51,93,96,102" hai1="132,98,67,34,19,46,48,16,55,116,7,50,6" hai2="47,14,107,64,30,56,31,97,78,13,120,82,105" hai3="2,35,0,22,63,37,75,62,58,80,3,106,61"/><T74/><D112/><U24/><E116/><V114/><F114/><W76/><G35/><T72/><D123/><U129/><E132/><V21/><F120/><W23/><G106/><T94/><D135/><U4/><E129/><V118/><F118/><W41/><G41/><T92/><D74/><U26/><E67/><V124/><F124/><W39/><REACH who="3" step="1"/><G58/><REACH who="3" ten="250,250,250,240" step="2"/><T122/><D122/><U71/><E71/><V100/><F107/><W125/><G125/><T87/><D72/><U15/><E34/><V73/><F47/><W49/><G49/><T85/><D1/><U8/><E98/><V53/><F105/><W69/><G69/><T70/><D70/><U33/><E33/><V95/><F64/><W115/><G115/><T45/><D11/><N who="1" m="6271" /><E48/><V101/><F73/><W42/><G42/><T32/><D32/><U134/><E134/><V103/><F56/><W126/><G126/><T88/><AGARI ba="0,1" hai="25,27,45,51,54,85,87,88,91,92,93,94,96,102" machi="88" ten="30,18000,2" yaku="0,1,9,1,8,1,52,2,54,1" doraHai="20" who="0" fromWho="0" sc="250,190,250,-60,250,-60,240,-60" /><INIT seed="0,1,0,4,3,23" ten="440,190,190,180" oya="0" hai0="49,95,111,24,131,73,86,43,70,8,125,1,116" hai1="74,48,55,20,25,104,56,133,65,83,36,109,41" hai2="127,98,4,12,115,71,81,39,99,58,87,26,32" hai3="107,19,72,113,63,17,14,50,5,84,90,103,64"/><T33/><D73/><U80/><E104/><V40/><F71/><W54/><G113/><T61/><D116/><U7/><E133/><V126/><F115/><W75/><G5/><T28/><D131/><U30/><E109/><V97/><F58/><W117/><G117/><T51/><D111/><U2/><E65/><V135/><F135/><W34/><G34/><T15/><D1/><U29/><E29/><N who="2" m="19511" /><F40/><W130/><G130/><T13/><D125/><N who="2" m="47626" /><F39/><W9/><G19/><T119/><D43/><U0/><E7/><V122/><F122/><W69/><G103/><T108/><D15/><U128/><E128/><V11/><F99/><W62/><G62/><T92/><D61/><U82/><REACH who="1" step="1"/><E74/><REACH who="1" ten="440,180,190,180" step="2"/><V68/><F68/><W85/><G107/><T79/><D108/><U67/><E67/><V134/><F134/><W22/><G72/><T96/><D70/><U44/><AGARI ba="1,1" hai="0,2,20,25,30,36,41,44,48,55,56,80,82,83" machi="44" ten="30,7900,0" yaku="1,1,0,1,52,1,53,1" doraHai="23" doraHaiUra="38" who="1" fromWho="1" sc="440,-40,180,92,190,-21,180,-21" /><INIT seed="1,0,0,5,4,16" ten="400,272,169,159" oya="1" hai0="43,87,84,53,63,25,107,126,92,85,18,83,117" hai1="55,132,91,128,33,95,23,50,79,8,88,82,130" hai2="122,78,123,3,49,99,74,34,135,129,9,66,127" hai3="120,20,108,76,17,10,52,27,1,105,57,100,28"/><U47/><E33/><V125/><F34/><W30/><G120/><T71/><D107/><U2/><E132/><V0/><F66/><W101/><G108/><T90/><D117/><U58/><E2/><N who="2" m="555" /><F49/><W31/><G76/><T106/><D106/><U65/><E8/><V96/><F9/><W97/><G100/><T134/><D126/><N who="2" m="48138" /><F135/><W5/><REACH who="3" step="1"/><G28/><REACH who="3" ten="400,272,169,149" step="2"/><T111/><D111/><U7/><E128/><V133/><F133/><W68/><G68/><T24/><D71/><U35/><E130/><V46/><F129/><W41/><G41/><T110/><D43/><U13/><E35/><V62/><F123/><W70/><G70/><T15/><D110/><U39/><E39/><V40/><F122/><W121/><G121/><T14/><D134/><U80/><E79/><V6/><F78/><W38/><G38/><T77/><D77/><U104/><E104/><V69/><F74/><W32/><G32/><T98/><D90/><U124/><E124/><V115/><F115/><W59/><G59/><T4/><D85/><N who="1" m="52623" /><E91/><V67/><F40/><W56/><G56/><T48/><D87/><U114/><E114/><V44/><F6/><W93/><G93/><T51/><D4/><U118/><E118/><V119/><F119/><W72/><G72/><T64/><D84/><U36/><E7/><V73/><F73/><W54/><G54/><T19/><D53/><U12/><E36/><V113/><F113/><W102/><G102/><T60/><D64/><U131/><E131/><V37/><F37/><W21/><G21/><T29/><D92/><U103/><E23/><V42/><F42/><RYUUKYOKU ba="0,1" sc="400,-15,272,-15,169,15,149,15" hai2="44,46,62,67,69,96,99" hai3="1,5,10,17,20,27,30,31,52,57,97,101,105" /><INIT seed="2,1,1,5,0,25" ten="385,257,184,164" oya="2" hai0="38,105,17,128,79,92,21,124,62,100,121,35,54" hai1="102,69,56,126,67,95,66,26,86,22,84,3,61" hai2="41,73,45,113,120,81,34,97,18,31,47,99,4" hai3="51,24,14,129,50,75,88,13,80,101,29,104,7"/><V16/><F113/><W60/><G129/><T11/><D38/><U49/><E3/><V12/><F120/><W74/><G60/><T117/><D35/><U5/><E126/><V42/><F73/><W134/><G134/><T83/><D105/><U108/><E5/><V85/><F34/><W114/><G114/><T76/><D11/><U72/><E72/><V131/><F131/><W93/><G74/><T63/><D54/><U133/><E133/><V23/><F4/><W9/><G13/><T91/><D83/><U135/><E135/><V20/><F31/><W15/><G15/><T118/><D100/><U53/><E66/><V82/><F12/><W78/><G101/><T112/><D124/><U36/><E36/><V55/><F55/><W98/><REACH who="3" step="1"/><G104/><REACH who="3" ten="385,257,184,154" step="2"/><T94/><D112/><U103/><E103/><V33/><F33/><AGARI ba="1,2" hai="7,9,14,24,29,33,50,51,75,78,80,88,93,98" machi="33" ten="30,8000,1" yaku="1,1,2,1,7,1,52,1,54,1,53,0" doraHai="25" doraHaiUra="96" who="3" fromWho="2" sc="385,0,257,0,184,-83,154,103" /><INIT seed="3,0,0,2,3,119" ten="385,257,101,257" oya="3" hai0="95,123,48,51,130,109,29,67,40,49,61,33,62" hai1="122,71,6,20,17,60,46,1,44,75,50,113,91" hai2="101,21,118,106,84,107,12,59,41,11,19,7,93" hai3="72,0,108,8,92,47,64,124,102,58,34,68,104"/><W103/><G72/><T10/><D123/><U65/><E113/><V4/><F118/><W69/><G104/><T45/><D109/><U74/><E122/><V76/><F107/><W42/><G34/><T135/><D135/><U128/><E128/><V86/><F106/><W132/><G132/><T73/><D73/><U77/><E91/><V36/><F36/><W96/><G103/><T3/><D130/><U31/><E31/><V32/><F32/><W81/><G81/><T22/><D33/><U55/><E77/><V53/><F41/><W16/><G108/><T89/><D10/><U90/><E90/><V120/><F120/><W25/><G124/><T117/><D3/><U57/><E6/><V9/><F4/><W27/><G27/><N who="0" m="16631" /><D117/><U112/><E1/><V133/><F133/><W37/><G0/><T56/><D62/><U78/><E112/><V125/><F125/><W116/><G116/><T15/><D15/><U105/><E105/><V85/><F76/><W14/><REACH who="3" step="1"/><G25/><REACH who="3" ten="385,257,101,247" step="2"/><T35/><D35/><U97/><E75/><V54/><F54/><W79/><G79/><T2/><D2/><U83/><E97/><AGARI ba="0,1" hai="40,45,48,49,51,56,61,67,89,95,97" m="16631" machi="97" ten="30,1000,0" yaku="8,1" doraHai="119" who="0" fromWho="1" sc="385,20,257,-10,101,0,247,0" owari="405,50.5,247,4.7,101,-39.9,247,-15.3" /></mjloggm>