<mjloggm ver="2.3"><GO type="225" lobby="0"/><UN n0="%E3%81%8B%E3%82%8F%E3%81%A1%E3%82%83%E3%82%93%35%38" n1="%77%72%77%72%77%72%77%72" n2="%E6%B8%A9%E2%98%85%E6%83%85%E2%98%85%E6%8E%AA%E2%98%85%E7%BD%AE" n3="%E5%B5%90%E9%9B%B2%E3%81%AE%E3%82%AB%E3%83%A9%E3%82%B9" dan="16,16,17,16" rate="2181.20,2233.31,2211.67,2080.28" sx="M,M,M,F"/><TAIKYOKU oya="0"/><INIT seed="0,0,0,5,4,1" ten="250,250,250,250" oya="0" hai0="76,118,44,0,100,22,62,104,106,5,128,107,101" hai1="64,19,111,47,17,119,92,85,123,56,40,59,57" hai2="18,42,48,54,77,38,99,110,32,109,6,115,131" hai3="134,82,55,103,12,122,53,4,37,130,88,45,132"/><T27/><D118/><U90/><E119/><V120/><F120/><W121/><G130/><T25/><D128/><U43/><E123/><N who="3" m="47114" /><G103/><T24/><D76/><U21/><E111/><N who="2" m="42507" /><F131/><W94/><G82/><T72/><D72/><U135/><E135/><N who="3" m="51754" /><G45/><T68/><D44/><U65/><E17/><V78/><F32/><W36/><G53/><T74/><D22/><U35/><E35/><V28/><F115/><W7/><G12/><T29/><D74/><U49/><REACH who="1" step="1"/><E43/><REACH who="1" ten="250,240,250,250" step="2"/><V58/><F42/><W84/><G55/><T114/><D114/><U95/><E95/><V97/><F54/><W26/><G26/><AGARI ba="0,1" hai="19,21,26,40,47,49,56,57,59,64,65,85,90,92" machi="26" ten="40,8000,1" yaku="1,1,8,1,53,3" doraHai="1" doraHaiUra="52" who="1" fromWho="3" sc="250,0,240,90,250,0,250,-80" /><INIT seed="1,0,0,3,1,134" ten="250,330,250,170" oya="1" hai0="21,25,123,5,110,80,76,109,84,43,77,63,61" hai1="105,12,45,46,29,16,111,74,131,10,88,120,102" hai2="57,42,38,72,62,48,18,90,108,22,60,35,47" hai3="15,41,135,56,2,117,96,98,58,53,23,69,114"/><U86/><E120/><V101/><F108/><N who="0" m="41578" /><D123/><U112/><E112/><V14/><F35/><W87/><G2/><T66/><D43/><U1/><E111/><V81/><F101/><W103/><G114/><T129/><D129/><U99/><E74/><V0/><F0/><W75/><G75/><T7/><D77/><U40/><E131/><V67/><F62/><N who="0" m="23562" /><D66/><U78/><E78/><V89/><F72/><W9/><G69/><T59/><D59/><U91/><E29/><AGARI ba="0,0" hai="5,7,21,25,29,76,80,84" m="23562,41578" machi="29" ten="30,1000,0" yaku="14,1" doraHai="134" who="0" fromWho="1" sc="250,10,330,-10,250,0,170,0" /><INIT seed="2,0,0,0,5,55" ten="260,320,250,170" oya="2" hai0="38,94,117,84,119,102,24,126,50,62,101,32,109" hai1="4,93,19,18,70,112,49,92,78,133,124,29,89" hai2="114,52,16,54,21,108,53,13,80,34,35,85,7" hai3="51,88,77,68,3,118,107,27,113,71,82,63,8"/><V56/><F114/><W26/><G113/><T17/><D38/><U25/><E70/><V30/><F108/><W96/><G118/><N who="0" m="45067" /><D109/><U1/><E112/><V61/><F7/><W23/><G27/><T6/><D126/><U127/><E78/><V64/><REACH who="2" step="1"/><F30/><REACH who="2" ten="260,320,240,170" step="2"/><W122/><G122/><T14/><D6/><U60/><E29/><V90/><AGARI ba="0,1" hai="13,16,21,34,35,52,53,54,56,61,64,80,85,90" machi="90" ten="30,18000,2" yaku="1,1,2,1,0,1,52,1,54,2,53,0" doraHai="55" doraHaiUra="115" who="2" fromWho="2" sc="260,-60,320,-60,240,190,170,-60" /><INIT seed="2,1,0,1,0,99" ten="200,260,430,110" oya="2" hai0="70,130,110,10,104,87,75,119,38,107,28,14,117" hai1="128,125,108,114,46,11,112,22,105,96,2,15,53" hai2="66,17,86,18,98,58,6,74,5,7,12,25,62" hai3="59,21,45,13,93,97,8,78,88,48,41,50,134"/><V126/><F74/><W85/><G134/><T3/><D75/><U106/><E108/><V42/><F126/><W37/><G21/><T54/><D3/><U116/><E116/><V9/><F42/><W69/><G69/><T131/><D70/><U79/><E79/><V34/><F86/><W120/><G120/><T71/><D71/><U64/><E64/><V39/><F39/><W80/><REACH who="3" step="1"/><G59/><REACH who="3" ten="200,260,430,100" step="2"/><T61/><D119/><U82/><E22/><V132/><F58/><W63/><G63/><T20/><D117/><U77/><E114/><V1/><F62/><W121/><G121/><T103/><D110/><U65/><E112/><V36/><F132/><W72/><G72/><T73/><D73/><U24/><E125/><V109/><F109/><W33/><G33/><T115/><D115/><U30/><E128/><V83/><F34/><W51/><G51/><T76/><D38/><U49/><E49/><V127/><F36/><W133/><G133/><T102/><D131/><U100/><E30/><V19/><F127/><W27/><G27/><T40/><D130/><U111/><E24/><V129/><F25/><W92/><G92/><T94/><D107/><U35/><E106/><V16/><F129/><W91/><G91/><T95/><D104/><N who="1" m="63495" /><E111/><V89/><F89/><W68/><G68/><T0/><D95/><U124/><E105/><V44/><F9/><W101/><G101/><N who="0" m="38411" /><D20/><U135/><E124/><V4/><F1/><W60/><G60/><T123/><D28/><U122/><E2/><V26/><F26/><W47/><G47/><T84/><D0/><U29/><E135/><RYUUKYOKU ba="1,1" sc="200,-10,260,-10,430,-10,100,30" hai3="8,13,37,41,45,48,50,78,80,85,88,93,97" /><INIT seed="3,2,1,5,3,58" ten="190,250,420,130" oya="3" hai0="3,30,38,114,98,75,100,44,112,68,25,63,85" hai1="71,99,17,72,95,106,15,121,13,90,78,51,53" hai2="4,7,16,31,27,129,46,59,88,9,20,123,8" hai3="69,124,22,56,76,57,111,79,130,87,66,118,103"/><W128/><G118/><T6/><D75/><U94/><E71/><V50/><F129/><N who="3" m="49771" /><G124/><T134/><D85/><U107/><E121/><V14/><F123/><W42/><G103/><T0/><D6/><U35/><E35/><V131/><F131/><W67/><G42/><N who="0" m="22615" /><D134/><U32/><E32/><V64/><F9/><W108/><G22/><T19/><D19/><U61/><E13/><V96/><F96/><W49/><G87/><T135/><D135/><U52/><E78/><N who="3" m="29738" /><G49/><T132/><D132/><U101/><E72/><V109/><F20/><W82/><G82/><T93/><D25/><U21/><E95/><V73/><F27/><W117/><G117/><T122/><D122/><U70/><E101/><V48/><F73/><W83/><G83/><T119/><D119/><U12/><E107/><V84/><F48/><W74/><G74/><T92/><D92/><U1/><E106/><V29/><F50/><W133/><G133/><T47/><D30/><U45/><E1/><N who="0" m="585" /><D47/><U55/><E12/><V18/><F46/><W26/><G26/><T127/><D127/><U37/><E37/><V43/><F31/><W102/><G102/><T65/><D93/><U54/><E94/><V23/><F29/><W40/><G40/><T115/><D100/><U5/><E21/><V120/><F43/><W97/><G97/><AGARI ba="2,1" hai="63,65,68,97,98,112,114,115" m="585,22615" machi="97" ten="40,2600,0" yaku="11,1,52,1" doraHai="58" who="0" fromWho="3" sc="190,42,250,0,420,0,130,-32" owari="232,-16.8,250,5.0,420,52.0,98,-40.2" /></mjloggm>