<mjloggm ver="2.3"><GO type="225" lobby="0"/><UN n0="%45%6C%79%73%69%75%6D" n1="%6D%75%75%6D%75%72%61" n2="%E5%8F%AF%E5%85%90%E9%82%A3%E7%94%B1%E5%A4%9A" n3="%E5%B8%86%E7%AB%8B%E5%A4%8F%E8%A1%A3" dan="17,17,17,16" rate="2101.99,2200.55,2238.93,2120.72" sx="F,F,F,M"/><TAIKYOKU oya="0"/><INIT seed="0,0,0,5,5,117" ten="250,250,250,250" oya="0" hai0="66,81,85,77,101,26,72,57,125,67,115,49,44" hai1="75,93,11,25,41,129,17,22,24,96,33,118,102" hai2="92,107,71,62,36,69,122,110,131,6,37,0,88" hai3="135,95,128,16,4,51,32,108,80,34,82,134,98"/><T8/><D115/><U76/><E118/><V47/><F107/><W15/><G4/><T90/><D125/><U21/><E129/><V130/><F110/><W20/><G108/><T119/><D119/><U19/><E33/><N who="3" m="12906" /><G51/><T53/><D101/><U28/><E41/><V79/><F79/><W87/><G87/><T31/><D8/><U94/><E11/><N who="2" m="2503" /><F122/><W104/><G104/><T105/><D105/><U59/><E28/><V13/><F13/><W114/><G114/><T10/><D10/><U121/><E121/><V100/><F100/><N who="3" m="60511" /><G128/><N who="2" m="49193" /><F47/><W63/><G63/><T116/><D116/><U54/><E75/><V113/><F113/><W61/><G61/><T84/><D72/><U123/><E123/><V48/><F48/><W97/><G97/><T29/><D44/><U60/><E76/><V56/><F36/><W35/><N who="3" m="12914" /><W103/><DORA hai="45" /><G103/><T12/><D12/><U120/><E120/><V42/><F42/><W68/><G68/><T27/><D27/><U64/><REACH who="1" step="1"/><E93/><REACH who="1" ten="250,240,250,250" step="2"/><V52/><F37/><W124/><G124/><T133/><D29/><U73/><E73/><V39/><F39/><W58/><G58/><T65/><D31/><U55/><AGARI ba="0,1" hai="17,19,21,22,24,25,54,55,59,60,64,94,96,102" machi="55" ten="30,7900,0" yaku="1,1,0,1,9,1,8,1,53,0" doraHai="117,45" doraHaiUra="70,109" who="1" fromWho="1" sc="250,-39,240,89,250,-20,250,-20" /><INIT seed="1,0,0,0,1,50" ten="211,329,230,230" oya="1" hai0="48,61,132,63,83,97,7,53,45,80,87,116,20" hai1="85,68,119,62,22,5,31,0,126,59,2,107,55" hai2="18,33,118,93,42,9,129,105,77,117,76,24,52" hai3="111,104,112,84,133,60,12,106,75,64,124,15,32"/><U123/><E119/><V73/><F105/><W41/><G112/><T72/><D116/><U16/><E123/><V70/><F70/><W39/><G75/><T69/><D132/><U120/><E120/><V125/><F125/><W11/><G124/><T67/><D72/><U134/><E126/><V49/><F129/><W57/><G133/><T38/><D97/><U90/><E134/><V51/><F73/><W19/><G111/><T96/><D96/><U82/><E107/><V88/><F118/><W47/><G32/><T25/><D7/><U110/><E110/><V122/><F122/><W46/><G84/><T98/><D98/><U66/><E31/><V89/><F117/><W29/><G29/><T4/><D4/><U44/><E44/><N who="2" m="25751" /><F33/><W103/><G103/><T128/><D128/><U99/><E99/><N who="2" m="57767" /><F89/><W79/><G79/><T94/><D38/><U13/><REACH who="1" step="1"/><E5/><REACH who="1" ten="211,319,230,230" step="2"/><V100/><F100/><W21/><G46/><T95/><D45/><U109/><E109/><V78/><F24/><W43/><G43/><T1/><D25/><U3/><E3/><V115/><F115/><W34/><G34/><T14/><D1/><U17/><E17/><AGARI ba="0,1" hai="11,12,15,17,19,21,39,41,47,57,60,64,104,106" machi="17" ten="30,1000,0" yaku="7,1" doraHai="50" who="3" fromWho="1" sc="211,0,319,-10,230,0,230,20" /><INIT seed="2,0,0,1,2,129" ten="211,309,230,250" oya="2" hai0="3,34,68,102,27,104,73,79,87,17,45,41,37" hai1="122,92,131,24,75,14,80,112,36,33,10,118,88" hai2="100,44,29,99,6,111,66,110,81,74,32,18,57" hai3="0,21,128,40,52,84,15,125,59,47,4,95,96"/><V116/><F116/><W126/><G128/><T5/><D87/><U124/><E118/><V71/><F6/><W51/><G0/><T119/><D119/><U1/><E131/><V28/><F57/><W11/><G21/><T86/><D86/><U50/><E36/><V30/><F32/><W117/><G84/><T114/><D114/><U67/><E1/><V60/><F18/><W64/><G64/><T132/><D17/><U46/><E112/><V12/><F12/><W103/><REACH who="3" step="1"/><G117/><REACH who="3" ten="211,309,230,240" step="2"/><T56/><D3/><U19/><E67/><V63/><F66/><W23/><G23/><T31/><D34/><U90/><E33/><V58/><F74/><W42/><G42/><T106/><D73/><U123/><E75/><V83/><F111/><W98/><G98/><T72/><D72/><U13/><E13/><V89/><F110/><W16/><G16/><T20/><D41/><U55/><E14/><V120/><F99/><W97/><G97/><T39/><D31/><U49/><E19/><V93/><F28/><W94/><G94/><T101/><D104/><U82/><E92/><V134/><F93/><W25/><G25/><T9/><D27/><U2/><E24/><V69/><F29/><W62/><AGARI ba="0,1" hai="4,11,15,40,47,51,52,59,62,95,96,103,125,126" machi="62" ten="30,7900,0" yaku="1,1,0,1,54,1,53,1" doraHai="129" doraHaiUra="91" who="3" fromWho="3" sc="211,-20,309,-20,230,-39,240,89" /><INIT seed="3,0,0,2,5,108" ten="191,289,191,329" oya="3" hai0="130,4,1,26,49,51,5,21,132,67,44,99,109" hai1="39,46,19,102,105,65,20,110,36,116,57,122,52" hai2="96,32,76,87,23,55,68,107,3,60,56,66,2" hai3="29,0,25,95,69,94,112,88,98,12,84,38,80"/><W86/><G112/><T129/><D109/><U103/><E110/><V134/><F32/><W24/><G38/><T43/><D132/><U133/><E122/><V90/><F134/><W120/><G0/><T34/><D34/><U37/><E133/><V78/><F23/><W121/><G69/><T10/><D4/><U125/><E125/><V70/><F70/><W16/><G29/><N who="0" m="17615" /><D99/><U58/><E116/><V47/><F47/><W82/><G121/><T123/><D67/><U74/><E74/><V72/><F72/><W15/><G120/><T61/><D61/><U114/><E114/><V35/><F35/><W17/><G98/><T22/><D22/><U45/><E65/><V93/><F76/><W48/><G48/><N who="0" m="26655" /><D123/><U27/><E58/><V118/><F118/><W115/><G115/><T106/><D106/><U13/><E27/><V97/><F97/><W50/><G50/><T135/><D135/><U117/><E117/><V104/><F104/><W18/><G18/><T89/><D89/><AGARI ba="0,0" hai="12,15,16,17,24,25,80,82,84,86,88,89,94,95" machi="89" ten="25,12000,1" yaku="22,2,8,1,54,2" doraHai="108" who="3" fromWho="0" sc="191,-120,289,0,191,0,329,120" owari="71,-42.9,289,8.9,191,-20.9,449,54.9" /></mjloggm>