<mjloggm ver="2.3"><GO type="225" lobby="0"/><UN n0="%E5%87%BA%E6%B0%B4" n1="%E6%B0%B7%E5%B7%9D%E9%87%8C%E5%A5%88" n2="%E3%82%BD%E3%83%83%E3%82%AF%E3%82%B9%E2%99%AA" n3="%E6%A1%9C%E8%8A%B1%E9%96%83%E3%80%85" dan="16,16,16,16" rate="2065.84,2116.38,2058.92,2061.52" sx="F,F,M,M"/><TAIKYOKU oya="0"/><INIT seed="0,0,0,0,1,71" ten="250,250,250,250" oya="0" hai0="15,135,42,127,6,90,112,116,24,14,66,92,49" hai1="130,59,30,34,76,13,107,60,100,108,25,67,8" hai2="72,45,91,119,46,57,118,39,99,95,104,27,55" hai3="117,79,37,84,94,19,125,17,74,7,26,54,48"/><T83/><D112/><U105/><E108/><V126/><F126/><W78/><G117/><T41/><D116/><N who="2" m="44586" /><F72/><W43/><G125/><T47/><D127/><U32/><E130/><V75/><F75/><W77/><G74/><T63/><D135/><U123/><E123/><V65/><F65/><W81/><G7/><T52/><D83/><U56/><E76/><V70/><F70/><W115/><G115/><T18/><D6/><U21/><E59/><V2/><F2/><W86/><G37/><T124/><D124/><U22/><E22/><V73/><F73/><W1/><G43/><T109/><D109/><U44/><E44/><N who="2" m="17003" /><F27/><W58/><G1/><T93/><D24/><U33/><REACH who="1" step="1"/><E100/><REACH who="1" ten="250,240,250,250" step="2"/><V61/><F104/><W69/><G69/><T38/><D90/><U20/><E20/><V113/><F113/><W128/><G128/><T29/><D47/><U134/><E134/><V11/><F11/><W121/><G121/><T96/><D38/><AGARI ba="0,1" hai="38,39,55,57,61,91,95,99" m="17003,44586" machi="38" ten="30,3900,0" yaku="12,1,52,2" doraHai="71" who="2" fromWho="0" sc="250,-39,240,0,250,49,250,0" /><INIT seed="1,0,0,3,4,59" ten="211,240,299,250" oya="1" hai0="51,95,1,102,107,104,101,15,19,122,35,117,115" hai1="82,90,78,92,55,72,18,121,24,36,47,86,5" hai2="12,93,126,43,129,108,37,133,33,106,88,131,110" hai3="0,74,119,45,7,11,103,50,125,98,49,32,89"/><U22/><E121/><V73/><F106/><W67/><G125/><T25/><D115/><U120/><E120/><V52/><F126/><W116/><G32/><T6/><D122/><U56/><E5/><V23/><F33/><W114/><G114/><T65/><D117/><N who="3" m="45129" /><G74/><T118/><D118/><U81/><E47/><N who="2" m="24047" /><F73/><W134/><G134/><T100/><D65/><U66/><E36/><V53/><F133/><W135/><G135/><T44/><D95/><U28/><E66/><V91/><F23/><W71/><G89/><N who="2" m="34377" /><F12/><W8/><G8/><T46/><D6/><U30/><REACH who="1" step="1"/><E92/><REACH who="1" ten="211,230,299,250" step="2"/><V77/><F93/><N who="3" m="58831" /><G45/><T60/><D44/><U62/><AGARI ba="0,1" hai="18,22,24,28,30,55,56,62,72,78,81,82,86,90" machi="62" ten="20,7800,0" yaku="1,1,0,1,7,1,52,1,53,0" doraHai="59" doraHaiUra="111" who="1" fromWho="1" sc="211,-26,230,88,299,-26,250,-26" /><INIT seed="1,1,0,4,1,75" ten="185,318,273,224" oya="1" hai0="61,91,21,26,101,128,63,117,118,103,20,38,102" hai1="47,79,67,85,87,62,36,24,0,76,124,25,4" hai2="112,1,7,100,55,131,14,35,83,107,127,133,115" hai3="105,81,73,110,129,96,8,77,39,80,17,40,111"/><U89/><E124/><V119/><F119/><W69/><G69/><T70/><D128/><U65/><E0/><V132/><F35/><W68/><G68/><T3/><D3/><U31/><E4/><V53/><F1/><W71/><G71/><T60/><D38/><U59/><E67/><V72/><F131/><W15/><G129/><T134/><D134/><N who="2" m="51818" /><F127/><W33/><G33/><T135/><D135/><U56/><E56/><V121/><F121/><W23/><G23/><T106/><D106/><U18/><E36/><V51/><F100/><W30/><G30/><T46/><D70/><U16/><E47/><V10/><F107/><W88/><G40/><T116/><D46/><U6/><E6/><V50/><F50/><W52/><G52/><N who="2" m="20041" /><F51/><W58/><G58/><T113/><D113/><U57/><E62/><V82/><F82/><W78/><G39/><T37/><D37/><U84/><E65/><V74/><F74/><W99/><G105/><T114/><D114/><U42/><E42/><V32/><F32/><W12/><G80/><T94/><D26/><N who="1" m="10347" /><E31/><V123/><F123/><W92/><G73/><T125/><REACH who="0" step="1"/><D125/><REACH who="0" ten="175,318,273,224" step="2"/><U54/><E59/><V43/><F43/><W2/><G2/><T9/><D9/><U120/><E57/><V22/><F22/><W19/><G8/><T44/><D44/><U95/><E54/><V66/><F66/><W41/><G41/><T104/><D104/><U34/><E34/><V122/><F122/><W48/><G48/><T29/><D29/><U97/><E120/><V126/><F126/><W64/><G64/><T86/><AGARI ba="1,1" hai="20,21,60,61,63,86,91,94,101,102,103,116,117,118" machi="86" ten="40,16000,3" yaku="1,1,5,1,0,1,29,2,53,3" doraHai="75" doraHaiUra="98" who="0" fromWho="0" sc="175,173,318,-81,273,-41,224,-41" /><INIT seed="2,0,0,0,1,80" ten="348,237,232,183" oya="2" hai0="56,53,135,6,124,32,100,23,24,38,122,26,120" hai1="130,70,82,79,110,18,7,29,123,121,44,28,10" hai2="92,68,66,102,0,117,103,75,39,19,113,81,87" hai3="128,72,98,21,58,105,13,101,125,108,47,63,52"/><V14/><F113/><W67/><G108/><T93/><D38/><U16/><E70/><V55/><F117/><W119/><G119/><T49/><D135/><U115/><E115/><V106/><F106/><W96/><G128/><T78/><D78/><U48/><E110/><V9/><F39/><W31/><G125/><T134/><D134/><U27/><E130/><V69/><F75/><W85/><G72/><T33/><D124/><U54/><E82/><V61/><F69/><W51/><G98/><T114/><D114/><U127/><E79/><V3/><F55/><W109/><G109/><T77/><D77/><U71/><E71/><V30/><F30/><N who="1" m="11881" /><E27/><V65/><F65/><W40/><G85/><T42/><D42/><U89/><E89/><V118/><F118/><W50/><G13/><T86/><D26/><U97/><E97/><V37/><F37/><W91/><G91/><T133/><D133/><U74/><E74/><V34/><F34/><W25/><REACH who="3" step="1"/><G67/><REACH who="3" ten="348,237,232,173" step="2"/><T84/><D122/><N who="1" m="46603" /><E127/><V132/><F132/><W22/><G22/><T20/><D23/><U57/><E44/><V104/><F103/><W112/><G112/><T5/><D120/><U73/><E73/><V107/><F102/><W62/><AGARI ba="0,1" hai="21,25,31,40,47,50,51,52,58,62,63,96,101,105" machi="62" ten="30,4000,0" yaku="1,1,0,1,54,1,53,0" doraHai="80" doraHaiUra="1" who="3" fromWho="3" sc="348,-10,237,-10,232,-20,173,50" /><INIT seed="3,0,0,3,0,92" ten="338,227,212,223" oya="3" hai0="60,86,84,88,7,39,38,108,0,57,28,94,87" hai1="78,35,66,113,21,128,17,95,37,122,52,110,79" hai2="129,72,19,50,4,36,130,27,102,134,26,61,106" hai3="80,48,98,62,99,2,105,120,115,109,126,97,53"/><W131/><G115/><T67/><D108/><U77/><E35/><V100/><F36/><W45/><G120/><T96/><REACH who="0" step="1"/><D28/><REACH who="0" ten="328,227,212,223" step="2"/><U25/><E110/><V68/><F130/><W133/><G109/><T71/><D71/><U63/><E128/><V40/><F68/><W83/><G131/><T32/><D32/><U58/><E122/><V75/><F129/><W135/><G135/><T111/><D111/><U51/><E113/><V43/><F134/><W107/><G133/><T124/><D124/><U42/><E37/><V5/><F72/><W12/><G126/><T125/><D125/><U54/><E95/><V1/><F75/><W8/><G107/><T64/><D64/><U104/><E104/><V13/><F106/><W14/><G105/><T114/><D114/><U112/><E112/><V44/><F102/><W117/><G117/><T22/><D22/><U29/><E29/><V89/><F100/><W132/><G132/><T10/><AGARI ba="0,1" hai="0,7,10,38,39,57,60,67,84,86,87,88,94,96" machi="10" ten="30,7900,0" yaku="1,1,0,1,52,1,54,1,53,0" doraHai="92" doraHaiUra="46" who="0" fromWho="0" sc="328,89,227,-20,212,-20,223,-39" owari="417,51.7,207,0.7,192,-20.8,184,-31.6" /></mjloggm>