<mjloggm ver="2.3"><GO type="225" lobby="0"/><UN n0="%E5%A0%80%E5%B7%9D%E9%9B%B7%E9%BC%93" n1="%E3%83%B4%E3%83%A0%EF%BC%99%E3%81%A6" n2="%72%61%6B%33" n3="%6D%75%75%6D%75%72%61" dan="16,17,16,17" rate="2086.98,2247.41,2204.68,2184.97" sx="F,M,M,F"/><TAIKYOKU oya="0"/><INIT seed="0,0,0,5,2,52" ten="250,250,250,250" oya="0" hai0="93,73,109,71,17,90,126,28,48,13,87,12,50" hai1="59,75,46,102,112,107,62,56,9,131,106,34,43" hai2="10,76,103,58,108,23,78,45,85,84,91,31,65" hai3="0,30,135,38,80,134,81,14,49,86,7,115,57"/><T124/><D71/><U98/><E34/><V18/><F108/><W96/><G38/><T99/><D73/><U104/><E75/><V60/><F103/><W100/><G0/><T26/><D109/><U88/><E131/><V21/><F45/><W72/><G115/><T64/><D64/><U37/><E112/><V83/><F31/><W66/><G30/><T40/><D99/><U118/><E118/><V15/><REACH who="2" step="1"/><F78/><REACH who="2" ten="250,250,240,250" step="2"/><W61/><G100/><T94/><D28/><U51/><E37/><V63/><F63/><W55/><G61/><T119/><D119/><U111/><E111/><V33/><F33/><W16/><G135/><T29/><D29/><U2/><E102/><V41/><F41/><W3/><G134/><T116/><D40/><U4/><REACH who="1" step="1"/><E62/><REACH who="1" ten="250,240,240,250" step="2"/><V70/><F70/><W22/><G49/><T36/><D36/><U121/><E121/><V110/><F110/><W44/><G72/><T97/><D116/><U123/><E123/><V6/><F6/><W74/><G7/><T39/><D39/><U5/><E5/><V128/><F128/><W27/><G74/><T130/><D130/><U69/><E69/><V127/><F127/><N who="0" m="48682" /><D48/><U25/><E25/><V53/><F53/><W89/><G55/><T77/><D50/><U117/><E117/><V114/><F114/><W35/><G27/><T132/><D132/><U42/><E42/><V129/><F129/><W95/><G35/><T1/><D26/><U105/><N who="1" m="26624" /><DORA hai="120" /><U24/><E24/><V68/><F68/><W101/><G101/><T8/><D1/><U20/><E20/><V133/><F133/><RYUUKYOKU ba="0,2" sc="250,-15,240,15,240,15,250,-15" hai1="2,4,9,43,46,51,56,59,88,98" hai2="10,15,18,21,23,58,60,65,76,83,84,85,91" /><INIT seed="1,1,2,5,3,56" ten="235,255,255,235" oya="1" hai0="28,30,5,103,20,15,133,41,135,17,77,71,97" hai1="111,95,121,31,13,86,0,132,18,90,83,64,88" hai2="105,60,89,122,33,110,116,123,67,23,78,2,34" hai3="58,69,16,117,98,112,35,126,3,54,81,62,12"/><U63/><E121/><V53/><F116/><W84/><G112/><T1/><D71/><U48/><E0/><V101/><F2/><W118/><G126/><T42/><D77/><U36/><E36/><V85/><F110/><W100/><G3/><T114/><D114/><U82/><E111/><V50/><F78/><W57/><G35/><T134/><D5/><U96/><E132/><V91/><F23/><W104/><G58/><T75/><D75/><U37/><E37/><V115/><F115/><W9/><REACH who="3" step="1"/><G69/><REACH who="3" ten="235,255,255,225" step="2"/><T87/><D1/><U52/><E31/><N who="0" m="11817" /><D87/><U130/><E130/><V92/><F33/><W8/><G8/><T79/><D79/><AGARI ba="1,3" hai="9,12,16,54,57,62,79,81,84,98,100,104,117,118" machi="79" ten="40,5200,0" yaku="1,1,52,1,54,1,53,0" doraHai="56" doraHaiUra="19" who="3" fromWho="0" sc="235,-55,255,0,255,0,225,85" /><INIT seed="2,0,0,4,2,44" ten="180,255,255,310" oya="2" hai0="42,40,0,109,12,127,73,87,118,61,121,16,108" hai1="90,46,54,11,135,55,62,72,60,32,18,2,25" hai2="123,88,43,101,95,30,79,52,110,67,49,129,119" hai3="36,78,56,114,47,13,28,117,7,57,51,103,41"/><V8/><F119/><W64/><G117/><T132/><D73/><U71/><E72/><V22/><F123/><W91/><G114/><T70/><D118/><U39/><E39/><V58/><F129/><W130/><G130/><T14/><D121/><U29/><E135/><V5/><F110/><N who="0" m="42602" /><D0/><U81/><E71/><V115/><F115/><W126/><G78/><T134/><D87/><N who="1" m="50543" /><E54/><V48/><F67/><W96/><G91/><T63/><D12/><N who="1" m="7455" /><E2/><V68/><F68/><W37/><G28/><T23/><D127/><U128/><E128/><V66/><F66/><W105/><G126/><T113/><D113/><U85/><E85/><V38/><F38/><W27/><G64/><N who="0" m="41231" /><D63/><U125/><E125/><V100/><F79/><W77/><G77/><T9/><D9/><U98/><E98/><N who="2" m="57703" /><F8/><W19/><G36/><T80/><D80/><U131/><E131/><V74/><F74/><W50/><G37/><T31/><D31/><U112/><E112/><V120/><F120/><W111/><G111/><T6/><D6/><U24/><E24/><N who="2" m="16663" /><F5/><W82/><G7/><T106/><D106/><U10/><E10/><V94/><F94/><W45/><G105/><T26/><D26/><U93/><E93/><V15/><F15/><W21/><G13/><T97/><D97/><U75/><E75/><V35/><F35/><W34/><G34/><T86/><D86/><U122/><E122/><V17/><F17/><W83/><G96/><T33/><D33/><U102/><E32/><V53/><F43/><AGARI ba="0,0" hai="14,16,23,40,42,43,132,134" m="41231,42602" machi="43" ten="30,2000,0" yaku="14,1,54,1" doraHai="44" who="0" fromWho="2" sc="180,20,255,0,255,-20,310,0" /><INIT seed="3,0,0,3,3,124" ten="200,255,235,310" oya="3" hai0="92,120,111,106,22,0,53,70,85,31,51,1,100" hai1="130,97,104,9,6,19,89,41,122,78,117,69,67" hai2="48,129,27,18,35,95,32,66,132,29,26,109,107" hai3="10,102,13,91,98,93,128,75,74,3,24,84,4"/><W116/><G116/><T88/><D120/><U63/><E122/><V118/><F107/><W57/><G128/><T121/><D121/><U21/><E117/><V77/><F77/><W81/><G57/><T34/><D34/><U65/><E78/><V40/><F66/><W134/><G134/><T33/><D33/><U82/><E41/><V50/><F40/><W123/><G123/><T52/><D70/><U79/><E67/><V80/><F80/><W68/><G68/><T103/><D111/><U119/><E119/><V12/><F118/><W101/><G24/><T47/><D53/><U8/><E6/><V135/><F109/><W36/><G36/><T25/><REACH who="0" step="1"/><D106/><REACH who="0" ten="190,255,235,310" step="2"/><U46/><E104/><V61/><F32/><W16/><G102/><AGARI ba="0,1" hai="0,1,22,25,31,47,51,52,85,88,92,100,102,103" machi="102" ten="40,8000,1" yaku="1,1,2,1,54,2,53,1" doraHai="124" doraHaiUra="45" who="0" fromWho="3" sc="190,90,255,0,235,0,310,-80" /><INIT seed="4,0,0,2,1,55" ten="280,255,235,230" oya="0" hai0="93,108,116,102,26,1,34,44,100,78,121,50,15" hai1="30,59,106,38,96,49,19,39,114,2,127,87,35" hai2="123,62,40,14,7,130,64,84,117,21,80,82,48" hai3="69,109,99,17,8,76,65,83,11,132,5,128,18"/><T27/><D1/><U90/><E2/><V111/><F111/><W24/><G109/><T47/><D108/><U91/><E127/><V52/><F123/><W3/><G128/><T122/><D116/><U85/><E114/><V61/><F130/><W118/><G118/><T73/><D73/><U46/><E46/><V104/><F104/><W89/><G132/><T58/><D78/><U88/><E19/><V42/><F82/><W10/><G69/><T107/><D107/><U97/><E30/><V33/><F33/><W75/><G65/><T72/><D72/><U60/><E49/><V74/><F74/><W67/><G67/><T25/><D34/><U119/><E35/><V68/><F62/><W57/><G57/><T51/><D15/><U20/><E20/><V56/><F117/><W115/><G115/><T95/><D25/><U92/><E119/><V43/><F21/><W9/><REACH who="3" step="1"/><G24/><REACH who="3" ten="280,255,235,220" step="2"/><T120/><D122/><U36/><E59/><AGARI ba="0,1" hai="26,27,44,47,50,51,58,59,93,95,100,102,120,121" machi="59" ten="25,9600,0" yaku="22,2,52,2" doraHai="55" who="0" fromWho="1" sc="280,106,255,-96,235,0,220,0" owari="386,48.6,159,-34.1,235,3.5,220,-18.0" /></mjloggm>