<mjloggm ver="2.3"><GO type="225" lobby="0"/><UN n0="%6D%75%75%6D%75%72%61" n1="%E3%81%91%E3%83%BC%E3%81%9E%E3%81%88" n2="%4B%2E%32%2E%4B%2E" n3="%E3%81%AB%E3%81%9B%E6%82%9F%E7%A9%BA" dan="16,16,16,16" rate="2162.53,2149.76,2238.54,2079.11" sx="F,F,M,M"/><TAIKYOKU oya="0"/><INIT seed="0,0,0,1,0,129" ten="250,250,250,250" oya="0" hai0="95,134,88,118,135,23,73,65,85,31,87,14,29" hai1="13,104,9,15,112,72,70,79,56,89,54,71,83" hai2="61,38,122,11,50,1,49,48,99,106,96,57,22" hai3="125,119,93,2,59,128,25,43,4,92,82,110,62"/><T116/><D73/><U101/><E112/><V12/><F38/><W40/><G119/><N who="0" m="45611" /><D65/><U81/><E15/><V127/><F122/><W123/><G123/><T131/><D85/><U46/><E46/><V124/><F22/><W94/><G110/><T69/><D69/><U60/><E83/><V30/><F30/><W33/><G128/><T24/><D131/><U91/><E71/><V34/><F34/><W21/><G33/><T37/><D37/><U76/><E76/><V35/><F35/><W36/><G125/><N who="2" m="48201" /><F1/><W64/><G82/><T78/><D78/><U26/><E26/><V102/><F96/><W18/><G36/><T107/><D107/><U67/><E101/><V126/><N who="2" m="48209" /><V58/><DORA hai="84" /><F61/><W100/><G100/><T114/><D114/><U27/><E27/><V6/><AGARI ba="0,0" hai="6,11,12,48,49,50,57,58,99,102,106" m="48209" machi="6" ten="50,1600,0" yaku="18,1" doraHai="129,84" who="2" fromWho="2" sc="250,-8,250,-4,250,16,250,-4" /><INIT seed="1,0,0,5,0,79" ten="242,246,266,246" oya="1" hai0="119,107,109,47,78,4,74,42,120,13,95,37,7" hai1="111,26,54,123,28,85,131,60,132,6,44,36,104" hai2="124,67,75,8,77,24,91,46,90,5,63,11,103" hai3="105,15,113,23,21,126,66,125,53,2,69,29,98"/><U129/><E123/><V30/><F124/><N who="3" m="47723" /><G113/><T58/><D107/><U32/><E132/><V87/><F103/><W73/><G2/><T86/><D120/><U56/><E104/><V102/><F102/><W84/><G73/><T25/><D119/><U88/><E111/><V41/><F77/><W51/><G98/><T57/><D109/><U81/><REACH who="1" step="1"/><E6/><REACH who="1" ten="242,236,266,246" step="2"/><V96/><F5/><W38/><G105/><T89/><D7/><U65/><E65/><V39/><F67/><W92/><G66/><T45/><D4/><U128/><E128/><V100/><F8/><W33/><G69/><T19/><D25/><U93/><E93/><V9/><F9/><W101/><G92/><T72/><D95/><U116/><E116/><V106/><F11/><W35/><G35/><T133/><D133/><U135/><E135/><V61/><F106/><W1/><G33/><T52/><D13/><U71/><E71/><V17/><F24/><W110/><G15/><T134/><D134/><U82/><E82/><V122/><F122/><W16/><G1/><T10/><D10/><U80/><E80/><V112/><F112/><W99/><G23/><T55/><D19/><U48/><E48/><V114/><F114/><W94/><G16/><T3/><D3/><U43/><AGARI ba="0,1" hai="26,28,32,36,43,44,54,56,60,81,85,88,129,131" machi="43" ten="30,12000,1" yaku="1,1,0,1,52,1,54,1,53,1" doraHai="79" doraHaiUra="27" who="1" fromWho="1" sc="242,-40,236,130,266,-40,246,-40" /><INIT seed="1,1,0,5,2,13" ten="202,366,226,206" oya="1" hai0="15,81,126,58,101,133,64,71,130,35,28,10,25" hai1="131,47,124,62,24,42,86,11,109,91,16,18,97" hai2="111,107,44,70,60,38,108,34,93,5,78,36,99" hai3="116,88,89,2,22,65,119,41,123,21,68,20,9"/><U76/><E131/><V66/><F34/><W72/><G72/><T4/><D130/><U132/><E132/><V49/><F107/><W75/><G75/><T3/><D133/><U29/><E124/><V122/><F5/><N who="3" m="1207" /><G123/><T61/><D126/><U0/><E0/><V84/><F84/><W100/><G100/><T114/><D114/><U39/><E109/><N who="2" m="42059" /><F78/><W85/><G41/><T1/><D101/><U80/><E11/><V90/><F122/><W83/><G89/><T120/><D120/><U69/><E69/><V92/><F93/><W129/><G129/><T95/><D95/><U17/><E62/><V102/><F102/><W73/><G73/><T79/><REACH who="0" step="1"/><D71/><REACH who="0" ten="192,366,226,206" step="2"/><U77/><REACH who="1" step="1"/><E97/><REACH who="1" ten="192,356,226,206" step="2"/><V127/><F127/><W98/><G98/><T48/><D48/><U32/><AGARI ba="1,2" hai="16,17,18,24,29,32,39,42,47,76,77,80,86,91" machi="32" ten="30,18000,2" yaku="1,1,2,1,0,1,52,3,54,1,53,0" doraHai="13" doraHaiUra="46" who="1" fromWho="1" sc="192,-61,356,203,226,-61,206,-61" /><INIT seed="1,2,0,5,0,119" ten="131,559,165,145" oya="1" hai0="80,64,41,112,25,10,2,84,120,42,92,12,13" hai1="19,104,121,38,74,75,128,35,79,36,3,114,130" hai2="83,134,60,18,0,99,61,43,62,20,71,48,40" hai3="54,17,37,123,67,33,56,96,4,110,16,117,59"/><U65/><E19/><V30/><F0/><W15/><G37/><T95/><D112/><U77/><E65/><V6/><F6/><W101/><G33/><T91/><D2/><U111/><E3/><V63/><F134/><W32/><G32/><T98/><D120/><U88/><E35/><V50/><F30/><W46/><G110/><T51/><D64/><U124/><E88/><V113/><F113/><W58/><G117/><T94/><D25/><U78/><E114/><V8/><F8/><N who="3" m="4487" /><G123/><T52/><D98/><U125/><E104/><V106/><F71/><W26/><G26/><T87/><D87/><U73/><E121/><V102/><N who="2" m="15360" /><DORA hai="68" /><V27/><REACH who="2" step="1"/><F83/><REACH who="2" ten="131,559,155,145" step="2"/><W5/><G5/><N who="0" m="3151" /><D13/><U28/><E28/><V135/><F135/><W133/><G133/><T31/><D31/><U44/><E111/><V82/><F82/><W9/><G67/><T89/><D89/><U85/><E79/><V131/><F131/><W55/><G9/><T100/><D100/><U21/><E78/><V22/><F22/><W11/><G11/><T129/><D129/><U53/><E77/><V45/><F45/><AGARI ba="2,1" hai="41,42,45,51,52,80,84,91,92,94,95" m="3151" machi="45" ten="30,2000,0" yaku="8,1,54,1" doraHai="119,68" who="0" fromWho="2" sc="131,36,559,0,155,-26,145,0" /><INIT seed="2,0,0,1,0,90" ten="167,559,129,145" oya="2" hai0="41,105,84,89,86,87,79,96,13,46,113,80,66" hai1="15,102,81,30,0,116,63,128,18,112,16,98,45" hai2="70,74,6,35,115,48,25,52,68,123,47,133,94" hai3="57,131,121,135,2,27,77,126,110,114,8,58,28"/><V93/><F74/><W95/><G121/><T69/><D113/><U51/><E0/><V22/><F115/><W24/><G114/><T64/><D69/><U73/><E128/><V55/><F123/><W61/><G131/><T125/><D125/><U23/><E116/><V124/><F35/><W32/><G126/><T37/><D13/><U71/><E30/><V99/><F124/><W4/><G110/><T109/><D109/><U14/><E71/><V44/><F133/><W107/><G135/><T111/><D111/><U76/><E63/><V104/><F104/><W117/><G107/><T130/><D130/><U100/><E98/><V60/><F6/><W59/><G77/><T129/><D129/><U12/><E112/><V122/><F122/><W91/><G27/><T7/><D7/><U11/><E15/><V1/><F1/><W26/><G24/><T19/><D19/><U21/><E11/><V82/><F82/><W39/><G39/><T72/><REACH who="0" step="1"/><D89/><REACH who="0" ten="157,559,129,145" step="2"/><U31/><E31/><N who="2" m="17847" /><F70/><W36/><G117/><T49/><D49/><U134/><E134/><V106/><F68/><W40/><G36/><T20/><D20/><U85/><E73/><V97/><F106/><W56/><G32/><T43/><D43/><AGARI ba="0,1" hai="12,14,16,18,21,23,43,45,51,76,81,85,100,102" machi="43" ten="30,7700,0" yaku="7,1,9,1,8,1,54,1" doraHai="90" who="1" fromWho="0" sc="157,-77,559,87,129,0,145,0" /><INIT seed="3,0,0,2,3,87" ten="80,646,129,145" oya="3" hai0="51,124,8,119,67,135,11,126,129,118,26,36,59" hai1="64,98,61,115,16,57,90,34,108,85,45,83,106" hai2="58,96,12,4,99,1,48,101,80,50,92,91,6" hai3="62,75,2,14,74,133,88,102,111,86,0,70,130"/><W35/><G35/><T28/><D36/><U103/><E108/><V132/><F1/><W82/><G102/><T76/><D76/><U81/><E34/><V65/><F132/><W94/><G111/><T128/><D67/><U84/><E16/><V54/><F65/><W20/><G62/><T46/><D46/><U125/><E125/><N who="0" m="48233" /><D59/><U79/><REACH who="1" step="1"/><E45/><REACH who="1" ten="80,636,129,145" step="2"/><V131/><F4/><W3/><G133/><T15/><D51/><U17/><E17/><V53/><F6/><W43/><G0/><T134/><D134/><U23/><E23/><V114/><F48/><W27/><G20/><N who="0" m="15431" /><D135/><U7/><E7/><V123/><F50/><W104/><G2/><T120/><D120/><U89/><E89/><V77/><F91/><W55/><G3/><T41/><D41/><U29/><E29/><V122/><F122/><W5/><G88/><T69/><D69/><U113/><AGARI ba="0,1" hai="57,61,64,79,81,83,84,85,90,98,103,106,113,115" machi="113" ten="30,4000,0" yaku="1,1,0,1,52,1,53,0" doraHai="87" doraHaiUra="107" who="1" fromWho="1" sc="80,-10,636,50,129,-10,145,-20" owari="70,-43.0,686,78.6,119,-28.1,125,-7.5" /></mjloggm>