<mjloggm ver="2.3"><GO type="225" lobby="0"/><UN n0="%E9%B3%B3%E6%9D%B1%E3%81%AE%E3%81%86%E3%81%95%E3%81%8E%E3%81%95%E3%82%93" n1="%E9%A2%A8%E3%81%A7%E9%B3%B4%E3%81%8F" n2="%E3%83%B4%E3%83%A0%EF%BC%99%E3%81%A6" n3="%E5%8D%A0%E3%81%84%E5%B8%AB%E8%A3%8F%E3%81%AA%E3%81%84%E3%81%97" dan="17,16,17,17" rate="2191.26,2139.23,2120.48,2108.86" sx="M,M,M,M"/><TAIKYOKU oya="0"/><INIT seed="0,0,0,0,4,58" ten="250,250,250,250" oya="0" hai0="108,50,95,102,131,114,80,34,98,106,87,61,97" hai1="60,128,70,118,2,85,73,59,16,81,43,64,124" hai2="78,11,74,104,4,130,42,99,82,17,103,127,62" hai3="48,38,68,65,122,120,110,46,123,113,96,105,119"/><T44/><D131/><U5/><E118/><V84/><F130/><W29/><G119/><T27/><D114/><U56/><E128/><V121/><F127/><W79/><G113/><T134/><D134/><U33/><E33/><V63/><F121/><W132/><G132/><T111/><D27/><U13/><E124/><V49/><F17/><W3/><G110/><N who="0" m="42027" /><D34/><U31/><E73/><V51/><F74/><W10/><G29/><T66/><D87/><U28/><E43/><V24/><F24/><W76/><G38/><T91/><D80/><U45/><E45/><V83/><F83/><W109/><G109/><T71/><D44/><U75/><E75/><V15/><F51/><AGARI ba="0,0" hai="50,51,61,66,71,91,95,97,98,102,106" m="42027" machi="51" ten="30,5800,0" yaku="14,1,10,1,52,1" doraHai="58" who="0" fromWho="2" sc="250,58,250,0,250,-58,250,0" /><INIT seed="0,1,0,3,2,41" ten="308,250,192,250" oya="0" hai0="102,7,24,81,83,74,124,36,44,86,103,11,108" hai1="66,43,26,79,113,98,97,25,84,33,65,12,56" hai2="133,4,132,17,5,109,40,135,126,105,71,32,94" hai3="93,52,99,76,3,92,39,38,47,46,2,55,122"/><T101/><D124/><U128/><E128/><V129/><F105/><W68/><G99/><N who="1" m="37898" /><E33/><V60/><F126/><W49/><G49/><T127/><D127/><U78/><E113/><V54/><F109/><W77/><G68/><T51/><D36/><U82/><E78/><V62/><F129/><W90/><G90/><T125/><D125/><U106/><E106/><V19/><F94/><W29/><G29/><T89/><D108/><U95/><E95/><V69/><F40/><W18/><G18/><N who="2" m="6665" /><F32/><W91/><REACH who="3" step="1"/><G91/><REACH who="3" ten="308,250,192,240" step="2"/><T30/><D89/><U119/><E119/><V72/><F72/><W104/><G104/><T34/><D74/><U67/><E43/><V121/><F121/><AGARI ba="1,1" hai="2,3,38,39,46,47,52,55,76,77,92,93,121,122" machi="121" ten="25,12000,2" yaku="1,1,22,2,52,2,54,1,53,0" doraHai="41" doraHaiUra="131" who="3" fromWho="2" sc="308,0,250,0,192,-123,240,133" /><INIT seed="1,0,0,0,4,55" ten="308,250,69,373" oya="1" hai0="11,32,60,73,48,14,132,85,108,1,112,47,120" hai1="69,25,13,18,58,123,126,86,53,79,7,118,54" hai2="20,94,2,75,6,83,30,65,41,93,117,64,36" hai3="77,71,62,92,34,59,100,105,121,23,72,0,8"/><U26/><E69/><V10/><F117/><W98/><G121/><T76/><D112/><U106/><E106/><V28/><F64/><W4/><G34/><T102/><D73/><U130/><E123/><V19/><F65/><W56/><G105/><T113/><D113/><U68/><E68/><V35/><F94/><W84/><G72/><T3/><D120/><U45/><E118/><V90/><F35/><W89/><G23/><T9/><D32/><U87/><E126/><V129/><F129/><W124/><G77/><T134/><D102/><U81/><E7/><V74/><F74/><W52/><G124/><T31/><D31/><U17/><E86/><V78/><F90/><W21/><G21/><T133/><D60/><N who="1" m="35919" /><E130/><V43/><F43/><W15/><G0/><N who="0" m="75" /><D14/><U40/><E40/><V61/><F61/><N who="3" m="35975" /><G71/><T101/><D101/><U37/><E37/><V104/><F93/><W88/><G84/><T49/><D85/><U115/><E115/><V51/><F51/><W5/><G5/><T57/><D48/><N who="1" m="28943" /><E13/><V99/><F99/><W103/><G103/><T119/><D119/><U29/><E29/><V82/><F104/><W42/><G42/><T116/><D116/><U125/><E125/><V110/><F41/><W33/><G33/><T38/><D38/><U44/><E44/><V67/><F36/><W46/><G46/><T50/><D47/><U24/><AGARI ba="0,0" hai="17,18,24,25,26,79,81,87" m="28943,35919" machi="24" ten="30,3000,0" yaku="8,1,52,1" doraHai="55" who="1" fromWho="1" sc="308,-10,250,30,69,-10,373,-10" /><INIT seed="1,1,0,1,0,114" ten="298,280,59,363" oya="1" hai0="88,86,72,58,127,135,132,50,134,99,75,77,0" hai1="89,81,40,45,34,5,31,125,26,46,14,85,44" hai2="10,78,49,104,18,96,60,107,11,106,95,1,122" hai3="19,124,52,116,117,110,16,42,62,128,94,91,61"/><U39/><REACH who="1" step="1"/><E125/><REACH who="1" ten="298,270,59,363" step="2"/><V103/><F122/><W105/><G124/><T66/><D127/><U54/><E54/><V12/><F78/><W7/><G128/><T113/><D113/><U43/><E43/><V84/><F60/><W115/><G115/><T4/><D77/><U109/><E109/><V98/><F49/><W23/><G110/><T48/><D48/><U112/><E112/><V129/><F129/><W9/><G42/><T74/><D50/><U25/><E25/><V83/><F96/><N who="3" m="57439" /><G105/><T119/><D99/><U70/><E70/><V13/><F1/><N who="3" m="239" /><G62/><N who="0" m="38231" /><D0/><U59/><E59/><V55/><F55/><W97/><G97/><T33/><D132/><U3/><E3/><V123/><F123/><W51/><G51/><T102/><D135/><U47/><E47/><V63/><F63/><W120/><G120/><T32/><D134/><U8/><AGARI ba="1,1" hai="5,8,14,26,31,34,39,40,44,45,46,81,85,89" machi="8" ten="30,6000,0" yaku="21,2,0,1,53,0" doraHai="114" doraHaiUra="15" who="1" fromWho="1" sc="298,-21,270,73,59,-21,363,-21" /><INIT seed="1,2,0,3,1,47" ten="277,343,38,342" oya="1" hai0="54,112,79,107,29,59,104,129,105,6,65,92,91" hai1="74,49,111,78,76,109,12,50,26,81,40,37,3" hai2="121,23,126,21,125,58,33,90,113,16,75,86,4" hai3="85,101,30,10,67,8,84,103,97,69,115,14,117"/><U128/><E128/><V68/><F121/><W34/><G115/><T38/><D112/><U7/><E76/><V41/><F113/><W123/><G123/><T102/><D38/><U48/><E26/><V133/><F68/><W24/><G103/><T77/><D29/><U66/><E66/><V45/><F33/><W43/><G43/><T71/><D6/><U134/><E12/><V72/><F133/><W95/><G10/><T96/><D129/><U132/><E7/><V83/><F4/><W9/><G9/><T64/><D64/><U25/><E25/><V127/><F58/><W32/><G32/><T80/><D65/><U108/><E3/><V130/><F130/><W39/><G39/><T131/><D71/><U57/><E57/><V100/><F100/><W52/><G117/><T18/><D18/><U56/><E56/><V53/><F53/><W36/><G36/><T99/><D131/><U15/><E15/><V118/><F118/><W22/><G22/><T60/><REACH who="0" step="1"/><D77/><REACH who="0" ten="267,343,38,342" step="2"/><U2/><E2/><V98/><F98/><W13/><G67/><T17/><D17/><U94/><E94/><V82/><F82/><W1/><G69/><T106/><D106/><U31/><E31/><V20/><REACH who="2" step="1"/><F16/><REACH who="2" ten="267,343,28,342" step="2"/><W87/><G97/><T42/><D42/><U122/><E122/><V61/><F61/><W124/><G95/><T46/><D46/><AGARI ba="2,2" hai="37,40,46,48,49,50,74,78,81,108,109,111,132,134" machi="46" ten="50,12000,1" yaku="14,1,10,1,52,3" doraHai="47" who="1" fromWho="0" sc="267,-126,343,146,28,0,342,0" /><INIT seed="1,3,0,2,4,21" ten="141,489,28,342" oya="1" hai0="77,7,122,4,88,85,35,134,79,74,78,54,36" hai1="121,118,55,57,80,114,131,6,84,100,14,76,99" hai2="49,13,126,52,90,50,128,98,68,2,43,110,108" hai3="106,86,61,91,5,30,125,20,66,28,82,12,67"/><U62/><E118/><V130/><F2/><W16/><G106/><T64/><D74/><U69/><E114/><V9/><F98/><W37/><G37/><T8/><D36/><U32/><E131/><N who="2" m="50219" /><F90/><W71/><G125/><T44/><D122/><U15/><E121/><V92/><F92/><W45/><G67/><T105/><D105/><U75/><E32/><V42/><F126/><W103/><G103/><T109/><D35/><U81/><E69/><V59/><F68/><W101/><G101/><T31/><D88/><U65/><E6/><V132/><F132/><W102/><G102/><T115/><D4/><U116/><E65/><V96/><F96/><W24/><REACH who="3" step="1"/><G45/><REACH who="3" ten="141,489,28,332" step="2"/><T22/><D44/><U104/><E116/><V123/><F123/><W129/><G129/><T73/><D64/><U63/><E63/><V135/><F135/><W89/><G89/><AGARI ba="3,1" hai="14,15,55,57,62,75,76,80,81,84,89,99,100,104" machi="89" ten="30,1500,0" yaku="7,1" doraHai="21" who="1" fromWho="3" sc="141,0,489,34,28,0,332,-24" /><INIT seed="1,4,0,3,4,12" ten="141,523,28,308" oya="1" hai0="44,81,77,7,89,45,63,100,93,99,85,131,82" hai1="14,48,126,59,88,66,75,40,68,112,127,13,34" hai2="116,5,129,53,23,117,6,41,92,2,20,69,122" hai3="19,57,130,121,84,76,10,132,22,28,105,65,15"/><U29/><E75/><V115/><F122/><W120/><G105/><T52/><D131/><U43/><E112/><V111/><F129/><W135/><G130/><T74/><REACH who="0" step="1"/><D7/><REACH who="0" ten="131,523,28,308" step="2"/><U4/><E4/><V83/><F6/><W97/><G121/><T36/><D36/><U60/><E126/><V101/><F5/><W1/><G120/><T55/><D55/><U38/><E127/><V49/><F53/><W103/><G132/><T27/><D27/><U54/><E38/><V86/><F115/><W17/><G135/><T39/><D39/><U70/><E40/><V67/><F41/><W11/><G1/><T8/><D8/><U56/><E43/><V58/><F2/><W51/><G10/><T78/><D78/><U32/><E13/><V91/><F116/><W24/><G76/><T109/><D109/><U42/><E14/><V9/><F117/><W33/><G11/><T123/><D123/><U87/><E42/><V104/><F9/><W133/><G133/><T21/><D21/><U64/><E34/><V118/><F111/><W80/><G15/><T26/><D26/><U79/><E79/><V119/><F119/><W106/><G33/><T16/><D16/><U134/><E134/><V114/><F118/><W94/><G106/><T124/><D124/><U35/><E35/><V62/><F114/><W95/><G17/><T46/><D46/><U96/><E32/><V128/><F104/><W30/><G19/><T71/><D71/><U47/><E47/><V72/><F128/><W107/><G107/><T110/><D110/><U90/><E68/><V73/><F23/><RYUUKYOKU ba="4,1" sc="131,30,523,-10,28,-10,308,-10" hai0="44,45,52,63,74,77,81,82,85,89,93,99,100" /><INIT seed="2,5,1,5,2,11" ten="161,513,18,298" oya="2" hai0="118,73,5,43,74,129,83,133,55,44,24,101,67" hai1="87,88,49,68,13,123,111,35,58,70,128,34,28" hai2="120,26,91,0,75,22,4,17,127,41,61,82,71" hai3="117,8,18,122,3,39,106,132,97,1,56,100,80"/><V130/><F120/><W60/><G117/><T95/><D118/><U46/><E111/><V81/><F127/><W27/><G122/><T6/><D67/><U99/><E123/><V63/><F130/><W89/><G39/><T79/><D129/><U57/><E128/><V109/><F109/><W42/><G42/><T121/><D121/><U66/><E99/><V113/><F113/><W112/><G112/><T47/><D74/><U124/><E124/><V62/><F71/><W93/><G80/><T108/><D108/><U25/><E34/><V32/><F41/><W110/><G132/><T86/><D133/><U36/><E36/><V19/><F32/><W38/><G38/><T94/><D43/><U33/><E33/><V85/><F4/><N who="0" m="1642" /><D73/><U105/><E105/><V51/><F51/><W119/><G119/><T90/><D55/><U53/><E13/><V104/><F104/><W92/><G106/><T131/><D131/><U59/><REACH who="1" step="1"/><E66/><REACH who="1" ten="161,503,18,298" step="2"/><V64/><F0/><W52/><G110/><T84/><D24/><U103/><E103/><V10/><F64/><W48/><G1/><T31/><D31/><U76/><E76/><V23/><F10/><W20/><G3/><T72/><D72/><U102/><E102/><V54/><F54/><W7/><G8/><T96/><AGARI ba="5,2" hai="44,47,79,83,84,86,90,94,95,96,101" m="1642" machi="96" ten="30,1100,0" yaku="8,1" doraHai="11" who="0" fromWho="0" sc="161,46,503,-8,18,-10,298,-8" /><INIT seed="3,0,0,5,3,84" ten="207,495,8,290" oya="3" hai0="18,118,43,87,124,111,63,5,76,52,95,27,23" hai1="21,46,35,49,101,14,45,17,48,109,125,92,132" hai2="130,85,119,16,117,135,74,66,82,73,65,133,108" hai3="44,113,42,31,15,36,41,50,86,58,115,26,77"/><W83/><G41/><T57/><D111/><U30/><E109/><V55/><F108/><W28/><G28/><T53/><D124/><U104/><E104/><V39/><F39/><W120/><G120/><T12/><D118/><U10/><E125/><V4/><F85/><W37/><G37/><T96/><D43/><U32/><E132/><V33/><F82/><W121/><G121/><T60/><D87/><U107/><E107/><V88/><F33/><W68/><G68/><T20/><D76/><U29/><E32/><V6/><F130/><W79/><G79/><T93/><D5/><U2/><E2/><V105/><F55/><W78/><G78/><T7/><D7/><U123/><E123/><V24/><F24/><W75/><G75/><T110/><D110/><U25/><E35/><V90/><F105/><W112/><G15/><T9/><D27/><U22/><E22/><V129/><F129/><W38/><G58/><T126/><D126/><U34/><E34/><V103/><F103/><W40/><G40/><T64/><D93/><U72/><E29/><V62/><F62/><W13/><G13/><T98/><D96/><N who="1" m="59527" /><E72/><V80/><F80/><W91/><G77/><T128/><D128/><U102/><E102/><V3/><F3/><W8/><G38/><T89/><REACH who="0" step="1"/><D53/><REACH who="0" ten="197,495,8,290" step="2"/><U81/><E81/><V61/><F61/><W100/><G42/><T51/><D51/><AGARI ba="0,1" hai="10,14,17,21,25,30,45,46,48,49,51" m="59527" machi="51" ten="30,1000,0" yaku="8,1" doraHai="84" who="1" fromWho="0" sc="197,-10,495,20,8,0,290,0" owari="187,-21.3,515,61.5,8,-49.2,290,9.0" /></mjloggm>