<mjloggm ver="2.3"><GO type="225" lobby="0"/><UN n0="%E3%83%AC%E3%82%A4%E3%83%88%E3%83%B3%E5%87%86%E6%95%99%E6%8E%88" n1="%E8%91%B5%E3%81%A1%E3%82%83%E3%82%93" n2="%E7%AD%89%E3%80%85%E5%8A%9B%E5%8A%87%E5%A0%B4" n3="%E3%81%AA%E3%81%A1%30%39%32%37" dan="18,17,16,16" rate="2273.32,2182.11,2084.39,2114.37" sx="M,F,M,M"/><TAIKYOKU oya="0"/><INIT seed="0,0,0,5,3,8" ten="250,250,250,250" oya="0" hai0="35,18,85,98,25,65,80,6,44,49,31,101,40" hai1="127,62,34,77,4,112,123,97,104,69,75,99,115" hai2="132,26,54,91,68,126,23,117,0,120,125,105,93" hai3="1,74,76,82,110,36,10,32,135,27,79,56,81"/><T83/><D6/><U53/><E123/><V33/><F105/><W59/><G59/><T57/><D18/><U55/><E34/><V103/><F120/><W63/><G110/><T107/><REACH who="0" step="1"/><D85/><REACH who="0" ten="240,250,250,250" step="2"/><U7/><E4/><V102/><F0/><W9/><G1/><T88/><D88/><U51/><E7/><V71/><F91/><W16/><G135/><T95/><D95/><U131/><E112/><V15/><F93/><W13/><G36/><T29/><D29/><U12/><E115/><V24/><F132/><W128/><G128/><T124/><D124/><U37/><E131/><V46/><F126/><W116/><G116/><T130/><D130/><U134/><E37/><V2/><F2/><W108/><G108/><T19/><D19/><U60/><E127/><V50/><F117/><W5/><G5/><T14/><D14/><U84/><E12/><V66/><F15/><W94/><G94/><T114/><D114/><U118/><E84/><V119/><F119/><W78/><G10/><T45/><D45/><U86/><E118/><V47/><F46/><W92/><G92/><T133/><D133/><U28/><E86/><V52/><F47/><W43/><G43/><T90/><D90/><U72/><E28/><V73/><F125/><W100/><G13/><T122/><D122/><U39/><E134/><V21/><F26/><W58/><G27/><T113/><D113/><U67/><E104/><V121/><F24/><W41/><G41/><T89/><D89/><U22/><E39/><V111/><F121/><W3/><G3/><T48/><D48/><U106/><E51/><RYUUKYOKU ba="0,1" sc="240,30,250,-10,250,-10,250,-10" hai0="25,31,35,40,44,49,57,65,80,83,98,101,107" /><INIT seed="0,1,1,2,5,44" ten="270,240,240,240" oya="0" hai0="75,133,15,31,64,128,40,89,120,17,126,48,10" hai1="18,16,105,69,4,65,20,39,70,33,46,119,102" hai2="95,13,32,109,56,124,83,53,112,90,60,87,78" hai3="59,22,91,27,5,84,62,135,122,96,25,34,11"/><T111/><D120/><U99/><E119/><V30/><F112/><W125/><G125/><T36/><D126/><U61/><E33/><V100/><F124/><W77/><G135/><T50/><D133/><U131/><E131/><V121/><F121/><W82/><G34/><T73/><D128/><U47/><E70/><V106/><F109/><W58/><G122/><T21/><D111/><U97/><E39/><V86/><F106/><W45/><G45/><T81/><D64/><U51/><E4/><V52/><F100/><W108/><G108/><T68/><D68/><U9/><E99/><V113/><F113/><W132/><G132/><T104/><D104/><U42/><E47/><V118/><F118/><W55/><G22/><T88/><D40/><U116/><E116/><V71/><F71/><W23/><G23/><T19/><D31/><U110/><E110/><V129/><F129/><W130/><G130/><T14/><D36/><U49/><E49/><V1/><F1/><W107/><G58/><T7/><D7/><U93/><E105/><V80/><F32/><W127/><G127/><T103/><D103/><U66/><E65/><V98/><F30/><W12/><REACH who="3" step="1"/><G107/><REACH who="3" ten="270,240,240,230" step="2"/><T134/><D134/><U0/><E20/><V35/><F35/><W79/><G79/><N who="0" m="44271" /><D75/><U29/><E29/><V67/><REACH who="2" step="1"/><F13/><REACH who="2" ten="270,240,230,230" step="2"/><W76/><G76/><T26/><D15/><U92/><E69/><V74/><F74/><W38/><G38/><T101/><D101/><U123/><E123/><V114/><F114/><W3/><G3/><T8/><D14/><N who="1" m="7503" /><E0/><V6/><F6/><W43/><G43/><RYUUKYOKU ba="1,3" sc="270,-15,240,-15,230,15,230,15" hai2="52,53,56,60,67,78,80,83,86,87,90,95,98" hai3="5,11,12,25,27,55,59,62,77,82,84,91,96" /><INIT seed="1,2,3,4,4,74" ten="255,225,245,245" oya="1" hai0="126,33,45,42,63,120,56,2,111,29,55,99,112" hai1="7,125,86,46,15,67,130,16,28,62,54,80,4" hai2="10,102,66,119,59,31,98,109,127,44,135,17,75" hai3="90,124,68,131,8,19,128,32,129,58,60,96,39"/><U81/><E130/><V57/><F119/><W43/><G124/><T84/><D112/><U13/><E125/><V93/><F127/><W50/><G32/><T110/><D126/><U69/><E28/><V24/><F109/><N who="0" m="41482" /><D2/><U14/><E81/><V97/><F135/><W115/><G115/><T71/><D71/><U88/><REACH who="1" step="1"/><E16/><REACH who="1" ten="255,215,245,245" step="2"/><V92/><F17/><W123/><G19/><T51/><D29/><U101/><E101/><V100/><F31/><W23/><G128/><T122/><D33/><U34/><E34/><V87/><F102/><W35/><G35/><T106/><D122/><U95/><E95/><V133/><F93/><N who="3" m="56375" /><G23/><T5/><D120/><U0/><E0/><V72/><F92/><W91/><G123/><T36/><D106/><U108/><E108/><V65/><F100/><W25/><G131/><T105/><D105/><U114/><E114/><V121/><F121/><W26/><G129/><T82/><D82/><U18/><E18/><V85/><F24/><W38/><G26/><T64/><D5/><U113/><E113/><V83/><F83/><W1/><G25/><T89/><D89/><U6/><E6/><V41/><F133/><W21/><G91/><T76/><D76/><U132/><E132/><V79/><F79/><W11/><G1/><T107/><D107/><U118/><E118/><V3/><F3/><W61/><G21/><T30/><D30/><U37/><E37/><V94/><F94/><W77/><G77/><T104/><D104/><U49/><AGARI ba="2,4" hai="4,7,13,14,15,46,49,54,62,67,69,80,86,88" machi="49" ten="30,6000,0" yaku="1,1,0,1,54,1,53,0" doraHai="74" doraHaiUra="116" who="1" fromWho="1" sc="255,-22,215,106,245,-22,245,-22" /><INIT seed="1,3,0,5,0,60" ten="233,321,223,223" oya="1" hai0="106,20,3,77,90,9,58,38,21,37,51,45,99" hai1="79,111,70,67,33,96,50,32,48,1,133,5,102" hai2="44,25,8,92,40,72,28,88,119,118,41,75,57" hai3="2,134,49,56,19,63,39,114,62,78,105,59,83"/><U109/><E133/><V89/><F8/><W30/><G114/><T10/><D77/><U27/><E79/><V86/><F41/><W125/><G2/><T42/><D38/><U112/><E112/><V22/><F89/><W103/><G39/><T47/><D58/><U76/><E76/><V73/><REACH who="2" step="1"/><F57/><REACH who="2" ten="233,321,213,223" step="2"/><W84/><G59/><T15/><D10/><U29/><E70/><V117/><F117/><W135/><G56/><T23/><D9/><U100/><E111/><V116/><F116/><W66/><G135/><T80/><D3/><U6/><E1/><V14/><F14/><W108/><G134/><T113/><D15/><U0/><E109/><V43/><F43/><W81/><G108/><T122/><D113/><U13/><E0/><V126/><F126/><W121/><G125/><T31/><D90/><U131/><E13/><V4/><F4/><W55/><G78/><T101/><D45/><U12/><E12/><V53/><F53/><W110/><G55/><T24/><D47/><U95/><E6/><V120/><F120/><W104/><G121/><T65/><D122/><U115/><E5/><V82/><F82/><W26/><G83/><T35/><D80/><U74/><E115/><V7/><F7/><W11/><G110/><T97/><D42/><U94/><E102/><V132/><F132/><W61/><G103/><T98/><D101/><U17/><E100/><V18/><F18/><W85/><G81/><T71/><D37/><AGARI ba="3,1" hai="22,25,28,37,40,44,72,73,75,86,88,92,118,119" machi="37" ten="40,2600,0" yaku="1,1,54,1,53,0" doraHai="60" doraHaiUra="127" who="2" fromWho="0" sc="233,-35,321,0,213,45,223,0" /><INIT seed="2,0,0,4,4,25" ten="198,321,258,223" oya="2" hai0="30,131,24,26,47,94,62,91,40,98,20,69,3" hai1="74,100,58,59,76,0,127,90,125,75,133,79,56" hai2="12,1,113,71,88,95,112,55,126,99,43,34,21" hai3="86,33,96,129,8,22,118,14,36,124,39,120,92"/><V114/><F1/><W49/><G33/><T119/><D131/><U6/><E133/><V4/><F34/><W27/><G118/><T51/><D3/><U102/><E90/><V104/><F71/><W130/><G120/><T80/><D119/><U61/><E61/><V85/><F126/><N who="1" m="48137" /><E6/><V53/><F43/><W9/><G86/><T57/><D69/><U106/><E0/><V78/><F78/><N who="1" m="29737" /><E106/><V72/><F72/><AGARI ba="0,0" hai="56,58,59,72,74,75,100,102" m="29737,48137" machi="72" ten="40,5200,0" yaku="28,2,18,1" doraHai="25" who="1" fromWho="2" sc="198,0,321,52,258,-52,223,0" /><INIT seed="3,0,0,0,5,92" ten="198,373,206,223" oya="3" hai0="20,5,24,97,10,119,86,73,96,42,93,55,52" hai1="39,37,69,64,121,27,7,133,29,98,100,21,33" hai2="123,132,75,72,54,114,25,135,79,31,82,89,19" hai3="85,134,101,115,102,88,125,41,17,49,94,107,66"/><W34/><G115/><T50/><D73/><U84/><E121/><V111/><F114/><W129/><G34/><T4/><D119/><U38/><E133/><N who="2" m="51275" /><F111/><W46/><G134/><T108/><D108/><U59/><E59/><V78/><F123/><W35/><G35/><T16/><D42/><U14/><E84/><N who="2" m="50327" /><F19/><W44/><G125/><T126/><D126/><U2/><E2/><V110/><F110/><W127/><G129/><T77/><D55/><U11/><E21/><N who="2" m="15791" /><F54/><W45/><G127/><T13/><D4/><U57/><E57/><V131/><F131/><W83/><G17/><T105/><D105/><U104/><E38/><V65/><F65/><W80/><G107/><T112/><D112/><U74/><E74/><AGARI ba="0,0" hai="72,74,75,78,79" m="15791,50327,51275" machi="74" ten="30,1000,0" yaku="20,1" doraHai="92" who="2" fromWho="1" sc="198,0,373,-10,206,10,223,0" owari="198,-30.2,363,46.3,216,-18.4,223,2.3" /></mjloggm>