<mjloggm ver="2.3"><GO type="225" lobby="0"/><UN n0="%E7%99%BD%E9%9B%AA%E4%B9%83%E6%84%9B" n1="%E5%8F%AF%E5%85%90%E9%82%A3%E7%94%B1%E5%A4%9A" n2="%28%EF%BF%A3%E2%96%BD%EF%BF%A3%29%CE%B4%E2%8C%92%E3%83%BB" n3="%E9%A2%A8%E3%81%A7%E9%B3%B4%E3%81%8F" dan="16,17,16,16" rate="2121.56,2239.72,2138.36,2152.49" sx="F,F,M,M"/><TAIKYOKU oya="0"/><INIT seed="0,0,0,0,1,59" ten="250,250,250,250" oya="0" hai0="84,57,100,11,111,88,106,42,38,26,115,113,131" hai1="40,71,126,23,35,124,4,76,9,122,56,78,66" hai2="8,7,46,67,45,91,32,44,120,28,16,83,41" hai3="19,72,116,128,108,107,112,14,53,125,12,87,15"/><T86/><D131/><U105/><E35/><V65/><F120/><W74/><G107/><T1/><D111/><U48/><E122/><V123/><F123/><W34/><G34/><T70/><D70/><U117/><E105/><V102/><F41/><W81/><G116/><T33/><D106/><U68/><E23/><V129/><F102/><W31/><G31/><T5/><D100/><U80/><E117/><V50/><F50/><W29/><G29/><T37/><D84/><U114/><E114/><V10/><F129/><W13/><G112/><T21/><D33/><U110/><E110/><V20/><F28/><W95/><G95/><T61/><D37/><U73/><E78/><V30/><F30/><W47/><G125/><N who="1" m="48234" /><E40/><V18/><F32/><W17/><G17/><N who="2" m="6761" /><F20/><W121/><G121/><T63/><D21/><U77/><E77/><V119/><F119/><W93/><G93/><T130/><D130/><U43/><E43/><V94/><F83/><W97/><G97/><T64/><D26/><U82/><E82/><V75/><F75/><W99/><G99/><T55/><D42/><U62/><E48/><V36/><F36/><W89/><G108/><T103/><D38/><U22/><E22/><V69/><F69/><W96/><G96/><T60/><D103/><U101/><E101/><V58/><F58/><W104/><G104/><T135/><D135/><U3/><AGARI ba="0,0" hai="3,4,9,56,62,66,68,71,73,76,80" m="48234" machi="3" ten="30,2000,0" yaku="18,1,52,1" doraHai="59" who="1" fromWho="1" sc="250,-10,250,20,250,-5,250,-5" /><INIT seed="1,0,0,2,2,118" ten="240,270,245,245" oya="1" hai0="51,121,133,95,2,6,66,70,114,54,56,46,104" hai1="53,94,11,57,64,101,16,3,134,15,48,42,75" hai2="98,12,7,30,62,109,106,18,71,100,125,34,24" hai3="50,90,43,9,41,111,92,127,10,35,113,19,25"/><U45/><E75/><V32/><F7/><W47/><G113/><T23/><D114/><U87/><E134/><V59/><F125/><W129/><G127/><T126/><D104/><U22/><E64/><V78/><F78/><W68/><G68/><T52/><D126/><U130/><E130/><V117/><F109/><W65/><G65/><T99/><D133/><U74/><E74/><V112/><F112/><W40/><G111/><T21/><D121/><U96/><E3/><V36/><F36/><W28/><G129/><T61/><D6/><U5/><E87/><V115/><F115/><W91/><G91/><T116/><D2/><U13/><REACH who="1" step="1"/><E57/><REACH who="1" ten="240,260,245,245" step="2"/><V82/><F71/><W85/><REACH who="3" step="1"/><G19/><REACH who="3" ten="240,260,245,235" step="2"/><T76/><D116/><U88/><E88/><V120/><F117/><W93/><G93/><T17/><D76/><U20/><E20/><V124/><F124/><W89/><G89/><T103/><REACH who="0" step="1"/><D17/><REACH who="0" ten="230,260,245,235" step="2"/><U108/><E108/><V60/><F18/><W8/><AGARI ba="0,3" hai="8,9,10,25,28,35,40,41,43,47,50,85,90,92" machi="8" ten="30,2000,0" yaku="1,1,0,1,53,0" doraHai="118" doraHaiUra="14" who="3" fromWho="3" sc="230,-5,260,-10,245,-5,235,50" /><INIT seed="2,0,0,5,5,24" ten="225,250,240,285" oya="2" hai0="80,133,64,14,107,29,118,51,113,123,73,112,16" hai1="109,119,5,131,63,32,46,101,106,19,30,3,99" hai2="11,58,45,33,86,110,75,56,23,27,43,35,74" hai3="54,134,38,103,95,126,37,10,127,20,81,55,77"/><V22/><F110/><W39/><G134/><T6/><D123/><U104/><E119/><V76/><F86/><W79/><G10/><T91/><D107/><N who="1" m="63935" /><E19/><V65/><F11/><W117/><G117/><T71/><D6/><U26/><E109/><V59/><F65/><W72/><G79/><T41/><D118/><U83/><E131/><V111/><F111/><W25/><G95/><T97/><D133/><U48/><E48/><V121/><F23/><W47/><G103/><T85/><D73/><U28/><E46/><V108/><F108/><W92/><G92/><T84/><D97/><U42/><E42/><V129/><F129/><W102/><G102/><T135/><D135/><U40/><E40/><V90/><F90/><W70/><G70/><T53/><D41/><U67/><E83/><V62/><F62/><W114/><G114/><T9/><D85/><U82/><E82/><V2/><F2/><W31/><REACH who="3" step="1"/><G47/><REACH who="3" ten="225,250,240,275" step="2"/><N who="0" m="27903" /><D113/><U1/><E1/><V68/><F68/><W61/><G61/><N who="0" m="40335" /><D112/><U122/><E104/><V49/><F76/><W115/><G115/><T17/><D17/><U4/><E106/><V44/><F44/><W52/><AGARI ba="0,1" hai="20,25,31,37,38,39,52,54,55,72,77,81,126,127" machi="52" ten="40,8000,1" yaku="1,1,0,1,52,1,54,1,53,0" doraHai="24" doraHaiUra="87" who="3" fromWho="3" sc="225,-20,250,-20,240,-40,275,90" /><INIT seed="3,0,0,0,4,77" ten="205,230,200,365" oya="3" hai0="36,34,87,10,121,8,30,40,135,22,6,44,90" hai1="85,45,9,42,54,108,125,46,11,132,130,99,115" hai2="97,61,7,47,82,116,41,72,68,15,102,23,2" hai3="94,51,129,91,80,95,35,12,57,106,71,19,105"/><W101/><G35/><T1/><D121/><U131/><E115/><V114/><F114/><W50/><G71/><T88/><D135/><U24/><E132/><V120/><F120/><W39/><G39/><T78/><D34/><U14/><E108/><V60/><F116/><W74/><G74/><T110/><D110/><U75/><E75/><V58/><F68/><W96/><G129/><N who="1" m="49162" /><E125/><V127/><F127/><W33/><G33/><T32/><D32/><U128/><N who="1" m="49170" /><U64/><DORA hai="16" /><E64/><V4/><F2/><W69/><G69/><T0/><D78/><U18/><E24/><V53/><F61/><W65/><G105/><T79/><D79/><U13/><E99/><V59/><F59/><W107/><G107/><T76/><D76/><U56/><E85/><V31/><F82/><W21/><G80/><T109/><D109/><U37/><E46/><V26/><F15/><N who="1" m="5641" /><E18/><V20/><F20/><W111/><G106/><T123/><D123/><U27/><E27/><V118/><F72/><W119/><G119/><T28/><D22/><U55/><E55/><V98/><F118/><W73/><G73/><T122/><D122/><U38/><E38/><V49/><F98/><N who="3" m="57695" /><G111/><T134/><D134/><U5/><E5/><V133/><F133/><W83/><G12/><T113/><D113/><U43/><E43/><V86/><F86/><W70/><G19/><T25/><D25/><U63/><AGARI ba="0,0" hai="9,11,37,42,45,54,56,63" m="5641,49170" machi="63" ten="40,1500,0" yaku="19,1" doraHai="77,16" who="1" fromWho="1" sc="205,-4,230,15,200,-4,365,-7" owari="201,-19.9,245,4.5,196,-30.4,358,45.8" /></mjloggm>