<mjloggm ver="2.3"><GO type="225" lobby="0"/><UN n0="%E3%82%BC%E3%83%AB%E3%83%80%E3%81%AE%E4%BC%9D%E8%AA%AC" n1="%E9%97%98%E5%B0%86%E3%81%A0%E3%82%93%E3%81%A7%E3%81%83" n2="%E3%81%8B%E3%82%8F%E3%81%A1%E3%82%83%E3%82%93%35%38" n3="%E3%81%BF%E3%81%BF%E3%81%9A" dan="17,16,16,17" rate="2175.01,2124.70,2143.54,2309.86" sx="M,M,M,M"/><TAIKYOKU oya="0"/><INIT seed="0,0,0,0,0,38" ten="250,250,250,250" oya="0" hai0="83,29,6,86,134,114,16,130,68,73,123,84,43" hai1="5,36,23,3,125,88,115,75,111,124,117,60,87" hai2="12,33,55,129,101,71,32,94,103,100,27,67,74" hai3="10,99,39,15,22,1,90,11,14,97,42,28,112"/><T24/><D114/><U122/><E75/><V37/><F74/><W56/><G112/><T107/><D123/><U53/><E115/><V0/><F0/><W57/><G1/><T126/><D107/><U133/><E122/><V62/><F129/><W31/><G39/><T13/><D68/><U127/><E117/><V132/><F132/><W113/><G113/><T81/><D134/><U35/><E35/><V9/><F37/><W105/><G105/><T85/><D130/><U49/><E36/><V54/><F94/><W18/><G42/><T82/><D126/><U89/><E133/><V66/><F66/><W41/><G41/><T47/><D6/><U30/><E111/><V61/><F61/><W131/><G131/><T77/><D47/><U26/><E60/><V135/><F135/><W95/><G99/><T128/><D43/><U109/><E109/><V110/><F110/><W96/><G97/><T119/><D119/><U44/><REACH who="1" step="1"/><E87/><REACH who="1" ten="250,240,250,250" step="2"/><V20/><F33/><W50/><G50/><T93/><D128/><U8/><AGARI ba="0,1" hai="3,5,8,23,26,30,44,49,53,88,89,124,125,127" machi="8" ten="40,8000,1" yaku="1,1,2,1,0,1,18,1,54,1,53,0" doraHai="38" doraHaiUra="102" who="1" fromWho="1" sc="250,-40,240,90,250,-20,250,-20" /><INIT seed="1,0,0,1,3,34" ten="210,330,230,230" oya="1" hai0="49,59,19,66,24,18,123,29,14,108,107,133,85" hai1="130,11,126,48,44,47,69,46,0,91,51,96,134" hai2="132,61,94,76,117,131,83,86,124,32,121,128,120" hai3="38,2,118,135,9,28,30,127,75,20,12,97,6"/><U74/><E74/><V21/><F32/><W45/><G127/><T119/><D107/><U92/><E126/><V115/><F124/><W93/><G135/><T71/><D119/><U42/><E134/><V55/><F132/><W102/><G118/><T41/><D133/><U79/><E130/><N who="2" m="49707" /><F117/><W54/><G75/><T72/><D72/><U113/><E79/><V52/><F115/><W23/><G38/><T81/><D108/><U65/><E113/><V7/><F7/><W103/><G103/><T125/><D125/><U106/><E106/><V56/><F94/><W110/><G110/><T129/><D123/><N who="2" m="47178" /><F21/><N who="3" m="8267" /><G2/><T39/><D129/><U57/><E69/><V40/><F40/><W73/><G73/><T35/><D71/><U78/><E78/><V50/><F50/><AGARI ba="0,0" hai="6,9,12,28,30,45,50,54,93,97,102" m="8267" machi="50" ten="30,1000,0" yaku="8,1" doraHai="34" who="3" fromWho="2" sc="210,0,330,0,230,-10,230,10" /><INIT seed="2,0,0,5,0,64" ten="210,330,220,240" oya="2" hai0="81,37,66,113,51,124,117,18,36,7,13,88,47" hai1="77,85,97,94,46,106,16,8,82,11,30,24,80" hai2="20,100,84,72,63,45,110,3,74,73,127,4,27" hai3="102,115,107,38,69,75,95,70,101,28,92,42,2"/><V116/><F116/><W98/><G2/><T61/><D113/><U68/><E68/><V120/><F120/><W39/><G75/><T1/><D1/><U114/><E106/><V123/><F123/><W33/><G115/><T125/><D7/><U50/><E82/><V87/><F127/><N who="0" m="48714" /><D117/><U96/><E96/><V43/><F100/><W44/><G39/><T55/><D13/><U71/><E71/><V57/><F4/><W56/><G56/><N who="0" m="37159" /><D18/><U132/><E132/><V109/><F3/><W65/><G65/><T5/><D5/><U17/><E11/><V60/><F84/><AGARI ba="0,0" hai="36,37,47,51,55,81,84,88" m="37159,48714" machi="84" ten="30,2000,0" yaku="18,1,54,1" doraHai="64" who="0" fromWho="2" sc="210,20,330,0,220,-20,240,0" /><INIT seed="3,0,0,1,4,51" ten="230,330,200,240" oya="3" hai0="61,26,125,64,113,53,52,116,71,54,28,6,5" hai1="107,81,17,4,79,93,1,87,35,89,72,114,3" hai2="8,104,119,36,20,126,92,19,96,85,65,10,131" hai3="43,9,38,14,88,0,122,66,109,134,82,110,55"/><W45/><G122/><T48/><D116/><U59/><E35/><V86/><F119/><W84/><G66/><T101/><D125/><U58/><E114/><V57/><F126/><W63/><G134/><T41/><D113/><U40/><E40/><V68/><F131/><W11/><G0/><T77/><D77/><U21/><E107/><V69/><F104/><W73/><G73/><T132/><D101/><U133/><E133/><V76/><F36/><W99/><G99/><T7/><D132/><U70/><E70/><V25/><F68/><W124/><G124/><T60/><D60/><U67/><E4/><V128/><F69/><W74/><G74/><T115/><D115/><U112/><E112/><V90/><F128/><W100/><G100/><T29/><REACH who="0" step="1"/><D26/><REACH who="0" ten="220,330,200,240" step="2"/><U50/><E79/><V13/><F76/><W102/><G102/><T34/><D34/><U31/><E72/><V47/><F47/><AGARI ba="0,1" hai="5,6,7,28,29,41,47,48,52,53,54,61,64,71" machi="47" ten="40,8000,1" yaku="1,1,52,3,54,1,53,0" doraHai="51" doraHaiUra="127" who="0" fromWho="2" sc="220,90,330,0,200,-80,240,0" owari="310,11.0,330,43.0,120,-38.0,240,-16.0" /></mjloggm>