<mjloggm ver="2.3"><GO type="225" lobby="0"/><UN n0="%E3%83%8F%E3%83%B3%E3%83%89%E3%83%A9%E3%83%BC%E3%83%BB%E3%83%AF%E3%83%B3" n1="%30%2E%31%32%30" n2="%E5%85%83%E3%82%AB%E3%83%8E%E7%B3%BB%E3%83%92%E3%83%AD%E3%82%A4%E3%83%B3" n3="%E7%B4%94%E6%BD%94%E3%83%94%E3%83%A9%E3%83%8B%E3%82%A2" dan="17,16,16,17" rate="2198.63,2155.23,2073.90,2169.16" sx="M,M,M,M"/><TAIKYOKU oya="0"/><INIT seed="0,0,0,3,0,82" ten="250,250,250,250" oya="0" hai0="131,115,97,1,23,130,117,35,118,102,48,17,110" hai1="106,96,127,31,79,86,95,107,83,21,29,111,49" hai2="13,74,32,44,68,33,123,65,16,22,105,28,53" hai3="89,61,90,57,124,27,91,43,19,37,58,64,135"/><T87/><D115/><U45/><E127/><V34/><F123/><W120/><G124/><T62/><D35/><U6/><E111/><V66/><F105/><W26/><G135/><T129/><D1/><U30/><E6/><V116/><F74/><W78/><G120/><T51/><D62/><U93/><E21/><V14/><F68/><W3/><G3/><T134/><D134/><U0/><E0/><V103/><F103/><W72/><G72/><T99/><D110/><U67/><E67/><V126/><F126/><W42/><G78/><T47/><D87/><U24/><E24/><V100/><F100/><W75/><G75/><T122/><D122/><U80/><E80/><V56/><F116/><N who="0" m="44650" /><D47/><U101/><REACH who="1" step="1"/><E107/><REACH who="1" ten="250,240,250,250" step="2"/><V7/><F28/><W63/><G26/><N who="0" m="14703" /><D99/><U69/><E69/><V20/><F44/><W54/><G27/><T11/><D11/><U25/><E25/><V85/><F22/><W10/><REACH who="3" step="1"/><G37/><REACH who="3" ten="250,240,250,240" step="2"/><T36/><D36/><U55/><AGARI ba="0,2" hai="29,30,31,45,49,55,79,83,86,93,95,96,101,106" machi="55" ten="30,4000,0" yaku="1,1,0,1,52,1,53,0" doraHai="82" doraHaiUra="112" who="1" fromWho="1" sc="250,-20,240,60,250,-10,240,-10" /><INIT seed="1,0,0,0,1,21" ten="230,300,240,230" oya="1" hai0="11,125,29,82,97,79,22,45,94,4,52,111,14" hai1="34,58,121,27,116,110,66,87,69,3,72,89,108" hai2="98,133,130,84,77,32,75,131,91,53,86,30,20" hai3="123,105,26,28,81,37,35,65,41,12,42,43,39"/><U126/><E3/><V40/><F32/><W0/><G0/><T118/><D118/><U17/><E72/><V104/><F40/><W68/><G123/><T109/><D125/><U113/><E116/><V46/><F133/><W102/><G12/><T117/><D117/><U92/><E121/><V9/><F9/><W83/><G81/><T73/><D29/><U8/><E126/><V13/><F46/><W2/><G83/><T119/><D119/><U74/><E69/><V76/><F53/><W78/><G78/><N who="2" m="30313" /><F75/><W135/><G2/><T51/><REACH who="0" step="1"/><D22/><REACH who="0" ten="220,300,240,230" step="2"/><N who="1" m="13775" /><E34/><V103/><F30/><W122/><G122/><T16/><D16/><U25/><E113/><V63/><F20/><W100/><G135/><T120/><D120/><U7/><E108/><V85/><F13/><W129/><G129/><N who="2" m="49161" /><F63/><W70/><G37/><T60/><D60/><U56/><E110/><V18/><F18/><W44/><G39/><T5/><D5/><U80/><E7/><V62/><F62/><W128/><G128/><T88/><AGARI ba="0,1" hai="4,11,14,45,51,52,73,79,82,88,94,97,109,111" machi="88" ten="30,7900,0" yaku="1,1,0,1,54,2,53,0" doraHai="21" doraHaiUra="99" who="0" fromWho="0" sc="220,89,300,-39,240,-20,230,-20" /><INIT seed="2,0,0,4,3,78" ten="309,261,220,210" oya="2" hai0="38,83,28,92,127,114,16,119,39,41,70,72,100" hai1="2,11,94,82,99,17,61,59,62,125,24,27,90" hai2="91,13,14,23,69,63,122,118,103,68,31,107,4" hai3="86,129,48,81,131,9,121,19,84,108,133,76,124"/><V128/><F118/><W101/><G121/><T32/><D114/><U77/><E125/><V40/><F122/><W105/><G124/><T130/><D70/><U113/><E113/><V80/><F40/><W64/><G108/><T44/><D127/><U74/><E61/><V97/><F128/><N who="3" m="49227" /><G64/><T132/><D130/><U26/><E2/><V104/><F104/><W57/><G133/><T66/><D66/><U71/><E71/><V123/><F123/><W102/><G105/><T37/><D132/><U116/><E116/><V0/><F0/><W135/><G86/><T60/><D60/><U49/><E49/><V53/><F4/><W20/><G9/><T134/><D134/><U15/><REACH who="1" step="1"/><E27/><REACH who="1" ten="309,251,220,210" step="2"/><V56/><F68/><W111/><G135/><T3/><D119/><U117/><E117/><V42/><F69/><W45/><G111/><T52/><D3/><U51/><E51/><V8/><F14/><N who="3" m="9335" /><G57/><T96/><D44/><U73/><E73/><V75/><F75/><W109/><G109/><T46/><D72/><U98/><E98/><V5/><F42/><AGARI ba="0,1" hai="42,45,48,76,81,84,101,102" m="9335,49227" machi="42" ten="30,2000,0" yaku="19,1,52,1" doraHai="78" who="3" fromWho="2" sc="309,0,251,0,220,-20,210,30" /><INIT seed="3,0,0,1,4,48" ten="309,251,200,240" oya="3" hai0="124,113,7,126,56,39,97,50,64,133,22,127,5" hai1="129,103,70,14,90,84,92,93,63,30,27,19,130" hai2="43,69,60,75,128,26,115,72,38,95,35,102,67" hai3="15,91,32,101,57,76,37,78,123,107,82,132,94"/><W65/><G37/><T25/><D39/><U99/><E70/><V53/><F115/><W114/><G123/><T106/><D133/><U109/><E109/><V45/><F128/><W83/><G114/><T61/><D113/><U58/><E19/><V111/><F111/><W121/><G32/><T66/><D66/><U134/><E14/><V42/><F42/><W16/><G121/><T96/><D50/><U74/><E74/><V40/><F40/><W33/><G33/><T108/><D108/><U18/><E18/><V105/><F95/><W0/><G0/><T31/><D96/><U71/><E71/><V98/><F53/><W24/><G24/><T73/><D73/><U52/><REACH who="1" step="1"/><E134/><REACH who="1" ten="309,241,200,240" step="2"/><V68/><F68/><W59/><G132/><T1/><D1/><U122/><E122/><V79/><F79/><W120/><G120/><T87/><D126/><U88/><E88/><V9/><F9/><W17/><G15/><T10/><D10/><U44/><E44/><V34/><F34/><AGARI ba="0,1" hai="27,30,34,52,58,63,84,90,92,93,99,103,129,130" machi="34" ten="40,5200,0" yaku="1,1,52,1,54,1,53,0" doraHai="48" doraHaiUra="77" who="1" fromWho="2" sc="309,0,241,62,200,-52,240,0" owari="309,40.9,303,10.3,148,-35.2,240,-16.0" /></mjloggm>