<mjloggm ver="2.3"><GO type="225" lobby="0"/><UN n0="%E4%BA%BA%E9%96%93%E3%83%81%E3%83%A3%E3%83%BC%E3%83%8F%E3%83%B3" n1="%33%74%72%65%65" n2="%E6%A1%9C%E8%8A%B1%E9%96%83%E3%80%85" n3="%E3%80%93%E3%81%97%E3%83%BC%E3%82%89%E3%80%93" dan="16,16,16,16" rate="2076.20,2161.80,2221.04,2162.95" sx="M,F,M,M"/><TAIKYOKU oya="0"/><INIT seed="0,0,0,4,2,1" ten="250,250,250,250" oya="0" hai0="8,55,71,104,109,81,42,44,47,92,94,5,27" hai1="17,132,16,4,32,37,79,72,120,49,73,91,107" hai2="78,50,131,69,59,133,122,86,52,48,0,28,60" hai3="7,99,82,64,26,30,93,123,127,67,3,84,125"/><T13/><D104/><U74/><E37/><V34/><F122/><W14/><G123/><T45/><D71/><U110/><E120/><V21/><F34/><W56/><G3/><T117/><D117/><U68/><E79/><V35/><F35/><W108/><G108/><T114/><D114/><U90/><E32/><V100/><F133/><W101/><G56/><T113/><D113/><U111/><E68/><V40/><F131/><W98/><G98/><T119/><D119/><U95/><E107/><V62/><F0/><W63/><G63/><T53/><D42/><U116/><E116/><V20/><F100/><W58/><G58/><T9/><D109/><N who="1" m="41483" /><E132/><V31/><F50/><W41/><G41/><T130/><D130/><U46/><E4/><V39/><F39/><W57/><G57/><T88/><D9/><U25/><E25/><N who="2" m="16423" /><F40/><W18/><G7/><T33/><D33/><U105/><E105/><V22/><F69/><W29/><G26/><T65/><D65/><N who="3" m="25161" /><G127/><T129/><D129/><U80/><E73/><V11/><F31/><W12/><G125/><T77/><D27/><U83/><E74/><V36/><F11/><N who="3" m="6431" /><G14/><T118/><D118/><U89/><E72/><V6/><F6/><W61/><G61/><N who="2" m="23657" /><F36/><W97/><G97/><N who="0" m="57479" /><D94/><U19/><E95/><V96/><F96/><W24/><G24/><T135/><D135/><U85/><E85/><AGARI ba="0,0" hai="5,8,13,44,45,47,53,55,77,81,85" m="57479" machi="85" ten="30,5800,0" yaku="8,1,52,1,54,1" doraHai="1" who="0" fromWho="1" sc="250,58,250,-58,250,0,250,0" /><INIT seed="0,1,0,1,4,121" ten="308,192,250,250" oya="0" hai0="103,113,43,58,98,60,81,92,117,109,26,51,79" hai1="19,23,40,4,53,65,28,68,42,135,116,24,120" hai2="110,75,44,77,54,30,1,12,63,86,131,82,13" hai3="125,78,132,106,134,14,35,107,31,93,119,108,45"/><T69/><D113/><U48/><E116/><V102/><F1/><W133/><G119/><T130/><D117/><U104/><E120/><V18/><F131/><W36/><G125/><T115/><D115/><U50/><E135/><V76/><F30/><W27/><G93/><T6/><D130/><U37/><E104/><N who="3" m="39978" /><G14/><T85/><D69/><U32/><E37/><V46/><F102/><W39/><G78/><T128/><D128/><U73/><E73/><V122/><F12/><W72/><G72/><T62/><D109/><U74/><E74/><V29/><F110/><W114/><G114/><T47/><D58/><U71/><E4/><V80/><F29/><W61/><G61/><T17/><REACH who="0" step="1"/><D6/><REACH who="0" ten="298,192,250,250" step="2"/><U3/><E71/><V95/><F122/><W59/><G59/><T101/><D101/><U22/><E68/><V105/><F46/><W89/><G45/><T34/><D34/><U97/><E32/><V83/><F44/><W20/><G35/><T57/><D57/><U112/><E112/><V10/><F75/><W126/><G108/><T15/><D15/><U99/><E3/><V84/><F13/><W0/><G0/><T52/><D52/><U66/><E53/><V11/><F54/><W64/><G132/><T41/><D41/><N who="1" m="15979" /><E66/><V7/><F7/><W91/><G64/><T33/><D33/><U2/><E65/><V87/><F10/><W124/><G134/><T21/><AGARI ba="1,1" hai="17,21,26,43,47,51,60,62,79,81,85,92,98,103" machi="21" ten="30,11700,0" yaku="1,1,0,1,8,1,53,1" doraHai="121" doraHaiUra="38" who="0" fromWho="0" sc="298,130,192,-40,250,-40,250,-40" /><INIT seed="0,2,0,2,1,108" ten="428,152,210,210" oya="0" hai0="36,101,65,10,40,33,102,79,75,47,114,94,28" hai1="82,133,17,84,71,74,107,121,41,93,6,67,24" hai2="111,15,110,99,2,106,134,55,129,26,73,14,135" hai3="103,72,124,113,0,130,131,100,31,109,25,37,11"/><T62/><D114/><U83/><E121/><V117/><F73/><W91/><G72/><T30/><D94/><U123/><E123/><V22/><F55/><W95/><G37/><T66/><D66/><U64/><E107/><V32/><F99/><W104/><G104/><T76/><D76/><U42/><E74/><V80/><F80/><N who="1" m="30761" /><E71/><V20/><F106/><W88/><G109/><N who="2" m="41481" /><F2/><W16/><G113/><T122/><D10/><U128/><E128/><N who="3" m="49194" /><G124/><T23/><D23/><N who="2" m="8746" /><F129/><W7/><G16/><T120/><D30/><U12/><E17/><V21/><F32/><N who="3" m="20591" /><G91/><T53/><D75/><U97/><E97/><AGARI ba="2,0" hai="0,7,11,88,95,97,100,103" m="20591,49194" machi="97" ten="30,2000,0" yaku="19,1,54,1" doraHai="108" who="3" fromWho="1" sc="428,0,152,-26,210,0,210,26" /><INIT seed="1,0,0,4,2,88" ten="428,126,210,236" oya="1" hai0="66,64,116,3,118,27,34,0,52,124,67,7,96" hai1="72,26,9,126,112,120,108,113,102,35,123,57,13" hai2="6,93,19,54,128,23,39,8,36,104,109,133,122" hai3="48,115,43,101,132,61,121,17,30,18,60,53,63"/><U86/><E72/><V131/><F122/><N who="1" m="46633" /><E102/><V134/><F109/><W94/><G121/><T14/><D124/><U65/><E86/><V47/><F104/><W99/><G115/><N who="1" m="44106" /><E57/><V83/><F83/><W127/><G132/><N who="2" m="50793" /><F93/><W69/><G127/><T91/><D91/><U37/><E65/><V42/><F54/><W24/><G43/><T95/><D96/><U46/><E46/><V84/><F84/><W98/><G98/><T38/><D64/><U110/><E37/><V107/><F107/><W117/><G117/><T85/><D38/><U31/><E126/><V100/><F100/><W75/><G75/><T44/><D66/><U58/><E58/><V89/><F89/><W28/><G69/><T5/><D44/><U21/><E35/><V76/><F76/><W29/><REACH who="3" step="1"/><G24/><REACH who="3" ten="428,126,210,226" step="2"/><T68/><D68/><U130/><E130/><V2/><F39/><W97/><G97/><T111/><D116/><U78/><E78/><V106/><F106/><W56/><AGARI ba="0,1" hai="17,18,28,29,30,48,53,56,60,61,63,94,99,101" machi="56" ten="30,12000,2" yaku="1,1,0,1,8,1,52,1,53,2" doraHai="88" doraHaiUra="15" who="3" fromWho="3" sc="428,-30,126,-60,210,-30,226,130" /><INIT seed="2,0,0,5,0,28" ten="398,66,180,356" oya="2" hai0="132,66,107,98,135,91,9,116,119,78,54,77,59" hai1="44,10,61,57,67,7,93,24,110,23,4,26,128" hai2="103,32,33,99,70,51,106,16,19,121,74,25,27" hai3="53,133,50,68,40,92,63,126,45,75,131,71,90"/><V58/><F121/><W34/><G75/><T46/><D66/><U96/><E110/><V31/><F74/><W88/><G126/><T56/><D9/><U127/><E127/><V129/><F129/><W83/><G131/><T39/><D39/><U102/><E128/><V134/><F134/><N who="0" m="51242" /><D46/><U36/><E26/><V12/><F70/><W69/><G133/><T109/><D109/><U124/><E124/><V87/><F87/><W82/><G34/><T41/><D41/><U20/><E20/><V48/><F58/><N who="0" m="22058" /><D54/><U85/><E10/><V130/><F130/><W72/><G63/><T64/><D64/><U30/><REACH who="1" step="1"/><E85/><REACH who="1" ten="398,56,180,356" step="2"/><V37/><F32/><W105/><G72/><T118/><D118/><U97/><E97/><V21/><F37/><W73/><G73/><T108/><D98/><U95/><E95/><V35/><F33/><W18/><G92/><T49/><D108/><U0/><E0/><V94/><F94/><W52/><G105/><T81/><D107/><U2/><E2/><V113/><F113/><W62/><G62/><T8/><D116/><U42/><AGARI ba="0,1" hai="4,7,23,24,30,36,42,44,57,61,67,93,96,102" machi="42" ten="30,7900,0" yaku="1,1,0,1,25,2,53,0" doraHai="28" doraHaiUra="6" who="1" fromWho="1" sc="398,-20,56,89,180,-39,356,-20" /><INIT seed="3,0,0,0,5,54" ten="378,145,141,336" oya="3" hai0="71,37,96,33,53,6,94,56,39,18,52,12,1" hai1="62,123,3,63,97,64,86,74,134,98,29,84,125" hai2="85,117,43,76,57,113,127,109,111,44,55,28,81" hai3="41,78,73,126,67,106,34,35,132,20,99,116,133"/><W40/><G116/><T88/><D71/><U91/><E123/><V61/><F113/><W68/><G20/><N who="0" m="11335" /><D37/><U8/><E74/><V80/><F117/><W0/><G0/><T115/><D39/><U118/><E118/><V19/><F127/><W51/><G126/><T128/><D33/><N who="3" m="12297" /><G51/><N who="0" m="30751" /><D1/><U108/><E108/><N who="2" m="41547" /><F28/><W58/><G68/><T90/><D115/><U13/><E134/><N who="3" m="51818" /><G78/><T11/><D128/><U112/><E125/><V103/><F103/><N who="3" m="62847" /><G73/><T105/><D105/><U119/><E119/><V107/><F107/><W130/><G130/><T114/><D114/><U49/><E112/><V31/><F31/><W42/><G41/><T22/><D22/><U4/><E29/><V47/><F43/><W124/><G124/><T89/><D53/><U120/><E120/><V32/><F32/><W93/><G93/><T5/><D11/><U101/><E3/><V25/><F25/><W102/><G102/><AGARI ba="0,0" hai="5,6,88,89,90,94,96,102" m="30751,11335" machi="102" ten="30,7700,0" yaku="8,1,52,1,54,2" doraHai="54" who="0" fromWho="3" sc="378,77,145,0,141,0,336,-77" owari="455,55.5,145,-25.5,141,-35.9,259,5.9" /></mjloggm>