<mjloggm ver="2.3"><GO type="225" lobby="0"/><UN n0="%E7%B4%94%E6%BD%94%E3%83%94%E3%83%A9%E3%83%8B%E3%82%A2" n1="%48%61%61%61%6C%61%6E%64" n2="%E9%A2%A8%E3%81%A7%E9%B3%B4%E3%81%8F" n3="%E3%81%BE%E3%81%A8%E3%81%9F" dan="16,18,16,16" rate="2173.10,2214.50,2130.33,2175.23" sx="M,M,M,M"/><TAIKYOKU oya="0"/><INIT seed="0,0,0,0,1,110" ten="250,250,250,250" oya="0" hai0="71,27,15,2,13,95,92,61,65,88,48,50,16" hai1="86,66,106,115,3,119,34,57,100,63,59,42,112" hai2="125,31,33,56,134,46,116,10,32,38,20,75,58" hai3="6,93,121,23,12,117,8,70,113,111,5,94,62"/><T51/><D2/><U105/><E119/><V84/><F75/><W103/><G117/><T123/><D123/><U127/><E127/><V118/><F125/><W17/><G111/><T4/><D92/><U91/><E3/><V98/><F134/><W22/><G121/><T29/><D4/><U36/><E34/><V72/><F72/><W114/><G70/><T60/><D60/><U39/><E57/><V132/><F132/><W76/><G76/><T7/><D7/><U67/><E67/><V80/><F116/><W11/><G62/><T53/><D53/><U35/><E35/><V54/><F118/><W89/><G103/><T131/><D131/><U25/><E25/><V82/><F82/><W120/><G120/><T78/><D78/><U45/><E36/><V47/><F38/><W83/><G83/><T97/><REACH who="0" step="1"/><D16/><REACH who="0" ten="240,250,250,250" step="2"/><U77/><E77/><V28/><F28/><W96/><G94/><T52/><D52/><U133/><E133/><V18/><F18/><W79/><G79/><T40/><D40/><U19/><E19/><V41/><F54/><W85/><G17/><T99/><D99/><U81/><REACH who="1" step="1"/><E106/><REACH who="1" ten="240,240,250,250" step="2"/><V9/><F31/><W135/><G135/><T43/><D43/><U49/><E49/><V128/><F41/><W1/><REACH who="3" step="1"/><G96/><AGARI ba="0,2" hai="39,42,45,59,63,66,81,86,91,96,100,105,112,115" machi="96" ten="40,5200,0" yaku="1,1,52,2,53,0" doraHai="110" doraHaiUra="0" who="1" fromWho="3" sc="240,0,240,72,250,0,250,-52" /><INIT seed="1,0,0,1,5,14" ten="240,312,250,198" oya="1" hai0="63,78,126,17,131,16,62,26,38,96,52,108,119" hai1="88,123,44,128,114,130,50,53,65,48,76,82,5" hai2="72,13,4,47,92,15,104,51,100,112,3,32,120" hai3="57,117,0,73,99,10,29,25,36,6,7,46,27"/><U28/><E114/><V61/><F72/><W90/><G117/><T129/><D119/><U66/><E123/><V64/><F32/><W41/><G7/><T102/><D38/><U24/><E5/><V91/><F120/><W59/><G27/><T35/><D78/><U132/><E132/><V116/><F112/><W105/><G90/><T70/><D108/><U33/><E50/><V86/><F116/><W113/><G113/><T75/><D75/><U71/><E88/><V67/><F3/><W133/><G133/><T81/><D81/><U134/><E134/><V39/><F39/><W103/><REACH who="3" step="1"/><G73/><REACH who="3" ten="240,312,250,188" step="2"/><T93/><D126/><U22/><E24/><V83/><F64/><W37/><G37/><T45/><D26/><U84/><E65/><V106/><F4/><W58/><G58/><N who="0" m="35143" /><D45/><U101/><E44/><V109/><F67/><W115/><G115/><T54/><D35/><AGARI ba="0,1" hai="0,6,10,25,29,35,36,41,46,57,59,99,103,105" machi="35" ten="30,2000,0" yaku="1,1,7,1,53,0" doraHai="14" doraHaiUra="80" who="3" fromWho="0" sc="240,-20,312,0,250,0,188,30" /><INIT seed="2,0,0,2,5,70" ten="220,312,250,218" oya="2" hai0="112,38,129,73,37,109,14,24,132,117,41,97,5" hai1="34,1,22,32,104,118,72,119,30,84,0,50,102" hai2="31,52,54,56,35,21,65,123,106,26,49,9,12" hai3="46,23,43,131,127,111,17,103,13,108,55,113,88"/><V92/><F106/><W60/><G127/><T66/><D112/><U86/><E22/><V8/><F123/><W27/><G113/><T6/><D73/><U40/><E72/><V115/><F115/><W71/><G103/><T51/><D109/><N who="3" m="42057" /><G131/><T69/><D129/><U89/><E50/><V3/><F65/><N who="3" m="41383" /><G55/><T133/><D117/><U39/><E102/><V79/><F79/><W36/><G88/><T63/><D24/><AGARI ba="0,0" hai="13,17,23,24,27,36,43,46" m="41383,42057" machi="24" ten="30,2000,0" yaku="14,1,52,1" doraHai="70" who="3" fromWho="0" sc="220,-20,312,0,250,0,218,20" /><INIT seed="3,0,0,0,1,92" ten="200,312,250,238" oya="3" hai0="134,11,125,70,17,128,119,5,14,79,82,104,48" hai1="96,20,49,66,100,107,23,76,31,93,1,27,24" hai2="135,112,60,94,115,43,59,129,84,86,21,72,38" hai3="3,53,9,118,55,133,28,68,41,75,87,81,26"/><W109/><G118/><T30/><D119/><U85/><E1/><V2/><F72/><W69/><G75/><T114/><D70/><U54/><E66/><V126/><F2/><W12/><G3/><T47/><D114/><U50/><E54/><V56/><F126/><W77/><G53/><T32/><D125/><U61/><E61/><V102/><F135/><W120/><G120/><T29/><D134/><U127/><E127/><V131/><F21/><W67/><G67/><T124/><D124/><U45/><E45/><N who="2" m="23799" /><F56/><W111/><G55/><T117/><D117/><U64/><E64/><N who="2" m="38943" /><F84/><W46/><G133/><T4/><D104/><U110/><E107/><V58/><F58/><W51/><G69/><T63/><D63/><U37/><E37/><V25/><F25/><W101/><G68/><T105/><D105/><U98/><E85/><V71/><F71/><W108/><G101/><T97/><D32/><U91/><E100/><V83/><F94/><W36/><G36/><T35/><D35/><U15/><E93/><V0/><F0/><W6/><G26/><T8/><D97/><U40/><E98/><V80/><F102/><W113/><G28/><T99/><D99/><U39/><E96/><V22/><F22/><W42/><G42/><N who="0" m="24695" /><D30/><U90/><E31/><V132/><F132/><W122/><G122/><T130/><D29/><U19/><E39/><V10/><F10/><W78/><G113/><N who="2" m="43593" /><F86/><W89/><AGARI ba="0,0" hai="6,9,12,41,46,51,77,78,81,87,89,108,109,111" machi="89" ten="30,6000,0" yaku="0,1,14,1,10,1" doraHai="92" who="3" fromWho="3" sc="200,-20,312,-20,250,-20,238,60" /><INIT seed="3,1,0,5,5,47" ten="180,292,230,298" oya="3" hai0="17,14,67,26,113,85,50,130,59,46,40,57,31" hai1="10,33,74,29,49,30,93,75,125,68,103,134,84" hai2="131,70,79,112,78,66,20,89,19,12,54,55,101" hai3="108,97,8,118,124,53,73,45,22,34,94,95,4"/><W133/><G118/><T51/><D130/><U65/><E68/><V99/><F112/><W18/><G34/><T116/><D113/><U24/><E65/><V60/><F131/><W42/><G73/><T71/><D116/><U64/><E64/><V63/><F89/><W88/><G124/><T120/><D120/><U86/><E125/><V27/><F12/><W104/><G104/><T107/><D107/><U109/><E109/><V98/><F98/><W52/><G133/><T72/><D72/><U135/><E10/><V81/><F60/><W77/><G77/><T102/><D102/><U23/><E33/><V48/><F55/><W35/><G35/><T41/><D85/><U83/><E74/><V96/><F96/><W7/><G95/><T28/><D71/><U9/><E75/><V3/><F3/><W128/><G128/><T115/><D115/><U43/><E134/><V39/><F39/><W0/><G7/><T76/><D76/><N who="1" m="46183" /><E135/><V92/><REACH who="2" step="1"/><F81/><REACH who="2" ten="180,292,220,298" step="2"/><W25/><G108/><T32/><D67/><U11/><E103/><V121/><F121/><W58/><G58/><AGARI ba="1,1" hai="19,20,27,48,54,58,63,66,70,78,79,92,99,101" machi="58" ten="30,7700,0" yaku="1,1,7,1,52,1,53,1" doraHai="47" doraHaiUra="13" who="2" fromWho="3" sc="180,0,292,0,220,90,298,-80" owari="180,-32.0,292,9.2,310,41.0,218,-18.2" /></mjloggm>