<mjloggm ver="2.3"><GO type="225" lobby="0"/><UN n0="%E3%81%B5%E3%81%98%E3%81%8B%E3%81%A4" n1="%E3%81%8B%E3%82%8F%E3%81%A1%E3%82%83%E3%82%93%35%38" n2="%E9%AC%BC%E7%95%9C%E7%B1%B3%E5%85%B5" n3="%52%61%69%61%6E%2E" dan="16,17,17,16" rate="2159.43,2245.28,2148.60,2027.30" sx="M,M,M,M"/><TAIKYOKU oya="0"/><INIT seed="0,0,0,4,4,73" ten="250,250,250,250" oya="0" hai0="6,88,77,53,36,32,41,71,111,120,132,24,128" hai1="113,100,25,11,93,115,15,14,7,45,21,127,109" hai2="105,16,37,116,84,17,40,124,26,80,118,50,57" hai3="48,107,13,35,102,96,94,56,90,12,68,0,110"/><T86/><D120/><U92/><E109/><V9/><F105/><W44/><G68/><T121/><D121/><U108/><E108/><V130/><F37/><W49/><G110/><T39/><D71/><U5/><E45/><V51/><F124/><W99/><G0/><T131/><D111/><U129/><E127/><V28/><F130/><N who="0" m="49706" /><D132/><U122/><E122/><V87/><F87/><W112/><G112/><N who="1" m="43082" /><E129/><V29/><F40/><W85/><G35/><T104/><D104/><U64/><E64/><V126/><F126/><W103/><G56/><T66/><D66/><U117/><E117/><N who="2" m="45163" /><F28/><W3/><G3/><T133/><D133/><U72/><E72/><V79/><F9/><W83/><REACH who="3" step="1"/><G48/><REACH who="3" ten="250,250,250,240" step="2"/><N who="2" m="18473" /><F57/><W30/><G30/><N who="0" m="19527" /><D41/><AGARI ba="0,1" hai="12,13,41,44,49,83,85,90,94,96,99,102,103,107" machi="41" ten="30,2000,0" yaku="1,1,7,1,53,0" doraHai="73" doraHaiUra="62" who="3" fromWho="0" sc="250,-20,250,0,250,0,240,30" /><INIT seed="1,0,0,4,1,78" ten="230,250,250,270" oya="1" hai0="36,70,0,35,120,12,88,73,66,69,21,17,113" hai1="3,48,23,55,56,29,115,26,119,60,99,72,110" hai2="134,14,44,91,31,87,9,30,103,107,101,123,132" hai3="124,100,133,98,71,82,106,126,114,125,51,97,33"/><U15/><E115/><V58/><F123/><W25/><G114/><T102/><D113/><U109/><E119/><V64/><F44/><W118/><G118/><T67/><D36/><U1/><E72/><V96/><F103/><W11/><G133/><T76/><D35/><U121/><E121/><V27/><F64/><W89/><G71/><T86/><D0/><U52/><E99/><V47/><F47/><W135/><G135/><T43/><D43/><U57/><REACH who="1" step="1"/><E15/><REACH who="1" ten="230,240,250,270" step="2"/><V104/><F132/><W85/><G97/><T65/><D120/><U79/><E79/><V20/><F134/><W122/><G122/><T5/><D76/><U63/><E63/><V6/><F107/><W16/><G124/><T75/><D102/><U46/><E46/><V42/><F104/><W19/><G125/><T62/><D75/><U112/><E112/><V77/><F96/><W74/><G126/><T92/><D73/><U111/><AGARI ba="0,1" hai="1,3,23,26,29,48,52,55,56,57,60,109,110,111" machi="111" ten="30,12000,1" yaku="1,1,0,1,14,1,10,1,54,1,53,0" doraHai="78" doraHaiUra="84" who="1" fromWho="1" sc="230,-40,240,130,250,-40,270,-40" /><INIT seed="1,1,0,3,1,57" ten="190,370,210,230" oya="1" hai0="36,66,119,1,73,94,120,56,39,61,53,22,86" hai1="13,5,100,108,9,111,11,35,121,12,80,110,68" hai2="96,51,74,81,129,64,45,8,10,125,130,24,0" hai3="72,55,107,42,67,93,63,123,104,84,30,6,91"/><U52/><E68/><V47/><F64/><W23/><G123/><T34/><D119/><U134/><E121/><V70/><F70/><W7/><G72/><T99/><D120/><U31/><E100/><V78/><F125/><W40/><G55/><T3/><D34/><U48/><E134/><V18/><F96/><W46/><G104/><T19/><D73/><U90/><E31/><V114/><F114/><W109/><G109/><T50/><D86/><N who="1" m="50503" /><E35/><V88/><F88/><W117/><G107/><T135/><D135/><U127/><E127/><V85/><F74/><W33/><G33/><T27/><D1/><N who="1" m="175" /><E11/><V102/><F102/><W115/><G115/><T77/><D77/><U75/><E75/><V124/><F124/><W95/><G117/><T113/><D3/><U128/><E128/><V116/><F116/><W14/><G93/><T26/><D113/><U69/><E69/><V62/><F0/><W92/><G92/><T82/><D82/><U118/><E118/><V106/><F106/><W15/><G30/><T2/><D2/><U105/><E105/><V37/><F10/><W133/><G133/><T89/><REACH who="0" step="1"/><D27/><REACH who="0" ten="180,370,210,230" step="2"/><U16/><E110/><V44/><F24/><W83/><G83/><T65/><D65/><U87/><E111/><V59/><F129/><W101/><G67/><T17/><D17/><U60/><E16/><V21/><F130/><W98/><G6/><T126/><D126/><U32/><E108/><V122/><F122/><W49/><G7/><T103/><D103/><U41/><E32/><V97/><F78/><W131/><G101/><T58/><AGARI ba="1,1" hai="19,22,26,36,39,50,53,56,58,61,66,89,94,99" machi="58" ten="20,8000,1" yaku="1,1,5,1,0,1,7,1,52,1,53,0" doraHai="57" doraHaiUra="43" who="0" fromWho="0" sc="180,93,370,-41,210,-21,230,-21" /><INIT seed="2,0,0,3,2,61" ten="273,329,189,209" oya="2" hai0="109,6,78,66,92,20,98,3,86,129,85,88,25" hai1="81,15,97,47,76,49,50,70,105,126,125,42,22" hai2="29,2,128,122,40,41,53,4,57,64,111,132,104" hai3="124,135,107,100,103,19,52,34,94,84,1,45,35"/><V79/><F122/><W24/><G107/><T7/><D109/><U130/><E70/><V87/><F104/><W108/><G1/><T118/><D129/><U101/><E130/><V117/><F117/><W72/><G72/><T21/><D118/><U38/><E22/><V75/><F128/><W99/><G108/><T46/><D46/><U56/><E15/><V95/><F111/><W90/><G135/><T71/><D21/><U131/><E131/><V69/><F132/><W5/><G5/><T80/><D3/><U127/><E56/><V89/><F29/><W0/><G0/><T60/><REACH who="0" step="1"/><D98/><REACH who="0" ten="263,329,189,209" step="2"/><U62/><E126/><V58/><F2/><W12/><G124/><T17/><AGARI ba="0,1" hai="6,7,17,20,25,60,66,71,78,80,85,86,88,92" machi="17" ten="20,12000,2" yaku="1,1,2,1,0,1,7,1,52,1,54,1,53,0" doraHai="61" doraHaiUra="10" who="0" fromWho="0" sc="263,130,329,-30,189,-60,209,-30" /><INIT seed="3,0,0,2,0,8" ten="393,299,129,179" oya="3" hai0="53,127,121,75,88,47,42,58,67,90,79,84,95" hai1="64,129,27,21,57,125,119,99,114,60,33,112,54" hai2="104,124,37,98,97,49,45,118,56,26,13,63,122" hai3="102,94,17,74,103,70,2,82,14,128,38,101,50"/><W133/><G2/><T81/><D121/><U24/><E125/><V115/><F115/><W68/><G38/><T5/><D127/><U110/><E110/><V25/><F124/><W65/><G128/><T135/><D135/><U19/><E129/><V83/><F122/><W48/><G133/><T46/><D5/><U32/><E119/><V87/><F37/><W113/><G113/><T71/><D42/><U44/><E32/><V91/><F118/><W22/><G94/><T131/><D131/><U0/><E0/><V9/><F104/><W105/><G105/><T20/><D20/><U130/><E130/><V28/><F26/><W120/><G120/><T4/><D4/><U7/><E7/><V66/><F25/><W76/><REACH who="3" step="1"/><G65/><REACH who="3" ten="393,299,129,169" step="2"/><T117/><D67/><U106/><E114/><V107/><F107/><W31/><G31/><T69/><D117/><U51/><E112/><V29/><F29/><W23/><G23/><T10/><D95/><U40/><E33/><V89/><F28/><W61/><G61/><T55/><D81/><U92/><E106/><V72/><F72/><W59/><G59/><T132/><D75/><U30/><E64/><V6/><F91/><W52/><G52/><AGARI ba="0,1" hai="6,9,13,45,49,52,56,63,66,83,87,89,97,98" machi="52" ten="30,7700,0" yaku="7,1,8,1,52,1,54,1" doraHai="8" who="2" fromWho="3" sc="393,0,299,0,129,87,169,-77" owari="393,49.3,299,9.9,216,-18.4,92,-40.8" /></mjloggm>