<mjloggm ver="2.3"><GO type="225" lobby="0"/><UN n0="%E3%81%BF%E3%81%BF%E3%81%9A" n1="%E3%81%8B%E3%82%8F%E3%81%A1%E3%82%83%E3%82%93%35%38" n2="%73%65%69%6A%69%64%6F%6E" n3="%E6%98%A5%E3%81%AE%E3%81%8B%E3%81%91%E3%82%89" dan="17,16,16,16" rate="2245.63,2125.13,2171.41,2054.92" sx="M,M,M,F"/><TAIKYOKU oya="0"/><INIT seed="0,0,0,1,1,39" ten="250,250,250,250" oya="0" hai0="88,91,97,47,105,84,107,54,106,128,62,104,110" hai1="18,43,74,51,96,116,115,35,67,118,109,50,95" hai2="55,30,42,133,71,10,85,64,86,56,72,15,38" hai3="83,123,93,80,19,34,1,52,111,102,58,23,132"/><T124/><D124/><U28/><E74/><V117/><F72/><W44/><G34/><T36/><D128/><U90/><E67/><V4/><F117/><W31/><G1/><T69/><D110/><U94/><E109/><V22/><F133/><W11/><G31/><T98/><N who="0" m="26624" /><DORA hai="108" /><T114/><D114/><U70/><E70/><V45/><F30/><W131/><G11/><T129/><D129/><U100/><E115/><V76/><F22/><W0/><G0/><T126/><D126/><U121/><E121/><V99/><F99/><W2/><G2/><T134/><D134/><U57/><E18/><V5/><F5/><W66/><G66/><T27/><D27/><U79/><E79/><V37/><F37/><W73/><G73/><T68/><D62/><U127/><E127/><V87/><F76/><W130/><G44/><T24/><D24/><U49/><E57/><V21/><F21/><W82/><G123/><T12/><D12/><U61/><E61/><N who="2" m="40335" /><F87/><W7/><G7/><T29/><D29/><U13/><E13/><V75/><F75/><W119/><G119/><T112/><D112/><U65/><E65/><V77/><F77/><W59/><G132/><T9/><D9/><U16/><E16/><V89/><F89/><N who="0" m="34378" /><D84/><U81/><E118/><V14/><F15/><N who="3" m="9727" /><G111/><T48/><D36/><U135/><E135/><V25/><F25/><W20/><G20/><T125/><D125/><U8/><E116/><V122/><F122/><W103/><G131/><T3/><D3/><U6/><E28/><V113/><F113/><W78/><G130/><T53/><D53/><RYUUKYOKU ba="0,0" sc="250,15,250,-15,250,15,250,-15" hai0="47,48,54,68,69,97,98" hai2="4,10,14,38,42,45,55,56,85,86" /><INIT seed="0,1,0,2,4,126" ten="265,235,265,235" oya="0" hai0="98,6,93,127,25,62,24,90,38,110,49,87,79" hai1="29,114,80,60,125,115,1,59,28,9,20,22,16" hai2="66,5,101,26,73,133,30,42,58,84,14,40,32" hai3="96,47,121,64,131,0,11,43,116,46,103,15,17"/><T72/><D38/><U122/><E122/><V82/><F73/><W8/><G116/><T112/><D112/><N who="1" m="43051" /><E125/><V134/><F101/><W130/><G121/><T91/><D127/><U67/><E80/><V89/><F66/><W13/><G64/><T135/><D135/><N who="2" m="51722" /><F58/><W27/><G27/><T108/><D6/><N who="1" m="1231" /><E22/><V36/><F36/><W23/><G0/><T92/><D62/><U56/><E56/><V100/><F100/><W4/><G23/><T77/><D49/><U85/><E85/><V128/><F128/><N who="3" m="49195" /><G43/><N who="2" m="16425" /><F14/><AGARI ba="1,0" hai="14,16,20,28,29,59,60,67" m="1231,43051" machi="14" ten="30,2000,0" yaku="11,1,54,1" doraHai="126" who="1" fromWho="2" sc="265,0,235,23,265,-23,235,0" /><INIT seed="1,0,0,0,2,33" ten="265,258,242,235" oya="1" hai0="112,3,30,133,6,20,80,89,29,27,11,56,4" hai1="72,93,83,134,53,77,8,110,17,71,118,18,63" hai2="69,92,81,47,22,121,1,113,32,50,116,21,68" hai3="39,130,132,25,127,98,0,41,90,67,120,76,9"/><U74/><E118/><V19/><F116/><W23/><G120/><T14/><D112/><U95/><E134/><V24/><F121/><W85/><G132/><T28/><D56/><U60/><E110/><V48/><F32/><W119/><G119/><T61/><D133/><U96/><E74/><V34/><F113/><W51/><G39/><T46/><D61/><U78/><E78/><V16/><F34/><W104/><G130/><T109/><D46/><U43/><E43/><V115/><F115/><W26/><G67/><T125/><D109/><U7/><E95/><V31/><F92/><W10/><G127/><T73/><D125/><U82/><E82/><V58/><F81/><W97/><G76/><T79/><D89/><U35/><E35/><V38/><F1/><W52/><G41/><T108/><D108/><U122/><E122/><V36/><F31/><W54/><G54/><T13/><REACH who="0" step="1"/><D6/><REACH who="0" ten="255,258,242,235" step="2"/><U45/><E63/><V40/><F58/><W101/><G90/><T87/><D87/><U55/><E45/><V37/><REACH who="2" step="1"/><F48/><REACH who="2" ten="255,258,232,235" step="2"/><W66/><G51/><T100/><D100/><N who="1" m="60431" /><E60/><V114/><F114/><W106/><G101/><T126/><D126/><U107/><E71/><V64/><F64/><W12/><G66/><T123/><D123/><U129/><E83/><V102/><F102/><W70/><G70/><T42/><D42/><U91/><E91/><V124/><F124/><W103/><G103/><T5/><D5/><U59/><E59/><V88/><F88/><W99/><G98/><T128/><D128/><U2/><E129/><V105/><F105/><N who="3" m="40555" /><G99/><T86/><D86/><RYUUKYOKU ba="0,2" sc="255,15,258,-15,232,15,235,-15" hai0="3,4,11,13,14,20,27,28,29,30,73,79,80" hai2="16,19,21,22,24,36,37,38,40,47,50,68,69" /><INIT seed="2,1,2,3,0,27" ten="270,243,247,220" oya="2" hai0="62,3,66,124,6,90,68,101,100,117,44,75,30" hai1="28,23,50,91,108,81,47,80,13,69,8,86,58" hai2="41,83,135,48,21,121,42,56,25,76,36,132,0" hai3="4,95,129,72,103,46,131,89,133,119,109,65,1"/><V16/><F121/><W78/><G119/><T98/><D117/><U35/><E69/><V5/><F36/><W15/><G1/><T53/><D75/><U71/><E71/><V73/><F5/><W114/><G109/><T54/><D124/><U127/><E35/><V123/><F0/><W125/><G125/><T102/><D30/><U31/><E108/><V49/><F123/><W19/><G4/><T26/><D26/><N who="1" m="16479" /><E31/><V29/><F29/><W97/><G133/><N who="2" m="51273" /><F56/><W38/><G65/><T57/><D68/><U99/><E99/><V126/><F126/><W107/><G114/><T12/><D3/><U92/><E58/><V105/><F105/><W111/><G111/><T112/><D112/><U88/><E91/><V51/><AGARI ba="1,2" hai="16,21,25,41,42,48,49,51,73,76,83" m="51273" machi="51" ten="30,3000,0" yaku="20,1,54,1" doraHai="27" who="2" fromWho="2" sc="270,-11,243,-11,247,53,220,-11" /><INIT seed="2,2,0,3,5,60" ten="259,232,300,209" oya="2" hai0="118,99,13,111,6,29,107,61,51,58,19,46,28" hai1="27,54,125,110,52,128,4,69,121,21,101,45,92" hai2="26,42,20,117,56,124,11,3,18,82,73,59,68" hai3="50,32,119,79,103,106,74,0,108,23,5,10,122"/><V38/><F117/><W80/><G119/><T134/><D111/><U2/><E69/><V93/><F68/><W120/><G108/><T1/><D1/><U104/><E104/><V77/><F124/><W25/><G50/><T130/><D6/><U66/><E110/><V127/><F93/><W88/><G23/><T41/><D118/><U37/><E66/><V71/><F71/><W67/><G67/><T109/><D109/><U24/><E2/><V132/><F132/><W34/><G88/><T102/><D130/><U36/><E4/><N who="2" m="1439" /><F127/><W22/><G22/><T83/><D83/><U49/><E125/><V65/><F65/><W33/><REACH who="3" step="1"/><G25/><REACH who="3" ten="259,232,300,199" step="2"/><T97/><D134/><U53/><E24/><V96/><F96/><AGARI ba="2,1" hai="0,5,10,32,33,34,74,79,80,96,103,106,120,122" machi="96" ten="40,8000,1" yaku="1,1,2,1,23,2,53,0" doraHai="60" doraHaiUra="55" who="3" fromWho="2" sc="259,0,232,0,300,-86,199,96" /><INIT seed="3,0,0,5,5,80" ten="259,232,214,295" oya="3" hai0="97,108,32,117,49,120,78,43,75,118,67,116,62" hai1="128,50,95,46,51,24,101,77,85,96,22,87,134" hai2="39,110,99,18,57,125,56,79,12,73,68,76,30" hai3="109,26,122,7,28,105,17,127,72,89,37,25,115"/><W0/><G105/><T82/><D120/><U111/><E111/><V58/><F68/><W53/><G72/><T21/><D32/><U33/><E134/><V126/><F110/><W6/><G109/><T94/><D108/><U35/><E128/><V10/><F39/><W83/><G115/><T124/><D124/><N who="2" m="47722" /><F73/><W63/><G37/><T2/><D2/><U48/><E77/><N who="2" m="29771" /><F99/><W102/><G102/><T123/><D123/><U19/><E35/><V98/><F98/><W60/><G122/><T1/><D1/><U93/><E33/><V132/><F30/><W16/><G0/><T91/><D21/><U9/><E95/><V71/><F71/><W4/><G127/><T70/><D43/><U130/><E130/><V15/><F15/><W103/><G103/><T5/><D5/><U119/><E119/><V88/><F88/><W100/><G100/><T104/><D104/><U114/><E114/><V59/><N who="2" m="14336" /><DORA hai="106" /><V47/><F47/><W65/><G28/><T40/><REACH who="0" step="1"/><D117/><REACH who="0" ten="249,232,214,295" step="2"/><U121/><E121/><V113/><F113/><W69/><G6/><T84/><D84/><N who="1" m="32331" /><E9/><V131/><F131/><W11/><G11/><T20/><D20/><U112/><E112/><V107/><F107/><W135/><G7/><T31/><D31/><U27/><E27/><N who="3" m="10250" /><G4/><T74/><D74/><U36/><E36/><V14/><F14/><W41/><G41/><AGARI ba="0,1" hai="19,22,24,41,46,48,50,51,93,96,101" m="32331" machi="41" ten="30,7700,0" yaku="8,1,52,3" doraHai="80,106" who="1" fromWho="3" sc="249,0,232,87,214,0,295,-77" owari="249,4.9,319,41.9,214,-28.6,218,-18.2" /></mjloggm>