<mjloggm ver="2.3"><GO type="225" lobby="0"/><UN n0="%E3%83%B4%E3%82%A3%E3%83%AF%E3%82%B3%E3%82%B0%E3%83%8B" n1="%6D%75%75%6D%75%72%61" n2="%33%74%72%65%65" n3="%4C%4F%4C%49%54%41" dan="16,16,17,16" rate="2176.62,2123.42,2201.64,2196.56" sx="M,F,F,F"/><TAIKYOKU oya="0"/><INIT seed="0,0,0,4,5,133" ten="250,250,250,250" oya="0" hai0="75,38,97,107,1,3,123,88,117,63,0,17,74" hai1="109,103,7,68,78,90,60,72,53,40,54,113,80" hai2="129,85,86,64,70,116,71,8,37,43,127,32,22" hai3="119,98,57,108,118,66,120,115,34,77,46,9,82"/><T104/><D117/><U58/><E109/><V10/><F32/><W51/><G115/><T42/><D123/><U130/><E113/><V25/><F116/><W128/><G34/><T121/><D121/><U91/><E130/><V101/><F101/><W16/><G120/><T114/><D114/><U21/><E68/><V41/><F129/><W35/><G128/><T89/><D17/><U33/><E33/><V12/><F127/><W87/><G35/><T14/><D14/><U135/><E135/><V59/><F70/><W39/><G108/><T111/><D63/><U31/><E40/><N who="2" m="15435" /><F71/><W36/><G36/><T93/><D111/><U15/><E103/><V2/><F2/><W4/><G39/><T11/><D11/><N who="2" m="4138" /><F12/><N who="3" m="7183" /><G119/><T62/><D62/><U124/><E7/><V112/><F37/><W106/><G106/><T83/><D74/><U48/><E15/><V122/><F122/><W50/><G118/><T23/><D23/><U47/><E21/><V69/><F69/><W6/><G98/><T18/><D18/><U92/><E31/><V125/><F125/><W30/><G30/><T52/><D42/><U49/><E124/><V76/><F112/><W29/><G29/><T81/><D38/><U61/><REACH who="1" step="1"/><E91/><REACH who="1" ten="250,240,250,250" step="2"/><V24/><F22/><W79/><G4/><T28/><D28/><U110/><E110/><V5/><F5/><W132/><G6/><T65/><D0/><U84/><AGARI ba="0,1" hai="47,48,49,53,54,58,60,61,72,78,80,84,90,92" machi="84" ten="20,8000,1" yaku="1,1,0,1,7,1,53,2" doraHai="133" doraHaiUra="45" who="1" fromWho="1" sc="250,-40,240,90,250,-20,250,-20" /><INIT seed="1,0,0,4,1,14" ten="210,330,230,230" oya="1" hai0="73,15,121,74,129,118,110,34,11,21,44,35,126" hai1="45,106,59,80,39,87,7,51,60,83,71,17,131" hai2="25,75,55,52,27,132,10,37,76,63,116,29,24" hai3="68,32,65,114,72,90,20,31,42,13,69,58,85"/><U22/><E131/><V133/><F116/><W30/><G114/><T57/><D118/><U61/><E106/><V98/><F37/><W18/><G72/><T82/><D129/><U93/><E39/><V62/><F29/><N who="3" m="10763" /><G68/><T28/><D110/><U100/><E7/><V66/><F98/><W64/><G69/><T99/><D44/><U81/><E71/><V79/><F10/><W113/><G32/><T3/><D57/><U67/><E61/><N who="2" m="23051" /><F66/><W102/><G102/><T19/><D126/><U9/><E9/><V124/><F124/><W108/><G108/><T4/><D121/><U1/><E1/><V26/><N who="2" m="6144" /><DORA hai="50" /><V134/><F75/><W89/><G64/><T2/><D28/><U56/><E60/><V125/><F125/><W41/><G65/><T107/><D2/><U122/><E67/><V84/><F84/><W49/><G85/><T86/><D35/><U0/><E0/><V96/><F96/><W92/><G113/><T78/><REACH who="0" step="1"/><D34/><REACH who="0" ten="200,330,230,230" step="2"/><U70/><E122/><V36/><F36/><W97/><G58/><T5/><D5/><U127/><E127/><V88/><F88/><W104/><G89/><T48/><D48/><U101/><E70/><V47/><F47/><W54/><G49/><T46/><D46/><U111/><E59/><V119/><F119/><W112/><G112/><T103/><AGARI ba="0,1" hai="3,4,11,15,19,21,73,74,78,82,86,99,103,107" machi="103" ten="30,8000,1" yaku="1,1,0,1,52,1,53,2" doraHai="14,50" doraHaiUra="105,38" who="0" fromWho="0" sc="200,90,330,-40,230,-20,230,-20" /><INIT seed="2,0,0,1,2,46" ten="290,290,210,210" oya="2" hai0="131,20,41,4,96,11,95,68,101,120,58,18,113" hai1="30,28,24,0,76,8,123,32,112,124,75,118,7" hai2="91,117,40,129,17,45,3,103,52,119,10,5,14" hai3="109,51,21,81,31,39,1,59,38,15,50,89,66"/><V26/><F129/><W116/><G116/><T94/><D120/><U35/><E75/><V72/><F72/><W70/><G1/><T114/><D68/><U92/><E76/><V132/><F132/><W36/><G70/><T85/><D131/><U2/><E92/><V107/><F26/><N who="3" m="16847" /><G38/><T115/><D41/><U126/><E118/><V42/><F91/><W93/><G36/><T86/><D58/><U53/><E112/><V48/><F40/><W71/><G71/><T111/><D94/><U22/><E123/><V105/><F105/><W80/><G109/><T16/><D111/><U29/><E53/><V90/><F90/><W13/><G39/><T6/><D6/><U79/><E79/><V108/><F108/><W133/><G133/><T100/><D100/><U69/><E2/><V73/><F73/><W110/><G110/><T37/><D37/><U127/><E69/><V61/><F107/><W65/><G13/><T78/><D78/><U56/><E56/><V88/><F103/><W98/><G15/><T122/><D122/><U33/><AGARI ba="0,0" hai="0,7,8,22,24,28,29,30,32,33,35,124,126,127" machi="33" ten="40,8000,1" yaku="0,1,18,1,34,3" doraHai="46" who="1" fromWho="1" sc="290,-20,290,80,210,-40,210,-20" /><INIT seed="3,0,0,3,1,87" ten="270,370,170,190" oya="3" hai0="82,69,90,44,103,71,8,30,76,134,80,119,33" hai1="29,84,130,31,23,48,67,113,135,13,105,62,114" hai2="10,86,50,129,37,39,109,75,110,98,11,24,85" hai3="65,53,107,106,0,20,112,73,118,60,77,81,79"/><W28/><G112/><T47/><D103/><U36/><E36/><N who="2" m="13899" /><F75/><W94/><G118/><T27/><D134/><U45/><E130/><V18/><F50/><W121/><G0/><T78/><D119/><U41/><E105/><V57/><F57/><W100/><G79/><T120/><D8/><N who="2" m="3114" /><F129/><W99/><G53/><T93/><D120/><U104/><E135/><V72/><F72/><W88/><G121/><T54/><D54/><U6/><E104/><V125/><F98/><W22/><G28/><T133/><D133/><U35/><E35/><V43/><F43/><W19/><G100/><T26/><D30/><U51/><E31/><V117/><F117/><W61/><G22/><T32/><D93/><U127/><E51/><V74/><F74/><W49/><G49/><T59/><D59/><U111/><E29/><V15/><F24/><W14/><REACH who="3" step="1"/><G61/><REACH who="3" ten="270,370,170,180" step="2"/><T55/><D55/><U97/><E62/><V83/><F125/><W108/><G108/><N who="2" m="41577" /><F83/><W34/><G34/><T16/><D33/><U70/><E111/><V5/><F5/><W131/><G131/><T4/><D32/><U25/><E127/><V116/><F116/><W63/><G63/><T68/><D4/><U96/><E23/><AGARI ba="0,1" hai="15,18,23,85,86" m="41577,3114,13899" machi="23" ten="30,1000,0" yaku="14,1" doraHai="87" who="2" fromWho="1" sc="270,0,370,-10,170,20,180,0" owari="270,7.0,360,46.0,190,-21.0,180,-32.0" /></mjloggm>