<mjloggm ver="2.3"><GO type="225" lobby="0"/><UN n0="%E3%81%A4%E3%81%A3%E3%81%B1%E3%82%8A%E3%83%9D%E3%83%BC%E3%83%AB" n1="%E5%A4%9C%E3%81%AE%E3%82%AC%E3%82%B9%E3%83%91%E3%83%BC%E3%83%AB" n2="%E6%81%A5%E6%99%92%E3%81%97" n3="%E3%82%B3%E3%83%90%E3%83%AC%E3%82%A4" dan="17,16,16,16" rate="2215.75,2124.22,2111.12,2125.20" sx="M,M,M,M"/><TAIKYOKU oya="0"/><INIT seed="0,0,0,1,4,72" ten="250,250,250,250" oya="0" hai0="54,91,76,120,53,5,79,9,123,11,69,104,1" hai1="32,63,7,75,52,34,128,100,77,27,44,64,49" hai2="103,73,17,12,96,121,97,37,20,74,40,13,81" hai3="82,115,46,133,68,36,110,78,39,112,22,130,109"/><T113/><D113/><N who="3" m="43593" /><G22/><T0/><D104/><U102/><E128/><V6/><F121/><W16/><G16/><T30/><D69/><U57/><E7/><V117/><F117/><W25/><G25/><T116/><D91/><U134/><E134/><V14/><F37/><W50/><G130/><T15/><D30/><U35/><REACH who="1" step="1"/><E27/><REACH who="1" ten="250,240,250,250" step="2"/><V98/><F6/><W43/><G133/><T4/><D116/><U31/><E31/><V92/><F14/><AGARI ba="0,1" hai="0,1,4,5,9,11,14,15,53,54,76,79,120,123" machi="14" ten="25,9600,0" yaku="22,2,52,2" doraHai="72" who="0" fromWho="2" sc="250,106,240,0,250,-96,250,0" /><INIT seed="0,1,0,3,5,12" ten="356,240,154,250" oya="0" hai0="80,66,55,123,111,8,121,96,21,77,87,116,6" hai1="108,92,14,75,7,38,22,103,46,112,0,10,69" hai2="18,105,25,101,73,5,17,117,27,88,86,58,20" hai3="133,48,93,36,13,54,76,83,3,44,29,91,16"/><T67/><D116/><U47/><E69/><V129/><F117/><W39/><G3/><T4/><D111/><U118/><E118/><V11/><F73/><W59/><G29/><T32/><D32/><U28/><E75/><V49/><F129/><W120/><G120/><T135/><D135/><U37/><E108/><V107/><F101/><W61/><G133/><T98/><D123/><U128/><E128/><V122/><F122/><W131/><G131/><T35/><D35/><U50/><E112/><V109/><F109/><W26/><G26/><N who="2" m="9737" /><F105/><W110/><G110/><T43/><D43/><U119/><E119/><V100/><F107/><W127/><G127/><T95/><D21/><U74/><E74/><V81/><F20/><W84/><G76/><T115/><D115/><U23/><E0/><V53/><F100/><W45/><G45/><T63/><D77/><U72/><E72/><V106/><F106/><W62/><G93/><T130/><D95/><U51/><E28/><V31/><F31/><W82/><G82/><T126/><D80/><U71/><E71/><V79/><F79/><W89/><G89/><T113/><D113/><U42/><E38/><V34/><F34/><W124/><G124/><T134/><D126/><U24/><E37/><V70/><F70/><W104/><G104/><T125/><D125/><U52/><E24/><V114/><F114/><W60/><G36/><T65/><D134/><U85/><E103/><V102/><F102/><W41/><G39/><T19/><D130/><U94/><E94/><V132/><F132/><W99/><G99/><T56/><D98/><RYUUKYOKU ba="1,0" sc="356,-30,240,10,154,10,250,10" hai1="7,10,14,22,23,42,46,47,50,51,52,85,92" hai2="5,11,17,18,49,53,58,81,86,88" hai3="13,16,41,44,48,54,59,60,61,62,83,84,91" /><INIT seed="1,2,0,4,4,80" ten="326,250,164,260" oya="1" hai0="109,124,65,68,119,89,85,10,121,26,131,129,50" hai1="48,125,32,127,49,22,134,90,75,20,21,98,99" hai2="72,18,116,126,112,11,120,17,14,58,108,42,100" hai3="107,62,16,111,84,24,110,54,113,53,41,103,92"/><U74/><E32/><V5/><F116/><W97/><G113/><T96/><D119/><U82/><E90/><V19/><F120/><W81/><G41/><T1/><D121/><U61/><E61/><V67/><F72/><N who="1" m="27689" /><E82/><V101/><F108/><N who="3" m="41515" /><G107/><T23/><D109/><U45/><E134/><V37/><F126/><N who="1" m="48137" /><E45/><V105/><F112/><W3/><G3/><T43/><D89/><U47/><E47/><V63/><F37/><W71/><G62/><T128/><D124/><U51/><AGARI ba="2,0" hai="20,21,22,48,49,51,98,99" m="48137,27689" machi="51" ten="40,7800,0" yaku="28,2,18,1" doraHai="80" who="1" fromWho="1" sc="326,-28,250,84,164,-28,260,-28" /><INIT seed="1,3,0,5,3,0" ten="298,334,136,232" oya="1" hai0="119,97,52,39,51,16,70,95,132,76,49,34,111" hai1="28,108,61,87,110,33,35,115,3,44,30,100,4" hai2="71,93,9,72,18,114,105,53,41,64,19,131,10" hai3="5,101,98,12,80,96,7,27,130,75,74,91,103"/><U117/><E115/><V24/><F105/><W32/><G130/><T107/><D34/><U133/><E117/><V6/><F131/><W109/><G109/><N who="1" m="42090" /><E133/><V94/><F114/><W47/><G91/><T79/><D107/><U90/><E100/><V58/><F72/><W102/><G47/><T128/><D111/><U84/><E61/><V112/><F112/><W36/><G36/><T124/><D119/><U135/><E135/><V60/><F41/><W89/><G89/><T22/><D70/><U48/><E35/><V122/><F122/><W63/><G63/><T81/><D39/><U21/><E21/><V17/><F10/><W125/><G80/><T46/><D132/><U82/><E87/><V65/><F24/><W38/><G38/><T134/><D134/><U14/><E14/><V99/><F71/><W123/><G103/><N who="0" m="60863" /><D128/><U129/><E33/><V78/><F78/><W1/><G32/><T45/><D81/><U116/><E116/><V69/><F69/><W66/><G123/><T92/><D92/><U67/><E129/><V127/><F94/><W13/><G1/><T83/><D124/><U42/><E67/><V40/><F127/><W62/><G66/><T106/><D106/><U104/><E104/><V54/><F65/><W118/><G125/><T8/><D83/><U37/><E37/><V121/><F121/><W68/><G118/><T20/><D8/><AGARI ba="3,0" hai="3,4,8,28,30,42,44,48,82,84,90" m="42090" machi="8" ten="30,5800,0" yaku="14,1,10,1,52,1" doraHai="0" who="1" fromWho="0" sc="298,-67,334,67,136,0,232,0" /><INIT seed="1,4,0,5,1,62" ten="231,401,136,232" oya="1" hai0="99,16,15,120,124,78,0,13,131,55,52,110,42" hai1="67,122,79,109,61,29,74,46,65,101,86,32,71" hai2="19,57,35,80,73,98,128,31,38,108,54,50,23" hai3="132,63,89,133,56,36,10,117,91,87,40,26,102"/><U39/><E122/><V76/><F108/><W88/><G117/><T17/><D0/><U92/><E109/><V68/><F128/><W11/><G102/><T125/><D110/><U126/><E126/><N who="0" m="48745" /><D131/><U105/><E86/><V113/><F113/><W127/><G127/><T60/><D120/><U118/><E92/><V21/><F38/><W22/><G87/><T8/><D42/><N who="1" m="22879" /><E118/><V18/><F35/><W48/><G36/><T34/><D34/><U66/><E79/><V85/><F73/><W106/><G106/><T2/><D2/><U37/><E74/><V69/><F31/><W123/><G123/><T121/><D121/><U51/><E51/><V107/><F107/><W97/><G97/><T43/><D43/><U95/><E95/><V12/><REACH who="2" step="1"/><F98/><REACH who="2" ten="231,401,126,232" step="2"/><W58/><G133/><T64/><D99/><N who="1" m="61631" /><E37/><V100/><F100/><W129/><G132/><T75/><D75/><U135/><E135/><V27/><AGARI ba="4,1" hai="12,18,19,21,23,27,50,54,57,68,69,76,80,85" machi="27" ten="20,5200,0" yaku="1,1,0,1,7,1,53,1" doraHai="62" doraHaiUra="53" who="2" fromWho="2" sc="231,-17,401,-30,126,74,232,-17" /><INIT seed="2,0,0,1,2,99" ten="214,371,200,215" oya="2" hai0="49,108,91,21,109,73,90,60,54,94,97,36,57" hai1="71,19,0,121,2,17,107,64,20,46,134,96,50" hai2="115,59,126,77,112,51,43,5,83,123,25,48,69" hai3="78,3,89,1,76,93,38,87,103,118,70,74,88"/><V32/><F123/><W105/><G70/><T11/><D73/><U44/><E134/><V114/><F126/><W24/><G38/><T14/><D36/><U65/><E121/><V79/><F69/><W92/><G118/><T61/><D21/><U116/><E116/><V95/><F95/><W67/><G67/><T75/><D75/><U66/><E66/><V100/><F5/><W63/><G63/><T8/><D91/><U85/><E85/><V37/><F79/><W4/><G24/><T119/><D119/><U125/><E71/><V6/><F6/><W117/><G117/><T13/><D13/><U84/><E84/><V53/><F37/><W122/><G122/><T27/><D27/><U45/><E45/><N who="2" m="25663" /><F100/><W101/><G87/><T111/><D11/><U39/><E39/><V98/><F98/><W26/><G26/><T81/><D81/><U9/><E96/><V113/><F113/><W18/><G4/><AGARI ba="0,0" hai="4,8,14,49,54,57,60,61,90,94,97,108,109,111" machi="4" ten="40,1300,0" yaku="14,1" doraHai="99" who="0" fromWho="3" sc="214,13,371,0,200,0,215,-13" /><INIT seed="3,0,0,4,3,28" ten="227,371,200,202" oya="3" hai0="126,131,111,135,84,122,60,130,125,110,19,80,47" hai1="17,134,18,116,82,62,85,20,26,1,54,49,100" hai2="112,78,77,107,86,70,121,34,81,8,27,24,98" hai3="30,73,13,69,53,113,129,108,105,59,42,120,41"/><W117/><G69/><T118/><D118/><U119/><E1/><V22/><F112/><W66/><G117/><N who="1" m="45130" /><E134/><V128/><F128/><N who="0" m="49194" /><D122/><U35/><E35/><V68/><F121/><W32/><G129/><T56/><D19/><N who="1" m="12575" /><E62/><V36/><F77/><W6/><G120/><T79/><D47/><N who="1" m="27967" /><E100/><V48/><F36/><W39/><G113/><T115/><D115/><U102/><E102/><V114/><F114/><W31/><G39/><T109/><D135/><U4/><E4/><V64/><F34/><W75/><G32/><T72/><D72/><U0/><E0/><V83/><F70/><W104/><G75/><T15/><D15/><U11/><E11/><V38/><F8/><N who="3" m="4247" /><G73/><T44/><D44/><U50/><E50/><V106/><F38/><W40/><G105/><T133/><D133/><U37/><E37/><V55/><F107/><W91/><G104/><T65/><AGARI ba="0,0" hai="56,60,65,79,80,84,109,110,111,125,126" m="49194" machi="65" ten="40,2700,0" yaku="14,1,19,1" doraHai="28" who="0" fromWho="0" sc="227,27,371,-7,200,-7,202,-13" owari="254,5.4,364,46.4,193,-20.7,189,-31.1" /></mjloggm>