<mjloggm ver="2.3"><GO type="225" lobby="0"/><UN n0="%E3%81%BF%E3%81%BF%E3%81%9A" n1="%4B%2E%32%2E%4B%2E" n2="%E6%B4%BE%E9%81%A3%E3%81%AE%E3%82%B8%E3%83%A3%E3%83%83%E3%82%AF" n3="%E3%81%82%E3%82%93%E3%81%AA%E3%81%A4" dan="18,17,17,17" rate="2249.35,2196.53,2186.49,2183.27" sx="M,M,M,M"/><TAIKYOKU oya="0"/><INIT seed="0,0,0,3,1,51" ten="250,250,250,250" oya="0" hai0="45,96,41,50,103,23,13,105,102,114,25,15,47" hai1="93,116,118,14,121,54,57,65,16,38,2,70,100" hai2="85,69,129,101,43,17,110,3,36,48,88,44,34" hai3="63,56,61,107,27,67,52,10,66,134,20,123,73"/><T31/><D114/><U127/><E121/><V35/><F69/><W5/><G73/><T12/><D103/><U122/><E122/><V22/><F3/><W135/><G107/><T9/><REACH who="0" step="1"/><D47/><REACH who="0" ten="240,250,250,250" step="2"/><U98/><E100/><V87/><F101/><W97/><G123/><T124/><D124/><U120/><E127/><V130/><F130/><W72/><G134/><T77/><D77/><U11/><E120/><V132/><F129/><W78/><G135/><T64/><D64/><U115/><E115/><V75/><F132/><W55/><G78/><T112/><D112/><U83/><E65/><V86/><F110/><W19/><G72/><T92/><D92/><U117/><E117/><V62/><F75/><W33/><G33/><T42/><D42/><U99/><E93/><V8/><F35/><W18/><G66/><T125/><D125/><U89/><E116/><V109/><F109/><W59/><G67/><T133/><D133/><U74/><E118/><V39/><F34/><W108/><G108/><T26/><D26/><U53/><E74/><V71/><F44/><W0/><G97/><T91/><D91/><U128/><E128/><V7/><F88/><W119/><G119/><T81/><D81/><U94/><E83/><V28/><F86/><W37/><G37/><T30/><D30/><AGARI ba="0,1" hai="0,5,10,18,19,20,27,30,52,55,56,59,61,63" machi="30" ten="30,8000,1" yaku="7,1,9,1,52,2,54,1" doraHai="51" who="3" fromWho="0" sc="240,-80,250,0,250,0,250,90" /><INIT seed="1,0,0,4,4,60" ten="160,250,250,340" oya="1" hai0="25,110,118,106,119,77,12,49,116,123,31,53,32" hai1="56,48,128,125,14,113,112,67,19,69,41,2,3" hai2="11,62,45,97,43,79,95,92,131,133,122,26,105" hai3="1,54,90,18,74,37,29,86,35,130,36,120,4"/><U28/><E125/><V6/><F122/><W46/><G120/><T42/><D123/><U23/><E128/><V58/><F131/><W88/><G74/><T115/><D115/><U76/><E76/><V63/><F133/><W102/><G130/><T44/><D106/><U17/><E28/><V13/><F79/><W99/><G18/><T101/><D101/><U129/><E129/><V10/><F26/><W75/><G75/><T107/><D107/><U59/><E69/><V51/><F62/><W68/><G68/><T73/><D110/><U39/><E39/><V57/><F57/><W20/><G35/><T96/><D96/><U93/><E93/><V0/><F105/><W34/><G34/><T114/><D114/><U127/><E127/><V55/><REACH who="2" step="1"/><F97/><REACH who="2" ten="160,250,240,340" step="2"/><W111/><G99/><T134/><D134/><U16/><E59/><V132/><F132/><W9/><G111/><T71/><D71/><U117/><E56/><V7/><AGARI ba="0,1" hai="0,6,7,10,11,13,43,45,51,55,58,63,92,95" machi="7" ten="20,2700,0" yaku="1,1,0,1,7,1,53,0" doraHai="60" doraHaiUra="104" who="2" fromWho="2" sc="160,-7,250,-13,240,37,340,-7" /><INIT seed="2,0,0,5,0,108" ten="153,237,277,333" oya="2" hai0="125,101,120,7,12,13,49,83,21,8,127,29,114" hai1="15,131,71,32,92,103,53,88,129,130,3,20,96" hai2="104,121,65,57,54,58,4,109,27,126,25,72,11" hai3="133,47,81,102,94,34,91,61,22,69,90,39,40"/><V68/><F121/><W123/><G123/><T28/><D101/><U86/><E71/><V117/><F117/><W43/><G34/><T44/><D120/><U17/><E32/><V93/><F104/><W107/><G133/><T95/><D95/><U26/><E3/><V119/><F72/><W46/><G107/><T6/><D83/><U128/><N who="1" m="32768" /><DORA hai="87" /><U14/><E53/><V19/><F119/><W112/><G112/><T35/><D35/><U118/><E118/><V63/><F126/><W115/><G115/><T18/><D114/><U33/><E33/><V111/><F93/><AGARI ba="0,0" hai="14,15,17,20,26,86,88,92,93,96,103" m="32768" machi="93" ten="70,8000,1" yaku="19,1,52,1,54,1" doraHai="108,87" who="1" fromWho="2" sc="153,0,237,80,277,-80,333,0" /><INIT seed="3,0,0,0,3,76" ten="153,317,197,333" oya="3" hai0="78,59,16,110,81,118,62,28,113,60,75,2,73" hai1="121,7,103,23,69,24,77,104,117,49,82,98,101" hai2="102,65,41,1,29,0,106,37,38,40,25,123,132" hai3="61,131,128,84,54,68,35,64,71,3,4,34,30"/><W91/><G68/><T45/><D118/><U105/><E121/><V39/><F132/><W53/><G4/><T42/><D110/><U17/><E117/><V87/><F87/><W21/><G21/><T95/><D113/><U66/><E7/><V93/><F93/><N who="3" m="54503" /><G3/><T126/><D126/><U26/><E69/><V85/><F85/><W125/><G125/><T18/><D2/><U119/><E119/><V115/><F115/><W80/><G80/><T5/><D5/><U10/><E66/><V48/><F65/><W57/><G30/><T79/><D28/><U83/><E10/><V36/><F36/><W70/><G54/><T50/><D95/><U111/><E111/><V14/><F14/><W97/><G97/><T94/><D94/><U130/><E130/><N who="3" m="49706" /><G71/><T11/><D11/><U46/><E77/><V56/><F123/><W112/><G112/><T31/><D31/><U20/><E104/><V52/><F106/><W58/><G70/><T134/><D134/><U43/><E101/><V6/><F102/><W44/><G44/><T15/><D15/><U124/><E124/><V116/><F116/><W51/><AGARI ba="0,0" hai="34,35,51,53,57,58,61,64" m="49706,54503" machi="51" ten="30,1500,0" yaku="19,1" doraHai="76" who="3" fromWho="3" sc="153,-5,317,-5,197,-5,333,15" owari="148,-35.2,312,11.2,192,-20.8,348,44.8" /></mjloggm>