<mjloggm ver="2.3"><GO type="225" lobby="0"/><UN n0="%E3%81%82%E3%83%BC%E3%81%97" n1="%73%6C%69%63%6B%33%31%39" n2="%72%69%6F%75%63%68%61%6E" n3="%74%61%6B%75%61%6B%61" dan="16,17,17,17" rate="2123.84,2195.42,2269.49,2201.24" sx="M,M,M,M"/><TAIKYOKU oya="0"/><INIT seed="0,0,0,2,3,87" ten="250,250,250,250" oya="0" hai0="38,111,9,119,113,23,40,24,79,28,100,0,54" hai1="89,116,125,107,48,135,36,86,20,84,8,51,6" hai2="16,104,78,21,42,133,30,53,103,71,31,121,50" hai3="22,60,93,55,47,85,90,126,82,102,80,65,115"/><T77/><D119/><U2/><E116/><V92/><F121/><W41/><G115/><T96/><D113/><U59/><E36/><V25/><F133/><W76/><G126/><T52/><D38/><U18/><E107/><V118/><F118/><W43/><G102/><T112/><D40/><U99/><E135/><V69/><F104/><W130/><G130/><T72/><D112/><U56/><E125/><V3/><F3/><W81/><G22/><T45/><D45/><U95/><E51/><V94/><F78/><W49/><REACH who="3" step="1"/><G76/><REACH who="3" ten="250,250,250,240" step="2"/><T14/><D79/><U58/><REACH who="1" step="1"/><E48/><REACH who="1" ten="250,240,250,240" step="2"/><V132/><F132/><W117/><G117/><T19/><D111/><U11/><E11/><V109/><F109/><W39/><G39/><T63/><D0/><U75/><E75/><V128/><F128/><W37/><G37/><T10/><D72/><U127/><E127/><V29/><F50/><W57/><AGARI ba="0,2" hai="41,43,47,49,55,57,60,65,80,81,82,85,90,93" machi="57" ten="30,7900,0" yaku="1,1,0,1,8,1,52,1,53,0" doraHai="87" doraHaiUra="129" who="3" fromWho="3" sc="250,-39,240,-20,250,-20,240,99" /><INIT seed="1,0,0,0,5,20" ten="211,220,230,339" oya="1" hai0="11,116,60,40,109,21,14,22,132,99,113,85,30" hai1="92,23,75,27,94,2,26,17,62,55,106,29,1" hai2="66,16,104,128,12,134,110,49,123,111,82,7,59" hai3="90,33,44,97,37,42,73,108,79,74,43,91,70"/><U0/><E106/><V48/><F123/><W69/><G33/><T117/><D113/><U10/><E75/><V88/><F128/><W115/><G115/><T120/><D120/><U96/><E10/><V124/><F134/><W67/><G108/><N who="2" m="41513" /><F124/><W24/><G42/><T78/><D109/><U41/><E41/><V68/><F104/><W63/><G70/><T35/><D132/><U64/><E55/><V86/><F68/><W61/><G61/><T131/><D131/><U76/><E76/><V18/><F7/><W5/><G5/><T133/><D133/><U46/><E46/><V129/><F129/><W130/><G130/><T38/><D60/><U87/><E87/><V53/><F66/><W80/><G73/><T34/><D99/><U65/><E65/><V135/><F135/><W47/><G47/><T107/><D107/><U52/><E52/><N who="2" m="32135" /><F12/><W57/><G97/><T118/><D40/><U39/><E39/><V89/><F89/><W93/><G69/><T3/><D38/><U25/><E29/><V84/><F86/><W121/><G121/><T28/><D3/><U119/><E119/><V100/><F100/><W51/><G37/><T127/><D127/><U71/><REACH who="1" step="1"/><E96/><REACH who="1" ten="211,210,230,339" step="2"/><V83/><F83/><W4/><G67/><T19/><D85/><U114/><E114/><V58/><AGARI ba="0,1" hai="16,18,49,53,58,82,84,88" m="32135,41513" machi="58" ten="30,7900,0" yaku="14,1,54,3" doraHai="20" who="2" fromWho="2" sc="211,-20,210,-39,230,89,339,-20" /><INIT seed="2,0,0,5,2,120" ten="191,171,319,319" oya="2" hai0="102,77,20,11,110,53,16,117,35,1,133,19,69" hai1="37,38,125,130,101,49,17,4,93,109,72,111,116" hai2="114,89,80,28,55,95,105,9,86,126,30,34,6" hai3="99,106,7,42,124,31,45,24,92,129,119,118,27"/><V135/><F126/><W87/><G124/><T43/><D69/><U73/><E116/><V14/><F135/><W46/><G129/><T65/><D65/><U56/><E125/><V64/><F114/><W88/><G7/><T13/><D117/><U8/><E17/><V67/><F105/><W122/><G122/><T82/><D102/><U78/><E130/><V123/><F123/><W63/><G63/><T79/><D133/><U40/><E101/><V36/><F36/><W2/><G2/><T75/><D35/><U108/><E93/><V33/><F55/><W71/><G71/><T26/><D1/><N who="1" m="15" /><E78/><V83/><F33/><W98/><G24/><T127/><D127/><U81/><E81/><N who="2" m="31307" /><F34/><W103/><G87/><T50/><D43/><U96/><E96/><V128/><F128/><W113/><G113/><T74/><D79/><U25/><E25/><V5/><F6/><W0/><G0/><T85/><REACH who="0" step="1"/><D110/><REACH who="0" ten="181,171,319,319" step="2"/><U48/><E40/><V76/><F76/><W57/><G42/><T60/><D60/><U131/><E131/><V51/><F51/><N who="1" m="19529" /><E56/><AGARI ba="0,1" hai="11,13,16,19,20,26,50,53,56,74,75,77,82,85" machi="56" ten="30,3900,0" yaku="1,1,7,1,54,1,53,0" doraHai="120" doraHaiUra="61" who="0" fromWho="1" sc="181,49,171,-39,319,0,319,0" /><INIT seed="3,0,0,4,0,88" ten="230,132,319,319" oya="3" hai0="46,76,40,29,56,27,108,101,93,15,68,111,19" hai1="99,63,96,34,14,117,69,51,129,71,66,21,5" hai2="37,45,48,52,50,67,44,134,36,28,135,73,110" hai3="35,87,97,11,4,30,33,32,115,47,23,133,64"/><W24/><G115/><T90/><D68/><U131/><E34/><V9/><F110/><N who="0" m="42026" /><D56/><U122/><E122/><V41/><F73/><W49/><G133/><N who="2" m="50697" /><F28/><W16/><G64/><T109/><D101/><U84/><E117/><V20/><F20/><W105/><G87/><T25/><D76/><U126/><E126/><V57/><F9/><W54/><G97/><N who="0" m="57527" /><D29/><U94/><E69/><V103/><F103/><W22/><G105/><T8/><N who="0" m="42034" /><T61/><DORA hai="91" /><D61/><AGARI ba="0,0" hai="36,37,41,44,45,48,50,52,57,61,67" m="50697" machi="61" ten="30,7700,0" yaku="20,1,34,2,54,1" doraHai="88,91" who="2" fromWho="0" sc="230,-77,132,0,319,77,319,0" owari="153,-24.7,132,-36.8,396,49.6,319,11.9" /></mjloggm>