<mjloggm ver="2.3"><GO type="225" lobby="0"/><UN n0="%E7%99%BD%E6%97%A5%E9%9B%AA%E8%8F%9C" n1="%72%65%6E%6B%75%6E" n2="%E6%9D%B1%E9%A2%A8%E3%81%AE%E3%81%8D%E3%82%83%E3%81%B7%E3%81%95%E3%82%93" n3="%E3%81%BF%E3%81%BF%E3%81%9A" dan="17,17,17,18" rate="2187.76,2188.44,2202.76,2261.14" sx="M,M,M,M"/><TAIKYOKU oya="0"/><INIT seed="0,0,0,2,1,67" ten="250,250,250,250" oya="0" hai0="93,131,19,27,115,112,77,59,63,81,51,44,7" hai1="126,18,26,13,113,3,74,5,48,96,133,83,15" hai2="16,75,30,103,61,72,60,107,47,6,86,35,84" hai3="39,90,33,10,119,41,34,79,91,24,14,46,106"/><T117/><D117/><U43/><E96/><V58/><F6/><W57/><G119/><T66/><D7/><U37/><E48/><V32/><F47/><W21/><G106/><T55/><D131/><U132/><E126/><V28/><F107/><W124/><G124/><T101/><D101/><U99/><E99/><V87/><F103/><W65/><G79/><T134/><D93/><U121/><E121/><V109/><F58/><W17/><G34/><T62/><D134/><N who="1" m="51819" /><E26/><V53/><F87/><W71/><G57/><T95/><D95/><U127/><E127/><V23/><F23/><W64/><G64/><T98/><D98/><U129/><E129/><V102/><F102/><W78/><G78/><T110/><D110/><U2/><E5/><V8/><F8/><W0/><G33/><T94/><D94/><U36/><E15/><V128/><F128/><W123/><G123/><T122/><D122/><U69/><E69/><V130/><F130/><W38/><G39/><N who="1" m="14922" /><E43/><V68/><F68/><W76/><G0/><T88/><D63/><U45/><E45/><V12/><F12/><W11/><G11/><T100/><D100/><U54/><E54/><V73/><F53/><W20/><G20/><N who="0" m="13727" /><D66/><U104/><E104/><V125/><F125/><W114/><G114/><T105/><D105/><U52/><E52/><V135/><F135/><W116/><G116/><T70/><D70/><U29/><E113/><V82/><F109/><W1/><G1/><T49/><D44/><U25/><E2/><V80/><F73/><W9/><G71/><T22/><D115/><U4/><E3/><RYUUKYOKU ba="0,0" sc="250,-10,250,-10,250,30,250,-10" hai2="16,28,30,32,35,60,61,72,75,80,82,84,86" /><INIT seed="1,1,0,3,5,25" ten="240,240,280,240" oya="1" hai0="128,104,69,122,76,49,113,68,72,114,91,20,67" hai1="111,47,34,78,17,27,56,10,32,16,21,6,3" hai2="40,50,106,45,48,54,65,99,15,96,75,4,131" hai3="42,135,90,117,77,80,9,108,103,112,60,118,35"/><U105/><E105/><V121/><F75/><W81/><G112/><T95/><D104/><U130/><E78/><V57/><F121/><W74/><G108/><T58/><D128/><U132/><E130/><V44/><F131/><W110/><G110/><T71/><D122/><U2/><E111/><V7/><F106/><W120/><G120/><T1/><D1/><N who="1" m="335" /><E47/><V133/><F133/><W41/><G135/><T19/><D76/><U64/><E64/><V84/><F84/><N who="3" m="50439" /><G103/><T22/><D72/><U18/><E56/><V92/><F15/><W62/><G35/><N who="1" m="13354" /><E132/><V30/><F99/><W94/><G9/><T12/><D22/><U134/><E134/><V85/><F85/><W11/><G11/><T43/><D43/><N who="3" m="16393" /><G94/><T125/><D125/><U109/><E109/><V61/><REACH who="2" step="1"/><F30/><AGARI ba="1,0" hai="2,3,16,17,18,21,27,30" m="13354,335" machi="30" ten="30,18000,2" yaku="35,5,52,1,54,1" doraHai="25" who="1" fromWho="2" sc="240,0,240,183,280,-183,240,0" /><INIT seed="1,2,0,3,2,29" ten="240,423,97,240" oya="1" hai0="71,26,108,18,117,22,119,124,111,57,121,102,109" hai1="60,42,98,132,15,97,3,30,6,76,135,78,123" hai2="130,114,129,20,94,23,58,73,21,113,16,65,68" hai3="101,116,83,14,131,90,7,35,63,32,47,24,51"/><U66/><E123/><V87/><F73/><W49/><G101/><T77/><D71/><U88/><E3/><V105/><F105/><W38/><G38/><T33/><D102/><U79/><E42/><V27/><F68/><W11/><G131/><N who="2" m="50185" /><F65/><W107/><G107/><T134/><D77/><U103/><E30/><V110/><F58/><W96/><G116/><N who="0" m="44619" /><D57/><U81/><E6/><V91/><F110/><W100/><G24/><T50/><D50/><U40/><E15/><V80/><F80/><W92/><G63/><T44/><D44/><U25/><E25/><V13/><F27/><W17/><G7/><T115/><D115/><AGARI ba="2,0" hai="13,16,20,21,23,87,91,94,113,114,115" m="50185" machi="115" ten="30,3900,0" yaku="11,1,19,1,54,1" doraHai="29" who="2" fromWho="0" sc="240,-45,423,0,97,45,240,0" /><INIT seed="2,0,0,4,4,128" ten="195,423,142,240" oya="2" hai0="133,13,57,122,15,78,120,62,0,16,50,39,87" hai1="70,92,9,8,129,84,101,98,112,126,109,64,28" hai2="107,134,93,82,47,33,79,103,48,114,18,121,132" hai3="43,23,21,91,1,105,83,108,17,113,20,3,75"/><V45/><F33/><W104/><G113/><T116/><D39/><U130/><E112/><V102/><F121/><W53/><G108/><T131/><D0/><U127/><E109/><V81/><F114/><W22/><G43/><T36/><D36/><U80/><E28/><V106/><F18/><W86/><G75/><T29/><D29/><U51/><E51/><V56/><F56/><W30/><G30/><T110/><D110/><U118/><E118/><V69/><F69/><W90/><G53/><T27/><D50/><U97/><E97/><V77/><F48/><W25/><REACH who="3" step="1"/><G91/><REACH who="3" ten="195,423,142,230" step="2"/><T73/><D122/><U100/><E129/><V125/><F93/><W89/><G89/><T40/><D120/><U24/><E92/><V46/><F46/><W34/><G34/><T123/><D73/><U72/><E72/><V96/><F96/><W49/><G49/><T124/><D40/><U88/><E98/><V135/><F134/><W14/><G14/><T54/><D13/><U65/><E24/><V117/><F125/><W119/><G119/><AGARI ba="0,1" hai="45,47,77,79,81,82,102,103,106,107,117,119,132,135" machi="119" ten="25,9600,0" yaku="22,2,52,2" doraHai="128" who="2" fromWho="3" sc="195,0,423,0,142,106,230,-96" /><INIT seed="2,1,0,1,0,127" ten="195,423,248,134" oya="2" hai0="115,118,133,82,83,60,97,19,111,59,6,31,33" hai1="134,48,52,102,122,42,96,117,81,71,4,27,17" hai2="61,16,34,22,56,72,123,11,9,25,35,92,10" hai3="14,70,77,108,80,18,23,3,75,40,69,121,38"/><V51/><F72/><W5/><G121/><T28/><D115/><U99/><E117/><V113/><F113/><W91/><G108/><T47/><D111/><U85/><E122/><V98/><F51/><W73/><G73/><T55/><D6/><U116/><E71/><V105/><F105/><W20/><G20/><T68/><D68/><U36/><E116/><V112/><F123/><W129/><G91/><T100/><D133/><U63/><E4/><V87/><F87/><W2/><G2/><T62/><D62/><U79/><E134/><V135/><F135/><W132/><G132/><T57/><D57/><N who="1" m="35239" /><E36/><V39/><F39/><W120/><G120/><T1/><D1/><U89/><E102/><V29/><F112/><W21/><G21/><T114/><D114/><U104/><E104/><V90/><REACH who="2" step="1"/><F29/><REACH who="2" ten="195,423,238,134" step="2"/><W106/><G106/><T7/><D118/><U126/><E126/><V45/><F45/><W84/><G84/><T46/><D46/><N who="1" m="25687" /><E79/><V41/><F41/><W54/><G40/><T50/><D47/><U76/><E76/><V30/><F30/><W53/><G38/><T37/><D37/><U93/><E81/><V12/><F12/><W125/><G125/><T66/><D83/><U64/><E99/><V13/><F13/><W49/><G49/><T8/><D50/><U95/><E85/><V32/><F32/><W88/><G80/><T78/><D78/><U130/><E96/><V15/><F15/><W0/><G77/><T43/><D82/><U128/><E93/><V119/><F119/><W65/><G75/><T101/><D97/><U109/><E109/><RYUUKYOKU ba="1,1" sc="195,-10,423,-10,238,30,134,-10" hai2="9,10,11,16,22,25,34,35,56,61,90,92,98" /><INIT seed="2,2,1,1,2,118" ten="185,413,268,124" oya="2" hai0="117,114,53,59,61,82,91,66,124,109,50,19,56" hai1="46,100,95,67,78,85,4,127,25,29,133,104,130" hai2="45,80,58,102,23,43,87,47,97,84,44,70,11" hai3="68,12,24,71,107,74,52,72,81,54,103,21,101"/><V2/><F70/><W9/><G71/><T76/><D114/><U135/><E127/><V15/><F2/><W20/><G68/><T49/><D117/><U65/><E130/><V122/><F58/><W93/><G107/><T79/><D109/><U105/><E4/><V30/><F122/><W73/><G81/><T48/><D124/><U18/><E18/><V111/><F111/><W10/><G93/><T110/><D110/><U7/><E7/><V3/><F3/><W99/><G99/><T33/><D33/><U22/><E46/><V63/><F63/><W31/><G20/><T94/><D19/><U13/><E13/><V69/><F69/><W41/><G41/><T64/><D64/><N who="1" m="24651" /><E78/><N who="0" m="29737" /><D82/><U16/><E29/><V125/><F125/><W88/><G88/><T134/><D134/><N who="1" m="51211" /><E85/><AGARI ba="2,1" hai="48,49,50,53,56,59,61,66,85,91,94" m="29737" machi="85" ten="30,1000,0" yaku="8,1" doraHai="118" who="0" fromWho="1" sc="185,26,413,-16,268,0,124,0" /><INIT seed="3,0,0,1,4,101" ten="211,397,268,124" oya="3" hai0="84,108,47,41,77,8,102,135,134,119,48,42,118" hai1="6,110,53,123,3,60,33,16,18,59,83,67,63" hai2="65,126,12,112,35,24,9,71,109,129,34,56,78" hai3="133,7,40,90,37,29,32,55,14,30,120,5,80"/><W82/><G120/><T22/><D108/><U13/><E33/><V66/><F71/><W20/><G37/><T4/><D102/><U39/><E39/><V52/><F129/><W19/><G40/><T99/><D99/><U117/><E123/><V121/><F78/><W49/><G133/><N who="0" m="50699" /><D41/><U132/><E110/><V51/><F109/><W58/><G32/><T130/><D22/><U103/><E103/><V76/><F126/><W116/><G116/><T57/><D57/><N who="1" m="37359" /><E3/><V28/><F76/><W68/><G68/><T105/><D105/><U23/><E132/><V50/><F35/><W10/><G5/><T15/><D130/><U106/><E106/><V31/><F31/><W62/><G62/><T79/><D79/><U54/><E117/><V127/><F127/><W17/><G17/><N who="1" m="6762" /><E83/><AGARI ba="0,0" hai="4,8,15,42,47,48,77,83,84,118,119" m="50699" machi="83" ten="30,2000,0" yaku="25,1,20,1" doraHai="101" who="0" fromWho="1" sc="211,20,397,-20,268,0,124,0" owari="231,-16.9,377,47.7,268,6.8,124,-37.6" /></mjloggm>