<mjloggm ver="2.3"><GO type="225" lobby="0"/><UN n0="%E3%81%B5%E3%81%98%E3%81%8B%E3%81%A4" n1="%E3%80%93%E3%81%97%E3%83%BC%E3%82%89%E3%80%93" n2="%E3%81%8B%E3%82%8F%E3%81%A1%E3%82%83%E3%82%93%35%38" n3="%E5%A4%9C%E3%81%AE%E3%82%AC%E3%82%B9%E3%83%91%E3%83%BC%E3%83%AB" dan="16,16,16,16" rate="2223.23,2078.18,2152.70,2133.32" sx="M,M,M,M"/><TAIKYOKU oya="0"/><INIT seed="0,0,0,1,0,127" ten="250,250,250,250" oya="0" hai0="19,24,28,30,22,10,83,112,122,23,41,38,68" hai1="73,58,36,17,46,62,25,128,29,133,37,56,60" hai2="79,32,71,126,77,78,113,75,54,70,43,124,92" hai3="109,120,108,93,7,135,42,18,106,16,89,117,40"/><T121/><D68/><N who="2" m="26154" /><F113/><W114/><G114/><T6/><D112/><U101/><E73/><V102/><F32/><W74/><G117/><T21/><D38/><U3/><E3/><V130/><F43/><N who="3" m="16427" /><G135/><T85/><D41/><U98/><E46/><V90/><F102/><W45/><G106/><T131/><D131/><U132/><E128/><V123/><F123/><N who="0" m="47114" /><D85/><U12/><E132/><V116/><F116/><W110/><G120/><T100/><D83/><U33/><E133/><V94/><F130/><W129/><G129/><T59/><D59/><U34/><E34/><V65/><F65/><W20/><G74/><T11/><D100/><U81/><E81/><V9/><F9/><N who="0" m="3082" /><D6/><U118/><E118/><V84/><F54/><W50/><G7/><T49/><D49/><U67/><E58/><V115/><F115/><W111/><G111/><T96/><D96/><U99/><E98/><V64/><F64/><W51/><G51/><T31/><AGARI ba="0,0" hai="19,21,22,23,24,28,30,31" m="3082,47114" machi="31" ten="40,3900,0" yaku="34,2" doraHai="127" who="0" fromWho="0" sc="250,39,250,-13,250,-13,250,-13" /><INIT seed="0,1,0,0,5,76" ten="289,237,237,237" oya="0" hai0="75,43,58,92,101,78,128,72,13,40,114,105,32" hai1="100,3,129,124,90,106,65,37,30,103,18,14,133" hai2="39,68,74,62,24,69,57,63,108,2,54,53,107" hai3="47,86,19,21,5,59,119,7,117,130,55,66,126"/><T134/><D114/><U113/><E37/><V82/><F107/><W96/><G126/><T36/><D32/><U71/><E3/><V26/><F2/><W109/><G109/><T51/><D105/><U31/><E113/><V123/><F123/><W49/><G130/><T52/><D134/><U118/><E133/><V85/><F74/><W121/><G121/><T22/><D128/><U35/><E129/><V0/><F0/><W125/><G125/><T131/><D131/><U132/><E118/><V116/><F39/><W23/><G96/><T48/><D36/><U95/><E106/><V98/><F98/><W111/><G111/><T29/><D29/><U34/><E34/><V110/><F85/><W44/><G23/><T16/><D72/><U127/><E132/><V11/><F57/><W56/><G117/><T15/><D101/><U88/><E71/><V42/><F11/><W104/><G104/><T67/><D67/><U64/><E35/><V38/><F38/><W20/><G119/><T81/><D92/><U94/><E14/><V28/><F116/><W33/><G33/><T87/><D75/><U8/><E8/><V115/><F115/><W93/><G21/><T73/><D73/><U41/><E18/><V80/><F42/><AGARI ba="1,0" hai="30,31,41,42,64,65,88,90,94,95,100,103,124,127" machi="42" ten="25,3200,0" yaku="22,2,54,1" doraHai="76" who="1" fromWho="2" sc="289,0,237,35,237,-35,237,0" /><INIT seed="1,0,0,5,3,3" ten="289,272,202,237" oya="1" hai0="83,18,122,108,78,105,100,120,60,98,64,61,82" hai1="119,69,58,40,126,129,52,47,13,0,79,31,29" hai2="107,84,124,57,104,9,125,48,96,73,90,111,53" hai3="92,117,116,80,25,63,1,101,91,70,36,95,23"/><U110/><E0/><V11/><F73/><W12/><G36/><T22/><D108/><U42/><E69/><V59/><F111/><W6/><G1/><T54/><D54/><U128/><E110/><V114/><F114/><W135/><G135/><T75/><D83/><U71/><E71/><V132/><F132/><W66/><G101/><T87/><D87/><U88/><E79/><V14/><F59/><W49/><G49/><T39/><D39/><U45/><E13/><V19/><F9/><N who="3" m="4151" /><G91/><T30/><D30/><N who="1" m="11275" /><E126/><N who="2" m="48747" /><F96/><W118/><G80/><AGARI ba="0,0" hai="11,14,19,48,53,57,80,84,90,104,107" m="48747" machi="80" ten="30,1000,0" yaku="18,1" doraHai="3" who="2" fromWho="3" sc="289,0,272,0,202,10,237,-10" /><INIT seed="2,0,0,3,3,62" ten="289,272,212,227" oya="2" hai0="129,108,90,4,30,28,131,130,121,48,58,94,91" hai1="65,9,109,2,22,64,41,115,110,31,25,36,21" hai2="80,14,111,26,120,70,52,89,47,87,82,75,39" hai3="32,66,7,38,37,101,93,10,103,33,49,54,8"/><V59/><F70/><W35/><G66/><N who="1" m="25706" /><E115/><V50/><F120/><W114/><G114/><T13/><D121/><U24/><E36/><V88/><F111/><N who="1" m="42505" /><E41/><V61/><F39/><W74/><G74/><T119/><D108/><U44/><E44/><V84/><F75/><W107/><G107/><T11/><D119/><U0/><E9/><V79/><F26/><W34/><G34/><T60/><D48/><U135/><E135/><V16/><F79/><W113/><G10/><T118/><D118/><U105/><E105/><V29/><F29/><AGARI ba="0,0" hai="0,2,21,22,24,25,29,31" m="42505,25706" machi="29" ten="30,7700,0" yaku="14,1,52,3" doraHai="62" who="1" fromWho="2" sc="289,0,272,77,212,-77,227,0" /><INIT seed="3,0,0,0,5,126" ten="289,349,135,227" oya="3" hai0="63,13,71,6,42,0,122,114,128,80,106,35,131" hai1="93,111,5,16,77,108,133,57,90,76,44,23,91" hai2="7,40,79,112,56,88,51,20,15,130,86,31,25" hai3="72,33,105,78,89,65,127,18,81,107,9,110,113"/><W29/><G113/><T19/><D122/><U100/><E133/><V103/><F112/><W59/><G127/><T30/><D106/><U87/><E5/><V10/><F103/><W135/><G135/><T24/><D42/><U37/><E100/><V118/><F118/><W61/><G110/><N who="1" m="42026" /><E57/><V120/><F120/><W82/><G29/><T129/><D80/><N who="1" m="49511" /><E44/><V134/><F134/><W117/><G33/><T119/><D114/><U83/><E83/><V48/><F79/><W99/><G117/><T85/><D85/><N who="1" m="52463" /><E37/><V96/><F96/><W34/><G34/><T27/><D119/><U54/><E54/><V45/><F56/><W38/><G9/><N who="0" m="2247" /><D71/><U68/><E68/><V60/><F60/><W32/><G32/><T39/><D63/><U12/><AGARI ba="0,0" hai="12,16,23,76,77" m="52463,49511,42026" machi="12" ten="30,2000,0" yaku="14,1,54,1" doraHai="126" who="1" fromWho="1" sc="289,-5,349,20,135,-5,227,-10" owari="284,8.4,369,46.9,130,-37.0,217,-18.3" /></mjloggm>