<mjloggm ver="2.3"><GO type="225" lobby="0"/><UN n0="%E3%80%93%E3%81%97%E3%83%BC%E3%82%89%E3%80%93" n1="%E3%81%BF%E3%81%BF%E3%81%9A" n2="%E8%BE%9B%E5%8F%A3%E3%82%AB%E3%83%AC%E3%83%BC%E3%83%A9%E3%82%A4%E3%82%B9" n3="%E3%81%B5%E3%81%98%E3%81%8B%E3%81%A4" dan="16,16,17,16" rate="2070.27,2208.78,2205.96,2210.42" sx="M,M,M,M"/><TAIKYOKU oya="0"/><INIT seed="0,0,0,2,5,135" ten="250,250,250,250" oya="0" hai0="118,92,48,5,82,14,40,53,67,7,113,121,62" hai1="124,22,41,35,11,97,10,34,111,65,101,6,63" hai2="70,4,100,16,98,127,60,33,99,55,20,81,95" hai3="105,93,37,129,68,36,74,134,103,130,102,112,49"/><T47/><D113/><U104/><E111/><V9/><F33/><W23/><G134/><T1/><D118/><U106/><E124/><V116/><F116/><W30/><G112/><T85/><D121/><U76/><E11/><V89/><F127/><W32/><G68/><T2/><D92/><U44/><E22/><V80/><F70/><W31/><G74/><T12/><D7/><U71/><E76/><V57/><F9/><W88/><G49/><T133/><D133/><U54/><E54/><V83/><F4/><W78/><G78/><T56/><D14/><U120/><E106/><V122/><F122/><W52/><G32/><T8/><REACH who="0" step="1"/><D67/><REACH who="0" ten="240,250,250,250" step="2"/><U59/><E120/><V0/><F0/><W75/><G93/><T114/><D114/><U25/><E25/><N who="2" m="14471" /><F83/><W38/><G129/><T50/><D50/><U66/><E66/><V13/><F13/><W86/><G130/><T110/><D110/><U21/><E6/><V79/><F79/><AGARI ba="0,1" hai="1,2,5,8,12,40,47,48,53,56,62,79,82,85" machi="79" ten="30,11600,0" yaku="1,1,7,1,25,2,53,0" doraHai="135" doraHaiUra="84" who="0" fromWho="2" sc="240,126,250,0,250,-116,250,0" /><INIT seed="0,1,0,0,3,47" ten="366,250,134,250" oya="0" hai0="49,31,84,71,133,75,87,27,81,6,72,32,39" hai1="121,61,44,4,58,22,103,86,124,26,66,19,21" hai2="15,65,30,42,127,45,35,20,123,83,12,113,69" hai3="24,120,99,97,131,122,14,78,43,73,11,96,17"/><T56/><D39/><U33/><E124/><V38/><F123/><N who="3" m="47147" /><G131/><T2/><D71/><U5/><E121/><V8/><F127/><W48/><G24/><T101/><D87/><U112/><E33/><V110/><F113/><W68/><G68/><T102/><D133/><U79/><E112/><V91/><F35/><W109/><G109/><T114/><D114/><U107/><E107/><V51/><F110/><W116/><G116/><T41/><D6/><U3/><E3/><V135/><F135/><W16/><G17/><T125/><D2/><U18/><E103/><V62/><F38/><W60/><G60/><T92/><D125/><U55/><E79/><V70/><F70/><W132/><G132/><T89/><D56/><U52/><E86/><V130/><F130/><W40/><G48/><T53/><D53/><N who="1" m="20555" /><E44/><V106/><F106/><W128/><G128/><T54/><D54/><U80/><E80/><AGARI ba="1,0" hai="11,14,16,40,43,73,78,80,96,97,99" m="47147" machi="80" ten="30,2000,0" yaku="13,1,54,1" doraHai="47" who="3" fromWho="1" sc="366,0,250,-23,134,0,250,23" /><INIT seed="1,0,0,1,4,100" ten="366,227,134,273" oya="1" hai0="131,80,45,11,125,47,51,90,14,19,10,103,1" hai1="71,86,30,34,35,27,92,81,12,59,132,127,15" hai2="69,3,4,25,16,118,117,46,110,33,57,108,133" hai3="40,66,43,98,50,113,31,93,104,74,94,105,32"/><U78/><E71/><V18/><F69/><W75/><G113/><T107/><D125/><U52/><E127/><V85/><F46/><W88/><G66/><T63/><D131/><U62/><E132/><V44/><F44/><W8/><G32/><T24/><D24/><U55/><E35/><V124/><F57/><W97/><G31/><T87/><D63/><U53/><REACH who="1" step="1"/><E92/><REACH who="1" ten="366,217,134,273" step="2"/><V29/><F124/><W28/><G94/><T79/><D80/><U99/><E99/><V128/><F133/><W49/><G93/><T116/><D116/><N who="2" m="44650" /><F128/><W39/><G98/><T89/><D103/><U22/><E22/><V38/><F38/><W76/><G39/><T129/><D129/><U65/><AGARI ba="0,1" hai="12,15,27,30,34,52,53,55,59,62,65,78,81,86" machi="65" ten="30,6000,0" yaku="1,1,0,1,54,1,53,0" doraHai="100" doraHaiUra="68" who="1" fromWho="1" sc="366,-20,217,70,134,-20,273,-20" /><INIT seed="1,1,0,4,5,6" ten="346,287,114,253" oya="1" hai0="54,106,50,25,119,89,72,5,95,34,38,49,48" hai1="76,36,44,11,3,101,93,124,19,132,77,68,115" hai2="109,16,128,46,14,51,97,70,64,112,35,74,94" hai3="123,96,87,122,13,10,126,135,41,69,71,105,107"/><U82/><E115/><V121/><F121/><W37/><G126/><T45/><D72/><N who="1" m="43271" /><E77/><V114/><F109/><W131/><G135/><T88/><D106/><U56/><E19/><V67/><F74/><W66/><G131/><T127/><D119/><U32/><E32/><V84/><F84/><W26/><G87/><T43/><D127/><U60/><E124/><V1/><F1/><W81/><G81/><T98/><D89/><U85/><E68/><V62/><F35/><W120/><G26/><T55/><REACH who="0" step="1"/><D5/><REACH who="0" ten="336,287,114,253" step="2"/><N who="1" m="1471" /><E132/><V80/><F128/><W133/><G133/><T58/><D58/><U99/><E56/><V17/><F112/><W22/><G71/><T79/><D79/><U30/><E85/><V91/><F114/><W59/><G59/><T0/><D0/><U47/><E47/><V29/><F70/><W110/><G69/><T108/><D108/><U130/><E130/><V83/><F91/><W57/><G110/><T75/><D75/><U104/><E104/><V39/><F97/><W18/><G107/><T33/><D33/><U8/><E44/><V27/><F46/><N who="3" m="23855" /><G96/><T15/><D15/><U4/><E4/><V28/><F14/><W129/><G105/><T90/><D90/><U21/><E99/><V92/><F92/><W102/><G129/><T20/><D20/><U86/><E21/><V113/><F94/><W103/><G22/><T118/><D118/><U52/><E93/><V65/><F113/><W111/><G111/><T116/><D116/><U78/><E78/><V73/><F73/><W53/><G123/><T2/><D2/><U31/><E86/><RYUUKYOKU ba="1,1" sc="336,30,287,-10,114,-10,253,-10" hai0="25,34,38,43,45,48,49,50,54,55,88,95,98" /><INIT seed="2,2,1,3,5,76" ten="366,277,104,243" oya="2" hai0="28,114,24,2,113,80,52,73,81,12,15,101,104" hai1="53,14,132,75,59,61,122,124,107,40,20,33,78" hai2="55,94,22,84,97,6,51,48,1,96,46,58,23" hai3="45,115,79,44,4,3,66,116,133,50,92,5,109"/><V135/><F135/><W88/><G116/><T10/><D73/><U38/><E33/><V105/><F1/><W129/><G115/><T13/><D104/><U95/><E107/><V90/><F6/><W134/><G66/><T89/><D101/><U71/><E132/><N who="3" m="50794" /><G109/><T60/><D2/><U17/><E124/><V111/><F111/><W11/><G79/><T39/><D39/><U120/><E95/><V68/><F68/><W67/><G67/><T19/><D113/><U119/><E119/><V128/><F128/><W72/><G72/><T74/><D74/><U69/><E40/><V131/><F131/><W57/><G5/><T127/><D127/><U121/><REACH who="1" step="1"/><E38/><REACH who="1" ten="366,267,104,243" step="2"/><V64/><F105/><W32/><G32/><T63/><D114/><U54/><E54/><N who="2" m="29975" /><F64/><W62/><G129/><T8/><D52/><U106/><E106/><V0/><F0/><W27/><G3/><T98/><D10/><U34/><E34/><V42/><F42/><W82/><G11/><T112/><D8/><U30/><E30/><V41/><F41/><N who="3" m="24847" /><G92/><N who="0" m="56591" /><D28/><U56/><E56/><V7/><F7/><W9/><G45/><T100/><D112/><U47/><E47/><V86/><F97/><W26/><G9/><T125/><D125/><U70/><E70/><V118/><F118/><W130/><G4/><T110/><D110/><U103/><E103/><V21/><AGARI ba="2,2" hai="21,22,23,51,55,58,84,86,90,94,96" m="29975" machi="21" ten="30,1500,0" yaku="8,1" doraHai="76" who="2" fromWho="2" sc="366,-7,267,-7,104,41,243,-7" /><INIT seed="2,3,0,2,4,84" ten="359,260,145,236" oya="2" hai0="16,60,78,72,61,42,28,113,62,102,53,50,59" hai1="38,71,125,99,82,95,4,3,46,34,127,56,2" hai2="93,110,64,135,79,124,51,87,116,54,40,121,63" hai3="106,94,52,81,68,39,76,73,11,24,17,119,112"/><V132/><F116/><W6/><G119/><T128/><D113/><U44/><E71/><V21/><F121/><W109/><G106/><T47/><D128/><U0/><E34/><V49/><F124/><N who="1" m="47689" /><E4/><V90/><F110/><W86/><G68/><T25/><D102/><N who="1" m="60799" /><E38/><V97/><F40/><W20/><G39/><T45/><D72/><U29/><E29/><V100/><F79/><W115/><G109/><T65/><D78/><U89/><E56/><N who="2" m="35223" /><F21/><W105/><G105/><T10/><D10/><U130/><E130/><V19/><F19/><W83/><G94/><T57/><D16/><U126/><N who="1" m="47697" /><U101/><DORA hai="74" /><E101/><V88/><F64/><W8/><G6/><T131/><D131/><U41/><E41/><V96/><F96/><W7/><G52/><T36/><D59/><U85/><AGARI ba="3,0" hai="0,2,3,44,46,82,85,89" m="60799,47697" machi="85" ten="50,3200,0" yaku="18,1,52,1" doraHai="84,74" who="1" fromWho="1" sc="359,-11,260,41,145,-19,236,-11" /><INIT seed="3,0,0,5,3,107" ten="348,301,126,225" oya="3" hai0="46,24,44,92,126,101,72,1,16,82,88,9,50" hai1="77,70,34,31,98,29,8,91,78,63,57,12,96" hai2="17,13,103,83,106,68,117,113,41,6,37,95,120" hai3="118,131,36,129,104,38,49,124,62,127,26,105,2"/><W114/><G26/><T93/><D72/><U53/><E70/><V90/><F117/><W48/><G62/><T33/><D1/><U122/><E122/><V56/><F113/><W5/><G5/><T69/><D69/><U45/><E45/><V125/><F125/><N who="3" m="48203" /><G2/><T67/><D33/><U115/><E115/><V20/><F68/><W0/><G0/><T128/><D128/><N who="3" m="49225" /><G118/><T108/><D67/><U42/><E42/><V97/><F120/><W60/><G60/><T65/><D65/><U102/><E91/><V19/><F6/><W35/><G35/><T21/><D126/><U30/><E34/><V71/><F71/><W11/><G11/><T47/><D9/><U87/><E87/><V121/><F121/><W94/><G94/><N who="0" m="36459" /><D101/><U39/><E39/><N who="3" m="14890" /><G114/><T10/><D10/><U43/><E102/><V59/><F83/><W28/><G28/><T40/><D47/><U74/><E8/><V66/><F66/><W32/><G32/><T80/><D46/><U130/><E130/><V7/><F7/><W4/><G4/><T86/><D82/><U75/><E12/><N who="2" m="9255" /><F37/><W3/><G3/><T134/><D80/><U111/><E29/><V81/><F81/><W99/><G99/><T132/><D21/><U51/><E30/><V27/><F27/><W123/><G123/><T119/><D24/><U25/><E31/><V112/><F112/><W58/><G58/><N who="2" m="22057" /><F41/><W76/><G76/><N who="1" m="29290" /><E25/><V73/><F13/><W135/><G135/><T61/><D134/><U23/><E23/><V54/><F97/><N who="1" m="37481" /><E43/><V14/><F14/><W22/><G22/><T52/><D40/><RYUUKYOKU ba="0,0" sc="348,-10,301,-10,126,-10,225,30" hai3="48,49,104,105" /><INIT seed="3,1,0,0,5,33" ten="338,291,116,255" oya="3" hai0="94,69,43,1,65,52,12,5,58,44,17,135,25" hai1="46,38,95,81,92,89,14,99,24,109,119,23,11" hai2="131,132,104,7,28,91,63,31,76,122,129,111,53" hai3="77,60,83,112,102,49,120,74,126,75,50,21,70"/><W134/><G120/><T4/><D135/><U103/><E109/><V106/><F111/><W128/><G134/><T10/><D69/><U3/><E119/><V55/><F132/><W62/><G112/><T130/><D65/><U16/><E3/><V86/><F76/><W133/><G133/><T105/><D105/><U84/><E38/><V45/><F45/><W13/><G126/><T88/><D25/><U37/><E37/><V73/><F73/><W18/><G128/><T56/><D1/><U39/><E39/><V35/><F35/><W114/><G102/><T96/><D130/><U27/><E46/><V66/><F7/><N who="0" m="2634" /><D43/><U100/><E11/><V107/><F122/><W71/><G114/><T127/><D127/><U40/><E40/><V87/><F107/><W48/><REACH who="3" step="1"/><G74/><REACH who="3" ten="338,291,116,245" step="2"/><T19/><D19/><U59/><E59/><V101/><F101/><W72/><G72/><T57/><D44/><U8/><E8/><V29/><F29/><W121/><G121/><T54/><AGARI ba="1,1" hai="10,12,17,52,54,56,57,58,88,94,96" m="2634" machi="54" ten="30,4000,0" yaku="8,1,54,2" doraHai="33" who="0" fromWho="0" sc="338,53,291,-11,116,-11,245,-21" owari="391,49.1,280,8.0,105,-39.5,224,-17.6" /></mjloggm>