<mjloggm ver="2.3"><GO type="225" lobby="0"/><UN n0="%E3%81%A1%E3%82%85%E3%81%86%E3%81%A9%E3%81%8F%E8%B1%A1%E3%81%95%E3%82%93" n1="%E6%9C%AA%E6%9D%A5%E5%B0%91%E5%B9%B4" n2="%6D%75%75%6D%75%72%61" n3="%E8%90%BD%E6%97%A5" dan="17,16,16,19" rate="2176.49,2171.32,2147.70,2234.77" sx="M,M,F,F"/><TAIKYOKU oya="0"/><INIT seed="0,0,0,2,2,40" ten="250,250,250,250" oya="0" hai0="13,6,74,79,32,77,41,131,81,9,64,20,8" hai1="14,50,102,16,124,2,116,92,95,86,133,30,28" hai2="60,58,120,134,38,122,99,115,100,111,62,123,112" hai3="132,105,53,67,35,94,24,15,108,101,59,47,104"/><T84/><D131/><U98/><E116/><V127/><F111/><W117/><G117/><T23/><D32/><U33/><E2/><V3/><F3/><W0/><G0/><T89/><D64/><U1/><E1/><V80/><F134/><W128/><G108/><T96/><D96/><U69/><E69/><V121/><N who="2" m="30720" /><DORA hai="129" /><V72/><F127/><W27/><G128/><T56/><D79/><U39/><E39/><V54/><F38/><W17/><G67/><T45/><D56/><U19/><E124/><V114/><F62/><W82/><G82/><T65/><D8/><U106/><E133/><V70/><F70/><W7/><G7/><T107/><D107/><U103/><E33/><V55/><F55/><W93/><G47/><T51/><REACH who="0" step="1"/><D65/><REACH who="0" ten="240,250,250,250" step="2"/><U75/><E106/><V110/><F110/><W42/><G104/><T135/><D135/><U18/><E98/><V61/><F61/><W125/><G125/><T48/><D48/><U63/><E50/><V66/><F66/><W26/><G35/><T68/><D68/><U57/><E63/><V37/><F37/><W83/><G132/><T113/><D113/><U126/><E57/><V109/><F109/><W21/><G105/><T43/><D43/><U71/><E71/><V76/><F99/><W44/><G59/><T11/><D11/><N who="1" m="6239" /><E126/><V78/><F76/><W12/><G42/><T119/><D119/><U118/><E118/><V29/><F100/><N who="1" m="38441" /><E75/><V52/><F54/><W73/><G101/><T25/><D25/><U130/><E130/><V31/><AGARI ba="0,1" hai="29,31,52,58,60,72,78,80,112,114,115" m="30720" machi="31" ten="70,4700,0" yaku="0,1,54,1" doraHai="40,129" who="2" fromWho="2" sc="240,-23,250,-12,250,57,250,-12" /><INIT seed="1,0,0,1,3,108" ten="217,238,307,238" oya="1" hai0="14,48,5,42,15,64,117,90,32,89,85,40,7" hai1="86,124,109,28,45,99,123,71,18,72,102,125,95" hai2="29,17,57,82,65,91,83,111,60,25,78,104,55" hai3="26,131,128,62,88,21,134,24,3,73,112,38,23"/><U36/><E123/><V96/><F111/><W52/><G73/><T8/><D117/><U2/><E72/><V50/><F17/><W92/><G38/><T122/><D122/><U47/><E109/><V10/><F10/><W129/><G3/><T75/><D75/><U27/><E71/><V76/><F83/><W49/><G62/><T116/><D116/><U16/><E2/><V34/><F82/><W31/><G134/><T22/><D32/><U121/><E121/><V101/><REACH who="2" step="1"/><F91/><REACH who="2" ten="217,238,297,238" step="2"/><W87/><G112/><T70/><D89/><N who="1" m="53687" /><E16/><V66/><F66/><W13/><G13/><T59/><D64/><U0/><E18/><V68/><AGARI ba="0,1" hai="25,29,34,50,55,57,60,65,68,76,78,96,101,104" machi="68" ten="20,12000,2" yaku="1,1,0,1,7,1,25,2,53,1" doraHai="108" doraHaiUra="67" who="2" fromWho="2" sc="217,-30,238,-60,297,130,238,-30" /><INIT seed="2,0,0,2,4,61" ten="187,178,427,208" oya="2" hai0="69,47,29,132,68,9,32,42,121,108,90,21,18" hai1="13,40,67,126,64,124,116,44,118,15,83,95,80" hai2="113,72,55,0,104,23,48,110,130,75,41,114,106" hai3="45,59,99,107,92,26,63,19,94,17,85,43,97"/><V93/><F0/><W77/><G107/><T36/><D121/><U50/><E95/><V120/><F120/><W79/><G85/><T20/><D108/><U74/><E74/><V129/><F41/><W4/><G4/><T89/><D132/><U103/><E103/><V82/><F110/><W58/><G26/><T31/><D32/><U70/><E70/><V34/><F34/><W49/><G59/><T57/><D57/><U38/><E50/><V52/><F93/><W102/><G79/><T24/><D9/><U37/><E40/><V131/><F23/><W96/><G77/><T125/><D125/><U39/><E39/><V127/><F127/><W101/><REACH who="3" step="1"/><G97/><REACH who="3" ten="187,178,427,198" step="2"/><T73/><D73/><U2/><E2/><V109/><F75/><W88/><G88/><T128/><D89/><U1/><E1/><V8/><F109/><W16/><G16/><T56/><D90/><U51/><E51/><V66/><F48/><W3/><G3/><T123/><D56/><U87/><E87/><V54/><F104/><W22/><G22/><T46/><D18/><U27/><E27/><V117/><F106/><W5/><G5/><T134/><D24/><U133/><REACH who="1" step="1"/><E44/><REACH who="1" ten="187,168,427,198" step="2"/><V119/><F72/><W65/><AGARI ba="0,2" hai="17,19,43,45,49,58,63,65,92,94,96,99,101,102" machi="65" ten="20,12000,2" yaku="1,1,0,1,7,1,9,1,8,1,52,1,53,0" doraHai="61" doraHaiUra="135" who="3" fromWho="3" sc="187,-30,168,-30,427,-60,198,140" /><INIT seed="3,0,0,2,2,129" ten="157,138,367,338" oya="3" hai0="125,34,0,86,74,16,14,65,80,25,58,81,40" hai1="37,94,48,30,12,55,68,10,105,51,79,92,106" hai2="31,72,4,99,93,26,128,122,83,46,38,33,134" hai3="15,32,54,115,73,1,132,8,111,120,100,126,107"/><W70/><RYUUKYOKU type="yao9" ba="0,0" sc="157,0,138,0,367,0,338,0" hai3="1,8,15,32,54,70,73,100,107,111,115,120,126,132" /><INIT seed="3,1,0,0,2,63" ten="157,138,367,338" oya="3" hai0="80,99,47,105,91,73,135,96,134,10,24,129,83" hai1="114,18,19,70,42,23,7,107,130,37,62,29,100" hai2="93,92,78,30,123,41,50,55,64,90,120,69,121" hai3="57,22,51,103,58,77,132,35,133,104,11,88,101"/><W3/><G35/><T31/><D129/><U45/><E114/><V109/><F109/><W118/><G118/><T74/><D10/><U98/><E130/><V20/><F78/><W66/><G77/><T28/><D47/><U110/><E110/><V54/><F69/><W71/><G22/><N who="0" m="15383" /><D31/><U67/><REACH who="1" step="1"/><E7/><REACH who="1" ten="157,128,367,338" step="2"/><V26/><F121/><W111/><G111/><T119/><D119/><U17/><E17/><V39/><F120/><W4/><G88/><T13/><D13/><U86/><E86/><V21/><F90/><W84/><G84/><N who="0" m="50567" /><D83/><U40/><E40/><V49/><F41/><W125/><G125/><T117/><D117/><U43/><E43/><V82/><F123/><W131/><G131/><T128/><D128/><U115/><E115/><V61/><F82/><W122/><G122/><T0/><D0/><U108/><E108/><V34/><F39/><W112/><G112/><T46/><D46/><U81/><E81/><V2/><F30/><W68/><G103/><N who="0" m="62695" /><D99/><U14/><E14/><V36/><F36/><W65/><G101/><T16/><D16/><U38/><E38/><V97/><F2/><W94/><G104/><T60/><D60/><U79/><E79/><V113/><F113/><W116/><G116/><T95/><D95/><U126/><E126/><V102/><F93/><W44/><G94/><T52/><D52/><U1/><E1/><V127/><F127/><W85/><G85/><T53/><D53/><U33/><E33/><V5/><F34/><W9/><G3/><T72/><D72/><U15/><E15/><V124/><F124/><W87/><G44/><RYUUKYOKU ba="1,1" sc="157,15,128,15,367,-15,338,-15" hai0="73,74,134,135" hai1="18,19,23,29,37,42,45,62,67,70,98,100,107" owari="172,-22.8,143,-35.7,362,46.2,323,12.3" /></mjloggm>