<mjloggm ver="2.3"><GO type="225" lobby="0"/><UN n0="%E3%81%A1%E3%82%85%E3%81%86%E3%81%A9%E3%81%8F%E8%B1%A1%E3%81%95%E3%82%93" n1="%E3%81%99%E3%81%84%E3%81%BE%E3%81%9B%E3%83%BC%E3%82%93" n2="%E3%83%B4%E3%83%A0%EF%BC%99%E3%81%A6" n3="%6E%69%63%6F%6E%74%6F" dan="17,16,17,17" rate="2221.40,2145.02,2186.73,2168.74" sx="M,M,M,M"/><TAIKYOKU oya="0"/><INIT seed="0,0,0,2,4,51" ten="250,250,250,250" oya="0" hai0="46,48,104,127,29,83,62,44,97,56,11,93,86" hai1="47,71,15,133,55,59,54,135,64,41,45,129,79" hai2="76,72,112,37,21,17,105,24,98,90,3,49,8" hai3="67,107,91,10,65,103,131,36,111,77,121,13,102"/><T60/><D104/><U85/><E129/><V78/><F112/><W50/><G36/><T63/><D127/><U81/><E71/><V134/><F37/><W109/><G131/><T31/><D11/><U95/><E15/><V120/><F134/><N who="1" m="51209" /><E95/><V27/><F72/><W130/><G130/><T122/><D122/><U57/><E47/><V89/><F105/><W33/><G33/><T18/><D18/><U19/><E19/><V1/><F17/><W80/><G121/><T118/><D118/><U87/><E85/><V106/><F106/><W34/><G34/><T52/><D29/><U96/><E96/><V94/><F98/><W40/><G91/><N who="0" m="51679" /><D31/><U53/><E64/><V61/><F1/><W39/><G39/><AGARI ba="0,0" hai="39,41,45,53,54,55,57,59,79,81,87" m="51209" machi="39" ten="30,7700,0" yaku="20,1,52,3" doraHai="51" who="1" fromWho="3" sc="250,0,250,77,250,0,250,-77" /><INIT seed="1,0,0,3,2,74" ten="250,327,250,173" oya="1" hai0="8,109,53,82,93,127,72,103,5,118,11,67,15" hai1="99,89,64,123,6,106,40,130,110,73,19,95,47" hai2="75,14,33,17,13,49,100,39,63,65,23,31,86" hai3="24,26,92,131,60,94,4,18,3,7,37,98,112"/><U77/><E123/><V84/><F39/><W0/><G37/><T119/><D109/><U78/><E130/><V117/><F75/><W79/><G79/><N who="1" m="30218" /><E106/><V38/><F38/><W124/><G112/><T108/><D72/><U56/><E73/><V129/><F129/><W128/><G60/><T91/><D82/><U50/><E110/><V10/><F100/><W111/><G111/><T36/><D103/><U69/><E69/><V21/><F33/><W114/><G98/><T12/><D108/><U59/><E6/><V27/><F49/><W90/><G90/><T76/><D36/><U32/><E32/><V28/><F28/><W133/><G18/><T34/><D34/><U58/><E19/><V113/><F117/><W66/><G66/><AGARI ba="0,0" hai="40,47,50,56,58,59,64,66,89,95,99" m="30218" machi="66" ten="30,11600,0" yaku="8,1,52,3" doraHai="74" who="1" fromWho="3" sc="250,0,327,116,250,0,173,-116" /><INIT seed="1,1,0,1,0,45" ten="250,443,250,57" oya="1" hai0="119,54,60,115,21,82,104,38,35,5,4,103,89" hai1="22,110,55,113,0,39,43,7,72,101,49,64,100" hai2="40,76,28,123,105,130,53,36,109,8,15,26,13" hai3="52,20,3,133,88,120,25,12,81,73,112,116,125"/><U86/><E113/><V90/><F123/><W134/><G112/><T75/><D35/><U69/><E72/><V74/><F105/><W107/><G107/><T9/><D38/><U91/><E110/><V80/><F130/><W98/><G120/><T41/><D115/><U44/><E22/><V93/><F109/><W95/><G3/><T96/><D119/><U99/><E7/><V30/><F30/><W57/><G116/><T63/><D41/><U14/><E14/><V78/><F78/><W118/><G118/><T122/><D122/><U2/><E64/><V131/><F131/><W71/><G71/><T111/><D111/><U67/><E67/><V47/><F53/><W92/><G92/><T33/><D33/><U65/><E65/><V97/><REACH who="2" step="1"/><F8/><REACH who="2" ten="250,443,240,57" step="2"/><W18/><G125/><T83/><D9/><U42/><E55/><V34/><AGARI ba="1,1" hai="13,15,26,28,34,36,40,47,74,76,80,90,93,97" machi="34" ten="20,12000,2" yaku="1,1,2,1,0,1,7,1,53,2" doraHai="45" doraHaiUra="11" who="2" fromWho="2" sc="250,-31,443,-61,240,133,57,-31" /><INIT seed="2,0,0,3,4,46" ten="219,382,373,26" oya="2" hai0="59,2,107,11,79,81,103,24,9,0,130,99,48" hai1="95,89,52,29,117,127,108,32,83,33,44,43,16" hai2="128,34,111,17,5,37,75,94,23,123,20,63,76" hai3="97,115,18,27,41,49,36,90,61,96,100,19,45"/><V30/><F123/><W134/><G134/><T6/><D130/><U55/><E117/><V87/><F128/><W120/><G120/><T31/><D9/><U129/><E129/><V105/><F105/><W69/><G115/><T114/><D114/><U118/><E118/><V15/><F37/><W13/><G90/><T56/><D0/><U133/><E133/><V14/><F111/><W39/><G97/><T131/><D48/><N who="1" m="26655" /><E29/><V3/><F75/><W109/><G109/><T4/><D4/><U119/><E33/><V68/><F3/><W101/><G101/><T64/><D64/><U26/><E32/><V113/><F113/><W57/><G69/><T35/><D131/><U104/><E104/><V73/><F73/><AGARI ba="0,0" hai="2,6,11,24,31,35,56,59,73,79,81,99,103,107" machi="73" ten="30,1000,0" yaku="7,1" doraHai="46" who="0" fromWho="2" sc="219,10,382,0,373,-10,26,0" /><INIT seed="3,0,0,0,2,103" ten="229,382,363,26" oya="3" hai0="54,97,109,70,63,110,71,60,116,78,46,50,11" hai1="41,69,68,10,111,49,42,17,96,33,38,39,131" hai2="99,118,12,3,52,83,36,53,20,0,74,59,4" hai3="18,32,133,64,65,102,134,93,86,98,8,73,66"/><W48/><G32/><T121/><D116/><U7/><E33/><V35/><F35/><W80/><G73/><T31/><D121/><U23/><E111/><N who="0" m="42505" /><D78/><U114/><E114/><V34/><F34/><W126/><G126/><T105/><D31/><U40/><E131/><V76/><F118/><W104/><G48/><T81/><D81/><U119/><E119/><V117/><F117/><W45/><G45/><T127/><D127/><U27/><E49/><V51/><F36/><W125/><G125/><T88/><D11/><U47/><E96/><V135/><F135/><N who="3" m="51723" /><G93/><N who="0" m="56487" /><D105/><U112/><E112/><V25/><F99/><W101/><G101/><T61/><AGARI ba="0,0" hai="46,50,54,60,61,63,70,71" m="56487,42505" machi="61" ten="30,2000,0" yaku="14,1,54,1" doraHai="103" who="0" fromWho="0" sc="229,20,382,-5,363,-5,26,-10" owari="249,-15.1,377,47.7,358,15.8,16,-48.4" /></mjloggm>