<mjloggm ver="2.3"><GO type="225" lobby="0"/><UN n0="%6D%75%75%73%61%6E%6D%75" n1="%E3%81%95%E3%81%8D%E3%81%9F%E3%81%BE%E6%9E%97%E6%AA%8E" n2="%E6%A1%9C%E8%8A%B1%E9%96%83%E3%80%85" n3="%E3%81%BF%E3%81%BF%E3%81%9A" dan="16,16,16,18" rate="2160.88,2078.32,2214.19,2251.78" sx="F,M,M,M"/><TAIKYOKU oya="0"/><INIT seed="0,0,0,4,2,130" ten="250,250,250,250" oya="0" hai0="53,70,52,110,111,123,24,55,117,9,43,37,124" hai1="44,67,129,88,69,61,92,50,39,46,121,21,51" hai2="75,15,89,77,116,65,31,134,125,48,40,49,100" hai3="73,83,41,109,36,35,7,127,4,68,119,128,131"/><T33/><D117/><U5/><E121/><V132/><F116/><W0/><RYUUKYOKU type="yao9" ba="0,0" sc="250,0,250,0,250,0,250,0" hai3="0,4,7,35,36,41,68,73,83,109,119,127,128,131" /><INIT seed="0,1,0,0,2,54" ten="250,250,250,250" oya="0" hai0="57,17,16,33,114,75,131,47,111,119,130,31,24" hai1="112,42,73,89,53,25,45,97,81,101,134,124,8" hai2="85,63,79,113,2,49,94,100,88,132,121,34,104" hai3="76,11,103,102,10,6,55,59,74,1,18,50,133"/><T98/><D114/><U5/><E134/><V51/><F113/><W116/><G116/><T108/><D119/><U93/><E112/><V109/><F121/><W82/><G133/><T107/><D75/><U135/><E135/><V118/><F132/><W20/><REACH who="3" step="1"/><G10/><REACH who="3" ten="250,250,250,240" step="2"/><T110/><D47/><U40/><E124/><V91/><F118/><W99/><G99/><T71/><D71/><U36/><E8/><V80/><F109/><W14/><AGARI ba="1,1" hai="1,6,11,14,18,20,50,55,59,74,76,82,102,103" machi="14" ten="20,5200,0" yaku="1,1,0,1,7,1,52,1,53,0" doraHai="54" doraHaiUra="65" who="3" fromWho="3" sc="250,-27,250,-14,250,-14,240,65" /><INIT seed="1,0,0,4,4,88" ten="223,236,236,305" oya="1" hai0="2,84,113,35,82,132,117,55,87,108,62,45,135" hai1="7,110,61,129,114,47,1,28,91,26,73,13,118" hai2="126,134,21,127,50,19,48,86,49,76,64,99,83" hai3="34,81,75,93,104,128,119,107,116,25,43,63,16"/><U5/><E114/><V97/><F134/><N who="0" m="51242" /><D113/><U14/><E118/><N who="3" m="45098" /><G128/><T8/><D117/><U18/><E73/><V69/><F69/><W4/><G4/><N who="0" m="1047" /><D35/><U94/><E129/><V65/><F126/><W123/><G123/><T29/><D29/><U66/><E110/><V109/><F109/><W106/><G43/><T90/><D108/><U6/><E1/><V85/><F85/><W120/><G120/><T53/><D45/><U11/><E47/><V72/><F72/><W37/><G37/><T103/><D103/><U3/><E3/><V20/><F20/><N who="3" m="13447" /><G34/><T133/><N who="0" m="51250" /><T77/><DORA hai="9" /><D62/><U52/><E28/><V78/><F78/><N who="3" m="44255" /><G63/><T15/><D15/><N who="1" m="7551" /><E26/><N who="2" m="14655" /><F127/><W124/><G124/><T98/><D98/><AGARI ba="0,0" hai="48,49,50,64,65,76,83,86,97,98,99" m="14655" machi="98" ten="30,1000,0" yaku="8,1" doraHai="88,9" who="2" fromWho="0" sc="223,-10,236,0,236,10,305,0" /><INIT seed="2,0,0,0,3,20" ten="213,236,246,305" oya="2" hai0="76,107,81,80,122,5,85,83,100,32,105,125,38" hai1="52,90,65,12,24,26,14,25,102,57,87,15,133" hai2="92,120,97,49,54,103,27,61,51,6,31,75,95" hai3="79,115,132,110,40,2,13,37,118,135,10,56,119"/><V0/><F120/><W58/><G2/><T82/><D38/><U8/><E133/><N who="3" m="51274" /><G110/><T19/><D32/><U130/><E130/><V45/><F75/><W123/><G123/><T121/><D5/><N who="1" m="3087" /><E65/><V116/><F116/><N who="3" m="44587" /><G115/><T53/><D53/><U68/><E68/><V69/><F0/><W73/><G79/><N who="0" m="46239" /><D19/><U96/><E96/><V70/><F6/><N who="3" m="3287" /><G73/><N who="0" m="43151" /><D125/><U16/><E102/><V134/><F134/><W11/><G11/><T128/><D128/><U89/><E16/><V60/><F51/><W22/><G22/><T86/><D82/><N who="1" m="49399" /><E90/><V48/><F70/><W29/><G29/><T111/><D111/><U66/><E66/><V91/><F69/><W117/><G117/><T41/><D41/><U33/><E33/><V72/><F72/><W47/><AGARI ba="0,0" hai="37,40,47,56,58" m="3287,44587,51274" machi="47" ten="40,1500,0" yaku="20,1" doraHai="20" who="3" fromWho="3" sc="213,-4,236,-4,246,-7,305,15" /><INIT seed="3,0,0,1,0,16" ten="209,232,239,320" oya="3" hai0="114,15,96,88,113,98,77,36,126,57,2,130,94" hai1="19,52,38,14,59,64,79,65,86,97,82,128,90" hai2="95,120,73,21,55,74,29,122,111,107,75,85,22" hai3="5,60,100,54,18,51,81,92,102,0,124,53,101"/><W33/><G33/><T4/><D2/><U32/><E32/><V103/><F111/><W109/><G0/><T67/><D36/><U31/><E38/><V47/><F107/><W1/><G1/><T125/><D77/><U84/><E97/><N who="2" m="59839" /><F29/><W48/><G5/><T87/><D130/><U131/><E31/><V134/><F85/><W35/><G81/><T56/><D98/><U40/><E40/><V61/><F134/><W46/><G124/><N who="0" m="47723" /><D96/><U8/><E131/><V58/><F47/><W123/><G35/><T63/><D56/><U110/><E110/><V7/><F7/><W119/><G119/><T115/><D4/><U76/><E128/><V70/><F70/><W117/><G117/><T20/><D115/><U132/><E132/><V105/><F105/><W80/><G101/><T91/><D91/><U99/><E99/><V39/><F39/><W9/><G102/><T37/><D37/><U127/><E127/><V68/><F68/><W112/><G100/><T118/><D118/><U42/><E42/><V50/><F61/><W25/><G60/><T89/><D89/><U62/><E79/><V121/><AGARI ba="0,0" hai="21,22,50,55,58,73,74,75,120,121,122" m="59839" machi="121" ten="40,5200,0" yaku="13,1,52,2" doraHai="16" who="2" fromWho="2" sc="209,-13,232,-13,239,52,320,-26" /><INIT seed="4,0,0,4,4,60" ten="196,219,291,294" oya="0" hai0="79,49,129,53,134,90,120,76,119,27,12,43,95" hai1="85,44,0,25,105,51,8,121,30,72,39,67,59" hai2="102,81,126,26,48,73,84,57,68,114,6,88,83" hai3="28,117,63,91,131,93,104,24,125,71,64,87,77"/><T46/><D119/><U123/><E72/><V111/><F68/><W1/><G117/><T34/><D120/><U106/><E39/><V97/><F111/><W69/><G125/><T4/><D129/><U118/><E118/><V110/><F110/><W78/><G131/><T19/><D134/><U115/><E115/><V75/><F114/><W10/><G71/><T122/><D122/><U70/><E70/><V17/><F6/><W74/><G74/><T61/><D34/><U45/><E123/><V130/><F83/><W116/><G116/><T101/><D101/><U56/><E121/><V16/><F126/><W5/><G104/><T66/><D4/><U23/><E45/><V15/><F26/><W40/><G40/><T113/><D113/><U133/><E133/><V37/><F17/><W62/><G62/><T29/><D29/><U108/><E108/><V135/><F37/><W103/><G103/><T7/><D7/><N who="1" m="1127" /><E59/><V18/><F18/><W65/><G65/><T55/><D27/><U98/><E85/><V54/><F130/><W127/><G127/><T82/><D66/><U96/><E106/><V58/><F58/><W3/><G1/><T14/><D61/><N who="1" m="38311" /><E105/><N who="2" m="63695" /><F135/><W89/><G89/><T47/><D47/><U21/><E21/><AGARI ba="0,0" hai="3,5,10,21,24,28,63,64,69,77,78,87,91,93" machi="21" ten="30,2000,0" yaku="7,1,52,1" doraHai="60" who="3" fromWho="1" sc="196,0,219,-20,291,0,294,20" owari="196,-30.4,199,-20.1,291,9.1,314,41.4" /></mjloggm>