<mjloggm ver="2.3"><GO type="225" lobby="0"/><UN n0="%38%63%E3%81%AF%E3%81%A3%E3%81%97%E3%83%BC" n1="%E9%80%9F%E6%B0%B4%E5%87%9B%E9%A6%99" n2="%E6%A1%9C%E8%8A%B1%E9%96%83%E3%80%85" n3="%E3%81%B2%E3%81%AA%E3%81%AE%E3%82%8A%E3%81%8F" dan="16,16,16,17" rate="2107.18,2102.49,2116.71,2201.75" sx="M,F,M,M"/><TAIKYOKU oya="0"/><INIT seed="0,0,0,5,4,42" ten="250,250,250,250" oya="0" hai0="70,27,30,62,3,5,122,48,81,49,121,60,11" hai1="12,56,41,78,47,115,109,97,75,21,20,82,54" hai2="37,102,63,95,45,103,67,131,117,28,133,118,91" hai3="39,9,19,35,29,73,36,0,134,1,51,135,31"/><T107/><D107/><U14/><E109/><V92/><F131/><W16/><G51/><T90/><D90/><U101/><E115/><V76/><F28/><N who="3" m="10827" /><G35/><T2/><D81/><U25/><E25/><V94/><F76/><W124/><G73/><T80/><D80/><U127/><E20/><V65/><F91/><W126/><G9/><T4/><D30/><U128/><E21/><V59/><F133/><N who="3" m="50699" /><G39/><T129/><D27/><U55/><E127/><N who="3" m="48682" /><G36/><T13/><D11/><U44/><E128/><V106/><F37/><W74/><G74/><T33/><D129/><U46/><E41/><V125/><F125/><W84/><G84/><T123/><D123/><U114/><E114/><V112/><F112/><W10/><G10/><T57/><D33/><U64/><E64/><V100/><F67/><W34/><G34/><T66/><D66/><U116/><E116/><N who="2" m="44651" /><F106/><W111/><G111/><T17/><D121/><U32/><E32/><V113/><F113/><W18/><AGARI ba="0,0" hai="0,1,16,18,19" m="48682,50699,10827" machi="18" ten="40,12000,2" yaku="28,2,20,1,18,1,34,2,54,1" doraHai="42" who="3" fromWho="3" sc="250,-60,250,-30,250,-30,250,120" /><INIT seed="1,0,0,1,5,106" ten="190,220,220,370" oya="1" hai0="15,133,11,6,27,69,44,36,97,112,30,61,17" hai1="121,86,68,37,48,39,67,53,110,84,80,20,90" hai2="117,0,13,135,50,38,32,40,101,100,134,107,108" hai3="55,92,113,120,9,103,26,111,21,102,88,18,59"/><U83/><E121/><V91/><F0/><W127/><G113/><T43/><D112/><U116/><E116/><V74/><F50/><W122/><G111/><T78/><D133/><U126/><E126/><V23/><F13/><W12/><G127/><T94/><D78/><U118/><E118/><V119/><F23/><W28/><G122/><T87/><D87/><U47/><E110/><V33/><F91/><W10/><G10/><T54/><D6/><U104/><E104/><V76/><F107/><W42/><G42/><T34/><D54/><U66/><E20/><V25/><F25/><W46/><G46/><T131/><D131/><U132/><E132/><V1/><F76/><W124/><G124/><T7/><D61/><U60/><REACH who="1" step="1"/><E67/><REACH who="1" ten="190,210,220,370" step="2"/><V123/><F123/><W105/><G120/><T45/><D34/><U31/><E31/><V114/><F108/><W29/><G105/><T82/><D30/><U65/><E65/><V16/><F114/><W81/><G29/><T77/><D27/><U57/><E57/><V58/><F33/><W14/><G28/><T93/><D44/><U35/><E35/><V129/><F58/><W52/><G59/><T51/><D45/><U128/><E128/><V56/><F32/><W89/><G26/><T109/><D109/><U5/><E5/><V96/><F129/><W98/><G21/><T130/><D7/><U64/><E64/><V19/><F119/><W3/><G9/><T72/><D130/><U79/><AGARI ba="0,1" hai="37,39,47,48,53,60,66,68,79,80,83,84,86,90" machi="79" ten="20,3900,0" yaku="1,1,0,1,7,1,53,0" doraHai="106" doraHaiUra="24" who="1" fromWho="1" sc="190,-13,210,49,220,-13,370,-13" /><INIT seed="1,1,0,4,5,122" ten="177,259,207,357" oya="1" hai0="49,42,121,78,104,34,63,97,79,113,89,50,61" hai1="95,111,67,123,12,134,64,43,2,117,103,66,65" hai2="25,9,41,72,119,129,75,22,85,112,120,88,0" hai3="125,38,118,74,57,53,96,54,7,18,105,30,107"/><U84/><E123/><V114/><F120/><W48/><G74/><T77/><D121/><U92/><E2/><V94/><F41/><W69/><G38/><T44/><D34/><U127/><E117/><V5/><F129/><W91/><G69/><T33/><D33/><U15/><E134/><V133/><F119/><W102/><G30/><T87/><D113/><N who="2" m="43626" /><F133/><W124/><G107/><T16/><D97/><U76/><E127/><V47/><F47/><W86/><G7/><T110/><D104/><U3/><E3/><V52/><F52/><W70/><G70/><T126/><D126/><U132/><E132/><V27/><F27/><W17/><G54/><T23/><D50/><U99/><E43/><V116/><F116/><W37/><G37/><T51/><D51/><U56/><E56/><V83/><F83/><W90/><G118/><T28/><D28/><AGARI ba="1,0" hai="0,5,9,22,25,28,72,75,85,88,94" m="43626" machi="28" ten="30,2000,0" yaku="11,1,54,1" doraHai="122" who="2" fromWho="0" sc="177,-23,259,0,207,23,357,0" /><INIT seed="2,0,0,4,4,89" ten="154,259,230,357" oya="2" hai0="48,54,44,63,84,69,127,66,39,35,110,101,81" hai1="1,20,7,46,83,41,47,37,68,72,119,107,108" hai2="126,29,27,71,12,88,112,117,77,58,2,61,49" hai3="102,124,52,70,60,105,43,26,93,22,97,76,16"/><V14/><F112/><W51/><G43/><T57/><D110/><U28/><E47/><V19/><F2/><W24/><G76/><T4/><D35/><U135/><E119/><V87/><F126/><W78/><G78/><T95/><D4/><U106/><E68/><V21/><F77/><W75/><G75/><T25/><D25/><U113/><E113/><V3/><F3/><W32/><G124/><T6/><D6/><U42/><E42/><V125/><F125/><W67/><G32/><T45/><D127/><U56/><E56/><V114/><F117/><W118/><G118/><T33/><D33/><U96/><E96/><V59/><F114/><W10/><G10/><T132/><D132/><U53/><E53/><N who="2" m="32047" /><F71/><W74/><G74/><T34/><D34/><U116/><E116/><V130/><F130/><W79/><G79/><T80/><D45/><U94/><E107/><V15/><F29/><W11/><G11/><T85/><D84/><U100/><E106/><V86/><F86/><W36/><G36/><T31/><D31/><U111/><E72/><V90/><F87/><W104/><G26/><T13/><D13/><N who="2" m="3330" /><V23/><DORA hai="120" /><F23/><W122/><G122/><T17/><D17/><U134/><E135/><V55/><AGARI ba="0,0" hai="19,21,27,55,59,61,88,90" m="3330,32047" machi="55" ten="30,3000,0" yaku="8,1,54,1" doraHai="89,120" who="2" fromWho="2" sc="154,-10,259,-10,230,30,357,-10" /><INIT seed="2,1,0,5,5,121" ten="144,249,260,347" oya="2" hai0="89,4,37,67,32,80,87,70,71,14,52,36,68" hai1="105,112,56,46,51,117,41,16,91,135,62,49,110" hai2="98,104,75,0,58,34,61,12,40,96,45,9,13" hai3="107,39,81,47,42,2,79,126,54,63,116,25,132"/><V7/><F34/><W29/><G116/><T59/><D32/><U133/><E105/><V129/><F129/><W30/><G107/><T127/><D67/><U17/><E117/><V55/><F75/><W95/><G2/><T35/><D35/><U78/><E78/><V73/><F73/><W11/><G11/><T108/><D127/><U8/><E112/><V57/><F57/><W38/><G38/><T27/><D27/><U53/><E110/><V31/><F31/><W23/><G132/><N who="1" m="50762" /><E91/><V99/><REACH who="2" step="1"/><F104/><REACH who="2" ten="144,249,250,347" step="2"/><W128/><G30/><T131/><D131/><U50/><E8/><V69/><F69/><W115/><G128/><T5/><D108/><U94/><E94/><V109/><F109/><W10/><G95/><T122/><D122/><U113/><E113/><V97/><N who="2" m="24576" /><DORA hai="134" /><V24/><F24/><W64/><G25/><T118/><D118/><U43/><E43/><V92/><F92/><W123/><G10/><T6/><REACH who="0" step="1"/><D14/><REACH who="0" ten="134,249,250,347" step="2"/><U82/><E82/><V119/><F119/><W19/><G81/><T3/><D3/><U85/><E41/><V84/><F84/><W18/><G42/><T90/><D90/><U22/><E85/><V74/><F74/><W83/><G83/><T114/><D114/><U106/><E106/><V15/><F15/><W100/><G123/><T86/><D86/><U21/><E46/><V60/><F60/><AGARI ba="1,2" hai="4,5,6,36,37,52,59,60,68,70,71,80,87,89" machi="60" ten="50,6400,0" yaku="1,1,54,1,53,1" doraHai="121,134" doraHaiUra="124,48" who="0" fromWho="2" sc="134,87,249,0,250,-67,347,0" /><INIT seed="3,0,0,5,2,135" ten="221,249,183,347" oya="3" hai0="25,86,41,67,29,127,39,63,47,22,49,58,116" hai1="121,2,5,108,130,36,27,69,38,55,43,90,50" hai2="18,134,9,60,115,28,11,53,61,51,74,23,54" hai3="65,132,124,37,122,99,102,112,128,45,100,40,72"/><W71/><G124/><T70/><D116/><U59/><E69/><V0/><F115/><W21/><G102/><T119/><D119/><U52/><E108/><V83/><F134/><W98/><G98/><T73/><D73/><U4/><E130/><V62/><F28/><W123/><G72/><T32/><D86/><U13/><E2/><V79/><F0/><W16/><G112/><T106/><D106/><U113/><E113/><V46/><REACH who="2" step="1"/><F54/><REACH who="2" ten="221,249,173,347" step="2"/><W44/><G132/><T3/><D3/><U97/><E55/><V31/><F31/><W105/><G123/><T64/><D127/><U17/><E52/><V80/><F80/><W96/><G122/><T131/><D131/><U26/><E121/><V48/><F48/><W117/><G128/><T120/><D120/><U81/><E50/><V7/><F7/><W125/><G125/><T101/><D49/><U84/><E81/><V57/><F57/><W126/><G126/><T19/><D58/><U118/><E59/><V35/><F35/><W110/><G71/><T66/><D101/><U76/><E4/><V20/><F20/><W6/><G21/><T10/><D10/><U94/><E5/><V24/><AGARI ba="0,1" hai="9,11,18,23,24,46,51,53,60,61,62,74,79,83" machi="24" ten="30,4000,0" yaku="1,1,0,1,53,1" doraHai="135" doraHaiUra="12" who="2" fromWho="2" sc="221,-10,249,-10,173,50,347,-20" owari="211,-28.9,239,3.9,223,-17.7,327,42.7" /></mjloggm>