<mjloggm ver="2.3"><GO type="225" lobby="0"/><UN n0="%72%65%6E%6B%75%6E" n1="%E6%81%A5%E6%99%92%E3%81%97" n2="%E3%81%A4%E3%81%A3%E3%81%B1%E3%82%8A%E3%83%9D%E3%83%BC%E3%83%AB" n3="%44%2E%65%61%67%6C%65" dan="17,16,16,16" rate="2251.94,2136.12,2125.74,2142.60" sx="M,M,M,M"/><TAIKYOKU oya="0"/><INIT seed="0,0,0,1,5,113" ten="250,250,250,250" oya="0" hai0="46,116,128,64,126,70,65,43,49,53,83,32,56" hai1="85,89,71,110,4,118,134,7,16,2,77,42,91" hai2="44,133,111,94,8,127,76,124,51,45,17,0,13" hai3="58,123,103,23,19,14,114,57,62,25,5,80,50"/><T69/><D32/><U1/><E71/><N who="0" m="27145" /><D83/><N who="1" m="47343" /><E2/><V120/><F120/><W132/><G114/><T75/><D75/><U30/><E1/><V61/><F111/><W131/><G132/><T125/><D128/><U10/><E134/><V105/><F133/><W97/><G123/><T60/><D116/><U26/><E118/><V27/><F105/><W86/><G131/><T107/><D107/><U36/><E36/><V130/><F130/><W73/><G73/><T39/><D39/><U82/><E42/><V37/><F0/><W3/><G3/><T34/><D34/><U29/><E110/><V54/><F76/><W59/><G50/><T72/><D72/><U12/><E26/><V6/><F61/><W106/><G5/><N who="1" m="2122" /><E82/><V55/><F94/><W48/><G48/><T135/><D135/><U102/><E102/><V109/><F109/><W117/><G25/><T68/><N who="0" m="27153" /><T20/><DORA hai="74" /><D20/><U24/><E24/><V28/><F6/><W41/><G41/><T21/><D21/><U67/><E67/><AGARI ba="0,0" hai="43,46,49,53,56,60,64,65,67,125,126" m="27153" machi="67" ten="40,3900,0" yaku="34,2" doraHai="113,74" who="0" fromWho="1" sc="250,39,250,-39,250,0,250,0" /><INIT seed="0,1,0,5,2,38" ten="289,211,250,250" oya="0" hai0="133,129,12,94,50,81,19,93,3,65,92,127,110" hai1="68,44,42,70,122,31,74,78,130,99,57,52,105" hai2="29,45,48,118,108,17,117,21,91,104,8,55,119" hai3="7,112,26,13,75,36,60,87,34,85,49,73,30"/><T90/><D3/><U134/><E122/><V128/><F108/><W46/><G36/><T120/><D120/><U56/><E31/><V116/><F128/><W2/><G112/><T63/><D129/><U20/><E130/><V135/><F135/><W27/><G27/><T61/><D133/><U79/><E134/><V132/><F132/><W43/><G87/><N who="0" m="50543" /><D110/><U107/><E20/><V72/><F104/><W1/><G60/><T22/><D127/><U0/><E0/><V113/><F72/><W64/><G64/><T23/><D65/><U4/><E99/><V6/><F29/><W40/><G75/><T77/><D77/><U69/><E4/><V71/><F71/><W102/><G102/><T111/><D111/><U76/><E74/><V58/><F113/><W37/><G73/><T100/><D100/><U16/><E16/><V101/><F101/><W103/><G103/><T124/><D124/><U126/><E126/><V10/><F91/><W97/><G85/><T89/><D89/><U14/><E14/><N who="2" m="9399" /><F6/><W115/><G97/><T123/><D123/><U59/><REACH who="1" step="1"/><E52/><REACH who="1" ten="289,201,250,250" step="2"/><N who="2" m="29711" /><F119/><W82/><G115/><T28/><D28/><U32/><E32/><V125/><F125/><W80/><G1/><T54/><D22/><U11/><E11/><V121/><F121/><W18/><G2/><T51/><D54/><U84/><E84/><V33/><F33/><W41/><G7/><T83/><D61/><AGARI ba="1,1" hai="8,10,55,58,61,116,117,118" m="29711,9399" machi="61" ten="30,2000,0" yaku="12,1,54,1" doraHai="38" who="2" fromWho="0" sc="289,-23,201,0,250,33,250,0" /><INIT seed="1,0,0,3,0,46" ten="266,201,283,250" oya="1" hai0="78,55,11,74,102,123,25,118,66,68,71,81,112" hai1="37,28,100,114,95,128,30,129,2,64,48,108,73" hai2="5,119,7,105,57,3,126,110,18,0,12,1,69" hai3="82,27,131,87,103,43,15,61,130,33,20,121,52"/><U113/><E37/><V45/><F69/><W98/><G121/><T36/><D118/><U62/><E73/><V8/><F105/><W79/><G43/><T116/><D116/><U4/><E100/><V32/><F119/><W107/><G15/><T16/><D112/><N who="1" m="43115" /><E95/><V106/><F106/><W58/><REACH who="3" step="1"/><G33/><REACH who="3" ten="266,201,283,240" step="2"/><T83/><D123/><U101/><E2/><V72/><F12/><W39/><G39/><T17/><D36/><U59/><E108/><V67/><F32/><W85/><G85/><T13/><D13/><U10/><E128/><V117/><F110/><W34/><G34/><T49/><D11/><U134/><E129/><V94/><F8/><W77/><G77/><T124/><D78/><U23/><E10/><V88/><F117/><W96/><G96/><T60/><D74/><U76/><E76/><V125/><F0/><W50/><G50/><T47/><D124/><U54/><E4/><V38/><F7/><W24/><G24/><T53/><D25/><U92/><E48/><V90/><F5/><W86/><G86/><T31/><D49/><U65/><E134/><V99/><F72/><W84/><G84/><T97/><D97/><N who="1" m="59559" /><E23/><V19/><F1/><W109/><G109/><T132/><D132/><U115/><E115/><V111/><F3/><W14/><G14/><T21/><D21/><U29/><E62/><N who="2" m="38351" /><F111/><W135/><G135/><T6/><D60/><U89/><E89/><V44/><F90/><W51/><G51/><T93/><D6/><U42/><E42/><V91/><F91/><W40/><G40/><T120/><D120/><U26/><E26/><RYUUKYOKU ba="0,1" sc="266,-15,201,15,283,-15,240,15" hai1="28,29,30,54,59,64,65" hai3="20,27,52,58,61,79,82,87,98,103,107,130,131" /><INIT seed="1,1,1,5,5,12" ten="251,216,268,255" oya="1" hai0="23,122,2,28,131,56,121,66,0,69,41,3,93" hai1="68,114,44,82,99,76,118,135,18,64,49,46,97" hai2="53,47,103,102,105,55,4,20,26,79,15,43,132" hai3="115,83,133,92,88,9,89,134,10,109,11,27,57"/><U70/><E114/><V48/><F132/><N who="3" m="50795" /><G115/><T95/><D69/><U31/><E118/><V117/><F117/><W63/><G109/><T100/><D131/><U37/><E135/><V52/><F79/><W119/><G119/><T36/><D100/><U91/><E31/><V123/><F123/><N who="0" m="47114" /><D36/><U24/><E70/><V58/><F58/><W51/><G51/><T94/><D41/><N who="1" m="24719" /><E37/><V59/><F59/><W50/><G50/><T33/><D33/><U45/><E68/><V127/><F127/><W17/><G83/><T19/><D28/><U1/><E1/><N who="0" m="257" /><T128/><DORA hai="34" /><D128/><U39/><E64/><V38/><F105/><W126/><G126/><T125/><D125/><U40/><E40/><V85/><F38/><W42/><G42/><T13/><D94/><N who="1" m="56543" /><E39/><V130/><F130/><W8/><G92/><T90/><D90/><U60/><E99/><V116/><F116/><W110/><G110/><T86/><D86/><N who="1" m="48455" /><E60/><AGARI ba="1,1" hai="13,19,23,56,60,66,93,95" m="257,47114" machi="60" ten="50,12000,2" yaku="13,1,52,5" doraHai="12,34" who="0" fromWho="1" sc="251,133,216,-123,268,0,255,0" /><INIT seed="2,0,0,3,4,110" ten="384,93,268,255" oya="2" hai0="75,28,25,130,35,23,107,100,55,90,3,20,4" hai1="132,135,50,43,49,76,124,63,126,67,97,71,101" hai2="5,56,94,87,121,44,102,129,45,21,7,72,105" hai3="68,30,60,103,51,88,134,123,115,37,69,64,52"/><V47/><F121/><W1/><G1/><T79/><D75/><U9/><E76/><V118/><F118/><W70/><G103/><T29/><D130/><U10/><E97/><N who="2" m="59703" /><F72/><W11/><G123/><T93/><D79/><U131/><E101/><V117/><F105/><W65/><G30/><T111/><D111/><U34/><E34/><V82/><F117/><W95/><G134/><N who="1" m="51242" /><E10/><V42/><F42/><W96/><G37/><T27/><D55/><U86/><E86/><V116/><F129/><W99/><G11/><T120/><D120/><U114/><E9/><V14/><F56/><W6/><G6/><N who="2" m="2057" /><F116/><W12/><G12/><T78/><D78/><U108/><E108/><V33/><F33/><W125/><G125/><N who="1" m="48234" /><E131/><V113/><F87/><W38/><G38/><T16/><D35/><U83/><E83/><V59/><F82/><W0/><G0/><T92/><D4/><U15/><E15/><V32/><F14/><W31/><G99/><T8/><D3/><U61/><E43/><V46/><F21/><W48/><G31/><T62/><D107/><U81/><E81/><V18/><F18/><W57/><REACH who="3" step="1"/><G115/><REACH who="3" ten="384,93,268,245" step="2"/><T73/><D8/><U74/><E74/><V2/><F113/><W24/><G24/><T80/><D25/><U66/><E114/><V133/><F2/><W119/><G119/><T39/><D27/><U109/><E109/><V53/><F133/><W26/><G26/><T13/><D13/><U85/><E85/><V104/><F32/><W17/><G17/><T128/><D16/><U98/><E98/><V41/><N who="2" m="11264" /><DORA hai="54" /><V22/><F41/><RYUUKYOKU ba="0,1" sc="384,-15,93,15,268,-15,245,15" hai1="49,50,61,63,66,67,71" hai3="48,51,52,57,60,64,65,68,69,70,88,95,96" /><INIT seed="3,1,1,5,1,41" ten="369,108,253,260" oya="3" hai0="88,89,54,112,107,59,68,118,51,47,116,46,1" hai1="102,21,98,100,132,71,38,92,32,2,62,63,113" hai2="90,33,9,39,36,0,81,12,49,111,13,127,124" hai3="94,82,28,8,79,133,31,14,96,121,117,128,50"/><W129/><G117/><T3/><D68/><U135/><E2/><V105/><F105/><W73/><G121/><T109/><D107/><U123/><E123/><V134/><F33/><W97/><G133/><T4/><D109/><U76/><E32/><V27/><F111/><W18/><G50/><T69/><D69/><U35/><E35/><V19/><F0/><W131/><REACH who="3" step="1"/><G97/><REACH who="3" ten="369,108,253,250" step="2"/><T42/><D116/><U64/><E113/><V104/><F134/><W86/><G86/><T55/><D118/><U99/><E76/><V130/><F49/><W52/><G52/><T17/><D112/><U70/><E38/><V26/><F39/><W91/><AGARI ba="1,2" hai="8,14,18,28,31,73,79,82,91,94,96,128,129,131" machi="91" ten="30,6000,0" yaku="1,1,0,1,19,1,53,0" doraHai="41" doraHaiUra="43" who="3" fromWho="3" sc="369,-21,108,-21,253,-21,250,83" /><INIT seed="3,2,0,1,2,113" ten="348,87,232,333" oya="3" hai0="69,87,27,61,83,77,51,35,7,36,104,13,114" hai1="84,62,34,135,52,44,31,47,102,75,89,67,107" hai2="0,22,92,60,111,12,115,101,50,95,32,15,28" hai3="126,1,56,93,118,82,133,91,125,96,54,116,48"/><W99/><G1/><T53/><D36/><U129/><E135/><V132/><F32/><W68/><G68/><T98/><D114/><U128/><E75/><V71/><F0/><W130/><G133/><T16/><D7/><U85/><E44/><V108/><F115/><W25/><G130/><T3/><D3/><U38/><E128/><V103/><F50/><W6/><G6/><T70/><D61/><U2/><E2/><V127/><F132/><W26/><G82/><T45/><D104/><U122/><E122/><V66/><F127/><N who="3" m="48651" /><G96/><T24/><D98/><U123/><E123/><V100/><F28/><W76/><G76/><T55/><D55/><U58/><E129/><V78/><F78/><W64/><G64/><T88/><D77/><U106/><E89/><V134/><F22/><W33/><G33/><T110/><D110/><N who="2" m="42026" /><F134/><W4/><G4/><T29/><D24/><AGARI ba="2,0" hai="24,25,26,48,54,56,91,93,99,116,118" m="48651" machi="24" ten="30,5800,0" yaku="18,1,52,2" doraHai="113" who="3" fromWho="0" sc="348,-64,87,0,232,0,333,64" owari="284,8.4,87,-41.3,232,-16.8,397,49.7" /></mjloggm>