<mjloggm ver="2.3"><GO type="225" lobby="0"/><UN n0="%E9%A6%AC%E4%BA%86%E9%9A%94%E5%A3%81" n1="%E3%81%A4%E3%81%A3%E3%81%B1%E3%82%8A%E3%83%9D%E3%83%BC%E3%83%AB" n2="%E3%82%A2%E3%83%A1%E3%82%A2%E3%83%A9%E3%83%AC" n3="%E3%82%B7%E3%83%B3%E5%A4%AA%E6%9C%97" dan="17,17,16,16" rate="2234.57,2198.46,2194.28,2127.57" sx="M,M,M,M"/><TAIKYOKU oya="0"/><INIT seed="0,0,0,4,5,25" ten="250,250,250,250" oya="0" hai0="4,59,54,78,84,128,44,57,32,70,40,126,47" hai1="105,90,5,114,116,99,9,86,10,55,22,80,20" hai2="94,82,21,63,38,127,1,98,111,17,117,123,46" hai3="112,29,18,3,45,107,12,14,119,71,76,131,103"/><T134/><D32/><U23/><E116/><V121/><F111/><W35/><G112/><T85/><D70/><U26/><E114/><V95/><F127/><W43/><G3/><T11/><D126/><U37/><E37/><V133/><F1/><W34/><G131/><T92/><D128/><U124/><E124/><V52/><F133/><W100/><G119/><T101/><D134/><U129/><E129/><V135/><F135/><W0/><G0/><T81/><D47/><U83/><E83/><V132/><F117/><W108/><G71/><T13/><D54/><U130/><E130/><V33/><F33/><W16/><G108/><T53/><D53/><U74/><E74/><V41/><F82/><W39/><G76/><T62/><D62/><U51/><E5/><V120/><F132/><W6/><G6/><T109/><D109/><U79/><E26/><V42/><F42/><W73/><G73/><T66/><D66/><U96/><E105/><V50/><F63/><W58/><G58/><T56/><D101/><U77/><E77/><V72/><F98/><N who="1" m="37417" /><E79/><V115/><F72/><W122/><G122/><T61/><D61/><U125/><E125/><V36/><F115/><W87/><G107/><T31/><D31/><U68/><E68/><V110/><F110/><W19/><G87/><N who="0" m="48567" /><D92/><N who="2" m="35370" /><F41/><W88/><G88/><T64/><D64/><U102/><E102/><V49/><F49/><AGARI ba="0,0" hai="4,11,13,40,44,49,56,57,59,84,85" m="48567" machi="49" ten="30,2900,0" yaku="25,1,8,1" doraHai="25" who="0" fromWho="2" sc="250,29,250,0,250,-29,250,0" /><INIT seed="0,1,0,5,2,30" ten="279,250,221,250" oya="0" hai0="134,115,17,13,113,18,96,114,87,66,44,111,61" hai1="29,36,122,27,74,11,7,118,128,28,57,73,93" hai2="5,60,39,129,40,64,67,104,35,37,109,2,100" hai3="51,52,8,124,21,77,56,71,90,123,33,50,1"/><T16/><D134/><U47/><E118/><V108/><F129/><W19/><G124/><T101/><D111/><N who="2" m="42570" /><F100/><W135/><G135/><T31/><D31/><U72/><E128/><V10/><F104/><W92/><G71/><T55/><D87/><U14/><E122/><V15/><F40/><W20/><G123/><T80/><D80/><U112/><E112/><V105/><F105/><W121/><G121/><T58/><D44/><U48/><E36/><N who="2" m="13899" /><F15/><W38/><G38/><T22/><REACH who="0" step="1"/><D66/><REACH who="0" ten="269,250,221,250" step="2"/><N who="2" m="25130" /><F60/><W103/><G77/><T130/><D130/><U49/><E73/><V53/><F53/><W63/><G52/><T70/><D70/><U45/><E72/><V125/><F125/><W132/><G132/><T43/><D43/><U62/><E74/><V26/><F26/><W4/><G63/><T78/><D78/><U127/><E27/><V91/><F91/><W117/><G51/><T54/><D54/><N who="1" m="34103" /><E127/><V25/><F25/><W69/><G50/><N who="1" m="19562" /><E47/><V81/><F81/><W41/><G41/><T94/><AGARI ba="1,1" hai="13,16,17,18,22,55,58,61,94,96,101,113,114,115" machi="94" ten="30,6000,0" yaku="1,1,0,1,54,1,53,0" doraHai="30" doraHaiUra="34" who="0" fromWho="0" sc="269,73,250,-21,221,-21,250,-21" /><INIT seed="0,2,0,3,3,25" ten="342,229,200,229" oya="0" hai0="106,6,48,20,94,88,24,126,125,40,66,108,13" hai1="10,22,8,92,4,33,91,107,63,15,69,50,109" hai2="65,87,2,26,121,73,41,84,115,37,34,113,95" hai3="81,135,11,128,123,39,28,80,116,62,23,74,112"/><T18/><D106/><U64/><E109/><V29/><F121/><W44/><G11/><N who="0" m="4343" /><D66/><U132/><E132/><V129/><F129/><W102/><G62/><T105/><D105/><U54/><E107/><V60/><F73/><W104/><G81/><T99/><D108/><U77/><E33/><V124/><F124/><N who="0" m="47722" /><D48/><U98/><E77/><V16/><F2/><W49/><G104/><T96/><D40/><U70/><E10/><V17/><F41/><W83/><G49/><T38/><D38/><U85/><E22/><V3/><F3/><W12/><G74/><T97/><AGARI ba="2,0" hai="18,20,24,88,94,96,97,99" m="47722,4343" machi="97" ten="30,3000,0" yaku="18,1,54,1" doraHai="25" who="0" fromWho="0" sc="342,36,229,-12,200,-12,229,-12" /><INIT seed="0,3,0,3,4,120" ten="378,217,188,217" oya="0" hai0="13,123,70,5,21,87,47,11,50,97,52,106,66" hai1="12,48,9,1,67,107,118,33,69,22,133,17,58" hai2="113,43,19,54,130,38,24,96,100,28,49,20,10" hai3="26,6,61,32,112,8,79,132,81,34,3,18,68"/><T94/><D123/><U55/><E118/><V129/><F113/><W84/><G132/><T56/><D70/><U135/><E107/><V57/><F43/><W126/><G126/><T124/><D124/><U98/><E98/><V92/><F38/><W75/><G112/><T2/><D106/><U76/><E76/><V119/><F119/><W90/><G18/><T83/><D21/><U125/><E125/><V110/><F110/><W101/><G101/><T115/><D115/><U39/><E39/><V109/><F109/><W85/><G85/><T82/><D2/><U27/><E33/><V127/><F127/><W71/><G71/><T121/><D121/><U41/><E41/><V31/><REACH who="2" step="1"/><F10/><REACH who="2" ten="378,217,178,217" step="2"/><W63/><G68/><T89/><D97/><U42/><E42/><V103/><F103/><W36/><G36/><T7/><D7/><U88/><E69/><V104/><F104/><W29/><REACH who="3" step="1"/><G34/><REACH who="3" ten="378,217,178,207" step="2"/><T73/><D5/><N who="1" m="3119" /><E135/><V14/><F14/><W74/><G74/><T122/><D73/><U44/><E133/><V23/><F23/><W15/><G15/><T77/><D13/><U117/><E117/><V64/><F64/><W35/><G35/><T46/><D66/><U80/><E67/><V99/><F99/><W62/><G62/><T37/><D37/><U108/><E108/><V91/><F91/><W59/><G59/><T134/><D56/><U51/><E1/><V111/><F111/><W45/><G45/><T72/><D47/><U102/><E102/><V53/><F53/><W93/><AGARI ba="3,2" hai="3,6,8,26,29,32,61,63,75,79,81,84,90,93" machi="93" ten="20,2700,0" yaku="1,1,0,1,7,1,53,0" doraHai="120" doraHaiUra="65" who="3" fromWho="3" sc="378,-16,217,-10,178,-10,207,56" /><INIT seed="1,0,0,5,3,3" ten="362,207,168,263" oya="1" hai0="56,102,43,96,23,134,83,6,81,31,95,101,127" hai1="55,84,132,38,98,100,104,65,73,91,99,135,12" hai2="133,36,47,61,1,97,5,50,112,45,29,25,46" hai3="89,8,82,71,126,24,2,129,41,70,19,51,119"/><U131/><E38/><V103/><F133/><N who="1" m="51273" /><E65/><V53/><F112/><W130/><G119/><T76/><D134/><U121/><E121/><V128/><F128/><N who="3" m="49259" /><G126/><T40/><D127/><U92/><E131/><V20/><F61/><W79/><G89/><T67/><D102/><N who="1" m="62559" /><E12/><V37/><F37/><W32/><G32/><T4/><D67/><U125/><E55/><V26/><F36/><W44/><G24/><N who="0" m="16799" /><D56/><U87/><E125/><V75/><F26/><W22/><G22/><T30/><D30/><U34/><E34/><V106/><REACH who="2" step="1"/><F75/><REACH who="2" ten="362,207,158,263" step="2"/><N who="3" m="43391" /><G19/><T113/><D113/><U39/><E39/><V11/><AGARI ba="0,1" hai="1,5,11,20,25,29,45,46,47,50,53,97,103,106" machi="11" ten="30,4000,0" yaku="1,1,0,1,52,1,53,0" doraHai="3" doraHaiUra="63" who="2" fromWho="2" sc="362,-10,207,-20,158,50,263,-10" /><INIT seed="2,0,0,1,5,11" ten="352,187,208,253" oya="2" hai0="99,128,5,119,47,130,98,53,33,25,108,4,48" hai1="51,106,45,66,37,6,83,78,80,89,28,65,63" hai2="52,13,125,12,38,72,71,67,102,134,93,107,55" hai3="123,77,64,30,101,92,9,10,81,61,95,0,56"/><V86/><F72/><W109/><G123/><T110/><D119/><U120/><E106/><V91/><F38/><W19/><G109/><N who="0" m="42091" /><D33/><U87/><E120/><V84/><F134/><W129/><G30/><T29/><D29/><U124/><E124/><V82/><F125/><W8/><G0/><T18/><D18/><U31/><E37/><V75/><F71/><W34/><G34/><T117/><D25/><U1/><E1/><V26/><F67/><W116/><G129/><N who="0" m="49771" /><D117/><U43/><E6/><AGARI ba="0,0" hai="4,5,6,47,48,53,98,99" m="49771,42091" machi="6" ten="30,2000,0" yaku="14,1,19,1" doraHai="11" who="0" fromWho="1" sc="352,20,187,-20,208,0,253,0" /><INIT seed="3,0,0,3,1,104" ten="372,167,208,253" oya="3" hai0="69,76,11,126,59,20,78,47,129,16,119,123,66" hai1="88,0,6,134,93,109,112,95,22,79,3,131,70" hai2="91,107,36,56,94,18,102,35,15,54,87,39,132" hai3="57,73,110,82,67,44,53,135,19,99,101,81,125"/><W114/><G135/><T21/><D119/><U62/><E112/><V40/><F132/><W38/><G114/><T74/><D123/><U37/><E134/><V26/><F40/><W133/><G125/><T63/><D126/><U55/><E37/><V85/><F85/><W127/><G133/><T42/><D129/><U4/><E131/><V103/><F26/><W2/><G2/><T60/><D11/><U98/><E109/><V105/><F35/><W124/><G110/><T34/><D34/><U24/><E79/><V115/><F107/><W100/><G67/><T111/><D111/><U52/><E3/><V113/><F113/><W121/><G19/><T130/><D74/><U43/><E43/><V13/><F13/><W128/><G73/><T25/><D21/><U48/><E0/><V1/><F1/><W86/><G44/><T90/><D90/><N who="1" m="55607" /><E70/><V27/><F27/><W31/><G38/><T33/><D33/><U5/><E48/><N who="2" m="30791" /><F115/><W23/><G121/><T97/><D97/><N who="1" m="57575" /><E62/><V14/><F105/><W84/><G128/><T12/><D12/><U120/><E120/><V8/><F14/><W75/><G127/><T64/><D130/><U106/><E106/><V49/><F49/><AGARI ba="0,0" hai="16,20,25,42,47,49,59,60,63,64,66,69,76,78" machi="49" ten="30,2000,0" yaku="7,1,54,1" doraHai="104" who="0" fromWho="2" sc="372,20,167,0,208,-20,253,0" owari="392,49.2,167,-33.3,188,-21.2,253,5.3" /></mjloggm>