<mjloggm ver="2.3"><GO type="225" lobby="0"/><UN n0="%E8%81%B7%E6%A5%AD%E3%80%81%E9%A2%A8%32" n1="%E3%83%B4%E3%83%A0%EF%BC%99%E3%81%A6" n2="%6D%75%75%6D%75%72%61" n3="%E6%A0%B9%E5%85%83%E3%81%8B%E3%82%89%E5%90%B9%E3%81%A3%E9%A3%9B%E3%81%B6" dan="16,17,17,17" rate="2076.91,2177.68,2129.13,2222.96" sx="M,M,F,F"/><TAIKYOKU oya="0"/><INIT seed="0,0,0,4,5,17" ten="250,250,250,250" oya="0" hai0="72,47,115,31,27,43,33,32,40,132,37,122,128" hai1="69,46,117,83,80,82,52,28,16,10,133,84,0" hai2="2,123,60,106,98,134,103,34,45,39,121,30,29" hai3="42,119,105,101,21,93,19,120,11,91,55,36,5"/><T14/><D122/><U77/><E117/><V75/><F134/><W102/><G119/><T38/><D115/><U116/><E116/><V130/><F130/><W108/><G108/><T51/><D128/><U54/><E69/><V20/><F75/><W4/><G36/><T96/><D72/><U50/><E133/><V90/><F2/><W18/><G42/><T100/><D132/><U125/><E125/><V129/><F129/><W87/><G120/><T135/><D33/><U109/><E109/><V67/><F90/><W15/><G55/><N who="1" m="21034" /><E0/><V94/><F34/><W113/><G113/><T110/><D43/><N who="1" m="24927" /><E28/><V76/><F30/><W35/><G35/><T66/><D135/><U68/><E68/><V79/><F106/><W62/><G62/><T118/><D118/><U99/><E99/><V92/><F121/><W107/><G107/><T3/><D3/><U111/><E111/><V114/><F123/><W44/><G44/><T81/><D110/><U97/><E97/><N who="2" m="59815" /><F114/><W126/><G126/><T59/><D37/><U65/><E65/><V56/><F45/><W9/><G105/><T58/><D66/><U1/><E1/><V74/><F39/><W41/><G41/><T12/><D38/><U104/><E104/><V63/><F74/><W53/><G53/><T131/><D131/><U70/><E70/><V89/><F63/><W88/><G87/><T13/><REACH who="0" step="1"/><D81/><REACH who="0" ten="240,250,250,250" step="2"/><U61/><E61/><V78/><F29/><W26/><G93/><AGARI ba="0,1" hai="12,13,14,27,31,32,40,47,51,58,59,93,96,100" machi="93" ten="40,7700,0" yaku="1,1,2,1,53,1" doraHai="17" doraHaiUra="23" who="0" fromWho="3" sc="240,87,250,0,250,0,250,-77" /><INIT seed="0,1,0,5,5,127" ten="327,250,250,173" oya="0" hai0="47,68,97,76,20,31,77,120,109,74,104,8,64" hai1="0,78,44,34,107,39,102,50,108,117,56,88,5" hai2="101,67,38,70,15,96,29,113,12,7,45,58,37" hai3="87,9,106,93,79,83,129,24,66,86,11,85,118"/><T21/><D120/><U111/><E117/><V122/><F70/><W134/><G66/><T90/><D8/><U65/><E34/><V82/><F122/><W28/><G106/><T69/><D47/><U53/><E78/><V128/><F113/><W33/><G118/><T60/><D68/><U32/><E32/><V41/><F128/><W91/><G134/><T131/><D74/><U22/><E0/><V1/><F38/><W16/><G129/><T89/><D109/><U116/><E5/><V135/><F135/><W132/><G132/><T36/><D36/><U80/><E116/><V52/><F67/><W25/><REACH who="3" step="1"/><G87/><REACH who="3" ten="327,250,250,163" step="2"/><T95/><D131/><U115/><E107/><V35/><F82/><W42/><G42/><T121/><D104/><U112/><E112/><V23/><F41/><W105/><G105/><T100/><D64/><U13/><E115/><V62/><F52/><W71/><G71/><T114/><D114/><U81/><E81/><V61/><F37/><W26/><G26/><T94/><D69/><U46/><E65/><V6/><F62/><W10/><G10/><T43/><D60/><U73/><E39/><V17/><F61/><W103/><G103/><T124/><D43/><U125/><E102/><V133/><F101/><W40/><G40/><T51/><D100/><U123/><E123/><V57/><F133/><W63/><G63/><T18/><D121/><U130/><E130/><V92/><F96/><W55/><G55/><T19/><D97/><U119/><E119/><V4/><F92/><W126/><G126/><T84/><D124/><U48/><E125/><RYUUKYOKU ba="1,1" sc="327,-10,250,-10,250,-10,163,30" hai3="9,11,16,24,25,28,33,79,83,85,86,91,93" /><INIT seed="1,2,1,2,0,96" ten="317,240,240,193" oya="1" hai0="30,106,34,78,25,16,95,13,120,27,22,79,86" hai1="21,108,62,40,121,112,66,128,83,53,135,41,42" hai2="31,76,75,90,125,32,88,63,70,122,72,5,92" hai3="74,67,0,103,115,73,45,130,129,60,61,55,17"/><U107/><E112/><V124/><F122/><W58/><G0/><T87/><D106/><U116/><E121/><V77/><F5/><W104/><G115/><T7/><D120/><U113/><E113/><V28/><F63/><W1/><G1/><T46/><D46/><U119/><E107/><V69/><REACH who="2" step="1"/><F92/><REACH who="2" ten="317,240,230,193" step="2"/><W126/><G61/><T43/><D95/><U6/><E62/><V56/><F56/><W111/><G58/><T38/><D7/><U64/><E6/><V132/><F132/><W26/><G60/><T82/><D38/><U10/><E135/><V127/><F127/><W8/><G126/><T123/><D123/><U65/><E116/><V109/><F109/><W36/><G104/><T100/><D34/><AGARI ba="2,2" hai="28,31,32,34,69,70,72,75,76,77,88,90,124,125" machi="34" ten="25,6400,0" yaku="1,1,22,2,54,1,53,0" doraHai="96" doraHaiUra="80" who="2" fromWho="0" sc="317,-70,240,0,230,90,193,0" /><INIT seed="2,0,0,0,0,27" ten="247,240,320,193" oya="2" hai0="58,16,30,88,77,81,35,21,131,72,10,100,44" hai1="74,14,124,68,123,97,127,52,29,119,80,84,95" hai2="63,24,11,107,8,116,64,43,134,32,60,39,38" hai3="31,47,112,89,51,118,111,1,106,42,102,54,104"/><V2/><F116/><W114/><G118/><T15/><D131/><U41/><E119/><V128/><F128/><W113/><G1/><T96/><D44/><U7/><E68/><V25/><F134/><W59/><G111/><T86/><D35/><U26/><E41/><V3/><F43/><W91/><G102/><T40/><D40/><U37/><E74/><V61/><F61/><W126/><G126/><N who="1" m="48170" /><E37/><V117/><F117/><W13/><G13/><T130/><D130/><U85/><E123/><V4/><F4/><W105/><REACH who="3" step="1"/><G31/><REACH who="3" ten="247,240,320,183" step="2"/><T110/><D30/><U122/><E122/><V92/><F2/><W49/><AGARI ba="0,1" hai="42,47,49,51,54,59,89,91,104,105,106,112,113,114" machi="49" ten="40,8000,1" yaku="1,1,2,1,0,1,11,1,53,0" doraHai="27" doraHaiUra="83" who="3" fromWho="3" sc="247,-20,240,-20,320,-40,183,90" /><INIT seed="3,0,0,2,5,122" ten="227,220,280,273" oya="3" hai0="19,77,79,135,62,81,104,111,134,102,116,16,110" hai1="0,39,57,82,61,80,34,72,27,23,5,47,32" hai2="36,20,63,128,45,9,41,112,6,76,2,100,37" hai3="113,29,67,43,109,11,17,131,133,55,121,14,7"/><W58/><G113/><T98/><D116/><U50/><E39/><V107/><F112/><W87/><G121/><T15/><D62/><U46/><E0/><V52/><F76/><N who="0" m="29258" /><D81/><U93/><E72/><V85/><F85/><W21/><G131/><T64/><D64/><N who="1" m="38959" /><E32/><V13/><F128/><W26/><G43/><T65/><D65/><U108/><E34/><V44/><F2/><W53/><G133/><N who="0" m="50699" /><D19/><N who="1" m="12799" /><E5/><V3/><F36/><W42/><G42/><T78/><D78/><U89/><E108/><V10/><F37/><W68/><G109/><T54/><D54/><N who="1" m="30039" /><E47/><V90/><F44/><W73/><G73/><T56/><D56/><U117/><E117/><V1/><F41/><W83/><G68/><T74/><D74/><U86/><AGARI ba="0,0" hai="80,82,86,89,93" m="30039,12799,38959" machi="86" ten="30,1100,0" yaku="8,1" doraHai="122" who="1" fromWho="1" sc="227,-3,220,11,280,-3,273,-5" /><INIT seed="4,0,0,2,2,7" ten="224,231,277,268" oya="0" hai0="48,11,90,131,23,22,57,29,93,31,50,10,9" hai1="51,21,113,64,77,60,70,89,86,27,101,40,104" hai2="103,126,59,84,46,123,119,17,34,4,44,35,66" hai3="49,91,26,0,30,105,6,129,83,110,18,24,100"/><T47/><D131/><U68/><E68/><V133/><F123/><W69/><G110/><T121/><D121/><U62/><E62/><V76/><F126/><W108/><G69/><T39/><D39/><U8/><E77/><V118/><F133/><W97/><G18/><T67/><D67/><U125/><E125/><V134/><F134/><W42/><G108/><T61/><D61/><U55/><E40/><V114/><F103/><W132/><G26/><T36/><D36/><U19/><E113/><V72/><F72/><W117/><G117/><T130/><D130/><U128/><E128/><V41/><F114/><W54/><G42/><N who="0" m="24695" /><D50/><U95/><E104/><V2/><F17/><W80/><G91/><T87/><D57/><U25/><E25/><V73/><F73/><W16/><G30/><AGARI ba="0,0" hai="9,10,11,22,23,29,30,31,87,90,93" m="24695" machi="30" ten="30,11600,0" yaku="8,1,52,3" doraHai="7" who="0" fromWho="3" sc="224,116,231,0,277,0,268,-116" owari="340,44.0,231,-16.9,277,7.7,152,-34.8" /></mjloggm>