<mjloggm ver="2.3"><GO type="225" lobby="0"/><UN n0="%E6%A1%9C%E8%8A%B1%E9%96%83%E3%80%85" n1="%6D%75%75%6D%75%72%61" n2="%72%69%6F%75%63%68%61%6E" n3="%E3%81%BE%E3%81%A8%E3%81%9F" dan="16,16,16,16" rate="2083.66,2144.18,2182.67,2102.94" sx="M,F,M,M"/><TAIKYOKU oya="0"/><INIT seed="0,0,0,5,4,113" ten="250,250,250,250" oya="0" hai0="36,86,108,31,0,72,125,114,82,22,66,120,97" hai1="105,20,122,46,115,88,110,60,74,28,71,64,27" hai2="78,63,65,48,4,12,126,47,32,87,7,121,41" hai3="83,38,119,9,95,77,132,98,10,75,99,11,129"/><T18/><D120/><U128/><E122/><V37/><F126/><W51/><G38/><T44/><D114/><U94/><E115/><V33/><F121/><W101/><G129/><T43/><D125/><U8/><E128/><V15/><F37/><W34/><G132/><T52/><D72/><U93/><E105/><V100/><F100/><W124/><G124/><T133/><D133/><U116/><E110/><V91/><F78/><W50/><G34/><T68/><D0/><U58/><E74/><V54/><F41/><W29/><G29/><T21/><D97/><U56/><E116/><V5/><F32/><W102/><REACH who="3" step="1"/><G119/><REACH who="3" ten="250,250,250,240" step="2"/><T35/><D31/><U67/><E71/><V109/><F33/><W84/><G84/><T127/><D35/><U111/><E111/><V45/><F109/><W59/><G59/><T112/><D127/><U17/><E56/><N who="2" m="37095" /><F45/><W131/><G131/><T42/><D108/><U85/><E46/><V89/><F89/><W55/><G55/><T13/><D52/><U80/><E67/><V130/><F130/><W70/><G70/><T134/><D134/><U49/><E49/><V103/><F103/><W90/><G90/><N who="0" m="51543" /><D112/><U76/><E76/><V23/><F91/><W19/><G19/><T30/><D43/><U62/><E62/><V92/><F87/><W14/><G14/><AGARI ba="0,1" hai="8,14,17,20,27,28,58,60,64,80,85,88,93,94" machi="14" ten="40,2600,0" yaku="8,1,54,1" doraHai="113" who="1" fromWho="3" sc="250,0,250,36,250,0,240,-26" /><INIT seed="1,0,0,0,3,0" ten="250,286,250,214" oya="1" hai0="135,118,66,3,102,31,22,55,5,117,51,91,63" hai1="103,116,86,28,126,38,1,6,25,39,113,74,69" hai2="75,35,80,61,23,72,83,34,57,56,48,133,128" hai3="134,76,32,40,106,49,92,9,90,71,65,131,105"/><U68/><E74/><V110/><F110/><W127/><G131/><T50/><D135/><U85/><E113/><V129/><F23/><W13/><G32/><N who="2" m="12329" /><F48/><W70/><G127/><T37/><D37/><U89/><E116/><V2/><F2/><W73/><G134/><T54/><D102/><U21/><E126/><V62/><F133/><W47/><G76/><T77/><D77/><U99/><E39/><V84/><F84/><W10/><G73/><N who="2" m="28233" /><F56/><W43/><G43/><T82/><D51/><U52/><E38/><V93/><F93/><W7/><G71/><T123/><D50/><U30/><E30/><V121/><F57/><W96/><REACH who="3" step="1"/><G10/><REACH who="3" ten="250,286,250,204" step="2"/><T33/><D118/><U98/><E69/><V122/><F80/><W15/><G15/><T45/><D82/><U79/><E68/><V95/><F83/><W130/><G130/><N who="2" m="50281" /><F95/><W87/><G87/><T125/><D33/><U18/><E86/><V81/><F81/><W16/><G16/><T36/><D117/><U111/><E79/><V101/><F101/><W19/><G19/><T26/><D125/><U60/><E18/><V8/><F8/><W115/><G115/><T114/><D114/><U24/><E103/><V53/><F53/><W124/><G124/><T67/><D55/><U94/><E52/><V20/><F20/><W107/><G107/><T29/><D22/><U59/><E21/><V27/><F27/><W14/><G14/><T88/><D26/><U120/><E24/><V4/><F4/><W11/><G11/><T108/><D54/><N who="1" m="33911" /><E6/><V64/><F64/><N who="0" m="24618" /><D5/><U58/><E25/><V78/><F78/><RYUUKYOKU ba="0,1" sc="250,-15,286,-15,250,15,204,15" hai2="61,62,121,122" hai3="7,9,13,40,47,49,65,70,90,92,96,105,106" /><INIT seed="2,1,1,0,5,33" ten="235,271,265,219" oya="2" hai0="53,85,90,9,78,130,44,124,116,117,27,71,10" hai1="68,55,18,131,75,123,29,19,17,88,83,91,2" hai2="1,38,105,106,31,101,115,76,56,48,95,49,134" hai3="36,109,111,39,129,82,12,61,14,79,64,72,98"/><V69/><F115/><W67/><G129/><T127/><D71/><U59/><E131/><V16/><F69/><N who="3" m="42127" /><G98/><T103/><D103/><U77/><E68/><V74/><F38/><N who="3" m="14379" /><G67/><T121/><D78/><U135/><E135/><V108/><F108/><AGARI ba="1,1" hai="12,14,72,79,82,108,109,111" m="14379,42127" machi="108" ten="30,1000,0" yaku="14,1" doraHai="33" who="3" fromWho="2" sc="235,0,271,0,265,-13,219,23" /><INIT seed="3,0,0,1,4,116" ten="235,271,252,242" oya="3" hai0="36,105,14,40,79,127,45,6,98,3,44,126,73" hai1="120,23,55,75,125,84,59,83,64,89,50,33,119" hai2="104,109,74,54,80,25,100,56,10,71,96,35,122" hai3="42,112,37,47,15,48,39,22,87,51,133,123,57"/><W67/><G112/><T135/><D14/><U13/><E33/><V107/><F109/><W134/><G87/><T32/><D45/><U113/><E119/><V81/><F71/><W118/><G118/><T61/><D61/><U34/><E34/><V12/><F107/><W88/><G22/><T77/><D32/><U17/><E113/><V68/><F68/><W97/><G15/><T92/><D135/><N who="3" m="51721" /><G123/><T121/><D121/><U53/><E120/><V131/><F131/><W91/><G97/><T117/><D117/><U129/><E129/><V21/><F35/><W43/><G88/><N who="0" m="55559" /><D105/><U19/><E125/><N who="0" m="47625" /><D73/><U85/><E75/><V29/><F74/><W9/><G91/><T30/><D30/><U95/><E19/><V103/><F122/><W70/><G9/><AGARI ba="0,0" hai="3,6,9,36,40,44,77,79" m="47625,55559" machi="9" ten="30,2000,0" yaku="18,1,54,1" doraHai="116" who="0" fromWho="3" sc="235,20,271,0,252,0,242,-20" /><INIT seed="4,0,0,4,1,56" ten="255,271,252,222" oya="0" hai0="135,86,0,79,57,81,24,91,69,2,15,47,74" hai1="58,54,130,49,128,7,114,76,92,134,31,95,89" hai2="23,60,37,61,45,127,42,126,34,124,110,22,82" hai3="10,78,11,122,62,12,16,120,1,19,132,55,97"/><T17/><D69/><U27/><E134/><V46/><F110/><W133/><G78/><T67/><D135/><N who="3" m="51785" /><G97/><T73/><D24/><U96/><E76/><V105/><F34/><W68/><G1/><T52/><D67/><U112/><E95/><V103/><F82/><W18/><G10/><T26/><D26/><U80/><E7/><V50/><F103/><W88/><G88/><T100/><D47/><U101/><E80/><V5/><F105/><W40/><G40/><T14/><D14/><U108/><E101/><V63/><F5/><N who="3" m="3183" /><G55/><AGARI ba="0,0" hai="22,23,37,42,45,46,50,55,60,61,63,124,126,127" machi="55" ten="50,8000,1" yaku="18,1,52,3" doraHai="56" who="2" fromWho="3" sc="255,0,271,0,252,80,222,-80" owari="255,-14.5,271,7.1,332,43.2,142,-35.8" /></mjloggm>