<mjloggm ver="2.3"><GO type="225" lobby="0"/><UN n0="%E6%A1%9C%E8%8A%B1%E9%96%83%E3%80%85" n1="%E6%87%B6%E5%B0%8F%E7%90%B3%E2%98%86" n2="%E8%81%B7%E6%A5%AD%E3%80%81%E9%A2%A8%32" n3="%E3%81%AF%E3%82%88%E3%81%8A%E3%81%98%E3%81%95%E3%82%93" dan="18,17,16,16" rate="2211.27,2145.03,2144.35,2168.05" sx="M,M,M,M"/><TAIKYOKU oya="0"/><INIT seed="0,0,0,1,2,28" ten="250,250,250,250" oya="0" hai0="95,94,126,69,75,99,29,60,71,9,123,0,133" hai1="127,55,110,134,31,6,39,83,11,114,121,81,119" hai2="51,8,90,88,25,73,41,80,100,96,21,65,79" hai3="132,22,92,109,23,76,70,67,108,33,30,48,124"/><T46/><D123/><U2/><E121/><V66/><F8/><W85/><G124/><T37/><D126/><U130/><E119/><V7/><F7/><W12/><G132/><T61/><D75/><U62/><E127/><V98/><F41/><W87/><G48/><T24/><D133/><U86/><E134/><V64/><F51/><W18/><G23/><T27/><D9/><U54/><E39/><V14/><F14/><W72/><G72/><T49/><D0/><U78/><E110/><N who="3" m="42602" /><G76/><T45/><D49/><U104/><E104/><V19/><REACH who="2" step="1"/><F96/><REACH who="2" ten="250,250,240,250" step="2"/><W38/><G12/><T102/><D99/><U63/><E11/><V52/><F52/><W4/><G4/><T47/><D47/><U82/><E6/><V91/><F91/><W77/><G77/><T15/><D15/><U129/><E78/><V43/><F43/><W103/><G103/><T111/><D111/><U68/><E2/><V57/><F57/><W118/><G70/><T35/><D102/><U115/><E68/><V58/><F58/><W107/><G67/><T53/><D53/><U112/><E55/><V131/><F131/><N who="1" m="50185" /><E54/><V93/><AGARI ba="0,1" hai="19,21,25,64,65,66,73,79,80,88,90,93,98,100" machi="93" ten="30,4000,0" yaku="1,1,0,1,54,1,53,0" doraHai="28" doraHaiUra="120" who="2" fromWho="2" sc="250,-20,250,-10,240,50,250,-10" /><INIT seed="1,0,0,0,5,100" ten="230,240,290,240" oya="1" hai0="135,1,25,94,92,115,59,121,69,99,80,113,62" hai1="96,38,12,91,34,131,37,10,47,132,11,112,30" hai2="55,84,81,54,93,0,31,106,33,126,16,15,89" hai3="43,32,119,60,105,79,130,128,122,51,63,26,71"/><U29/><E112/><V114/><F0/><W19/><G122/><T77/><D69/><U82/><E131/><N who="3" m="50218" /><G79/><T109/><D121/><U111/><E132/><V124/><F114/><W20/><G119/><T88/><D135/><U46/><E34/><V68/><F68/><W35/><G105/><T28/><D1/><U103/><E111/><V57/><F106/><W17/><G17/><T53/><D94/><U127/><E127/><N who="2" m="48683" /><F31/><W108/><G108/><T61/><D61/><N who="3" m="23625" /><G71/><T18/><D18/><U4/><E29/><V48/><F33/><W45/><AGARI ba="0,0" hai="19,20,26,32,35,43,45,51" m="23625,50218" machi="45" ten="30,1100,0" yaku="19,1" doraHai="100" who="3" fromWho="3" sc="230,-3,240,-5,290,-3,240,11" /><INIT seed="2,0,0,1,0,47" ten="227,235,287,251" oya="2" hai0="133,11,67,32,36,51,78,16,114,41,132,63,129" hai1="7,117,10,125,44,26,122,86,58,92,120,77,66" hai2="2,112,89,33,126,118,82,84,68,52,46,40,81" hai3="9,72,17,43,75,64,15,135,5,34,4,22,20"/><V94/><F118/><W110/><G64/><T54/><D114/><U121/><E117/><V76/><F68/><W87/><G43/><T98/><D32/><U80/><E125/><V127/><F33/><W39/><G39/><T62/><D78/><U14/><E26/><V60/><F2/><W50/><G34/><T55/><D98/><U45/><E66/><V100/><F112/><W99/><G110/><T53/><D129/><U30/><E30/><V128/><F128/><W57/><G135/><N who="0" m="51787" /><D36/><U131/><E131/><V8/><F8/><W49/><G72/><T104/><D104/><U85/><E58/><N who="2" m="34887" /><F100/><W1/><G75/><T21/><D11/><U79/><REACH who="1" step="1"/><E92/><REACH who="1" ten="227,225,287,251" step="2"/><V23/><F94/><W90/><G57/><N who="0" m="37359" /><D62/><U73/><E73/><V24/><F127/><W19/><G1/><T25/><D41/><U69/><E69/><V37/><F126/><W119/><G119/><T88/><D88/><U56/><E56/><AGARI ba="0,1" hai="16,21,25,51,53,54,55,56" m="37359,51787" machi="56" ten="30,3900,0" yaku="20,1,52,1,54,1" doraHai="47" who="0" fromWho="1" sc="227,49,225,-39,287,0,251,0" /><INIT seed="3,0,0,0,0,16" ten="276,186,287,251" oya="3" hai0="56,135,54,66,121,63,46,20,81,48,53,42,70" hai1="134,45,116,17,68,69,41,65,103,13,4,85,120" hai2="44,27,36,1,62,74,82,31,28,92,35,12,76" hai3="117,7,3,71,2,61,0,106,104,26,39,43,67"/><W80/><G7/><T59/><D121/><U129/><E120/><V123/><F123/><W78/><G117/><T52/><D135/><U30/><E134/><V22/><F1/><W107/><G26/><T126/><D126/><U84/><E116/><V132/><F132/><W55/><G55/><N who="0" m="21067" /><D20/><U9/><E129/><V72/><F31/><W79/><G79/><T93/><D93/><U96/><E30/><V108/><F108/><W88/><G88/><T90/><D90/><U89/><E4/><V37/><F74/><N who="3" m="43095" /><G43/><T11/><D11/><U34/><E34/><V83/><F44/><W100/><G39/><N who="0" m="21855" /><D81/><U57/><E57/><AGARI ba="0,0" hai="48,54,56,57,59,63,66,70" m="21855,21067" machi="57" ten="30,12000,2" yaku="24,1,35,5,54,1" doraHai="16" who="0" fromWho="1" sc="276,120,186,-120,287,0,251,0" owari="396,49.6,66,-43.4,287,8.7,251,-14.9" /></mjloggm>