<mjloggm ver="2.3"><GO type="225" lobby="0"/><UN n0="%E3%81%B5%E3%81%98%E3%81%8B%E3%81%A4" n1="%E3%81%86%E3%81%A9%E3%82%93%E3%81%93" n2="%E5%8F%AF%E5%85%90%E9%82%A3%E7%94%B1%E5%A4%9A" n3="%E6%A1%9C%E8%8A%B1%E9%96%83%E3%80%85" dan="16,16,16,16" rate="2186.38,2109.61,2085.58,2151.68" sx="M,M,F,M"/><TAIKYOKU oya="0"/><INIT seed="0,0,0,0,4,7" ten="250,250,250,250" oya="0" hai0="69,59,103,112,84,29,34,86,109,5,10,48,12" hai1="132,47,64,125,79,95,28,96,129,3,0,107,118" hai2="104,75,39,74,1,133,40,58,23,44,14,61,21" hai3="19,120,73,26,65,116,17,124,53,31,135,45,11"/><T68/><D112/><U108/><E118/><V50/><F1/><W46/><G116/><T131/><D131/><U88/><E129/><V97/><F133/><W82/><G135/><T13/><D103/><U71/><E132/><V106/><F39/><W38/><G124/><T36/><D36/><U43/><E125/><V30/><F23/><W87/><G73/><T57/><D34/><U18/><E107/><V117/><F117/><W85/><G65/><T101/><D101/><U122/><E122/><V77/><F77/><W111/><G111/><T134/><D134/><U52/><E28/><V42/><F42/><W16/><G87/><T89/><D29/><U72/><E108/><V105/><F97/><W114/><G114/><T110/><D48/><U63/><E43/><V8/><F21/><N who="3" m="15823" /><G38/><T83/><D13/><U56/><E47/><N who="3" m="17930" /><G53/><T113/><D113/><U92/><E18/><V67/><REACH who="2" step="1"/><F30/><REACH who="2" ten="250,250,240,250" step="2"/><W70/><G120/><T32/><D110/><U78/><E0/><V128/><F128/><W41/><G41/><T24/><D109/><U123/><E3/><V15/><F15/><N who="3" m="7295" /><G70/><T126/><D69/><U6/><E123/><V130/><F130/><W55/><G55/><T2/><D68/><U33/><E52/><V62/><F62/><W4/><G4/><AGARI ba="0,1" hai="4,8,14,40,44,50,58,61,67,74,75,104,105,106" machi="4" ten="40,2600,0" yaku="1,1,52,1,53,0" doraHai="7" doraHaiUra="127" who="2" fromWho="3" sc="250,0,250,0,240,36,250,-26" /><INIT seed="1,0,0,2,3,18" ten="250,250,276,224" oya="1" hai0="106,9,104,113,118,115,86,83,23,3,10,73,45" hai1="97,79,58,44,0,35,110,133,70,39,20,111,75" hai2="109,19,33,1,95,42,67,85,101,17,25,103,94" hai3="14,66,107,81,90,15,37,71,63,56,13,60,34"/><U52/><E35/><V65/><F1/><W16/><G107/><T77/><D118/><U57/><E70/><V38/><F109/><N who="1" m="41481" /><E0/><V84/><F33/><W98/><G37/><T82/><D45/><U92/><E133/><V61/><F38/><W41/><G41/><T68/><D68/><U128/><E128/><V64/><F42/><W46/><G46/><T89/><D10/><U93/><E39/><V30/><F61/><W2/><G34/><T69/><D69/><U114/><E114/><V127/><F127/><W129/><G2/><T26/><D106/><U91/><E20/><N who="2" m="15655" /><F94/><W125/><G125/><T135/><D104/><U62/><E44/><V24/><F17/><W48/><G129/><T22/><D135/><U120/><E120/><V126/><F126/><W117/><G117/><T53/><D53/><N who="1" m="34095" /><E93/><V134/><F134/><W11/><G48/><T6/><D23/><U102/><E75/><V88/><F85/><W7/><G7/><T112/><D113/><U59/><E79/><V87/><F84/><W132/><G132/><T29/><AGARI ba="0,0" hai="3,6,9,22,26,29,73,77,82,83,86,89,112,115" machi="29" ten="20,2700,0" yaku="0,1,7,1,52,1" doraHai="18" who="0" fromWho="0" sc="250,27,250,-13,276,-7,224,-7" /><INIT seed="2,0,0,2,0,77" ten="277,237,269,217" oya="2" hai0="0,116,119,81,32,90,63,74,129,106,23,41,19" hai1="6,121,33,100,20,12,56,21,45,40,92,24,69" hai2="7,4,123,13,62,28,96,80,15,51,101,35,102" hai3="131,114,133,66,72,127,76,16,46,134,57,71,29"/><V78/><F123/><W36/><G71/><T3/><D32/><U130/><E69/><V85/><F35/><W27/><G127/><T135/><D106/><U115/><E115/><V91/><F28/><W39/><G114/><T87/><D41/><U47/><E33/><V61/><F78/><W2/><G2/><T79/><D135/><N who="3" m="51721" /><G131/><T58/><D129/><U120/><E130/><V54/><F13/><W14/><G46/><T110/><D110/><U73/><E73/><V55/><F55/><W30/><G57/><T70/><D70/><U94/><E56/><V98/><F98/><W52/><G66/><N who="0" m="39287" /><D23/><U86/><E47/><N who="2" m="28031" /><F96/><W34/><G30/><T65/><D19/><U60/><E60/><N who="2" m="23147" /><F7/><W31/><G31/><T107/><D65/><U124/><E6/><V105/><F105/><W97/><G97/><T117/><D107/><U103/><E124/><V108/><F108/><W42/><G52/><T59/><D59/><U53/><E53/><V10/><AGARI ba="0,0" hai="4,10,15,80,85,91,101,102" m="23147,28031" machi="10" ten="30,3000,0" yaku="8,1,52,1" doraHai="77" who="2" fromWho="2" sc="277,-10,237,-10,269,30,217,-10" /><INIT seed="2,1,0,5,0,83" ten="267,227,299,207" oya="2" hai0="73,91,103,3,49,79,135,121,25,126,36,22,67" hai1="93,130,131,51,21,98,70,118,66,119,26,39,29" hai2="133,97,95,47,106,120,127,68,28,48,90,2,71" hai3="72,107,20,50,41,116,6,4,27,59,105,86,99"/><V85/><F120/><W56/><G72/><T104/><D121/><U13/><E39/><V109/><F2/><W114/><G116/><T42/><D3/><U89/><E66/><V88/><F133/><W53/><G114/><T111/><D135/><U82/><E70/><V11/><F127/><W23/><G41/><T74/><D126/><U129/><E51/><V52/><F109/><W7/><G59/><T30/><D36/><U55/><E55/><V24/><F11/><W19/><G99/><T75/><D67/><U101/><E13/><V94/><F106/><W35/><G35/><AGARI ba="1,0" hai="24,28,35,47,48,52,68,71,85,88,90,94,95,97" machi="35" ten="30,11600,0" yaku="7,1,52,1,54,2" doraHai="83" who="2" fromWho="3" sc="267,0,227,0,299,119,207,-119" /><INIT seed="2,2,0,2,4,104" ten="267,227,418,88" oya="2" hai0="12,116,25,20,88,58,32,36,55,110,86,63,117" hai1="125,103,98,14,122,5,118,15,100,24,127,42,96" hai2="95,99,115,37,129,66,75,97,132,60,13,34,50" hai3="135,35,69,27,80,79,71,102,28,109,57,134,10"/><V94/><F115/><W44/><G109/><T3/><D110/><U93/><E42/><V33/><F37/><W114/><G114/><T72/><D3/><U26/><E122/><V67/><F50/><W81/><G102/><T45/><D72/><U56/><E56/><V46/><F46/><W105/><G105/><T111/><D111/><U8/><E118/><N who="0" m="45673" /><D12/><U17/><E15/><V18/><F129/><W108/><G108/><T131/><D32/><U51/><E51/><V106/><F106/><W128/><G128/><T113/><D113/><U30/><E5/><V52/><F75/><N who="3" m="43135" /><G57/><T90/><D86/><U16/><E17/><V61/><F13/><W70/><G10/><T126/><D126/><N who="1" m="48139" /><E30/><V133/><F18/><W91/><G91/><N who="0" m="34859" /><D131/><U47/><E47/><V19/><F19/><W2/><G44/><T120/><D120/><U23/><E8/><V6/><F6/><W87/><G87/><T68/><D20/><U76/><E76/><V130/><F130/><W124/><G124/><T73/><D73/><U65/><E65/><V82/><F66/><W62/><G81/><T101/><D45/><U119/><E119/><V107/><F82/><W21/><G21/><T31/><D36/><U49/><E49/><V29/><F33/><W123/><G123/><T83/><D83/><U77/><E77/><V74/><F34/><W54/><G2/><T11/><D11/><U85/><E85/><V59/><F74/><W7/><G7/><T92/><D58/><U9/><E9/><V39/><F59/><N who="3" m="35191" /><G35/><T41/><D41/><U38/><E38/><V53/><F39/><RYUUKYOKU ba="2,0" sc="267,-15,227,15,418,-15,88,15" hai1="14,16,23,24,26,93,96,98,100,103" hai3="27,28,69,70,71,134,135" /><INIT seed="3,3,0,2,2,80" ten="252,242,403,103" oya="3" hai0="71,31,86,103,64,53,105,99,115,130,45,94,54" hai1="83,35,38,104,60,133,92,37,85,98,39,58,43" hai2="42,122,78,117,128,124,107,59,69,87,129,90,63" hai3="74,33,11,57,110,52,118,88,0,131,20,22,18"/><W47/><G118/><T101/><D130/><N who="2" m="50282" /><F117/><W76/><G131/><T50/><D31/><U70/><E35/><V132/><F132/><W135/><G33/><T26/><D26/><U36/><E70/><V34/><F124/><W97/><G135/><T19/><D19/><U7/><E104/><V111/><F111/><W123/><G123/><T84/><D115/><U120/><E120/><V12/><F34/><W66/><G110/><T16/><D71/><U127/><E127/><V114/><F114/><W91/><G74/><T56/><D64/><U68/><E68/><V9/><F107/><W113/><G113/><T109/><D109/><U51/><E7/><V100/><F100/><W95/><G76/><T116/><D116/><U8/><E8/><V102/><F102/><W55/><G91/><T14/><D103/><U3/><E3/><V23/><F42/><W126/><G126/><T67/><D67/><U112/><E112/><V108/><F69/><W72/><G72/><T62/><D105/><U4/><E4/><V21/><F78/><W29/><G29/><T41/><D41/><U30/><E30/><V32/><F32/><W134/><G134/><T17/><D17/><U40/><E51/><V28/><F28/><W46/><G66/><T49/><D50/><U79/><E133/><V65/><F122/><W1/><G20/><AGARI ba="3,0" hai="14,16,20,45,49,53,54,56,62,84,86,94,99,101" machi="20" ten="30,8000,1" yaku="7,1,8,1,52,2,54,1" doraHai="80" who="0" fromWho="3" sc="252,89,242,0,403,0,103,-89" owari="341,14.1,242,-15.8,403,50.3,14,-48.6" /></mjloggm>