<mjloggm ver="2.3"><GO type="225" lobby="0"/><UN n0="%E3%83%97%E3%83%AC%E3%83%B4%E3%82%A1%E3%83%86%E3%82%A3" n1="%E5%8D%A0%E3%81%84%E5%B8%AB%E8%A3%8F%E3%81%AA%E3%81%84%E3%81%97" n2="%E3%83%97%E3%83%92" n3="%E5%B8%86%E7%AB%8B%E5%A4%8F%E8%A1%A3" dan="16,16,16,16" rate="2085.28,2149.68,2173.96,2091.75" sx="F,M,M,M"/><TAIKYOKU oya="0"/><INIT seed="0,0,0,3,2,22" ten="250,250,250,250" oya="0" hai0="34,30,52,72,2,53,8,43,93,15,106,120,130" hai1="21,67,121,132,77,18,101,131,78,79,31,124,14" hai2="46,115,0,74,24,59,56,75,38,51,125,71,92" hai3="64,85,98,68,40,60,63,39,66,83,45,100,111"/><T97/><D120/><U88/><E121/><V126/><F115/><W57/><G111/><T42/><D72/><U119/><E119/><V113/><F113/><W104/><G85/><T94/><D2/><U91/><E131/><V16/><F71/><W102/><G102/><T90/><D106/><U133/><E101/><V20/><F38/><W129/><G83/><T6/><D130/><U10/><E124/><N who="2" m="47723" /><F0/><W87/><G87/><T5/><D5/><U61/><E31/><V50/><F92/><W7/><G129/><T41/><REACH who="0" step="1"/><D93/><REACH who="0" ten="240,250,250,250" step="2"/><U108/><E108/><V4/><F4/><W84/><G7/><T116/><D116/><U58/><REACH who="1" step="1"/><E10/><REACH who="1" ten="240,240,250,250" step="2"/><V36/><F75/><W105/><G105/><T127/><D127/><U27/><E27/><AGARI ba="0,2" hai="6,8,15,27,30,34,41,42,43,52,53,90,94,97" machi="27" ten="40,7700,0" yaku="1,1,52,1,54,1,53,0" doraHai="22" doraHaiUra="82" who="0" fromWho="1" sc="240,97,240,-77,250,0,250,0" /><INIT seed="0,1,0,2,4,92" ten="337,163,250,250" oya="0" hai0="73,82,45,41,129,135,80,3,50,100,1,18,117" hai1="39,96,10,33,74,101,112,106,130,56,110,31,107" hai2="4,9,95,69,49,52,30,115,25,122,71,104,8" hai3="38,13,44,120,116,47,65,99,22,81,127,97,131"/><T46/><D117/><U5/><E110/><V42/><F122/><W37/><G116/><T57/><D129/><U89/><E130/><V32/><F115/><W119/><G131/><T109/><D109/><U35/><E112/><V60/><F104/><W126/><G119/><T87/><D135/><U2/><E106/><V94/><F42/><W63/><G81/><T77/><D57/><U132/><E132/><V123/><F123/><W121/><G22/><T21/><D100/><U62/><E39/><N who="3" m="14858" /><G13/><T36/><D21/><U111/><E111/><V102/><F9/><W16/><G16/><T90/><REACH who="0" step="1"/><D18/><REACH who="0" ten="327,163,250,250" step="2"/><U133/><E133/><V91/><F102/><W23/><G23/><T19/><D19/><U29/><E33/><V78/><F71/><N who="3" m="42431" /><G121/><T27/><D27/><U40/><E35/><V72/><F69/><W14/><G120/><T24/><D24/><U26/><E26/><V113/><F113/><W17/><G17/><T83/><D83/><U125/><E101/><V48/><F25/><W68/><G68/><T7/><D7/><U20/><E5/><V58/><F4/><W55/><G14/><T61/><D61/><U85/><E62/><V70/><F70/><W11/><G11/><T67/><D67/><U124/><E10/><V54/><F8/><W84/><G44/><T64/><D64/><U79/><E20/><V103/><F32/><W51/><G84/><T53/><AGARI ba="1,1" hai="1,3,36,41,45,46,50,53,73,77,80,82,87,90" machi="53" ten="20,7800,0" yaku="1,1,0,1,7,1,53,1" doraHai="92" doraHaiUra="75" who="0" fromWho="0" sc="327,91,163,-27,250,-27,250,-27" /><INIT seed="0,2,0,5,1,93" ten="418,136,223,223" oya="0" hai0="134,10,126,117,90,89,1,28,70,23,38,4,135" hai1="80,13,86,22,88,94,131,59,107,68,130,74,58" hai2="37,3,63,72,77,96,122,123,112,111,15,53,21" hai3="76,36,81,47,129,65,92,121,95,103,18,124,9"/><T51/><D70/><U75/><E68/><V87/><F112/><W44/><G124/><T133/><D38/><U109/><E109/><V40/><F3/><W97/><G129/><N who="1" m="49162" /><E107/><V52/><F72/><N who="1" m="27689" /><E80/><V120/><F111/><W102/><G121/><T32/><D117/><U64/><E64/><V2/><F2/><W67/><G36/><T20/><D51/><U114/><E114/><V61/><F37/><W45/><G18/><AGARI ba="2,0" hai="13,18,22,58,59,86,88,94" m="27689,49162" machi="18" ten="30,2000,0" yaku="19,1,54,1" doraHai="93" who="1" fromWho="3" sc="418,0,136,26,223,0,223,-26" /><INIT seed="1,0,0,5,4,5" ten="418,162,223,197" oya="1" hai0="82,42,81,40,92,41,112,127,84,49,90,110,61" hai1="126,29,14,6,131,105,26,38,77,12,46,113,85" hai2="10,16,101,43,117,35,69,45,39,24,124,18,25" hai3="74,0,64,62,55,34,98,122,71,50,8,37,66"/><U36/><E113/><V7/><F117/><W31/><G74/><T125/><D112/><U32/><E105/><V30/><F124/><N who="0" m="47690" /><D110/><U3/><E126/><V2/><F69/><W130/><G66/><T107/><D107/><U72/><E131/><V63/><F101/><W128/><G122/><T11/><D61/><U88/><E77/><V87/><F63/><W58/><G37/><T33/><D33/><U1/><E72/><V56/><F56/><W57/><G71/><T15/><D49/><U28/><E28/><V13/><F24/><W134/><G98/><T23/><D23/><U27/><E27/><V97/><F97/><W51/><G51/><T53/><D53/><U129/><E129/><N who="3" m="49770" /><G134/><T109/><D109/><U54/><E38/><V115/><F115/><W99/><G99/><T20/><D20/><U100/><E100/><V47/><F47/><W121/><G121/><T114/><D114/><U68/><E68/><V73/><F73/><W116/><G116/><T80/><D92/><U65/><E65/><V52/><F52/><N who="3" m="31895" /><G64/><T4/><AGARI ba="0,0" hai="4,11,15,40,41,42,80,81,82,84,90" m="47690" machi="4" ten="30,2000,0" yaku="18,1,52,1" doraHai="5" who="0" fromWho="0" sc="418,20,162,-10,223,-5,197,-5" /><INIT seed="2,0,0,3,3,71" ten="438,152,218,192" oya="2" hai0="57,55,107,98,6,42,134,18,90,105,7,8,14" hai1="31,95,83,89,119,54,69,130,19,72,84,49,24" hai2="116,73,99,133,5,110,12,85,87,9,22,88,79" hai3="97,94,40,21,68,135,1,43,82,20,104,27,91"/><V65/><F116/><W77/><G135/><T50/><D134/><U81/><E119/><V132/><F110/><W59/><G68/><T0/><D7/><U113/><E113/><V11/><F73/><W75/><G1/><T26/><D26/><U16/><E69/><V4/><F65/><W80/><G20/><T120/><D120/><U122/><E130/><V33/><F33/><W109/><G109/><T46/><D90/><U93/><E122/><V76/><F22/><W117/><G117/><T78/><D78/><U96/><E72/><V56/><F99/><W102/><G82/><T92/><D92/><U38/><E38/><V30/><F56/><W28/><REACH who="3" step="1"/><G59/><REACH who="3" ten="438,152,218,182" step="2"/><T36/><D98/><AGARI ba="0,1" hai="21,27,28,40,43,75,77,80,91,94,97,98,102,104" machi="98" ten="30,3900,0" yaku="1,1,2,1,7,1,53,0" doraHai="71" doraHaiUra="128" who="3" fromWho="0" sc="438,-39,152,0,218,0,182,49" /><INIT seed="3,0,0,0,4,1" ten="399,152,218,231" oya="3" hai0="32,25,84,115,5,97,70,47,134,110,51,21,61" hai1="114,16,108,34,69,29,98,135,100,77,45,106,10" hai2="107,8,121,9,35,64,105,101,81,53,2,14,3" hai3="91,37,87,36,125,122,76,82,75,131,12,93,92"/><W83/><G122/><T67/><D110/><U13/><E114/><V22/><F121/><W65/><G125/><T95/><D115/><U58/><E108/><V68/><F35/><W89/><G131/><T72/><D72/><U116/><E135/><V79/><F22/><W39/><G65/><T48/><D134/><U27/><E116/><V38/><F53/><W74/><G74/><T80/><D32/><U28/><E28/><V99/><F105/><W126/><G126/><T55/><D48/><U130/><E130/><V54/><F38/><W23/><G83/><T26/><D5/><U33/><E33/><V128/><F128/><W88/><G75/><T44/><D44/><U0/><E77/><V66/><F54/><W7/><G23/><T73/><D73/><U94/><E69/><V133/><F133/><W123/><G123/><T40/><D40/><U96/><E45/><V20/><F3/><W57/><G57/><T86/><D80/><U42/><E0/><V124/><F2/><W19/><G19/><T103/><D26/><U85/><E85/><N who="2" m="48319" /><F124/><W30/><G30/><AGARI ba="0,0" hai="21,25,30,47,51,55,61,67,70,84,86,95,97,103" machi="30" ten="30,1000,0" yaku="7,1" doraHai="1" who="0" fromWho="3" sc="399,10,152,0,218,0,231,-10" owari="409,50.9,152,-34.8,218,-18.2,221,2.1" /></mjloggm>