<mjloggm ver="2.3"><GO type="225" lobby="0"/><UN n0="%74%2E%6F%2E%6F%2E%73" n1="%E5%8D%A0%E3%81%84%E5%B8%AB%E8%A3%8F%E3%81%AA%E3%81%84%E3%81%97" n2="%E7%B4%94%E6%BD%94%E3%83%94%E3%83%A9%E3%83%8B%E3%82%A2" n3="%E6%98%93%E5%88%A9%E8%96%A9%E4%BC%AF" dan="17,17,17,16" rate="2122.60,2196.94,2113.74,2092.16" sx="M,M,M,F"/><TAIKYOKU oya="0"/><INIT seed="0,0,0,2,3,35" ten="250,250,250,250" oya="0" hai0="42,48,132,20,126,129,93,117,1,122,109,71,84" hai1="77,37,123,2,26,17,108,56,110,113,15,33,105" hai2="86,121,75,83,60,94,50,107,24,133,25,47,68" hai3="16,127,14,104,11,52,102,111,116,10,72,92,49"/><T32/><RYUUKYOKU type="yao9" ba="0,0" sc="250,0,250,0,250,0,250,0" hai0="1,20,32,42,48,71,84,93,109,117,122,126,129,132" /><INIT seed="0,1,0,2,5,1" ten="250,250,250,250" oya="0" hai0="83,61,114,32,23,40,105,106,7,73,76,110,86" hai1="92,112,91,98,85,90,103,135,44,38,43,101,82" hai2="15,3,33,87,84,10,27,54,79,25,59,96,36" hai3="131,45,62,26,81,51,75,95,49,60,13,56,115"/><T21/><D32/><U57/><E135/><V48/><F3/><W2/><G115/><T118/><D114/><U5/><E112/><V100/><F36/><W88/><G2/><T111/><D118/><U71/><E71/><V24/><F79/><W67/><G131/><T19/><D40/><U12/><REACH who="1" step="1"/><E57/><REACH who="1" ten="250,240,250,250" step="2"/><V6/><REACH who="2" step="1"/><F33/><REACH who="2" ten="250,240,240,250" step="2"/><W28/><G56/><T46/><D110/><U35/><E35/><V125/><F125/><W122/><G122/><T17/><D111/><U50/><E50/><V69/><F69/><W0/><G51/><T80/><D61/><U72/><E72/><V89/><F89/><W78/><G49/><T108/><D108/><U133/><E133/><V53/><F53/><W119/><G62/><T123/><D73/><U20/><E20/><V8/><F8/><AGARI ba="1,2" hai="5,8,12,38,43,44,82,85,90,91,92,98,101,103" machi="8" ten="40,8000,1" yaku="1,1,52,1,53,2" doraHai="1" doraHaiUra="97" who="1" fromWho="2" sc="250,0,240,103,240,-83,250,0" /><INIT seed="1,0,0,4,1,104" ten="250,343,157,250" oya="1" hai0="120,4,80,91,31,47,14,35,121,82,130,111,73" hai1="84,37,94,115,65,8,132,109,10,134,93,70,85" hai2="72,125,78,76,49,50,87,26,20,59,55,56,3" hai3="61,25,2,9,27,54,11,5,64,22,18,1,79"/><U29/><E115/><V100/><F3/><N who="3" m="191" /><G54/><T17/><D111/><U88/><E37/><V15/><F125/><W116/><G61/><T45/><D4/><U36/><E36/><V75/><F15/><N who="3" m="7551" /><G64/><T30/><D130/><U57/><E70/><V89/><F100/><W12/><G79/><N who="0" m="44143" /><D91/><N who="1" m="53479" /><E29/><N who="0" m="10761" /><D35/><U41/><E41/><V62/><F76/><W117/><G117/><T122/><D82/><U23/><E23/><AGARI ba="0,0" hai="14,17,23,45,47,120,121,122" m="10761,44143" machi="23" ten="30,2000,0" yaku="13,1,52,1" doraHai="104" who="0" fromWho="1" sc="250,20,343,-20,157,0,250,0" /><INIT seed="2,0,0,0,1,64" ten="270,323,157,250" oya="2" hai0="58,123,93,113,82,134,124,129,128,34,86,107,15" hai1="11,126,77,29,108,28,31,122,54,55,92,120,115" hai2="37,74,33,99,97,132,104,8,100,3,14,57,76" hai3="4,24,118,111,26,72,117,68,32,69,131,112,67"/><V2/><F33/><W47/><G72/><T91/><D34/><U36/><E115/><V35/><F35/><W60/><G111/><T46/><D123/><N who="1" m="47147" /><E108/><V106/><F37/><W90/><G112/><T52/><D107/><U40/><E126/><V5/><F132/><W62/><G131/><T17/><D113/><U80/><E92/><V94/><F104/><W63/><G4/><T49/><D124/><U59/><E11/><V44/><F44/><W125/><G125/><T85/><D134/><U95/><E95/><V103/><REACH who="2" step="1"/><F57/><REACH who="2" ten="270,323,147,250" step="2"/><W87/><G47/><T89/><REACH who="0" step="1"/><D46/><REACH who="0" ten="260,323,147,250" step="2"/><N who="1" m="23815" /><E59/><V20/><F20/><AGARI ba="0,2" hai="15,17,20,49,52,58,82,85,86,89,91,93,128,129" machi="20" ten="40,8000,1" yaku="1,1,25,2,54,1,53,0" doraHai="64" doraHaiUra="98" who="0" fromWho="2" sc="260,100,323,0,147,-80,250,0" /><INIT seed="3,0,0,5,0,20" ten="360,323,67,250" oya="3" hai0="60,45,44,71,135,39,97,96,105,37,126,95,108" hai1="50,2,32,117,9,124,21,134,82,99,62,79,8" hai2="46,63,85,81,35,109,10,130,56,52,14,72,73" hai3="131,119,69,61,65,34,0,101,98,120,24,57,68"/><W17/><G119/><T28/><D108/><U106/><E117/><V93/><F109/><W87/><G120/><T90/><D126/><U13/><E124/><V67/><F130/><W47/><G0/><T107/><D135/><U12/><E134/><V55/><F35/><W113/><G113/><T59/><D71/><U16/><E32/><V128/><F128/><W51/><G87/><T15/><D28/><U116/><E116/><V40/><F73/><W53/><G131/><T41/><D15/><U38/><E38/><V25/><F72/><W5/><G5/><T92/><D44/><U3/><E50/><V94/><F55/><W11/><G11/><T111/><D37/><U18/><E62/><V22/><F67/><W49/><G49/><T86/><D86/><U88/><E21/><V110/><F110/><W127/><G127/><T30/><D30/><U103/><E88/><V118/><F118/><W80/><G80/><T115/><D115/><U1/><E2/><V84/><F84/><AGARI ba="0,0" hai="1,3,8,9,12,13,16,18,79,82,84,99,103,106" machi="84" ten="30,3900,0" yaku="7,1,9,1,54,1" doraHai="20" who="1" fromWho="2" sc="360,0,323,39,67,-39,250,0" owari="360,16.0,362,46.2,28,-47.2,250,-15.0" /></mjloggm>