<mjloggm ver="2.3"><GO type="225" lobby="0"/><UN n0="%E3%81%BE%E3%81%A8%E3%81%9F" n1="%6D%61%74%69%67%75%73%61" n2="%E3%81%8B%E3%82%8F%E3%81%A1%E3%82%83%E3%82%93%35%38" n3="%E3%81%99%E3%81%84%E3%81%BE%E3%81%9B%E3%83%BC%E3%82%93" dan="16,17,16,17" rate="2102.82,2216.00,2178.58,2230.20" sx="M,M,M,M"/><TAIKYOKU oya="0"/><INIT seed="0,0,0,1,2,132" ten="250,250,250,250" oya="0" hai0="115,65,48,27,21,112,130,116,55,92,108,77,30" hai1="16,72,107,2,96,29,60,74,120,121,76,90,71" hai2="126,35,23,122,123,61,69,70,86,106,1,79,40" hai3="114,32,62,8,20,66,36,134,10,78,46,49,129"/><T31/><D116/><U109/><E2/><V125/><F35/><W124/><G32/><T0/><D0/><U14/><E29/><V63/><F1/><W127/><G114/><T44/><D130/><U88/><E71/><N who="2" m="27147" /><F106/><W54/><G129/><T104/><D104/><U9/><E60/><N who="2" m="23115" /><F23/><W22/><G36/><T67/><D108/><U53/><E53/><V59/><F79/><W118/><G118/><T135/><D135/><U11/><E109/><V128/><F86/><W102/><G134/><T84/><D115/><U15/><E107/><V89/><F89/><W39/><G39/><T58/><D112/><U117/><E117/><V82/><F82/><W7/><G102/><T91/><D58/><U99/><E76/><V5/><F5/><W17/><G78/><T26/><REACH who="0" step="1"/><D77/><REACH who="0" ten="240,250,250,250" step="2"/><U131/><E131/><V4/><F128/><W38/><G66/><T33/><AGARI ba="0,1" hai="21,26,27,30,31,33,44,48,55,65,67,84,91,92" machi="33" ten="20,18000,2" yaku="1,1,2,1,0,1,7,1,53,2" doraHai="132" doraHaiUra="25" who="0" fromWho="0" sc="240,190,250,-60,250,-60,250,-60" /><INIT seed="0,1,0,0,5,21" ten="430,190,190,190" oya="0" hai0="25,30,22,80,4,35,73,23,2,6,0,48,118" hai1="63,57,132,134,126,79,77,70,17,24,38,96,113" hai2="87,46,43,100,29,83,47,53,59,10,41,44,98" hai3="20,49,15,78,51,133,16,88,114,72,116,68,85"/><T39/><D39/><U135/><E38/><V103/><F29/><W111/><G114/><T91/><D48/><U31/><E70/><V71/><F10/><W28/><G116/><T124/><D91/><U14/><E96/><V106/><F71/><W81/><G133/><T40/><D40/><N who="2" m="15434" /><F98/><W108/><G68/><T7/><D80/><U102/><E102/><N who="2" m="38955" /><F106/><W52/><G28/><T131/><D73/><U8/><E126/><V32/><F32/><W56/><REACH who="3" step="1"/><G51/><REACH who="3" ten="430,190,190,180" step="2"/><T74/><D124/><U42/><E113/><V18/><F18/><W128/><G128/><T117/><D131/><U101/><E135/><V129/><F129/><W69/><G69/><T12/><D74/><U121/><E134/><V33/><F33/><W97/><G97/><T54/><D117/><U1/><E132/><V105/><F105/><W11/><G11/><T94/><D118/><U99/><E99/><V9/><F9/><W82/><AGARI ba="1,1" hai="15,16,20,49,52,56,72,78,81,82,85,88,108,111" machi="82" ten="30,8000,1" yaku="1,1,0,1,54,3,53,0" doraHai="21" doraHaiUra="90" who="3" fromWho="3" sc="430,-41,190,-21,190,-21,180,93" /><INIT seed="1,0,0,1,1,38" ten="389,169,169,273" oya="1" hai0="88,123,37,69,52,45,10,93,56,14,117,120,68" hai1="48,89,33,98,133,50,80,109,27,102,112,8,111" hai2="30,82,61,28,101,99,3,92,67,59,86,32,134" hai3="124,6,115,7,41,74,106,114,18,130,39,132,19"/><U77/><E112/><V64/><F3/><W113/><G106/><T108/><D108/><N who="1" m="41547" /><E89/><N who="2" m="51415" /><F32/><W57/><G74/><T97/><D117/><U21/><E33/><V44/><F134/><W0/><G132/><T40/><D14/><U119/><E8/><V34/><F34/><W2/><G130/><T96/><D96/><U43/><E119/><V26/><F44/><W55/><G124/><T84/><D97/><U51/><E133/><V17/><F64/><W46/><G0/><T25/><D25/><U35/><E35/><V12/><F26/><W16/><REACH who="3" step="1"/><G2/><REACH who="3" ten="389,169,169,263" step="2"/><T91/><D10/><AGARI ba="0,1" hai="10,12,17,28,30,59,61,67,92,99,101" m="51415" machi="10" ten="30,1000,0" yaku="8,1" doraHai="38" who="2" fromWho="0" sc="389,-10,169,0,169,20,263,0" /><INIT seed="2,0,0,2,5,42" ten="379,169,189,263" oya="2" hai0="121,51,132,9,26,4,109,95,48,104,87,105,20" hai1="83,82,122,59,126,102,49,135,112,78,88,120,89" hai2="90,0,66,5,6,115,28,85,53,27,61,77,129" hai3="16,71,52,117,111,113,69,107,99,1,74,124,118"/><V96/><F115/><W34/><RYUUKYOKU type="yao9" ba="0,0" sc="379,0,169,0,189,0,263,0" hai3="1,16,34,52,69,71,74,99,107,111,113,117,118,124" /><INIT seed="2,1,0,2,3,3" ten="379,169,189,263" oya="2" hai0="71,134,131,122,65,48,56,32,43,20,31,21,94" hai1="69,14,90,135,57,62,88,120,119,9,41,117,30" hai2="52,86,60,87,84,1,110,118,6,45,8,77,7" hai3="36,107,72,16,34,67,64,105,35,22,121,73,29"/><V33/><F33/><W4/><G121/><T66/><D122/><U115/><E120/><V104/><F118/><W98/><G36/><T78/><D131/><U10/><E69/><V13/><F104/><W97/><G22/><T63/><D134/><U128/><E115/><V106/><F106/><W130/><G16/><T74/><D32/><U27/><E41/><V111/><F77/><W102/><G102/><T25/><D78/><U38/><E38/><V2/><F60/><W93/><G93/><T17/><D74/><U112/><E112/><V76/><F76/><W19/><G19/><T127/><D127/><U59/><E128/><V40/><F52/><W24/><G24/><T49/><D43/><U54/><E135/><V39/><F7/><W123/><G123/><T23/><D23/><N who="1" m="15743" /><E9/><V96/><F96/><W101/><G101/><T92/><D66/><N who="1" m="39247" /><E119/><V58/><F58/><W103/><G130/><T83/><D83/><U68/><E68/><V18/><REACH who="2" step="1"/><F1/><REACH who="2" ten="379,169,179,263" step="2"/><W47/><G107/><T89/><D71/><U46/><E117/><V37/><F37/><W53/><G98/><T80/><D49/><N who="1" m="28983" /><E59/><V0/><F0/><W55/><G55/><T15/><D48/><U100/><E100/><V12/><F12/><W133/><G103/><T91/><D91/><U5/><AGARI ba="1,1" hai="5,10,14,88,90" m="28983,39247,15743" machi="5" ten="30,4000,0" yaku="8,1,52,1,54,1" doraHai="3" who="1" fromWho="1" sc="379,-11,169,53,179,-21,263,-11" /><INIT seed="3,0,0,2,4,105" ten="368,222,158,252" oya="3" hai0="73,119,88,57,43,44,109,106,110,130,87,49,21" hai1="84,28,97,100,33,115,71,113,66,93,23,54,80" hai2="81,89,55,79,4,104,6,40,34,112,62,46,8" hai3="13,27,118,92,2,64,103,15,125,16,9,48,58"/><W108/><G118/><T69/><D119/><U133/><E33/><V17/><F112/><W42/><G125/><T91/><D69/><U85/><E133/><V1/><F104/><W51/><G2/><T96/><D130/><U77/><E71/><V129/><F129/><W102/><G27/><T60/><D21/><U39/><E66/><V61/><F34/><W107/><G107/><T56/><D56/><U47/><E85/><V30/><F30/><W32/><G32/><T5/><D5/><U82/><E80/><V120/><F120/><W126/><G126/><T68/><D68/><U7/><E7/><V127/><F127/><W128/><G128/><T78/><D106/><U12/><E54/><V25/><F89/><W31/><G103/><T24/><D24/><U135/><E135/><V83/><F83/><W124/><G124/><T95/><D73/><U123/><E123/><V37/><F6/><W36/><G102/><T101/><D78/><U10/><E10/><V132/><F55/><W72/><G9/><T99/><D91/><U98/><E98/><V63/><F132/><W18/><G31/><T76/><D76/><U26/><E12/><V114/><F114/><W90/><G13/><T131/><D131/><U75/><E84/><V38/><F38/><W20/><G15/><T67/><REACH who="0" step="1"/><D101/><REACH who="0" ten="358,222,158,252" step="2"/><U59/><E59/><V94/><F94/><W45/><G58/><T52/><D52/><U122/><E122/><V121/><F121/><W134/><G92/><T0/><D0/><U74/><E74/><V50/><F50/><N who="3" m="26935" /><G134/><T35/><D35/><U117/><E117/><RYUUKYOKU ba="0,1" sc="358,15,222,15,158,-15,252,-15" hai0="43,44,49,57,60,67,87,88,95,96,99,109,110" hai1="23,26,28,39,47,75,77,82,93,97,100,113,115" owari="383,48.3,237,3.7,143,-35.7,237,-16.3" /></mjloggm>