<mjloggm ver="2.3"><GO type="225" lobby="0"/><UN n0="%E3%81%A9%E3%82%93%E3%82%88%E3%81%8F%4D%6B%2E%32" n1="%E9%80%9F%E6%B0%B4%E5%87%9B%E9%A6%99" n2="%E9%A2%A8%E3%81%A7%E9%B3%B4%E3%81%8F" n3="%E3%81%8B%E3%82%8F%E3%81%A1%E3%82%83%E3%82%93%35%38" dan="16,16,16,16" rate="2182.47,2089.98,2151.11,2083.27" sx="M,F,M,M"/><TAIKYOKU oya="0"/><INIT seed="0,0,0,1,3,40" ten="250,250,250,250" oya="0" hai0="59,103,133,32,57,1,62,126,43,111,87,75,94" hai1="54,92,104,129,66,27,131,61,106,112,26,35,9" hai2="39,128,2,41,122,64,14,83,81,117,85,84,134" hai3="132,15,19,18,135,109,25,76,105,99,63,90,80"/><T107/><D75/><U97/><E54/><V17/><F2/><W6/><G109/><T29/><D1/><U115/><E9/><V46/><F122/><W0/><G0/><T44/><D107/><U127/><E127/><V89/><F128/><N who="1" m="49225" /><E106/><V86/><F134/><N who="3" m="51243" /><G63/><T100/><D133/><U70/><E104/><V36/><F117/><W10/><G25/><N who="1" m="9226" /><E35/><V93/><F64/><W56/><G56/><T58/><D126/><U88/><AGARI ba="0,0" hai="61,66,70,88,92,97,112,115" m="9226,49225" machi="88" ten="30,2000,0" yaku="19,1,54,1" doraHai="40" who="1" fromWho="1" sc="250,-10,250,20,250,-5,250,-5" /><INIT seed="1,0,0,2,1,30" ten="240,270,245,245" oya="1" hai0="39,134,129,130,22,44,67,75,126,11,105,89,6" hai1="88,40,3,16,68,98,124,128,70,111,33,54,123" hai2="61,96,46,91,82,41,1,38,24,23,114,69,125" hai3="127,76,93,132,2,101,119,34,74,53,62,106,71"/><U18/><E123/><V78/><F125/><W100/><G53/><T60/><D105/><U43/><E3/><V86/><F1/><W107/><G62/><T58/><D75/><U26/><E124/><V120/><F120/><W97/><G97/><T95/><D126/><U92/><E128/><V113/><F96/><W57/><G57/><T112/><D112/><N who="2" m="43114" /><F61/><W9/><G2/><T25/><D134/><U21/><E111/><V50/><F69/><W83/><G71/><T110/><D110/><U13/><E68/><V52/><F78/><W29/><G76/><T115/><D115/><U104/><E104/><V7/><F7/><W56/><G107/><T85/><D44/><U64/><E64/><V10/><F10/><W4/><G9/><T122/><D39/><U108/><E70/><V81/><F81/><W109/><G4/><T27/><D122/><U36/><E36/><V65/><F65/><W37/><G83/><T90/><D90/><U103/><E103/><V5/><F5/><W99/><G101/><T63/><D63/><U19/><E108/><V80/><F80/><W20/><G100/><T32/><D11/><U45/><E33/><V59/><F23/><W42/><G127/><T79/><D79/><U12/><E12/><V48/><F38/><W47/><G109/><T77/><D77/><U121/><E121/><V131/><F24/><W118/><G37/><T31/><REACH who="0" step="1"/><D6/><REACH who="0" ten="230,270,245,245" step="2"/><U0/><E88/><N who="2" m="51287" /><F131/><W84/><G106/><T102/><D102/><U116/><E45/><N who="2" m="25647" /><F91/><W14/><G74/><T17/><AGARI ba="0,1" hai="17,22,25,27,31,32,58,60,67,85,89,95,129,130" machi="17" ten="30,4000,0" yaku="1,1,0,1,52,1,53,0" doraHai="30" doraHaiUra="8" who="0" fromWho="0" sc="230,50,270,-20,245,-10,245,-10" /><INIT seed="2,0,0,0,0,58" ten="280,250,235,235" oya="2" hai0="53,108,131,27,12,93,124,115,134,64,55,85,7" hai1="122,79,43,54,133,70,130,10,76,95,48,96,103" hai2="28,84,121,51,75,13,45,52,87,38,3,44,17" hai3="66,11,67,14,31,110,42,89,113,82,116,68,61"/><V34/><F75/><W40/><G116/><T65/><D115/><U81/><E130/><V123/><F3/><W49/><G110/><T18/><D108/><U74/><E133/><V63/><F34/><W0/><G0/><T83/><D131/><U107/><E70/><V19/><F28/><W88/><G113/><T62/><D134/><U72/><E122/><V126/><F126/><W90/><G31/><T59/><D124/><U29/><E43/><N who="3" m="16426" /><G68/><T25/><D7/><U102/><E29/><V105/><F105/><W22/><G22/><T6/><D6/><U118/><E118/><V92/><F38/><W106/><G106/><T112/><D93/><U78/><E74/><V101/><F121/><W35/><G35/><T71/><D112/><U1/><E1/><V20/><F123/><W129/><G129/><T46/><D65/><N who="3" m="24585" /><G49/><N who="0" m="28855" /><D64/><U2/><E2/><V8/><F45/><W24/><G24/><T9/><D71/><U15/><E107/><V4/><F4/><N who="3" m="3431" /><G61/><T86/><D86/><AGARI ba="0,0" hai="82,86,88,89,90" m="3431,24585,16426" machi="86" ten="30,2000,0" yaku="8,1,54,1" doraHai="58" who="3" fromWho="0" sc="280,-20,250,0,235,0,235,20" /><INIT seed="3,0,0,3,5,27" ten="260,250,235,255" oya="3" hai0="35,62,28,33,57,95,101,133,114,93,127,46,2" hai1="134,84,122,49,113,63,23,40,4,104,116,11,105" hai2="132,69,119,0,48,78,100,50,51,125,87,111,106" hai3="92,73,47,10,26,12,37,109,18,6,83,72,108"/><W79/><G92/><T44/><D2/><U36/><E113/><V24/><F69/><W43/><G73/><T82/><D114/><U56/><E36/><V55/><F0/><W39/><G39/><T98/><D127/><U103/><E122/><V130/><F119/><W112/><G112/><T107/><D133/><U54/><E116/><V52/><F125/><W20/><REACH who="3" step="1"/><G26/><REACH who="3" ten="260,250,235,245" step="2"/><T81/><D95/><U120/><E105/><V96/><F132/><W80/><G80/><T115/><D115/><U25/><E104/><V131/><F111/><W15/><AGARI ba="0,1" hai="6,10,12,15,18,20,37,43,47,72,79,83,108,109" machi="15" ten="30,3000,0" yaku="1,1,0,1,53,0" doraHai="27" doraHaiUra="31" who="3" fromWho="3" sc="260,-10,250,-10,235,-10,245,40" /><INIT seed="3,1,0,2,1,35" ten="250,240,225,285" oya="3" hai0="37,7,102,99,57,70,96,85,48,66,108,110,86" hai1="13,20,50,23,133,104,22,92,49,83,65,26,112" hai2="61,75,21,125,101,0,128,119,63,12,79,46,56" hai3="8,87,106,118,17,55,97,72,25,68,11,88,19"/><W127/><G118/><T82/><D37/><U45/><E104/><V29/><F119/><W84/><G68/><T64/><D7/><U111/><E112/><V81/><F125/><W116/><G72/><T47/><D70/><U38/><E38/><V105/><F128/><W28/><G116/><T15/><D15/><U94/><E111/><N who="0" m="42537" /><D57/><U67/><E133/><V39/><F0/><W120/><G120/><T124/><D124/><U129/><E83/><V71/><F71/><W80/><G127/><T117/><D117/><U121/><E121/><V31/><F63/><W41/><G41/><N who="0" m="24687" /><D99/><U78/><E78/><V91/><F91/><N who="3" m="51591" /><G97/><T122/><D122/><U98/><E98/><V93/><F101/><W100/><G100/><T115/><D115/><U51/><E129/><V10/><F105/><W130/><G106/><N who="0" m="63815" /><D86/><U73/><E73/><V59/><F93/><W16/><G130/><T32/><D32/><U131/><E131/><V18/><F59/><W42/><G42/><T69/><D69/><U109/><E109/><V76/><F76/><AGARI ba="1,0" hai="64,66,76,82,85" m="63815,24687,42537" machi="76" ten="30,1000,0" yaku="14,1" doraHai="35" who="0" fromWho="2" sc="250,13,240,0,225,-13,285,0" /><INIT seed="4,0,0,4,0,73" ten="263,240,212,285" oya="0" hai0="4,23,52,125,97,74,71,65,42,35,130,56,36" hai1="51,72,117,5,102,100,98,90,6,127,2,128,49" hai2="27,101,77,115,108,8,132,83,53,80,84,19,119" hai3="104,116,17,39,13,68,24,57,37,86,79,44,20"/><T88/><D35/><U32/><E117/><V82/><F108/><W110/><G68/><T25/><D74/><U87/><E72/><V85/><F119/><W95/><G104/><T105/><D4/><U75/><E32/><V135/><F115/><W70/><G70/><T21/><D125/><U55/><E75/><V40/><F40/><W133/><G116/><T109/><D109/><U33/><E33/><V16/><F101/><W50/><G110/><T129/><D71/><U76/><E128/><N who="0" m="49257" /><D65/><U43/><E2/><V30/><F53/><N who="3" m="29895" /><G37/><T54/><D54/><U124/><E124/><V66/><F66/><W94/><G39/><T99/><D105/><U7/><E55/><V103/><F103/><W34/><G34/><T12/><D12/><U107/><E43/><V63/><F63/><W29/><G57/><T10/><D10/><U46/><E46/><V38/><F38/><W91/><G133/><N who="2" m="51273" /><F8/><N who="3" m="6311" /><G91/><T118/><D118/><U112/><E127/><V78/><F83/><AGARI ba="0,0" hai="20,24,29,79,83,86,94,95" m="6311,29895" machi="83" ten="30,2000,0" yaku="8,1,52,1" doraHai="73" who="3" fromWho="2" sc="263,0,240,0,212,-20,285,20" owari="263,6.3,240,-16.0,192,-30.8,305,40.5" /></mjloggm>