<mjloggm ver="2.3"><GO type="225" lobby="0"/><UN n0="%E3%81%9F%E3%81%8C%E3%82%84%E3%81%99" n1="%E3%81%8B%E3%82%8F%E3%81%A1%E3%82%83%E3%82%93%35%38" n2="%E4%BA%95%E5%B8%AF" n3="%E3%82%B2%E3%82%B9%E8%8C%82%E5%8B%9D" dan="17,16,16,16" rate="2213.99,2150.03,2041.50,2131.18" sx="M,M,M,F"/><TAIKYOKU oya="0"/><INIT seed="0,0,0,2,3,56" ten="250,250,250,250" oya="0" hai0="2,98,115,13,100,83,114,45,49,39,55,26,90" hai1="101,15,27,71,30,108,113,80,14,50,10,106,129" hai2="126,72,63,65,11,43,112,84,99,7,35,111,95" hai3="93,125,6,89,48,122,77,130,41,52,94,109,54"/><T42/><D2/><U103/><E71/><V79/><F112/><W47/><G109/><T135/><D135/><U46/><E108/><V121/><F121/><W119/><G119/><T25/><D13/><U120/><E120/><V38/><F126/><W70/><G122/><T78/><D90/><U34/><E113/><V69/><F35/><W51/><G125/><T16/><D16/><U59/><E129/><V91/><F72/><W19/><G130/><T23/><D23/><U18/><E106/><V134/><F134/><W105/><G105/><T4/><D4/><U87/><E59/><V92/><F79/><W57/><G70/><T68/><D68/><U44/><E44/><V107/><F107/><W28/><G28/><T17/><D17/><U64/><E64/><V1/><F111/><W31/><G31/><T58/><D115/><U128/><E15/><V40/><REACH who="2" step="1"/><F38/><REACH who="2" ten="250,250,240,250" step="2"/><W88/><G77/><T116/><D114/><U82/><E128/><V61/><F61/><N who="3" m="36007" /><G6/><T110/><D110/><U33/><E33/><V102/><AGARI ba="0,1" hai="1,7,11,40,43,63,65,69,84,91,92,95,99,102" machi="102" ten="20,5200,0" yaku="1,1,0,1,7,1,52,1,53,0" doraHai="56" doraHaiUra="20" who="2" fromWho="2" sc="250,-26,250,-13,240,62,250,-13" /><INIT seed="1,0,0,3,4,37" ten="224,237,302,237" oya="1" hai0="48,92,45,52,104,14,90,18,110,24,85,93,2" hai1="135,15,91,80,112,4,41,95,34,118,5,57,128" hai2="6,60,59,40,69,7,81,1,71,16,89,76,50" hai3="17,97,27,58,23,132,25,79,74,30,51,54,133"/><U88/><E112/><V100/><F100/><W55/><G97/><T126/><D104/><U3/><E118/><V82/><F89/><W61/><G79/><T125/><D2/><U38/><E34/><V39/><F39/><W114/><G74/><T116/><D116/><U119/><E119/><V103/><F103/><W66/><G114/><T9/><D24/><U12/><E3/><V94/><F94/><W78/><G78/><T111/><REACH who="0" step="1"/><D92/><REACH who="0" ten="214,237,302,237" step="2"/><U20/><E95/><V117/><F1/><W31/><G31/><T106/><D106/><U10/><E15/><V131/><F117/><W77/><G27/><T84/><D84/><U63/><E12/><V65/><F82/><W19/><G132/><T64/><D64/><U108/><E80/><V26/><F65/><W120/><G133/><T22/><D22/><U68/><E20/><V35/><F26/><W13/><G120/><T107/><D107/><U75/><E135/><V130/><F81/><W47/><G30/><T86/><D86/><U42/><E75/><V11/><F35/><W134/><G134/><T33/><D33/><U124/><E10/><V102/><F11/><N who="3" m="6335" /><G77/><T115/><D115/><U122/><E122/><V127/><F76/><W32/><G32/><T83/><D83/><U44/><E4/><V96/><F7/><W8/><G8/><T62/><D62/><U70/><E5/><V67/><F60/><W87/><G87/><T101/><D101/><U73/><E63/><V121/><F102/><W36/><G66/><T28/><D28/><U21/><E73/><V98/><F121/><W129/><G129/><RYUUKYOKU ba="0,1" sc="214,15,237,-15,302,-15,237,15" hai0="9,14,18,45,48,52,85,90,93,110,111,125,126" hai3="19,23,25,36,47,51,54,55,58,61" /><INIT seed="2,1,1,4,3,113" ten="229,222,287,252" oya="2" hai0="122,21,61,104,135,117,107,7,67,129,116,128,69" hai1="1,16,84,57,52,70,64,68,48,120,12,60,41" hai2="5,49,37,66,133,92,50,126,114,132,27,28,31" hai3="94,10,0,38,58,78,85,106,26,14,36,72,118"/><V121/><F114/><W22/><G118/><N who="0" m="45675" /><D122/><U125/><E1/><V42/><F37/><W105/><G0/><T93/><D135/><U80/><E125/><V98/><F5/><W95/><G72/><T103/><D7/><U19/><E120/><V131/><F66/><W29/><G105/><N who="0" m="40523" /><D21/><U76/><E41/><V109/><F42/><W73/><G106/><T35/><D35/><U59/><REACH who="1" step="1"/><E19/><REACH who="1" ten="229,212,287,252" step="2"/><V24/><F126/><W2/><G2/><T134/><D134/><U82/><E82/><V20/><F121/><W97/><G36/><T56/><D69/><U47/><E47/><V101/><F133/><W115/><G38/><T108/><D108/><U74/><E74/><V79/><F132/><W110/><G73/><T44/><D44/><U81/><E81/><V11/><F109/><W51/><G110/><T86/><D86/><U112/><E112/><V89/><F28/><W63/><G115/><T54/><D67/><U23/><AGARI ba="1,2" hai="12,16,23,48,52,57,59,60,64,68,70,76,80,84" machi="23" ten="20,8000,1" yaku="1,1,0,1,7,1,54,2,53,0" doraHai="113" doraHaiUra="91" who="1" fromWho="1" sc="229,-21,212,103,287,-41,252,-21" /><INIT seed="3,0,0,2,4,122" ten="208,315,246,231" oya="3" hai0="10,82,15,31,72,4,43,34,125,77,126,100,94" hai1="132,112,118,41,24,123,1,129,22,113,62,20,0" hai2="36,103,54,51,52,73,111,92,86,107,28,99,44" hai3="87,6,66,58,114,71,59,53,134,80,124,89,40"/><W98/><G134/><T45/><D34/><U70/><E123/><V50/><F36/><W91/><G124/><T69/><D69/><U90/><E41/><V127/><F127/><W48/><G114/><T12/><D31/><U96/><E96/><V75/><F111/><W117/><G117/><T65/><D65/><U60/><E90/><V13/><F28/><W46/><G6/><T105/><D105/><U120/><E120/><V115/><F115/><W116/><G116/><T64/><D64/><U93/><E93/><V68/><F68/><W26/><G26/><T128/><D128/><U108/><E70/><V38/><F38/><W8/><G8/><T61/><D61/><U29/><E118/><V17/><F86/><N who="3" m="50375" /><G71/><T56/><D56/><N who="3" m="21545" /><G66/><T16/><D94/><U2/><E2/><V11/><F107/><W106/><G106/><T47/><D100/><U49/><E29/><V14/><F14/><W130/><G130/><T133/><D133/><U110/><E132/><V97/><F97/><W119/><G119/><T9/><REACH who="0" step="1"/><D47/><AGARI ba="0,0" hai="11,13,17,44,47,50,51,52,54,73,75,92,99,103" machi="47" ten="30,3900,0" yaku="7,1,9,1,54,1" doraHai="122" who="2" fromWho="0" sc="208,-39,315,0,246,39,231,0" owari="169,-33.1,315,41.5,285,8.5,231,-16.9" /></mjloggm>