<mjloggm ver="2.3"><GO type="225" lobby="0"/><UN n0="%E3%81%A8%E3%82%93%E3%81%A8%E3%81%93%E3%81%A8%E3%82%93" n1="%E5%8F%AF%E5%85%90%E9%82%A3%E7%94%B1%E5%A4%9A" n2="%74%61%6B%75%61%6B%61" n3="%E2%98%86%41%64%72%69%61%6E" dan="16,17,16,17" rate="2139.30,2242.92,2109.96,2177.69" sx="M,F,M,M"/><TAIKYOKU oya="0"/><INIT seed="0,0,0,4,4,41" ten="250,250,250,250" oya="0" hai0="53,51,100,71,126,25,121,56,95,124,93,13,76" hai1="22,72,102,128,5,98,131,23,8,10,132,47,24" hai2="127,125,6,123,0,40,36,68,133,104,89,19,69" hai3="14,2,21,135,88,37,20,78,114,118,17,117,28"/><T75/><D121/><U85/><E72/><V113/><F19/><W11/><G37/><T116/><D116/><N who="3" m="44649" /><G78/><T7/><D71/><N who="2" m="27210" /><F89/><W9/><G88/><T26/><D7/><U65/><E132/><V12/><F12/><W120/><G120/><T29/><D13/><U122/><E122/><V105/><F113/><W33/><G114/><T108/><D25/><U84/><E65/><V38/><F133/><W64/><G64/><T115/><D115/><U30/><E5/><V48/><F48/><W67/><G67/><T112/><D112/><U34/><E34/><V103/><F103/><W119/><N who="3" m="44657" /><W3/><DORA hai="27" /><G135/><T46/><D100/><U90/><E90/><V44/><F36/><W81/><G81/><N who="0" m="45215" /><D56/><U106/><E102/><V86/><F86/><W82/><G82/><T43/><D43/><U92/><E24/><V58/><F58/><W49/><G49/><T91/><D91/><U1/><E1/><N who="3" m="10" /><G21/><N who="0" m="15567" /><D108/><U79/><E22/><V54/><F54/><W39/><G39/><T83/><D83/><U50/><E23/><V52/><F52/><W32/><G28/><T96/><D96/><U42/><E30/><V63/><F63/><W4/><G11/><N who="1" m="4138" /><E79/><V109/><F109/><W97/><G97/><T74/><D74/><U45/><E98/><V130/><F123/><W66/><G66/><T107/><D107/><U94/><E106/><V73/><F105/><W70/><G70/><T35/><D35/><U16/><E85/><V111/><F104/><W80/><G80/><T77/><D77/><U31/><E84/><V18/><F111/><W60/><G60/><RYUUKYOKU ba="0,0" sc="250,15,250,-15,250,-15,250,15" hai0="46,51,53,93,95,124,126" hai3="4,9,14,17,20,32,33" /><INIT seed="0,1,0,1,5,81" ten="265,235,235,265" oya="0" hai0="56,10,112,37,31,110,130,9,13,133,105,111,132" hai1="127,19,113,121,107,16,84,23,45,1,69,14,7" hai2="12,120,98,24,6,30,58,99,116,94,134,20,135" hai3="72,67,2,131,25,74,129,76,95,100,40,71,123"/><T46/><D105/><U92/><E121/><V114/><F120/><W75/><G123/><T77/><D77/><U68/><E107/><V108/><F114/><W47/><G2/><T102/><D102/><U39/><E113/><V88/><F108/><N who="0" m="41514" /><D112/><U93/><E127/><V122/><F122/><W80/><G25/><T115/><D115/><U101/><E1/><V15/><F116/><W65/><G95/><T104/><D104/><U38/><E7/><V119/><F119/><W53/><G100/><T64/><D31/><U89/><E19/><V59/><F99/><W27/><G27/><T22/><D130/><N who="3" m="49673" /><G53/><T3/><D3/><U66/><E66/><N who="3" m="25098" /><G71/><T57/><D22/><U18/><E18/><V91/><F15/><W73/><G73/><T28/><D28/><U70/><REACH who="1" step="1"/><E45/><REACH who="1" ten="265,225,235,265" step="2"/><V48/><F6/><W49/><AGARI ba="1,1" hai="40,47,49,72,74,75,76,80" m="25098,49673" machi="49" ten="30,1100,0" yaku="19,1" doraHai="81" who="3" fromWho="3" sc="265,-6,225,-4,235,-4,265,24" /><INIT seed="1,0,0,1,0,16" ten="259,221,231,289" oya="1" hai0="131,54,57,66,81,134,26,23,113,132,51,119,24" hai1="40,84,1,89,30,31,36,58,115,76,56,74,88" hai2="52,75,7,13,61,129,44,29,21,8,43,111,96" hai3="128,83,122,78,62,125,130,94,85,15,22,105,123"/><U71/><E115/><V50/><F111/><W37/><G37/><T59/><D119/><U106/><E71/><V104/><F129/><N who="3" m="49771" /><G105/><T34/><D113/><U126/><E106/><V67/><F75/><N who="3" m="43487" /><G62/><T70/><D131/><U91/><E1/><V82/><F82/><W63/><G63/><T112/><D112/><U98/><E126/><V46/><F104/><W42/><G42/><T80/><D70/><U65/><E74/><V53/><F96/><W110/><G125/><T97/><D34/><U133/><E133/><N who="0" m="51305" /><D26/><U32/><E32/><V38/><F53/><W48/><G48/><N who="0" m="30919" /><D97/><U93/><E36/><V107/><F107/><W72/><G72/><T124/><D124/><U28/><E40/><V35/><F35/><W101/><G110/><T49/><D66/><U45/><E45/><V86/><F86/><W114/><G114/><T20/><D59/><N who="1" m="22571" /><E65/><V10/><F67/><W99/><G85/><T4/><D4/><U73/><E73/><V120/><F61/><W127/><G127/><T109/><D109/><U18/><E84/><V41/><F41/><W11/><G123/><T47/><D24/><U121/><E121/><V0/><F120/><W3/><G3/><T33/><D33/><U102/><E76/><V77/><F77/><W9/><G122/><T64/><D64/><U108/><E108/><V25/><F0/><W2/><G2/><T100/><D47/><U6/><E6/><V69/><F69/><W14/><G14/><T68/><D68/><U12/><E12/><V17/><F7/><W135/><G135/><T5/><D5/><U95/><E95/><RYUUKYOKU ba="0,0" sc="259,-30,221,10,231,10,289,10" hai1="18,28,30,31,88,89,91,93,98,102" hai2="8,10,13,17,21,25,29,38,43,44,46,50,52" hai3="9,11,15,22,94,99,101" /><INIT seed="1,1,0,2,4,56" ten="229,231,241,299" oya="1" hai0="80,121,65,19,126,34,130,124,96,108,127,49,23" hai1="1,67,63,3,104,0,42,102,12,28,33,38,76" hai2="123,135,70,91,81,17,112,25,22,92,90,40,6" hai3="59,106,128,86,54,57,74,10,103,47,52,37,51"/><U36/><E12/><V46/><F123/><W131/><G74/><T32/><D121/><U79/><E79/><V133/><F112/><W101/><G86/><T110/><D65/><U109/><E76/><V5/><F70/><W117/><G117/><T43/><D80/><U75/><E75/><V78/><F5/><W95/><G95/><T97/><D43/><U21/><E21/><V120/><F6/><W53/><G37/><T60/><D49/><U18/><E18/><V83/><F120/><W105/><G10/><T66/><D130/><N who="3" m="49705" /><G47/><T89/><D32/><U58/><E109/><N who="0" m="42089" /><D34/><U129/><E129/><V64/><F64/><W62/><G54/><T98/><D89/><U71/><E58/><V72/><F83/><W16/><G16/><T41/><D41/><U15/><E42/><V9/><F9/><W122/><G122/><T132/><D132/><N who="2" m="50762" /><F92/><W61/><G51/><AGARI ba="1,0" hai="17,22,25,40,46,51,72,78,81,90,91" m="50762" machi="51" ten="30,1000,0" yaku="20,1" doraHai="56" who="2" fromWho="3" sc="229,0,231,0,241,13,299,-13" /><INIT seed="2,0,0,5,2,44" ten="229,231,254,286" oya="2" hai0="78,56,32,51,28,69,36,16,103,5,42,132,87" hai1="67,15,122,9,33,29,58,2,105,125,112,108,72" hai2="49,73,88,21,40,116,124,25,131,114,38,110,130" hai3="89,7,23,66,6,10,90,68,1,134,4,135,39"/><V35/><F116/><W8/><G39/><T86/><D69/><U0/><E72/><V128/><F114/><W54/><G23/><T60/><D36/><U80/><E105/><V20/><F38/><W126/><G126/><T14/><D132/><N who="3" m="50729" /><G54/><N who="0" m="33815" /><D32/><U62/><E112/><V50/><F73/><W53/><G53/><T75/><D75/><U102/><E102/><V26/><F124/><W115/><G115/><T48/><D28/><U117/><E125/><V77/><F77/><W106/><G106/><T64/><D5/><N who="3" m="2153" /><G10/><N who="0" m="6231" /><D64/><U11/><E117/><V129/><F35/><W22/><G22/><N who="2" m="8809" /><F110/><W55/><G55/><T133/><D133/><U27/><E108/><V100/><F131/><W18/><G18/><T47/><D103/><U120/><E9/><V127/><F100/><W31/><G31/><T95/><D78/><U83/><E15/><V65/><F65/><W59/><G59/><T121/><D121/><N who="1" m="46699" /><E11/><V30/><F127/><W118/><G118/><T79/><D79/><U13/><E13/><V98/><F40/><W81/><G81/><AGARI ba="0,0" hai="0,2,27,29,33,58,62,67,80,81,83" m="46699" machi="81" ten="30,1000,0" yaku="13,1" doraHai="44" who="1" fromWho="3" sc="229,0,231,10,254,0,286,-10" /><INIT seed="3,0,0,5,4,83" ten="229,241,254,276" oya="3" hai0="33,103,40,44,18,28,84,11,51,116,102,73,86" hai1="96,92,71,124,114,41,76,30,107,37,5,79,26" hai2="3,60,57,7,39,93,122,75,104,98,53,112,113" hai3="61,132,97,66,69,99,126,12,78,130,27,25,50"/><W110/><G126/><T24/><D73/><U70/><E114/><V85/><F75/><W123/><G123/><T72/><D72/><U35/><E107/><V127/><F39/><W101/><G130/><T20/><D116/><U38/><E124/><V115/><F127/><W133/><G78/><T1/><D103/><U29/><E5/><V119/><F119/><W62/><G110/><T94/><D102/><U6/><E6/><V17/><F122/><W80/><G80/><T118/><D118/><U54/><E30/><V43/><F43/><W106/><G50/><T31/><D94/><U21/><E35/><V120/><F120/><W91/><G62/><T108/><D108/><U111/><E111/><V87/><F104/><W105/><G12/><N who="0" m="9287" /><D31/><U55/><E70/><V125/><F125/><W42/><G42/><T64/><D64/><U81/><E71/><V45/><F45/><W82/><G106/><T2/><D2/><U0/><E0/><V47/><F47/><W90/><G99/><T89/><D89/><N who="3" m="33801" /><G82/><T52/><D40/><U4/><E41/><V13/><F3/><W34/><G25/><T121/><D121/><U59/><E81/><V46/><F46/><W134/><G27/><T95/><D95/><U131/><E38/><V49/><F93/><W19/><G19/><T15/><D15/><U23/><E37/><V63/><F7/><AGARI ba="0,0" hai="1,7,11,24,28,33,44,51,52,84,86" m="9287" machi="7" ten="30,7700,0" yaku="24,1,52,2,54,1" doraHai="83" who="0" fromWho="2" sc="229,77,241,0,254,-77,276,0" owari="306,40.6,241,-15.9,177,-32.3,276,7.6" /></mjloggm>