<mjloggm ver="2.3"><GO type="225" lobby="0"/><UN n0="%4C%4F%4C%49%54%41" n1="%E6%81%A5%E6%99%92%E3%81%97" n2="%E3%82%BD%E3%83%AB%E3%83%88%E3%82%AF%E3%83%AA%E3%83%BC%E3%82%AF" n3="%E5%A4%9C%E3%81%AE%E3%82%AC%E3%82%B9%E3%83%91%E3%83%BC%E3%83%AB" dan="16,16,16,17" rate="2176.53,2133.99,2087.71,2173.63" sx="F,M,M,M"/><TAIKYOKU oya="0"/><INIT seed="0,0,0,1,0,51" ten="250,250,250,250" oya="0" hai0="49,79,119,127,16,121,41,61,111,85,56,28,18" hai1="132,98,126,129,104,135,133,117,70,76,77,96,4" hai2="40,68,26,101,73,38,10,66,67,17,42,128,113" hai3="37,131,63,52,14,19,36,32,116,88,81,124,83"/><T93/><D119/><U114/><E70/><V110/><F113/><W13/><G116/><T55/><D121/><U50/><E117/><V108/><F73/><W46/><G32/><T25/><D127/><U125/><E4/><V12/><F101/><W105/><G105/><T80/><D111/><N who="2" m="42538" /><F128/><W71/><G124/><N who="1" m="47722" /><E114/><V27/><F38/><W75/><G131/><T3/><D3/><U23/><E23/><N who="2" m="13679" /><F27/><W20/><G71/><T59/><D93/><U48/><E104/><V22/><F22/><W2/><G2/><T122/><D122/><U15/><E15/><V91/><F91/><W94/><G37/><T35/><D41/><N who="2" m="15978" /><F68/><W69/><G36/><T115/><D115/><U62/><E129/><V24/><F24/><W64/><G75/><T86/><D85/><U45/><E62/><V44/><F44/><W120/><G120/><T29/><D28/><U90/><E90/><V53/><F53/><AGARI ba="0,0" hai="16,18,25,29,35,49,53,55,56,59,61,79,80,86" machi="53" ten="30,11600,0" yaku="7,1,52,2,54,1" doraHai="51" who="0" fromWho="2" sc="250,116,250,0,250,-116,250,0" /><INIT seed="0,1,0,3,5,58" ten="366,250,134,250" oya="0" hai0="116,135,17,19,35,12,6,119,115,72,80,54,40" hai1="92,134,36,55,100,53,109,46,28,8,76,126,24" hai2="93,78,110,49,130,39,48,75,81,84,106,112,121" hai3="127,79,45,25,30,44,26,0,52,88,2,94,77"/><T47/><D115/><U64/><E109/><V99/><F39/><W91/><G127/><T23/><D35/><U9/><E126/><V63/><F112/><W41/><G41/><T87/><D72/><U95/><E134/><V51/><F121/><W133/><G30/><T89/><D135/><U96/><E76/><V67/><F110/><W98/><G133/><T118/><D6/><U31/><E36/><V124/><F124/><W13/><G13/><T102/><D102/><U117/><E117/><V66/><F130/><W103/><G103/><T3/><D3/><U90/><E64/><V97/><F106/><W101/><G101/><T62/><D19/><U123/><E123/><V85/><F75/><W18/><G18/><T50/><REACH who="0" step="1"/><D62/><REACH who="0" ten="356,250,134,250" step="2"/><U113/><E113/><V33/><F33/><W60/><G60/><T71/><D71/><U14/><E31/><V59/><F67/><W107/><G2/><T125/><D125/><U82/><E28/><V69/><REACH who="2" step="1"/><F69/><REACH who="2" ten="356,250,124,250" step="2"/><W4/><G107/><T38/><D38/><U1/><E1/><V7/><F7/><W111/><G0/><T37/><D37/><U122/><E122/><V42/><F42/><AGARI ba="1,2" hai="12,17,23,40,42,47,50,54,80,87,89,116,118,119" machi="42" ten="40,2000,0" yaku="1,1,53,0" doraHai="58" doraHaiUra="73" who="0" fromWho="2" sc="356,43,250,0,124,-23,250,0" /><INIT seed="0,2,0,3,0,56" ten="399,250,101,250" oya="0" hai0="134,37,55,131,38,89,114,48,76,22,79,106,93" hai1="58,86,102,108,62,57,98,73,15,18,101,59,67" hai2="34,97,103,31,45,52,35,82,32,47,39,132,17" hai3="11,111,130,129,105,127,64,87,44,29,20,61,88"/><T78/><D114/><U109/><E73/><V24/><F132/><W12/><G105/><T26/><D106/><U128/><E128/><N who="3" m="49258" /><G44/><T42/><D42/><U54/><E86/><V1/><F1/><W43/><G43/><T121/><D121/><U122/><E122/><V74/><F17/><W9/><G111/><T133/><D131/><U120/><E120/><V23/><F39/><W5/><G127/><T104/><D104/><U95/><E102/><V21/><F21/><W80/><G11/><T94/><D55/><U85/><E85/><V117/><F117/><W2/><G29/><T51/><D38/><U40/><E40/><V19/><F19/><N who="3" m="10343" /><G64/><T36/><D36/><U14/><E14/><V7/><F7/><W27/><G27/><T46/><D37/><U68/><REACH who="1" step="1"/><E54/><REACH who="1" ten="399,240,101,250" step="2"/><V53/><F74/><W90/><G90/><T126/><D89/><U3/><E3/><V4/><F4/><W30/><G30/><T112/><D134/><U69/><E69/><V16/><F82/><W123/><G123/><T83/><D83/><U107/><E107/><V118/><F118/><W84/><G84/><T119/><D133/><U10/><AGARI ba="2,1" hai="10,15,18,57,58,59,62,67,68,95,98,101,108,109" machi="10" ten="30,4000,0" yaku="1,1,0,1,52,1,53,0" doraHai="56" doraHaiUra="33" who="1" fromWho="1" sc="399,-22,240,56,101,-12,250,-12" /><INIT seed="1,0,0,5,3,31" ten="377,296,89,238" oya="1" hai0="57,6,84,70,65,92,91,125,49,81,3,74,43" hai1="106,94,107,2,5,75,98,121,124,14,23,123,28" hai2="117,118,24,39,35,109,60,129,89,32,52,33,1" hai3="128,25,29,8,44,119,97,37,104,82,108,10,41"/><U56/><E75/><V83/><F39/><W22/><G108/><T34/><D34/><U135/><E124/><V46/><F1/><W36/><G128/><T21/><D70/><U9/><E135/><V17/><F109/><W90/><G119/><T77/><D125/><U134/><E134/><V13/><F24/><W54/><G37/><T127/><D127/><U88/><E56/><V69/><F69/><W133/><G133/><T58/><D3/><U47/><E47/><V80/><F129/><W19/><G54/><T53/><D6/><U64/><E64/><V105/><F105/><W62/><G62/><T76/><D43/><U51/><E51/><N who="2" m="28791" /><F80/><W26/><G104/><T4/><D4/><U103/><E2/><V38/><F38/><W12/><G26/><T68/><D76/><U20/><E107/><V86/><F60/><W132/><G132/><T113/><D113/><U93/><E106/><V116/><F116/><W71/><G71/><T59/><D68/><U115/><E115/><V102/><F102/><W45/><G45/><T61/><D61/><U126/><E126/><V66/><F66/><W73/><G73/><T99/><D65/><U78/><E78/><V130/><F130/><W72/><G72/><T114/><D114/><U131/><E131/><V15/><F15/><W50/><G36/><T63/><D63/><U40/><E40/><V30/><F30/><W120/><G120/><N who="1" m="46154" /><E28/><V79/><F79/><W110/><G110/><T55/><D74/><U101/><E103/><V16/><F17/><W100/><G100/><T112/><D112/><U85/><AGARI ba="0,0" hai="5,9,14,20,23,85,88,93,94,98,101" m="46154" machi="85" ten="30,3000,0" yaku="5,1,54,1" doraHai="31" who="1" fromWho="1" sc="377,-10,296,30,89,-10,238,-10" /><INIT seed="1,1,0,5,5,120" ten="367,326,79,228" oya="1" hai0="101,133,0,86,122,111,58,89,16,135,26,44,25" hai1="34,35,31,1,70,124,64,96,88,17,69,100,43" hai2="20,90,62,46,67,38,66,75,121,55,6,12,131" hai3="61,81,71,129,2,4,112,11,14,128,33,126,85"/><U103/><E1/><V132/><F75/><W21/><G112/><T116/><D122/><U39/><E124/><V130/><F121/><W93/><G33/><T83/><D116/><U114/><E114/><V48/><F90/><W78/><G126/><T123/><D123/><U102/><E17/><V68/><F6/><W36/><G36/><T3/><D111/><U97/><E39/><V110/><F12/><W18/><G93/><T117/><D117/><U60/><E43/><N who="2" m="22903" /><F20/><W8/><G71/><T127/><D127/><U82/><E70/><V99/><F99/><W91/><G61/><T134/><D101/><U37/><E37/><V22/><F22/><W5/><REACH who="3" step="1"/><G91/><REACH who="3" ten="367,326,79,218" step="2"/><T63/><D63/><U51/><E35/><V105/><F105/><W28/><G28/><T84/><D89/><U52/><E31/><V87/><F87/><W77/><G77/><T7/><D86/><N who="1" m="50263" /><E34/><V45/><F132/><W32/><G32/><T79/><D134/><U50/><E69/><V13/><F13/><AGARI ba="1,1" hai="2,4,5,8,11,13,14,18,21,78,81,85,128,129" machi="13" ten="40,1300,0" yaku="1,1,53,0" doraHai="120" doraHaiUra="49" who="3" fromWho="2" sc="367,0,326,0,79,-16,218,26" /><INIT seed="2,0,0,4,1,117" ten="367,326,63,244" oya="2" hai0="90,21,109,28,68,12,26,8,67,4,32,123,42" hai1="20,39,93,56,128,94,129,95,35,65,91,104,52" hai2="126,45,31,87,81,14,61,130,54,49,46,75,135" hai3="115,133,74,84,119,85,59,11,102,36,88,99,60"/><V37/><F75/><W70/><G119/><T5/><D42/><U66/><E35/><V105/><F105/><W30/><G36/><T73/><D73/><U116/><E116/><V62/><F37/><W27/><G74/><T113/><D68/><U83/><E104/><V124/><F31/><W89/><G70/><T6/><D67/><U76/><E39/><V22/><F130/><W110/><G110/><T33/><D90/><U3/><E3/><V100/><F100/><W24/><G133/><T125/><D113/><U18/><E76/><V120/><F120/><W51/><G115/><T103/><D103/><U25/><E128/><V92/><F92/><W7/><G51/><T38/><D38/><U50/><REACH who="1" step="1"/><E129/><REACH who="1" ten="367,316,63,244" step="2"/><V23/><F135/><W108/><G108/><T86/><D109/><U10/><E10/><V29/><F46/><W96/><G11/><T15/><D33/><U77/><E77/><N who="2" m="46511" /><F126/><W64/><G102/><T13/><D125/><U2/><E2/><V114/><F124/><W41/><G89/><T127/><D127/><U53/><E53/><V69/><F69/><W43/><G88/><T0/><D32/><U121/><E121/><V17/><F114/><W107/><G107/><T72/><D123/><U44/><E44/><V79/><F79/><W106/><G106/><T101/><D101/><U63/><E63/><V134/><F134/><W132/><G132/><T97/><D0/><U58/><E58/><V40/><F54/><W82/><G59/><T80/><D8/><U122/><E122/><V9/><F9/><W19/><G60/><T112/><D112/><RYUUKYOKU ba="0,1" sc="367,-15,316,15,63,15,244,-15" hai1="18,20,25,50,52,56,65,66,83,91,93,94,95" hai2="14,17,22,23,29,40,45,49,61,62" /><INIT seed="2,1,1,3,1,101" ten="352,331,78,229" oya="2" hai0="10,82,4,125,113,12,56,129,60,134,0,20,46" hai1="25,54,116,76,87,91,27,37,110,97,67,11,55" hai2="72,117,96,127,135,33,128,2,112,85,100,41,70" hai3="53,52,28,63,58,43,81,35,22,32,29,34,118"/><V80/><RYUUKYOKU type="yao9" ba="1,1" sc="352,0,331,0,78,0,229,0" hai2="2,33,41,70,72,80,85,96,100,112,117,127,128,135" /><INIT seed="2,2,1,0,2,118" ten="352,331,78,229" oya="2" hai0="40,91,88,19,26,48,112,86,37,65,92,106,78" hai1="16,107,105,69,30,89,113,135,5,49,47,32,117" hai2="35,28,52,22,79,24,15,8,93,130,58,13,124" hai3="76,100,74,77,39,31,94,97,64,38,84,111,114"/><V133/><F124/><W10/><G111/><T71/><D106/><U116/><E113/><V9/><F130/><W70/><G114/><T0/><D0/><U87/><E69/><V108/><F133/><W90/><G77/><T36/><D112/><U115/><E115/><V25/><F79/><W101/><G101/><T132/><D78/><U29/><E5/><N who="2" m="3215" /><F108/><W21/><G10/><T68/><D132/><U96/><E135/><V54/><F35/><W46/><G46/><N who="0" m="25671" /><D68/><U121/><E16/><N who="2" m="8303" /><F25/><W57/><G70/><T4/><D36/><U43/><E116/><V61/><F93/><N who="3" m="58415" /><G76/><T103/><D37/><U99/><E117/><V33/><F33/><W104/><G74/><T85/><D71/><U42/><E32/><V20/><F22/><W127/><G104/><T128/><D128/><U129/><E129/><V2/><F2/><W63/><G127/><T60/><D4/><U122/><E105/><V44/><F44/><W66/><G39/><T81/><D26/><U123/><E42/><V134/><F134/><W6/><G38/><T11/><D11/><U119/><E119/><V83/><F83/><W27/><G6/><T56/><D19/><U53/><E43/><V18/><F18/><W75/><G75/><T23/><D23/><U59/><E47/><V3/><F3/><W67/><AGARI ba="2,1" hai="21,27,31,57,63,64,66,67,84,90,94" m="58415" machi="67" ten="30,2000,0" yaku="25,1,8,1" doraHai="118" who="3" fromWho="3" sc="352,-7,331,-7,78,-12,229,36" /><INIT seed="3,0,0,4,4,44" ten="345,324,66,265" oya="3" hai0="93,12,74,47,67,45,26,40,99,6,106,105,72" hai1="21,94,9,52,42,54,53,79,90,22,55,25,61" hai2="82,28,49,24,64,70,20,102,37,31,35,10,16" hai3="34,60,131,118,96,76,121,17,95,32,86,119,129"/><W30/><G121/><T84/><D67/><U100/><E100/><V91/><F37/><W128/><G17/><T5/><D84/><N who="1" m="52551" /><E79/><V58/><F70/><W15/><G15/><T123/><D26/><U50/><E9/><V38/><F38/><W81/><G60/><T57/><D57/><N who="1" m="34991" /><E25/><V109/><F102/><N who="3" m="60703" /><G30/><T56/><D56/><U2/><E2/><V68/><F91/><W112/><G112/><T48/><D123/><U126/><E126/><V3/><F82/><W101/><G101/><T135/><D135/><U19/><E19/><V134/><F109/><W66/><G66/><T46/><D12/><U65/><E65/><V116/><F116/><AGARI ba="0,0" hai="32,34,76,81,86,116,118,119,128,129,131" m="60703" machi="116" ten="40,2000,0" yaku="19,1" doraHai="44" who="3" fromWho="2" sc="345,0,324,0,66,-20,265,20" /><INIT seed="3,1,0,1,0,81" ten="345,324,46,285" oya="3" hai0="94,92,111,133,52,1,23,107,49,60,132,93,2" hai1="126,102,88,33,13,41,57,83,5,72,6,67,114" hai2="62,69,128,113,22,8,54,31,58,36,66,98,42" hai3="9,91,109,77,64,80,105,37,103,32,10,17,82"/><W99/><G37/><T73/><D111/><U95/><E114/><V108/><F8/><W26/><G109/><T47/><D73/><U18/><E126/><V53/><F108/><W71/><G91/><T112/><D112/><U78/><E33/><V4/><F4/><W90/><G90/><T123/><D123/><U97/><E41/><V48/><F22/><W3/><G3/><T20/><D107/><U110/><E110/><V135/><F31/><N who="3" m="19575" /><G17/><T30/><D20/><U34/><E34/><V11/><F11/><W45/><G45/><T68/><D30/><U87/><E67/><N who="2" m="41207" /><F98/><W65/><G65/><N who="0" m="40999" /><D23/><N who="1" m="11727" /><E57/><N who="2" m="32935" /><F128/><W127/><G82/><T44/><D1/><U16/><E16/><V104/><F135/><N who="0" m="51786" /><D2/><U15/><E15/><V106/><F104/><AGARI ba="1,0" hai="5,6,72,78,83,87,88,95,97,102,104" m="11727" machi="104" ten="30,3900,0" yaku="24,1,52,1,54,1" doraHai="81" who="1" fromWho="2" sc="345,0,324,42,46,-42,285,0" owari="345,14.5,366,46.6,4,-49.6,285,-11.5" /></mjloggm>