<mjloggm ver="2.3"><GO type="225" lobby="0"/><UN n0="%E5%8D%A0%E3%81%84%E5%B8%AB%E8%A3%8F%E3%81%AA%E3%81%84%E3%81%97" n1="%E5%B8%86%E7%AB%8B%E5%A4%8F%E8%A1%A3" n2="%E8%B1%86%59%E5%A4%AA%E9%83%8E" n3="%E6%A1%9C%E8%8A%B1%E9%96%83%E3%80%85" dan="17,16,16,16" rate="2172.38,2042.80,2027.63,2103.66" sx="M,M,M,M"/><TAIKYOKU oya="0"/><INIT seed="0,0,0,1,4,125" ten="250,250,250,250" oya="0" hai0="28,52,99,93,35,33,29,24,72,98,51,30,120" hai1="80,68,38,54,115,109,66,27,134,132,112,12,64" hai2="73,63,26,105,16,67,75,85,71,104,46,118,113" hai3="58,83,22,8,31,37,97,19,79,88,102,14,11"/><T90/><D72/><N who="2" m="27722" /><F85/><N who="3" m="48383" /><G37/><T23/><D120/><U127/><E80/><V61/><F16/><N who="3" m="10519" /><G102/><T94/><D33/><U100/><E100/><V95/><F95/><N who="3" m="56551" /><G31/><T87/><D35/><U91/><E91/><V111/><F113/><N who="1" m="43593" /><E12/><V40/><F26/><W18/><G58/><N who="0" m="33055" /><D98/><U48/><E27/><V55/><F118/><W60/><G60/><T116/><D116/><U123/><E123/><V126/><F61/><W117/><G117/><T119/><D119/><U129/><E38/><V4/><F105/><W36/><G36/><T21/><D24/><U122/><E122/><V84/><F104/><W56/><G56/><T103/><AGARI ba="0,0" hai="21,23,28,29,30,87,90,93,94,99,103" m="33055" machi="103" ten="30,3000,0" yaku="8,1,54,1" doraHai="125" who="0" fromWho="0" sc="250,30,250,-10,250,-10,250,-10" /><INIT seed="0,1,0,4,5,37" ten="280,240,240,240" oya="0" hai0="68,4,107,96,62,125,15,58,11,49,20,129,29" hai1="45,63,3,124,59,46,9,119,34,118,52,80,81" hai2="66,1,53,40,21,77,134,10,5,17,102,8,54" hai3="114,23,12,42,130,18,43,65,79,74,73,14,48"/><T99/><D125/><U33/><E124/><V98/><F134/><W70/><G114/><T7/><D129/><U85/><E119/><V41/><F10/><W2/><G2/><T110/><D107/><U88/><E118/><V87/><F66/><W26/><G130/><T91/><D68/><U93/><E34/><V131/><F131/><W101/><G101/><T39/><D39/><U50/><E33/><V69/><F69/><W35/><G48/><T75/><D4/><U78/><E46/><V19/><F19/><W6/><G12/><T122/><D75/><U55/><REACH who="1" step="1"/><E78/><REACH who="1" ten="280,230,240,240" step="2"/><V57/><F77/><W36/><G79/><T112/><D112/><U38/><E38/><V82/><F54/><W111/><G36/><T24/><D122/><U76/><E76/><V89/><F53/><W72/><G111/><T113/><D110/><U103/><E103/><V100/><F102/><W105/><G105/><T31/><D113/><U56/><E56/><V44/><F57/><W25/><G35/><T67/><D91/><U64/><E64/><V117/><F44/><W115/><G115/><T132/><D58/><U71/><E71/><V90/><F90/><W28/><G65/><T104/><D67/><U47/><E47/><V61/><F117/><W92/><G70/><T116/><D116/><U94/><E94/><V32/><F32/><N who="3" m="20495" /><G92/><T22/><D104/><U120/><E120/><V0/><F61/><W97/><G73/><T86/><D62/><U95/><E95/><V13/><F0/><W30/><G74/><T127/><D127/><U51/><E51/><V83/><F83/><RYUUKYOKU ba="1,1" sc="280,-15,230,15,240,15,240,-15" hai1="3,9,45,50,52,55,59,63,80,81,85,88,93" hai2="1,5,8,13,17,21,40,41,82,87,89,98,100" /><INIT seed="1,2,1,0,2,50" ten="265,245,255,225" oya="1" hai0="85,100,119,21,22,11,73,134,16,87,79,102,107" hai1="25,66,57,70,5,128,15,116,113,44,8,69,124" hai2="6,129,7,61,23,118,38,105,43,36,47,34,2" hai3="40,10,29,94,18,78,96,42,64,80,98,0,99"/><U126/><E116/><V75/><F23/><N who="0" m="8714" /><D119/><U109/><E113/><V54/><F54/><W120/><G120/><T76/><D107/><U86/><E25/><V56/><F56/><W52/><G64/><T92/><D73/><U82/><E128/><V89/><F89/><W59/><G29/><T60/><D134/><U88/><E109/><V35/><F7/><W12/><G0/><T90/><D60/><N who="1" m="38159" /><E44/><V72/><F61/><N who="3" m="36071" /><G94/><T93/><D93/><U24/><E24/><V58/><F58/><W71/><G71/><T132/><D132/><U83/><E82/><V108/><F129/><W26/><G26/><T74/><D74/><N who="2" m="28202" /><F108/><W67/><G67/><T4/><D4/><U41/><E41/><N who="3" m="15978" /><G78/><T114/><D76/><U133/><E133/><V122/><F122/><W30/><G30/><T9/><D79/><U115/><E115/><V46/><F46/><W31/><G31/><T51/><D114/><U1/><E1/><V17/><F118/><W20/><G20/><T117/><D117/><U125/><AGARI ba="2,1" hai="5,8,15,69,70,83,86,88,124,125,126" m="38159" machi="125" ten="30,3000,0" yaku="18,1,54,1" doraHai="50" who="1" fromWho="1" sc="265,-12,245,46,255,-12,225,-12" /><INIT seed="1,3,0,3,1,66" ten="253,291,243,213" oya="1" hai0="48,135,94,41,11,30,32,123,120,102,6,7,124" hai1="130,96,100,116,77,71,26,44,29,24,113,89,50" hai2="17,49,34,86,68,5,80,114,9,82,99,78,131" hai3="61,95,107,88,31,38,15,73,122,62,98,87,115"/><U40/><E113/><V81/><F34/><W83/><G115/><T36/><D36/><U85/><E116/><V13/><F68/><W22/><G122/><N who="0" m="46635" /><D135/><U20/><E130/><V21/><F131/><W43/><G38/><T133/><D133/><U64/><E77/><V92/><F49/><W67/><G43/><T58/><D124/><U69/><E64/><V42/><F42/><W63/><G107/><T75/><D75/><U3/><E3/><V105/><F105/><W39/><G73/><T72/><D72/><U134/><E134/><V55/><F55/><W125/><G39/><T59/><D30/><U4/><E4/><V129/><F129/><W126/><G67/><T104/><D32/><U128/><E128/><V91/><REACH who="2" step="1"/><F114/><REACH who="2" ten="253,291,233,213" step="2"/><W79/><REACH who="3" step="1"/><G31/><REACH who="3" ten="253,291,233,203" step="2"/><T28/><D28/><U60/><E29/><V110/><F110/><W2/><G2/><AGARI ba="3,2" hai="2,5,9,13,17,21,78,80,81,82,86,91,92,99" machi="2" ten="30,2000,0" yaku="1,1,7,1,53,0" doraHai="66" doraHaiUra="57" who="2" fromWho="3" sc="253,0,291,0,233,49,203,-29" /><INIT seed="2,0,0,5,2,88" ten="253,291,282,174" oya="2" hai0="85,35,23,1,90,103,89,15,104,102,87,4,82" hai1="55,78,19,112,72,115,43,27,18,28,97,94,22" hai2="39,95,108,107,49,47,26,83,62,131,124,76,133" hai3="54,122,96,84,113,80,38,65,56,119,60,110,48"/><V91/><F107/><W101/><G110/><T77/><D35/><U42/><E72/><V123/><F39/><W67/><G119/><T2/><D77/><U120/><E120/><V121/><F108/><W6/><G122/><T75/><D75/><U71/><E71/><V13/><F133/><W25/><G38/><T44/><D104/><U70/><E70/><V81/><F81/><W116/><G116/><T134/><D134/><U129/><E129/><V73/><F26/><W33/><G113/><T118/><D118/><U127/><E127/><V99/><F131/><W106/><G6/><T46/><D4/><U125/><E125/><V93/><F62/><W17/><G48/><T29/><D15/><U86/><E115/><V69/><F69/><W57/><G57/><T114/><D114/><U12/><E55/><V7/><F124/><W105/><G105/><T98/><D98/><U79/><E112/><V8/><REACH who="2" step="1"/><F95/><REACH who="2" ten="253,291,272,174" step="2"/><N who="3" m="58527" /><G33/><T74/><D82/><N who="1" m="47447" /><E79/><V132/><F132/><W92/><G106/><T20/><D74/><U135/><E135/><V11/><F11/><W109/><G109/><T30/><AGARI ba="0,1" hai="1,2,20,23,29,30,44,46,85,87,89,90,102,103" machi="30" ten="25,3200,0" yaku="0,1,22,2" doraHai="88" who="0" fromWho="0" sc="253,42,291,-8,272,-16,174,-8" /><INIT seed="3,0,0,5,5,28" ten="295,283,256,166" oya="3" hai0="108,25,5,71,100,74,112,120,39,49,12,33,21" hai1="66,130,35,86,15,106,102,94,135,123,16,45,73" hai2="47,36,0,44,63,53,27,131,69,91,52,40,128" hai3="1,54,41,67,81,118,97,38,121,62,90,105,60"/><W50/><G118/><T113/><D120/><U111/><E35/><V58/><F0/><W92/><G121/><T126/><D39/><U48/><E73/><V55/><F27/><W89/><G1/><T101/><D108/><U24/><E123/><V30/><F30/><W122/><G122/><T18/><D126/><U134/><E66/><N who="2" m="41183" /><F91/><W110/><G110/><T116/><D116/><U2/><E2/><V98/><F98/><W80/><G105/><T43/><D71/><U6/><E6/><V14/><F14/><W17/><G38/><T133/><D133/><N who="1" m="50699" /><E24/><V129/><F47/><N who="3" m="25967" /><G67/><T37/><D37/><U31/><E130/><N who="2" m="33283" /><V26/><DORA hai="20" /><F26/><W107/><G107/><T7/><D74/><U64/><E64/><V68/><F68/><W93/><G17/><T46/><D33/><U114/><E111/><V59/><AGARI ba="0,0" hai="36,40,44,52,53,55,58,59" m="33283,41183" machi="59" ten="50,8000,1" yaku="19,1,34,2,54,1" doraHai="28,20" who="2" fromWho="2" sc="295,-20,283,-20,256,80,166,-40" owari="275,7.5,263,-13.7,336,43.6,126,-37.4" /></mjloggm>