<mjloggm ver="2.3"><GO type="225" lobby="0"/><UN n0="%E6%9D%B1%E9%A2%A8%E3%81%AE%E3%81%8D%E3%82%83%E3%81%B7%E3%81%95%E3%82%93" n1="%72%69%6F%75%63%68%61%6E" n2="%E3%81%BF%E3%81%BF%E3%81%9A" n3="%E3%81%B5%E3%81%98%E3%81%8B%E3%81%A4" dan="17,16,17,16" rate="2242.63,2153.23,2287.46,2146.88" sx="M,M,M,M"/><TAIKYOKU oya="0"/><INIT seed="0,0,0,1,3,3" ten="250,250,250,250" oya="0" hai0="26,72,126,19,76,13,59,21,23,47,58,37,32" hai1="135,0,133,86,25,106,104,109,122,108,51,92,82" hai2="88,60,52,34,39,114,116,73,20,80,66,81,102" hai3="97,24,30,64,110,67,41,118,4,125,132,121,35"/><T74/><D32/><U98/><E0/><V91/><F34/><W49/><G118/><T9/><D23/><U27/><E51/><V127/><F114/><W40/><G121/><T107/><D107/><N who="1" m="41003" /><E25/><V57/><F102/><W22/><G125/><T6/><D126/><U99/><E27/><V95/><F39/><W115/><G115/><T65/><D65/><U18/><E18/><V75/><F127/><W71/><G132/><N who="1" m="50762" /><E122/><V134/><F116/><W29/><G110/><N who="1" m="42602" /><E92/><V101/><F134/><W68/><G49/><T89/><D37/><U38/><E38/><V48/><F20/><W17/><G22/><T123/><D123/><U46/><E46/><V119/><F119/><W15/><G35/><T128/><D47/><U44/><E44/><V103/><F48/><W129/><G24/><T85/><D128/><U16/><E16/><V11/><F95/><W93/><G93/><T1/><D1/><U94/><E94/><V112/><F112/><W100/><G17/><T105/><D105/><U70/><E70/><V33/><F33/><W5/><G15/><T84/><D58/><U90/><AGARI ba="0,0" hai="82,86,90,98,99" m="42602,50762,41003" machi="90" ten="40,8000,1" yaku="20,1,14,1,34,2" doraHai="3" who="1" fromWho="1" sc="250,-40,250,80,250,-20,250,-20" /><INIT seed="1,0,0,0,5,55" ten="210,330,230,230" oya="1" hai0="51,91,93,78,122,103,33,54,27,72,67,70,88" hai1="41,124,34,31,126,40,42,35,24,133,129,121,12" hai2="73,64,111,69,131,15,46,112,9,107,17,19,50" hai3="22,115,117,116,82,61,104,128,84,86,127,79,99"/><U101/><E121/><V106/><F73/><N who="3" m="43375" /><G22/><T100/><D122/><U6/><E129/><V80/><F131/><W113/><G61/><T59/><D70/><U114/><E133/><V16/><F111/><W130/><G127/><N who="1" m="48682" /><E114/><N who="3" m="43530" /><G128/><T43/><D72/><U2/><E101/><N who="0" m="38985" /><D78/><U26/><E2/><V47/><F112/><W5/><G5/><T90/><D33/><N who="1" m="12299" /><E31/><V1/><F1/><W97/><G130/><T11/><D11/><AGARI ba="0,0" hai="6,11,12,24,26,40,41,42" m="12299,48682" machi="11" ten="40,2000,0" yaku="18,1" doraHai="55" who="1" fromWho="0" sc="210,-20,330,20,230,0,230,0" /><INIT seed="1,1,0,0,2,118" ten="190,350,230,230" oya="1" hai0="1,134,45,75,17,100,66,107,98,14,101,10,106" hai1="67,32,47,4,53,65,83,119,96,124,55,35,41" hai2="5,64,91,97,19,18,116,88,114,20,85,84,123" hai3="27,6,26,21,93,25,8,30,77,71,82,132,104"/><U3/><E119/><V36/><F116/><W89/><G132/><T120/><D134/><U43/><E124/><V94/><F36/><W57/><G104/><T121/><D75/><U9/><E96/><V0/><F114/><W92/><G71/><T56/><D1/><U42/><E83/><V69/><F123/><N who="0" m="47178" /><D45/><U126/><E126/><V99/><F64/><W105/><G105/><N who="0" m="39947" /><D98/><U68/><E68/><V115/><F69/><W110/><G57/><T54/><D66/><U51/><E67/><V16/><F115/><W127/><G110/><T29/><D29/><U90/><E65/><V70/><F70/><W81/><G127/><T33/><D33/><U102/><E32/><V37/><F37/><W103/><G30/><T31/><D31/><U111/><E35/><V74/><F74/><W7/><G103/><T73/><D73/><U87/><E102/><V79/><F20/><W52/><G77/><T39/><D39/><U125/><E125/><V112/><F79/><W133/><G21/><T131/><D131/><U12/><E3/><V24/><F112/><W59/><G133/><T49/><AGARI ba="1,0" hai="10,14,17,49,54,56,100,101" m="39947,47178" machi="49" ten="30,7900,0" yaku="13,1,52,3" doraHai="118" who="0" fromWho="0" sc="190,82,350,-40,230,-21,230,-21" /><INIT seed="2,0,0,3,2,51" ten="272,310,209,209" oya="2" hai0="92,36,73,46,49,97,65,47,87,89,106,103,79" hai1="121,127,25,85,21,81,72,109,44,27,63,115,60" hai2="75,41,57,88,39,50,62,17,96,53,32,10,132" hai3="37,20,6,0,104,76,74,122,82,26,35,119,77"/><V58/><F32/><W34/><G122/><T118/><D118/><U128/><E115/><V56/><F75/><W52/><G119/><T42/><D65/><U12/><E72/><V107/><F132/><W70/><G70/><T86/><D86/><U61/><E121/><V84/><F39/><W15/><G104/><T99/><D99/><U134/><E109/><V93/><F107/><W125/><G37/><T40/><D73/><U29/><E128/><V2/><F2/><W130/><G77/><T54/><D79/><U71/><E127/><V98/><F41/><W9/><G130/><T95/><D42/><U4/><E134/><V11/><F58/><W90/><G90/><T48/><D36/><U14/><E71/><V38/><F38/><W110/><G110/><T55/><D40/><U16/><E44/><V69/><F69/><W102/><G102/><T80/><AGARI ba="0,0" hai="46,47,48,49,54,55,80,87,89,92,95,97,103,106" machi="80" ten="20,8000,1" yaku="0,1,7,1,9,1,52,2" doraHai="51" who="0" fromWho="0" sc="272,80,310,-20,209,-40,209,-20" /><INIT seed="3,0,0,2,5,125" ten="352,290,169,189" oya="3" hai0="43,51,68,50,30,39,87,121,63,67,38,37,28" hai1="33,100,64,111,19,110,76,126,99,118,69,35,18" hai2="65,55,133,23,134,98,54,24,79,71,105,109,103" hai3="119,73,9,52,44,16,60,93,29,80,7,4,26"/><W112/><G112/><T58/><D121/><U53/><E126/><V86/><F109/><N who="1" m="41481" /><E118/><V10/><F10/><W1/><G119/><T83/><D43/><U91/><E76/><V85/><F65/><W75/><G7/><T95/><D95/><N who="1" m="56831" /><E100/><V66/><F66/><W42/><G93/><T32/><D32/><N who="1" m="12363" /><E53/><N who="2" m="19979" /><F71/><W122/><G122/><T124/><D124/><U94/><E94/><V117/><F117/><W70/><G70/><T84/><D68/><U107/><E107/><V40/><F40/><W97/><G42/><T2/><D2/><U15/><E15/><V78/><F79/><W127/><G127/><T77/><REACH who="0" step="1"/><D87/><REACH who="0" ten="342,290,169,189" step="2"/><U12/><E69/><V132/><F78/><W45/><G1/><T114/><D114/><U129/><E64/><V5/><F5/><W17/><G4/><T14/><D14/><U20/><E18/><AGARI ba="0,1" hai="18,23,24,85,86,98,103,105,132,133,134" m="19979" machi="18" ten="30,1000,0" yaku="20,1" doraHai="125" who="2" fromWho="1" sc="342,0,290,-10,169,20,189,0" owari="342,44.2,280,8.0,189,-21.1,189,-31.1" /></mjloggm>