<mjloggm ver="2.3"><GO type="225" lobby="0"/><UN n0="%72%69%6F%75%63%68%61%6E" n1="%E6%A1%9C%E8%8A%B1%E9%96%83%E3%80%85" n2="%E5%84%AA%40%41%42%43" n3="%E6%80%AA%E3%81%97%E3%81%99%E3%81%8E%E3%82%8B%E3%83%81%E3%83%BC" dan="17,18,17,16" rate="2275.10,2254.36,2247.43,2108.56" sx="M,M,M,M"/><TAIKYOKU oya="0"/><INIT seed="0,0,0,0,4,125" ten="250,250,250,250" oya="0" hai0="82,105,24,116,47,11,36,72,106,113,107,112,61" hai1="48,96,81,28,59,21,4,134,42,94,104,56,49" hai2="86,5,109,120,74,15,57,60,37,121,43,54,64" hai3="128,100,75,66,118,131,38,13,58,110,115,12,119"/><T69/><D116/><U50/><E104/><V111/><F74/><W22/><G38/><T31/><D11/><U132/><E4/><V90/><F5/><W19/><G75/><T87/><D72/><U101/><E42/><V117/><F15/><W46/><G115/><T79/><D69/><U103/><E103/><V32/><F32/><W126/><G126/><T83/><D61/><U44/><E44/><N who="2" m="23663" /><F117/><N who="3" m="44555" /><G46/><T45/><D47/><U16/><E28/><V53/><F90/><W102/><G58/><T27/><D27/><U18/><E81/><V124/><F86/><W92/><G66/><T91/><D45/><U78/><E78/><V127/><F124/><W1/><G1/><T40/><D40/><U23/><E134/><V77/><F77/><W63/><G63/><T2/><D36/><U3/><E3/><V35/><F35/><W68/><G68/><T80/><D2/><U93/><E132/><V85/><F85/><W6/><G110/><N who="2" m="41993" /><F127/><W135/><G92/><N who="0" m="54399" /><D31/><U71/><E94/><V123/><AGARI ba="0,0" hai="53,54,57,60,64,120,121,123" m="41993,23663" machi="123" ten="40,5200,0" yaku="14,1,34,2" doraHai="125" who="2" fromWho="2" sc="250,-26,250,-13,250,52,250,-13" /><INIT seed="1,0,0,1,3,86" ten="224,237,302,237" oya="1" hai0="38,134,133,19,63,128,123,6,9,73,135,120,103" hai1="108,66,124,122,100,115,26,72,49,126,92,90,65" hai2="45,54,46,109,43,85,51,75,48,91,69,50,29" hai3="125,84,129,13,57,81,2,68,4,104,98,82,132"/><U5/><E115/><V14/><F109/><W34/><G68/><T61/><D38/><U94/><E122/><N who="0" m="46633" /><D73/><U18/><E72/><V47/><F69/><W62/><G129/><T39/><D39/><U22/><E108/><V116/><F116/><W37/><G37/><T83/><D128/><U36/><E36/><V97/><F29/><W95/><G34/><T67/><D103/><U0/><E100/><V1/><F1/><W25/><G2/><N who="0" m="215" /><D83/><U88/><E0/><V23/><F97/><W53/><G104/><T8/><D67/><N who="1" m="25611" /><E5/><V96/><F96/><W31/><G125/><N who="1" m="48234" /><E49/><V59/><F75/><W127/><G132/><N who="0" m="33795" /><T24/><DORA hai="7" /><D24/><U93/><AGARI ba="0,0" hai="18,22,26,88,90,92,93,94" m="48234,25611" machi="93" ten="40,12000,1" yaku="18,1,52,2,54,1" doraHai="86,7" who="1" fromWho="1" sc="224,-40,237,120,302,-40,237,-40" /><INIT seed="1,1,0,0,1,134" ten="184,357,262,197" oya="1" hai0="107,124,105,26,7,13,135,126,29,45,85,100,67" hai1="36,5,38,70,117,12,37,6,104,76,114,115,44" hai2="11,84,81,57,47,98,90,34,91,53,79,20,109" hai3="0,19,46,51,96,120,94,8,17,33,72,103,30"/><U55/><E104/><V4/><F34/><W116/><G120/><T31/><D135/><U88/><E117/><V22/><F109/><W121/><G121/><T80/><D67/><U23/><E70/><V48/><F57/><W129/><G72/><T10/><D45/><U92/><E76/><V58/><F58/><W75/><G75/><T54/><D54/><U25/><E12/><N who="2" m="5223" /><F98/><W99/><G129/><T127/><D100/><U9/><E6/><V93/><F93/><W102/><G116/><T24/><D26/><U65/><E65/><V83/><F83/><W64/><G64/><T39/><D39/><U118/><E118/><V74/><F74/><W89/><G0/><T133/><D133/><U21/><E21/><AGARI ba="1,0" hai="20,21,22,47,48,53,79,81,84,90,91" m="5223" machi="21" ten="30,1000,0" yaku="8,1" doraHai="134" who="2" fromWho="1" sc="184,0,357,-13,262,13,197,0" /><INIT seed="2,0,0,1,5,30" ten="184,344,275,197" oya="2" hai0="107,38,25,100,132,23,71,128,87,122,88,118,15" hai1="3,78,81,75,103,24,48,33,77,9,34,112,26" hai2="130,8,16,91,50,35,56,19,29,119,109,41,127" hai3="94,84,37,67,123,5,51,83,65,86,111,62,98"/><V22/><F119/><W135/><G123/><T59/><D122/><U90/><E112/><V121/><F121/><W68/><G37/><T74/><D71/><U92/><E103/><V6/><F91/><W72/><G111/><T27/><D74/><U39/><E78/><V101/><F101/><W52/><G135/><T106/><D38/><U14/><E3/><N who="2" m="95" /><F41/><W36/><G36/><T126/><D126/><U0/><E0/><V108/><F127/><W12/><G65/><T115/><D128/><U46/><E39/><V133/><F56/><W64/><G64/><T120/><D115/><U32/><E92/><V97/><F97/><W31/><G31/><T18/><D120/><U20/><E90/><V57/><F57/><W1/><G1/><T110/><D110/><N who="2" m="42602" /><F50/><W63/><G63/><T28/><D132/><U2/><E46/><V117/><F133/><W58/><G72/><T42/><D118/><U99/><E48/><V80/><F80/><W124/><G83/><T43/><D27/><U113/><E99/><V11/><F130/><W129/><G129/><T125/><D125/><U85/><E85/><V73/><F73/><W61/><G51/><T4/><D4/><N who="1" m="1175" /><E113/><V45/><F45/><W60/><G124/><T13/><D59/><U21/><E81/><V79/><F79/><W69/><G69/><T131/><D131/><U116/><E116/><V53/><F19/><W7/><G60/><T95/><D18/><N who="1" m="10327" /><E77/><V114/><F114/><W10/><G7/><T55/><D107/><U44/><E75/><V104/><F104/><W66/><G67/><T105/><D105/><RYUUKYOKU ba="0,0" sc="184,-10,344,-10,275,-10,197,30" hai3="5,10,12,52,58,61,62,66,68,84,86,94,98" /><INIT seed="3,1,0,0,2,123" ten="174,334,265,227" oya="3" hai0="43,133,61,85,29,134,31,119,2,78,72,129,45" hai1="21,112,84,49,81,8,34,114,88,87,60,58,12" hai2="90,118,47,63,26,128,37,56,48,28,66,9,73" hai3="82,20,27,57,38,22,113,107,70,50,41,19,46"/><W95/><G107/><T124/><D119/><U101/><E34/><V79/><F118/><W127/><G127/><T102/><D124/><U25/><E101/><V71/><F128/><W132/><G132/><T11/><D129/><U111/><E111/><V92/><F9/><W122/><G122/><T105/><D85/><U97/><E49/><V93/><F79/><W130/><G70/><T54/><D61/><U1/><E1/><V23/><F73/><W18/><G113/><T108/><D54/><U98/><E87/><V51/><F51/><W39/><G130/><T120/><D120/><U110/><E110/><V115/><F115/><W40/><G82/><N who="0" m="45383" /><D29/><N who="1" m="17583" /><E114/><V94/><F37/><W32/><G95/><T117/><D117/><U69/><E69/><V42/><REACH who="2" step="1"/><F71/><REACH who="2" ten="174,334,255,227" step="2"/><W30/><G39/><N who="0" m="21759" /><D31/><U0/><E112/><V35/><F35/><W80/><G38/><T36/><D36/><U17/><E0/><V103/><F103/><W62/><G50/><T67/><D108/><U91/><E91/><AGARI ba="1,1" hai="23,26,28,42,47,48,56,63,66,90,91,92,93,94" machi="91" ten="40,2600,0" yaku="1,1,8,1,53,0" doraHai="123" doraHaiUra="96" who="2" fromWho="1" sc="174,0,334,-29,255,39,227,0" owari="174,-32.6,305,40.5,294,9.4,227,-17.3" /></mjloggm>