<mjloggm ver="2.3"><GO type="225" lobby="0"/><UN n0="%E7%AD%89%E3%80%85%E5%8A%9B%E5%8A%87%E5%A0%B4" n1="%6D%75%75%6D%75%72%61" n2="%6E%69%63%6B%6C%6F%77" n3="%6B%65%6E%6E%64%69" dan="16,16,16,16" rate="2136.23,2108.51,2116.62,2156.33" sx="M,F,F,M"/><TAIKYOKU oya="0"/><INIT seed="0,0,0,5,2,5" ten="250,250,250,250" oya="0" hai0="11,83,14,3,33,103,31,64,12,79,114,124,35" hai1="25,8,74,66,73,60,22,85,51,127,49,41,43" hai2="15,96,119,37,71,106,95,105,24,120,115,52,45" hai3="132,81,56,88,58,98,104,7,89,30,61,4,101"/><T48/><D114/><U84/><E127/><V70/><F115/><W0/><G132/><T113/><D113/><U55/><E74/><V111/><F119/><W76/><G30/><T126/><D3/><U94/><E73/><V122/><F111/><W26/><G26/><T29/><D103/><U128/><E128/><V10/><F24/><W109/><G109/><T20/><D64/><U13/><E60/><V112/><F112/><W18/><G18/><N who="0" m="10311" /><D48/><N who="1" m="18507" /><E55/><V78/><F78/><W19/><G19/><N who="0" m="8671" /><D83/><U93/><E66/><V108/><F108/><W21/><G21/><T134/><D79/><U77/><E22/><V28/><F28/><N who="0" m="10826" /><D134/><U39/><E25/><V16/><F71/><W27/><G27/><T50/><D50/><U38/><E38/><V6/><F70/><W133/><G133/><T99/><D99/><U92/><E39/><V130/><F105/><W9/><G58/><T53/><D53/><U65/><E65/><V135/><F106/><W1/><G1/><T125/><AGARI ba="0,0" hai="33,35,124,125,126" m="10826,8671,10311" machi="125" ten="40,12000,1" yaku="18,1,34,2,52,1" doraHai="5" who="0" fromWho="0" sc="250,120,250,-40,250,-40,250,-40" /><INIT seed="0,1,0,3,2,100" ten="370,210,210,210" oya="0" hai0="132,3,64,16,67,63,96,125,51,42,124,110,13" hai1="40,33,97,18,134,87,36,104,113,109,73,98,94" hai2="9,11,35,119,34,83,92,78,106,88,93,58,68" hai3="89,70,103,130,61,90,27,79,28,12,77,32,117"/><T4/><D132/><U31/><E73/><V39/><F68/><W15/><G117/><T21/><D110/><U75/><E75/><V99/><F39/><W101/><G130/><T112/><D112/><U14/><E109/><V82/><F119/><W7/><G7/><T81/><D67/><U44/><E134/><V29/><F106/><W107/><G12/><T38/><D38/><U127/><E127/><V115/><F115/><W122/><G101/><T118/><D118/><U48/><E113/><V131/><F131/><W54/><G15/><T20/><D20/><U25/><E36/><V45/><F45/><W85/><G54/><T5/><D81/><U135/><E135/><V66/><F93/><N who="3" m="54447" /><G90/><T50/><D96/><U22/><E104/><V52/><F66/><N who="3" m="41295" /><G122/><T57/><D5/><U60/><E60/><V121/><F121/><W76/><G79/><T30/><D30/><U59/><E59/><V26/><F35/><W1/><G1/><T71/><D57/><U108/><E108/><V24/><F24/><W80/><G80/><T55/><D42/><U111/><E111/><V84/><REACH who="2" step="1"/><F83/><REACH who="2" ten="370,210,200,210" step="2"/><W105/><G105/><T128/><D128/><U72/><E33/><V47/><F47/><W43/><G43/><T116/><D71/><U17/><E94/><V69/><F69/><W53/><G53/><T86/><D116/><U129/><E129/><V102/><F102/><W56/><G56/><T10/><D55/><U0/><E44/><V23/><F23/><W91/><G91/><T6/><D64/><U123/><E123/><V46/><F46/><W126/><G126/><RYUUKYOKU ba="1,1" sc="370,-15,210,-15,200,15,210,15" hai2="9,11,26,29,34,52,58,78,82,84,88,92,99" hai3="27,28,32,76,77,103,107" /><INIT seed="1,2,1,5,5,76" ten="355,195,215,225" oya="1" hai0="78,35,68,37,127,128,86,1,2,57,80,16,36" hai1="50,54,97,64,88,101,47,34,62,106,21,91,8" hai2="110,60,135,29,70,117,95,12,24,122,45,43,102" hai3="38,42,58,26,67,134,114,119,11,74,107,73,40"/><U17/><E34/><V31/><F117/><W131/><G114/><T19/><D68/><U130/><E130/><V77/><F122/><W89/><G107/><T48/><D35/><U85/><E8/><V65/><F110/><W9/><G131/><T59/><D128/><U81/><E91/><V20/><F135/><W83/><G134/><T71/><D71/><U75/><E75/><V56/><F77/><W30/><G119/><T118/><D118/><U90/><E90/><V112/><F70/><W123/><G123/><T109/><D109/><U100/><E100/><V27/><F12/><W44/><G42/><T52/><D127/><U120/><E120/><V69/><F69/><W103/><G103/><T72/><D72/><U99/><E99/><N who="2" m="59775" /><F112/><W39/><G38/><T93/><D93/><U6/><E6/><V96/><F96/><W22/><G74/><T87/><D87/><U32/><E32/><V53/><F43/><W14/><G14/><T13/><D19/><U79/><E79/><V63/><F63/><W41/><G41/><T18/><D18/><U121/><E121/><V124/><F124/><W126/><G126/><T5/><D5/><U84/><E84/><V116/><F116/><W4/><G4/><T55/><D37/><U7/><E7/><V133/><F133/><W92/><G73/><T28/><D36/><U129/><E129/><V15/><F15/><W25/><G92/><T94/><D94/><U82/><E82/><V111/><F111/><W66/><G83/><T125/><D125/><U46/><E106/><V3/><F3/><W23/><G89/><RYUUKYOKU ba="2,1" sc="355,0,195,0,215,0,225,0" /><INIT seed="2,3,1,2,5,98" ten="355,195,215,225" oya="2" hai0="130,58,50,45,80,32,133,104,46,8,124,126,90" hai1="18,115,68,113,94,14,99,54,10,69,62,56,26" hai2="9,73,33,19,12,44,81,70,25,97,77,111,53" hai3="61,49,31,60,123,36,132,0,39,128,29,5,74"/><V109/><F70/><W96/><G123/><T3/><D32/><U131/><E131/><V79/><F79/><W24/><G74/><T21/><D133/><U102/><REACH who="1" step="1"/><E26/><REACH who="1" ten="355,185,215,225" step="2"/><V106/><F25/><W135/><G128/><T16/><D130/><U66/><E66/><V84/><F33/><W95/><G24/><T127/><D127/><U15/><E15/><V92/><F73/><W85/><G135/><T116/><D126/><U78/><E78/><V120/><F120/><W107/><G132/><T23/><D124/><U52/><E52/><V48/><REACH who="2" step="1"/><F106/><REACH who="2" ten="355,185,205,225" step="2"/><W67/><G107/><T1/><D104/><U82/><E82/><V117/><F117/><W76/><G76/><T38/><D80/><U105/><E105/><V2/><F2/><W4/><G0/><T27/><D116/><U110/><E110/><V87/><F87/><W122/><G85/><T100/><D1/><U91/><E91/><AGARI ba="3,3" hai="9,12,19,44,48,53,77,81,84,91,92,97,109,111" machi="91" ten="40,2000,0" yaku="1,1,53,0" doraHai="98" doraHaiUra="112" who="2" fromWho="1" sc="355,0,185,-29,205,59,225,0" /><INIT seed="2,4,0,5,1,100" ten="355,156,264,225" oya="2" hai0="44,15,82,65,97,34,130,122,10,2,20,18,113" hai1="93,37,50,6,9,118,94,73,45,123,52,36,55" hai2="107,85,38,35,5,62,95,103,49,8,104,61,80" hai3="48,4,46,132,86,14,30,92,88,76,129,90,57"/><V70/><F38/><W58/><G129/><T47/><D122/><U96/><E118/><V102/><F35/><W131/><G131/><T12/><D130/><U3/><E73/><V135/><F103/><W51/><G132/><T0/><D113/><U98/><E123/><V17/><F135/><W81/><G30/><T72/><D34/><U108/><E108/><V71/><F17/><W66/><G90/><T59/><D97/><U32/><E32/><V39/><F39/><W53/><G66/><T133/><D133/><U54/><E37/><V23/><F23/><W68/><G68/><T67/><D59/><U33/><E33/><V99/><F49/><W126/><G126/><T41/><D82/><U117/><E36/><V110/><F110/><W106/><G106/><T24/><D72/><U125/><E117/><V40/><F40/><W16/><G4/><T115/><D115/><U83/><E83/><V29/><F29/><W7/><G7/><T75/><D75/><U31/><E31/><V134/><F70/><W77/><G51/><T109/><D109/><U91/><REACH who="1" step="1"/><E125/><REACH who="1" ten="355,146,264,225" step="2"/><V19/><F134/><W128/><G128/><T74/><D74/><U121/><E121/><V84/><F80/><W28/><G28/><T56/><D0/><U43/><E43/><V114/><F114/><W25/><G77/><T1/><D2/><U124/><E124/><V127/><F127/><W101/><G76/><T26/><D1/><U21/><E21/><V69/><F8/><N who="3" m="6215" /><G25/><T27/><D26/><U112/><E112/><V111/><F111/><W63/><G63/><T87/><D27/><RYUUKYOKU ba="4,1" sc="355,-15,146,15,264,-15,225,15" hai1="3,6,9,45,50,52,54,55,91,93,94,96,98" hai3="46,48,53,57,58,81,86,88,92,101" /><INIT seed="3,5,1,1,2,26" ten="340,161,249,240" oya="3" hai0="111,127,118,59,82,96,71,16,63,91,119,50,116" hai1="106,76,10,105,114,18,3,25,42,95,61,102,67" hai2="125,35,98,92,85,38,89,47,39,123,22,56,77" hai3="80,107,8,53,97,54,15,134,122,48,57,110,101"/><W68/><G122/><T103/><D111/><U2/><E114/><V115/><F115/><W81/><G134/><T49/><D71/><U75/><E42/><V124/><F35/><W34/><G110/><T11/><D127/><N who="2" m="48714" /><F123/><W6/><G68/><T4/><D16/><U45/><E45/><V44/><F56/><W37/><G37/><N who="2" m="13833" /><F22/><W33/><G81/><AGARI ba="5,1" hai="44,47,77,81,85,89,92,98" m="13833,48714" machi="81" ten="30,1000,0" yaku="18,1" doraHai="26" who="2" fromWho="3" sc="340,0,161,0,249,35,240,-25" owari="340,44.0,161,-33.9,284,8.4,215,-18.5" /></mjloggm>