<mjloggm ver="2.3"><GO type="225" lobby="0"/><UN n0="%E3%83%97%E3%83%AC%E3%83%B4%E3%82%A1%E3%83%86%E3%82%A3" n1="%E3%81%AA%E3%81%8A%E3%81%A8%4E%4D%42" n2="%E5%B0%8F%37%34" n3="%E9%9B%AA%E5%B9%B3%E5%AF%8C%E8%89%AF%E9%87%8E" dan="16,16,16,16" rate="2120.33,2131.22,2148.63,2076.85" sx="F,M,M,F"/><TAIKYOKU oya="0"/><INIT seed="0,0,0,3,2,4" ten="250,250,250,250" oya="0" hai0="104,82,29,39,103,124,59,51,98,19,96,72,89" hai1="118,109,57,91,107,37,116,77,36,88,84,56,31" hai2="108,74,105,15,48,112,45,24,73,86,123,92,90" hai3="114,85,50,10,119,3,100,64,122,115,22,12,1"/><T61/><D39/><U14/><E107/><V0/><F112/><W20/><G119/><T130/><D130/><U35/><E77/><V55/><F0/><W66/><G12/><T5/><D124/><U133/><E14/><V62/><F123/><W42/><G50/><T113/><D113/><U99/><E99/><V54/><F108/><W81/><G81/><T6/><D51/><U129/><E84/><V65/><F105/><W21/><G85/><T28/><D72/><U9/><E31/><V135/><F135/><W46/><G21/><T52/><D82/><U32/><E129/><V76/><F76/><W106/><G46/><T125/><D125/><U53/><E53/><V87/><F54/><W69/><G106/><T47/><D47/><U2/><E2/><V79/><F24/><W132/><G42/><T94/><REACH who="0" step="1"/><D19/><REACH who="0" ten="240,250,250,250" step="2"/><U97/><E133/><V75/><F75/><W126/><G126/><T63/><D63/><U23/><E109/><V17/><F74/><W40/><G132/><T7/><AGARI ba="0,1" hai="5,6,7,28,29,52,59,61,89,94,96,98,103,104" machi="7" ten="30,6000,0" yaku="1,1,0,1,54,1,53,0" doraHai="4" doraHaiUra="111" who="0" fromWho="0" sc="240,70,250,-20,250,-20,250,-20" /><INIT seed="0,1,0,2,4,31" ten="310,230,230,230" oya="0" hai0="123,41,29,121,32,87,117,16,96,77,131,91,17" hai1="8,104,94,55,44,105,47,73,36,110,30,3,60" hai2="11,20,33,111,19,133,15,126,4,1,26,114,42" hai3="78,65,24,53,109,128,90,40,100,88,18,72,80"/><T49/><D117/><U132/><E73/><V112/><F42/><W98/><G109/><T28/><D131/><U13/><E110/><V129/><F111/><W52/><G128/><T125/><D77/><U82/><E82/><V99/><F99/><W2/><G2/><T92/><D125/><U67/><E3/><V68/><F68/><W113/><G113/><N who="2" m="43625" /><F129/><W22/><G40/><T81/><D41/><U63/><E94/><V14/><F126/><W27/><G65/><T106/><D106/><U58/><E30/><N who="2" m="19671" /><F133/><W101/><G27/><AGARI ba="1,0" hai="1,4,11,14,15,19,20,27" m="19671,43625" machi="27" ten="30,3900,0" yaku="34,2,52,1" doraHai="31" who="2" fromWho="3" sc="310,0,230,0,230,42,230,-42" /><INIT seed="1,0,0,3,1,18" ten="310,230,272,188" oya="1" hai0="26,100,45,12,51,11,19,123,67,134,28,0,83" hai1="128,105,23,42,22,76,115,44,75,125,32,106,4" hai2="111,89,56,50,33,31,120,69,63,121,110,55,2" hai3="82,7,108,99,46,21,131,61,27,24,117,25,34"/><U29/><E125/><V103/><F2/><W71/><G108/><N who="2" m="41513" /><F103/><W59/><G71/><T127/><D127/><U68/><E115/><V48/><F89/><W6/><G131/><T39/><D39/><U135/><E68/><V98/><F98/><W17/><G117/><T35/><D134/><U78/><E4/><V70/><F33/><W14/><G34/><T122/><D100/><U79/><E75/><V109/><F31/><W54/><G46/><T90/><D67/><U10/><E10/><V86/><F86/><W133/><G133/><T74/><D74/><U93/><E135/><V8/><F8/><W101/><REACH who="3" step="1"/><G82/><REACH who="3" ten="310,230,272,178" step="2"/><T60/><D83/><U49/><E128/><V91/><F109/><W40/><G40/><T5/><D90/><U62/><E32/><V107/><F91/><W9/><G9/><T66/><D0/><U102/><E44/><V87/><F70/><W43/><G43/><T73/><D5/><U84/><E42/><V30/><F69/><W15/><G15/><T57/><REACH who="0" step="1"/><D73/><REACH who="0" ten="300,230,272,178" step="2"/><U112/><E76/><V20/><F121/><W65/><G65/><T47/><D47/><U119/><E78/><V3/><F120/><W38/><G38/><T13/><D13/><U64/><E79/><V92/><F3/><W72/><G72/><T88/><D88/><U132/><E64/><V58/><F107/><AGARI ba="0,2" hai="6,7,14,17,21,24,25,27,54,59,61,99,101,107" machi="107" ten="40,2600,0" yaku="1,1,52,1,53,0" doraHai="18" doraHaiUra="130" who="3" fromWho="2" sc="300,0,230,0,272,-26,178,46" /><INIT seed="2,0,0,3,1,87" ten="300,230,246,224" oya="2" hai0="133,109,47,103,39,102,63,11,24,106,57,43,91" hai1="108,81,16,42,66,135,130,9,122,32,127,48,126" hai2="15,114,90,8,74,105,75,129,53,31,120,40,19" hai3="115,99,62,30,97,110,93,125,88,119,100,82,78"/><V37/><F120/><W83/><G119/><T64/><D109/><U38/><E122/><V96/><F114/><W46/><G115/><T13/><D133/><U22/><E108/><V112/><F112/><W14/><G110/><T117/><D117/><U116/><E116/><V92/><F129/><W35/><G125/><N who="1" m="47626" /><E38/><V85/><F31/><W89/><G35/><T118/><D118/><U2/><E32/><V50/><F37/><W60/><G30/><T54/><D106/><U70/><E135/><V3/><F40/><W56/><G46/><T29/><D64/><U95/><E130/><V84/><F3/><W6/><G60/><T134/><D134/><U113/><E81/><N who="3" m="30730" /><G97/><T0/><D0/><U58/><E70/><V4/><F4/><W59/><G78/><T44/><D44/><N who="1" m="25623" /><E95/><V27/><F105/><W101/><G100/><T49/><D39/><U65/><E58/><N who="3" m="22058" /><G62/><T28/><D28/><U69/><E69/><V41/><F41/><W77/><G77/><T124/><D124/><U45/><E45/><V68/><F68/><W20/><G20/><T107/><D107/><U5/><E113/><V51/><F75/><W123/><G123/><T25/><D29/><U121/><E121/><V55/><F74/><W67/><G67/><T111/><D111/><U128/><E128/><V17/><F50/><W18/><G18/><N who="0" m="8511" /><D103/><U36/><E36/><V26/><F51/><W71/><G71/><T104/><D102/><U98/><E98/><V10/><F19/><W7/><G6/><T23/><D104/><U94/><E94/><V33/><F33/><W61/><G61/><RYUUKYOKU ba="0,0" sc="300,-15,230,15,246,-15,224,15" hai1="2,5,9,16,22,65,66" hai3="7,14,88,89,93,99,101" /><INIT seed="3,1,0,3,5,104" ten="285,245,231,239" oya="3" hai0="46,23,47,45,54,43,91,82,38,32,24,86,122" hai1="42,77,58,130,96,71,120,134,97,59,108,36,80" hai2="135,6,73,5,85,83,0,101,34,40,114,102,25" hai3="11,48,89,9,88,56,74,21,76,64,112,41,81"/><W12/><G112/><T132/><D122/><U49/><E120/><V15/><F114/><W29/><G64/><T121/><D121/><U44/><E108/><V126/><F0/><W131/><G131/><T94/><D132/><U84/><E130/><V62/><F135/><W14/><G11/><T109/><D109/><U51/><E71/><V33/><F126/><W78/><G78/><T127/><D32/><U50/><E134/><V30/><F34/><W119/><G119/><T4/><D4/><U8/><E8/><V67/><F40/><W39/><G39/><T72/><D54/><U1/><E1/><V99/><F73/><W105/><G105/><T133/><D133/><U17/><E17/><V79/><F15/><W111/><G111/><T110/><D127/><U69/><E69/><V90/><F79/><W20/><G20/><T75/><D110/><U100/><REACH who="1" step="1"/><E97/><REACH who="1" ten="285,235,231,239" step="2"/><V16/><F16/><N who="3" m="10375" /><G29/><T103/><D38/><U117/><E117/><V128/><F128/><W116/><G116/><T124/><D124/><U13/><E13/><V28/><F28/><W60/><G9/><T19/><D43/><U66/><E66/><V26/><F26/><W18/><G14/><T129/><REACH who="0" step="1"/><D129/><REACH who="0" ten="275,235,231,239" step="2"/><U3/><E3/><V22/><F33/><W31/><G41/><T93/><D93/><AGARI ba="1,2" hai="36,42,44,49,50,51,58,59,77,80,84,93,96,100" machi="93" ten="40,1300,0" yaku="1,1,53,0" doraHai="104" doraHaiUra="125" who="1" fromWho="0" sc="275,-16,235,36,231,0,239,0" /><INIT seed="4,0,0,3,5,50" ten="259,271,231,239" oya="0" hai0="58,48,29,16,84,7,69,49,127,81,28,3,30" hai1="123,90,109,76,98,88,110,87,113,71,10,97,46" hai2="135,133,93,35,15,115,83,25,82,74,12,41,63" hai3="44,116,61,128,101,21,8,51,68,118,24,122,65"/><T77/><D69/><U104/><E71/><V85/><F115/><W38/><G101/><T31/><N who="0" m="7168" /><DORA hai="53" /><T42/><D127/><U34/><E10/><V99/><F35/><W56/><G8/><T132/><D132/><N who="2" m="50762" /><F25/><W17/><G128/><T36/><D3/><U111/><E46/><V27/><F27/><W62/><G122/><T32/><D7/><U91/><E34/><V14/><F41/><N who="3" m="22583" /><G61/><T119/><D32/><U134/><E123/><V2/><F2/><W20/><G20/><T108/><D119/><U0/><E0/><V120/><F120/><W4/><G4/><T23/><D36/><U126/><E126/><V102/><F74/><W114/><G114/><T103/><D42/><U72/><E113/><V75/><F75/><W79/><G79/><T73/><D73/><U54/><E54/><AGARI ba="0,0" hai="17,21,24,51,54,56,62,65,68,116,118" m="22583" machi="54" ten="30,3900,0" yaku="24,1,52,2" doraHai="50,53" who="3" fromWho="1" sc="259,0,271,-39,231,0,239,39" /><INIT seed="5,0,0,4,0,103" ten="259,232,231,278" oya="1" hai0="127,91,122,97,129,123,125,76,34,113,27,98,82" hai1="72,120,12,6,69,66,21,124,13,100,67,86,54" hai2="14,65,118,19,107,73,42,83,106,88,45,78,104" hai3="81,77,28,36,2,44,58,68,121,32,87,62,128"/><U96/><E72/><V22/><F65/><W23/><G2/><T25/><D34/><U119/><E119/><V105/><F105/><W60/><G128/><T39/><D39/><U29/><E69/><V101/><F118/><W117/><G32/><T20/><D129/><U52/><E124/><N who="0" m="47689" /><D20/><U50/><E120/><N who="0" m="46121" /><D25/><N who="1" m="16559" /><E54/><V61/><F61/><W92/><G23/><T0/><D27/><U3/><E3/><V31/><F31/><W75/><G28/><T71/><D71/><U8/><E13/><V126/><F126/><W89/><G68/><T26/><D26/><U94/><E86/><V111/><F111/><W109/><G109/><T53/><D0/><U114/><E114/><V43/><F43/><W131/><G131/><T59/><D113/><U4/><E4/><V9/><F9/><W112/><G112/><T10/><D10/><U116/><E116/><V7/><F7/><W40/><G117/><T70/><D70/><U64/><E64/><V37/><REACH who="2" step="1"/><F88/><REACH who="2" ten="259,232,221,278" step="2"/><W99/><G121/><T84/><D91/><U47/><AGARI ba="0,1" hai="6,8,12,47,50,52,66,67,94,96,100" m="16559" machi="47" ten="30,3000,0" yaku="8,1,54,1" doraHai="103" who="1" fromWho="1" sc="259,-10,232,40,221,-10,278,-10" /><INIT seed="5,1,0,3,3,111" ten="249,272,211,268" oya="1" hai0="45,26,133,32,134,112,121,128,74,29,3,39,97" hai1="1,22,105,100,117,23,60,12,129,88,118,9,84" hai2="104,65,34,31,106,16,66,46,76,126,113,40,13" hai3="114,4,52,42,90,18,95,72,92,5,62,86,53"/><U87/><E1/><V21/><F126/><W108/><G108/><T78/><D121/><U17/><E84/><V24/><F76/><W127/><G72/><T8/><D128/><U107/><E129/><V27/><F113/><W37/><G114/><T41/><D97/><U15/><E23/><V70/><F27/><W91/><G42/><T122/><D122/><U7/><E60/><V2/><F2/><W73/><G73/><T51/><D51/><U120/><E120/><V56/><F70/><W44/><G37/><T82/><D112/><U11/><E11/><V67/><REACH who="2" step="1"/><F56/><REACH who="2" ten="249,272,201,268" step="2"/><N who="3" m="35079" /><G127/><T49/><D49/><AGARI ba="1,1" hai="13,16,21,24,31,34,40,46,49,65,66,67,104,106" machi="49" ten="40,2600,0" yaku="1,1,54,1,53,0" doraHai="111" doraHaiUra="33" who="2" fromWho="0" sc="249,-29,272,0,201,39,268,0" /><INIT seed="6,0,0,3,3,25" ten="220,272,240,268" oya="2" hai0="97,32,92,28,128,3,86,57,66,65,59,120,42" hai1="96,34,99,61,39,51,50,30,60,55,48,93,37" hai2="31,74,19,72,117,22,14,33,53,52,131,36,102" hai3="87,78,100,17,116,107,62,81,115,38,54,63,130"/><V122/><F117/><W85/><G130/><T71/><D128/><U101/><E30/><V94/><F131/><W29/><G38/><T13/><D120/><U7/><E34/><V68/><F122/><W98/><G115/><T125/><D125/><U40/><E7/><V69/><F36/><W67/><G116/><T64/><D3/><U23/><E23/><V114/><F114/><W121/><G121/><T44/><D71/><U20/><E20/><V16/><F68/><W79/><G17/><T0/><D13/><U108/><E108/><V58/><F69/><W89/><G29/><T77/><D0/><U10/><E10/><V127/><F127/><W118/><G54/><T91/><D77/><U129/><E129/><V9/><F53/><W2/><G2/><T26/><REACH who="0" step="1"/><D86/><REACH who="0" ten="210,272,240,268" step="2"/><U73/><E73/><V46/><F72/><W41/><G85/><T18/><D18/><U56/><E99/><N who="2" m="59767" /><F74/><W15/><G15/><T109/><D109/><U133/><E96/><V21/><F33/><W27/><G98/><T84/><D84/><U5/><E5/><N who="2" m="3375" /><F46/><W4/><G4/><T111/><D111/><U24/><E24/><N who="2" m="16783" /><F22/><W11/><G118/><T90/><D90/><U70/><E70/><V6/><F6/><W103/><G89/><T135/><D135/><U75/><E75/><V35/><F35/><W83/><G78/><T112/><D112/><U124/><E124/><V104/><F104/><W45/><G107/><T1/><D1/><U105/><E105/><V88/><F88/><W119/><G119/><T43/><D43/><U76/><E133/><V134/><F134/><RYUUKYOKU ba="0,1" sc="210,15,272,-15,240,15,268,-15" hai0="26,28,32,42,44,57,59,64,65,66,91,92,97" hai2="16,19,52,58" /><INIT seed="6,1,1,2,3,40" ten="225,257,255,253" oya="2" hai0="128,115,92,118,58,44,48,52,120,43,133,3,102" hai1="54,94,7,16,19,27,93,66,127,55,135,23,90" hai2="62,69,22,36,64,123,77,65,71,95,15,119,8" hai3="38,121,30,111,12,80,91,88,129,57,131,98,75"/><V31/><F119/><W108/><G38/><T18/><D118/><U96/><E135/><V81/><F123/><W72/><G30/><T9/><D120/><U50/><E127/><V112/><F36/><W11/><G57/><T132/><D128/><N who="3" m="49225" /><G121/><T101/><D115/><U63/><E7/><V79/><F112/><W59/><G59/><T122/><D122/><U6/><E6/><V126/><F126/><W35/><G35/><T134/><D92/><U104/><E104/><V73/><F79/><N who="3" m="44135" /><G75/><T29/><D29/><N who="1" m="17663" /><E94/><V68/><F95/><N who="3" m="56679" /><G91/><T124/><D124/><U33/><E33/><V1/><F1/><W21/><G21/><T47/><D3/><U110/><E110/><V13/><F65/><W105/><G105/><T2/><D2/><U130/><E130/><V46/><F8/><W60/><G60/><T49/><D58/><N who="1" m="37239" /><E55/><V45/><F68/><W61/><G61/><T109/><D109/><U85/><E54/><V5/><F71/><W84/><G84/><T39/><D39/><U89/><E50/><V67/><F67/><W32/><G32/><T78/><D78/><U20/><E20/><V76/><F5/><AGARI ba="1,1" hai="5,11,12,108,111" m="56679,44135,49225" machi="5" ten="30,2000,0" yaku="19,1,54,1" doraHai="40" who="3" fromWho="2" sc="225,0,257,0,255,-23,253,33" /><INIT seed="7,0,0,2,4,38" ten="225,257,232,286" oya="3" hai0="0,123,24,115,65,92,119,4,66,56,41,88,3" hai1="109,91,10,58,44,129,128,80,30,120,48,50,2" hai2="55,89,83,20,134,77,52,32,71,23,112,61,69" hai3="78,8,73,103,1,107,121,25,11,12,98,43,7"/><W114/><G121/><T122/><D119/><U5/><E109/><V93/><F32/><W75/><G114/><T133/><D115/><U79/><E91/><V63/><F112/><W105/><G43/><T74/><D74/><U111/><E120/><V85/><F134/><W37/><G37/><T49/><D133/><U108/><E30/><V130/><F130/><N who="1" m="50281" /><E58/><V45/><F69/><W36/><G36/><T60/><D123/><U14/><E50/><N who="2" m="28751" /><F71/><W72/><G25/><T6/><D122/><U64/><E64/><N who="0" m="24681" /><D0/><U18/><E5/><N who="0" m="2153" /><D3/><U84/><E2/><V17/><F55/><AGARI ba="0,0" hai="10,14,18,44,48,55,79,80,84,108,111" m="50281" machi="55" ten="30,1000,0" yaku="19,1" doraHai="38" who="1" fromWho="2" sc="225,0,257,10,232,-10,286,0" owari="225,-17.5,267,6.7,222,-27.8,286,38.6" /></mjloggm>