<mjloggm ver="2.3"><GO type="225" lobby="0"/><UN n0="%E3%81%B5%E3%81%98%E3%81%8B%E3%81%A4" n1="%E3%81%8B%E3%82%8F%E3%81%A1%E3%82%83%E3%82%93%35%38" n2="%E6%81%A5%E6%99%92%E3%81%97" n3="%E3%83%94%E3%83%B3%E3%82%B5%E3%83%AD%E5%BA%97%E5%93%A1" dan="16,17,16,16" rate="2131.31,2231.88,2129.60,2171.49" sx="M,M,M,M"/><TAIKYOKU oya="0"/><INIT seed="0,0,0,4,1,87" ten="250,250,250,250" oya="0" hai0="22,106,126,70,11,7,132,2,79,135,109,41,24" hai1="78,108,66,29,35,69,85,112,13,105,1,37,75" hai2="82,128,48,19,12,39,123,119,59,4,14,8,76" hai3="26,122,49,90,129,32,103,94,27,91,58,47,71"/><T61/><D106/><U44/><E13/><V118/><F123/><W104/><G71/><T56/><D79/><U88/><E1/><V68/><F39/><W57/><G129/><T34/><D70/><U45/><E37/><V92/><F68/><W77/><G104/><T114/><D114/><U72/><E72/><V116/><F128/><W18/><G77/><T42/><D126/><U96/><E112/><V10/><F92/><W43/><G32/><T0/><D34/><U99/><E99/><V65/><F48/><W40/><G40/><T46/><D0/><U100/><E108/><V86/><REACH who="2" step="1"/><F59/><REACH who="2" ten="250,250,240,250" step="2"/><N who="3" m="22539" /><G122/><T127/><D127/><U134/><E134/><N who="0" m="51241" /><D109/><U50/><E50/><V30/><F30/><W17/><G94/><T52/><D46/><U21/><E69/><V81/><F81/><W101/><G101/><T97/><D97/><U28/><E28/><AGARI ba="0,1" hai="2,7,11,22,24,28,41,42,52,56,61" m="51241" machi="28" ten="30,2900,0" yaku="20,1,54,1" doraHai="87" who="0" fromWho="1" sc="250,39,250,-29,240,0,250,0" /><INIT seed="0,1,0,4,4,7" ten="289,221,240,250" oya="0" hai0="2,113,61,24,20,123,10,27,55,45,93,28,13" hai1="83,8,109,90,116,21,106,125,120,52,63,70,41" hai2="29,22,105,60,32,3,108,40,92,134,48,107,15" hai3="65,110,35,71,101,112,53,17,5,51,98,99,91"/><T128/><D123/><U104/><E116/><V131/><F108/><W133/><G112/><T67/><D113/><U81/><E120/><V44/><F131/><W57/><G35/><T122/><D122/><U114/><E114/><V135/><F3/><W33/><G33/><T117/><D117/><U75/><E70/><V6/><F92/><W111/><G133/><N who="2" m="50697" /><F32/><W50/><G5/><T100/><D128/><U54/><E41/><V84/><F84/><W11/><G51/><N who="0" m="29167" /><D24/><U89/><E75/><V119/><F119/><W87/><G65/><T127/><D127/><U118/><E118/><V36/><F60/><W78/><G78/><T30/><D30/><U58/><E125/><V124/><F124/><W103/><G71/><T56/><D2/><U82/><E109/><N who="3" m="41482" /><G103/><T19/><D93/><U86/><E106/><V59/><F6/><W69/><G101/><AGARI ba="1,0" hai="10,13,19,20,27,28,56,61,67,100,101" m="29167" machi="101" ten="30,2900,0" yaku="8,1,52,1" doraHai="7" who="0" fromWho="3" sc="289,32,221,0,240,0,250,-32" /><INIT seed="0,2,0,1,3,84" ten="321,221,240,218" oya="0" hai0="126,64,123,0,38,17,97,1,122,99,92,83,68" hai1="117,65,18,67,110,46,73,103,36,102,35,112,51" hai2="120,37,75,105,71,78,49,55,80,34,91,86,130" hai3="48,11,29,118,10,101,98,42,63,5,33,106,58"/><T14/><D38/><U111/><E35/><V134/><F120/><W90/><G118/><T24/><D126/><U70/><E73/><V41/><F34/><W22/><G33/><T26/><D83/><U133/><E117/><V21/><F130/><W61/><G11/><T125/><D125/><U57/><E18/><V72/><F105/><W15/><G29/><T53/><D68/><U32/><E103/><V108/><F108/><N who="1" m="41513" /><E102/><V69/><F134/><W19/><G90/><T28/><D64/><N who="1" m="24651" /><E32/><V128/><F75/><W114/><G114/><T54/><D92/><U25/><E25/><V94/><F128/><W95/><G106/><T7/><D14/><U47/><E70/><V45/><REACH who="2" step="1"/><F21/><REACH who="2" ten="321,221,230,218" step="2"/><W89/><G101/><T87/><D123/><U76/><E133/><V59/><AGARI ba="2,1" hai="37,41,45,49,55,59,69,71,72,78,80,86,91,94" machi="59" ten="20,12000,2" yaku="1,1,2,1,0,1,7,1,52,1,53,1" doraHai="84" doraHaiUra="82" who="2" fromWho="2" sc="321,-62,221,-32,230,136,218,-32" /><INIT seed="1,0,0,3,5,46" ten="259,189,366,186" oya="1" hai0="134,113,45,80,123,41,91,21,111,8,99,103,114" hai1="4,64,49,52,78,0,122,84,6,31,40,51,66" hai2="44,55,16,37,65,117,1,97,128,32,20,75,85" hai3="10,33,83,23,86,35,104,101,27,77,76,24,131"/><U132/><E122/><V96/><F75/><W133/><G131/><T56/><D123/><U79/><E132/><V106/><F1/><W12/><G133/><T15/><D111/><U112/><E112/><V3/><F3/><W118/><G118/><T14/><D134/><U127/><E127/><V68/><F117/><W43/><G77/><N who="1" m="29194" /><E0/><V59/><F32/><W81/><G81/><T109/><D109/><U98/><E31/><V25/><F128/><W92/><G104/><T18/><D56/><N who="1" m="32783" /><E98/><V69/><F85/><W2/><G2/><T105/><D80/><U125/><E84/><V7/><F7/><N who="1" m="2601" /><E125/><V95/><F106/><W87/><G35/><T121/><D121/><U28/><E28/><V58/><F97/><W120/><G33/><T126/><D126/><U70/><E70/><V53/><F68/><W74/><G120/><T50/><REACH who="0" step="1"/><D91/><REACH who="0" ten="249,189,366,186" step="2"/><U38/><E38/><V110/><F37/><W116/><G83/><T22/><D22/><U62/><E62/><N who="2" m="38103" /><F69/><W130/><G130/><T71/><D71/><U108/><E108/><V42/><F110/><W100/><G116/><T30/><D30/><U89/><E89/><N who="2" m="55407" /><F59/><W19/><G76/><T82/><D82/><U63/><E63/><V29/><F29/><W13/><G74/><T17/><AGARI ba="0,1" hai="8,14,15,17,18,21,41,45,50,99,103,105,113,114" machi="17" ten="20,5200,0" yaku="1,1,0,1,7,1,52,1,53,0" doraHai="46" doraHaiUra="115" who="0" fromWho="0" sc="249,62,189,-26,366,-13,186,-13" /><INIT seed="2,0,0,4,1,40" ten="311,163,353,173" oya="2" hai0="121,82,33,39,31,99,85,78,107,55,77,81,73" hai1="19,105,114,117,74,8,87,30,7,124,112,69,54" hai2="2,106,91,120,10,27,122,21,47,63,37,44,34" hai3="116,70,132,51,79,128,102,29,125,11,123,48,13"/><V90/><F106/><W119/><G123/><T84/><D121/><U35/><E87/><V45/><F37/><W23/><G70/><T71/><D71/><U3/><E54/><V111/><F34/><W59/><G128/><T134/><D134/><U25/><E74/><V80/><F111/><W62/><G132/><T14/><D39/><U131/><E105/><V65/><F120/><W110/><G110/><T6/><D73/><U127/><E69/><V58/><F122/><W92/><G125/><N who="1" m="48202" /><E117/><V61/><F80/><W135/><G79/><T86/><D33/><U104/><E104/><V93/><F63/><W57/><G135/><T16/><D31/><U53/><E53/><V101/><F10/><W38/><G38/><T50/><D6/><U126/><N who="1" m="48210" /><U83/><DORA hai="75" /><E83/><V24/><F2/><W26/><G119/><T9/><D107/><U52/><E52/><V56/><F56/><N who="3" m="21579" /><G62/><T18/><D99/><U130/><E19/><N who="2" m="12351" /><F27/><W67/><G67/><T64/><D64/><U115/><AGARI ba="0,0" hai="3,7,8,25,30,35,112,114,115,130,131" m="48210" machi="115" ten="50,8000,1" yaku="18,1,23,1,34,2" doraHai="40,75" who="1" fromWho="1" sc="311,-20,163,80,353,-40,173,-20" /><INIT seed="3,0,0,1,1,14" ten="291,243,313,153" oya="3" hai0="100,87,50,23,97,37,77,22,116,48,74,24,119" hai1="127,84,85,121,71,92,79,44,35,117,130,58,21" hai2="126,118,112,91,108,70,7,29,40,10,95,86,56" hai3="60,78,68,30,129,135,1,25,5,47,93,4,39"/><W52/><G129/><T9/><D37/><U17/><E71/><V81/><F112/><W16/><G135/><T6/><D74/><U125/><E121/><V104/><F70/><W67/><G1/><T42/><D23/><U65/><E35/><V88/><F118/><W103/><G78/><T53/><D42/><U13/><E117/><V41/><F104/><W73/><G73/><T61/><D61/><U114/><E114/><V128/><F108/><W3/><G3/><T57/><D50/><U64/><E130/><V27/><F126/><W94/><G39/><T54/><D87/><U59/><E125/><V45/><F56/><N who="3" m="37255" /><G30/><T89/><D77/><U109/><E109/><V43/><F128/><W51/><G68/><T2/><D54/><U62/><E127/><V110/><F45/><W101/><G94/><T105/><REACH who="0" step="1"/><D89/><REACH who="0" ten="281,243,313,153" step="2"/><U38/><E38/><V55/><F55/><W32/><G32/><T72/><D72/><U76/><E44/><V115/><F110/><W83/><G83/><T28/><AGARI ba="0,1" hai="2,6,9,22,24,28,48,53,57,97,100,105,116,119" machi="28" ten="20,2700,0" yaku="1,1,0,1,7,1,53,0" doraHai="14" doraHaiUra="15" who="0" fromWho="0" sc="281,37,243,-7,313,-7,153,-13" owari="318,41.8,236,-16.4,306,10.6,140,-36.0" /></mjloggm>