<mjloggm ver="2.3"><GO type="225" lobby="0"/><UN n0="%E3%81%BE%E3%81%A8%E3%81%9F" n1="%E6%80%AA%E3%81%97%E3%81%99%E3%81%8E%E3%82%8B%E3%83%81%E3%83%BC" n2="%E3%81%99%E3%81%84%E3%81%BE%E3%81%9B%E3%83%BC%E3%82%93" n3="%72%65%6E%6B%75%6E" dan="16,16,16,17" rate="2145.55,2097.35,2166.08,2237.99" sx="M,M,M,M"/><TAIKYOKU oya="0"/><INIT seed="0,0,0,2,4,95" ten="250,250,250,250" oya="0" hai0="111,90,8,83,23,104,96,121,103,19,112,74,92" hai1="27,135,20,56,61,28,30,57,11,49,106,12,42" hai2="101,68,18,118,7,85,54,41,117,120,62,52,81" hai3="72,102,79,21,78,77,71,2,10,1,105,47,98"/><T60/><D112/><U65/><E106/><V113/><F113/><W133/><G71/><T5/><D121/><U59/><E135/><V63/><F120/><W26/><G133/><T25/><D111/><U67/><E28/><V66/><F7/><W115/><G115/><T50/><D50/><U38/><E38/><V131/><F131/><W37/><G72/><T53/><D83/><U73/><E73/><V3/><F3/><W51/><G37/><T16/><D74/><U87/><E87/><V35/><F35/><W97/><G10/><T108/><D108/><U122/><E65/><N who="2" m="41015" /><F18/><W39/><G97/><T44/><D44/><N who="1" m="25751" /><E122/><V9/><F9/><W4/><G4/><AGARI ba="0,0" hai="4,11,12,20,27,30,56,57,59,61,67" m="25751" machi="4" ten="30,1000,0" yaku="8,1" doraHai="95" who="1" fromWho="3" sc="250,0,250,10,250,0,250,-10" /><INIT seed="1,0,0,5,1,28" ten="250,260,250,240" oya="1" hai0="94,53,7,6,109,17,60,50,37,65,15,43,119" hai1="111,38,113,32,21,103,55,67,112,77,131,107,54" hai2="105,114,85,102,33,58,74,87,63,125,98,104,27" hai3="129,80,70,51,36,35,124,134,120,26,78,30,3"/><U1/><E1/><V86/><F125/><W126/><G36/><T91/><D119/><U130/><E38/><V115/><F74/><W110/><G120/><T73/><D73/><U61/><E77/><V83/><F105/><W106/><G106/><T23/><D109/><U68/><E111/><V90/><F27/><W76/><G110/><T25/><D43/><U117/><E21/><V40/><F40/><W22/><G70/><T24/><D37/><U100/><E32/><V8/><F8/><W133/><G3/><T108/><D108/><U88/><E88/><V11/><F11/><W81/><G51/><T66/><D24/><U69/><E107/><V132/><F33/><W116/><G22/><T34/><D34/><U118/><E61/><V47/><F47/><W41/><G41/><T16/><D65/><AGARI ba="0,0" hai="54,55,65,67,68,69,100,103,112,113,117,118,130,131" machi="65" ten="25,2400,0" yaku="22,2" doraHai="28" who="1" fromWho="0" sc="250,-24,260,24,250,0,240,0" /><INIT seed="1,1,0,2,0,29" ten="226,284,250,240" oya="1" hai0="38,118,49,74,61,82,77,42,88,79,58,41,20" hai1="100,68,32,120,107,99,91,3,128,132,63,44,70" hai2="86,117,45,133,96,89,9,27,57,56,59,65,40" hai3="105,69,25,101,35,47,2,62,111,98,121,1,34"/><U135/><E120/><V36/><F117/><W113/><G121/><T19/><D118/><U102/><E3/><N who="3" m="1034" /><G111/><T131/><D131/><U24/><E102/><V97/><F133/><N who="1" m="51273" /><E128/><V50/><F36/><W95/><G95/><T129/><D129/><U7/><E7/><V21/><F9/><W5/><G5/><T53/><D38/><U33/><E44/><V123/><F65/><N who="3" m="41143" /><G25/><T114/><D114/><U28/><E33/><N who="3" m="12298" /><G47/><T6/><D6/><U48/><E91/><V12/><F12/><W94/><G94/><T85/><D61/><U108/><E108/><V106/><F123/><W14/><G14/><T18/><D18/><U39/><E63/><V83/><F106/><W17/><G17/><AGARI ba="1,0" hai="17,21,27,40,45,50,56,57,59,83,86,89,96,97" machi="17" ten="40,1300,0" yaku="8,1" doraHai="29" who="2" fromWho="3" sc="226,0,284,0,250,16,240,-16" /><INIT seed="2,0,0,1,3,18" ten="226,284,266,224" oya="2" hai0="22,90,7,82,50,67,103,47,134,129,48,112,14" hai1="5,123,107,93,34,40,105,59,131,74,122,8,28" hai2="20,6,26,58,70,87,114,69,80,30,49,126,79" hai3="16,99,64,24,21,0,9,15,101,117,115,128,68"/><V53/><F114/><W109/><G117/><T130/><D112/><U66/><E131/><N who="0" m="50185" /><D103/><U65/><E74/><V96/><F126/><W73/><G115/><T31/><D67/><N who="1" m="25611" /><E59/><V97/><REACH who="2" step="1"/><F6/><REACH who="2" ten="226,284,256,224" step="2"/><W23/><G128/><T72/><D134/><U86/><E5/><V78/><F78/><W106/><G109/><T45/><D7/><U57/><E122/><V63/><F63/><W19/><G0/><T125/><D125/><U3/><E3/><V84/><F84/><W42/><G73/><T116/><D116/><U17/><E86/><V12/><F12/><W77/><G77/><T25/><D14/><U92/><E123/><V39/><F39/><W124/><G124/><T4/><D4/><U76/><E76/><V108/><F108/><W61/><REACH who="3" step="1"/><G42/><REACH who="3" ten="226,284,256,214" step="2"/><T102/><D72/><U11/><E40/><V111/><F111/><W75/><G75/><T52/><D102/><U132/><E132/><V38/><F38/><W55/><G55/><N who="0" m="30095" /><D90/><U113/><E113/><V44/><F44/><W54/><G54/><T120/><D120/><U71/><E107/><V51/><F51/><W36/><G36/><T62/><D52/><U100/><E100/><V104/><F104/><W127/><G127/><T13/><D50/><U27/><E105/><V85/><F85/><W83/><G83/><T91/><D82/><U98/><E93/><V46/><F46/><W29/><G29/><T110/><D47/><U43/><E92/><V56/><F56/><W41/><G41/><T35/><D110/><U118/><E43/><V95/><F95/><W1/><G1/><T94/><D94/><RYUUKYOKU ba="0,2" sc="226,-15,284,-15,256,15,214,15" hai2="20,26,30,49,53,58,69,70,79,80,87,96,97" hai3="9,15,16,19,21,23,24,61,64,68,99,101,106" /><INIT seed="2,1,2,5,2,79" ten="211,269,271,229" oya="2" hai0="55,68,114,7,88,89,107,56,92,82,129,21,46" hai1="84,66,117,77,3,122,1,17,41,59,78,49,81" hai2="51,113,85,62,109,70,30,102,34,36,2,118,126" hai3="96,6,57,52,116,35,65,60,131,40,73,103,39"/><V93/><F51/><W14/><G116/><T64/><D114/><U44/><E117/><V112/><F93/><N who="3" m="58767" /><G35/><T4/><D107/><U75/><E122/><V20/><F102/><W5/><G73/><T119/><D129/><U61/><E78/><V8/><F34/><W12/><G131/><T22/><D119/><U134/><E134/><V10/><F2/><W45/><G39/><T54/><D46/><U97/><E75/><V48/><F36/><W132/><G40/><T9/><D68/><U27/><E97/><V130/><F70/><W99/><G99/><T86/><D64/><U111/><E111/><V125/><F109/><W87/><G132/><T38/><D38/><U25/><E25/><V29/><F130/><W124/><G124/><T43/><D43/><U67/><E67/><V106/><F106/><W133/><G133/><T72/><D72/><U50/><E50/><V13/><F48/><N who="3" m="28687" /><G87/><N who="0" m="52255" /><D54/><U104/><E104/><V16/><F118/><W135/><G135/><T37/><D37/><U69/><E69/><V32/><F32/><W100/><G100/><T71/><D71/><U31/><E17/><V101/><F101/><W83/><G83/><T94/><D94/><U120/><E120/><V23/><F16/><W74/><G74/><T11/><D4/><AGARI ba="1,2" hai="4,5,6,12,14,57,60,65" m="28687,58767" machi="4" ten="30,2000,0" yaku="8,1,54,1" doraHai="79" who="3" fromWho="0" sc="211,-23,269,0,271,0,229,43" /><INIT seed="3,0,0,3,2,134" ten="188,269,271,272" oya="3" hai0="119,11,111,67,50,30,77,130,92,94,123,71,75" hai1="99,34,131,12,101,51,62,56,45,1,63,3,102" hai2="72,69,80,19,16,46,4,81,104,132,0,22,33" hai3="55,74,89,32,43,105,120,112,52,57,106,116,64"/><W65/><G32/><T6/><D119/><U18/><E131/><V96/><F69/><W58/><G116/><T128/><D123/><U66/><E34/><V15/><F33/><W44/><G74/><T107/><D107/><U60/><E3/><V109/><F109/><W53/><G120/><T48/><D30/><U42/><E1/><V133/><F72/><W70/><G112/><T47/><D77/><U82/><E82/><V23/><F46/><W85/><G105/><T39/><D75/><U100/><REACH who="1" step="1"/><E99/><REACH who="1" ten="188,259,271,272" step="2"/><V37/><F96/><W20/><G106/><T127/><D111/><U78/><E78/><V117/><F0/><W25/><G70/><T26/><D130/><U38/><E38/><V21/><F37/><W59/><G64/><T97/><D128/><U68/><E68/><V13/><F104/><W35/><G65/><T9/><D67/><U40/><E40/><V122/><F122/><W7/><G35/><T90/><D71/><U103/><N who="1" m="25600" /><DORA hai="86" /><U93/><E93/><V129/><F129/><W31/><G43/><T110/><D94/><U49/><E49/><V98/><F117/><W79/><G79/><T95/><D95/><U76/><E76/><V17/><F98/><W2/><G89/><T83/><D92/><U135/><E135/><V5/><F133/><W125/><G85/><T61/><D90/><U28/><E28/><V121/><F132/><W88/><G88/><T115/><D97/><U8/><AGARI ba="0,1" hai="8,12,18,42,45,51,56,60,62,63,66" m="25600" machi="8" ten="40,5200,0" yaku="1,1,0,1,8,1,53,0" doraHai="134,86" doraHaiUra="108,91" who="1" fromWho="1" sc="188,-13,259,62,271,-13,272,-26" owari="175,-32.5,321,42.1,258,5.8,246,-15.4" /></mjloggm>