<mjloggm ver="2.3"><GO type="225" lobby="0"/><UN n0="%E9%89%A2%E5%B7%BB%E3%82%AC%E3%83%96" n1="%E6%97%A5%E6%9B%9C%E6%97%A5%E3%82%88%E3%82%8A%E3%81%AE%E4%BD%BF%E8%80%85" n2="%E5%AF%82%E5%AF%9E%E3%82%AE%E3%83%8D%E3%82%B9%E3%83%93%E3%83%BC%E3%83%AB" n3="%E8%81%B7%E6%A5%AD%E3%80%81%E9%A2%A8%32" dan="16,18,16,16" rate="2077.65,2156.28,2163.55,2165.63" sx="M,M,M,M"/><TAIKYOKU oya="0"/><INIT seed="0,0,0,0,1,35" ten="250,250,250,250" oya="0" hai0="104,62,52,118,72,119,120,134,67,126,65,66,38" hai1="25,130,60,64,6,110,9,23,73,90,37,131,21" hai2="19,30,11,43,74,27,61,15,24,109,103,49,46" hai3="71,125,88,113,95,59,45,22,82,26,56,63,116"/><T92/><D104/><U84/><E73/><V79/><F109/><W47/><G113/><T75/><D120/><U78/><E78/><V70/><F103/><W122/><G116/><N who="0" m="44587" /><D92/><U100/><E100/><V36/><F30/><W117/><G125/><T76/><D76/><U40/><E40/><V51/><F51/><W114/><G114/><T14/><D14/><U121/><E37/><V42/><F42/><W86/><G122/><T28/><D28/><U16/><E110/><V12/><F36/><W4/><G4/><T20/><D20/><U57/><E23/><V80/><REACH who="2" step="1"/><F15/><REACH who="2" ten="250,250,240,250" step="2"/><W106/><G117/><T112/><D38/><U128/><E121/><V83/><F83/><W50/><G82/><T99/><D112/><U123/><E123/><V129/><F129/><W93/><G50/><T39/><D39/><U107/><E107/><V96/><F96/><W58/><G106/><T31/><D99/><U77/><E131/><V111/><F111/><W102/><G102/><T2/><D31/><U18/><E130/><V10/><F10/><W32/><G32/><T48/><D48/><U34/><E34/><V1/><F1/><W29/><G95/><T17/><D2/><N who="1" m="215" /><E128/><V13/><F13/><W44/><REACH who="3" step="1"/><G71/><REACH who="3" ten="250,250,240,240" step="2"/><T97/><D126/><U5/><E5/><V105/><F105/><W7/><G7/><T124/><D124/><U87/><E60/><AGARI ba="0,2" hai="22,26,29,44,45,47,56,58,59,60,63,86,88,93" machi="60" ten="40,5200,0" yaku="1,1,8,1,54,1,53,0" doraHai="35" doraHaiUra="108" who="3" fromWho="1" sc="250,0,250,-52,240,0,240,72" /><INIT seed="1,0,0,5,0,99" ten="250,198,240,312" oya="1" hai0="65,32,117,130,104,52,47,57,80,131,18,96,56" hai1="132,13,66,97,25,81,20,86,49,9,5,55,60" hai2="72,27,44,109,78,33,17,31,102,114,36,129,39" hai3="3,41,58,19,43,63,62,21,112,89,42,40,53"/><U22/><E132/><V1/><F109/><W91/><G112/><T2/><D2/><U119/><E119/><V38/><F129/><N who="0" m="49162" /><D32/><U46/><E97/><V135/><F135/><W98/><G3/><T120/><D117/><U67/><E60/><V8/><F114/><W73/><G73/><T16/><D80/><U100/><E100/><V51/><F102/><W93/><N who="3" m="10240" /><DORA hai="90" /><W54/><G91/><T75/><D75/><U101/><E101/><V74/><F78/><W26/><REACH who="3" step="1"/><G63/><REACH who="3" ten="250,198,240,302" step="2"/><T24/><D120/><U134/><E134/><V12/><F1/><W28/><G28/><T23/><D18/><N who="1" m="12439" /><E22/><V116/><F116/><W128/><G128/><T115/><D115/><U108/><E108/><V82/><F74/><W105/><G105/><T76/><D104/><U94/><E94/><V121/><F121/><W111/><G111/><T70/><D23/><U118/><E118/><V84/><F72/><W124/><G124/><T71/><D16/><U11/><E11/><V83/><F39/><W45/><G45/><T7/><D47/><U37/><E37/><V79/><F38/><W133/><G133/><T4/><D4/><U113/><E113/><V127/><F36/><W126/><G126/><T95/><D7/><U15/><E15/><V110/><F110/><W34/><G34/><T122/><D122/><U87/><E87/><V77/><F127/><W29/><G29/><T103/><D103/><U107/><E107/><V0/><F0/><W64/><AGARI ba="0,1" hai="19,21,26,53,54,58,62,64,89,93,98" m="10240" machi="64" ten="40,8000,1" yaku="1,1,0,1,8,1,52,1,53,0" doraHai="99,90" doraHaiUra="30,6" who="3" fromWho="3" sc="250,-20,198,-40,240,-20,302,90" /><INIT seed="2,0,0,5,1,49" ten="230,158,220,392" oya="2" hai0="73,128,63,34,81,46,82,33,9,20,57,3,125" hai1="35,118,71,78,31,48,127,50,86,133,106,62,94" hai2="8,95,13,124,5,104,43,42,87,19,121,66,114" hai3="109,70,96,105,21,135,16,2,101,80,22,85,25"/><V37/><F121/><W115/><G109/><T53/><D125/><U60/><E118/><V126/><F104/><W98/><G70/><T77/><D128/><U64/><E106/><V4/><F114/><W28/><G2/><T110/><D110/><U56/><E127/><N who="2" m="48683" /><F66/><W23/><G135/><T65/><D20/><U36/><E36/><V92/><F37/><W39/><G39/><T30/><D30/><U108/><E108/><V93/><F87/><W54/><G115/><T90/><D81/><U91/><E133/><V47/><F47/><W119/><G119/><T38/><D90/><U52/><REACH who="1" step="1"/><E78/><REACH who="1" ten="230,148,220,392" step="2"/><V29/><F29/><W79/><G28/><T24/><D77/><U68/><E68/><V40/><AGARI ba="0,1" hai="4,5,8,13,19,40,42,43,92,93,95" m="48683" machi="40" ten="40,2100,0" yaku="18,1" doraHai="49" who="2" fromWho="2" sc="230,-7,148,-7,220,31,392,-7" /><INIT seed="2,1,0,1,4,20" ten="223,141,251,385" oya="2" hai0="80,84,116,128,9,32,91,126,65,23,102,105,63" hai1="58,41,25,60,24,62,129,59,133,61,64,71,101" hai2="47,88,83,3,111,13,108,29,124,57,19,95,117" hai3="107,68,121,10,134,81,66,12,27,38,113,109,6"/><V53/><F117/><W22/><G109/><N who="2" m="42057" /><F3/><W132/><G121/><T94/><D32/><U14/><E129/><V79/><F29/><W131/><G113/><T74/><D128/><U37/><E133/><N who="3" m="51306" /><G38/><T104/><D126/><U78/><E78/><V34/><F34/><W7/><G107/><T115/><D115/><U4/><E101/><V75/><F47/><W49/><G131/><T31/><D9/><N who="1" m="4391" /><E71/><V72/><F124/><W33/><G33/><T135/><D135/><U118/><E118/><V40/><F40/><W50/><G81/><T120/><D120/><U52/><E37/><V2/><F2/><W36/><G36/><T46/><D46/><U97/><E41/><V45/><F45/><W11/><G66/><T44/><D44/><U87/><E97/><N who="2" m="57575" /><F83/><W30/><G68/><T98/><D116/><U93/><E61/><N who="2" m="36015" /><F79/><W67/><G67/><T125/><D125/><U110/><E110/><V16/><F19/><W51/><G51/><T17/><D17/><U127/><E127/><V85/><F85/><W89/><G89/><AGARI ba="1,0" hai="24,25,52,58,59,60,62,64,87,89,93" m="4391" machi="89" ten="30,7700,0" yaku="8,1,52,2,54,1" doraHai="20" who="1" fromWho="3" sc="223,0,141,80,251,0,385,-80" /><INIT seed="3,0,0,3,4,61" ten="223,221,251,305" oya="3" hai0="72,59,107,46,62,119,57,87,131,4,101,43,93" hai1="128,44,67,135,84,32,99,5,122,66,10,68,0" hai2="89,37,34,26,113,1,110,42,124,38,126,56,20" hai3="15,70,117,19,8,55,71,104,96,11,75,65,12"/><W94/><G75/><T121/><D119/><U74/><E122/><V80/><F113/><W134/><G104/><T108/><D121/><U79/><E68/><V105/><F1/><W21/><G65/><N who="1" m="24586" /><E32/><V102/><F34/><W60/><G117/><T95/><D72/><U40/><E84/><N who="2" m="50311" /><F56/><N who="3" m="34847" /><G134/><T49/><D107/><U36/><E99/><N who="2" m="61663" /><F42/><W83/><G70/><T41/><D108/><U127/><E135/><V18/><F110/><W114/><G71/><T45/><D131/><U23/><E23/><V2/><F2/><W22/><G114/><T69/><D87/><U81/><E127/><AGARI ba="0,0" hai="18,20,26,37,38,124,126,127" m="61663,50311" machi="127" ten="30,1000,0" yaku="18,1" doraHai="61" who="2" fromWho="1" sc="223,0,221,-10,251,10,305,0" owari="223,-17.7,211,-28.9,261,6.1,305,40.5" /></mjloggm>