<mjloggm ver="2.3"><GO type="225" lobby="0"/><UN n0="%E5%8F%AF%E5%85%90%E9%82%A3%E7%94%B1%E5%A4%9A" n1="%33%74%72%65%65" n2="%E3%81%BF%E3%81%BF%E3%81%9A" n3="%E3%82%B2%E3%82%B9%E8%8C%82%E5%8B%9D" dan="17,16,16,16" rate="2143.65,2085.67,2109.26,2054.39" sx="F,F,M,F"/><TAIKYOKU oya="0"/><INIT seed="0,0,0,4,1,93" ten="250,250,250,250" oya="0" hai0="14,32,24,55,103,39,57,8,7,54,79,26,85" hai1="44,117,119,56,25,116,36,101,90,49,95,40,97" hai2="86,132,84,5,122,30,131,126,37,106,111,72,64" hai3="9,115,60,102,94,58,50,41,42,123,75,48,80"/><T12/><D39/><U65/><E25/><V23/><F37/><W99/><G115/><T66/><D103/><U92/><E65/><V61/><F72/><W69/><G69/><T108/><D108/><U118/><N who="1" m="29696" /><DORA hai="3" /><U16/><E16/><V45/><F45/><W51/><G123/><T0/><D0/><U27/><E27/><N who="0" m="10281" /><D32/><U1/><E1/><V133/><F106/><W18/><G80/><N who="0" m="47263" /><D14/><U82/><E82/><V114/><F122/><W96/><G75/><T128/><D128/><U76/><E76/><V21/><F131/><W89/><G18/><T62/><AGARI ba="0,0" hai="7,8,12,54,55,57,62,66" m="47263,10281" machi="62" ten="30,3000,0" yaku="8,1,52,1" doraHai="93,3" who="0" fromWho="0" sc="250,30,250,-10,250,-10,250,-10" /><INIT seed="0,1,0,5,1,134" ten="280,240,240,240" oya="0" hai0="104,62,86,32,132,18,24,8,59,108,20,114,65" hai1="19,118,45,64,126,79,12,122,103,81,63,46,113" hai2="97,107,124,82,73,29,25,129,22,33,35,99,58" hai3="106,3,27,0,77,30,15,115,135,50,26,52,53"/><T16/><D114/><U130/><E118/><V23/><F129/><W112/><G106/><T111/><D104/><U56/><E122/><V40/><F40/><W7/><G77/><T76/><D132/><U21/><E130/><V61/><F124/><W125/><G135/><T67/><D32/><U68/><E113/><V49/><F35/><W83/><G83/><T95/><D67/><U85/><E126/><V70/><F49/><W10/><G125/><T14/><REACH who="0" step="1"/><D76/><REACH who="0" ten="270,240,240,240" step="2"/><U75/><E68/><V71/><F71/><W121/><G112/><T69/><D69/><U119/><E119/><V13/><F70/><W34/><G115/><T60/><D60/><U94/><E75/><V92/><F107/><W72/><G121/><T89/><AGARI ba="1,1" hai="8,14,16,18,20,24,59,62,65,86,89,95,108,111" machi="89" ten="30,6000,0" yaku="1,1,0,1,54,1,53,0" doraHai="134" doraHaiUra="37" who="0" fromWho="0" sc="270,73,240,-21,240,-21,240,-21" /><INIT seed="0,2,0,4,2,97" ten="343,219,219,219" oya="0" hai0="135,53,125,120,39,17,79,70,62,99,47,78,55" hai1="54,67,41,133,74,114,45,51,109,30,90,5,121" hai2="46,10,73,26,116,87,12,112,96,93,110,50,72" hai3="0,22,102,33,82,65,31,4,69,75,1,15,95"/><T64/><D120/><U77/><E121/><V8/><F112/><W19/><G69/><T117/><D117/><U27/><E114/><V49/><F116/><W61/><G75/><T18/><D135/><U106/><E133/><V128/><F110/><W60/><G82/><T101/><D125/><U29/><E106/><V32/><F128/><W13/><G13/><T89/><D89/><U11/><E67/><V130/><F87/><W134/><G134/><T122/><D122/><U126/><E90/><V85/><F85/><W68/><G60/><T24/><D53/><U2/><E126/><V92/><F92/><W103/><G95/><T119/><D119/><U86/><E109/><V42/><F10/><N who="3" m="2311" /><G1/><T118/><D118/><U44/><E86/><V132/><F49/><W56/><G68/><T3/><D3/><U48/><E27/><AGARI ba="2,0" hai="15,19,22,27,31,33,56,61,65,102,103" m="2311" machi="27" ten="30,3900,0" yaku="24,1,52,2" doraHai="97" who="3" fromWho="1" sc="343,0,219,-45,219,0,219,45" /><INIT seed="1,0,0,2,2,1" ten="343,174,219,264" oya="1" hai0="16,14,127,59,38,103,94,35,49,60,34,4,64" hai1="83,50,11,87,84,31,15,32,96,28,7,110,131" hai2="112,79,52,45,67,21,2,13,33,121,43,56,128" hai3="5,107,66,37,6,46,78,91,20,74,102,86,118"/><U108/><E131/><V36/><F33/><W85/><G74/><T95/><D38/><U77/><E96/><V99/><F121/><W122/><G122/><T89/><D127/><U54/><E84/><V17/><F128/><W53/><G118/><T120/><D120/><U116/><E116/><V93/><F112/><W114/><G114/><T135/><D135/><U12/><E12/><V0/><F67/><W42/><G78/><T65/><D65/><U27/><REACH who="1" step="1"/><E28/><REACH who="1" ten="343,164,219,264" step="2"/><V23/><F79/><W61/><G85/><T39/><D14/><U92/><E92/><V123/><F123/><W8/><G86/><T115/><D95/><U125/><E125/><V63/><REACH who="2" step="1"/><F21/><REACH who="2" ten="343,164,209,264" step="2"/><W47/><G20/><T3/><D115/><U88/><E88/><AGARI ba="0,2" hai="0,2,13,17,23,36,43,45,52,56,63,88,93,99" machi="88" ten="30,8000,1" yaku="1,1,2,1,7,1,54,2,53,0" doraHai="1" doraHaiUra="81" who="2" fromWho="1" sc="343,0,164,-80,209,100,264,0" /><INIT seed="2,0,0,1,4,118" ten="343,84,309,264" oya="2" hai0="119,14,45,107,3,65,19,101,133,129,4,41,83" hai1="33,99,30,68,9,62,88,111,110,29,36,115,90" hai2="21,127,82,114,44,56,84,67,31,6,2,78,18" hai3="122,15,131,32,116,60,117,108,16,40,39,94,121"/><V26/><F114/><W70/><G94/><T92/><D107/><U105/><E115/><V55/><F127/><W103/><G103/><T73/><D119/><N who="3" m="45641" /><G32/><T0/><D4/><U87/><E36/><V100/><F100/><W125/><G16/><T66/><D129/><U10/><E87/><V81/><F2/><W86/><G86/><T28/><D28/><U25/><E30/><V132/><F132/><W69/><G15/><T35/><D35/><U23/><E23/><V50/><F6/><W58/><G125/><T72/><D133/><U77/><E77/><V8/><F82/><W12/><G12/><T123/><D0/><U24/><E24/><V13/><REACH who="2" step="1"/><F67/><REACH who="2" ten="343,84,299,264" step="2"/><N who="3" m="39319" /><G131/><T63/><D3/><U102/><E111/><V64/><F64/><W47/><G108/><T126/><D66/><N who="1" m="41047" /><E110/><V27/><F27/><W53/><G53/><T75/><D83/><U43/><E43/><V34/><F34/><W134/><G134/><T93/><D126/><U96/><E90/><V95/><F95/><AGARI ba="0,1" hai="9,10,25,29,33,88,95,96,99,102,105" m="41047" machi="95" ten="30,2000,0" yaku="25,1,54,1" doraHai="118" who="1" fromWho="2" sc="343,0,84,30,299,-20,264,0" /><INIT seed="3,0,0,5,1,14" ten="343,114,279,264" oya="3" hai0="99,91,59,43,113,58,135,1,75,96,51,94,70" hai1="10,100,83,95,112,31,50,101,60,17,30,66,73" hai2="6,29,69,93,39,56,81,28,5,71,16,115,62" hai3="8,128,97,77,18,116,68,26,52,117,110,57,49"/><W67/><G128/><T109/><D70/><U127/><E112/><V134/><F39/><W65/><G77/><T48/><D1/><U104/><E104/><V15/><F71/><W4/><G97/><T132/><D75/><U46/><E127/><V74/><F69/><W106/><G106/><T107/><D109/><U3/><E3/><V47/><F115/><W102/><G102/><N who="0" m="62943" /><D113/><U32/><E32/><V72/><F134/><N who="0" m="51242" /><D43/><U124/><E124/><V11/><F47/><W131/><G131/><T133/><D133/><U78/><E100/><V37/><F37/><W23/><G110/><T20/><D20/><U61/><E101/><V38/><F38/><W129/><G129/><T125/><D125/><U114/><E114/><V40/><F40/><W123/><G123/><T27/><D27/><U118/><E118/><V111/><F111/><W13/><REACH who="3" step="1"/><G68/><REACH who="3" ten="343,114,279,254" step="2"/><T64/><D64/><AGARI ba="0,1" hai="4,8,13,18,23,26,49,52,57,64,65,67,116,117" machi="64" ten="40,12000,1" yaku="1,1,2,1,52,1,54,1,53,1" doraHai="14" doraHaiUra="9" who="3" fromWho="0" sc="343,-120,114,0,279,0,254,130" owari="223,-17.7,114,-38.6,279,7.9,384,48.4" /></mjloggm>