<mjloggm ver="2.3"><GO type="225" lobby="0"/><UN n0="%30%2E%31%32%30" n1="%E3%81%9F%E3%81%8C%E3%82%84%E3%81%99" n2="%E7%B4%94%E6%BD%94%E3%83%94%E3%83%A9%E3%83%8B%E3%82%A2" n3="%E3%81%BE%E3%81%A8%E3%81%9F" dan="16,17,17,16" rate="2159.12,2208.02,2165.17,2172.02" sx="M,M,M,M"/><TAIKYOKU oya="0"/><INIT seed="0,0,0,3,3,3" ten="250,250,250,250" oya="0" hai0="31,33,103,79,65,7,101,53,93,28,98,104,40" hai1="74,106,124,34,99,77,49,84,97,54,22,36,82" hai2="75,119,48,115,111,46,108,89,25,116,55,90,91" hai3="52,120,81,23,126,17,12,43,56,24,57,64,88"/><T39/><D65/><U15/><E34/><V27/><F75/><W87/><G126/><T30/><D79/><U18/><E36/><V132/><F115/><W112/><G112/><T47/><D33/><U129/><E124/><V80/><F80/><W2/><G2/><T38/><D38/><U41/><E129/><V59/><F59/><W127/><G43/><T73/><D73/><U109/><E109/><N who="2" m="42059" /><F132/><W102/><G102/><T50/><D103/><U135/><E135/><V45/><F46/><W118/><G118/><AGARI ba="0,0" hai="25,27,45,48,55,89,90,91,116,118,119" m="42059" machi="118" ten="40,2600,0" yaku="12,1,14,1" doraHai="3" who="2" fromWho="3" sc="250,0,250,0,250,26,250,-26" /><INIT seed="1,0,0,2,5,135" ten="250,250,276,224" oya="1" hai0="74,134,125,70,80,31,32,127,81,87,97,45,26" hai1="93,103,19,122,129,13,109,1,27,47,94,44,51" hai2="53,105,67,42,95,21,49,30,107,113,18,92,90" hai3="3,2,89,84,101,63,64,40,12,57,130,83,59"/><U17/><E1/><V22/><F113/><W66/><G130/><T121/><D134/><U37/><E122/><V132/><F132/><W99/><G40/><T41/><D70/><U68/><E68/><V69/><F42/><W128/><G128/><T55/><D121/><U62/><E37/><V52/><F53/><W118/><G118/><T61/><D97/><U100/><E129/><V34/><F34/><W29/><G29/><T133/><D133/><U96/><E109/><V25/><F67/><W35/><G35/><T0/><D0/><U9/><E62/><V102/><F102/><W78/><G78/><T16/><D74/><U86/><E27/><V50/><F50/><W20/><G59/><T36/><D55/><U23/><E103/><V65/><F92/><W73/><G73/><T119/><D61/><U8/><E19/><V126/><F65/><W85/><G85/><T106/><D106/><U77/><E47/><V33/><F33/><W72/><G72/><T120/><D120/><U15/><E15/><V39/><F39/><W98/><G98/><T88/><D119/><U104/><E104/><V124/><F69/><W115/><G66/><T110/><D110/><U75/><E75/><V60/><F60/><W56/><G57/><T76/><D16/><U79/><E79/><V111/><F111/><W24/><G12/><T48/><D36/><U114/><E114/><V14/><F105/><N who="3" m="63679" /><G115/><T108/><D108/><U82/><REACH who="1" step="1"/><E94/><REACH who="1" ten="250,240,276,224" step="2"/><V91/><F107/><W4/><G4/><T43/><D76/><U5/><E5/><V58/><F95/><W7/><G7/><RYUUKYOKU ba="0,1" sc="250,-30,240,10,276,10,224,10" hai1="8,9,13,17,23,44,51,77,82,86,93,96,100" hai2="14,18,21,22,25,30,49,52,58,90,91,124,126" hai3="2,3,20,24,56,63,64,83,84,89" /><INIT seed="1,1,1,5,3,97" ten="220,250,286,234" oya="1" hai0="17,39,13,51,4,27,117,96,28,111,103,64,109" hai1="55,34,7,92,131,49,85,59,41,70,33,134,35" hai2="90,94,43,15,82,22,80,63,25,119,104,88,105" hai3="11,83,106,93,5,99,66,30,102,23,114,108,44"/><U78/><E70/><V73/><F119/><W95/><G114/><T60/><D39/><U53/><E134/><V14/><F43/><W45/><G108/><N who="0" m="41547" /><D51/><U62/><E131/><V36/><F36/><W40/><G66/><T42/><D42/><U120/><E120/><V20/><F94/><W116/><G116/><T50/><D50/><U0/><E41/><V69/><F73/><W130/><G130/><T9/><D117/><U132/><E132/><V6/><F6/><W72/><G45/><T110/><N who="0" m="41555" /><T107/><DORA hai="2" /><D4/><U123/><E123/><V46/><F25/><W37/><G30/><T127/><D127/><U21/><E21/><V19/><F63/><W89/><G23/><N who="0" m="15487" /><D60/><U67/><E49/><V32/><F32/><W48/><G48/><T81/><D81/><U65/><E7/><V61/><F61/><W3/><G89/><T112/><D64/><U57/><E0/><V8/><F19/><W16/><G16/><T75/><D75/><U125/><E125/><V86/><F46/><W121/><G121/><T124/><D124/><U26/><E67/><V101/><F8/><W122/><G122/><T31/><D31/><U133/><E133/><V24/><F24/><W100/><G100/><T54/><D112/><U71/><E26/><V115/><F115/><W118/><G118/><T128/><D128/><U113/><E113/><V38/><F38/><W77/><AGARI ba="1,1" hai="3,5,11,37,40,44,72,77,83,93,95,99,102,106" machi="77" ten="30,8000,1" yaku="0,1,25,2,52,2" doraHai="97,2" who="3" fromWho="3" sc="220,-21,250,-41,286,-21,234,93" /><INIT seed="2,0,0,2,3,61" ten="199,209,265,327" oya="2" hai0="132,19,5,86,2,4,31,7,15,54,108,97,85" hai1="98,130,114,25,120,92,101,53,133,122,40,8,116" hai2="134,93,32,37,90,126,124,80,113,35,82,44,34" hai3="77,45,60,74,20,89,81,127,71,1,76,70,78"/><V3/><F3/><W38/><G1/><T51/><D132/><U63/><E40/><N who="2" m="22543" /><F113/><W9/><G9/><N who="0" m="6639" /><D108/><U64/><E116/><V79/><F79/><W12/><G71/><T91/><D2/><U107/><E114/><V66/><F66/><W57/><G70/><T48/><D31/><U99/><E130/><V21/><F21/><W102/><G102/><T43/><D43/><U73/><E73/><V121/><F134/><W28/><G76/><T27/><D27/><U16/><E53/><V62/><F62/><W11/><G60/><T106/><D106/><U119/><E119/><V84/><F121/><N who="1" m="46697" /><E133/><V65/><F65/><W129/><G20/><T55/><D55/><U135/><E135/><V128/><F128/><W23/><G23/><T72/><D72/><U68/><E25/><V56/><F56/><W17/><G57/><N who="0" m="32967" /><D51/><U39/><E39/><V47/><F47/><W118/><G45/><T104/><D104/><U14/><E107/><V100/><F100/><W115/><G38/><T109/><D109/><U110/><E99/><V131/><F131/><W87/><G115/><T22/><D22/><U26/><E26/><V49/><F49/><W33/><G118/><T13/><D13/><U42/><E42/><V50/><F50/><W75/><G129/><T30/><D30/><U18/><E110/><V95/><F126/><W41/><G12/><T88/><D97/><U0/><E0/><V111/><F124/><W112/><G127/><T94/><D4/><AGARI ba="0,0" hai="4,8,14,16,18,63,64,68,92,98,101" m="46697" machi="4" ten="30,3900,0" yaku="13,1,52,1,54,1" doraHai="61" who="1" fromWho="0" sc="199,-39,209,39,265,0,327,0" /><INIT seed="3,0,0,3,5,41" ten="160,248,265,327" oya="3" hai0="93,102,101,121,33,94,91,69,4,44,52,112,2" hai1="108,92,129,88,32,28,110,67,99,25,48,119,114" hai2="37,77,57,45,47,36,73,105,55,54,98,117,51" hai3="9,42,66,70,120,128,29,97,124,16,84,13,126"/><W60/><G120/><T125/><D121/><U134/><E67/><V5/><F117/><W86/><G128/><T107/><D69/><U103/><E114/><V14/><F73/><W113/><G113/><T100/><D112/><U68/><E68/><V58/><F77/><W62/><G62/><T65/><D65/><U49/><E129/><V6/><F105/><W27/><G42/><T53/><D33/><U82/><E119/><V12/><F98/><W21/><G97/><T38/><D107/><U106/><E134/><V50/><AGARI ba="0,0" hai="5,6,12,14,36,37,45,47,50,51,54,55,57,58" machi="50" ten="25,8000,1" yaku="0,1,22,2,52,2" doraHai="41" who="2" fromWho="2" sc="160,-20,248,-20,265,80,327,-40" owari="140,-36.0,228,-17.2,345,44.5,287,8.7" /></mjloggm>