<mjloggm ver="2.3"><GO type="225" lobby="0"/><UN n0="%63%68%78%62%64" n1="%E9%95%B7%E5%B7%9E%E3%81%AE%E5%85%8B" n2="%73%75%7A%75%72%61%6E%65" n3="%E3%81%A8%E3%82%93%E3%81%A8%E3%81%93%E3%81%A8%E3%82%93" dan="16,16,16,16" rate="2127.95,2106.67,2026.58,2111.10" sx="M,M,M,F"/><TAIKYOKU oya="0"/><INIT seed="0,0,0,1,5,14" ten="250,250,250,250" oya="0" hai0="23,56,96,10,75,124,79,77,74,49,90,8,57" hai1="109,47,112,129,44,58,68,70,126,34,29,115,20" hai2="37,46,22,54,83,93,114,118,71,50,123,64,4" hai3="76,95,127,42,108,111,98,27,2,36,1,13,16"/><T119/><D119/><U110/><E34/><V40/><F114/><N who="1" m="43561" /><E126/><V86/><F123/><W60/><G76/><T18/><D124/><U87/><E87/><V121/><F121/><W31/><G127/><T120/><D120/><U6/><E6/><V102/><F4/><W43/><G60/><T78/><D75/><U100/><E100/><V26/><F118/><W0/><G36/><T48/><D74/><U82/><E82/><V65/><F71/><N who="1" m="27177" /><E58/><N who="0" m="22633" /><D96/><U130/><E20/><V80/><F102/><W88/><G27/><N who="0" m="14839" /><D90/><U35/><E35/><V132/><F65/><W15/><G31/><T66/><D66/><U72/><E29/><V101/><F64/><W133/><G13/><T17/><D17/><U116/><E72/><V41/><F101/><W97/><G98/><T51/><AGARI ba="0,0" hai="8,10,48,49,51,77,78,79" m="14839,22633" machi="51" ten="40,3900,0" yaku="8,1,52,1" doraHai="14" who="0" fromWho="0" sc="250,39,250,-13,250,-13,250,-13" /><INIT seed="0,1,0,1,2,107" ten="289,237,237,237" oya="0" hai0="89,12,57,127,121,120,135,13,0,130,42,45,14" hai1="55,108,90,77,71,83,30,85,60,93,117,96,78" hai2="49,54,44,69,35,20,16,34,91,74,21,27,17" hai3="76,73,70,50,23,75,129,52,18,123,9,84,43"/><T68/><D68/><U29/><E108/><V82/><F69/><W63/><G129/><T39/><D130/><U118/><E117/><V104/><F104/><W99/><G123/><T100/><D135/><U110/><E110/><V125/><F125/><W67/><G43/><T62/><D127/><U131/><E118/><V8/><F8/><W61/><G61/><T28/><D0/><U111/><E111/><V134/><F134/><W26/><G99/><T95/><D100/><U115/><E115/><V92/><F82/><W97/><G97/><T80/><D28/><U6/><E6/><V58/><F44/><W132/><G132/><T38/><D80/><U112/><E131/><V128/><F74/><W105/><G105/><T4/><D4/><U72/><E112/><V56/><F56/><W1/><G1/><T65/><REACH who="0" step="1"/><D39/><REACH who="0" ten="279,237,237,237" step="2"/><U103/><E71/><V88/><F128/><W81/><REACH who="3" step="1"/><G9/><REACH who="3" ten="279,237,237,227" step="2"/><T109/><D109/><U47/><E83/><V36/><F36/><W98/><G98/><AGARI ba="1,2" hai="12,13,14,38,42,45,57,62,65,89,95,98,120,121" machi="98" ten="40,2000,0" yaku="1,1,53,0" doraHai="107" doraHaiUra="79" who="0" fromWho="3" sc="279,43,237,0,237,0,227,-23" /><INIT seed="0,2,0,3,5,47" ten="322,237,237,204" oya="0" hai0="67,96,74,76,65,35,50,71,24,81,0,52,75" hai1="87,79,49,77,83,64,3,48,106,97,66,2,51" hai2="28,121,110,61,59,10,109,80,133,33,73,111,134" hai3="57,113,72,84,31,36,45,19,124,68,56,5,92"/><T85/><D0/><U15/><E106/><V123/><F80/><W99/><G113/><T70/><D70/><U120/><E120/><N who="2" m="46155" /><F73/><W44/><G72/><T95/><D71/><U127/><E127/><V108/><N who="2" m="27648" /><DORA hai="103" /><V54/><F10/><W32/><G68/><T118/><D118/><U7/><E97/><V101/><F101/><W41/><G124/><T58/><D75/><U135/><E135/><N who="2" m="51723" /><F28/><W69/><G31/><T105/><D105/><U82/><E3/><V20/><F20/><W1/><G32/><AGARI ba="2,0" hai="32,33,54,59,61" m="51723,27648,46155" machi="32" ten="70,4500,0" yaku="14,1,20,1" doraHai="47,103" who="2" fromWho="3" sc="322,0,237,0,237,51,204,-51" /><INIT seed="1,0,0,0,1,73" ten="322,237,288,153" oya="1" hai0="77,72,76,126,14,125,21,59,112,99,130,52,71" hai1="7,75,97,81,16,69,109,78,104,120,49,31,54" hai2="94,15,103,29,89,85,124,61,134,129,121,66,22" hai3="122,128,45,87,55,95,0,96,17,24,116,44,28"/><U36/><E120/><V82/><F121/><W5/><G122/><T47/><D71/><U3/><E36/><V11/><F129/><W60/><G128/><T34/><D34/><U108/><E31/><V114/><F134/><W27/><G116/><T132/><D112/><U118/><E69/><V63/><F124/><N who="0" m="47722" /><D72/><U119/><E7/><V2/><F114/><W111/><G111/><N who="1" m="42570" /><E3/><V64/><F2/><W131/><G131/><T42/><D130/><U86/><E75/><V40/><F40/><W102/><G0/><T30/><D132/><U68/><E68/><V48/><F48/><W12/><G5/><T33/><D33/><U83/><E83/><V105/><F105/><W79/><G60/><N who="0" m="35943" /><D99/><U70/><E70/><V18/><F66/><W57/><G27/><N who="0" m="16751" /><D14/><U123/><E123/><V127/><F64/><W98/><G96/><T88/><D88/><U92/><E104/><V91/><F127/><W100/><G102/><T35/><D35/><U106/><E106/><V62/><F103/><W1/><G1/><T74/><D74/><U135/><E135/><V65/><F65/><W93/><G24/><T51/><AGARI ba="0,0" hai="42,47,51,76,77" m="16751,35943,47722" machi="51" ten="30,7900,0" yaku="18,1,52,2,54,1" doraHai="73" who="0" fromWho="0" sc="322,79,237,-39,288,-20,153,-20" /><INIT seed="2,0,0,5,5,118" ten="401,198,268,133" oya="2" hai0="52,34,106,110,45,100,10,66,4,60,91,19,77" hai1="26,22,98,7,97,133,68,2,79,119,1,21,16" hai2="44,124,72,65,132,37,30,105,63,120,96,111,126" hai3="94,53,135,92,114,39,71,51,46,42,3,85,67"/><V48/><F72/><W93/><G135/><T33/><D110/><U50/><E68/><V23/><F111/><W17/><G114/><T11/><D77/><U15/><E119/><V41/><F132/><W108/><G108/><T125/><D125/><U121/><E133/><V104/><F23/><W56/><G3/><T83/><D106/><U43/><E79/><V49/><F30/><W99/><G85/><T102/><D34/><U47/><E121/><V38/><F96/><W76/><G76/><T116/><D33/><U117/><E117/><V74/><F74/><W69/><G17/><T113/><D113/><U88/><E2/><V0/><F0/><W13/><G13/><N who="0" m="7607" /><D11/><U54/><E1/><V31/><F31/><W82/><G82/><T130/><D4/><U81/><E7/><V57/><F120/><W70/><REACH who="3" step="1"/><G99/><REACH who="3" ten="401,198,268,123" step="2"/><T75/><D130/><U35/><E97/><V87/><F87/><W8/><G8/><T6/><D75/><U109/><E109/><V112/><F112/><W80/><G80/><T14/><D116/><U62/><E81/><V122/><F122/><W131/><G131/><T78/><D83/><U84/><E84/><V27/><F126/><W86/><G86/><T36/><D78/><U61/><E98/><V123/><F123/><W28/><G28/><T73/><D14/><U58/><E88/><V90/><F124/><W103/><G103/><T134/><D100/><U128/><E128/><V20/><F90/><W25/><G25/><T24/><D91/><U29/><E35/><V127/><F127/><W55/><G55/><T115/><D52/><RYUUKYOKU ba="0,1" sc="401,-15,198,15,268,-15,123,15" hai1="15,16,21,22,26,29,43,47,50,54,58,61,62" hai3="39,42,46,51,53,56,67,69,70,71,92,93,94" /><INIT seed="3,1,1,3,4,71" ten="386,213,253,138" oya="3" hai0="33,49,47,112,117,44,89,134,100,129,39,113,74" hai1="2,82,110,65,53,25,126,3,38,54,133,73,103" hai2="34,45,118,69,131,76,94,132,119,4,46,75,67" hai3="93,72,120,96,104,111,60,95,106,101,28,63,105"/><W90/><G120/><T102/><D117/><U124/><E110/><V52/><F34/><W31/><G72/><T62/><D134/><U7/><E65/><V6/><F69/><W10/><G10/><T59/><D33/><U121/><E121/><V107/><F107/><W80/><G80/><T66/><D74/><U128/><E133/><V85/><F67/><W99/><REACH who="3" step="1"/><G111/><REACH who="3" ten="386,213,253,128" step="2"/><T27/><D113/><U87/><E73/><V127/><F75/><W16/><G16/><T116/><D112/><U122/><E122/><V22/><F119/><W91/><G91/><T108/><D116/><U109/><E109/><V42/><F118/><W13/><G13/><T12/><D108/><U98/><E82/><V55/><F132/><W19/><G19/><T9/><D12/><U32/><E7/><V20/><F6/><W56/><G56/><T57/><D9/><U115/><E115/><V15/><F4/><W29/><AGARI ba="1,2" hai="28,29,31,60,63,90,93,95,96,99,101,104,105,106" machi="29" ten="40,3900,0" yaku="1,1,0,1,53,0" doraHai="71" doraHaiUra="40" who="3" fromWho="3" sc="386,-14,213,-14,253,-14,128,62" /><INIT seed="3,2,0,1,1,18" ten="372,199,239,190" oya="3" hai0="77,134,65,103,61,97,57,99,3,83,104,78,71" hai1="74,91,50,135,81,6,2,15,101,76,119,82,85" hai2="24,9,130,25,102,22,47,28,54,49,56,48,17" hai3="72,132,1,42,116,32,124,79,68,100,84,115,111"/><W126/><RYUUKYOKU type="yao9" ba="2,0" sc="372,0,199,0,239,0,190,0" hai3="1,32,42,68,72,79,84,100,111,115,116,124,126,132" /><INIT seed="3,3,0,3,1,9" ten="372,199,239,190" oya="3" hai0="37,7,127,117,76,97,81,96,51,116,21,20,102" hai1="27,77,41,10,32,85,110,73,36,53,63,2,91" hai2="109,131,95,82,125,18,121,83,11,38,25,124,78" hai3="72,3,105,12,133,100,101,14,55,24,75,90,23"/><W92/><G3/><T98/><D37/><U115/><E110/><V118/><F118/><W35/><G35/><T126/><D7/><U45/><E115/><V132/><F131/><W106/><G133/><T49/><D102/><N who="3" m="39529" /><G75/><T111/><D111/><U22/><E32/><V31/><F109/><W6/><G72/><T104/><D104/><U54/><E73/><V57/><F38/><W62/><G6/><T58/><D81/><U40/><E77/><V4/><F78/><W128/><G105/><T30/><D76/><U119/><E41/><V43/><F43/><W79/><G79/><T46/><D58/><U16/><E119/><N who="0" m="45641" /><D46/><U64/><E10/><V122/><F4/><W123/><G106/><T8/><D8/><U50/><E2/><V13/><F82/><W107/><G107/><T113/><D30/><U99/><E36/><V88/><F83/><W93/><G123/><T1/><D1/><U61/><E99/><V15/><F132/><W60/><G128/><T0/><D0/><U29/><E29/><V70/><F121/><W120/><G120/><T33/><D33/><U59/><E63/><N who="3" m="24106" /><G55/><T48/><D113/><U129/><REACH who="1" step="1"/><E129/><REACH who="1" ten="372,189,239,190" step="2"/><V86/><F122/><W114/><G114/><T89/><D89/><U108/><E108/><V66/><F88/><W56/><G56/><T52/><D52/><U28/><E28/><V67/><F31/><N who="3" m="17823" /><G90/><T134/><D134/><U68/><E68/><V80/><F57/><W103/><N who="3" m="39537" /><W74/><DORA hai="135" /><G74/><T42/><D42/><U87/><E87/><V94/><F86/><W65/><G65/><T112/><D112/><RYUUKYOKU ba="3,1" sc="372,10,189,10,239,-30,190,10" hai0="20,21,48,49,51,96,97,98,126,127" hai1="16,22,27,40,45,50,53,54,59,61,64,85,91" hai3="12,14,92,93" /><INIT seed="3,4,1,4,3,62" ten="382,199,209,200" oya="3" hai0="81,56,77,13,21,76,28,115,3,78,109,133,119" hai1="4,46,98,9,131,37,42,31,53,47,94,126,70" hai2="125,84,25,51,45,16,135,26,38,114,83,80,17" hai3="96,130,113,10,0,8,99,34,75,6,102,48,20"/><W69/><G113/><T57/><D119/><U100/><E126/><V29/><F38/><W87/><G75/><T52/><D3/><U128/><E31/><V60/><F114/><W5/><G34/><T117/><D117/><U55/><E70/><V44/><F135/><W19/><G69/><T1/><D1/><U90/><E90/><N who="2" m="51463" /><F125/><W67/><G130/><N who="1" m="49706" /><E47/><N who="2" m="17995" /><F60/><W104/><G96/><T66/><D133/><U97/><E97/><V101/><F101/><W32/><G32/><T123/><D123/><U103/><E103/><V50/><F83/><W132/><G132/><T121/><D121/><U49/><E37/><V35/><F35/><W111/><G111/><T120/><D120/><U106/><E106/><V68/><F68/><W63/><G48/><N who="2" m="18473" /><F29/><W15/><G87/><T112/><D109/><U40/><E40/><V27/><AGARI ba="4,1" hai="16,17,25,26,27" m="18473,17995,51463" machi="27" ten="30,2000,0" yaku="8,1,54,1" doraHai="62" who="2" fromWho="2" sc="382,-9,199,-9,209,42,200,-14" owari="373,47.3,190,-21.0,251,5.1,186,-31.4" /></mjloggm>