<mjloggm ver="2.3"><GO type="225" lobby="0"/><UN n0="%E5%A4%96%E5%B7%9D%E7%AB%9C%E6%88%90" n1="%6D%75%75%6D%75%72%61" n2="%E3%81%BD%E3%81%A1%E3%81%9F%E3%81%93%E3%82%84" n3="%E3%83%B4%E3%83%A0%EF%BC%99%E3%81%A6" dan="16,16,17,17" rate="2115.48,2113.36,2176.69,2182.75" sx="M,F,M,M"/><TAIKYOKU oya="0"/><INIT seed="0,0,0,5,0,85" ten="250,250,250,250" oya="0" hai0="114,39,18,129,44,62,88,74,12,61,64,86,23" hai1="70,102,31,35,7,123,42,132,67,79,116,9,26" hai2="66,21,84,16,93,100,5,52,133,112,120,127,50" hai3="106,40,126,49,108,122,72,8,27,98,78,41,29"/><T77/><D114/><U83/><E116/><V37/><F112/><W28/><G108/><T134/><D134/><U19/><E132/><V68/><F120/><W65/><G122/><T4/><D129/><U51/><E123/><V36/><F133/><W3/><G28/><T38/><D74/><U25/><E102/><V119/><F119/><W6/><G49/><T135/><D135/><U20/><E70/><V91/><F127/><W0/><G0/><T47/><D77/><U117/><E67/><V103/><F5/><W55/><G55/><T92/><D38/><U101/><E101/><N who="2" m="38987" /><F68/><W107/><G98/><T82/><D39/><U125/><E125/><V56/><F66/><W69/><G126/><T128/><D82/><U113/><E117/><V99/><F99/><W97/><G97/><T76/><D76/><U124/><E124/><V17/><F17/><W54/><G78/><T80/><D80/><U121/><E121/><V53/><F53/><W104/><G54/><T2/><D128/><U73/><E113/><V95/><F95/><W131/><G72/><T59/><REACH who="0" step="1"/><D62/><REACH who="0" ten="240,250,250,250" step="2"/><U34/><E73/><V118/><F118/><W15/><G131/><T32/><D32/><U48/><E79/><V22/><F37/><W94/><G107/><T43/><D43/><U105/><E42/><V63/><F36/><W1/><G41/><T130/><D130/><U87/><E105/><V11/><F63/><N who="3" m="40127" /><G40/><T71/><D71/><U45/><E35/><V115/><F115/><W58/><G104/><T90/><D90/><N who="1" m="51583" /><E45/><V75/><F75/><W24/><G106/><T14/><D14/><AGARI ba="0,1" hai="7,9,14,19,20,25,26,31,34,48,51" m="51583" machi="14" ten="30,2000,0" yaku="6,1,52,1" doraHai="85" who="1" fromWho="0" sc="240,-20,250,30,250,0,250,0" /><AGARI ba="0,0" hai="11,14,16,21,22,50,52,56,84,91,93" m="38987" machi="14" ten="30,8000,1" yaku="6,1,8,1,52,1,54,2" doraHai="85" who="2" fromWho="0" sc="220,-80,280,0,250,80,250,0" /><INIT seed="1,0,0,2,2,55" ten="140,280,330,250" oya="1" hai0="24,38,125,122,97,111,57,106,82,18,116,17,48" hai1="131,115,130,40,46,117,78,104,63,36,109,56,14" hai2="114,101,66,89,135,19,50,70,3,103,68,99,134" hai3="7,16,42,105,27,33,23,90,25,86,31,12,8"/><U98/><E115/><V44/><F3/><W69/><G69/><N who="2" m="26729" /><F66/><W95/><REACH who="3" step="1"/><G42/><REACH who="3" ten="140,280,330,240" step="2"/><T127/><D116/><U20/><E117/><V132/><F114/><W84/><G84/><T74/><D122/><U9/><E40/><N who="2" m="24839" /><F19/><W59/><G59/><T94/><D17/><U43/><E56/><V77/><F77/><W6/><G6/><T39/><D18/><U112/><E78/><V37/><F37/><W118/><G118/><T107/><D39/><U13/><E36/><V11/><F11/><W28/><G28/><T110/><D38/><U128/><E9/><V10/><F10/><W129/><G129/><T15/><D57/><U26/><E128/><V1/><F1/><W60/><G60/><T76/><D48/><U80/><E130/><V91/><F101/><W47/><G47/><T35/><D15/><U75/><E46/><V64/><F64/><W113/><G113/><T79/><D24/><U34/><E43/><V85/><F85/><W124/><G124/><N who="0" m="47691" /><D35/><U96/><E34/><V49/><F49/><W81/><G81/><T102/><D79/><N who="1" m="44159" /><E131/><V72/><F72/><W87/><G87/><T62/><D62/><U83/><E112/><V41/><F41/><W58/><G58/><T2/><D2/><U88/><E63/><V53/><F53/><W0/><G0/><T123/><D123/><U32/><E32/><V73/><F73/><W4/><G4/><T61/><D61/><U121/><E121/><V71/><F71/><W21/><G21/><T45/><D45/><U5/><E13/><V120/><F120/><W100/><G100/><T54/><D54/><RYUUKYOKU ba="0,1" sc="140,10,280,-30,330,10,240,10" hai0="74,76,82,94,97,102,106,107,110,111" hai2="89,91,99,103,132,134,135" hai3="7,8,12,16,23,25,27,31,33,86,90,95,105" /><INIT seed="2,1,1,4,0,100" ten="150,250,340,250" oya="2" hai0="125,89,91,99,80,123,94,66,8,17,47,68,9" hai1="40,61,34,27,45,126,23,102,76,13,32,57,105" hai2="118,10,124,98,69,97,113,127,38,83,109,72,86" hai3="52,119,67,29,24,28,43,90,48,87,78,36,4"/><V70/><F38/><W110/><G119/><T37/><D123/><U55/><E126/><N who="2" m="48171" /><F70/><W19/><G110/><T132/><D125/><U30/><E76/><N who="2" m="44423" /><F69/><W112/><G67/><T7/><D132/><U1/><E1/><V129/><F10/><W131/><G4/><T103/><D68/><U64/><E64/><V41/><F41/><W56/><G78/><T44/><D66/><U46/><E13/><V22/><F22/><W21/><G112/><T51/><D37/><U58/><E58/><V16/><F16/><W92/><REACH who="3" step="1"/><G131/><REACH who="3" ten="150,250,340,240" step="2"/><T122/><D122/><U15/><E40/><V60/><F113/><W81/><G81/><T111/><D111/><U31/><E55/><V121/><F121/><W54/><G54/><T3/><D80/><U82/><E82/><V65/><F118/><W12/><G12/><T84/><D3/><U128/><E15/><V104/><F129/><W5/><G5/><T33/><D7/><U11/><E128/><V59/><F109/><W0/><G0/><T88/><D84/><U6/><E6/><V79/><F86/><W117/><G117/><T62/><D62/><U25/><E61/><V95/><F79/><W77/><G77/><T120/><D120/><U130/><E130/><V115/><F115/><W133/><G133/><T73/><D73/><U106/><E11/><V116/><F116/><W49/><G49/><T63/><D63/><U108/><E108/><V75/><F75/><W96/><G96/><T93/><D99/><N who="2" m="37898" /><F95/><N who="0" m="36362" /><D8/><U135/><E135/><V53/><F65/><W74/><G74/><T18/><D9/><U71/><E71/><RYUUKYOKU ba="1,2" sc="150,-15,250,-15,340,15,240,15" hai2="53,59,60,104" hai3="19,21,24,28,29,36,43,48,52,56,87,90,92" /><INIT seed="2,2,2,4,3,122" ten="135,235,355,255" oya="2" hai0="18,90,107,23,65,29,49,52,92,96,53,41,8" hai1="75,6,9,16,114,97,131,102,47,60,38,37,66" hai2="12,119,3,27,26,85,89,56,77,117,34,128,125" hai3="121,61,68,127,43,103,135,104,110,69,116,32,24"/><V88/><F3/><W46/><G121/><T33/><D107/><U87/><E114/><V129/><F125/><W132/><G116/><T109/><D33/><U67/><E75/><V115/><F115/><W1/><G1/><T51/><D109/><U40/><E131/><N who="2" m="50251" /><F12/><W73/><G73/><T59/><D29/><U82/><E37/><V83/><F56/><W72/><G72/><T101/><D8/><U17/><E6/><V15/><F15/><W20/><G127/><T54/><D101/><U62/><E62/><V42/><F42/><W99/><G110/><T134/><D134/><N who="3" m="51241" /><G61/><T74/><D74/><U133/><E9/><V39/><F39/><N who="3" m="21887" /><G32/><T64/><D41/><U57/><E67/><V111/><F111/><W19/><AGARI ba="2,2" hai="19,20,24,68,69,99,103,104" m="21887,51241" machi="19" ten="30,1100,0" yaku="20,1" doraHai="122" who="3" fromWho="3" sc="135,-5,235,-5,355,-7,255,37" /><INIT seed="3,0,0,4,3,28" ten="130,230,348,292" oya="3" hai0="57,36,74,8,104,91,2,10,83,49,58,114,32" hai1="105,33,3,66,116,96,93,128,18,50,123,127,115" hai2="132,11,86,40,37,85,61,72,121,106,78,118,38" hai3="101,5,13,34,94,80,20,68,65,21,133,70,103"/><W92/><G133/><T7/><D104/><U67/><E3/><V100/><F61/><W73/><G73/><T16/><D36/><U79/><E123/><V39/><F40/><W97/><G80/><T95/><D114/><U35/><E105/><V64/><F64/><W108/><G108/><T26/><D49/><U4/><E115/><V25/><F72/><W52/><G34/><T134/><D134/><U42/><E4/><V135/><F25/><W126/><G126/><T107/><D107/><U6/><E6/><V69/><F106/><W110/><G110/><T23/><D10/><U31/><E79/><V45/><F39/><W98/><G52/><T19/><D19/><U111/><E111/><V77/><F69/><W55/><G55/><T17/><D17/><U90/><E128/><V27/><F27/><W24/><G24/><T109/><D109/><U30/><E127/><V43/><F43/><W59/><G59/><T122/><D122/><U29/><E18/><V130/><F45/><W113/><G113/><T22/><D22/><U53/><E42/><V62/><F62/><W81/><G81/><T71/><D71/><U48/><E116/><V15/><F121/><W131/><G131/><T89/><D32/><U102/><E48/><V47/><F130/><W112/><G112/><T0/><D0/><U44/><E90/><V41/><F118/><W119/><G119/><T75/><D75/><U12/><E12/><V120/><F120/><W129/><G129/><T1/><D1/><U46/><E44/><V87/><F132/><W82/><G13/><T84/><D74/><RYUUKYOKU ba="0,0" sc="130,15,230,15,348,-15,292,-15" hai0="2,7,8,16,23,26,57,58,83,84,89,91,95" hai1="29,30,31,33,35,46,50,53,66,67,93,96,102" owari="145,-35.5,245,-15.5,333,43.3,277,7.7" /></mjloggm>