<mjloggm ver="2.3"><GO type="225" lobby="0"/><UN n0="%E6%9C%AA%E6%9D%A5%E5%B0%91%E5%B9%B4" n1="%E2%91%A3%E9%81%BF%E9%81%8A%E6%88%AF%E3%80%90%E6%9D%B1%E5%8D%97%E3%80%91" n2="%E9%B3%B3%E6%9D%B1%E3%81%AE%E3%81%86%E3%81%95%E3%81%8E%E3%81%95%E3%82%93" n3="%6B%79%6F%6E%6B%6F%31%31" dan="16,16,16,17" rate="2122.24,2103.31,2147.14,2177.20" sx="M,M,M,M"/><TAIKYOKU oya="0"/><INIT seed="0,0,0,4,1,84" ten="250,250,250,250" oya="0" hai0="6,14,23,107,10,9,124,114,120,87,63,41,56" hai1="133,89,83,93,7,58,72,12,37,75,40,130,76" hai2="108,20,18,52,48,62,86,106,28,102,43,85,94" hai3="71,127,5,100,17,103,27,92,24,109,22,50,91"/><T13/><D114/><U8/><E130/><V53/><F108/><W95/><G71/><T35/><D120/><U29/><E133/><V119/><F119/><W67/><G127/><T33/><D107/><U38/><E75/><V31/><F106/><W44/><G67/><T132/><D132/><U122/><E122/><V115/><F115/><W73/><G73/><T51/><D124/><U96/><E40/><V45/><F85/><W30/><G5/><T134/><D23/><U0/><E29/><N who="2" m="11339" /><F62/><W101/><G109/><T68/><D68/><U113/><E113/><V21/><F21/><N who="3" m="13359" /><G91/><T99/><D99/><U60/><REACH who="1" step="1"/><E0/><REACH who="1" ten="250,240,250,250" step="2"/><V1/><F1/><W32/><G32/><T78/><D35/><U97/><E97/><N who="2" m="59703" /><F86/><W135/><G135/><T55/><D33/><U4/><E4/><V117/><F117/><W112/><G112/><T66/><D134/><U65/><AGARI ba="0,1" hai="7,8,12,37,38,58,60,65,72,76,83,89,93,96" machi="65" ten="20,8000,1" yaku="1,1,0,1,7,1,52,1,53,1" doraHai="84" doraHaiUra="77" who="1" fromWho="1" sc="250,-40,240,90,250,-20,250,-20" /><INIT seed="1,0,0,4,5,2" ten="210,330,230,230" oya="1" hai0="0,38,95,129,120,111,65,21,126,72,112,121,130" hai1="114,48,131,61,1,105,50,73,30,52,93,31,98" hai2="135,97,84,60,87,90,42,14,64,107,47,88,19" hai3="127,6,132,133,15,66,20,28,100,77,49,26,123"/><U119/><E119/><V36/><F135/><N who="3" m="51787" /><G66/><T122/><D38/><U102/><E114/><V44/><F44/><W75/><G100/><T80/><D65/><U3/><E73/><V108/><F108/><W41/><G77/><N who="0" m="44071" /><D0/><U125/><E50/><V116/><F116/><W115/><G75/><T76/><D21/><U89/><E61/><V67/><F97/><W68/><G68/><T99/><D112/><U118/><E118/><V128/><F128/><N who="0" m="49258" /><D111/><U70/><E70/><V124/><F124/><W11/><G115/><T8/><D8/><U91/><E125/><V37/><F37/><W92/><G127/><T32/><D32/><U4/><E3/><V78/><F64/><W51/><G123/><T63/><D63/><U25/><E131/><V82/><F107/><W10/><G41/><T7/><D126/><U83/><E31/><V79/><F60/><W43/><G43/><T101/><D76/><U5/><E1/><V106/><F67/><W17/><G92/><T59/><D59/><N who="1" m="33159" /><E105/><V24/><F106/><W22/><G49/><T117/><D117/><U110/><E110/><V103/><F78/><W55/><G55/><T46/><D46/><U69/><E69/><V23/><F79/><W16/><G51/><T9/><D9/><N who="3" m="3081" /><G28/><T39/><D39/><U53/><E53/><V62/><F62/><W86/><G86/><T35/><D35/><U85/><E102/><V96/><F103/><W94/><G94/><T58/><D58/><U54/><E54/><V40/><F40/><W29/><G29/><T71/><D71/><U109/><E109/><V18/><F42/><RYUUKYOKU ba="0,0" sc="210,10,330,10,230,-30,230,10" hai0="7,95,99,101,120,121,122" hai1="4,5,25,30,83,85,89,91,93,98" hai3="6,15,16,17,20,22,26" /><INIT seed="1,1,0,3,2,69" ten="220,340,200,240" oya="1" hai0="62,11,105,52,13,6,55,103,49,124,30,90,32" hai1="134,85,102,100,135,21,19,109,17,64,89,94,129" hai2="56,51,84,96,53,82,26,74,70,40,113,126,117" hai3="108,127,76,45,132,39,91,38,12,79,99,59,86"/><U57/><E129/><V63/><F126/><W46/><G127/><T128/><D124/><U0/><E0/><V115/><F117/><W33/><G33/><T68/><D128/><U15/><E109/><V48/><F74/><W58/><G108/><T4/><D4/><U114/><E114/><N who="2" m="43531" /><F40/><W28/><G28/><T97/><D90/><U130/><E130/><V121/><F121/><W92/><G132/><T31/><D32/><U20/><E135/><V43/><F43/><W104/><G46/><T60/><D55/><U7/><E7/><V65/><F96/><W106/><G45/><T8/><D8/><U98/><E134/><V24/><F48/><W101/><G106/><T116/><D116/><U131/><E131/><V42/><F42/><W122/><G122/><T1/><D1/><U119/><E119/><V2/><F2/><W110/><G110/><T81/><D81/><U16/><E21/><V133/><F133/><W14/><G59/><T73/><D73/><U25/><E15/><V78/><AGARI ba="1,0" hai="24,26,51,53,56,63,65,70,78,82,84" m="43531" machi="78" ten="30,1100,0" yaku="11,1" doraHai="69" who="2" fromWho="2" sc="220,-4,340,-6,200,14,240,-4" /><INIT seed="2,0,0,2,2,49" ten="216,334,214,236" oya="2" hai0="91,57,14,103,70,25,19,131,15,96,98,42,114" hai1="123,24,110,112,135,0,119,81,29,16,44,132,28" hai2="106,77,11,78,20,82,31,2,73,43,83,45,74" hai3="97,104,7,23,93,108,113,101,116,69,118,85,66"/><V128/><F128/><W79/><G7/><T9/><D114/><U61/><E119/><V125/><F125/><W63/><G108/><T90/><D70/><U38/><E110/><V72/><F106/><W88/><G113/><T80/><D131/><U40/><E0/><V1/><F74/><W102/><G102/><T3/><D3/><U84/><E112/><V68/><F11/><W111/><G111/><T120/><D120/><U65/><E123/><V33/><F20/><W48/><G79/><T22/><D42/><U12/><E24/><N who="2" m="18663" /><F68/><W4/><G4/><N who="0" m="3367" /><D103/><U18/><E29/><V21/><F21/><W64/><G64/><T127/><D127/><U30/><E28/><V32/><F32/><W94/><G23/><N who="0" m="11775" /><D57/><N who="1" m="37039" /><E30/><V8/><F8/><W52/><G104/><T17/><D80/><U56/><E56/><AGARI ba="0,0" hai="48,52,56,63,66,69,85,88,93,94,97,101,116,118" machi="56" ten="30,7700,0" yaku="7,1,52,1,54,2" doraHai="49" who="3" fromWho="1" sc="216,0,334,-77,214,0,236,77" /><INIT seed="3,0,0,1,0,102" ten="216,257,214,313" oya="3" hai0="80,115,20,60,89,21,53,17,67,90,124,112,68" hai1="127,99,22,62,75,2,40,116,35,29,106,33,73" hai2="76,81,100,8,83,98,132,130,7,128,77,6,13" hai3="85,39,37,43,14,30,72,134,101,71,58,15,131"/><W64/><G72/><T123/><D123/><U9/><E116/><V92/><F132/><W31/><G71/><T27/><D124/><U133/><E127/><V93/><F6/><W46/><G39/><T51/><D21/><U45/><E133/><V0/><F0/><W24/><G30/><T97/><D80/><N who="2" m="30794" /><F92/><W52/><G85/><T54/><D97/><U69/><E22/><V59/><F59/><W26/><G26/><T104/><D104/><U109/><E109/><V114/><F114/><N who="0" m="43562" /><D54/><U103/><E35/><V91/><F100/><W28/><G28/><T82/><D82/><U63/><E63/><V79/><F128/><W10/><G101/><T117/><D117/><U61/><E61/><V65/><F130/><W95/><G95/><T88/><D89/><U42/><E42/><V48/><F48/><W94/><G94/><T16/><D17/><U111/><E111/><V120/><F120/><W44/><G131/><T122/><D122/><U118/><E118/><V55/><F55/><W108/><G108/><T57/><AGARI ba="0,0" hai="16,20,27,51,53,57,60,67,68,88,90" m="43562" machi="57" ten="30,4000,0" yaku="11,1,54,2" doraHai="102" who="0" fromWho="0" sc="216,40,257,-10,214,-10,313,-20" /><INIT seed="4,0,0,2,0,35" ten="256,247,204,293" oya="0" hai0="47,55,69,105,9,53,132,131,37,38,92,84,10" hai1="121,21,122,130,129,64,15,6,32,75,4,68,42" hai2="12,27,123,41,119,59,107,22,83,30,135,44,31" hai3="81,133,60,128,126,98,56,1,82,34,46,90,97"/><T70/><D105/><U118/><E75/><V29/><F135/><W62/><G34/><T11/><D131/><N who="1" m="50187" /><E42/><V109/><F123/><N who="1" m="47113" /><E64/><V13/><F109/><W49/><G1/><T28/><D132/><U77/><E77/><V19/><F119/><W66/><G126/><T104/><D104/><U80/><E80/><V20/><F107/><W73/><G133/><T94/><D28/><U95/><E95/><N who="0" m="36393" /><D47/><U125/><E68/><N who="0" m="26217" /><D84/><U88/><E88/><V106/><F106/><W101/><G62/><T114/><D114/><U40/><E40/><V113/><F113/><W24/><G73/><T100/><D100/><U108/><E32/><V14/><F83/><W78/><G101/><T93/><N who="0" m="36401" /><T17/><DORA hai="23" /><D17/><N who="1" m="10431" /><E118/><V67/><F67/><W7/><G81/><T103/><D103/><U76/><E76/><V89/><F89/><W91/><G91/><T48/><D48/><U86/><E86/><V25/><REACH who="2" step="1"/><F59/><REACH who="2" ten="256,247,194,293" step="2"/><W16/><G90/><T57/><D57/><U26/><E108/><V72/><F72/><W45/><G82/><T110/><D110/><U8/><E125/><V50/><AGARI ba="0,1" hai="12,13,14,19,20,22,25,27,29,30,31,41,44,50" machi="50" ten="30,8000,1" yaku="1,1,0,1,8,1,52,2,53,0" doraHai="35,23" doraHaiUra="74,71" who="2" fromWho="2" sc="256,-40,247,-20,194,90,293,-20" /><INIT seed="5,0,0,4,4,60" ten="216,227,284,273" oya="1" hai0="22,4,82,28,25,98,91,89,75,134,57,124,131" hai1="16,58,51,103,120,17,121,110,0,84,102,31,40" hai2="88,69,37,133,76,116,38,74,127,65,53,46,8" hai3="30,99,114,107,19,21,78,42,111,34,39,36,129"/><U54/><E110/><V63/><F116/><W95/><G111/><T106/><D131/><U94/><E0/><V79/><F133/><W67/><G107/><T44/><D124/><U119/><E119/><V112/><F127/><W15/><G129/><T64/><D134/><U86/><E121/><V29/><F29/><W43/><G114/><T71/><D71/><U132/><E120/><V125/><F125/><W73/><G67/><T27/><D44/><N who="1" m="25991" /><E31/><V56/><F112/><W123/><G123/><T122/><D122/><U104/><E104/><V96/><F8/><W100/><G36/><T59/><D4/><U12/><E17/><V66/><F66/><W50/><G39/><T93/><D106/><U77/><E77/><V23/><F23/><W130/><G130/><T62/><D75/><U14/><E14/><V81/><F76/><W1/><G1/><T70/><REACH who="0" step="1"/><D27/><REACH who="0" ten="206,227,284,273" step="2"/><U55/><E132/><V101/><F46/><W26/><G73/><T126/><D126/><U24/><E24/><V32/><F69/><W97/><G78/><T2/><D2/><U108/><E108/><V20/><F74/><W128/><G128/><T41/><D41/><U92/><E55/><V48/><F53/><W105/><G50/><T33/><D33/><U85/><E54/><V52/><F79/><W83/><BYE who="0" /><G43/><UN n0="%E6%9C%AA%E6%9D%A5%E5%B0%91%E5%B9%B4" /><T49/><D49/><U9/><E58/><N who="2" m="33031" /><F32/><W11/><G42/><T7/><D7/><U47/><E47/><V13/><F37/><W45/><G45/><T3/><D3/><U135/><E135/><V61/><F38/><W80/><G34/><T118/><D118/><RYUUKYOKU ba="0,1" sc="206,10,227,10,284,-30,273,10" hai0="22,25,28,57,59,62,64,70,82,89,91,93,98" hai1="9,12,16,84,85,86,92,94,102,103" hai3="11,15,19,21,26,30,80,83,95,97,99,100,105" /><INIT seed="5,1,1,4,0,30" ten="216,237,254,283" oya="1" hai0="93,116,54,113,15,73,77,49,74,59,91,8,98" hai1="112,90,80,64,4,92,117,110,58,2,122,78,121" hai2="63,19,53,86,7,133,87,99,105,3,70,67,125" hai3="46,68,101,25,102,134,60,94,43,118,18,42,17"/><U131/><E117/><V57/><F133/><W69/><G134/><T130/><D116/><U14/><E110/><V62/><F125/><W83/><G118/><T72/><D113/><U95/><E112/><V100/><REACH who="2" step="1"/><F19/><REACH who="2" ten="216,237,244,283" step="2"/><W119/><G119/><T124/><D124/><U9/><E122/><V28/><F28/><W27/><G17/><T61/><D130/><U47/><E131/><V97/><F97/><W36/><G18/><T126/><D126/><U84/><E121/><V104/><F104/><W23/><G69/><T26/><D26/><U55/><E2/><V123/><F123/><W6/><G68/><T85/><D77/><U79/><E78/><V56/><F56/><W89/><G27/><T106/><D106/><U48/><E79/><V20/><F20/><W11/><G23/><T37/><D37/><U44/><E44/><V114/><F114/><W12/><G25/><T71/><D98/><U32/><E32/><V51/><F51/><W75/><G46/><T50/><REACH who="0" step="1"/><D71/><REACH who="0" ten="206,237,244,283" step="2"/><U132/><E132/><V40/><F40/><W82/><G43/><T1/><D1/><U129/><E129/><V76/><F76/><W103/><G42/><T96/><D96/><U128/><E128/><V65/><F65/><W22/><G36/><T31/><D31/><U135/><E135/><V38/><F38/><W35/><G75/><T41/><D41/><N who="1" m="24687" /><E64/><V127/><F127/><W115/><G115/><T88/><D88/><U5/><E5/><AGARI ba="1,3" hai="5,8,15,49,50,54,59,61,72,73,74,85,91,93" machi="5" ten="40,1300,0" yaku="1,1,53,0" doraHai="30" doraHaiUra="29" who="0" fromWho="1" sc="206,46,237,-16,244,0,283,0" /><INIT seed="6,0,0,0,4,116" ten="252,221,244,283" oya="2" hai0="45,26,10,32,30,70,105,99,135,121,72,25,96" hai1="31,61,104,46,64,11,118,113,60,120,92,130,3" hai2="122,71,119,82,77,115,67,29,94,14,41,34,8" hai3="129,13,133,111,69,18,28,43,106,59,97,48,132"/><V12/><F119/><W17/><G69/><T35/><D121/><U9/><E118/><V78/><F122/><W49/><G111/><T128/><D70/><U44/><E104/><V74/><F115/><W76/><G28/><T2/><D135/><U95/><E120/><V16/><F41/><W57/><G76/><T33/><D72/><U62/><E113/><V56/><F71/><W20/><G129/><T54/><D128/><U108/><E130/><V47/><F78/><W51/><G43/><T75/><D75/><U53/><E108/><V125/><F125/><W87/><G87/><T90/><D105/><U4/><E64/><V24/><F47/><W39/><G39/><T100/><D100/><U5/><E31/><V124/><F124/><W81/><G81/><T55/><D2/><U1/><E53/><V134/><F134/><N who="3" m="51819" /><G17/><T91/><D30/><U123/><E123/><V112/><F112/><W93/><G106/><T52/><D10/><U7/><E7/><V73/><F73/><W65/><G65/><T37/><D37/><U21/><E21/><V68/><F68/><W114/><G114/><T110/><D45/><AGARI ba="0,0" hai="1,3,4,5,9,11,44,45,46,60,61,62,92,95" machi="45" ten="40,1300,0" yaku="9,1" doraHai="116" who="1" fromWho="0" sc="252,-13,221,13,244,0,283,0" /><INIT seed="7,0,0,3,1,66" ten="239,234,244,283" oya="3" hai0="13,56,71,34,106,82,61,130,19,76,49,90,116" hai1="127,5,87,54,17,35,30,33,133,99,63,110,2" hai2="64,89,3,81,67,62,6,24,39,69,43,77,78" hai3="118,23,7,73,52,59,46,86,44,134,119,41,68"/><W103/><G73/><T48/><D116/><U117/><E110/><V108/><F108/><W101/><G7/><T105/><D34/><U20/><E117/><V85/><F64/><W112/><G112/><T26/><D130/><U113/><E113/><V57/><F69/><W88/><G68/><T125/><D71/><U37/><E37/><V55/><F67/><W84/><G134/><T97/><D125/><U8/><E127/><V98/><F24/><W128/><G128/><T60/><D106/><U16/><E133/><V58/><F58/><W1/><G1/><T51/><D26/><U18/><E87/><V22/><F22/><W28/><G84/><N who="0" m="48199" /><D105/><U27/><E99/><V92/><F6/><W114/><G114/><T79/><D56/><U80/><E80/><V91/><F3/><W74/><G74/><T50/><N who="0" m="12288" /><DORA hai="47" /><T0/><D79/><N who="2" m="30218" /><F39/><W95/><G118/><T53/><D53/><U4/><REACH who="1" step="1"/><E4/><REACH who="1" ten="239,224,244,283" step="2"/><V72/><F72/><W111/><G119/><T129/><D0/><U83/><E83/><V135/><F135/><W96/><G111/><T104/><D129/><U42/><E42/><AGARI ba="0,1" hai="42,43,55,57,62,81,85,89,91,92,98" m="30218" machi="42" ten="30,1000,0" yaku="8,1" doraHai="66,47" who="2" fromWho="1" sc="239,0,224,-10,244,20,283,0" owari="239,-16.1,214,-28.6,264,6.4,283,38.3" /></mjloggm>