<mjloggm ver="2.3"><GO type="225" lobby="0"/><UN n0="%72%61%6B%33" n1="%E4%BA%95%E5%B8%AF" n2="%E3%81%B5%E3%81%98%E3%81%8B%E3%81%A4" n3="%72%69%6F%75%63%68%61%6E" dan="16,16,16,16" rate="2063.28,2054.04,2109.71,2140.35" sx="M,M,M,M"/><TAIKYOKU oya="0"/><INIT seed="0,0,0,2,5,75" ten="250,250,250,250" oya="0" hai0="18,103,95,106,40,71,41,79,127,109,101,10,105" hai1="121,46,61,88,125,126,5,31,115,93,35,130,11" hai2="122,3,68,54,65,23,0,14,98,36,37,119,38" hai3="51,63,66,20,116,111,83,92,100,118,42,84,123"/><T87/><D71/><U78/><E121/><V19/><F122/><W102/><G123/><T52/><D127/><N who="1" m="48651" /><E130/><V45/><F119/><W69/><G111/><T81/><D109/><U16/><E115/><V17/><F68/><W43/><G102/><T94/><D106/><U58/><E46/><V59/><F65/><W97/><G20/><T73/><D105/><U29/><E35/><V112/><F112/><W47/><REACH who="3" step="1"/><G43/><REACH who="3" ten="250,250,250,240" step="2"/><T7/><D103/><U57/><E29/><V34/><F34/><W39/><G39/><T120/><D120/><U12/><E31/><V96/><F37/><W85/><G85/><T107/><D73/><U80/><E61/><V90/><F38/><W53/><G53/><T49/><D107/><U44/><E44/><V55/><F55/><W62/><G62/><T6/><D40/><U74/><E5/><N who="0" m="1545" /><D101/><U135/><E135/><V76/><F45/><W99/><G99/><AGARI ba="0,1" hai="11,12,16,57,58,74,78,80,88,93,99" m="48651" machi="99" ten="30,7700,0" yaku="18,1,52,1,54,2" doraHai="75" who="1" fromWho="3" sc="250,0,250,87,250,0,240,-77" /><INIT seed="1,0,0,1,3,64" ten="250,337,250,163" oya="1" hai0="16,87,12,70,10,1,14,40,84,80,47,41,35" hai1="81,48,51,76,114,36,49,110,85,86,104,135,71" hai2="91,79,26,113,57,50,88,30,122,116,18,60,25" hai3="98,29,37,31,53,101,17,133,107,13,129,126,92"/><U11/><E114/><V95/><F122/><W66/><G126/><T132/><D132/><U73/><E135/><V72/><F116/><W2/><G129/><T130/><D130/><U19/><E36/><V4/><F113/><W121/><G121/><T28/><D1/><U124/><E124/><V108/><F4/><W3/><G133/><T97/><D70/><U69/><E104/><V52/><F108/><W112/><G112/><T103/><D87/><U118/><E118/><V24/><F72/><W89/><G37/><T6/><D28/><U83/><E73/><V125/><F79/><W33/><G66/><T78/><D35/><U5/><E19/><V134/><F134/><W34/><G29/><T105/><REACH who="0" step="1"/><D47/><REACH who="0" ten="240,337,250,163" step="2"/><U109/><E110/><V27/><F125/><W55/><G33/><T59/><D59/><U39/><E109/><V93/><F30/><W94/><G2/><T68/><D68/><U74/><E74/><V62/><F26/><W117/><G3/><T54/><D54/><U67/><E71/><V82/><F27/><W42/><G117/><T65/><D65/><U90/><E67/><V9/><F24/><W7/><G42/><T75/><D75/><U61/><E69/><V127/><F127/><W106/><G31/><T102/><D102/><U100/><E100/><V131/><F131/><W99/><G34/><T8/><AGARI ba="0,1" hai="6,8,10,12,14,16,40,41,78,80,84,97,103,105" machi="8" ten="20,5200,0" yaku="1,1,0,1,7,1,54,1,53,0" doraHai="64" doraHaiUra="120" who="0" fromWho="0" sc="240,62,337,-26,250,-13,163,-13" /><INIT seed="2,0,0,3,0,130" ten="302,311,237,150" oya="2" hai0="102,41,65,132,99,84,48,113,21,116,111,60,127" hai1="89,54,0,56,39,92,16,69,35,119,105,34,63" hai2="124,58,75,31,36,77,131,121,38,51,90,94,15" hai3="87,125,32,47,19,115,11,72,133,83,81,52,88"/><V97/><F121/><W50/><G125/><T24/><D113/><U91/><E119/><V118/><F124/><W27/><G115/><T3/><D3/><U76/><E105/><V80/><F118/><W110/><G110/><T98/><D111/><U61/><E0/><V6/><F131/><W71/><G71/><T100/><D132/><U67/><E39/><V122/><F31/><W70/><G70/><T13/><D13/><U45/><E76/><V22/><F122/><W46/><G133/><T4/><D4/><U44/><E91/><V82/><F82/><W64/><G64/><T129/><D84/><U18/><E35/><V42/><F42/><W59/><G32/><T86/><D86/><U40/><E34/><V73/><F73/><W106/><G106/><T23/><D23/><U79/><E79/><V114/><F114/><W2/><G27/><T117/><D129/><U74/><E74/><V107/><F107/><W25/><G25/><T135/><D135/><U53/><E53/><V68/><F68/><W9/><G9/><T55/><D41/><U20/><E40/><V37/><F6/><W101/><G101/><T49/><D102/><U33/><E33/><V93/><F93/><N who="3" m="54431" /><G72/><T120/><D100/><U128/><E128/><V112/><F112/><W57/><G2/><T95/><D120/><U30/><E30/><V10/><F10/><W78/><G57/><N who="0" m="32999" /><D117/><U17/><REACH who="1" step="1"/><E20/><REACH who="1" ten="302,301,237,150" step="2"/><V96/><F22/><W43/><G78/><T12/><D116/><U1/><E1/><V103/><F77/><W28/><G43/><T104/><D104/><U62/><E62/><RYUUKYOKU ba="0,1" sc="302,-10,301,30,237,-10,150,-10" hai1="16,17,18,44,45,54,56,61,63,67,69,89,92" /><INIT seed="3,1,1,4,3,117" ten="292,331,227,140" oya="3" hai0="49,13,90,98,70,121,103,131,18,45,84,88,28" hai1="19,37,87,16,111,96,59,73,100,27,62,21,135" hai2="68,94,74,85,50,7,0,32,36,132,42,122,6" hai3="15,102,77,33,83,34,92,3,38,64,109,86,71"/><W95/><G3/><T80/><D131/><U110/><E73/><V116/><F116/><W20/><G38/><T25/><D121/><U40/><E87/><V126/><F68/><W47/><G109/><N who="1" m="41482" /><E135/><V35/><F74/><W128/><G128/><T93/><D70/><U29/><E40/><V23/><F132/><W99/><G47/><T76/><D25/><U134/><E37/><V56/><F126/><W97/><G20/><T127/><D28/><U14/><E14/><V1/><F36/><W91/><REACH who="3" step="1"/><G15/><REACH who="3" ten="292,331,227,130" step="2"/><T120/><D127/><U41/><E134/><V43/><F23/><W118/><G118/><T55/><D120/><U115/><E115/><V60/><F0/><W105/><G105/><T5/><D5/><U39/><E39/><V63/><F1/><W58/><G58/><T31/><D31/><U113/><E113/><V65/><F35/><W114/><G114/><T2/><D2/><U79/><E59/><V82/><F32/><W9/><G9/><AGARI ba="1,2" hai="9,13,18,45,49,55,76,80,84,88,90,93,98,103" machi="9" ten="30,3900,0" yaku="7,1,8,1,54,1" doraHai="117" who="0" fromWho="3" sc="292,62,331,0,227,0,130,-42" owari="354,45.4,331,13.1,227,-17.3,88,-41.2" /></mjloggm>