<mjloggm ver="2.3"><GO type="225" lobby="0"/><UN n0="%E3%82%BC%E3%83%AB%E3%83%80%E3%81%AE%E4%BC%9D%E8%AA%AC" n1="%E3%82%A2%E3%83%9E%E3%83%9D%EF%BD%9E%EF%BD%9E%E3%83%A9" n2="%E7%B4%94%E6%BD%94%E3%83%94%E3%83%A9%E3%83%8B%E3%82%A2" n3="%70%68%65%6E%6F%6D%65" dan="16,17,16,16" rate="2154.65,2202.39,2171.94,2123.33" sx="M,M,M,M"/><TAIKYOKU oya="0"/><INIT seed="0,0,0,3,2,91" ten="250,250,250,250" oya="0" hai0="70,96,132,90,117,16,101,29,20,67,30,3,62" hai1="119,107,123,11,37,48,57,18,53,97,81,77,22" hai2="131,92,23,49,69,94,128,127,28,124,122,54,126" hai3="103,58,36,55,118,74,134,104,133,63,125,14,108"/><T116/><D132/><U10/><E37/><V88/><F69/><W95/><G74/><T13/><D3/><U130/><E130/><N who="2" m="49707" /><F122/><W83/><G118/><T4/><D4/><U135/><E135/><N who="3" m="51722" /><G108/><T44/><D90/><U65/><E65/><V34/><F34/><W17/><G125/><T15/><D15/><U8/><E123/><V109/><F109/><W39/><G104/><T102/><D102/><U59/><E107/><V9/><F9/><N who="3" m="6351" /><G83/><T87/><D87/><N who="1" m="48559" /><E97/><AGARI ba="0,0" hai="36,39,55,58,63,95,97,103" m="6351,51722" machi="97" ten="30,2000,0" yaku="20,1,52,1" doraHai="91" who="3" fromWho="1" sc="250,0,250,-20,250,0,250,20" /><INIT seed="1,0,0,5,5,61" ten="250,230,250,270" oya="1" hai0="10,64,132,70,1,14,87,17,90,54,8,62,133" hai1="83,35,60,85,134,108,34,95,0,107,106,131,32" hai2="39,47,50,38,58,102,128,130,121,57,4,110,20" hai3="19,40,104,117,55,96,92,119,114,2,74,46,111"/><U16/><E131/><N who="2" m="50219" /><F4/><W12/><G114/><T49/><D1/><U77/><E134/><V11/><F11/><W122/><G122/><T13/><D49/><U7/><E108/><V23/><F102/><W97/><G74/><T26/><D26/><U33/><N who="1" m="8192" /><DORA hai="118" /><U116/><E116/><V56/><F110/><W73/><G73/><T79/><D79/><U6/><E95/><V27/><F121/><W125/><G55/><T120/><D54/><U24/><E60/><V126/><F126/><W123/><G2/><T68/><D68/><U65/><E65/><V91/><F91/><W3/><G3/><T72/><D72/><U51/><E51/><V41/><F20/><W66/><G66/><T9/><D120/><U44/><E44/><V15/><F15/><W69/><G125/><T80/><REACH who="0" step="1"/><D9/><REACH who="0" ten="240,230,250,270" step="2"/><U135/><E0/><V81/><F50/><W94/><G123/><T101/><D101/><U31/><E31/><V89/><F39/><W105/><G111/><T59/><D59/><U88/><E77/><V53/><F53/><W45/><G69/><T129/><D129/><U99/><E135/><V48/><F38/><W71/><G71/><T18/><AGARI ba="0,1" hai="8,10,13,14,17,18,62,64,70,80,87,90,132,133" machi="18" ten="30,12000,2" yaku="1,1,0,1,9,1,52,1,53,3" doraHai="61,118" doraHaiUra="84,5" who="0" fromWho="0" sc="240,130,230,-60,250,-30,270,-30" /><INIT seed="2,0,0,5,3,30" ten="370,170,220,240" oya="2" hai0="115,37,58,109,107,50,88,129,83,41,74,29,23" hai1="121,18,84,17,2,116,117,85,120,98,6,93,61" hai2="40,71,103,72,82,126,65,44,92,130,55,75,110" hai3="46,3,33,25,127,34,118,11,100,102,132,31,53"/><V134/><F126/><W86/><G118/><N who="1" m="45674" /><E61/><V19/><F134/><W101/><G127/><T13/><D115/><U60/><E60/><V56/><F71/><W7/><G132/><T8/><D107/><U47/><E47/><V21/><F65/><W14/><G86/><N who="1" m="33386" /><E6/><V5/><F82/><W26/><G3/><T73/><D37/><U95/><E98/><V10/><F55/><W42/><G53/><T36/><D36/><U64/><E64/><V113/><F56/><W52/><G52/><T59/><D23/><U1/><E18/><V38/><F113/><W66/><G66/><T87/><D29/><U49/><E17/><V99/><F130/><W104/><G26/><T90/><D129/><U131/><E49/><V54/><F54/><W39/><REACH who="3" step="1"/><G104/><REACH who="3" ten="370,170,220,230" step="2"/><T94/><D59/><U122/><E131/><V91/><F110/><W108/><G108/><T77/><D58/><U105/><E105/><V112/><F112/><W62/><G62/><T114/><D114/><U70/><E70/><V0/><F103/><W125/><G125/><T22/><D109/><U135/><E135/><V96/><REACH who="2" step="1"/><F99/><REACH who="2" ten="370,170,210,230" step="2"/><W124/><G124/><T27/><D87/><U133/><E133/><V78/><F78/><W57/><G57/><T106/><D77/><U24/><E24/><AGARI ba="0,2" hai="0,5,10,19,21,24,38,40,44,72,75,91,92,96" machi="24" ten="30,2900,0" yaku="1,1,7,1,53,0" doraHai="30" doraHaiUra="128" who="2" fromWho="1" sc="370,0,170,-29,210,49,230,0" /><INIT seed="2,1,0,3,3,115" ten="370,141,259,230" oya="2" hai0="40,5,69,1,83,4,33,91,92,16,13,8,100" hai1="59,2,31,111,14,12,24,97,121,71,46,89,63" hai2="109,72,76,51,73,28,26,35,17,75,95,50,54" hai3="66,110,39,25,47,93,36,112,20,126,74,9,134"/><V44/><F109/><W108/><G112/><T81/><D69/><U64/><E111/><N who="3" m="42538" /><G126/><T70/><D70/><U32/><E121/><V68/><F68/><W62/><G134/><T30/><D100/><U113/><E113/><V84/><F17/><W79/><G9/><T96/><D40/><U77/><E77/><V7/><F7/><W90/><G79/><T49/><D49/><U23/><E2/><V125/><F125/><W15/><G15/><T103/><D5/><U106/><E59/><V129/><F129/><W86/><G74/><T6/><D6/><U61/><E61/><V123/><F123/><W19/><G47/><T101/><D101/><U114/><E114/><V60/><F60/><W65/><G65/><T42/><D42/><U117/><E46/><V116/><F51/><W27/><G25/><N who="0" m="18639" /><D103/><N who="1" m="62831" /><E89/><V67/><F67/><W38/><G39/><T21/><AGARI ba="1,0" hai="1,4,8,13,16,21,81,83,91,92,96" m="18639" machi="21" ten="30,2000,0" yaku="24,1,54,1" doraHai="115" who="0" fromWho="0" sc="370,23,141,-6,259,-11,230,-6" /><INIT seed="3,0,0,1,0,74" ten="393,135,248,224" oya="3" hai0="7,37,39,47,25,35,1,44,113,115,15,68,85" hai1="10,43,70,98,130,52,96,29,27,55,57,4,6" hai2="51,129,34,108,49,79,91,32,122,99,26,93,117" hai3="56,13,14,5,86,78,73,62,8,134,0,116,20"/><W67/><G116/><T88/><D1/><U24/><E70/><V69/><F69/><W103/><G134/><T135/><D68/><U131/><E57/><V66/><F66/><W114/><G114/><N who="0" m="43531" /><D135/><U33/><E29/><V112/><F117/><W41/><G73/><T54/><D35/><U58/><E58/><V61/><F61/><W100/><G41/><T128/><D128/><U106/><E43/><V60/><F60/><W18/><G0/><T17/><D25/><U3/><E3/><V94/><F129/><W105/><G105/><T77/><D77/><U109/><E10/><V16/><F122/><W101/><G103/><T40/><D7/><U71/><E71/><V95/><F34/><W107/><G107/><T30/><D30/><U12/><E106/><V123/><F32/><W81/><AGARI ba="0,0" hai="5,8,13,14,18,20,56,62,67,78,81,86,100,101" machi="81" ten="30,6000,0" yaku="0,1,8,1,52,1" doraHai="74" who="3" fromWho="3" sc="393,-20,135,-20,248,-20,224,60" /><INIT seed="3,1,0,5,2,119" ten="373,115,228,284" oya="3" hai0="35,12,125,30,33,25,54,8,126,124,15,16,75" hai1="38,3,67,93,85,13,72,41,116,102,121,81,97" hai2="96,106,58,40,133,1,68,69,34,135,45,31,80" hai3="64,129,123,66,130,43,57,63,131,46,76,110,55"/><W94/><G76/><T65/><D75/><U49/><E116/><V53/><F1/><W127/><G94/><T21/><D65/><N who="3" m="25193" /><G127/><T32/><D54/><U73/><E3/><V4/><F4/><AGARI ba="1,0" hai="4,8,12,15,16,21,25,30,32,33,35,124,125,126" machi="4" ten="40,8000,1" yaku="18,1,34,3,54,1" doraHai="119" who="0" fromWho="2" sc="373,83,115,0,228,-83,284,0" owari="456,55.6,115,-38.5,145,-25.5,284,8.4" /></mjloggm>