<mjloggm ver="2.3"><GO type="225" lobby="0"/><UN n0="%E9%B3%B3%E6%9D%B1%E3%81%AE%E3%81%86%E3%81%95%E3%81%8E%E3%81%95%E3%82%93" n1="%72%69%6F%75%63%68%61%6E" n2="%6E%69%63%6F%6E%74%6F" n3="%E9%95%B7%E5%B3%B6%E3%83%B3%E3%82%AC%E3%83%B3" dan="16,16,16,17" rate="2111.39,2199.20,2134.14,2135.07" sx="M,M,M,M"/><TAIKYOKU oya="0"/><INIT seed="0,0,0,5,5,134" ten="250,250,250,250" oya="0" hai0="101,40,85,46,68,102,49,113,30,78,18,129,57" hai1="128,81,122,8,41,29,54,73,116,31,132,25,90" hai2="77,67,107,126,12,22,52,63,51,76,111,133,94" hai3="55,69,4,92,86,131,13,47,33,60,64,5,104"/><T115/><D68/><U42/><E122/><V48/><F107/><W3/><G3/><T96/><D129/><U100/><E116/><V80/><F111/><W20/><G33/><T70/><D70/><U83/><E132/><V44/><F133/><W6/><G104/><T26/><D18/><U38/><E128/><V58/><F126/><W27/><G131/><T43/><D43/><U95/><E100/><V91/><F80/><W9/><G55/><T45/><D45/><U16/><E54/><V75/><F75/><W65/><G47/><T36/><D57/><U87/><E31/><V125/><F51/><W124/><G64/><T59/><D59/><U11/><E11/><V88/><F125/><W103/><G124/><T72/><D49/><U123/><E123/><V34/><F91/><W0/><G0/><T130/><D85/><U15/><E73/><V21/><F34/><W53/><G53/><T32/><D101/><U50/><E38/><V35/><F35/><W2/><G2/><T120/><D120/><U99/><E50/><V61/><F61/><W89/><REACH who="3" step="1"/><G103/><REACH who="3" ten="250,250,250,240" step="2"/><T28/><D130/><U56/><E41/><V97/><REACH who="2" step="1"/><F12/><REACH who="2" ten="250,250,240,240" step="2"/><W23/><G23/><AGARI ba="0,2" hai="21,22,23,44,48,52,58,63,67,76,77,88,94,97" machi="23" ten="40,8000,1" yaku="1,1,2,1,8,1,54,2,53,0" doraHai="134" doraHaiUra="112" who="2" fromWho="3" sc="250,0,250,0,240,100,240,-80" /><INIT seed="1,0,0,0,0,34" ten="250,250,340,160" oya="1" hai0="91,74,10,129,25,83,59,50,132,44,39,104,29" hai1="41,112,108,120,99,11,36,105,127,22,130,111,103" hai2="76,28,101,117,81,56,87,102,61,19,40,72,52" hai3="47,67,135,1,49,107,86,121,20,118,63,95,73"/><U42/><E112/><V12/><F117/><W124/><G121/><T58/><D104/><U27/><E120/><V0/><F0/><W70/><G107/><T7/><D129/><U128/><E127/><V68/><F68/><W131/><G73/><T2/><D132/><U65/><E65/><V69/><F69/><W77/><G131/><N who="1" m="50218" /><E11/><V134/><F134/><W114/><G135/><T9/><D9/><U126/><E126/><V94/><F28/><W109/><G114/><T14/><D14/><U48/><E36/><V24/><F24/><W37/><G37/><T96/><D96/><U133/><E133/><V89/><F40/><N who="1" m="15465" /><E48/><V23/><AGARI ba="0,0" hai="12,19,23,52,56,61,72,76,81,87,89,94,101,102" machi="23" ten="20,2700,0" yaku="0,1,7,1,54,1" doraHai="34" who="2" fromWho="2" sc="250,-7,250,-13,340,27,160,-7" /><INIT seed="2,0,0,4,1,93" ten="243,237,367,153" oya="2" hai0="130,17,46,94,92,122,12,90,35,102,101,71,66" hai1="83,84,31,88,118,70,107,48,99,124,51,55,28" hai2="86,9,33,133,53,10,27,100,96,11,58,38,73" hai3="50,113,76,13,129,127,14,75,121,132,45,52,68"/><V87/><F133/><W34/><G121/><T108/><D122/><U78/><E118/><V54/><F73/><W115/><G132/><T62/><D108/><U30/><E70/><V8/><F38/><W15/><G127/><T3/><D3/><U64/><E124/><V114/><F114/><W117/><G117/><T103/><D130/><U116/><E116/><V85/><N who="2" m="2048" /><DORA hai="29" /><V42/><F42/><W119/><G119/><T109/><D109/><U89/><E64/><V77/><F77/><W47/><G129/><T67/><D35/><U21/><E21/><V98/><F100/><W37/><G68/><T106/><D106/><U125/><E125/><V111/><F111/><W59/><G34/><T20/><D66/><U131/><E131/><V74/><F74/><W110/><G110/><T56/><D71/><U41/><E41/><V97/><F58/><W69/><G69/><T5/><D5/><U80/><E55/><V40/><F40/><W112/><REACH who="3" step="1"/><G37/><REACH who="3" ten="243,237,367,143" step="2"/><T60/><D46/><U104/><E104/><V91/><F91/><W23/><G23/><T135/><D135/><U82/><E89/><V36/><F36/><W32/><G32/><T105/><D105/><U22/><E22/><V95/><F95/><W123/><G123/><T43/><D92/><N who="1" m="56711" /><E107/><V57/><F33/><W81/><AGARI ba="0,1" hai="13,14,15,45,47,50,52,59,75,76,81,112,113,115" machi="81" ten="40,8000,1" yaku="1,1,0,1,11,1,54,1,53,1" doraHai="93,29" doraHaiUra="79,24" who="3" fromWho="3" sc="243,-20,237,-20,367,-40,143,90" /><INIT seed="3,0,0,2,2,49" ten="223,217,327,233" oya="3" hai0="107,1,114,102,96,46,47,29,36,77,128,124,34" hai1="83,104,116,27,31,35,125,54,88,111,100,91,59" hai2="131,105,58,120,117,132,61,80,19,8,23,4,134" hai3="135,98,81,5,76,21,26,30,119,68,22,123,130"/><W74/><G119/><T75/><D128/><U95/><E116/><V14/><F117/><W103/><G123/><T79/><D1/><U13/><E111/><V9/><F131/><W15/><G130/><T85/><D124/><U39/><E39/><V67/><F105/><W24/><G135/><N who="2" m="51753" /><F120/><W69/><G15/><T62/><D114/><U64/><E125/><V92/><F92/><W71/><G5/><T66/><D85/><U45/><E104/><V37/><F37/><W109/><G109/><T56/><D75/><U0/><E0/><N who="2" m="7" /><F80/><W73/><G73/><T90/><D36/><U44/><E64/><V121/><F121/><W38/><G38/><T51/><D107/><U41/><E83/><V6/><F6/><W50/><G74/><T2/><D66/><U52/><E100/><V60/><F60/><W112/><G112/><T133/><D62/><N who="1" m="36199" /><E95/><V16/><F19/><W53/><G103/><T63/><D102/><U55/><E41/><V122/><F122/><W12/><G81/><T72/><D133/><U106/><E106/><V99/><F99/><W94/><G98/><T28/><D96/><U118/><E118/><V10/><AGARI ba="0,0" hai="9,10,14,16,23,58,61,67" m="7,51753" machi="10" ten="30,2000,0" yaku="20,1,54,1" doraHai="49" who="2" fromWho="2" sc="223,-5,217,-5,327,20,233,-10" owari="218,-18.2,212,-28.8,347,44.7,223,2.3" /></mjloggm>