<mjloggm ver="2.3"><GO type="225" lobby="0"/><UN n0="%E3%81%BF%E3%81%BF%E3%81%9A" n1="%6E%69%63%6B%6C%6F%77" n2="%E3%82%82%E3%81%90%E3%82%89" n3="%E3%83%B4%E3%83%A0%EF%BC%99%E3%81%A6" dan="17,16,17,17" rate="2179.78,2117.42,2214.69,2225.46" sx="M,M,M,M"/><TAIKYOKU oya="0"/><INIT seed="0,0,0,0,0,22" ten="250,250,250,250" oya="0" hai0="120,113,87,51,65,103,96,119,134,70,20,8,60" hai1="132,80,46,115,61,38,68,36,67,112,12,121,110" hai2="35,40,78,50,49,24,42,62,48,114,17,29,127" hai3="125,64,75,92,43,104,133,55,95,69,88,33,82"/><T31/><D113/><U99/><E121/><V18/><F114/><N who="1" m="43561" /><E80/><V2/><F127/><W41/><G104/><T63/><D120/><U131/><E99/><V93/><F2/><W32/><G125/><T91/><D119/><U71/><E12/><V111/><F111/><W72/><G133/><T102/><D134/><U44/><E132/><V98/><F62/><W58/><G58/><T101/><D8/><U116/><E116/><V129/><F78/><W6/><G82/><T10/><D10/><U85/><E85/><V28/><F28/><W1/><G1/><T37/><D37/><N who="1" m="14443" /><E110/><V54/><F54/><W3/><G55/><T77/><D77/><U59/><E131/><V135/><F129/><W79/><G79/><T105/><D60/><U30/><E30/><V9/><F135/><W56/><G3/><T27/><REACH who="0" step="1"/><D51/><REACH who="0" ten="240,250,250,250" step="2"/><U86/><E86/><V34/><F9/><W130/><G130/><T25/><D25/><U7/><E7/><V52/><F50/><W124/><G6/><T126/><D126/><U16/><E16/><V47/><F48/><W97/><G124/><T76/><D76/><U106/><E106/><V89/><REACH who="2" step="1"/><F34/><REACH who="2" ten="240,250,240,250" step="2"/><W83/><G32/><T94/><AGARI ba="0,2" hai="20,27,31,63,65,70,87,91,94,96,101,102,103,105" machi="94" ten="20,7800,0" yaku="1,1,0,1,7,1,52,1,53,0" doraHai="22" doraHaiUra="13" who="0" fromWho="0" sc="240,98,250,-26,240,-26,250,-26" /><INIT seed="0,1,0,5,0,88" ten="338,224,214,224" oya="0" hai0="13,87,115,45,120,39,30,54,76,131,105,18,68" hai1="31,40,35,122,36,135,125,20,78,7,79,65,10" hai2="80,114,112,53,46,22,26,113,9,127,67,90,124" hai3="106,101,15,82,29,33,41,129,117,4,55,126,92"/><T34/><D115/><U97/><E122/><V6/><F67/><W24/><G117/><T56/><D120/><U118/><E118/><V12/><F46/><W25/><G126/><N who="2" m="48169" /><F53/><W44/><G129/><T94/><D105/><U91/><E65/><V96/><F80/><W3/><G3/><T57/><D68/><U102/><E40/><V28/><F90/><W107/><G25/><T0/><D0/><U23/><E36/><V50/><F50/><W49/><G82/><T81/><D131/><U14/><E91/><V70/><F96/><W86/><G4/><T93/><D34/><U60/><E60/><V77/><F77/><W103/><G15/><T121/><D30/><U17/><E135/><V66/><F66/><W73/><G73/><T42/><D121/><U1/><E23/><V95/><F70/><W111/><G111/><T100/><D100/><U21/><E21/><V47/><F47/><W123/><G123/><T61/><D57/><U32/><E35/><V59/><F59/><W84/><G101/><T19/><D19/><U130/><E130/><V85/><F85/><N who="3" m="32875" /><G41/><T110/><D110/><U128/><E128/><V64/><F64/><W98/><G106/><T83/><D81/><U37/><E37/><V16/><F95/><W52/><G55/><T108/><D108/><U104/><REACH who="1" step="1"/><E125/><REACH who="1" ten="338,214,214,224" step="2"/><V51/><F51/><W119/><G119/><T69/><D69/><U132/><E132/><V38/><F38/><W133/><G133/><T62/><D62/><U8/><E8/><AGARI ba="1,1" hai="8,13,18,39,42,45,54,56,61,76,83,87,93,94" machi="8" ten="30,5800,0" yaku="7,1,52,2" doraHai="88" who="0" fromWho="1" sc="338,71,214,-61,214,0,224,0" /><INIT seed="0,2,0,4,1,71" ten="409,153,214,224" oya="0" hai0="7,101,21,0,42,40,103,10,117,50,4,105,113" hai1="51,120,59,38,73,83,25,89,98,106,15,39,48" hai2="85,135,26,118,82,111,97,20,23,122,64,134,100" hai3="53,87,76,133,35,86,55,75,17,121,32,9,84"/><T24/><D113/><U60/><E120/><V22/><F122/><W37/><G121/><T77/><D117/><U95/><E15/><V45/><F118/><W43/><G133/><N who="2" m="50697" /><F64/><W5/><G17/><T99/><D77/><U79/><E106/><N who="2" m="63759" /><F111/><W119/><G119/><T93/><D7/><U70/><E70/><V128/><F128/><W28/><G76/><T94/><D103/><U12/><E12/><V49/><F85/><W30/><G75/><T58/><D42/><U127/><E127/><V29/><F82/><W129/><G129/><T62/><D50/><U72/><E72/><V1/><F1/><W124/><G124/><T88/><D40/><AGARI ba="2,0" hai="20,22,23,26,29,40,45,49" m="63759,50697" machi="40" ten="30,1000,0" yaku="20,1" doraHai="71" who="2" fromWho="0" sc="409,-16,153,0,214,16,224,0" /><INIT seed="1,0,0,0,5,30" ten="393,153,230,224" oya="1" hai0="0,60,80,44,19,113,89,68,31,11,1,65,62" hai1="129,99,18,96,108,15,58,81,130,128,124,42,93" hai2="55,35,51,28,135,34,9,4,112,91,119,120,40" hai3="7,67,109,74,10,82,29,115,134,133,92,69,75"/><U111/><E42/><V85/><F120/><W105/><G105/><T97/><D113/><U110/><E124/><V106/><F119/><W63/><G115/><T61/><D31/><U122/><E122/><V101/><F28/><W73/><G109/><T78/><D0/><U72/><E93/><V50/><F112/><W38/><G92/><T125/><D125/><U39/><E39/><V104/><F40/><W98/><G98/><T90/><D44/><U33/><E33/><V107/><F101/><W49/><G49/><T59/><D97/><U32/><E32/><V94/><F135/><N who="3" m="51723" /><G29/><T132/><D132/><U126/><E126/><V121/><F50/><W48/><G48/><T76/><D76/><N who="1" m="44167" /><E58/><V13/><REACH who="2" step="1"/><F121/><REACH who="2" ten="393,153,220,224" step="2"/><W102/><G102/><T22/><D61/><U53/><E53/><V25/><F25/><W131/><G38/><T57/><D62/><U77/><E77/><V27/><F27/><W79/><G63/><T123/><D78/><U17/><E17/><V47/><AGARI ba="0,1" hai="4,9,13,34,35,47,51,55,85,91,94,104,106,107" machi="47" ten="30,8000,1" yaku="1,1,0,1,52,2,53,1" doraHai="30" doraHaiUra="8" who="2" fromWho="2" sc="393,-20,153,-40,220,90,224,-20" /><INIT seed="2,0,0,5,0,33" ten="373,113,310,204" oya="2" hai0="108,85,122,47,89,54,116,67,42,41,134,52,75" hai1="46,65,96,109,88,74,83,73,31,4,131,130,98" hai2="66,38,51,61,87,128,95,93,126,133,48,39,112" hai3="100,19,7,86,10,135,6,119,77,123,124,27,36"/><V104/><F112/><W12/><G123/><T114/><D114/><U105/><E31/><V24/><F104/><W49/><G36/><T91/><D122/><U102/><E65/><V40/><F128/><N who="1" m="49193" /><E46/><V8/><F126/><W58/><G124/><T2/><D134/><U25/><E25/><V127/><F133/><W53/><G135/><T99/><D108/><U13/><E13/><V94/><F127/><W34/><G119/><T0/><D75/><N who="1" m="28683" /><E4/><V45/><F24/><W44/><G100/><T60/><D99/><N who="1" m="61663" /><E109/><V35/><F35/><W56/><G34/><T69/><D116/><U92/><E83/><V30/><F30/><W9/><G27/><T64/><D47/><U101/><E98/><V107/><F48/><W72/><G19/><T76/><D60/><U57/><E57/><V20/><F20/><W3/><G72/><T97/><D97/><U68/><E68/><V43/><F8/><W29/><G29/><T71/><D85/><U115/><E115/><V50/><F87/><W18/><G18/><T14/><D14/><U59/><E59/><V55/><F50/><W78/><G86/><T80/><D80/><U90/><AGARI ba="0,0" hai="88,90,92,96,101" m="61663,28683,49193" machi="90" ten="40,8000,1" yaku="19,1,34,2,54,1" doraHai="33" who="1" fromWho="1" sc="373,-20,113,80,310,-40,204,-20" /><INIT seed="3,0,0,4,0,45" ten="353,193,270,184" oya="3" hai0="128,68,11,39,94,56,58,9,8,38,119,129,20" hai1="110,65,17,44,64,135,1,57,83,47,101,103,72" hai2="121,71,120,16,74,19,132,46,14,51,41,123,24" hai3="53,114,25,95,81,59,122,127,90,55,97,91,13"/><W32/><G114/><T37/><D119/><U107/><E1/><V84/><F74/><W34/><G122/><T18/><D94/><U70/><E70/><V130/><F71/><W4/><G127/><T28/><D28/><U100/><E107/><V63/><F130/><N who="0" m="50282" /><D68/><U87/><E72/><V108/><F108/><W88/><G55/><T134/><D134/><U77/><E110/><V22/><F132/><W80/><G32/><T0/><D0/><U109/><E109/><V30/><F63/><N who="3" m="36335" /><G34/><T126/><D126/><U35/><E35/><V131/><F131/><W40/><G40/><T98/><D98/><U5/><E5/><V112/><F112/><W23/><G13/><AGARI ba="0,0" hai="8,9,11,13,18,20,37,38,39,56,58" m="50282" machi="13" ten="40,1300,0" yaku="19,1" doraHai="45" who="0" fromWho="3" sc="353,13,193,0,270,0,184,-13" owari="366,46.6,193,-20.7,270,7.0,171,-32.9" /></mjloggm>