<mjloggm ver="2.3"><GO type="225" lobby="0"/><UN n0="%E5%80%89%E5%B4%8E%E6%A5%93%E5%AD%90" n1="%E3%83%99%E3%83%AB%E3%83%A2%E3%83%83%E3%83%88" n2="%E6%9D%B1%E9%A2%A8%E3%81%AE%E3%81%8D%E3%82%83%E3%81%B7%E3%81%95%E3%82%93" n3="%E3%83%AB%E3%83%9B%E3%83%B3%E3%83%87%E3%82%A3%E3%82%A8" dan="16,16,16,17" rate="2065.10,2102.54,2222.58,2187.56" sx="M,M,M,M"/><TAIKYOKU oya="0"/><INIT seed="0,0,0,0,2,117" ten="250,250,250,250" oya="0" hai0="18,89,95,109,84,132,11,48,57,46,10,96,67" hai1="47,20,122,14,88,111,90,3,70,26,93,60,7" hai2="75,105,9,72,4,45,74,120,127,5,83,12,41" hai3="6,0,22,113,86,63,99,55,98,130,123,1,114"/><T54/><D132/><U115/><E111/><V58/><F105/><W116/><G116/><T27/><D109/><U112/><E3/><V69/><F69/><W61/><G55/><T15/><D27/><U16/><E47/><V32/><F32/><W19/><G86/><T121/><D121/><U40/><E122/><V78/><F127/><W65/><G6/><T13/><D13/><U25/><E40/><V102/><F102/><W80/><G80/><T42/><D67/><N who="1" m="41319" /><E7/><V77/><F120/><W53/><G53/><T101/><D18/><U17/><E90/><V71/><F71/><W29/><G19/><T52/><D15/><U134/><E17/><V21/><F21/><W28/><G22/><T36/><REACH who="0" step="1"/><D54/><REACH who="0" ten="240,250,250,250" step="2"/><U2/><E134/><V110/><F110/><W50/><G123/><T129/><D129/><U104/><E2/><V39/><F4/><W133/><G133/><T24/><D24/><U100/><E26/><V35/><F5/><W34/><G65/><T87/><D87/><U131/><E25/><V23/><F12/><W59/><G130/><T33/><D33/><U37/><E131/><V76/><F35/><W108/><G34/><T118/><D118/><U125/><E14/><V94/><F9/><W68/><G108/><T107/><AGARI ba="0,1" hai="10,11,36,42,46,48,52,57,84,89,95,96,101,107" machi="107" ten="20,7800,0" yaku="1,1,0,1,7,1,54,1,53,0" doraHai="117" doraHaiUra="8" who="0" fromWho="0" sc="240,88,250,-26,250,-26,250,-26" /><INIT seed="0,1,0,4,3,53" ten="328,224,224,224" oya="0" hai0="63,67,82,59,51,38,132,104,47,35,25,50,103" hai1="80,20,62,2,121,64,46,91,49,125,19,118,78" hai2="112,26,65,61,87,48,40,133,11,15,0,124,36" hai3="33,58,134,74,119,39,9,114,21,84,69,117,93"/><T94/><D132/><U7/><E121/><V66/><F112/><W116/><G74/><T52/><D104/><U90/><E125/><V111/><F0/><W13/><G33/><T96/><D38/><U56/><E7/><V106/><F106/><W107/><G69/><T55/><D82/><U43/><E2/><V30/><F36/><W95/><G107/><T76/><D76/><U73/><REACH who="1" step="1"/><E118/><REACH who="1" ten="328,214,224,224" step="2"/><V71/><F124/><W41/><G116/><T1/><D1/><U28/><E28/><V129/><F30/><W8/><G117/><T17/><D35/><U98/><E98/><V105/><F133/><W24/><G119/><T88/><D17/><U85/><E85/><V60/><F87/><W89/><G84/><T92/><D25/><AGARI ba="1,1" hai="19,20,25,43,46,49,56,62,64,73,78,80,90,91" machi="25" ten="30,7700,0" yaku="1,1,7,1,52,1,53,1" doraHai="53" doraHaiUra="42" who="1" fromWho="0" sc="328,-80,214,90,224,0,224,0" /><INIT seed="1,0,0,2,1,51" ten="248,304,224,224" oya="1" hai0="135,17,71,108,106,133,18,33,48,115,95,53,50" hai1="35,21,65,26,81,86,69,64,61,67,43,94,117" hai2="129,3,100,75,32,39,15,19,76,47,55,5,60" hai3="125,78,131,112,83,102,103,82,72,101,23,16,87"/><U73/><E73/><V29/><F129/><W62/><G125/><T54/><D106/><U37/><E35/><V134/><F134/><N who="0" m="51210" /><D115/><U59/><E94/><V128/><F100/><W84/><G131/><T107/><D107/><U80/><E117/><V97/><F128/><W30/><G112/><T20/><D33/><U63/><E67/><V42/><F97/><W40/><G40/><T7/><D71/><U38/><E43/><V93/><F93/><W0/><G0/><T2/><D108/><U13/><E13/><V120/><F120/><W99/><G30/><T105/><D105/><U49/><E49/><N who="0" m="19049" /><D95/><U88/><REACH who="1" step="1"/><E81/><REACH who="1" ten="248,294,224,224" step="2"/><V24/><F75/><W85/><G83/><T28/><D2/><U6/><E6/><V92/><F3/><W77/><G72/><T119/><D7/><U98/><E98/><V12/><F5/><W127/><G99/><T4/><D4/><U34/><E34/><V57/><F92/><W31/><G82/><T123/><D119/><U91/><E91/><V122/><F122/><W45/><G78/><T126/><D123/><U121/><E121/><V44/><F76/><W46/><G77/><T11/><D126/><U111/><E111/><V89/><F89/><W58/><G127/><T8/><D28/><AGARI ba="0,1" hai="21,26,28,37,38,59,61,63,64,65,69,80,86,88" machi="28" ten="30,11600,0" yaku="1,1,7,1,54,1,53,1" doraHai="51" doraHaiUra="79" who="1" fromWho="0" sc="248,-116,294,126,224,0,224,0" /><INIT seed="1,1,0,2,1,51" ten="132,420,224,224" oya="1" hai0="1,85,119,134,103,62,41,65,56,29,15,64,23" hai1="95,109,125,10,93,124,47,58,66,75,98,67,39" hai2="25,48,14,90,113,127,16,131,53,9,12,112,24" hai3="19,99,84,128,97,118,34,44,76,35,110,11,37"/><U117/><E75/><V115/><F131/><W81/><G128/><T3/><D134/><U6/><E117/><V114/><N who="2" m="28672" /><DORA hai="45" /><V60/><F127/><W135/><G110/><T88/><D119/><U8/><E95/><V106/><F60/><W71/><G71/><T100/><D41/><U50/><E39/><V69/><F69/><W72/><G135/><T77/><D77/><U130/><E130/><V132/><F106/><W101/><G99/><T80/><D64/><U13/><E58/><N who="2" m="33063" /><F132/><W27/><G72/><T89/><D89/><U0/><E109/><V111/><F111/><W83/><G83/><T123/><D123/><U57/><E57/><V36/><F36/><W68/><G68/><T32/><D32/><U102/><E124/><V133/><F133/><W55/><G37/><T116/><D116/><U2/><E125/><V43/><F43/><W105/><G118/><T30/><D1/><U54/><E0/><V18/><F90/><W96/><G105/><T86/><D3/><U4/><AGARI ba="1,0" hai="2,4,6,8,10,13,47,50,54,66,67,93,98,102" machi="4" ten="20,7800,0" yaku="0,1,7,1,52,2" doraHai="51,45" who="1" fromWho="1" sc="132,-27,420,81,224,-27,224,-27" /><INIT seed="1,2,0,0,2,96" ten="105,501,197,197" oya="1" hai0="97,124,86,41,52,58,67,89,28,42,72,135,54" hai1="73,129,11,65,34,121,32,44,8,17,110,3,7" hai2="5,60,117,22,6,78,55,82,18,0,80,19,12" hai3="108,36,123,23,116,20,48,10,59,90,64,91,43"/><U79/><E65/><V133/><F133/><W95/><G108/><T85/><D72/><U61/><E61/><V63/><F117/><W128/><G123/><T115/><D115/><U21/><E79/><V26/><F0/><W74/><G74/><T134/><D124/><U75/><E44/><V127/><F127/><W53/><G128/><T77/><D28/><U14/><E75/><V93/><F93/><W99/><G116/><T68/><D68/><U83/><E83/><V69/><F69/><W126/><G126/><T125/><D125/><U102/><E102/><V45/><F63/><W104/><G104/><T101/><D67/><U81/><E81/><N who="2" m="31339" /><F78/><W2/><G91/><T70/><D70/><U66/><E66/><V131/><F131/><W118/><G118/><T107/><D77/><U98/><E98/><V38/><F38/><W88/><G90/><T9/><D9/><U13/><E121/><V46/><F46/><W132/><G64/><T35/><D35/><N who="1" m="13355" /><E73/><V71/><F71/><W4/><G132/><N who="0" m="50731" /><D89/><U27/><E110/><V30/><F30/><W51/><G36/><T25/><D25/><U40/><E40/><N who="0" m="15465" /><D54/><U15/><E129/><V84/><F84/><W109/><G109/><T24/><D24/><U87/><E87/><V92/><F92/><W103/><G88/><T114/><D114/><U49/><E49/><AGARI ba="2,0" hai="49,52,58,85,86,97,101,107" m="15465,50731" machi="49" ten="30,3900,0" yaku="20,1,52,1,54,1" doraHai="96" who="0" fromWho="1" sc="105,45,501,-45,197,0,197,0" /><INIT seed="2,0,0,2,0,106" ten="150,456,197,197" oya="2" hai0="12,122,33,132,3,126,110,57,100,1,117,91,27" hai1="95,0,65,129,58,31,108,73,61,121,43,35,74" hai2="15,114,2,14,45,21,113,11,51,59,37,72,49" hai3="54,134,97,133,5,30,102,105,6,10,29,42,44"/><V118/><F118/><W18/><G18/><T82/><D100/><U7/><E43/><V131/><F37/><W38/><G5/><T120/><D91/><U22/><E35/><V83/><F2/><N who="0" m="522" /><D82/><U135/><E108/><V86/><F72/><W89/><G54/><T78/><D78/><U128/><E135/><N who="3" m="51722" /><G89/><T50/><D57/><U80/><E121/><V41/><F131/><N who="1" m="50249" /><E95/><V119/><F119/><W19/><G19/><T85/><D117/><U79/><E7/><N who="2" m="3455" /><F114/><W71/><G71/><T63/><D110/><U8/><E8/><V87/><F113/><W98/><G98/><T75/><D132/><U101/><E101/><V115/><F115/><W25/><G25/><T60/><D75/><N who="1" m="43135" /><E0/><AGARI ba="0,0" hai="0,6,10,29,30,38,42,44,97,102,105" m="51722" machi="0" ten="30,1000,0" yaku="20,1" doraHai="106" who="3" fromWho="1" sc="150,0,456,-10,197,0,197,10" /><INIT seed="3,0,0,0,3,107" ten="150,446,197,207" oya="3" hai0="68,30,104,35,50,71,2,54,81,131,74,86,51" hai1="126,9,111,70,123,102,14,117,5,77,124,100,55" hai2="95,15,84,114,61,127,105,63,98,129,85,58,62" hai3="109,52,1,83,60,10,21,37,91,133,112,45,90"/><W39/><G112/><T94/><D104/><U11/><E70/><V43/><F114/><W16/><G133/><T48/><D2/><U7/><E77/><V69/><F69/><W57/><G109/><T99/><D131/><U75/><E123/><V34/><F34/><W78/><G39/><T6/><D6/><U110/><E75/><V108/><F105/><W27/><G1/><T76/><D54/><U72/><E72/><V24/><F24/><W28/><G37/><T116/><D116/><U38/><E55/><V47/><F58/><W41/><G10/><T4/><D4/><U29/><E29/><V97/><F97/><W128/><G28/><T101/><D35/><U115/><E38/><V49/><F108/><N who="1" m="41513" /><E117/><V36/><F36/><W82/><G82/><T118/><D118/><U106/><E115/><V12/><F129/><W113/><G113/><T44/><D30/><U33/><E33/><V122/><F122/><W32/><G32/><T92/><REACH who="0" step="1"/><D44/><REACH who="0" ten="140,446,197,207" step="2"/><U8/><E106/><V132/><F132/><W119/><G119/><T23/><D23/><U135/><E11/><V120/><F120/><W22/><G22/><T93/><D93/><U66/><E135/><V0/><F0/><W130/><G128/><T13/><D13/><N who="1" m="5263" /><E66/><V40/><F15/><W19/><G19/><T20/><D20/><U18/><E18/><V67/><F67/><W88/><G130/><T26/><D26/><U56/><E56/><V89/><F12/><W79/><G83/><T134/><D134/><U59/><E59/><V121/><F47/><W80/><G80/><T96/><D96/><RYUUKYOKU ba="0,1" sc="140,10,446,10,197,-30,207,10" hai0="48,50,51,68,71,74,76,81,86,92,94,99,101" hai1="7,9,14,100,102,124,126" hai3="16,21,27,41,45,52,57,60,78,79,88,90,91" /><INIT seed="3,1,1,1,2,72" ten="150,456,167,217" oya="3" hai0="67,0,62,25,133,43,28,92,1,23,91,128,3" hai1="85,102,20,114,81,87,60,22,93,100,106,104,4" hai2="132,99,78,57,129,80,54,84,117,127,35,63,37" hai3="79,15,39,59,12,6,16,134,71,8,44,29,131"/><W89/><G71/><T116/><D116/><U95/><E60/><V53/><F35/><W124/><G131/><T101/><D128/><U110/><E4/><V123/><F129/><W82/><G124/><T69/><D133/><U64/><E64/><V103/><F117/><W58/><G134/><T46/><D101/><U75/><E110/><V130/><F37/><W61/><G29/><T24/><D24/><U122/><E22/><V13/><F132/><W36/><G89/><T19/><D28/><U56/><E56/><V65/><F130/><W21/><G44/><T94/><REACH who="0" step="1"/><D91/><REACH who="0" ten="140,456,167,217" step="2"/><U118/><E118/><V11/><F127/><W90/><G90/><T96/><D96/><U27/><E87/><V68/><F123/><W126/><G126/><T77/><D77/><U52/><E75/><V33/><F33/><W9/><G36/><AGARI ba="1,2" hai="0,1,3,19,23,25,36,43,46,62,67,69,92,94" machi="36" ten="40,1300,0" yaku="1,1,53,0" doraHai="72" doraHaiUra="121" who="0" fromWho="3" sc="140,36,456,0,167,0,217,-16" owari="176,-22.4,456,55.6,167,-33.3,201,0.1" /></mjloggm>