<mjloggm ver="2.3"><GO type="225" lobby="0"/><UN n0="%E3%82%82%E3%81%90%E3%82%89" n1="%E3%81%A1%E3%82%85%E3%81%86%E3%81%A9%E3%81%8F%E8%B1%A1%E3%81%95%E3%82%93" n2="%E9%A1%94%E7%9C%9F%E5%8D%BF" n3="%6D%75%75%6D%75%72%61" dan="17,17,16,16" rate="2219.02,2221.92,2118.49,2147.09" sx="M,M,M,F"/><TAIKYOKU oya="0"/><INIT seed="0,0,0,5,0,117" ten="250,250,250,250" oya="0" hai0="32,57,40,127,110,93,128,85,64,6,26,130,78" hai1="20,48,37,35,115,23,89,9,68,125,80,107,106" hai2="102,96,88,112,19,54,58,74,49,84,59,76,69" hai3="29,0,92,77,38,101,113,118,16,22,131,83,81"/><T3/><D127/><U95/><E115/><V111/><F112/><W33/><G113/><T105/><D105/><U13/><E37/><V73/><F69/><W24/><G118/><T30/><D40/><U56/><E35/><V133/><F133/><W52/><G131/><N who="0" m="50219" /><D110/><U75/><E68/><V79/><F111/><W43/><G0/><T103/><D3/><U119/><E119/><V11/><F73/><W66/><G66/><T21/><D6/><U39/><E39/><V126/><F126/><W135/><G135/><T28/><D78/><N who="2" m="29738" /><F74/><W61/><G43/><T10/><D10/><U31/><E75/><V70/><F70/><W72/><G81/><T45/><D45/><U71/><E71/><V18/><F11/><W94/><G38/><T60/><D85/><U50/><E125/><V17/><F58/><W1/><G1/><T65/><D65/><U55/><E80/><N who="2" m="49159" /><F96/><W53/><G61/><T120/><D32/><U122/><E107/><V82/><F82/><W51/><G51/><T36/><D36/><U42/><E106/><V4/><F4/><W90/><G92/><T134/><D134/><U7/><E42/><V62/><F49/><W97/><REACH who="3" step="1"/><G90/><REACH who="3" ten="250,250,250,240" step="2"/><T116/><D116/><U87/><E50/><V15/><F102/><W91/><G91/><T46/><D103/><U67/><E67/><V5/><F15/><AGARI ba="0,1" hai="15,16,22,24,29,33,52,53,72,77,83,94,97,101" machi="15" ten="30,7700,0" yaku="1,1,7,1,54,2,53,0" doraHai="117" doraHaiUra="44" who="3" fromWho="2" sc="250,0,250,0,250,-77,240,87" /><INIT seed="1,0,0,1,3,33" ten="250,250,173,327" oya="1" hai0="78,76,28,51,45,112,85,99,6,54,59,0,1" hai1="122,86,103,41,7,17,71,5,37,115,74,102,111" hai2="108,18,61,80,107,84,42,52,117,53,24,119,113" hai3="31,105,126,21,58,81,83,104,116,60,47,130,13"/><U49/><E122/><V133/><F107/><W15/><G126/><T75/><D112/><U9/><E115/><V90/><F113/><W121/><G47/><T87/><D6/><U8/><E74/><V77/><F108/><W20/><G130/><T32/><D75/><U11/><E37/><V123/><F123/><W30/><G60/><T43/><D99/><U67/><E111/><V2/><F133/><W106/><G106/><T127/><D127/><U57/><E71/><V40/><F2/><W46/><G46/><T88/><D78/><U25/><E86/><V128/><F128/><W39/><G121/><T98/><D98/><U3/><E41/><V73/><F40/><W79/><G58/><T110/><D110/><U29/><E17/><V66/><F42/><W68/><G79/><T132/><D132/><U95/><E95/><V100/><F100/><W4/><G4/><T70/><D70/><U97/><E97/><V134/><F134/><W131/><G131/><T82/><D32/><U91/><E91/><V64/><F117/><W72/><G68/><T36/><D28/><U48/><E9/><V94/><F119/><W35/><G35/><T56/><D59/><U10/><E10/><V14/><F24/><W65/><G116/><T12/><D12/><N who="1" m="5135" /><E67/><V38/><F38/><W135/><G135/><T55/><D55/><N who="2" m="21066" /><F61/><W26/><G39/><T22/><D22/><N who="1" m="15543" /><E48/><V109/><F109/><W69/><G69/><T89/><D76/><U62/><E49/><V23/><F73/><W27/><G72/><T114/><D114/><U124/><E124/><V125/><F125/><RYUUKYOKU ba="0,0" sc="250,0,250,0,173,0,327,0" hai0="0,1,36,43,45,51,54,56,82,85,87,88,89" hai1="3,7,11,57,62,102,103" hai2="14,18,23,64,66,77,80,84,90,94" hai3="13,15,20,21,26,27,30,31,65,81,83,104,105" /><INIT seed="1,1,0,5,4,98" ten="250,250,173,327" oya="1" hai0="11,9,29,40,133,117,59,18,67,116,88,119,130" hai1="79,52,44,61,75,28,31,53,50,66,62,3,110" hai2="76,108,112,0,71,1,94,77,114,118,104,121,20" hai3="22,54,55,23,106,68,113,8,65,19,43,5,87"/><U84/><E3/><V48/><F121/><W15/><G113/><N who="2" m="43625" /><F104/><W126/><G126/><T2/><D130/><U30/><E75/><V107/><F107/><W135/><G135/><T33/><D133/><U129/><E129/><V123/><F123/><W34/><G34/><T90/><D40/><N who="1" m="24839" /><E110/><V39/><F39/><W16/><G106/><T7/><D11/><U60/><E66/><V105/><F105/><W49/><G68/><T58/><D18/><N who="3" m="6697" /><G65/><T36/><D36/><U74/><E74/><V14/><F118/><W64/><G64/><T69/><D69/><U101/><E101/><V103/><F71/><W82/><G43/><T26/><REACH who="0" step="1"/><D59/><REACH who="0" ten="240,250,173,327" step="2"/><U45/><E45/><V86/><F108/><W120/><G120/><T56/><D56/><U78/><E78/><V37/><F37/><W25/><G8/><T85/><D85/><U80/><AGARI ba="1,1" hai="28,30,31,52,53,60,61,62,79,80,84" m="24839" machi="80" ten="40,3900,0" yaku="8,1,54,1" doraHai="98" who="1" fromWho="1" sc="240,-14,250,52,173,-14,327,-14" /><INIT seed="1,2,0,1,0,118" ten="226,302,159,313" oya="1" hai0="57,62,110,32,115,83,119,27,43,26,68,8,112" hai1="116,121,5,1,81,102,78,61,97,117,11,70,86" hai2="49,125,55,21,107,28,67,14,50,89,130,63,18" hai3="98,48,90,113,127,17,120,40,65,2,13,31,58"/><U104/><REACH who="1" step="1"/><E121/><REACH who="1" ten="226,292,159,313" step="2"/><V46/><F125/><W38/><G120/><T35/><D115/><U94/><E94/><V123/><F123/><W85/><G127/><T76/><D112/><U9/><E9/><V36/><F107/><W131/><G113/><T91/><D119/><U20/><E20/><V41/><F130/><W135/><G131/><T0/><D8/><U87/><E87/><V82/><F28/><W23/><G85/><T77/><D35/><U105/><E105/><V101/><F21/><W29/><G23/><T71/><D32/><U54/><E54/><V64/><F55/><W109/><G31/><T15/><D27/><U80/><E80/><V132/><F82/><W52/><G52/><T45/><D26/><U3/><E3/><V100/><F14/><W79/><G13/><T108/><D0/><U69/><E69/><V95/><F95/><W111/><G29/><T134/><D71/><U51/><E51/><V53/><F49/><W122/><G48/><N who="0" m="26687" /><D68/><U24/><E24/><V73/><F50/><W93/><G2/><T16/><D15/><U4/><E4/><V72/><F64/><AGARI ba="2,1" hai="1,5,11,61,64,70,78,81,86,97,102,104,116,117" machi="64" ten="40,3900,0" yaku="21,2,53,0" doraHai="118" doraHaiUra="22" who="1" fromWho="2" sc="226,0,292,55,159,-45,313,0" /><INIT seed="1,3,0,0,5,96" ten="226,347,114,313" oya="1" hai0="105,128,60,97,100,0,70,134,77,41,112,32,7" hai1="59,118,57,116,63,120,85,78,31,17,130,13,119" hai2="49,48,5,34,66,89,1,54,18,46,106,102,135" hai3="30,76,80,27,68,65,71,44,67,61,125,87,90"/><U94/><E120/><V14/><F135/><W33/><G125/><T22/><D112/><U108/><E130/><V129/><F129/><W126/><G126/><T62/><D128/><U42/><E42/><V75/><F75/><W12/><G12/><T11/><D134/><U4/><E4/><V72/><F72/><W10/><G10/><T117/><D32/><U84/><E31/><V51/><F34/><W9/><G9/><T109/><D117/><U107/><E107/><V38/><F66/><W92/><G44/><T115/><D115/><U86/><E108/><V36/><F1/><W56/><REACH who="3" step="1"/><G65/><REACH who="3" ten="226,347,114,303" step="2"/><T132/><D132/><U74/><E118/><V52/><F5/><W24/><G24/><T114/><D11/><U39/><E119/><V35/><F35/><W3/><G3/><T127/><D0/><U6/><E116/><V53/><F46/><W23/><G23/><T98/><D22/><U121/><E13/><V55/><N who="2" m="13312" /><DORA hai="95" /><V25/><F25/><W40/><G40/><T113/><D41/><U79/><E121/><V73/><F73/><AGARI ba="3,1" hai="27,30,33,56,61,67,68,71,73,76,80,87,90,92" machi="73" ten="30,3900,0" yaku="1,1,7,1,53,1" doraHai="96,95" doraHaiUra="37,29" who="3" fromWho="2" sc="226,0,347,0,114,-48,303,58" /><INIT seed="2,0,0,3,4,116" ten="226,347,66,361" oya="2" hai0="105,69,80,118,43,35,13,129,7,132,79,62,98" hai1="68,51,77,64,8,81,9,131,26,128,55,100,101" hai2="66,74,82,108,130,72,97,114,135,59,41,63,103" hai3="91,3,73,40,30,15,17,96,21,28,16,93,122"/><V38/><F114/><W106/><G122/><T12/><D118/><U22/><E64/><V95/><F135/><W120/><G120/><T115/><D115/><U37/><E37/><V127/><F127/><W42/><G3/><T48/><D35/><U11/><E68/><V84/><F130/><N who="1" m="49705" /><E51/><V86/><F108/><W31/><G73/><T58/><D132/><U44/><E44/><V76/><REACH who="2" step="1"/><F84/><REACH who="2" ten="226,347,56,361" step="2"/><W125/><G125/><T113/><D129/><U54/><E8/><V25/><F25/><N who="3" m="14503" /><G106/><T33/><D105/><U57/><E9/><AGARI ba="0,1" hai="9,15,17,28,30,31,40,42,91,93,96" m="14503" machi="9" ten="30,2000,0" yaku="8,1,54,1" doraHai="116" who="3" fromWho="1" sc="226,0,347,-20,56,0,361,30" /><INIT seed="3,0,0,0,3,133" ten="226,327,56,391" oya="3" hai0="28,81,74,14,68,49,55,122,63,119,61,67,43" hai1="73,51,130,4,1,105,39,64,33,132,69,11,83" hai2="8,62,35,95,65,24,123,84,76,100,121,131,56" hai3="31,125,99,97,103,78,101,29,102,30,91,79,118"/><W114/><G125/><T5/><D81/><U54/><E130/><V80/><F131/><W44/><G118/><T42/><D14/><U111/><E111/><V23/><F35/><W92/><G114/><T50/><D28/><U26/><E132/><V96/><F123/><W115/><G115/><T87/><D87/><U120/><E120/><V85/><F121/><W22/><G22/><T93/><D93/><U41/><E54/><V58/><F58/><W7/><G7/><T110/><D5/><U17/><E51/><V89/><F8/><W60/><G60/><T10/><D10/><U25/><E17/><V47/><F47/><W98/><BYE who="2" /><G44/><T134/><D74/><U16/><E105/><V53/><F53/><W129/><G129/><T66/><D110/><U71/><E64/><V15/><F15/><W0/><G0/><T117/><D134/><U128/><E128/><V77/><F77/><AGARI ba="0,0" hai="29,30,31,77,78,79,91,92,97,98,99,101,102,103" machi="77" ten="40,2000,0" yaku="8,1" doraHai="133" who="3" fromWho="2" sc="226,0,327,0,56,-20,391,20" owari="226,-17.4,327,12.7,36,-46.4,411,51.1" /></mjloggm>