<mjloggm ver="2.3"><GO type="225" lobby="0"/><UN n0="%4E%49%4A%49%49%52%4F" n1="%33%74%72%65%65" n2="%E3%81%99%E3%81%84%E3%81%BE%E3%81%9B%E3%83%BC%E3%82%93" n3="%43%68%65" dan="16,17,16,16" rate="2190.68,2159.71,2127.28,2137.20" sx="M,F,M,M"/><TAIKYOKU oya="0"/><INIT seed="0,0,0,5,5,47" ten="250,250,250,250" oya="0" hai0="86,78,77,53,127,114,5,24,64,81,133,49,105" hai1="131,0,21,57,1,121,74,9,69,101,135,32,117" hai2="118,33,26,128,91,82,60,42,98,116,56,17,79" hai3="109,92,6,61,29,55,132,23,126,66,72,85,52"/><T95/><D114/><U25/><E69/><V106/><F128/><W76/><G109/><T44/><D105/><U59/><E117/><N who="2" m="45163" /><F42/><W129/><G129/><T51/><D133/><U46/><E121/><V87/><F106/><W124/><G132/><T89/><D127/><N who="3" m="48681" /><G6/><T10/><D64/><U38/><E32/><V27/><F33/><W115/><G72/><T28/><D95/><U7/><E74/><N who="2" m="43383" /><F98/><W123/><G123/><T40/><D24/><U96/><E131/><V48/><F17/><W43/><G43/><T8/><D28/><U67/><E135/><V111/><F111/><W80/><G92/><T58/><REACH who="0" step="1"/><D8/><REACH who="0" ten="240,250,250,250" step="2"/><U94/><E94/><V63/><F26/><N who="3" m="16607" /><G115/><T65/><D65/><U11/><E67/><V15/><F27/><W35/><G35/><T4/><D4/><U39/><E7/><V50/><F15/><AGARI ba="0,1" hai="5,10,15,40,44,49,51,53,58,77,78,81,86,89" machi="15" ten="30,18000,2" yaku="1,1,7,1,8,1,52,2,53,1" doraHai="47" doraHaiUra="36" who="0" fromWho="2" sc="240,190,250,0,250,-180,250,0" /><INIT seed="0,1,0,1,4,70" ten="430,250,70,250" oya="0" hai0="13,62,75,73,0,36,87,14,111,40,19,116,122" hai1="78,125,25,47,35,92,98,72,53,82,22,15,80" hai2="102,31,96,95,131,45,121,6,3,7,23,135,18" hai3="27,109,79,54,106,37,65,91,117,38,57,76,108"/><T69/><D116/><U81/><E125/><V10/><F121/><W11/><G117/><T46/><D122/><U101/><E35/><V12/><F131/><W77/><G65/><T119/><D0/><U55/><E15/><V112/><F112/><W132/><G132/><T58/><D119/><U94/><E94/><V52/><F135/><W44/><G44/><T83/><D111/><N who="3" m="42569" /><G106/><T5/><D69/><U39/><E39/><N who="3" m="14858" /><G27/><T68/><D68/><U59/><E47/><V100/><F7/><W128/><G128/><T103/><D5/><U42/><E42/><V60/><F31/><W134/><G134/><T124/><D124/><U17/><E55/><V56/><REACH who="2" step="1"/><F45/><REACH who="2" ten="430,250,60,250" step="2"/><W93/><G11/><T129/><D46/><U41/><E41/><V86/><F86/><N who="3" m="52471" /><G79/><T123/><D40/><U32/><E78/><V61/><F61/><AGARI ba="1,1" hai="54,57,61,76,77" m="52471,14858,42569" machi="61" ten="30,7700,0" yaku="14,1,52,3" doraHai="70" who="3" fromWho="2" sc="430,0,250,0,60,-80,250,90" owari="430,53.0,250,-15.0,-20,-52.0,340,14.0" /></mjloggm>