<mjloggm ver="2.3"><GO type="225" lobby="0"/><UN n0="%E3%81%B5%E3%81%98%E3%81%8B%E3%81%A4" n1="%72%69%6F%75%63%68%61%6E" n2="%E5%BA%97%E9%95%B7%4D" n3="%E5%8D%A0%E3%81%84%E5%B8%AB%E8%A3%8F%E3%81%AA%E3%81%84%E3%81%97" dan="17,16,16,17" rate="2201.18,2224.21,2089.22,2213.38" sx="M,M,M,M"/><TAIKYOKU oya="0"/><INIT seed="0,0,0,5,0,102" ten="250,250,250,250" oya="0" hai0="69,41,112,90,74,13,29,12,126,99,53,83,88" hai1="25,11,72,23,47,2,127,91,129,30,133,105,0" hai2="94,32,43,113,4,14,63,46,49,128,95,96,86" hai3="59,101,33,104,19,77,119,93,107,36,120,124,98"/><T1/><D112/><U114/><E114/><V70/><F113/><W61/><G119/><T16/><D69/><U9/><E72/><V54/><F32/><W82/><G36/><T17/><D1/><N who="1" m="619" /><E91/><N who="0" m="34857" /><D74/><U87/><E105/><V65/><F128/><W67/><G124/><T66/><D126/><U84/><E47/><V31/><F31/><W26/><G120/><T135/><D135/><U42/><E42/><V109/><F109/><W45/><G45/><T27/><D41/><U21/><E84/><V38/><F86/><W97/><G97/><T131/><D131/><U62/><E62/><V115/><F115/><W118/><G118/><T92/><D66/><U132/><E87/><V8/><F96/><W100/><G100/><N who="0" m="60519" /><D83/><U24/><E127/><V52/><REACH who="2" step="1"/><F54/><REACH who="2" ten="250,250,240,250" step="2"/><W10/><G33/><T58/><D53/><U123/><E129/><V51/><F51/><W76/><G76/><T55/><D29/><N who="1" m="17551" /><E123/><V60/><F60/><W121/><G121/><T85/><D85/><U80/><E80/><V78/><F78/><W75/><REACH who="3" step="1"/><G26/><REACH who="3" ten="250,250,240,240" step="2"/><T81/><D27/><U22/><E132/><V108/><F108/><W44/><G44/><AGARI ba="0,2" hai="4,8,14,38,43,44,46,49,52,63,65,70,94,95" machi="44" ten="30,7700,0" yaku="1,1,7,1,54,1,53,1" doraHai="102" doraHaiUra="64" who="2" fromWho="3" sc="250,0,250,0,240,97,240,-77" /><INIT seed="1,0,0,1,4,11" ten="250,250,337,163" oya="1" hai0="35,92,111,13,2,107,6,53,62,54,127,7,39" hai1="61,27,72,70,118,95,129,46,102,80,36,88,86" hai2="43,57,76,67,94,71,28,105,124,52,100,87,0" hai3="120,25,123,14,40,121,55,31,42,85,44,96,47"/><U56/><E118/><V69/><F0/><W8/><G96/><T26/><D107/><U134/><E129/><V110/><F110/><W99/><G99/><T90/><D39/><U18/><E134/><V10/><F124/><W4/><G85/><T122/><D127/><U133/><E133/><V89/><F76/><W135/><G135/><T115/><D115/><U24/><E70/><V23/><F43/><W125/><G125/><T41/><D41/><U51/><E36/><V103/><F105/><W101/><G101/><T34/><D111/><U16/><E72/><V12/><F67/><W21/><REACH who="3" step="1"/><G44/><REACH who="3" ten="250,250,337,153" step="2"/><T78/><D122/><U108/><E108/><V116/><F116/><W45/><G45/><T68/><D92/><U59/><E102/><V93/><F93/><W22/><G22/><T38/><D78/><U119/><E95/><V132/><F132/><W33/><G33/><T29/><D35/><U104/><E119/><V74/><F74/><W63/><G63/><T9/><D62/><U113/><E104/><V20/><F20/><W77/><G77/><T79/><D79/><U19/><E61/><N who="2" m="36007" /><F103/><W83/><G83/><T37/><D34/><U49/><E46/><V48/><F100/><W130/><G130/><T114/><D114/><U126/><E113/><V97/><F97/><W1/><G1/><T91/><D2/><U60/><E126/><V65/><F94/><W32/><G32/><T82/><D82/><U73/><E73/><V17/><F23/><W3/><G3/><T81/><D81/><U75/><E75/><V50/><F87/><W15/><G15/><RYUUKYOKU ba="0,1" sc="250,-10,250,-10,337,-10,153,30" hai3="4,8,14,21,25,31,40,42,47,55,120,121,123" /><INIT seed="2,1,1,2,2,75" ten="240,240,327,183" oya="2" hai0="11,3,129,51,118,91,62,72,101,38,88,125,79" hai1="100,42,93,132,127,30,119,57,69,23,43,63,0" hai2="87,123,67,108,80,28,17,25,47,8,135,131,71" hai3="84,76,103,110,60,111,58,31,95,53,109,2,49"/><V41/><F123/><W13/><G2/><T90/><D38/><U130/><E119/><V5/><F131/><W50/><G31/><T120/><D62/><U74/><E0/><V77/><F135/><W112/><G112/><T97/><D51/><U32/><E32/><V117/><F117/><W96/><REACH who="3" step="1"/><G13/><REACH who="3" ten="240,240,327,173" step="2"/><T45/><D3/><U82/><E30/><V65/><F108/><W14/><G14/><T12/><D118/><U15/><E15/><N who="2" m="5519" /><F71/><W16/><G16/><T35/><D120/><U134/><E69/><V105/><F17/><W44/><G44/><T22/><D45/><U116/><E116/><V128/><F128/><W133/><G133/><T61/><D129/><U70/><E130/><V94/><F28/><W121/><G121/><T55/><D12/><U46/><E70/><V68/><F68/><W114/><G114/><T126/><D11/><U83/><E46/><V33/><F33/><W99/><G99/><T113/><D35/><U39/><E134/><V19/><F19/><W48/><G48/><T59/><D113/><U92/><E132/><V21/><F25/><W7/><G7/><T34/><D34/><U6/><E6/><V66/><F21/><W54/><G54/><T102/><D22/><U85/><E23/><V73/><F47/><W36/><G36/><T37/><D37/><U29/><E29/><V89/><F41/><W78/><G78/><T4/><D4/><U27/><E42/><V10/><F10/><W107/><G107/><T104/><D102/><U40/><E39/><V122/><F122/><W18/><G18/><T98/><D97/><RYUUKYOKU ba="1,2" sc="240,10,240,-30,327,10,173,10" hai0="55,59,61,72,79,88,90,91,98,101,104,125,126" hai2="65,66,67,73,77,80,87,89,94,105" hai3="49,50,53,58,60,76,84,95,96,103,109,110,111" /><INIT seed="2,2,2,1,2,100" ten="250,210,337,183" oya="2" hai0="52,111,134,70,89,74,48,65,108,45,1,80,62" hai1="72,78,104,38,16,85,101,96,130,60,12,3,127" hai2="31,107,18,71,83,15,109,35,103,55,63,120,5" hai3="77,51,133,56,59,92,81,122,125,11,86,47,84"/><V68/><F120/><W112/><G122/><T105/><D1/><U30/><E3/><V123/><F123/><W66/><G125/><T0/><D0/><U124/><E38/><V116/><F116/><W94/><G133/><T32/><D32/><U29/><E130/><V93/><F109/><N who="0" m="42058" /><D134/><U8/><E72/><V128/><F5/><W99/><G112/><T67/><D67/><U114/><E114/><V34/><F128/><W82/><G11/><T90/><D105/><U57/><E85/><V135/><F135/><W69/><G69/><T33/><D33/><U26/><E78/><AGARI ba="2,2" hai="45,48,52,62,65,70,74,78,80,89,90" m="42058" machi="78" ten="30,2000,0" yaku="14,1,54,1" doraHai="100" who="0" fromWho="1" sc="250,46,210,-26,337,0,183,0" /><INIT seed="3,0,0,5,3,118" ten="296,184,337,183" oya="3" hai0="33,131,1,12,127,89,18,14,119,100,129,122,80" hai1="8,6,7,38,5,49,133,39,95,47,28,54,102" hai2="112,42,15,65,61,92,43,3,46,76,101,21,48" hai3="97,35,63,94,114,20,120,75,110,22,103,25,23"/><W11/><G114/><T105/><D122/><U41/><E133/><V128/><F3/><W34/><G120/><T50/><D119/><U58/><E28/><V79/><F112/><W67/><G75/><T66/><D66/><U55/><E55/><V59/><F43/><W73/><G73/><T36/><D36/><U69/><E69/><V115/><F115/><W74/><G74/><T132/><D12/><U0/><E38/><V51/><F51/><W68/><G110/><T62/><D127/><U93/><REACH who="1" step="1"/><E95/><REACH who="1" ten="296,174,337,183" step="2"/><V4/><F128/><W117/><G117/><T98/><D132/><U85/><E85/><V19/><F4/><W16/><REACH who="3" step="1"/><G25/><REACH who="3" ten="296,174,337,173" step="2"/><T126/><D131/><U123/><E123/><V45/><F45/><W90/><G90/><T31/><D89/><U57/><E57/><V77/><F77/><W60/><G60/><T91/><D62/><U2/><E2/><V72/><F72/><W125/><G125/><T26/><D1/><U17/><E17/><V44/><F44/><W81/><G81/><T134/><D126/><U83/><E83/><V96/><AGARI ba="0,2" hai="15,19,21,42,46,48,59,61,65,76,79,92,96,101" machi="96" ten="30,2000,0" yaku="0,1,8,1" doraHai="118" who="2" fromWho="2" sc="296,-5,174,-5,337,40,173,-10" owari="291,9.1,169,-23.1,377,47.7,163,-33.7" /></mjloggm>