<mjloggm ver="2.3"><GO type="225" lobby="0"/><UN n0="%61%69%73%79%6F" n1="%E6%80%AA%E3%81%97%E3%81%99%E3%81%8E%E3%82%8B%E3%83%81%E3%83%BC" n2="%72%61%6B%33" n3="%E3%81%A9%E3%82%8F%E3%82%93%E3%81%94" dan="17,17,17,16" rate="2134.20,2205.66,2204.48,2179.66" sx="M,M,M,M"/><TAIKYOKU oya="0"/><INIT seed="0,0,0,4,2,7" ten="250,250,250,250" oya="0" hai0="96,94,89,74,45,22,25,61,116,103,30,79,49" hai1="132,0,104,71,10,93,37,4,31,97,44,105,50" hai2="128,126,27,106,26,91,9,48,115,84,28,52,43" hai3="5,110,73,34,16,135,12,118,40,122,8,35,125"/><T77/><D116/><U114/><E132/><V32/><F115/><W120/><G73/><T17/><D74/><U87/><E114/><V102/><F126/><W127/><G40/><T29/><D61/><U68/><E37/><V38/><F128/><W129/><G118/><T14/><D89/><U2/><E2/><V85/><F27/><W76/><G76/><T42/><REACH who="0" step="1"/><D30/><REACH who="0" ten="240,250,250,250" step="2"/><U24/><E31/><V124/><F91/><W67/><G135/><T78/><D78/><U107/><E71/><V100/><F28/><W46/><G129/><T63/><D63/><U98/><E68/><V6/><F124/><N who="3" m="47691" /><G67/><T117/><D117/><U75/><E75/><V88/><F88/><W23/><G110/><T33/><AGARI ba="0,1" hai="14,17,22,25,29,33,42,45,49,77,79,94,96,103" machi="33" ten="20,3900,0" yaku="1,1,0,1,7,1,53,0" doraHai="7" doraHaiUra="59" who="0" fromWho="0" sc="240,49,250,-13,250,-13,250,-13" /><INIT seed="0,1,0,2,2,11" ten="289,237,237,237" oya="0" hai0="71,123,99,78,41,32,91,45,72,16,53,79,92" hai1="124,61,115,35,131,108,56,81,74,19,62,93,113" hai2="29,50,128,15,4,98,75,105,126,30,114,9,84" hai3="60,23,134,87,112,28,127,55,96,63,95,77,49"/><T104/><D123/><U26/><E108/><V46/><F114/><N who="1" m="43529" /><E131/><V64/><F128/><W129/><G134/><T130/><D130/><U116/><E116/><V47/><F126/><W110/><G127/><T82/><D71/><U34/><E124/><V18/><F75/><W117/><G110/><T68/><D68/><U21/><E93/><V120/><F120/><W83/><G117/><T5/><D32/><N who="1" m="12331" /><E56/><V102/><F64/><W6/><G129/><T40/><D5/><U27/><E27/><V39/><F39/><W14/><G112/><T7/><D7/><U42/><E42/><V17/><F47/><N who="3" m="28095" /><G28/><T121/><D121/><U2/><E2/><V48/><F48/><W3/><G3/><T73/><D41/><U20/><E20/><V10/><F84/><W106/><G106/><T89/><D104/><U97/><E97/><V59/><F59/><W111/><G111/><T22/><D73/><U0/><E0/><V132/><F132/><W58/><G58/><T54/><D40/><U8/><E8/><V51/><F51/><W103/><G23/><T31/><D31/><U90/><E74/><V76/><F4/><W133/><G133/><T125/><D125/><U101/><E101/><V13/><F76/><N who="0" m="29226" /><D72/><U38/><E38/><V12/><F12/><W57/><G57/><T24/><D45/><U107/><E107/><V43/><AGARI ba="1,0" hai="9,10,13,15,17,18,29,30,43,46,50,98,102,105" machi="43" ten="20,8000,1" yaku="0,1,7,1,9,1,52,2" doraHai="11" who="2" fromWho="2" sc="289,-41,237,-21,237,83,237,-21" /><INIT seed="1,0,0,4,5,132" ten="248,216,320,216" oya="1" hai0="64,92,28,61,87,76,27,103,70,34,95,48,96" hai1="29,23,17,45,59,98,115,82,114,37,35,84,54" hai2="4,5,133,86,19,40,22,39,30,67,44,94,106" hai3="80,99,108,97,107,10,43,120,58,25,7,111,9"/><U2/><E2/><V13/><F133/><W50/><G120/><T66/><D66/><U26/><E98/><V42/><F106/><W65/><G80/><T79/><D87/><U15/><E37/><V36/><F67/><W128/><G128/><T124/><D124/><U47/><E114/><V116/><F116/><W75/><G75/><T24/><D24/><U52/><E115/><V131/><F131/><W135/><G135/><T69/><D69/><U32/><E32/><V63/><F63/><N who="3" m="38135" /><G25/><T71/><D71/><U60/><REACH who="1" step="1"/><E54/><REACH who="1" ten="248,206,320,216" step="2"/><V20/><F39/><W129/><G129/><T101/><D48/><U122/><E122/><V104/><F36/><W110/><G107/><T130/><D130/><U57/><E57/><V83/><F104/><W49/><G49/><T53/><D53/><U6/><E6/><V68/><F4/><W109/><G109/><T125/><D125/><U31/><E31/><V51/><F5/><W77/><G7/><T126/><D126/><U102/><E102/><V105/><F105/><W90/><G111/><T0/><D0/><U112/><E112/><V89/><F68/><W21/><G110/><T74/><D74/><U14/><E14/><V134/><F134/><W78/><G108/><T127/><D127/><U41/><E41/><V18/><F30/><W46/><G99/><AGARI ba="0,1" hai="27,28,34,61,64,70,76,79,92,95,96,99,101,103" machi="99" ten="40,1300,0" yaku="9,1" doraHai="132" who="0" fromWho="3" sc="248,23,206,0,320,0,216,-13" /><INIT seed="2,0,0,0,1,78" ten="271,206,320,203" oya="2" hai0="112,94,20,107,50,34,41,93,114,13,74,95,26" hai1="91,72,135,54,128,117,3,84,9,111,32,89,104" hai2="42,99,69,23,76,80,43,82,73,103,39,106,24" hai3="132,87,110,52,21,16,37,0,18,133,109,55,66"/><V119/><F119/><W86/><G0/><T38/><D38/><U11/><E72/><V101/><F69/><W19/><G37/><T92/><D107/><U1/><E117/><V58/><F103/><W120/><G66/><T8/><D74/><U10/><E32/><V85/><F58/><W96/><G96/><T97/><D34/><U62/><E104/><V45/><F42/><W77/><G21/><T65/><D65/><U121/><E111/><N who="3" m="42506" /><G120/><T57/><D57/><U29/><E121/><V59/><F59/><W83/><G87/><T68/><D68/><U27/><E135/><AGARI ba="0,0" hai="16,18,19,52,55,77,83,86,132,133,135" m="42506" machi="135" ten="40,8000,1" yaku="20,1,14,1,52,1,54,2" doraHai="78" who="3" fromWho="1" sc="271,0,206,-80,320,0,203,80" /><INIT seed="3,0,0,1,1,124" ten="271,126,320,283" oya="3" hai0="7,32,30,125,37,99,25,105,95,76,100,75,4" hai1="69,28,26,11,16,56,10,52,102,106,119,2,31" hai2="33,120,15,123,111,108,83,92,134,53,126,61,20" hai3="44,21,27,64,133,79,54,130,9,23,94,115,113"/><W65/><G133/><T43/><D125/><U74/><E69/><V14/><F126/><W5/><G79/><T80/><D37/><U96/><E74/><V50/><F33/><W128/><G94/><T85/><REACH who="0" step="1"/><D43/><REACH who="0" ten="261,126,320,283" step="2"/><U82/><E119/><V135/><F134/><W17/><G23/><T62/><D62/><U72/><E2/><V19/><F61/><W91/><G91/><AGARI ba="0,1" hai="4,7,25,30,32,75,76,80,85,91,95,99,100,105" machi="91" ten="40,8000,1" yaku="1,1,24,2,53,2" doraHai="124" doraHaiUra="3" who="0" fromWho="3" sc="261,90,126,0,320,0,283,-80" owari="351,45.1,126,-37.4,320,12.0,203,-19.7" /></mjloggm>