<mjloggm ver="2.3"><GO type="225" lobby="0"/><UN n0="%E6%A1%9C%E8%8A%B1%E9%96%83%E3%80%85" n1="%E3%83%B4%E3%82%A3%E3%83%AF%E3%82%B3%E3%82%B0%E3%83%8B" n2="%E3%81%8B%E3%82%8F%E3%81%A1%E3%82%83%E3%82%93%35%38" n3="%4B%2E%32%2E%4B%2E" dan="16,16,16,16" rate="2160.12,2164.04,2145.53,2114.40" sx="M,M,M,M"/><TAIKYOKU oya="0"/><INIT seed="0,0,0,3,4,129" ten="250,250,250,250" oya="0" hai0="65,40,78,96,13,119,31,52,2,57,15,131,17" hai1="73,36,24,130,128,67,117,98,79,68,104,95,7" hai2="87,47,120,101,91,3,107,14,93,103,1,42,124" hai3="48,46,121,16,39,134,135,70,35,44,89,55,64"/><T109/><D119/><U8/><E117/><V112/><F120/><W62/><G35/><T85/><D2/><U59/><E104/><V118/><F112/><W10/><G89/><T133/><D131/><N who="1" m="50219" /><E36/><V43/><F118/><W127/><G121/><T20/><D109/><U94/><E68/><V116/><F116/><W106/><G106/><T74/><D74/><U102/><E24/><V26/><F124/><W123/><G123/><T108/><D108/><U105/><E67/><V63/><F1/><W22/><G10/><T125/><D40/><U100/><E100/><V21/><F3/><W18/><G18/><T80/><D133/><N who="3" m="50697" /><G127/><T110/><D110/><U75/><E59/><V72/><F107/><W28/><G28/><T25/><D125/><U76/><E75/><V77/><F103/><W58/><G39/><T34/><D96/><U11/><E11/><V60/><F101/><W111/><G111/><T45/><D34/><U51/><E51/><V32/><F32/><W71/><G70/><T9/><D9/><U84/><E7/><V6/><F6/><W82/><G82/><T23/><D23/><U122/><E8/><V69/><F69/><W37/><G37/><T41/><D31/><U50/><E122/><V66/><F21/><W92/><G92/><T56/><D20/><U83/><E50/><V33/><F33/><W49/><G48/><N who="0" m="30727" /><D17/><U30/><E30/><V115/><F93/><W88/><G88/><T61/><D25/><AGARI ba="0,0" hai="16,22,25,44,46,49,55,58,62,64,71" m="50697" machi="25" ten="30,8000,1" yaku="20,1,52,3,54,1" doraHai="129" who="3" fromWho="0" sc="250,-80,250,0,250,0,250,80" /><INIT seed="1,0,0,5,5,76" ten="170,250,250,330" oya="1" hai0="63,96,115,48,68,15,119,78,98,86,47,49,71" hai1="7,111,59,35,37,27,28,23,74,85,126,9,32" hai2="121,64,90,33,19,91,97,135,1,12,26,132,125" hai3="5,102,42,13,56,30,75,100,110,65,134,105,4"/><U120/><E74/><V117/><F121/><W84/><G75/><T87/><D115/><U51/><E37/><V103/><F1/><W10/><G105/><T82/><D119/><U39/><E39/><V116/><F64/><W31/><G110/><T108/><D108/><U0/><E111/><V109/><F26/><W81/><G42/><T17/><D68/><U46/><E120/><V66/><F66/><W80/><G80/><N who="0" m="47383" /><D63/><U11/><E59/><V104/><F33/><W55/><G4/><T43/><D49/><U44/><E126/><V133/><F109/><W127/><G65/><T50/><D50/><U88/><E9/><N who="2" m="6543" /><F125/><W57/><G134/><N who="2" m="34305" /><V107/><DORA hai="25" /><F107/><W114/><G114/><T79/><D71/><U22/><E32/><V122/><F122/><W83/><G57/><T60/><D60/><U24/><E24/><V113/><F113/><W41/><G127/><T67/><D67/><U58/><E58/><V93/><F90/><W16/><G100/><T92/><D92/><U21/><REACH who="1" step="1"/><E51/><REACH who="1" ten="170,240,250,330" step="2"/><V61/><F61/><W131/><G56/><T123/><D123/><U54/><E54/><V38/><F38/><W45/><G55/><T95/><D95/><AGARI ba="0,1" hai="0,7,11,21,22,23,27,28,35,44,46,85,88,95" machi="95" ten="40,7700,0" yaku="1,1,52,1,54,1,53,0" doraHai="76,25" doraHaiUra="94,101" who="1" fromWho="0" sc="170,-77,240,87,250,0,330,0" /><INIT seed="1,1,0,1,4,30" ten="93,327,250,330" oya="1" hai0="96,52,100,48,77,58,26,114,39,15,82,27,44" hai1="45,75,21,125,0,11,43,79,38,18,35,109,85" hai2="2,122,37,31,103,71,98,111,90,123,62,12,105" hai3="41,34,110,108,83,53,32,102,42,49,73,7,70"/><U57/><E125/><V4/><F12/><W25/><G70/><T121/><D114/><U64/><E85/><V69/><F90/><W95/><G7/><T112/><D112/><U135/><E135/><V6/><F111/><N who="3" m="42539" /><G25/><T97/><D121/><U80/><E109/><V47/><F6/><W126/><G41/><T56/><D15/><U60/><E0/><V119/><F119/><W94/><G42/><T40/><D58/><U104/><E104/><V36/><F31/><W113/><G113/><T81/><D81/><U129/><E11/><N who="2" m="2455" /><F47/><N who="3" m="27839" /><G126/><T51/><D39/><N who="2" m="14922" /><F62/><W9/><G9/><T131/><D131/><U3/><E3/><V19/><F19/><W78/><G94/><T86/><REACH who="0" step="1"/><D97/><AGARI ba="1,0" hai="32,34,73,78,83,95,97,102" m="27839,42539" machi="97" ten="30,3900,0" yaku="14,1,52,2" doraHai="30" who="3" fromWho="0" sc="93,-42,327,0,250,0,330,42" /><INIT seed="2,0,0,2,0,68" ten="51,327,250,372" oya="2" hai0="100,15,119,33,81,30,128,43,51,19,16,47,13" hai1="23,134,92,77,3,48,97,49,122,37,83,73,112" hai2="109,133,11,96,31,84,121,57,69,66,1,130,12" hai3="2,105,62,6,87,124,18,117,95,126,10,5,7"/><V36/><F121/><W89/><G117/><T101/><D128/><U127/><E112/><V94/><F130/><W132/><G132/><T102/><D119/><U65/><E3/><V99/><F133/><W0/><G105/><T59/><D33/><U27/><E134/><V74/><F74/><W25/><G62/><T91/><D30/><U111/><E37/><V58/><F1/><W120/><G120/><T79/><D91/><U113/><E113/><V123/><F123/><W114/><G114/><T41/><D41/><U116/><E116/><V29/><F36/><W38/><G38/><T64/><D64/><U26/><E26/><V53/><F69/><W67/><G67/><T107/><D59/><N who="2" m="22538" /><F53/><W125/><G25/><T45/><D45/><U28/><E122/><V52/><F52/><W88/><G89/><T63/><D63/><U20/><E65/><V40/><F40/><W129/><G129/><T131/><D107/><U22/><E127/><V108/><F84/><W75/><G75/><T98/><D98/><N who="2" m="37418" /><F94/><W35/><G35/><T78/><D131/><U46/><E48/><V42/><F42/><W8/><G18/><T17/><REACH who="0" step="1"/><D81/><REACH who="0" ten="41,327,250,372" step="2"/><U4/><E46/><V24/><F66/><W103/><G103/><T21/><D21/><U93/><E22/><N who="2" m="15511" /><F31/><W60/><G60/><T56/><D56/><U135/><E135/><V55/><F55/><W106/><G106/><T39/><D39/><U72/><E49/><V118/><F118/><W50/><G50/><T86/><D86/><U34/><E72/><V104/><F104/><W14/><G126/><T85/><D85/><RYUUKYOKU ba="0,1" sc="41,10,327,-30,250,10,372,10" hai0="13,15,16,17,19,43,47,51,78,79,100,101,102" hai2="11,12,108,109" hai3="0,2,5,6,7,8,10,14,87,88,95,124,125" /><INIT seed="2,1,1,5,4,121" ten="51,297,260,382" oya="2" hai0="59,49,110,63,32,87,88,95,89,9,93,24,56" hai1="46,45,51,123,104,70,19,40,124,113,12,96,86" hai2="71,33,68,69,18,48,29,74,106,31,43,14,16" hai3="42,10,30,128,119,37,105,35,82,126,2,17,135"/><V57/><F74/><W91/><G105/><T44/><D9/><U53/><E124/><V78/><F106/><W80/><G126/><T6/><D6/><U98/><E113/><V76/><F43/><W60/><G119/><T101/><D101/><U47/><E123/><V103/><F103/><W118/><G118/><T92/><D110/><U61/><E104/><V122/><F122/><W127/><G128/><T1/><D1/><U134/><E134/><V36/><F36/><W133/><G127/><T64/><D32/><U55/><E70/><V73/><F73/><W15/><G2/><T13/><D13/><U108/><E108/><V107/><F107/><W83/><G60/><T94/><D24/><U81/><E61/><V4/><F4/><W112/><G112/><T67/><D59/><U77/><E53/><N who="2" m="31911" /><F18/><W115/><G115/><T11/><D11/><U58/><REACH who="1" step="1"/><E40/><REACH who="1" ten="51,287,260,382" step="2"/><V22/><F69/><W131/><G133/><T54/><REACH who="0" step="1"/><D64/><REACH who="0" ten="41,287,260,382" step="2"/><U79/><E79/><V20/><F71/><W23/><G135/><T21/><D21/><AGARI ba="1,3" hai="12,19,21,45,46,47,51,55,58,77,81,86,96,98" machi="21" ten="40,2600,0" yaku="1,1,8,1,53,0" doraHai="121" doraHaiUra="39" who="1" fromWho="0" sc="41,-29,287,59,260,0,382,0" /><INIT seed="3,0,0,5,0,96" ten="12,346,260,382" oya="3" hai0="123,70,34,43,38,23,97,128,60,104,133,135,22" hai1="14,39,126,109,65,28,127,17,71,24,29,116,100" hai2="86,84,108,54,68,3,51,74,2,130,56,32,75" hai3="12,107,93,10,132,119,98,80,81,42,0,4,101"/><W27/><G119/><T33/><D33/><BYE who="0" /><U61/><E39/><V95/><F51/><W59/><G42/><T112/><D112/><U72/><E72/><V57/><F57/><W41/><BYE who="2" /><G41/><UN n2="%E3%81%8B%E3%82%8F%E3%81%A1%E3%82%83%E3%82%93%35%38" /><T120/><D120/><U124/><BYE who="3" /><E109/><V19/><F56/><W47/><G47/><T44/><D44/><U103/><E116/><V25/><F95/><W49/><G49/><T9/><D9/><N who="1" m="6351" /><E28/><V62/><F19/><W102/><G102/><T85/><D85/><U7/><E7/><V92/><F92/><UN n3="%4B%2E%32%2E%4B%2E" /><W82/><G132/><T117/><D117/><U8/><E8/><V18/><F18/><W114/><G114/><T125/><D125/><U45/><E45/><V6/><F25/><W99/><G59/><T79/><D79/><U5/><E5/><V88/><F62/><W129/><G129/><T91/><D91/><U106/><E106/><V134/><F32/><AGARI ba="0,0" hai="24,29,32,61,65,71,100,103,124,126,127" m="6351" machi="32" ten="30,3900,0" yaku="18,1,52,2" doraHai="96" who="1" fromWho="2" sc="12,0,346,39,260,-39,382,0" owari="12,-48.8,385,48.5,221,-17.9,382,18.2" /></mjloggm>