<mjloggm ver="2.3"><GO type="225" lobby="0"/><UN n0="%E3%81%AF%E3%82%88%E3%81%8A%E3%81%98%E3%81%95%E3%82%93" n1="%43%68%65" n2="%E5%B8%86%E7%AB%8B%E5%A4%8F%E8%A1%A3" n3="%E3%81%82%E3%81%84%E3%81%82%E3%81%8A%E3%81%84" dan="16,16,17,18" rate="2129.81,2089.25,2166.58,2226.46" sx="M,M,M,M"/><TAIKYOKU oya="0"/><INIT seed="0,0,0,5,5,7" ten="250,250,250,250" oya="0" hai0="64,4,65,39,109,134,19,83,2,103,35,121,59" hai1="40,125,92,107,74,84,129,128,16,45,66,117,63" hai2="27,81,87,77,78,99,89,22,6,133,82,41,8" hai3="101,24,49,127,72,51,0,100,118,33,122,96,15"/><T37/><BYE who="3" /><D121/><UN n3="%E3%81%82%E3%81%84%E3%81%82%E3%81%8A%E3%81%84" /><U31/><E107/><V13/><F133/><W108/><G0/><T12/><D35/><U71/><E74/><V29/><F41/><W94/><G72/><T58/><D134/><U73/><E73/><V50/><F50/><W46/><G118/><T88/><D109/><U14/><E31/><V3/><F99/><W68/><G68/><T116/><D116/><U26/><E26/><V86/><REACH who="2" step="1"/><F3/><REACH who="2" ten="250,250,240,250" step="2"/><W54/><G51/><T53/><D39/><U135/><E135/><V1/><F1/><W79/><G49/><T80/><D37/><U11/><E117/><V70/><F70/><W113/><G96/><T9/><D59/><U76/><E125/><V42/><F42/><W115/><G46/><T126/><D103/><U44/><E40/><V10/><F10/><W110/><G101/><T132/><D132/><U130/><E92/><V91/><AGARI ba="0,1" hai="6,8,13,22,27,29,77,78,81,82,86,87,89,91" machi="91" ten="20,12000,2" yaku="1,1,0,1,7,1,9,1,8,1,52,1,53,0" doraHai="7" doraHaiUra="55" who="2" fromWho="2" sc="250,-60,250,-30,240,130,250,-30" /><INIT seed="1,0,0,1,3,6" ten="190,220,370,220" oya="1" hai0="34,98,132,80,131,133,63,111,99,48,102,81,38" hai1="124,86,20,104,37,121,47,4,90,97,58,74,105" hai2="5,42,29,13,109,72,15,130,135,41,62,89,61" hai3="128,85,110,76,33,92,60,127,79,9,117,134,77"/><U78/><E121/><V14/><F72/><W59/><G33/><T83/><D38/><U71/><E71/><V84/><F109/><W55/><G110/><T12/><D111/><U75/><E124/><V1/><F130/><W3/><G128/><T115/><D131/><U88/><E58/><V16/><F135/><N who="0" m="51786" /><D34/><U52/><E4/><V64/><F29/><W125/><G134/><T2/><D2/><U101/><E105/><V106/><F106/><W126/><G117/><T96/><D63/><N who="2" m="24074" /><F64/><W51/><G60/><T25/><D25/><U19/><E78/><V49/><F1/><W22/><G22/><T10/><D48/><U27/><E90/><V30/><F30/><W0/><G9/><T94/><D115/><U118/><E118/><V65/><F65/><W54/><G55/><T21/><D21/><U46/><E37/><V35/><F35/><W73/><G73/><T57/><D57/><U113/><E113/><V8/><F49/><W45/><G59/><T91/><D102/><U23/><E23/><N who="2" m="11663" /><F15/><W95/><G0/><T129/><D129/><U43/><E75/><V44/><F44/><W68/><G3/><T123/><D123/><U7/><E74/><V103/><F103/><W53/><G68/><T11/><D11/><U26/><E47/><V119/><F119/><W93/><REACH who="3" step="1"/><G54/><REACH who="3" ten="190,220,370,210" step="2"/><T69/><D69/><U87/><E52/><V67/><F67/><W56/><G56/><T116/><D116/><U107/><E46/><V66/><F66/><W18/><G18/><AGARI ba="0,1" hai="10,12,18,80,81,83,91,94,96,98,99" m="51786" machi="18" ten="30,2000,0" yaku="20,1,52,1" doraHai="6" who="0" fromWho="3" sc="190,30,220,0,370,0,210,-20" /><INIT seed="2,0,0,5,2,71" ten="220,220,370,190" oya="2" hai0="127,26,76,44,12,101,20,21,59,63,48,35,8" hai1="81,3,72,6,22,115,62,37,132,30,36,133,78" hai2="82,9,1,64,105,61,54,135,70,7,65,83,56" hai3="85,18,129,96,41,103,88,60,128,66,104,134,108"/><V118/><F135/><N who="1" m="51785" /><E115/><V80/><F118/><W123/><G134/><T106/><D127/><U121/><E121/><V50/><F105/><W11/><G123/><T84/><D106/><U43/><E43/><V102/><F102/><W46/><G108/><T28/><D101/><U32/><E22/><V126/><F126/><W94/><G11/><T0/><D0/><U31/><E62/><V53/><F70/><W4/><G4/><T40/><D84/><U17/><E17/><V90/><F90/><W130/><G18/><T57/><D76/><U33/><E31/><V92/><F92/><W116/><G116/><T114/><D59/><U10/><E33/><V86/><F86/><W52/><G52/><T111/><D114/><U73/><E73/><V29/><F29/><W93/><G104/><T110/><D110/><U99/><E99/><V77/><F77/><W19/><G19/><T89/><D89/><U107/><E107/><V79/><F79/><W95/><G94/><T24/><D24/><AGARI ba="0,0" hai="3,6,10,24,30,32,36,37,72,78,81" m="51785" machi="24" ten="30,7700,0" yaku="20,1,23,1,52,2" doraHai="71" who="1" fromWho="0" sc="220,-77,220,77,370,0,190,0" /><INIT seed="3,0,0,3,0,75" ten="143,297,370,190" oya="3" hai0="73,97,0,93,133,10,71,23,21,46,55,94,19" hai1="49,132,44,65,20,15,42,70,25,108,63,18,17" hai2="129,36,95,6,116,2,135,52,64,77,117,100,48" hai3="67,7,37,103,60,68,34,122,99,134,62,86,58"/><W33/><G122/><T51/><D133/><U119/><E132/><V43/><F135/><W8/><G37/><T124/><D124/><U128/><E108/><V79/><F129/><W14/><G86/><T102/><D71/><U76/><E128/><V84/><F64/><W72/><G72/><T111/><D111/><U127/><E127/><V30/><F30/><W91/><G91/><T112/><D112/><U38/><E119/><V107/><F107/><W27/><G27/><T110/><D110/><U3/><E3/><V13/><F2/><W59/><G134/><T24/><D73/><U113/><E113/><V89/><F100/><W47/><G47/><T56/><D0/><U4/><E4/><V90/><F90/><W92/><REACH who="3" step="1"/><G68/><REACH who="3" ten="143,297,370,180" step="2"/><T45/><D10/><U118/><E38/><V35/><F36/><W53/><AGARI ba="0,1" hai="7,8,14,33,34,53,58,59,60,62,67,92,99,103" machi="53" ten="20,7800,0" yaku="1,1,2,1,0,1,7,1,53,0" doraHai="75" doraHaiUra="125" who="3" fromWho="3" sc="143,-26,297,-26,370,-26,180,88" /><INIT seed="3,1,0,3,1,85" ten="117,271,344,268" oya="3" hai0="79,106,13,116,43,121,90,59,1,135,19,60,112" hai1="129,120,58,114,24,26,81,3,68,76,49,96,104" hai2="127,97,64,134,124,99,11,66,47,84,61,91,115" hai3="23,32,30,78,117,6,52,28,103,77,92,10,75"/><W33/><G117/><T20/><D121/><U5/><E120/><V83/><F115/><W133/><G133/><T89/><D116/><U27/><E68/><N who="2" m="41999" /><F66/><W98/><G23/><T50/><D1/><U62/><E114/><V74/><F134/><W39/><G39/><T67/><D135/><U57/><E129/><V130/><F130/><W72/><G78/><T108/><D106/><U65/><E3/><V94/><F47/><W16/><G77/><T25/><D108/><U122/><E122/><V125/><F11/><W71/><G71/><T53/><D112/><U31/><E5/><V56/><F56/><W86/><G86/><T54/><D79/><AGARI ba="1,0" hai="74,79,83,84,91,94,97,99,124,125,127" m="41999" machi="79" ten="30,2000,0" yaku="18,1,52,1" doraHai="85" who="2" fromWho="0" sc="117,-23,271,0,344,23,268,0" owari="94,-40.6,271,7.1,367,46.7,268,-13.2" /></mjloggm>