<mjloggm ver="2.3"><GO type="225" lobby="0"/><UN n0="%54%4F%52" n1="%E6%9D%B1%E9%A2%A8%E3%81%AE%E3%81%8D%E3%82%83%E3%81%B7%E3%81%95%E3%82%93" n2="%4B%2E%32%2E%4B%2E" n3="%EF%BC%AE%EF%BC%A1%EF%BC%AF%33%33%39" dan="17,17,16,17" rate="2198.31,2165.10,2124.67,2150.05" sx="M,M,M,M"/><TAIKYOKU oya="0"/><INIT seed="0,0,0,0,3,125" ten="250,250,250,250" oya="0" hai0="109,7,76,129,124,106,82,22,80,121,42,84,75" hai1="65,90,57,99,40,132,29,14,73,37,33,110,44" hai2="133,108,30,27,47,70,78,34,6,71,72,16,111" hai3="118,127,98,100,58,2,94,120,1,48,85,55,9"/><T89/><D121/><U53/><E73/><V45/><F6/><W28/><G118/><T92/><D124/><U32/><E110/><N who="2" m="42027" /><F133/><W105/><G127/><T26/><D109/><U49/><E132/><V61/><F16/><W43/><G120/><T119/><D119/><U95/><E29/><V113/><F113/><W17/><G28/><T10/><D106/><U104/><E104/><V81/><F61/><W88/><G43/><T8/><D129/><U25/><E25/><V23/><F34/><W79/><G9/><T64/><D64/><U35/><E14/><V135/><F135/><W67/><G67/><T131/><D131/><U36/><REACH who="1" step="1"/><E65/><REACH who="1" ten="250,240,250,250" step="2"/><V56/><F30/><W68/><G68/><T0/><D10/><U4/><E4/><V93/><F72/><W54/><G17/><T50/><D75/><U3/><E3/><V87/><F70/><W20/><G20/><T12/><D0/><U38/><AGARI ba="0,1" hai="32,33,35,36,37,38,40,44,49,53,57,90,95,99" machi="38" ten="40,2700,0" yaku="1,1,0,1,53,0" doraHai="125" doraHaiUra="123" who="1" fromWho="1" sc="250,-13,240,37,250,-7,250,-7" /><INIT seed="1,0,0,1,2,94" ten="237,277,243,243" oya="1" hai0="13,33,81,54,19,89,64,104,111,130,21,22,51" hai1="37,124,75,45,80,98,41,5,116,95,61,86,39" hai2="40,50,31,77,110,38,7,42,112,8,0,44,1" hai3="85,128,57,15,25,70,135,63,47,67,131,49,90"/><U101/><E116/><V97/><F110/><W24/><G135/><T118/><D118/><U28/><E124/><V17/><F112/><W46/><G70/><T103/><D33/><U52/><E75/><V122/><F122/><W79/><G79/><T87/><D111/><U82/><E37/><V88/><F31/><W127/><G127/><T93/><D130/><N who="3" m="49705" /><G15/><T6/><D104/><U35/><E5/><V117/><F117/><W91/><G47/><T121/><D121/><U114/><E114/><V34/><F34/><W123/><G123/><T43/><D64/><U55/><E80/><V132/><F132/><W56/><G56/><T109/><D109/><U62/><E28/><V16/><F0/><W48/><G48/><T99/><D43/><U3/><E3/><V69/><F69/><W32/><G32/><T102/><D6/><U115/><E115/><V20/><F20/><W83/><G90/><T29/><D29/><U72/><E72/><V119/><F119/><W100/><G100/><T71/><D71/><U125/><E125/><V18/><F77/><W2/><G2/><T106/><D106/><U23/><E23/><V78/><F78/><W14/><G14/><T68/><D68/><U60/><REACH who="1" step="1"/><E35/><REACH who="1" ten="237,267,243,243" step="2"/><V4/><F4/><W108/><G108/><T27/><D27/><U134/><E134/><V58/><F38/><W59/><G25/><T11/><REACH who="0" step="1"/><D103/><REACH who="0" ten="227,267,243,243" step="2"/><U105/><E105/><V73/><F7/><W74/><G24/><T133/><D133/><U53/><E53/><V26/><F26/><W65/><G65/><T76/><D76/><AGARI ba="0,2" hai="39,41,45,52,55,60,61,62,76,82,86,95,98,101" machi="76" ten="40,7700,0" yaku="1,1,52,1,54,1,53,0" doraHai="94" doraHaiUra="126" who="1" fromWho="0" sc="227,-77,267,97,243,0,243,0" /><INIT seed="1,1,0,3,3,111" ten="150,364,243,243" oya="1" hai0="121,37,4,3,23,11,117,20,48,75,85,104,78" hai1="30,56,14,29,64,94,135,76,0,120,68,131,99" hai2="71,28,124,21,6,52,130,74,65,100,15,5,18" hai3="116,93,87,88,84,66,72,115,27,17,127,92,39"/><U40/><E68/><V31/><F74/><W77/><G39/><T24/><D117/><U9/><E0/><V32/><F124/><W7/><G7/><T67/><D121/><U46/><E120/><V125/><F125/><W90/><G66/><T123/><D123/><U110/><E135/><V61/><F130/><W62/><G62/><T118/><D118/><U96/><E76/><V105/><F52/><W134/><G127/><T102/><D37/><U101/><E131/><V13/><F13/><W69/><G69/><T60/><D75/><U98/><E110/><V113/><F113/><W43/><G43/><T25/><D48/><U106/><E56/><V63/><F63/><W103/><G116/><T55/><D55/><U83/><E83/><V57/><F57/><W86/><G17/><T2/><D2/><U51/><E64/><V108/><F31/><N who="1" m="11785" /><E106/><V36/><F36/><W50/><G50/><T44/><D44/><U16/><AGARI ba="1,0" hai="9,14,16,40,46,51,94,96,98,99,101" m="11785" machi="16" ten="30,3000,0" yaku="8,1,54,1" doraHai="111" who="1" fromWho="1" sc="150,-11,364,33,243,-11,243,-11" /><INIT seed="1,2,0,3,4,38" ten="139,397,232,232" oya="1" hai0="107,113,36,22,98,92,118,27,32,68,9,71,30" hai1="128,5,122,46,108,134,106,3,1,43,51,55,93" hai2="7,66,8,67,133,81,110,18,40,77,105,29,130" hai3="73,19,53,41,125,12,59,132,28,127,88,20,44"/><U97/><E122/><V103/><F29/><W56/><G73/><T111/><D113/><U64/><E106/><V76/><F110/><W117/><G132/><T80/><D118/><U2/><E64/><V0/><F133/><W87/><G28/><T58/><D111/><U39/><E134/><V34/><F130/><W75/><G75/><T119/><D119/><U89/><E108/><V84/><F34/><W99/><G99/><T62/><D107/><U121/><E121/><V48/><F76/><W109/><G109/><T79/><D9/><U129/><REACH who="1" step="1"/><E5/><REACH who="1" ten="139,387,232,232" step="2"/><V116/><F116/><W126/><G117/><T131/><D131/><U123/><E123/><V72/><F67/><W54/><G54/><T14/><D32/><U45/><AGARI ba="2,1" hai="1,2,3,39,43,45,46,51,55,89,93,97,128,129" machi="45" ten="40,12000,1" yaku="1,1,0,1,52,1,53,1" doraHai="38" doraHaiUra="95" who="1" fromWho="1" sc="139,-42,387,136,232,-42,232,-42" /><INIT seed="1,3,0,1,4,118" ten="97,523,190,190" oya="1" hai0="10,74,51,71,79,23,1,129,64,4,122,99,87" hai1="98,96,73,68,78,54,86,59,72,93,38,53,67" hai2="135,92,30,60,75,9,2,36,35,117,100,5,41" hai3="33,97,120,80,31,3,88,39,81,18,21,7,101"/><U45/><E68/><V89/><F117/><W82/><G39/><T8/><D129/><U130/><E130/><V77/><F135/><W12/><G120/><T27/><D74/><U16/><E67/><V84/><F100/><W48/><G48/><T52/><D99/><U83/><E73/><V128/><F128/><W47/><G47/><T110/><D110/><U6/><E6/><V116/><F116/><W115/><G115/><T49/><D10/><U119/><E119/><V111/><F111/><W58/><G58/><T25/><D49/><N who="1" m="28847" /><E72/><V46/><F60/><W121/><G121/><T76/><D122/><U124/><E124/><V19/><F19/><W123/><G123/><T32/><D32/><U17/><E38/><V104/><F104/><W70/><G70/><T91/><D64/><U44/><E44/><V66/><F66/><W11/><G101/><T62/><D62/><N who="1" m="36215" /><E98/><V0/><F0/><W20/><G20/><T112/><D112/><U24/><E24/><V57/><F57/><W56/><G56/><T131/><D71/><U103/><AGARI ba="3,0" hai="16,17,78,83,86,93,96,103" m="36215,28847" machi="103" ten="30,3000,0" yaku="8,1,54,1" doraHai="118" who="1" fromWho="1" sc="97,-13,523,39,190,-13,190,-13" /><INIT seed="1,4,0,4,5,23" ten="84,562,177,177" oya="1" hai0="44,61,135,124,73,21,133,105,29,116,37,6,9" hai1="93,125,110,128,62,92,80,34,22,7,39,51,86" hai2="129,127,96,114,59,130,15,117,132,88,67,106,27" hai3="53,19,2,36,56,52,3,82,58,84,42,47,112"/><U30/><E39/><V104/><F117/><W12/><G112/><T0/><D105/><U45/><E34/><V91/><F114/><W69/><G69/><T68/><D116/><U79/><E128/><N who="2" m="49259" /><F127/><W111/><G111/><T72/><D124/><U14/><E110/><V126/><F126/><W134/><G134/><N who="0" m="51211" /><D21/><U43/><E125/><V40/><F132/><W122/><G122/><T50/><D29/><U95/><E62/><N who="2" m="38367" /><F40/><W121/><G121/><T1/><D1/><U70/><E70/><V25/><F15/><W57/><G3/><T10/><D10/><U108/><E108/><V85/><F91/><W77/><REACH who="3" step="1"/><G2/><REACH who="3" ten="84,562,177,167" step="2"/><T32/><D32/><U46/><E46/><V109/><F109/><W100/><G100/><T33/><D33/><U35/><E35/><V66/><F66/><W94/><G94/><T48/><D44/><U65/><E65/><V31/><F106/><W90/><G90/><T41/><D68/><U99/><E99/><V118/><F118/><W64/><G64/><T131/><D131/><U119/><E119/><V5/><F104/><W55/><G55/><T60/><D41/><U83/><E83/><V26/><F96/><W54/><G54/><T123/><D123/><U78/><E78/><V120/><F120/><W38/><G38/><T74/><D37/><U63/><E95/><N who="2" m="54671" /><F5/><W17/><G17/><T102/><D102/><U97/><E97/><V49/><F49/><AGARI ba="4,1" hai="0,6,9,48,49,50,60,61,72,73,74" m="51211" machi="49" ten="40,1300,0" yaku="20,1" doraHai="23" who="0" fromWho="2" sc="84,35,562,0,177,-25,167,0" /><INIT seed="2,0,0,1,3,32" ten="119,562,152,167" oya="2" hai0="100,39,69,3,78,131,2,108,48,24,23,123,109" hai1="27,75,28,18,85,43,124,119,10,93,89,83,59" hai2="94,98,92,41,21,114,106,38,46,44,84,16,54" hai3="116,20,122,22,13,37,11,79,103,49,127,42,74"/><V111/><F114/><W81/><G116/><T5/><D123/><U47/><E124/><V110/><F106/><W126/><G122/><T96/><D39/><U25/><E119/><V53/><F84/><W97/><G37/><T8/><D69/><U52/><E75/><V104/><F104/><W118/><G118/><T33/><D33/><U12/><E83/><V87/><F87/><W130/><G130/><T95/><D131/><U121/><E121/><V0/><F0/><W107/><G42/><T90/><D78/><U65/><E65/><V134/><F92/><W55/><G126/><T50/><D2/><U9/><E9/><V36/><F134/><W135/><G135/><T26/><D26/><U76/><E76/><V88/><F36/><W4/><REACH who="3" step="1"/><G127/><REACH who="3" ten="119,562,152,157" step="2"/><T51/><REACH who="0" step="1"/><D100/><REACH who="0" ten="109,562,152,157" step="2"/><U105/><E43/><V63/><F38/><W34/><G34/><T67/><D67/><U64/><E64/><V101/><F101/><W73/><G73/><T58/><D58/><AGARI ba="0,2" hai="4,11,13,20,22,49,55,58,74,79,81,97,103,107" machi="58" ten="30,3900,0" yaku="1,1,7,1,53,1" doraHai="32" doraHaiUra="99" who="3" fromWho="0" sc="109,-39,562,0,152,0,157,59" /><INIT seed="3,0,0,2,1,61" ten="70,562,152,216" oya="3" hai0="20,11,107,40,70,128,43,22,134,42,99,80,25" hai1="38,12,84,101,26,118,39,108,117,85,133,60,82" hai2="71,102,2,27,47,0,96,98,16,31,9,7,33" hai3="86,126,121,54,129,100,59,44,77,28,94,17,14"/><W56/><G121/><T35/><D134/><U6/><E101/><V66/><F0/><W34/><G34/><T114/><D128/><U79/><E133/><V112/><F112/><W13/><G28/><T91/><D114/><U89/><E108/><V67/><F47/><W88/><G129/><T75/><D11/><N who="1" m="4215" /><E60/><V57/><F57/><W64/><G126/><T74/><D74/><U41/><E26/><V90/><F71/><W55/><G44/><T125/><D125/><U135/><E135/><V24/><F90/><W29/><G29/><T46/><D35/><U131/><E131/><V83/><F83/><W15/><G100/><T49/><D20/><U68/><E68/><V19/><F96/><W23/><G77/><T58/><D58/><U37/><E41/><V78/><F78/><W132/><G132/><T109/><D109/><U105/><E105/><V53/><F53/><W124/><G124/><T10/><D75/><N who="1" m="43391" /><E89/><V122/><F122/><W92/><G92/><T5/><D107/><U93/><E93/><V52/><F52/><N who="3" m="20011" /><G59/><T62/><D99/><U120/><E120/><V69/><F69/><W76/><G76/><T110/><D110/><U111/><E111/><V97/><F97/><W115/><G115/><T1/><D91/><U127/><E127/><V36/><F36/><W113/><G113/><T8/><D80/><U130/><E130/><V65/><REACH who="2" step="1"/><F24/><REACH who="2" ten="70,562,142,216" step="2"/><W45/><G45/><T50/><D46/><U73/><E73/><V95/><AGARI ba="0,1" hai="2,7,9,16,19,27,31,33,65,66,67,95,98,102" machi="95" ten="30,16000,3" yaku="1,1,2,1,0,1,52,3,54,1,53,1" doraHai="61" doraHaiUra="4" who="2" fromWho="2" sc="70,-40,562,-40,142,170,216,-80" owari="30,-47.0,522,62.2,312,11.2,136,-26.4" /></mjloggm>