<mjloggm ver="2.3"><GO type="225" lobby="0"/><UN n0="%E3%81%8F%E3%81%BE%E3%81%96%E3%82%8F" n1="%4E%6F%2E%30%30%30%31" n2="%E2%98%86%E5%AD%AB%E7%87%95%E5%A7%BF%E2%98%86" n3="%E3%83%B4%E3%83%A0%EF%BC%99%E3%81%A6" dan="16,18,16,17" rate="2050.16,2228.19,2161.94,2235.69" sx="M,M,M,M"/><TAIKYOKU oya="0"/><INIT seed="0,0,0,1,3,75" ten="250,250,250,250" oya="0" hai0="82,63,4,96,79,94,23,97,115,36,3,53,128" hai1="62,101,90,88,73,38,86,95,32,84,47,61,83" hai2="11,27,22,65,114,48,116,37,29,68,45,16,131" hai3="112,19,51,28,12,7,31,117,46,55,72,134,9"/><T122/><D115/><U60/><E32/><V67/><F114/><W2/><G112/><T119/><D119/><U80/><E73/><V111/><F116/><W34/><G117/><T20/><D36/><U102/><REACH who="1" step="1"/><E95/><REACH who="1" ten="250,240,250,250" step="2"/><V40/><F111/><W54/><G34/><T99/><D94/><U33/><E33/><V108/><F108/><W64/><G72/><T52/><D122/><U87/><E87/><V26/><F131/><W5/><G134/><T57/><D128/><U124/><E124/><V56/><F68/><W133/><G133/><T129/><D129/><U104/><E104/><V71/><F71/><W66/><G2/><T6/><D3/><U21/><E21/><V49/><F11/><W14/><G9/><T35/><D35/><U58/><E58/><V85/><F85/><W100/><G46/><T135/><D135/><U123/><E123/><V89/><F56/><W121/><G121/><T120/><D120/><U17/><E17/><V109/><F109/><W24/><G19/><T59/><D20/><U76/><E76/><V81/><F16/><W125/><G125/><T130/><D130/><U127/><E127/><V92/><F92/><W110/><G110/><T44/><D23/><U10/><E10/><V93/><F27/><W91/><G28/><T30/><D30/><U113/><E113/><V41/><F93/><W77/><G31/><T106/><D106/><U50/><E50/><N who="2" m="19563" /><F41/><AGARI ba="0,1" hai="38,41,47,60,61,62,80,83,84,86,88,90,101,102" machi="41" ten="40,8000,1" yaku="1,1,9,1,54,1,53,1" doraHai="75" doraHaiUra="70" who="1" fromWho="2" sc="250,0,240,90,250,-80,250,0" /><INIT seed="1,0,0,3,3,15" ten="250,330,170,250" oya="1" hai0="75,28,103,106,55,126,85,7,123,97,95,99,13" hai1="121,113,67,130,45,82,87,54,21,18,98,29,12" hai2="38,65,57,69,100,102,49,125,1,88,79,77,90" hai3="117,76,104,36,91,44,107,115,110,0,114,10,129"/><U8/><E113/><V78/><F38/><W22/><G91/><N who="2" m="34857" /><F69/><W41/><G110/><T59/><D123/><U4/><E121/><V16/><F1/><W63/><G63/><T118/><D118/><U3/><E130/><V111/><F125/><W30/><G129/><T89/><D126/><U131/><E131/><V39/><F39/><W40/><G40/><T133/><D133/><U6/><E67/><V56/><F111/><W120/><G120/><T35/><D75/><U20/><E98/><V128/><F128/><W132/><G132/><T101/><D35/><U94/><E94/><V26/><F49/><W64/><G64/><T81/><D28/><U47/><E54/><V135/><F135/><W122/><G122/><T80/><D13/><U43/><E29/><V19/><F26/><N who="3" m="16727" /><G117/><T71/><D7/><N who="1" m="2603" /><E3/><V105/><F105/><W51/><G36/><T48/><REACH who="0" step="1"/><D71/><REACH who="0" ten="240,330,170,250" step="2"/><U68/><E68/><V93/><F65/><W127/><G127/><T24/><D24/><U50/><E47/><V61/><F61/><W83/><G114/><T86/><D86/><U134/><E134/><V58/><F93/><AGARI ba="0,1" hai="48,55,59,80,81,85,89,93,95,97,99,101,103,106" machi="93" ten="30,2000,0" yaku="1,1,7,1,53,0" doraHai="15" doraHaiUra="60" who="0" fromWho="2" sc="240,30,330,0,170,-20,250,0" /><INIT seed="2,0,0,5,5,25" ten="270,330,150,250" oya="2" hai0="2,106,90,13,55,77,29,57,134,24,111,108,70" hai1="81,59,72,69,56,21,73,28,53,43,112,31,87" hai2="125,110,129,109,42,126,33,132,47,78,4,62,79" hai3="26,51,131,40,58,107,3,67,19,135,104,96,117"/><V65/><F33/><W128/><G117/><T95/><D2/><U80/><E69/><V127/><F4/><W15/><G3/><T8/><D106/><U54/><E21/><V18/><F18/><W0/><G0/><T84/><D70/><U118/><E87/><V20/><F20/><W27/><G135/><T119/><D134/><U6/><E43/><V102/><F132/><W91/><G91/><T34/><D77/><U89/><E89/><V116/><F102/><W38/><G38/><T50/><REACH who="0" step="1"/><D119/><REACH who="0" ten="260,330,150,250" step="2"/><U85/><E118/><V7/><F116/><W105/><G105/><T113/><D113/><U23/><E112/><V49/><F7/><AGARI ba="0,1" hai="7,8,13,24,29,34,50,55,57,84,90,95,108,111" machi="7" ten="40,2600,0" yaku="1,1,52,1,53,0" doraHai="25" doraHaiUra="39" who="0" fromWho="2" sc="260,36,330,0,150,-26,250,0" /><INIT seed="3,0,0,1,3,120" ten="296,330,124,250" oya="3" hai0="69,6,35,57,108,46,15,5,67,51,58,4,130" hai1="21,91,32,97,23,133,88,65,63,41,89,114,129" hai2="50,38,1,37,18,29,0,92,93,85,9,68,42" hai3="75,20,80,34,13,79,104,16,118,44,66,43,94"/><W2/><G118/><T135/><D35/><U25/><E114/><V30/><F68/><W71/><G104/><T116/><D116/><U95/><E129/><V62/><F62/><W131/><G131/><T47/><D130/><U83/><E133/><V24/><F50/><W124/><G124/><T87/><D135/><U76/><E41/><V11/><F42/><W74/><G34/><T96/><D69/><U109/><E109/><V26/><F85/><W123/><G123/><T3/><D3/><U132/><E32/><V99/><F99/><W111/><G111/><T64/><D108/><U115/><E115/><V119/><F119/><W22/><G2/><T126/><D96/><U107/><E107/><V122/><REACH who="2" step="1"/><F122/><REACH who="2" ten="296,330,114,250" step="2"/><W48/><G71/><T33/><D87/><U60/><E60/><V17/><AGARI ba="0,1" hai="0,1,9,11,17,18,24,26,29,30,37,38,92,93" machi="17" ten="25,8000,1" yaku="1,1,2,1,0,1,22,2,53,0" doraHai="120" doraHaiUra="102" who="2" fromWho="2" sc="296,-20,330,-20,114,90,250,-40" owari="276,7.6,310,41.0,204,-29.6,210,-19.0" /></mjloggm>