<mjloggm ver="2.3"><GO type="225" lobby="0"/><UN n0="%E6%80%AA%E3%81%97%E3%81%99%E3%81%8E%E3%82%8B%E3%83%81%E3%83%BC" n1="%72%61%6B%33" n2="%E3%81%BE%E3%81%A8%E3%81%9F" n3="%E5%A4%96%E5%B7%9D%E7%AB%9C%E6%88%90" dan="16,18,16,16" rate="2118.53,2264.08,2180.00,2202.01" sx="M,M,M,M"/><TAIKYOKU oya="0"/><INIT seed="0,0,0,3,1,131" ten="250,250,250,250" oya="0" hai0="50,3,47,107,32,88,34,113,53,89,62,35,45" hai1="135,27,18,96,94,20,119,37,75,66,84,52,106" hai2="40,125,87,112,82,83,108,67,85,114,98,9,99" hai3="61,86,127,41,31,64,91,22,71,10,19,0,36"/><T101/><D113/><U60/><E135/><V24/><F40/><W130/><G31/><T2/><D62/><U80/><E119/><V111/><F67/><W129/><G127/><T81/><D81/><N who="2" m="30730" /><F24/><W26/><G41/><T23/><D23/><U109/><E109/><N who="2" m="42059" /><F9/><W72/><G72/><T102/><D107/><U68/><E75/><V25/><F25/><W14/><G36/><T77/><D77/><U12/><E37/><V132/><F132/><W92/><REACH who="3" step="1"/><G0/><REACH who="3" ten="250,250,250,240" step="2"/><T104/><D104/><U7/><E106/><V28/><F28/><W13/><G13/><T124/><D124/><U134/><E12/><V93/><F125/><W56/><G56/><T65/><D3/><U58/><E134/><V1/><F1/><W11/><G11/><T90/><D2/><U78/><E7/><V38/><F38/><W126/><G126/><T33/><N who="0" m="8192" /><DORA hai="76" /><T121/><D121/><U21/><E21/><V46/><F46/><W8/><G8/><T16/><D47/><U17/><E17/><V110/><F110/><W29/><AGARI ba="0,1" hai="10,14,19,22,26,29,61,64,71,86,91,92,129,130" machi="29" ten="30,4000,0" yaku="1,1,0,1,53,1" doraHai="131,76" doraHaiUra="59,120" who="3" fromWho="3" sc="250,-20,250,-10,250,-10,240,50" /><INIT seed="1,0,0,0,5,109" ten="230,240,240,290" oya="1" hai0="127,19,107,22,100,15,106,47,97,129,83,41,67" hai1="44,12,1,8,114,86,105,128,58,60,96,20,110" hai2="10,76,30,90,84,87,66,52,46,71,23,43,5" hai3="64,65,126,57,32,112,85,91,54,49,119,79,135"/><U42/><E110/><V117/><F117/><W36/><G32/><T120/><D129/><U26/><E128/><V89/><F71/><W131/><G131/><T94/><D127/><U7/><E105/><V3/><F66/><W95/><G126/><T0/><D120/><U63/><E96/><V77/><F30/><W2/><G2/><T25/><D0/><U33/><E114/><V75/><F23/><W92/><G112/><T48/><D83/><U68/><E68/><V6/><F6/><W78/><G36/><T21/><REACH who="0" step="1"/><D67/><REACH who="0" ten="220,240,240,290" step="2"/><U130/><E130/><V14/><F3/><W70/><G65/><T73/><D73/><U121/><E121/><V125/><F75/><W118/><G64/><T102/><D102/><U104/><E1/><V31/><F125/><W81/><G70/><T115/><D115/><U29/><E104/><V80/><F31/><AGARI ba="0,1" hai="15,19,21,22,25,31,41,47,48,94,97,100,106,107" machi="31" ten="30,7700,0" yaku="1,1,7,1,53,2" doraHai="109" doraHaiUra="18" who="0" fromWho="2" sc="220,87,240,0,240,-77,290,0" /><INIT seed="2,0,0,0,2,74" ten="307,240,163,290" oya="2" hai0="95,43,126,105,134,66,119,33,31,80,51,56,49" hai1="41,18,20,88,35,121,22,7,85,77,13,30,25" hai2="104,135,1,2,53,27,125,128,23,3,78,108,102" hai3="58,96,45,84,71,29,70,54,90,47,86,52,114"/><V92/><F125/><W50/><G114/><T115/><D105/><U97/><E121/><V61/><F135/><W94/><G29/><T107/><D115/><U39/><E39/><V79/><F128/><W26/><G26/><T34/><D107/><U4/><E41/><V112/><F104/><W93/><G45/><T24/><D126/><U106/><E35/><V17/><F112/><W132/><G132/><T82/><D134/><U64/><E64/><V75/><F108/><W127/><G127/><T9/><D119/><U129/><E129/><V14/><F75/><W99/><G70/><T101/><D9/><U0/><E0/><V59/><REACH who="2" step="1"/><F27/><REACH who="2" ten="307,240,153,290" step="2"/><W38/><G38/><T116/><D24/><U5/><E106/><V69/><F69/><W103/><G71/><T62/><D116/><U16/><E30/><V32/><F32/><W46/><G46/><T55/><D33/><U72/><E72/><V8/><F8/><W124/><G124/><T123/><D34/><U67/><E25/><V83/><F83/><W113/><G113/><T48/><D31/><U12/><E22/><V68/><F68/><W118/><G118/><T15/><D82/><U40/><E20/><V19/><F19/><W120/><G120/><T100/><D80/><U63/><E16/><V91/><F91/><W87/><G47/><T21/><D123/><U10/><E18/><V89/><F89/><W109/><G109/><T73/><D73/><U81/><E10/><V36/><F36/><W98/><G90/><T42/><D21/><U37/><E37/><V130/><F130/><W28/><G28/><RYUUKYOKU ba="0,1" sc="307,-10,240,-10,153,30,290,-10" hai2="1,2,3,14,17,23,53,59,61,78,79,92,102" /><INIT seed="2,1,1,2,1,6" ten="297,230,183,280" oya="2" hai0="2,68,26,50,67,11,15,54,125,131,66,127,8" hai1="36,90,58,129,21,23,124,57,32,14,0,78,117" hai2="119,121,81,110,114,61,89,120,55,41,96,46,73" hai3="37,60,128,64,9,132,126,18,31,95,118,101,87"/><V45/><F114/><W74/><G74/><T47/><D131/><U5/><E36/><V80/><F119/><W38/><G118/><T44/><D68/><U133/><E32/><V115/><F115/><W88/><G128/><T20/><D44/><U83/><E133/><V43/><F110/><W135/><G126/><N who="0" m="48139" /><D2/><U25/><E0/><V63/><F96/><W122/><G31/><N who="0" m="17863" /><D11/><U71/><E71/><V16/><F89/><W75/><G101/><T134/><D134/><N who="3" m="51241" /><G75/><T72/><D72/><U91/><E90/><V69/><F73/><W106/><G106/><T104/><D104/><U116/><E91/><V52/><F69/><N who="3" m="42119" /><G122/><T12/><D12/><AGARI ba="1,1" hai="9,12,18,37,38,87,88,95" m="42119,51241" machi="12" ten="30,3900,0" yaku="20,1,52,1,54,1" doraHai="6" who="3" fromWho="0" sc="297,-42,230,0,183,0,280,52" /><INIT seed="3,0,0,3,0,25" ten="255,230,183,332" oya="3" hai0="10,47,49,51,1,84,77,23,19,94,71,9,42" hai1="48,108,110,123,6,57,59,66,127,7,101,67,18" hai2="88,39,4,58,44,12,132,133,86,73,36,63,60" hai3="13,8,38,122,106,52,79,34,117,89,16,26,72"/><W135/><G117/><T126/><D71/><U5/><E101/><V116/><F116/><W76/><G38/><T74/><D126/><U53/><E123/><V56/><F73/><W62/><G106/><T124/><D124/><U107/><E127/><V24/><F24/><W114/><G114/><T85/><D1/><U31/><E107/><V68/><F12/><W121/><G135/><T78/><D74/><U17/><E31/><V70/><F4/><W92/><G34/><T75/><D51/><U2/><E2/><V104/><F104/><W65/><G65/><N who="1" m="24586" /><E59/><V134/><F86/><N who="0" m="33386" /><D94/><U33/><E33/><V128/><F88/><W81/><G79/><N who="0" m="30219" /><D75/><U14/><E14/><AGARI ba="0,0" hai="9,10,14,19,23,42,47,49" m="30219,33386" machi="14" ten="30,1000,0" yaku="8,1" doraHai="25" who="0" fromWho="1" sc="255,10,230,-10,183,0,332,0" owari="265,6.5,220,-18.0,183,-31.7,332,43.2" /></mjloggm>