<mjloggm ver="2.3"><GO type="225" lobby="0"/><UN n0="%E3%83%AC%E3%82%A4%E3%83%88%E3%83%B3%E5%87%86%E6%95%99%E6%8E%88" n1="%E6%A1%9C%E8%8A%B1%E9%96%83%E3%80%85" n2="%E3%82%BC%E3%83%AB%E3%83%80%E3%81%AE%E4%BC%9D%E8%AA%AC" n3="%6D%75%75%6D%75%72%61" dan="18,16,16,16" rate="2223.07,2117.40,2199.99,2148.10" sx="M,M,M,F"/><TAIKYOKU oya="0"/><INIT seed="0,0,0,3,4,83" ten="250,250,250,250" oya="0" hai0="15,101,70,42,17,43,69,11,117,116,8,48,134" hai1="78,84,94,104,29,30,14,105,12,0,41,19,38" hai2="58,128,4,77,120,126,16,61,37,26,119,82,27" hai3="72,5,2,64,93,1,135,51,44,56,9,62,76"/><T35/><D134/><U109/><E0/><V81/><F120/><W112/><G112/><T18/><D35/><U123/><E109/><V98/><F37/><W49/><G135/><T102/><D48/><U7/><E105/><V92/><F126/><W103/><G2/><T52/><D15/><U67/><E104/><V115/><F115/><W55/><G72/><T66/><REACH who="0" step="1"/><D52/><REACH who="0" ten="240,250,250,250" step="2"/><U97/><E14/><V60/><F60/><W45/><G51/><T63/><D63/><U129/><E12/><V34/><F34/><W106/><G45/><T86/><D86/><U40/><E84/><V88/><F61/><W20/><G44/><T24/><D24/><U111/><E41/><V39/><F26/><W46/><G46/><T130/><D130/><U28/><E40/><V99/><F128/><W21/><G49/><T114/><D114/><U124/><E129/><V73/><F27/><W68/><G55/><T96/><D96/><U71/><E97/><V87/><F99/><W47/><G47/><T23/><D23/><U53/><E53/><V85/><F98/><W132/><G132/><T133/><D133/><U79/><E38/><V131/><F39/><W25/><G21/><T127/><D127/><U54/><E54/><V118/><F131/><W95/><G106/><T80/><D80/><U6/><E124/><V75/><F87/><W59/><G103/><T33/><D33/><U74/><E74/><V50/><F75/><W91/><G20/><T57/><D57/><N who="3" m="22089" /><G25/><T90/><D90/><U10/><E30/><V36/><F73/><W113/><G113/><T31/><D31/><RYUUKYOKU ba="0,1" sc="240,30,250,-10,250,-10,250,-10" hai0="8,11,17,18,42,43,66,69,70,101,102,116,117" /><INIT seed="0,1,1,0,1,57" ten="270,240,240,240" oya="0" hai0="122,14,38,64,41,88,51,43,8,84,92,104,124" hai1="62,114,111,93,35,80,96,97,46,48,110,128,123" hai2="134,50,74,90,81,44,45,103,109,106,33,10,25" hai3="95,125,40,65,17,121,19,23,9,76,113,71,16"/><T73/><D122/><U61/><E123/><V130/><F109/><N who="1" m="41481" /><E128/><V37/><F130/><W11/><G121/><T0/><D104/><U68/><E35/><V75/><F134/><W112/><G125/><T79/><D124/><U83/><E114/><V118/><F37/><W78/><G40/><T70/><D38/><U133/><E68/><V108/><F44/><W18/><G95/><T22/><D0/><U127/><E127/><V67/><F108/><W36/><G36/><T54/><D73/><U87/><E83/><V60/><F10/><W117/><G117/><T72/><D72/><U115/><E115/><V20/><F118/><W131/><G131/><T29/><D79/><N who="1" m="46495" /><E133/><V58/><F33/><W66/><G113/><T7/><D64/><N who="3" m="24681" /><G71/><T34/><D70/><U135/><E135/><V132/><F132/><W32/><G32/><T52/><D34/><U5/><E5/><V98/><F81/><W53/><G112/><T69/><D69/><U91/><E96/><V30/><REACH who="2" step="1"/><F90/><REACH who="2" ten="270,240,230,240" step="2"/><W4/><G76/><T116/><D116/><U49/><E49/><V31/><F31/><W27/><G78/><T47/><D41/><AGARI ba="1,2" hai="41,46,48,61,62,91,93,97" m="46495,41481" machi="41" ten="30,3900,0" yaku="14,1,52,2" doraHai="57" who="1" fromWho="0" sc="270,-42,240,62,230,0,240,0" /><AGARI ba="1,0" hai="20,25,30,41,45,50,58,60,67,74,75,98,103,106" machi="41" ten="30,3900,0" yaku="1,1,7,1,52,1,53,0" doraHai="57" doraHaiUra="3" who="2" fromWho="0" sc="228,-39,302,0,230,39,240,0" /><INIT seed="1,0,0,1,0,77" ten="189,302,269,240" oya="1" hai0="37,25,65,103,0,122,7,72,88,45,115,106,35" hai1="15,17,86,71,34,94,67,60,108,62,22,79,61" hai2="105,12,63,82,66,78,69,128,9,42,93,89,127" hai3="19,49,53,26,134,101,124,21,91,16,126,40,52"/><U92/><E34/><V44/><F127/><N who="3" m="48683" /><G134/><T80/><D115/><U57/><E108/><V83/><F105/><W59/><G101/><T28/><D122/><U20/><E20/><V39/><F78/><W130/><G130/><T24/><D65/><U11/><E11/><V30/><F30/><N who="3" m="17743" /><G40/><T58/><D58/><U100/><E71/><V2/><F2/><W14/><G14/><T110/><D110/><U13/><E13/><V70/><F70/><W10/><G10/><T55/><D25/><U64/><E57/><V84/><REACH who="2" step="1"/><F128/><REACH who="2" ten="189,302,259,240" step="2"/><W50/><G91/><T117/><D106/><U68/><E68/><V97/><F97/><W8/><G8/><T3/><D3/><U87/><E79/><V135/><F135/><W6/><G6/><AGARI ba="0,1" hai="6,9,12,39,42,44,63,66,69,82,83,84,89,93" machi="6" ten="30,7700,0" yaku="1,1,7,1,52,2,53,0" doraHai="77" doraHaiUra="74" who="2" fromWho="3" sc="189,0,302,0,259,87,240,-77" /><INIT seed="2,0,0,3,0,117" ten="189,302,346,163" oya="2" hai0="98,134,42,108,78,111,97,34,101,67,4,107,80" hai1="110,16,71,92,72,114,11,130,68,127,36,17,124" hai2="95,129,54,90,40,38,8,5,132,9,50,105,56" hai3="15,81,28,26,46,104,115,93,113,118,77,13,120"/><V89/><F105/><W112/><G104/><T12/><D34/><U123/><E114/><V14/><F132/><W76/><G118/><T2/><D134/><U106/><E110/><N who="0" m="42025" /><D42/><U64/><E106/><V48/><F129/><W103/><G120/><T82/><D97/><U37/><E92/><V6/><F38/><N who="1" m="14953" /><E11/><V41/><F50/><W45/><G103/><T73/><D82/><U31/><E31/><V62/><F62/><W102/><G93/><T128/><D12/><U63/><E72/><V99/><REACH who="2" step="1"/><F89/><REACH who="2" ten="189,302,336,163" step="2"/><W121/><G121/><T29/><D128/><U59/><E130/><V52/><F52/><W49/><G102/><T116/><D116/><U51/><E123/><V55/><F55/><N who="3" m="30127" /><G46/><T18/><D107/><U66/><E51/><V39/><F39/><W27/><G77/><T84/><D101/><U23/><E66/><V125/><F125/><N who="1" m="48201" /><E17/><V24/><F24/><AGARI ba="0,1" hai="16,23,24,59,63,64,68,71" m="48201,14953" machi="24" ten="30,2000,0" yaku="18,1,54,1" doraHai="117" who="1" fromWho="2" sc="189,0,302,30,336,-20,163,0" /><INIT seed="3,0,0,3,1,67" ten="189,332,316,163" oya="3" hai0="48,34,31,121,112,8,110,27,56,132,109,79,102" hai1="93,133,1,39,37,76,47,15,20,29,122,97,41" hai2="55,33,86,25,58,2,126,69,18,10,60,91,19" hai3="12,62,44,81,111,23,134,107,5,99,52,54,129"/><W88/><G129/><T35/><D121/><U84/><E1/><V108/><F108/><N who="0" m="41578" /><D132/><U105/><E122/><V51/><F126/><W46/><G111/><T116/><D116/><U66/><E105/><V77/><F77/><W49/><G134/><T14/><D112/><U50/><E66/><V135/><F135/><W64/><G107/><T115/><D115/><U117/><E133/><V123/><F123/><W101/><G101/><T106/><D79/><U30/><E37/><V87/><F87/><N who="3" m="50287" /><G99/><N who="0" m="61791" /><D56/><U7/><E39/><V28/><F69/><W70/><G70/><T103/><D48/><U11/><E117/><V130/><F130/><W68/><G68/><T36/><D36/><U63/><E63/><V127/><F127/><W75/><G75/><T128/><D103/><N who="1" m="60847" /><E20/><V38/><F38/><W0/><G0/><T22/><D128/><U104/><E104/><V92/><REACH who="2" step="1"/><F60/><REACH who="2" ten="189,332,306,163" step="2"/><W72/><G72/><T21/><D35/><U71/><E71/><V119/><F119/><W82/><G82/><AGARI ba="0,1" hai="7,11,15,29,30,41,47,50,76,82,84" m="60847" machi="82" ten="30,2000,0" yaku="25,1,8,1" doraHai="67" who="1" fromWho="3" sc="189,0,332,30,306,0,163,-20" owari="189,-21.1,362,46.2,306,10.6,143,-35.7" /></mjloggm>