<mjloggm ver="2.3"><GO type="225" lobby="0"/><UN n0="%E3%83%AB%E3%83%9B%E3%83%B3%E3%83%87%E3%82%A3%E3%82%A8" n1="%72%61%6B%33" n2="%6D%75%75%6D%75%72%61" n3="%74%61%6B%75%61%6B%61" dan="16,16,16,17" rate="2140.03,2170.48,2141.46,2209.74" sx="M,M,F,M"/><TAIKYOKU oya="0"/><INIT seed="0,0,0,2,5,95" ten="250,250,250,250" oya="0" hai0="22,14,60,112,33,38,91,69,50,109,100,113,73" hai1="49,74,75,12,59,76,105,29,64,135,26,32,62" hai2="111,36,99,65,120,124,84,128,98,19,67,102,103" hai3="2,119,8,129,104,56,7,4,3,48,94,107,79"/><T34/><D73/><U42/><E135/><V11/><F36/><W15/><G119/><T130/><D38/><U77/><E105/><V61/><F120/><W45/><G129/><T132/><D100/><N who="2" m="38442" /><F128/><W52/><G79/><T57/><D130/><U93/><E75/><V96/><F111/><W110/><G110/><T122/><D122/><U13/><E93/><V86/><F124/><W63/><G94/><T117/><D91/><U27/><E27/><V58/><F67/><W39/><G39/><T6/><D117/><U114/><E114/><V0/><F0/><W23/><G23/><T116/><D116/><U101/><E101/><V89/><F89/><W17/><G3/><T20/><D132/><U66/><E66/><V125/><F125/><W55/><REACH who="3" step="1"/><G2/><REACH who="3" ten="250,250,250,240" step="2"/><T127/><D20/><U72/><E76/><V9/><F9/><W70/><G70/><T92/><D22/><U85/><E77/><V40/><F40/><W131/><G131/><T46/><D69/><U90/><E72/><V16/><F11/><W35/><G35/><T97/><D33/><U83/><E74/><V31/><F31/><W53/><G53/><N who="0" m="33839" /><D34/><U25/><E32/><V71/><F71/><W30/><G30/><T123/><D109/><U126/><E126/><V80/><F80/><W54/><G54/><N who="0" m="30039" /><D123/><U43/><E29/><V78/><F78/><W37/><G37/><T5/><D127/><U121/><E121/><V134/><F134/><W81/><G81/><T82/><D82/><U108/><E108/><V21/><F21/><W106/><AGARI ba="0,1" hai="4,7,8,15,17,45,48,52,55,56,63,104,106,107" machi="106" ten="30,7900,0" yaku="1,1,0,1,54,1,53,1" doraHai="95" doraHaiUra="41" who="3" fromWho="3" sc="250,-39,250,-20,250,-20,240,89" /><INIT seed="1,0,0,0,3,57" ten="211,230,230,329" oya="1" hai0="105,46,51,65,11,128,99,100,34,44,88,42,56" hai1="8,64,84,95,73,118,20,109,15,110,134,63,67" hai2="12,113,82,29,116,103,3,75,111,70,6,132,74" hai3="19,5,54,59,112,107,97,91,68,121,16,124,37"/><U7/><E73/><V45/><F116/><W117/><G121/><T21/><D128/><U104/><E118/><V69/><F3/><W53/><G68/><T78/><D34/><U130/><E104/><V48/><F111/><N who="1" m="42505" /><E130/><V32/><F132/><W25/><G112/><T120/><D120/><U127/><E134/><V85/><F103/><W102/><G37/><T23/><D78/><U22/><E64/><V90/><F74/><W39/><G39/><T40/><D11/><U76/><E127/><V114/><F75/><W17/><G124/><T43/><D43/><U30/><E30/><V83/><F83/><W33/><G117/><T55/><D65/><U80/><E95/><V35/><F29/><W133/><G133/><T61/><REACH who="0" step="1"/><D88/><REACH who="0" ten="201,230,230,329" step="2"/><U62/><E67/><V41/><F35/><W115/><G91/><T47/><D47/><U49/><E49/><AGARI ba="0,1" hai="21,23,40,42,44,46,49,51,55,56,61,99,100,105" machi="49" ten="30,7700,0" yaku="1,1,7,1,9,1,52,1,53,0" doraHai="57" doraHaiUra="26" who="0" fromWho="1" sc="201,87,230,-77,230,0,329,0" /><INIT seed="2,0,0,5,4,0" ten="288,153,230,329" oya="2" hai0="47,21,79,110,46,84,67,106,17,109,107,88,6" hai1="112,3,30,32,31,111,48,34,65,113,104,58,115" hai2="85,75,18,4,24,43,35,2,37,25,63,132,49" hai3="7,53,96,33,56,36,10,103,83,26,27,120,95"/><V61/><F37/><W131/><G120/><T69/><D79/><U64/><E104/><V101/><F75/><W94/><G131/><T45/><D67/><U127/><E48/><V5/><F132/><W126/><G126/><T54/><D54/><U9/><E58/><V52/><F2/><W122/><G122/><T28/><D28/><N who="1" m="10795" /><E64/><V119/><F35/><N who="1" m="13353" /><E65/><V105/><F105/><W86/><G33/><T20/><D69/><U98/><E98/><V81/><F101/><W1/><G94/><T72/><D72/><U108/><E127/><V78/><F43/><W123/><G123/><T14/><D106/><U124/><E124/><V50/><F50/><W44/><G44/><T73/><D73/><U40/><E40/><V19/><F63/><W135/><G135/><T97/><D107/><U91/><E91/><V60/><F60/><W117/><G117/><T80/><D97/><U11/><E3/><V55/><F61/><W121/><G36/><T90/><D90/><U93/><E93/><V41/><F41/><W8/><G121/><T125/><D125/><U16/><E16/><N who="2" m="6187" /><F119/><W114/><G56/><T99/><D99/><U89/><E89/><V38/><F38/><W118/><G118/><T92/><D92/><U22/><E22/><V59/><F55/><W39/><G39/><T76/><D21/><U12/><E12/><V100/><F100/><W42/><G42/><T13/><D76/><U130/><E130/><V70/><F70/><W51/><G103/><T23/><D23/><U68/><E68/><V15/><F15/><W62/><G1/><T102/><D102/><RYUUKYOKU ba="0,0" sc="288,10,153,10,230,10,329,-30" hai0="6,13,14,17,20,45,46,47,80,84,88,109,110" hai1="9,11,108,111,112,113,115" hai2="4,5,24,25,49,52,59,78,81,85" /><INIT seed="2,1,0,3,2,96" ten="298,163,240,299" oya="2" hai0="84,95,107,68,50,108,110,60,61,120,25,94,57" hai1="111,63,7,21,65,19,34,47,56,20,103,74,89" hai2="119,66,59,88,5,8,73,32,15,104,133,9,99" hai3="52,29,33,80,115,90,106,105,71,100,43,44,102"/><V45/><F119/><W31/><G71/><T53/><D120/><U30/><E111/><N who="0" m="42537" /><D107/><U97/><E74/><V17/><F32/><W54/><G115/><T75/><D75/><U123/><E123/><V117/><F117/><W12/><G106/><T101/><D84/><U37/><E7/><V83/><F133/><W18/><G105/><T27/><D94/><U4/><E4/><V132/><F132/><W129/><G129/><T55/><D68/><U42/><E89/><V131/><F45/><W86/><G33/><T116/><D61/><U78/><E78/><V6/><F131/><W16/><G18/><T3/><D3/><U64/><E64/><V114/><F114/><W36/><G31/><T51/><D51/><U22/><E34/><V91/><F5/><W28/><G28/><T76/><D76/><U38/><E30/><V1/><F83/><W93/><G29/><T13/><D13/><U0/><E0/><V121/><F73/><W35/><G35/><T87/><D87/><U26/><REACH who="1" step="1"/><E37/><REACH who="1" ten="298,153,240,299" step="2"/><V128/><F121/><W77/><G77/><T39/><D39/><U10/><E10/><V41/><F128/><W14/><G36/><T72/><D72/><U127/><E127/><V113/><F113/><W62/><G90/><T69/><D116/><U24/><E24/><V70/><F91/><W48/><G12/><T124/><D124/><U46/><E46/><V134/><F134/><W49/><G14/><T109/><D109/><U81/><E81/><V67/><F1/><W92/><G80/><T122/><D122/><U112/><E112/><V23/><F6/><RYUUKYOKU ba="1,1" sc="298,-10,153,30,240,-10,299,-10" hai1="19,20,21,22,26,38,42,47,56,63,65,97,103" /><INIT seed="3,2,1,2,2,20" ten="288,183,230,289" oya="3" hai0="19,57,112,79,3,48,121,29,14,44,107,104,50" hai1="10,129,43,91,94,9,111,33,109,122,83,21,52" hai2="55,61,63,27,103,1,16,74,54,42,34,72,24" hai3="26,38,90,82,99,98,123,110,31,86,119,35,124"/><W41/><G123/><T75/><D3/><U115/><E122/><V60/><F1/><W106/><G119/><T23/><D121/><U125/><E115/><V120/><F120/><W37/><G124/><T65/><D75/><U97/><E33/><V0/><F0/><W105/><G110/><N who="1" m="41994" /><E125/><V18/><F42/><W81/><G81/><T73/><D73/><N who="2" m="28266" /><F34/><W87/><G87/><T6/><D6/><U116/><E116/><V36/><F103/><W92/><G98/><T22/><D79/><U39/><E129/><V77/><F36/><W134/><G134/><T49/><D112/><U30/><E83/><V84/><F84/><W100/><REACH who="3" step="1"/><G41/><REACH who="3" ten="288,183,230,279" step="2"/><N who="0" m="24591" /><D107/><AGARI ba="2,2" hai="26,31,35,37,38,82,86,90,92,99,100,105,106,107" machi="107" ten="40,3900,0" yaku="1,1,52,1,53,0" doraHai="20" doraHaiUra="133" who="3" fromWho="0" sc="288,-45,183,0,230,0,279,65" owari="243,4.3,183,-31.7,230,-17.0,344,44.4" /></mjloggm>