<mjloggm ver="2.3"><GO type="225" lobby="0"/><UN n0="%E5%A4%96%E5%B7%9D%E7%AB%9C%E6%88%90" n1="%6D%75%75%6D%75%72%61" n2="%74%61%6B%75%61%6B%61" n3="%E8%83%83%E3%81%A8%E8%85%B8" dan="16,17,16,16" rate="2170.97,2228.58,2102.62,2206.36" sx="M,F,M,M"/><TAIKYOKU oya="0"/><INIT seed="0,0,0,0,5,67" ten="250,250,250,250" oya="0" hai0="21,2,4,6,20,25,78,96,121,74,64,18,8" hai1="134,100,39,27,99,16,130,3,91,132,66,101,10" hai2="53,11,88,73,60,133,31,63,131,112,19,122,126" hai3="24,5,68,14,75,43,33,56,107,98,26,52,110"/><T23/><D74/><U95/><E39/><V76/><F122/><W83/><G110/><T71/><D78/><U15/><E130/><V118/><F112/><W13/><G43/><T104/><D121/><U117/><E117/><V70/><F131/><W59/><G75/><T82/><D82/><U58/><E3/><V81/><F126/><W7/><G83/><T45/><D45/><U87/><E27/><V84/><F133/><N who="1" m="51305" /><E99/><V37/><F37/><W113/><G98/><T89/><D6/><U90/><E90/><V105/><F105/><W108/><G107/><T116/><D116/><U41/><E41/><V102/><F102/><W97/><G97/><T85/><D96/><U128/><E128/><V9/><F31/><W72/><G72/><T51/><D104/><U92/><E92/><V124/><F124/><W0/><G0/><T115/><D115/><U38/><E38/><V28/><F28/><W123/><G123/><T62/><REACH who="0" step="1"/><D51/><REACH who="0" ten="240,250,250,250" step="2"/><U79/><E79/><V109/><F118/><W34/><G113/><T42/><D42/><U114/><E114/><V111/><F76/><W69/><G108/><T36/><D36/><U86/><E86/><V119/><F119/><W55/><AGARI ba="0,1" hai="5,7,13,14,24,26,33,34,52,55,56,59,68,69" machi="55" ten="25,12000,2" yaku="0,1,22,2,52,2,54,1" doraHai="67" who="3" fromWho="3" sc="240,-60,250,-30,250,-30,250,130" /><INIT seed="1,0,0,5,1,30" ten="180,220,220,380" oya="1" hai0="94,58,9,116,74,81,11,29,53,13,27,98,46" hai1="49,45,91,56,133,34,119,113,131,62,87,99,76" hai2="125,21,105,43,5,85,66,80,77,134,1,110,40" hai3="17,84,63,92,128,19,90,72,12,101,26,36,25"/><U106/><E113/><V88/><F110/><W39/><G72/><T32/><D116/><U100/><E119/><V24/><F125/><W111/><G111/><T14/><D46/><U130/><E133/><V10/><F134/><W114/><G114/><T75/><D14/><U132/><E132/><V33/><F105/><W2/><G2/><T126/><D126/><U109/><E109/><V18/><F66/><W55/><G128/><T15/><D15/><U70/><E76/><V112/><F112/><W102/><G36/><T65/><D65/><U93/><E70/><V129/><F129/><W127/><G39/><T38/><D38/><U135/><E135/><V20/><F33/><W4/><G4/><T42/><D42/><U121/><E34/><V73/><REACH who="2" step="1"/><F20/><REACH who="2" ten="180,220,210,380" step="2"/><N who="3" m="11303" /><G127/><T23/><D23/><U95/><E106/><V117/><F117/><W37/><G37/><T8/><D9/><U0/><E130/><V48/><F48/><W123/><G123/><T54/><D8/><U107/><E131/><V97/><F97/><W28/><G63/><T16/><D11/><U83/><E121/><V60/><F60/><W120/><G120/><T69/><D32/><U22/><E107/><V64/><F64/><W44/><G28/><T7/><D29/><U89/><E62/><V35/><F35/><W61/><G61/><T3/><D98/><N who="1" m="57647" /><E22/><V108/><F108/><W71/><G71/><T52/><D69/><U82/><E49/><V41/><F41/><W96/><G96/><T104/><D104/><U67/><E67/><V79/><F79/><W51/><G19/><T6/><D16/><RYUUKYOKU ba="0,1" sc="180,-15,220,-15,210,15,380,15" hai2="1,5,10,18,21,24,40,43,73,77,80,85,88" hai3="25,26,44,51,55,84,90,92,101,102" /><INIT seed="2,1,1,4,4,106" ten="165,205,225,395" oya="2" hai0="10,61,115,45,15,36,55,25,27,133,38,97,93" hai1="26,29,124,134,135,44,14,79,83,41,5,16,108" hai2="0,120,47,118,96,101,126,122,50,32,30,125,28" hai3="100,91,37,19,117,114,112,67,57,62,64,34,121"/><V84/><F0/><W6/><G34/><T103/><D115/><N who="3" m="44073" /><G6/><T132/><D61/><U35/><E5/><V90/><F118/><W71/><G100/><T12/><D55/><U69/><E69/><V54/><F120/><W20/><G37/><T51/><D36/><U53/><E53/><V107/><F122/><W87/><G121/><T109/><D109/><U1/><E1/><V3/><F3/><W48/><G48/><T42/><D38/><U73/><E108/><V75/><F75/><W59/><G67/><T60/><D60/><U116/><E124/><N who="2" m="47723" /><F32/><W68/><G68/><T85/><D15/><U98/><E98/><V95/><AGARI ba="1,1" hai="28,30,47,50,54,84,90,95,96,101,107" m="47723" machi="95" ten="30,1500,0" yaku="18,1" doraHai="106" who="2" fromWho="2" sc="165,-6,205,-6,225,28,395,-6" /><INIT seed="2,2,0,5,3,27" ten="159,199,253,389" oya="2" hai0="127,31,88,41,0,58,117,51,98,62,134,66,123" hai1="22,113,56,29,133,34,3,96,18,63,35,6,107" hai2="120,93,104,48,15,77,36,125,118,101,7,74,30" hai3="110,61,1,20,39,106,46,12,14,81,99,53,86"/><V83/><F120/><W2/><G110/><T129/><D123/><U79/><E113/><V5/><F118/><W130/><G130/><T52/><D0/><U128/><E128/><V75/><F36/><W25/><G39/><T23/><D129/><U68/><E133/><V8/><F125/><W115/><G115/><T10/><D134/><U82/><E68/><V121/><F121/><W26/><G26/><N who="0" m="16863" /><D127/><U119/><E119/><V131/><F131/><W76/><G2/><T135/><D135/><U92/><E107/><V72/><F104/><W124/><G1/><T132/><D132/><U71/><E71/><V47/><F5/><W33/><G33/><T102/><D117/><U85/><E3/><V126/><F126/><W109/><G109/><T64/><D102/><U38/><E38/><V90/><F30/><N who="3" m="17703" /><G106/><T59/><D10/><U44/><E6/><V40/><REACH who="2" step="1"/><F101/><REACH who="2" ten="159,199,243,389" step="2"/><W116/><G116/><T55/><D41/><U21/><E34/><V89/><F89/><W65/><G124/><T4/><D4/><U97/><E35/><V37/><F37/><W122/><G122/><T11/><D11/><U24/><E29/><V70/><F70/><W54/><G76/><T78/><D78/><U42/><E79/><V69/><F69/><W84/><G99/><AGARI ba="2,1" hai="7,8,15,40,47,48,72,74,75,77,83,90,93,99" machi="99" ten="30,2900,0" yaku="1,1,7,1,53,0" doraHai="27" doraHaiUra="100" who="2" fromWho="3" sc="159,0,199,0,243,45,389,-35" /><INIT seed="2,3,0,4,5,119" ten="159,199,288,354" oya="2" hai0="30,12,61,121,76,24,1,60,66,97,64,37,2" hai1="14,100,57,125,78,84,123,16,42,107,120,32,28" hai2="135,73,59,46,102,114,63,132,127,17,25,88,111" hai3="94,98,134,51,104,101,36,74,75,40,83,92,10"/><V85/><F73/><N who="3" m="27659" /><G51/><T39/><D76/><U0/><E0/><V41/><F114/><W130/><G10/><T110/><D12/><U103/><E125/><V21/><F127/><W4/><G4/><T116/><D97/><U65/><E42/><V52/><F102/><W33/><G40/><T13/><D13/><U67/><E32/><V22/><F22/><W113/><G36/><T96/><D96/><N who="1" m="61831" /><E103/><V8/><F8/><W58/><G58/><T133/><D116/><U62/><E28/><V15/><F15/><W45/><G45/><T68/><D133/><U117/><E117/><V109/><F46/><W11/><G11/><T49/><D49/><U5/><E5/><V89/><F41/><W20/><G20/><T99/><D99/><U38/><E38/><V118/><F118/><W55/><G55/><T81/><D81/><N who="1" m="47159" /><E57/><V23/><F23/><W18/><G18/><T29/><D110/><N who="2" m="41994" /><F89/><W72/><G33/><T87/><D87/><U93/><E93/><AGARI ba="3,0" hai="17,21,25,52,59,63,85,88,93,132,135" m="41994" machi="93" ten="30,11600,0" yaku="14,1,10,1,54,2" doraHai="119" who="2" fromWho="1" sc="159,0,199,-125,288,125,354,0" /><INIT seed="2,4,0,1,1,25" ten="159,74,413,354" oya="2" hai0="15,13,70,78,66,94,30,120,96,89,102,110,90" hai1="112,115,42,2,74,95,84,29,100,49,117,88,64" hai2="36,5,73,101,3,119,71,79,38,51,118,37,8" hai3="24,0,67,63,98,99,77,108,93,26,62,133,68"/><V76/><F71/><W12/><G0/><T72/><D120/><U135/><E2/><V128/><F128/><W21/><G108/><T127/><D110/><U130/><E74/><V83/><F76/><W23/><G133/><T132/><D132/><U33/><E135/><V124/><F124/><W16/><G77/><T20/><D66/><U114/><E130/><V44/><REACH who="2" step="1"/><F101/><REACH who="2" ten="159,74,403,354" step="2"/><N who="3" m="60623" /><G68/><T58/><D70/><U85/><E100/><V56/><F56/><N who="3" m="37319" /><G99/><T31/><D127/><U55/><E115/><V106/><F106/><W14/><G63/><T122/><D78/><U80/><E114/><V1/><F1/><W39/><G39/><T75/><D75/><U32/><E112/><V11/><F11/><W87/><G87/><T123/><D72/><U60/><E84/><V81/><F81/><W111/><G111/><T34/><D123/><U116/><E80/><V109/><F109/><W107/><G107/><T53/><D122/><U125/><E125/><V47/><F47/><W59/><G59/><T97/><D102/><U52/><E60/><V131/><F131/><W18/><AGARI ba="4,1" hai="12,14,16,18,21,23,24,26" m="37319,60623" machi="18" ten="30,2000,0" yaku="8,1,54,1" doraHai="25" who="3" fromWho="3" sc="159,-9,74,-9,403,-14,354,42" /><INIT seed="3,0,0,0,1,47" ten="150,65,389,396" oya="3" hai0="89,78,57,13,62,12,14,91,109,59,3,72,2" hai1="74,30,45,33,97,128,108,37,126,29,135,130,44" hai2="127,26,19,22,21,99,96,85,87,83,111,117,32" hai3="38,114,48,77,4,20,110,100,28,80,124,116,119"/><W7/><G38/><T64/><D109/><U16/><E108/><V70/><F111/><W129/><G110/><T46/><D72/><U133/><E74/><V84/><F32/><W24/><G114/><T81/><D78/><U25/><E37/><V92/><F117/><W11/><G124/><T23/><D46/><U86/><E97/><N who="2" m="37451" /><F70/><W17/><G100/><T66/><D23/><N who="1" m="13543" /><E86/><V71/><F71/><W61/><G129/><N who="1" m="49770" /><E45/><V18/><F127/><W10/><G48/><T0/><D81/><U34/><E44/><V88/><F83/><W103/><G103/><T49/><D49/><U121/><E121/><V42/><F42/><W118/><G61/><AGARI ba="0,0" hai="0,2,3,12,13,14,57,59,61,62,64,66,89,91" machi="61" ten="50,1600,0" yaku="9,1" doraHai="47" who="0" fromWho="3" sc="150,16,65,0,389,0,396,-16" owari="166,-23.4,65,-43.5,389,48.9,380,18.0" /></mjloggm>