<mjloggm ver="2.3"><GO type="225" lobby="0"/><UN n0="%E7%99%BD%E6%97%A5%E9%9B%AA%E8%8F%9C" n1="%38%63%E3%81%AF%E3%81%A3%E3%81%97%E3%83%BC" n2="%E5%A4%8F%E9%88%B4%E9%88%B4%E5%A4%8F" n3="%73%6C%69%63%6B%33%31%39" dan="16,16,16,16" rate="2140.20,2133.27,2120.53,2093.58" sx="M,M,M,M"/><TAIKYOKU oya="0"/><INIT seed="0,0,0,5,0,72" ten="250,250,250,250" oya="0" hai0="98,99,15,33,109,0,122,111,85,58,63,94,31" hai1="76,81,67,97,103,21,64,65,110,71,135,93,114" hai2="43,123,35,120,8,117,62,44,106,89,87,92,116" hai3="86,23,69,51,119,39,113,130,34,127,56,68,28"/><T52/><D122/><U7/><E110/><N who="0" m="41993" /><D0/><U27/><E135/><V60/><F35/><W12/><G39/><T46/><D15/><U13/><E114/><V10/><F106/><W30/><G119/><N who="2" m="45641" /><F123/><W4/><G34/><T107/><D46/><U95/><E71/><V20/><F20/><W112/><G69/><T108/><N who="0" m="42001" /><T54/><DORA hai="131" /><D107/><U9/><E93/><V84/><F120/><W133/><G68/><T78/><D54/><U47/><E47/><V134/><F134/><W6/><G133/><T14/><D14/><U42/><E42/><V26/><F8/><W3/><G12/><T57/><D57/><U73/><REACH who="1" step="1"/><E65/><REACH who="1" ten="250,240,250,250" step="2"/><V2/><F44/><W49/><G113/><T36/><D36/><U18/><AGARI ba="0,1" hai="7,9,13,18,21,27,64,67,73,76,81,95,97,103" machi="18" ten="20,12000,2" yaku="1,1,2,1,0,1,7,1,52,1,53,1" doraHai="72,131" doraHaiUra="90,50" who="1" fromWho="1" sc="250,-60,240,130,250,-30,250,-30" /><INIT seed="1,0,0,4,4,107" ten="190,370,220,220" oya="1" hai0="14,35,1,5,112,92,38,135,111,58,56,119,87" hai1="84,23,0,42,50,93,79,126,34,11,102,33,83" hai2="63,89,122,71,77,22,7,72,82,19,53,105,88" hai3="16,127,21,20,24,91,31,120,76,36,52,2,124"/><U32/><E126/><N who="3" m="48170" /><G36/><T115/><D119/><U12/><E0/><V100/><F122/><W18/><G76/><T54/><D38/><U27/><E102/><V103/><F7/><W17/><G91/><T6/><D35/><U57/><E93/><V51/><F103/><W55/><G120/><T26/><D111/><U70/><E70/><V75/><F75/><W85/><G85/><T104/><D135/><U69/><E69/><V101/><F101/><W13/><G2/><T44/><D1/><U60/><E23/><N who="3" m="8778" /><G13/><T25/><D14/><U118/><E118/><V9/><F9/><W86/><G86/><T80/><D87/><U110/><E110/><V114/><F114/><W117/><G117/><T90/><D90/><U134/><E134/><V8/><F8/><W125/><N who="3" m="48178" /><W121/><DORA hai="59" /><G121/><T15/><D15/><U97/><E97/><V128/><F105/><W37/><G37/><T130/><D104/><U41/><E27/><V49/><F100/><W109/><G109/><T40/><D26/><U81/><E81/><V28/><F89/><W129/><G129/><T66/><D25/><U73/><E84/><V46/><F88/><W67/><G67/><T106/><D66/><U94/><E94/><V62/><F128/><W43/><G43/><T64/><D130/><U133/><E133/><V39/><F39/><W108/><G108/><T74/><D106/><U99/><E99/><V131/><F131/><W47/><G47/><T29/><D44/><U45/><E42/><V95/><F95/><W113/><G113/><T78/><D112/><U4/><E32/><AGARI ba="0,0" hai="16,17,18,24,31,32,52,55" m="8778,48178" machi="32" ten="50,8000,1" yaku="6,1,18,1,54,2" doraHai="107,59" who="3" fromWho="1" sc="190,0,370,-80,220,0,220,80" /><INIT seed="2,0,0,0,5,133" ten="190,290,220,300" oya="2" hai0="94,121,9,62,20,2,3,40,5,37,38,129,19" hai1="82,39,84,22,115,80,120,124,32,85,76,119,49" hai2="50,57,29,91,131,134,132,92,14,8,130,48,98" hai3="56,123,99,128,108,31,0,41,15,59,68,135,112"/><V45/><F29/><W64/><G0/><T81/><D121/><U42/><E32/><V34/><F57/><W110/><G123/><T122/><D122/><U102/><E120/><V86/><F34/><W127/><G135/><N who="2" m="51753" /><F98/><W1/><G1/><T125/><D2/><U105/><E39/><V23/><F23/><W107/><G31/><T118/><D129/><N who="2" m="49162" /><F45/><W104/><G99/><T21/><D21/><U35/><E35/><V47/><F47/><W72/><G59/><T33/><D33/><U58/><E22/><V30/><F30/><W4/><G56/><T25/><D62/><U52/><E115/><V44/><F44/><W71/><G112/><T16/><D40/><U24/><E42/><V46/><F46/><W126/><G41/><T111/><D118/><U113/><E119/><V90/><F91/><W12/><G128/><T67/><D67/><U66/><E66/><V28/><F28/><W10/><G64/><T70/><D70/><U51/><E51/><V26/><F26/><W18/><G71/><T36/><D25/><U27/><E113/><V103/><F103/><W97/><G68/><T74/><D36/><U109/><E24/><V7/><AGARI ba="0,0" hai="7,8,14,48,50,86,90,92" m="49162,51753" machi="7" ten="30,3000,0" yaku="20,1,19,1" doraHai="133" who="2" fromWho="2" sc="190,-10,290,-10,220,30,300,-10" /><INIT seed="2,1,0,0,4,100" ten="180,280,250,290" oya="2" hai0="15,53,50,58,123,6,46,48,96,42,16,108,130" hai1="5,117,13,102,27,125,32,69,98,86,109,127,133" hai2="76,104,25,83,66,119,20,79,72,65,62,64,12" hai3="4,33,28,36,61,59,78,71,106,29,122,18,3"/><V34/><F119/><W21/><G122/><T87/><D108/><U105/><E117/><V38/><F38/><W11/><G36/><T10/><D130/><U114/><E114/><V14/><F34/><W30/><G71/><T57/><D123/><U41/><E109/><V67/><F79/><W126/><G126/><N who="1" m="48138" /><E69/><V68/><REACH who="2" step="1"/><F104/><REACH who="2" ten="180,280,240,290" step="2"/><W113/><G78/><T73/><D73/><U0/><E32/><V19/><AGARI ba="1,1" hai="12,14,19,20,25,62,64,65,66,67,68,72,76,83" machi="19" ten="30,6000,0" yaku="1,1,2,1,0,1,53,0" doraHai="100" doraHaiUra="97" who="2" fromWho="2" sc="180,-21,280,-21,240,73,290,-21" /><INIT seed="2,2,0,0,5,46" ten="159,259,313,269" oya="2" hai0="5,37,14,105,118,45,102,21,19,2,100,101,85" hai1="135,79,35,112,20,41,16,93,0,50,64,67,133" hai2="3,92,25,15,81,108,77,8,82,109,132,65,43" hai3="80,98,76,66,72,83,18,36,55,30,47,12,6"/><V114/><F114/><W34/><G66/><T68/><D68/><U13/><E112/><V134/><F3/><W71/><G71/><T116/><D105/><U27/><E0/><V62/><F43/><W11/><G98/><T73/><D73/><U119/><E79/><V58/><F92/><W120/><G120/><T28/><D85/><U4/><E93/><V23/><F23/><W88/><G34/><T115/><D115/><U78/><E78/><V90/><F25/><W51/><G30/><T54/><D28/><U117/><E64/><V89/><F89/><W42/><G6/><T99/><D99/><U130/><E67/><V31/><F90/><W33/><G33/><T74/><D74/><U57/><E130/><V22/><F22/><W32/><G32/><T84/><D84/><U53/><E41/><V69/><F31/><W110/><G110/><N who="2" m="42601" /><F69/><W126/><G126/><T49/><REACH who="0" step="1"/><D37/><REACH who="0" ten="149,259,313,269" step="2"/><U44/><E35/><V122/><F122/><W97/><G36/><T107/><D107/><U125/><E125/><V124/><F124/><W29/><G29/><T52/><D52/><U111/><E111/><V131/><F131/><W104/><G104/><T56/><D56/><U75/><E57/><V38/><F38/><W17/><G42/><T7/><D7/><U121/><E121/><V39/><F39/><W94/><G72/><T1/><D1/><U40/><E75/><V70/><F70/><W113/><G113/><T127/><D127/><U26/><E40/><V95/><F58/><W60/><G55/><T48/><D48/><U10/><E27/><V128/><F128/><RYUUKYOKU ba="2,1" sc="149,15,259,15,313,-15,269,-15" hai0="2,5,14,19,21,45,49,54,100,101,102,116,118" hai1="4,10,13,16,20,26,44,50,53,117,119,133,135" /><INIT seed="3,3,1,0,0,115" ten="164,274,298,254" oya="3" hai0="43,15,10,113,0,118,57,63,101,89,125,14,72" hai1="20,84,35,33,21,48,3,122,47,26,65,121,93" hai2="69,24,133,73,129,46,130,45,62,51,5,108,102" hai3="9,96,99,64,117,112,28,119,40,126,107,116,78"/><W67/><G112/><T8/><D113/><U91/><E3/><V30/><F108/><W97/><G107/><T79/><D101/><U77/><E65/><N who="2" m="41143" /><F133/><W56/><G126/><T29/><D0/><U92/><E77/><V44/><F5/><W105/><G105/><T50/><D125/><U19/><E92/><V110/><F73/><W66/><G78/><T106/><D106/><U82/><E82/><V41/><F102/><W98/><N who="3" m="24576" /><DORA hai="58" /><W135/><G135/><T114/><D114/><U4/><E4/><V128/><F110/><W34/><G40/><T95/><D118/><U88/><E91/><V94/><F94/><W25/><G56/><T32/><D79/><U54/><REACH who="1" step="1"/><E21/><AGARI ba="3,1" hai="21,24,30,41,44,45,46,51,128,129,130" m="41143" machi="21" ten="30,2000,0" yaku="19,1,52,1" doraHai="115,58" who="2" fromWho="1" sc="164,0,274,-29,298,39,254,0" owari="164,-33.6,245,-15.5,337,43.7,254,5.4" /></mjloggm>