<mjloggm ver="2.3"><GO type="225" lobby="0"/><UN n0="%33%74%72%65%65" n1="%E5%86%B7%E5%87%8D%E3%82%AE%E3%83%A7%E3%83%BC%E3%82%B6" n2="%72%69%6F%75%63%68%61%6E" n3="%E5%82%8D%E8%8B%A5%E7%84%A1%E4%BA%BA%35%31" dan="16,17,16,16" rate="2227.04,2197.96,2243.14,2118.47" sx="F,M,M,M"/><TAIKYOKU oya="0"/><INIT seed="0,0,0,3,1,52" ten="250,250,250,250" oya="0" hai0="131,21,45,58,8,23,41,72,63,115,67,101,95" hai1="60,79,88,36,34,13,89,133,3,97,29,43,64" hai2="116,28,33,132,135,93,91,105,54,0,90,70,104" hai3="31,24,124,59,87,85,48,68,118,117,107,134,111"/><T96/><D115/><U123/><E3/><V51/><F70/><W61/><G111/><T56/><D131/><U112/><E123/><V17/><F0/><W30/><G107/><T127/><D127/><U114/><E133/><N who="2" m="51275" /><F116/><W129/><G129/><T98/><D72/><U109/><E109/><V44/><F17/><W47/><G68/><T65/><D8/><U73/><E13/><V1/><F1/><W37/><G37/><T86/><D86/><U6/><E6/><V5/><F5/><W99/><G124/><T14/><D96/><U2/><E2/><V125/><F125/><W53/><G99/><T100/><D100/><U84/><E73/><V106/><F93/><W92/><G31/><T74/><D74/><U40/><E34/><V108/><F108/><W4/><G4/><T18/><D21/><U27/><E27/><AGARI ba="0,0" hai="27,28,33,44,51,54,90,91,104,105,106" m="51275" machi="27" ten="40,1300,0" yaku="20,1" doraHai="52" who="2" fromWho="1" sc="250,0,250,-13,250,13,250,0" /><INIT seed="1,0,0,4,0,8" ten="250,237,263,250" oya="1" hai0="33,105,97,86,51,50,42,62,78,95,24,104,114" hai1="77,88,5,102,103,80,126,127,73,84,12,40,101" hai2="112,98,67,43,132,125,75,113,107,30,121,122,76" hai3="135,48,131,79,63,99,59,32,108,116,37,27,15"/><U46/><E5/><V21/><F43/><W56/><G37/><T91/><D114/><N who="2" m="44138" /><F67/><W39/><G39/><T44/><D62/><U41/><E12/><V74/><F30/><W106/><G116/><T25/><D33/><U115/><E115/><V81/><F21/><W18/><G79/><T1/><D1/><U54/><E54/><V85/><F125/><N who="1" m="47625" /><E46/><V89/><F132/><W120/><G135/><T4/><D4/><U93/><AGARI ba="0,0" hai="40,41,73,77,80,84,88,93,101,102,103" m="47625" machi="93" ten="30,3000,0" yaku="18,1,54,1" doraHai="8" who="1" fromWho="1" sc="250,-10,237,30,263,-10,250,-10" /><INIT seed="1,1,0,4,0,74" ten="240,267,253,240" oya="1" hai0="29,132,90,97,113,102,89,42,4,18,44,54,7" hai1="118,38,28,8,133,77,111,20,52,27,31,19,24" hai2="35,34,14,112,104,76,46,45,121,122,60,49,130" hai3="6,41,101,63,17,81,125,5,40,51,57,32,43"/><U82/><E118/><V88/><F104/><W13/><G32/><T115/><D29/><U50/><E38/><V80/><F130/><W12/><G125/><T36/><D132/><U69/><E69/><V0/><F0/><W71/><G71/><T33/><D33/><U92/><E92/><V106/><F106/><W123/><G123/><T126/><D126/><U94/><E94/><V59/><F45/><W116/><G116/><T108/><D108/><U61/><E61/><V9/><F34/><W62/><G101/><T131/><D131/><U30/><E8/><V67/><F35/><W105/><G105/><T53/><D36/><U127/><E111/><V39/><F112/><W78/><G51/><N who="0" m="27031" /><D113/><U84/><E133/><V11/><F88/><N who="0" m="33898" /><D115/><U85/><E85/><V79/><F39/><W86/><G63/><T110/><D110/><U73/><E73/><V98/><F98/><W2/><G2/><T48/><D53/><U75/><E75/><V117/><F117/><W109/><G109/><T91/><N who="0" m="33906" /><T119/><DORA hai="64" /><D119/><U15/><REACH who="1" step="1"/><E127/><REACH who="1" ten="240,257,253,240" step="2"/><V96/><F122/><W120/><G120/><T10/><D97/><U22/><E22/><V83/><F96/><W1/><G1/><T23/><D10/><U47/><AGARI ba="1,1" hai="15,19,20,24,27,28,30,31,47,50,52,77,82,84" machi="47" ten="30,24000,3" yaku="1,1,0,1,8,1,52,1,54,1,53,3" doraHai="74,64" doraHaiUra="129,26" who="1" fromWho="1" sc="240,-81,257,253,253,-81,240,-81" /><INIT seed="1,2,0,0,5,37" ten="159,510,172,159" oya="1" hai0="95,119,49,30,90,3,44,105,71,83,0,57,66" hai1="14,33,65,114,125,74,68,70,113,72,64,4,77" hai2="48,124,134,8,99,88,63,127,42,94,87,18,128" hai3="28,13,16,45,59,102,131,104,98,31,103,21,47"/><U12/><E77/><V107/><F128/><W81/><G131/><T6/><D105/><U69/><E33/><V79/><F134/><W108/><G108/><T73/><D119/><U109/><E4/><V29/><F29/><W20/><G102/><T122/><D122/><U130/><E130/><V120/><F120/><W22/><G59/><T50/><D30/><U58/><E58/><V61/><F18/><W78/><G31/><T75/><D71/><U35/><E35/><V25/><F25/><W133/><G133/><T11/><D3/><U96/><E96/><V126/><F8/><W40/><G28/><T54/><D83/><U84/><E84/><V86/><F86/><W76/><G47/><T92/><D66/><U56/><E56/><V34/><F34/><W10/><REACH who="3" step="1"/><G81/><REACH who="3" ten="159,510,172,149" step="2"/><T115/><D115/><U32/><E32/><V91/><F107/><W82/><G82/><T1/><D57/><U55/><E109/><V52/><F79/><W106/><G106/><T38/><D44/><U110/><E110/><V39/><F39/><AGARI ba="2,1" hai="10,13,16,20,21,22,39,40,45,76,78,98,103,104" machi="39" ten="40,8000,1" yaku="1,1,52,1,54,1,53,1" doraHai="37" doraHaiUra="7" who="3" fromWho="2" sc="159,0,510,0,172,-86,149,96" /><INIT seed="2,0,0,0,0,90" ten="159,510,86,245" oya="2" hai0="22,50,48,12,13,46,103,114,38,67,42,127,40" hai1="7,45,130,83,101,121,16,9,77,44,126,128,3" hai2="10,113,104,27,19,97,131,25,120,91,112,93,70" hai3="4,35,111,34,21,18,75,123,17,73,71,79,109"/><V5/><F120/><W29/><G71/><T115/><D127/><U85/><E126/><V1/><F131/><N who="1" m="50217" /><E121/><V82/><F104/><W14/><G123/><T47/><D67/><U80/><E101/><V74/><F70/><W134/><G134/><T86/><D38/><U132/><E132/><V89/><F19/><W30/><G79/><T6/><D103/><U49/><E49/><V129/><F129/><W0/><G73/><T51/><D51/><U95/><E95/><V116/><F116/><W119/><G75/><T100/><D100/><U39/><E39/><V32/><F32/><W26/><G119/><T61/><D61/><U8/><E83/><V69/><F69/><W41/><G41/><T106/><D106/><U33/><E33/><V125/><F125/><W107/><G107/><T59/><D59/><U84/><E84/><V24/><REACH who="2" step="1"/><F89/><REACH who="2" ten="159,510,76,245" step="2"/><W11/><G18/><N who="0" m="10567" /><D115/><U60/><E60/><V23/><F23/><W43/><G43/><T15/><D114/><U102/><E102/><V72/><F72/><W110/><G30/><T65/><D40/><U96/><E16/><V98/><F98/><W92/><G35/><T68/><D68/><U135/><E135/><V133/><F133/><W56/><G56/><T36/><D42/><U66/><E96/><V2/><F2/><W28/><G29/><T117/><D117/><U53/><E3/><V54/><F54/><W76/><G76/><AGARI ba="0,1" hai="1,5,10,24,25,27,74,76,82,91,93,97,112,113" machi="76" ten="40,3900,0" yaku="1,1,52,1,53,0" doraHai="90" doraHaiUra="99" who="2" fromWho="3" sc="159,0,510,0,76,49,245,-39" /><INIT seed="2,1,0,5,4,102" ten="159,510,125,206" oya="2" hai0="56,131,63,80,52,67,2,101,54,19,85,42,82" hai1="55,75,30,72,111,36,100,25,113,116,76,70,0" hai2="23,112,32,121,119,77,27,15,134,110,62,31,117" hai3="65,105,128,50,98,92,59,26,129,1,71,133,125"/><V93/><F112/><W14/><G1/><T6/><D131/><N who="3" m="50249" /><G133/><T79/><D42/><U58/><E55/><V40/><F121/><W28/><G125/><T60/><D101/><U21/><E58/><V29/><F134/><W108/><G14/><T9/><D60/><U39/><E21/><V66/><F110/><W91/><G108/><T109/><D109/><U73/><E25/><V13/><F40/><W17/><G17/><T99/><D99/><U64/><E30/><V24/><F77/><W123/><G105/><T4/><D4/><U135/><E64/><V46/><F46/><W44/><G123/><T103/><D103/><U94/><E100/><V18/><F93/><W11/><G71/><T51/><D51/><U132/><E94/><V114/><F114/><W47/><G11/><T127/><D127/><U61/><E76/><V97/><F97/><W8/><G8/><T124/><D124/><U118/><E113/><V84/><F84/><W3/><G3/><T89/><REACH who="0" step="1"/><D19/><REACH who="0" ten="149,510,125,206" step="2"/><U20/><E111/><V34/><REACH who="2" step="1"/><F13/><REACH who="2" ten="149,510,115,206" step="2"/><W130/><G130/><T22/><D22/><U83/><E20/><V49/><F49/><W57/><G50/><T115/><D115/><U12/><E12/><V126/><F126/><W81/><G98/><T78/><D78/><U96/><E96/><V87/><F87/><AGARI ba="1,2" hai="2,6,9,52,54,56,63,67,79,80,82,85,87,89" machi="87" ten="30,8000,1" yaku="1,1,7,1,54,1,53,2" doraHai="102" doraHaiUra="48" who="0" fromWho="2" sc="149,103,510,0,115,-83,206,0" /><INIT seed="3,0,0,1,2,118" ten="252,510,32,206" oya="3" hai0="25,124,17,45,100,24,56,60,38,67,122,95,80" hai1="99,20,62,98,40,112,66,135,63,121,14,47,7" hai2="50,94,32,85,96,18,103,109,29,35,97,93,74" hai3="120,3,102,90,26,36,111,76,73,19,1,37,53"/><W69/><G90/><T65/><D122/><U77/><E112/><V49/><F74/><W72/><G53/><T48/><D38/><N who="3" m="14953" /><G76/><T0/><D0/><N who="3" m="73" /><G102/><T134/><D100/><U70/><E121/><V88/><F109/><W2/><N who="3" m="81" /><W84/><DORA hai="61" /><G84/><T5/><D95/><U43/><E77/><V127/><F127/><W30/><G19/><T39/><D124/><U78/><E78/><V104/><F18/><W54/><G54/><N who="0" m="33815" /><D39/><U110/><E99/><V11/><F11/><W125/><G125/><T105/><D17/><U128/><E98/><V75/><F29/><W117/><G117/><T89/><D89/><U81/><E40/><V106/><F103/><W82/><G82/><T132/><D80/><U16/><E43/><V41/><F41/><W126/><G126/><T51/><D24/><U131/><E81/><V116/><F116/><W115/><G115/><T13/><D25/><U108/><E47/><V44/><F75/><N who="3" m="28747" /><G120/><T42/><D48/><U79/><E79/><V15/><F85/><W8/><G8/><T129/><D51/><U130/><E7/><V107/><F107/><W133/><G111/><T101/><D105/><U64/><E110/><V12/><REACH who="2" step="1"/><F88/><REACH who="2" ten="252,510,22,206" step="2"/><W6/><G6/><T28/><D5/><U68/><E108/><V46/><AGARI ba="0,1" hai="12,15,32,35,44,46,49,50,93,94,96,97,104,106" machi="46" ten="25,8000,1" yaku="1,1,2,1,0,1,22,2,53,0" doraHai="118,61" doraHaiUra="113,33" who="2" fromWho="2" sc="252,-20,510,-20,22,90,206,-40" owari="232,3.2,490,59.0,112,-38.8,166,-23.4" /></mjloggm>