<mjloggm ver="2.3"><GO type="225" lobby="0"/><UN n0="%6C%61%6D%62" n1="%E9%B3%B3%E6%9D%B1%E3%81%AE%E3%81%86%E3%81%95%E3%81%8E%E3%81%95%E3%82%93" n2="%E4%BF%BA%E3%81%A8%E5%A6%96%E5%A4%A2" n3="%E3%81%99%E3%81%84%E3%81%BE%E3%81%9B%E3%83%BC%E3%82%93" dan="16,16,17,17" rate="2143.61,2109.79,2205.74,2130.50" sx="M,M,F,M"/><TAIKYOKU oya="0"/><INIT seed="0,0,0,4,2,129" ten="250,250,250,250" oya="0" hai0="104,2,87,96,75,123,108,10,98,1,6,115,47" hai1="28,103,132,110,40,66,12,49,100,64,111,38,134" hai2="102,90,57,56,37,45,109,130,65,0,118,33,74" hai3="15,69,128,133,23,3,119,62,106,77,18,20,24"/><T135/><D115/><U114/><E28/><V54/><F33/><W94/><G119/><T88/><D75/><U84/><E114/><V44/><F0/><W63/><G106/><T29/><D123/><U125/><E125/><V8/><F8/><W50/><G3/><T112/><D112/><U7/><E38/><V95/><F130/><W92/><G128/><T46/><D108/><N who="1" m="41515" /><E84/><V31/><F31/><W76/><G133/><N who="1" m="51306" /><E7/><V5/><F5/><W86/><G86/><T120/><D120/><U121/><E12/><V127/><F37/><W17/><G15/><T59/><D135/><U51/><E121/><V117/><F127/><W72/><G72/><T55/><D29/><U30/><E30/><V11/><F74/><W48/><G24/><T60/><D1/><U83/><E83/><V116/><F109/><W4/><G4/><T78/><D78/><U85/><E85/><V131/><F131/><W81/><G81/><T71/><D2/><U82/><E82/><V34/><F118/><W107/><G77/><T13/><D13/><U93/><E40/><V16/><F117/><W105/><G76/><T36/><D36/><U39/><E39/><V126/><F116/><W101/><G17/><T42/><D42/><U41/><E41/><V27/><F16/><W26/><G18/><T73/><D6/><U79/><E79/><V124/><F124/><W99/><G26/><T19/><D19/><U35/><E35/><V97/><F27/><W52/><G20/><T70/><D87/><U58/><E103/><V25/><F126/><W91/><G23/><T22/><D22/><RYUUKYOKU ba="0,0" sc="250,0,250,0,250,0,250,0" /><INIT seed="1,1,0,3,4,120" ten="250,250,250,250" oya="1" hai0="130,96,111,99,47,16,32,11,109,116,92,121,66" hai1="117,126,122,115,25,127,132,15,36,9,10,64,106" hai2="65,112,101,46,79,19,110,50,124,68,20,2,123" hai3="58,77,57,95,131,84,134,107,119,43,81,97,59"/><U18/><E36/><V76/><F123/><W14/><G131/><T53/><D121/><U51/><E122/><V105/><F2/><W82/><G134/><T13/><D116/><U70/><E117/><V27/><F112/><W33/><G119/><T38/><D130/><U5/><E106/><V89/><F124/><N who="1" m="47657" /><E115/><V54/><F89/><W21/><G33/><T71/><D32/><U42/><E132/><V1/><F1/><W48/><G107/><T80/><D80/><U39/><E39/><V93/><F105/><W103/><G82/><T128/><D128/><U74/><E74/><V37/><F37/><W135/><G135/><T62/><D53/><U98/><E98/><V73/><F73/><W69/><G69/><T118/><D118/><U17/><E25/><V7/><F7/><W35/><G35/><T91/><REACH who="0" step="1"/><D99/><REACH who="0" ten="240,250,250,250" step="2"/><U56/><E42/><AGARI ba="1,1" hai="11,13,16,38,42,47,62,66,71,91,92,96,109,111" machi="42" ten="40,12000,2" yaku="1,1,2,1,52,2,54,1,53,1" doraHai="120" doraHaiUra="61" who="0" fromWho="1" sc="240,133,250,-123,250,0,250,0" /><INIT seed="2,0,0,3,5,110" ten="373,127,250,250" oya="2" hai0="25,48,85,128,68,56,63,89,99,67,18,107,72" hai1="97,98,82,125,135,124,2,78,79,131,19,15,58" hai2="32,38,57,66,90,62,106,102,36,83,16,55,12" hai3="10,23,28,47,114,126,7,17,39,41,61,69,37"/><V24/><F106/><W76/><G126/><T51/><D72/><U53/><E2/><V4/><F102/><W113/><G28/><T118/><D128/><U33/><E33/><V71/><F4/><W49/><G76/><T52/><D118/><U65/><E135/><V84/><F24/><W13/><G61/><T59/><D107/><U5/><E131/><V122/><F122/><W132/><G69/><T8/><D99/><U81/><E65/><V1/><F1/><W54/><G132/><T103/><D103/><U130/><E130/><V127/><F32/><W93/><G93/><N who="0" m="54447" /><D68/><U134/><E5/><V87/><F84/><W29/><G29/><T111/><D111/><U123/><E123/><V27/><F27/><W117/><G117/><T109/><D109/><U104/><E134/><V94/><F83/><W11/><G11/><T44/><D8/><U46/><E46/><V91/><F91/><W50/><G39/><T74/><D74/><U60/><E104/><V40/><F40/><W70/><G70/><T35/><D35/><U88/><E125/><V30/><F30/><W26/><REACH who="3" step="1"/><G37/><REACH who="3" ten="373,127,250,240" step="2"/><T80/><D63/><U92/><E124/><V120/><F127/><W96/><G96/><T75/><D80/><N who="1" m="30827" /><E98/><V42/><F120/><W14/><G14/><T133/><D133/><U6/><E6/><V31/><F31/><W116/><G116/><T129/><D129/><U73/><E73/><V77/><F77/><W0/><G0/><T119/><D75/><U22/><AGARI ba="0,1" hai="15,19,22,53,58,60,78,79,88,92,97" m="30827" machi="22" ten="30,2000,0" yaku="8,1,54,1" doraHai="110" who="1" fromWho="1" sc="373,-5,127,30,250,-10,240,-5" /><INIT seed="3,0,0,4,0,0" ten="368,157,240,235" oya="3" hai0="41,115,13,90,7,24,125,9,55,53,82,37,69" hai1="95,50,67,14,107,92,25,27,65,47,23,132,11" hai2="110,52,83,120,119,88,86,48,127,45,71,96,62" hai3="77,93,106,98,111,100,76,42,59,80,114,116,87"/><W34/><G114/><T61/><D37/><U64/><E132/><V32/><F119/><W51/><G116/><T102/><D41/><U91/><E107/><V129/><F32/><W126/><G34/><T130/><D130/><U17/><E91/><V39/><F129/><W63/><G126/><T109/><D102/><U133/><E133/><V3/><F3/><W101/><G111/><T118/><D118/><U70/><E70/><V131/><F131/><W124/><G124/><T81/><D69/><U56/><E56/><V84/><F110/><W121/><G121/><T73/><D73/><U16/><REACH who="1" step="1"/><E27/><REACH who="1" ten="368,147,240,235" step="2"/><V40/><F127/><W29/><G106/><T46/><D90/><U57/><E57/><V75/><F71/><W134/><G134/><T79/><D24/><U113/><E113/><V31/><F88/><W15/><G101/><T5/><D115/><U94/><E94/><V72/><F120/><W99/><G93/><T20/><D125/><U28/><E28/><V8/><F31/><W66/><G29/><T128/><D128/><U33/><E33/><V2/><F83/><W49/><G100/><T22/><D82/><U36/><E36/><V89/><F39/><W38/><G38/><T18/><D81/><U78/><E78/><V85/><F89/><W60/><G77/><T103/><D79/><U19/><E19/><V30/><F30/><W123/><G123/><T117/><D18/><U26/><E26/><V104/><F104/><W68/><G76/><T74/><D103/><U108/><E108/><V97/><F75/><W1/><G80/><T112/><D74/><RYUUKYOKU ba="0,1" sc="368,-10,147,30,240,-10,235,-10" hai1="11,14,16,17,23,25,47,50,64,65,67,92,95" owari="368,46.8,177,-32.3,230,3.0,225,-17.5" /></mjloggm>