<mjloggm ver="2.3"><GO type="225" lobby="0"/><UN n0="%E5%B8%86%E7%AB%8B%E5%A4%8F%E8%A1%A3" n1="%72%69%6F%75%63%68%61%6E" n2="%E3%83%89%E3%83%A9%E3%81%8F%E3%82%8C" n3="%77%72%77%72%77%72%77%72" dan="16,16,17,17" rate="2170.05,2275.69,2208.62,2160.83" sx="M,M,M,M"/><TAIKYOKU oya="0"/><INIT seed="0,0,0,4,3,61" ten="250,250,250,250" oya="0" hai0="34,39,135,43,75,117,72,10,88,36,84,82,99" hai1="131,68,18,63,115,130,8,26,104,6,47,16,134" hai2="86,79,37,42,52,1,17,128,58,103,21,123,55" hai3="5,41,97,89,110,93,126,7,81,67,113,62,30"/><T38/><D117/><U40/><E134/><V92/><F123/><W98/><G113/><T111/><D43/><U119/><E119/><V133/><F1/><W87/><G110/><T80/><D34/><U118/><E118/><V127/><F133/><W14/><G126/><T44/><D135/><U125/><E125/><V11/><F127/><W48/><G30/><T13/><D111/><U57/><E68/><V25/><F128/><N who="1" m="49193" /><E104/><V109/><F109/><W91/><G98/><T53/><D99/><U71/><E71/><V29/><F103/><W114/><G114/><T83/><D53/><N who="1" m="34223" /><E26/><V27/><F37/><W12/><G48/><T23/><D44/><U105/><E105/><V46/><F42/><W90/><G90/><T106/><D106/><U32/><E32/><V66/><F46/><W100/><G91/><T45/><D45/><U112/><E115/><V56/><F56/><N who="3" m="37319" /><G41/><T124/><D124/><U96/><E96/><V132/><F132/><W35/><G35/><T78/><D78/><U107/><E107/><V108/><F79/><W73/><G73/><T19/><D75/><U102/><E102/><V94/><F108/><W129/><G129/><T4/><REACH who="0" step="1"/><D72/><REACH who="0" ten="240,250,250,250" step="2"/><U60/><E112/><V31/><F55/><W122/><G122/><T65/><D65/><U3/><E60/><V9/><F66/><W59/><G59/><T0/><AGARI ba="0,1" hai="0,4,10,13,19,23,36,38,39,80,82,83,84,88" machi="0" ten="30,6000,0" yaku="1,1,0,1,54,1,53,0" doraHai="61" doraHaiUra="20" who="0" fromWho="0" sc="240,70,250,-20,250,-20,250,-20" /><INIT seed="0,1,0,3,1,108" ten="310,230,230,230" oya="0" hai0="26,86,107,84,19,115,88,17,125,6,63,56,123" hai1="92,121,81,59,52,124,45,114,35,122,93,118,117" hai2="22,43,110,8,128,16,91,55,36,133,38,112,1" hai3="100,134,12,116,34,28,77,104,51,23,72,3,83"/><T67/><D115/><U73/><E35/><V95/><F110/><W29/><G116/><T14/><D125/><U101/><E124/><V42/><F112/><W25/><G3/><T99/><D123/><U74/><E45/><V18/><F128/><W33/><G134/><T90/><D107/><U40/><E40/><V70/><F70/><W20/><G51/><T64/><D99/><U5/><E5/><V131/><F131/><W135/><G135/><T57/><D6/><U27/><E114/><V58/><F133/><W15/><G104/><T71/><D71/><U0/><E0/><V119/><F119/><N who="1" m="45577" /><E27/><V111/><F111/><W9/><G100/><T129/><D129/><U79/><E59/><V41/><F1/><W102/><G102/><T106/><D106/><U109/><E52/><V54/><F8/><W94/><G94/><N who="1" m="36458" /><E109/><V11/><F11/><W60/><G60/><T32/><D32/><U68/><E68/><V66/><F66/><W46/><G46/><T65/><D26/><U39/><E39/><V76/><F55/><W30/><G12/><T24/><D24/><U49/><E49/><V4/><F4/><N who="3" m="3495" /><G20/><N who="0" m="11319" /><D19/><U96/><E73/><V105/><F18/><N who="3" m="12535" /><G33/><T120/><D120/><U44/><E44/><V127/><F127/><W48/><G34/><T126/><D126/><U37/><E37/><V61/><F105/><AGARI ba="1,0" hai="74,79,81,96,101,105,121,122" m="36458,45577" machi="105" ten="30,2000,0" yaku="34,2" doraHai="108" who="1" fromWho="2" sc="310,0,230,23,230,-23,230,0" /><INIT seed="1,0,0,1,2,104" ten="310,253,207,230" oya="1" hai0="100,61,42,44,9,62,58,103,12,46,92,40,48" hai1="37,68,18,11,115,34,118,87,83,110,94,102,52" hai2="73,75,90,38,5,43,53,6,28,99,21,79,130" hai3="117,2,69,127,81,107,74,31,8,19,65,13,106"/><U17/><E115/><V50/><F130/><W67/><G127/><T49/><D92/><U71/><E118/><V70/><F70/><W64/><G117/><T1/><D1/><U27/><E37/><V101/><F90/><W85/><G69/><T66/><D62/><U0/><E110/><V124/><F124/><W3/><G31/><T23/><D23/><U24/><E68/><V128/><F128/><W82/><G2/><T134/><D134/><U93/><E71/><V51/><F38/><W122/><G122/><T39/><D39/><U80/><E102/><V78/><F43/><W26/><G26/><N who="1" m="9770" /><E34/><V63/><F63/><W120/><G120/><T113/><REACH who="0" step="1"/><D113/><REACH who="0" ten="300,253,207,230" step="2"/><U35/><E0/><V86/><F21/><W45/><G3/><T20/><D20/><U30/><E35/><V88/><F50/><W126/><G126/><T84/><D84/><U109/><E109/><V116/><F116/><W16/><G85/><T14/><D14/><N who="1" m="7391" /><E93/><V111/><F111/><W29/><G107/><T91/><D91/><N who="1" m="53631" /><E30/><V114/><F28/><W89/><G106/><T133/><D133/><U47/><E18/><AGARI ba="0,1" hai="9,12,18,40,42,44,46,48,49,58,61,66,100,103" machi="18" ten="30,12000,2" yaku="1,1,7,1,9,1,8,1,53,2" doraHai="104" doraHaiUra="98" who="0" fromWho="1" sc="300,130,253,-120,207,0,230,0" /><INIT seed="2,0,0,5,1,124" ten="430,133,207,230" oya="2" hai0="107,40,20,97,78,77,31,57,69,109,58,41,71" hai1="9,38,6,91,99,122,48,36,79,104,5,53,3" hai2="93,1,28,127,75,86,60,85,110,70,111,92,39" hai3="118,96,134,94,13,131,44,18,17,45,68,74,125"/><V35/><F75/><W82/><G118/><T115/><D20/><U88/><E122/><V106/><F106/><W46/><G68/><T14/><D97/><U126/><E126/><V121/><F121/><W56/><G125/><T103/><D14/><U98/><E79/><V81/><F1/><W12/><G134/><T59/><D59/><U64/><E64/><N who="2" m="41223" /><F39/><W11/><G131/><T65/><D103/><U80/><E5/><V8/><F8/><N who="3" m="6279" /><G74/><T10/><D10/><U133/><E133/><V87/><F127/><W32/><G32/><T33/><D33/><U15/><E3/><V119/><F81/><W27/><G27/><T135/><D107/><U49/><E49/><V30/><F119/><W37/><G37/><T128/><D135/><U108/><E108/><N who="2" m="41515" /><F28/><W19/><G56/><T25/><D58/><N who="1" m="33063" /><E104/><V22/><F35/><W72/><G72/><T100/><D57/><U62/><E36/><V47/><F47/><W101/><G82/><T26/><D69/><U132/><E38/><V24/><AGARI ba="0,0" hai="22,24,30,85,86,87,92,93" m="41515,41223" machi="24" ten="40,3900,0" yaku="14,1,10,1" doraHai="124" who="2" fromWho="2" sc="430,-13,133,-13,207,39,230,-13" /><INIT seed="2,1,0,1,2,0" ten="417,120,246,217" oya="2" hai0="49,46,126,120,57,21,47,15,83,59,76,62,10" hai1="132,25,75,88,2,117,87,20,90,68,17,70,45" hai2="133,31,58,55,19,121,98,56,131,91,77,71,9" hai3="42,18,60,69,86,106,113,29,72,33,130,67,65"/><V51/><F121/><W110/><G72/><T53/><D126/><U32/><E132/><V26/><F133/><W92/><G110/><T102/><D21/><U23/><E117/><V84/><F131/><W36/><G106/><T99/><D120/><U135/><E135/><V78/><F71/><W108/><G108/><T27/><D27/><U5/><E75/><V24/><F98/><W14/><G130/><T7/><D83/><U34/><E45/><V22/><F58/><W30/><G65/><T97/><D76/><U109/><E109/><V37/><F37/><W28/><G113/><T4/><D4/><U124/><E124/><V38/><F38/><W50/><G36/><T48/><D99/><U94/><E20/><V128/><F128/><W79/><G33/><T73/><D73/><U40/><E40/><V127/><F127/><W116/><G116/><T101/><D101/><U43/><E43/><V114/><F114/><W12/><G42/><T66/><D49/><U61/><E90/><V64/><F64/><W54/><G18/><T119/><D119/><U107/><E107/><AGARI ba="1,0" hai="7,10,15,46,47,48,53,57,59,62,66,97,102,107" machi="107" ten="30,2000,0" yaku="7,1,52,1" doraHai="0" who="0" fromWho="1" sc="417,23,120,-23,246,0,217,0" /><INIT seed="3,0,0,5,2,56" ten="440,97,246,217" oya="3" hai0="118,75,103,125,107,8,33,110,119,63,27,127,117" hai1="87,131,7,80,25,57,96,77,2,100,30,54,65" hai2="124,112,91,64,32,84,19,82,29,17,42,83,22" hai3="101,123,116,66,120,78,81,5,38,70,134,129,126"/><W95/><G38/><T115/><D75/><U51/><E131/><V98/><F112/><W43/><G43/><T102/><D115/><U79/><E2/><V55/><F124/><N who="0" m="47690" /><D110/><U46/><E7/><V35/><F42/><W111/><G5/><T132/><D107/><U85/><E85/><V41/><F41/><W67/><G95/><T21/><D132/><U60/><E87/><V109/><F109/><W108/><G66/><T48/><D48/><U23/><REACH who="1" step="1"/><E80/><REACH who="1" ten="440,87,246,217" step="2"/><V99/><F83/><W61/><G81/><T90/><D90/><U26/><E26/><V76/><F91/><W34/><G126/><T36/><D36/><U58/><E58/><V121/><F84/><W11/><G111/><T15/><D33/><U50/><E50/><V14/><F35/><W4/><G108/><T97/><D63/><U135/><E135/><V68/><F32/><W73/><G34/><T106/><D103/><U94/><AGARI ba="0,1" hai="23,25,30,46,51,54,57,60,65,77,79,94,96,100" machi="94" ten="20,16000,3" yaku="1,1,0,1,7,1,25,2,8,1,52,1,53,2" doraHai="56" doraHaiUra="72" who="1" fromWho="1" sc="440,-40,87,170,246,-40,217,-80" owari="400,50.0,257,5.7,206,-19.4,137,-36.3" /></mjloggm>