<mjloggm ver="2.3"><GO type="225" lobby="0"/><UN n0="%E9%80%9F%E6%B0%B4%E5%87%9B%E9%A6%99" n1="%E7%9C%9F%E4%B8%80" n2="%E5%AE%AE%E4%BF%9D%E9%B6%8F%E8%82%89" n3="%E5%8C%97%E6%AC%A7%E3%81%AE%E3%82%82%E3%81%93%E3%81%86" dan="16,17,16,17" rate="2115.77,2228.65,2110.72,2146.56" sx="F,M,M,M"/><TAIKYOKU oya="0"/><INIT seed="0,0,0,4,2,8" ten="250,250,250,250" oya="0" hai0="67,34,106,33,86,37,71,83,10,109,108,6,16" hai1="22,3,44,13,41,54,66,134,85,49,97,114,0" hai2="76,46,126,72,112,121,39,19,127,82,11,51,45" hai3="29,100,32,55,1,12,23,62,36,2,89,18,101"/><T98/><D37/><U95/><E134/><V60/><F121/><W78/><G36/><T115/><D115/><U75/><E75/><V53/><F112/><W9/><G78/><T14/><D67/><U105/><E114/><V111/><F111/><N who="0" m="42570" /><D71/><U26/><E66/><V79/><F79/><W94/><G32/><T96/><D106/><U43/><E105/><V118/><F118/><W117/><G117/><T116/><D116/><U87/><E0/><V120/><F60/><W38/><G38/><T15/><D33/><U74/><E74/><V64/><F64/><W113/><G113/><T103/><D103/><N who="1" m="60863" /><E13/><N who="2" m="7615" /><F39/><W20/><G1/><T25/><D25/><U125/><E125/><N who="2" m="47627" /><F120/><W61/><G61/><T57/><D57/><AGARI ba="0,0" hai="45,46,51,53,57,72,76,82" m="47627,7615" machi="57" ten="30,2000,0" yaku="18,1,52,1" doraHai="8" who="2" fromWho="0" sc="250,-20,250,0,250,20,250,0" /><INIT seed="1,0,0,5,3,47" ten="230,250,270,250" oya="1" hai0="117,1,105,127,0,102,122,120,58,34,96,9,109" hai1="27,7,93,63,115,36,17,39,86,83,84,100,128" hai2="40,4,78,41,13,132,44,60,8,101,108,91,107" hai3="113,99,88,61,23,97,133,106,116,33,12,114,21"/><U104/><E115/><V73/><F108/><W76/><G33/><T119/><D34/><U30/><E104/><V59/><F132/><W51/><G133/><T118/><D109/><U64/><E17/><V129/><F129/><W71/><G116/><T62/><D127/><U10/><E128/><V98/><F73/><W6/><G76/><T67/><REACH who="0" step="1"/><D9/><REACH who="0" ten="220,250,270,250" step="2"/><U121/><E10/><V31/><F8/><W50/><G114/><T57/><D57/><U53/><E121/><AGARI ba="0,1" hai="0,1,58,62,67,96,102,105,117,118,119,120,121,122" machi="121" ten="50,3200,0" yaku="1,1,13,1,53,0" doraHai="47" doraHaiUra="126" who="0" fromWho="1" sc="220,42,250,-32,270,0,250,0" /><INIT seed="2,0,0,5,4,4" ten="262,218,270,250" oya="2" hai0="116,122,130,134,83,25,37,98,80,119,109,84,56" hai1="115,128,2,121,53,72,69,24,32,44,124,75,118" hai2="34,95,46,26,73,13,7,1,65,87,11,101,29" hai3="8,3,93,106,48,67,133,23,54,71,92,49,5"/><V6/><F73/><W111/><G111/><T15/><D37/><U40/><RYUUKYOKU type="yao9" ba="0,0" sc="262,0,218,0,270,0,250,0" hai1="2,24,32,40,44,53,69,72,75,115,118,121,124,128" /><INIT seed="2,1,0,3,4,67" ten="262,218,270,250" oya="2" hai0="1,79,28,83,94,8,90,105,57,60,81,33,15" hai1="106,84,14,40,31,89,3,62,120,56,65,85,63" hai2="96,66,110,34,18,53,9,95,59,72,71,16,127" hai3="29,122,21,20,0,44,54,107,128,86,114,27,5"/><V112/><F112/><W88/><G122/><T69/><D105/><U104/><E3/><V52/><F72/><W111/><G111/><T6/><D1/><U87/><E120/><V113/><F34/><W125/><G128/><T93/><D69/><U43/><E31/><V97/><F113/><W7/><G125/><T64/><D94/><U135/><E135/><V74/><F74/><W38/><G107/><T73/><D83/><U47/><E89/><V98/><F71/><W132/><G132/><T91/><D91/><U102/><E102/><V39/><F39/><W35/><G114/><T36/><D36/><U78/><E78/><V61/><F127/><W100/><G100/><T103/><D103/><U10/><E63/><V30/><F30/><W129/><G129/><T48/><D48/><U50/><REACH who="1" step="1"/><E43/><REACH who="1" ten="262,208,270,250" step="2"/><V51/><F110/><W77/><G77/><T108/><D108/><U130/><E130/><V116/><F116/><W4/><G0/><T41/><D41/><U115/><E115/><V19/><F66/><W17/><G29/><T58/><D28/><U119/><E119/><V42/><F42/><W49/><G35/><T99/><D33/><U131/><E131/><V22/><F9/><W12/><G88/><T23/><D23/><U82/><E82/><V123/><F123/><W133/><G133/><T117/><D117/><U70/><E70/><V109/><F109/><W2/><G2/><T37/><D64/><U118/><E118/><V25/><F95/><W32/><G32/><T126/><D93/><U124/><E124/><V75/><F75/><W46/><G20/><RYUUKYOKU ba="1,1" sc="262,-15,208,15,270,15,250,-15" hai1="10,14,40,47,50,56,62,65,84,85,87,104,106" hai2="16,18,19,22,25,51,52,53,59,61,96,97,98" /><INIT seed="2,2,1,3,5,135" ten="247,223,285,235" oya="2" hai0="40,4,69,131,45,8,65,31,18,95,13,90,107" hai1="25,123,105,12,42,109,26,93,50,44,71,129,121" hai2="6,24,22,76,11,59,47,1,122,114,23,70,39" hai3="48,120,84,21,116,102,83,68,61,37,55,91,77"/><V125/><F114/><W54/><G116/><T78/><D107/><U132/><E105/><V32/><F122/><N who="1" m="46601" /><E132/><V134/><F70/><W85/><G37/><T82/><D131/><U98/><E109/><V53/><F134/><W113/><G120/><T20/><D69/><U127/><E129/><V15/><F76/><W38/><G38/><T35/><D65/><U34/><E71/><V63/><F1/><W17/><G113/><T94/><D35/><U5/><E34/><V60/><F60/><W52/><G102/><T100/><D31/><U10/><E127/><V133/><F133/><W49/><G61/><T16/><D100/><AGARI ba="2,1" hai="5,10,12,25,26,42,44,50,93,98,100" m="46601" machi="100" ten="30,1000,0" yaku="13,1" doraHai="135" who="1" fromWho="0" sc="247,-16,223,26,285,0,235,0" /><INIT seed="3,0,0,5,5,14" ten="231,249,285,235" oya="3" hai0="72,107,59,95,123,68,48,26,85,125,104,63,16" hai1="81,116,132,130,54,35,99,41,98,77,17,40,0" hai2="91,92,88,52,65,36,87,131,119,8,43,51,134" hai3="66,30,34,96,2,100,57,115,122,15,20,49,42"/><W4/><G115/><T31/><D72/><U82/><E116/><V1/><F119/><W129/><G129/><T108/><D123/><U70/><E130/><V73/><F73/><W12/><G122/><T69/><D108/><U121/><E121/><V113/><F113/><W105/><G34/><T126/><D48/><U103/><E35/><V27/><F131/><W67/><G2/><T89/><D69/><U102/><E70/><V24/><F65/><W39/><G39/><T33/><D68/><U71/><E71/><V83/><F36/><W23/><G12/><T25/><D59/><U37/><E0/><V62/><F134/><W55/><G42/><T64/><D63/><U74/><E132/><V110/><F43/><W60/><G30/><T109/><D64/><U93/><E37/><V19/><F62/><W3/><G3/><T128/><D128/><U44/><E82/><V13/><F1/><W50/><G50/><T86/><D86/><U28/><E28/><V135/><F110/><W75/><G75/><T133/><D133/><U78/><E78/><V117/><F135/><W38/><G67/><T124/><D109/><U118/><E118/><V94/><F117/><W9/><REACH who="3" step="1"/><G38/><REACH who="3" ten="231,249,285,225" step="2"/><T90/><D90/><U22/><E41/><V97/><F91/><W106/><G106/><T76/><D76/><U5/><E40/><V6/><F88/><W114/><G114/><T29/><D29/><U120/><E120/><V11/><F51/><W101/><G101/><T84/><D84/><U47/><E47/><AGARI ba="0,1" hai="4,9,15,20,23,47,49,55,57,60,66,96,100,105" machi="47" ten="30,5800,0" yaku="1,1,7,1,53,1" doraHai="14" doraHaiUra="10" who="3" fromWho="1" sc="231,0,249,-58,285,0,225,68" /><INIT seed="3,1,0,5,1,101" ten="231,191,285,293" oya="3" hai0="56,14,69,62,57,111,54,123,85,19,65,98,126" hai1="79,103,116,108,133,107,42,67,40,15,134,18,114" hai2="113,132,82,127,68,47,78,106,24,112,117,41,104" hai3="131,73,33,86,34,118,125,93,39,75,49,30,22"/><W16/><G39/><T4/><D123/><U52/><E52/><V124/><BYE who="1" /><F117/><W28/><G118/><T87/><D111/><U115/><E115/><N who="2" m="44107" /><F68/><W38/><G38/><T122/><D126/><N who="2" m="48170" /><F24/><W63/><G125/><T90/><D4/><U120/><E120/><V84/><F132/><W50/><G131/><T71/><D71/><U36/><E36/><AGARI ba="1,0" hai="36,41,47,78,82,84,104,106" m="48170,44107" machi="36" ten="30,3900,0" yaku="18,1,52,2" doraHai="101" who="2" fromWho="1" sc="231,0,191,-42,285,42,293,0" owari="231,-16.9,149,-35.1,327,42.7,293,9.3" /></mjloggm>