<mjloggm ver="2.3"><GO type="225" lobby="0"/><UN n0="%72%69%6F%75%63%68%61%6E" n1="%72%61%6B%33" n2="%E3%81%9F%E3%81%8C%E3%82%84%E3%81%99" n3="%E3%82%A2%E3%82%A4%E3%82%B9%E3%83%86%E3%82%A3%E3%83%BC%E3%81%82%E3%81%B9" dan="16,17,17,16" rate="2182.78,2198.09,2158.96,2074.43" sx="M,M,M,M"/><TAIKYOKU oya="0"/><INIT seed="0,0,0,5,0,107" ten="250,250,250,250" oya="0" hai0="98,54,91,105,87,31,7,123,21,74,67,128,94" hai1="112,69,44,132,30,47,15,117,109,96,23,17,122" hai2="66,131,9,18,100,1,24,8,51,116,130,48,65" hai3="79,114,115,77,57,58,27,85,42,108,88,89,52"/><T81/><D128/><N who="2" m="49194" /><F100/><W38/><G108/><T135/><D135/><U43/><E109/><V3/><F116/><W50/><G38/><T34/><D123/><U104/><E132/><V26/><F51/><W64/><G42/><T127/><D127/><U80/><E69/><V6/><F48/><W97/><G115/><T78/><D34/><U86/><E112/><V25/><F18/><W120/><G120/><T2/><D67/><N who="2" m="25610" /><F6/><W59/><G114/><T46/><D2/><AGARI ba="0,0" hai="1,2,3,8,9,24,25,26" m="25610,49194" machi="2" ten="40,5200,0" yaku="28,2,19,1" doraHai="107" who="2" fromWho="0" sc="250,-52,250,0,250,52,250,0" /><INIT seed="1,0,0,1,5,13" ten="198,250,302,250" oya="1" hai0="72,130,81,94,7,17,101,53,116,75,99,32,39" hai1="129,61,45,42,74,133,107,127,21,56,126,30,19" hai2="76,102,105,54,37,38,108,40,113,64,11,31,128" hai3="131,24,27,123,65,35,41,134,47,114,49,15,67"/><U119/><E119/><V118/><F54/><W33/><G114/><T48/><D130/><U100/><E129/><V85/><F85/><W96/><G123/><T103/><D116/><U110/><E74/><V69/><F11/><W104/><G131/><T80/><D39/><U83/><E133/><V6/><F6/><W34/><G134/><T106/><D32/><U55/><E30/><V82/><F82/><N who="0" m="31850" /><D7/><U60/><E110/><V115/><F102/><N who="0" m="38922" /><D17/><U111/><E111/><V79/><F31/><W12/><G96/><T95/><D48/><U22/><E83/><V59/><F37/><W36/><G104/><T9/><D53/><U5/><E5/><V98/><F38/><W44/><G15/><T63/><D63/><U16/><E60/><V51/><F51/><W4/><G12/><T3/><D9/><U10/><E10/><V62/><F62/><W92/><G4/><T93/><D3/><U66/><E55/><V135/><F118/><W20/><G27/><T71/><D71/><U68/><E68/><V14/><F69/><W78/><G67/><T89/><D106/><U73/><E73/><AGARI ba="0,0" hai="72,73,75,89,93,94,95,99" m="38922,31850" machi="73" ten="30,8000,1" yaku="35,5" doraHai="13" who="0" fromWho="1" sc="198,80,250,-80,302,0,250,0" /><INIT seed="2,0,0,0,5,98" ten="278,170,302,250" oya="2" hai0="66,0,24,131,112,96,84,109,20,14,95,97,18" hai1="132,77,70,125,76,25,61,81,51,26,73,4,86" hai2="100,49,69,105,94,88,63,87,13,34,41,64,10" hai3="108,128,39,114,91,117,126,79,28,44,59,113,2"/><V129/><F34/><W133/><G28/><T121/><D121/><U37/><E37/><V7/><F129/><W11/><G79/><T127/><D112/><U65/><E125/><V130/><F130/><W50/><G91/><N who="0" m="53735" /><D0/><U21/><E132/><V6/><F6/><W58/><G11/><N who="0" m="6495" /><D131/><U75/><E4/><V110/><F110/><W55/><G2/><T8/><D109/><U3/><E3/><V135/><F135/><W54/><G108/><T111/><D127/><U5/><E5/><V119/><F119/><W83/><G83/><T36/><D36/><U101/><E26/><V62/><F62/><N who="3" m="36183" /><G128/><T90/><D8/><U15/><E15/><V68/><F10/><W106/><G106/><T118/><D118/><U29/><E77/><V35/><F105/><W80/><G80/><T72/><D72/><U47/><REACH who="1" step="1"/><E101/><REACH who="1" ten="278,160,302,250" step="2"/><V57/><F100/><W85/><G126/><T103/><D103/><U19/><E19/><V42/><F7/><W12/><G133/><T1/><D1/><U52/><AGARI ba="0,1" hai="21,25,29,47,51,52,61,65,70,73,75,76,81,86" machi="52" ten="20,5200,0" yaku="1,1,0,1,7,1,54,1,53,0" doraHai="98" doraHaiUra="9" who="1" fromWho="1" sc="278,-13,160,62,302,-26,250,-13" /><INIT seed="3,0,0,5,0,23" ten="265,222,276,237" oya="3" hai0="75,51,25,86,69,29,11,78,120,13,2,107,104" hai1="24,0,67,133,108,45,48,106,22,65,30,118,59" hai2="46,98,36,123,81,34,128,91,35,134,53,132,28" hai3="27,16,15,20,64,71,14,131,74,6,122,21,60"/><W80/><G122/><T73/><D120/><U127/><E0/><V58/><F36/><W52/><G131/><T110/><D110/><U112/><E112/><V38/><F123/><W105/><G105/><N who="0" m="40523" /><D86/><U126/><E108/><V50/><F128/><W79/><G6/><N who="0" m="1495" /><D51/><U72/><E72/><N who="0" m="27721" /><D13/><U47/><E133/><V10/><F50/><W109/><G109/><T57/><D57/><U61/><E118/><V41/><F58/><W76/><G79/><T8/><D8/><U90/><E106/><V114/><F10/><W93/><G93/><T17/><D17/><U111/><E111/><V89/><F134/><W135/><G135/><T101/><D101/><U5/><E5/><V42/><F98/><W113/><G113/><T43/><D43/><U9/><E9/><V119/><F42/><W83/><G80/><T115/><D78/><U44/><E67/><V70/><F41/><W7/><G7/><T68/><D115/><U77/><E77/><V54/><F114/><W31/><G52/><T100/><D100/><U88/><REACH who="1" step="1"/><E48/><REACH who="1" ten="265,212,276,237" step="2"/><V116/><F132/><W102/><G102/><T117/><D117/><U33/><E33/><AGARI ba="0,1" hai="25,29,33,68,69" m="27721,1495,40523" machi="33" ten="30,3900,0" yaku="33,2,52,1" doraHai="23" who="0" fromWho="1" sc="265,49,212,-39,276,0,237,0" owari="314,41.4,173,-32.7,276,7.6,237,-16.3" /></mjloggm>