<mjloggm ver="2.3"><GO type="225" lobby="0"/><UN n0="%E6%B4%BE%E9%81%A3%E3%81%AE%E3%82%B8%E3%83%A3%E3%83%83%E3%82%AF" n1="%E7%B4%94%E6%BD%94%E3%83%94%E3%83%A9%E3%83%8B%E3%82%A2" n2="%E9%B4%A8%4E%45%47%49" n3="%E3%83%9D%E3%82%B1%E3%83%83%E3%83%88" dan="17,17,16,16" rate="2182.03,2181.00,2105.43,2102.39" sx="M,M,M,M"/><TAIKYOKU oya="0"/><INIT seed="0,0,0,0,4,106" ten="250,250,250,250" oya="0" hai0="70,34,66,78,58,73,41,3,52,123,95,50,75" hai1="5,46,9,7,108,33,94,68,121,122,64,6,69" hai2="47,129,16,57,49,62,79,101,19,18,80,31,56" hai3="35,17,92,115,28,100,93,120,14,67,127,53,37"/><T118/><D123/><U40/><E33/><V114/><F129/><W109/><G115/><T84/><D34/><U131/><E108/><V32/><F114/><W44/><G109/><T128/><D118/><U97/><E9/><V20/><F101/><W55/><G120/><T24/><D3/><U1/><E1/><V63/><F32/><W102/><G67/><T26/><D128/><U54/><E54/><V117/><F117/><W132/><G132/><T13/><D13/><U81/><E81/><V82/><F31/><W36/><G127/><T133/><D133/><U96/><E131/><V10/><F10/><W105/><G105/><T22/><D41/><U135/><E135/><V89/><F89/><W11/><G35/><T103/><D78/><U77/><E77/><V110/><F110/><W39/><G28/><T111/><D111/><U51/><E96/><V83/><F79/><W98/><REACH who="3" step="1"/><G44/><REACH who="3" ten="250,250,250,240" step="2"/><T116/><D116/><U85/><E121/><V65/><F20/><W76/><G76/><T91/><D22/><U2/><E64/><N who="2" m="38983" /><F19/><W48/><G48/><T134/><D134/><U125/><E125/><V4/><F4/><W113/><G113/><T74/><REACH who="0" step="1"/><D103/><REACH who="0" ten="240,250,250,240" step="2"/><U90/><E122/><V71/><F71/><W130/><G130/><T21/><D21/><U124/><E124/><V72/><F72/><W87/><G87/><T42/><D42/><AGARI ba="0,2" hai="16,18,42,47,49,57,63,65,80,82,83" m="38983" machi="42" ten="30,2000,0" yaku="8,1,54,1" doraHai="106" who="2" fromWho="0" sc="240,-20,250,0,250,40,240,0" /><INIT seed="1,0,0,4,5,94" ten="220,250,290,240" oya="1" hai0="51,47,101,24,33,8,89,119,16,70,100,34,22" hai1="45,39,17,49,28,110,58,19,72,106,125,76,30" hai2="44,64,62,0,66,67,82,38,107,42,7,35,118" hai3="108,13,77,36,87,81,93,11,52,27,102,6,99"/><U85/><E72/><V120/><F118/><W61/><G108/><T92/><D119/><U126/><E110/><V103/><F120/><W96/><G36/><T5/><D70/><U116/><E106/><V135/><F35/><W4/><G27/><T134/><D134/><U79/><E58/><V40/><F107/><W111/><G111/><T115/><D115/><U29/><E39/><V130/><F103/><W123/><G123/><T59/><D59/><U88/><E116/><V97/><F97/><N who="3" m="59695" /><G4/><T127/><D127/><N who="1" m="48651" /><E76/><V84/><F7/><W75/><G75/><T31/><D33/><U65/><E79/><V80/><F0/><W109/><G109/><T14/><D51/><U12/><E12/><V37/><F80/><W131/><G131/><T53/><D47/><U26/><E26/><V2/><F2/><W46/><G61/><T83/><D53/><N who="1" m="29871" /><E65/><V105/><F130/><W90/><G77/><T117/><D83/><AGARI ba="0,0" hai="17,19,28,29,30,83,85,88" m="29871,48651" machi="83" ten="30,2900,0" yaku="18,1,54,1" doraHai="94" who="1" fromWho="0" sc="220,-29,250,29,290,0,240,0" /><INIT seed="1,1,0,1,1,93" ten="191,279,290,240" oya="1" hai0="96,98,1,105,54,130,110,18,47,10,0,75,78" hai1="13,45,59,107,94,9,36,67,116,99,71,6,58" hai2="100,133,57,7,104,42,48,73,56,53,40,80,39" hai3="37,38,27,19,115,112,119,120,44,86,52,50,103"/><U34/><E107/><V17/><F133/><W11/><G120/><T46/><D105/><U12/><E34/><V4/><F17/><W2/><G119/><T135/><D135/><U90/><E116/><V23/><F23/><W60/><G103/><T5/><D0/><U106/><E106/><V64/><F73/><W122/><G122/><T62/><D110/><U82/><E71/><V132/><F80/><W74/><G74/><T76/><D130/><U55/><E67/><V91/><F91/><W84/><G60/><T111/><D111/><U28/><E28/><V124/><F132/><W123/><G123/><T32/><D32/><U89/><E13/><V66/><F100/><W81/><G84/><T83/><D76/><U101/><E59/><N who="2" m="33191" /><F104/><W114/><G27/><T88/><D18/><U68/><E68/><V92/><F92/><W70/><G70/><T118/><D118/><U97/><E82/><V126/><F7/><W15/><REACH who="3" step="1"/><G2/><REACH who="3" ten="191,279,290,230" step="2"/><T69/><D69/><U24/><E24/><V65/><F39/><W85/><G85/><T121/><D121/><U26/><E26/><V20/><F124/><W3/><G3/><T127/><D127/><U33/><E33/><V14/><F126/><W117/><G117/><T8/><D8/><U129/><E129/><V31/><F31/><W79/><AGARI ba="1,1" hai="11,15,19,37,38,44,50,52,79,81,86,112,114,115" machi="79" ten="30,4000,0" yaku="1,1,0,1,54,1,53,0" doraHai="93" doraHaiUra="30" who="3" fromWho="3" sc="191,-11,279,-21,290,-11,230,53" /><INIT seed="2,0,0,2,5,30" ten="180,258,279,283" oya="2" hai0="63,8,120,59,114,82,127,5,65,81,7,69,134" hai1="35,20,91,13,117,64,77,23,109,56,105,9,94" hai2="68,115,101,14,4,72,135,86,60,87,118,126,125" hai3="58,10,121,0,67,1,2,123,74,107,50,51,132"/><V92/><F118/><W57/><G74/><T48/><D114/><U66/><E105/><V111/><F115/><W128/><G107/><T19/><D120/><N who="3" m="46153" /><G10/><T18/><D127/><N who="2" m="48650" /><F72/><W53/><G67/><T39/><D134/><U22/><E117/><V49/><F135/><W62/><G132/><T71/><D39/><U33/><E77/><V3/><F3/><W42/><G53/><T26/><D69/><U79/><E79/><V131/><F131/><W100/><G62/><T11/><D71/><U99/><E109/><V96/><F49/><N who="3" m="18443" /><G100/><T73/><D48/><U93/><E93/><V47/><F47/><W112/><G112/><T106/><D106/><U45/><E45/><V24/><F24/><W80/><G80/><N who="0" m="30827" /><D73/><U36/><E36/><V108/><F60/><W122/><G122/><T34/><D34/><U32/><REACH who="1" step="1"/><E56/><REACH who="1" ten="180,248,279,283" step="2"/><N who="3" m="21610" /><G128/><T103/><D103/><U54/><E54/><V75/><F68/><W88/><G42/><T16/><D26/><U28/><E28/><V27/><F27/><W31/><G31/><T130/><D130/><U46/><E46/><V25/><F25/><W110/><G110/><N who="2" m="42025" /><F75/><W17/><G17/><AGARI ba="0,1" hai="9,13,17,20,22,23,32,33,35,64,66,91,94,99" machi="17" ten="50,8000,1" yaku="1,1,52,3,53,1" doraHai="30" doraHaiUra="15" who="1" fromWho="3" sc="180,0,248,90,279,0,283,-80" /><INIT seed="3,0,0,4,2,49" ten="180,338,279,203" oya="3" hai0="76,46,88,85,115,112,41,44,62,98,53,125,116" hai1="126,0,78,18,69,110,63,68,117,10,104,82,33" hai2="99,8,73,120,64,5,37,121,102,31,87,57,11" hai3="32,86,71,95,27,133,93,132,51,22,105,123,106"/><W20/><G123/><N who="2" m="47177" /><F73/><W92/><G71/><T21/><D116/><U47/><E104/><N who="2" m="63583" /><F87/><W29/><G86/><T52/><D125/><U6/><E33/><V17/><F37/><W24/><G51/><N who="0" m="27023" /><D46/><U65/><E47/><V38/><F38/><W16/><REACH who="3" step="1"/><G32/><REACH who="3" ten="180,338,279,193" step="2"/><T134/><D134/><AGARI ba="0,1" hai="16,20,22,24,27,29,92,93,95,105,106,132,133,134" machi="134" ten="40,18000,2" yaku="1,1,2,1,20,1,54,1,53,3" doraHai="49" doraHaiUra="129" who="3" fromWho="0" sc="180,-180,338,0,279,0,193,190" owari="0,-50.0,338,13.8,279,-12.1,383,48.3" /></mjloggm>