<mjloggm ver="2.3"><GO type="225" lobby="0"/><UN n0="%E3%83%B4%E3%82%A3%E3%83%AF%E3%82%B3%E3%82%B0%E3%83%8B" n1="%E6%B4%BE%E9%81%A3%E3%81%AE%E3%82%B8%E3%83%A3%E3%83%83%E3%82%AF" n2="%E5%8D%A0%E3%81%84%E5%B8%AB%E8%A3%8F%E3%81%AA%E3%81%84%E3%81%97" n3="%E9%B4%A8%4E%45%47%49" dan="16,17,17,16" rate="2209.16,2190.78,2215.64,2127.06" sx="M,M,M,M"/><TAIKYOKU oya="0"/><INIT seed="0,0,0,4,5,90" ten="250,250,250,250" oya="0" hai0="131,70,121,61,107,72,26,45,111,25,126,56,36" hai1="28,29,87,32,129,105,97,78,7,21,31,102,1" hai2="12,89,64,35,27,117,42,119,8,18,3,99,86" hai3="57,38,114,37,49,112,40,44,80,73,100,0,16"/><T96/><D121/><U118/><E118/><N who="2" m="45067" /><F3/><W62/><G100/><T92/><D72/><U84/><E32/><V65/><F42/><W22/><G0/><T109/><D107/><U48/><E129/><V85/><F99/><W5/><G5/><T127/><D70/><U135/><E135/><V54/><F54/><W134/><G134/><T82/><D82/><U115/><E115/><V123/><F123/><W76/><G114/><T91/><D131/><U6/><E48/><V20/><F35/><W59/><G59/><T79/><D79/><U9/><E6/><N who="2" m="3095" /><F85/><W53/><REACH who="3" step="1"/><G112/><REACH who="3" ten="250,250,250,240" step="2"/><T67/><D45/><U13/><E78/><V23/><F23/><W75/><G75/><T124/><REACH who="0" step="1"/><D36/><REACH who="0" ten="240,250,250,240" step="2"/><U47/><E47/><V103/><F103/><W60/><G60/><T2/><D2/><U55/><E1/><V125/><F125/><W88/><G88/><T132/><D132/><U77/><E77/><V58/><F58/><W98/><G98/><T14/><D14/><AGARI ba="0,2" hai="14,16,22,37,38,40,44,49,53,57,62,73,76,80" machi="14" ten="30,7700,0" yaku="1,1,7,1,54,1,53,1" doraHai="90" doraHaiUra="10" who="3" fromWho="0" sc="240,-77,250,0,250,0,240,97" /><INIT seed="1,0,0,3,3,125" ten="163,250,250,337" oya="1" hai0="127,0,57,68,59,86,111,121,54,47,112,113,30" hai1="115,33,10,123,15,71,104,26,11,46,65,75,79" hai2="96,6,53,93,28,84,91,39,17,120,40,74,92" hai3="18,89,126,95,108,5,49,1,98,8,24,21,51"/><U77/><E123/><V4/><F74/><W85/><G126/><T36/><D0/><U48/><E115/><V69/><F120/><W55/><G108/><T90/><D127/><U29/><E104/><V131/><F69/><W32/><G32/><T27/><D121/><U64/><E71/><V100/><F28/><W124/><G124/><T129/><D68/><U35/><E35/><V2/><F2/><W109/><G109/><T7/><D7/><U117/><E117/><V9/><F39/><W61/><G85/><T70/><D70/><U107/><E107/><V42/><F53/><W78/><G78/><T134/><D111/><U16/><E11/><V34/><F34/><W101/><G101/><T23/><D134/><U37/><E37/><V12/><REACH who="2" step="1"/><F131/><REACH who="2" ten="163,250,240,337" step="2"/><W87/><G87/><T43/><D129/><U105/><E75/><V83/><F83/><W44/><G44/><T116/><D116/><U94/><E46/><V99/><F99/><W20/><G20/><T82/><REACH who="0" step="1"/><D59/><AGARI ba="0,1" hai="1,5,8,18,21,24,49,51,55,59,61,89,95,98" machi="59" ten="40,2600,0" yaku="25,2" doraHai="125" who="3" fromWho="0" sc="163,-26,250,0,240,0,337,36" /><INIT seed="2,0,0,3,5,87" ten="137,250,240,373" oya="2" hai0="63,106,49,3,67,42,124,91,98,23,4,97,107" hai1="131,129,18,125,37,43,38,61,89,55,22,28,134" hai2="99,39,116,57,46,105,117,29,33,34,128,6,100" hai3="75,10,27,53,66,135,71,48,119,36,127,84,32"/><V92/><F128/><N who="1" m="49225" /><E125/><V114/><F114/><W109/><G75/><T77/><D124/><U83/><E28/><V24/><F57/><W8/><G71/><T62/><D77/><U76/><E134/><V95/><F95/><W16/><G66/><T54/><D42/><U101/><E101/><V9/><F33/><W65/><G65/><T94/><D3/><U5/><E5/><V108/><F108/><W52/><G36/><T1/><D1/><U80/><E43/><N who="2" m="22911" /><F92/><W90/><G119/><T113/><D4/><U93/><E55/><V74/><F74/><W50/><G109/><T126/><D126/><U88/><E61/><V72/><F72/><W60/><G60/><T110/><D110/><U102/><E102/><V59/><F59/><W13/><G53/><T70/><D113/><U20/><E93/><V7/><F7/><W85/><G50/><T31/><D97/><U82/><E76/><V14/><F14/><W122/><G127/><T15/><D63/><U68/><E68/><V21/><F34/><W44/><G44/><T56/><REACH who="0" step="1"/><D15/><REACH who="0" ten="127,250,240,373" step="2"/><N who="1" m="9311" /><E22/><V11/><F6/><W81/><G32/><T115/><D115/><U35/><E35/><V103/><F117/><W118/><G118/><T25/><AGARI ba="0,1" hai="23,25,31,49,54,56,62,67,70,91,94,98,106,107" machi="25" ten="30,4000,0" yaku="1,1,0,1,52,1,53,0" doraHai="87" doraHaiUra="111" who="0" fromWho="0" sc="127,50,250,-10,240,-20,373,-10" /><INIT seed="3,0,0,1,0,93" ten="177,240,220,363" oya="3" hai0="74,40,123,101,46,67,45,95,56,111,76,18,36" hai1="0,35,108,117,72,3,54,37,25,1,80,38,2" hai2="113,6,57,135,52,115,69,77,7,10,32,127,50" hai3="11,78,42,131,47,60,24,125,103,88,129,5,28"/><W68/><G78/><T53/><D123/><U130/><E108/><V19/><F32/><N who="3" m="20487" /><G88/><T91/><D111/><U61/><E130/><N who="3" m="49674" /><G103/><T81/><D101/><U120/><E2/><V126/><F69/><W64/><G125/><N who="2" m="47625" /><F135/><W94/><G94/><T100/><D100/><U63/><E35/><V13/><F77/><W17/><G17/><T48/><D67/><U109/><E72/><V23/><F6/><W51/><G11/><T133/><D133/><U96/><E109/><V9/><F10/><W114/><G5/><T121/><D121/><U132/><E1/><AGARI ba="0,0" hai="1,7,9,13,19,23,50,52,57,113,115" m="47625" machi="1" ten="30,2000,0" yaku="18,1,54,1" doraHai="93" who="2" fromWho="1" sc="177,0,240,-20,220,20,363,0" owari="177,-32.3,220,-18.0,240,4.0,363,46.3" /></mjloggm>