<mjloggm ver="2.3"><GO type="225" lobby="0"/><UN n0="%E3%81%82%E3%83%BC%E3%81%97" n1="%E5%B8%86%E7%AB%8B%E5%A4%8F%E8%A1%A3" n2="%E3%81%AF%E3%82%88%E3%81%8A%E3%81%98%E3%81%95%E3%82%93" n3="%72%69%6F%75%63%68%61%6E" dan="16,17,16,17" rate="2081.11,2145.51,2167.68,2282.26" sx="M,M,M,M"/><TAIKYOKU oya="0"/><INIT seed="0,0,0,4,0,117" ten="250,250,250,250" oya="0" hai0="20,76,104,100,14,4,56,0,6,5,91,30,81" hai1="119,58,61,28,23,7,115,94,55,64,102,120,103" hai2="45,41,105,118,15,113,101,69,110,52,107,24,114" hai3="99,111,27,83,65,8,98,132,82,106,38,75,26"/><T12/><D0/><U121/><E119/><V126/><F118/><W124/><G111/><T90/><D104/><U63/><E115/><V54/><F69/><W16/><G124/><T74/><D100/><U22/><E7/><V87/><F110/><W46/><G132/><T25/><REACH who="0" step="1"/><D56/><REACH who="0" ten="240,250,250,250" step="2"/><N who="1" m="34975" /><E103/><V33/><F101/><W9/><G106/><T112/><D112/><U57/><E57/><V40/><F107/><W1/><G1/><T73/><D73/><U123/><E123/><V3/><F105/><W77/><G75/><T95/><D95/><U50/><E121/><V62/><F3/><W97/><G83/><T109/><D109/><U122/><E122/><V92/><F92/><W11/><G82/><T86/><D86/><U34/><E120/><V70/><F87/><W29/><G99/><T71/><D71/><U85/><E85/><V31/><F70/><W51/><G98/><T79/><D79/><U19/><E94/><V127/><F114/><W60/><G97/><T125/><D125/><U13/><E102/><V35/><F113/><W133/><G77/><T129/><D129/><U18/><E58/><N who="2" m="35143" /><F127/><W37/><G133/><T131/><D131/><U36/><E63/><V108/><F126/><W49/><G60/><T96/><D96/><U128/><E128/><V21/><F108/><W93/><G93/><T134/><D134/><U10/><E64/><V53/><F33/><W88/><G65/><T72/><D72/><U32/><E32/><V130/><F130/><W67/><G67/><T17/><D17/><U59/><E34/><V44/><F35/><W116/><G116/><RYUUKYOKU ba="0,1" sc="240,30,250,-10,250,-10,250,-10" hai0="4,5,6,12,14,20,25,30,74,76,81,90,91" /><INIT seed="0,1,1,0,4,25" ten="270,240,240,240" oya="0" hai0="23,114,86,115,7,26,28,107,48,90,110,22,14" hai1="62,39,98,47,73,5,44,29,32,75,69,79,105" hai2="41,72,11,18,87,112,93,37,82,108,77,71,127" hai3="84,56,60,16,12,51,134,33,3,128,43,21,133"/><T126/><D107/><U1/><E47/><V6/><F112/><W54/><G128/><T92/><D126/><U13/><E13/><V19/><F71/><W97/><G3/><T106/><D106/><U104/><E44/><N who="2" m="23599" /><F127/><W67/><G33/><T94/><D110/><U20/><E20/><V113/><F113/><W66/><G97/><T38/><D38/><U68/><E39/><V31/><F31/><W34/><G34/><T91/><D48/><U27/><E79/><V74/><F74/><N who="1" m="28169" /><E62/><V30/><F30/><W88/><G43/><T132/><D132/><N who="3" m="50793" /><G60/><T9/><REACH who="0" step="1"/><D22/><REACH who="0" ten="260,240,240,240" step="2"/><U24/><E105/><V117/><F108/><W85/><G85/><AGARI ba="1,2" hai="7,9,14,23,26,28,85,86,90,91,92,94,114,115" machi="85" ten="30,12000,1" yaku="1,1,2,1,7,1,9,1,52,1,53,0" doraHai="25" doraHaiUra="135" who="0" fromWho="3" sc="260,143,240,0,240,0,240,-123" /><INIT seed="0,2,0,2,2,104" ten="403,240,240,117" oya="0" hai0="134,74,101,129,32,12,13,127,120,53,0,115,123" hai1="17,58,77,47,100,6,9,23,27,133,45,68,131" hai2="40,43,15,67,55,50,103,88,112,3,19,114,66" hai3="132,14,52,126,78,39,79,96,25,34,99,87,51"/><T135/><D101/><U41/><E68/><V105/><F3/><W22/><G126/><T21/><D115/><U2/><E131/><V110/><F110/><W83/><G132/><N who="0" m="50731" /><D129/><U35/><E133/><V33/><F33/><W82/><G39/><T8/><D53/><U108/><E108/><V44/><F103/><W59/><G34/><T61/><D61/><U1/><E1/><V84/><F105/><W85/><G14/><T28/><D74/><U71/><E71/><V64/><F114/><W65/><G65/><T73/><D73/><U117/><E100/><V16/><F112/><W5/><G5/><N who="0" m="1063" /><D127/><U30/><E117/><V113/><F113/><W95/><G95/><T11/><D21/><U20/><E20/><N who="2" m="11295" /><F19/><AGARI ba="2,0" hai="19,22,25,51,52,59,78,79,82,83,85,87,96,99" machi="19" ten="30,7700,0" yaku="7,1,9,1,8,1,54,1" doraHai="104" who="3" fromWho="2" sc="403,0,240,0,240,-83,117,83" /><INIT seed="1,0,0,1,4,52" ten="403,240,157,200" oya="1" hai0="73,78,3,112,39,113,5,134,122,41,124,16,23" hai1="77,6,10,8,129,40,38,29,102,60,30,108,9" hai2="121,95,88,22,97,76,20,33,120,7,55,83,109" hai3="98,81,46,107,75,74,44,21,62,126,123,71,59"/><U64/><E129/><V34/><F109/><W133/><G123/><T131/><D134/><U91/><E108/><V100/><F121/><W118/><G71/><T85/><D122/><U89/><E6/><V12/><F120/><W63/><G133/><T82/><D124/><U13/><E13/><V66/><F66/><W92/><G126/><T127/><D85/><U135/><E135/><V87/><F34/><W48/><G107/><T57/><D57/><N who="1" m="36879" /><E38/><V31/><F33/><W101/><G118/><T105/><D105/><U35/><E35/><V96/><F31/><N who="1" m="11785" /><E40/><V50/><F7/><W19/><G63/><T115/><D127/><U2/><E2/><V45/><REACH who="2" step="1"/><F12/><REACH who="2" ten="403,240,147,200" step="2"/><W72/><G81/><N who="0" m="45263" /><D5/><U68/><E68/><V106/><AGARI ba="0,1" hai="20,22,45,50,55,76,83,87,88,95,96,97,100,106" machi="106" ten="20,5200,0" yaku="1,1,0,1,7,1,54,1,53,0" doraHai="52" doraHaiUra="111" who="2" fromWho="2" sc="403,-13,240,-26,147,62,200,-13" /><INIT seed="2,0,0,2,2,38" ten="390,214,209,187" oya="2" hai0="17,8,50,99,14,117,26,9,27,108,0,66,122" hai1="45,4,65,109,60,86,1,59,7,132,92,41,44" hai2="93,11,79,62,3,126,2,6,57,102,118,131,110" hai3="43,52,25,95,133,40,30,88,55,39,119,130,100"/><V76/><F118/><W91/><G119/><T33/><D108/><U128/><E109/><V21/><F110/><W113/><G130/><T70/><D122/><U58/><E128/><V63/><F131/><W37/><G37/><T125/><D33/><U49/><E132/><V114/><F114/><W72/><G72/><T77/><D77/><U54/><E1/><V18/><F2/><W32/><G133/><T10/><D99/><U74/><E45/><V67/><F126/><W87/><G113/><T34/><D50/><N who="1" m="26895" /><E74/><V84/><F63/><W129/><G129/><T107/><D107/><U90/><AGARI ba="0,0" hai="4,7,49,54,58,59,60,65,86,90,92" m="26895" machi="90" ten="30,2000,0" yaku="8,1,52,1" doraHai="38" who="1" fromWho="1" sc="390,-5,214,20,209,-10,187,-5" /><INIT seed="3,0,0,3,3,11" ten="385,234,199,182" oya="3" hai0="15,9,47,124,31,95,81,58,7,1,123,99,29" hai1="50,133,28,82,105,117,17,87,108,89,43,6,122" hai2="126,127,96,10,104,70,134,109,78,91,88,100,113" hai3="35,116,12,114,16,83,106,73,110,37,75,27,84"/><W97/><G114/><T119/><D124/><N who="2" m="47658" /><F70/><W112/><G112/><T92/><D123/><U45/><E122/><V94/><F113/><W101/><G116/><T61/><D1/><U63/><E108/><V26/><F109/><W93/><G37/><T46/><D95/><U121/><E133/><V41/><F134/><W64/><G110/><T34/><D81/><U39/><E121/><V76/><F41/><W85/><G64/><T72/><D72/><U86/><E105/><V32/><F10/><N who="3" m="6167" /><G35/><T4/><D4/><U80/><E6/><V59/><F59/><W25/><G73/><T40/><D34/><U53/><E28/><N who="0" m="10825" /><D40/><U69/><E117/><V2/><F2/><W42/><G42/><T120/><D120/><U48/><E17/><V24/><F32/><W0/><G0/><T52/><D119/><U5/><E5/><V132/><F132/><W125/><G125/><T60/><D60/><U129/><E69/><V118/><F118/><W57/><G75/><T22/><D22/><U90/><E63/><V79/><F91/><AGARI ba="0,0" hai="7,9,15,46,47,52,58,61,91,92,99" m="10825" machi="91" ten="30,3900,0" yaku="8,1,52,1,54,1" doraHai="11" who="0" fromWho="2" sc="385,39,234,0,199,-39,182,0" owari="424,52.4,234,3.4,160,-34.0,182,-21.8" /></mjloggm>