<mjloggm ver="2.3"><GO type="225" lobby="0"/><UN n0="%61%69%73%79%6F" n1="%E3%82%BF%E3%83%BC%E3%83%90%E3%83%B3%E9%87%8E%E5%8F%A3" n2="%E5%8F%AF%E5%85%90%E9%82%A3%E7%94%B1%E5%A4%9A" n3="%E3%81%A8%E3%82%93%E3%81%A8%E3%81%93%E3%81%A8%E3%82%93" dan="17,16,17,16" rate="2235.50,2092.35,2231.39,2112.45" sx="M,M,F,M"/><TAIKYOKU oya="0"/><INIT seed="0,0,0,0,0,61" ten="250,250,250,250" oya="0" hai0="40,66,83,9,132,21,5,26,34,104,54,37,135" hai1="70,8,99,64,85,123,14,125,98,114,32,76,19" hai2="28,49,67,36,82,29,90,7,56,30,72,87,41" hai3="86,60,55,134,10,33,43,53,93,25,68,20,69"/><T130/><D104/><U44/><E123/><V46/><F72/><W106/><G33/><T24/><D130/><U103/><E32/><V13/><F36/><W91/><G106/><T100/><D100/><U47/><E125/><V97/><F97/><W121/><G134/><N who="0" m="51243" /><D34/><U89/><E76/><V120/><F120/><W94/><G121/><T63/><D54/><U118/><E118/><V0/><F0/><W23/><G43/><T65/><D63/><U73/><E73/><V92/><F92/><W102/><G10/><T52/><D52/><U62/><E114/><V96/><F96/><W129/><G129/><T105/><D105/><U1/><E1/><V51/><F51/><W101/><G60/><T113/><D113/><U48/><E103/><V119/><F119/><W17/><G91/><T122/><D83/><N who="1" m="49343" /><E44/><V31/><N who="2" m="7168" /><DORA hai="15" /><V12/><F7/><W95/><G25/><N who="0" m="9835" /><D21/><U74/><E74/><V3/><F3/><W58/><G23/><T27/><N who="0" m="9843" /><T35/><DORA hai="38" /><D35/><U59/><E70/><V127/><F127/><W124/><G124/><T108/><D108/><U131/><E131/><V42/><F42/><AGARI ba="0,0" hai="8,14,19,42,47,48,59,62,64,98,99" m="49343" machi="42" ten="30,7700,0" yaku="8,1,52,3" doraHai="61,15,38" who="1" fromWho="2" sc="250,0,250,77,250,-77,250,0" /><INIT seed="1,0,0,0,0,3" ten="250,327,173,250" oya="1" hai0="27,78,62,69,46,13,84,29,120,96,10,41,119" hai1="82,128,23,68,110,116,91,4,131,87,40,86,80" hai2="26,21,7,118,133,103,31,24,104,73,132,42,19" hai3="5,45,134,11,93,52,67,121,38,20,18,124,99"/><U75/><E116/><V105/><F73/><W6/><G121/><T57/><D119/><U59/><E68/><V49/><F118/><W111/><G111/><T47/><D120/><U1/><E40/><V107/><F103/><N who="3" m="60911" /><G38/><T58/><D69/><U135/><E75/><V108/><F108/><W94/><G134/><N who="2" m="51817" /><F49/><N who="3" m="28719" /><G124/><T100/><D57/><U85/><E110/><V122/><F42/><W102/><G67/><T123/><D123/><U101/><E135/><V36/><F36/><W51/><G11/><T71/><D71/><U74/><E74/><V117/><F117/><W53/><G94/><T77/><D46/><U12/><E1/><V15/><F122/><W56/><G102/><T115/><D115/><U95/><E101/><V126/><F126/><W83/><G83/><T112/><D112/><U92/><E80/><V61/><F61/><W16/><G18/><T9/><D47/><U50/><E82/><V113/><F113/><W129/><G129/><T30/><D41/><U63/><E128/><V43/><F43/><W98/><G98/><T130/><D84/><U90/><E85/><V39/><F39/><W48/><G51/><T70/><D70/><U0/><E131/><V25/><F31/><W37/><G37/><T33/><D30/><U114/><E50/><V64/><F64/><W109/><G109/><T72/><D72/><U79/><E114/><V81/><F81/><W76/><G76/><N who="0" m="29291" /><D130/><U54/><E79/><V88/><F88/><W89/><G89/><T66/><D100/><U22/><E0/><V65/><F65/><W2/><G2/><T32/><D96/><RYUUKYOKU ba="0,0" sc="250,-30,327,10,173,10,250,10" hai1="4,12,22,23,54,59,63,86,87,90,91,92,95" hai2="7,15,19,21,24,25,26,104,105,107" hai3="5,6,16,20,48,53,56" /><INIT seed="1,1,0,2,5,29" ten="220,337,183,260" oya="1" hai0="90,124,15,57,41,76,67,18,115,95,11,49,3" hai1="24,21,125,58,102,91,35,13,50,134,106,1,40" hai2="53,118,88,73,70,62,85,87,28,23,26,110,4" hai3="116,48,80,6,64,65,38,37,101,121,12,114,81"/><U83/><E1/><V46/><F118/><W89/><G121/><T59/><D115/><U17/><E134/><V112/><F73/><W0/><G0/><T55/><D124/><U109/><E125/><V113/><F110/><W5/><G114/><N who="2" m="44137" /><F4/><W94/><G116/><T7/><D76/><U2/><E2/><V92/><F46/><W135/><G135/><T78/><D78/><U39/><E39/><V42/><F42/><W43/><G101/><T86/><D41/><U77/><E106/><V60/><F53/><W8/><G48/><T14/><D3/><U30/><E102/><V132/><F132/><W34/><G34/><T74/><D74/><U71/><E71/><V98/><F60/><W99/><G5/><T131/><D131/><U69/><E69/><V119/><F119/><W68/><G43/><T75/><D75/><U47/><E109/><V20/><F23/><W19/><G6/><T36/><D36/><U63/><E91/><V9/><F9/><W120/><G120/><T72/><D72/><U123/><E123/><V44/><F44/><W52/><G68/><T133/><D133/><U128/><E128/><V122/><F122/><W10/><G38/><T96/><D67/><AGARI ba="1,0" hai="20,26,28,62,67,70,85,87,88,92,98" m="44137" machi="67" ten="30,2000,0" yaku="11,1,54,1" doraHai="29" who="2" fromWho="0" sc="220,-23,337,0,183,23,260,0" /><INIT seed="2,0,0,2,4,9" ten="197,337,206,260" oya="2" hai0="22,41,116,70,0,54,6,73,4,89,105,74,42" hai1="3,20,24,5,120,56,107,46,130,95,103,128,47" hai2="55,26,132,36,101,71,33,52,35,87,129,58,63" hai3="1,64,40,34,78,133,106,113,108,134,110,127,19"/><V21/><F36/><W13/><G106/><T48/><D105/><U57/><E120/><V30/><F129/><N who="1" m="49769" /><E107/><V14/><F132/><N who="3" m="50795" /><G78/><T69/><D116/><U10/><E103/><V99/><F71/><W118/><G64/><T83/><D0/><U111/><E111/><N who="3" m="42538" /><G40/><N who="0" m="15467" /><D69/><U91/><E47/><V53/><F87/><W2/><G118/><T85/><D70/><U44/><E44/><V29/><F29/><W79/><G79/><T81/><D74/><U117/><E46/><V72/><F72/><W84/><G84/><N who="0" m="50319" /><D73/><U125/><E117/><V124/><F124/><W61/><G61/><T38/><D38/><U23/><E125/><V16/><F33/><W123/><G127/><T15/><D48/><U119/><E119/><V126/><F126/><W12/><G123/><T51/><D51/><U96/><E23/><V122/><F122/><W67/><G67/><T31/><D54/><U49/><E49/><V104/><AGARI ba="0,0" hai="14,16,21,26,30,35,52,53,55,58,63,99,101,104" machi="104" ten="20,12000,1" yaku="0,1,7,1,52,1,54,2" doraHai="9" who="2" fromWho="2" sc="197,-40,337,-40,206,120,260,-40" /><INIT seed="2,1,0,1,1,16" ten="157,297,326,220" oya="2" hai0="78,30,115,0,51,31,127,44,80,23,79,25,73" hai1="36,64,87,104,33,120,121,126,62,86,111,118,68" hai2="84,34,46,103,42,1,74,6,50,122,116,17,77" hai3="131,110,12,27,67,52,133,135,114,134,82,94,65"/><V8/><F116/><W123/><G123/><N who="1" m="47178" /><E118/><V85/><F122/><W108/><G131/><T63/><D127/><U32/><E126/><V130/><F130/><W15/><G114/><T97/><D115/><U119/><E119/><V20/><F34/><N who="1" m="13417" /><E111/><N who="3" m="42538" /><G82/><T99/><D78/><U124/><E124/><V29/><F29/><W21/><G94/><T91/><D0/><U81/><E36/><V106/><F74/><W56/><G12/><T18/><D63/><U28/><E28/><V47/><F77/><W45/><G15/><T49/><D49/><U70/><E104/><V72/><F72/><W112/><G45/><T9/><D31/><U69/><E87/><V101/><F47/><W2/><G2/><T105/><D105/><U58/><E70/><V83/><F106/><W57/><G112/><T19/><D30/><U71/><E69/><V76/><REACH who="2" step="1"/><F85/><REACH who="2" ten="157,297,316,220" step="2"/><W129/><G129/><T100/><D100/><U22/><E71/><V117/><F117/><W38/><G134/><T109/><D109/><U61/><E68/><V4/><F4/><W11/><G135/><T75/><D75/><U125/><E125/><V132/><F132/><W35/><G133/><T59/><D59/><U13/><E58/><V92/><F92/><W39/><G57/><T66/><D66/><U98/><E64/><V40/><F40/><W95/><G95/><T55/><D91/><N who="1" m="51663" /><E98/><V26/><AGARI ba="1,1" hai="1,6,8,17,20,26,42,46,50,76,83,84,101,103" machi="26" ten="20,12000,1" yaku="1,1,0,1,7,1,52,1,53,1" doraHai="16" doraHaiUra="14" who="2" fromWho="2" sc="157,-41,297,-41,316,133,220,-41" /><INIT seed="2,2,0,5,1,129" ten="116,256,449,179" oya="2" hai0="58,36,125,12,68,64,59,107,99,11,95,115,16" hai1="87,44,1,118,26,55,24,73,50,25,22,57,28" hai2="30,79,134,65,76,18,34,90,20,47,17,71,94" hai3="40,32,51,116,54,133,74,110,4,14,84,92,15"/><V78/><F134/><W39/><G74/><T10/><D115/><U126/><E118/><V75/><F75/><W131/><G116/><T49/><D36/><U62/><E73/><V109/><F109/><W3/><G32/><T103/><D125/><U5/><E126/><V86/><F34/><W85/><G131/><T19/><D68/><U2/><E87/><V121/><F121/><W13/><G110/><T83/><D64/><U70/><E70/><V130/><F130/><W112/><G112/><T69/><D69/><U135/><E135/><V42/><F71/><W60/><G133/><T127/><D127/><U77/><E77/><V7/><F7/><W93/><G39/><T41/><D107/><U113/><E113/><V37/><F65/><W67/><G40/><T56/><D83/><U91/><E91/><V100/><F100/><W0/><G4/><T114/><D114/><U105/><E105/><V45/><F45/><N who="3" m="28015" /><G0/><T31/><D31/><U111/><E111/><V82/><F82/><W9/><G3/><T8/><REACH who="0" step="1"/><D12/><REACH who="0" ten="106,256,449,179" step="2"/><U29/><E1/><V43/><F30/><W21/><G9/><T33/><D33/><U119/><E119/><V98/><F37/><W89/><G21/><T72/><D72/><U88/><E29/><V128/><F20/><W38/><G38/><T101/><D101/><U106/><E2/><V108/><F128/><W61/><G67/><T35/><D35/><U104/><E28/><V123/><F108/><W96/><G93/><T46/><AGARI ba="2,1" hai="8,10,11,16,19,41,46,49,56,58,59,95,99,103" machi="46" ten="40,8000,1" yaku="1,1,0,1,8,1,54,1,53,1" doraHai="129" doraHaiUra="97" who="0" fromWho="0" sc="106,96,256,-22,449,-42,179,-22" /><INIT seed="3,0,0,3,1,48" ten="202,234,407,157" oya="3" hai0="53,108,105,51,3,10,85,5,33,36,34,60,126" hai1="87,117,44,63,65,56,124,40,31,100,92,38,129" hai2="110,82,32,127,88,97,99,17,91,6,30,86,73" hai3="35,122,94,120,21,72,84,79,13,46,93,11,28"/><W20/><G72/><T7/><D36/><U80/><E129/><V43/><F6/><W95/><G35/><T133/><D105/><U1/><E124/><V27/><F127/><W2/><G2/><T81/><D126/><U102/><E1/><V119/><F119/><W134/><G134/><T61/><D7/><U125/><E125/><V8/><F110/><W109/><G109/><T121/><D121/><U14/><E117/><V76/><F43/><W78/><G46/><T52/><D108/><U49/><E31/><V130/><F130/><W101/><G101/><T9/><D9/><U131/><E131/><V16/><F91/><W75/><G75/><T114/><D114/><U77/><E38/><V0/><F0/><W135/><G135/><T45/><D133/><U113/><E113/><V69/><F69/><W103/><G103/><T70/><D60/><U74/><E74/><V98/><REACH who="2" step="1"/><F8/><REACH who="2" ten="202,234,397,157" step="2"/><W67/><G120/><T132/><D132/><U115/><E115/><V59/><F59/><W24/><G122/><T90/><D70/><U128/><E128/><V68/><F68/><W64/><G20/><T25/><D34/><U71/><E71/><V23/><F23/><W57/><G57/><N who="0" m="34983" /><D3/><U26/><E102/><V18/><F18/><N who="3" m="8511" /><G78/><T39/><D39/><U62/><E100/><V4/><F4/><W112/><G112/><T12/><D33/><U41/><E56/><V96/><N who="2" m="24576" /><DORA hai="118" /><V22/><F22/><W47/><G47/><T123/><D123/><U116/><E116/><V66/><F66/><N who="3" m="25131" /><G79/><T104/><D104/><U111/><E77/><V55/><F55/><RYUUKYOKU ba="0,1" sc="202,10,234,-30,397,10,157,10" hai0="5,10,12,25,45,51,53,81,85,90" hai2="16,17,27,30,32,73,76,82,86,88" hai3="21,24,28,84,93,94,95" /><INIT seed="3,1,1,5,1,121" ten="212,204,407,167" oya="3" hai0="85,64,133,67,43,103,122,120,129,1,20,14,38" hai1="5,97,4,93,115,30,94,90,6,89,16,117,123" hai2="130,68,24,28,88,73,48,75,35,11,54,131,59" hai3="71,9,15,104,55,82,124,3,127,74,21,126,46"/><W83/><G104/><T13/><D1/><U91/><E115/><V62/><F11/><W135/><G71/><T61/><D129/><N who="2" m="49162" /><F88/><N who="1" m="33897" /><E123/><V33/><F33/><W86/><G74/><T29/><D67/><AGARI ba="1,1" hai="24,28,35,48,54,59,62,67,68,73,75" m="49162" machi="67" ten="30,1000,0" yaku="19,1" doraHai="121" who="2" fromWho="0" sc="212,-13,204,0,407,23,167,0" owari="199,-20.1,204,0.4,430,53.0,167,-33.3" /></mjloggm>