<mjloggm ver="2.3"><GO type="225" lobby="0"/><UN n0="%E3%81%AF%E3%82%88%E3%81%8A%E3%81%98%E3%81%95%E3%82%93" n1="%E5%80%89%E6%A9%8B%EF%BC%A0%E4%BA%8B%E5%8B%99" n2="%E3%81%9F%E3%81%A3%E3%81%A1%E3%82%87" n3="%E9%80%9F%E6%B0%B4%E5%87%9B%E9%A6%99" dan="16,16,16,16" rate="2129.39,2103.57,2057.22,2144.19" sx="M,M,M,F"/><TAIKYOKU oya="0"/><INIT seed="0,0,0,5,3,11" ten="250,250,250,250" oya="0" hai0="74,27,48,84,17,42,43,102,116,85,3,79,97" hai1="28,115,114,129,69,109,122,107,33,126,35,40,98" hai2="94,26,38,66,111,24,93,7,6,68,64,55,106" hai3="133,105,104,121,47,134,71,9,44,52,95,10,72"/><T19/><D116/><U1/><RYUUKYOKU type="yao9" ba="0,0" sc="250,0,250,0,250,0,250,0" hai1="1,28,33,35,40,69,98,107,109,114,115,122,126,129" /><INIT seed="0,1,0,1,2,135" ten="250,250,250,250" oya="0" hai0="77,96,23,132,101,86,102,39,89,92,50,21,117" hai1="35,28,22,99,4,116,44,10,40,71,70,49,81" hai2="72,83,85,31,74,107,54,125,9,46,103,104,73" hai3="13,87,84,41,16,32,60,91,105,134,82,51,95"/><T130/><D117/><U38/><E116/><V66/><F31/><W37/><G105/><N who="2" m="40521" /><F66/><W30/><G134/><T63/><D39/><U47/><E35/><V42/><F9/><W127/><G127/><T55/><D130/><U1/><E99/><V61/><F54/><W93/><G37/><T17/><D132/><U118/><E118/><V14/><F14/><W11/><G60/><T90/><D77/><U108/><E108/><V109/><F61/><W18/><G32/><T62/><D101/><U26/><REACH who="1" step="1"/><E81/><REACH who="1" ten="250,240,250,250" step="2"/><V94/><F83/><N who="3" m="49567" /><G30/><T8/><D102/><U79/><E79/><V34/><F103/><W112/><G112/><T110/><D110/><U98/><E98/><V75/><F34/><W5/><G95/><T2/><D96/><U113/><E113/><V124/><N who="2" m="18432" /><DORA hai="6" /><V25/><F94/><W119/><G93/><T29/><D90/><U69/><E69/><V7/><F109/><W0/><G119/><T133/><D133/><U120/><E120/><V43/><F124/><W56/><G82/><T88/><D89/><U58/><E58/><V111/><F125/><W128/><G56/><T100/><D100/><U20/><E20/><V123/><F111/><W131/><G131/><T80/><D92/><U115/><E115/><V126/><F126/><W24/><G128/><T57/><D21/><U19/><E19/><V48/><F123/><W122/><G122/><T76/><D76/><U64/><E64/><V45/><F46/><N who="3" m="26063" /><G18/><T27/><D17/><U78/><E78/><V114/><F45/><W3/><G87/><T33/><D33/><U59/><E59/><RYUUKYOKU ba="1,1" sc="250,10,240,10,250,-30,250,10" hai0="2,8,23,27,29,50,55,57,62,63,80,86,88" hai1="1,4,10,22,26,28,38,40,44,47,49,70,71" hai3="0,3,5,11,13,16,24" /><INIT seed="0,2,1,3,0,86" ten="260,250,220,260" oya="0" hai0="20,84,105,69,97,74,126,91,115,92,129,48,108" hai1="122,28,37,85,104,18,39,132,42,45,79,68,15" hai2="87,118,112,72,127,77,30,58,4,65,60,66,59" hai3="26,27,8,89,124,113,12,36,3,88,32,53,102"/><T38/><D38/><U100/><E122/><V64/><F112/><W50/><G3/><T109/><D115/><U0/><E0/><V135/><F72/><W93/><G36/><T90/><D74/><U82/><E132/><V103/><F135/><W119/><G124/><T31/><D69/><U51/><E68/><V70/><F103/><W73/><G73/><T7/><D126/><U106/><E28/><V123/><F127/><W44/><G32/><T54/><D129/><U75/><E100/><V71/><F123/><W57/><G119/><T10/><D105/><U21/><REACH who="1" step="1"/><E75/><REACH who="1" ten="260,240,220,260" step="2"/><V61/><F30/><W34/><G113/><T63/><D31/><U40/><E40/><V23/><F70/><W110/><G34/><T9/><D109/><U29/><E29/><V116/><F71/><W134/><G110/><T35/><D35/><U78/><E78/><V128/><F128/><W16/><G134/><T41/><D108/><U96/><E96/><V13/><F116/><W19/><G102/><T131/><D131/><U33/><E33/><V22/><F118/><W25/><G89/><T56/><D97/><U11/><E11/><N who="2" m="4327" /><F77/><W24/><G57/><N who="2" m="21513" /><F87/><N who="3" m="52383" /><G27/><T5/><D91/><U107/><AGARI ba="2,2" hai="15,18,21,37,39,42,45,51,79,82,85,104,106,107" machi="107" ten="30,4000,0" yaku="1,1,0,1,53,1" doraHai="86" doraHaiUra="80" who="1" fromWho="1" sc="260,-22,240,66,220,-12,260,-12" /><INIT seed="1,0,0,2,1,68" ten="238,306,208,248" oya="1" hai0="94,88,122,79,3,73,108,104,86,98,114,34,7" hai1="24,118,48,44,35,133,97,55,82,127,45,113,92" hai2="20,19,66,109,40,100,64,77,106,78,110,42,69" hai3="11,129,46,123,12,99,29,49,37,132,27,5,96"/><U17/><E113/><V71/><F100/><W6/><G6/><T74/><D34/><U61/><E118/><V50/><F106/><W23/><G132/><T13/><D3/><U117/><E117/><V15/><F20/><W43/><G123/><T1/><D1/><U93/><E133/><V33/><F19/><W39/><REACH who="3" step="1"/><G129/><REACH who="3" ten="238,306,208,238" step="2"/><T90/><D7/><U63/><E127/><V135/><F135/><W112/><G112/><T115/><D122/><U120/><E120/><V14/><REACH who="2" step="1"/><F33/><REACH who="2" ten="238,306,198,238" step="2"/><W53/><G53/><T21/><D115/><U103/><E35/><V91/><F91/><W76/><G76/><T83/><D114/><U89/><E89/><V10/><F10/><W54/><G54/><T0/><D90/><U130/><E55/><V105/><F105/><W56/><G56/><T85/><D104/><U25/><E130/><V36/><F36/><AGARI ba="0,2" hai="5,11,12,23,27,29,36,37,39,43,46,49,96,99" machi="36" ten="40,8000,1" yaku="1,1,52,3,53,1" doraHai="68" doraHaiUra="22" who="3" fromWho="2" sc="238,0,306,0,198,-80,238,100" /><INIT seed="2,0,0,4,1,65" ten="238,306,118,338" oya="2" hai0="76,80,11,101,19,52,4,85,14,110,124,78,1" hai1="6,55,45,71,104,13,27,34,116,121,48,33,113" hai2="103,5,93,10,29,9,49,37,28,21,123,50,105" hai3="79,39,114,134,102,99,2,25,0,126,8,58,44"/><V108/><F105/><W32/><G134/><T74/><D110/><U63/><E113/><V68/><F37/><W89/><G79/><T57/><D124/><U69/><E116/><V97/><F108/><W26/><G126/><T64/><D101/><U111/><E104/><V47/><F68/><W43/><G89/><T67/><D76/><U92/><E111/><V15/><F123/><W130/><G130/><T117/><D74/><U51/><E121/><V62/><F62/><W86/><G86/><T87/><D85/><U59/><E48/><V46/><F21/><W20/><G26/><T112/><D112/><U91/><E27/><V106/><F106/><W70/><G70/><T100/><D100/><U75/><E75/><V131/><F131/><W127/><G127/><T122/><D117/><U60/><E60/><V38/><F38/><W77/><G77/><T115/><D115/><U73/><E73/><V22/><F22/><W7/><G114/><T128/><D128/><U12/><E33/><V82/><F9/><W54/><G32/><T95/><D95/><U23/><E13/><V16/><F5/><W94/><G0/><T109/><D122/><U98/><E34/><V132/><F82/><W35/><G35/><T120/><D120/><U41/><REACH who="1" step="1"/><E23/><REACH who="1" ten="238,296,118,338" step="2"/><V107/><F107/><W56/><G20/><N who="0" m="11383" /><D109/><U119/><E119/><V30/><REACH who="2" step="1"/><F132/><REACH who="2" ten="238,296,108,338" step="2"/><W135/><G135/><T24/><D24/><U36/><E36/><V84/><F84/><W40/><G39/><T61/><D61/><U83/><E83/><V17/><F17/><W129/><G129/><T66/><D66/><RYUUKYOKU ba="0,2" sc="238,10,296,10,108,10,338,-30" hai0="1,4,11,52,57,64,67,78,80,87" hai1="6,12,41,45,51,55,59,63,69,71,91,92,98" hai2="10,15,16,28,29,30,46,47,49,50,93,97,103" /><INIT seed="2,1,2,3,1,101" ten="248,306,118,308" oya="2" hai0="3,92,133,86,72,120,125,51,81,78,34,89,124" hai1="5,62,60,115,18,27,100,134,114,53,58,8,77" hai2="70,73,54,103,123,43,113,75,90,111,25,66,93" hai3="20,106,32,132,99,94,35,21,11,74,59,109,80"/><V55/><F123/><W82/><G106/><T48/><D120/><U98/><E77/><V84/><F113/><W76/><G80/><T102/><D3/><U104/><E134/><V97/><F43/><W65/><G132/><T24/><D133/><U117/><E117/><V6/><F6/><W31/><G11/><T119/><D119/><U110/><E110/><V79/><F111/><W26/><G20/><T45/><D102/><U0/><REACH who="1" step="1"/><E60/><REACH who="1" ten="248,296,118,308" step="2"/><N who="2" m="40263" /><F25/><W129/><G109/><T42/><D24/><U36/><E36/><V107/><F73/><W56/><G76/><T10/><D72/><U127/><E127/><V121/><F121/><W95/><G26/><T23/><D125/><U12/><E12/><V1/><F1/><W108/><G74/><T69/><D124/><U130/><E130/><V41/><F41/><W88/><G129/><T46/><D42/><U49/><E49/><V22/><F22/><AGARI ba="1,3" hai="0,5,8,18,22,27,53,58,62,98,100,104,114,115" machi="22" ten="40,2600,0" yaku="1,1,52,1,53,0" doraHai="101" doraHaiUra="47" who="1" fromWho="2" sc="248,0,296,59,118,-29,308,0" /><INIT seed="3,0,0,1,1,111" ten="248,355,89,308" oya="3" hai0="109,97,98,74,94,31,70,113,86,57,48,13,78" hai1="56,28,17,18,33,4,64,135,65,85,9,133,29" hai2="38,118,5,14,125,126,132,2,20,44,66,79,16" hai3="89,81,112,54,27,75,115,120,134,90,103,100,0"/><W119/><G0/><T122/><D122/><U30/><E33/><V42/><F79/><N who="3" m="44287" /><G27/><T104/><D70/><U41/><E85/><V19/><F66/><N who="1" m="25705" /><E56/><V96/><F44/><W35/><G54/><T25/><D74/><U62/><E62/><V51/><F42/><W95/><G35/><T26/><D104/><U60/><E60/><V37/><F51/><W88/><G120/><T55/><D109/><U32/><E41/><V46/><F46/><W123/><G123/><T84/><D13/><N who="1" m="5287" /><E32/><V53/><F53/><W7/><G7/><T45/><D57/><U76/><E76/><V10/><F96/><W124/><G119/><T71/><D71/><U93/><E93/><V23/><F118/><W82/><G134/><AGARI ba="0,0" hai="17,18,28,29,30,133,134,135" m="5287,25705" machi="134" ten="30,1000,0" yaku="20,1" doraHai="111" who="1" fromWho="3" sc="248,0,355,10,89,0,308,-10" owari="248,-15.2,365,46.5,89,-41.1,298,9.8" /></mjloggm>