<mjloggm ver="2.3"><GO type="225" lobby="0"/><UN n0="%4D%50%43%32%38%30%30" n1="%E6%80%AA%E3%81%97%E3%81%99%E3%81%8E%E3%82%8B%E3%83%81%E3%83%BC" n2="%4C%4F%4C%49%54%41" n3="%6D%75%75%6D%75%72%61" dan="16,16,16,16" rate="2125.31,2077.54,2185.66,2159.87" sx="M,M,F,F"/><TAIKYOKU oya="0"/><INIT seed="0,0,0,4,5,91" ten="250,250,250,250" oya="0" hai0="5,62,88,12,11,7,68,2,25,48,18,16,125" hai1="74,80,102,124,20,109,10,42,113,66,35,70,61" hai2="4,43,52,38,40,134,3,75,22,97,58,93,130" hai3="92,96,44,86,72,47,34,127,112,51,117,54,114"/><T115/><D115/><U77/><E113/><V83/><F130/><W87/><G117/><T103/><D103/><U67/><E35/><V100/><F134/><W59/><G72/><T50/><D125/><U56/><E124/><V90/><F38/><W131/><G127/><T133/><D133/><U132/><E132/><V104/><F22/><W9/><G131/><T57/><D68/><U126/><E109/><V106/><F4/><N who="0" m="1610" /><D2/><U8/><E126/><V79/><F3/><W27/><G9/><T1/><D1/><U89/><E102/><V60/><F106/><W39/><G112/><T118/><D118/><U71/><E42/><V24/><F24/><W53/><G114/><T94/><D18/><U13/><E89/><V19/><F19/><W69/><G69/><T6/><N who="0" m="1618" /><T110/><DORA hai="49" /><D25/><U65/><E71/><V14/><F14/><W63/><G39/><T15/><D15/><U82/><E70/><V128/><F128/><W32/><G32/><T98/><D110/><U108/><E108/><V81/><F81/><W26/><G26/><T21/><D11/><U41/><E41/><V37/><F37/><W0/><G0/><T121/><D121/><U30/><E10/><V17/><F17/><W36/><G36/><T129/><D129/><U28/><E8/><V122/><F122/><W101/><REACH who="3" step="1"/><G44/><REACH who="3" ten="250,250,250,240" step="2"/><T31/><D31/><AGARI ba="0,1" hai="27,31,34,47,51,53,54,59,63,86,87,92,96,101" machi="31" ten="40,12000,2" yaku="1,1,2,1,52,3,53,1" doraHai="91,49" doraHaiUra="33,95" who="3" fromWho="0" sc="250,-120,250,0,250,0,240,130" /><INIT seed="1,0,0,3,1,118" ten="130,250,250,370" oya="1" hai0="2,51,30,31,47,16,113,119,116,101,108,33,41" hai1="18,110,87,121,6,126,115,50,117,122,132,19,44" hai2="36,123,56,26,58,42,94,46,88,103,24,84,89" hai3="5,71,70,112,127,23,4,17,29,93,83,34,120"/><U99/><E117/><V3/><F3/><W35/><G112/><T45/><D2/><U10/><E115/><V98/><F123/><W77/><G127/><T111/><D113/><U79/><E126/><V135/><F135/><W61/><G120/><N who="1" m="46186" /><E99/><V124/><F124/><W125/><G93/><T86/><D101/><U48/><E48/><V128/><F89/><W109/><G29/><T22/><D86/><U14/><E110/><V104/><F128/><W69/><G109/><N who="0" m="42059" /><D119/><U20/><E20/><V107/><F107/><W64/><G35/><T100/><D100/><U130/><E130/><V54/><REACH who="2" step="1"/><F56/><REACH who="2" ten="130,250,240,370" step="2"/><W68/><G68/><T12/><D116/><U62/><E132/><V65/><F65/><W92/><G71/><T13/><D33/><U37/><E37/><V60/><AGARI ba="0,1" hai="24,26,36,42,46,54,58,60,84,88,94,98,103,104" machi="60" ten="20,8000,1" yaku="1,1,0,1,7,1,54,1,53,1" doraHai="118" doraHaiUra="82" who="2" fromWho="2" sc="130,-20,250,-40,240,90,370,-20" /><INIT seed="2,0,0,5,3,101" ten="110,210,330,350" oya="2" hai0="8,21,87,11,50,135,13,113,22,26,57,37,18" hai1="35,3,92,90,77,131,30,89,28,119,25,66,43" hai2="31,132,45,49,88,120,73,17,127,107,60,29,9" hai3="14,62,19,97,54,24,103,42,56,46,112,36,86"/><V123/><F73/><W83/><G112/><T99/><D37/><U104/><E119/><V98/><F132/><W72/><G24/><T105/><D135/><U53/><E131/><V70/><F127/><W122/><G72/><T130/><D130/><U75/><E3/><V124/><F124/><W115/><G115/><T74/><D74/><U134/><E134/><V4/><F17/><W110/><G110/><T85/><D113/><U94/><E43/><V96/><F96/><W79/><G122/><T84/><D99/><U15/><E66/><V93/><F107/><W44/><G42/><T133/><D133/><U34/><E53/><V40/><F60/><W126/><G36/><T58/><D105/><U121/><E15/><V82/><F82/><W65/><G65/><T109/><D109/><U76/><E75/><V12/><REACH who="2" step="1"/><F70/><REACH who="2" ten="110,210,320,350" step="2"/><W102/><G126/><T27/><D50/><U6/><E104/><V32/><F32/><W48/><G62/><T69/><D69/><U2/><E121/><AGARI ba="0,1" hai="4,9,12,29,31,40,45,49,88,93,98,120,121,123" machi="121" ten="40,3900,0" yaku="1,1,54,1,53,0" doraHai="101" doraHaiUra="78" who="2" fromWho="1" sc="110,0,210,-39,320,49,350,0" /><INIT seed="2,1,0,0,1,10" ten="110,171,369,350" oya="2" hai0="73,135,22,125,17,25,14,3,26,80,116,105,28" hai1="38,42,20,101,18,39,62,65,121,4,52,113,106" hai2="2,124,27,92,78,53,104,47,95,127,115,119,96" hai3="66,81,88,36,76,84,32,63,21,117,34,109,108"/><V11/><F115/><W37/><G117/><T128/><D105/><U131/><E113/><V6/><F119/><W7/><G7/><T114/><D116/><U54/><E131/><V45/><F78/><W15/><G76/><T75/><D114/><U24/><E121/><V126/><F27/><W120/><G120/><T0/><D75/><U51/><E4/><V31/><F31/><W5/><G37/><T29/><D73/><U118/><E118/><V44/><REACH who="2" step="1"/><F53/><REACH who="2" ten="110,171,359,350" step="2"/><W56/><G34/><N who="0" m="20751" /><D128/><U111/><E54/><V102/><AGARI ba="1,1" hai="2,6,11,44,45,47,92,95,96,102,104,124,126,127" machi="102" ten="40,7800,0" yaku="1,1,0,1,18,1,53,0" doraHai="10" doraHaiUra="130" who="2" fromWho="2" sc="110,-27,171,-27,359,91,350,-27" /><INIT seed="2,2,0,5,1,44" ten="83,144,450,323" oya="2" hai0="113,106,35,70,123,80,112,108,18,126,60,17,56" hai1="42,40,46,104,88,12,10,66,30,26,78,95,7" hai2="0,122,94,127,48,22,93,28,105,43,59,118,121" hai3="21,39,68,49,20,65,27,51,82,107,132,34,73"/><V71/><F71/><W74/><G39/><T57/><D123/><U14/><E104/><V131/><F118/><W103/><G132/><T91/><D35/><U3/><E78/><V2/><F105/><W61/><G20/><T62/><D70/><U6/><E66/><V90/><F131/><W67/><G67/><T85/><D106/><U38/><E42/><V114/><F114/><W69/><G69/><T99/><D108/><U86/><REACH who="1" step="1"/><E7/><REACH who="1" ten="83,134,450,323" step="2"/><V134/><F43/><W23/><G107/><T102/><D126/><U97/><E97/><V16/><F127/><W84/><G65/><T1/><D112/><U129/><E129/><V13/><F122/><W72/><G68/><T29/><D113/><U124/><E124/><V64/><F121/><W31/><G72/><T81/><D99/><U53/><E53/><V45/><F64/><W100/><G73/><T41/><D41/><U133/><E133/><V79/><F79/><W119/><G74/><T8/><D102/><U110/><E110/><V87/><F134/><W25/><G103/><T36/><D36/><U89/><E89/><V115/><F115/><W52/><G100/><T96/><D96/><U11/><E11/><V54/><F90/><W83/><G52/><T55/><D91/><U135/><E135/><V116/><F54/><W19/><G119/><T47/><D55/><U24/><E24/><V15/><F116/><W76/><G76/><T120/><D120/><U77/><E77/><V98/><F98/><W130/><G130/><T37/><D37/><U32/><AGARI ba="2,1" hai="3,6,10,12,14,26,30,32,38,40,46,86,88,95" machi="32" ten="20,8000,1" yaku="1,1,0,1,7,1,54,1,53,1" doraHai="44" doraHaiUra="4" who="1" fromWho="1" sc="83,-22,134,96,450,-42,323,-22" /><INIT seed="3,0,0,0,4,82" ten="61,230,408,301" oya="3" hai0="17,20,63,42,88,65,46,30,110,32,60,81,109" hai1="127,129,29,47,76,36,91,123,3,33,8,54,25" hai2="21,39,4,114,55,57,98,83,68,31,78,74,61" hai3="97,125,67,124,27,58,106,35,120,80,135,13,131"/><W92/><G120/><T95/><D81/><U12/><E123/><V134/><F114/><W111/><G106/><T49/><D32/><U87/><E129/><V15/><F39/><W118/><G118/><T126/><D126/><U101/><E127/><V116/><F116/><W107/><G107/><T62/><D30/><U121/><E121/><V5/><F68/><W19/><G131/><T37/><D20/><U43/><E76/><V99/><F134/><W1/><G1/><T69/><D17/><U105/><E54/><V10/><F4/><W93/><G135/><T75/><D75/><U44/><E44/><V23/><F23/><W53/><G67/><T14/><D14/><U22/><E105/><V72/><F72/><W132/><G93/><T84/><D110/><U133/><E133/><V128/><F128/><W24/><G132/><T2/><D2/><U7/><E101/><V48/><F61/><W16/><G111/><T6/><D6/><U90/><REACH who="1" step="1"/><E87/><REACH who="1" ten="61,220,408,301" step="2"/><V77/><F78/><W71/><G53/><T34/><D109/><U79/><E79/><V51/><F77/><W130/><G130/><T59/><REACH who="0" step="1"/><D34/><REACH who="0" ten="51,220,408,301" step="2"/><U26/><E26/><V64/><F74/><W96/><G35/><T50/><D50/><U117/><E117/><V73/><F51/><W41/><G124/><T119/><D119/><U11/><E11/><V104/><F48/><W38/><G125/><T18/><D18/><AGARI ba="0,2" hai="3,7,8,12,18,22,25,29,33,36,43,47,90,91" machi="18" ten="40,5200,0" yaku="1,1,24,2,53,0" doraHai="82" doraHaiUra="56" who="1" fromWho="0" sc="51,-52,220,72,408,0,301,0" owari="-1,-50.1,292,-10.8,408,50.8,301,10.1" /></mjloggm>