<mjloggm ver="2.3"><GO type="225" lobby="0"/><UN n0="%6D%75%75%73%61%6E%6D%75" n1="%E6%98%93%E5%88%A9%E8%96%A9%E4%BC%AF" n2="%E4%B8%89%E5%88%86%E5%B0%8F%E5%83%A7" n3="%E3%81%AF%E3%82%88%E3%81%8A%E3%81%98%E3%81%95%E3%82%93" dan="17,16,16,17" rate="2161.27,2106.23,2099.57,2145.24" sx="F,F,M,M"/><TAIKYOKU oya="0"/><INIT seed="0,0,0,5,0,69" ten="250,250,250,250" oya="0" hai0="64,10,57,115,123,54,102,32,33,41,77,29,87" hai1="122,105,45,66,75,88,51,0,86,37,58,109,34" hai2="16,71,130,106,21,9,78,72,134,101,132,11,68" hai3="76,47,74,26,46,28,27,14,60,90,107,39,5"/><T112/><D123/><U79/><E122/><V125/><F125/><W59/><G107/><T116/><D116/><U24/><E109/><V42/><F130/><W100/><G100/><T4/><D102/><U108/><E0/><V49/><F71/><W23/><G74/><T135/><D64/><U113/><E105/><V124/><F68/><W36/><G76/><T104/><D104/><U17/><E113/><V18/><F124/><W38/><G90/><T95/><D135/><N who="2" m="51754" /><F42/><W70/><G70/><T43/><D43/><U127/><E108/><V2/><F49/><W126/><G126/><T96/><D77/><U40/><E127/><V62/><F62/><W111/><G111/><T129/><D129/><U63/><E75/><V8/><F2/><W128/><G128/><T19/><D41/><U67/><E79/><V93/><F106/><W110/><G110/><T119/><D119/><U55/><E63/><V98/><F21/><W61/><G61/><T85/><D112/><U81/><REACH who="1" step="1"/><E17/><REACH who="1" ten="250,240,250,250" step="2"/><V131/><F131/><W15/><G60/><T53/><D19/><U73/><E73/><V22/><F22/><W133/><G23/><T12/><D115/><U121/><E121/><V84/><F72/><W82/><G133/><T44/><D32/><U94/><E94/><V56/><F18/><W65/><G65/><T30/><D33/><U120/><E120/><V52/><F16/><W103/><G82/><T97/><D95/><U13/><E13/><V83/><F8/><N who="3" m="4367" /><G15/><T7/><D12/><U117/><E117/><V35/><F35/><N who="3" m="20887" /><G27/><T50/><D10/><U99/><E99/><RYUUKYOKU ba="0,1" sc="250,-15,240,15,250,15,250,-15" hai1="24,34,37,40,45,51,55,58,66,67,81,86,88" hai2="9,11,52,56,78,83,84,93,98,101" /><INIT seed="1,1,1,5,3,20" ten="235,255,265,235" oya="1" hai0="90,129,104,57,58,18,83,14,77,1,26,6,87" hai1="9,50,69,39,106,27,44,131,4,99,111,34,112" hai2="78,61,54,62,81,105,74,125,64,30,21,15,119" hai3="103,40,37,56,22,72,122,10,67,71,86,24,113"/><U42/><E112/><V110/><F105/><W68/><G122/><T5/><D104/><U101/><E131/><V11/><F119/><W19/><G72/><T28/><D1/><N who="1" m="143" /><E50/><V133/><F110/><W43/><G113/><T41/><D41/><U16/><E16/><V85/><F125/><W98/><G10/><T7/><D129/><U94/><E94/><V135/><F74/><W55/><G86/><T52/><D90/><U75/><E75/><V51/><F21/><W45/><G67/><T108/><D108/><U117/><E117/><V66/><F30/><W102/><G43/><T25/><D28/><N who="1" m="19743" /><E111/><V115/><F115/><W48/><REACH who="3" step="1"/><G103/><REACH who="3" ten="235,255,265,225" step="2"/><T59/><D52/><U121/><E121/><V29/><F64/><W12/><G12/><T123/><D123/><U8/><E8/><AGARI ba="1,2" hai="5,6,7,8,14,18,25,26,57,58,59,77,83,87" machi="8" ten="40,5200,0" yaku="8,1,52,2" doraHai="20" who="0" fromWho="1" sc="235,75,255,-55,265,0,225,0" /><INIT seed="2,0,0,0,0,75" ten="310,200,265,225" oya="2" hai0="11,120,57,119,36,132,109,13,99,58,122,73,52" hai1="113,92,26,110,1,86,15,55,31,7,87,131,4" hai2="53,49,79,63,29,59,133,95,45,64,27,116,67" hai3="108,134,84,126,88,39,44,8,128,93,94,35,41"/><V48/><F116/><W37/><G35/><T82/><D36/><U12/><E113/><V135/><F95/><W66/><G108/><T83/><D109/><U85/><E110/><V130/><F130/><W96/><G128/><T62/><D119/><U97/><E131/><V65/><F79/><W54/><G126/><T76/><D132/><N who="2" m="50762" /><F27/><W21/><G134/><T47/><D82/><U10/><E55/><N who="2" m="30095" /><F29/><W23/><G39/><T42/><D99/><U100/><REACH who="1" step="1"/><E7/><REACH who="1" ten="310,190,265,225" step="2"/><V106/><F106/><W28/><G54/><T46/><D120/><U32/><AGARI ba="0,1" hai="1,4,10,12,15,26,31,32,85,86,87,92,97,100" machi="32" ten="30,7900,0" yaku="1,1,2,1,0,1,53,1" doraHai="75" doraHaiUra="3" who="1" fromWho="1" sc="310,-20,190,89,265,-39,225,-20" /><INIT seed="3,0,0,0,2,103" ten="290,279,226,205" oya="3" hai0="83,74,70,2,73,95,109,17,100,82,30,45,90" hai1="25,32,116,130,105,75,9,89,55,24,0,114,124" hai2="79,38,110,31,97,20,16,69,117,57,4,44,35" hai3="127,58,125,120,49,81,107,62,63,92,106,1,12"/><W118/><G120/><T123/><D70/><U108/><RYUUKYOKU type="yao9" ba="0,0" sc="290,0,279,0,226,0,205,0" hai1="0,9,24,25,32,55,75,89,105,108,114,116,124,130" /><INIT seed="3,1,0,1,5,124" ten="290,279,226,205" oya="3" hai0="56,113,7,3,16,73,23,129,112,114,107,98,13" hai1="100,52,45,87,25,59,121,127,31,11,111,90,74" hai2="83,80,97,62,123,9,26,89,91,44,43,32,12" hai3="70,46,122,78,94,6,28,41,22,135,49,55,36"/><W128/><G122/><T51/><D129/><U108/><E74/><V37/><F123/><W60/><G135/><T33/><D73/><U92/><E127/><V99/><F62/><W4/><G128/><T118/><D33/><U95/><E45/><V115/><F115/><W81/><G94/><T40/><D118/><U8/><E121/><V47/><F32/><W131/><G131/><T120/><D120/><U58/><E58/><V61/><F61/><W79/><G79/><T50/><D40/><U21/><E108/><V0/><F26/><W125/><G125/><T72/><D72/><U67/><E67/><V132/><F0/><W53/><G53/><T86/><D86/><U104/><E104/><V14/><F9/><W110/><G110/><T88/><D56/><U119/><E119/><V117/><F117/><W69/><G22/><T27/><D3/><U133/><E133/><V134/><REACH who="2" step="1"/><F43/><REACH who="2" ten="290,279,216,205" step="2"/><W66/><G69/><T130/><D130/><U57/><E111/><V63/><F63/><W71/><G28/><N who="0" m="17535" /><D7/><U93/><E11/><V20/><F20/><W18/><G18/><T77/><D77/><U96/><E8/><V48/><F48/><W126/><G70/><T38/><D38/><AGARI ba="1,1" hai="12,14,37,38,44,47,80,83,89,91,97,99,132,134" machi="38" ten="25,3200,0" yaku="1,1,22,2,53,0" doraHai="124" doraHaiUra="116" who="2" fromWho="0" sc="290,-35,279,0,216,45,205,0" /><INIT seed="4,0,0,0,5,79" ten="255,279,261,205" oya="0" hai0="26,63,92,90,69,19,81,46,105,16,89,3,70" hai1="32,20,96,59,103,122,107,66,39,62,99,124,117" hai2="97,55,27,31,114,43,87,48,14,88,61,116,85" hai3="130,83,100,36,76,23,49,93,41,18,77,133,73"/><T44/><D105/><U110/><E117/><V101/><F114/><W113/><G113/><T106/><D106/><U56/><E110/><V17/><F116/><W38/><G130/><T40/><D3/><U37/><E122/><V102/><F43/><W57/><G133/><T68/><D63/><U29/><E99/><V94/><F61/><W128/><G128/><T84/><D26/><N who="1" m="18487" /><E20/><N who="2" m="15847" /><F87/><W8/><G8/><T74/><D44/><U109/><E124/><V21/><F97/><W11/><G11/><T22/><D22/><U42/><E42/><V95/><F95/><W9/><G9/><T35/><D35/><U50/><E50/><V2/><F2/><W125/><G125/><T119/><D119/><U52/><E52/><V111/><F111/><W71/><G71/><T135/><D135/><U28/><E28/><V34/><F34/><W30/><G30/><T118/><D118/><U25/><E25/><V33/><F33/><W112/><G112/><T108/><D108/><U78/><E78/><V82/><F94/><W5/><G77/><T1/><D1/><U47/><E39/><V72/><F72/><W134/><G5/><T65/><D65/><U58/><E109/><V120/><F120/><W13/><G134/><T64/><D64/><U6/><E6/><V127/><F127/><W53/><REACH who="3" step="1"/><G41/><REACH who="3" ten="255,279,261,195" step="2"/><T60/><D74/><U67/><E67/><V80/><F80/><W131/><G131/><T115/><D115/><U126/><E126/><V10/><F10/><W51/><G51/><N who="0" m="27079" /><D60/><U24/><E66/><V91/><F91/><N who="0" m="34826" /><D81/><U129/><E129/><V121/><F121/><RYUUKYOKU ba="0,1" sc="255,10,279,-30,261,10,195,10" hai0="16,19,68,69,70,84,92" hai2="14,17,21,48,55,82,85,88,101,102" hai3="13,18,23,36,38,49,53,57,73,76,83,93,100" /><INIT seed="4,1,1,1,5,55" ten="265,249,271,205" oya="0" hai0="100,90,64,117,123,108,7,67,44,24,66,43,103" hai1="102,126,132,9,120,46,34,45,114,36,16,22,58" hai2="0,40,122,15,106,121,83,11,80,87,76,131,5" hai3="82,17,30,110,91,20,109,18,95,99,96,104,59"/><T101/><D117/><U88/><E34/><V85/><F106/><W14/><G30/><T63/><D123/><U94/><E120/><V47/><F131/><W119/><G119/><T10/><D108/><U112/><E102/><V29/><F29/><W107/><G82/><T8/><D24/><N who="1" m="14407" /><E36/><V73/><F73/><W57/><G17/><T86/><D7/><U4/><E132/><V133/><F0/><W129/><G129/><T61/><D10/><U1/><E126/><V72/><F133/><W111/><REACH who="3" step="1"/><G107/><REACH who="3" ten="265,249,271,195" step="2"/><T69/><D8/><U32/><E32/><V38/><F72/><W84/><G84/><T71/><D71/><U98/><E58/><V75/><F75/><W128/><G128/><T35/><D69/><U65/><E65/><V12/><F12/><W25/><G25/><T105/><D105/><U31/><E31/><V97/><F97/><W74/><G74/><T116/><D116/><U78/><E78/><AGARI ba="1,2" hai="5,11,15,38,40,47,76,78,80,83,85,87,121,122" machi="78" ten="30,2000,0" yaku="7,1,9,1" doraHai="55" who="2" fromWho="1" sc="265,0,249,-23,271,43,195,0" owari="265,6.5,226,-17.4,314,41.4,195,-30.5" /></mjloggm>