<mjloggm ver="2.3"><GO type="225" lobby="0"/><UN n0="%72%69%6F%75%63%68%61%6E" n1="%E4%B8%89%E5%88%86%E5%B0%8F%E5%83%A7" n2="%E6%96%B0%E4%B8%96%E7%95%8C%E3%81%AE%E7%B4%99" n3="%E7%B4%94%E6%BD%94%E3%83%94%E3%83%A9%E3%83%8B%E3%82%A2" dan="16,16,17,17" rate="2181.46,2116.34,2192.73,2233.90" sx="M,M,F,M"/><TAIKYOKU oya="0"/><INIT seed="0,0,0,0,2,95" ten="250,250,250,250" oya="0" hai0="115,38,0,9,55,93,37,72,8,113,60,114,105" hai1="73,74,96,108,132,103,63,51,13,119,41,131,124" hai2="39,2,57,85,134,45,97,64,107,54,65,23,81" hai3="68,18,24,59,69,49,5,112,27,79,89,26,123"/><T125/><D105/><U47/><E119/><V106/><F2/><W71/><G112/><T78/><D125/><U20/><E124/><V110/><F110/><W84/><G123/><T101/><D9/><U36/><E108/><V118/><F118/><W127/><G127/><T62/><D72/><U10/><E131/><V120/><F120/><W35/><G79/><T104/><D104/><U46/><E132/><V56/><F134/><W102/><G102/><T116/><D78/><U92/><E20/><V1/><F1/><W40/><G5/><T42/><D116/><U109/><E63/><V44/><F106/><W88/><G35/><T80/><D80/><U86/><E86/><V7/><F7/><W121/><G121/><T31/><D31/><U130/><E130/><V29/><F39/><W126/><G126/><T61/><D55/><U12/><E109/><V67/><F107/><W52/><G84/><T48/><D48/><U129/><E129/><V91/><F97/><W77/><G77/><T32/><D32/><U50/><E36/><V34/><F34/><W75/><G75/><T53/><D53/><U100/><E100/><V25/><REACH who="2" step="1"/><F57/><REACH who="2" ten="250,250,240,250" step="2"/><W22/><REACH who="3" step="1"/><G40/><REACH who="3" ten="250,250,240,240" step="2"/><T3/><D42/><N who="1" m="24919" /><E73/><V21/><F21/><W99/><G99/><N who="0" m="59631" /><D0/><U43/><E74/><V11/><F11/><W98/><G98/><T19/><D3/><U14/><E43/><V135/><F135/><W111/><G111/><T30/><D8/><AGARI ba="0,2" hai="8,10,12,13,14,41,47,51,92,96,103" m="24919" machi="8" ten="30,2000,0" yaku="8,1,52,1" doraHai="95" who="1" fromWho="0" sc="250,-20,250,40,240,0,240,0" /><INIT seed="1,0,0,0,4,18" ten="230,290,240,240" oya="1" hai0="20,30,9,97,40,75,106,65,38,12,5,125,93" hai1="35,83,52,10,27,110,114,112,3,127,98,32,99" hai2="47,46,56,7,115,49,50,1,85,34,33,121,41" hai3="90,79,77,61,2,24,39,133,59,107,4,111,130"/><U55/><E127/><V70/><F121/><W124/><G111/><T54/><D125/><U22/><E110/><V23/><F70/><W80/><G124/><T129/><D129/><U60/><E35/><V108/><F108/><W66/><G130/><T0/><D75/><U6/><E32/><V44/><F115/><W31/><G133/><T62/><D106/><U51/><E60/><V14/><F1/><W113/><G113/><T74/><D74/><U11/><E11/><V88/><F56/><W17/><G107/><T86/><D86/><U16/><E83/><V45/><F50/><W87/><G39/><T131/><D131/><U58/><E98/><V29/><F7/><W76/><G17/><T101/><D54/><U43/><E43/><V68/><F68/><W116/><G116/><T42/><D38/><U13/><E55/><V96/><F96/><W69/><G69/><T25/><REACH who="0" step="1"/><D0/><REACH who="0" ten="220,290,240,240" step="2"/><U26/><E3/><V126/><F126/><W100/><G2/><T91/><D91/><U84/><E84/><V123/><F123/><W128/><G128/><T71/><AGARI ba="0,1" hai="5,9,12,20,25,30,40,42,62,65,71,93,97,101" machi="71" ten="20,5200,0" yaku="1,1,0,1,7,1,52,1,53,0" doraHai="18" doraHaiUra="73" who="0" fromWho="0" sc="220,62,290,-26,240,-13,240,-13" /><INIT seed="2,0,0,1,1,28" ten="282,264,227,227" oya="2" hai0="89,105,13,57,6,12,74,134,0,61,27,97,102" hai1="79,85,9,107,35,101,40,83,115,108,50,4,120" hai2="87,41,42,18,31,49,19,121,77,124,44,66,118" hai3="56,113,75,2,36,20,45,51,5,60,24,114,55"/><V70/><F118/><W67/><G75/><T76/><D134/><U78/><E115/><N who="3" m="44042" /><G5/><T127/><D127/><U38/><E38/><V15/><F121/><W73/><G73/><T72/><D0/><U95/><E108/><V126/><F42/><N who="3" m="22727" /><G2/><T116/><D116/><U16/><E107/><V96/><F96/><W110/><G20/><T64/><D76/><U22/><E35/><V3/><F3/><W14/><G14/><T54/><D13/><N who="1" m="5287" /><E120/><V65/><F31/><W34/><G24/><T10/><D89/><N who="1" m="53679" /><E101/><V135/><F135/><W119/><G34/><T63/><REACH who="0" step="1"/><D27/><REACH who="0" ten="272,264,227,227" step="2"/><N who="1" m="14791" /><E83/><V33/><F124/><W39/><G119/><T93/><D93/><U130/><E130/><V7/><F126/><W84/><G84/><T80/><D80/><U52/><E40/><V112/><F112/><W69/><G39/><T71/><AGARI ba="0,1" hai="6,10,12,54,57,61,63,64,71,72,74,97,102,105" machi="71" ten="20,2700,0" yaku="1,1,0,1,7,1,53,0" doraHai="28" doraHaiUra="128" who="0" fromWho="0" sc="272,37,264,-7,227,-13,227,-7" /><INIT seed="3,0,0,1,5,22" ten="309,257,214,220" oya="3" hai0="85,51,18,32,14,23,33,1,42,21,9,71,65" hai1="72,41,84,105,135,48,34,0,12,116,24,77,3" hai2="6,27,52,131,69,58,20,109,59,29,49,87,79" hai3="78,55,45,120,28,115,61,127,13,110,67,124,102"/><W96/><G115/><T54/><D42/><U2/><E72/><V26/><F69/><W68/><G120/><T126/><D126/><N who="3" m="48169" /><G78/><T37/><D37/><U39/><E39/><V74/><F74/><W40/><G13/><T63/><D21/><U11/><E135/><V103/><F109/><W83/><G83/><T104/><D104/><U95/><E105/><V46/><F131/><W31/><G55/><T91/><D1/><U92/><E116/><V117/><F117/><W86/><G86/><T132/><D132/><U113/><E113/><V125/><F125/><W16/><G16/><T7/><D7/><N who="1" m="3199" /><E24/><N who="2" m="16519" /><F6/><W123/><G123/><T56/><D9/><U44/><E34/><V15/><F15/><W30/><G110/><T99/><D99/><U118/><E118/><V128/><F128/><W98/><G102/><T47/><D47/><U88/><E88/><V4/><F4/><W112/><G112/><T108/><D108/><U89/><E89/><V133/><F133/><W43/><G43/><T62/><D62/><U106/><E106/><V57/><F103/><W90/><G90/><T121/><D121/><U10/><E10/><V97/><F97/><W80/><G80/><RYUUKYOKU type="ron3" ba="0,0" sc="309,0,257,0,214,0,220,0" hai0="14,18,23,32,33,51,54,56,63,65,71,85,91" hai1="0,2,3,41,44,48,77,84,92,95" hai2="26,27,46,49,52,57,58,59,79,87" /><INIT seed="3,1,0,2,5,95" ten="309,257,214,220" oya="3" hai0="107,64,17,4,73,27,23,85,83,124,130,103,41" hai1="44,66,133,30,48,16,32,127,100,57,126,21,94" hai2="72,81,111,79,119,69,92,46,80,59,116,91,121" hai3="36,52,117,60,19,135,112,18,125,10,13,24,53"/><W8/><G36/><T63/><D124/><N who="1" m="47659" /><E133/><V115/><F69/><W113/><G117/><T132/><D132/><U97/><E32/><V101/><F115/><W5/><G125/><T106/><D130/><U131/><E131/><V14/><F111/><W75/><G75/><T20/><D73/><U15/><E30/><V6/><F121/><W114/><G135/><T58/><D103/><U108/><E108/><V99/><F59/><W62/><G24/><T84/><D85/><U50/><E44/><V42/><F81/><W45/><G45/><T55/><D41/><U56/><E56/><V0/><F14/><W34/><G34/><T109/><D109/><U54/><E66/><V96/><F6/><W3/><REACH who="3" step="1"/><G19/><REACH who="3" ten="309,257,214,210" step="2"/><T102/><D17/><U74/><E74/><V90/><F0/><W110/><G110/><T35/><D27/><U9/><E21/><V70/><F70/><W82/><G82/><T61/><D35/><U2/><E2/><V43/><F43/><W12/><G12/><T65/><D20/><U31/><E31/><V7/><F7/><W28/><G28/><T88/><D23/><U76/><E76/><V51/><REACH who="2" step="1"/><F91/><REACH who="2" ten="309,257,204,210" step="2"/><W71/><G71/><N who="0" m="42383" /><D4/><U29/><E29/><V39/><F39/><W122/><G122/><T89/><D89/><U87/><E15/><V134/><F134/><W47/><G47/><T67/><D88/><U105/><E57/><V25/><F25/><W40/><G40/><T129/><D58/><U118/><E118/><V33/><F33/><W49/><G49/><T77/><D83/><U104/><E50/><V128/><F128/><RYUUKYOKU ba="1,2" sc="309,-15,257,-15,204,15,210,15" hai2="42,46,51,72,79,80,90,92,96,99,101,116,119" hai3="3,5,8,10,13,18,52,53,60,62,112,113,114" /><INIT seed="3,2,2,1,3,80" ten="294,242,219,225" oya="3" hai0="24,119,42,0,44,55,110,94,88,125,36,5,89" hai1="85,109,12,124,49,43,93,120,67,39,37,72,64" hai2="7,8,63,82,130,102,46,103,25,29,77,26,74" hai3="104,56,20,126,133,100,47,73,2,23,132,17,61"/><W66/><G73/><T96/><D119/><U99/><E72/><V76/><F130/><W118/><G118/><T50/><D110/><U115/><E115/><V53/><F77/><W92/><G2/><T11/><D125/><U70/><E120/><V97/><F97/><N who="3" m="59431" /><G104/><T22/><D89/><U35/><E35/><V71/><F71/><W10/><G126/><T86/><D96/><U4/><E109/><V135/><F135/><N who="3" m="51787" /><G47/><T68/><D68/><U52/><E85/><V91/><F91/><W116/><G116/><T131/><D131/><U32/><E32/><V58/><F46/><W106/><G106/><T123/><D123/><U41/><E70/><V112/><F112/><W21/><G10/><T48/><D55/><U108/><E108/><V13/><REACH who="2" step="1"/><F26/><AGARI ba="2,2" hai="17,20,21,23,26,56,61,66" m="51787,59431" machi="26" ten="30,1500,0" yaku="20,1" doraHai="80" who="3" fromWho="2" sc="294,0,242,0,219,-21,225,41" /><INIT seed="3,3,0,0,2,42" ten="294,242,198,266" oya="3" hai0="107,67,24,73,40,11,89,86,105,47,95,81,31" hai1="16,0,25,85,3,120,80,110,130,2,15,1,71" hai2="17,13,88,9,119,8,38,27,129,100,70,96,106" hai3="101,21,83,32,79,37,97,103,109,35,20,133,78"/><W48/><G37/><T72/><D67/><U53/><E120/><V23/><F119/><W36/><G36/><T39/><D11/><U87/><E71/><V22/><F129/><W111/><G48/><T90/><D72/><U59/><E130/><V99/><F38/><W122/><G133/><T44/><D44/><U114/><E114/><V76/><F70/><W75/><G122/><T12/><D12/><U91/><E25/><V123/><F123/><W18/><G78/><T126/><D126/><U63/><E110/><N who="3" m="41994" /><G20/><T64/><D64/><U14/><N who="1" m="0" /><DORA hai="84" /><U66/><E16/><V50/><F76/><W112/><G112/><T135/><D135/><U116/><E116/><V61/><F61/><W28/><G28/><T55/><D55/><U127/><E127/><V41/><F41/><W98/><G98/><T57/><D57/><U30/><E30/><V4/><F50/><W5/><G5/><T56/><D56/><U68/><REACH who="1" step="1"/><E87/><REACH who="1" ten="294,232,198,266" step="2"/><V115/><F115/><W52/><G18/><T92/><D73/><U125/><E125/><V108/><F108/><W54/><G21/><T94/><REACH who="0" step="1"/><D90/><REACH who="0" ten="284,232,198,266" step="2"/><U26/><E26/><V118/><F118/><W7/><G103/><T34/><AGARI ba="3,2" hai="24,31,34,39,40,47,81,86,89,92,94,95,105,107" machi="34" ten="30,8000,1" yaku="1,1,2,1,0,1,52,2,53,0" doraHai="42,84" doraHaiUra="58,128" who="0" fromWho="0" sc="284,109,232,-23,198,-23,266,-43" owari="393,49.3,209,-19.1,175,-32.5,223,2.3" /></mjloggm>