<mjloggm ver="2.3"><GO type="225" lobby="0"/><UN n0="%E6%98%93%E5%88%A9%E8%96%A9%E4%BC%AF" n1="%72%69%6F%75%63%68%61%6E" n2="%4C%4F%4C%49%54%41" n3="%E3%81%A4%E3%81%A3%E3%81%B1%E3%82%8A%E3%83%9D%E3%83%BC%E3%83%AB" dan="16,16,16,17" rate="2110.97,2189.86,2180.55,2198.28" sx="F,M,F,M"/><TAIKYOKU oya="0"/><INIT seed="0,0,0,1,4,106" ten="250,250,250,250" oya="0" hai0="44,59,9,116,54,66,26,18,68,28,39,37,10" hai1="43,61,127,133,78,107,55,135,60,38,89,21,132" hai2="123,6,119,50,7,19,32,30,57,48,120,118,1" hai3="65,126,98,95,0,85,42,105,36,93,81,75,87"/><T111/><D116/><N who="2" m="44586" /><F57/><W3/><G65/><T13/><D111/><U47/><E107/><V125/><F50/><W25/><G25/><T122/><D122/><N who="2" m="46634" /><F48/><W41/><G105/><T90/><D10/><U31/><E78/><V20/><F125/><W121/><G121/><T94/><D66/><U74/><E74/><V129/><F129/><W67/><G81/><T69/><D69/><U99/><E127/><V83/><F83/><W117/><G126/><T114/><D44/><U29/><E21/><V24/><F1/><W110/><G117/><T14/><D114/><U4/><E4/><V92/><F92/><W86/><G67/><T108/><D68/><U45/><E45/><V113/><F113/><W104/><G104/><T49/><D108/><U51/><E51/><V134/><F134/><W33/><G110/><T131/><D131/><U71/><E71/><V115/><F115/><W63/><G87/><T12/><D39/><U102/><E102/><V80/><F80/><W27/><G36/><T15/><D37/><U62/><REACH who="1" step="1"/><E55/><REACH who="1" ten="250,240,250,250" step="2"/><V96/><F96/><W56/><G98/><T73/><D73/><U128/><E128/><V100/><F100/><W16/><G75/><T22/><REACH who="0" step="1"/><D90/><REACH who="0" ten="240,240,250,250" step="2"/><U2/><E2/><V40/><F40/><W64/><G3/><T52/><D52/><U11/><E11/><V88/><F88/><N who="3" m="53391" /><G0/><T72/><D72/><U46/><E46/><V23/><F23/><N who="3" m="13799" /><G33/><T79/><D79/><U103/><E103/><V53/><F53/><W5/><G5/><T84/><D84/><U17/><E17/><V130/><F130/><W70/><G70/><RYUUKYOKU ba="0,2" sc="240,0,240,0,250,0,250,0" hai0="9,12,13,14,15,18,22,26,28,49,54,59,94" hai1="29,31,38,43,47,60,61,62,89,99,132,133,135" hai2="6,7,19,20,24,30,32" hai3="41,42,56,63,64,86,95" /><INIT seed="0,1,2,0,0,17" ten="240,240,250,250" oya="0" hai0="52,57,111,29,64,110,41,37,61,63,89,125,118" hai1="96,105,35,51,26,45,7,68,75,16,22,107,87" hai2="130,21,93,82,31,84,38,98,97,126,47,42,122" hai3="2,95,70,90,33,24,14,59,121,81,134,28,36"/><T27/><D118/><U114/><E75/><V58/><F122/><W65/><G70/><T11/><D125/><U76/><E114/><V117/><F126/><W124/><G124/><T25/><D11/><U55/><E68/><V83/><F83/><W86/><BYE who="2" /><G2/><T94/><D41/><U74/><E74/><V67/><F67/><W135/><G121/><T113/><D37/><UN n2="%4C%4F%4C%49%54%41" /><U66/><E66/><V13/><F130/><W91/><G36/><T108/><D113/><U115/><E115/><V48/><F117/><W49/><G14/><T32/><D27/><U104/><E7/><V132/><F132/><N who="3" m="50731" /><G65/><T43/><D43/><U3/><E3/><V19/><F31/><W128/><G128/><T8/><D8/><U120/><E120/><V23/><F23/><W127/><G127/><T106/><D106/><U9/><E9/><V112/><F112/><W5/><G5/><T100/><D100/><U71/><E71/><V133/><F133/><W10/><G10/><T15/><D15/><U6/><E6/><V80/><F58/><W56/><G49/><N who="0" m="30863" /><D64/><U18/><E35/><V46/><F38/><W54/><G54/><T4/><D4/><U50/><E50/><V30/><F46/><W44/><G44/><T103/><D103/><N who="1" m="62567" /><E107/><V34/><F34/><W53/><G53/><T78/><D78/><U101/><E101/><V109/><F13/><W116/><G116/><T92/><D92/><U69/><E105/><V12/><F12/><W123/><G123/><T129/><D129/><U60/><E69/><V72/><F47/><W39/><G39/><T77/><D77/><RYUUKYOKU ba="1,2" sc="240,15,240,-15,250,-15,250,15" hai0="25,29,32,61,63,89,94,108,110,111" hai3="24,28,33,56,59,81,86,90,91,95" /><INIT seed="0,2,2,2,5,10" ten="255,225,235,265" oya="0" hai0="41,66,33,34,102,1,76,51,56,86,21,68,61" hai1="79,103,126,35,106,117,55,109,12,134,80,94,120" hai2="132,25,63,96,123,91,90,18,72,89,24,92,81" hai3="30,129,121,110,82,133,112,84,37,5,78,71,97"/><T115/><D1/><U62/><E117/><V0/><F123/><W125/><G112/><T27/><D115/><U74/><E120/><V19/><F0/><W42/><G121/><T105/><D105/><U119/><E119/><V83/><F132/><W130/><G71/><T118/><D102/><U40/><E134/><V111/><F111/><W46/><G110/><T69/><D118/><U20/><E109/><V53/><F72/><W50/><G133/><T128/><D128/><N who="3" m="49257" /><G125/><T99/><D99/><U8/><E35/><V2/><F2/><W116/><G116/><T122/><D122/><U75/><E126/><V73/><F73/><W104/><G5/><T26/><D26/><N who="2" m="10346" /><F83/><W87/><G30/><T98/><D98/><U54/><E106/><V70/><F70/><W131/><N who="3" m="49265" /><W127/><DORA hai="114" /><G127/><T11/><D11/><U100/><E75/><V3/><F3/><W60/><G60/><T13/><D13/><U39/><E62/><V38/><F81/><W44/><G87/><T77/><D86/><U67/><E74/><V58/><F38/><W16/><G97/><T22/><D69/><U95/><E39/><V64/><F64/><W36/><G104/><T17/><D22/><U107/><E20/><V101/><AGARI ba="2,2" hai="18,19,53,58,63,89,90,91,92,96,101" m="10346" machi="101" ten="30,1100,0" yaku="8,1" doraHai="10,114" who="2" fromWho="2" sc="255,-7,225,-5,235,37,265,-5" /><INIT seed="1,0,0,3,4,70" ten="248,220,272,260" oya="1" hai0="121,7,101,35,131,79,108,116,3,13,81,114,90" hai1="1,73,25,17,113,102,14,76,97,110,99,0,95" hai2="53,115,33,57,24,107,86,34,125,120,94,10,68" hai3="51,39,45,30,106,124,103,128,41,104,6,56,22"/><U8/><E113/><V135/><F120/><W93/><G128/><T50/><D114/><U58/><E110/><V37/><F107/><W54/><G124/><T129/><D116/><U91/><E73/><V89/><F68/><W12/><G6/><T36/><D35/><U62/><E76/><V122/><F115/><W82/><G82/><T112/><D112/><U92/><REACH who="1" step="1"/><E25/><REACH who="1" ten="248,210,272,260" step="2"/><V16/><F24/><W38/><G106/><T74/><D108/><U127/><E127/><V28/><F125/><W67/><G104/><T83/><D131/><U48/><E48/><V40/><F122/><W18/><G30/><T19/><D129/><U126/><E126/><V71/><F28/><W84/><G51/><T52/><D121/><U119/><E119/><V123/><F123/><W133/><G39/><T132/><D36/><U98/><E98/><V65/><F37/><W26/><G26/><T5/><D74/><U69/><E69/><V96/><F71/><W75/><G75/><T32/><D79/><U87/><E87/><V15/><F96/><W29/><G29/><T44/><D50/><U130/><E130/><V21/><F86/><W64/><G84/><T47/><D83/><U4/><E4/><V118/><F118/><W42/><G38/><T88/><D81/><U31/><E31/><V109/><F109/><W100/><G93/><T49/><D7/><U59/><E59/><V77/><F94/><W27/><G56/><T60/><D5/><U117/><E117/><V46/><F57/><W80/><G80/><T9/><D49/><U66/><AGARI ba="0,1" hai="0,1,8,14,17,58,62,66,91,92,95,97,99,102" machi="66" ten="20,3900,0" yaku="1,1,0,1,7,1,53,0" doraHai="70" doraHaiUra="23" who="1" fromWho="1" sc="248,-13,210,49,272,-13,260,-13" /><INIT seed="1,1,0,0,4,41" ten="235,259,259,247" oya="1" hai0="117,31,43,30,5,48,10,25,64,62,100,133,89" hai1="46,71,95,92,8,35,38,36,42,115,63,55,29" hai2="33,129,103,76,40,124,83,59,21,85,94,80,16" hai3="11,81,7,50,125,44,49,102,14,3,108,104,106"/><U52/><E115/><V53/><F33/><W135/><G108/><T15/><D133/><U111/><E111/><V99/><F124/><W96/><G125/><T2/><D117/><U70/><E8/><V118/><F129/><W22/><G135/><T26/><D100/><U37/><E29/><V39/><F118/><W127/><G127/><T113/><D113/><U66/><E35/><V72/><F39/><N who="1" m="14921" /><E95/><V91/><F40/><W126/><G126/><T109/><D109/><U54/><E92/><V32/><F32/><W122/><G122/><T97/><D2/><U79/><E79/><V4/><F4/><W47/><G81/><T23/><D97/><U68/><AGARI ba="1,0" hai="38,42,46,52,54,55,63,66,68,70,71" m="14921" machi="68" ten="40,18000,2" yaku="35,5,52,1,54,1" doraHai="41" who="1" fromWho="1" sc="235,-61,259,183,259,-61,247,-61" /><INIT seed="1,2,0,2,2,121" ten="174,442,198,186" oya="1" hai0="89,124,118,14,76,37,26,51,93,20,106,47,22" hai1="68,126,114,117,92,59,71,11,133,45,58,84,123" hai2="25,18,72,131,16,42,112,3,130,79,83,132,80" hai3="36,57,60,97,81,24,113,62,125,129,96,46,32"/><U30/><E30/><V34/><F3/><W98/><G113/><T17/><D118/><U86/><E92/><V69/><F69/><W70/><G129/><N who="2" m="49161" /><F112/><W55/><G125/><T23/><D124/><U50/><E11/><V29/><F132/><W0/><G0/><T104/><D37/><U44/><E114/><V61/><F61/><W109/><G109/><T116/><D76/><U91/><E126/><V12/><F42/><W9/><G9/><T75/><D75/><U2/><E2/><V38/><F38/><W49/><G81/><T5/><D5/><U135/><E91/><V33/><F33/><W64/><G36/><T56/><D56/><U107/><E107/><V40/><F40/><W95/><G24/><T122/><D116/><U63/><E123/><V134/><F134/><N who="1" m="51209" /><E117/><V4/><F80/><W35/><REACH who="3" step="1"/><G95/><REACH who="3" ten="174,442,198,176" step="2"/><T101/><D122/><U120/><E120/><V77/><F79/><W105/><G105/><T52/><D106/><U103/><E103/><V128/><F128/><W67/><AGARI ba="2,1" hai="32,35,46,49,55,57,60,62,64,67,70,96,97,98" machi="67" ten="30,4000,0" yaku="1,1,0,1,53,1" doraHai="121" doraHaiUra="65" who="3" fromWho="3" sc="174,-12,442,-22,198,-12,176,56" /><INIT seed="2,0,0,0,2,32" ten="162,420,186,232" oya="2" hai0="64,56,45,132,78,62,83,59,34,95,107,47,89" hai1="10,15,113,129,120,19,123,115,71,82,9,116,105" hai2="124,30,86,12,52,75,57,67,33,133,70,13,117" hai3="100,91,111,112,96,23,118,63,41,77,24,104,114"/><V98/><F117/><W37/><G118/><T29/><D107/><U27/><E71/><V108/><F75/><W65/><G111/><T87/><D132/><U31/><E105/><V3/><F133/><W93/><G77/><T49/><D34/><N who="1" m="20863" /><E82/><V5/><F108/><W2/><G2/><T119/><D119/><U40/><E40/><V0/><F98/><W50/><G50/><T90/><D29/><U80/><E80/><V11/><F124/><W18/><G41/><T127/><D127/><U60/><E60/><V109/><F109/><W4/><G4/><T81/><D81/><U68/><E68/><V128/><F128/><W7/><G7/><T51/><D90/><U110/><E116/><V61/><F13/><W122/><G122/><N who="1" m="46634" /><E110/><V17/><F86/><W53/><G53/><T28/><D28/><U73/><E73/><V22/><F30/><W8/><G37/><T20/><D20/><N who="1" m="11391" /><E129/><V134/><F134/><W43/><G43/><T36/><D36/><U25/><E25/><V46/><F33/><W38/><G38/><T102/><D102/><U130/><E130/><V55/><F70/><N who="3" m="42303" /><G100/><T39/><D39/><U44/><E44/><V135/><F135/><W131/><G104/><T35/><D35/><U26/><E26/><N who="2" m="14671" /><F46/><N who="0" m="17418" /><D59/><U21/><E21/><V1/><F57/><W126/><G126/><T6/><D51/><U101/><E101/><V121/><F121/><W58/><G58/><T69/><D49/><U103/><E103/><V97/><F97/><W72/><G72/><N who="0" m="43463" /><D69/><U94/><E94/><V74/><F74/><W88/><G131/><T125/><D125/><RYUUKYOKU ba="0,0" sc="162,10,420,10,186,10,232,-30" hai0="6,56,62,64,87,89,95" hai1="9,10,113,115" hai2="0,1,3,5,11,12,52,55,61,67" /><INIT seed="2,1,0,5,0,101" ten="172,430,196,202" oya="2" hai0="82,122,15,9,51,55,80,111,113,88,128,35,95" hai1="93,59,30,115,72,114,25,97,29,102,21,10,119" hai2="134,28,52,125,8,27,14,32,3,7,109,31,71" hai3="84,105,41,135,13,75,108,39,44,77,18,38,79"/><V126/><F71/><W11/><G108/><T48/><D113/><U74/><E119/><V66/><F66/><W132/><G105/><T56/><D122/><U62/><E30/><N who="2" m="19551" /><F52/><W42/><G75/><N who="1" m="28714" /><E10/><N who="2" m="2431" /><F134/><N who="3" m="51243" /><G84/><T46/><D128/><U58/><E58/><V94/><F94/><W116/><G116/><T45/><D35/><U120/><E120/><V129/><F129/><W26/><G26/><T20/><D20/><U43/><E43/><N who="3" m="16394" /><G44/><T118/><D111/><U54/><E54/><V131/><F131/><W12/><G12/><T117/><D117/><U1/><E1/><V33/><F109/><W87/><G87/><T92/><D92/><U127/><E127/><N who="2" m="48651" /><F33/><W67/><G67/><T91/><D118/><U53/><E53/><V4/><AGARI ba="1,0" hai="4,8,14,28,31" m="48651,2431,19551" machi="4" ten="30,6000,0" yaku="18,1,34,2" doraHai="101" who="2" fromWho="2" sc="172,-21,430,-21,196,63,202,-21" /><INIT seed="2,2,0,0,3,127" ten="151,409,259,181" oya="2" hai0="100,124,82,121,114,92,120,76,98,70,97,116,50" hai1="16,111,118,27,32,69,1,42,3,44,41,132,108" hai2="12,23,4,46,33,101,64,67,55,65,56,10,107" hai3="21,106,15,88,43,14,60,0,109,122,66,6,79"/><V110/><F33/><W9/><G122/><T37/><D37/><U68/><E118/><V130/><F107/><W49/><G106/><T125/><D70/><N who="1" m="27243" /><E132/><V30/><F101/><W34/><G109/><N who="1" m="42058" /><E16/><V102/><F102/><W26/><G34/><T93/><D50/><N who="1" m="26895" /><E42/><V135/><F110/><W38/><G38/><T11/><D116/><U83/><E83/><V58/><F135/><W63/><G43/><T129/><D11/><U8/><E8/><V85/><F85/><W94/><G9/><T86/><D114/><U7/><E7/><V89/><F89/><W105/><G6/><T72/><D72/><U123/><E123/><N who="0" m="47177" /><D129/><U78/><E78/><V13/><F130/><W113/><G79/><T80/><D80/><U45/><E45/><V24/><F13/><W25/><G113/><T31/><D31/><AGARI ba="2,0" hai="1,3,27,31,32" m="26895,42058,27243" machi="31" ten="30,1000,0" yaku="14,1" doraHai="127" who="1" fromWho="0" sc="151,-16,409,16,259,0,181,0" /><INIT seed="3,0,0,2,5,89" ten="135,425,259,181" oya="3" hai0="119,42,28,8,16,131,19,94,12,128,59,134,22" hai1="46,70,54,83,132,26,33,114,57,29,3,25,47" hai2="18,77,32,13,135,110,10,35,118,66,62,82,44" hai3="5,58,109,1,127,0,27,99,7,67,130,91,2"/><W23/><G130/><N who="0" m="49707" /><D119/><U37/><E70/><V60/><F118/><W125/><G109/><T38/><D59/><U124/><E3/><V121/><F110/><W79/><G58/><T45/><D28/><U39/><E124/><N who="3" m="47690" /><G67/><T74/><D74/><U41/><E132/><V55/><F121/><W107/><G7/><N who="0" m="3103" /><D134/><U14/><E114/><V133/><F133/><W71/><G5/><T105/><D105/><U75/><E26/><V102/><F135/><W40/><G71/><T123/><D123/><U117/><E117/><V65/><F65/><W76/><G107/><T84/><D22/><U85/><E75/><V52/><F66/><W87/><G23/><T88/><AGARI ba="0,0" hai="16,19,38,42,45,84,88,94" m="3103,49707" machi="88" ten="30,7900,0" yaku="19,1,52,1,54,2" doraHai="89" who="0" fromWho="0" sc="135,79,425,-20,259,-20,181,-39" owari="214,-18.6,405,50.5,239,3.9,142,-35.8" /></mjloggm>