<mjloggm ver="2.3"><GO type="225" lobby="0"/><UN n0="%E3%81%B5%E3%81%98%E3%81%8B%E3%81%A4" n1="%E4%BA%95%E5%B8%AF" n2="%E9%80%86%E9%80%A3%E5%B8%AF%E3%81%AE%E9%AC%BC" n3="%6D%61%74%69%67%75%73%61" dan="16,16,16,17" rate="2188.64,2058.51,2134.22,2201.78" sx="M,M,M,M"/><TAIKYOKU oya="0"/><INIT seed="0,0,0,5,1,64" ten="250,250,250,250" oya="0" hai0="102,100,124,43,27,17,35,8,7,121,36,73,112" hai1="47,32,11,65,33,83,81,118,2,96,70,49,127" hai2="82,5,28,31,0,22,77,78,3,51,66,109,14" hai3="10,29,88,63,123,19,101,89,20,93,26,95,75"/><T62/><D121/><U72/><E118/><V37/><F37/><W21/><G75/><T18/><D112/><U45/><E127/><V61/><F109/><W15/><G123/><T108/><D124/><U40/><E96/><V84/><F78/><W116/><G116/><T48/><D36/><U55/><E11/><V59/><F51/><W104/><G104/><T71/><D73/><U117/><E2/><V44/><F44/><W122/><G122/><T92/><D35/><U58/><E45/><V119/><F119/><W60/><G101/><T107/><D107/><U67/><E67/><V68/><F59/><W115/><G115/><T125/><D125/><U12/><E12/><V39/><F39/><W98/><REACH who="3" step="1"/><G10/><REACH who="3" ten="250,250,250,240" step="2"/><T74/><D74/><U99/><E117/><V87/><F0/><W90/><G90/><T52/><D102/><U13/><E72/><V114/><F3/><W80/><G80/><T86/><D100/><U23/><E83/><V97/><F114/><W50/><G50/><T38/><D8/><U42/><E81/><V110/><F82/><W57/><G57/><T4/><D48/><U1/><E58/><V9/><F9/><W106/><G106/><T105/><D105/><U69/><E49/><V111/><F77/><W91/><G91/><T16/><D38/><U103/><E103/><V129/><F111/><W76/><G76/><T79/><D79/><U85/><E47/><V41/><F110/><W126/><G126/><T120/><D108/><U132/><E42/><V56/><F41/><W53/><G53/><T128/><D120/><U134/><E40/><RYUUKYOKU ba="0,1" sc="250,-10,250,-10,250,-10,240,30" hai3="15,19,20,21,26,29,60,63,88,89,93,95,98" /><INIT seed="1,1,1,5,1,116" ten="240,240,240,270" oya="1" hai0="130,104,11,39,32,128,33,88,108,19,70,106,68" hai1="135,8,66,79,48,2,24,102,20,131,107,0,113" hai2="18,6,34,71,125,35,26,74,103,93,81,13,123" hai3="134,84,87,54,119,65,28,60,67,42,45,111,72"/><U105/><E113/><V27/><F71/><N who="0" m="27178" /><D11/><U52/><E131/><N who="0" m="50217" /><D19/><U122/><E122/><V109/><F123/><W9/><G72/><T29/><D29/><U38/><E38/><V36/><F36/><W30/><G111/><T86/><D108/><U64/><E135/><V73/><F125/><W14/><G134/><T47/><D47/><U101/><E79/><V51/><F6/><W1/><G1/><T83/><D39/><U43/><E43/><V95/><F18/><W120/><G120/><T17/><D17/><U53/><E8/><V115/><F13/><W69/><G119/><T55/><D55/><U59/><E20/><V90/><F26/><W25/><G54/><T23/><D23/><U16/><E16/><V92/><F27/><W121/><G121/><T5/><D5/><U49/><REACH who="1" step="1"/><E59/><REACH who="1" ten="240,230,240,270" step="2"/><V91/><F115/><W58/><G58/><T112/><D112/><U7/><E7/><V56/><F109/><W15/><G9/><T62/><D62/><U41/><E41/><V57/><F56/><W129/><G42/><T118/><D118/><U31/><E31/><V97/><F57/><W127/><G129/><T78/><D78/><U82/><E82/><V76/><F81/><W80/><G80/><T132/><D132/><U133/><E133/><V4/><F76/><W44/><G60/><T100/><D100/><U21/><E21/><V10/><F4/><W61/><G61/><T46/><D46/><U114/><E114/><V124/><F10/><W77/><G77/><T99/><D99/><U85/><E85/><V40/><F97/><W117/><G117/><RYUUKYOKU ba="1,2" sc="240,15,230,15,240,-15,270,-15" hai0="32,33,83,86,88,104,106" hai1="0,2,24,48,49,52,53,64,66,101,102,105,107" /><INIT seed="1,2,2,4,0,84" ten="255,245,225,255" oya="1" hai0="16,110,85,15,60,19,64,76,123,13,34,108,127" hai1="77,2,22,27,131,9,121,17,24,81,96,54,120" hai2="103,10,23,122,30,95,4,106,65,89,80,11,52" hai3="29,71,40,38,133,69,35,68,56,75,134,37,70"/><U98/><E131/><V21/><F122/><W94/><N who="3" m="17408" /><DORA hai="88" /><W36/><G75/><T49/><D123/><U20/><E54/><V0/><F65/><W126/><G29/><T112/><D34/><U102/><E9/><V105/><F11/><W18/><G35/><T67/><D112/><U32/><E2/><V118/><F118/><W62/><G18/><N who="0" m="6699" /><D49/><U111/><E98/><V1/><F1/><W50/><G126/><T12/><D127/><U8/><E8/><V129/><F129/><W5/><G5/><T93/><D60/><U3/><E3/><V28/><F80/><W117/><G117/><T125/><D76/><U91/><E91/><V107/><F103/><W97/><G50/><T90/><D125/><U46/><E46/><V39/><F39/><W116/><G40/><T59/><D59/><U83/><E83/><V14/><F0/><W92/><G116/><T104/><D104/><U87/><E32/><V41/><F41/><W33/><G33/><T124/><D124/><U132/><E132/><N who="3" m="50794" /><G97/><T25/><D25/><U101/><E121/><V42/><F42/><W82/><G82/><T74/><D74/><U79/><E120/><V100/><F30/><W73/><G73/><T51/><D51/><U119/><E96/><V99/><F28/><W72/><G72/><T135/><D135/><U113/><E119/><V45/><F100/><W115/><G115/><T44/><D44/><U61/><E113/><V7/><F7/><W55/><AGARI ba="2,2" hai="36,37,38,55,56,62,92,94" m="50794,17408" machi="55" ten="70,8000,1" yaku="20,1,52,2" doraHai="84,88" who="3" fromWho="3" sc="255,-22,245,-42,225,-22,255,106" /><INIT seed="2,0,0,5,3,126" ten="233,203,203,361" oya="2" hai0="123,80,17,35,50,23,68,8,76,102,38,91,95" hai1="0,58,55,88,101,90,22,16,74,73,21,128,7" hai2="6,129,61,105,108,112,13,114,60,104,54,96,11" hai3="64,77,121,81,2,48,134,66,27,78,135,82,106"/><V40/><F108/><W31/><G106/><T71/><D123/><U14/><E101/><V3/><F40/><W125/><G2/><T29/><D38/><U59/><E128/><V111/><F111/><W49/><G125/><T131/><D102/><U84/><E0/><V18/><F129/><W79/><G121/><T92/><D131/><U65/><E7/><V46/><F46/><W119/><G119/><T53/><D8/><U12/><E65/><N who="3" m="25194" /><G27/><T113/><D92/><U63/><E90/><V120/><F120/><W1/><G31/><T36/><D36/><U44/><E59/><V28/><F28/><W127/><G1/><T115/><D29/><U103/><E44/><V67/><F54/><W62/><G62/><T9/><D35/><U110/><E103/><V56/><F61/><W4/><G4/><T130/><D9/><U124/><E124/><V24/><F24/><W117/><G117/><T116/><D130/><U75/><E110/><V109/><F109/><W25/><G25/><N who="0" m="14575" /><D116/><U41/><E41/><V15/><F3/><W39/><G39/><T99/><D71/><U34/><E34/><V98/><F105/><W20/><G20/><T132/><D68/><U47/><E47/><V107/><F107/><W42/><G127/><T97/><D97/><N who="2" m="37482" /><F104/><W45/><G48/><T72/><D132/><AGARI ba="0,0" hai="42,45,49,77,78,79,81,82,132,134,135" m="25194" machi="132" ten="30,1000,0" yaku="20,1" doraHai="126" who="3" fromWho="0" sc="233,-10,203,0,203,0,361,10" /><INIT seed="3,0,0,0,4,117" ten="223,203,203,371" oya="3" hai0="80,42,96,58,97,134,105,66,130,2,8,48,62" hai1="54,83,44,122,35,45,36,87,51,68,31,25,114" hai2="34,121,15,104,59,101,52,85,71,92,99,39,73" hai3="3,57,135,133,75,127,118,38,37,81,61,18,131"/><W119/><G3/><T50/><D134/><N who="3" m="51209" /><G131/><T115/><D130/><U29/><E114/><V60/><F34/><W67/><G127/><T89/><D115/><U78/><E122/><V98/><F39/><N who="3" m="14859" /><G18/><T30/><D8/><U108/><E108/><V132/><F132/><W43/><G43/><T28/><D2/><U129/><E68/><V76/><F121/><W112/><G112/><T95/><D42/><U109/><E109/><V82/><F71/><W94/><G94/><N who="0" m="56399" /><D105/><U84/><E129/><V41/><F41/><W5/><G5/><T40/><D40/><U72/><E36/><V6/><F73/><W102/><G102/><N who="0" m="60735" /><D80/><U88/><E29/><AGARI ba="0,0" hai="28,29,30,48,50,58,62,66" m="60735,56399" machi="29" ten="30,1000,0" yaku="8,1" doraHai="117" who="0" fromWho="1" sc="223,10,203,-10,203,0,371,0" owari="233,3.3,193,-30.7,203,-19.7,371,47.1" /></mjloggm>