<mjloggm ver="2.3"><GO type="225" lobby="0"/><UN n0="%28%EF%BF%A3%E2%96%BD%EF%BF%A3%29%CE%B4%E2%8C%92%E3%83%BB" n1="%E3%81%BE%E3%81%A8%E3%81%9F" n2="%33%74%72%65%65" n3="%E7%89%B9%E6%9D%B1%E3%81%AF%E4%B8%96%E7%95%8C%E3%82%92%E6%95%91%E3%81%86" dan="16,16,16,16" rate="2089.78,2191.15,2171.42,2047.05" sx="M,M,F,M"/><TAIKYOKU oya="0"/><INIT seed="0,0,0,3,5,97" ten="250,250,250,250" oya="0" hai0="35,57,81,115,130,19,42,112,111,100,96,59,105" hai1="133,132,2,41,70,134,88,106,11,77,84,15,26" hai2="102,126,53,40,99,85,69,95,1,56,14,39,74" hai3="32,30,68,60,47,79,48,45,10,3,125,114,46"/><T50/><D35/><U28/><E70/><V113/><F113/><W65/><G114/><T13/><D130/><U101/><E41/><V73/><F1/><W124/><G79/><T66/><D111/><U82/><E2/><V8/><F69/><W122/><G122/><T9/><D81/><U91/><E106/><V131/><F131/><W6/><G30/><T67/><D115/><U7/><REACH who="1" step="1"/><E101/><REACH who="1" ten="250,240,250,250" step="2"/><V123/><F123/><W12/><G3/><T109/><D112/><U62/><E62/><V76/><F40/><W121/><G121/><T49/><D109/><U120/><E120/><V22/><F102/><W118/><G118/><T55/><REACH who="0" step="1"/><D42/><REACH who="0" ten="240,240,250,250" step="2"/><U71/><E71/><V37/><F37/><W110/><G110/><T80/><D80/><U83/><E83/><V63/><F39/><W75/><G68/><T36/><D36/><U117/><E117/><V4/><F126/><W94/><G125/><T93/><D93/><U103/><E103/><V78/><F95/><W17/><G124/><T128/><D128/><U24/><E24/><V90/><F74/><W135/><G75/><T5/><D5/><U33/><AGARI ba="0,2" hai="7,11,15,26,28,33,77,82,84,88,91,132,133,134" machi="33" ten="30,7900,0" yaku="1,1,0,1,20,1,54,1,53,0" doraHai="97" doraHaiUra="92" who="1" fromWho="1" sc="240,-39,240,99,250,-20,250,-20" /><INIT seed="1,0,0,4,5,2" ten="201,339,230,230" oya="1" hai0="38,89,60,94,77,132,25,87,111,41,45,92,131" hai1="40,55,134,15,35,63,118,105,14,130,124,114,126" hai2="50,30,59,123,44,20,27,51,74,113,8,33,109" hai3="73,107,120,62,6,29,119,83,10,19,39,3,53"/><U28/><E114/><V13/><F123/><W0/><G120/><T78/><D132/><U46/><E105/><V129/><F113/><W56/><G107/><T115/><D115/><U1/><E1/><V68/><F68/><W42/><G119/><T37/><D111/><U47/><E118/><V90/><F109/><W99/><G99/><T52/><D131/><U4/><E130/><V72/><F129/><W66/><G29/><T84/><D38/><U26/><E47/><V106/><F106/><W43/><G0/><T133/><D133/><U93/><E93/><V88/><F33/><W91/><G39/><T76/><D25/><U36/><E134/><V79/><F72/><W112/><G112/><T128/><D128/><U64/><E55/><N who="2" m="32247" /><F79/><W103/><G103/><T127/><D127/><N who="1" m="48683" /><E4/><N who="2" m="3207" /><F74/><W11/><G53/><AGARI ba="0,0" hai="20,27,30,44,51,53,88,90" m="3207,32247" machi="53" ten="30,3900,0" yaku="8,1,52,1,54,1" doraHai="2" who="2" fromWho="3" sc="201,0,339,0,230,39,230,-39" /><INIT seed="2,0,0,3,4,40" ten="201,339,269,191" oya="2" hai0="5,101,25,3,53,113,51,33,39,91,68,13,99" hai1="34,111,30,102,37,81,16,97,85,105,121,21,26" hai2="69,115,31,60,124,129,87,71,7,107,84,132,92" hai3="89,80,23,24,119,123,134,133,77,75,2,76,41"/><V59/><F107/><W90/><G119/><T83/><D39/><U128/><E37/><V96/><F115/><W0/><G123/><T44/><D68/><U1/><E1/><V117/><F117/><W29/><G41/><T70/><D70/><U50/><E50/><V106/><F132/><W11/><G77/><T20/><D33/><U62/><E62/><V127/><F129/><W122/><G122/><T17/><D113/><U73/><E73/><V52/><F106/><W10/><G0/><T79/><D3/><U72/><E72/><V65/><F7/><W82/><G82/><T98/><D91/><U6/><E6/><V15/><F15/><W47/><G47/><T32/><D101/><U9/><E128/><V63/><F31/><W95/><G90/><T78/><D78/><U104/><E30/><V114/><F71/><W55/><G55/><T27/><D32/><U118/><E34/><V57/><F69/><W116/><G116/><T56/><D56/><U38/><E118/><V12/><F114/><W42/><G42/><T54/><D54/><U4/><E105/><V120/><F120/><W109/><G109/><T49/><D49/><U131/><E111/><V58/><F58/><W46/><G46/><T108/><D108/><U28/><E104/><V61/><F61/><W18/><G2/><T48/><D48/><U67/><E131/><V94/><F52/><W66/><G66/><T14/><D14/><U8/><E67/><V88/><F12/><N who="3" m="7447" /><G11/><N who="0" m="4335" /><D27/><U22/><E121/><V135/><F65/><W100/><G100/><T110/><D110/><U86/><E102/><RYUUKYOKU ba="0,0" sc="201,15,339,-15,269,-15,191,15" hai0="17,20,25,44,51,53,79,83,98,99" hai3="23,24,29,75,76,80,89,95,133,134" /><INIT seed="3,1,0,4,4,82" ten="216,324,254,206" oya="3" hai0="103,75,89,19,8,70,99,73,58,52,92,57,94" hai1="5,31,21,125,41,18,69,133,90,12,48,32,33" hai2="66,4,118,9,26,128,22,80,51,28,96,64,43" hai3="116,111,97,7,46,68,85,20,25,17,38,11,27"/><W77/><G116/><T101/><D70/><U35/><E69/><V106/><F128/><W88/><G68/><T29/><D29/><U135/><E125/><V91/><F118/><W13/><G111/><T81/><D58/><U56/><E5/><V112/><F112/><W74/><G74/><T100/><D81/><U122/><E122/><V61/><F106/><W14/><G77/><T130/><D130/><U49/><E31/><V67/><F96/><W62/><G97/><N who="0" m="59431" /><D75/><U71/><E71/><V36/><F36/><W124/><G62/><N who="0" m="36135" /><D73/><U79/><E79/><V10/><F61/><W30/><G124/><T16/><D19/><U127/><E56/><V15/><F4/><W40/><G30/><T105/><D105/><U107/><E18/><V53/><F66/><W109/><G109/><T113/><D113/><U42/><E127/><V60/><F67/><W3/><G3/><T117/><D117/><U34/><E107/><V110/><F64/><W44/><G44/><T23/><D8/><U50/><E35/><V93/><F9/><W24/><G24/><AGARI ba="1,0" hai="16,23,24,89,94,99,101,103" m="36135,59431" machi="24" ten="30,7700,0" yaku="25,1,8,1,54,2" doraHai="82" who="0" fromWho="3" sc="216,80,324,0,254,0,206,-80" owari="296,9.6,324,42.4,254,-14.6,126,-37.4" /></mjloggm>