<mjloggm ver="2.3"><GO type="225" lobby="0"/><UN n0="%E5%8D%A0%E3%81%84%E5%B8%AB%E8%A3%8F%E3%81%AA%E3%81%84%E3%81%97" n1="%E7%AB%8B%E7%9B%B4%E5%A5%BD%E6%A3%92%40%E5%BF%98" n2="%E9%BB%99%E8%81%B4%E3%81%AE%E3%81%99%E3%82%9D%E3%82%81" n3="%47%48%4F%53%54" dan="17,17,16,18" rate="2179.82,2119.08,2149.40,2241.88" sx="M,M,M,M"/><TAIKYOKU oya="0"/><INIT seed="0,0,0,5,2,102" ten="250,250,250,250" oya="0" hai0="69,55,54,66,61,35,124,34,99,110,131,74,100" hai1="5,118,6,12,80,108,78,83,38,85,123,14,52" hai2="91,116,93,129,22,9,127,113,18,67,19,27,47" hai3="3,105,132,73,90,31,58,87,25,134,115,70,84"/><T109/><D124/><U79/><E38/><V17/><F129/><W128/><G70/><T44/><D74/><U50/><E118/><V56/><F113/><W72/><G115/><T88/><D131/><U57/><E123/><V43/><F127/><W16/><G3/><T30/><D88/><U125/><E125/><V1/><F116/><W23/><G128/><T119/><D119/><U104/><E104/><V7/><F56/><W24/><G105/><N who="0" m="63647" /><D44/><U59/><E108/><N who="0" m="41577" /><D34/><U8/><E5/><V48/><REACH who="2" step="1"/><F67/><REACH who="2" ten="250,250,240,250" step="2"/><W68/><G134/><T76/><D76/><U77/><E77/><V135/><F135/><W33/><G132/><T103/><D103/><U15/><REACH who="1" step="1"/><E59/><REACH who="1" ten="250,240,240,250" step="2"/><V94/><F94/><W75/><G58/><T71/><D71/><U130/><E130/><V51/><F51/><W11/><G68/><T13/><D13/><U111/><E111/><V46/><F46/><W107/><G107/><T81/><D81/><U29/><E29/><V62/><F62/><W120/><G31/><T0/><D0/><U101/><E101/><V92/><F92/><W82/><G82/><T36/><D36/><U97/><E97/><AGARI ba="0,2" hai="1,7,9,17,18,19,22,27,43,47,48,91,93,97" machi="97" ten="30,2000,0" yaku="1,1,7,1,53,0" doraHai="102" doraHaiUra="53" who="2" fromWho="1" sc="250,0,240,-20,240,40,250,0" /><INIT seed="1,0,0,0,4,115" ten="250,220,280,250" oya="1" hai0="30,84,52,99,48,8,76,65,112,122,5,78,94" hai1="116,133,53,67,96,33,44,39,47,61,82,25,114" hai2="90,100,103,105,80,24,64,15,120,36,2,107,16" hai3="98,32,19,55,59,79,7,109,45,56,87,14,72"/><U119/><E114/><V66/><F2/><W83/><G32/><T43/><D112/><U102/><E82/><V3/><F3/><W1/><G109/><T35/><D122/><U12/><E12/><V124/><F36/><W110/><G110/><T104/><D104/><N who="1" m="63559" /><E133/><V62/><F124/><W17/><G1/><T54/><D65/><N who="2" m="25194" /><F107/><W134/><G134/><T97/><D35/><U26/><E26/><V89/><F105/><W101/><G72/><T95/><D30/><N who="1" m="19663" /><E53/><V68/><F68/><W121/><G121/><T118/><D43/><N who="1" m="22655" /><E47/><V29/><F62/><W91/><G91/><N who="2" m="34825" /><F80/><W71/><G56/><T58/><D58/><U85/><E85/><V21/><F120/><W130/><G59/><T92/><D84/><U28/><E28/><V135/><F135/><W22/><G83/><T50/><D94/><U27/><E27/><V86/><F86/><W20/><G87/><T88/><D88/><U93/><E93/><V11/><AGARI ba="0,0" hai="11,15,16,21,24,29,100,103" m="34825,25194" machi="11" ten="30,2000,0" yaku="8,1,54,1" doraHai="115" who="2" fromWho="2" sc="250,-5,220,-10,280,20,250,-5" /><INIT seed="2,0,0,4,4,73" ten="245,210,300,245" oya="2" hai0="39,18,33,29,87,19,5,113,115,61,55,66,121" hai1="120,58,9,56,7,103,106,129,50,27,52,8,32" hai2="21,122,12,95,16,54,11,102,90,101,20,15,119" hai3="42,17,124,70,31,6,38,28,13,43,126,85,81"/><V44/><F119/><W41/><G70/><T14/><D121/><U132/><E120/><V2/><F122/><W24/><G38/><T100/><D39/><U110/><E110/><V10/><F2/><W84/><G84/><T45/><D100/><N who="2" m="38506" /><F54/><W51/><G6/><T40/><D33/><U112/><E112/><V99/><F44/><W77/><G51/><T117/><D29/><U134/><E129/><V96/><F96/><W67/><G67/><T49/><D117/><U23/><E32/><V69/><F69/><W64/><G64/><T86/><D115/><U37/><E37/><V59/><F59/><W93/><G93/><T75/><D75/><U133/><E58/><V71/><F71/><W128/><G128/><T0/><D113/><U3/><E106/><V108/><F108/><W1/><G1/><T35/><D35/><U26/><E103/><V78/><F78/><W83/><G31/><T131/><D131/><U105/><E105/><V76/><F76/><W30/><G30/><T65/><D0/><U74/><E74/><V60/><F60/><W123/><G123/><T46/><D5/><AGARI ba="0,0" hai="5,10,11,12,15,16,20,21,90,95,99" m="38506" machi="5" ten="30,2900,0" yaku="8,1,54,1" doraHai="73" who="2" fromWho="0" sc="245,-29,210,0,300,29,245,0" /><INIT seed="2,1,0,5,2,93" ten="216,210,329,245" oya="2" hai0="110,30,96,51,81,18,17,42,15,38,108,65,113" hai1="36,53,3,0,33,31,82,70,61,50,135,57,78" hai2="83,60,40,88,100,121,80,123,122,37,14,86,25" hai3="45,95,73,7,94,27,104,58,114,16,34,47,8"/><V75/><F100/><W133/><G104/><T87/><D113/><U117/><E117/><V132/><F132/><W22/><G114/><T134/><D134/><U5/><E135/><V43/><F37/><W55/><G73/><T74/><D38/><U66/><E5/><V102/><F102/><W107/><G107/><T44/><D74/><U19/><E19/><V54/><F25/><W112/><G34/><T41/><D30/><U64/><E31/><V85/><F75/><W115/><G133/><T23/><D65/><U68/><E33/><V62/><F14/><N who="3" m="5407" /><G115/><T119/><D119/><U12/><E12/><V109/><F109/><N who="0" m="42090" /><D17/><U129/><E129/><V124/><F124/><W4/><G4/><T99/><D41/><U29/><E29/><V130/><F130/><W69/><G69/><T84/><D84/><U72/><REACH who="1" step="1"/><E36/><REACH who="1" ten="216,200,329,245" step="2"/><V76/><F122/><W77/><G112/><T106/><D106/><U125/><E125/><V91/><F123/><W52/><G16/><T10/><D10/><U89/><E89/><AGARI ba="1,1" hai="15,18,23,42,44,51,81,87,89,96,99" m="42090" machi="89" ten="30,3900,0" yaku="14,1,52,2" doraHai="93" who="0" fromWho="1" sc="216,52,200,-42,329,0,245,0" /><INIT seed="3,0,0,5,1,40" ten="268,158,329,245" oya="3" hai0="57,77,28,125,70,69,16,113,97,128,23,72,37" hai1="96,88,102,99,76,66,10,98,104,103,71,116,80" hai2="9,131,75,123,54,64,55,100,101,134,117,3,14" hai3="51,120,108,25,22,84,4,93,129,49,43,61,36"/><W45/><G120/><T119/><D119/><U11/><E116/><V121/><F3/><W132/><G129/><T48/><D128/><U58/><E71/><V18/><F75/><W90/><G132/><T2/><D2/><U44/><E66/><V41/><F131/><W35/><G35/><T42/><D125/><U111/><E58/><V12/><F117/><W17/><G108/><T30/><D37/><U68/><E68/><V135/><F41/><W21/><G4/><T118/><D118/><U8/><E111/><V91/><F64/><W83/><G61/><T39/><D39/><U109/><E109/><V130/><F91/><W127/><G127/><T82/><D70/><U26/><E26/><V124/><F130/><W95/><G36/><T31/><D69/><U81/><E76/><V38/><F38/><W34/><G34/><T60/><D113/><U122/><E122/><N who="2" m="46603" /><F12/><W107/><G107/><T79/><D79/><U47/><E104/><V46/><F124/><W27/><G51/><T56/><D60/><U105/><E105/><V7/><F7/><W74/><G74/><T32/><D32/><U73/><E73/><V85/><F85/><W115/><G115/><T5/><D5/><U62/><E62/><V53/><F46/><N who="1" m="17449" /><E88/><V87/><F135/><W86/><G86/><T67/><D72/><U94/><E94/><V112/><F134/><W78/><G90/><T6/><D77/><U92/><E92/><V106/><F112/><W52/><G95/><T63/><D63/><U114/><E114/><V0/><F106/><W24/><G93/><T13/><D67/><RYUUKYOKU ba="0,0" sc="268,-10,158,30,329,-10,245,-10" hai1="8,10,11,80,81,96,98,99,102,103" owari="258,5.8,188,-31.2,319,41.9,235,-16.5" /></mjloggm>