<mjloggm ver="2.3"><GO type="225" lobby="0"/><UN n0="%E5%8D%A0%E3%81%84%E5%B8%AB%E8%A3%8F%E3%81%AA%E3%81%84%E3%81%97" n1="%6C%61%6D%62" n2="%E3%81%8B%E3%82%8F%E3%81%A1%E3%82%83%E3%82%93%35%38" n3="%79%75%72%69%6D%6F%67" dan="17,16,16,16" rate="2187.12,2210.61,2147.47,2154.26" sx="M,M,M,F"/><TAIKYOKU oya="0"/><INIT seed="0,0,0,4,5,107" ten="250,250,250,250" oya="0" hai0="123,120,15,86,16,128,31,32,17,59,10,12,102" hai1="41,36,75,3,66,55,85,1,13,21,94,0,67" hai2="63,108,52,133,84,118,57,119,81,28,45,42,58" hai3="51,25,19,89,127,92,60,34,47,53,113,125,7"/><T8/><BYE who="2" /><D128/><U126/><E75/><UN n2="%E3%81%8B%E3%82%8F%E3%81%A1%E3%82%83%E3%82%93%35%38" /><V30/><F108/><W20/><G113/><T48/><D102/><U35/><E35/><V111/><F111/><W24/><G7/><T27/><D86/><U76/><E126/><V117/><F58/><W100/><G100/><T103/><D103/><U88/><E76/><V80/><F133/><W43/><G34/><T93/><D93/><U61/><E41/><V104/><F104/><W29/><G25/><T54/><AGARI ba="0,0" hai="8,10,12,15,16,17,27,31,32,48,54,59,120,123" machi="54" ten="30,6000,0" yaku="0,1,9,1,54,1" doraHai="107" who="0" fromWho="0" sc="250,60,250,-20,250,-20,250,-20" /><INIT seed="0,1,0,4,3,30" ten="310,230,230,230" oya="0" hai0="114,2,104,91,53,19,131,27,61,55,102,117,89" hai1="35,96,120,15,75,25,63,123,39,29,5,128,87" hai2="90,94,60,107,67,41,12,95,129,74,24,65,103" hai3="122,33,52,46,76,99,101,130,133,83,10,50,17"/><T66/><D114/><U106/><E75/><V38/><F74/><W20/><G130/><T70/><D117/><U84/><E39/><V3/><F3/><W6/><G133/><T28/><D2/><U98/><E128/><V111/><F129/><W116/><G122/><T134/><D19/><U11/><E63/><V97/><F111/><W100/><G33/><N who="0" m="20639" /><D131/><U59/><E59/><V85/><F41/><W34/><G34/><T79/><D79/><U108/><E108/><V36/><F65/><W32/><G32/><T14/><D14/><U57/><E57/><V72/><F24/><W77/><G116/><T68/><D68/><U58/><E58/><V13/><F72/><W125/><G125/><T56/><D134/><U42/><E42/><V119/><F119/><W64/><G64/><T109/><D109/><U1/><E1/><V9/><F95/><W43/><G43/><T40/><D40/><U92/><E98/><V118/><F13/><N who="3" m="5335" /><G83/><T121/><D121/><U47/><E47/><V127/><F127/><W112/><G112/><T22/><D22/><U73/><E73/><V124/><F124/><W69/><G69/><T18/><D18/><U23/><E35/><V31/><F31/><W54/><G54/><N who="0" m="20491" /><D56/><U8/><E120/><V7/><REACH who="2" step="1"/><F118/><REACH who="2" ten="310,230,220,230" step="2"/><W86/><G86/><T44/><D44/><U26/><E123/><V81/><F81/><W105/><G105/><T115/><D115/><U132/><E132/><V110/><F110/><W51/><G99/><AGARI ba="1,1" hai="61,66,70,89,91,99,102,104" m="20491,20639" machi="99" ten="30,2900,0" yaku="25,1,52,1" doraHai="30" who="0" fromWho="3" sc="310,42,230,0,220,0,230,-32" /><INIT seed="0,2,0,0,5,91" ten="352,230,220,198" oya="0" hai0="102,101,10,107,72,133,68,103,70,55,15,24,84" hai1="113,67,47,60,26,23,62,117,126,108,98,18,79" hai2="88,50,30,44,121,19,66,6,120,83,58,130,105" hai3="128,73,106,77,86,31,125,100,80,96,7,135,132"/><T104/><D133/><N who="3" m="51273" /><G7/><T129/><D72/><U2/><E117/><V85/><F105/><W63/><G31/><T4/><D129/><U34/><E2/><V38/><F130/><W0/><G63/><T75/><D75/><U54/><E108/><V27/><F38/><W17/><G0/><T61/><D24/><U123/><E123/><V13/><F6/><W131/><G17/><T57/><REACH who="0" step="1"/><D84/><REACH who="0" ten="342,230,220,198" step="2"/><U42/><E26/><V32/><F121/><W33/><G33/><T127/><D127/><U89/><E34/><V36/><F120/><W114/><G125/><T14/><D14/><U25/><E25/><V109/><F27/><W45/><G114/><T74/><D74/><U52/><E113/><V49/><F32/><W111/><G111/><T9/><D9/><U99/><E126/><V90/><F13/><W112/><G112/><T8/><D8/><U92/><E23/><V43/><F109/><W12/><G12/><T40/><D40/><U124/><E124/><V71/><F30/><W3/><G3/><T37/><D37/><U39/><E39/><V78/><F19/><W28/><G28/><T1/><D1/><U48/><E18/><V82/><F36/><W29/><G29/><T59/><D59/><N who="1" m="34919" /><E42/><V41/><F58/><W21/><G45/><T20/><D20/><U134/><E134/><V69/><F85/><W87/><G21/><T95/><D95/><U56/><E79/><V118/><F78/><W5/><G5/><T81/><D81/><U51/><E47/><V115/><F44/><W65/><G65/><T94/><D94/><N who="1" m="56655" /><E67/><V16/><F66/><RYUUKYOKU ba="2,1" sc="342,10,230,10,220,-30,198,10" hai0="4,10,15,55,57,61,68,70,101,102,103,104,107" hai1="48,51,54,56,62,92,99" hai3="73,77,80,86,87,96,100,106,128,131" /><INIT seed="0,3,1,4,2,107" ten="352,240,190,208" oya="0" hai0="76,133,113,119,13,65,18,0,33,95,53,106,61" hai1="54,125,68,83,3,73,11,16,38,102,12,44,128" hai2="132,50,20,127,69,91,122,110,28,118,124,114,97" hai3="135,45,115,79,88,1,86,93,126,52,27,46,22"/><T99/><D113/><U32/><E32/><V59/><F114/><W130/><G1/><T120/><D119/><U81/><E68/><V47/><F69/><W57/><G115/><T108/><D120/><U15/><E3/><V77/><F122/><W96/><G130/><T92/><D0/><U8/><E128/><V4/><F118/><W9/><G135/><T66/><D133/><U43/><E125/><V109/><F132/><W29/><G9/><T67/><D33/><U123/><E123/><V87/><F4/><W85/><G126/><N who="2" m="48169" /><F97/><W26/><G26/><T34/><D34/><U129/><E129/><V56/><F77/><W19/><G29/><T117/><D117/><U36/><E36/><V14/><F14/><W48/><G79/><T112/><D112/><U25/><E73/><V101/><F101/><W2/><G2/><T116/><D116/><U10/><E102/><V94/><F20/><W55/><G46/><T17/><D76/><U6/><E10/><V72/><F28/><W98/><G98/><T105/><D108/><N who="2" m="41578" /><F72/><W30/><G30/><T7/><D7/><U64/><E25/><V49/><F49/><AGARI ba="3,1" hai="19,22,27,45,48,49,52,55,57,85,86,88,93,96" machi="49" ten="30,7700,0" yaku="7,1,8,1,54,2" doraHai="107" who="3" fromWho="2" sc="352,0,240,0,190,-86,208,96" /><INIT seed="1,0,0,2,5,63" ten="352,240,104,304" oya="1" hai0="133,8,99,132,118,36,31,60,3,46,22,41,18" hai1="82,116,91,71,109,56,72,14,67,130,95,77,44" hai2="126,78,94,117,76,6,114,123,40,24,17,58,27" hai3="7,50,66,111,5,9,64,49,33,48,127,105,86"/><U42/><E116/><V32/><F117/><W30/><G105/><T135/><D118/><U107/><E107/><V28/><F123/><W53/><G111/><T39/><D31/><U35/><E35/><V68/><F68/><W96/><G127/><T125/><D125/><U10/><E71/><V75/><F126/><W0/><G7/><N who="0" m="1151" /><D60/><U55/><E130/><V81/><F114/><W15/><G0/><T25/><D99/><U80/><E80/><V85/><F6/><W106/><G53/><T61/><D61/><U131/><E67/><V129/><F129/><W19/><G5/><T103/><D103/><U134/><E134/><V98/><F40/><W73/><G73/><T92/><D92/><U74/><E74/><V11/><F58/><W88/><G30/><T100/><D100/><U34/><E34/><V38/><F38/><AGARI ba="0,0" hai="18,22,25,36,38,39,41,46,132,133,135" m="1151" machi="38" ten="30,1000,0" yaku="20,1" doraHai="63" who="0" fromWho="2" sc="352,10,240,0,104,-10,304,0" /><INIT seed="2,0,0,3,4,8" ten="362,240,94,304" oya="2" hai0="2,118,36,111,74,46,44,15,132,58,75,41,106" hai1="25,87,105,102,53,134,21,83,119,45,95,113,20" hai2="34,94,68,26,31,62,5,82,70,1,23,72,120" hai3="49,33,133,39,12,107,17,121,110,76,126,59,32"/><V114/><F114/><W22/><G110/><T4/><D111/><U84/><E105/><V27/><F120/><W115/><G121/><T50/><D132/><U28/><E119/><V43/><F43/><W97/><G39/><T38/><D106/><U37/><E134/><V100/><F1/><W9/><G133/><T18/><D118/><U91/><E113/><V79/><F5/><W103/><G126/><T98/><D98/><U131/><E131/><V108/><F108/><W61/><G76/><T60/><D4/><U24/><E102/><V42/><F42/><W13/><G49/><T16/><D18/><U73/><E73/><V0/><F0/><W7/><REACH who="3" step="1"/><G115/><REACH who="3" ten="362,240,94,294" step="2"/><T81/><D38/><U116/><E37/><V101/><F62/><W78/><G78/><T77/><D50/><N who="1" m="28879" /><E116/><V86/><F100/><W64/><AGARI ba="0,1" hai="7,9,12,13,17,22,32,33,59,61,64,97,103,107" machi="64" ten="20,12000,2" yaku="1,1,0,1,7,1,52,2,53,1" doraHai="8" doraHaiUra="6" who="3" fromWho="3" sc="362,-30,240,-30,94,-60,294,130" /><INIT seed="3,0,0,3,1,135" ten="332,210,34,424" oya="3" hai0="99,35,46,120,122,48,24,87,67,113,131,119,18" hai1="2,7,66,74,38,13,132,21,1,53,61,64,110" hai2="40,54,79,59,14,101,102,0,71,45,100,117,22" hai3="115,70,80,123,47,78,116,118,98,81,90,50,72"/><W17/><G115/><T62/><D119/><U107/><E38/><V85/><F101/><W12/><G70/><T34/><D131/><U108/><E74/><V109/><F102/><W30/><G30/><T69/><D113/><U26/><E107/><V52/><F100/><W63/><G63/><T65/><D99/><U97/><E97/><V56/><F85/><W36/><G36/><T125/><D87/><U82/><E132/><V9/><F22/><W77/><G98/><T112/><D112/><U73/><E73/><V23/><F23/><W68/><G68/><T51/><D69/><U89/><E53/><V31/><F71/><W76/><G123/><T3/><D24/><U93/><E82/><V27/><F0/><W32/><G32/><T94/><D62/><U96/><E13/><V129/><F117/><W126/><G126/><T103/><D103/><U16/><E7/><V111/><F129/><W114/><G114/><T43/><D3/><N who="1" m="1035" /><E61/><V105/><F105/><W75/><G90/><T39/><D39/><U86/><E86/><V84/><F84/><W58/><G58/><T106/><D106/><U15/><E15/><V44/><F14/><W10/><G78/><T49/><D49/><U88/><E89/><V121/><F121/><W8/><G8/><T4/><D4/><U33/><E33/><V60/><F9/><W57/><G57/><T28/><D120/><U25/><E25/><V19/><F27/><W20/><G10/><T127/><D122/><U37/><E37/><V124/><F79/><W133/><G133/><T92/><D35/><U134/><E134/><RYUUKYOKU ba="0,0" sc="332,-15,210,15,34,-15,424,15" hai1="16,21,26,64,66,88,93,96,108,110" hai3="12,17,20,47,50,72,75,76,77,80,81,116,118" owari="317,11.7,225,-17.5,19,-48.1,439,53.9" /></mjloggm>