<mjloggm ver="2.3"><GO type="225" lobby="0"/><UN n0="%E3%81%A0%E3%81%8A" n1="%72%61%6B%33" n2="%E3%81%BF%E3%81%BF%E3%81%9A" n3="%E3%81%B5%E3%81%98%E3%81%8B%E3%81%A4" dan="16,16,16,16" rate="2024.62,2047.32,2157.41,2095.60" sx="M,M,M,M"/><TAIKYOKU oya="0"/><INIT seed="0,0,0,4,3,18" ten="250,250,250,250" oya="0" hai0="87,77,33,74,1,106,97,131,91,46,12,32,94" hai1="114,134,100,5,121,61,119,60,69,31,8,0,108" hai2="68,135,49,125,44,47,37,64,6,17,92,107,111" hai3="124,65,28,96,45,23,79,130,103,26,73,36,76"/><T21/><D1/><U52/><E119/><V34/><F107/><W25/><G124/><T39/><D131/><U120/><E108/><V40/><F34/><W127/><G127/><T43/><D106/><U4/><E134/><V2/><F125/><W126/><G130/><T84/><D74/><U35/><E114/><V63/><F111/><W22/><G73/><T112/><D112/><U90/><E4/><V11/><F135/><W109/><G109/><T104/><D84/><U48/><E100/><V132/><F132/><W123/><G123/><T29/><D12/><U86/><E31/><V66/><F66/><W78/><G126/><T13/><D104/><U53/><E35/><V10/><F92/><N who="3" m="58759" /><G36/><T122/><D122/><U72/><E72/><V95/><F95/><W89/><G89/><T128/><D128/><U56/><E61/><V93/><F93/><W67/><G45/><T62/><D62/><U99/><E99/><V54/><F10/><W105/><G105/><T55/><D97/><U116/><E116/><V38/><F17/><AGARI ba="0,0" hai="17,22,23,25,26,28,65,67,76,78,79" m="58759" machi="17" ten="30,3900,0" yaku="8,1,52,2" doraHai="18" who="3" fromWho="2" sc="250,0,250,0,250,-39,250,39" /><INIT seed="1,0,0,3,5,8" ten="250,250,211,289" oya="1" hai0="133,100,106,115,87,31,41,127,125,99,101,104,123" hai1="111,21,42,79,1,32,103,4,92,82,124,118,59" hai2="57,45,63,120,13,91,81,16,65,68,24,122,39" hai3="44,73,128,10,109,62,12,98,134,49,22,60,56"/><U6/><E118/><V48/><F24/><W76/><G109/><T95/><D115/><U121/><E32/><V38/><F81/><W18/><G134/><T83/><D41/><U66/><E121/><V5/><F91/><W126/><G126/><N who="0" m="48139" /><D31/><U37/><E124/><V74/><F5/><W7/><G128/><T64/><D64/><U107/><E107/><N who="0" m="41001" /><D123/><U93/><E42/><V29/><F29/><W116/><G116/><T14/><D14/><U11/><E66/><V25/><F25/><W108/><G108/><T23/><D23/><U94/><E21/><V85/><F85/><W135/><G135/><T15/><D15/><U50/><E111/><V58/><F74/><W19/><G73/><T96/><D133/><U102/><E4/><V20/><F58/><W34/><G34/><T54/><D54/><U28/><E28/><V105/><F105/><W47/><G76/><N who="0" m="46567" /><D99/><U132/><E132/><V17/><F17/><N who="3" m="6155" /><G98/><T30/><D30/><U90/><E37/><V9/><F20/><W80/><G22/><T51/><D51/><U77/><E50/><V88/><F38/><W119/><G119/><T40/><D40/><U55/><E55/><N who="2" m="31975" /><F88/><AGARI ba="0,0" hai="88,95,96,100,101" m="46567,41001,48139" machi="88" ten="30,7700,0" yaku="18,1,34,2,54,1" doraHai="8" who="0" fromWho="2" sc="250,77,250,0,211,-77,289,0" /><INIT seed="2,0,0,2,1,37" ten="327,250,134,289" oya="2" hai0="97,83,77,99,105,39,106,40,108,1,130,119,51" hai1="71,15,12,134,43,100,101,8,65,57,93,56,96" hai2="59,78,81,107,75,91,16,92,41,44,61,118,30" hai3="89,34,133,84,28,22,111,53,24,122,64,120,74"/><V19/><F118/><W70/><G111/><T116/><D39/><U11/><E134/><V85/><F30/><W66/><G74/><N who="0" m="43447" /><D1/><U67/><E71/><V36/><REACH who="2" step="1"/><F107/><REACH who="2" ten="327,250,124,289" step="2"/><W103/><G28/><T62/><D106/><U94/><E96/><V10/><F10/><W23/><G122/><T82/><D105/><U46/><E46/><V98/><F98/><W102/><G120/><T110/><D119/><U52/><E52/><AGARI ba="0,1" hai="16,19,36,41,44,52,59,61,75,78,81,85,91,92" machi="52" ten="30,12000,1" yaku="1,1,7,1,52,1,54,2,53,0" doraHai="37" doraHaiUra="113" who="2" fromWho="1" sc="327,0,250,-120,124,130,289,0" /><INIT seed="2,1,0,2,1,131" ten="327,130,254,289" oya="2" hai0="2,0,21,76,90,39,95,86,25,24,12,60,89" hai1="44,62,27,10,63,55,31,126,66,133,33,30,120" hai2="123,34,70,46,88,104,112,101,102,58,100,75,117" hai3="77,121,93,103,37,15,73,23,116,74,107,64,99"/><V111/><F70/><W4/><G64/><T9/><D39/><U42/><E126/><V81/><F34/><W14/><G37/><T79/><D2/><U8/><E120/><V83/><F123/><W115/><G121/><T47/><D0/><U124/><E124/><V57/><F112/><W17/><G116/><T98/><D47/><U71/><E30/><V6/><F117/><W132/><G115/><T59/><D12/><U53/><E133/><V91/><F6/><W54/><G132/><T11/><D9/><U106/><E62/><V109/><F46/><W128/><G128/><T87/><D87/><U85/><E85/><V29/><F29/><W40/><G40/><T108/><D108/><N who="2" m="41546" /><F104/><W35/><G35/><T43/><D11/><U65/><E65/><V28/><F28/><W134/><G134/><T130/><D43/><U68/><E68/><V122/><F122/><W45/><G107/><T3/><D3/><U119/><E119/><V135/><F135/><W49/><G77/><N who="0" m="29771" /><D21/><U19/><E19/><V105/><F105/><W114/><G114/><T41/><D41/><U69/><E69/><V72/><F57/><W92/><G92/><N who="0" m="54327" /><D130/><U97/><E8/><V20/><F58/><W52/><G54/><AGARI ba="1,0" hai="24,25,54,59,60,90,95,98" m="54327,29771" machi="54" ten="30,1000,0" yaku="8,1" doraHai="131" who="0" fromWho="3" sc="327,13,130,0,254,0,289,-13" /><INIT seed="3,0,0,4,3,28" ten="340,130,254,276" oya="3" hai0="0,127,83,124,63,12,37,36,84,116,43,108,8" hai1="87,61,115,6,103,59,16,41,100,71,129,133,13" hai2="70,18,7,40,121,21,27,35,55,110,82,50,56" hai3="38,101,57,99,132,2,114,14,5,60,75,97,89"/><W107/><G38/><T26/><D0/><U20/><E115/><V77/><F110/><W73/><G114/><T30/><D108/><U134/><E71/><V131/><F121/><W66/><G2/><T67/><D116/><U9/><E129/><V105/><F131/><W11/><G132/><T39/><D43/><U126/><E126/><N who="0" m="48169" /><D84/><U54/><E41/><V33/><F105/><W1/><G1/><T34/><D83/><U94/><E134/><V69/><F7/><W4/><G4/><N who="0" m="3079" /><D39/><U53/><E133/><V88/><F40/><W135/><G135/><T78/><D78/><U112/><E112/><V102/><F102/><W120/><G120/><T51/><D51/><U95/><E54/><V79/><F79/><W49/><G49/><T72/><D72/><U45/><E45/><V106/><F106/><W130/><G130/><T22/><D22/><U17/><E6/><V47/><F88/><W31/><G89/><T24/><D24/><U15/><REACH who="1" step="1"/><E87/><REACH who="1" ten="340,120,254,276" step="2"/><V25/><F47/><W46/><G46/><T68/><AGARI ba="0,1" hai="26,30,34,36,37,63,67,68" m="3079,48169" machi="68" ten="30,2000,0" yaku="18,1,52,1" doraHai="28" who="0" fromWho="0" sc="340,30,120,-5,254,-5,276,-10" owari="370,47.0,115,-38.5,249,-15.1,266,6.6" /></mjloggm>