<mjloggm ver="2.3"><GO type="225" lobby="0"/><UN n0="%E5%91%89%E5%AF%8C%E6%98%A5" n1="%E5%B0%8F%E9%B3%A5%E9%81%8A%E7%B7%B4%E7%84%A1%32%31%E6%AD%B3" n2="%E5%A4%9C%E3%81%AE%E3%82%AC%E3%82%B9%E3%83%91%E3%83%BC%E3%83%AB" n3="%6D%61%74%69%67%75%73%61" dan="16,16,16,17" rate="2120.89,2142.87,2116.57,2209.04" sx="M,F,M,M"/><TAIKYOKU oya="0"/><INIT seed="0,0,0,4,5,124" ten="250,250,250,250" oya="0" hai0="6,76,43,14,108,41,12,89,1,73,58,47,107" hai1="100,133,92,126,85,0,78,97,72,2,28,75,94" hai2="91,51,36,67,84,81,9,104,5,46,19,48,50" hai3="21,63,31,102,123,20,18,110,59,96,122,130,117"/><T135/><D107/><U99/><E28/><V55/><F104/><W15/><G117/><T11/><D135/><U70/><E70/><V90/><F67/><W121/><G110/><T27/><D108/><U44/><E44/><V39/><F19/><W134/><G134/><T127/><D127/><U103/><E133/><V52/><F91/><W35/><G35/><T65/><D27/><U8/><E8/><V4/><F51/><W111/><G111/><T34/><D34/><U74/><E0/><V30/><F30/><W3/><G3/><T54/><D65/><U87/><E2/><V22/><F22/><W42/><G42/><T101/><D101/><U49/><E49/><V68/><F68/><W62/><G59/><T23/><D89/><U80/><E126/><V128/><F128/><W77/><G130/><T86/><D86/><AGARI ba="0,0" hai="72,74,75,78,80,85,86,87,92,94,97,99,100,103" machi="86" ten="40,12000,2" yaku="9,1,35,6" doraHai="124" who="1" fromWho="0" sc="250,-120,250,120,250,0,250,0" /><INIT seed="1,0,0,2,5,27" ten="130,370,250,250" oya="1" hai0="9,76,55,1,71,6,61,4,15,57,59,54,95" hai1="94,126,40,50,33,122,10,124,111,89,118,113,20" hai2="5,128,58,51,77,29,17,73,24,48,93,11,42" hai3="101,53,70,81,97,131,114,133,22,68,47,80,108"/><U52/><E33/><V117/><F117/><W102/><G22/><T86/><D71/><U134/><E118/><V19/><F128/><W78/><G47/><T135/><D135/><U90/><E113/><V2/><F77/><W74/><G53/><T23/><D23/><U25/><E122/><V96/><F73/><W120/><G78/><T85/><D1/><U99/><E40/><V88/><F58/><W115/><G97/><T103/><D6/><U116/><E116/><V72/><F72/><W121/><G74/><T125/><D125/><N who="1" m="48235" /><E10/><V65/><F65/><W129/><REACH who="3" step="1"/><G108/><REACH who="3" ten="130,370,250,240" step="2"/><T75/><D75/><U41/><E111/><V46/><REACH who="2" step="1"/><F51/><REACH who="2" ten="130,370,240,240" step="2"/><W104/><G104/><T18/><D76/><U34/><E50/><V62/><F62/><W83/><G83/><T130/><D130/><U132/><E132/><AGARI ba="0,2" hai="68,70,80,81,101,102,114,115,120,121,129,131,132,133" machi="132" ten="25,3200,0" yaku="1,1,22,2,53,0" doraHai="27" doraHaiUra="43" who="3" fromWho="1" sc="130,0,370,-32,240,0,240,52" /><INIT seed="2,0,0,0,1,65" ten="130,338,240,292" oya="2" hai0="36,47,6,100,8,26,104,83,126,134,61,56,95" hai1="127,87,4,129,42,33,105,57,118,131,120,70,35" hai2="71,54,97,80,110,119,116,38,12,21,43,117,32" hai3="29,14,41,124,73,44,15,89,67,68,112,37,130"/><V77/><F32/><W1/><G1/><T74/><D126/><U27/><E105/><V11/><F110/><W114/><G73/><T135/><D104/><U133/><E118/><V125/><F125/><W13/><G124/><T40/><D26/><U128/><E127/><V64/><F54/><W59/><G130/><T72/><D100/><U5/><E42/><V25/><F97/><W84/><G59/><T78/><D95/><U24/><E57/><V113/><F113/><N who="3" m="43627" /><G29/><T94/><D94/><U106/><E106/><V50/><F38/><W122/><G122/><T52/><REACH who="0" step="1"/><D74/><REACH who="0" ten="120,338,240,292" step="2"/><U0/><E24/><V82/><F25/><W45/><G84/><T103/><D103/><U99/><E87/><V17/><F116/><W101/><G101/><T30/><D30/><U85/><E85/><V111/><F119/><W53/><G89/><T51/><D51/><U28/><E28/><V31/><F117/><W108/><G108/><T48/><D48/><U93/><E129/><V115/><F111/><W20/><G37/><T19/><D19/><U96/><E128/><V132/><F115/><W62/><G41/><T102/><D102/><U60/><E93/><V75/><F43/><W91/><G91/><T23/><D23/><U39/><E27/><N who="2" m="16879" /><F50/><N who="3" m="28871" /><G45/><T90/><D90/><U98/><E39/><V3/><F75/><W55/><G20/><T76/><D76/><U121/><E131/><V107/><F77/><W10/><G10/><T66/><D66/><U69/><E121/><V22/><F107/><W9/><G9/><T7/><D7/><N who="1" m="2635" /><E120/><V63/><F11/><W88/><G88/><RYUUKYOKU ba="0,1" sc="120,15,338,-15,240,-15,292,15" hai0="6,8,36,40,47,52,56,61,72,78,83,134,135" hai3="13,14,15,55,62,67,68" /><INIT seed="3,1,1,1,2,133" ten="135,323,225,307" oya="3" hai0="121,113,86,107,123,93,63,88,46,45,2,22,34" hai1="94,96,0,82,31,109,41,89,56,71,97,9,28" hai2="100,108,114,42,39,95,20,103,74,54,79,51,33" hai3="65,84,122,14,72,16,135,78,77,112,66,55,17"/><W76/><G112/><T11/><D34/><U52/><E71/><V99/><F33/><W134/><G122/><T59/><D107/><U64/><E109/><V57/><F108/><W60/><G72/><T119/><D119/><U126/><E126/><V110/><F110/><W124/><G124/><T81/><D113/><U90/><E41/><V68/><F68/><W75/><G75/><T115/><D115/><U18/><E64/><N who="3" m="24682" /><G135/><T5/><D121/><U30/><E0/><V102/><F114/><W62/><G134/><T50/><D123/><U92/><E82/><V128/><F128/><W3/><G3/><T120/><D120/><U101/><E101/><V125/><F125/><W7/><G84/><T49/><D22/><U98/><E98/><V10/><F10/><N who="3" m="4447" /><G55/><T6/><D81/><U26/><E9/><V58/><F74/><W4/><G4/><T29/><D29/><U116/><E116/><V105/><F79/><W83/><G83/><T106/><D106/><U21/><E30/><V37/><F105/><W118/><G118/><T129/><D129/><U19/><E31/><V15/><F58/><W13/><G17/><T61/><D59/><U25/><E26/><V127/><F127/><W32/><G32/><T12/><D5/><U23/><E21/><AGARI ba="1,1" hai="13,16,21,60,62,76,77,78" m="4447,24682" machi="21" ten="30,2900,0" yaku="8,1,54,1" doraHai="133" who="3" fromWho="1" sc="135,0,323,-32,225,0,307,42" owari="135,-36.5,291,9.1,225,-17.5,349,44.9" /></mjloggm>