<mjloggm ver="2.3"><GO type="225" lobby="0"/><UN n0="%E6%A0%B9%E5%85%83%E3%81%8B%E3%82%89%E5%90%B9%E3%81%A3%E9%A3%9B%E3%81%B6" n1="%E5%A4%8F%E9%88%B4%E9%88%B4%E5%A4%8F" n2="%E3%81%B5%E3%81%98%E3%81%8B%E3%81%A4" n3="%E3%83%9D%E3%83%B3%E3%83%9D%E3%82%B3%E5%95%86%E4%BA%8B" dan="17,16,17,16" rate="2158.06,2172.73,2209.65,2127.90" sx="F,M,M,M"/><TAIKYOKU oya="0"/><INIT seed="0,0,0,4,0,78" ten="250,250,250,250" oya="0" hai0="30,12,86,107,7,88,92,47,102,54,99,3,14" hai1="33,59,9,51,122,129,85,63,60,15,1,111,103" hai2="36,74,40,93,97,73,5,24,55,82,66,67,43" hai3="131,25,105,98,46,132,10,96,65,87,70,0,133"/><T21/><D3/><U91/><E122/><V23/><F5/><W106/><G25/><T128/><D128/><U37/><E37/><V34/><F34/><W113/><G113/><T64/><D64/><U120/><E33/><V76/><F74/><W53/><G65/><T32/><D32/><U62/><E1/><V115/><F115/><W81/><G70/><T16/><D30/><U4/><E120/><V84/><F55/><W28/><G28/><T49/><REACH who="0" step="1"/><D7/><REACH who="0" ten="240,250,250,250" step="2"/><U8/><E129/><V118/><F118/><W101/><G131/><T104/><D104/><U79/><E4/><V19/><F67/><W75/><G0/><T61/><D61/><U45/><E62/><V83/><F66/><W94/><G106/><T20/><D20/><U126/><E60/><V17/><F17/><W26/><G10/><T121/><D121/><U38/><E63/><V18/><F18/><W95/><G105/><T77/><D77/><U13/><E79/><V50/><F36/><W11/><G11/><T112/><D112/><U134/><E8/><V56/><F50/><W35/><G35/><T27/><AGARI ba="0,1" hai="12,14,16,21,27,47,49,54,86,88,92,99,102,107" machi="27" ten="20,18000,2" yaku="1,1,0,1,7,1,54,2,53,1" doraHai="78" doraHaiUra="89" who="0" fromWho="0" sc="240,190,250,-60,250,-60,250,-60" /><INIT seed="0,1,0,2,2,133" ten="430,190,190,190" oya="0" hai0="72,40,51,25,58,55,31,43,102,124,85,83,131" hai1="68,130,114,118,89,48,27,128,109,28,70,120,12" hai2="94,26,107,18,122,97,29,47,54,30,95,9,15" hai3="52,66,8,82,119,101,44,11,134,111,23,116,35"/><T16/><D131/><U67/><E118/><V39/><F122/><W98/><G35/><T60/><D72/><U129/><E120/><V76/><F76/><W20/><G111/><T13/><D102/><U56/><E109/><V34/><F30/><W125/><G125/><T33/><D124/><U77/><E114/><V80/><F80/><W113/><G134/><T2/><D2/><U41/><E77/><V117/><F117/><W91/><G113/><T126/><D60/><N who="1" m="38279" /><E12/><V45/><F54/><W65/><G116/><T10/><REACH who="0" step="1"/><D126/><REACH who="0" ten="420,190,190,190" step="2"/><U100/><E100/><V32/><F107/><W105/><G105/><T112/><D112/><U3/><E3/><V1/><F1/><W87/><G101/><T0/><D0/><U37/><E129/><V69/><F34/><W132/><G119/><T42/><D42/><U71/><E128/><V103/><F39/><W121/><G132/><T24/><D24/><U38/><E130/><V14/><F14/><W61/><G121/><T17/><D17/><U57/><E41/><V96/><F69/><W63/><G63/><T53/><D53/><U99/><E37/><V108/><F108/><W4/><G61/><T90/><AGARI ba="1,1" hai="10,13,16,25,31,33,40,43,51,55,58,83,85,90" machi="90" ten="20,7800,0" yaku="1,1,0,1,7,1,54,1,53,0" doraHai="133" doraHaiUra="75" who="0" fromWho="0" sc="420,91,190,-27,190,-27,190,-27" /><INIT seed="0,2,0,2,4,100" ten="511,163,163,163" oya="0" hai0="11,74,38,18,65,9,92,64,21,99,34,132,53" hai1="83,56,129,107,5,58,91,60,42,36,25,70,22" hai2="67,96,28,80,66,12,135,134,75,45,122,95,87" hai3="126,73,63,23,1,82,40,30,130,10,118,54,39"/><T128/><D128/><U124/><E70/><V110/><F122/><W77/><G118/><T43/><D132/><N who="2" m="50730" /><F75/><W27/><G130/><T47/><D34/><U104/><E129/><V8/><F28/><W105/><G126/><T15/><D74/><U97/><E5/><N who="2" m="3087" /><F45/><N who="3" m="23711" /><G63/><T115/><D115/><U123/><E123/><V69/><F110/><W2/><G54/><T68/><D53/><N who="1" m="33807" /><E58/><V89/><F69/><W41/><G41/><T32/><D32/><U102/><E102/><AGARI ba="2,0" hai="66,67,80,87,89,95,96,102" m="3087,50730" machi="102" ten="30,1000,0" yaku="20,1" doraHai="100" who="2" fromWho="1" sc="511,0,163,-16,163,16,163,0" /><INIT seed="1,0,0,4,4,65" ten="511,147,179,163" oya="1" hai0="64,92,111,55,101,54,105,57,104,39,11,91,56" hai1="52,19,94,20,66,16,118,40,95,116,60,12,113" hai2="98,22,133,23,112,59,32,89,35,21,0,70,37" hai3="28,72,17,10,88,61,7,108,45,31,2,117,122"/><U106/><E106/><V87/><F37/><W47/><G72/><T33/><D39/><U62/><E113/><V78/><F112/><W13/><G122/><T97/><D33/><U119/><E40/><V127/><F0/><W49/><G108/><T4/><D111/><U26/><E62/><V82/><F133/><W107/><G107/><T50/><D64/><U43/><E43/><V84/><F127/><W99/><G47/><T120/><D101/><U25/><E25/><V86/><F70/><W5/><G117/><T131/><D131/><U93/><E52/><V76/><F59/><W38/><G38/><T51/><D120/><U42/><E42/><V83/><REACH who="2" step="1"/><F98/><REACH who="2" ten="511,147,169,163" step="2"/><W14/><G2/><AGARI ba="0,1" hai="2,4,11,50,51,54,55,56,57,91,92,97,104,105" machi="2" ten="30,2000,0" yaku="7,1,9,1" doraHai="65" who="0" fromWho="3" sc="511,30,147,0,169,0,163,-20" /><INIT seed="2,0,0,5,2,49" ten="541,147,169,143" oya="2" hai0="51,61,81,119,28,97,43,112,58,126,7,135,22" hai1="106,99,104,115,5,56,42,96,32,123,89,33,82" hai2="117,111,27,133,88,128,36,121,127,100,9,72,131" hai3="65,92,13,8,125,63,108,75,24,26,85,103,98"/><V120/><F36/><W86/><G75/><T76/><D112/><U110/><E42/><V53/><F72/><W2/><G2/><T17/><D126/><U83/><E5/><V41/><F41/><W35/><G125/><T71/><D135/><U122/><E56/><V74/><F74/><W15/><G108/><T114/><D7/><U34/><E89/><V18/><F100/><W116/><G15/><T31/><D97/><N who="1" m="37451" /><E115/><V59/><F117/><W78/><G116/><T4/><D4/><U48/><E48/><N who="2" m="31143" /><F127/><W25/><G78/><T113/><D71/><U1/><E1/><V50/><F50/><W87/><G35/><N who="1" m="8962" /><U6/><DORA hai="132" /><E6/><V52/><F133/><W11/><REACH who="3" step="1"/><G13/><REACH who="3" ten="541,147,169,133" step="2"/><T102/><D119/><U29/><E110/><V124/><F111/><W64/><G64/><T55/><D114/><U30/><E122/><V101/><F124/><W23/><G23/><T77/><D77/><U46/><E123/><V69/><F121/><W90/><G90/><T37/><D22/><U20/><E20/><N who="2" m="13719" /><F120/><W91/><G91/><T94/><D113/><U84/><E104/><V80/><F101/><W73/><G73/><T45/><D102/><U60/><E106/><V44/><F88/><W0/><G0/><T14/><D76/><U21/><E84/><V10/><F80/><W129/><G129/><T70/><D81/><U40/><E83/><V79/><F79/><W68/><AGARI ba="0,1" hai="8,11,24,25,26,63,65,68,85,86,87,92,98,103" machi="68" ten="30,4000,0" yaku="1,1,0,1,53,1" doraHai="49,132" doraHaiUra="93,47" who="3" fromWho="3" sc="541,-10,147,-10,169,-20,133,50" /><INIT seed="3,0,0,5,4,23" ten="531,137,149,183" oya="3" hai0="130,6,55,45,112,82,47,16,3,2,127,48,121" hai1="87,88,56,94,27,58,123,4,41,1,109,30,135" hai2="64,38,67,49,0,65,29,36,40,106,128,28,126" hai3="133,119,111,10,85,59,11,86,81,92,34,78,89"/><W63/><G119/><T84/><D121/><U118/><E123/><V69/><F106/><W74/><G34/><T57/><D127/><U96/><E118/><V62/><F0/><W12/><G133/><T80/><D130/><U8/><E135/><V73/><F73/><W122/><G122/><T15/><D112/><U132/><E132/><V52/><F126/><W108/><G74/><T54/><D6/><U44/><E87/><V134/><F134/><W24/><G24/><T113/><D113/><U93/><E94/><V110/><F110/><N who="3" m="42027" /><G12/><T105/><D105/><U33/><REACH who="1" step="1"/><E109/><REACH who="1" ten="531,127,149,183" step="2"/><V90/><F128/><W46/><G86/><T31/><D15/><U5/><E5/><V7/><F7/><W129/><G85/><T107/><D82/><U116/><E116/><V32/><F90/><W18/><G92/><T79/><D47/><U14/><E14/><V117/><F117/><W76/><G81/><T61/><D31/><N who="2" m="11850" /><F32/><W53/><G129/><T120/><D55/><U131/><E131/><V124/><F124/><W97/><G53/><T39/><D61/><U25/><E25/><V115/><F115/><W66/><G63/><T71/><D120/><U91/><E91/><V72/><F72/><W19/><G89/><T20/><D71/><U13/><E13/><V17/><F17/><W102/><G19/><T95/><D95/><U35/><E35/><V43/><F43/><W101/><G18/><T26/><REACH who="0" step="1"/><D107/><REACH who="0" ten="521,127,149,183" step="2"/><U51/><AGARI ba="0,2" hai="1,4,8,27,30,33,41,44,51,56,58,88,93,96" machi="51" ten="20,12000,2" yaku="1,1,0,1,7,1,52,1,54,1,53,1" doraHai="23" doraHaiUra="37" who="1" fromWho="1" sc="521,-30,127,140,149,-30,183,-60" owari="491,59.1,267,6.7,119,-38.1,123,-27.7" /></mjloggm>