<mjloggm ver="2.3"><GO type="225" lobby="0"/><UN n0="%61%69%73%79%6F" n1="%E6%80%AA%E3%81%97%E3%81%99%E3%81%8E%E3%82%8B%E3%83%81%E3%83%BC" n2="%4E%49%4A%49%49%52%4F" n3="%E6%A1%9C%E8%8A%B1%E9%96%83%E3%80%85" dan="17,16,16,18" rate="2158.22,2114.77,2187.65,2284.44" sx="M,M,M,M"/><TAIKYOKU oya="0"/><INIT seed="0,0,0,1,0,58" ten="250,250,250,250" oya="0" hai0="93,31,66,64,92,11,111,35,69,14,9,18,71" hai1="135,88,1,117,78,123,23,127,5,19,116,128,62" hai2="133,33,10,63,120,53,98,38,121,24,126,60,86" hai3="90,107,67,49,43,99,81,101,55,29,122,68,54"/><T106/><D106/><U44/><E123/><V27/><F38/><W3/><G3/><T45/><D111/><U109/><E109/><V75/><F75/><W105/><G122/><T102/><D35/><U57/><E128/><V22/><F126/><W65/><G107/><T37/><D31/><U115/><E127/><V28/><F133/><W8/><G8/><T80/><D80/><U72/><E135/><V131/><F131/><W36/><G36/><T84/><D102/><U113/><E44/><V79/><F121/><W42/><G55/><T119/><D84/><U56/><E56/><V89/><F120/><W74/><G29/><T46/><D14/><N who="1" m="9719" /><E88/><V94/><F53/><W21/><G90/><T110/><D37/><U61/><E5/><V34/><F10/><W129/><G21/><T52/><D110/><U4/><E57/><V2/><F2/><W6/><G6/><T0/><D52/><U73/><E4/><V30/><F22/><W48/><G54/><T47/><D47/><U134/><E1/><V16/><F16/><W41/><G129/><T51/><D18/><U124/><E124/><V125/><F125/><W7/><G7/><T118/><REACH who="0" step="1"/><D0/><REACH who="0" ten="240,250,250,250" step="2"/><U114/><E134/><V82/><AGARI ba="0,1" hai="24,27,28,30,33,34,60,63,79,82,86,89,94,98" machi="82" ten="30,7900,0" yaku="0,1,9,1,52,2" doraHai="58" who="2" fromWho="2" sc="240,-39,250,-20,250,89,250,-20" /><INIT seed="1,0,0,2,0,128" ten="201,230,339,230" oya="1" hai0="15,65,100,30,122,68,70,34,66,105,97,13,101" hai1="74,88,57,108,134,103,84,50,87,6,82,9,58" hai2="89,129,35,39,53,46,4,135,0,56,40,81,121" hai3="16,99,17,117,71,63,130,67,20,126,37,2,38"/><U96/><E134/><V119/><F135/><W55/><G130/><T86/><D122/><U24/><E108/><V102/><F121/><W26/><G126/><T14/><D86/><U48/><E74/><V43/><F129/><W33/><G117/><T36/><D36/><U133/><E133/><V85/><F119/><W110/><G110/><T80/><D80/><U7/><E24/><V51/><F35/><W120/><G120/><T23/><D23/><U12/><E87/><V25/><F25/><W77/><G2/><T92/><D34/><U98/><E7/><V44/><F102/><W116/><G77/><T59/><D59/><N who="1" m="22539" /><E103/><V29/><F29/><W52/><G116/><T90/><D30/><U83/><E82/><V27/><F27/><W91/><G33/><T69/><REACH who="0" step="1"/><D101/><REACH who="0" ten="191,230,339,230" step="2"/><U73/><E73/><V5/><REACH who="2" step="1"/><F0/><REACH who="2" ten="191,230,329,230" step="2"/><W79/><G26/><T93/><D93/><U95/><E95/><V106/><F106/><W78/><G67/><T115/><D115/><U125/><E125/><V1/><F1/><W111/><G111/><T18/><D18/><U118/><E118/><V54/><F54/><W49/><G17/><T42/><D42/><U123/><E123/><V131/><F131/><W127/><G55/><T61/><D61/><AGARI ba="0,2" hai="4,5,39,40,43,44,46,51,53,56,61,81,85,89" machi="61" ten="30,2000,0" yaku="1,1,7,1,53,0" doraHai="128" doraHaiUra="31" who="2" fromWho="0" sc="191,-20,230,0,329,40,230,0" /><INIT seed="2,0,0,5,4,105" ten="171,230,369,230" oya="2" hai0="17,122,93,56,83,86,116,52,124,19,35,30,54" hai1="53,9,32,15,95,94,69,24,87,127,59,102,131" hai2="58,75,77,73,7,55,85,70,29,65,23,84,48" hai3="34,71,101,119,28,129,10,2,51,82,96,37,80"/><V13/><F70/><W103/><G119/><T81/><D122/><U110/><E69/><V123/><F65/><W108/><G37/><T88/><D124/><U3/><E3/><V61/><F123/><W113/><G71/><T91/><D116/><U79/><E127/><V33/><F33/><W21/><G34/><T0/><D0/><U63/><E110/><V76/><F61/><W20/><G103/><T49/><D35/><U4/><E131/><V120/><F120/><W64/><G64/><T67/><D67/><U78/><E32/><V12/><F7/><W16/><G108/><T114/><D30/><U97/><E24/><V135/><F135/><W100/><G100/><T47/><D114/><U26/><E26/><V22/><F29/><W133/><G133/><T57/><D47/><U42/><E42/><V98/><F48/><W62/><G62/><T117/><D117/><U27/><E27/><V25/><F25/><N who="3" m="14471" /><G51/><N who="0" m="30751" /><D83/><U106/><E106/><V40/><F55/><W90/><G113/><T8/><D8/><U39/><E39/><V60/><F60/><W118/><G129/><T115/><D115/><U132/><E132/><V46/><F46/><W128/><G128/><T89/><D89/><AGARI ba="0,0" hai="4,9,15,53,59,63,78,79,87,89,94,95,97,102" machi="89" ten="40,1300,0" yaku="8,1" doraHai="105" who="1" fromWho="0" sc="171,-13,230,13,369,0,230,0" /><INIT seed="3,0,0,4,3,75" ten="158,243,369,230" oya="3" hai0="57,32,47,95,118,121,135,44,123,98,96,130,48" hai1="74,20,84,68,90,13,83,67,26,31,92,19,2" hai2="22,89,77,50,86,116,59,101,17,3,85,129,104" hai3="91,126,131,30,80,60,10,100,133,76,55,38,54"/><W99/><G126/><T39/><D118/><U41/><E2/><V120/><F3/><W114/><G114/><T35/><D135/><U42/><E68/><V107/><F116/><W62/><G133/><T117/><D117/><U73/><E67/><V94/><F129/><W70/><G131/><T24/><D130/><U106/><E106/><V9/><F9/><W111/><G38/><T105/><D105/><U43/><REACH who="1" step="1"/><E92/><REACH who="1" ten="158,233,369,230" step="2"/><V5/><F104/><W49/><G70/><T115/><D115/><U25/><E25/><V12/><F107/><W65/><G65/><T102/><D39/><U16/><E16/><V93/><F93/><W128/><G128/><T36/><D36/><U28/><E28/><V18/><F94/><W40/><G30/><T6/><D121/><U113/><E113/><V29/><F17/><W97/><G97/><T72/><D123/><U82/><E82/><V4/><F18/><W56/><G80/><T103/><D32/><AGARI ba="0,1" hai="13,19,20,26,31,32,41,42,43,73,74,83,84,90" machi="32" ten="40,1300,0" yaku="1,1,53,0" doraHai="75" doraHaiUra="63" who="1" fromWho="0" sc="158,-13,233,23,369,0,230,0" owari="145,-35.5,256,5.6,369,46.9,230,-17.0" /></mjloggm>