<mjloggm ver="2.3"><GO type="225" lobby="0"/><UN n0="%E6%97%A5%E6%9B%9C%E6%97%A5%E3%82%88%E3%82%8A%E3%81%AE%E4%BD%BF%E8%80%85" n1="%E8%B6%85%E7%B4%9A%E9%B3%B3%E5%87%B0" n2="%E8%BE%9B%E5%8F%A3%E3%82%AB%E3%83%AC%E3%83%BC%E3%83%A9%E3%82%A4%E3%82%B9" n3="%E3%81%A8%E3%82%93%E3%81%A8%E3%81%93%E3%81%A8%E3%82%93" dan="17,17,17,16" rate="2140.36,2212.45,2280.90,2109.33" sx="M,M,M,F"/><TAIKYOKU oya="0"/><INIT seed="0,0,0,2,3,71" ten="250,250,250,250" oya="0" hai0="30,0,103,1,104,50,122,94,81,60,96,34,53" hai1="2,117,5,118,109,114,22,56,90,105,107,36,72" hai2="39,102,113,74,87,23,63,28,86,100,93,51,6" hai3="44,62,13,69,20,7,3,10,49,15,43,26,31"/><T38/><D122/><U128/><E72/><V131/><F113/><W35/><REACH who="3" step="1"/><G35/><REACH who="3" ten="250,250,250,240" step="2"/><T84/><D34/><U78/><E114/><V45/><F131/><W111/><G111/><T77/><D30/><U88/><E109/><V99/><F28/><W124/><G124/><T48/><D38/><U16/><E128/><V37/><F37/><W58/><G58/><T116/><D116/><U80/><E56/><V106/><F39/><W73/><G73/><T115/><D115/><U32/><E36/><V27/><F74/><W108/><G108/><T91/><D60/><U29/><E32/><V54/><F45/><W120/><G120/><T17/><D17/><U110/><E29/><V14/><F6/><W64/><AGARI ba="0,1" hai="3,7,10,13,15,20,26,31,43,44,49,62,64,69" machi="64" ten="30,7900,0" yaku="21,2,0,1,53,1" doraHai="71" doraHaiUra="47" who="3" fromWho="3" sc="250,-39,250,-20,250,-20,240,89" /><INIT seed="1,0,0,4,1,32" ten="211,230,230,329" oya="1" hai0="74,106,94,104,121,130,109,73,69,128,2,111,131" hai1="61,95,23,22,120,67,91,8,4,25,35,0,127" hai2="62,124,54,113,18,16,48,38,123,126,103,68,31" hai3="117,37,11,132,56,90,87,88,42,51,96,129,28"/><U125/><E120/><V30/><F123/><W135/><G129/><T24/><D121/><U112/><E112/><V79/><F38/><W59/><G37/><T49/><D69/><U26/><E35/><V97/><F113/><W92/><G117/><T105/><D49/><U122/><E122/><V12/><F79/><W101/><G28/><N who="2" m="10793" /><F62/><W36/><G36/><T39/><D39/><U57/><E23/><V7/><F7/><W70/><G70/><T19/><D2/><U116/><E116/><V63/><F63/><W17/><G42/><T93/><D19/><U102/><E102/><V58/><F12/><N who="3" m="7327" /><G51/><T47/><D24/><U41/><E41/><V66/><F66/><W78/><G78/><T45/><D94/><U53/><E67/><V75/><F75/><N who="0" m="28682" /><D93/><U44/><E44/><AGARI ba="0,0" hai="44,45,47,104,105,106,109,111,128,130,131" m="28682" machi="44" ten="50,6400,0" yaku="28,2,19,1" doraHai="32" who="0" fromWho="1" sc="211,64,230,-64,230,0,329,0" /><INIT seed="2,0,0,0,4,9" ten="275,166,230,329" oya="2" hai0="37,42,31,95,1,27,103,116,114,128,41,90,55" hai1="123,132,15,81,72,39,117,84,120,7,53,32,73" hai2="62,58,109,22,126,2,65,67,100,60,49,52,10" hai3="30,77,122,28,63,104,112,40,11,129,5,48,19"/><V51/><F126/><W82/><G122/><N who="1" m="46634" /><E117/><V133/><F133/><W69/><G104/><T83/><D1/><U89/><E39/><V50/><F100/><W97/><G129/><T26/><D37/><U96/><E32/><V92/><F109/><W131/><G131/><T54/><D114/><U99/><E53/><N who="0" m="19977" /><D116/><U57/><E57/><V70/><F92/><W106/><G112/><T75/><D75/><N who="1" m="28747" /><E7/><V38/><F22/><W135/><G5/><T107/><D107/><U20/><E20/><V111/><F111/><W25/><G106/><T23/><D128/><U56/><E56/><N who="2" m="36999" /><F10/><W102/><G11/><T108/><D108/><U35/><E35/><V85/><F85/><W66/><G135/><T118/><D118/><U43/><E43/><V16/><F16/><W76/><G19/><T93/><D41/><U46/><E132/><V0/><F0/><W3/><G3/><T12/><D42/><U113/><E113/><V4/><F4/><W71/><G40/><T74/><D23/><U47/><E15/><V121/><F2/><W24/><G71/><T130/><D12/><U13/><E13/><V98/><F98/><W94/><G97/><N who="0" m="59823" /><D130/><U21/><E21/><V110/><F110/><W78/><G69/><T61/><D31/><U115/><E115/><V34/><F34/><W127/><G30/><T59/><D26/><U80/><E80/><V33/><F33/><W68/><G82/><T125/><D27/><U134/><E134/><V79/><F38/><W36/><G36/><T88/><D83/><U124/><E124/><V44/><F70/><W119/><G127/><RYUUKYOKU ba="0,0" sc="275,-10,166,30,230,-10,329,-10" hai1="46,47,81,84,89,96,99" /><INIT seed="3,1,0,4,4,131" ten="265,196,220,319" oya="3" hai0="90,110,61,53,0,116,86,85,121,55,70,67,11" hai1="30,118,130,41,58,79,125,88,132,111,34,21,7" hai2="40,8,17,133,19,60,63,29,43,14,22,82,13" hai3="108,51,74,81,127,104,102,112,100,117,98,57,62"/><W64/><G112/><T36/><D36/><U44/><E130/><V101/><F133/><W27/><G117/><T37/><D37/><U4/><E118/><V45/><F101/><W24/><G127/><T49/><D116/><U33/><E125/><V122/><F122/><W2/><G2/><T134/><D121/><U96/><E111/><V15/><F29/><W126/><G126/><T10/><D110/><U89/><E132/><V113/><F113/><W38/><G38/><T54/><D134/><U25/><E79/><V56/><F45/><W52/><G102/><T80/><D0/><U97/><E34/><V50/><F50/><W120/><G120/><T20/><D49/><N who="1" m="26767" /><E33/><V16/><F82/><W71/><REACH who="3" step="1"/><G108/><REACH who="3" ten="265,196,220,309" step="2"/><T105/><D105/><U46/><E46/><V99/><F8/><W129/><G129/><T119/><D119/><U128/><E128/><V39/><F39/><W75/><G75/><T23/><D10/><U3/><E3/><V109/><F109/><W92/><G92/><T59/><D11/><U28/><E58/><V32/><F56/><W107/><G107/><T31/><D70/><U47/><E47/><V84/><F40/><W68/><G68/><T114/><D114/><U26/><E7/><V65/><F43/><W9/><G9/><T78/><D59/><U91/><E4/><V5/><F5/><W48/><G48/><T123/><D123/><U76/><E76/><AGARI ba="1,1" hai="24,27,51,52,57,62,64,71,74,76,81,98,100,104" machi="76" ten="40,7700,0" yaku="1,1,54,1,53,1" doraHai="131" doraHaiUra="66" who="3" fromWho="1" sc="265,0,196,-80,220,0,309,90" owari="265,6.5,116,-38.4,220,-18.0,399,49.9" /></mjloggm>