<mjloggm ver="2.3"><GO type="225" lobby="0"/><UN n0="%E3%83%A9%E3%83%BC%E3%83%A1%E3%83%B3%E4%BA%94%E9%83%8E" n1="%6D%75%75%6D%75%72%61" n2="%73%6C%69%63%6B%33%31%39" n3="%E3%81%86%E3%83%BC%E3%81%B1%E3%83%BC" dan="16,16,16,17" rate="2084.37,2144.49,2111.81,2202.07" sx="M,F,M,M"/><TAIKYOKU oya="0"/><INIT seed="0,0,0,3,0,21" ten="250,250,250,250" oya="0" hai0="99,100,124,106,25,72,96,85,94,16,37,20,117" hai1="3,48,132,89,13,77,6,80,61,62,108,67,5" hai2="49,9,17,76,104,51,8,33,23,127,39,53,50" hai3="71,83,98,0,91,101,52,135,7,93,112,92,120"/><T74/><D124/><U128/><E108/><V65/><F33/><W47/><G112/><T125/><D125/><U44/><E128/><V14/><F39/><W2/><G71/><T73/><D117/><U11/><E132/><V41/><F104/><W58/><G135/><T46/><D85/><U102/><E102/><V10/><F127/><W95/><G120/><T90/><REACH who="0" step="1"/><D72/><REACH who="0" ten="240,250,250,250" step="2"/><U111/><E111/><V109/><F109/><W30/><G98/><T12/><D12/><U82/><E13/><V119/><F119/><W105/><G0/><T86/><D86/><U29/><E3/><V134/><F134/><W57/><G2/><T19/><D19/><U122/><E122/><V87/><F87/><W4/><G4/><T114/><D114/><U28/><E6/><V110/><F110/><W43/><G7/><T70/><D70/><U79/><E5/><V1/><F1/><W129/><G83/><T26/><D26/><U131/><E80/><V60/><F76/><W59/><G129/><T31/><D31/><U121/><E131/><V45/><REACH who="2" step="1"/><F41/><AGARI ba="0,1" hai="16,20,25,37,41,46,73,74,90,94,96,99,100,106" machi="41" ten="40,12000,1" yaku="1,1,52,1,54,1,53,1" doraHai="21" doraHaiUra="42" who="0" fromWho="2" sc="240,130,250,0,250,-120,250,0" /><INIT seed="0,1,0,2,5,28" ten="370,250,130,250" oya="0" hai0="57,32,85,130,31,90,70,89,121,93,91,135,38" hai1="115,40,50,129,39,0,36,98,12,109,125,103,112" hai2="47,15,67,53,44,5,126,24,96,102,101,45,16" hai3="134,68,86,13,107,7,23,81,14,11,25,127,6"/><T29/><D121/><U104/><E0/><V49/><F126/><W46/><G68/><T122/><D122/><U59/><E125/><V80/><F67/><W123/><G107/><T108/><D70/><U94/><E109/><V43/><F5/><W61/><G123/><T79/><D38/><U77/><E129/><V20/><F80/><W106/><G106/><T105/><D105/><U56/><E77/><V114/><F114/><N who="1" m="43561" /><E104/><V75/><F75/><W30/><G134/><T64/><D135/><U63/><E12/><V27/><F43/><W110/><G110/><T35/><D79/><U82/><E82/><V76/><F76/><W84/><G127/><T78/><D78/><U3/><E3/><V118/><F118/><W1/><G1/><T117/><D117/><U99/><E99/><V73/><F73/><W113/><G113/><T22/><D108/><U133/><E133/><V66/><F66/><W119/><G119/><T132/><D64/><N who="1" m="39015" /><E59/><N who="2" m="33199" /><F96/><W52/><G81/><T131/><D57/><U69/><E69/><V74/><F74/><W34/><G61/><T51/><D130/><U33/><E33/><V72/><F72/><W37/><G34/><T62/><D131/><U42/><E42/><V55/><F55/><W2/><G2/><T17/><D132/><U18/><E18/><V71/><F71/><W9/><G52/><T60/><D17/><U21/><E21/><N who="2" m="11423" /><F24/><W58/><G58/><T19/><D22/><U48/><E40/><AGARI ba="1,0" hai="6,7,9,11,13,14,23,25,30,37,40,46,84,86" machi="40" ten="40,1300,0" yaku="9,1" doraHai="28" who="3" fromWho="1" sc="370,0,250,-16,130,0,250,16" /><INIT seed="1,0,0,4,2,130" ten="370,234,130,266" oya="1" hai0="80,37,52,129,23,91,32,54,60,71,33,49,103" hai1="56,107,58,7,79,122,126,72,109,8,12,29,85" hai2="120,48,113,90,0,106,63,50,9,84,128,121,22" hai3="76,26,131,134,133,74,4,135,67,3,42,93,66"/><U81/><E122/><V117/><F117/><W124/><G131/><T28/><D37/><U111/><E126/><V89/><F106/><W114/><G114/><T16/><D129/><U94/><E107/><V39/><F39/><W21/><G124/><T78/><D103/><U43/><E43/><V83/><F128/><W44/><G93/><T62/><D91/><N who="1" m="53615" /><E29/><V86/><F113/><W13/><G3/><T98/><D98/><U119/><E119/><V15/><F0/><W110/><G110/><AGARI ba="0,0" hai="7,8,12,56,58,72,79,81,109,110,111" m="53615" machi="110" ten="30,2900,0" yaku="14,1,10,1" doraHai="130" who="1" fromWho="3" sc="370,0,234,29,130,0,266,-29" /><INIT seed="1,1,0,5,1,90" ten="370,263,130,237" oya="1" hai0="77,19,73,95,0,79,36,12,106,102,75,42,103" hai1="30,18,104,100,107,6,63,86,80,40,26,37,50" hai2="61,125,111,118,66,71,130,21,29,129,126,119,39" hai3="101,23,48,134,110,13,57,69,44,112,114,108,74"/><U35/><E37/><V132/><F21/><W83/><G101/><T51/><D0/><U22/><E6/><V67/><F29/><W54/><G69/><T38/><D36/><U105/><E63/><N who="2" m="40415" /><F39/><W88/><G134/><T135/><D135/><U9/><E9/><V70/><F111/><N who="3" m="42539" /><G44/><T65/><D38/><U82/><E82/><V85/><F85/><N who="3" m="50239" /><G74/><T96/><D73/><U8/><E8/><V124/><F132/><W113/><G23/><T20/><D75/><U53/><E40/><V25/><F25/><W28/><G13/><T60/><D106/><U87/><E100/><V62/><F62/><W120/><G28/><T3/><D3/><U128/><E80/><V117/><AGARI ba="1,0" hai="61,67,70,117,118,119,124,125,126,129,130" m="40415" machi="117" ten="40,8000,1" yaku="18,1,23,1,34,2" doraHai="90" who="2" fromWho="2" sc="370,-21,263,-41,130,83,237,-21" /><INIT seed="2,0,0,2,4,109" ten="349,222,213,216" oya="2" hai0="83,126,74,9,104,69,95,107,49,82,132,88,4" hai1="131,133,3,97,75,25,22,78,15,125,112,116,40" hai2="50,17,16,13,34,52,71,89,31,91,7,1,38" hai3="134,44,96,118,106,2,99,5,36,76,54,102,29"/><V62/><F38/><W77/><G118/><T26/><D69/><U42/><E3/><V33/><F71/><W35/><G134/><T123/><D123/><U19/><E116/><V11/><F62/><W128/><G128/><T24/><D132/><U20/><E133/><V120/><F120/><W37/><G35/><T27/><D126/><U47/><E131/><V18/><F1/><W46/><G29/><T129/><D129/><U0/><E0/><V94/><F31/><W115/><G2/><T66/><D66/><U124/><E112/><V70/><F70/><W8/><G8/><T6/><D49/><U53/><E97/><V111/><F111/><W117/><G117/><T101/><D101/><U130/><E130/><V64/><F64/><W14/><G14/><T10/><D74/><U103/><E103/><V85/><REACH who="2" step="1"/><F91/><REACH who="2" ten="349,222,203,216" step="2"/><W57/><G37/><T48/><D88/><U60/><E124/><V32/><F32/><W113/><G36/><T55/><D48/><U72/><E125/><V110/><F110/><W81/><G102/><T79/><D104/><U86/><E60/><V68/><F68/><W100/><G100/><T114/><D107/><U59/><E78/><V30/><F30/><W127/><G127/><T28/><D79/><U61/><E61/><V80/><F80/><W119/><G106/><T41/><D82/><U23/><E25/><V63/><F63/><N who="3" m="36279" /><G119/><T43/><D83/><U98/><E15/><V87/><F87/><N who="3" m="48551" /><G77/><T105/><D28/><U92/><E86/><V93/><F93/><W12/><G99/><T56/><D105/><U39/><E98/><RYUUKYOKU ba="0,1" sc="349,-10,222,-10,203,30,216,-10" hai2="7,11,13,16,17,18,33,34,50,52,85,89,94" /><INIT seed="2,1,1,4,5,113" ten="339,212,233,206" oya="2" hai0="102,103,24,121,92,130,14,114,126,41,22,3,111" hai1="7,26,73,13,55,74,85,20,83,19,135,5,95" hai2="112,40,122,28,30,104,79,33,48,106,67,43,119" hai3="53,97,94,0,129,101,117,42,29,16,109,123,66"/><V60/><F112/><W52/><G123/><T81/><D121/><U99/><E135/><V54/><F122/><W45/><G0/><T127/><D114/><U35/><E74/><V69/><F119/><W98/><G129/><T50/><D130/><U44/><E73/><V108/><F108/><W8/><G109/><T4/><D3/><U70/><E70/><V12/><F79/><W32/><G117/><T38/><D38/><U58/><E44/><V34/><F12/><N who="3" m="7175" /><G32/><T18/><D111/><U90/><E35/><V76/><F76/><W59/><G29/><T15/><D81/><U125/><E13/><N who="0" m="4617" /><D92/><U77/><REACH who="1" step="1"/><E125/><REACH who="1" ten="339,202,233,206" step="2"/><V107/><F34/><W84/><G45/><N who="0" m="25903" /><D4/><U57/><E57/><V89/><F33/><W62/><G42/><T39/><D39/><U9/><E9/><V65/><F43/><W46/><G46/><T133/><D133/><U115/><E115/><V63/><F40/><W120/><G120/><T124/><AGARI ba="1,2" hai="18,22,24,102,103,124,126,127" m="25903,4617" machi="124" ten="40,1500,0" yaku="18,1" doraHai="113" who="0" fromWho="0" sc="339,38,202,-5,233,-8,206,-5" /><INIT seed="3,0,0,5,3,131" ten="377,197,225,201" oya="3" hai0="129,53,89,11,117,67,39,75,73,23,61,92,118" hai1="96,37,9,66,32,62,59,21,90,28,70,125,8" hai2="81,76,40,24,95,135,87,102,30,71,97,18,120" hai3="57,119,58,132,45,12,31,3,115,60,7,15,2"/><W93/><G115/><T42/><D129/><U109/><E37/><V122/><F135/><W49/><G119/><T108/><D108/><U128/><E32/><V105/><F71/><W16/><G132/><T19/><D11/><N who="1" m="4171" /><E128/><V85/><F40/><N who="3" m="24743" /><G3/><T38/><D53/><U113/><E70/><V130/><F18/><W41/><G2/><T64/><D89/><U51/><E109/><V20/><F130/><W63/><G7/><T1/><D92/><N who="1" m="56343" /><E113/><V77/><F105/><W111/><G111/><T84/><D61/><N who="3" m="23625" /><G31/><T69/><D84/><U72/><E72/><V5/><F5/><W86/><G41/><T54/><D42/><U123/><E123/><N who="2" m="47147" /><F76/><W99/><G86/><AGARI ba="0,0" hai="20,24,30,77,81,85,86,87,95,97,102" m="47147" machi="86" ten="30,1000,0" yaku="13,1" doraHai="131" who="2" fromWho="3" sc="377,0,197,0,225,10,201,-10" owari="377,47.7,197,-20.3,235,3.5,191,-30.9" /></mjloggm>