<mjloggm ver="2.3"><GO type="225" lobby="0"/><UN n0="%E6%A1%9C%E8%8A%B1%E9%96%83%E3%80%85" n1="%72%69%6F%75%63%68%61%6E" n2="%E3%81%86%E3%81%A9%E3%82%93%E3%81%93" n3="%E8%80%81%E6%A5%BD" dan="16,16,16,16" rate="2062.89,2115.66,2133.33,2090.64" sx="M,M,M,M"/><TAIKYOKU oya="0"/><INIT seed="0,0,0,5,0,113" ten="250,250,250,250" oya="0" hai0="50,128,53,67,49,79,2,61,103,10,83,115,40" hai1="73,112,69,63,31,97,39,47,75,20,18,54,123" hai2="27,29,127,52,9,14,126,124,129,92,42,72,117" hai3="132,65,55,106,102,0,81,108,4,60,78,96,24"/><T5/><D115/><U77/><E123/><V51/><F72/><W105/><G108/><T16/><D128/><U37/><E112/><V131/><F42/><W38/><G132/><T74/><D40/><U110/><E110/><V34/><F92/><W98/><G38/><T11/><D103/><U1/><E1/><V13/><F117/><W32/><G55/><T120/><D120/><U35/><E31/><V90/><F90/><W121/><G121/><T33/><D33/><U59/><E35/><V23/><F34/><W62/><G4/><T118/><D118/><U41/><E37/><V36/><F36/><W86/><G0/><T101/><D101/><U94/><E69/><V119/><F119/><W84/><G84/><T88/><D88/><N who="1" m="55495" /><E77/><V28/><F28/><W133/><G133/><T91/><D91/><U8/><E8/><V125/><N who="2" m="31744" /><DORA hai="80" /><V43/><F43/><W104/><G98/><T85/><D74/><U71/><E71/><V111/><F111/><W122/><G122/><T12/><REACH who="0" step="1"/><D53/><REACH who="0" ten="240,250,250,250" step="2"/><U66/><E66/><V82/><F82/><W58/><G65/><T26/><D26/><AGARI ba="0,1" hai="18,20,26,39,41,47,54,59,63,73,75" m="55495" machi="26" ten="30,2000,0" yaku="25,1,54,1" doraHai="113,80" who="1" fromWho="0" sc="240,-20,250,30,250,0,250,0" /><INIT seed="1,0,0,2,3,34" ten="220,280,250,250" oya="1" hai0="29,58,114,47,108,64,101,85,111,102,112,67,86" hai1="94,95,7,119,113,74,18,27,107,13,19,83,1" hai2="127,81,123,89,9,70,91,25,97,62,93,103,26" hai3="43,41,76,66,98,21,72,65,51,134,6,36,11"/><U133/><E113/><N who="0" m="43625" /><D58/><U128/><E119/><V121/><F127/><W120/><G120/><T118/><D47/><U90/><E128/><V69/><F9/><W68/><G51/><T122/><D118/><U100/><E133/><V92/><F81/><W57/><G57/><T132/><D29/><U77/><E27/><V84/><F103/><N who="0" m="39434" /><D132/><U2/><E7/><V60/><F84/><N who="0" m="32362" /><D122/><U75/><E75/><V55/><F97/><W52/><G98/><T125/><D125/><U73/><E73/><V12/><F12/><W87/><G41/><T48/><D48/><U105/><E18/><V116/><F116/><W15/><G43/><T42/><D42/><U79/><E19/><V10/><F10/><W126/><G11/><T104/><D104/><U110/><E13/><V135/><REACH who="2" step="1"/><F55/><REACH who="2" ten="220,280,240,250" step="2"/><W115/><G52/><T99/><D99/><U61/><E107/><V37/><F37/><W131/><G36/><T63/><D63/><U96/><E105/><V56/><F56/><W4/><G126/><T88/><D88/><U109/><E61/><V20/><F20/><W17/><G21/><T59/><D59/><U129/><E90/><V33/><F33/><W35/><G35/><T80/><D80/><U45/><E83/><V130/><F130/><W14/><G131/><T24/><D24/><U16/><E129/><V31/><F31/><W71/><G134/><AGARI ba="0,1" hai="25,26,60,62,69,70,89,91,92,93,121,123,134,135" machi="134" ten="25,3200,0" yaku="1,1,22,2,53,0" doraHai="34" doraHaiUra="39" who="2" fromWho="3" sc="220,0,280,0,240,42,250,-32" /><INIT seed="2,0,0,1,2,73" ten="220,280,282,218" oya="2" hai0="90,116,126,77,38,62,128,18,64,97,123,84,28" hai1="130,34,47,87,27,134,9,41,100,122,70,121,43" hai2="46,101,2,82,67,80,51,57,102,45,78,75,108" hai3="124,105,30,95,132,61,40,76,115,50,25,29,91"/><V16/><F2/><W8/><G105/><T37/><D123/><N who="1" m="47115" /><E70/><V58/><F108/><W6/><G132/><T106/><D128/><U85/><E130/><V36/><F36/><W109/><G109/><T48/><D126/><U5/><E134/><V52/><F80/><W110/><G110/><T117/><D28/><N who="1" m="19743" /><E100/><V104/><F101/><W125/><G115/><T118/><D48/><N who="1" m="26735" /><E43/><V23/><F102/><W14/><G61/><T112/><D112/><U63/><E63/><V42/><F104/><W17/><G124/><T32/><D106/><U98/><E98/><V86/><F75/><W127/><G125/><T99/><D99/><U92/><E92/><V13/><F42/><W103/><G103/><T3/><D97/><U7/><E7/><V107/><F107/><W19/><G127/><T83/><D37/><U71/><E71/><V89/><F89/><W11/><G40/><T66/><D38/><U20/><E20/><V33/><F33/><W44/><G6/><T69/><D32/><U39/><E39/><V60/><AGARI ba="0,0" hai="13,16,23,45,46,51,52,57,58,60,67,78,82,86" machi="60" ten="30,12000,1" yaku="0,1,8,1,52,1,54,2" doraHai="73" who="2" fromWho="2" sc="220,-40,280,-40,282,120,218,-40" /><INIT seed="2,1,0,1,2,33" ten="180,240,402,178" oya="2" hai0="115,8,69,84,111,83,43,128,61,72,35,24,27" hai1="68,87,129,53,124,34,126,73,40,64,19,116,103" hai2="66,2,57,55,16,3,121,25,50,90,1,49,106" hai3="123,74,101,21,65,31,113,112,7,85,78,37,67"/><V119/><F121/><W47/><G123/><T94/><D115/><N who="3" m="44105" /><G74/><T88/><D111/><U104/><E116/><V102/><F119/><W133/><G133/><T98/><D128/><U125/><E129/><V4/><F66/><W91/><G78/><T86/><D72/><U59/><E73/><V42/><F4/><W81/><G101/><T108/><D108/><U109/><E109/><V100/><F106/><W60/><G7/><T95/><D35/><U0/><E34/><V20/><REACH who="2" step="1"/><F90/><REACH who="2" ten="180,240,392,178" step="2"/><W51/><G65/><T105/><D105/><U71/><E64/><V6/><F6/><W99/><G67/><T18/><D69/><U5/><E68/><V118/><F118/><W96/><G37/><T134/><D134/><U15/><E71/><V9/><F9/><W28/><G60/><T110/><D61/><U17/><E104/><V92/><F92/><W120/><G120/><T62/><D62/><U22/><E126/><V58/><F58/><W38/><G38/><T30/><D110/><U89/><E59/><V26/><F26/><N who="3" m="16463" /><G31/><T36/><D30/><U13/><E125/><V93/><F93/><W54/><AGARI ba="1,1" hai="47,51,54,81,85,91,96,99" m="16463,44105" machi="54" ten="30,1100,0" yaku="11,1" doraHai="33" who="3" fromWho="3" sc="180,-4,240,-4,392,-6,178,24" /><INIT seed="3,0,0,3,1,3" ten="176,236,386,202" oya="3" hai0="32,85,14,53,24,64,42,133,79,65,119,117,113" hai1="89,27,109,12,6,35,102,93,81,40,114,130,132" hai2="84,95,99,20,45,123,129,44,76,23,121,100,28" hai3="83,94,80,127,30,17,31,71,56,116,67,78,88"/><W135/><G116/><T66/><D133/><U75/><E114/><V51/><F129/><W126/><G71/><T21/><D113/><U8/><E130/><V15/><F28/><W134/><G17/><T107/><D107/><U98/><E132/><N who="3" m="50730" /><G56/><T43/><D32/><U87/><E109/><V18/><F23/><W0/><G0/><T86/><D117/><U55/><E40/><V26/><F26/><W59/><G59/><T57/><D119/><U131/><E131/><V2/><F2/><W36/><G36/><T9/><D79/><U50/><E75/><V120/><F51/><W97/><G67/><T104/><D104/><U110/><E110/><V124/><F124/><N who="3" m="47659" /><G80/><AGARI ba="0,0" hai="15,18,20,44,45,76,80,84,95,99,100,120,121,123" machi="80" ten="40,1300,0" yaku="13,1" doraHai="3" who="2" fromWho="3" sc="176,0,236,0,386,13,202,-13" owari="176,-32.4,236,3.6,399,49.9,189,-21.1" /></mjloggm>