<mjloggm ver="2.3"><GO type="225" lobby="0"/><UN n0="%E3%82%B3%E3%83%90%E3%83%AC%E3%82%A4" n1="%E5%A4%9C%E3%81%AE%E3%82%AC%E3%82%B9%E3%83%91%E3%83%BC%E3%83%AB" n2="%E6%B8%A9%E2%98%85%E6%83%85%E2%98%85%E6%8E%AA%E2%98%85%E7%BD%AE" n3="%E4%BA%BA%E9%96%93%E3%83%81%E3%83%A3%E3%83%BC%E3%83%8F%E3%83%B3" dan="16,16,18,16" rate="2134.51,2176.06,2231.17,2100.55" sx="M,M,M,M"/><TAIKYOKU oya="0"/><INIT seed="0,0,0,5,4,43" ten="250,250,250,250" oya="0" hai0="30,58,62,66,51,134,54,3,37,107,86,59,35" hai1="15,40,92,117,25,70,98,79,67,83,133,74,104" hai2="72,61,135,120,122,90,28,75,129,127,111,53,11" hai3="19,39,9,6,1,103,99,119,76,115,118,57,81"/><T97/><D3/><U126/><E117/><V93/><F28/><W91/><G115/><T102/><D37/><U44/><E104/><V123/><F111/><W7/><G7/><T109/><D109/><U82/><E126/><V24/><F127/><W124/><G124/><T125/><D125/><U12/><E133/><V105/><F105/><W63/><G91/><T46/><D134/><U88/><E67/><V121/><F135/><W29/><G29/><T96/><D86/><U52/><E70/><V2/><F24/><W42/><G19/><T130/><D96/><U26/><E83/><V56/><F129/><W23/><G23/><T77/><D77/><U110/><E110/><V20/><F20/><W65/><G42/><T38/><D38/><U13/><REACH who="1" step="1"/><E52/><REACH who="1" ten="250,240,250,250" step="2"/><V113/><F113/><W34/><G118/><T106/><D106/><U69/><E69/><V108/><F108/><W8/><G81/><T16/><D130/><U132/><E132/><V27/><F123/><W60/><G65/><T84/><D58/><U22/><E22/><V49/><F61/><W55/><G60/><T10/><D35/><U5/><E5/><N who="2" m="1463" /><F122/><W71/><G34/><T89/><D30/><U14/><N who="1" m="3072" /><DORA hai="128" /><U17/><E17/><V31/><F120/><W100/><G119/><T64/><D16/><U87/><E87/><N who="2" m="52447" /><F121/><W33/><G33/><T0/><D10/><U18/><E18/><V131/><F131/><W80/><G9/><T101/><D0/><U112/><E112/><V95/><F95/><W41/><G8/><T94/><D64/><U85/><E85/><V68/><F68/><RYUUKYOKU ba="0,1" sc="250,10,240,10,250,10,250,-30" hai0="46,51,54,59,62,66,84,89,94,97,101,102,107" hai1="25,26,40,44,74,79,82,88,92,98" hai2="27,31,49,53,56,72,75" /><INIT seed="0,1,1,0,4,32" ten="260,250,260,220" oya="0" hai0="65,98,123,35,104,62,94,41,99,57,7,14,76" hai1="86,64,2,52,95,78,66,45,88,114,127,122,117" hai2="59,56,75,132,80,126,121,128,30,3,0,4,85" hai3="33,13,130,24,58,36,81,38,54,16,50,133,1"/><T37/><D35/><U100/><E117/><V17/><F121/><W79/><G130/><T120/><D76/><U22/><E122/><V82/><F4/><W89/><G133/><T74/><D74/><U106/><E2/><N who="2" m="555" /><F30/><W47/><G1/><T6/><D104/><U51/><E127/><V115/><F115/><W118/><G118/><T102/><D99/><N who="1" m="59519" /><E106/><V60/><F75/><W23/><G89/><T84/><D123/><U87/><E114/><V131/><F132/><W92/><G92/><T5/><D120/><U44/><E44/><V112/><F112/><W91/><G91/><T103/><D103/><U40/><E40/><V25/><F126/><W15/><G33/><T116/><D84/><U28/><E86/><V63/><F17/><W108/><G108/><T10/><D116/><U111/><E111/><V49/><F25/><W105/><G105/><T27/><D37/><U124/><E78/><N who="2" m="46231" /><F82/><W72/><REACH who="3" step="1"/><G47/><REACH who="3" ten="260,250,260,210" step="2"/><T107/><D107/><U119/><E119/><V8/><F131/><W101/><G101/><T109/><D109/><U42/><E124/><V69/><F128/><W135/><G135/><T96/><D98/><U43/><E88/><V93/><F93/><W21/><G21/><T46/><D46/><U70/><E22/><V83/><F83/><W18/><G18/><T29/><D41/><U19/><E19/><V77/><F77/><W113/><G113/><T134/><D134/><U53/><E43/><V68/><F8/><W90/><G90/><T12/><D10/><U125/><E125/><V34/><F34/><W67/><G67/><T129/><D129/><RYUUKYOKU ba="1,2" sc="260,15,250,-15,260,-15,210,15" hai0="5,6,7,12,14,27,29,57,62,65,94,96,102" hai3="13,15,16,23,24,36,38,50,54,58,72,79,81" /><INIT seed="0,2,2,2,1,31" ten="275,235,245,225" oya="0" hai0="121,97,52,27,45,106,75,122,98,64,89,3,133" hai1="115,26,116,102,36,41,93,103,120,11,134,117,88" hai2="68,81,34,94,126,14,96,65,48,39,84,49,8" hai3="112,4,22,66,30,50,35,73,131,86,51,2,13"/><T100/><D75/><U119/><E120/><V125/><F39/><W130/><G112/><T95/><D3/><U114/><E134/><V56/><F68/><W62/><G73/><T105/><D133/><U127/><E41/><V60/><F34/><W19/><G86/><T18/><D64/><U46/><E46/><V43/><F43/><W83/><G83/><T129/><D105/><U0/><E36/><V132/><F132/><W23/><G23/><T70/><D70/><U110/><E26/><V47/><F47/><W7/><G7/><T10/><D129/><N who="3" m="49161" /><G30/><T92/><D106/><U29/><E29/><V87/><F87/><W54/><G35/><T12/><REACH who="0" step="1"/><D27/><REACH who="0" ten="265,235,245,225" step="2"/><U25/><E25/><V72/><F72/><W1/><G66/><T33/><D33/><U57/><E115/><V69/><F69/><W109/><G2/><T77/><D77/><U67/><E114/><V38/><F126/><W101/><G1/><T24/><D24/><U74/><E127/><V111/><F125/><W107/><G107/><T82/><D82/><U5/><E74/><V123/><F81/><W91/><G109/><T79/><D79/><U44/><E116/><V21/><F65/><W53/><G53/><T17/><D17/><U128/><E110/><V9/><F111/><W135/><G54/><T59/><D59/><U78/><E128/><V15/><F56/><W32/><G135/><T55/><D55/><U63/><E78/><V108/><F108/><W20/><G19/><T90/><D90/><U118/><E44/><V113/><F113/><W80/><G32/><T42/><D42/><RYUUKYOKU ba="2,3" sc="265,15,235,15,245,-15,225,-15" hai0="10,12,18,45,52,89,92,95,97,98,100,121,122" hai1="0,5,11,57,63,67,88,93,102,103,117,118,119" /><INIT seed="0,3,3,3,1,100" ten="280,250,230,210" oya="0" hai0="2,85,23,37,87,30,32,109,8,119,58,72,107" hai1="24,25,19,117,75,92,53,133,93,89,77,0,14" hai2="70,5,66,121,52,51,101,43,22,76,111,125,122" hai3="68,9,27,13,130,62,1,129,124,41,96,106,134"/><T98/><D72/><U29/><E117/><V132/><F5/><W33/><G124/><T78/><D32/><U102/><E0/><V108/><F76/><W16/><G134/><T126/><D37/><U47/><E133/><V4/><F132/><W69/><G41/><T11/><D126/><U18/><E77/><V35/><F35/><W64/><G68/><T61/><D119/><U31/><E75/><V94/><F4/><W17/><G1/><T115/><D2/><U127/><E127/><V50/><F22/><W135/><G135/><T97/><D115/><U118/><E118/><V55/><F43/><W82/><G82/><N who="0" m="47319" /><D107/><U46/><E53/><N who="2" m="20555" /><F94/><W42/><G42/><T45/><D87/><U15/><E102/><V103/><F103/><N who="3" m="62823" /><G17/><T120/><D45/><U3/><E3/><V88/><F88/><AGARI ba="3,3" hai="14,15,18,19,24,25,29,31,46,47,88,89,92,93" machi="88" ten="25,6400,0" yaku="22,2,8,1,54,1" doraHai="100" who="1" fromWho="2" sc="280,0,250,103,230,-73,210,0" /><INIT seed="1,0,0,4,5,124" ten="280,353,157,210" oya="1" hai0="31,86,92,84,52,50,42,73,118,102,32,133,51" hai1="19,57,85,4,96,103,44,7,60,80,91,65,16" hai2="72,27,97,78,67,48,68,129,55,104,20,110,77" hai3="5,2,54,108,0,36,127,59,3,94,62,99,131"/><U95/><REACH who="1" step="1"/><E44/><REACH who="1" ten="280,343,157,210" step="2"/><V18/><F110/><W46/><G108/><T113/><D118/><U14/><E14/><V61/><F72/><W81/><G127/><T88/><D73/><U15/><E15/><V37/><F37/><W29/><G46/><T134/><D113/><U89/><E89/><V112/><F112/><W49/><G36/><T39/><D39/><U17/><AGARI ba="0,1" hai="4,7,16,17,19,57,60,65,80,85,91,95,96,103" machi="17" ten="30,18000,2" yaku="21,2,0,1,8,1,54,1,53,1" doraHai="124" doraHaiUra="90" who="1" fromWho="1" sc="280,-60,343,190,157,-60,210,-60" /><INIT seed="1,1,0,4,4,84" ten="220,533,97,150" oya="1" hai0="59,8,97,44,33,93,2,115,9,74,130,86,25" hai1="116,45,131,12,50,75,123,117,41,109,127,19,13" hai2="55,54,60,79,71,135,42,0,23,36,81,22,68" hai3="114,94,77,58,105,7,126,46,5,111,96,52,99"/><U3/><E123/><V24/><F135/><W85/><G114/><T76/><D74/><U83/><E3/><V16/><F0/><W64/><G111/><T88/><D115/><U32/><E109/><V104/><F104/><W66/><G126/><T26/><D2/><U122/><E122/><V21/><F36/><W92/><G105/><T56/><D44/><U51/><E32/><V107/><F107/><W67/><G46/><T101/><D76/><U73/><E131/><V38/><F38/><W78/><G7/><T6/><D130/><U34/><E34/><V17/><F42/><W82/><G5/><T10/><D6/><U43/><E45/><V103/><F103/><W106/><G106/><T91/><D101/><U125/><E19/><V28/><F23/><W37/><G78/><T98/><D98/><N who="3" m="37417" /><G37/><T70/><D70/><U53/><E53/><V120/><F120/><W20/><G20/><T121/><D121/><U132/><REACH who="1" step="1"/><E83/><REACH who="1" ten="220,523,97,150" step="2"/><V65/><F28/><W61/><AGARI ba="1,1" hai="52,58,61,64,66,67,77,82,85,92,94" m="37417" machi="61" ten="30,2000,0" yaku="8,1,54,1" doraHai="84" who="3" fromWho="3" sc="220,-6,523,-11,97,-6,150,33" /><INIT seed="2,0,0,0,1,106" ten="214,512,91,183" oya="2" hai0="35,30,135,114,111,92,57,47,44,79,64,50,85" hai1="16,51,121,39,42,9,102,65,94,134,80,61,49" hai2="48,14,93,3,83,24,82,13,103,62,38,130,66" hai3="90,52,18,53,97,73,26,89,91,58,129,77,6"/><V108/><F38/><W101/><G129/><T127/><D114/><U72/><E134/><V45/><F130/><W11/><G77/><T122/><D135/><U132/><E132/><V128/><F128/><W119/><G73/><T113/><D122/><U123/><E72/><V32/><F3/><W88/><G119/><T99/><D113/><U112/><E80/><V110/><F83/><W126/><G126/><T70/><D70/><U37/><E112/><V107/><F82/><W118/><G118/><T4/><D127/><U31/><E31/><N who="2" m="19559" /><F93/><N who="3" m="58543" /><G6/><T98/><D79/><U116/><E116/><V1/><F1/><W27/><N who="3" m="22528" /><DORA hai="125" /><W23/><G11/><T63/><D4/><U104/><E94/><V87/><F87/><W0/><G0/><T67/><D92/><U71/><E39/><V120/><F120/><W133/><G133/><T55/><D85/><U96/><E121/><V8/><F8/><W21/><G58/><T46/><D99/><U117/><E123/><V43/><F103/><W29/><AGARI ba="0,0" hai="18,21,23,26,27,29,52,53" m="22528,58543" machi="29" ten="40,5200,0" yaku="8,1,54,2" doraHai="106,125" who="3" fromWho="3" sc="214,-13,512,-13,91,-26,183,52" /><INIT seed="3,0,0,1,5,95" ten="201,499,65,235" oya="3" hai0="2,9,37,85,65,133,76,7,119,63,45,75,62" hai1="121,104,41,23,49,33,91,67,90,128,4,11,57" hai2="52,111,35,97,78,107,25,66,32,88,93,42,15" hai3="132,84,102,1,113,8,50,34,134,5,100,6,20"/><W122/><G113/><T58/><D119/><U80/><E33/><V126/><F111/><W118/><G118/><T18/><D133/><N who="3" m="51305" /><G34/><T44/><D85/><U115/><E121/><V129/><F126/><W125/><G125/><T3/><D3/><U71/><E104/><V13/><F129/><W55/><G6/><T60/><D18/><U106/><E106/><V39/><F78/><W29/><G122/><T99/><D45/><U120/><E120/><V0/><F0/><W16/><G84/><T28/><D28/><U73/><E128/><V54/><F35/><W48/><G29/><T21/><D21/><U22/><E22/><V47/><F66/><W83/><G83/><T38/><D38/><U36/><E23/><V117/><F117/><W40/><G40/><T96/><D65/><U98/><E115/><V53/><REACH who="2" step="1"/><F107/><REACH who="2" ten="201,499,55,235" step="2"/><W70/><G1/><T24/><D2/><U27/><E41/><V61/><F61/><W46/><G55/><T86/><D62/><U12/><E80/><V14/><F14/><W81/><G70/><T110/><D63/><U10/><E4/><V56/><F56/><W72/><G5/><T103/><D58/><U30/><E71/><V77/><F77/><W116/><G116/><T112/><D60/><U123/><E67/><V109/><F109/><W114/><G114/><T79/><D112/><U64/><E123/><V31/><AGARI ba="0,1" hai="13,15,25,31,32,39,42,47,52,53,54,88,93,97" machi="31" ten="30,8000,1" yaku="1,1,0,1,52,1,54,2,53,0" doraHai="95" doraHaiUra="82" who="2" fromWho="2" sc="201,-20,499,-20,55,90,235,-40" owari="181,-21.9,479,57.9,145,-35.5,195,-0.5" /></mjloggm>