<mjloggm ver="2.3"><GO type="225" lobby="0"/><UN n0="%E7%89%B9%E6%9D%B1%E3%81%AF%E4%B8%96%E7%95%8C%E3%82%92%E6%95%91%E3%81%86" n1="%E3%81%A9%E3%82%8F%E3%82%93%E3%81%94" n2="%E5%A4%96%E5%B7%9D%E7%AB%9C%E6%88%90" n3="%43%68%65" dan="16,16,16,16" rate="2178.42,2203.98,2131.85,2128.69" sx="M,M,M,M"/><TAIKYOKU oya="0"/><INIT seed="0,0,0,0,1,22" ten="250,250,250,250" oya="0" hai0="14,116,31,0,77,81,103,33,55,82,111,1,3" hai1="20,39,6,83,131,29,25,92,80,18,27,49,68" hai2="46,10,56,101,84,71,61,26,66,78,105,114,132" hai3="21,2,117,120,23,130,62,44,63,70,57,108,59"/><T133/><D116/><U67/><E131/><V5/><F114/><W134/><G117/><T53/><D133/><U94/><E39/><V50/><F132/><W34/><G34/><T106/><D111/><U128/><E128/><V58/><F105/><W102/><G2/><T73/><D14/><U15/><E68/><V30/><F101/><W100/><G70/><T24/><REACH who="0" step="1"/><D82/><REACH who="0" ten="240,250,250,250" step="2"/><U69/><E83/><V42/><F78/><W95/><G108/><T16/><D16/><U129/><E80/><V76/><F76/><W98/><G134/><T11/><D11/><N who="1" m="4599" /><E129/><V13/><REACH who="2" step="1"/><F84/><REACH who="2" ten="240,250,240,250" step="2"/><W87/><G87/><T8/><D8/><U86/><E86/><V72/><F72/><W99/><G130/><T109/><D109/><U91/><E91/><V96/><F96/><AGARI ba="0,2" hai="0,1,3,24,31,33,53,55,73,77,81,96,103,106" machi="96" ten="40,3900,0" yaku="1,1,52,1,53,0" doraHai="22" doraHaiUra="88" who="0" fromWho="2" sc="240,59,250,0,240,-39,250,0" /><INIT seed="0,1,0,3,0,30" ten="299,250,201,250" oya="0" hai0="18,130,133,86,4,3,73,134,65,27,131,23,42" hai1="33,43,49,80,91,60,135,58,37,98,78,121,118" hai2="132,20,100,122,29,64,81,92,19,45,106,25,93" hai3="115,71,72,119,0,56,1,46,123,34,62,127,101"/><T95/><D73/><U82/><E121/><V120/><F132/><N who="0" m="50794" /><D42/><U10/><E118/><V63/><F106/><W26/><G119/><T90/><D65/><U70/><E135/><V39/><F81/><W13/><G115/><T107/><D107/><U57/><E33/><V111/><F111/><W44/><G72/><T12/><D3/><U112/><E112/><V126/><F126/><W7/><G71/><T8/><AGARI ba="1,0" hai="4,8,12,18,23,27,86,90,95,130,131" m="50794" machi="8" ten="30,1500,0" yaku="20,1" doraHai="30" who="0" fromWho="0" sc="299,18,250,-6,201,-6,250,-6" /><INIT seed="0,2,0,5,2,110" ten="317,244,195,244" oya="0" hai0="23,79,119,18,5,49,53,56,104,1,54,63,73" hai1="11,39,125,123,38,62,3,65,33,26,60,16,35" hai2="105,58,10,115,126,27,36,91,51,46,30,13,109" hai3="82,6,112,92,127,45,134,15,40,85,95,0,100"/><T81/><D104/><U59/><E123/><V44/><F109/><W22/><G0/><T24/><D119/><U31/><E125/><V80/><F105/><W37/><G127/><T43/><D43/><U121/><E35/><V78/><F36/><W128/><G128/><T116/><D116/><U84/><E121/><V93/><F126/><W94/><G134/><T69/><D69/><U108/><E108/><V14/><F115/><W55/><G55/><T135/><D135/><U129/><E129/><V61/><F80/><W68/><G68/><T89/><D89/><U9/><E60/><V103/><F78/><W106/><G106/><T76/><D76/><U113/><E113/><V21/><F103/><W67/><G67/><T20/><D20/><U41/><E41/><V124/><F124/><W75/><G75/><T83/><D83/><U50/><E50/><V4/><F14/><W57/><G57/><T70/><D70/><U101/><E101/><V111/><F51/><N who="3" m="27047" /><G112/><T32/><D32/><U52/><E84/><V102/><F111/><W77/><G37/><T34/><D34/><U28/><E65/><V64/><REACH who="2" step="1"/><F102/><REACH who="2" ten="317,244,185,244" step="2"/><W17/><G100/><T48/><D49/><U99/><E39/><V130/><F130/><W132/><G132/><T97/><D48/><U96/><E38/><V86/><AGARI ba="2,1" hai="4,10,13,21,27,30,44,46,58,61,64,86,91,93" machi="86" ten="20,5200,0" yaku="1,1,0,1,7,1,8,1,53,0" doraHai="110" doraHaiUra="74" who="2" fromWho="2" sc="317,-28,244,-15,185,68,244,-15" /><INIT seed="1,0,0,4,4,60" ten="289,229,253,229" oya="1" hai0="53,19,7,21,39,48,55,126,44,8,86,83,135" hai1="42,98,115,51,34,78,17,133,119,43,67,104,92" hai2="41,24,72,94,6,64,88,97,29,69,14,0,81" hai3="77,108,105,22,66,80,38,11,107,36,62,59,110"/><U82/><E119/><V40/><F0/><W20/><G11/><T30/><D135/><U128/><E115/><V129/><F129/><W70/><G59/><T10/><D126/><U123/><E123/><V57/><F69/><W33/><G33/><T117/><D30/><U9/><E34/><V56/><F56/><W4/><G4/><T52/><D39/><N who="3" m="14889" /><G22/><T118/><D117/><U16/><E133/><V76/><F14/><W101/><G20/><T46/><D118/><U73/><E128/><V125/><F6/><W13/><G13/><T31/><D31/><U89/><E67/><V63/><REACH who="2" step="1"/><F125/><REACH who="2" ten="289,229,243,229" step="2"/><W114/><G114/><T45/><D7/><U116/><E116/><V68/><F68/><W28/><G70/><T99/><D48/><U112/><E112/><V84/><F84/><W1/><G1/><T93/><D99/><U79/><E51/><V65/><F65/><W49/><G66/><T74/><D74/><U32/><E9/><V23/><AGARI ba="0,1" hai="23,24,29,40,41,57,63,64,72,76,81,88,94,97" machi="23" ten="20,8000,1" yaku="1,1,0,1,7,1,52,1,54,1,53,0" doraHai="60" doraHaiUra="71" who="2" fromWho="2" sc="289,-20,229,-40,243,90,229,-20" /><INIT seed="2,0,0,0,4,130" ten="269,189,333,209" oya="2" hai0="43,41,59,135,110,87,96,56,9,120,92,80,31" hai1="5,62,47,7,50,27,107,77,11,134,119,108,25" hai2="124,128,26,19,58,60,117,71,14,82,0,123,78" hai3="1,24,95,94,74,33,116,49,29,127,93,125,105"/><V115/><F117/><W28/><G116/><T69/><D69/><U32/><E119/><V122/><F115/><W89/><G105/><T46/><D120/><U55/><E107/><V133/><F71/><W70/><G74/><T90/><D110/><U131/><E108/><V48/><F0/><W118/><G118/><T86/><D135/><U38/><E131/><V57/><F26/><N who="3" m="18583" /><G1/><T111/><D111/><U8/><E38/><V35/><F35/><N who="3" m="20903" /><G49/><T66/><D31/><U88/><E134/><V12/><F133/><W98/><G70/><T84/><D80/><U39/><E39/><V4/><F48/><W18/><G18/><T73/><D73/><U68/><E77/><V36/><F19/><W10/><G10/><N who="1" m="3626" /><E68/><V72/><F82/><W22/><G22/><T109/><D109/><U34/><E34/><V81/><F81/><W6/><G6/><N who="1" m="2058" /><E32/><V20/><F78/><W64/><G64/><T126/><D9/><U13/><E13/><V97/><F12/><W103/><G103/><T44/><D66/><U99/><E62/><V42/><F60/><W61/><G61/><T114/><D114/><U54/><E55/><V30/><F4/><W3/><G3/><T100/><D100/><U101/><E101/><V52/><F52/><W132/><G132/><T40/><D126/><AGARI ba="0,0" hai="89,93,94,95,98,125,126,127" m="20903,18583" machi="126" ten="30,1000,0" yaku="18,1" doraHai="130" who="3" fromWho="0" sc="269,-10,189,0,333,0,209,10" /><INIT seed="3,0,0,1,5,21" ten="259,189,333,219" oya="3" hai0="110,59,90,1,27,89,72,14,35,25,127,67,120" hai1="99,44,85,105,9,2,93,37,106,94,112,51,22" hai2="92,78,109,15,103,107,130,128,122,53,124,23,57" hai3="6,41,49,33,114,135,79,88,32,111,76,26,7"/><W95/><G114/><T30/><D120/><U24/><E112/><V115/><F115/><W84/><G135/><T126/><D1/><U48/><E37/><V34/><F34/><W108/><G41/><T116/><D116/><U123/><E123/><V50/><F78/><N who="3" m="29739" /><G49/><T65/><D72/><U70/><E70/><V3/><F3/><W132/><G33/><T18/><D110/><N who="3" m="42025" /><G132/><T42/><D42/><U8/><E106/><V47/><F47/><W119/><G119/><T19/><D35/><U75/><E75/><V82/><F50/><W69/><G69/><T29/><D59/><U104/><E104/><V98/><F57/><W83/><G83/><T20/><D20/><U61/><E61/><V64/><F82/><W16/><G16/><T36/><D36/><U39/><E39/><V40/><F40/><W5/><G5/><T4/><D4/><U38/><E105/><V28/><F109/><W56/><G56/><T60/><D60/><U31/><E38/><V81/><F81/><W118/><G118/><T87/><D14/><U43/><E51/><V102/><F122/><W117/><G117/><T77/><D77/><U0/><E0/><V74/><F74/><W134/><G134/><T63/><D63/><U52/><E2/><V80/><F80/><W54/><G54/><T13/><D13/><U86/><E43/><V133/><F53/><W58/><G58/><T91/><D19/><U55/><E55/><V62/><F133/><W101/><G101/><T66/><D18/><U96/><E9/><V125/><F103/><W45/><G45/><T100/><D100/><RYUUKYOKU ba="0,0" sc="259,-10,189,-10,333,-10,219,30" hai3="6,7,26,32,84,88,95" /><INIT seed="3,1,0,3,3,0" ten="249,179,323,249" oya="3" hai0="53,41,64,109,28,74,42,75,61,78,26,9,34" hai1="116,106,25,88,33,98,119,23,125,104,10,56,22" hai2="86,52,51,24,93,90,102,91,118,62,27,43,135" hai3="12,39,97,76,58,112,71,66,37,15,103,55,32"/><W13/><G112/><T126/><D109/><U73/><E73/><V4/><F135/><W19/><G32/><T133/><D133/><U7/><E125/><V134/><F102/><W29/><G29/><T40/><D126/><U6/><E33/><V114/><F118/><N who="1" m="45097" /><E56/><N who="2" m="35079" /><F4/><N who="1" m="1577" /><E10/><V123/><F123/><W96/><G76/><T1/><D1/><U92/><E22/><V3/><F3/><W122/><G122/><T60/><D9/><U105/><E106/><V46/><F114/><W68/><G19/><AGARI ba="1,0" hai="19,23,25,88,92,98,104,105" m="1577,45097" machi="19" ten="30,8000,1" yaku="12,1,52,3,54,1" doraHai="0" who="1" fromWho="3" sc="249,0,179,83,323,0,249,-83" owari="249,-15.1,262,6.2,323,42.3,166,-33.4" /></mjloggm>