<mjloggm ver="2.3"><GO type="225" lobby="0"/><UN n0="%6D%79%6D%65%6C%6F%58%58" n1="%E3%81%BF%E3%81%BF%E3%81%9A" n2="%72%69%6F%75%63%68%61%6E" n3="%77%72%77%72%77%72%77%72" dan="17,16,17,16" rate="2161.55,2147.77,2229.86,2164.23" sx="F,M,M,M"/><TAIKYOKU oya="0"/><INIT seed="0,0,0,2,0,59" ten="250,250,250,250" oya="0" hai0="79,4,126,81,109,124,75,71,27,40,36,64,15" hai1="92,131,84,70,135,101,2,66,106,83,87,125,89" hai2="16,85,38,98,76,24,95,19,96,43,97,116,93" hai3="35,113,56,48,110,21,129,45,51,12,17,22,31"/><T86/><D36/><U123/><E2/><V34/><F116/><W100/><G113/><T82/><D40/><U88/><E123/><V111/><F111/><W44/><G110/><T99/><D109/><U77/><E125/><N who="0" m="48233" /><D27/><U5/><E5/><V11/><F76/><W26/><G129/><T1/><D1/><U57/><E70/><V72/><F72/><W13/><G100/><T120/><D120/><U54/><E66/><V55/><F55/><W102/><G102/><T134/><D99/><N who="1" m="59623" /><E106/><V133/><F133/><W62/><G51/><T0/><D0/><U60/><E135/><V105/><F105/><W94/><G94/><T3/><D3/><U91/><E131/><V14/><F85/><AGARI ba="0,0" hai="54,57,60,77,83,84,85,87,88,89,91" m="59623" machi="85" ten="30,3900,0" yaku="8,1,52,1,54,1" doraHai="59" who="1" fromWho="2" sc="250,0,250,39,250,-39,250,0" /><INIT seed="1,0,0,0,3,81" ten="250,289,211,250" oya="1" hai0="14,1,103,70,48,46,39,90,56,66,105,122,102" hai1="135,114,29,50,35,101,121,132,44,60,41,47,58" hai2="17,64,52,113,83,124,57,10,16,93,129,9,62" hai3="80,23,6,118,97,22,86,53,12,95,85,112,111"/><U96/><E114/><V104/><F104/><W34/><G112/><T107/><D1/><U21/><E121/><V32/><F113/><W128/><G34/><T131/><D122/><U54/><E35/><V110/><F32/><W68/><G68/><T69/><D131/><U73/><E73/><V76/><F129/><W123/><G123/><T119/><D119/><U79/><E79/><V0/><F110/><W126/><G111/><T45/><D39/><U94/><E29/><V89/><F124/><W24/><G118/><T27/><D14/><U99/><E21/><V61/><F0/><W115/><G126/><T78/><D78/><U3/><E3/><V20/><F83/><W28/><G115/><T130/><D56/><U2/><E2/><V19/><F76/><W106/><G106/><T8/><D8/><N who="2" m="3178" /><F62/><W75/><G75/><T5/><D105/><U92/><REACH who="1" step="1"/><E44/><REACH who="1" ten="250,279,211,250" step="2"/><V25/><F64/><W30/><G128/><T88/><D66/><U15/><E15/><V134/><F134/><W42/><G12/><T49/><D130/><U33/><E33/><V74/><F74/><W4/><G23/><T91/><D46/><U26/><E26/><V36/><F36/><W63/><G28/><T125/><D45/><U82/><E82/><V108/><F108/><W11/><G80/><T127/><D127/><U38/><E38/><V77/><F77/><W7/><G11/><T67/><D125/><U84/><E84/><AGARI ba="0,1" hai="16,17,19,20,25,52,57,61,84,89,93" m="3178" machi="84" ten="30,7700,0" yaku="8,1,52,1,54,2" doraHai="81" who="2" fromWho="1" sc="250,0,279,-77,211,87,250,0" /><INIT seed="2,0,0,5,1,30" ten="250,202,298,250" oya="2" hai0="104,88,28,45,0,39,69,49,27,130,58,38,119" hai1="50,76,68,62,89,78,96,109,80,29,95,121,24" hai2="101,22,127,61,71,63,117,37,124,11,31,70,1" hai3="86,13,34,132,19,125,41,114,107,57,60,12,72"/><V90/><F117/><W112/><G72/><T64/><D0/><U16/><E109/><V44/><F101/><W106/><G132/><T4/><D4/><U129/><E129/><V134/><F134/><W98/><G125/><T53/><D130/><U93/><E121/><V7/><F90/><W82/><G41/><T74/><D74/><U47/><E80/><V67/><F22/><W43/><G43/><T77/><D77/><U10/><E68/><V6/><F31/><W133/><G133/><T116/><D104/><U83/><E62/><V81/><F7/><W65/><G12/><T131/><D131/><U35/><E83/><V9/><F9/><W128/><G128/><T20/><D88/><U54/><REACH who="1" step="1"/><E95/><REACH who="1" ten="250,192,298,250" step="2"/><V14/><F81/><W75/><G75/><T99/><D69/><U92/><E92/><V103/><F61/><W85/><G82/><T91/><D116/><U8/><E8/><V105/><F70/><W73/><G73/><T66/><D119/><U100/><E100/><V2/><F103/><W42/><G107/><T51/><D66/><U135/><E135/><V17/><F105/><W110/><G110/><T118/><D64/><U122/><E122/><V36/><F127/><W108/><G108/><T46/><D118/><U52/><E52/><V102/><F102/><N who="3" m="62807" /><G42/><T120/><D120/><U79/><E79/><V26/><F124/><W40/><G40/><N who="0" m="24743" /><D39/><U15/><AGARI ba="0,1" hai="10,15,16,24,29,35,47,50,54,76,78,89,93,96" machi="15" ten="30,8000,1" yaku="1,1,0,1,52,1,54,1,53,1" doraHai="30" doraHaiUra="5" who="1" fromWho="1" sc="250,-20,192,90,298,-40,250,-20" /><INIT seed="3,0,0,3,3,130" ten="230,282,258,230" oya="3" hai0="8,121,89,54,93,109,103,48,41,70,129,64,28" hai1="131,100,30,25,114,11,17,69,67,110,88,125,36" hai2="46,55,20,105,127,40,42,99,92,111,115,118,76" hai3="21,80,15,56,19,13,79,135,24,14,82,53,62"/><W43/><G135/><T26/><D121/><U63/><E114/><V78/><F111/><W66/><G43/><T9/><D129/><U2/><E110/><V61/><F115/><W119/><G119/><T57/><D109/><U104/><E131/><V132/><F118/><W68/><REACH who="3" step="1"/><G79/><REACH who="3" ten="230,282,258,220" step="2"/><T123/><D123/><U120/><E120/><V74/><F132/><W27/><G27/><T94/><D41/><U7/><E125/><V37/><F127/><W81/><G81/><T107/><D26/><U1/><E25/><V6/><F76/><W122/><G122/><T97/><D28/><U91/><E30/><V18/><F78/><W35/><G35/><T108/><D108/><U59/><E36/><V83/><F83/><W128/><G128/><T31/><D31/><U102/><E1/><V106/><F42/><W52/><G52/><T124/><D124/><U86/><E2/><V75/><F55/><W87/><G87/><T22/><D107/><U34/><E86/><V98/><F106/><W60/><AGARI ba="0,1" hai="13,14,15,19,21,24,53,56,60,62,66,68,80,82" machi="60" ten="30,3000,0" yaku="1,1,0,1,53,0" doraHai="130" doraHaiUra="96" who="3" fromWho="3" sc="230,-10,282,-10,258,-10,220,40" /><INIT seed="3,1,0,0,4,80" ten="220,272,248,260" oya="3" hai0="94,50,117,124,106,112,3,59,97,103,52,61,72" hai1="30,18,2,7,49,14,129,43,8,19,111,128,57" hai2="87,70,79,109,25,36,125,130,84,110,92,126,66" hai3="21,98,4,85,54,29,107,115,134,63,120,88,20"/><W48/><G115/><T60/><D117/><U15/><E43/><V33/><F130/><N who="1" m="50281" /><E49/><V127/><F36/><W67/><G120/><T105/><D112/><U31/><E57/><V68/><F79/><W135/><G4/><T12/><D3/><U73/><E111/><N who="2" m="42507" /><F92/><W46/><G98/><T38/><D38/><U93/><E73/><V11/><F11/><W1/><G1/><T22/><D72/><U9/><E93/><V6/><F6/><W91/><G91/><T77/><D77/><U99/><E99/><V121/><F121/><W101/><G101/><T24/><D124/><U123/><E123/><V89/><F66/><W62/><G29/><T39/><D39/><U41/><E41/><V90/><F90/><W113/><G62/><T83/><D83/><U104/><E104/><V56/><F56/><N who="3" m="37351" /><G107/><T118/><D118/><U35/><E35/><V95/><F84/><W81/><G113/><T32/><D106/><U133/><E133/><AGARI ba="1,0" hai="20,21,46,48,54,81,85,88,133,134,135" m="37351" machi="133" ten="30,5800,0" yaku="20,1,52,1,54,1" doraHai="80" who="3" fromWho="1" sc="220,0,272,-61,248,0,260,61" owari="220,-18.0,211,-28.9,248,4.8,321,42.1" /></mjloggm>