<mjloggm ver="2.3"><GO type="225" lobby="0"/><UN n0="%E3%83%94%E3%83%B3%E3%82%B5%E3%83%AD%E5%BA%97%E5%93%A1" n1="%2D%E8%B1%8A%E5%8F%A3%E3%82%81%E3%81%90%E3%81%BF%2D" n2="%72%65%6E%6B%75%6E" n3="%E3%83%A9%E3%83%BC%E3%83%A1%E3%83%B3%E4%BA%94%E9%83%8E" dan="16,16,17,16" rate="2203.94,2126.90,2221.48,2076.29" sx="M,F,M,M"/><TAIKYOKU oya="0"/><INIT seed="0,0,0,0,5,67" ten="250,250,250,250" oya="0" hai0="126,34,36,111,121,103,117,73,129,127,71,9,54" hai1="110,82,2,8,97,93,63,98,69,104,116,106,84" hai2="65,123,88,66,128,102,60,22,30,122,18,7,4" hai3="46,40,38,15,29,77,68,25,16,3,32,51,35"/><T132/><RYUUKYOKU type="yao9" ba="0,0" sc="250,0,250,0,250,0,250,0" hai0="9,34,36,54,71,73,103,111,117,121,126,127,129,132" /><INIT seed="0,1,0,5,2,52" ten="250,250,250,250" oya="0" hai0="6,93,53,46,19,37,109,117,32,105,25,28,129" hai1="3,38,9,77,47,133,82,107,99,62,74,59,101" hai2="71,21,125,0,40,51,118,83,26,2,49,27,115" hai3="86,112,65,134,135,89,48,132,18,34,70,63,72"/><T126/><D117/><U42/><E133/><V13/><F71/><W120/><G112/><T113/><D113/><U128/><E128/><V111/><F115/><W39/><G120/><T61/><D105/><U98/><E98/><V114/><F114/><W91/><G72/><T87/><D129/><U7/><E62/><V30/><F118/><W96/><G39/><T66/><D126/><U36/><E36/><V11/><F125/><W15/><G34/><T24/><D6/><U108/><REACH who="1" step="1"/><E59/><REACH who="1" ten="250,240,250,250" step="2"/><V73/><F49/><W58/><G96/><T16/><D37/><U119/><E119/><V94/><F51/><W35/><G48/><T69/><D61/><U78/><E78/><V85/><F73/><W127/><G127/><T14/><D69/><U8/><E8/><V97/><F97/><W67/><G70/><T130/><D130/><U23/><E23/><V110/><F11/><N who="3" m="6527" /><G35/><T5/><D32/><U103/><E103/><V45/><F21/><W116/><G116/><T75/><D75/><U43/><E43/><V76/><F40/><W68/><G86/><T50/><D87/><U60/><E60/><AGARI ba="1,1" hai="58,60,63,65,67,68,89,91,132,134,135" m="6527" machi="60" ten="30,2000,0" yaku="20,1,52,1" doraHai="52" who="3" fromWho="1" sc="250,0,240,-23,250,0,250,33" /><INIT seed="1,0,0,3,5,133" ten="250,217,250,283" oya="1" hai0="134,58,100,83,3,29,63,111,93,95,97,19,8" hai1="76,90,0,42,92,116,117,54,94,78,25,22,31" hai2="30,46,80,17,36,99,23,91,98,109,43,13,130" hai3="62,56,10,123,24,72,74,33,103,65,39,52,68"/><U87/><E0/><V15/><F109/><W21/><G123/><T49/><D111/><U7/><E7/><V77/><F130/><W6/><G33/><T86/><D134/><U45/><E54/><V102/><F30/><W59/><G103/><T69/><D69/><U44/><E44/><V96/><F91/><W120/><G39/><T66/><D29/><U73/><E94/><V121/><F121/><W75/><G120/><T55/><D93/><U9/><E9/><V85/><REACH who="2" step="1"/><F15/><REACH who="2" ten="250,217,240,283" step="2"/><W57/><G72/><T28/><D28/><U38/><REACH who="1" step="1"/><E73/><REACH who="1" ten="250,207,240,283" step="2"/><V114/><F114/><W12/><G74/><T53/><D3/><U47/><E47/><V88/><F88/><W82/><G75/><T71/><D100/><AGARI ba="0,2" hai="13,17,23,36,43,46,77,80,85,96,98,99,100,102" machi="100" ten="40,1300,0" yaku="1,1,53,0" doraHai="133" doraHaiUra="106" who="2" fromWho="0" sc="250,-13,207,0,240,33,283,0" /><INIT seed="2,0,0,4,5,114" ten="237,207,273,283" oya="2" hai0="109,9,31,81,123,56,3,74,96,99,36,12,134" hai1="29,24,25,119,124,6,98,106,14,127,18,79,108" hai2="58,135,67,4,50,125,80,41,15,131,39,93,0" hai3="95,118,105,84,115,101,13,44,66,76,7,94,35"/><V20/><F125/><N who="1" m="48201" /><E79/><V47/><F135/><W71/><G35/><T32/><D123/><U16/><E106/><V8/><F131/><W19/><G115/><T51/><D36/><U77/><E77/><V103/><F80/><W90/><G7/><T63/><D3/><U91/><E98/><V43/><F43/><W65/><G105/><T21/><D32/><N who="1" m="20519" /><E91/><V102/><F93/><W113/><G76/><T46/><D81/><U5/><E108/><V87/><F87/><W33/><G113/><T60/><D74/><U45/><E45/><V62/><F0/><W88/><G101/><T75/><D75/><U133/><E133/><V129/><F129/><W97/><G33/><T55/><D109/><U57/><E57/><V61/><F20/><N who="3" m="11375" /><G71/><T73/><D73/><U126/><N who="1" m="48209" /><U112/><DORA hai="107" /><E112/><V52/><REACH who="2" step="1"/><F62/><REACH who="2" ten="237,207,263,283" step="2"/><W86/><G86/><T30/><D63/><U54/><E119/><V34/><F34/><W130/><G130/><T48/><D134/><U117/><E117/><V111/><F111/><W17/><G118/><T121/><D121/><U120/><E120/><V110/><F110/><W104/><G104/><T22/><D60/><U28/><E54/><V85/><F85/><W100/><G84/><T26/><D99/><U72/><E72/><V37/><F37/><W38/><G38/><T89/><D96/><U59/><E28/><V116/><F116/><W70/><G97/><T2/><D31/><U128/><E128/><V64/><F64/><W42/><G65/><T27/><D30/><U78/><E78/><V69/><AGARI ba="0,1" hai="4,8,15,39,41,47,50,52,58,61,67,69,102,103" machi="69" ten="20,18000,2" yaku="1,1,0,1,7,1,24,2,54,1,53,1" doraHai="114,107" doraHaiUra="1,82" who="2" fromWho="2" sc="237,-60,207,-60,263,190,283,-60" /><INIT seed="2,1,0,2,2,20" ten="177,147,453,223" oya="2" hai0="26,39,33,21,51,58,120,13,78,17,75,56,41" hai1="29,27,98,5,73,130,134,93,57,101,1,67,122" hai2="95,6,24,70,112,90,23,111,31,9,40,8,71" hai3="105,48,77,42,104,36,43,127,46,32,62,12,83"/><V96/><F112/><W25/><G127/><T125/><D120/><U100/><E122/><V108/><F40/><W110/><G110/><N who="2" m="42025" /><F8/><W106/><G62/><T55/><D125/><U124/><E124/><V85/><F85/><W97/><G12/><AGARI ba="1,0" hai="6,9,12,23,24,31,70,71,90,95,96" m="42025" machi="12" ten="30,5800,0" yaku="14,1,10,1,52,1" doraHai="20" who="2" fromWho="3" sc="177,0,147,0,453,61,223,-61" /><INIT seed="2,2,0,4,0,75" ten="177,147,514,162" oya="2" hai0="101,29,36,133,122,57,84,103,135,53,112,78,28" hai1="59,92,89,86,88,12,48,25,125,33,114,22,40" hai2="10,109,128,61,50,90,8,24,15,38,121,11,82" hai3="99,32,87,1,68,77,131,95,127,30,117,106,64"/><V18/><F38/><W85/><G117/><T66/><D122/><U108/><E108/><V91/><F121/><W110/><G110/><T39/><D112/><U23/><E125/><V73/><F109/><W105/><G1/><T43/><D66/><U42/><E114/><V49/><F128/><W16/><G127/><T13/><D13/><U76/><E33/><V55/><F24/><N who="3" m="18503" /><G106/><T47/><D39/><U116/><E116/><V100/><F100/><N who="0" m="38474" /><D84/><N who="1" m="52231" /><E76/><V96/><F96/><W51/><G105/><T9/><D9/><N who="2" m="3690" /><F73/><W115/><G115/><T119/><D78/><U20/><E12/><V19/><F19/><W44/><G16/><T63/><D119/><U130/><E130/><V67/><F67/><W113/><G64/><T45/><D45/><N who="1" m="25639" /><E42/><V56/><F90/><W60/><G113/><T72/><D72/><U14/><E14/><V123/><F123/><W62/><G131/><T124/><D124/><U52/><E25/><V129/><F129/><W2/><G2/><T3/><D3/><U17/><E17/><V93/><F93/><W4/><G77/><T94/><D94/><N who="1" m="54583" /><E23/><V98/><F98/><W21/><G99/><T81/><D81/><U104/><E104/><V132/><F132/><AGARI ba="2,0" hai="28,29,36,43,47,53,57,63,132,133,135" m="38474" machi="132" ten="30,1000,0" yaku="20,1" doraHai="75" who="0" fromWho="2" sc="177,16,147,0,514,-16,162,0" /><INIT seed="3,0,0,1,0,47" ten="193,147,498,162" oya="3" hai0="66,85,74,86,115,98,0,112,45,7,131,100,67" hai1="72,54,96,99,109,28,20,18,118,8,106,77,78" hai2="94,80,58,124,105,5,43,61,22,111,36,121,13" hai3="55,42,117,92,73,89,70,32,82,76,133,95,24"/><W1/><G117/><T23/><D74/><U71/><E118/><V59/><F105/><W88/><G1/><T2/><D131/><U50/><E71/><V107/><F107/><W49/><G70/><T35/><D35/><U122/><E122/><V65/><F121/><W14/><G133/><T27/><D45/><N who="1" m="27983" /><E106/><V31/><F111/><W84/><G42/><T81/><D67/><U34/><E34/><V126/><F36/><W15/><G24/><T19/><D66/><U93/><E72/><V40/><F80/><W56/><REACH who="3" step="1"/><G32/><REACH who="3" ten="193,147,498,152" step="2"/><T4/><D2/><U79/><E109/><V123/><F43/><W26/><G26/><T39/><D0/><U132/><E132/><V48/><F40/><W83/><G83/><T51/><D81/><U110/><E110/><V127/><F123/><W30/><G30/><T101/><D27/><N who="1" m="16487" /><E93/><V21/><F94/><W108/><G108/><T114/><D114/><U134/><E134/><V60/><F31/><W102/><G102/><T113/><D101/><U119/><E119/><V103/><F103/><W91/><G91/><T10/><D100/><U62/><E62/><V12/><F61/><W6/><G6/><T17/><D7/><U53/><E53/><N who="2" m="32039" /><F5/><W135/><G135/><T129/><D4/><U46/><E77/><V128/><F128/><W75/><G75/><T97/><D129/><U64/><E78/><V63/><F60/><W33/><G33/><T57/><D115/><U29/><E29/><V52/><F52/><W68/><G68/><T37/><D113/><U3/><E3/><V125/><N who="2" m="31744" /><DORA hai="90" /><V87/><F65/><RYUUKYOKU ba="0,1" sc="193,-10,147,-10,498,-10,152,30" hai3="14,15,49,55,56,73,76,82,84,88,89,92,95" /><INIT seed="3,1,1,1,0,29" ten="183,137,488,182" oya="3" hai0="9,108,1,24,93,51,11,64,53,82,130,113,114" hai1="71,77,110,46,30,18,127,17,49,42,44,91,76" hai2="20,81,35,99,86,133,15,121,98,50,13,94,59" hai3="70,33,111,5,4,125,131,22,122,69,89,62,80"/><W75/><G122/><T118/><D118/><U124/><E71/><V2/><F2/><W34/><G125/><T87/><D108/><U21/><E110/><V83/><F35/><W26/><G111/><T72/><D130/><U14/><E30/><V31/><F121/><W97/><G131/><T36/><D36/><U8/><E91/><V67/><F133/><W57/><G75/><T45/><D64/><U58/><E58/><V38/><F38/><W73/><G73/><T119/><D119/><U79/><REACH who="1" step="1"/><E46/><REACH who="1" ten="183,127,488,182" step="2"/><V128/><F128/><W47/><G47/><T37/><D45/><U126/><E126/><V0/><F0/><W132/><G69/><T123/><D1/><U56/><E56/><V28/><F28/><W74/><G70/><T85/><D123/><U16/><E16/><N who="2" m="10271" /><F31/><W90/><G90/><T40/><D114/><U88/><E88/><N who="2" m="53527" /><F13/><AGARI ba="1,2" hai="8,13,14,17,18,21,42,44,49,76,77,79,124,127" machi="13" ten="40,1300,0" yaku="1,1,53,0" doraHai="29" doraHaiUra="109" who="1" fromWho="2" sc="183,0,127,36,488,-16,182,0" owari="183,-1.7,163,-33.7,472,57.2,182,-21.8" /></mjloggm>