<mjloggm ver="2.3"><GO type="225" lobby="0"/><UN n0="%E3%83%87%E3%83%A9%E3%82%B3%E3%83%83%E3%82%B3" n1="%E7%B4%94%E6%BD%94%E3%83%94%E3%83%A9%E3%83%8B%E3%82%A2" n2="%E3%81%8B%E3%82%8F%E3%81%A1%E3%82%83%E3%82%93%35%38" n3="%E3%83%A9%E3%82%B9%E7%8E%87%EF%BC%93%E5%89%B2" dan="16,17,16,16" rate="2142.20,2153.08,2159.02,2158.28" sx="M,M,M,F"/><TAIKYOKU oya="0"/><INIT seed="0,0,0,5,0,36" ten="250,250,250,250" oya="0" hai0="129,120,55,69,135,98,102,30,93,75,96,51,62" hai1="40,56,65,106,7,99,49,76,105,80,39,95,32" hai2="54,41,97,20,117,111,100,133,38,53,112,91,47" hai3="110,67,68,1,21,29,3,66,4,60,127,119,94"/><T122/><D135/><U118/><E32/><V121/><F112/><W88/><G119/><T28/><D129/><U10/><E118/><V108/><F117/><W35/><G110/><N who="2" m="42025" /><F121/><W52/><G127/><T72/><D122/><U48/><E65/><V59/><F133/><W14/><G35/><T130/><D130/><U123/><E123/><V101/><F20/><W85/><G67/><T61/><D120/><U11/><E11/><V125/><F125/><W77/><G77/><T128/><D128/><U16/><E49/><N who="2" m="31151" /><F54/><W23/><G23/><T115/><D115/><U13/><E56/><V50/><F50/><W64/><G64/><T37/><D37/><U24/><E48/><V78/><F78/><W2/><G52/><T43/><D69/><U82/><E24/><V103/><F91/><W86/><G86/><T25/><D96/><AGARI ba="0,0" hai="38,41,47,96,97,100,101,103" m="31151,42025" machi="96" ten="30,2000,0" yaku="14,1,52,1" doraHai="36" who="2" fromWho="0" sc="250,-20,250,0,250,20,250,0" /><INIT seed="1,0,0,5,5,58" ten="230,250,270,250" oya="1" hai0="114,93,29,95,100,60,99,90,32,122,64,66,46" hai1="21,89,109,132,72,113,9,116,111,22,134,42,19" hai2="6,24,57,98,77,130,119,16,63,106,4,18,59" hai3="124,40,80,15,87,96,70,108,5,83,8,1,51"/><U103/><E72/><V52/><F119/><W118/><G118/><T131/><D114/><U48/><E116/><V7/><F130/><W125/><G108/><N who="1" m="41546" /><E113/><V67/><F77/><W54/><G40/><T36/><D131/><U86/><E103/><V88/><F24/><W31/><G31/><T102/><D122/><U50/><E9/><V37/><F37/><W104/><G70/><T11/><D11/><U65/><E65/><V92/><F106/><W117/><G1/><T3/><D3/><U85/><E22/><V75/><F75/><W55/><G117/><T33/><D66/><U120/><E120/><V17/><F17/><W121/><G121/><T91/><D29/><U69/><E69/><V53/><F67/><W61/><G96/><T123/><D123/><U76/><E76/><V73/><F73/><W107/><G107/><T133/><D133/><N who="1" m="51307" /><E42/><V34/><F34/><W135/><G135/><T20/><D20/><U74/><E74/><V110/><F110/><W41/><G41/><N who="0" m="22823" /><D32/><U27/><E86/><V81/><F81/><AGARI ba="0,0" hai="19,21,27,48,50,81,85,89" m="51307,41546" machi="81" ten="30,5800,0" yaku="14,1,10,1,20,1" doraHai="58" who="1" fromWho="2" sc="230,0,250,58,270,-58,250,0" /><INIT seed="1,1,0,2,3,1" ten="230,308,212,250" oya="1" hai0="37,135,22,35,46,89,127,3,33,108,41,57,73" hai1="51,28,58,125,121,65,34,68,90,133,98,14,100" hai2="48,110,109,97,99,55,54,80,93,56,26,91,66" hai3="43,96,19,25,69,75,10,39,105,101,118,83,4"/><U32/><E121/><V36/><F36/><W106/><G118/><T92/><D108/><N who="2" m="41578" /><F66/><W11/><G11/><T74/><D127/><U87/><E125/><V122/><F122/><W128/><G19/><T111/><D111/><U76/><E76/><V114/><F114/><W17/><G17/><T5/><D135/><U81/><E133/><V7/><F7/><W102/><G25/><T117/><D117/><U71/><E14/><V62/><F80/><W42/><G128/><T9/><D22/><U134/><E134/><V12/><F26/><W70/><G43/><T52/><D74/><U29/><E28/><V13/><F97/><N who="3" m="61615" /><G42/><T21/><D73/><U16/><E16/><V67/><F55/><W15/><G15/><T53/><D21/><U88/><E29/><V116/><F116/><W84/><G84/><T2/><D2/><U40/><E34/><V30/><F30/><W63/><G63/><T115/><D115/><U132/><E32/><V120/><F120/><W107/><G39/><T104/><D104/><U82/><E132/><V24/><F24/><W64/><G64/><T20/><D20/><U61/><E40/><V126/><F126/><W6/><G107/><T31/><D31/><U123/><E123/><V60/><F60/><W94/><G94/><T27/><D27/><U86/><E51/><V47/><AGARI ba="1,0" hai="12,13,47,48,54,56,62,67,91,93,99" m="41578" machi="47" ten="30,1100,0" yaku="14,1" doraHai="1" who="2" fromWho="2" sc="230,-4,308,-6,212,14,250,-4" /><INIT seed="2,0,0,2,2,135" ten="226,302,226,246" oya="2" hai0="33,114,124,111,104,43,85,45,65,100,53,89,52" hai1="129,125,118,76,19,59,62,107,63,92,88,94,41" hai2="46,60,72,98,120,84,34,81,134,5,51,35,119" hai3="109,102,115,7,38,1,113,117,132,28,123,126,9"/><V96/><F119/><W108/><G38/><T71/><D111/><N who="3" m="42569" /><G102/><T6/><D114/><N who="3" m="43529" /><G132/><T99/><D124/><U110/><E125/><V74/><F120/><W40/><G40/><T12/><D33/><U14/><E41/><V48/><F134/><W90/><G90/><T8/><D65/><U101/><E107/><V80/><F5/><W95/><G95/><T16/><D6/><U17/><E92/><V25/><F60/><W15/><G126/><T44/><D71/><U18/><E101/><V64/><F84/><W30/><G117/><T69/><D69/><U66/><E118/><V22/><F46/><W13/><G123/><T31/><D31/><AGARI ba="0,0" hai="1,7,9,13,15,28,30,31" m="43529,42569" machi="31" ten="30,7700,0" yaku="14,1,11,1,34,2" doraHai="135" who="3" fromWho="0" sc="226,-77,302,0,226,0,246,77" /><INIT seed="3,0,0,1,1,117" ten="149,302,226,323" oya="3" hai0="33,134,71,126,60,54,74,35,11,129,87,106,34" hai1="0,49,118,73,56,19,75,110,24,124,92,79,50" hai2="5,84,107,27,113,37,114,69,132,58,121,26,23" hai3="94,32,76,133,85,83,111,55,89,80,31,82,122"/><W78/><G122/><T16/><D74/><U66/><E118/><V112/><F69/><W20/><G32/><T48/><D106/><U45/><E0/><V13/><F107/><W17/><G133/><T9/><D134/><U38/><E110/><V102/><F37/><W61/><G111/><T91/><D129/><U21/><E124/><V3/><F102/><W100/><G31/><T77/><D126/><U44/><E38/><V96/><F96/><N who="3" m="59415" /><G55/><T29/><D77/><N who="3" m="29801" /><G61/><T41/><D29/><U97/><E79/><V52/><F132/><W119/><G119/><T127/><D127/><U40/><E56/><V90/><F3/><W98/><G98/><T123/><D123/><U14/><E66/><V43/><F43/><W120/><G120/><T116/><D116/><U4/><E4/><V109/><F109/><W81/><G81/><T64/><D41/><U36/><E36/><V15/><F121/><W57/><G57/><T88/><D16/><N who="1" m="12327" /><E73/><V12/><F5/><W128/><G128/><T7/><D7/><U95/><E75/><V22/><F27/><AGARI ba="0,0" hai="17,20,27,80,82,83,85,89" m="29801,59415" machi="27" ten="30,1500,0" yaku="8,1" doraHai="117" who="3" fromWho="2" sc="149,0,302,0,226,-15,323,15" owari="149,-35.1,302,10.2,211,-18.9,338,43.8" /></mjloggm>