<mjloggm ver="2.3"><GO type="225" lobby="0"/><UN n0="%E6%97%A5%E6%9B%9C%E6%97%A5%E3%82%88%E3%82%8A%E3%81%AE%E4%BD%BF%E8%80%85" n1="%E7%AD%89%E3%80%85%E5%8A%9B%E5%8A%87%E5%A0%B4" n2="%72%69%6F%75%63%68%61%6E" n3="%E3%81%86%E3%82%8C%E3%81%9F%E3%82%93%E6%9E%95" dan="18,16,17,16" rate="2151.47,2135.27,2148.26,2080.75" sx="M,M,M,F"/><TAIKYOKU oya="0"/><INIT seed="0,0,0,2,1,127" ten="250,250,250,250" oya="0" hai0="86,27,121,20,39,119,82,14,31,2,87,130,93" hai1="131,64,34,51,60,48,41,135,50,32,37,90,84" hai2="97,43,128,125,105,53,98,9,114,126,7,63,109" hai3="26,44,124,17,81,113,55,10,6,95,0,72,120"/><T132/><D119/><U88/><E135/><V29/><F128/><W67/><G113/><T13/><D121/><U54/><E54/><V8/><F109/><W22/><G124/><N who="2" m="47721" /><F114/><W69/><G120/><T94/><D2/><U33/><E131/><V40/><F29/><W80/><G72/><T116/><D39/><U19/><E19/><V123/><F123/><W91/><G67/><T134/><D116/><U24/><E24/><V76/><F76/><W129/><G69/><T68/><D68/><U102/><E102/><N who="2" m="62671" /><F98/><W38/><G129/><T46/><D130/><U100/><E100/><V96/><F96/><W111/><G111/><T21/><D31/><U12/><E12/><N who="2" m="5151" /><F9/><W18/><G95/><T28/><D28/><U4/><E4/><V3/><F3/><W104/><G104/><T101/><D101/><U110/><E110/><V103/><F103/><W57/><G91/><T77/><D77/><U25/><E25/><V78/><F78/><W52/><G18/><T89/><D27/><U11/><E11/><V49/><F63/><W106/><G106/><T85/><D89/><U42/><E90/><V5/><F5/><W1/><G0/><T16/><D82/><U112/><E112/><V83/><F83/><W36/><G80/><T118/><D118/><U65/><E60/><V115/><F115/><W133/><G81/><T74/><D74/><U59/><E88/><V61/><F61/><N who="3" m="36007" /><G133/><N who="0" m="51307" /><D46/><AGARI ba="0,0" hai="40,43,46,49,53" m="5151,62671,47721" machi="46" ten="30,1000,0" yaku="18,1" doraHai="127" who="2" fromWho="0" sc="250,-10,250,0,250,10,250,0" /><INIT seed="1,0,0,1,4,124" ten="240,250,260,250" oya="1" hai0="58,97,90,134,28,38,79,64,67,62,3,56,129" hai1="17,26,116,54,44,43,23,13,125,111,14,117,122" hai2="114,91,5,132,52,78,41,24,135,115,80,100,109" hai3="133,77,19,2,55,40,50,98,85,103,37,16,83"/><U66/><E122/><V30/><F109/><W110/><G110/><T45/><D3/><U49/><E125/><V84/><F41/><W112/><G2/><T33/><D79/><U10/><E111/><V93/><F5/><W32/><G32/><T57/><D28/><U9/><E66/><N who="0" m="25129" /><D33/><U106/><E106/><V87/><F52/><W130/><G133/><N who="2" m="51273" /><F100/><W63/><G112/><N who="2" m="43049" /><F30/><W81/><G130/><T75/><D75/><U107/><E107/><V39/><F39/><W12/><G37/><T31/><D31/><U35/><E43/><V94/><F24/><W128/><G128/><T59/><D134/><U47/><E44/><V131/><F131/><W70/><G70/><T96/><D129/><U48/><E47/><V120/><F120/><W8/><G40/><T53/><D38/><U65/><E65/><V11/><F11/><W119/><G63/><T69/><D69/><U127/><E9/><V22/><F22/><W27/><G27/><T7/><D7/><U82/><E10/><V105/><F105/><W21/><G21/><T99/><D45/><U108/><E23/><V18/><F18/><W102/><G19/><T86/><D58/><U6/><E17/><V101/><F101/><W20/><G20/><T73/><D73/><U113/><E26/><V68/><F68/><W0/><G16/><T25/><D25/><U118/><E113/><V71/><F71/><W42/><G42/><T60/><D53/><U104/><E54/><V46/><F46/><W89/><G55/><T92/><AGARI ba="0,0" hai="56,57,59,60,62,86,90,92,96,97,99" m="25129" machi="92" ten="40,1500,0" yaku="8,1" doraHai="124" who="0" fromWho="0" sc="240,15,250,-7,260,-4,250,-4" /><INIT seed="2,0,0,3,0,126" ten="255,243,256,246" oya="2" hai0="19,128,69,123,135,3,49,106,111,40,0,110,103" hai1="91,6,117,99,93,64,129,36,125,55,27,87,85" hai2="44,79,92,74,47,113,133,84,22,28,127,88,60" hai3="9,114,107,83,37,98,8,101,90,94,82,95,24"/><V39/><F113/><W41/><G114/><T48/><D69/><U21/><E125/><V121/><F121/><W122/><G122/><T100/><D123/><U86/><E117/><V109/><F133/><W105/><G41/><T16/><D40/><U56/><E36/><V4/><F127/><W62/><G37/><T35/><D35/><U65/><E6/><V97/><F39/><W46/><G46/><T130/><REACH who="0" step="1"/><D106/><REACH who="0" ten="245,243,256,246" step="2"/><U80/><E129/><V42/><F42/><W33/><G107/><T11/><D11/><U59/><E80/><N who="2" m="47135" /><F109/><W5/><G8/><T52/><D52/><U10/><E10/><V120/><F120/><W7/><G9/><T66/><D66/><U77/><E77/><V75/><F4/><W115/><G105/><T108/><D108/><U43/><E43/><V118/><F118/><W54/><G115/><T61/><D61/><U124/><E124/><V45/><F60/><W53/><G5/><T104/><D104/><U119/><E119/><V25/><F74/><W14/><G7/><T67/><D67/><U78/><E78/><V32/><F32/><W89/><G33/><T2/><D2/><U134/><E134/><AGARI ba="0,1" hai="0,3,16,19,48,49,100,103,110,111,128,130,134,135" machi="134" ten="25,12000,2" yaku="1,1,22,2,52,2,54,1,53,0" doraHai="126" doraHaiUra="51" who="0" fromWho="1" sc="245,130,243,-120,256,0,246,0" /><INIT seed="3,0,0,5,3,94" ten="375,123,256,246" oya="3" hai0="130,44,12,113,6,93,50,24,107,39,86,31,127" hai1="112,2,41,3,104,33,81,26,4,56,9,95,54" hai2="132,60,35,38,27,106,73,98,80,131,34,17,105" hai3="40,92,102,66,13,53,122,77,101,70,79,30,116"/><W21/><G116/><T16/><D107/><U43/><E104/><V51/><F38/><W36/><G122/><T0/><D39/><U19/><E112/><V42/><F60/><W10/><G70/><T63/><D63/><U55/><E2/><V78/><F106/><W1/><G66/><T99/><D0/><U5/><E5/><V23/><F131/><W32/><G32/><T96/><D6/><U103/><E81/><V14/><F132/><W82/><G79/><T133/><D127/><U111/><E111/><V57/><F57/><W117/><G117/><T37/><D37/><U128/><E128/><V59/><F59/><W109/><G1/><T76/><D133/><U67/><E67/><V88/><F105/><W29/><G109/><T62/><D62/><U49/><E55/><V65/><F65/><W64/><G64/><T126/><D126/><U52/><E54/><V118/><F118/><W90/><G53/><T119/><D113/><U20/><REACH who="1" step="1"/><E33/><REACH who="1" ten="375,113,256,246" step="2"/><V7/><F34/><W75/><G82/><T25/><D130/><U91/><E91/><V46/><F35/><W108/><G90/><T84/><D119/><U134/><E134/><V8/><F88/><W100/><G108/><T129/><D129/><U83/><E83/><V22/><F7/><W18/><G101/><T15/><D76/><U85/><E85/><V120/><F78/><W11/><G100/><T69/><D86/><U115/><E115/><V61/><F80/><N who="3" m="45119" /><G102/><N who="0" m="60687" /><D84/><U72/><E72/><V48/><F73/><W114/><G114/><T121/><D69/><U124/><E124/><V74/><F74/><RYUUKYOKU ba="0,1" sc="375,-10,113,30,256,-10,246,-10" hai1="3,4,9,19,20,26,41,43,49,52,56,95,103" owari="375,47.5,143,-35.7,246,4.6,236,-16.4" /></mjloggm>