<mjloggm ver="2.3"><GO type="225" lobby="0"/><UN n0="%E8%BE%9B%E5%8F%A3%E3%82%AB%E3%83%AC%E3%83%BC%E3%83%A9%E3%82%A4%E3%82%B9" n1="%6D%75%75%6D%75%72%61" n2="%E3%83%88%E3%83%A9%E3%83%9E%E3%83%AB" n3="%E3%81%82%E3%81%99%E3%81%AB%E3%82%83%E3%82%80" dan="16,16,16,16" rate="2210.79,2155.64,2118.93,2105.17" sx="M,F,M,F"/><TAIKYOKU oya="0"/><INIT seed="0,0,0,2,3,125" ten="250,250,250,250" oya="0" hai0="110,36,93,71,52,13,27,11,24,81,104,117,72" hai1="107,121,56,22,78,135,124,68,91,14,109,19,26" hai2="75,23,54,60,10,32,87,34,103,69,53,62,79" hai3="101,3,25,64,40,33,63,90,77,18,0,99,120"/><T58/><D117/><U28/><E68/><V20/><F75/><W46/><G90/><T44/><D104/><U15/><E121/><V70/><F10/><W43/><G77/><T80/><D71/><U133/><E107/><V94/><F87/><W96/><G120/><T9/><D110/><U111/><E78/><V57/><F94/><W83/><G83/><T128/><D72/><U61/><E91/><V127/><F79/><W98/><G101/><T134/><D134/><N who="1" m="51211" /><E124/><V45/><F127/><W38/><G40/><T82/><D128/><U39/><E39/><V86/><F86/><W105/><G105/><T41/><D93/><U73/><E73/><V88/><F57/><W119/><G119/><T100/><D100/><U49/><E49/><V4/><F45/><W50/><G38/><T132/><D132/><U42/><E42/><V114/><F103/><W6/><G6/><T112/><D112/><U123/><E123/><V65/><F65/><W118/><G118/><T74/><D74/><U7/><E7/><V31/><F31/><W116/><G116/><T106/><D106/><U55/><E14/><V102/><F102/><W76/><G76/><T51/><REACH who="0" step="1"/><D9/><AGARI ba="0,0" hai="9,15,19,22,26,28,55,56,61,109,111" m="51211" machi="9" ten="30,1000,0" yaku="20,1" doraHai="125" who="1" fromWho="0" sc="250,-10,250,10,250,0,250,0" /><INIT seed="1,0,0,0,0,1" ten="240,260,250,250" oya="1" hai0="123,2,132,100,98,69,86,67,119,24,23,68,6" hai1="20,129,84,18,55,33,34,49,9,79,42,36,4" hai2="118,114,96,85,39,82,38,37,0,17,31,15,32" hai3="8,134,104,26,14,28,127,81,77,40,91,41,12"/><U5/><E129/><V120/><F0/><W109/><G109/><T111/><D119/><U89/><E36/><V66/><F118/><W65/><G104/><T108/><D132/><U128/><E128/><V10/><F120/><W88/><G134/><T83/><D123/><U54/><E79/><V99/><F114/><W73/><G127/><T76/><D67/><U70/><E70/><V131/><F131/><W63/><G40/><T50/><D50/><U80/><E34/><V95/><F66/><W61/><G14/><T133/><D133/><U93/><E33/><V47/><F99/><W107/><G41/><T115/><D115/><U78/><E9/><V126/><F126/><W87/><G107/><N who="0" m="63895" /><D6/><N who="1" m="2667" /><E42/><V56/><F56/><W116/><G116/><T90/><D76/><U35/><E35/><V92/><F47/><W74/><G74/><T110/><D2/><U71/><E71/><V58/><F58/><W53/><G73/><T43/><D43/><U75/><E75/><V103/><F32/><W97/><G8/><T19/><AGARI ba="0,0" hai="19,23,24,68,69,83,86,90,108,110,111" m="63895" machi="19" ten="30,1100,0" yaku="14,1" doraHai="1" who="0" fromWho="0" sc="240,11,260,-5,250,-3,250,-3" /><INIT seed="2,0,0,0,2,59" ten="251,255,247,247" oya="2" hai0="108,25,11,128,61,23,127,68,0,77,15,45,71" hai1="72,4,49,52,130,43,82,57,79,120,28,58,41" hai2="24,30,107,69,92,70,62,96,83,20,103,78,8" hai3="2,37,99,106,33,48,111,131,29,7,19,98,50"/><V67/><F8/><W32/><G37/><T117/><D108/><U64/><E130/><V100/><F100/><W101/><G111/><T112/><D112/><U42/><E120/><V46/><F46/><W6/><G131/><T97/><D128/><U26/><E4/><V113/><F113/><W18/><G2/><T54/><D0/><U85/><E72/><V121/><F121/><W75/><G75/><T89/><D127/><U44/><REACH who="1" step="1"/><E64/><REACH who="1" ten="251,245,247,247" step="2"/><V5/><F5/><W94/><G6/><T105/><D117/><U129/><E129/><V17/><F107/><W3/><G7/><T119/><D105/><U73/><E73/><V110/><F110/><W116/><G106/><T13/><D119/><U12/><E12/><V132/><F132/><W86/><G116/><T104/><D13/><U51/><E51/><V135/><F135/><W39/><G48/><T55/><D15/><U134/><E134/><V31/><REACH who="2" step="1"/><F70/><REACH who="2" ten="251,245,237,247" step="2"/><W124/><G3/><T63/><D71/><U14/><E14/><V27/><F27/><W109/><G109/><T93/><D68/><U34/><AGARI ba="0,2" hai="26,28,34,41,42,43,44,49,52,57,58,79,82,85" machi="34" ten="30,12000,2" yaku="1,1,0,1,54,1,53,3" doraHai="59" doraHaiUra="38" who="1" fromWho="1" sc="251,-30,245,140,237,-60,247,-30" /><INIT seed="3,0,0,4,1,26" ten="221,385,177,217" oya="3" hai0="79,19,23,18,131,101,115,77,108,78,104,48,14" hai1="37,128,30,110,35,52,70,47,12,39,98,96,130" hai2="51,10,31,45,49,95,66,36,85,15,89,119,29" hai3="53,56,99,109,42,73,102,74,65,116,87,88,5"/><W129/><G116/><T38/><D38/><U125/><E110/><V84/><F119/><W82/><G5/><T92/><D108/><U75/><E70/><V3/><F3/><W57/><G109/><T22/><D131/><N who="1" m="50219" /><E75/><V28/><F66/><W105/><G129/><T80/><D104/><U1/><E1/><V72/><F72/><W127/><G127/><T6/><D6/><U107/><E125/><V16/><F36/><W58/><G42/><T0/><D0/><U64/><E64/><V8/><F8/><W76/><G65/><T94/><D115/><U91/><E12/><V113/><F113/><W118/><G118/><T34/><D34/><U17/><E17/><V112/><F112/><W32/><G32/><T114/><D114/><U43/><E37/><V117/><F117/><W40/><G40/><T133/><D133/><U100/><E52/><N who="2" m="29743" /><F51/><W2/><G2/><T103/><D80/><U33/><E30/><V126/><F126/><W50/><G73/><T21/><D48/><U120/><E120/><V83/><F83/><AGARI ba="0,0" hai="50,53,56,57,58,74,76,82,83,87,88,99,102,105" machi="83" ten="30,2900,0" yaku="7,1,54,1" doraHai="26" who="3" fromWho="2" sc="221,0,385,0,177,-29,217,29" /><INIT seed="3,1,0,5,0,25" ten="221,385,148,246" oya="3" hai0="8,79,48,66,12,65,130,3,126,100,18,44,40" hai1="121,110,132,13,133,10,59,21,52,80,113,104,69" hai2="107,57,29,111,91,83,0,15,134,127,38,23,74" hai3="60,28,87,95,92,37,82,86,56,125,67,2,98"/><W99/><G37/><T9/><D126/><U54/><E121/><V30/><F0/><W53/><G2/><T84/><D130/><U6/><E113/><V97/><F38/><W26/><G125/><T129/><D129/><U106/><E69/><V68/><F68/><W19/><G19/><T78/><D100/><U11/><E110/><V47/><F111/><W36/><G36/><T41/><D41/><U73/><E21/><V93/><F127/><W64/><G26/><T96/><D96/><U103/><E11/><N who="0" m="4169" /><D3/><U58/><E80/><V89/><F134/><N who="1" m="51817" /><E73/><V33/><F33/><W4/><G4/><T70/><D84/><U16/><E6/><V55/><F47/><W20/><G20/><N who="0" m="11335" /><D70/><U94/><E94/><V7/><F107/><N who="1" m="41001" /><E103/><V131/><F131/><W14/><G14/><T49/><D49/><U85/><E85/><V32/><F32/><W27/><G82/><T114/><D114/><U51/><E54/><V124/><F124/><W117/><G53/><T123/><D123/><U24/><E24/><V101/><F7/><W88/><G117/><T50/><D50/><U77/><E77/><AGARI ba="1,0" hai="40,44,48,65,66,77,78,79" m="11335,4169" machi="77" ten="30,1000,0" yaku="8,1" doraHai="25" who="0" fromWho="1" sc="221,13,385,-13,148,0,246,0" owari="234,-16.6,372,47.2,148,-35.2,246,4.6" /></mjloggm>