<mjloggm ver="2.3"><GO type="225" lobby="0"/><UN n0="%E5%BE%AE%E5%B7%AE%E3%81%AE%E4%BD%95%E5%88%87%E3%82%8B%EF%BC%9C%E9%81%8B" n1="%E3%82%BF%E3%83%BC%E3%83%90%E3%83%B3%E9%87%8E%E5%8F%A3" n2="%E3%82%B2%E3%82%B9%E8%8C%82%E5%8B%9D" n3="%6D%75%75%6D%75%72%61" dan="17,16,16,16" rate="2153.70,2133.90,2053.90,2132.19" sx="M,M,F,F"/><TAIKYOKU oya="0"/><INIT seed="0,0,0,5,5,68" ten="250,250,250,250" oya="0" hai0="64,86,67,101,36,131,56,53,4,108,8,115,50" hai1="19,83,87,38,63,81,22,7,3,40,28,33,123" hai2="72,117,60,74,100,112,15,43,27,17,121,2,135" hai3="105,109,54,32,94,132,52,93,66,91,26,88,62"/><T78/><D115/><U79/><E123/><V82/><F112/><W92/><G105/><T77/><D131/><U134/><E134/><V114/><F2/><W21/><G32/><T0/><D101/><U96/><E96/><V84/><F27/><W31/><G109/><T5/><D108/><U9/><E63/><V12/><F12/><W34/><G34/><T10/><D36/><U61/><E61/><V58/><F43/><W98/><G132/><T14/><D78/><U106/><E106/><V46/><F46/><W102/><G93/><T118/><D118/><U65/><E65/><V128/><F128/><W16/><G31/><T111/><D111/><U120/><E83/><V20/><F121/><W18/><G18/><T69/><D69/><U71/><E71/><V55/><F135/><W130/><G130/><T99/><D99/><U127/><E127/><V49/><F114/><W90/><REACH who="3" step="1"/><G92/><REACH who="3" ten="250,250,250,240" step="2"/><T119/><D119/><U30/><E120/><V116/><F117/><W41/><G41/><T59/><REACH who="0" step="1"/><D56/><AGARI ba="0,1" hai="16,21,26,52,54,56,62,66,88,90,91,94,98,102" machi="56" ten="40,12000,2" yaku="1,1,8,1,54,3,53,1" doraHai="68" doraHaiUra="97" who="3" fromWho="0" sc="250,-120,250,0,250,0,240,130" /><INIT seed="1,0,0,3,0,13" ten="130,250,250,370" oya="1" hai0="17,30,86,74,42,49,78,38,22,133,26,39,99" hai1="77,37,113,9,117,79,85,126,52,106,18,110,53" hai2="6,94,107,54,92,19,83,7,84,80,0,122,87" hai3="64,35,41,131,81,115,3,108,28,135,60,14,102"/><U109/><E117/><V111/><F111/><N who="1" m="42505" /><E113/><V2/><F54/><N who="1" m="21097" /><E106/><V118/><F107/><W24/><G3/><T51/><D133/><U116/><E116/><V62/><F118/><W69/><G131/><T66/><D74/><U59/><E126/><V44/><F44/><W75/><G135/><T82/><D66/><U96/><E37/><V95/><F95/><W21/><G108/><T27/><D39/><U32/><E32/><V68/><F62/><W23/><G115/><T89/><D38/><U129/><E129/><V63/><F63/><W5/><G41/><T88/><D42/><U34/><E34/><V15/><F68/><W25/><G35/><T100/><D51/><U57/><E96/><V11/><F122/><W70/><G70/><T10/><D49/><U43/><E43/><V72/><F72/><W101/><G75/><T61/><D61/><U55/><E85/><V119/><F119/><W98/><G98/><T58/><D58/><N who="1" m="22027" /><E55/><V33/><F33/><W91/><G69/><T124/><D124/><U132/><E132/><V104/><F104/><W76/><G60/><T71/><D71/><U47/><E47/><V40/><F40/><W29/><G64/><T31/><D31/><U105/><E105/><V103/><F84/><W127/><G127/><T130/><D130/><U120/><E120/><V20/><F87/><N who="3" m="50671" /><G76/><T12/><REACH who="0" step="1"/><D27/><REACH who="0" ten="120,250,250,370" step="2"/><U125/><E125/><V73/><F73/><W121/><G121/><T93/><AGARI ba="0,1" hai="10,12,17,22,26,30,78,82,86,88,89,93,99,100" machi="93" ten="20,12000,2" yaku="1,1,2,1,0,1,7,1,8,1,52,1,54,1,53,0" doraHai="13" doraHaiUra="65" who="0" fromWho="0" sc="120,130,250,-60,250,-30,370,-30" /><INIT seed="2,0,0,3,5,21" ten="250,190,220,340" oya="2" hai0="24,76,23,125,14,66,38,107,126,106,94,86,123" hai1="104,134,78,29,25,7,16,19,79,95,34,114,72" hai2="41,55,109,80,84,30,115,83,52,90,99,17,73" hai3="8,40,88,120,4,6,62,71,67,36,53,101,37"/><V135/><F115/><W5/><G120/><T22/><D38/><U91/><E114/><V31/><F135/><W129/><G129/><T64/><D123/><U65/><E104/><V130/><F130/><W96/><G8/><T69/><D14/><U59/><E134/><V128/><F128/><W47/><G53/><N who="2" m="20553" /><F73/><W58/><G88/><T108/><D22/><N who="1" m="15543" /><E7/><V124/><F124/><N who="0" m="47722" /><D108/><U2/><E2/><V103/><F109/><W18/><G18/><N who="1" m="6698" /><E34/><V26/><F41/><W118/><G118/><T100/><D69/><U45/><E45/><V70/><F70/><W35/><G35/><T56/><D107/><U20/><E20/><N who="2" m="13583" /><F80/><W13/><G71/><T89/><D56/><U51/><E72/><V77/><F77/><W131/><G131/><T111/><D76/><U9/><E9/><V39/><F39/><W61/><G37/><T3/><D3/><U85/><E51/><V54/><N who="2" m="20561" /><V121/><DORA hai="75" /><F121/><W98/><G13/><T82/><D106/><U127/><E127/><V43/><F43/><W48/><G36/><T102/><D111/><U97/><E65/><N who="0" m="25193" /><D82/><N who="1" m="49591" /><E59/><V93/><AGARI ba="0,0" hai="30,31,83,84,90,93,99,103" m="13583,20561" machi="93" ten="30,6000,0" yaku="8,1,52,1,54,1" doraHai="21,75" who="2" fromWho="2" sc="250,-20,190,-20,220,60,340,-20" /><INIT seed="2,1,0,4,4,65" ten="230,170,280,320" oya="2" hai0="24,61,69,30,79,0,4,19,98,66,15,111,47" hai1="25,133,53,22,84,70,124,40,80,1,60,55,128" hai2="13,57,20,88,50,135,35,31,108,110,105,87,73" hai3="21,91,38,39,56,127,75,94,46,17,109,27,126"/><V5/><F105/><W18/><G109/><N who="2" m="42089" /><F73/><W103/><G103/><T97/><D111/><U42/><E1/><V78/><F78/><W52/><G75/><T51/><D79/><U118/><E118/><V89/><F135/><W48/><G18/><T43/><D0/><U72/><E133/><V9/><F35/><W132/><G132/><T68/><D4/><U114/><E114/><V10/><F10/><W71/><G71/><T45/><D47/><U34/><E72/><V62/><F50/><W16/><G17/><T54/><D43/><U33/><E124/><N who="3" m="47658" /><G46/><T37/><D37/><U116/><E116/><V74/><F74/><W64/><G64/><T29/><D29/><U77/><E128/><V129/><F129/><W2/><G2/><T12/><D12/><U28/><E34/><V99/><F99/><AGARI ba="1,0" hai="16,21,27,38,39,48,52,56,91,94,99" m="47658" machi="99" ten="30,3900,0" yaku="18,1,54,2" doraHai="65" who="3" fromWho="2" sc="230,0,170,0,280,-42,320,42" /><INIT seed="3,0,0,0,4,74" ten="230,170,238,362" oya="3" hai0="67,127,11,91,61,98,57,47,19,134,122,70,18" hai1="44,82,69,5,88,87,129,0,8,93,89,92,102" hai2="128,41,25,56,109,97,112,29,116,52,42,123,24" hai3="45,64,118,30,40,14,16,95,79,73,76,55,12"/><W62/><G73/><T86/><D122/><U49/><E69/><V105/><F109/><W20/><G55/><T130/><D134/><U131/><E102/><V117/><F112/><W107/><G107/><T46/><D130/><U38/><E38/><V84/><F128/><W22/><G95/><T113/><D127/><U126/><E126/><V50/><F123/><W1/><G1/><T121/><D121/><U39/><E39/><V100/><F25/><W54/><G54/><T90/><D113/><U4/><E4/><V101/><F100/><W80/><G80/><T81/><D70/><U13/><E0/><V66/><F66/><W77/><G118/><T58/><D57/><U71/><E71/><V63/><F84/><W23/><G30/><T96/><D90/><U60/><E60/><V6/><F6/><W133/><G14/><N who="0" m="7519" /><D19/><U65/><E65/><V7/><F7/><W59/><G133/><T103/><D103/><U119/><E119/><V132/><F132/><W125/><G125/><T99/><AGARI ba="0,0" hai="46,47,58,61,67,81,86,91,96,98,99" m="7519" machi="99" ten="30,1100,0" yaku="8,1" doraHai="74" who="0" fromWho="0" sc="230,11,170,-3,238,-3,362,-5" owari="241,4.1,167,-33.3,235,-16.5,357,45.7" /></mjloggm>