<mjloggm ver="2.3"><GO type="225" lobby="0"/><UN n0="%E3%83%AC%E3%82%A4%E3%83%88%E3%83%B3%E5%87%86%E6%95%99%E6%8E%88" n1="%E5%86%B7%E5%87%8D%E3%82%AE%E3%83%A7%E3%83%BC%E3%82%B6" n2="%E3%81%BF%E3%81%BF%E3%81%9A" n3="%E6%97%A5%E6%9B%9C%E6%97%A5%E3%82%88%E3%82%8A%E3%81%AE%E4%BD%BF%E8%80%85" dan="19,16,16,17" rate="2270.11,2127.39,2179.11,2130.27" sx="M,M,M,M"/><TAIKYOKU oya="0"/><INIT seed="0,0,0,1,1,52" ten="250,250,250,250" oya="0" hai0="13,119,70,29,86,2,31,39,68,132,100,125,93" hai1="23,30,6,130,121,71,54,9,96,10,19,74,97" hai2="27,24,85,81,107,44,134,92,69,67,12,8,115" hai3="66,83,15,33,104,62,75,37,17,43,117,53,73"/><T11/><D119/><U50/><E121/><V118/><F107/><W45/><G117/><T127/><D39/><U7/><E71/><V3/><F118/><W41/><G33/><T103/><D2/><U82/><E130/><V114/><F3/><W88/><G104/><T35/><D132/><U91/><E74/><V77/><F134/><W89/><G53/><T22/><D35/><U40/><E40/><V26/><F44/><W102/><G102/><N who="0" m="38955" /><D86/><N who="1" m="50647" /><E30/><N who="0" m="11273" /><D93/><U84/><E84/><V58/><F69/><N who="0" m="26730" /><D22/><U109/><E6/><V98/><F92/><W34/><G34/><T1/><D1/><U57/><E7/><V101/><F101/><W95/><G43/><T90/><D90/><U51/><E51/><V116/><F116/><W106/><G106/><T36/><D36/><U80/><E80/><V78/><F98/><N who="1" m="37993" /><E109/><V21/><F21/><W28/><G83/><T110/><D110/><U61/><E50/><V60/><REACH who="2" step="1"/><F78/><REACH who="2" ten="250,250,240,250" step="2"/><W63/><G95/><T65/><D11/><U113/><E113/><V48/><F48/><W59/><G37/><T128/><D128/><U94/><E94/><V76/><F76/><W123/><G45/><T126/><D13/><AGARI ba="0,1" hai="9,10,13,19,23,54,57,61" m="37993,50647" machi="13" ten="30,2000,0" yaku="8,1,52,1" doraHai="52" who="1" fromWho="0" sc="250,-20,250,30,240,0,250,0" /><INIT seed="1,0,0,1,3,117" ten="230,280,240,250" oya="1" hai0="62,71,100,80,122,7,39,102,50,33,16,42,68" hai1="116,17,34,113,28,90,127,37,84,83,56,20,89" hai2="124,114,87,118,107,59,1,92,126,35,32,131,57" hai3="10,110,49,99,12,11,132,24,48,121,135,54,52"/><U94/><E113/><V26/><F107/><W108/><G24/><T60/><D33/><N who="2" m="12874" /><F118/><W119/><G119/><T19/><D39/><U22/><E37/><V123/><F114/><W74/><G74/><T103/><D7/><U29/><E34/><V2/><F26/><W78/><G78/><T91/><D122/><U134/><E127/><N who="2" m="48683" /><F123/><W129/><G99/><T9/><D50/><N who="3" m="19561" /><G121/><T109/><D42/><U72/><E72/><V65/><F65/><W13/><G129/><T3/><D3/><N who="2" m="1034" /><F131/><W44/><G44/><T73/><D73/><U69/><E116/><V63/><F63/><W95/><G95/><T76/><D62/><U45/><E45/><V85/><F92/><W67/><G67/><T53/><D60/><U4/><E94/><V31/><F31/><W18/><G54/><T88/><D53/><U81/><E29/><V61/><F61/><W125/><G52/><T46/><D71/><U55/><E69/><V21/><F21/><W77/><G125/><T64/><D68/><U86/><E28/><V101/><F101/><W70/><G70/><T115/><D64/><U41/><E22/><V14/><F14/><W96/><G96/><T40/><D115/><U130/><E130/><V97/><F97/><W5/><G77/><T98/><D76/><U106/><E106/><V75/><F75/><W27/><G27/><T36/><D98/><U104/><E104/><V0/><F0/><W128/><G128/><T51/><D102/><U133/><E41/><V38/><F38/><W58/><G58/><AGARI ba="0,0" hai="57,58,59,85,87" m="1034,48683,12874" machi="58" ten="40,5200,0" yaku="28,2,18,1" doraHai="117" who="2" fromWho="3" sc="230,0,280,0,240,52,250,-52" /><INIT seed="2,0,0,4,1,98" ten="230,280,292,198" oya="2" hai0="27,132,55,100,39,9,118,38,125,5,24,65,48" hai1="133,116,126,54,33,94,68,25,18,37,122,108,76" hai2="87,119,63,79,22,102,11,101,77,121,92,135,64" hai3="72,73,85,110,70,128,96,81,66,109,69,13,23"/><V59/><F119/><W32/><G32/><T95/><D118/><U31/><E76/><N who="2" m="29259" /><F121/><W40/><G40/><T56/><D132/><U45/><E54/><V91/><F135/><W106/><G13/><T4/><D125/><U8/><E94/><V67/><F11/><W29/><G23/><T75/><D75/><N who="3" m="28745" /><G29/><T0/><D4/><U41/><E116/><V113/><F113/><W47/><G47/><T60/><D39/><U74/><E126/><V15/><F67/><W12/><G12/><T53/><D38/><U127/><E122/><V17/><AGARI ba="0,0" hai="15,17,22,59,63,64,87,91,92,101,102" m="29259" machi="17" ten="30,6000,0" yaku="8,1,52,2" doraHai="98" who="2" fromWho="2" sc="230,-20,280,-20,292,60,198,-20" /><INIT seed="2,1,0,1,3,26" ten="210,260,352,178" oya="2" hai0="124,93,22,131,91,71,82,117,105,116,122,77,34" hai1="128,135,7,88,132,79,86,25,102,1,110,11,127" hai2="44,97,3,126,120,41,55,60,51,53,72,17,8" hai3="121,49,85,109,119,96,52,21,16,58,103,112,59"/><V32/><F72/><W95/><G119/><N who="0" m="45643" /><D34/><U2/><E110/><V106/><F120/><W61/><G121/><T118/><D122/><U54/><E127/><V73/><F73/><W80/><G109/><T6/><D71/><U0/><E128/><V99/><F126/><W75/><G75/><N who="0" m="43327" /><D124/><U10/><E79/><V57/><F106/><W66/><G112/><T63/><D105/><U45/><E102/><V46/><F32/><W115/><G115/><T30/><D6/><U133/><E7/><V5/><REACH who="2" step="1"/><F17/><REACH who="2" ten="210,260,342,178" step="2"/><W84/><REACH who="3" step="1"/><G80/><REACH who="3" ten="210,260,342,168" step="2"/><T67/><D118/><U76/><E135/><V90/><F90/><W104/><G104/><T101/><D91/><U40/><E88/><V111/><F111/><W27/><AGARI ba="1,2" hai="16,21,27,49,52,58,59,61,66,84,85,95,96,103" machi="27" ten="20,12000,2" yaku="1,1,0,1,7,1,8,1,54,2,53,0" doraHai="26" doraHaiUra="108" who="3" fromWho="3" sc="210,-31,260,-31,342,-61,168,143" /><INIT seed="3,0,0,1,2,120" ten="179,229,281,311" oya="3" hai0="102,71,73,93,36,126,103,134,92,28,7,65,44" hai1="106,21,59,125,38,26,1,74,100,41,130,122,37" hai2="48,18,113,31,5,29,114,112,108,79,110,52,109" hai3="84,70,132,77,61,81,19,22,90,60,34,86,62"/><W24/><G132/><T27/><D134/><U17/><E122/><V23/><F5/><W98/><G34/><T50/><D73/><U57/><E125/><V12/><F79/><W124/><G124/><T78/><D126/><U54/><E74/><V51/><F51/><W3/><G3/><T127/><D127/><U69/><E69/><V96/><F96/><W99/><G70/><T115/><D36/><U45/><E130/><V91/><F91/><W87/><G87/><T6/><D78/><U129/><E129/><V111/><F111/><W55/><G55/><T123/><D123/><U25/><E1/><V94/><F94/><AGARI ba="0,0" hai="19,22,24,60,61,62,77,81,84,86,90,94,98,99" machi="94" ten="40,2000,0" yaku="8,1" doraHai="120" who="3" fromWho="2" sc="179,0,229,0,281,-20,311,20" owari="179,-32.1,229,-17.1,261,6.1,331,43.1" /></mjloggm>