<mjloggm ver="2.3"><GO type="225" lobby="0"/><UN n0="%6D%75%75%6D%75%72%61" n1="%33%74%72%65%65" n2="%E3%81%A9%E3%82%93%E3%82%88%E3%81%8F%4D%6B%2E%32" n3="%E3%83%A2%E3%82%B0%E3%83%9E%E3%83%AA%E3%83%A2" dan="16,16,16,16" rate="2175.85,2145.34,2173.29,2104.70" sx="F,F,M,M"/><TAIKYOKU oya="0"/><INIT seed="0,0,0,3,5,52" ten="250,250,250,250" oya="0" hai0="26,77,24,42,97,107,112,47,121,13,92,111,73" hai1="23,85,93,70,27,65,63,50,62,125,21,78,95" hai2="49,28,1,10,8,88,59,41,58,127,22,19,44" hai3="76,80,37,116,131,68,12,101,36,133,98,119,114"/><T46/><D112/><U79/><E125/><V122/><F122/><W33/><G114/><T3/><D121/><U99/><E50/><V104/><F104/><W15/><G131/><T0/><D107/><U72/><E72/><V69/><F69/><W14/><G133/><T38/><D111/><U48/><E48/><V54/><F127/><W4/><G68/><T67/><D67/><U45/><E45/><V96/><F28/><W6/><G33/><T60/><D60/><U134/><E134/><V18/><F1/><W39/><G98/><T113/><D113/><U43/><E43/><V25/><F19/><W109/><G101/><T91/><D47/><U106/><E63/><N who="2" m="36311" /><F59/><W2/><G109/><T89/><D89/><U20/><E106/><V84/><F84/><W35/><G35/><T17/><D3/><U29/><E85/><V30/><F30/><W124/><G124/><T40/><D0/><U81/><E29/><V57/><F57/><W87/><REACH who="3" step="1"/><G2/><REACH who="3" ten="250,250,250,240" step="2"/><T11/><REACH who="0" step="1"/><D40/><REACH who="0" ten="240,250,250,240" step="2"/><U117/><E70/><V31/><F31/><W86/><G86/><T82/><AGARI ba="0,2" hai="11,13,17,24,26,38,42,46,73,77,82,91,92,97" machi="82" ten="30,6000,0" yaku="1,1,2,1,0,1,53,0" doraHai="52" doraHaiUra="34" who="0" fromWho="0" sc="240,80,250,-20,250,-20,240,-20" /><INIT seed="0,1,0,5,3,83" ten="320,230,230,220" oya="0" hai0="6,15,10,58,23,36,51,117,91,12,11,98,129" hai1="82,113,112,64,73,67,25,62,102,37,125,99,116" hai2="76,9,100,17,93,126,43,44,122,111,118,86,59" hai3="52,5,16,89,29,55,74,131,69,31,42,132,114"/><T21/><D36/><U7/><E116/><V57/><F118/><W53/><G114/><N who="1" m="44138" /><E125/><V115/><F115/><W81/><G131/><T103/><D117/><U79/><E37/><V68/><F68/><W41/><G132/><T97/><D129/><U88/><E7/><V56/><F126/><W26/><G69/><T66/><D91/><U30/><E62/><V133/><F133/><W84/><G5/><T92/><D97/><U65/><E88/><N who="2" m="53399" /><F122/><W130/><G74/><T127/><D127/><U94/><E67/><V71/><F71/><W60/><G60/><N who="0" m="38167" /><D51/><U108/><E108/><V75/><F75/><W120/><G120/><T72/><D72/><U27/><E27/><V128/><F111/><W28/><G130/><T70/><D70/><U78/><E78/><V40/><F76/><W105/><G105/><T48/><D48/><U4/><E4/><AGARI ba="1,0" hai="4,6,10,11,12,15,21,23,92,98,103" m="38167" machi="4" ten="30,1500,0" yaku="8,1" doraHai="83" who="0" fromWho="1" sc="320,18,230,-18,230,0,220,0" /><INIT seed="0,2,0,3,1,111" ten="338,212,230,220" oya="0" hai0="115,6,71,131,14,134,22,32,73,86,81,64,13" hai1="27,114,133,35,56,97,119,132,94,41,10,72,90" hai2="101,113,15,1,95,135,16,110,7,122,102,8,77" hai3="118,76,55,58,44,98,21,121,30,31,2,128,9"/><T24/><D131/><U88/><E119/><V87/><F122/><W79/><G118/><T66/><D134/><N who="1" m="51819" /><E72/><V112/><F135/><W26/><G128/><T69/><D73/><U18/><E41/><V99/><F102/><W78/><G121/><T39/><D32/><U11/><E56/><V117/><F117/><W38/><G98/><T4/><D39/><U52/><E52/><V59/><F110/><W129/><G129/><T104/><D104/><U107/><E107/><V40/><F40/><W48/><G31/><T125/><D125/><U23/><E35/><V50/><F77/><W53/><G38/><T29/><D71/><U51/><E51/><V130/><F130/><W20/><G20/><T0/><D69/><U123/><E123/><V34/><F34/><W126/><G126/><T80/><D0/><U63/><E63/><V19/><F87/><W3/><REACH who="3" step="1"/><G9/><REACH who="3" ten="338,212,230,210" step="2"/><T70/><D22/><U37/><E37/><V33/><F33/><W108/><G108/><T106/><D29/><U54/><E10/><V105/><F105/><W67/><G67/><T74/><D106/><U5/><E11/><V49/><F19/><W46/><G46/><T62/><D6/><U65/><E5/><V28/><F28/><W25/><G25/><T93/><D24/><U116/><E116/><V17/><F17/><W120/><G120/><T47/><D4/><U82/><E65/><V84/><F16/><W43/><G43/><T42/><D66/><U12/><E27/><V68/><F7/><W103/><G103/><T89/><D64/><U124/><E124/><V75/><F8/><RYUUKYOKU ba="2,1" sc="338,-10,212,-10,230,-10,210,30" hai3="2,3,21,26,30,44,48,53,55,58,76,78,79" /><INIT seed="1,3,1,4,5,28" ten="328,202,220,240" oya="1" hai0="22,96,133,77,11,119,13,20,63,62,110,15,17" hai1="48,35,41,1,12,44,61,76,101,23,129,52,115" hai2="130,24,79,5,118,60,95,74,9,114,64,68,108" hai3="57,87,19,89,78,33,122,2,104,37,85,105,106"/><U128/><E115/><V43/><F118/><W40/><G122/><T7/><D119/><U88/><E1/><V51/><F114/><W84/><G2/><T36/><D110/><U103/><E76/><V97/><F108/><W69/><G69/><T98/><D36/><U93/><E35/><V66/><F66/><W29/><G78/><T81/><D133/><U100/><E23/><V16/><F130/><N who="1" m="50281" /><E12/><V71/><F71/><W21/><G57/><T92/><D22/><U86/><E61/><V126/><F126/><W124/><G124/><T120/><D120/><U56/><E56/><V109/><F109/><W125/><G125/><T112/><D112/><U8/><E8/><V73/><F79/><W83/><G29/><T3/><D3/><U80/><E80/><V31/><F5/><W90/><G33/><T50/><D50/><U27/><E27/><V6/><F6/><W123/><G83/><T18/><D18/><U132/><E41/><V82/><F82/><W107/><G123/><T34/><D34/><U99/><E132/><V38/><F51/><W72/><G72/><T94/><D63/><U131/><N who="1" m="50289" /><U75/><DORA hai="91" /><E75/><V116/><F116/><W45/><N who="3" m="26624" /><DORA hai="102" /><W135/><REACH who="3" step="1"/><G135/><REACH who="3" ten="328,202,220,230" step="2"/><T59/><D59/><U121/><E121/><V39/><F73/><W42/><G42/><T0/><D0/><U25/><E25/><AGARI ba="3,2" hai="19,21,25,37,40,45,84,85,87,89,90" m="26624" machi="25" ten="70,8000,1" yaku="1,1,52,4,53,0" doraHai="28,91,102" doraHaiUra="111,32,117" who="3" fromWho="1" sc="328,0,202,-89,220,0,230,109" /><INIT seed="2,0,0,5,3,86" ten="328,113,220,339" oya="2" hai0="95,12,51,119,62,54,16,76,96,84,94,120,14" hai1="30,29,40,134,113,128,41,117,72,124,69,36,71" hai2="8,34,70,108,93,133,81,73,100,45,83,6,55" hai3="80,132,46,79,102,31,123,7,111,56,21,130,129"/><V67/><F34/><W2/><G123/><T10/><D120/><U9/><E72/><V90/><F100/><W58/><G111/><T32/><D32/><U109/><E9/><V27/><F108/><W61/><G132/><T13/><D119/><U65/><E109/><V66/><F133/><W135/><G135/><T18/><D62/><U68/><E134/><V98/><F70/><W74/><G46/><N who="0" m="28023" /><D10/><U49/><E117/><V37/><F27/><N who="3" m="16879" /><G102/><N who="0" m="60695" /><D95/><U59/><E113/><V20/><F20/><W75/><G75/><T89/><D89/><U47/><E124/><V48/><F37/><W35/><G35/><T97/><D97/><U52/><E128/><N who="3" m="49258" /><G61/><T43/><D43/><N who="1" m="23015" /><E29/><V33/><F33/><W85/><G74/><T22/><D18/><U88/><E30/><V91/><F91/><W28/><G28/><T126/><D126/><U82/><E88/><V122/><F122/><W24/><G24/><T87/><D87/><U115/><E115/><V15/><REACH who="2" step="1"/><F73/><REACH who="2" ten="328,113,210,339" step="2"/><W19/><G79/><T78/><D78/><U11/><E82/><AGARI ba="0,1" hai="6,8,15,45,48,55,66,67,81,82,83,90,93,98" machi="82" ten="40,12000,1" yaku="1,1,2,1,8,1,52,1,53,0" doraHai="86" doraHaiUra="39" who="2" fromWho="1" sc="328,0,113,-120,210,130,339,0" /><AGARI ba="0,0" hai="12,13,14,16,22,76,82,84" m="60695,28023" machi="82" ten="30,2000,0" yaku="8,1,54,1" doraHai="86" who="0" fromWho="1" sc="328,20,-7,-20,340,0,339,0" owari="348,44.8,-27,-52.7,340,14.0,339,-6.1" /></mjloggm>