<mjloggm ver="2.3"><GO type="225" lobby="0"/><UN n0="%E8%81%B7%E6%A5%AD%E3%80%81%E9%A2%A8%32" n1="%61%69%73%79%6F" n2="%73%61%6E%64%69%72%69%73" n3="%E6%80%AA%E3%81%97%E3%81%99%E3%81%8E%E3%82%8B%E3%83%81%E3%83%BC" dan="16,17,16,17" rate="2102.43,2150.75,2119.05,2197.04" sx="M,M,M,M"/><TAIKYOKU oya="0"/><INIT seed="0,0,0,0,5,5" ten="250,250,250,250" oya="0" hai0="112,57,46,16,26,9,75,101,79,102,122,38,61" hai1="113,129,37,65,134,1,78,3,95,8,23,24,14" hai2="119,92,20,100,74,123,25,117,105,47,99,31,121" hai3="126,108,120,7,116,15,53,67,71,39,56,13,109"/><T84/><D112/><U128/><E37/><V35/><F74/><W80/><G116/><T135/><D122/><U48/><E78/><V49/><F105/><W85/><G120/><T27/><D135/><U12/><E65/><V32/><F121/><W91/><G39/><T21/><D75/><U60/><E60/><V19/><F123/><W96/><G126/><T11/><D38/><U70/><E48/><V77/><F77/><W69/><G96/><T33/><D33/><U131/><E95/><V124/><F124/><W107/><G107/><T125/><D125/><U64/><E64/><V4/><F4/><W50/><G7/><T127/><D127/><U34/><E70/><N who="3" m="26634" /><G67/><N who="0" m="39343" /><D46/><U0/><E134/><V28/><F35/><W103/><G103/><N who="0" m="39435" /><D27/><U62/><E62/><V55/><REACH who="2" step="1"/><F32/><REACH who="2" ten="250,250,240,250" step="2"/><W76/><G76/><T110/><D110/><AGARI ba="0,1" hai="13,15,50,53,56,80,85,91,108,109,110" m="26634" machi="110" ten="30,1000,0" yaku="14,1" doraHai="5" who="3" fromWho="0" sc="250,-10,250,0,240,0,250,20" /><INIT seed="1,0,0,0,2,3" ten="240,250,240,270" oya="1" hai0="105,47,48,19,62,38,1,74,81,7,57,2,69" hai1="96,55,126,92,34,35,24,6,122,84,131,28,114" hai2="119,77,82,64,134,66,43,68,50,88,86,51,15" hai3="99,12,120,125,128,102,75,0,130,8,100,95,42"/><U60/><E114/><V49/><F119/><W41/><G0/><T87/><D105/><U115/><E115/><V23/><F134/><W46/><G120/><T113/><D113/><U36/><E122/><V123/><F123/><W27/><G75/><T72/><D2/><U22/><E36/><V61/><F66/><W85/><G125/><T37/><D38/><U59/><E126/><V33/><F33/><W106/><G27/><T94/><D69/><U30/><E131/><N who="3" m="50218" /><G46/><T83/><D37/><U110/><E110/><V132/><F132/><W78/><G102/><T18/><D74/><U45/><E30/><V89/><REACH who="2" step="1"/><F43/><REACH who="2" ten="240,250,230,270" step="2"/><W91/><G42/><T70/><D70/><U39/><E35/><V32/><F32/><W54/><G41/><T21/><D72/><U44/><E34/><V16/><AGARI ba="0,1" hai="15,16,23,49,50,51,61,64,68,77,82,86,88,89" machi="16" ten="30,8000,1" yaku="1,1,0,1,54,2,53,1" doraHai="3" doraHaiUra="17" who="2" fromWho="2" sc="240,-20,250,-40,230,90,270,-20" /><INIT seed="2,0,0,5,0,36" ten="220,210,320,250" oya="2" hai0="6,123,111,9,0,124,102,40,74,76,104,114,95" hai1="128,41,94,133,118,90,44,50,100,97,42,63,49" hai2="58,84,55,105,7,86,43,27,112,30,91,122,113" hai3="8,59,15,1,88,32,92,3,21,11,121,72,99"/><V29/><F122/><W75/><G121/><T16/><D114/><U93/><E118/><V108/><F105/><W127/><G127/><T107/><D124/><U66/><E128/><V79/><F7/><W64/><G32/><T70/><D111/><U62/><E133/><V101/><F101/><W120/><G120/><T4/><D70/><U23/><E23/><V98/><F108/><W10/><G21/><T20/><D6/><U19/><E19/><V48/><F30/><W37/><G15/><T78/><D78/><U81/><E81/><V28/><F28/><W83/><G37/><T103/><D103/><U68/><E63/><V71/><F71/><W22/><G22/><T24/><D123/><U106/><E90/><V47/><F79/><W117/><G117/><T80/><REACH who="0" step="1"/><D40/><REACH who="0" ten="210,210,320,250" step="2"/><U126/><E126/><V17/><F112/><W129/><G3/><T12/><D12/><U130/><E130/><V51/><F113/><W25/><G1/><T89/><D89/><U54/><REACH who="1" step="1"/><E41/><REACH who="1" ten="210,200,320,250" step="2"/><V46/><F43/><W5/><G129/><T65/><D65/><U96/><E96/><AGARI ba="0,2" hai="0,4,9,16,20,24,74,76,80,95,96,102,104,107" machi="96" ten="40,2600,0" yaku="1,1,54,1,53,0" doraHai="36" doraHaiUra="115" who="0" fromWho="1" sc="210,46,200,-26,320,0,250,0" /><INIT seed="3,0,0,0,3,70" ten="256,174,320,250" oya="3" hai0="38,87,110,98,81,101,127,8,120,80,86,73,66" hai1="5,117,2,42,77,78,4,135,34,99,75,116,102" hai2="37,62,104,126,13,111,51,84,11,63,106,118,36" hai3="130,45,107,103,3,132,15,129,55,27,125,92,68"/><W1/><G68/><T29/><D38/><U113/><E34/><V97/><F118/><N who="1" m="45673" /><E42/><V133/><F111/><W41/><G107/><T134/><D110/><U19/><E19/><V23/><F126/><W67/><G125/><T31/><D127/><U56/><E56/><V83/><F133/><W100/><G132/><T9/><D134/><U12/><E135/><V32/><F32/><W72/><G55/><T39/><D39/><U47/><E47/><V114/><F114/><W88/><G67/><T74/><D31/><U16/><E2/><V60/><F23/><W122/><G15/><T22/><D29/><U89/><E113/><V54/><F97/><W46/><G27/><T25/><D22/><U112/><E112/><V105/><F84/><W93/><G41/><T90/><D9/><U71/><E71/><V48/><F83/><W28/><G28/><T53/><D8/><U131/><E131/><V20/><F20/><W17/><G17/><T59/><D53/><U85/><E75/><V96/><F51/><W76/><G72/><T44/><D66/><U91/><E77/><V30/><F30/><W124/><G76/><T69/><D74/><U64/><E64/><V65/><F65/><W43/><G124/><T7/><D69/><U95/><E78/><V57/><F13/><W52/><G43/><T26/><D25/><U18/><E18/><V109/><F11/><W123/><G52/><T82/><D26/><U94/><E91/><AGARI ba="0,0" hai="1,3,45,46,88,91,92,93,100,103,122,123,129,130" machi="91" ten="25,4800,0" yaku="22,2,54,1" doraHai="70" who="3" fromWho="1" sc="256,0,174,-48,320,0,250,48" /><INIT seed="3,1,0,1,4,57" ten="256,126,320,298" oya="3" hai0="2,37,13,10,18,81,131,135,121,6,99,64,25" hai1="89,94,129,63,83,66,120,5,15,62,24,20,48" hai2="60,90,8,4,74,9,133,47,127,104,108,59,50" hai3="61,125,103,46,87,116,29,102,38,128,126,95,84"/><W93/><G116/><T110/><D110/><U49/><E129/><V80/><F104/><W52/><G128/><T119/><D37/><U97/><E120/><V65/><F108/><W106/><G29/><T105/><D131/><U72/><E66/><V68/><F68/><W85/><G38/><T96/><D135/><U11/><E72/><V53/><F133/><W51/><G61/><T36/><D36/><U115/><E115/><V22/><F127/><N who="3" m="48651" /><G106/><T134/><D105/><U39/><E39/><V7/><F22/><W19/><G19/><T55/><D119/><U111/><E111/><V122/><F122/><W43/><G43/><T27/><D134/><U101/><E48/><V67/><F67/><W23/><G23/><T79/><D64/><U32/><E32/><V98/><F74/><W3/><G3/><T117/><D55/><U109/><E109/><V112/><F112/><W14/><G14/><T30/><D27/><U54/><E83/><V100/><F100/><AGARI ba="1,0" hai="46,51,52,84,85,87,93,95,100,102,103" m="48651" machi="100" ten="30,2900,0" yaku="18,1,54,1" doraHai="57" who="3" fromWho="2" sc="256,0,126,0,320,-32,298,32" owari="256,-14.4,126,-37.4,288,8.8,330,43.0" /></mjloggm>