<mjloggm ver="2.3"><GO type="225" lobby="0"/><UN n0="%E3%81%B5%E3%81%98%E3%81%8B%E3%81%A4" n1="%E3%81%99%E3%81%84%E3%81%BE%E3%81%9B%E3%83%BC%E3%82%93" n2="%28%EF%BF%A3%E2%96%BD%EF%BF%A3%29%CE%B4%E2%8C%92%E3%83%BB" n3="%E3%82%BC%E3%83%AB%E3%83%80%E3%81%AE%E4%BC%9D%E8%AA%AC" dan="16,18,16,18" rate="2169.68,2205.69,2119.04,2244.86" sx="M,M,M,M"/><TAIKYOKU oya="0"/><INIT seed="0,0,0,4,4,106" ten="250,250,250,250" oya="0" hai0="9,85,42,98,50,61,71,67,79,77,2,43,88" hai1="18,29,63,49,41,17,119,11,65,80,73,54,97" hai2="24,112,115,13,19,78,53,74,44,58,123,56,20" hai3="12,10,104,45,32,39,99,14,117,101,5,23,91"/><T28/><D28/><U15/><E119/><V1/><F1/><W127/><G32/><T22/><D98/><U27/><E41/><V114/><F123/><W94/><G117/><T64/><D64/><U66/><E97/><V93/><F93/><W33/><G33/><T131/><D131/><U84/><E73/><V95/><F95/><W6/><G127/><T0/><D22/><N who="1" m="13775" /><E63/><V89/><F89/><W40/><G23/><T133/><D133/><U25/><E25/><V128/><F128/><W90/><REACH who="3" step="1"/><G104/><REACH who="3" ten="250,250,250,240" step="2"/><T70/><D9/><AGARI ba="0,1" hai="5,6,9,10,12,14,39,40,45,90,91,94,99,101" machi="9" ten="40,5200,0" yaku="1,1,2,1,9,1,53,0" doraHai="106" doraHaiUra="120" who="3" fromWho="0" sc="250,-52,250,0,250,0,240,62" /><INIT seed="1,0,0,5,0,117" ten="198,250,250,302" oya="1" hai0="48,113,108,66,61,130,47,12,33,25,70,11,131" hai1="127,79,128,103,98,5,135,99,43,114,59,111,82" hai2="109,56,40,67,27,41,68,62,53,122,112,50,106" hai3="63,78,16,89,94,18,132,24,69,42,107,13,64"/><U96/><E114/><V85/><F106/><W120/><G107/><T31/><D113/><U72/><E5/><V7/><F112/><W77/><G120/><T124/><D124/><U123/><E43/><V45/><F7/><W93/><G132/><T6/><REACH who="0" step="1"/><D108/><REACH who="0" ten="188,250,250,302" step="2"/><U44/><E127/><V104/><F109/><W118/><G118/><T60/><D60/><U22/><E111/><V87/><F122/><W20/><G42/><AGARI ba="0,1" hai="6,11,12,25,31,33,42,47,48,61,66,70,130,131" machi="42" ten="40,1300,0" yaku="1,1,53,0" doraHai="117" doraHaiUra="119" who="0" fromWho="3" sc="188,23,250,0,250,0,302,-13" /><INIT seed="2,0,0,4,2,41" ten="211,250,250,289" oya="2" hai0="49,42,17,63,107,62,36,118,55,130,91,29,18" hai1="103,106,61,66,86,70,47,67,20,0,110,30,78" hai2="45,11,59,126,31,58,25,93,121,19,27,123,92" hai3="46,60,113,83,100,88,134,73,95,131,35,53,122"/><V112/><F112/><W43/><G35/><T5/><D107/><U108/><E0/><V111/><F126/><W90/><G122/><T22/><D5/><U71/><E103/><V65/><F65/><W101/><G113/><T94/><D118/><U40/><E106/><V44/><F19/><N who="0" m="7178" /><D36/><U6/><E6/><V38/><F38/><W2/><G2/><T1/><D42/><U74/><E74/><V32/><F32/><W16/><G134/><T125/><D1/><U129/><E129/><V76/><F76/><W75/><G131/><T84/><D130/><U102/><E102/><V77/><F77/><W33/><G33/><T12/><D125/><U64/><E71/><V124/><F124/><W80/><G75/><T37/><D37/><U87/><E78/><V98/><F98/><W52/><G73/><T119/><D119/><U23/><E70/><V7/><F7/><W50/><G16/><N who="0" m="10503" /><D29/><U69/><E30/><V117/><F31/><W89/><G43/><T13/><D13/><U99/><E69/><V82/><F117/><W68/><G68/><T21/><D21/><U96/><E20/><V133/><F133/><W39/><G39/><T109/><D109/><U120/><E23/><V14/><F14/><W28/><G28/><T116/><D116/><U24/><E110/><V115/><F115/><W114/><G114/><T26/><D26/><U79/><E24/><V48/><F111/><W56/><G95/><T54/><D54/><U15/><E108/><V51/><F82/><AGARI ba="0,0" hai="46,50,52,53,56,60,80,82,83,88,89,90,100,101" machi="82" ten="40,8000,1" yaku="8,1,52,1,54,2" doraHai="41" who="3" fromWho="2" sc="211,0,250,0,250,-80,289,80" /><INIT seed="3,0,0,1,5,104" ten="211,250,170,369" oya="3" hai0="113,44,82,7,1,130,18,76,9,43,87,84,45" hai1="26,66,89,74,72,90,120,111,63,100,79,58,35" hai2="121,101,71,103,16,105,67,19,123,56,62,83,49" hai3="12,37,8,33,29,2,14,65,116,85,0,11,102"/><W92/><G65/><T114/><D130/><U125/><E120/><V94/><F105/><W27/><G85/><T108/><D108/><U69/><E111/><V48/><F83/><W107/><G92/><T126/><D126/><U38/><E38/><V73/><F71/><W99/><G37/><N who="0" m="21615" /><D18/><N who="2" m="6698" /><F94/><W98/><G98/><T39/><D39/><U119/><E100/><N who="2" m="38475" /><F48/><W134/><G14/><T124/><D45/><U50/><E50/><V77/><F49/><W127/><G12/><T6/><D6/><U93/><E93/><V88/><F77/><W55/><G2/><T28/><D124/><U118/><E79/><V4/><F4/><W68/><G0/><T52/><D28/><U5/><E5/><V132/><F132/><W53/><G29/><T24/><D87/><U30/><E69/><V17/><N who="2" m="6706" /><V135/><DORA hai="75" /><F135/><W31/><G31/><T80/><D80/><U15/><E125/><V20/><F20/><W129/><G68/><T131/><D82/><U47/><E30/><V115/><F115/><W109/><G134/><T40/><D76/><U22/><E22/><V81/><F88/><W117/><G107/><T64/><D114/><U10/><E90/><V32/><F32/><W95/><G33/><T110/><D7/><U51/><E89/><V36/><F36/><W61/><G102/><T3/><D113/><U59/><E35/><V21/><F21/><W97/><G95/><T122/><D122/><N who="2" m="46602" /><F81/><W86/><G127/><T25/><D110/><U70/><E70/><V133/><F133/><W91/><G109/><T106/><D106/><U60/><E51/><RYUUKYOKU ba="0,0" sc="211,-10,250,-10,170,30,369,-10" hai2="56,62,67,73" owari="201,-19.9,240,4.0,200,-30.0,359,45.9" /></mjloggm>