<mjloggm ver="2.3"><GO type="225" lobby="0"/><UN n0="%E9%89%A2%E5%B7%BB%E3%82%AC%E3%83%96" n1="%6A%70%74%77%61%32" n2="%E8%81%B7%E6%A5%AD%E3%80%81%E9%A2%A8%32" n3="%72%61%6B%33" dan="16,16,16,18" rate="2095.64,2047.44,2164.91,2266.72" sx="M,M,M,M"/><TAIKYOKU oya="0"/><INIT seed="0,0,0,3,2,32" ten="250,250,250,250" oya="0" hai0="129,60,68,118,93,135,81,59,107,77,67,134,101" hai1="100,46,3,63,41,117,24,25,18,9,86,4,23" hai2="38,27,124,125,119,102,62,15,87,83,30,31,108" hai3="105,64,36,112,84,52,130,74,55,131,37,11,44"/><T88/><D118/><U121/><E117/><V35/><F108/><W2/><G74/><N who="0" m="43191" /><D68/><U71/><E121/><V127/><F31/><W12/><G105/><T132/><D129/><N who="3" m="49161" /><G112/><T110/><D110/><U66/><E100/><V39/><F102/><W51/><G64/><T6/><D6/><U17/><E86/><V120/><F120/><W95/><G55/><T45/><D45/><U133/><E133/><V103/><F103/><W22/><G22/><T113/><D113/><U29/><REACH who="1" step="1"/><E24/><REACH who="1" ten="250,240,250,250" step="2"/><V19/><F119/><W10/><G84/><N who="0" m="52359" /><D135/><U1/><E1/><V58/><F87/><W5/><G95/><T57/><D57/><U109/><E109/><V8/><REACH who="2" step="1"/><F83/><REACH who="2" ten="250,240,240,250" step="2"/><W43/><G43/><T82/><D82/><U94/><E94/><V70/><F70/><W73/><G73/><T90/><D90/><U111/><E111/><V42/><F42/><W48/><G48/><AGARI ba="0,2" hai="3,4,9,17,18,23,25,29,41,46,48,63,66,71" machi="48" ten="30,7700,0" yaku="1,1,7,1,52,1,53,1" doraHai="32" doraHaiUra="61" who="1" fromWho="3" sc="250,0,240,97,240,0,250,-77" /><INIT seed="1,0,0,2,0,65" ten="250,337,240,173" oya="1" hai0="38,115,106,133,83,0,85,93,48,81,50,96,98" hai1="1,51,102,99,122,3,8,58,53,79,82,128,109" hai2="117,27,105,69,92,2,15,61,25,59,125,18,5" hai3="55,10,62,37,39,73,16,41,36,57,20,107,103"/><U123/><E128/><V22/><F105/><W34/><G34/><T75/><D38/><U100/><E109/><V90/><F125/><W132/><G132/><T95/><D0/><U127/><E127/><V12/><F117/><W86/><G73/><T89/><D48/><U134/><E134/><V24/><F69/><W42/><G10/><T44/><D50/><U4/><E1/><V129/><F129/><W63/><G86/><N who="0" m="50399" /><D44/><U31/><E31/><V131/><F131/><W124/><G124/><T80/><D133/><U72/><REACH who="1" step="1"/><E102/><REACH who="1" ten="250,327,240,173" step="2"/><V66/><F2/><W111/><G111/><T68/><D115/><U45/><E45/><V91/><F92/><AGARI ba="0,1" hai="3,4,8,51,53,58,72,79,82,92,99,100,122,123" machi="92" ten="30,2900,0" yaku="1,1,7,1,53,0" doraHai="65" doraHaiUra="130" who="1" fromWho="2" sc="250,0,327,39,240,-29,173,0" /><INIT seed="1,1,0,1,4,69" ten="250,366,211,173" oya="1" hai0="38,2,91,48,121,50,18,61,70,122,126,43,47" hai1="76,79,29,9,22,19,15,68,71,115,32,89,49" hai2="63,81,5,59,13,62,107,21,87,75,93,114,67" hai3="105,11,103,57,20,96,40,119,35,41,52,6,117"/><U134/><E115/><V101/><F114/><W130/><G35/><T4/><D4/><U31/><E134/><V99/><F75/><W131/><G20/><T128/><D2/><U113/><E113/><V84/><F107/><W24/><G24/><T55/><D91/><U16/><E32/><V14/><F5/><W66/><G66/><N who="0" m="41295" /><D18/><U74/><E74/><V135/><F135/><W7/><G40/><T106/><D106/><U73/><E73/><V46/><F46/><W28/><G41/><T112/><D112/><U37/><E37/><V58/><F21/><W30/><G28/><N who="1" m="10826" /><E68/><V82/><F87/><W44/><G44/><N who="0" m="28103" /><D128/><N who="3" m="49193" /><G30/><T109/><D109/><U17/><E71/><V26/><F26/><W78/><G78/><N who="1" m="29738" /><E9/><V120/><F120/><N who="0" m="46186" /><D126/><U27/><E27/><V108/><F108/><W1/><G6/><T77/><D77/><U85/><E49/><AGARI ba="1,0" hai="1,7,11,49,52,57,96,103,105,117,119" m="49193" machi="49" ten="30,2000,0" yaku="19,1,54,1" doraHai="69" who="3" fromWho="1" sc="250,0,366,-23,211,0,173,23" /><AGARI ba="1,0" hai="38,43,47,48,49" m="46186,28103,41295" machi="49" ten="30,7700,0" yaku="13,1,34,2,52,1" doraHai="69" who="0" fromWho="1" sc="250,77,343,-77,211,0,196,0" /><INIT seed="2,0,0,4,4,47" ten="327,266,211,196" oya="2" hai0="89,83,13,116,96,21,120,34,22,82,135,50,125" hai1="18,68,108,117,14,57,87,128,62,49,122,52,48" hai2="134,92,123,107,129,45,74,25,39,112,30,76,111" hai3="73,32,23,19,7,1,90,64,3,26,11,44,12"/><V65/><F112/><W16/><G73/><T56/><D34/><U0/><E117/><V31/><F107/><W106/><G106/><T60/><D120/><U88/><E0/><N who="3" m="74" /><G64/><T4/><D125/><U124/><E122/><V67/><F123/><W130/><G44/><T114/><D114/><U69/><E124/><V35/><F45/><W54/><G54/><N who="0" m="31831" /><D135/><U77/><E108/><V127/><F111/><W72/><G90/><T43/><D43/><U53/><E128/><V70/><F134/><W101/><G101/><T79/><D79/><U59/><E77/><V98/><F129/><W66/><G66/><T29/><D60/><U36/><E62/><V118/><F76/><W20/><G72/><T42/><D42/><U9/><E36/><V119/><F39/><W121/><G121/><T28/><D22/><N who="3" m="8233" /><G130/><T15/><D96/><U102/><E102/><V115/><F74/><W41/><G41/><T5/><D83/><AGARI ba="0,0" hai="9,14,18,48,49,52,53,57,59,68,69,83,87,88" machi="83" ten="30,12000,2" yaku="7,1,9,1,52,2,54,2" doraHai="47" who="1" fromWho="0" sc="327,-120,266,120,211,0,196,0" /><INIT seed="3,0,0,2,3,74" ten="207,386,211,196" oya="3" hai0="56,84,57,75,62,2,82,81,111,13,44,94,73" hai1="109,7,32,59,37,46,47,60,22,39,35,16,112" hai2="98,25,48,128,78,69,53,122,15,102,34,76,71" hai3="17,95,68,133,66,129,93,120,61,27,64,11,88"/><W6/><G129/><T55/><D2/><U77/><E7/><V43/><F128/><W92/><G133/><T8/><D111/><U106/><E106/><V107/><F43/><W36/><G64/><T54/><D44/><U80/><E112/><V91/><F122/><W45/><G120/><T83/><D94/><U26/><E46/><V14/><F69/><W70/><G70/><T90/><D75/><U89/><E89/><V96/><F71/><W103/><G103/><T115/><D73/><U108/><E35/><V1/><F1/><W63/><G63/><N who="0" m="36247" /><D115/><U12/><E12/><N who="2" m="4651" /><F34/><W30/><G17/><AGARI ba="0,0" hai="8,13,17,55,57,62,81,82,83,84,90" m="36247" machi="17" ten="30,1000,0" yaku="8,1" doraHai="74" who="0" fromWho="3" sc="207,10,386,0,211,0,196,-10" owari="217,1.7,386,48.6,211,-18.9,186,-31.4" /></mjloggm>