<mjloggm ver="2.3"><GO type="225" lobby="0"/><UN n0="%E6%97%A5%E6%9B%9C%E6%97%A5%E3%82%88%E3%82%8A%E3%81%AE%E4%BD%BF%E8%80%85" n1="%E3%81%B5%E3%81%98%E3%81%8B%E3%81%A4" n2="%E6%B8%A9%E2%98%85%E6%83%85%E2%98%85%E6%8E%AA%E2%98%85%E7%BD%AE" n3="%E3%82%A2%E3%83%BC%E3%83%A2%E3%83%AD%E3%83%BC%E3%83%B4%E3%82%A1" dan="17,16,17,16" rate="2127.49,2212.42,2222.92,2148.25" sx="M,M,M,M"/><TAIKYOKU oya="0"/><INIT seed="0,0,0,0,5,73" ten="250,250,250,250" oya="0" hai0="114,52,126,0,58,68,32,8,55,25,123,84,20" hai1="38,130,122,30,76,66,79,132,10,11,131,37,85" hai2="43,99,24,109,16,12,28,133,95,21,5,9,53" hai3="31,26,69,27,100,41,59,64,116,108,127,88,19"/><T74/><D74/><U65/><E122/><V110/><F133/><W97/><G116/><T135/><D68/><U75/><E85/><V4/><F43/><W56/><G41/><T92/><D123/><U14/><E30/><V15/><F53/><W54/><G108/><N who="2" m="41577" /><F15/><W17/><G127/><T111/><D32/><U35/><E75/><V29/><F29/><W60/><G69/><T46/><D126/><U48/><E48/><V113/><F113/><W117/><G117/><T103/><D135/><U57/><E132/><V45/><F45/><W94/><G100/><AGARI ba="0,0" hai="4,5,9,12,16,21,24,28,95,99,100" m="41577" machi="100" ten="30,2000,0" yaku="14,1,54,1" doraHai="73" who="2" fromWho="3" sc="250,0,250,0,250,20,250,-20" /><INIT seed="1,0,0,4,3,116" ten="250,250,270,230" oya="1" hai0="109,8,73,80,95,60,97,32,23,126,105,110,91" hai1="82,61,13,0,101,43,44,88,7,18,67,122,87" hai2="99,40,21,63,10,103,77,113,53,65,50,52,89" hai3="46,83,70,94,93,120,114,130,81,79,54,11,49"/><U98/><E122/><V102/><F113/><W125/><G114/><T29/><D32/><U28/><E0/><V4/><F77/><W85/><G120/><T134/><D126/><U118/><E118/><V38/><F38/><W36/><G125/><T2/><D134/><U111/><E7/><V1/><F40/><W129/><G70/><T3/><D105/><U56/><E111/><N who="0" m="42505" /><D60/><U69/><E28/><V12/><F1/><N who="0" m="10" /><D8/><U42/><E69/><V15/><F89/><W72/><G11/><T76/><D23/><U96/><E44/><N who="2" m="27719" /><F65/><W108/><G36/><T19/><D19/><U123/><E123/><V35/><F35/><W84/><G108/><T78/><D76/><U30/><E30/><AGARI ba="0,0" hai="29,30,73,78,80,91,95,97" m="10,42505" machi="30" ten="30,1000,0" yaku="14,1" doraHai="116" who="0" fromWho="1" sc="250,10,250,-10,270,0,230,0" /><INIT seed="2,0,0,1,4,69" ten="260,240,270,230" oya="2" hai0="91,100,42,3,57,84,112,99,76,97,17,43,121" hai1="105,36,124,93,87,78,38,1,135,27,116,13,119" hai2="26,73,123,58,122,61,115,16,133,52,74,98,20" hai3="130,6,49,25,66,64,60,86,102,9,101,127,37"/><V21/><F115/><W83/><G130/><T2/><D112/><U31/><E105/><V82/><F133/><W45/><G127/><T67/><D121/><U54/><E1/><V75/><F82/><W129/><G25/><T28/><D28/><U106/><E106/><V62/><F98/><W125/><G129/><T72/><D72/><U40/><E40/><V12/><REACH who="2" step="1"/><F62/><REACH who="2" ten="260,240,260,230" step="2"/><W63/><G63/><T80/><D99/><U22/><E135/><V18/><AGARI ba="0,1" hai="12,16,18,20,21,26,52,58,61,73,74,75,122,123" machi="18" ten="40,12000,1" yaku="1,1,2,1,0,1,54,2,53,0" doraHai="69" doraHaiUra="126" who="2" fromWho="2" sc="260,-40,240,-40,260,130,230,-40" /><INIT seed="2,1,0,5,0,91" ten="220,200,390,190" oya="2" hai0="71,12,99,88,93,111,58,4,109,59,130,53,76" hai1="123,51,73,128,52,116,35,6,113,70,108,119,79" hai2="42,3,34,64,65,8,118,16,26,61,21,78,63" hai3="9,107,74,72,23,98,95,112,7,87,41,94,50"/><V31/><F118/><W84/><G107/><T103/><D71/><U127/><RYUUKYOKU type="yao9" ba="1,0" sc="220,0,200,0,390,0,190,0" hai1="6,35,51,52,70,73,79,108,113,116,119,123,127,128" /><INIT seed="2,2,0,3,0,109" ten="220,200,390,190" oya="2" hai0="33,65,129,3,12,68,80,87,55,46,18,86,120" hai1="60,95,130,43,105,90,0,64,119,94,44,38,101" hai2="92,104,52,15,66,51,135,71,7,54,36,28,83" hai3="106,111,122,31,69,22,76,132,133,48,126,1,127"/><V103/><F104/><W34/><G106/><T117/><D120/><U40/><E119/><V41/><F28/><W128/><G69/><T30/><D3/><U121/><E121/><V53/><F83/><W134/><G122/><T74/><D117/><U47/><E130/><V67/><F15/><W32/><G111/><T4/><D4/><U9/><E105/><V110/><F7/><W29/><G76/><T84/><D129/><U100/><E9/><V19/><F19/><W91/><G128/><T114/><D114/><U42/><E0/><V27/><F27/><N who="3" m="16631" /><G1/><T131/><D65/><N who="2" m="24586" /><F92/><W124/><G31/><T10/><D68/><U11/><E11/><V79/><F103/><W61/><G61/><T5/><D30/><U2/><E2/><V26/><F79/><W56/><G91/><T35/><D131/><U97/><E95/><V75/><F75/><W115/><G115/><T45/><D5/><U96/><E96/><V88/><F88/><W81/><G81/><T37/><D74/><U73/><E73/><V113/><F113/><W63/><G48/><N who="0" m="29071" /><D80/><U21/><E21/><V118/><F118/><W108/><G108/><T82/><D82/><U39/><REACH who="1" step="1"/><E42/><REACH who="1" ten="220,190,390,190" step="2"/><V13/><F41/><W58/><G63/><T25/><D10/><U125/><E125/><V24/><F110/><W59/><AGARI ba="2,1" hai="32,34,56,58,59,124,126,127,132,133,134" m="16631" machi="59" ten="50,8000,1" yaku="29,2,18,1,20,1" doraHai="109" who="3" fromWho="3" sc="220,-22,190,-22,390,-42,190,96" /><INIT seed="3,0,0,1,2,17" ten="198,168,348,286" oya="3" hai0="127,116,61,90,58,49,101,117,59,26,39,74,118" hai1="121,115,106,76,14,63,19,9,62,21,33,130,126" hai2="77,28,75,16,31,95,129,1,6,56,12,5,27" hai3="125,50,71,68,78,81,94,70,107,40,57,20,72"/><W85/><G125/><T29/><D39/><U54/><E126/><V92/><F75/><W10/><G107/><T80/><D127/><U3/><E115/><V97/><F77/><W2/><G2/><T65/><D101/><U4/><E106/><V132/><F1/><W67/><G10/><T113/><D113/><U98/><E121/><V13/><F129/><W131/><G131/><T108/><D108/><U84/><E130/><V83/><F83/><W35/><G35/><T82/><D90/><U66/><E98/><V111/><F111/><W41/><G94/><T102/><D102/><U105/><E105/><V7/><F132/><W100/><G100/><T110/><D74/><U48/><E33/><V89/><F56/><W34/><G34/><T79/><D79/><U109/><E109/><V119/><F119/><W0/><G0/><T91/><D91/><U44/><E66/><V123/><F123/><W32/><G32/><T114/><D114/><U30/><E30/><N who="2" m="11307" /><F95/><W86/><G20/><AGARI ba="0,0" hai="5,6,7,12,13,16,20,27,89,92,97" m="11307" machi="20" ten="30,3900,0" yaku="8,1,52,1,54,1" doraHai="17" who="2" fromWho="3" sc="198,0,168,0,348,39,286,-39" owari="198,-20.2,168,-33.2,387,48.7,247,4.7" /></mjloggm>