<mjloggm ver="2.3"><GO type="225" lobby="0"/><UN n0="%48%61%61%61%6C%61%6E%64" n1="%E3%81%A1%E3%82%85%E3%81%86%E3%81%A9%E3%81%8F%E8%B1%A1%E3%81%95%E3%82%93" n2="%4E%49%4A%49%49%52%4F" n3="%43%68%65" dan="17,16,16,16" rate="2275.58,2155.43,2182.93,2153.20" sx="M,M,M,M"/><TAIKYOKU oya="0"/><INIT seed="0,0,0,5,0,87" ten="250,250,250,250" oya="0" hai0="26,97,77,84,126,29,52,69,38,70,24,22,110" hai1="21,88,63,82,2,37,43,40,114,20,68,45,93" hai2="33,11,81,18,134,9,131,42,60,79,130,30,72" hai3="100,105,50,17,25,96,71,57,34,123,99,90,39"/><T66/><D126/><U53/><E2/><V35/><F134/><W10/><G39/><T98/><D38/><U115/><E82/><V48/><F60/><W15/><G123/><T14/><D110/><U59/><E40/><V94/><F94/><W56/><G71/><T5/><D69/><U54/><E54/><V76/><F76/><W32/><G32/><T74/><D74/><U128/><E128/><N who="2" m="49195" /><F30/><W12/><G12/><T3/><D3/><U91/><E68/><V95/><F95/><W101/><G50/><T19/><D66/><U62/><E62/><V28/><F28/><W92/><G34/><N who="2" m="12809" /><F18/><W1/><G1/><T121/><D70/><U55/><E55/><V127/><F127/><W16/><REACH who="3" step="1"/><G101/><REACH who="3" ten="250,250,250,240" step="2"/><T75/><D121/><U122/><E122/><V49/><F49/><W13/><G13/><T120/><D120/><U85/><REACH who="1" step="1"/><E91/><REACH who="1" ten="250,240,250,240" step="2"/><V80/><F80/><W67/><G67/><T36/><D36/><U51/><E51/><V83/><F83/><W0/><G0/><T47/><D77/><U116/><E116/><V117/><F117/><W118/><G118/><T8/><BYE who="3" /><D75/><U78/><E78/><V104/><F48/><W89/><G89/><T41/><D52/><UN n3="%43%68%65" /><U132/><E132/><V109/><F81/><W6/><G6/><T7/><D7/><U61/><E61/><V135/><F79/><W4/><G4/><T112/><D5/><U46/><E46/><V124/><F72/><W133/><G133/><T23/><BYE who="3" /><D47/><U86/><E86/><UN n3="%43%68%65" /><V103/><F135/><W107/><G107/><T102/><D84/><U31/><E31/><RYUUKYOKU ba="0,2" sc="250,-15,240,15,250,-15,240,15" hai1="20,21,37,43,45,53,59,63,85,88,93,114,115" hai3="10,15,16,17,25,56,57,90,92,96,99,100,105" /><INIT seed="1,1,2,0,1,99" ten="235,255,235,255" oya="1" hai0="109,73,15,1,119,61,3,85,134,91,132,111,32" hai1="115,105,103,114,127,48,128,43,135,12,95,94,68" hai2="4,84,10,24,16,2,81,79,82,6,72,8,54" hai3="104,30,69,89,17,102,133,35,123,59,28,126,34"/><U93/><E68/><V38/><F38/><W42/><G123/><T22/><D73/><U40/><E135/><N who="0" m="51753" /><D32/><U57/><E128/><V20/><F54/><W71/><G42/><T50/><D50/><U118/><E118/><V78/><F8/><W100/><G133/><T113/><D119/><U23/><E127/><V66/><F6/><W62/><G126/><T63/><D113/><U47/><E40/><V112/><REACH who="2" step="1"/><F66/><REACH who="2" ten="235,255,225,255" step="2"/><W46/><G46/><T55/><D55/><U53/><E114/><AGARI ba="1,3" hai="2,4,10,16,20,24,72,78,79,81,82,84,112,114" machi="114" ten="40,8000,1" yaku="1,1,2,1,54,1,53,2" doraHai="99" doraHaiUra="76" who="2" fromWho="1" sc="235,0,255,-83,225,113,255,0" /><INIT seed="2,0,0,0,0,117" ten="235,172,338,255" oya="2" hai0="113,13,130,104,102,31,133,61,107,79,131,88,15" hai1="109,74,35,55,7,17,59,112,51,68,58,45,90" hai2="128,39,92,134,57,48,66,114,101,27,81,86,60" hai3="38,106,44,76,65,37,52,19,3,26,71,108,87"/><V99/><F114/><W89/><G106/><T98/><D113/><U8/><E112/><V46/><F128/><N who="0" m="49194" /><D133/><U69/><E35/><V36/><F134/><W24/><G3/><T124/><D124/><U96/><E109/><V9/><F9/><W116/><G76/><T43/><D79/><U49/><E74/><V121/><F121/><W100/><G100/><T18/><D107/><U47/><E17/><V78/><REACH who="2" step="1"/><F27/><REACH who="2" ten="235,172,328,255" step="2"/><W54/><G26/><T21/><D13/><U72/><E8/><V123/><F123/><W73/><G24/><T135/><D15/><U125/><E125/><V56/><F56/><W34/><G116/><T70/><D135/><U97/><E58/><V115/><F115/><W30/><G108/><T64/><D70/><U118/><E59/><V132/><F132/><W103/><G71/><T41/><D31/><U95/><E68/><V119/><F119/><W0/><G30/><T23/><D18/><U111/><E69/><V75/><F75/><W6/><G19/><T127/><D127/><U2/><E72/><V29/><F29/><W10/><G73/><T91/><D21/><U42/><E118/><V93/><F93/><W14/><G10/><T82/><D23/><U83/><E111/><V1/><F1/><W85/><G0/><T126/><D126/><U53/><E2/><V67/><F67/><W129/><G65/><T32/><D64/><U25/><E25/><V20/><F20/><W28/><G28/><T50/><D104/><U84/><E95/><V11/><F11/><W5/><G129/><T40/><D32/><U120/><E84/><RYUUKYOKU ba="0,1" sc="235,-10,172,-10,328,30,255,-10" hai2="36,39,46,48,57,60,66,78,81,86,92,99,101" /><INIT seed="2,1,1,4,2,82" ten="225,162,358,245" oya="2" hai0="26,83,125,76,91,128,81,87,64,48,65,88,78" hai1="42,61,43,2,67,86,133,37,0,122,90,84,70" hai2="59,73,120,30,109,12,75,13,130,33,100,22,18" hai3="106,134,54,34,107,74,71,135,11,57,97,4,124"/><V132/><F120/><W118/><G71/><T99/><D125/><U105/><E105/><V16/><F130/><W1/><G118/><T14/><D128/><U111/><E122/><V96/><F132/><N who="3" m="50731" /><G74/><T63/><D26/><U95/><E133/><V29/><F109/><W116/><G34/><T9/><D48/><U60/><E111/><V7/><F7/><W39/><G39/><T24/><D24/><U102/><E102/><V10/><F59/><W89/><G124/><T94/><D63/><U40/><E37/><V52/><F33/><W131/><G116/><T98/><D98/><U55/><E55/><V112/><F52/><W117/><G131/><T68/><D68/><U103/><E103/><V93/><F112/><W27/><G27/><T36/><D36/><U51/><E51/><V41/><F41/><W72/><G72/><T46/><D46/><U126/><E126/><V19/><F75/><W115/><G115/><T113/><D113/><U58/><E58/><V49/><F73/><W108/><G108/><T114/><D114/><U62/><E70/><V28/><F49/><N who="3" m="30927" /><G117/><T47/><D47/><U92/><E67/><N who="0" m="25673" /><D81/><U8/><E8/><V66/><F66/><W44/><G44/><T35/><D35/><U121/><E121/><V23/><F10/><W69/><G69/><T21/><D21/><AGARI ba="1,1" hai="12,13,16,18,19,21,22,23,28,29,30,93,96,100" machi="21" ten="40,3900,0" yaku="8,1,54,1" doraHai="82" who="2" fromWho="0" sc="225,-42,162,0,358,52,245,0" /><INIT seed="2,2,0,1,5,112" ten="183,162,410,245" oya="2" hai0="102,75,9,5,55,4,31,86,32,113,48,28,122" hai1="120,95,54,61,88,109,0,23,110,92,74,71,35" hai2="47,114,10,134,119,84,53,34,80,135,43,101,30" hai3="65,91,27,14,1,82,118,97,42,52,90,50,51"/><V60/><F114/><W59/><G1/><T107/><D75/><U125/><E35/><V29/><F101/><W64/><G118/><T106/><D113/><U67/><E120/><V22/><F34/><W20/><G14/><T128/><D122/><U62/><E74/><V17/><F10/><W121/><G121/><T115/><D115/><U87/><E0/><V124/><F124/><W49/><G91/><T24/><D128/><U127/><E23/><V131/><F131/><W81/><G81/><T105/><D31/><U130/><E95/><V38/><F119/><W57/><G57/><T45/><D86/><U116/><E116/><V77/><F53/><W78/><G78/><T111/><D111/><N who="1" m="42507" /><E130/><V99/><F60/><N who="3" m="35943" /><G42/><T117/><D117/><U11/><E11/><V98/><F98/><W26/><G26/><T85/><D85/><U63/><E54/><V19/><F99/><W3/><G3/><T72/><D72/><U33/><E33/><V66/><F66/><W129/><G129/><T68/><D68/><U44/><E44/><V41/><F47/><W103/><G103/><T37/><D102/><U46/><E46/><V6/><F41/><W133/><G82/><T79/><D37/><U13/><E13/><V123/><F43/><W15/><G15/><N who="0" m="5543" /><D5/><U70/><E67/><V40/><F38/><W8/><G8/><T2/><D2/><U132/><E132/><V21/><F134/><W89/><G133/><T39/><D39/><U100/><E100/><V36/><F135/><W93/><G90/><T104/><D104/><U96/><E96/><V7/><F36/><RYUUKYOKU ba="2,0" sc="183,10,162,10,410,-30,245,10" hai0="24,28,32,45,48,55,79,105,106,107" hai1="61,62,63,70,71,87,88,92,125,127" hai3="20,27,49,50,51,64,65,89,93,97" /><INIT seed="3,3,0,4,4,26" ten="193,172,380,255" oya="3" hai0="8,84,117,90,134,125,53,12,101,34,112,79,1" hai1="111,114,37,46,103,14,70,95,64,24,100,75,63" hai2="98,60,73,99,124,71,43,104,81,80,39,22,18" hai3="92,132,20,2,78,133,42,5,102,44,61,123,91"/><W110/><G123/><T35/><D117/><U88/><E114/><V31/><F124/><W83/><G102/><T57/><D1/><U27/><E75/><V135/><F135/><W47/><G61/><T113/><D134/><N who="3" m="51817" /><G20/><T25/><D79/><U128/><E111/><V115/><F60/><W67/><G67/><T68/><D68/><U74/><E74/><V11/><F22/><W40/><G83/><N who="0" m="49439" /><D101/><U17/><E128/><V49/><F80/><W41/><G78/><T116/><D116/><U51/><E37/><V58/><F81/><W36/><G110/><T30/><D125/><U76/><E76/><V85/><F115/><N who="0" m="44106" /><D25/><U107/><E107/><V13/><F104/><W4/><G2/><T129/><D129/><U106/><E106/><V119/><F119/><W109/><G109/><T130/><D130/><U48/><E103/><V108/><F108/><W45/><G36/><T21/><D21/><U69/><E69/><V77/><F39/><W54/><G54/><T50/><D30/><U55/><E100/><V72/><F77/><W9/><G9/><T10/><D10/><U105/><E105/><V6/><F71/><W56/><G56/><T3/><D3/><U28/><E28/><V62/><F58/><W86/><AGARI ba="3,0" hai="4,5,40,41,42,44,45,47,86,91,92" m="51817" machi="86" ten="40,2100,0" yaku="20,1" doraHai="26" who="3" fromWho="3" sc="193,-10,172,-10,380,-10,255,30" /><INIT seed="3,4,0,1,3,130" ten="183,162,370,285" oya="3" hai0="29,95,93,56,28,33,102,72,85,12,104,74,114" hai1="43,65,111,105,0,66,126,112,124,4,63,23,135" hai2="52,75,38,89,123,34,37,25,49,78,98,46,36" hai3="81,1,40,61,97,94,113,54,21,127,134,84,90"/><W67/><G113/><T44/><D114/><U87/><E112/><V69/><F123/><W59/><G1/><T9/><D104/><U58/><E105/><V79/><F69/><W20/><G134/><T11/><D33/><U120/><E120/><V99/><F75/><W88/><G127/><N who="1" m="48682" /><E135/><V116/><F116/><W7/><G40/><T51/><D56/><U117/><E117/><V48/><F89/><W110/><G110/><T119/><D119/><U13/><E111/><V22/><F34/><W125/><G125/><T14/><D74/><U2/><E43/><V71/><F71/><W53/><G7/><N who="0" m="3135" /><D72/><U131/><E131/><V121/><F121/><W31/><REACH who="3" step="1"/><G20/><REACH who="3" ten="183,162,370,275" step="2"/><T96/><D11/><N who="1" m="4327" /><E23/><V83/><F22/><W17/><G17/><T73/><D28/><U91/><E65/><V16/><F16/><W92/><G92/><AGARI ba="4,1" hai="0,2,58,63,66,87,91,92" m="4327,48682" machi="92" ten="30,1000,0" yaku="18,1" doraHai="130" who="1" fromWho="3" sc="183,0,162,32,370,0,275,-22" owari="183,-31.7,194,-20.6,370,47.0,253,5.3" /></mjloggm>