<mjloggm ver="2.3"><GO type="225" lobby="0"/><UN n0="%6D%75%75%6D%75%72%61" n1="%E3%81%A8%E3%82%93%E3%81%A8%E3%81%93%E3%81%A8%E3%82%93" n2="%E7%B4%94%E6%BD%94%E3%83%94%E3%83%A9%E3%83%8B%E3%82%A2" n3="%72%69%6F%75%63%68%61%6E" dan="16,16,16,16" rate="2143.99,2184.50,2167.13,2102.25" sx="F,F,M,M"/><TAIKYOKU oya="0"/><INIT seed="0,0,0,0,2,74" ten="250,250,250,250" oya="0" hai0="98,80,93,4,81,100,94,49,56,43,83,95,19" hai1="48,124,91,111,66,40,44,99,127,62,39,54,120" hai2="52,26,92,117,122,67,109,9,27,113,50,53,3" hai3="6,23,134,114,76,89,110,75,104,31,86,10,13"/><T96/><D4/><U64/><E120/><V60/><F109/><W135/><G114/><T37/><D37/><U51/><E91/><V46/><F113/><W2/><G110/><T107/><D19/><U15/><E99/><V130/><F130/><W22/><G104/><T78/><D56/><N who="1" m="35095" /><E15/><V108/><F122/><W129/><G129/><T42/><D42/><U84/><E84/><V16/><F117/><W126/><G126/><N who="1" m="48170" /><E111/><V128/><F128/><W71/><G71/><T7/><D7/><U101/><E101/><V18/><F3/><W106/><G106/><T24/><D24/><U0/><E0/><V12/><F108/><W29/><G2/><T47/><REACH who="0" step="1"/><D96/><REACH who="0" ten="240,250,250,250" step="2"/><U105/><E105/><V1/><F18/><W55/><G6/><T97/><D97/><U34/><E34/><V61/><F1/><W119/><G29/><T5/><D5/><U79/><E79/><AGARI ba="0,1" hai="43,47,49,78,79,80,81,83,93,94,95,98,100,107" machi="79" ten="40,7700,0" yaku="1,1,52,2,53,0" doraHai="74" doraHaiUra="115" who="0" fromWho="1" sc="240,87,250,-77,250,0,250,0" /><INIT seed="0,1,0,0,0,104" ten="327,173,250,250" oya="0" hai0="96,133,119,64,2,43,49,109,23,105,75,66,99" hai1="94,4,29,27,38,52,86,7,121,42,70,19,21" hai2="118,3,120,124,111,32,128,55,88,44,54,114,41" hai3="74,48,46,72,117,92,131,14,5,11,130,135,123"/><T71/><D119/><U58/><E70/><V83/><F3/><W16/><G117/><T93/><D2/><U90/><E121/><V103/><F32/><W98/><G123/><T108/><D133/><U26/><E42/><V36/><F114/><W115/><G135/><T77/><D71/><U0/><E38/><V22/><F111/><N who="0" m="42570" /><D105/><U25/><E0/><V69/><F103/><N who="3" m="60871" /><G5/><T134/><D134/><U82/><E82/><V67/><F124/><W126/><G126/><T73/><D77/><U59/><E59/><V6/><F6/><W31/><G31/><T122/><D23/><U65/><E65/><N who="0" m="25193" /><D122/><U17/><E27/><V20/><F67/><W79/><G79/><T78/><D78/><U56/><E58/><V51/><F69/><W13/><G13/><T12/><D12/><U30/><E29/><V34/><F34/><W68/><G115/><T80/><D80/><U110/><E110/><V97/><F83/><W15/><G14/><T107/><D107/><U113/><E113/><V76/><F76/><W116/><G116/><T61/><D61/><U100/><E100/><V85/><F22/><W81/><G81/><T89/><D99/><U45/><E26/><V87/><F20/><W37/><G68/><T40/><D40/><U24/><E25/><V95/><F118/><W1/><G1/><T112/><D112/><U60/><REACH who="1" step="1"/><E45/><AGARI ba="1,0" hai="43,45,49,73,75,89,93,96" m="25193,42570" machi="45" ten="30,11600,0" yaku="14,1,10,1,52,2" doraHai="104" who="0" fromWho="1" sc="327,119,173,-119,250,0,250,0" /><INIT seed="0,2,0,1,4,66" ten="446,54,250,250" oya="0" hai0="19,119,112,110,103,135,29,115,51,44,38,124,117" hai1="60,40,3,4,15,83,76,80,90,46,63,26,106" hai2="67,13,75,12,33,50,23,43,128,107,49,71,120" hai3="77,82,81,85,132,11,88,116,6,54,61,97,30"/><T31/><D103/><U65/><E106/><V25/><F107/><W18/><G116/><N who="0" m="44619" /><D38/><U57/><E3/><V121/><F75/><W78/><G132/><T100/><D100/><U32/><E32/><V68/><F67/><W70/><G30/><N who="0" m="11275" /><D51/><U58/><E76/><V55/><F23/><W91/><G18/><T111/><D44/><U123/><E123/><V37/><F25/><W53/><G70/><T102/><D102/><U0/><E0/><V10/><F10/><W69/><G69/><T64/><D64/><U62/><E26/><V92/><F92/><W1/><G97/><T9/><D135/><U84/><E80/><V28/><F28/><W73/><REACH who="3" step="1"/><G53/><REACH who="3" ten="446,54,250,240" step="2"/><T16/><D19/><U94/><E65/><V99/><F55/><W133/><G133/><T134/><D134/><U42/><E83/><V131/><F99/><W52/><G52/><T129/><D115/><U87/><E42/><V127/><F43/><W56/><AGARI ba="2,1" hai="1,6,11,54,56,61,73,77,78,81,82,85,88,91" machi="56" ten="30,4000,0" yaku="1,1,0,1,54,1,53,0" doraHai="66" doraHaiUra="122" who="3" fromWho="3" sc="446,-22,54,-12,250,-12,240,56" /><INIT seed="1,0,0,5,3,93" ten="424,42,238,296" oya="1" hai0="97,55,26,58,119,53,50,82,77,131,104,52,127" hai1="33,120,110,114,68,7,24,115,86,112,14,72,4" hai2="133,128,103,8,100,15,40,95,13,62,102,81,132" hai3="118,34,98,122,106,116,111,19,38,57,5,51,1"/><U46/><E72/><V37/><F128/><W20/><G122/><T29/><D119/><N who="3" m="45609" /><G34/><T2/><D2/><U35/><E68/><V85/><F37/><W36/><G111/><T12/><D131/><U41/><E120/><V83/><F40/><W84/><G5/><T32/><D127/><U56/><E110/><V71/><F71/><W6/><G6/><T75/><REACH who="0" step="1"/><D12/><REACH who="0" ten="414,42,238,296" step="2"/><U64/><E14/><V25/><F15/><W30/><G1/><T78/><D78/><U134/><E134/><V117/><F13/><W121/><G121/><T88/><D88/><U9/><E9/><V23/><F8/><W113/><G113/><T21/><D21/><U89/><E7/><V124/><F124/><W65/><G20/><T10/><D10/><U60/><E4/><V22/><F22/><W129/><G129/><T125/><D125/><U96/><E24/><V17/><F117/><W54/><G36/><T3/><D3/><U39/><REACH who="1" step="1"/><E96/><REACH who="1" ten="414,32,238,296" step="2"/><V126/><F133/><W135/><G98/><T16/><D16/><U49/><E49/><V28/><F132/><W87/><G51/><T61/><D61/><U11/><E11/><V76/><F126/><W66/><G19/><T45/><D45/><U92/><AGARI ba="0,2" hai="33,35,39,41,46,56,60,64,86,89,92,112,114,115" machi="92" ten="30,6000,0" yaku="1,1,0,1,53,1" doraHai="93" doraHaiUra="43" who="1" fromWho="1" sc="414,-20,32,80,238,-20,296,-20" /><INIT seed="1,1,0,1,4,125" ten="394,112,218,276" oya="1" hai0="20,6,47,98,127,122,56,130,15,88,2,69,82" hai1="53,100,81,66,26,77,90,106,103,30,86,49,22" hai2="45,52,123,40,18,41,12,135,94,102,1,25,16" hai3="118,67,54,108,113,75,42,29,11,111,59,91,57"/><U72/><E66/><V34/><F1/><W64/><G113/><T134/><D69/><U73/><E106/><V51/><F123/><W7/><G75/><T121/><D2/><U46/><REACH who="1" step="1"/><E73/><REACH who="1" ten="394,102,218,276" step="2"/><V87/><F135/><W36/><G64/><T55/><D134/><U4/><E4/><V116/><F116/><W19/><G67/><T17/><D6/><U96/><E96/><N who="2" m="59671" /><F87/><W43/><G7/><T114/><D98/><U50/><E50/><V8/><F34/><W0/><G118/><T101/><D121/><U128/><E128/><V115/><F115/><W58/><G36/><T129/><D122/><U84/><E84/><V131/><F131/><W48/><G48/><T70/><D129/><U95/><AGARI ba="1,1" hai="22,26,30,46,49,53,72,77,81,86,90,95,100,103" machi="95" ten="20,7800,0" yaku="1,1,0,1,7,1,53,1" doraHai="125" doraHaiUra="104" who="1" fromWho="1" sc="394,-27,102,91,218,-27,276,-27" /><INIT seed="1,2,0,2,0,39" ten="367,193,191,249" oya="1" hai0="63,129,18,122,112,17,78,131,75,118,79,30,117" hai1="66,15,55,70,38,62,97,65,92,3,124,93,33" hai2="109,116,91,37,40,72,24,35,56,106,22,27,23" hai3="111,132,42,46,89,47,73,7,76,68,87,128,48"/><U103/><E3/><V26/><F116/><N who="0" m="44650" /><D112/><U51/><E38/><V115/><F115/><W5/><G111/><T20/><D63/><U69/><E33/><V98/><F109/><W101/><G128/><N who="0" m="49227" /><D122/><U57/><E124/><V29/><F72/><W1/><G132/><T67/><D67/><U127/><E127/><V125/><F56/><W81/><G68/><T113/><D113/><U9/><E65/><V19/><F125/><W134/><G134/><T13/><D75/><U14/><E70/><V105/><F91/><W0/><G101/><T49/><D30/><U82/><E82/><V21/><F98/><W60/><G60/><T53/><D18/><U4/><REACH who="1" step="1"/><E14/><REACH who="1" ten="367,183,191,249" step="2"/><V28/><F35/><W94/><G0/><T59/><AGARI ba="2,1" hai="13,17,20,49,53,59,78,79" m="49227,44650" machi="59" ten="30,1100,0" yaku="19,1" doraHai="39" who="0" fromWho="0" sc="367,27,183,-7,191,-5,249,-5" /><INIT seed="2,0,0,3,2,129" ten="394,176,186,244" oya="2" hai0="132,97,72,130,58,9,109,33,19,111,8,110,106" hai1="87,66,40,99,10,116,32,96,53,7,64,128,47" hai2="18,126,12,78,55,89,36,118,22,31,23,83,114" hai3="68,48,95,3,24,93,28,25,50,46,75,108,41"/><V49/><F114/><W61/><G108/><T81/><D130/><U104/><E116/><V14/><F118/><W84/><G75/><T135/><D33/><U34/><E128/><V73/><F36/><W94/><G3/><T38/><D38/><U112/><E112/><V70/><F70/><W107/><G107/><T29/><D29/><U133/><E104/><V134/><F126/><W80/><G68/><T45/><D45/><U59/><E87/><V71/><F71/><W122/><G122/><T101/><D58/><U2/><E34/><V26/><F89/><W35/><G24/><T54/><D54/><U77/><E77/><V21/><F134/><N who="0" m="51242" /><D19/><U125/><E133/><V16/><F49/><W5/><G61/><T67/><D67/><U15/><E32/><V57/><F57/><W27/><G48/><T79/><AGARI ba="0,0" hai="8,9,72,79,81,97,101,106,109,110,111" m="51242" machi="79" ten="40,8000,1" yaku="14,1,20,1,52,3" doraHai="129" who="0" fromWho="0" sc="394,80,176,-20,186,-40,244,-20" /><INIT seed="3,0,0,2,0,98" ten="474,156,146,224" oya="3" hai0="1,37,38,113,85,70,21,43,93,74,35,121,131" hai1="12,90,86,14,119,16,57,39,54,100,59,88,84" hai2="124,104,55,9,68,7,96,62,77,22,5,75,48" hai3="115,50,29,103,2,97,129,106,91,26,122,17,6"/><W111/><G115/><T42/><D35/><U73/><E73/><V19/><F124/><W28/><G122/><T112/><D74/><U0/><E0/><V71/><F75/><W132/><G129/><T44/><D131/><U53/><E39/><V118/><F77/><W32/><G132/><T81/><D70/><U134/><E119/><V110/><F118/><W15/><G111/><T69/><D69/><U123/><E134/><V133/><F133/><W120/><G120/><T3/><D121/><U107/><E107/><V56/><F110/><W25/><G50/><N who="0" m="26903" /><D93/><U49/><E123/><V36/><F36/><N who="0" m="13930" /><D21/><U63/><E100/><V72/><F72/><W4/><G2/><T117/><D43/><U67/><E67/><V126/><F126/><W61/><G61/><T87/><D87/><N who="1" m="33323" /><E12/><V20/><F20/><AGARI ba="0,0" hai="14,16,20,49,53,54,57,59,63,88,90" m="33323" machi="20" ten="30,3900,0" yaku="8,1,54,2" doraHai="98" who="1" fromWho="2" sc="474,0,156,39,146,-39,224,0" owari="474,57.4,195,-20.5,107,-39.3,224,2.4" /></mjloggm>