<mjloggm ver="2.3"><GO type="225" lobby="0"/><UN n0="%70%68%65%6E%6F%6D%65" n1="%72%61%6B%33" n2="%E6%97%A5%E6%9B%9C%E6%97%A5%E3%82%88%E3%82%8A%E3%81%AE%E4%BD%BF%E8%80%85" n3="%72%69%6F%75%63%68%61%6E" dan="17,16,17,17" rate="2168.96,2228.97,2158.24,2236.45" sx="M,M,M,M"/><TAIKYOKU oya="0"/><INIT seed="0,0,0,2,0,31" ten="250,250,250,250" oya="0" hai0="3,36,5,120,105,24,70,53,124,32,17,118,51" hai1="23,80,133,47,87,125,91,94,123,30,59,62,40" hai2="67,72,1,43,74,18,63,7,8,76,71,131,115" hai3="38,50,128,33,57,22,83,134,93,64,132,119,65"/><T81/><D36/><U66/><E125/><V95/><F115/><W109/><G119/><T19/><D105/><U121/><E133/><N who="3" m="51306" /><G38/><T108/><D70/><U101/><E47/><V122/><F122/><W26/><G109/><T113/><D113/><U39/><E39/><V104/><F104/><W88/><G128/><T98/><D98/><N who="1" m="59607" /><E40/><V103/><F131/><W129/><G129/><T99/><D118/><U102/><E102/><V96/><F76/><W13/><G13/><T34/><D99/><U0/><E0/><V16/><REACH who="2" step="1"/><F43/><REACH who="2" ten="250,250,240,250" step="2"/><W126/><G126/><T110/><D120/><U37/><E37/><V2/><F2/><W69/><G69/><T61/><D124/><U55/><E123/><V42/><F42/><W100/><G100/><T73/><D3/><U107/><E121/><V46/><F46/><W12/><G83/><T117/><D81/><U58/><E107/><V21/><F21/><W79/><G79/><T130/><D130/><U114/><E114/><V85/><F85/><N who="3" m="52367" /><G33/><T14/><D117/><U10/><E23/><V49/><F49/><W111/><G111/><T127/><D51/><N who="1" m="31103" /><E10/><V92/><F92/><W89/><G50/><T60/><D127/><U6/><E80/><V78/><F78/><W44/><G44/><T135/><D135/><U54/><E87/><V106/><F106/><W20/><G20/><N who="0" m="13327" /><D32/><U27/><E91/><V86/><F86/><W68/><G89/><T45/><D34/><N who="1" m="20831" /><E66/><N who="3" m="25706" /><G68/><T112/><D112/><U25/><E62/><N who="0" m="24169" /><D110/><U82/><E82/><V97/><F97/><W29/><G57/><T9/><D108/><U75/><E59/><RYUUKYOKU ba="0,1" sc="250,-15,250,-15,240,15,250,15" hai2="1,7,8,16,18,63,67,71,72,74,95,96,103" hai3="12,22,26,29" /><INIT seed="1,1,1,3,2,6" ten="235,235,255,265" oya="1" hai0="97,30,20,41,106,26,65,15,112,28,25,12,119" hai1="133,50,87,52,114,18,88,79,23,83,38,128,2" hai2="105,68,4,47,53,49,59,37,125,116,113,10,36" hai3="35,29,46,78,56,89,14,40,99,60,11,24,100"/><U44/><E114/><V98/><F116/><W70/><G78/><T42/><D112/><U66/><E128/><V129/><F113/><W45/><G89/><T107/><D65/><U58/><E133/><V48/><F129/><W75/><G75/><T135/><D135/><U130/><E130/><V73/><F73/><W22/><G70/><T132/><D132/><U7/><E38/><V80/><F125/><W31/><G40/><T96/><REACH who="0" step="1"/><D20/><REACH who="0" ten="225,235,255,265" step="2"/><U0/><E66/><V92/><F68/><W102/><G35/><T82/><D82/><U32/><E32/><V67/><F80/><W39/><G31/><T19/><D19/><U110/><E110/><V3/><F67/><N who="3" m="39303" /><G39/><T21/><D21/><U126/><E126/><V57/><F37/><W69/><G69/><T124/><D124/><U101/><E79/><V8/><F36/><W13/><G13/><T109/><D109/><U64/><E64/><V127/><F127/><W104/><G22/><T115/><D115/><U122/><E122/><V63/><F3/><W85/><G29/><T76/><D76/><U90/><E0/><V62/><F53/><W111/><G111/><T51/><D51/><U71/><E71/><V94/><F48/><W103/><G24/><T9/><D9/><U118/><E2/><V108/><F10/><W123/><G123/><T77/><D77/><U43/><E50/><V93/><F108/><W61/><G61/><N who="2" m="23049" /><F8/><W95/><G11/><T120/><D120/><U54/><E54/><N who="2" m="30015" /><F4/><W86/><G14/><T5/><D5/><U34/><E7/><V1/><F1/><W81/><G81/><RYUUKYOKU ba="1,2" sc="225,15,235,-15,255,15,265,-15" hai0="12,15,25,26,28,30,41,42,96,97,106,107,119" hai2="57,59,92,93,94,98,105" /><INIT seed="2,2,2,2,1,77" ten="240,220,270,250" oya="2" hai0="75,97,127,50,25,8,51,101,123,57,11,10,13" hai1="45,110,72,5,118,48,37,7,28,22,95,65,126" hai2="111,67,130,17,71,16,20,134,61,49,44,91,39" hai3="129,79,3,34,27,87,84,96,89,56,82,94,4"/><V103/><F130/><W2/><G129/><T124/><D75/><U69/><E118/><V24/><F134/><W107/><G4/><T100/><D123/><U90/><E72/><V132/><F132/><W76/><G56/><T23/><D13/><U116/><E116/><V120/><F120/><W108/><G108/><T38/><D38/><U26/><E37/><V133/><F133/><W99/><G99/><T6/><D6/><U85/><E110/><V80/><F111/><W1/><G107/><T86/><D86/><U102/><E126/><N who="0" m="48169" /><D57/><U88/><E102/><N who="0" m="39529" /><D97/><N who="1" m="57575" /><E65/><V131/><F131/><W122/><G122/><T14/><D14/><U0/><E69/><V83/><F103/><W115/><G115/><T93/><D93/><N who="1" m="54479" /><E0/><V109/><F109/><W55/><G1/><T59/><D59/><U104/><E104/><V106/><F106/><W66/><G2/><T113/><D113/><U125/><E125/><V78/><F39/><W117/><G3/><T62/><D62/><U105/><E105/><V64/><F64/><W74/><G66/><T119/><D119/><U60/><E60/><V63/><F61/><W92/><G117/><T81/><D81/><N who="2" m="31306" /><F78/><W135/><G76/><T30/><AGARI ba="2,2" hai="8,10,11,23,25,30,50,51" m="39529,48169" machi="30" ten="40,1500,0" yaku="18,1" doraHai="77" who="0" fromWho="0" sc="240,41,220,-6,270,-9,250,-6" /><INIT seed="3,0,0,4,4,72" ten="281,214,261,244" oya="3" hai0="41,113,118,16,99,76,8,128,86,79,9,110,27" hai1="121,103,135,124,97,60,5,35,63,75,100,48,70" hai2="14,117,107,93,98,31,87,2,54,1,65,74,108" hai3="11,114,80,85,6,127,40,43,4,51,71,32,25"/><W130/><G114/><T88/><D118/><U20/><E121/><V123/><F117/><W96/><G71/><T120/><D120/><U89/><E35/><V78/><F123/><W73/><G73/><T95/><D113/><U101/><E75/><V90/><F108/><W92/><G130/><T53/><D110/><U18/><E124/><V46/><F65/><W131/><G131/><T17/><D128/><U26/><E135/><V77/><F74/><W47/><G127/><T91/><D41/><U119/><E119/><V133/><F133/><W57/><G40/><T126/><D126/><U58/><E5/><V38/><F2/><W50/><G32/><T134/><D134/><U67/><E48/><N who="2" m="28951" /><F107/><W61/><G25/><T15/><D53/><U7/><E7/><V45/><F38/><W0/><G4/><T42/><D42/><U82/><E82/><N who="2" m="49527" /><F1/><W125/><G125/><T111/><D111/><U122/><E122/><V21/><F45/><W105/><G105/><T64/><D64/><U132/><E132/><V39/><F39/><W23/><G47/><T36/><D36/><U59/><REACH who="1" step="1"/><E63/><REACH who="1" ten="281,204,261,244" step="2"/><V52/><F52/><N who="3" m="33959" /><G43/><T49/><D49/><U24/><E24/><N who="2" m="16783" /><F14/><W19/><G50/><T62/><D62/><U10/><E10/><V102/><AGARI ba="0,1" hai="77,78,93,98,102" m="16783,49527,28951" machi="102" ten="30,4000,0" yaku="8,1,52,2" doraHai="72" who="2" fromWho="2" sc="281,-10,204,-10,261,50,244,-20" owari="271,7.1,194,-30.6,311,41.1,224,-17.6" /></mjloggm>