<mjloggm ver="2.3"><GO type="225" lobby="0"/><UN n0="%74%61%6B%65%2D%79%6F%75" n1="%E9%80%9F%E6%B0%B4%E5%87%9B%E9%A6%99" n2="%E3%81%A9%E3%82%8F%E3%82%93%E3%81%94" n3="%E3%81%A1%E3%82%85%E3%81%86%E3%81%A9%E3%81%8F%E8%B1%A1%E3%81%95%E3%82%93" dan="16,16,16,17" rate="2175.67,2148.26,2228.67,2182.03" sx="M,F,M,M"/><TAIKYOKU oya="0"/><INIT seed="0,0,0,1,0,132" ten="250,250,250,250" oya="0" hai0="133,46,15,123,1,59,103,45,135,60,11,72,31" hai1="64,126,22,0,91,108,97,80,94,38,110,26,63" hai2="95,82,111,101,35,20,53,73,127,107,77,62,129" hai3="14,39,89,8,44,87,96,12,130,3,112,2,21"/><T4/><D123/><U27/><E38/><V18/><F35/><W13/><G112/><T54/><D72/><U114/><E0/><V48/><F111/><W36/><G130/><T24/><D103/><U93/><E114/><V49/><F129/><W51/><G96/><T102/><D102/><U85/><E27/><V83/><F107/><W42/><G21/><T61/><D61/><U70/><E126/><V121/><F127/><W25/><G25/><T57/><D57/><U5/><E5/><V90/><F121/><W52/><G8/><T81/><D81/><U55/><E55/><V37/><F37/><W7/><G7/><T33/><REACH who="0" step="1"/><D1/><REACH who="0" ten="240,250,250,250" step="2"/><U131/><E131/><V41/><F101/><W100/><G100/><T76/><D76/><U23/><E110/><V117/><F83/><W109/><G109/><T16/><D16/><U128/><E108/><V86/><F62/><W30/><G30/><T28/><D28/><U84/><E128/><V6/><F82/><N who="3" m="49399" /><G2/><T92/><D92/><U98/><E80/><V50/><F77/><W115/><G3/><T116/><D116/><U69/><E63/><V88/><F73/><W19/><G115/><T65/><D65/><U68/><E64/><V74/><F74/><W43/><G19/><T47/><AGARI ba="0,1" hai="4,11,15,24,31,33,45,46,47,54,59,60,133,135" machi="47" ten="30,3000,0" yaku="1,1,0,1,53,0" doraHai="132" doraHaiUra="78" who="0" fromWho="0" sc="240,40,250,-10,250,-10,250,-10" /><INIT seed="0,1,0,0,2,88" ten="280,240,240,240" oya="0" hai0="48,124,84,96,105,126,40,100,55,36,22,21,133" hai1="89,68,2,17,65,42,78,16,57,6,28,98,67" hai2="112,85,128,11,47,118,52,10,56,44,59,1,29" hai3="111,18,8,33,60,32,34,43,26,93,129,19,63"/><T14/><D133/><U39/><E68/><V50/><F112/><W54/><G43/><T97/><D36/><U4/><E39/><V27/><F128/><W122/><G129/><T127/><D40/><U45/><E2/><V110/><F110/><W73/><G73/><T0/><D0/><U117/><E28/><V92/><F118/><W104/><G104/><T5/><D84/><U103/><E78/><V86/><F1/><W75/><G75/><T77/><D77/><U62/><E67/><V79/><F59/><W106/><G106/><T121/><D121/><U49/><E89/><N who="2" m="53295" /><F27/><W130/><G130/><T109/><D109/><U87/><E87/><V132/><F29/><W71/><G111/><T30/><D30/><U134/><E134/><V125/><F125/><W7/><G122/><T116/><D116/><U135/><E135/><V119/><F119/><W31/><G71/><T37/><D37/><U107/><REACH who="1" step="1"/><E117/><REACH who="1" ten="280,230,240,240" step="2"/><V69/><F69/><W61/><G32/><T95/><D126/><U101/><E101/><V94/><F132/><W23/><G33/><T24/><D127/><U74/><E74/><V12/><F79/><W120/><G34/><T81/><D124/><U35/><E35/><V13/><F13/><W115/><G120/><T131/><D14/><U83/><E83/><V41/><F12/><W108/><G115/><T76/><D81/><U25/><E25/><V15/><F15/><N who="3" m="5535" /><G108/><T9/><D131/><U46/><E46/><N who="2" m="17451" /><F41/><W113/><G113/><T102/><D76/><U99/><E99/><V123/><F123/><W82/><G82/><T114/><D114/><RYUUKYOKU ba="1,1" sc="280,-15,230,15,240,15,240,-15" hai1="4,6,16,17,42,45,49,57,62,65,98,103,107" hai2="10,11,50,52,56,86,94" /><INIT seed="1,2,1,5,3,53" ten="265,245,255,225" oya="1" hai0="92,111,3,90,72,121,28,44,119,78,7,123,56" hai1="48,66,58,88,2,104,77,65,49,60,4,54,102" hai2="51,55,82,33,73,85,76,62,118,30,110,1,42" hai3="109,100,11,98,27,122,89,132,113,94,64,19,83"/><U12/><E2/><V131/><F118/><W36/><G113/><T47/><D119/><U95/><E77/><V133/><F1/><W93/><G122/><N who="0" m="46603" /><D111/><U50/><E102/><V40/><F110/><W120/><G109/><T117/><D117/><U71/><E104/><V112/><F133/><W41/><G120/><T108/><D108/><U45/><E71/><V29/><F131/><W61/><G132/><T9/><D28/><N who="2" m="10858" /><F73/><W101/><G83/><N who="0" m="45511" /><D56/><U46/><E4/><V96/><F33/><W20/><G11/><T80/><D80/><U16/><E46/><N who="2" m="28151" /><F112/><W106/><G106/><T6/><D6/><U125/><E125/><V8/><F8/><W57/><G36/><T52/><D52/><U24/><E24/><V129/><F129/><W134/><G134/><T31/><D31/><U74/><E74/><V59/><F96/><AGARI ba="2,1" hai="3,7,9,44,47,90,92,96" m="45511,46603" machi="96" ten="30,1000,0" yaku="13,1" doraHai="53" who="0" fromWho="2" sc="265,26,245,0,255,-16,225,0" /><INIT seed="2,0,0,4,0,114" ten="291,245,239,225" oya="2" hai0="87,120,11,132,27,29,93,60,63,85,105,21,99" hai1="54,90,66,34,2,109,48,16,45,113,5,57,55" hai2="116,83,88,71,40,95,130,42,15,107,104,53,91" hai3="68,123,59,78,129,25,115,62,61,117,9,94,101"/><V4/><F71/><W33/><G123/><T37/><D120/><U118/><E34/><V36/><F36/><W76/><G115/><T7/><D37/><U50/><E113/><V135/><F135/><W38/><G38/><T44/><D132/><U26/><E109/><V20/><F116/><W97/><G117/><T125/><D125/><U43/><E118/><V112/><F112/><W30/><G129/><T1/><D105/><U108/><E108/><V17/><F130/><W12/><G68/><T6/><D6/><U134/><E134/><V64/><F64/><W98/><G98/><T82/><D44/><U65/><E5/><V39/><F39/><W72/><G72/><T56/><D82/><U70/><E2/><V10/><F104/><W96/><G96/><T77/><D77/><U133/><E133/><V89/><F107/><W111/><G111/><T19/><D19/><U32/><E32/><V92/><F83/><W22/><G33/><T13/><D1/><U102/><E102/><V103/><F53/><W58/><G58/><T80/><D80/><U73/><E73/><V52/><F52/><N who="3" m="34023" /><G62/><N who="0" m="23595" /><D56/><U75/><E75/><V46/><F103/><AGARI ba="0,0" hai="7,11,13,21,27,29,85,87,93,99,103" m="23595" machi="103" ten="30,1000,0" yaku="8,1" doraHai="114" who="0" fromWho="2" sc="291,10,245,0,239,-10,225,0" /><INIT seed="3,0,0,1,3,55" ten="301,245,229,225" oya="3" hai0="83,97,68,63,89,73,53,57,94,88,118,23,31" hai1="65,51,128,48,111,39,80,104,103,120,56,132,129" hai2="125,127,71,130,41,112,28,8,62,3,49,92,50" hai3="102,22,61,70,38,95,107,110,15,11,67,135,74"/><W116/><G116/><T25/><D118/><U10/><E80/><V122/><F112/><W43/><G74/><T72/><REACH who="0" step="1"/><D68/><REACH who="0" ten="291,245,229,225" step="2"/><U82/><E120/><V119/><F71/><W99/><G110/><T46/><D46/><U4/><E111/><V105/><F119/><W86/><G135/><T14/><D14/><U131/><E132/><V96/><F122/><W1/><G1/><T34/><D34/><U33/><E33/><V29/><F3/><W84/><G22/><T19/><D19/><U9/><E128/><V54/><F130/><W108/><G108/><T113/><D113/><U124/><E129/><V66/><F127/><W109/><G109/><T101/><D101/><U13/><E103/><V100/><F100/><W45/><REACH who="3" step="1"/><G107/><REACH who="3" ten="291,245,229,215" step="2"/><T106/><D106/><U76/><E104/><V78/><F105/><W7/><AGARI ba="0,2" hai="7,11,15,38,43,45,61,67,70,84,86,95,99,102" machi="7" ten="20,7800,0" yaku="1,1,2,1,0,1,7,1,53,0" doraHai="55" doraHaiUra="115" who="3" fromWho="3" sc="291,-26,245,-26,229,-26,215,98" owari="265,6.5,219,-18.1,203,-29.7,313,41.3" /></mjloggm>