<mjloggm ver="2.3"><GO type="225" lobby="0"/><UN n0="%E5%8F%AF%E5%85%90%E9%82%A3%E7%94%B1%E5%A4%9A" n1="%E3%83%B4%E3%82%A3%E3%83%AF%E3%82%B3%E3%82%B0%E3%83%8B" n2="%72%69%6F%75%63%68%61%6E" n3="%43%68%65" dan="16,16,17,16" rate="2215.33,2147.74,2250.48,2151.06" sx="F,M,M,M"/><TAIKYOKU oya="0"/><INIT seed="0,0,0,5,4,87" ten="250,250,250,250" oya="0" hai0="0,78,82,102,64,133,122,1,92,123,59,8,108" hai1="52,51,4,135,50,33,127,121,131,43,41,61,70" hai2="119,49,114,132,63,11,62,58,23,34,7,47,125" hai3="48,72,17,9,134,32,124,128,71,126,44,30,120"/><T14/><D133/><U115/><E33/><V101/><F125/><N who="3" m="48235" /><G134/><T130/><D130/><U2/><E135/><V88/><F132/><W103/><G128/><T45/><D108/><U98/><E2/><V37/><F114/><W18/><G71/><T79/><D0/><U25/><E4/><V69/><F34/><W19/><G72/><T85/><D1/><U20/><E115/><V13/><F119/><W22/><G103/><T86/><D45/><U83/><E121/><V54/><F101/><W16/><G120/><T112/><D112/><U81/><E131/><V6/><F6/><W100/><G100/><T118/><D118/><U109/><E109/><V12/><F69/><W38/><G38/><T107/><D107/><U99/><E70/><V42/><F13/><N who="3" m="7343" /><G32/><T3/><D3/><U21/><E61/><V68/><F23/><N who="1" m="8777" /><E25/><V27/><F27/><N who="3" m="14791" /><G30/><T75/><D123/><U80/><E127/><V93/><REACH who="2" step="1"/><F68/><REACH who="2" ten="250,250,240,250" step="2"/><W67/><G67/><T10/><D122/><U40/><E50/><V76/><F76/><W74/><G74/><T90/><D78/><U117/><E117/><V96/><AGARI ba="0,1" hai="7,11,12,37,42,47,49,54,58,62,63,88,93,96" machi="96" ten="20,8000,1" yaku="1,1,0,1,7,1,52,1,54,1,53,0" doraHai="87" doraHaiUra="116" who="2" fromWho="2" sc="250,-40,250,-20,240,90,250,-20" /><INIT seed="1,0,0,1,5,62" ten="210,230,330,230" oya="1" hai0="66,10,35,51,107,4,109,90,23,103,134,27,38" hai1="97,118,84,24,68,30,133,131,59,115,125,85,60" hai2="56,102,55,34,88,3,29,65,74,8,73,77,119" hai3="39,52,13,54,124,48,64,80,33,116,96,6,94"/><U40/><E118/><V14/><F119/><W120/><G120/><T67/><D38/><U91/><E115/><V129/><F129/><W79/><G39/><T19/><D109/><U0/><E68/><V7/><F102/><W82/><G33/><T86/><D134/><U87/><E0/><V16/><F77/><W106/><G106/><T28/><D51/><U101/><E40/><V110/><F110/><W126/><G116/><T49/><D49/><U31/><E125/><N who="3" m="48234" /><G64/><T58/><D58/><U57/><E131/><V135/><F135/><W111/><G111/><T78/><D78/><U121/><E57/><V105/><F105/><W104/><G104/><T92/><D103/><U18/><E133/><V45/><F45/><N who="3" m="27663" /><G54/><T70/><D70/><U132/><E132/><V22/><F65/><W69/><G69/><T123/><D107/><U100/><E121/><V41/><F41/><W50/><G50/><T36/><D36/><U99/><E59/><V2/><F3/><W26/><G26/><T1/><D123/><U89/><E60/><V11/><F55/><W43/><G43/><T37/><D37/><U42/><E42/><V5/><F56/><W128/><G128/><T98/><D98/><N who="1" m="37387" /><E18/><V53/><F53/><W12/><G6/><T112/><D112/><U114/><E114/><V47/><F47/><W9/><G9/><T81/><D92/><U44/><E44/><V75/><F34/><W71/><G71/><T72/><D72/><U122/><E122/><V25/><F5/><W32/><G32/><T20/><D35/><N who="1" m="20935" /><E31/><V83/><F74/><N who="3" m="43127" /><G82/><T63/><D63/><RYUUKYOKU ba="0,0" sc="210,0,230,0,330,0,230,0" hai0="1,4,10,19,20,23,27,28,66,67,81,86,90" hai1="84,85,87,89,91,100,101" hai2="2,7,8,11,14,16,22,25,29,73,75,83,88" hai3="12,13,94,96" /><INIT seed="1,1,0,2,3,73" ten="210,230,330,230" oya="1" hai0="34,54,23,115,123,104,51,86,66,8,120,79,3" hai1="128,121,64,9,1,40,114,18,20,49,129,6,61" hai2="17,67,110,2,22,52,135,65,87,56,99,109,111" hai3="39,38,69,134,70,50,62,10,97,77,48,131,16"/><U89/><E114/><V88/><F135/><W84/><G134/><T31/><D115/><U102/><E121/><N who="0" m="46665" /><D104/><U130/><E102/><V63/><F2/><W124/><G124/><T29/><D34/><U100/><E100/><V108/><F99/><W43/><G97/><T57/><D23/><U42/><E49/><V35/><F35/><W0/><G131/><T33/><D33/><U93/><E93/><N who="2" m="54431" /><F108/><W12/><G0/><T91/><D66/><U58/><REACH who="1" step="1"/><E89/><REACH who="1" ten="210,220,330,230" step="2"/><V11/><F11/><W85/><G50/><T68/><D91/><U24/><AGARI ba="1,1" hai="1,6,9,18,20,24,40,42,58,61,64,128,129,130" machi="24" ten="30,12000,1" yaku="1,1,2,1,0,1,19,1,53,1" doraHai="73" doraHaiUra="32" who="1" fromWho="1" sc="210,-41,220,133,330,-41,230,-41" /><INIT seed="1,2,0,2,5,51" ten="169,353,289,189" oya="1" hai0="36,25,31,89,98,90,80,127,91,117,97,110,16" hai1="87,22,76,81,0,75,107,26,69,120,54,74,6" hai2="113,14,85,100,61,93,5,79,57,38,77,82,112" hai3="40,103,60,63,42,19,35,123,122,129,105,121,132"/><U126/><E120/><V78/><F38/><W27/><G132/><T11/><D117/><U55/><E107/><V29/><F29/><W119/><G119/><T70/><D110/><U130/><E69/><V64/><F5/><W73/><G73/><T59/><D70/><U18/><E130/><V62/><F14/><W53/><G129/><T71/><D71/><U52/><REACH who="1" step="1"/><E126/><REACH who="1" ten="169,343,289,189" step="2"/><V115/><REACH who="2" step="1"/><F62/><REACH who="2" ten="169,343,279,189" step="2"/><W4/><G63/><T131/><D131/><U34/><E34/><V128/><F128/><W39/><G35/><T48/><D127/><U111/><E111/><V44/><F44/><W134/><G60/><T67/><D59/><U92/><E92/><V88/><F88/><W96/><G122/><T118/><D90/><U3/><E3/><V95/><F95/><W109/><G109/><T65/><D89/><U32/><E32/><V41/><F41/><W66/><G121/><T10/><D91/><U49/><E49/><V12/><F12/><W86/><G123/><T45/><D48/><U84/><E84/><V9/><F9/><AGARI ba="2,2" hai="0,6,9,18,22,26,52,54,55,74,75,76,81,87" machi="9" ten="40,12000,1" yaku="1,1,52,3,54,1,53,0" doraHai="51" doraHaiUra="124" who="1" fromWho="2" sc="169,0,343,146,279,-126,189,0" /><INIT seed="1,3,0,3,2,43" ten="169,489,153,189" oya="1" hai0="31,113,119,88,44,92,36,20,13,51,48,117,95" hai1="28,57,90,99,102,79,129,81,14,56,11,100,6" hai2="50,15,30,33,4,104,134,96,77,62,106,121,108" hai3="116,40,118,60,29,87,0,133,85,47,132,131,1"/><U125/><E129/><V123/><F108/><W124/><G29/><T91/><D113/><U110/><E125/><V105/><F134/><N who="3" m="51819" /><G60/><T78/><D78/><U64/><E110/><V75/><F96/><W72/><G72/><T53/><D36/><U128/><E128/><V93/><F93/><W32/><G32/><T74/><D74/><U16/><E28/><V127/><F127/><W5/><G124/><T86/><D51/><U55/><E64/><V27/><F62/><W41/><G131/><T135/><D135/><U37/><E37/><V9/><REACH who="2" step="1"/><F50/><REACH who="2" ten="169,489,143,189" step="2"/><N who="3" m="26983" /><G41/><T103/><D103/><U3/><E102/><V18/><F18/><W17/><G17/><T71/><D71/><U69/><E69/><V94/><F94/><W49/><G49/><T120/><D95/><U61/><E100/><V70/><F70/><W23/><G118/><T115/><D119/><U122/><E99/><V24/><F24/><W83/><G116/><T101/><D117/><U65/><E16/><V34/><F34/><W21/><G83/><AGARI ba="3,1" hai="4,9,15,27,30,33,75,77,83,104,105,106,121,123" machi="83" ten="40,2600,0" yaku="1,1,53,1" doraHai="43" doraHaiUra="26" who="2" fromWho="3" sc="169,0,489,0,143,45,189,-35" /><INIT seed="2,0,0,5,0,95" ten="169,489,188,154" oya="2" hai0="117,118,12,135,106,10,127,120,130,0,31,57,32" hai1="77,96,64,20,28,2,132,123,13,121,78,91,30" hai2="61,109,26,39,81,128,55,115,119,75,116,103,27" hai3="89,72,73,22,85,129,105,93,38,50,112,9,46"/><V43/><F115/><W131/><G112/><T65/><D120/><U51/><E2/><V67/><F128/><N who="3" m="49227" /><G38/><T42/><D130/><U59/><E132/><V48/><F109/><W29/><G9/><T83/><D135/><U99/><E13/><V5/><F5/><W24/><G105/><T88/><D0/><U63/><E91/><V19/><F103/><W74/><G74/><T122/><D122/><U113/><E113/><V7/><F7/><W44/><G44/><T126/><D106/><U68/><E68/><V94/><F94/><W4/><G4/><N who="0" m="3143" /><D42/><AGARI ba="0,0" hai="22,24,29,42,46,50,72,73,85,89,93" m="49227" machi="42" ten="30,1000,0" yaku="19,1" doraHai="95" who="3" fromWho="0" sc="169,-10,489,0,188,0,154,10" /><INIT seed="3,0,0,2,0,14" ten="159,489,188,164" oya="3" hai0="123,86,43,115,113,41,8,94,55,101,23,50,132" hai1="62,75,1,128,89,127,36,70,0,11,47,33,76" hai2="53,17,22,108,83,44,42,21,7,119,10,109,9" hai3="18,56,126,58,110,27,66,60,96,134,2,106,65"/><W77/><G2/><T48/><D123/><U4/><E33/><V81/><F119/><W45/><G126/><T133/><D8/><N who="2" m="3178" /><F53/><W39/><G134/><N who="0" m="51819" /><D23/><N who="2" m="8714" /><F17/><W103/><G110/><N who="2" m="42601" /><F7/><W122/><G122/><T30/><D30/><U25/><E70/><V6/><F6/><W87/><G18/><T31/><D31/><U97/><E36/><AGARI ba="0,0" hai="36,42,44,81,83" m="42601,8714,3178" machi="36" ten="30,1000,0" yaku="14,1" doraHai="14" who="2" fromWho="1" sc="159,0,489,-10,188,10,164,0" owari="159,-34.1,479,57.9,198,-0.2,164,-23.6" /></mjloggm>