<mjloggm ver="2.3"><GO type="225" lobby="0"/><UN n0="%E3%81%99%E3%81%84%E3%81%BE%E3%81%9B%E3%83%BC%E3%82%93" n1="%E3%83%AC%E3%82%A4%E3%83%88%E3%83%B3%E5%87%86%E6%95%99%E6%8E%88" n2="%E6%A1%9C%E8%8A%B1%E9%96%83%E3%80%85" n3="%E5%8D%A0%E3%81%84%E5%B8%AB%E8%A3%8F%E3%81%AA%E3%81%84%E3%81%97" dan="18,18,16,17" rate="2223.50,2264.79,2213.01,2227.65" sx="M,M,M,M"/><TAIKYOKU oya="0"/><INIT seed="0,0,0,5,0,47" ten="250,250,250,250" oya="0" hai0="66,97,86,90,98,104,29,4,7,52,25,87,129" hai1="113,64,85,17,53,62,20,74,109,84,131,27,76" hai2="38,93,68,89,108,83,48,56,16,67,75,123,14" hai3="61,8,35,103,132,81,10,49,60,95,102,43,120"/><T50/><D129/><U106/><E109/><V79/><F123/><W126/><G35/><T55/><D66/><U101/><E131/><V72/><F38/><W26/><G132/><T130/><D130/><U94/><E113/><V21/><F108/><W42/><G126/><T11/><D104/><U96/><E53/><V82/><F68/><W6/><G26/><T57/><D55/><U5/><E5/><V58/><F67/><W112/><G112/><T28/><D87/><U33/><E33/><V19/><F48/><W100/><G120/><T117/><D117/><U2/><E2/><V46/><F46/><N who="3" m="25815" /><G43/><T24/><D24/><U77/><E106/><V114/><F114/><W135/><G135/><T44/><D44/><U63/><E74/><V134/><F19/><W15/><G8/><T1/><D4/><U124/><E124/><V37/><F37/><W122/><G122/><T45/><D45/><U105/><E105/><V119/><F119/><W70/><G70/><T78/><D78/><N who="1" m="30315" /><E64/><V128/><F128/><W54/><G81/><N who="2" m="30729" /><F79/><W80/><G80/><T121/><D121/><U34/><E34/><V51/><F134/><W110/><G110/><T0/><D1/><U107/><E107/><V116/><F116/><W115/><G115/><T69/><D69/><U88/><E101/><N who="3" m="25858" /><W92/><DORA hai="125" /><G54/><T22/><D28/><U133/><E133/><V9/><F75/><W23/><G23/><T127/><D127/><U31/><E31/><V18/><F72/><W40/><G40/><T36/><D36/><U3/><E3/><V91/><F21/><W30/><G30/><RYUUKYOKU ba="0,0" sc="250,10,250,10,250,-30,250,10" hai0="0,7,11,22,25,29,50,52,57,86,90,97,98" hai1="17,20,27,62,63,84,85,88,94,96" hai3="6,10,15,60,61,92,95" /><INIT seed="0,1,0,1,5,33" ten="260,260,220,260" oya="0" hai0="119,96,99,116,69,49,37,52,107,80,135,29,40" hai1="78,11,47,105,130,58,70,91,53,67,113,98,100" hai2="68,121,3,94,95,76,21,87,75,81,8,108,79" hai3="106,133,71,77,131,112,122,134,111,127,62,59,54"/><T32/><D69/><U23/><E130/><V19/><F121/><W9/><G112/><T39/><D135/><N who="3" m="51721" /><G122/><T102/><D99/><U25/><E113/><V48/><F68/><W64/><G106/><T124/><D124/><U15/><E78/><V12/><F108/><W89/><G77/><T66/><D66/><U17/><E70/><V2/><F48/><N who="3" m="31175" /><G111/><T109/><D109/><U24/><E91/><V123/><F123/><W114/><G114/><T126/><D126/><U117/><E117/><V74/><F87/><W90/><G127/><T6/><D80/><U10/><E47/><V97/><F21/><W22/><G131/><T16/><D119/><U0/><E67/><V27/><F27/><W118/><G118/><T31/><D116/><U13/><E0/><V26/><F26/><W85/><G22/><T101/><D32/><U73/><E73/><V44/><F44/><W36/><G36/><T132/><D39/><U1/><E1/><V50/><F50/><W120/><G120/><T83/><D37/><U38/><E38/><V43/><F43/><W125/><G125/><T35/><D40/><U86/><E23/><V110/><F110/><W28/><G28/><T42/><D35/><U72/><E72/><V5/><F5/><W34/><G34/><T65/><D42/><U129/><E129/><V46/><F46/><W84/><G9/><T115/><D115/><U128/><E128/><V14/><F14/><W20/><G20/><T82/><D132/><U88/><E15/><V55/><F75/><W57/><G71/><T60/><D6/><U103/><E11/><RYUUKYOKU ba="1,0" sc="260,-10,260,-10,220,-10,260,30" hai3="57,62,64,84,85,89,90" /><INIT seed="1,2,0,5,0,44" ten="250,250,210,290" oya="1" hai0="116,122,49,23,103,50,98,20,95,101,48,51,1" hai1="52,67,99,93,135,64,65,118,131,92,105,56,83" hai2="57,127,123,108,84,21,117,88,12,86,109,68,126" hai3="61,62,89,107,119,82,37,38,69,43,78,6,41"/><U36/><E118/><V74/><F117/><W76/><G107/><T22/><D116/><U7/><E36/><V30/><F68/><W112/><G119/><T11/><D122/><U114/><E114/><V32/><F74/><W120/><G120/><T87/><D1/><U110/><E131/><V9/><F32/><W125/><G125/><N who="2" m="47625" /><F123/><W73/><G112/><T24/><D11/><U111/><E7/><N who="2" m="3135" /><F57/><W71/><G73/><T115/><D115/><U59/><E135/><V15/><F86/><W79/><G82/><T55/><D87/><U33/><E83/><N who="2" m="49183" /><F15/><W26/><G89/><N who="0" m="55663" /><D24/><AGARI ba="2,0" hai="21,24,30,108,109" m="49183,3135,47625" machi="24" ten="30,2000,0" yaku="18,1,54,1" doraHai="44" who="2" fromWho="0" sc="250,-26,250,0,210,26,290,0" /><INIT seed="2,0,0,4,4,37" ten="224,250,236,290" oya="2" hai0="102,129,42,91,113,132,111,30,76,43,100,48,99" hai1="21,60,117,81,28,93,31,53,87,110,112,73,115" hai2="32,24,9,45,97,10,68,7,58,46,39,133,59" hai3="61,13,119,12,95,34,3,41,23,5,8,109,92"/><V72/><F68/><W54/><G119/><T131/><D113/><U56/><E117/><V120/><F120/><W4/><G34/><T63/><D111/><U78/><E110/><V74/><F133/><W0/><G109/><T80/><D132/><U57/><E21/><V17/><F97/><W79/><G79/><T121/><D121/><U83/><E93/><V19/><F39/><W101/><G23/><T64/><D30/><U38/><E38/><V108/><F108/><W67/><G54/><T124/><D124/><U90/><E112/><V18/><F7/><W105/><G105/><T1/><D1/><U94/><E83/><V104/><F18/><W116/><G116/><T26/><D26/><U130/><E130/><N who="0" m="49673" /><D91/><U66/><REACH who="1" step="1"/><E115/><REACH who="1" ten="224,240,236,290" step="2"/><V98/><F32/><W55/><G95/><N who="0" m="58495" /><D102/><U33/><E33/><V103/><F103/><W122/><G101/><T16/><D16/><U85/><E85/><V36/><F19/><W71/><G122/><T27/><D27/><U118/><E118/><V11/><F17/><W77/><G92/><T65/><D80/><U125/><E125/><V82/><F24/><W2/><G4/><T62/><D76/><U86/><E86/><V135/><F135/><W40/><G77/><T84/><D84/><U107/><E107/><V6/><F82/><W35/><G35/><T14/><D14/><U52/><E52/><V49/><F6/><N who="3" m="3095" /><G55/><T75/><D75/><N who="2" m="28714" /><F104/><W22/><G5/><T50/><D65/><U106/><E106/><V25/><F25/><W44/><G13/><T51/><D64/><U20/><E20/><V127/><F127/><RYUUKYOKU ba="0,1" sc="224,15,240,15,236,-15,290,-15" hai0="42,43,48,50,51,62,63" hai1="28,31,53,56,57,60,66,73,78,81,87,90,94" /><INIT seed="3,1,1,1,5,48" ten="239,255,221,275" oya="3" hai0="89,123,105,78,22,76,29,110,74,93,116,68,39" hai1="73,88,49,60,15,130,113,4,94,98,114,69,95" hai2="52,86,53,81,43,80,31,27,20,79,64,66,117" hai3="35,70,58,87,112,101,54,134,100,107,57,97,56"/><W61/><G112/><T115/><D116/><U133/><E73/><V104/><F117/><W1/><G70/><T131/><D123/><U132/><E130/><V24/><F104/><W30/><G1/><T50/><D39/><U129/><E129/><V90/><F43/><W72/><G72/><T135/><D68/><U108/><E108/><V124/><F124/><W111/><G111/><T38/><D38/><U16/><E4/><V65/><REACH who="2" step="1"/><F27/><REACH who="2" ten="239,255,211,275" step="2"/><W41/><G107/><T0/><D105/><U96/><E113/><V83/><F83/><W126/><G41/><T75/><D115/><U125/><E114/><V6/><F6/><W71/><G126/><T23/><D131/><U102/><E125/><V128/><F128/><W19/><G134/><T32/><D135/><U17/><E132/><V85/><AGARI ba="1,2" hai="20,24,31,52,53,64,65,66,79,80,81,85,86,90" machi="85" ten="30,12000,2" yaku="1,1,0,1,8,1,52,2,54,1,53,0" doraHai="48" doraHaiUra="37" who="2" fromWho="2" sc="239,-31,255,-31,211,143,275,-61" owari="208,-29.2,224,2.4,354,45.4,214,-18.6" /></mjloggm>