<mjloggm ver="2.3"><GO type="225" lobby="0"/><UN n0="%4B%2E%32%2E%4B%2E" n1="%EF%BC%AE%EF%BC%A1%EF%BC%AF%33%33%39" n2="%72%69%6F%75%63%68%61%6E" n3="%E5%86%B7%E5%87%8D%E3%82%AE%E3%83%A7%E3%83%BC%E3%82%B6" dan="16,17,16,17" rate="2117.20,2154.96,2242.88,2206.09" sx="M,M,M,M"/><TAIKYOKU oya="0"/><INIT seed="0,0,0,3,3,23" ten="250,250,250,250" oya="0" hai0="34,89,52,99,22,35,25,10,19,45,72,49,111" hai1="132,86,78,116,51,20,133,114,66,71,70,125,105" hai2="61,94,126,88,81,79,112,109,31,118,55,108,63" hai3="4,8,68,58,83,92,2,76,9,85,48,32,1"/><T11/><D72/><U56/><E116/><V54/><F112/><W6/><G68/><T129/><D129/><U41/><E105/><V82/><F118/><W16/><G32/><T27/><D111/><N who="2" m="42570" /><F126/><W18/><G92/><N who="0" m="56719" /><D34/><U42/><E78/><V96/><F81/><W62/><REACH who="3" step="1"/><G48/><REACH who="3" ten="250,250,250,240" step="2"/><T46/><D35/><U0/><E51/><V91/><F94/><W100/><G100/><T77/><D77/><U113/><E70/><V13/><F79/><W38/><G38/><T65/><D65/><AGARI ba="0,1" hai="1,2,4,6,8,9,16,18,58,62,65,76,83,85" machi="65" ten="30,8000,1" yaku="1,1,7,1,9,1,54,1,53,1" doraHai="23" doraHaiUra="53" who="3" fromWho="0" sc="250,-80,250,0,250,0,240,90" /><INIT seed="1,0,0,1,0,33" ten="170,250,250,330" oya="1" hai0="77,58,18,2,135,81,50,122,14,6,80,124,12" hai1="52,127,60,0,130,89,103,53,113,97,106,105,116" hai2="22,48,88,46,36,45,96,31,59,40,109,44,47" hai3="92,56,78,19,76,104,91,101,25,8,13,95,72"/><U115/><E116/><V15/><F109/><W126/><G126/><T121/><D124/><U120/><E127/><V83/><F59/><W108/><G108/><T49/><D135/><U5/><E120/><V85/><F96/><N who="3" m="59527" /><G104/><T9/><D14/><U35/><E35/><V86/><F85/><N who="3" m="52719" /><G72/><T99/><D99/><U11/><E106/><V102/><F102/><W79/><G56/><T64/><D81/><U61/><E89/><V34/><F34/><W73/><G73/><T51/><D121/><U30/><E30/><V16/><REACH who="2" step="1"/><F31/><REACH who="2" ten="170,250,240,330" step="2"/><W27/><AGARI ba="0,1" hai="8,13,19,25,27,76,78,79" m="52719,59527" machi="27" ten="30,1100,0" yaku="8,1" doraHai="33" who="3" fromWho="3" sc="170,-3,250,-5,240,-3,330,21" /><INIT seed="2,0,0,5,4,100" ten="167,245,237,351" oya="2" hai0="21,119,83,92,54,87,108,47,94,75,132,44,102" hai1="114,42,133,11,3,2,32,124,15,50,80,90,70" hai2="77,89,16,74,48,134,17,117,29,68,106,51,4" hai3="127,34,0,56,55,28,62,30,95,120,71,104,78"/><V13/><F117/><W19/><G120/><T27/><D75/><U129/><E32/><V37/><F37/><W99/><G127/><T5/><D108/><U25/><E70/><V113/><F113/><W103/><G0/><T105/><D132/><U45/><E114/><V110/><F68/><W85/><G71/><T52/><D119/><U96/><E124/><V86/><F134/><W7/><G7/><T1/><D1/><U22/><E133/><V135/><F135/><W14/><G34/><T9/><D47/><U128/><E80/><V112/><F112/><W125/><G125/><T118/><D118/><U8/><E90/><V58/><F110/><W18/><G18/><N who="2" m="7273" /><F106/><W33/><G33/><T82/><D82/><U126/><E126/><V39/><F39/><W26/><G26/><T35/><D35/><U101/><E3/><V88/><F29/><W20/><REACH who="3" step="1"/><G78/><REACH who="3" ten="167,245,237,341" step="2"/><T121/><D121/><U93/><E2/><V69/><F69/><W79/><G79/><T6/><D6/><U84/><E15/><V131/><F131/><W10/><G10/><T53/><D9/><U49/><E11/><N who="2" m="4327" /><F74/><W66/><G66/><T98/><D5/><U116/><E116/><V72/><F72/><W38/><G38/><T65/><D65/><U36/><E8/><V57/><F77/><W122/><G122/><T97/><D27/><U63/><E128/><V81/><F89/><AGARI ba="0,1" hai="14,19,20,28,30,55,56,62,85,89,95,99,103,104" machi="89" ten="40,5200,0" yaku="1,1,52,1,53,1" doraHai="100" doraHaiUra="59" who="3" fromWho="2" sc="167,0,245,0,237,-52,341,62" /><INIT seed="3,0,0,4,2,29" ten="167,245,185,403" oya="3" hai0="18,19,46,66,102,80,76,109,85,60,111,115,128" hai1="127,54,21,65,121,74,40,98,63,110,26,49,70" hai2="51,132,39,104,45,94,117,99,59,5,73,78,30" hai3="91,37,75,3,14,97,16,96,64,130,24,105,41"/><W42/><G3/><T57/><D128/><U38/><E74/><V25/><F117/><W2/><G2/><T1/><D1/><U9/><E121/><V72/><F104/><W118/><G118/><T62/><D115/><U27/><E9/><V33/><F78/><W17/><G130/><T122/><D122/><U68/><E68/><V31/><F132/><W77/><G64/><T133/><D133/><U58/><E110/><V15/><F39/><W71/><G71/><T86/><D102/><U12/><E98/><V114/><F114/><W32/><G37/><T10/><D62/><U20/><E127/><V84/><F30/><W6/><G6/><T107/><D107/><U35/><E35/><V13/><F84/><W106/><G77/><T100/><D100/><U34/><E34/><V116/><F59/><W90/><G75/><T53/><D86/><U47/><E20/><V55/><F116/><W87/><G32/><T81/><D81/><U69/><E69/><V79/><F5/><W129/><G129/><T92/><D92/><U52/><E54/><V0/><F0/><W4/><G4/><T36/><D10/><U123/><E123/><V8/><F8/><W134/><G134/><T135/><D135/><U22/><E22/><V126/><F126/><W61/><G106/><T48/><REACH who="0" step="1"/><D36/><REACH who="0" ten="157,245,185,403" step="2"/><U56/><E38/><V82/><F73/><W89/><G105/><T44/><D44/><U95/><E47/><V125/><F125/><W7/><G87/><T28/><D28/><U124/><E124/><V120/><F120/><W119/><G119/><T101/><D101/><AGARI ba="0,1" hai="13,15,25,31,33,45,51,55,72,79,82,94,99,101" machi="101" ten="30,3900,0" yaku="6,1,7,1,52,1" doraHai="29" who="2" fromWho="0" sc="157,-39,245,0,185,49,403,0" owari="118,-38.2,245,4.5,234,-16.6,403,50.3" /></mjloggm>