<mjloggm ver="2.3"><GO type="225" lobby="0"/><UN n0="%EF%BC%94%36" n1="%E3%81%A9%E3%82%93%E3%82%88%E3%81%8F%4D%6B%2E%32" n2="%61%6D%65%6B%69" n3="%E3%83%81%E3%83%AF%E3%83%AF%E9%9A%8A%E9%95%B7" dan="16,16,16,17" rate="2039.44,2161.06,2078.59,2217.91" sx="M,M,M,M"/><TAIKYOKU oya="0"/><INIT seed="0,0,0,1,0,71" ten="250,250,250,250" oya="0" hai0="22,61,75,32,55,114,97,20,110,101,51,49,113" hai1="12,73,18,33,66,96,116,92,131,69,25,127,135" hai2="17,72,42,26,30,129,78,112,85,57,2,47,63" hai3="120,88,126,109,44,60,35,77,9,124,133,45,91"/><T99/><D32/><U86/><E73/><V0/><F112/><W100/><G35/><T76/><D75/><U117/><E127/><N who="3" m="48682" /><G109/><T111/><D76/><U23/><E131/><V52/><F129/><W122/><G133/><T128/><D61/><U50/><E135/><V34/><F17/><W134/><G134/><T105/><D128/><U5/><E86/><V37/><REACH who="2" step="1"/><F72/><REACH who="2" ten="250,250,240,250" step="2"/><W93/><G122/><T74/><D74/><U6/><E18/><V4/><F4/><W8/><G120/><T89/><D114/><U1/><E5/><V108/><F108/><N who="0" m="41514" /><D113/><U84/><E6/><V19/><F19/><W106/><G106/><T94/><D51/><U16/><E16/><V15/><F15/><W95/><G60/><T56/><AGARI ba="0,1" hai="20,22,49,55,56,89,94,97,99,101,105" m="41514" machi="56" ten="30,3000,0" yaku="14,1,10,1" doraHai="71" who="0" fromWho="0" sc="250,40,250,-10,240,-10,250,-10" /><INIT seed="0,1,0,3,4,106" ten="290,240,230,240" oya="0" hai0="74,110,10,95,114,33,40,41,78,129,124,1,82" hai1="26,45,49,80,65,76,123,117,134,99,126,89,88" hai2="66,101,135,2,87,120,112,61,108,13,98,119,62" hai3="3,92,35,93,127,39,5,4,60,51,37,21,50"/><T125/><D33/><U107/><E123/><V118/><F2/><W47/><G35/><T20/><D114/><U71/><E117/><N who="2" m="44555" /><F120/><W128/><G128/><T38/><D129/><U64/><E126/><N who="0" m="48745" /><D110/><U105/><E134/><V130/><F112/><W109/><G109/><T73/><D95/><U111/><E111/><V16/><F135/><W29/><G127/><T94/><D94/><U17/><E71/><V24/><F130/><W19/><G29/><T121/><D121/><U25/><E99/><V48/><F87/><W55/><G3/><T34/><D34/><U67/><E105/><N who="2" m="63671" /><F24/><W53/><G60/><N who="2" m="23145" /><F108/><W59/><G37/><T102/><D102/><U68/><E107/><V79/><F79/><W57/><G39/><T44/><D40/><U32/><E68/><V54/><F66/><W133/><G133/><T18/><D10/><U14/><E32/><V104/><F104/><W6/><REACH who="3" step="1"/><G47/><REACH who="3" ten="290,240,230,230" step="2"/><T81/><D1/><U46/><E46/><V22/><F48/><W15/><AGARI ba="1,1" hai="4,5,6,15,19,21,50,51,53,55,57,59,92,93" machi="15" ten="30,8000,1" yaku="1,1,2,1,0,1,9,1,8,1,53,0" doraHai="106" doraHaiUra="132" who="3" fromWho="3" sc="290,-41,240,-21,230,-21,230,93" /><INIT seed="1,0,0,0,5,119" ten="249,219,209,323" oya="1" hai0="97,84,94,2,61,106,63,78,83,58,102,62,113" hai1="11,24,39,74,42,64,3,116,22,114,117,71,108" hai2="86,47,133,70,41,99,129,27,43,90,79,80,67" hai3="131,82,36,0,95,98,37,31,88,55,100,9,44"/><U16/><E114/><V12/><F129/><W26/><G131/><T59/><D2/><U92/><E74/><V66/><F133/><W75/><G44/><T132/><D113/><U28/><E108/><V122/><F70/><W118/><G118/><T14/><D132/><U105/><E105/><V109/><F109/><W69/><G69/><T107/><D14/><U7/><E39/><V115/><F115/><W46/><G46/><T45/><D45/><U101/><E42/><V126/><F126/><W135/><G135/><T8/><D8/><U50/><E50/><V20/><F12/><W81/><G55/><T65/><REACH who="0" step="1"/><D62/><REACH who="0" ten="239,219,209,323" step="2"/><U121/><E121/><V111/><F111/><W73/><G0/><T104/><D104/><U110/><E110/><V38/><F43/><W96/><G9/><T112/><D112/><U33/><E116/><V120/><F67/><AGARI ba="0,1" hai="58,59,61,63,65,67,78,83,84,94,97,102,106,107" machi="67" ten="30,3900,0" yaku="1,1,7,1,9,1,53,0" doraHai="119" doraHaiUra="25" who="0" fromWho="2" sc="239,49,219,0,209,-39,323,0" /><INIT seed="2,0,0,4,2,20" ten="288,219,170,323" oya="2" hai0="59,46,67,74,124,93,32,119,4,58,26,90,109" hai1="103,127,134,3,92,94,88,112,19,47,69,27,77" hai2="1,73,97,43,104,121,133,116,128,36,10,2,53" hai3="45,107,115,11,37,28,76,31,84,91,56,14,117"/><V82/><F116/><W29/><G117/><T70/><D74/><U86/><E69/><V120/><F128/><W114/><G107/><T18/><D119/><U101/><E3/><V25/><F25/><W129/><G129/><T63/><D124/><U16/><E127/><V12/><F53/><W51/><G37/><T6/><D46/><U81/><E112/><N who="3" m="43050" /><G56/><T123/><D123/><U72/><E134/><V40/><F133/><W34/><G76/><T80/><D80/><U55/><E94/><V5/><F2/><W21/><G34/><T7/><D109/><U111/><E111/><V15/><F120/><W100/><G100/><T57/><D32/><U85/><E72/><V35/><F35/><W87/><G21/><N who="0" m="13623" /><D70/><U50/><E19/><V30/><F30/><W83/><G87/><AGARI ba="0,0" hai="4,6,7,57,58,59,63,67,87,90,93" m="13623" machi="87" ten="30,2000,0" yaku="8,1,52,1" doraHai="20" who="0" fromWho="3" sc="288,20,219,0,170,0,323,-20" /><INIT seed="3,0,0,2,4,130" ten="308,219,170,303" oya="3" hai0="122,95,80,26,77,6,98,74,38,60,68,115,99" hai1="105,82,75,47,59,48,71,42,107,125,128,15,83" hai2="45,58,116,33,12,30,23,78,17,25,119,131,28" hai3="92,16,96,106,51,120,100,65,101,69,44,55,67"/><W124/><G120/><T121/><D38/><U123/><E71/><V14/><F78/><W118/><G118/><T2/><D6/><U43/><E43/><V129/><F58/><W102/><G124/><T8/><D2/><U3/><E3/><V111/><F45/><W73/><G73/><T52/><D8/><U5/><E125/><V11/><F111/><W9/><G69/><T90/><D99/><U57/><E123/><V85/><F85/><W61/><G106/><T81/><D115/><U34/><E34/><V114/><F114/><W109/><G109/><T1/><D1/><U24/><E128/><N who="2" m="49227" /><F30/><W49/><G49/><T31/><D81/><N who="1" m="30731" /><E75/><V29/><F29/><W35/><G61/><T64/><D52/><U53/><E107/><V40/><F40/><W46/><G46/><T87/><D74/><U135/><E105/><V18/><AGARI ba="0,0" hai="11,12,14,17,18,23,25,28,33,116,119" m="49227" machi="18" ten="30,4000,0" yaku="19,1,34,2" doraHai="130" who="2" fromWho="2" sc="308,-10,219,-10,170,40,303,-20" /><INIT seed="4,0,0,0,0,4" ten="298,209,210,283" oya="0" hai0="54,108,85,10,8,18,23,112,84,55,82,61,6" hai1="89,16,118,35,2,70,79,33,52,7,122,81,39" hai2="22,43,71,99,114,135,5,3,66,127,46,126,75" hai3="77,111,72,26,62,102,117,110,134,91,63,29,96"/><T49/><D108/><U124/><E118/><V13/><F75/><W19/><G117/><T40/><D112/><U30/><E122/><V1/><F114/><W121/><G121/><T50/><D40/><U120/><E39/><V116/><F116/><W57/><G134/><T14/><D85/><U21/><E70/><V64/><F135/><W53/><G91/><T48/><D61/><U25/><E89/><V32/><F32/><W107/><G19/><T44/><D6/><U95/><E95/><V56/><F71/><W20/><REACH who="3" step="1"/><G62/><REACH who="3" ten="298,209,210,273" step="2"/><T115/><D115/><U103/><E120/><V109/><F109/><W42/><G42/><T93/><D93/><U100/><E124/><V38/><F127/><W113/><G113/><T92/><D92/><U87/><E52/><N who="0" m="20009" /><D44/><U9/><REACH who="1" step="1"/><E35/><REACH who="1" ten="298,199,210,273" step="2"/><V51/><F126/><W45/><G45/><T90/><AGARI ba="0,2" hai="8,10,14,18,23,48,49,50,82,84,90" m="20009" machi="90" ten="30,11700,0" yaku="8,1,52,2,54,1" doraHai="4" who="0" fromWho="0" sc="298,137,199,-39,210,-39,273,-39" owari="435,53.5,160,-34.0,171,-22.9,234,3.4" /></mjloggm>