<mjloggm ver="2.3"><GO type="225" lobby="0"/><UN n0="%E3%82%82%E3%81%90%E3%82%89" n1="%6D%75%75%6D%75%72%61" n2="%E5%AE%AE%E4%BF%9D%E9%B6%8F%E8%82%89" n3="%E3%81%95%E3%81%8D%E3%81%9F%E3%81%BE%E6%9E%97%E6%AA%8E" dan="16,16,16,16" rate="2187.02,2138.01,2147.88,2129.07" sx="M,F,M,M"/><TAIKYOKU oya="0"/><INIT seed="0,0,0,2,3,109" ten="250,250,250,250" oya="0" hai0="17,37,45,29,88,76,31,79,40,92,123,20,74" hai1="52,69,77,97,117,105,70,39,127,66,89,130,43" hai2="8,65,81,33,72,122,2,124,62,32,53,71,51" hai3="67,106,96,91,75,35,120,1,93,135,23,58,24"/><T36/><D123/><U102/><E117/><V60/><F122/><W85/><G135/><T38/><D31/><U98/><E130/><V108/><F108/><W114/><G114/><T22/><D29/><U25/><E127/><V73/><F124/><W107/><G75/><T121/><D22/><U126/><E126/><V10/><F62/><W26/><G1/><T129/><D121/><U103/><E77/><V100/><F100/><W4/><G4/><T131/><D131/><U90/><E25/><V49/><F49/><W113/><G113/><T30/><D30/><U82/><E66/><V116/><F116/><W111/><G35/><T64/><D64/><U56/><E43/><V86/><F73/><W133/><G26/><T80/><D79/><U18/><E39/><V27/><F72/><W11/><G11/><T119/><D119/><U101/><E18/><V57/><F27/><W59/><G59/><T13/><REACH who="0" step="1"/><D129/><REACH who="0" ten="240,250,250,250" step="2"/><U83/><E70/><V42/><F32/><W14/><G120/><T44/><D44/><U78/><E69/><V28/><F28/><W134/><G23/><T128/><D128/><U16/><E78/><N who="2" m="46391" /><F33/><W118/><G118/><T3/><D3/><U99/><E105/><V112/><F2/><W61/><G107/><T47/><D47/><U46/><E46/><N who="2" m="26071" /><F112/><W0/><G0/><T84/><AGARI ba="0,1" hai="13,17,20,36,37,38,40,45,74,76,80,84,88,92" machi="84" ten="20,7800,0" yaku="1,1,0,1,7,1,54,1,53,0" doraHai="109" doraHaiUra="55" who="0" fromWho="0" sc="240,88,250,-26,250,-26,250,-26" /><INIT seed="0,1,0,0,3,31" ten="328,224,224,224" oya="0" hai0="103,121,94,132,110,67,135,34,0,27,124,74,52" hai1="82,98,76,12,125,101,37,2,10,108,59,73,1" hai2="64,77,104,84,68,45,122,44,61,70,19,21,97" hai3="23,107,11,42,6,109,83,105,100,20,50,17,49"/><T123/><D0/><U89/><E108/><V91/><F122/><W113/><G109/><T18/><D74/><U55/><E125/><V81/><F68/><W129/><G129/><T9/><D110/><U24/><E37/><V66/><F64/><W26/><G113/><T38/><D38/><U63/><E89/><V65/><F66/><W75/><G23/><T47/><D67/><U117/><E24/><V71/><F71/><W95/><G107/><T102/><D9/><U40/><E40/><V72/><F97/><W51/><G105/><T36/><D36/><U35/><E35/><V58/><F70/><W25/><G25/><T43/><D43/><U14/><E14/><V126/><F104/><W78/><G100/><T130/><D103/><U128/><E117/><V32/><F32/><W79/><G79/><T115/><D115/><U133/><E133/><N who="0" m="51273" /><D130/><U80/><E80/><V114/><F126/><W127/><G95/><T106/><D106/><U41/><E41/><V46/><F114/><W8/><G8/><T5/><D5/><U60/><E128/><V62/><F62/><W112/><G112/><T111/><D124/><U7/><E63/><V56/><F61/><W90/><G127/><T99/><D111/><U39/><E39/><V30/><F65/><W28/><G42/><T118/><D118/><U120/><E120/><V69/><F69/><W29/><G90/><T22/><D34/><U15/><E1/><V4/><F4/><W48/><N who="3" m="12288" /><DORA hai="85" /><W134/><REACH who="3" step="1"/><G134/><REACH who="3" ten="328,224,224,214" step="2"/><T57/><D47/><U93/><AGARI ba="1,1" hai="2,7,10,12,15,55,59,60,73,76,82,93,98,101" machi="93" ten="20,1500,0" yaku="0,1,7,1" doraHai="31,85" who="1" fromWho="1" sc="328,-8,224,28,224,-5,214,-5" /><INIT seed="1,0,0,5,1,24" ten="320,252,219,209" oya="1" hai0="10,5,84,3,74,83,60,57,103,94,100,38,63" hai1="21,107,112,47,126,88,134,11,17,51,0,4,76" hai2="34,22,97,27,66,64,78,98,69,55,102,9,32" hai3="133,80,58,41,36,114,65,119,101,8,121,125,95"/><U16/><E112/><V6/><F78/><W14/><G114/><T93/><D38/><U124/><E107/><V120/><F120/><W90/><G121/><T92/><D74/><U23/><E76/><V71/><F55/><W135/><G125/><N who="1" m="48234" /><E134/><N who="3" m="51210" /><G119/><T79/><REACH who="0" step="1"/><D63/><REACH who="0" ten="310,252,219,209" step="2"/><U108/><E108/><V130/><F130/><W30/><G36/><T104/><D104/><U61/><E61/><V25/><F69/><W85/><G41/><T52/><AGARI ba="0,1" hai="3,5,10,52,57,60,79,83,84,92,93,94,100,103" machi="52" ten="30,12000,2" yaku="1,1,0,1,54,1,53,3" doraHai="24" doraHaiUra="89" who="0" fromWho="0" sc="310,130,252,-60,219,-30,209,-30" /><INIT seed="2,0,0,2,3,112" ten="440,192,189,179" oya="2" hai0="14,70,132,77,46,28,51,67,2,16,104,66,63" hai1="53,15,42,25,41,3,110,32,88,130,7,4,68" hai2="43,69,44,96,98,92,56,52,35,13,131,111,76" hai3="58,99,29,55,135,115,84,90,62,73,87,40,61"/><V79/><F69/><W26/><G135/><T126/><D104/><U106/><E3/><V0/><F0/><W64/><G73/><T93/><D132/><U9/><E106/><V17/><F35/><W5/><G115/><T85/><D126/><U72/><E72/><V95/><F131/><W71/><G40/><T101/><D2/><U100/><E68/><V59/><F111/><W57/><G71/><T78/><D28/><U118/><E118/><V6/><F6/><W47/><G47/><T80/><D77/><U116/><E116/><V39/><F59/><W124/><G124/><T75/><D63/><U108/><E130/><V117/><F92/><W21/><G5/><T10/><D70/><U102/><E4/><V20/><F117/><W91/><G91/><T33/><D33/><U1/><E1/><V49/><REACH who="2" step="1"/><F98/><REACH who="2" ten="440,192,179,179" step="2"/><W133/><G133/><T74/><D74/><U48/><E108/><V83/><F83/><W105/><G105/><T22/><D75/><U45/><E110/><V129/><F129/><W89/><G89/><AGARI ba="0,1" hai="13,17,20,39,43,44,49,52,56,76,79,89,95,96" machi="89" ten="30,5800,0" yaku="1,1,7,1,54,1,53,0" doraHai="112" doraHaiUra="23" who="2" fromWho="3" sc="440,0,192,0,179,68,179,-58" /><INIT seed="2,1,0,0,5,60" ten="440,192,247,121" oya="2" hai0="39,87,131,47,19,58,32,132,102,123,43,59,90" hai1="114,4,57,46,80,128,70,35,74,66,53,12,69" hai2="120,3,76,93,96,119,72,75,130,33,111,127,89" hai3="11,97,133,101,124,28,62,24,116,129,48,98,73"/><V21/><F33/><W34/><G116/><T15/><D123/><U27/><E114/><V109/><F3/><W23/><G133/><T6/><D132/><U17/><E128/><V36/><F36/><W52/><G129/><T0/><D32/><U8/><E46/><V50/><F130/><W14/><G124/><T95/><D131/><U49/><E66/><V92/><F50/><W117/><G73/><N who="2" m="28233" /><F21/><W68/><G117/><T26/><D26/><U64/><E64/><V1/><F1/><W134/><G134/><T41/><D41/><U84/><E74/><V22/><F22/><W126/><G126/><T55/><D55/><U10/><E10/><V54/><F54/><W18/><G97/><T65/><D65/><U42/><E42/><V45/><F76/><W107/><G23/><T71/><D43/><U5/><E70/><V2/><F45/><W88/><G88/><T79/><D90/><U37/><E37/><V82/><F82/><W56/><REACH who="3" step="1"/><G68/><REACH who="3" ten="440,192,247,111" step="2"/><T63/><D71/><U61/><E69/><V30/><F119/><W13/><G13/><T29/><D15/><U105/><E35/><V94/><F127/><W78/><G78/><T110/><D79/><U106/><E12/><V81/><F2/><W67/><G67/><T113/><D0/><U100/><E100/><N who="2" m="60423" /><F120/><W7/><G7/><T77/><D6/><U122/><E122/><V91/><F91/><W25/><G25/><T83/><D77/><N who="1" m="46095" /><E4/><V9/><F89/><W20/><G20/><T121/><D102/><U99/><E27/><V51/><F81/><W44/><G44/><T112/><D121/><RYUUKYOKU ba="1,1" sc="440,-10,192,-10,247,-10,111,30" hai3="11,14,18,24,28,34,48,52,56,62,98,101,107" /><INIT seed="3,2,1,1,5,43" ten="430,182,237,141" oya="3" hai0="15,89,29,18,130,127,81,108,36,119,62,34,11" hai1="50,109,117,129,1,80,27,112,110,131,88,4,82" hai2="106,8,121,100,19,67,115,17,125,91,77,60,20" hai3="72,98,7,68,49,93,75,103,12,51,118,22,46"/><W122/><G118/><T57/><D119/><U95/><E117/><V104/><F115/><W78/><G122/><T16/><D36/><U105/><E105/><V85/><F77/><W2/><G2/><T25/><D130/><N who="1" m="49675" /><E112/><V31/><F100/><W3/><G3/><T94/><D108/><N who="1" m="41579" /><E27/><V99/><F99/><W92/><G68/><T96/><D81/><U30/><E30/><V32/><F32/><W133/><G133/><T21/><D127/><U42/><E42/><V48/><F48/><W90/><G51/><T35/><D18/><U13/><E50/><V41/><F41/><W120/><G120/><T52/><AGARI ba="2,1" hai="11,15,16,21,25,29,34,35,52,57,62,89,94,96" machi="52" ten="20,5200,0" yaku="0,1,7,1,54,2" doraHai="43" who="0" fromWho="0" sc="430,68,182,-15,237,-15,141,-28" owari="498,59.8,167,-23.3,222,2.2,113,-38.7" /></mjloggm>