<mjloggm ver="2.3"><GO type="225" lobby="0"/><UN n0="%E3%81%B2%E3%81%AA%E3%81%AE%E3%82%8A%E3%81%8F" n1="%E3%83%AD%E3%83%83%E3%83%86%E9%9B%80%E7%90%83" n2="%E7%AD%89%E3%80%85%E5%8A%9B%E5%8A%87%E5%A0%B4" n3="%E3%81%91%E3%83%BC%E3%81%9E%E3%81%88" dan="17,17,16,16" rate="2198.08,2254.42,2160.67,2173.14" sx="M,M,M,M"/><TAIKYOKU oya="0"/><INIT seed="0,0,0,5,4,92" ten="250,250,250,250" oya="0" hai0="81,65,125,3,17,77,116,9,41,114,31,4,135" hai1="43,53,110,0,52,20,101,71,85,127,97,111,28" hai2="100,131,118,104,88,103,19,5,121,129,108,83,117" hai3="90,130,26,123,7,78,93,10,30,8,106,80,76"/><T119/><D114/><U51/><E71/><V15/><F5/><W112/><G130/><N who="2" m="49673" /><F121/><W82/><G106/><T133/><D41/><U63/><E0/><V32/><F32/><W79/><G112/><T48/><D65/><U128/><E128/><V42/><F42/><W14/><G123/><T56/><D31/><U2/><E2/><V58/><F58/><W40/><G10/><T134/><D125/><U74/><E74/><V109/><F19/><W12/><G12/><T99/><D17/><U1/><E1/><V91/><F15/><W60/><G60/><T37/><D37/><U70/><E85/><N who="2" m="50239" /><F91/><W55/><G55/><N who="0" m="31847" /><D99/><U46/><E127/><V66/><F66/><W59/><G59/><T89/><D89/><U62/><E70/><V94/><F104/><W24/><G40/><T34/><D34/><U107/><E53/><V33/><F33/><W18/><G18/><T35/><D35/><U38/><E63/><V6/><F6/><W21/><REACH who="3" step="1"/><G26/><REACH who="3" ten="250,250,250,240" step="2"/><T45/><D45/><U115/><E62/><V29/><F29/><W95/><G95/><T132/><D132/><U49/><E115/><V68/><F68/><W64/><G64/><T22/><D22/><U50/><E52/><V126/><F126/><W87/><AGARI ba="0,1" hai="7,8,14,21,24,30,76,78,79,80,82,87,90,93" machi="87" ten="30,7900,0" yaku="1,1,0,1,8,1,53,1" doraHai="92" doraHaiUra="25" who="3" fromWho="3" sc="250,-39,250,-20,250,-20,240,89" /><INIT seed="1,0,0,2,4,121" ten="211,230,230,329" oya="1" hai0="66,80,123,42,2,26,112,25,40,10,16,3,38" hai1="20,53,84,36,27,97,85,24,30,70,14,110,21" hai2="91,87,43,133,1,107,135,89,0,79,34,49,46" hai3="131,78,48,33,37,9,8,68,6,95,64,132,4"/><U114/><E114/><V113/><F34/><W60/><G37/><T90/><D112/><U109/><E70/><V44/><F113/><W12/><G33/><T67/><D123/><U86/><E36/><V17/><F107/><W52/><G131/><T31/><D38/><U128/><E128/><V83/><F17/><W125/><G132/><N who="2" m="50761" /><F46/><W18/><G125/><T101/><D101/><U116/><E116/><V63/><F63/><W65/><G65/><T75/><D10/><U7/><E53/><V106/><F106/><W28/><G28/><T124/><D124/><U62/><E62/><V32/><F32/><W126/><G126/><T127/><D127/><U81/><E97/><V11/><F11/><W61/><G61/><T130/><D130/><U57/><E57/><V47/><F47/><W56/><G78/><T58/><D58/><U69/><E69/><V54/><F54/><W94/><G18/><T71/><D71/><U22/><E81/><V102/><F102/><W5/><G5/><T73/><D80/><U98/><E98/><V105/><F105/><W74/><G74/><T88/><REACH who="0" step="1"/><D16/><REACH who="0" ten="201,230,230,329" step="2"/><N who="1" m="10263" /><E7/><V76/><F76/><W77/><G77/><T108/><D108/><N who="1" m="41579" /><E27/><V41/><F83/><W13/><AGARI ba="0,1" hai="4,6,8,9,12,13,48,52,56,60,64,68,94,95" machi="13" ten="20,5200,0" yaku="0,1,7,1,9,1,54,1" doraHai="121" who="3" fromWho="3" sc="201,-13,230,-26,230,-13,329,62" /><INIT seed="2,0,0,3,3,44" ten="188,204,217,391" oya="2" hai0="101,7,47,14,2,38,51,67,13,82,21,80,114" hai1="103,40,0,20,5,89,117,113,52,95,92,116,134" hai2="93,76,46,129,115,84,11,18,10,57,55,30,63" hai3="4,39,128,19,125,59,81,62,70,85,75,131,130"/><V108/><F115/><W54/><G125/><T32/><D32/><U71/><E113/><V118/><F118/><W91/><G39/><T99/><D38/><U45/><E71/><V64/><F129/><W35/><G35/><T27/><D114/><U90/><E134/><V104/><F104/><W42/><G4/><T74/><D2/><U58/><E103/><V56/><F108/><W109/><G109/><T79/><D67/><U65/><E65/><V127/><F127/><W17/><G70/><T6/><D82/><U1/><E20/><V87/><F30/><W124/><G124/><T122/><D6/><U41/><E5/><V31/><F31/><W121/><G121/><T28/><D7/><U133/><E45/><V120/><F120/><W78/><G42/><T37/><D37/><U72/><E72/><V86/><F46/><W3/><G3/><T16/><D28/><U60/><E60/><V132/><F132/><W29/><G29/><T61/><D61/><U25/><E133/><V49/><F76/><W23/><G23/><T50/><D122/><U8/><E8/><N who="2" m="3115" /><F18/><W83/><AGARI ba="0,0" hai="17,19,54,59,62,75,78,81,83,85,91,128,130,131" machi="83" ten="40,2700,0" yaku="0,1,19,1" doraHai="44" who="3" fromWho="3" sc="188,-7,204,-7,217,-13,391,27" /><INIT seed="3,0,0,0,4,118" ten="181,197,204,418" oya="3" hai0="21,19,30,59,89,53,8,50,134,9,33,108,96" hai1="80,133,12,68,116,6,132,60,29,117,32,5,15" hai2="98,107,69,88,57,97,3,11,51,25,31,120,14" hai3="102,61,81,47,42,94,38,86,56,121,10,114,95"/><W77/><G121/><T110/><D134/><N who="1" m="51819" /><E80/><V58/><F3/><W4/><G114/><T72/><D72/><U130/><E130/><V100/><F69/><W24/><G102/><T41/><D41/><U2/><E29/><V84/><F98/><W111/><G24/><T71/><D71/><U109/><E32/><V123/><F51/><W76/><G76/><T48/><D33/><U106/><E106/><V125/><F125/><W17/><G17/><T113/><D30/><U28/><E28/><V1/><F1/><W103/><G103/><T22/><D113/><U79/><E79/><V43/><F43/><W92/><G92/><T75/><D75/><U7/><E109/><V70/><F70/><W124/><G124/><T44/><D110/><U129/><E2/><V99/><F99/><W83/><G83/><T90/><D108/><U66/><E129/><V127/><F127/><W85/><G85/><T27/><D22/><U26/><E26/><V115/><F115/><W0/><G111/><T20/><D21/><U35/><E35/><V40/><F40/><W104/><G104/><T73/><D73/><U128/><E128/><V67/><F25/><W18/><G18/><T39/><D39/><U49/><E49/><V13/><F31/><W65/><AGARI ba="0,0" hai="0,4,10,38,42,47,56,61,65,77,81,86,94,95" machi="65" ten="20,2100,0" yaku="0,1,7,1" doraHai="118" who="3" fromWho="3" sc="181,-7,197,-7,204,-7,418,21" owari="174,-32.6,190,-21.0,197,-0.3,439,53.9" /></mjloggm>