<mjloggm ver="2.3"><GO type="225" lobby="0"/><UN n0="%E3%82%A2%E3%83%BC%E3%83%A2%E3%83%AD%E3%83%BC%E3%83%B4%E3%82%A1" n1="%E3%83%A9%E3%83%BC%E3%83%A1%E3%83%B3%E4%BA%94%E9%83%8E" n2="%E3%83%AB%E3%83%9B%E3%83%B3%E3%83%87%E3%82%A3%E3%82%A8" n3="%E2%98%86%E5%AD%AB%E7%87%95%E5%A7%BF%E2%98%86" dan="16,16,17,16" rate="2101.78,2089.67,2191.30,2185.00" sx="M,M,M,M"/><TAIKYOKU oya="0"/><INIT seed="0,0,0,1,3,61" ten="250,250,250,250" oya="0" hai0="25,53,131,31,72,103,106,126,105,57,77,1,89" hai1="49,87,54,88,20,32,123,6,67,50,26,12,28" hai2="132,19,36,68,70,127,118,100,56,120,24,51,133" hai3="81,59,40,109,47,93,75,91,114,4,33,84,83"/><T82/><D131/><U8/><E123/><V21/><F36/><W78/><G109/><T64/><D126/><U48/><E32/><V37/><F37/><W23/><G33/><T29/><D1/><U107/><E107/><V95/><F120/><W60/><G114/><T86/><D64/><U46/><REACH who="1" step="1"/><E67/><REACH who="1" ten="250,240,250,250" step="2"/><V13/><F132/><W110/><G110/><T2/><D106/><U80/><AGARI ba="0,1" hai="6,8,12,20,26,28,46,48,49,50,54,80,87,88" machi="80" ten="20,12000,2" yaku="1,1,2,1,0,1,7,1,8,1,54,1,53,0" doraHai="61" doraHaiUra="112" who="1" fromWho="1" sc="250,-60,240,130,250,-30,250,-30" /><INIT seed="1,0,0,2,0,109" ten="190,370,220,220" oya="1" hai0="96,114,28,41,104,85,81,15,133,124,125,22,94" hai1="50,67,135,110,119,108,40,13,91,77,52,83,63" hai2="72,128,25,16,127,117,126,121,17,20,29,58,80" hai3="0,19,99,106,107,65,11,62,134,93,59,73,103"/><U131/><E119/><V10/><F72/><W112/><G73/><T3/><D3/><U129/><E135/><V97/><F80/><W27/><G134/><T7/><D133/><U36/><E91/><V2/><F97/><W95/><G112/><T32/><D104/><U98/><E98/><V48/><F58/><W24/><G106/><T1/><D41/><U68/><E13/><V64/><F48/><W76/><G76/><T87/><D1/><U82/><E82/><V26/><F64/><W86/><G107/><T53/><D32/><U44/><E83/><V34/><F117/><W123/><G123/><T8/><D53/><U61/><E61/><V92/><F92/><W74/><G74/><T6/><D6/><U75/><E77/><V4/><F121/><W90/><REACH who="3" step="1"/><G19/><REACH who="3" ten="190,370,220,210" step="2"/><T111/><D114/><U30/><E75/><V84/><F128/><N who="1" m="49225" /><E30/><N who="2" m="19791" /><F84/><W37/><G37/><T70/><D85/><U130/><E130/><V38/><F38/><W55/><G55/><T78/><D87/><U60/><E60/><V45/><F45/><AGARI ba="0,1" hai="36,40,44,45,50,52,63,67,68,108,110" m="49225" machi="45" ten="30,11600,0" yaku="19,1,34,2,54,1" doraHai="109" who="1" fromWho="2" sc="190,0,370,126,220,-116,210,0" /><INIT seed="1,1,0,3,2,0" ten="190,496,104,210" oya="1" hai0="5,27,1,45,69,67,129,40,37,64,52,130,13" hai1="87,93,25,103,92,72,62,117,18,113,81,135,60" hai2="31,132,12,100,86,108,105,14,36,24,94,58,56" hai3="74,29,11,6,59,16,35,128,23,7,39,101,124"/><U21/><E113/><V55/><F108/><W8/><G39/><T73/><D73/><U97/><E117/><V76/><F132/><W134/><G74/><T28/><D1/><U83/><E135/><V2/><F36/><W91/><G134/><T98/><D98/><U3/><E3/><V43/><F2/><W127/><G101/><T30/><D52/><U89/><E72/><V4/><F43/><W126/><G128/><N who="0" m="49259" /><D69/><U118/><E118/><V26/><F105/><W123/><G123/><T106/><D106/><U109/><E109/><V102/><F76/><W19/><G59/><T121/><D121/><U61/><AGARI ba="1,0" hai="18,21,25,60,61,62,81,83,87,89,92,93,97,103" machi="61" ten="30,3000,0" yaku="0,1,8,1" doraHai="0" who="1" fromWho="1" sc="190,-11,496,33,104,-11,210,-11" /><INIT seed="1,2,0,4,2,99" ten="179,529,93,199" oya="1" hai0="79,92,80,10,66,76,94,46,123,30,3,71,131" hai1="48,128,86,51,5,75,27,93,83,69,59,105,89" hai2="133,26,40,84,17,58,45,15,38,60,90,8,126" hai3="39,31,103,23,115,124,57,118,72,25,32,54,127"/><U70/><E105/><V132/><F126/><N who="3" m="48171" /><G115/><T63/><D131/><U130/><E5/><V18/><F26/><W16/><G39/><T121/><D30/><U47/><E27/><V96/><F18/><W22/><G72/><T120/><D46/><U9/><E9/><V65/><REACH who="2" step="1"/><F96/><REACH who="2" ten="179,529,83,199" step="2"/><W85/><G16/><T1/><D76/><N who="1" m="44447" /><E130/><V107/><F107/><W134/><G25/><T2/><REACH who="0" step="1"/><D10/><REACH who="0" ten="169,529,83,199" step="2"/><U64/><E128/><V101/><F101/><W116/><G103/><T82/><D82/><AGARI ba="2,2" hai="8,15,17,38,40,45,58,60,65,82,84,90,132,133" machi="82" ten="40,2600,0" yaku="1,1,53,1" doraHai="99" doraHaiUra="78" who="2" fromWho="0" sc="169,-32,529,0,83,52,199,0" /><INIT seed="2,0,0,5,0,50" ten="137,529,135,199" oya="2" hai0="115,120,105,88,78,7,56,3,48,43,8,108,74" hai1="70,41,106,98,9,97,31,81,36,10,47,101,118" hai2="72,49,59,54,18,91,73,99,94,1,52,22,34" hai3="79,64,111,60,119,85,129,26,114,90,121,95,12"/><V86/><F34/><W19/><G119/><T113/><D120/><U66/><E118/><V2/><F72/><W57/><G121/><T5/><D105/><U11/><E81/><V58/><F73/><W125/><G111/><T15/><D108/><U17/><E98/><V123/><F123/><W30/><G129/><T39/><D7/><U124/><E124/><V130/><F130/><W80/><G114/><T44/><D15/><U51/><E17/><V117/><F117/><W104/><G104/><T53/><REACH who="0" step="1"/><D88/><REACH who="0" ten="127,529,135,199" step="2"/><U61/><REACH who="1" step="1"/><E31/><REACH who="1" ten="127,519,135,199" step="2"/><V24/><F99/><W76/><G30/><T20/><D20/><U107/><E107/><V4/><F4/><W96/><G19/><T42/><D42/><U46/><E46/><V89/><F89/><W112/><G90/><T37/><D37/><AGARI ba="0,2" hai="9,10,11,36,37,41,47,51,61,66,70,97,101,106" machi="37" ten="40,1300,0" yaku="1,1,53,0" doraHai="50" doraHaiUra="29" who="1" fromWho="0" sc="127,-13,519,33,135,0,199,0" /><INIT seed="3,0,0,2,3,57" ten="114,552,135,199" oya="3" hai0="0,105,54,103,107,128,121,73,48,5,68,20,125" hai1="45,86,27,87,123,119,82,126,43,50,90,44,6" hai2="42,95,37,101,46,60,122,96,18,117,72,97,52" hai3="111,91,1,79,115,2,129,56,100,61,34,11,132"/><W10/><G61/><T81/><D121/><U85/><E123/><V104/><F117/><W71/><G56/><T33/><D33/><U92/><E126/><V23/><F72/><W4/><G91/><T77/><D125/><U109/><E109/><V16/><F122/><W47/><G47/><T28/><D128/><U124/><E124/><V120/><F120/><W17/><G100/><T64/><D0/><U65/><E65/><V113/><F113/><W74/><G79/><T19/><D5/><U14/><E27/><V83/><F83/><W80/><G80/><T53/><D28/><U32/><E32/><V30/><F30/><W21/><G74/><T9/><D9/><N who="1" m="4407" /><E119/><V15/><F18/><W8/><G132/><T78/><D78/><N who="1" m="46295" /><E45/><V39/><F39/><W55/><G55/><T116/><D116/><U88/><E90/><V49/><F60/><W94/><G94/><T36/><D36/><U67/><E67/><V89/><F37/><W134/><G71/><T133/><D133/><U12/><E12/><V25/><F15/><W131/><G134/><T110/><D110/><U84/><AGARI ba="0,0" hai="43,44,50,84,86,87,88,92" m="46295,4407" machi="84" ten="30,4000,0" yaku="25,1,8,1,54,1" doraHai="57" who="1" fromWho="1" sc="114,-10,552,40,135,-10,199,-20" owari="104,-39.6,592,69.2,125,-27.5,179,-2.1" /></mjloggm>