<mjloggm ver="2.3"><GO type="225" lobby="0"/><UN n0="%E3%83%AD%E3%83%83%E3%83%86%E9%9B%80%E7%90%83" n1="%E3%82%A2%E3%83%A1%E3%82%A2%E3%83%A9%E3%83%AC" n2="%EF%BC%AE%EF%BC%A1%EF%BC%AF%33%33%39" n3="%6D%61%74%69%67%75%73%61" dan="16,16,17,17" rate="2188.33,2043.71,2147.86,2177.38" sx="M,M,M,M"/><TAIKYOKU oya="0"/><INIT seed="0,0,0,5,3,88" ten="250,250,250,250" oya="0" hai0="11,34,40,10,118,100,22,3,101,96,36,2,111" hai1="131,21,73,48,16,39,116,76,4,49,66,58,67" hai2="94,31,47,28,134,43,59,15,63,62,27,5,122" hai3="120,18,57,30,54,114,53,86,126,106,103,69,97"/><T90/><D118/><U44/><E116/><V72/><F72/><W80/><G114/><T26/><D34/><U23/><E131/><V119/><F119/><W99/><G69/><T24/><D111/><U84/><E73/><V6/><F122/><W46/><G126/><T20/><D90/><U7/><E39/><V102/><F134/><W74/><G74/><T107/><D36/><U81/><E23/><V64/><F62/><W92/><G30/><T135/><D40/><N who="1" m="24583" /><E49/><N who="2" m="26879" /><F15/><W125/><G125/><T112/><D135/><U19/><E19/><V70/><F70/><W60/><G120/><T42/><D42/><U104/><E104/><V45/><F45/><W105/><G18/><T78/><D112/><U130/><E130/><V110/><F110/><W124/><G124/><T82/><D22/><U52/><E67/><V77/><F77/><W113/><G113/><T0/><D20/><U12/><E66/><V61/><F61/><W95/><G53/><T1/><D1/><U38/><E38/><V89/><F102/><W35/><G46/><T56/><D101/><U9/><E21/><N who="2" m="15471" /><F31/><W115/><G35/><T109/><D109/><U133/><E133/><V123/><F123/><W33/><G33/><T14/><D14/><U121/><E121/><V32/><F32/><W87/><G115/><T17/><D17/><U85/><E16/><V129/><F129/><W91/><G106/><T13/><D13/><U25/><E25/><N who="0" m="9833" /><D56/><U55/><E58/><V75/><F75/><W83/><G105/><T37/><D37/><U71/><E71/><V79/><F79/><N who="3" m="46367" /><G103/><T29/><D29/><RYUUKYOKU ba="0,0" sc="250,10,250,-30,250,10,250,10" hai0="0,2,3,10,11,78,82,96,100,107" hai2="5,6,59,63,64,89,94" hai3="54,57,60,83,87,91,92,95,97,99" /><INIT seed="0,1,0,5,1,18" ten="260,220,260,260" oya="0" hai0="132,22,64,86,30,108,95,110,131,93,102,68,41" hai1="83,128,11,36,87,27,85,7,113,53,54,0,80" hai2="15,42,35,23,33,26,97,89,62,130,24,76,34" hai3="9,21,10,115,75,14,72,43,127,124,88,134,59"/><T112/><D112/><U40/><E128/><V123/><F123/><W114/><G43/><T101/><D41/><U46/><E113/><V78/><F42/><W109/><G59/><T84/><D131/><U12/><E0/><V79/><F130/><W28/><G109/><N who="0" m="42091" /><D132/><U119/><E27/><V4/><F62/><W5/><G134/><T91/><D64/><U51/><E119/><V73/><F73/><W122/><G122/><T2/><D2/><U107/><E107/><V133/><F133/><W44/><G44/><T135/><D68/><U67/><E67/><V45/><F45/><W48/><G48/><T57/><D57/><U77/><REACH who="1" step="1"/><E36/><REACH who="1" ten="260,210,260,260" step="2"/><V31/><F26/><W52/><G115/><T106/><D135/><U81/><E81/><V49/><F49/><W61/><G114/><T47/><D106/><U37/><E37/><V99/><F15/><W69/><G14/><T29/><D47/><U90/><AGARI ba="1,1" hai="7,11,12,40,46,51,53,54,77,80,83,85,87,90" machi="90" ten="20,12000,2" yaku="1,1,0,1,7,1,25,2,8,1,53,0" doraHai="18" doraHaiUra="94" who="1" fromWho="1" sc="260,-61,210,133,260,-31,260,-31" /><INIT seed="1,0,0,2,0,21" ten="199,343,229,229" oya="1" hai0="55,43,111,133,89,128,15,12,47,10,30,32,126" hai1="35,116,74,79,134,105,38,113,112,31,94,93,40" hai2="110,61,66,71,64,16,52,23,34,67,57,87,109" hai3="95,97,125,18,68,59,114,51,129,96,115,92,103"/><U60/><E60/><V121/><F121/><W41/><G68/><T123/><D126/><U117/><E40/><V102/><F34/><W11/><G129/><T81/><D133/><U131/><E38/><V24/><F102/><W107/><G125/><T98/><D111/><N who="2" m="42506" /><F87/><W70/><G70/><AGARI ba="0,0" hai="16,23,24,52,57,61,64,66,67,70,71" m="42506" machi="70" ten="30,7700,0" yaku="14,1,52,1,54,2" doraHai="21" who="2" fromWho="3" sc="199,0,343,0,229,77,229,-77" /><INIT seed="2,0,0,1,1,26" ten="199,343,306,152" oya="2" hai0="103,127,130,89,110,44,121,41,134,101,104,28,70" hai1="54,51,66,88,113,68,17,93,3,5,53,8,63" hai2="128,56,0,96,27,30,65,61,71,119,117,34,12" hai3="92,80,43,98,85,32,81,78,100,19,84,64,48"/><V31/><F0/><W38/><G32/><T115/><D115/><U73/><E73/><V58/><F128/><W74/><G38/><T106/><D121/><U114/><E17/><V16/><F31/><W57/><G74/><T82/><D70/><U60/><E60/><V13/><F13/><W112/><G112/><T69/><D69/><U24/><E24/><V49/><F96/><W87/><G19/><T23/><D110/><U29/><E29/><V50/><F71/><W122/><G122/><T86/><D127/><U2/><E2/><V47/><F58/><W124/><G124/><T116/><D134/><U40/><E40/><V95/><F95/><W132/><G132/><T4/><D4/><U125/><E54/><V135/><F135/><W126/><G126/><T6/><D6/><U9/><E9/><V129/><F129/><W67/><G84/><T90/><D116/><U55/><E55/><V35/><F35/><W10/><G10/><T131/><D106/><U46/><E125/><V99/><F99/><AGARI ba="0,0" hai="3,5,8,46,51,53,63,66,68,88,93,99,113,114" machi="99" ten="30,2000,0" yaku="7,1,54,1" doraHai="26" who="1" fromWho="2" sc="199,0,343,20,306,-20,152,0" /><INIT seed="3,0,0,2,0,89" ten="199,363,286,152" oya="3" hai0="62,97,30,41,75,35,127,116,38,28,11,45,121" hai1="43,81,114,64,27,131,107,10,68,134,91,88,37" hai2="85,13,59,73,12,87,22,86,106,111,101,129,124" hai3="74,133,52,78,56,125,44,82,112,71,115,15,95"/><W48/><G71/><T103/><D75/><U4/><E107/><V29/><F73/><W102/><G133/><T21/><D121/><U54/><E114/><V60/><F111/><W99/><G125/><T24/><D116/><U3/><E131/><V5/><F129/><W70/><G70/><T79/><D79/><U9/><E54/><V42/><F42/><W113/><REACH who="3" step="1"/><G15/><REACH who="3" ten="199,363,286,142" step="2"/><T109/><D127/><U57/><E68/><V1/><F124/><W2/><G2/><T118/><D109/><U126/><E3/><V6/><F1/><W55/><G55/><T51/><D118/><U135/><E135/><V26/><F13/><W31/><G31/><T117/><D117/><U84/><E134/><V14/><F14/><W50/><G50/><T90/><D51/><U58/><E126/><V67/><F12/><W40/><G40/><T53/><D11/><U17/><E10/><V47/><F47/><AGARI ba="0,1" hai="44,47,48,52,56,74,78,82,95,99,102,112,113,115" machi="47" ten="40,12000,1" yaku="1,1,52,1,54,1,53,1" doraHai="89" doraHaiUra="93" who="3" fromWho="2" sc="199,0,363,0,286,-120,142,130" /><INIT seed="3,1,0,1,1,95" ten="199,363,166,272" oya="3" hai0="82,38,35,108,33,49,48,1,4,54,130,3,15" hai1="90,74,92,87,106,37,116,50,86,103,113,101,66" hai2="47,41,21,25,27,117,73,42,36,76,24,11,110" hai3="112,63,18,91,115,96,17,83,105,121,16,62,52"/><W132/><G121/><T133/><D38/><U111/><E37/><V102/><F117/><W80/><G132/><T55/><D133/><U100/><E113/><V123/><F42/><W109/><G109/><T68/><D68/><U85/><E74/><V134/><F134/><W75/><G75/><T65/><D65/><U14/><E106/><V67/><F67/><W9/><G115/><T56/><D108/><U61/><E116/><V120/><F110/><W81/><G112/><T98/><D130/><U39/><E39/><V135/><F135/><W30/><G30/><T60/><D82/><U119/><E119/><V29/><F102/><W128/><G128/><T94/><D15/><U89/><E89/><V69/><F69/><W46/><G9/><T118/><D60/><N who="3" m="23081" /><G105/><T97/><D118/><U72/><E72/><V125/><F125/><W40/><G40/><T34/><D4/><U93/><E90/><V8/><F8/><W51/><G96/><N who="0" m="36971" /><D94/><U28/><E93/><V77/><F73/><W10/><G10/><T129/><D129/><U57/><E92/><V104/><F104/><W32/><G32/><T19/><D19/><U70/><E111/><V0/><F11/><W122/><G122/><T2/><D56/><U23/><E70/><V45/><F0/><W64/><G64/><T124/><D124/><U26/><E14/><V13/><F13/><W71/><G71/><T78/><D78/><N who="2" m="30314" /><F45/><N who="3" m="27759" /><G91/><T22/><D22/><U127/><E127/><V43/><F43/><W7/><G7/><T59/><D1/><U53/><E66/><V99/><F99/><W6/><G6/><RYUUKYOKU ba="1,0" sc="199,0,363,0,166,0,272,0" hai0="2,3,33,34,35,48,49,54,55,59" hai1="23,26,28,50,53,57,61,85,86,87,100,101,103" hai2="21,24,25,27,29,36,41,47,120,123" hai3="16,17,18,46,80,81,83" /><INIT seed="3,2,0,4,0,41" ten="199,363,166,272" oya="3" hai0="73,92,114,113,20,4,48,50,76,93,122,69,129" hai1="87,118,102,49,32,126,85,45,25,60,97,34,12" hai2="103,79,80,27,9,75,111,68,124,96,112,51,77" hai3="57,47,7,52,120,62,125,99,65,123,135,64,5"/><W91/><G135/><T88/><D122/><U31/><E34/><V67/><F112/><N who="0" m="43114" /><D69/><U101/><E101/><V10/><F77/><W119/><G119/><T24/><D129/><U56/><E126/><V55/><F124/><W38/><G125/><T13/><D93/><U104/><E12/><V29/><F111/><W37/><G37/><T81/><D13/><U82/><E82/><V11/><F67/><W72/><G72/><T16/><D4/><U36/><E36/><V8/><F68/><W94/><G123/><T78/><D76/><U105/><E105/><V33/><N who="2" m="2048" /><DORA hai="115" /><V110/><F110/><W66/><G120/><T17/><D17/><U74/><E74/><V2/><F2/><W106/><G106/><T109/><D109/><U84/><E118/><V23/><F33/><W6/><G38/><T98/><AGARI ba="2,0" hai="16,20,24,48,50,73,78,81,88,92,98" m="43114" machi="98" ten="30,4000,0" yaku="11,1,54,2" doraHai="41,115" who="0" fromWho="0" sc="199,46,363,-12,166,-12,272,-22" owari="245,-15.5,351,45.1,154,-34.6,250,5.0" /></mjloggm>