<mjloggm ver="2.3"><GO type="225" lobby="0"/><UN n0="%E8%A8%88%E7%AE%97%E6%A9%9F%E8%87%AA%E7%84%B6" n1="%E9%89%A2%E5%B7%BB%E3%82%AC%E3%83%96" n2="%72%61%6B%33" n3="%E3%81%82%E3%82%93%E3%81%AA%E3%81%A4" dan="17,16,18,17" rate="2223.34,2092.61,2264.94,2172.10" sx="M,M,M,M"/><TAIKYOKU oya="0"/><INIT seed="0,0,0,4,0,76" ten="250,250,250,250" oya="0" hai0="27,53,121,52,129,111,75,43,28,40,56,31,47" hai1="38,118,124,79,88,108,45,81,90,82,21,126,3" hai2="66,50,14,99,29,98,127,134,120,6,83,54,100" hai3="115,80,41,85,65,2,67,102,24,135,106,87,59"/><T62/><D121/><U117/><E3/><V93/><F127/><N who="1" m="48681" /><E21/><V37/><F37/><W58/><G115/><T107/><D107/><U63/><E63/><V26/><F134/><W46/><G2/><T70/><D70/><U9/><E9/><V19/><F120/><W5/><G5/><T78/><D129/><U113/><E108/><V32/><F6/><W94/><G106/><T64/><D111/><U39/><E113/><V132/><F132/><W20/><G94/><T8/><D8/><U97/><E90/><V116/><F116/><N who="1" m="44649" /><E45/><V17/><F66/><W73/><G67/><T10/><D10/><U44/><E44/><V128/><F128/><W42/><G65/><T35/><D28/><U77/><E77/><V86/><F14/><W91/><G46/><T1/><D1/><U34/><E34/><V84/><F17/><W12/><G12/><T123/><D123/><U22/><E22/><V60/><F19/><W69/><G20/><T101/><D40/><U122/><E122/><V72/><F60/><W0/><G0/><T51/><REACH who="0" step="1"/><D101/><REACH who="0" ten="240,250,250,250" step="2"/><U125/><E125/><V30/><F29/><W104/><G42/><T68/><D68/><U16/><E16/><V119/><F119/><W18/><G41/><T48/><D48/><U7/><E7/><V89/><F50/><W33/><G69/><T131/><D131/><U23/><E23/><V71/><F71/><W96/><G18/><T133/><D133/><U25/><E25/><V112/><F26/><W110/><G135/><T36/><D36/><N who="1" m="13867" /><E79/><V103/><F30/><W11/><G24/><T114/><D114/><RYUUKYOKU ba="0,1" sc="240,15,250,15,250,-15,250,-15" hai0="27,31,35,43,47,51,52,53,56,62,64,75,78" hai1="81,82,88,97" /><INIT seed="0,1,1,4,5,28" ten="255,265,235,235" oya="0" hai0="2,120,45,56,104,4,5,1,66,8,123,33,63" hai1="86,64,11,37,80,22,47,110,115,99,70,9,3" hai2="30,103,68,54,127,43,20,114,51,60,27,16,12" hai3="77,62,94,93,57,132,119,81,134,23,49,101,55"/><T108/><D104/><U95/><E110/><V72/><F127/><W87/><G119/><T61/><D108/><U78/><E115/><V41/><F114/><W18/><G62/><T53/><D33/><U44/><E70/><V92/><F72/><W25/><REACH who="3" step="1"/><G101/><REACH who="3" ten="255,265,235,225" step="2"/><T117/><D117/><U40/><E3/><V131/><F131/><W48/><G48/><T73/><D1/><U84/><E64/><V35/><F60/><W109/><G109/><T71/><D63/><U65/><E65/><V14/><F68/><W34/><G34/><T79/><D71/><U29/><E47/><V0/><F0/><W82/><G82/><N who="0" m="45423" /><D66/><U118/><E118/><V26/><F103/><W112/><G112/><T32/><D32/><U98/><E44/><V105/><F105/><W10/><G10/><T85/><D45/><U59/><E9/><V121/><F51/><W124/><G124/><T133/><D2/><U38/><E11/><V52/><F92/><AGARI ba="1,2" hai="18,23,25,49,55,57,77,81,87,92,93,94,132,134" machi="92" ten="40,1300,0" yaku="1,1,53,0" doraHai="28" doraHaiUra="39" who="3" fromWho="2" sc="255,0,265,0,235,-16,225,36" /><INIT seed="1,0,0,1,2,37" ten="255,265,219,261" oya="1" hai0="36,0,14,50,96,62,34,42,7,133,53,16,95" hai1="77,48,80,131,123,104,67,66,51,82,92,71,44" hai2="57,54,105,127,122,17,13,68,99,109,83,112,31" hai3="100,135,98,97,84,90,1,79,46,22,110,21,47"/><U65/><E104/><V49/><F109/><W87/><G1/><T43/><D36/><U26/><E123/><V11/><F122/><W88/><G110/><T30/><D133/><U5/><E131/><V45/><F127/><W60/><G60/><T4/><D34/><U38/><E71/><V28/><F68/><W55/><G55/><T74/><D74/><U128/><E128/><V101/><F112/><W15/><G15/><T106/><D30/><U111/><E5/><N who="0" m="2121" /><D62/><U25/><E111/><V58/><F58/><W94/><G79/><T102/><D106/><U114/><E114/><V52/><REACH who="2" step="1"/><F83/><REACH who="2" ten="255,265,209,261" step="2"/><W59/><G59/><N who="0" m="33207" /><D0/><U85/><E82/><V130/><F130/><W73/><G135/><T69/><D69/><U23/><E92/><V12/><F12/><W81/><G81/><T35/><D35/><U10/><E26/><V89/><F89/><W134/><G134/><T108/><D108/><U124/><E124/><V86/><F86/><W132/><G132/><T113/><D113/><U6/><E25/><V39/><F39/><W103/><G94/><T117/><D117/><U33/><E85/><V93/><F93/><W116/><G116/><T115/><D115/><U119/><E119/><V40/><F40/><W2/><G2/><T72/><D72/><AGARI ba="0,1" hai="21,22,46,47,72,73,84,87,88,90,97,98,100,103" machi="72" ten="25,3200,0" yaku="22,2,54,1" doraHai="37" who="3" fromWho="0" sc="255,-32,265,0,209,0,261,42" /><INIT seed="2,0,0,4,3,6" ten="223,265,209,303" oya="2" hai0="30,18,29,83,120,59,55,105,107,58,88,60,28" hai1="39,76,91,42,133,122,62,37,24,130,1,67,8" hai2="43,41,96,57,104,27,4,52,20,85,3,131,68" hai3="53,119,71,69,47,77,115,124,126,89,5,36,111"/><V118/><F118/><W78/><G119/><T93/><D120/><U129/><E122/><V82/><F68/><W135/><G111/><T64/><D83/><U32/><E133/><V112/><F112/><W98/><G135/><T26/><D18/><U35/><E91/><V19/><F131/><N who="1" m="50185" /><E76/><N who="3" m="29290" /><G5/><T25/><D107/><U12/><E1/><V40/><F104/><W87/><G98/><N who="0" m="57639" /><D105/><U48/><E48/><AGARI ba="0,0" hai="25,26,28,29,30,48,55,58,59,60,64" m="57639" machi="48" ten="30,2000,0" yaku="8,1,54,1" doraHai="6" who="0" fromWho="1" sc="223,20,265,-20,209,0,303,0" /><INIT seed="3,0,0,5,5,108" ten="243,245,209,303" oya="3" hai0="30,40,101,11,103,21,99,19,49,66,20,121,33" hai1="17,52,62,15,81,2,130,29,31,127,45,89,105" hai2="68,74,76,4,18,61,124,57,113,50,9,86,77" hai3="64,104,25,91,37,109,63,78,107,80,22,87,125"/><W116/><G116/><T111/><D121/><U23/><E105/><V35/><F124/><W58/><G37/><T24/><D111/><U128/><E2/><V56/><F35/><W93/><G109/><T88/><D66/><U135/><E127/><V42/><F74/><W8/><G8/><T98/><D33/><U14/><E14/><V112/><F68/><W53/><G64/><T5/><D40/><U10/><E135/><V6/><F18/><W85/><G125/><T97/><D49/><N who="1" m="28719" /><E62/><V38/><F38/><W70/><G70/><T65/><D65/><U92/><E23/><V39/><F39/><W115/><G115/><T60/><D60/><U123/><E123/><V90/><F61/><W34/><G34/><T83/><D11/><U44/><E44/><V69/><F69/><W32/><G32/><T100/><D5/><U71/><E71/><V16/><F16/><AGARI ba="0,0" hai="16,22,25,53,58,63,78,80,85,87,91,93,104,107" machi="16" ten="30,2900,0" yaku="7,1,54,1" doraHai="108" who="3" fromWho="2" sc="243,0,245,0,209,-29,303,29" owari="243,-15.7,245,4.5,180,-32.0,332,43.2" /></mjloggm>