<mjloggm ver="2.3"><GO type="225" lobby="0"/><UN n0="%E7%B4%94%E6%BD%94%E3%83%94%E3%83%A9%E3%83%8B%E3%82%A2" n1="%E9%B4%A8%4E%45%47%49" n2="%E3%82%8C%E3%81%99%E3%81%93" n3="%72%69%6F%75%63%68%61%6E" dan="17,16,17,16" rate="2182.79,2111.82,2158.85,2212.41" sx="M,M,F,M"/><TAIKYOKU oya="0"/><INIT seed="0,0,0,5,3,115" ten="250,250,250,250" oya="0" hai0="65,31,45,114,9,4,68,17,83,81,50,98,37" hai1="70,16,47,24,27,26,77,61,69,43,20,93,60" hai2="108,53,106,78,131,23,100,52,41,82,48,72,36" hai3="103,102,111,55,21,128,122,46,44,56,25,8,97"/><T101/><D114/><U110/><E110/><V135/><F108/><W34/><G111/><T130/><D37/><U127/><E127/><V94/><F135/><W95/><G128/><T79/><D130/><U105/><E105/><V2/><F131/><W80/><G122/><T39/><D39/><U13/><E77/><V104/><F2/><W49/><G34/><T40/><D31/><U10/><E93/><V11/><F11/><W118/><G118/><T67/><D17/><U116/><E116/><V85/><F36/><W63/><G80/><T6/><D81/><U96/><E96/><N who="2" m="61447" /><F106/><W19/><G8/><T134/><D134/><U121/><E121/><V3/><F3/><W112/><G112/><T28/><D28/><U88/><E88/><N who="2" m="53519" /><F23/><W84/><G84/><N who="0" m="48255" /><D68/><U54/><E70/><V125/><F125/><W38/><G38/><T113/><D113/><U124/><E124/><V76/><F76/><W66/><REACH who="3" step="1"/><G102/><REACH who="3" ten="250,250,250,240" step="2"/><T123/><D123/><U51/><E69/><AGARI ba="0,1" hai="19,21,25,44,46,49,55,56,63,66,69,95,97,103" machi="69" ten="30,3900,0" yaku="1,1,2,1,7,1,53,0" doraHai="115" doraHaiUra="71" who="3" fromWho="1" sc="250,0,250,-39,250,0,240,49" /><INIT seed="1,0,0,0,1,132" ten="250,211,250,289" oya="1" hai0="113,33,49,116,62,58,44,48,85,104,6,81,99" hai1="65,76,98,129,23,4,38,114,25,14,36,78,87" hai2="24,101,40,13,57,59,131,108,28,51,46,15,118" hai3="93,115,97,12,127,100,68,89,88,95,64,20,56"/><U84/><E114/><V16/><F118/><W123/><G127/><T27/><D113/><U86/><E129/><V66/><F131/><W22/><G115/><T3/><D116/><U50/><E65/><V120/><F120/><W126/><G126/><T72/><D72/><U69/><E69/><V70/><F108/><W74/><G123/><T39/><D3/><U111/><E111/><V73/><F73/><W75/><G68/><T54/><D6/><U125/><E125/><V94/><F13/><W1/><G1/><T119/><D119/><U7/><E98/><N who="2" m="59607" /><F70/><W61/><G100/><T128/><D128/><U31/><E50/><V96/><F96/><W105/><G105/><T82/><D82/><U77/><REACH who="1" step="1"/><E14/><REACH who="1" ten="250,201,250,289" step="2"/><V8/><F66/><W55/><G64/><T37/><D99/><U67/><E67/><V90/><F51/><W121/><G121/><T79/><D48/><U29/><E29/><V18/><F28/><W106/><G106/><T47/><D104/><U63/><E63/><V2/><F15/><W80/><G12/><T32/><D47/><U19/><E19/><V43/><F16/><W107/><G107/><T41/><REACH who="0" step="1"/><D27/><REACH who="0" ten="240,201,250,289" step="2"/><U124/><E124/><V92/><F24/><W5/><G5/><AGARI ba="0,2" hai="4,5,7,23,25,31,36,38,76,77,78,84,86,87" machi="5" ten="40,12000,1" yaku="1,1,53,3" doraHai="132" doraHaiUra="83" who="1" fromWho="3" sc="240,0,201,140,250,0,289,-120" /><INIT seed="1,1,0,0,3,62" ten="240,341,250,169" oya="1" hai0="4,70,23,69,129,124,5,73,101,19,8,84,26" hai1="109,25,33,37,51,1,35,47,3,11,125,42,121" hai2="108,113,12,28,50,57,133,92,99,98,54,132,74" hai3="48,15,96,45,67,52,32,71,43,27,102,91,83"/><U128/><E121/><V106/><F108/><W46/><G15/><T76/><D73/><U97/><E109/><V44/><F113/><W134/><G134/><N who="2" m="51817" /><F74/><W104/><G91/><T81/><D124/><U20/><E125/><V30/><F12/><W135/><G135/><T88/><D129/><U114/><E114/><V94/><F106/><W123/><G123/><T85/><D101/><U13/><E37/><V93/><F44/><W127/><G127/><T31/><D31/><AGARI ba="1,0" hai="28,30,31,50,54,57,92,93,94,98,99" m="51817" machi="31" ten="30,1000,0" yaku="20,1" doraHai="62" who="2" fromWho="0" sc="240,-13,341,0,250,13,169,0" /><INIT seed="2,0,0,5,5,21" ten="227,341,263,169" oya="2" hai0="18,83,111,17,117,43,49,119,125,11,50,73,129" hai1="71,77,128,44,130,78,48,121,60,33,124,54,63" hai2="80,1,58,103,13,90,30,8,93,68,82,12,23" hai3="19,37,97,27,106,25,47,70,105,38,7,84,67"/><V107/><F68/><W66/><G7/><T15/><D111/><U65/><E33/><V10/><F1/><W3/><G70/><T132/><D125/><U4/><E4/><N who="2" m="3079" /><F103/><W113/><G3/><T36/><D129/><N who="1" m="49771" /><E124/><V95/><F107/><N who="3" m="40971" /><G47/><N who="0" m="24039" /><D132/><U31/><E31/><V57/><F82/><W92/><G84/><T42/><D18/><U14/><E14/><V72/><F80/><W101/><G19/><T69/><D42/><N who="1" m="24599" /><E121/><V100/><F72/><W74/><G74/><T26/><D26/><N who="3" m="9737" /><G113/><T76/><D69/><U87/><E87/><N who="2" m="52447" /><F23/><W120/><G120/><T108/><D108/><U116/><E116/><AGARI ba="0,0" hai="11,15,17,49,50,73,76,83,116,117,119" m="24039" machi="116" ten="30,1000,0" yaku="12,1" doraHai="21" who="0" fromWho="1" sc="227,10,341,-10,263,0,169,0" /><INIT seed="3,0,0,0,4,43" ten="237,331,263,169" oya="3" hai0="34,101,11,97,85,2,89,60,45,88,17,107,96" hai1="114,78,133,7,84,1,29,37,39,14,121,16,61" hai2="26,4,126,70,46,134,30,86,82,132,65,36,92" hai3="52,53,74,80,93,135,66,40,12,51,72,6,41"/><W28/><G135/><N who="2" m="51753" /><F126/><W8/><G66/><T112/><D34/><U32/><E78/><N who="2" m="46423" /><F4/><W104/><G104/><T56/><D112/><U19/><E14/><V77/><F77/><W79/><G72/><T124/><D124/><U10/><E61/><N who="2" m="40239" /><F92/><W98/><G28/><T87/><D2/><U44/><E1/><V119/><F119/><W120/><G120/><T69/><D69/><U110/><E133/><V127/><F127/><W20/><G20/><T48/><D11/><U55/><E10/><V21/><F46/><W71/><G71/><T33/><D33/><U75/><E39/><AGARI ba="0,0" hai="21,26,30,36,39" m="40239,46423,51753" machi="39" ten="30,1000,0" yaku="20,1" doraHai="43" who="2" fromWho="1" sc="237,0,331,-10,263,10,169,0" owari="237,-16.3,321,42.1,273,7.3,169,-33.1" /></mjloggm>