<mjloggm ver="2.3"><GO type="225" lobby="0"/><UN n0="%E5%8F%AF%E5%85%90%E9%82%A3%E7%94%B1%E5%A4%9A" n1="%E3%81%95%E3%81%8D%E3%81%9F%E3%81%BE%E6%9E%97%E6%AA%8E" n2="%E3%81%A1%E3%82%85%E3%81%86%E3%81%A9%E3%81%8F%E8%B1%A1%E3%81%95%E3%82%93" n3="%E3%81%BF%E3%81%BF%E3%81%9A" dan="16,16,17,17" rate="2142.87,2091.99,2200.75,2238.55" sx="F,M,M,M"/><TAIKYOKU oya="0"/><INIT seed="0,0,0,1,2,75" ten="250,250,250,250" oya="0" hai0="112,116,77,48,7,96,58,25,101,88,124,59,34" hai1="80,110,40,11,33,105,99,111,31,62,19,119,50" hai2="23,45,134,47,60,65,29,22,71,28,37,113,46" hai3="55,93,130,89,6,63,74,69,21,35,83,120,56"/><T57/><D112/><U3/><E119/><V79/><F113/><W18/><G35/><T0/><D116/><U32/><E62/><V49/><F37/><W61/><G130/><T52/><D124/><U8/><E3/><V98/><F134/><W24/><G120/><T38/><D38/><U128/><E128/><V78/><F98/><W121/><G121/><T127/><D127/><U5/><E5/><V85/><F49/><W82/><G6/><T87/><D77/><U102/><E31/><V67/><F85/><W94/><G94/><T53/><D34/><U27/><E27/><V39/><F39/><W103/><G103/><T17/><D0/><U114/><E114/><V12/><F12/><W107/><G107/><T115/><D7/><U73/><E40/><V131/><F131/><W126/><G74/><T118/><D118/><U122/><E122/><V26/><REACH who="2" step="1"/><F65/><REACH who="2" ten="250,250,240,250" step="2"/><N who="3" m="41135" /><G126/><T54/><D115/><U36/><E36/><V104/><F104/><W70/><G70/><T106/><D48/><U135/><E50/><V84/><F84/><W10/><G10/><T86/><D86/><U129/><E8/><V68/><F68/><W90/><G90/><T16/><REACH who="0" step="1"/><D25/><AGARI ba="0,1" hai="22,23,25,26,28,29,45,46,47,60,67,71,78,79" machi="25" ten="40,8000,1" yaku="1,1,9,1,52,2,53,0" doraHai="75" doraHaiUra="123" who="2" fromWho="0" sc="250,-80,250,0,240,90,250,0" /><INIT seed="1,0,0,5,0,72" ten="170,250,330,250" oya="1" hai0="16,48,95,37,104,22,132,119,6,8,43,116,113" hai1="121,39,105,120,129,69,80,29,82,54,40,59,127" hai2="12,65,133,101,99,32,74,98,7,83,28,19,78" hai3="49,18,114,13,86,33,38,106,17,21,90,62,68"/><U100/><E69/><V128/><F7/><W111/><G114/><T126/><D104/><U134/><E134/><V1/><F1/><W67/><G38/><T27/><D113/><U26/><E127/><V20/><F133/><W109/><G106/><T107/><D107/><U34/><E129/><V73/><F128/><W4/><G33/><T103/><D132/><U53/><E53/><V5/><F5/><W51/><G4/><T131/><D131/><U31/><E31/><V50/><F65/><W94/><REACH who="3" step="1"/><G18/><REACH who="3" ten="170,250,330,240" step="2"/><T46/><D126/><U66/><E39/><V15/><F32/><W47/><G47/><T45/><D46/><U115/><E34/><V123/><F19/><W84/><G84/><T77/><D37/><U55/><E115/><V3/><F73/><W41/><G41/><T60/><D60/><U35/><E105/><V61/><F74/><W93/><G93/><T2/><REACH who="0" step="1"/><D77/><REACH who="0" ten="160,250,330,240" step="2"/><U23/><E121/><V89/><F78/><W85/><G85/><T64/><D64/><U0/><E66/><V117/><F123/><W71/><G71/><T108/><D108/><AGARI ba="0,2" hai="13,17,21,49,51,62,67,68,86,90,94,108,109,111" machi="108" ten="40,2600,0" yaku="1,1,14,1,53,0" doraHai="72" doraHaiUra="36" who="3" fromWho="0" sc="160,-26,250,0,330,0,240,46" /><INIT seed="2,0,0,4,2,131" ten="134,250,330,286" oya="2" hai0="35,98,99,72,83,12,1,127,100,62,16,15,11" hai1="52,91,89,30,71,129,126,32,118,70,25,44,111" hai2="124,109,122,58,23,0,61,90,67,36,53,60,9" hai3="79,17,107,50,4,22,20,31,96,73,86,45,7"/><V56/><F122/><W76/><G73/><T77/><D127/><U43/><E111/><V46/><F124/><W55/><G107/><T94/><D1/><U112/><E118/><V132/><F132/><W84/><G96/><T10/><D35/><U5/><E126/><V34/><F34/><W120/><G120/><T69/><D69/><U78/><E78/><N who="3" m="29738" /><G22/><T128/><D128/><U24/><E129/><V49/><F90/><W133/><G31/><T63/><REACH who="0" step="1"/><D99/><REACH who="0" ten="124,250,330,286" step="2"/><U48/><E71/><V8/><F0/><W47/><G133/><T119/><D119/><U105/><E70/><V95/><F109/><W19/><G86/><T27/><D27/><U115/><E25/><V88/><F67/><W103/><G84/><T39/><D39/><U85/><E85/><V2/><F36/><W74/><G74/><T68/><D68/><U65/><E24/><V108/><F2/><W82/><G82/><T59/><D59/><U33/><E33/><V114/><F56/><W92/><G45/><T101/><D101/><U18/><E32/><V38/><F38/><W75/><G75/><T42/><D42/><U130/><E43/><V14/><F108/><W135/><G135/><T21/><D21/><U110/><E44/><V81/><F46/><W104/><G20/><T28/><D28/><U121/><E30/><V54/><F23/><W102/><G102/><T26/><D26/><U134/><E134/><V51/><F58/><W106/><G103/><T37/><D37/><U57/><E110/><V6/><F8/><W116/><G116/><T29/><D29/><U125/><E130/><RYUUKYOKU ba="0,1" sc="124,30,250,-10,330,-10,286,-10" hai0="10,11,12,15,16,62,63,72,77,83,94,98,100" /><INIT seed="3,1,1,4,3,28" ten="154,240,320,276" oya="3" hai0="35,115,83,30,57,104,70,95,42,76,94,38,36" hai1="45,128,65,58,97,37,78,106,100,25,56,17,1" hai2="55,40,46,121,116,73,49,92,51,53,127,7,89" hai3="61,11,108,80,88,114,99,39,91,60,129,59,130"/><W134/><G114/><T102/><D115/><U31/><E1/><V64/><F116/><W82/><G39/><T5/><D70/><U87/><E128/><N who="3" m="49258" /><G134/><T12/><D104/><U8/><E37/><V81/><F127/><W29/><G108/><T132/><D132/><U122/><E122/><V84/><F64/><W117/><G117/><T43/><D57/><U20/><E45/><V68/><F68/><W69/><G11/><T14/><D5/><U34/><E8/><V118/><F118/><W75/><G29/><T22/><D22/><U85/><E78/><N who="2" m="46135" /><F73/><W67/><G99/><T26/><D38/><U135/><E135/><V10/><F121/><W110/><G110/><T19/><D12/><U86/><REACH who="1" step="1"/><E65/><REACH who="1" ten="154,230,320,276" step="2"/><V71/><F10/><W125/><G125/><T113/><D113/><U123/><E123/><V27/><F46/><W2/><G2/><T50/><D36/><U72/><E72/><V44/><F44/><W74/><G75/><T15/><D43/><U112/><E112/><V111/><F40/><W101/><G74/><T62/><D62/><U9/><E9/><V16/><F111/><W52/><G101/><T21/><D102/><U54/><E54/><V32/><F55/><W77/><G77/><T66/><D66/><U79/><E79/><V124/><F53/><W48/><G61/><T131/><D131/><U33/><E33/><V0/><F124/><W103/><G103/><T93/><D42/><U90/><E90/><AGARI ba="1,2" hai="48,52,59,60,67,69,80,82,88,90,91" m="49258" machi="90" ten="30,5800,0" yaku="19,1,54,2" doraHai="28" who="3" fromWho="1" sc="154,0,230,-61,320,0,276,81" owari="154,-34.6,169,-23.1,320,12.0,357,45.7" /></mjloggm>