<mjloggm ver="2.3"><GO type="225" lobby="0"/><UN n0="%72%69%6F%75%63%68%61%6E" n1="%E3%83%AC%E3%82%A4%E3%83%88%E3%83%B3%E5%87%86%E6%95%99%E6%8E%88" n2="%E6%A1%9C%E8%8A%B1%E9%96%83%E3%80%85" n3="%6E%65%77%E8%BC%AA%E5%A4%A7%E7%B4%8D%E8%A8%80" dan="17,18,17,16" rate="2148.00,2215.78,2143.03,2107.17" sx="M,M,M,M"/><TAIKYOKU oya="0"/><INIT seed="0,0,0,3,4,80" ten="250,250,250,250" oya="0" hai0="92,135,22,118,81,115,78,21,30,133,117,98,94" hai1="116,66,120,19,89,74,12,129,61,10,54,85,39" hai2="72,93,65,127,58,35,34,29,75,121,123,51,82" hai3="15,56,50,130,52,16,87,13,28,104,105,68,70"/><T23/><D115/><U7/><E116/><N who="0" m="44649" /><D30/><U20/><E120/><V86/><F127/><W5/><G130/><T132/><D98/><U60/><E74/><AGARI ba="0,0" hai="21,22,23,74,78,81,92,94,132,133,135" m="44649" machi="74" ten="40,2000,0" yaku="20,1" doraHai="80" who="0" fromWho="1" sc="250,20,250,-20,250,0,250,0" /><INIT seed="0,1,0,0,2,0" ten="270,230,250,250" oya="0" hai0="61,73,30,107,29,45,23,134,5,103,51,34,86" hai1="3,117,60,118,135,18,33,20,83,14,81,80,65" hai2="70,50,69,64,104,57,79,110,124,63,55,49,112" hai3="24,48,71,84,66,123,114,129,27,38,19,126,53"/><T58/><D73/><U28/><E135/><V93/><F104/><W16/><G114/><T85/><D134/><U72/><E72/><V90/><F110/><W39/><G129/><T15/><D34/><U113/><E113/><V105/><F112/><W74/><G74/><T111/><D111/><U116/><E3/><V22/><F105/><W101/><G126/><T119/><D119/><U100/><E100/><V125/><F79/><W97/><G123/><T121/><D121/><U127/><E127/><N who="2" m="48715" /><F22/><W8/><G84/><N who="0" m="32363" /><D103/><U128/><E128/><V68/><F93/><W11/><G101/><T42/><D107/><U12/><E33/><V130/><F90/><W17/><G97/><T75/><D75/><U133/><E133/><V46/><F130/><W25/><G66/><N who="0" m="39223" /><D23/><U54/><E117/><V52/><AGARI ba="1,0" hai="46,49,50,52,55,57,63,64,68,69,70" m="48715" machi="52" ten="30,7900,0" yaku="18,1,34,2,54,1" doraHai="0" who="2" fromWho="2" sc="270,-40,230,-21,250,82,250,-21" /><INIT seed="1,0,0,0,3,79" ten="230,209,332,229" oya="1" hai0="9,44,100,61,48,105,109,31,99,8,53,0,11" hai1="127,85,28,106,1,38,32,42,84,43,125,13,50" hai2="20,120,47,63,90,10,6,75,73,93,128,34,69" hai3="103,3,65,68,23,5,4,19,114,72,97,46,58"/><U71/><E1/><V116/><F116/><W2/><G114/><T12/><D109/><U117/><E117/><V16/><F120/><W41/><G68/><T81/><D0/><U36/><E106/><V18/><F34/><W134/><G72/><T123/><D123/><U119/><E119/><V133/><F133/><W24/><G134/><T78/><D31/><U52/><E71/><V110/><F110/><W77/><G77/><T91/><D91/><U96/><E96/><V66/><F47/><W49/><G2/><T115/><D115/><U51/><E13/><V70/><F18/><W62/><REACH who="3" step="1"/><G3/><REACH who="3" ten="230,209,332,219" step="2"/><T30/><D30/><U76/><E76/><V25/><F70/><W39/><G39/><T54/><D61/><U67/><E28/><V88/><F75/><W86/><G86/><T14/><REACH who="0" step="1"/><D53/><REACH who="0" ten="220,209,332,219" step="2"/><U33/><E52/><V15/><F63/><W40/><G40/><T27/><D27/><U122/><E122/><V130/><F25/><W82/><G82/><T126/><D126/><U118/><E118/><V64/><F64/><AGARI ba="0,2" hai="32,33,36,38,42,43,50,51,64,67,84,85,125,127" machi="64" ten="25,2400,0" yaku="22,2" doraHai="79" who="1" fromWho="2" sc="220,0,209,44,332,-24,219,0" /><INIT seed="1,1,0,1,2,95" ten="220,253,308,219" oya="1" hai0="41,0,13,128,1,74,3,51,33,27,54,89,39" hai1="25,67,28,80,2,14,98,43,130,91,99,92,65" hai2="8,118,46,81,50,120,52,76,70,85,57,32,7" hai3="68,11,104,82,78,101,21,94,102,108,42,86,49"/><U53/><E2/><V110/><F118/><W121/><G121/><T127/><D127/><U20/><E130/><V19/><F120/><W93/><G68/><T55/><D128/><U122/><E122/><V73/><F110/><W64/><G108/><T115/><D115/><U117/><E117/><V23/><F70/><W18/><G64/><N who="1" m="24650" /><E43/><V100/><F32/><W44/><G11/><T109/><D109/><U131/><E80/><V114/><F114/><W31/><G31/><T61/><D74/><U116/><E116/><V22/><F100/><N who="3" m="38507" /><G104/><T123/><D123/><U107/><E107/><V75/><F57/><W77/><G78/><T125/><D125/><U124/><E124/><V12/><REACH who="2" step="1"/><F23/><REACH who="2" ten="220,253,298,219" step="2"/><W90/><G77/><T9/><D33/><U129/><E129/><V59/><F59/><W112/><G112/><T62/><D62/><U10/><E131/><V35/><F35/><W17/><G21/><T26/><D61/><U58/><E58/><V135/><F135/><W60/><G60/><T133/><D133/><U106/><E106/><V71/><F71/><W83/><G44/><T47/><D47/><U4/><E53/><V36/><F36/><W5/><G42/><T37/><D55/><U113/><E113/><V96/><F96/><AGARI ba="1,1" hai="4,10,14,20,25,28,91,92,96,98,99" m="24650" machi="96" ten="30,11600,0" yaku="8,1,52,3" doraHai="95" who="1" fromWho="2" sc="220,0,253,129,298,-119,219,0" /><INIT seed="1,2,0,3,0,41" ten="220,382,179,219" oya="1" hai0="6,65,15,13,44,30,121,88,105,82,131,2,47" hai1="91,51,32,113,125,72,123,98,97,85,35,89,119" hai2="93,77,111,129,38,84,50,122,31,104,107,69,115" hai3="60,8,134,128,71,49,24,25,102,116,63,28,67"/><U117/><E113/><V59/><F38/><W73/><G73/><T26/><D105/><U109/><E123/><V40/><F69/><W42/><G134/><T83/><D121/><U11/><E72/><V74/><F122/><W86/><G128/><T14/><D131/><U101/><E125/><V130/><F111/><W92/><G116/><T7/><D65/><U33/><E109/><V19/><F107/><W76/><G71/><T94/><D2/><U17/><E17/><V114/><F104/><W118/><G118/><T62/><D62/><N who="3" m="23593" /><G67/><T48/><D83/><U108/><E108/><V21/><F31/><W20/><G25/><T96/><D82/><U95/><E11/><V135/><F74/><W56/><G8/><T110/><D110/><U100/><E51/><V23/><F135/><W34/><G34/><T10/><D6/><U75/><E75/><V79/><F115/><W81/><G56/><T27/><D27/><U66/><E66/><V90/><F59/><W87/><G87/><T52/><REACH who="0" step="1"/><D44/><REACH who="0" ten="210,382,179,219" step="2"/><U70/><E117/><V80/><F129/><W133/><G133/><T106/><D106/><U29/><E119/><V103/><F130/><W58/><G92/><T132/><D132/><U99/><E95/><V1/><F1/><W54/><G42/><T4/><D4/><U0/><E0/><V78/><F114/><W112/><G112/><T3/><D3/><U127/><E70/><V9/><F93/><W46/><G102/><T39/><D39/><U12/><E101/><V5/><F103/><W53/><G46/><T126/><D126/><U22/><E127/><RYUUKYOKU ba="2,1" sc="210,15,382,-15,179,-15,219,15" hai0="7,10,13,14,15,26,30,47,48,52,88,94,96" hai3="20,24,28,49,53,54,58,76,81,86" /><INIT seed="2,3,1,4,0,45" ten="225,367,164,234" oya="2" hai0="29,112,99,22,7,44,80,72,47,64,23,126,117" hai1="135,28,30,35,21,39,66,132,119,1,17,92,124" hai2="52,120,73,95,24,128,116,63,51,110,93,71,134" hai3="129,58,82,12,89,127,130,20,55,97,3,4,32"/><V96/><F116/><W49/><G127/><T6/><D112/><U54/><E119/><V48/><F120/><W68/><G32/><T37/><D117/><U41/><E124/><V61/><F128/><N who="3" m="49259" /><G68/><T91/><D126/><U106/><E106/><V10/><F134/><N who="1" m="51241" /><E35/><V11/><F73/><W36/><G36/><T59/><D72/><U8/><E66/><V34/><F110/><W79/><G3/><T70/><D70/><U42/><E54/><V69/><F34/><W87/><G4/><N who="0" m="1579" /><D37/><U133/><E8/><V50/><F24/><W13/><G20/><N who="0" m="7723" /><D29/><N who="1" m="11371" /><E39/><V60/><F71/><W0/><G0/><T2/><D2/><U104/><E104/><V115/><F115/><W108/><G108/><T19/><D19/><U16/><E17/><V122/><F122/><W98/><G98/><T40/><D40/><U84/><E1/><V81/><F69/><W118/><G118/><T114/><D114/><U88/><E133/><V5/><F5/><W67/><G67/><T76/><D76/><U53/><E53/><V56/><F81/><N who="3" m="49391" /><G97/><T26/><D26/><AGARI ba="3,1" hai="16,21,26,41,42,84,88,92" m="11371,51241" machi="26" ten="30,3900,0" yaku="20,1,54,2" doraHai="45" who="1" fromWho="0" sc="225,-48,367,58,164,0,234,0" /><INIT seed="3,0,0,2,0,56" ten="177,425,164,234" oya="3" hai0="23,20,50,36,8,86,110,121,18,131,111,104,79" hai1="102,28,7,6,15,38,96,44,14,74,69,109,16" hai2="67,105,84,130,83,27,101,124,115,77,89,60,94" hai3="32,45,73,97,126,22,92,2,48,31,135,25,11"/><W72/><G135/><T93/><D131/><U119/><E69/><V47/><F115/><W103/><G126/><T39/><D121/><U19/><E28/><V34/><F124/><W4/><REACH who="3" step="1"/><G32/><REACH who="3" ten="177,425,164,224" step="2"/><T62/><D111/><U21/><E109/><V66/><F130/><W33/><G33/><T70/><D110/><U63/><E7/><V127/><F127/><W9/><G9/><T65/><D8/><U68/><E6/><V88/><F105/><W58/><G58/><T108/><D104/><U3/><E68/><V129/><F129/><W53/><AGARI ba="0,1" hai="2,4,11,22,25,31,45,48,53,72,73,92,97,103" machi="53" ten="20,3900,0" yaku="1,1,0,1,7,1,53,0" doraHai="56" doraHaiUra="75" who="3" fromWho="3" sc="177,-13,425,-13,164,-13,224,49" /><INIT seed="3,1,0,1,3,20" ten="164,412,151,273" oya="3" hai0="49,30,59,91,8,52,95,87,57,39,11,5,61" hai1="134,23,110,26,117,72,119,111,58,33,98,132,102" hai2="62,121,48,56,123,53,42,14,129,81,84,94,105" hai3="60,31,107,63,36,21,1,104,0,133,7,120,124"/><W50/><G120/><N who="2" m="46153" /><F129/><W92/><G36/><T70/><D39/><U115/><E33/><V43/><F105/><W122/><G122/><T27/><D70/><U29/><E72/><V101/><F14/><W4/><G133/><N who="1" m="51306" /><E58/><N who="2" m="33063" /><F94/><W45/><G92/><T10/><D5/><U113/><E113/><V12/><F12/><W66/><G124/><T131/><D131/><U89/><E89/><N who="2" m="51343" /><F101/><W46/><G50/><T90/><D90/><U2/><E2/><V74/><F74/><W67/><G21/><N who="0" m="15727" /><D8/><U93/><E115/><V82/><F82/><W18/><G31/><T9/><D10/><U80/><E80/><V40/><F40/><W97/><REACH who="3" step="1"/><G18/><REACH who="3" ten="164,412,151,263" step="2"/><T55/><AGARI ba="1,1" hai="9,11,49,52,55,57,59,61,87,91,95" m="15727" machi="55" ten="30,4000,0" yaku="8,1,52,1,54,1" doraHai="20" who="0" fromWho="0" sc="164,53,412,-11,151,-11,263,-21" owari="217,-18.3,401,50.1,140,-36.0,242,4.2" /></mjloggm>