<mjloggm ver="2.3"><GO type="225" lobby="0"/><UN n0="%E3%82%B3%E3%83%90%E3%83%AC%E3%82%A4" n1="%E3%81%A4%E3%81%A3%E3%81%B1%E3%82%8A%E3%83%9D%E3%83%BC%E3%83%AB" n2="%E6%97%A5%E6%9B%9C%E6%97%A5%E3%82%88%E3%82%8A%E3%81%AE%E4%BD%BF%E8%80%85" n3="%E3%81%A0%E3%81%8A" dan="16,16,16,16" rate="2071.80,2086.16,2085.64,2048.19" sx="M,M,M,M"/><TAIKYOKU oya="0"/><INIT seed="0,0,0,0,0,120" ten="250,250,250,250" oya="0" hai0="23,2,38,91,129,0,50,122,98,96,83,43,84" hai1="88,74,64,110,114,105,77,81,29,28,65,117,128" hai2="125,93,131,18,8,60,90,59,67,103,55,133,52" hai3="109,22,62,7,101,126,35,32,26,12,19,66,1"/><T135/><D122/><U132/><E117/><V16/><F125/><W107/><G126/><T25/><D38/><U94/><E128/><V44/><F131/><W34/><G101/><T76/><D129/><U112/><E132/><V115/><F115/><N who="1" m="44073" /><E105/><V79/><F133/><W11/><G107/><T42/><D135/><U39/><E39/><V118/><F118/><W78/><G78/><T80/><D2/><U57/><E110/><V85/><F103/><W68/><REACH who="3" step="1"/><G109/><REACH who="3" ten="250,250,250,240" step="2"/><T17/><D0/><AGARI ba="0,1" hai="0,1,7,11,12,19,22,26,32,34,35,62,66,68" machi="0" ten="40,2600,0" yaku="1,1,2,1,53,0" doraHai="120" doraHaiUra="130" who="3" fromWho="0" sc="250,-26,250,0,250,0,240,36" /><INIT seed="1,0,0,0,0,43" ten="224,250,250,276" oya="1" hai0="108,71,18,132,92,122,105,10,103,20,83,82,67" hai1="125,135,53,66,24,36,93,59,72,58,31,35,90" hai2="91,49,3,76,128,85,107,127,23,70,21,52,22" hai3="4,2,117,129,6,39,16,45,28,33,42,80,27"/><U32/><E135/><V131/><F107/><W134/><G129/><N who="2" m="49737" /><F127/><W12/><G134/><T63/><D132/><U78/><E125/><V102/><F70/><W62/><G117/><T30/><D122/><U99/><E36/><V57/><F3/><W68/><G2/><T123/><D123/><U100/><E35/><V119/><F119/><W5/><G80/><T75/><D105/><U130/><E130/><V77/><F102/><W94/><G94/><AGARI ba="0,0" hai="21,22,23,49,52,57,76,77,85,91,94" m="49737" machi="94" ten="30,2000,0" yaku="19,1,54,1" doraHai="43" who="2" fromWho="3" sc="224,0,250,0,250,20,276,-20" /><INIT seed="2,0,0,1,4,57" ten="224,250,270,256" oya="2" hai0="8,2,100,65,16,98,128,15,92,86,94,31,5" hai1="109,78,74,33,130,29,54,17,28,82,91,105,63" hai2="88,3,60,111,58,114,73,96,116,113,121,119,75" hai3="42,83,44,103,101,131,72,14,48,110,4,7,55"/><V107/><F3/><W12/><G110/><T51/><D128/><U19/><E105/><V129/><F121/><W43/><G131/><T87/><D31/><U124/><E130/><V41/><F129/><W64/><G64/><T80/><D51/><U40/><E40/><N who="3" m="15402" /><G72/><T79/><D65/><U50/><E109/><V127/><F111/><W32/><G32/><T49/><D49/><U30/><E33/><V76/><F41/><W62/><G83/><T34/><D34/><U95/><E124/><V133/><F127/><W20/><G62/><T45/><D45/><U117/><E117/><V125/><F125/><W46/><G46/><T102/><D102/><N who="3" m="38921" /><G20/><T104/><REACH who="0" step="1"/><D86/><REACH who="0" ten="214,250,270,256" step="2"/><U23/><E50/><V68/><F119/><W24/><G24/><T6/><D6/><AGARI ba="0,1" hai="4,6,7,12,14,44,48,55" m="38921,15402" machi="6" ten="30,1000,0" yaku="8,1" doraHai="57" who="3" fromWho="0" sc="214,-10,250,0,270,0,256,20" /><INIT seed="3,0,0,5,3,104" ten="204,250,270,276" oya="3" hai0="60,63,39,120,71,35,107,59,38,31,32,97,127" hai1="9,55,18,2,105,94,23,109,43,72,83,89,82" hai2="81,11,46,5,33,15,6,26,50,3,41,102,20" hai3="48,25,57,119,30,19,13,100,27,77,124,84,10"/><W47/><G119/><T99/><D107/><U87/><E109/><V4/><F102/><W16/><G124/><T121/><D59/><U73/><E105/><V17/><REACH who="2" step="1"/><F81/><REACH who="2" ten="204,250,260,276" step="2"/><W12/><G100/><T76/><D127/><U58/><E83/><V66/><F66/><W112/><G112/><T75/><D31/><AGARI ba="0,1" hai="3,4,5,6,11,15,17,20,26,31,33,41,46,50" machi="31" ten="40,5200,0" yaku="1,1,24,2,53,0" doraHai="104" doraHaiUra="115" who="2" fromWho="0" sc="204,-52,250,0,260,62,276,0" owari="152,-34.8,250,-15.0,322,42.2,276,7.6" /></mjloggm>