<mjloggm ver="2.3"><GO type="225" lobby="0"/><UN n0="%E5%AF%82%E5%AF%9E%E3%82%AE%E3%83%8D%E3%82%B9%E3%83%93%E3%83%BC%E3%83%AB" n1="%E8%81%B7%E6%A5%AD%E3%80%81%E9%A2%A8%32" n2="%73%69%72%6F%75%74" n3="%E6%80%AA%E3%81%97%E3%81%99%E3%81%8E%E3%82%8B%E3%83%81%E3%83%BC" dan="16,16,16,16" rate="2161.73,2099.89,2147.39,2135.40" sx="M,M,M,M"/><TAIKYOKU oya="0"/><INIT seed="0,0,0,5,4,99" ten="250,250,250,250" oya="0" hai0="53,54,62,10,91,8,123,125,78,104,68,110,21" hai1="126,121,37,33,86,11,4,105,112,19,64,117,55" hai2="111,113,96,14,57,34,72,20,79,88,56,30,46" hai3="75,131,127,116,50,24,35,90,0,71,132,7,42"/><T65/><D123/><U15/><E117/><V29/><F111/><W58/><G90/><T81/><D125/><U118/><E37/><V103/><F34/><W119/><G50/><T63/><D110/><U67/><E118/><V102/><F72/><W27/><G58/><N who="2" m="22633" /><F79/><W41/><G27/><T80/><D104/><U70/><E33/><V92/><F113/><W2/><G24/><T98/><D21/><U95/><E105/><V48/><F14/><W84/><G41/><T1/><D63/><U36/><E126/><V85/><F85/><W25/><G42/><T93/><D81/><U69/><E36/><V94/><F94/><W66/><G84/><T38/><D38/><U120/><E112/><V135/><F135/><W100/><G75/><T73/><REACH who="0" step="1"/><D1/><REACH who="0" ten="240,250,250,250" step="2"/><U87/><E120/><V133/><F20/><W44/><G2/><T40/><D40/><U13/><E121/><V5/><F133/><W129/><G0/><T18/><D18/><U9/><E19/><V26/><F26/><W17/><G25/><T124/><D124/><U122/><E122/><V128/><F128/><W12/><G127/><T106/><D106/><U3/><E3/><V59/><F30/><W28/><G28/><T77/><D77/><U39/><E39/><V22/><F29/><W101/><G17/><T61/><D61/><U52/><E95/><V31/><F22/><W47/><G129/><T82/><D82/><U114/><E114/><V83/><F31/><W115/><G131/><T109/><D109/><U108/><E108/><V23/><F83/><W32/><G116/><T45/><D45/><RYUUKYOKU ba="0,1" sc="240,15,250,15,250,-15,250,-15" hai0="8,10,53,54,62,65,68,73,78,80,91,93,98" hai1="4,9,11,13,15,52,55,64,67,69,70,86,87" /><INIT seed="0,1,1,0,1,78" ten="255,265,235,235" oya="0" hai0="87,117,59,39,79,46,26,131,68,116,9,77,18" hai1="34,90,21,43,129,36,27,16,135,69,7,44,17" hai2="93,48,3,32,70,94,105,85,62,134,47,20,112" hai3="113,53,22,33,2,40,50,6,42,118,99,121,15"/><T41/><D68/><U124/><E69/><V52/><F32/><W57/><G113/><T1/><D131/><U13/><E129/><V24/><F105/><W35/><G118/><T74/><D87/><U97/><E124/><V58/><F3/><W108/><G108/><T10/><D59/><U49/><E135/><V63/><F134/><W28/><G121/><T5/><D79/><U14/><E34/><V84/><F70/><W100/><G33/><T31/><D18/><U4/><E36/><V114/><F114/><W95/><G35/><N who="0" m="20983" /><D9/><N who="1" m="6191" /><E27/><V91/><F112/><W133/><G133/><T12/><D12/><U55/><E43/><V8/><F8/><N who="3" m="4503" /><G2/><T111/><D111/><U38/><E38/><V125/><F125/><W130/><G130/><T86/><D86/><U71/><E71/><V126/><F85/><W122/><G122/><T82/><AGARI ba="1,1" hai="1,5,10,39,41,46,74,77,82,116,117" m="20983" machi="82" ten="30,6000,0" yaku="25,1,23,1,52,1" doraHai="78" who="0" fromWho="0" sc="255,73,265,-21,235,-21,235,-21" /><INIT seed="0,2,0,4,3,130" ten="328,244,214,214" oya="0" hai0="26,37,106,96,39,92,54,127,11,126,107,14,47" hai1="93,53,72,42,28,32,25,100,3,74,95,135,2" hai2="111,105,80,109,55,110,90,108,129,48,58,60,89" hai3="114,87,134,33,76,24,30,51,5,36,68,18,56"/><T123/><D123/><U15/><E135/><V122/><F122/><W118/><G114/><T70/><D70/><U99/><E42/><V116/><F105/><W8/><G118/><T49/><D26/><U43/><E43/><V128/><F116/><W38/><G68/><T50/><D50/><U41/><E41/><V83/><N who="2" m="27648" /><DORA hai="52" /><V59/><F89/><W81/><G134/><T10/><D107/><U69/><E69/><V113/><F113/><W66/><G18/><T13/><D13/><U19/><E93/><V125/><F125/><N who="0" m="47626" /><D106/><U0/><REACH who="1" step="1"/><E53/><REACH who="1" ten="328,234,214,214" step="2"/><N who="2" m="33871" /><F83/><W85/><G38/><N who="0" m="14347" /><D14/><U119/><E119/><V124/><F124/><W6/><G36/><T75/><D75/><U94/><E94/><V97/><F80/><W104/><G81/><T65/><D65/><U31/><E31/><V1/><F1/><W115/><G30/><T62/><D62/><U117/><E117/><V73/><F73/><W121/><G66/><T4/><D92/><AGARI ba="2,1" hai="48,55,59,90,92,97,128,129" m="33871,27648" machi="92" ten="60,7700,0" yaku="14,1,52,2" doraHai="130,52" who="2" fromWho="0" sc="328,-83,234,0,214,93,214,0" /><INIT seed="1,0,0,2,5,123" ten="245,234,307,214" oya="1" hai0="61,110,6,80,57,38,45,131,72,94,76,59,42" hai1="129,106,97,91,78,100,11,73,32,17,133,75,124" hai2="29,84,36,114,132,49,68,92,35,10,82,90,23" hai3="30,96,53,55,81,104,65,1,113,134,95,120,77"/><U109/><E32/><V15/><F36/><W52/><G120/><T9/><D131/><U101/><E11/><V102/><F68/><W85/><G113/><T98/><D110/><U89/><E17/><V105/><F114/><W39/><G134/><T116/><D61/><U115/><E115/><V14/><F105/><W121/><G121/><T40/><D40/><U62/><E62/><V111/><F111/><W46/><G1/><N who="0" m="207" /><D116/><U71/><E71/><V87/><F35/><W93/><G30/><T0/><D0/><U44/><E44/><V24/><F132/><W3/><G3/><T86/><D86/><U99/><E133/><V5/><F102/><AGARI ba="0,0" hai="38,42,45,57,59,72,76,80,94,98,102" m="207" machi="102" ten="30,1000,0" yaku="25,1" doraHai="123" who="0" fromWho="2" sc="245,10,234,0,307,-10,214,0" /><INIT seed="2,0,0,0,2,126" ten="255,234,297,214" oya="2" hai0="29,83,118,132,100,54,131,9,98,17,96,110,123" hai1="12,30,112,82,7,121,111,53,55,101,21,4,86" hai2="113,59,120,103,46,6,34,61,74,28,57,67,45" hai3="33,115,128,10,47,88,119,15,124,23,20,63,24"/><V94/><F113/><W50/><G115/><T64/><D123/><U35/><E112/><V76/><F120/><W102/><G119/><T69/><D110/><U62/><E111/><V70/><F6/><N who="1" m="2089" /><E35/><V87/><F74/><W134/><G124/><T77/><D29/><U13/><E121/><V108/><F108/><W84/><G134/><T107/><D132/><U91/><E101/><V19/><F28/><W135/><G128/><T8/><D98/><U26/><E62/><N who="2" m="38351" /><F70/><W85/><G135/><T117/><D54/><AGARI ba="0,0" hai="12,13,21,26,30,53,54,55,82,86,91" m="2089" machi="54" ten="30,1000,0" yaku="8,1" doraHai="126" who="1" fromWho="0" sc="255,-10,234,10,297,0,214,0" /><INIT seed="3,0,0,5,2,61" ten="245,244,297,214" oya="3" hai0="11,99,94,109,119,116,60,63,50,134,96,69,67" hai1="1,40,58,80,26,123,100,91,14,86,131,22,47" hai2="24,105,12,18,41,23,52,107,129,78,33,30,104" hai3="64,54,115,76,102,70,79,7,128,6,66,43,56"/><W57/><G70/><T132/><D109/><U81/><E1/><V93/><F41/><W5/><G115/><T98/><D94/><N who="1" m="54647" /><E123/><V65/><F65/><N who="3" m="25195" /><G128/><T77/><D60/><U122/><E131/><V74/><F129/><W84/><G102/><T118/><D77/><N who="3" m="29769" /><G43/><T121/><D121/><U46/><E122/><V111/><F111/><W89/><G54/><T117/><N who="0" m="29696" /><DORA hai="27" /><T133/><D11/><U31/><E100/><V83/><F52/><W19/><G19/><T55/><REACH who="0" step="1"/><D133/><REACH who="0" ten="235,244,297,214" step="2"/><U108/><E108/><V29/><F107/><W51/><G51/><T95/><D95/><AGARI ba="0,1" hai="5,6,7,56,57,84,89,95" m="29769,25195" machi="95" ten="30,11600,0" yaku="8,1,52,3" doraHai="61,27" who="3" fromWho="0" sc="235,-116,244,0,297,0,214,126" owari="119,-38.1,244,-15.6,297,9.7,340,44.0" /></mjloggm>