<mjloggm ver="2.3"><GO type="225" lobby="0"/><UN n0="%E3%81%AF%E3%82%88%E3%81%8A%E3%81%98%E3%81%95%E3%82%93" n1="%6E%65%77%E8%BC%AA%E5%A4%A7%E7%B4%8D%E8%A8%80" n2="%E3%83%AD%E3%83%83%E3%83%86%E9%9B%80%E7%90%83" n3="%4B%2E%32%2E%4B%2E" dan="17,16,17,16" rate="2219.98,2110.82,2200.21,2075.15" sx="M,M,M,M"/><TAIKYOKU oya="0"/><INIT seed="0,0,0,0,1,40" ten="250,250,250,250" oya="0" hai0="77,82,90,125,105,71,113,83,26,62,1,121,117" hai1="89,42,106,28,102,72,96,21,66,80,107,14,59" hai2="127,16,95,110,27,130,22,8,44,43,131,32,100" hai3="2,91,49,118,17,58,10,47,87,134,60,108,101"/><T99/><D1/><U35/><E35/><V75/><F110/><W39/><G118/><T93/><D117/><U78/><E107/><V13/><F127/><W54/><G39/><T19/><D113/><U55/><E42/><V57/><F75/><W6/><G134/><T33/><D121/><U116/><E66/><V36/><F32/><W68/><G108/><T12/><D125/><U11/><E89/><V48/><F100/><W109/><G109/><T81/><D105/><U4/><E116/><V15/><F95/><W20/><G101/><T126/><D126/><U9/><E9/><V31/><REACH who="2" step="1"/><F15/><REACH who="2" ten="250,250,240,250" step="2"/><W97/><G68/><T18/><D12/><U23/><REACH who="1" step="1"/><E28/><REACH who="1" ten="250,240,240,250" step="2"/><V84/><F84/><W7/><G87/><T51/><D71/><U129/><E129/><V128/><F128/><W114/><G114/><T88/><D99/><U52/><E52/><AGARI ba="0,2" hai="8,13,16,22,27,31,36,43,44,48,52,57,130,131" machi="52" ten="40,8000,1" yaku="1,1,52,1,54,2,53,0" doraHai="40" doraHaiUra="86" who="2" fromWho="1" sc="250,0,240,-80,240,100,250,0" /><INIT seed="1,0,0,2,5,126" ten="250,160,340,250" oya="1" hai0="21,78,105,26,45,128,9,13,95,52,85,8,74" hai1="82,1,38,5,49,125,62,35,3,93,15,27,73" hai2="81,98,84,127,42,135,47,50,55,113,134,94,119" hai3="100,102,32,86,28,133,2,41,79,120,83,61,97"/><U51/><E125/><V70/><F119/><W76/><G2/><T115/><D115/><U89/><E38/><V101/><F127/><W108/><G120/><T107/><D74/><U114/><E114/><V80/><F70/><W99/><G108/><T30/><D128/><U22/><E35/><V121/><F121/><W132/><G41/><T36/><D8/><N who="1" m="4495" /><E73/><V6/><F113/><W123/><G61/><T117/><D117/><U68/><E68/><V29/><F29/><W34/><G28/><T25/><D25/><U12/><E1/><V64/><F64/><W65/><G65/><T106/><D36/><U56/><E12/><V90/><F6/><W17/><G17/><T20/><D21/><U48/><E82/><V88/><F42/><W112/><G112/><T92/><D13/><U33/><E3/><V122/><F122/><W39/><G123/><T19/><D9/><U14/><E14/><V23/><F23/><W71/><G71/><T75/><D75/><U110/><E33/><N who="3" m="12906" /><G76/><T16/><D19/><N who="1" m="12767" /><E110/><V7/><F7/><W46/><G39/><T18/><D18/><U31/><E31/><V124/><F124/><W66/><G79/><T59/><D30/><U58/><E62/><V130/><F130/><W104/><G83/><N who="0" m="47351" /><D45/><U44/><E44/><V24/><F24/><W96/><G46/><T77/><D77/><U37/><E37/><V111/><F111/><W109/><G109/><T129/><D129/><U91/><E91/><V63/><F63/><W72/><G72/><T11/><D11/><U53/><E58/><V69/><F69/><W67/><G104/><RYUUKYOKU ba="0,0" sc="250,10,160,10,340,10,250,-30" hai0="16,20,26,52,59,92,95,105,106,107" hai1="48,49,51,53,56,89,93" hai2="47,50,55,80,81,84,88,90,94,98,101,134,135" /><INIT seed="1,1,0,0,1,129" ten="260,170,350,220" oya="1" hai0="7,6,126,92,64,3,26,121,77,112,48,87,42" hai1="93,91,118,79,55,62,1,125,57,49,69,70,102" hai2="105,114,5,52,35,12,86,65,66,130,122,25,72" hai3="81,16,40,22,135,41,46,31,73,58,127,9,134"/><U96/><E118/><V2/><F2/><W100/><G127/><T27/><D112/><U99/><E125/><V113/><F72/><W36/><G41/><T120/><D126/><U103/><E1/><V13/><F122/><N who="0" m="47210" /><D64/><N who="2" m="24682" /><F5/><N who="0" m="1546" /><D3/><U83/><E91/><V110/><F110/><W21/><G100/><T0/><D0/><U75/><REACH who="1" step="1"/><E62/><REACH who="1" ten="260,160,350,220" step="2"/><V17/><F114/><W107/><G134/><T45/><D77/><U28/><E28/><V37/><F113/><W39/><G135/><T51/><D51/><U29/><E29/><V53/><F37/><W119/><G31/><T94/><D48/><U132/><E132/><V10/><F130/><W50/><G36/><T19/><D42/><U98/><E98/><V111/><F111/><W104/><G119/><T116/><D116/><U124/><E124/><V56/><F53/><W106/><G50/><T85/><D45/><U74/><E74/><V117/><F52/><W20/><G39/><T30/><D87/><U78/><E78/><V115/><F86/><W43/><G46/><T84/><D85/><U71/><E71/><V90/><F90/><W108/><G108/><T67/><D84/><U11/><E11/><V4/><F10/><W14/><G58/><T47/><D47/><U131/><E131/><V38/><F56/><W44/><G44/><T33/><D67/><U133/><E133/><V18/><F38/><W76/><AGARI ba="1,1" hai="9,14,16,20,21,22,40,43,73,76,81,104,106,107" machi="76" ten="40,2700,0" yaku="0,1,54,1" doraHai="129" who="3" fromWho="3" sc="260,-8,160,-14,350,-8,220,40" /><INIT seed="2,0,0,3,0,37" ten="252,146,342,260" oya="2" hai0="116,104,3,38,121,96,88,52,42,43,87,49,40" hai1="126,58,89,107,32,1,129,100,120,14,55,132,119" hai2="99,62,124,133,20,44,109,85,75,64,113,82,84" hai3="83,102,57,68,61,114,135,50,76,77,97,35,47"/><V45/><F124/><W46/><G68/><T134/><D121/><U54/><E119/><V128/><F133/><W66/><G35/><T80/><D3/><U111/><E1/><V23/><F128/><W15/><G135/><T36/><D134/><U127/><E132/><V13/><F75/><W8/><G114/><T34/><D34/><U65/><E129/><V25/><F113/><W22/><G22/><T103/><REACH who="0" step="1"/><D116/><REACH who="0" ten="242,146,342,260" step="2"/><U60/><E120/><V101/><F109/><W86/><G76/><T63/><D63/><U71/><E111/><V11/><F62/><W9/><G50/><T69/><D69/><U10/><E32/><V122/><F122/><W95/><REACH who="3" step="1"/><G8/><REACH who="3" ten="242,146,342,250" step="2"/><T51/><D51/><U90/><E10/><V98/><F11/><W72/><G72/><T30/><D30/><U108/><E108/><V29/><F29/><W31/><G31/><T94/><D94/><U26/><E60/><V73/><F73/><W41/><G41/><T130/><D130/><U70/><E71/><V125/><F23/><W115/><G115/><T112/><D112/><U67/><E70/><V6/><F20/><W117/><G117/><T18/><D18/><AGARI ba="0,2" hai="9,15,18,46,47,57,61,66,77,83,86,95,97,102" machi="18" ten="30,3900,0" yaku="1,1,7,1,8,1,53,0" doraHai="37" doraHaiUra="17" who="3" fromWho="0" sc="242,-39,146,0,342,0,250,59" /><INIT seed="3,0,0,0,5,94" ten="203,146,342,309" oya="3" hai0="87,54,11,115,123,66,111,70,38,55,59,10,84" hai1="52,63,85,30,18,62,68,56,122,125,39,98,133" hai2="29,127,74,100,44,72,36,21,33,65,22,75,8" hai3="93,40,128,50,104,13,121,116,49,32,120,2,103"/><W119/><G2/><T35/><D35/><U61/><E122/><N who="3" m="47210" /><G32/><T6/><D123/><U88/><E133/><V48/><F127/><W47/><G13/><T34/><D34/><U3/><E125/><V27/><F36/><N who="3" m="21895" /><G93/><T109/><D115/><U124/><E124/><V28/><F65/><W96/><G103/><T90/><D38/><U118/><E118/><N who="3" m="45098" /><G96/><T60/><D55/><U15/><E39/><V80/><F100/><W0/><G104/><T23/><D23/><N who="1" m="11743" /><E68/><V46/><F46/><W9/><G9/><T78/><D78/><U112/><E112/><V108/><F108/><N who="0" m="41546" /><D90/><U1/><E1/><V134/><F134/><W77/><G77/><T17/><D17/><U71/><E71/><V58/><F58/><W19/><G19/><T92/><D6/><U31/><E3/><V130/><F130/><W110/><G0/><T114/><D114/><U99/><E30/><V20/><F8/><W95/><G95/><T76/><D76/><U4/><E31/><V26/><REACH who="2" step="1"/><F80/><REACH who="2" ten="203,146,332,309" step="2"/><W7/><G110/><T117/><D117/><U43/><E43/><AGARI ba="0,1" hai="20,21,22,26,27,28,29,33,43,44,48,72,74,75" machi="43" ten="40,2600,0" yaku="1,1,2,1,53,0" doraHai="94" doraHaiUra="89" who="2" fromWho="1" sc="203,0,146,-26,332,36,309,0" owari="203,-19.7,120,-38.0,368,46.8,309,10.9" /></mjloggm>