<mjloggm ver="2.3"><GO type="225" lobby="0"/><UN n0="%E6%A1%9C%E8%8A%B1%E9%96%83%E3%80%85" n1="%E3%81%A9%E3%82%8F%E3%82%93%E3%81%94" n2="%E6%B4%BE%E9%81%A3%E3%81%AE%E3%82%B8%E3%83%A3%E3%83%83%E3%82%AF" n3="%E3%81%86%E3%83%BC%E3%81%B1%E3%83%BC" dan="17,16,16,16" rate="2152.16,2113.16,2155.24,2138.45" sx="M,M,M,F"/><TAIKYOKU oya="0"/><INIT seed="0,0,0,4,1,123" ten="250,250,250,250" oya="0" hai0="30,95,0,103,12,78,19,92,130,94,126,5,21" hai1="105,8,107,133,81,34,27,25,96,120,104,106,53" hai2="71,73,56,3,42,38,45,125,131,1,75,35,13" hai3="91,59,66,83,100,65,74,11,135,88,68,76,28"/><T129/><D126/><U61/><E120/><V22/><F71/><W43/><G68/><T23/><D78/><U44/><E133/><V6/><F35/><W60/><G66/><T112/><D112/><U113/><E113/><V16/><F125/><W20/><G135/><T41/><D41/><U29/><E81/><V80/><F131/><N who="0" m="50186" /><D0/><U52/><E8/><V57/><F1/><W124/><G124/><T97/><D5/><U2/><E2/><V93/><F93/><N who="0" m="35946" /><D30/><U116/><E116/><V119/><F119/><W7/><G100/><T118/><D118/><U110/><E29/><V99/><F99/><W90/><G43/><T4/><D4/><U58/><E96/><V51/><F51/><W128/><G128/><T32/><D32/><U10/><E34/><V117/><F117/><W70/><G70/><T15/><D23/><U33/><E33/><V69/><F69/><W87/><G20/><T48/><D48/><U64/><E107/><V79/><REACH who="2" step="1"/><F75/><REACH who="2" ten="250,250,240,250" step="2"/><W49/><G49/><T40/><D40/><U18/><E106/><V9/><AGARI ba="0,1" hai="3,6,9,13,16,22,38,42,45,56,57,73,79,80" machi="9" ten="30,12000,2" yaku="1,1,2,1,0,1,25,2,54,1,53,0" doraHai="123" doraHaiUra="26" who="2" fromWho="2" sc="250,-60,250,-30,240,130,250,-30" /><INIT seed="1,0,0,4,1,59" ten="190,220,370,220" oya="1" hai0="129,115,12,45,15,37,40,112,82,87,122,117,103" hai1="44,99,121,46,5,56,14,108,134,27,4,68,67" hai2="41,131,69,13,1,70,119,65,60,49,29,8,123" hai3="98,34,55,28,71,32,127,102,47,3,39,52,96"/><U48/><E121/><V51/><F1/><W81/><G3/><T116/><D122/><U36/><E134/><V133/><F123/><W84/><G127/><T10/><D129/><U57/><E27/><V105/><F29/><W21/><G71/><T61/><D103/><U30/><E30/><V132/><F105/><W20/><G34/><T125/><D125/><U107/><E14/><V7/><F119/><W0/><G0/><T126/><D126/><U22/><E22/><N who="3" m="8810" /><G39/><T74/><D74/><U23/><E23/><V6/><F131/><W106/><G106/><T26/><D26/><U58/><E99/><N who="3" m="37930" /><G32/><T75/><D75/><U17/><E107/><V83/><F69/><W19/><G28/><T89/><D15/><U9/><E68/><V77/><F6/><W90/><G102/><T79/><D89/><U25/><E36/><V101/><F101/><W95/><G19/><T100/><D100/><U91/><E5/><V86/><F49/><N who="3" m="28735" /><G55/><T124/><D124/><U16/><E4/><V18/><F18/><W35/><G35/><T109/><D116/><U130/><E17/><V66/><F66/><W78/><G78/><T42/><D117/><U104/><E104/><V135/><F135/><W85/><G85/><T64/><D40/><U33/><E67/><V72/><F72/><W114/><G114/><T118/><D118/><U43/><E130/><V113/><F113/><W53/><G53/><T62/><D64/><U88/><E33/><V38/><F38/><W73/><G73/><T92/><D112/><U76/><E43/><V97/><F132/><W80/><AGARI ba="0,0" hai="80,81,84,90,95" m="28735,37930,8810" machi="80" ten="30,4000,0" yaku="5,1,8,1,54,1" doraHai="59" who="3" fromWho="3" sc="190,-10,220,-20,370,-10,220,40" /><INIT seed="2,0,0,3,0,12" ten="180,200,360,260" oya="2" hai0="47,95,92,3,104,110,71,113,120,4,75,22,94" hai1="37,87,14,125,13,23,60,16,69,103,11,90,132" hai2="82,25,58,111,5,106,46,28,48,6,53,55,19" hai3="54,97,10,0,100,63,44,32,99,128,68,88,64"/><V50/><F106/><W112/><G32/><T134/><D120/><U122/><E37/><V96/><F111/><W80/><G128/><T8/><D113/><U98/><E122/><V42/><F96/><W73/><G112/><T45/><D110/><U93/><E132/><V21/><F82/><W129/><G129/><T85/><D75/><U117/><E125/><V76/><F76/><W123/><G123/><T49/><D134/><U15/><E117/><V1/><F1/><W57/><G44/><T41/><D104/><U77/><E77/><V116/><F116/><W114/><G114/><T56/><D71/><U30/><E69/><V84/><F84/><W83/><G73/><T130/><D130/><U102/><E60/><V74/><F74/><W33/><G33/><T118/><D118/><U38/><E38/><V52/><F28/><W131/><G131/><T7/><D7/><AGARI ba="0,0" hai="5,6,7,19,21,25,42,46,48,50,52,53,55,58" machi="7" ten="40,7700,0" yaku="8,1,52,1,54,1" doraHai="12" who="2" fromWho="0" sc="180,-77,200,0,360,77,260,0" /><INIT seed="2,1,0,5,5,84" ten="103,200,437,260" oya="2" hai0="55,49,15,80,105,9,119,58,2,34,90,81,19" hai1="71,52,64,6,133,106,102,54,29,107,57,117,25" hai2="3,86,36,115,97,111,60,118,68,51,100,66,98" hai3="31,130,23,103,126,40,108,95,46,18,116,42,21"/><V41/><F3/><W78/><G116/><T73/><D119/><U47/><E117/><V45/><F118/><W22/><G108/><T99/><D34/><U16/><E133/><V44/><F115/><W132/><G31/><T135/><D135/><U104/><E71/><V134/><F134/><W76/><G130/><T124/><D124/><U43/><E6/><V32/><F32/><W70/><G70/><T13/><D2/><U77/><E77/><V123/><F123/><W50/><G126/><T121/><D121/><U39/><E102/><V88/><F100/><W113/><G113/><T93/><D105/><U127/><E127/><V59/><F68/><W72/><G72/><T120/><D73/><U24/><E24/><V96/><F111/><W48/><G18/><T110/><D110/><U62/><REACH who="1" step="1"/><E16/><REACH who="1" ten="103,190,437,260" step="2"/><V30/><F30/><W131/><G132/><T1/><D120/><U122/><E122/><V112/><F112/><W7/><G7/><T109/><D109/><U85/><E85/><V128/><F128/><W38/><G131/><T8/><REACH who="0" step="1"/><D1/><REACH who="0" ten="93,190,437,260" step="2"/><U91/><E91/><V79/><F88/><W75/><G78/><T10/><D10/><U56/><E56/><V67/><F79/><W74/><G76/><T37/><D37/><U92/><E92/><V17/><F36/><W65/><G75/><T63/><D63/><U101/><E101/><V28/><F60/><W20/><G74/><T89/><D89/><U87/><E87/><V0/><F0/><W125/><G125/><T27/><D27/><U129/><E129/><V26/><F26/><W11/><G38/><RYUUKYOKU ba="1,2" sc="93,15,190,15,437,-15,260,-15" hai0="8,9,13,15,19,49,55,58,80,81,90,93,99" hai1="25,29,39,43,47,52,54,57,62,64,104,106,107" /><INIT seed="3,2,2,0,4,77" ten="108,205,422,245" oya="3" hai0="19,87,5,121,96,99,20,75,94,71,17,125,37" hai1="127,4,1,34,72,56,107,120,61,14,41,108,83" hai2="111,36,16,81,21,106,66,15,13,54,0,48,52" hai3="115,51,130,22,104,135,33,69,45,42,74,2,109"/><W62/><RYUUKYOKU type="yao9" ba="2,2" sc="108,0,205,0,422,0,245,0" hai3="2,22,33,42,45,51,62,69,74,104,109,115,130,135" /><INIT seed="3,3,2,2,0,103" ten="108,205,422,245" oya="3" hai0="36,3,132,31,48,68,66,117,77,8,5,94,45" hai1="76,0,98,113,115,2,60,40,97,71,121,88,28" hai2="26,120,73,58,126,7,34,119,55,46,112,44,24" hai3="72,63,99,107,27,11,42,6,87,12,82,109,61"/><W78/><G109/><T105/><D117/><U90/><E121/><V108/><F73/><W18/><G72/><T96/><D132/><U130/><E76/><V62/><F108/><W133/><G133/><T110/><D110/><U4/><E40/><V91/><F112/><W101/><G42/><T123/><D123/><U100/><E28/><V30/><F126/><W54/><G54/><T125/><D125/><U9/><E130/><V135/><F135/><W52/><G52/><T102/><D36/><U80/><E0/><V43/><F120/><W17/><G17/><T92/><D77/><U79/><E71/><V89/><F119/><W118/><G118/><T134/><D134/><U83/><E60/><V106/><F106/><W32/><G32/><T114/><D114/><U86/><E98/><V21/><F7/><W14/><G27/><T53/><REACH who="0" step="1"/><D31/><REACH who="0" ten="98,205,422,245" step="2"/><U65/><E115/><V50/><F44/><W116/><G116/><T131/><D131/><U41/><E113/><V122/><F122/><W67/><G67/><T13/><D13/><U37/><E65/><V129/><F129/><W85/><G14/><T35/><D35/><U64/><E64/><V49/><F34/><W15/><G78/><T38/><D38/><U1/><E1/><V74/><F46/><W70/><G12/><T84/><D84/><U29/><E37/><V39/><F39/><W51/><G85/><T111/><D111/><U59/><E86/><V95/><F74/><W56/><G15/><T75/><D75/><N who="1" m="43135" /><E2/><V124/><F124/><W19/><G87/><T104/><D104/><U10/><E4/><RYUUKYOKU ba="3,3" sc="98,30,205,-10,422,-10,245,-10" hai0="3,5,8,45,48,53,66,68,92,94,96,102,105" owari="128,-37.2,195,-20.5,442,54.2,235,3.5" /></mjloggm>