<mjloggm ver="2.3"><GO type="225" lobby="0"/><UN n0="%E3%83%B4%E3%83%A0%EF%BC%99%E3%81%A6" n1="%77%72%77%72%77%72%77%72" n2="%E3%81%8B%E3%82%8F%E3%81%A1%E3%82%83%E3%82%93%35%38" n3="%E5%BE%80%E5%B9%B4%E3%81%AE%E3%82%B4%E3%83%AA%E3%83%A9" dan="16,16,16,16" rate="2158.69,2144.79,2101.17,2119.63" sx="M,M,M,M"/><TAIKYOKU oya="0"/><INIT seed="0,0,0,3,2,134" ten="250,250,250,250" oya="0" hai0="79,124,120,27,52,28,93,122,107,29,13,56,112" hai1="24,90,86,32,1,75,25,82,5,21,91,118,26" hai2="33,97,113,58,77,70,89,12,54,85,92,19,62" hai3="42,114,63,6,101,68,69,4,115,23,37,66,3"/><T2/><D2/><U14/><E118/><V39/><F113/><W61/><G101/><T9/><D107/><U87/><E75/><V18/><F39/><W72/><G23/><T60/><D112/><U125/><E125/><V50/><F33/><W35/><G35/><T80/><D93/><U117/><E117/><V34/><F34/><W88/><G72/><T43/><D43/><U123/><E123/><V55/><F70/><W36/><G42/><T51/><D124/><U95/><E1/><V94/><F12/><W76/><G76/><T81/><D81/><U53/><E53/><V135/><F135/><W126/><G3/><T108/><D108/><U130/><E130/><V129/><F129/><W74/><G74/><T116/><D116/><U127/><E127/><V104/><F104/><W100/><G100/><T98/><D98/><U17/><REACH who="1" step="1"/><E32/><REACH who="1" ten="250,240,250,250" step="2"/><V128/><F128/><W44/><G126/><T0/><D0/><U103/><E103/><N who="2" m="60839" /><F77/><W41/><G115/><T84/><D120/><U48/><E48/><V15/><F15/><W111/><G114/><T73/><D122/><U96/><E96/><V49/><F49/><W121/><G121/><T132/><D73/><U16/><E16/><N who="2" m="6187" /><F50/><W102/><G102/><T10/><D132/><U30/><E30/><V119/><F119/><W45/><G37/><T131/><D131/><U64/><E64/><AGARI ba="0,1" hai="54,55,58,62,64,85,89,94" m="6187,60839" machi="64" ten="30,2000,0" yaku="8,1,54,1" doraHai="134" who="2" fromWho="1" sc="250,0,240,-20,250,30,250,0" /><INIT seed="1,0,0,5,1,82" ten="250,220,280,250" oya="1" hai0="11,34,61,23,9,100,69,19,97,24,64,14,63" hai1="92,119,21,102,7,6,76,47,122,93,72,8,89" hai2="110,77,73,105,50,12,40,104,124,31,135,30,2" hai3="33,54,28,18,13,118,103,4,101,58,128,15,74"/><U126/><E119/><V96/><F2/><W131/><G74/><T48/><D48/><U20/><E122/><V60/><F60/><W57/><G118/><T16/><D61/><U38/><E126/><V22/><F77/><W45/><G45/><T111/><D111/><U26/><E72/><V53/><F73/><W120/><G120/><T116/><D116/><U52/><E76/><V42/><F12/><W91/><G28/><T88/><D88/><U71/><E71/><V59/><F22/><W112/><G33/><T44/><D44/><U56/><E47/><V70/><F96/><W41/><G91/><T113/><D113/><U65/><E65/><V78/><F78/><W114/><G54/><T68/><D68/><U121/><E20/><V51/><F70/><W106/><G106/><N who="0" m="63759" /><D19/><N who="1" m="12607" /><E38/><V130/><F59/><W86/><G18/><T3/><D3/><U132/><E121/><V46/><F46/><W108/><G108/><T32/><D32/><U125/><E125/><V83/><F110/><W27/><G114/><T81/><D34/><U115/><E115/><V129/><F124/><W94/><G112/><T134/><D24/><U62/><E132/><V133/><F53/><W67/><G27/><T98/><D134/><U49/><E62/><V85/><F83/><W109/><G109/><T79/><D81/><U0/><E7/><V123/><F123/><W55/><G4/><T39/><D79/><U37/><E37/><V25/><F25/><W5/><G5/><T66/><D39/><U75/><E75/><V99/><F99/><W95/><G67/><N who="0" m="25643" /><D98/><N who="1" m="57615" /><E102/><V10/><BYE who="1" /><F10/><UN n1="%77%72%77%72%77%72%77%72" /><RYUUKYOKU ba="0,0" sc="250,10,220,10,280,10,250,-30" hai0="9,11,14,16,23,63,69" hai1="0,6,8,49,52,56,93" hai2="30,31,40,42,50,51,85,104,105,129,130,133,135" /><INIT seed="1,1,0,1,3,45" ten="260,230,290,220" oya="1" hai0="132,82,39,134,108,87,47,36,31,37,15,24,92" hai1="66,129,117,79,100,77,22,85,16,52,107,28,111" hai2="130,7,72,121,26,69,49,14,57,3,75,123,44" hai3="76,93,116,20,43,12,11,46,113,13,119,9,27"/><U126/><E117/><N who="3" m="45130" /><G113/><T33/><D108/><U10/><E111/><V59/><F69/><W61/><G61/><T30/><D30/><U64/><E129/><V4/><F14/><N who="3" m="5739" /><G76/><T110/><D110/><U67/><E126/><V8/><F26/><W99/><G93/><T42/><D92/><U2/><E28/><V114/><F114/><W81/><G81/><T86/><D15/><N who="1" m="7287" /><E2/><V1/><F44/><W6/><G99/><T84/><REACH who="0" step="1"/><D82/><REACH who="0" ten="250,230,290,220" step="2"/><U88/><E107/><V65/><F8/><W18/><G6/><T103/><D103/><U106/><E100/><V95/><F95/><W125/><G125/><T74/><D74/><U94/><E106/><V124/><F124/><W55/><G11/><T120/><D120/><U29/><E29/><V0/><F0/><W5/><G9/><T135/><AGARI ba="1,1" hai="24,31,33,36,37,39,42,47,84,86,87,132,134,135" machi="135" ten="40,8000,1" yaku="1,1,0,1,20,1,53,1" doraHai="45" doraHaiUra="25" who="0" fromWho="0" sc="250,93,230,-41,290,-21,220,-21" /><INIT seed="2,0,0,1,4,16" ten="343,189,269,199" oya="2" hai0="134,39,75,57,10,25,74,17,31,104,24,100,79" hai1="44,53,119,34,72,132,99,116,85,128,80,86,64" hai2="54,47,90,20,96,43,50,0,26,23,106,82,11" hai3="73,110,58,18,65,131,105,69,49,91,40,55,83"/><V123/><F123/><W67/><G105/><T126/><D39/><U89/><E34/><V117/><F117/><W68/><G110/><T60/><D126/><U113/><E113/><V8/><F0/><W94/><G131/><T36/><D36/><U52/><E72/><V97/><F106/><W32/><G32/><T59/><D59/><U28/><E128/><V101/><F43/><W15/><G40/><T129/><D134/><U121/><E132/><V124/><F124/><W71/><G83/><T115/><D115/><U27/><E121/><V133/><F133/><W30/><G30/><T63/><D63/><U120/><E120/><V92/><F23/><W37/><G73/><T88/><D31/><U46/><E64/><V13/><F13/><W35/><G37/><T77/><D24/><U33/><E99/><V2/><F2/><W118/><G35/><T84/><D75/><U29/><E29/><V5/><F5/><W22/><REACH who="3" step="1"/><G118/><REACH who="3" ten="343,189,269,189" step="2"/><T122/><D74/><U19/><E119/><V130/><F130/><W9/><G9/><T76/><D10/><U108/><E116/><V125/><F125/><W14/><G14/><T61/><D129/><U1/><E108/><V12/><F12/><W98/><AGARI ba="0,1" hai="15,18,22,49,55,58,65,67,68,69,71,91,94,98" machi="98" ten="30,7900,0" yaku="1,1,0,1,52,1,53,1" doraHai="16" doraHaiUra="87" who="3" fromWho="3" sc="343,-20,189,-20,269,-39,189,89" /><INIT seed="3,0,0,3,3,12" ten="323,169,230,278" oya="3" hai0="95,60,83,106,123,81,78,19,115,4,53,48,65" hai1="43,124,86,29,27,113,41,114,37,24,87,80,40" hai2="94,54,6,105,127,98,75,31,44,34,57,108,1" hai3="39,33,35,61,14,85,84,52,17,111,63,74,104"/><W121/><G74/><T59/><D106/><U135/><E37/><V69/><F69/><W42/><G121/><T73/><D123/><U20/><E135/><V2/><F75/><W32/><G104/><T79/><D115/><U82/><E124/><V7/><F105/><W100/><G100/><T126/><D126/><U16/><E86/><V101/><F127/><W125/><G125/><T129/><D129/><U67/><E67/><V70/><F70/><W5/><G5/><T116/><D116/><U50/><E50/><V72/><F72/><W47/><G63/><T97/><D4/><U132/><E132/><V103/><F103/><W92/><G92/><T99/><D19/><U133/><E133/><V130/><F130/><W89/><G89/><T91/><D97/><U22/><REACH who="1" step="1"/><E80/><REACH who="1" ten="323,159,230,278" step="2"/><V117/><F1/><W51/><G39/><T68/><D73/><U88/><AGARI ba="0,1" hai="16,20,22,24,27,29,40,41,43,82,87,88,113,114" machi="88" ten="30,12000,2" yaku="1,1,2,1,0,1,52,1,54,2,53,1" doraHai="12" doraHaiUra="15" who="1" fromWho="1" sc="323,-30,159,130,230,-30,278,-60" /><INIT seed="4,0,0,2,1,11" ten="293,289,200,218" oya="0" hai0="122,47,6,94,29,134,88,46,30,91,5,50,51" hai1="104,31,99,120,131,80,28,81,86,85,0,123,114" hai2="125,124,92,108,118,106,103,119,78,121,87,76,20" hai3="55,15,107,113,53,95,79,39,75,64,68,44,3"/><T26/><D122/><U117/><E0/><V129/><F20/><W135/><G107/><T23/><D134/><U22/><E117/><N who="2" m="44555" /><F121/><N who="1" m="46665" /><E22/><V18/><F18/><W9/><G113/><T83/><D83/><N who="1" m="31819" /><E114/><V93/><F108/><W36/><G135/><T37/><D37/><U58/><E58/><V73/><F73/><W35/><G35/><T116/><D116/><U97/><E104/><V42/><F42/><W43/><G39/><T21/><D94/><N who="2" m="36458" /><F87/><N who="1" m="33289" /><E131/><V40/><F40/><W56/><G95/><T132/><D132/><U127/><E127/><N who="2" m="48715" /><F129/><W54/><G36/><T98/><D98/><AGARI ba="0,0" hai="28,31,97,98,99" m="33289,31819,46665" machi="98" ten="30,2000,0" yaku="28,2" doraHai="11" who="1" fromWho="0" sc="293,-20,289,20,200,0,218,0" /><AGARI ba="0,0" hai="76,78,98,103,106" m="48715,36458,44555" machi="98" ten="40,8000,1" yaku="12,1,18,1,34,2" doraHai="11" who="2" fromWho="0" sc="273,-80,309,0,200,80,218,0" owari="193,-30.7,309,40.9,280,8.0,218,-18.2" /></mjloggm>