<mjloggm ver="2.3"><GO type="225" lobby="0"/><UN n0="%E5%B0%8F%E9%B3%A5%E9%81%8A%E7%B7%B4%E7%84%A1%32%31%E6%AD%B3" n1="%E7%99%BD%E6%97%A5%E9%9B%AA%E8%8F%9C" n2="%E3%83%A9%E3%83%BC%E3%83%A1%E3%83%B3%E4%BA%94%E9%83%8E" n3="%E3%81%95%E3%82%88%E3%81%AA%E3%82%89%E3%83%9A%E3%81%BA%E3%83%9A" dan="16,17,16,16" rate="2177.36,2142.26,2116.68,2118.93" sx="F,M,M,F"/><TAIKYOKU oya="0"/><INIT seed="0,0,0,0,2,39" ten="250,250,250,250" oya="0" hai0="76,80,91,85,58,130,9,97,75,82,87,55,101" hai1="96,45,65,131,5,68,13,93,86,106,52,128,134" hai2="104,121,120,7,37,107,111,53,78,71,41,54,70" hai3="30,113,62,119,23,95,118,4,103,50,126,129,60"/><T122/><D130/><N who="1" m="49707" /><E134/><V46/><F7/><W133/><G113/><T74/><D122/><N who="2" m="47210" /><F78/><W19/><G129/><T100/><D9/><N who="1" m="4271" /><E106/><V98/><F98/><N who="3" m="59871" /><G126/><T59/><D59/><U132/><E132/><V79/><F79/><W29/><G133/><T35/><D35/><U14/><E14/><V61/><F107/><W89/><G119/><T66/><D66/><U109/><E109/><V11/><F11/><W21/><G118/><T92/><D55/><N who="2" m="21002" /><F104/><W69/><G69/><N who="2" m="26121" /><F61/><N who="3" m="23659" /><G4/><T67/><D67/><U127/><E65/><V64/><F64/><W135/><G135/><T12/><D58/><U110/><E68/><V32/><F32/><W56/><G89/><N who="0" m="51383" /><D12/><U17/><E110/><AGARI ba="0,0" hai="37,41,46,110,111" m="26121,21002,47210" machi="110" ten="40,5200,0" yaku="34,2,52,1" doraHai="39" who="2" fromWho="1" sc="250,0,250,-52,250,52,250,0" /><INIT seed="1,0,0,1,4,46" ten="250,198,302,250" oya="1" hai0="52,89,56,73,48,86,72,76,134,74,123,62,7" hai1="30,1,12,79,104,35,135,23,85,51,47,39,95" hai2="127,114,84,18,121,9,53,10,34,11,29,110,118" hai3="40,45,97,22,131,130,28,106,91,38,44,82,111"/><U105/><E135/><V103/><F118/><W2/><G2/><T4/><D134/><U117/><E117/><V126/><F121/><W83/><G111/><T5/><D123/><U36/><E1/><V124/><F110/><W26/><G106/><T43/><D76/><U3/><E3/><V57/><F114/><W108/><G108/><T15/><D15/><U6/><E35/><V71/><F71/><W96/><G45/><T102/><D102/><U8/><E105/><V115/><F115/><W70/><G70/><T78/><D78/><U65/><E104/><V116/><F116/><W119/><G119/><T93/><REACH who="0" step="1"/><D43/><REACH who="0" ten="240,198,302,250" step="2"/><N who="1" m="25087" /><E65/><V87/><F103/><W66/><G66/><T88/><D88/><N who="1" m="53647" /><E39/><V92/><F126/><W31/><G91/><T99/><D99/><U77/><E36/><V14/><F127/><W107/><G97/><T109/><D109/><U33/><E33/><V113/><F124/><W50/><G96/><T41/><D41/><U60/><E60/><AGARI ba="0,1" hai="4,5,7,48,52,56,60,62,72,73,74,86,89,93" machi="60" ten="50,6400,0" yaku="1,1,52,1,54,1,53,0" doraHai="46" doraHaiUra="68" who="0" fromWho="1" sc="240,74,198,-64,302,0,250,0" /><INIT seed="2,0,0,3,3,127" ten="314,134,302,250" oya="2" hai0="90,87,89,107,55,6,71,83,33,80,65,115,36" hai1="48,79,101,17,37,49,50,88,20,26,99,104,57" hai2="2,97,1,77,116,118,8,110,95,7,67,113,16" hai3="35,12,44,14,41,91,11,93,66,31,59,117,125"/><V130/><F113/><W3/><G117/><T53/><D36/><U56/><E37/><V52/><F1/><W76/><G125/><T109/><D33/><U131/><E79/><V24/><F67/><W51/><G3/><T39/><D107/><U60/><E60/><V102/><F77/><W27/><G76/><T63/><D39/><U75/><E75/><V123/><F123/><W28/><G28/><T0/><D115/><U10/><E131/><V25/><F130/><W42/><G42/><T96/><D109/><U84/><REACH who="1" step="1"/><E10/><REACH who="1" ten="314,124,302,250" step="2"/><V30/><F116/><W98/><REACH who="3" step="1"/><G11/><REACH who="3" ten="314,124,302,240" step="2"/><T94/><D0/><U34/><E34/><V100/><F118/><W22/><G22/><T4/><D4/><U122/><E122/><V32/><F2/><W82/><G82/><AGARI ba="0,2" hai="17,20,26,48,49,50,56,57,82,84,88,99,101,104" machi="82" ten="40,8000,1" yaku="1,1,54,1,53,2" doraHai="127" doraHaiUra="54" who="1" fromWho="3" sc="314,0,124,100,302,0,240,-80" /><INIT seed="3,0,0,1,4,132" ten="314,224,302,160" oya="3" hai0="117,6,101,61,28,125,131,31,100,22,86,25,84" hai1="78,48,54,134,110,80,106,92,102,32,17,47,126" hai2="9,15,97,128,67,91,87,62,96,94,70,11,118" hai3="3,74,56,68,109,90,2,93,39,29,60,83,4"/><W0/><G109/><T27/><D117/><U98/><E134/><V34/><F118/><W99/><G39/><T46/><D125/><U12/><E110/><V26/><F128/><W119/><G119/><T76/><D6/><U58/><E32/><V51/><F51/><W7/><G68/><T124/><D124/><U135/><E135/><V13/><F34/><W45/><G45/><T81/><D131/><U66/><E126/><V10/><F26/><W116/><G116/><T111/><D111/><U107/><E66/><V75/><F75/><W40/><G40/><T113/><D113/><U20/><E47/><V133/><F133/><W37/><G37/><T69/><D84/><AGARI ba="0,0" hai="12,17,20,48,54,58,78,80,84,92,98,102,106,107" machi="84" ten="30,1000,0" yaku="7,1" doraHai="132" who="1" fromWho="0" sc="314,-10,224,10,302,0,160,0" owari="304,40.4,234,-16.6,302,10.2,160,-34.0" /></mjloggm>