<mjloggm ver="2.3"><GO type="225" lobby="0"/><UN n0="%E5%B8%86%E7%AB%8B%E5%A4%8F%E8%A1%A3" n1="%E5%A0%80%E5%B7%9D%E9%9B%B7%E9%BC%93" n2="%E6%97%A5%E6%9B%9C%E6%97%A5%E3%82%88%E3%82%8A%E3%81%AE%E4%BD%BF%E8%80%85" n3="%E3%81%82%E3%81%84%E3%81%82%E3%81%8A%E3%81%84" dan="17,16,17,18" rate="2155.40,2065.92,2161.25,2196.68" sx="M,F,M,M"/><TAIKYOKU oya="0"/><INIT seed="0,0,0,0,0,95" ten="250,250,250,250" oya="0" hai0="89,90,101,84,94,117,42,5,87,62,68,15,121" hai1="104,131,9,69,118,19,88,27,4,98,23,38,73" hai2="33,7,13,35,55,36,91,31,50,113,92,32,93" hai3="133,46,110,40,70,16,74,57,65,2,29,78,44"/><T14/><D117/><U60/><E38/><V82/><F36/><W0/><G70/><T52/><D121/><U43/><E118/><V48/><F113/><W108/><G29/><T17/><D42/><U115/><E73/><V100/><F31/><W85/><G74/><T53/><D101/><U59/><E69/><V80/><F100/><W135/><G78/><T86/><D68/><U6/><E131/><V119/><F119/><W11/><G85/><T79/><D79/><U64/><E115/><V127/><F127/><W126/><G126/><T75/><D75/><U76/><E76/><V10/><F93/><W122/><G122/><T8/><D62/><U58/><E43/><V20/><F20/><W39/><G46/><T81/><D87/><U34/><E34/><V45/><REACH who="2" step="1"/><F50/><REACH who="2" ten="250,250,240,250" step="2"/><W123/><G123/><T25/><D25/><U77/><E104/><V54/><F54/><W124/><G124/><T61/><D61/><N who="1" m="37943" /><E9/><AGARI ba="0,1" hai="5,8,9,14,15,17,52,53,81,84,86,89,90,94" machi="9" ten="30,5800,0" yaku="7,1,8,1,54,1" doraHai="95" who="0" fromWho="1" sc="250,68,250,-58,240,0,250,0" /><INIT seed="0,1,0,0,4,59" ten="318,192,240,250" oya="0" hai0="122,47,20,120,95,97,18,2,26,72,121,19,76" hai1="84,94,44,109,9,1,62,13,88,132,112,7,30" hai2="11,15,78,64,6,68,45,124,10,107,129,87,65" hai3="79,48,82,25,81,35,85,12,39,22,110,8,91"/><T40/><D2/><U86/><E109/><V135/><F107/><W118/><G110/><T128/><D128/><U117/><E117/><V61/><F129/><W49/><G39/><T21/><D72/><U105/><E105/><V58/><F124/><W57/><G35/><T42/><D76/><U90/><E132/><V37/><F135/><W104/><G104/><T51/><D42/><U66/><E112/><V4/><F37/><W126/><G126/><T5/><D5/><U83/><E30/><V75/><F75/><W70/><G70/><T77/><D77/><U69/><REACH who="1" step="1"/><E44/><REACH who="1" ten="318,182,240,250" step="2"/><V3/><F45/><W38/><G118/><T127/><D127/><U119/><E119/><V63/><REACH who="2" step="1"/><F78/><REACH who="2" ten="318,182,230,250" step="2"/><W71/><G79/><T55/><D121/><U23/><E23/><V29/><F29/><W41/><G22/><T16/><D122/><U89/><E89/><V98/><F98/><W114/><G91/><N who="0" m="55551" /><D120/><U14/><AGARI ba="1,2" hai="1,7,9,13,14,62,66,69,83,84,86,88,90,94" machi="14" ten="30,7900,0" yaku="1,1,0,1,52,1,54,1,53,0" doraHai="59" doraHaiUra="24" who="1" fromWho="1" sc="318,-40,182,102,230,-21,250,-21" /><INIT seed="1,0,0,0,5,104" ten="278,284,209,229" oya="1" hai0="87,13,43,116,90,105,110,134,4,49,0,123,53" hai1="9,106,1,132,94,93,26,21,20,47,120,25,72" hai2="32,100,95,91,80,40,58,11,8,133,69,61,34" hai3="71,36,75,2,128,62,76,113,37,15,57,18,81"/><U111/><E106/><V119/><F119/><W22/><G113/><T84/><D116/><U59/><E120/><V23/><F69/><W35/><G128/><T54/><D123/><U107/><E107/><V85/><F133/><W17/><G35/><T115/><D115/><U118/><E118/><V73/><F40/><W42/><G2/><T30/><D110/><U129/><E72/><V130/><F130/><W16/><G71/><T39/><D134/><U24/><E132/><V86/><F23/><N who="1" m="8777" /><E1/><V127/><F127/><W55/><REACH who="3" step="1"/><G42/><REACH who="3" ten="278,284,209,219" step="2"/><T103/><D43/><U45/><E129/><V10/><F34/><W14/><G14/><T126/><D13/><U79/><E111/><V70/><F32/><W131/><G131/><T92/><D0/><U33/><E33/><V3/><F70/><W97/><G97/><T52/><D126/><U89/><E24/><V68/><F68/><W41/><G41/><T96/><D96/><U125/><E25/><V109/><F3/><W63/><G63/><T50/><D50/><U46/><E26/><V64/><F109/><W122/><G122/><T27/><D49/><U5/><E125/><V135/><F135/><W7/><G7/><T44/><D4/><U66/><E5/><V12/><F12/><W48/><G48/><T78/><D27/><U98/><E98/><N who="2" m="59487" /><F73/><W56/><G56/><T29/><D44/><U108/><E45/><V121/><F121/><W19/><AGARI ba="0,1" hai="15,16,17,18,19,22,36,37,55,57,62,75,76,81" machi="19" ten="30,7900,0" yaku="1,1,0,1,52,1,54,1,53,0" doraHai="104" doraHaiUra="83" who="3" fromWho="3" sc="278,-20,284,-39,209,-20,219,89" /><INIT seed="2,0,0,4,2,13" ten="258,245,189,308" oya="2" hai0="47,106,53,46,75,42,90,117,129,84,54,17,100" hai1="77,83,88,115,95,51,33,108,0,2,19,125,6" hai2="8,68,80,15,41,102,121,81,58,97,25,60,124" hai3="36,107,64,29,132,74,3,34,134,48,122,44,93"/><V131/><F121/><W7/><G107/><T14/><D129/><U127/><E115/><V57/><F68/><W116/><G74/><T35/><D35/><U32/><E51/><V70/><F70/><W56/><G116/><T30/><D117/><U39/><E39/><V96/><F131/><W62/><G36/><T111/><D111/><U89/><E19/><N who="2" m="8679" /><F124/><N who="1" m="47689" /><E108/><V71/><F71/><W119/><G119/><T65/><D75/><N who="1" m="43455" /><E89/><V22/><F41/><W101/><G122/><T20/><D65/><U86/><E6/><V126/><F126/><W110/><G7/><T38/><D47/><U61/><E61/><V4/><F4/><W23/><G62/><T91/><D91/><U11/><E11/><V130/><F130/><W87/><G44/><T21/><D100/><U40/><E40/><V104/><F104/><W63/><G101/><T45/><D106/><U9/><E9/><V69/><F69/><W78/><G110/><T31/><D45/><U49/><E49/><V43/><F43/><W27/><G48/><T5/><D5/><U24/><E24/><V66/><F57/><W120/><G56/><T18/><D53/><U50/><E50/><V94/><F97/><W92/><G120/><T113/><D54/><U114/><E114/><V105/><F105/><W103/><G64/><T135/><D113/><U37/><E37/><V133/><F133/><W109/><G134/><T16/><D135/><U73/><E73/><V79/><F79/><W72/><G132/><T1/><D1/><AGARI ba="0,0" hai="0,1,2,32,33,86,88,95" m="43455,47689" machi="1" ten="30,2000,0" yaku="18,1,54,1" doraHai="13" who="1" fromWho="0" sc="258,-20,245,20,189,0,308,0" /><INIT seed="3,0,0,5,0,20" ten="238,265,189,308" oya="3" hai0="67,121,32,37,45,91,87,59,102,39,77,52,135" hai1="133,80,113,120,51,17,12,129,78,106,94,2,49" hai2="16,82,43,109,47,96,99,25,98,62,0,58,42" hai3="112,63,3,56,76,18,93,134,132,111,4,8,68"/><W131/><G112/><T74/><D121/><U66/><E106/><V114/><F114/><W124/><G124/><T116/><D116/><U75/><E2/><V73/><F0/><W14/><G131/><T35/><D102/><U6/><E113/><V46/><F109/><W83/><G93/><T7/><D67/><U110/><E120/><V123/><F123/><W115/><G68/><T128/><D7/><U69/><E6/><V72/><F72/><W125/><G125/><T22/><D128/><U70/><E129/><V28/><F73/><W5/><G115/><T26/><D135/><N who="3" m="51753" /><G3/><T108/><D108/><U64/><E133/><V100/><F82/><W41/><G41/><N who="2" m="15369" /><F28/><W85/><G111/><T30/><D45/><N who="2" m="16906" /><F100/><W9/><G9/><T117/><D117/><U33/><E33/><V44/><N who="2" m="16914" /><V90/><DORA hai="122" /><F90/><W105/><G105/><T15/><D35/><U1/><E1/><V126/><F126/><W86/><G85/><T130/><D130/><U84/><E110/><V10/><F10/><W81/><G81/><N who="0" m="49647" /><D74/><U21/><E75/><V23/><F98/><W65/><AGARI ba="0,0" hai="4,5,8,14,18,56,63,65,76,83,86" m="51753" machi="65" ten="30,1500,0" yaku="20,1" doraHai="20,122" who="3" fromWho="3" sc="238,-5,265,-5,189,-5,308,15" owari="233,-16.7,260,6.0,184,-31.6,323,42.3" /></mjloggm>