<mjloggm ver="2.3"><GO type="225" lobby="0"/><UN n0="%E5%B8%86%E7%AB%8B%E5%A4%8F%E8%A1%A3" n1="%E5%80%89%E6%A9%8B%EF%BC%A0%E4%BA%8B%E5%8B%99" n2="%E3%81%A1%E3%82%85%E3%81%86%E3%81%A9%E3%81%8F%E8%B1%A1%E3%81%95%E3%82%93" n3="%54%4F%52" dan="17,16,17,17" rate="2152.55,2107.91,2181.40,2249.91" sx="M,M,M,M"/><TAIKYOKU oya="0"/><INIT seed="0,0,0,5,0,129" ten="250,250,250,250" oya="0" hai0="78,7,79,72,82,0,124,57,36,17,54,127,49" hai1="61,95,105,40,123,28,85,14,6,39,24,89,21" hai2="122,59,125,62,74,35,131,128,25,69,92,48,33" hai3="126,30,50,77,15,112,46,104,29,115,91,58,98"/><T99/><D79/><U87/><E123/><V1/><F122/><W41/><G126/><T73/><D73/><U84/><E105/><V47/><F74/><W65/><G77/><T97/><D17/><U44/><REACH who="1" step="1"/><E61/><REACH who="1" ten="250,240,250,250" step="2"/><V118/><F62/><W3/><G112/><T32/><D127/><U117/><E117/><V34/><F128/><W26/><G115/><T96/><D124/><U31/><E31/><V13/><F131/><W11/><G104/><T63/><D63/><U70/><E70/><V67/><F69/><W18/><G30/><T71/><D71/><U75/><E75/><V109/><F118/><W101/><G29/><T23/><D32/><U132/><E132/><V60/><F33/><W16/><G65/><T81/><D72/><U114/><E114/><V42/><F34/><W80/><G50/><T12/><D49/><U93/><E93/><V22/><F35/><W52/><G41/><T100/><D36/><U135/><E135/><V45/><F125/><W111/><G111/><T20/><D82/><U83/><E83/><V110/><F92/><W107/><G80/><T43/><D81/><U9/><AGARI ba="0,1" hai="6,9,14,21,24,28,39,40,44,84,85,87,89,95" machi="9" ten="30,4000,0" yaku="1,1,0,1,53,1" doraHai="129" doraHaiUra="5" who="1" fromWho="1" sc="250,-20,240,50,250,-10,250,-10" /><INIT seed="1,0,0,2,5,122" ten="230,290,240,240" oya="1" hai0="78,10,45,65,127,133,60,16,80,73,76,98,6" hai1="97,105,43,134,81,39,119,30,37,62,54,85,3" hai2="67,111,23,56,124,84,90,64,59,0,28,109,58" hai3="82,8,1,15,4,2,57,120,102,9,44,68,38"/><U35/><E119/><V94/><F0/><W99/><G68/><T116/><D127/><U33/><E3/><V123/><F123/><W72/><G120/><T42/><D133/><U48/><E62/><V79/><F124/><W14/><G57/><T131/><D131/><U49/><E43/><V25/><REACH who="2" step="1"/><F79/><REACH who="2" ten="230,290,230,240" step="2"/><W22/><G2/><T32/><D76/><U20/><E134/><V13/><F13/><W130/><G130/><T24/><D116/><U26/><E35/><V18/><F18/><W112/><G1/><T27/><D32/><U53/><E33/><V96/><F96/><W86/><G14/><T12/><D6/><U71/><E97/><V125/><F125/><W17/><G15/><T50/><REACH who="0" step="1"/><D98/><REACH who="0" ten="220,290,230,240" step="2"/><U91/><E105/><V75/><F75/><W117/><G72/><T128/><D128/><U31/><E31/><V61/><F61/><W110/><G99/><T21/><D21/><U29/><E30/><V5/><F5/><W113/><G22/><T103/><D103/><U7/><E7/><V52/><F52/><W104/><G4/><T77/><D77/><U83/><E54/><V47/><F47/><W92/><G44/><T115/><D115/><U126/><E126/><V40/><F40/><W106/><G112/><T101/><D101/><U95/><E53/><V51/><F51/><W19/><G102/><T118/><D118/><U70/><E49/><V69/><F69/><AGARI ba="0,2" hai="10,12,16,24,27,42,45,50,60,65,69,73,78,80" machi="69" ten="30,7700,0" yaku="1,1,7,1,54,1,53,1" doraHai="122" doraHaiUra="36" who="0" fromWho="2" sc="220,97,290,0,230,-77,240,0" /><INIT seed="2,0,0,1,3,94" ten="317,290,153,240" oya="2" hai0="43,119,37,99,103,72,102,128,88,53,131,60,75" hai1="44,92,114,16,82,52,13,3,49,121,91,132,76" hai2="7,14,34,97,98,77,51,19,78,47,56,31,30" hai3="33,134,17,11,122,115,127,83,68,63,2,45,36"/><V124/><F7/><N who="3" m="1527" /><G17/><T0/><D0/><U29/><E114/><V111/><F56/><W95/><G95/><N who="0" m="56807" /><D119/><U101/><E3/><V1/><F1/><W133/><G122/><T104/><D43/><U113/><E113/><V41/><F124/><W55/><G115/><T54/><D37/><U61/><E132/><V67/><F67/><N who="3" m="41087" /><G55/><N who="0" m="21003" /><D60/><U116/><E116/><V118/><F118/><W9/><G9/><T123/><D123/><U8/><E121/><V80/><F111/><W109/><G109/><T38/><D38/><U62/><E29/><N who="2" m="10763" /><F34/><W21/><G127/><T125/><D125/><U15/><E15/><V96/><F80/><W6/><G33/><T48/><D48/><U71/><E71/><V73/><F73/><N who="0" m="28234" /><D104/><U90/><E76/><V39/><F39/><W120/><G83/><T100/><D100/><U108/><E108/><V105/><F105/><W129/><G36/><T4/><D4/><U69/><E69/><V10/><AGARI ba="0,0" hai="10,14,19,41,47,51,77,78,96,97,98" m="10763" machi="10" ten="30,11700,0" yaku="8,1,52,3" doraHai="94" who="2" fromWho="2" sc="317,-39,290,-39,153,117,240,-39" /><INIT seed="2,1,0,3,5,123" ten="278,251,270,201" oya="2" hai0="111,50,130,49,112,5,28,19,40,13,129,93,11" hai1="22,18,119,30,82,8,110,113,3,127,100,26,17" hai2="66,33,73,91,125,99,117,63,36,35,44,20,81" hai3="48,135,87,47,55,97,103,115,4,57,95,43,21"/><V121/><F121/><W46/><G135/><T52/><D111/><U71/><E71/><V31/><F117/><W107/><G115/><T132/><D112/><U34/><E100/><V126/><F20/><W102/><G4/><T10/><D28/><U45/><E113/><V94/><F73/><W104/><G87/><T86/><D40/><U96/><E119/><V67/><F81/><W89/><G104/><T116/><D116/><U79/><E96/><V106/><F106/><W76/><G76/><T118/><D118/><U0/><E127/><N who="2" m="48651" /><F31/><W9/><G9/><T85/><D50/><U134/><E82/><V32/><F63/><W64/><G107/><T108/><D108/><U109/><E79/><V23/><F23/><W92/><G92/><T54/><D49/><U69/><E69/><V59/><F59/><W101/><G64/><N who="2" m="24617" /><F44/><W53/><G46/><T24/><D86/><U84/><E84/><V56/><F56/><W78/><G78/><T51/><D85/><U27/><E45/><V60/><F60/><W77/><G77/><T128/><D93/><U83/><E83/><V88/><F36/><W65/><G65/><T38/><D38/><U114/><E114/><V6/><F6/><W68/><G68/><T62/><D62/><U16/><E134/><V25/><F25/><W29/><REACH who="3" step="1"/><G57/><REACH who="3" ten="278,251,270,191" step="2"/><N who="0" m="32927" /><D132/><U12/><E0/><V70/><F70/><W75/><G75/><T61/><D11/><U72/><E3/><V1/><F1/><W41/><G41/><T120/><D120/><U15/><E72/><V74/><F74/><W124/><G124/><T2/><D129/><RYUUKYOKU ba="1,1" sc="278,-30,251,10,270,10,191,10" hai1="8,12,15,16,17,18,22,26,27,30,34,109,110" hai2="32,33,35,88,91,94,99" hai3="21,29,43,47,48,53,55,89,95,97,101,102,103" /><INIT seed="2,2,1,1,3,41" ten="248,261,280,201" oya="2" hai0="104,20,31,130,11,34,87,102,77,125,3,81,94" hai1="7,18,60,23,26,57,65,25,92,122,32,82,89" hai2="108,67,62,96,46,66,98,106,47,15,29,111,127" hai3="37,43,52,12,13,93,76,121,19,103,64,84,17"/><V36/><F127/><W128/><G121/><T5/><D125/><U56/><E122/><V91/><F36/><W124/><G124/><T0/><D130/><U2/><E82/><V78/><F78/><W132/><G128/><T50/><D3/><U38/><E38/><V135/><F135/><W116/><G116/><T75/><D50/><U99/><E56/><N who="2" m="37191" /><F67/><W63/><G132/><T49/><D49/><U88/><E89/><V42/><F42/><W85/><G37/><T33/><D20/><U14/><REACH who="1" step="1"/><E32/><REACH who="1" ten="248,251,280,201" step="2"/><V71/><F91/><W6/><G76/><T72/><D34/><U40/><E40/><V28/><F71/><W59/><G43/><T69/><D69/><U27/><E27/><V45/><F15/><W126/><G126/><T86/><D33/><U61/><E61/><V8/><F8/><AGARI ba="2,2" hai="2,7,8,14,18,23,25,26,57,60,65,88,92,99" machi="8" ten="40,2600,0" yaku="1,1,54,1,53,0" doraHai="41" doraHaiUra="119" who="1" fromWho="2" sc="248,0,251,52,280,-32,201,0" /><INIT seed="3,0,0,5,2,2" ten="248,303,248,201" oya="3" hai0="82,95,113,104,47,56,112,28,80,66,127,43,75" hai1="21,41,115,0,121,72,83,32,73,18,125,15,111" hai2="76,132,100,20,135,120,69,52,31,58,84,123,85" hai3="67,60,114,130,99,78,49,16,89,74,103,3,46"/><W19/><G114/><N who="0" m="44139" /><D104/><U119/><E115/><V97/><F69/><W101/><G130/><T13/><D127/><U64/><E32/><V35/><F20/><W91/><G3/><T105/><D105/><U124/><E121/><N who="2" m="46667" /><F31/><W68/><G74/><T39/><D75/><U110/><E0/><V6/><F6/><W12/><G78/><T25/><D13/><U4/><E119/><V134/><F35/><W44/><G44/><T42/><D42/><U36/><E64/><V92/><F76/><W57/><G68/><T10/><D10/><N who="1" m="4551" /><E72/><V109/><F109/><N who="1" m="41481" /><E83/><V63/><AGARI ba="0,0" hai="52,58,63,84,85,92,97,100,132,134,135" m="46667" machi="63" ten="40,5200,0" yaku="20,1,13,1,54,1" doraHai="2" who="2" fromWho="2" sc="248,-13,303,-13,248,52,201,-26" owari="235,-16.5,290,9.0,300,40.0,175,-32.5" /></mjloggm>