<mjloggm ver="2.3"><GO type="225" lobby="0"/><UN n0="%E3%81%BF%E3%81%BF%E3%81%9A" n1="%E3%83%97%E3%83%AC%E3%83%B4%E3%82%A1%E3%83%86%E3%82%A3" n2="%E3%81%A9%E3%82%8F%E3%82%93%E3%81%94" n3="%E3%81%86%E3%81%A3%E3%81%97%E3%83%BC%30%30" dan="16,16,16,16" rate="2140.80,2118.65,2112.51,2177.50" sx="M,F,M,M"/><TAIKYOKU oya="0"/><INIT seed="0,0,0,2,4,62" ten="250,250,250,250" oya="0" hai0="32,6,53,117,119,95,26,85,82,43,90,77,80" hai1="104,16,49,71,110,12,27,115,91,102,118,98,35" hai2="108,31,120,41,18,4,127,0,135,51,124,64,107" hai3="123,60,89,67,68,87,114,39,116,133,78,37,109"/><T5/><D43/><U103/><E118/><V44/><F120/><W86/><G114/><T57/><D117/><U14/><E115/><V22/><F107/><W97/><G116/><T54/><D119/><U101/><E110/><V25/><F108/><W84/><G109/><T29/><D82/><U3/><E3/><V129/><F135/><W81/><G133/><T20/><D32/><U65/><E49/><V79/><F79/><W52/><G123/><T92/><D92/><U11/><E91/><V76/><F76/><W93/><REACH who="3" step="1"/><G52/><REACH who="3" ten="250,250,250,240" step="2"/><T111/><D111/><U55/><E55/><V36/><F127/><W113/><G113/><T13/><D54/><U9/><E35/><V56/><F124/><W8/><G8/><T99/><REACH who="0" step="1"/><D13/><REACH who="0" ten="240,250,250,240" step="2"/><U17/><E27/><V33/><F25/><W75/><AGARI ba="0,2" hai="37,39,60,67,68,75,78,81,84,86,87,89,93,97" machi="75" ten="30,4000,0" yaku="1,1,0,1,52,1,53,0" doraHai="62" doraHaiUra="21" who="3" fromWho="3" sc="240,-20,250,-10,250,-10,240,60" /><INIT seed="1,0,0,2,0,63" ten="220,240,240,300" oya="1" hai0="129,19,1,72,94,59,131,107,97,32,106,35,113" hai1="127,40,39,21,26,116,46,92,16,12,25,73,55" hai2="84,18,124,89,54,125,123,103,23,109,104,50,134" hai3="27,102,67,85,2,24,79,133,111,30,44,15,80"/><U108/><E116/><V70/><F123/><W121/><G2/><T60/><D113/><U3/><E3/><V57/><F109/><W115/><G115/><T51/><D72/><U43/><E73/><V86/><F134/><W34/><G121/><T98/><D51/><U130/><E130/><N who="0" m="49673" /><D19/><U114/><E114/><V28/><F28/><W77/><G111/><T36/><D36/><U81/><E108/><V69/><F103/><W87/><G102/><N who="0" m="60727" /><D1/><U0/><E0/><V68/><F104/><N who="0" m="39978" /><D98/><U91/><E127/><N who="2" m="48715" /><F89/><W10/><G27/><AGARI ba="0,0" hai="18,23,27,50,54,57,68,69,70,84,86" m="48715" machi="27" ten="40,1300,0" yaku="18,1" doraHai="63" who="2" fromWho="3" sc="220,0,240,0,240,13,300,-13" /><INIT seed="2,0,0,0,2,121" ten="220,240,253,287" oya="2" hai0="122,7,109,126,72,98,65,17,133,4,42,87,28" hai1="101,88,86,46,83,71,43,25,99,47,134,123,56" hai2="79,36,39,70,45,54,32,80,24,49,38,41,8" hai3="59,10,90,63,55,108,125,69,13,11,22,130,131"/><V74/><F70/><W34/><G34/><T82/><D122/><U53/><E123/><V60/><F60/><W23/><G108/><T73/><D42/><U102/><E71/><V14/><F24/><W103/><G103/><T75/><D65/><U104/><E134/><V110/><F32/><W96/><G69/><T111/><D28/><U66/><E66/><V21/><F21/><N who="3" m="7691" /><G13/><T62/><D17/><U27/><E102/><V89/><F89/><W94/><G125/><T77/><D62/><U85/><E85/><V119/><F119/><W12/><G12/><T116/><D116/><U61/><REACH who="1" step="1"/><E47/><REACH who="1" ten="220,230,253,287" step="2"/><V81/><F110/><N who="0" m="41994" /><D133/><U64/><E64/><V84/><F84/><W105/><G131/><T97/><D126/><U92/><E92/><V78/><F81/><W30/><G94/><T93/><D98/><U132/><E132/><V48/><F79/><W58/><G130/><T95/><D93/><U9/><E9/><V50/><REACH who="2" step="1"/><F41/><REACH who="2" ten="220,230,243,287" step="2"/><W114/><G96/><T118/><D118/><U117/><E117/><V15/><F15/><W44/><G11/><T19/><D19/><AGARI ba="0,2" hai="8,14,19,36,38,39,45,48,49,50,54,74,78,80" machi="19" ten="40,2000,0" yaku="1,1,53,0" doraHai="121" doraHaiUra="135" who="2" fromWho="0" sc="220,-20,230,0,243,40,287,0" /><INIT seed="2,1,0,1,1,109" ten="200,230,283,287" oya="2" hai0="48,104,60,115,45,127,10,99,122,18,72,15,94" hai1="103,79,1,9,126,134,50,3,114,44,7,35,88" hai2="65,101,110,61,135,74,120,125,28,22,16,51,86" hai3="8,124,100,116,25,31,66,81,53,119,5,95,24"/><V89/><F120/><W130/><G130/><T92/><D122/><U56/><E35/><V78/><F110/><W96/><G124/><T52/><D127/><U43/><E126/><V11/><F125/><W38/><G38/><T84/><D72/><U32/><E32/><V2/><F101/><W26/><G31/><T14/><D115/><U85/><E134/><V129/><F28/><W111/><G111/><T63/><D104/><U23/><E103/><V133/><F129/><W106/><G66/><T123/><D123/><U121/><E121/><V27/><F78/><W118/><G81/><T68/><D68/><U0/><E79/><V87/><F74/><W69/><G69/><T108/><D108/><U40/><E114/><V59/><F51/><W90/><G53/><T107/><D107/><U113/><E113/><V97/><F97/><W93/><REACH who="3" step="1"/><G90/><REACH who="3" ten="200,230,283,277" step="2"/><N who="0" m="53319" /><D15/><AGARI ba="1,1" hai="5,8,15,24,25,26,93,95,96,100,106,116,118,119" machi="15" ten="50,3200,0" yaku="1,1,53,1" doraHai="109" doraHaiUra="4" who="3" fromWho="0" sc="200,-35,230,0,283,0,277,45" /><INIT seed="3,0,0,1,2,135" ten="165,230,283,322" oya="3" hai0="57,23,15,96,75,78,127,59,100,53,74,131,62" hai1="56,63,69,117,87,12,133,54,130,60,52,101,106" hai2="125,134,13,16,6,121,66,26,90,35,20,5,107" hai3="14,80,92,115,32,51,48,24,98,50,42,37,30"/><W29/><G115/><T118/><D118/><U86/><E117/><V76/><F107/><W97/><G30/><T128/><D15/><U61/><E133/><V17/><F76/><W46/><G80/><T64/><D23/><U104/><E130/><V70/><F134/><W123/><G123/><T120/><D120/><U102/><E69/><V109/><F121/><W19/><REACH who="3" step="1"/><G92/><REACH who="3" ten="165,230,283,312" step="2"/><T122/><D122/><U84/><E12/><V9/><F13/><W108/><G108/><T4/><D4/><U41/><E41/><V21/><F109/><W39/><G39/><T83/><D75/><U110/><E110/><V47/><F26/><W81/><G81/><T7/><D7/><U91/><E91/><V33/><F90/><W1/><G1/><T88/><D127/><U68/><E68/><V77/><F70/><W28/><G28/><T43/><D43/><U44/><E106/><V116/><F125/><W36/><G36/><T71/><D88/><U40/><E104/><V18/><F6/><W114/><G114/><T11/><D11/><AGARI ba="0,1" hai="11,14,19,24,29,32,37,42,46,48,50,51,97,98" machi="11" ten="40,3900,0" yaku="1,1,53,1" doraHai="135" doraHaiUra="38" who="3" fromWho="0" sc="165,-39,230,0,283,0,312,49" owari="126,-37.4,230,-17.0,283,8.3,361,46.1" /></mjloggm>