<mjloggm ver="2.3"><GO type="225" lobby="0"/><UN n0="%4C%4F%4C%49%54%41" n1="%E8%B6%85%E7%B4%9A%E9%B3%B3%E5%87%B0" n2="%E3%81%99%E3%81%84%E3%81%BE%E3%81%9B%E3%83%BC%E3%82%93" n3="%E3%81%82%E3%81%99%E3%81%AB%E3%82%83%E3%82%80" dan="16,16,17,16" rate="2181.55,2107.50,2242.71,2097.25" sx="F,M,M,F"/><TAIKYOKU oya="0"/><INIT seed="0,0,0,5,1,37" ten="250,250,250,250" oya="0" hai0="17,115,85,99,81,50,93,12,134,113,126,120,9" hai1="102,22,29,11,47,33,23,72,101,31,2,76,111" hai2="34,75,98,69,133,90,130,38,110,106,96,94,122" hai3="59,100,112,48,95,70,41,19,82,92,79,105,67"/><T128/><D120/><U39/><E111/><V51/><RYUUKYOKU type="yao9" ba="0,0" sc="250,0,250,0,250,0,250,0" hai2="34,38,51,69,75,90,94,96,98,106,110,122,130,133" /><INIT seed="0,1,0,3,3,112" ten="250,250,250,250" oya="0" hai0="104,31,89,86,83,69,124,23,13,27,3,34,60" hai1="64,111,88,10,107,49,38,77,130,14,96,127,134" hai2="113,17,97,120,47,4,32,35,109,25,1,128,95" hai3="41,52,28,93,21,22,8,80,108,37,117,16,92"/><T56/><D104/><U39/><E111/><V55/><F120/><W53/><G108/><T65/><D3/><U103/><E130/><V44/><F113/><W131/><G131/><T102/><D124/><U101/><E127/><V54/><F4/><W45/><G117/><T19/><REACH who="0" step="1"/><D102/><REACH who="0" ten="240,250,250,250" step="2"/><U91/><E101/><V30/><F1/><W87/><G93/><T125/><D125/><U74/><E103/><V135/><F95/><W36/><G92/><T132/><D132/><U72/><E107/><V33/><F135/><W6/><G80/><T26/><D26/><U9/><E134/><V68/><F25/><W61/><G87/><T46/><D46/><U29/><E74/><V82/><F82/><W2/><G45/><T7/><D7/><U85/><E72/><V43/><F128/><W71/><G6/><T121/><D121/><U0/><E0/><V66/><F109/><W63/><G2/><T84/><D84/><U126/><E85/><V50/><F47/><W57/><G36/><T12/><D12/><U51/><E126/><V122/><F122/><W73/><G37/><T40/><D40/><U81/><E14/><V67/><F43/><W48/><G41/><T133/><D133/><U118/><E81/><V70/><F44/><W20/><G73/><T115/><D115/><U79/><E38/><V105/><F105/><W11/><G28/><T42/><D42/><U99/><E39/><V75/><F30/><W100/><G100/><T129/><D129/><U123/><E123/><V94/><F75/><W5/><G5/><T114/><D114/><U76/><E29/><RYUUKYOKU ba="1,1" sc="240,30,250,-10,250,-10,250,-10" hai0="13,19,23,27,31,34,56,60,65,69,83,86,89" /><INIT seed="0,2,1,1,3,29" ten="270,240,240,240" oya="0" hai0="93,86,83,114,125,74,133,5,85,3,117,24,87" hai1="134,27,78,50,11,1,14,52,103,13,107,94,9" hai2="21,36,20,81,30,66,35,115,6,32,67,16,79" hai3="49,112,56,99,121,124,82,4,116,106,60,72,44"/><T7/><D114/><U26/><E134/><V118/><F115/><W65/><G112/><T111/><D117/><U96/><E107/><V23/><F36/><W18/><G116/><T69/><D69/><U92/><E1/><V70/><F6/><W53/><G4/><T105/><D105/><U110/><E110/><V90/><F90/><W127/><G121/><T33/><D133/><U22/><E78/><V95/><F95/><W19/><G72/><T122/><D122/><U76/><E76/><V55/><F55/><W61/><G82/><T73/><D125/><N who="3" m="48201" /><G61/><T47/><D111/><U91/><E13/><V54/><F118/><W80/><G80/><T0/><D93/><U2/><E2/><V101/><F101/><AGARI ba="2,1" hai="18,19,44,49,53,56,60,65,99,101,106" m="48201" machi="101" ten="30,1000,0" yaku="18,1" doraHai="29" who="3" fromWho="2" sc="270,0,240,0,240,-16,240,26" /><INIT seed="1,0,0,2,4,100" ten="270,240,224,266" oya="1" hai0="129,135,24,119,5,21,22,12,54,37,33,15,89" hai1="78,55,85,36,31,82,101,115,130,11,108,97,59" hai2="110,74,109,0,4,29,1,60,90,91,121,123,94" hai3="80,116,63,72,99,26,106,71,81,133,84,57,124"/><U25/><E115/><V132/><F4/><W62/><G133/><T52/><D119/><U45/><E130/><V50/><F74/><W43/><G43/><T39/><D135/><U117/><E117/><V53/><F60/><W58/><G71/><T66/><D66/><U6/><E108/><N who="2" m="41579" /><F29/><W61/><G116/><T65/><D65/><U35/><E45/><V48/><F132/><W23/><G72/><T32/><D24/><U18/><E36/><V34/><F34/><W47/><G47/><T134/><D134/><U127/><E127/><V125/><F125/><W9/><G9/><T126/><D126/><U64/><E64/><V30/><F30/><W42/><G42/><T113/><D89/><N who="2" m="33802" /><F94/><W49/><G62/><T98/><D5/><U51/><E18/><V102/><F102/><W7/><G7/><T16/><D98/><U112/><E112/><V70/><F53/><W118/><G99/><T40/><D40/><U95/><E6/><V83/><F83/><W92/><G81/><T14/><D113/><U38/><E38/><V131/><F131/><W68/><G80/><T41/><D129/><U28/><E28/><V76/><F76/><W87/><G68/><T111/><D111/><U19/><E19/><V93/><F93/><W86/><G92/><T107/><D16/><U114/><E114/><V44/><F70/><W128/><G128/><T79/><D79/><U46/><E46/><V20/><F20/><N who="0" m="7786" /><D41/><U3/><E3/><N who="2" m="1099" /><F44/><W67/><G118/><T27/><D39/><U17/><E17/><V73/><F73/><W77/><G124/><T56/><D37/><RYUUKYOKU ba="0,0" sc="270,-15,240,15,224,15,266,-15" hai1="11,25,31,35,51,55,59,78,82,85,95,97,101" hai2="48,50,121,123" /><INIT seed="1,1,0,5,4,54" ten="255,255,239,251" oya="1" hai0="72,130,127,41,112,12,13,26,55,109,31,135,48" hai1="119,81,128,32,78,106,118,93,94,3,46,5,39" hai2="51,24,2,30,116,101,22,23,27,104,85,71,44" hai3="63,38,107,28,100,49,7,52,84,56,75,126,6"/><U4/><E106/><V35/><F116/><W113/><G75/><T92/><D112/><U108/><E32/><V125/><F2/><W79/><G113/><T129/><D72/><U97/><E128/><N who="0" m="49257" /><D109/><U134/><E134/><V10/><F71/><W133/><G38/><T132/><D41/><U68/><E68/><V47/><F125/><W115/><G115/><T37/><D37/><U131/><E131/><V67/><F67/><W33/><G133/><N who="0" m="51275" /><D92/><U61/><E108/><V105/><F10/><W98/><G126/><T36/><D36/><U64/><E39/><V95/><F35/><W122/><G122/><T42/><D42/><U19/><E93/><V91/><F101/><W11/><G11/><T65/><D65/><U0/><E64/><V16/><F47/><W40/><G40/><AGARI ba="1,0" hai="16,22,23,24,27,30,40,44,51,85,91,95,104,105" machi="40" ten="30,2000,0" yaku="7,1,54,1" doraHai="54" who="2" fromWho="3" sc="255,0,255,0,239,23,251,-23" /><INIT seed="2,0,0,3,2,111" ten="255,255,262,228" oya="2" hai0="129,121,60,88,59,43,20,124,89,110,65,113,97" hai1="123,122,91,5,44,69,118,24,98,39,108,57,74" hai2="102,101,3,119,35,73,99,130,86,56,58,75,17" hai3="31,72,18,11,84,68,49,94,53,38,23,70,13"/><V66/><F119/><W36/><G72/><T106/><D121/><N who="1" m="46091" /><E118/><V0/><F35/><W19/><G36/><T92/><D110/><U115/><E108/><V120/><F120/><W126/><G38/><T4/><D124/><U26/><E69/><V96/><F86/><W30/><G126/><T93/><D106/><U16/><E74/><V104/><F17/><W45/><G68/><T54/><D129/><U46/><E5/><V117/><F117/><W10/><G70/><T33/><D33/><U21/><E115/><V131/><F66/><W79/><G10/><T41/><D113/><U112/><E112/><V90/><F90/><W85/><G85/><T34/><D34/><U76/><E76/><V77/><REACH who="2" step="1"/><F104/><REACH who="2" ten="255,255,252,228" step="2"/><W28/><G79/><AGARI ba="0,1" hai="0,3,56,58,73,75,77,79,96,99,101,102,130,131" machi="79" ten="25,9600,0" yaku="1,1,2,1,22,2,53,0" doraHai="111" doraHaiUra="133" who="2" fromWho="3" sc="255,0,255,0,252,106,228,-96" /><INIT seed="2,1,0,5,4,49" ten="255,255,358,132" oya="2" hai0="119,15,10,116,58,59,96,27,20,104,43,31,101" hai1="121,95,30,34,55,54,68,87,19,80,126,4,109" hai2="118,6,50,79,73,9,28,112,99,26,100,32,130" hai3="38,90,84,74,131,94,39,41,102,127,29,106,89"/><V76/><F112/><W122/><G29/><T61/><D43/><U57/><E68/><V105/><F118/><W22/><G22/><T128/><D128/><U85/><E109/><V8/><F130/><W63/><G63/><T98/><D98/><U75/><E126/><V97/><F73/><W14/><G14/><T40/><D40/><U52/><E121/><V133/><F133/><W7/><G7/><T51/><D51/><U2/><E75/><V111/><F111/><W86/><G41/><T53/><REACH who="0" step="1"/><D59/><REACH who="0" ten="245,255,358,132" step="2"/><U17/><E57/><V115/><F99/><N who="3" m="61791" /><G38/><T81/><D81/><U66/><E80/><V132/><F132/><W23/><G39/><T88/><D88/><U56/><E56/><V18/><F50/><W72/><G131/><T62/><D62/><U16/><E66/><V60/><F60/><W120/><G127/><T47/><D47/><U48/><E48/><V124/><F124/><W5/><G122/><T107/><D107/><U21/><E95/><V69/><F105/><W44/><G120/><T134/><D134/><U82/><E82/><V64/><F64/><W25/><G44/><T3/><D3/><U123/><E123/><V71/><F71/><W125/><G125/><T78/><D78/><U70/><E70/><V12/><F69/><W103/><G103/><T92/><D92/><U93/><E93/><V65/><F65/><W117/><G94/><T67/><D67/><U135/><E135/><V42/><F42/><W46/><G46/><T129/><D129/><U36/><E36/><V33/><F100/><W11/><G90/><T114/><D114/><RYUUKYOKU ba="1,1" sc="245,30,255,-10,358,-10,132,-10" hai0="10,15,20,27,31,53,58,61,96,101,104,116,119" /><INIT seed="3,2,1,3,5,130" ten="275,245,348,122" oya="3" hai0="111,87,76,43,20,129,134,32,69,21,56,0,95" hai1="45,65,77,52,47,9,7,42,37,132,100,23,55" hai2="97,90,25,80,107,12,131,72,40,70,115,14,59" hai3="10,1,38,120,2,29,84,99,82,116,92,34,31"/><W124/><G116/><T18/><D69/><U81/><E132/><V125/><F70/><W106/><G120/><T113/><D32/><U126/><E126/><V66/><F115/><W121/><G121/><T53/><D0/><U88/><E65/><V110/><F40/><W64/><G38/><T48/><D111/><U79/><E100/><V5/><F5/><W58/><G106/><T71/><D71/><U73/><E79/><V109/><F72/><W35/><G124/><T83/><D129/><U51/><E23/><V119/><F119/><W67/><G34/><T41/><D113/><U4/><E55/><V114/><F114/><W26/><G29/><T6/><D6/><U24/><E24/><V27/><F107/><W78/><G10/><T135/><D95/><U98/><E9/><V101/><F125/><W16/><G16/><T105/><D105/><U104/><E104/><V102/><F131/><W85/><G85/><T46/><D43/><U122/><E122/><V49/><F27/><W93/><G93/><T60/><REACH who="0" step="1"/><D21/><REACH who="0" ten="265,245,348,122" step="2"/><U30/><E30/><V117/><F117/><W112/><G112/><T36/><D36/><U91/><E98/><V68/><F68/><W39/><G39/><T62/><D62/><U118/><E118/><V50/><F110/><W89/><REACH who="3" step="1"/><G67/><REACH who="3" ten="265,245,348,112" step="2"/><T13/><AGARI ba="2,3" hai="13,18,20,41,46,48,53,56,60,76,83,87,134,135" machi="13" ten="30,8000,1" yaku="1,1,0,1,52,2,53,1" doraHai="130" doraHaiUra="17" who="0" fromWho="0" sc="265,116,245,-22,348,-22,112,-42" owari="381,48.1,223,-17.7,326,12.6,70,-43.0" /></mjloggm>