<mjloggm ver="2.3"><GO type="225" lobby="0"/><UN n0="%6D%75%75%6D%75%72%61" n1="%E3%81%B2%E3%81%BE%E3%81%A4%E3%81%B6%E3%81%97" n2="%E6%B4%BE%E9%81%A3%E3%81%AE%E3%82%B8%E3%83%A3%E3%83%83%E3%82%AF" n3="%E4%B8%89%E5%86%A0%E7%8E%8B%E3%83%BB%E5%B1%B1%E7%94%B0%E5%93%B2%E4%BA%BA" dan="17,16,17,16" rate="2249.12,2154.59,2208.31,2116.23" sx="F,M,M,M"/><TAIKYOKU oya="0"/><INIT seed="0,0,0,5,1,93" ten="250,250,250,250" oya="0" hai0="36,66,65,72,35,56,80,6,129,3,75,48,73" hai1="63,100,33,5,25,23,114,11,126,135,112,47,102" hai2="7,84,42,62,50,76,116,101,18,95,96,98,9" hai3="59,109,20,24,29,87,74,92,111,82,85,77,122"/><T90/><D36/><U119/><E119/><V10/><F116/><W104/><G104/><T17/><D35/><U38/><E33/><V26/><F62/><W37/><G122/><T64/><D129/><U0/><E126/><V39/><F39/><W117/><G117/><T44/><D17/><U130/><E130/><V46/><F101/><W70/><G70/><T78/><D6/><U60/><E60/><V128/><F128/><W132/><G132/><T134/><D134/><U83/><E83/><N who="2" m="47207" /><F95/><W34/><G37/><T30/><D30/><U107/><E63/><V115/><F115/><W71/><G71/><T19/><D56/><U88/><E135/><V121/><F121/><W28/><G59/><T13/><D3/><U12/><E0/><V123/><F123/><W86/><G92/><T4/><D4/><U81/><E47/><V57/><F57/><W22/><REACH who="3" step="1"/><G28/><REACH who="3" ten="250,250,250,240" step="2"/><T67/><N who="0" m="16384" /><DORA hai="51" /><T27/><D27/><U15/><E38/><V125/><F125/><W45/><G45/><T43/><REACH who="0" step="1"/><D90/><REACH who="0" ten="240,250,250,240" step="2"/><U99/><E25/><V127/><F127/><W55/><G55/><T49/><D49/><U1/><E114/><V110/><F26/><W32/><G32/><T31/><D31/><U79/><E112/><V53/><F53/><W58/><G58/><T94/><D94/><U124/><E124/><V54/><F54/><W106/><G106/><T52/><D52/><U133/><E107/><V2/><F50/><W40/><G40/><T97/><D97/><N who="2" m="37482" /><F42/><W108/><AGARI ba="0,2" hai="20,22,24,29,34,74,77,82,85,86,87,108,109,111" machi="108" ten="40,8000,1" yaku="1,1,0,1,14,1,53,1" doraHai="93,51" doraHaiUra="21,8" who="3" fromWho="3" sc="240,-40,250,-20,250,-20,240,100" /><INIT seed="1,0,0,3,1,1" ten="200,230,230,340" oya="1" hai0="95,74,57,101,134,15,37,99,130,20,34,4,17" hai1="24,122,47,80,40,23,75,28,82,98,61,58,53" hai2="69,33,108,110,114,71,12,43,51,124,100,35,90" hai3="125,22,13,5,62,113,120,92,59,115,60,118,73"/><U44/><E122/><V11/><F100/><W46/><G73/><T104/><D130/><U107/><E75/><V25/><F124/><W42/><G120/><T109/><D134/><U91/><E107/><V27/><F90/><W111/><G125/><T7/><D109/><N who="2" m="42090" /><F114/><W128/><G62/><T56/><D74/><U8/><E8/><V102/><F102/><W30/><G60/><T21/><D34/><N who="2" m="12810" /><F43/><W3/><G42/><T48/><D37/><U70/><E70/><N who="2" m="26635" /><F51/><W127/><G115/><T19/><D104/><U66/><E66/><V78/><F78/><W119/><G113/><T65/><D65/><U55/><E55/><V32/><N who="2" m="12818" /><V105/><DORA hai="135" /><F105/><W116/><G127/><T86/><D86/><U123/><E123/><V9/><F9/><W97/><G97/><T64/><D64/><U2/><E2/><V26/><F26/><W133/><G3/><T18/><D48/><U54/><E54/><V76/><F76/><W29/><G133/><T63/><D15/><U16/><E40/><V94/><F94/><W39/><G92/><T106/><D106/><U126/><E126/><V72/><F72/><W81/><G39/><T131/><D131/><U89/><E89/><V6/><AGARI ba="0,0" hai="6,11,12,25,27" m="26635,12818,42090" machi="6" ten="50,3200,0" yaku="14,1,52,1" doraHai="1,135" who="2" fromWho="2" sc="200,-8,230,-16,230,32,340,-8" /><INIT seed="2,0,0,2,5,67" ten="192,214,262,332" oya="2" hai0="65,100,21,49,115,63,117,125,72,95,105,28,27" hai1="104,87,70,35,45,83,56,20,13,10,134,46,133" hai2="119,101,131,97,132,88,92,59,42,25,1,85,50" hai3="116,38,2,112,76,127,57,41,121,55,16,33,9"/><V60/><F119/><W12/><G33/><T48/><D115/><U129/><E35/><V78/><F1/><W43/><G121/><T69/><D72/><U86/><E104/><V17/><F132/><N who="1" m="50793" /><E20/><N who="2" m="13455" /><F131/><W114/><G2/><T81/><D117/><U11/><E129/><V4/><F4/><W40/><G116/><T26/><D125/><U61/><E70/><V7/><F7/><W98/><G127/><T111/><D111/><U32/><E32/><V71/><F78/><W118/><G118/><T84/><D27/><U124/><E124/><V89/><F71/><W51/><G76/><T109/><D105/><U77/><E87/><V54/><F85/><W15/><G38/><T24/><D24/><U93/><E93/><V110/><F110/><W135/><G135/><T44/><D109/><U53/><E11/><V23/><F23/><W73/><G73/><T36/><D84/><U30/><E30/><V34/><F34/><W108/><G108/><T79/><D79/><U106/><E106/><V8/><F8/><W130/><G130/><T52/><D81/><U68/><E68/><V126/><F126/><W6/><REACH who="3" step="1"/><G98/><REACH who="3" ten="192,214,262,322" step="2"/><T123/><D123/><U74/><E74/><V19/><F97/><W39/><G39/><T18/><D36/><U91/><E77/><V58/><F92/><W37/><G37/><T66/><D28/><U99/><E99/><V3/><F3/><W0/><G0/><T80/><D80/><U5/><AGARI ba="0,1" hai="5,10,13,45,46,53,56,61,83,86,91" m="50793" machi="5" ten="30,1100,0" yaku="20,1" doraHai="67" who="1" fromWho="1" sc="192,-3,214,21,262,-5,322,-3" /><INIT seed="3,0,0,0,3,135" ten="189,235,257,319" oya="3" hai0="50,26,92,22,100,62,15,115,8,25,54,0,102" hai1="47,96,16,3,130,46,33,109,88,28,108,105,27" hai2="6,121,91,87,90,51,34,5,19,80,113,42,18" hai3="37,31,86,77,93,111,67,1,70,52,107,74,49"/><W125/><G107/><T61/><D0/><U4/><E130/><V17/><F34/><W32/><G37/><T59/><D115/><U133/><E133/><V40/><F121/><W95/><G74/><T29/><D26/><U43/><E105/><V98/><F113/><W120/><G1/><T69/><D69/><U64/><E64/><V60/><F60/><W57/><G120/><T122/><D122/><U58/><E58/><V131/><F131/><W112/><G111/><T129/><D129/><U13/><E4/><N who="2" m="1643" /><F51/><W79/><G31/><T97/><REACH who="0" step="1"/><D102/><REACH who="0" ten="179,235,257,319" step="2"/><U84/><E3/><V45/><F45/><N who="3" m="27695" /><G70/><T119/><D119/><U106/><E47/><V7/><F7/><AGARI ba="0,1" hai="7,8,15,22,25,29,50,54,59,61,62,92,97,100" machi="7" ten="30,3900,0" yaku="1,1,7,1,8,1,53,0" doraHai="135" doraHaiUra="126" who="0" fromWho="2" sc="179,49,235,0,257,-39,319,0" owari="228,-17.2,235,3.5,218,-28.2,319,41.9" /></mjloggm>