<mjloggm ver="2.3"><GO type="225" lobby="0"/><UN n0="%E7%AB%8B%E8%8A%B1%E9%9F%BF" n1="%E3%83%81%E3%83%AF%E3%83%AF%E9%9A%8A%E9%95%B7" n2="%E3%83%AD%E3%83%83%E3%83%86%E9%9B%80%E7%90%83" n3="%E3%83%B4%E3%83%A0%EF%BC%99%E3%81%A6" dan="17,16,16,16" rate="2144.24,2182.68,2173.74,2112.18" sx="F,M,M,M"/><TAIKYOKU oya="0"/><INIT seed="0,0,0,0,4,131" ten="250,250,250,250" oya="0" hai0="112,106,55,21,35,83,75,26,51,118,9,124,53" hai1="48,120,7,119,60,71,44,104,37,134,27,76,40" hai2="68,59,28,105,125,89,135,50,33,17,39,47,81" hai3="15,10,82,111,2,0,77,85,4,23,93,130,34"/><T95/><D112/><U54/><E119/><V98/><F68/><W109/><G130/><T52/><D118/><U66/><E120/><V22/><F39/><W114/><G114/><T56/><D106/><U94/><E104/><V49/><F28/><W12/><G34/><T3/><D35/><U108/><E108/><N who="3" m="41546" /><G93/><T57/><D124/><U45/><E7/><V110/><F59/><W14/><G0/><T8/><D95/><U32/><E76/><V31/><F50/><W61/><G61/><T116/><D116/><U13/><E13/><V127/><F31/><W78/><G78/><T129/><D129/><U46/><E94/><V38/><F38/><W103/><G103/><T1/><D1/><U30/><REACH who="1" step="1"/><E46/><REACH who="1" ten="250,240,250,250" step="2"/><V123/><F47/><W113/><G113/><T115/><D115/><U64/><E64/><V62/><F123/><W92/><G92/><T5/><D3/><U88/><E88/><V24/><F89/><W133/><G23/><T86/><D5/><U87/><E87/><V91/><F22/><W18/><G18/><N who="0" m="12599" /><D75/><U16/><E16/><V70/><F17/><W69/><G2/><T74/><D74/><U73/><E73/><V107/><F107/><W11/><G4/><T90/><D57/><U36/><E36/><V6/><F105/><W132/><G69/><T41/><D56/><U126/><E126/><V29/><F110/><W58/><G58/><T96/><D96/><U122/><E122/><V99/><F127/><W43/><G10/><T117/><D117/><U19/><E19/><V102/><F125/><W80/><G11/><T42/><D51/><RYUUKYOKU ba="0,1" sc="250,15,240,15,250,-15,250,-15" hai0="8,9,41,42,52,53,55,83,86,90" hai1="27,30,32,37,40,44,45,48,54,60,66,71,134" /><INIT seed="0,1,1,2,4,104" ten="265,255,235,235" oya="0" hai0="71,42,14,34,2,50,133,46,92,10,65,82,57" hai1="112,100,75,24,35,49,84,116,113,18,26,130,132" hai2="122,106,40,67,25,56,111,97,54,78,88,93,119" hai3="134,72,94,73,0,8,12,19,9,80,36,59,91"/><T44/><D133/><U1/><E116/><V127/><F111/><W60/><G134/><T87/><D34/><U114/><E132/><V126/><F122/><W103/><G36/><T48/><D2/><U121/><E121/><V38/><F119/><W13/><G103/><T21/><D71/><U77/><E1/><V53/><F106/><W101/><G101/><T89/><D21/><U108/><E108/><V109/><F109/><W123/><G80/><T47/><D92/><U118/><E118/><V15/><F78/><W63/><G0/><T4/><D65/><U79/><E130/><V115/><F115/><W95/><G123/><T105/><D105/><U20/><E100/><V30/><F15/><W29/><G29/><T55/><AGARI ba="1,1" hai="4,10,14,42,44,46,47,48,50,55,57,82,87,89" machi="55" ten="30,3000,0" yaku="0,1,8,1" doraHai="104" who="0" fromWho="0" sc="265,43,255,-11,235,-11,235,-11" /><INIT seed="0,2,0,2,4,82" ten="308,244,224,224" oya="0" hai0="4,36,16,133,111,35,32,96,65,106,69,40,73" hai1="64,101,104,95,37,53,81,62,94,5,129,60,21" hai2="58,80,50,84,28,0,15,88,24,14,91,55,119" hai3="3,33,126,130,98,74,112,83,99,23,56,41,79"/><T125/><D73/><U92/><E37/><V76/><F0/><W22/><G112/><T77/><D77/><U132/><E129/><V59/><F119/><W87/><G33/><T11/><D133/><U113/><E132/><V108/><F108/><W127/><G3/><N who="0" m="415" /><D16/><U7/><E113/><V63/><F24/><W12/><G130/><T17/><D17/><U25/><E53/><N who="2" m="32055" /><F28/><W52/><G41/><T120/><D120/><U67/><E81/><V31/><F31/><W38/><G38/><T118/><D125/><N who="3" m="47625" /><G74/><T68/><D118/><U27/><E104/><V70/><F70/><N who="0" m="27242" /><D65/><U124/><E124/><V47/><F47/><W6/><G6/><T100/><D111/><U134/><E134/><V109/><F109/><W49/><G12/><AGARI ba="2,0" hai="12,14,15,55,59,63,76,80,84,88,91" m="32055" machi="12" ten="30,3900,0" yaku="8,1,52,1,54,1" doraHai="82" who="2" fromWho="3" sc="308,0,244,0,224,45,224,-45" /><INIT seed="1,0,0,1,5,6" ten="308,244,269,179" oya="1" hai0="41,123,122,72,31,45,66,96,114,50,46,28,111" hai1="131,116,36,89,38,97,77,15,127,49,85,52,121" hai2="105,99,42,98,9,104,112,8,26,43,113,35,47" hai3="64,39,78,25,40,101,11,65,1,29,27,34,13"/><U134/><E116/><V51/><F35/><W108/><G108/><T61/><D114/><N who="2" m="44138" /><F26/><W33/><G101/><T18/><D72/><U100/><E121/><N who="0" m="46089" /><D111/><U87/><E127/><V135/><F135/><W69/><G1/><T107/><D18/><U70/><E70/><V79/><F79/><W83/><G40/><T81/><D81/><U16/><E134/><V118/><F118/><W110/><G39/><T92/><D46/><U44/><E77/><V53/><F99/><W23/><G110/><T67/><D107/><N who="2" m="41034" /><F98/><W95/><G95/><T126/><D126/><U22/><E85/><V0/><F0/><W37/><G37/><T130/><D130/><U17/><E131/><V103/><F103/><W124/><G124/><T74/><D74/><U12/><E97/><V129/><F129/><W75/><G25/><T71/><D66/><U82/><E100/><AGARI ba="0,0" hai="28,31,41,45,50,61,67,71,92,96,100" m="46089" machi="100" ten="30,1000,0" yaku="13,1" doraHai="6" who="0" fromWho="1" sc="308,10,244,-10,269,0,179,0" /><INIT seed="2,0,0,1,5,5" ten="318,234,269,179" oya="2" hai0="104,16,57,73,13,111,80,133,89,70,96,122,106" hai1="126,94,7,53,18,47,76,19,84,41,102,99,3" hai2="55,28,40,130,115,46,27,113,43,118,86,127,129" hai3="35,64,42,56,101,123,132,83,120,14,92,39,21"/><V119/><F86/><W97/><G35/><T10/><D70/><U135/><E126/><V32/><F43/><W72/><G132/><T68/><D68/><U93/><E135/><V45/><F45/><W109/><G109/><T50/><D133/><U17/><E53/><V79/><F79/><W105/><G105/><T60/><D122/><U67/><E67/><V112/><F55/><W107/><G107/><T103/><D111/><U52/><E52/><V33/><F33/><W71/><G71/><T100/><D50/><U134/><E134/><V23/><F127/><W29/><G14/><T49/><D49/><U4/><E3/><V0/><F0/><W12/><G12/><T110/><D110/><U117/><E117/><N who="2" m="44555" /><F46/><W36/><G83/><T87/><D73/><U78/><E78/><V88/><F88/><W1/><G72/><T48/><D48/><N who="1" m="26735" /><E76/><V11/><F40/><W91/><G91/><AGARI ba="0,0" hai="4,7,17,18,19,84,91,93,94,99,102" m="26735" machi="91" ten="30,1000,0" yaku="8,1" doraHai="5" who="1" fromWho="3" sc="318,0,234,10,269,0,179,-10" /><INIT seed="3,0,0,5,0,21" ten="318,244,269,169" oya="3" hai0="11,54,91,73,45,34,69,108,65,63,68,28,115" hai1="100,14,52,78,127,29,20,118,93,123,105,36,97" hai2="46,39,12,99,30,86,60,67,134,114,48,40,42" hai3="58,81,53,85,87,76,6,31,120,62,89,38,83"/><W22/><G120/><T109/><D73/><U130/><E123/><V124/><F114/><W104/><G104/><T117/><D117/><U131/><E36/><V5/><F124/><W55/><G38/><T51/><D115/><U135/><E118/><V16/><F134/><W80/><G6/><T122/><D122/><U111/><E127/><V121/><F121/><W0/><G0/><T132/><D132/><U106/><E135/><V119/><F119/><W8/><G8/><T102/><D102/><U10/><E111/><N who="0" m="42569" /><D91/><U61/><E78/><V19/><F30/><W125/><G125/><T33/><D28/><U35/><E35/><N who="0" m="13321" /><D11/><U9/><E9/><V116/><F116/><W43/><G43/><T133/><D133/><U79/><E79/><V1/><F1/><W95/><REACH who="3" step="1"/><G55/><REACH who="3" ten="318,244,269,159" step="2"/><T4/><D4/><U27/><E106/><V84/><F42/><W25/><AGARI ba="0,1" hai="22,25,31,53,58,62,76,80,81,83,85,87,89,95" machi="25" ten="30,18000,2" yaku="1,1,2,1,0,1,8,1,52,1,53,1" doraHai="21" doraHaiUra="90" who="3" fromWho="3" sc="318,-60,244,-60,269,-60,159,190" owari="258,5.8,184,-31.6,209,-19.1,349,44.9" /></mjloggm>