<mjloggm ver="2.3"><GO type="225" lobby="0"/><UN n0="%E3%83%8F%E3%83%B3%E3%83%89%E3%83%A9%E3%83%BC%E3%83%BB%E3%83%AF%E3%83%B3" n1="%E3%82%B3%E3%83%90%E3%83%AC%E3%82%A4" n2="%E5%B8%86%E7%AB%8B%E5%A4%8F%E8%A1%A3" n3="%E3%83%9D%E3%82%B1%E3%83%83%E3%83%88" dan="17,16,17,16" rate="2206.04,2189.48,2151.82,2101.82" sx="M,M,M,M"/><TAIKYOKU oya="0"/><INIT seed="0,0,0,2,1,129" ten="250,250,250,250" oya="0" hai0="18,51,25,43,89,59,21,97,119,108,50,87,102" hai1="78,22,106,121,62,3,45,85,48,124,84,56,92" hai2="96,30,58,49,1,28,53,77,27,12,7,70,40" hai3="36,113,26,31,114,61,90,110,42,132,81,105,79"/><T71/><D119/><U9/><E106/><V20/><F70/><W54/><G110/><T99/><D71/><U64/><E121/><V11/><F77/><W63/><G105/><T74/><D74/><U16/><E124/><V107/><F40/><W47/><G90/><T52/><D102/><U95/><E9/><V66/><F66/><W111/><G111/><T57/><D108/><U98/><E3/><V19/><F30/><W38/><G38/><T131/><D131/><U104/><E104/><V41/><F41/><W5/><G5/><T29/><D29/><U8/><E8/><V83/><F83/><W15/><G15/><T44/><REACH who="0" step="1"/><D57/><REACH who="0" ten="240,250,250,250" step="2"/><U32/><E56/><V72/><F72/><W101/><G101/><T17/><D17/><U118/><E118/><V130/><F130/><W82/><G31/><T116/><D116/><U135/><E16/><V127/><F127/><W4/><G113/><T125/><D125/><U91/><E32/><V34/><F107/><W109/><G114/><T126/><D126/><U46/><E45/><V65/><F65/><W134/><G47/><T94/><AGARI ba="0,1" hai="18,21,25,43,44,50,51,52,59,87,89,94,97,99" machi="94" ten="20,12000,1" yaku="1,1,0,1,7,1,8,1,54,1,53,0" doraHai="129" doraHaiUra="6" who="0" fromWho="0" sc="240,130,250,-40,250,-40,250,-40" /><INIT seed="0,1,0,2,0,18" ten="370,210,210,210" oya="0" hai0="134,57,47,122,42,79,130,127,112,30,20,33,129" hai1="29,34,131,43,108,60,114,87,75,25,51,98,90" hai2="19,96,70,61,6,132,54,1,26,21,31,4,104" hai3="15,77,107,44,3,35,115,23,71,11,8,92,95"/><T106/><D112/><U53/><E75/><V86/><F132/><W46/><G115/><T82/><D122/><U121/><E114/><V99/><F86/><W78/><G35/><T59/><D106/><U72/><E72/><V2/><F99/><W0/><G107/><T94/><D33/><U65/><E121/><V117/><F117/><W118/><G71/><T105/><D105/><U56/><E43/><V24/><F1/><W66/><G66/><T102/><D127/><U52/><E131/><N who="0" m="50185" /><D94/><U10/><E108/><V16/><F2/><W119/><REACH who="3" step="1"/><G15/><REACH who="3" ten="370,210,210,200" step="2"/><T45/><D134/><U62/><E65/><V27/><F70/><W110/><G110/><T135/><D135/><U37/><E37/><V41/><F104/><W128/><G128/><T103/><D103/><U89/><E34/><V74/><F31/><W12/><G12/><T68/><D102/><U88/><E25/><V116/><F26/><W36/><G36/><T109/><D68/><U93/><E98/><V67/><F96/><W133/><G133/><T9/><D30/><U49/><E29/><V64/><F64/><W40/><G40/><T48/><D42/><U13/><E93/><V73/><F41/><W85/><G85/><T50/><D109/><U63/><E87/><V123/><F123/><W91/><G91/><T76/><D76/><U83/><E83/><V97/><F97/><W28/><G28/><T55/><D79/><U111/><E111/><V38/><F74/><W7/><G7/><T120/><D82/><U81/><E81/><V5/><F73/><W58/><G58/><T84/><D59/><RYUUKYOKU ba="1,1" sc="370,-10,210,-10,210,-10,200,30" hai3="0,3,8,11,23,44,46,77,78,92,95,118,119" /><INIT seed="1,2,1,1,3,56" ten="360,200,200,230" oya="1" hai0="20,96,22,62,103,50,16,68,0,110,31,130,21" hai1="7,59,65,1,128,118,40,75,87,33,84,100,43" hai2="92,52,67,46,63,114,98,9,124,125,24,64,119" hai3="77,94,55,36,39,60,88,133,91,134,121,32,117"/><U23/><E33/><V120/><F119/><W26/><G121/><T53/><D0/><U81/><E75/><V51/><F120/><W111/><G117/><T61/><D110/><U116/><E100/><V83/><F114/><W112/><G112/><T79/><D79/><U113/><E113/><V93/><F83/><W6/><G111/><T14/><D130/><U2/><E7/><V97/><F9/><W106/><G106/><T108/><D108/><U54/><E65/><V122/><F122/><W126/><G77/><T107/><D68/><U90/><E23/><V45/><F24/><W127/><G6/><T5/><D5/><U86/><E90/><N who="3" m="34346" /><G94/><N who="2" m="36457" /><F67/><W131/><G131/><T72/><D72/><U71/><E71/><N who="2" m="42399" /><F46/><W8/><G8/><T101/><D101/><U42/><E128/><V12/><F12/><W48/><G60/><T82/><D82/><U69/><E69/><V3/><F3/><W4/><G4/><T99/><D99/><U123/><E123/><V30/><F30/><N who="3" m="19543" /><G36/><T49/><D107/><U44/><E118/><V73/><F73/><W34/><G39/><T104/><D49/><N who="1" m="26783" /><E116/><V109/><F109/><W27/><G27/><T10/><REACH who="0" step="1"/><D31/><REACH who="0" ten="350,200,200,230" step="2"/><U38/><E2/><V115/><F115/><W76/><G76/><T95/><D95/><U28/><E1/><V132/><F132/><N who="3" m="50795" /><G34/><T37/><D37/><U15/><E38/><V17/><F17/><W13/><G13/><T29/><D29/><U129/><E129/><V102/><F102/><W19/><G19/><T78/><D78/><N who="1" m="46135" /><E28/><V74/><F74/><W66/><G66/><T57/><AGARI ba="2,2" hai="10,14,16,20,21,22,50,53,57,61,62,96,103,104" machi="57" ten="30,12000,2" yaku="1,1,5,1,0,1,52,2,54,1,53,0" doraHai="56" doraHaiUra="35" who="0" fromWho="0" sc="350,146,200,-62,200,-32,230,-32" /><INIT seed="2,0,0,2,4,8" ten="496,138,168,198" oya="2" hai0="35,31,98,49,126,2,69,83,134,41,36,38,89" hai1="27,108,101,18,104,129,100,29,102,26,75,33,93" hai2="96,32,67,51,121,133,87,9,113,6,60,91,110" hai3="132,82,4,53,58,78,43,115,107,39,13,94,105"/><V44/><F113/><W68/><G68/><T16/><D2/><U106/><E75/><V124/><F121/><W72/><G115/><T50/><D69/><U74/><E74/><V45/><F32/><W14/><G132/><T42/><D31/><U127/><E127/><V7/><F124/><W130/><G130/><T120/><D35/><U19/><E129/><V25/><F133/><W77/><G77/><T90/><D98/><U84/><E108/><V85/><F25/><W65/><G65/><T97/><D97/><U81/><E93/><N who="2" m="56383" /><F110/><W56/><G94/><T73/><D73/><U71/><E71/><V46/><F51/><W28/><G28/><T23/><D126/><U11/><E18/><V57/><F9/><W21/><G21/><T111/><D23/><U61/><E61/><V119/><F119/><W76/><G105/><T95/><D111/><U131/><E131/><V103/><F103/><W37/><G37/><T12/><D120/><U66/><E66/><V0/><F0/><W62/><G107/><T135/><D38/><U125/><E125/><V40/><F40/><W52/><G4/><AGARI ba="0,0" hai="4,6,7,44,45,46,57,60,67,85,87" m="56383" machi="4" ten="30,1500,0" yaku="8,1" doraHai="8" who="2" fromWho="3" sc="496,0,138,0,168,15,198,-15" /><INIT seed="2,1,0,4,1,69" ten="496,138,183,183" oya="2" hai0="103,54,2,26,133,89,30,72,118,129,11,62,106" hai1="115,10,73,57,51,124,53,66,49,112,113,104,44" hai2="56,9,70,100,96,97,132,6,98,110,84,123,55" hai3="81,60,94,134,64,109,131,17,21,79,75,24,29"/><V76/><F70/><W105/><G105/><T127/><D72/><U71/><E104/><V67/><F123/><W8/><G109/><T78/><D78/><U46/><E73/><V7/><F132/><W3/><G134/><T4/><D89/><U42/><E10/><V52/><F110/><W0/><G131/><T59/><D127/><U20/><E20/><V16/><F100/><W14/><REACH who="3" step="1"/><G94/><REACH who="3" ten="496,138,183,173" step="2"/><T95/><D95/><U50/><E124/><V107/><F107/><W82/><G82/><T40/><D129/><U22/><E22/><V58/><F96/><W25/><G25/><T128/><D128/><U111/><E111/><V18/><F97/><W88/><G88/><T77/><D133/><U47/><E71/><AGARI ba="1,1" hai="0,3,8,14,17,21,24,29,60,64,71,75,79,81" machi="71" ten="30,2000,0" yaku="1,1,7,1,53,0" doraHai="69" doraHaiUra="116" who="3" fromWho="1" sc="496,0,138,-23,183,0,173,33" /><INIT seed="3,0,0,5,4,80" ten="496,115,183,206" oya="3" hai0="87,133,109,91,88,125,62,35,10,5,42,73,11" hai1="33,34,103,22,56,59,0,13,111,14,76,7,135" hai2="78,20,25,48,12,24,134,40,96,18,23,114,130" hai3="30,105,124,1,61,107,123,89,57,131,54,77,97"/><W21/><G123/><T79/><D35/><U104/><E135/><V6/><F114/><W27/><G1/><T55/><D73/><U128/><E128/><V82/><F130/><W122/><G122/><T4/><D109/><U85/><E111/><V32/><F32/><W37/><G37/><T51/><D125/><U58/><E104/><V127/><F127/><W101/><G124/><T52/><D42/><U70/><E70/><V90/><F134/><W41/><G41/><T67/><D79/><U31/><E103/><V74/><F6/><N who="0" m="2666" /><D91/><U95/><E33/><V120/><F120/><W132/><G57/><N who="0" m="35111" /><D67/><U19/><E14/><V16/><F12/><W53/><G107/><T17/><D17/><U81/><E95/><V9/><F9/><W116/><G105/><T47/><D133/><U50/><E50/><V84/><F96/><W8/><G97/><T69/><D69/><U115/><E115/><V113/><F113/><W15/><G15/><T45/><D45/><U94/><E94/><AGARI ba="0,0" hai="10,11,47,51,55,87,88,94" m="35111,2666" machi="94" ten="30,7700,0" yaku="8,1,52,1,54,2" doraHai="80" who="0" fromWho="1" sc="496,77,115,-77,183,0,206,0" owari="573,67.3,38,-46.2,183,-21.7,206,0.6" /></mjloggm>