<mjloggm ver="2.3"><GO type="225" lobby="0"/><UN n0="%E3%81%AF%E3%82%88%E3%81%8A%E3%81%98%E3%81%95%E3%82%93" n1="%72%69%6F%75%63%68%61%6E" n2="%E3%81%B5%E3%81%98%E3%81%8B%E3%81%A4" n3="%E6%9D%B1%E9%A2%A8%E3%81%AE%E3%81%8D%E3%82%83%E3%81%B7%E3%81%95%E3%82%93" dan="17,16,16,17" rate="2191.06,2130.85,2161.09,2274.98" sx="M,M,M,M"/><TAIKYOKU oya="0"/><INIT seed="0,0,0,5,1,35" ten="250,250,250,250" oya="0" hai0="18,134,83,41,92,105,49,118,95,94,125,52,45" hai1="130,77,96,91,131,135,22,20,10,111,81,66,110" hai2="120,103,17,44,76,21,67,32,48,126,122,70,108" hai3="87,36,74,3,119,128,68,88,8,11,23,64,43"/><T39/><D118/><U29/><E135/><V5/><F32/><W121/><G74/><T60/><D105/><U26/><E66/><V33/><F33/><W30/><G121/><T78/><D125/><U109/><E20/><V115/><F115/><W133/><G128/><N who="1" m="49194" /><E10/><V72/><F103/><W84/><G84/><T75/><D134/><U55/><E55/><V50/><F5/><W79/><G79/><T19/><REACH who="0" step="1"/><D60/><REACH who="0" ten="240,250,250,250" step="2"/><U107/><E107/><V13/><F126/><W31/><G133/><T28/><D28/><U27/><E29/><V51/><F122/><W116/><G116/><T47/><AGARI ba="0,1" hai="18,19,39,41,45,47,49,52,75,78,83,92,94,95" machi="47" ten="30,6000,0" yaku="1,1,0,1,54,1,53,0" doraHai="35" doraHaiUra="59" who="0" fromWho="0" sc="240,70,250,-20,250,-20,250,-20" /><INIT seed="0,1,0,1,5,123" ten="310,230,230,230" oya="0" hai0="77,58,11,43,80,130,90,7,29,73,101,61,9" hai1="22,56,72,84,46,76,78,81,103,125,25,65,129" hai2="132,47,114,52,34,95,85,33,96,86,134,117,104" hai3="102,4,87,135,63,40,60,64,14,67,108,30,28"/><T21/><D130/><U6/><E125/><V131/><F131/><W69/><G40/><T92/><D101/><U99/><E129/><V51/><F114/><W36/><G36/><T120/><D120/><U107/><E6/><V128/><F128/><W13/><G87/><N who="2" m="33289" /><F117/><W32/><G32/><T94/><D43/><U31/><E46/><V89/><F104/><W91/><G91/><T19/><D29/><U38/><E38/><V10/><F10/><W18/><G102/><T93/><D90/><U98/><E99/><V24/><F24/><W3/><G3/><T20/><D19/><U45/><E45/><V115/><F115/><W2/><G2/><T17/><D17/><U12/><E12/><V79/><F79/><W41/><G41/><T15/><REACH who="0" step="1"/><D11/><REACH who="0" ten="300,230,230,230" step="2"/><U110/><E31/><V16/><F16/><W27/><G18/><T109/><D109/><U23/><E110/><V127/><F127/><W53/><G108/><T122/><D122/><U35/><E25/><V126/><F126/><W100/><G27/><T83/><D83/><N who="1" m="47207" /><E35/><V133/><AGARI ba="1,1" hai="33,34,47,51,52,89,95,96,132,133,134" m="33289" machi="133" ten="40,2700,0" yaku="20,1,54,1" doraHai="123" who="2" fromWho="2" sc="300,-14,230,-8,230,40,230,-8" /><INIT seed="1,0,0,3,2,76" ten="286,222,270,222" oya="1" hai0="89,50,43,23,91,96,80,26,16,38,135,81,117" hai1="17,71,52,97,118,21,99,19,28,123,20,112,73" hai2="128,109,105,10,67,101,75,107,87,62,33,69,132" hai3="79,94,92,48,113,63,9,25,114,27,116,49,56"/><U1/><E112/><V108/><F132/><W119/><G79/><T72/><D117/><N who="3" m="45129" /><G9/><T64/><D38/><U110/><E118/><V39/><F128/><W129/><G129/><T74/><D135/><U120/><E71/><V8/><F39/><W6/><G6/><T125/><D125/><U42/><E1/><V11/><F75/><W40/><G40/><T15/><D72/><U134/><E134/><V77/><F33/><W104/><G104/><T36/><D36/><U130/><E130/><V95/><F101/><W22/><G63/><T58/><D74/><U18/><E73/><V65/><F65/><W5/><G5/><T59/><D15/><U126/><E126/><V30/><F30/><W115/><G22/><N who="1" m="8810" /><E42/><V98/><F98/><N who="1" m="37385" /><E28/><V90/><REACH who="2" step="1"/><F77/><REACH who="2" ten="286,222,260,222" step="2"/><W102/><G102/><T34/><D34/><U32/><E32/><V88/><F88/><N who="0" m="33866" /><D96/><U111/><E52/><V31/><F31/><W60/><G115/><T68/><D68/><U54/><E54/><V78/><F78/><W133/><G133/><T106/><D106/><AGARI ba="0,1" hai="8,10,11,62,67,69,87,90,95,105,106,107,108,109" machi="106" ten="40,5200,0" yaku="1,1,53,2" doraHai="76" doraHaiUra="122" who="2" fromWho="0" sc="286,-52,222,0,260,62,222,0" /><INIT seed="2,0,0,2,2,37" ten="234,222,322,222" oya="2" hai0="3,63,71,95,24,62,117,28,5,46,109,39,10" hai1="16,101,32,110,34,50,91,128,133,73,75,70,94" hai2="11,99,43,134,83,92,58,86,119,127,122,31,7" hai3="26,100,126,104,124,82,132,59,2,19,61,0,18"/><V123/><F119/><W102/><G82/><T81/><D117/><U9/><E70/><V23/><F127/><N who="3" m="48683" /><G132/><T20/><D109/><U120/><E110/><V106/><F134/><W107/><G26/><T77/><D95/><U42/><E133/><V57/><F106/><N who="3" m="40491" /><G59/><T112/><D112/><U98/><E128/><V33/><F83/><W8/><G61/><T22/><D22/><U60/><E120/><V17/><F58/><W116/><G8/><T66/><D63/><U118/><E118/><V25/><F57/><W97/><G97/><T89/><D89/><U55/><E60/><V1/><F86/><W90/><G90/><T12/><D39/><U45/><E91/><V115/><F99/><W15/><G15/><T30/><D46/><U54/><E75/><V48/><F92/><W125/><N who="3" m="48691" /><W64/><DORA hai="84" /><G64/><T41/><D41/><U87/><E73/><V69/><F115/><W38/><G38/><T85/><REACH who="0" step="1"/><D12/><REACH who="0" ten="224,222,322,222" step="2"/><N who="1" m="7183" /><E32/><V129/><F33/><W135/><G135/><T49/><D49/><N who="1" m="26807" /><E34/><V93/><F123/><W56/><G116/><T103/><D103/><N who="3" m="39465" /><G56/><T13/><D13/><U80/><E50/><V36/><F48/><W113/><G113/><T67/><D67/><U88/><AGARI ba="0,1" hai="54,55,80,87,88,94,98,101" m="26807,7183" machi="88" ten="30,8000,1" yaku="8,1,52,2,54,2" doraHai="37,84" who="1" fromWho="1" sc="224,-20,222,90,322,-40,222,-20" /><INIT seed="3,0,0,2,5,108" ten="204,312,282,202" oya="3" hai0="29,72,92,99,13,81,90,62,2,61,53,107,89" hai1="124,7,112,60,44,127,118,109,31,45,115,116,122" hai2="40,77,26,128,88,113,133,19,14,30,98,47,9" hai3="11,94,120,95,24,114,18,125,65,101,75,58,0"/><W25/><G75/><T78/><D2/><U1/><E109/><V17/><F133/><W135/><G120/><T129/><D129/><U27/><E122/><V52/><F128/><W131/><G131/><T71/><D29/><U35/><E60/><V66/><F113/><N who="1" m="43593" /><E44/><V79/><F66/><W16/><G114/><T41/><D41/><U48/><E7/><V70/><F70/><W4/><G135/><T105/><D90/><U84/><E84/><V103/><F40/><W86/><G125/><N who="1" m="48202" /><E1/><V102/><F47/><W23/><G86/><T46/><D61/><U69/><E69/><V22/><F79/><W134/><G134/><T67/><D46/><U132/><E132/><V68/><F77/><W49/><G101/><T74/><D72/><U123/><E123/><V21/><F68/><W111/><G111/><T106/><D53/><AGARI ba="0,0" hai="27,31,35,45,48,53,116,118" m="48202,43593" machi="53" ten="30,7700,0" yaku="18,1,52,3" doraHai="108" who="1" fromWho="0" sc="204,-77,312,77,282,0,202,0" owari="127,-37.3,389,48.9,282,8.2,202,-19.8" /></mjloggm>