<mjloggm ver="2.3"><GO type="225" lobby="0"/><UN n0="%72%69%6F%75%63%68%61%6E" n1="%E3%81%82%E3%81%99%E3%81%AB%E3%82%83%E3%82%80" n2="%E3%81%B5%E3%81%98%E3%81%8B%E3%81%A4" n3="%E3%80%93%E3%81%97%E3%83%BC%E3%82%89%E3%80%93" dan="16,16,16,16" rate="2158.54,2117.69,2177.97,2069.49" sx="M,F,M,M"/><TAIKYOKU oya="0"/><INIT seed="0,0,0,2,3,51" ten="250,250,250,250" oya="0" hai0="66,33,42,37,11,36,64,123,58,74,106,47,114" hai1="35,85,135,40,111,119,43,115,57,6,8,116,86" hai2="14,9,122,15,16,97,130,91,44,131,39,118,83" hai3="129,12,45,38,82,34,59,0,69,103,75,88,61"/><T133/><D114/><U67/><E111/><V101/><F122/><W94/><G0/><T19/><D123/><U125/><E35/><V70/><F118/><W55/><G34/><T95/><D106/><U102/><E115/><V23/><F70/><W25/><G129/><N who="2" m="49161" /><F39/><W128/><G128/><T93/><D133/><U63/><E135/><V3/><F3/><W52/><G69/><T7/><D74/><U104/><E125/><V132/><F132/><W98/><G38/><T117/><D117/><U120/><E120/><V18/><F44/><W26/><G12/><T13/><D36/><U92/><E104/><N who="2" m="63535" /><F83/><W89/><G75/><T110/><D33/><U10/><E116/><V112/><F91/><N who="3" m="34891" /><G82/><T49/><D110/><U1/><E10/><V5/><F112/><W50/><AGARI ba="0,0" hai="25,26,45,50,52,55,59,61,94,98,103" m="34891" machi="50" ten="30,8000,1" yaku="8,1,52,2,54,2" doraHai="51" who="3" fromWho="3" sc="250,-40,250,-20,250,-20,250,80" /><INIT seed="1,0,0,2,0,119" ten="210,230,230,330" oya="1" hai0="106,109,73,7,64,17,102,20,71,77,76,105,135" hai1="43,51,108,126,52,38,121,32,94,29,68,18,100" hai2="70,57,134,31,101,96,110,103,83,89,115,46,19" hai3="91,48,26,35,27,44,60,69,113,56,34,47,13"/><U42/><E68/><V82/><F70/><W84/><G69/><T50/><D109/><U111/><E126/><V90/><F110/><N who="1" m="42025" /><E121/><V1/><F31/><W11/><G113/><T85/><D135/><U124/><E124/><V25/><F115/><W132/><G132/><T104/><D73/><U67/><E67/><V118/><F1/><W59/><G35/><T92/><D7/><U39/><E18/><V128/><F118/><W45/><G34/><T117/><D117/><U116/><E116/><V107/><F134/><W86/><G48/><T30/><D30/><U75/><E75/><V33/><F46/><W63/><G59/><T40/><D102/><U49/><E49/><V54/><F33/><W65/><G63/><T114/><D114/><U61/><E61/><N who="2" m="36023" /><F107/><W123/><G123/><T36/><D36/><N who="1" m="13867" /><E94/><N who="2" m="58519" /><F128/><W99/><G99/><T2/><D71/><U74/><E74/><V14/><F103/><W95/><REACH who="3" step="1"/><G86/><REACH who="3" ten="210,230,230,320" step="2"/><T58/><D50/><U41/><E100/><V23/><F25/><W127/><G127/><T125/><D125/><U4/><E32/><V22/><F22/><W98/><G98/><T53/><D20/><U120/><E120/><V122/><F122/><W93/><G93/><T78/><D92/><U24/><E24/><V3/><F3/><W21/><G21/><T55/><D2/><U131/><E131/><V129/><F129/><W16/><AGARI ba="0,1" hai="11,13,16,26,27,44,45,47,56,60,65,84,91,95" machi="16" ten="30,7900,0" yaku="1,1,0,1,8,1,54,1,53,0" doraHai="119" doraHaiUra="133" who="3" fromWho="3" sc="210,-20,230,-39,230,-20,320,89" /><INIT seed="2,0,0,5,2,8" ten="190,191,210,409" oya="2" hai0="94,64,61,133,126,105,118,68,57,13,116,113,27" hai1="73,25,84,43,124,26,2,37,128,121,75,46,0" hai2="99,19,97,1,119,21,127,23,16,81,120,95,40" hai3="70,24,60,65,110,28,82,85,29,36,69,74,32"/><V135/><F119/><N who="0" m="45610" /><D113/><U6/><E128/><V9/><F120/><W33/><G110/><T66/><D105/><U41/><E121/><V80/><F135/><W107/><G36/><T104/><D104/><U122/><E122/><V86/><F127/><W87/><G70/><T14/><D133/><U96/><E124/><V117/><F117/><W35/><G74/><T63/><D126/><U56/><E84/><V134/><F134/><W11/><G29/><T98/><D27/><U55/><E43/><V20/><F40/><W48/><G48/><T62/><D63/><U76/><E75/><V109/><F109/><W67/><G67/><T18/><D18/><N who="2" m="6698" /><F1/><W52/><G107/><T100/><AGARI ba="0,0" hai="13,14,57,61,62,64,66,68,94,98,100" m="45610" machi="100" ten="30,4000,0" yaku="12,1,52,2" doraHai="8" who="0" fromWho="0" sc="190,40,191,-10,210,-20,409,-10" /><INIT seed="3,0,0,4,5,101" ten="230,181,190,399" oya="3" hai0="104,48,42,89,98,19,8,97,116,93,35,72,1" hai1="29,33,43,123,25,99,100,15,128,131,14,0,120" hai2="80,129,5,96,17,51,130,36,111,87,110,56,79" hai3="12,23,26,38,37,102,85,66,27,88,69,6,74"/><W77/><G102/><T112/><D35/><U11/><E43/><V70/><F70/><W86/><G86/><T67/><D72/><U47/><E47/><V127/><F127/><W44/><G77/><T28/><D28/><U31/><E31/><V61/><F36/><W20/><G74/><T114/><D116/><U82/><E82/><V4/><F51/><W84/><G44/><N who="0" m="25623" /><D67/><U109/><E109/><N who="2" m="41483" /><F17/><W122/><G122/><T62/><D62/><U58/><E58/><V95/><F4/><W91/><G6/><N who="0" m="1103" /><D19/><U76/><E76/><V125/><F5/><W113/><G12/><N who="1" m="4650" /><E0/><V71/><F125/><W52/><G66/><T50/><D50/><U73/><E11/><V135/><F71/><W24/><G69/><T103/><D97/><U132/><E73/><V118/><F118/><W53/><G27/><T7/><D7/><U40/><E40/><V133/><F56/><W49/><G49/><T107/><D89/><U81/><E81/><V78/><F61/><W54/><G54/><T126/><D126/><U105/><E132/><N who="2" m="50763" /><F78/><W68/><G68/><T30/><D30/><U34/><E34/><V63/><F63/><W55/><G55/><T59/><D59/><U22/><E33/><V124/><F124/><W108/><G108/><T121/><D121/><U3/><E3/><V90/><AGARI ba="0,0" hai="79,80,87,90,95,96,129,130" m="50763,41483" machi="90" ten="40,8000,1" yaku="14,1,20,1,34,2" doraHai="101" who="2" fromWho="2" sc="230,-20,181,-20,190,80,399,-40" owari="210,-19.0,161,-33.9,270,7.0,359,45.9" /></mjloggm>