<mjloggm ver="2.3"><GO type="225" lobby="0"/><UN n0="%72%69%6F%75%63%68%61%6E" n1="%E7%99%BD%E6%97%A5%E9%9B%AA%E8%8F%9C" n2="%E3%83%97%E3%83%92" n3="%E3%83%97%E3%83%AC%E3%83%B4%E3%82%A1%E3%83%86%E3%82%A3" dan="16,16,16,16" rate="2160.96,2173.89,2167.77,2046.15" sx="M,M,M,F"/><TAIKYOKU oya="0"/><INIT seed="0,0,0,0,1,28" ten="250,250,250,250" oya="0" hai0="130,110,124,32,82,9,78,59,71,47,10,60,3" hai1="80,125,112,96,58,63,44,76,79,51,26,70,45" hai2="22,62,37,93,131,114,90,13,83,7,30,84,27" hai3="95,101,57,8,34,134,94,72,102,65,106,118,91"/><T56/><D124/><U129/><E125/><V55/><F114/><W5/><G118/><T42/><D130/><U88/><E129/><V24/><F37/><W48/><G72/><T75/><D110/><U92/><E70/><V6/><F6/><W66/><G134/><T29/><D71/><U2/><E2/><V20/><F131/><W33/><G106/><T0/><D0/><U133/><E133/><V21/><F24/><W49/><G57/><T17/><D17/><U104/><E112/><V100/><F7/><W61/><G5/><N who="0" m="1215" /><D10/><U89/><E104/><V53/><F13/><W54/><G8/><T23/><D23/><N who="2" m="8778" /><F62/><W15/><G15/><T135/><D135/><U123/><E123/><V108/><F108/><W121/><G61/><T40/><D40/><U35/><E89/><N who="2" m="51359" /><F100/><W36/><G91/><T116/><D116/><U67/><E76/><V11/><F11/><W103/><G54/><T43/><D43/><U69/><E69/><V25/><F25/><W115/><G115/><T105/><D105/><U87/><REACH who="1" step="1"/><E51/><REACH who="1" ten="250,240,250,250" step="2"/><N who="3" m="19530" /><G36/><N who="0" m="21959" /><D60/><U68/><E68/><V50/><F50/><W128/><G128/><T99/><D99/><AGARI ba="0,1" hai="22,27,30,53,55,90,93,99" m="51359,8778" machi="99" ten="30,1000,0" yaku="8,1" doraHai="28" who="2" fromWho="0" sc="250,-10,240,0,250,20,250,0" /><INIT seed="1,0,0,1,3,11" ten="240,240,270,250" oya="1" hai0="95,52,34,131,84,75,49,67,59,51,63,89,102" hai1="1,83,16,97,121,58,127,100,12,43,48,40,29" hai2="28,82,17,117,98,53,30,91,66,38,47,113,18" hai3="133,21,20,5,45,108,62,61,8,105,86,126,110"/><U69/><E121/><V22/><F117/><W7/><G105/><T103/><D131/><U111/><E1/><V68/><F113/><W118/><G118/><T72/><D34/><U114/><E114/><V64/><F68/><W26/><G126/><T27/><D27/><U129/><E69/><V14/><F38/><W115/><G115/><T46/><REACH who="0" step="1"/><D49/><REACH who="0" ten="230,240,270,250" step="2"/><U0/><E129/><V128/><F128/><W78/><G26/><T3/><D3/><U6/><E127/><V120/><F120/><W116/><G116/><T57/><D57/><U88/><E29/><V9/><F30/><W31/><G31/><T124/><D124/><U122/><E122/><V33/><F28/><W76/><G45/><T94/><D94/><N who="1" m="58423" /><E0/><V32/><F33/><W39/><G39/><T106/><D106/><U101/><E58/><V77/><F32/><W70/><G70/><T104/><D104/><U4/><E48/><N who="2" m="28831" /><F77/><W107/><G107/><T99/><D99/><U130/><E130/><V37/><F37/><W10/><G86/><T135/><D135/><AGARI ba="0,1" hai="5,7,8,10,20,21,61,62,76,78,108,110,133,135" machi="135" ten="25,1600,0" yaku="22,2" doraHai="11" who="3" fromWho="0" sc="230,-16,240,0,270,0,250,26" /><INIT seed="2,0,0,5,3,47" ten="214,240,270,276" oya="2" hai0="48,100,116,87,3,122,75,49,24,88,130,102,115" hai1="125,127,61,93,97,120,63,126,4,108,103,86,91" hai2="33,82,119,5,128,70,73,71,131,129,60,7,9" hai3="76,105,67,124,20,72,38,50,95,98,134,8,25"/><V109/><F119/><W121/><G121/><T52/><D122/><U12/><E120/><V96/><F33/><W135/><G38/><T68/><D115/><U27/><E108/><V2/><F109/><W111/><G111/><T45/><D75/><U99/><E27/><V59/><F7/><W32/><G32/><T40/><D3/><U113/><E113/><V81/><F96/><W37/><G37/><T104/><D68/><N who="2" m="26154" /><F73/><W80/><G67/><AGARI ba="0,0" hai="2,5,9,59,60,67,81,82,128,129,131" m="26154" machi="67" ten="40,2000,0" yaku="19,1" doraHai="47" who="2" fromWho="3" sc="214,0,240,0,270,20,276,-20" /><INIT seed="2,1,0,5,0,114" ten="214,240,290,256" oya="2" hai0="135,109,37,79,101,94,34,23,43,57,61,59,122" hai1="17,20,108,12,2,46,128,98,33,13,27,117,81" hai2="6,72,134,111,86,125,75,65,93,89,41,107,74" hai3="39,58,91,124,62,83,45,118,22,88,92,132,103"/><V4/><F134/><W35/><G132/><T112/><D135/><U106/><E108/><V68/><F107/><W84/><G35/><T80/><D122/><U28/><E128/><V87/><F111/><W54/><G124/><T1/><D112/><U50/><E117/><V10/><F125/><W21/><G103/><T95/><D34/><U100/><E81/><V0/><F4/><W7/><G7/><T11/><D109/><U8/><E12/><V52/><F41/><W129/><G129/><T119/><D101/><U63/><E63/><V42/><F42/><W24/><G39/><T130/><D130/><U121/><E121/><V96/><REACH who="2" step="1"/><F52/><REACH who="2" ten="214,240,280,256" step="2"/><N who="3" m="34119" /><G118/><T102/><D119/><U5/><E46/><V76/><F76/><W15/><G45/><T60/><D79/><U31/><E50/><V48/><F48/><W127/><G127/><T71/><D37/><U56/><E31/><V44/><F44/><W30/><G54/><T53/><D43/><U19/><E17/><V110/><F110/><W49/><G49/><T97/><D53/><U18/><E19/><V104/><F104/><W115/><G115/><T29/><D29/><U16/><E18/><V85/><F85/><N who="3" m="52335" /><G22/><T113/><D23/><U123/><E123/><V47/><F47/><W77/><G77/><T99/><D113/><U126/><E126/><V116/><F116/><W70/><G70/><T66/><D71/><U64/><E56/><V14/><F14/><AGARI ba="1,1" hai="14,15,21,24,30,83,84,88" m="52335,34119" machi="14" ten="30,3900,0" yaku="8,1,54,2" doraHai="114" who="3" fromWho="2" sc="214,0,240,0,280,-42,256,52" /><INIT seed="3,0,0,5,5,108" ten="214,240,238,308" oya="3" hai0="53,4,133,132,85,75,23,92,123,61,103,54,86" hai1="63,16,32,73,84,48,72,104,58,33,29,82,15" hai2="120,2,6,10,89,9,37,27,42,7,38,59,66" hai3="115,25,98,80,121,21,18,1,26,117,40,56,124"/><W99/><G117/><T87/><D123/><U106/><E48/><V5/><F120/><W69/><G121/><T97/><D75/><U35/><E29/><V96/><F42/><W81/><G69/><T71/><D4/><U116/><E116/><V49/><F37/><W50/><G1/><T13/><D71/><U135/><E135/><V113/><F38/><W41/><G115/><T8/><D23/><U17/><E72/><V129/><F113/><W126/><G56/><T51/><D61/><U112/><E73/><V20/><F2/><W119/><G119/><T125/><D125/><N who="3" m="48233" /><G26/><T111/><D111/><U130/><E130/><V122/><F129/><W131/><G131/><T43/><D43/><N who="3" m="16457" /><G50/><T90/><D103/><U70/><E70/><V11/><F122/><W127/><G127/><T67/><D67/><U109/><E109/><V134/><F134/><W30/><G30/><T94/><D94/><U44/><E112/><V68/><F68/><W102/><G99/><T100/><D100/><U46/><E46/><V55/><F66/><W88/><G88/><T107/><D107/><AGARI ba="0,0" hai="18,21,25,80,81,98,102,107" m="16457,48233" machi="107" ten="30,1500,0" yaku="18,1" doraHai="108" who="3" fromWho="0" sc="214,-15,240,0,238,0,308,15" owari="199,-30.1,240,4.0,238,-16.2,323,42.3" /></mjloggm>