<mjloggm ver="2.3"><GO type="225" lobby="0"/><UN n0="%72%69%6F%75%63%68%61%6E" n1="%E7%89%B9%E6%9D%B1%E3%81%AF%E4%B8%96%E7%95%8C%E3%82%92%E6%95%91%E3%81%86" n2="%E6%A1%9C%E8%8A%B1%E9%96%83%E3%80%85" n3="%E3%81%86%E3%81%A3%E3%81%97%E3%83%BC%30%30" dan="17,16,16,16" rate="2266.07,2084.16,2180.31,2080.30" sx="M,M,M,M"/><TAIKYOKU oya="0"/><INIT seed="0,0,0,1,5,124" ten="250,250,250,250" oya="0" hai0="80,111,119,39,57,5,93,53,88,24,126,135,127" hai1="87,105,107,34,83,110,21,132,131,49,2,25,58" hai2="23,43,99,86,51,64,16,94,71,113,65,114,20" hai3="55,40,12,1,98,68,90,121,0,112,27,73,8"/><T29/><D135/><U77/><E132/><V56/><F71/><W19/><G112/><T82/><D119/><U62/><E110/><V6/><F6/><W102/><G121/><T17/><D39/><U92/><E2/><V41/><F23/><W31/><G73/><T120/><D120/><U10/><E34/><V81/><F113/><W28/><G28/><T125/><D5/><U50/><E10/><V69/><F69/><W123/><G123/><T37/><D37/><U89/><E107/><V79/><F114/><W130/><G40/><N who="2" m="15433" /><F56/><W30/><G31/><T109/><D17/><U44/><E44/><V42/><N who="2" m="15441" /><V15/><DORA hai="72" /><F51/><W103/><G68/><T14/><D14/><U13/><E13/><V116/><F116/><W106/><G19/><T61/><D80/><U117/><E105/><V36/><F36/><W67/><G106/><T7/><D82/><U54/><E131/><V91/><AGARI ba="0,0" hai="15,16,20,64,65,79,81,86,91,94,99" m="15441" machi="91" ten="30,4000,0" yaku="8,1,52,1,54,1" doraHai="124,72" who="2" fromWho="2" sc="250,-20,250,-10,250,40,250,-10" /><INIT seed="1,0,0,5,0,115" ten="230,240,290,240" oya="1" hai0="50,127,74,12,5,21,46,109,105,51,129,37,41" hai1="7,104,114,65,79,87,134,11,3,45,118,124,112" hai2="100,103,84,77,128,26,120,4,27,108,29,24,76" hai3="110,9,125,39,17,94,80,106,34,135,38,122,58"/><U56/><E118/><V23/><F120/><W6/><G17/><T68/><D109/><U97/><E134/><V15/><F108/><W101/><G94/><T25/><D127/><U83/><E124/><V73/><F73/><W107/><G58/><T32/><D129/><U67/><E45/><V62/><F128/><W44/><G80/><T28/><D105/><U30/><E30/><V0/><F0/><W121/><G44/><T20/><D68/><U75/><E87/><V40/><F40/><W96/><G110/><T66/><D74/><U1/><E1/><V10/><F62/><W89/><G89/><T113/><D66/><U49/><E65/><V71/><F71/><W18/><G18/><T14/><D113/><U31/><E31/><V43/><F43/><W81/><G81/><T36/><D51/><U126/><E126/><V22/><F84/><W95/><G34/><T82/><D82/><U59/><E59/><V19/><F26/><W123/><G125/><T53/><D12/><U131/><E131/><V60/><F60/><W16/><G135/><T13/><D14/><U99/><E99/><V93/><F93/><W64/><G64/><T72/><D72/><U47/><E56/><V90/><F90/><W55/><G106/><T102/><D102/><AGARI ba="0,0" hai="4,10,15,19,22,23,24,27,29,76,77,100,102,103" machi="102" ten="40,1300,0" yaku="8,1" doraHai="115" who="2" fromWho="0" sc="230,-13,240,0,290,13,240,0" /><INIT seed="2,0,0,0,0,133" ten="217,240,303,240" oya="2" hai0="124,51,68,18,116,41,49,2,31,98,13,88,55" hai1="70,30,64,105,120,0,46,27,14,91,85,77,83" hai2="89,44,40,121,42,66,59,128,60,1,12,125,86" hai3="23,126,99,111,50,10,78,6,112,15,130,110,117"/><V102/><F1/><W19/><G117/><T123/><D123/><U21/><E0/><V45/><F121/><W93/><G130/><T67/><D2/><U79/><E120/><V96/><F125/><W107/><G107/><T97/><D116/><U38/><E105/><V29/><F29/><W129/><G129/><T17/><D31/><U131/><E131/><V37/><F128/><W69/><G69/><T81/><D124/><U94/><E70/><V25/><F25/><N who="3" m="14591" /><G78/><T101/><D67/><U52/><E64/><V103/><F12/><W72/><G50/><T32/><D68/><U84/><E14/><V61/><F96/><N who="0" m="36970" /><D32/><U106/><E106/><V3/><F61/><W108/><G72/><T63/><D101/><U76/><E38/><V132/><F132/><W65/><G65/><T57/><D41/><U48/><AGARI ba="0,0" hai="21,27,30,46,48,52,76,77,79,83,84,85,91,94" machi="48" ten="30,4000,0" yaku="0,1,8,1,54,1" doraHai="133" who="1" fromWho="1" sc="217,-10,240,40,303,-20,240,-10" /><INIT seed="3,0,0,0,0,17" ten="207,280,283,230" oya="3" hai0="102,31,24,45,70,88,101,55,69,97,40,12,111" hai1="94,105,62,13,56,130,119,51,23,64,28,48,5" hai2="19,10,125,107,106,36,79,44,90,68,74,9,114" hai3="35,92,61,120,0,76,116,59,39,54,29,87,128"/><W22/><G116/><T1/><D1/><U127/><E105/><V57/><F68/><W41/><G120/><T75/><D75/><U118/><E130/><V110/><F114/><W3/><G128/><T67/><D111/><U86/><E127/><V7/><F110/><W8/><G35/><T91/><D55/><U126/><E126/><V25/><F57/><W65/><G39/><T95/><D12/><U129/><E129/><V100/><F90/><W6/><G41/><T53/><D53/><U123/><E123/><V135/><F135/><W15/><G54/><T78/><D78/><U52/><E5/><V103/><F103/><W112/><G112/><T4/><D4/><U60/><E94/><V11/><F100/><W50/><G50/><T27/><D102/><U63/><E86/><V21/><F125/><W82/><REACH who="3" step="1"/><G92/><REACH who="3" ten="207,280,283,220" step="2"/><T26/><D31/><U121/><E121/><V43/><F106/><W20/><G20/><T124/><D124/><U93/><E28/><V96/><F107/><W14/><G14/><T122/><D122/><U115/><E115/><V77/><F36/><W84/><G84/><T113/><D113/><U104/><E104/><V72/><F72/><W98/><G98/><T37/><REACH who="0" step="1"/><D67/><REACH who="0" ten="197,280,283,220" step="2"/><U85/><E64/><V34/><F74/><W30/><G30/><T2/><D2/><U73/><E73/><V131/><F131/><W133/><G133/><T89/><AGARI ba="0,2" hai="24,26,27,37,40,45,69,70,88,89,91,95,97,101" machi="89" ten="30,4000,0" yaku="1,1,0,1,54,1,53,0" doraHai="17" doraHaiUra="81" who="0" fromWho="0" sc="197,60,280,-10,283,-10,220,-20" /><INIT seed="4,0,0,2,4,19" ten="257,270,273,200" oya="0" hai0="22,51,117,118,131,23,129,109,70,25,44,47,115" hai1="135,8,93,128,69,37,97,125,122,75,119,121,31" hai2="123,87,130,4,81,85,90,2,20,32,49,15,11" hai3="48,124,94,21,29,91,96,77,80,60,13,16,50"/><T74/><D74/><U88/><E119/><N who="0" m="45577" /><D70/><U103/><E37/><V43/><F130/><N who="0" m="49674" /><D115/><U62/><E128/><V3/><F32/><W76/><G124/><T113/><D113/><U84/><E125/><V68/><F68/><W59/><G29/><T92/><D109/><U33/><E75/><V133/><F133/><W18/><G18/><T111/><D111/><U83/><E135/><V9/><F123/><W1/><G1/><T106/><D106/><U100/><E100/><V6/><F87/><N who="3" m="48519" /><G77/><T79/><D79/><U71/><E69/><V26/><F15/><W78/><G78/><T36/><D25/><U0/><E31/><V126/><F126/><W24/><G13/><T10/><D10/><U114/><E33/><V66/><F26/><W34/><G34/><T73/><D73/><U132/><E132/><V61/><F9/><W120/><G120/><T52/><D92/><U67/><REACH who="1" step="1"/><E114/><REACH who="1" ten="257,260,273,200" step="2"/><V35/><F35/><W108/><G108/><T127/><D127/><U5/><AGARI ba="0,1" hai="0,5,8,62,67,71,83,84,88,93,97,103,121,122" machi="5" ten="30,7900,0" yaku="1,1,2,1,0,1,54,1,53,0" doraHai="19" doraHaiUra="110" who="1" fromWho="1" sc="257,-39,260,89,273,-20,200,-20" owari="218,-18.2,349,44.9,253,5.3,180,-32.0" /></mjloggm>