<mjloggm ver="2.3"><GO type="225" lobby="0"/><UN n0="%E3%81%BF%E3%81%BF%E3%81%9A" n1="%E3%81%A9%E3%82%8F%E3%82%93%E3%81%94" n2="%E5%84%AA%40%41%42%43" n3="%73%6C%69%63%6B%33%31%39" dan="17,16,17,16" rate="2183.00,2168.23,2237.43,2189.76" sx="M,M,M,M"/><TAIKYOKU oya="0"/><INIT seed="0,0,0,1,2,10" ten="250,250,250,250" oya="0" hai0="75,89,58,112,40,111,82,131,22,77,54,116,60" hai1="84,41,135,106,45,8,31,18,78,85,113,103,19" hai2="35,102,79,133,14,53,73,107,43,122,66,37,71" hai3="115,21,7,125,15,72,76,94,123,34,88,20,1"/><T32/><D112/><U101/><E135/><V47/><F122/><W121/><G115/><T30/><D116/><U109/><E113/><V2/><F133/><W93/><G34/><T50/><D111/><U11/><E31/><V5/><F14/><W105/><G105/><T3/><D3/><U24/><E109/><V117/><F117/><W134/><G134/><T86/><D32/><U6/><E106/><V16/><F16/><N who="3" m="10271" /><G21/><T69/><D131/><U128/><E78/><V80/><F53/><W55/><G55/><T91/><D75/><U110/><E110/><V63/><F35/><W26/><G26/><N who="0" m="16727" /><D69/><U57/><E24/><V81/><F81/><N who="3" m="45191" /><G125/><T49/><D49/><U92/><E11/><N who="2" m="2487" /><F102/><W126/><G126/><T61/><D61/><U108/><E103/><V56/><F56/><W87/><G93/><T51/><D51/><U59/><E57/><V67/><F67/><W129/><G129/><T33/><D33/><U62/><E59/><V23/><F23/><W132/><G132/><T64/><D64/><U29/><E128/><V97/><F97/><W98/><G98/><T42/><D60/><U124/><E62/><V46/><F46/><W68/><G68/><T38/><D38/><U90/><E45/><V120/><F107/><W104/><G104/><T48/><D48/><U39/><E39/><V13/><F13/><W52/><G52/><T36/><D36/><U12/><E124/><V28/><F28/><W0/><G7/><T74/><D74/><U27/><E6/><V9/><F9/><W99/><G99/><T119/><D119/><U25/><E108/><RYUUKYOKU ba="0,0" sc="250,10,250,-30,250,10,250,10" hai0="40,42,50,54,58,77,82,86,89,91" hai2="37,43,47,63,66,71,73,79,80,120" hai3="0,1,87,88,94,121,123" /><INIT seed="0,1,0,3,0,47" ten="260,220,260,260" oya="0" hai0="73,53,106,44,61,83,116,15,71,105,51,57,79" hai1="36,8,75,101,135,29,43,128,74,88,108,95,126" hai2="21,55,31,14,13,76,56,5,93,96,103,6,91" hai3="30,107,37,115,17,63,65,89,86,50,45,54,12"/><T113/><D113/><U67/><E108/><V134/><F76/><W82/><G115/><T130/><D116/><U11/><E29/><V70/><F70/><W131/><G131/><T59/><D130/><U26/><E128/><V64/><F134/><W32/><G107/><T68/><D57/><U62/><E101/><V111/><F111/><W10/><G37/><T20/><D71/><U97/><E135/><V114/><F114/><W38/><G38/><T7/><D68/><U49/><E36/><V1/><F1/><W100/><G100/><T78/><D79/><U77/><E26/><N who="2" m="16847" /><F64/><W40/><G40/><T4/><D7/><N who="2" m="2570" /><F91/><W60/><G65/><T41/><REACH who="0" step="1"/><D20/><REACH who="0" ten="250,220,260,260" step="2"/><U99/><E77/><V24/><F24/><AGARI ba="1,1" hai="10,12,17,24,30,32,45,50,54,60,63,82,86,89" machi="24" ten="40,5200,0" yaku="25,2,52,1" doraHai="47" who="3" fromWho="2" sc="250,0,220,0,260,-55,260,65" /><INIT seed="1,0,0,1,1,134" ten="250,220,205,325" oya="1" hai0="26,67,13,108,93,19,25,18,124,113,2,0,30" hai1="4,35,23,33,64,129,87,21,122,94,37,78,53" hai2="58,60,115,61,28,118,54,22,92,110,106,8,69" hai3="39,121,104,40,90,105,55,72,63,73,116,59,98"/><U130/><E122/><V1/><F118/><W48/><G121/><T41/><D113/><U85/><E37/><V76/><F106/><W86/><G116/><T97/><D108/><U62/><E4/><V107/><F107/><W20/><G73/><T44/><D67/><U81/><E53/><V9/><F110/><W96/><G72/><T32/><D26/><U66/><E94/><V71/><F115/><W79/><G79/><T42/><D124/><U52/><E52/><V5/><F76/><W103/><G39/><T89/><D19/><U128/><E87/><V7/><F61/><W14/><G105/><T51/><REACH who="0" step="1"/><D41/><REACH who="0" ten="240,220,205,325" step="2"/><U114/><E114/><V82/><F28/><W88/><G40/><T126/><D126/><U43/><E43/><V12/><F71/><W6/><G55/><T99/><D99/><U84/><E66/><V16/><F69/><W91/><G98/><T109/><D109/><U80/><E35/><V120/><F120/><W127/><G127/><T57/><D57/><N who="1" m="36943" /><E33/><V119/><F119/><W49/><G96/><T29/><D29/><U47/><E47/><V100/><F7/><W11/><G6/><T15/><D15/><U31/><E31/><V135/><F135/><W132/><G14/><T83/><D83/><U3/><E3/><V117/><F82/><W112/><G132/><T50/><D50/><U36/><E36/><V111/><F117/><W65/><G48/><T74/><D74/><N who="1" m="43095" /><E81/><V102/><F111/><W46/><G112/><T75/><D75/><U38/><E38/><V27/><F92/><N who="3" m="54359" /><G46/><T125/><D125/><U68/><E68/><RYUUKYOKU ba="0,1" sc="240,10,220,10,205,10,325,-30" hai0="0,2,13,18,25,30,32,42,44,51,89,93,97" hai1="21,23,84,85,128,129,130" hai2="1,5,8,9,12,16,22,27,54,58,60,100,102" /><INIT seed="1,1,1,0,5,7" ten="250,230,215,295" oya="1" hai0="108,34,81,57,9,130,105,23,44,69,106,68,86" hai1="103,15,133,48,6,55,62,10,89,87,35,64,39" hai2="47,134,109,58,12,14,115,11,33,124,28,25,93" hai3="72,5,16,18,117,43,82,116,61,8,127,98,46"/><U111/><E133/><V67/><F134/><W21/><G127/><T60/><D34/><U101/><E35/><V63/><F124/><W118/><G61/><T40/><D108/><U24/><E39/><V54/><F109/><W37/><G98/><T107/><D130/><U91/><E24/><V56/><F115/><W71/><G71/><T0/><D23/><U94/><E111/><V22/><F33/><W104/><G104/><T99/><D99/><U112/><E112/><V77/><F77/><N who="3" m="44327" /><G21/><T29/><D29/><U97/><E62/><V32/><F32/><W131/><G131/><T31/><D31/><U38/><E64/><V2/><F47/><W100/><G100/><T90/><D0/><AGARI ba="1,1" hai="0,5,8,16,18,37,43,46,116,117,118" m="44327" machi="0" ten="30,7700,0" yaku="25,1,12,1,52,1,54,1" doraHai="7" who="3" fromWho="0" sc="250,-80,230,0,215,0,295,90" /><INIT seed="2,0,0,2,2,73" ten="170,230,215,385" oya="2" hai0="40,134,59,10,0,116,95,69,92,18,106,36,98" hai1="62,48,47,72,129,37,107,94,27,2,103,75,49" hai2="65,113,68,12,7,24,89,9,42,120,52,100,39" hai3="64,135,99,93,127,87,112,66,32,30,71,60,58"/><V119/><F113/><W51/><G112/><T67/><D134/><U122/><E2/><V23/><F119/><W77/><G135/><T133/><D133/><U6/><E107/><V61/><F120/><W8/><G127/><T70/><D116/><U83/><E6/><V21/><F100/><W125/><G125/><T46/><D106/><U85/><E122/><V45/><F24/><W38/><G38/><T96/><D59/><U4/><E4/><V56/><REACH who="2" step="1"/><F89/><REACH who="2" ten="170,230,205,385" step="2"/><W33/><G33/><T31/><D31/><U3/><E103/><V34/><F34/><W29/><G32/><T118/><D118/><U131/><E131/><V84/><F84/><W110/><G87/><T126/><D126/><U50/><E85/><V76/><F76/><W53/><G77/><T1/><D98/><U81/><E129/><V25/><F25/><W54/><G30/><T13/><D95/><U128/><E94/><V74/><F74/><W90/><G29/><T130/><D130/><U111/><E128/><V80/><F80/><W91/><G91/><T123/><D123/><U35/><E27/><V102/><F102/><W124/><G124/><T41/><D92/><U104/><E35/><V57/><F57/><W82/><G82/><T63/><D96/><U132/><E83/><V17/><F17/><W28/><G58/><T121/><D121/><U117/><E81/><V26/><F26/><W97/><G90/><T86/><D86/><U101/><E75/><V115/><F115/><W108/><G93/><T88/><D88/><U114/><E72/><V15/><F15/><W14/><G97/><RYUUKYOKU ba="0,1" sc="170,-10,230,-10,205,30,385,-10" hai2="7,9,12,21,23,39,42,45,52,56,61,65,68" /><INIT seed="2,1,1,5,3,27" ten="160,220,235,375" oya="2" hai0="113,61,53,100,21,6,96,19,73,97,135,104,105" hai1="88,69,78,55,9,48,23,40,42,90,25,86,33" hai2="119,76,56,129,16,123,2,111,118,11,94,30,84" hai3="3,39,95,34,99,12,54,15,70,109,79,75,63"/><V133/><F123/><W22/><G3/><T117/><D113/><U58/><E33/><V103/><F133/><W110/><G39/><T125/><D135/><U92/><E69/><V28/><F129/><W50/><G34/><T98/><D73/><U43/><E9/><V17/><F2/><W20/><G79/><T80/><D6/><U130/><E130/><V85/><F111/><N who="3" m="42507" /><G75/><T66/><D125/><U72/><E72/><V120/><F120/><W44/><G70/><T93/><D117/><U114/><E114/><V64/><F118/><W38/><G38/><T83/><D53/><U57/><E78/><V8/><F119/><W26/><G63/><T128/><D128/><U116/><E116/><V14/><F103/><N who="3" m="60927" /><G20/><T59/><D97/><N who="1" m="57479" /><E58/><V74/><F74/><W108/><G108/><T87/><D87/><N who="2" m="33354" /><F94/><W65/><G65/><T41/><D41/><U71/><E71/><V10/><F76/><W1/><G1/><T35/><D35/><U29/><E43/><V121/><F121/><W46/><G46/><T51/><D51/><U18/><E42/><V126/><F126/><W4/><G4/><T102/><REACH who="0" step="1"/><D93/><REACH who="0" ten="150,220,235,375" step="2"/><N who="1" m="54487" /><E40/><V37/><F37/><W13/><G54/><T132/><D132/><U24/><E48/><V5/><F5/><W45/><G50/><T47/><D47/><U127/><E127/><V7/><F7/><W68/><G45/><T77/><D77/><U32/><E55/><V101/><F64/><W81/><G44/><T131/><D131/><U31/><E57/><V122/><F56/><W67/><G68/><T91/><D91/><U60/><E60/><RYUUKYOKU ba="1,2" sc="150,15,220,15,235,-15,375,-15" hai0="19,21,59,61,66,80,83,96,98,100,102,104,105" hai1="18,23,24,25,29,31,32" /><INIT seed="3,2,2,0,5,67" ten="165,235,220,360" oya="3" hai0="37,80,102,33,48,98,66,73,91,133,27,60,74" hai1="68,112,51,107,59,81,70,50,92,103,40,120,34" hai2="117,42,127,36,21,115,61,18,14,108,85,1,122" hai3="94,121,95,114,29,55,110,86,82,113,116,8,43"/><W87/><G116/><T52/><D37/><U31/><E120/><V32/><F115/><W24/><G121/><T5/><D5/><U11/><E112/><V109/><F117/><W22/><G110/><N who="2" m="42601" /><F122/><W124/><G124/><T56/><D133/><U38/><E107/><V0/><F127/><W104/><G104/><N who="0" m="63575" /><D80/><U126/><E81/><V132/><F132/><W75/><G75/><T97/><D97/><U26/><E11/><V62/><F32/><W19/><G43/><T35/><D91/><U28/><E126/><V118/><F118/><W77/><G95/><T78/><D78/><U47/><E92/><V10/><F85/><W20/><G8/><T2/><D2/><N who="2" m="1130" /><F21/><W49/><G94/><T44/><D44/><AGARI ba="2,2" hai="10,14,18,36,42,44,61,62" m="1130,42601" machi="44" ten="30,1000,0" yaku="14,1" doraHai="67" who="2" fromWho="0" sc="165,-16,235,0,220,36,360,0" owari="149,-35.1,235,-16.5,256,5.6,360,46.0" /></mjloggm>