<mjloggm ver="2.3"><GO type="225" lobby="0"/><UN n0="%E3%81%82%E3%81%B9%E3%81%99%E3%81%91" n1="%E3%81%82%E3%80%81%E8%B2%A0%E3%81%91%E3%81%BE%E3%81%97%E3%81%9F" n2="%72%65%6E%6B%75%6E" n3="%6D%75%75%6D%75%72%61" dan="16,16,17,16" rate="2146.40,2124.72,2260.27,2104.44" sx="M,M,M,F"/><TAIKYOKU oya="0"/><INIT seed="0,0,0,0,4,5" ten="250,250,250,250" oya="0" hai0="3,128,46,12,51,107,68,89,110,14,108,20,109" hai1="49,0,92,134,135,126,101,36,39,114,96,103,58" hai2="24,25,35,127,78,72,30,70,131,133,43,28,104" hai3="84,87,23,99,13,54,29,67,37,82,19,57,33"/><T100/><D3/><U27/><E0/><V18/><F18/><W98/><G37/><T1/><D1/><U129/><E126/><V91/><F91/><W73/><G73/><T81/><D68/><U50/><E129/><V115/><F115/><W40/><G40/><T8/><D128/><U9/><E114/><V116/><F131/><W75/><G75/><T10/><D107/><U31/><E58/><V22/><F127/><W76/><G67/><T64/><D100/><U7/><E103/><V44/><F104/><W6/><G6/><T113/><D64/><U79/><E79/><V61/><F133/><N who="1" m="50697" /><E49/><V120/><F120/><W130/><G130/><T63/><D63/><U32/><E50/><V90/><F90/><W121/><G121/><T106/><D20/><U95/><E95/><V125/><F116/><W16/><G29/><T97/><D113/><U117/><E117/><V118/><F118/><W15/><G84/><N who="0" m="50319" /><D97/><U41/><E41/><V38/><F125/><W85/><G87/><T11/><D106/><U4/><E4/><V48/><F48/><N who="3" m="30919" /><G33/><T132/><D132/><U74/><E74/><V124/><F124/><W71/><G71/><T62/><D62/><U93/><E93/><V21/><F61/><W119/><G119/><T53/><AGARI ba="0,0" hai="8,10,11,12,14,46,51,53,108,109,110" m="50319" machi="53" ten="40,12000,1" yaku="14,1,10,1,52,3" doraHai="5" who="0" fromWho="0" sc="250,120,250,-40,250,-40,250,-40" /><INIT seed="0,1,0,4,2,25" ten="370,210,210,210" oya="0" hai0="58,82,4,107,94,3,59,69,61,35,97,55,85" hai1="30,39,53,24,123,133,9,128,28,124,42,84,77" hai2="32,7,60,96,106,14,33,132,10,49,104,68,110" hai3="108,71,29,95,44,80,64,12,37,15,43,23,66"/><T17/><D107/><U56/><E123/><V20/><F132/><W134/><G108/><T116/><D116/><U74/><E74/><V81/><F110/><W38/><G134/><T11/><D35/><U87/><E133/><V47/><F20/><W89/><G38/><T101/><D17/><U31/><E124/><V125/><F125/><W122/><G122/><T21/><D21/><U120/><E120/><V119/><F119/><W112/><G112/><T36/><D36/><U41/><E128/><V130/><F130/><W109/><G109/><T50/><D69/><U86/><E24/><V92/><F81/><W79/><G29/><T115/><D115/><U135/><E135/><V78/><F78/><W16/><G15/><T63/><REACH who="0" step="1"/><D59/><REACH who="0" ten="360,210,210,210" step="2"/><U1/><E39/><V27/><F104/><W98/><REACH who="3" step="1"/><G71/><REACH who="3" ten="360,210,210,200" step="2"/><T26/><D26/><U88/><E77/><AGARI ba="1,2" hai="3,4,11,50,55,58,61,63,77,82,85,94,97,101" machi="77" ten="30,2900,0" yaku="1,1,7,1,53,0" doraHai="25" doraHaiUra="117" who="0" fromWho="1" sc="360,52,210,-32,210,0,200,0" /><INIT seed="0,2,0,0,4,47" ten="412,178,210,200" oya="0" hai0="3,89,65,122,123,90,119,61,117,85,42,92,114" hai1="94,120,50,25,73,102,52,100,125,69,82,8,19" hai2="96,1,34,31,62,84,2,105,108,88,29,44,10" hai3="121,83,46,12,91,93,59,53,7,23,58,101,64"/><T80/><D3/><U75/><E120/><V55/><F108/><W22/><G121/><T95/><D42/><U110/><E110/><V11/><F2/><W9/><G101/><T71/><D114/><U45/><E69/><V15/><F1/><W32/><G32/><T60/><D80/><U128/><E128/><V127/><F127/><W103/><G103/><T51/><D85/><U74/><E125/><V109/><F109/><W36/><G64/><T66/><D71/><U18/><E82/><V135/><F135/><W54/><G83/><T41/><D41/><U124/><E124/><V130/><F34/><W78/><G46/><T67/><D67/><U0/><E100/><V5/><F130/><W134/><G36/><T4/><D4/><U81/><E81/><N who="2" m="49167" /><F105/><W132/><G78/><T49/><AGARI ba="2,0" hai="49,51,60,61,65,66,89,90,92,95,117,119,122,123" machi="49" ten="25,12000,1" yaku="0,1,22,2,52,2" doraHai="47" who="0" fromWho="0" sc="412,126,178,-42,210,-42,200,-42" /><INIT seed="0,3,0,1,3,82" ten="538,136,168,158" oya="0" hai0="94,2,77,28,75,128,57,133,55,38,108,78,37" hai1="8,116,4,100,64,120,42,27,86,31,5,10,132" hai2="66,76,45,118,98,25,17,48,52,101,36,40,90" hai3="12,115,83,107,80,59,62,131,96,46,72,15,130"/><T3/><D28/><U50/><E116/><V9/><F118/><W67/><G115/><T113/><D94/><U11/><E120/><V111/><F111/><W47/><G107/><T43/><D57/><U95/><E132/><V91/><F76/><N who="3" m="44039" /><G96/><T122/><D43/><U34/><E64/><V125/><F125/><W71/><G71/><T114/><D55/><U24/><E24/><V109/><F109/><W58/><G58/><T49/><D49/><U39/><E39/><V134/><F134/><W60/><G60/><T35/><D35/><U106/><E106/><V112/><F112/><W135/><G83/><T121/><D75/><U54/><E42/><V32/><F66/><W41/><G135/><T85/><D108/><U103/><E103/><V87/><F32/><W102/><G102/><T79/><D79/><U110/><E110/><V30/><F30/><W65/><G46/><T126/><D128/><N who="3" m="49193" /><G67/><T124/><D133/><U97/><REACH who="1" step="1"/><E86/><AGARI ba="3,0" hai="2,3,37,38,77,78,85,86,113,114,121,122,124,126" machi="86" ten="25,9600,0" yaku="22,2,52,2" doraHai="82" who="0" fromWho="1" sc="538,105,136,-105,168,0,158,0" /><INIT seed="0,4,0,1,0,82" ten="643,31,168,158" oya="0" hai0="97,90,119,133,36,134,32,42,16,40,37,3,131" hai1="74,89,15,17,125,99,57,13,72,59,98,65,102" hai2="114,68,73,121,7,77,10,76,30,49,18,115,20" hai3="123,63,28,47,122,9,55,2,61,71,12,43,84"/><T56/><D119/><U25/><E125/><V33/><F68/><W52/><G2/><T113/><D113/><U24/><E17/><V51/><F121/><N who="3" m="46091" /><G28/><T66/><D32/><U5/><E89/><V8/><F30/><W108/><G108/><T112/><D112/><U64/><REACH who="1" step="1"/><E102/><REACH who="1" ten="643,21,168,158" step="2"/><V120/><F120/><W50/><G9/><T45/><D16/><U87/><E87/><V38/><F18/><W54/><G84/><T129/><D90/><U14/><E14/><V126/><F126/><W81/><G12/><T6/><D3/><U11/><E11/><V135/><F8/><W62/><G81/><T105/><D6/><AGARI ba="4,1" hai="5,6,13,15,24,25,57,59,64,65,72,74,98,99" machi="6" ten="25,3200,0" yaku="1,1,22,2,53,0" doraHai="82" doraHaiUra="96" who="1" fromWho="0" sc="643,-44,21,54,168,0,158,0" /><INIT seed="1,0,0,5,0,37" ten="599,75,168,158" oya="1" hai0="102,36,54,133,8,62,68,42,63,72,7,69,100" hai1="95,77,129,91,49,123,125,18,12,40,70,118,59" hai2="31,88,121,25,39,24,86,47,20,79,65,15,9" hai3="4,58,104,96,10,2,114,112,111,134,103,99,44"/><U80/><E118/><V109/><F109/><W14/><G111/><T132/><D72/><U90/><E123/><V53/><F121/><W16/><G134/><N who="0" m="51819" /><D42/><U101/><E70/><N who="0" m="27241" /><D36/><U82/><E125/><V50/><F79/><W131/><G99/><T113/><D113/><U52/><E129/><V116/><F65/><W107/><G44/><T11/><D11/><N who="1" m="6431" /><E77/><V97/><F97/><W0/><G131/><T5/><D5/><U98/><E40/><V19/><F39/><W67/><G107/><T55/><D54/><U120/><E120/><V1/><F116/><W127/><G127/><T83/><D83/><AGARI ba="0,0" hai="49,52,59,80,82,83,90,91,95,98,101" m="6431" machi="83" ten="30,2900,0" yaku="8,1,54,1" doraHai="37" who="1" fromWho="0" sc="599,-29,75,29,168,0,158,0" /><INIT seed="1,1,0,2,3,23" ten="570,104,168,158" oya="1" hai0="5,15,88,90,92,94,8,57,89,110,34,126,18" hai1="132,62,30,64,19,70,32,114,10,119,95,107,66" hai2="3,135,123,13,102,115,12,116,99,11,24,42,111" hai3="77,96,21,80,6,58,63,35,105,28,0,97,75"/><U128/><E114/><V100/><F42/><W106/><G35/><T84/><D34/><U131/><E119/><V65/><F116/><W113/><G113/><T40/><D110/><U41/><E41/><V33/><F123/><W117/><G117/><T47/><D126/><U55/><E107/><V56/><F115/><W86/><G105/><T103/><D57/><N who="1" m="35135" /><E70/><V1/><F111/><W51/><G106/><T25/><D103/><U122/><E122/><V81/><F81/><W43/><G75/><T9/><D84/><U16/><E132/><V69/><F12/><W2/><G2/><T108/><D108/><U46/><E46/><V127/><F69/><W39/><G39/><T73/><D73/><U87/><E95/><V83/><F1/><W72/><G72/><T7/><D94/><U38/><E38/><V67/><F3/><W61/><G6/><T79/><D92/><U112/><E112/><V36/><F127/><W52/><G0/><T20/><D47/><U129/><E87/><V125/><F135/><W60/><G43/><T109/><D40/><U37/><E37/><V59/><F36/><W133/><G133/><T82/><D109/><U93/><E93/><V98/><F125/><W130/><G130/><N who="1" m="33282" /><U14/><DORA hai="29" /><E19/><V45/><F45/><W121/><G121/><T124/><D124/><U17/><E17/><V22/><F100/><W49/><G49/><T48/><D48/><U27/><AGARI ba="1,0" hai="10,14,16,27,30,32,64,66" m="33282,35135" machi="27" ten="40,12000,1" yaku="19,1,52,2,54,1" doraHai="23,29" who="1" fromWho="1" sc="570,-41,104,123,168,-41,158,-41" /><INIT seed="1,2,0,1,2,91" ten="529,227,127,117" oya="1" hai0="79,37,121,85,42,116,69,96,27,34,80,3,0" hai1="93,40,122,75,115,61,39,14,105,89,47,99,8" hai2="15,111,68,11,102,104,66,108,117,54,48,62,83" hai3="38,17,49,129,33,110,77,74,44,57,90,55,18"/><U106/><E115/><V4/><F117/><W64/><G33/><T81/><D69/><U113/><E113/><V35/><F35/><W133/><G110/><N who="2" m="42025" /><F83/><W119/><G119/><T84/><D121/><U118/><E118/><V10/><F10/><W41/><G129/><T123/><D96/><U9/><E122/><V29/><F29/><W72/><G133/><T98/><D42/><U86/><E75/><V1/><F102/><W82/><G74/><T78/><D37/><U30/><E30/><V2/><F104/><W65/><REACH who="3" step="1"/><G90/><REACH who="3" ten="529,227,127,107" step="2"/><T124/><D116/><U19/><E61/><V24/><F24/><W46/><G46/><AGARI ba="2,1" hai="1,2,4,11,15,46,48,54,62,66,68" m="42025" machi="46" ten="30,1000,0" yaku="14,1" doraHai="91" who="2" fromWho="3" sc="529,0,227,0,127,26,107,-16" /><INIT seed="2,0,0,3,2,124" ten="529,227,153,91" oya="2" hai0="122,4,24,105,74,60,44,12,101,53,46,113,109" hai1="119,95,73,3,115,66,70,103,54,19,104,85,0" hai2="36,17,118,40,130,48,117,116,6,128,91,2,108" hai3="98,20,92,26,39,25,68,8,125,22,81,71,134"/><V14/><F36/><W64/><G125/><T34/><D109/><U11/><E115/><V133/><F108/><W102/><G39/><T77/><D24/><U123/><E123/><V28/><F133/><W38/><G38/><T82/><D53/><U76/><E70/><V87/><F28/><W15/><G134/><T65/><D12/><U47/><E66/><V121/><F121/><W61/><G71/><T90/><D60/><U96/><E119/><V63/><F63/><W80/><G25/><T94/><D46/><U21/><E11/><V35/><F35/><W7/><REACH who="3" step="1"/><G22/><REACH who="3" ten="529,227,153,81" step="2"/><T83/><D122/><U27/><E21/><N who="2" m="11447" /><F116/><W10/><G10/><T93/><D34/><U89/><E27/><V88/><F117/><W69/><G69/><T79/><D113/><U5/><E0/><V72/><F118/><W18/><AGARI ba="0,1" hai="7,8,15,18,20,26,61,64,68,80,81,92,98,102" machi="18" ten="20,2700,0" yaku="1,1,0,1,7,1,53,0" doraHai="124" doraHaiUra="30" who="3" fromWho="3" sc="529,-7,227,-7,153,-13,81,37" /><INIT seed="3,0,0,2,3,13" ten="522,220,140,118" oya="3" hai0="28,57,97,48,115,30,68,38,135,69,4,37,108" hai1="25,22,46,3,84,7,78,132,66,119,40,131,54" hai2="23,94,39,43,51,21,42,79,93,62,124,34,133" hai3="36,92,96,1,73,72,20,113,99,85,102,80,76"/><W120/><G1/><T58/><D57/><U5/><E66/><V2/><F2/><W45/><G36/><T109/><D4/><U47/><E131/><V100/><F34/><W112/><G45/><T59/><D48/><N who="1" m="26695" /><E132/><V50/><F39/><W77/><G20/><N who="2" m="7753" /><F133/><W90/><G120/><T67/><D97/><U10/><E119/><V8/><F79/><N who="3" m="30283" /><G99/><T123/><D28/><N who="1" m="17463" /><E10/><V105/><F124/><W6/><G6/><T75/><D30/><U17/><E17/><V111/><F100/><W60/><G60/><T31/><D31/><U0/><E0/><V19/><F105/><W29/><G29/><T106/><D106/><U88/><E78/><V81/><F62/><W56/><G56/><T11/><D59/><U64/><E64/><V71/><F71/><W44/><G44/><T63/><D58/><U26/><E26/><V41/><F43/><W82/><G82/><T122/><D63/><U61/><E3/><V83/><F111/><W126/><G126/><T52/><D75/><AGARI ba="0,0" hai="72,73,75,80,85,90,92,96,102,112,113" m="30283" machi="75" ten="30,2900,0" yaku="34,2" doraHai="13" who="3" fromWho="0" sc="522,-29,220,0,140,0,118,29" /><INIT seed="3,1,0,3,2,62" ten="493,220,140,147" oya="3" hai0="22,40,126,42,87,129,132,68,29,93,134,37,64" hai1="116,99,82,56,33,92,107,18,57,117,103,91,119" hai2="17,26,49,52,11,27,70,111,124,96,71,2,47" hai3="128,48,123,79,38,109,6,98,108,55,54,110,32"/><W115/><G38/><T25/><D129/><U23/><E33/><V53/><F111/><W86/><G115/><T125/><D64/><U35/><E35/><V24/><F124/><N who="0" m="47722" /><D68/><U50/><E82/><V113/><F113/><W81/><G123/><T58/><D58/><U88/><E50/><V74/><F74/><W97/><G128/><T39/><D42/><U44/><E44/><V95/><F53/><N who="3" m="19979" /><G48/><T5/><D5/><U0/><E0/><V46/><F46/><W16/><G6/><T133/><D40/><U31/><E31/><V8/><F2/><W106/><G32/><T19/><D29/><U131/><E131/><V69/><REACH who="2" step="1"/><F17/><REACH who="2" ten="493,220,130,147" step="2"/><W45/><G45/><T13/><D13/><N who="1" m="9679" /><E91/><AGARI ba="1,1" hai="8,11,24,26,27,47,49,52,69,70,71,91,95,96" machi="91" ten="50,3200,0" yaku="1,1,54,1,53,0" doraHai="62" doraHaiUra="118" who="2" fromWho="1" sc="493,0,220,-35,130,45,147,0" /><AGARI ba="1,0" hai="19,22,25,37,39,87,91,93,132,133,134" m="47722" machi="91" ten="40,2600,0" yaku="20,1,18,1" doraHai="62" who="0" fromWho="1" sc="493,26,185,-26,175,0,147,0" owari="519,61.9,159,-24.1,175,-2.5,147,-35.3" /></mjloggm>