<mjloggm ver="2.3"><GO type="225" lobby="0"/><UN n0="%E8%83%83%E3%81%A8%E8%85%B8" n1="%E3%81%BF%E3%81%BF%E3%81%9A" n2="%E7%99%BD%E5%92%B2%E8%8A%B1%E3%81%A1%E3%82%83%E3%82%93" n3="%E6%9D%B1%E9%A2%A8%E3%81%AE%E3%81%8D%E3%82%83%E3%81%B7%E3%81%95%E3%82%93" dan="16,18,16,17" rate="2164.72,2251.27,2079.98,2149.01" sx="M,M,F,M"/><TAIKYOKU oya="0"/><INIT seed="0,0,0,1,5,33" ten="250,250,250,250" oya="0" hai0="124,23,84,19,106,42,95,43,24,101,94,15,69" hai1="26,82,56,34,13,119,11,70,121,20,120,108,60" hai2="91,75,48,74,76,73,7,78,17,80,100,5,134" hai3="83,21,52,104,62,115,40,126,122,9,47,68,39"/><T131/><D131/><U77/><E119/><V79/><F134/><W128/><G115/><T38/><D124/><U53/><E34/><V98/><F17/><W66/><G104/><T135/><D135/><U99/><E70/><V45/><F91/><W130/><G126/><T25/><D69/><U28/><E108/><V46/><F80/><W117/><G83/><T50/><D38/><U127/><E127/><V109/><F109/><W86/><G86/><T12/><D106/><U4/><REACH who="1" step="1"/><E99/><REACH who="1" ten="250,240,250,250" step="2"/><V37/><F37/><W44/><G117/><T97/><D97/><U133/><E133/><V110/><F110/><W96/><G96/><T125/><D125/><U93/><E93/><V51/><F98/><W58/><G122/><T32/><D94/><U22/><E22/><V89/><F100/><W1/><G21/><N who="0" m="13375" /><D32/><U92/><E92/><V103/><F103/><W41/><G9/><T132/><D101/><U18/><E18/><V55/><REACH who="2" step="1"/><F89/><REACH who="2" ten="250,240,240,250" step="2"/><W2/><G130/><T118/><D118/><U105/><E105/><V67/><F67/><W16/><G128/><T81/><D132/><U54/><E54/><AGARI ba="0,2" hai="5,7,45,46,48,51,54,55,73,74,75,76,78,79" machi="54" ten="50,8000,1" yaku="1,1,9,1,53,3" doraHai="33" doraHaiUra="72" who="2" fromWho="1" sc="250,0,240,-80,240,100,250,0" /><INIT seed="1,0,0,1,5,80" ten="250,160,340,250" oya="1" hai0="81,56,72,87,101,104,10,75,9,89,29,120,130" hai1="48,4,51,128,133,109,127,30,31,111,0,94,99" hai2="95,96,1,98,39,71,61,122,62,74,34,36,129" hai3="54,58,22,113,20,2,131,32,112,100,27,103,110"/><U38/><E38/><V97/><F122/><W17/><G2/><T55/><D120/><U57/><E133/><V65/><F129/><W108/><G32/><T12/><D130/><U77/><E128/><V19/><F34/><W123/><G131/><T6/><D29/><N who="1" m="10763" /><E57/><V26/><F74/><W83/><G83/><T14/><D104/><U21/><E77/><V24/><F95/><W3/><G3/><T125/><D125/><U45/><E21/><V119/><F119/><W44/><G44/><T117/><D117/><U69/><E69/><V102/><F39/><W52/><G123/><T11/><D101/><U37/><E127/><V105/><F36/><W126/><G126/><T107/><D107/><U53/><E37/><V70/><F1/><W132/><G58/><T25/><D25/><U28/><N who="1" m="10771" /><U60/><DORA hai="121" /><E60/><V43/><F26/><W33/><G27/><T114/><D114/><U15/><E48/><V90/><F61/><W124/><G124/><T116/><D116/><U7/><E0/><V92/><F70/><W76/><G33/><T93/><D81/><U86/><E99/><V23/><F98/><W50/><G50/><T63/><D9/><N who="1" m="4519" /><E7/><AGARI ba="0,0" hai="6,7,10,11,12,14,55,56,63,72,75,87,89,93" machi="7" ten="30,3900,0" yaku="7,1,9,1,52,1" doraHai="80,121" who="0" fromWho="1" sc="250,39,160,-39,340,0,250,0" /><INIT seed="2,0,0,0,4,47" ten="289,121,340,250" oya="2" hai0="49,5,19,48,74,36,55,20,51,119,58,8,59" hai1="52,109,90,118,128,107,92,94,26,39,93,10,38" hai2="63,89,111,103,29,127,98,106,15,30,28,33,88" hai3="37,3,112,22,129,113,126,60,57,125,56,35,99"/><V117/><F117/><W87/><G35/><T110/><D36/><U2/><E118/><V9/><F127/><W34/><G34/><T67/><D119/><U17/><E107/><V1/><F33/><W50/><G3/><T7/><D74/><U43/><E109/><V41/><F111/><W44/><G22/><T131/><D110/><U79/><E128/><V96/><F1/><W75/><G75/><T114/><D114/><N who="3" m="44137" /><G87/><T11/><D131/><U45/><E79/><V16/><F96/><W53/><G99/><T115/><D115/><U76/><E76/><V24/><F24/><W13/><G13/><N who="0" m="9327" /><D67/><U40/><E26/><V135/><F135/><W71/><G129/><T83/><D83/><U46/><E52/><V121/><F121/><W0/><G0/><T123/><D123/><U81/><E81/><V102/><F41/><N who="3" m="22575" /><G71/><T69/><D69/><U66/><E66/><AGARI ba="0,0" hai="50,53,56,57,60,66,125,126" m="22575,44137" machi="66" ten="30,7700,0" yaku="11,1,34,2,52,1" doraHai="47" who="3" fromWho="1" sc="289,0,121,-77,340,0,250,77" /><INIT seed="3,0,0,4,3,83" ten="289,44,340,327" oya="3" hai0="80,96,131,91,134,36,120,39,122,24,118,48,115" hai1="21,35,94,18,76,44,87,29,116,28,13,73,104" hai2="101,31,124,110,52,54,132,74,100,79,0,123,68" hai3="53,50,40,16,109,43,128,12,106,98,107,69,81"/><W95/><G69/><T61/><D118/><U92/><E116/><V55/><F68/><W102/><G128/><T126/><D131/><U84/><E104/><V66/><F0/><W8/><G109/><T127/><D61/><U70/><E70/><V38/><F38/><W27/><G107/><T9/><D24/><U37/><E37/><V30/><F110/><W117/><G117/><T62/><D62/><U42/><E73/><V133/><F124/><W114/><G114/><T5/><D115/><U125/><E125/><V11/><F66/><W113/><G113/><T47/><D134/><N who="2" m="51818" /><F11/><W20/><G81/><T78/><D36/><U108/><E108/><V119/><F119/><W2/><G106/><T41/><D127/><U67/><E67/><V34/><F123/><W45/><G2/><T85/><D126/><U4/><E4/><AGARI ba="0,0" hai="4,8,12,16,20,27,40,43,45,50,53,95,98,102" machi="4" ten="30,5800,0" yaku="7,1,8,1,54,1" doraHai="83" who="3" fromWho="1" sc="289,0,44,-58,340,0,327,58" owari="289,-11.1,-14,-51.4,340,14.0,385,48.5" /></mjloggm>