<mjloggm ver="2.3"><GO type="225" lobby="0"/><UN n0="%E3%82%82%E3%82%93%E3%81%8D%E3%82%93%E3%81%90" n1="%E3%81%B5%E3%81%98%E3%81%8B%E3%81%A4" n2="%E3%83%97%E3%83%92" n3="%E3%81%A8%E3%82%93%E3%81%A8%E3%81%93%E3%81%A8%E3%82%93" dan="16,16,16,16" rate="2035.56,2103.20,2196.42,2121.97" sx="M,M,M,F"/><TAIKYOKU oya="0"/><INIT seed="0,0,0,4,5,21" ten="250,250,250,250" oya="0" hai0="33,84,66,47,76,123,67,53,108,18,6,120,104" hai1="129,14,122,133,131,1,90,81,111,105,121,31,48" hai2="12,115,58,74,118,26,77,114,0,50,7,28,126" hai3="75,127,86,39,60,65,11,82,61,13,49,29,72"/><T130/><D104/><U30/><E48/><V89/><F126/><W64/><G39/><T17/><D33/><U73/><E1/><V22/><F118/><W27/><G127/><T8/><D130/><N who="1" m="49675" /><E105/><V134/><F134/><W68/><G49/><T132/><D132/><U125/><E125/><V42/><F0/><W41/><G41/><T116/><D116/><U91/><E133/><V54/><F42/><W88/><G13/><T95/><D108/><U117/><E117/><V92/><F77/><W112/><G11/><T40/><D53/><U135/><E135/><V55/><F74/><W56/><REACH who="3" step="1"/><G112/><REACH who="3" ten="250,250,250,240" step="2"/><T69/><D8/><U113/><E14/><V45/><F12/><W80/><G80/><T20/><D40/><U70/><E113/><V119/><F119/><W36/><G36/><T25/><D123/><N who="1" m="47115" /><E111/><V32/><F114/><W19/><G19/><T37/><D18/><U34/><E70/><V103/><F115/><W43/><G43/><T87/><D69/><U83/><E73/><V94/><F7/><W16/><G16/><T44/><D6/><U59/><E59/><V52/><F58/><W2/><G2/><T35/><D37/><U15/><E15/><V51/><F50/><W97/><G97/><T38/><D38/><U106/><E83/><V57/><F57/><W98/><G98/><T23/><D120/><U110/><E81/><V124/><F124/><W5/><G5/><T4/><D4/><U62/><E110/><V100/><F51/><W24/><G24/><T79/><D25/><N who="1" m="18767" /><E62/><V85/><F45/><N who="0" m="17482" /><D17/><U3/><E3/><V99/><F100/><RYUUKYOKU ba="0,1" sc="250,-15,250,-15,250,15,240,15" hai2="22,26,28,32,52,54,55,85,89,92,94,99,103" hai3="27,29,56,60,61,64,65,68,72,75,82,86,88" /><INIT seed="1,1,1,1,1,76" ten="235,235,265,255" oya="1" hai0="116,111,46,118,131,34,69,79,70,123,124,28,38" hai1="135,55,82,97,102,35,64,127,7,83,72,120,101" hai2="8,43,0,17,48,9,77,88,13,60,84,109,112" hai3="50,58,65,6,107,130,29,91,20,85,129,108,52"/><U96/><E35/><V19/><F109/><W45/><G107/><T78/><D28/><U59/><E120/><V47/><F112/><W41/><G108/><T1/><D79/><U5/><E72/><V75/><F75/><W24/><G65/><T125/><D78/><U73/><E64/><V16/><F77/><W104/><G6/><N who="1" m="2058" /><E73/><V106/><F106/><W67/><G67/><T110/><D34/><U93/><E127/><N who="0" m="48713" /><D1/><U80/><E135/><V122/><F122/><W10/><G10/><N who="2" m="4201" /><F60/><W117/><G104/><T92/><D92/><N who="1" m="58503" /><E55/><V99/><F99/><W134/><G117/><N who="0" m="45163" /><D123/><U132/><E132/><V61/><F61/><W3/><G3/><T105/><D105/><U15/><E59/><V4/><F4/><W62/><REACH who="3" step="1"/><G134/><REACH who="3" ten="235,235,265,245" step="2"/><T66/><D131/><U14/><AGARI ba="1,2" hai="14,15,80,82,83,93,97,102" m="58503,2058" machi="14" ten="30,11700,0" yaku="8,1,52,3" doraHai="76" who="1" fromWho="1" sc="235,-40,235,140,265,-40,245,-40" /><INIT seed="1,2,0,2,3,52" ten="195,375,225,205" oya="1" hai0="34,29,81,47,128,100,17,96,19,103,56,94,21" hai1="61,25,27,126,55,6,63,107,104,131,134,49,5" hai2="8,79,110,51,109,83,4,7,111,108,39,121,16" hai3="124,9,112,28,31,87,67,118,40,75,130,30,77"/><U89/><E126/><V133/><F39/><W2/><G112/><T102/><D128/><U64/><E131/><V66/><F121/><W88/><G130/><T76/><D34/><U3/><E134/><V101/><F133/><W24/><G124/><T44/><D29/><U36/><E36/><V95/><F66/><W20/><G118/><T105/><D17/><U46/><E63/><V48/><F101/><W82/><G40/><T90/><D105/><U11/><E6/><N who="2" m="2091" /><F95/><W37/><G37/><T13/><REACH who="0" step="1"/><D56/><REACH who="0" ten="185,375,225,205" step="2"/><U91/><E107/><V54/><F109/><W60/><G2/><T45/><D45/><U62/><E104/><V135/><F135/><W97/><G9/><T65/><D65/><U72/><E64/><V42/><F16/><W99/><G31/><T0/><D0/><U116/><E11/><V68/><F8/><W98/><G30/><T22/><D22/><U125/><E3/><V122/><F108/><W117/><G117/><T33/><D33/><U78/><E116/><V119/><F119/><W15/><G20/><T26/><D26/><U58/><E125/><V106/><F106/><W86/><G24/><T12/><D12/><U113/><E25/><V129/><F129/><W43/><G28/><T53/><D53/><U80/><E27/><V18/><F18/><W57/><G15/><T74/><AGARI ba="2,1" hai="13,19,21,44,47,74,76,81,90,94,96,100,102,103" machi="74" ten="30,4000,0" yaku="1,1,0,1,53,1" doraHai="52" doraHaiUra="73" who="0" fromWho="0" sc="185,56,375,-22,225,-12,205,-12" /><INIT seed="2,0,0,5,5,65" ten="241,353,213,193" oya="2" hai0="130,26,122,29,94,79,73,11,15,117,89,34,4" hai1="110,60,18,28,124,51,20,81,88,68,128,17,64" hai2="120,43,125,111,115,12,1,13,109,101,90,126,108" hai3="133,10,37,103,85,66,44,0,106,61,9,59,100"/><V48/><F1/><W95/><G133/><T7/><D122/><U45/><E110/><V46/><F120/><W113/><G113/><T56/><D130/><U80/><E124/><N who="2" m="47723" /><F115/><W67/><G67/><T129/><D129/><U78/><E128/><V6/><F101/><W62/><G62/><T22/><D117/><U33/><E33/><V27/><F6/><W114/><G114/><T98/><D4/><U86/><E28/><V112/><F112/><W116/><G116/><T107/><D107/><U21/><E21/><V70/><F27/><W132/><G132/><T35/><D79/><U127/><E127/><V42/><F43/><W99/><G0/><T3/><D73/><U93/><E81/><V52/><F70/><W23/><G23/><T135/><D135/><U102/><E20/><V41/><F90/><W63/><G61/><T119/><D119/><U104/><E102/><V57/><F41/><W74/><G74/><T40/><D40/><U121/><E104/><V77/><F77/><W72/><G72/><T54/><REACH who="0" step="1"/><D3/><REACH who="0" ten="231,353,213,193" step="2"/><U118/><E121/><V123/><F123/><W75/><G75/><T53/><D53/><U96/><E118/><V30/><F30/><W76/><G76/><T14/><D14/><U83/><E78/><V24/><F24/><W25/><G106/><T105/><D105/><U87/><E64/><V2/><F2/><W97/><G66/><T32/><D32/><U92/><E83/><V82/><F82/><W131/><G131/><T71/><D71/><U19/><E80/><V39/><AGARI ba="0,1" hai="12,13,39,42,46,48,52,57,108,109,111" m="47723" machi="39" ten="40,12000,1" yaku="14,1,10,1,18,1,54,1" doraHai="65" who="2" fromWho="2" sc="231,-40,353,-40,213,130,193,-40" /><INIT seed="2,1,0,5,3,128" ten="191,313,343,153" oya="2" hai0="82,16,69,114,27,56,12,21,98,22,111,75,133" hai1="51,43,61,81,14,66,34,109,80,57,93,6,122" hai2="28,96,39,87,107,46,78,59,126,124,101,104,8" hai3="55,60,41,123,105,10,131,35,20,102,40,17,18"/><V9/><F28/><W64/><G35/><T5/><D69/><U110/><E34/><V63/><F104/><W54/><G123/><T90/><D114/><U72/><E122/><V91/><F78/><W62/><G131/><T48/><D111/><N who="1" m="42507" /><E72/><V89/><F46/><W84/><G105/><T74/><D133/><U103/><E43/><V94/><F89/><W15/><G102/><T71/><D71/><U58/><E51/><V79/><F39/><W127/><G127/><N who="2" m="48681" /><F79/><W125/><G125/><T85/><D5/><U83/><E6/><V108/><F108/><W23/><G84/><T4/><D4/><U119/><E119/><V45/><F45/><W116/><G116/><T129/><D129/><U19/><E58/><V118/><F118/><W95/><G95/><T33/><D33/><U112/><E112/><V100/><F100/><W76/><G76/><T11/><D75/><U36/><E36/><V73/><F73/><W86/><G86/><T30/><D74/><U77/><E77/><V13/><F13/><W130/><G130/><T29/><D98/><N who="1" m="59855" /><E81/><V44/><F44/><W2/><G2/><T113/><D113/><U0/><E0/><V115/><F115/><W49/><G40/><T134/><D82/><U26/><E26/><V53/><AGARI ba="1,0" hai="8,9,53,59,63,87,91,94,96,101,107" m="48681" machi="53" ten="30,1500,0" yaku="18,1" doraHai="128" who="2" fromWho="2" sc="191,-6,313,-6,343,18,153,-6" /><INIT seed="2,2,0,0,3,132" ten="185,307,361,147" oya="2" hai0="25,117,6,53,31,112,134,57,91,80,131,64,109" hai1="97,67,56,44,60,33,98,70,16,106,7,62,119" hai2="32,95,107,73,129,20,54,96,68,110,49,128,121" hai3="29,126,2,9,10,58,84,47,102,1,90,36,100"/><V35/><F121/><W5/><G29/><T8/><D112/><U127/><E119/><V104/><F73/><W123/><G123/><T22/><D109/><U133/><E133/><V93/><F110/><W85/><G58/><T3/><D134/><U130/><E130/><N who="2" m="50283" /><F20/><W122/><G122/><T14/><D131/><U92/><E7/><V13/><F13/><W24/><G24/><T61/><D117/><U116/><E116/><V27/><F68/><W41/><G126/><T135/><D135/><U77/><E77/><V48/><F95/><W71/><G71/><T72/><D72/><U38/><E33/><N who="2" m="12875" /><F27/><W83/><REACH who="3" step="1"/><G85/><REACH who="3" ten="185,307,361,137" step="2"/><N who="0" m="50599" /><D3/><U23/><E127/><V124/><F124/><W28/><G28/><T111/><D111/><U88/><E44/><N who="2" m="27911" /><F49/><W26/><G26/><T59/><D59/><U17/><E38/><V51/><F51/><W50/><G50/><T113/><D113/><U37/><E37/><V99/><F99/><W81/><G81/><T114/><D114/><U46/><E46/><V82/><F82/><W78/><G78/><T103/><D31/><U101/><REACH who="1" step="1"/><E23/><REACH who="1" ten="185,297,361,137" step="2"/><V45/><F45/><W120/><G120/><T43/><D22/><U39/><E39/><V118/><F118/><W69/><G69/><T79/><D57/><U86/><E86/><V30/><F30/><W15/><G15/><T55/><D14/><U94/><E94/><V76/><F76/><W42/><G42/><T115/><D43/><U105/><E105/><V63/><F63/><W66/><G66/><AGARI ba="2,2" hai="16,17,56,60,62,66,67,70,88,92,97,98,101,106" machi="66" ten="30,7700,0" yaku="1,1,7,1,54,2,53,0" doraHai="132" doraHaiUra="74" who="1" fromWho="3" sc="185,0,297,103,361,0,137,-83" /><INIT seed="3,0,0,5,0,15" ten="185,400,361,54" oya="3" hai0="60,13,27,105,5,122,30,67,11,52,50,119,58" hai1="135,17,6,51,89,40,37,73,112,35,109,127,81" hai2="10,131,66,98,94,79,57,128,108,49,114,80,91" hai3="7,0,25,55,26,16,28,41,2,86,125,93,69"/><W75/><G75/><T74/><D74/><U84/><E112/><V63/><F114/><W116/><G69/><T110/><D110/><U120/><E109/><V70/><F108/><W123/><G41/><T54/><D122/><U77/><E120/><V78/><F80/><W43/><G43/><T20/><D105/><U111/><E111/><V23/><F10/><W87/><G123/><T85/><D119/><U29/><E135/><V121/><F121/><W22/><G116/><T88/><D50/><U3/><E127/><V53/><REACH who="2" step="1"/><F23/><REACH who="2" ten="185,400,351,54" step="2"/><W64/><G125/><T31/><D31/><U33/><E81/><AGARI ba="0,1" hai="5,11,13,20,27,30,52,54,58,60,67,81,85,88" machi="81" ten="30,7700,0" yaku="7,1,8,1,54,2" doraHai="15" who="0" fromWho="1" sc="185,87,400,-77,351,0,54,0" owari="272,-12.8,323,12.3,351,45.1,54,-44.6" /></mjloggm>