<mjloggm ver="2.3"><GO type="225" lobby="0"/><UN n0="%E3%82%BC%E3%83%AB%E3%83%80%E3%81%AE%E4%BC%9D%E8%AA%AC" n1="%E5%8D%A0%E3%81%84%E5%B8%AB%E8%A3%8F%E3%81%AA%E3%81%84%E3%81%97" n2="%E3%83%97%E3%83%AC%E3%83%B4%E3%82%A1%E3%83%86%E3%82%A3" n3="%72%69%6F%75%63%68%61%6E" dan="17,16,16,17" rate="2157.95,2122.52,2120.02,2227.80" sx="M,M,F,M"/><TAIKYOKU oya="0"/><INIT seed="0,0,0,0,1,2" ten="250,250,250,250" oya="0" hai0="26,54,49,87,31,61,27,16,77,14,92,11,33" hai1="60,70,119,64,67,108,127,95,17,36,69,91,98" hai2="99,43,40,13,76,115,44,59,100,65,55,12,73" hai3="120,9,1,42,130,52,94,71,21,18,74,37,0"/><T88/><D27/><U82/><E119/><V75/><F115/><W28/><G71/><T122/><D77/><U103/><E108/><V85/><F65/><W62/><G130/><T15/><D122/><U51/><E36/><V107/><F85/><W109/><G109/><T133/><D133/><U114/><E127/><V117/><F117/><W134/><G134/><T41/><D15/><U125/><E125/><V3/><F3/><W102/><G120/><T72/><D72/><U84/><E114/><V97/><F76/><W90/><G74/><T118/><D118/><U131/><E131/><V89/><F75/><W121/><G102/><T123/><D123/><U53/><E17/><V81/><F73/><W105/><G105/><T80/><D61/><U132/><E132/><V93/><F81/><W104/><G104/><T32/><D41/><U34/><E34/><V46/><F46/><N who="3" m="23887" /><G9/><T25/><D92/><U112/><E112/><V6/><F44/><W35/><G28/><T106/><D106/><U96/><E96/><V129/><F13/><W45/><G35/><N who="0" m="20975" /><D26/><U23/><E23/><V8/><REACH who="2" step="1"/><F129/><REACH who="2" ten="250,250,240,250" step="2"/><W58/><G121/><T30/><D30/><U47/><E67/><V7/><F7/><W111/><G0/><T20/><D20/><U19/><E19/><V116/><F116/><W68/><G1/><T126/><D126/><U48/><E69/><V128/><F128/><W135/><G68/><T79/><D79/><U124/><E124/><V29/><F29/><W63/><G111/><T39/><D39/><U22/><E22/><V4/><F4/><W83/><G135/><RYUUKYOKU ba="0,1" sc="250,10,250,10,240,10,250,-30" hai0="11,14,16,32,33,49,54,80,87,88" hai1="47,48,51,53,60,64,70,82,84,91,95,98,103" hai2="6,8,12,40,43,55,59,89,93,97,99,100,107" /><INIT seed="0,1,1,4,0,58" ten="260,260,250,220" oya="0" hai0="37,75,105,122,35,41,40,15,77,83,53,66,116" hai1="28,18,47,36,72,133,5,89,1,27,51,103,110" hai2="61,38,19,118,73,107,46,114,119,55,32,131,23" hai3="39,9,129,117,16,71,34,90,102,30,94,31,91"/><T78/><D116/><N who="2" m="44586" /><F107/><W52/><G117/><T62/><D122/><U112/><E110/><V124/><F73/><W59/><G71/><T68/><D105/><U135/><E36/><V99/><F32/><W130/><G39/><T8/><D35/><U97/><E72/><V87/><F99/><N who="3" m="59767" /><G34/><T93/><D37/><U125/><E125/><V22/><F124/><W79/><G79/><T100/><D78/><U33/><E112/><V132/><F114/><W45/><G45/><T17/><REACH who="0" step="1"/><D53/><REACH who="0" ten="250,260,250,220" step="2"/><U21/><E33/><V10/><F38/><W11/><G130/><T101/><D101/><U109/><E103/><V14/><F131/><W49/><G129/><T95/><D95/><U4/><E109/><V12/><F132/><W76/><G76/><T128/><D128/><U44/><E135/><V29/><F55/><W98/><G90/><T65/><D65/><U43/><E89/><V64/><F46/><W111/><G111/><T24/><D24/><U80/><E133/><V123/><F123/><W113/><G113/><T121/><D121/><U81/><E44/><V70/><F87/><W60/><G98/><AGARI ba="1,2" hai="8,15,17,40,41,62,66,68,75,77,83,93,98,100" machi="98" ten="40,3900,0" yaku="1,1,52,1,53,0" doraHai="58" doraHaiUra="115" who="0" fromWho="3" sc="250,62,260,0,250,0,220,-42" /><INIT seed="0,2,0,0,0,11" ten="312,260,250,178" oya="0" hai0="20,79,107,120,58,53,95,77,56,46,117,105,47" hai1="127,50,73,102,60,122,133,134,135,104,55,51,17" hai2="3,21,72,62,75,114,32,45,113,14,81,98,5" hai3="37,65,39,129,87,34,128,8,70,25,94,92,97"/><T13/><D117/><U130/><E122/><V96/><F32/><W31/><G87/><T109/><D120/><U67/><E73/><V103/><F96/><W115/><G115/><T42/><D109/><U24/><E127/><V2/><F62/><W108/><G108/><T30/><D30/><U83/><E130/><N who="3" m="50282" /><G92/><T48/><D58/><U61/><E83/><V126/><F126/><W121/><G121/><T52/><D53/><U90/><E90/><V93/><F72/><W89/><G8/><T84/><D107/><U124/><E124/><V119/><F119/><W1/><G1/><T44/><D44/><U0/><E0/><V28/><F2/><W76/><G76/><N who="0" m="29259" /><D42/><U125/><E125/><V80/><F75/><W9/><G9/><T100/><D105/><U57/><E104/><V29/><F3/><W36/><G65/><T6/><D6/><U23/><REACH who="1" step="1"/><E102/><REACH who="1" ten="312,250,250,178" step="2"/><V71/><F114/><W82/><G82/><T101/><D101/><U68/><AGARI ba="2,1" hai="17,23,24,50,51,55,57,60,61,67,68,133,134,135" machi="68" ten="30,7900,0" yaku="1,1,2,1,0,1,20,1,53,0" doraHai="11" doraHaiUra="85" who="1" fromWho="1" sc="312,-41,250,95,250,-22,178,-22" /><INIT seed="1,0,0,5,4,132" ten="271,345,228,156" oya="1" hai0="90,38,36,92,131,70,107,26,9,127,47,111,80" hai1="60,51,66,1,74,63,99,0,62,75,109,78,124" hai2="123,102,121,108,86,55,106,98,30,83,87,2,45" hai3="110,8,44,81,103,29,27,129,39,69,3,50,31"/><U94/><E109/><V117/><F2/><W100/><G129/><T130/><D111/><U53/><E0/><V68/><F108/><W67/><G110/><T135/><D107/><U71/><E1/><V112/><F68/><W64/><G39/><T76/><D70/><U49/><E49/><V24/><F117/><W119/><G119/><T104/><D104/><U125/><E78/><V12/><F112/><W5/><G81/><T120/><D135/><U114/><E114/><V13/><F86/><W11/><G11/><T115/><D115/><U91/><E66/><V85/><F85/><W19/><G19/><T10/><D26/><U18/><E18/><V54/><F12/><W57/><G69/><T77/><D120/><U59/><REACH who="1" step="1"/><E71/><REACH who="1" ten="271,335,228,156" step="2"/><V22/><F121/><W48/><G50/><T105/><D77/><U56/><E56/><V32/><F123/><W128/><G67/><T58/><D58/><U73/><AGARI ba="0,1" hai="51,53,59,60,62,63,73,74,75,91,94,99,124,125" machi="73" ten="40,18000,2" yaku="1,1,0,1,52,2,53,2" doraHai="132" doraHaiUra="133" who="1" fromWho="1" sc="271,-60,335,190,228,-60,156,-60" /><INIT seed="1,1,0,4,5,24" ten="211,525,168,96" oya="1" hai0="132,100,58,115,62,18,99,103,118,90,37,104,69" hai1="87,40,59,80,82,10,32,106,127,33,84,14,102" hai2="25,67,96,31,7,50,83,48,60,107,30,36,49" hai3="65,111,74,119,0,134,117,5,93,105,98,116,17"/><U75/><E75/><V79/><F36/><W70/><G74/><T120/><D115/><U86/><E127/><V51/><N who="2" m="12288" /><DORA hai="19" /><V94/><F107/><W27/><G105/><T97/><D118/><U4/><E40/><V68/><F7/><W52/><G111/><T57/><D37/><U85/><E80/><V9/><F9/><N who="3" m="2215" /><G134/><T38/><D38/><U76/><E59/><V126/><F126/><W88/><G52/><T91/><D18/><U108/><E108/><V16/><F83/><W35/><G17/><T63/><D104/><U22/><E106/><V121/><F79/><W81/><G81/><T45/><D45/><U71/><E102/><V11/><F121/><W66/><G70/><T114/><D114/><U55/><E55/><V44/><F44/><W122/><G122/><T53/><D53/><U28/><E71/><V6/><F6/><W12/><G12/><T113/><D69/><U112/><E112/><V110/><F110/><W101/><G101/><T26/><D113/><U92/><E92/><V20/><REACH who="2" step="1"/><F11/><REACH who="2" ten="211,525,158,96" step="2"/><W123/><G123/><T23/><D120/><U128/><E82/><V56/><F56/><W78/><G78/><T125/><D125/><U21/><E76/><V29/><F29/><AGARI ba="1,1" hai="27,29,35,65,66,88,93,98,116,117,119" m="2215" machi="29" ten="30,3900,0" yaku="12,1,52,1,54,1" doraHai="24,19" who="3" fromWho="2" sc="211,0,525,0,158,-42,96,52" /><INIT seed="2,0,0,0,2,92" ten="211,525,116,148" oya="2" hai0="133,78,30,79,53,123,6,29,1,18,81,36,12" hai1="106,87,122,10,117,22,63,132,55,57,33,28,25" hai2="56,49,96,135,73,0,19,104,15,48,102,98,42" hai3="17,101,83,54,23,120,44,74,21,13,50,39,34"/><V59/><F73/><W113/><G120/><T66/><D123/><U11/><E117/><V5/><F135/><W89/><G34/><T58/><D133/><U3/><E132/><V9/><F42/><W93/><G113/><T26/><D36/><U134/><E134/><V112/><F112/><W75/><G39/><T84/><D66/><U61/><E106/><V129/><F129/><W131/><G131/><T85/><D1/><U107/><E107/><V86/><F86/><W94/><G21/><N who="0" m="11463" /><D6/><U38/><E38/><V32/><F32/><W52/><G54/><T69/><D69/><U70/><E3/><V105/><F48/><W114/><G114/><T130/><D130/><U7/><E7/><V51/><F51/><W110/><G110/><T14/><D14/><U64/><E122/><V95/><F49/><W103/><G94/><T116/><D26/><U8/><E87/><V127/><F127/><W118/><G118/><T76/><D116/><U4/><E33/><V91/><REACH who="2" step="1"/><F104/><REACH who="2" ten="211,525,106,148" step="2"/><W65/><G74/><T16/><D85/><U2/><AGARI ba="0,1" hai="2,4,8,10,11,22,25,28,55,57,61,63,64,70" machi="2" ten="20,1500,0" yaku="0,1,7,1" doraHai="92" who="1" fromWho="1" sc="211,-4,525,25,106,-7,148,-4" /><INIT seed="3,0,0,0,4,80" ten="207,550,99,144" oya="3" hai0="94,78,68,52,16,110,4,122,58,11,2,38,5" hai1="0,82,32,56,71,46,73,30,84,10,126,74,77" hai2="99,17,57,76,121,133,28,54,117,1,15,131,70" hai3="89,97,62,120,118,95,114,7,87,106,116,123,64"/><W83/><G7/><T98/><D110/><U21/><E71/><V81/><F121/><N who="3" m="46667" /><G62/><T132/><D122/><U48/><E32/><V104/><F70/><W37/><G64/><T6/><D38/><U27/><E56/><V55/><F1/><W50/><G50/><T39/><D39/><U43/><REACH who="1" step="1"/><E126/><REACH who="1" ten="207,540,99,144" step="2"/><V33/><F117/><W35/><G35/><T124/><D58/><U9/><E9/><V49/><F131/><W51/><G37/><T92/><D11/><U130/><E130/><V102/><F133/><W53/><G51/><T13/><D124/><U14/><E14/><V25/><F55/><W125/><G53/><T96/><D13/><U119/><E119/><N who="3" m="45610" /><G114/><T18/><D52/><U41/><E41/><V61/><F61/><W36/><G36/><T85/><D68/><U47/><E47/><V115/><F115/><W22/><G22/><T100/><D2/><U127/><E127/><V42/><F42/><W107/><G125/><T19/><D132/><U59/><E59/><V23/><F57/><W93/><G93/><T135/><D135/><U72/><E72/><V129/><F54/><W108/><G108/><T69/><D69/><U20/><E20/><V44/><F129/><W45/><G45/><T63/><D63/><U40/><E40/><V88/><F44/><W105/><G106/><T66/><D66/><U8/><E8/><V67/><F49/><W111/><G111/><T103/><D94/><U101/><E101/><AGARI ba="0,1" hai="83,87,89,95,97,101,105,107" m="45610,46667" machi="101" ten="30,5800,0" yaku="34,2,52,1" doraHai="80" who="3" fromWho="1" sc="207,0,540,-58,99,0,144,68" /><INIT seed="3,1,0,1,1,90" ten="207,482,99,212" oya="3" hai0="16,70,19,24,119,57,87,63,72,81,120,41,56" hai1="88,116,62,117,21,43,125,135,2,113,37,14,85" hai2="99,95,82,77,110,51,55,7,28,12,121,68,58" hai3="15,13,39,8,102,98,133,132,61,106,60,79,103"/><W45/><G79/><T93/><D119/><N who="1" m="45643" /><E113/><V91/><F110/><W104/><G45/><T76/><D120/><U52/><E2/><V33/><F68/><W36/><G98/><T48/><D70/><U26/><E135/><V17/><F121/><W0/><G8/><T131/><D131/><U40/><E125/><V129/><F129/><W96/><G96/><T64/><D24/><U127/><E37/><V115/><F115/><W94/><REACH who="3" step="1"/><G0/><REACH who="3" ten="207,482,99,202" step="2"/><T73/><D76/><U42/><E42/><V47/><F7/><W53/><G53/><T65/><D41/><U25/><E52/><V29/><F33/><W6/><G6/><T130/><D130/><U83/><E40/><V74/><REACH who="2" step="1"/><F47/><REACH who="2" ten="207,482,89,202" step="2"/><W126/><G126/><T84/><D73/><U38/><E127/><V123/><F123/><W101/><G101/><T10/><D72/><U23/><E43/><V80/><F80/><W100/><G100/><T66/><D81/><U32/><E83/><V3/><F3/><W111/><G111/><T71/><D71/><U114/><E85/><V1/><F1/><W97/><G97/><T75/><D87/><U67/><E67/><V44/><F44/><W78/><G78/><T20/><D75/><U108/><E108/><V18/><F18/><W30/><G30/><T124/><D124/><U27/><E88/><V89/><F89/><W109/><G109/><T11/><D19/><U5/><E5/><V134/><F134/><W59/><G59/><T69/><D69/><U49/><E114/><V112/><F112/><W9/><G9/><AGARI ba="1,2" hai="9,12,17,28,29,51,55,58,74,77,82,91,95,99" machi="9" ten="30,7700,0" yaku="1,1,7,1,52,1,53,1" doraHai="90" doraHaiUra="50" who="2" fromWho="3" sc="207,0,482,0,89,100,202,-80" owari="207,0.7,482,58.2,189,-21.1,122,-37.8" /></mjloggm>