<mjloggm ver="2.3"><GO type="225" lobby="0"/><UN n0="%E9%80%9F%E6%B0%B4%E5%87%9B%E9%A6%99" n1="%E9%81%85%E5%88%BB%E3%81%AE%E3%83%97%E3%83%AA%E3%83%B3%E3%82%B9%E2%99%AA" n2="%E8%81%B7%E6%A5%AD%E3%80%81%E9%A2%A8%32" n3="%E9%8A%80%E3%81%B0%E3%81%95%E3%81%BF" dan="16,16,16,17" rate="2052.85,2168.28,2140.64,2224.35" sx="F,F,M,M"/><TAIKYOKU oya="0"/><INIT seed="0,0,0,5,3,1" ten="250,250,250,250" oya="0" hai0="40,63,61,119,39,5,75,79,113,9,34,58,92" hai1="37,89,103,68,20,104,85,98,83,62,134,13,125" hai2="32,31,102,108,50,22,71,135,42,131,73,43,24" hai3="38,0,64,47,123,7,80,2,53,95,66,133,124"/><T132/><D119/><U49/><E37/><V16/><F108/><W17/><G124/><T51/><D113/><U118/><E118/><V26/><F73/><W54/><G133/><T130/><D34/><U59/><E134/><V69/><F135/><W45/><G123/><T120/><D132/><U106/><E125/><V57/><F131/><W91/><G80/><T81/><D120/><U107/><E68/><V82/><F82/><W90/><G95/><T55/><D130/><U99/><E49/><V88/><F102/><W23/><G23/><T77/><D77/><U3/><E3/><V19/><F88/><W101/><G17/><T105/><D105/><U93/><E13/><V52/><REACH who="2" step="1"/><F19/><REACH who="2" ten="250,250,240,250" step="2"/><W10/><G101/><T86/><D86/><U70/><E99/><V65/><F65/><W97/><G66/><T30/><D30/><U128/><E128/><V15/><F15/><W116/><G64/><T8/><D92/><U121/><E104/><V110/><F110/><W56/><G97/><T46/><D9/><U72/><E107/><V4/><F4/><W126/><G7/><T76/><D79/><N who="1" m="44519" /><E121/><V41/><AGARI ba="0,1" hai="16,22,24,26,31,32,41,42,43,50,52,57,69,71" machi="41" ten="30,7900,0" yaku="1,1,0,1,54,2,53,0" doraHai="1" doraHaiUra="35" who="2" fromWho="2" sc="250,-39,250,-20,240,89,250,-20" /><INIT seed="1,0,0,2,2,63" ten="211,230,329,230" oya="1" hai0="117,116,69,86,50,9,70,5,7,33,51,90,89" hai1="102,45,79,26,58,44,114,95,128,88,24,93,21" hai2="37,134,1,100,22,55,10,18,80,74,110,68,77" hai3="123,11,101,2,103,99,111,115,28,52,84,106,71"/><U0/><E114/><V46/><F110/><W19/><G115/><T31/><D31/><U42/><E0/><V73/><F134/><W124/><G123/><T27/><D27/><U15/><E128/><V54/><F74/><W8/><G111/><T64/><D9/><U126/><E126/><V72/><F73/><W34/><G124/><T53/><D86/><U83/><E102/><V57/><F68/><W94/><G71/><T65/><REACH who="0" step="1"/><D53/><REACH who="0" ten="201,230,329,230" step="2"/><U41/><E26/><V62/><F54/><W91/><G52/><T48/><D48/><U59/><E15/><V56/><F55/><W120/><G28/><T112/><D112/><U23/><E24/><V17/><F10/><W104/><G8/><T12/><D12/><U66/><E79/><V32/><F77/><W118/><G11/><T49/><D49/><U81/><E88/><V130/><F72/><W13/><G91/><T39/><D39/><U133/><E133/><V4/><F37/><W131/><G84/><T125/><D125/><U25/><E25/><V87/><F87/><W97/><G13/><T132/><D132/><U122/><E122/><V14/><F14/><W109/><G120/><T105/><D105/><U30/><E30/><V47/><F130/><W61/><G131/><T20/><D20/><U119/><E119/><V113/><F22/><W40/><G106/><T16/><D16/><U98/><E98/><V43/><F18/><W38/><G19/><T107/><D107/><U121/><E121/><V60/><F17/><W92/><G118/><T82/><D82/><U129/><E129/><V36/><F80/><RYUUKYOKU ba="0,1" sc="201,15,230,15,329,-15,230,-15" hai0="5,7,33,50,51,64,65,69,70,89,90,116,117" hai1="21,23,41,42,44,45,58,59,66,81,83,93,95" /><INIT seed="1,1,1,5,4,128" ten="216,245,314,215" oya="1" hai0="72,77,114,15,116,113,108,9,97,26,24,79,98" hai1="96,95,21,19,104,93,119,31,32,69,35,81,90" hai2="62,111,12,89,59,124,67,106,61,76,16,17,14" hai3="30,123,40,36,122,38,29,130,78,109,118,1,129"/><U58/><E119/><V53/><F111/><W134/><G1/><T39/><D39/><N who="3" m="14889" /><G40/><T121/><D15/><U74/><E69/><V92/><F106/><W44/><G44/><T46/><D9/><U34/><E104/><V105/><F105/><W68/><G68/><T43/><D43/><U57/><E31/><N who="3" m="11786" /><G109/><T71/><D71/><U99/><E81/><V28/><F124/><W101/><G101/><T91/><D46/><U133/><E74/><V84/><F28/><W126/><G78/><T86/><D72/><U65/><E65/><V100/><F100/><W120/><G126/><T103/><D103/><U2/><E2/><V3/><F76/><W82/><G82/><T50/><D50/><U22/><E133/><V7/><F3/><W8/><G8/><T55/><D55/><U75/><E75/><V49/><F62/><W51/><G51/><T117/><D86/><U88/><REACH who="1" step="1"/><E22/><REACH who="1" ten="216,235,314,215" step="2"/><V45/><F67/><W132/><G118/><T0/><D108/><U18/><E18/><V87/><F16/><W25/><G25/><AGARI ba="1,2" hai="19,21,25,32,34,35,57,58,88,90,93,95,96,99" machi="25" ten="40,7700,0" yaku="1,1,9,1,54,1,53,0" doraHai="128" doraHaiUra="127" who="1" fromWho="3" sc="216,0,235,100,314,0,215,-80" /><INIT seed="1,2,0,2,2,34" ten="216,335,314,135" oya="1" hai0="127,117,83,17,129,28,102,93,32,113,73,23,52" hai1="112,70,30,128,85,1,58,4,37,35,9,110,24" hai2="71,86,100,60,122,15,124,109,48,76,27,5,6" hai3="75,84,54,119,10,80,56,98,132,53,108,0,19"/><U106/><E112/><V134/><F109/><W40/><G108/><T90/><D117/><U107/><E110/><V62/><F122/><W61/><G119/><T81/><D113/><U95/><E128/><V118/><F71/><W116/><G116/><T130/><D102/><U126/><E126/><V7/><F124/><W33/><G132/><T120/><D120/><U66/><E58/><V21/><F134/><W74/><G33/><T14/><D127/><U68/><E95/><V88/><F76/><W101/><G40/><T103/><D103/><U41/><E85/><V59/><F100/><W29/><G29/><T82/><D73/><U131/><E131/><N who="0" m="50185" /><D32/><U55/><E55/><N who="2" m="32231" /><F15/><W43/><G43/><T104/><D28/><U114/><E114/><V135/><F135/><W16/><G54/><T115/><D115/><U79/><E79/><V67/><F67/><W39/><G39/><T63/><D104/><N who="1" m="39979" /><E66/><V36/><F36/><W99/><G75/><T31/><D31/><U3/><E3/><V65/><F65/><W125/><G74/><T96/><D63/><U26/><E26/><V105/><F105/><W133/><G133/><T123/><D123/><U57/><E57/><V121/><F121/><W69/><G69/><T45/><D45/><AGARI ba="2,0" hai="1,4,9,24,30,35,37,41,45,68,70" m="39979" machi="45" ten="30,5800,0" yaku="33,2,52,1" doraHai="34" who="1" fromWho="0" sc="216,-64,335,64,314,0,135,0" /><INIT seed="1,3,0,5,0,62" ten="152,399,314,135" oya="1" hai0="44,103,39,40,2,134,121,13,94,133,53,71,99" hai1="127,64,55,79,80,43,1,38,98,36,18,101,75" hai2="33,104,130,34,8,106,107,126,6,85,22,9,78" hai3="14,70,61,91,7,25,100,95,119,120,72,63,45"/><U114/><E114/><V28/><F126/><W46/><G120/><T87/><D2/><U37/><E127/><V135/><F130/><W86/><G72/><T115/><D115/><U51/><E1/><V125/><F125/><W60/><G70/><T16/><D121/><U131/><E131/><V110/><F110/><W31/><G119/><T23/><D71/><U49/><E64/><V116/><F135/><W108/><G108/><T59/><REACH who="0" step="1"/><D87/><REACH who="0" ten="142,399,314,135" step="2"/><U73/><E73/><V124/><F85/><W89/><G100/><T102/><D102/><U82/><E75/><V10/><F124/><W58/><G91/><T129/><D129/><U65/><E101/><V48/><F116/><W96/><G86/><T42/><D42/><U97/><E43/><V27/><F78/><W30/><G58/><T105/><D105/><U35/><E79/><V29/><F104/><W83/><G83/><T24/><D24/><U0/><E0/><V113/><F27/><W17/><G7/><T21/><D21/><U77/><E82/><V41/><F22/><N who="3" m="15671" /><G31/><T4/><D4/><U76/><E80/><V123/><F6/><W122/><G122/><T66/><D66/><U20/><E65/><V54/><F106/><W57/><G57/><T68/><D68/><U69/><E69/><V84/><F107/><W88/><G89/><T12/><D12/><U109/><E77/><V118/><F118/><W50/><G50/><AGARI ba="3,1" hai="13,16,23,39,40,44,50,53,59,94,99,103,133,134" machi="50" ten="40,5200,0" yaku="1,1,54,1,53,1" doraHai="62" doraHaiUra="52" who="0" fromWho="3" sc="142,71,399,0,314,0,135,-61" /><INIT seed="2,0,0,3,0,71" ten="213,399,314,74" oya="2" hai0="60,29,46,134,105,110,23,76,55,122,135,111,94" hai1="61,89,86,37,74,83,106,50,96,125,34,133,98" hai2="114,59,58,67,131,36,18,25,41,26,99,14,31" hai3="30,101,90,116,10,39,104,53,3,78,28,54,44"/><V70/><F114/><W51/><G116/><T57/><D105/><U21/><E34/><V129/><F70/><W24/><G78/><T20/><D94/><U0/><E0/><V64/><F99/><W85/><G104/><T13/><D76/><U100/><E37/><V120/><F120/><W2/><G101/><T7/><D7/><U4/><E4/><V93/><F93/><W123/><G123/><T81/><D81/><U47/><E125/><V107/><F107/><W33/><G30/><T128/><D29/><U62/><E133/><N who="0" m="50697" /><D13/><U95/><E21/><N who="0" m="8265" /><D122/><U15/><E15/><V119/><F31/><W73/><G73/><T82/><D82/><U77/><E98/><V48/><F25/><W84/><G84/><T6/><D6/><U75/><E75/><V132/><F26/><W43/><G10/><T11/><D11/><U115/><E115/><V68/><F14/><W113/><G113/><T65/><D128/><U127/><E127/><V79/><F131/><W22/><G33/><T109/><D46/><U118/><E118/><V12/><F119/><W66/><G66/><AGARI ba="0,0" hai="55,57,60,65,66,109,110,111" m="8265,50697" machi="66" ten="40,2600,0" yaku="14,1,20,1" doraHai="71" who="0" fromWho="3" sc="213,26,399,0,314,0,74,-26" /><INIT seed="3,0,0,4,3,65" ten="239,399,314,48" oya="3" hai0="108,88,93,107,84,94,45,135,67,26,9,71,36" hai1="23,118,96,99,19,22,70,134,3,55,21,51,68" hai2="32,25,121,52,35,110,114,125,62,57,90,69,11" hai3="117,100,28,126,111,130,50,63,0,60,106,46,56"/><W87/><G117/><T124/><D107/><U82/><E3/><V119/><F110/><W43/><G0/><T42/><D108/><U54/><E118/><V66/><F114/><W102/><G111/><T109/><D109/><U10/><E82/><V15/><F125/><W49/><G126/><T53/><D124/><U64/><E64/><V123/><F119/><W58/><G106/><T17/><D135/><U1/><E134/><V4/><F90/><W81/><G130/><T33/><D53/><U72/><E55/><V30/><REACH who="2" step="1"/><F35/><REACH who="2" ten="239,399,304,48" step="2"/><W16/><G28/><T105/><D105/><U112/><E112/><V104/><F104/><W27/><G49/><AGARI ba="0,1" hai="4,11,15,25,30,32,49,52,57,62,66,69,121,123" machi="49" ten="40,5200,0" yaku="1,1,52,1,54,1,53,0" doraHai="65" doraHaiUra="14" who="2" fromWho="3" sc="239,0,399,0,304,62,48,-52" owari="239,-16.1,399,49.9,366,16.6,-4,-50.4" /></mjloggm>