<mjloggm ver="2.3"><GO type="225" lobby="0"/><UN n0="%6C%61%6D%62" n1="%E3%81%AA%E3%82%81%E3%81%93%E9%9B%80%E5%A3%AB" n2="%E5%A4%9C%E5%85%89%E5%A4%A9%E6%A5%BC" n3="%E4%BA%BA%E9%96%93%E3%83%81%E3%83%A3%E3%83%BC%E3%83%8F%E3%83%B3" dan="16,16,17,16" rate="2128.27,2027.18,2194.58,2168.03" sx="M,M,M,M"/><TAIKYOKU oya="0"/><INIT seed="0,0,0,5,3,100" ten="250,250,250,250" oya="0" hai0="9,104,35,16,109,60,0,87,11,12,81,101,130" hai1="40,90,64,10,77,38,83,67,4,69,32,71,73" hai2="3,52,49,25,8,44,115,51,46,31,15,37,95" hai3="45,102,107,56,1,76,79,33,111,80,108,17,105"/><T82/><D35/><U55/><E55/><V36/><F3/><W96/><G1/><T29/><D29/><U7/><E90/><V117/><F115/><W50/><G33/><T84/><D130/><U43/><E32/><V120/><F120/><W30/><G30/><T135/><D135/><U112/><E112/><V91/><F117/><W94/><G56/><T61/><D101/><U5/><E10/><V2/><F2/><W14/><G50/><T24/><D109/><N who="3" m="42057" /><G45/><T114/><D0/><U133/><E133/><V78/><F78/><N who="3" m="29739" /><G80/><T22/><D22/><AGARI ba="0,0" hai="14,17,22,94,96,102,105,107" m="29739,42057" machi="22" ten="30,3900,0" yaku="14,1,52,2" doraHai="100" who="3" fromWho="0" sc="250,-39,250,0,250,0,250,39" /><INIT seed="1,0,0,2,3,117" ten="211,250,250,289" oya="1" hai0="43,108,82,66,122,100,92,129,104,91,97,63,32" hai1="125,50,120,110,60,55,93,96,14,17,2,19,40" hai2="46,11,27,68,47,127,18,21,59,53,73,99,123" hai3="23,134,67,56,44,86,112,113,87,124,94,74,20"/><U33/><E2/><V130/><F73/><W29/><G74/><T105/><D32/><U128/><E33/><V89/><F68/><W15/><G124/><T119/><D119/><U9/><E125/><V6/><F127/><W58/><G134/><T42/><D108/><U26/><E128/><V102/><F123/><W49/><G15/><T126/><D126/><U41/><E120/><V36/><F36/><W35/><G35/><T114/><D114/><U103/><E60/><V0/><F130/><W133/><G133/><T62/><D129/><U12/><E26/><V51/><REACH who="2" step="1"/><F89/><REACH who="2" ten="211,250,240,289" step="2"/><W61/><G112/><T57/><D122/><U7/><E110/><V135/><F135/><W72/><G72/><T80/><D91/><U106/><E106/><AGARI ba="0,1" hai="0,6,11,18,21,27,46,47,51,53,59,99,102,106" machi="106" ten="30,2000,0" yaku="1,1,7,1,53,0" doraHai="117" doraHaiUra="81" who="2" fromWho="1" sc="211,0,250,-20,240,30,289,0" /><INIT seed="2,0,0,3,2,84" ten="211,230,270,289" oya="2" hai0="90,71,15,61,41,21,83,92,35,107,50,110,127" hai1="85,42,97,131,46,78,12,29,113,55,100,28,36" hai2="0,40,81,70,73,57,77,13,44,89,125,95,93" hai3="34,87,23,64,123,122,88,134,102,3,112,108,53"/><V8/><F125/><W11/><G34/><T31/><D107/><U47/><E131/><V115/><F70/><W2/><G134/><T121/><D121/><U109/><E113/><V19/><F115/><W103/><G112/><T128/><D128/><U72/><E72/><V118/><F118/><W5/><G3/><T120/><D120/><U135/><E109/><V38/><F57/><W17/><G108/><T63/><D127/><U101/><E101/><V124/><F124/><W62/><G53/><T27/><D71/><U74/><E74/><V116/><F116/><W106/><G122/><T43/><D110/><U16/><E47/><V20/><F89/><W39/><G39/><T54/><D83/><U14/><E14/><V114/><F114/><W105/><G105/><T132/><D15/><U96/><E55/><V129/><F129/><W66/><G106/><T37/><D35/><U67/><E67/><V51/><F51/><W119/><G119/><T33/><D33/><U24/><E24/><V26/><REACH who="2" step="1"/><F0/><REACH who="2" ten="211,230,260,289" step="2"/><W133/><G123/><T86/><D132/><U30/><E100/><N who="3" m="38442" /><G2/><T4/><D37/><U82/><REACH who="1" step="1"/><E135/><REACH who="1" ten="211,220,260,289" step="2"/><V52/><F52/><W32/><G133/><T111/><D111/><U6/><E6/><AGARI ba="0,2" hai="6,8,13,19,20,26,38,40,44,73,77,81,93,95" machi="6" ten="30,5800,0" yaku="1,1,7,1,53,1" doraHai="84" doraHaiUra="9" who="2" fromWho="1" sc="211,0,220,-58,260,78,289,0" /><INIT seed="2,1,0,3,2,62" ten="211,162,338,289" oya="2" hai0="59,104,95,34,39,126,116,49,43,75,92,112,66" hai1="12,23,127,10,30,98,50,33,77,37,31,131,74" hai2="2,109,133,32,9,96,114,102,22,128,111,29,5" hai3="64,107,17,16,0,47,40,103,58,53,15,35,101"/><V48/><F114/><W69/><G0/><T90/><D104/><U63/><E37/><V115/><F115/><W86/><G35/><T65/><D112/><U24/><E131/><V130/><F48/><N who="3" m="26727" /><G69/><T84/><D75/><U72/><E127/><V67/><F67/><N who="0" m="25610" /><D34/><U105/><E77/><V117/><F117/><W73/><G73/><T122/><D122/><U123/><E123/><V83/><F32/><W70/><G70/><T41/><D39/><U124/><E63/><V42/><F130/><W54/><G107/><T80/><D126/><U113/><E113/><V120/><F120/><W89/><G54/><N who="0" m="32207" /><D116/><U44/><E124/><V38/><F128/><W55/><G55/><T97/><D95/><U36/><E36/><V119/><F38/><W132/><G132/><T51/><D51/><U60/><E60/><V81/><F133/><W76/><G64/><T134/><D134/><U129/><E129/><V13/><F119/><W27/><G101/><AGARI ba="1,0" hai="41,43,80,84,90,92,97,101" m="32207,25610" machi="101" ten="30,7700,0" yaku="8,1,52,3" doraHai="62" who="0" fromWho="3" sc="211,80,162,0,338,0,289,-80" /><INIT seed="3,0,0,4,4,92" ten="291,162,338,209" oya="3" hai0="133,81,7,52,75,39,66,128,48,21,36,69,19" hai1="73,90,34,40,88,97,103,29,23,65,49,20,105" hai2="85,74,35,116,112,13,82,129,14,31,95,127,32" hai3="37,98,120,114,117,51,0,62,53,126,46,100,4"/><W56/><G114/><T80/><D7/><U59/><E73/><V86/><F112/><W15/><G117/><T83/><D75/><U30/><E34/><V42/><F116/><W28/><G126/><T118/><D118/><U43/><E65/><V106/><F106/><W113/><G120/><T58/><D128/><U96/><E105/><V3/><F3/><W41/><G113/><T2/><D2/><U122/><E122/><V60/><F35/><W50/><G0/><T68/><D133/><U79/><E59/><V57/><F42/><W72/><G72/><T89/><D89/><U76/><E49/><V9/><F129/><W1/><G1/><T47/><D66/><U8/><E8/><V78/><F14/><W130/><G28/><T124/><D124/><U87/><E87/><V109/><F127/><W6/><G130/><T17/><D17/><U107/><E107/><V110/><F31/><W102/><G102/><AGARI ba="0,0" hai="20,23,29,30,40,43,76,79,88,90,96,97,102,103" machi="102" ten="25,12000,2" yaku="22,2,8,1,52,2,54,1" doraHai="92" who="1" fromWho="3" sc="291,0,162,120,338,0,209,-120" owari="291,9.1,282,-11.8,338,43.8,89,-41.1" /></mjloggm>