<mjloggm ver="2.3"><GO type="225" lobby="0"/><UN n0="%6D%75%75%6D%75%72%61" n1="%70%68%65%6E%6F%6D%65" n2="%E6%A0%B9%E5%85%83%E3%81%8B%E3%82%89%E5%90%B9%E3%81%A3%E9%A3%9B%E3%81%B6" n3="%E3%82%B2%E3%82%B9%E8%8C%82%E5%8B%9D" dan="16,16,17,16" rate="2150.12,2144.81,2151.49,2048.30" sx="F,M,F,F"/><TAIKYOKU oya="0"/><INIT seed="0,0,0,0,3,14" ten="250,250,250,250" oya="0" hai0="32,64,43,17,28,25,47,69,40,113,91,109,115" hai1="41,80,98,35,92,38,70,8,97,125,119,11,90" hai2="96,26,117,73,93,18,24,67,118,57,9,104,103" hai3="112,46,52,87,6,30,82,36,76,56,85,50,101"/><T59/><D69/><U121/><E119/><N who="2" m="45579" /><F73/><W3/><G112/><T48/><D40/><U88/><E121/><V111/><F111/><W12/><G3/><T29/><D109/><U53/><E125/><V94/><F26/><W1/><G1/><T74/><D29/><U133/><E133/><V81/><F81/><W15/><G101/><T77/><D77/><U49/><E35/><V79/><F79/><W116/><G116/><T13/><D91/><U19/><E70/><V22/><F9/><W124/><G124/><T110/><D74/><U66/><E66/><V33/><F33/><W60/><G36/><T61/><REACH who="0" step="1"/><D110/><REACH who="0" ten="240,250,250,250" step="2"/><U108/><E108/><V95/><F67/><N who="3" m="39303" /><G6/><T16/><D16/><U4/><E19/><N who="2" m="12383" /><F57/><W75/><G75/><T65/><D65/><U100/><E4/><V62/><F62/><W45/><G30/><T84/><D84/><U105/><E90/><V102/><F103/><W128/><G87/><T34/><D34/><U31/><E31/><V51/><F18/><W78/><G76/><T44/><D44/><U99/><E88/><V7/><F7/><W131/><G45/><T126/><D126/><U89/><E100/><V54/><F54/><W68/><G68/><T86/><D86/><U135/><E53/><V5/><F5/><W130/><AGARI ba="0,1" hai="12,15,46,50,52,78,82,85,128,130,131" m="39303" machi="130" ten="30,2000,0" yaku="19,1,54,1" doraHai="14" who="3" fromWho="3" sc="240,-10,250,-5,250,-5,250,30" /><INIT seed="1,0,0,3,0,49" ten="230,245,245,280" oya="1" hai0="0,8,43,129,106,104,68,119,126,94,132,24,57" hai1="46,19,103,112,66,7,1,93,27,42,22,34,30" hai2="73,100,39,10,65,4,88,121,41,110,115,83,20" hai3="51,118,72,38,25,123,75,102,111,53,130,81,29"/><U86/><E112/><V74/><F121/><W69/><G123/><T59/><D68/><U32/><E66/><V2/><F110/><W79/><G111/><T37/><D119/><U71/><E71/><V48/><F115/><W36/><G118/><T116/><D116/><U107/><E107/><V17/><F100/><W109/><G109/><T64/><D37/><U58/><E58/><V84/><F65/><W40/><G130/><T127/><D129/><U87/><E32/><V70/><F39/><W85/><G69/><T15/><D43/><U45/><E45/><V82/><F70/><W61/><G61/><T11/><D64/><U54/><E103/><V101/><F101/><W21/><G102/><T90/><D0/><U95/><E87/><V62/><F62/><W33/><G33/><T135/><D24/><U67/><E86/><V28/><F28/><W60/><G60/><T5/><D11/><N who="1" m="2543" /><E67/><V99/><F99/><W12/><G36/><T16/><D5/><U14/><E54/><V35/><F82/><W50/><G38/><AGARI ba="0,0" hai="14,19,22,27,30,34,38,42,46,93,95" m="2543" machi="38" ten="30,1500,0" yaku="24,1" doraHai="49" who="1" fromWho="3" sc="230,0,245,15,245,0,280,-15" /><INIT seed="1,1,0,5,1,91" ten="230,260,245,265" oya="1" hai0="7,100,107,47,102,103,11,125,17,117,114,74,55" hai1="27,82,96,40,68,2,0,112,1,83,113,51,128" hai2="20,49,92,70,90,15,48,61,32,37,38,84,58" hai3="39,88,28,118,21,77,36,53,133,71,6,22,98"/><U10/><E128/><V34/><F38/><W129/><G133/><T132/><D114/><U124/><E124/><V65/><F37/><W18/><G129/><T76/><D117/><U109/><E68/><V127/><F127/><W63/><G118/><T8/><D125/><U105/><E10/><V46/><F49/><W104/><G6/><T86/><D74/><U60/><E60/><V72/><F72/><W67/><G77/><T116/><D116/><U69/><E69/><V56/><F56/><W45/><G28/><T120/><D132/><U25/><E109/><V73/><F73/><W75/><G75/><T97/><D120/><U23/><E27/><V52/><F46/><W119/><G119/><T101/><D7/><U4/><E4/><V50/><F50/><W95/><G104/><T62/><D17/><AGARI ba="1,0" hai="15,17,20,32,34,48,52,58,61,65,70,84,90,92" machi="17" ten="40,8000,1" yaku="25,2,52,1,54,1" doraHai="91" who="2" fromWho="0" sc="230,-83,260,0,245,83,265,0" /><INIT seed="2,0,0,4,0,124" ten="147,260,328,265" oya="2" hai0="21,61,3,63,109,115,80,91,30,97,28,78,1" hai1="135,110,15,35,56,4,46,100,73,31,0,66,62" hai2="133,93,96,108,29,88,122,89,49,18,45,6,95" hai3="127,67,106,26,37,75,98,118,43,70,68,105,90"/><V11/><F122/><W116/><G90/><T51/><D115/><U81/><E110/><V2/><F133/><W17/><G17/><T117/><D109/><U114/><E114/><V8/><F29/><W130/><G127/><T10/><D117/><U76/><E135/><V41/><F108/><W39/><G26/><T74/><D51/><U79/><E79/><V42/><F11/><W22/><G22/><T84/><D97/><U111/><E111/><V44/><F18/><W47/><G75/><T119/><D119/><N who="3" m="45609" /><G37/><T53/><D53/><U72/><E72/><V58/><F58/><W69/><G67/><T57/><D21/><U77/><E76/><V19/><F19/><W128/><G98/><T112/><D112/><U103/><E15/><V60/><F60/><W5/><G5/><T48/><D48/><U87/><E87/><V92/><F89/><W71/><G71/><T121/><D121/><U129/><E31/><V94/><F94/><W65/><G65/><T7/><D3/><U34/><E0/><V120/><F120/><W123/><G123/><T33/><D33/><U134/><E4/><V23/><F23/><W52/><G52/><T38/><D38/><AGARI ba="0,0" hai="2,6,8,38,41,42,44,45,49,88,92,93,95,96" machi="38" ten="30,2900,0" yaku="7,1,54,1" doraHai="124" who="2" fromWho="0" sc="147,-29,260,0,328,29,265,0" /><INIT seed="2,1,0,5,3,15" ten="118,260,357,265" oya="2" hai0="18,42,114,9,3,69,20,57,37,66,41,130,102" hai1="125,98,117,104,113,17,27,128,78,71,61,64,35" hai2="51,105,76,43,50,8,107,60,124,115,86,111,112" hai3="55,54,2,116,24,120,92,44,19,131,67,4,12"/><V16/><F124/><W65/><G116/><T6/><D69/><U89/><E117/><V39/><F111/><W109/><G109/><T80/><D114/><U91/><E113/><V132/><F132/><W118/><G118/><T22/><D130/><U79/><E125/><V95/><F39/><W134/><G120/><T121/><D121/><U106/><E128/><V110/><F110/><W32/><G134/><T49/><D37/><U28/><E104/><V85/><F60/><W82/><G82/><T87/><D102/><N who="1" m="62807" /><E17/><V29/><F29/><W108/><G108/><T56/><D22/><U93/><E91/><V77/><F43/><W10/><G92/><T40/><D66/><U62/><E61/><V21/><F8/><W127/><G127/><T103/><D103/><U58/><E58/><V23/><F95/><W90/><G90/><T52/><D56/><U83/><E83/><V133/><F133/><W36/><G131/><T135/><D135/><U5/><E5/><V47/><F47/><W59/><G36/><T30/><D30/><U94/><E94/><V129/><F129/><W48/><G32/><T31/><D31/><U122/><E122/><V25/><F107/><W74/><G74/><T88/><D40/><U73/><E73/><V38/><F38/><W97/><G2/><T1/><D1/><U84/><AGARI ba="1,0" hai="27,28,35,62,64,71,78,79,84,89,93" m="62807" machi="84" ten="30,1100,0" yaku="25,1" doraHai="15" who="1" fromWho="1" sc="118,-4,260,14,357,-6,265,-4" /><INIT seed="3,0,0,0,3,99" ten="114,274,351,261" oya="3" hai0="5,103,35,95,130,67,126,4,27,3,97,86,63" hai1="49,19,104,125,53,7,93,79,127,42,112,66,70" hai2="132,8,108,50,9,80,34,87,123,109,28,56,30" hai3="62,129,72,107,135,64,81,76,1,2,33,32,26"/><W73/><G129/><T82/><D130/><U36/><E104/><V106/><F132/><W38/><G135/><T134/><D126/><U15/><E112/><V128/><F128/><W24/><G38/><T48/><D134/><U84/><E7/><V0/><F106/><W21/><G107/><T75/><D3/><U117/><E117/><V110/><F123/><W88/><G72/><T119/><D75/><U14/><E14/><V25/><F0/><W29/><G88/><T102/><D119/><U105/><E105/><V89/><F28/><W120/><G120/><T69/><D102/><U71/><E42/><V12/><F12/><W47/><G47/><T78/><D35/><U111/><E36/><V131/><F131/><W23/><G23/><T58/><D69/><U44/><E111/><V31/><F31/><W92/><G92/><T98/><D98/><U114/><E114/><V6/><F6/><W16/><REACH who="3" step="1"/><G32/><REACH who="3" ten="114,274,351,251" step="2"/><T122/><D122/><U43/><E93/><V61/><F109/><W11/><G11/><T68/><REACH who="0" step="1"/><D27/><REACH who="0" ten="104,274,351,251" step="2"/><U55/><E125/><V17/><F25/><W13/><G13/><T100/><D100/><U18/><E127/><V59/><F110/><W113/><G113/><T83/><D83/><U118/><E15/><V115/><F80/><W101/><G101/><T20/><D20/><U46/><E118/><V133/><F133/><W10/><G10/><T22/><D22/><U121/><E121/><V52/><F108/><W41/><G41/><T91/><D91/><U116/><E116/><V65/><F89/><W57/><AGARI ba="0,2" hai="1,2,16,21,24,26,29,33,57,62,64,73,76,81" machi="57" ten="20,7800,0" yaku="1,1,0,1,7,1,54,1,53,0" doraHai="99" doraHaiUra="90" who="3" fromWho="3" sc="104,-26,274,-26,351,-26,251,98" owari="78,-42.2,248,-15.2,325,12.5,349,44.9" /></mjloggm>