<mjloggm ver="2.3"><GO type="225" lobby="0"/><UN n0="%E5%B0%8F%E9%B3%A5%E9%81%8A%E7%B7%B4%E7%84%A1%32%31%E6%AD%B3" n1="%72%69%6F%75%63%68%61%6E" n2="%E9%A2%A8%E3%81%A7%E9%B3%B4%E3%81%8F" n3="%E3%83%AD%E3%83%83%E3%83%86%E9%9B%80%E7%90%83" dan="16,17,16,17" rate="2137.66,2157.24,2159.70,2227.88" sx="F,M,M,M"/><TAIKYOKU oya="0"/><INIT seed="0,0,0,4,4,37" ten="250,250,250,250" oya="0" hai0="2,53,114,57,45,113,16,92,14,89,72,55,15" hai1="18,121,54,97,58,85,78,98,27,25,105,130,7" hai2="22,61,75,73,60,109,79,59,36,94,67,51,118" hai3="84,39,71,32,20,120,99,122,5,9,115,112,70"/><T40/><D72/><U87/><E130/><V90/><F36/><W131/><G32/><T127/><D2/><U86/><E121/><N who="3" m="46698" /><G39/><T38/><D127/><U8/><E78/><V12/><F109/><W128/><G84/><T124/><D14/><N who="1" m="5407" /><E105/><V42/><F118/><W106/><G99/><N who="1" m="37898" /><E18/><N who="2" m="10567" /><F75/><W3/><G106/><T17/><D124/><U77/><E77/><V21/><F73/><W83/><G83/><T116/><D116/><U82/><E82/><V81/><F79/><W33/><G33/><T119/><D119/><U34/><E34/><V103/><F81/><W28/><G71/><T66/><D66/><U10/><E10/><V93/><F61/><AGARI ba="0,0" hai="25,27,54,58,61,85,86,87" m="37898,5407" machi="61" ten="30,1000,0" yaku="8,1" doraHai="37" who="1" fromWho="2" sc="250,0,250,10,250,-10,250,0" /><INIT seed="1,0,0,2,4,56" ten="250,260,240,250" oya="1" hai0="23,42,37,5,67,97,135,16,21,31,110,71,51" hai1="29,103,87,114,1,91,3,2,65,39,66,57,105" hai2="119,18,113,82,20,13,83,115,106,134,53,94,48" hai3="43,123,58,64,80,99,10,11,86,100,112,63,117"/><U95/><E114/><N who="2" m="43531" /><F106/><W109/><G109/><T45/><D110/><U8/><E39/><V84/><F119/><W88/><G123/><T30/><D5/><U76/><E29/><V89/><F134/><W55/><G112/><T132/><D21/><U74/><E8/><V101/><F101/><W121/><G121/><T41/><D97/><N who="1" m="61679" /><E57/><AGARI ba="0,0" hai="13,18,20,48,53,57,82,83,84,89,94" m="43531" machi="57" ten="30,2000,0" yaku="25,1,11,1" doraHai="56" who="2" fromWho="1" sc="250,0,260,-20,240,20,250,0" /><INIT seed="2,0,0,5,3,61" ten="250,240,260,250" oya="2" hai0="82,65,101,25,17,50,10,43,35,124,132,18,74" hai1="22,116,125,113,36,46,27,19,0,31,72,5,55" hai2="62,90,15,79,32,4,6,133,64,21,54,104,105" hai3="88,93,110,128,98,16,112,120,34,73,68,7,76"/><V49/><F32/><W8/><G120/><T95/><D124/><U40/><E113/><V67/><F79/><W47/><G112/><T56/><D35/><U99/><E125/><V60/><F105/><W86/><G34/><T81/><D132/><U2/><E116/><V117/><F104/><W57/><G68/><T80/><D74/><U45/><E72/><V91/><F117/><W100/><G110/><T96/><D10/><U123/><E123/><V51/><F54/><W75/><G128/><T48/><D25/><U44/><E55/><V70/><F21/><W33/><G33/><T13/><D43/><U135/><E135/><V106/><F106/><W38/><G76/><T42/><D42/><U122/><E122/><V131/><F15/><N who="3" m="7271" /><G7/><T41/><D41/><U85/><E99/><V130/><F133/><W66/><G38/><T89/><D101/><U121/><E121/><V129/><F130/><W111/><G111/><T108/><D108/><U39/><E39/><V24/><F24/><W52/><G66/><T1/><D1/><U14/><E85/><V97/><F97/><W71/><G71/><AGARI ba="0,0" hai="4,6,49,51,60,62,64,67,70,71,90,91,129,131" machi="71" ten="25,9600,0" yaku="22,2,52,2" doraHai="61" who="2" fromWho="3" sc="250,0,240,0,260,96,250,-96" /><INIT seed="2,1,0,1,0,92" ten="250,240,356,154" oya="2" hai0="98,123,7,51,93,17,126,38,8,18,115,12,41" hai1="55,23,35,132,82,59,22,50,76,70,75,111,97" hai2="20,19,25,116,2,3,121,105,45,68,99,62,96" hai3="131,124,79,88,0,114,5,15,64,40,60,53,36"/><V14/><F116/><W109/><G109/><T78/><D123/><U134/><E111/><V42/><F121/><W34/><G124/><T90/><D115/><U49/><E35/><V122/><F122/><W13/><G131/><T27/><D38/><U103/><E70/><V74/><F74/><W91/><G114/><T61/><D126/><U28/><E50/><V135/><F105/><W104/><G34/><T112/><D112/><U24/><REACH who="1" step="1"/><E23/><REACH who="1" ten="250,230,356,154" step="2"/><V80/><F68/><W101/><G36/><T54/><D51/><U118/><E118/><V26/><F62/><W46/><G60/><T71/><D71/><U81/><E81/><V56/><F80/><W89/><G40/><T10/><D41/><U32/><E32/><V30/><F42/><W21/><G21/><N who="0" m="13751" /><D61/><U83/><E83/><V85/><F20/><W6/><G79/><T11/><D11/><U57/><E57/><V95/><F56/><W125/><G125/><T69/><D69/><U9/><E9/><V48/><F48/><W86/><G46/><T94/><D78/><U1/><E1/><V102/><F2/><W120/><G0/><T44/><D8/><U84/><E84/><V63/><F3/><W128/><G86/><T100/><D7/><U43/><E43/><V58/><F85/><W73/><G5/><T108/><D108/><U16/><E16/><V33/><F45/><W130/><G6/><T87/><D44/><U107/><AGARI ba="1,1" hai="22,24,28,49,55,59,75,76,82,97,103,107,132,134" machi="107" ten="30,4000,0" yaku="1,1,0,1,52,1,53,0" doraHai="92" doraHaiUra="66" who="1" fromWho="1" sc="250,-11,230,53,356,-21,154,-11" /><INIT seed="3,0,0,4,3,116" ten="239,283,335,143" oya="3" hai0="77,25,44,19,5,97,9,52,129,111,91,66,62" hai1="21,0,124,85,130,70,114,26,86,30,119,48,78" hai2="106,118,122,54,39,63,105,4,64,131,80,56,32" hai3="115,90,36,92,6,126,74,76,100,113,16,43,46"/><W7/><G126/><T61/><D111/><U27/><E114/><V99/><F118/><W33/><G33/><T87/><D129/><U84/><E119/><V31/><F39/><W57/><G100/><T23/><D77/><U12/><E0/><V95/><F4/><W75/><G6/><T50/><D97/><U103/><E130/><V34/><F131/><W89/><G89/><T51/><D66/><U11/><E124/><V112/><F112/><W107/><G107/><T108/><D108/><U1/><E70/><V109/><F109/><W58/><G115/><T134/><D50/><U60/><E1/><V123/><F80/><W71/><G71/><T120/><D120/><N who="2" m="46122" /><F54/><W65/><G113/><T14/><REACH who="0" step="1"/><D134/><REACH who="0" ten="229,283,335,143" step="2"/><U8/><E78/><V20/><F106/><W3/><G65/><T88/><D88/><U40/><E103/><N who="2" m="60927" /><F105/><W38/><G38/><T15/><D15/><U37/><E12/><V73/><F73/><W128/><G128/><T121/><D121/><U67/><E37/><V127/><F127/><W102/><G102/><T45/><D45/><N who="1" m="25639" /><E26/><AGARI ba="0,1" hai="20,26,31,32,34,56,63,64" m="60927,46122" machi="26" ten="30,8000,1" yaku="25,1,13,1,52,3" doraHai="116" who="2" fromWho="1" sc="229,0,283,-80,335,90,143,0" owari="229,2.9,203,-19.7,425,52.5,143,-35.7" /></mjloggm>