<mjloggm ver="2.3"><GO type="225" lobby="0"/><UN n0="%E3%81%86%E3%83%BC%E3%81%B1%E3%83%BC" n1="%E5%8E%9F%E7%AF%80%E5%AD%90" n2="%E3%83%B4%E3%82%A3%E3%83%AF%E3%82%B3%E3%82%B0%E3%83%8B" n3="%E6%AB%BB%E4%BA%95%E5%A5%8F" dan="17,16,16,17" rate="2179.80,2081.24,2149.75,2209.32" sx="F,F,M,M"/><TAIKYOKU oya="0"/><INIT seed="0,0,0,0,1,98" ten="250,250,250,250" oya="0" hai0="70,131,96,23,46,20,100,40,53,83,124,58,36" hai1="106,125,19,105,63,17,21,27,115,132,111,3,121" hai2="37,29,127,7,74,0,65,88,110,81,126,59,77" hai3="18,107,48,129,67,114,33,69,122,39,4,54,41"/><T76/><D70/><U44/><E121/><V94/><F37/><W119/><G114/><T11/><D131/><U87/><E115/><V97/><F110/><W15/><G33/><T113/><D124/><N who="2" m="47658" /><F29/><W45/><G107/><T8/><D11/><U60/><E125/><V34/><F34/><W135/><G122/><T26/><D8/><U72/><E72/><V95/><F7/><W66/><G129/><T78/><D113/><U13/><E3/><V109/><F0/><W2/><G119/><T22/><D83/><U47/><E132/><V116/><F109/><W133/><G4/><T80/><D80/><U35/><E111/><V130/><F130/><W128/><G2/><T134/><D26/><U9/><E35/><V50/><F65/><W73/><G73/><T43/><D43/><U62/><E106/><V123/><F123/><W101/><G101/><T93/><REACH who="0" step="1"/><D134/><REACH who="0" ten="240,250,250,250" step="2"/><N who="3" m="51209" /><G128/><T84/><D84/><U108/><E87/><N who="2" m="52511" /><F116/><W89/><G69/><T30/><D30/><U102/><E108/><V86/><F74/><W103/><G41/><T32/><D32/><U52/><E9/><V25/><F25/><W85/><G15/><T68/><D68/><U1/><E1/><V12/><F12/><W99/><G18/><T55/><D55/><U31/><E52/><N who="2" m="32151" /><F97/><W91/><G99/><T90/><D90/><U120/><E120/><V5/><F5/><W117/><G91/><T42/><D42/><U10/><E19/><V71/><F71/><W79/><G89/><T38/><D38/><U14/><E14/><V28/><F28/><W57/><G85/><T112/><D112/><RYUUKYOKU ba="0,1" sc="240,10,250,10,250,10,250,-30" hai0="20,22,23,36,40,46,53,58,76,78,93,96,100" hai1="10,13,17,21,27,31,44,47,60,62,63,102,105" hai2="77,81,86,95" /><INIT seed="0,1,1,4,3,59" ten="250,260,260,220" oya="0" hai0="10,9,127,70,36,18,3,69,0,107,34,49,98" hai1="95,7,48,26,21,111,13,20,65,32,89,112,128" hai2="1,22,40,97,38,56,15,43,68,44,109,100,28" hai3="24,31,72,90,115,119,123,5,130,110,92,82,131"/><T35/><D36/><U77/><E111/><V17/><F109/><W91/><G115/><T83/><D83/><U42/><E128/><N who="3" m="49194" /><G119/><T93/><D107/><U16/><E112/><V64/><F1/><W114/><G114/><T19/><D93/><U75/><E32/><V86/><F68/><W76/><G110/><T45/><D49/><U108/><E108/><V102/><F40/><W62/><G123/><T63/><D98/><U30/><E7/><V103/><F28/><W126/><G126/><T61/><REACH who="0" step="1"/><D45/><REACH who="0" ten="240,260,260,220" step="2"/><U80/><E48/><V46/><F46/><W14/><G92/><T85/><D85/><U79/><E79/><V53/><F86/><W8/><G62/><T135/><D135/><U6/><E95/><V41/><F38/><W87/><G87/><T101/><D101/><U134/><E134/><V105/><F105/><W132/><G132/><T55/><D55/><U122/><E122/><V66/><F97/><W125/><G125/><AGARI ba="1,2" hai="0,3,9,10,18,19,34,35,61,63,69,70,125,127" machi="125" ten="25,12000,1" yaku="1,1,22,2,52,2,53,0" doraHai="59" doraHaiUra="47" who="0" fromWho="3" sc="240,143,260,0,260,0,220,-123" /><INIT seed="0,2,0,0,1,49" ten="383,260,260,97" oya="0" hai0="36,72,97,62,113,59,6,120,80,103,26,52,119" hai1="30,109,42,125,71,29,122,82,95,134,107,131,66" hai2="41,94,111,21,37,90,25,1,108,54,9,51,39" hai3="46,79,84,83,96,92,101,2,129,61,86,24,133"/><T91/><D113/><U88/><E122/><V123/><F123/><W70/><G2/><T75/><D119/><U81/><E109/><N who="2" m="42059" /><F41/><W47/><G129/><T3/><D36/><U87/><E131/><V11/><F1/><W18/><G133/><T126/><D126/><U85/><E107/><V28/><F9/><W77/><G70/><T78/><D91/><U64/><E134/><V19/><F11/><W118/><G118/><T102/><D102/><U33/><E125/><V22/><F22/><W100/><G61/><T17/><D6/><U63/><E66/><V13/><F19/><W8/><G24/><T60/><D3/><U110/><E33/><V45/><F13/><W116/><G116/><T35/><D62/><U98/><E42/><V57/><F57/><W38/><G38/><T112/><D112/><U44/><E44/><V40/><F40/><W50/><G47/><T121/><D72/><U31/><E110/><V99/><AGARI ba="2,0" hai="21,25,28,37,39,45,51,54,90,94,99" m="42059" machi="99" ten="30,2000,0" yaku="14,1,52,1" doraHai="49" who="2" fromWho="2" sc="383,-12,260,-7,260,26,97,-7" /><INIT seed="1,0,0,3,4,49" ten="371,253,286,90" oya="1" hai0="82,117,129,77,46,16,86,42,92,85,81,76,51" hai1="113,66,32,57,133,109,63,128,44,130,94,102,0" hai2="24,34,8,20,11,55,17,9,124,18,106,38,107" hai3="99,25,72,35,98,120,95,105,80,19,40,15,73"/><U60/><E0/><V56/><F38/><W125/><G120/><T12/><D129/><N who="1" m="49771" /><E32/><V54/><F124/><W110/><G110/><T135/><D135/><U10/><E113/><V13/><F34/><W36/><G125/><T75/><D117/><U108/><E10/><V53/><REACH who="2" step="1"/><F56/><REACH who="2" ten="371,253,276,90" step="2"/><W45/><G105/><AGARI ba="0,1" hai="8,9,11,13,17,18,20,24,53,54,55,105,106,107" machi="105" ten="40,8000,1" yaku="1,1,2,1,52,3,53,0" doraHai="49" doraHaiUra="131" who="2" fromWho="3" sc="371,0,253,0,276,90,90,-80" /><INIT seed="2,0,0,2,5,56" ten="371,253,366,10" oya="2" hai0="70,134,19,108,15,103,98,20,78,7,39,116,128" hai1="6,54,52,75,74,36,99,11,94,49,104,96,34" hai2="107,114,57,46,16,124,77,2,130,129,90,92,9" hai3="23,110,28,42,109,37,21,50,61,63,125,27,43"/><V59/><F107/><W131/><G37/><T84/><D39/><U45/><E34/><V121/><F121/><W25/><G125/><T22/><D70/><U30/><E30/><V31/><F114/><W68/><G68/><T24/><D108/><N who="3" m="41577" /><G131/><N who="2" m="50185" /><F124/><W111/><N who="3" m="41585" /><W100/><DORA hai="123" /><G100/><T72/><D72/><U81/><E36/><V5/><F31/><N who="3" m="17839" /><G50/><T66/><D103/><U10/><E104/><V14/><F46/><W119/><G119/><T26/><D116/><U101/><E99/><N who="2" m="57751" /><F77/><W91/><G91/><T76/><D78/><U8/><E81/><V62/><F62/><AGARI ba="0,0" hai="23,27,28,42,43,61,62,63" m="17839,41585" machi="62" ten="40,16000,3" yaku="14,1,52,7" doraHai="56,123" who="3" fromWho="2" sc="371,0,253,0,366,-160,10,160" /><INIT seed="3,0,0,0,0,67" ten="371,253,206,170" oya="3" hai0="69,18,51,127,47,99,68,2,125,75,118,72,37" hai1="114,102,108,122,93,21,82,129,36,133,43,76,117" hai2="46,96,17,120,119,83,66,88,3,97,27,128,8" hai3="73,85,9,35,24,81,7,78,126,95,80,16,6"/><W48/><G126/><N who="0" m="48139" /><D37/><U62/><E122/><V116/><F120/><W23/><G35/><T101/><D18/><U11/><E114/><V87/><F128/><W39/><G39/><T44/><D2/><U53/><E129/><V110/><F110/><W105/><G105/><N who="0" m="63679" /><D44/><U12/><E108/><V0/><F66/><W91/><G48/><T42/><D118/><U57/><E117/><V104/><F119/><W55/><G55/><T111/><D111/><U19/><E43/><V58/><F58/><W132/><G132/><T134/><D134/><U65/><E36/><V25/><F0/><W40/><G40/><T115/><D115/><U74/><E133/><V30/><F104/><W29/><G81/><T90/><D90/><U106/><E11/><V109/><F109/><W45/><G45/><T94/><D94/><U38/><E93/><V63/><F63/><W54/><G54/><T50/><D50/><U98/><E38/><V4/><F116/><W112/><G112/><T61/><D61/><U13/><E65/><V79/><F46/><W121/><G121/><T70/><AGARI ba="0,0" hai="42,47,51,68,69,70,72,75" m="63679,48139" machi="70" ten="40,8000,1" yaku="18,1,52,3" doraHai="67" who="0" fromWho="0" sc="371,80,253,-20,206,-20,170,-40" owari="451,55.1,233,3.3,186,-21.4,130,-37.0" /></mjloggm>