<mjloggm ver="2.3"><GO type="225" lobby="0"/><UN n0="%E3%83%A9%E3%82%A4%E3%83%B3%E3%81%AE%E8%99%8E" n1="%E6%A1%9C%E8%8A%B1%E9%96%83%E3%80%85" n2="%E3%83%B4%E3%83%A0%EF%BC%99%E3%81%A6" n3="%4C%4F%4C%49%54%41" dan="16,17,16,16" rate="2098.76,2230.75,2108.91,2199.85" sx="M,M,M,F"/><TAIKYOKU oya="0"/><INIT seed="0,0,0,0,4,83" ten="250,250,250,250" oya="0" hai0="39,71,110,131,80,67,135,37,65,74,81,85,34" hai1="77,93,36,43,23,14,48,73,21,17,125,50,66" hai2="26,72,84,75,63,58,4,103,91,117,51,116,111" hai3="31,124,27,24,5,92,12,107,88,59,40,13,94"/><T69/><D34/><U128/><E128/><V30/><F103/><W19/><G107/><T56/><D56/><U7/><E125/><V89/><F4/><W90/><G124/><T70/><D131/><U61/><E7/><V132/><F51/><W113/><G113/><T101/><D101/><U29/><E73/><V86/><F111/><W52/><G40/><T96/><D96/><U0/><E77/><V35/><F132/><W25/><G5/><T54/><D54/><U11/><E29/><V123/><F123/><W99/><G31/><T2/><D135/><U100/><E36/><V129/><F129/><W44/><G44/><T97/><D97/><N who="1" m="59439" /><E0/><V8/><F8/><W3/><G3/><T60/><D2/><U1/><E1/><V57/><F75/><W15/><G19/><T47/><D110/><U121/><E121/><V46/><F46/><W64/><G64/><T82/><D74/><U53/><E43/><V115/><F72/><W45/><G45/><T104/><D104/><U62/><E50/><V118/><F115/><W119/><G119/><T78/><D39/><U108/><E108/><V112/><F112/><W42/><G42/><T114/><D114/><U28/><E28/><V126/><F126/><W98/><G13/><T76/><D37/><U38/><E38/><V79/><F79/><N who="0" m="30250" /><D47/><N who="1" m="27807" /><E61/><AGARI ba="0,0" hai="12,15,24,25,27,52,59,61,88,90,92,94,98,99" machi="61" ten="40,8000,1" yaku="9,1,8,1,54,2" doraHai="83" who="3" fromWho="1" sc="250,0,250,-80,250,0,250,80" /><INIT seed="1,0,0,0,4,127" ten="250,170,250,330" oya="1" hai0="68,43,61,28,77,3,97,78,115,83,17,5,122" hai1="85,80,16,30,81,117,74,107,123,69,52,36,128" hai2="33,24,15,51,26,57,112,132,101,120,21,22,71" hai3="88,125,111,23,6,54,129,131,7,66,44,13,10"/><U91/><E117/><V46/><F71/><W126/><G111/><T72/><D115/><U104/><E123/><V105/><F120/><W75/><G75/><T49/><D122/><U41/><E69/><V25/><F112/><W89/><G66/><T47/><D28/><U133/><E30/><V96/><F33/><W18/><G7/><T103/><D17/><U55/><E133/><V50/><F132/><W100/><G100/><T48/><D78/><U65/><E65/><V106/><F106/><W94/><G54/><T20/><D20/><U93/><E81/><V64/><F15/><W42/><G125/><T118/><D61/><U73/><E16/><V1/><F1/><W67/><G67/><T11/><D118/><U32/><E32/><V56/><F51/><N who="3" m="27031" /><G94/><T4/><D4/><U98/><E73/><V31/><F64/><W134/><G134/><T40/><D68/><U14/><E14/><V114/><F114/><W124/><G124/><T60/><D60/><U12/><E12/><V39/><F39/><W95/><G95/><N who="0" m="58815" /><D43/><U27/><E27/><V79/><F79/><W110/><G126/><T62/><D62/><U92/><E104/><V130/><F26/><N who="3" m="14711" /><G110/><T99/><D99/><N who="1" m="57759" /><E107/><V109/><F109/><W2/><G2/><T53/><D53/><N who="1" m="20555" /><E74/><V135/><F135/><W113/><G113/><T0/><D0/><U121/><E121/><V58/><F25/><W76/><G76/><T70/><D70/><U45/><E93/><V102/><F102/><W34/><G34/><T82/><D82/><U86/><E80/><V38/><F24/><W108/><G108/><RYUUKYOKU ba="0,0" sc="250,15,170,-15,250,-15,330,15" hai0="3,5,11,40,47,48,49,72,77,83" hai3="6,10,13,88,89,129,131" /><INIT seed="2,1,0,4,3,87" ten="265,155,235,345" oya="2" hai0="88,80,93,1,112,25,76,71,42,30,127,13,92" hai1="103,109,89,124,131,83,53,50,44,113,115,98,118" hai2="64,122,21,107,60,23,34,22,79,3,31,97,99" hai3="6,75,45,67,78,55,135,117,90,5,20,32,70"/><V4/><F122/><W18/><G117/><T14/><D112/><U7/><E118/><V73/><F73/><W0/><G32/><T95/><D1/><U56/><E109/><V58/><F79/><W72/><G70/><T39/><D71/><U40/><E124/><V84/><F107/><W94/><G67/><T49/><D39/><U85/><E131/><V86/><F3/><W52/><G135/><T57/><D76/><U104/><REACH who="1" step="1"/><E7/><REACH who="1" ten="265,145,235,345" step="2"/><V8/><F4/><W91/><G5/><T134/><D127/><U63/><AGARI ba="1,1" hai="40,44,50,53,56,63,83,85,89,98,103,104,113,115" machi="63" ten="20,12000,2" yaku="1,1,2,1,0,1,7,1,52,1,53,1" doraHai="87" doraHaiUra="102" who="1" fromWho="1" sc="265,-31,145,133,235,-61,345,-31" /><INIT seed="3,0,0,0,4,28" ten="234,278,174,314" oya="3" hai0="86,6,117,56,66,105,60,69,23,70,71,134,123" hai1="31,51,79,26,32,116,96,16,34,46,93,5,129" hai2="14,11,68,135,84,7,111,100,75,76,65,2,19" hai3="110,18,121,104,43,102,114,103,74,95,130,88,85"/><W131/><G121/><T53/><D105/><U41/><E129/><N who="3" m="49162" /><G114/><T80/><D134/><U12/><E116/><V78/><F135/><W21/><G110/><T45/><D117/><U59/><E79/><V82/><F111/><W94/><G104/><T81/><D123/><U128/><E128/><V55/><F100/><W91/><G43/><T97/><D6/><U133/><E133/><V92/><F68/><W98/><G74/><T30/><D97/><U120/><E5/><V48/><F65/><W1/><G1/><T54/><D45/><U73/><E73/><V89/><F75/><W33/><G33/><T8/><D8/><U25/><E59/><V22/><REACH who="2" step="1"/><F82/><REACH who="2" ten="234,278,164,314" step="2"/><W122/><G122/><T58/><D80/><U63/><E120/><V13/><F13/><AGARI ba="0,1" hai="13,18,21,85,88,91,94,95,98,102,103" m="49162" machi="13" ten="30,2900,0" yaku="19,1,54,1" doraHai="28" who="3" fromWho="2" sc="234,0,278,0,164,-29,314,39" owari="234,-16.6,278,7.8,135,-36.5,353,45.3" /></mjloggm>