<mjloggm ver="2.3"><GO type="225" lobby="0"/><UN n0="%E3%81%9F%E3%81%93%E2%98%86%E7%84%BC%E3%81%8D" n1="%4C%4F%4C%49%54%41" n2="%E3%83%B4%E3%82%A3%E3%83%AF%E3%82%B3%E3%82%B0%E3%83%8B" n3="%E3%81%AF%E3%82%88%E3%81%8A%E3%81%98%E3%81%95%E3%82%93" dan="16,16,16,16" rate="2108.05,2150.55,2165.33,2100.25" sx="M,F,M,M"/><TAIKYOKU oya="0"/><INIT seed="0,0,0,3,1,99" ten="250,250,250,250" oya="0" hai0="17,81,79,91,9,77,19,40,26,63,1,109,58" hai1="38,35,7,15,29,108,67,129,21,94,98,90,46" hai2="56,110,59,10,120,66,133,105,123,119,132,130,16" hai3="51,42,83,11,127,61,116,70,14,13,114,43,20"/><T107/><D107/><U27/><E108/><V72/><F72/><W69/><G114/><T84/><D109/><U82/><E129/><V12/><F110/><W122/><G116/><T117/><D40/><U89/><E67/><V115/><F115/><W96/><G127/><T36/><D36/><U75/><E38/><V64/><F105/><W76/><G122/><N who="2" m="46633" /><F130/><W103/><G20/><N who="0" m="13583" /><D1/><U135/><E135/><N who="2" m="51787" /><F119/><W60/><G70/><T128/><D117/><U4/><E46/><V31/><F31/><W62/><G69/><T93/><D128/><U41/><E41/><V28/><F28/><W45/><G42/><T48/><D48/><U24/><E15/><V2/><F2/><W88/><G13/><N who="0" m="7599" /><D81/><U18/><E75/><V54/><F59/><W124/><G124/><T32/><D32/><U52/><E82/><V131/><F131/><W5/><G83/><T47/><D47/><U85/><E35/><V23/><F10/><W49/><G51/><AGARI ba="0,0" hai="12,16,23,51,54,56,64,66" m="51787,46633" machi="51" ten="30,2000,0" yaku="20,1,54,1" doraHai="99" who="2" fromWho="3" sc="250,0,250,0,250,20,250,-20" /><INIT seed="1,0,0,2,3,66" ten="250,250,270,230" oya="1" hai0="80,24,29,125,43,13,92,130,59,65,57,67,15" hai1="73,131,21,6,118,90,62,87,99,39,133,132,11" hai2="14,16,61,111,83,7,35,50,84,103,101,109,38" hai3="46,25,126,134,104,5,91,17,78,77,42,88,10"/><U1/><E118/><V98/><F38/><W93/><G104/><T97/><D43/><U27/><E39/><V48/><F35/><W127/><G134/><T69/><D130/><U44/><E131/><V54/><F61/><W19/><G25/><T116/><D125/><N who="3" m="47625" /><G78/><T115/><D116/><U129/><E129/><V96/><F7/><W135/><G77/><T41/><D41/><U64/><E99/><V107/><F98/><N who="3" m="57639" /><G91/><T113/><D80/><U34/><E44/><V2/><F101/><W86/><G86/><T47/><D47/><U30/><E73/><V81/><F81/><W20/><G20/><T106/><D24/><U102/><E102/><V60/><F84/><W56/><G56/><T122/><D97/><U128/><E128/><V36/><F83/><W121/><G121/><T105/><D92/><U22/><E132/><V112/><F107/><W45/><G45/><T40/><D40/><U49/><E133/><V32/><F103/><W33/><G33/><T114/><D114/><U3/><E1/><V108/><F2/><N who="3" m="311" /><G135/><T12/><D12/><U110/><E110/><V79/><F96/><W123/><G123/><T18/><D122/><U37/><E34/><V26/><F32/><W63/><G63/><T70/><D29/><U120/><E120/><V76/><F109/><W68/><G68/><T8/><D8/><U119/><E11/><V85/><F111/><W53/><G53/><T52/><REACH who="0" step="1"/><D52/><REACH who="0" ten="240,250,270,230" step="2"/><U95/><E30/><V71/><F54/><W117/><G117/><T28/><D28/><U0/><E119/><V23/><F108/><W74/><G74/><RYUUKYOKU ba="0,1" sc="240,15,250,-15,270,-15,230,15" hai0="13,15,18,57,59,65,67,69,70,105,106,113,115" hai3="17,19,42,46" /><INIT seed="2,1,1,0,0,78" ten="255,235,255,245" oya="2" hai0="102,6,71,49,1,12,126,115,105,118,99,18,111" hai1="26,41,91,80,123,62,101,82,96,83,109,9,135" hai2="66,39,42,51,7,24,67,95,40,54,16,11,97" hai3="128,45,19,120,106,108,33,36,112,127,44,100,8"/><V73/><F73/><W116/><RYUUKYOKU type="yao9" ba="1,1" sc="255,0,235,0,255,0,245,0" hai3="8,19,33,36,44,45,100,106,108,112,116,120,127,128" /><INIT seed="2,2,1,4,4,44" ten="255,235,255,245" oya="2" hai0="2,111,102,97,23,60,134,118,82,73,1,46,85" hai1="63,14,132,26,57,10,20,87,127,79,28,98,17" hai2="70,86,80,50,115,104,135,54,101,30,72,38,16" hai3="113,124,40,19,109,92,89,119,49,15,71,106,107"/><V45/><F135/><W130/><G119/><T129/><D73/><U5/><E132/><V8/><F115/><W100/><G71/><T39/><D111/><U59/><E127/><V32/><F70/><W123/><G123/><T48/><D39/><U110/><E110/><V52/><F72/><W125/><G109/><T55/><D129/><U31/><E98/><V114/><F114/><W42/><G113/><T51/><D60/><U53/><REACH who="1" step="1"/><E59/><REACH who="1" ten="255,225,255,245" step="2"/><V88/><F104/><W75/><G107/><T21/><D134/><U56/><E56/><V126/><F126/><W84/><G124/><T7/><D118/><U41/><E41/><V128/><F128/><W77/><G130/><T69/><D69/><U22/><E22/><V96/><F96/><W34/><G34/><T47/><D21/><U108/><E108/><V133/><F133/><W18/><G125/><T27/><D97/><U120/><E120/><V93/><F32/><W62/><G40/><T78/><D102/><U91/><E91/><V58/><F101/><W90/><G89/><T9/><D23/><U117/><E117/><V67/><F58/><W3/><G100/><T12/><D27/><U29/><E29/><V37/><F30/><W11/><G106/><T61/><D61/><U74/><E74/><V131/><F131/><W68/><G62/><T105/><D105/><U36/><E36/><V6/><F38/><W94/><G68/><T116/><D116/><U33/><E33/><V0/><F37/><W64/><G75/><T99/><D99/><U35/><E35/><V66/><F88/><W83/><G90/><RYUUKYOKU ba="2,2" sc="255,15,225,15,255,-15,245,-15" hai0="1,2,7,9,12,46,47,48,51,55,78,82,85" hai1="5,10,14,17,20,26,28,31,53,57,63,79,87" /><INIT seed="3,3,2,0,2,109" ten="270,240,240,230" oya="3" hai0="63,11,112,103,20,37,32,7,18,91,5,43,94" hai1="123,17,35,97,118,42,14,99,92,119,1,108,25" hai2="93,9,23,132,114,70,135,117,52,120,111,130,128" hai3="58,87,69,101,124,3,46,72,76,55,64,36,57"/><W122/><G122/><T62/><D32/><U105/><E123/><V6/><F120/><W68/><G72/><T33/><D33/><U4/><E108/><V133/><F111/><W29/><G3/><T49/><D37/><U127/><E127/><V83/><F117/><N who="1" m="44553" /><E42/><V116/><F116/><W115/><G29/><T85/><D112/><U15/><E1/><V73/><F70/><N who="3" m="27243" /><G101/><T0/><D5/><U78/><E78/><N who="2" m="44495" /><F114/><W27/><G27/><T39/><D39/><U88/><E4/><V98/><F23/><W96/><G96/><T2/><D103/><N who="1" m="62703" /><E17/><V90/><F52/><W126/><G115/><T61/><D0/><AGARI ba="3,2" hai="0,6,9,90,93,98,128,130,132,133,135" m="44495" machi="0" ten="30,1000,0" yaku="20,1" doraHai="109" who="2" fromWho="0" sc="270,-19,240,0,240,39,230,0" /><INIT seed="4,0,0,4,4,50" ten="251,240,279,230" oya="0" hai0="121,115,91,109,112,72,18,17,82,2,40,120,54" hai1="95,77,25,19,97,130,119,9,104,8,6,64,13" hai2="11,70,57,113,88,68,79,105,10,128,111,100,81" hai3="135,31,39,36,12,125,134,34,16,51,90,28,93"/><T60/><D2/><U56/><E119/><V127/><F111/><W32/><G125/><T26/><D40/><U55/><E130/><V122/><F122/><N who="0" m="47210" /><D109/><U27/><E104/><V62/><F113/><N who="0" m="43594" /><D26/><U46/><E46/><V59/><F127/><W44/><G31/><T24/><D24/><U124/><E77/><V69/><F128/><W63/><G63/><T102/><D102/><U65/><E25/><V15/><F15/><W80/><G80/><T132/><D132/><N who="3" m="50729" /><G28/><T41/><D41/><U1/><E27/><V20/><F81/><W22/><G34/><T133/><D133/><U99/><E99/><V53/><F62/><W4/><G4/><T38/><D38/><U101/><REACH who="1" step="1"/><E124/><REACH who="1" ten="251,230,279,230" step="2"/><V108/><F108/><W37/><G32/><T47/><D47/><U129/><E129/><V76/><F105/><W21/><G36/><T87/><D72/><U85/><E85/><V66/><F76/><W61/><G37/><T98/><D98/><U52/><E52/><V14/><F53/><W49/><G44/><T86/><D86/><U123/><E123/><V116/><F79/><W67/><G39/><T23/><D54/><U71/><E71/><V42/><F69/><N who="3" m="42223" /><G21/><T43/><D23/><U29/><E29/><V48/><F20/><W84/><AGARI ba="0,1" hai="12,16,22,49,51,84,90,93" m="42223,50729" machi="84" ten="30,2000,0" yaku="20,1,54,1" doraHai="50" who="3" fromWho="3" sc="251,-10,230,-5,279,-5,230,30" /><INIT seed="5,0,0,0,3,92" ten="241,225,274,260" oya="1" hai0="1,48,39,115,19,65,40,17,60,126,29,71,7" hai1="76,57,119,113,61,44,13,4,37,42,27,22,80" hai2="23,55,62,135,53,133,74,16,100,47,118,107,8" hai3="21,77,12,70,10,127,132,3,130,116,68,51,45"/><U66/><E113/><V41/><F74/><W121/><G121/><T123/><D123/><U15/><E4/><V108/><F108/><W50/><G77/><T43/><D29/><U35/><E35/><V14/><F118/><W58/><G116/><T25/><D115/><U75/><REACH who="1" step="1"/><E119/><REACH who="1" ten="241,215,274,260" step="2"/><V125/><F133/><W134/><G132/><T89/><D126/><U131/><E131/><V18/><F135/><W114/><G130/><T34/><D7/><U110/><E110/><V105/><F125/><W83/><G127/><T32/><D1/><U56/><E56/><V46/><F107/><W85/><G58/><T78/><D32/><U59/><E59/><V112/><F105/><W2/><G134/><T79/><D34/><U30/><AGARI ba="0,1" hai="13,15,22,27,30,37,42,44,57,61,66,75,76,80" machi="30" ten="20,7800,0" yaku="1,1,0,1,7,1,53,1" doraHai="92" doraHaiUra="24" who="1" fromWho="1" sc="241,-26,215,88,274,-26,260,-26" owari="215,-28.5,303,40.3,248,4.8,234,-16.6" /></mjloggm>