<mjloggm ver="2.3"><GO type="225" lobby="0"/><UN n0="%E8%81%B7%E6%A5%AD%E3%80%81%E9%A2%A8%32" n1="%E3%82%A2%E3%83%9E%E3%83%9D%EF%BD%9E%EF%BD%9E%E3%83%A9" n2="%4B%2E%32%2E%4B%2E" n3="%E3%83%AD%E3%83%83%E3%83%86%E9%9B%80%E7%90%83" dan="16,17,16,17" rate="2192.32,2180.97,2115.25,2225.92" sx="M,M,M,M"/><TAIKYOKU oya="0"/><INIT seed="0,0,0,2,1,129" ten="250,250,250,250" oya="0" hai0="1,106,108,69,3,109,118,12,94,120,10,122,83" hai1="42,127,113,82,133,102,58,21,18,130,50,117,25" hai2="13,103,22,34,5,116,56,24,37,93,68,36,121" hai3="92,89,123,115,80,55,35,71,29,111,101,27,52"/><T16/><D69/><U32/><E117/><V28/><F68/><W65/><G115/><T63/><D106/><U104/><E130/><V66/><F121/><W61/><G123/><N who="0" m="47147" /><D63/><U81/><E127/><V79/><F116/><W73/><G111/><N who="0" m="42571" /><D118/><U62/><E133/><V64/><F79/><W105/><G80/><T19/><D94/><U47/><E32/><V30/><F30/><W88/><G73/><T44/><D83/><U100/><E113/><V31/><F28/><W49/><G92/><T112/><D112/><U77/><E104/><V87/><F34/><W43/><G43/><T128/><D128/><U39/><E39/><V48/><F66/><W78/><G78/><T125/><D125/><U119/><E119/><V53/><F64/><W85/><G85/><T91/><D91/><N who="3" m="34889" /><G49/><T54/><D19/><U33/><E82/><V132/><F37/><W134/><G134/><T11/><D11/><U96/><E81/><V114/><F36/><W40/><G40/><T86/><D86/><U45/><E42/><V90/><F114/><W97/><AGARI ba="0,0" hai="27,29,35,52,55,61,65,71,97,101,105" m="34889" machi="97" ten="30,4000,0" yaku="25,1,54,2" doraHai="129" who="3" fromWho="3" sc="250,-20,250,-10,250,-10,250,40" /><INIT seed="1,0,0,1,1,28" ten="230,240,240,290" oya="1" hai0="106,8,92,43,4,130,34,17,90,27,118,38,66" hai1="100,63,133,71,121,76,44,49,119,72,54,102,84" hai2="22,78,89,64,24,83,127,107,47,61,105,3,110" hai3="65,29,126,52,97,7,59,86,15,116,103,101,70"/><U67/><E121/><V1/><F110/><W104/><G126/><T132/><D106/><U11/><E119/><V91/><F127/><W75/><G75/><T57/><D118/><U10/><E72/><V2/><F47/><W82/><G116/><T58/><D130/><U98/><E133/><V109/><F109/><W16/><G103/><T42/><D132/><U55/><E102/><V81/><F107/><W69/><G7/><T95/><D38/><U74/><E74/><V68/><F105/><W13/><G29/><T9/><D66/><U25/><E25/><V115/><F115/><W87/><G65/><T46/><D34/><U93/><REACH who="1" step="1"/><E54/><REACH who="1" ten="230,230,240,290" step="2"/><V56/><F1/><W20/><G13/><T5/><D27/><U51/><E51/><V113/><F113/><W19/><G101/><T125/><D125/><U117/><E117/><V120/><F120/><W124/><G52/><T0/><D0/><U123/><E123/><V31/><F2/><W6/><G15/><T37/><D37/><U41/><E41/><V134/><F3/><W40/><G40/><T32/><D43/><U131/><E131/><V135/><F135/><W112/><G124/><T30/><D42/><U114/><E114/><V73/><F134/><W53/><G112/><T12/><D12/><U23/><E23/><V122/><F122/><W18/><G20/><T35/><D35/><U60/><E60/><V39/><F39/><W79/><G53/><T85/><D32/><U128/><E128/><V129/><F129/><W21/><G21/><T94/><D9/><U80/><AGARI ba="0,1" hai="10,11,44,49,55,63,67,71,76,80,84,93,98,100" machi="80" ten="30,3000,0" yaku="1,1,0,1,53,0" doraHai="28" doraHaiUra="111" who="1" fromWho="1" sc="230,-10,230,40,240,-10,290,-10" /><INIT seed="1,1,0,4,5,54" ten="220,270,230,280" oya="1" hai0="0,113,56,5,24,80,31,98,126,124,75,49,69" hai1="85,131,101,32,25,116,55,127,33,38,4,102,99" hai2="17,72,107,45,22,62,95,58,87,50,96,39,42" hai3="122,79,8,1,110,13,128,108,27,92,19,36,34"/><U103/><E116/><V73/><F107/><W105/><G105/><T134/><D69/><U104/><E127/><N who="0" m="48681" /><D113/><U109/><E131/><V26/><F39/><W118/><G122/><T41/><D134/><U117/><E117/><V64/><REACH who="2" step="1"/><F87/><REACH who="2" ten="220,270,220,280" step="2"/><W51/><G36/><T43/><D75/><U65/><E38/><V106/><F106/><W120/><G118/><T18/><D43/><U10/><E85/><V125/><F125/><W90/><G128/><T29/><D41/><U12/><E104/><V44/><F44/><W21/><G120/><T74/><D74/><U130/><E130/><V66/><F66/><W63/><G110/><T23/><D80/><U81/><E65/><V61/><F61/><W88/><G63/><T37/><D37/><U121/><E81/><V86/><F86/><W77/><G108/><T6/><D98/><U11/><E109/><V100/><AGARI ba="1,1" hai="17,22,26,42,45,50,58,62,64,72,73,95,96,100" machi="100" ten="20,5200,0" yaku="1,1,0,1,7,1,52,1,53,0" doraHai="54" doraHaiUra="133" who="2" fromWho="2" sc="220,-14,270,-27,220,65,280,-14" /><INIT seed="2,0,0,5,3,33" ten="206,243,285,266" oya="2" hai0="88,132,49,95,46,14,40,93,108,73,0,72,58" hai1="42,104,60,96,112,100,118,133,24,9,44,90,29" hai2="134,111,126,91,15,135,70,69,123,1,35,124,107" hai3="50,8,4,5,110,17,26,127,78,3,62,125,119"/><V65/><F123/><W38/><G38/><T128/><D108/><U98/><E118/><V64/><F107/><W2/><G119/><T121/><D121/><U67/><E112/><V10/><F35/><W31/><G110/><T59/><D0/><N who="3" m="41" /><G78/><T19/><D128/><U18/><E133/><N who="2" m="50699" /><F111/><W11/><G50/><T113/><D132/><U22/><E90/><V79/><F79/><W114/><G62/><T83/><D113/><U21/><E98/><V57/><F91/><W75/><G75/><T87/><D73/><U71/><E9/><N who="3" m="3658" /><G17/><T45/><D45/><U13/><E44/><V84/><F1/><W47/><G47/><T66/><D72/><U39/><E39/><V68/><F57/><W120/><G120/><T32/><D32/><N who="1" m="20519" /><E42/><V6/><F84/><W101/><G101/><T52/><D66/><AGARI ba="0,0" hai="6,10,15,64,65,66,68,69,70,124,126" m="50699" machi="66" ten="40,2000,0" yaku="20,1" doraHai="33" who="2" fromWho="0" sc="206,-20,243,0,285,20,266,0" /><INIT seed="2,1,0,3,3,67" ten="186,243,305,266" oya="2" hai0="113,24,64,121,50,11,44,21,26,129,20,106,7" hai1="94,3,123,77,66,27,46,127,89,60,76,134,38" hai2="18,82,30,135,118,91,23,31,16,73,56,6,133" hai3="90,103,101,112,17,15,81,105,132,99,114,86,59"/><V72/><F118/><W126/><G126/><T87/><D113/><N who="3" m="43625" /><G132/><N who="2" m="50761" /><F6/><W98/><G59/><T42/><D106/><U5/><E127/><V111/><F111/><W88/><G17/><T0/><D121/><U78/><E123/><V122/><F122/><W97/><G15/><T96/><D129/><U80/><E27/><V10/><F10/><W69/><G69/><T35/><D96/><N who="3" m="36969" /><G103/><T104/><D104/><U130/><E130/><V58/><F18/><W71/><G71/><T70/><D87/><U29/><E5/><V116/><F116/><W62/><G62/><T2/><D2/><U34/><E60/><V32/><F91/><AGARI ba="1,0" hai="81,86,88,90,91,99,101,105" m="36969,43625" machi="91" ten="30,7700,0" yaku="11,1,34,2,54,1" doraHai="67" who="3" fromWho="2" sc="186,0,243,0,305,-80,266,80" /><INIT seed="3,0,0,4,0,3" ten="186,243,225,346" oya="3" hai0="25,10,77,83,85,119,7,120,106,9,133,42,14" hai1="126,103,5,40,99,111,135,12,22,82,53,17,86" hai2="2,76,91,90,65,51,73,114,36,113,116,30,44" hai3="108,79,21,122,61,101,128,93,102,62,18,110,134"/><W129/><G134/><T23/><D120/><U6/><E111/><V67/><F36/><W131/><G122/><T107/><D133/><U80/><E126/><V19/><F116/><W45/><G45/><T104/><D119/><U123/><E135/><V125/><F2/><W118/><G118/><T37/><D37/><U26/><E40/><V47/><F125/><W39/><G79/><T50/><D10/><U11/><E123/><V28/><F76/><W0/><G0/><T112/><D112/><U60/><E86/><V13/><F73/><W78/><G78/><T94/><D94/><N who="1" m="58871" /><E5/><V24/><F24/><N who="3" m="14391" /><G39/><T8/><D8/><U27/><E27/><V100/><F100/><N who="3" m="38507" /><G93/><T74/><D74/><U16/><E17/><V4/><F4/><W132/><G132/><T127/><D127/><U54/><E60/><AGARI ba="0,0" hai="60,61,62,108,110,128,129,131" m="38507,14391" machi="60" ten="40,2000,0" yaku="19,1" doraHai="3" who="3" fromWho="1" sc="186,0,243,-20,225,0,346,20" owari="186,-31.4,223,-17.7,225,2.5,366,46.6" /></mjloggm>