<mjloggm ver="2.3"><GO type="225" lobby="0"/><UN n0="%28%EF%BF%A3%E2%96%BD%EF%BF%A3%29%CE%B4%E2%8C%92%E3%83%BB" n1="%72%69%6F%75%63%68%61%6E" n2="%2D%E8%B1%8A%E5%8F%A3%E3%82%81%E3%81%90%E3%81%BF%2D" n3="%E3%81%BF%E3%81%BF%E3%81%9A" dan="16,17,17,18" rate="2114.10,2266.65,2182.00,2262.58" sx="M,M,F,M"/><TAIKYOKU oya="0"/><INIT seed="0,0,0,3,5,49" ten="250,250,250,250" oya="0" hai0="38,39,119,135,83,79,40,17,12,45,82,23,89" hai1="123,46,103,26,91,25,108,34,62,116,97,92,33" hai2="100,93,37,51,19,2,85,86,50,95,88,94,31" hai3="58,78,14,24,132,128,41,7,118,75,102,74,3"/><T42/><D119/><U99/><E108/><V11/><F37/><W55/><G118/><T72/><D135/><U56/><E123/><V127/><F127/><W77/><G41/><T29/><D29/><U47/><E116/><V64/><F31/><W67/><G67/><T69/><D69/><U4/><E4/><V18/><F64/><W52/><G3/><T6/><D6/><U70/><E70/><V27/><F2/><W84/><G24/><T114/><D114/><U5/><E5/><V101/><F27/><W73/><G102/><T16/><D17/><N who="2" m="6154" /><F11/><W80/><G132/><T107/><D107/><U28/><E25/><V131/><F131/><W10/><G128/><T68/><D68/><U36/><E33/><V117/><F117/><W35/><G35/><T66/><D66/><U54/><REACH who="1" step="1"/><E36/><REACH who="1" ten="250,240,250,250" step="2"/><V120/><F120/><W30/><G30/><T110/><D110/><U1/><E1/><V129/><F129/><W104/><G104/><AGARI ba="0,1" hai="26,28,34,46,47,54,56,62,91,92,97,99,103,104" machi="104" ten="30,3900,0" yaku="1,1,7,1,52,1,53,0" doraHai="49" doraHaiUra="60" who="1" fromWho="3" sc="250,0,240,49,250,0,250,-39" /><INIT seed="1,0,0,5,5,132" ten="250,289,250,211" oya="1" hai0="5,29,103,14,92,130,48,58,2,135,106,109,90" hai1="46,27,36,127,76,15,26,124,19,108,134,125,62" hai2="50,33,74,12,47,31,3,7,122,53,9,0,128" hai3="104,85,89,71,40,84,37,94,41,11,75,126,119"/><U73/><E134/><V83/><F122/><W63/><G75/><T70/><D70/><U67/><E108/><V105/><F105/><W59/><G104/><T52/><D135/><U115/><E115/><V114/><F128/><W96/><G71/><T82/><D109/><U21/><E76/><V13/><F114/><W86/><G119/><T64/><D130/><U49/><E73/><V131/><F131/><W88/><G126/><T22/><D64/><U87/><E36/><V45/><F31/><W18/><G89/><T4/><D2/><U35/><E87/><V68/><F33/><W133/><G37/><T38/><D38/><U39/><E39/><V42/><F68/><W30/><G30/><T55/><D106/><U78/><E78/><V123/><F123/><W34/><G34/><T102/><D82/><U65/><E35/><V28/><F28/><W110/><G110/><T91/><D55/><N who="1" m="30135" /><E65/><V97/><F97/><W113/><G113/><T112/><D112/><U101/><E101/><N who="0" m="38409" /><D91/><U81/><E81/><V118/><F118/><W44/><G44/><T61/><D61/><U25/><E67/><V120/><F0/><W56/><G133/><T43/><D43/><N who="3" m="16457" /><G63/><AGARI ba="0,0" hai="15,19,21,25,26,27,62,63,124,125,127" m="30135" machi="63" ten="40,12000,1" yaku="18,1,52,3" doraHai="132" who="1" fromWho="3" sc="250,0,289,120,250,0,211,-120" /><INIT seed="1,1,0,2,0,13" ten="250,409,250,91" oya="1" hai0="51,60,20,48,28,41,50,70,34,103,52,71,112" hai1="83,96,72,100,21,69,85,17,33,108,131,9,16" hai2="86,117,81,27,45,19,124,6,95,36,11,89,84" hai3="25,40,93,18,97,22,0,56,79,104,123,43,12"/><U15/><E33/><V5/><F117/><W30/><G123/><T128/><D34/><U90/><E69/><N who="0" m="26121" /><D20/><U66/><E131/><V107/><F107/><W109/><G109/><T29/><D103/><U75/><E66/><V65/><F65/><W49/><G0/><T120/><D29/><U106/><E108/><V73/><F124/><W2/><G2/><T64/><D28/><U92/><E106/><V61/><F61/><W31/><G79/><T35/><D35/><U135/><E135/><V4/><F73/><W7/><G104/><T42/><D120/><U118/><E118/><V8/><F45/><W94/><G7/><T39/><D128/><U54/><E54/><V129/><F36/><W78/><G78/><T3/><D3/><U62/><E62/><V122/><F129/><W113/><G94/><T46/><D112/><U126/><E126/><V55/><F55/><N who="3" m="31855" /><G113/><T121/><D121/><U82/><E83/><V116/><F116/><W119/><G119/><T10/><D10/><U134/><E134/><V125/><F125/><W77/><G77/><T99/><D99/><U59/><E59/><V74/><F74/><W14/><G30/><T44/><D42/><N who="3" m="15913" /><G31/><T132/><D132/><U63/><E63/><V80/><F122/><W110/><G110/><T76/><D76/><U23/><E9/><N who="2" m="3659" /><F86/><W111/><G111/><T115/><D115/><U47/><E47/><V1/><F1/><W98/><G98/><T38/><D38/><U26/><AGARI ba="1,0" hai="15,16,17,21,23,26,72,75,82,85,90,92,96,100" machi="26" ten="20,12000,1" yaku="0,1,7,1,52,2,54,1" doraHai="13" who="1" fromWho="1" sc="250,-41,409,123,250,-41,91,-41" /><INIT seed="1,2,0,4,1,94" ten="209,532,209,50" oya="1" hai0="33,48,113,123,74,79,68,40,80,14,15,60,70" hai1="107,109,13,10,20,51,31,8,110,45,49,65,29" hai2="26,52,36,22,99,58,46,115,1,101,7,24,21" hai3="61,122,50,111,125,76,116,133,81,9,56,43,83"/><U72/><E72/><V134/><F134/><W87/><G122/><T34/><D113/><U92/><E107/><V12/><F1/><W11/><G133/><T35/><D123/><U104/><E104/><V106/><F115/><W118/><G111/><N who="1" m="42506" /><E65/><V131/><F131/><W128/><G128/><T17/><D60/><U127/><E127/><V120/><F120/><W30/><G30/><N who="1" m="11274" /><E92/><V98/><F36/><W19/><G125/><T2/><D2/><U23/><E13/><V82/><F46/><N who="3" m="25951" /><G83/><T66/><D66/><U5/><E5/><V63/><F82/><W86/><G86/><T62/><D62/><U59/><E59/><V69/><F69/><W38/><G38/><T37/><D37/><U71/><E71/><V39/><F39/><W16/><G118/><T135/><D14/><U95/><E95/><V97/><F12/><W132/><G116/><T84/><D74/><U102/><E102/><V103/><F7/><W93/><G132/><T108/><D108/><U4/><E4/><V124/><F124/><W105/><G105/><T117/><D117/><U28/><N who="1" m="11282" /><U6/><DORA hai="119" /><E6/><V55/><F106/><W18/><G93/><T78/><D135/><U75/><E75/><V73/><F73/><W114/><G114/><T77/><D70/><U3/><E3/><V41/><F103/><W130/><G130/><T100/><D68/><U25/><E25/><N who="2" m="9835" /><F101/><W96/><G96/><T53/><D100/><U85/><E85/><V42/><F99/><W64/><AGARI ba="2,0" hai="9,11,16,18,19,56,61,64,76,81,87" m="25951" machi="64" ten="30,2000,0" yaku="8,1,54,1" doraHai="94,119" who="3" fromWho="3" sc="209,-7,532,-12,209,-7,50,26" /><INIT seed="2,0,0,0,4,108" ten="202,520,202,76" oya="2" hai0="125,93,38,78,85,67,120,91,8,2,23,121,77" hai1="35,123,28,4,9,21,124,74,31,86,19,100,45" hai2="51,53,89,84,118,135,115,52,90,59,54,117,116" hai3="25,55,37,22,30,101,49,5,114,24,44,104,15"/><V102/><F135/><W61/><G37/><T76/><D38/><U50/><E74/><V16/><F115/><W65/><G104/><T72/><D67/><U92/><E124/><V18/><F102/><W73/><G73/><T107/><D23/><U133/><E133/><V60/><F54/><W34/><G101/><T10/><D2/><U47/><E123/><V6/><F6/><W11/><G114/><T63/><D63/><U111/><E111/><V79/><F79/><N who="0" m="30282" /><D8/><U58/><E58/><V96/><F96/><W41/><G41/><T134/><D10/><U29/><E35/><V64/><F53/><W132/><G132/><T131/><D134/><U88/><E100/><V97/><F97/><W105/><G105/><T103/><D125/><U94/><E94/><V69/><REACH who="2" step="1"/><F90/><REACH who="2" ten="202,520,192,76" step="2"/><W127/><G127/><T71/><D103/><U122/><E122/><V119/><N who="2" m="29696" /><DORA hai="98" /><V40/><F40/><W87/><G87/><T32/><D121/><U20/><E4/><V95/><AGARI ba="0,1" hai="16,18,51,52,59,60,64,69,84,89,95" m="29696" machi="95" ten="60,24000,3" yaku="1,1,0,1,54,2,53,5" doraHai="108,98" doraHaiUra="112,81" who="2" fromWho="2" sc="202,-80,520,-80,192,250,76,-80" owari="122,-27.8,440,24.0,442,54.2,-4,-50.4" /></mjloggm>