<mjloggm ver="2.3"><GO type="225" lobby="0"/><UN n0="%E3%81%9F%E3%81%93%E2%98%86%E7%84%BC%E3%81%8D" n1="%E3%81%8F%E3%82%8A%E3%83%94%E3%83%BC" n2="%E3%81%A1%E3%82%85%E3%81%86%E3%81%A9%E3%81%8F%E8%B1%A1%E3%81%95%E3%82%93" n3="%72%69%6F%75%63%68%61%6E" dan="16,16,17,17" rate="2103.77,2093.83,2214.92,2277.02" sx="M,M,M,M"/><TAIKYOKU oya="0"/><INIT seed="0,0,0,4,5,124" ten="250,250,250,250" oya="0" hai0="23,107,99,17,121,10,25,47,90,92,38,118,76" hai1="19,98,114,31,130,72,129,40,59,128,100,20,29" hai2="44,122,109,3,45,132,134,34,66,22,73,46,102" hai3="78,120,53,94,126,13,56,33,88,104,15,14,35"/><T7/><D118/><U110/><E110/><V95/><F122/><W63/><G126/><T8/><D121/><U117/><E117/><V84/><F34/><W97/><G120/><T61/><D8/><U75/><E59/><V80/><F3/><W71/><G78/><T91/><D107/><N who="1" m="63895" /><E40/><V135/><F109/><W43/><G43/><T106/><D106/><U51/><E51/><V96/><F66/><W5/><G104/><T89/><D38/><U82/><E114/><V18/><F73/><N who="1" m="28233" /><E82/><V74/><F74/><W81/><G81/><T58/><D76/><U83/><E83/><V4/><F4/><W112/><G112/><T123/><D123/><U0/><E0/><V79/><REACH who="2" step="1"/><F45/><REACH who="2" ten="250,250,240,250" step="2"/><W55/><G5/><T87/><D47/><U42/><E42/><V127/><F127/><W86/><G71/><T2/><D87/><U24/><AGARI ba="0,1" hai="19,20,24,29,31,128,129,130" m="28233,63895" machi="24" ten="40,8000,1" yaku="19,1,52,3" doraHai="124" who="1" fromWho="1" sc="250,-40,250,90,240,-20,250,-20" /><INIT seed="1,0,0,4,0,129" ten="210,340,220,230" oya="1" hai0="76,56,94,120,105,74,133,132,123,42,30,88,78" hai1="79,22,101,127,18,5,32,27,99,92,20,113,131" hai2="44,115,16,117,58,111,0,6,52,106,9,124,23" hai3="60,86,73,35,85,87,3,49,29,66,48,108,17"/><U81/><E113/><V75/><F117/><W43/><G108/><T95/><D42/><U62/><E127/><V110/><F115/><W40/><G3/><T91/><D30/><U100/><E131/><V128/><F124/><W24/><G73/><T104/><D56/><U33/><E100/><V70/><F128/><W130/><G130/><T51/><D51/><U118/><E118/><V21/><F75/><AGARI ba="0,0" hai="74,75,76,78,88,91,94,95,104,105,120,123,132,133" machi="75" ten="25,16000,3" yaku="22,2,34,3,52,2,54,1" doraHai="129" who="0" fromWho="2" sc="210,160,340,0,220,-160,230,0" /><INIT seed="2,0,0,2,5,29" ten="370,340,60,230" oya="2" hai0="58,28,94,22,52,93,100,61,121,33,91,20,99" hai1="44,12,16,96,113,60,95,75,56,81,117,131,38" hai2="51,57,73,8,110,125,68,106,62,14,109,10,43" hai3="130,42,19,79,69,72,78,104,17,88,59,123,15"/><V65/><F106/><W50/><G123/><T53/><D121/><U107/><E117/><V108/><F73/><W115/><G69/><T54/><D33/><U0/><E131/><V47/><F125/><W39/><G104/><T120/><D120/><U37/><E0/><V129/><F129/><W83/><G130/><T49/><D28/><U76/><E44/><V67/><REACH who="2" step="1"/><F14/><REACH who="2" ten="370,340,50,230" step="2"/><W126/><G126/><T48/><D49/><U55/><E107/><V135/><F135/><W6/><G72/><T36/><D36/><U4/><E113/><V84/><F84/><N who="3" m="50207" /><G39/><T2/><D2/><U132/><E132/><V26/><F26/><W82/><G115/><T86/><D48/><U71/><E37/><V34/><F34/><W122/><G122/><T45/><D45/><U41/><E38/><V92/><F92/><W103/><G82/><T105/><D105/><U98/><E95/><V87/><F87/><W35/><G35/><T127/><D127/><U11/><E81/><V118/><F118/><W74/><G74/><T25/><D25/><U112/><E75/><V64/><F64/><AGARI ba="0,1" hai="20,22,52,53,54,58,61,64,86,91,93,94,99,100" machi="64" ten="40,2600,0" yaku="8,1,54,1" doraHai="29" who="0" fromWho="2" sc="370,36,340,0,50,-26,230,0" /><INIT seed="3,0,0,4,4,55" ten="406,340,24,230" oya="3" hai0="32,41,33,10,69,112,8,9,49,48,29,106,18" hai1="109,103,116,128,123,20,38,23,99,124,42,60,56" hai2="11,19,117,87,25,107,61,43,58,63,64,80,15" hai3="126,115,125,114,118,83,79,70,131,110,54,104,57"/><W53/><G118/><T39/><D106/><U130/><E109/><V28/><F107/><W105/><G70/><T50/><D69/><U27/><E123/><V13/><F117/><W102/><G131/><N who="1" m="50218" /><E124/><N who="3" m="47722" /><G110/><T108/><D108/><U67/><E116/><V74/><F74/><N who="3" m="43511" /><G53/><T30/><D18/><U73/><E73/><V37/><F37/><W5/><G5/><T6/><D6/><U92/><E27/><V35/><F43/><W16/><G104/><T89/><D39/><U81/><E81/><V65/><F13/><W86/><G86/><T132/><D112/><U90/><E103/><V95/><F95/><W17/><G102/><T84/><D41/><U121/><E121/><V88/><REACH who="2" step="1"/><F61/><REACH who="2" ten="406,340,14,230" step="2"/><N who="3" m="36023" /><G105/><T51/><D33/><U93/><E93/><V133/><F133/><W127/><G127/><T12/><D132/><U77/><E77/><V0/><F0/><W47/><G47/><AGARI ba="0,1" hai="20,23,38,42,47,56,60,67,90,92,99" m="50218" machi="47" ten="30,2000,0" yaku="19,1,52,1" doraHai="55" who="1" fromWho="3" sc="406,0,340,30,14,0,230,-20" owari="406,50.6,370,17.0,14,-48.6,210,-19.0" /></mjloggm>