<mjloggm ver="2.3"><GO type="225" lobby="0"/><UN n0="%6D%75%75%6D%75%72%61" n1="%E9%B3%B3%E6%9D%B1%E3%81%AE%E3%81%86%E3%81%95%E3%81%8E%E3%81%95%E3%82%93" n2="%E7%99%BD%E9%9B%AA%E4%B9%83%E6%84%9B" n3="%E3%81%8B%E3%82%8F%E3%81%A1%E3%82%83%E3%82%93%35%38" dan="16,17,16,16" rate="2144.02,2199.49,2080.29,2137.19" sx="F,M,F,M"/><TAIKYOKU oya="0"/><INIT seed="0,0,0,2,2,40" ten="250,250,250,250" oya="0" hai0="41,30,119,11,69,56,18,1,54,127,115,74,103" hai1="135,105,14,26,37,55,63,73,25,129,133,106,95" hai2="31,87,71,90,123,125,21,4,79,52,85,60,19" hai3="2,108,67,57,98,42,7,33,121,49,32,9,94"/><T64/><BYE who="3" /><D115/><U53/><E73/><V0/><F123/><UN n3="%E3%81%8B%E3%82%8F%E3%81%A1%E3%82%83%E3%82%93%35%38" /><W75/><G75/><T110/><D119/><U20/><E37/><V78/><F125/><W15/><G108/><T16/><D127/><U100/><E129/><V47/><F31/><W89/><G121/><T43/><D110/><U50/><E14/><V13/><F0/><W92/><G2/><T131/><D74/><U81/><E81/><V51/><F4/><W10/><G10/><T102/><D131/><U68/><E95/><V101/><F101/><W66/><G33/><T132/><D132/><N who="1" m="50763" /><E100/><V107/><F107/><N who="1" m="40969" /><E20/><V72/><F72/><W86/><G32/><T22/><D103/><U82/><E82/><V12/><F12/><W88/><REACH who="3" step="1"/><G57/><REACH who="3" ten="250,250,250,240" step="2"/><T48/><D1/><U80/><E80/><V91/><F78/><W76/><G76/><T104/><D11/><U77/><E77/><V6/><F79/><W65/><G65/><T24/><D64/><N who="1" m="40991" /><E55/><V62/><F71/><W117/><G117/><T28/><D69/><U27/><E27/><V70/><F70/><W59/><G59/><AGARI ba="0,1" hai="25,26,50,53,59" m="40991,40969,50763" machi="59" ten="30,1000,0" yaku="20,1" doraHai="40" who="1" fromWho="3" sc="250,0,250,20,250,0,240,-10" /><INIT seed="1,0,0,2,3,39" ten="250,270,250,230" oya="1" hai0="6,20,19,99,80,108,131,134,5,84,90,62,25" hai1="18,78,43,101,89,86,46,3,66,22,47,35,114" hai2="11,28,120,73,110,31,129,130,42,102,105,41,9" hai3="92,100,4,118,59,26,96,49,8,48,69,0,109"/><U126/><E114/><V104/><F73/><W71/><G109/><T14/><D108/><U82/><E35/><V58/><F110/><W56/><G118/><T112/><D112/><U24/><E126/><V87/><F87/><W133/><G133/><T51/><D134/><U127/><E127/><V40/><F58/><W36/><G36/><T83/><D131/><N who="2" m="50186" /><F120/><W135/><G135/><T95/><D80/><U30/><E3/><V98/><F105/><W67/><G26/><T103/><D62/><U23/><E101/><V123/><F123/><W68/><REACH who="3" step="1"/><G59/><REACH who="3" ten="250,270,250,220" step="2"/><T45/><REACH who="0" step="1"/><D25/><REACH who="0" ten="240,270,250,220" step="2"/><U122/><E24/><V10/><AGARI ba="0,2" hai="9,10,11,28,31,40,41,42,98,102,104" m="50186" machi="10" ten="40,8000,1" yaku="19,1,52,3" doraHai="39" who="2" fromWho="2" sc="240,-20,270,-40,250,100,220,-20" /><INIT seed="2,0,0,3,5,4" ten="220,230,350,200" oya="2" hai0="130,86,61,50,92,102,12,37,91,83,57,93,8" hai1="13,118,97,77,107,68,31,80,32,69,10,19,14" hai2="9,124,131,81,70,46,21,59,114,11,3,15,126" hai3="30,67,96,58,82,101,27,43,18,62,85,16,120"/><V121/><F114/><W45/><G120/><T88/><D37/><U66/><E118/><V111/><F121/><W41/><G85/><N who="0" m="52239" /><D130/><U94/><E107/><V34/><F70/><W25/><G82/><T76/><D50/><U63/><E68/><V134/><F34/><W49/><G43/><T23/><D23/><U115/><E115/><V127/><F131/><W105/><REACH who="3" step="1"/><G25/><REACH who="3" ten="220,230,350,190" step="2"/><T7/><D76/><U112/><E80/><V125/><F81/><W100/><G100/><T75/><D75/><U98/><E77/><V104/><F126/><W99/><G99/><T1/><D1/><U129/><E98/><V110/><F3/><W119/><G119/><T6/><D102/><U2/><E2/><V122/><F122/><W29/><G29/><T128/><D128/><U47/><E31/><V35/><F125/><W60/><G60/><T53/><D83/><U52/><E129/><V24/><F24/><W56/><G56/><T106/><D106/><U113/><E113/><V64/><F59/><W74/><G74/><T135/><D135/><U116/><E112/><V103/><F134/><W38/><G38/><T42/><D42/><U54/><E116/><V133/><F133/><W87/><G87/><T123/><D123/><U65/><E63/><V39/><F39/><W44/><G44/><T72/><D72/><U78/><E47/><V90/><F46/><W132/><G132/><T36/><D36/><U26/><E78/><V71/><F127/><W95/><G95/><T117/><D117/><U20/><E94/><V28/><F124/><W40/><G40/><T109/><D109/><RYUUKYOKU ba="0,1" sc="220,15,230,-15,350,-15,190,15" hai0="6,7,8,12,53,57,61,86,91,93" hai3="16,18,27,30,41,45,49,58,62,67,96,101,105" /><INIT seed="3,1,1,5,5,93" ten="235,215,335,205" oya="3" hai0="131,57,86,104,7,47,61,64,15,122,95,121,0" hai1="112,11,25,92,40,108,28,84,43,90,98,51,35" hai2="56,120,16,107,76,62,87,123,100,114,89,70,60" hai3="73,135,101,48,126,23,32,83,91,130,63,54,14"/><W44/><G32/><T94/><D0/><U6/><E108/><V13/><F114/><W30/><G73/><T45/><D104/><U79/><E112/><V12/><F76/><W26/><G130/><T124/><D131/><U41/><E79/><V18/><F100/><W133/><G126/><T52/><D124/><U67/><E67/><V24/><F107/><W118/><G118/><T38/><D38/><U59/><E59/><V125/><F125/><W85/><G101/><T96/><D64/><U128/><E128/><V81/><F70/><W129/><G129/><T29/><D29/><U71/><E71/><V109/><F109/><W50/><G63/><N who="2" m="24105" /><F56/><W49/><REACH who="3" step="1"/><G14/><REACH who="3" ten="235,215,335,195" step="2"/><N who="2" m="5737" /><F24/><W21/><G21/><T33/><D33/><U134/><E35/><V68/><F68/><W97/><G97/><T10/><D96/><U103/><E25/><V55/><F55/><W2/><G2/><T58/><D52/><U53/><E53/><V31/><F31/><W65/><G65/><T20/><D61/><U88/><E28/><V82/><F123/><W66/><G66/><T115/><D121/><U37/><E98/><V119/><F120/><W106/><G106/><T19/><D122/><U132/><E103/><V34/><F119/><W27/><G27/><N who="0" m="14751" /><D115/><U22/><E22/><V77/><F34/><W8/><G8/><T69/><D69/><U75/><E75/><V4/><F4/><W42/><G42/><T99/><D99/><N who="1" m="57735" /><E37/><V5/><F5/><W78/><G78/><T117/><D117/><U127/><E127/><V102/><F102/><W116/><G116/><T39/><D39/><RYUUKYOKU ba="1,2" sc="235,-15,215,-15,335,15,195,15" hai2="16,18,77,81,82,87,89" hai3="23,26,30,44,48,49,50,54,83,85,91,133,135" /><INIT seed="3,2,2,4,0,123" ten="220,200,350,210" oya="3" hai0="71,32,0,65,113,55,106,112,29,78,95,21,23" hai1="69,38,97,4,90,60,39,79,10,53,72,24,91" hai2="117,121,116,83,22,127,3,100,43,98,68,84,9" hai3="110,14,5,11,134,20,17,131,130,63,34,47,114"/><W118/><G114/><N who="0" m="44139" /><D106/><U44/><E24/><V50/><F68/><W15/><G118/><T49/><D0/><N who="1" m="263" /><E38/><V18/><F127/><W124/><G124/><T27/><D78/><U105/><E97/><V125/><F125/><W70/><G34/><T52/><D95/><U28/><E28/><V135/><F135/><W80/><G134/><T54/><D49/><U8/><E8/><V107/><F121/><W99/><G110/><T73/><D73/><U12/><E12/><V42/><F42/><W74/><G47/><T93/><D93/><U35/><E105/><V104/><F104/><W82/><G99/><T40/><D40/><N who="1" m="22559" /><E35/><V108/><F100/><W16/><G5/><T129/><D129/><N who="3" m="49161" /><G74/><T33/><D33/><U25/><E25/><V61/><F98/><W2/><G2/><T36/><D36/><U87/><E87/><V119/><F107/><W75/><G75/><T122/><D122/><U30/><E30/><V46/><F3/><W102/><G102/><T126/><D126/><U37/><E37/><V6/><F6/><W41/><G41/><T94/><D94/><U19/><E19/><V67/><F117/><W13/><G13/><T62/><AGARI ba="2,2" hai="21,23,27,29,32,52,54,55,62,65,71" m="44139" machi="62" ten="40,2700,0" yaku="11,1,54,1" doraHai="123" who="0" fromWho="0" sc="220,53,200,-9,350,-9,210,-15" owari="273,7.3,191,-30.9,341,44.1,195,-20.5" /></mjloggm>