<mjloggm ver="2.3"><GO type="225" lobby="0"/><UN n0="%E7%99%BD%E6%97%A5%E9%9B%AA%E8%8F%9C" n1="%72%61%6B%33" n2="%E6%A0%B9%E5%85%83%E3%81%8B%E3%82%89%E5%90%B9%E3%81%A3%E9%A3%9B%E3%81%B6" n3="%E3%82%AD%E3%83%B3%E3%82%B0%E3%81%82%E3%81%A4%E3%81%97" dan="17,16,17,17" rate="2230.58,2092.40,2178.67,2181.16" sx="M,M,F,M"/><TAIKYOKU oya="0"/><INIT seed="0,0,0,3,2,16" ten="250,250,250,250" oya="0" hai0="0,85,60,12,127,5,42,78,36,116,35,97,120" hai1="26,108,79,112,91,92,95,110,8,39,59,103,131" hai2="18,90,53,50,3,87,125,115,83,19,33,134,65" hai3="94,25,34,46,89,51,75,62,114,117,126,106,7"/><T44/><D116/><U80/><E39/><V37/><F115/><W76/><G114/><T55/><D120/><U69/><E112/><V82/><F125/><W119/><G106/><T135/><D35/><U30/><E69/><V10/><F134/><W63/><G7/><T71/><D0/><U88/><E131/><V43/><F33/><W2/><G2/><T109/><D135/><U58/><E8/><V27/><F65/><W66/><G126/><T15/><D127/><U61/><E103/><V104/><F104/><W6/><G6/><T98/><D109/><N who="1" m="42091" /><E95/><V64/><F64/><W74/><G76/><T100/><D5/><U99/><E91/><V41/><F82/><W86/><G74/><T105/><D98/><U14/><E14/><N who="2" m="7511" /><F37/><W22/><G75/><T57/><REACH who="0" step="1"/><D71/><REACH who="0" ten="240,250,250,250" step="2"/><U84/><E61/><V17/><F3/><W129/><G34/><AGARI ba="0,1" hai="26,30,34,58,59,79,80,84,88,92,99" m="42091" machi="34" ten="30,2000,0" yaku="14,1,54,1" doraHai="16" who="1" fromWho="3" sc="240,0,250,30,250,0,250,-20" /><INIT seed="1,0,0,0,2,87" ten="240,280,250,230" oya="1" hai0="109,46,66,120,105,118,108,92,99,76,58,23,78" hai1="21,134,3,59,83,102,133,125,97,100,35,20,90" hai2="104,55,115,123,51,24,70,41,39,80,0,65,19" hai3="45,98,31,26,86,79,28,81,103,82,85,54,2"/><U43/><E35/><V71/><F123/><W93/><G2/><T127/><D118/><U12/><E3/><V119/><F0/><W30/><G45/><T8/><D105/><U67/><E43/><V4/><F104/><W63/><G63/><N who="0" m="38263" /><D127/><U6/><E125/><V77/><F4/><W114/><G54/><T52/><D8/><U37/><E37/><V84/><F115/><W42/><G42/><T113/><D113/><U7/><E59/><V111/><F111/><N who="0" m="42570" /><D23/><U95/><E67/><V32/><F65/><W89/><REACH who="3" step="1"/><G114/><REACH who="3" ten="240,280,250,220" step="2"/><T48/><D120/><U88/><E134/><V106/><F41/><W116/><G116/><T5/><D5/><U29/><E133/><V61/><F55/><W50/><G50/><T9/><D9/><U117/><E117/><V13/><F119/><W53/><G53/><T129/><D129/><U27/><E6/><V68/><F51/><W107/><G107/><T64/><D64/><U11/><E20/><AGARI ba="0,1" hai="20,26,28,30,31,79,81,82,85,86,89,93,98,103" machi="20" ten="30,8000,1" yaku="1,1,7,1,8,1,52,1,53,1" doraHai="87" doraHaiUra="73" who="3" fromWho="1" sc="240,0,280,-80,250,0,220,90" /><INIT seed="2,0,0,5,2,102" ten="240,200,250,310" oya="2" hai0="103,35,31,109,93,57,125,10,90,3,110,14,80" hai1="20,58,77,47,22,86,63,115,95,27,68,74,134" hai2="66,48,133,84,8,135,55,107,29,114,65,118,50" hai3="79,83,101,132,17,99,62,129,64,32,37,97,71"/><V25/><F114/><W28/><G37/><T108/><D125/><U11/><E115/><V70/><F118/><W23/><G129/><T113/><D113/><U33/><E68/><V56/><F8/><W100/><G132/><N who="2" m="50761" /><F84/><W96/><G28/><T120/><D120/><U75/><E33/><V34/><F70/><W127/><G32/><T85/><D3/><U105/><E20/><V19/><F19/><W122/><G127/><T92/><D103/><U18/><E75/><V39/><F39/><W52/><G52/><T2/><D2/><U36/><E74/><V117/><F117/><W124/><G122/><T98/><D57/><U78/><E11/><V45/><F107/><W73/><REACH who="3" step="1"/><G124/><REACH who="3" ten="240,200,250,300" step="2"/><T30/><D35/><U130/><E130/><V67/><F65/><W54/><G54/><AGARI ba="0,1" hai="25,29,34,45,48,50,54,55,56,66,67" m="50761" machi="54" ten="30,1500,0" yaku="20,1" doraHai="102" who="2" fromWho="3" sc="240,0,200,0,250,25,300,-15" /><INIT seed="2,1,0,1,3,1" ten="240,200,275,285" oya="2" hai0="131,83,43,12,91,103,102,105,132,76,19,110,32" hai1="92,130,71,89,112,77,127,26,46,119,53,9,65" hai2="21,96,28,73,88,94,10,84,38,13,51,128,114" hai3="62,34,116,35,79,111,7,97,108,52,74,25,134"/><V33/><F114/><W2/><G116/><T100/><D32/><U75/><E112/><V22/><F38/><W107/><G134/><T133/><D43/><U86/><E119/><V3/><F73/><W23/><G79/><T40/><D40/><U82/><E127/><V14/><F128/><W18/><G74/><N who="0" m="43415" /><D19/><U15/><E130/><V63/><F51/><W70/><G97/><N who="0" m="61583" /><D12/><U30/><E71/><V41/><F41/><W59/><G107/><T42/><D42/><U129/><E129/><V61/><F3/><W31/><G70/><T20/><D20/><U66/><E53/><V11/><F33/><W85/><G85/><T117/><D117/><U55/><E55/><V93/><F28/><W47/><G47/><T50/><D50/><U37/><E46/><V69/><F69/><W54/><G54/><T36/><D36/><U90/><E90/><V135/><F135/><N who="0" m="51786" /><D131/><U126/><E37/><V113/><F113/><W4/><G35/><T5/><D5/><U109/><E15/><V95/><F84/><W56/><G56/><T24/><D24/><U123/><E86/><V6/><F22/><W48/><G48/><T67/><D67/><U57/><E65/><V121/><F21/><W29/><G29/><T81/><D110/><N who="3" m="42025" /><G2/><T49/><D49/><U8/><E109/><V124/><F61/><W60/><G60/><T68/><D68/><U104/><E30/><V98/><F63/><W64/><G64/><T45/><D45/><U80/><E66/><V17/><F11/><W39/><G39/><T87/><AGARI ba="1,0" hai="81,87,91,102,103" m="51786,61583,43415" machi="87" ten="30,4000,0" yaku="20,1,34,2" doraHai="1" who="0" fromWho="0" sc="240,43,200,-11,275,-21,285,-11" /><INIT seed="3,0,0,3,1,45" ten="283,189,254,274" oya="3" hai0="79,36,91,11,39,0,117,26,8,63,49,9,125" hai1="103,112,65,14,19,132,35,38,93,7,55,56,4" hai2="10,83,106,76,72,27,71,115,135,23,131,86,130" hai3="59,37,73,118,116,74,88,95,127,89,82,102,70"/><W97/><G70/><T52/><D117/><N who="3" m="45161" /><G59/><T123/><D123/><U28/><E112/><V114/><F71/><W6/><G6/><T40/><D0/><U51/><E132/><V17/><F106/><W101/><G37/><T29/><D79/><U5/><E38/><V75/><F135/><W13/><G13/><T108/><D108/><U109/><E109/><V64/><F64/><W92/><G127/><T111/><D111/><U48/><E65/><V25/><F10/><W20/><G20/><N who="0" m="15559" /><D39/><U134/><E134/><V69/><F69/><W78/><G73/><T81/><D36/><U120/><E120/><V33/><F75/><W84/><AGARI ba="0,0" hai="74,78,82,84,88,89,92,95,97,101,102" m="45161" machi="84" ten="30,6000,0" yaku="34,2,54,1" doraHai="45" who="3" fromWho="3" sc="283,-20,189,-20,254,-20,274,60" owari="263,6.3,169,-33.1,234,-16.6,334,43.4" /></mjloggm>