<mjloggm ver="2.3"><GO type="225" lobby="0"/><UN n0="%53%61%63%68%69%30%34" n1="%72%69%6F%75%63%68%61%6E" n2="%E5%AF%82%E5%AF%9E%E3%82%AE%E3%83%8D%E3%82%B9%E3%83%93%E3%83%BC%E3%83%AB" n3="%E6%B8%A9%E2%98%85%E6%83%85%E2%98%85%E6%8E%AA%E2%98%85%E7%BD%AE" dan="16,16,16,16" rate="2088.02,2109.92,2133.22,2141.45" sx="M,M,M,M"/><TAIKYOKU oya="0"/><INIT seed="0,0,0,5,5,102" ten="250,250,250,250" oya="0" hai0="33,117,123,132,131,119,98,0,85,78,94,38,11" hai1="91,87,62,50,113,36,133,52,68,114,22,59,14" hai2="81,45,83,104,39,49,46,92,76,63,126,47,42" hai3="108,37,118,77,10,7,30,103,107,57,135,55,90"/><T34/><D123/><U116/><E133/><V23/><F126/><W134/><G118/><T89/><D38/><U3/><E116/><V6/><F104/><W5/><G37/><T105/><D119/><U18/><E36/><V15/><F63/><W96/><G108/><T43/><D117/><U20/><E3/><V54/><F46/><W71/><G71/><T67/><D43/><U48/><E22/><V95/><F83/><W32/><G77/><T84/><D67/><U60/><E62/><V12/><F12/><W124/><G90/><T66/><D66/><U28/><E28/><V97/><F97/><W115/><G115/><N who="1" m="44042" /><E68/><V8/><REACH who="2" step="1"/><F23/><REACH who="2" ten="250,250,240,250" step="2"/><W125/><G125/><T26/><D98/><U35/><E35/><V121/><F121/><W112/><G124/><T99/><D99/><U120/><E120/><V127/><F127/><W9/><G112/><T82/><D33/><U31/><E31/><V19/><F19/><W79/><G30/><T51/><D34/><U75/><E75/><AGARI ba="0,1" hai="6,8,15,39,42,45,47,49,54,75,76,81,92,95" machi="75" ten="30,2000,0" yaku="1,1,7,1,53,0" doraHai="102" doraHaiUra="65" who="2" fromWho="1" sc="250,0,250,-20,240,30,250,0" /><INIT seed="1,0,0,4,5,79" ten="250,230,270,250" oya="1" hai0="16,48,44,1,12,33,124,39,112,89,87,125,60" hai1="36,121,71,97,104,68,32,107,102,51,27,133,73" hai2="118,129,0,93,128,67,132,131,134,34,54,47,13" hai3="15,111,119,49,38,72,9,5,55,130,65,8,30"/><U7/><E121/><V59/><F0/><W120/><G120/><T37/><D112/><U74/><E133/><N who="2" m="51307" /><F34/><W98/><G38/><T24/><D60/><U105/><E51/><N who="2" m="29055" /><F13/><W109/><G72/><N who="1" m="27754" /><E7/><V82/><F93/><W110/><G119/><T115/><D1/><U29/><E36/><V19/><F19/><W126/><G30/><T81/><D115/><U91/><E91/><V106/><F106/><AGARI ba="0,0" hai="27,29,32,68,71,97,102,104,105,106,107" m="27754" machi="106" ten="40,3900,0" yaku="33,2" doraHai="79" who="1" fromWho="2" sc="250,0,230,39,270,-39,250,0" /><INIT seed="1,1,0,1,2,103" ten="250,269,231,250" oya="1" hai0="51,22,59,97,107,134,75,15,96,76,36,43,1" hai1="115,67,70,30,66,129,127,54,101,3,58,109,16" hai2="44,106,135,2,69,110,100,8,63,128,88,48,92" hai3="74,120,113,60,117,68,53,45,38,20,71,49,124"/><U9/><E115/><V83/><F110/><W102/><G74/><T56/><D1/><U14/><E127/><V132/><F128/><W6/><G6/><T62/><D36/><U80/><E129/><V119/><F119/><W40/><G102/><T12/><D134/><N who="2" m="51242" /><F83/><W89/><G89/><T19/><D75/><U86/><E109/><V24/><F24/><W116/><G20/><T91/><D76/><U37/><E37/><V87/><F8/><W85/><G85/><T52/><D107/><U64/><E30/><V72/><F2/><W104/><G104/><T34/><D34/><U99/><E3/><V95/><F72/><W35/><G35/><T131/><D131/><U112/><E112/><V108/><F108/><W93/><G93/><N who="0" m="56383" /><D97/><U25/><E70/><N who="3" m="26666" /><G113/><T42/><D12/><U28/><E99/><N who="2" m="61727" /><F69/><W121/><G124/><T39/><D39/><U32/><E101/><V90/><F63/><W47/><G60/><T79/><D79/><U31/><E28/><V82/><F90/><W123/><AGARI ba="1,0" hai="38,40,45,47,49,53,116,117,120,121,123" m="26666" machi="123" ten="40,2700,0" yaku="34,2" doraHai="103" who="3" fromWho="3" sc="250,-8,269,-14,231,-8,250,30" /><INIT seed="2,0,0,0,3,33" ten="242,255,223,280" oya="2" hai0="16,127,41,66,106,88,99,56,69,59,80,71,20" hai1="30,85,75,39,120,124,23,34,98,65,92,78,73" hai2="108,22,28,12,82,112,96,4,129,109,100,55,116" hai3="38,132,102,133,13,26,101,95,97,1,72,32,54"/><V123/><F112/><W44/><G72/><T76/><D127/><U25/><E39/><V134/><F116/><W122/><G122/><T5/><D41/><U87/><E124/><V135/><F123/><W24/><G1/><T64/><D5/><U8/><E120/><V131/><F55/><W0/><G0/><T89/><D106/><U46/><E65/><N who="0" m="25193" /><D69/><U128/><E128/><N who="2" m="49227" /><F82/><W68/><G68/><T51/><D71/><U21/><E46/><V79/><F79/><W10/><G102/><T45/><D76/><U121/><E121/><V113/><F113/><W36/><G32/><T111/><D111/><N who="2" m="42570" /><F28/><W130/><G54/><N who="0" m="30063" /><D80/><U42/><E78/><V63/><F63/><W31/><G130/><T84/><D84/><U57/><E87/><V48/><F48/><W67/><G67/><T3/><D3/><U74/><E85/><V9/><F22/><W110/><G110/><T115/><D115/><U52/><E21/><V125/><F125/><W86/><G86/><T104/><D99/><U53/><E34/><V117/><F117/><W62/><G36/><T126/><D126/><U19/><E75/><V43/><F43/><W7/><G38/><T103/><D59/><U18/><E42/><V27/><F27/><W70/><G26/><T107/><D56/><U118/><E57/><V119/><F119/><W35/><G44/><T83/><D83/><U91/><E118/><V58/><F58/><W94/><G70/><T37/><D37/><U14/><E30/><V17/><F4/><N who="3" m="3271" /><G62/><T40/><D40/><U60/><E60/><V81/><F81/><W90/><G7/><RYUUKYOKU ba="0,0" sc="242,-30,255,10,223,10,280,10" hai1="8,14,18,19,23,25,52,53,73,74,91,92,98" hai2="9,12,17,96,100,134,135" hai3="24,31,35,90,94,95,97,101,132,133" /><INIT seed="2,1,0,2,1,119" ten="212,265,233,290" oya="2" hai0="85,133,66,14,96,55,123,132,74,4,76,12,50" hai1="30,80,22,27,116,128,92,10,0,104,88,68,69" hai2="101,130,57,122,42,100,32,112,102,73,121,89,78" hai3="29,5,34,110,1,37,52,62,107,77,84,61,38"/><V11/><F32/><W9/><G107/><T71/><D74/><U44/><E116/><V17/><F112/><W109/><G29/><T64/><D96/><U60/><E104/><V20/><F42/><W134/><G34/><T41/><D41/><U129/><E80/><N who="2" m="45135" /><F20/><W19/><G134/><N who="0" m="51819" /><D85/><U86/><E44/><V15/><F57/><N who="3" m="34983" /><G62/><N who="0" m="40343" /><D76/><U67/><REACH who="1" step="1"/><E69/><REACH who="1" ten="212,255,233,290" step="2"/><V99/><F102/><W124/><G110/><T103/><D103/><U70/><E70/><V35/><F101/><W114/><G109/><T75/><D75/><U125/><E125/><V36/><F100/><W93/><G124/><T126/><D126/><U95/><E95/><V83/><F83/><W43/><G93/><T2/><D123/><U90/><E90/><V72/><F89/><W97/><G77/><T98/><D98/><U117/><E117/><V7/><F99/><W28/><G97/><T111/><D111/><U39/><E39/><V16/><F36/><W49/><G38/><T106/><D106/><U6/><AGARI ba="1,1" hai="0,6,10,22,27,30,60,67,68,86,88,92,128,129" machi="6" ten="30,4000,0" yaku="1,1,0,1,54,1,53,0" doraHai="119" doraHaiUra="8" who="1" fromWho="1" sc="212,-11,255,53,233,-21,290,-11" /><INIT seed="3,0,0,5,4,130" ten="201,308,212,279" oya="3" hai0="39,17,69,84,83,43,48,49,18,53,66,110,71" hai1="73,26,81,58,135,62,105,60,30,8,133,68,107" hai2="109,42,126,54,114,102,16,15,23,44,37,67,46" hai3="86,45,9,56,33,92,119,6,20,28,40,104,51"/><W65/><G104/><T59/><D110/><U116/><E116/><V113/><F109/><W74/><G74/><T128/><D128/><U24/><E8/><V124/><F67/><W2/><G33/><T25/><D25/><U106/><E68/><N who="0" m="26185" /><D84/><U125/><E125/><N who="2" m="48235" /><F102/><W96/><G86/><T91/><D91/><U19/><E19/><V87/><F87/><W64/><G119/><T78/><D83/><U36/><E36/><V89/><F89/><W70/><G70/><T12/><D12/><U38/><E38/><V50/><AGARI ba="0,0" hai="15,16,23,37,42,44,46,50,54,113,114" m="48235" machi="50" ten="30,2000,0" yaku="18,1,54,1" doraHai="130" who="2" fromWho="2" sc="201,-5,308,-5,212,20,279,-10" owari="196,-30.4,303,40.3,232,-16.8,269,6.9" /></mjloggm>