<mjloggm ver="2.3"><GO type="225" lobby="0"/><UN n0="%E6%80%AA%E3%81%97%E3%81%99%E3%81%8E%E3%82%8B%E3%83%81%E3%83%BC" n1="%E6%97%A5%E6%9B%9C%E6%97%A5%E3%82%88%E3%82%8A%E3%81%AE%E4%BD%BF%E8%80%85" n2="%E9%89%A2%E5%B7%BB%E3%82%AC%E3%83%96" n3="%67%61%79%75%6E%79" dan="16,18,16,16" rate="2132.06,2189.93,2129.19,2151.42" sx="M,M,M,M"/><TAIKYOKU oya="0"/><INIT seed="0,0,0,2,0,90" ten="250,250,250,250" oya="0" hai0="26,121,117,115,5,38,105,48,57,70,124,60,69" hai1="25,88,89,108,67,76,54,85,36,50,120,79,127" hai2="35,72,33,77,92,130,128,66,28,41,61,94,9" hai3="14,51,114,4,64,126,56,109,20,75,116,0,131"/><T98/><D115/><U2/><E36/><V101/><F41/><W11/><G75/><T74/><D38/><U83/><E120/><V52/><F9/><W113/><G64/><T30/><D121/><U37/><E37/><V65/><F101/><W46/><G56/><T8/><D74/><U31/><E2/><V86/><F72/><W97/><G116/><T23/><D117/><U6/><E6/><V16/><F16/><W119/><G119/><T123/><D124/><U112/><E112/><V63/><F86/><W42/><G126/><T103/><D48/><U132/><E108/><V29/><F52/><W43/><G109/><T49/><D49/><U62/><E89/><V84/><REACH who="2" step="1"/><F84/><REACH who="2" ten="250,250,240,250" step="2"/><W7/><G43/><T58/><D123/><U111/><E127/><V102/><F102/><W95/><G42/><T71/><REACH who="0" step="1"/><D60/><REACH who="0" ten="240,250,240,250" step="2"/><U82/><E62/><V81/><F81/><W13/><G114/><T107/><D107/><U133/><E83/><V3/><F3/><AGARI ba="0,2" hai="3,5,8,23,26,30,57,58,69,70,71,98,103,105" machi="3" ten="40,2000,0" yaku="1,1,53,0" doraHai="90" doraHaiUra="78" who="0" fromWho="2" sc="240,40,250,0,240,-20,250,0" /><INIT seed="0,1,0,3,4,126" ten="280,250,220,250" oya="0" hai0="19,52,44,66,22,134,32,67,86,75,80,2,65" hai1="31,63,96,36,73,35,102,85,33,79,16,131,29" hai2="119,98,26,3,59,13,11,72,6,129,108,10,60" hai3="74,15,64,112,99,18,116,128,130,56,47,5,89"/><T21/><D32/><U97/><E73/><V123/><F123/><W106/><G116/><T92/><D75/><U87/><E36/><V27/><F72/><W101/><G112/><T88/><D2/><U117/><E63/><V46/><F108/><W107/><G5/><T20/><D134/><U95/><E117/><V14/><F3/><W39/><G74/><T104/><D104/><U25/><E79/><V132/><F132/><W84/><G106/><T50/><REACH who="0" step="1"/><D80/><REACH who="0" ten="270,250,220,250" step="2"/><U111/><E35/><V103/><F119/><W55/><G107/><T121/><D121/><U48/><E33/><V17/><F129/><W78/><G130/><T40/><D40/><U70/><E131/><V100/><F46/><W7/><G128/><T114/><D114/><U83/><E111/><V90/><F90/><W37/><G47/><T23/><D23/><N who="1" m="13543" /><E83/><V81/><F81/><W113/><G89/><T62/><D62/><U41/><E41/><V53/><REACH who="2" step="1"/><F103/><REACH who="2" ten="270,250,210,250" step="2"/><W42/><G101/><T109/><D109/><U68/><E102/><V34/><F34/><W124/><G113/><T0/><D0/><U51/><E95/><AGARI ba="1,2" hai="6,10,11,13,14,17,26,27,53,59,60,95,98,100" machi="95" ten="30,3900,0" yaku="1,1,7,1,8,1,53,0" doraHai="126" doraHaiUra="69" who="2" fromWho="1" sc="270,0,250,-42,210,62,250,0" /><INIT seed="1,0,0,0,3,55" ten="270,208,272,250" oya="1" hai0="40,131,126,58,70,71,88,95,46,11,83,56,31" hai1="134,30,103,74,106,57,75,47,108,32,59,67,33" hai2="34,122,110,54,123,41,0,87,68,76,21,111,89" hai3="24,81,13,45,129,50,39,113,102,63,133,98,1"/><U23/><E106/><V73/><F34/><W16/><G1/><T86/><D131/><U38/><E38/><V119/><F68/><W2/><G2/><T121/><D126/><U116/><E116/><V53/><F0/><W127/><G113/><T66/><D121/><U43/><E103/><V117/><F41/><W52/><G127/><T49/><D71/><U61/><E134/><V93/><F21/><W96/><G133/><T7/><D31/><U5/><E5/><V78/><F53/><W105/><G129/><T72/><D66/><U101/><E101/><V44/><F44/><W135/><G135/><T77/><D70/><U15/><E108/><N who="2" m="41515" /><F54/><W42/><G24/><T99/><D72/><U65/><E33/><V9/><F9/><W60/><G96/><T114/><D114/><U18/><E32/><V10/><F10/><W8/><REACH who="3" step="1"/><G81/><REACH who="3" ten="270,208,272,240" step="2"/><T4/><D4/><U100/><E30/><V25/><F25/><W97/><G97/><T3/><AGARI ba="0,1" hai="3,7,11,40,46,49,56,58,77,83,86,88,95,99" machi="3" ten="20,8000,1" yaku="0,1,7,1,52,2,54,1" doraHai="55" who="0" fromWho="0" sc="270,90,208,-40,272,-20,240,-20" /><INIT seed="2,0,0,3,2,71" ten="360,168,252,220" oya="2" hai0="15,78,107,5,70,28,93,131,48,66,132,126,37" hai1="84,41,85,95,98,24,58,6,51,111,113,117,105" hai2="103,65,123,25,119,121,59,125,106,1,77,134,55" hai3="127,44,54,99,47,0,115,96,112,83,60,45,104"/><V86/><F119/><W46/><G0/><T49/><D107/><U120/><E117/><V135/><F1/><W21/><G127/><T18/><D37/><U9/><E113/><N who="3" m="43594" /><G104/><T124/><D131/><U67/><E105/><V36/><F125/><N who="0" m="48234" /><D5/><U102/><E111/><V39/><F65/><W14/><G83/><T62/><D78/><U26/><E120/><V38/><F86/><W130/><G130/><T80/><D80/><U74/><E74/><V92/><F92/><W30/><G60/><T2/><D2/><U133/><E133/><N who="2" m="50699" /><F25/><N who="3" m="16687" /><G14/><T90/><D132/><U53/><E67/><V122/><F77/><W110/><G110/><T61/><D28/><U128/><E128/><V43/><F106/><W31/><G31/><T17/><D61/><U11/><E26/><V64/><F103/><W10/><G10/><N who="0" m="6391" /><D18/><U72/><E24/><V109/><F109/><W4/><G4/><T40/><D40/><U29/><E29/><V87/><F43/><W42/><G54/><T3/><D3/><U91/><E41/><V19/><F19/><W108/><G108/><T63/><D62/><U79/><E6/><V22/><F64/><W32/><G32/><T82/><D82/><N who="1" m="47199" /><E72/><V101/><F122/><W35/><G35/><T69/><D69/><U8/><E102/><V12/><F123/><W16/><G16/><T7/><D7/><U129/><E129/><V88/><F121/><W81/><G81/><T27/><D27/><U68/><E68/><V97/><F12/><W118/><G118/><T89/><D93/><U116/><E116/><V100/><F22/><W57/><G57/><RYUUKYOKU ba="0,0" sc="360,10,168,10,252,-30,220,10" hai0="48,49,63,66,70,89,90" hai1="8,9,11,51,53,58,85,91,95,98" hai3="42,44,45,46,47,96,99" /><INIT seed="3,1,0,5,2,40" ten="370,178,222,230" oya="3" hai0="62,120,67,5,131,16,104,99,80,34,45,72,134" hai1="69,133,121,83,79,3,31,25,109,21,20,37,117" hai2="27,30,28,56,112,90,97,2,76,49,7,118,9" hai3="128,110,96,18,64,41,46,51,122,29,38,132,42"/><W66/><G122/><T126/><D120/><U12/><E121/><V82/><F112/><W116/><G116/><T70/><D34/><U81/><E117/><V95/><F118/><W58/><G128/><T77/><D5/><U22/><E69/><V63/><F49/><W107/><G132/><T74/><D126/><U115/><E115/><V105/><F27/><W15/><G110/><T94/><D104/><U127/><E133/><V17/><F17/><W93/><G29/><T35/><D35/><U24/><E127/><V111/><F105/><W13/><G107/><T8/><D45/><U6/><E109/><V57/><F57/><W36/><G15/><T59/><D70/><U19/><E37/><V103/><F103/><W106/><G106/><T119/><D131/><U39/><E39/><V4/><F4/><W125/><G125/><T53/><D67/><U92/><E92/><V85/><F111/><W123/><G123/><T108/><D108/><U32/><E79/><V44/><F44/><W75/><G75/><T43/><D43/><U129/><E129/><V14/><F2/><W86/><G86/><N who="0" m="48399" /><D134/><U48/><E48/><V65/><AGARI ba="1,0" hai="7,9,14,28,30,56,63,65,76,82,85,90,95,97" machi="65" ten="20,2700,0" yaku="0,1,7,1,8,1" doraHai="40" who="2" fromWho="2" sc="370,-8,178,-8,222,30,230,-14" owari="362,46.2,170,-33.0,252,5.2,216,-18.4" /></mjloggm>