<mjloggm ver="2.3"><GO type="225" lobby="0"/><UN n0="%E6%97%A5%E6%9B%9C%E6%97%A5%E3%82%88%E3%82%8A%E3%81%AE%E4%BD%BF%E8%80%85" n1="%E3%81%95%E3%81%8D%E3%81%9F%E3%81%BE%E6%9E%97%E6%AA%8E" n2="%33%74%72%65%65" n3="%E3%81%A1%E3%82%85%E3%81%86%E3%81%A9%E3%81%8F%E8%B1%A1%E3%81%95%E3%82%93" dan="17,16,17,17" rate="2157.44,2163.42,2211.44,2195.47" sx="M,M,F,M"/><TAIKYOKU oya="0"/><INIT seed="0,0,0,3,4,65" ten="250,250,250,250" oya="0" hai0="117,28,98,22,70,62,24,123,13,33,2,131,133" hai1="81,68,53,93,5,54,38,132,8,60,57,6,34" hai2="37,89,116,120,73,95,76,27,40,25,108,107,124" hai3="110,114,16,78,12,86,55,135,15,14,7,122,126"/><T58/><D117/><U100/><E132/><V74/><F120/><W109/><G114/><T67/><D123/><U26/><E38/><V20/><F116/><W127/><G122/><T59/><D133/><U21/><E34/><V17/><F107/><W64/><G135/><T35/><D131/><U50/><E81/><V52/><F108/><N who="3" m="41579" /><G64/><T111/><D111/><U30/><E8/><V99/><F124/><N who="3" m="47659" /><G55/><T4/><D98/><N who="1" m="59471" /><E68/><V106/><F106/><W77/><G7/><T47/><D47/><AGARI ba="0,0" hai="5,6,21,26,30,47,50,53,54,57,60" m="59471" machi="47" ten="30,1000,0" yaku="8,1" doraHai="65" who="1" fromWho="0" sc="250,-10,250,10,250,0,250,0" /><INIT seed="1,0,0,4,5,52" ten="240,260,250,250" oya="1" hai0="102,0,87,108,58,36,59,104,127,19,72,21,120" hai1="135,125,132,28,8,33,16,79,77,69,22,34,103" hai2="51,26,84,46,50,96,66,122,117,14,18,45,93" hai3="11,112,81,54,78,126,43,35,20,109,15,25,4"/><U47/><E69/><V130/><F117/><W30/><G112/><T100/><D36/><U17/><E103/><N who="0" m="39465" /><D72/><U128/><E128/><V57/><F130/><W98/><G109/><T91/><D104/><U121/><E121/><V95/><F122/><W67/><G126/><T3/><D3/><U97/><E125/><V68/><F68/><W49/><G67/><T61/><D0/><U113/><E113/><V29/><F84/><W31/><G98/><T10/><D127/><U65/><E65/><V55/><F66/><W85/><G43/><T42/><D42/><U73/><E8/><V111/><F111/><W62/><G62/><T41/><D41/><U83/><E47/><V37/><F37/><W7/><G7/><T123/><D108/><U64/><E64/><V56/><F26/><W99/><G99/><T101/><N who="0" m="39473" /><T133/><DORA hai="71" /><D133/><N who="1" m="51275" /><E79/><V107/><F107/><W89/><G35/><N who="1" m="13322" /><E97/><V86/><F96/><W90/><REACH who="3" step="1"/><G30/><REACH who="3" ten="240,260,250,240" step="2"/><T119/><D123/><U129/><E129/><V2/><F29/><W12/><G12/><N who="0" m="7575" /><D120/><U88/><E28/><V44/><F2/><W39/><G39/><T94/><D119/><U82/><E17/><V74/><F18/><W76/><G76/><T80/><D61/><U48/><E16/><V24/><F14/><W124/><G124/><T53/><D53/><U115/><E77/><V13/><F55/><W105/><G105/><T23/><D94/><U110/><E110/><V63/><F95/><W5/><G5/><T1/><D1/><U116/><E115/><V9/><F93/><W70/><G70/><T92/><D92/><RYUUKYOKU ba="0,1" sc="240,15,260,-15,250,-15,240,15" hai0="21,23,58,59,80,87,91" hai3="4,11,15,20,25,31,49,54,78,81,85,89,90" /><INIT seed="2,1,1,1,3,125" ten="255,245,235,255" oya="2" hai0="134,0,4,1,99,38,113,116,52,47,82,71,43" hai1="16,62,59,70,61,33,73,41,90,85,11,13,123" hai2="86,45,2,101,30,133,89,9,103,34,68,19,117" hai3="12,8,58,94,56,64,42,48,79,80,75,24,40"/><V77/><F117/><W15/><G24/><T119/><D113/><U102/><E73/><V67/><F77/><W114/><G114/><T74/><D71/><U76/><E33/><V66/><F133/><W32/><G32/><T31/><D134/><U60/><E76/><V115/><F115/><W55/><G12/><T93/><D31/><U127/><E127/><V17/><F45/><W5/><REACH who="3" step="1"/><G94/><REACH who="3" ten="255,245,235,245" step="2"/><T57/><D1/><U88/><E123/><V128/><F34/><W87/><G87/><T65/><D0/><U69/><E85/><V108/><F86/><W105/><G105/><T97/><D93/><U92/><E92/><V84/><F84/><W100/><G100/><T26/><D26/><U130/><E102/><V118/><F2/><W135/><G135/><T51/><D119/><U20/><E13/><V126/><F118/><W112/><G112/><T96/><D116/><U49/><E90/><V29/><F89/><W132/><G132/><T129/><D74/><U6/><E88/><V23/><F126/><W25/><G25/><T122/><D122/><U22/><E6/><V28/><F103/><W106/><G106/><T95/><D4/><U83/><E16/><V35/><F101/><W107/><G107/><T104/><D104/><U98/><E98/><V44/><F35/><W131/><G131/><T72/><D129/><U54/><E130/><V10/><F128/><W124/><G124/><T27/><D27/><U109/><E83/><V50/><F19/><W63/><AGARI ba="1,2" hai="5,8,15,40,42,48,55,56,58,63,64,75,79,80" machi="63" ten="30,2000,0" yaku="1,1,0,1,53,0" doraHai="125" doraHaiUra="120" who="3" fromWho="3" sc="255,-6,245,-6,235,-11,245,43" /><INIT seed="3,0,0,1,2,35" ten="249,239,224,288" oya="3" hai0="130,27,63,13,15,6,129,25,76,111,118,18,30" hai1="50,12,80,132,122,105,0,106,52,17,38,88,7" hai2="64,37,28,56,2,110,125,121,32,5,11,96,53" hai3="124,26,87,74,94,61,42,70,8,45,67,115,3"/><W44/><G115/><T127/><D76/><U47/><E122/><V51/><F121/><W81/><G124/><T114/><D63/><U66/><E66/><V99/><F125/><W103/><G74/><T89/><D89/><U133/><E38/><V117/><F117/><W91/><G26/><T97/><D97/><U134/><E7/><V104/><F110/><W83/><G103/><T112/><D127/><U73/><E73/><V60/><F37/><W131/><G131/><N who="0" m="50187" /><D111/><U86/><E0/><V100/><F99/><W109/><G109/><T78/><D78/><U31/><E31/><V33/><REACH who="2" step="1"/><F28/><REACH who="2" ten="249,239,214,288" step="2"/><W14/><G44/><AGARI ba="0,1" hai="2,5,11,32,33,44,51,53,56,60,64,96,100,104" machi="44" ten="30,7700,0" yaku="1,1,2,1,7,1,52,1,53,0" doraHai="35" doraHaiUra="120" who="2" fromWho="3" sc="249,0,239,0,214,87,288,-77" owari="249,4.9,239,-16.1,301,40.1,211,-28.9" /></mjloggm>