<mjloggm ver="2.3"><GO type="225" lobby="0"/><UN n0="%E3%82%B2%E3%82%B9%E8%8C%82%E5%8B%9D" n1="%E6%B8%A9%E2%98%85%E6%83%85%E2%98%85%E6%8E%AA%E2%98%85%E7%BD%AE" n2="%48%61%61%61%6C%61%6E%64" n3="%E5%B0%8F%E9%B3%A5%E9%81%8A%E7%B7%B4%E7%84%A1%32%31%E6%AD%B3" dan="16,17,18,16" rate="2105.05,2232.84,2290.61,2150.67" sx="F,M,M,F"/><TAIKYOKU oya="0"/><INIT seed="0,0,0,2,3,36" ten="250,250,250,250" oya="0" hai0="65,26,135,124,76,126,0,86,89,43,14,95,21" hai1="122,59,93,18,72,23,69,41,78,58,97,108,119" hai2="83,45,32,66,6,127,44,63,51,71,102,92,35" hai3="68,10,60,25,116,31,1,28,110,61,134,104,77"/><T48/><D0/><U19/><E119/><V82/><F127/><N who="0" m="48682" /><D135/><U118/><E118/><V99/><F6/><W129/><G104/><T73/><D65/><U88/><E122/><V114/><F44/><W106/><G77/><T17/><D76/><U40/><E69/><V24/><F114/><W103/><G106/><T67/><D67/><U11/><E108/><V50/><F50/><W87/><G68/><T125/><N who="0" m="48690" /><T38/><DORA hai="34" /><D73/><U117/><E117/><V85/><F24/><W8/><G110/><T91/><D91/><U81/><E11/><V74/><F74/><W30/><G10/><T20/><D38/><U101/><E101/><V121/><F121/><W75/><G103/><T56/><D56/><U7/><E7/><V90/><REACH who="2" step="1"/><F83/><REACH who="2" ten="250,250,240,250" step="2"/><W2/><G75/><T4/><D4/><U57/><REACH who="1" step="1"/><E18/><REACH who="1" ten="250,240,240,250" step="2"/><V123/><F123/><W15/><G116/><T98/><D17/><U33/><E33/><V105/><F105/><W113/><G113/><T12/><D21/><U16/><E16/><V96/><F96/><W70/><G31/><N who="0" m="17863" /><D98/><U112/><E112/><V9/><F9/><W79/><G8/><T27/><D27/><AGARI ba="0,2" hai="19,23,27,40,41,57,58,59,72,78,81,88,93,97" machi="27" ten="40,8000,1" yaku="1,1,52,2,54,1,53,0" doraHai="36,34" doraHaiUra="64,42" who="1" fromWho="0" sc="250,-80,240,100,240,0,250,0" /><INIT seed="1,0,0,0,2,76" ten="170,340,240,250" oya="1" hai0="59,129,106,16,98,4,6,72,113,32,78,115,58" hai1="62,8,38,53,66,91,9,134,122,14,94,131,5" hai2="20,46,107,55,11,133,45,110,70,127,80,119,56" hai3="124,103,31,0,117,102,88,95,77,52,24,100,93"/><U41/><E122/><V33/><F33/><W108/><G0/><T86/><D32/><U101/><E134/><V132/><F119/><W73/><G117/><T3/><D129/><U96/><E131/><V2/><F70/><W128/><G128/><T74/><D86/><U118/><E118/><V79/><F107/><W12/><G12/><T104/><D98/><U49/><E38/><V116/><F116/><W10/><G10/><T111/><D78/><U125/><E125/><V85/><F127/><W89/><G124/><T47/><D47/><U27/><E27/><V87/><F110/><W22/><G52/><T21/><D21/><U36/><E36/><V42/><F20/><W97/><G108/><T18/><REACH who="0" step="1"/><D3/><REACH who="0" ten="160,340,240,250" step="2"/><U50/><E96/><V61/><F87/><N who="3" m="52383" /><G73/><T65/><D65/><U51/><E66/><V126/><F126/><W71/><G71/><T19/><D19/><U105/><E105/><V28/><F28/><W40/><G77/><T99/><D99/><U60/><E91/><V67/><F67/><W7/><G89/><T30/><D30/><U120/><E120/><V35/><F35/><W39/><G31/><T34/><D34/><U109/><E109/><AGARI ba="0,1" hai="4,6,16,18,58,59,72,74,104,106,109,111,113,115" machi="109" ten="25,6400,0" yaku="1,1,22,2,54,1,53,0" doraHai="76" doraHaiUra="84" who="0" fromWho="1" sc="160,74,340,-64,240,0,250,0" /><INIT seed="2,0,0,3,2,101" ten="234,276,240,250" oya="2" hai0="27,61,0,68,63,73,50,26,17,113,40,21,3" hai1="5,55,89,83,51,28,32,33,47,132,58,90,79" hai2="135,85,39,123,4,102,96,130,52,112,110,13,30" hai3="20,48,46,34,77,19,99,23,7,106,1,12,97"/><V42/><F112/><W45/><G34/><T104/><D113/><U8/><E132/><V65/><F123/><W131/><G131/><T94/><D104/><U57/><E33/><V119/><F119/><W2/><G77/><T56/><D73/><U9/><E28/><V95/><F135/><W59/><G7/><T129/><D129/><U124/><E32/><V105/><F130/><W108/><G108/><T120/><D120/><U53/><E124/><V93/><F110/><W6/><G6/><T31/><D94/><U133/><E133/><V109/><F109/><W44/><G23/><T107/><D107/><U69/><E69/><V75/><F75/><W67/><G97/><T122/><D122/><U84/><E47/><V35/><F65/><W15/><G15/><T116/><D116/><U11/><REACH who="1" step="1"/><E5/><REACH who="1" ten="234,266,240,250" step="2"/><V66/><F30/><W114/><G114/><T100/><D68/><U80/><E80/><V81/><F35/><W92/><G45/><T82/><D82/><U29/><E29/><V115/><F115/><W117/><G44/><T38/><D31/><U118/><E118/><V64/><F4/><W86/><G46/><T36/><D17/><U121/><E121/><V87/><F81/><W62/><G19/><T60/><D36/><U71/><E71/><V24/><F39/><W49/><G117/><T125/><D38/><U18/><E18/><V126/><F126/><W10/><G1/><T70/><D125/><U41/><E41/><V128/><F42/><W78/><G2/><T98/><D70/><U22/><E22/><V37/><F37/><W54/><G20/><RYUUKYOKU ba="0,1" sc="234,-10,266,30,240,-10,250,-10" hai1="8,9,11,51,53,55,57,58,79,83,84,89,90" /><INIT seed="3,1,1,1,4,16" ten="224,296,230,240" oya="3" hai0="49,40,44,1,37,131,74,123,0,125,135,25,80" hai1="5,94,3,12,10,22,32,126,46,68,132,24,64" hai2="60,110,101,28,8,19,89,107,56,66,50,43,77" hai3="33,71,98,93,34,76,90,54,88,53,9,20,11"/><W14/><G71/><T103/><D123/><U133/><E126/><V83/><F110/><W73/><G73/><T79/><D125/><U55/><E94/><V15/><F107/><W41/><G76/><T116/><D131/><U122/><E122/><V17/><F101/><N who="3" m="60623" /><G41/><T21/><D135/><N who="1" m="51787" /><E64/><V82/><F28/><W100/><G100/><T13/><D116/><U104/><E68/><V120/><F120/><W96/><G33/><T112/><D112/><U102/><E102/><V115/><F115/><W119/><G34/><T67/><D103/><U106/><E3/><V113/><F113/><W78/><G78/><T121/><D121/><U109/><E32/><V95/><F77/><W86/><G96/><T52/><D67/><U4/><E4/><V29/><F29/><W58/><G119/><T111/><D111/><U127/><E109/><V97/><F19/><N who="3" m="10359" /><G90/><T48/><D1/><U27/><E127/><V81/><F43/><W30/><G30/><N who="0" m="17711" /><D0/><U69/><E69/><V42/><F42/><W35/><G35/><T85/><D37/><U65/><E106/><V70/><F70/><W118/><G118/><T57/><D74/><U18/><E104/><V2/><F2/><W105/><G105/><T72/><D72/><U114/><E114/><V47/><F97/><W75/><G75/><T51/><D40/><U23/><E65/><V45/><F66/><W87/><G53/><T108/><D108/><U130/><E55/><V39/><F39/><W92/><G86/><T134/><D134/><U63/><E130/><V91/><F91/><W26/><G26/><T84/><D52/><RYUUKYOKU ba="1,1" sc="224,-10,296,-10,230,-10,240,30" hai3="9,11,54,58,87,88,92" /><INIT seed="3,2,1,1,2,95" ten="214,286,220,270" oya="3" hai0="76,93,23,119,111,70,127,32,116,135,42,117,21" hai1="49,10,124,71,104,67,102,62,7,13,59,4,5" hai2="29,125,37,80,128,112,35,114,26,25,12,81,18" hai3="17,63,73,132,43,39,22,68,19,94,96,48,120"/><W40/><G73/><T54/><D32/><U2/><E124/><V133/><F37/><W27/><G39/><T123/><D123/><U86/><E2/><V108/><F125/><W72/><G72/><T52/><D127/><U88/><E102/><V56/><F108/><W15/><G132/><T85/><D111/><U87/><E104/><V28/><F133/><W90/><G120/><T82/><D135/><U61/><E49/><V100/><F128/><W126/><G126/><T99/><D70/><U11/><E88/><V105/><F100/><W92/><G48/><T50/><D42/><U121/><E121/><V131/><F105/><W41/><G94/><T60/><D60/><U115/><E115/><V83/><F131/><W106/><G106/><T47/><REACH who="0" step="1"/><D54/><REACH who="0" ten="204,286,220,270" step="2"/><U36/><E62/><V78/><F112/><W110/><G110/><T14/><D14/><U8/><E71/><V24/><F114/><W38/><G38/><T53/><D53/><U44/><E36/><V51/><F35/><W98/><G63/><T34/><D34/><U91/><E13/><V64/><F12/><W113/><G68/><T69/><D69/><U66/><E66/><V1/><F1/><W30/><G113/><T3/><D3/><U77/><E67/><V101/><F64/><W6/><G41/><T9/><D9/><U58/><E61/><V65/><F65/><W109/><G109/><T16/><D16/><U118/><E10/><V97/><F18/><W46/><G19/><T130/><D130/><U84/><E11/><V55/><F78/><W89/><G17/><T79/><D79/><RYUUKYOKU ba="2,2" sc="204,15,286,-15,220,15,270,-15" hai0="21,23,47,50,52,76,82,85,93,99,116,117,119" hai2="24,25,26,28,29,51,55,56,80,81,83,97,101" /><INIT seed="4,3,2,3,0,126" ten="219,271,235,255" oya="0" hai0="103,91,7,71,56,98,66,75,47,85,96,101,113" hai1="70,99,23,45,46,112,92,131,110,11,26,41,40" hai2="65,106,4,38,35,32,50,28,18,25,84,57,130" hai3="94,1,14,69,123,89,82,68,87,107,59,115,129"/><T114/><D75/><U134/><E110/><V3/><F38/><W15/><G1/><T120/><D71/><U119/><E70/><V121/><F121/><W17/><G107/><T58/><D120/><U76/><E119/><V116/><F106/><W22/><G115/><N who="0" m="44043" /><D7/><U2/><E112/><V42/><F116/><W0/><G0/><T43/><D96/><U124/><E76/><V12/><F32/><W34/><G34/><T78/><D78/><U81/><E81/><V125/><F125/><W90/><G123/><T105/><D66/><U52/><E124/><V6/><F3/><W117/><G117/><T77/><D103/><U135/><E11/><V61/><F84/><W64/><G68/><T30/><D30/><N who="1" m="17759" /><E2/><V74/><F74/><W8/><G69/><T118/><D77/><U55/><E131/><V108/><F130/><W60/><G129/><T100/><D100/><N who="1" m="60519" /><E41/><V13/><F108/><W53/><G64/><T44/><D118/><U37/><E45/><N who="0" m="17481" /><D43/><U5/><E5/><V104/><F42/><W133/><G90/><T62/><D62/><U20/><E55/><N who="2" m="31991" /><F104/><W93/><REACH who="3" step="1"/><G133/><REACH who="3" ten="219,271,235,245" step="2"/><T24/><D24/><U80/><E135/><V111/><F111/><W88/><G88/><T122/><D122/><U127/><E134/><V10/><F13/><W86/><G86/><T95/><AGARI ba="3,3" hai="56,58,85,91,95,98,101,105" m="17481,44043" machi="95" ten="30,1500,0" yaku="15,1" doraHai="126" who="0" fromWho="0" sc="219,54,271,-8,235,-8,245,-8" /><INIT seed="4,4,0,1,3,88" ten="273,263,227,237" oya="0" hai0="51,83,34,101,1,50,24,97,75,5,13,81,33" hai1="68,92,116,63,26,113,52,131,56,85,99,87,114" hai2="39,105,125,104,109,64,43,80,91,18,55,111,70" hai3="4,62,47,106,130,112,135,28,78,67,107,12,7"/><T61/><D1/><U84/><E116/><V117/><F117/><W35/><G78/><T110/><D110/><U22/><E68/><V77/><F125/><W19/><G130/><T124/><D124/><U15/><E15/><V128/><F128/><W69/><G112/><N who="1" m="43114" /><E131/><V126/><F126/><W25/><G135/><T60/><D13/><U46/><E46/><N who="2" m="23935" /><F91/><W30/><G30/><T100/><D24/><U95/><E99/><V54/><F18/><AGARI ba="4,0" hai="18,22,26,52,56,63,84,85,87,92,95" m="43114" machi="18" ten="30,8000,1" yaku="15,1,11,1,52,2,54,1" doraHai="88" who="1" fromWho="2" sc="273,0,263,92,227,-92,237,0" owari="273,7.3,355,45.5,135,-36.5,237,-16.3" /></mjloggm>