<mjloggm ver="2.3"><GO type="225" lobby="0"/><UN n0="%E3%83%A9%E3%83%BC%E3%83%A1%E3%83%B3%E4%BA%94%E9%83%8E" n1="%E4%B8%AD%E5%B9%B4%E3%81%AE%E5%8D%B1%E6%A9%9F" n2="%72%69%6F%75%63%68%61%6E" n3="%E8%81%B7%E6%A5%AD%E3%80%81%E9%A2%A8%32" dan="16,16,17,16" rate="2094.28,2162.04,2226.35,2144.36" sx="M,M,M,M"/><TAIKYOKU oya="0"/><INIT seed="0,0,0,3,4,83" ten="250,250,250,250" oya="0" hai0="76,79,128,48,17,130,64,47,93,1,84,97,112" hai1="6,105,28,5,23,90,49,119,3,114,38,77,121" hai2="36,67,78,37,96,73,107,88,19,32,91,70,0" hai3="45,69,42,82,92,33,75,11,2,100,26,132,25"/><T21/><D1/><U80/><E38/><V60/><F0/><W110/><G110/><T127/><D64/><U131/><E121/><V106/><F32/><W101/><G69/><T98/><D127/><U135/><E119/><V116/><F116/><W27/><G33/><T81/><D76/><U51/><E105/><V122/><F122/><W120/><G92/><T18/><D112/><U68/><E68/><V63/><F19/><W108/><G108/><T12/><D17/><U52/><E114/><V39/><F60/><W40/><G40/><T94/><D94/><U126/><E126/><V95/><REACH who="2" step="1"/><F91/><REACH who="2" ten="250,250,240,250" step="2"/><W118/><G118/><T15/><D130/><U54/><E3/><V133/><F133/><W50/><G132/><T124/><D128/><U61/><E61/><V109/><F109/><W29/><G29/><T14/><D124/><U20/><E135/><V7/><F7/><N who="1" m="2569" /><E90/><V10/><F10/><W35/><G35/><T115/><D115/><U113/><E113/><V123/><F123/><W87/><G120/><T8/><D8/><U65/><E131/><V85/><F85/><W34/><G11/><T43/><REACH who="0" step="1"/><D97/><REACH who="0" ten="240,250,240,250" step="2"/><U99/><E99/><V71/><F71/><W72/><G2/><T134/><D134/><U44/><E28/><V66/><F66/><W111/><G111/><T117/><D117/><U74/><E65/><V125/><F125/><W13/><G34/><T55/><D55/><U89/><E89/><AGARI ba="0,2" hai="12,14,15,18,21,43,47,48,79,81,84,89,93,98" machi="89" ten="30,11600,0" yaku="1,1,7,1,8,1,52,1,53,0" doraHai="83" doraHaiUra="22" who="0" fromWho="1" sc="240,136,250,-116,240,0,250,0" /><INIT seed="0,1,0,2,4,71" ten="376,134,240,250" oya="0" hai0="99,121,9,135,66,130,126,23,51,133,129,109,52" hai1="7,5,105,116,118,34,22,48,65,98,47,63,55" hai2="94,103,102,73,61,128,125,113,69,74,29,68,70" hai3="14,38,64,124,110,92,117,77,84,28,53,127,114"/><T49/><D121/><U4/><E34/><V91/><F113/><W85/><G110/><T2/><D109/><U30/><E30/><V12/><F125/><W95/><G117/><T11/><D126/><U60/><E22/><V122/><F122/><W20/><G64/><T43/><D66/><U10/><E10/><N who="0" m="3593" /><D99/><U1/><E1/><V0/><F0/><W111/><G111/><T32/><D32/><U16/><E16/><V67/><F128/><N who="0" m="49258" /><D2/><U88/><E105/><V81/><F12/><W97/><G14/><T82/><D82/><U46/><E46/><V50/><F29/><W131/><G28/><T108/><D108/><U15/><E15/><V42/><F81/><W8/><G127/><T134/><D43/><U123/><E123/><V6/><F6/><W40/><G40/><T37/><D37/><U56/><REACH who="1" step="1"/><E63/><REACH who="1" ten="376,124,240,250" step="2"/><V31/><F31/><W44/><G131/><T101/><D23/><U57/><E57/><V79/><F68/><W36/><G20/><T26/><D26/><U24/><E24/><V21/><F69/><W89/><G8/><T59/><D134/><U25/><E25/><V13/><F13/><W96/><G124/><T80/><D135/><U106/><E106/><V18/><F18/><W54/><G44/><T41/><D133/><U19/><E19/><V72/><F21/><W83/><G114/><T58/><D58/><U17/><E17/><V76/><F70/><W33/><G33/><T104/><D104/><U112/><E112/><V115/><F115/><W27/><G27/><T35/><D35/><U62/><E62/><V90/><F61/><RYUUKYOKU ba="1,1" sc="376,-10,124,30,240,-10,250,-10" hai1="4,5,7,47,48,55,56,60,65,88,98,116,118" /><INIT seed="1,2,1,4,2,65" ten="366,154,230,240" oya="1" hai0="14,97,125,85,16,42,74,68,89,56,92,20,114" hai1="36,121,44,5,52,37,103,126,129,11,32,123,113" hai2="48,7,122,82,105,116,25,43,49,53,64,39,130" hai3="38,10,66,1,112,26,57,3,63,77,15,111,54"/><U47/><E103/><V106/><F116/><W58/><G111/><T22/><D68/><U91/><E32/><V87/><F122/><N who="1" m="46601" /><E91/><V100/><F130/><W86/><G38/><N who="1" m="14954" /><E11/><V117/><F117/><W104/><G104/><T94/><D74/><U79/><E79/><V35/><F64/><W73/><G73/><T75/><D75/><U107/><E5/><V132/><F132/><W12/><G15/><T84/><D22/><U76/><E76/><V62/><F7/><W6/><G26/><T135/><D135/><U88/><E88/><V4/><F4/><W55/><G66/><T96/><D114/><U78/><E78/><V127/><F100/><W8/><G112/><T2/><D2/><U80/><E80/><V45/><F127/><W81/><G10/><T124/><D124/><U98/><E126/><V133/><F133/><W33/><G33/><T90/><D125/><U17/><E113/><V102/><F102/><W118/><G118/><T128/><D96/><U61/><E98/><V59/><F106/><W83/><G81/><T131/><D97/><U69/><E107/><V24/><F105/><W50/><AGARI ba="2,1" hai="1,3,6,8,12,50,54,55,57,58,63,77,83,86" machi="50" ten="20,1500,0" yaku="0,1,7,1" doraHai="65" who="3" fromWho="3" sc="366,-6,154,-9,230,-6,240,31" /><INIT seed="2,0,0,2,5,130" ten="360,145,224,271" oya="2" hai0="119,30,115,59,125,63,134,23,20,107,96,111,29" hai1="84,129,73,131,21,110,112,117,83,58,102,62,85" hai2="51,46,12,44,100,108,90,43,36,0,26,124,132" hai3="67,65,19,35,18,24,41,88,104,4,94,31,77"/><V92/><F132/><W15/><G104/><T68/><D68/><U34/><E34/><V98/><F124/><W103/><G103/><T69/><D69/><U93/><E117/><V50/><F0/><W10/><G77/><T118/><D115/><U53/><E112/><V109/><F26/><W61/><G41/><T52/><D111/><N who="2" m="42570" /><F12/><W2/><G61/><T70/><D70/><U127/><E127/><V105/><F44/><W99/><G19/><T121/><D121/><U37/><E37/><V87/><AGARI ba="0,0" hai="36,43,46,50,51,87,90,92,98,100,105" m="42570" machi="87" ten="30,3000,0" yaku="14,1,10,1" doraHai="130" who="2" fromWho="2" sc="360,-10,145,-10,224,30,271,-10" /><INIT seed="2,1,0,4,1,69" ten="350,135,254,261" oya="2" hai0="83,8,78,39,125,9,132,101,130,74,91,115,3" hai1="28,59,12,63,102,32,84,112,51,80,54,87,95" hai2="106,73,134,129,5,117,23,41,119,17,76,128,104" hai3="121,52,89,77,67,11,97,120,55,53,108,71,16"/><V35/><F35/><W107/><G108/><T42/><D115/><U57/><E112/><V27/><F134/><W60/><G77/><T72/><D132/><U48/><E32/><V103/><F5/><W110/><G110/><T116/><D74/><U92/><E28/><V64/><F64/><W135/><G135/><T114/><D114/><U90/><E12/><V111/><F111/><W40/><G40/><T45/><D130/><N who="2" m="50282" /><F41/><W30/><G30/><T133/><D133/><U86/><E102/><V62/><F62/><W58/><G71/><T118/><D125/><U47/><E80/><N who="2" m="45071" /><F103/><W56/><G121/><T127/><D127/><U113/><E113/><V29/><F17/><W38/><G16/><T44/><D101/><U34/><E34/><V2/><F2/><W43/><G60/><T10/><D3/><U20/><E20/><V49/><F49/><W75/><G43/><T99/><REACH who="0" step="1"/><D45/><REACH who="0" ten="340,135,254,261" step="2"/><U105/><E105/><AGARI ba="1,1" hai="23,27,29,104,105,106,117,119" m="45071,50282" machi="105" ten="30,1500,0" yaku="19,1" doraHai="69" who="2" fromWho="1" sc="340,0,135,-18,254,28,261,0" /><INIT seed="2,2,0,0,3,87" ten="340,117,282,261" oya="2" hai0="123,65,12,124,122,71,107,24,135,73,34,131,49" hai1="44,33,10,86,42,22,38,81,97,106,54,72,114" hai2="8,26,30,82,103,132,5,99,59,77,48,40,45" hai3="70,92,134,1,43,32,98,15,31,108,2,109,128"/><V129/><F129/><W21/><G70/><T13/><D73/><U115/><E22/><V75/><F132/><W20/><G43/><T3/><D3/><N who="3" m="1033" /><G128/><T120/><D107/><U119/><E119/><V91/><F59/><W85/><G85/><T121/><D131/><U127/><E33/><V28/><F26/><N who="3" m="18551" /><G134/><T90/><D135/><U83/><E10/><V57/><F57/><W66/><G66/><T116/><D120/><U78/><E54/><V29/><F91/><N who="3" m="55583" /><G15/><T64/><D24/><U7/><E7/><V35/><F35/><W37/><G37/><T117/><D34/><U63/><E63/><V52/><F5/><W133/><G133/><T0/><D0/><U55/><E55/><V96/><F8/><W56/><G56/><T11/><D49/><U80/><E80/><V23/><F23/><W95/><G95/><T25/><D25/><U100/><REACH who="1" step="1"/><E127/><REACH who="1" ten="340,107,282,261" step="2"/><V9/><F9/><W58/><G20/><T62/><D124/><U79/><AGARI ba="2,1" hai="38,42,44,72,78,79,81,83,86,97,100,106,114,115" machi="79" ten="20,8000,1" yaku="1,1,2,1,0,1,7,1,53,1" doraHai="87" doraHaiUra="101" who="1" fromWho="1" sc="340,-22,107,96,282,-42,261,-22" /><INIT seed="3,0,0,2,2,132" ten="318,203,240,239" oya="3" hai0="81,121,65,12,122,72,86,67,117,32,90,107,44" hai1="103,25,39,111,61,26,115,58,118,82,77,48,109" hai2="124,24,113,88,129,91,64,114,30,100,8,120,34" hai3="31,98,131,43,93,11,74,56,78,63,41,123,128"/><W99/><G123/><T29/><D117/><U57/><E39/><V19/><F124/><W106/><G31/><T89/><D72/><U110/><E118/><V47/><F120/><W59/><G11/><T80/><D107/><U22/><E115/><V108/><F108/><W18/><G18/><T21/><D32/><U28/><E103/><V60/><F129/><N who="3" m="49739" /><G106/><T5/><D121/><U96/><E96/><N who="3" m="36906" /><G93/><T94/><D122/><U125/><E26/><V53/><F100/><W14/><G14/><T55/><D80/><U119/><E119/><V127/><F127/><W0/><G0/><T42/><D55/><U102/><E102/><V69/><F114/><W104/><G104/><T46/><D5/><U62/><E125/><V84/><F113/><W54/><G59/><T4/><D4/><U7/><E7/><V66/><F66/><N who="0" m="25098" /><D42/><U70/><E70/><V135/><F135/><W38/><G38/><T20/><D12/><U71/><E71/><V75/><F75/><W112/><G112/><T3/><D3/><U10/><E10/><V40/><F40/><W33/><G33/><T95/><D95/><U9/><E9/><V130/><F130/><W45/><G45/><N who="0" m="17515" /><D29/><U2/><E2/><V17/><F8/><W6/><G6/><T85/><AGARI ba="0,0" hai="20,21,81,85,86,89,90,94" m="17515,25098" machi="85" ten="30,1100,0" yaku="8,1" doraHai="132" who="0" fromWho="0" sc="318,11,203,-3,240,-3,239,-5" owari="329,42.9,200,-30.0,237,3.7,234,-16.6" /></mjloggm>