<mjloggm ver="2.3"><GO type="225" lobby="0"/><UN n0="%E5%A4%9C%E5%85%89%E5%A4%A9%E6%A5%BC" n1="%72%69%6F%75%63%68%61%6E" n2="%E3%81%BE%E3%81%A8%E3%81%9F" n3="%E7%99%BD%E6%97%A5%E9%9B%AA%E8%8F%9C" dan="17,16,16,17" rate="2182.39,2201.05,2161.64,2205.83" sx="F,M,M,M"/><TAIKYOKU oya="0"/><INIT seed="0,0,0,3,3,11" ten="250,250,250,250" oya="0" hai0="113,118,91,105,67,84,99,88,97,8,6,66,122" hai1="111,121,110,33,54,135,116,22,19,24,27,119,103" hai2="60,9,131,57,47,26,77,96,7,100,83,79,109" hai3="134,123,101,34,2,32,62,28,15,120,36,70,12"/><T51/><D113/><U102/><E54/><V13/><F109/><N who="1" m="41481" /><E102/><V117/><F117/><N who="1" m="45129" /><E103/><V20/><F131/><W4/><G36/><T23/><D122/><N who="3" m="46633" /><G134/><T41/><D23/><N who="1" m="13439" /><E121/><V132/><F47/><W1/><G101/><T89/><D84/><U128/><E33/><V35/><F35/><W106/><G106/><T30/><D105/><U16/><E128/><V43/><F43/><W124/><G34/><T39/><D118/><U18/><E135/><V10/><F83/><W125/><G32/><T73/><D73/><U126/><E126/><V63/><F63/><W72/><G72/><T17/><D67/><U81/><E81/><V61/><F61/><W31/><G62/><T21/><D66/><U29/><AGARI ba="0,0" hai="16,18,22,27,29" m="13439,45129,41481" machi="29" ten="30,7900,0" yaku="14,1,34,2,54,1" doraHai="11" who="1" fromWho="1" sc="250,-39,250,79,250,-20,250,-20" /><INIT seed="1,0,0,4,0,28" ten="211,329,230,230" oya="1" hai0="29,72,60,112,23,74,38,115,58,67,95,79,101" hai1="3,129,85,48,49,97,108,128,12,61,17,7,105" hai2="25,83,36,103,10,68,116,64,98,54,127,13,20" hai3="94,51,66,102,131,122,81,88,91,1,86,73,109"/><U32/><E3/><V78/><F36/><W71/><G122/><T96/><D38/><U121/><E7/><V77/><F116/><W18/><G1/><T80/><REACH who="0" step="1"/><D74/><REACH who="0" ten="201,329,230,230" step="2"/><U100/><E121/><V84/><F127/><W107/><G73/><T4/><D4/><U31/><E108/><V65/><F68/><W9/><G109/><T126/><D126/><U53/><E129/><V56/><F77/><W26/><G71/><T134/><D134/><U135/><E128/><V130/><F130/><W118/><G131/><T39/><D39/><U50/><E135/><V24/><F24/><AGARI ba="0,1" hai="23,24,29,58,60,67,72,79,80,95,96,101,112,115" machi="24" ten="40,8000,1" yaku="1,1,25,2,53,1" doraHai="28" doraHaiUra="75" who="0" fromWho="2" sc="201,90,329,0,230,-80,230,0" /><INIT seed="2,0,0,4,2,23" ten="291,329,150,230" oya="2" hai0="72,45,88,6,33,85,125,81,21,116,17,29,100" hai1="65,14,93,119,101,19,128,10,98,31,73,130,67" hai2="109,129,75,70,11,120,112,103,34,53,102,107,32" hai3="59,40,38,78,22,62,108,74,92,49,39,58,69"/><V106/><F120/><W18/><G108/><T60/><D125/><U127/><E119/><V2/><F70/><W126/><G126/><T54/><D116/><U118/><E118/><V36/><F36/><W135/><G135/><T1/><D72/><U124/><E73/><V26/><F75/><W111/><G111/><T99/><D1/><U35/><E127/><V133/><F2/><W3/><G3/><T86/><D6/><U12/><E124/><V0/><F0/><W63/><G69/><T52/><D86/><U71/><E71/><V115/><F109/><W50/><G92/><N who="0" m="58471" /><D33/><U131/><E14/><V46/><F133/><W121/><G121/><T15/><D29/><U76/><E76/><V110/><F32/><W123/><G123/><T94/><D45/><U57/><E57/><V96/><F34/><W80/><G58/><N who="0" m="34887" /><D54/><U132/><E132/><V25/><F110/><W91/><G40/><T114/><D114/><U113/><E113/><V51/><F112/><W105/><G105/><T47/><D47/><U41/><E41/><V37/><F37/><W61/><G38/><T44/><D44/><U89/><E101/><V122/><F107/><W117/><G39/><T30/><D30/><U5/><E5/><V20/><F106/><W8/><G117/><T97/><D97/><U66/><E31/><V16/><F122/><W56/><G8/><T9/><D94/><N who="1" m="56655" /><E35/><V13/><F115/><W24/><G91/><T77/><D77/><U134/><E134/><V104/><F104/><W28/><G28/><T68/><D68/><U79/><E79/><V87/><F129/><RYUUKYOKU type="nm" ba="0,0" sc="291,-40,329,-40,150,120,230,-40" hai0="9,15,17,21,81,85,88" hai1="10,12,19,65,66,67,93,128,130,131" hai3="18,22,24,49,50,56,59,61,62,63,74,78,80" /><INIT seed="3,1,0,0,5,34" ten="251,289,270,190" oya="3" hai0="20,102,35,53,21,31,116,97,67,5,106,55,121" hai1="70,8,94,52,108,130,41,99,122,71,28,7,14" hai2="61,58,105,123,51,32,46,131,91,113,18,88,11" hai3="98,49,23,101,104,133,1,135,100,17,129,72,128"/><W6/><G72/><T77/><D116/><U120/><E108/><V15/><F113/><W19/><G101/><T68/><D121/><U85/><E130/><N who="3" m="50282" /><G49/><T74/><D5/><U132/><E132/><N who="3" m="50762" /><G23/><T109/><D77/><U62/><E41/><V127/><F131/><W13/><G13/><T125/><D74/><U69/><E28/><V81/><F123/><W38/><G38/><T95/><D109/><U9/><E85/><V54/><F15/><W96/><G98/><T107/><D102/><U119/><E119/><V27/><F51/><W42/><G42/><T43/><D43/><U79/><E79/><V93/><F32/><W114/><G114/><T57/><D35/><U89/><REACH who="1" step="1"/><E9/><AGARI ba="1,0" hai="1,6,9,17,19,96,100,104" m="50762,50282" machi="9" ten="30,5800,0" yaku="19,1,20,1,52,1" doraHai="34" who="3" fromWho="1" sc="251,0,289,-61,270,0,190,61" /><INIT seed="3,2,0,4,0,115" ten="251,228,270,251" oya="3" hai0="133,126,131,16,14,57,11,67,114,52,109,22,6" hai1="118,132,46,10,130,98,12,96,81,73,30,61,101" hai2="28,13,5,76,85,97,89,44,0,77,36,39,129" hai3="37,105,127,35,79,15,122,91,60,59,88,134,25"/><W103/><G122/><T47/><D114/><U9/><E130/><V33/><F0/><W56/><G37/><T54/><D131/><U106/><E132/><V62/><F97/><W23/><G134/><T95/><D133/><U123/><E123/><V116/><F28/><W93/><G105/><T24/><D109/><U102/><E30/><V83/><F33/><W8/><G35/><T110/><D110/><U108/><E108/><V38/><F44/><W27/><G79/><T3/><D126/><U45/><E118/><V42/><F42/><W50/><G50/><T48/><D95/><U63/><E81/><V68/><F116/><W120/><G120/><T124/><D124/><U1/><E1/><V135/><F129/><W78/><G78/><T20/><D67/><U74/><REACH who="1" step="1"/><E12/><REACH who="1" ten="251,218,270,251" step="2"/><V125/><F13/><W32/><G127/><T119/><D119/><U41/><E41/><V31/><F83/><W43/><G43/><T107/><D107/><AGARI ba="2,1" hai="9,10,45,46,61,63,73,74,96,98,101,102,106,107" machi="107" ten="25,3200,0" yaku="1,1,22,2,53,0" doraHai="115" doraHaiUra="112" who="1" fromWho="0" sc="251,-38,218,48,270,0,251,0" /><INIT seed="4,0,0,1,2,31" ten="213,266,270,251" oya="0" hai0="67,96,19,9,45,72,105,99,62,118,80,116,134" hai1="79,130,28,56,39,127,76,51,121,109,12,61,7" hai2="27,81,103,95,13,42,104,21,107,55,5,89,135" hai3="11,125,128,97,24,75,92,84,48,43,122,77,52"/><T91/><D134/><U16/><E109/><V101/><F104/><W78/><G75/><T47/><D99/><U53/><E121/><V123/><F107/><W117/><G117/><T26/><D9/><U29/><E39/><V37/><F42/><W22/><G125/><T131/><D131/><U82/><E127/><V113/><F37/><W0/><G128/><T71/><D116/><U38/><E38/><V18/><F81/><W63/><G122/><T25/><D25/><U65/><E7/><V59/><F135/><W86/><G0/><T4/><D4/><U124/><E124/><V73/><F73/><W20/><G11/><T2/><D2/><U90/><E90/><V69/><F69/><W93/><G63/><T87/><D72/><U46/><E130/><V33/><F113/><W108/><G43/><T1/><D1/><U32/><E32/><V66/><F66/><W57/><G108/><T60/><D60/><U120/><E120/><V88/><F89/><N who="3" m="53287" /><G86/><T58/><D118/><U14/><E14/><V15/><F15/><W94/><G94/><N who="0" m="56415" /><D105/><U49/><E49/><N who="2" m="31215" /><F5/><W68/><G68/><T111/><D71/><U83/><E83/><V35/><F123/><W102/><G20/><N who="0" m="13599" /><D111/><U112/><E112/><V30/><F35/><W8/><G8/><T70/><D70/><U41/><E41/><V40/><F40/><W54/><G54/><T133/><D133/><U17/><E82/><V23/><F33/><W100/><G100/><T114/><D114/><U36/><E36/><V6/><F6/><W126/><G126/><T115/><D115/><U50/><E53/><RYUUKYOKU ba="0,0" sc="213,10,266,-30,270,10,251,10" hai0="45,47,58,62,67,80,87" hai2="13,18,21,23,27,30,88,95,101,103" hai3="22,24,48,52,57,77,78,93,97,102" /><INIT seed="4,1,0,1,1,93" ten="223,236,280,261" oya="0" hai0="102,110,38,73,51,97,121,87,2,112,89,82,126" hai1="24,107,95,127,96,47,28,37,85,12,9,45,42" hai2="33,116,30,92,22,66,10,109,111,1,61,31,76" hai3="20,50,59,56,70,19,15,103,63,35,40,36,6"/><T27/><D38/><U117/><E117/><V58/><F33/><W80/><G36/><T57/><D121/><U113/><E127/><V25/><F116/><W118/><G35/><T130/><D2/><U7/><E113/><V46/><F31/><W13/><G118/><T90/><D112/><U84/><E45/><V77/><F46/><N who="3" m="25927" /><G70/><T100/><D73/><U54/><E54/><V8/><F1/><W3/><G3/><T123/><D123/><U122/><E107/><V4/><F4/><W52/><G103/><T106/><D126/><U48/><E37/><V43/><F43/><W23/><G80/><T55/><D110/><U99/><E122/><V0/><F0/><W75/><G75/><T62/><D130/><U78/><E85/><V53/><F76/><W34/><G34/><T101/><D90/><N who="1" m="53703" /><E78/><V86/><F77/><W104/><G104/><T124/><D124/><U5/><E7/><V135/><F111/><W125/><G125/><T74/><D74/><U39/><E39/><V29/><F109/><W131/><G131/><T11/><D11/><U105/><E105/><V68/><F8/><N who="3" m="4247" /><G59/><T94/><D106/><U115/><E115/><V120/><F10/><AGARI ba="1,0" hai="10,15,19,20,23,52,56,63" m="4247,25927" machi="10" ten="30,2000,0" yaku="8,1,54,1" doraHai="93" who="3" fromWho="2" sc="223,0,236,0,280,-23,261,23" /><INIT seed="5,0,0,2,1,0" ten="223,236,257,284" oya="1" hai0="9,73,68,61,39,82,126,14,85,38,128,130,11" hai1="93,131,54,107,97,91,112,100,74,36,95,86,121" hai2="79,4,40,135,98,2,104,10,32,90,59,96,63" hai3="5,47,31,120,6,27,109,119,127,113,33,51,3"/><U18/><E121/><V16/><F32/><W111/><G120/><T108/><D73/><U22/><E36/><V65/><F135/><W35/><G113/><T99/><D108/><N who="3" m="41545" /><G51/><T124/><D99/><U116/><E116/><V37/><F79/><W19/><G47/><T49/><D49/><U123/><E123/><V133/><F133/><W77/><G77/><N who="0" m="46287" /><D11/><U102/><E112/><V41/><F37/><N who="0" m="13834" /><D61/><U89/><E131/><N who="0" m="50217" /><D68/><U12/><E74/><V83/><F98/><W94/><G119/><T76/><D76/><U7/><E107/><V117/><F117/><W88/><G3/><T64/><D64/><U43/><E43/><V57/><F57/><W52/><G52/><T129/><N who="0" m="50225" /><T84/><DORA hai="25" /><D84/><U28/><E54/><V20/><F104/><W125/><G35/><T105/><D105/><U75/><E75/><V23/><F96/><W15/><G88/><T118/><D118/><U21/><E89/><V92/><F90/><W56/><G56/><T80/><D80/><U70/><E70/><V50/><F83/><W122/><G122/><T44/><D44/><U62/><E62/><V115/><F50/><W71/><G71/><T8/><D8/><N who="1" m="4127" /><E102/><V45/><F45/><W106/><G106/><T17/><AGARI ba="0,0" hai="9,14,17,124,126" m="50225,13834,46287" machi="17" ten="50,1600,0" yaku="19,1" doraHai="0,25" who="0" fromWho="0" sc="223,16,236,-8,257,-4,284,-4" /><INIT seed="6,0,0,0,0,49" ten="239,228,253,280" oya="2" hai0="7,74,87,40,116,96,42,73,105,13,71,59,129" hai1="6,12,19,26,126,9,79,44,22,123,121,23,66" hai2="118,16,43,3,127,55,8,35,17,113,15,67,62" hai3="124,61,111,69,53,72,130,122,86,24,112,107,132"/><V110/><F118/><W29/><RYUUKYOKU type="yao9" ba="0,0" sc="239,0,228,0,253,0,280,0" hai3="24,29,53,61,69,72,86,107,111,112,122,124,130,132" /><INIT seed="6,1,0,3,4,112" ten="239,228,253,280" oya="2" hai0="77,75,111,28,108,67,83,43,17,49,91,129,106" hai1="125,2,101,90,8,70,127,122,80,31,66,118,4" hai2="14,115,130,52,48,61,34,102,50,54,10,25,124" hai3="114,69,121,103,84,133,131,56,73,20,19,27,64"/><V88/><F115/><W135/><G73/><T97/><D28/><U55/><E122/><V68/><F102/><W6/><G114/><T65/><D129/><U62/><E118/><V47/><F130/><W35/><G131/><T15/><D65/><U78/><E90/><V53/><F124/><N who="1" m="47689" /><E101/><V29/><F88/><W82/><G69/><T9/><D67/><U42/><E42/><V85/><F85/><W128/><G103/><T46/><D106/><U79/><E31/><V37/><F37/><W63/><G128/><T109/><D91/><U126/><N who="1" m="47697" /><U132/><DORA hai="18" /><E132/><V96/><F96/><W116/><G121/><T57/><D97/><U12/><E55/><V58/><F68/><W23/><G116/><T13/><D109/><U86/><E78/><V7/><F50/><W39/><G39/><T3/><D3/><AGARI ba="1,0" hai="2,3,4,8,12,62,66,70,79,80,86" m="47697" machi="3" ten="40,1300,0" yaku="18,1" doraHai="112,18" who="1" fromWho="0" sc="239,-16,228,16,253,0,280,0" /><INIT seed="7,0,0,3,2,81" ten="223,244,253,280" oya="3" hai0="26,12,106,128,6,61,51,117,7,108,93,24,11" hai1="85,107,65,64,38,69,99,15,34,62,33,66,130" hai2="87,75,135,37,82,119,22,35,73,88,71,67,58" hai3="124,0,28,91,96,105,120,131,2,63,115,3,76"/><W9/><G120/><T68/><D117/><U27/><E38/><V111/><F35/><W72/><G28/><T134/><D108/><U94/><E130/><V45/><F119/><W97/><G131/><T110/><D110/><U18/><E85/><V31/><F71/><W25/><G25/><T77/><D106/><U36/><E36/><V126/><F111/><W89/><G76/><T47/><D7/><U52/><E52/><V5/><F5/><W49/><G72/><T46/><D46/><U98/><E98/><V114/><F114/><W100/><G49/><T95/><D128/><U48/><E48/><V14/><F31/><W29/><G29/><T127/><D127/><U118/><E118/><V79/><F73/><W101/><G115/><T39/><D39/><U125/><E125/><V8/><F22/><W92/><G63/><T123/><D123/><U103/><E94/><N who="0" m="35849" /><D68/><U55/><E55/><V70/><F70/><W112/><G112/><T86/><D61/><U116/><E116/><V56/><F126/><W78/><G124/><T40/><D134/><U19/><E33/><V23/><F135/><W132/><G132/><T50/><D50/><U109/><E109/><V57/><F67/><N who="1" m="25673" /><E15/><V21/><F37/><W10/><G78/><T17/><D17/><U43/><E43/><V53/><F79/><W13/><G13/><T121/><D121/><U84/><E84/><V30/><F75/><W104/><G104/><T32/><D32/><U102/><E103/><V122/><F122/><W74/><G74/><T20/><D20/><N who="1" m="13719" /><E34/><V16/><F30/><W113/><G113/><RYUUKYOKU ba="0,0" sc="223,0,244,0,253,0,280,0" hai0="6,11,12,24,26,40,47,51,77,86" hai1="19,62,66,69,99,102,107" hai2="8,14,16,21,23,45,53,56,57,58,82,87,88" hai3="0,2,3,9,10,89,91,92,96,97,100,101,105" /><INIT seed="7,1,0,0,0,77" ten="223,244,253,280" oya="3" hai0="0,57,42,40,99,114,68,106,31,80,81,127,34" hai1="130,95,101,102,6,126,33,108,85,41,107,22,134" hai2="53,72,55,21,111,91,27,89,28,69,76,39,46" hai3="115,135,12,90,13,50,32,26,86,52,104,62,75"/><W11/><G75/><T97/><D0/><U61/><E33/><V10/><F69/><W35/><G104/><T59/><D68/><U2/><E108/><V29/><F111/><W128/><G115/><T113/><D106/><U98/><E130/><V103/><F29/><W92/><G128/><T43/><D127/><U25/><E126/><V56/><F103/><W84/><G135/><T14/><D14/><U125/><E125/><V17/><F55/><W3/><G62/><T37/><D37/><U100/><E134/><V1/><F76/><W66/><G66/><T112/><D31/><U36/><E61/><V60/><F72/><W63/><G63/><T45/><D45/><U110/><E110/><V129/><F129/><W78/><G3/><T121/><D34/><U93/><E107/><V8/><F28/><W16/><G26/><T19/><D19/><N who="1" m="12511" /><E6/><V5/><REACH who="2" step="1"/><F10/><REACH who="2" ten="223,244,243,280" step="2"/><N who="3" m="6167" /><G35/><T65/><D65/><U79/><E79/><V38/><F38/><W47/><G32/><T94/><D121/><U73/><E73/><V18/><F18/><N who="3" m="8511" /><G78/><T70/><D70/><U64/><E64/><V133/><F133/><W24/><G24/><T7/><D7/><U49/><E36/><V67/><F67/><W119/><G119/><T87/><D87/><AGARI ba="1,1" hai="47,50,52,84,86,87,90,92" m="8511,6167" machi="87" ten="30,5800,0" yaku="8,1,54,2" doraHai="77" who="3" fromWho="0" sc="223,-61,244,0,243,0,280,71" owari="162,-33.8,244,4.4,243,-15.7,351,45.1" /></mjloggm>