<mjloggm ver="2.3"><GO type="225" lobby="0"/><UN n0="%E7%B4%94%E6%BD%94%E3%83%94%E3%83%A9%E3%83%8B%E3%82%A2" n1="%E3%81%99%E3%81%84%E3%81%BE%E3%81%9B%E3%83%BC%E3%82%93" n2="%E8%81%B7%E6%A5%AD%E3%80%81%E9%A2%A8%32" n3="%E3%82%B0%E3%83%AA%E3%82%B0%E3%83%AA%E6%A3%92" dan="17,16,16,16" rate="2276.86,2086.43,2170.69,2113.65" sx="M,M,M,M"/><TAIKYOKU oya="0"/><INIT seed="0,0,0,0,0,90" ten="250,250,250,250" oya="0" hai0="28,33,120,21,30,80,16,49,72,18,70,81,12" hai1="59,55,119,83,122,52,74,63,66,109,95,32,76" hai2="87,94,41,97,89,126,130,92,96,124,39,116,1" hai3="127,112,67,107,88,106,38,128,11,108,53,114,50"/><T115/><D70/><U25/><E119/><V123/><F1/><W51/><G38/><T43/><D115/><U57/><E122/><V4/><F4/><W31/><G67/><T104/><D104/><U125/><E125/><N who="2" m="48235" /><F41/><W99/><G127/><T56/><D120/><U34/><E109/><V17/><F39/><W101/><G108/><T100/><D100/><U7/><E7/><V42/><F42/><W44/><G128/><T48/><D33/><U71/><E25/><V91/><F123/><W73/><G73/><T82/><D72/><U29/><E29/><N who="0" m="11369" /><D43/><U79/><E79/><V84/><F130/><W5/><G31/><T86/><D86/><N who="2" m="32810" /><F17/><W118/><G118/><AGARI ba="0,0" hai="89,91,92,94,96,97,116,118" m="32810,48235" machi="118" ten="30,8000,1" yaku="18,1,34,2,52,2" doraHai="90" who="2" fromWho="3" sc="250,0,250,0,250,80,250,-80" /><INIT seed="1,0,0,2,1,81" ten="250,250,330,170" oya="1" hai0="19,60,67,21,16,70,116,31,49,25,112,74,24" hai1="38,28,127,123,107,96,51,43,39,132,95,84,124" hai2="77,2,71,32,61,44,58,76,18,109,54,65,23" hai3="27,102,119,126,131,1,50,78,93,35,100,114,48"/><U56/><E123/><V46/><F109/><W17/><G114/><T72/><D112/><U57/><E132/><V29/><F2/><W90/><G1/><T6/><D116/><U33/><E107/><V12/><F46/><W42/><G119/><T115/><D115/><U64/><E43/><V13/><F13/><W133/><G126/><N who="1" m="48170" /><E28/><V79/><F32/><W73/><G133/><T5/><D49/><U14/><E33/><V88/><F44/><W128/><G78/><T113/><D113/><U105/><E14/><V10/><F88/><W86/><G73/><T75/><REACH who="0" step="1"/><D19/><REACH who="0" ten="240,250,330,170" step="2"/><U92/><E51/><N who="3" m="19498" /><G42/><T34/><AGARI ba="0,1" hai="5,6,16,21,24,25,31,34,60,67,70,72,74,75" machi="34" ten="30,8000,1" yaku="1,1,0,1,54,1,53,2" doraHai="81" doraHaiUra="22" who="0" fromWho="0" sc="240,90,250,-40,330,-20,170,-20" /><INIT seed="2,0,0,4,4,43" ten="330,210,310,150" oya="2" hai0="87,113,118,122,96,81,50,75,15,56,77,86,65" hai1="39,66,42,69,53,4,51,16,21,126,67,55,31" hai2="107,33,27,132,99,38,127,0,76,101,112,108,45" hai3="97,70,5,37,84,1,32,61,129,72,64,102,89"/><V120/><RYUUKYOKU type="yao9" ba="0,0" sc="330,0,210,0,310,0,150,0" hai2="0,27,33,38,45,76,99,101,107,108,112,120,127,132" /><INIT seed="2,1,0,0,5,54" ten="330,210,310,150" oya="2" hai0="91,101,125,55,113,86,19,112,84,47,127,59,38" hai1="6,106,26,53,20,14,4,67,9,98,16,132,88" hai2="51,52,25,12,21,8,44,49,10,71,119,104,2" hai3="100,96,81,13,130,87,50,48,109,45,37,89,110"/><V40/><F104/><W123/><G123/><T23/><D101/><U76/><E132/><V68/><F119/><W64/><G130/><T60/><D38/><U33/><E76/><V42/><F8/><W72/><G37/><T18/><D47/><U22/><E33/><V85/><F2/><W93/><G64/><T24/><D19/><N who="1" m="8655" /><E106/><V7/><F85/><W35/><G35/><T97/><D97/><U36/><E36/><V102/><F102/><W31/><G31/><T69/><D69/><U131/><E67/><V115/><F115/><W30/><G30/><T79/><D79/><U5/><E131/><V27/><F27/><W57/><G57/><T117/><D117/><U133/><E133/><V99/><F99/><W32/><G32/><T65/><D65/><U118/><E118/><V80/><F80/><W90/><G13/><T63/><D86/><U128/><E128/><V73/><F73/><W43/><G50/><T95/><REACH who="0" step="1"/><D60/><REACH who="0" ten="320,210,310,150" step="2"/><U94/><E53/><N who="2" m="29863" /><F68/><W114/><G114/><AGARI ba="1,1" hai="18,23,24,55,59,63,84,91,95,112,113,114,125,127" machi="114" ten="40,8000,1" yaku="1,1,52,1,53,3" doraHai="54" doraHaiUra="108" who="0" fromWho="3" sc="320,93,210,0,310,0,150,-83" /><INIT seed="3,0,0,0,4,135" ten="413,210,310,67" oya="3" hai0="72,123,120,47,22,23,65,127,84,125,10,56,109" hai1="28,81,132,131,26,30,124,98,2,103,96,78,89" hai2="42,46,41,34,57,49,60,36,111,45,11,70,101" hai3="54,32,133,38,117,37,55,116,130,134,119,74,71"/><W12/><G32/><T100/><D72/><U5/><E132/><N who="3" m="50794" /><G74/><T106/><D109/><U35/><E131/><V0/><F34/><W104/><G104/><T16/><D106/><U62/><E30/><V63/><F101/><W3/><G3/><T108/><D100/><U118/><E118/><V1/><F111/><W20/><G20/><N who="0" m="7723" /><D84/><U67/><E89/><V77/><F77/><W33/><G33/><T122/><D47/><U24/><E24/><V115/><F115/><W129/><G71/><T112/><D108/><U102/><E2/><V29/><F29/><W51/><G51/><T14/><D65/><U75/><E67/><N who="2" m="41319" /><F11/><W53/><G12/><N who="0" m="7191" /><D56/><U113/><E113/><V73/><F73/><W7/><G7/><T121/><D121/><U17/><E5/><V82/><F1/><W31/><G31/><T61/><D61/><U114/><E62/><V83/><F0/><W44/><G44/><T39/><D39/><AGARI ba="0,0" hai="37,38,39,53,54,55,116,117,119,129,130" m="50794" machi="39" ten="50,12000,1" yaku="28,2,20,1,34,2" doraHai="135" who="3" fromWho="0" sc="413,-120,210,0,310,0,67,120" /><INIT seed="3,1,0,3,4,126" ten="293,210,310,187" oya="3" hai0="61,18,111,24,23,40,30,5,108,88,131,86,102" hai1="42,41,119,22,52,20,122,105,29,128,110,35,44" hai2="130,25,84,72,28,125,10,95,0,31,91,98,106" hai3="114,104,99,127,96,3,65,2,27,21,55,87,76"/><W39/><G114/><T90/><D131/><U89/><E122/><V113/><F130/><W93/><G127/><T60/><D102/><U129/><E105/><V54/><F72/><W70/><G39/><T64/><D5/><U56/><E110/><N who="0" m="42025" /><D40/><U94/><E119/><V6/><F125/><W124/><G124/><T97/><D97/><U132/><E132/><V107/><F113/><W4/><G104/><T117/><D117/><U51/><E35/><V46/><F31/><W48/><G96/><T79/><D61/><U78/><E78/><V69/><F69/><W38/><G38/><T16/><D79/><U75/><E75/><V17/><F17/><N who="0" m="6762" /><D86/><U135/><E135/><V118/><F118/><W134/><G134/><T121/><D121/><U63/><E42/><V101/><F54/><W12/><G87/><T109/><N who="0" m="42033" /><T37/><DORA hai="49" /><D37/><U85/><E129/><V62/><F62/><W83/><G83/><T8/><D8/><U45/><E128/><V115/><F115/><W53/><G76/><T82/><D82/><U133/><E133/><V50/><F84/><W67/><G70/><AGARI ba="1,0" hai="23,24,30,60,64,70,88,90" m="6762,42033" machi="70" ten="40,5200,0" yaku="14,1,54,2" doraHai="126,49" who="0" fromWho="3" sc="293,55,210,0,310,0,187,-55" owari="348,44.8,210,-19.0,310,11.0,132,-36.8" /></mjloggm>