<mjloggm ver="2.3"><GO type="225" lobby="0"/><UN n0="%E3%83%97%E3%83%92" n1="%E3%81%BF%E3%81%BF%E3%81%9A" n2="%4E%55%44%41" n3="%E8%90%BD%E6%97%A5" dan="16,16,16,16" rate="2171.06,2156.77,2118.44,2080.05" sx="M,M,M,F"/><TAIKYOKU oya="0"/><INIT seed="0,0,0,4,4,105" ten="250,250,250,250" oya="0" hai0="131,49,40,17,128,124,38,126,8,107,116,30,31" hai1="64,111,97,86,35,91,46,60,27,4,52,62,6" hai2="79,14,85,1,95,5,75,37,132,112,98,22,7" hai3="123,23,66,51,115,73,16,45,47,10,3,119,53"/><T70/><D107/><U21/><E35/><V92/><F37/><W18/><G115/><T122/><D70/><U67/><E97/><V55/><F112/><W71/><G119/><T81/><D38/><U59/><E111/><V96/><F1/><W120/><G66/><N who="1" m="25130" /><E46/><V68/><F68/><W108/><G71/><T15/><D81/><N who="1" m="49615" /><E62/><V12/><F55/><W102/><G102/><T109/><D116/><U104/><E104/><V74/><F85/><W42/><G108/><T13/><D109/><U129/><E129/><N who="0" m="49737" /><D49/><U93/><E93/><V54/><F54/><W44/><G73/><T130/><D40/><U63/><E63/><V78/><REACH who="2" step="1"/><F22/><REACH who="2" ten="250,250,240,250" step="2"/><W28/><G42/><T32/><D130/><U83/><E83/><V57/><F57/><W26/><G53/><T2/><D32/><U118/><E118/><V117/><F117/><W77/><G51/><T106/><D2/><U87/><E87/><V100/><F100/><W121/><G77/><T125/><D122/><U41/><E41/><V135/><AGARI ba="0,1" hai="5,7,12,14,74,75,78,79,92,95,96,98,132,135" machi="135" ten="25,12000,2" yaku="1,1,0,1,22,2,52,2,53,0" doraHai="105" doraHaiUra="43" who="2" fromWho="2" sc="250,-60,250,-30,240,130,250,-30" /><INIT seed="1,0,0,5,2,105" ten="190,220,370,220" oya="1" hai0="25,83,51,46,42,108,53,12,36,111,135,71,77" hai1="117,74,98,79,99,11,118,121,63,49,90,50,114" hai2="120,122,55,106,70,107,48,32,30,129,34,67,7" hai3="21,22,81,40,102,18,78,75,119,19,0,31,66"/><U57/><E114/><V27/><F34/><W109/><G109/><T128/><D135/><U76/><E121/><V13/><F129/><W62/><G119/><T87/><D128/><U125/><E125/><V17/><F7/><W61/><G0/><T41/><D71/><U88/><E11/><V124/><F124/><W35/><G35/><T101/><D101/><U65/><E57/><V33/><F33/><W115/><G115/><T26/><D42/><U14/><E14/><V52/><F55/><W96/><G40/><T93/><D12/><U43/><E43/><V56/><F106/><W104/><G62/><T16/><D93/><U116/><E116/><V86/><F107/><W127/><G127/><T131/><D131/><U64/><E63/><V39/><F39/><W103/><G103/><T9/><D26/><U112/><E112/><V133/><F133/><W80/><G80/><T54/><D9/><U69/><E69/><V2/><F2/><W29/><G22/><N who="0" m="13511" /><D36/><U132/><E132/><V97/><F97/><W94/><G104/><T126/><D126/><U73/><AGARI ba="0,0" hai="49,50,64,65,73,74,76,79,88,90,98,99,117,118" machi="73" ten="25,18000,2" yaku="0,1,22,2,52,2,54,1" doraHai="105" who="1" fromWho="1" sc="190,-60,220,180,370,-60,220,-60" /><INIT seed="1,1,0,2,1,104" ten="130,400,310,160" oya="1" hai0="106,6,38,91,117,20,76,39,105,12,37,42,69" hai1="53,90,49,19,127,17,97,55,35,74,32,58,128" hai2="114,121,41,47,133,16,88,122,66,87,4,44,118" hai3="5,98,99,110,77,70,72,10,81,11,107,116,135"/><U112/><E112/><V36/><F118/><W73/><G70/><T8/><D117/><U86/><E97/><V68/><F114/><W27/><G116/><T3/><D69/><U124/><E128/><V40/><F133/><W119/><G119/><T59/><D76/><U30/><E30/><V130/><F130/><W92/><G135/><T94/><D42/><U93/><E53/><V45/><F4/><W78/><G110/><T18/><REACH who="0" step="1"/><D59/><REACH who="0" ten="120,400,310,160" step="2"/><U65/><E58/><V63/><F45/><W123/><G123/><T129/><D129/><U61/><E127/><V82/><REACH who="2" step="1"/><F16/><REACH who="2" ten="120,400,300,160" step="2"/><W2/><G5/><T83/><D83/><U51/><E17/><V0/><F0/><W103/><G2/><T25/><D25/><U33/><E19/><V1/><F1/><W46/><G27/><T100/><D100/><U13/><E124/><V26/><F26/><W28/><G28/><T48/><D48/><AGARI ba="1,2" hai="36,40,41,44,47,48,63,66,68,82,87,88,121,122" machi="48" ten="30,7700,0" yaku="1,1,7,1,54,1,53,1" doraHai="104" doraHaiUra="84" who="2" fromWho="0" sc="120,-80,400,0,300,100,160,0" /><INIT seed="2,0,0,0,4,89" ten="40,400,400,160" oya="2" hai0="31,86,83,66,90,63,68,17,121,76,94,0,75" hai1="127,97,119,102,134,4,118,8,78,82,9,93,14" hai2="28,88,52,133,34,7,57,123,54,58,67,43,2" hai3="10,106,24,62,120,59,114,101,131,111,79,38,95"/><V64/><F123/><W61/><G120/><T74/><D0/><U126/><E9/><V60/><F133/><W23/><G38/><T25/><D121/><U18/><E4/><V26/><F43/><W104/><G111/><T45/><D45/><U49/><E49/><V116/><F116/><W55/><G131/><T124/><D124/><N who="1" m="47659" /><E134/><V44/><F44/><W56/><G114/><T20/><REACH who="0" step="1"/><D31/><REACH who="0" ten="30,400,400,160" step="2"/><U77/><E77/><V103/><F2/><W19/><G79/><T47/><D47/><U129/><E129/><V113/><F113/><W30/><G30/><T29/><D29/><U22/><E8/><V33/><F33/><W12/><G10/><T35/><D35/><U81/><E78/><V41/><F41/><W40/><G40/><T110/><D110/><U53/><E119/><V84/><F7/><W36/><G36/><T42/><D42/><U100/><E118/><V87/><F34/><W122/><G122/><T128/><D128/><U98/><E53/><V91/><F28/><W73/><G55/><T92/><D92/><AGARI ba="0,1" hai="14,18,22,81,82,92,93,97,98,100,102" m="47659" machi="92" ten="30,3900,0" yaku="18,1,52,2" doraHai="89" who="1" fromWho="0" sc="30,-39,400,49,400,0,160,0" owari="-9,-50.9,449,54.9,400,20.0,160,-24.0" /></mjloggm>