<mjloggm ver="2.3"><GO type="225" lobby="0"/><UN n0="%E9%B3%B3%E6%9D%B1%E3%81%AE%E3%81%86%E3%81%95%E3%81%8E%E3%81%95%E3%82%93" n1="%E5%A4%96%E5%B7%9D%E7%AB%9C%E6%88%90" n2="%E3%83%AD%E3%83%83%E3%83%86%E9%9B%80%E7%90%83" n3="%E3%81%9F%E3%81%8C%E3%82%84%E3%81%99" dan="16,16,17,16" rate="2256.05,2171.59,2262.68,2166.88" sx="M,M,M,M"/><TAIKYOKU oya="0"/><INIT seed="0,0,0,1,3,0" ten="250,250,250,250" oya="0" hai0="126,45,75,48,10,73,46,85,115,33,43,101,67" hai1="36,24,82,14,41,96,18,112,128,84,15,102,111" hai2="117,74,93,61,6,80,19,69,81,40,83,17,125" hai3="39,55,20,66,13,22,3,1,104,16,47,26,86"/><T53/><D126/><U110/><E128/><V38/><F125/><W25/><G104/><T95/><D115/><U64/><E64/><V50/><F38/><W57/><G66/><T94/><D33/><U120/><E120/><V32/><F32/><W98/><G98/><T107/><D107/><U4/><E112/><V7/><F74/><W68/><G68/><T133/><D133/><U21/><E41/><V76/><F69/><W37/><G86/><T113/><D113/><U131/><E36/><V42/><F117/><W63/><G39/><T97/><D67/><U2/><E131/><V119/><F119/><W49/><G37/><T62/><D10/><N who="1" m="2327" /><E96/><V30/><F61/><W12/><G1/><T100/><D100/><U106/><E102/><V89/><F30/><W91/><G91/><T28/><D28/><U122/><E106/><V71/><F71/><W35/><G3/><T31/><D31/><U11/><E11/><V121/><F76/><W52/><G35/><T132/><D132/><U78/><E122/><V29/><F29/><AGARI ba="0,0" hai="12,13,16,20,22,25,26,29,47,49,52,55,57,63" machi="29" ten="30,7700,0" yaku="7,1,8,1,54,2" doraHai="0" who="3" fromWho="2" sc="250,0,250,0,250,-77,250,77" /><INIT seed="1,0,0,1,2,125" ten="250,250,173,327" oya="1" hai0="80,116,110,71,95,57,85,24,123,14,60,78,87" hai1="84,103,106,88,48,111,33,56,66,4,97,44,93" hai2="107,131,27,61,68,96,120,126,34,21,135,65,29" hai3="92,36,134,11,38,10,112,47,90,83,69,94,58"/><U122/><E122/><V43/><F126/><W101/><G69/><T73/><D116/><U67/><E33/><V70/><F135/><W45/><G112/><T39/><D123/><U9/><E56/><V37/><F120/><W64/><G134/><T23/><D39/><U15/><REACH who="1" step="1"/><E111/><REACH who="1" ten="250,240,173,327" step="2"/><V63/><F131/><W49/><G58/><T22/><D110/><U91/><E91/><V50/><F34/><W35/><G90/><T0/><D57/><U109/><E109/><V32/><F32/><W117/><G35/><T81/><D71/><U25/><E25/><V7/><F27/><W42/><G117/><T113/><D24/><U52/><AGARI ba="0,1" hai="4,9,15,44,48,52,66,67,84,88,93,97,103,106" machi="52" ten="20,12000,1" yaku="1,1,0,1,7,1,54,2,53,0" doraHai="125" doraHaiUra="16" who="1" fromWho="1" sc="250,-40,240,130,173,-40,327,-40" /><INIT seed="1,1,0,3,2,52" ten="210,370,133,287" oya="1" hai0="113,102,116,115,4,69,97,105,132,8,81,85,124" hai1="114,23,50,51,53,18,79,94,0,96,37,82,41" hai2="107,45,76,30,73,21,25,128,135,17,44,70,59" hai3="31,55,2,43,117,6,22,57,106,48,65,58,16"/><U13/><E114/><V39/><F128/><W104/><G31/><T88/><D132/><U129/><E0/><V11/><F135/><W38/><G38/><T29/><D124/><U20/><E37/><V46/><F70/><W68/><G68/><T9/><D116/><U24/><E41/><V10/><F107/><W56/><G43/><T110/><D110/><U112/><E112/><V54/><F39/><W60/><G117/><T95/><D69/><U84/><E53/><V66/><F66/><W72/><G72/><T5/><D29/><N who="1" m="17543" /><E129/><V74/><F76/><W133/><G133/><T14/><REACH who="0" step="1"/><D105/><REACH who="0" ten="200,370,133,287" step="2"/><U109/><E109/><V32/><F74/><W103/><G106/><T19/><D19/><U100/><AGARI ba="1,1" hai="13,18,23,50,51,79,82,84,94,96,100" m="17543" machi="100" ten="30,1500,0" yaku="8,1" doraHai="52" who="1" fromWho="1" sc="200,-6,370,28,133,-6,287,-6" /><INIT seed="1,2,0,3,0,70" ten="194,398,127,281" oya="1" hai0="12,57,24,68,53,51,20,107,109,42,37,123,69" hai1="91,103,105,36,25,55,47,30,124,9,16,100,13" hai2="122,73,15,131,17,125,84,78,18,104,94,7,11" hai3="46,114,77,67,113,38,132,129,35,40,27,97,32"/><U95/><E124/><V50/><F131/><W75/><G67/><T89/><D109/><U6/><E105/><V96/><F122/><W39/><G129/><T118/><D123/><U98/><E6/><V126/><F73/><W10/><G132/><T4/><D118/><U61/><E36/><V128/><F128/><W49/><G75/><T33/><D107/><U29/><E29/><V92/><F104/><W72/><G97/><T59/><D33/><U45/><E45/><V65/><F65/><W82/><G10/><T28/><D59/><U85/><E98/><V0/><F0/><W86/><G86/><T64/><D89/><U58/><REACH who="1" step="1"/><E47/><REACH who="1" ten="194,388,127,281" step="2"/><V115/><F126/><W43/><G43/><T48/><D37/><U3/><E3/><V134/><F125/><W62/><G39/><T34/><D4/><U52/><E52/><V5/><F5/><W93/><G38/><T117/><D64/><U60/><E60/><V116/><F96/><W76/><G62/><T80/><D42/><U31/><E31/><V23/><F7/><W90/><G46/><T54/><D54/><U41/><E41/><V121/><F121/><W2/><G40/><T8/><D28/><U22/><AGARI ba="2,1" hai="9,13,16,22,25,30,55,58,61,85,91,95,100,103" machi="22" ten="20,12000,1" yaku="1,1,0,1,7,1,8,1,54,1,53,0" doraHai="70" doraHaiUra="108" who="1" fromWho="1" sc="194,-42,388,136,127,-42,281,-42" /><INIT seed="1,3,0,3,4,56" ten="152,524,85,239" oya="1" hai0="28,106,84,53,17,96,134,111,61,116,26,14,47" hai1="69,79,8,16,128,102,31,7,109,62,38,76,35" hai2="3,113,25,33,80,125,78,133,57,48,1,64,85" hai3="114,40,70,68,42,12,101,121,108,0,73,67,2"/><U50/><E38/><V22/><F125/><W107/><G101/><T44/><D116/><U95/><E128/><V100/><F133/><W15/><G67/><T119/><D119/><U94/><E109/><V23/><F113/><W99/><G99/><T55/><D134/><U82/><E31/><V98/><F33/><W131/><G73/><T54/><D111/><U104/><E35/><V5/><F5/><W122/><G108/><T24/><D84/><U112/><E50/><V130/><F130/><W45/><G45/><T46/><D28/><U51/><E51/><V63/><F48/><W93/><G93/><T27/><D106/><U59/><E69/><V21/><REACH who="2" step="1"/><F25/><REACH who="2" ten="152,524,75,239" step="2"/><W66/><G131/><T123/><D123/><U37/><E7/><V41/><F41/><W135/><G42/><T129/><D129/><U6/><E6/><V58/><F58/><W103/><G40/><T88/><D27/><U43/><E43/><V126/><F126/><W60/><G114/><T77/><D26/><U117/><E112/><V39/><F39/><W124/><G124/><T81/><D24/><U71/><E59/><V118/><F118/><W89/><G135/><T52/><D47/><U120/><E37/><V9/><F9/><W115/><G115/><T11/><D46/><U32/><E32/><V90/><F90/><W36/><G89/><T83/><D44/><U87/><E117/><V105/><AGARI ba="3,1" hai="1,3,21,22,23,57,63,64,78,80,85,98,100,105" machi="105" ten="30,4000,0" yaku="1,1,0,1,52,1,53,0" doraHai="56" doraHaiUra="86" who="2" fromWho="2" sc="152,-13,524,-23,75,59,239,-13" /><INIT seed="2,0,0,2,4,118" ten="139,501,134,226" oya="2" hai0="10,80,51,45,0,81,64,67,20,38,3,30,105" hai1="134,75,132,19,2,25,99,127,109,9,21,107,65" hai2="31,113,41,92,83,84,116,124,103,126,54,101,60" hai3="29,23,32,6,114,110,70,119,111,77,18,135,33"/><V78/><F116/><W57/><G70/><T122/><D105/><U12/><E75/><V56/><F113/><W79/><G119/><T46/><D122/><U97/><E65/><N who="0" m="25161" /><D38/><U100/><E127/><N who="2" m="48683" /><F41/><W129/><G135/><N who="1" m="51754" /><E109/><N who="3" m="41482" /><G129/><T50/><D10/><U15/><E99/><N who="2" m="59623" /><F31/><W68/><G68/><T112/><D0/><U55/><E55/><V91/><F103/><W27/><G114/><T74/><D74/><U123/><E123/><V28/><F28/><W11/><G57/><T43/><D3/><U108/><E108/><V47/><F47/><W62/><G62/><T131/><D131/><U37/><E37/><V1/><F1/><N who="3" m="463" /><G33/><T115/><D112/><U121/><E121/><V40/><F40/><W94/><G94/><T120/><D115/><U34/><E34/><V133/><F133/><W89/><G89/><AGARI ba="0,0" hai="54,56,60,78,83,84,89,91" m="59623,48683" machi="89" ten="30,1500,0" yaku="18,1" doraHai="118" who="2" fromWho="3" sc="139,0,501,0,134,15,226,-15" /><INIT seed="2,1,0,4,1,77" ten="139,501,149,211" oya="2" hai0="8,18,104,119,58,96,61,118,47,116,88,9,27" hai1="57,5,68,121,107,60,124,97,38,28,127,49,115" hai2="125,14,85,6,1,21,0,2,52,59,123,90,13" hai3="102,32,70,131,7,86,82,81,105,56,95,99,11"/><V37/><F37/><W84/><G70/><T110/><D110/><U29/><E115/><V122/><F125/><N who="1" m="48201" /><E38/><V114/><F114/><W108/><G32/><T41/><D27/><U45/><E68/><V73/><F73/><W80/><G108/><T130/><D130/><U39/><E39/><V71/><F71/><W117/><G117/><T51/><D18/><U129/><E129/><V89/><F21/><W50/><G105/><T64/><REACH who="0" step="1"/><D104/><REACH who="0" ten="129,501,149,211" step="2"/><U87/><E5/><V98/><F6/><W35/><G131/><T42/><D42/><N who="1" m="24759" /><E87/><V33/><F33/><W53/><REACH who="3" step="1"/><G35/><REACH who="3" ten="129,501,149,201" step="2"/><T75/><D75/><U94/><E107/><V17/><F123/><W36/><G36/><T3/><D3/><AGARI ba="1,2" hai="3,7,11,50,53,56,80,81,82,84,86,95,99,102" machi="3" ten="40,8000,1" yaku="1,1,52,3,53,0" doraHai="77" doraHaiUra="67" who="3" fromWho="0" sc="129,-83,501,0,149,0,201,103" /><INIT seed="3,0,0,2,2,53" ten="46,501,149,304" oya="3" hai0="33,41,110,106,74,11,58,82,78,124,126,95,60" hai1="93,111,134,17,55,57,2,107,64,47,59,15,89" hai2="0,37,112,102,5,22,24,129,43,132,48,76,31" hai3="125,90,27,1,25,122,13,109,30,45,23,16,84"/><W7/><G1/><T88/><D33/><U36/><E107/><V72/><F112/><W54/><G125/><T77/><D41/><U120/><E120/><V9/><F132/><W98/><G122/><T123/><D123/><U62/><E2/><V92/><F129/><W79/><G109/><T104/><D11/><U34/><E34/><V113/><F113/><W51/><G7/><T35/><D35/><U56/><E134/><V91/><F102/><W94/><G30/><T86/><D110/><U103/><E103/><V20/><F48/><W87/><G79/><T105/><D60/><U135/><E135/><V28/><F91/><W52/><G54/><T131/><D58/><N who="1" m="36951" /><E36/><V85/><F85/><AGARI ba="0,0" hai="13,16,23,25,27,45,51,52,84,85,87,90,94,98" machi="85" ten="40,7700,0" yaku="8,1,54,2" doraHai="53" who="3" fromWho="2" sc="46,0,501,0,149,-77,304,77" /><INIT seed="3,1,0,1,1,47" ten="46,501,72,381" oya="3" hai0="24,14,2,36,135,34,51,90,50,122,42,11,43" hai1="85,134,23,10,88,13,114,74,55,61,95,27,46" hai2="76,38,39,125,41,40,3,80,116,119,120,84,77" hai3="94,26,124,104,98,75,31,133,44,67,30,58,123"/><W7/><G75/><T25/><D135/><U100/><E74/><V53/><F3/><W81/><G123/><T93/><D2/><U8/><E134/><V17/><F125/><W59/><G104/><T131/><D131/><U102/><E114/><V97/><F120/><W20/><G133/><T56/><D122/><U118/><E118/><V103/><F53/><W130/><G130/><T64/><D36/><U132/><E132/><V16/><F97/><W106/><G106/><T22/><D34/><U54/><E8/><V91/><F91/><W63/><G124/><T127/><D127/><U49/><E55/><V105/><F105/><W83/><G7/><N who="0" m="3455" /><D64/><U15/><E61/><V121/><F121/><W4/><G4/><T29/><D24/><U9/><E9/><V70/><F103/><N who="1" m="39465" /><E10/><V28/><F28/><AGARI ba="1,0" hai="13,15,23,27,28,46,49,54,85,88,95" m="39465" machi="28" ten="30,3900,0" yaku="8,1,52,1,54,1" doraHai="47" who="1" fromWho="2" sc="46,0,501,42,72,-42,381,0" owari="46,-35.4,543,64.3,30,-47.0,381,18.1" /></mjloggm>