<mjloggm ver="2.3"><GO type="225" lobby="0"/><UN n0="%E3%81%A9%E3%82%8F%E3%82%93%E3%81%94" n1="%E4%BF%BA%E3%81%A8%E5%A6%96%E5%A4%A2" n2="%E6%9C%AA%E6%9D%A5%E5%B0%91%E5%B9%B4" n3="%E3%81%8C%E3%81%9F" dan="16,17,16,16" rate="2164.00,2195.80,2180.50,2155.55" sx="M,F,M,F"/><TAIKYOKU oya="0"/><INIT seed="0,0,0,1,4,24" ten="250,250,250,250" oya="0" hai0="34,32,96,132,109,119,61,68,4,18,21,43,115" hai1="129,23,57,22,86,94,75,131,38,60,33,116,104" hai2="79,62,69,40,42,13,99,100,9,84,56,58,111" hai3="65,74,55,125,44,124,103,126,39,12,127,10,93"/><T67/><D119/><U89/><E116/><V80/><F111/><W0/><G74/><T15/><D115/><U41/><E104/><V45/><F69/><W51/><G65/><T1/><D109/><U11/><E75/><V97/><F56/><W122/><G122/><T14/><D132/><U25/><E33/><V82/><F82/><W90/><G103/><T87/><D1/><U118/><E11/><V63/><F63/><W26/><G0/><T70/><D70/><U81/><E118/><V6/><F100/><W20/><G39/><T50/><D96/><U54/><E81/><V37/><REACH who="2" step="1"/><F42/><REACH who="2" ten="250,250,240,250" step="2"/><W16/><G126/><T92/><D43/><U77/><E41/><V88/><F88/><W49/><G90/><T76/><D68/><U7/><E89/><V35/><F35/><W8/><G125/><T107/><D34/><U30/><E60/><V59/><F59/><W17/><G124/><T2/><D32/><U110/><E57/><V114/><F114/><W121/><G127/><T73/><D61/><U133/><E110/><V78/><F78/><W91/><G121/><T36/><D76/><U102/><E77/><V19/><F19/><W113/><G113/><T48/><D18/><U101/><E101/><V31/><F31/><W106/><G17/><T130/><D67/><AGARI ba="0,1" hai="6,9,13,37,40,45,58,62,67,79,80,84,97,99" machi="67" ten="30,2000,0" yaku="1,1,7,1,53,0" doraHai="24" doraHaiUra="46" who="2" fromWho="0" sc="250,-20,250,0,240,30,250,0" /><INIT seed="1,0,0,3,3,54" ten="230,250,270,250" oya="1" hai0="96,104,102,115,84,56,66,12,45,77,37,0,44" hai1="51,25,99,32,83,79,74,14,5,98,130,19,43" hai2="31,114,57,117,85,106,23,58,86,30,39,13,107" hai3="53,4,101,122,132,38,64,116,72,105,71,35,22"/><U36/><E130/><V113/><F117/><W62/><G122/><T34/><D115/><N who="2" m="44042" /><F39/><W9/><G22/><T33/><D0/><U40/><E36/><V55/><F13/><W8/><G8/><T41/><D45/><U103/><E5/><V11/><F11/><W27/><G53/><T46/><D46/><U97/><E32/><V16/><F16/><W3/><G132/><T49/><D12/><U111/><E25/><N who="2" m="16703" /><F31/><N who="3" m="19967" /><G116/><T24/><D24/><U60/><E111/><V76/><F55/><W47/><G72/><T73/><D73/><U42/><E51/><V29/><F29/><W67/><G67/><T131/><D131/><U120/><E120/><V119/><F119/><W109/><G109/><T87/><D37/><U90/><E60/><V17/><F17/><W80/><G38/><T10/><D10/><U15/><E19/><V128/><F128/><W124/><G9/><T82/><REACH who="0" step="1"/><D84/><REACH who="0" ten="220,250,270,250" step="2"/><U78/><E14/><V100/><F85/><W63/><G3/><T21/><D21/><U121/><E15/><V26/><F26/><W118/><G118/><T95/><D95/><N who="1" m="58815" /><E121/><V70/><F107/><W65/><G105/><T88/><D88/><U75/><E90/><V110/><F110/><W108/><G108/><T126/><D126/><U61/><E75/><V18/><F106/><W69/><G124/><T6/><D6/><U91/><E91/><V1/><F1/><W112/><G4/><T133/><D133/><U94/><E78/><V52/><F76/><W81/><G112/><T134/><D134/><U20/><E20/><V123/><F123/><W48/><G101/><RYUUKYOKU ba="0,1" sc="220,15,250,-15,270,-15,250,15" hai0="33,34,41,44,49,56,66,77,82,87,96,102,104" hai3="47,48,62,63,64,65,69,71,80,81" /><INIT seed="2,1,1,3,2,67" ten="235,235,255,265" oya="2" hai0="18,130,44,73,49,65,35,97,52,68,33,133,83" hai1="101,95,126,64,19,14,29,55,77,104,70,5,117" hai2="61,62,22,88,59,89,51,25,39,21,127,99,98" hai3="8,53,45,42,102,96,100,124,11,71,30,94,57"/><V119/><F119/><W16/><G124/><T58/><D133/><U32/><E117/><V46/><F39/><W121/><G121/><T43/><D130/><U20/><E126/><V28/><F22/><W128/><G128/><T110/><D110/><U54/><E77/><V38/><F38/><W106/><G71/><T24/><D97/><N who="2" m="36874" /><F127/><W1/><G30/><T105/><D105/><U81/><E104/><V135/><F135/><W111/><G111/><T40/><D18/><U50/><E101/><V37/><F37/><W63/><G102/><T26/><D35/><U123/><E95/><V91/><F59/><W90/><G1/><T7/><D7/><U78/><E5/><V41/><AGARI ba="1,1" hai="21,25,28,41,46,51,61,62,88,89,91" m="36874" machi="41" ten="30,3000,0" yaku="8,1,54,1" doraHai="67" who="2" fromWho="2" sc="235,-11,235,-11,255,43,265,-11" /><INIT seed="2,2,0,4,5,82" ten="224,224,298,254" oya="2" hai0="122,51,131,53,77,120,15,124,45,84,103,130,98" hai1="127,100,129,78,95,9,56,57,111,134,83,118,19" hai2="2,66,123,23,115,109,125,0,64,16,71,13,80" hai3="52,73,65,4,81,24,89,97,36,76,63,104,12"/><V59/><F115/><W105/><G36/><T114/><D114/><U126/><E118/><V68/><F123/><W21/><G12/><T31/><D31/><U107/><E107/><V87/><F125/><N who="1" m="47625" /><E111/><V20/><F109/><W22/><G4/><T121/><D15/><N who="1" m="7663" /><E134/><V70/><F23/><W119/><G119/><T85/><D124/><U113/><E113/><V35/><F35/><W39/><G39/><T11/><D11/><U133/><E133/><V27/><F27/><W29/><G22/><T101/><D101/><U72/><E129/><N who="0" m="49161" /><D77/><U62/><E62/><V55/><F0/><W7/><G7/><T94/><AGARI ba="2,0" hai="45,51,53,84,85,94,98,103,120,121,122" m="49161" machi="94" ten="40,5200,0" yaku="19,1,52,2" doraHai="82" who="0" fromWho="0" sc="224,58,224,-15,298,-28,254,-15" /><INIT seed="3,0,0,2,0,91" ten="282,209,270,239" oya="3" hai0="5,30,3,40,112,10,127,122,48,35,125,12,20" hai1="134,60,34,43,92,119,58,70,106,86,89,37,2" hai2="27,85,76,33,39,73,110,62,98,105,21,121,28" hai3="133,26,41,124,75,51,23,79,11,95,87,14,24"/><W78/><G75/><T135/><D122/><U8/><E34/><V44/><F110/><W104/><G104/><T50/><D135/><U128/><E134/><V108/><F108/><W6/><G124/><N who="0" m="47691" /><D40/><U132/><E132/><V31/><F121/><W130/><G130/><T13/><D112/><U103/><E128/><V118/><F118/><W71/><G71/><T100/><D100/><U56/><E119/><V38/><F73/><W69/><G69/><T55/><D35/><U94/><E106/><V129/><F129/><W29/><G26/><N who="0" m="16711" /><D50/><U47/><E70/><V81/><F44/><AGARI ba="0,0" hai="3,5,10,12,13,44,48,55" m="16711,47691" machi="44" ten="30,1000,0" yaku="18,1" doraHai="91" who="0" fromWho="2" sc="282,10,209,0,270,-10,239,0" /><INIT seed="4,0,0,4,3,76" ten="292,209,260,239" oya="0" hai0="14,123,60,92,17,127,28,71,77,61,106,85,83" hai1="2,78,25,66,111,87,29,134,31,121,43,13,55" hai2="129,57,68,112,62,84,8,44,74,80,115,49,116" hai3="97,94,3,110,20,91,21,105,52,114,131,128,0"/><T4/><D123/><U64/><E121/><V73/><F68/><W102/><G110/><T45/><D106/><U98/><E111/><V34/><F34/><W108/><G108/><T70/><D4/><U133/><E2/><V72/><F129/><N who="3" m="49739" /><G114/><N who="2" m="43561" /><F8/><W32/><G32/><T51/><D127/><U96/><E43/><N who="2" m="24735" /><F116/><W119/><G119/><T104/><D104/><U16/><E55/><N who="2" m="34111" /><F72/><W35/><G35/><T103/><D28/><N who="1" m="10827" /><E25/><V86/><F86/><N who="3" m="52599" /><G3/><T65/><D71/><U10/><E134/><V38/><F38/><W125/><G0/><T1/><D65/><N who="1" m="25195" /><E133/><V118/><F118/><W15/><G125/><T122/><D70/><U46/><E46/><V18/><F18/><W12/><G52/><N who="0" m="29807" /><D1/><U88/><E78/><AGARI ba="0,0" hai="73,74,78,80,84" m="34111,24735,43561" machi="78" ten="30,2000,0" yaku="15,1,52,1" doraHai="76" who="2" fromWho="1" sc="292,0,209,-20,260,20,239,0" /><INIT seed="5,0,0,2,4,16" ten="292,189,280,239" oya="1" hai0="86,5,39,102,1,32,120,130,95,66,44,115,119" hai1="101,51,41,123,9,55,121,84,6,70,103,20,107" hai2="23,34,14,29,114,8,112,104,72,42,62,36,24" hai3="79,49,43,135,21,56,61,26,80,109,131,100,40"/><U3/><E70/><V105/><F72/><W59/><G109/><T0/><D119/><U97/><E41/><V77/><F77/><W4/><G131/><T60/><D32/><U126/><E126/><V33/><F62/><W129/><G129/><T85/><D130/><U17/><E84/><V68/><F68/><W15/><G135/><T117/><D117/><U111/><E101/><V64/><F64/><W83/><G100/><T110/><D110/><U65/><E65/><V69/><F69/><W25/><G15/><T133/><D133/><U132/><E111/><V38/><F34/><W12/><G12/><T37/><D102/><U30/><E30/><V54/><F54/><N who="3" m="31823" /><G4/><T124/><D0/><U31/><E31/><V13/><F13/><W74/><BYE who="2" /><G74/><T89/><D1/><U52/><E132/><V81/><F81/><N who="3" m="31307" /><G79/><UN n2="%E6%9C%AA%E6%9D%A5%E5%B0%91%E5%B9%B4" /><T19/><D39/><N who="2" m="14890" /><F33/><W27/><G21/><T134/><D37/><U87/><E87/><V116/><F116/><W92/><G92/><T45/><D85/><U127/><E127/><V71/><F71/><W67/><AGARI ba="0,0" hai="25,26,27,40,43,59,61,67" m="31307,31823" machi="67" ten="30,1100,0" yaku="8,1" doraHai="16" who="3" fromWho="3" sc="292,-3,189,-5,280,-3,239,11" /><INIT seed="6,0,0,5,2,116" ten="289,184,277,250" oya="2" hai0="74,14,94,26,89,37,83,48,73,134,24,58,7" hai1="93,119,6,129,88,123,68,71,104,105,41,75,113" hai2="39,69,44,76,35,62,111,84,9,3,43,102,54" hai3="118,51,19,28,40,106,78,64,117,126,55,99,12"/><V135/><F35/><W92/><G106/><T27/><D37/><U112/><E119/><V115/><F115/><N who="1" m="44105" /><E75/><V103/><F135/><W79/><G126/><T42/><D134/><U36/><E6/><V131/><F131/><W110/><G110/><T52/><D83/><U10/><E10/><V31/><F31/><W38/><G64/><T8/><REACH who="0" step="1"/><D42/><REACH who="0" ten="279,184,277,250" step="2"/><U53/><E129/><V34/><F111/><W125/><G40/><T72/><D72/><U67/><E41/><V66/><F43/><W86/><G38/><T60/><D60/><N who="1" m="40039" /><E36/><V11/><F62/><W70/><G117/><T59/><D59/><U63/><E123/><V16/><F39/><W132/><G118/><T80/><D80/><U5/><E5/><V121/><F69/><W47/><G70/><T57/><D57/><N who="1" m="35247" /><E71/><V49/><F121/><W22/><G132/><T0/><D0/><U15/><E15/><V77/><F3/><W101/><G12/><T133/><D133/><U46/><E46/><V95/><F44/><W23/><G47/><T82/><D82/><U45/><E45/><V2/><F2/><W85/><G79/><T90/><D90/><U56/><E56/><V30/><F77/><W18/><G78/><T21/><D21/><U128/><E128/><V109/><F76/><W107/><G22/><T33/><D33/><U91/><E91/><V81/><F34/><W100/><G23/><T120/><D120/><U32/><E32/><V29/><F109/><W127/><G127/><T20/><D20/><U25/><E25/><V61/><F81/><W124/><G125/><T108/><D108/><RYUUKYOKU ba="0,1" sc="279,15,184,15,277,-15,250,-15" hai0="7,8,14,24,26,27,48,52,58,73,74,89,94" hai1="88,93,104,105" /><INIT seed="7,1,1,1,4,110" ten="294,199,262,235" oya="3" hai0="57,99,16,104,130,124,114,71,132,66,76,64,23" hai1="48,42,96,73,61,26,60,107,119,70,126,98,43" hai2="39,65,94,37,40,91,123,78,56,80,30,92,83" hai3="22,11,62,6,29,25,109,82,77,0,38,15,1"/><W31/><G38/><T116/><D114/><U125/><E73/><V117/><F117/><W131/><G109/><T20/><D116/><U134/><E119/><V4/><F123/><W69/><G131/><T74/><D71/><U47/><E134/><V97/><F4/><W115/><G115/><T54/><D132/><U67/><E60/><V111/><F111/><W9/><G29/><T3/><D3/><U85/><E43/><V129/><F129/><W32/><G32/><T21/><D130/><U53/><E85/><V50/><F30/><W84/><REACH who="3" step="1"/><G9/><REACH who="3" ten="294,199,262,225" step="2"/><T51/><D23/><U81/><E107/><V33/><F33/><W102/><G102/><T59/><D21/><U13/><E26/><V45/><F37/><W88/><G88/><T128/><D20/><U89/><E13/><V55/><F39/><W27/><G27/><T90/><D90/><U8/><E8/><V135/><F91/><W79/><G79/><T49/><D76/><U58/><E89/><V120/><F78/><W17/><G17/><T63/><D16/><U133/><E133/><V14/><F135/><W12/><G12/><T103/><D128/><U93/><E81/><V41/><F14/><W34/><G34/><T100/><D103/><U112/><E112/><V35/><F35/><W86/><G86/><T2/><D100/><U105/><E105/><V44/><F83/><W7/><G7/><T18/><D18/><U24/><E24/><V28/><F80/><W106/><G106/><T108/><D104/><U118/><E118/><V68/><F28/><W5/><G5/><T19/><D108/><RYUUKYOKU ba="1,2" sc="294,-10,199,-10,262,-10,225,30" hai3="0,1,6,11,15,22,25,31,62,69,77,82,84" /><INIT seed="7,2,2,3,4,41" ten="284,189,252,255" oya="3" hai0="13,48,94,87,104,112,96,15,17,24,106,67,107" hai1="62,93,43,19,35,10,40,126,80,120,88,132,4" hai2="64,39,7,123,49,0,63,29,131,75,53,127,122" hai3="58,5,23,11,118,108,114,54,72,82,8,99,57"/><W105/><G118/><T34/><D67/><U100/><E120/><N who="2" m="46123" /><F39/><W86/><G72/><T125/><D87/><N who="1" m="50279" /><E35/><V21/><F75/><W61/><G114/><T76/><D76/><U28/><E132/><V78/><F131/><W71/><G71/><T16/><D125/><U135/><E135/><V129/><F129/><W89/><G108/><T116/><D116/><U81/><E126/><V18/><F127/><W30/><G105/><T46/><D112/><U98/><E28/><V69/><F78/><W103/><G58/><T50/><D50/><U92/><E81/><V38/><F38/><W111/><G111/><T109/><D109/><U65/><E4/><V12/><F29/><W36/><G36/><T20/><D34/><U115/><E115/><V37/><F37/><W2/><G2/><T44/><D107/><U33/><E33/><V55/><F55/><BYE who="2" /><UN n2="%E6%9C%AA%E6%9D%A5%E5%B0%91%E5%B9%B4" /><W134/><G134/><T66/><D106/><U121/><E121/><V56/><F7/><W133/><G5/><T25/><D66/><U14/><E92/><V101/><F0/><W110/><G110/><T130/><D104/><U102/><E102/><AGARI ba="2,2" hai="12,18,21,49,53,56,63,64,69,101,102" m="46123" machi="102" ten="30,1000,0" yaku="13,1" doraHai="41" who="2" fromWho="1" sc="284,0,189,-16,252,36,255,0" owari="284,8.4,173,-32.7,288,38.8,255,-14.5" /></mjloggm>