<mjloggm ver="2.3"><GO type="225" lobby="0"/><UN n0="%E8%B6%85%E7%B4%9A%E9%B3%B3%E5%87%B0" n1="%E3%83%B4%E3%83%A0%EF%BC%99%E3%81%A6" n2="%E6%A1%9C%E8%8A%B1%E9%96%83%E3%80%85" n3="%33%74%72%65%65" dan="16,16,16,16" rate="2181.79,2116.82,2119.37,2089.58" sx="F,M,M,F"/><TAIKYOKU oya="0"/><INIT seed="0,0,0,3,3,38" ten="250,250,250,250" oya="0" hai0="70,40,22,32,47,87,69,117,116,59,63,54,135" hai1="25,28,6,90,3,73,114,100,91,26,58,64,53" hai2="48,131,4,49,72,110,85,71,9,92,132,11,65" hai3="41,107,43,60,88,17,128,36,20,121,45,29,82"/><T61/><D32/><U44/><E73/><V7/><F72/><W37/><G128/><T115/><D115/><U93/><E114/><V75/><F75/><W134/><G134/><T84/><D135/><U5/><E64/><V16/><F132/><W2/><G121/><T14/><D14/><U104/><E104/><V130/><F110/><W0/><G107/><T21/><D59/><U77/><E77/><V79/><F92/><W98/><G29/><T96/><D47/><U13/><E3/><N who="2" m="159" /><F16/><W42/><G45/><T123/><D96/><U67/><E44/><V19/><F19/><W8/><G0/><T27/><D54/><U51/><E67/><V95/><F95/><N who="3" m="56679" /><G37/><T24/><D123/><U126/><E93/><V80/><F71/><W35/><G35/><T129/><REACH who="0" step="1"/><D129/><REACH who="0" ten="240,250,250,250" step="2"/><N who="2" m="49162" /><F65/><W103/><G36/><T101/><D101/><U66/><E13/><AGARI ba="0,1" hai="7,11,13,48,49,79,80,85" m="49162,159" machi="13" ten="30,1000,0" yaku="19,1" doraHai="38" who="2" fromWho="1" sc="240,0,250,-10,250,20,250,0" /><INIT seed="1,0,0,3,2,36" ten="240,240,270,250" oya="1" hai0="127,32,100,121,65,38,87,52,69,89,55,110,54" hai1="19,70,119,21,111,122,67,78,5,86,2,33,10" hai2="1,20,7,14,75,102,103,90,22,29,109,105,41" hai3="71,128,44,88,77,131,18,35,117,106,95,97,15"/><U0/><E119/><V46/><F109/><W64/><G117/><T79/><D38/><U40/><E122/><V76/><F90/><W49/><G35/><T73/><D32/><U57/><E70/><V125/><F125/><W51/><G106/><T101/><D110/><U6/><E33/><V72/><F14/><W31/><G31/><T28/><D28/><U84/><E111/><V3/><F75/><W104/><G104/><T11/><D127/><U82/><E84/><V63/><F63/><W120/><G120/><T133/><D121/><U98/><E98/><N who="2" m="61655" /><F103/><W118/><G118/><T123/><D123/><U16/><E40/><V83/><F1/><W94/><G77/><T132/><D11/><U25/><E19/><V4/><F4/><W113/><G113/><T124/><D124/><U17/><E17/><V115/><F115/><W80/><G80/><N who="0" m="45167" /><D65/><U135/><E135/><N who="0" m="51785" /><D69/><U130/><E130/><V53/><F53/><W42/><G64/><T60/><D60/><U24/><E24/><V96/><F96/><W47/><G71/><T112/><D112/><U30/><E30/><V48/><F29/><W59/><G131/><T8/><D8/><U58/><E67/><V34/><F34/><W91/><G128/><T107/><D107/><U134/><E134/><V68/><F68/><W85/><G18/><T61/><D61/><U26/><E26/><V9/><F22/><W13/><G59/><T23/><D23/><U74/><E74/><N who="2" m="43415" /><F20/><W99/><G99/><T43/><D43/><AGARI ba="0,0" hai="13,15,42,43,44,47,49,51,85,88,91,94,95,97" machi="43" ten="30,12000,2" yaku="7,1,9,1,8,1,52,2,54,1" doraHai="36" who="3" fromWho="0" sc="240,-120,240,0,270,0,250,120" /><INIT seed="2,0,0,2,3,10" ten="120,240,270,370" oya="2" hai0="97,5,46,83,56,4,35,82,1,47,126,24,20" hai1="133,122,116,95,43,51,65,131,103,3,94,31,54" hai2="121,108,41,16,64,70,18,89,128,91,75,114,118" hai3="99,123,110,87,113,135,81,73,17,76,48,42,106"/><V25/><F121/><W129/><G123/><T125/><D56/><U130/><E122/><V134/><F118/><W105/><G110/><T28/><D35/><U45/><E116/><V59/><F114/><W30/><G113/><T12/><D1/><U62/><E3/><V132/><F70/><W50/><G30/><T40/><D97/><U9/><E133/><N who="2" m="51307" /><F128/><N who="1" m="49193" /><E31/><V52/><F108/><W32/><G129/><T71/><D71/><N who="1" m="42423" /><E9/><V37/><F64/><W96/><G135/><T120/><D120/><U92/><E43/><V69/><F75/><W53/><G73/><T74/><D74/><U13/><E13/><V90/><F25/><W38/><G42/><T22/><D40/><U61/><E61/><N who="2" m="36071" /><F69/><W80/><G38/><T26/><REACH who="0" step="1"/><D28/><REACH who="0" ten="110,240,270,370" step="2"/><U2/><E2/><V101/><F101/><AGARI ba="0,1" hai="45,51,54,92,94,95,101,103" m="42423,49193" machi="101" ten="30,1000,0" yaku="19,1" doraHai="10" who="1" fromWho="2" sc="110,0,240,20,270,-10,370,0" /><INIT seed="3,0,0,5,3,25" ten="110,260,260,370" oya="3" hai0="120,14,72,134,17,83,15,54,73,135,94,49,77" hai1="47,32,13,82,55,33,104,101,5,44,3,42,130" hai2="69,97,80,108,106,56,105,103,123,35,31,60,126" hai3="9,133,125,81,64,118,95,88,129,86,57,37,113"/><W19/><G37/><T39/><D120/><U66/><E3/><V78/><F123/><W79/><G113/><T27/><D39/><U59/><E66/><N who="2" m="41159" /><F56/><W112/><G133/><T117/><D117/><U132/><E132/><V131/><F108/><W28/><G129/><T36/><D36/><U99/><E130/><V24/><F131/><W10/><G125/><T43/><D43/><U34/><E82/><V90/><F90/><W87/><G112/><T23/><D73/><U46/><E13/><V0/><F126/><W2/><G2/><T7/><D135/><U38/><REACH who="1" step="1"/><E5/><REACH who="1" ten="110,250,260,370" step="2"/><V18/><F18/><W92/><G81/><T41/><D134/><U26/><E26/><V52/><F52/><W75/><G19/><T84/><D41/><U62/><AGARI ba="0,1" hai="32,33,34,38,42,44,46,47,55,59,62,99,101,104" machi="62" ten="30,2000,0" yaku="1,1,0,1,53,0" doraHai="25" doraHaiUra="1" who="1" fromWho="1" sc="110,-5,250,30,260,-5,370,-10" owari="105,-39.5,280,8.0,255,-14.5,360,46.0" /></mjloggm>