<mjloggm ver="2.3"><GO type="225" lobby="0"/><UN n0="%E8%80%81%E6%A5%BD" n1="%E3%81%86%E3%81%9A%E3%82%89%E5%8D%B5%E3%83%95%E3%83%A9%E3%82%A4" n2="%E3%81%BE%E3%81%A8%E3%81%9F" n3="%4C%4F%4C%49%54%41" dan="16,16,16,16" rate="2121.41,2110.93,2124.86,2186.33" sx="M,M,M,F"/><TAIKYOKU oya="0"/><INIT seed="0,0,0,4,2,129" ten="250,250,250,250" oya="0" hai0="114,23,91,19,11,66,118,46,21,54,0,17,41" hai1="87,90,26,110,15,34,107,16,63,31,38,130,122" hai2="84,30,105,134,96,39,135,125,27,67,126,61,97" hai3="57,78,24,28,69,18,9,62,7,22,132,37,124"/><T92/><D114/><U127/><E122/><V8/><F39/><W94/><G37/><T68/><D118/><U1/><E1/><V53/><F8/><W55/><G124/><N who="2" m="47721" /><F84/><W70/><G78/><T75/><D75/><U4/><E127/><V13/><F53/><W58/><G132/><N who="2" m="50729" /><F13/><W33/><G94/><T112/><D92/><U73/><E15/><V65/><F105/><W109/><G109/><T86/><D54/><U14/><E87/><V128/><F128/><W52/><G9/><T47/><D11/><U104/><E14/><V108/><F108/><W77/><G7/><T115/><D86/><U76/><E38/><V123/><F123/><W25/><REACH who="3" step="1"/><G77/><REACH who="3" ten="250,250,250,240" step="2"/><T29/><D115/><U111/><E76/><V117/><F117/><W82/><G82/><T80/><D112/><U12/><E111/><V120/><F120/><W6/><G6/><T59/><D80/><U93/><E4/><V85/><F85/><W40/><G40/><T2/><D41/><U60/><E110/><V113/><F113/><W81/><G81/><T10/><D10/><U74/><E130/><V121/><F121/><W116/><G116/><T99/><D0/><U71/><E107/><V83/><F83/><W20/><G20/><T106/><D21/><U89/><E104/><V50/><F97/><W48/><AGARI ba="0,1" hai="18,22,24,25,28,33,48,52,55,57,58,62,69,70" machi="48" ten="20,12000,2" yaku="1,1,0,1,7,1,54,1,53,2" doraHai="129" doraHaiUra="51" who="3" fromWho="3" sc="250,-60,250,-30,250,-30,240,130" /><INIT seed="1,0,0,2,3,79" ten="190,220,220,370" oya="1" hai0="24,83,48,52,82,1,93,78,88,133,120,134,8" hai1="107,15,65,11,30,35,59,25,114,5,110,89,50" hai2="27,86,2,22,71,43,46,29,109,119,72,0,77" hai3="19,33,61,115,91,104,40,84,38,17,97,28,67"/><U135/><E114/><V75/><F119/><W98/><G115/><T94/><D120/><U49/><E135/><N who="0" m="51721" /><D24/><U68/><E68/><V53/><F71/><N who="3" m="42479" /><G40/><T34/><D34/><U16/><E107/><V100/><F86/><W126/><G38/><T10/><D1/><U101/><E101/><V113/><F100/><N who="3" m="62479" /><G98/><N who="0" m="57639" /><D94/><U66/><E110/><V129/><F113/><W26/><G126/><T128/><D128/><U87/><E5/><V92/><F129/><W21/><G33/><T45/><D82/><U125/><E125/><V90/><F109/><W73/><G26/><T132/><D132/><U102/><E102/><V122/><F27/><W121/><G28/><T14/><D14/><U36/><E36/><V60/><F29/><W118/><G118/><T131/><D131/><U74/><E74/><AGARI ba="0,0" hai="8,10,45,48,52,74,78,83" m="57639,51721" machi="74" ten="30,7700,0" yaku="20,1,52,1,54,2" doraHai="79" who="0" fromWho="1" sc="190,77,220,-77,220,0,370,0" /><INIT seed="2,0,0,5,4,4" ten="267,143,220,370" oya="2" hai0="74,130,135,84,19,101,48,116,52,92,3,69,127" hai1="96,43,103,45,129,104,79,67,6,32,57,23,86" hai2="11,73,14,5,134,110,0,125,30,85,98,55,33" hai3="34,15,91,90,62,93,51,80,39,13,124,71,59"/><V128/><F73/><W44/><G34/><T22/><D74/><U118/><E118/><V102/><F134/><W25/><G124/><T112/><D112/><U94/><E32/><V17/><F125/><W87/><G71/><T77/><D69/><U120/><E129/><V75/><F75/><W83/><G39/><T95/><D127/><U76/><E120/><V35/><F128/><W56/><G25/><T132/><D3/><U1/><E23/><V41/><F41/><N who="3" m="24975" /><G59/><T40/><D40/><U42/><E42/><V119/><F119/><W26/><G26/><N who="0" m="14687" /><D101/><U70/><E70/><V64/><F64/><N who="3" m="38983" /><G83/><N who="0" m="47215" /><D116/><U111/><E104/><V8/><F110/><W123/><G123/><T36/><D36/><U47/><E111/><V12/><F0/><W126/><G126/><T20/><D20/><U10/><E43/><V82/><F30/><W88/><G93/><T97/><D97/><U49/><E86/><V81/><F81/><W31/><G31/><T105/><D105/><U100/><E100/><V66/><F35/><W72/><G72/><T21/><D21/><U58/><E79/><AGARI ba="0,0" hai="13,15,79,80,87,88,90,91" m="38983,24975" machi="79" ten="30,2000,0" yaku="8,1,54,1" doraHai="4" who="3" fromWho="1" sc="267,0,143,-20,220,0,370,20" /><INIT seed="3,0,0,2,5,1" ten="267,123,220,390" oya="3" hai0="33,93,86,53,56,31,72,67,104,48,25,95,68" hai1="38,121,24,73,57,120,103,109,127,8,88,6,9" hai2="74,5,22,60,133,42,82,39,114,47,129,15,58" hai3="70,118,83,34,91,84,17,107,43,119,126,130,20"/><W102/><G70/><T35/><D72/><U27/><E73/><V12/><F114/><W79/><G34/><T128/><D35/><U32/><E32/><V94/><F133/><W2/><G2/><T108/><D108/><U23/><E38/><V45/><F129/><W28/><G28/><T29/><D29/><U3/><E109/><V50/><F94/><W132/><G43/><T97/><D86/><U21/><E103/><V59/><F22/><W65/><G65/><T13/><D13/><U89/><E57/><V85/><F74/><W111/><G126/><T87/><D87/><U98/><E98/><V77/><F60/><W36/><G130/><T4/><D4/><U51/><E51/><V41/><F15/><W113/><G84/><T0/><D0/><U101/><E101/><V99/><F99/><W55/><G102/><N who="0" m="62543" /><D128/><U52/><E3/><V100/><REACH who="2" step="1"/><F100/><REACH who="2" ten="267,123,210,390" step="2"/><W81/><G111/><T7/><D7/><U71/><E6/><V14/><F14/><W122/><G132/><T76/><D76/><U46/><E127/><V123/><F123/><W134/><G122/><T110/><D110/><U135/><E135/><V96/><F96/><W18/><G79/><T37/><D95/><U78/><E78/><V117/><F117/><W92/><G119/><T75/><D93/><U64/><E64/><V54/><F54/><W115/><G92/><T63/><D75/><U112/><E112/><V106/><F106/><W10/><G115/><T125/><D125/><U40/><E121/><V105/><F105/><W44/><G113/><T26/><D26/><U30/><E120/><RYUUKYOKU ba="0,1" sc="267,15,123,-15,210,15,390,-15" hai0="25,31,33,37,48,53,56,63,67,68" hai2="5,12,39,41,42,45,47,50,58,59,77,82,85" owari="282,8.2,108,-39.2,225,-17.5,385,48.5" /></mjloggm>