<mjloggm ver="2.3"><GO type="225" lobby="0"/><UN n0="%E6%98%93%E5%88%A9%E8%96%A9%E4%BC%AF" n1="%72%61%6B%33" n2="%54%4F%52" n3="%E9%89%A2%E5%B7%BB%E3%82%AC%E3%83%96" dan="16,18,17,16" rate="2102.30,2256.73,2225.35,2095.37" sx="F,M,M,M"/><TAIKYOKU oya="0"/><INIT seed="0,0,0,4,4,0" ten="250,250,250,250" oya="0" hai0="122,10,90,42,73,128,24,77,74,63,124,109,87" hai1="31,1,52,78,56,17,23,93,13,95,94,28,72" hai2="98,39,102,54,65,108,110,34,70,121,61,123,89" hai3="119,53,100,8,112,82,6,47,25,67,50,130,99"/><T105/><D122/><U91/><E1/><V80/><F39/><W2/><G112/><T46/><D128/><U79/><E91/><V20/><F34/><W43/><G119/><T48/><D105/><U27/><E72/><V9/><F20/><W18/><G130/><T36/><D124/><U127/><E127/><V113/><F113/><W81/><G67/><T11/><D109/><N who="2" m="42090" /><F54/><W45/><G25/><T92/><D63/><U118/><E118/><V86/><F9/><W19/><G18/><T120/><D120/><U3/><E3/><V117/><F117/><W131/><G19/><T7/><D11/><U104/><E104/><AGARI ba="0,0" hai="61,65,70,80,86,89,98,102,104,121,123" m="42090" machi="104" ten="30,1000,0" yaku="14,1" doraHai="0" who="2" fromWho="1" sc="250,0,250,-10,250,10,250,0" /><INIT seed="1,0,0,3,5,87" ten="250,240,260,250" oya="1" hai0="126,117,107,120,101,119,78,2,81,80,24,37,103" hai1="92,33,71,77,25,40,67,84,17,83,113,75,122" hai2="20,13,97,41,68,91,129,64,35,99,34,125,56" hai3="82,57,112,22,79,26,27,130,12,105,73,47,39"/><U45/><E113/><V100/><F68/><W123/><G123/><T76/><D37/><U3/><E122/><V74/><F74/><W114/><G105/><T61/><D120/><U42/><E42/><V53/><F64/><W110/><G110/><T16/><D2/><U44/><E44/><V134/><F41/><W66/><G47/><T29/><D126/><U52/><E3/><V23/><F125/><W111/><G39/><T6/><D6/><U69/><E67/><V60/><F134/><W124/><G27/><T121/><D121/><U89/><E52/><V28/><F129/><W95/><G111/><T21/><D61/><U88/><E89/><V31/><F35/><W46/><G46/><T48/><D48/><U38/><REACH who="1" step="1"/><E17/><REACH who="1" ten="250,230,260,250" step="2"/><V58/><F91/><W131/><G66/><T10/><D16/><U116/><E116/><V62/><F53/><W72/><G114/><T135/><D119/><U19/><E19/><V7/><F58/><W90/><G57/><T109/><D117/><U50/><E50/><V18/><F56/><W65/><G65/><T5/><D135/><U98/><E98/><V133/><F133/><W59/><G59/><T9/><D109/><U118/><E118/><V4/><F97/><N who="3" m="57591" /><G112/><T104/><D78/><U54/><E54/><V8/><F99/><W1/><G1/><T15/><D76/><U93/><E93/><V106/><F18/><N who="3" m="12631" /><G124/><T108/><D108/><U102/><E102/><V63/><F100/><N who="0" m="38474" /><D104/><U86/><E86/><V49/><F106/><W85/><G12/><N who="0" m="5167" /><D107/><U128/><E128/><AGARI ba="0,1" hai="72,73,79,82,85,128,130,131" m="12631,57591" machi="128" ten="30,2000,0" yaku="19,1,52,1" doraHai="87" who="3" fromWho="1" sc="250,0,230,-20,260,0,250,30" /><INIT seed="2,0,0,1,1,8" ten="250,210,260,280" oya="2" hai0="12,117,57,0,5,60,42,16,92,78,134,37,11" hai1="69,51,18,80,19,95,82,58,121,111,124,118,61" hai2="68,103,72,94,9,33,35,75,98,40,120,14,74" hai3="31,132,86,116,115,93,90,13,20,76,30,96,23"/><V1/><F120/><W59/><G116/><T128/><D117/><U129/><E118/><V38/><F68/><W84/><G132/><T66/><D134/><U85/><E111/><V52/><F1/><W36/><G36/><T122/><D122/><U2/><E2/><V32/><F52/><W104/><G104/><T89/><D128/><U123/><E124/><V55/><F55/><W97/><G115/><T64/><D78/><U4/><E129/><V135/><F135/><W15/><G76/><T39/><D64/><U56/><E95/><V107/><F107/><W21/><G59/><T24/><D24/><U62/><E85/><N who="3" m="32874" /><G97/><T73/><D42/><U88/><E4/><V50/><F38/><W41/><G41/><T125/><D73/><U108/><E108/><V105/><F105/><W109/><G109/><T63/><D63/><U133/><E133/><V70/><F70/><W27/><G27/><T83/><D83/><U126/><E69/><V28/><F28/><AGARI ba="0,0" hai="13,15,20,21,23,28,30,31,90,93,96" m="32874" machi="28" ten="30,3900,0" yaku="8,1,52,2" doraHai="8" who="3" fromWho="2" sc="250,0,210,0,260,-39,280,39" /><INIT seed="3,0,0,5,4,76" ten="250,210,221,319" oya="3" hai0="97,27,54,98,114,58,109,69,38,4,96,63,100" hai1="47,88,9,26,17,24,60,125,48,39,30,41,19" hai2="45,5,124,33,73,74,85,15,0,36,12,127,10" hai3="81,102,72,56,133,132,43,134,80,32,120,91,126"/><W46/><G120/><T11/><D38/><U66/><E125/><N who="2" m="48203" /><F33/><W50/><G32/><T107/><D109/><U95/><E39/><V20/><F85/><W131/><G126/><T57/><D69/><U92/><E92/><V25/><F36/><W108/><G72/><N who="2" m="27753" /><F45/><W103/><G131/><T99/><D114/><U135/><E135/><V105/><F105/><W115/><G115/><T44/><D27/><U129/><E129/><V8/><F8/><W70/><G70/><T84/><D84/><U112/><E112/><V1/><F1/><W121/><G121/><T34/><D34/><U6/><E30/><AGARI ba="0,0" hai="0,5,10,12,15,20,25,30" m="27753,48203" machi="30" ten="30,1000,0" yaku="18,1" doraHai="76" who="2" fromWho="1" sc="250,0,210,-10,221,10,319,0" owari="250,5.0,200,-30.0,231,-16.9,319,41.9" /></mjloggm>