<mjloggm ver="2.3"><GO type="225" lobby="0"/><UN n0="%E3%81%86%E3%82%8C%E3%81%9F%E3%82%93%E6%9E%95" n1="%73%6C%69%63%6B%33%31%39" n2="%72%69%6F%75%63%68%61%6E" n3="%E3%82%A2%E3%83%9E%E3%83%9D%EF%BD%9E%EF%BD%9E%E3%83%A9" dan="16,17,16,17" rate="2187.24,2201.09,2185.43,2230.40" sx="F,M,M,M"/><TAIKYOKU oya="0"/><INIT seed="0,0,0,5,0,33" ten="250,250,250,250" oya="0" hai0="78,109,86,23,3,50,84,73,129,104,62,37,8" hai1="19,64,38,59,46,102,26,115,92,0,119,97,52" hai2="76,56,67,17,72,134,130,74,6,21,81,35,117" hai3="1,94,34,113,54,80,118,124,5,127,41,120,14"/><T4/><D37/><U36/><E119/><V122/><F130/><W68/><G113/><T12/><D129/><U103/><E0/><V29/><F134/><W77/><G118/><T32/><D104/><U79/><E115/><V39/><F117/><W99/><G68/><T48/><D32/><U10/><E79/><V66/><F122/><W98/><G34/><T20/><D109/><U111/><E111/><V89/><F39/><W18/><G41/><T90/><D62/><U100/><E64/><V101/><F72/><W91/><G99/><T131/><D73/><U53/><E36/><V123/><F123/><W13/><G54/><T43/><D78/><U61/><E38/><V71/><F71/><W49/><G49/><T7/><D86/><U133/><E133/><V108/><F108/><W58/><G58/><T2/><D131/><U69/><E69/><V88/><F101/><W22/><G14/><T57/><D50/><N who="1" m="28759" /><E10/><V24/><F6/><W93/><G93/><T112/><D112/><U132/><E132/><V107/><F107/><W70/><G70/><T63/><D4/><U11/><E11/><V82/><F82/><W25/><G1/><N who="0" m="11" /><D48/><U110/><E110/><V135/><F135/><W65/><G65/><N who="0" m="39151" /><D43/><U128/><E128/><V126/><F66/><W125/><G120/><T15/><D12/><U40/><E40/><V95/><F67/><W83/><G77/><T85/><D85/><U75/><E75/><V16/><F35/><W55/><G55/><T121/><D121/><U30/><E30/><N who="2" m="17679" /><F74/><W60/><G60/><T105/><D105/><U31/><E31/><RYUUKYOKU ba="0,0" sc="250,10,250,10,250,-30,250,10" hai0="7,8,15,20,23,84,90" hai1="19,26,53,59,61,92,97,100,102,103" hai3="5,13,18,22,25,80,83,91,94,98,124,125,127" /><INIT seed="0,1,0,5,5,29" ten="260,260,220,260" oya="0" hai0="128,111,70,61,106,82,28,18,107,102,42,38,91" hai1="23,134,110,26,10,120,20,104,118,87,66,126,85" hai2="16,58,130,92,35,71,122,108,8,84,133,53,135" hai3="50,105,97,83,13,30,36,123,73,59,56,101,86"/><T41/><D128/><U34/><E118/><V14/><F122/><W115/><G115/><T43/><D38/><U63/><E120/><V103/><F108/><W114/><G114/><T21/><D111/><U48/><E104/><V131/><F71/><W78/><G36/><T93/><D28/><U5/><E110/><V76/><F35/><W119/><G119/><T3/><D3/><U25/><E34/><V47/><F47/><W68/><G68/><T81/><D102/><U75/><E75/><V88/><F76/><W51/><G30/><T96/><D107/><U54/><E126/><V46/><F46/><W90/><G13/><T33/><D33/><U49/><E10/><V74/><F74/><W15/><G15/><T89/><D106/><U11/><E11/><V9/><F103/><W69/><G69/><T80/><D91/><U95/><E5/><V109/><F8/><W55/><G123/><T12/><D70/><U79/><E66/><V94/><F94/><N who="3" m="54615" /><G56/><T77/><REACH who="0" step="1"/><D61/><AGARI ba="1,0" hai="50,51,55,59,61,73,78,83,97,101,105" m="54615" machi="61" ten="30,1000,0" yaku="24,1" doraHai="29" who="3" fromWho="0" sc="260,-13,260,0,220,0,260,13" /><INIT seed="1,0,0,0,1,43" ten="247,260,220,273" oya="1" hai0="99,15,50,110,36,56,35,28,115,52,12,58,49" hai1="70,112,87,81,55,6,13,30,73,80,77,59,21" hai2="23,3,104,122,34,31,128,76,46,25,102,48,66" hai3="95,0,7,47,88,117,57,133,123,111,40,16,91"/><U106/><E112/><V65/><F128/><W126/><G123/><T5/><D115/><U78/><E106/><V26/><F122/><W71/><G71/><T44/><D110/><U121/><E70/><V109/><F109/><W45/><G0/><T51/><D35/><U19/><E121/><V39/><F3/><W134/><G7/><T120/><D28/><U101/><E101/><V67/><F39/><W94/><G126/><T132/><D120/><U93/><E93/><V4/><F4/><W22/><G57/><N who="0" m="32911" /><D36/><U62/><E6/><V61/><F76/><W103/><G103/><T86/><D132/><N who="3" m="50793" /><G40/><N who="0" m="24839" /><D99/><U116/><E116/><V96/><F61/><W92/><G117/><T54/><D5/><U83/><E83/><V11/><F11/><W125/><G125/><T129/><D129/><U113/><E113/><V2/><F2/><W37/><G37/><T24/><D24/><U82/><E82/><V105/><F104/><W127/><G127/><T72/><D72/><U64/><REACH who="1" step="1"/><E30/><REACH who="1" ten="247,250,220,273" step="2"/><V60/><F105/><W33/><G111/><T17/><D17/><U100/><E100/><V97/><F102/><W124/><G124/><T20/><D20/><U27/><E27/><V107/><F107/><W108/><G108/><T53/><D86/><U75/><E75/><V8/><F25/><N who="3" m="14535" /><G33/><T9/><D9/><U68/><E68/><N who="2" m="42023" /><F8/><W114/><G114/><T118/><D118/><U63/><E63/><AGARI ba="0,1" hai="12,15,51,53,54,56,58,63" m="24839,32911" machi="63" ten="30,3900,0" yaku="8,1,52,1,54,1" doraHai="43" who="0" fromWho="1" sc="247,49,250,-39,220,0,273,0" /><INIT seed="2,0,0,0,4,119" ten="296,211,220,273" oya="2" hai0="89,50,19,8,4,108,110,31,131,10,57,54,13" hai1="95,28,96,75,93,99,106,42,77,105,55,60,27" hai2="83,130,125,48,122,117,41,94,68,12,59,11,40" hai3="53,33,15,9,34,116,66,111,16,51,1,128,56"/><V71/><F122/><W87/><G111/><N who="0" m="42539" /><D131/><U5/><E5/><V84/><F117/><W82/><G128/><T6/><D31/><U101/><E42/><V23/><F130/><W132/><G132/><T63/><D89/><U64/><E55/><N who="2" m="32231" /><F68/><W0/><G66/><N who="0" m="39279" /><D10/><U36/><E36/><V134/><F71/><W74/><G74/><T129/><D129/><U61/><E77/><N who="2" m="46191" /><F125/><W69/><G69/><T2/><D2/><U22/><E75/><V14/><F134/><W102/><G102/><T92/><D92/><U38/><E38/><V81/><F81/><W85/><G116/><T121/><D121/><U17/><E17/><N who="2" m="10663" /><F94/><W91/><G0/><T73/><D73/><U18/><E18/><AGARI ba="0,0" hai="11,14,18,40,41" m="10663,46191,32231" machi="18" ten="30,1500,0" yaku="8,1" doraHai="119" who="2" fromWho="1" sc="296,0,211,-15,220,15,273,0" /><INIT seed="2,1,0,3,1,5" ten="296,196,235,273" oya="2" hai0="50,73,12,126,107,83,37,84,51,124,39,18,64" hai1="79,49,94,101,133,117,46,121,27,23,123,7,16" hai2="93,58,47,66,114,19,96,40,54,134,24,100,11" hai3="45,44,112,122,116,119,86,8,72,111,77,52,35"/><V80/><F134/><W109/><G122/><N who="1" m="46602" /><E117/><V29/><F114/><W135/><G135/><T127/><D107/><U1/><E79/><V59/><F66/><W88/><G35/><T71/><D73/><U129/><E133/><V42/><F80/><N who="3" m="45095" /><G112/><T26/><D26/><U132/><E132/><V2/><F2/><W81/><G45/><T89/><D64/><U74/><E74/><V108/><F108/><N who="3" m="41547" /><G8/><N who="0" m="6407" /><D71/><U14/><E129/><V102/><F100/><W20/><G20/><T57/><D57/><N who="2" m="21514" /><F29/><W105/><G105/><T0/><D0/><U98/><E1/><V113/><F113/><W76/><G76/><T61/><D61/><U63/><E63/><V118/><F118/><W110/><G110/><T65/><D65/><U33/><E33/><V53/><F47/><W34/><G34/><T91/><D91/><U103/><E103/><V68/><F68/><W43/><G43/><N who="2" m="16425" /><F24/><W115/><G115/><T15/><D37/><U10/><E46/><V125/><F125/><W60/><G60/><T87/><D39/><U85/><E49/><AGARI ba="1,0" hai="44,49,52,81,86,88,116,119" m="41547,45095" machi="49" ten="30,3900,0" yaku="14,1,54,2" doraHai="5" who="3" fromWho="1" sc="296,0,196,-42,235,0,273,42" /><INIT seed="3,0,0,0,2,126" ten="296,154,235,315" oya="3" hai0="5,34,90,18,76,50,81,10,125,3,72,47,94" hai1="89,4,40,86,38,28,109,16,108,130,25,78,0" hai2="46,112,75,80,63,1,64,74,14,79,99,24,19" hai3="6,115,70,121,96,84,20,13,22,60,67,120,103"/><W131/><G131/><T62/><D125/><U41/><E78/><V15/><F1/><W45/><G115/><T49/><D34/><U59/><E130/><V123/><F112/><W114/><G114/><T48/><D62/><U77/><E77/><V66/><F75/><W98/><G22/><T51/><D18/><U42/><E38/><V92/><F123/><W101/><G84/><T73/><D73/><U68/><E68/><V106/><F106/><W7/><G45/><T26/><D26/><U35/><E59/><V104/><F104/><W37/><G37/><T85/><REACH who="0" step="1"/><D51/><REACH who="0" ten="286,154,235,315" step="2"/><U53/><E53/><AGARI ba="0,1" hai="3,5,10,47,48,49,50,53,72,76,81,85,90,94" machi="53" ten="30,3900,0" yaku="1,1,2,1,7,1,53,0" doraHai="126" doraHaiUra="31" who="0" fromWho="1" sc="286,49,154,-39,235,0,315,0" owari="335,43.5,115,-38.5,235,-16.5,315,11.5" /></mjloggm>