<mjloggm ver="2.3"><GO type="225" lobby="0"/><UN n0="%E3%81%8B%E3%82%8F%E3%81%A1%E3%82%83%E3%82%93%35%38" n1="%E3%81%AA%E3%81%A3%E3%81%8D%E3%82%8A" n2="%65%6B%61%72%75%74%65" n3="%E5%8D%A0%E3%81%84%E5%B8%AB%E8%A3%8F%E3%81%AA%E3%81%84%E3%81%97" dan="17,18,16,17" rate="2169.22,2179.07,2169.60,2227.10" sx="M,M,M,M"/><TAIKYOKU oya="0"/><INIT seed="0,0,0,4,0,25" ten="250,250,250,250" oya="0" hai0="74,10,121,53,76,47,32,11,129,123,5,86,93" hai1="125,6,17,135,71,112,9,115,41,1,88,92,63" hai2="50,100,8,119,70,81,45,23,72,2,33,77,122" hai3="110,38,118,15,12,42,44,56,117,78,59,99,103"/><T130/><D32/><U28/><E41/><V95/><F122/><W126/><G110/><T116/><D74/><U104/><E104/><V4/><F119/><W101/><G126/><T96/><D116/><U61/><E125/><V98/><F33/><W87/><G87/><T106/><D106/><U14/><E135/><V75/><F70/><W134/><G134/><T91/><D47/><U30/><E71/><V90/><F23/><W69/><G69/><T43/><D53/><U94/><E94/><V40/><REACH who="2" step="1"/><F75/><REACH who="2" ten="250,250,240,250" step="2"/><W19/><G118/><T62/><D123/><U54/><E112/><V131/><F131/><W49/><G117/><T67/><D121/><U21/><E115/><V89/><AGARI ba="0,1" hai="2,4,8,40,45,50,72,77,81,89,90,95,98,100" machi="89" ten="30,2000,0" yaku="1,1,0,1,53,0" doraHai="25" doraHaiUra="114" who="2" fromWho="2" sc="250,-10,250,-5,240,30,250,-5" /><INIT seed="1,0,0,3,5,102" ten="240,245,270,245" oya="1" hai0="41,129,36,63,2,59,69,101,123,27,76,32,70" hai1="83,10,28,114,9,8,51,45,5,115,25,100,90" hai2="116,92,106,22,35,13,104,127,61,88,37,95,19" hai3="17,62,3,15,80,58,31,0,130,118,71,86,55"/><U132/><E132/><V125/><F116/><W16/><G118/><T84/><D84/><U38/><E38/><V89/><F37/><W48/><G130/><T128/><D76/><U72/><E5/><V6/><F35/><W39/><G31/><N who="0" m="19583" /><D2/><U57/><E57/><V107/><F61/><W33/><G33/><T30/><D30/><U91/><E100/><V93/><REACH who="2" step="1"/><F6/><REACH who="2" ten="240,245,260,245" step="2"/><W108/><G39/><T112/><D36/><U133/><E133/><V79/><F79/><W135/><G135/><T4/><D4/><U98/><E114/><V42/><F42/><W11/><G108/><T29/><D41/><U40/><E115/><V122/><F122/><W12/><G62/><T78/><D112/><U65/><E65/><V50/><F50/><W120/><G120/><T20/><D78/><U67/><E67/><V64/><F64/><W97/><G71/><T47/><D123/><U117/><E117/><V66/><F66/><W7/><G7/><T24/><D70/><U77/><REACH who="1" step="1"/><E98/><REACH who="1" ten="240,235,260,245" step="2"/><V87/><F87/><W109/><G97/><T1/><D69/><U110/><E110/><V46/><F46/><W49/><G109/><T56/><D47/><U96/><E96/><V134/><F134/><W52/><G0/><T113/><D1/><U85/><E85/><V21/><F21/><AGARI ba="0,2" hai="8,9,10,21,25,28,40,45,51,72,77,83,90,91" machi="21" ten="40,3900,0" yaku="1,1,53,1" doraHai="102" doraHaiUra="23" who="1" fromWho="2" sc="240,0,235,59,260,-39,245,0" /><INIT seed="1,1,0,1,2,37" ten="240,294,221,245" oya="1" hai0="9,101,76,39,47,115,112,83,1,62,28,118,103" hai1="129,134,55,88,97,92,125,87,63,116,122,64,131" hai2="135,110,51,114,126,5,75,19,42,80,107,70,18" hai3="56,16,12,27,25,45,84,91,61,11,31,111,102"/><U74/><E122/><V96/><F70/><W133/><G111/><T72/><D118/><U69/><E116/><V26/><F5/><W128/><G128/><N who="1" m="49226" /><E134/><V36/><F36/><W60/><G133/><T0/><D28/><U38/><E74/><V68/><F68/><W100/><G60/><T6/><D0/><U98/><E125/><V52/><F42/><W7/><G7/><T10/><D10/><U59/><E38/><V82/><F135/><W120/><G45/><T3/><D3/><U99/><E69/><V48/><F48/><W49/><G49/><T15/><D15/><U73/><E73/><V41/><F41/><W78/><G78/><T108/><D108/><U34/><E34/><V23/><F110/><W132/><G120/><T77/><D77/><U30/><E30/><V121/><F121/><W17/><G17/><T119/><D119/><U71/><E71/><V53/><F53/><AGARI ba="1,0" hai="53,55,59,63,64,87,88,92,97,98,99" m="49226" machi="53" ten="30,2900,0" yaku="19,1,54,1" doraHai="37" who="1" fromWho="2" sc="240,0,294,32,221,-32,245,0" /><INIT seed="1,2,0,1,0,3" ten="240,326,189,245" oya="1" hai0="12,128,127,105,37,132,41,79,65,123,119,64,73" hai1="110,112,29,97,61,90,85,50,80,10,99,38,6" hai2="40,49,108,107,32,2,9,74,4,117,86,111,44" hai3="53,39,94,78,102,82,77,47,15,13,55,30,91"/><U103/><E112/><V101/><F117/><W36/><G102/><T122/><D105/><U51/><E38/><V133/><F133/><W48/><G30/><T34/><D34/><U21/><E110/><V92/><F32/><W98/><G77/><T66/><D79/><U35/><E35/><V20/><F74/><W96/><G98/><T60/><D73/><U93/><E61/><V58/><F107/><W7/><G55/><T25/><D25/><U116/><E116/><V5/><F20/><W88/><G91/><T17/><D119/><U8/><E8/><V59/><F5/><W109/><G109/><N who="2" m="42057" /><F86/><W70/><G70/><T69/><D132/><U57/><E57/><V120/><F120/><W75/><REACH who="3" step="1"/><G15/><REACH who="3" ten="240,326,189,235" step="2"/><T1/><D12/><N who="1" m="5207" /><E99/><AGARI ba="2,1" hai="2,4,9,40,44,49,58,59,92,99,101" m="42057" machi="99" ten="30,2000,0" yaku="14,1,52,1" doraHai="3" who="2" fromWho="1" sc="240,0,326,-26,189,36,235,0" /><INIT seed="2,0,0,4,3,97" ten="240,300,225,235" oya="2" hai0="82,75,20,72,70,116,100,98,66,113,67,79,110" hai1="47,44,55,46,25,104,5,124,123,26,99,52,94" hai2="0,122,106,9,24,32,31,95,41,8,90,54,129" hai3="30,1,111,108,48,42,33,7,96,130,35,126,19"/><V107/><F122/><W78/><G126/><T131/><D113/><U17/><E124/><V10/><F129/><W11/><G130/><T121/><D121/><U27/><E123/><V118/><F118/><W23/><G78/><T119/><D131/><U87/><E104/><V105/><F41/><W12/><G48/><T88/><D110/><N who="3" m="42025" /><G42/><T3/><D3/><U4/><E87/><V40/><F40/><W22/><G96/><T132/><D132/><U117/><E17/><V77/><F77/><W128/><G128/><T2/><D2/><U36/><E36/><V71/><F71/><W58/><G58/><T80/><D20/><U45/><E117/><N who="0" m="45129" /><D70/><U15/><N who="1" m="11264" /><DORA hai="61" /><U109/><E109/><V63/><F0/><W133/><G133/><T14/><D14/><U49/><E49/><V101/><F101/><W57/><G57/><T51/><D51/><U102/><E15/><V74/><F74/><N who="0" m="28202" /><D88/><U37/><E37/><V21/><F21/><W81/><G81/><N who="0" m="31339" /><D79/><U29/><E29/><V134/><F134/><W28/><G22/><T68/><D68/><U65/><E4/><V114/><F114/><W53/><G53/><N who="1" m="20554" /><E5/><V125/><F125/><W6/><G7/><T83/><N who="0" m="31347" /><T16/><DORA hai="84" /><D16/><U43/><E43/><V18/><F18/><W103/><G103/><T73/><N who="0" m="28210" /><T38/><DORA hai="112" /><D38/><U115/><E115/><V127/><F127/><W93/><G30/><T62/><D62/><U50/><E50/><V89/><REACH who="2" step="1"/><F95/><AGARI ba="0,0" hai="66,67,95,98,100" m="31347,28210,45129" machi="95" ten="50,12000,2" yaku="12,1,52,6" doraHai="97,61,84,112" who="0" fromWho="2" sc="240,120,300,0,225,-120,235,0" /><INIT seed="3,0,0,5,1,119" ten="360,300,105,235" oya="3" hai0="123,79,122,33,53,64,4,92,46,40,45,15,121" hai1="0,93,130,71,75,103,126,129,96,85,32,120,135" hai2="41,99,94,90,111,55,107,78,109,91,57,31,26" hai3="65,80,62,44,98,83,73,70,118,131,1,50,77"/><W34/><G118/><T49/><D33/><U82/><E32/><V76/><F107/><W68/><G131/><N who="1" m="50186" /><E0/><V48/><F109/><W35/><G68/><T110/><D110/><U86/><E71/><V125/><F111/><W22/><G1/><T108/><D108/><U23/><E23/><V63/><F125/><W114/><G114/><T58/><D79/><N who="1" m="44415" /><E126/><V59/><F91/><W61/><G61/><T13/><D4/><U37/><E37/><V113/><F113/><W54/><G80/><T25/><D25/><U56/><E56/><V5/><F5/><W134/><G134/><T60/><REACH who="0" step="1"/><D92/><REACH who="0" ten="350,300,105,235" step="2"/><U43/><E135/><V105/><F105/><W51/><G98/><T21/><D21/><U89/><E43/><V66/><REACH who="2" step="1"/><F41/><REACH who="2" ten="350,300,95,235" step="2"/><N who="3" m="24847" /><G77/><T36/><AGARI ba="0,2" hai="13,15,36,40,45,46,49,53,58,60,64,121,122,123" machi="36" ten="30,8000,1" yaku="1,1,0,1,52,3,53,0" doraHai="119" doraHaiUra="88" who="0" fromWho="0" sc="350,100,300,-20,95,-20,235,-40" owari="450,55.0,280,8.0,75,-42.5,195,-20.5" /></mjloggm>