<mjloggm ver="2.3"><GO type="225" lobby="0"/><UN n0="%E5%A4%9C%E5%85%89%E5%A4%A9%E6%A5%BC" n1="%6D%75%75%73%61%6E%6D%75" n2="%E3%81%82%E3%81%99%E3%81%AB%E3%82%83%E3%82%80" n3="%E6%B8%A9%E2%98%85%E6%83%85%E2%98%85%E6%8E%AA%E2%98%85%E7%BD%AE" dan="16,16,16,18" rate="2105.64,2106.85,2093.19,2211.03" sx="F,F,F,M"/><TAIKYOKU oya="0"/><INIT seed="0,0,0,3,2,133" ten="250,250,250,250" oya="0" hai0="106,101,53,72,29,76,4,119,65,83,102,34,63" hai1="124,105,104,51,84,81,132,127,85,35,126,95,37" hai2="52,13,43,129,21,18,38,54,121,90,100,112,114" hai3="56,128,111,62,45,11,3,55,97,135,2,27,20"/><T122/><D119/><U82/><E37/><V93/><F121/><W30/><G135/><T7/><D122/><U92/><E132/><V77/><F129/><W91/><G128/><T86/><D53/><U125/><E125/><V70/><F70/><W74/><G74/><T120/><D86/><N who="1" m="33387" /><E35/><V67/><F67/><W108/><G45/><T99/><D102/><U6/><E6/><V0/><F77/><W31/><G31/><T107/><D107/><N who="1" m="41035" /><E51/><V115/><F100/><W130/><G130/><T9/><D9/><U116/><E116/><V14/><F0/><W80/><G11/><T87/><D87/><U41/><E41/><V10/><F93/><AGARI ba="0,0" hai="81,82,92,93,95,124,126,127" m="41035,33387" machi="93" ten="40,16000,3" yaku="28,2,18,1,34,2,52,3" doraHai="133" who="1" fromWho="2" sc="250,0,250,160,250,-160,250,0" /><INIT seed="1,0,0,5,0,115" ten="250,410,90,250" oya="1" hai0="30,37,103,1,122,38,102,39,77,134,95,15,19" hai1="22,23,68,66,111,110,18,71,79,8,114,7,120" hai2="117,98,49,16,85,89,118,78,86,62,52,67,32" hai3="56,101,34,47,11,44,29,128,46,42,108,60,80"/><U61/><E114/><V13/><F32/><W26/><G108/><N who="1" m="41514" /><E120/><V74/><F74/><W131/><G101/><T107/><D122/><U6/><E79/><V96/><F78/><W28/><G28/><T75/><D107/><U54/><E54/><V4/><F4/><N who="1" m="1577" /><E71/><V45/><F96/><W106/><G11/><T14/><D77/><U116/><E116/><V43/><F98/><W125/><G106/><T82/><D75/><U10/><E23/><V129/><F43/><W73/><G42/><T123/><D123/><U40/><E40/><V63/><F129/><W104/><G104/><T87/><D103/><U69/><E69/><V99/><F99/><W5/><G73/><T53/><D102/><U109/><N who="1" m="41522" /><U127/><DORA hai="90" /><E127/><V112/><F112/><W132/><G125/><T51/><D53/><U126/><E126/><V17/><F85/><W9/><G131/><T57/><D87/><U0/><E0/><V25/><F25/><AGARI ba="0,0" hai="8,10,18,22,25,61,66,68" m="1577,41522" machi="25" ten="40,3900,0" yaku="14,1,10,1" doraHai="115,90" who="1" fromWho="2" sc="250,0,410,39,90,-39,250,0" /><INIT seed="1,1,0,3,4,79" ten="250,449,51,250" oya="1" hai0="25,48,119,135,133,46,26,92,33,22,43,24,42" hai1="129,73,12,64,50,20,121,30,95,35,16,57,90" hai2="102,99,69,66,36,14,108,52,97,76,127,114,78" hai3="117,37,120,38,86,2,34,60,29,10,87,40,109"/><U100/><E121/><V31/><F108/><W27/><G120/><T18/><D119/><U49/><E73/><V47/><F127/><W91/><G109/><T96/><D43/><U132/><E129/><V59/><F114/><W44/><G117/><T105/><D105/><U58/><E132/><N who="0" m="50761" /><D33/><U70/><E70/><V7/><F31/><W110/><G110/><T77/><D77/><U103/><E35/><V98/><F102/><AGARI ba="1,0" hai="18,22,24,25,26,42,46,48,92,96,102" m="50761" machi="102" ten="30,1000,0" yaku="20,1" doraHai="79" who="0" fromWho="2" sc="250,13,449,0,51,-13,250,0" /><INIT seed="2,0,0,4,5,129" ten="263,449,38,250" oya="2" hai0="123,0,76,111,94,100,131,38,83,134,96,91,32" hai1="70,26,90,41,28,62,68,101,135,20,21,98,119" hai2="128,115,114,31,25,104,80,121,88,71,14,133,95" hai3="49,120,36,22,12,117,74,30,132,89,103,13,1"/><V113/><F128/><W39/><G1/><T60/><D131/><U112/><E112/><V85/><F121/><W127/><G74/><T37/><D123/><U57/><E119/><V116/><F116/><W69/><G69/><T16/><D0/><U44/><E90/><V122/><F122/><W106/><G89/><T61/><D32/><U6/><E6/><V42/><F71/><W72/><G49/><T52/><D111/><U107/><E21/><V3/><F3/><W10/><G13/><T63/><D134/><U105/><E135/><V73/><F104/><W93/><G93/><T75/><D52/><U125/><E125/><V64/><F64/><W51/><G51/><T124/><D124/><U27/><E27/><V56/><F42/><W99/><G99/><T17/><D91/><U102/><E102/><V47/><F47/><W50/><G103/><T55/><D55/><U11/><E11/><V35/><F56/><W43/><G43/><T48/><REACH who="0" step="1"/><D48/><REACH who="0" ten="253,449,38,250" step="2"/><U8/><E101/><V46/><F133/><W23/><G50/><T2/><D2/><U118/><E118/><V45/><REACH who="2" step="1"/><F14/><REACH who="2" ten="253,449,28,250" step="2"/><W5/><G117/><T40/><D40/><U126/><E41/><V7/><F7/><W18/><G5/><T15/><D15/><U81/><E126/><V65/><F65/><W53/><G127/><T86/><D86/><U109/><E107/><V82/><F82/><W110/><G106/><T29/><D29/><U34/><E70/><V66/><F66/><W67/><G67/><T79/><D79/><AGARI ba="0,2" hai="25,31,35,45,46,73,79,80,85,88,95,113,114,115" machi="79" ten="40,3900,0" yaku="1,1,54,1,53,0" doraHai="129" doraHaiUra="19" who="2" fromWho="0" sc="253,-39,449,0,28,59,250,0" /><INIT seed="2,1,0,0,0,55" ten="214,449,87,250" oya="2" hai0="13,97,85,70,27,92,79,81,107,74,40,63,57" hai1="98,94,30,38,129,21,122,125,39,116,102,11,100" hai2="9,16,62,93,99,20,41,105,73,61,120,88,135" hai3="72,103,112,96,90,54,115,76,25,82,134,34,46"/><V31/><F120/><W5/><G134/><T26/><D70/><U114/><E116/><V0/><F73/><W56/><G5/><T47/><D13/><U91/><E114/><N who="3" m="43562" /><G46/><T3/><D3/><U84/><E129/><V124/><F135/><W67/><G67/><T131/><D107/><U32/><E32/><V37/><F124/><W65/><G65/><T71/><D71/><U15/><E125/><V64/><F105/><N who="3" m="63719" /><G90/><N who="0" m="55447" /><D74/><U130/><E130/><V104/><F104/><W80/><G80/><T1/><D1/><U119/><E119/><V123/><F123/><W43/><G43/><T89/><D89/><U4/><E102/><V86/><F37/><W24/><G34/><T87/><D87/><U29/><E122/><V10/><F41/><W18/><G18/><T19/><D19/><U83/><E29/><V17/><F0/><W28/><G28/><T14/><D14/><U52/><E30/><V12/><F31/><W109/><G109/><T51/><D131/><U106/><E21/><N who="2" m="11399" /><F99/><W66/><G66/><AGARI ba="1,0" hai="26,27,40,47,51,57,63,66,79,81,85" m="55447" machi="66" ten="30,2000,0" yaku="8,1,52,1" doraHai="55" who="0" fromWho="3" sc="214,23,449,0,87,0,250,-23" /><INIT seed="3,0,0,0,2,118" ten="237,449,87,227" oya="3" hai0="133,26,37,61,125,41,63,25,80,12,47,62,18" hai1="90,11,96,78,124,20,132,53,79,110,119,128,7" hai2="59,64,48,91,23,8,32,95,45,57,74,69,97" hai3="46,113,99,72,123,135,21,126,38,88,4,50,98"/><W89/><G123/><T31/><D125/><U81/><E124/><V52/><F74/><W55/><G126/><T76/><D31/><U36/><E36/><V28/><F32/><W106/><G113/><T103/><D103/><U102/><E119/><V75/><F75/><W82/><G135/><T13/><D13/><U121/><E121/><V129/><F129/><W94/><G4/><T101/><D101/><U66/><E110/><V87/><F69/><W51/><G38/><T92/><D92/><U3/><E66/><V34/><F34/><W15/><G106/><T43/><D43/><U117/><E117/><V54/><F64/><W33/><G33/><T131/><D133/><U115/><E115/><V114/><F114/><W30/><G72/><T85/><REACH who="0" step="1"/><D131/><REACH who="0" ten="227,449,87,227" step="2"/><U109/><E132/><V44/><F8/><AGARI ba="0,1" hai="8,12,18,25,26,37,41,47,61,62,63,76,80,85" machi="8" ten="40,2600,0" yaku="1,1,2,1,53,0" doraHai="118" doraHaiUra="134" who="0" fromWho="2" sc="227,36,449,0,87,-26,227,0" owari="263,6.3,449,54.9,61,-43.9,227,-17.3" /></mjloggm>