<mjloggm ver="2.3"><GO type="225" lobby="0"/><UN n0="%E4%B8%89%E5%86%A0%E7%8E%8B%E3%83%BB%E5%B1%B1%E7%94%B0%E5%93%B2%E4%BA%BA" n1="%E9%A2%A8%E3%81%A7%E9%B3%B4%E3%81%8F" n2="%E3%81%A1%E3%82%85%E3%81%86%E3%81%A9%E3%81%8F%E8%B1%A1%E3%81%95%E3%82%93" n3="%E8%81%B7%E6%A5%AD%E3%80%81%E9%A2%A8%32" dan="16,16,17,16" rate="2175.19,2123.63,2148.82,2089.98" sx="M,M,M,M"/><TAIKYOKU oya="0"/><INIT seed="0,0,0,3,0,49" ten="250,250,250,250" oya="0" hai0="0,89,14,51,132,92,120,23,68,106,63,47,113" hai1="41,130,5,74,46,114,42,98,83,70,34,6,78" hai2="29,88,1,105,43,39,19,80,95,108,22,55,44" hai3="35,123,69,97,38,37,99,54,72,100,32,71,52"/><T40/><D0/><U3/><E42/><V30/><F1/><W33/><G72/><T75/><D106/><U17/><E130/><V81/><F108/><W129/><G129/><T79/><D113/><U121/><E121/><V57/><F105/><W93/><G123/><T8/><D120/><U82/><E82/><V31/><F19/><W20/><G20/><T24/><D132/><U90/><E70/><N who="3" m="26634" /><G93/><T94/><D75/><U66/><E66/><V64/><F64/><W104/><G100/><T67/><D79/><U115/><E34/><V53/><F22/><W65/><G65/><T103/><D103/><U45/><E45/><V36/><F36/><N who="3" m="13931" /><G104/><T119/><D89/><U50/><E17/><V84/><REACH who="2" step="1"/><F55/><AGARI ba="0,0" hai="32,33,35,52,54,55,97,99" m="13931,26634" machi="55" ten="40,12000,2" yaku="28,2,52,3,54,1" doraHai="49" who="3" fromWho="2" sc="250,0,250,0,250,-120,250,120" /><INIT seed="1,0,0,5,0,82" ten="250,250,130,370" oya="1" hai0="64,113,79,18,128,99,28,5,39,1,131,36,124" hai1="75,9,16,71,33,29,52,89,125,87,55,34,108" hai2="48,116,77,51,21,0,94,47,41,133,93,85,50" hai3="37,114,103,92,106,135,65,54,23,129,86,35,69"/><U14/><E75/><V91/><F116/><W32/><G37/><T31/><D64/><U83/><E71/><V61/><F0/><W17/><G114/><T24/><D113/><U98/><E125/><V102/><F133/><W78/><G129/><T81/><D124/><U110/><E98/><V63/><F21/><W57/><G106/><T19/><D99/><U44/><E29/><V62/><REACH who="2" step="1"/><F77/><REACH who="2" ten="250,250,120,370" step="2"/><W68/><G78/><T73/><D1/><U109/><E44/><V72/><F72/><W123/><G23/><T6/><D79/><U22/><E22/><V59/><F59/><W70/><G57/><T95/><D73/><U60/><E60/><V134/><F134/><W96/><G135/><T120/><D120/><U58/><REACH who="1" step="1"/><E58/><REACH who="1" ten="250,240,120,370" step="2"/><V118/><F118/><W130/><G68/><T4/><D131/><U126/><E126/><V40/><F40/><W46/><G69/><T90/><D128/><U10/><E10/><V111/><F111/><W56/><G70/><T3/><D31/><U27/><E27/><V88/><F88/><W127/><G56/><T80/><D90/><U53/><AGARI ba="0,2" hai="9,14,16,33,34,52,53,55,83,87,89,108,109,110" machi="53" ten="40,24000,3" yaku="1,1,0,1,14,1,10,1,52,1,54,2,53,1" doraHai="82" doraHaiUra="76" who="1" fromWho="1" sc="250,-80,240,260,120,-80,370,-80" /><INIT seed="1,1,0,2,5,70" ten="170,500,40,290" oya="1" hai0="82,34,101,52,60,10,117,8,113,116,38,128,62" hai1="135,11,95,28,31,96,89,79,39,115,12,106,64" hai2="26,2,19,56,7,25,100,74,47,122,93,131,41" hai3="132,3,99,134,76,111,50,15,61,69,78,102,73"/><U51/><E115/><V20/><F122/><W22/><G3/><T129/><D34/><U103/><E39/><V43/><F131/><W127/><G111/><T119/><D101/><U66/><E135/><V83/><F43/><W91/><G91/><T27/><D113/><U63/><E79/><V86/><F74/><W125/><G50/><T88/><D27/><U75/><E51/><V92/><F56/><W4/><G61/><T87/><D38/><U108/><E75/><V1/><F26/><W55/><G55/><T68/><D68/><U114/><E64/><V59/><F59/><W18/><G4/><T5/><D8/><U48/><E48/><V21/><F21/><W13/><G13/><N who="0" m="5327" /><D52/><U35/><E35/><V53/><F53/><W109/><G69/><T77/><D77/><N who="3" m="29801" /><G73/><T123/><D123/><U17/><E108/><V32/><F32/><W94/><G109/><T29/><D29/><U71/><E114/><V9/><F1/><W120/><G120/><T98/><D98/><AGARI ba="1,0" hai="11,12,17,28,31,63,66,71,89,95,96,98,103,106" machi="98" ten="30,1500,0" yaku="7,1" doraHai="70" who="1" fromWho="0" sc="170,-18,500,18,40,0,290,0" /><INIT seed="1,2,0,5,2,65" ten="152,518,40,290" oya="1" hai0="0,75,134,88,58,63,51,90,61,38,132,66,48" hai1="20,29,92,49,73,44,119,114,83,133,80,3,111" hai2="128,7,4,57,47,109,28,10,125,8,102,99,18" hai3="62,86,95,25,127,69,46,27,103,67,117,14,17"/><U55/><E3/><V37/><F109/><W70/><G127/><T6/><D38/><U32/><E111/><V89/><F28/><W59/><G117/><T42/><D75/><U12/><E32/><V115/><F125/><W26/><G46/><N who="0" m="25687" /><D51/><U21/><E114/><V124/><F124/><W110/><G110/><T104/><D104/><U82/><E73/><V93/><F115/><W31/><G31/><T24/><D24/><U100/><E133/><N who="0" m="51305" /><D61/><U54/><E119/><V120/><F120/><W68/><G86/><T74/><D74/><U105/><E105/><V39/><F128/><W96/><REACH who="3" step="1"/><G27/><REACH who="3" ten="152,518,40,280" step="2"/><T34/><D34/><U84/><E29/><V19/><F102/><W60/><G60/><T126/><D126/><U13/><E84/><V107/><F107/><W5/><G5/><T131/><D131/><U116/><E116/><V87/><F87/><W33/><G33/><T50/><D50/><U129/><E129/><V52/><F37/><W106/><G106/><T79/><D79/><U2/><E49/><N who="2" m="30863" /><F39/><W81/><G81/><T36/><D36/><U16/><E44/><V113/><F113/><W35/><G35/><T112/><D112/><U71/><E100/><V30/><F47/><W91/><G91/><T64/><D88/><U72/><E72/><V40/><F40/><W97/><G97/><T41/><D90/><U122/><E122/><V118/><F118/><W23/><AGARI ba="2,1" hai="14,17,23,25,26,59,62,67,68,69,70,95,96,103" machi="23" ten="30,12000,2" yaku="1,1,0,1,52,3,53,1" doraHai="65" doraHaiUra="15" who="3" fromWho="3" sc="152,-32,518,-62,40,-32,280,136" /><INIT seed="2,0,0,3,1,27" ten="120,456,8,416" oya="2" hai0="88,25,67,28,106,64,109,80,59,132,37,89,4" hai1="96,6,39,2,111,29,32,108,75,98,129,71,3" hai2="45,104,110,22,19,97,91,115,31,117,21,33,100" hai3="30,87,113,24,102,82,50,133,53,57,46,127,63"/><V105/><F115/><W95/><G127/><T93/><D37/><U26/><E39/><V48/><F117/><W101/><G133/><T73/><D106/><U49/><E71/><V56/><F56/><W68/><G68/><T66/><D132/><U99/><E75/><V94/><F110/><N who="1" m="42025" /><E129/><V120/><F120/><W76/><G95/><T119/><D109/><U90/><E6/><V72/><F72/><W51/><G51/><T69/><D69/><U92/><E49/><V11/><F11/><W44/><G44/><T52/><D4/><U38/><E38/><V18/><F33/><W54/><REACH who="3" step="1"/><G113/><REACH who="3" ten="120,456,8,406" step="2"/><T0/><D93/><U107/><E107/><V125/><F125/><W34/><AGARI ba="0,1" hai="24,30,34,46,50,53,54,57,63,76,82,87,101,102" machi="34" ten="20,8000,1" yaku="1,1,2,1,0,1,7,1,52,1,53,0" doraHai="27" doraHaiUra="12" who="3" fromWho="3" sc="120,-20,456,-20,8,-40,406,90" owari="100,-30.0,436,23.6,-32,-53.2,496,59.6" /></mjloggm>