<mjloggm ver="2.3"><GO type="225" lobby="0"/><UN n0="%E8%BE%9B%E5%8F%A3%E3%82%AB%E3%83%AC%E3%83%BC%E3%83%A9%E3%82%A4%E3%82%B9" n1="%E3%81%BF%E3%81%BF%E3%81%9A" n2="%4C%4F%4C%49%54%41" n3="%E9%B3%B3%E6%9D%B1%E3%81%AE%E3%81%86%E3%81%95%E3%81%8E%E3%81%95%E3%82%93" dan="17,17,16,17" rate="2270.18,2315.99,2168.88,2301.51" sx="M,M,F,M"/><TAIKYOKU oya="0"/><INIT seed="0,0,0,1,3,115" ten="250,250,250,250" oya="0" hai0="19,110,9,123,18,76,94,64,48,75,71,69,78" hai1="6,91,74,72,70,57,41,87,40,31,23,55,53" hai2="65,126,90,101,120,127,7,93,3,42,105,96,51" hai3="49,50,113,106,54,98,80,13,81,132,111,84,45"/><T124/><D123/><U82/><E70/><V46/><F120/><W61/><G111/><T43/><D124/><N who="2" m="47658" /><F65/><W107/><G132/><T95/><D110/><U25/><E55/><V15/><F3/><W121/><G113/><T28/><D28/><U131/><E131/><V102/><F105/><W44/><G121/><T77/><D75/><U11/><E74/><V66/><F66/><W47/><G98/><T79/><N who="0" m="19456" /><DORA hai="22" /><T37/><D37/><U73/><E72/><V117/><F117/><W116/><G116/><T133/><D133/><U60/><REACH who="1" step="1"/><E73/><REACH who="1" ten="250,240,250,250" step="2"/><V26/><F26/><W103/><G54/><T109/><D109/><U2/><AGARI ba="0,1" hai="2,6,11,23,25,31,40,41,53,57,60,82,87,91" machi="2" ten="20,8000,1" yaku="1,1,2,1,0,1,7,1,52,1,53,0" doraHai="115,22" doraHaiUra="119,122" who="1" fromWho="1" sc="250,-40,240,90,250,-20,250,-20" /><INIT seed="1,0,0,5,4,116" ten="210,330,230,230" oya="1" hai0="47,43,42,12,50,114,96,55,31,4,104,36,45" hai1="32,44,111,81,29,128,2,132,27,65,127,80,76" hai2="109,95,71,16,54,69,30,131,126,135,92,112,79" hai3="61,134,53,64,100,41,120,6,72,14,37,33,5"/><U67/><E127/><V86/><F126/><W121/><G72/><T97/><D114/><U39/><E128/><V123/><F109/><W60/><G33/><T115/><D115/><U108/><E2/><V22/><F112/><W48/><G100/><T56/><D104/><U117/><E117/><V88/><F135/><W18/><G5/><T106/><D106/><U77/><E132/><V63/><F123/><N who="3" m="47179" /><G6/><T68/><D68/><U11/><E11/><V87/><F30/><W40/><G18/><T124/><D124/><U125/><E125/><V93/><F131/><W13/><G13/><T15/><D31/><U57/><E80/><N who="2" m="47391" /><F69/><N who="3" m="42119" /><G14/><T17/><D4/><U84/><E77/><V26/><F71/><W9/><G9/><T1/><D1/><U78/><E78/><V91/><F91/><W25/><G25/><T85/><D85/><U20/><E32/><V10/><F10/><W129/><G134/><T62/><REACH who="0" step="1"/><D15/><REACH who="0" ten="200,330,230,230" step="2"/><U94/><E84/><V74/><F74/><W118/><G129/><T119/><D119/><U82/><E29/><V46/><F46/><N who="3" m="27799" /><G118/><T3/><D3/><U7/><E7/><V130/><F130/><W110/><G110/><T58/><D58/><AGARI ba="0,1" hai="16,22,26,54,58,63,87,88,92,93,95" m="47391" machi="58" ten="30,3900,0" yaku="8,1,54,2" doraHai="116" who="2" fromWho="0" sc="200,-39,330,0,230,49,230,0" /><INIT seed="2,0,0,5,2,25" ten="161,330,279,230" oya="2" hai0="91,114,24,0,129,30,111,23,69,72,90,37,56" hai1="106,2,49,39,42,3,100,103,55,36,81,16,46" hai2="31,120,63,98,108,126,5,54,74,117,67,9,52" hai3="73,125,33,13,15,87,47,130,86,34,127,51,121"/><V93/><F117/><W60/><G73/><T28/><D69/><U124/><E124/><N who="3" m="47690" /><G130/><T6/><D114/><U88/><E2/><V20/><F74/><W104/><G104/><T22/><D72/><U95/><E3/><V135/><F120/><W66/><G121/><T82/><D37/><U8/><E106/><V112/><F112/><W83/><G13/><T7/><D111/><U65/><E65/><V113/><F113/><W102/><G102/><N who="1" m="38954" /><E95/><V40/><F40/><N who="3" m="25063" /><G15/><T99/><D129/><U19/><E19/><V35/><F35/><N who="3" m="13323" /><G83/><T64/><D0/><U92/><E92/><V12/><F135/><W61/><G61/><N who="0" m="37927" /><D99/><U38/><E38/><V27/><F108/><W75/><G75/><T122/><D122/><U50/><E50/><V70/><F126/><W105/><G105/><T18/><D82/><U119/><E119/><V44/><F44/><W4/><G4/><N who="0" m="1579" /><D23/><U11/><E11/><V29/><F29/><AGARI ba="0,0" hai="18,22,24,28,29,30,90,91" m="1579,37927" machi="29" ten="30,7700,0" yaku="8,1,52,3" doraHai="25" who="0" fromWho="2" sc="161,77,330,0,279,-77,230,0" /><INIT seed="3,0,0,5,1,9" ten="238,330,202,230" oya="3" hai0="69,122,135,15,82,55,41,65,0,71,75,109,78" hai1="42,104,132,57,68,54,31,47,86,120,114,48,77" hai2="124,20,123,46,17,38,43,45,88,35,59,64,19" hai3="92,18,118,73,61,93,106,126,128,29,80,119,116"/><W89/><G29/><T8/><D122/><U13/><E104/><V16/><F35/><W56/><G106/><T133/><D0/><U36/><E114/><V110/><F123/><W67/><G128/><T107/><D107/><U97/><E120/><V3/><F3/><W14/><G126/><T53/><D41/><U91/><E97/><V2/><F2/><W39/><G39/><T50/><D109/><U26/><E77/><V108/><F124/><W51/><G51/><T111/><D65/><U24/><E132/><N who="0" m="50761" /><D55/><U27/><E13/><V81/><F46/><W101/><G101/><T66/><D66/><U25/><E68/><V23/><F59/><W125/><G125/><T37/><D37/><U52/><E54/><V40/><F64/><W10/><REACH who="3" step="1"/><G89/><REACH who="3" ten="238,330,202,220" step="2"/><T44/><D111/><N who="2" m="42538" /><F43/><W21/><G21/><T11/><D11/><U112/><E112/><V83/><F88/><W96/><G96/><T70/><D70/><U12/><E31/><V32/><F32/><W4/><G4/><AGARI ba="0,1" hai="4,8,15,44,50,53,69,71,75,78,82" m="50761" machi="4" ten="30,2000,0" yaku="20,1,52,1" doraHai="9" who="0" fromWho="3" sc="238,30,330,0,202,0,220,-20" owari="268,6.8,330,43.0,202,-19.8,200,-30.0" /></mjloggm>