<mjloggm ver="2.3"><GO type="225" lobby="0"/><UN n0="%E3%80%93%E3%81%97%E3%83%BC%E3%82%89%E3%80%93" n1="%33%74%72%65%65" n2="%E5%A4%9C%E5%85%89%E5%A4%A9%E6%A5%BC" n3="%E6%A1%9C%E8%8A%B1%E9%96%83%E3%80%85" dan="16,16,17,16" rate="2164.92,2159.77,2179.11,2214.72" sx="M,F,M,M"/><TAIKYOKU oya="0"/><INIT seed="0,0,0,0,5,20" ten="250,250,250,250" oya="0" hai0="128,56,74,16,22,117,54,106,65,2,129,93,17" hai1="64,62,39,31,133,18,101,28,47,24,33,48,111" hai2="59,91,21,58,0,26,40,103,89,81,76,44,96" hai3="35,70,53,126,115,82,7,71,4,52,25,67,30"/><T112/><D106/><U135/><E39/><V131/><F0/><W1/><G115/><T63/><D74/><U13/><E111/><V15/><F15/><W83/><G126/><T69/><D2/><U87/><E31/><N who="2" m="17871" /><F131/><N who="0" m="50250" /><D112/><U102/><E87/><N who="2" m="48551" /><F103/><W80/><G67/><T100/><D117/><U66/><E102/><V88/><F96/><W42/><G42/><T110/><D110/><U121/><E101/><V124/><F124/><W6/><REACH who="3" step="1"/><G1/><REACH who="3" ten="250,250,250,240" step="2"/><T49/><D65/><U57/><E66/><V78/><F78/><W95/><G95/><T104/><D93/><U19/><E121/><V85/><F85/><W116/><G116/><T99/><D69/><AGARI ba="0,1" hai="4,6,7,25,30,35,52,53,69,70,71,80,82,83" machi="69" ten="50,6400,0" yaku="1,1,52,1,54,1,53,0" doraHai="20" doraHaiUra="86" who="3" fromWho="0" sc="250,-64,250,0,250,0,240,74" /><INIT seed="1,0,0,4,3,131" ten="186,250,250,314" oya="1" hai0="105,128,27,40,107,120,115,19,96,98,111,23,10" hai1="34,32,69,113,12,116,132,4,79,73,130,60,52" hai2="109,89,93,118,57,48,101,56,82,31,108,92,17" hai3="72,24,117,80,33,77,66,87,2,78,125,26,16"/><U6/><E113/><V86/><F118/><W126/><G117/><T45/><D115/><U123/><E116/><V133/><F133/><W95/><G2/><T13/><D128/><U54/><E123/><V74/><F31/><W38/><G38/><T58/><D120/><U8/><E130/><V15/><F101/><W44/><G44/><T100/><D111/><N who="2" m="42570" /><F48/><W14/><G66/><T0/><D0/><U83/><E132/><V106/><F106/><W37/><G37/><T1/><D1/><U114/><E114/><V65/><F65/><W67/><G67/><T25/><D58/><N who="2" m="22634" /><F74/><W70/><G70/><T84/><D84/><U76/><E69/><V55/><F55/><W46/><G46/><T134/><D134/><U18/><E54/><V68/><F68/><W7/><G33/><T119/><D119/><U127/><E32/><V112/><F112/><W47/><G47/><T35/><D35/><U21/><E34/><V49/><F49/><W99/><G72/><T90/><D23/><AGARI ba="0,0" hai="15,17,23,82,86,89,92,93" m="22634,42570" machi="23" ten="30,1000,0" yaku="14,1" doraHai="131" who="2" fromWho="0" sc="186,-10,250,0,250,10,314,0" /><INIT seed="2,0,0,3,0,84" ten="176,250,260,314" oya="2" hai0="97,82,96,40,73,119,121,129,74,130,52,110,11" hai1="19,36,102,131,55,95,71,81,13,93,113,132,20" hai2="108,125,34,68,32,112,14,107,8,48,28,134,3" hai3="104,70,99,106,37,111,56,16,26,76,5,54,69"/><V64/><F107/><W103/><G37/><T58/><D121/><U101/><E113/><V83/><F112/><W127/><G111/><T62/><D110/><U65/><E132/><V15/><F108/><W9/><G76/><T0/><D40/><U66/><E131/><V115/><F115/><W10/><G106/><T126/><D126/><U35/><E35/><V124/><F134/><W39/><G39/><T7/><D119/><U114/><E36/><V88/><F3/><W85/><G85/><T105/><D82/><U120/><E71/><V31/><F48/><W25/><G25/><T98/><REACH who="0" step="1"/><D105/><REACH who="0" ten="166,250,260,314" step="2"/><U57/><E120/><V116/><F116/><W128/><G104/><T87/><D87/><U78/><E114/><V17/><F124/><W2/><G127/><T77/><D77/><U45/><E81/><V63/><F125/><W133/><G133/><T122/><D122/><U135/><E78/><V118/><F118/><W92/><G128/><AGARI ba="0,1" hai="0,7,11,52,58,62,73,74,96,97,98,128,129,130" machi="128" ten="40,5200,0" yaku="1,1,19,1,54,1,53,0" doraHai="84" doraHaiUra="29" who="0" fromWho="3" sc="166,62,250,0,260,0,314,-52" /><INIT seed="3,0,0,3,0,25" ten="228,250,260,262" oya="3" hai0="121,15,134,126,127,41,59,11,22,132,60,110,42" hai1="38,72,90,49,89,81,24,114,74,6,35,100,1" hai2="34,93,2,61,109,57,36,3,55,84,78,63,99" hai3="26,123,85,108,125,104,20,91,119,83,19,52,37"/><W95/><G119/><T45/><D22/><U69/><E38/><V14/><F36/><W135/><G123/><T96/><D96/><U130/><E114/><V88/><F109/><W23/><G104/><T71/><D121/><U107/><E1/><V106/><F34/><W51/><G37/><N who="0" m="21679" /><D42/><U10/><E69/><V124/><F3/><W97/><G125/><N who="0" m="47627" /><D110/><U58/><E107/><V87/><F2/><W120/><G135/><N who="0" m="51755" /><D15/><U76/><E100/><V31/><F106/><W0/><G108/><T50/><D11/><U46/><E10/><V54/><F14/><N who="3" m="9335" /><G120/><T32/><D32/><U64/><E35/><V4/><F124/><W112/><G112/><T5/><D5/><U13/><E13/><V65/><F4/><W79/><G0/><T86/><D86/><U27/><E6/><V101/><F87/><W7/><G7/><T62/><D71/><U48/><E24/><V115/><F84/><W68/><G68/><T80/><D80/><U103/><E27/><V40/><F115/><W122/><G122/><T21/><D21/><U67/><E81/><V73/><F40/><W44/><G26/><T43/><D43/><U29/><E74/><V98/><F73/><W82/><G23/><T12/><D12/><U75/><E72/><V113/><F113/><W39/><G39/><T66/><D66/><U92/><E64/><V56/><F65/><W118/><G83/><T77/><D77/><U30/><E76/><V117/><F78/><W16/><G16/><T116/><D116/><U53/><E67/><V70/><F117/><W94/><G118/><T8/><D8/><RYUUKYOKU ba="0,0" sc="228,15,250,-15,260,-15,262,15" hai0="50,59,60,62" hai3="44,51,52,79,82,85,91,94,95,97" /><INIT seed="3,1,0,0,1,14" ten="243,235,245,277" oya="3" hai0="17,81,49,89,125,122,74,75,92,63,96,105,60" hai1="114,100,134,21,39,76,2,88,69,82,130,18,53" hai2="118,72,28,50,98,120,11,66,90,10,0,26,20" hai3="78,65,43,70,107,93,86,103,42,29,19,61,44"/><W106/><G29/><T135/><D122/><U68/><E114/><V62/><F72/><W99/><G43/><T119/><D119/><U128/><E2/><V108/><F118/><W27/><G27/><T113/><D113/><U101/><E39/><V112/><F112/><W58/><G19/><T94/><D105/><U104/><E134/><V13/><F0/><W33/><G33/><T56/><D135/><U102/><E104/><V133/><F133/><W117/><G117/><T54/><D125/><U59/><E68/><V97/><F11/><W73/><G73/><T111/><D111/><U77/><E69/><V115/><F108/><W34/><G34/><T8/><D75/><U131/><E88/><V80/><F50/><W41/><G41/><T7/><D74/><U126/><E82/><V51/><F51/><W79/><G70/><T121/><D121/><U23/><E23/><V132/><F132/><W4/><G4/><T38/><D38/><U40/><E40/><V84/><F120/><W116/><G116/><T109/><D109/><U123/><E126/><V127/><F127/><W52/><G65/><T37/><D37/><U67/><E67/><V22/><F22/><W110/><G110/><T12/><D81/><U35/><E35/><V25/><F26/><W87/><G106/><T9/><D94/><U85/><E123/><V47/><F115/><W83/><G107/><T30/><D30/><U31/><E31/><V16/><F47/><W36/><G86/><T24/><D24/><N who="1" m="14391" /><E85/><V55/><F55/><W45/><G79/><T46/><D46/><N who="3" m="18025" /><G36/><T32/><D32/><RYUUKYOKU ba="1,0" sc="243,0,235,0,245,0,277,0" hai0="7,8,9,12,17,49,54,56,60,63,89,92,96" hai1="53,59,76,77,100,101,102,128,130,131" hai2="10,13,16,20,25,28,62,66,80,84,90,97,98" hai3="42,52,58,61,78,83,87,93,99,103" /><INIT seed="3,2,0,4,1,125" ten="243,235,245,277" oya="3" hai0="135,0,75,28,55,63,32,31,129,127,124,78,57" hai1="109,2,48,22,8,43,25,92,112,40,27,115,100" hai2="15,91,3,12,122,113,60,9,35,114,51,7,120" hai3="79,21,101,132,69,74,38,116,71,62,80,61,18"/><W17/><G116/><T103/><D0/><U5/><E109/><V13/><F51/><W126/><G38/><T26/><D135/><U64/><E64/><V77/><F77/><W46/><G126/><N who="0" m="48171" /><D31/><U6/><E6/><V87/><F60/><W96/><G132/><T45/><D103/><U56/><E27/><V73/><F73/><W111/><G46/><T49/><D78/><U86/><E43/><V34/><F87/><W95/><G111/><T117/><D75/><U52/><E40/><V118/><F91/><W14/><G71/><T36/><D36/><U106/><E106/><V30/><F118/><W50/><G50/><T107/><D107/><U68/><E68/><V85/><F85/><W134/><G69/><T89/><D89/><U72/><E72/><V33/><F30/><W102/><G134/><T97/><D97/><U84/><E84/><V128/><F128/><W88/><G18/><T94/><D94/><U121/><E121/><AGARI ba="2,0" hai="3,7,9,12,13,15,33,34,35,113,114,120,121,122" machi="121" ten="50,8000,1" yaku="13,1,34,3" doraHai="125" who="2" fromWho="1" sc="243,0,235,-86,245,86,277,0" owari="243,-15.7,149,-35.1,331,43.1,277,7.7" /></mjloggm>