<mjloggm ver="2.3"><GO type="225" lobby="0"/><UN n0="%33%74%72%65%65" n1="%E8%B6%85%E7%B4%9A%E9%B3%B3%E5%87%B0" n2="%E3%82%B7%E3%83%B3%E5%A4%AA%E6%9C%97" n3="%E3%83%B4%E3%83%A0%EF%BC%99%E3%81%A6" dan="16,16,16,16" rate="2115.94,2185.85,2120.34,2093.02" sx="F,F,M,M"/><TAIKYOKU oya="0"/><INIT seed="0,0,0,1,1,101" ten="250,250,250,250" oya="0" hai0="65,127,8,16,95,34,125,60,9,56,130,52,68" hai1="103,118,54,23,116,109,114,106,82,32,47,62,15" hai2="75,94,22,67,121,129,7,63,14,123,38,18,119" hai3="30,110,58,78,126,124,48,104,43,111,85,70,66"/><T45/><D34/><U99/><E32/><V112/><F112/><W81/><G30/><T77/><D130/><U51/><E114/><V0/><F129/><W13/><G70/><T27/><D77/><U120/><E120/><V40/><F119/><W107/><G13/><T122/><D122/><U84/><E109/><N who="3" m="41482" /><G66/><T31/><D45/><U86/><E62/><V79/><F94/><W113/><G113/><T6/><D95/><U2/><E2/><V132/><F132/><W42/><G58/><T35/><D16/><U33/><E33/><V91/><F91/><W105/><G48/><T28/><D28/><U57/><E57/><V96/><F40/><AGARI ba="0,0" hai="40,42,43,78,81,85,104,105,107,124,126" m="41482" machi="40" ten="40,8000,1" yaku="14,1,52,3" doraHai="101" who="3" fromWho="2" sc="250,0,250,0,250,-80,250,80" /><INIT seed="1,0,0,2,3,135" ten="250,250,170,330" oya="1" hai0="106,4,51,2,47,41,37,49,90,42,46,119,67" hai1="61,5,111,110,126,31,40,132,3,87,26,36,14" hai2="62,99,64,22,74,57,84,23,38,35,97,52,21" hai3="33,25,6,134,96,20,66,34,32,0,98,39,118"/><U55/><E132/><V105/><F74/><W16/><G134/><T93/><D119/><U133/><E133/><V69/><F38/><W13/><G118/><T101/><D37/><U104/><E104/><V43/><F35/><W112/><G112/><T91/><D106/><U77/><E3/><V89/><F43/><W27/><G39/><T45/><D45/><N who="1" m="23687" /><E77/><V86/><F105/><W73/><G73/><T95/><D67/><U109/><E87/><V71/><F71/><W19/><G66/><T1/><D101/><U65/><E55/><V50/><REACH who="2" step="1"/><F86/><REACH who="2" ten="250,250,160,330" step="2"/><W12/><G32/><T128/><REACH who="0" step="1"/><D4/><REACH who="0" ten="240,250,160,330" step="2"/><U17/><E5/><V81/><AGARI ba="0,2" hai="21,22,23,50,52,57,62,64,69,81,84,89,97,99" machi="81" ten="30,7900,0" yaku="1,1,2,1,0,1,54,1,53,0" doraHai="135" doraHaiUra="8" who="2" fromWho="2" sc="240,-20,250,-39,160,99,330,-20" /><INIT seed="2,0,0,0,3,96" ten="220,211,259,310" oya="2" hai0="31,43,15,78,23,0,7,29,118,102,1,12,10" hai1="20,30,120,50,86,117,64,75,100,32,99,90,60" hai2="88,104,98,128,47,9,54,103,129,92,106,89,105" hai3="71,125,116,4,108,6,27,79,57,40,66,65,94"/><V55/><F9/><W26/><G116/><T53/><D118/><U8/><E117/><V61/><F61/><W97/><G71/><T51/><D43/><U2/><E75/><V70/><F70/><W18/><G108/><T135/><D135/><U123/><E32/><V34/><F34/><W130/><G130/><N who="2" m="50281" /><F47/><W124/><G79/><T21/><D78/><U107/><E50/><V134/><F134/><W109/><G109/><T76/><D76/><U121/><E8/><V52/><AGARI ba="0,0" hai="52,54,55,88,89,92,98,103,104,105,106" m="50281" machi="52" ten="40,12000,1" yaku="19,1,52,1,54,2" doraHai="96" who="2" fromWho="2" sc="220,-40,211,-40,259,120,310,-40" /><INIT seed="2,1,0,0,3,44" ten="180,171,379,270" oya="2" hai0="113,88,121,9,123,124,108,52,16,109,118,35,84" hai1="8,20,72,74,122,119,87,71,130,115,73,34,70" hai2="53,29,3,105,32,62,116,128,1,85,65,50,99" hai3="69,107,110,126,97,104,96,46,12,78,66,101,100"/><V91/><F116/><W7/><G110/><N who="0" m="42603" /><D113/><U6/><E115/><V111/><F128/><W95/><G126/><T39/><D118/><U80/><E119/><V48/><F111/><W4/><G78/><T63/><D124/><U89/><E34/><V59/><F32/><W31/><G31/><T2/><D39/><U49/><E130/><V10/><F29/><W92/><G46/><T56/><D35/><U38/><E38/><V45/><F10/><W57/><G69/><T47/><D47/><U90/><E122/><V27/><F27/><W125/><G125/><T132/><D132/><U129/><E129/><V131/><F131/><W23/><G23/><T37/><D37/><U98/><E20/><V13/><F13/><W135/><G135/><T117/><D117/><U75/><N who="1" m="18432" /><DORA hai="103" /><U0/><REACH who="1" step="1"/><E49/><REACH who="1" ten="180,161,379,270" step="2"/><V106/><F48/><W102/><G102/><T11/><D11/><U64/><E64/><V134/><F134/><W30/><G100/><T83/><D2/><U33/><E33/><V61/><F3/><W40/><G101/><T15/><AGARI ba="1,1" hai="9,15,16,52,56,63,83,84,88,121,123" m="42603" machi="15" ten="30,7900,0" yaku="14,1,54,3" doraHai="44,103" who="0" fromWho="0" sc="180,92,161,-21,379,-40,270,-21" /><INIT seed="3,0,0,4,4,76" ten="272,140,339,249" oya="3" hai0="98,125,30,17,106,45,121,26,102,39,53,13,68" hai1="28,124,95,35,42,2,56,130,129,60,61,103,54" hai2="40,8,101,117,82,123,111,128,24,132,120,91,69" hai3="80,113,29,36,50,6,93,116,96,31,57,105,12"/><W90/><G113/><T126/><D121/><N who="2" m="46666" /><F117/><W4/><G116/><T64/><D53/><U21/><E2/><V133/><F111/><W119/><G36/><T55/><D55/><U38/><E35/><V67/><F128/><W73/><G105/><T78/><D78/><U66/><E124/><V109/><F109/><W33/><G119/><T134/><D134/><U52/><E54/><V46/><F101/><W15/><G57/><T63/><D17/><U112/><E112/><V77/><F91/><W7/><G50/><T18/><D18/><U62/><E42/><V99/><F99/><W74/><G74/><T131/><D13/><N who="3" m="5193" /><G73/><T89/><D89/><U3/><E3/><V135/><F8/><W94/><G33/><N who="0" m="20695" /><D131/><U108/><E38/><N who="2" m="21783" /><F24/><W22/><G22/><T9/><D9/><U118/><E118/><V88/><F88/><N who="3" m="55335" /><G94/><T110/><D110/><U122/><E108/><V48/><F48/><W47/><G47/><T10/><D10/><U114/><E122/><V97/><F97/><W100/><G100/><T65/><D45/><U70/><E114/><V115/><F115/><W1/><G1/><T84/><D39/><U37/><E37/><V79/><F135/><W71/><G71/><T19/><D126/><U59/><E70/><V43/><F133/><W16/><G16/><T51/><D19/><U86/><E61/><V11/><F69/><W107/><G107/><T20/><D106/><U83/><E103/><V14/><F132/><W23/><G23/><T85/><D68/><U44/><E44/><V75/><F11/><W87/><AGARI ba="0,0" hai="4,6,7,29,31,80,87,90" m="55335,5193" machi="87" ten="30,6000,0" yaku="8,1,52,1,54,1" doraHai="76" who="3" fromWho="3" sc="272,-20,140,-20,339,-20,249,60" /><INIT seed="3,1,0,3,3,116" ten="252,120,319,309" oya="3" hai0="11,93,3,19,103,20,13,65,113,101,84,64,106" hai1="67,51,95,60,40,83,122,50,135,77,8,107,70" hai2="9,0,45,14,43,12,21,29,89,53,26,121,44" hai3="5,124,4,58,110,71,109,35,25,41,24,66,39"/><W15/><G71/><T61/><D113/><U104/><E135/><V59/><F121/><W49/><G124/><T31/><D106/><U68/><E68/><V88/><F0/><W117/><G117/><T79/><D3/><U78/><E78/><V129/><F129/><W86/><G39/><T111/><D111/><N who="3" m="42505" /><G35/><T118/><D118/><U80/><E95/><V10/><F14/><W108/><N who="3" m="42513" /><W102/><DORA hai="85" /><G102/><T28/><D101/><U81/><E77/><V120/><F120/><W42/><G86/><T33/><D33/><U96/><E96/><V131/><F131/><W90/><G90/><N who="2" m="34921" /><F43/><N who="3" m="16395" /><G49/><T87/><D79/><U62/><E122/><V126/><F126/><W75/><G75/><T6/><D84/><U99/><E99/><V73/><F73/><W94/><G94/><T105/><D87/><U119/><E119/><V125/><F125/><W47/><G47/><N who="2" m="17993" /><F12/><W115/><G115/><T56/><D105/><U7/><E40/><V18/><F29/><W123/><G123/><T130/><D130/><U114/><E114/><V97/><F97/><W23/><G15/><T36/><D36/><U48/><E70/><V69/><F69/><W54/><G25/><N who="0" m="14495" /><D93/><U132/><E132/><V63/><AGARI ba="1,0" hai="9,10,18,21,26,53,59,63" m="17993,34921" machi="63" ten="30,8000,1" yaku="8,1,52,3,54,1" doraHai="116,85" who="2" fromWho="2" sc="252,-21,120,-21,319,83,309,-41" owari="231,-16.9,99,-40.1,402,50.2,268,6.8" /></mjloggm>