<mjloggm ver="2.3"><GO type="225" lobby="0"/><UN n0="%73%75%7A%75%6D%65%33" n1="%E8%81%B7%E6%A5%AD%E3%80%81%E9%A2%A8%32" n2="%E4%B8%96%E7%95%8C%E3%81%AE%E4%BA%80%E4%BA%95" n3="%E9%89%A2%E5%B7%BB%E3%82%AC%E3%83%96" dan="17,16,17,16" rate="2205.54,2170.68,2201.35,2051.38" sx="M,M,M,M"/><TAIKYOKU oya="0"/><INIT seed="0,0,0,5,3,9" ten="250,250,250,250" oya="0" hai0="71,132,29,83,15,115,70,37,41,90,3,58,33" hai1="36,94,130,0,35,86,81,63,107,53,99,108,135" hai2="98,51,77,32,28,73,24,20,14,102,124,44,84" hai3="88,38,40,67,61,104,59,65,82,8,75,118,122"/><T16/><D3/><U10/><E108/><V112/><F112/><W87/><G118/><T127/><D115/><U95/><E36/><V69/><F69/><W19/><G122/><T34/><D132/><U11/><E35/><V30/><F124/><W12/><G104/><T46/><D127/><U47/><E130/><V134/><F134/><W78/><G38/><T57/><D71/><U92/><E135/><V117/><F73/><W128/><G128/><T133/><D70/><U23/><E107/><V25/><F117/><W105/><G105/><T21/><D133/><U45/><E11/><V79/><F84/><W101/><G40/><T49/><D37/><U52/><E99/><V62/><F62/><W13/><G101/><T1/><D1/><U120/><E120/><V60/><F60/><W6/><G67/><T74/><D90/><U64/><E10/><V114/><F114/><W89/><G75/><T91/><D91/><N who="1" m="51663" /><E0/><V80/><F80/><W50/><G50/><T43/><D43/><U2/><E2/><V72/><F72/><W31/><G31/><T125/><D125/><U119/><E119/><V26/><F79/><W39/><G39/><T42/><D42/><U76/><E76/><V56/><F77/><W7/><G6/><T96/><D96/><U129/><E129/><V18/><F32/><N who="0" m="12394" /><D29/><U5/><E5/><V111/><F111/><W93/><G93/><T116/><D116/><U131/><E131/><V85/><F28/><W123/><G123/><T106/><D106/><U110/><E110/><V27/><F30/><W55/><G65/><T100/><D100/><RYUUKYOKU ba="0,0" sc="250,15,250,-15,250,-15,250,15" hai0="15,16,21,41,46,49,57,58,74,83" hai3="7,8,12,13,19,55,59,61,78,82,87,88,89" /><INIT seed="0,1,0,0,1,1" ten="265,235,235,265" oya="0" hai0="36,116,117,73,39,112,97,50,71,87,101,69,129" hai1="135,125,11,119,59,107,2,130,3,53,104,34,133" hai2="9,121,20,110,40,93,56,57,42,28,54,98,131" hai3="77,44,114,45,111,67,10,120,65,5,68,37,46"/><T6/><D73/><U62/><E34/><V13/><F110/><W132/><G114/><T113/><D87/><U105/><E119/><V94/><F131/><W80/><G111/><T72/><D72/><U58/><E130/><V24/><F121/><W27/><G132/><N who="1" m="50762" /><E125/><V47/><F93/><W61/><G120/><T32/><D129/><U74/><E74/><V84/><F84/><W85/><G67/><T96/><D50/><N who="1" m="31031" /><E11/><V48/><F56/><W64/><G64/><AGARI ba="1,0" hai="2,3,59,62,64,104,105,107" m="31031,50762" machi="64" ten="40,1300,0" yaku="20,1" doraHai="1" who="1" fromWho="3" sc="265,0,235,16,235,0,265,-16" /><INIT seed="1,0,0,1,2,0" ten="265,251,235,249" oya="1" hai0="95,76,114,21,31,81,97,84,108,23,47,82,134" hai1="53,6,112,78,32,29,118,101,20,30,94,14,105" hai2="22,87,90,11,124,35,19,99,5,36,4,69,16" hai3="61,92,93,43,42,119,10,116,80,77,27,58,121"/><U57/><E112/><V34/><F69/><W100/><G121/><T83/><D114/><U3/><E118/><N who="3" m="45098" /><G27/><N who="0" m="16879" /><D108/><U98/><E3/><V46/><F99/><N who="3" m="59495" /><G93/><T115/><D115/><U67/><E32/><V117/><F117/><W68/><G68/><T106/><D106/><U126/><E105/><V89/><F124/><W85/><G10/><T123/><D123/><U17/><E126/><V25/><F34/><W71/><G71/><T59/><D134/><U12/><E67/><AGARI ba="0,0" hai="42,43,58,61,67,77,80,85" m="59495,45098" machi="67" ten="30,1000,0" yaku="12,1" doraHai="0" who="3" fromWho="1" sc="265,0,251,-10,235,0,249,10" /><INIT seed="2,0,0,2,2,17" ten="265,241,235,259" oya="2" hai0="58,120,6,81,46,65,105,28,3,55,62,103,109" hai1="63,124,73,129,34,33,0,123,83,49,19,76,85" hai2="57,70,104,93,25,114,118,132,122,45,135,4,72" hai3="106,68,116,77,78,54,47,133,43,117,14,30,64"/><V38/><F114/><W61/><G106/><T128/><D120/><U37/><E37/><V51/><F118/><W108/><G108/><T71/><D109/><U74/><E0/><V8/><F122/><W111/><G111/><T125/><D125/><U97/><E124/><V96/><F104/><W134/><G14/><T127/><D127/><U56/><E49/><V84/><F72/><W40/><G30/><T5/><D128/><U35/><E129/><V22/><F70/><W89/><G89/><T126/><D126/><U92/><E19/><V39/><F84/><W80/><G77/><T36/><D81/><U48/><E48/><V100/><F57/><W130/><G54/><T119/><D119/><N who="3" m="45641" /><G130/><T101/><D28/><U1/><E1/><N who="2" m="15" /><F51/><W2/><G2/><T41/><D3/><U32/><N who="1" m="8192" /><DORA hai="9" /><U52/><REACH who="1" step="1"/><E123/><REACH who="1" ten="265,231,235,259" step="2"/><V44/><F38/><N who="3" m="21911" /><G43/><T90/><D41/><U12/><E12/><V69/><F39/><W27/><G27/><T13/><D36/><U98/><E98/><V20/><F25/><W66/><G66/><T50/><D65/><U15/><E15/><V121/><F121/><W79/><G64/><T87/><D50/><U59/><E59/><V86/><F69/><W31/><G68/><T21/><D58/><U110/><E110/><V115/><F44/><W99/><G99/><T26/><D46/><U24/><E24/><V42/><F45/><W18/><G18/><T82/><D26/><U67/><E67/><V23/><F42/><W95/><G31/><T29/><D71/><U11/><E11/><V91/><F115/><W107/><G61/><RYUUKYOKU ba="0,1" sc="265,-15,231,15,235,15,259,-15" hai1="52,56,63,73,74,76,83,85,92,97" hai2="20,22,23,86,91,93,96,100,132,135" /><INIT seed="2,1,1,3,0,57" ten="250,246,250,244" oya="2" hai0="107,32,26,94,96,85,70,54,8,50,72,77,55" hai1="29,34,2,56,59,40,82,47,84,127,62,14,120" hai2="102,33,90,4,28,79,104,115,133,97,73,30,118" hai3="38,51,112,23,95,9,16,91,1,92,68,78,86"/><V63/><F115/><W116/><G116/><T60/><D72/><U69/><E2/><V0/><F118/><W76/><G38/><T24/><D107/><U131/><E120/><V42/><F133/><W18/><G68/><T105/><D105/><U45/><E127/><V121/><F121/><W123/><G123/><T130/><D32/><U39/><E131/><V113/><F113/><W89/><G51/><T99/><D8/><U10/><E47/><V103/><F33/><W106/><G106/><T43/><D43/><U80/><E29/><V46/><F103/><W15/><G112/><T101/><D99/><U67/><E34/><V132/><F90/><W122/><G122/><T129/><D54/><U100/><E100/><V61/><F28/><W83/><G83/><N who="0" m="47343" /><D60/><U3/><E82/><N who="2" m="45423" /><F30/><W25/><REACH who="3" step="1"/><G1/><REACH who="3" ten="250,246,250,234" step="2"/><T22/><D70/><U37/><E3/><V48/><F48/><W65/><G65/><T66/><D66/><U6/><REACH who="1" step="1"/><E39/><REACH who="1" ten="250,236,250,234" step="2"/><N who="2" m="21855" /><F132/><W58/><G58/><T35/><D129/><U109/><E109/><V110/><F110/><W7/><G7/><T81/><D130/><U126/><E126/><V11/><AGARI ba="1,3" hai="0,4,11,61,63,97,102,104" m="21855,45423" machi="11" ten="30,6000,0" yaku="25,1,52,2" doraHai="57" who="2" fromWho="2" sc="250,-21,236,-21,250,93,234,-21" /><INIT seed="2,2,0,1,5,103" ten="229,215,343,213" oya="2" hai0="128,41,115,4,130,135,26,127,129,95,71,49,40" hai1="60,82,98,22,112,6,9,65,92,133,69,30,113" hai2="62,33,81,23,61,131,18,32,114,134,93,101,74" hai3="11,53,80,104,68,50,66,63,59,102,86,57,132"/><V75/><F114/><W16/><G132/><T31/><D135/><U111/><E111/><V88/><F131/><W55/><G102/><T89/><D115/><U108/><E108/><V17/><F101/><W64/><G104/><T90/><D71/><U39/><E133/><V13/><F134/><W10/><G68/><T56/><D4/><U87/><E39/><V72/><F81/><W20/><G66/><T2/><D2/><U77/><E22/><V48/><F48/><W118/><G64/><T117/><D127/><U51/><E30/><V94/><F18/><W52/><G55/><N who="0" m="31855" /><D117/><U58/><E92/><V5/><F94/><W97/><G97/><N who="0" m="57583" /><D90/><U124/><E98/><V99/><REACH who="2" step="1"/><F5/><REACH who="2" ten="229,215,333,213" step="2"/><W3/><G118/><T122/><D122/><U29/><E112/><V109/><F109/><W37/><G37/><T73/><D73/><U83/><E6/><V38/><F38/><W19/><G19/><T84/><D84/><U1/><E87/><V106/><F106/><W25/><REACH who="3" step="1"/><G3/><REACH who="3" ten="229,215,333,203" step="2"/><T121/><D121/><U28/><E1/><V91/><F91/><AGARI ba="2,2" hai="10,11,16,20,25,50,52,53,57,59,63,80,86,91" machi="91" ten="30,12000,2" yaku="1,1,2,1,7,1,8,1,54,2,53,1" doraHai="103" doraHaiUra="46" who="3" fromWho="2" sc="229,0,215,0,333,-126,203,146" /><INIT seed="3,0,0,3,1,82" ten="229,215,207,349" oya="3" hai0="101,13,12,117,118,18,17,51,131,113,115,96,36" hai1="67,33,28,66,43,103,4,41,20,109,37,11,22" hai2="73,21,93,79,55,35,63,87,9,70,42,121,132" hai3="80,85,8,133,88,26,99,0,24,74,64,34,32"/><W120/><G74/><T52/><D36/><U58/><E109/><V39/><F35/><W95/><G64/><T38/><D38/><U50/><E37/><V106/><F106/><W100/><G120/><T90/><D90/><U83/><E33/><V59/><F132/><W72/><G133/><T48/><D131/><U46/><E103/><V7/><F121/><W134/><G134/><T10/><D118/><U107/><E107/><V45/><F21/><W102/><G102/><T135/><D117/><U126/><E43/><V108/><F108/><W75/><G75/><T122/><D122/><U29/><E126/><V40/><F40/><W104/><G24/><T127/><D127/><U14/><E83/><N who="2" m="45551" /><F70/><W125/><G26/><T129/><D129/><U44/><E44/><V62/><F93/><W1/><G125/><T128/><D128/><U98/><E98/><V105/><F105/><W5/><G0/><T60/><D60/><N who="1" m="38167" /><E67/><V84/><F63/><W119/><G119/><T57/><D51/><U56/><E56/><V71/><F71/><W25/><G32/><T23/><REACH who="0" step="1"/><D135/><REACH who="0" ten="219,215,207,349" step="2"/><U65/><E65/><V112/><F112/><W114/><G114/><T123/><D123/><U89/><E89/><V27/><F27/><W110/><G88/><T30/><D30/><AGARI ba="0,1" hai="4,11,14,20,22,28,29,30,41,46,50" m="38167" machi="30" ten="30,1000,0" yaku="8,1" doraHai="82" who="1" fromWho="0" sc="219,-10,215,20,207,0,349,0" owari="209,-19.1,235,3.5,207,-29.3,349,44.9" /></mjloggm>