<mjloggm ver="2.3"><GO type="225" lobby="0"/><UN n0="%70%68%65%6E%6F%6D%65" n1="%33%74%72%65%65" n2="%E5%A4%96%E5%B7%9D%E7%AB%9C%E6%88%90" n3="%E3%81%A1%E3%82%85%E3%81%86%E3%81%A9%E3%81%8F%E8%B1%A1%E3%81%95%E3%82%93" dan="17,17,16,17" rate="2182.77,2161.06,2138.09,2167.59" sx="M,F,M,M"/><TAIKYOKU oya="0"/><INIT seed="0,0,0,3,2,38" ten="250,250,250,250" oya="0" hai0="30,106,127,63,103,11,53,86,129,9,132,119,115" hai1="31,43,98,52,134,71,51,50,3,120,95,40,121" hai2="22,55,114,12,19,77,13,68,39,109,108,24,110" hai3="96,81,67,133,48,88,57,83,8,58,84,128,79"/><T85/><D115/><U26/><E3/><V28/><F68/><W80/><G133/><T44/><D119/><U125/><E134/><V7/><F39/><W130/><G8/><T14/><D132/><U17/><E71/><V2/><F77/><N who="3" m="46095" /><G67/><T41/><D127/><U33/><E125/><V131/><F55/><W56/><G48/><T100/><D30/><U118/><E118/><V87/><F87/><N who="0" m="33290" /><D106/><U111/><E111/><V89/><F89/><W91/><G79/><T70/><D70/><U36/><E36/><V65/><F65/><W112/><G112/><T62/><D11/><U99/><E99/><V18/><F114/><W21/><G21/><T59/><D62/><U69/><E69/><V6/><F131/><N who="3" m="50219" /><G91/><T135/><D135/><U93/><E50/><V122/><F122/><W20/><G20/><T16/><D129/><U90/><E121/><V46/><F46/><W34/><G34/><T35/><D35/><U27/><E120/><V60/><F60/><W47/><G47/><T104/><D104/><U66/><E66/><V15/><F2/><W73/><G73/><T0/><D0/><U116/><E116/><V97/><F97/><W105/><G105/><T29/><D29/><U49/><E49/><AGARI ba="0,0" hai="9,14,16,41,44,49,53,59,63,100,103" m="33290" machi="49" ten="30,5800,0" yaku="8,1,52,1,54,1" doraHai="38" who="0" fromWho="1" sc="250,58,250,-58,250,0,250,0" /><INIT seed="0,1,0,5,5,51" ten="308,192,250,250" oya="0" hai0="15,61,115,73,87,74,95,62,53,91,109,4,18" hai1="25,132,120,76,84,71,0,66,81,13,20,69,17" hai2="55,63,16,107,89,121,106,37,26,33,54,123,21" hai3="114,101,131,102,129,96,116,78,67,12,1,133,27"/><T83/><D115/><U5/><E120/><V124/><F37/><W88/><G1/><T31/><D109/><U10/><E132/><V65/><F124/><W80/><G67/><T97/><D4/><U30/><REACH who="1" step="1"/><E66/><REACH who="1" ten="308,182,250,250" step="2"/><V7/><F123/><W6/><G133/><T125/><D125/><U94/><E94/><V72/><F107/><W134/><G134/><T50/><D73/><U28/><E28/><V45/><F106/><W93/><G114/><T9/><D31/><U64/><E64/><V52/><F72/><W135/><G135/><T38/><D74/><U79/><E79/><V14/><F121/><W68/><G78/><T70/><D70/><U86/><E86/><V110/><F110/><W34/><G129/><T3/><D3/><U56/><E56/><N who="2" m="37095" /><F33/><AGARI ba="1,1" hai="0,5,10,13,17,20,25,30,33,69,71,76,81,84" machi="33" ten="30,8000,1" yaku="1,1,7,1,24,2,53,1" doraHai="51" doraHaiUra="19" who="1" fromWho="2" sc="308,0,182,93,250,-83,250,0" /><INIT seed="1,0,0,1,0,116" ten="308,275,167,250" oya="1" hai0="109,12,44,101,91,106,14,19,100,22,7,59,62" hai1="117,124,112,127,135,33,88,45,73,31,87,9,39" hai2="4,115,8,83,26,113,37,118,71,78,36,29,17" hai3="28,54,131,27,32,46,61,77,23,56,95,34,102"/><U69/><E112/><N who="2" m="43083" /><F71/><W107/><G131/><T16/><D109/><U58/><E117/><V68/><F68/><W53/><G107/><T25/><D106/><U42/><E69/><V49/><F49/><W103/><G77/><T52/><D7/><U13/><E73/><N who="2" m="43471" /><F17/><W10/><G10/><N who="0" m="6167" /><D44/><U63/><E135/><V97/><F97/><W108/><G46/><T40/><D40/><U133/><E133/><V55/><F55/><W93/><G54/><T3/><D3/><U99/><E99/><V65/><F65/><W110/><G34/><T98/><D14/><U134/><E134/><V81/><F81/><W89/><G32/><T92/><AGARI ba="0,0" hai="19,22,25,52,59,62,91,92,98,100,101" m="6167" machi="92" ten="30,7900,0" yaku="25,1,8,1,54,2" doraHai="116" who="0" fromWho="0" sc="308,79,275,-39,167,-20,250,-20" /><INIT seed="2,0,0,4,0,105" ten="387,236,147,230" oya="2" hai0="125,40,26,133,119,15,59,83,109,42,75,37,63" hai1="50,88,126,110,58,10,100,60,108,132,94,71,78" hai2="7,28,97,95,85,124,96,14,47,79,89,74,46" hai3="67,9,101,44,31,98,30,48,99,55,61,34,25"/><V41/><F124/><W117/><G117/><T112/><D112/><U23/><E126/><V4/><F46/><W51/><G30/><T43/><D119/><U111/><E132/><V72/><F28/><W102/><G9/><T2/><D2/><U121/><E121/><V11/><F4/><W134/><G134/><T129/><D109/><U73/><E100/><V106/><F106/><W20/><G34/><T131/><D133/><U49/><E71/><V65/><F65/><W76/><G76/><N who="0" m="44447" /><D15/><U19/><E10/><V8/><F8/><W103/><REACH who="3" step="1"/><G48/><REACH who="3" ten="387,236,147,220" step="2"/><T93/><D125/><U116/><E116/><V123/><F123/><W92/><G92/><T107/><D93/><U70/><E50/><N who="2" m="26991" /><F97/><W122/><G122/><T64/><D107/><U38/><E110/><V56/><F56/><AGARI ba="0,1" hai="20,25,31,44,51,55,56,61,67,98,99,101,102,103" machi="56" ten="40,2600,0" yaku="1,1,8,1,53,0" doraHai="105" doraHaiUra="128" who="3" fromWho="2" sc="387,0,236,0,147,-26,220,36" /><INIT seed="3,0,0,4,4,26" ten="387,236,121,256" oya="3" hai0="102,5,110,54,19,92,66,107,30,114,132,29,121" hai1="86,119,10,70,16,80,60,37,64,96,21,36,46" hai2="83,0,9,58,123,44,12,95,135,25,8,11,47" hai3="116,13,111,28,24,40,33,71,81,2,68,93,39"/><W49/><G116/><T99/><D121/><U91/><E119/><V17/><F135/><W69/><G2/><T75/><D75/><U126/><E126/><V59/><F123/><W77/><G39/><T34/><D34/><U74/><E74/><V113/><F113/><W115/><G115/><T53/><D110/><U127/><E127/><V109/><F109/><W97/><G111/><T131/><D131/><U56/><E70/><V106/><F106/><W108/><G108/><T128/><D128/><U61/><E61/><V89/><F83/><W134/><G134/><T112/><D5/><U79/><E10/><V62/><F59/><W129/><G129/><T100/><D132/><U50/><E96/><V85/><F0/><W133/><G133/><T82/><D82/><U1/><E79/><V105/><F105/><W23/><G40/><T118/><D118/><U101/><E101/><V122/><F122/><W15/><G49/><T87/><D66/><U63/><E63/><V7/><F8/><W27/><G93/><T3/><D19/><U78/><E78/><V22/><F11/><W45/><G45/><T125/><D3/><U117/><E1/><V65/><REACH who="2" step="1"/><F7/><REACH who="2" ten="387,236,111,256" step="2"/><W73/><G71/><T43/><D107/><U72/><E117/><V51/><F51/><W57/><G69/><T38/><D114/><U4/><E4/><V124/><F124/><W52/><G68/><T48/><D48/><U94/><E80/><V103/><F103/><W18/><G81/><T31/><D112/><U76/><E50/><V88/><F88/><W20/><G57/><T104/><D125/><RYUUKYOKU ba="0,1" sc="387,-10,236,-10,111,30,256,-10" hai2="9,12,17,22,25,44,47,58,62,65,85,89,95" owari="387,48.7,226,-17.4,141,-35.9,246,4.6" /></mjloggm>