<mjloggm ver="2.3"><GO type="225" lobby="0"/><UN n0="%E3%81%9D%E3%81%B5%E3%81%81%E3%82%82%E3%82%93" n1="%73%75%7A%75%6D%65%33" n2="%54%4F%52" n3="%E3%81%AF%E3%82%88%E3%81%8A%E3%81%98%E3%81%95%E3%82%93" dan="16,16,17,16" rate="2120.98,2174.54,2243.28,2157.49" sx="M,M,M,M"/><TAIKYOKU oya="0"/><INIT seed="0,0,0,4,3,62" ten="250,250,250,250" oya="0" hai0="32,55,28,89,73,33,4,107,43,82,3,127,25" hai1="12,97,92,124,121,19,120,100,5,104,65,57,53" hai2="134,75,48,71,125,101,111,0,49,24,86,15,105" hai3="21,40,85,36,27,115,81,112,14,96,132,76,51"/><T52/><D107/><U47/><E124/><V117/><F0/><W122/><G36/><T31/><D127/><U38/><E5/><V29/><F75/><W126/><G126/><T84/><D73/><U23/><E104/><V46/><F125/><W94/><G132/><T123/><D123/><U8/><E8/><V9/><F134/><W103/><G122/><T108/><D108/><U113/><E113/><V72/><F72/><W99/><G14/><T90/><D43/><U135/><E135/><V22/><F111/><W74/><G96/><T130/><D130/><U63/><REACH who="1" step="1"/><E53/><REACH who="1" ten="250,240,250,250" step="2"/><V129/><F105/><W106/><G106/><T60/><D4/><U118/><E118/><V83/><F9/><W116/><G116/><T77/><D3/><U13/><E13/><V80/><F15/><W20/><G112/><T59/><REACH who="0" step="1"/><D55/><REACH who="0" ten="240,240,250,250" step="2"/><U78/><E78/><V54/><F54/><W95/><G76/><T6/><D6/><U37/><E37/><V91/><F117/><W98/><G115/><T7/><D7/><U1/><E1/><V26/><F129/><W88/><G40/><AGARI ba="0,2" hai="12,19,23,38,40,47,57,63,65,92,97,100,120,121" machi="40" ten="40,5200,0" yaku="1,1,52,1,53,1" doraHai="62" doraHaiUra="58" who="1" fromWho="3" sc="240,0,240,72,250,0,250,-52" /><INIT seed="1,0,0,4,1,48" ten="240,312,250,198" oya="1" hai0="55,90,45,129,81,82,84,91,77,3,36,127,44" hai1="58,1,31,102,119,56,94,33,52,40,15,46,85" hai2="103,120,114,89,32,20,65,13,43,17,38,96,23" hai3="117,22,73,113,87,74,30,12,92,50,2,27,6"/><U54/><E119/><V71/><F120/><W59/><G113/><T25/><D127/><U4/><E1/><V57/><F114/><W35/><G117/><T37/><D129/><U8/><E33/><V93/><F32/><W115/><G115/><T124/><D124/><U121/><E121/><V41/><F71/><W51/><G51/><T53/><D25/><U47/><E31/><V60/><F38/><W28/><G30/><T79/><D84/><U76/><E40/><V0/><F0/><AGARI ba="0,0" hai="0,3,36,37,44,45,53,55,77,79,81,82,90,91" machi="0" ten="25,6400,0" yaku="22,2,52,2" doraHai="48" who="0" fromWho="2" sc="240,64,312,0,250,-64,198,0" /><INIT seed="2,0,0,2,1,95" ten="304,312,186,198" oya="2" hai0="42,107,96,118,53,88,135,103,92,133,85,76,13" hai1="5,0,116,6,74,12,37,2,71,82,115,110,23" hai2="87,19,108,26,127,114,20,58,27,36,15,128,99" hai3="89,62,100,78,131,90,61,43,77,101,63,66,75"/><V31/><F114/><W121/><G121/><T73/><D118/><U98/><E116/><V104/><F36/><W30/><G75/><T59/><D42/><U60/><E115/><V49/><F128/><W80/><G131/><T28/><D28/><U79/><E37/><V109/><F127/><W119/><G119/><T134/><D13/><U18/><E110/><N who="2" m="42603" /><F87/><N who="3" m="50407" /><G30/><T97/><D73/><U123/><E123/><V41/><F58/><W117/><G117/><T21/><D21/><U130/><E130/><V44/><F31/><W122/><G122/><T81/><D53/><U68/><E68/><V29/><F29/><W112/><G112/><T32/><D59/><U129/><E129/><V4/><F4/><W67/><G43/><T94/><D32/><U111/><E111/><V33/><F33/><W132/><G90/><T124/><D124/><U105/><E6/><V14/><F14/><W22/><G22/><T9/><D9/><U34/><E5/><V125/><F125/><W91/><G91/><T120/><D120/><U51/><E34/><V24/><F24/><W10/><G132/><T55/><D55/><U17/><E71/><V50/><F50/><W35/><G10/><T56/><D56/><U46/><E60/><N who="3" m="15362" /><W16/><DORA hai="25" /><G16/><T86/><D134/><U65/><E18/><V39/><F39/><W84/><G35/><T40/><D40/><U8/><E17/><V54/><F41/><W83/><G78/><T57/><D57/><U47/><E79/><V113/><F113/><W93/><G93/><T52/><D52/><U7/><E7/><V72/><F72/><RYUUKYOKU ba="0,0" sc="304,10,312,-30,186,10,198,10" hai0="76,81,85,86,88,92,94,96,97,103,107,133,135" hai2="15,19,20,26,27,44,49,54,99,104" hai3="66,67,77,83,84,100,101" /><INIT seed="2,1,0,0,4,113" ten="314,282,196,208" oya="2" hai0="28,95,2,128,109,135,67,68,55,57,91,124,89" hai1="84,96,23,3,25,77,62,131,76,90,11,42,127" hai2="80,117,54,8,118,39,51,40,129,38,101,16,29" hai3="60,37,17,47,125,121,36,108,41,130,110,92,87"/><V132/><F132/><W12/><G121/><T105/><D105/><U31/><E131/><V126/><F129/><W72/><G130/><T100/><D128/><U34/><E127/><V59/><F126/><W46/><G125/><T61/><D2/><U44/><E96/><V82/><F29/><W69/><G72/><T85/><D109/><N who="3" m="42089" /><G69/><T0/><D0/><U115/><E115/><V26/><F101/><W27/><G60/><T103/><D135/><U24/><E62/><V14/><F26/><W112/><G27/><T5/><D5/><U64/><E64/><V99/><F99/><W133/><G133/><T104/><D104/><U7/><E25/><V13/><F13/><W32/><G32/><T79/><D28/><U9/><E9/><V114/><F114/><W50/><G47/><T94/><D79/><U22/><E76/><V83/><REACH who="2" step="1"/><F40/><REACH who="2" ten="314,282,186,208" step="2"/><W120/><G112/><T58/><D124/><U73/><E34/><V74/><F74/><W66/><G120/><T56/><D103/><U48/><E24/><V19/><F19/><W6/><G6/><T4/><D100/><U20/><E31/><V53/><F53/><W134/><G134/><T111/><D111/><U43/><E73/><V98/><F98/><W119/><G66/><T21/><D4/><U1/><E1/><V86/><F86/><W107/><G107/><T15/><D55/><U93/><E43/><V30/><F30/><W52/><G41/><T65/><D65/><U70/><E70/><V123/><F123/><W49/><G52/><T78/><D68/><U116/><E116/><AGARI ba="1,1" hai="8,14,16,38,39,51,54,59,80,82,83,116,117,118" machi="116" ten="40,18000,2" yaku="1,1,52,3,54,1,53,2" doraHai="113" doraHaiUra="71" who="2" fromWho="1" sc="314,0,282,-183,186,193,208,0" /><INIT seed="2,2,0,5,3,130" ten="314,99,379,208" oya="2" hai0="41,127,120,76,9,11,65,129,37,81,20,108,101" hai1="40,85,77,19,80,94,18,104,42,50,98,109,113" hai2="43,0,102,38,90,46,62,125,112,69,35,103,72" hai3="48,121,79,86,134,49,25,39,131,105,118,61,15"/><V82/><F112/><W122/><G105/><T57/><D120/><U26/><E113/><V78/><F125/><W52/><G39/><T54/><D108/><U96/><E109/><V115/><F115/><W58/><G118/><T60/><D129/><U99/><E104/><V75/><F75/><W124/><G131/><T116/><D101/><U55/><E94/><V4/><F35/><W84/><G124/><T117/><D127/><U6/><E6/><V33/><F33/><W56/><G25/><T63/><D20/><U64/><E64/><N who="2" m="41111" /><F90/><W135/><G15/><T16/><D41/><U123/><E123/><V119/><F119/><N who="0" m="45642" /><D16/><U29/><E29/><V34/><F34/><W28/><G28/><T73/><D37/><U23/><REACH who="1" step="1"/><E19/><REACH who="1" ten="314,89,379,208" step="2"/><V68/><F68/><AGARI ba="2,1" hai="9,11,54,57,60,63,65,68,73,76,81" m="45642" machi="68" ten="30,1000,0" yaku="12,1" doraHai="130" who="0" fromWho="2" sc="314,26,89,0,379,-16,208,0" /><INIT seed="3,0,0,1,4,24" ten="340,89,363,208" oya="3" hai0="81,30,78,87,63,126,119,74,55,76,18,6,47" hai1="1,99,124,19,52,95,0,20,54,101,77,60,68" hai2="48,108,72,17,46,25,92,106,116,7,96,70,112" hai3="85,97,133,23,88,40,45,131,2,3,15,129,111"/><W33/><G33/><T21/><D119/><U22/><E124/><V117/><F112/><W110/><G97/><T28/><D126/><U66/><E77/><N who="0" m="29801" /><D6/><U114/><E114/><V9/><F72/><W62/><G62/><T100/><D100/><U61/><E22/><V64/><F106/><W104/><G104/><T13/><D74/><U134/><E134/><V127/><F127/><W118/><G118/><T57/><D47/><U105/><E105/><V71/><F108/><N who="3" m="41515" /><G133/><T125/><D125/><U91/><E101/><V93/><F70/><W11/><G23/><T37/><D37/><U94/><E94/><V36/><F92/><N who="3" m="54287" /><G15/><T42/><D42/><U31/><E31/><V32/><F96/><W51/><G11/><T41/><D41/><U103/><E103/><V121/><F9/><W86/><G86/><T75/><D75/><U29/><E29/><V130/><F117/><W35/><G35/><T43/><D43/><U80/><E80/><V128/><F116/><W90/><G90/><AGARI ba="0,0" hai="13,18,21,28,30,55,57,63,81,87,90" m="29801" machi="90" ten="30,3900,0" yaku="8,1,52,2" doraHai="24" who="0" fromWho="3" sc="340,39,89,0,363,0,208,-39" owari="379,47.9,89,-41.1,363,16.3,169,-23.1" /></mjloggm>