<mjloggm ver="2.3"><GO type="225" lobby="0"/><UN n0="%E3%81%BF%E3%81%BF%E3%81%9A" n1="%33%74%72%65%65" n2="%E9%B3%B3%E6%9D%B1%E3%81%AE%E3%81%86%E3%81%95%E3%81%8E%E3%81%95%E3%82%93" n3="%E8%BE%9B%E5%8F%A3%E3%82%AB%E3%83%AC%E3%83%BC%E3%83%A9%E3%82%A4%E3%82%B9" dan="17,16,17,17" rate="2321.74,2082.36,2295.33,2272.15" sx="M,F,M,M"/><TAIKYOKU oya="0"/><INIT seed="0,0,0,0,0,29" ten="250,250,250,250" oya="0" hai0="122,90,102,85,116,15,117,134,78,35,14,37,88" hai1="56,83,133,79,119,0,30,68,38,111,113,82,81" hai2="132,93,118,96,1,75,58,114,112,13,126,57,107" hai3="49,80,41,61,7,123,62,31,89,72,17,99,127"/><T128/><D37/><U120/><E68/><V23/><F1/><W18/><G123/><T46/><D122/><U76/><E111/><V74/><F107/><W53/><G127/><T103/><D46/><U115/><E120/><V33/><F126/><W124/><G124/><T121/><D121/><U32/><E119/><V87/><F87/><N who="3" m="50407" /><G72/><T131/><D85/><U73/><E133/><V55/><F23/><W106/><G106/><T95/><D95/><U77/><E38/><V98/><F13/><W67/><G31/><T34/><D78/><U70/><E70/><V84/><F55/><W92/><G7/><T91/><D91/><U2/><E56/><V63/><F57/><N who="3" m="37295" /><G62/><T11/><REACH who="0" step="1"/><D11/><REACH who="0" ten="240,250,250,250" step="2"/><U20/><E73/><V129/><F75/><W8/><G8/><T51/><D51/><U44/><E44/><V5/><F74/><W27/><G41/><T12/><D12/><U135/><E76/><V110/><F84/><W125/><G125/><T71/><D71/><U104/><E77/><V86/><F86/><W10/><G10/><T100/><D100/><U24/><E79/><V4/><F93/><W42/><G42/><T43/><D43/><U65/><E104/><V19/><F58/><N who="3" m="33071" /><G27/><T3/><D3/><U16/><E0/><V50/><F50/><W40/><G40/><T105/><D105/><U59/><E2/><V39/><F39/><W47/><G47/><T45/><D45/><U52/><E135/><AGARI ba="0,1" hai="14,15,34,35,88,90,102,103,116,117,128,131,134,135" machi="135" ten="25,18000,2" yaku="1,1,22,2,52,2,54,1,53,0" doraHai="29" doraHaiUra="54" who="0" fromWho="1" sc="240,190,250,-180,250,0,250,0" /><INIT seed="0,1,0,3,5,29" ten="430,70,250,250" oya="0" hai0="103,55,111,42,110,132,43,11,19,91,129,4,32" hai1="36,60,73,128,51,50,77,92,1,24,64,75,47" hai2="54,37,96,16,22,63,69,102,114,35,33,124,78" hai3="130,79,71,89,30,121,6,76,48,108,107,70,2"/><T53/><D103/><U40/><E128/><V12/><F114/><W134/><G107/><T7/><D129/><U86/><E1/><V38/><F124/><W8/><G130/><T68/><D68/><U34/><E75/><V0/><F0/><W65/><G108/><N who="0" m="41515" /><D132/><U10/><E73/><V58/><F78/><W109/><G109/><T28/><D19/><U27/><E10/><V26/><F69/><W84/><G134/><T90/><D55/><U15/><E15/><V44/><F12/><W23/><G121/><T133/><D133/><U74/><E74/><V101/><F101/><W85/><G48/><T59/><D43/><U3/><E3/><V61/><F61/><W21/><G71/><T112/><D42/><U87/><E51/><V25/><F25/><W95/><G30/><T18/><D18/><U122/><E24/><V127/><F127/><W56/><G70/><T57/><D57/><U14/><E122/><V62/><F62/><W120/><G120/><T46/><D46/><U82/><E14/><V17/><F17/><W81/><G65/><T97/><D112/><U100/><E50/><V39/><REACH who="2" step="1"/><F44/><REACH who="2" ten="430,70,240,250" step="2"/><W52/><REACH who="3" step="1"/><G76/><REACH who="3" ten="430,70,240,240" step="2"/><T93/><D59/><U126/><E126/><V94/><AGARI ba="1,2" hai="16,22,26,33,35,37,38,39,54,58,63,94,96,102" machi="94" ten="30,12000,2" yaku="1,1,2,1,0,1,52,2,54,1,53,1" doraHai="29" doraHaiUra="13" who="2" fromWho="2" sc="430,-61,70,-31,240,143,240,-31" /><INIT seed="1,0,0,5,4,109" ten="369,39,383,209" oya="1" hai0="30,23,3,14,36,71,113,75,24,37,54,93,131" hai1="76,1,97,51,74,11,121,108,115,18,60,124,13" hai2="116,104,65,63,33,101,56,66,129,61,28,82,94" hai3="67,55,130,125,44,62,34,85,4,5,123,103,25"/><U86/><E115/><V134/><F116/><W41/><G123/><T96/><D3/><U40/><E121/><V39/><F104/><W17/><G125/><T48/><D75/><U16/><E124/><V73/><F39/><W87/><G130/><T81/><D71/><U53/><E108/><V107/><F129/><W132/><G132/><T128/><D128/><U68/><E74/><V57/><F107/><W133/><G133/><T47/><D81/><U70/><E1/><V27/><F134/><W135/><G135/><T90/><D131/><U118/><E118/><V117/><F117/><W83/><G103/><T26/><D113/><U38/><E38/><V7/><F7/><W64/><G55/><T21/><REACH who="0" step="1"/><D14/><REACH who="0" ten="359,39,383,209" step="2"/><U105/><E70/><V6/><F73/><W91/><G83/><T119/><D119/><U29/><E68/><V45/><F82/><W89/><G67/><T15/><D15/><U126/><E126/><V114/><F114/><W8/><G64/><T122/><D122/><U31/><E18/><AGARI ba="0,1" hai="18,21,23,24,26,30,36,37,47,48,54,90,93,96" machi="18" ten="30,7700,0" yaku="1,1,7,1,53,2" doraHai="109" doraHaiUra="22" who="0" fromWho="1" sc="359,87,39,-77,383,0,209,0" owari="446,54.6,-38,-53.8,383,18.3,209,-19.1" /></mjloggm>