<mjloggm ver="2.3"><GO type="225" lobby="0"/><UN n0="%4E%49%4A%49%49%52%4F" n1="%E3%81%82%E3%81%84%E3%81%82%E3%81%8A%E3%81%84" n2="%E6%A1%9C%E8%8A%B1%E9%96%83%E3%80%85" n3="%E3%82%B5%E3%83%AB%E3%82%B7%E3%83%B3" dan="16,18,17,16" rate="2152.55,2196.98,2187.49,2096.46" sx="M,M,M,F"/><TAIKYOKU oya="0"/><INIT seed="0,0,0,1,3,66" ten="250,250,250,250" oya="0" hai0="98,87,9,12,112,107,50,89,94,116,92,44,3" hai1="114,0,120,70,27,119,20,74,1,11,127,63,25" hai2="37,105,132,10,57,24,86,56,17,59,78,84,67" hai3="117,19,99,118,13,40,39,26,110,23,108,102,75"/><T95/><D112/><U30/><E74/><V51/><F37/><W54/><G75/><T91/><D116/><U71/><E119/><V69/><F105/><W32/><G54/><T101/><D3/><U77/><E77/><V22/><F132/><W42/><G117/><T48/><D91/><U46/><E120/><V122/><F122/><W83/><G83/><T106/><D106/><U18/><E127/><V49/><F10/><W126/><G118/><T100/><D100/><U35/><E114/><V129/><F129/><W16/><G126/><T34/><D34/><U80/><E80/><V2/><F2/><W125/><G125/><T124/><D124/><U128/><E128/><V103/><F103/><W21/><G32/><T97/><D97/><U96/><E96/><V109/><F109/><N who="3" m="42091" /><G39/><T4/><REACH who="0" step="1"/><D50/><REACH who="0" ten="240,250,250,250" step="2"/><U38/><E0/><V53/><F51/><W47/><G47/><T130/><D130/><U73/><E1/><V123/><F123/><W121/><G121/><T52/><AGARI ba="0,1" hai="4,9,12,44,48,52,87,89,92,94,95,98,101,107" machi="52" ten="20,7800,0" yaku="1,1,0,1,7,1,54,1,53,0" doraHai="66" doraHaiUra="111" who="0" fromWho="0" sc="240,88,250,-26,250,-26,250,-26" /><INIT seed="0,1,0,1,2,90" ten="328,224,224,224" oya="0" hai0="39,13,113,65,63,92,134,61,112,129,25,10,95" hai1="116,132,18,21,131,49,106,54,100,73,31,50,58" hai2="32,55,81,60,97,53,77,128,69,109,118,40,89" hai3="70,22,107,120,4,30,86,135,76,93,98,8,111"/><T80/><D39/><U36/><E36/><V12/><F32/><W115/><G70/><T23/><D134/><U101/><E116/><V1/><F1/><W110/><G115/><T42/><D129/><U26/><E132/><V87/><F128/><W11/><G135/><T14/><D42/><U114/><E131/><V79/><F118/><W44/><G120/><T48/><D48/><U43/><E73/><V15/><F109/><N who="3" m="41483" /><G107/><T19/><D112/><U124/><E124/><V0/><F0/><W121/><G121/><T83/><D113/><U88/><E114/><V56/><F69/><W85/><G44/><T108/><D14/><N who="2" m="5162" /><F40/><W51/><G51/><T34/><D34/><U84/><E106/><V94/><F53/><W68/><G68/><T104/><D104/><U2/><E2/><V6/><F6/><W47/><G47/><T67/><D108/><U38/><E38/><V5/><F5/><W102/><G76/><AGARI ba="1,0" hai="55,56,60,76,77,79,81,87,89,94,97" m="5162" machi="76" ten="30,2000,0" yaku="8,1,52,1" doraHai="90" who="2" fromWho="3" sc="328,0,224,0,224,23,224,-23" /><INIT seed="1,0,0,1,2,91" ten="328,224,247,201" oya="1" hai0="81,124,84,73,18,17,76,30,97,117,34,92,8" hai1="61,4,12,93,110,13,28,23,69,39,83,2,116" hai2="132,101,103,62,111,59,65,130,70,15,5,44,19" hai3="14,11,79,54,99,20,26,66,90,68,72,60,9"/><U108/><E39/><V42/><F111/><N who="1" m="42537" /><E116/><V7/><F132/><W106/><G72/><T46/><D117/><U131/><E131/><V47/><F70/><W3/><G79/><T107/><D124/><U63/><E83/><V6/><F130/><W121/><G121/><T122/><D122/><U31/><E2/><V95/><F47/><W10/><G3/><T22/><D34/><U49/><E49/><N who="2" m="26775" /><F95/><W48/><G14/><N who="1" m="5738" /><E4/><V33/><F33/><W85/><G106/><T51/><D8/><AGARI ba="0,0" hai="5,6,7,8,15,19,59,62,65,101,103" m="26775" machi="8" ten="30,1000,0" yaku="8,1" doraHai="91" who="2" fromWho="0" sc="328,-10,224,0,247,10,201,0" /><INIT seed="2,0,0,1,1,113" ten="318,224,257,201" oya="2" hai0="129,71,36,18,7,93,131,132,27,121,73,103,59" hai1="78,118,67,0,95,123,70,52,74,14,8,133,48" hai2="77,86,19,5,11,34,41,120,116,50,81,4,51" hai3="96,130,28,99,60,110,37,42,63,47,13,100,65"/><V54/><F120/><W23/><G110/><T94/><D71/><U125/><E0/><V124/><F124/><W76/><G130/><T112/><D36/><U126/><E123/><V12/><F34/><W97/><G76/><T26/><D73/><U33/><E33/><V72/><F72/><W16/><G28/><T6/><D121/><U40/><E40/><V134/><F134/><W30/><G30/><T85/><D112/><U38/><E38/><V108/><F108/><W84/><G84/><T53/><D132/><U90/><E133/><V101/><F116/><W64/><REACH who="3" step="1"/><G100/><REACH who="3" ten="318,224,257,191" step="2"/><T109/><D103/><U21/><E78/><V89/><F101/><W9/><G9/><T2/><D109/><U75/><E75/><V10/><F10/><W98/><N who="3" m="24576" /><DORA hai="22" /><W68/><G68/><T58/><D85/><U31/><E74/><V61/><F77/><W17/><G17/><T117/><D18/><U111/><E8/><V82/><F19/><W80/><G80/><T45/><D129/><U57/><E111/><V119/><F82/><W102/><G102/><T115/><D131/><U92/><E31/><V1/><F81/><W3/><G3/><T105/><D2/><U114/><E70/><V25/><F86/><W128/><G128/><T29/><D29/><U104/><E125/><V24/><F1/><W44/><G44/><T39/><D45/><U106/><E126/><V49/><F11/><W69/><G69/><T32/><D32/><U62/><E114/><V87/><F87/><W20/><G20/><T55/><D115/><U66/><E21/><V88/><F89/><RYUUKYOKU ba="0,1" sc="318,-10,224,-10,257,-10,191,30" hai3="13,16,23,37,42,47,60,63,64,65" /><INIT seed="3,1,1,5,5,12" ten="308,214,247,221" oya="3" hai0="16,58,41,78,20,126,120,7,91,116,80,29,115" hai1="23,93,129,19,51,6,88,112,36,8,27,117,50" hai2="65,73,79,55,70,38,4,128,18,60,133,63,34" hai3="109,24,14,59,110,101,47,35,37,11,13,99,97"/><W75/><G75/><T86/><D116/><U69/><E112/><V81/><F34/><W90/><G90/><T95/><D120/><U54/><E117/><V89/><F38/><W125/><G125/><T106/><D106/><U22/><E36/><V113/><F113/><W84/><G84/><T83/><D126/><U130/><E69/><V15/><F128/><N who="1" m="49257" /><E23/><V103/><F133/><W48/><G59/><T96/><D7/><U61/><E61/><V9/><F103/><W28/><G37/><T46/><D29/><U134/><E54/><V68/><F89/><W56/><G56/><T26/><D58/><U87/><E134/><V42/><F42/><W82/><G82/><N who="0" m="47447" /><D115/><U108/><E108/><N who="3" m="41578" /><G101/><T2/><D2/><AGARI ba="1,1" hai="2,6,8,19,22,27,50,51,87,88,93" m="49257" machi="2" ten="30,3900,0" yaku="19,1,52,1,54,1" doraHai="12" who="1" fromWho="0" sc="308,-42,214,52,247,0,221,0" /><INIT seed="4,0,0,2,5,99" ten="266,266,247,221" oya="0" hai0="44,90,3,50,81,40,41,89,123,86,46,34,55" hai1="79,84,57,130,33,12,11,121,68,82,65,24,4" hai2="103,108,66,71,21,32,22,107,73,113,69,36,28" hai3="5,23,126,64,14,49,61,77,92,132,76,106,128"/><T124/><D123/><U18/><E130/><V101/><F108/><W60/><G128/><T52/><D3/><U30/><E121/><V37/><F73/><W56/><G106/><T2/><D2/><U8/><E68/><V95/><F95/><W115/><G115/><T6/><D34/><U112/><E112/><V43/><F113/><W87/><G132/><T117/><D117/><U72/><E57/><V91/><F91/><W116/><G116/><T7/><D124/><U129/><E129/><V83/><F83/><W109/><G109/><T59/><D89/><U100/><E65/><V74/><F74/><W20/><G126/><T0/><D44/><U125/><E125/><V58/><F58/><N who="3" m="36887" /><G49/><T96/><D96/><U13/><E72/><V31/><F32/><W104/><G104/><T127/><D127/><U54/><E54/><V63/><F107/><W118/><G118/><T70/><D70/><U27/><E24/><V19/><F19/><W111/><G111/><T93/><D81/><U16/><E4/><N who="0" m="1577" /><D0/><U29/><E30/><N who="2" m="11307" /><F71/><W38/><G38/><T88/><D90/><U102/><AGARI ba="0,0" hai="8,11,12,13,16,18,27,29,33,79,82,84,100,102" machi="102" ten="30,8000,1" yaku="0,1,9,1,52,2,54,1" doraHai="99" who="1" fromWho="1" sc="266,-40,266,80,247,-20,221,-20" owari="226,-17.4,346,44.6,227,2.7,201,-29.9" /></mjloggm>