<mjloggm ver="2.3"><GO type="225" lobby="0"/><UN n0="%E3%81%A9%E3%82%8F%E3%82%93%E3%81%94" n1="%E3%82%B2%E3%82%B9%E8%8C%82%E5%8B%9D" n2="%E3%81%9F%E3%81%8C%E3%82%84%E3%81%99" n3="%E8%B6%85%E7%B4%9A%E9%B3%B3%E5%87%B0" dan="16,16,17,16" rate="2031.73,2133.19,2212.40,2140.58" sx="M,F,M,M"/><TAIKYOKU oya="0"/><INIT seed="0,0,0,5,5,96" ten="250,250,250,250" oya="0" hai0="88,77,16,95,40,24,2,39,26,67,23,116,66" hai1="125,112,65,32,22,6,103,121,17,25,42,12,34" hai2="33,10,98,44,122,19,107,4,124,48,9,20,35" hai3="108,135,14,127,18,101,13,75,89,71,3,115,73"/><T47/><D116/><U61/><E121/><V30/><F30/><W31/><G115/><T84/><D2/><U60/><E125/><V53/><F122/><W7/><G71/><T82/><REACH who="0" step="1"/><D26/><REACH who="0" ten="240,250,250,250" step="2"/><U130/><E112/><V59/><F124/><W123/><G3/><T56/><D56/><U99/><E130/><V15/><F59/><W93/><G127/><T94/><D94/><U21/><E32/><V52/><F33/><W114/><G93/><T86/><AGARI ba="0,1" hai="16,23,24,39,40,47,66,67,77,82,84,86,88,95" machi="86" ten="20,12000,1" yaku="1,1,0,1,7,1,54,2,53,0" doraHai="96" doraHaiUra="109" who="0" fromWho="0" sc="240,130,250,-40,250,-40,250,-40" /><INIT seed="0,1,0,5,5,18" ten="370,210,210,210" oya="0" hai0="43,119,133,100,47,120,71,105,13,66,86,37,20" hai1="94,109,131,98,39,9,61,67,117,27,3,89,111" hai2="55,49,116,64,25,121,104,102,75,134,81,72,42" hai3="118,19,91,23,50,26,115,59,56,62,69,46,132"/><T76/><D120/><U70/><E131/><V41/><F64/><W80/><G115/><T129/><D119/><U83/><E117/><V92/><F104/><W110/><G118/><T127/><D71/><U84/><E39/><V34/><F116/><W35/><G110/><T125/><D66/><U11/><E27/><V38/><F38/><W87/><G35/><T52/><D129/><U79/><REACH who="1" step="1"/><E3/><REACH who="1" ten="370,200,210,210" step="2"/><V53/><F25/><W88/><G132/><T15/><D133/><U10/><AGARI ba="1,1" hai="9,10,11,61,67,70,79,83,84,89,94,98,109,111" machi="10" ten="30,4000,0" yaku="1,1,2,1,0,1,53,0" doraHai="18" doraHaiUra="33" who="1" fromWho="1" sc="370,-21,200,53,210,-11,210,-11" /><INIT seed="1,0,0,0,2,3" ten="349,253,199,199" oya="1" hai0="86,70,120,107,64,80,28,77,37,76,114,65,82" hai1="61,4,7,10,85,20,52,129,81,97,30,69,40" hai2="117,31,134,58,121,47,92,125,9,50,100,33,71" hai3="49,26,8,51,18,96,24,131,16,73,79,59,41"/><U112/><E129/><V2/><F71/><W15/><G131/><T98/><D37/><U109/><E109/><V22/><F121/><W104/><G73/><T23/><D114/><U93/><E112/><V21/><F117/><W68/><G68/><T87/><D70/><U118/><E118/><V25/><F134/><W29/><G79/><T78/><D78/><N who="1" m="46263" /><E69/><V135/><F135/><W5/><G104/><T32/><D32/><U115/><E40/><V60/><F125/><W124/><G124/><T19/><D28/><U48/><E61/><V74/><F74/><W72/><G72/><T126/><D120/><U110/><E115/><V63/><F63/><W62/><G96/><T130/><D130/><U128/><E128/><V102/><F33/><W0/><G29/><T56/><D56/><N who="1" m="32775" /><E10/><V127/><F127/><W57/><G0/><T12/><D126/><U44/><E44/><V89/><F9/><W99/><G99/><T94/><D107/><U75/><E75/><V83/><F2/><W13/><G62/><T1/><D1/><U39/><E39/><V101/><F83/><W27/><G49/><T46/><D46/><U108/><E20/><V119/><F21/><N who="3" m="11407" /><G18/><T45/><D45/><AGARI ba="0,0" hai="5,8,15,24,26,27,41,45,51,57,59" m="11407" machi="45" ten="30,3900,0" yaku="8,1,52,1,54,1" doraHai="3" who="3" fromWho="0" sc="349,-39,253,0,199,0,199,39" /><INIT seed="2,0,0,2,1,48" ten="310,253,199,238" oya="2" hai0="106,95,49,83,9,99,56,94,70,32,98,51,104" hai1="53,133,91,128,82,1,21,73,19,24,101,44,45" hai2="25,78,38,80,10,63,127,47,23,123,28,14,122" hai3="93,22,114,27,16,118,85,42,117,50,26,89,33"/><V97/><F97/><W66/><G114/><T84/><D32/><U41/><E128/><V100/><F100/><W65/><G117/><T105/><D70/><U108/><E133/><V88/><F127/><W81/><G118/><T79/><D9/><U8/><E108/><V124/><F124/><W40/><G33/><T87/><D56/><U58/><E101/><V6/><F63/><W17/><G93/><N who="0" m="35339" /><D51/><U60/><E41/><N who="3" m="15978" /><G50/><T76/><D49/><U90/><E90/><V67/><F67/><W43/><N who="3" m="15986" /><W112/><DORA hai="132" /><G112/><T4/><D4/><U107/><E107/><V37/><F47/><W71/><G71/><T130/><D130/><U31/><E1/><V3/><F3/><W35/><G35/><T57/><D57/><U15/><REACH who="1" step="1"/><E73/><REACH who="1" ten="310,243,199,238" step="2"/><V75/><REACH who="2" step="1"/><BYE who="3" /><F88/><REACH who="2" ten="310,243,189,238" step="2"/><W69/><G69/><T2/><D2/><U64/><E64/><V12/><F12/><W46/><G46/><T68/><D68/><U125/><E125/><V7/><F7/><UN n3="%E8%B6%85%E7%B4%9A%E9%B3%B3%E5%87%B0" /><W11/><G89/><T55/><D55/><U121/><E121/><AGARI ba="0,2" hai="6,10,14,23,25,28,37,38,75,78,80,121,122,123" machi="121" ten="40,2000,0" yaku="1,1,53,0" doraHai="48,132" doraHaiUra="103,120" who="2" fromWho="1" sc="310,0,243,-20,189,40,238,0" /><INIT seed="2,1,0,1,0,92" ten="310,223,229,238" oya="2" hai0="114,120,119,78,4,100,98,38,13,117,133,1,81" hai1="61,112,83,93,41,63,71,50,46,34,51,95,21" hai2="15,123,128,56,3,19,27,77,132,121,9,0,22" hai3="55,108,109,6,76,113,5,126,127,122,87,11,79"/><V104/><F104/><W58/><G122/><N who="2" m="46601" /><F77/><N who="3" m="29771" /><G87/><T26/><D114/><U25/><E34/><V134/><F56/><W125/><G113/><T32/><D38/><U105/><E105/><V33/><F128/><W17/><G17/><T45/><D45/><N who="1" m="25903" /><E71/><V37/><F37/><W75/><G75/><N who="0" m="43231" /><D13/><U82/><E112/><V20/><F33/><W31/><G31/><N who="0" m="19575" /><D133/><N who="2" m="51306" /><F20/><W29/><G29/><AGARI ba="1,0" hai="0,3,9,15,19,22,27,29" m="51306,46601" machi="29" ten="30,5800,0" yaku="20,1,34,2" doraHai="92" who="2" fromWho="3" sc="310,0,223,0,229,61,238,-61" /><INIT seed="2,2,0,1,5,101" ten="310,223,290,177" oya="2" hai0="36,24,50,59,82,34,125,104,119,44,116,115,88" hai1="39,132,52,10,20,67,7,55,126,69,61,18,102" hai2="19,95,103,87,90,62,128,133,75,66,12,134,54" hai3="108,2,92,33,135,37,129,23,1,45,57,4,121"/><V86/><F75/><W110/><G121/><T127/><D115/><U26/><E126/><N who="0" m="48137" /><D36/><U48/><E132/><V123/><F123/><W21/><G33/><T30/><D59/><U42/><E39/><V78/><F128/><W111/><G129/><T124/><D104/><U112/><E112/><V100/><F54/><W5/><G135/><T105/><D105/><U15/><REACH who="1" step="1"/><E102/><REACH who="1" ten="310,213,290,177" step="2"/><V56/><F134/><W17/><G37/><T60/><D124/><U84/><E84/><V16/><F133/><W11/><G92/><T76/><D119/><U89/><E89/><V96/><F87/><W81/><G81/><T31/><D88/><U120/><E120/><V40/><F90/><W0/><G45/><AGARI ba="2,1" hai="7,10,15,18,20,26,42,45,48,52,55,61,67,69" machi="45" ten="40,2600,0" yaku="1,1,54,1,53,0" doraHai="101" doraHaiUra="122" who="1" fromWho="3" sc="310,0,213,42,290,0,177,-32" /><INIT seed="3,0,0,0,3,61" ten="310,255,290,145" oya="3" hai0="80,51,83,28,54,66,69,41,57,132,121,47,52" hai1="88,111,65,94,82,11,126,123,21,106,53,36,98" hai2="93,5,135,75,48,103,17,4,20,115,118,91,13" hai3="16,46,30,133,49,78,43,34,89,131,22,90,101"/><W55/><G131/><T35/><D121/><U32/><E32/><V117/><F75/><W3/><G3/><T102/><D102/><U42/><E123/><V110/><F115/><W105/><G133/><T59/><D132/><U64/><E11/><V68/><F68/><W130/><G130/><T97/><D97/><U9/><E9/><V124/><F135/><W38/><G78/><T10/><D10/><U44/><E106/><V15/><F103/><W19/><G34/><T29/><D59/><U87/><E126/><V122/><F110/><W125/><G125/><T60/><D54/><U18/><E111/><V26/><F124/><W77/><G77/><T71/><D71/><U50/><E36/><V116/><F48/><W1/><G1/><T63/><REACH who="0" step="1"/><D35/><REACH who="0" ten="300,255,290,145" step="2"/><U79/><E53/><V128/><F128/><W108/><G108/><T0/><D0/><U67/><E64/><V109/><F109/><W127/><G127/><T107/><D107/><U6/><E6/><V95/><F122/><W45/><G30/><AGARI ba="0,1" hai="28,29,30,41,47,51,52,57,60,63,66,69,80,83" machi="30" ten="40,5200,0" yaku="1,1,52,1,54,1,53,0" doraHai="61" doraHaiUra="85" who="0" fromWho="3" sc="300,62,255,0,290,0,145,-52" owari="362,46.2,255,-14.5,290,9.0,93,-40.7" /></mjloggm>