<mjloggm ver="2.3"><GO type="225" lobby="0"/><UN n0="%E6%9D%BE%E6%9C%AC%E5%81%A5%E7%94%B7" n1="%E3%81%9F%E3%81%93%E2%98%86%E7%84%BC%E3%81%8D" n2="%E6%98%93%E5%88%A9%E8%96%A9%E4%BC%AF" n3="%E3%81%82%E3%81%84%E3%81%82%E3%81%8A%E3%81%84" dan="16,16,16,18" rate="2156.14,2077.23,2134.43,2253.50" sx="M,M,F,M"/><TAIKYOKU oya="0"/><INIT seed="0,0,0,2,3,21" ten="250,250,250,250" oya="0" hai0="121,97,114,8,51,41,29,111,118,81,42,65,71" hai1="70,87,134,35,116,103,44,57,50,6,88,119,127" hai2="26,94,55,27,22,122,64,101,125,56,33,90,131" hai3="25,117,4,49,120,61,123,75,109,84,110,82,95"/><T112/><D118/><U66/><E35/><V23/><F122/><N who="3" m="46635" /><G4/><T126/><D121/><U54/><E6/><V106/><F33/><W73/><G49/><T24/><D126/><U0/><E103/><V58/><F131/><W107/><G61/><T67/><D111/><N who="3" m="42505" /><G25/><N who="2" m="9225" /><F106/><W98/><G107/><T30/><D51/><U16/><E127/><V60/><F125/><W63/><G63/><T80/><D24/><U102/><E0/><V62/><F101/><N who="3" m="60639" /><G117/><T99/><D99/><AGARI ba="0,0" hai="22,23,55,56,58,60,62,64,90,94,99" m="9225" machi="99" ten="30,7700,0" yaku="8,1,52,3" doraHai="21" who="2" fromWho="0" sc="250,-77,250,0,250,77,250,0" /><INIT seed="1,0,0,4,2,5" ten="173,250,327,250" oya="1" hai0="112,120,37,35,38,85,68,33,32,115,3,6,49" hai1="130,71,7,127,2,19,66,86,12,54,15,114,11" hai2="43,104,72,97,81,44,65,16,58,42,121,135,14" hai3="25,57,109,83,102,89,95,8,52,134,122,74,126"/><U61/><E114/><V125/><F121/><W41/><G122/><T96/><D120/><U84/><E130/><V106/><F135/><W27/><G134/><T26/><D68/><U118/><E127/><V13/><F125/><W94/><G126/><T87/><D26/><U77/><E118/><V47/><F72/><W21/><G109/><T131/><D49/><U90/><E77/><V129/><F81/><W133/><G133/><T124/><D124/><U20/><E54/><V28/><F28/><W17/><G41/><N who="2" m="15369" /><F106/><W73/><G27/><T76/><D76/><U56/><E86/><V98/><F104/><W117/><G117/><T4/><D96/><N who="2" m="36970" /><F14/><N who="3" m="7367" /><G73/><T80/><D33/><U100/><E100/><V50/><F129/><W111/><G74/><T93/><D80/><U67/><E67/><V103/><F103/><W105/><G105/><T40/><D40/><U107/><E107/><V53/><F65/><W46/><G102/><T31/><D31/><U82/><REACH who="1" step="1"/><E71/><REACH who="1" ten="173,240,327,250" step="2"/><V123/><F123/><W34/><G111/><T1/><REACH who="0" step="1"/><D131/><REACH who="0" ten="163,240,327,250" step="2"/><U59/><E59/><V79/><F79/><W63/><G57/><T116/><D116/><U110/><E110/><V30/><F30/><W36/><G36/><T92/><AGARI ba="0,2" hai="1,3,4,6,32,35,37,38,85,87,92,93,112,115" machi="92" ten="25,6400,0" yaku="1,1,0,1,22,2,53,0" doraHai="5" doraHaiUra="113" who="0" fromWho="0" sc="163,84,240,-32,327,-16,250,-16" /><INIT seed="2,0,0,2,5,106" ten="247,208,311,234" oya="2" hai0="10,12,76,115,22,79,71,59,98,5,75,126,99" hai1="95,26,24,54,18,134,125,6,9,38,27,113,66" hai2="25,109,36,111,3,107,45,72,65,118,23,16,64" hai3="48,60,56,132,40,110,13,86,77,101,37,87,80"/><V0/><F118/><W70/><G110/><N who="2" m="41993" /><F107/><W7/><G70/><T51/><D115/><U8/><E38/><V105/><F105/><W85/><G37/><T116/><D71/><U89/><E66/><N who="2" m="25707" /><F72/><W73/><G101/><T93/><D126/><U78/><E125/><V92/><F92/><W35/><G35/><T103/><D116/><U117/><E78/><V30/><F30/><W58/><G132/><T90/><D75/><U135/><E113/><V14/><F14/><W74/><G74/><T17/><D103/><U84/><E117/><V50/><F36/><W41/><G73/><T47/><D99/><U81/><E95/><V127/><F127/><W28/><G13/><T61/><D76/><U39/><E39/><V1/><F0/><W21/><G28/><T52/><D79/><U34/><E34/><V120/><F120/><W108/><G77/><T130/><D130/><U29/><E29/><V33/><F33/><W122/><G122/><T128/><D128/><U43/><E18/><V42/><AGARI ba="0,0" hai="1,3,16,23,25,42,45,50" m="25707,41993" machi="42" ten="30,6000,0" yaku="14,1,10,1,54,1" doraHai="106" who="2" fromWho="2" sc="247,-20,208,-20,311,60,234,-20" /><INIT seed="2,1,0,1,3,125" ten="227,188,371,214" oya="2" hai0="69,14,92,107,38,59,81,105,18,66,63,7,11" hai1="133,94,86,112,2,75,26,106,54,61,22,16,87" hai2="64,55,123,78,120,24,114,85,98,8,6,116,83" hai3="113,51,128,91,67,118,15,27,70,82,33,104,111"/><V0/><F114/><W20/><G104/><T43/><D81/><U72/><E106/><V17/><F116/><W10/><G118/><T93/><D107/><U40/><E2/><V21/><F64/><W37/><G37/><T129/><D105/><U52/><E112/><V30/><F98/><W101/><G101/><T100/><D43/><U76/><E40/><V99/><F99/><W96/><G33/><T39/><D39/><U115/><E115/><V58/><REACH who="2" step="1"/><F30/><REACH who="2" ten="227,188,361,214" step="2"/><W29/><G96/><T135/><D100/><U132/><E75/><V79/><F79/><W84/><G113/><T35/><D66/><U19/><E72/><V47/><F47/><W9/><G67/><T127/><D127/><U46/><E76/><V1/><F1/><W131/><G70/><T48/><D69/><U41/><E87/><V65/><F65/><W134/><G29/><T110/><D59/><N who="1" m="35047" /><E133/><V49/><AGARI ba="1,1" hai="0,6,8,17,21,24,49,55,58,78,83,85,120,123" machi="49" ten="20,7800,0" yaku="1,1,0,1,7,1,53,1" doraHai="125" doraHaiUra="13" who="2" fromWho="2" sc="227,-27,188,-27,361,91,214,-27" /><INIT seed="2,2,0,0,5,30" ten="200,161,452,187" oya="2" hai0="8,77,115,102,45,79,64,53,50,100,133,76,97" hai1="122,120,111,52,17,90,135,54,32,57,84,91,27" hai2="48,21,13,85,12,2,68,112,6,98,82,23,10" hai3="16,24,73,61,39,63,125,28,95,118,37,121,36"/><V128/><F68/><W69/><G118/><T40/><D115/><U22/><E111/><V92/><F112/><W89/><G121/><N who="1" m="46698" /><E135/><V72/><F72/><W88/><G73/><T29/><D133/><U130/><E130/><V109/><F128/><W81/><G125/><T110/><D110/><U3/><E3/><V87/><F109/><W134/><G134/><T19/><D64/><U35/><E54/><V127/><F127/><W5/><G5/><T86/><D29/><U107/><E107/><V129/><F129/><W20/><G69/><T123/><D123/><U74/><E74/><V62/><F62/><W126/><G126/><T99/><D86/><U31/><E31/><V65/><F65/><W46/><G46/><T25/><D53/><U49/><E91/><V106/><F106/><W66/><G66/><T43/><D43/><U114/><E114/><V15/><F85/><W119/><G119/><T26/><D102/><U67/><E67/><V58/><F82/><AGARI ba="2,0" hai="17,22,27,32,35,49,52,57,82,84,90" m="46698" machi="82" ten="30,7700,0" yaku="13,1,52,2,54,1" doraHai="30" who="1" fromWho="2" sc="200,0,161,83,452,-83,187,0" /><INIT seed="3,0,0,1,1,35" ten="200,244,369,187" oya="3" hai0="77,89,111,66,1,86,95,123,78,79,63,62,115" hai1="130,118,36,54,125,22,19,121,18,87,106,71,20" hai2="48,29,53,85,34,52,132,105,110,127,14,13,100" hai3="16,50,26,119,10,74,40,114,109,24,126,58,81"/><W31/><G114/><T133/><D123/><U5/><E87/><V21/><F110/><W25/><G119/><T38/><D111/><U112/><E54/><V117/><F117/><W92/><G109/><T57/><D115/><U27/><E36/><V82/><F34/><W0/><G126/><T128/><D38/><U9/><E71/><V33/><F33/><W116/><G116/><T122/><D122/><U47/><E47/><V4/><F132/><W96/><G31/><T131/><D133/><U135/><E106/><V91/><F53/><W46/><G58/><T49/><D1/><U44/><E44/><V61/><F61/><W45/><G45/><T37/><D37/><U73/><E73/><V72/><F4/><W64/><G64/><T102/><D102/><U60/><E60/><V134/><F72/><W99/><G92/><T41/><D41/><U56/><E56/><V94/><F127/><W3/><G16/><T2/><D2/><N who="3" m="553" /><G10/><T101/><D101/><U55/><E9/><V93/><F105/><W104/><G104/><T17/><D62/><U8/><E8/><V43/><F134/><W83/><G74/><T59/><D17/><U11/><E11/><V15/><F43/><W80/><G99/><T7/><D7/><U129/><E5/><V97/><F93/><W32/><G96/><T88/><D89/><U42/><E118/><V28/><F21/><W69/><G32/><T75/><D75/><U6/><E125/><V107/><F107/><W124/><G124/><T23/><D23/><U39/><E20/><V76/><F100/><W120/><G120/><RYUUKYOKU ba="0,0" sc="200,10,244,-30,369,10,187,10" hai0="49,57,59,63,66,77,78,79,86,88,95,128,131" hai2="13,14,15,28,29,48,52,76,82,85,91,94,97" hai3="24,25,26,40,46,50,69,80,81,83" /><INIT seed="3,1,0,1,4,117" ten="210,214,379,197" oya="3" hai0="71,41,133,53,55,84,6,24,82,119,80,78,86" hai1="90,104,21,96,122,123,49,73,58,2,99,81,38" hai2="52,30,7,112,56,98,92,125,18,127,77,62,135" hai3="110,134,44,17,105,12,91,128,63,10,5,121,61"/><W34/><G121/><N who="1" m="46090" /><E21/><V68/><F135/><W113/><G113/><T40/><D119/><U23/><E49/><V43/><F30/><W79/><G134/><T67/><D133/><U48/><E48/><V87/><F7/><W45/><G34/><T64/><D6/><U3/><E23/><V66/><F43/><N who="0" m="16458" /><D71/><U32/><E58/><V100/><F18/><W94/><G105/><T106/><D106/><U46/><E46/><N who="3" m="18026" /><G128/><T89/><D24/><U51/><E51/><V14/><F14/><N who="3" m="5455" /><G79/><T27/><D27/><U120/><E32/><V88/><F77/><W19/><G110/><T131/><D131/><U129/><E129/><V57/><F112/><W25/><G25/><T36/><D36/><U107/><E38/><V29/><F29/><W13/><G19/><T124/><D124/><N who="2" m="47690" /><F52/><AGARI ba="1,0" hai="52,53,55,64,67,78,80,82,84,86,89" m="16458" machi="52" ten="30,2000,0" yaku="8,1,54,1" doraHai="117" who="0" fromWho="2" sc="210,23,214,0,379,-23,197,0" owari="233,3.3,214,-18.6,356,45.6,197,-30.3" /></mjloggm>