<mjloggm ver="2.3"><GO type="225" lobby="0"/><UN n0="%E5%A4%8F%E9%88%B4%E9%88%B4%E5%A4%8F" n1="%E4%BE%BF%E6%89%80" n2="%E7%89%B9%E6%9D%B1%E3%81%AF%E4%B8%96%E7%95%8C%E3%82%92%E6%95%91%E3%81%86" n3="%E5%8F%AF%E5%85%90%E9%82%A3%E7%94%B1%E5%A4%9A" dan="16,16,16,17" rate="2121.50,2075.69,2109.77,2244.72" sx="M,M,M,F"/><TAIKYOKU oya="0"/><INIT seed="0,0,0,0,1,44" ten="250,250,250,250" oya="0" hai0="86,42,97,87,124,49,41,78,116,114,100,65,71" hai1="18,50,56,54,36,14,63,73,110,89,88,84,68" hai2="13,72,10,66,111,52,70,120,26,43,1,90,134" hai3="51,77,47,23,40,119,35,96,132,109,80,7,53"/><T33/><D114/><U2/><E73/><V5/><F120/><W98/><G35/><T21/><D116/><U9/><E36/><V16/><F72/><W85/><G119/><T55/><D33/><U131/><E110/><V75/><F75/><W20/><G109/><T34/><D34/><U62/><E131/><V48/><F111/><W121/><G121/><T60/><D124/><U93/><E68/><V15/><F134/><W115/><G115/><T61/><D61/><U129/><E129/><V4/><F43/><W108/><G108/><T38/><D21/><N who="3" m="8265" /><G132/><T95/><D38/><U29/><E2/><V113/><F113/><W8/><G53/><T12/><D12/><AGARI ba="0,0" hai="7,8,12,40,47,51,77,80,85,96,98" m="8265" machi="12" ten="30,3900,0" yaku="25,1,8,1,52,1" doraHai="44" who="3" fromWho="0" sc="250,-39,250,0,250,0,250,39" /><INIT seed="1,0,0,1,0,102" ten="211,250,250,289" oya="1" hai0="105,82,99,50,125,94,114,41,97,27,3,83,130" hai1="78,31,52,34,116,63,8,118,91,7,135,46,110" hai2="9,62,13,121,69,122,115,54,126,81,58,26,71" hai3="18,117,12,6,66,120,133,108,60,38,129,22,92"/><U44/><E135/><V76/><F126/><W109/><G120/><T35/><D3/><U11/><E110/><N who="3" m="42602" /><G133/><T40/><D114/><U74/><E44/><V21/><F115/><W28/><G38/><T77/><D125/><U107/><E107/><V15/><F122/><W111/><G111/><T119/><D119/><U33/><E91/><V88/><F121/><W73/><G73/><T67/><D130/><U101/><E101/><V90/><F71/><W64/><G129/><T104/><D67/><U30/><E46/><V42/><F69/><W32/><G6/><T37/><D37/><U24/><E78/><V47/><F21/><W0/><G0/><T128/><D128/><U113/><E74/><V103/><F26/><N who="3" m="18455" /><G117/><T75/><D82/><U23/><E113/><V48/><F15/><W65/><G92/><T106/><D50/><U39/><E39/><V59/><F59/><AGARI ba="0,0" hai="12,18,22,59,60,64,65,66" m="18455,42602" machi="59" ten="30,1000,0" yaku="14,1" doraHai="102" who="3" fromWho="2" sc="211,0,250,0,250,-10,289,10" /><INIT seed="2,0,0,4,2,97" ten="211,250,240,299" oya="2" hai0="7,93,43,52,111,44,27,20,58,71,116,133,109" hai1="40,18,130,119,110,75,127,47,99,117,1,94,78" hai2="84,106,16,132,129,36,12,87,24,112,92,60,126" hai3="118,121,23,66,8,134,102,34,49,35,37,128,29"/><V124/><F106/><W22/><G37/><T0/><D71/><U98/><E1/><V46/><F112/><W10/><G118/><T107/><D116/><U38/><E110/><N who="0" m="41993" /><D107/><U96/><E130/><V89/><F129/><W56/><G128/><T15/><D0/><U101/><E127/><N who="2" m="48683" /><F24/><W65/><G121/><T90/><D133/><U105/><E99/><N who="2" m="57743" /><F132/><W32/><G134/><T26/><D7/><U76/><E76/><V95/><F95/><W67/><G102/><T14/><D44/><U125/><E125/><V122/><F60/><W80/><G80/><T74/><D43/><U19/><E117/><V86/><F122/><W28/><G49/><N who="0" m="30991" /><D74/><U42/><E119/><V9/><F46/><W69/><G69/><T61/><D61/><U103/><REACH who="1" step="1"/><E40/><REACH who="1" ten="211,240,240,299" step="2"/><V81/><F36/><W70/><G70/><T48/><D48/><U2/><E2/><V50/><F50/><W83/><G56/><T59/><D59/><U73/><E73/><V17/><F81/><AGARI ba="0,1" hai="18,19,38,42,47,75,78,81,94,96,98,101,103,105" machi="81" ten="40,5200,0" yaku="1,1,52,2,53,0" doraHai="97" doraHaiUra="135" who="1" fromWho="2" sc="211,0,240,62,240,-52,299,0" /><INIT seed="3,0,0,5,3,55" ten="211,302,188,299" oya="3" hai0="86,114,127,82,20,33,108,19,47,73,6,103,111" hai1="0,97,44,91,29,67,31,63,115,26,25,121,93" hai2="75,49,37,133,94,10,84,27,60,100,39,5,12" hai3="124,99,88,126,95,42,87,106,45,57,38,98,22"/><W1/><G1/><T32/><D127/><N who="3" m="48681" /><G106/><T125/><D125/><U61/><E121/><V7/><F75/><W13/><G57/><T53/><D6/><U16/><E115/><V117/><F117/><W23/><G13/><T110/><D73/><U134/><E0/><V104/><F104/><W130/><G130/><T116/><D116/><U3/><E3/><V40/><F7/><W36/><G36/><T76/><D114/><U64/><E44/><V118/><F118/><W28/><G28/><N who="1" m="10826" /><E134/><V80/><F133/><W18/><G18/><T105/><D47/><U109/><E109/><V135/><F135/><W102/><G102/><T65/><D103/><U14/><E67/><V46/><F27/><N who="1" m="10249" /><E64/><V4/><F4/><W56/><G56/><T72/><D65/><U71/><E71/><V132/><F132/><W54/><G54/><T59/><D105/><U17/><E17/><V9/><F9/><AGARI ba="0,0" hai="9,14,16,61,63,91,93,97" m="10249,10826" machi="9" ten="30,2000,0" yaku="8,1,54,1" doraHai="55" who="1" fromWho="2" sc="211,0,302,20,188,-20,299,0" owari="211,-18.9,322,42.2,168,-33.2,299,9.9" /></mjloggm>