<mjloggm ver="2.3"><GO type="225" lobby="0"/><UN n0="%E3%81%BE%E3%81%A8%E3%81%9F" n1="%4B%2E%32%2E%4B%2E" n2="%E9%A6%AC%E4%BA%86%E9%9A%94%E5%A3%81" n3="%E3%82%A2%E3%83%A1%E3%82%A2%E3%83%A9%E3%83%AC" dan="17,16,17,16" rate="2233.72,2124.70,2248.99,2082.99" sx="M,M,M,M"/><TAIKYOKU oya="0"/><INIT seed="0,0,0,4,0,80" ten="250,250,250,250" oya="0" hai0="101,74,26,110,132,73,57,36,40,127,51,29,46" hai1="33,93,72,28,4,90,19,50,21,2,27,66,71" hai2="30,8,70,95,86,125,20,109,0,68,103,6,97" hai3="115,114,117,77,37,64,113,14,15,82,9,81,98"/><T126/><D132/><U123/><E123/><V134/><F134/><W87/><G117/><T111/><D101/><U105/><E72/><N who="0" m="27753" /><D57/><U45/><E105/><V3/><F109/><N who="0" m="41482" /><D51/><U102/><E102/><V5/><F125/><W133/><G133/><T39/><D39/><U49/><E66/><V100/><F103/><W76/><G37/><T59/><D59/><U65/><E65/><V10/><F86/><W121/><G121/><T1/><D1/><U17/><E50/><V85/><F85/><W54/><G64/><T104/><D104/><U116/><E49/><V22/><F70/><W120/><G120/><T44/><D44/><U16/><E2/><V62/><F62/><W60/><G60/><T23/><AGARI ba="0,0" hai="23,26,29,36,40,46,126,127" m="41482,27753" machi="23" ten="40,3900,0" yaku="14,1,10,1" doraHai="80" who="0" fromWho="0" sc="250,39,250,-13,250,-13,250,-13" /><INIT seed="0,1,0,4,0,97" ten="289,237,237,237" oya="0" hai0="66,79,41,17,36,121,103,15,19,132,90,73,46" hai1="63,81,58,74,75,68,34,62,102,115,38,135,42" hai2="89,71,22,109,106,53,105,111,123,130,125,134,16" hai3="37,21,110,10,47,107,83,1,18,27,67,31,72"/><T2/><D121/><U119/><E119/><V14/><F123/><W112/><G110/><N who="2" m="41993" /><F130/><W7/><G112/><T11/><D2/><U32/><E115/><V127/><F71/><W25/><G107/><N who="2" m="40969" /><F134/><W70/><G67/><T56/><D90/><U40/><E38/><V120/><F120/><W86/><G70/><T116/><D116/><U28/><E68/><V88/><F53/><W93/><G93/><T92/><D79/><U13/><E28/><V43/><F43/><W3/><G3/><T44/><D73/><U8/><E58/><V84/><F89/><W12/><G72/><T0/><D0/><U64/><E64/><V55/><F55/><W126/><G126/><T129/><D129/><U96/><E135/><V114/><F114/><W87/><G83/><AGARI ba="1,0" hai="14,16,22,83,84,88,125,127" m="40969,41993" machi="83" ten="30,3900,0" yaku="14,1,54,2" doraHai="97" who="2" fromWho="3" sc="289,0,237,0,237,42,237,-42" /><INIT seed="1,0,0,5,0,93" ten="289,237,279,195" oya="1" hai0="34,97,127,104,122,11,65,99,53,61,73,32,132" hai1="72,81,42,126,100,29,33,14,115,64,59,123,40" hai2="1,91,26,54,56,98,39,47,116,67,9,17,79" hai3="41,121,117,6,7,60,103,3,57,23,37,20,102"/><U19/><E115/><V107/><F116/><W13/><G121/><T134/><D73/><U69/><E123/><V129/><F129/><W25/><G117/><T46/><D122/><U95/><E69/><V5/><F67/><W38/><G3/><T16/><D104/><U128/><E29/><V77/><F47/><W24/><G13/><N who="0" m="7231" /><D53/><U109/><E33/><N who="0" m="12905" /><D46/><U18/><E18/><V2/><F2/><W35/><G35/><T52/><D52/><U28/><E28/><V55/><F39/><W75/><G75/><T135/><D127/><U101/><E126/><V106/><F55/><W31/><G31/><T22/><D22/><U76/><E64/><V84/><F107/><W71/><G57/><AGARI ba="0,0" hai="57,61,65,97,99,132,134,135" m="12905,7231" machi="57" ten="40,8000,1" yaku="20,1,52,2,54,1" doraHai="93" who="0" fromWho="3" sc="289,80,237,0,279,0,195,-80" /><INIT seed="2,0,0,0,3,87" ten="369,237,279,115" oya="2" hai0="93,9,35,110,32,107,105,33,134,79,63,3,119" hai1="73,4,40,78,36,133,125,37,132,50,130,49,86" hai2="41,58,111,92,76,44,60,97,43,52,6,1,116" hai3="103,54,120,62,94,123,126,27,121,17,69,129,131"/><V98/><F116/><W68/><G27/><T122/><D122/><N who="3" m="31233" /><W102/><DORA hai="21" /><G17/><T85/><D110/><U67/><E73/><V7/><F111/><W51/><G94/><T53/><D134/><N who="1" m="51819" /><E4/><N who="2" m="1579" /><F1/><W64/><G103/><T106/><D93/><U34/><E34/><V84/><F76/><W19/><G19/><T80/><D119/><U88/><E78/><V13/><F13/><W39/><G102/><T89/><D9/><U18/><E18/><V100/><F84/><W109/><G109/><T104/><D3/><U95/><E125/><V38/><F38/><N who="1" m="14953" /><E130/><N who="3" m="49674" /><G39/><T15/><D79/><U90/><E90/><V117/><F98/><W56/><G126/><T114/><D89/><U8/><E8/><V101/><F100/><W5/><G5/><T20/><D35/><U57/><E40/><N who="2" m="15435" /><F117/><W12/><G12/><T82/><D15/><U113/><E86/><V22/><F22/><W118/><G118/><T45/><D20/><U124/><E124/><V72/><F72/><W66/><G66/><T81/><D85/><U10/><E10/><V96/><F96/><W70/><AGARI ba="0,0" hai="51,54,56,62,64,68,69,70" m="49674,31233" machi="70" ten="50,6400,0" yaku="19,1,34,2" doraHai="87,21" who="3" fromWho="3" sc="369,-16,237,-16,279,-32,115,64" /><INIT seed="3,0,0,5,5,61" ten="353,221,247,179" oya="3" hai0="62,107,6,110,37,93,69,30,41,116,9,46,48" hai1="31,106,25,115,5,7,121,26,4,126,88,33,64" hai2="104,40,77,68,35,103,39,63,50,53,127,42,27" hai3="91,12,87,21,57,52,23,98,36,109,128,129,105"/><W47/><G109/><T20/><D107/><U125/><E106/><V22/><F127/><N who="1" m="48649" /><E121/><V114/><F114/><W79/><G79/><T71/><D116/><U135/><E135/><V80/><F39/><W78/><G78/><T84/><D37/><U102/><E115/><V85/><F35/><W24/><G12/><T8/><D8/><U43/><E102/><V13/><F13/><W120/><G120/><T56/><D84/><U111/><E111/><V96/><F63/><W67/><G67/><T134/><D93/><U124/><E124/><V95/><F68/><W29/><G21/><T97/><D97/><U92/><E43/><V90/><F77/><W72/><G72/><T66/><D134/><U73/><E73/><V117/><F117/><W100/><G47/><T32/><D20/><N who="1" m="15783" /><E64/><V118/><F104/><W18/><G29/><T83/><D83/><U86/><E26/><V133/><F118/><W15/><G24/><T122/><D30/><U131/><E131/><V60/><F133/><W44/><G44/><T89/><D46/><U99/><E33/><V101/><F101/><W51/><REACH who="3" step="1"/><G36/><REACH who="3" ten="353,221,247,169" step="2"/><T38/><D38/><U58/><E58/><N who="2" m="34895" /><F27/><W1/><G1/><T55/><D56/><U112/><E112/><V11/><F22/><W10/><G10/><T119/><D9/><U123/><E123/><V59/><F11/><W132/><G132/><T28/><D122/><U2/><E2/><V49/><F59/><W54/><G54/><T81/><D28/><U65/><E65/><V130/><F130/><W17/><G17/><T113/><D55/><U70/><E70/><RYUUKYOKU ba="0,1" sc="353,-30,221,10,247,10,169,10" hai1="4,5,7,86,88,92,99" hai2="40,42,49,50,80,85,90,95,96,103" hai3="15,18,23,51,52,57,87,91,98,100,105,128,129" /><INIT seed="3,1,1,2,3,52" ten="323,231,257,179" oya="3" hai0="0,58,48,92,135,111,102,39,110,125,41,78,87" hai1="129,99,2,35,119,7,43,22,105,18,90,1,60" hai2="84,9,50,100,121,82,117,29,24,132,57,89,131" hai3="88,112,128,23,126,4,21,116,70,26,103,45,47"/><W69/><G112/><T77/><D0/><U13/><E35/><V51/><F117/><W67/><G116/><T79/><D135/><U118/><E119/><V56/><F132/><W66/><G128/><T104/><D39/><U20/><E118/><V124/><F131/><W31/><G126/><T76/><D125/><U16/><E129/><V71/><F71/><W62/><G103/><T17/><D17/><U75/><E75/><V33/><F124/><W59/><G4/><T127/><D127/><U109/><E60/><V8/><F100/><W96/><G70/><T27/><D27/><U25/><E109/><V68/><F68/><W122/><G122/><T101/><D104/><U55/><E55/><V114/><F114/><W86/><G96/><T85/><D58/><N who="2" m="22634" /><F33/><W74/><G74/><T30/><D102/><U11/><E105/><V44/><F121/><W95/><REACH who="3" step="1"/><G23/><REACH who="3" ten="323,231,257,169" step="2"/><T40/><D101/><U36/><E22/><N who="2" m="15511" /><F50/><W64/><G64/><T107/><D48/><U61/><E36/><V113/><F113/><W3/><G3/><T72/><D107/><U97/><E2/><V134/><F134/><W42/><G42/><AGARI ba="1,2" hai="8,9,42,44,51,82,84,89" m="15511,22634" machi="42" ten="30,7700,0" yaku="8,1,52,3" doraHai="52" who="2" fromWho="3" sc="323,0,231,0,257,100,169,-80" owari="323,12.3,231,-16.9,357,45.7,89,-41.1" /></mjloggm>