<mjloggm ver="2.3"><GO type="225" lobby="0"/><UN n0="%E5%A4%8F%E9%88%B4%E9%88%B4%E5%A4%8F" n1="%E3%83%AD%E3%83%83%E3%83%86%E9%9B%80%E7%90%83" n2="%E6%A1%9C%E8%8A%B1%E9%96%83%E3%80%85" n3="%E5%AF%82%E5%AF%9E%E3%82%AE%E3%83%8D%E3%82%B9%E3%83%93%E3%83%BC%E3%83%AB" dan="16,17,17,16" rate="2116.90,2222.38,2141.57,2137.75" sx="M,M,M,M"/><TAIKYOKU oya="0"/><INIT seed="0,0,0,2,0,118" ten="250,250,250,250" oya="0" hai0="17,27,22,18,9,43,49,50,69,87,71,97,134" hai1="19,91,41,16,2,39,99,131,102,70,57,74,108" hai2="123,61,109,76,105,65,95,111,73,104,29,110,60" hai3="8,67,13,101,83,24,66,42,114,107,80,34,78"/><T96/><D134/><U6/><E70/><N who="2" m="42279" /><F29/><W51/><G114/><T127/><D127/><U103/><E108/><V116/><F116/><W84/><G107/><N who="2" m="41033" /><F95/><W26/><G101/><T38/><D38/><U20/><E131/><V35/><F35/><W122/><G122/><T52/><D71/><U46/><E74/><V56/><F76/><W90/><G34/><T89/><D69/><U68/><E68/><V92/><F92/><W128/><G128/><T106/><D106/><U126/><E126/><V11/><F11/><W120/><G120/><T125/><D125/><U36/><E36/><V45/><F45/><N who="3" m="26039" /><G83/><N who="0" m="49407" /><D43/><U98/><E91/><V40/><F40/><W28/><G90/><T3/><D3/><U79/><E79/><V124/><F73/><W64/><G28/><N who="0" m="17527" /><D49/><U62/><E103/><V94/><F94/><W58/><G58/><N who="0" m="33047" /><D9/><U47/><E47/><V133/><F133/><W23/><G23/><T55/><D55/><U44/><E44/><V21/><F21/><W129/><G129/><T4/><D4/><AGARI ba="0,0" hai="4,8,13,24,26,64,66,67,78,80,84" m="26039" machi="4" ten="30,2000,0" yaku="25,1,8,1" doraHai="118" who="3" fromWho="0" sc="250,-20,250,0,250,0,250,20" /><INIT seed="1,0,0,5,3,16" ten="230,250,250,270" oya="1" hai0="89,88,43,102,66,71,68,84,20,82,109,10,23" hai1="25,124,55,7,51,5,110,31,42,45,38,81,90" hai2="26,47,69,6,131,78,135,1,59,17,128,46,32" hai3="98,115,129,122,130,70,125,40,44,127,64,8,65"/><U97/><E124/><N who="3" m="47690" /><G8/><T75/><D109/><U37/><E110/><V35/><F69/><W52/><G98/><T33/><D33/><U123/><E123/><V79/><F59/><W73/><G73/><T92/><D102/><U14/><E14/><V83/><F6/><W87/><G87/><N who="0" m="52287" /><D68/><U105/><E38/><V54/><F54/><W72/><G72/><T13/><D71/><U63/><E63/><V119/><F119/><W28/><G28/><T49/><D66/><N who="3" m="25705" /><G70/><T85/><D85/><U15/><E15/><V9/><F9/><W76/><G76/><T99/><D99/><U21/><E81/><V103/><F83/><W12/><G12/><T106/><D106/><U56/><REACH who="1" step="1"/><E90/><REACH who="1" ten="230,240,250,270" step="2"/><V104/><F131/><W50/><G122/><T24/><D75/><U96/><E96/><V53/><F128/><W94/><G115/><T22/><D13/><U0/><E0/><V133/><F1/><W116/><G116/><T3/><D3/><U126/><E126/><V108/><F108/><W114/><G114/><T134/><D10/><U107/><E107/><V41/><F104/><W60/><G94/><T121/><D121/><U93/><E93/><V80/><F80/><W62/><G62/><T86/><D86/><U2/><E2/><V113/><F113/><W39/><G60/><T27/><D134/><U120/><E120/><V18/><F135/><W112/><G112/><T11/><D11/><U132/><E132/><V77/><F133/><W57/><AGARI ba="0,1" hai="39,40,44,50,52,57,129,130" m="25705,47690" machi="57" ten="30,7900,0" yaku="18,1,34,2,54,1" doraHai="16" who="3" fromWho="3" sc="230,-20,240,-39,250,-20,270,89" /><INIT seed="2,0,0,5,0,87" ten="210,201,230,359" oya="2" hai0="95,35,116,27,60,22,40,32,12,25,97,134,7" hai1="117,92,55,93,45,9,72,53,59,90,127,119,125" hai2="30,19,96,112,131,52,102,129,75,57,118,88,82" hai3="68,54,70,41,31,66,49,104,44,105,108,4,94"/><V100/><F112/><W132/><G108/><T123/><D123/><U114/><E72/><V71/><F71/><W84/><G4/><T120/><D120/><U64/><E114/><V89/><F30/><W47/><G31/><T76/><D134/><U24/><E24/><V78/><F19/><W23/><G23/><T0/><D116/><U63/><E9/><V33/><F33/><W122/><G132/><T81/><D0/><U29/><E29/><V77/><F118/><N who="1" m="45065" /><E93/><N who="2" m="58383" /><F102/><W8/><G8/><N who="0" m="4127" /><D32/><U121/><E121/><V34/><F78/><W65/><G70/><T46/><D35/><U48/><E92/><V28/><F28/><W1/><G1/><T135/><D60/><N who="1" m="35967" /><E90/><V80/><F80/><W74/><G94/><T15/><D135/><U124/><E63/><N who="2" m="36263" /><F34/><W14/><G68/><T42/><D81/><U133/><E133/><V106/><F106/><W79/><G104/><T20/><D76/><U11/><E11/><V62/><F62/><W98/><G105/><T16/><D22/><U6/><E6/><V85/><F75/><W21/><G74/><T101/><D25/><U109/><E109/><V99/><F99/><W115/><G98/><T67/><D27/><U50/><E50/><V130/><AGARI ba="0,0" hai="77,82,85,88,89,129,130,131" m="36263,58383" machi="130" ten="30,12000,1" yaku="19,1,52,2,54,2" doraHai="87" who="2" fromWho="2" sc="210,-40,201,-40,230,120,359,-40" /><INIT seed="2,1,0,1,2,6" ten="170,161,350,319" oya="2" hai0="86,128,92,99,27,118,127,49,56,123,15,24,60" hai1="44,3,40,30,100,108,90,26,8,121,16,120,91" hai2="68,107,133,67,69,65,132,2,5,0,45,112,126" hai3="50,80,75,32,12,36,31,134,10,9,129,83,18"/><V7/><F45/><W43/><G36/><T114/><D123/><N who="1" m="47179" /><E100/><V125/><REACH who="2" step="1"/><F107/><REACH who="2" ten="170,161,340,319" step="2"/><W88/><G129/><T79/><D128/><U61/><E108/><V47/><F47/><W96/><G43/><T89/><D118/><U37/><E61/><V46/><F46/><W74/><G50/><T55/><D114/><AGARI ba="1,1" hai="0,2,5,7,65,67,68,69,112,114,125,126,132,133" machi="114" ten="25,12000,1" yaku="1,1,22,2,53,2" doraHai="6" doraHaiUra="135" who="2" fromWho="0" sc="170,-123,161,0,340,133,319,0" /><INIT seed="2,2,0,0,1,2" ten="47,161,473,319" oya="2" hai0="123,107,131,100,112,101,67,17,96,23,35,27,83" hai1="41,66,42,99,38,70,94,52,22,0,120,63,69" hai2="84,74,104,48,90,6,13,133,88,113,36,114,40" hai3="57,30,14,102,32,85,73,110,28,26,59,125,95"/><V19/><F36/><W37/><G73/><T118/><D123/><U43/><E120/><V18/><F74/><W124/><G37/><T25/><D112/><U61/><E0/><V20/><F104/><W77/><G110/><T76/><D131/><U71/><E38/><V89/><F133/><W72/><G30/><T117/><D100/><U47/><E22/><V75/><F75/><W16/><G72/><T50/><D50/><N who="1" m="28767" /><E94/><V126/><F126/><N who="3" m="48747" /><G77/><T106/><D106/><U87/><E87/><V122/><F122/><W119/><G119/><T54/><D54/><U97/><E97/><V121/><F121/><W39/><G39/><T81/><D67/><N who="1" m="41199" /><E99/><V24/><F113/><W4/><G4/><T21/><D35/><U53/><E53/><V86/><F114/><W82/><G102/><T134/><D134/><U109/><E109/><V92/><F6/><W3/><G3/><T127/><D127/><U79/><E79/><V78/><F78/><N who="3" m="46295" /><G95/><T91/><D91/><U62/><E62/><V9/><F92/><W12/><G12/><T45/><D45/><AGARI ba="2,0" hai="9,13,18,19,20,24,40,45,48,84,86,88,89,90" machi="45" ten="40,3900,0" yaku="8,1,54,1" doraHai="2" who="2" fromWho="0" sc="47,-45,161,0,473,45,319,0" /><INIT seed="2,3,0,1,3,33" ten="2,161,518,319" oya="2" hai0="85,61,88,7,26,127,82,39,50,22,44,84,93" hai1="42,45,79,20,128,29,94,40,102,116,21,123,62" hai2="122,18,14,59,9,4,17,114,38,58,28,32,80" hai3="24,74,119,64,126,63,43,67,27,108,132,124,81"/><V109/><F114/><W121/><G121/><T49/><D127/><N who="3" m="48681" /><G108/><T111/><D111/><U23/><E123/><V2/><F122/><W101/><G119/><T35/><D35/><U60/><E116/><V31/><F109/><W105/><G132/><T66/><D7/><U129/><E79/><V78/><F38/><W75/><G43/><T11/><D11/><U106/><E94/><V86/><F17/><W0/><G0/><T19/><D39/><U95/><E95/><V5/><F5/><W34/><G81/><T71/><D44/><U135/><E45/><V55/><F32/><W41/><G41/><T131/><D131/><U98/><E98/><V52/><F2/><W113/><G113/><T53/><D53/><N who="2" m="20554" /><F18/><W13/><G13/><T16/><D19/><U69/><E21/><V54/><F58/><N who="3" m="36983" /><G67/><T3/><D3/><U133/><E29/><V118/><F118/><W107/><G101/><T70/><D71/><U115/><E102/><V110/><F110/><W103/><G103/><T65/><D65/><U36/><E36/><V87/><F87/><W120/><G120/><T117/><D117/><U15/><E15/><V68/><F68/><W92/><G34/><T30/><D30/><U73/><E69/><V10/><F10/><W37/><G37/><T72/><D72/><U112/><REACH who="1" step="1"/><E73/><REACH who="1" ten="2,151,518,319" step="2"/><N who="3" m="27658" /><G107/><AGARI ba="3,1" hai="20,23,40,42,60,62,106,107,112,115,128,129,133,135" machi="107" ten="25,3200,0" yaku="1,1,22,2,53,0" doraHai="33" doraHaiUra="97" who="1" fromWho="3" sc="2,0,151,51,518,0,319,-41" /><INIT seed="3,0,0,2,0,21" ten="2,202,518,278" oya="3" hai0="75,42,132,19,17,71,93,72,99,27,112,61,135" hai1="13,50,64,86,36,2,11,20,97,38,14,8,117" hai2="16,26,23,127,85,124,3,79,56,121,98,47,83" hai3="34,131,28,37,77,68,58,63,114,109,30,9,84"/><W76/><G114/><T116/><D116/><U24/><E117/><V45/><F121/><W103/><G68/><T40/><D40/><U120/><E120/><V32/><F3/><W4/><G37/><T94/><D94/><U96/><BYE who="0" /><E2/><V25/><F56/><W31/><G131/><T129/><D129/><U52/><E64/><V39/><F98/><W6/><G34/><T91/><D91/><U44/><E38/><V104/><F25/><W60/><G103/><T33/><D33/><U100/><E36/><V57/><F23/><W115/><G115/><T92/><D92/><U130/><E130/><V95/><F16/><W102/><G102/><T10/><D10/><U122/><E122/><V101/><F26/><W81/><G77/><T87/><D87/><U22/><E22/><V74/><F57/><W118/><G118/><T62/><D62/><N who="3" m="23593" /><G109/><T69/><D69/><U29/><E86/><V133/><F85/><W70/><G70/><T67/><D67/><U110/><E110/><V41/><F101/><W43/><G58/><T12/><D12/><U80/><E80/><V106/><F83/><W119/><G119/><T48/><D48/><U73/><E73/><V0/><F74/><W55/><G84/><T123/><D123/><U78/><E78/><V107/><F79/><W126/><G81/><T128/><D128/><U46/><E46/><V111/><F45/><W15/><G76/><T134/><D134/><U65/><E65/><V90/><F39/><W125/><G125/><T89/><D89/><U113/><E113/><V108/><F124/><W51/><G126/><RYUUKYOKU ba="0,0" sc="2,0,202,0,518,0,278,0" owari="2,-49.8,202,-19.8,518,61.8,278,7.8" /></mjloggm>