<mjloggm ver="2.3"><GO type="225" lobby="0"/><UN n0="%73%69%72%6F%75%74" n1="%E6%80%AA%E3%81%97%E3%81%99%E3%81%8E%E3%82%8B%E3%83%81%E3%83%BC" n2="%73%6C%69%63%6B%33%31%39" n3="%E5%AF%82%E5%AF%9E%E3%82%AE%E3%83%8D%E3%82%B9%E3%83%93%E3%83%BC%E3%83%AB" dan="16,17,16,16" rate="2079.71,2177.18,2179.58,2139.68" sx="M,M,M,M"/><TAIKYOKU oya="0"/><INIT seed="0,0,0,3,0,86" ten="250,250,250,250" oya="0" hai0="113,30,95,88,133,122,43,98,11,35,106,82,57" hai1="129,84,105,17,21,6,2,54,126,18,125,92,68" hai2="55,42,73,52,118,16,112,48,44,77,101,111,12" hai3="93,8,74,32,27,34,13,33,109,134,130,5,78"/><T65/><D113/><U4/><E105/><V26/><F112/><W71/><G71/><T100/><D122/><U49/><E68/><V58/><F111/><W83/><G109/><T29/><D35/><U59/><E129/><V76/><F118/><W114/><G114/><T60/><D133/><U87/><E87/><V120/><F120/><W96/><G134/><T128/><D128/><U135/><E135/><V99/><F26/><W31/><REACH who="3" step="1"/><G130/><REACH who="3" ten="250,250,250,240" step="2"/><T19/><D43/><U70/><E70/><V72/><F73/><W0/><G0/><T14/><REACH who="0" step="1"/><D82/><REACH who="0" ten="240,250,250,240" step="2"/><U47/><E125/><V79/><F42/><W94/><G94/><T127/><D127/><U39/><E92/><N who="2" m="58599" /><F72/><W1/><G1/><T38/><D38/><U23/><E2/><V41/><F58/><W9/><G9/><AGARI ba="0,2" hai="9,12,16,41,44,48,52,55,76,77,79" m="58599" machi="9" ten="30,3900,0" yaku="8,1,54,2" doraHai="86" who="2" fromWho="3" sc="240,0,250,0,250,59,240,-39" /><INIT seed="1,0,0,5,5,124" ten="240,250,309,201" oya="1" hai0="75,135,39,112,29,126,102,2,23,69,50,26,85" hai1="122,61,109,84,36,116,65,100,125,97,21,133,16" hai2="44,99,0,103,1,17,53,106,121,131,40,67,10" hai3="64,62,101,76,52,35,13,57,90,31,81,22,9"/><U108/><E116/><V78/><F121/><W63/><G101/><T43/><D75/><U18/><E122/><V118/><F118/><W8/><G35/><T58/><D112/><U66/><E36/><V86/><F67/><W70/><G90/><T132/><D2/><U91/><E125/><V59/><F131/><W56/><G70/><T25/><D69/><N who="1" m="42159" /><E66/><V72/><F17/><W30/><G22/><T28/><D126/><U32/><E32/><V6/><F86/><W79/><G8/><T19/><D102/><U88/><E133/><N who="0" m="51273" /><D85/><U55/><E55/><V93/><F0/><W117/><G117/><T80/><D80/><N who="1" m="49159" /><E21/><V111/><F78/><N who="3" m="29739" /><G81/><T47/><D26/><U60/><E60/><V105/><F72/><W14/><G14/><T110/><D39/><U104/><E91/><V119/><F119/><W89/><G89/><T120/><D120/><U54/><E54/><V3/><F3/><W51/><G63/><T128/><D23/><U98/><E97/><V107/><F53/><W115/><G115/><T74/><D74/><U113/><E113/><V83/><F83/><W114/><G114/><T73/><D73/><U92/><E104/><V15/><F1/><W34/><G34/><T68/><D68/><U123/><E123/><V41/><F59/><W134/><G134/><T24/><D58/><U5/><E5/><AGARI ba="0,0" hai="5,9,13,30,31,51,52,56,57,62,64" m="29739" machi="5" ten="30,2000,0" yaku="8,1,54,1" doraHai="124" who="3" fromWho="1" sc="240,0,250,-20,309,0,201,20" /><INIT seed="2,0,0,3,1,80" ten="240,230,309,221" oya="2" hai0="2,51,100,22,28,34,57,75,65,85,91,9,8" hai1="78,90,56,105,104,82,128,47,12,14,15,132,70" hai2="21,64,89,110,127,54,61,13,118,66,94,48,1" hai3="77,5,115,88,20,130,10,59,124,24,40,93,125"/><V38/><F118/><W17/><G130/><T81/><D34/><U7/><E70/><V71/><F1/><W16/><G115/><T95/><D2/><U87/><E128/><V58/><F127/><N who="3" m="48715" /><G77/><T73/><D73/><U37/><E132/><V109/><F66/><W60/><G40/><T45/><D75/><U112/><E112/><V86/><F38/><W44/><G44/><T96/><D28/><U52/><E7/><V97/><F97/><N who="3" m="57511" /><G24/><T49/><D22/><U83/><E47/><V69/><F69/><W84/><G20/><T113/><D113/><U123/><E37/><V74/><F74/><W108/><G84/><T41/><D65/><U121/><E83/><V55/><F55/><AGARI ba="0,0" hai="8,9,41,45,49,51,55,57,81,85,91,95,96,100" machi="55" ten="40,2600,0" yaku="8,1,52,1" doraHai="80" who="0" fromWho="2" sc="240,26,230,0,309,-26,221,0" /><INIT seed="3,0,0,2,3,75" ten="266,230,283,221" oya="3" hai0="82,35,108,76,107,33,102,114,81,74,128,52,111" hai1="112,91,19,98,48,131,39,8,125,119,13,96,25" hai2="26,62,134,83,80,38,133,66,58,56,54,21,101" hai3="24,63,27,105,65,31,23,37,9,68,53,100,60"/><W0/><G37/><T6/><D6/><U78/><E39/><V43/><F101/><W41/><G41/><T4/><D4/><U117/><E112/><V64/><F43/><W120/><G120/><T7/><D7/><U51/><E131/><V99/><F99/><N who="1" m="37929" /><E91/><V55/><F38/><W130/><G130/><T45/><D128/><U92/><E92/><V93/><F93/><W16/><G0/><T103/><D114/><U3/><E125/><V97/><F97/><N who="3" m="61583" /><G9/><T94/><D94/><U10/><E25/><V50/><F66/><W44/><G44/><T18/><D18/><U29/><E29/><V1/><F1/><W89/><G89/><T84/><D107/><U79/><E8/><V71/><F71/><W118/><G53/><T113/><D113/><U17/><E17/><V106/><F106/><W109/><G60/><T116/><D116/><N who="1" m="44619" /><E3/><V2/><F2/><W40/><G118/><T5/><D5/><U28/><E28/><N who="2" m="17487" /><F64/><W42/><G109/><N who="0" m="42059" /><D103/><U87/><E87/><V126/><F126/><W47/><G47/><T85/><D102/><U121/><E121/><V110/><F110/><W77/><G77/><AGARI ba="0,0" hai="10,13,19,48,51,77,78,79" m="44619,37929" machi="77" ten="30,7700,0" yaku="12,1,52,3" doraHai="75" who="1" fromWho="3" sc="266,0,230,77,283,0,221,-77" owari="266,-13.4,307,40.7,283,8.3,144,-35.6" /></mjloggm>