<mjloggm ver="2.3"><GO type="225" lobby="0"/><UN n0="%72%69%6F%75%63%68%61%6E" n1="%E3%81%9F%E3%81%93%E2%98%86%E7%84%BC%E3%81%8D" n2="%E6%80%AA%E3%81%97%E3%81%99%E3%81%8E%E3%82%8B%E3%83%81%E3%83%BC" n3="%E3%81%8B%E3%82%8F%E3%81%A1%E3%82%83%E3%82%93%35%38" dan="16,16,16,16" rate="2210.32,2095.18,2077.14,2112.64" sx="M,M,M,M"/><TAIKYOKU oya="0"/><INIT seed="0,0,0,4,1,17" ten="250,250,250,250" oya="0" hai0="26,116,127,3,4,74,115,65,5,69,134,56,92" hai1="66,31,33,80,40,93,68,88,70,129,132,111,97" hai2="34,21,10,1,79,6,49,95,37,131,13,72,94" hai3="58,102,85,11,18,99,78,114,64,45,48,28,30"/><T67/><D115/><U15/><E111/><V63/><F131/><W47/><G114/><T103/><D116/><U9/><E40/><V14/><F37/><W24/><G78/><T62/><D127/><U91/><E132/><V104/><F104/><W113/><G113/><T120/><D120/><U36/><E36/><V61/><F34/><W39/><G85/><T7/><D134/><U109/><E109/><V27/><F72/><W2/><G39/><T100/><D74/><U35/><E129/><V107/><F107/><W124/><G124/><T59/><D3/><U119/><E66/><V84/><F49/><W8/><G47/><T101/><D65/><U105/><E105/><V98/><F13/><W16/><G58/><T0/><D0/><U77/><E91/><N who="2" m="53607" /><F79/><W54/><G64/><T118/><D118/><U50/><E50/><V135/><F1/><W83/><G83/><T23/><REACH who="0" step="1"/><D92/><REACH who="0" ten="240,250,250,250" step="2"/><U43/><E119/><V126/><F126/><W53/><G2/><T25/><D25/><U52/><E93/><V122/><F122/><W96/><G24/><T86/><D86/><U42/><E97/><V89/><F135/><W22/><G99/><T110/><D110/><U128/><E128/><V32/><F32/><W87/><G96/><T90/><D90/><U130/><E88/><V125/><F125/><W41/><G87/><T57/><D57/><U29/><E130/><V76/><F76/><W75/><G75/><T20/><D20/><U55/><E33/><V112/><F112/><W51/><G22/><T133/><D133/><U46/><E35/><V44/><F44/><RYUUKYOKU ba="0,1" sc="240,15,250,-15,250,15,250,-15" hai0="4,5,7,23,26,56,59,62,67,69,100,101,103" hai2="6,10,14,21,27,61,63,89,95,98" /><INIT seed="0,1,1,2,0,2" ten="255,235,265,235" oya="0" hai0="18,24,12,9,129,90,6,14,59,1,106,127,121" hai1="123,94,117,118,126,124,58,120,41,29,110,82,72" hai2="46,81,48,104,84,66,107,91,122,10,88,98,77" hai3="114,70,130,93,20,103,43,65,31,112,100,21,76"/><T4/><D106/><U89/><E29/><V116/><F122/><N who="1" m="46633" /><E58/><V105/><F116/><N who="1" m="44649" /><E41/><V75/><F66/><W135/><G43/><T33/><D127/><N who="1" m="48683" /><E82/><V132/><F132/><W96/><G31/><N who="0" m="19687" /><D129/><U61/><E72/><V19/><F75/><W125/><G130/><T22/><D90/><U13/><E13/><N who="0" m="5225" /><D59/><U85/><E61/><V47/><F10/><W63/><G125/><T11/><D121/><U39/><E39/><V52/><F19/><W68/><G63/><T38/><D38/><U0/><E0/><V57/><REACH who="2" step="1"/><F98/><REACH who="2" ten="255,235,255,235" step="2"/><W101/><G96/><T80/><D80/><U51/><E51/><V37/><F37/><W71/><G71/><T23/><D18/><U56/><E56/><V5/><F5/><N who="0" m="2154" /><D1/><U30/><E30/><V60/><F60/><W45/><G70/><T17/><D17/><U113/><E113/><V95/><F95/><W111/><G93/><T35/><D35/><U25/><E94/><V28/><F28/><W36/><G112/><T74/><D74/><U119/><E119/><V128/><F128/><W3/><G114/><T102/><D102/><U79/><E85/><V99/><F99/><W49/><G3/><T92/><D92/><U69/><E69/><V34/><F34/><W109/><G101/><T86/><D86/><U26/><E79/><V44/><AGARI ba="1,2" hai="44,46,47,48,52,57,77,81,84,88,91,104,105,107" machi="44" ten="40,8000,1" yaku="1,1,0,1,54,2,53,0" doraHai="2" doraHaiUra="133" who="2" fromWho="2" sc="255,-41,235,-21,255,103,235,-21" /><INIT seed="1,0,0,0,3,114" ten="214,214,358,214" oya="1" hai0="64,15,96,94,26,88,9,72,57,85,123,34,28" hai1="80,4,39,70,56,75,42,38,100,115,62,17,83" hai2="74,19,102,1,49,126,35,54,33,61,101,81,31" hai3="93,119,51,134,24,116,52,3,86,10,65,30,29"/><U60/><E115/><V46/><F126/><W63/><G134/><T135/><D135/><U109/><E100/><V11/><F61/><W131/><G131/><T47/><D72/><U121/><E121/><V44/><F44/><W130/><G130/><T8/><D123/><U132/><E4/><V76/><F31/><W91/><G10/><T84/><D8/><U79/><E109/><V36/><F19/><W127/><G3/><T58/><D47/><U22/><E42/><N who="2" m="22855" /><F54/><W55/><G127/><T97/><D84/><U95/><E95/><V111/><F49/><W133/><G133/><T106/><D106/><U66/><E83/><V118/><F118/><N who="3" m="45099" /><G51/><T6/><REACH who="0" step="1"/><D64/><REACH who="0" ten="204,214,358,214" step="2"/><U13/><E132/><V107/><F107/><W0/><G0/><T25/><D25/><U125/><E125/><V69/><F111/><W89/><G24/><T128/><D128/><U113/><E113/><V59/><F11/><W32/><G65/><AGARI ba="0,1" hai="13,17,22,38,39,56,60,62,65,66,70,75,79,80" machi="65" ten="30,1500,0" yaku="7,1" doraHai="114" who="1" fromWho="3" sc="204,0,214,25,358,0,214,-15" /><INIT seed="1,1,0,4,0,52" ten="204,239,358,199" oya="1" hai0="72,18,41,98,120,21,111,39,65,8,119,38,26" hai1="12,101,75,73,63,126,134,44,48,55,76,99,128" hai2="67,105,109,14,16,108,84,9,64,89,45,123,104" hai3="43,86,28,81,115,106,103,68,122,15,88,91,66"/><U3/><E3/><V127/><F123/><W46/><G122/><T60/><D111/><N who="2" m="42570" /><F127/><W58/><G115/><T102/><D119/><U96/><E128/><V42/><F104/><W30/><G68/><T83/><D120/><U40/><E134/><V31/><F31/><N who="3" m="11819" /><G106/><T79/><D8/><U133/><E133/><V62/><F62/><N who="3" m="38231" /><G103/><T20/><D20/><U19/><E76/><V107/><F105/><W78/><G15/><T11/><D11/><U53/><E99/><V23/><F9/><W32/><G32/><T114/><D114/><U100/><E101/><V117/><F107/><W129/><G129/><T135/><D135/><U61/><E96/><V90/><F117/><W35/><G35/><T124/><D124/><U57/><E100/><V93/><F90/><N who="3" m="34347" /><G46/><T17/><D17/><U131/><E131/><V69/><F69/><W116/><G116/><T54/><D98/><U25/><E25/><V51/><AGARI ba="1,0" hai="14,16,23,42,45,51,64,67,84,89,93" m="42570" machi="51" ten="30,2000,0" yaku="14,1,54,1" doraHai="52" who="2" fromWho="2" sc="204,-6,239,-11,358,23,199,-6" /><INIT seed="2,0,0,2,4,44" ten="198,228,381,193" oya="2" hai0="57,84,93,91,97,6,87,80,12,30,48,92,67" hai1="135,21,100,101,102,42,126,50,110,130,29,56,98" hai2="82,112,5,69,62,31,3,15,96,103,52,16,19" hai3="79,37,99,28,66,114,70,36,123,59,2,40,13"/><V47/><F112/><W41/><G2/><T14/><D30/><U122/><E110/><V85/><F69/><W39/><G79/><T60/><D6/><U73/><E73/><V63/><F31/><W124/><G99/><T65/><D65/><U1/><E1/><V34/><F34/><W83/><G83/><T22/><D22/><U23/><E130/><V81/><F81/><W55/><G13/><T24/><D24/><U116/><E116/><V121/><F121/><W125/><G28/><T89/><REACH who="0" step="1"/><D48/><REACH who="0" ten="188,228,381,193" step="2"/><U120/><E29/><V61/><F3/><W86/><G123/><T76/><AGARI ba="0,1" hai="12,14,57,60,67,76,80,84,87,89,91,92,93,97" machi="76" ten="20,12000,2" yaku="1,1,2,1,0,1,7,1,8,1,53,1" doraHai="44" doraHaiUra="95" who="0" fromWho="0" sc="188,130,228,-30,381,-60,193,-30" /><INIT seed="3,0,0,3,3,11" ten="318,198,321,163" oya="3" hai0="74,108,10,12,54,114,90,34,75,58,82,43,132" hai1="85,60,4,23,64,86,28,78,7,14,40,134,94" hai2="47,118,93,0,131,99,41,87,66,129,13,123,127" hai3="105,119,95,130,17,18,112,30,32,70,50,107,110"/><W121/><G112/><T72/><D34/><U97/><E40/><V116/><F0/><W113/><G113/><T80/><D114/><U57/><E134/><V65/><F127/><W61/><G119/><N who="2" m="45609" /><F13/><W46/><G121/><T88/><D132/><U106/><E106/><N who="3" m="40458" /><G95/><T29/><D108/><U62/><E62/><V103/><F87/><N who="1" m="33289" /><E78/><V48/><F123/><W36/><G36/><T125/><D125/><U51/><E51/><V22/><F22/><W89/><G89/><T69/><D69/><U44/><E44/><V26/><F26/><N who="3" m="18519" /><G110/><T126/><D126/><U37/><E37/><V6/><F6/><W24/><G24/><T2/><D2/><U16/><E28/><V73/><F73/><W101/><G101/><AGARI ba="0,0" hai="4,7,14,16,23,57,60,64,94,97,101" m="33289" machi="101" ten="30,3900,0" yaku="8,1,52,1,54,1" doraHai="11" who="1" fromWho="3" sc="318,0,198,39,321,0,163,-39" owari="318,11.8,237,-16.3,321,42.1,124,-37.6" /></mjloggm>