<mjloggm ver="2.3"><GO type="225" lobby="0"/><UN n0="%E4%BA%95%E5%B8%AF" n1="%6D%61%74%69%67%75%73%61" n2="%E3%82%BF%E3%83%BC%E3%83%90%E3%83%B3%E9%87%8E%E5%8F%A3" n3="%48%61%61%61%6C%61%6E%64" dan="16,17,16,18" rate="2051.85,2216.90,2139.25,2226.98" sx="M,M,M,M"/><TAIKYOKU oya="0"/><INIT seed="0,0,0,3,5,120" ten="250,250,250,250" oya="0" hai0="122,103,81,66,36,95,101,3,131,65,9,54,94" hai1="58,93,87,31,51,118,4,22,123,47,41,23,26" hai2="44,20,85,48,116,37,15,49,71,114,63,86,115" hai3="96,107,2,127,0,64,109,60,27,6,99,133,10"/><T33/><D122/><U45/><E123/><V61/><F15/><W84/><G127/><T126/><D36/><U128/><E128/><V92/><F20/><W57/><G133/><T30/><D131/><U82/><E118/><V69/><F92/><W13/><G109/><T130/><D130/><U46/><E4/><V102/><F37/><W73/><G73/><T97/><D81/><U52/><E93/><V70/><F44/><W25/><G84/><T129/><D129/><U34/><REACH who="1" step="1"/><E41/><REACH who="1" ten="250,240,250,250" step="2"/><V110/><F116/><W29/><G107/><T19/><D95/><U125/><E125/><V134/><F134/><W80/><G6/><T38/><D94/><U55/><E55/><V79/><F102/><W112/><G0/><T32/><D54/><U121/><E121/><V14/><F114/><W117/><G2/><T12/><D3/><U90/><AGARI ba="0,1" hai="22,23,26,31,34,45,46,47,51,52,58,82,87,90" machi="90" ten="30,4000,0" yaku="1,1,0,1,54,1,53,0" doraHai="120" doraHaiUra="11" who="1" fromWho="1" sc="250,-20,240,50,250,-10,250,-10" /><INIT seed="1,0,0,2,3,65" ten="230,290,240,240" oya="1" hai0="117,107,131,118,45,89,40,1,70,4,84,21,74" hai1="115,10,42,3,120,41,135,124,29,103,0,57,108" hai2="100,25,14,67,50,58,78,43,51,48,66,20,2" hai3="5,109,112,96,75,13,121,59,106,86,54,126,92"/><U37/><E103/><V22/><F2/><W128/><G121/><T87/><D131/><U33/><E57/><V77/><F100/><W18/><G112/><T28/><D107/><U122/><E10/><V102/><F102/><W125/><G75/><T30/><D74/><U35/><E29/><V24/><F43/><W56/><G128/><T39/><D1/><U6/><E135/><V80/><F14/><W134/><G134/><T105/><D4/><U62/><E62/><V53/><F53/><W44/><G5/><T99/><D105/><U110/><E6/><V111/><F111/><W71/><G109/><T63/><D99/><U11/><E124/><N who="3" m="47722" /><G71/><T81/><D87/><U95/><E95/><V114/><F114/><W38/><G86/><T116/><REACH who="0" step="1"/><D21/><REACH who="0" ten="220,290,240,240" step="2"/><U64/><E0/><V113/><F113/><W27/><G106/><T69/><D69/><U79/><E3/><V34/><F20/><W93/><G96/><T26/><D26/><U15/><E115/><V76/><F22/><W101/><G27/><T68/><D68/><U60/><E110/><V82/><F34/><W88/><G13/><T123/><D123/><U133/><E15/><V31/><F24/><W46/><G101/><T49/><D49/><U90/><E108/><V98/><F98/><W36/><G36/><T61/><D61/><U104/><E60/><N who="2" m="38167" /><F67/><AGARI ba="0,1" hai="28,30,39,40,45,63,67,70,81,84,89,116,117,118" machi="67" ten="40,2600,0" yaku="1,1,52,1,53,0" doraHai="65" doraHaiUra="55" who="0" fromWho="2" sc="220,36,290,0,240,-26,240,0" /><INIT seed="2,0,0,4,5,80" ten="256,290,214,240" oya="2" hai0="61,8,54,95,105,0,75,90,92,43,44,62,20" hai1="63,45,57,1,59,71,122,128,2,34,78,114,109" hai2="56,89,79,127,49,82,21,30,125,10,55,52,74" hai3="39,32,85,13,84,33,77,121,111,37,120,119,12"/><V129/><F129/><W96/><G96/><T7/><D105/><U38/><E45/><V35/><F35/><W108/><REACH who="3" step="1"/><G77/><REACH who="3" ten="256,290,214,230" step="2"/><T11/><D62/><U72/><E78/><V112/><F112/><W53/><G53/><T15/><D54/><U42/><E63/><V64/><F55/><W28/><G28/><T70/><D61/><U66/><E114/><V19/><F64/><W67/><G67/><T6/><D43/><U104/><E42/><V102/><F30/><W86/><G86/><T69/><D75/><U130/><E72/><V107/><F107/><W88/><G88/><T97/><D90/><U117/><E66/><V87/><F102/><W29/><G29/><T73/><D97/><U103/><E103/><V16/><F10/><W116/><AGARI ba="0,1" hai="12,13,32,33,37,39,84,85,108,111,116,119,120,121" machi="116" ten="25,12000,2" yaku="1,1,0,1,22,2,52,2,53,0" doraHai="80" doraHaiUra="18" who="3" fromWho="3" sc="256,-30,290,-30,214,-60,230,130" /><INIT seed="3,0,0,0,2,115" ten="226,260,154,360" oya="3" hai0="35,7,56,27,48,23,24,44,114,21,22,129,104" hai1="43,29,34,52,123,87,120,106,50,68,13,95,64" hai2="134,122,84,100,82,78,15,37,8,130,42,69,61" hai3="12,0,54,128,85,65,18,58,36,125,110,47,109"/><W17/><G125/><T53/><D104/><U126/><E106/><V111/><F111/><N who="3" m="42507" /><G0/><T96/><D129/><U97/><E126/><V79/><F130/><W51/><G128/><T99/><D114/><U26/><E43/><V11/><F134/><W92/><G12/><T101/><D35/><U5/><E87/><V121/><F100/><W124/><G124/><T102/><D7/><U112/><E112/><V86/><F69/><W90/><G65/><T72/><D72/><U31/><E31/><V94/><F61/><N who="3" m="36055" /><G36/><T73/><D73/><U113/><E113/><V49/><F37/><W40/><AGARI ba="0,0" hai="17,18,40,47,51,85,90,92" m="36055,42507" machi="40" ten="30,3000,0" yaku="14,1,10,1" doraHai="115" who="3" fromWho="3" sc="226,-10,260,-10,154,-10,360,30" owari="216,-18.4,250,5.0,144,-35.6,390,49.0" /></mjloggm>