<mjloggm ver="2.3"><GO type="225" lobby="0"/><UN n0="%E8%A8%88%E7%AE%97%E6%A9%9F%E8%87%AA%E7%84%B6" n1="%67%61%79%75%6E%79" n2="%E5%84%AA%40%41%42%43" n3="%E6%80%AA%E3%81%97%E3%81%99%E3%81%8E%E3%82%8B%E3%83%81%E3%83%BC" dan="17,16,17,16" rate="2240.25,2161.30,2243.08,2129.59" sx="M,M,M,M"/><TAIKYOKU oya="0"/><INIT seed="0,0,0,1,0,98" ten="250,250,250,250" oya="0" hai0="14,65,121,7,30,127,11,81,123,106,87,60,131" hai1="42,47,58,103,54,25,83,92,88,51,41,39,24" hai2="3,33,62,53,128,105,120,22,46,35,134,125,111" hai3="0,75,135,44,97,126,36,40,108,28,109,59,1"/><T72/><D72/><U104/><E83/><V67/><F53/><W89/><G75/><T95/><D106/><U74/><E74/><V4/><F46/><W129/><G129/><T57/><D131/><U29/><E41/><V26/><F62/><W12/><G126/><T107/><D107/><U99/><REACH who="1" step="1"/><E29/><REACH who="1" ten="250,240,250,250" step="2"/><N who="2" m="17623" /><F128/><W27/><G28/><T20/><D127/><U124/><E124/><V10/><F125/><W56/><G40/><T70/><D123/><U18/><E18/><V8/><F120/><W79/><G109/><T113/><D121/><U82/><E82/><V116/><F111/><W17/><G108/><T19/><D30/><U101/><E101/><V68/><F116/><W52/><G79/><T119/><D119/><U50/><E50/><V64/><F134/><W76/><G76/><T100/><D81/><U91/><E91/><V5/><F4/><W71/><G135/><T61/><D100/><U94/><E94/><V38/><F38/><W48/><G36/><T23/><D7/><U34/><E34/><V114/><F35/><W55/><G89/><T102/><D102/><U132/><E132/><V66/><F33/><W115/><G17/><T37/><D37/><U63/><E63/><V110/><F110/><W80/><G48/><T16/><D19/><U85/><AGARI ba="0,1" hai="24,25,39,42,47,51,54,58,85,88,92,99,103,104" machi="85" ten="20,8000,1" yaku="1,1,0,1,7,1,52,1,54,1,53,0" doraHai="98" doraHaiUra="118" who="1" fromWho="1" sc="250,-40,240,90,250,-20,250,-20" /><INIT seed="1,0,0,5,5,48" ten="210,330,230,230" oya="1" hai0="27,71,97,124,23,85,72,129,36,26,58,101,125" hai1="118,39,79,75,112,135,108,11,61,46,8,110,94" hai2="17,65,123,126,19,107,5,127,133,32,4,67,120" hai3="84,60,134,102,128,24,76,62,7,104,10,50,29"/><U14/><E118/><V90/><F107/><W98/><G134/><T1/><D71/><U99/><E112/><V45/><F45/><W83/><G128/><T40/><D72/><U49/><E39/><V25/><F90/><W52/><G24/><T105/><D1/><U47/><E135/><V82/><F82/><W59/><REACH who="3" step="1"/><G29/><REACH who="3" ten="210,330,230,220" step="2"/><T41/><D129/><U68/><E110/><V111/><F133/><W131/><G131/><T93/><D26/><U103/><E108/><V3/><F111/><W35/><G35/><T63/><D125/><U89/><E14/><AGARI ba="0,1" hai="7,10,14,50,52,59,60,62,76,83,84,98,102,104" machi="14" ten="30,7700,0" yaku="1,1,7,1,52,1,54,1,53,0" doraHai="48" doraHaiUra="34" who="3" fromWho="1" sc="210,0,330,-77,230,0,220,87" /><INIT seed="2,0,0,0,3,12" ten="210,253,230,307" oya="2" hai0="135,34,76,11,31,59,129,84,48,106,20,85,50" hai1="101,99,128,133,8,35,57,86,80,15,102,71,72" hai2="112,108,113,74,77,16,43,33,93,83,98,123,5" hai3="115,55,100,39,14,68,4,127,42,130,60,46,90"/><V49/><F123/><W63/><G130/><T111/><D34/><U38/><E71/><V70/><F70/><W3/><G127/><T17/><D106/><U19/><E38/><V119/><F119/><W109/><G109/><T37/><D37/><U32/><E128/><V114/><F33/><W126/><G126/><T36/><D36/><U104/><E133/><V13/><F108/><W87/><G115/><T2/><D129/><U132/><E132/><V9/><F43/><W54/><G3/><T26/><D135/><U61/><E102/><V21/><F49/><W67/><G100/><T52/><D111/><U23/><E8/><V78/><F78/><W120/><G120/><T28/><D48/><U91/><REACH who="1" step="1"/><E72/><REACH who="1" ten="210,243,230,307" step="2"/><V30/><F30/><N who="0" m="11306" /><D2/><U73/><E73/><V58/><F58/><W44/><G68/><T97/><D11/><U125/><E125/><V64/><F64/><AGARI ba="0,1" hai="15,19,23,32,35,57,61,64,80,86,91,99,101,104" machi="64" ten="30,3900,0" yaku="1,1,7,1,52,1,53,0" doraHai="12" doraHaiUra="0" who="1" fromWho="2" sc="210,0,243,49,230,-39,307,0" /><INIT seed="3,0,0,2,5,46" ten="210,292,191,307" oya="3" hai0="116,76,11,68,39,55,10,26,87,22,107,109,35" hai1="104,1,69,65,63,114,98,72,67,51,74,0,29" hai2="45,38,127,111,34,92,16,96,23,44,50,94,126" hai3="41,88,125,28,121,99,95,113,58,47,78,132,8"/><W37/><G113/><T2/><D116/><U25/><E67/><V62/><F34/><W49/><G121/><T52/><D39/><U43/><E114/><V106/><F111/><W112/><G112/><T86/><D107/><U48/><E43/><N who="2" m="22647" /><F62/><W24/><G125/><N who="2" m="47625" /><F96/><W71/><G132/><T130/><D35/><N who="1" m="20911" /><E51/><V18/><F106/><W100/><G71/><T15/><D130/><U129/><E48/><V21/><F21/><N who="3" m="15375" /><G37/><T122/><D122/><U105/><E129/><V134/><F134/><W32/><G32/><T123/><D123/><U14/><E14/><N who="2" m="9623" /><F18/><W91/><G8/><T6/><D109/><U102/><E105/><V103/><F103/><W97/><G99/><T70/><D68/><U9/><E9/><V31/><F31/><W40/><G40/><AGARI ba="0,0" hai="40,45,50,92,94" m="9623,47625,22647" machi="40" ten="30,3900,0" yaku="18,1,52,1,54,1" doraHai="46" who="2" fromWho="3" sc="210,0,292,0,191,39,307,-39" /><INIT seed="4,0,0,1,3,67" ten="210,292,230,268" oya="0" hai0="83,104,97,38,50,93,13,109,111,92,3,65,126" hai1="7,114,58,46,73,28,79,8,84,32,68,122,120" hai2="47,25,116,118,52,57,115,42,135,99,17,71,49" hai3="61,44,12,129,20,90,103,108,121,53,112,69,117"/><T33/><D38/><U70/><E84/><V82/><F115/><W133/><G108/><N who="0" m="41547" /><D3/><N who="1" m="127" /><E58/><V80/><F135/><W48/><G112/><T14/><D33/><U123/><E46/><V30/><F17/><W85/><G133/><T27/><D126/><U15/><E15/><N who="0" m="5641" /><D27/><N who="1" m="18463" /><E114/><V127/><F71/><W26/><G117/><N who="2" m="45161" /><F99/><W21/><G121/><T94/><D50/><U131/><E131/><V18/><F18/><W45/><G129/><T9/><D9/><U11/><E11/><V95/><F95/><N who="0" m="24322" /><T43/><DORA hai="60" /><D43/><U98/><E98/><V62/><F127/><W102/><G12/><T39/><D39/><U19/><E19/><V40/><F42/><W24/><G20/><AGARI ba="0,0" hai="20,25,30,40,47,49,52,57,62,80,82" m="45161" machi="20" ten="30,2000,0" yaku="12,1,54,1" doraHai="67,60" who="2" fromWho="3" sc="210,0,292,0,230,20,268,-20" /><INIT seed="5,0,0,4,0,46" ten="210,292,250,248" oya="1" hai0="93,22,44,23,54,80,82,43,37,57,67,109,116" hai1="101,83,100,122,56,29,35,1,88,134,108,55,8" hai2="129,65,14,17,41,61,27,119,130,79,81,52,69" hai3="49,26,97,39,92,4,58,103,94,6,102,72,106"/><U25/><E122/><V124/><F119/><W73/><G39/><T18/><D116/><U38/><E108/><V104/><F104/><W118/><G118/><T11/><D109/><U91/><E134/><V123/><F123/><W90/><G26/><T95/><D11/><U125/><E38/><V31/><F41/><W77/><G77/><T24/><D67/><U7/><E125/><V47/><F124/><W28/><G28/><T111/><D111/><U63/><REACH who="1" step="1"/><E91/><REACH who="1" ten="210,282,250,248" step="2"/><V16/><F129/><W98/><G90/><T96/><D22/><U89/><E89/><V107/><F130/><W120/><G120/><T32/><D32/><U42/><E42/><V135/><F135/><W48/><G58/><T113/><D113/><U2/><E2/><V12/><F69/><W110/><G110/><T112/><D112/><U99/><E99/><V9/><F47/><W74/><G106/><T59/><D59/><U5/><E5/><AGARI ba="0,1" hai="4,5,6,48,49,72,73,74,92,94,97,98,102,103" machi="5" ten="40,5200,0" yaku="9,1,52,2" doraHai="46" who="3" fromWho="1" sc="210,0,282,-52,250,0,248,62" owari="210,-29.0,230,-17.0,250,5.0,310,41.0" /></mjloggm>