<mjloggm ver="2.3"><GO type="225" lobby="0"/><UN n0="%E9%95%B7%E5%B7%9E%E3%81%AE%E5%85%8B" n1="%E5%86%B7%E5%87%8D%E3%82%AE%E3%83%A7%E3%83%BC%E3%82%B6" n2="%E7%BD%AA%E5%88%91%E6%B3%95%E5%AE%9A%E4%B8%BB%E7%BE%A9" n3="%6E%69%63%6F%6E%74%6F" dan="16,16,16,17" rate="2117.00,2152.87,2142.97,2125.76" sx="M,M,M,M"/><TAIKYOKU oya="0"/><INIT seed="0,0,0,3,3,54" ten="250,250,250,250" oya="0" hai0="94,128,83,73,3,8,20,18,55,11,121,106,115" hai1="110,100,52,27,75,132,58,96,85,69,125,50,5" hai2="64,28,93,26,14,34,10,113,24,63,37,119,72" hai3="127,120,33,102,13,39,79,92,77,29,103,101,111"/><T70/><D121/><U48/><E75/><V114/><F72/><W74/><G39/><T117/><D106/><U99/><E69/><V112/><F37/><W135/><G33/><T17/><D115/><U56/><E110/><V57/><F119/><W60/><G29/><T89/><D117/><U122/><E122/><V15/><F10/><W71/><G13/><T107/><D107/><U36/><E36/><V98/><REACH who="2" step="1"/><F26/><REACH who="2" ten="250,250,240,250" step="2"/><W108/><G74/><T65/><D11/><U109/><E109/><N who="3" m="42058" /><G120/><T105/><D8/><U31/><E125/><V76/><F76/><N who="3" m="29259" /><G127/><T67/><D3/><U1/><E132/><V38/><F38/><W124/><G124/><T134/><D134/><U16/><E85/><V82/><F82/><W44/><G135/><T91/><D83/><U130/><E130/><V61/><F61/><W2/><G2/><T133/><D73/><U97/><E100/><AGARI ba="0,1" hai="14,15,24,28,34,57,63,64,93,98,100,112,113,114" machi="100" ten="40,5200,0" yaku="1,1,52,1,53,1" doraHai="54" doraHaiUra="30" who="2" fromWho="1" sc="250,0,250,-52,240,62,250,0" /><INIT seed="1,0,0,5,5,12" ten="250,198,302,250" oya="1" hai0="24,103,61,74,59,88,30,121,21,91,57,118,125" hai1="38,75,107,28,77,10,67,134,49,69,53,32,16" hai2="132,18,68,72,85,23,126,39,31,115,44,82,70" hai3="50,42,97,133,26,51,124,15,40,131,116,129,111"/><U62/><E134/><V46/><F132/><W78/><G133/><T84/><D118/><U105/><E38/><V92/><F126/><W19/><G124/><T48/><D74/><U9/><E32/><V123/><F123/><W117/><G111/><T25/><D103/><U33/><E33/><V101/><F31/><W112/><G112/><T106/><D106/><U96/><E28/><V45/><F39/><W120/><G78/><T109/><D125/><U99/><E105/><V90/><F115/><W5/><G97/><T34/><D109/><U17/><E77/><V81/><F72/><W55/><G5/><T66/><D121/><U63/><E75/><V60/><F101/><W20/><G120/><T43/><D84/><U79/><E79/><V114/><F114/><W94/><G94/><T7/><D7/><U83/><E83/><V127/><F127/><W122/><G26/><T27/><D25/><U135/><E63/><V113/><F113/><W80/><G80/><T22/><D34/><U65/><E65/><V119/><F119/><N who="3" m="45643" /><G122/><T100/><D100/><U1/><E107/><V29/><F29/><W11/><G11/><T104/><D104/><U54/><E135/><V52/><F70/><W95/><G95/><T76/><D76/><U3/><E10/><V2/><F2/><N who="1" m="521" /><E9/><V86/><F68/><W110/><G110/><T8/><D8/><U6/><E6/><V58/><F86/><W37/><G37/><T36/><D36/><U89/><E89/><V108/><F108/><W47/><G51/><T93/><D91/><U73/><E73/><V71/><F71/><RYUUKYOKU ba="0,0" sc="250,-15,198,-15,302,15,250,15" hai2="18,23,44,45,46,52,58,60,81,82,85,90,92" hai3="15,19,20,40,42,47,50,55,129,131" /><INIT seed="2,1,0,4,1,3" ten="235,183,317,265" oya="2" hai0="109,49,63,40,65,130,47,18,2,92,89,6,0" hai1="127,91,10,12,54,101,32,113,100,117,68,20,107" hai2="4,103,1,48,62,37,57,105,17,52,111,116,28" hai3="128,56,122,35,50,131,13,112,102,38,87,64,94"/><V86/><F116/><W76/><G122/><T104/><D104/><U95/><E32/><V121/><F121/><W61/><G35/><T51/><D109/><U30/><E68/><V115/><F37/><W44/><G112/><T25/><D130/><N who="3" m="49705" /><G13/><T41/><D2/><U15/><E107/><V23/><F115/><W110/><G110/><T98/><D49/><U78/><E127/><V81/><F28/><W88/><G76/><T129/><D129/><U29/><E117/><V119/><F119/><W39/><G102/><T19/><D40/><AGARI ba="1,0" hai="38,39,40,44,50,56,61,64,87,88,94" m="49705" machi="40" ten="30,2000,0" yaku="19,1,54,1" doraHai="3" who="3" fromWho="0" sc="235,-23,183,0,317,0,265,23" /><INIT seed="3,0,0,5,3,9" ten="212,183,317,288" oya="3" hai0="40,43,32,3,70,129,91,80,72,122,56,127,119" hai1="118,102,77,59,29,34,46,0,98,101,48,36,58" hai2="69,30,51,76,44,27,25,4,81,67,57,90,87" hai3="60,16,82,17,99,62,89,21,79,104,83,108,11"/><W5/><G108/><T38/><RYUUKYOKU type="yao9" ba="0,0" sc="212,0,183,0,317,0,288,0" hai0="3,32,38,40,43,56,70,72,80,91,119,122,127,129" /><INIT seed="3,1,0,3,2,92" ten="212,183,317,288" oya="3" hai0="76,14,17,109,25,26,130,16,113,49,3,62,52" hai1="72,28,5,131,79,83,35,97,84,91,8,56,133" hai2="125,48,53,20,45,32,15,36,128,129,43,96,4" hai3="106,46,93,19,110,23,101,65,132,90,122,24,126"/><W86/><G122/><T99/><D3/><U77/><E131/><N who="2" m="50251" /><F32/><W67/><G132/><T44/><D130/><U60/><E133/><V59/><F125/><W68/><G126/><T88/><D109/><U71/><E71/><V40/><F96/><W102/><G110/><T69/><D76/><U61/><E61/><V104/><F104/><W95/><G106/><T50/><D17/><U123/><E123/><V120/><F120/><W11/><G68/><T42/><D62/><U39/><E39/><V94/><F94/><W18/><G46/><T13/><D69/><U121/><E121/><V119/><F119/><W80/><G80/><T2/><D2/><U134/><E134/><V103/><F103/><N who="3" m="39435" /><G95/><N who="0" m="56807" /><D13/><AGARI ba="1,0" hai="11,13,18,19,23,24,65,67,86,90,93" m="39435" machi="13" ten="30,1500,0" yaku="8,1" doraHai="92" who="3" fromWho="0" sc="212,-18,183,0,317,0,288,18" /><INIT seed="3,2,0,1,4,95" ten="194,183,317,306" oya="3" hai0="33,41,40,60,92,70,32,8,91,80,121,71,72" hai1="51,134,2,115,31,63,61,18,128,99,73,89,83" hai2="50,57,135,14,105,54,126,106,103,111,65,44,104" hai3="129,119,94,0,49,38,26,79,46,107,6,22,66"/><W82/><G119/><T85/><D121/><U56/><E2/><V68/><F111/><W48/><G129/><T5/><D33/><U123/><E115/><V110/><F110/><W109/><G107/><T114/><D32/><U43/><E128/><V88/><F68/><W74/><G66/><T3/><D114/><U102/><E134/><V20/><F135/><W59/><G59/><T16/><D70/><U17/><E123/><V29/><F103/><W75/><G75/><T1/><D3/><U28/><E73/><V116/><F116/><W86/><G94/><T100/><D71/><U67/><E63/><V122/><F122/><W4/><G109/><T93/><D60/><U39/><E39/><V112/><F112/><W36/><G74/><T81/><D92/><N who="1" m="58727" /><E51/><V11/><F126/><W84/><G84/><T132/><D132/><U13/><E43/><V76/><F106/><W62/><G62/><T113/><D113/><U24/><E24/><N who="2" m="16519" /><F105/><W34/><G34/><T64/><D64/><U25/><E25/><V45/><F104/><W12/><G0/><T53/><D53/><U21/><E18/><N who="2" m="8543" /><F65/><W37/><G12/><T97/><D16/><U15/><E15/><V27/><F27/><W124/><G124/><T90/><D72/><U118/><E118/><V101/><F101/><W30/><REACH who="3" step="1"/><G49/><REACH who="3" ten="194,183,317,296" step="2"/><T127/><D127/><U131/><E131/><V23/><F50/><W130/><G130/><T9/><D1/><U108/><E108/><V10/><F57/><W117/><G117/><T69/><D69/><U47/><E47/><V96/><F45/><W77/><G77/><RYUUKYOKU ba="2,1" sc="194,-15,183,15,317,-15,296,15" hai1="13,17,21,28,31,56,61,67,83,89" hai3="4,6,22,26,30,36,37,38,46,48,79,82,86" owari="179,-32.1,198,-20.2,302,10.2,321,42.1" /></mjloggm>