<mjloggm ver="2.3"><GO type="225" lobby="0"/><UN n0="%E3%82%A2%E3%83%A1%E3%82%A2%E3%83%A9%E3%83%AC" n1="%72%69%6F%75%63%68%61%6E" n2="%E6%A1%9C%E8%8A%B1%E9%96%83%E3%80%85" n3="%E3%81%95%E3%81%8D%E3%81%9F%E3%81%BE%E6%9E%97%E6%AA%8E" dan="16,16,16,16" rate="2139.95,2164.52,2222.62,2082.03" sx="M,M,M,M"/><TAIKYOKU oya="0"/><INIT seed="0,0,0,3,4,116" ten="250,250,250,250" oya="0" hai0="42,100,120,66,111,51,54,91,60,77,131,33,29" hai1="106,20,1,74,39,59,80,94,3,64,49,47,16" hai2="17,30,86,87,25,95,34,130,7,65,21,127,92" hai3="19,27,63,70,119,125,48,45,73,12,103,105,84"/><T11/><D131/><U43/><E106/><V8/><F130/><W15/><G119/><T61/><D111/><U81/><E94/><V85/><F127/><W36/><G73/><T56/><D100/><U67/><E67/><V93/><F65/><W75/><G75/><T71/><D77/><U31/><E31/><V32/><REACH who="2" step="1"/><F30/><REACH who="2" ten="250,250,240,250" step="2"/><W5/><G125/><T50/><D29/><U97/><E64/><V108/><F108/><W78/><G70/><T2/><D66/><U117/><E117/><V0/><AGARI ba="0,1" hai="0,7,8,17,21,25,32,34,85,86,87,92,93,95" machi="0" ten="30,2000,0" yaku="1,1,0,1,53,0" doraHai="116" doraHaiUra="72" who="2" fromWho="2" sc="250,-10,250,-5,240,30,250,-5" /><INIT seed="1,0,0,3,3,117" ten="240,245,270,245" oya="1" hai0="49,14,93,27,70,89,5,60,96,35,37,132,30" hai1="9,101,85,80,119,42,0,77,40,102,112,47,3" hai2="111,54,50,125,86,61,57,81,7,26,48,34,52" hai3="118,126,28,53,36,135,130,99,69,56,4,19,15"/><U103/><E112/><V128/><F111/><W123/><G123/><T134/><D37/><U90/><E119/><V129/><F7/><W32/><G69/><T82/><D49/><U124/><E124/><V109/><F109/><W44/><G118/><T74/><D5/><U87/><E9/><V21/><F34/><W39/><G126/><T73/><D14/><U25/><E25/><V92/><F92/><W78/><G78/><T106/><D106/><U10/><E10/><V116/><F116/><W115/><G115/><T45/><D45/><U94/><REACH who="1" step="1"/><E40/><REACH who="1" ten="240,235,270,245" step="2"/><V100/><F125/><W64/><G135/><T2/><D132/><U23/><E23/><V22/><F22/><W59/><G32/><T31/><D27/><U46/><E46/><V1/><F21/><W13/><G44/><T76/><D134/><U97/><E97/><V133/><F26/><W24/><G99/><T62/><D96/><U91/><E91/><V104/><F133/><W95/><G24/><T68/><D89/><U55/><E55/><V29/><F52/><W122/><G53/><T107/><D35/><U12/><E12/><V114/><F114/><W51/><G15/><T17/><D31/><U79/><E79/><N who="2" m="46399" /><F29/><W121/><G28/><T20/><D30/><U98/><E98/><N who="2" m="61463" /><F1/><W18/><G13/><T72/><D2/><U16/><E16/><V120/><F120/><W113/><G19/><T43/><D17/><U8/><E8/><V131/><AGARI ba="0,1" hai="48,50,54,57,61,128,129,131" m="61463,46399" machi="131" ten="30,1100,0" yaku="19,1" doraHai="117" who="2" fromWho="2" sc="240,-3,235,-5,270,21,245,-3" /><INIT seed="2,0,0,4,2,87" ten="237,230,291,242" oya="2" hai0="73,98,39,86,8,33,48,61,7,20,47,123,119" hai1="76,81,129,55,52,115,85,118,77,71,64,117,23" hai2="11,121,3,26,83,113,42,74,53,2,34,67,68" hai3="18,60,122,72,69,133,38,111,102,63,45,107,112"/><V22/><F113/><W95/><G112/><T36/><D123/><U66/><E115/><V28/><F121/><W91/><G122/><T134/><D73/><U37/><E37/><V100/><F53/><N who="1" m="20553" /><E71/><V65/><F100/><W105/><G72/><T108/><D33/><U25/><E117/><V125/><F125/><W79/><G79/><N who="1" m="30282" /><E118/><V131/><F131/><W15/><G133/><T103/><D108/><U96/><E129/><V40/><F83/><W57/><G111/><T135/><D119/><U50/><E50/><V17/><F2/><W44/><G69/><T127/><D127/><U4/><E4/><N who="2" m="1439" /><F74/><W32/><G32/><T75/><D75/><U21/><E96/><V124/><F124/><W35/><G35/><T16/><D39/><U10/><E10/><V31/><F68/><W120/><G120/><T130/><D36/><U51/><E51/><V101/><F34/><W41/><G107/><T104/><D130/><U9/><E9/><V97/><F42/><W54/><G45/><T88/><D48/><U89/><E21/><V78/><F40/><W59/><G105/><T132/><D47/><U90/><E90/><V80/><F97/><N who="3" m="59711" /><G91/><T128/><D128/><U109/><E109/><V5/><F101/><W106/><G106/><T92/><D7/><U110/><E110/><V56/><F5/><W6/><G6/><T49/><D8/><U19/><AGARI ba="0,0" hai="19,23,25,64,66,81,85,89" m="30282,20553" machi="19" ten="30,4000,0" yaku="8,1,52,1,54,1" doraHai="87" who="1" fromWho="1" sc="237,-10,230,40,291,-20,242,-10" /><INIT seed="3,0,0,2,3,78" ten="227,270,271,232" oya="3" hai0="82,34,72,9,14,122,70,121,63,12,36,133,16" hai1="91,47,46,75,94,3,2,120,123,56,58,130,25" hai2="44,22,103,65,109,132,26,33,61,114,100,81,135" hai3="74,105,39,85,71,19,128,126,29,69,95,42,21"/><W115/><G105/><T5/><D36/><U102/><E75/><V96/><F114/><W49/><G74/><T77/><D34/><U32/><E130/><V67/><F33/><W7/><G115/><T18/><D133/><N who="2" m="51274" /><F109/><W86/><G39/><T6/><D6/><U60/><E102/><V45/><F67/><W73/><G73/><T54/><D5/><U83/><E32/><V87/><F22/><W59/><G7/><T31/><D31/><U20/><E2/><V125/><F26/><W79/><G29/><T1/><D1/><U107/><E107/><N who="2" m="63879" /><F103/><W57/><G71/><T62/><D70/><U66/><E3/><V88/><F125/><W111/><G126/><T92/><D92/><U97/><E56/><AGARI ba="0,0" hai="44,45,56,61,65,81,87,88" m="63879,51274" machi="56" ten="30,3900,0" yaku="20,1,52,1,54,1" doraHai="78" who="2" fromWho="1" sc="227,0,270,-39,271,39,232,0" owari="227,-27.3,231,-16.9,310,41.0,232,3.2" /></mjloggm>