<mjloggm ver="2.3"><GO type="225" lobby="0"/><UN n0="%E3%81%AF%E3%82%88%E3%81%8A%E3%81%98%E3%81%95%E3%82%93" n1="%E6%A1%9C%E8%8A%B1%E9%96%83%E3%80%85" n2="%6D%75%75%6D%75%72%61" n3="%E5%B8%86%E7%AB%8B%E5%A4%8F%E8%A1%A3" dan="16,16,17,17" rate="2165.90,2174.67,2229.78,2156.72" sx="M,M,F,M"/><TAIKYOKU oya="0"/><INIT seed="0,0,0,5,5,77" ten="250,250,250,250" oya="0" hai0="100,79,110,34,81,104,105,0,2,57,76,102,4" hai1="58,95,62,93,121,117,108,109,73,97,85,41,32" hai2="133,53,38,88,118,56,17,114,68,69,86,113,120" hai3="22,116,19,52,47,45,11,132,82,18,39,48,91"/><T80/><D34/><U98/><E117/><V59/><F120/><W60/><G132/><T67/><D57/><U25/><E73/><V24/><F133/><W128/><G128/><T119/><D67/><U46/><E121/><V12/><F38/><W134/><G116/><T33/><D33/><U122/><E122/><V129/><F118/><W101/><G134/><T94/><D119/><U64/><E85/><V13/><F129/><W26/><G101/><T106/><D4/><U125/><E125/><V103/><F24/><W112/><G112/><T27/><D27/><U131/><E95/><V92/><F103/><N who="0" m="39466" /><D0/><U107/><E93/><V16/><F92/><W75/><G39/><T84/><D2/><U71/><E71/><V7/><F86/><N who="3" m="50647" /><G75/><N who="0" m="43039" /><D94/><U3/><E3/><V43/><F7/><W99/><G99/><T96/><D110/><N who="1" m="42603" /><E131/><V66/><F66/><W61/><G47/><T135/><D135/><U36/><E32/><V65/><F65/><W49/><G48/><T70/><D70/><U30/><E30/><V9/><F43/><W123/><G123/><T126/><D96/><N who="1" m="36971" /><E25/><V111/><F111/><W72/><G72/><T10/><D10/><U37/><E36/><V90/><REACH who="2" step="1"/><F9/><REACH who="2" ten="250,250,240,250" step="2"/><W44/><G44/><T87/><D126/><U14/><E37/><V130/><F130/><W28/><G28/><T89/><D84/><U1/><E46/><V8/><F8/><W50/><G50/><T5/><D5/><U20/><E41/><V15/><F15/><AGARI ba="0,1" hai="11,15,18,19,22,26,45,49,52,60,61" m="50647" machi="15" ten="30,7700,0" yaku="25,1,8,1,52,1,54,1" doraHai="77" who="3" fromWho="2" sc="250,0,250,0,240,-77,250,87" /><INIT seed="1,0,0,0,2,64" ten="250,250,163,337" oya="1" hai0="62,49,96,108,2,120,71,25,119,80,9,50,11" hai1="56,103,129,22,40,29,21,132,76,60,37,46,98" hai2="84,110,125,61,88,3,36,51,17,121,134,109,97" hai3="94,70,127,124,31,128,77,111,27,116,59,118,102"/><U63/><E129/><V38/><F121/><W83/><G59/><T10/><D119/><N who="3" m="45609" /><G70/><T105/><D2/><U14/><E132/><V106/><F134/><W81/><G128/><T48/><D120/><U75/><E29/><V73/><F73/><N who="3" m="43183" /><G111/><N who="2" m="42505" /><F125/><N who="3" m="48203" /><G83/><T131/><D108/><U114/><E60/><V67/><F51/><W135/><G135/><T91/><D131/><U57/><E57/><N who="2" m="37295" /><F17/><W26/><G31/><T65/><D25/><U112/><E75/><V32/><F32/><W113/><G113/><T69/><D71/><U58/><E58/><V68/><F68/><W8/><G8/><T78/><D9/><U82/><E112/><V133/><F133/><W13/><G13/><T95/><REACH who="0" step="1"/><D105/><REACH who="0" ten="240,250,163,337" step="2"/><U24/><E24/><V33/><F3/><W89/><G27/><T30/><D30/><U28/><E28/><V101/><F33/><W7/><G26/><T52/><D52/><U90/><E114/><V99/><F99/><N who="3" m="57807" /><G7/><T5/><D5/><U72/><E14/><V87/><F87/><AGARI ba="0,1" hai="10,11,48,49,50,62,65,69,78,80,87,91,95,96" machi="87" ten="40,2600,0" yaku="1,1,52,1,53,0" doraHai="64" doraHaiUra="1" who="0" fromWho="2" sc="240,36,250,0,163,-26,337,0" /><INIT seed="2,0,0,2,4,15" ten="276,250,137,337" oya="2" hai0="14,6,105,133,134,32,109,97,119,57,33,95,48" hai1="61,99,44,106,65,108,1,37,103,2,90,51,66" hai2="94,52,135,110,71,42,93,111,75,112,21,91,47" hai3="10,124,70,117,96,107,98,126,35,19,5,64,27"/><V114/><F71/><W59/><G117/><T132/><D105/><U58/><E108/><N who="2" m="41515" /><F75/><W29/><G19/><T9/><D109/><U123/><E123/><V31/><F135/><W100/><G98/><T86/><D86/><U56/><E37/><N who="2" m="21967" /><F91/><W62/><G59/><T25/><D119/><U24/><E24/><N who="2" m="16783" /><F52/><W89/><G89/><N who="0" m="55535" /><D25/><U115/><E90/><V26/><F26/><W104/><G107/><T13/><D13/><AGARI ba="0,0" hai="5,10,13,27,29,35,62,64,70,96,100,104,124,126" machi="13" ten="40,2600,0" yaku="25,2" doraHai="15" who="3" fromWho="0" sc="276,-26,250,0,137,0,337,26" /><INIT seed="3,0,0,1,0,135" ten="250,250,137,363" oya="3" hai0="7,89,68,127,25,96,111,102,35,59,74,15,71" hai1="116,26,114,132,126,14,27,94,85,92,23,21,36" hai2="3,24,62,93,38,91,119,123,115,16,129,99,49" hai3="90,69,18,72,51,61,103,113,81,95,76,84,130"/><W106/><G113/><T121/><D127/><U70/><E114/><V60/><F115/><W55/><G130/><T31/><D121/><U9/><E70/><V98/><F119/><W22/><G69/><T88/><D74/><U45/><E132/><V58/><F38/><W118/><G118/><T57/><D111/><U53/><E116/><V63/><F3/><W50/><G61/><T128/><D128/><U133/><E126/><V44/><F123/><W65/><G65/><T47/><D47/><U78/><E133/><V101/><F129/><W12/><G55/><T75/><D75/><U67/><E67/><V134/><F134/><W43/><G43/><T83/><D68/><U117/><E23/><V122/><F122/><W124/><G124/><T29/><D31/><N who="1" m="17871" /><E27/><V82/><F82/><W120/><G120/><T97/><D71/><U17/><E36/><V131/><F131/><W8/><G8/><N who="0" m="4511" /><D97/><AGARI ba="0,0" hai="12,18,22,50,51,72,76,81,84,90,95,97,103,106" machi="97" ten="40,3900,0" yaku="24,2" doraHai="135" who="3" fromWho="0" sc="250,-39,250,0,137,0,363,39" owari="211,-18.9,250,5.0,137,-36.3,402,50.2" /></mjloggm>