<mjloggm ver="2.3"><GO type="225" lobby="0"/><UN n0="%73%6C%69%63%6B%33%31%39" n1="%E3%82%BC%E3%83%AB%E3%83%80%E3%81%AE%E4%BC%9D%E8%AA%AC" n2="%E6%B0%B7%E5%B7%9D%E9%87%8C%E5%A5%88" n3="%E3%83%97%E3%83%AC%E3%83%B4%E3%82%A1%E3%83%86%E3%82%A3" dan="16,17,16,16" rate="2094.19,2246.64,2137.29,2125.04" sx="M,M,F,F"/><TAIKYOKU oya="0"/><INIT seed="0,0,0,5,5,50" ten="250,250,250,250" oya="0" hai0="16,118,104,19,68,93,102,127,33,91,43,94,3" hai1="98,107,119,55,18,28,103,65,120,77,61,87,81" hai2="29,34,84,8,73,41,130,111,101,96,54,31,115" hai3="112,17,40,46,131,2,122,134,63,80,59,53,45"/><T58/><D118/><U85/><E120/><V72/><F115/><W90/><G112/><T47/><D68/><U133/><E133/><V42/><F111/><W32/><G2/><T89/><D33/><U88/><E119/><V66/><F66/><W26/><G122/><T6/><D104/><U22/><E28/><V1/><F130/><W74/><G131/><T128/><D128/><U15/><E55/><V36/><F84/><N who="3" m="50439" /><G74/><T11/><D102/><U30/><E30/><V48/><F1/><W113/><G32/><T39/><D127/><U51/><E51/><V82/><F8/><W49/><G113/><T97/><REACH who="0" step="1"/><D58/><REACH who="0" ten="240,250,250,250" step="2"/><U56/><REACH who="1" step="1"/><E85/><AGARI ba="0,1" hai="3,6,11,16,19,39,43,47,85,89,91,93,94,97" machi="85" ten="30,11600,0" yaku="1,1,2,1,7,1,54,1,53,0" doraHai="50" doraHaiUra="106" who="0" fromWho="1" sc="240,126,250,-116,250,0,250,0" /><INIT seed="0,1,0,0,5,11" ten="366,134,250,250" oya="0" hai0="22,105,84,98,27,39,78,114,20,99,12,6,115" hai1="120,93,14,72,17,113,123,44,32,29,92,60,51" hai2="131,25,30,134,95,100,81,18,86,117,10,118,127" hai3="104,54,79,49,76,63,132,109,73,135,96,9,19"/><T83/><D39/><U124/><E72/><V128/><F134/><N who="3" m="51243" /><G73/><T64/><D64/><U77/><E77/><V125/><F95/><W1/><G63/><T129/><D129/><N who="2" m="49738" /><F100/><N who="3" m="62471" /><G109/><T38/><D38/><U0/><E0/><V50/><F50/><W75/><G75/><T15/><D105/><U52/><E124/><N who="2" m="47691" /><F86/><W116/><G116/><N who="2" m="44649" /><F81/><W71/><G71/><T24/><D84/><U122/><E113/><V3/><F3/><W91/><G91/><T56/><D83/><U121/><N who="1" m="30720" /><DORA hai="67" /><U85/><E60/><V66/><F66/><W103/><G103/><T5/><D78/><U70/><E70/><V106/><F106/><W59/><G1/><T53/><D53/><U13/><E85/><V62/><F62/><W69/><G69/><T89/><D89/><U119/><E119/><V94/><F94/><W42/><G42/><T87/><D87/><U37/><E37/><V88/><F88/><W23/><G79/><T26/><D56/><U46/><E46/><V126/><N who="2" m="47699" /><V90/><DORA hai="34" /><F90/><W57/><G76/><T55/><D55/><U21/><REACH who="1" step="1"/><E14/><REACH who="1" ten="366,124,250,250" step="2"/><N who="0" m="5161" /><D98/><U107/><E107/><V41/><F41/><W108/><G59/><T97/><D99/><U102/><E102/><V65/><F65/><W35/><G57/><T112/><D97/><U82/><E82/><V48/><F48/><W74/><G49/><T101/><D101/><U40/><E40/><V28/><F25/><AGARI ba="1,1" hai="13,17,21,25,29,32,44,51,52,92,93" m="30720" machi="25" ten="70,8000,1" yaku="1,1,52,1,54,1,53,0" doraHai="11,67,34" doraHaiUra="68,133,4" who="1" fromWho="2" sc="366,0,124,93,250,-83,250,0" /><INIT seed="1,0,0,4,1,86" ten="366,217,167,250" oya="1" hai0="10,23,130,13,89,39,114,61,70,103,122,72,47" hai1="88,1,20,112,46,5,33,71,81,135,125,3,95" hai2="126,62,116,52,56,12,49,107,121,24,55,54,22" hai3="15,21,41,82,35,91,84,16,43,74,109,31,94"/><U27/><E112/><V92/><F121/><W97/><G109/><T19/><D72/><U40/><E71/><V59/><F116/><W99/><G35/><T115/><D122/><U9/><E125/><V45/><F126/><W128/><G128/><T127/><D127/><U120/><E120/><V6/><F107/><W37/><G37/><T118/><D118/><U108/><E135/><V44/><F6/><W38/><G38/><T131/><D103/><U106/><E106/><V129/><F129/><N who="0" m="49162" /><D89/><U77/><E33/><V78/><F78/><W25/><G74/><T80/><D80/><U36/><E108/><V111/><F111/><W17/><G99/><T119/><D119/><U76/><E1/><V75/><F75/><W65/><G65/><N who="0" m="41263" /><D23/><U100/><E81/><V34/><F34/><W58/><G58/><T104/><D104/><U90/><E100/><V26/><F92/><W0/><G0/><T124/><D124/><U48/><E90/><V105/><F105/><W11/><G31/><T53/><D53/><U73/><E73/><V50/><REACH who="2" step="1"/><F56/><REACH who="2" ten="366,217,157,250" step="2"/><W134/><G134/><T57/><D57/><U30/><E36/><V110/><F110/><W68/><G68/><T132/><D132/><U28/><E28/><V83/><F83/><W87/><G87/><AGARI ba="0,1" hai="3,5,9,20,27,30,40,46,48,76,77,87,88,95" machi="87" ten="30,5800,0" yaku="7,1,52,1,54,1" doraHai="86" who="1" fromWho="3" sc="366,0,217,68,157,0,250,-58" /><INIT seed="1,1,0,3,4,0" ten="366,285,157,192" oya="1" hai0="116,12,43,107,3,130,91,4,63,18,79,124,80" hai1="32,104,82,13,67,83,56,25,15,114,75,17,10" hai2="135,89,29,86,134,118,42,92,47,49,132,64,94" hai3="31,30,128,85,36,103,60,111,22,37,9,99,125"/><U58/><E114/><V1/><F118/><W120/><G120/><T105/><D116/><U11/><E104/><V84/><F29/><W59/><G111/><T72/><D91/><U21/><E32/><V66/><REACH who="2" step="1"/><F1/><REACH who="2" ten="366,285,147,192" step="2"/><W61/><G31/><T46/><D3/><U101/><E75/><V69/><F69/><W20/><G125/><T48/><D124/><U6/><E101/><V5/><F5/><W129/><G30/><T126/><D4/><U117/><E117/><V14/><F14/><W87/><G103/><T108/><D126/><U28/><E13/><V50/><F50/><W74/><G74/><T33/><D12/><U127/><E127/><V81/><F81/><W2/><G2/><T38/><D48/><U119/><E119/><V27/><F27/><W93/><G9/><T121/><D80/><U115/><E115/><V53/><F53/><W62/><G37/><T23/><D38/><U110/><E110/><V112/><F112/><W24/><G36/><T40/><D108/><U123/><E123/><V133/><N who="2" m="33792" /><DORA hai="26" /><V55/><F55/><W68/><G68/><T122/><D121/><U71/><E10/><V100/><F100/><N who="3" m="60527" /><G24/><T8/><D122/><U98/><E6/><V65/><F65/><N who="3" m="39071" /><G62/><T16/><D63/><N who="1" m="40447" /><E83/><V54/><F54/><W109/><G61/><T44/><D8/><U34/><E82/><V95/><F95/><W102/><G102/><T39/><D39/><U76/><E11/><V97/><F97/><W7/><G7/><T88/><D107/><U73/><E98/><V78/><F78/><W96/><G96/><T90/><D105/><RYUUKYOKU ba="1,1" sc="366,-15,285,15,147,15,192,-15" hai1="15,17,21,25,28,34,56,58,73,76" hai2="42,47,49,64,66,84,86,89,92,94" /><INIT seed="1,2,1,0,4,129" ten="351,300,162,177" oya="1" hai0="112,26,5,34,89,133,22,74,12,56,72,117,111" hai1="59,35,70,36,19,52,91,90,30,21,81,60,4" hai2="116,118,55,119,77,43,122,86,42,83,23,33,1" hai3="88,40,85,45,25,100,16,65,79,9,82,78,38"/><U135/><E135/><V28/><F122/><W76/><G65/><T101/><D112/><U95/><E36/><V125/><F1/><W63/><G63/><T62/><D117/><U84/><E4/><V24/><F125/><W134/><G134/><T71/><D71/><U109/><E109/><V64/><F64/><W128/><G128/><T96/><D133/><U54/><E70/><V14/><F14/><W103/><REACH who="3" step="1"/><G9/><REACH who="3" ten="351,300,162,167" step="2"/><T123/><D62/><U106/><E60/><V13/><REACH who="2" step="1"/><F55/><REACH who="2" ten="351,300,152,167" step="2"/><W27/><G27/><T50/><D26/><U97/><E52/><V93/><F93/><W124/><G124/><T37/><D123/><U31/><E54/><V121/><F121/><W61/><G61/><T69/><D69/><U47/><E95/><V92/><F92/><W3/><G3/><T107/><D107/><U53/><E106/><V17/><AGARI ba="2,3" hai="13,17,23,24,28,33,42,43,77,83,86,116,118,119" machi="17" ten="40,2700,0" yaku="1,1,0,1,53,0" doraHai="129" doraHaiUra="2" who="2" fromWho="2" sc="351,-9,300,-15,152,63,167,-9" /><INIT seed="2,0,0,4,4,110" ten="342,285,215,158" oya="2" hai0="15,11,77,44,91,33,61,21,73,72,82,47,50" hai1="63,123,96,29,5,114,127,6,108,87,128,52,71" hai2="100,34,120,98,53,0,62,130,24,67,23,129,75" hai3="124,70,46,57,88,40,41,16,1,104,65,51,126"/><V118/><F118/><W20/><G104/><T14/><D33/><U117/><E117/><V116/><F116/><W102/><G102/><T18/><D91/><U8/><E108/><V103/><F75/><W132/><G1/><T38/><D38/><U125/><E128/><N who="2" m="49259" /><F0/><W3/><G3/><T78/><D61/><U74/><E74/><V26/><F120/><W122/><G122/><T111/><D111/><U80/><E123/><V69/><F53/><W60/><G132/><T86/><D77/><U68/><E52/><V119/><F119/><W79/><G79/><T94/><D94/><U89/><E114/><V85/><F85/><W4/><G4/><N who="0" m="3431" /><D47/><U97/><E97/><V133/><F133/><W39/><G41/><AGARI ba="0,0" hai="15,18,21,41,44,50,72,73,78,82,86" m="3431" machi="41" ten="30,1000,0" yaku="25,1" doraHai="110" who="0" fromWho="3" sc="342,10,285,0,215,0,158,-10" /><INIT seed="3,0,0,0,5,87" ten="352,285,215,148" oya="3" hai0="81,96,16,119,106,83,77,118,43,28,74,97,94" hai1="109,107,108,10,6,102,84,105,32,71,12,110,39" hai2="35,111,125,48,58,54,112,55,73,3,13,34,25" hai3="76,131,101,103,117,24,70,14,113,22,135,18,93"/><W85/><G113/><T126/><D126/><U33/><E39/><V122/><F112/><W17/><G70/><T45/><D28/><U2/><E71/><V59/><F3/><W61/><G117/><T53/><D53/><U65/><E65/><V41/><F73/><W114/><G114/><T7/><D7/><U95/><E2/><V127/><F41/><W129/><G135/><T91/><D16/><U120/><E120/><V47/><F111/><W123/><G123/><T64/><D64/><U121/><E121/><V57/><F122/><W78/><G61/><T86/><D97/><N who="1" m="59711" /><E84/><V11/><F54/><W62/><G62/><T38/><D106/><AGARI ba="0,0" hai="6,10,12,32,33,105,106,107,108,109,110" m="59711" machi="106" ten="40,1300,0" yaku="14,1" doraHai="87" who="1" fromWho="0" sc="352,-13,285,13,215,0,148,0" owari="339,43.9,298,9.8,215,-18.5,148,-35.2" /></mjloggm>