<mjloggm ver="2.3"><GO type="225" lobby="0"/><UN n0="%74%61%6B%75%61%6B%61" n1="%E3%81%A1%E3%82%85%E3%81%86%E3%81%A9%E3%81%8F%E8%B1%A1%E3%81%95%E3%82%93" n2="%E3%81%8C%E3%81%9F" n3="%6D%75%75%6D%75%72%61" dan="17,16,16,16" rate="2230.11,2167.24,2153.65,2134.71" sx="M,M,F,F"/><TAIKYOKU oya="0"/><INIT seed="0,0,0,1,0,36" ten="250,250,250,250" oya="0" hai0="91,17,82,107,75,108,16,106,81,60,34,132,134" hai1="101,114,27,10,128,46,42,88,62,130,98,51,2" hai2="33,94,79,72,7,41,133,30,121,80,0,112,67" hai3="3,126,58,21,38,12,4,37,103,65,87,53,78"/><T69/><D34/><U89/><E114/><V35/><F121/><W55/><G3/><T64/><D108/><U5/><E27/><V57/><F112/><W110/><G110/><T99/><D91/><U22/><E22/><V120/><F120/><W84/><G126/><T28/><D28/><U44/><E62/><V83/><F133/><N who="0" m="51306" /><D82/><U96/><E44/><V86/><F94/><W14/><G103/><N who="0" m="62847" /><D107/><U32/><E32/><V48/><F30/><W113/><G87/><T18/><D18/><U111/><E111/><V95/><F95/><W40/><G4/><T63/><D63/><U104/><REACH who="1" step="1"/><E96/><REACH who="1" ten="250,240,250,250" step="2"/><V124/><F35/><W93/><G113/><T26/><D26/><U116/><E116/><V74/><F33/><W50/><G21/><T117/><D117/><U24/><E24/><V73/><F124/><W85/><G78/><AGARI ba="0,1" hai="16,17,60,64,69,75,78,81" m="62847,51306" machi="78" ten="30,2900,0" yaku="20,1,54,1" doraHai="36" who="0" fromWho="3" sc="250,39,240,0,250,0,250,-29" /><INIT seed="0,1,0,2,4,58" ten="289,240,250,221" oya="0" hai0="96,111,50,97,4,2,115,1,55,101,134,125,82" hai1="32,16,67,112,90,130,80,37,33,48,69,102,94" hai2="13,81,68,106,12,127,21,22,17,36,92,93,59" hai3="118,60,3,122,74,85,39,128,42,107,19,41,63"/><T86/><D115/><U133/><E37/><V89/><F68/><W126/><G74/><T52/><D125/><U120/><E120/><V43/><F106/><W70/><G118/><T108/><D134/><U79/><E133/><V66/><F127/><W8/><G126/><T103/><D4/><U40/><E112/><V117/><F117/><W71/><G107/><T121/><D121/><U11/><E102/><V84/><F43/><W34/><G122/><T35/><D35/><U24/><E130/><V49/><F36/><W57/><G34/><T114/><D114/><U95/><E95/><V91/><F91/><W65/><G128/><T26/><D26/><U88/><E90/><V105/><F105/><W109/><G71/><T98/><D101/><U38/><E38/><V124/><F124/><W20/><G39/><T104/><D103/><U123/><E123/><V132/><F132/><W18/><G109/><N who="0" m="42059" /><D104/><U46/><E67/><V51/><F66/><W14/><G85/><T31/><D31/><U54/><E69/><V72/><F72/><W25/><REACH who="3" step="1"/><G3/><REACH who="3" ten="289,240,250,211" step="2"/><N who="0" m="1035" /><D50/><U28/><E32/><V135/><F49/><W131/><G131/><T100/><D100/><U15/><E33/><V23/><F135/><W47/><G47/><T45/><D45/><U78/><E46/><V6/><F51/><W5/><G5/><T30/><D30/><U76/><E28/><V64/><F6/><W99/><G99/><T129/><D129/><U56/><E48/><V113/><F113/><W87/><G87/><T73/><D73/><U116/><E116/><V0/><F84/><W10/><G10/><RYUUKYOKU ba="1,1" sc="289,15,240,-15,250,-15,211,15" hai0="52,55,82,86,96,97,98" hai3="8,14,18,19,20,25,41,42,57,60,63,65,70" /><INIT seed="0,2,1,0,1,133" ten="304,225,235,226" oya="0" hai0="98,52,78,36,5,120,37,73,24,19,86,107,17" hai1="111,80,18,46,8,74,22,126,110,129,13,130,104" hai2="134,90,123,105,55,57,82,48,23,70,27,76,30" hai3="56,75,63,92,43,26,121,35,99,29,4,71,14"/><T132/><D120/><U115/><E104/><V122/><F105/><W15/><G121/><T62/><D73/><U65/><E65/><V9/><F70/><W34/><G75/><T72/><D72/><U128/><E46/><V114/><F114/><W59/><G35/><T135/><D5/><U42/><E42/><V2/><F134/><N who="0" m="51242" /><D78/><U93/><E93/><V47/><F90/><W68/><G43/><T40/><D86/><U112/><E80/><V60/><F9/><W20/><G59/><N who="0" m="35175" /><D40/><U119/><E74/><V97/><F2/><W7/><G71/><T106/><D106/><U21/><E119/><V1/><F1/><W38/><G68/><T51/><D51/><U33/><E33/><V6/><F6/><N who="3" m="2091" /><G34/><T108/><D108/><N who="1" m="41515" /><E126/><V109/><F109/><W91/><G38/><N who="0" m="14955" /><D24/><U12/><E12/><V117/><F117/><W79/><G79/><T124/><D124/><U0/><E0/><V44/><F122/><W61/><G61/><T39/><N who="0" m="14963" /><T103/><AGARI ba="2,1" hai="17,19,98,103,107" m="14963,35175,51242" machi="103" ten="50,9600,0" yaku="4,1,20,1,54,1" doraHai="133" who="0" fromWho="0" sc="304,112,225,-34,235,-34,226,-34" /><INIT seed="0,3,0,0,2,48" ten="416,191,201,192" oya="0" hai0="61,57,50,14,126,21,93,22,113,91,5,38,98" hai1="77,133,51,26,115,117,75,43,92,31,121,76,122" hai2="4,13,103,1,105,120,129,128,87,24,94,107,19" hai3="114,45,55,69,108,52,118,95,27,12,11,112,73"/><T63/><D113/><U82/><E117/><V110/><F120/><W7/><G118/><T9/><D38/><U17/><E133/><V127/><F110/><W10/><G69/><T83/><D126/><U15/><E115/><V116/><F116/><W84/><G108/><T72/><D72/><U125/><E125/><V47/><F127/><W62/><G73/><T90/><D50/><U86/><E76/><V106/><F24/><W58/><G27/><T16/><D61/><U109/><E109/><V71/><F71/><W135/><G135/><T46/><D46/><U18/><E18/><V134/><F134/><W124/><G124/><T41/><D41/><U39/><E39/><V35/><F35/><W8/><G112/><T25/><D22/><U111/><E111/><V29/><F29/><W53/><G114/><T130/><D130/><U59/><E92/><V119/><F119/><W89/><G45/><T100/><D83/><U42/><E75/><V78/><F47/><W37/><G37/><T104/><D104/><U80/><E80/><N who="2" m="47511" /><F4/><W2/><G10/><T70/><D70/><U36/><E36/><V97/><F1/><W123/><G123/><N who="1" m="47114" /><E59/><V23/><F129/><W40/><G40/><T54/><AGARI ba="3,0" hai="5,9,14,16,21,25,54,57,63,90,91,93,98,100" machi="54" ten="20,12000,1" yaku="0,1,7,1,8,1,52,1,54,1" doraHai="48" who="0" fromWho="0" sc="416,129,191,-43,201,-43,192,-43" /><INIT seed="0,4,0,4,5,93" ten="545,148,158,149" oya="0" hai0="129,4,82,3,51,62,56,8,97,83,0,106,87" hai1="122,30,50,42,120,60,132,68,53,39,130,38,54" hai2="64,133,75,23,36,127,105,65,17,108,86,9,13" hai3="111,84,88,57,107,12,71,85,21,45,95,94,79"/><T72/><D129/><U100/><E30/><V22/><F75/><W47/><G71/><T73/><D0/><U99/><E132/><V11/><F105/><W113/><G107/><T128/><D128/><U44/><E130/><V37/><F133/><W112/><G111/><T28/><D28/><U58/><E38/><V104/><F104/><W66/><G112/><T116/><D51/><U5/><E5/><V126/><F86/><W18/><G113/><T14/><D3/><U35/><E35/><V117/><F13/><W61/><REACH who="3" step="1"/><G94/><REACH who="3" ten="545,148,158,139" step="2"/><T43/><D106/><U103/><E120/><V89/><F108/><W2/><G2/><T32/><D116/><U24/><E122/><V7/><F117/><W16/><G16/><T124/><D4/><U77/><E68/><V121/><F121/><W90/><G90/><T33/><D72/><U69/><E69/><V91/><F7/><W59/><G59/><T19/><D56/><U52/><E77/><V92/><F92/><W135/><G135/><T63/><D19/><AGARI ba="4,1" hai="9,11,17,19,22,23,36,37,64,65,89,91,126,127" machi="19" ten="25,1600,0" yaku="22,2" doraHai="93" who="2" fromWho="0" sc="545,-28,148,0,158,38,139,0" /><INIT seed="1,0,0,1,5,77" ten="517,148,196,139" oya="1" hai0="92,104,82,55,23,78,13,7,81,112,54,38,29" hai1="1,89,79,35,68,61,60,96,99,31,10,100,20" hai2="117,65,115,5,71,98,6,119,33,122,12,57,11" hai3="134,105,36,21,126,28,85,114,17,53,3,113,63"/><U8/><E35/><V101/><F122/><W125/><G105/><T130/><D104/><U72/><E89/><V16/><F33/><W128/><G36/><T84/><D38/><U45/><E45/><V95/><F71/><W34/><G3/><T102/><D112/><U24/><E99/><V56/><F115/><W67/><G128/><T133/><D133/><U123/><E123/><V90/><F56/><W108/><G108/><T131/><D81/><U66/><E60/><V43/><F43/><W64/><G134/><T111/><D111/><U15/><E1/><V132/><F132/><W4/><G4/><T73/><D73/><U91/><E91/><V83/><F117/><W30/><G53/><T49/><D29/><N who="3" m="11369" /><G85/><T14/><D55/><U37/><E37/><V110/><F110/><W9/><G9/><T44/><D7/><N who="2" m="2570" /><F119/><W109/><G34/><T129/><D23/><U40/><E40/><V46/><F46/><W120/><G120/><T0/><D0/><U50/><E50/><V48/><F48/><W47/><G47/><T135/><D135/><U106/><REACH who="1" step="1"/><E15/><REACH who="1" ten="517,138,196,139" step="2"/><V97/><F97/><AGARI ba="0,1" hai="13,14,44,49,54,78,82,84,92,97,102,129,130,131" machi="97" ten="40,2600,0" yaku="19,1,52,1" doraHai="77" who="0" fromWho="2" sc="517,36,138,0,196,-26,139,0" /><INIT seed="2,0,0,1,4,53" ten="553,138,170,139" oya="2" hai0="94,68,72,16,114,20,71,113,128,48,39,125,51" hai1="106,46,102,38,61,131,84,1,115,63,64,18,98" hai2="5,22,44,40,67,112,109,90,87,43,14,21,66" hai3="60,56,33,59,104,80,36,117,74,7,70,123,86"/><V9/><F112/><W24/><G117/><T83/><D39/><U57/><E115/><V58/><F109/><W25/><G123/><T116/><D116/><U76/><E131/><V122/><F122/><W85/><G104/><T0/><D0/><U19/><E1/><V119/><F119/><W118/><G118/><T17/><D128/><U126/><E126/><V96/><F96/><W45/><G74/><T55/><D125/><U49/><E38/><V30/><F30/><W75/><G75/><T26/><D94/><U79/><E61/><V6/><F6/><W29/><G7/><T62/><D17/><U31/><E31/><V93/><F40/><W10/><G10/><T91/><D48/><U52/><E84/><V4/><F4/><W54/><G24/><T103/><D103/><U108/><E108/><V89/><F89/><W50/><G70/><T92/><D83/><U42/><REACH who="1" step="1"/><E64/><REACH who="1" ten="553,128,170,139" step="2"/><V88/><F67/><W23/><G33/><T11/><D72/><U77/><AGARI ba="0,1" hai="18,19,42,46,49,52,57,63,76,77,79,98,102,106" machi="77" ten="30,12000,2" yaku="1,1,2,1,0,1,52,1,54,1,53,1" doraHai="53" doraHaiUra="97" who="1" fromWho="1" sc="553,-30,128,130,170,-60,139,-30" /><INIT seed="3,0,0,5,2,113" ten="523,258,110,109" oya="3" hai0="2,3,94,73,93,37,75,31,121,103,83,45,22" hai1="26,65,86,63,72,111,1,19,21,74,58,115,59" hai2="82,61,38,91,101,117,18,49,70,98,104,134,110" hai3="5,81,15,51,10,131,107,9,56,129,57,60,105"/><W99/><G81/><T95/><D103/><U35/><E115/><V108/><F117/><W53/><G10/><T126/><D121/><U11/><E111/><N who="2" m="42539" /><F38/><W8/><G8/><T23/><D126/><U124/><E124/><V54/><F134/><W87/><G87/><T24/><D23/><U79/><E35/><V28/><F28/><W33/><G33/><T36/><D36/><U71/><E86/><N who="2" m="50647" /><F18/><W85/><G85/><T13/><D13/><U84/><E1/><V127/><F127/><W125/><G125/><T47/><D47/><U14/><E11/><V66/><F54/><W92/><G129/><T29/><D29/><U55/><E58/><N who="2" m="37175" /><F49/><W67/><REACH who="3" step="1"/><G131/><REACH who="3" ten="523,258,110,99" step="2"/><T40/><D83/><U112/><E84/><V4/><F4/><W77/><G77/><T119/><D73/><U128/><E79/><V12/><F12/><W123/><G123/><T133/><D75/><U6/><E128/><V89/><F89/><AGARI ba="0,1" hai="5,9,15,51,53,56,57,60,67,89,92,99,105,107" machi="89" ten="30,5800,0" yaku="1,1,7,1,53,1" doraHai="113" doraHaiUra="0" who="3" fromWho="2" sc="523,0,258,0,110,-58,99,68" /><INIT seed="3,1,0,3,2,122" ten="523,258,52,167" oya="3" hai0="94,89,124,18,58,26,50,43,109,16,34,40,120" hai1="96,79,90,5,119,114,103,23,46,36,30,15,81" hai2="57,1,65,38,56,98,91,112,52,73,67,12,32" hai3="31,28,64,53,99,95,130,19,107,66,84,88,8"/><W13/><G130/><T134/><D120/><U48/><E114/><V29/><F112/><W97/><G53/><N who="0" m="32055" /><D109/><U47/><E36/><V121/><F121/><W87/><G87/><T68/><D68/><U62/><E62/><V93/><F1/><W11/><G11/><T105/><D105/><U129/><E129/><V85/><F38/><W70/><G70/><T117/><D34/><U6/><E119/><V42/><F73/><W51/><G51/><T71/><D71/><U17/><E30/><N who="3" m="11306" /><G107/><T77/><D77/><U39/><E90/><V123/><F123/><W69/><G69/><T4/><D117/><U135/><E39/><V82/><F42/><W127/><G127/><T74/><D74/><U133/><E46/><V104/><F104/><W54/><G54/><T102/><D124/><U76/><E47/><V21/><F32/><W78/><G78/><N who="1" m="29738" /><E81/><V45/><F45/><W0/><G0/><T111/><D40/><U55/><E48/><V27/><F12/><W44/><G44/><T126/><D43/><U118/><E55/><V132/><F132/><N who="1" m="50761" /><E118/><V113/><F113/><W33/><G33/><T24/><D4/><U41/><E41/><V60/><REACH who="2" step="1"/><F57/><REACH who="2" ten="523,258,42,167" step="2"/><W106/><G106/><AGARI ba="1,1" hai="5,6,15,17,23,96,103,106" m="50761,29738" machi="106" ten="30,1000,0" yaku="20,1" doraHai="122" who="1" fromWho="3" sc="523,0,258,23,42,0,167,-13" owari="523,62.3,281,8.1,42,-45.8,154,-24.6" /></mjloggm>