<mjloggm ver="2.3"><GO type="225" lobby="0"/><UN n0="%E9%B3%B3%E6%9D%B1%E3%81%AE%E3%81%86%E3%81%95%E3%81%8E%E3%81%95%E3%82%93" n1="%E3%81%BF%E3%81%BF%E3%81%9A" n2="%E3%81%82%E3%81%99%E3%81%AB%E3%82%83%E3%82%80" n3="%72%69%6F%75%63%68%61%6E" dan="17,17,16,17" rate="2266.43,2207.38,2168.79,2174.82" sx="M,M,F,M"/><TAIKYOKU oya="0"/><INIT seed="0,0,0,0,1,67" ten="250,250,250,250" oya="0" hai0="96,59,48,113,34,132,98,3,126,2,120,77,66" hai1="101,133,18,65,74,88,49,99,64,26,44,60,95" hai2="83,54,123,11,9,89,114,87,71,41,91,105,82" hai3="24,93,21,43,124,15,119,7,25,121,134,117,135"/><T31/><D113/><U20/><E133/><N who="3" m="50698" /><G43/><T115/><D115/><U19/><E74/><V57/><F114/><W16/><G93/><T86/><D120/><U12/><E101/><V108/><F123/><W23/><G121/><T131/><D132/><U40/><REACH who="1" step="1"/><E60/><REACH who="1" ten="250,240,250,250" step="2"/><V130/><F105/><W107/><G107/><T78/><D131/><U62/><E62/><V68/><F130/><W61/><G61/><T122/><D122/><U0/><E0/><V111/><F41/><W69/><G124/><T80/><D2/><U116/><E116/><N who="3" m="44618" /><G69/><T35/><D126/><U1/><E1/><V56/><REACH who="2" step="1"/><F87/><REACH who="2" ten="250,240,240,250" step="2"/><W10/><G23/><AGARI ba="0,2" hai="12,18,19,20,23,26,40,44,49,64,65,88,95,99" machi="23" ten="30,7700,0" yaku="1,1,7,1,8,1,54,1,53,0" doraHai="67" doraHaiUra="29" who="1" fromWho="3" sc="250,0,240,97,240,0,250,-77" /><INIT seed="1,0,0,3,0,90" ten="250,337,240,173" oya="1" hai0="95,13,10,43,117,52,42,69,19,86,84,105,129" hai1="119,64,89,70,111,120,75,63,127,126,55,78,121" hai2="14,48,47,85,37,134,135,100,58,60,128,30,25" hai3="5,65,34,83,91,67,80,4,54,88,38,97,124"/><U62/><E119/><V59/><F128/><W101/><G34/><T20/><D105/><U125/><E111/><V24/><F37/><W66/><G124/><T76/><D129/><U123/><E89/><N who="3" m="34378" /><G38/><T27/><D69/><U16/><E16/><V87/><F100/><W131/><G131/><T17/><D117/><U115/><E78/><V99/><F99/><W56/><G101/><T0/><D0/><U45/><E75/><V8/><F134/><W23/><G97/><T132/><D132/><U51/><E62/><V29/><F135/><W61/><G23/><T92/><D52/><U93/><E93/><N who="0" m="35913" /><D76/><U40/><E115/><V9/><F60/><W94/><G94/><T133/><D133/><U106/><E106/><V130/><F130/><W21/><G21/><T71/><D71/><U96/><E96/><V28/><F9/><W7/><AGARI ba="0,0" hai="4,5,7,54,56,61,65,66,67,80,83" m="34378" machi="7" ten="40,2700,0" yaku="8,1,54,1" doraHai="90" who="3" fromWho="3" sc="250,-7,337,-13,240,-7,173,27" /><INIT seed="2,0,0,5,5,49" ten="243,324,233,200" oya="2" hai0="77,0,109,78,88,7,57,59,112,97,73,53,55" hai1="9,120,50,87,21,46,43,76,3,51,127,34,12" hai2="113,24,14,116,85,91,8,18,71,44,26,10,36" hai3="20,54,92,79,63,64,38,23,107,5,30,95,41"/><V93/><F113/><W99/><G79/><N who="0" m="30219" /><D0/><U4/><E127/><V94/><F116/><W13/><G107/><T56/><D73/><U39/><E120/><V104/><F104/><W31/><G41/><T117/><D112/><U110/><E110/><V115/><F115/><W135/><G38/><T52/><D109/><U67/><E67/><V114/><F114/><W90/><G135/><T96/><D117/><U37/><E34/><V126/><F71/><W28/><G54/><N who="0" m="13827" /><T42/><DORA hai="82" /><D7/><U47/><E47/><V89/><F126/><W69/><REACH who="3" step="1"/><G92/><REACH who="3" ten="243,324,233,190" step="2"/><N who="0" m="56327" /><D97/><U103/><E39/><V132/><F36/><W108/><G108/><T70/><D70/><U16/><E37/><V133/><F132/><W74/><G74/><T29/><D29/><U134/><E134/><V111/><F111/><W60/><G60/><T105/><D105/><U22/><E51/><V68/><F133/><W86/><G86/><T102/><D102/><U121/><E103/><V80/><F68/><W101/><G101/><T62/><D42/><U27/><E121/><V123/><F123/><W122/><G122/><T65/><AGARI ba="0,1" hai="56,57,59,62,65" m="56327,13827,30219" machi="65" ten="40,12000,2" yaku="8,1,52,4,54,2" doraHai="49,82" who="0" fromWho="0" sc="243,130,324,-30,233,-60,190,-30" /><INIT seed="3,0,0,5,3,75" ten="373,294,173,160" oya="3" hai0="70,44,99,27,28,31,126,128,114,20,51,7,32" hai1="0,37,16,33,135,79,76,117,131,89,21,49,35" hai2="121,13,81,134,45,106,26,96,67,54,24,116,25" hai3="64,123,77,36,6,94,102,107,55,50,87,62,86"/><W90/><G123/><T98/><D70/><U12/><E37/><V56/><F116/><W53/><G36/><T80/><D114/><U133/><E117/><V103/><F121/><W9/><G50/><T52/><D128/><U83/><E131/><V38/><F134/><N who="1" m="51209" /><E0/><V127/><F127/><W34/><G34/><N who="1" m="12810" /><E49/><V120/><F120/><W118/><G118/><T59/><D126/><U11/><E83/><V39/><F81/><N who="3" m="47407" /><G107/><T69/><D69/><U5/><E89/><V14/><F39/><W125/><G102/><T73/><D7/><U58/><E58/><V110/><F110/><W72/><G72/><T63/><D73/><U4/><E4/><V82/><F82/><W60/><G125/><T46/><D80/><U104/><E104/><V91/><F91/><W23/><G23/><T130/><D130/><U57/><E57/><V100/><F100/><W109/><G109/><T105/><D105/><U122/><E122/><V3/><F3/><W30/><G30/><N who="0" m="11307" /><D32/><U88/><E88/><V124/><F124/><W111/><G111/><T85/><D85/><U41/><E41/><V17/><F38/><W47/><G47/><N who="0" m="17963" /><D51/><U48/><E48/><V119/><F45/><W108/><G108/><T95/><D95/><U113/><E113/><V8/><F119/><W10/><G62/><T84/><D84/><U19/><E5/><V40/><F40/><W71/><G6/><T42/><D42/><U101/><E101/><V61/><F67/><W15/><G9/><T1/><D1/><U68/><E68/><V22/><F8/><W97/><G87/><T65/><D65/><RYUUKYOKU ba="0,0" sc="373,0,294,0,173,0,160,0" hai0="20,27,52,59,63,98,99" hai1="11,12,16,19,21,76,79" hai2="13,14,17,22,24,25,26,54,56,61,96,103,106" hai3="10,15,53,55,60,64,71,90,94,97" /><INIT seed="3,1,0,4,3,43" ten="373,294,173,160" oya="3" hai0="132,42,0,13,57,107,75,32,4,40,116,68,55" hai1="36,9,16,129,22,48,135,85,58,24,12,122,88" hai2="123,18,29,103,89,104,56,82,127,11,59,130,21" hai3="8,31,110,65,2,50,76,19,118,106,113,52,41"/><W66/><G113/><T44/><D116/><U128/><E36/><V38/><F38/><W84/><G118/><T69/><D107/><U46/><E122/><V63/><F123/><W131/><G106/><T61/><D32/><U35/><E58/><V28/><F59/><W73/><G73/><T78/><D13/><U39/><E39/><V10/><F130/><N who="1" m="50281" /><E35/><V109/><F109/><W33/><G131/><T79/><D42/><N who="1" m="24663" /><E135/><V108/><F108/><W126/><G110/><T20/><D20/><U95/><E24/><V120/><F120/><W60/><G126/><T47/><D47/><U37/><E37/><V27/><F127/><W72/><G72/><T124/><D75/><U96/><E96/><V100/><F104/><W98/><G98/><T15/><D44/><U77/><E77/><V23/><F29/><W53/><G33/><T7/><D79/><U117/><E117/><V90/><F100/><W30/><G41/><T34/><D40/><U111/><E111/><V105/><F103/><W51/><G2/><T54/><D0/><U87/><E85/><N who="2" m="50359" /><F105/><W74/><G74/><T114/><D132/><U91/><E91/><V134/><F90/><W80/><G60/><T86/><D61/><U62/><E62/><V101/><F101/><W83/><G83/><T121/><D34/><U115/><E22/><V92/><F92/><W6/><G6/><T99/><D4/><U94/><E115/><V26/><F134/><W125/><G125/><T3/><D114/><U17/><E95/><V1/><F1/><W97/><G97/><T133/><D99/><U64/><E17/><RYUUKYOKU ba="1,0" sc="373,-15,294,15,173,15,160,-15" hai1="9,12,16,64,87,88,94" hai2="10,11,18,21,23,26,27,28,56,63" owari="358,45.8,309,10.9,188,-21.2,145,-35.5" /></mjloggm>