<mjloggm ver="2.3"><GO type="225" lobby="0"/><UN n0="%E3%81%B5%E3%81%98%E3%81%8B%E3%81%A4" n1="%E7%89%B9%E6%9D%B1%E3%81%AF%E4%B8%96%E7%95%8C%E3%82%92%E6%95%91%E3%81%86" n2="%6B%6F%64%61%6D%61%6E%37" n3="%E3%83%81%E3%83%AF%E3%83%AF%E9%9A%8A%E9%95%B7" dan="16,16,16,16" rate="2167.16,2140.06,2109.14,2162.88" sx="M,M,M,M"/><TAIKYOKU oya="0"/><INIT seed="0,0,0,3,4,66" ten="250,250,250,250" oya="0" hai0="40,83,29,8,48,54,1,129,53,2,82,45,84" hai1="76,115,21,103,0,12,63,72,97,100,123,26,50" hai2="67,111,113,110,86,135,127,18,38,52,71,89,5" hai3="120,68,73,58,27,91,4,133,31,92,102,32,17"/><T77/><D129/><U95/><E123/><V122/><F38/><W106/><G73/><T49/><D29/><U41/><E0/><V117/><F5/><W94/><G120/><T25/><D25/><U74/><E115/><V119/><F18/><W34/><G133/><T65/><D65/><U43/><E103/><V36/><F36/><W79/><G79/><T35/><D35/><U56/><E12/><V107/><F107/><W131/><G131/><T60/><D8/><U6/><E6/><V124/><F135/><W24/><G4/><T90/><D60/><U59/><E76/><V16/><F16/><W46/><G106/><T9/><D9/><U132/><E132/><V42/><F42/><W69/><G58/><T78/><D90/><U30/><E43/><V47/><F113/><W20/><G32/><T125/><D125/><N who="2" m="48202" /><F86/><W62/><G62/><T96/><D96/><U44/><REACH who="1" step="1"/><E59/><REACH who="1" ten="250,240,250,250" step="2"/><V88/><F122/><W70/><G102/><T55/><REACH who="0" step="1"/><D48/><REACH who="0" ten="240,240,250,250" step="2"/><U98/><E98/><V93/><F89/><W39/><REACH who="3" step="1"/><G91/><REACH who="3" ten="240,240,250,240" step="2"/><T75/><AGARI ba="0,3" hai="1,2,40,45,49,53,54,55,75,77,78,82,83,84" machi="75" ten="30,6000,0" yaku="1,1,2,1,0,1,53,0" doraHai="66" doraHaiUra="7" who="0" fromWho="0" sc="240,90,240,-20,250,-20,240,-20" /><INIT seed="0,1,0,1,2,109" ten="330,220,230,220" oya="0" hai0="19,38,108,53,83,102,56,100,47,118,95,40,115" hai1="87,133,30,111,126,66,55,106,129,4,99,0,96" hai2="105,76,9,65,88,122,42,68,17,86,3,48,73" hai3="52,61,117,94,44,128,78,120,132,74,92,35,89"/><T110/><D118/><U41/><E111/><N who="0" m="42537" /><D83/><U57/><E129/><V79/><F105/><W34/><G117/><T50/><D95/><U39/><E30/><V2/><F73/><W69/><G128/><T10/><D10/><U107/><E66/><V75/><F75/><W36/><G120/><T54/><D19/><U6/><E6/><V112/><F17/><W121/><G121/><T49/><D115/><U28/><E4/><V134/><F9/><W97/><G92/><T11/><D11/><U85/><E96/><V51/><F2/><W113/><G97/><T14/><D14/><U26/><E99/><V80/><F3/><W64/><G94/><T21/><D21/><U119/><E0/><V23/><F23/><W114/><G34/><T62/><D102/><U71/><E107/><V103/><F103/><W24/><G35/><T81/><D81/><U135/><E106/><V29/><F29/><W58/><G24/><T45/><D100/><U70/><E26/><V5/><F5/><W33/><G33/><T32/><D32/><U93/><E28/><V116/><F116/><W22/><G22/><T15/><D15/><U8/><E8/><V98/><F122/><W91/><G74/><T67/><D67/><U7/><E119/><V31/><F65/><W63/><G78/><T27/><D27/><U101/><E7/><V25/><F76/><W46/><G89/><T72/><D72/><U59/><E101/><V123/><F79/><W104/><G91/><T13/><D13/><U131/><E93/><N who="2" m="56615" /><F123/><W20/><G104/><T60/><AGARI ba="1,0" hai="38,40,45,47,49,50,53,54,56,60,62" m="42537" machi="60" ten="30,11700,0" yaku="14,1,10,1,34,2" doraHai="109" who="0" fromWho="0" sc="330,120,220,-40,230,-40,220,-40" /><INIT seed="0,2,0,5,1,37" ten="450,180,190,180" oya="0" hai0="85,83,36,10,100,119,4,107,32,67,39,22,84" hai1="130,6,69,121,98,58,2,30,97,52,54,96,95" hai2="45,88,66,1,112,3,46,56,76,25,93,47,134" hai3="49,125,94,103,117,126,99,113,12,11,31,23,65"/><T71/><D119/><U123/><E69/><V19/><F112/><W43/><G113/><T70/><D32/><U17/><E130/><V106/><F106/><W41/><G117/><T20/><D107/><U0/><E30/><V38/><F134/><W109/><G109/><T120/><D120/><U62/><E95/><V59/><F38/><W18/><G65/><T33/><D33/><U40/><E40/><N who="3" m="15434" /><G49/><T14/><D100/><U133/><E133/><V64/><F76/><W89/><G103/><T13/><D67/><N who="2" m="25642" /><F1/><W55/><G55/><T8/><D83/><U73/><E73/><V87/><F3/><W27/><G126/><T131/><D4/><U57/><E17/><V53/><F53/><W15/><G125/><T42/><D42/><U68/><E68/><V91/><F91/><W78/><G15/><T16/><D131/><U28/><E2/><V7/><F7/><N who="3" m="3199" /><G78/><T63/><D70/><U24/><E0/><V90/><F90/><W72/><G72/><T135/><D71/><U82/><E6/><V102/><F102/><W92/><G92/><T86/><D135/><U44/><E44/><V61/><F46/><W26/><G26/><T48/><D48/><N who="1" m="30855" /><E123/><V60/><F47/><W127/><G127/><T110/><D110/><U50/><E121/><V81/><F45/><W79/><G79/><T51/><D51/><U101/><E50/><V122/><F93/><W75/><G75/><T124/><D124/><U116/><E116/><V132/><F122/><W111/><G111/><T104/><D39/><U108/><E101/><V74/><F74/><W77/><G77/><RYUUKYOKU ba="2,0" sc="450,-10,180,-10,190,-10,180,30" hai3="18,23,27,31,89,94,99" /><INIT seed="1,3,0,5,4,54" ten="440,170,180,210" oya="1" hai0="129,59,93,91,62,48,21,127,110,55,85,134,46" hai1="15,4,126,82,72,19,23,97,70,18,7,89,60" hai2="68,50,30,3,11,47,44,128,114,135,64,45,113" hai3="9,57,92,120,34,111,133,39,103,17,101,81,99"/><U83/><E126/><V6/><F128/><W94/><G120/><T37/><D129/><U90/><E70/><V24/><F135/><W58/><G34/><T74/><D134/><U96/><E72/><V20/><F64/><W100/><G133/><T1/><D1/><U26/><E60/><V73/><F73/><W65/><G39/><T63/><D127/><U53/><E53/><V14/><F68/><W76/><G111/><T38/><D110/><U32/><E32/><V105/><F105/><W106/><G106/><T2/><D2/><U35/><E35/><V123/><F123/><W75/><G65/><T132/><D132/><U27/><REACH who="1" step="1"/><E15/><REACH who="1" ten="440,160,180,210" step="2"/><V33/><F33/><W78/><G75/><T87/><D74/><U79/><E79/><V86/><F14/><N who="3" m="7375" /><G76/><T71/><D63/><U8/><E8/><V104/><F11/><W61/><G61/><T116/><D71/><U131/><E131/><V69/><F69/><W122/><G122/><T22/><D116/><U77/><E77/><V119/><F119/><W16/><G78/><T12/><D12/><U66/><E66/><V112/><F3/><W109/><G109/><T98/><D21/><AGARI ba="3,1" hai="4,7,18,19,21,23,26,27,82,83,89,90,96,97" machi="21" ten="25,9600,0" yaku="1,1,22,2,8,1,53,0" doraHai="54" doraHaiUra="41" who="1" fromWho="0" sc="440,-105,160,115,180,0,210,0" /><INIT seed="1,4,0,2,0,6" ten="335,275,180,210" oya="1" hai0="73,20,54,8,102,126,22,135,42,86,39,31,25" hai1="118,38,70,123,19,91,93,106,110,3,119,28,133" hai2="13,59,9,97,66,5,94,117,32,64,77,53,114" hai3="34,36,78,44,1,74,52,24,71,99,61,35,96"/><U85/><E123/><V82/><F114/><W40/><G1/><T58/><D126/><U15/><E3/><V11/><F32/><W33/><G24/><T115/><D135/><U127/><E133/><V120/><F117/><W23/><G23/><T56/><D115/><U92/><E106/><V43/><F43/><W89/><G89/><T98/><D73/><U122/><E122/><V10/><F120/><W84/><G74/><T50/><D86/><U63/><E127/><V87/><F66/><W104/><G104/><T132/><D132/><U16/><E38/><V129/><F64/><W47/><G71/><T131/><D131/><U2/><E2/><V121/><F129/><W72/><G72/><T29/><D8/><U90/><E28/><V125/><F125/><W65/><G65/><T95/><D42/><U17/><E15/><V57/><F57/><W101/><G101/><T55/><D39/><U0/><E0/><V108/><F108/><W130/><G130/><T76/><D76/><U62/><E110/><V49/><F121/><W37/><G37/><T18/><D22/><U80/><E80/><V116/><F116/><W124/><G124/><T83/><D83/><U128/><E128/><V21/><F21/><W107/><G107/><T88/><D102/><AGARI ba="4,0" hai="5,9,10,11,13,49,53,59,77,82,87,94,97,102" machi="102" ten="30,8000,1" yaku="7,1,8,1,52,3" doraHai="6" who="2" fromWho="0" sc="335,-92,275,0,180,92,210,0" /><INIT seed="2,0,0,3,5,113" ten="243,275,272,210" oya="2" hai0="99,50,3,28,133,90,60,92,2,77,87,63,25" hai1="46,22,124,16,38,66,59,6,132,64,10,79,23" hai2="18,118,76,48,127,29,32,114,0,106,123,61,103" hai3="95,73,129,9,96,109,68,104,47,20,34,85,116"/><V130/><F48/><W11/><G34/><T52/><D133/><U33/><E33/><V26/><F18/><W17/><G73/><T112/><D112/><U5/><E132/><V134/><F76/><W36/><G68/><T27/><D3/><U31/><E124/><V111/><F61/><N who="0" m="23626" /><D2/><U49/><E38/><V121/><F103/><W30/><G129/><T125/><D125/><U108/><E108/><V107/><F26/><N who="0" m="9738" /><D28/><U12/><E79/><V78/><F78/><W69/><G109/><T102/><D77/><U122/><E122/><V84/><F84/><W80/><G30/><T4/><D4/><N who="1" m="1643" /><E59/><V89/><F29/><W88/><G69/><T44/><D87/><U51/><E51/><V40/><F123/><W86/><G104/><T8/><D8/><U55/><E31/><V97/><F107/><W115/><G115/><T58/><D58/><U35/><E35/><V105/><F106/><W75/><G85/><T101/><AGARI ba="0,0" hai="44,50,52,90,92,99,101,102" m="9738,23626" machi="101" ten="30,2000,0" yaku="8,1,54,1" doraHai="113" who="0" fromWho="0" sc="243,20,275,-5,272,-10,210,-5" /><INIT seed="3,0,0,4,2,58" ten="263,270,262,205" oya="3" hai0="64,71,22,109,107,122,113,31,12,73,8,55,30" hai1="47,46,13,130,74,126,38,50,103,37,18,54,82" hai2="3,16,88,67,57,5,52,111,110,0,131,41,40" hai3="19,115,66,94,62,75,26,99,69,15,83,120,89"/><W14/><G115/><T35/><D122/><U53/><E130/><V112/><F67/><W79/><G120/><T98/><D73/><U65/><E126/><V76/><F76/><W108/><G108/><N who="2" m="41513" /><F131/><W87/><G26/><T33/><D109/><U63/><E103/><V7/><F88/><W60/><G60/><N who="0" m="40327" /><D55/><U20/><E53/><V70/><F70/><W43/><G43/><N who="2" m="16457" /><F16/><W124/><G124/><T81/><D113/><U27/><E47/><V78/><F78/><W10/><REACH who="3" step="1"/><G14/><REACH who="3" ten="263,270,262,195" step="2"/><T92/><D12/><U6/><E13/><V105/><F112/><W32/><G32/><T91/><D35/><U97/><E63/><N who="2" m="36263" /><F105/><W133/><G133/><T68/><D107/><U106/><E106/><V29/><F29/><W86/><AGARI ba="0,1" hai="10,15,19,62,66,69,75,79,83,86,87,89,94,99" machi="86" ten="30,11700,0" yaku="1,1,0,1,52,1,53,1" doraHai="58" doraHaiUra="77" who="3" fromWho="3" sc="263,-39,270,-39,262,-39,195,127" owari="224,-17.6,231,3.1,223,-27.7,322,42.2" /></mjloggm>