<mjloggm ver="2.3"><GO type="225" lobby="0"/><UN n0="%E5%B0%8F%E9%B3%A5%E9%81%8A%E7%B7%B4%E7%84%A1%32%31%E6%AD%B3" n1="%E3%81%A4%E3%81%A3%E3%81%B1%E3%82%8A%E3%83%9D%E3%83%BC%E3%83%AB" n2="%E3%82%B7%E3%83%B3%E5%A4%AA%E6%9C%97" n3="%E3%81%99%E3%81%84%E3%81%BE%E3%81%9B%E3%83%BC%E3%82%93" dan="16,17,16,18" rate="2192.34,2229.66,2156.21,2264.90" sx="F,M,M,M"/><TAIKYOKU oya="0"/><INIT seed="0,0,0,1,5,120" ten="250,250,250,250" oya="0" hai0="16,52,28,122,69,104,105,6,7,63,75,107,135" hai1="133,45,48,110,15,36,12,3,56,128,111,132,106" hai2="9,23,85,42,1,34,109,78,123,59,90,35,67" hai3="43,61,29,38,57,40,39,119,117,114,5,98,31"/><T125/><D122/><U84/><E3/><V134/><F123/><W21/><G114/><T51/><D75/><U27/><E128/><V88/><F134/><N who="1" m="51817" /><E106/><V89/><F42/><W62/><G57/><T32/><D135/><U58/><E36/><V127/><F127/><W24/><G21/><T118/><D118/><U76/><E27/><V70/><F70/><W33/><G98/><T71/><D125/><U10/><E58/><V41/><F41/><W102/><G24/><T99/><D99/><U11/><E56/><V126/><F23/><W68/><G102/><T82/><D82/><N who="1" m="47175" /><E15/><V86/><F126/><W46/><G46/><T95/><D63/><U91/><E91/><V26/><F26/><W73/><G73/><T80/><D28/><U14/><E12/><V66/><F90/><W79/><G79/><T18/><D32/><U2/><E2/><V53/><F78/><W93/><G33/><T77/><D95/><U55/><E10/><V64/><F35/><W74/><G74/><T50/><D77/><U96/><E96/><V47/><F34/><W100/><G93/><T49/><D80/><U0/><E0/><V8/><F1/><W17/><G68/><N who="0" m="26187" /><D52/><U94/><E94/><N who="2" m="54543" /><F59/><W30/><G30/><T60/><D60/><U130/><E130/><V121/><F121/><W25/><G25/><T54/><D54/><U44/><E45/><V101/><F66/><W37/><G37/><T72/><D72/><U4/><AGARI ba="0,0" hai="4,11,14,44,48,55,110,111" m="47175,51817" machi="4" ten="30,4000,0" yaku="20,1,52,2" doraHai="120" who="1" fromWho="1" sc="250,-20,250,40,250,-10,250,-10" /><INIT seed="1,0,0,2,2,77" ten="230,290,240,240" oya="1" hai0="57,60,135,16,102,35,33,22,64,4,2,43,104" hai1="65,28,97,8,95,124,115,3,45,9,7,111,101" hai2="100,50,53,46,36,91,75,96,48,67,21,29,39" hai3="44,66,71,82,80,62,106,63,92,25,81,18,11"/><U123/><E115/><V73/><F67/><W134/><G106/><T114/><D135/><U26/><E123/><V133/><F133/><W129/><G134/><T119/><D119/><U1/><E124/><V15/><F75/><W126/><G126/><T89/><D114/><U30/><E111/><V47/><F73/><W110/><G110/><T58/><D43/><U125/><E125/><V108/><F108/><W131/><G63/><T49/><D89/><U109/><E109/><V121/><F121/><W59/><G44/><T90/><D90/><U5/><E65/><V42/><F91/><W94/><G71/><T105/><D4/><U24/><REACH who="1" step="1"/><E45/><REACH who="1" ten="230,280,240,240" step="2"/><V83/><F47/><W69/><G69/><T93/><D64/><U127/><E127/><V88/><F46/><W23/><REACH who="3" step="1"/><G11/><REACH who="3" ten="230,280,240,230" step="2"/><T78/><D60/><U103/><E103/><V37/><F100/><W112/><G112/><T118/><D102/><U61/><E61/><V122/><F122/><W84/><G84/><T70/><D70/><U17/><E17/><V107/><F36/><W40/><G40/><T99/><D16/><U98/><E98/><V0/><F37/><W12/><G12/><T10/><D99/><U87/><E87/><V116/><F39/><W34/><G34/><T32/><D35/><U13/><E13/><V6/><F15/><W51/><G51/><T54/><D49/><U85/><E85/><V41/><F48/><W128/><AGARI ba="0,2" hai="18,23,25,59,62,66,80,81,82,92,94,128,129,131" machi="128" ten="40,12000,2" yaku="1,1,0,1,19,1,52,3,53,0" doraHai="77" doraHaiUra="27" who="3" fromWho="3" sc="230,-30,280,-60,240,-30,230,140" /><INIT seed="2,0,0,3,3,31" ten="200,220,210,370" oya="2" hai0="24,75,109,70,41,26,57,101,93,86,133,107,81" hai1="127,65,78,40,114,58,59,116,23,71,13,112,12" hai2="122,2,18,76,5,120,3,38,119,126,124,115,103" hai3="83,32,35,62,73,8,51,37,60,53,97,36,132"/><V66/><F38/><W85/><G73/><T0/><D0/><N who="2" m="42" /><F66/><W102/><G132/><T28/><D70/><U39/><E65/><V9/><F103/><W128/><G128/><T29/><D109/><U7/><E71/><V80/><F80/><W48/><G8/><T43/><D133/><U54/><E39/><V72/><F76/><W84/><G97/><N who="0" m="59567" /><D107/><U6/><E40/><N who="0" m="15433" /><D75/><U21/><E78/><V79/><F79/><W46/><G102/><T14/><D14/><U92/><E92/><V98/><F98/><W90/><G90/><N who="0" m="51535" /><D57/><U55/><REACH who="1" step="1"/><E116/><REACH who="1" ten="200,210,210,370" step="2"/><V91/><F119/><W130/><G37/><T4/><D4/><U20/><E20/><V11/><F72/><W44/><G36/><T118/><D118/><U74/><E74/><V30/><F11/><W77/><G77/><T104/><D104/><U61/><E61/><V96/><F9/><W50/><G62/><T22/><D22/><U67/><E67/><V106/><F106/><W63/><G60/><T68/><D68/><U19/><E19/><V99/><F18/><W117/><G117/><T47/><D47/><U88/><E88/><V105/><F91/><W121/><G46/><T1/><D1/><U95/><E95/><V17/><F105/><W87/><G44/><T34/><D34/><U135/><E135/><V108/><F17/><W25/><G63/><T125/><D125/><AGARI ba="0,1" hai="6,7,12,13,21,23,54,55,58,59,112,114,125,127" machi="125" ten="25,3200,0" yaku="1,1,22,2,53,0" doraHai="31" doraHaiUra="56" who="1" fromWho="0" sc="200,-32,210,42,210,0,370,0" /><INIT seed="3,0,0,0,3,57" ten="168,252,210,370" oya="3" hai0="120,117,130,69,3,4,75,29,77,78,61,45,36" hai1="85,33,127,125,121,105,40,132,58,16,87,47,123" hai2="68,135,21,110,133,100,50,66,107,122,9,53,113" hai3="28,112,17,30,79,2,51,92,22,54,13,71,72"/><W24/><G2/><T82/><D120/><U86/><E33/><V15/><F113/><W64/><G112/><T55/><D117/><U27/><E105/><V43/><F122/><W18/><G71/><T131/><D78/><U60/><E132/><N who="2" m="50763" /><F43/><W52/><G64/><N who="0" m="41103" /><D29/><U7/><E7/><N who="2" m="3519" /><F110/><W97/><G79/><T98/><D98/><U126/><E47/><N who="2" m="27871" /><F21/><W108/><G72/><T88/><D55/><N who="1" m="33887" /><E40/><V111/><F111/><W95/><G108/><T124/><D124/><U134/><E134/><V83/><F83/><W118/><G118/><T96/><D96/><U115/><E115/><V119/><F119/><W103/><G95/><T93/><D93/><U46/><E123/><V56/><F68/><W41/><G54/><T62/><D62/><U10/><E121/><V12/><F12/><W5/><G5/><T102/><D102/><U99/><E127/><V90/><F90/><W11/><G52/><T104/><D88/><U37/><E126/><V80/><F80/><W19/><G30/><T76/><D76/><U101/><E125/><V81/><F81/><W84/><G84/><T49/><D49/><U1/><E87/><V35/><F35/><W26/><G26/><T8/><D104/><U73/><E86/><V14/><F107/><W25/><G25/><T39/><D39/><U20/><E37/><V34/><F34/><W70/><G51/><T91/><D91/><U65/><E101/><V116/><F100/><W38/><G38/><T48/><D48/><U23/><E99/><V128/><F116/><W59/><G103/><T0/><D0/><U129/><E1/><RYUUKYOKU ba="0,0" sc="168,30,252,-10,210,-10,370,-10" hai0="3,4,8,36,45,75,77,82,130,131" owari="198,-30.2,242,4.2,200,-20.0,360,46.0" /></mjloggm>