<mjloggm ver="2.3"><GO type="225" lobby="0"/><UN n0="%E6%A1%9C%E8%8A%B1%E9%96%83%E3%80%85" n1="%E6%B8%A9%E2%98%85%E6%83%85%E2%98%85%E6%8E%AA%E2%98%85%E7%BD%AE" n2="%E6%9D%B1%E9%A2%A8%E3%81%AE%E3%81%8D%E3%82%83%E3%81%B7%E3%81%95%E3%82%93" n3="%33%74%72%65%65" dan="16,18,17,16" rate="2208.30,2211.66,2209.45,2112.46" sx="M,M,M,F"/><TAIKYOKU oya="0"/><INIT seed="0,0,0,1,2,32" ten="250,250,250,250" oya="0" hai0="57,8,98,96,101,120,124,13,74,35,18,7,106" hai1="9,44,1,66,55,128,39,115,102,91,29,86,111" hai2="113,87,127,12,79,58,99,123,20,67,23,10,36" hai3="46,78,14,104,63,117,133,112,37,94,121,95,81"/><T84/><D120/><U25/><E111/><V126/><F36/><W33/><G104/><T47/><D74/><U77/><E128/><V3/><F123/><W31/><G112/><T110/><D124/><N who="2" m="47658" /><F99/><W122/><G117/><T30/><D110/><U38/><E115/><V132/><F132/><W116/><G133/><T17/><D47/><U11/><E102/><V5/><F113/><W19/><G116/><T6/><D96/><U41/><E39/><V0/><F87/><W62/><G37/><T22/><D57/><U103/><E103/><V93/><F93/><W73/><G46/><T34/><D30/><U80/><E66/><V129/><F79/><W42/><G95/><T134/><D134/><U61/><E1/><N who="2" m="587" /><F129/><W130/><G94/><T64/><D64/><U108/><E77/><V70/><F70/><W54/><G130/><T105/><D105/><U88/><E91/><V125/><N who="2" m="47666" /><V4/><DORA hai="72" /><F4/><W49/><G122/><T68/><D68/><U82/><E82/><V135/><F135/><W51/><G121/><T71/><D71/><U65/><E108/><V90/><F90/><W21/><G81/><T59/><D84/><U118/><E118/><V43/><F43/><W75/><G78/><T107/><D107/><U76/><E76/><V48/><F67/><W97/><G97/><T56/><D6/><U53/><E65/><V69/><F69/><W60/><G42/><T109/><D7/><U15/><E88/><V27/><F27/><N who="3" m="18687" /><G54/><AGARI ba="0,0" hai="5,10,12,20,23,48,54,58" m="587,47666" machi="54" ten="50,8000,1" yaku="18,1,52,3" doraHai="32,72" who="2" fromWho="3" sc="250,0,250,0,250,80,250,-80" /><INIT seed="1,0,0,5,0,26" ten="250,250,330,170" oya="1" hai0="56,5,121,94,102,76,12,25,106,30,92,8,19" hai1="127,73,81,62,21,69,98,54,41,71,90,74,126" hai2="15,61,112,66,11,3,13,23,53,87,59,47,111" hai3="49,104,109,6,52,95,133,84,125,44,124,34,116"/><U75/><E41/><V7/><F112/><W20/><G34/><T45/><D121/><U32/><E32/><V107/><F107/><W58/><G104/><T65/><D76/><U40/><E40/><V0/><F111/><W55/><G109/><T120/><D120/><U129/><E129/><V63/><F87/><W42/><G6/><T119/><D119/><U93/><E81/><V110/><F110/><W60/><G116/><T91/><D45/><U57/><REACH who="1" step="1"/><E21/><REACH who="1" ten="250,240,330,170" step="2"/><V78/><F78/><W24/><G133/><T113/><D113/><U51/><E51/><V128/><F128/><W135/><G135/><T131/><D131/><U43/><E43/><V36/><F36/><W117/><G117/><T80/><D80/><U85/><E85/><V10/><F23/><W17/><REACH who="3" step="1"/><G42/><REACH who="3" ten="250,240,330,160" step="2"/><T79/><D106/><U28/><E28/><V14/><F7/><W83/><G83/><T4/><D4/><U105/><E105/><V132/><F132/><W118/><G118/><T37/><D30/><U77/><E77/><V39/><F39/><W35/><G35/><T86/><D79/><U64/><E64/><V82/><F82/><W1/><G1/><T27/><D37/><U9/><E9/><V96/><F0/><W115/><G115/><T50/><D5/><U89/><E89/><AGARI ba="0,2" hai="17,20,24,44,49,52,55,58,60,84,89,95,124,125" machi="89" ten="40,2600,0" yaku="1,1,54,1,53,0" doraHai="26" doraHaiUra="68" who="3" fromWho="1" sc="250,0,240,-26,330,0,160,46" /><INIT seed="2,0,0,4,4,36" ten="250,214,330,206" oya="2" hai0="42,13,39,129,33,79,84,124,74,17,114,78,32" hai1="132,72,111,109,65,97,41,55,50,25,131,5,60" hai2="102,110,135,117,89,10,22,85,59,47,66,120,94" hai3="71,61,52,86,44,112,106,23,90,53,93,57,49"/><V3/><F135/><W8/><G112/><T27/><D114/><U99/><E131/><V75/><F75/><W125/><G125/><T1/><D1/><U46/><E72/><V105/><F120/><W31/><G106/><T30/><D124/><U62/><E132/><V128/><F128/><W11/><REACH who="3" step="1"/><G71/><REACH who="3" ten="250,214,330,196" step="2"/><T121/><D129/><U19/><E5/><V16/><F105/><W64/><G64/><T69/><D69/><U12/><E109/><V83/><F110/><W88/><G88/><T51/><D121/><U113/><E111/><V127/><F127/><W101/><G101/><T116/><D79/><U14/><E113/><V107/><F107/><W134/><G134/><T96/><D78/><U92/><E65/><V20/><F102/><W56/><G56/><T37/><D116/><U130/><E130/><V35/><F117/><W67/><G67/><T34/><D34/><U43/><E62/><V81/><F35/><W126/><G126/><T28/><D33/><U6/><E60/><V70/><F70/><W21/><G21/><T18/><D32/><U82/><E82/><V7/><F22/><W48/><G48/><T40/><D51/><U24/><E92/><V68/><F68/><W2/><G2/><T123/><D123/><U133/><E133/><V108/><F108/><W119/><G119/><T63/><D63/><U0/><E0/><V87/><F66/><W45/><G45/><T77/><D77/><U4/><E50/><V100/><F100/><W15/><G15/><T104/><D104/><U115/><E46/><V38/><F3/><W95/><G95/><RYUUKYOKU ba="0,1" sc="250,-10,214,-10,330,-10,196,30" hai3="8,11,23,31,44,49,52,53,57,61,86,90,93" /><INIT seed="3,1,1,0,2,66" ten="240,204,320,226" oya="3" hai0="129,52,33,118,88,37,84,64,124,36,0,114,27" hai1="58,107,117,75,40,26,47,103,56,39,110,13,4" hai2="2,94,49,122,53,45,44,25,89,65,30,72,97" hai3="128,106,19,116,24,98,10,3,62,51,83,23,14"/><W71/><G116/><T93/><D118/><U78/><E117/><V101/><F72/><W8/><G128/><T16/><D129/><U134/><E134/><V77/><F2/><W54/><G3/><T74/><D0/><U38/><E38/><V95/><F77/><W63/><G83/><T12/><D74/><U126/><E126/><V96/><F65/><W42/><G42/><T22/><D124/><U127/><E127/><V31/><F122/><W104/><G71/><T7/><D114/><U55/><E110/><V80/><F80/><W131/><G131/><T5/><D64/><U41/><E41/><V120/><F120/><W32/><G32/><T57/><D5/><U90/><E78/><V11/><F11/><N who="3" m="4139" /><G106/><T69/><D69/><U9/><E75/><V108/><F108/><W121/><G104/><T67/><D67/><U20/><E90/><V130/><F130/><W48/><G121/><T43/><D43/><U119/><E119/><V100/><F44/><N who="3" m="27911" /><G98/><T112/><D112/><U92/><E107/><V133/><F133/><W76/><G76/><T79/><D7/><U18/><REACH who="1" step="1"/><E55/><REACH who="1" ten="240,194,320,226" step="2"/><V113/><F113/><W105/><G105/><T28/><D79/><U15/><E15/><V91/><F25/><W86/><G24/><T85/><D85/><U61/><E61/><AGARI ba="1,2" hai="12,16,22,27,28,33,36,37,52,57,61,84,88,93" machi="61" ten="30,7700,0" yaku="7,1,54,3" doraHai="66" who="0" fromWho="1" sc="240,100,194,-80,320,0,226,0" owari="340,44.0,114,-38.6,320,12.0,226,-17.4" /></mjloggm>