<mjloggm ver="2.3"><GO type="225" lobby="0"/><UN n0="%E5%B0%8F%E9%B3%A5%E9%81%8A%E7%B7%B4%E7%84%A1%32%31%E6%AD%B3" n1="%6D%61%74%69%67%75%73%61" n2="%E3%81%BF%E3%81%BF%E3%81%9A" n3="%E3%81%B5%E3%81%98%E3%81%8B%E3%81%A4" dan="16,17,16,16" rate="2143.64,2207.85,2235.31,2184.41" sx="F,M,M,M"/><TAIKYOKU oya="0"/><INIT seed="0,0,0,3,2,133" ten="250,250,250,250" oya="0" hai0="35,119,120,3,124,47,40,79,23,110,2,132,100" hai1="97,92,104,59,44,82,108,68,93,15,58,76,116" hai2="113,1,99,128,66,12,130,24,57,62,19,106,77" hai3="18,46,84,78,32,94,81,4,51,121,114,43,101"/><T127/><D119/><U21/><E68/><V126/><F113/><W61/><G121/><T33/><D120/><U86/><E116/><V88/><F1/><N who="0" m="10" /><D132/><U65/><E108/><V26/><F77/><W28/><G114/><T31/><D110/><U16/><E104/><V72/><F72/><W52/><G4/><T13/><D23/><U11/><E65/><V102/><F126/><N who="0" m="48170" /><D13/><U56/><E44/><V60/><F60/><W118/><G118/><T64/><D64/><U73/><E73/><V55/><F66/><W54/><G61/><T90/><D90/><N who="1" m="55479" /><E92/><V105/><F106/><W115/><G115/><T22/><D100/><U125/><E125/><V7/><F7/><W87/><G101/><T107/><D107/><U48/><E21/><N who="2" m="11495" /><F88/><W37/><G32/><T83/><D22/><U74/><E74/><V9/><F9/><W95/><G78/><T50/><D31/><U85/><E85/><AGARI ba="0,0" hai="33,35,40,47,50,79,83,85" m="48170,10" machi="85" ten="30,11600,0" yaku="18,1,52,3" doraHai="133" who="0" fromWho="1" sc="250,116,250,-116,250,0,250,0" /><INIT seed="0,1,0,2,4,63" ten="366,134,250,250" oya="0" hai0="96,120,21,107,38,106,113,9,18,104,23,12,84" hai1="100,102,51,44,49,133,2,10,125,85,79,88,53" hai2="77,83,76,87,3,97,116,66,39,128,109,45,22" hai3="1,20,57,61,43,0,132,91,52,123,62,65,124"/><T11/><D38/><U99/><E133/><V55/><F3/><W130/><G132/><T70/><D113/><U48/><E125/><V98/><F109/><W8/><G124/><T95/><D120/><U30/><E30/><V126/><F126/><W121/><G130/><T117/><D117/><U114/><E114/><V68/><F128/><W59/><G43/><T15/><D84/><U101/><E79/><V93/><F116/><W32/><G32/><T74/><D70/><U27/><E27/><V13/><F76/><W90/><G20/><T86/><D86/><U112/><E112/><V94/><F39/><W36/><G36/><T41/><D41/><U108/><E108/><V56/><F68/><W6/><REACH who="3" step="1"/><G1/><REACH who="3" ten="366,134,250,240" step="2"/><T54/><D23/><U89/><E2/><V46/><F22/><W131/><G131/><T14/><D21/><U69/><E10/><V28/><F28/><W105/><G105/><T29/><D9/><U60/><E69/><V17/><F13/><W42/><G42/><T19/><D12/><U37/><E37/><V119/><F119/><W75/><G75/><T50/><D11/><U92/><REACH who="1" step="1"/><E60/><REACH who="1" ten="366,124,250,240" step="2"/><N who="2" m="38151" /><F17/><W122/><AGARI ba="1,2" hai="0,6,8,52,57,59,61,62,65,90,91,121,122,123" machi="122" ten="30,8000,1" yaku="1,1,0,1,13,1,52,1,54,1,53,0" doraHai="63" doraHaiUra="31" who="3" fromWho="3" sc="366,-41,124,-21,250,-21,240,103" /><INIT seed="1,0,0,2,3,130" ten="325,103,229,343" oya="1" hai0="105,88,46,54,67,13,117,125,12,52,48,75,28" hai1="0,43,49,109,102,38,1,111,22,55,35,115,97" hai2="15,66,106,103,78,17,81,126,132,11,89,119,65" hai3="133,18,122,84,9,32,47,99,8,37,10,82,51"/><U2/><E35/><V45/><F119/><W107/><G32/><T112/><D75/><U3/><N who="1" m="0" /><DORA hai="77" /><U96/><E115/><V108/><F108/><N who="1" m="41545" /><E38/><V121/><F121/><W21/><G122/><T86/><D117/><U34/><E34/><V94/><F126/><W63/><G37/><T58/><D105/><U104/><E43/><V129/><F45/><W93/><G107/><T50/><D125/><U41/><E41/><V30/><F30/><W6/><G47/><T68/><D28/><U7/><E7/><V62/><F129/><W64/><G6/><T42/><D112/><U100/><E22/><V98/><F62/><W123/><G8/><T85/><D42/><U24/><E24/><V80/><F132/><W33/><G133/><T19/><D68/><U56/><E97/><V83/><REACH who="2" step="1"/><F78/><REACH who="2" ten="325,103,219,343" step="2"/><N who="3" m="46167" /><G63/><T79/><D46/><U134/><E100/><V92/><F92/><W69/><G93/><T23/><D48/><U36/><E36/><V114/><F114/><W5/><G51/><T91/><D50/><U120/><E120/><V59/><F59/><W118/><G118/><T110/><D58/><U76/><E76/><V4/><F4/><W53/><G5/><T14/><D110/><U20/><E20/><V44/><F44/><W40/><G21/><T31/><D23/><U87/><E134/><V131/><F131/><W128/><G33/><T135/><D79/><U25/><E25/><V27/><F27/><W74/><G128/><T101/><D135/><U71/><E71/><V95/><F95/><W113/><G69/><T90/><D31/><U60/><E60/><RYUUKYOKU ba="0,1" sc="325,-15,103,15,219,15,343,-15" hai1="49,55,56,87,96,102,104" hai2="11,15,17,65,66,80,81,83,89,94,98,103,106" /><INIT seed="1,1,1,3,1,31" ten="310,118,234,328" oya="1" hai0="69,60,6,22,130,30,98,85,21,118,109,67,42" hai1="64,25,93,114,112,95,2,38,13,79,12,26,70" hai2="20,121,73,96,16,39,41,99,97,89,40,86,117" hai3="9,124,44,7,122,62,45,55,4,36,53,17,74"/><U105/><E38/><V46/><F117/><W52/><G74/><T126/><D118/><U33/><E105/><V116/><F116/><W23/><G122/><T129/><D109/><U125/><E2/><V88/><F73/><W115/><G115/><T37/><D126/><U19/><E79/><V28/><F121/><W59/><G124/><T0/><D85/><U131/><E125/><V92/><F28/><W66/><G36/><T94/><D6/><N who="3" m="2089" /><G9/><T82/><D82/><U90/><E64/><V35/><F40/><W83/><G83/><T110/><D0/><U18/><E90/><V71/><F71/><W91/><G91/><T134/><D110/><U49/><E49/><V15/><F35/><W1/><G1/><T65/><D67/><U72/><E72/><V63/><REACH who="2" step="1"/><F63/><REACH who="2" ten="310,118,224,328" step="2"/><W75/><G75/><T107/><D60/><U84/><E70/><V24/><F24/><AGARI ba="1,2" hai="17,23,24,44,45,52,53,55,59,62,66" m="2089" machi="24" ten="30,2000,0" yaku="8,1,54,1" doraHai="31" who="3" fromWho="2" sc="310,0,118,0,224,-23,328,43" /><INIT seed="2,0,0,1,5,28" ten="310,118,201,371" oya="2" hai0="17,60,26,7,126,11,1,36,42,92,109,3,81" hai1="82,135,110,89,47,55,13,97,65,93,64,111,114" hai2="134,46,22,118,91,29,53,104,83,44,20,9,120" hai3="41,35,66,19,123,102,129,108,86,76,71,45,99"/><V77/><F118/><W62/><G123/><T128/><D109/><U106/><E114/><V24/><F120/><W63/><G108/><T127/><D128/><U33/><E106/><V68/><F134/><W50/><G129/><T121/><D121/><U98/><E135/><V32/><F104/><W23/><G63/><T18/><D92/><U27/><E111/><V88/><F68/><W116/><G116/><T67/><D1/><U34/><E110/><V39/><F9/><W113/><G113/><T133/><D133/><U58/><E27/><V8/><F8/><W107/><G86/><T75/><D18/><U90/><E47/><V51/><F22/><W80/><G35/><T74/><D17/><U21/><E13/><V57/><F20/><W30/><G30/><T85/><D26/><U87/><E21/><V96/><F96/><W125/><G125/><N who="0" m="47627" /><D42/><U122/><E122/><V2/><F2/><W131/><G131/><T103/><D103/><U119/><E119/><V69/><F69/><W40/><G80/><T130/><D36/><U4/><E4/><V84/><REACH who="2" step="1"/><F57/><REACH who="2" ten="310,118,191,371" step="2"/><W38/><G23/><T59/><D130/><U54/><E98/><V112/><F112/><W95/><G107/><T6/><D7/><U37/><E37/><V0/><F0/><W56/><G71/><T94/><D3/><U117/><E117/><V72/><F72/><W31/><G38/><T25/><D75/><U115/><E115/><V15/><F15/><W61/><G99/><T79/><D74/><U43/><E58/><V14/><F14/><W48/><G56/><T49/><D59/><RYUUKYOKU ba="0,1" sc="310,-10,118,-10,191,30,371,-10" hai2="24,29,32,39,44,46,51,53,77,83,84,88,91" /><INIT seed="2,1,1,3,0,85" ten="300,108,221,361" oya="2" hai0="66,105,33,112,31,38,28,19,130,57,4,75,5" hai1="120,42,114,7,54,77,11,64,123,34,115,93,6" hai2="68,108,127,20,27,74,82,0,87,132,9,25,12" hai3="8,81,26,50,17,78,39,102,67,73,96,48,95"/><V71/><F0/><W122/><G122/><T118/><D112/><U30/><E64/><V29/><F74/><W89/><G39/><T69/><D75/><U51/><E42/><V86/><F127/><W44/><G67/><T131/><D38/><U55/><E51/><V90/><F132/><W58/><G58/><T80/><D69/><U59/><E59/><V56/><F108/><W70/><G70/><T49/><D19/><U104/><E93/><V18/><F56/><W45/><G50/><T88/><D105/><U62/><E104/><V2/><F2/><W60/><G60/><N who="0" m="38159" /><D49/><U128/><E30/><N who="0" m="11305" /><D33/><U107/><E107/><V103/><F103/><W43/><G45/><T117/><D4/><U24/><E34/><V65/><F65/><W98/><G17/><T3/><D5/><U14/><E14/><V21/><F86/><W53/><G26/><T119/><D3/><U1/><E1/><V13/><F13/><W111/><G111/><T94/><D80/><U79/><E24/><V47/><F47/><W35/><G35/><T52/><D52/><U22/><E62/><V106/><F106/><N who="3" m="63815" /><G8/><T32/><D32/><U99/><E11/><V37/><F37/><W121/><G121/><T40/><D40/><U129/><REACH who="1" step="1"/><E99/><AGARI ba="1,1" hai="88,94,99,117,118,119,130,131" m="11305,38159" machi="99" ten="40,5200,0" yaku="12,1,52,1,54,1" doraHai="85" who="0" fromWho="1" sc="300,65,108,-55,221,0,361,0" /><INIT seed="3,0,0,3,4,102" ten="365,53,221,361" oya="3" hai0="120,129,71,92,121,25,22,13,45,105,80,93,127" hai1="55,79,128,123,115,109,68,90,72,33,14,39,16" hai2="82,4,65,6,3,36,126,52,114,74,125,64,73" hai3="122,106,7,10,23,85,27,130,89,100,101,124,75"/><W84/><G122/><T78/><D105/><U88/><E123/><V9/><F114/><W63/><G75/><T94/><D71/><U103/><E39/><V110/><F110/><W28/><G124/><T2/><D2/><U1/><E115/><V26/><F26/><W46/><G130/><T69/><D69/><U116/><E1/><V5/><F3/><W44/><G63/><T66/><D129/><U38/><E38/><V133/><F36/><W112/><G112/><T56/><D45/><N who="3" m="17513" /><G106/><T43/><D43/><U134/><E33/><V96/><F9/><W42/><G42/><T37/><D37/><U62/><E72/><V77/><F96/><W50/><G50/><T49/><D127/><U119/><E68/><V58/><F5/><W67/><G67/><T132/><D132/><U108/><E134/><V8/><F8/><W107/><G107/><T0/><D0/><U60/><E128/><V91/><F133/><W53/><G53/><N who="0" m="31791" /><D66/><U76/><E55/><V83/><F58/><W18/><G7/><T104/><D104/><U41/><E103/><N who="3" m="39498" /><G89/><T11/><D121/><U61/><E61/><V54/><REACH who="2" step="1"/><F77/><REACH who="2" ten="365,53,211,361" step="2"/><W17/><G10/><T40/><D11/><U34/><E34/><V47/><F47/><W32/><G32/><T113/><D120/><U31/><E41/><V95/><F95/><W35/><G35/><T48/><D113/><U86/><E86/><AGARI ba="0,1" hai="17,18,23,27,28,84,85,86" m="39498,17513" machi="86" ten="30,1500,0" yaku="8,1" doraHai="102" who="3" fromWho="1" sc="365,0,53,-15,211,0,361,25" owari="365,16.5,38,-46.2,211,-18.9,386,48.6" /></mjloggm>