<mjloggm ver="2.3"><GO type="225" lobby="0"/><UN n0="%E3%82%82%E3%81%90%E3%82%89" n1="%E3%81%82%E3%83%BC%E3%81%97" n2="%E3%81%9F%E3%81%93%E2%98%86%E7%84%BC%E3%81%8D" n3="%E3%81%95%E3%81%8D%E3%81%9F%E3%81%BE%E6%9E%97%E6%AA%8E" dan="17,16,16,16" rate="2212.05,2119.04,2113.37,2110.99" sx="M,M,M,M"/><TAIKYOKU oya="0"/><INIT seed="0,0,0,2,2,66" ten="250,250,250,250" oya="0" hai0="83,107,23,105,108,106,49,4,17,15,120,132,64" hai1="129,9,48,14,59,25,72,69,109,42,102,43,119" hai2="36,73,103,125,12,39,56,85,99,7,101,44,61" hai3="29,10,127,55,90,97,18,122,41,75,47,58,124"/><T86/><D120/><U71/><E119/><V62/><F73/><W78/><G122/><T123/><D123/><U77/><E102/><V96/><F85/><W100/><G29/><T91/><D132/><U130/><E109/><V63/><F125/><W13/><G90/><T79/><D108/><U1/><E1/><V33/><F33/><W28/><G28/><T50/><D4/><U24/><E77/><V32/><F32/><W89/><G89/><T126/><D126/><U35/><E72/><V5/><F56/><W54/><G54/><T21/><D21/><U53/><E43/><V98/><F44/><W94/><G78/><T133/><D133/><U0/><E0/><V92/><F12/><W22/><G22/><T111/><D111/><U51/><E51/><V70/><F70/><N who="1" m="26633" /><E42/><V88/><F88/><W95/><G95/><T45/><D45/><U67/><E67/><V116/><F116/><W16/><G18/><T26/><D64/><U118/><E118/><V68/><F68/><W113/><G75/><T27/><D79/><U57/><E57/><V84/><F84/><W135/><G135/><T8/><D27/><N who="1" m="10315" /><E35/><V52/><F92/><W31/><G31/><T3/><D3/><U104/><E104/><V134/><F134/><W131/><G127/><T114/><D50/><U46/><E46/><V121/><F121/><W112/><G124/><T30/><D49/><U80/><E80/><V11/><F103/><W74/><G47/><T93/><D83/><U6/><E6/><V117/><F101/><W20/><G20/><N who="0" m="15687" /><D8/><U65/><E65/><V115/><F11/><RYUUKYOKU ba="0,0" sc="250,15,250,15,250,-15,250,-15" hai0="15,17,23,86,91,93,105,106,107,114" hai1="9,14,48,53,59,129,130" /><INIT seed="0,1,0,0,2,39" ten="265,265,235,235" oya="0" hai0="52,40,32,118,75,93,7,128,132,85,109,21,114" hai1="37,113,53,122,105,127,125,65,106,60,15,80,79" hai2="88,103,98,133,107,108,94,100,8,81,22,44,104" hai3="102,11,48,45,119,121,18,95,120,2,86,23,55"/><T34/><D118/><U116/><E116/><V19/><F108/><W26/><G119/><T41/><D114/><U4/><E113/><V97/><F133/><W9/><G2/><T83/><D109/><U5/><E53/><V134/><F134/><W78/><G78/><T131/><D132/><U38/><E122/><N who="3" m="47210" /><G86/><T135/><D135/><U84/><E38/><V27/><F81/><W1/><G1/><T46/><D7/><N who="1" m="2635" /><E37/><V17/><F44/><W25/><G25/><T31/><D93/><U59/><E15/><V33/><F33/><W124/><G124/><AGARI ba="1,0" hai="59,60,65,79,80,84,105,106,124,125,127" m="2635" machi="124" ten="30,1000,0" yaku="18,1" doraHai="39" who="1" fromWho="3" sc="265,0,265,13,235,0,235,-13" /><INIT seed="1,0,0,0,2,70" ten="265,278,235,222" oya="1" hai0="98,97,35,100,54,112,15,101,86,51,38,66,115" hai1="7,79,53,10,81,89,14,42,93,60,121,72,114" hai2="92,2,132,61,87,5,49,134,30,33,8,128,127" hai3="18,21,71,47,113,22,129,43,41,103,24,124,110"/><U131/><E121/><V107/><F107/><W50/><G110/><T52/><D35/><U59/><E131/><V3/><F49/><W13/><G124/><T6/><D66/><U123/><E123/><V19/><F61/><W69/><G129/><T84/><D6/><U37/><E114/><V34/><F87/><W94/><G113/><T119/><D15/><U12/><E12/><N who="2" m="5135" /><F92/><W80/><G43/><T40/><D51/><U58/><E58/><V117/><F117/><W76/><G94/><T9/><D9/><U102/><E102/><V11/><F127/><W108/><G103/><T116/><D40/><U65/><E53/><V16/><F128/><W106/><G106/><T4/><D4/><U55/><E55/><V48/><F48/><W74/><REACH who="3" step="1"/><G108/><REACH who="3" ten="265,278,235,212" step="2"/><T122/><D122/><U26/><E42/><V88/><F2/><W111/><G111/><T23/><D23/><U27/><REACH who="1" step="1"/><E37/><AGARI ba="0,1" hai="37,38,52,54,84,86,97,98,100,101,112,115,116,119" machi="37" ten="25,8000,1" yaku="22,2,52,2,54,1" doraHai="70" who="0" fromWho="1" sc="265,90,278,-80,235,0,212,0" /><INIT seed="2,0,0,2,5,112" ten="355,198,235,212" oya="2" hai0="38,0,48,8,113,33,84,125,3,37,62,42,71" hai1="44,35,30,21,103,36,135,81,77,123,78,100,31" hai2="83,122,108,61,130,107,14,70,131,133,54,47,110" hai3="10,86,129,41,114,20,98,111,49,52,132,120,5"/><V102/><F14/><W73/><G111/><N who="2" m="42537" /><F83/><W68/><G120/><T126/><D33/><U1/><E135/><V12/><F12/><W15/><G132/><T72/><D72/><U9/><E123/><V64/><F133/><W121/><G121/><T99/><D84/><U116/><E116/><V17/><F17/><W79/><G129/><N who="2" m="49161" /><F102/><W90/><G68/><T55/><D71/><U66/><E35/><V95/><F95/><W104/><G114/><T27/><D113/><U57/><E78/><V2/><F107/><W53/><G73/><T117/><D117/><U16/><E103/><V106/><F106/><W109/><G109/><T96/><D27/><U26/><E100/><V28/><F28/><W119/><G119/><T46/><D99/><U51/><E36/><N who="0" m="13929" /><D96/><U82/><E1/><V124/><F2/><W19/><G104/><T58/><D8/><U23/><E9/><V92/><F92/><W29/><G29/><N who="1" m="10762" /><E77/><V59/><F47/><N who="3" m="25839" /><G98/><T85/><D85/><U43/><E23/><V40/><F40/><W69/><G79/><T63/><D3/><U101/><E101/><V118/><F118/><W34/><G34/><T22/><D22/><U18/><E18/><V4/><F4/><W7/><G7/><T39/><D0/><U45/><E45/><V88/><F88/><W65/><G90/><T60/><AGARI ba="0,0" hai="39,42,46,48,55,58,60,62,63,125,126" m="13929" machi="60" ten="40,2700,0" yaku="34,2" doraHai="112" who="0" fromWho="0" sc="355,27,198,-7,235,-13,212,-7" /><INIT seed="3,0,0,1,1,89" ten="382,191,222,205" oya="3" hai0="86,16,38,63,134,60,126,37,50,102,73,92,52" hai1="113,66,111,103,28,19,6,109,41,58,14,121,46" hai2="120,116,122,23,22,105,1,9,135,119,91,70,8" hai3="128,129,12,99,77,115,17,18,131,78,123,95,11"/><W32/><G115/><T81/><D126/><U44/><E121/><N who="2" m="46699" /><F105/><W0/><G0/><T39/><D134/><U55/><E113/><V15/><F70/><W74/><G123/><T59/><D73/><U132/><E132/><V83/><F83/><W68/><G68/><T87/><D16/><N who="3" m="6249" /><G32/><T84/><D81/><U125/><E125/><V94/><F15/><W4/><G74/><T40/><D40/><U21/><E66/><V124/><F1/><W13/><G13/><T101/><D101/><AGARI ba="0,0" hai="4,11,12,77,78,95,99,101,128,129,131" m="6249" machi="101" ten="30,5800,0" yaku="19,1,52,1,54,1" doraHai="89" who="3" fromWho="0" sc="382,-58,191,0,222,0,205,58" /><INIT seed="3,1,0,1,0,14" ten="324,191,222,263" oya="3" hai0="118,30,31,101,125,134,73,104,119,39,13,23,61" hai1="5,10,8,74,132,91,64,116,40,58,121,42,7" hai2="54,51,75,90,41,100,123,102,44,43,122,6,106" hai3="78,22,72,21,124,114,28,93,19,109,11,89,12"/><W36/><G114/><T57/><D73/><U105/><E121/><N who="2" m="46091" /><F75/><W107/><G107/><T32/><D39/><U111/><E74/><V86/><F6/><W33/><G36/><T66/><D125/><U98/><E132/><V99/><F102/><W16/><G124/><T45/><D134/><U110/><E105/><V79/><F79/><W63/><G72/><T56/><D104/><U84/><E98/><V135/><F135/><W67/><G33/><T62/><D101/><U127/><E127/><V15/><F15/><N who="3" m="7295" /><G78/><T88/><D32/><U60/><E116/><V120/><N who="2" m="46099" /><V117/><DORA hai="76" /><F117/><W103/><G103/><T80/><D45/><U68/><E68/><V55/><F41/><W37/><G37/><T4/><D119/><U112/><E112/><V95/><AGARI ba="1,0" hai="43,44,51,54,55,86,90,95,99,100,106" m="46099" machi="95" ten="40,1500,0" yaku="13,1" doraHai="14,76" who="2" fromWho="2" sc="324,-5,191,-5,222,18,263,-8" owari="319,41.9,186,-31.4,240,-16.0,255,5.5" /></mjloggm>