<mjloggm ver="2.3"><GO type="225" lobby="0"/><UN n0="%E3%81%AF%E3%82%88%E3%81%8A%E3%81%98%E3%81%95%E3%82%93" n1="%48%61%61%61%6C%61%6E%64" n2="%E4%BA%95%E5%B8%AF" n3="%E3%81%BF%E3%81%BF%E3%81%9A" dan="17,18,16,16" rate="2160.95,2303.55,2068.18,2238.80" sx="M,M,M,M"/><TAIKYOKU oya="0"/><INIT seed="0,0,0,4,3,86" ten="250,250,250,250" oya="0" hai0="91,54,52,72,129,124,1,27,92,7,133,14,122" hai1="99,68,120,103,15,24,83,101,70,20,43,63,134" hai2="48,49,65,16,42,45,118,125,5,29,127,126,11" hai3="123,61,107,33,38,109,31,74,110,62,78,64,71"/><T69/><D122/><U4/><E120/><V12/><F118/><W30/><G123/><T121/><D121/><U112/><E134/><V128/><F128/><W51/><G38/><T41/><D72/><U94/><E112/><V93/><F29/><W131/><G131/><T75/><D75/><U57/><E43/><V40/><F65/><N who="3" m="41391" /><G51/><T117/><D117/><U60/><E83/><V108/><F108/><N who="3" m="41579" /><G107/><T105/><D1/><U100/><E70/><V8/><F93/><W47/><G47/><T0/><D0/><U46/><E46/><N who="2" m="25671" /><F8/><W2/><G33/><T28/><D105/><U130/><E68/><V132/><F132/><W77/><G2/><T102/><D69/><U76/><E130/><V9/><F11/><W81/><G77/><T96/><D129/><U88/><E76/><V13/><F12/><W104/><G104/><T79/><D133/><U98/><E57/><AGARI ba="0,0" hai="30,31,57,62,64,74,78,81" m="41579,41391" machi="57" ten="30,1000,0" yaku="14,1" doraHai="86" who="3" fromWho="1" sc="250,0,250,-10,250,0,250,10" /><INIT seed="1,0,0,5,0,26" ten="250,240,250,260" oya="1" hai0="32,25,22,44,30,21,81,135,131,89,57,116,66" hai1="104,130,0,38,27,127,77,122,52,98,37,114,129" hai2="53,75,9,115,54,63,121,39,64,40,92,82,133" hai3="60,51,83,79,102,128,8,41,13,108,42,96,56"/><U120/><E0/><V45/><F121/><N who="1" m="46697" /><E77/><V134/><F115/><W36/><G36/><T1/><D116/><U113/><E27/><V110/><F92/><W111/><G128/><N who="1" m="49258" /><E104/><V4/><F110/><N who="3" m="42027" /><G51/><T58/><D131/><U87/><E87/><V125/><F125/><W10/><G56/><T71/><D1/><U61/><E98/><V43/><F43/><N who="3" m="16395" /><G60/><T23/><D135/><N who="2" m="51722" /><F82/><W85/><G13/><T132/><D132/><U12/><E12/><N who="2" m="5159" /><F75/><W109/><N who="3" m="42035" /><W31/><DORA hai="18" /><G31/><T33/><D30/><U34/><E127/><V6/><F6/><W65/><G65/><T103/><D81/><U48/><E61/><V2/><F2/><W76/><G79/><T7/><D7/><U118/><E118/><V106/><F106/><AGARI ba="0,0" hai="8,10,76,83,85,96,102,106" m="16395,42035" machi="106" ten="40,1300,0" yaku="14,1" doraHai="26,18" who="3" fromWho="2" sc="250,0,240,0,250,-13,260,13" /><INIT seed="2,0,0,5,5,125" ten="250,240,237,273" oya="2" hai0="11,83,36,108,122,97,69,128,95,42,56,133,7" hai1="2,9,115,76,22,105,103,4,111,0,68,23,52" hai2="86,114,118,89,63,67,51,14,102,109,92,50,98" hai3="13,49,35,65,112,72,91,24,107,29,79,64,59"/><V17/><F118/><W132/><G107/><T101/><D122/><U12/><E115/><V21/><F114/><W15/><G112/><T74/><D69/><U46/><E68/><V6/><F6/><W99/><G132/><T75/><D133/><U61/><E111/><V32/><F32/><W1/><G1/><T31/><D108/><U27/><E76/><V104/><REACH who="2" step="1"/><F109/><REACH who="2" ten="250,240,227,273" step="2"/><W110/><G110/><T10/><D7/><U135/><E135/><V48/><F48/><W80/><G49/><T37/><D36/><U82/><E4/><V38/><F38/><W77/><G35/><T84/><D37/><U44/><E0/><V85/><F85/><W70/><G72/><T113/><D84/><U8/><E2/><V45/><F45/><W88/><G99/><T71/><D97/><U57/><E44/><V58/><AGARI ba="0,1" hai="14,17,21,50,51,58,63,67,86,89,92,98,102,104" machi="58" ten="20,3900,0" yaku="1,1,0,1,7,1,53,0" doraHai="125" doraHaiUra="131" who="2" fromWho="2" sc="250,-13,240,-13,227,49,273,-13" /><INIT seed="2,1,0,1,0,107" ten="237,227,276,260" oya="2" hai0="72,44,15,95,27,13,126,85,5,16,24,32,23" hai1="40,39,67,79,98,37,57,96,10,8,111,87,63" hai2="6,0,64,58,28,90,130,7,92,71,93,84,54" hai3="135,101,60,91,106,59,133,68,3,99,55,47,18"/><V105/><F105/><W51/><G3/><T22/><D126/><U112/><E112/><V94/><F130/><W132/><G91/><N who="0" m="53743" /><D72/><U102/><E111/><V86/><F28/><W75/><G75/><T1/><D32/><U49/><E37/><V89/><F0/><W73/><G73/><T127/><D1/><U121/><E39/><V78/><F78/><W52/><G18/><N who="0" m="10575" /><D127/><U45/><E121/><V128/><F94/><W124/><G124/><T30/><D5/><U77/><E77/><V69/><F128/><W113/><REACH who="3" step="1"/><G68/><REACH who="3" ten="237,227,276,250" step="2"/><T134/><D16/><U21/><E79/><V114/><F71/><W80/><G80/><T17/><D17/><U14/><E87/><V131/><F131/><W62/><G62/><T109/><D109/><U110/><E110/><V122/><F122/><W26/><G26/><T70/><D70/><U35/><E14/><V81/><F114/><AGARI ba="1,1" hai="47,51,52,55,59,60,99,101,106,113,114,132,133,135" machi="114" ten="50,6400,0" yaku="1,1,20,1,54,1,53,0" doraHai="107" doraHaiUra="2" who="3" fromWho="2" sc="237,0,227,0,276,-67,250,77" /><INIT seed="3,0,0,1,0,11" ten="237,227,209,327" oya="3" hai0="37,130,2,111,30,17,106,98,43,116,124,8,77" hai1="127,105,63,75,9,97,95,47,82,14,134,7,128" hai2="52,38,73,12,81,32,72,135,121,109,61,101,119" hai3="112,33,103,133,50,39,93,57,74,96,79,68,84"/><W49/><G39/><T85/><D116/><U125/><E128/><V129/><F119/><W64/><G33/><T117/><D117/><U16/><E134/><V55/><F135/><W51/><G68/><T62/><D130/><U1/><E105/><V0/><F129/><W110/><G110/><T123/><D123/><U53/><E75/><V114/><F0/><W131/><G112/><T78/><D111/><U46/><E82/><V24/><F114/><W34/><G34/><T100/><D124/><N who="1" m="47691" /><E53/><V15/><F109/><W59/><G64/><T35/><D62/><U60/><E60/><V118/><F118/><W48/><G48/><T22/><D85/><U21/><E63/><V90/><F121/><W89/><G131/><T23/><D35/><U99/><E99/><V28/><F38/><W70/><G70/><T87/><D87/><U91/><AGARI ba="0,0" hai="1,7,9,14,16,21,46,47,91,95,97" m="47691" machi="91" ten="30,4000,0" yaku="18,1,52,1,54,1" doraHai="11" who="1" fromWho="1" sc="237,-10,227,40,209,-10,327,-20" owari="227,-17.3,267,6.7,199,-30.1,307,40.7" /></mjloggm>