<mjloggm ver="2.3"><GO type="225" lobby="0"/><UN n0="%E3%82%BC%E3%83%AB%E3%83%80%E3%81%AE%E4%BC%9D%E8%AA%AC" n1="%E3%83%81%E3%83%AF%E3%83%AF%E9%9A%8A%E9%95%B7" n2="%E5%A4%96%E5%B7%9D%E7%AB%9C%E6%88%90" n3="%43%6F%66%66%65%65" dan="18,16,16,17" rate="2177.67,2173.17,2085.66,2147.80" sx="M,M,M,F"/><TAIKYOKU oya="0"/><INIT seed="0,0,0,2,4,1" ten="250,250,250,250" oya="0" hai0="20,95,100,78,53,42,50,35,89,26,61,4,52" hai1="8,124,63,96,125,80,57,116,72,27,115,127,94" hai2="40,34,22,60,17,91,98,0,23,112,67,62,31" hai3="75,117,36,102,87,65,14,11,56,104,41,88,122"/><T120/><D120/><U68/><E116/><V49/><F112/><W81/><G117/><T18/><D35/><U24/><E68/><V7/><F34/><W55/><G122/><T71/><D78/><N who="1" m="44103" /><E115/><V3/><F3/><W101/><G75/><T131/><D131/><U28/><E28/><V119/><F119/><W32/><G32/><T135/><D135/><U38/><E38/><V97/><F31/><W48/><G104/><T77/><D77/><U44/><E44/><V133/><F23/><W92/><G65/><T82/><D71/><U64/><E8/><V5/><F0/><W126/><G126/><N who="1" m="32258" /><U6/><DORA hai="43" /><E6/><V10/><F10/><W85/><G41/><T83/><D4/><U58/><E58/><V25/><F133/><W106/><G36/><T66/><D100/><AGARI ba="0,0" hai="24,27,57,63,64,94,96,100" m="32258,44103" machi="100" ten="40,1300,0" yaku="18,1" doraHai="1,43" who="1" fromWho="0" sc="250,-13,250,13,250,0,250,0" /><INIT seed="1,0,0,5,3,24" ten="237,263,250,250" oya="1" hai0="11,69,84,71,96,73,67,62,35,118,7,19,121" hai1="8,70,115,98,81,74,27,102,127,1,48,78,50" hai2="42,61,52,10,119,116,129,77,57,39,15,105,58" hai3="135,30,45,72,82,110,108,6,122,43,65,4,93"/><U37/><E115/><V33/><F105/><W60/><G122/><T113/><D118/><U51/><E70/><V92/><F129/><W16/><G135/><T68/><D73/><U107/><E127/><V18/><F33/><W76/><G93/><T25/><D113/><U109/><E109/><N who="3" m="42090" /><G16/><T104/><D84/><U14/><E37/><V97/><F77/><W123/><G30/><N who="0" m="19919" /><D19/><U40/><E1/><V13/><F13/><W55/><G55/><T59/><D59/><U106/><E27/><V54/><F42/><W128/><G128/><T103/><D121/><U5/><REACH who="1" step="1"/><E107/><REACH who="1" ten="237,253,250,250" step="2"/><V3/><F39/><N who="3" m="21759" /><G123/><T95/><D95/><U131/><E131/><V12/><F3/><AGARI ba="0,1" hai="3,7,11,62,67,68,69,71,96,103,104" m="19919" machi="3" ten="30,7700,0" yaku="25,1,33,2,52,1" doraHai="24" who="0" fromWho="2" sc="237,87,253,0,250,-77,250,0" /><INIT seed="2,0,0,2,4,47" ten="324,253,173,250" oya="2" hai0="86,106,44,90,55,125,100,102,121,34,54,29,51" hai1="21,135,130,49,70,104,112,8,120,132,17,62,60" hai2="111,108,3,74,18,113,13,127,134,43,75,20,66" hai3="31,133,97,37,91,28,12,24,5,16,114,92,107"/><V19/><F113/><W126/><G37/><T77/><D121/><U14/><E112/><V99/><F127/><W22/><G114/><T57/><D125/><U10/><E104/><V96/><F3/><W61/><G126/><T15/><D106/><U4/><E120/><V119/><F119/><W129/><G107/><T79/><D34/><U1/><E130/><V89/><F66/><W81/><G133/><N who="1" m="51274" /><E70/><V118/><F118/><W42/><G42/><T2/><D2/><U58/><E10/><V39/><F134/><W11/><G129/><T41/><D29/><U67/><E62/><V53/><F43/><W65/><REACH who="3" step="1"/><G81/><REACH who="3" ten="324,253,173,240" step="2"/><T122/><D41/><U9/><E9/><V52/><F39/><W50/><G50/><AGARI ba="0,1" hai="1,4,8,14,17,21,49,50,58,60,67" m="51274" machi="50" ten="30,3900,0" yaku="20,1,52,2" doraHai="47" who="1" fromWho="3" sc="324,0,253,49,173,0,240,-39" /><INIT seed="3,0,0,2,0,125" ten="324,302,173,201" oya="3" hai0="114,81,105,127,0,67,37,1,30,103,51,29,14" hai1="17,70,124,43,119,24,4,15,123,126,42,90,16" hai2="41,74,72,6,87,26,65,39,50,33,110,54,22" hai3="97,18,13,94,131,121,5,80,92,57,101,3,112"/><W35/><G112/><T59/><D37/><U49/><E123/><V109/><F33/><W130/><G121/><T76/><D105/><U46/><E70/><V82/><F65/><W64/><G35/><T61/><D103/><U28/><E119/><V122/><F122/><W79/><G92/><T55/><D127/><N who="1" m="48683" /><E43/><V108/><F6/><W91/><G5/><T88/><D114/><U107/><E107/><V134/><F41/><W7/><G7/><T93/><D14/><U8/><E90/><V133/><F39/><W25/><G25/><T116/><D116/><U75/><E75/><V62/><F62/><N who="3" m="37967" /><G3/><T98/><D1/><U32/><AGARI ba="0,0" hai="4,8,15,16,17,24,28,32,42,46,49" m="48683" machi="32" ten="30,2000,0" yaku="18,1,54,1" doraHai="125" who="1" fromWho="1" sc="324,-5,302,20,173,-5,201,-10" owari="319,11.9,322,42.2,168,-33.2,191,-20.9" /></mjloggm>