<mjloggm ver="2.3"><GO type="225" lobby="0"/><UN n0="%E6%9D%B1%E9%A2%A8%E3%81%AE%E3%81%8D%E3%82%83%E3%81%B7%E3%81%95%E3%82%93" n1="%E3%82%B2%E3%82%B9%E8%8C%82%E5%8B%9D" n2="%E8%A6%9A%E9%86%92%E3%81%97%E3%81%9F%E3%81%A8%E3%81%BE%E3%81%A8" n3="%E6%81%A5%E6%99%92%E3%81%97" dan="17,16,16,16" rate="2218.40,2133.80,2162.94,2148.80" sx="M,F,M,M"/><TAIKYOKU oya="0"/><INIT seed="0,0,0,2,1,73" ten="250,250,250,250" oya="0" hai0="121,54,127,40,82,112,9,45,132,17,67,75,52" hai1="134,21,31,113,129,88,7,44,70,74,101,26,2" hai2="34,118,62,94,90,23,28,36,24,102,60,111,27" hai3="109,79,130,3,18,115,37,35,51,99,96,68,20"/><T91/><D121/><U100/><E134/><V22/><F111/><W71/><G115/><T59/><D132/><U103/><E129/><V53/><F36/><W65/><G37/><T135/><D127/><U69/><E113/><V1/><F1/><W16/><G3/><T117/><D117/><U95/><E74/><V13/><F118/><W61/><G35/><T76/><D91/><U110/><E110/><V43/><F102/><W119/><G119/><T11/><D135/><U97/><REACH who="1" step="1"/><E44/><REACH who="1" ten="250,240,250,250" step="2"/><V86/><F34/><W114/><G109/><T12/><D112/><U29/><E29/><V56/><F43/><W93/><G114/><T123/><D123/><U128/><E128/><V92/><F13/><W133/><G130/><T108/><D108/><U15/><E15/><V80/><REACH who="2" step="1"/><F62/><REACH who="2" ten="250,240,240,250" step="2"/><W64/><G133/><T30/><D9/><AGARI ba="0,2" hai="2,7,9,21,26,31,69,70,88,95,97,100,101,103" machi="9" ten="40,2600,0" yaku="1,1,54,1,53,0" doraHai="73" doraHaiUra="39" who="1" fromWho="0" sc="250,-26,240,46,240,0,250,0" /><INIT seed="1,0,0,0,5,63" ten="224,286,240,250" oya="1" hai0="29,133,40,25,8,93,118,109,35,17,1,37,48" hai1="120,3,42,107,130,126,82,28,59,44,119,94,70" hai2="66,16,106,71,80,125,64,110,61,69,13,97,129" hai3="51,95,22,124,43,83,39,12,23,14,18,108,60"/><U114/><E94/><V127/><F110/><W27/><G108/><T99/><D109/><U84/><E114/><V77/><F129/><W30/><G124/><N who="2" m="47689" /><F97/><W90/><G39/><T131/><D133/><U52/><E126/><V41/><F106/><W54/><G83/><T135/><D135/><U34/><E119/><V2/><F2/><W15/><G43/><T73/><D73/><U102/><E120/><V5/><F5/><W11/><G11/><T6/><D131/><U86/><E3/><V101/><F41/><W62/><G60/><T72/><D72/><U128/><E70/><N who="2" m="26635" /><F61/><W103/><G103/><T65/><D118/><U76/><E86/><N who="2" m="48399" /><F101/><W9/><G62/><T19/><D37/><U58/><E102/><V4/><F4/><W49/><G9/><AGARI ba="0,0" hai="9,13,16,64,66" m="48399,26635,47689" machi="9" ten="30,7700,0" yaku="18,1,52,2,54,1" doraHai="63" who="2" fromWho="3" sc="224,0,286,0,240,77,250,-77" /><INIT seed="2,0,0,4,5,99" ten="224,286,317,173" oya="2" hai0="4,119,20,58,70,9,18,12,72,80,95,11,89" hai1="37,21,111,64,129,50,113,112,100,114,101,87,41" hai2="103,39,63,76,25,79,106,92,14,59,130,36,3" hai3="0,88,49,51,66,38,2,47,23,96,85,5,127"/><V97/><F130/><W17/><G127/><T24/><D70/><U124/><E111/><V19/><F3/><W28/><G28/><T73/><D119/><U16/><E124/><V22/><F106/><W84/><G38/><T82/><D73/><U121/><E121/><V125/><F125/><W126/><G126/><T135/><D135/><U65/><E37/><V26/><F39/><W104/><G66/><T60/><D11/><U13/><E129/><V34/><F36/><W30/><G30/><T35/><D35/><U71/><E87/><V134/><F134/><W69/><G69/><T27/><D27/><N who="2" m="10250" /><F34/><W10/><G2/><T123/><D72/><U109/><E109/><V57/><F57/><W7/><G7/><T75/><D75/><U105/><E105/><V110/><F110/><W77/><G77/><T42/><D42/><U53/><E41/><V91/><F91/><W33/><G33/><T31/><D31/><U107/><E107/><V90/><F90/><W67/><G67/><AGARI ba="0,0" hai="14,19,22,59,63,67,76,79,92,97,103" m="10250" machi="67" ten="30,2900,0" yaku="8,1,52,1" doraHai="99" who="2" fromWho="3" sc="224,0,286,0,317,29,173,-29" /><INIT seed="2,1,0,0,0,119" ten="224,286,346,144" oya="2" hai0="37,108,7,44,53,52,9,92,60,64,69,42,15" hai1="21,13,36,51,89,16,18,55,109,127,120,26,3" hai2="121,84,95,2,124,99,105,104,126,28,115,81,57" hai3="23,116,88,19,6,100,85,4,106,75,65,22,102"/><V41/><F2/><W50/><G116/><T17/><D108/><U30/><E109/><V76/><F28/><W11/><G75/><T34/><D34/><U122/><E36/><V77/><F57/><W87/><G106/><N who="2" m="41065" /><F41/><W73/><G73/><T35/><D35/><U20/><E3/><V91/><F115/><W38/><G38/><T80/><D80/><U46/><E127/><N who="2" m="48683" /><F121/><N who="1" m="46697" /><E89/><AGARI ba="1,0" hai="76,77,81,84,89,91,95,99" m="48683,41065" machi="89" ten="30,5800,0" yaku="18,1,34,2" doraHai="119" who="2" fromWho="1" sc="224,0,286,-61,346,61,144,0" /><INIT seed="2,2,0,3,2,83" ten="224,225,407,144" oya="2" hai0="76,102,68,63,88,7,111,96,55,116,43,9,70" hai1="40,113,90,5,2,122,16,33,106,119,95,30,47" hai2="10,18,101,66,60,52,125,20,110,126,38,114,28" hai3="71,0,128,117,22,130,25,45,59,112,72,81,123"/><V69/><F114/><W85/><G117/><T103/><D43/><U135/><E119/><V64/><F38/><W127/><G123/><T62/><D76/><U6/><E106/><V42/><F42/><W36/><G71/><T86/><D111/><U17/><E113/><V134/><F110/><W3/><G112/><T89/><D116/><U57/><E135/><V115/><F115/><W105/><G105/><T39/><D39/><U51/><E122/><V73/><F73/><W34/><G72/><T97/><D55/><U41/><E40/><V23/><F134/><W78/><G34/><T84/><D9/><U120/><E120/><V29/><F101/><W129/><G127/><N who="2" m="48649" /><F66/><W53/><G45/><T108/><D108/><U118/><E118/><V104/><F104/><W44/><G44/><T48/><D7/><U49/><E5/><V80/><F10/><W58/><G36/><T133/><D48/><U31/><E6/><V19/><F52/><W67/><G67/><T24/><D24/><U11/><E2/><V74/><F20/><W50/><REACH who="3" step="1"/><G59/><REACH who="3" ten="224,225,407,134" step="2"/><T131/><D133/><U92/><E33/><V26/><F74/><W124/><G124/><T27/><D70/><U61/><E47/><V99/><F69/><W13/><G13/><T12/><D12/><U21/><E57/><V100/><F64/><W121/><G121/><T75/><D75/><U107/><E107/><V35/><F35/><W4/><G4/><T77/><D68/><U98/><E41/><V87/><F26/><W82/><G82/><T15/><D27/><U109/><E109/><V1/><F80/><RYUUKYOKU ba="2,1" sc="224,-10,225,-10,407,-10,134,30" hai3="0,3,22,25,50,53,58,78,81,85,128,129,130" /><INIT seed="3,3,1,5,0,134" ten="214,215,397,164" oya="3" hai0="79,3,133,52,105,13,110,31,121,57,98,84,64" hai1="44,90,7,99,96,56,108,51,26,122,93,60,118" hai2="112,131,19,59,24,117,68,91,73,132,104,107,55" hai3="43,15,9,58,20,81,80,34,42,113,83,48,29"/><W115/><G34/><T76/><D3/><U123/><E108/><V70/><F132/><W12/><G113/><T101/><D121/><U77/><E118/><V53/><F112/><W46/><G115/><T92/><D133/><U67/><E77/><V125/><F117/><W0/><G0/><T41/><D110/><U47/><E7/><V66/><F73/><W88/><G58/><T78/><D31/><U126/><E126/><V124/><F59/><W95/><G42/><T54/><D41/><U71/><E71/><V25/><F19/><N who="3" m="10343" /><G29/><T62/><D13/><U50/><E26/><V35/><F35/><W10/><G15/><T86/><D105/><U14/><E14/><V11/><F11/><W100/><G100/><T114/><D114/><U82/><E122/><V4/><F4/><W127/><G127/><T74/><D74/><U28/><E28/><V49/><F70/><W85/><AGARI ba="3,1" hai="9,10,43,46,48,80,81,83,85,88,95" m="10343" machi="85" ten="30,3000,0" yaku="8,1,54,1" doraHai="134" who="3" fromWho="3" sc="214,-13,215,-13,397,-13,164,49" /><INIT seed="3,4,0,1,1,19" ten="201,202,384,213" oya="3" hai0="71,95,55,121,65,112,8,113,130,77,76,25,91" hai1="96,108,16,110,43,49,33,59,85,23,51,90,69" hai2="102,4,68,61,5,122,104,125,89,67,75,44,45" hai3="2,111,40,97,74,27,124,13,114,98,0,83,123"/><W105/><G114/><N who="0" m="44139" /><D121/><U17/><E69/><V36/><F122/><W26/><G123/><T34/><D130/><U103/><E33/><V134/><F75/><W24/><G40/><T127/><D127/><U99/><E17/><V41/><F125/><W35/><G35/><T64/><D8/><U18/><E18/><V48/><F134/><W133/><G124/><T42/><D55/><N who="1" m="32239" /><E51/><V79/><F79/><N who="0" m="30282" /><D42/><U10/><E10/><V39/><F89/><W109/><G13/><T126/><D71/><U58/><E58/><V118/><F39/><W120/><G133/><T54/><D54/><U128/><E128/><V56/><F118/><W1/><G120/><T94/><D126/><U115/><E115/><V131/><F131/><W86/><G74/><T30/><D95/><N who="1" m="54735" /><E43/><V53/><F44/><W47/><G47/><T92/><D92/><N who="1" m="58759" /><E99/><AGARI ba="4,0" hai="4,5,36,41,45,48,53,56,61,67,68,99,102,104" machi="99" ten="40,2600,0" yaku="24,2" doraHai="19" who="2" fromWho="1" sc="201,0,202,-38,384,38,213,0" /><AGARI ba="4,0" hai="25,30,34,64,65,91,94,99" m="30282,44139" machi="99" ten="30,1000,0" yaku="11,1" doraHai="19" who="0" fromWho="1" sc="201,10,164,-10,422,0,213,0" owari="211,-18.9,154,-34.6,422,52.2,213,1.3" /></mjloggm>