<mjloggm ver="2.3"><GO type="225" lobby="0"/><UN n0="%72%65%6E%6B%75%6E" n1="%43%68%65" n2="%E3%81%9F%E3%81%A3%E3%81%A1%E3%82%87" n3="%E7%BD%AA%E5%88%91%E6%B3%95%E5%AE%9A%E4%B8%BB%E7%BE%A9" dan="17,16,16,16" rate="2208.22,2093.09,2047.01,2175.54" sx="M,M,M,M"/><TAIKYOKU oya="0"/><INIT seed="0,0,0,2,1,86" ten="250,250,250,250" oya="0" hai0="101,60,130,64,85,108,69,50,63,110,30,61,72" hai1="75,40,67,66,36,37,51,9,115,31,5,20,29" hai2="21,88,77,91,118,24,135,42,0,131,132,82,13" hai3="80,71,111,105,128,134,28,54,6,56,62,39,33"/><T68/><D72/><U83/><E115/><V116/><F0/><W49/><G105/><T90/><D130/><U126/><E126/><V32/><F131/><W103/><G128/><T4/><D101/><U119/><E119/><N who="2" m="45611" /><F42/><W89/><G103/><T113/><D113/><U52/><E66/><V87/><F13/><W74/><G6/><T14/><D30/><U84/><E67/><V10/><F32/><W57/><G71/><T12/><D50/><U93/><E93/><V38/><F10/><W44/><G39/><T7/><D64/><U41/><E75/><V79/><F38/><W58/><G111/><N who="0" m="42539" /><D12/><N who="1" m="5167" /><E37/><V45/><F45/><W59/><G74/><T109/><N who="0" m="42547" /><T125/><DORA hai="27" /><D125/><U35/><E36/><V16/><F77/><W78/><G78/><T98/><D98/><U11/><E35/><V129/><F129/><W2/><G2/><T99/><D99/><U19/><E41/><V114/><F114/><W26/><G134/><AGARI ba="0,0" hai="16,21,24,79,82,87,88,91,132,134,135" m="45611" machi="134" ten="30,12000,2" yaku="20,1,12,1,52,2,54,2" doraHai="86,27" who="2" fromWho="3" sc="250,0,250,0,250,120,250,-120" /><INIT seed="1,0,0,1,3,0" ten="250,250,370,130" oya="1" hai0="4,57,29,66,17,37,97,92,113,111,28,93,101" hai1="128,47,58,25,59,104,118,3,27,79,119,68,129" hai2="90,126,106,94,53,103,130,109,82,35,64,98,89" hai3="42,96,85,100,38,33,45,83,134,13,19,121,108"/><U7/><E68/><V115/><F53/><W56/><G121/><T88/><D37/><U76/><E104/><N who="2" m="63607" /><F64/><W49/><G108/><T55/><D113/><U39/><E39/><V127/><F35/><W69/><G134/><T80/><D111/><U18/><E18/><V114/><F130/><W81/><G33/><T9/><D80/><U15/><E15/><V11/><F11/><W78/><G69/><T40/><D40/><U2/><REACH who="1" step="1"/><E47/><REACH who="1" ten="250,240,370,130" step="2"/><V112/><F106/><W41/><G38/><T51/><D17/><U77/><E77/><V61/><F109/><W21/><G56/><T95/><D66/><U32/><E32/><V34/><F34/><W124/><G124/><T8/><D8/><U26/><E26/><V22/><F126/><W75/><G42/><T116/><D116/><U31/><E31/><N who="0" m="11849" /><D101/><U122/><E122/><V86/><F127/><W107/><REACH who="3" step="1"/><G83/><REACH who="3" ten="250,240,370,120" step="2"/><T30/><D30/><U73/><E73/><AGARI ba="0,2" hai="13,19,21,41,45,49,73,75,78,81,85,96,100,107" machi="73" ten="40,2600,0" yaku="1,1,2,1,53,0" doraHai="0" doraHaiUra="24" who="3" fromWho="1" sc="250,0,240,-26,370,0,120,46" /><INIT seed="2,0,0,0,3,123" ten="250,214,370,166" oya="2" hai0="74,42,115,19,129,23,81,35,29,77,18,82,63" hai1="98,80,41,88,89,47,31,21,118,17,111,114,104" hai2="22,90,119,25,4,78,93,50,13,85,45,8,97" hai3="83,72,96,24,113,20,125,49,67,38,51,1,52"/><V66/><F119/><W102/><G1/><T65/><D115/><U6/><E118/><V2/><F2/><W12/><G38/><T95/><D129/><U87/><E114/><V91/><F66/><W110/><G113/><T28/><D42/><U10/><E31/><V68/><F68/><W100/><G125/><T59/><D35/><U132/><E132/><V116/><F116/><W109/><G67/><T130/><D130/><U33/><E33/><V57/><F57/><W60/><G12/><T76/><D95/><U107/><E111/><N who="3" m="42506" /><G60/><T3/><D3/><U101/><E107/><V11/><F11/><W103/><G96/><T40/><D40/><U127/><E127/><V70/><F70/><W69/><G69/><T128/><D19/><U92/><E10/><V14/><F13/><W108/><N who="3" m="42514" /><W32/><DORA hai="134" /><G32/><T27/><D128/><U135/><E6/><V62/><F62/><W5/><G5/><T55/><REACH who="0" step="1"/><D65/><REACH who="0" ten="240,214,370,166" step="2"/><U43/><E135/><V36/><F4/><W105/><G105/><T58/><D58/><U0/><E0/><V7/><F97/><W133/><G133/><T54/><D54/><U117/><E117/><V71/><F7/><W34/><G34/><T120/><D120/><U106/><E106/><V61/><F71/><W48/><G52/><T37/><D37/><U56/><E104/><V44/><F36/><W30/><G83/><T64/><D64/><U99/><E80/><V9/><F93/><W124/><G124/><T94/><D94/><U86/><E92/><V75/><F44/><W112/><G112/><T84/><AGARI ba="0,1" hai="18,23,27,28,29,55,59,63,74,76,77,81,82,84" machi="84" ten="20,12000,2" yaku="1,1,5,1,0,1,7,1,53,2" doraHai="123,134" doraHaiUra="122,26" who="0" fromWho="0" sc="240,130,214,-30,370,-60,166,-30" /><INIT seed="3,0,0,1,0,23" ten="370,184,310,136" oya="3" hai0="116,82,126,1,61,104,120,134,28,42,125,66,74" hai1="89,118,77,47,29,5,37,19,68,63,90,43,135" hai2="115,87,93,10,8,86,84,53,39,20,97,56,27" hai3="124,57,60,81,96,99,41,129,132,38,102,9,105"/><W72/><G124/><N who="0" m="47723" /><D1/><U91/><E135/><V88/><F39/><W48/><G129/><T121/><D104/><U22/><E118/><V109/><F115/><W76/><G132/><T70/><D134/><U112/><E112/><V128/><F109/><W17/><G38/><T36/><D28/><U0/><E29/><V127/><F128/><W16/><G9/><T51/><D51/><U40/><E40/><V65/><F65/><W67/><REACH who="3" step="1"/><G99/><REACH who="3" ten="370,184,310,126" step="2"/><T46/><D116/><U62/><E68/><V30/><F127/><W98/><G98/><T34/><D121/><U110/><E110/><V64/><F64/><W18/><G18/><T24/><D120/><U33/><E5/><V69/><F69/><W113/><G113/><T7/><D7/><U114/><E114/><V21/><F21/><W50/><G50/><AGARI ba="0,1" hai="8,10,20,27,30,50,53,56,84,86,87,88,93,97" machi="50" ten="40,5200,0" yaku="8,1,52,1,54,1" doraHai="23" who="2" fromWho="3" sc="370,0,184,0,310,62,126,-52" owari="370,17.0,184,-21.6,372,47.2,74,-42.6" /></mjloggm>