<mjloggm ver="2.3"><GO type="225" lobby="0"/><UN n0="%E3%81%99%E3%81%84%E3%81%BE%E3%81%9B%E3%83%BC%E3%82%93" n1="%33%74%72%65%65" n2="%E6%97%A5%E5%A5%88%E6%A3%AE%E3%81%82%E3%82%80" n3="%E3%81%BF%E3%81%BF%E3%81%9A" dan="18,16,17,18" rate="2207.22,2150.62,2135.84,2246.66" sx="M,F,F,M"/><TAIKYOKU oya="0"/><INIT seed="0,0,0,2,4,79" ten="250,250,250,250" oya="0" hai0="34,68,50,119,33,45,120,73,82,134,130,36,49" hai1="95,1,132,46,15,106,86,63,6,56,17,128,55" hai2="24,22,43,108,30,99,74,84,103,78,52,20,114" hai3="37,122,40,47,97,62,57,54,12,9,116,71,135"/><T0/><RYUUKYOKU type="yao9" ba="0,0" sc="250,0,250,0,250,0,250,0" hai0="0,33,34,36,45,49,50,68,73,82,119,120,130,134" /><INIT seed="0,1,0,2,4,113" ten="250,250,250,250" oya="0" hai0="87,7,29,98,115,11,110,12,14,31,52,120,71" hai1="117,32,47,55,107,41,111,45,121,21,135,91,114" hai2="10,16,27,84,56,132,130,38,65,62,112,53,17" hai3="30,93,34,99,108,40,119,3,58,8,18,43,133"/><T104/><D115/><U9/><E32/><V79/><F112/><W97/><G34/><T46/><D120/><U33/><E33/><V20/><F38/><W72/><G72/><T66/><D110/><U60/><E107/><V90/><F130/><W73/><G73/><T49/><D14/><U74/><E74/><V116/><F132/><W102/><G30/><T2/><D2/><U94/><E111/><V51/><F79/><W123/><G123/><T63/><REACH who="0" step="1"/><D87/><REACH who="0" ten="240,250,250,250" step="2"/><U100/><E121/><V88/><F84/><W101/><G3/><T89/><D89/><U129/><E91/><V4/><F116/><W83/><G108/><T1/><D1/><U57/><E114/><V68/><REACH who="2" step="1"/><F17/><REACH who="2" ten="240,250,240,250" step="2"/><W80/><G18/><T131/><D131/><U95/><E129/><V70/><F70/><W96/><G133/><T26/><D26/><U28/><E135/><V19/><F19/><W0/><G0/><AGARI ba="1,2" hai="0,4,10,16,20,27,51,53,56,62,65,68,88,90" machi="0" ten="30,8000,1" yaku="1,1,7,1,54,2,53,1" doraHai="113" doraHaiUra="15" who="2" fromWho="3" sc="240,0,250,0,240,103,250,-83" /><INIT seed="1,0,0,2,3,52" ten="240,250,343,167" oya="1" hai0="30,118,72,24,29,128,85,31,60,11,12,81,134" hai1="50,110,106,0,56,95,80,105,35,51,117,3,32" hai2="17,70,54,123,57,22,74,133,33,78,104,7,99" hai3="90,58,79,129,19,10,101,120,87,62,15,14,69"/><U61/><E117/><V28/><F123/><W71/><G120/><T98/><D118/><U107/><E110/><V82/><F70/><W96/><G79/><T25/><D72/><U126/><E126/><V67/><F67/><W91/><G129/><T46/><D128/><U5/><E80/><V20/><F7/><W26/><G26/><T42/><D98/><U2/><E5/><V130/><F130/><W131/><G131/><T18/><D60/><U23/><E23/><V66/><F66/><W121/><G121/><T76/><REACH who="0" step="1"/><D134/><REACH who="0" ten="230,250,343,167" step="2"/><U127/><E127/><V55/><F99/><W132/><G132/><T45/><D45/><U47/><E47/><V64/><F74/><W53/><G71/><T114/><D114/><U77/><E61/><V109/><F133/><W65/><G87/><T37/><AGARI ba="0,1" hai="11,12,18,24,25,29,30,31,37,42,46,76,81,85" machi="37" ten="30,4000,0" yaku="1,1,0,1,53,1" doraHai="52" doraHaiUra="8" who="0" fromWho="0" sc="230,50,250,-20,343,-10,167,-10" /><INIT seed="2,0,0,4,5,58" ten="280,230,333,157" oya="2" hai0="31,103,128,36,54,27,121,135,89,3,62,106,110" hai1="65,80,0,8,43,38,47,71,90,56,60,39,9" hai2="44,59,69,84,37,41,117,95,21,109,50,118,131" hai3="30,14,120,18,102,35,122,2,32,4,78,98,24"/><V12/><F131/><W96/><G78/><T100/><D121/><U112/><E112/><V57/><F69/><W16/><G98/><T46/><D3/><U6/><E9/><V61/><F109/><W11/><G35/><T5/><D5/><U53/><E39/><V23/><F84/><W113/><G113/><T25/><D36/><U83/><REACH who="1" step="1"/><E90/><REACH who="1" ten="280,220,333,157" step="2"/><V101/><F37/><W81/><G81/><T79/><D89/><U34/><E34/><V40/><F117/><W99/><G18/><T42/><D110/><U127/><E127/><V63/><F118/><W70/><G70/><T86/><D31/><U33/><E33/><V130/><F130/><W73/><G73/><T7/><D128/><U126/><E126/><V85/><F23/><W97/><REACH who="3" step="1"/><G102/><REACH who="3" ten="280,220,333,147" step="2"/><T92/><D103/><U134/><E134/><V88/><F101/><W129/><G129/><T76/><D135/><U49/><AGARI ba="0,2" hai="0,6,8,38,43,47,49,53,56,60,65,71,80,83" machi="49" ten="20,12000,2" yaku="1,1,0,1,7,1,24,2,52,1,53,1" doraHai="58" doraHaiUra="68" who="1" fromWho="1" sc="280,-30,220,140,333,-60,147,-30" /><INIT seed="3,0,0,5,1,3" ten="250,360,273,117" oya="3" hai0="46,121,37,45,82,14,73,108,81,22,49,47,89" hai1="88,135,93,92,59,10,30,126,32,113,36,128,33" hai2="67,96,90,97,29,120,51,63,69,52,75,74,70" hai3="71,117,110,107,21,43,106,133,12,76,35,84,0"/><W13/><G117/><T98/><D121/><U41/><E113/><V130/><F70/><W55/><G0/><T16/><D108/><U109/><E93/><V123/><F130/><W114/><G114/><T1/><D1/><U83/><E83/><N who="0" m="31753" /><D37/><U39/><E59/><V48/><F29/><W50/><G35/><T127/><D73/><N who="2" m="27658" /><F90/><W57/><G133/><T65/><D127/><U19/><E10/><V104/><F104/><W119/><G119/><T94/><D65/><U87/><E19/><V61/><F61/><W17/><G71/><T99/><D99/><N who="2" m="37962" /><F52/><AGARI ba="0,0" hai="14,16,22,45,46,47,49,52,89,94,98" m="31753" machi="52" ten="30,3900,0" yaku="8,1,54,2" doraHai="3" who="0" fromWho="2" sc="250,39,360,0,273,-39,117,0" owari="289,8.9,360,46.0,234,-16.6,117,-38.3" /></mjloggm>