<mjloggm ver="2.3"><GO type="225" lobby="0"/><UN n0="%E3%82%B2%E3%82%B9%E8%8C%82%E5%8B%9D" n1="%28%EF%BF%A3%E2%96%BD%EF%BF%A3%29%CE%B4%E2%8C%92%E3%83%BB" n2="%E3%81%82%E3%81%99%E3%81%AB%E3%82%83%E3%82%80" n3="%E5%8F%AF%E5%85%90%E9%82%A3%E7%94%B1%E5%A4%9A" dan="16,16,16,17" rate="2049.02,2106.73,2129.41,2190.79" sx="F,M,F,F"/><TAIKYOKU oya="0"/><INIT seed="0,0,0,3,4,23" ten="250,250,250,250" oya="0" hai0="35,135,49,62,109,108,63,8,53,31,100,112,95" hai1="129,83,60,133,66,93,27,16,70,91,69,82,36" hai2="88,99,76,111,114,128,56,15,117,29,64,19,47" hai3="0,57,71,48,121,61,65,101,41,13,5,115,97"/><T94/><D112/><U89/><E36/><V32/><F114/><W30/><G115/><T55/><D135/><U14/><E133/><V9/><F111/><N who="0" m="42570" /><D8/><U90/><E129/><V127/><F128/><W26/><G121/><T87/><D100/><U74/><E74/><V72/><F127/><W28/><G0/><T130/><D130/><U45/><E70/><V54/><F117/><W81/><G81/><T6/><D6/><U17/><E93/><N who="0" m="35337" /><D87/><U134/><E134/><V46/><F64/><W52/><G41/><T85/><D85/><U20/><REACH who="1" step="1"/><E45/><REACH who="1" ten="250,240,250,250" step="2"/><V110/><F46/><W80/><G80/><T7/><D7/><U42/><E42/><V50/><F47/><W38/><G38/><T120/><D120/><U92/><E92/><V75/><F72/><W40/><G40/><T67/><D67/><U124/><E124/><V34/><F110/><W44/><G44/><N who="0" m="27815" /><D55/><U107/><E107/><V116/><F54/><W43/><G43/><T39/><D39/><U98/><E98/><V73/><F99/><W106/><G5/><T3/><D3/><U105/><E105/><V125/><F125/><W123/><G123/><T4/><D4/><U118/><E118/><V113/><F116/><W12/><REACH who="3" step="1"/><G30/><REACH who="3" ten="250,240,250,240" step="2"/><T68/><D68/><U77/><E77/><V51/><F76/><W84/><G84/><T59/><D59/><U18/><E18/><V131/><F19/><W104/><G104/><T79/><D79/><U102/><E102/><V122/><F75/><W1/><G1/><T2/><D2/><U58/><E58/><V10/><F56/><W33/><AGARI ba="0,2" hai="12,13,26,28,33,48,52,57,61,65,71,97,101,106" machi="33" ten="20,16000,3" yaku="1,1,5,1,0,1,7,1,25,2,52,1,54,1,53,1" doraHai="23" doraHaiUra="103" who="3" fromWho="3" sc="250,-80,240,-40,250,-40,240,180" /><INIT seed="1,0,0,0,4,61" ten="170,200,210,420" oya="1" hai0="20,32,83,99,106,2,103,70,39,28,52,98,118" hai1="81,13,79,62,18,4,53,123,80,10,55,89,71" hai2="3,45,127,135,88,47,21,69,41,86,94,130,85" hai3="46,120,37,54,40,132,78,113,7,12,107,116,111"/><U50/><E123/><V96/><F3/><W49/><G120/><T33/><D118/><U121/><E121/><V64/><F135/><W77/><G113/><T128/><D2/><U112/><E112/><V122/><F122/><W97/><G116/><T56/><D70/><U48/><E89/><V72/><F72/><W125/><G132/><T34/><D39/><U19/><E71/><V15/><F130/><W108/><G125/><T68/><D68/><U119/><E62/><V60/><F47/><W26/><G26/><T109/><D128/><U65/><E65/><V100/><F127/><W44/><G7/><T8/><D8/><U82/><E79/><V11/><F21/><W35/><G35/><T93/><D83/><U24/><E24/><V25/><F25/><W117/><G12/><T115/><D115/><U16/><REACH who="1" step="1"/><E119/><REACH who="1" ten="170,190,210,420" step="2"/><V14/><F100/><N who="3" m="62863" /><G117/><T43/><D103/><U57/><E57/><V23/><F15/><W104/><G77/><T9/><D34/><U131/><E131/><V84/><F96/><W92/><G78/><T114/><D33/><U91/><E91/><V73/><F73/><W90/><G90/><T126/><D32/><U36/><E36/><V30/><F14/><W27/><G37/><T129/><D99/><U17/><N who="1" m="4096" /><DORA hai="105" /><U51/><AGARI ba="0,1" hai="4,10,13,48,50,51,53,55,80,81,82" m="4096" machi="51" ten="50,18000,2" yaku="1,1,4,1,0,1,29,2,8,1,54,1,53,0" doraHai="61,105" doraHaiUra="59,74" who="1" fromWho="1" sc="170,-60,190,190,210,-60,420,-60" /><INIT seed="1,1,0,3,0,59" ten="110,380,150,360" oya="1" hai0="54,104,135,68,114,19,17,63,80,122,71,62,109" hai1="76,128,13,41,46,77,127,42,52,120,22,124,98" hai2="15,4,53,82,74,85,36,107,108,48,110,8,78" hai3="102,91,38,47,34,55,67,23,103,121,31,33,28"/><U9/><E120/><V129/><F36/><W58/><G121/><T10/><D114/><U1/><E1/><V44/><F107/><W0/><G0/><T125/><D122/><U116/><E116/><V29/><F129/><W12/><G67/><T70/><D104/><U69/><E69/><V14/><F29/><W93/><G28/><T27/><D109/><U96/><E22/><V25/><F25/><W56/><G56/><T95/><D80/><U16/><E128/><V117/><F117/><W20/><G20/><T50/><D125/><N who="1" m="48203" /><E42/><V105/><F105/><W2/><G2/><T11/><D135/><U106/><E52/><V126/><F126/><W49/><G33/><T72/><D72/><U79/><E106/><V118/><F118/><W134/><G34/><T119/><D95/><U64/><E64/><V113/><F113/><W87/><G134/><T123/><D119/><U66/><E66/><V86/><REACH who="2" step="1"/><F15/><REACH who="2" ten="110,380,140,360" step="2"/><W111/><G31/><T60/><D123/><U6/><E6/><V97/><F97/><W133/><G133/><T84/><D84/><AGARI ba="1,1" hai="4,8,14,44,48,53,74,78,82,84,85,86,108,110" machi="84" ten="40,1300,0" yaku="1,1,53,0" doraHai="59" doraHaiUra="131" who="2" fromWho="0" sc="110,-16,380,0,140,26,360,0" /><INIT seed="2,0,0,0,3,25" ten="94,380,166,360" oya="2" hai0="100,80,28,72,53,76,96,84,131,90,92,94,70" hai1="32,111,37,62,15,14,71,42,120,116,60,31,26" hai2="108,73,79,67,47,88,95,19,56,29,33,109,35" hai3="8,21,20,38,17,61,102,24,48,57,18,13,44"/><V69/><F69/><W135/><G135/><T52/><D131/><U117/><E111/><N who="2" m="42571" /><F47/><W43/><G102/><T75/><D70/><U77/><E120/><V27/><F19/><W11/><REACH who="3" step="1"/><G38/><REACH who="3" ten="94,380,166,350" step="2"/><T58/><D72/><U2/><E37/><V16/><F73/><W87/><G87/><T114/><D114/><U125/><E117/><V63/><F79/><W101/><G101/><T126/><D126/><U127/><E77/><V119/><F119/><W66/><AGARI ba="0,1" hai="8,11,13,17,18,20,21,24,43,44,48,57,61,66" machi="66" ten="20,5200,0" yaku="1,1,0,1,7,1,8,1,53,0" doraHai="25" doraHaiUra="107" who="3" fromWho="3" sc="94,-13,380,-13,166,-26,350,62" /><INIT seed="3,0,0,1,5,70" ten="81,367,140,412" oya="3" hai0="92,22,126,135,32,56,114,102,43,18,65,9,37" hai1="21,82,77,90,74,98,134,59,117,129,72,49,78" hai2="130,116,29,20,93,38,131,119,100,46,35,68,50" hai3="25,41,19,101,42,6,133,31,30,87,14,26,51"/><W76/><G133/><T122/><D122/><U58/><E134/><V69/><F38/><W48/><G101/><T132/><D32/><U73/><E129/><N who="2" m="49163" /><F35/><W111/><G111/><T11/><D132/><U60/><E117/><N who="2" m="45131" /><F29/><N who="3" m="10763" /><G6/><T45/><D135/><U115/><E115/><V85/><F20/><N who="3" m="11383" /><G76/><T91/><D102/><U80/><E21/><V44/><F44/><N who="3" m="25623" /><G87/><T2/><D2/><U105/><E74/><V33/><F33/><W67/><G67/><T0/><D0/><U123/><E123/><V108/><F108/><W106/><G106/><T94/><D114/><U103/><E60/><V8/><F8/><W95/><G95/><T124/><D94/><U62/><E62/><V28/><F28/><W7/><G7/><T27/><D124/><U5/><E5/><V121/><F121/><W89/><G89/><T39/><D126/><U61/><E61/><V125/><F125/><W84/><G84/><T104/><D104/><U52/><REACH who="1" step="1"/><E90/><REACH who="1" ten="81,357,140,412" step="2"/><V53/><F68/><W110/><G110/><T118/><D118/><U15/><E15/><V88/><F69/><W24/><G24/><T99/><REACH who="0" step="1"/><D37/><REACH who="0" ten="71,357,140,412" step="2"/><U16/><E16/><V55/><F100/><W54/><G51/><T96/><D96/><U86/><E86/><V47/><F85/><W83/><G83/><T34/><D34/><U107/><E107/><V10/><F50/><W4/><G4/><T75/><D75/><U17/><E17/><V40/><F93/><W113/><G113/><T79/><D79/><U120/><E120/><V128/><F128/><W13/><G13/><T112/><D112/><U63/><E63/><AGARI ba="0,2" hai="9,11,18,22,27,39,43,45,56,63,65,91,92,99" machi="63" ten="40,8000,1" yaku="1,1,6,1,52,1,53,1" doraHai="70" doraHaiUra="36" who="0" fromWho="1" sc="71,100,357,-80,140,0,412,0" owari="171,-22.9,277,7.7,140,-36.0,412,51.2" /></mjloggm>