<mjloggm ver="2.3"><GO type="225" lobby="0"/><UN n0="%E3%81%A4%E3%81%A3%E3%81%B1%E3%82%8A%E3%83%9D%E3%83%BC%E3%83%AB" n1="%E7%B4%94%E6%BD%94%E3%83%94%E3%83%A9%E3%83%8B%E3%82%A2" n2="%E5%8B%95%E7%89%A9%E5%9C%92%E3%81%AE%E3%81%8F%E3%82%8D" n3="%6D%75%75%73%61%6E%6D%75" dan="16,16,16,16" rate="2146.86,2154.77,2177.64,2151.23" sx="M,M,M,F"/><TAIKYOKU oya="0"/><INIT seed="0,0,0,2,4,23" ten="250,250,250,250" oya="0" hai0="112,17,135,20,63,69,113,101,103,85,79,52,96" hai1="124,87,80,31,93,28,132,25,134,88,39,119,21" hai2="121,84,57,105,11,2,107,111,59,29,120,22,54" hai3="68,55,27,91,24,14,35,116,43,60,82,47,56"/><T58/><D135/><N who="1" m="51755" /><E39/><V15/><F111/><W92/><G116/><T13/><D69/><U127/><E119/><V62/><F2/><W49/><G35/><T98/><D113/><U9/><E9/><V95/><F107/><W75/><G68/><T131/><D112/><U77/><E31/><V12/><F105/><W3/><G3/><T41/><D41/><U100/><E100/><N who="0" m="38473" /><D131/><U83/><E83/><AGARI ba="0,0" hai="13,17,20,52,58,63,79,83,85,96,98" m="38473" machi="83" ten="30,2900,0" yaku="8,1,54,1" doraHai="23" who="0" fromWho="1" sc="250,29,250,-29,250,0,250,0" /><INIT seed="0,1,0,0,4,56" ten="279,221,250,250" oya="0" hai0="76,132,74,20,82,119,34,6,111,13,32,98,102" hai1="18,30,39,94,103,87,110,124,79,9,65,72,113" hai2="25,64,58,47,67,121,117,44,97,123,37,70,84" hai3="31,15,122,10,80,77,38,112,100,59,104,55,54"/><T116/><D132/><U78/><E39/><V61/><F25/><W91/><G112/><T115/><D115/><U1/><E72/><V66/><F84/><W125/><G125/><T14/><D111/><U69/><E110/><V68/><F97/><W28/><G122/><N who="2" m="46601" /><F117/><W11/><G38/><T45/><D45/><N who="2" m="17482" /><F37/><W29/><G91/><T21/><D6/><U50/><E124/><V99/><F99/><W109/><G109/><T95/><D21/><U43/><E43/><V24/><F24/><W96/><G59/><T107/><D107/><U52/><E30/><V33/><F33/><W88/><G88/><T127/><D127/><U36/><E36/><V49/><F49/><W60/><G60/><T17/><REACH who="0" step="1"/><D14/><REACH who="0" ten="269,221,250,250" step="2"/><U46/><E113/><V90/><F90/><W4/><REACH who="3" step="1"/><G10/><REACH who="3" ten="269,221,250,240" step="2"/><T62/><D62/><U42/><E50/><V3/><F3/><W120/><G120/><T93/><D93/><U35/><E94/><V126/><F126/><W27/><G27/><T23/><D23/><U63/><E63/><V7/><F61/><W114/><G114/><T57/><D57/><U71/><E9/><V5/><F58/><W48/><G48/><T135/><D135/><U40/><E1/><V0/><F0/><W134/><G134/><T81/><D81/><U12/><E46/><V75/><F64/><W73/><AGARI ba="1,2" hai="4,11,15,28,29,31,54,55,73,77,80,96,100,104" machi="73" ten="30,2000,0" yaku="1,1,0,1,53,0" doraHai="56" doraHaiUra="133" who="3" fromWho="3" sc="269,-11,221,-6,250,-6,240,43" /><INIT seed="1,0,0,4,0,78" ten="258,215,244,283" oya="1" hai0="109,10,82,64,3,114,131,123,2,128,53,99,101" hai1="66,48,71,117,122,1,118,93,89,81,95,79,50" hai2="75,28,61,30,77,42,91,31,55,33,90,106,57" hai3="97,119,51,92,5,41,15,52,88,94,34,69,111"/><U70/><E1/><V102/><F33/><W49/><G69/><T20/><D114/><U124/><E122/><V39/><F102/><W108/><G34/><T126/><D123/><U83/><E79/><V18/><F106/><W6/><G119/><T120/><D120/><U36/><E89/><V27/><F42/><W21/><G41/><T47/><D64/><U58/><E58/><V23/><REACH who="2" step="1"/><F39/><REACH who="2" ten="258,215,234,283" step="2"/><W116/><G116/><T105/><D101/><U85/><E36/><V12/><F12/><W13/><G13/><T72/><D105/><U59/><E59/><V103/><F103/><N who="3" m="60839" /><G111/><T130/><D109/><U56/><E56/><V17/><F17/><N who="3" m="10431" /><G108/><T73/><D3/><U4/><E4/><N who="3" m="1642" /><G52/><T129/><D53/><U86/><E66/><V127/><F127/><AGARI ba="0,1" hai="48,50,70,71,81,83,85,86,93,95,117,118,124,127" machi="127" ten="25,9600,0" yaku="22,2,52,2" doraHai="78" who="1" fromWho="2" sc="258,0,215,106,234,-96,283,0" /><INIT seed="1,1,0,2,3,125" ten="258,321,138,283" oya="1" hai0="110,50,6,49,41,101,94,117,119,21,26,4,13" hai1="12,28,9,80,58,130,116,24,83,43,31,111,48" hai2="56,114,23,65,97,7,20,59,33,131,3,77,45" hai3="73,60,40,88,118,127,76,120,87,105,38,134,51"/><U53/><E116/><V81/><F33/><W57/><G120/><T25/><D110/><U72/><E111/><V98/><F114/><W122/><G122/><T128/><D128/><U95/><E130/><V39/><F131/><W46/><G105/><T86/><D41/><U69/><E69/><V112/><F112/><W8/><G118/><T66/><D66/><U124/><E124/><V18/><F7/><W78/><G127/><T15/><D94/><U91/><E43/><V61/><F3/><W89/><G73/><T19/><D86/><U103/><E103/><V74/><F39/><W123/><G123/><T62/><D62/><U5/><E72/><V54/><F45/><W90/><G134/><T102/><D21/><U107/><E107/><V68/><F23/><W36/><G8/><T1/><D19/><U47/><E47/><V44/><F44/><W113/><G113/><T35/><REACH who="0" step="1"/><D1/><REACH who="0" ten="248,321,138,283" step="2"/><U82/><E24/><V85/><F74/><W64/><G36/><T34/><AGARI ba="1,1" hai="4,6,13,15,25,26,34,35,49,50,101,102,117,119" machi="34" ten="25,8000,1" yaku="1,1,2,1,0,1,22,2,53,0" doraHai="125" doraHaiUra="14" who="0" fromWho="0" sc="248,93,321,-41,138,-21,283,-21" /><INIT seed="2,0,0,3,3,77" ten="341,280,117,262" oya="2" hai0="114,55,120,15,112,75,26,123,110,61,88,12,43" hai1="84,109,72,76,86,19,99,95,31,124,116,37,70" hai2="90,25,47,3,39,41,33,115,64,32,52,74,63" hai3="13,5,98,106,87,113,129,131,132,97,91,48,67"/><V85/><F115/><W104/><G113/><T35/><D75/><U66/><E37/><V34/><F74/><W10/><G67/><T56/><D43/><U11/><E116/><V46/><F3/><W117/><G117/><T14/><D112/><U79/><E31/><V58/><F25/><W122/><G122/><T101/><D101/><U45/><E45/><V100/><F100/><W69/><G69/><T126/><D114/><U60/><E109/><V130/><F130/><N who="3" m="49675" /><G48/><T80/><D110/><U94/><E94/><V16/><F16/><W30/><G30/><T17/><D126/><U107/><E107/><N who="3" m="41002" /><G132/><T24/><D35/><U8/><E124/><V23/><F23/><W50/><G50/><T127/><D127/><U83/><E76/><V89/><REACH who="2" step="1"/><F85/><REACH who="2" ten="341,280,107,262" step="2"/><W22/><G22/><N who="0" m="11583" /><D123/><U73/><E84/><V20/><F20/><W81/><AGARI ba="0,1" hai="5,10,13,81,87,91,97,98" m="41002,49675" machi="81" ten="30,2000,0" yaku="19,1,52,1" doraHai="77" who="3" fromWho="3" sc="341,-5,280,-5,107,-10,262,30" /><INIT seed="3,0,0,4,3,41" ten="336,275,97,292" oya="3" hai0="34,6,127,95,120,15,0,47,39,49,67,98,55" hai1="11,107,35,80,77,68,3,100,7,110,42,117,89" hai2="82,128,58,27,79,87,14,126,59,38,90,104,12" hai3="36,65,44,97,9,83,133,73,53,76,91,134,70"/><W28/><G28/><T66/><D120/><U124/><E110/><V119/><F126/><W75/><G75/><T5/><D34/><U8/><E124/><V18/><F119/><W32/><G32/><T20/><D39/><U109/><E109/><V46/><F128/><W45/><G36/><T56/><D0/><U2/><E117/><V85/><F104/><W111/><G111/><T116/><D116/><U52/><E89/><V62/><F38/><W135/><G9/><N who="0" m="4527" /><D6/><N who="1" m="1111" /><E52/><V13/><F59/><W29/><G29/><T51/><D20/><U23/><E23/><V94/><F27/><W54/><G70/><T43/><D127/><U86/><E86/><V22/><REACH who="2" step="1"/><F46/><REACH who="2" ten="336,275,87,292" step="2"/><N who="3" m="18027" /><G65/><AGARI ba="0,1" hai="12,13,14,18,22,58,62,65,79,82,85,87,90,94" machi="65" ten="30,7700,0" yaku="1,1,7,1,8,1,53,1" doraHai="41" doraHaiUra="17" who="2" fromWho="3" sc="336,0,275,0,87,87,292,-77" owari="336,43.6,275,7.5,174,-32.6,215,-18.5" /></mjloggm>