<mjloggm ver="2.3"><GO type="225" lobby="0"/><UN n0="%E7%B4%94%E6%BD%94%E3%83%94%E3%83%A9%E3%83%8B%E3%82%A2" n1="%E3%83%97%E3%83%AC%E3%83%B4%E3%82%A1%E3%83%86%E3%82%A3" n2="%E5%86%B7%E5%87%8D%E3%82%AE%E3%83%A7%E3%83%BC%E3%82%B6" n3="%E3%81%BF%E3%81%BF%E3%81%9A" dan="17,16,16,17" rate="2170.66,2101.34,2139.42,2205.06" sx="M,F,M,M"/><TAIKYOKU oya="0"/><INIT seed="0,0,0,5,2,131" ten="250,250,250,250" oya="0" hai0="82,59,99,15,98,110,95,93,120,119,19,66,57" hai1="27,133,102,68,42,129,75,33,121,61,80,43,52" hai2="30,103,24,76,79,37,123,72,36,96,56,1,90" hai3="40,83,122,17,84,124,46,58,10,135,109,20,108"/><T35/><D35/><U51/><E121/><V91/><F123/><W18/><G122/><T104/><D119/><U105/><E129/><V6/><F56/><W9/><G124/><T0/><D0/><U32/><E32/><V86/><F6/><W54/><G135/><T44/><D104/><U55/><E133/><V117/><F1/><W134/><G134/><T97/><D120/><U78/><E105/><V88/><F72/><W113/><G113/><T92/><D110/><N who="3" m="42601" /><G58/><T115/><D115/><U63/><E102/><V5/><F5/><W94/><G94/><T74/><D44/><U21/><E33/><V127/><F127/><W125/><G54/><T31/><D31/><U7/><E7/><V38/><F86/><W39/><G125/><T111/><D111/><U22/><E22/><V41/><F41/><W29/><G29/><T116/><D116/><U100/><E100/><V49/><F117/><W48/><G39/><T106/><D106/><U112/><E112/><V107/><REACH who="2" step="1"/><F49/><REACH who="2" ten="250,250,240,250" step="2"/><W101/><G40/><T45/><D45/><U87/><E75/><V4/><F4/><W34/><G48/><T3/><D3/><U62/><E68/><V128/><F128/><W70/><G70/><T114/><D114/><U25/><E43/><V23/><AGARI ba="0,1" hai="23,24,30,36,37,38,76,79,88,90,91,96,103,107" machi="23" ten="40,5200,0" yaku="1,1,0,1,54,1,53,0" doraHai="131" doraHaiUra="65" who="2" fromWho="2" sc="250,-26,250,-13,240,62,250,-13" /><INIT seed="1,0,0,0,0,81" ten="224,237,302,237" oya="1" hai0="132,126,94,31,52,82,70,21,46,128,98,64,97" hai1="75,51,130,22,24,89,54,118,58,121,61,1,60" hai2="78,29,62,15,27,84,45,109,16,93,77,120,34" hai3="44,3,59,35,69,79,91,50,110,20,39,49,7"/><U26/><E118/><V99/><F120/><W67/><G35/><T124/><D70/><U95/><E121/><V123/><F123/><W88/><G79/><T14/><D64/><U18/><E75/><V80/><F109/><W57/><G110/><T9/><D82/><U92/><E1/><V53/><F78/><W23/><G69/><T28/><D128/><U131/><E95/><V83/><F83/><W134/><G134/><T41/><D132/><U100/><E100/><V106/><F106/><W76/><G76/><T65/><D65/><U56/><E26/><V103/><F45/><W40/><G3/><T101/><D98/><U38/><E38/><V105/><F105/><W87/><G7/><T122/><D122/><U111/><E111/><V32/><F32/><W68/><G91/><T129/><D129/><N who="1" m="49163" /><E56/><V114/><F114/><W71/><G71/><T90/><D101/><U5/><E5/><V72/><F72/><W25/><G68/><T55/><D126/><U74/><E74/><V47/><F47/><N who="3" m="25831" /><G39/><T43/><D124/><U115/><E115/><V86/><F80/><N who="3" m="49255" /><G67/><T42/><D46/><U63/><E51/><V8/><REACH who="2" step="1"/><F77/><REACH who="2" ten="224,237,292,237" step="2"/><W113/><G113/><T73/><D73/><U17/><E17/><V33/><F33/><W36/><G36/><T66/><D28/><U96/><AGARI ba="0,1" hai="18,22,24,54,58,60,61,63,89,92,96" m="49163" machi="96" ten="30,3000,0" yaku="25,1,19,1" doraHai="81" who="1" fromWho="1" sc="224,-10,237,40,292,-10,237,-10" /><INIT seed="1,1,0,4,4,59" ten="214,277,282,227" oya="1" hai0="37,28,2,128,127,34,133,126,105,55,134,125,7" hai1="90,20,99,110,129,21,130,122,11,78,88,58,81" hai2="73,87,93,16,3,106,103,17,56,117,36,67,40" hai3="119,23,44,46,14,33,115,109,53,31,123,121,135"/><U98/><E122/><V124/><F117/><W96/><G115/><T66/><D37/><U57/><E11/><V97/><F73/><W86/><G119/><T6/><D105/><U63/><E110/><V132/><F3/><W60/><G109/><T45/><D66/><U89/><E57/><V68/><F68/><W113/><G113/><T47/><D55/><N who="1" m="34271" /><E78/><V107/><F124/><W74/><G74/><T79/><D79/><U29/><E81/><V13/><F132/><N who="0" m="50794" /><D2/><U12/><E29/><V51/><F36/><W48/><G135/><T30/><D34/><U111/><E111/><V10/><F17/><W85/><G33/><T64/><D64/><U39/><E39/><V62/><REACH who="2" step="1"/><F87/><REACH who="2" ten="214,277,272,227" step="2"/><W114/><G86/><T92/><D30/><U100/><E12/><V72/><F72/><W70/><G85/><T101/><D28/><U61/><E129/><V50/><F50/><N who="3" m="28871" /><G31/><T108/><D108/><U65/><E130/><V25/><F25/><W95/><G123/><T80/><D128/><U32/><E32/><V54/><F54/><N who="3" m="29975" /><G121/><T84/><D84/><U8/><E65/><V26/><F26/><W9/><G114/><T94/><D80/><U69/><E69/><V38/><F38/><W52/><G70/><T1/><D1/><U15/><E15/><V43/><F43/><W77/><G52/><T91/><D47/><AGARI ba="1,1" hai="10,13,16,40,47,51,56,62,67,93,97,103,106,107" machi="47" ten="40,5200,0" yaku="1,1,52,1,54,1,53,0" doraHai="59" doraHaiUra="82" who="2" fromWho="0" sc="214,-55,277,0,272,65,227,0" /><INIT seed="2,0,0,2,2,111" ten="159,277,337,227" oya="2" hai0="128,14,64,118,56,79,82,48,126,35,95,47,51" hai1="24,4,93,89,78,74,46,76,91,117,39,131,30" hai2="104,59,71,73,50,28,7,32,103,31,114,102,66" hai3="127,129,83,84,12,10,130,11,116,42,67,19,81"/><V15/><F73/><W134/><G116/><T125/><D118/><U99/><E117/><V27/><F31/><W49/><G127/><T54/><D35/><U3/><E131/><N who="3" m="50186" /><G134/><T80/><D128/><U132/><E132/><V33/><F33/><W86/><G67/><T41/><D64/><U25/><E25/><V60/><F114/><W113/><G113/><T44/><D56/><U13/><E3/><V92/><F92/><W1/><G42/><T133/><D133/><U20/><E74/><V123/><F123/><W53/><G1/><T110/><D110/><U57/><E89/><V119/><F119/><W122/><G122/><T0/><D0/><U8/><E57/><V121/><F121/><W61/><G61/><T70/><D70/><U77/><E39/><V23/><F104/><W26/><G26/><T52/><D95/><U72/><E72/><V108/><F108/><W90/><G11/><T18/><D41/><U9/><REACH who="1" step="1"/><E8/><REACH who="1" ten="159,267,337,227" step="2"/><V97/><F71/><W36/><G36/><T115/><D115/><U16/><E16/><V94/><F27/><W112/><G112/><T37/><D37/><U2/><E2/><V85/><F59/><N who="3" m="33199" /><G84/><T5/><D5/><U43/><E43/><V106/><F7/><W38/><G38/><T124/><REACH who="0" step="1"/><D79/><REACH who="0" ten="149,267,337,227" step="2"/><U34/><E34/><V135/><F32/><W75/><G75/><T101/><D101/><U17/><E17/><V58/><F103/><W68/><G68/><T6/><D6/><U69/><E69/><V105/><F102/><W100/><G100/><T63/><D63/><U55/><E55/><V120/><F135/><RYUUKYOKU ba="0,2" sc="149,10,267,10,337,-30,227,10" hai0="14,18,44,47,48,51,52,54,80,82,124,125,126" hai1="4,9,13,20,24,30,46,76,77,78,91,93,99" hai3="10,12,19,81,83,86,90" /><INIT seed="3,1,2,5,1,135" ten="159,277,307,237" oya="3" hai0="3,33,101,47,54,70,99,27,86,102,60,6,19" hai1="50,38,34,114,49,2,100,94,82,55,97,105,11" hai2="130,8,121,133,87,66,52,93,91,74,104,7,81" hai3="128,36,124,25,61,24,98,39,41,113,0,59,18"/><W42/><G113/><T4/><D3/><U35/><E114/><V30/><F133/><W26/><G0/><T29/><D101/><U125/><E38/><V64/><F104/><W10/><G128/><T32/><D32/><U75/><E105/><V37/><F130/><W83/><G39/><T17/><D86/><U62/><E125/><V76/><F121/><W108/><G108/><T95/><D47/><U21/><E35/><V43/><F30/><W77/><G98/><T9/><D54/><U120/><E34/><V31/><F31/><W127/><G10/><T80/><D80/><U23/><E120/><V13/><F43/><W14/><G14/><T126/><D126/><N who="3" m="48169" /><G18/><T123/><D123/><U107/><E107/><V111/><F37/><W90/><G90/><T69/><D69/><U28/><E28/><V71/><F71/><W72/><G36/><T92/><D92/><U118/><E118/><V106/><F106/><W65/><AGARI ba="1,2" hai="24,25,26,41,42,59,61,65,72,77,83" m="48169" machi="65" ten="30,11700,0" yaku="18,1,52,3" doraHai="135" who="3" fromWho="3" sc="159,-40,277,-40,307,-40,237,140" owari="119,-38.1,237,-16.3,267,6.7,377,47.7" /></mjloggm>