<mjloggm ver="2.3"><GO type="225" lobby="0"/><UN n0="%73%6C%69%63%6B%33%31%39" n1="%43%68%65" n2="%E9%80%9F%E6%B0%B4%E5%87%9B%E9%A6%99" n3="%6D%75%75%6D%75%72%61" dan="16,16,16,17" rate="2155.44,2143.05,2071.70,2195.37" sx="M,M,F,F"/><TAIKYOKU oya="0"/><INIT seed="0,0,0,5,1,101" ten="250,250,250,250" oya="0" hai0="56,125,58,112,12,102,35,15,83,111,41,118,50" hai1="36,126,39,18,44,30,67,93,46,1,34,95,51" hai2="104,132,43,117,55,103,7,21,25,122,108,49,71" hai3="4,57,6,98,65,114,60,37,24,2,19,64,129"/><T17/><D112/><U130/><E1/><V135/><F122/><W105/><G114/><T16/><D118/><U94/><E130/><V28/><F7/><W113/><G113/><T66/><D35/><U131/><E131/><V87/><F71/><W81/><G129/><T40/><D125/><U63/><E126/><V96/><F117/><W115/><G115/><T48/><D102/><U134/><E134/><V119/><F119/><W0/><G37/><T120/><D83/><U74/><E74/><V133/><F108/><W61/><G81/><T84/><D84/><U14/><E30/><V29/><F87/><W10/><G24/><T31/><D31/><U79/><E79/><V85/><F85/><W72/><G19/><T26/><D26/><U3/><E3/><V54/><REACH who="2" step="1"/><F28/><REACH who="2" ten="250,250,240,250" step="2"/><W13/><G4/><T22/><D120/><U78/><E78/><V73/><F73/><W92/><G72/><T23/><REACH who="0" step="1"/><D66/><REACH who="0" ten="240,250,240,250" step="2"/><U128/><E67/><V9/><F9/><W33/><G65/><T97/><D97/><U88/><E128/><V77/><F77/><W32/><G64/><T8/><D8/><U45/><E39/><V20/><F20/><W91/><G10/><T100/><D100/><U110/><E36/><V47/><AGARI ba="0,2" hai="21,25,29,43,47,49,54,55,96,103,104,132,133,135" machi="47" ten="40,8000,1" yaku="1,1,0,1,20,1,52,1,53,0" doraHai="101" doraHaiUra="86" who="2" fromWho="2" sc="240,-40,250,-20,240,100,250,-20" /><INIT seed="1,0,0,4,5,68" ten="200,230,340,230" oya="1" hai0="109,32,5,100,6,132,2,59,30,79,96,116,128" hai1="36,16,39,126,10,88,85,89,25,134,52,133,78" hai2="64,97,48,23,63,17,86,55,40,71,121,31,67" hai3="8,69,113,28,61,75,72,35,65,0,112,104,135"/><U114/><E114/><V21/><F121/><W45/><G135/><N who="1" m="51722" /><E126/><V118/><F118/><W99/><G45/><T24/><D116/><U34/><E78/><V33/><F40/><W81/><G0/><T107/><D132/><U54/><E34/><V66/><F33/><W53/><G8/><T9/><D109/><U13/><E25/><N who="2" m="16815" /><F71/><W130/><G53/><N who="1" m="20586" /><E89/><V20/><F97/><W123/><G123/><T43/><D128/><U46/><E46/><N who="2" m="28055" /><F86/><W108/><G108/><T56/><D43/><U119/><E119/><V37/><F37/><W14/><G130/><T93/><D107/><U101/><E101/><V15/><F63/><W57/><G35/><T42/><D42/><U76/><E76/><V95/><F95/><AGARI ba="0,0" hai="10,13,16,36,39,85,88,95" m="20586,51722" machi="95" ten="30,18000,2" yaku="20,1,52,2,54,3" doraHai="68" who="1" fromWho="2" sc="200,0,230,180,340,-180,230,0" /><INIT seed="1,1,0,0,3,90" ten="200,410,160,230" oya="1" hai0="76,24,68,108,58,96,54,78,69,116,41,135,88" hai1="109,92,62,75,86,110,127,73,14,66,87,23,28" hai2="106,112,12,2,67,103,133,123,113,81,55,130,15" hai3="5,61,34,32,71,134,42,17,131,98,132,20,29"/><U100/><E127/><V8/><F123/><W74/><G131/><T65/><D116/><U25/><E14/><V57/><F130/><W97/><G74/><T4/><D4/><U9/><E9/><V114/><F67/><N who="3" m="41455" /><G42/><T16/><D41/><U44/><E44/><V95/><F106/><W126/><G5/><T129/><D129/><U11/><E11/><V83/><F2/><W37/><G37/><T91/><D65/><U3/><E87/><V13/><F8/><W124/><G29/><T117/><D117/><U122/><E122/><V85/><F133/><N who="3" m="51307" /><G97/><T21/><D91/><N who="1" m="53367" /><E100/><V50/><REACH who="2" step="1"/><F85/><REACH who="2" ten="200,410,150,230" step="2"/><W22/><G126/><T59/><D135/><U38/><E3/><V120/><F120/><W10/><G124/><T26/><D108/><N who="1" m="41579" /><E38/><V36/><F36/><W104/><G10/><T31/><D68/><AGARI ba="1,1" hai="23,25,28,62,66,68,73,75" m="41579,53367" machi="68" ten="30,5800,0" yaku="14,1,10,1,52,1" doraHai="90" who="1" fromWho="0" sc="200,-61,410,71,150,0,230,0" /><INIT seed="1,2,0,5,1,68" ten="139,481,150,230" oya="1" hai0="131,106,117,120,76,37,93,57,44,46,24,59,82" hai1="84,9,101,16,109,51,98,61,75,12,6,53,80" hai2="48,63,86,81,134,62,126,13,65,40,66,88,25" hai3="60,124,127,50,0,2,17,97,85,114,129,27,19"/><U132/><E75/><V102/><F134/><W74/><G114/><T72/><D117/><U89/><E132/><V125/><F102/><W38/><G74/><T113/><D113/><U15/><E109/><V110/><F110/><W99/><G50/><T116/><D116/><U73/><E73/><V5/><F25/><W21/><G85/><T70/><D106/><U52/><E61/><N who="2" m="23051" /><F126/><N who="3" m="48171" /><G60/><T3/><D70/><U1/><E1/><N who="3" m="618" /><G38/><T92/><D3/><U30/><E30/><V115/><F115/><W32/><G32/><T95/><D131/><U10/><E51/><V33/><F33/><W87/><G129/><T8/><D120/><U78/><E78/><V58/><F125/><W90/><G17/><T100/><D100/><U108/><E108/><V91/><F91/><W42/><G42/><T69/><D69/><U128/><E128/><V121/><F121/><W4/><G4/><T36/><D72/><U28/><E28/><V31/><F31/><W111/><G111/><T7/><D37/><U29/><E29/><V22/><F5/><W41/><G41/><T49/><D36/><U105/><AGARI ba="2,0" hai="6,9,10,12,15,16,52,53,80,84,89,98,101,105" machi="105" ten="20,7800,0" yaku="0,1,7,1,54,2" doraHai="68" who="1" fromWho="1" sc="139,-28,481,84,150,-28,230,-28" /><INIT seed="1,3,0,0,1,127" ten="111,565,122,202" oya="1" hai0="132,126,93,102,52,111,86,105,22,27,104,124,39" hai1="32,71,98,107,95,54,109,101,70,122,24,55,21" hai2="114,57,53,15,38,62,113,83,5,128,44,79,43" hai3="85,3,9,31,6,75,1,82,106,69,30,129,68"/><U25/><E122/><V123/><F123/><W64/><G75/><T13/><D39/><U110/><E107/><V97/><F97/><W135/><G1/><T45/><D111/><N who="1" m="42507" /><E32/><V100/><F100/><W74/><G74/><T19/><D132/><U26/><E21/><V8/><REACH who="2" step="1"/><F128/><REACH who="2" ten="111,565,112,202" step="2"/><W28/><G129/><T12/><D105/><U37/><E37/><V50/><F50/><W84/><G106/><T56/><D104/><U36/><E36/><V34/><F34/><W67/><G135/><T119/><D119/><U35/><E35/><V11/><F11/><W89/><G84/><AGARI ba="3,1" hai="5,8,15,38,43,44,53,57,62,79,83,84,113,114" machi="84" ten="40,2600,0" yaku="1,1,53,1" doraHai="127" doraHaiUra="42" who="2" fromWho="3" sc="111,0,565,0,112,45,202,-35" /><INIT seed="2,0,0,4,5,99" ten="111,565,157,167" oya="2" hai0="81,79,82,2,67,57,62,33,118,22,135,61,86" hai1="113,93,32,49,30,11,100,115,127,107,103,95,36" hai2="114,75,17,24,69,15,10,63,56,34,121,68,35" hai3="123,29,124,40,4,16,65,132,74,53,28,91,108"/><V97/><F75/><W48/><G123/><T119/><D135/><U47/><E36/><V133/><F114/><W88/><G132/><T129/><D129/><U42/><E127/><V84/><F121/><W112/><G74/><T76/><D33/><U13/><E30/><N who="3" m="11882" /><G124/><T25/><D2/><U9/><E32/><V111/><F133/><W120/><G120/><T5/><D5/><U37/><E37/><V43/><F43/><W45/><G112/><T83/><D62/><U77/><E77/><V89/><F111/><W92/><G108/><T87/><REACH who="0" step="1"/><D82/><REACH who="0" ten="101,565,157,167" step="2"/><U60/><E60/><V104/><F35/><W12/><G4/><T110/><D110/><U6/><E6/><V31/><F34/><W50/><G65/><T98/><D98/><U134/><E134/><V64/><F97/><W59/><G92/><T131/><D131/><U126/><E95/><V55/><F104/><W27/><G27/><T72/><D72/><U80/><E93/><V7/><F7/><W90/><G90/><T70/><D70/><U26/><E26/><V101/><F64/><W46/><G59/><T51/><D51/><U109/><E109/><V20/><F68/><W66/><G66/><T18/><AGARI ba="0,1" hai="18,22,25,57,61,67,76,79,81,83,86,87,118,119" machi="18" ten="30,4000,0" yaku="1,1,0,1,9,1,53,0" doraHai="99" doraHaiUra="85" who="0" fromWho="0" sc="101,50,565,-10,157,-20,167,-10" /><INIT seed="3,0,0,0,1,46" ten="151,555,137,157" oya="3" hai0="60,43,37,69,1,5,50,20,91,25,4,135,6" hai1="10,16,38,105,87,75,112,72,30,63,7,92,88" hai2="54,2,57,13,109,102,98,89,122,103,67,3,74" hai3="114,134,99,117,79,124,100,18,24,97,62,82,21"/><W33/><G114/><T113/><D37/><U132/><E105/><V121/><F74/><W56/><G117/><T55/><D113/><U123/><E38/><V0/><F67/><W49/><G124/><T53/><D1/><N who="2" m="258" /><V48/><DORA hai="108" /><F109/><W45/><G33/><T104/><D104/><U118/><E88/><V66/><F66/><W42/><G134/><T84/><D135/><U83/><E16/><V26/><F26/><W40/><G40/><T96/><D69/><U133/><E123/><N who="2" m="47115" /><F13/><W93/><G99/><T52/><D96/><U47/><E63/><V39/><F39/><W15/><G15/><T85/><D60/><U73/><E47/><V59/><F59/><W58/><G62/><T8/><D8/><U95/><E95/><AGARI ba="0,0" hai="48,54,57,89,95,98,102,103" m="47115,258" machi="95" ten="50,3200,0" yaku="13,1,52,1" doraHai="46,108" who="2" fromWho="1" sc="151,0,555,-32,137,32,157,0" owari="151,-34.9,523,62.3,169,-3.1,157,-24.3" /></mjloggm>