<mjloggm ver="2.3"><GO type="225" lobby="0"/><UN n0="%73%61%6B%6F%EF%BC%A0%E6%9C%80" n1="%73%69%72%6F%75%74" n2="%E3%81%B8%E3%82%80%E3%81%B8%E3%82%80%EF%BC%92%E5%8F%B7" n3="%E4%B8%8B%E6%AE%B5%E3%83%81%E3%82%A7%E3%83%AA%E3%83%BC" dan="16,16,17,16" rate="2157.34,2036.91,2185.33,2147.58" sx="M,M,M,M"/><TAIKYOKU oya="0"/><INIT seed="0,0,0,1,2,69" ten="250,250,250,250" oya="0" hai0="96,125,66,132,62,60,14,105,31,29,104,89,95" hai1="5,81,124,91,21,133,103,122,9,48,30,101,102" hai2="33,46,63,11,83,56,126,135,79,10,107,28,43" hai3="119,53,123,7,129,0,2,54,40,55,20,82,61"/><T121/><D121/><U25/><E133/><V127/><F107/><W97/><G119/><T6/><D125/><N who="2" m="47626" /><F28/><W19/><G123/><T111/><D132/><U86/><E124/><V120/><F33/><W26/><G129/><T128/><D111/><U24/><E122/><V112/><F112/><W92/><G82/><T77/><D128/><U12/><E48/><N who="2" m="26719" /><F135/><W65/><G7/><T93/><D77/><U3/><E3/><V15/><F15/><W18/><G40/><T13/><D6/><U57/><E57/><V41/><F41/><W8/><G8/><T51/><D51/><U75/><E75/><N who="2" m="43519" /><F120/><W44/><G44/><T84/><D84/><U22/><REACH who="1" step="1"/><E103/><REACH who="1" ten="250,240,250,250" step="2"/><V110/><F110/><W17/><G0/><T37/><D89/><U113/><E113/><V45/><F45/><W117/><G2/><T42/><D42/><U49/><E49/><V106/><F106/><W98/><G117/><T35/><D105/><U34/><E34/><V4/><F4/><W74/><G74/><T116/><D104/><U87/><E87/><V85/><F85/><W16/><REACH who="3" step="1"/><G92/><REACH who="3" ten="250,240,250,240" step="2"/><T47/><D95/><U108/><E108/><V78/><F78/><W38/><G38/><T72/><D37/><U131/><E131/><V118/><F118/><W114/><G114/><T27/><D93/><U52/><E52/><AGARI ba="0,2" hai="10,11,52,56,63" m="43519,26719,47626" machi="52" ten="30,2000,0" yaku="18,1,54,1" doraHai="69" who="2" fromWho="1" sc="250,0,240,-20,250,40,240,0" /><INIT seed="1,0,0,3,2,8" ten="250,220,290,240" oya="1" hai0="77,13,111,123,83,22,84,12,72,40,6,92,73" hai1="69,56,11,47,14,87,114,38,36,50,100,35,132" hai2="110,29,44,134,66,10,53,2,90,0,74,122,107" hai3="125,127,115,24,18,57,51,103,118,21,108,41,42"/><U95/><E114/><V124/><F122/><W88/><G115/><T54/><D123/><U7/><E69/><V5/><F107/><W113/><G113/><T52/><D111/><U89/><E132/><V17/><F74/><W15/><G108/><T45/><D73/><U129/><E129/><V91/><F66/><W101/><G118/><T97/><D72/><U67/><E35/><V96/><F96/><W117/><G117/><T93/><D6/><U49/><E100/><N who="3" m="38474" /><G24/><T46/><D22/><U116/><E116/><V105/><F29/><W94/><G127/><T34/><D34/><U23/><E23/><V70/><F70/><W63/><G125/><T9/><D9/><U31/><E31/><V131/><F124/><W126/><G126/><T4/><D4/><U65/><E49/><V82/><F5/><W3/><G3/><T109/><D109/><U75/><E75/><V1/><F1/><W58/><G51/><N who="0" m="28783" /><D40/><N who="3" m="15465" /><G63/><T20/><D20/><U27/><E27/><V76/><F0/><W68/><G68/><T79/><D79/><U71/><E71/><V59/><F76/><W19/><G19/><T130/><D130/><U98/><E47/><V43/><F44/><W135/><G135/><T37/><D37/><U30/><E30/><V61/><F134/><W16/><G18/><T39/><D39/><U48/><E48/><V99/><F110/><W81/><G81/><T104/><D104/><U55/><E55/><V80/><F53/><W121/><G121/><T133/><D133/><U28/><E36/><V62/><F131/><W128/><G128/><T119/><D119/><RYUUKYOKU ba="0,0" sc="250,-10,220,-10,290,-10,240,30" hai3="15,16,21,57,58,88,94" /><INIT seed="2,1,0,2,5,131" ten="240,210,280,270" oya="2" hai0="69,34,81,6,13,5,26,36,43,121,28,46,123" hai1="91,135,70,87,71,2,53,101,51,102,82,111,45" hai2="96,64,68,130,126,21,17,72,11,124,112,103,31" hai3="118,125,15,134,89,40,42,119,44,122,133,95,98"/><V7/><F112/><W47/><G122/><T41/><D69/><U67/><E2/><V104/><F72/><W25/><G25/><T62/><D43/><U58/><E111/><V97/><F97/><W19/><G125/><N who="2" m="48233" /><F31/><W74/><G74/><T9/><D6/><U27/><E70/><V52/><F130/><W4/><G4/><T110/><D110/><U16/><E71/><V129/><F129/><W8/><G42/><T83/><REACH who="0" step="1"/><D62/><REACH who="0" ten="230,210,280,270" step="2"/><N who="1" m="38359" /><E135/><N who="3" m="51722" /><G44/><T29/><D29/><U61/><E61/><V0/><F68/><W56/><G56/><T78/><D78/><U14/><E27/><V128/><F128/><W66/><G66/><T22/><D22/><AGARI ba="1,1" hai="14,16,22,45,51,53,82,87,91,101,102" m="38359" machi="22" ten="30,2000,0" yaku="8,1,54,1" doraHai="131" who="1" fromWho="0" sc="230,-23,210,33,280,0,270,0" /><INIT seed="3,0,0,2,1,2" ten="207,243,280,270" oya="3" hai0="29,129,17,103,128,93,8,28,16,119,75,20,111" hai1="97,92,24,14,118,106,26,115,46,60,31,50,66" hai2="33,64,3,77,80,99,52,42,58,23,88,69,79" hai3="123,98,19,43,135,27,44,21,112,85,12,32,134"/><W73/><G73/><T34/><D75/><U95/><E115/><V130/><F33/><W101/><G112/><T10/><D103/><U25/><E14/><V37/><F3/><W18/><G123/><T87/><D93/><U96/><E118/><V53/><F130/><N who="0" m="50282" /><D87/><U63/><E106/><V6/><F6/><W71/><G71/><T132/><D119/><U127/><E127/><V13/><F69/><W40/><G85/><T108/><D132/><N who="3" m="50729" /><G44/><T54/><D54/><N who="1" m="30039" /><E31/><N who="0" m="11849" /><D34/><U76/><E76/><V114/><F42/><W78/><G78/><T59/><D59/><U38/><E38/><V49/><F37/><W81/><G81/><T55/><D55/><U22/><E66/><V57/><F64/><W70/><G70/><T15/><D10/><U104/><E104/><V0/><F114/><W84/><G84/><T39/><D39/><U82/><E82/><V67/><F67/><W113/><G32/><T116/><D116/><U4/><E95/><V7/><F79/><W83/><G83/><T100/><D100/><U5/><E92/><V89/><F80/><W102/><G113/><T131/><N who="0" m="50290" /><T125/><DORA hai="121" /><D125/><U35/><E35/><V109/><F77/><W91/><G91/><T36/><D36/><U107/><E107/><V72/><F89/><W61/><G102/><T65/><D65/><U126/><E126/><V90/><F88/><W9/><G61/><N who="1" m="23626" /><E97/><V56/><F99/><W74/><G74/><T1/><D1/><U41/><E96/><V124/><F90/><W48/><G48/><T47/><D47/><U120/><E120/><V45/><F124/><RYUUKYOKU ba="0,0" sc="207,15,243,-15,280,-15,270,15" hai0="8,15,16,17,20,108,111" hai3="9,12,18,19,21,27,40,43,98,101" /><INIT seed="3,1,0,5,2,66" ten="222,228,265,285" oya="3" hai0="93,131,61,38,24,86,25,129,74,3,119,128,57" hai1="56,91,0,31,110,67,50,106,44,104,89,99,79" hai2="2,62,69,98,59,58,87,37,77,11,5,134,13" hai3="81,88,126,132,94,85,43,82,96,111,9,70,105"/><W39/><G70/><T29/><D74/><U60/><E0/><V73/><F73/><W118/><G118/><T71/><D119/><U20/><E110/><V47/><F134/><W133/><G111/><T90/><D38/><U83/><E104/><V42/><F98/><W95/><G126/><T109/><D3/><U26/><E106/><V122/><F122/><W76/><G9/><T120/><D120/><U46/><E99/><V45/><F45/><N who="3" m="23807" /><G105/><T48/><D109/><U101/><E101/><V28/><F28/><W116/><G116/><T121/><D121/><U125/><E125/><V103/><F103/><N who="3" m="60823" /><G76/><T10/><D10/><U68/><E46/><V75/><F87/><W123/><G123/><T40/><D40/><U84/><REACH who="1" step="1"/><E68/><REACH who="1" ten="222,218,265,285" step="2"/><V52/><F69/><W51/><G132/><T54/><D29/><U12/><E12/><V55/><F13/><W23/><G133/><T1/><D1/><U22/><E22/><V72/><F77/><W21/><G21/><T15/><D15/><U17/><E17/><V7/><F7/><W100/><G23/><T107/><D107/><U27/><E27/><V16/><F16/><W63/><G100/><T78/><D78/><U65/><E65/><AGARI ba="1,1" hai="24,25,48,54,57,61,65,71,86,90,93,128,129,131" machi="65" ten="40,2600,0" yaku="19,1,52,1" doraHai="66" who="0" fromWho="1" sc="222,39,218,-29,265,0,285,0" /><INIT seed="4,0,0,2,0,51" ten="261,189,265,285" oya="0" hai0="80,42,13,118,106,14,121,116,124,135,128,2,66" hai1="16,89,108,9,62,71,27,131,132,55,54,107,53" hai2="0,39,63,123,3,72,98,10,125,34,105,94,40" hai3="52,24,49,111,120,114,35,95,57,77,29,45,46"/><T23/><D106/><U110/><E107/><V7/><F123/><W67/><G111/><T22/><D42/><U92/><E131/><V103/><F125/><W65/><G120/><T36/><D66/><U97/><E132/><V69/><F94/><W88/><G114/><T4/><D36/><U75/><E75/><V15/><F72/><W5/><G5/><T115/><D80/><U109/><E71/><V19/><F34/><W20/><G77/><T41/><D41/><U79/><E79/><V113/><F113/><W8/><G8/><N who="0" m="2071" /><D115/><U90/><E90/><V83/><F83/><W78/><G78/><T76/><D76/><U48/><E48/><V47/><REACH who="2" step="1"/><F7/><REACH who="2" ten="261,189,255,285" step="2"/><W56/><G35/><T130/><D121/><U81/><E81/><V64/><AGARI ba="0,1" hai="0,3,10,15,19,39,40,47,63,64,69,98,103,105" machi="64" ten="30,4000,0" yaku="1,1,2,1,0,1,53,0" doraHai="51" doraHaiUra="104" who="2" fromWho="2" sc="261,-20,189,-10,255,50,285,-10" owari="241,-15.9,179,-32.1,305,40.5,275,7.5" /></mjloggm>