<mjloggm ver="2.3"><GO type="225" lobby="0"/><UN n0="%E6%98%93%E5%88%A9%E8%96%A9%E4%BC%AF" n1="%6D%75%75%73%61%6E%6D%75" n2="%E3%81%A4%E3%81%A3%E3%81%B1%E3%82%8A%E3%83%9D%E3%83%BC%E3%83%AB" n3="%E6%A1%9C%E8%8A%B1%E9%96%83%E3%80%85" dan="16,16,17,16" rate="2076.66,2150.72,2230.30,2207.21" sx="F,F,M,M"/><TAIKYOKU oya="0"/><INIT seed="0,0,0,0,0,46" ten="250,250,250,250" oya="0" hai0="19,40,47,10,50,22,104,4,7,103,120,16,38" hai1="106,76,55,5,102,72,95,13,98,14,1,29,97" hai2="34,58,73,51,64,132,62,63,113,79,89,107,30" hai3="77,94,131,75,71,15,57,3,36,41,109,112,59"/><T114/><D114/><U90/><E1/><V26/><F113/><W88/><G3/><T86/><D120/><U28/><E72/><V130/><F132/><W61/><G112/><T92/><D104/><U127/><E76/><V133/><F133/><W6/><G109/><T80/><D38/><U82/><E82/><V111/><F111/><W100/><G131/><T93/><D10/><U21/><E127/><V27/><F107/><W17/><G6/><N who="0" m="2091" /><D103/><U24/><E5/><V43/><F130/><W42/><G100/><T78/><D19/><U91/><E29/><V2/><F2/><W37/><G71/><T125/><D125/><U54/><E91/><V124/><F89/><W66/><G59/><T128/><D128/><U108/><E108/><V69/><F124/><W56/><G56/><T135/><D135/><U20/><E20/><V74/><F79/><W9/><G77/><T70/><D70/><U48/><REACH who="1" step="1"/><E55/><REACH who="1" ten="250,240,250,250" step="2"/><V126/><F126/><W83/><G75/><T119/><D119/><U53/><E53/><V39/><F74/><W117/><G117/><T81/><D80/><U115/><E115/><V35/><F73/><W105/><G83/><T23/><D23/><U99/><E99/><V122/><F30/><W123/><G9/><T0/><D0/><U84/><E84/><V87/><F87/><W65/><G123/><T96/><D96/><U129/><E129/><V85/><F85/><W110/><G110/><T121/><D121/><U118/><E118/><V25/><F122/><W49/><G88/><T52/><D52/><U68/><E68/><V60/><F69/><RYUUKYOKU ba="0,1" sc="250,15,240,15,250,-15,250,-15" hai0="16,22,40,47,50,78,81,86,92,93" hai1="13,14,21,24,28,48,54,90,95,97,98,102,106" /><INIT seed="0,1,1,1,4,4" ten="265,255,235,235" oya="0" hai0="78,24,36,56,90,118,59,95,126,61,66,93,10" hai1="109,133,131,28,62,23,3,60,113,129,38,74,20" hai2="1,123,64,97,55,80,25,128,89,33,103,47,49" hai3="34,65,52,119,94,48,112,130,92,12,101,17,9"/><T18/><D118/><U79/><E3/><V82/><F123/><W102/><G112/><T63/><D126/><U44/><E113/><V26/><F128/><N who="1" m="49225" /><E109/><V16/><F1/><W58/><G130/><T15/><D36/><U21/><E133/><V37/><F37/><W76/><G119/><T29/><D78/><U110/><E110/><V120/><F120/><W53/><G34/><T83/><D83/><N who="1" m="45559" /><E28/><V106/><F64/><W87/><G65/><T111/><D111/><U132/><E132/><V117/><F117/><W45/><G76/><T41/><D41/><AGARI ba="1,1" hai="20,21,23,38,41,44,60,62" m="45559,49225" machi="41" ten="30,1000,0" yaku="19,1" doraHai="4" who="1" fromWho="0" sc="265,-13,255,23,235,0,235,0" /><INIT seed="1,0,0,3,0,107" ten="252,278,235,235" oya="1" hai0="18,126,79,108,43,8,37,0,53,27,60,92,20" hai1="72,94,62,29,82,6,36,74,14,88,26,131,9" hai2="83,75,19,39,71,59,15,17,106,70,125,21,65" hai3="103,16,97,89,64,31,104,85,109,35,44,5,105"/><U68/><E36/><V90/><F125/><W135/><G109/><T49/><D108/><U122/><E122/><V23/><F106/><W34/><G135/><T98/><D126/><U55/><E131/><V111/><F39/><W121/><G121/><T110/><D110/><U113/><E113/><V73/><F111/><W10/><G105/><T112/><D112/><U120/><E120/><V61/><F90/><W116/><G116/><T28/><D79/><U134/><E82/><V118/><F118/><W80/><G64/><T50/><D43/><U42/><E42/><V117/><F117/><W47/><G16/><T133/><D37/><U57/><E68/><V132/><F132/><W24/><REACH who="3" step="1"/><G34/><REACH who="3" ten="252,278,235,225" step="2"/><T124/><D133/><U46/><E134/><V22/><F22/><W115/><G115/><T76/><D124/><U13/><E13/><AGARI ba="0,1" hai="5,10,13,24,31,35,44,47,80,85,89,97,103,104" machi="13" ten="30,2000,0" yaku="1,1,7,1,53,0" doraHai="107" doraHaiUra="63" who="3" fromWho="1" sc="252,0,278,-20,235,0,225,30" /><INIT seed="2,0,0,1,5,124" ten="252,258,235,255" oya="2" hai0="21,59,99,13,110,91,104,95,84,67,44,96,0" hai1="58,87,94,42,2,48,120,92,39,66,10,6,34" hai2="14,128,32,74,17,126,68,53,27,80,33,12,133" hai3="105,78,28,129,20,131,1,41,16,40,26,89,135"/><V73/><F68/><W22/><G135/><T121/><D0/><U77/><E34/><V43/><F43/><W24/><G1/><T134/><D121/><U19/><E120/><V65/><F65/><W109/><G109/><T86/><D110/><U98/><E39/><V30/><F133/><W123/><G123/><T64/><D134/><U75/><E75/><V88/><F33/><W127/><G127/><T117/><D44/><U3/><E3/><V45/><F126/><W55/><G105/><T132/><D117/><U35/><E35/><V116/><F116/><W125/><G125/><T25/><D13/><U5/><E5/><V83/><F14/><W11/><G11/><T100/><D132/><U9/><E42/><V47/><F47/><W7/><G7/><T52/><D67/><U4/><E19/><V8/><F128/><N who="3" m="49227" /><G78/><T112/><D64/><U72/><E72/><V18/><F18/><W101/><G101/><T63/><REACH who="0" step="1"/><D112/><REACH who="0" ten="242,258,235,255" step="2"/><U90/><E66/><V113/><F113/><W62/><G89/><T57/><D57/><AGARI ba="0,1" hai="16,20,22,24,26,28,40,41,55,57,62" m="49227" machi="57" ten="30,8000,1" yaku="19,1,52,3,54,1" doraHai="124" who="3" fromWho="0" sc="242,-80,258,0,235,0,255,90" /><INIT seed="3,0,0,0,2,31" ten="162,258,235,345" oya="3" hai0="70,113,117,2,133,43,129,66,78,81,72,51,46" hai1="83,103,63,15,25,123,128,108,107,127,32,60,33" hai2="121,76,13,80,5,98,24,122,135,20,36,19,40" hai3="12,95,69,118,67,110,114,134,3,41,23,8,21"/><W120/><G118/><T125/><D117/><U97/><E123/><N who="2" m="47115" /><F135/><W38/><G114/><T105/><D133/><U71/><E108/><V90/><F40/><W132/><G3/><T109/><D113/><U6/><E127/><V65/><F65/><W101/><G120/><T17/><D109/><U55/><E128/><V52/><F36/><W64/><G95/><T7/><D125/><U91/><E71/><V96/><F90/><W116/><G101/><T61/><D129/><U4/><E55/><V99/><F5/><W47/><G69/><T50/><D17/><U48/><E6/><V58/><F24/><W34/><G67/><T29/><D29/><U115/><E25/><V77/><F80/><W10/><G64/><T75/><D75/><U62/><E115/><V86/><F86/><W93/><G41/><T131/><D105/><U88/><E48/><AGARI ba="0,0" hai="13,19,20,48,52,58,76,77,96,98,99" m="47115" machi="48" ten="30,2000,0" yaku="13,1,54,1" doraHai="31" who="2" fromWho="1" sc="162,0,258,-20,235,20,345,0" owari="162,-33.8,238,-16.2,255,5.5,345,44.5" /></mjloggm>