<mjloggm ver="2.3"><GO type="225" lobby="0"/><UN n0="%E6%B4%BE%E9%81%A3%E3%81%AE%E3%82%B8%E3%83%A3%E3%83%83%E3%82%AF" n1="%E3%81%B5%E3%81%98%E3%81%8B%E3%81%A4" n2="%4C%4F%4C%49%54%41" n3="%E5%8F%AF%E5%85%90%E9%82%A3%E7%94%B1%E5%A4%9A" dan="17,16,16,17" rate="2180.79,2130.73,2163.66,2144.08" sx="M,M,F,F"/><TAIKYOKU oya="0"/><INIT seed="0,0,0,2,4,132" ten="250,250,250,250" oya="0" hai0="126,113,32,85,81,125,93,55,13,0,130,28,23" hai1="100,102,123,75,61,45,4,65,56,117,73,74,6" hai2="27,135,121,104,103,48,18,35,50,79,118,105,95" hai3="77,107,134,84,58,16,31,131,11,63,89,99,60"/><T69/><D113/><U101/><E123/><V106/><F121/><W116/><G116/><T34/><D69/><U82/><E117/><V29/><F118/><W36/><G134/><T83/><D0/><U122/><E122/><V78/><F135/><W129/><G36/><T124/><D130/><N who="3" m="49673" /><G31/><T9/><D93/><U41/><REACH who="1" step="1"/><E82/><REACH who="1" ten="250,240,250,250" step="2"/><V110/><F110/><W120/><G120/><T20/><D81/><U8/><E8/><V3/><F78/><W67/><G11/><T62/><D83/><U70/><E70/><V115/><F79/><W112/><G77/><T17/><D85/><U1/><E1/><V90/><F3/><W42/><G84/><T5/><D28/><U51/><AGARI ba="0,1" hai="4,6,41,45,51,56,61,65,73,74,75,100,101,102" machi="51" ten="40,2700,0" yaku="1,1,0,1,53,0" doraHai="132" doraHaiUra="108" who="1" fromWho="1" sc="250,-13,240,37,250,-7,250,-7" /><INIT seed="1,0,0,5,2,41" ten="237,277,243,243" oya="1" hai0="38,116,128,60,58,99,22,17,87,90,72,47,40" hai1="76,131,118,4,25,132,89,95,114,43,31,133,92" hai2="49,46,33,117,103,29,64,91,3,127,45,110,134" hai3="109,0,125,121,135,126,18,57,14,129,53,9,78"/><U59/><E118/><V56/><F117/><W122/><G78/><T67/><D116/><U80/><E114/><V111/><F3/><W63/><G109/><N who="2" m="41481" /><F134/><N who="1" m="51817" /><E4/><V120/><F120/><W81/><G135/><T26/><D128/><U94/><E59/><V11/><F127/><N who="3" m="48651" /><G129/><T37/><D72/><N who="1" m="43015" /><E43/><V5/><F103/><W106/><G81/><T79/><D79/><U119/><E119/><V51/><F91/><W73/><G73/><T77/><D77/><U55/><E55/><V66/><F29/><W107/><G0/><T1/><D1/><U54/><E54/><N who="2" m="29999" /><F33/><W34/><G34/><T88/><D37/><U27/><E131/><V61/><F64/><W32/><G32/><T69/><D69/><U108/><E108/><V113/><F113/><W23/><G23/><T20/><D20/><N who="1" m="15783" /><E27/><V8/><F5/><W75/><G75/><T10/><D10/><U15/><E15/><V44/><F44/><W6/><G6/><T93/><REACH who="0" step="1"/><D90/><AGARI ba="0,0" hai="89,90,92,94,95" m="15783,43015,51817" machi="90" ten="30,1500,0" yaku="20,1" doraHai="41" who="1" fromWho="0" sc="237,-15,277,15,243,0,243,0" /><INIT seed="1,1,0,0,1,63" ten="222,292,243,243" oya="1" hai0="85,35,93,97,50,61,16,19,107,131,116,117,81" hai1="83,71,9,42,75,127,110,89,74,27,101,34,118" hai2="119,7,120,114,30,52,133,121,4,43,13,106,25" hai3="109,26,62,60,45,76,55,15,102,68,104,82,111"/><U73/><E118/><V129/><F119/><W96/><G15/><T58/><D107/><U77/><E71/><V128/><F106/><W67/><G26/><T23/><D35/><U100/><E42/><V57/><F133/><W17/><G17/><T1/><D1/><U105/><E9/><N who="2" m="4263" /><F7/><W84/><REACH who="3" step="1"/><G62/><REACH who="3" ten="222,292,243,233" step="2"/><T130/><D117/><U20/><E34/><V78/><F25/><W8/><G8/><T124/><D116/><U94/><E127/><V5/><F30/><W22/><G22/><T2/><D124/><U37/><E27/><V56/><F5/><W70/><G70/><T36/><D2/><U54/><E20/><V134/><F120/><W32/><G32/><T11/><D11/><U0/><E0/><V123/><F121/><W21/><G21/><T90/><D36/><U88/><E37/><V3/><F123/><W28/><G28/><T6/><D6/><U98/><E110/><V113/><F3/><W59/><G59/><T108/><D108/><U44/><E44/><V99/><F56/><W41/><G41/><T46/><D23/><U65/><E54/><V48/><F43/><W132/><G132/><T49/><D46/><U115/><E115/><N who="2" m="44043" /><F134/><W40/><G40/><T125/><D125/><U29/><E29/><V33/><F33/><W92/><G92/><T72/><D19/><U91/><E65/><V12/><F12/><W112/><G112/><T53/><D16/><U39/><E39/><V80/><F52/><W86/><G86/><T31/><D31/><U10/><E10/><V95/><F57/><W64/><G64/><T135/><D53/><RYUUKYOKU ba="1,1" sc="222,-15,292,15,243,-15,233,15" hai1="73,74,75,77,83,88,89,91,94,98,100,101,105" hai3="45,55,60,67,68,76,82,84,96,102,104,109,111" /><INIT seed="1,2,1,5,5,26" ten="207,307,228,248" oya="1" hai0="13,110,107,78,97,115,121,79,111,82,90,55,67" hai1="84,35,10,102,85,103,19,89,128,93,76,120,81" hai2="119,62,2,96,3,59,69,32,117,52,88,53,46" hai3="112,109,114,23,41,64,72,11,86,77,70,127,50"/><U129/><E35/><V116/><F32/><W7/><G72/><T24/><D115/><U94/><E19/><V108/><F69/><W25/><G109/><N who="0" m="41483" /><D121/><U57/><E10/><V105/><F108/><W134/><G134/><T80/><D67/><U113/><E57/><V100/><F46/><N who="3" m="25935" /><G127/><T125/><D125/><U91/><E113/><V130/><F130/><N who="1" m="50281" /><E120/><V21/><F53/><W71/><G64/><T45/><D13/><U51/><E51/><V106/><F106/><W123/><G123/><T63/><D24/><U12/><E12/><V20/><REACH who="2" step="1"/><F88/><REACH who="2" ten="207,307,218,248" step="2"/><W74/><G114/><T15/><D107/><U56/><E56/><V58/><F58/><W42/><G112/><T17/><D45/><U8/><E8/><V38/><F38/><W48/><G71/><T131/><D131/><U104/><E104/><V54/><F54/><W4/><G70/><T22/><D55/><U49/><E49/><V33/><F33/><W16/><G11/><T95/><D63/><U18/><E18/><V30/><F30/><W61/><G61/><T9/><D9/><U36/><E36/><V132/><F132/><W28/><G28/><T47/><D47/><U126/><E126/><V73/><F73/><AGARI ba="2,2" hai="73,76,81,84,85,89,91,93,94,102,103" m="50281" machi="73" ten="30,5800,0" yaku="19,1,34,2" doraHai="26" who="1" fromWho="2" sc="207,0,307,84,218,-64,248,0" /><INIT seed="1,3,0,5,4,7" ten="207,391,154,248" oya="1" hai0="108,105,16,5,63,72,102,87,71,52,47,134,111" hai1="37,129,115,43,135,100,9,99,123,70,42,82,116" hai2="32,15,101,126,49,124,93,118,10,69,122,54,33" hai3="103,50,13,39,66,2,55,35,98,30,119,31,88"/><U22/><E123/><V96/><F69/><W34/><G2/><T106/><D72/><U48/><E116/><V84/><F118/><W132/><G119/><T104/><D134/><U78/><E115/><V1/><F1/><W6/><G39/><T29/><D29/><U127/><E70/><V58/><F122/><W125/><G132/><T121/><D121/><U3/><E127/><V61/><F84/><W130/><G125/><N who="2" m="48233" /><F49/><W14/><G130/><T20/><D5/><AGARI ba="3,0" hai="5,10,15,32,33,54,58,61,93,96,101" m="48233" machi="5" ten="30,2000,0" yaku="18,1,52,1" doraHai="7" who="2" fromWho="0" sc="207,-29,391,0,154,29,248,0" /><INIT seed="2,0,0,3,1,58" ten="178,391,183,248" oya="2" hai0="106,66,107,6,24,53,56,44,117,20,27,83,17" hai1="114,61,128,72,33,57,8,37,54,75,93,131,1" hai2="32,109,130,90,84,51,73,63,35,126,96,119,68" hai3="129,0,70,21,104,41,85,82,7,78,108,25,118"/><V15/><F119/><W116/><G104/><T42/><D117/><U36/><E114/><V23/><F73/><N who="1" m="28233" /><E33/><V29/><F126/><W115/><G108/><T45/><D83/><U88/><E8/><V3/><F3/><W28/><G129/><N who="1" m="49738" /><E1/><V12/><F130/><W64/><G115/><T80/><D66/><U124/><E124/><V50/><F96/><AGARI ba="0,0" hai="36,37,54,57,61,88,93,96" m="49738,28233" machi="96" ten="30,3900,0" yaku="19,1,52,1,54,1" doraHai="58" who="1" fromWho="2" sc="178,0,391,39,183,-39,248,0" /><INIT seed="3,0,0,3,5,22" ten="178,430,144,248" oya="3" hai0="34,135,59,17,5,98,108,128,9,2,92,109,75" hai1="124,73,7,57,117,130,42,100,95,110,56,64,85" hai2="107,101,120,55,58,114,77,49,67,36,10,44,4" hai3="116,48,20,26,68,25,62,74,51,113,97,21,106"/><W12/><G113/><T133/><D75/><U96/><E73/><V81/><F114/><W134/><G116/><T0/><D128/><U16/><E130/><V127/><F127/><W94/><G74/><T18/><D34/><U60/><E124/><V78/><F120/><W87/><G134/><N who="0" m="51211" /><D0/><U118/><E110/><N who="0" m="42601" /><D59/><U38/><E7/><V86/><F36/><W53/><G106/><T39/><D39/><U35/><E35/><V126/><F126/><W115/><G115/><T8/><D8/><U50/><E85/><V54/><F107/><W103/><G87/><T89/><AGARI ba="0,0" hai="2,5,9,17,18,89,92,98" m="42601,51211" machi="89" ten="30,2000,0" yaku="20,1,14,1" doraHai="22" who="0" fromWho="0" sc="178,20,430,-5,144,-5,248,-10" owari="198,-20.2,425,52.5,139,-36.1,238,3.8" /></mjloggm>