<mjloggm ver="2.3"><GO type="225" lobby="0"/><UN n0="%E3%83%81%E3%83%AF%E3%83%AF%E9%9A%8A%E9%95%B7" n1="%E6%A1%9C%E8%8A%B1%E9%96%83%E3%80%85" n2="%E5%B3%B6%E7%94%B0%E7%9C%9F%E5%A4%A2" n3="%E5%B8%86%E7%AB%8B%E5%A4%8F%E8%A1%A3" dan="16,16,16,16" rate="2134.05,2213.43,2133.58,2136.14" sx="M,M,F,M"/><TAIKYOKU oya="0"/><INIT seed="0,0,0,5,2,53" ten="250,250,250,250" oya="0" hai0="70,47,56,101,116,2,111,62,43,67,25,10,130" hai1="102,84,83,60,110,0,14,75,8,113,99,97,5" hai2="88,30,122,33,22,127,118,18,34,32,9,91,39" hai3="54,17,68,13,85,11,51,107,12,86,109,46,81"/><T92/><D116/><U44/><E75/><V129/><F122/><W125/><G109/><T21/><D111/><U1/><E110/><V49/><F39/><W133/><G133/><T40/><D130/><U73/><E73/><V16/><F118/><W37/><G125/><T23/><D70/><U94/><E113/><V98/><F127/><W131/><G131/><T15/><D2/><U36/><E97/><V89/><F129/><W90/><G107/><T57/><D47/><U69/><E69/><V120/><F120/><W28/><G68/><T72/><D72/><U93/><E93/><V82/><F98/><W104/><G104/><T106/><D106/><U71/><E60/><V96/><F96/><W105/><G105/><T108/><D108/><U79/><REACH who="1" step="1"/><E71/><REACH who="1" ten="250,240,250,250" step="2"/><V20/><F82/><W95/><G37/><T126/><D92/><U128/><E128/><V121/><F121/><W80/><G28/><T58/><D126/><U134/><E134/><V3/><F30/><W132/><G132/><T87/><D62/><U42/><AGARI ba="0,1" hai="0,1,5,8,14,36,42,44,79,83,84,94,99,102" machi="42" ten="30,2000,0" yaku="1,1,0,1,53,0" doraHai="53" doraHaiUra="29" who="1" fromWho="1" sc="250,-10,240,30,250,-5,250,-5" /><INIT seed="1,0,0,3,3,8" ten="240,270,245,245" oya="1" hai0="134,135,82,108,60,34,76,89,36,38,64,77,17" hai1="14,113,101,23,116,114,1,85,4,24,98,75,109" hai2="39,50,47,15,13,78,71,53,96,95,59,70,19" hai3="93,30,69,73,10,18,29,56,86,106,105,37,3"/><U35/><E75/><V119/><F119/><W54/><G69/><T121/><D34/><U22/><E116/><V122/><F122/><W124/><G124/><T31/><D121/><U88/><E1/><V27/><F78/><N who="0" m="30314" /><D31/><U43/><E43/><V92/><F92/><W57/><G37/><T49/><D108/><U67/><E67/><V12/><F39/><W68/><G68/><T74/><D49/><U5/><E35/><V2/><F2/><W65/><G73/><T133/><D17/><N who="1" m="10551" /><E109/><V99/><F99/><W107/><G65/><T90/><D74/><U25/><E114/><V83/><F83/><W127/><G57/><N who="0" m="36879" /><D89/><U103/><E25/><V87/><F87/><AGARI ba="0,0" hai="36,38,82,87,90,133,134,135" m="36879,30314" machi="87" ten="40,1300,0" yaku="20,1" doraHai="8" who="0" fromWho="2" sc="240,13,270,0,245,-13,245,0" /><INIT seed="2,0,0,0,2,78" ten="253,270,232,245" oya="2" hai0="42,26,70,121,28,16,119,88,64,71,47,10,69" hai1="72,80,30,56,58,116,9,54,129,74,133,124,35" hai2="135,127,118,101,115,31,44,134,43,51,107,38,83" hai3="39,22,106,21,93,112,60,81,8,99,55,57,117"/><V98/><F118/><W1/><G117/><T125/><D121/><U76/><E116/><V46/><F115/><W120/><G120/><T59/><D119/><U19/><E129/><V114/><F114/><W75/><G106/><T61/><D125/><U90/><E124/><V25/><F127/><W96/><G96/><T29/><D29/><U113/><E113/><V23/><REACH who="2" step="1"/><F83/><REACH who="2" ten="253,270,222,245" step="2"/><W128/><G112/><T66/><D69/><U13/><E80/><V131/><F131/><W104/><G81/><T49/><D70/><U82/><E74/><V11/><F11/><W37/><G75/><T41/><D71/><U92/><E9/><V7/><F7/><W20/><G128/><T27/><D10/><U4/><E4/><V45/><F45/><W5/><REACH who="3" step="1"/><G104/><REACH who="3" ten="253,270,222,235" step="2"/><T103/><D103/><AGARI ba="0,2" hai="1,5,8,20,21,22,37,39,55,57,60,93,99,103" machi="103" ten="40,2600,0" yaku="1,1,2,1,53,0" doraHai="78" doraHaiUra="77" who="3" fromWho="0" sc="253,-26,270,0,222,0,235,46" /><INIT seed="3,0,0,4,1,43" ten="227,270,222,281" oya="3" hai0="100,66,89,16,118,33,50,93,44,3,77,86,70" hai1="30,25,45,59,94,104,101,46,10,67,60,8,64" hai2="12,24,113,56,41,23,27,92,55,116,36,125,18" hai3="119,108,98,80,5,49,2,102,95,115,110,83,111"/><W105/><G119/><T7/><D118/><U17/><E104/><V61/><F116/><W131/><G115/><T53/><D33/><U79/><E79/><V4/><F113/><W117/><G117/><T112/><D112/><U71/><E67/><V120/><F120/><W68/><G131/><T121/><D121/><U97/><E71/><V69/><F69/><W14/><G2/><T78/><D100/><U126/><E126/><V35/><F35/><W20/><G68/><T91/><D91/><U11/><REACH who="1" step="1"/><E17/><REACH who="1" ten="227,260,222,281" step="2"/><V130/><F125/><W88/><G105/><T106/><D106/><U129/><E129/><V63/><F130/><W114/><G114/><T72/><D16/><U42/><E42/><V29/><F41/><W84/><G110/><T6/><D66/><U81/><E81/><V58/><F92/><W19/><G83/><T39/><D70/><U47/><E47/><V73/><F73/><W22/><G111/><T31/><D72/><U122/><E122/><V65/><F36/><W128/><G108/><T26/><D39/><U52/><E52/><V135/><F135/><W37/><G37/><T76/><D76/><U28/><E28/><V127/><F127/><W15/><G128/><T134/><D134/><U132/><E132/><V48/><F29/><W133/><G133/><T74/><D77/><U109/><E109/><V40/><REACH who="2" step="1"/><F4/><REACH who="2" ten="227,260,212,281" step="2"/><W96/><G5/><N who="0" m="1547" /><D74/><U85/><E85/><V90/><F90/><W124/><G124/><T38/><D38/><U54/><E54/><V82/><F82/><W103/><G80/><T9/><D53/><U99/><E99/><RYUUKYOKU ba="0,2" sc="227,-15,260,15,212,15,281,-15" hai1="8,10,11,25,30,45,46,59,60,64,94,97,101" hai2="12,18,23,24,27,40,48,55,56,58,61,63,65" /><INIT seed="4,1,2,3,2,102" ten="212,275,227,266" oya="0" hai0="132,80,119,79,13,115,71,93,90,118,97,64,127" hai1="48,23,57,87,99,74,82,56,76,69,131,52,37" hai2="41,34,123,59,40,75,129,65,83,42,63,95,19" hai3="38,16,86,84,5,77,43,54,50,107,12,20,78"/><T30/><D115/><U121/><E121/><V109/><F123/><W113/><G107/><T0/><D0/><U104/><E69/><V124/><F34/><W68/><G68/><T51/><D127/><U44/><E131/><V116/><F116/><W14/><G38/><T106/><D132/><U96/><E74/><V53/><F109/><W85/><G43/><T122/><D122/><U120/><E120/><V98/><F124/><W11/><G113/><T24/><D106/><U32/><E32/><V39/><F39/><W61/><G61/><T27/><D27/><U15/><E104/><V4/><F4/><W94/><G94/><T117/><D13/><U25/><E15/><V33/><F33/><W47/><AGARI ba="1,2" hai="5,11,12,14,16,20,47,50,54,77,78,84,85,86" machi="47" ten="30,4000,0" yaku="0,1,8,1,54,1" doraHai="102" who="3" fromWho="3" sc="212,-21,275,-11,227,-11,266,63" owari="191,-30.9,264,6.4,216,-18.4,329,42.9" /></mjloggm>