<mjloggm ver="2.3"><GO type="225" lobby="0"/><UN n0="%E3%83%94%E3%83%B3%E3%82%B5%E3%83%AD%E5%BA%97%E5%93%A1" n1="%E6%9D%B1%E9%A2%A8%E3%81%AE%E3%81%8D%E3%82%83%E3%81%B7%E3%81%95%E3%82%93" n2="%E3%83%81%E3%83%AF%E3%83%AF%E9%9A%8A%E9%95%B7" n3="%6D%75%75%73%61%6E%6D%75" dan="16,17,17,16" rate="2212.85,2185.80,2180.48,2134.00" sx="M,M,M,F"/><TAIKYOKU oya="0"/><INIT seed="0,0,0,5,3,23" ten="250,250,250,250" oya="0" hai0="50,64,93,132,105,127,79,61,80,114,122,31,24" hai1="43,21,19,87,67,116,133,124,1,11,96,44,107" hai2="27,25,37,81,55,41,22,20,0,89,111,88,113" hai3="65,123,129,118,49,58,128,38,3,63,10,53,59"/><T54/><D114/><U56/><E116/><V6/><F113/><W106/><G106/><T57/><D132/><U130/><E87/><V26/><F111/><W91/><G91/><N who="2" m="34889" /><F37/><W125/><G10/><T119/><D127/><U13/><E130/><N who="3" m="50282" /><G3/><T75/><D122/><U51/><E133/><V68/><F68/><N who="3" m="42047" /><G118/><T97/><D119/><U72/><E72/><V7/><F0/><W4/><G4/><N who="2" m="1577" /><F41/><W95/><G95/><T90/><D105/><U120/><E124/><V40/><F40/><W110/><G125/><T108/><D108/><U47/><E120/><V117/><F117/><W60/><G110/><T8/><D8/><U126/><E11/><V42/><F42/><W109/><G109/><T100/><D90/><U84/><E1/><V69/><F69/><W103/><G103/><T9/><D9/><U39/><E126/><V76/><F55/><N who="3" m="32111" /><G123/><T78/><D78/><U17/><E107/><V92/><F92/><W77/><G77/><T101/><D101/><U74/><E74/><V121/><F121/><W35/><G35/><T62/><REACH who="0" step="1"/><D64/><REACH who="0" ten="240,250,250,250" step="2"/><U14/><E67/><V86/><AGARI ba="0,1" hai="20,22,25,26,27,76,81,86" m="1577,34889" machi="86" ten="30,8000,1" yaku="8,1,52,3,54,1" doraHai="23" who="2" fromWho="2" sc="240,-40,250,-20,250,90,250,-20" /><INIT seed="1,0,0,1,3,130" ten="200,230,340,230" oya="1" hai0="126,118,65,106,127,52,96,87,71,38,46,50,27" hai1="86,91,89,51,85,36,37,44,90,30,56,107,49" hai2="24,26,12,104,55,102,53,42,0,47,66,74,111" hai3="57,128,54,68,116,15,99,7,5,113,60,88,40"/><U13/><E107/><V119/><F0/><W41/><G113/><T73/><D118/><U25/><E13/><V16/><F119/><W129/><G116/><T70/><D73/><U23/><E56/><V14/><F74/><W4/><G68/><T115/><D115/><U8/><E8/><V83/><F111/><W101/><G15/><T117/><D117/><U29/><E29/><V18/><F66/><W45/><G88/><T6/><D6/><U81/><E51/><N who="2" m="27127" /><F104/><W110/><G110/><T122/><D122/><U64/><E64/><V78/><F102/><W17/><G17/><T134/><D38/><U33/><E33/><V93/><F93/><W121/><G121/><T103/><D134/><U98/><E98/><V43/><F43/><W131/><REACH who="3" step="1"/><G45/><REACH who="3" ten="200,230,340,220" step="2"/><T48/><D70/><U35/><E91/><V31/><F12/><W125/><G125/><T97/><D127/><U72/><E72/><V34/><F18/><W80/><G80/><T132/><D126/><U62/><E35/><V94/><F34/><W120/><G120/><T39/><D71/><U20/><E20/><V112/><F14/><W82/><G82/><T58/><D103/><U135/><E44/><V1/><F83/><W11/><G11/><T100/><D100/><U124/><E81/><V108/><F112/><W123/><G123/><T28/><D46/><U19/><E124/><V63/><F108/><W133/><G133/><T59/><D132/><U61/><E135/><V75/><F75/><W3/><G3/><T10/><D10/><U76/><E19/><V2/><F16/><W95/><AGARI ba="0,1" hai="4,5,7,40,41,54,57,60,95,99,101,128,129,131" machi="95" ten="40,8000,1" yaku="1,1,5,1,0,1,19,1,53,0" doraHai="130" doraHaiUra="21" who="3" fromWho="3" sc="200,-20,230,-40,340,-20,220,90" /><INIT seed="2,0,0,5,3,59" ten="180,190,320,310" oya="2" hai0="4,77,130,91,42,23,123,21,38,49,0,28,120" hai1="66,12,41,73,69,27,24,1,108,98,88,125,72" hai2="16,52,22,132,103,87,94,13,96,7,106,5,17" hai3="47,39,26,86,8,18,45,25,90,35,117,11,54"/><V134/><F17/><W29/><G117/><T80/><D130/><U104/><E1/><V133/><F106/><W119/><G119/><T61/><D49/><U115/><E41/><V60/><F87/><W71/><G71/><T10/><D91/><U14/><E104/><V68/><F52/><W124/><G124/><T15/><D15/><U112/><E125/><V100/><REACH who="2" step="1"/><F103/><REACH who="2" ten="180,190,310,310" step="2"/><W63/><G18/><T40/><D123/><U74/><E115/><V83/><F83/><W109/><G86/><T34/><D120/><U105/><E112/><V55/><F55/><W111/><G54/><T30/><D80/><U33/><E105/><V116/><F116/><W84/><G84/><T114/><D114/><U37/><E72/><V118/><F118/><W31/><G45/><T99/><D42/><U75/><E75/><V51/><F51/><W121/><G47/><T58/><D40/><U78/><E73/><V79/><F79/><W56/><G121/><T57/><D77/><U65/><E78/><V36/><F36/><W131/><G39/><T3/><D38/><U101/><E37/><V93/><F93/><W107/><G107/><T70/><D28/><U2/><E74/><V9/><F9/><W19/><G19/><T46/><D10/><U62/><E101/><V113/><F113/><W85/><G11/><T129/><D30/><U81/><E81/><V44/><F44/><W76/><G8/><T126/><D46/><U20/><E66/><AGARI ba="0,1" hai="5,7,13,16,22,60,66,68,94,96,100,132,133,134" machi="66" ten="40,12000,1" yaku="1,1,20,1,52,1,54,1,53,1" doraHai="59" doraHaiUra="64" who="2" fromWho="1" sc="180,0,190,-120,310,130,310,0" /><INIT seed="2,1,0,3,3,77" ten="180,70,440,310" oya="2" hai0="95,44,112,6,117,50,27,39,114,15,53,13,4" hai1="84,130,22,32,94,41,85,97,71,38,82,54,120" hai2="115,30,70,45,16,59,109,58,98,134,66,106,10" hai3="102,63,1,81,0,29,90,126,67,96,65,40,103"/><V116/><F115/><W64/><G126/><T56/><D117/><U55/><E32/><V19/><F116/><W35/><G40/><T125/><D125/><U68/><E120/><V135/><F109/><W28/><G63/><T25/><D114/><U129/><E22/><V47/><F70/><W107/><G102/><T105/><D105/><U128/><E41/><V92/><F106/><W17/><G17/><N who="2" m="6729" /><F30/><W61/><G61/><T36/><D112/><U9/><E38/><V104/><F104/><W118/><G118/><T127/><D127/><U43/><E43/><V60/><F59/><W46/><G46/><T11/><D36/><U123/><E9/><V74/><F74/><W89/><G29/><T99/><D44/><U75/><E75/><V2/><F2/><W33/><G1/><T122/><D122/><U49/><E123/><V108/><F10/><W93/><G0/><T110/><D110/><U124/><E124/><V37/><F37/><W52/><G28/><T26/><D39/><U80/><E97/><V72/><F72/><W131/><G35/><T20/><D20/><U132/><E132/><N who="2" m="50731" /><F108/><W69/><G69/><N who="1" m="26698" /><E94/><V48/><F48/><W79/><G33/><T21/><D21/><U34/><E34/><V83/><F83/><N who="1" m="31785" /><E49/><V62/><F62/><W42/><G107/><T91/><D11/><U24/><E24/><V78/><F92/><W121/><G121/><T18/><D15/><U101/><E101/><V86/><F98/><W133/><G133/><T31/><D31/><U23/><E23/><V5/><F60/><W111/><G111/><T51/><D51/><RYUUKYOKU ba="1,0" sc="180,15,70,15,440,-15,310,-15" hai0="4,6,13,18,25,26,27,50,53,56,91,95,99" hai1="54,55,84,85,128,129,130" /><INIT seed="3,2,0,2,5,82" ten="195,85,425,295" oya="3" hai0="65,106,94,32,119,72,109,35,50,63,20,39,105" hai1="14,1,53,52,108,9,56,64,30,74,8,104,13" hai2="67,121,130,77,123,62,91,19,116,54,71,4,58" hai3="90,87,98,41,55,83,110,115,81,3,122,103,92"/><W33/><G115/><T127/><D119/><U21/><E104/><V86/><F116/><W125/><G122/><N who="2" m="46601" /><F130/><W75/><G33/><T80/><D39/><U107/><E107/><V78/><F4/><W27/><G3/><T18/><D109/><U16/><E74/><V68/><F19/><W114/><G114/><T23/><D127/><U132/><E132/><V42/><F42/><W76/><G125/><T38/><D38/><U88/><E108/><V5/><F5/><W129/><G110/><T2/><D2/><U60/><E1/><V11/><F11/><W66/><G129/><T128/><D128/><U111/><E111/><V95/><F68/><W126/><G126/><T85/><D72/><U49/><E49/><AGARI ba="2,0" hai="49,54,58,62,67,71,77,78,86,91,95" m="46601" machi="49" ten="30,2000,0" yaku="13,1,52,1" doraHai="82" who="2" fromWho="1" sc="195,0,85,-26,425,26,295,0" owari="195,-20.5,59,-44.1,451,55.1,295,9.5" /></mjloggm>