<mjloggm ver="2.3"><GO type="225" lobby="0"/><UN n0="%E9%A4%8A%E5%88%86%E4%B8%B8" n1="%E9%BB%99%E8%81%B4%E3%81%AE%E3%81%99%E3%82%9D%E3%82%81" n2="%E7%89%B9%E6%9D%B1%E3%81%AF%E4%B8%96%E7%95%8C%E3%82%92%E6%95%91%E3%81%86" n3="%E9%B4%A8%4E%45%47%49" dan="18,16,16,16" rate="2207.99,2151.33,2135.09,2122.73" sx="M,M,M,M"/><TAIKYOKU oya="0"/><INIT seed="0,0,0,5,1,99" ten="250,250,250,250" oya="0" hai0="127,44,67,76,36,23,66,131,78,68,107,87,35" hai1="57,30,121,90,130,120,54,21,72,91,108,39,104" hai2="116,65,20,64,100,122,0,133,97,15,103,19,96" hai3="6,55,59,70,98,75,94,24,118,101,11,71,28"/><T102/><D35/><U74/><E39/><V119/><F0/><W128/><G128/><T25/><D131/><U4/><E130/><V12/><F133/><W16/><G118/><N who="2" m="45097" /><F12/><W41/><G41/><T38/><D127/><U110/><E4/><V34/><F34/><W9/><G75/><N who="1" m="28714" /><E21/><V80/><F80/><W63/><G11/><T111/><D107/><U27/><E30/><V40/><F40/><W113/><G113/><T123/><D123/><U89/><E27/><V73/><F73/><W134/><G134/><T26/><D23/><U79/><E79/><V2/><F2/><W1/><REACH who="3" step="1"/><G16/><REACH who="3" ten="250,250,250,240" step="2"/><T51/><D36/><U126/><E121/><V45/><F122/><W5/><G5/><T93/><D38/><U10/><E120/><V92/><F45/><W84/><G84/><T48/><D87/><U95/><E10/><V115/><F115/><W46/><G46/><T29/><D44/><U3/><E126/><V42/><F42/><W14/><G14/><T18/><D18/><U82/><E3/><V83/><F83/><W88/><G88/><T85/><D85/><U43/><E43/><V109/><F109/><W8/><G8/><T81/><D81/><U117/><E117/><V112/><F112/><W129/><G129/><T60/><D111/><N who="1" m="42539" /><E82/><V13/><F15/><W77/><G77/><T52/><D78/><U53/><E91/><V50/><F50/><W114/><G114/><T132/><D51/><U7/><E90/><V69/><F69/><W47/><G47/><T86/><D76/><U33/><E89/><V125/><F125/><W61/><G61/><RYUUKYOKU ba="0,1" sc="250,-15,250,-15,250,15,240,15" hai2="13,19,20,64,65,92,96,97,100,103" hai3="1,6,9,24,28,55,59,63,70,71,94,98,101" /><INIT seed="1,1,1,2,5,71" ten="235,235,265,255" oya="1" hai0="117,93,3,127,60,25,62,14,82,12,0,58,91" hai1="134,113,86,122,59,98,36,133,77,64,55,17,1" hai2="75,101,56,31,90,116,129,135,88,65,85,63,42" hai3="22,16,131,111,81,78,33,19,4,15,70,20,118"/><U37/><E113/><V66/><F116/><W69/><G111/><T48/><D117/><U45/><E1/><V11/><F75/><W54/><G131/><T83/><D127/><U28/><E28/><V120/><F120/><W32/><G118/><T26/><D48/><N who="1" m="29071" /><E98/><V108/><F129/><W52/><G4/><T104/><D104/><U9/><E122/><V2/><F108/><W38/><G38/><N who="1" m="14954" /><E17/><V99/><F31/><W79/><G81/><T6/><D58/><U97/><E97/><V119/><F2/><W121/><G121/><T128/><D128/><U92/><E92/><V87/><F99/><W8/><G8/><T103/><D93/><U74/><E86/><V10/><F101/><W132/><REACH who="3" step="1"/><G15/><REACH who="3" ten="235,235,265,245" step="2"/><T107/><D6/><U106/><E9/><V39/><F119/><W13/><G13/><T51/><D12/><U105/><E134/><AGARI ba="1,2" hai="16,19,20,22,32,33,52,54,69,70,78,79,132,134" machi="134" ten="25,8000,1" yaku="1,1,22,2,54,2,53,0" doraHai="71" doraHaiUra="47" who="3" fromWho="1" sc="235,0,235,-83,265,0,245,103" /><INIT seed="2,0,0,2,4,35" ten="235,152,265,348" oya="2" hai0="101,49,107,94,91,81,23,93,85,21,0,50,28" hai1="134,13,127,112,10,74,27,48,118,16,36,41,9" hai2="69,8,34,116,103,61,99,75,56,6,119,128,80" hai3="5,24,108,123,60,44,18,126,12,25,95,46,82"/><V83/><F34/><W104/><G104/><T7/><D107/><U90/><E36/><V106/><F69/><W135/><G108/><T68/><D68/><U111/><E112/><V37/><F37/><W113/><G123/><T76/><D101/><U38/><E38/><V130/><F119/><W30/><G5/><T20/><D28/><U29/><E74/><V133/><F133/><W97/><G135/><T54/><D94/><U33/><E127/><V1/><F116/><W129/><G129/><N who="2" m="49769" /><F75/><W124/><G82/><T26/><D26/><N who="3" m="10345" /><G30/><T72/><REACH who="0" step="1"/><D54/><AGARI ba="0,0" hai="1,6,8,54,56,61,80,83,99,103,106" m="49769" machi="54" ten="30,2900,0" yaku="19,1,52,1" doraHai="35" who="2" fromWho="0" sc="235,-29,152,0,265,29,348,0" /><INIT seed="2,1,0,0,0,93" ten="206,152,294,348" oya="2" hai0="132,120,49,83,33,4,98,0,89,97,47,114,51" hai1="58,116,103,122,38,99,112,127,81,128,60,40,14" hai2="119,131,26,6,96,62,100,7,55,107,79,9,1" hai3="56,69,91,34,78,53,61,3,66,18,13,72,95"/><V117/><F131/><W31/><G3/><T133/><D120/><U68/><E127/><V22/><F6/><W94/><G34/><T54/><D114/><U135/><E135/><N who="0" m="51785" /><D33/><U46/><E128/><V44/><F79/><W70/><G31/><T134/><N who="0" m="51793" /><T29/><DORA hai="30" /><D29/><U73/><E112/><V37/><F37/><W12/><G12/><T10/><D51/><U129/><E129/><V65/><F55/><W28/><G28/><T41/><D41/><U39/><E116/><V86/><F86/><AGARI ba="1,0" hai="0,4,10,47,49,54,83,86,89,97,98" m="51793" machi="86" ten="40,5200,0" yaku="20,1,52,2" doraHai="93,30" who="0" fromWho="2" sc="206,55,152,0,294,-55,348,0" /><INIT seed="3,0,0,5,5,8" ten="261,152,239,348" oya="3" hai0="109,79,20,70,53,89,47,65,1,14,104,22,61" hai1="74,59,18,25,120,118,27,42,21,2,39,54,108" hai2="131,19,31,37,106,38,112,103,6,86,56,96,11" hai3="46,7,67,97,123,34,50,63,62,73,66,113,40"/><W32/><G73/><T114/><D1/><U17/><E120/><V107/><F112/><W10/><G113/><T36/><D114/><U41/><E108/><V82/><F107/><W64/><G123/><T4/><D109/><U121/><E121/><V57/><F131/><W76/><G76/><T51/><D104/><U130/><E130/><V88/><F31/><W87/><G87/><T81/><D89/><U84/><E74/><V92/><F19/><W119/><G119/><T85/><D36/><U26/><E2/><V111/><F111/><W91/><G34/><T115/><D115/><U125/><E125/><V49/><F106/><W33/><G32/><T100/><D100/><U102/><E118/><V55/><REACH who="2" step="1"/><F57/><REACH who="2" ten="261,152,229,348" step="2"/><W117/><G117/><T127/><REACH who="0" step="1"/><D127/><REACH who="0" ten="251,152,229,348" step="2"/><U48/><E39/><V101/><F101/><W60/><G33/><T23/><D23/><U95/><E17/><V94/><F94/><N who="3" m="56543" /><G7/><T9/><AGARI ba="0,2" hai="4,9,14,20,22,47,51,53,61,65,70,79,81,85" machi="9" ten="30,4000,0" yaku="1,1,0,1,52,1,53,0" doraHai="8" doraHaiUra="110" who="0" fromWho="0" sc="251,60,152,-10,229,-10,348,-20" owari="311,11.1,142,-35.8,219,-18.1,328,42.8" /></mjloggm>