<mjloggm ver="2.3"><GO type="225" lobby="0"/><UN n0="%E3%81%BE%E3%81%A8%E3%81%9F" n1="%E8%AB%B8%E8%91%9B%E4%BA%AE" n2="%E3%81%A8%E3%82%89%E3%81%84%E3%81%A1" n3="%70%61%77%61" dan="16,16,16,19" rate="2096.49,2112.28,2115.07,2289.92" sx="M,M,M,M"/><TAIKYOKU oya="0"/><INIT seed="0,0,0,2,1,76" ten="250,250,250,250" oya="0" hai0="30,46,75,111,131,36,42,8,31,25,114,34,43" hai1="127,129,94,88,49,24,79,86,134,33,5,109,9" hai2="82,51,72,57,29,73,4,107,110,2,15,14,117" hai3="120,40,6,126,83,89,52,18,48,84,128,50,67"/><T12/><D114/><U0/><E129/><V54/><F107/><W28/><G128/><T93/><D131/><U113/><E109/><V101/><F110/><W62/><G126/><T97/><D111/><U69/><E69/><V78/><F117/><W1/><G120/><T53/><D30/><U65/><E65/><V133/><F133/><W122/><G122/><T80/><D53/><U118/><E118/><V26/><F101/><W87/><G28/><T23/><D43/><U125/><E134/><V55/><F73/><W90/><G1/><T99/><D34/><U92/><E79/><V123/><F123/><W102/><G6/><T81/><D75/><U27/><E113/><V77/><F77/><W96/><G18/><T132/><D132/><U47/><E94/><V22/><REACH who="2" step="1"/><F54/><REACH who="2" ten="250,250,240,250" step="2"/><W74/><G74/><T108/><D108/><U116/><E116/><V58/><F58/><N who="3" m="35143" /><G67/><T66/><D66/><U115/><E115/><V119/><F119/><W135/><G135/><T39/><D39/><U68/><E68/><V56/><F56/><W45/><G102/><T103/><REACH who="0" step="1"/><D97/><REACH who="0" ten="240,250,240,250" step="2"/><U41/><E33/><V35/><F35/><W59/><G96/><T32/><D32/><U106/><E125/><V121/><F121/><W112/><G112/><T91/><D91/><U104/><E127/><V17/><F17/><AGARI ba="0,2" hai="8,12,17,23,25,31,36,42,46,80,81,93,99,103" machi="17" ten="30,11600,0" yaku="1,1,7,1,52,2,53,0" doraHai="76" doraHaiUra="105" who="0" fromWho="2" sc="240,136,250,0,240,-116,250,0" /><INIT seed="0,1,0,5,2,102" ten="376,250,124,250" oya="0" hai0="130,5,16,113,74,79,21,62,127,0,7,17,119" hai1="134,1,6,81,43,27,12,71,126,35,39,78,104" hai2="28,20,60,23,117,66,49,73,93,29,18,70,47" hai3="63,108,98,19,46,82,109,101,10,75,85,9,26"/><T59/><D113/><U37/><E12/><V14/><F73/><W105/><G75/><T64/><D119/><U38/><E134/><V33/><F33/><W122/><G122/><T40/><D130/><U106/><E126/><V110/><F110/><N who="3" m="42603" /><G63/><T132/><D132/><U131/><E71/><V114/><F114/><W77/><G46/><T129/><D129/><U4/><E4/><V118/><F93/><W30/><G19/><T51/><D17/><U52/><E52/><V15/><F15/><W2/><G2/><T42/><D0/><U90/><E90/><V8/><F29/><W13/><G13/><T83/><D127/><U84/><E131/><V80/><F80/><W55/><G55/><T22/><D22/><AGARI ba="1,0" hai="9,10,22,26,30,77,82,85,98,101,105" m="42603" machi="22" ten="30,2000,0" yaku="14,1,52,1" doraHai="102" who="3" fromWho="0" sc="376,-23,250,0,124,0,250,23" /><INIT seed="1,0,0,0,2,98" ten="353,250,124,273" oya="1" hai0="56,83,71,86,38,125,73,85,131,118,95,129,124" hai1="35,51,43,24,47,54,100,28,113,11,117,42,0" hai2="74,135,97,133,76,14,22,119,93,123,8,121,34" hai3="64,130,68,109,36,72,78,110,50,105,81,122,66"/><U96/><E117/><V111/><F34/><W13/><G122/><N who="2" m="46601" /><F22/><W114/><G114/><T17/><D71/><U33/><E33/><V10/><F10/><W104/><G36/><T40/><D118/><U63/><E113/><V21/><F21/><W65/><G68/><T91/><D56/><U79/><E79/><V4/><F14/><W116/><G116/><T106/><D106/><U27/><E27/><V19/><F19/><W77/><G130/><N who="0" m="49675" /><D73/><U29/><E29/><V99/><F119/><W26/><G78/><N who="0" m="46327" /><D17/><U82/><E82/><N who="2" m="45335" /><F8/><W31/><G13/><T37/><D37/><U3/><E11/><V48/><F48/><W132/><G50/><T49/><D49/><U30/><E30/><V126/><F4/><W84/><G72/><T39/><D39/><U87/><E3/><V2/><F2/><W127/><G127/><T107/><D107/><U128/><E0/><V115/><F115/><W5/><G5/><T89/><D91/><U62/><E128/><V90/><F126/><W61/><G61/><T12/><D12/><U1/><E1/><V75/><F75/><W25/><G25/><T45/><AGARI ba="0,0" hai="38,40,45,86,89,95,124,125" m="46327,49675" machi="45" ten="30,1100,0" yaku="19,1" doraHai="98" who="0" fromWho="0" sc="353,11,250,-5,124,-3,273,-3" /><INIT seed="2,0,0,4,3,54" ten="364,245,121,270" oya="2" hai0="91,0,35,82,39,105,30,19,26,113,4,57,49" hai1="73,74,119,47,41,111,22,122,40,116,86,38,89" hai2="34,21,33,67,53,127,70,64,106,55,104,110,126" hai3="59,131,71,80,78,42,9,101,98,102,90,27,118"/><V62/><F21/><W68/><G118/><T96/><D39/><U61/><E111/><V117/><F62/><W112/><G131/><T132/><D113/><U3/><E3/><V32/><F70/><W66/><G112/><T65/><D19/><U1/><E1/><V18/><F18/><W51/><G71/><T44/><D132/><U20/><E122/><V134/><F134/><W121/><G121/><T12/><D0/><U81/><E61/><V14/><F14/><W79/><G68/><T130/><D105/><N who="2" m="40554" /><F117/><W120/><G120/><T128/><D96/><U76/><E41/><V56/><F56/><W13/><G27/><T52/><D44/><U97/><E119/><V135/><F135/><W83/><G90/><T88/><D65/><N who="2" m="25162" /><F110/><W99/><G42/><T107/><D107/><U28/><E22/><V84/><F84/><W8/><G66/><T94/><D82/><U123/><E123/><V72/><F72/><W37/><G37/><T43/><D43/><U75/><E116/><V87/><F87/><W16/><G13/><T23/><D23/><U108/><E108/><V7/><F7/><W45/><G45/><T11/><D91/><U115/><E115/><V133/><F133/><W60/><G60/><T15/><D15/><U25/><REACH who="1" step="1"/><E97/><REACH who="1" ten="364,235,121,270" step="2"/><V6/><F6/><W114/><G114/><T36/><D130/><U93/><AGARI ba="0,1" hai="20,25,28,38,40,47,73,74,75,76,81,86,89,93" machi="93" ten="20,8000,1" yaku="1,1,2,1,0,1,7,1,53,1" doraHai="54" doraHaiUra="85" who="1" fromWho="1" sc="364,-20,235,90,121,-40,270,-20" /><INIT seed="3,0,0,0,5,102" ten="344,325,81,250" oya="3" hai0="128,71,124,74,1,70,63,76,49,43,25,45,38" hai1="42,104,10,121,84,47,114,118,4,5,80,15,100" hai2="50,56,9,120,103,89,59,62,27,79,132,88,91" hai3="23,69,86,83,55,20,115,60,131,40,105,82,64"/><W32/><G115/><T134/><D124/><U68/><E68/><V51/><F132/><W126/><G126/><T46/><D134/><U93/><E121/><V61/><F120/><W0/><G0/><T34/><D1/><U87/><E114/><V28/><F79/><W41/><G131/><T35/><D128/><U78/><E118/><V57/><F9/><W21/><G32/><T113/><D63/><U44/><E104/><V53/><F103/><W130/><G130/><T8/><D34/><U26/><E26/><V81/><F81/><W110/><G110/><T117/><D117/><U95/><E5/><V12/><F12/><W73/><G55/><T123/><D123/><U30/><E30/><V33/><F33/><W98/><G73/><T94/><D94/><U99/><E44/><V101/><F101/><W3/><G3/><T22/><D8/><U75/><REACH who="1" step="1"/><E93/><REACH who="1" ten="344,315,81,250" step="2"/><V54/><REACH who="2" step="1"/><F59/><REACH who="2" ten="344,315,71,250" step="2"/><W96/><G83/><T109/><D113/><U85/><E85/><V90/><N who="2" m="22528" /><DORA hai="37" /><V67/><F67/><W112/><G112/><T133/><D133/><U11/><E11/><V2/><F2/><W119/><G119/><T19/><D71/><U127/><E127/><V7/><F7/><W39/><G86/><T125/><D125/><U48/><AGARI ba="0,2" hai="4,10,15,42,47,48,75,78,80,84,87,95,99,100" machi="48" ten="20,12000,2" yaku="1,1,0,1,7,1,52,1,53,2" doraHai="102,37" doraHaiUra="72,36" who="1" fromWho="1" sc="344,-30,315,140,71,-30,250,-60" owari="314,11.4,455,55.5,41,-45.9,190,-21.0" /></mjloggm>