<mjloggm ver="2.3"><GO type="225" lobby="0"/><UN n0="%72%69%6F%75%63%68%61%6E" n1="%E3%81%A4%E3%81%A3%E3%81%B1%E3%82%8A%E3%83%9D%E3%83%BC%E3%83%AB" n2="%E3%82%BD%E3%83%AB%E3%83%88%E3%82%AF%E3%83%AA%E3%83%BC%E3%82%AF" n3="%33%74%72%65%65" dan="16,16,16,16" rate="2176.67,2131.37,2106.09,2121.15" sx="M,M,M,F"/><TAIKYOKU oya="0"/><INIT seed="0,0,0,3,0,62" ten="250,250,250,250" oya="0" hai0="30,14,10,13,66,93,42,1,5,116,60,77,113" hai1="75,115,4,40,46,15,70,55,87,61,96,94,99" hai2="58,111,126,35,26,32,74,134,102,123,21,25,121" hai3="71,90,122,69,114,83,27,29,100,133,79,67,54"/><T105/><D113/><U33/><E75/><V6/><F74/><W38/><G114/><T132/><D132/><U57/><E115/><V63/><F102/><W39/><G100/><T86/><D105/><U80/><E33/><V76/><F76/><W92/><G133/><T50/><D116/><U81/><E70/><V106/><F106/><W24/><G54/><T19/><D30/><U78/><E81/><V18/><F134/><W127/><G127/><T85/><D77/><U91/><E99/><V31/><F126/><W16/><G71/><T112/><D112/><U82/><E82/><V117/><F117/><W120/><G83/><T48/><D1/><U103/><E15/><V2/><F111/><W129/><G79/><T28/><D28/><U3/><E3/><V97/><F97/><N who="3" m="57495" /><G27/><T22/><D42/><U37/><REACH who="1" step="1"/><E4/><REACH who="1" ten="250,240,250,250" step="2"/><V59/><F35/><W56/><G69/><T11/><D11/><U12/><E12/><V7/><F7/><W119/><G119/><T52/><D93/><U43/><E43/><V98/><F98/><W72/><G72/><T124/><D124/><U8/><E8/><V107/><F6/><W34/><G34/><T125/><D125/><U36/><E36/><V73/><F73/><W135/><G39/><T47/><D48/><U101/><AGARI ba="0,1" hai="37,40,46,55,57,61,78,80,87,91,94,96,101,103" machi="101" ten="30,2000,0" yaku="1,1,0,1,53,0" doraHai="62" doraHaiUra="20" who="1" fromWho="1" sc="250,-10,240,30,250,-5,250,-5" /><INIT seed="1,0,0,1,4,12" ten="240,270,245,245" oya="1" hai0="10,4,50,133,2,61,115,81,54,41,45,63,105" hai1="129,7,107,74,36,91,20,60,70,16,40,87,22" hai2="80,48,25,1,99,32,62,71,103,120,34,43,64" hai3="53,93,5,49,97,130,52,69,76,134,127,67,106"/><U21/><E74/><V6/><F120/><W19/><G134/><T116/><D133/><U109/><E107/><N who="2" m="63999" /><F80/><W118/><G118/><T51/><D115/><U126/><E7/><V44/><F34/><W131/><G127/><T79/><D105/><U85/><E126/><V30/><F6/><W28/><G28/><T122/><D116/><U82/><E129/><N who="3" m="49162" /><G5/><T124/><D122/><U121/><E121/><V65/><F65/><W89/><G76/><T14/><D2/><AGARI ba="0,0" hai="1,2,25,30,32,43,44,48,62,64,71" m="63999" machi="2" ten="30,1000,0" yaku="25,1" doraHai="12" who="2" fromWho="0" sc="240,-10,270,0,245,10,245,0" /><INIT seed="2,0,0,4,5,133" ten="230,270,255,245" oya="2" hai0="99,73,70,94,78,58,15,84,79,110,118,105,3" hai1="22,23,14,134,5,65,82,13,129,64,119,57,30" hai2="44,31,42,53,113,62,87,66,51,81,128,100,91" hai3="32,124,4,132,26,48,67,76,61,63,39,52,120"/><V12/><F113/><W97/><G120/><T11/><D70/><U6/><E119/><V8/><F128/><W95/><G132/><T21/><D118/><U9/><E134/><V77/><F31/><W16/><G39/><T98/><D110/><U125/><E129/><V92/><F100/><W111/><G111/><T37/><D37/><U60/><E125/><V117/><F117/><W85/><G124/><T54/><D3/><U33/><E65/><V18/><F42/><W71/><G4/><T27/><D105/><U80/><E33/><V126/><F126/><W20/><G32/><T45/><D45/><U104/><E104/><V115/><F115/><W1/><G1/><T116/><D73/><U127/><E127/><V69/><F92/><W0/><G0/><T130/><D130/><U74/><E74/><V36/><REACH who="2" step="1"/><F36/><REACH who="2" ten="230,270,245,245" step="2"/><W38/><G38/><T41/><D41/><U72/><E30/><V107/><F107/><W10/><G95/><T17/><D116/><U35/><E35/><V112/><F112/><W131/><G131/><T2/><D94/><U106/><E106/><V55/><F55/><W29/><G52/><T122/><D122/><U93/><E93/><V59/><F59/><W89/><G29/><T47/><D58/><U24/><E57/><V102/><F102/><W7/><G71/><T101/><D101/><U75/><E80/><V46/><F46/><W28/><G28/><T108/><D47/><U86/><E82/><V43/><F43/><W40/><G40/><T103/><D103/><U135/><E135/><V34/><F34/><W19/><G67/><RYUUKYOKU ba="0,1" sc="230,-10,270,-10,245,30,245,-10" hai2="8,12,18,44,51,53,62,66,69,77,81,87,91" /><INIT seed="2,1,1,4,4,43" ten="220,260,275,235" oya="2" hai0="18,134,16,83,99,73,129,77,35,93,118,53,124" hai1="11,132,100,128,57,104,8,71,90,28,109,15,42" hai2="89,31,25,59,82,47,52,108,84,95,21,33,133" hai3="3,94,98,51,7,127,0,46,122,102,66,112,10"/><V121/><F121/><W64/><G122/><T48/><D124/><U113/><E113/><V117/><F117/><W120/><G120/><T41/><D129/><U29/><E71/><V116/><F116/><W49/><G127/><T27/><D134/><U101/><E104/><V105/><F105/><W20/><G112/><T67/><D41/><U96/><E128/><V23/><F133/><W87/><G0/><T68/><D118/><U60/><E42/><V76/><F108/><W74/><G74/><T9/><D9/><N who="1" m="3659" /><E15/><V130/><F130/><W106/><G20/><T34/><D67/><N who="1" m="39311" /><E109/><V88/><F89/><W30/><G30/><N who="1" m="11882" /><E132/><V91/><F91/><W111/><G111/><T24/><D68/><U123/><E123/><V56/><F33/><W17/><G106/><T45/><D34/><U65/><E65/><V92/><F21/><W135/><G135/><T125/><D125/><U69/><E69/><V114/><F114/><W6/><G3/><T75/><D73/><U4/><E4/><N who="3" m="1578" /><G66/><T32/><D32/><U12/><E12/><V78/><F78/><W19/><G64/><T36/><D36/><U110/><E110/><V54/><F54/><N who="3" m="30007" /><G10/><T55/><D53/><U61/><E61/><V13/><F13/><W40/><G40/><T81/><D35/><U44/><E44/><V103/><F103/><W22/><G51/><T131/><D131/><U1/><E1/><V72/><REACH who="2" step="1"/><F95/><AGARI ba="1,1" hai="90,95,96,100,101" m="11882,39311,3659" machi="95" ten="30,1000,0" yaku="8,1" doraHai="43" who="1" fromWho="2" sc="220,0,260,23,275,-13,235,0" /><INIT seed="3,0,0,5,3,67" ten="220,283,262,235" oya="3" hai0="97,40,47,135,112,115,42,133,63,78,51,10,50" hai1="104,5,2,70,57,69,13,108,102,89,16,87,130" hai2="24,95,41,66,23,77,9,123,122,71,126,8,74" hai3="15,98,106,19,81,32,53,11,46,107,25,62,127"/><W116/><G116/><T132/><D78/><U37/><E37/><V30/><F41/><W28/><G127/><T125/><D125/><U105/><E5/><V56/><F56/><W65/><G98/><T64/><D10/><U83/><E2/><V121/><F126/><W48/><REACH who="3" step="1"/><G81/><REACH who="3" ten="220,283,262,225" step="2"/><T33/><D97/><U1/><E83/><N who="2" m="45495" /><F95/><W38/><G38/><N who="0" m="21911" /><D33/><U113/><E105/><V75/><F75/><W22/><G22/><T14/><D14/><U39/><E13/><V45/><F45/><W96/><G96/><T68/><D42/><U84/><E104/><V103/><F103/><W72/><G72/><T92/><D92/><U99/><E39/><V134/><F134/><W20/><G20/><T73/><D73/><U36/><E36/><V94/><F94/><W111/><G111/><T114/><AGARI ba="0,1" hai="50,51,63,64,68,112,114,115,132,133,135" m="21911" machi="114" ten="40,8000,1" yaku="11,1,20,1,34,2,52,1" doraHai="67" who="0" fromWho="0" sc="220,90,283,-20,262,-20,225,-40" owari="310,41.0,263,6.3,242,-15.8,185,-31.5" /></mjloggm>