<mjloggm ver="2.3"><GO type="225" lobby="0"/><UN n0="%E5%84%AA%40%41%42%43" n1="%72%61%6B%33" n2="%E3%82%A2%E3%83%BC%E3%83%A2%E3%83%AD%E3%83%BC%E3%83%B4%E3%82%A1" n3="%E7%A6%8F%E5%8E%9F%E9%81%A5%E3%81%A8%E7%B5%90%E5%A9%9A%E3%81%99%E3%82%8B" dan="17,16,16,17" rate="2165.76,2050.65,2197.31,2114.57" sx="M,M,M,M"/><TAIKYOKU oya="0"/><INIT seed="0,0,0,1,0,21" ten="250,250,250,250" oya="0" hai0="40,46,96,123,129,14,99,82,5,88,52,79,135" hai1="56,73,54,104,90,102,19,120,62,78,134,124,60" hai2="29,47,2,87,72,63,127,59,9,77,114,36,68" hai3="22,80,101,125,70,115,10,57,94,26,44,131,69"/><T27/><D123/><U18/><E120/><V119/><F114/><W17/><G115/><T8/><D129/><U85/><E124/><V122/><F122/><W7/><G125/><T33/><D135/><U38/><E38/><V89/><F127/><W25/><G131/><T12/><D33/><U53/><E134/><V105/><F105/><W1/><G44/><T116/><D116/><U111/><E111/><V65/><F29/><W11/><G11/><N who="0" m="4207" /><D79/><U83/><E60/><V51/><F119/><W42/><G42/><T24/><D40/><U98/><REACH who="1" step="1"/><E54/><REACH who="1" ten="250,240,250,250" step="2"/><V49/><F63/><W28/><G69/><T106/><D106/><U126/><E126/><V67/><F36/><W128/><G70/><T50/><D99/><U41/><E41/><V108/><F68/><W3/><G128/><T71/><D71/><U6/><E6/><V95/><F108/><W76/><G7/><N who="0" m="3359" /><D96/><U81/><AGARI ba="0,1" hai="18,19,53,56,62,73,78,81,83,85,90,98,102,104" machi="81" ten="20,2700,0" yaku="1,1,0,1,7,1,53,0" doraHai="21" doraHaiUra="91" who="1" fromWho="1" sc="250,-13,240,37,250,-7,250,-7" /><INIT seed="1,0,0,1,5,61" ten="237,277,243,243" oya="1" hai0="75,120,37,109,22,62,52,122,129,95,51,107,13" hai1="34,39,57,68,90,35,87,8,27,111,96,29,32" hai2="63,94,48,23,1,2,65,126,118,79,16,124,123" hai3="18,26,60,14,85,20,86,115,103,71,135,28,80"/><U54/><E68/><V58/><F118/><W112/><G135/><T0/><D0/><U4/><E39/><V19/><F123/><N who="0" m="47146" /><D107/><U77/><E96/><V84/><F48/><W102/><G86/><T121/><D37/><U6/><E77/><V93/><F19/><W25/><G25/><T17/><D75/><U30/><E111/><V101/><F1/><W130/><G130/><T125/><D125/><N who="2" m="48234" /><F2/><W108/><G108/><T67/><D129/><U97/><E97/><V46/><F46/><W45/><G45/><N who="0" m="27759" /><D121/><U119/><E119/><V113/><F113/><W59/><G71/><N who="0" m="42487" /><D95/><U132/><E132/><V55/><F55/><W49/><G112/><T76/><D109/><U74/><E74/><V89/><F79/><AGARI ba="0,0" hai="13,17,22,76,79" m="42487,27759,47146" machi="79" ten="30,3900,0" yaku="13,1,52,1,54,1" doraHai="61" who="0" fromWho="2" sc="237,39,277,0,243,-39,243,0" /><INIT seed="2,0,0,2,1,72" ten="276,277,204,243" oya="2" hai0="54,25,118,31,56,50,96,81,49,47,24,22,71" hai1="3,18,2,82,35,106,28,95,115,51,15,123,97" hai2="135,39,76,48,75,60,42,100,88,104,32,80,77" hai3="78,0,133,37,85,4,109,92,79,33,36,6,8"/><V65/><F39/><W21/><G33/><T129/><D129/><U1/><E106/><V89/><F32/><W66/><G109/><T43/><D71/><U110/><E115/><V83/><F135/><W124/><G133/><T70/><D70/><U121/><E51/><V20/><F20/><W67/><G21/><T68/><D68/><U46/><E46/><V128/><F128/><W26/><G26/><T125/><D125/><U134/><E134/><V111/><F111/><W29/><G29/><T105/><D118/><U44/><E44/><N who="2" m="25623" /><F75/><W113/><G124/><T73/><D25/><N who="1" m="18831" /><E82/><N who="2" m="31275" /><F100/><W14/><G0/><T13/><D13/><U52/><E110/><V40/><F40/><W116/><G116/><T57/><D57/><U55/><E15/><V107/><F107/><W126/><G113/><T7/><D105/><U94/><E18/><V16/><F16/><N who="3" m="8263" /><G37/><T59/><D56/><U10/><E10/><V130/><F104/><W122/><G36/><T74/><D7/><N who="3" m="2601" /><G122/><N who="1" m="46602" /><E94/><V112/><F112/><W119/><G126/><T63/><D74/><U12/><E12/><V131/><F131/><W38/><G38/><T23/><D23/><U69/><E69/><N who="2" m="42151" /><F130/><W45/><G45/><T102/><D73/><U108/><E108/><V93/><F93/><W90/><G119/><T132/><D132/><U34/><E34/><V91/><F76/><AGARI ba="0,0" hai="66,67,76,78,79,85,90,92" m="2601,8263" machi="76" ten="30,8000,1" yaku="8,1,52,3,54,1" doraHai="72" who="3" fromWho="2" sc="276,0,277,0,204,-80,243,80" /><INIT seed="3,0,0,3,0,26" ten="276,277,124,323" oya="3" hai0="66,108,24,11,56,46,90,53,88,21,31,44,121" hai1="96,17,39,94,97,131,71,83,15,115,28,76,64" hai2="12,50,8,6,80,38,25,129,51,55,62,112,43" hai3="85,135,87,118,36,124,54,127,113,109,57,30,95"/><W92/><G113/><T78/><D121/><U114/><E39/><V63/><F112/><W72/><G118/><T98/><D108/><U102/><E131/><V41/><F129/><W99/><G72/><T13/><D78/><U122/><E122/><V106/><F106/><W133/><G30/><T5/><D66/><U60/><E28/><V100/><F38/><W84/><G36/><T132/><D132/><N who="3" m="50761" /><G109/><T22/><D22/><U86/><REACH who="1" step="1"/><E97/><REACH who="1" ten="276,267,124,323" step="2"/><V128/><F128/><W2/><G99/><T68/><D68/><U120/><E120/><V32/><F100/><W73/><G73/><T29/><D29/><U47/><E47/><N who="0" m="17961" /><D98/><U20/><AGARI ba="0,1" hai="15,17,20,60,64,71,76,83,86,94,96,102,114,115" machi="20" ten="20,2700,0" yaku="1,1,0,1,7,1,53,0" doraHai="26" doraHaiUra="42" who="1" fromWho="1" sc="276,-7,267,37,124,-7,323,-13" owari="269,-13.1,304,10.4,117,-38.3,310,41.0" /></mjloggm>