<mjloggm ver="2.3"><GO type="225" lobby="0"/><UN n0="%E3%81%82%E3%82%93%E3%81%AA%E3%81%A4" n1="%E4%B8%8B%E6%AE%B5%E3%83%81%E3%82%A7%E3%83%AA%E3%83%BC" n2="%E4%B8%89%E5%86%A0%E7%8E%8B%E3%83%BB%E5%B1%B1%E7%94%B0%E5%93%B2%E4%BA%BA" n3="%E3%81%B7%E3%82%8A%E3%82%93%E8%81%96%E4%BA%BA" dan="16,16,17,16" rate="2122.45,2141.34,2206.61,2114.87" sx="M,M,M,M"/><TAIKYOKU oya="0"/><INIT seed="0,0,0,1,4,126" ten="250,250,250,250" oya="0" hai0="5,65,81,55,10,2,109,111,103,19,63,88,133" hai1="75,15,6,7,79,60,104,80,66,106,18,93,9" hai2="134,17,58,0,105,48,12,41,49,26,57,118,64" hai3="113,1,61,108,62,77,107,56,128,85,135,70,131"/><T91/><D133/><U96/><E104/><V45/><F0/><W52/><G1/><T22/><D103/><U37/><E37/><V29/><F105/><W122/><G113/><T121/><D55/><U31/><E106/><V33/><F134/><W32/><G32/><T112/><D112/><U119/><E31/><V73/><F73/><W69/><G107/><T71/><D121/><U20/><E119/><V4/><F118/><W40/><G135/><T125/><D125/><U90/><REACH who="1" step="1"/><E9/><REACH who="1" ten="250,240,250,250" step="2"/><V74/><F29/><W54/><G122/><T46/><D46/><U97/><E97/><V24/><F33/><W116/><G116/><T89/><REACH who="0" step="1"/><D81/><REACH who="0" ten="240,240,250,250" step="2"/><U30/><E30/><V11/><F45/><W101/><G101/><T117/><D117/><U59/><AGARI ba="0,2" hai="6,7,15,18,20,59,60,66,75,79,80,90,93,96" machi="59" ten="20,5200,0" yaku="1,1,0,1,7,1,53,1" doraHai="126" doraHaiUra="14" who="1" fromWho="1" sc="240,-26,240,72,250,-13,250,-13" /><INIT seed="1,0,0,4,5,59" ten="214,312,237,237" oya="1" hai0="30,35,51,99,121,60,57,96,46,118,70,26,56" hai1="71,13,104,126,80,76,42,135,16,23,119,41,89" hai2="102,10,64,127,111,47,50,55,83,77,85,91,86" hai3="24,27,37,125,25,48,108,67,117,20,103,7,123"/><U68/><E119/><V79/><F111/><W92/><G37/><T12/><D118/><U100/><E126/><V17/><F127/><W15/><G125/><T54/><D121/><U69/><E135/><V34/><F34/><W106/><G106/><T33/><D33/><U95/><E100/><V116/><F116/><W11/><G108/><T93/><D12/><U45/><E104/><V62/><F102/><W101/><G117/><T87/><D87/><U43/><E45/><V122/><F122/><W98/><G103/><T88/><REACH who="0" step="1"/><D96/><REACH who="0" ten="204,312,237,237" step="2"/><U65/><E65/><AGARI ba="0,1" hai="26,30,35,46,51,54,56,57,60,65,70,88,93,99" machi="65" ten="40,8000,1" yaku="1,1,2,1,52,1,54,1,53,0" doraHai="59" doraHaiUra="39" who="0" fromWho="1" sc="204,90,312,-80,237,0,237,0" /><INIT seed="2,0,0,0,0,71" ten="294,232,237,237" oya="2" hai0="113,35,55,87,124,97,37,74,121,112,76,98,104" hai1="91,0,78,90,7,10,6,41,82,67,85,29,3" hai2="60,114,100,53,57,14,65,18,135,73,103,120,30" hai3="34,107,64,46,13,5,27,23,66,8,75,38,128"/><V43/><F114/><W15/><G107/><T70/><D70/><U42/><E67/><V61/><F120/><W36/><G34/><T116/><D35/><U16/><E29/><V89/><F135/><W81/><G15/><T49/><D121/><U54/><E54/><V95/><F73/><W96/><G96/><T68/><D124/><U62/><E62/><V129/><F30/><W24/><G24/><T32/><D32/><U123/><E123/><V26/><F43/><W44/><G46/><T58/><D68/><U134/><E134/><V33/><F129/><W86/><G75/><T88/><D37/><U119/><E119/><V99/><F33/><W22/><G22/><T127/><D97/><U21/><E90/><V59/><REACH who="2" step="1"/><F26/><REACH who="2" ten="294,232,227,237" step="2"/><W50/><G128/><T84/><D74/><U72/><E3/><V52/><F52/><W106/><G64/><T40/><D40/><U115/><E115/><V79/><F79/><W25/><G66/><T77/><D76/><U125/><E125/><V4/><F4/><W51/><G27/><T69/><D127/><U2/><E6/><V92/><F92/><W133/><G106/><T132/><D132/><U110/><E0/><V39/><F39/><W117/><G133/><T101/><D112/><U63/><E110/><V130/><F130/><W83/><G117/><T102/><D113/><U31/><E31/><V28/><F28/><N who="3" m="17471" /><G38/><T126/><D126/><U118/><E118/><V9/><AGARI ba="0,1" hai="9,14,18,53,57,59,60,61,65,89,95,99,100,103" machi="9" ten="20,18000,2" yaku="1,1,0,1,7,1,8,1,53,2" doraHai="71" doraHaiUra="56" who="2" fromWho="2" sc="294,-60,232,-60,227,190,237,-60" /><INIT seed="2,1,0,0,0,128" ten="234,172,417,177" oya="2" hai0="32,36,87,90,124,67,4,13,7,39,52,27,79" hai1="57,101,65,84,131,108,70,21,64,30,58,117,18" hai2="132,120,54,51,43,41,1,34,25,23,66,68,109" hai3="35,134,56,112,72,126,83,14,3,26,94,95,118"/><V85/><F1/><W98/><G3/><T38/><D124/><U105/><E117/><V99/><F34/><W49/><G112/><T63/><D79/><U106/><E70/><V11/><F11/><W6/><G126/><T97/><D97/><U9/><E131/><V114/><F25/><W78/><G6/><T104/><D104/><U122/><E122/><V74/><F23/><W46/><G14/><T77/><D77/><U135/><E108/><V2/><F85/><W5/><G5/><T62/><D13/><N who="1" m="7471" /><E105/><V130/><F68/><W129/><G129/><T60/><D67/><N who="1" m="25675" /><E106/><V8/><F74/><W31/><G118/><T69/><D69/><U113/><E113/><V24/><F2/><W20/><G35/><T121/><D121/><U110/><E110/><V40/><F109/><W76/><G76/><T53/><D4/><U17/><E30/><V81/><F114/><W61/><G98/><T116/><D7/><U12/><E135/><V88/><F132/><W10/><G134/><T15/><D15/><U96/><E84/><V119/><F99/><W45/><G10/><T89/><D116/><U100/><E96/><V16/><F8/><W133/><G133/><T44/><D87/><U48/><E48/><V93/><F51/><W127/><G127/><T115/><D115/><U107/><E107/><V33/><F119/><W59/><G49/><N who="0" m="28711" /><D53/><U125/><E125/><V71/><F130/><W55/><G59/><AGARI ba="1,0" hai="12,17,21,57,58,59,100,101" m="25675,7471" machi="59" ten="30,1000,0" yaku="8,1" doraHai="128" who="1" fromWho="3" sc="234,0,172,13,417,0,177,-13" /><INIT seed="3,0,0,1,1,42" ten="234,185,417,164" oya="3" hai0="23,96,89,92,33,18,12,110,45,106,120,0,2" hai1="90,113,68,124,29,52,121,8,14,63,40,43,79" hai2="116,49,26,78,4,71,104,126,133,105,57,82,128" hai3="60,115,85,135,95,75,53,74,47,123,3,93,5"/><W129/><G115/><T16/><D120/><U17/><E121/><V101/><F4/><W48/><G123/><T134/><D110/><U108/><E113/><V20/><F71/><W56/><G129/><T107/><D134/><U72/><E108/><V58/><F101/><W51/><G135/><T91/><D33/><U109/><E109/><V84/><F58/><W15/><G3/><T35/><D35/><U103/><E124/><V73/><F57/><W102/><G74/><T44/><D91/><U125/><E125/><V9/><F9/><N who="3" m="4527" /><G75/><T132/><D132/><U69/><E103/><V55/><F104/><W77/><G102/><T112/><D112/><U130/><E130/><V24/><F105/><W22/><G22/><N who="0" m="11527" /><D107/><U114/><E114/><V119/><F119/><W27/><G27/><N who="0" m="14839" /><D106/><U70/><E29/><V86/><F26/><W10/><G10/><T41/><D2/><U34/><E34/><V100/><F116/><W11/><G11/><T122/><D0/><U127/><E127/><V1/><F126/><W117/><G117/><T67/><D122/><U62/><E72/><V118/><F128/><W81/><G51/><N who="0" m="27023" /><D67/><AGARI ba="0,0" hai="47,48,53,56,60,67,77,81,85,93,95" m="4527" machi="67" ten="30,2900,0" yaku="8,1,52,1" doraHai="42" who="3" fromWho="0" sc="234,-29,185,0,417,0,164,29" /><INIT seed="3,1,0,1,2,116" ten="205,185,417,193" oya="3" hai0="17,112,129,128,27,69,104,123,79,96,70,38,89" hai1="40,33,77,110,56,109,16,117,7,61,44,100,8" hai2="84,108,82,124,135,74,87,28,88,94,52,85,12" hai3="13,126,86,132,20,120,131,64,30,39,46,24,99"/><W101/><G120/><T107/><D38/><U97/><E33/><V11/><F74/><W63/><G132/><T25/><D123/><U114/><E114/><V2/><F2/><W47/><G131/><N who="0" m="50251" /><D112/><U111/><E117/><V58/><F124/><W1/><G1/><T54/><D79/><U83/><E16/><N who="2" m="8223" /><F108/><W49/><G13/><T133/><D54/><U10/><E7/><V31/><F135/><W118/><G118/><T105/><D17/><U19/><E19/><V55/><F55/><W121/><G121/><T0/><D0/><U9/><E56/><V53/><F53/><W6/><G6/><T14/><D14/><U22/><E22/><V91/><F85/><W51/><G86/><T78/><D133/><U98/><E61/><AGARI ba="1,0" hai="28,31,52,58,61,82,84,87,88,91,94" m="8223" machi="61" ten="30,7700,0" yaku="8,1,54,3" doraHai="116" who="2" fromWho="1" sc="205,0,185,-80,417,80,193,0" owari="205,0.5,105,-39.5,497,59.7,193,-20.7" /></mjloggm>