<mjloggm ver="2.3"><GO type="225" lobby="0"/><UN n0="%E2%91%A3%E9%81%BF%E9%81%8A%E6%88%AF%E3%80%90%E6%9D%B1%E5%8D%97%E3%80%91" n1="%33%74%72%65%65" n2="%E3%81%9F%E3%81%93%E2%98%86%E7%84%BC%E3%81%8D" n3="%72%69%6F%75%63%68%61%6E" dan="16,17,16,16" rate="2083.69,2236.84,2119.88,2176.95" sx="M,F,M,M"/><TAIKYOKU oya="0"/><INIT seed="0,0,0,2,3,37" ten="250,250,250,250" oya="0" hai0="78,47,57,22,21,24,102,15,2,50,90,122,5" hai1="83,87,36,7,49,82,128,3,76,115,55,42,110" hai2="9,30,17,32,71,10,108,120,75,43,73,100,39" hai3="65,124,59,85,132,13,1,123,28,20,26,127,38"/><T46/><D122/><U31/><E110/><V67/><F100/><W89/><G132/><T97/><D2/><U133/><E133/><V41/><F39/><W103/><G123/><T98/><D78/><U54/><E128/><V51/><F51/><W88/><G1/><T4/><D57/><U72/><E115/><V6/><F108/><W27/><G38/><T66/><D66/><U117/><E117/><V34/><F17/><W105/><G13/><T112/><D112/><U8/><E31/><V94/><F94/><W130/><G130/><T91/><D15/><U68/><E68/><V56/><F56/><W134/><G134/><T40/><D102/><U106/><E106/><V0/><F120/><W35/><G89/><T63/><D63/><U129/><E49/><V81/><F81/><W79/><G79/><T113/><D113/><U116/><E116/><V25/><F9/><W80/><G103/><T77/><D77/><N who="1" m="46543" /><E129/><V29/><F29/><W53/><G65/><T131/><D131/><U44/><AGARI ba="0,0" hai="3,7,8,36,42,44,54,55,72,76,83" m="46543" machi="44" ten="30,2000,0" yaku="25,1,52,1" doraHai="37" who="1" fromWho="1" sc="250,-10,250,20,250,-5,250,-5" /><INIT seed="1,0,0,5,3,83" ten="240,270,245,245" oya="1" hai0="124,115,109,102,42,75,41,104,33,55,80,3,72" hai1="132,130,108,123,15,120,67,10,26,18,64,40,45" hai2="66,94,68,84,91,46,58,34,128,110,93,36,79" hai3="95,134,87,114,81,99,69,133,101,0,23,62,7"/><U17/><E130/><V56/><F34/><W78/><G114/><T89/><D115/><U32/><E132/><N who="3" m="50794" /><G23/><T13/><D3/><U16/><E108/><V24/><F24/><W63/><G69/><T12/><D109/><U28/><E64/><V53/><F79/><W70/><G70/><T59/><D33/><U96/><E67/><V6/><F6/><W48/><G48/><T131/><D131/><U35/><E96/><V107/><F107/><W111/><G111/><T57/><D104/><U30/><E45/><V65/><F65/><W105/><G105/><T122/><D102/><U8/><E40/><V125/><F56/><W27/><G27/><T97/><D75/><U92/><E92/><V90/><F125/><W77/><G77/><T22/><D124/><U103/><E103/><V127/><F127/><W52/><G52/><T118/><D72/><U88/><E88/><V5/><F66/><W82/><G81/><T126/><D126/><U113/><E113/><V121/><F68/><W129/><G129/><T31/><D55/><U2/><E32/><V100/><F100/><W25/><G25/><T74/><D74/><U61/><E61/><V54/><F53/><W38/><G38/><T49/><D49/><U98/><E30/><V71/><F71/><W14/><G0/><T51/><D31/><U76/><E76/><V106/><F106/><W37/><G37/><T50/><D42/><U86/><E2/><V60/><F110/><W135/><N who="3" m="50802" /><W117/><DORA hai="39" /><G117/><T21/><D41/><U119/><E119/><V9/><F128/><W1/><G1/><RYUUKYOKU ba="0,0" sc="240,-10,270,-10,245,-10,245,30" hai3="7,14,62,63,78,82,87,95,99,101" /><INIT seed="2,1,0,1,0,20" ten="230,260,235,275" oya="2" hai0="102,115,43,116,75,105,95,54,110,24,8,133,34" hai1="113,96,131,130,88,38,10,53,104,122,72,66,121" hai2="9,103,49,2,77,86,47,135,37,12,128,79,82" hai3="59,35,92,19,32,74,13,93,125,67,94,81,44"/><V51/><F2/><W46/><G125/><T27/><D34/><U73/><E38/><V55/><F37/><W124/><G124/><T3/><D115/><U29/><E66/><V58/><F128/><N who="1" m="49193" /><E113/><V114/><F135/><W118/><G118/><T63/><D105/><U18/><E53/><N who="2" m="29887" /><F103/><W120/><G120/><N who="1" m="46186" /><E29/><V61/><F114/><W0/><G0/><T117/><D75/><U45/><E45/><V112/><F112/><W68/><G68/><T40/><D116/><U89/><E10/><V41/><F41/><W1/><G44/><T39/><D117/><U106/><E18/><N who="2" m="8463" /><F51/><W123/><G123/><T119/><D39/><U4/><E4/><V16/><F16/><W25/><G46/><T85/><D43/><U126/><E126/><V91/><AGARI ba="1,0" hai="55,58,61,77,79,82,86,91" m="8463,29887" machi="91" ten="30,3000,0" yaku="25,1,8,1" doraHai="20" who="2" fromWho="2" sc="230,-11,260,-11,235,33,275,-11" /><INIT seed="2,2,0,3,0,45" ten="219,249,268,264" oya="2" hai0="92,96,108,32,22,82,134,117,100,67,31,76,122" hai1="109,59,18,47,53,48,91,0,44,9,14,120,128" hai2="133,33,13,105,126,84,66,64,135,83,28,72,71" hai3="34,107,113,11,42,69,74,49,75,30,111,87,110"/><V19/><F105/><W89/><G107/><T62/><D122/><U103/><E120/><V127/><F72/><W68/><G113/><T78/><D117/><U25/><E109/><N who="3" m="41482" /><G11/><T95/><D108/><U79/><E128/><V70/><F28/><W86/><G86/><T56/><D32/><U6/><E103/><V131/><F33/><W36/><G36/><T7/><D7/><U4/><E79/><N who="2" m="46207" /><F70/><N who="3" m="27243" /><G42/><T58/><D134/><N who="2" m="51210" /><F71/><W20/><G34/><T17/><D31/><U132/><E132/><V50/><F50/><W35/><G35/><T121/><D121/><U80/><E48/><V46/><F46/><W73/><G49/><T15/><D58/><U27/><E44/><V26/><F26/><N who="3" m="16711" /><G73/><T61/><D62/><U119/><E47/><V116/><F116/><W112/><G112/><T114/><D114/><U55/><E119/><V24/><F24/><W12/><G12/><T93/><D78/><U5/><E27/><V8/><F131/><W102/><G102/><T54/><D67/><AGARI ba="2,0" hai="8,13,19,64,66,67,126,127" m="51210,46207" machi="67" ten="30,1500,0" yaku="20,1" doraHai="45" who="2" fromWho="0" sc="219,-21,249,0,268,21,264,0" /><INIT seed="2,3,0,3,1,77" ten="198,249,289,264" oya="2" hai0="21,72,105,39,36,66,132,57,94,129,107,83,88" hai1="64,112,121,68,78,65,92,110,51,0,89,17,24" hai2="35,69,41,37,101,34,2,58,1,63,55,33,31" hai3="119,12,6,4,43,61,60,47,25,133,15,125,120"/><V102/><F31/><W38/><G119/><T71/><D71/><U16/><E112/><V50/><F2/><W8/><G120/><T62/><D132/><U87/><E0/><V86/><F1/><W20/><G125/><T22/><D129/><U32/><E110/><V97/><F97/><W79/><G133/><T14/><D39/><U124/><E124/><V95/><F95/><W115/><G115/><T134/><D36/><U84/><E121/><V54/><F86/><W82/><G6/><T99/><D134/><U53/><E32/><V106/><F106/><W56/><G15/><T116/><D116/><U19/><E24/><V7/><F7/><W11/><G11/><T70/><D70/><U113/><E68/><V128/><F128/><W109/><G56/><T9/><D107/><U13/><E13/><V52/><F55/><W5/><G5/><N who="0" m="3375" /><D105/><U104/><E104/><V42/><F41/><W118/><G109/><T114/><D114/><U76/><E113/><V98/><F98/><W26/><G118/><T46/><D46/><N who="1" m="27895" /><E76/><V73/><F73/><W75/><REACH who="3" step="1"/><G26/><REACH who="3" ten="198,249,289,254" step="2"/><T23/><D72/><U80/><AGARI ba="3,1" hai="16,17,19,64,65,78,80,84,87,89,92" m="27895" machi="80" ten="30,4000,0" yaku="8,1,52,1,54,1" doraHai="77" who="1" fromWho="1" sc="198,-13,249,59,289,-23,254,-13" /><INIT seed="3,0,0,4,1,90" ten="185,308,266,241" oya="3" hai0="93,0,41,84,58,92,44,94,33,75,11,109,5" hai1="38,30,114,24,99,124,107,113,10,64,103,101,62" hai2="135,117,48,2,26,31,121,59,126,78,134,40,56" hai3="18,52,86,98,17,39,23,66,68,61,65,19,43"/><W77/><G39/><T130/><D75/><U21/><E124/><V91/><F2/><W111/><G111/><T16/><D109/><U22/><E38/><V79/><F117/><W6/><G6/><T60/><D33/><N who="1" m="20679" /><E101/><V29/><F40/><W36/><G36/><T122/><D122/><U53/><E53/><V47/><F121/><W123/><G123/><T15/><D130/><U119/><E10/><V87/><F56/><N who="3" m="34951" /><G68/><T116/><D116/><U105/><E105/><V1/><F59/><W74/><G74/><T9/><D84/><U128/><E128/><V3/><F1/><W8/><G43/><T35/><D35/><U73/><E73/><V71/><F3/><W14/><G98/><T102/><D102/><U95/><E119/><V96/><F31/><W20/><G23/><N who="1" m="8714" /><E95/><V46/><F96/><W28/><G28/><T131/><D131/><U13/><E13/><V112/><F29/><W83/><G18/><T129/><D129/><U81/><E81/><V97/><F97/><W69/><G69/><AGARI ba="0,0" hai="62,64,69,99,103,107,113,114" m="8714,20679" machi="69" ten="30,1000,0" yaku="25,1" doraHai="90" who="1" fromWho="3" sc="185,0,308,10,266,0,241,-10" owari="185,-31.5,318,41.8,266,6.6,231,-16.9" /></mjloggm>