<mjloggm ver="2.3"><GO type="225" lobby="0"/><UN n0="%E3%81%99%E3%81%84%E3%81%BE%E3%81%9B%E3%83%BC%E3%82%93" n1="%E3%82%B5%E3%83%AB%E3%82%B7%E3%83%B3" n2="%33%74%72%65%65" n3="%E9%80%9F%E6%B0%B4%E5%87%9B%E9%A6%99" dan="16,16,17,16" rate="2134.79,2116.79,2146.08,2124.64" sx="M,M,F,F"/><TAIKYOKU oya="0"/><INIT seed="0,0,0,0,4,3" ten="250,250,250,250" oya="0" hai0="7,97,58,106,44,133,78,81,85,57,68,40,37" hai1="20,118,54,29,25,19,6,53,102,26,34,94,41" hai2="0,32,35,71,21,127,33,75,51,76,48,5,9" hai3="123,50,66,64,109,27,63,120,56,24,17,111,90"/><T79/><D68/><U98/><E118/><V115/><F115/><W101/><G101/><T83/><D133/><U100/><E41/><V12/><F127/><W104/><G104/><T107/><D7/><U121/><E121/><N who="3" m="46666" /><G90/><T8/><D8/><U13/><REACH who="1" step="1"/><E100/><REACH who="1" ten="250,240,250,250" step="2"/><V52/><F71/><W39/><G111/><T11/><D40/><U91/><E91/><V31/><F52/><W72/><G109/><T80/><D79/><U69/><E69/><V60/><F60/><W92/><G63/><T73/><D78/><U88/><E88/><V134/><F134/><W119/><G119/><T131/><D131/><U128/><E128/><V89/><F89/><W4/><G64/><T77/><D77/><U67/><E67/><V114/><F114/><W132/><G66/><T61/><D61/><U15/><E15/><V135/><F135/><W30/><G132/><T43/><D73/><U14/><E14/><V125/><F125/><W126/><G72/><T23/><D107/><U59/><E59/><V130/><F130/><W122/><G56/><T38/><D58/><U124/><E124/><V82/><REACH who="2" step="1"/><F12/><REACH who="2" ten="250,240,240,250" step="2"/><W65/><N who="3" m="46674" /><W42/><DORA hai="96" /><G126/><T110/><D110/><U16/><E16/><V10/><F10/><AGARI ba="0,2" hai="6,10,13,19,20,25,26,29,34,53,54,94,98,102" machi="10" ten="40,8000,1" yaku="1,1,52,2,53,2" doraHai="3,96" doraHaiUra="70,49" who="1" fromWho="2" sc="250,0,240,100,240,-80,250,0" /><INIT seed="1,0,0,2,0,83" ten="250,340,160,250" oya="1" hai0="118,69,22,113,131,72,16,36,125,104,80,9,0" hai1="85,90,5,47,59,135,127,77,86,88,10,38,117" hai2="42,28,40,3,60,18,87,89,133,2,39,31,37" hai3="48,92,126,35,13,25,99,56,95,134,61,84,63"/><U57/><E117/><V62/><F133/><W8/><G134/><T111/><RYUUKYOKU type="yao9" ba="0,0" sc="250,0,340,0,160,0,250,0" hai0="0,9,16,22,36,69,72,80,104,111,113,118,125,131" /><INIT seed="1,1,0,5,3,89" ten="250,340,160,250" oya="1" hai0="101,74,126,1,131,133,0,71,15,116,49,91,123" hai1="27,68,16,100,38,47,118,119,4,17,21,92,62" hai2="72,13,14,90,10,46,115,88,30,2,42,84,66" hai3="114,86,5,85,40,3,9,120,117,102,28,58,112"/><U19/><E4/><V99/><F115/><W98/><G120/><T24/><D116/><U20/><E38/><V44/><F72/><W93/><G117/><T11/><D71/><U110/><E47/><V23/><F66/><W45/><G28/><T77/><D123/><U69/><E110/><V48/><F2/><W108/><G108/><T18/><D101/><U57/><E119/><V64/><F64/><W103/><G58/><T135/><D131/><U127/><E127/><V105/><F46/><W121/><G121/><T60/><D60/><U97/><E118/><V73/><F73/><W22/><G22/><T59/><D126/><U63/><E63/><V25/><F10/><W56/><G56/><T76/><D24/><U8/><E8/><V53/><F42/><W12/><G3/><T34/><D34/><U36/><E36/><V124/><F124/><W129/><G129/><T78/><D74/><U113/><E113/><V43/><F43/><W111/><G111/><T107/><D107/><U32/><E32/><V95/><REACH who="2" step="1"/><F105/><REACH who="2" ten="250,340,150,250" step="2"/><W109/><G109/><T55/><D0/><U83/><E69/><V96/><F96/><W37/><G114/><T7/><D1/><U125/><E68/><V75/><F75/><W50/><G112/><T33/><D7/><U104/><E104/><V94/><AGARI ba="1,1" hai="13,14,23,25,30,44,48,53,84,88,90,94,95,99" machi="94" ten="20,16000,3" yaku="1,1,0,1,7,1,8,1,52,2,54,1,53,2" doraHai="89" doraHaiUra="87" who="2" fromWho="2" sc="250,-41,340,-81,150,173,250,-41" /><INIT seed="2,0,0,0,1,91" ten="209,259,323,209" oya="2" hai0="119,90,106,29,120,3,35,126,112,60,78,84,117" hai1="37,125,123,88,96,2,52,27,132,17,25,54,45" hai2="26,6,99,92,122,57,69,56,101,5,82,11,46" hai3="18,94,76,62,41,105,36,131,30,103,109,74,53"/><V13/><F122/><W8/><G109/><T113/><D3/><U38/><E2/><V12/><F69/><W133/><G131/><T67/><D120/><U19/><E123/><V86/><F26/><W124/><G105/><T129/><D129/><U93/><E132/><V21/><F46/><W70/><G133/><T10/><D106/><U97/><E125/><V73/><F73/><W89/><G124/><T68/><D126/><U7/><E7/><V102/><F102/><W4/><G103/><T59/><D78/><U95/><E45/><V108/><F108/><W20/><G30/><T16/><D68/><U1/><E1/><V49/><F49/><W66/><G53/><T110/><D110/><U134/><E134/><V51/><F51/><W44/><G76/><T130/><D130/><U43/><REACH who="1" step="1"/><E88/><REACH who="1" ten="209,249,323,209" step="2"/><N who="2" m="51287" /><F5/><W23/><G4/><T127/><D127/><U107/><E107/><V121/><F121/><W81/><G44/><T128/><D128/><U79/><E79/><V31/><F31/><W61/><G36/><T63/><D29/><U116/><E116/><V114/><F114/><W115/><G115/><T64/><D113/><U104/><E104/><V47/><F47/><W58/><G41/><AGARI ba="0,1" hai="17,19,25,27,37,38,41,43,52,54,93,95,96,97" machi="41" ten="25,12000,2" yaku="1,1,22,2,52,2,54,1,53,0" doraHai="91" doraHaiUra="80" who="1" fromWho="3" sc="209,0,249,130,323,0,209,-120" /><INIT seed="3,0,0,2,5,114" ten="209,379,323,89" oya="3" hai0="126,57,6,44,45,90,15,63,50,81,76,101,41" hai1="10,122,89,20,26,65,96,14,128,32,46,53,93" hai2="73,2,58,12,109,34,75,94,107,129,100,49,37" hai3="42,51,98,68,70,54,19,9,105,1,30,35,130"/><W91/><G130/><T22/><D126/><U24/><E122/><V29/><F2/><W36/><G42/><T28/><D101/><U132/><E132/><V55/><F37/><W62/><G36/><T103/><D103/><U133/><E133/><V71/><F71/><W64/><G68/><T47/><D90/><U99/><E128/><V116/><F129/><W78/><G78/><T3/><D3/><U87/><E32/><V39/><F39/><W18/><G1/><T80/><D28/><N who="1" m="17415" /><E26/><V104/><F29/><W77/><G9/><N who="0" m="4535" /><D22/><U13/><E65/><V113/><F34/><W74/><G74/><T125/><D125/><U31/><E31/><V27/><F27/><N who="3" m="18911" /><G77/><T102/><D102/><U119/><E119/><V59/><F116/><W33/><G33/><T21/><D21/><U106/><E106/><V124/><F113/><W110/><G110/><T121/><D121/><U84/><E84/><V69/><F69/><W83/><G83/><N who="0" m="31819" /><D76/><U95/><E53/><AGARI ba="0,0" hai="41,44,45,47,50,53,57,63" m="31819,4535" machi="53" ten="30,1000,0" yaku="8,1" doraHai="114" who="0" fromWho="1" sc="209,10,379,-10,323,0,89,0" owari="219,-18.1,369,46.9,323,12.3,89,-41.1" /></mjloggm>