<mjloggm ver="2.3"><GO type="225" lobby="0"/><UN n0="%E3%83%A9%E3%82%A4%E3%83%B3%E3%81%AE%E8%99%8E" n1="%6D%75%75%73%61%6E%6D%75" n2="%E5%B6%BA%E4%B8%8A%E5%92%B2" n3="%28%EF%BF%A3%E2%96%BD%EF%BF%A3%29%CE%B4%E2%8C%92%E3%83%BB" dan="16,17,16,17" rate="2100.14,2157.61,2089.45,2262.08" sx="M,F,F,M"/><TAIKYOKU oya="0"/><INIT seed="0,0,0,2,5,74" ten="250,250,250,250" oya="0" hai0="47,78,81,90,83,119,104,63,84,32,108,125,79" hai1="19,9,41,14,7,28,20,0,70,15,62,110,55" hai2="12,128,86,116,122,123,98,100,2,99,96,54,130" hai3="121,114,61,11,34,58,112,31,105,95,26,43,60"/><T135/><D32/><U25/><E41/><V118/><F2/><W101/><G121/><N who="2" m="46089" /><F12/><N who="1" m="4649" /><E55/><V18/><F54/><W4/><G105/><T76/><D119/><N who="2" m="45610" /><F18/><W59/><G43/><T64/><D104/><U117/><E62/><V107/><F86/><W51/><G51/><T38/><D125/><U87/><E70/><V1/><F1/><W66/><G95/><T93/><D135/><U97/><E87/><V75/><F75/><W113/><G101/><T37/><D108/><U71/><E71/><V6/><F6/><W50/><G50/><T24/><D24/><N who="1" m="14367" /><E117/><V40/><F40/><W131/><G131/><AGARI ba="0,0" hai="96,98,99,100,107,128,130,131" m="45610,46089" machi="131" ten="40,8000,1" yaku="19,1,12,1,34,2" doraHai="74" who="2" fromWho="3" sc="250,0,250,0,250,80,250,-80" /><INIT seed="1,0,0,0,4,129" ten="250,250,330,170" oya="1" hai0="79,126,54,100,23,86,1,85,133,7,34,9,123" hai1="94,6,38,25,59,48,134,84,41,83,37,49,58" hai2="112,69,21,124,47,43,63,90,122,35,2,105,106" hai3="4,18,131,3,91,73,30,62,31,52,82,16,14"/><U19/><E94/><V33/><F122/><W66/><G131/><T88/><D34/><U72/><E72/><V97/><F124/><W99/><G3/><T96/><D126/><U87/><E6/><V92/><F2/><W68/><G4/><T24/><D123/><U102/><E102/><V29/><F112/><W109/><G109/><T50/><D79/><U128/><E128/><V71/><F21/><W121/><G121/><T132/><D96/><U130/><E130/><V56/><F29/><W125/><G125/><T120/><D100/><U12/><E25/><V80/><F80/><W64/><G64/><T28/><D120/><U89/><E84/><V55/><F33/><W116/><G116/><T65/><D65/><U26/><E26/><V13/><F13/><W76/><G18/><T119/><D119/><U115/><E115/><V61/><F35/><W81/><G99/><T74/><D74/><U110/><E110/><V67/><REACH who="2" step="1"/><F69/><REACH who="2" ten="250,250,320,170" step="2"/><W111/><G111/><T36/><D36/><AGARI ba="0,1" hai="36,43,47,55,56,61,63,67,71,90,92,97,105,106" machi="36" ten="30,7700,0" yaku="1,1,2,1,7,1,53,1" doraHai="129" doraHaiUra="93" who="2" fromWho="0" sc="250,-77,250,0,320,87,170,0" /><INIT seed="2,0,0,3,5,3" ten="173,250,407,170" oya="2" hai0="125,42,116,9,67,118,73,66,135,110,94,48,115" hai1="2,126,14,53,117,111,80,108,82,18,114,55,52" hai2="4,60,10,49,23,79,62,131,59,95,24,122,51" hai3="44,58,43,90,75,83,31,123,132,63,56,100,102"/><V120/><F131/><W107/><G123/><T11/><D73/><U16/><E114/><V74/><F120/><W1/><G132/><T104/><D104/><U72/><E117/><V68/><F122/><W88/><G1/><T37/><D37/><U65/><E2/><V7/><F68/><W101/><G107/><T40/><D94/><U6/><E126/><V112/><F112/><W57/><G31/><T64/><D115/><U54/><E65/><V103/><F79/><W121/><G121/><T41/><D48/><U134/><E134/><V13/><F74/><W34/><G34/><T8/><D135/><U69/><E69/><V99/><F4/><W91/><G75/><T133/><D133/><U97/><N who="1" m="13312" /><DORA hai="50" /><U119/><E119/><N who="0" m="45609" /><D110/><N who="1" m="42027" /><E72/><V17/><F60/><W85/><REACH who="3" step="1"/><G63/><REACH who="3" ten="173,250,407,160" step="2"/><T22/><D22/><U15/><E97/><V47/><F47/><W124/><G124/><AGARI ba="0,1" hai="8,9,11,40,41,42,64,66,67,124,125" m="45609" machi="124" ten="40,8000,1" yaku="29,2,28,2,12,1" doraHai="3,50" who="0" fromWho="3" sc="173,90,250,0,407,0,160,-80" /><INIT seed="3,0,0,3,4,130" ten="263,250,407,80" oya="3" hai0="72,43,103,10,116,107,22,9,104,125,8,135,123" hai1="83,129,34,120,20,94,98,78,88,100,47,30,82" hai2="4,38,69,118,67,42,84,27,46,61,36,71,106" hai3="31,40,41,73,111,64,25,32,112,48,65,91,18"/><W28/><G73/><T121/><D116/><U2/><E120/><V6/><F106/><W60/><G112/><T102/><D72/><U119/><E2/><V11/><F118/><W99/><G111/><T89/><D43/><U86/><E119/><V124/><F124/><W97/><G18/><T70/><D89/><U35/><E129/><V55/><F27/><W79/><G79/><T128/><D128/><U101/><E34/><V96/><F96/><W17/><G17/><T127/><D22/><U16/><E35/><V85/><F4/><W122/><G122/><N who="0" m="46603" /><D70/><U58/><E47/><V21/><F21/><W62/><G32/><T80/><D80/><N who="1" m="47383" /><E30/><V14/><F69/><W90/><REACH who="3" step="1"/><G48/><REACH who="3" ten="263,250,407,70" step="2"/><T26/><D125/><U24/><E16/><V134/><F38/><W113/><G113/><T63/><D127/><U76/><E20/><V57/><F134/><W53/><G53/><T0/><D135/><U77/><E24/><AGARI ba="0,1" hai="24,25,28,31,40,41,60,62,64,65,90,91,97,99" machi="24" ten="25,9600,0" yaku="1,1,22,2,8,1,53,0" doraHai="130" doraHaiUra="15" who="3" fromWho="1" sc="263,0,250,-96,407,0,70,106" /><INIT seed="3,1,0,2,5,17" ten="263,154,407,176" oya="3" hai0="76,132,121,107,118,86,66,8,73,90,24,130,22" hai1="116,46,97,81,2,0,51,115,87,105,65,96,16" hai2="88,94,119,12,48,26,62,47,49,58,77,38,70" hai3="10,98,79,93,120,67,82,44,131,68,14,85,124"/><W74/><G120/><T3/><D121/><U84/><E115/><V55/><F119/><W56/><G68/><T21/><D118/><U35/><E35/><V15/><F70/><W100/><G124/><T128/><D107/><U135/><E116/><V110/><F110/><W99/><G131/><N who="0" m="50219" /><D132/><U103/><E135/><V31/><F77/><W23/><G44/><T122/><D122/><U78/><E2/><V112/><F112/><W4/><G98/><N who="1" m="37994" /><E0/><V134/><F38/><W109/><G109/><T83/><D66/><U125/><E105/><V71/><F71/><W126/><G126/><T50/><D50/><U54/><E125/><V101/><F101/><W11/><G74/><T27/><D8/><U59/><E103/><V114/><F114/><W106/><G106/><T75/><D3/><U53/><E65/><V6/><F6/><W41/><G41/><T129/><N who="0" m="50227" /><T89/><DORA hai="37" /><D89/><U40/><E59/><V80/><F47/><W72/><G72/><N who="0" m="27723" /><D90/><N who="1" m="51471" /><E16/><V69/><F48/><W18/><G4/><T33/><D33/><U113/><E113/><V133/><F55/><W91/><G100/><T42/><D42/><U29/><E29/><V9/><F9/><W30/><G30/><T34/><D27/><U104/><E104/><V52/><F94/><W127/><G127/><T36/><D36/><U5/><E5/><V102/><F102/><W123/><G123/><T1/><D1/><U28/><E28/><AGARI ba="1,0" hai="21,22,24,28,34,76,83,86" m="27723,50227" machi="28" ten="50,6400,0" yaku="19,1,52,2" doraHai="17,37" who="0" fromWho="1" sc="263,67,154,-67,407,0,176,0" owari="330,13.0,87,-41.3,407,50.7,176,-22.4" /></mjloggm>