<mjloggm ver="2.3"><GO type="225" lobby="0"/><UN n0="%E3%81%B5%E3%81%98%E3%81%8B%E3%81%A4" n1="%E6%9D%B1%E9%A2%A8%E3%81%AE%E3%81%8D%E3%82%83%E3%81%B7%E3%81%95%E3%82%93" n2="%E3%81%8B%E3%82%8F%E3%81%A1%E3%82%83%E3%82%93%35%38" n3="%72%69%6F%75%63%68%61%6E" dan="17,17,16,16" rate="2204.17,2197.33,2184.97,2205.19" sx="M,M,M,M"/><TAIKYOKU oya="0"/><INIT seed="0,0,0,1,3,88" ten="250,250,250,250" oya="0" hai0="71,132,5,43,8,67,91,54,123,29,25,93,48" hai1="59,98,36,70,16,10,96,89,80,45,40,108,125" hai2="104,128,17,34,131,61,27,7,20,60,92,37,74" hai3="28,72,105,124,31,120,15,76,57,90,113,26,3"/><T9/><D132/><U56/><E70/><V106/><F37/><W81/><G113/><T79/><D123/><U116/><E116/><V13/><F74/><W6/><G120/><T135/><D135/><U126/><E108/><V85/><F85/><W84/><G124/><N who="1" m="47722" /><E80/><V130/><F92/><W49/><G105/><N who="2" m="40553" /><F7/><W129/><G129/><N who="2" m="33025" /><V127/><DORA hai="47" /><F127/><W134/><G134/><T32/><D79/><U112/><E112/><V119/><F119/><W78/><G3/><T87/><D43/><U103/><E89/><V19/><F34/><W42/><G76/><T82/><D5/><U73/><E73/><V118/><F118/><W2/><G2/><T30/><D30/><U14/><E98/><V86/><F86/><W51/><G28/><T122/><D82/><U133/><E133/><V58/><F58/><W99/><G99/><T69/><D122/><U38/><E38/><V0/><F0/><W64/><G42/><T62/><REACH who="0" step="1"/><D71/><REACH who="0" ten="240,250,250,250" step="2"/><U1/><E1/><V39/><F39/><W109/><G78/><T11/><D11/><AGARI ba="0,1" hai="11,13,17,19,20,27,60,61" m="33025,40553" machi="11" ten="40,1300,0" yaku="19,1" doraHai="88,47" who="2" fromWho="0" sc="240,-13,250,0,250,23,250,0" /><INIT seed="1,0,0,4,3,48" ten="227,250,273,250" oya="1" hai0="51,34,60,67,38,91,80,88,36,53,1,118,33" hai1="133,49,122,12,46,2,104,86,37,27,16,116,55" hai2="94,95,69,101,41,100,79,78,82,114,59,121,117" hai3="120,125,66,26,52,115,83,134,62,109,9,35,24"/><U15/><E104/><V39/><F69/><W3/><G120/><T102/><D118/><U21/><E2/><V8/><F39/><W58/><G115/><T93/><D1/><U81/><E122/><V126/><F41/><W42/><G109/><T14/><D102/><U113/><E113/><V123/><F8/><W90/><G125/><T128/><D128/><U56/><E116/><V13/><F13/><N who="1" m="5193" /><E133/><V57/><F114/><W99/><G134/><T89/><D38/><U132/><E132/><V17/><F117/><W119/><G119/><T19/><D36/><U6/><E37/><V30/><F82/><W11/><G42/><T127/><D127/><U68/><E68/><V31/><REACH who="2" step="1"/><F126/><REACH who="2" ten="227,250,263,250" step="2"/><W29/><G3/><T22/><D80/><U103/><E6/><V23/><F23/><W108/><G108/><T97/><D34/><U106/><E106/><V135/><F135/><W77/><G24/><T74/><D33/><U110/><E110/><V65/><F65/><W112/><G112/><T72/><D72/><U129/><E129/><V25/><F25/><W5/><G66/><T75/><D75/><U50/><E103/><V63/><F63/><W107/><G5/><T7/><D7/><U87/><E81/><V32/><F32/><W28/><G35/><T4/><D4/><U47/><E47/><V40/><F40/><AGARI ba="0,1" hai="16,21,27,40,46,49,50,55,56,86,87" m="5193" machi="40" ten="30,5800,0" yaku="8,1,52,1,54,1" doraHai="48" who="1" fromWho="2" sc="227,0,250,68,263,-58,250,0" /><INIT seed="1,1,0,0,0,5" ten="227,318,205,250" oya="1" hai0="70,27,37,32,51,45,36,16,78,101,125,109,60" hai1="110,55,86,90,66,3,43,61,85,126,93,82,46" hai2="49,23,57,96,59,111,10,133,31,105,1,30,63" hai3="54,4,18,120,24,15,80,67,103,29,88,35,47"/><U69/><E126/><V19/><F111/><W9/><G120/><T6/><D109/><U40/><E110/><V71/><F71/><W108/><G108/><T52/><D125/><U102/><E3/><V99/><F133/><W115/><G115/><T58/><D101/><U94/><E102/><V33/><F33/><W116/><G116/><T14/><D78/><U75/><E75/><V134/><F134/><W124/><G124/><T11/><D70/><U68/><E68/><V20/><F1/><W12/><G103/><T48/><D48/><U107/><E107/><V131/><F131/><W50/><G67/><T76/><D76/><U104/><E104/><V87/><F105/><W112/><G112/><T38/><D38/><U121/><E121/><V114/><F114/><W119/><G119/><T91/><D91/><U113/><E113/><V77/><F49/><W2/><REACH who="3" step="1"/><G18/><REACH who="3" ten="227,318,205,240" step="2"/><T74/><D74/><U62/><E94/><V123/><F19/><W26/><G26/><T44/><D16/><U39/><E40/><V81/><F123/><W7/><G7/><T117/><D117/><U65/><E55/><V64/><F64/><W28/><G28/><T95/><D27/><U53/><E53/><V128/><F30/><W56/><G56/><T118/><D118/><U41/><E41/><V135/><F31/><W22/><G22/><T8/><D6/><U73/><E65/><V83/><F59/><W34/><G34/><T25/><D32/><U17/><E17/><V130/><F57/><W21/><G21/><T84/><D58/><U92/><E66/><V98/><F20/><RYUUKYOKU ba="1,1" sc="227,-10,318,-10,205,-10,240,30" hai3="2,4,9,12,15,24,29,35,47,50,54,80,88" /><INIT seed="2,2,1,0,0,76" ten="217,308,195,270" oya="2" hai0="80,82,18,126,29,44,6,125,11,13,94,33,23" hai1="97,12,92,54,28,121,113,107,85,115,105,32,86" hai2="59,45,123,24,130,99,38,110,53,129,131,42,25" hai3="57,87,50,100,8,79,14,127,104,31,122,41,89"/><V37/><F123/><W7/><G122/><T16/><D44/><U4/><E121/><V17/><F38/><W124/><G31/><T71/><D71/><U61/><E107/><V116/><F116/><W34/><G34/><T9/><D94/><U26/><E105/><V10/><F110/><W40/><G79/><T84/><D84/><U72/><E72/><V81/><F99/><N who="3" m="61471" /><G50/><T120/><D120/><U48/><E61/><N who="2" m="36079" /><F81/><N who="0" m="31338" /><D18/><U62/><E62/><V63/><F63/><W15/><G15/><AGARI ba="2,1" hai="10,15,17,24,25,37,42,45,129,130,131" m="36079" machi="15" ten="30,1500,0" yaku="19,1" doraHai="76" who="2" fromWho="3" sc="217,0,308,0,195,31,270,-21" /><INIT seed="2,3,0,4,4,19" ten="217,308,226,249" oya="2" hai0="17,60,61,72,29,100,7,40,79,96,4,16,38" hai1="102,107,59,81,105,50,46,130,9,36,3,71,129" hai2="85,108,64,6,83,97,92,18,111,25,76,99,26" hai3="123,27,49,67,80,66,34,12,51,62,110,106,58"/><V41/><F6/><N who="0" m="2090" /><D38/><U115/><E3/><V70/><F41/><W0/><G123/><T94/><D72/><U24/><E9/><V37/><F37/><W5/><G0/><T101/><D79/><U53/><E71/><V13/><F64/><W128/><G110/><N who="2" m="42025" /><F70/><W90/><G128/><N who="1" m="49258" /><E115/><V20/><F99/><W21/><G106/><N who="1" m="40458" /><E81/><V68/><F68/><W11/><G34/><T125/><D40/><N who="1" m="22791" /><E24/><V54/><F54/><W120/><G67/><T114/><D114/><U131/><N who="1" m="49266" /><U28/><DORA hai="2" /><E28/><V133/><F133/><W104/><G104/><T89/><D29/><U44/><E102/><AGARI ba="3,0" hai="13,18,20,25,26,76,83,85,92,97,102" m="42025" machi="102" ten="30,5800,0" yaku="14,1,10,1,52,1" doraHai="19,2" who="2" fromWho="1" sc="217,0,308,-67,226,67,249,0" /><INIT seed="2,4,0,0,4,84" ten="217,241,293,249" oya="2" hai0="73,37,81,88,21,24,76,30,52,79,90,71,49" hai1="86,72,63,20,99,36,31,38,106,96,12,62,40" hai2="134,34,77,0,110,3,1,103,23,43,54,67,27" hai3="125,113,7,135,66,10,29,46,119,101,45,100,92"/><V2/><F2/><W107/><G119/><T128/><D37/><U89/><E72/><V120/><F103/><W25/><G107/><T59/><D128/><U60/><E106/><V114/><F77/><N who="0" m="29770" /><D71/><U15/><E40/><V18/><F67/><W8/><G125/><T65/><D73/><U56/><E38/><V87/><F43/><W11/><G135/><T130/><D130/><U70/><E36/><V83/><F83/><W6/><G113/><T115/><D115/><U111/><E111/><V22/><F87/><W51/><G66/><T85/><D65/><U58/><E70/><V74/><F54/><W126/><G126/><T131/><D131/><U105/><E105/><V109/><F74/><W124/><G124/><T116/><D116/><U121/><E121/><V32/><F114/><W64/><G64/><T14/><D14/><N who="1" m="5163" /><E20/><N who="2" m="13719" /><F120/><W117/><G117/><T13/><D13/><U82/><E31/><V97/><F134/><W122/><G122/><T26/><D24/><U44/><E44/><V98/><F23/><N who="3" m="15551" /><G45/><T19/><D30/><U61/><N who="1" m="15360" /><DORA hai="9" /><U78/><E78/><AGARI ba="4,0" hai="19,21,26,49,52,59,78,81,85,88,90" m="29770" machi="78" ten="30,8000,1" yaku="8,1,52,2,54,2" doraHai="84,9" who="0" fromWho="1" sc="217,92,241,-92,293,0,249,0" /><INIT seed="3,0,0,2,4,99" ten="309,149,293,249" oya="3" hai0="31,36,61,73,132,0,116,55,113,80,120,71,78" hai1="30,3,111,122,105,53,67,96,88,118,107,119,25" hai2="8,82,52,102,123,45,47,1,20,114,135,133,5" hai3="35,50,18,126,85,117,14,41,10,109,89,29,60"/><W57/><G117/><T101/><D116/><U100/><E107/><V62/><F114/><W108/><G126/><T112/><D120/><U103/><E122/><V27/><F123/><W125/><G125/><T93/><D132/><N who="2" m="50762" /><F82/><W75/><G75/><T79/><D36/><U72/><E111/><N who="3" m="42570" /><G29/><T46/><D0/><U129/><E3/><V59/><F102/><W115/><G35/><T121/><D79/><U81/><E129/><V90/><F90/><W77/><G115/><N who="0" m="44107" /><D31/><AGARI ba="0,0" hai="1,5,8,20,27,31,45,47,52,59,62" m="50762" machi="31" ten="30,2000,0" yaku="20,1,54,1" doraHai="99" who="2" fromWho="0" sc="309,-20,149,0,293,20,249,0" owari="289,8.9,149,-35.1,313,41.3,249,-15.1" /></mjloggm>