<mjloggm ver="2.3"><GO type="225" lobby="0"/><UN n0="%E7%B4%94%E6%BD%94%E3%83%94%E3%83%A9%E3%83%8B%E3%82%A2" n1="%E6%97%A5%E6%9B%9C%E6%97%A5%E3%82%88%E3%82%8A%E3%81%AE%E4%BD%BF%E8%80%85" n2="%E8%A8%88%E7%AE%97%E6%A9%9F%E8%87%AA%E7%84%B6" n3="%E3%81%AF%E3%82%88%E3%81%8A%E3%81%98%E3%81%95%E3%82%93" dan="16,17,17,16" rate="2088.83,2172.34,2231.89,2192.82" sx="M,M,M,M"/><TAIKYOKU oya="0"/><INIT seed="0,0,0,4,1,3" ten="250,250,250,250" oya="0" hai0="42,110,23,51,115,107,8,80,97,53,95,26,120" hai1="49,56,72,16,43,68,105,1,112,15,73,100,96" hai2="83,131,62,57,132,20,28,118,104,109,47,9,36" hai3="45,101,67,63,70,84,37,85,21,127,125,78,40"/><T87/><D107/><U44/><E1/><V55/><F104/><W90/><G101/><T76/><D120/><U71/><E112/><V22/><F109/><W93/><G21/><T25/><D115/><U6/><E6/><V19/><F131/><W74/><G74/><T17/><D110/><U54/><E73/><V10/><F132/><W14/><G14/><T94/><D42/><U129/><E72/><V98/><F118/><W0/><G0/><T11/><D25/><U130/><E130/><V124/><F124/><W114/><G114/><T92/><REACH who="0" step="1"/><D97/><REACH who="0" ten="240,250,250,250" step="2"/><U31/><E129/><V134/><F98/><W111/><G111/><T81/><D81/><U89/><E31/><V82/><F83/><W88/><REACH who="3" step="1"/><G78/><REACH who="3" ten="240,250,250,240" step="2"/><T123/><D123/><U60/><REACH who="1" step="1"/><E89/><REACH who="1" ten="240,240,250,240" step="2"/><V2/><F28/><W61/><G61/><T102/><D102/><U13/><E13/><V113/><F62/><W52/><G52/><T4/><D4/><U32/><E32/><V38/><F55/><W27/><G27/><T99/><D99/><U33/><E33/><V106/><F113/><W117/><G117/><T7/><D7/><U5/><E5/><V12/><F2/><W64/><G64/><T39/><D39/><U91/><E91/><V50/><F36/><W41/><G41/><T135/><D135/><U126/><E126/><V48/><F134/><W65/><G65/><T34/><D34/><U116/><E116/><V46/><F38/><W30/><G30/><T103/><D103/><U133/><E133/><V58/><F12/><W75/><G75/><T24/><D24/><U66/><E66/><RYUUKYOKU ba="0,3" sc="240,10,240,10,250,-30,240,10" hai0="8,11,17,23,26,51,53,76,80,87,92,94,95" hai1="15,16,43,44,49,54,56,60,68,71,96,100,105" hai3="37,40,45,63,67,70,84,85,88,90,93,125,127" /><INIT seed="0,1,3,0,0,22" ten="250,250,220,250" oya="0" hai0="49,90,17,12,39,43,97,24,75,30,14,55,53" hai1="123,128,62,25,13,61,125,56,71,44,45,120,35" hai2="58,102,121,127,77,112,91,84,135,88,46,18,67" hai3="2,107,3,63,15,36,79,85,40,113,5,82,4"/><T83/><D39/><U131/><E13/><V48/><F121/><N who="1" m="46665" /><E125/><V51/><F112/><W101/><G113/><T42/><D14/><U116/><E116/><V133/><F102/><W104/><G15/><T134/><D134/><N who="2" m="51210" /><F127/><W27/><G63/><N who="1" m="24074" /><E71/><V92/><F18/><W8/><G101/><T118/><D118/><U26/><E35/><V41/><F67/><W94/><G94/><T96/><D96/><U95/><E56/><V111/><F111/><W52/><G52/><N who="0" m="20043" /><D49/><N who="2" m="19018" /><F58/><W33/><G40/><T108/><D75/><U81/><E95/><V21/><F21/><W11/><G36/><T86/><D97/><U32/><E32/><V89/><F77/><W106/><G104/><T28/><D28/><AGARI ba="1,3" hai="2,3,4,5,8,11,27,28,33,79,82,85,106,107" machi="28" ten="40,2600,0" yaku="9,1,52,1" doraHai="22" who="3" fromWho="0" sc="250,-29,250,0,220,0,250,59" /><INIT seed="1,0,0,4,4,101" ten="221,250,220,309" oya="1" hai0="9,111,28,108,89,37,63,98,47,94,93,112,105" hai1="90,128,83,39,75,86,133,19,73,121,84,1,120" hai2="78,12,20,110,68,95,62,106,79,92,40,49,71" hai3="117,46,129,11,14,38,74,8,16,61,15,18,53"/><U23/><E1/><V17/><F110/><N who="0" m="42026" /><D28/><U127/><E39/><V0/><F0/><W85/><G74/><T115/><D63/><U66/><E66/><V4/><F4/><W116/><G129/><T65/><D65/><U72/><E128/><V64/><F68/><W114/><G114/><N who="0" m="43563" /><D9/><U21/><E127/><V29/><F106/><W44/><G85/><N who="0" m="52399" /><D47/><U45/><E133/><V104/><F29/><W124/><G124/><T81/><D81/><U7/><E7/><V131/><F131/><W122/><G122/><T123/><D37/><U109/><E109/><V118/><F62/><W82/><G82/><T113/><N who="0" m="43571" /><T134/><DORA hai="36" /><D123/><U31/><E45/><V43/><F64/><W119/><G38/><T56/><D56/><AGARI ba="0,0" hai="8,11,14,15,16,18,44,46,53,56,61,116,117,119" machi="56" ten="40,5200,0" yaku="9,1,12,1,54,1" doraHai="101,36" who="3" fromWho="0" sc="221,-52,250,0,220,0,309,52" /><INIT seed="2,0,0,0,3,40" ten="169,250,220,361" oya="2" hai0="94,89,120,109,48,29,115,31,100,24,76,108,118" hai1="127,134,124,8,80,83,112,111,6,73,74,121,103" hai2="27,26,125,62,126,2,7,72,91,66,63,68,3" hai3="93,87,79,65,102,33,9,57,49,22,36,128,105"/><V55/><F72/><N who="1" m="27753" /><E112/><V12/><F12/><W131/><G33/><T34/><D115/><U53/><E111/><V101/><F101/><W123/><G36/><T99/><D120/><U110/><E110/><V20/><F91/><W35/><G35/><T133/><D133/><U104/><E134/><V47/><F7/><W4/><G123/><T86/><D118/><U81/><E121/><V117/><F117/><W58/><G105/><T16/><D76/><U85/><E53/><V95/><F95/><W82/><G22/><T116/><D116/><U32/><E32/><V107/><F107/><W60/><G93/><T5/><D5/><U1/><E103/><V59/><F26/><W15/><G102/><T67/><D67/><U92/><E92/><V78/><F78/><W46/><REACH who="3" step="1"/><G57/><REACH who="3" ten="169,250,220,351" step="2"/><T52/><D31/><U45/><E104/><V130/><F20/><W69/><G69/><T42/><D42/><AGARI ba="0,1" hai="4,9,15,42,46,49,58,60,65,79,82,87,128,131" machi="42" ten="40,8000,1" yaku="1,1,25,2,52,1,53,0" doraHai="40" doraHaiUra="122" who="3" fromWho="0" sc="169,-80,250,0,220,0,351,90" /><INIT seed="3,0,0,3,4,120" ten="89,250,220,441" oya="3" hai0="63,2,99,56,81,134,64,130,1,61,82,14,65" hai1="43,29,9,54,53,85,92,66,30,115,33,50,45" hai2="11,13,35,105,55,78,20,26,10,93,109,113,89" hai3="31,128,135,75,32,67,91,16,37,68,4,41,72"/><W3/><G16/><T17/><D99/><U42/><E115/><V133/><F78/><W34/><G91/><T47/><D47/><U7/><E66/><V21/><F105/><W70/><G128/><T95/><D17/><U24/><E30/><V39/><F113/><W107/><G135/><T101/><D130/><U102/><E43/><V28/><F133/><W119/><G119/><T87/><D134/><U77/><E102/><V117/><F117/><W124/><G124/><T8/><D87/><U0/><E92/><V108/><F39/><W18/><G18/><T51/><D51/><U103/><E103/><V62/><F62/><W27/><G34/><T76/><D101/><U131/><E131/><V123/><F123/><W90/><G90/><T97/><D97/><U96/><E96/><V48/><F93/><W74/><G107/><T25/><D95/><U15/><E0/><V116/><F116/><W73/><G73/><T79/><D14/><U6/><E6/><N who="2" m="3287" /><F11/><N who="3" m="2463" /><G67/><T69/><D8/><U23/><E33/><V5/><F89/><W88/><G88/><T71/><REACH who="0" step="1"/><D56/><REACH who="0" ten="79,250,220,441" step="2"/><U111/><E9/><V106/><F48/><W98/><G98/><T126/><D126/><U118/><E50/><V132/><F132/><W60/><G60/><T94/><D94/><U22/><E15/><V122/><F5/><W49/><G49/><T127/><D127/><U114/><E7/><V83/><F106/><W12/><G12/><T44/><D44/><AGARI ba="0,1" hai="27,31,32,37,41,44,68,70,72,74,75" m="2463" machi="44" ten="30,2900,0" yaku="33,2" doraHai="120" who="3" fromWho="0" sc="79,-29,250,0,220,0,441,39" owari="50,-45.0,250,5.0,220,-18.0,480,58.0" /></mjloggm>