<mjloggm ver="2.3"><GO type="225" lobby="0"/><UN n0="%E6%81%A5%E6%99%92%E3%81%97" n1="%E3%82%B2%E3%82%B9%E8%8C%82%E5%8B%9D" n2="%E4%BF%BA%E3%81%A8%E5%A6%96%E5%A4%A2" n3="%E3%82%AB%E3%83%AA%E3%82%A3%EF%BC%91%EF%BC%99" dan="16,16,17,16" rate="2124.30,2101.42,2211.31,2157.14" sx="M,F,F,M"/><TAIKYOKU oya="0"/><INIT seed="0,0,0,5,5,85" ten="250,250,250,250" oya="0" hai0="24,61,9,129,72,25,82,89,79,62,27,30,103" hai1="122,29,6,68,60,2,87,19,22,95,43,13,99" hai2="0,110,130,97,107,121,26,33,5,12,105,131,77" hai3="117,98,67,108,118,119,71,81,52,10,1,127,125"/><T124/><D129/><N who="2" m="49162" /><F0/><W57/><G98/><T45/><D124/><N who="3" m="47689" /><G81/><T113/><D113/><U120/><E43/><V104/><F121/><W48/><G10/><T8/><D30/><U4/><E29/><N who="2" m="19639" /><F77/><W14/><G14/><T91/><D103/><U86/><E120/><V83/><F83/><W58/><G1/><T28/><D45/><U111/><E122/><V34/><F34/><W59/><G108/><T112/><D112/><U32/><E111/><V56/><F56/><N who="3" m="32775" /><G71/><T65/><D28/><U126/><E126/><V50/><F110/><W23/><G23/><T35/><D35/><U134/><E32/><V54/><F97/><W51/><G51/><T96/><D96/><U133/><E2/><V109/><F109/><W75/><G75/><T63/><REACH who="0" step="1"/><D65/><AGARI ba="0,0" hai="57,58,59,65,67,117,118,119" m="32775,47689" machi="65" ten="40,8000,1" yaku="18,1,34,2,54,1" doraHai="85" who="3" fromWho="0" sc="250,-80,250,0,250,0,250,80" /><INIT seed="1,0,0,0,4,48" ten="170,250,250,330" oya="1" hai0="64,127,92,25,56,1,21,30,93,40,2,104,39" hai1="66,70,10,8,22,110,58,44,86,60,33,13,42" hai2="101,77,71,52,123,81,11,78,122,38,106,73,69" hai3="4,63,53,45,135,31,109,6,83,124,100,133,57"/><U61/><E33/><V49/><F38/><W79/><G124/><T59/><D104/><U74/><E74/><V108/><F77/><W0/><G109/><T19/><D127/><U131/><E131/><V29/><F108/><W12/><G100/><T80/><D39/><U3/><E3/><V75/><F75/><W128/><G128/><T36/><D36/><U68/><E110/><V47/><F29/><W114/><G114/><T107/><D107/><U90/><E22/><V119/><F119/><W115/><G115/><T41/><D30/><U126/><E126/><V54/><F11/><W129/><G129/><T99/><D80/><U102/><E102/><V96/><REACH who="2" step="1"/><F54/><REACH who="2" ten="170,250,240,330" step="2"/><W46/><G31/><T120/><D120/><AGARI ba="0,1" hai="47,49,52,69,71,73,78,81,96,101,106,120,122,123" machi="120" ten="40,8000,1" yaku="1,1,2,1,52,1,54,1,53,1" doraHai="48" doraHaiUra="43" who="2" fromWho="0" sc="170,-80,250,0,240,90,330,0" /><INIT seed="2,0,0,1,3,1" ten="90,250,330,330" oya="2" hai0="123,47,63,25,17,77,112,44,109,83,34,76,21" hai1="16,129,35,134,118,13,100,99,59,2,26,127,110" hai2="105,6,52,87,22,7,50,88,68,14,69,18,32" hai3="5,75,61,71,124,48,95,12,119,121,84,113,102"/><V132/><F32/><W117/><G75/><T60/><D112/><U80/><E110/><V128/><F105/><W97/><G121/><T98/><D123/><U55/><E118/><V115/><F115/><W101/><G113/><T19/><D34/><U107/><E127/><V126/><F126/><W96/><G124/><T89/><D109/><U106/><E129/><V133/><F128/><W23/><G84/><T79/><D98/><U57/><E134/><N who="2" m="51819" /><F68/><W131/><G131/><T53/><D83/><U43/><E107/><V46/><F69/><W92/><G48/><T120/><D120/><U37/><E80/><AGARI ba="0,0" hai="6,7,14,18,22,46,50,52,80,87,88" m="51819" machi="80" ten="30,12000,1" yaku="20,1,52,2,54,2" doraHai="1" who="2" fromWho="1" sc="90,0,250,-120,330,120,330,0" /><INIT seed="2,1,0,3,0,117" ten="90,130,450,330" oya="2" hai0="120,110,3,30,7,72,75,125,49,92,8,60,39" hai1="128,130,23,113,84,112,106,135,40,28,63,89,22" hai2="83,115,59,91,104,53,29,33,4,87,109,47,35" hai3="51,50,100,52,118,80,74,97,77,20,66,55,12"/><V98/><F115/><N who="1" m="44105" /><E106/><V116/><F116/><W73/><G118/><T70/><D110/><U57/><E40/><V48/><F109/><W25/><G66/><N who="0" m="41287" /><D49/><U127/><E135/><V119/><F119/><W102/><G74/><N who="0" m="28203" /><D92/><N who="1" m="54311" /><E28/><V82/><F82/><W18/><G12/><T105/><D125/><U64/><E127/><V16/><F4/><W123/><G97/><T34/><D39/><U96/><E96/><V37/><F29/><W10/><G10/><T11/><D11/><U114/><N who="1" m="44113" /><U65/><DORA hai="61" /><E65/><V62/><F37/><W6/><G6/><T19/><D19/><U56/><E56/><V54/><REACH who="2" step="1"/><F16/><REACH who="2" ten="90,130,440,330" step="2"/><W99/><G18/><T133/><D133/><U108/><E108/><V93/><F93/><W94/><G94/><T79/><D79/><U32/><E32/><V5/><F5/><W85/><G80/><T42/><D105/><U69/><E22/><V88/><F88/><W68/><G20/><T36/><D36/><U15/><E23/><V27/><F27/><W2/><G25/><N who="0" m="18767" /><D42/><U26/><E26/><V17/><F17/><W76/><G77/><T101/><D101/><AGARI ba="1,1" hai="33,35,47,48,53,54,59,62,83,87,91,98,101,104" machi="101" ten="40,2000,0" yaku="1,1,53,0" doraHai="117,61" doraHaiUra="71,1" who="2" fromWho="0" sc="90,-23,130,0,440,33,330,0" /><INIT seed="2,2,0,3,1,58" ten="67,130,473,330" oya="2" hai0="125,85,14,83,11,68,9,73,28,99,54,97,103" hai1="61,20,60,37,82,87,94,108,64,110,50,15,57" hai2="92,101,131,81,7,76,27,121,100,129,111,122,114" hai3="52,70,13,34,104,23,33,24,66,127,79,22,16"/><V105/><F7/><W29/><G104/><T115/><D115/><U133/><E37/><V55/><F114/><W91/><G127/><T0/><D125/><U135/><E94/><V31/><F105/><W35/><G79/><T93/><D28/><U44/><E20/><V120/><F55/><W126/><G126/><T96/><D0/><U43/><E15/><V49/><F49/><W89/><REACH who="3" step="1"/><G52/><REACH who="3" ten="67,130,473,320" step="2"/><T130/><D54/><U71/><E133/><V42/><F42/><W128/><G128/><T8/><D130/><N who="2" m="49674" /><F122/><W84/><G84/><T116/><D73/><U30/><E135/><V113/><F121/><W56/><G56/><T134/><D134/><U67/><E87/><V19/><F120/><W75/><G75/><T118/><D68/><N who="1" m="41991" /><E82/><V45/><F81/><W72/><G72/><T32/><D118/><U36/><E30/><V123/><F76/><W46/><G46/><T53/><D116/><U38/><E38/><V80/><F80/><W119/><G119/><T47/><D53/><AGARI ba="2,1" hai="36,43,44,50,53,57,61,67,71,108,110" m="41991" machi="53" ten="30,8000,1" yaku="24,1,34,2,52,2" doraHai="58" who="1" fromWho="0" sc="67,-86,130,96,473,0,320,0" owari="-19,-51.9,226,-17.4,473,57.3,320,12.0" /></mjloggm>