<mjloggm ver="2.3"><GO type="225" lobby="0"/><UN n0="%74%61%6B%65%2D%79%6F%75" n1="%E3%82%BF%E3%83%84%E3%83%9E%E3%82%AD" n2="%E2%91%A3%E9%81%BF%E9%81%8A%E6%88%AF%E3%80%90%E6%9D%B1%E5%8D%97%E3%80%91" n3="%E3%83%9F%E3%83%AA%E3%83%80%E3%81%97%E3%82%88" dan="17,16,16,16" rate="2149.59,2028.19,2166.15,2084.66" sx="M,F,M,M"/><TAIKYOKU oya="0"/><INIT seed="0,0,0,1,2,74" ten="250,250,250,250" oya="0" hai0="41,69,77,100,13,61,75,27,86,49,119,50,25" hai1="129,24,66,37,83,31,34,63,124,96,99,128,127" hai2="12,40,56,53,33,11,115,123,26,102,135,5,97" hai3="117,107,4,72,7,3,126,64,10,51,21,39,67"/><T92/><D119/><U93/><E37/><V8/><F115/><W71/><G39/><T108/><D108/><U22/><E34/><V0/><F123/><W60/><G117/><T28/><D75/><U44/><E44/><V52/><F135/><W73/><G126/><N who="1" m="48170" /><E83/><V131/><F131/><N who="1" m="50249" /><E93/><V55/><F40/><W109/><G109/><T85/><D69/><AGARI ba="0,0" hai="22,24,31,63,66,69,96,99" m="50249,48170" machi="69" ten="30,2000,0" yaku="18,1,19,1" doraHai="74" who="1" fromWho="0" sc="250,-20,250,20,250,0,250,0" /><INIT seed="1,0,0,3,0,131" ten="230,270,250,250" oya="1" hai0="54,18,83,115,37,9,117,46,64,112,6,0,21" hai1="35,12,30,74,45,36,80,15,13,96,98,42,65" hai2="1,3,2,88,60,116,31,85,127,75,82,70,32" hai3="48,128,57,126,53,68,114,22,125,73,106,49,63"/><U23/><E35/><V113/><F116/><W17/><G114/><T44/><D117/><U99/><E65/><V40/><F113/><W8/><G128/><T56/><D64/><U121/><E121/><V119/><F119/><W33/><G33/><T61/><D83/><U50/><E36/><V43/><F127/><N who="3" m="48651" /><G106/><T16/><D18/><U34/><E34/><V90/><F70/><W107/><G107/><T94/><D94/><U58/><E58/><V19/><F60/><W122/><G73/><T14/><REACH who="0" step="1"/><D46/><REACH who="0" ten="220,270,250,250" step="2"/><U110/><E110/><V7/><F19/><W59/><G17/><T130/><D130/><U27/><E74/><V104/><F75/><W10/><G122/><T78/><D78/><U26/><E80/><V69/><F104/><W133/><G68/><T100/><D100/><U111/><E111/><V124/><F124/><W52/><G8/><T24/><D24/><AGARI ba="0,1" hai="12,13,15,23,24,26,27,30,42,45,50,96,98,99" machi="24" ten="40,2000,0" yaku="8,1" doraHai="131" who="1" fromWho="0" sc="220,-20,270,30,250,0,250,0" /><INIT seed="1,1,0,3,4,21" ten="200,300,250,250" oya="1" hai0="75,118,77,65,85,54,12,70,49,73,26,15,115" hai1="96,90,87,121,4,80,79,134,119,40,56,98,58" hai2="11,67,95,105,47,123,102,5,28,30,19,63,20" hai3="37,1,60,51,55,129,92,57,106,35,22,13,71"/><U9/><E119/><V16/><F123/><W44/><G35/><T91/><D118/><U31/><E121/><V74/><F74/><W42/><G1/><T23/><D115/><U72/><E134/><V94/><F105/><W18/><G106/><T45/><D70/><U130/><E130/><V132/><F132/><W127/><G127/><T110/><D110/><U93/><E40/><V128/><F128/><W81/><G129/><T100/><D65/><U64/><E31/><V59/><F47/><W83/><REACH who="3" step="1"/><G92/><REACH who="3" ten="200,300,250,240" step="2"/><T24/><D73/><U33/><E33/><V6/><F95/><W82/><G82/><T8/><D75/><U14/><E64/><AGARI ba="1,1" hai="13,18,22,37,42,44,51,55,57,60,64,71,81,83" machi="64" ten="40,5200,0" yaku="1,1,24,2,53,0" doraHai="21" doraHaiUra="32" who="3" fromWho="1" sc="200,0,300,-55,250,0,240,65" /><INIT seed="2,0,0,1,2,90" ten="200,245,250,305" oya="2" hai0="63,60,58,4,47,9,99,122,54,104,107,97,88" hai1="82,125,62,108,87,103,64,86,61,52,10,13,74" hai2="16,130,66,36,115,116,0,18,72,124,131,48,79" hai3="37,8,28,30,94,12,92,89,68,113,14,106,102"/><V81/><F116/><W98/><G68/><T20/><D122/><U51/><E108/><V15/><F115/><W118/><G118/><T31/><D47/><U49/><E125/><V40/><F124/><W77/><G37/><T119/><D119/><U127/><E127/><V71/><F0/><W100/><G113/><T53/><D31/><N who="3" m="11817" /><G106/><T80/><D20/><U50/><E103/><N who="3" m="39466" /><G77/><T76/><D104/><U59/><E74/><V35/><F35/><W67/><G67/><T110/><D107/><U96/><E96/><V44/><F18/><W39/><G39/><T105/><D105/><U24/><E24/><V38/><F66/><W84/><G8/><T45/><D110/><U121/><E121/><V57/><F71/><W1/><G1/><T25/><D25/><U123/><E123/><V120/><F120/><W93/><G98/><T27/><D27/><U29/><E29/><V17/><F17/><W46/><G46/><T126/><D126/><U101/><E101/><V23/><REACH who="2" step="1"/><F38/><REACH who="2" ten="200,245,240,305" step="2"/><W33/><G33/><T73/><D4/><U55/><E64/><V134/><F134/><W129/><G129/><T32/><D32/><U95/><E59/><V135/><F135/><W85/><G85/><T11/><D58/><U128/><E128/><V42/><F42/><W132/><G132/><T2/><D2/><U5/><E87/><V7/><F7/><W114/><G114/><T65/><D65/><U22/><E86/><V3/><F3/><W109/><G109/><T6/><D6/><U41/><E5/><V112/><F112/><W43/><G43/><T69/><D69/><RYUUKYOKU ba="0,1" sc="200,-15,245,-15,240,15,305,15" hai2="15,16,23,36,40,44,48,57,72,79,81,130,131" hai3="12,14,84,89,92,93,94" /><INIT seed="2,1,1,3,3,109" ten="185,230,255,320" oya="2" hai0="47,21,26,128,11,39,29,60,2,70,112,95,57" hai1="114,68,76,135,130,6,24,33,75,42,83,117,104" hai2="81,119,98,79,99,71,22,52,38,7,45,121,12" hai3="72,32,123,37,124,41,89,90,9,49,103,63,84"/><V35/><F121/><W122/><G72/><T10/><D128/><U101/><E130/><V36/><F119/><W102/><G124/><T73/><D73/><U74/><E117/><V127/><F35/><W86/><G37/><T66/><D2/><U56/><E135/><V126/><F71/><W48/><G9/><T91/><D70/><U64/><E56/><V113/><F113/><W44/><G63/><T97/><D112/><U23/><E42/><V8/><F22/><W28/><G28/><T69/><D69/><U20/><E6/><V115/><F115/><W25/><G25/><T18/><D39/><U15/><E15/><V59/><F38/><W116/><G116/><T43/><REACH who="0" step="1"/><D29/><REACH who="0" ten="175,230,255,320" step="2"/><N who="1" m="19623" /><E75/><V16/><F36/><W94/><G123/><T87/><D87/><U46/><E114/><V93/><F127/><W88/><G84/><T105/><D105/><U111/><E111/><V82/><F126/><W106/><G106/><T80/><D80/><U27/><E104/><V50/><F82/><W61/><G86/><T40/><D40/><U118/><E118/><V78/><F81/><W96/><G41/><T85/><D85/><U19/><E68/><V134/><F79/><W13/><G122/><T55/><D55/><U58/><E74/><V110/><F78/><W51/><G94/><T4/><D4/><U100/><E83/><V125/><F110/><W3/><G3/><T31/><D31/><U77/><E77/><V14/><F125/><W107/><G107/><T108/><D108/><U0/><E76/><V120/><F120/><W30/><G30/><T92/><D92/><RYUUKYOKU ba="1,2" sc="175,30,230,-10,255,-10,320,-10" hai0="10,11,18,21,26,43,47,57,60,66,91,95,97" /><INIT seed="3,2,2,3,3,12" ten="205,220,245,310" oya="3" hai0="122,120,28,87,117,11,30,37,77,34,106,15,23" hai1="69,112,84,135,41,36,130,27,85,134,55,38,35" hai2="74,1,78,133,4,47,13,6,121,24,124,63,94" hai3="119,103,82,70,118,10,116,45,81,40,3,73,113"/><W60/><G113/><T108/><D117/><U51/><E112/><V2/><F121/><W71/><G103/><T66/><D108/><U65/><E130/><V48/><F74/><W99/><G99/><T75/><D106/><U88/><E65/><V31/><F78/><N who="3" m="44239" /><G82/><T86/><D37/><U102/><E69/><V46/><F63/><W90/><G90/><T21/><D75/><U93/><E102/><V18/><F94/><W96/><G96/><T42/><D42/><U29/><E84/><V9/><F47/><W115/><G60/><T44/><D66/><U14/><E14/><V54/><F124/><W126/><G126/><T129/><D129/><U131/><E131/><V16/><F133/><N who="1" m="50697" /><E41/><V58/><F1/><W32/><G32/><T49/><D34/><U89/><E89/><V39/><F2/><W107/><G107/><T33/><D33/><U68/><E68/><V91/><F91/><W50/><G50/><T59/><D120/><U19/><E38/><V64/><F39/><N who="3" m="21663" /><G115/><T125/><D125/><U26/><E36/><V104/><F104/><W7/><AGARI ba="2,2" hai="3,7,10,70,71,116,118,119" m="21663,44239" machi="7" ten="40,3900,0" yaku="25,1,23,1" doraHai="12" who="3" fromWho="3" sc="205,-15,220,-15,245,-15,310,65" owari="190,-31.0,205,-19.5,230,3.0,375,47.5" /></mjloggm>