<mjloggm ver="2.3"><GO type="225" lobby="0"/><UN n0="%E6%A1%9C%E8%8A%B1%E9%96%83%E3%80%85" n1="%61%74%73%75%74%6F%64%6F" n2="%70%6E%64%73%6E%67" n3="%6D%75%75%73%61%6E%6D%75" dan="16,16,16,17" rate="2213.00,2077.26,2112.76,2127.12" sx="M,M,M,M"/><TAIKYOKU oya="0"/><INIT seed="0,0,0,3,0,59" ten="250,250,250,250" oya="0" hai0="64,5,93,134,86,112,90,60,118,97,1,10,62" hai1="47,2,56,24,54,23,55,132,39,135,67,8,119" hai2="41,3,61,4,6,18,120,38,129,66,78,130,30" hai3="33,13,26,94,104,107,95,116,75,114,52,49,21"/><T105/><D112/><U81/><E119/><V0/><F120/><W45/><G114/><T25/><D118/><U7/><E67/><V103/><F103/><W53/><G116/><T71/><D134/><U83/><E39/><V63/><F78/><W58/><G75/><T106/><D25/><U128/><E128/><N who="2" m="49259" /><F30/><W85/><G33/><T82/><REACH who="0" step="1"/><D60/><REACH who="0" ten="240,250,250,250" step="2"/><N who="2" m="23114" /><F66/><W122/><G122/><T35/><D35/><U15/><E135/><V92/><F18/><N who="3" m="10447" /><G26/><T34/><D34/><U22/><E24/><V32/><F32/><W28/><G28/><T126/><D126/><U37/><E132/><V29/><F29/><W76/><G107/><T113/><D113/><U19/><E19/><V99/><F6/><W101/><G104/><T88/><AGARI ba="0,1" hai="1,5,10,62,64,71,82,86,88,90,93,97,105,106" machi="88" ten="20,12000,1" yaku="1,1,0,1,7,1,52,1,54,1,53,0" doraHai="59" doraHaiUra="27" who="0" fromWho="0" sc="240,130,250,-40,250,-40,250,-40" /><INIT seed="0,1,0,5,4,108" ten="370,210,210,210" oya="0" hai0="92,9,62,90,129,117,53,0,124,28,88,59,81" hai1="132,95,17,43,57,77,7,48,3,89,39,122,84" hai2="116,82,56,66,112,106,107,5,60,109,20,52,21" hai3="133,27,130,51,54,12,86,102,24,104,69,40,36"/><T49/><D117/><U123/><E39/><V71/><F109/><W37/><G69/><T1/><D129/><U11/><E132/><V134/><F134/><W8/><G133/><T16/><D124/><U18/><E77/><V76/><F116/><W34/><G130/><T125/><D125/><U55/><REACH who="1" step="1"/><E43/><REACH who="1" ten="370,200,210,210" step="2"/><V120/><F120/><AGARI ba="1,1" hai="3,7,11,17,18,48,55,57,84,89,95,120,122,123" machi="120" ten="40,5200,0" yaku="1,1,2,1,53,1" doraHai="108" doraHaiUra="87" who="1" fromWho="2" sc="370,0,200,65,210,-55,210,0" /><INIT seed="1,0,0,3,5,132" ten="370,265,155,210" oya="1" hai0="129,58,37,122,67,38,49,29,113,25,119,72,1" hai1="24,33,34,42,40,7,114,126,74,41,107,70,20" hai2="117,80,13,4,36,116,57,53,11,104,62,28,8" hai3="10,115,45,96,86,2,3,56,30,97,16,95,50"/><U64/><E114/><V84/><F104/><W83/><G115/><T54/><D113/><U130/><E107/><V135/><F135/><W121/><G121/><T47/><D72/><U39/><E39/><V12/><F36/><W102/><G30/><T92/><D119/><U9/><E74/><V65/><F28/><W128/><G128/><T79/><D129/><U14/><E130/><V87/><F87/><W106/><G56/><T133/><D133/><U112/><E112/><V88/><REACH who="2" step="1"/><F65/><REACH who="2" ten="370,265,145,210" step="2"/><W59/><G86/><T91/><D67/><U43/><E64/><V111/><F111/><W71/><G106/><T89/><D38/><U81/><E34/><V110/><F110/><W94/><G94/><T23/><D92/><U73/><E33/><V17/><AGARI ba="0,1" hai="4,8,11,12,13,17,53,57,62,80,84,88,116,117" machi="17" ten="20,5200,0" yaku="1,1,0,1,7,1,54,1,53,0" doraHai="132" doraHaiUra="124" who="2" fromWho="2" sc="370,-13,265,-26,145,62,210,-13" /><INIT seed="2,0,0,0,5,107" ten="357,239,207,197" oya="2" hai0="17,4,50,69,38,102,30,2,45,122,20,27,131" hai1="73,63,94,123,64,22,119,110,31,21,67,65,79" hai2="62,80,52,82,86,127,56,1,101,13,34,121,125" hai3="132,109,114,55,106,108,89,59,75,90,9,35,7"/><V96/><F1/><W115/><G106/><T70/><D122/><U57/><E119/><V130/><F121/><W116/><G116/><T124/><D38/><U99/><E110/><N who="3" m="42602" /><G35/><T77/><D124/><N who="2" m="47690" /><F130/><W84/><G132/><T105/><D131/><U51/><E123/><V126/><N who="2" m="47698" /><V118/><DORA hai="11" /><F118/><W81/><G75/><T42/><D77/><U111/><E111/><V44/><F34/><W48/><G90/><T76/><D76/><U29/><E51/><N who="2" m="28775" /><F86/><W26/><G26/><T98/><D4/><U15/><E79/><V85/><F85/><W14/><AGARI ba="0,0" hai="7,9,14,48,55,59,81,84,89,114,115" m="42602" machi="14" ten="30,2000,0" yaku="14,1,52,1" doraHai="107,11" who="3" fromWho="3" sc="357,-5,239,-5,207,-10,197,20" /><INIT seed="3,0,0,5,1,88" ten="352,234,197,217" oya="3" hai0="39,94,49,86,76,67,77,107,119,115,51,127,83" hai1="4,26,87,18,98,6,42,44,92,48,69,25,35" hai2="65,50,108,129,120,74,128,116,62,131,80,106,132" hai3="10,31,95,11,7,117,113,130,122,105,100,102,29"/><W135/><G113/><T13/><D119/><U28/><E69/><N who="2" m="42167" /><F116/><W1/><G117/><T9/><D107/><U58/><E87/><V78/><F50/><N who="0" m="18954" /><D39/><U68/><E68/><V96/><F108/><W12/><G10/><T46/><D127/><U59/><E26/><V104/><F132/><W103/><G105/><N who="2" m="40553" /><F96/><W63/><G29/><T111/><D111/><U41/><E41/><V55/><F55/><W43/><G31/><T133/><D133/><U24/><E24/><V54/><F54/><W20/><G135/><T81/><D67/><U22/><E28/><V91/><F91/><W66/><G43/><T36/><D36/><U97/><E97/><V125/><F125/><W79/><G79/><T118/><D94/><U40/><E40/><V23/><F23/><W75/><G20/><T134/><D115/><U84/><E84/><V109/><F109/><W82/><G95/><T70/><D70/><U8/><E35/><V101/><F101/><W57/><G12/><T64/><D64/><U5/><E8/><V21/><F21/><W110/><G110/><T112/><D112/><U53/><E42/><V123/><AGARI ba="0,0" hai="74,78,80,120,123,128,129,131" m="40553,42167" machi="123" ten="40,2700,0" yaku="19,1,23,1" doraHai="88" who="2" fromWho="2" sc="352,-7,234,-7,197,27,217,-13" owari="345,44.5,227,2.7,224,-17.6,204,-29.6" /></mjloggm>