<mjloggm ver="2.3"><GO type="225" lobby="0"/><UN n0="%E3%81%95%E3%81%8D%E3%81%9F%E3%81%BE%E6%9E%97%E6%AA%8E" n1="%E3%81%99%E3%81%84%E3%81%BE%E3%81%9B%E3%83%BC%E3%82%93" n2="%4C%4F%4C%49%54%41" n3="%E8%A8%88%E7%AE%97%E6%A9%9F%E8%87%AA%E7%84%B6" dan="16,16,16,17" rate="2163.65,2158.31,2170.60,2146.35" sx="M,M,F,M"/><TAIKYOKU oya="0"/><INIT seed="0,0,0,0,5,90" ten="250,250,250,250" oya="0" hai0="75,14,71,15,117,77,17,58,86,99,103,110,88" hai1="115,48,2,37,92,74,41,3,84,13,95,0,105" hai2="112,61,107,116,114,1,124,113,24,79,135,120,111" hai3="43,109,4,129,54,72,11,127,66,97,130,40,96"/><T10/><D117/><U87/><E74/><V59/><F107/><W123/><G72/><T50/><D71/><U29/><E37/><V8/><F120/><W12/><G123/><T39/><D39/><U62/><E105/><V31/><F79/><W133/><G109/><T125/><D125/><U65/><E115/><V132/><F111/><W49/><G66/><T89/><D75/><U85/><E29/><V53/><F116/><W60/><G60/><T25/><D25/><U51/><E13/><V119/><F119/><W26/><G133/><N who="2" m="51273" /><F124/><W45/><G26/><T47/><D58/><U32/><E32/><N who="2" m="20583" /><F8/><W81/><G81/><N who="0" m="47407" /><D15/><U64/><E41/><N who="3" m="15946" /><G127/><T126/><D126/><U100/><E100/><V6/><F6/><W128/><AGARI ba="0,0" hai="4,11,12,45,49,54,96,97,128,129,130" m="15946" machi="128" ten="40,1500,0" yaku="19,1" doraHai="90" who="3" fromWho="3" sc="250,-7,250,-4,250,-4,250,15" /><INIT seed="1,0,0,5,5,8" ten="243,246,246,265" oya="1" hai0="114,12,48,7,132,86,116,14,10,47,94,25,40" hai1="96,42,95,97,126,6,37,21,20,45,107,4,11" hai2="58,133,44,113,102,70,73,9,93,64,22,54,78" hai3="56,92,32,3,112,65,39,67,100,110,50,127,71"/><U129/><E129/><V130/><F130/><W104/><G112/><T75/><D75/><U99/><E126/><V51/><F133/><W106/><G3/><T24/><D132/><U81/><E107/><V119/><F119/><W49/><G32/><T122/><D114/><U115/><E115/><V16/><F113/><W101/><G39/><T34/><D116/><U33/><E33/><V98/><F73/><W77/><G92/><T68/><D68/><U117/><E117/><V29/><F78/><W90/><G90/><N who="0" m="53591" /><D34/><U23/><E81/><V5/><F29/><W31/><G56/><T84/><D122/><U2/><REACH who="1" step="1"/><E4/><REACH who="1" ten="243,236,246,265" step="2"/><V13/><F70/><W88/><G71/><T0/><D0/><U60/><E60/><N who="2" m="37911" /><F5/><W135/><G127/><T15/><D84/><U18/><E18/><V121/><F121/><W85/><G85/><T111/><D111/><U28/><E28/><V62/><F62/><W103/><G31/><T19/><D7/><U46/><E46/><V87/><F87/><W134/><G110/><T109/><D109/><U26/><E26/><AGARI ba="0,1" hai="10,12,14,15,19,24,25,26,40,47,48" m="53591" machi="26" ten="30,7700,0" yaku="8,1,52,3" doraHai="8" who="0" fromWho="1" sc="243,87,236,-77,246,0,265,0" /><INIT seed="2,0,0,0,0,22" ten="330,159,246,265" oya="2" hai0="111,127,120,41,6,87,132,61,74,135,84,98,20" hai1="125,119,51,128,13,83,8,16,5,118,34,11,9" hai2="126,65,89,76,110,30,82,96,130,104,64,134,92" hai3="109,28,75,31,7,4,56,12,108,124,21,80,58"/><V129/><F126/><W53/><G124/><T52/><D111/><N who="3" m="42569" /><G56/><N who="0" m="34951" /><D127/><U114/><E125/><V78/><F110/><W68/><G68/><T49/><D120/><U91/><E114/><V97/><F30/><N who="3" m="11307" /><G21/><T47/><D74/><U44/><E34/><V90/><F134/><N who="0" m="51242" /><D6/><U106/><E106/><V40/><F40/><W23/><G23/><T36/><D20/><U99/><E128/><N who="2" m="49259" /><F64/><W48/><G12/><T100/><D36/><U33/><E33/><V81/><F65/><W131/><G131/><T70/><D70/><U0/><E9/><V93/><F104/><AGARI ba="0,0" hai="41,47,49,84,87,98,100,104" m="51242,34951" machi="104" ten="30,2000,0" yaku="20,1,54,1" doraHai="22" who="0" fromWho="2" sc="330,20,159,0,246,-20,265,0" /><INIT seed="3,0,0,5,1,112" ten="350,159,226,265" oya="3" hai0="64,60,89,18,131,110,111,17,58,49,23,28,103" hai1="63,3,100,116,86,35,84,36,42,102,57,104,53" hai2="16,127,27,133,77,20,46,78,37,132,121,25,118" hai3="30,85,47,96,48,21,56,33,88,114,38,75,82"/><W93/><G114/><T39/><D131/><U74/><E74/><V73/><F127/><W98/><G33/><T0/><D0/><U31/><E3/><V134/><F121/><W97/><G38/><T22/><D39/><U10/><E10/><V126/><F126/><W45/><G75/><T59/><D103/><U41/><E35/><V72/><F27/><N who="3" m="16751" /><G56/><T40/><D89/><U15/><E31/><V135/><F135/><W99/><G48/><T54/><D40/><U120/><E120/><V11/><F118/><W8/><G8/><T70/><D70/><U6/><E36/><V109/><F109/><N who="0" m="41482" /><D23/><U34/><E34/><V79/><F11/><W44/><G99/><T2/><D2/><U9/><E104/><V29/><F29/><W107/><G107/><T66/><D66/><U65/><E65/><V52/><F37/><W4/><G4/><T81/><D81/><AGARI ba="0,0" hai="44,45,47,81,82,85,88,93,96,97,98" m="16751" machi="81" ten="30,2900,0" yaku="8,1,54,1" doraHai="112" who="3" fromWho="0" sc="350,-29,159,0,226,0,265,29" /><INIT seed="3,1,0,3,5,18" ten="321,159,226,294" oya="3" hai0="123,98,103,10,86,34,108,36,31,105,89,59,107" hai1="33,20,25,75,115,80,81,30,76,46,35,3,24" hai2="47,1,110,28,7,65,44,61,50,74,102,106,91" hai3="49,129,134,62,88,126,119,22,87,37,4,96,113"/><W120/><G113/><T23/><D108/><U99/><E115/><V6/><F74/><W100/><G119/><T90/><D123/><U118/><E3/><V77/><F77/><W42/><G120/><T124/><D36/><U0/><E118/><V41/><F110/><W43/><G37/><T93/><D34/><U12/><E0/><V78/><F78/><W70/><G4/><T11/><D124/><U21/><E12/><V19/><F28/><W9/><G9/><T95/><D107/><U55/><E81/><V68/><F91/><W127/><G134/><T38/><D38/><U125/><E125/><N who="3" m="47626" /><G49/><T117/><D117/><U71/><E71/><V72/><F72/><W133/><G129/><T79/><D79/><U8/><E8/><V63/><F6/><W121/><G22/><T69/><D69/><U135/><E135/><V51/><F7/><W52/><G133/><T64/><D105/><U67/><E67/><V56/><F106/><N who="3" m="63751" /><G121/><T114/><D114/><U97/><E35/><V54/><F1/><W5/><G5/><T131/><D131/><U2/><E2/><V132/><F132/><W53/><G53/><T104/><D104/><U27/><E33/><V26/><F54/><W57/><G70/><T48/><D103/><U116/><E116/><V14/><F102/><W128/><G128/><T94/><D94/><AGARI ba="1,0" hai="42,43,52,57,62,87,88,94" m="63751,47626" machi="94" ten="30,5800,0" yaku="18,1,54,2" doraHai="18" who="3" fromWho="0" sc="321,-61,159,0,226,0,294,61" owari="260,6.0,159,-34.1,226,-17.4,355,45.5" /></mjloggm>