<mjloggm ver="2.3"><GO type="225" lobby="0"/><UN n0="%E3%83%8F%E3%83%B3%E3%83%89%E3%83%A9%E3%83%BC%E3%83%BB%E3%83%AF%E3%83%B3" n1="%E8%B6%85%E7%B4%9A%E9%B3%B3%E5%87%B0" n2="%E3%81%B5%E3%81%98%E3%81%8B%E3%81%A4" n3="%E3%82%B3%E3%83%90%E3%83%AC%E3%82%A4" dan="17,16,16,16" rate="2234.94,2167.44,2104.64,2073.21" sx="M,F,M,M"/><TAIKYOKU oya="0"/><INIT seed="0,0,0,5,4,31" ten="250,250,250,250" oya="0" hai0="61,88,12,132,1,64,21,59,16,29,97,55,98" hai1="7,135,85,86,8,111,83,57,110,75,63,14,99" hai2="50,131,69,91,129,109,102,92,101,108,30,71,127" hai3="105,39,65,128,126,34,78,25,18,134,74,52,24"/><T103/><D132/><U94/><E135/><V53/><F30/><W72/><G39/><T87/><D1/><U9/><E75/><V56/><F127/><W84/><G105/><T4/><D4/><U67/><E8/><V80/><F80/><W33/><G65/><T125/><D125/><U100/><REACH who="1" step="1"/><E83/><REACH who="1" ten="250,240,250,250" step="2"/><V22/><F109/><AGARI ba="0,1" hai="7,9,14,57,63,67,85,86,94,99,100,109,110,111" machi="109" ten="40,5200,0" yaku="1,1,2,1,14,1,53,0" doraHai="31" doraHaiUra="44" who="1" fromWho="2" sc="250,0,240,62,250,-52,250,0" /><INIT seed="1,0,0,0,1,80" ten="250,302,198,250" oya="1" hai0="29,79,25,69,52,4,111,11,53,88,33,87,34" hai1="70,23,75,119,18,58,73,64,74,15,62,126,134" hai2="109,3,105,8,101,72,114,68,21,13,42,39,108" hai3="19,91,120,123,51,66,81,24,5,28,49,36,92"/><U0/><E119/><V37/><F114/><W32/><G36/><T107/><D69/><U103/><E0/><V97/><F68/><W128/><G128/><T130/><D107/><U9/><E126/><V6/><F42/><W35/><G66/><T63/><D34/><U127/><E127/><V125/><F125/><W82/><G5/><T78/><D130/><U10/><E134/><V38/><F21/><W65/><G65/><T44/><D111/><U102/><REACH who="1" step="1"/><E70/><REACH who="1" ten="250,292,198,250" step="2"/><V84/><F13/><W93/><G123/><T57/><D44/><U106/><E106/><V45/><F45/><W46/><G120/><T61/><D61/><U95/><E95/><V118/><F118/><W27/><G46/><T112/><D112/><U76/><E76/><V55/><F55/><W30/><G91/><T41/><D53/><U94/><E94/><V1/><F1/><W56/><G56/><T116/><D116/><U113/><E113/><V71/><F71/><W20/><G93/><T77/><D41/><U121/><E121/><V14/><F14/><W67/><G92/><T31/><D78/><U50/><E50/><V2/><F2/><W43/><G67/><T115/><D115/><U7/><E7/><V100/><F100/><AGARI ba="0,1" hai="9,10,15,18,23,58,62,64,73,74,75,100,102,103" machi="100" ten="40,2000,0" yaku="1,1,53,0" doraHai="80" doraHaiUra="86" who="1" fromWho="2" sc="250,0,292,30,198,-20,250,0" /><INIT seed="1,1,0,5,0,86" ten="250,322,178,250" oya="1" hai0="29,70,65,3,37,79,96,51,49,125,6,36,38" hai1="75,127,15,55,100,46,90,44,78,76,77,109,50" hai2="4,69,41,85,62,133,98,16,84,67,101,124,30" hai3="72,73,7,121,110,131,99,11,74,34,61,31,56"/><U105/><E127/><V22/><F124/><W8/><G121/><T32/><D125/><U129/><E129/><V89/><F133/><W5/><G131/><T95/><D79/><U28/><E109/><V108/><F108/><W71/><G71/><T52/><D29/><U91/><E75/><V118/><F118/><W40/><G40/><T83/><D32/><U18/><E28/><V92/><F41/><W47/><G47/><N who="1" m="17962" /><E100/><V14/><F30/><W81/><G31/><T1/><D83/><U97/><E97/><V25/><F4/><W27/><G27/><T23/><D23/><N who="1" m="11743" /><E105/><V45/><F45/><AGARI ba="1,0" hai="45,50,55,76,77,78,90,91" m="11743,17962" machi="45" ten="30,5800,0" yaku="8,1,52,2" doraHai="86" who="1" fromWho="2" sc="250,0,322,61,178,-61,250,0" /><INIT seed="1,2,0,3,5,23" ten="250,383,117,250" oya="1" hai0="60,104,20,61,109,66,84,78,56,135,4,22,32" hai1="44,35,87,88,50,25,24,93,101,76,40,103,30" hai2="67,38,1,46,36,15,73,86,49,112,6,12,129" hai3="9,90,74,21,31,29,42,34,121,62,102,81,58"/><U130/><E130/><V110/><F73/><W77/><G121/><T13/><D32/><U26/><E35/><V71/><F112/><W96/><G34/><T70/><D104/><U131/><E131/><V122/><F122/><W3/><G42/><T92/><D109/><U108/><E108/><V85/><F110/><W10/><G90/><T95/><D135/><U45/><E30/><V64/><F129/><W107/><G3/><T118/><D118/><U94/><E94/><V100/><F1/><W14/><G21/><N who="0" m="8299" /><D61/><U106/><E106/><V126/><F126/><W124/><G10/><N who="0" m="4295" /><D70/><U2/><E2/><V89/><F100/><N who="1" m="38473" /><E45/><V132/><F132/><W127/><G124/><T114/><D114/><U41/><E76/><V133/><F133/><W53/><REACH who="3" step="1"/><G127/><REACH who="3" ten="250,383,117,240" step="2"/><T7/><D7/><AGARI ba="2,1" hai="7,9,14,29,31,53,58,62,74,77,81,96,102,107" machi="7" ten="30,7700,0" yaku="1,1,2,1,7,1,53,1" doraHai="23" doraHaiUra="5" who="3" fromWho="0" sc="250,-83,383,0,117,0,240,93" /><INIT seed="2,0,0,3,4,133" ten="167,383,117,333" oya="2" hai0="134,94,21,5,86,124,55,63,34,80,48,131,123" hai1="49,109,23,68,37,38,115,111,95,56,4,100,83" hai2="31,117,118,75,108,120,130,58,26,65,43,33,67" hai3="27,107,30,42,103,13,88,79,82,6,11,57,0"/><V59/><F120/><W69/><G69/><T87/><D34/><U9/><E115/><V36/><F75/><W8/><G107/><T3/><D123/><U78/><E68/><V25/><F130/><W32/><G103/><T14/><D134/><U125/><E23/><V24/><F36/><W89/><G57/><T61/><D131/><U10/><E100/><V54/><F43/><W127/><G42/><T129/><D129/><U76/><E95/><V66/><F108/><W126/><G79/><T35/><D35/><U122/><E122/><V74/><F74/><W17/><G82/><T62/><D3/><U73/><E73/><V101/><F101/><W2/><G2/><T110/><D124/><AGARI ba="0,0" hai="0,6,8,11,13,17,27,30,32,88,89,124,126,127" machi="124" ten="40,8000,1" yaku="18,1,52,3,54,1" doraHai="133" who="3" fromWho="0" sc="167,-80,383,0,117,0,333,80" /><INIT seed="3,0,0,5,2,7" ten="87,383,117,413" oya="3" hai0="106,41,45,30,107,58,51,3,70,37,54,134,71" hai1="110,25,79,23,123,112,9,105,52,60,129,26,101" hai2="64,49,118,59,57,77,135,1,99,126,13,46,127" hai3="114,4,111,75,130,133,69,86,39,119,48,125,108"/><W27/><RYUUKYOKU type="yao9" ba="0,0" sc="87,0,383,0,117,0,413,0" hai3="4,27,39,48,69,75,86,108,111,114,119,125,130,133" /><INIT seed="3,1,0,4,2,18" ten="87,383,117,413" oya="3" hai0="112,86,46,126,104,8,101,34,45,118,105,82,47" hai1="10,93,12,32,134,24,122,3,66,50,83,89,29" hai2="26,114,99,62,15,120,108,111,11,127,43,4,76" hai3="74,22,44,107,79,109,110,117,132,70,95,64,13"/><W58/><G70/><T33/><D118/><U92/><E122/><V17/><F114/><W51/><G107/><T7/><D126/><U84/><E134/><V27/><F127/><W94/><G132/><T129/><D129/><U98/><E3/><N who="2" m="415" /><F120/><W49/><G79/><T121/><D121/><U119/><E119/><V41/><F76/><W91/><G74/><T78/><D112/><U6/><E66/><V2/><F2/><W85/><G117/><T36/><D36/><U30/><E30/><V63/><F99/><W102/><G102/><T31/><D101/><U25/><E25/><N who="2" m="9227" /><F62/><N who="3" m="37975" /><G95/><T35/><REACH who="0" step="1"/><D31/><REACH who="0" ten="77,383,117,413" step="2"/><U133/><E133/><V131/><F131/><W106/><G106/><T57/><D57/><U130/><E130/><V103/><F103/><W113/><G113/><T59/><D59/><U19/><E98/><V73/><F63/><W5/><G44/><T115/><D115/><U125/><E125/><V20/><F73/><W96/><G96/><T69/><D69/><U28/><E28/><V40/><F111/><N who="3" m="42507" /><G51/><T97/><D97/><U23/><E50/><V123/><F123/><W128/><G128/><T75/><D75/><U71/><E71/><V124/><F124/><W56/><G49/><T42/><D42/><U100/><E100/><V54/><F108/><W37/><G37/><T21/><D21/><U16/><REACH who="1" step="1"/><E23/><REACH who="1" ten="77,373,117,413" step="2"/><V48/><F48/><W135/><G22/><T60/><D60/><U87/><E87/><V80/><F20/><W61/><G61/><T55/><D55/><U81/><E81/><V88/><F54/><W77/><G85/><T68/><D68/><RYUUKYOKU ba="1,2" sc="77,15,373,15,117,-15,413,-15" hai0="7,8,33,34,35,45,46,47,78,82,86,104,105" hai1="6,10,12,16,19,24,29,32,83,84,89,92,93" owari="92,-40.8,388,18.8,102,-29.8,418,51.8" /></mjloggm>