<mjloggm ver="2.3"><GO type="225" lobby="0"/><UN n0="%72%69%6F%75%63%68%61%6E" n1="%E3%80%93%E3%81%97%E3%83%BC%E3%82%89%E3%80%93" n2="%6D%75%75%73%61%6E%6D%75" n3="%E6%9D%B1%E9%A2%A8%E3%81%AE%E3%81%8D%E3%82%83%E3%81%B7%E3%81%95%E3%82%93" dan="16,16,16,17" rate="2193.28,2120.43,2082.16,2210.02" sx="M,M,F,M"/><TAIKYOKU oya="0"/><INIT seed="0,0,0,4,1,46" ten="250,250,250,250" oya="0" hai0="79,36,20,6,93,34,54,42,100,96,57,124,65" hai1="129,69,125,92,8,2,118,59,33,119,78,55,101" hai2="43,15,31,75,27,106,103,28,16,3,82,40,86" hai3="97,91,134,126,108,109,23,52,19,117,47,68,85"/><T49/><D34/><U130/><E33/><V88/><F3/><W128/><G68/><T24/><D124/><U1/><E69/><V63/><F75/><W17/><G117/><T22/><D79/><U21/><E125/><V58/><F106/><W30/><G126/><T60/><D6/><N who="1" m="1103" /><E2/><V95/><F27/><N who="3" m="16767" /><G97/><T64/><D36/><U53/><E78/><N who="2" m="46423" /><F103/><W72/><G72/><T39/><D39/><U111/><E111/><N who="3" m="42570" /><G134/><T44/><REACH who="0" step="1"/><D20/><REACH who="0" ten="240,250,250,250" step="2"/><U7/><E21/><N who="2" m="11423" /><F28/><AGARI ba="0,1" hai="22,24,28,42,44,49,54,57,60,64,65,93,96,100" machi="28" ten="30,11600,0" yaku="1,1,7,1,8,1,52,1,53,0" doraHai="46" doraHaiUra="122" who="0" fromWho="2" sc="240,126,250,0,250,-116,250,0" /><INIT seed="0,1,0,4,5,75" ten="366,250,134,250" oya="0" hai0="61,49,68,128,15,132,45,66,87,106,99,43,103" hai1="63,55,122,131,121,104,31,110,76,86,24,78,96" hai2="17,51,101,115,113,33,125,71,34,58,37,54,0" hai3="41,57,32,6,72,119,77,5,98,93,95,112,129"/><T9/><D128/><U21/><E131/><V83/><F0/><W18/><G119/><T67/><D66/><U16/><E110/><V36/><F125/><W97/><G112/><T89/><D132/><U91/><E121/><V82/><F71/><W26/><G129/><T117/><D117/><U65/><E122/><V81/><F101/><W3/><G41/><T130/><D130/><U52/><E104/><V123/><F123/><W59/><G3/><T74/><D74/><U27/><E96/><V39/><REACH who="2" step="1"/><F17/><REACH who="2" ten="366,250,124,250" step="2"/><W7/><G18/><T38/><D38/><U92/><E16/><V135/><F135/><W12/><G12/><T124/><D124/><U10/><E10/><V100/><F100/><W1/><G1/><T88/><D87/><U120/><E120/><V42/><F42/><W8/><G8/><T70/><D68/><U11/><E11/><V127/><F127/><W4/><G26/><T85/><D85/><U47/><E27/><V22/><F22/><W90/><N who="3" m="1024" /><DORA hai="20" /><W62/><G32/><AGARI ba="1,1" hai="32,33,34,36,37,39,51,54,58,81,82,83,113,115" machi="32" ten="50,1600,0" yaku="1,1,53,0" doraHai="75,20" doraHaiUra="56,126" who="2" fromWho="3" sc="366,0,250,0,124,29,250,-19" /><INIT seed="1,0,0,1,3,100" ten="366,250,153,231" oya="1" hai0="64,131,99,82,70,104,90,89,57,132,115,18,127" hai1="28,118,21,27,134,48,73,133,58,63,87,2,85" hai2="75,76,114,41,111,35,72,51,0,37,46,43,4" hai3="124,56,6,11,67,83,66,22,47,79,106,20,31"/><U61/><E73/><V39/><F111/><W68/><G124/><T81/><D115/><U116/><E2/><V123/><F123/><W71/><G47/><T44/><D70/><U80/><E48/><V26/><F114/><W65/><G56/><T92/><D127/><U19/><E85/><V130/><F130/><W91/><G91/><T5/><D131/><U17/><E63/><V38/><F51/><W103/><G31/><T9/><D132/><N who="1" m="50795" /><E19/><V69/><F69/><W126/><G126/><T12/><D104/><U102/><E102/><V50/><F50/><W42/><G42/><T36/><D90/><N who="1" m="51559" /><E28/><N who="2" m="19863" /><F43/><W1/><G71/><T112/><D112/><U14/><E27/><V74/><F76/><W34/><G34/><T101/><D101/><U55/><AGARI ba="0,0" hai="14,17,21,55,58,61,116,118" m="51559,50795" machi="55" ten="30,1500,0" yaku="20,1" doraHai="100" who="1" fromWho="1" sc="366,-5,250,15,153,-5,231,-5" /><INIT seed="1,1,0,5,5,12" ten="361,265,148,226" oya="1" hai0="45,102,98,51,108,42,35,27,78,36,96,17,103" hai1="19,91,16,62,76,101,80,127,129,135,43,66,41" hai2="23,54,50,132,31,55,8,11,70,117,87,2,59" hai3="109,110,99,52,34,105,10,30,63,0,14,124,106"/><U81/><E127/><V4/><F70/><W69/><G0/><T21/><D108/><N who="3" m="41577" /><G124/><T100/><D78/><U13/><E129/><V119/><F132/><W53/><G30/><T26/><REACH who="0" step="1"/><D36/><REACH who="0" ten="351,265,148,226" step="2"/><U74/><E76/><V134/><F134/><W89/><G34/><T61/><D61/><U1/><E62/><V88/><F117/><W130/><G130/><T93/><D93/><U20/><E135/><V22/><F119/><W84/><G63/><T123/><D123/><U38/><E38/><V116/><F116/><W122/><G122/><T118/><D118/><U6/><E81/><V114/><F114/><W32/><G32/><T133/><D133/><U97/><E80/><V5/><F54/><N who="3" m="21099" /><G69/><T18/><D18/><U90/><E16/><V25/><F31/><AGARI ba="1,1" hai="17,21,26,27,31,35,42,45,51,96,98,100,102,103" machi="31" ten="40,2600,0" yaku="1,1,52,1,53,0" doraHai="12" doraHaiUra="115" who="0" fromWho="2" sc="351,39,265,0,148,-29,226,0" /><INIT seed="2,0,0,0,2,121" ten="390,265,119,226" oya="2" hai0="135,34,26,7,78,85,63,95,94,19,24,96,81" hai1="125,110,25,132,124,20,67,73,39,23,120,61,17" hai2="2,115,92,59,3,82,38,18,108,6,91,84,50" hai3="37,36,114,16,33,83,101,100,14,90,118,8,66"/><V79/><F115/><W99/><G33/><T93/><D135/><U98/><E73/><V105/><F38/><W53/><G114/><T74/><D7/><U97/><E39/><V111/><F105/><W52/><G118/><T128/><D128/><U102/><E120/><V27/><F27/><N who="0" m="10282" /><D74/><U72/><E72/><V0/><F6/><W22/><G37/><T10/><D34/><U88/><E23/><V119/><F18/><W86/><G36/><T21/><D10/><U47/><E47/><V58/><F119/><W131/><G131/><T56/><D21/><U70/><E132/><V117/><F117/><W11/><G66/><N who="0" m="39271" /><D19/><U68/><E68/><V42/><F42/><W76/><G76/><T32/><D32/><U54/><E54/><N who="3" m="21098" /><G99/><AGARI ba="0,0" hai="78,81,85,93,94,95,96,99" m="39271,10282" machi="99" ten="30,1000,0" yaku="8,1" doraHai="121" who="0" fromWho="3" sc="390,10,265,0,119,0,226,-10" /><INIT seed="3,0,0,5,3,61" ten="400,265,119,216" oya="3" hai0="40,84,80,131,79,30,52,15,125,134,119,77,113" hai1="130,90,120,27,48,115,53,7,43,28,23,17,67" hai2="32,35,88,45,33,58,107,11,103,123,24,127,46" hai3="9,110,95,83,122,81,49,47,73,128,93,37,36"/><W2/><G122/><T114/><D119/><U101/><E115/><N who="0" m="44041" /><D131/><U66/><E130/><V8/><F123/><W82/><G110/><T29/><D125/><U89/><E120/><V135/><F24/><W108/><G108/><T34/><D134/><U57/><E101/><V25/><F25/><W60/><G73/><T118/><D118/><U116/><E116/><V132/><F127/><W14/><G2/><T106/><D106/><U20/><E7/><V1/><F1/><W87/><G128/><T3/><D3/><U6/><E6/><V121/><F121/><W76/><G60/><T42/><D77/><U64/><E43/><N who="0" m="16425" /><D34/><U10/><E10/><N who="2" m="3627" /><F103/><W99/><G37/><T44/><D15/><AGARI ba="0,0" hai="15,17,20,23,27,28,48,53,57,64,66,67,89,90" machi="15" ten="40,8000,1" yaku="8,1,52,3" doraHai="61" who="1" fromWho="0" sc="400,-80,265,80,119,0,216,0" owari="320,12.0,345,44.5,119,-38.1,216,-18.4" /></mjloggm>