<mjloggm ver="2.3"><GO type="225" lobby="0"/><UN n0="%E5%B8%86%E7%AB%8B%E5%A4%8F%E8%A1%A3" n1="%E9%B4%A8%4E%45%47%49" n2="%E6%A1%9C%E8%8A%B1%E9%96%83%E3%80%85" n3="%E6%97%A5%E6%9B%9C%E6%97%A5%E3%82%88%E3%82%8A%E3%81%AE%E4%BD%BF%E8%80%85" dan="17,16,17,16" rate="2147.59,2123.07,2221.95,2172.80" sx="M,M,M,M"/><TAIKYOKU oya="0"/><INIT seed="0,0,0,4,0,41" ten="250,250,250,250" oya="0" hai0="32,51,30,119,123,39,46,121,57,130,98,96,125" hai1="12,116,20,28,40,43,131,84,74,122,64,114,109" hai2="42,133,87,112,8,126,54,31,94,135,93,11,48" hai3="115,35,24,55,105,124,72,9,56,113,10,33,95"/><T60/><D119/><U23/><E116/><V68/><F112/><W6/><G105/><T107/><D125/><U86/><E74/><V21/><F68/><W132/><G72/><T4/><D39/><U82/><E122/><V19/><F126/><W5/><G124/><T81/><D130/><U83/><E114/><V59/><F31/><W120/><G95/><N who="2" m="36361" /><F87/><W110/><G120/><T34/><D4/><U7/><E109/><V16/><F19/><W36/><G36/><T13/><D13/><U53/><E64/><V108/><F108/><W18/><G110/><T58/><D81/><U61/><E131/><V111/><F42/><W25/><G18/><T14/><D14/><U62/><E7/><V69/><F69/><W67/><G67/><T77/><D30/><U75/><E12/><N who="2" m="9351" /><F111/><W88/><G5/><T76/><D107/><U80/><E75/><V29/><F29/><W100/><G6/><T91/><D91/><U45/><E28/><V37/><F37/><W118/><G88/><T73/><D73/><U65/><E82/><V102/><F102/><W117/><G100/><T22/><D22/><U99/><E99/><V44/><F59/><W15/><G56/><T101/><D101/><U127/><E127/><V104/><F104/><W71/><G71/><T38/><D38/><U97/><E97/><V17/><F17/><W92/><G92/><T52/><D123/><U70/><E70/><V134/><AGARI ba="0,0" hai="8,11,44,48,54,133,134,135" m="9351,36361" machi="134" ten="40,5200,0" yaku="20,1,52,1,54,1" doraHai="41" who="2" fromWho="2" sc="250,-26,250,-13,250,52,250,-13" /><INIT seed="1,0,0,2,1,102" ten="224,237,302,237" oya="1" hai0="78,2,51,98,100,66,131,86,116,76,81,5,69" hai1="27,123,59,19,112,1,8,80,67,119,16,88,43" hai2="36,130,11,109,25,95,34,105,97,32,53,71,21" hai3="90,135,35,63,129,28,84,41,13,128,14,133,126"/><U91/><E119/><V6/><F36/><W33/><G41/><T46/><D116/><U127/><E112/><V72/><F72/><W29/><G63/><T114/><D114/><U12/><E123/><V74/><F74/><W108/><G84/><T3/><D131/><N who="3" m="50249" /><G90/><N who="1" m="34346" /><E127/><V120/><F21/><W10/><G108/><T15/><D78/><U45/><E1/><V82/><F25/><N who="3" m="18575" /><G126/><T30/><D30/><U113/><E113/><V110/><F53/><W73/><G73/><T83/><D83/><U107/><E107/><V38/><F105/><W0/><G0/><T7/><D66/><U17/><E27/><V37/><F38/><W68/><G68/><T122/><D69/><U60/><E80/><V65/><F37/><W99/><G99/><T40/><D122/><U118/><E118/><V18/><F97/><W77/><G77/><T23/><D2/><U101/><E101/><V22/><F71/><W75/><G75/><T103/><D3/><U57/><E57/><V117/><F120/><W9/><G35/><T125/><D125/><U70/><E70/><V94/><F34/><W24/><G24/><T104/><REACH who="0" step="1"/><D100/><REACH who="0" ten="214,237,302,237" step="2"/><U79/><E79/><V56/><F130/><W52/><G29/><T26/><D26/><U42/><E45/><V54/><F117/><W62/><G14/><T93/><D93/><U55/><E67/><V44/><F65/><W87/><G13/><T31/><D31/><U50/><E60/><V124/><F95/><W64/><G64/><T49/><D49/><U92/><E92/><V85/><F94/><W48/><G62/><T134/><D134/><RYUUKYOKU ba="0,1" sc="214,15,237,15,302,-15,237,-15" hai0="5,7,15,23,40,46,51,76,81,86,98,103,104" hai1="8,12,16,17,19,42,43,50,55,59" /><INIT seed="1,1,1,5,0,121" ten="229,252,287,222" oya="1" hai0="53,31,23,46,130,90,30,62,113,55,16,6,45" hai1="48,84,1,82,14,89,63,104,56,101,59,85,66" hai2="34,35,38,118,135,54,25,44,51,83,4,81,8" hai3="79,33,60,50,39,111,68,122,0,80,97,120,109"/><U132/><E1/><V61/><F118/><W108/><G39/><T19/><D113/><U95/><E132/><V127/><F135/><W36/><G36/><T15/><D130/><U78/><E14/><V21/><F127/><W52/><G0/><T112/><D112/><U103/><E104/><V128/><F38/><W105/><G33/><T41/><D6/><U64/><REACH who="1" step="1"/><E48/><REACH who="1" ten="229,242,287,222" step="2"/><V115/><F115/><W7/><G105/><T57/><D41/><U17/><E17/><V43/><F128/><W22/><G7/><T126/><D126/><U58/><E58/><V65/><F4/><W131/><G131/><T69/><D69/><U100/><E100/><V9/><F51/><W10/><G68/><T28/><D53/><U67/><E67/><V3/><F54/><W124/><G124/><T114/><D114/><U18/><E18/><V91/><F3/><W42/><G42/><T49/><D49/><U27/><E27/><V96/><F25/><W110/><G110/><T102/><D102/><U72/><E72/><V32/><F43/><W47/><G60/><AGARI ba="1,2" hai="56,59,60,63,64,66,78,82,84,85,89,95,101,103" machi="60" ten="40,7700,0" yaku="1,1,9,1,8,1,53,0" doraHai="121" doraHaiUra="12" who="1" fromWho="3" sc="229,0,242,100,287,0,222,-80" /><INIT seed="1,2,0,5,0,13" ten="229,342,287,142" oya="1" hai0="55,81,44,98,91,69,95,42,36,118,47,1,94" hai1="70,90,105,39,109,116,45,28,68,107,88,4,46" hai2="87,132,31,8,129,73,96,113,25,100,48,123,63" hai3="77,3,133,86,40,103,16,122,112,89,49,11,78"/><U131/><E116/><V41/><F73/><W99/><G112/><T7/><D118/><U10/><E28/><V56/><F123/><W58/><G122/><T111/><D69/><U114/><E114/><V14/><F129/><W60/><G133/><T135/><D135/><U20/><E20/><V66/><F132/><W102/><G3/><T53/><D111/><U12/><E109/><V32/><F87/><W21/><G11/><T120/><D120/><U9/><E12/><V134/><F134/><W52/><G40/><T121/><D121/><U85/><E85/><V19/><F113/><W119/><G119/><T124/><D124/><U57/><E57/><V80/><F80/><N who="3" m="49351" /><G60/><T130/><D130/><U126/><E131/><V0/><F0/><W38/><G38/><T64/><D64/><U5/><REACH who="1" step="1"/><E126/><REACH who="1" ten="229,332,287,142" step="2"/><V101/><F31/><W37/><G37/><AGARI ba="2,1" hai="4,5,9,10,37,39,45,46,68,70,88,90,105,107" machi="37" ten="25,12000,1" yaku="1,1,2,1,22,2,54,1,53,0" doraHai="13" doraHaiUra="110" who="1" fromWho="3" sc="229,0,332,136,287,0,142,-126" /><INIT seed="1,3,0,0,4,122" ten="229,468,287,16" oya="1" hai0="49,12,46,45,38,135,93,44,107,5,32,76,50" hai1="131,62,129,34,127,6,70,4,116,88,110,29,108" hai2="123,25,58,106,128,119,41,55,117,98,61,7,35" hai3="80,120,81,31,114,17,56,51,37,66,118,0,59"/><U14/><E116/><V28/><F123/><W10/><G37/><T79/><D107/><U83/><E127/><V19/><F128/><N who="1" m="49225" /><E34/><V18/><F7/><N who="1" m="2601" /><E29/><V30/><F30/><W101/><G114/><T104/><D104/><U113/><E14/><V26/><F26/><W11/><G120/><T57/><D135/><U2/><E2/><V47/><F117/><W67/><G101/><T77/><D38/><U90/><E113/><V21/><F35/><W3/><G51/><T87/><D32/><U85/><E90/><V121/><F119/><W89/><G31/><T1/><D1/><U33/><E33/><V39/><F121/><W103/><G118/><T99/><D87/><U36/><E36/><V74/><F74/><W24/><G103/><T78/><D78/><U105/><E105/><V64/><F106/><W91/><REACH who="3" step="1"/><G24/><REACH who="3" ten="229,468,287,6" step="2"/><T84/><D50/><U94/><E62/><V134/><F28/><W22/><G22/><T48/><D49/><U40/><E40/><V52/><F21/><W69/><G69/><T42/><D42/><U86/><E70/><V15/><F25/><W112/><G112/><T100/><D48/><U125/><E125/><V23/><F23/><W82/><G82/><N who="0" m="47175" /><D57/><U132/><E132/><V20/><F134/><W111/><G111/><N who="1" m="42538" /><E83/><V68/><F68/><W54/><G54/><T43/><D43/><U130/><E130/><V126/><F126/><W71/><G71/><T65/><D65/><U53/><E53/><V27/><F55/><W96/><G96/><AGARI ba="3,1" hai="85,86,88,94,96" m="42538,2601,49225" machi="96" ten="30,18000,2" yaku="19,1,14,1,10,1,52,3,54,1" doraHai="122" who="1" fromWho="3" sc="229,0,468,199,287,0,6,-189" owari="229,-17.1,667,76.7,287,8.7,-183,-68.3" /></mjloggm>