<mjloggm ver="2.3"><GO type="225" lobby="0"/><UN n0="%E3%81%95%E3%81%8D%E3%81%9F%E3%81%BE%E6%9E%97%E6%AA%8E" n1="%72%69%6F%75%63%68%61%6E" n2="%72%61%6B%33" n3="%E3%81%AF%E3%82%88%E3%81%8A%E3%81%98%E3%81%95%E3%82%93" dan="16,16,16,16" rate="2161.72,2153.86,2178.21,2078.53" sx="M,M,M,M"/><TAIKYOKU oya="0"/><INIT seed="0,0,0,0,5,18" ten="250,250,250,250" oya="0" hai0="60,103,116,4,70,43,39,66,42,87,127,96,33" hai1="129,100,104,133,79,14,131,23,107,77,83,44,84" hai2="30,19,121,75,10,128,37,17,65,24,117,73,0" hai3="45,71,109,106,120,3,34,94,125,122,28,62,126"/><T25/><D116/><U35/><E133/><V49/><F121/><N who="3" m="46699" /><G106/><N who="0" m="63847" /><D127/><N who="3" m="48649" /><G3/><T114/><D114/><U58/><E35/><V89/><F37/><W99/><G109/><T26/><D26/><U85/><E44/><V29/><F24/><N who="3" m="18695" /><G45/><T21/><D39/><U97/><E58/><V113/><F0/><W69/><G62/><T8/><D87/><U27/><E14/><V76/><F75/><W47/><G47/><T5/><D43/><U118/><E118/><V91/><F73/><W59/><G59/><T9/><D42/><U13/><E13/><V112/><F117/><W105/><G105/><T41/><D41/><U50/><E50/><V1/><F49/><W56/><G56/><T74/><D74/><U46/><E46/><V53/><F1/><W78/><G78/><T6/><D21/><U93/><E79/><V88/><F76/><W12/><G12/><T102/><D102/><AGARI ba="0,0" hai="69,71,94,99,102" m="18695,48649,46699" machi="102" ten="30,2000,0" yaku="13,1,18,1" doraHai="18" who="3" fromWho="0" sc="250,-20,250,0,250,0,250,20" /><INIT seed="1,0,0,1,0,19" ten="230,250,250,270" oya="1" hai0="29,32,11,85,51,112,1,24,33,89,94,84,134" hai1="43,114,67,70,44,107,65,3,66,129,46,135,26" hai2="63,110,50,132,57,56,8,131,59,52,39,116,115" hai3="13,36,123,130,48,93,100,101,98,125,88,5,95"/><U121/><E114/><V74/><F74/><W45/><G123/><T38/><D112/><U122/><E3/><V54/><F115/><W41/><G125/><T61/><D38/><N who="1" m="21623" /><E107/><V80/><F116/><W87/><G130/><T9/><D134/><U40/><E26/><V31/><F132/><W109/><G109/><T119/><D119/><U96/><E96/><V23/><F110/><W49/><G100/><T64/><D33/><U97/><E97/><V27/><F131/><W126/><G126/><T72/><D72/><U78/><E78/><V102/><F39/><W17/><REACH who="3" step="1"/><G5/><REACH who="3" ten="230,250,250,260" step="2"/><T21/><D84/><U73/><E73/><V0/><F102/><W117/><G117/><T18/><D51/><N who="1" m="27079" /><E129/><V15/><F0/><W79/><G79/><T111/><D111/><U75/><E75/><V25/><F50/><W58/><G58/><T83/><D1/><U42/><E135/><V53/><F63/><W34/><G34/><T108/><D108/><U47/><E70/><V133/><F133/><W14/><G14/><T35/><D35/><U37/><AGARI ba="0,1" hai="37,42,47,65,66,67,121,122" m="27079,21623" machi="37" ten="30,3000,0" yaku="34,2" doraHai="19" who="1" fromWho="1" sc="230,-10,250,40,250,-10,260,-10" /><INIT seed="1,1,0,4,0,19" ten="220,290,240,250" oya="1" hai0="67,31,75,14,83,119,26,99,22,90,70,50,112" hai1="111,124,131,49,69,54,6,56,66,63,12,46,62" hai2="51,77,28,101,34,103,113,120,123,0,80,127,20" hai3="125,87,15,58,95,37,79,91,30,8,59,27,129"/><U110/><E6/><V11/><F127/><W107/><G37/><T18/><D112/><U116/><E12/><V53/><F113/><W23/><G125/><T9/><D119/><U3/><E3/><V10/><F34/><W84/><G107/><T118/><D118/><U55/><E124/><V39/><F39/><W114/><G129/><T16/><D75/><U117/><E131/><V104/><F123/><W24/><G114/><T97/><D70/><U85/><REACH who="1" step="1"/><E85/><REACH who="1" ten="220,280,240,250" step="2"/><N who="2" m="48271" /><F0/><W134/><G87/><N who="0" m="50559" /><D67/><U93/><E93/><V64/><F64/><W40/><G84/><T105/><D105/><U76/><E76/><V68/><F104/><W74/><G79/><T71/><D71/><U47/><E47/><N who="2" m="27903" /><F68/><W5/><G95/><T88/><D88/><U25/><E25/><N who="2" m="16423" /><F120/><W32/><G91/><T122/><D122/><U135/><E135/><V78/><F78/><W2/><G134/><T57/><D31/><U29/><E29/><V130/><F130/><W109/><G30/><T41/><D57/><U72/><E72/><V73/><F73/><W82/><G59/><T52/><D99/><U43/><E43/><V61/><F61/><W121/><G58/><N who="0" m="33047" /><D97/><U126/><E126/><V1/><F1/><W92/><G121/><T96/><D96/><U35/><E35/><V94/><F94/><W4/><G92/><T45/><D45/><U65/><E65/><V133/><F133/><W21/><G32/><T102/><D41/><U89/><E89/><V36/><F36/><W100/><G40/><T115/><D115/><U108/><AGARI ba="1,1" hai="46,49,54,55,56,62,63,66,69,108,110,111,116,117" machi="108" ten="30,18000,2" yaku="1,1,0,1,14,1,10,1,34,3,53,0" doraHai="19" doraHaiUra="86" who="1" fromWho="1" sc="220,-61,280,193,240,-61,250,-61" /><INIT seed="1,2,0,2,0,92" ten="159,473,179,189" oya="1" hai0="105,133,58,66,53,34,117,71,7,108,14,87,123" hai1="86,120,59,93,72,27,109,74,30,4,49,44,46" hai2="124,89,95,35,41,84,98,25,31,129,122,77,18" hai3="32,50,130,56,128,8,29,79,17,132,57,113,61"/><U64/><E120/><V83/><F122/><W121/><G121/><T67/><D123/><RYUUKYOKU type="kaze4" ba="2,0" sc="159,0,473,0,179,0,189,0" /><INIT seed="1,3,0,2,2,18" ten="159,473,179,189" oya="1" hai0="59,65,90,44,86,105,87,41,7,77,120,83,129" hai1="55,61,101,4,106,9,58,2,39,122,64,84,47" hai2="12,27,48,57,29,74,42,71,32,117,28,104,119" hai3="54,97,10,91,126,37,49,81,124,68,52,22,5"/><U69/><E122/><V43/><F71/><W127/><G37/><T79/><D129/><U82/><E106/><V110/><F110/><W30/><G68/><T34/><D120/><U115/><E115/><V73/><F104/><W96/><G81/><T8/><D34/><U20/><E101/><V103/><F103/><W92/><G97/><T36/><D105/><U123/><E123/><V60/><F28/><W35/><G35/><T102/><D102/><U17/><E39/><V0/><F0/><W1/><G49/><T80/><D90/><U99/><E99/><V131/><F131/><W107/><G107/><T53/><D65/><U40/><E47/><V121/><F121/><W11/><G10/><T3/><D59/><U31/><E40/><V38/><F38/><W56/><G56/><T50/><D36/><U26/><E31/><V95/><F42/><AGARI ba="3,0" hai="3,7,8,41,42,44,50,53,77,79,80,83,86,87" machi="42" ten="40,1300,0" yaku="9,1" doraHai="18" who="0" fromWho="2" sc="159,22,473,0,179,-22,189,0" /><INIT seed="2,0,0,5,5,66" ten="181,473,157,189" oya="2" hai0="74,67,118,56,80,122,13,50,76,9,114,36,128" hai1="8,111,5,93,32,23,53,120,15,7,116,31,102" hai2="30,20,34,26,71,85,94,90,113,6,87,59,45" hai3="121,12,16,21,43,109,130,133,83,68,127,135,19"/><V95/><F113/><W103/><G121/><T97/><D114/><U117/><E53/><V27/><F6/><W73/><G109/><T81/><D122/><U3/><E111/><V63/><F45/><W115/><G115/><T58/><D128/><U92/><E120/><V105/><F105/><W49/><G130/><T86/><D36/><U54/><E54/><V101/><F101/><W35/><G35/><T70/><D97/><U75/><E75/><V99/><F95/><N who="1" m="36425" /><E102/><V119/><F119/><W48/><G127/><T72/><D118/><U134/><E134/><N who="3" m="51210" /><G68/><T84/><D70/><U112/><E7/><V4/><F4/><W129/><G129/><T10/><D67/><U57/><E57/><V126/><F126/><W91/><G43/><T79/><D50/><U14/><E14/><AGARI ba="0,0" hai="9,10,13,14,56,58,72,74,76,79,80,81,84,86" machi="14" ten="25,1600,0" yaku="22,2" doraHai="66" who="0" fromWho="1" sc="181,16,473,-16,157,0,189,0" /><INIT seed="3,0,0,3,5,21" ten="197,457,157,189" oya="3" hai0="31,34,84,59,20,82,3,62,30,52,67,2,69" hai1="81,33,118,47,121,35,51,10,19,0,86,40,127" hai2="100,53,57,26,29,68,64,85,54,71,123,16,23" hai3="28,108,87,88,4,72,131,18,104,75,130,45,110"/><W49/><G104/><T39/><D34/><U116/><E121/><V22/><F123/><W46/><G4/><T106/><D106/><U66/><E127/><V95/><F71/><W94/><G18/><T120/><D39/><U48/><E66/><V119/><F68/><W80/><G28/><T65/><D120/><U37/><E19/><V50/><F119/><N who="1" m="45609" /><E10/><V102/><F64/><W32/><G32/><N who="1" m="12362" /><E0/><V56/><F85/><N who="3" m="52495" /><G45/><T11/><D67/><U133/><E133/><V128/><F128/><N who="3" m="49195" /><G46/><T14/><D65/><U42/><E42/><V6/><F6/><W38/><G49/><T43/><D43/><U74/><E74/><N who="3" m="28202" /><G38/><T91/><D30/><U134/><E134/><V92/><F102/><W60/><G60/><T114/><D62/><U7/><E7/><V5/><F100/><W79/><AGARI ba="0,0" hai="79,80,87,108,110" m="28202,49195,52495" machi="79" ten="40,12000,1" yaku="19,1,34,2,54,1" doraHai="21" who="3" fromWho="3" sc="197,-40,457,-40,157,-40,189,120" /><INIT seed="3,1,0,3,0,88" ten="157,417,117,309" oya="3" hai0="8,104,55,48,38,13,66,19,131,124,109,77,78" hai1="130,115,46,106,70,76,23,15,40,82,35,87,128" hai2="51,127,89,4,119,74,107,61,121,86,113,133,45" hai3="96,21,73,97,125,30,49,129,53,62,58,43,42"/><W84/><G73/><T16/><D109/><U24/><E115/><V12/><F113/><W37/><G37/><T81/><D104/><U126/><E70/><V36/><F119/><W103/><G125/><T11/><D124/><U9/><E106/><V111/><F127/><W85/><G129/><N who="1" m="49770" /><E35/><V80/><F111/><W94/><G97/><T3/><D38/><N who="1" m="21783" /><E126/><V54/><F133/><W90/><G49/><T32/><D66/><U34/><E34/><V63/><F121/><W69/><G69/><T122/><D122/><U2/><E2/><V72/><F107/><W68/><G68/><T101/><D101/><U25/><E23/><V67/><F36/><W56/><G58/><T31/><D131/><U123/><E123/><V18/><F4/><AGARI ba="1,0" hai="4,9,15,24,25,76,82,87" m="21783,49770" machi="4" ten="30,1000,0" yaku="19,1" doraHai="88" who="1" fromWho="2" sc="157,0,417,13,117,-13,309,0" owari="157,-24.3,430,53.0,104,-39.6,309,10.9" /></mjloggm>