<mjloggm ver="2.3"><GO type="225" lobby="0"/><UN n0="%E3%83%8F%E3%83%B3%E3%83%89%E3%83%A9%E3%83%BC%E3%83%BB%E3%83%AF%E3%83%B3" n1="%72%69%6F%75%63%68%61%6E" n2="%E3%83%B4%E3%83%A0%EF%BC%99%E3%81%A6" n3="%E3%81%B5%E3%81%98%E3%81%8B%E3%81%A4" dan="17,16,16,16" rate="2214.00,2164.14,2125.80,2115.13" sx="M,M,M,M"/><TAIKYOKU oya="0"/><INIT seed="0,0,0,0,4,5" ten="250,250,250,250" oya="0" hai0="2,11,8,110,102,34,84,78,72,117,64,96,75" hai1="83,48,52,104,57,20,107,132,126,47,25,68,95" hai2="91,54,21,123,53,87,23,89,3,113,114,41,32" hai3="31,98,55,119,73,59,37,19,92,81,16,58,9"/><T7/><D117/><U33/><E68/><V76/><F32/><W130/><G119/><T0/><D34/><U101/><E33/><V135/><F135/><W18/><G130/><T109/><D64/><U43/><E132/><V46/><F3/><W60/><G37/><T128/><D128/><U26/><E126/><V1/><F1/><W103/><G31/><T124/><D124/><U85/><E95/><V36/><F76/><W71/><G71/><T129/><D129/><U50/><E101/><V74/><F74/><W56/><G73/><T15/><D84/><U70/><E70/><V133/><F133/><W99/><G81/><T86/><D86/><U97/><E97/><V29/><F123/><W63/><G99/><T108/><D78/><U112/><E112/><V122/><F122/><W24/><G24/><T30/><D30/><U61/><E61/><V94/><F29/><W28/><G28/><T17/><D0/><U10/><E10/><V120/><F120/><W4/><REACH who="3" step="1"/><G63/><REACH who="3" ten="250,250,250,240" step="2"/><T12/><D2/><AGARI ba="0,1" hai="2,4,9,16,18,19,55,56,58,59,60,92,98,103" machi="2" ten="40,12000,2" yaku="1,1,2,1,52,1,54,1,53,3" doraHai="5" doraHaiUra="13" who="3" fromWho="0" sc="250,-120,250,0,250,0,240,130" /><INIT seed="1,0,0,4,0,59" ten="130,250,250,370" oya="1" hai0="10,63,71,49,9,25,74,98,120,101,121,75,130" hai1="99,128,14,78,80,84,81,54,127,93,16,56,97" hai2="69,124,106,102,103,126,64,129,1,66,27,109,92" hai3="33,34,15,83,22,134,125,17,60,76,52,35,94"/><U26/><E127/><N who="2" m="48683" /><F109/><W96/><G125/><T111/><D49/><U12/><E128/><V91/><F129/><W119/><G134/><T44/><D44/><U43/><E43/><V67/><F1/><W118/><G94/><T100/><D25/><U51/><E81/><V62/><F27/><W122/><G96/><T107/><D130/><U8/><E26/><V37/><F37/><W23/><G122/><N who="0" m="47211" /><D101/><N who="2" m="38410" /><F106/><W108/><G22/><T87/><D87/><AGARI ba="0,0" hai="62,64,66,67,69,87,91,92" m="38410,48683" machi="87" ten="30,2000,0" yaku="18,1,52,1" doraHai="59" who="2" fromWho="0" sc="130,-20,250,0,250,20,370,0" /><INIT seed="2,0,0,1,2,127" ten="110,250,270,370" oya="2" hai0="123,30,1,7,5,80,70,8,81,6,36,99,113" hai1="12,106,96,90,33,27,126,94,21,108,95,29,25" hai2="76,111,74,118,114,124,101,119,82,89,121,107,48" hai3="61,97,31,130,42,68,109,116,79,84,16,38,78"/><V55/><F114/><W57/><G116/><T20/><D123/><U92/><E108/><V46/><F121/><W11/><G109/><T122/><D122/><U131/><E131/><V17/><F111/><W115/><G68/><T128/><D113/><U72/><E126/><V125/><F125/><W88/><G115/><T69/><D36/><U87/><E72/><V134/><F124/><W13/><G97/><T73/><D6/><U45/><E12/><V98/><F134/><W64/><G31/><T133/><D133/><U85/><E45/><V19/><F19/><W86/><G86/><T103/><D7/><U63/><E63/><V66/><F66/><W37/><G130/><T4/><D4/><U47/><E47/><V120/><F120/><W77/><REACH who="3" step="1"/><G42/><REACH who="3" ten="110,250,270,360" step="2"/><T3/><D3/><U34/><E85/><V9/><REACH who="2" step="1"/><F89/><REACH who="2" ten="110,250,260,360" step="2"/><W104/><G104/><T39/><D128/><U135/><E135/><V91/><F91/><W22/><G22/><T23/><D23/><U51/><E106/><V18/><F18/><W60/><G60/><T100/><D20/><U54/><E33/><V53/><F53/><W59/><G59/><T0/><D0/><U2/><E2/><V67/><F67/><W112/><G112/><T43/><D1/><U52/><E54/><V28/><F28/><W102/><G102/><T15/><D30/><N who="1" m="17711" /><E87/><V40/><F40/><W50/><G50/><T24/><D103/><U62/><E51/><V58/><F58/><W49/><G49/><T132/><D132/><U75/><E75/><V35/><F35/><W105/><G105/><N who="0" m="63647" /><D73/><U83/><E34/><RYUUKYOKU ba="0,2" sc="110,-15,250,-15,260,15,360,15" hai2="9,17,46,48,55,74,76,82,98,101,107,118,119" hai3="11,13,16,37,38,57,61,64,77,78,79,84,88" /><INIT seed="2,1,2,2,1,11" ten="95,235,275,375" oya="2" hai0="97,116,133,19,58,91,126,119,27,71,13,1,125" hai1="3,2,74,63,128,106,89,111,29,0,109,77,4" hai2="69,112,72,120,115,23,108,83,105,51,9,54,135" hai3="22,87,134,86,90,100,107,7,94,88,61,79,45"/><V76/><F120/><W124/><G134/><T39/><D58/><U16/><E128/><V67/><F105/><W110/><G124/><N who="0" m="47723" /><D91/><U80/><E106/><V44/><F135/><W64/><G22/><N who="0" m="13791" /><D97/><U30/><E4/><V55/><F108/><N who="1" m="41545" /><E16/><V101/><F101/><W38/><G7/><T118/><D71/><U14/><E14/><V50/><F23/><W92/><G110/><T66/><D66/><U42/><E42/><V130/><F9/><W117/><G117/><N who="0" m="29955" /><T132/><DORA hai="47" /><D39/><U81/><E63/><V17/><F17/><W99/><G38/><T68/><D68/><U28/><E89/><V18/><F18/><W103/><G45/><T10/><D1/><U121/><E121/><V48/><F130/><W70/><G100/><T8/><D8/><U62/><E62/><V57/><F50/><W5/><G79/><T6/><AGARI ba="1,2" hai="6,10,13,132,133" m="29955,13791,47723" machi="6" ten="50,8000,1" yaku="18,1,12,1,34,2,52,1" doraHai="11,47" who="0" fromWho="0" sc="95,103,235,-21,275,-41,375,-21" /><INIT seed="3,0,0,2,2,63" ten="198,214,234,354" oya="3" hai0="55,42,22,126,98,13,97,49,27,8,115,52,78" hai1="122,99,88,53,74,41,124,3,87,68,125,44,130" hai2="32,89,72,134,11,118,106,113,20,26,77,35,96" hai3="54,79,31,104,15,107,101,10,71,33,73,50,109"/><W6/><G71/><T127/><D115/><U114/><E130/><V135/><F118/><W23/><G33/><T128/><D128/><U7/><E122/><V58/><F113/><W76/><G101/><T85/><D42/><U5/><E114/><V37/><F37/><W56/><G109/><T129/><D129/><U67/><E74/><V100/><F11/><W66/><G66/><T80/><D127/><N who="1" m="48715" /><E3/><V25/><F58/><W1/><G23/><T16/><D126/><U117/><E117/><V65/><F65/><W62/><G15/><T102/><D102/><U21/><E53/><N who="0" m="20553" /><D49/><N who="1" m="26767" /><E99/><V45/><F45/><W60/><G73/><T81/><D81/><N who="1" m="49263" /><E21/><V83/><F89/><W94/><G1/><T108/><D108/><U36/><E36/><V91/><F91/><W103/><G76/><T14/><D14/><U64/><E64/><V9/><F9/><W2/><G79/><T30/><AGARI ba="0,0" hai="8,13,16,22,27,30,78,80,85,97,98" m="20553" machi="30" ten="30,4000,0" yaku="8,1,54,2" doraHai="63" who="0" fromWho="0" sc="198,40,214,-10,234,-10,354,-20" owari="238,3.8,204,-29.6,224,-17.6,334,43.4" /></mjloggm>