<mjloggm ver="2.3"><GO type="225" lobby="0"/><UN n0="%E3%81%8F%E3%82%8A%E3%83%94%E3%83%BC" n1="%E9%80%9F%E6%B0%B4%E5%87%9B%E9%A6%99" n2="%E3%81%A1%E3%82%85%E3%81%86%E3%81%A9%E3%81%8F%E8%B1%A1%E3%81%95%E3%82%93" n3="%33%74%72%65%65" dan="16,16,17,17" rate="2118.90,2155.54,2181.62,2221.94" sx="M,F,M,F"/><TAIKYOKU oya="0"/><INIT seed="0,0,0,2,3,105" ten="250,250,250,250" oya="0" hai0="133,117,93,128,30,1,102,62,25,101,38,11,67" hai1="88,8,27,44,104,65,59,63,26,132,48,91,123" hai2="53,115,66,107,111,23,57,121,120,64,68,130,85" hai3="12,17,116,32,119,50,70,13,75,71,54,39,131"/><T83/><D117/><U134/><E123/><V86/><F107/><W15/><G39/><T14/><D1/><U125/><E104/><V36/><F115/><W41/><G41/><T79/><D38/><U33/><E8/><V129/><F23/><W6/><G32/><T51/><D51/><U0/><E0/><V81/><F36/><W92/><G131/><N who="2" m="50185" /><F111/><W34/><G34/><T10/><D10/><U2/><E2/><V55/><F68/><W96/><G6/><T35/><D133/><N who="1" m="51307" /><E125/><V18/><F18/><W3/><G17/><T84/><D93/><U89/><E33/><V22/><F22/><W118/><G75/><T113/><D113/><U110/><E110/><V95/><F95/><W37/><G37/><T122/><D122/><N who="2" m="47210" /><F85/><W56/><REACH who="3" step="1"/><G3/><REACH who="3" ten="250,250,250,240" step="2"/><T28/><D128/><U124/><E124/><V31/><F31/><W97/><G97/><T4/><REACH who="0" step="1"/><D30/><REACH who="0" ten="240,250,250,240" step="2"/><U98/><E98/><V29/><F29/><W77/><G77/><T76/><D76/><U69/><E69/><AGARI ba="0,2" hai="4,11,14,25,28,35,62,67,69,79,83,84,101,102" machi="69" ten="30,2900,0" yaku="1,1,7,1,53,0" doraHai="105" doraHaiUra="16" who="0" fromWho="1" sc="240,49,250,-29,250,0,240,0" /><INIT seed="0,1,0,2,3,16" ten="289,221,250,240" oya="0" hai0="42,62,93,49,84,61,77,13,74,31,25,72,131" hai1="126,123,55,110,83,119,28,135,52,120,102,54,58" hai2="103,91,65,23,38,34,19,128,47,2,59,57,50" hai3="33,78,27,122,89,24,29,75,106,113,109,63,43"/><T6/><D131/><U87/><E119/><V95/><F34/><W8/><G113/><T90/><D74/><U7/><E110/><V97/><F2/><W60/><G109/><T86/><D72/><U111/><E111/><V96/><F38/><W41/><G106/><T115/><D115/><U0/><E135/><V85/><F65/><W9/><G75/><T94/><D13/><U124/><E102/><V69/><F69/><W10/><G78/><T134/><D6/><U36/><E36/><V99/><F103/><W116/><G116/><T46/><D134/><U39/><E39/><V71/><F71/><W107/><G107/><T133/><D133/><U53/><E28/><V118/><F118/><W40/><G122/><T4/><D4/><U18/><E18/><V79/><F79/><W12/><G12/><T98/><D77/><U5/><E5/><V14/><REACH who="2" step="1"/><F128/><REACH who="2" ten="289,221,240,240" step="2"/><W26/><G33/><T100/><REACH who="0" step="1"/><D86/><REACH who="0" ten="279,221,240,240" step="2"/><U82/><N who="1" m="13312" /><DORA hai="76" /><U132/><E87/><V130/><F130/><W105/><G60/><T44/><D44/><U70/><E123/><V56/><F56/><W30/><G63/><T127/><D127/><U45/><E58/><V125/><F125/><W48/><G48/><T112/><D112/><U81/><E120/><V117/><F117/><W121/><G121/><T22/><AGARI ba="1,2" hai="22,25,31,42,46,49,61,62,84,90,93,94,98,100" machi="22" ten="20,18000,2" yaku="1,1,0,1,7,1,8,1,52,1,53,1" doraHai="16,76" doraHaiUra="108,37" who="0" fromWho="0" sc="279,203,221,-61,240,-61,240,-61" /><INIT seed="0,2,0,2,1,116" ten="482,160,179,179" oya="0" hai0="86,113,37,78,48,68,38,6,134,115,47,76,14" hai1="8,56,90,67,128,112,18,24,55,101,88,43,46" hai2="117,83,80,16,100,36,82,23,27,57,98,25,92" hai3="135,123,13,3,51,129,127,12,107,111,109,122,60"/><T106/><D106/><U11/><E128/><V70/><F70/><W64/><G129/><T22/><D68/><U75/><E67/><V95/><F117/><W31/><G135/><T10/><D134/><U119/><E75/><V4/><F36/><W34/><G127/><T71/><D71/><U19/><E101/><V114/><F114/><W69/><G3/><T9/><D9/><U53/><E112/><V39/><F39/><W33/><G51/><T124/><D124/><U133/><E133/><V121/><F121/><N who="3" m="46091" /><G107/><T58/><D38/><U44/><E56/><V131/><F131/><W72/><G72/><T1/><D58/><U29/><E29/><V65/><F4/><W81/><G81/><T87/><D37/><U89/><E119/><V85/><F27/><N who="3" m="18687" /><G34/><T79/><D1/><U103/><E24/><V77/><F95/><W63/><G60/><AGARI ba="2,0" hai="16,23,25,57,60,65,77,80,82,83,85,92,98,100" machi="60" ten="40,2600,0" yaku="8,1,54,1" doraHai="116" who="2" fromWho="3" sc="482,0,160,0,179,32,179,-32" /><INIT seed="1,0,0,2,3,96" ten="482,160,211,147" oya="1" hai0="61,133,105,59,43,97,125,123,51,13,72,76,127" hai1="73,77,126,8,42,112,1,19,118,111,88,117,85" hai2="6,95,122,83,62,92,48,5,58,54,71,4,10" hai3="82,86,37,36,106,129,49,84,57,22,21,15,20"/><U114/><E42/><V110/><F122/><W91/><G129/><T79/><D72/><U132/><E19/><V2/><F110/><W100/><G36/><T56/><D13/><U120/><E8/><V135/><F135/><W99/><G37/><T80/><D133/><U46/><E46/><V52/><F83/><W103/><G15/><T18/><D18/><U69/><E69/><V53/><F71/><W30/><G30/><T33/><D33/><U98/><E1/><V64/><F2/><W121/><G121/><T31/><D31/><U45/><E45/><N who="2" m="27663" /><F10/><W0/><G0/><T130/><D130/><U109/><E120/><V78/><F78/><W81/><G99/><T7/><D7/><U70/><E98/><V50/><F64/><W55/><G106/><T12/><D12/><U29/><E70/><V94/><F53/><W119/><G119/><N who="1" m="45578" /><E29/><V75/><F75/><W74/><G74/><T128/><D128/><U67/><E67/><V16/><F16/><W28/><G28/><T104/><D123/><U35/><E35/><V116/><F116/><W40/><G40/><T32/><D43/><U17/><E17/><V26/><F26/><W93/><REACH who="3" step="1"/><G82/><REACH who="3" ten="482,160,211,137" step="2"/><T108/><D105/><U66/><E132/><V39/><F39/><W34/><G34/><T134/><D32/><U101/><E109/><V41/><F41/><W90/><AGARI ba="0,1" hai="20,21,22,49,55,57,81,84,86,90,91,93,100,103" machi="90" ten="30,8000,1" yaku="1,1,0,1,8,1,52,2,53,0" doraHai="96" doraHaiUra="115" who="3" fromWho="3" sc="482,-20,160,-40,211,-20,137,90" /><INIT seed="2,0,0,4,1,74" ten="462,120,191,227" oya="2" hai0="85,56,51,47,19,68,117,50,97,40,100,0,77" hai1="8,69,81,112,87,3,66,24,14,98,79,121,96" hai2="67,89,29,58,12,37,59,54,120,72,125,131,104" hai3="62,128,31,127,83,23,57,11,18,52,107,39,17"/><V27/><F120/><W28/><G128/><T115/><D68/><U34/><E3/><V102/><F37/><W119/><G119/><T103/><D0/><U7/><E112/><V13/><F72/><W82/><G127/><T86/><D103/><U21/><E121/><V22/><F131/><W118/><G107/><T80/><D115/><U16/><REACH who="1" step="1"/><E34/><REACH who="1" ten="462,110,191,227" step="2"/><V55/><F125/><W15/><G118/><T42/><D117/><U64/><E64/><V108/><F67/><W113/><G113/><T60/><D42/><U132/><E132/><V38/><F108/><W91/><G39/><T6/><D6/><U53/><E53/><V123/><F123/><W88/><G31/><T41/><D41/><U1/><E1/><V49/><F38/><W105/><G28/><T73/><D40/><U129/><E129/><V43/><F43/><W124/><G124/><T126/><D126/><U111/><E111/><V65/><F65/><W70/><G70/><T10/><D50/><U61/><AGARI ba="0,1" hai="7,8,14,16,21,24,61,66,69,79,81,87,96,98" machi="61" ten="30,12000,2" yaku="1,1,0,1,52,1,54,1,53,2" doraHai="74" doraHaiUra="95" who="1" fromWho="1" sc="462,-30,110,130,191,-60,227,-30" /><INIT seed="3,0,0,2,3,50" ten="432,240,131,197" oya="3" hai0="135,83,55,73,5,107,10,4,94,43,113,6,122" hai1="76,38,87,104,40,11,74,30,66,32,91,124,22" hai2="71,100,108,109,37,102,26,23,57,78,28,8,52" hai3="123,90,99,63,81,131,44,49,29,56,119,27,115"/><W13/><G123/><T79/><D107/><U112/><E32/><V64/><F37/><W127/><G119/><T20/><D122/><U17/><E66/><V128/><F78/><W111/><G115/><T15/><D135/><U7/><E104/><V14/><F71/><W75/><G131/><T96/><D43/><U82/><E30/><V54/><F128/><W21/><G127/><T132/><D132/><U33/><E33/><V114/><F114/><W59/><G111/><N who="2" m="42569" /><F64/><W70/><G70/><T36/><D36/><U117/><E117/><V77/><F77/><W126/><G126/><T85/><D73/><U110/><E110/><V69/><F69/><W106/><G75/><T97/><D97/><U46/><E124/><V42/><F42/><W18/><G106/><T98/><D98/><U92/><E112/><V47/><F47/><W3/><G3/><T72/><D85/><U86/><E86/><V105/><F57/><W65/><G59/><T84/><D84/><U134/><E134/><V89/><F89/><W34/><G90/><T61/><D20/><U53/><E22/><V88/><F88/><W129/><G129/><T68/><D68/><U16/><E91/><V58/><F58/><W103/><G99/><T19/><D113/><U62/><E76/><V9/><F105/><W39/><G39/><T130/><D130/><U31/><E38/><V24/><F24/><W45/><G45/><T48/><D96/><U41/><E46/><V118/><F118/><W51/><G44/><T35/><D79/><U80/><E40/><V0/><F0/><W67/><G67/><RYUUKYOKU ba="0,0" sc="432,0,240,0,131,0,197,0" owari="432,53.2,240,4.0,131,-36.9,197,-20.3" /></mjloggm>