<mjloggm ver="2.3"><GO type="225" lobby="0"/><UN n0="%72%69%6F%75%63%68%61%6E" n1="%E6%80%AA%E3%81%97%E3%81%99%E3%81%8E%E3%82%8B%E3%83%81%E3%83%BC" n2="%73%61%6E%64%69%72%69%73" n3="%E3%81%A1%E3%82%85%E3%81%86%E3%81%A9%E3%81%8F%E8%B1%A1%E3%81%95%E3%82%93" dan="17,16,16,16" rate="2246.33,2149.36,2177.01,2077.55" sx="M,M,M,M"/><TAIKYOKU oya="0"/><INIT seed="0,0,0,2,3,37" ten="250,250,250,250" oya="0" hai0="96,43,18,125,71,113,11,57,36,49,56,23,16" hai1="128,54,20,104,122,42,53,88,33,73,94,85,1" hai2="58,44,5,50,130,26,129,79,25,12,14,93,21" hai3="65,116,29,135,102,66,83,70,64,111,51,3,55"/><T87/><D113/><U90/><E33/><V17/><F58/><W8/><G116/><T41/><D71/><U52/><E122/><V69/><F69/><W123/><G123/><T108/><D125/><U2/><E128/><N who="2" m="49259" /><F79/><W99/><G29/><T133/><D133/><U63/><E104/><V72/><F72/><W39/><G39/><T6/><D108/><U15/><E73/><V22/><F93/><W78/><G111/><T105/><D36/><U46/><E90/><V61/><F61/><W126/><G126/><T38/><D38/><U134/><E134/><V76/><F76/><W9/><G70/><T103/><D87/><U74/><E74/><V19/><F5/><W91/><G91/><T68/><D68/><U67/><E67/><V77/><F77/><W121/><G121/><T119/><D119/><U10/><E63/><V118/><F118/><W97/><G135/><T80/><D80/><U84/><E84/><V112/><F112/><W127/><G127/><T101/><D101/><U124/><E124/><V106/><F106/><W114/><G114/><T82/><D82/><U98/><E85/><V62/><F62/><W31/><G31/><T117/><D117/><U45/><E45/><V4/><F4/><W7/><G8/><T48/><D6/><N who="1" m="3543" /><E20/><V13/><F26/><W110/><G110/><T60/><D60/><U47/><E47/><V27/><F27/><W109/><G109/><T0/><D105/><U107/><E107/><V95/><F95/><W59/><G102/><T89/><D103/><U30/><E30/><V120/><F120/><W75/><AGARI ba="0,0" hai="3,7,9,51,55,59,64,65,66,75,78,83,97,99" machi="75" ten="30,2000,0" yaku="5,1,0,1" doraHai="37" who="3" fromWho="3" sc="250,-10,250,-5,250,-5,250,20" /><INIT seed="1,0,0,3,4,106" ten="240,245,245,270" oya="1" hai0="70,62,12,63,26,9,33,49,119,69,79,2,30" hai1="128,110,118,4,3,44,39,48,88,111,17,130,60" hai2="71,53,31,46,120,100,135,19,91,78,45,25,134" hai3="41,11,40,52,34,57,59,6,8,103,22,123,121"/><U81/><E39/><V14/><F120/><W47/><G34/><T132/><D119/><U104/><E118/><V124/><F71/><W90/><G103/><T42/><D132/><N who="2" m="50730" /><F124/><W89/><G22/><T38/><D38/><U23/><E104/><V29/><F100/><W107/><G107/><T122/><D122/><U75/><E60/><V102/><F102/><W1/><G47/><T10/><D79/><N who="1" m="44287" /><E88/><V126/><F126/><W113/><G52/><T97/><D97/><U55/><E4/><V87/><F78/><W112/><G6/><T101/><D101/><U28/><E3/><AGARI ba="0,0" hai="1,3,8,11,40,41,57,59,89,90,112,113,121,123" machi="3" ten="25,1600,0" yaku="22,2" doraHai="106" who="3" fromWho="1" sc="240,0,245,-16,245,0,270,16" /><INIT seed="2,0,0,0,3,21" ten="240,229,245,286" oya="2" hai0="29,96,109,8,73,90,63,44,10,98,99,27,78" hai1="112,56,35,5,68,100,48,88,93,24,83,94,31" hai2="41,120,114,17,34,55,67,132,131,72,121,110,70" hai3="54,66,104,46,111,60,14,57,2,49,123,135,116"/><V51/><F72/><W126/><G104/><T76/><D109/><U39/><E112/><V102/><F102/><W101/><G2/><T36/><D90/><U23/><E39/><V95/><F95/><W122/><G101/><T19/><D63/><U25/><E68/><V79/><F79/><W30/><G116/><T118/><D118/><U47/><E5/><V124/><F17/><W84/><G111/><T33/><D73/><U89/><E56/><V50/><F34/><W107/><G107/><T20/><D36/><U38/><E38/><V4/><F4/><W43/><G135/><T87/><D44/><U15/><E15/><V1/><F1/><W3/><G3/><T26/><REACH who="0" step="1"/><D76/><REACH who="0" ten="230,229,245,286" step="2"/><U59/><E83/><AGARI ba="0,1" hai="8,10,19,20,26,27,29,33,78,83,87,96,98,99" machi="83" ten="40,8000,1" yaku="1,1,2,1,52,2,53,0" doraHai="21" doraHaiUra="108" who="0" fromWho="1" sc="230,90,229,-80,245,0,286,0" /><INIT seed="3,0,0,4,5,41" ten="320,149,245,286" oya="3" hai0="67,80,60,130,50,27,25,115,63,72,24,36,135" hai1="124,47,32,107,53,105,31,86,69,118,132,58,3" hai2="14,119,76,131,45,4,28,110,95,134,73,21,12" hai3="1,128,19,104,30,127,34,125,78,121,62,23,59"/><W101/><G121/><T39/><D60/><U71/><E69/><V65/><F119/><W9/><G78/><T122/><D122/><U102/><E71/><V61/><F110/><W29/><G101/><T17/><D130/><U81/><E3/><V64/><F131/><W100/><G128/><T2/><D2/><U15/><E124/><N who="3" m="47690" /><G100/><T85/><D72/><U54/><E132/><V93/><F93/><W133/><G104/><T103/><D135/><U55/><E118/><V83/><F134/><W74/><G74/><T79/><D115/><U114/><E114/><V99/><F65/><N who="3" m="39135" /><G133/><T108/><D108/><U7/><E102/><V112/><F112/><W120/><G120/><T20/><D103/><U68/><E68/><V33/><F4/><N who="3" m="1167" /><G34/><T44/><D36/><U56/><E105/><V43/><F33/><W92/><G92/><T40/><D39/><U75/><E107/><V90/><F21/><W98/><G98/><T16/><D17/><U48/><E75/><V26/><F26/><AGARI ba="0,0" hai="19,23,26,29,30" m="1167,39135,47690" machi="26" ten="30,1500,0" yaku="18,1" doraHai="41" who="3" fromWho="2" sc="320,0,149,0,245,-15,286,15" /><INIT seed="3,1,0,4,1,98" ten="320,149,230,301" oya="3" hai0="107,120,101,53,11,50,118,0,67,125,90,6,32" hai1="56,1,133,65,52,36,102,10,82,57,43,131,39" hai2="134,24,8,86,63,5,103,71,54,49,115,93,70" hai3="3,35,116,78,119,40,60,66,104,16,91,19,18"/><W30/><G104/><T48/><D118/><U83/><E133/><V25/><F115/><W110/><G3/><T106/><D120/><U99/><E131/><V117/><F117/><W111/><G78/><T46/><D32/><U22/><E65/><V114/><F114/><W14/><G40/><T77/><D125/><U37/><E43/><V132/><F63/><W38/><G38/><T126/><D126/><U28/><E57/><V127/><F127/><W21/><G35/><T121/><D121/><U26/><E10/><V13/><F86/><W62/><G91/><T105/><D77/><U34/><E1/><V113/><F113/><W41/><G41/><T73/><D73/><U94/><REACH who="1" step="1"/><E34/><REACH who="1" ten="320,139,230,301" step="2"/><V27/><F71/><N who="3" m="42439" /><G119/><T23/><D67/><U122/><E122/><V85/><F70/><W87/><G116/><T128/><D128/><U55/><E55/><V100/><F132/><W124/><G124/><T68/><D68/><U4/><E4/><V42/><F42/><W79/><G62/><AGARI ba="1,1" hai="22,26,28,36,37,39,52,56,62,82,83,94,99,102" machi="62" ten="40,8000,1" yaku="1,1,52,1,54,1,53,1" doraHai="98" doraHaiUra="17" who="1" fromWho="3" sc="320,0,139,93,230,0,301,-83" owari="320,42.0,232,3.2,230,-17.0,218,-28.2" /></mjloggm>