<mjloggm ver="2.3"><GO type="225" lobby="0"/><UN n0="%E3%81%8B%E3%82%8F%E3%81%A1%E3%82%83%E3%82%93%35%38" n1="%28%EF%BF%A3%E2%96%BD%EF%BF%A3%29%CE%B4%E2%8C%92%E3%83%BB" n2="%E5%A4%9C%E5%85%89%E5%A4%A9%E6%A5%BC" n3="%72%69%6F%75%63%68%61%6E" dan="17,16,17,16" rate="2215.67,2131.90,2193.99,2241.46" sx="M,M,M,M"/><TAIKYOKU oya="0"/><INIT seed="0,0,0,4,2,69" ten="250,250,250,250" oya="0" hai0="35,16,100,73,112,119,117,95,55,27,116,65,2" hai1="127,20,17,132,128,24,12,5,122,42,67,32,21" hai2="18,111,75,118,44,82,40,105,108,60,131,56,96" hai3="78,70,53,51,125,31,66,9,81,85,74,25,83"/><T106/><D112/><U15/><E122/><V130/><F118/><W97/><G125/><T54/><D2/><U135/><E67/><N who="2" m="39303" /><F18/><W48/><G9/><T43/><D73/><U123/><E42/><V45/><F45/><W47/><G97/><T76/><D106/><U99/><E99/><V121/><F121/><W126/><G126/><T120/><D35/><U94/><E94/><V26/><F26/><W58/><G70/><T110/><D120/><U39/><E39/><N who="2" m="21535" /><F82/><W103/><G103/><T46/><D117/><U107/><E107/><V11/><F11/><W68/><G68/><T134/><D119/><U72/><E72/><V87/><F87/><W115/><G115/><T34/><D34/><U4/><E123/><V91/><F75/><W59/><G66/><T102/><D116/><U92/><E92/><N who="2" m="56351" /><F105/><W89/><REACH who="3" step="1"/><G48/><REACH who="3" ten="250,250,250,240" step="2"/><T80/><D65/><U30/><E127/><V0/><F0/><W86/><G86/><N who="0" m="48391" /><D100/><U133/><E128/><AGARI ba="0,1" hai="108,111,128,130,131" m="56351,21535,39303" machi="128" ten="30,2000,0" yaku="19,1,52,1" doraHai="69" who="2" fromWho="1" sc="250,0,250,-20,250,30,240,0" /><INIT seed="1,0,0,3,3,1" ten="250,230,280,240" oya="1" hai0="131,82,71,62,8,70,38,86,109,10,33,16,25" hai1="56,79,63,42,113,28,57,98,114,88,13,74,19" hai2="124,103,6,83,15,134,36,17,106,120,119,52,60" hai3="32,31,92,128,127,46,11,41,9,73,69,54,132"/><U26/><E42/><V30/><F119/><W115/><G115/><T101/><D38/><U14/><E57/><V64/><F36/><W97/><G73/><T49/><D109/><U100/><E79/><V117/><F117/><W5/><G69/><T21/><D131/><U75/><E75/><V7/><F30/><W58/><G128/><T96/><D33/><U18/><E74/><V94/><F106/><W126/><G132/><T121/><D121/><U91/><E113/><V107/><F107/><W4/><G11/><T51/><D70/><U89/><E114/><V2/><F2/><W40/><G9/><T105/><D8/><U118/><E118/><V53/><F120/><W12/><G12/><T77/><REACH who="0" step="1"/><D10/><REACH who="0" ten="240,230,280,240" step="2"/><U104/><E14/><V27/><F15/><W95/><G32/><T125/><D125/><U61/><E13/><V85/><F124/><W78/><G127/><T39/><D39/><U3/><E3/><V112/><F112/><W76/><G126/><T20/><D20/><U111/><E111/><V129/><F129/><W123/><G123/><T29/><D29/><U43/><E43/><V99/><F134/><W102/><G31/><T72/><D72/><U47/><E28/><V35/><F35/><W0/><G0/><T22/><D22/><U67/><E26/><V90/><F27/><W66/><G40/><T130/><D130/><U80/><E19/><V34/><F17/><W116/><G41/><T87/><D87/><N who="1" m="50279" /><E18/><V84/><F34/><W23/><G23/><T108/><D108/><U133/><E133/><V59/><F85/><W81/><G116/><RYUUKYOKU ba="0,1" sc="240,15,230,-15,280,15,240,-15" hai0="16,21,25,49,51,62,71,77,82,86,96,101,105" hai2="6,7,52,53,59,60,64,83,84,90,94,99,103" /><INIT seed="2,1,1,3,1,103" ten="255,215,295,225" oya="2" hai0="52,25,40,71,126,15,110,129,115,36,117,76,58" hai1="10,29,113,94,80,38,118,114,134,17,81,2,104" hai2="106,109,65,85,120,87,97,135,90,50,95,42,51" hai3="63,89,23,98,68,124,119,28,67,77,16,127,123"/><V60/><F120/><W122/><G119/><T59/><D115/><U75/><E38/><V74/><F74/><W55/><G28/><T130/><D71/><U5/><E118/><V112/><F112/><W31/><G31/><T131/><D117/><U70/><E70/><V73/><F73/><W107/><G77/><T32/><D110/><U43/><E43/><V41/><F106/><W128/><G128/><T100/><D126/><N who="3" m="48169" /><G55/><T86/><D100/><U121/><E121/><N who="3" m="46090" /><G89/><T7/><D40/><U79/><E29/><V53/><F42/><W116/><G116/><T12/><D32/><U39/><E39/><V37/><F109/><W56/><G68/><T20/><D36/><U21/><E80/><V1/><F41/><W13/><G98/><T66/><D66/><U22/><E134/><V48/><F65/><W93/><G93/><T9/><D52/><U46/><E46/><V91/><F135/><W69/><G56/><N who="0" m="21547" /><D76/><U4/><E104/><AGARI ba="1,1" hai="13,16,23,63,67,69,104,107" m="46090,48169" machi="104" ten="30,7700,0" yaku="18,1,52,2,54,1" doraHai="103" who="3" fromWho="1" sc="255,0,215,-80,295,0,225,90" /><INIT seed="3,0,0,5,0,110" ten="255,135,295,315" oya="3" hai0="108,122,124,39,68,120,129,103,84,53,17,26,133" hai1="34,121,43,14,127,56,116,85,1,123,100,15,83" hai2="59,7,55,102,48,13,30,60,11,36,115,131,73" hai3="94,33,82,75,92,78,125,0,57,54,41,51,37"/><W99/><G33/><T4/><D68/><U88/><E1/><V95/><F115/><W58/><G125/><T32/><D39/><U71/><E71/><V38/><F73/><W117/><G117/><T90/><D103/><U2/><E2/><V23/><F131/><W67/><G0/><T6/><D53/><U46/><E34/><V93/><F38/><W104/><G104/><T62/><D62/><U66/><E116/><V98/><F36/><W74/><G75/><T61/><D61/><U119/><E127/><V109/><F109/><W132/><G132/><T63/><D63/><U135/><E119/><V10/><F10/><W16/><G57/><T76/><D76/><U42/><E135/><V126/><F48/><W22/><G67/><T69/><D69/><U9/><E15/><V50/><F50/><W72/><G74/><T118/><D133/><U65/><E100/><V105/><F126/><W40/><G37/><T113/><D124/><U5/><E56/><V81/><F81/><W70/><G70/><T47/><D118/><U24/><E24/><N who="2" m="16671" /><F105/><W111/><G111/><T101/><D108/><U77/><E77/><V20/><F95/><W12/><G94/><N who="0" m="54599" /><D129/><U91/><E91/><AGARI ba="0,0" hai="12,16,22,40,41,51,54,58,72,78,82,91,92,99" machi="91" ten="30,2900,0" yaku="7,1,54,1" doraHai="110" who="3" fromWho="1" sc="255,0,135,-29,295,0,315,29" owari="255,-14.5,106,-39.4,295,9.5,344,44.4" /></mjloggm>