<mjloggm ver="2.3"><GO type="225" lobby="0"/><UN n0="%E7%99%BD%E6%97%A5%E9%9B%AA%E8%8F%9C" n1="%E9%B3%B3%E6%9D%B1%E3%81%AE%E3%81%BF%E3%81%91%E3%81%AB%E3%82%83%E3%82%93" n2="%E3%82%BC%E3%83%AB%E3%83%80%E3%81%AE%E4%BC%9D%E8%AA%AC" n3="%E9%80%86%E9%80%A3%E5%B8%AF%E3%81%AE%E9%AC%BC" dan="17,17,17,16" rate="2219.50,2176.94,2223.24,2172.10" sx="M,F,M,M"/><TAIKYOKU oya="0"/><INIT seed="0,0,0,1,2,115" ten="250,250,250,250" oya="0" hai0="36,72,77,17,127,93,131,116,0,119,111,22,99" hai1="112,53,11,80,48,91,49,32,120,95,69,134,26" hai2="97,16,23,73,63,128,74,29,40,107,55,67,58" hai3="76,133,92,121,54,68,59,8,82,51,4,62,14"/><T44/><D0/><U101/><E120/><V114/><F114/><W24/><G133/><T70/><D70/><U123/><E123/><V34/><F128/><W42/><G121/><T28/><D28/><U61/><E112/><V10/><F40/><W90/><G68/><T60/><D60/><U27/><E134/><V135/><F135/><W79/><G24/><T13/><D131/><U7/><E32/><V1/><F55/><W47/><REACH who="3" step="1"/><G82/><REACH who="3" ten="250,250,250,240" step="2"/><T108/><D127/><U64/><E26/><V85/><F34/><W105/><G105/><T50/><D36/><U100/><E27/><V117/><F107/><W103/><G103/><N who="0" m="60911" /><D72/><U124/><E124/><V98/><F74/><W110/><G110/><N who="0" m="42027" /><D77/><U66/><E69/><V96/><F73/><W56/><G56/><T37/><D37/><U46/><E46/><V132/><F132/><W18/><G18/><T2/><D2/><U122/><E122/><V20/><F1/><W57/><G57/><T41/><AGARI ba="0,1" hai="13,17,22,41,44,50,116,119" m="42027,60911" machi="41" ten="30,11700,0" yaku="14,1,10,1,52,2" doraHai="115" who="0" fromWho="0" sc="250,127,250,-39,250,-39,240,-39" /><INIT seed="0,1,0,1,2,25" ten="377,211,211,201" oya="0" hai0="15,131,62,120,93,90,123,92,41,56,67,2,6" hai1="113,63,125,20,91,14,69,24,51,58,0,12,88" hai2="73,42,45,71,44,39,96,103,70,59,126,132,61" hai3="135,65,119,72,117,53,129,97,57,108,5,112,40"/><T60/><D2/><U1/><E69/><V74/><F126/><W19/><G112/><T35/><D35/><U98/><E125/><V128/><F132/><W111/><G72/><T27/><D131/><U48/><E113/><V110/><F110/><W83/><G5/><T50/><D27/><U114/><E114/><V68/><F45/><W4/><G4/><T7/><D6/><U106/><E106/><V107/><REACH who="2" step="1"/><F128/><REACH who="2" ten="377,211,201,201" step="2"/><W11/><G129/><T104/><D123/><U127/><E127/><V31/><F31/><W75/><G135/><T122/><D122/><U109/><E109/><V49/><F49/><W64/><G111/><T43/><D50/><U78/><E48/><V118/><F118/><W81/><G108/><T87/><D120/><U84/><E51/><V102/><F102/><W99/><G119/><T134/><D134/><U38/><E38/><V105/><F105/><W37/><G117/><T89/><D104/><U9/><E0/><V30/><F30/><W26/><G37/><T28/><D28/><N who="1" m="17415" /><E1/><V33/><F33/><W13/><G40/><T115/><D115/><U130/><E130/><V46/><F46/><W3/><G3/><T36/><D36/><U95/><E78/><V22/><F22/><W79/><G79/><T55/><D41/><U85/><E91/><V94/><F94/><W52/><G11/><N who="0" m="4607" /><D43/><U29/><E29/><V34/><F34/><W116/><G116/><T32/><D32/><U77/><E77/><V80/><F80/><W76/><G83/><N who="0" m="49407" /><D90/><U100/><E88/><V18/><F18/><W17/><G76/><T86/><D93/><RYUUKYOKU ba="1,1" sc="377,-10,211,-10,201,30,201,-10" hai2="39,42,44,59,61,68,70,71,73,74,96,103,107" /><INIT seed="1,2,1,5,2,68" ten="367,201,231,191" oya="1" hai0="14,102,70,19,104,108,20,1,38,135,82,15,120" hai1="112,17,3,74,47,65,49,18,125,95,56,101,23" hai2="94,9,48,32,52,53,106,129,116,126,7,83,34" hai3="35,22,90,110,72,11,62,24,0,75,91,121,61"/><U127/><E112/><V60/><F106/><W21/><G121/><T86/><D1/><U81/><E3/><V87/><F116/><W2/><G35/><T111/><D70/><U96/><E65/><V115/><F115/><W76/><G24/><T117/><D117/><U122/><E56/><V67/><F126/><N who="1" m="48137" /><E122/><V54/><F94/><W79/><REACH who="3" step="1"/><G11/><REACH who="3" ten="367,201,231,181" step="2"/><T6/><D120/><U124/><E124/><V100/><F32/><W31/><G31/><T36/><D111/><AGARI ba="2,2" hai="0,2,21,22,61,62,72,75,76,79,90,91,110,111" machi="111" ten="25,3200,0" yaku="1,1,22,2,53,0" doraHai="68" doraHaiUra="134" who="3" fromWho="0" sc="367,-38,201,0,231,0,181,58" /><INIT seed="2,0,0,4,3,111" ten="329,201,231,239" oya="2" hai0="75,67,105,24,32,48,63,128,100,69,133,26,4" hai1="90,132,6,120,102,8,44,49,76,61,94,15,21" hai2="110,72,37,80,7,70,134,12,93,81,34,19,38" hai3="131,87,22,31,23,91,53,1,64,71,112,20,68"/><V135/><F70/><W66/><G1/><T85/><D75/><U35/><E132/><N who="2" m="50731" /><F110/><W42/><G131/><T52/><D133/><U47/><E35/><V119/><F119/><W59/><G42/><T51/><D4/><U2/><E120/><V97/><F7/><W60/><G112/><T65/><D65/><U17/><E102/><N who="2" m="60719" /><F34/><W125/><G125/><T14/><D128/><U129/><E129/><V130/><F130/><W3/><G3/><T104/><D14/><U54/><E76/><N who="2" m="44039" /><F81/><W118/><G118/><T98/><D32/><U107/><E107/><V77/><F77/><W18/><G71/><T84/><D105/><U86/><REACH who="1" step="1"/><E61/><REACH who="1" ten="329,191,231,239" step="2"/><V114/><F114/><W45/><G60/><T27/><D104/><U101/><E101/><V41/><F41/><W117/><G117/><T9/><D100/><U46/><AGARI ba="0,1" hai="2,6,8,15,17,21,44,46,47,49,54,86,90,94" machi="46" ten="20,5200,0" yaku="1,1,0,1,7,1,53,1" doraHai="111" doraHaiUra="16" who="1" fromWho="1" sc="329,-13,191,62,231,-26,239,-13" /><INIT seed="3,0,0,3,4,105" ten="316,253,205,226" oya="3" hai0="80,75,54,39,104,53,94,118,19,51,59,86,35" hai1="106,73,2,103,38,111,66,5,68,99,91,21,132" hai2="101,50,40,126,16,52,55,57,23,12,25,79,127" hai3="114,29,8,130,62,32,47,76,74,44,60,93,63"/><W48/><G114/><T9/><D104/><U15/><E91/><V41/><F101/><W131/><G8/><T3/><D35/><U81/><E15/><V121/><F121/><W10/><G10/><T115/><D39/><U96/><E21/><N who="2" m="11399" /><F79/><W72/><G76/><T134/><D75/><N who="3" m="28713" /><G93/><T85/><D94/><U92/><E38/><V102/><F102/><W83/><G83/><T4/><D80/><U27/><E27/><V13/><F13/><W6/><G6/><T69/><D115/><U95/><E5/><V1/><F1/><W119/><G119/><T116/><D116/><U124/><E2/><V18/><F55/><N who="0" m="21002" /><D118/><U34/><E95/><V28/><F28/><W120/><G120/><T11/><D11/><U64/><E92/><V20/><F20/><W108/><G29/><T36/><D19/><U110/><E103/><V65/><F65/><W97/><G32/><T31/><D31/><U46/><E73/><V82/><F82/><W26/><G26/><T135/><D9/><U133/><E81/><V123/><F123/><W42/><G97/><T88/><D4/><U30/><E30/><V98/><F98/><W70/><G70/><T33/><D69/><U17/><E34/><V90/><F90/><W67/><G67/><T113/><D88/><U128/><E68/><V58/><F58/><W89/><G89/><T77/><D59/><U117/><E117/><V112/><F112/><W87/><G87/><T0/><D0/><U37/><E96/><V22/><F22/><W129/><G47/><T43/><D3/><U71/><E99/><V125/><AGARI ba="0,0" hai="18,23,25,40,41,50,52,57,125,126,127" m="11399" machi="125" ten="30,7900,0" yaku="5,1,18,1,54,2" doraHai="105" who="2" fromWho="2" sc="316,-20,253,-20,205,79,226,-39" /><INIT seed="4,0,0,0,4,26" ten="296,233,284,187" oya="0" hai0="95,132,116,6,47,124,14,39,113,32,4,107,35" hai1="105,29,20,82,61,98,24,18,76,104,120,128,111" hai2="114,91,38,122,86,85,125,60,56,84,28,90,81" hai3="1,13,44,46,48,99,87,5,110,80,97,134,17"/><T40/><D107/><U94/><E120/><V103/><F122/><W50/><G134/><T33/><D116/><U2/><E111/><V108/><F108/><W69/><G69/><T53/><D132/><U58/><E128/><V112/><F38/><W22/><G110/><T71/><D71/><U64/><E2/><V3/><F3/><W10/><G50/><T70/><D70/><U19/><E105/><V96/><F125/><W92/><G92/><T57/><D124/><U15/><E15/><V23/><F103/><W72/><G72/><T129/><D129/><U7/><E7/><V16/><F28/><W63/><G63/><T131/><D131/><U41/><E41/><V0/><F0/><W54/><REACH who="3" step="1"/><G46/><REACH who="3" ten="296,233,284,177" step="2"/><T34/><D47/><U121/><E121/><V59/><F60/><W9/><G9/><T119/><D39/><U30/><E104/><V79/><F59/><W109/><G109/><T135/><D57/><U21/><E58/><V78/><F56/><W42/><G42/><T133/><D40/><U68/><E61/><V36/><F36/><W31/><G31/><N who="1" m="11786" /><E68/><V126/><F126/><W43/><G43/><T115/><D133/><U75/><E64/><V83/><F112/><W65/><G65/><T123/><D135/><U67/><E67/><V12/><F114/><W106/><G106/><T8/><D123/><U11/><E11/><V101/><F86/><W62/><G62/><T93/><D115/><U77/><E75/><V52/><F52/><W89/><AGARI ba="0,1" hai="1,5,10,13,17,22,44,48,54,80,87,89,97,99" machi="89" ten="20,5200,0" yaku="1,1,0,1,7,1,53,1" doraHai="26" doraHaiUra="45" who="3" fromWho="3" sc="296,-26,233,-13,284,-13,177,62" /><INIT seed="5,0,0,3,5,34" ten="270,220,271,239" oya="1" hai0="16,133,57,26,66,79,108,13,63,78,126,43,49" hai1="104,130,122,23,110,115,44,72,71,64,48,21,17" hai2="65,135,41,7,53,128,92,18,100,8,32,68,9" hai3="52,107,93,27,114,117,29,45,60,106,58,118,24"/><U95/><E122/><V113/><F32/><W127/><G114/><T97/><D108/><U119/><E119/><V37/><F18/><W28/><G127/><T90/><D133/><U75/><E104/><V19/><F19/><W73/><G73/><T76/><D26/><U67/><E115/><V94/><F113/><W70/><G70/><T6/><D126/><U84/><E110/><V54/><F135/><W98/><G45/><N who="0" m="25791" /><D6/><U20/><E130/><V42/><F7/><W61/><G61/><T120/><D120/><U59/><E71/><V101/><F65/><N who="1" m="25161" /><E72/><V131/><REACH who="2" step="1"/><F68/><REACH who="2" ten="270,220,261,239" step="2"/><W38/><G118/><T2/><D2/><U35/><E35/><V82/><F82/><W11/><G117/><T96/><D90/><N who="1" m="53703" /><E75/><V0/><F0/><W74/><G74/><T22/><AGARI ba="0,1" hai="13,16,22,57,63,66,76,78,79,96,97" m="25791" machi="22" ten="30,2000,0" yaku="8,1,54,1" doraHai="34" who="0" fromWho="0" sc="270,30,220,-10,261,-5,239,-5" owari="300,40.0,210,-29.0,256,5.6,234,-16.6" /></mjloggm>