<mjloggm ver="2.3"><GO type="225" lobby="0"/><UN n0="%E3%81%8F%E3%82%8A%E3%83%94%E3%83%BC" n1="%E8%A8%88%E7%AE%97%E6%A9%9F%E8%87%AA%E7%84%B6" n2="%6D%75%75%6D%75%72%61" n3="%E3%81%8F%E3%81%BE%E3%81%96%E3%82%8F" dan="16,17,17,16" rate="2101.13,2160.82,2180.05,2062.24" sx="M,M,F,M"/><TAIKYOKU oya="0"/><INIT seed="0,0,0,3,0,64" ten="250,250,250,250" oya="0" hai0="133,85,91,14,125,102,41,99,12,17,11,50,36" hai1="118,88,74,119,18,108,129,101,117,61,92,83,98" hai2="39,38,127,111,8,80,126,55,106,70,57,10,2" hai3="9,35,22,72,34,112,4,131,69,114,113,96,100"/><T109/><D36/><N who="2" m="13866" /><F2/><N who="3" m="151" /><G22/><T33/><D125/><N who="2" m="47626" /><F106/><N who="3" m="63751" /><G131/><T105/><D133/><U87/><E61/><N who="2" m="36031" /><F111/><W44/><G72/><T78/><D33/><N who="3" m="12297" /><G44/><T95/><D109/><U46/><E46/><V115/><F115/><W45/><G45/><T43/><D50/><U24/><E108/><V62/><F80/><W25/><G25/><T23/><REACH who="0" step="1"/><D78/><REACH who="0" ten="240,250,250,250" step="2"/><U65/><E118/><V53/><F53/><W31/><G31/><T104/><D104/><U20/><E119/><V49/><F49/><W5/><G5/><AGARI ba="0,1" hai="5,11,12,14,17,23,41,43,85,91,95,99,102,105" machi="5" ten="30,5800,0" yaku="1,1,7,1,53,1" doraHai="64" doraHaiUra="13" who="0" fromWho="3" sc="240,68,250,0,250,0,250,-58" /><INIT seed="0,1,0,1,5,45" ten="308,250,250,192" oya="0" hai0="117,50,62,2,63,127,9,3,41,44,52,5,85" hai1="43,86,40,92,73,87,67,46,33,30,108,8,12" hai2="80,58,93,97,71,69,107,36,99,105,118,1,77" hai3="98,135,51,123,112,22,26,15,4,133,82,132,59"/><T75/><D75/><U20/><E73/><V81/><F36/><W88/><G112/><T17/><D117/><U21/><E108/><V53/><F1/><W106/><G123/><T78/><D127/><U48/><E33/><V11/><F11/><N who="3" m="4583" /><G106/><T47/><D2/><U101/><E67/><V25/><F118/><W124/><G124/><T130/><D130/><U115/><E40/><V0/><F0/><W91/><G82/><T79/><D17/><N who="1" m="8327" /><E115/><V42/><F42/><W19/><G98/><T14/><D3/><U56/><E56/><V39/><F39/><W70/><G70/><T54/><D85/><N who="1" m="32267" /><E30/><V72/><F81/><W126/><G126/><T111/><D111/><U38/><E38/><V104/><F97/><AGARI ba="1,0" hai="20,21,43,46,48,92,97,101" m="32267,8327" machi="97" ten="30,2000,0" yaku="8,1,52,1" doraHai="45" who="1" fromWho="2" sc="308,0,250,23,250,-23,192,0" /><INIT seed="1,0,0,3,0,9" ten="308,273,227,192" oya="1" hai0="74,117,71,28,118,55,38,89,45,51,83,20,73" hai1="18,107,87,30,114,111,77,113,64,128,24,104,15" hai2="120,103,29,17,2,134,68,100,31,95,132,124,53" hai3="36,1,33,82,23,106,115,88,80,108,112,3,10"/><U99/><E128/><V101/><F120/><W8/><G33/><T6/><D71/><U93/><E64/><V19/><F68/><W84/><G106/><T105/><D105/><U65/><E65/><V39/><F124/><W97/><G36/><T25/><D38/><U78/><E111/><V16/><F39/><W60/><G97/><T90/><D6/><U116/><E116/><V40/><F40/><W102/><G102/><T50/><D50/><U63/><E63/><V12/><F2/><W5/><G108/><T127/><D127/><U119/><E119/><V75/><F75/><W72/><G23/><T35/><D35/><U42/><E42/><V59/><F95/><W67/><G8/><T109/><D109/><U27/><E30/><N who="2" m="11275" /><F132/><W92/><G1/><T121/><D121/><U58/><E93/><V133/><F133/><W54/><G54/><T85/><D74/><U37/><E37/><V11/><F134/><W47/><G47/><T41/><D73/><U32/><E32/><V56/><F56/><W86/><G72/><T122/><D122/><U34/><E34/><V4/><F4/><W44/><G44/><T43/><D118/><U13/><E58/><V96/><F96/><W69/><G92/><N who="0" m="54319" /><D117/><U0/><E99/><V52/><F53/><W57/><G69/><T22/><D22/><U126/><E0/><V98/><F98/><W129/><G129/><T70/><D70/><U76/><E126/><V7/><F7/><W61/><G61/><AGARI ba="0,0" hai="11,12,16,17,19,52,59,61,100,101,103" m="11275" machi="61" ten="30,7700,0" yaku="8,1,52,1,54,2" doraHai="9" who="2" fromWho="3" sc="308,0,273,0,227,77,192,-77" /><INIT seed="2,0,0,3,1,53" ten="308,273,304,115" oya="2" hai0="61,109,86,50,66,34,43,33,125,117,92,93,32" hai1="2,84,47,4,13,106,101,88,67,8,55,74,31" hai2="69,102,122,91,6,135,49,112,115,131,98,127,1" hai3="26,94,39,81,41,42,0,64,85,116,46,11,130"/><V37/><F37/><W121/><G116/><T54/><D43/><U62/><E74/><V119/><F119/><W52/><G121/><T24/><D117/><U103/><E31/><V133/><F69/><W35/><G130/><T83/><D24/><U48/><E2/><V78/><F6/><W22/><G64/><T76/><D109/><U29/><E106/><N who="2" m="63831" /><F1/><W120/><G120/><T60/><D125/><U118/><E29/><V36/><F36/><W96/><G35/><T124/><D124/><U44/><E44/><V12/><F12/><W111/><G111/><T63/><REACH who="0" step="1"/><D66/><REACH who="0" ten="298,273,304,115" step="2"/><U110/><E110/><V70/><F127/><W73/><G42/><T134/><D134/><U14/><E118/><V3/><F122/><W38/><G41/><T45/><AGARI ba="0,1" hai="32,33,34,45,50,54,60,61,63,76,83,86,92,93" machi="45" ten="40,5200,0" yaku="1,1,0,1,53,1" doraHai="53" doraHaiUra="51" who="0" fromWho="0" sc="298,62,273,-13,304,-26,115,-13" /><INIT seed="3,0,0,0,4,116" ten="360,260,278,102" oya="3" hai0="13,92,54,130,42,118,83,86,52,112,46,23,64" hai1="134,10,82,93,132,127,68,59,117,28,20,0,135" hai2="124,66,115,12,30,34,102,41,9,26,72,3,120" hai3="97,123,81,133,63,24,32,49,99,69,55,15,88"/><W2/><G133/><T71/><D130/><U84/><E68/><V58/><F115/><W95/><G2/><T96/><D118/><U78/><E117/><V39/><F72/><W48/><G81/><T129/><D129/><U89/><E127/><V47/><F3/><W122/><G99/><T114/><D64/><U70/><E70/><V35/><F124/><W14/><G69/><T40/><D71/><U80/><E59/><V16/><F102/><W121/><G63/><T60/><D23/><U105/><E105/><V1/><F1/><W43/><G43/><T75/><D13/><U44/><E44/><V101/><F101/><W31/><REACH who="3" step="1"/><G49/><REACH who="3" ten="360,260,278,92" step="2"/><T11/><D60/><U27/><E78/><V17/><F66/><W19/><G19/><T87/><D96/><U61/><E61/><V50/><F17/><W110/><G110/><T109/><D83/><U85/><E85/><V4/><F16/><W65/><G65/><T51/><D42/><U125/><E125/><V79/><F79/><W67/><G67/><T53/><D109/><U104/><E104/><V62/><F62/><W126/><G126/><T18/><D75/><U8/><E8/><V111/><F111/><W21/><G21/><T25/><D40/><U7/><AGARI ba="0,1" hai="0,7,10,20,27,28,80,82,84,89,93,132,134,135" machi="7" ten="40,2700,0" yaku="0,1,20,1" doraHai="116" who="1" fromWho="1" sc="360,-7,260,37,278,-7,92,-13" owari="353,45.3,297,9.7,271,-12.9,79,-42.1" /></mjloggm>