<mjloggm ver="2.3"><GO type="225" lobby="0"/><UN n0="%E5%A4%9C%E3%81%AE%E3%82%AC%E3%82%B9%E3%83%91%E3%83%BC%E3%83%AB" n1="%E3%81%A4%E3%81%A3%E3%81%B1%E3%82%8A%E3%83%9D%E3%83%BC%E3%83%AB" n2="%E7%82%8E%E3%83%8E%E6%9C%B1%E9%9B%80" n3="%72%69%6F%75%63%68%61%6E" dan="16,17,16,16" rate="2123.69,2228.66,2162.41,2177.73" sx="M,M,M,M"/><TAIKYOKU oya="0"/><INIT seed="0,0,0,0,0,54" ten="250,250,250,250" oya="0" hai0="95,26,53,103,62,102,130,23,89,78,126,59,83" hai1="93,33,122,18,6,40,52,37,125,42,81,135,13" hai2="76,55,84,101,100,118,34,1,115,39,46,87,19" hai3="127,7,77,97,105,25,56,49,113,8,96,17,94"/><T41/><D126/><U114/><E122/><V70/><F115/><W24/><G113/><T0/><D0/><U65/><E33/><V51/><F34/><W60/><G127/><T106/><D130/><U98/><E37/><V9/><F118/><W63/><G77/><T45/><D106/><U109/><E125/><V133/><F70/><W66/><G105/><T134/><D134/><U92/><E114/><V14/><F133/><W121/><G121/><T50/><D83/><U79/><E65/><V88/><F39/><W131/><G131/><T67/><D78/><U48/><E6/><V58/><F1/><W111/><G111/><T27/><D67/><U74/><E109/><V107/><F107/><W72/><G72/><T123/><D27/><U64/><E64/><V28/><F28/><W99/><G63/><T31/><REACH who="0" step="1"/><D123/><REACH who="0" ten="240,250,250,250" step="2"/><U38/><E135/><V117/><F117/><W3/><G94/><T116/><D116/><U124/><E93/><N who="2" m="54407" /><F46/><W69/><G24/><T44/><D44/><U86/><E124/><V35/><F35/><W85/><G25/><T15/><D15/><U75/><E75/><V112/><F112/><W22/><G3/><T2/><D2/><U132/><E74/><V104/><F104/><W10/><G69/><T16/><D16/><U90/><E132/><V68/><F68/><N who="3" m="42055" /><G7/><T120/><D120/><U80/><E80/><AGARI ba="0,1" hai="9,14,19,51,55,58,76,80,87,100,101" m="54407" machi="80" ten="30,3900,0" yaku="8,1,52,1,54,1" doraHai="54" who="2" fromWho="1" sc="240,0,250,-39,250,49,250,0" /><INIT seed="1,0,0,1,3,46" ten="240,211,299,250" oya="1" hai0="61,75,68,76,53,127,14,74,115,106,133,109,118" hai1="128,1,64,112,90,29,63,24,104,57,7,102,89" hai2="6,59,87,86,67,95,111,9,108,84,107,8,39" hai3="126,49,40,105,4,45,0,33,13,23,44,117,72"/><U130/><E112/><V98/><F39/><W129/><G126/><T121/><RYUUKYOKU type="yao9" ba="0,0" sc="240,0,211,0,299,0,250,0" hai0="14,53,61,68,74,75,76,106,109,115,118,121,127,133" /><INIT seed="1,1,0,5,1,23" ten="240,211,299,250" oya="1" hai0="102,46,84,79,135,89,60,114,113,98,26,116,44" hai1="106,107,15,80,5,30,36,43,57,130,64,70,62" hai2="95,0,82,16,53,123,34,124,101,11,37,63,19" hai3="42,61,125,50,78,87,32,28,10,120,38,6,68"/><U51/><E130/><V126/><F123/><W76/><G120/><T99/><D116/><U54/><E30/><V85/><F37/><W17/><G125/><N who="2" m="48233" /><F34/><W58/><G38/><T96/><D135/><U92/><E80/><V71/><F95/><W119/><G119/><T39/><D79/><U134/><E134/><V12/><F101/><W115/><G115/><T75/><D75/><U47/><REACH who="1" step="1"/><E92/><REACH who="1" ten="240,201,299,250" step="2"/><V74/><F82/><W52/><G28/><T27/><D113/><U118/><E118/><V105/><F105/><W111/><G32/><T48/><D114/><U67/><E67/><V128/><F128/><W8/><G78/><T103/><D103/><U91/><E91/><V14/><F74/><W108/><G76/><T132/><D102/><U83/><E83/><V2/><F85/><W20/><G87/><T77/><D77/><U29/><E29/><V72/><F72/><W94/><G94/><T3/><D132/><U131/><E131/><V88/><F88/><W127/><G127/><T112/><D112/><U45/><E45/><V13/><F71/><W110/><G68/><T18/><D89/><U100/><E100/><V9/><F13/><N who="3" m="9263" /><G111/><T24/><D46/><U122/><E122/><V7/><F14/><N who="3" m="5399" /><G110/><T97/><D44/><U93/><E93/><V49/><F12/><W59/><G108/><T25/><D97/><U22/><E22/><V69/><F69/><W66/><G10/><AGARI ba="1,1" hai="5,10,15,36,43,47,51,54,57,62,64,70,106,107" machi="10" ten="40,7700,0" yaku="1,1,24,2,53,0" doraHai="23" doraHaiUra="35" who="1" fromWho="3" sc="240,0,201,90,299,0,250,-80" /><INIT seed="1,2,0,4,4,76" ten="240,291,299,170" oya="1" hai0="78,64,109,84,88,0,90,82,67,23,122,53,103" hai1="89,7,41,20,48,35,47,39,131,43,120,25,133" hai2="61,5,108,124,34,74,101,28,42,14,77,17,3" hai3="15,80,45,110,68,27,106,117,9,69,116,105,93"/><U70/><E120/><V99/><F108/><W126/><G110/><T63/><D109/><U91/><E133/><V18/><F124/><W129/><G126/><T29/><D0/><U96/><E131/><V31/><F42/><W24/><G129/><T135/><D135/><U125/><E125/><V36/><F36/><W66/><G93/><T104/><D122/><U52/><E35/><V86/><F74/><W57/><G57/><N who="0" m="35247" /><D103/><U98/><E70/><N who="3" m="27242" /><G66/><N who="0" m="25131" /><D104/><N who="3" m="40041" /><G45/><T65/><N who="0" m="25139" /><T92/><DORA hai="132" /><D92/><U22/><E39/><V2/><F61/><W32/><G32/><T81/><D81/><U113/><E22/><V10/><F101/><W16/><G80/><T128/><D128/><U95/><E95/><V107/><F107/><W72/><G72/><T46/><D46/><U111/><E20/><V130/><F130/><W54/><G54/><T49/><D49/><U121/><E52/><V55/><F55/><W6/><G6/><T127/><D127/><U94/><E7/><V134/><F5/><W21/><G21/><T73/><D73/><U12/><E48/><V4/><F134/><W40/><G40/><T112/><D112/><U59/><E43/><V115/><F115/><W83/><G83/><T13/><D13/><U30/><E12/><V118/><F14/><W26/><G116/><T119/><D119/><U19/><E41/><V56/><F118/><W62/><G117/><T79/><D79/><U123/><E111/><V60/><F34/><W75/><G75/><T50/><D50/><U100/><E123/><V11/><F2/><W85/><G62/><T33/><D33/><RYUUKYOKU ba="2,0" sc="240,15,291,-15,299,-15,170,15" hai0="23,29,78,82,84,88,90" hai3="9,15,16,24,26,27,85" /><INIT seed="2,3,0,2,3,30" ten="255,276,284,185" oya="2" hai0="40,57,72,123,48,25,111,44,9,34,87,120,95" hai1="17,118,92,82,50,63,89,66,115,20,108,84,78" hai2="130,109,67,117,74,33,23,55,43,27,100,125,5" hai3="96,129,135,32,132,52,73,41,76,36,11,124,70"/><V80/><F117/><W12/><G70/><T42/><D72/><U102/><E118/><V2/><F55/><W71/><G71/><T126/><D111/><U122/><E115/><V29/><F109/><W31/><G36/><T116/><D116/><U113/><E113/><V26/><F67/><W6/><G41/><T16/><D126/><U64/><E108/><V68/><F68/><W58/><G124/><T46/><D57/><U77/><E122/><V104/><F125/><W8/><G96/><T13/><D34/><U106/><E63/><V14/><F130/><W121/><G129/><T7/><D120/><U93/><E106/><V60/><F60/><W61/><G121/><T91/><D123/><U15/><E92/><V38/><F100/><W1/><G76/><N who="1" m="29290" /><E50/><V21/><F104/><W134/><G73/><T28/><D7/><U54/><E54/><V101/><F101/><W65/><G31/><T59/><D59/><U0/><E0/><V94/><F94/><W90/><G90/><T39/><D28/><U131/><E131/><V105/><F105/><W81/><G81/><T133/><REACH who="0" step="1"/><D25/><REACH who="0" ten="245,276,284,185" step="2"/><U37/><E37/><V62/><F27/><W47/><G32/><T56/><D56/><U110/><E110/><V18/><F33/><W128/><G128/><T22/><D22/><U107/><E20/><V83/><F74/><W103/><G103/><T88/><D88/><U53/><E89/><V85/><F23/><W98/><G98/><T19/><D19/><U4/><E102/><V45/><F18/><N who="3" m="8455" /><G65/><T75/><D75/><U79/><E66/><V97/><F29/><RYUUKYOKU ba="3,1" sc="245,15,276,-15,284,-15,185,15" hai0="9,13,16,39,40,42,44,46,48,87,91,95,133" hai3="1,6,11,47,52,58,61,132,134,135" /><INIT seed="3,4,1,5,1,103" ten="260,261,269,200" oya="3" hai0="42,32,119,82,108,107,84,127,90,134,115,86,88" hai1="69,18,9,92,71,131,81,104,10,101,132,77,5" hai2="49,29,57,62,6,63,2,54,79,68,116,28,12" hai3="11,75,19,83,111,14,98,43,106,99,20,76,51"/><W135/><G135/><T60/><D32/><U30/><E104/><V61/><F116/><W113/><G113/><T87/><D134/><U0/><E132/><V48/><F2/><W4/><G111/><T121/><D121/><U16/><E30/><N who="2" m="11883" /><F68/><W85/><G75/><T39/><D108/><U45/><E131/><V133/><F133/><W34/><G34/><T8/><D119/><U102/><E45/><V27/><F27/><N who="3" m="14751" /><G106/><T58/><D107/><U52/><E52/><N who="2" m="31879" /><F79/><W55/><G43/><T23/><D115/><U89/><E71/><V114/><F114/><W78/><G76/><T25/><D127/><U46/><E69/><V47/><F12/><W94/><G94/><T56/><D39/><U36/><E92/><V67/><F67/><W117/><G117/><T72/><D72/><U120/><E120/><V3/><F3/><W100/><G100/><T64/><D42/><N who="1" m="22855" /><E102/><V59/><F6/><W80/><G80/><T109/><D109/><U125/><E101/><V26/><F26/><W66/><G66/><T70/><D82/><U123/><E125/><V128/><F128/><W126/><G126/><T96/><D90/><U74/><E89/><V124/><F124/><W1/><G1/><T35/><D35/><U130/><E130/><V110/><F110/><W65/><G65/><T24/><D70/><U50/><E123/><V37/><F37/><W31/><G31/><T93/><D25/><U95/><E74/><V38/><F38/><W41/><G41/><T21/><D24/><U53/><E77/><V33/><F33/><W73/><G73/><T40/><D40/><RYUUKYOKU ba="4,1" sc="260,-15,261,-15,269,15,200,15" hai2="47,49,54,59,61,62,63" hai3="4,11,14,51,55,78,83,85,98,99" /><INIT seed="3,5,1,5,3,123" ten="245,246,284,215" oya="3" hai0="88,44,72,91,121,14,89,131,17,51,66,80,95" hai1="6,33,76,102,122,135,93,116,117,24,41,3,36" hai2="0,10,112,60,5,32,18,39,81,103,58,130,94" hai3="118,133,92,71,12,38,40,43,9,107,77,68,8"/><W2/><G118/><N who="1" m="45674" /><E122/><V85/><F112/><W105/><G77/><T27/><D121/><U100/><E135/><V31/><F39/><W37/><G92/><T78/><D131/><U99/><E76/><V96/><F130/><W45/><G133/><T29/><D66/><U46/><E6/><V84/><F18/><W106/><G2/><T57/><D57/><U132/><E3/><V87/><F31/><W64/><G64/><T119/><D119/><U11/><E11/><N who="3" m="4170" /><G12/><T82/><D82/><U104/><E132/><V13/><F32/><W34/><G34/><T62/><D62/><U55/><E55/><N who="2" m="33887" /><F0/><W63/><G63/><T69/><D69/><N who="3" m="26697" /><G45/><T124/><D17/><U20/><E33/><V30/><F30/><W65/><G65/><T126/><D14/><U75/><E75/><V16/><F5/><W115/><G115/><T128/><D95/><U53/><E53/><V61/><F61/><W98/><G98/><T83/><D128/><U48/><E36/><AGARI ba="5,1" hai="36,37,38,40,43,105,106,107" m="26697,4170" machi="36" ten="40,3900,0" yaku="28,2" doraHai="123" who="3" fromWho="1" sc="245,0,246,-54,284,0,215,64" /><INIT seed="3,6,0,4,4,106" ten="245,192,284,279" oya="3" hai0="37,101,8,41,110,99,112,79,62,60,1,85,91" hai1="98,2,51,18,83,105,107,65,21,28,31,68,96" hai2="52,74,36,71,30,104,77,123,35,127,76,78,81" hai3="25,57,27,122,93,126,66,100,29,132,67,82,12"/><W50/><G122/><T48/><D37/><U116/><E2/><V97/><F36/><W38/><G38/><T59/><D110/><U3/><E3/><V73/><F123/><W19/><G126/><T108/><D108/><U75/><E116/><V103/><F127/><W49/><G132/><T15/><D1/><U84/><E75/><V26/><F71/><W58/><G82/><T95/><D112/><U87/><E68/><V111/><F111/><W88/><G100/><T55/><D79/><U5/><E5/><V9/><F74/><W125/><G125/><T0/><D41/><U129/><E129/><V64/><F64/><N who="3" m="24619" /><G29/><N who="1" m="11338" /><E65/><V56/><F9/><N who="3" m="6543" /><G50/><AGARI ba="6,0" hai="26,30,35,50,52,56,73,76,77,78,81,97,103,104" machi="50" ten="30,3900,0" yaku="7,1,52,1,54,1" doraHai="106" who="2" fromWho="3" sc="245,0,192,0,284,57,279,-57" owari="245,4.5,192,-30.8,341,44.1,222,-17.8" /></mjloggm>