<mjloggm ver="2.3"><GO type="225" lobby="0"/><UN n0="%E5%8F%AF%E5%85%90%E9%82%A3%E7%94%B1%E5%A4%9A" n1="%E3%81%99%E3%81%84%E3%81%BE%E3%81%9B%E3%83%BC%E3%82%93" n2="%E3%83%97%E3%83%AC%E3%83%B4%E3%82%A1%E3%83%86%E3%82%A3" n3="%E5%B8%86%E7%AB%8B%E5%A4%8F%E8%A1%A3" dan="16,16,16,16" rate="2205.66,2218.41,2102.77,2127.19" sx="F,M,F,M"/><TAIKYOKU oya="0"/><INIT seed="0,0,0,0,3,5" ten="250,250,250,250" oya="0" hai0="8,71,54,28,97,10,27,91,134,31,130,64,126" hai1="35,123,113,38,49,89,59,83,127,92,79,111,19" hai2="9,93,3,98,85,121,74,84,70,46,1,106,23" hai3="95,108,73,86,12,58,62,115,24,120,37,13,124"/><T125/><D130/><U7/><E123/><V122/><F70/><W104/><G104/><T33/><D134/><U6/><E38/><V50/><F74/><W65/><G73/><T45/><D31/><U36/><E36/><V60/><F106/><W112/><G37/><T20/><D33/><U22/><E35/><V53/><F1/><W42/><G42/><T52/><D71/><U56/><E127/><N who="0" m="48649" /><D64/><U68/><E68/><V29/><F60/><W67/><G124/><T132/><D132/><U30/><E30/><V100/><F122/><W75/><G75/><T21/><D21/><U32/><E32/><V39/><F39/><W66/><G120/><T48/><D54/><U41/><E113/><V26/><F121/><W116/><G116/><T107/><D91/><U44/><E111/><V88/><REACH who="2" step="1"/><F100/><AGARI ba="0,0" hai="8,10,20,27,28,45,48,52,97,100,107" m="48649" machi="100" ten="30,11600,0" yaku="18,1,52,2,54,1" doraHai="5" who="0" fromWho="2" sc="250,116,250,0,250,-116,250,0" /><INIT seed="0,1,0,2,5,58" ten="366,250,134,250" oya="0" hai0="126,40,93,2,118,127,13,125,6,111,32,8,123" hai1="3,28,95,75,68,53,29,96,112,134,70,16,108" hai2="104,56,71,23,63,37,83,89,12,22,44,54,46" hai3="72,92,26,106,115,7,19,52,103,81,10,80,45"/><T1/><D40/><U132/><E75/><V34/><F34/><W14/><G115/><T131/><D118/><U121/><E121/><V114/><F114/><W38/><G106/><T100/><D123/><U69/><E112/><V39/><F104/><W27/><G38/><T87/><D131/><U11/><E108/><V98/><F71/><W84/><G72/><T51/><D32/><U117/><E117/><V64/><F37/><W30/><G7/><T120/><D120/><U119/><E119/><V42/><F12/><W24/><G30/><T67/><D111/><U55/><E3/><V101/><F101/><W76/><G81/><T48/><D67/><U50/><E29/><V107/><F107/><W88/><G76/><T5/><D87/><U74/><E28/><V102/><F102/><W57/><G45/><T33/><D33/><U124/><E124/><V110/><F110/><W18/><G103/><T21/><D5/><U109/><E74/><V90/><F89/><W97/><G19/><N who="0" m="10479" /><D1/><U77/><E77/><V20/><F83/><W129/><G129/><T85/><D85/><U17/><E109/><V65/><REACH who="2" step="1"/><F44/><REACH who="2" ten="366,250,124,250" step="2"/><W79/><G27/><T15/><D2/><U0/><E0/><V91/><F91/><W105/><G105/><T60/><D100/><U9/><E70/><V113/><F113/><W135/><G135/><T35/><D35/><U62/><E134/><V78/><F78/><W94/><G94/><AGARI ba="1,1" hai="20,22,23,39,42,46,54,56,63,64,65,90,94,98" machi="94" ten="40,5200,0" yaku="1,1,52,1,53,1" doraHai="58" doraHaiUra="49" who="2" fromWho="3" sc="366,0,250,0,124,65,250,-55" /><INIT seed="1,0,0,1,4,5" ten="366,250,189,195" oya="1" hai0="105,65,59,113,121,75,83,2,108,62,41,82,96" hai1="54,89,60,110,133,66,53,135,14,111,22,8,132" hai2="103,31,1,106,104,68,122,93,81,67,19,88,101" hai3="55,34,128,114,107,26,118,40,119,97,11,98,15"/><U94/><E22/><V27/><F122/><W116/><G114/><T85/><D113/><U63/><E89/><V79/><F1/><W120/><G120/><T12/><D2/><U21/><E21/><V125/><F125/><W69/><G128/><T47/><D121/><U3/><E94/><V56/><F68/><W131/><G131/><T45/><D108/><N who="1" m="41515" /><E3/><V33/><F19/><N who="3" m="8703" /><G69/><T76/><D105/><U24/><E24/><V64/><F104/><W77/><G40/><T10/><D96/><N who="3" m="36969" /><G107/><T37/><D47/><U38/><E38/><V6/><F6/><W44/><G77/><T91/><D75/><U20/><E20/><V7/><F7/><W92/><G92/><T61/><D76/><U25/><E25/><V74/><F106/><W99/><N who="3" m="36977" /><W51/><DORA hai="84" /><G26/><T115/><D115/><U49/><E49/><V112/><F112/><W17/><G17/><T42/><D83/><U18/><E63/><V71/><F71/><AGARI ba="0,0" hai="8,14,18,53,54,60,66,71,132,133,135" m="41515" machi="71" ten="40,12000,1" yaku="20,1,14,1,10,1,52,1" doraHai="5,84" who="1" fromWho="2" sc="366,0,250,120,189,-120,195,0" /><INIT seed="1,1,0,3,2,18" ten="366,370,69,195" oya="1" hai0="88,3,125,35,58,48,70,14,43,91,94,82,104" hai1="59,64,28,71,47,36,75,106,134,102,42,24,32" hai2="95,5,89,27,67,53,117,19,133,20,7,116,25" hai3="16,80,10,108,4,57,15,111,13,50,61,33,85"/><U126/><E126/><V86/><F133/><W119/><G33/><T92/><D3/><U112/><E112/><V83/><F67/><W101/><G119/><T26/><D104/><U44/><E134/><V129/><F129/><W31/><G31/><T99/><D70/><U98/><E59/><V22/><F53/><W29/><G29/><T96/><D125/><U60/><E47/><V131/><F131/><W37/><G101/><T23/><D35/><U73/><AGARI ba="1,0" hai="24,28,32,36,42,44,60,64,71,73,75,98,102,106" machi="73" ten="30,18000,2" yaku="0,1,25,2,33,3" doraHai="18" who="1" fromWho="1" sc="366,-61,370,183,69,-61,195,-61" /><INIT seed="1,2,0,0,4,60" ten="305,553,8,134" oya="1" hai0="8,133,130,112,100,115,66,68,35,41,46,24,127" hai1="21,101,3,51,63,110,72,56,25,2,87,12,121" hai2="67,14,4,75,7,90,85,76,77,119,54,36,93" hai3="53,70,124,5,86,92,114,50,89,59,0,13,106"/><U79/><E121/><V20/><F119/><W28/><G106/><T109/><D109/><U81/><E110/><V83/><F36/><W9/><G114/><T26/><D133/><U37/><E37/><V64/><F75/><W27/><G124/><T95/><D127/><U52/><E12/><V18/><F54/><W30/><G70/><T73/><D130/><U19/><E101/><V62/><F62/><W120/><G120/><T22/><D73/><U32/><E32/><V123/><F123/><W111/><G111/><T78/><D78/><N who="2" m="30314" /><F83/><W132/><G132/><T47/><D35/><U94/><E94/><V82/><F82/><W104/><G104/><T39/><D95/><U34/><E34/><V96/><F96/><W29/><REACH who="3" step="1"/><G0/><REACH who="3" ten="305,553,8,124" step="2"/><T11/><D68/><U97/><E72/><V42/><F42/><W33/><AGARI ba="2,1" hai="5,9,13,27,28,29,30,33,50,53,59,86,89,92" machi="33" ten="20,5200,0" yaku="1,1,2,1,0,1,7,1,53,0" doraHai="60" doraHaiUra="116" who="3" fromWho="3" sc="305,-15,553,-28,8,-15,124,68" owari="290,9.0,525,62.5,-7,-50.7,192,-20.8" /></mjloggm>