<mjloggm ver="2.3"><GO type="225" lobby="0"/><UN n0="%47%68%6F%73%74%55%30" n1="%E6%81%A5%E6%99%92%E3%81%97" n2="%70%6E%64%73%6E%67" n3="%E4%BF%BA%E3%81%A8%E5%A6%96%E5%A4%A2" dan="17,16,16,17" rate="2123.28,2116.78,2100.43,2181.51" sx="F,M,M,F"/><TAIKYOKU oya="0"/><INIT seed="0,0,0,0,3,29" ten="250,250,250,250" oya="0" hai0="77,28,36,105,4,67,108,103,84,104,12,54,18" hai1="109,91,34,107,89,85,82,72,83,133,131,20,117" hai2="16,46,63,95,62,35,68,25,48,27,61,21,106" hai3="116,132,88,102,80,99,42,100,126,24,115,0,112"/><T52/><D36/><U86/><E20/><V134/><F106/><W33/><G116/><T2/><D67/><U9/><E117/><V66/><F134/><W7/><G132/><T130/><D130/><U125/><E133/><V39/><F39/><W40/><G126/><T51/><D108/><U75/><E9/><V87/><F95/><W69/><G69/><T41/><D28/><U19/><E19/><V120/><F120/><W57/><G7/><T49/><D41/><U128/><E109/><V111/><F111/><W55/><G0/><T23/><D103/><U30/><E107/><V13/><F87/><N who="3" m="50279" /><G33/><T32/><D32/><U60/><E60/><V122/><F122/><W56/><G115/><T121/><D121/><U90/><E125/><V127/><F127/><W59/><G24/><T1/><D1/><U78/><E30/><V6/><F27/><W81/><G112/><T74/><D74/><N who="1" m="28203" /><E34/><V123/><F123/><W64/><G81/><N who="1" m="30730" /><E78/><V8/><REACH who="2" step="1"/><F35/><REACH who="2" ten="250,250,240,250" step="2"/><W129/><G129/><AGARI ba="0,1" hai="85,86,89,90,91,128,129,131" m="30730,28203" machi="129" ten="40,8000,1" yaku="28,2,19,1,34,2" doraHai="29" who="1" fromWho="3" sc="250,0,250,90,240,0,250,-80" /><INIT seed="1,0,0,5,4,14" ten="250,340,240,170" oya="1" hai0="116,56,125,11,37,20,99,8,95,61,72,70,104" hai1="77,126,10,90,73,123,83,132,44,40,117,59,121" hai2="57,91,108,1,54,19,93,58,133,4,25,106,55" hai3="114,60,115,76,6,48,27,71,80,3,85,97,28"/><U5/><E117/><V124/><F106/><W21/><G6/><T127/><D116/><U18/><E126/><N who="0" m="48137" /><D37/><U101/><E132/><V42/><F124/><W13/><G3/><T118/><D72/><U103/><E59/><N who="2" m="22539" /><F1/><W41/><G97/><T75/><D75/><U120/><E90/><V50/><F108/><W30/><G30/><T31/><D70/><U47/><E47/><N who="2" m="25975" /><F4/><W53/><G41/><T29/><D104/><U45/><E45/><V65/><F65/><W22/><G48/><T119/><D119/><U16/><E103/><V63/><F63/><W36/><G36/><T33/><D33/><U38/><REACH who="1" step="1"/><E101/><REACH who="1" ten="250,330,240,170" step="2"/><V96/><F133/><W62/><G71/><T88/><D118/><U32/><E32/><V24/><F24/><W67/><G67/><T82/><D56/><U23/><E23/><AGARI ba="0,1" hai="19,23,25,54,55,91,93,96" m="25975,22539" machi="23" ten="30,2000,0" yaku="8,1,52,1" doraHai="14" who="2" fromWho="1" sc="250,0,330,-20,240,30,170,0" /><INIT seed="2,0,0,1,4,126" ten="250,310,270,170" oya="2" hai0="134,63,91,84,14,119,6,78,85,33,36,77,129" hai1="72,75,51,131,55,58,102,103,11,57,99,39,52" hai2="1,12,59,105,62,81,101,47,15,65,115,13,116" hai3="89,127,21,80,2,94,10,34,69,27,23,45,111"/><V40/><F116/><W79/><G69/><T100/><D36/><U46/><E131/><V53/><F115/><W128/><G127/><T82/><D119/><U97/><E39/><V26/><F1/><W123/><G123/><T68/><D33/><U95/><E11/><V43/><F105/><W66/><G66/><T18/><D100/><U44/><E95/><V106/><F106/><W64/><G64/><T83/><D134/><U107/><E107/><V122/><F122/><W135/><G34/><T76/><D6/><U117/><REACH who="1" step="1"/><E51/><REACH who="1" ten="250,300,270,170" step="2"/><N who="2" m="28927" /><F101/><W118/><G94/><T7/><D129/><U133/><E133/><V20/><F81/><W74/><G128/><T114/><D114/><U38/><E38/><V19/><AGARI ba="0,1" hai="12,13,15,19,20,26,40,43,59,62,65" m="28927" machi="19" ten="30,1500,0" yaku="8,1" doraHai="126" who="2" fromWho="2" sc="250,-5,300,-5,270,25,170,-5" /><INIT seed="2,1,0,0,2,93" ten="245,295,295,165" oya="2" hai0="87,53,21,58,92,5,32,133,89,129,44,79,82" hai1="101,15,20,116,77,6,30,91,103,106,102,50,61" hai2="59,41,9,24,62,130,54,90,100,23,73,99,34" hai3="16,52,69,63,117,31,47,42,68,81,83,46,135"/><V60/><F130/><W115/><G117/><T37/><D32/><U123/><E116/><V76/><F34/><W112/><G135/><T13/><D133/><U84/><E123/><V38/><F90/><W72/><G31/><T104/><D104/><U114/><E114/><N who="3" m="43562" /><G72/><T95/><D129/><U4/><E77/><V120/><F120/><W57/><G83/><T28/><D37/><U51/><E61/><V122/><F122/><W98/><G81/><T85/><D44/><N who="3" m="16937" /><G16/><N who="0" m="10383" /><D92/><N who="1" m="54375" /><E106/><V36/><F36/><W109/><G109/><T17/><D17/><N who="1" m="10303" /><E30/><V12/><F38/><W27/><G27/><T35/><D35/><U22/><E22/><V14/><F73/><W126/><G126/><T66/><D28/><U113/><E113/><V118/><F118/><W55/><G98/><N who="0" m="57711" /><D5/><AGARI ba="1,0" hai="4,5,6,50,51,101,102,103" m="10303,54375" machi="5" ten="30,1000,0" yaku="8,1" doraHai="93" who="1" fromWho="0" sc="245,-13,295,13,295,0,165,0" /><INIT seed="3,0,0,5,3,109" ten="232,308,295,165" oya="3" hai0="132,25,68,120,24,90,70,44,43,69,38,54,9" hai1="1,84,91,61,56,87,22,57,17,15,19,89,74" hai2="35,115,2,119,64,88,14,20,110,65,33,60,96" hai3="55,77,18,122,78,28,13,4,30,26,50,129,72"/><W3/><G122/><T66/><D120/><U8/><E74/><V39/><F2/><W12/><G129/><T99/><D132/><U126/><E126/><V6/><F39/><W114/><G72/><T104/><D66/><N who="1" m="39207" /><E1/><V47/><F115/><W58/><G114/><T73/><D73/><U7/><E57/><V5/><F119/><W63/><G63/><T62/><D9/><U98/><E98/><V134/><F134/><W125/><G125/><T123/><D123/><U112/><E112/><V130/><F130/><W51/><G51/><T53/><D62/><U80/><E22/><V111/><F47/><W75/><G75/><T29/><D24/><U102/><E102/><V41/><F41/><W86/><G3/><T93/><REACH who="0" step="1"/><D104/><REACH who="0" ten="222,308,295,165" step="2"/><U42/><E42/><V101/><F60/><W67/><G67/><T105/><D105/><U31/><E31/><N who="3" m="11818" /><G4/><T59/><D59/><U37/><E37/><V23/><F64/><W103/><G103/><T52/><D52/><U127/><E127/><V106/><F65/><W10/><G10/><T133/><D133/><U117/><E117/><V94/><F5/><W45/><G58/><T16/><D16/><U36/><E36/><V118/><F6/><W82/><G77/><T113/><D113/><U116/><E116/><V48/><F118/><W95/><G95/><AGARI ba="0,1" hai="7,8,15,17,19,80,84,87,89,91,95" m="39207" machi="95" ten="30,1000,0" yaku="8,1" doraHai="109" who="1" fromWho="3" sc="222,0,308,20,295,0,165,-10" owari="222,-17.8,328,42.8,295,9.5,155,-34.5" /></mjloggm>