<mjloggm ver="2.3"><GO type="225" lobby="0"/><UN n0="%E5%AE%AE%E4%BF%9D%E9%B6%8F%E8%82%89" n1="%E9%80%9F%E6%B0%B4%E5%87%9B%E9%A6%99" n2="%E3%81%A9%E3%82%8F%E3%82%93%E3%81%94" n3="%E2%98%86%E5%AD%AB%E7%87%95%E5%A7%BF%E2%98%86" dan="16,17,16,17" rate="2135.93,2154.30,2140.51,2236.38" sx="M,F,M,M"/><TAIKYOKU oya="0"/><INIT seed="0,0,0,0,5,45" ten="250,250,250,250" oya="0" hai0="43,110,102,131,133,44,111,99,53,59,130,77,21" hai1="29,55,89,119,26,76,91,113,71,2,117,98,87" hai2="78,100,75,22,19,16,37,135,105,38,48,97,95" hai3="39,35,114,6,3,14,62,50,15,124,103,108,56"/><T63/><D77/><U32/><E2/><V126/><F135/><W58/><G39/><T13/><D133/><U10/><E113/><V109/><F109/><N who="0" m="41482" /><D13/><U120/><E71/><V116/><F126/><W81/><G114/><T132/><D21/><U60/><E120/><V74/><F116/><W83/><G124/><T69/><D132/><U34/><E10/><V54/><F105/><W23/><G35/><T8/><D8/><U11/><E11/><V46/><F19/><W73/><G73/><T33/><D33/><U127/><E127/><V101/><F101/><W70/><G3/><T86/><D86/><U30/><E98/><V72/><REACH who="2" step="1"/><F78/><REACH who="2" ten="250,250,240,250" step="2"/><W106/><G108/><T61/><D102/><U51/><E76/><V88/><F88/><W5/><G103/><T65/><D99/><U27/><E91/><V66/><F66/><W96/><G96/><T31/><D31/><U92/><REACH who="1" step="1"/><E60/><REACH who="1" ten="250,240,240,250" step="2"/><V79/><F79/><W90/><G62/><T18/><D18/><U64/><E64/><V52/><F52/><W121/><G90/><T104/><D104/><U36/><E36/><AGARI ba="0,2" hai="36,43,44,53,59,61,63,65,69,130,131" m="41482" machi="36" ten="30,11600,0" yaku="14,1,10,1,34,2" doraHai="45" who="0" fromWho="1" sc="250,136,240,-116,240,0,250,0" /><INIT seed="0,1,0,4,0,27" ten="386,124,240,250" oya="0" hai0="14,7,108,39,128,43,79,1,66,37,23,102,135" hai1="3,97,46,116,118,20,91,6,55,45,121,120,107" hai2="19,11,129,130,131,134,94,110,119,86,77,82,35" hai3="33,15,41,80,68,72,64,22,78,132,2,81,67"/><T44/><D128/><U29/><E55/><V54/><F110/><W85/><G33/><T93/><D135/><U5/><E91/><V87/><F134/><W109/><G2/><T31/><D1/><U71/><E97/><V18/><F119/><N who="1" m="45609" /><E71/><V57/><F35/><W0/><G0/><T24/><D79/><U101/><E101/><V74/><F94/><W123/><G132/><T125/><D125/><U47/><E107/><V70/><F70/><W99/><G123/><N who="1" m="47178" /><E3/><V21/><F57/><W56/><G68/><T112/><D66/><U124/><E124/><V60/><F60/><W34/><G41/><T40/><D108/><U32/><E32/><V26/><F54/><W96/><G34/><T100/><D93/><U114/><E114/><V10/><F87/><N who="3" m="48535" /><G109/><T28/><D112/><U111/><E111/><V58/><F58/><W50/><G72/><T133/><D133/><U42/><E42/><V76/><F76/><W122/><G122/><T95/><D40/><U16/><E45/><V103/><F103/><W63/><G50/><T61/><D61/><U53/><E53/><V48/><F48/><W127/><G67/><T52/><D52/><U8/><E47/><V4/><F74/><W36/><G127/><T49/><D102/><U89/><E89/><V9/><F19/><N who="3" m="10623" /><G36/><T106/><D39/><U59/><E59/><V62/><F62/><W13/><G13/><AGARI ba="1,0" hai="4,9,10,11,13,18,21,26,77,82,86,129,130,131" machi="13" ten="40,1300,0" yaku="19,1" doraHai="27" who="2" fromWho="3" sc="386,0,124,0,240,16,250,-16" /><INIT seed="1,0,0,2,4,134" ten="386,124,256,234" oya="1" hai0="74,116,17,6,35,50,0,81,20,89,57,132,104" hai1="15,127,11,118,115,38,9,75,110,73,128,63,125" hai2="69,71,79,88,103,133,93,24,76,117,60,98,119" hai3="123,120,66,33,112,83,26,122,64,34,96,80,36"/><U59/><E118/><V91/><F24/><W95/><G36/><T77/><D116/><N who="2" m="44618" /><F60/><W56/><G112/><T22/><D35/><U106/><E38/><V102/><F69/><W84/><G56/><T55/><D104/><U54/><E106/><V32/><F71/><W37/><G37/><T21/><D132/><U18/><E115/><V131/><F32/><W43/><G43/><T53/><D89/><N who="2" m="34378" /><F133/><W113/><G113/><T94/><D94/><U31/><E31/><V111/><F111/><W105/><G105/><T100/><D100/><N who="2" m="38442" /><F131/><W46/><G46/><T97/><D97/><U67/><E128/><V49/><F49/><W62/><G96/><T25/><D6/><U42/><E42/><V68/><F68/><W65/><G62/><T47/><D0/><U135/><E135/><V82/><F82/><W30/><G34/><T78/><D25/><U41/><E41/><V28/><F28/><W8/><G8/><T19/><D81/><U44/><E9/><V2/><F2/><W48/><G48/><N who="0" m="30887" /><D17/><U72/><E110/><V12/><F12/><W40/><G40/><T45/><D19/><U90/><E90/><AGARI ba="0,0" hai="76,79,90,93,98" m="38442,34378,44618" machi="90" ten="30,3900,0" yaku="34,2,54,1" doraHai="134" who="2" fromWho="1" sc="386,0,124,-39,256,39,234,0" /><INIT seed="2,0,0,2,3,115" ten="386,85,295,234" oya="2" hai0="72,10,70,131,114,44,126,1,27,15,65,8,50" hai1="54,14,79,102,69,59,84,96,108,56,68,75,33" hai2="104,76,119,105,63,6,74,55,23,41,78,111,113" hai3="40,51,7,13,46,61,2,87,89,3,125,4,30"/><V71/><F113/><W66/><G125/><T90/><D114/><U42/><E75/><V38/><F6/><W129/><G129/><T19/><D72/><U98/><E108/><V29/><F74/><W107/><G107/><T112/><D112/><U36/><E33/><V5/><F5/><W64/><G30/><T21/><D126/><U57/><E79/><V11/><F11/><W117/><G117/><T53/><D1/><U37/><E84/><V24/><F111/><W9/><G64/><T116/><D70/><N who="1" m="27243" /><E14/><V132/><F78/><W34/><G34/><T58/><D116/><U43/><E98/><V81/><F119/><W49/><G51/><T73/><D73/><U103/><E96/><V32/><F132/><W88/><G89/><T83/><D131/><U106/><E106/><V35/><F81/><W47/><G46/><T128/><D128/><U18/><E18/><V26/><F76/><W97/><G97/><T110/><D110/><U45/><E103/><V118/><F118/><W95/><REACH who="3" step="1"/><G7/><REACH who="3" ten="386,85,295,224" step="2"/><T67/><D44/><N who="1" m="23623" /><E102/><V85/><F105/><W135/><G135/><T82/><D90/><U93/><E93/><V39/><F104/><W60/><G60/><AGARI ba="0,1" hai="37,43,45,54,56,57,59,60" m="23623,27243" machi="60" ten="30,8000,1" yaku="35,5" doraHai="115" who="1" fromWho="3" sc="386,0,85,90,295,0,224,-80" /><INIT seed="3,0,0,0,2,75" ten="386,175,295,144" oya="3" hai0="30,20,18,101,82,74,41,7,131,78,55,124,109" hai1="28,58,9,64,94,130,21,23,60,52,54,17,70" hai2="24,92,69,99,34,46,29,5,27,73,106,0,56" hai3="48,39,22,111,127,44,107,76,43,125,37,33,90"/><W53/><G107/><T40/><D109/><U19/><E130/><V126/><F69/><W71/><G33/><T120/><D120/><U12/><E28/><V135/><F106/><W134/><G71/><T77/><D131/><U14/><E9/><V133/><F126/><N who="3" m="48139" /><G134/><N who="2" m="51209" /><F73/><W113/><G113/><T6/><D124/><U3/><E3/><V96/><F46/><W98/><G111/><T59/><D30/><U91/><E70/><V63/><F27/><W32/><G32/><T105/><D105/><U49/><E49/><V86/><F5/><N who="0" m="1546" /><D101/><U36/><E36/><N who="3" m="13898" /><G22/><T16/><D74/><U61/><E61/><V104/><F0/><W97/><G90/><T88/><D20/><U87/><AGARI ba="0,0" hai="12,14,17,19,21,23,52,54,58,60,64,87,91,94" machi="87" ten="20,8000,1" yaku="0,1,7,1,9,1,8,1,54,1" doraHai="75" who="1" fromWho="1" sc="386,-20,175,80,295,-20,144,-40" owari="366,46.6,255,-14.5,275,7.5,104,-39.6" /></mjloggm>