<mjloggm ver="2.3"><GO type="225" lobby="0"/><UN n0="%E3%83%99%E3%83%AB%E3%83%A2%E3%83%83%E3%83%88" n1="%E6%A1%9C%E8%8A%B1%E9%96%83%E3%80%85" n2="%E4%BA%95%E5%B8%AF" n3="%E7%B4%94%E6%BD%94%E3%83%94%E3%83%A9%E3%83%8B%E3%82%A2" dan="16,16,16,16" rate="2099.25,2122.53,2068.67,2139.63" sx="M,M,M,M"/><TAIKYOKU oya="0"/><INIT seed="0,0,0,0,4,61" ten="250,250,250,250" oya="0" hai0="96,65,28,74,126,62,68,38,19,12,43,13,24" hai1="23,9,99,7,124,35,64,26,37,41,82,81,4" hai2="5,89,128,60,85,78,91,14,54,53,42,122,46" hai3="6,0,80,118,93,70,69,112,33,103,15,17,121"/><T98/><D74/><U36/><E35/><V84/><F128/><W31/><G112/><T48/><D38/><U114/><E114/><V106/><F106/><W67/><G118/><T56/><D126/><U107/><E124/><V97/><F122/><W77/><G121/><T120/><D120/><U105/><E41/><V115/><F115/><W76/><G0/><T2/><D2/><U10/><E23/><V92/><F78/><W18/><G6/><T49/><D49/><U1/><E1/><V127/><F127/><W109/><G109/><T27/><D27/><U16/><E26/><V111/><F111/><W34/><G93/><T135/><D135/><U123/><E123/><V132/><F132/><W90/><G90/><T129/><D129/><U131/><E16/><V55/><F60/><W86/><G86/><T104/><D104/><U40/><E40/><V3/><F3/><W8/><G8/><T58/><D13/><U108/><E99/><N who="0" m="37929" /><D68/><U73/><E73/><V87/><F14/><W72/><G15/><T119/><D119/><U134/><E134/><V116/><F116/><W44/><G72/><T130/><D130/><U47/><E131/><V79/><F79/><W71/><G71/><T45/><D24/><U133/><E133/><V66/><F5/><W57/><G69/><N who="0" m="42167" /><D28/><U29/><E29/><V94/><F97/><W51/><G31/><T30/><D30/><U101/><E108/><V20/><F85/><W113/><G34/><T88/><D88/><U125/><E125/><V52/><N who="2" m="13312" /><DORA hai="83" /><V117/><F117/><W21/><G33/><T22/><AGARI ba="0,0" hai="12,19,22,43,45,48,56,58" m="42167,37929" machi="22" ten="30,3000,0" yaku="5,1,52,1" doraHai="61,83" who="0" fromWho="0" sc="250,30,250,-10,250,-10,250,-10" /><INIT seed="0,1,0,1,1,20" ten="280,240,240,240" oya="0" hai0="5,103,109,40,106,45,56,65,131,75,133,60,74" hai1="94,88,111,69,44,66,108,110,37,39,89,47,11" hai2="104,63,67,49,128,92,70,27,126,12,24,25,99" hai3="100,29,51,95,42,78,59,97,54,121,32,52,46"/><T86/><D131/><U7/><E66/><V82/><F128/><W117/><G117/><T34/><D34/><U80/><E80/><V68/><F126/><W36/><G121/><T96/><D133/><U76/><E76/><V50/><F104/><W17/><G17/><T79/><D109/><U125/><E69/><V127/><F70/><W84/><G54/><T58/><D5/><U4/><E125/><V81/><F127/><W21/><G32/><T14/><D14/><U130/><E130/><V13/><F13/><W48/><G78/><T0/><D0/><N who="1" m="391" /><E7/><V31/><F12/><W62/><REACH who="3" step="1"/><G84/><REACH who="3" ten="280,240,240,230" step="2"/><T113/><D86/><N who="1" m="52503" /><E89/><V61/><F31/><W26/><AGARI ba="1,1" hai="21,26,29,36,42,46,48,51,52,59,62,95,97,100" machi="26" ten="30,7900,0" yaku="1,1,0,1,52,1,54,1,53,0" doraHai="20" doraHaiUra="134" who="3" fromWho="3" sc="280,-40,240,-21,240,-21,230,92" /><INIT seed="1,0,0,1,0,44" ten="240,219,219,322" oya="1" hai0="6,126,57,27,86,85,1,123,60,31,81,107,67" hai1="38,15,42,78,118,11,130,97,0,125,12,10,113" hai2="84,106,101,56,134,53,26,19,50,39,70,91,75" hai3="109,33,133,99,93,62,124,25,14,24,73,18,34"/><U46/><E113/><V9/><F134/><W13/><G73/><T74/><D107/><U100/><E118/><V94/><F70/><W116/><G133/><T88/><D126/><U30/><E125/><V55/><F39/><W122/><G122/><T89/><D74/><U58/><E130/><V48/><F75/><W103/><G116/><T76/><D123/><U95/><E78/><V16/><F106/><W32/><G109/><T132/><D132/><U92/><E30/><V52/><F101/><W112/><G112/><T117/><D117/><U96/><E58/><N who="2" m="33031" /><F26/><W61/><G14/><T120/><D120/><U119/><E119/><V47/><F9/><W64/><G124/><T43/><D43/><U63/><E63/><AGARI ba="0,0" hai="16,19,47,50,53,55,56,63,84,91,94" m="33031" machi="63" ten="30,8000,1" yaku="8,1,52,2,54,2" doraHai="44" who="2" fromWho="1" sc="240,0,219,-80,219,80,322,0" /><INIT seed="2,0,0,4,1,13" ten="240,139,299,322" oya="2" hai0="4,106,39,9,52,111,57,54,134,87,70,42,77" hai1="16,20,29,89,56,30,62,81,41,123,97,73,132" hai2="116,92,36,23,88,63,64,0,22,6,122,67,38" hai3="46,124,25,96,49,59,43,125,114,84,107,102,82"/><V83/><F122/><W58/><G114/><T53/><D106/><U69/><E69/><V86/><F116/><W78/><REACH who="3" step="1"/><G25/><REACH who="3" ten="240,139,299,312" step="2"/><T105/><D111/><U109/><E109/><V10/><F64/><W75/><G75/><T17/><D134/><U101/><E132/><V21/><REACH who="2" step="1"/><F83/><REACH who="2" ten="240,139,289,312" step="2"/><W11/><G11/><T50/><D9/><U8/><E8/><V24/><F24/><W128/><G128/><T31/><D54/><U120/><E120/><V71/><AGARI ba="0,2" hai="0,6,10,21,22,23,36,38,63,67,71,86,88,92" machi="71" ten="30,6000,0" yaku="1,1,0,1,54,1,53,0" doraHai="13" doraHaiUra="99" who="2" fromWho="2" sc="240,-20,139,-20,289,80,312,-20" /><INIT seed="2,1,0,0,3,62" ten="220,119,369,292" oya="2" hai0="106,22,121,17,20,15,91,111,86,95,40,61,128" hai1="30,52,82,0,90,23,87,58,59,110,32,118,13" hai2="124,105,31,16,56,113,114,11,74,84,116,7,66" hai3="131,70,88,6,46,98,34,10,39,130,129,132,19"/><V101/><F74/><W72/><G72/><T68/><D111/><U107/><E118/><V94/><F116/><W29/><G132/><T75/><D75/><U79/><E110/><V55/><F31/><W73/><G73/><T45/><D128/><U50/><E0/><V126/><F105/><W41/><G70/><T33/><D33/><U2/><E2/><V24/><F7/><W12/><G29/><T119/><D106/><U38/><E38/><V48/><F66/><W108/><G34/><T28/><D119/><U26/><E107/><V37/><F37/><W102/><G108/><T125/><D125/><N who="2" m="48234" /><F84/><W77/><G77/><T49/><D121/><U54/><E32/><V64/><F64/><W63/><G63/><T60/><D68/><U35/><E35/><V69/><F69/><W117/><G117/><T47/><D47/><U100/><E100/><V53/><F55/><W134/><G102/><T36/><D36/><U27/><E27/><AGARI ba="1,0" hai="15,17,20,22,27,28,40,45,49,60,61,86,91,95" machi="27" ten="40,1300,0" yaku="8,1" doraHai="62" who="0" fromWho="1" sc="220,16,119,-16,369,0,292,0" /><INIT seed="3,0,0,5,5,37" ten="236,103,369,292" oya="3" hai0="17,97,14,85,65,70,90,118,87,64,95,57,127" hai1="3,83,8,6,101,34,28,120,94,117,47,5,80" hai2="106,53,20,13,0,131,121,126,73,75,66,72,38" hai3="58,100,105,114,21,42,59,40,113,81,133,48,104"/><W15/><G100/><T86/><D127/><U129/><E129/><V31/><F0/><W84/><G105/><T71/><D118/><U68/><E120/><V67/><F38/><W107/><G104/><T77/><D77/><U115/><E115/><V27/><F106/><W124/><G107/><T109/><D109/><U116/><E68/><V99/><F99/><W54/><G124/><T56/><D70/><U135/><E135/><V111/><F131/><W88/><G133/><T18/><D71/><U23/><E6/><V33/><F111/><W10/><G21/><T41/><D41/><N who="3" m="15977" /><G114/><T11/><REACH who="0" step="1"/><D18/><REACH who="0" ten="226,103,369,292" step="2"/><U128/><E128/><V91/><F126/><W122/><G113/><T36/><D36/><U49/><E34/><V44/><F33/><W123/><G122/><T30/><D30/><U55/><E28/><V112/><F31/><W110/><G123/><T12/><D12/><U61/><E23/><V134/><F13/><W22/><G110/><T46/><D46/><U51/><E61/><V39/><F20/><W45/><G22/><T62/><D62/><U7/><E7/><AGARI ba="0,1" hai="7,10,15,45,48,54,58,59,81,84,88" m="15977" machi="7" ten="30,12000,1" yaku="8,1,52,3,54,1" doraHai="37" who="3" fromWho="1" sc="226,0,103,-120,369,0,292,130" owari="226,-17.4,-17,-51.7,369,16.9,422,52.2" /></mjloggm>