<mjloggm ver="2.3"><GO type="225" lobby="0"/><UN n0="%E3%81%AF%E3%82%88%E3%81%8A%E3%81%98%E3%81%95%E3%82%93" n1="%E3%83%A9%E3%82%B9%E7%8E%87%EF%BC%93%E5%89%B2" n2="%E5%8F%AF%E5%85%90%E9%82%A3%E7%94%B1%E5%A4%9A" n3="%38%63%E3%81%AF%E3%81%A3%E3%81%97%E3%83%BC" dan="17,16,16,16" rate="2195.05,2156.90,2208.59,2105.99" sx="M,F,F,M"/><TAIKYOKU oya="0"/><INIT seed="0,0,0,4,4,38" ten="250,250,250,250" oya="0" hai0="123,89,104,54,33,3,43,113,19,99,63,86,115" hai1="94,69,64,72,42,5,84,100,117,124,102,31,122" hai2="29,108,96,23,126,132,127,39,90,67,88,9,83" hai3="95,51,32,87,49,7,129,116,128,8,12,58,110"/><T25/><D123/><U2/><E122/><V44/><F108/><W22/><G32/><T28/><D3/><U40/><E72/><V74/><F132/><W0/><G116/><T11/><D43/><N who="1" m="16427" /><E117/><V81/><F67/><W111/><G95/><T48/><D63/><U4/><E2/><V97/><F9/><W59/><G87/><T35/><D35/><U55/><E69/><V130/><F130/><N who="3" m="50283" /><G49/><T85/><D104/><U70/><E70/><V27/><F39/><W103/><G103/><N who="1" m="39466" /><E64/><V134/><F134/><W114/><G114/><T125/><D125/><N who="2" m="47626" /><F44/><W10/><G22/><T50/><D113/><U121/><E121/><V135/><F135/><W53/><G59/><T47/><D115/><U61/><E31/><V80/><F74/><W105/><G105/><T13/><REACH who="0" step="1"/><D50/><REACH who="0" ten="240,250,250,250" step="2"/><U52/><E124/><V131/><F131/><W15/><G0/><T68/><D68/><U109/><E109/><V1/><F1/><W26/><G26/><T101/><D101/><U18/><E18/><AGARI ba="0,1" hai="7,8,10,12,15,18,51,53,58,110,111" m="50283" machi="18" ten="30,1000,0" yaku="19,1" doraHai="38" who="3" fromWho="1" sc="240,0,250,-10,250,0,250,20" /><INIT seed="1,0,0,3,5,44" ten="240,240,250,270" oya="1" hai0="53,47,76,107,3,24,96,122,55,46,74,135,78" hai1="125,62,88,52,71,21,12,72,98,17,9,93,79" hai2="118,103,89,1,110,90,99,13,126,34,109,108,117" hai3="10,83,85,16,50,80,25,116,56,81,57,0,15"/><U48/><E125/><V45/><F1/><W4/><G116/><N who="2" m="44649" /><F34/><W97/><G85/><T84/><D3/><U73/><E79/><V22/><F13/><W40/><G97/><T124/><D74/><U7/><E62/><V134/><F22/><W92/><G92/><T35/><D124/><U49/><E71/><V59/><F59/><W23/><G0/><T61/><D135/><U86/><E98/><V67/><F67/><W51/><G40/><T119/><D119/><U19/><E49/><AGARI ba="0,0" hai="4,10,15,16,23,25,49,50,51,56,57,80,81,83" machi="49" ten="40,8000,1" yaku="8,1,52,3,54,1" doraHai="44" who="3" fromWho="1" sc="240,0,240,-80,250,0,270,80" /><INIT seed="2,0,0,1,0,55" ten="240,160,250,350" oya="2" hai0="66,74,65,47,16,59,105,37,89,120,134,86,45" hai1="4,119,113,42,12,27,8,127,18,132,68,21,25" hai2="48,24,84,135,6,0,22,130,90,92,131,3,38" hai3="56,50,49,53,85,129,118,121,13,97,115,58,26"/><V94/><F38/><W60/><G121/><T71/><D120/><U51/><E113/><V93/><F135/><W63/><G118/><T54/><D74/><U23/><E68/><V108/><F108/><W111/><G115/><T7/><D105/><U67/><E119/><V79/><F79/><W123/><G123/><T133/><D7/><U34/><E132/><N who="0" m="50793" /><D71/><U41/><E34/><V114/><F114/><W19/><G111/><T32/><D32/><U5/><E127/><V107/><F107/><W83/><G97/><T125/><D125/><U101/><E101/><V10/><F0/><W106/><G26/><T9/><D37/><U109/><E109/><V57/><F48/><W73/><G73/><T75/><D75/><U52/><E67/><V70/><F70/><W62/><G129/><N who="2" m="49161" /><F57/><W35/><G35/><T61/><D66/><U110/><E4/><V14/><F3/><W44/><G50/><T116/><D65/><U77/><E77/><V17/><AGARI ba="0,0" hai="6,10,14,17,22,24,84,90,92,93,94" m="49161" machi="17" ten="30,1500,0" yaku="19,1" doraHai="55" who="2" fromWho="2" sc="240,-5,160,-5,250,15,350,-5" /><INIT seed="2,1,0,3,2,71" ten="235,155,265,345" oya="2" hai0="112,35,84,26,34,52,78,4,32,41,124,19,76" hai1="129,101,83,111,2,59,128,115,21,40,44,53,60" hai2="86,42,72,108,105,94,92,29,96,8,85,22,11" hai3="47,82,133,100,54,0,17,62,87,70,110,61,121"/><V43/><F72/><W131/><G121/><T74/><D112/><U5/><E115/><V106/><F22/><W16/><G0/><T117/><D74/><U68/><E111/><V125/><F96/><W89/><G110/><T13/><D124/><U7/><E101/><V65/><F108/><W97/><G133/><T99/><D117/><U103/><E103/><V33/><F29/><W104/><G131/><T30/><D4/><U88/><E68/><V98/><F98/><W39/><G70/><T73/><D73/><U38/><E21/><V12/><F12/><W27/><G27/><T51/><D41/><U130/><REACH who="1" step="1"/><E2/><REACH who="1" ten="235,145,265,345" step="2"/><V25/><F125/><W46/><G62/><T116/><D32/><U36/><E36/><V18/><F33/><W50/><REACH who="3" step="1"/><G61/><REACH who="3" ten="235,145,265,335" step="2"/><T23/><D34/><U67/><E67/><V58/><F65/><W102/><G102/><T15/><D35/><U31/><E31/><V113/><F113/><W79/><G79/><T6/><D78/><U109/><E109/><V134/><F134/><W1/><G1/><T119/><D76/><U122/><E122/><V91/><F25/><W132/><G132/><T48/><D30/><U135/><E135/><V14/><F14/><W69/><G69/><T90/><D13/><U55/><E55/><V24/><F24/><W37/><G37/><T114/><D52/><U66/><E66/><V120/><F120/><W127/><G127/><T81/><D114/><U49/><E49/><V75/><F42/><AGARI ba="1,2" hai="16,17,39,42,46,47,50,54,82,87,89,97,100,104" machi="42" ten="40,8000,1" yaku="1,1,52,1,54,1,53,1" doraHai="71" doraHaiUra="95" who="3" fromWho="2" sc="235,0,145,0,265,-83,335,103" /><INIT seed="3,0,0,3,1,50" ten="235,145,182,438" oya="3" hai0="16,2,29,55,107,113,46,115,45,72,128,124,33" hai1="74,62,30,123,77,67,108,70,75,65,89,20,116" hai2="8,34,121,125,132,51,87,129,3,133,58,15,97" hai3="93,105,4,71,69,13,0,135,95,40,110,91,126"/><W24/><G105/><T25/><D72/><U109/><E123/><V19/><F121/><W106/><G106/><T10/><D107/><U54/><E116/><V64/><F34/><W41/><G0/><T35/><D35/><U81/><E75/><V11/><F129/><W28/><G126/><T43/><D128/><U36/><E36/><V9/><F125/><W100/><G100/><T49/><D124/><U42/><E42/><V98/><F87/><W104/><G104/><T23/><D10/><N who="2" m="4202" /><F3/><W56/><G13/><T117/><D117/><U79/><E79/><V130/><F130/><W27/><G4/><T114/><D2/><U111/><E89/><V1/><F1/><W90/><G56/><N who="0" m="32879" /><D43/><U84/><E74/><V101/><F101/><W14/><G14/><AGARI ba="0,0" hai="14,16,23,25,29,33,45,46,113,114,115" m="32879" machi="14" ten="30,3900,0" yaku="11,1,52,1,54,1" doraHai="50" who="0" fromWho="3" sc="235,39,145,0,182,0,438,-39" owari="274,7.4,145,-35.5,182,-21.8,399,49.9" /></mjloggm>