<mjloggm ver="2.3"><GO type="225" lobby="0"/><UN n0="%72%61%6B%33" n1="%E9%80%86%E9%80%A3%E5%B8%AF%E3%81%AE%E9%AC%BC" n2="%E7%99%BD%E9%B9%BF%E6%84%9B%E8%8E%89" n3="%48%61%61%61%6C%61%6E%64" dan="16,16,17,17" rate="2215.17,2147.66,2140.33,2145.07" sx="M,M,F,M"/><TAIKYOKU oya="0"/><INIT seed="0,0,0,3,5,75" ten="250,250,250,250" oya="0" hai0="25,108,109,23,114,53,6,93,82,43,33,107,61" hai1="122,98,124,26,115,117,72,70,92,126,55,135,14" hai2="90,64,21,63,10,41,56,28,112,118,87,99,84" hai3="7,119,35,4,102,54,17,62,0,113,49,60,46"/><T29/><D107/><U78/><E122/><V129/><F112/><W59/><G113/><T94/><D114/><U36/><E115/><V130/><F118/><W121/><G119/><T89/><D43/><U97/><E117/><V22/><F41/><W91/><G121/><T42/><D42/><U116/><E70/><V5/><F99/><W95/><G35/><T120/><D120/><U86/><E36/><V65/><F65/><W76/><G102/><T131/><D131/><N who="2" m="50186" /><F28/><W30/><G30/><T50/><D61/><U100/><E98/><V101/><F101/><W19/><G62/><T12/><D6/><N who="3" m="2089" /><G76/><T24/><D12/><U105/><E14/><N who="2" m="5455" /><F87/><N who="3" m="52735" /><G0/><T96/><D93/><AGARI ba="0,0" hai="21,22,56,63,64,84,90,93" m="5455,50186" machi="93" ten="30,1000,0" yaku="19,1" doraHai="75" who="2" fromWho="0" sc="250,-10,250,0,250,10,250,0" /><INIT seed="1,0,0,2,1,58" ten="240,250,260,250" oya="1" hai0="19,76,126,54,115,2,65,62,6,102,92,18,4" hai1="71,55,81,9,109,51,88,113,69,74,56,123,73" hai2="5,64,59,116,28,42,107,89,96,72,131,24,45" hai3="20,26,11,83,84,99,119,98,66,101,94,49,53"/><U16/><E123/><V8/><F116/><W13/><G119/><T120/><D115/><U111/><E113/><V110/><F72/><W31/><G66/><T34/><D34/><U106/><E106/><V33/><F110/><N who="1" m="41993" /><E74/><V3/><F131/><W22/><G22/><T29/><D29/><U14/><E73/><V37/><F89/><N who="3" m="51359" /><G94/><T25/><D126/><U17/><E17/><V57/><REACH who="2" step="1"/><F64/><REACH who="2" ten="240,250,250,250" step="2"/><W124/><G124/><T10/><D65/><U43/><E43/><V87/><F87/><AGARI ba="0,1" hai="9,14,16,51,55,56,69,71,81,87,88" m="41993" machi="87" ten="30,11600,0" yaku="14,1,10,1,54,2" doraHai="58" who="1" fromWho="2" sc="240,0,250,126,250,-116,250,0" /><INIT seed="1,1,0,5,4,26" ten="240,376,134,250" oya="1" hai0="18,71,110,114,119,21,82,59,102,12,81,88,58" hai1="115,134,28,19,0,1,32,92,41,37,104,73,135" hai2="27,17,33,4,61,84,55,125,93,90,121,14,24" hai3="36,57,133,103,85,70,9,132,108,95,52,77,56"/><U75/><E115/><V45/><F121/><W107/><G70/><T38/><D114/><U66/><E92/><V11/><F125/><W51/><G108/><T44/><D110/><U49/><E49/><V131/><F131/><W105/><G36/><T100/><D119/><U60/><E19/><V96/><F33/><W80/><G56/><T62/><D71/><U34/><E104/><V29/><F24/><W79/><G79/><T65/><D58/><U129/><E129/><V123/><F123/><W53/><G53/><T69/><D69/><U31/><E41/><V43/><F61/><W23/><G23/><T7/><D7/><U127/><E37/><V113/><F113/><W39/><G39/><T122/><D122/><U86/><E86/><V128/><F128/><W87/><G9/><T109/><D109/><U13/><E13/><V42/><F4/><W50/><G50/><T117/><D117/><U2/><E127/><V78/><F55/><W94/><G94/><T22/><D22/><U89/><E89/><V99/><F78/><W35/><G35/><T16/><D18/><U106/><E106/><V72/><F72/><N who="3" m="43047" /><G107/><T74/><D74/><U46/><E46/><V5/><F17/><W130/><G130/><T97/><D44/><U76/><E76/><V48/><REACH who="2" step="1"/><F42/><REACH who="2" ten="240,376,124,250" step="2"/><W3/><G52/><T40/><D40/><U116/><E34/><V68/><F68/><W67/><G67/><T54/><D54/><U30/><E32/><V10/><F10/><W120/><G120/><T118/><D65/><U83/><E116/><V8/><F8/><W6/><G6/><RYUUKYOKU ba="1,1" sc="240,-10,376,-10,124,30,250,-10" hai2="5,11,14,27,29,43,45,48,84,90,93,96,99" /><INIT seed="2,2,1,4,3,124" ten="230,366,154,240" oya="2" hai0="122,68,62,56,115,127,34,130,21,96,70,31,104" hai1="69,43,48,100,32,105,3,1,49,63,125,114,35" hai2="73,91,51,134,0,80,90,120,24,7,45,14,15" hai3="92,64,106,44,55,116,109,46,101,117,53,97,12"/><V23/><F120/><W79/><G109/><T50/><D21/><U25/><E125/><V54/><F134/><W88/><G64/><T28/><D50/><U118/><E114/><V78/><F0/><W135/><G135/><T37/><D28/><U99/><E118/><V30/><REACH who="2" step="1"/><F7/><REACH who="2" ten="230,366,144,240" step="2"/><W93/><G116/><T87/><D127/><U83/><E1/><V2/><F2/><W113/><G117/><T75/><D122/><U57/><E3/><V20/><F20/><W47/><G113/><T27/><D115/><U67/><E35/><V52/><F52/><W13/><G55/><T36/><D34/><U85/><E43/><V18/><F18/><W107/><G53/><T6/><D6/><U71/><E32/><V60/><F60/><W110/><G110/><T103/><D62/><U16/><E63/><V19/><F19/><W128/><G107/><T102/><D104/><U123/><E67/><V29/><F29/><W11/><G106/><T111/><D31/><U132/><E16/><V42/><F42/><W66/><G66/><T81/><D111/><U61/><E61/><V82/><F82/><W98/><G11/><T77/><D81/><U65/><E65/><V108/><F108/><W17/><G17/><T121/><D121/><U86/><E123/><V4/><F4/><W126/><G126/><T89/><D68/><U41/><E83/><V74/><F74/><W26/><G12/><AGARI ba="2,2" hai="12,14,15,23,24,30,45,51,54,73,78,80,90,91" machi="12" ten="40,12000,1" yaku="1,1,53,3" doraHai="124" doraHaiUra="10" who="2" fromWho="3" sc="230,0,366,0,144,146,240,-126" /><INIT seed="2,3,0,1,4,19" ten="230,366,290,114" oya="2" hai0="52,65,88,63,54,33,117,11,83,59,132,30,7" hai1="29,32,89,34,37,8,77,57,74,110,70,94,24" hai2="67,103,82,125,106,21,85,95,97,124,84,58,115" hai3="109,38,4,126,44,51,50,128,13,81,61,135,99"/><V122/><F67/><W66/><G109/><T42/><D132/><U46/><E110/><V104/><F58/><W116/><G116/><T15/><D117/><U102/><E70/><V47/><F47/><W23/><G135/><T75/><D42/><U0/><E102/><V78/><F21/><W105/><G126/><N who="2" m="48745" /><F115/><W2/><G128/><T93/><D83/><U31/><E57/><V118/><F118/><W40/><G81/><T131/><D75/><U71/><E71/><V56/><F56/><W6/><G2/><T96/><REACH who="0" step="1"/><D131/><REACH who="0" ten="220,366,290,114" step="2"/><U64/><E74/><N who="2" m="43351" /><F122/><W62/><G40/><T69/><D69/><U130/><E130/><V1/><F1/><W14/><G38/><T79/><D79/><U98/><E0/><V9/><F9/><W92/><G50/><T53/><D53/><U87/><E8/><V49/><F49/><W134/><G134/><T10/><D10/><U35/><E37/><V17/><F17/><W28/><G51/><T43/><D43/><U127/><E127/><V80/><F80/><W55/><G55/><T101/><D101/><U18/><E77/><V20/><F20/><W76/><G23/><T114/><D114/><U26/><E34/><V12/><F12/><W72/><G14/><T22/><D22/><U5/><E35/><V100/><F100/><W90/><G13/><T36/><D36/><U16/><E32/><V48/><F48/><W133/><G133/><T27/><AGARI ba="3,1" hai="7,11,15,27,30,33,52,54,59,63,65,88,93,96" machi="27" ten="30,8000,1" yaku="1,1,0,1,54,2,53,1" doraHai="19" doraHaiUra="91" who="0" fromWho="0" sc="220,99,366,-23,290,-43,114,-23" /><INIT seed="3,0,0,2,3,6" ten="319,343,247,91" oya="3" hai0="41,7,74,16,99,23,50,92,97,72,47,64,38" hai1="126,102,32,98,135,60,19,73,45,85,3,55,43" hai2="35,71,95,120,53,2,68,96,119,93,58,59,111" hai3="26,36,100,108,104,84,79,123,127,115,69,1,0"/><W49/><G115/><T87/><D99/><U134/><E73/><V122/><F35/><W88/><G123/><T75/><D87/><U4/><E32/><V48/><F2/><W130/><G36/><T31/><D64/><U21/><E126/><V113/><F113/><W125/><G69/><T56/><D7/><U114/><E114/><V81/><F81/><W83/><G130/><T117/><D117/><U14/><E85/><V61/><F119/><W106/><G108/><T101/><D56/><U128/><E128/><V107/><F107/><W42/><G26/><T52/><D31/><U37/><E4/><V82/><F82/><W129/><G129/><T28/><D28/><U132/><E3/><N who="3" m="1098" /><G100/><T62/><D62/><U20/><E20/><V66/><F95/><N who="3" m="54663" /><G49/><T24/><REACH who="0" step="1"/><D38/><REACH who="0" ten="309,343,247,91" step="2"/><U34/><E34/><V10/><F111/><W12/><G104/><T30/><D30/><U18/><E18/><V86/><F86/><W91/><G106/><T57/><D57/><N who="1" m="34879" /><E98/><V40/><F40/><AGARI ba="0,1" hai="16,23,24,40,41,47,50,52,72,74,75,92,97,101" machi="40" ten="40,5200,0" yaku="1,1,54,2,53,0" doraHai="6" doraHaiUra="118" who="0" fromWho="2" sc="309,62,343,0,247,-52,91,0" owari="371,47.1,343,14.3,195,-20.5,91,-40.9" /></mjloggm>