<mjloggm ver="2.3"><GO type="225" lobby="0"/><UN n0="%E3%83%97%E3%83%AC%E3%83%B4%E3%82%A1%E3%83%86%E3%82%A3" n1="%E7%89%B9%E6%9D%B1%E3%81%AF%E4%B8%96%E7%95%8C%E3%82%92%E6%95%91%E3%81%86" n2="%72%69%6F%75%63%68%61%6E" n3="%E3%82%B7%E3%83%B3%E5%A4%AA%E6%9C%97" dan="16,16,17,16" rate="2117.70,2124.80,2269.53,2131.00" sx="F,M,M,M"/><TAIKYOKU oya="0"/><INIT seed="0,0,0,5,5,98" ten="250,250,250,250" oya="0" hai0="129,20,80,130,0,39,28,29,3,18,16,7,99" hai1="131,68,1,101,96,5,127,4,103,97,33,36,54" hai2="19,78,120,75,17,24,119,121,51,59,60,123,94" hai3="114,118,108,55,93,100,77,128,91,67,70,49,111"/><T73/><D39/><U81/><E33/><V38/><F38/><W44/><G118/><T32/><D99/><U102/><E36/><V113/><F113/><W25/><G114/><T82/><D73/><U92/><E68/><V85/><F119/><W22/><G128/><N who="0" m="49259" /><D80/><U10/><E131/><V124/><F124/><W31/><G77/><T117/><D82/><U66/><E66/><V112/><F112/><W62/><REACH who="3" step="1"/><G100/><REACH who="3" ten="250,250,250,240" step="2"/><T52/><D117/><U41/><E102/><V61/><F78/><W43/><G43/><T11/><D0/><U8/><E41/><V15/><F123/><W23/><G23/><T14/><D32/><U132/><E127/><V72/><F121/><W133/><G133/><T88/><D88/><U87/><E132/><V95/><F120/><W105/><G105/><T106/><D106/><U134/><E134/><V27/><F75/><W115/><G115/><T110/><D110/><U84/><E81/><V109/><F72/><W35/><G35/><T40/><D40/><U47/><E103/><V86/><F109/><W69/><G69/><T48/><D18/><U89/><E89/><V125/><F125/><W76/><G76/><T13/><D3/><U71/><E71/><V63/><F19/><W12/><G12/><T2/><D2/><U37/><E1/><V34/><F34/><W116/><G116/><T9/><D20/><U64/><E101/><V107/><F107/><W83/><G83/><T57/><AGARI ba="0,1" hai="7,9,11,13,14,16,28,29,48,52,57" m="49259" machi="57" ten="30,6000,0" yaku="19,1,54,2" doraHai="98" who="0" fromWho="0" sc="250,70,250,-20,250,-20,240,-20" /><INIT seed="0,1,0,0,0,99" ten="320,230,230,220" oya="0" hai0="100,8,16,11,52,116,120,63,25,71,88,129,21" hai1="27,86,75,122,58,24,112,114,89,87,40,123,118" hai2="132,109,38,32,51,70,55,68,48,31,65,74,85" hai3="35,93,104,1,54,77,110,4,64,62,101,69,50"/><T131/><D116/><U113/><E75/><V10/><F109/><W105/><G110/><T15/><D120/><N who="1" m="46123" /><E40/><V23/><F132/><W57/><G35/><T45/><D100/><U66/><E118/><V107/><F32/><W95/><G77/><T47/><D8/><U33/><E33/><V5/><F38/><W92/><G1/><T130/><D71/><U34/><E34/><V80/><F74/><W39/><G4/><T28/><D88/><U91/><E66/><V79/><F107/><W3/><G3/><T134/><D134/><U41/><E41/><V117/><F117/><W20/><G101/><T76/><D76/><U46/><E46/><V84/><F84/><N who="1" m="32297" /><E58/><AGARI ba="1,0" hai="11,15,16,21,25,28,45,47,52,58,63,129,130,131" machi="58" ten="40,7700,0" yaku="19,1,54,2" doraHai="99" who="0" fromWho="1" sc="320,80,230,-80,230,0,220,0" /><INIT seed="0,2,0,3,3,55" ten="400,150,230,220" oya="0" hai0="77,0,33,16,123,81,101,100,25,76,23,70,13" hai1="14,99,125,88,11,79,19,114,72,49,105,86,74" hai2="12,26,97,15,53,87,45,104,62,64,38,50,108" hai3="65,52,17,54,46,28,57,113,41,122,32,27,5"/><T43/><D70/><U1/><E125/><V78/><F108/><W128/><G113/><T56/><D123/><U31/><E114/><V121/><F121/><W80/><G128/><T35/><D0/><U34/><E79/><V29/><F38/><W124/><G124/><T83/><D43/><U118/><E118/><V8/><F8/><W60/><G122/><T75/><D35/><U61/><E1/><V107/><F107/><W47/><G5/><T22/><D33/><U112/><E112/><V18/><F18/><W9/><G46/><T90/><D90/><U69/><E49/><V117/><F117/><W68/><G80/><T21/><D21/><U126/><E126/><V42/><F42/><W127/><G127/><T59/><D101/><U116/><E116/><V98/><F98/><W102/><G102/><T119/><D100/><U93/><E99/><V85/><F97/><W89/><G89/><T129/><D129/><U133/><E105/><V63/><F62/><W92/><G92/><T58/><D119/><U24/><REACH who="1" step="1"/><E133/><REACH who="1" ten="400,140,230,220" step="2"/><V106/><F104/><W135/><G135/><T96/><D96/><U10/><E10/><V2/><F2/><W73/><G73/><T37/><D37/><U4/><E4/><V110/><F106/><W131/><G131/><T44/><D75/><U82/><E82/><N who="0" m="31241" /><D44/><U36/><E36/><V109/><F109/><W120/><G120/><T39/><D39/><U66/><AGARI ba="2,1" hai="11,14,19,24,31,34,61,66,69,72,74,86,88,93" machi="66" ten="30,7900,0" yaku="1,1,0,1,54,1,53,1" doraHai="55" doraHaiUra="84" who="1" fromWho="1" sc="400,-41,140,95,230,-22,220,-22" /><INIT seed="1,0,0,2,0,110" ten="359,235,208,198" oya="1" hai0="135,44,94,86,28,59,77,0,83,120,127,42,5" hai1="32,128,121,10,73,62,102,105,2,19,69,24,49" hai2="109,97,76,111,125,85,35,124,116,122,54,131,26" hai3="71,51,40,129,104,6,7,25,79,9,61,47,123"/><U112/><E121/><V33/><F116/><W12/><G123/><T55/><D127/><N who="2" m="48714" /><F122/><W88/><G104/><T78/><D135/><U133/><E133/><V38/><F131/><W106/><G129/><T68/><D120/><U117/><E128/><V75/><F75/><W52/><G106/><T89/><D68/><U4/><E117/><V21/><F38/><W36/><G79/><T93/><D28/><N who="1" m="19463" /><E49/><V103/><F54/><W22/><G6/><T95/><D5/><U108/><E19/><N who="2" m="12607" /><F85/><W115/><G115/><T90/><D0/><U17/><E17/><V80/><F33/><W64/><G88/><T1/><D1/><U34/><E34/><V130/><F35/><W23/><REACH who="3" step="1"/><G25/><REACH who="3" ten="359,235,208,188" step="2"/><T14/><D89/><U31/><E102/><V114/><F130/><W119/><G119/><T98/><D78/><U84/><E105/><N who="2" m="63727" /><F114/><W56/><AGARI ba="0,1" hai="7,9,12,22,23,36,40,47,51,52,56,61,64,71" machi="56" ten="20,12000,2" yaku="1,1,0,1,7,1,24,2,54,1,53,0" doraHai="110" doraHaiUra="132" who="3" fromWho="3" sc="359,-30,235,-60,208,-30,188,130" /><INIT seed="2,0,0,0,0,58" ten="329,175,178,318" oya="2" hai0="15,134,92,63,120,76,85,80,44,46,45,84,97" hai1="18,59,127,32,10,22,125,90,67,24,75,93,118" hai2="135,114,124,17,82,64,5,104,99,68,131,31,2" hai3="108,130,34,119,89,66,14,1,86,116,27,25,21"/><V61/><F114/><W4/><G108/><T69/><D120/><U62/><E118/><V77/><F131/><W72/><G72/><T94/><D134/><U95/><E75/><N who="2" m="43327" /><F17/><W101/><G130/><T132/><D132/><U71/><E32/><V20/><F20/><W23/><G101/><T11/><D84/><U43/><E43/><V42/><F135/><W37/><G37/><T49/><D97/><U48/><E10/><N who="2" m="2359" /><F42/><W102/><G34/><T9/><D9/><U53/><REACH who="1" step="1"/><E95/><REACH who="1" ten="329,165,178,318" step="2"/><V96/><F124/><W128/><G116/><T111/><D94/><U36/><E36/><V113/><F113/><W105/><G119/><T115/><D92/><U35/><E35/><V112/><F112/><W81/><G128/><T50/><D115/><U121/><E121/><V30/><F96/><AGARI ba="0,1" hai="18,22,24,48,53,59,62,67,71,90,93,96,125,127" machi="96" ten="40,2600,0" yaku="1,1,52,1,53,0" doraHai="58" doraHaiUra="123" who="1" fromWho="2" sc="329,0,165,36,178,-26,318,0" /><INIT seed="3,0,0,1,2,80" ten="329,201,152,318" oya="3" hai0="114,81,79,135,27,118,119,26,3,67,120,45,93" hai1="106,6,131,4,113,9,48,32,1,69,85,117,101" hai2="94,42,128,57,23,65,13,129,110,18,116,5,37" hai3="73,97,112,71,68,91,11,24,111,7,115,63,16"/><W51/><G73/><T36/><D120/><U103/><E113/><V52/><F116/><W134/><G134/><T109/><D114/><U95/><E69/><V8/><F110/><W59/><G111/><T29/><D109/><U15/><E32/><V35/><F35/><W82/><G68/><T41/><D135/><U124/><E106/><V132/><F132/><W108/><G71/><T84/><D3/><U62/><E62/><V50/><F65/><W72/><G51/><T130/><D130/><U44/><E131/><V102/><F102/><W99/><G108/><T78/><D67/><U90/><E124/><V53/><F94/><W121/><G121/><T55/><D78/><U40/><E117/><V92/><F92/><W20/><G99/><T12/><D27/><U127/><E127/><V122/><F122/><W14/><G72/><T87/><D55/><U21/><E4/><V33/><F33/><W96/><G96/><T28/><D12/><U83/><E95/><V107/><F107/><W47/><G47/><T88/><D29/><U125/><E125/><V100/><F100/><W49/><G49/><T60/><D60/><U61/><E61/><V38/><F53/><N who="3" m="34287" /><G82/><T56/><D56/><U104/><E104/><V105/><F105/><W19/><G7/><T34/><AGARI ba="0,0" hai="26,28,34,36,41,45,79,81,84,87,88,93,118,119" machi="34" ten="20,8000,1" yaku="0,1,7,1,52,2,54,1" doraHai="80" who="0" fromWho="0" sc="329,80,201,-20,152,-20,318,-40" owari="409,50.9,181,-21.9,132,-36.8,278,7.8" /></mjloggm>