<mjloggm ver="2.3"><GO type="225" lobby="0"/><UN n0="%E7%B4%94%E6%BD%94%E3%83%94%E3%83%A9%E3%83%8B%E3%82%A2" n1="%E6%97%A5%E6%9B%9C%E6%97%A5%E3%82%88%E3%82%8A%E3%81%AE%E4%BD%BF%E8%80%85" n2="%E6%A1%9C%E8%8A%B1%E9%96%83%E3%80%85" n3="%72%61%6B%33" dan="16,17,18,17" rate="2077.40,2151.60,2268.68,2296.55" sx="M,M,M,M"/><TAIKYOKU oya="0"/><INIT seed="0,0,0,0,2,66" ten="250,250,250,250" oya="0" hai0="119,57,29,112,132,79,76,40,68,51,19,58,28" hai1="26,15,73,113,129,18,133,86,124,2,32,99,48" hai2="12,92,56,14,107,84,81,42,98,71,80,67,30" hai3="70,135,8,34,41,55,65,108,36,23,50,17,0"/><T116/><D132/><U44/><E73/><V3/><F3/><W60/><G34/><T39/><D19/><U72/><E72/><V77/><F107/><W6/><G135/><T83/><D40/><U69/><E133/><V130/><F130/><W134/><G134/><T13/><D13/><U74/><E74/><V25/><F42/><W52/><G108/><T45/><D51/><U75/><E75/><V61/><F80/><W5/><G5/><T103/><D103/><U7/><E124/><V10/><F10/><W118/><G118/><T90/><D83/><U125/><E125/><V114/><F114/><W24/><REACH who="3" step="1"/><G50/><REACH who="3" ten="250,250,250,240" step="2"/><T120/><D112/><U95/><E32/><V43/><F43/><W121/><G121/><T126/><D126/><U20/><E113/><V117/><F117/><W59/><G59/><T38/><D45/><AGARI ba="0,1" hai="0,6,8,17,23,24,36,41,45,52,55,60,65,70" machi="45" ten="40,5200,0" yaku="1,1,52,1,54,1,53,0" doraHai="66" doraHaiUra="91" who="3" fromWho="0" sc="250,-52,250,0,250,0,240,62" /><INIT seed="1,0,0,3,1,95" ten="198,250,250,302" oya="1" hai0="116,108,2,26,4,24,37,115,53,98,23,10,124" hai1="69,125,30,80,3,41,5,74,135,111,55,127,103" hai2="19,86,117,107,21,100,133,56,52,47,92,129,8" hai3="33,32,17,130,7,81,46,114,59,62,14,63,39"/><U0/><E69/><V85/><F117/><W38/><G114/><T36/><D115/><U73/><E135/><V128/><F133/><W9/><G130/><N who="2" m="50281" /><F107/><W29/><G62/><T84/><D116/><U67/><E67/><V94/><F47/><W106/><G106/><T20/><D84/><N who="2" m="32362" /><F8/><W134/><G134/><T113/><D113/><U40/><E111/><V60/><F100/><W31/><G81/><T101/><D108/><U104/><E30/><V70/><F70/><W72/><G72/><N who="1" m="27754" /><E80/><V27/><AGARI ba="0,0" hai="19,21,27,52,56,60,92,94" m="32362,50281" machi="27" ten="30,2000,0" yaku="19,1,54,1" doraHai="95" who="2" fromWho="2" sc="198,-5,250,-10,250,20,302,-5" /><INIT seed="2,0,0,3,2,98" ten="193,240,270,297" oya="2" hai0="31,68,111,61,3,75,55,40,127,20,105,29,95" hai1="45,134,94,18,54,16,33,39,123,124,37,79,53" hai2="112,115,78,14,70,21,26,2,25,62,58,82,109" hai3="23,120,117,129,122,38,81,126,57,24,42,91,41"/><V92/><F70/><W133/><G117/><T13/><D105/><U9/><E33/><V99/><F2/><W121/><G126/><T12/><D75/><U128/><E79/><V77/><F109/><W74/><G129/><T56/><D3/><U103/><E124/><V86/><F78/><W51/><G133/><T107/><D107/><U66/><E66/><V76/><F76/><W101/><G38/><T59/><D68/><U0/><E128/><V73/><F73/><W85/><G74/><T60/><D111/><U50/><E134/><V72/><F72/><W100/><G42/><T113/><D113/><U104/><E104/><V119/><F119/><W96/><G96/><T19/><D40/><U87/><E123/><V8/><F21/><W30/><REACH who="3" step="1"/><G57/><REACH who="3" ten="193,240,270,287" step="2"/><T67/><D127/><U97/><E39/><V44/><F115/><W10/><G10/><T118/><D118/><U69/><E37/><V22/><F112/><W32/><G32/><T106/><D106/><U63/><E69/><V88/><F44/><AGARI ba="0,1" hai="23,24,30,41,44,51,81,85,91,100,101,120,121,122" machi="44" ten="40,8000,1" yaku="1,1,52,2,53,1" doraHai="98" doraHaiUra="43" who="3" fromWho="2" sc="193,0,240,0,270,-80,287,90" /><INIT seed="3,0,0,5,1,98" ten="193,240,190,377" oya="3" hai0="91,109,116,53,21,72,128,86,76,0,15,97,56" hai1="100,96,104,84,40,107,118,14,32,80,93,75,63" hai2="28,47,129,60,4,79,8,123,61,57,69,131,10" hai3="111,46,42,120,112,68,88,35,126,67,19,99,82"/><W9/><G112/><T113/><D116/><U41/><E32/><V48/><F123/><W94/><G120/><T20/><D0/><U134/><E134/><V90/><F79/><W101/><G35/><T18/><D113/><U22/><E75/><V1/><F28/><W65/><G68/><T78/><D109/><U2/><E2/><V124/><F124/><W74/><G111/><T6/><D128/><N who="2" m="49226" /><F69/><W64/><G126/><T39/><D39/><U103/><E118/><V12/><F90/><W37/><G74/><T81/><D6/><U102/><E63/><V87/><F87/><W43/><G37/><T114/><D114/><U11/><E22/><V85/><F85/><N who="3" m="50231" /><G46/><T73/><D73/><U122/><E122/><V16/><F57/><W130/><G130/><T106/><D72/><U125/><E125/><V115/><F115/><W24/><G24/><T59/><D59/><U29/><E29/><V70/><F70/><W7/><G7/><T52/><D53/><AGARI ba="0,0" hai="1,4,8,10,12,16,47,48,53,60,61" m="49226" machi="53" ten="30,2000,0" yaku="19,1,54,1" doraHai="98" who="2" fromWho="0" sc="193,-20,240,0,190,20,377,0" owari="173,-32.7,240,4.0,210,-19.0,377,47.7" /></mjloggm>