<mjloggm ver="2.3"><GO type="225" lobby="0"/><UN n0="%E7%BD%AA%E5%88%91%E6%B3%95%E5%AE%9A%E4%B8%BB%E7%BE%A9" n1="%48%61%61%61%6C%61%6E%64" n2="%E3%81%AF%E3%82%88%E3%81%8A%E3%81%98%E3%81%95%E3%82%93" n3="%E6%A1%9C%E8%8A%B1%E9%96%83%E3%80%85" dan="16,17,16,17" rate="2166.06,2160.62,2148.25,2188.01" sx="M,M,M,M"/><TAIKYOKU oya="0"/><INIT seed="0,0,0,0,3,41" ten="250,250,250,250" oya="0" hai0="51,50,82,114,10,18,15,107,1,24,53,36,92" hai1="45,8,79,116,60,12,85,67,72,9,100,64,93" hai2="110,126,42,101,35,77,62,13,6,17,78,119,48" hai3="122,108,74,105,121,81,25,27,115,70,97,21,76"/><T26/><D107/><U88/><E116/><V75/><F35/><W118/><G118/><T28/><D114/><U59/><E100/><V52/><F119/><W130/><G115/><T7/><D36/><U131/><E131/><V68/><F110/><W66/><G130/><T117/><D117/><U106/><E106/><V65/><F126/><W55/><G108/><T0/><D92/><U44/><E8/><V123/><F123/><N who="3" m="47115" /><G55/><T23/><D26/><U90/><E64/><V96/><F6/><W73/><G73/><T120/><D120/><U29/><E29/><V11/><F42/><W124/><G124/><T111/><D111/><U61/><E61/><V104/><REACH who="2" step="1"/><F75/><REACH who="2" ten="250,250,240,250" step="2"/><W129/><G129/><T94/><D0/><U30/><E30/><V20/><F20/><W87/><G74/><T43/><D43/><U40/><E40/><V113/><F113/><W83/><G21/><T2/><D2/><U95/><E72/><V109/><F109/><W71/><G71/><T19/><D19/><N who="1" m="8591" /><E79/><V132/><F132/><W39/><G39/><T49/><D1/><U127/><E127/><V3/><F3/><W4/><G4/><T98/><D7/><U5/><E5/><V46/><AGARI ba="0,1" hai="11,13,17,46,48,52,62,65,68,77,78,96,101,104" machi="46" ten="20,8000,1" yaku="1,1,0,1,7,1,52,1,54,1,53,0" doraHai="41" doraHaiUra="69" who="2" fromWho="2" sc="250,-40,250,-20,240,90,250,-20" /><INIT seed="1,0,0,4,2,104" ten="210,230,330,230" oya="1" hai0="24,36,40,10,68,48,80,27,93,132,38,3,52" hai1="19,84,120,88,89,22,133,4,91,53,47,25,9" hai2="107,15,7,94,111,50,32,79,55,37,6,71,43" hai3="96,13,127,66,72,54,130,63,2,45,39,20,35"/><U34/><E120/><V46/><F107/><W125/><G2/><T124/><D68/><U41/><E133/><V12/><F32/><W102/><G35/><T33/><D132/><U58/><E34/><V21/><F71/><W121/><G121/><T61/><D124/><N who="3" m="47689" /><G130/><T95/><D61/><U135/><E135/><V74/><F111/><W85/><G85/><T119/><D119/><U29/><E29/><V81/><F94/><W126/><G72/><T117/><D117/><U78/><E78/><V106/><F106/><W16/><N who="3" m="47697" /><W64/><DORA hai="134" /><G39/><T75/><D95/><U67/><E67/><N who="3" m="25642" /><G45/><N who="0" m="23687" /><D93/><U28/><E84/><V92/><F92/><N who="3" m="58631" /><G63/><T0/><D38/><U112/><E47/><V42/><F37/><W51/><G54/><T65/><D0/><U5/><E41/><V122/><F122/><W123/><G123/><T114/><D65/><U109/><E109/><V31/><F42/><W97/><G51/><T105/><D105/><U59/><E59/><V98/><F55/><W23/><G97/><T115/><D33/><U113/><E58/><V60/><F98/><W82/><G82/><T57/><D115/><U73/><E53/><V103/><F60/><W17/><G17/><T14/><D114/><N who="1" m="44139" /><E73/><V108/><F74/><W1/><G1/><T30/><D3/><U70/><E70/><V86/><F43/><W26/><G23/><N who="0" m="15647" /><D75/><U62/><E62/><V44/><F21/><W99/><G99/><T129/><D80/><U49/><E49/><V87/><F50/><W100/><G100/><T131/><D27/><AGARI ba="0,0" hai="13,16,20,26,27" m="58631,25642,47697" machi="27" ten="40,12000,2" yaku="18,1,52,4,54,1" doraHai="104,134" who="3" fromWho="0" sc="210,-120,230,0,330,0,230,120" /><INIT seed="2,0,0,2,5,26" ten="90,230,330,350" oya="2" hai0="58,9,35,8,113,57,99,48,68,44,124,130,96" hai1="81,52,6,39,85,74,24,90,89,28,64,31,112" hai2="30,71,93,107,128,110,19,91,131,59,10,13,4" hai3="22,75,66,104,37,61,87,109,51,60,76,111,70"/><V15/><F71/><W116/><G116/><T17/><D113/><U45/><E112/><V105/><F59/><W86/><G37/><T32/><D68/><U65/><E74/><V82/><F82/><N who="3" m="45343" /><G104/><T127/><D130/><N who="2" m="49706" /><F110/><N who="3" m="41995" /><G61/><T120/><D48/><N who="1" m="28687" /><E39/><V133/><F133/><W25/><G51/><T33/><D44/><U114/><E114/><V121/><F121/><W108/><N who="3" m="42003" /><W5/><DORA hai="98" /><G5/><T2/><D35/><U119/><E6/><V125/><F125/><W55/><G55/><T78/><D17/><AGARI ba="0,0" hai="17,22,25,60,66,70,86,87" m="42003,45343" machi="17" ten="40,1300,0" yaku="14,1" doraHai="26,98" who="3" fromWho="0" sc="90,-13,230,0,330,0,350,13" /><INIT seed="3,0,0,1,2,18" ten="77,230,330,363" oya="3" hai0="84,69,20,12,36,46,68,95,28,105,88,60,134" hai1="76,110,80,5,33,104,96,77,90,24,43,26,72" hai2="1,58,114,97,54,99,29,65,78,66,32,112,8" hai3="128,123,40,61,132,70,48,130,89,56,50,37,3"/><W82/><G3/><T17/><D134/><U64/><E110/><V86/><F32/><W135/><G123/><T4/><D105/><U92/><E76/><V49/><F29/><W115/><G115/><T53/><D69/><U11/><E64/><V51/><F49/><N who="3" m="19051" /><G70/><T85/><D68/><U14/><E33/><V131/><F131/><N who="3" m="50219" /><G89/><T83/><D36/><U109/><E109/><V27/><F27/><W119/><G82/><T10/><D28/><U31/><E31/><V63/><F65/><N who="3" m="39079" /><G119/><T75/><D75/><U67/><E67/><V94/><F112/><W47/><AGARI ba="0,0" hai="37,40,47,132,135" m="39079,50219,19051" machi="47" ten="40,7800,0" yaku="19,1,34,2" doraHai="18" who="3" fromWho="3" sc="77,-26,230,-26,330,-26,363,78" owari="51,-44.9,204,-19.6,304,10.4,441,54.1" /></mjloggm>