<mjloggm ver="2.3"><GO type="225" lobby="0"/><UN n0="%E5%8D%A0%E3%81%84%E5%B8%AB%E8%A3%8F%E3%81%AA%E3%81%84%E3%81%97" n1="%E5%B8%86%E7%AB%8B%E5%A4%8F%E8%A1%A3" n2="%E3%80%93%E3%81%97%E3%83%BC%E3%82%89%E3%80%93" n3="%E3%81%95%E3%81%8D%E3%81%9F%E3%81%BE%E6%9E%97%E6%AA%8E" dan="17,16,17,16" rate="2216.39,2191.62,2206.36,2068.43" sx="M,M,M,M"/><TAIKYOKU oya="0"/><INIT seed="0,0,0,5,1,58" ten="250,250,250,250" oya="0" hai0="20,24,88,60,115,66,86,50,6,134,84,38,132" hai1="78,94,29,121,130,74,116,79,108,51,114,111,105" hai2="17,83,104,62,64,109,85,8,7,22,12,27,35" hai3="112,14,127,82,26,80,2,91,21,30,48,41,129"/><T99/><D115/><U13/><E116/><V19/><F104/><W33/><G112/><T34/><D38/><U39/><E39/><V110/><F35/><W10/><G127/><T46/><D34/><U18/><E105/><V71/><REACH who="2" step="1"/><F17/><REACH who="2" ten="250,250,240,250" step="2"/><W37/><G33/><T3/><D134/><U124/><E18/><V1/><F1/><W131/><G2/><T63/><D132/><U100/><E114/><V72/><F72/><W101/><G131/><T123/><D123/><U125/><E74/><V117/><F117/><W9/><G129/><T120/><D120/><U53/><E121/><V49/><F49/><W31/><G48/><T32/><D32/><U36/><E51/><V57/><F57/><W43/><G37/><T98/><D3/><U87/><E36/><V128/><F128/><W11/><G31/><N who="0" m="17799" /><D6/><U77/><E130/><V28/><F28/><W95/><G30/><T59/><D63/><U23/><E29/><V133/><F133/><W56/><G56/><T97/><D50/><U15/><E125/><V70/><F70/><W47/><G41/><T52/><D46/><U5/><E124/><V113/><F113/><W68/><G43/><T76/><D66/><U55/><E5/><V107/><F107/><W118/><G47/><T135/><D135/><U119/><E119/><V40/><F40/><W90/><G118/><T126/><D126/><U69/><E69/><V96/><F96/><N who="0" m="36970" /><D76/><AGARI ba="0,1" hai="7,8,12,19,22,27,62,64,71,76,83,85,109,110" machi="76" ten="40,5200,0" yaku="1,1,52,1,53,1" doraHai="58" doraHaiUra="67" who="2" fromWho="0" sc="250,-52,250,0,240,62,250,0" /><INIT seed="1,0,0,4,0,110" ten="198,250,302,250" oya="1" hai0="0,123,100,67,107,121,31,94,23,30,56,1,29" hai1="61,26,77,83,14,108,92,4,115,75,86,24,36" hai2="60,52,74,68,46,111,79,127,35,120,106,76,54" hai3="135,37,9,84,44,27,50,5,34,89,57,19,81"/><U119/><E36/><V6/><F106/><W13/><G135/><T88/><D107/><U131/><E119/><V21/><F35/><W63/><G37/><T126/><D126/><U85/><E131/><V49/><F120/><N who="0" m="46154" /><D100/><U3/><E3/><N who="0" m="1097" /><D67/><U112/><E108/><V133/><F6/><W102/><G102/><T42/><D56/><U51/><E51/><V97/><F133/><W105/><G105/><T64/><D64/><U124/><E124/><V8/><F74/><W78/><G34/><T40/><D23/><U109/><E109/><V96/><F111/><W104/><G104/><T91/><D94/><U90/><E75/><V17/><F68/><W20/><G89/><AGARI ba="0,0" hai="29,30,31,40,42,88,89,91" m="1097,46154" machi="89" ten="40,8000,1" yaku="28,2,13,1,54,1" doraHai="110" who="0" fromWho="3" sc="198,80,250,0,302,0,250,-80" /><INIT seed="2,0,0,0,3,15" ten="278,250,302,170" oya="2" hai0="53,127,79,47,81,52,135,64,105,65,82,78,68" hai1="28,84,12,10,61,56,107,17,104,120,90,118,123" hai2="129,34,55,41,45,109,133,70,103,18,72,106,42" hai3="49,115,39,125,6,50,134,117,88,66,116,25,14"/><V1/><F34/><W74/><G74/><T30/><D105/><U98/><E28/><V122/><F70/><W119/><G39/><T24/><D127/><U33/><E33/><V114/><F1/><W76/><G125/><T83/><D135/><U19/><E118/><V111/><F72/><W54/><G76/><T7/><D7/><N who="1" m="3167" /><E104/><V85/><F122/><N who="1" m="46633" /><E98/><N who="2" m="61815" /><F129/><W29/><G134/><T92/><D92/><N who="1" m="54343" /><E107/><V62/><F133/><W124/><G124/><T69/><D82/><U112/><E112/><V2/><F114/><W37/><G115/><T26/><REACH who="0" step="1"/><D47/><REACH who="0" ten="268,250,302,170" step="2"/><U51/><E51/><V94/><F45/><W60/><G50/><T121/><D121/><U132/><E132/><V57/><F109/><W8/><G49/><T36/><D36/><U91/><E91/><V21/><F111/><W38/><G37/><T58/><D58/><U59/><E59/><V86/><F57/><N who="3" m="37135" /><G38/><T108/><D108/><U126/><E126/><V113/><F113/><W13/><G119/><T89/><D89/><U20/><E20/><V5/><F21/><N who="3" m="15535" /><G88/><T100/><D100/><U96/><E96/><V110/><F110/><W31/><G117/><T75/><D75/><U63/><E63/><V77/><F62/><W99/><G99/><T130/><D130/><U102/><E102/><V3/><F86/><W4/><G116/><T16/><D16/><U80/><E80/><V9/><F18/><W43/><G6/><T101/><D101/><U22/><E22/><V0/><F5/><W131/><G4/><T44/><D44/><U40/><E40/><V23/><F41/><W27/><G43/><RYUUKYOKU ba="0,1" sc="268,15,250,15,302,-15,170,-15" hai0="24,26,30,52,53,64,65,68,69,78,79,81,83" hai1="17,19,56,61" /><INIT seed="3,1,1,5,1,47" ten="283,265,287,155" oya="3" hai0="53,76,58,102,25,28,39,9,24,15,130,105,100" hai1="11,56,81,64,30,41,71,57,48,77,79,107,17" hai2="123,20,63,31,106,112,134,72,113,18,5,27,129" hai3="26,52,124,62,133,69,83,84,8,65,131,90,75"/><W54/><G124/><T95/><D105/><U86/><E107/><V19/><F72/><W94/><G133/><T14/><D39/><U42/><E71/><V127/><F106/><W96/><G131/><T91/><D76/><U70/><E70/><V66/><F129/><W67/><G75/><T38/><D38/><U120/><E30/><V21/><F134/><W87/><G67/><T51/><D14/><N who="1" m="7391" /><E120/><V35/><F127/><W3/><G87/><N who="0" m="52735" /><D130/><U45/><E77/><V37/><F37/><W132/><G132/><T135/><D135/><U68/><E68/><V7/><F123/><W6/><REACH who="3" step="1"/><G26/><REACH who="3" ten="283,265,287,145" step="2"/><N who="0" m="10347" /><D28/><U16/><E64/><V36/><F31/><W109/><G109/><T10/><D10/><U122/><E122/><V4/><F27/><W115/><G115/><T104/><D104/><U108/><E108/><V121/><F113/><W74/><G74/><T126/><D126/><U12/><E41/><V59/><F112/><W125/><G125/><T114/><D114/><U92/><E42/><V2/><F121/><W32/><G32/><T50/><D9/><N who="1" m="6159" /><E86/><V97/><F35/><W85/><G85/><T44/><D15/><U34/><E34/><V49/><F66/><W118/><G118/><T93/><D93/><U73/><E92/><V43/><F43/><AGARI ba="1,2" hai="43,44,50,51,53,58,100,102" m="10347,52735" machi="43" ten="30,3900,0" yaku="8,1,52,2" doraHai="47" who="0" fromWho="2" sc="283,62,265,0,287,-42,145,0" owari="345,44.5,265,6.5,245,-15.5,145,-35.5" /></mjloggm>