<mjloggm ver="2.3"><GO type="225" lobby="0"/><UN n0="%E8%BE%9B%E5%8F%A3%E3%82%AB%E3%83%AC%E3%83%BC%E3%83%A9%E3%82%A4%E3%82%B9" n1="%73%6C%69%63%6B%33%31%39" n2="%E5%8D%A0%E3%81%84%E5%B8%AB%E8%A3%8F%E3%81%AA%E3%81%84%E3%81%97" n3="%E5%87%BA%E6%B0%B4" dan="16,16,16,16" rate="2199.59,2114.78,2131.61,2083.20" sx="M,M,M,F"/><TAIKYOKU oya="0"/><INIT seed="0,0,0,3,5,64" ten="250,250,250,250" oya="0" hai0="25,50,120,118,38,14,119,10,127,9,26,70,129" hai1="101,49,21,112,40,106,24,42,2,51,47,95,82" hai2="55,86,41,65,11,4,97,131,121,23,72,43,96" hai3="99,81,5,74,110,75,116,107,102,122,17,62,124"/><T80/><D120/><U39/><E2/><V59/><F121/><W36/><G116/><T7/><D38/><U73/><E106/><V63/><F72/><W69/><G122/><T53/><D127/><U13/><E112/><V44/><F131/><W68/><G110/><T27/><D129/><U134/><E134/><V48/><F23/><W83/><G124/><T31/><D31/><U100/><E13/><V105/><F105/><W19/><G36/><T94/><D70/><U54/><E39/><V114/><F114/><W71/><G62/><T12/><D80/><U29/><E42/><V18/><F18/><W28/><G28/><T128/><D128/><U123/><E123/><V132/><F132/><W104/><G5/><T46/><REACH who="0" step="1"/><D94/><REACH who="0" ten="240,250,250,250" step="2"/><U32/><E95/><V3/><F43/><W88/><G107/><T84/><D84/><U109/><E109/><V135/><F135/><W115/><G115/><T89/><D89/><U98/><E98/><V33/><F33/><W34/><G34/><T91/><D91/><U20/><E82/><V125/><F125/><W6/><G83/><T77/><D77/><U87/><E87/><V133/><F133/><W61/><G88/><T16/><AGARI ba="0,1" hai="7,9,10,12,14,16,25,26,27,46,50,53,118,119" machi="16" ten="30,18000,2" yaku="1,1,0,1,54,1,53,3" doraHai="64" doraHaiUra="22" who="0" fromWho="0" sc="240,190,250,-60,250,-60,250,-60" /><INIT seed="0,1,0,0,3,105" ten="430,190,190,190" oya="0" hai0="63,45,68,78,96,13,28,124,33,4,111,121,3" hai1="108,1,94,133,20,21,41,85,17,128,117,5,119" hai2="115,36,116,47,30,35,90,82,64,99,97,98,58" hai3="127,8,107,34,52,56,57,48,103,102,101,16,131"/><T37/><D121/><U123/><E123/><V91/><F115/><W54/><G131/><T10/><D124/><U71/><E71/><V0/><F0/><W46/><G127/><T134/><D134/><U114/><E41/><V27/><F116/><W130/><G130/><T70/><D111/><U122/><E122/><V29/><F36/><W12/><G34/><T76/><D33/><U18/><E128/><V51/><F30/><W65/><G107/><T132/><D28/><U39/><E39/><V19/><F19/><W32/><G32/><T118/><D118/><U81/><E94/><V75/><F58/><N who="3" m="22635" /><G65/><T38/><D38/><U24/><E108/><V126/><F64/><W106/><G106/><T69/><D63/><U60/><E60/><V40/><REACH who="2" step="1"/><F126/><REACH who="2" ten="430,190,180,190" step="2"/><W129/><G129/><T77/><D132/><U84/><E133/><V26/><F26/><W61/><G61/><T67/><D67/><U112/><E119/><V23/><F23/><W6/><G6/><T74/><D13/><N who="1" m="9263" /><E117/><V83/><F83/><W87/><G87/><T44/><D37/><U14/><E81/><V11/><F11/><W120/><G120/><T15/><D69/><U7/><E1/><V80/><F80/><W22/><G22/><T25/><D70/><U42/><E84/><V92/><F92/><W100/><N who="3" m="25600" /><DORA hai="55" /><W113/><G113/><N who="1" m="43626" /><E85/><V110/><F110/><W86/><G86/><T62/><D3/><U50/><E14/><V79/><AGARI ba="1,1" hai="27,29,35,40,47,51,75,79,82,90,91,97,98,99" machi="79" ten="30,8000,1" yaku="1,1,0,1,52,1,53,2" doraHai="105,55" doraHaiUra="43,104" who="2" fromWho="2" sc="430,-41,190,-21,180,93,190,-21" /><INIT seed="1,0,0,3,3,71" ten="389,169,273,169" oya="1" hai0="65,7,58,9,129,38,56,14,15,70,126,63,72" hai1="17,61,121,97,106,51,35,53,6,93,60,41,18" hai2="135,16,131,80,73,81,88,22,124,5,128,134,94" hai3="25,8,0,48,1,114,101,103,115,50,112,46,39"/><U109/><E121/><V42/><F5/><W96/><G25/><T27/><D72/><U4/><E106/><V33/><F33/><W132/><G132/><N who="2" m="50729" /><F42/><W34/><G34/><T122/><D129/><N who="2" m="49738" /><F73/><W110/><G110/><T83/><D126/><U74/><E74/><V86/><F124/><W37/><G8/><T23/><D122/><U123/><E123/><V84/><F86/><W45/><G115/><T67/><D38/><U125/><E125/><V31/><F31/><W99/><AGARI ba="0,0" hai="0,1,37,39,45,46,48,50,96,99,101,103,112,114" machi="99" ten="25,8000,1" yaku="0,1,22,2,52,2" doraHai="71" who="3" fromWho="3" sc="389,-20,169,-40,273,-20,169,80" /><INIT seed="2,0,0,5,1,23" ten="369,129,253,249" oya="2" hai0="94,70,42,53,52,16,109,31,131,88,90,34,118" hai1="106,29,67,5,13,9,84,126,135,105,28,93,110" hai2="48,33,62,89,3,19,69,119,120,49,75,87,122" hai3="112,50,20,83,43,57,114,10,63,40,96,79,47"/><V100/><F119/><W59/><G10/><T125/><D70/><U71/><E110/><V64/><F75/><W76/><G96/><T18/><D109/><U17/><E135/><V81/><F3/><W6/><G6/><T35/><D118/><U102/><E126/><V72/><F72/><W66/><G40/><T7/><D7/><U73/><E73/><V12/><F33/><W111/><G111/><T41/><D94/><U121/><E121/><V123/><REACH who="2" step="1"/><F100/><REACH who="2" ten="369,129,243,249" step="2"/><W130/><G114/><T116/><D116/><U26/><E102/><V98/><F98/><W134/><G112/><T65/><D125/><U113/><E113/><V27/><F27/><W127/><G127/><T14/><D14/><U25/><E26/><V117/><F117/><W85/><G134/><T86/><D86/><U128/><E25/><V91/><F91/><W51/><G79/><T74/><D74/><U129/><E84/><V24/><F24/><W104/><G85/><T21/><D31/><U133/><E28/><V44/><F44/><W132/><G132/><T54/><D34/><U77/><E29/><V38/><F38/><W61/><G76/><T95/><D35/><U124/><E124/><V92/><F92/><W101/><G101/><T97/><D95/><U4/><E93/><V45/><F45/><W80/><G47/><T0/><D0/><U107/><E77/><V58/><F58/><W103/><G103/><T99/><D99/><U60/><REACH who="1" step="1"/><E133/><REACH who="1" ten="369,119,243,249" step="2"/><V30/><F30/><W108/><G108/><T1/><D97/><U78/><E78/><V68/><F68/><W37/><G80/><RYUUKYOKU ba="0,2" sc="369,-15,119,15,243,15,249,-15" hai1="4,5,9,13,17,60,67,71,105,106,107,128,129" hai2="12,19,48,49,62,64,69,81,87,89,120,122,123" /><INIT seed="2,1,2,1,2,107" ten="354,134,258,234" oya="2" hai0="4,120,26,37,74,14,30,61,64,95,53,132,135" hai1="0,87,57,50,105,22,80,56,2,109,24,46,38" hai2="104,69,112,33,129,106,54,119,21,36,55,63,16" hai3="5,123,18,125,20,31,49,88,39,59,51,13,124"/><V60/><F112/><W6/><G123/><T117/><D120/><U75/><E109/><V99/><F119/><W65/><G39/><T96/><D37/><U122/><E105/><V92/><F33/><W134/><G134/><N who="0" m="51243" /><D117/><U93/><E122/><V94/><F36/><W19/><G31/><T79/><D53/><U101/><E38/><V81/><F129/><W66/><G88/><N who="0" m="55399" /><D14/><U100/><E0/><V15/><F81/><W133/><G133/><T89/><D89/><N who="1" m="51431" /><E75/><V84/><F84/><W78/><G78/><T10/><D10/><U7/><E7/><V47/><F69/><W42/><G42/><T23/><D4/><U52/><E2/><V12/><F99/><W85/><G5/><T97/><D97/><N who="1" m="59439" /><E101/><V34/><F34/><W113/><G6/><T8/><D8/><U48/><E48/><V44/><F21/><W11/><G113/><T72/><D79/><U70/><E70/><AGARI ba="1,2" hai="23,26,30,61,64,70,72,74" m="55399,51243" machi="70" ten="30,7700,0" yaku="20,1,52,2,54,1" doraHai="107" who="0" fromWho="1" sc="354,100,134,-80,258,0,234,0" /><INIT seed="3,0,0,0,4,32" ten="454,54,258,234" oya="3" hai0="115,125,121,4,79,18,65,12,122,117,11,39,0" hai1="123,19,97,74,110,56,70,89,101,23,124,99,1" hai2="6,98,31,37,112,76,36,131,60,127,40,87,61" hai3="28,29,86,59,3,107,55,71,120,62,44,27,50"/><W113/><G113/><T25/><D117/><U38/><E70/><V69/><F112/><W119/><G119/><T92/><D39/><U95/><E38/><V30/><F127/><W80/><G120/><T24/><D115/><U49/><E74/><V35/><F35/><W104/><G71/><T34/><D65/><U58/><E123/><V82/><F131/><W7/><G29/><N who="0" m="19751" /><D79/><U109/><E124/><V106/><F6/><W46/><G46/><T93/><D125/><U133/><E133/><V116/><F116/><W14/><G3/><T114/><D114/><U77/><E77/><V130/><F130/><W118/><G118/><T22/><D92/><U67/><E67/><V10/><F10/><W45/><G45/><T13/><D93/><U78/><E78/><V111/><F60/><W15/><G7/><T83/><D83/><U68/><E68/><V91/><F40/><W57/><G57/><T128/><D128/><U21/><E95/><N who="2" m="54783" /><F36/><W64/><G107/><T75/><D75/><U33/><E33/><V26/><F26/><W17/><G17/><N who="0" m="12495" /><D0/><U88/><E49/><V42/><F42/><W132/><G104/><T53/><D53/><U41/><E41/><V135/><F37/><W66/><G132/><T9/><AGARI ba="0,0" hai="4,9,11,12,13,18,121,122" m="12495,19751" machi="9" ten="30,2000,0" yaku="34,2" doraHai="32" who="0" fromWho="0" sc="454,20,54,-5,258,-5,234,-10" owari="474,57.4,49,-45.1,253,5.3,224,-17.6" /></mjloggm>