<mjloggm ver="2.3"><GO type="225" lobby="0"/><UN n0="%E5%B8%86%E7%AB%8B%E5%A4%8F%E8%A1%A3" n1="%72%69%6F%75%63%68%61%6E" n2="%E6%B4%BE%E9%81%A3%E3%81%AE%E3%82%B8%E3%83%A3%E3%83%83%E3%82%AF" n3="%61%69%73%79%6F" dan="16,16,16,17" rate="2051.14,2200.12,2180.88,2236.59" sx="M,M,M,M"/><TAIKYOKU oya="0"/><INIT seed="0,0,0,3,2,22" ten="250,250,250,250" oya="0" hai0="119,19,97,50,52,64,127,115,67,28,110,83,80" hai1="34,65,20,104,37,45,78,112,25,68,102,75,14" hai2="103,17,116,4,10,18,41,88,56,118,49,1,96" hai3="107,113,132,111,27,124,93,85,46,57,108,11,9"/><T32/><D115/><U99/><E112/><V133/><F133/><W76/><G107/><T62/><D119/><U82/><E14/><V100/><F41/><W126/><G132/><T91/><D127/><N who="3" m="48681" /><G113/><T61/><D110/><N who="3" m="42025" /><G46/><N who="0" m="27735" /><D32/><U43/><E20/><V94/><F49/><W106/><G106/><T105/><D105/><U60/><REACH who="1" step="1"/><E25/><REACH who="1" ten="250,240,250,250" step="2"/><V33/><F33/><AGARI ba="0,1" hai="33,34,37,43,45,60,65,68,75,78,82,99,102,104" machi="33" ten="40,8000,1" yaku="1,1,2,1,33,3,53,0" doraHai="22" doraHaiUra="125" who="1" fromWho="2" sc="250,0,240,90,250,-80,250,0" /><INIT seed="1,0,0,1,4,47" ten="250,330,170,250" oya="1" hai0="10,111,42,97,79,8,21,81,51,124,44,112,94" hai1="82,117,46,6,71,83,9,130,66,91,116,1,12" hai2="48,105,125,4,61,68,25,109,37,73,55,56,131" hai3="15,36,35,76,102,52,23,58,92,134,107,95,108"/><U123/><E123/><V89/><F105/><W101/><G36/><T32/><D111/><U53/><E130/><V39/><F73/><W34/><G107/><T59/><D32/><U86/><E83/><V65/><F109/><W14/><G76/><T49/><D124/><U31/><E31/><V16/><F125/><W133/><G108/><T113/><D113/><U110/><E110/><V33/><F131/><W62/><G95/><T0/><D112/><U29/><E29/><V74/><F74/><W84/><G84/><N who="0" m="48191" /><D0/><U22/><E66/><V104/><F104/><W24/><G34/><T30/><D30/><U126/><E71/><V98/><F4/><W26/><G26/><T60/><D21/><U67/><E67/><V114/><F33/><W5/><G35/><T18/><D18/><U115/><E115/><V72/><F72/><W132/><G92/><T122/><D122/><U45/><E126/><V38/><F114/><W96/><G96/><T129/><D129/><U50/><REACH who="1" step="1"/><E45/><REACH who="1" ten="250,320,170,250" step="2"/><V120/><F120/><W121/><G121/><T19/><D44/><U54/><E54/><V100/><F89/><W13/><G5/><T63/><D42/><U80/><E80/><V70/><F70/><W69/><G69/><T128/><D128/><U103/><E103/><V7/><F7/><W17/><AGARI ba="0,1" hai="13,14,15,17,23,24,52,58,62,101,102,132,133,134" machi="17" ten="40,5200,0" yaku="0,1,20,1,54,1" doraHai="47" who="3" fromWho="3" sc="250,-13,320,-26,170,-13,250,62" /><INIT seed="2,0,0,2,2,64" ten="237,294,157,312" oya="2" hai0="59,128,66,87,112,130,79,1,129,44,63,72,53" hai1="38,11,101,69,120,94,110,18,70,106,118,7,99" hai2="35,58,49,14,88,34,109,23,5,74,96,43,76" hai3="127,61,93,98,36,81,0,85,17,41,121,77,80"/><V62/><F74/><W133/><G121/><T10/><D72/><U107/><E118/><V46/><F76/><W116/><G0/><T67/><D112/><U124/><E38/><V24/><F109/><W48/><G36/><T54/><D79/><U68/><E110/><V57/><F5/><W56/><G116/><T82/><D87/><U8/><E120/><V108/><F108/><W125/><G133/><T100/><D100/><U75/><E75/><V90/><F14/><W73/><G17/><T86/><D86/><U111/><E111/><V104/><F104/><W102/><G41/><T131/><D82/><U78/><E124/><N who="3" m="47690" /><G48/><N who="0" m="28807" /><D10/><U65/><E65/><N who="0" m="24585" /><D1/><U55/><E78/><V103/><F35/><W122/><G122/><T92/><N who="0" m="32768" /><DORA hai="45" /><T119/><D92/><U22/><E55/><V26/><F34/><W97/><G81/><T29/><D29/><U50/><E50/><N who="2" m="26975" /><F103/><W21/><G102/><T123/><D123/><U12/><REACH who="1" step="1"/><E11/><REACH who="1" ten="237,284,157,312" step="2"/><V28/><F26/><AGARI ba="0,1" hai="7,8,12,18,22,26,68,69,70,94,99,101,106,107" machi="26" ten="40,12000,2" yaku="1,1,2,1,52,3,53,1" doraHai="64,45" doraHaiUra="42,95" who="1" fromWho="2" sc="237,0,284,130,157,-120,312,0" /><INIT seed="3,0,0,4,0,43" ten="237,414,37,312" oya="3" hai0="70,71,10,46,4,30,11,36,66,112,55,57,125" hai1="2,101,126,123,38,72,107,82,97,40,83,34,121" hai2="109,53,56,124,130,50,23,108,0,41,58,104,17" hai3="3,49,93,19,129,45,1,20,114,33,15,37,63"/><W64/><G114/><T115/><D30/><U65/><E34/><V103/><F0/><W106/><G106/><T75/><D75/><U117/><E126/><V96/><F124/><W47/><G33/><T135/><D10/><U77/><E117/><V59/><F130/><W52/><G129/><T113/><D125/><U28/><E28/><V128/><F41/><W69/><G37/><T7/><D135/><U54/><E54/><V39/><F39/><W119/><G119/><T99/><D99/><U134/><E134/><V26/><REACH who="2" step="1"/><F128/><REACH who="2" ten="237,414,27,312" step="2"/><W116/><G116/><T86/><D36/><U110/><E110/><AGARI ba="0,1" hai="17,23,26,50,53,56,58,59,96,103,104,108,109,110" machi="110" ten="40,8000,1" yaku="1,1,2,1,14,1,53,1" doraHai="43" doraHaiUra="94" who="2" fromWho="1" sc="237,0,414,-80,27,90,312,0" owari="237,-16.3,334,43.4,117,-38.3,312,11.2" /></mjloggm>