<mjloggm ver="2.3"><GO type="225" lobby="0"/><UN n0="%46%6F%72%41%79" n1="%E7%B4%94%E6%BD%94%E3%83%94%E3%83%A9%E3%83%8B%E3%82%A2" n2="%E3%81%BF%E3%81%BF%E3%81%9A" n3="%E3%81%A8%E3%82%93%E3%81%A8%E3%81%93%E3%81%A8%E3%82%93" dan="16,16,16,16" rate="2091.14,2147.47,2113.89,2183.13" sx="M,M,M,F"/><TAIKYOKU oya="0"/><INIT seed="0,0,0,5,3,64" ten="250,250,250,250" oya="0" hai0="32,62,36,85,130,67,76,58,38,40,101,80,0" hai1="115,103,12,89,60,25,104,126,125,46,68,37,13" hai2="105,11,129,113,57,6,107,98,49,117,102,82,34" hai3="97,28,16,48,128,43,79,26,93,59,112,50,74"/><T8/><D32/><U45/><E115/><V19/><F113/><W90/><G112/><T20/><D130/><U56/><E103/><V53/><F34/><W96/><G128/><T119/><D119/><U88/><E104/><V63/><F129/><W70/><G74/><T133/><D133/><U91/><E25/><V14/><F117/><W86/><G70/><T73/><D101/><U134/><E134/><V44/><F82/><W30/><G50/><T109/><D109/><U23/><E68/><V1/><F107/><W17/><G30/><T2/><D20/><U92/><E92/><V110/><F110/><W15/><G79/><T65/><D65/><U18/><E13/><V100/><F100/><W31/><G17/><T135/><D135/><U114/><E114/><V21/><REACH who="2" step="1"/><F63/><REACH who="2" ten="250,250,240,250" step="2"/><W72/><G72/><T27/><D80/><U52/><REACH who="1" step="1"/><E37/><REACH who="1" ten="250,240,240,250" step="2"/><V84/><F84/><W69/><G86/><T54/><D85/><U39/><E39/><V116/><F116/><W99/><G99/><T95/><D38/><U9/><E9/><V94/><F94/><W42/><G97/><T106/><D95/><U81/><E81/><V78/><F78/><W127/><G93/><T10/><D106/><U55/><E55/><V24/><F24/><W121/><G26/><T71/><D27/><U124/><AGARI ba="0,2" hai="12,18,23,45,46,52,56,60,88,89,91,124,125,126" machi="124" ten="40,8000,1" yaku="1,1,0,1,18,1,54,2,53,0" doraHai="64" doraHaiUra="7" who="1" fromWho="1" sc="250,-40,240,100,240,-20,250,-20" /><INIT seed="1,0,0,0,2,68" ten="210,340,220,230" oya="1" hai0="1,23,42,3,29,69,56,22,94,129,80,102,122" hai1="24,72,119,45,114,71,62,89,43,115,134,14,96" hai2="111,100,70,85,117,116,78,104,15,26,30,82,46" hai3="130,73,8,105,121,50,98,79,86,61,11,110,127"/><U76/><E119/><V18/><F70/><W47/><G121/><T54/><D69/><U0/><E0/><V128/><F111/><W34/><G34/><T2/><D122/><U20/><E134/><V106/><F128/><W101/><G73/><T59/><D42/><U66/><E14/><V84/><F46/><W10/><G127/><T120/><D120/><U31/><E89/><V57/><F57/><W39/><G110/><T27/><D80/><U81/><REACH who="1" step="1"/><E96/><REACH who="1" ten="210,330,220,230" step="2"/><V113/><F117/><W109/><G109/><T52/><D129/><U75/><E75/><V16/><F116/><W108/><G108/><T48/><D102/><U83/><E83/><V60/><F100/><W131/><G131/><T6/><D1/><U53/><E53/><V107/><F85/><W7/><G98/><T112/><D2/><U90/><E90/><V33/><F113/><W118/><G130/><T126/><D112/><U38/><AGARI ba="0,1" hai="20,24,31,38,43,45,62,66,71,72,76,81,114,115" machi="38" ten="20,7800,0" yaku="1,1,0,1,7,1,52,1,53,0" doraHai="68" doraHaiUra="55" who="1" fromWho="1" sc="210,-26,330,88,220,-26,230,-26" /><INIT seed="1,1,0,1,5,35" ten="184,418,194,204" oya="1" hai0="40,79,60,107,84,45,101,22,23,9,82,123,135" hai1="5,61,75,18,47,2,86,53,0,134,113,78,26" hai2="109,37,104,64,132,34,74,36,83,102,1,111,57" hai3="71,20,68,42,126,89,14,120,96,27,49,6,25"/><U44/><E75/><V125/><F34/><W65/><G120/><T116/><D123/><U73/><E73/><V55/><F64/><W133/><G133/><T41/><D135/><U97/><E113/><V70/><F132/><W19/><G126/><T11/><D116/><U43/><E134/><V91/><F70/><W110/><G110/><N who="2" m="41993" /><F125/><W21/><G65/><T131/><D107/><U10/><E2/><V117/><F117/><W7/><G68/><T48/><D101/><U103/><E43/><V46/><F46/><N who="3" m="25815" /><G71/><T8/><D131/><U29/><E18/><V119/><F119/><W128/><G128/><T69/><D69/><U100/><E53/><V32/><F32/><W4/><G21/><T106/><D106/><U115/><E115/><V88/><F1/><W81/><G96/><T3/><D41/><U95/><E47/><V80/><F102/><W114/><G114/><T127/><D127/><U33/><E44/><V98/><F104/><W38/><G38/><N who="2" m="14953" /><F98/><W24/><G81/><N who="2" m="31305" /><F74/><W99/><G99/><T72/><D3/><U121/><E100/><V56/><F55/><W51/><G51/><T28/><D72/><U76/><E86/><V39/><N who="2" m="14961" /><V17/><DORA hai="122" /><F17/><W16/><G89/><AGARI ba="1,0" hai="56,57,88,89,91" m="31305,14961,41993" machi="89" ten="50,12000,2" yaku="28,2,14,1,52,3,54,1" doraHai="35,122" who="2" fromWho="3" sc="184,0,418,0,194,123,204,-123" /><INIT seed="2,0,0,5,4,15" ten="184,418,317,81" oya="2" hai0="37,54,63,113,70,19,33,100,23,101,4,86,131" hai1="97,108,82,118,55,43,68,56,60,51,41,133,129" hai2="13,61,47,79,36,34,9,30,18,87,77,10,66" hai3="90,2,39,93,14,20,64,44,134,109,81,71,50"/><V125/><F125/><W0/><G39/><T89/><D37/><U117/><E108/><V49/><F36/><W67/><G109/><T75/><D75/><U121/><E121/><V22/><F34/><W24/><G134/><T76/><D33/><U95/><E133/><V98/><F98/><W32/><G32/><T96/><D4/><U127/><E127/><V35/><F35/><W99/><G14/><T78/><D113/><U42/><E129/><V26/><F9/><W111/><G111/><T135/><D131/><U74/><E74/><V17/><F30/><W132/><G132/><T16/><D70/><U3/><E82/><V115/><F87/><W119/><G119/><T46/><D23/><U123/><E3/><V5/><F5/><W102/><G71/><T7/><D7/><U25/><E25/><V28/><F28/><W103/><G0/><T1/><D1/><U128/><E123/><V72/><F72/><W88/><G2/><T126/><D126/><U107/><E107/><V31/><F31/><W45/><G81/><T40/><D40/><U122/><E122/><V21/><F10/><W105/><G105/><T116/><D116/><U85/><E85/><V80/><F80/><W69/><G69/><T6/><D86/><U52/><E68/><V65/><F115/><W58/><G20/><T84/><D84/><U104/><E104/><V92/><F92/><W120/><G93/><N who="0" m="56367" /><D135/><U29/><E128/><V62/><F79/><N who="0" m="30250" /><D6/><U27/><E95/><V106/><F77/><W12/><G120/><T130/><D130/><U59/><E97/><V53/><F106/><RYUUKYOKU ba="0,0" sc="184,-15,418,15,317,15,81,-15" hai1="27,29,41,42,43,51,52,55,56,59,60,117,118" hai2="13,17,18,21,22,26,47,49,53,61,62,65,66" /><INIT seed="2,1,0,3,4,134" ten="169,433,332,66" oya="2" hai0="125,41,12,35,133,4,118,53,86,20,31,85,126" hai1="103,5,38,95,34,104,6,71,60,81,99,25,108" hai2="102,58,68,29,44,33,105,2,45,132,135,14,3" hai3="121,0,19,49,66,89,82,116,52,87,72,79,97"/><V16/><F68/><W90/><G116/><T7/><D118/><U88/><E38/><V117/><F117/><W21/><G121/><T130/><D41/><U37/><E37/><V75/><F75/><W62/><G0/><N who="2" m="41" /><F58/><W30/><G30/><T112/><D133/><N who="2" m="51274" /><F102/><W101/><G72/><T26/><D112/><U106/><E106/><V73/><F105/><W48/><G48/><T23/><D53/><U8/><E81/><V67/><F67/><W91/><G62/><T54/><D54/><U15/><E108/><V24/><F73/><W92/><G66/><T13/><D130/><U22/><E60/><V124/><F124/><N who="0" m="47722" /><D86/><U55/><E55/><V40/><F40/><W76/><G76/><T10/><D85/><U56/><E56/><V110/><F110/><W59/><REACH who="3" step="1"/><G79/><REACH who="3" ten="169,433,332,56" step="2"/><T63/><D63/><U47/><E71/><V127/><F127/><W122/><G122/><T9/><AGARI ba="1,1" hai="4,7,9,10,12,13,20,23,26,31,35" m="47722" machi="9" ten="30,12000,2" yaku="18,1,34,2,52,3" doraHai="134" who="0" fromWho="0" sc="169,133,433,-31,332,-61,56,-31" /><INIT seed="3,0,0,4,3,91" ten="302,402,271,25" oya="3" hai0="18,94,37,120,31,67,1,85,78,129,102,134,80" hai1="82,95,49,14,53,97,58,24,35,127,34,126,51" hai2="125,32,119,59,75,99,93,107,57,84,39,74,54" hai3="130,131,83,63,114,64,118,4,38,88,20,79,108"/><W101/><G38/><T9/><D120/><U16/><E82/><V22/><F119/><W65/><G114/><T29/><D134/><U68/><E51/><V8/><F32/><W41/><G118/><T105/><D37/><U96/><E68/><V106/><F39/><W81/><G41/><T56/><D105/><U13/><E96/><V43/><F43/><W50/><G101/><T115/><D129/><N who="3" m="49161" /><G108/><T47/><D47/><U87/><E87/><V7/><F125/><N who="1" m="47625" /><E24/><V36/><F36/><W33/><G33/><N who="1" m="12298" /><E16/><V117/><F117/><W48/><G4/><T21/><D67/><N who="3" m="25673" /><G63/><T5/><D102/><AGARI ba="0,0" hai="13,14,49,53,58,95,97,102" m="12298,47625" machi="102" ten="30,2000,0" yaku="18,1,52,1" doraHai="91" who="1" fromWho="0" sc="302,-20,402,20,271,0,25,0" owari="282,8.2,422,52.2,271,-12.9,25,-47.5" /></mjloggm>