<mjloggm ver="2.3"><GO type="225" lobby="0"/><UN n0="%E3%82%B2%E3%82%B9%E8%8C%82%E5%8B%9D" n1="%77%72%77%72%77%72%77%72" n2="%E3%83%97%E3%83%AC%E3%83%B4%E3%82%A1%E3%83%86%E3%82%A3" n3="%E9%87%8E%E3%80%85%E5%AE%AE%E8%97%8D" dan="16,16,16,16" rate="2092.69,2241.97,2087.47,2187.66" sx="F,M,F,F"/><TAIKYOKU oya="0"/><INIT seed="0,0,0,0,4,74" ten="250,250,250,250" oya="0" hai0="66,99,96,33,52,7,27,131,6,108,119,120,107" hai1="15,103,117,24,98,123,126,31,102,9,59,127,10" hai2="0,73,38,56,26,32,5,133,90,101,48,135,41" hai3="80,111,14,75,87,68,106,100,110,11,21,76,39"/><T20/><D119/><U105/><E117/><V89/><F101/><W57/><G68/><T13/><D120/><U130/><E123/><V94/><F73/><W16/><G39/><T125/><D131/><U69/><E69/><V50/><F38/><W78/><G100/><T61/><D125/><N who="1" m="47627" /><E130/><V29/><F0/><W81/><G106/><T23/><D33/><U64/><E102/><V114/><F114/><W67/><REACH who="3" step="1"/><G11/><REACH who="3" ten="250,250,250,240" step="2"/><N who="0" m="4343" /><D107/><U128/><E128/><V51/><F41/><W17/><G17/><N who="0" m="12687" /><D108/><U132/><E9/><V4/><F56/><W88/><G88/><N who="2" m="33897" /><F94/><W40/><G40/><T47/><D7/><U82/><E103/><V116/><F116/><W112/><G112/><T104/><D104/><U36/><E36/><V12/><F4/><W118/><G118/><T44/><D96/><U3/><E98/><V42/><F42/><W79/><G79/><T62/><D99/><U65/><E59/><V43/><F43/><W30/><G30/><T92/><D92/><U1/><E31/><V85/><F5/><W113/><G113/><T97/><D97/><U72/><E105/><V83/><F29/><W25/><G25/><T34/><D34/><U55/><E24/><V60/><F26/><W2/><G2/><T35/><D35/><U109/><E1/><V37/><F32/><W84/><G84/><T134/><D23/><U77/><E3/><V49/><F37/><W124/><G124/><T8/><D8/><U22/><E109/><V71/><F12/><W28/><G28/><T121/><D121/><U54/><E15/><V115/><N who="2" m="12288" /><DORA hai="19" /><V46/><F115/><RYUUKYOKU ba="0,1" sc="250,-10,250,-10,250,-10,240,30" hai3="14,16,21,57,67,75,76,78,80,81,87,110,111" /><INIT seed="1,1,1,5,5,42" ten="240,240,240,270" oya="1" hai0="135,0,56,133,8,109,90,24,79,68,89,81,10" hai1="111,106,105,67,49,69,63,96,38,93,123,125,5" hai2="85,44,20,43,72,83,120,94,80,122,29,127,84" hai3="37,51,12,34,113,39,98,22,18,4,130,45,2"/><U103/><E123/><V23/><F127/><W86/><G113/><T60/><D68/><U97/><E38/><V114/><F72/><W66/><G130/><T15/><D0/><U50/><E125/><V78/><F114/><W54/><G66/><T101/><D101/><U87/><E5/><V70/><F70/><W95/><G86/><T27/><D109/><U58/><E111/><V74/><F74/><W1/><G34/><T7/><D8/><U121/><E121/><V16/><F94/><W33/><G33/><T46/><D46/><U82/><E69/><V119/><F119/><W99/><G99/><T47/><D47/><U36/><E36/><V112/><F112/><W91/><REACH who="3" step="1"/><G1/><REACH who="3" ten="240,240,240,260" step="2"/><T76/><D133/><U104/><REACH who="1" step="1"/><E97/><REACH who="1" ten="240,230,240,260" step="2"/><V92/><F122/><W62/><G62/><T128/><D135/><U115/><E115/><V132/><F120/><W131/><G131/><T32/><D128/><U53/><E53/><V6/><F132/><W75/><G75/><T59/><D60/><U11/><E11/><AGARI ba="1,3" hai="2,4,11,12,18,22,37,39,45,51,54,91,95,98" machi="11" ten="40,5200,0" yaku="1,1,52,1,53,1" doraHai="42" doraHaiUra="40" who="3" fromWho="1" sc="240,0,230,-55,240,0,260,85" /><INIT seed="2,0,0,1,4,97" ten="240,175,240,345" oya="2" hai0="119,36,96,85,33,81,1,35,3,5,89,20,45" hai1="83,111,103,84,72,13,95,61,31,127,43,92,17" hai2="29,122,27,104,41,53,74,24,0,124,108,76,37" hai3="52,86,54,67,65,11,107,114,25,69,77,113,126"/><V39/><F122/><W57/><G107/><T12/><D119/><U117/><E117/><V26/><F104/><W129/><G69/><T123/><D123/><U62/><E72/><V51/><F0/><W115/><G126/><T133/><D1/><U56/><E127/><V15/><F124/><W21/><G11/><T130/><D133/><U34/><E111/><V93/><F108/><W8/><G8/><T132/><D132/><U6/><E43/><V38/><F41/><W55/><G129/><T109/><D109/><U2/><E6/><V59/><F15/><W134/><G57/><T105/><D130/><U9/><E2/><V78/><F74/><W18/><G134/><T118/><D118/><U125/><E125/><V49/><F29/><W121/><G121/><T80/><D3/><U40/><E40/><V112/><F112/><W135/><G135/><T94/><D105/><U99/><E92/><V106/><F106/><W128/><G128/><T19/><D5/><U60/><E31/><V98/><REACH who="2" step="1"/><F49/><REACH who="2" ten="240,175,230,345" step="2"/><W48/><G48/><T82/><D33/><U50/><E34/><V7/><F7/><W75/><G75/><T42/><D35/><U101/><E50/><V79/><F79/><AGARI ba="0,1" hai="12,19,20,36,42,45,79,80,81,82,85,89,94,96" machi="79" ten="30,1000,0" yaku="7,1" doraHai="97" who="0" fromWho="2" sc="240,20,175,0,230,-10,345,0" /><INIT seed="3,0,0,1,5,113" ten="260,175,220,345" oya="3" hai0="125,4,27,3,41,92,22,97,60,100,21,81,32" hai1="53,52,108,99,126,2,9,127,112,45,44,58,40" hai2="66,119,10,134,95,106,63,129,61,20,68,50,14" hai3="115,31,19,94,37,103,72,13,15,24,131,70,84"/><W54/><G72/><T110/><D125/><N who="1" m="47627" /><E99/><V74/><F106/><W135/><G70/><T123/><D123/><U79/><E79/><V6/><F74/><W59/><G37/><T23/><D110/><U96/><E96/><V29/><F129/><W122/><G122/><T67/><D41/><U102/><E102/><V49/><F134/><W118/><G135/><T5/><D3/><U73/><E73/><V1/><F63/><W128/><G115/><T16/><D81/><U7/><E9/><V64/><F64/><W36/><G103/><T46/><D46/><U105/><E105/><V26/><F95/><W75/><G75/><T132/><D132/><U98/><E98/><V116/><F49/><W30/><G84/><T104/><D92/><U69/><E7/><V35/><F50/><W133/><G94/><T48/><D5/><U80/><E80/><V101/><F101/><W93/><G93/><T34/><D4/><U76/><E76/><V86/><F86/><W8/><G133/><T25/><D32/><U43/><E2/><V0/><F0/><W57/><G8/><T78/><D78/><U47/><E112/><V87/><F87/><W38/><G38/><T18/><D34/><U90/><E90/><V85/><F85/><W117/><G36/><T28/><D28/><U65/><E108/><V42/><F42/><N who="1" m="15913" /><E69/><V88/><F88/><W89/><G89/><T124/><D124/><U77/><E77/><V39/><F39/><W71/><G71/><T120/><D104/><U107/><E107/><V109/><F109/><W55/><G31/><T33/><D100/><RYUUKYOKU ba="0,0" sc="260,-15,175,15,220,15,345,-15" hai1="44,45,47,52,53,58,65" hai2="1,6,10,14,20,26,29,35,61,66,68,116,119" owari="245,4.5,190,-31.0,235,-16.5,330,43.0" /></mjloggm>