<mjloggm ver="2.3"><GO type="225" lobby="0"/><UN n0="%6D%75%75%73%61%6E%6D%75" n1="%E6%A1%9C%E8%8A%B1%E9%96%83%E3%80%85" n2="%E5%84%AA%40%41%42%43" n3="%E3%81%86%E3%81%A9%E3%82%93%E3%81%93" dan="16,16,17,16" rate="2071.04,2216.64,2157.11,2144.00" sx="F,M,M,M"/><TAIKYOKU oya="0"/><INIT seed="0,0,0,0,4,91" ten="250,250,250,250" oya="0" hai0="98,2,83,93,117,131,53,60,110,94,7,22,42" hai1="124,130,24,11,109,63,108,3,127,80,45,134,96" hai2="14,70,79,95,121,86,116,20,34,13,50,77,71" hai3="36,75,97,114,5,49,78,115,28,15,52,25,111"/><T27/><D117/><U26/><E63/><V8/><F34/><W1/><G36/><T125/><D125/><N who="1" m="48203" /><E45/><V122/><F86/><W92/><G1/><T0/><D131/><U66/><E66/><V103/><F20/><W113/><G111/><N who="1" m="42570" /><E80/><V128/><F8/><W100/><G15/><T4/><D110/><U133/><E96/><V76/><F103/><W118/><G5/><N who="0" m="2123" /><D42/><U55/><E55/><V47/><F47/><W16/><G118/><T38/><D38/><U37/><E37/><V58/><F58/><W85/><G75/><T120/><D120/><U18/><E130/><V87/><F50/><W135/><G135/><N who="1" m="51722" /><E3/><V119/><F77/><W72/><G72/><T12/><D2/><U32/><E32/><V6/><F87/><W9/><G85/><T43/><D0/><U59/><E59/><V74/><F74/><W126/><G78/><T88/><D43/><U23/><E11/><V67/><F128/><W65/><G65/><T105/><D105/><U10/><E10/><V89/><F89/><W84/><G84/><N who="0" m="50207" /><D53/><U106/><E26/><V82/><F67/><W104/><G104/><AGARI ba="0,0" hai="18,23,24,104,106" m="51722,42570,48203" machi="104" ten="40,5200,0" yaku="18,1,14,1,20,1" doraHai="91" who="1" fromWho="3" sc="250,0,250,52,250,0,250,-52" /><INIT seed="1,0,0,1,3,50" ten="250,302,250,198" oya="1" hai0="25,62,110,65,27,84,39,121,68,13,51,78,11" hai1="40,133,32,23,2,30,15,111,97,35,24,46,69" hai2="5,131,113,128,99,130,9,1,88,100,29,116,26" hai3="22,127,90,10,31,118,123,41,92,108,107,101,72"/><U61/><E133/><V57/><F116/><W21/><G123/><T66/><D39/><U48/><E2/><V79/><F113/><W38/><G72/><T28/><D121/><U89/><E111/><V47/><F79/><W93/><G108/><T34/><D110/><U64/><REACH who="1" step="1"/><E15/><REACH who="1" ten="250,292,250,198" step="2"/><V16/><F130/><W4/><G118/><T76/><D13/><U112/><E112/><V67/><F131/><W70/><G127/><T53/><D25/><U135/><E135/><V106/><F128/><W94/><G70/><T73/><D27/><U83/><E83/><V117/><F117/><W95/><G101/><T7/><D28/><U54/><E54/><V6/><F1/><W85/><G107/><T49/><D53/><U103/><E103/><V12/><F100/><W102/><G102/><T3/><D3/><U126/><E126/><V82/><F106/><W119/><G119/><T0/><D0/><U42/><E42/><V86/><F29/><W81/><G31/><T98/><D66/><U45/><E45/><V36/><F26/><W56/><N who="3" m="23552" /><DORA hai="115" /><W71/><G71/><T52/><D65/><U122/><E122/><V104/><F104/><W132/><G132/><T120/><D68/><U17/><E17/><V129/><F129/><W59/><G59/><T33/><D120/><U19/><E19/><V20/><F99/><W87/><G56/><T80/><D98/><U124/><E124/><V75/><F57/><W105/><G105/><T58/><D58/><U134/><E134/><V60/><F67/><W8/><G41/><T109/><D109/><U44/><E44/><RYUUKYOKU ba="0,1" sc="250,-10,292,30,250,-10,198,-10" hai1="23,24,30,32,35,40,46,48,61,64,69,89,97" /><INIT seed="1,1,1,1,4,125" ten="240,322,240,188" oya="1" hai0="90,17,36,1,124,133,60,130,116,29,86,127,56" hai1="10,33,2,88,20,54,21,96,53,40,123,61,6" hai2="67,89,120,79,31,11,43,65,32,7,95,51,16" hai3="44,62,30,135,38,94,12,113,71,131,35,134,3"/><U118/><E118/><V126/><F120/><W37/><G3/><T27/><D116/><U87/><E123/><V129/><F126/><W82/><G113/><T63/><D36/><U114/><E114/><V39/><F39/><W121/><G121/><T111/><D1/><U101/><E33/><V117/><F79/><W47/><G82/><T4/><D4/><U76/><E40/><V100/><F100/><W110/><G30/><T64/><D111/><U128/><E128/><V108/><F31/><W132/><G35/><T91/><D133/><N who="3" m="34049" /><W66/><DORA hai="68" /><G110/><T55/><D17/><U84/><E84/><V75/><F75/><W50/><G131/><T18/><D18/><U104/><E76/><V13/><F32/><W5/><G47/><T85/><D130/><U15/><E61/><V80/><F80/><W119/><G119/><T70/><D124/><U72/><E72/><V93/><F108/><W112/><G112/><T59/><D127/><U23/><REACH who="1" step="1"/><E2/><REACH who="1" ten="240,312,240,188" step="2"/><V98/><F129/><W106/><G106/><T24/><D60/><U26/><E26/><V83/><F117/><W74/><G74/><T34/><D27/><U97/><E97/><V45/><F83/><AGARI ba="1,2" hai="6,10,15,20,21,23,53,54,83,87,88,96,101,104" machi="83" ten="40,3900,0" yaku="1,1,54,1,53,0" doraHai="125,68" doraHaiUra="107,109" who="1" fromWho="2" sc="240,0,312,62,240,-42,188,0" /><INIT seed="1,2,0,4,2,54" ten="240,374,198,188" oya="1" hai0="77,96,24,109,60,71,13,131,16,45,84,76,66" hai1="116,29,68,14,65,22,81,47,120,85,46,20,53" hai2="25,130,37,83,127,36,67,0,95,135,124,93,57" hai3="122,100,105,103,121,94,28,123,4,42,132,30,125"/><U74/><E116/><V35/><F0/><W38/><G105/><T56/><D109/><U129/><E120/><V40/><F83/><W82/><G125/><N who="2" m="48201" /><F130/><W51/><G38/><N who="2" m="14953" /><F40/><W79/><G132/><T112/><D112/><U11/><E74/><V86/><F86/><W15/><G30/><T75/><D75/><U1/><E1/><V102/><F102/><W107/><G28/><T10/><D131/><U114/><E114/><V18/><F135/><W6/><G94/><N who="2" m="35849" /><F35/><W50/><G42/><T101/><D84/><U21/><E129/><V49/><F49/><W33/><G33/><T61/><D76/><U8/><E29/><V23/><F67/><W5/><G15/><T17/><D77/><U113/><E113/><V108/><F108/><W99/><REACH who="3" step="1"/><G103/><REACH who="3" ten="240,374,198,178" step="2"/><T133/><D133/><U87/><E14/><V52/><F25/><W7/><N who="3" m="1024" /><DORA hai="59" /><W69/><G69/><T97/><D24/><U34/><E68/><V92/><F92/><W43/><G43/><T128/><D101/><U9/><E34/><V88/><F18/><W117/><G117/><T12/><D128/><U19/><E19/><V91/><F23/><W115/><G115/><T3/><D3/><U64/><E21/><V72/><F72/><AGARI ba="2,1" hai="50,51,72,79,82,99,100,107,121,122,123" m="1024" machi="72" ten="60,8000,1" yaku="1,1,53,3" doraHai="54,59" doraHaiUra="48,118" who="3" fromWho="2" sc="240,0,374,0,198,-86,178,96" /><INIT seed="2,0,0,1,4,95" ten="240,374,112,274" oya="2" hai0="27,121,122,29,127,107,87,97,46,88,68,42,99" hai1="43,82,36,4,116,77,54,34,7,37,132,100,103" hai2="69,52,123,18,26,1,114,2,109,8,64,72,10" hai3="106,115,59,78,135,66,21,13,125,11,30,60,75"/><V31/><F114/><W113/><G106/><T16/><D68/><U61/><E34/><V112/><F112/><N who="3" m="43083" /><G135/><T62/><D62/><U110/><E110/><V89/><F123/><W19/><G125/><T65/><D65/><U73/><E116/><V79/><F109/><W45/><G45/><T96/><D107/><U128/><E128/><V134/><F134/><W33/><G33/><T32/><D16/><U28/><E28/><V40/><F40/><W24/><G78/><T130/><D130/><U104/><E103/><V5/><F79/><W17/><G75/><T56/><D56/><U90/><E90/><V98/><F72/><W6/><AGARI ba="0,0" hai="6,11,13,17,19,21,24,30,59,60,66" m="43083" machi="6" ten="30,1100,0" yaku="11,1" doraHai="95" who="3" fromWho="3" sc="240,-3,374,-3,112,-5,274,11" /><INIT seed="3,0,0,2,4,7" ten="237,371,107,285" oya="3" hai0="26,87,8,94,19,72,50,59,51,84,6,36,43" hai1="114,2,10,105,58,89,118,128,85,96,1,91,52" hai2="54,106,38,66,44,123,42,34,90,39,32,41,67" hai3="77,108,21,102,27,24,99,61,132,56,33,130,129"/><W12/><G132/><T111/><D72/><U71/><E114/><V40/><F106/><W31/><G77/><T74/><D74/><U113/><E113/><V117/><F117/><W126/><G126/><T82/><D111/><U3/><E71/><V104/><F104/><W13/><G108/><T45/><D26/><U48/><E128/><N who="3" m="49258" /><G99/><T22/><D94/><U55/><E118/><V53/><F90/><W47/><G47/><T76/><D84/><U116/><E116/><V23/><F23/><W112/><G102/><T37/><D37/><N who="2" m="13834" /><F32/><W46/><G46/><T115/><D115/><U80/><E55/><N who="2" m="21003" /><F34/><W100/><G100/><T122/><D22/><U83/><E10/><V25/><F25/><W109/><G109/><T20/><D20/><U18/><E18/><V125/><F125/><W103/><G103/><T28/><D19/><U86/><E105/><V107/><F107/><W79/><G79/><T78/><D78/><U121/><E96/><V60/><F123/><AGARI ba="0,0" hai="1,2,3,48,52,58,80,83,85,86,89,91,121,123" machi="123" ten="40,2600,0" yaku="9,1,54,1" doraHai="7" who="1" fromWho="2" sc="237,0,371,26,107,-26,285,0" owari="237,-16.3,397,49.7,81,-41.9,285,8.5" /></mjloggm>