<mjloggm ver="2.3"><GO type="225" lobby="0"/><UN n0="%E3%80%90%E8%92%BC%E7%90%89%E3%80%91" n1="%73%6C%69%63%6B%33%31%39" n2="%72%61%6B%33" n3="%E3%81%86%E3%83%BC%E3%81%B1%E3%83%BC" dan="16,16,17,17" rate="2145.77,2118.52,2149.88,2159.30" sx="F,M,M,M"/><TAIKYOKU oya="0"/><INIT seed="0,0,0,1,2,5" ten="250,250,250,250" oya="0" hai0="108,77,70,62,119,105,67,58,131,16,128,13,130" hai1="114,22,32,68,81,28,15,134,57,66,54,8,9" hai2="100,129,48,122,39,21,127,73,117,64,55,89,126" hai3="78,35,18,113,99,124,118,98,1,95,75,80,34"/><T112/><D112/><U30/><E32/><V90/><F122/><W61/><G113/><T2/><D2/><U59/><E114/><V93/><F39/><W91/><G118/><T135/><D119/><U69/><E134/><V3/><F117/><W107/><G124/><T26/><D105/><U88/><E68/><V86/><F73/><W79/><G78/><T83/><D135/><U51/><E69/><V10/><F129/><W121/><G121/><T85/><D108/><U40/><E40/><V11/><F64/><W92/><G107/><T76/><D26/><N who="1" m="16471" /><E15/><V42/><F42/><W111/><G111/><T102/><D102/><U120/><E30/><V6/><F100/><W0/><G18/><T123/><D123/><U106/><E106/><V94/><F21/><W74/><G61/><T96/><D96/><U110/><E110/><V82/><F10/><N who="1" m="4201" /><E120/><V72/><F72/><W37/><G37/><T36/><D36/><U65/><E59/><V45/><REACH who="2" step="1"/><F82/><REACH who="2" ten="250,250,240,250" step="2"/><W71/><G75/><T47/><D70/><U27/><E27/><V41/><F41/><W23/><G71/><T103/><D103/><U56/><E56/><V38/><F38/><W25/><G35/><T84/><D47/><U132/><E132/><V14/><F14/><W104/><G34/><T33/><D33/><U115/><E115/><V53/><F53/><W87/><G74/><T50/><D128/><U31/><E31/><V12/><F12/><W19/><G104/><T4/><D130/><U133/><E133/><V52/><F52/><W101/><AGARI ba="0,1" hai="0,1,19,23,25,79,80,87,91,92,95,98,99,101" machi="101" ten="20,1500,0" yaku="0,1,7,1" doraHai="5" who="3" fromWho="3" sc="250,-7,250,-4,240,-4,250,25" /><INIT seed="1,0,0,3,5,110" ten="243,246,236,275" oya="1" hai0="26,125,35,71,102,80,15,3,0,66,21,85,119" hai1="116,55,2,75,22,70,123,98,42,7,73,127,128" hai2="29,38,100,106,122,17,87,4,34,133,45,61,124" hai3="120,37,23,60,46,52,86,93,94,90,14,64,103"/><U67/><E116/><V82/><F122/><W32/><G32/><T109/><D119/><U76/><E123/><V99/><F124/><W68/><G120/><T10/><D109/><U89/><E127/><V104/><F133/><W40/><G103/><T74/><D74/><U117/><E117/><V77/><F4/><W50/><G23/><T24/><D125/><U91/><E42/><V30/><F106/><W84/><G14/><T118/><D118/><U107/><E128/><V47/><F38/><W131/><G131/><T79/><D102/><U59/><E67/><V51/><F45/><W132/><G132/><T1/><D35/><U43/><E43/><V6/><F6/><W8/><G8/><T88/><D79/><U105/><E70/><V13/><F61/><W81/><REACH who="3" step="1"/><G86/><REACH who="3" ten="243,246,236,265" step="2"/><T48/><D21/><U69/><E22/><V39/><F34/><W33/><G33/><T130/><D130/><U12/><E12/><V28/><F100/><W101/><G101/><T108/><D108/><U135/><E135/><V53/><F104/><W54/><G54/><T83/><D15/><U36/><E107/><V18/><F99/><W97/><G97/><T44/><D10/><U5/><E98/><V20/><F17/><W129/><G129/><T96/><D96/><U16/><E16/><V19/><F18/><W72/><G72/><T126/><D126/><U134/><E105/><V114/><F39/><W58/><AGARI ba="0,1" hai="37,40,46,50,52,58,60,64,68,81,84,90,93,94" machi="58" ten="20,12000,2" yaku="1,1,0,1,7,1,24,2,54,1,53,0" doraHai="110" doraHaiUra="121" who="3" fromWho="3" sc="243,-30,246,-60,236,-30,265,130" /><INIT seed="2,0,0,5,3,21" ten="213,186,206,395" oya="2" hai0="45,76,134,20,123,84,102,42,48,97,100,68,9" hai1="18,77,8,112,32,83,14,53,132,98,114,103,33" hai2="19,70,31,44,110,104,78,101,16,39,94,111,54" hai3="63,29,49,52,6,71,47,133,129,65,109,25,28"/><V13/><F70/><W22/><G109/><N who="2" m="41481" /><F104/><W57/><G133/><T81/><D68/><U35/><E132/><V24/><F78/><W0/><G129/><T130/><D123/><U17/><E53/><V82/><F82/><W23/><G0/><T88/><D134/><U119/><E119/><V122/><F122/><W90/><G6/><T108/><D108/><U59/><E59/><V2/><F2/><W4/><G4/><T36/><D130/><U93/><REACH who="1" step="1"/><E17/><REACH who="1" ten="213,176,206,395" step="2"/><V1/><F1/><W58/><G57/><T46/><D9/><U89/><E89/><V128/><F128/><W99/><G71/><T116/><D116/><U5/><E5/><V85/><F13/><W127/><G58/><T121/><D121/><U55/><E55/><V95/><F54/><W64/><G52/><T30/><D76/><U41/><E41/><N who="2" m="22591" /><F101/><W105/><G90/><T38/><D102/><U135/><E135/><V131/><F131/><W66/><G65/><T51/><D45/><U96/><E96/><V34/><F95/><W27/><G66/><T115/><D97/><U124/><E124/><V75/><F75/><AGARI ba="0,1" hai="8,14,18,32,33,35,75,77,83,93,98,103,112,114" machi="75" ten="40,2600,0" yaku="1,1,53,1" doraHai="21" doraHaiUra="73" who="1" fromWho="2" sc="213,0,176,36,206,-26,395,0" /><INIT seed="3,0,0,5,1,13" ten="213,212,180,395" oya="3" hai0="27,104,131,3,30,127,109,47,132,42,77,14,133" hai1="51,41,40,6,110,45,128,79,86,64,66,16,54" hai2="80,67,20,120,113,2,4,37,129,123,12,22,87" hai3="10,78,73,88,35,124,70,116,74,56,50,19,23"/><W102/><G70/><T125/><D3/><U95/><E110/><V0/><F37/><W52/><G35/><N who="0" m="20959" /><D104/><U72/><E72/><V103/><F103/><W112/><G124/><N who="0" m="47691" /><D109/><U108/><E108/><V83/><F67/><N who="1" m="25641" /><E6/><V82/><F113/><W118/><G116/><T62/><D131/><U100/><E128/><V101/><F129/><W11/><G50/><N who="0" m="26999" /><D77/><U7/><E7/><V21/><F101/><W71/><G74/><T59/><D14/><U46/><E46/><V18/><F87/><W8/><G11/><T61/><D61/><U76/><E100/><V98/><F98/><W68/><G23/><T93/><D93/><U43/><E95/><V32/><F32/><W92/><G56/><T24/><D24/><U115/><E115/><V53/><F53/><AGARI ba="0,0" hai="53,59,62,132,133" m="26999,47691,20959" machi="53" ten="30,1000,0" yaku="18,1" doraHai="13" who="0" fromWho="2" sc="213,10,212,0,180,-10,395,0" owari="223,2.3,212,-18.8,170,-33.0,395,49.5" /></mjloggm>