<mjloggm ver="2.3"><GO type="225" lobby="0"/><UN n0="%61%6D%65%6B%69" n1="%EF%BC%94%36" n2="%E3%82%B7%E3%83%A5%E3%83%9E%E3%82%A4%E3%82%B1%E3%83%AB" n3="%4D%6F%6E%61%6E%61" dan="16,16,16,16" rate="2073.25,2040.25,2155.38,2111.48" sx="M,M,M,F"/><TAIKYOKU oya="0"/><INIT seed="0,0,0,3,4,104" ten="250,250,250,250" oya="0" hai0="90,35,89,42,72,52,73,36,67,3,81,26,32" hai1="15,100,62,14,99,47,43,58,50,106,22,123,133" hai2="56,88,54,13,10,111,74,93,109,82,34,83,108" hai3="71,48,87,44,127,85,120,102,118,20,84,80,75"/><T33/><D3/><U77/><E123/><V30/><F30/><W27/><G118/><T86/><D67/><U16/><E133/><V11/><F34/><W61/><G127/><T46/><D26/><U117/><E117/><V68/><F68/><W79/><G120/><T112/><D112/><U49/><E77/><N who="2" m="44343" /><F83/><W124/><G102/><T76/><D90/><U5/><E5/><V25/><F25/><W40/><G124/><T53/><REACH who="0" step="1"/><D73/><REACH who="0" ten="240,250,250,250" step="2"/><U66/><REACH who="1" step="1"/><E14/><REACH who="1" ten="240,240,250,250" step="2"/><V94/><F13/><W24/><G27/><T51/><D51/><AGARI ba="0,2" hai="15,16,22,43,47,49,50,51,58,62,66,99,100,106" machi="51" ten="30,8000,1" yaku="1,1,2,1,7,1,54,1,53,1" doraHai="104" doraHaiUra="18" who="1" fromWho="0" sc="240,-80,240,100,250,0,250,0" /><INIT seed="1,0,0,4,2,112" ten="160,340,250,250" oya="1" hai0="25,37,77,134,107,23,4,109,97,61,69,27,90" hai1="70,52,106,94,82,35,30,114,115,41,18,123,58" hai2="53,49,92,86,34,96,113,118,110,62,32,50,102" hai3="65,48,9,31,67,36,124,85,78,5,29,20,101"/><U24/><BYE who="2" /><E123/><V38/><F38/><W129/><G129/><T75/><D37/><U39/><E106/><V19/><F19/><W72/><G124/><T59/><D109/><U103/><E70/><V6/><F6/><W100/><G72/><UN n2="%E3%82%B7%E3%83%A5%E3%83%9E%E3%82%A4%E3%82%B1%E3%83%AB" /><T74/><D134/><U26/><E82/><V56/><F118/><W64/><G36/><T120/><D120/><U135/><E135/><V128/><F110/><W43/><G20/><T12/><D69/><U93/><E41/><V116/><F113/><W132/><G132/><T40/><D40/><U28/><E39/><V105/><F116/><W66/><N who="3" m="16384" /><DORA hai="63" /><W1/><G78/><T0/><D77/><U133/><E18/><V10/><F10/><W15/><G85/><T14/><D0/><U108/><E108/><V11/><F11/><W131/><G1/><T122/><D23/><U2/><E2/><V119/><F119/><W89/><G89/><T126/><D90/><U76/><E76/><V79/><F128/><W83/><G83/><T17/><D17/><U111/><E111/><V87/><F87/><W3/><G3/><T16/><D16/><U13/><E133/><V54/><F62/><W81/><G81/><T95/><D61/><U71/><E71/><V21/><F21/><W46/><G131/><T7/><D122/><U84/><E84/><V125/><F125/><W60/><G60/><T117/><D126/><U22/><E115/><V98/><F79/><W42/><G42/><T47/><D117/><U104/><E114/><V44/><F86/><W51/><G51/><T127/><D127/><U88/><E22/><RYUUKYOKU ba="0,0" sc="160,-15,340,-15,250,15,250,15" hai2="32,34,44,49,50,53,54,56,92,96,98,102,105" hai3="5,9,15,29,31,43,46,48,100,101" /><INIT seed="2,1,0,0,1,132" ten="145,325,265,265" oya="2" hai0="1,29,87,75,103,6,126,5,69,83,128,109,123" hai1="26,77,78,97,47,16,33,81,35,23,101,7,15" hai2="91,106,84,30,108,56,110,111,124,121,14,76,118" hai3="58,105,36,93,65,99,18,32,28,20,8,49,85"/><V129/><F118/><W74/><G36/><T125/><D123/><U60/><E78/><V24/><F121/><W122/><G74/><T50/><D75/><U96/><E97/><V12/><F106/><W9/><G122/><T86/><D128/><U120/><E120/><V57/><F76/><W31/><G105/><T116/><D116/><U102/><E101/><V66/><F129/><W90/><G32/><T55/><D69/><U11/><E47/><V130/><F130/><W34/><G34/><T62/><D109/><U131/><E60/><V4/><F124/><N who="0" m="47722" /><D103/><U88/><E88/><V27/><F4/><N who="0" m="1642" /><D1/><U134/><E131/><V94/><F27/><W100/><G100/><T117/><D117/><U3/><E3/><V17/><F66/><W52/><G65/><T95/><D29/><N who="3" m="11337" /><G99/><T68/><D95/><U0/><E0/><V92/><F94/><W13/><AGARI ba="1,0" hai="8,9,13,18,20,49,52,58,85,90,93" m="11337" machi="13" ten="30,4000,0" yaku="25,1,8,1,54,1" doraHai="132" who="3" fromWho="3" sc="145,-11,325,-11,265,-21,265,43" /><INIT seed="3,0,0,2,4,111" ten="134,314,244,308" oya="3" hai0="93,72,74,24,22,23,40,41,115,89,92,19,12" hai1="34,133,4,32,90,15,9,91,49,130,123,128,43" hai2="82,50,0,18,17,8,38,99,60,75,105,124,13" hai3="86,84,132,100,6,42,76,120,33,71,97,85,20"/><W106/><G71/><T10/><D24/><U16/><E123/><V45/><F38/><W118/><G120/><T81/><D81/><U94/><E133/><V21/><F124/><W44/><G33/><T129/><D129/><N who="1" m="49771" /><E91/><V27/><F0/><W56/><G118/><T117/><D117/><U36/><E36/><V29/><F105/><W109/><G109/><T68/><D68/><U116/><E116/><V134/><F134/><W54/><G132/><T26/><D26/><U95/><E94/><V122/><F122/><W113/><G6/><T131/><D131/><U51/><E4/><V61/><F99/><W110/><G110/><T46/><D89/><U53/><E43/><V112/><F112/><W135/><G135/><T104/><D104/><U1/><E1/><V108/><F108/><W67/><G67/><T87/><D87/><N who="1" m="52703" /><E51/><V37/><F37/><W3/><G113/><T73/><D115/><U52/><E53/><V14/><F82/><W2/><G76/><T125/><D125/><U48/><E49/><V103/><F103/><W58/><G3/><T79/><D79/><U102/><E102/><V66/><F66/><W119/><G2/><T55/><D55/><U30/><E30/><V65/><F65/><W126/><G119/><T31/><D31/><U39/><E39/><V25/><F75/><W5/><G126/><T47/><D93/><U35/><E32/><V11/><REACH who="2" step="1"/><F27/><REACH who="2" ten="134,314,234,308" step="2"/><W77/><G106/><T127/><D127/><U64/><E64/><V101/><F101/><W98/><G100/><T83/><D83/><U80/><E80/><V62/><F62/><RYUUKYOKU ba="0,1" sc="134,-15,314,15,234,15,308,-15" hai1="9,15,16,34,35,48,52" hai2="8,11,13,14,17,18,21,25,29,45,50,60,61" owari="119,-38.1,339,43.9,249,-15.1,293,9.3" /></mjloggm>