<mjloggm ver="2.3"><GO type="225" lobby="0"/><UN n0="%E3%82%A2%E3%83%BC%E3%83%A2%E3%83%AD%E3%83%BC%E3%83%B4%E3%82%A1" n1="%E6%B8%A9%E2%98%85%E6%83%85%E2%98%85%E6%8E%AA%E2%98%85%E7%BD%AE" n2="%E3%81%99%E3%81%84%E3%81%BE%E3%81%9B%E3%83%BC%E3%82%93" n3="%48%61%61%61%6C%61%6E%64" dan="16,17,17,18" rate="2148.31,2223.47,2229.34,2303.69" sx="M,M,M,M"/><TAIKYOKU oya="0"/><INIT seed="0,0,0,5,4,25" ten="250,250,250,250" oya="0" hai0="75,91,21,127,38,2,92,126,3,101,104,114,120" hai1="135,68,121,10,72,94,52,51,119,26,109,23,118" hai2="43,12,81,66,31,19,100,69,57,41,133,14,99" hai3="84,18,132,7,78,24,105,112,40,67,54,95,129"/><T117/><D114/><U70/><E121/><V49/><F133/><W44/><G112/><T8/><D120/><U71/><E135/><V123/><F123/><W39/><G132/><T27/><D117/><U102/><E72/><V61/><F81/><W87/><G105/><T50/><D38/><U83/><E83/><V128/><F128/><W122/><G122/><T6/><D75/><U108/><E10/><V53/><F31/><W55/><G129/><T9/><D50/><U130/><E130/><V76/><F76/><W131/><G131/><T60/><D60/><U1/><E1/><V124/><F124/><N who="0" m="47658" /><D101/><U20/><E20/><V115/><F115/><W90/><G67/><T111/><D104/><U5/><E5/><V113/><F113/><W11/><G78/><T34/><D34/><U96/><E118/><V77/><F77/><W80/><G39/><T47/><D47/><U88/><E102/><V106/><REACH who="2" step="1"/><F12/><REACH who="2" ten="250,250,240,250" step="2"/><W28/><G80/><T93/><D2/><U46/><REACH who="1" step="1"/><E119/><REACH who="1" ten="250,240,240,250" step="2"/><V86/><F86/><W42/><G84/><T4/><D3/><U17/><AGARI ba="0,2" hai="17,23,26,46,51,52,68,70,71,88,94,96,108,109" machi="17" ten="40,8000,1" yaku="1,1,2,1,0,1,54,2,53,0" doraHai="25" doraHaiUra="125" who="1" fromWho="1" sc="250,-40,240,100,240,-20,250,-20" /><INIT seed="1,0,0,1,0,37" ten="210,340,220,230" oya="1" hai0="18,27,127,114,11,94,29,128,31,88,63,34,77" hai1="107,80,42,14,81,104,15,85,40,3,33,65,24" hai2="41,21,112,99,23,133,101,50,103,45,106,58,28" hai3="79,96,19,98,10,134,67,32,54,48,132,30,122"/><U43/><E3/><V89/><F133/><N who="3" m="51307" /><G122/><T116/><D114/><U68/><E68/><V52/><F112/><W59/><G79/><T82/><D116/><U78/><E65/><V90/><F103/><W84/><G84/><T74/><D127/><U86/><E33/><V39/><REACH who="2" step="1"/><F21/><REACH who="2" ten="210,340,210,230" step="2"/><W121/><G121/><T91/><D128/><U83/><E107/><V95/><F95/><W0/><G32/><T57/><D94/><U119/><E104/><V4/><F4/><N who="3" m="1287" /><G30/><T131/><D31/><U53/><E119/><V113/><F113/><W2/><G19/><T105/><D131/><U26/><E83/><V97/><F97/><W7/><G7/><T64/><REACH who="0" step="1"/><D105/><REACH who="0" ten="200,340,210,230" step="2"/><U46/><E81/><V70/><F70/><W9/><G96/><T125/><D125/><U124/><E124/><V71/><F71/><W111/><G98/><T102/><D102/><U117/><E117/><V8/><F8/><W118/><G118/><T72/><D72/><U87/><E80/><V22/><F22/><W6/><G111/><T108/><D108/><U25/><E78/><V115/><F115/><W20/><G20/><T109/><D109/><U51/><AGARI ba="0,2" hai="14,15,24,25,26,40,42,43,46,51,53,85,86,87" machi="51" ten="40,18000,2" yaku="0,1,29,2,8,1,52,3" doraHai="37" who="1" fromWho="1" sc="200,-60,340,200,210,-60,230,-60" /><INIT seed="1,1,0,3,2,14" ten="140,540,150,170" oya="1" hai0="73,69,36,126,110,81,93,0,104,23,41,112,125" hai1="37,76,49,59,101,133,61,39,83,48,57,99,80" hai2="33,96,115,60,114,109,72,2,97,21,107,20,130" hai3="89,127,118,74,10,70,87,25,47,55,106,22,122"/><U28/><E133/><V123/><F123/><W50/><G122/><T40/><D112/><N who="2" m="43050" /><F33/><W43/><G74/><T16/><D104/><U129/><E129/><V35/><F35/><W134/><G134/><T65/><D110/><U84/><E28/><V53/><F2/><W85/><G127/><N who="0" m="48651" /><D0/><U24/><E24/><V9/><F109/><W100/><G118/><T58/><D69/><U29/><E29/><V68/><F72/><W26/><G70/><T15/><D93/><U88/><E39/><V46/><F130/><W3/><G106/><T8/><D36/><U52/><E37/><V34/><F34/><W116/><G116/><T13/><D81/><U95/><REACH who="1" step="1"/><E59/><REACH who="1" ten="140,530,150,170" step="2"/><N who="2" m="34927" /><F68/><W79/><G26/><T4/><D73/><AGARI ba="1,1" hai="48,49,52,57,61,73,76,80,83,84,88,95,99,101" machi="73" ten="30,18000,2" yaku="1,1,7,1,54,2,53,2" doraHai="14" doraHaiUra="78" who="1" fromWho="0" sc="140,-183,530,193,150,0,170,0" owari="-43,-54.3,723,82.3,150,-25.0,170,-3.0" /></mjloggm>