<mjloggm ver="2.3"><GO type="225" lobby="0"/><UN n0="%74%61%6B%75%61%6B%61" n1="%61%67%65%48%61" n2="%48%61%61%61%6C%61%6E%64" n3="%E3%81%8B%E3%82%8F%E3%81%A1%E3%82%83%E3%82%93%35%38" dan="17,16,17,16" rate="2265.92,2059.76,2162.67,2134.46" sx="M,M,M,M"/><TAIKYOKU oya="0"/><INIT seed="0,0,0,5,1,66" ten="250,250,250,250" oya="0" hai0="93,112,76,130,120,26,61,83,9,91,49,92,109" hai1="34,5,1,128,14,123,89,44,11,113,64,118,100" hai2="30,79,12,19,7,48,107,97,20,69,99,125,50" hai3="67,115,78,77,6,46,22,25,131,114,90,117,31"/><T55/><D120/><U105/><E118/><V108/><F108/><W57/><G117/><T63/><D112/><U60/><E123/><V104/><F125/><W16/><G115/><T135/><D130/><U4/><E113/><V56/><F69/><W28/><G114/><T121/><D121/><U45/><E128/><V38/><F38/><W29/><G131/><T74/><D135/><U35/><E89/><V98/><F79/><N who="3" m="30219" /><G6/><T3/><D109/><U33/><E5/><V124/><F124/><W71/><G71/><T126/><D126/><U101/><E1/><V68/><F68/><W23/><G46/><T18/><D3/><U52/><E105/><V15/><F30/><W47/><G47/><T85/><D93/><U24/><E24/><V13/><F7/><W88/><G23/><T81/><D92/><U134/><E134/><V51/><REACH who="2" step="1"/><F56/><REACH who="2" ten="250,250,240,250" step="2"/><W0/><G0/><T73/><D73/><U2/><E4/><V106/><AGARI ba="0,1" hai="12,13,15,19,20,48,50,51,97,98,99,104,106,107" machi="106" ten="40,8000,1" yaku="1,1,2,1,0,1,29,2,53,0" doraHai="66" doraHaiUra="27" who="2" fromWho="2" sc="250,-40,250,-20,240,90,250,-20" /><INIT seed="1,0,0,0,3,13" ten="210,230,330,230" oya="1" hai0="5,59,135,123,10,85,76,118,9,67,48,16,78" hai1="77,93,131,38,121,44,17,120,18,134,58,74,8" hai2="91,40,128,88,70,53,129,61,32,60,37,24,110" hai3="30,132,72,56,39,49,133,6,68,29,80,62,26"/><U82/><E134/><N who="3" m="51818" /><G39/><T73/><D118/><U66/><E131/><N who="2" m="50251" /><F110/><W4/><G49/><T87/><D135/><U102/><E8/><N who="0" m="3177" /><D5/><N who="3" m="2153" /><G68/><T41/><D73/><U15/><E15/><V20/><F32/><W107/><G107/><T122/><D41/><U35/><E35/><V126/><F126/><W25/><G80/><T127/><D127/><U47/><E93/><V83/><F83/><W57/><G72/><T103/><D103/><U96/><E58/><N who="3" m="22634" /><G62/><N who="2" m="24169" /><F70/><W50/><G50/><T109/><D48/><U92/><E38/><V19/><F53/><W100/><G100/><T71/><D71/><U3/><E121/><N who="0" m="46089" /><D59/><U90/><E120/><V54/><F54/><W97/><G97/><T34/><D34/><U112/><E96/><V86/><F86/><N who="0" m="32778" /><D67/><U64/><E66/><V55/><F55/><W108/><G108/><T51/><D51/><U98/><E64/><V89/><F37/><W101/><G101/><T119/><D109/><U27/><E102/><V79/><F40/><W84/><G84/><T104/><D104/><U124/><E74/><V115/><F79/><N who="0" m="30250" /><D119/><U11/><E124/><V95/><F95/><W1/><G1/><T28/><D28/><AGARI ba="0,0" hai="25,26,28,29,30" m="22634,2153,51818" machi="28" ten="30,3900,0" yaku="28,2,20,1" doraHai="13" who="3" fromWho="0" sc="210,-39,230,0,330,0,230,39" /><INIT seed="2,0,0,4,1,102" ten="171,230,330,269" oya="2" hai0="125,117,48,133,96,14,94,71,129,106,112,55,51" hai1="30,100,38,47,18,34,65,120,79,124,50,31,88" hai2="97,43,74,10,21,123,104,121,109,45,118,16,58" hai3="131,39,113,80,5,28,60,22,3,17,108,77,72"/><V132/><F118/><W52/><G39/><T36/><D112/><U37/><E79/><V78/><F132/><W83/><G28/><T135/><D36/><U19/><E100/><V12/><F109/><W46/><G108/><T13/><D71/><U89/><E65/><V87/><F74/><W85/><G131/><T23/><D129/><U20/><E20/><V35/><F35/><W126/><G126/><T130/><D130/><U57/><E57/><V99/><F58/><W91/><G113/><T66/><D66/><U115/><E115/><V116/><F116/><W84/><G3/><T75/><D75/><U2/><E50/><N who="2" m="26943" /><F104/><W44/><G5/><T103/><D125/><U32/><E124/><V6/><F123/><W26/><G72/><T41/><D117/><U40/><E47/><V49/><F49/><W15/><G26/><T105/><D41/><U90/><E40/><V119/><F121/><W56/><AGARI ba="0,0" hai="15,17,22,44,46,52,56,60,77,80,83,84,85,91" machi="56" ten="30,4000,0" yaku="0,1,8,1,54,1" doraHai="102" who="3" fromWho="3" sc="171,-10,230,-10,330,-20,269,40" /><INIT seed="3,0,0,3,2,4" ten="161,220,310,309" oya="3" hai0="48,38,81,30,66,23,74,93,99,50,124,34,57" hai1="101,10,58,106,26,9,19,86,129,123,47,32,53" hai2="117,15,35,109,11,113,43,28,111,42,91,122,69" hai3="24,104,62,0,33,12,114,126,100,39,133,135,112"/><W90/><G126/><T31/><D38/><U44/><E123/><V40/><F113/><N who="3" m="43627" /><G39/><T5/><D34/><U72/><E129/><V92/><F117/><W6/><G12/><T65/><D124/><U55/><E72/><V79/><F69/><W77/><G90/><T67/><D74/><U14/><E32/><V37/><F79/><W84/><G62/><T51/><D81/><U121/><E121/><V25/><F37/><W54/><G54/><T7/><D57/><U125/><E125/><V105/><F105/><W108/><G108/><N who="2" m="41545" /><F122/><W16/><G16/><T46/><D46/><U29/><E29/><V20/><F35/><W85/><G77/><T94/><D23/><U128/><E128/><V21/><F21/><W27/><G85/><T95/><D99/><U107/><E86/><N who="2" m="52343" /><F40/><W59/><G84/><T13/><D13/><U8/><E107/><V70/><F70/><W82/><G82/><T98/><D98/><U116/><E106/><V134/><F134/><N who="3" m="51211" /><G59/><T97/><D97/><U132/><E132/><V22/><F22/><W83/><G83/><T1/><D1/><U78/><E78/><V110/><F110/><W119/><G119/><T18/><D18/><AGARI ba="0,0" hai="11,15,18,20,25,28,42,43" m="52343,41545" machi="18" ten="30,2000,0" yaku="14,1,52,1" doraHai="4" who="2" fromWho="0" sc="161,-20,220,0,310,20,309,0" owari="141,-35.9,220,-18.0,330,43.0,309,10.9" /></mjloggm>