<mjloggm ver="2.3"><GO type="225" lobby="0"/><UN n0="%E3%82%B2%E3%82%B9%E8%8C%82%E5%8B%9D" n1="%E6%98%BC%E4%B8%8B%E3%81%8C%E3%82%8A%E3%81%AE%E5%9B%A3%E5%9C%B0%E5%A6%BB" n2="%E9%B3%B3%E6%9D%B1%E3%81%AE%E3%81%86%E3%81%95%E3%81%8E%E3%81%95%E3%82%93" n3="%E3%81%8B%E3%82%8F%E3%81%A1%E3%82%83%E3%82%93%35%38" dan="16,16,17,16" rate="2101.01,2139.33,2229.94,2144.19" sx="F,F,M,M"/><TAIKYOKU oya="0"/><INIT seed="0,0,0,5,0,99" ten="250,250,250,250" oya="0" hai0="39,36,50,14,23,55,13,101,2,38,103,93,10" hai1="58,41,128,72,119,53,108,67,89,42,29,65,123" hai2="56,51,57,48,83,135,75,46,44,112,21,131,7" hai3="129,17,45,6,124,61,115,85,60,114,8,15,107"/><T52/><D2/><U110/><E119/><V96/><F112/><W82/><G107/><T104/><D104/><U111/><E123/><V97/><F131/><W19/><G129/><T49/><D23/><U47/><E128/><V74/><F135/><W26/><G124/><T81/><D81/><U35/><E72/><V90/><F21/><W64/><G45/><T73/><D73/><U105/><E105/><V3/><F83/><W127/><G127/><T132/><D93/><U94/><E29/><V126/><F126/><W37/><G37/><T63/><D63/><N who="1" m="36303" /><E35/><V30/><F30/><W80/><G80/><T5/><D132/><U9/><E9/><V116/><F90/><W40/><G61/><T117/><D117/><U1/><E1/><V66/><F3/><W133/><G40/><N who="1" m="15466" /><E47/><V22/><F22/><N who="3" m="13647" /><G6/><T125/><D125/><U33/><E33/><V70/><F7/><W95/><G95/><T113/><D113/><U62/><E62/><V102/><F116/><W79/><G133/><T43/><D43/><U98/><AGARI ba="0,0" hai="65,67,89,94,98,108,110,111" m="15466,36303" machi="98" ten="40,1500,0" yaku="14,1" doraHai="99" who="1" fromWho="1" sc="250,-7,250,15,250,-4,250,-4" /><INIT seed="1,0,0,4,3,18" ten="243,265,246,246" oya="1" hai0="37,20,22,110,35,67,12,8,3,19,21,78,86" hai1="113,46,65,51,73,125,55,59,2,30,76,130,89" hai2="91,93,45,84,118,95,116,82,77,23,57,58,7" hai3="26,43,106,0,127,36,133,75,48,1,11,34,54"/><U40/><E113/><V4/><F45/><N who="3" m="23783" /><G54/><T14/><D35/><U129/><E2/><V122/><F122/><W13/><G48/><T83/><D3/><U62/><E125/><V99/><F116/><W41/><G41/><T29/><D37/><U114/><E114/><V17/><F118/><W105/><G13/><T81/><D110/><U53/><E89/><V61/><F93/><W25/><G25/><N who="0" m="16551" /><D67/><U31/><E76/><V9/><F9/><W102/><G0/><T56/><D56/><U126/><E73/><V112/><F112/><W134/><G75/><T50/><D50/><U128/><E126/><V28/><F28/><AGARI ba="0,0" hai="28,30,31,40,46,51,53,55,59,62,65,128,129,130" machi="28" ten="40,2000,0" yaku="19,1" doraHai="18" who="1" fromWho="2" sc="243,0,265,20,246,-20,246,0" /><INIT seed="1,1,0,2,5,63" ten="243,285,226,246" oya="1" hai0="95,36,61,45,97,2,89,120,69,84,122,128,94" hai1="49,102,100,31,85,19,11,55,126,10,3,22,113" hai2="56,43,121,27,5,47,123,73,26,71,8,83,117" hai3="6,134,46,92,48,1,112,110,38,60,20,7,74"/><U70/><E113/><V34/><F56/><W124/><G112/><T88/><D2/><U130/><E130/><V65/><F117/><W50/><G74/><T12/><D128/><U57/><E126/><V116/><F116/><W40/><G124/><T78/><D78/><U32/><E70/><V82/><F82/><W16/><G110/><T80/><D80/><U39/><E39/><N who="2" m="22015" /><F27/><W13/><G134/><T133/><D133/><U103/><E3/><N who="2" m="63" /><F26/><W109/><G109/><T131/><D131/><U91/><E32/><V28/><F28/><W75/><G75/><T35/><D35/><U79/><E31/><V33/><F123/><W99/><G60/><T30/><D30/><U41/><E41/><V114/><F121/><W77/><G77/><T115/><D115/><U21/><E79/><N who="2" m="44527" /><F114/><W101/><REACH who="3" step="1"/><G7/><REACH who="3" ten="243,285,226,236" step="2"/><T9/><D120/><U93/><REACH who="1" step="1"/><E22/><REACH who="1" ten="243,275,226,236" step="2"/><V119/><F119/><W105/><G105/><T76/><D122/><U81/><E81/><V54/><F34/><W68/><G68/><T98/><D76/><U106/><E106/><V14/><F71/><W125/><G125/><T64/><D69/><U51/><E51/><V0/><F33/><W44/><G44/><T24/><D45/><U132/><E132/><V104/><F104/><W42/><G42/><T86/><D36/><U59/><E59/><V66/><F0/><W67/><G67/><T111/><D111/><U129/><E129/><V52/><F65/><W62/><G62/><T18/><D64/><U118/><E118/><V72/><F66/><W127/><G127/><T37/><D61/><U25/><AGARI ba="1,2" hai="10,11,19,21,25,49,55,57,85,91,93,100,102,103" machi="25" ten="30,12000,1" yaku="1,1,5,1,0,1,8,1,53,1" doraHai="63" doraHaiUra="15" who="1" fromWho="1" sc="243,-41,275,143,226,-41,236,-41" /><INIT seed="1,2,0,1,0,1" ten="202,418,185,195" oya="1" hai0="126,122,72,120,5,127,113,105,16,21,108,100,114" hai1="132,111,129,60,22,82,49,32,8,85,67,83,9" hai2="130,0,59,77,71,57,68,65,40,112,14,47,115" hai3="43,90,135,74,79,94,53,134,123,117,3,80,50"/><U2/><E32/><V116/><F0/><W81/><G123/><N who="0" m="47147" /><D72/><U89/><E129/><V30/><F30/><W52/><G3/><T7/><D100/><U106/><E106/><V101/><F101/><W99/><G117/><T96/><D96/><U12/><E132/><N who="3" m="50730" /><G81/><T27/><D105/><U61/><E111/><V63/><F77/><W13/><G13/><T78/><D78/><U70/><E61/><N who="2" m="38079" /><F14/><W103/><G103/><T97/><D97/><U92/><E49/><N who="2" m="26855" /><F130/><W37/><G37/><T26/><D108/><U44/><E44/><AGARI ba="2,0" hai="43,44,50,52,53,74,79,80,90,94,99" m="50730" machi="44" ten="30,2000,0" yaku="20,1,54,1" doraHai="1" who="3" fromWho="1" sc="202,0,418,-26,185,0,195,26" /><INIT seed="2,0,0,1,5,75" ten="202,392,185,221" oya="2" hai0="98,66,34,70,1,74,13,110,27,108,59,131,3" hai1="53,68,18,130,90,93,25,104,7,31,65,88,50" hai2="135,56,87,122,19,96,36,21,92,46,115,17,11" hai3="30,73,86,62,123,111,100,82,61,69,5,80,28"/><V105/><F115/><W84/><G123/><T39/><D131/><U133/><E104/><V35/><F122/><W22/><G73/><T33/><D39/><U97/><E130/><V54/><F35/><W43/><G43/><T101/><D59/><U2/><E133/><V71/><F71/><W119/><G119/><T99/><D13/><U8/><E18/><V118/><F118/><W41/><G41/><T23/><D74/><U95/><E65/><V63/><F135/><W109/><G22/><T32/><D23/><U126/><E126/><V134/><F134/><W15/><G15/><T120/><D120/><U40/><E40/><V45/><F36/><W57/><G5/><T10/><D27/><U24/><E31/><V9/><F105/><W4/><G4/><N who="0" m="1295" /><D3/><U51/><E68/><V38/><F87/><W6/><G6/><T102/><D98/><U42/><E42/><V64/><F38/><W47/><G57/><T0/><D0/><U78/><E51/><N who="2" m="29047" /><F45/><W132/><G132/><T14/><D14/><U52/><E53/><V60/><F60/><W67/><G47/><T91/><D91/><U49/><E49/><V83/><F83/><W85/><G62/><N who="0" m="40279" /><D102/><U121/><E121/><V129/><F129/><W114/><G100/><T125/><D125/><U77/><E50/><V128/><F128/><W58/><G69/><T106/><AGARI ba="0,0" hai="32,33,34,99,101,106,108,110" m="40279,1295" machi="106" ten="40,1500,0" yaku="23,1" doraHai="75" who="0" fromWho="0" sc="202,15,392,-4,185,-7,221,-4" /><INIT seed="3,0,0,5,0,17" ten="217,388,178,217" oya="3" hai0="39,103,125,97,57,79,37,41,131,6,60,61,42" hai1="115,36,3,95,88,117,92,132,14,77,35,135,9" hai2="93,89,65,91,10,123,33,108,124,122,119,2,112" hai3="68,106,19,120,24,45,100,34,86,73,16,80,15"/><W51/><G120/><N who="2" m="46121" /><F65/><W70/><G73/><T118/><D118/><U75/><E35/><V116/><F33/><W74/><G74/><T11/><D125/><U129/><E3/><V107/><F10/><W99/><G24/><T38/><D79/><U87/><E36/><V90/><F2/><W5/><G5/><T133/><D131/><U49/><E95/><V78/><F124/><W83/><G19/><T27/><D27/><U53/><E115/><V81/><F112/><W40/><G34/><T20/><D20/><U105/><E105/><V50/><F50/><W29/><G29/><T62/><D57/><U69/><E69/><V12/><F12/><W102/><G102/><T127/><D127/><U64/><E64/><V82/><F107/><W32/><G32/><T71/><D133/><U44/><E129/><V26/><F26/><W111/><G111/><T67/><D67/><U63/><E63/><V94/><F108/><W31/><G31/><T121/><D71/><U8/><E117/><N who="2" m="45131" /><F81/><W134/><G83/><T13/><D121/><U85/><E75/><AGARI ba="0,0" hai="75,78,82,89,90,91,93,94" m="45131,46121" machi="75" ten="40,5200,0" yaku="13,1,34,2" doraHai="17" who="2" fromWho="1" sc="217,0,388,-52,178,52,217,0" owari="217,-18.3,336,43.6,230,3.0,217,-28.3" /></mjloggm>