<mjloggm ver="2.3"><GO type="225" lobby="0"/><UN n0="%E5%8D%A0%E3%81%84%E5%B8%AB%E8%A3%8F%E3%81%AA%E3%81%84%E3%81%97" n1="%E5%B8%86%E7%AB%8B%E5%A4%8F%E8%A1%A3" n2="%E3%83%A9%E3%83%BC%E3%83%A1%E3%83%B3%E4%BA%94%E9%83%8E" n3="%E3%83%A9%E3%82%A4%E3%83%B3%E3%81%AE%E8%99%8E" dan="17,17,16,16" rate="2200.31,2162.54,2143.12,2142.00" sx="M,M,M,M"/><TAIKYOKU oya="0"/><INIT seed="0,0,0,0,3,88" ten="250,250,250,250" oya="0" hai0="20,68,81,21,97,30,90,127,85,79,116,80,134" hai1="106,62,36,43,15,64,3,93,28,114,39,5,59" hai2="95,13,77,103,1,105,48,12,83,73,130,26,109" hai3="32,51,132,98,54,133,11,38,14,27,55,47,24"/><T56/><D68/><U16/><E106/><V6/><F109/><W91/><G38/><T115/><D115/><U111/><E114/><V71/><F71/><W44/><G32/><T122/><D116/><U89/><E111/><V8/><F130/><W35/><G35/><T128/><D122/><U67/><E28/><V34/><F105/><W23/><G54/><T96/><D134/><N who="3" m="51817" /><G47/><T0/><D0/><U19/><E67/><V50/><F50/><W60/><G60/><T40/><D127/><U18/><E3/><V2/><F2/><W113/><G113/><T92/><D128/><U63/><E63/><V33/><F48/><W110/><G23/><T41/><D20/><U74/><E74/><V31/><REACH who="2" step="1"/><F34/><REACH who="2" ten="250,250,240,250" step="2"/><W70/><G70/><T135/><D135/><U58/><E39/><V49/><F49/><W45/><G45/><T131/><D131/><U10/><E36/><V100/><F100/><W86/><G110/><T76/><D56/><N who="1" m="36935" /><E43/><V46/><F46/><W84/><G44/><T124/><D124/><U82/><E82/><V120/><F120/><W52/><G51/><T112/><D112/><U108/><E108/><V123/><F123/><W119/><G119/><T57/><D57/><U25/><E25/><V78/><F78/><W61/><G27/><N who="0" m="16751" /><D40/><U102/><E102/><V121/><F121/><W7/><G24/><T126/><D41/><U37/><E37/><V29/><F29/><W17/><G61/><T107/><D126/><U75/><E75/><V9/><F9/><W53/><G7/><T118/><D118/><U72/><E72/><V69/><F69/><RYUUKYOKU ba="0,1" sc="250,-30,250,10,240,10,250,10" hai1="5,10,15,16,18,19,58,59,89,93" hai2="1,6,8,12,13,26,31,33,73,77,83,95,103" hai3="11,14,17,52,53,55,84,86,91,98" /><INIT seed="1,1,1,4,3,38" ten="220,260,250,260" oya="1" hai0="47,92,118,64,28,83,132,17,16,91,33,103,29" hai1="108,48,20,95,116,79,81,69,129,105,34,55,37" hai2="19,27,54,127,99,124,94,89,72,2,110,62,134" hai3="52,109,76,3,120,46,122,78,42,51,11,126,75"/><U117/><E105/><V121/><F121/><W66/><G109/><T35/><D118/><U86/><E34/><V85/><F110/><W112/><G112/><T82/><D132/><U30/><E108/><V131/><F134/><W50/><G66/><T90/><D64/><U7/><E69/><V77/><F2/><W10/><G126/><N who="2" m="48169" /><F131/><W18/><G18/><N who="0" m="7275" /><D47/><U49/><E37/><V128/><F72/><W14/><G14/><T25/><D25/><U102/><E129/><V123/><F123/><W8/><G3/><T93/><D103/><U96/><E7/><V133/><F133/><W74/><G120/><T104/><D104/><U39/><E39/><V115/><F115/><W130/><G130/><T4/><D4/><U41/><E30/><N who="0" m="11881" /><D33/><U9/><E9/><V107/><F128/><W44/><REACH who="3" step="1"/><G122/><REACH who="3" ten="220,260,250,250" step="2"/><T60/><D35/><U135/><E135/><V31/><F19/><W32/><G32/><T43/><D60/><U68/><E68/><V70/><F70/><W0/><G0/><T15/><D15/><U24/><E24/><V59/><F27/><W98/><G98/><N who="0" m="57623" /><D43/><U114/><E114/><V87/><F31/><W84/><G84/><AGARI ba="1,2" hai="82,83,84,91,93" m="57623,11881,7275" machi="84" ten="30,2000,0" yaku="8,1,54,1" doraHai="38" who="0" fromWho="3" sc="220,43,260,0,250,0,250,-23" /><INIT seed="2,0,0,1,3,42" ten="263,260,250,227" oya="2" hai0="83,25,0,49,88,113,55,106,123,20,111,78,24" hai1="132,62,93,134,87,11,96,56,46,58,104,57,7" hai2="22,129,39,131,92,15,85,31,52,19,76,45,65" hai3="103,124,122,64,77,60,14,4,82,125,43,9,48"/><V89/><F65/><W44/><G103/><T112/><D123/><U5/><E104/><V1/><F1/><W120/><G124/><T98/><D0/><U34/><E34/><V67/><F67/><W3/><G3/><T133/><D111/><U2/><E7/><V126/><F126/><W16/><G125/><T73/><D133/><N who="1" m="51307" /><E87/><V50/><F39/><W90/><G4/><T38/><D38/><U101/><E46/><V30/><REACH who="2" step="1"/><F76/><REACH who="2" ten="263,260,240,227" step="2"/><W95/><G77/><T13/><D78/><U8/><E8/><V59/><F59/><W70/><REACH who="3" step="1"/><G82/><REACH who="3" ten="263,260,240,217" step="2"/><T26/><D83/><U6/><E6/><V74/><F74/><W108/><G108/><T94/><D73/><U36/><E36/><V115/><F115/><W27/><G27/><T119/><D25/><U69/><E69/><V130/><AGARI ba="0,2" hai="15,19,22,30,31,45,50,52,85,89,92,129,130,131" machi="130" ten="30,12000,1" yaku="1,1,0,1,19,1,52,1,54,1,53,0" doraHai="42" doraHaiUra="66" who="2" fromWho="2" sc="263,-40,260,-40,240,140,217,-40" /><INIT seed="2,1,0,4,5,68" ten="223,220,380,177" oya="2" hai0="60,31,13,69,12,114,26,39,64,55,7,2,116" hai1="129,63,109,50,35,134,38,99,19,76,8,42,37" hai2="98,28,5,93,36,80,113,33,127,59,65,78,71" hai3="115,54,61,94,17,22,86,47,111,82,16,21,124"/><V24/><F113/><W1/><G1/><T34/><D114/><U75/><E35/><V117/><F117/><W73/><G111/><T66/><D116/><U18/><E109/><V121/><F71/><W70/><G124/><T102/><D2/><U81/><E129/><V3/><F121/><W133/><G133/><T40/><D64/><U91/><E134/><V45/><F127/><W126/><G126/><T106/><D7/><U123/><E123/><V14/><F14/><W53/><G94/><T108/><D55/><U72/><E72/><V110/><F110/><W67/><G73/><T15/><D108/><U48/><E63/><V4/><F59/><W120/><G120/><T135/><D135/><U101/><E91/><V125/><F65/><W20/><G115/><T112/><D112/><U88/><E88/><V51/><F3/><W105/><G105/><T85/><D85/><U58/><E50/><V52/><F36/><W84/><G84/><T92/><D92/><U46/><E58/><V79/><F79/><W11/><G11/><T49/><D49/><U30/><E30/><V9/><F125/><W6/><G6/><T44/><D12/><U128/><E128/><V57/><F5/><W119/><G119/><T118/><D118/><U27/><E8/><V0/><F9/><W130/><G130/><T107/><D107/><N who="1" m="63935" /><E27/><V25/><F24/><W10/><G10/><T96/><AGARI ba="1,0" hai="13,15,26,31,34,39,40,44,60,66,69,96,102,106" machi="96" ten="30,7900,0" yaku="0,1,25,2,52,1" doraHai="68" who="0" fromWho="0" sc="223,82,220,-21,380,-40,177,-21" /><INIT seed="3,0,0,4,0,53" ten="305,199,340,156" oya="3" hai0="35,106,38,7,10,8,58,84,36,107,33,31,134" hai1="115,21,85,20,108,126,45,29,9,78,34,135,43" hai2="19,87,4,25,59,30,75,12,92,17,68,42,104" hai3="37,111,70,133,49,127,63,101,94,61,72,122,27"/><W32/><G122/><T5/><D84/><U119/><E34/><V105/><F68/><W91/><G37/><T90/><D31/><U86/><E115/><V51/><F75/><W123/><G123/><T66/><D66/><U124/><E108/><V67/><F4/><W131/><G72/><T24/><D24/><N who="1" m="16519" /><E135/><V130/><F130/><W40/><G131/><T16/><D90/><U57/><E21/><N who="2" m="11431" /><F19/><W71/><G133/><T54/><D134/><U99/><E99/><V46/><F67/><W117/><G117/><T13/><D16/><U103/><E103/><V2/><F2/><W44/><G101/><T77/><D77/><U128/><E78/><V97/><F97/><W52/><G111/><T50/><D38/><N who="1" m="21751" /><E119/><V56/><F105/><W6/><G6/><T89/><D36/><U120/><E120/><V95/><F104/><W47/><G127/><N who="1" m="48682" /><E9/><V88/><F95/><W23/><G32/><T64/><D64/><U129/><E86/><V113/><F113/><W69/><G40/><T65/><D65/><U62/><E85/><V48/><F48/><W22/><G44/><T83/><D83/><U79/><E79/><V100/><F100/><W102/><G102/><T55/><D89/><U116/><E116/><V82/><F82/><W26/><G26/><T60/><D107/><U1/><E1/><V98/><F98/><N who="3" m="57695" /><G27/><T3/><REACH who="0" step="1"/><D106/><REACH who="0" ten="295,199,340,156" step="2"/><U73/><E73/><V118/><F118/><W112/><G112/><T132/><D132/><U110/><E110/><V81/><F81/><W80/><G80/><T41/><D41/><U121/><E121/><V96/><F87/><RYUUKYOKU ba="0,1" sc="295,0,199,0,340,0,156,0" hai0="3,5,7,8,10,13,33,35,50,54,55,58,60" hai1="57,62,128,129" hai2="25,30,42,46,51,56,59,88,92,96" hai3="22,23,47,49,52,61,63,69,70,71" /><INIT seed="3,1,1,1,2,55" ten="295,199,340,156" oya="3" hai0="87,134,128,3,71,79,110,70,45,93,8,74,27" hai1="49,14,41,13,32,135,6,24,95,57,83,72,118" hai2="18,25,109,12,43,91,4,101,75,84,119,125,127" hai3="35,42,81,122,66,16,34,56,29,117,15,46,51"/><W9/><G117/><T33/><D110/><U5/><E118/><V102/><F109/><W58/><G122/><T53/><D128/><U82/><E135/><V54/><F75/><W77/><G66/><T47/><D134/><U99/><E32/><V36/><F119/><W60/><G60/><T103/><D45/><N who="1" m="25775" /><E57/><N who="3" m="22122" /><G34/><T61/><D61/><U106/><E24/><V62/><F36/><W1/><G1/><T65/><D65/><U100/><E106/><V88/><F62/><W23/><G35/><T20/><D33/><U69/><E72/><V130/><F130/><W96/><G96/><T40/><D70/><U28/><E28/><V97/><F97/><W126/><G126/><T111/><D71/><U73/><E73/><V133/><F127/><W80/><G77/><T76/><D79/><U17/><E69/><V22/><F125/><W132/><G132/><T11/><D76/><U64/><E64/><V21/><F133/><W116/><G116/><T86/><D111/><U2/><E2/><V105/><F105/><W44/><G46/><T112/><D47/><U90/><E100/><V52/><F102/><W59/><N who="3" m="22130" /><W48/><DORA hai="108" /><G51/><T50/><D50/><U26/><E5/><V131/><F4/><N who="3" m="3495" /><G29/><T19/><D3/><U85/><E6/><V0/><F0/><W31/><G31/><T107/><D107/><U129/><E129/><V114/><F131/><W104/><G104/><T124/><D124/><U98/><E98/><V38/><F38/><W78/><G78/><T123/><D123/><U120/><E99/><V10/><F114/><W7/><G7/><RYUUKYOKU ba="1,1" sc="295,-10,199,-10,340,-10,156,30" hai3="16,23,42,44,48,80,81" /><INIT seed="3,2,1,0,2,30" ten="285,189,330,186" oya="3" hai0="58,11,107,114,87,102,32,64,88,29,104,19,41" hai1="51,73,49,26,132,21,106,90,48,72,112,33,94" hai2="20,95,85,24,113,57,76,65,14,36,133,77,123" hai3="0,8,79,68,38,5,98,54,28,61,89,50,96"/><W7/><G38/><T121/><D121/><U84/><E112/><V42/><F113/><W116/><G116/><T60/><D114/><U6/><E106/><V10/><F123/><W45/><G79/><T115/><D115/><U117/><E117/><V128/><F42/><W3/><G28/><T44/><D102/><U126/><E126/><V111/><F36/><W82/><G82/><T4/><D19/><U56/><E132/><V15/><F111/><W86/><G86/><T46/><D46/><U108/><E33/><V13/><F10/><W47/><G47/><T118/><D118/><U67/><E6/><V74/><F74/><W23/><G23/><T22/><D22/><U39/><E39/><V27/><F128/><W135/><G135/><T2/><D32/><U122/><E122/><V55/><F65/><W18/><G18/><T59/><D59/><U101/><E108/><V63/><F133/><W93/><G96/><T75/><D75/><U129/><E129/><V62/><F62/><W40/><G68/><T69/><D29/><U92/><E67/><V52/><F55/><W66/><G66/><T71/><D71/><U83/><E56/><V81/><F76/><W119/><G119/><T97/><D97/><N who="1" m="59559" /><E83/><V34/><F34/><W37/><G61/><T120/><D69/><U1/><E1/><N who="3" m="586" /><G8/><T105/><D120/><U130/><E130/><V124/><F124/><W110/><G110/><T78/><D78/><U35/><E35/><V100/><F20/><W17/><G17/><T99/><D99/><AGARI ba="2,1" hai="13,14,15,24,27,52,57,63,77,81,85,95,99,100" machi="99" ten="40,2600,0" yaku="8,1,54,1" doraHai="30" who="2" fromWho="0" sc="285,-32,189,0,330,42,186,0" owari="253,5.3,189,-21.1,372,47.2,186,-31.4" /></mjloggm>