<mjloggm ver="2.3"><GO type="225" lobby="0"/><UN n0="%4B%2E%32%2E%4B%2E" n1="%E3%82%B2%E3%82%B9%E8%8C%82%E5%8B%9D" n2="%E3%81%95%E3%81%8D%E3%81%9F%E3%81%BE%E6%9E%97%E6%AA%8E" n3="%E3%82%BC%E3%83%AB%E3%83%80%E3%81%AE%E4%BC%9D%E8%AA%AC" dan="16,16,16,18" rate="2123.18,2122.09,2057.37,2183.82" sx="M,F,M,M"/><TAIKYOKU oya="0"/><INIT seed="0,0,0,5,2,127" ten="250,250,250,250" oya="0" hai0="60,96,44,31,87,73,135,35,26,3,1,40,78" hai1="115,21,17,121,2,74,128,12,102,118,107,32,124" hai2="92,52,57,13,93,4,69,34,81,125,54,117,15" hai3="109,8,59,14,43,25,97,36,111,108,37,113,123"/><T0/><D135/><U82/><RYUUKYOKU type="yao9" ba="0,0" sc="250,0,250,0,250,0,250,0" hai1="2,12,17,21,32,74,82,102,107,115,118,121,124,128" /><INIT seed="0,1,0,1,0,12" ten="250,250,250,250" oya="0" hai0="96,126,53,90,68,39,70,46,88,18,42,132,31" hai1="36,120,108,13,95,98,8,38,34,97,40,89,17" hai2="43,86,110,3,58,103,118,71,62,50,7,14,63" hai3="115,116,91,4,9,27,119,77,6,102,79,133,61"/><T65/><D126/><U49/><E108/><V28/><F110/><W1/><G115/><T92/><D132/><U83/><E120/><V99/><F118/><W80/><G133/><T10/><D31/><U131/><E131/><V112/><F112/><W134/><G134/><T51/><D65/><U5/><E34/><V21/><F3/><W55/><G102/><T69/><D90/><U33/><E33/><V26/><F71/><W104/><G104/><T84/><D96/><U57/><E98/><V82/><F43/><W29/><G6/><T44/><REACH who="0" step="1"/><D10/><REACH who="0" ten="240,250,250,250" step="2"/><U113/><E113/><V117/><F117/><W127/><G91/><T75/><D75/><U72/><E72/><V15/><F99/><W48/><G127/><T41/><D41/><U135/><E135/><V66/><F103/><W0/><G119/><T45/><D45/><U73/><E73/><V106/><F106/><W121/><G9/><T67/><D67/><U74/><E74/><V22/><F66/><W85/><G116/><T114/><D114/><U128/><E40/><V76/><F76/><W11/><G121/><T125/><D125/><U93/><E97/><V129/><F129/><W16/><G29/><T54/><D54/><N who="1" m="31951" /><E128/><V60/><F86/><W78/><G78/><T32/><D32/><U59/><E89/><V107/><F107/><W52/><G77/><T47/><D47/><U64/><E64/><V100/><F100/><W25/><G79/><T122/><D122/><U87/><E59/><V111/><F58/><W35/><G35/><T19/><AGARI ba="1,1" hai="18,19,39,42,44,46,51,53,68,69,70,84,88,92" machi="19" ten="40,18000,2" yaku="1,1,0,1,52,2,54,1,53,1" doraHai="12" doraHaiUra="81" who="0" fromWho="0" sc="240,193,250,-61,250,-61,250,-61" /><INIT seed="0,2,0,4,2,127" ten="433,189,189,189" oya="0" hai0="108,6,130,56,20,91,80,34,105,132,112,88,83" hai1="46,74,35,66,27,23,90,69,87,81,3,24,62" hai2="1,118,95,57,92,129,16,99,79,33,41,14,100" hai3="93,85,49,128,15,68,29,125,84,63,40,89,64"/><T76/><D34/><U22/><E3/><V21/><F118/><W116/><G116/><T9/><D112/><U44/><E35/><V133/><F133/><W38/><G125/><T17/><D105/><U86/><E74/><V26/><F1/><W52/><G29/><T104/><D104/><U126/><E126/><V0/><F0/><W119/><G119/><T73/><D130/><U75/><E75/><V123/><F123/><W11/><G128/><T94/><D108/><U124/><E124/><V28/><F129/><W31/><G31/><T36/><D36/><U50/><E86/><V111/><F111/><W122/><G122/><T71/><D71/><U47/><REACH who="1" step="1"/><E50/><REACH who="1" ten="433,179,189,189" step="2"/><V131/><F131/><W61/><G84/><T55/><D73/><U54/><E54/><V5/><F5/><W19/><G38/><T59/><D55/><U110/><E110/><V67/><F41/><W42/><REACH who="3" step="1"/><G63/><REACH who="3" ten="433,179,189,179" step="2"/><T2/><D132/><U25/><AGARI ba="2,2" hai="22,23,24,25,27,44,46,47,62,66,69,81,87,90" machi="25" ten="30,2000,0" yaku="1,1,0,1,53,0" doraHai="127" doraHaiUra="8" who="1" fromWho="1" sc="433,-12,179,46,189,-7,179,-7" /><INIT seed="1,0,0,1,2,53" ten="421,225,182,172" oya="1" hai0="70,30,64,60,116,71,127,28,36,83,92,50,6" hai1="47,121,3,113,96,61,135,110,65,131,102,91,15" hai2="80,33,2,81,99,42,51,117,27,119,0,25,66" hai3="24,79,1,38,72,118,5,9,84,93,45,88,109"/><U63/><E113/><V130/><F66/><W90/><G109/><T13/><D36/><U11/><E121/><V48/><F33/><W23/><G118/><T123/><D71/><U34/><E3/><V120/><F120/><W67/><G67/><T125/><D116/><U89/><E34/><V44/><F130/><W57/><G57/><T111/><D111/><U75/><E110/><V31/><F99/><W10/><G10/><T49/><D92/><N who="1" m="58631" /><E75/><V104/><F104/><W17/><G90/><N who="1" m="34314" /><E131/><V128/><F128/><W97/><G72/><T108/><D108/><U74/><E74/><V98/><F98/><W39/><REACH who="3" step="1"/><G45/><REACH who="3" ten="421,225,182,162" step="2"/><T21/><D70/><U16/><E135/><V37/><F44/><W86/><G86/><T22/><D64/><U105/><E105/><V103/><F103/><W129/><G129/><T101/><D101/><U95/><E47/><V77/><F77/><W114/><G114/><T7/><D123/><U43/><E65/><V85/><F85/><W62/><G62/><T20/><D60/><U46/><E95/><V78/><F78/><W132/><G132/><T41/><D125/><U35/><E61/><V68/><F68/><W100/><G100/><T54/><D127/><U55/><E63/><V32/><F119/><W107/><G107/><T94/><D94/><U134/><E134/><V59/><F117/><W87/><G87/><T14/><D83/><AGARI ba="0,1" hai="1,5,9,17,23,24,38,39,79,83,84,88,93,97" machi="83" ten="40,2600,0" yaku="1,1,54,1,53,0" doraHai="53" doraHaiUra="133" who="3" fromWho="0" sc="421,-26,225,0,182,0,162,36" /><INIT seed="2,0,0,1,5,110" ten="395,225,182,198" oya="2" hai0="78,58,126,45,36,37,94,1,125,47,76,59,77" hai1="70,118,105,109,32,74,123,130,99,122,67,24,44" hai2="31,108,22,103,88,107,23,95,26,128,25,49,85" hai3="4,2,81,28,93,100,15,14,61,20,119,97,6"/><V68/><F68/><W66/><G119/><T46/><D1/><U91/><E109/><V84/><F108/><W112/><G81/><T121/><D94/><U71/><E118/><V13/><F128/><W63/><G112/><T65/><D121/><N who="1" m="46091" /><E130/><V56/><F107/><W92/><G92/><T51/><D51/><U127/><E127/><N who="0" m="48649" /><D65/><U17/><E74/><V38/><F38/><AGARI ba="0,0" hai="36,37,38,45,46,47,58,59,76,77,78" m="48649" machi="38" ten="40,5200,0" yaku="28,2,18,1" doraHai="110" who="0" fromWho="2" sc="395,52,225,0,182,-52,198,0" /><INIT seed="3,0,0,0,0,38" ten="447,225,130,198" oya="3" hai0="15,30,115,18,84,42,128,27,80,52,82,54,36" hai1="119,58,40,4,31,63,49,104,135,126,60,67,76" hai2="99,25,50,101,12,129,100,105,72,134,130,91,120" hai3="65,69,96,35,74,133,0,125,47,93,45,7,97"/><W9/><G35/><T23/><D115/><U64/><E104/><V94/><F12/><W48/><G74/><T61/><D128/><N who="2" m="49258" /><F25/><W116/><G96/><T41/><D36/><U3/><E31/><V114/><F50/><W124/><G97/><T53/><D61/><N who="1" m="37943" /><E4/><V62/><F62/><N who="1" m="23593" /><E3/><V29/><F29/><W11/><G48/><T113/><D113/><U21/><E21/><V6/><F6/><W70/><G7/><T16/><D18/><U132/><E76/><V85/><F114/><W109/><G0/><T2/><D2/><U71/><E126/><V102/><F134/><N who="1" m="51241" /><E119/><V8/><F8/><W20/><G116/><T117/><D117/><U43/><E49/><V59/><F59/><W83/><G124/><T75/><D75/><U34/><E34/><V14/><F14/><W33/><G125/><T44/><D80/><U112/><E112/><V122/><F72/><W56/><G33/><T37/><D84/><U5/><E5/><V107/><F107/><W118/><G118/><T13/><D82/><U57/><E57/><V68/><F68/><W24/><G70/><T95/><D95/><U127/><E127/><V39/><F39/><W123/><G56/><T121/><D15/><U55/><E71/><V90/><F90/><W87/><G69/><T88/><D88/><U46/><E67/><V79/><F79/><W77/><G65/><T26/><D26/><U103/><E46/><V78/><F78/><W51/><G77/><T19/><D44/><U86/><E55/><V17/><F17/><N who="0" m="6730" /><D54/><U22/><E22/><V10/><F10/><W110/><G9/><RYUUKYOKU ba="0,0" sc="447,-10,225,-10,130,30,198,-10" hai2="85,91,94,99,100,101,102,105,120,122" owari="437,53.7,215,1.5,160,-34.0,188,-21.2" /></mjloggm>