<mjloggm ver="2.3"><GO type="225" lobby="0"/><UN n0="%E3%83%9F%E3%83%83%E3%82%AD%E3%83%BC%E8%9B%87%E5%B1%B1" n1="%E3%83%81%E3%83%AF%E3%83%AF%E9%9A%8A%E9%95%B7" n2="%E5%A4%9C%E5%85%89%E5%A4%A9%E6%A5%BC" n3="%77%72%77%72%77%72%77%72" dan="16,16,17,17" rate="2036.23,2094.66,2162.29,2186.57" sx="M,M,F,M"/><TAIKYOKU oya="0"/><INIT seed="0,0,0,0,0,98" ten="250,250,250,250" oya="0" hai0="44,13,121,50,21,29,33,125,48,101,118,105,103" hai1="77,28,133,116,18,23,131,91,4,41,12,56,78" hai2="80,79,64,14,124,53,71,85,63,17,76,57,19" hai3="10,24,69,68,2,34,126,40,106,127,107,30,84"/><T1/><D118/><U90/><E116/><V58/><F124/><N who="3" m="47659" /><G40/><T114/><D125/><U60/><E131/><V100/><F71/><N who="3" m="27211" /><G84/><T43/><D105/><N who="3" m="39945" /><G10/><T82/><D121/><U72/><E41/><V49/><F100/><N who="0" m="38474" /><D33/><U104/><E104/><V25/><F76/><W92/><G92/><T22/><D114/><U81/><E77/><V5/><F25/><W6/><G6/><T75/><D1/><AGARI ba="0,0" hai="1,2,24,30,34" m="39945,27211,47659" machi="1" ten="40,2600,0" yaku="18,1,23,1" doraHai="98" who="3" fromWho="0" sc="250,-26,250,0,250,0,250,26" /><INIT seed="1,0,0,2,3,40" ten="224,250,250,276" oya="1" hai0="112,36,33,128,23,1,11,38,107,119,75,56,99" hai1="84,52,134,126,110,65,7,31,64,104,19,66,27" hai2="72,12,44,30,80,83,95,121,14,105,69,39,26" hai3="76,0,42,109,88,51,53,129,18,120,78,91,50"/><U125/><E104/><V59/><F121/><W10/><G120/><T24/><D112/><U113/><E113/><V132/><F69/><W108/><G129/><T122/><D122/><U49/><E134/><V98/><F132/><W16/><G0/><T25/><D119/><U57/><E110/><N who="3" m="42602" /><G42/><T2/><D75/><U70/><E70/><V8/><F105/><W77/><G50/><T81/><D128/><U3/><E19/><N who="3" m="7210" /><G10/><T4/><D1/><U96/><E96/><V13/><F8/><W86/><G86/><T32/><D25/><U101/><E3/><V135/><F72/><W89/><G91/><T68/><D68/><U20/><E7/><V100/><F135/><W22/><G22/><T74/><D56/><AGARI ba="0,0" hai="51,53,56,76,77,78,88,89" m="7210,42602" machi="56" ten="30,3900,0" yaku="14,1,54,2" doraHai="40" who="3" fromWho="0" sc="224,-39,250,0,250,0,276,39" /><INIT seed="2,0,0,2,1,28" ten="185,250,250,315" oya="2" hai0="7,47,94,60,85,59,131,61,115,79,125,9,101" hai1="22,78,39,20,117,13,105,106,66,4,21,38,133" hai2="50,53,118,2,42,23,76,83,36,26,18,65,86" hai3="87,17,120,92,51,128,58,99,41,102,124,123,135"/><V73/><F118/><W122/><G128/><T64/><D115/><U90/><E117/><V113/><F113/><W5/><G135/><T52/><D131/><U121/><E133/><V24/><F2/><W77/><G124/><T72/><D125/><U45/><E121/><V116/><F116/><W104/><G5/><T0/><D72/><U91/><E78/><V70/><F73/><W107/><G17/><T75/><D75/><U44/><E66/><V6/><F6/><W111/><G111/><T132/><D132/><U110/><E110/><V68/><F65/><W88/><G77/><T15/><D0/><U27/><E27/><V10/><F10/><W97/><G58/><T46/><D101/><U31/><E31/><V81/><F81/><W82/><G51/><T98/><D85/><U126/><E126/><V80/><F80/><W19/><G19/><T3/><D79/><U54/><E4/><V33/><F42/><W34/><G34/><T93/><D3/><U11/><E11/><V89/><F36/><N who="1" m="13865" /><E54/><V35/><F76/><N who="3" m="46535" /><G41/><T74/><D74/><U67/><E13/><V63/><F26/><W96/><G102/><N who="0" m="60751" /><D94/><U134/><E134/><V84/><F84/><AGARI ba="0,0" hai="84,88,92,96,97,99,104,107,120,122,123" m="46535" machi="84" ten="40,5200,0" yaku="34,2,54,1" doraHai="28" who="3" fromWho="2" sc="185,0,250,0,250,-52,315,52" /><INIT seed="3,0,0,2,1,69" ten="185,250,198,367" oya="3" hai0="70,47,135,119,29,12,18,3,31,45,66,124,24" hai1="107,122,91,19,95,49,134,130,103,117,5,32,80" hai2="85,8,61,36,77,115,38,82,129,132,86,99,110" hai3="123,133,22,68,97,116,35,102,40,83,48,76,41"/><W39/><G116/><T6/><D119/><U73/><E32/><V106/><F115/><W53/><G123/><T27/><D70/><U58/><E122/><V81/><F129/><W13/><G35/><T87/><D66/><U64/><E117/><V121/><F121/><W94/><G68/><T90/><D135/><U0/><E134/><V11/><F132/><W34/><G34/><T131/><D124/><U28/><E130/><V100/><F110/><W1/><G1/><T118/><D118/><U59/><E28/><V79/><F61/><W30/><G39/><AGARI ba="0,0" hai="8,11,36,38,39,77,79,81,82,85,86,99,100,106" machi="39" ten="40,8000,1" yaku="9,1,52,3" doraHai="69" who="2" fromWho="3" sc="185,0,250,0,198,80,367,-80" /><INIT seed="4,0,0,2,2,113" ten="185,250,278,287" oya="0" hai0="132,105,108,63,4,1,27,14,76,34,17,130,115" hai1="42,50,30,0,117,75,81,10,135,12,89,2,18" hai2="114,53,85,29,67,110,39,16,5,83,94,25,38" hai3="28,84,24,19,59,31,11,21,92,60,80,58,109"/><T55/><D115/><U8/><E135/><V47/><F110/><W98/><G109/><T78/><D108/><U26/><E117/><V32/><F114/><W44/><G44/><T72/><D105/><U41/><E50/><V69/><F5/><W33/><G11/><T111/><D111/><U88/><E89/><V79/><F69/><W97/><G58/><T15/><D132/><U65/><E65/><V71/><F71/><W35/><G35/><T101/><D101/><U99/><E0/><V120/><F67/><W112/><G112/><T13/><D130/><U91/><E91/><V119/><F120/><W70/><G70/><T104/><D104/><U62/><E62/><V95/><F39/><W57/><G57/><N who="0" m="35263" /><D72/><U37/><E37/><V82/><F38/><W43/><G43/><T3/><D34/><U128/><E128/><V90/><F119/><W125/><G125/><T74/><D74/><U23/><E75/><V87/><F47/><W73/><G73/><T107/><D107/><U86/><REACH who="1" step="1"/><E99/><REACH who="1" ten="185,240,278,287" step="2"/><V134/><F134/><W102/><G98/><T45/><D45/><U40/><E40/><V133/><F133/><W61/><G61/><T131/><D131/><U51/><E51/><V118/><F118/><W66/><G33/><T20/><D1/><U54/><E54/><V93/><F53/><W106/><G106/><T127/><D127/><U52/><E52/><V22/><F32/><W56/><G59/><T103/><D103/><U129/><E129/><V49/><F49/><W68/><G68/><T96/><D96/><U48/><E48/><V121/><F121/><RYUUKYOKU ba="0,1" sc="185,0,240,0,278,0,287,0" hai0="3,4,13,14,15,17,20,27,76,78" hai1="2,8,10,12,18,23,26,30,41,42,81,86,88" hai2="16,22,25,29,79,82,83,85,87,90,93,94,95" hai3="19,21,24,28,31,56,60,66,80,84,92,97,102" /><INIT seed="4,1,1,1,3,110" ten="185,240,278,287" oya="0" hai0="95,31,57,42,130,44,24,79,72,134,56,25,23" hai1="78,40,34,18,6,96,77,123,48,104,76,83,113" hai2="74,14,2,108,66,114,91,68,60,88,121,62,120" hai3="4,75,33,19,51,11,129,50,7,8,55,1,59"/><T16/><D130/><U99/><E34/><V35/><F2/><W38/><G129/><T86/><D134/><U0/><E123/><V112/><F74/><W118/><G118/><T100/><D72/><U117/><E117/><V125/><F108/><W29/><G38/><T52/><D100/><U122/><E122/><N who="2" m="47211" /><F125/><W61/><G75/><T105/><D105/><U5/><E0/><V9/><F60/><W90/><G19/><T22/><D52/><U54/><E40/><V89/><F35/><W115/><G115/><N who="2" m="44073" /><F91/><W109/><G109/><T17/><D31/><U103/><E113/><V128/><F128/><W36/><G36/><T67/><D67/><U70/><E77/><V28/><F28/><W26/><G90/><N who="0" m="53719" /><D79/><U63/><E76/><V102/><F102/><W101/><G101/><T32/><D32/><U107/><E103/><V65/><F65/><W87/><G87/><T49/><AGARI ba="1,1" hai="16,17,22,23,24,25,42,44,49,56,57" m="53719" machi="49" ten="30,3000,0" yaku="8,1,54,1" doraHai="110" who="0" fromWho="0" sc="185,43,240,-11,278,-11,287,-11" /><INIT seed="4,2,0,4,2,33" ten="228,229,267,276" oya="0" hai0="24,118,114,78,124,119,131,23,121,65,81,76,60" hai1="105,111,92,129,101,21,27,71,69,75,40,127,84" hai2="15,14,42,95,34,133,100,87,103,122,16,117,106" hai3="50,90,5,79,25,10,54,82,49,41,61,18,104"/><T74/><D121/><U125/><E75/><V17/><F122/><W38/><G104/><T72/><D114/><U58/><E105/><V115/><F34/><W86/><G38/><T102/><D131/><U11/><E111/><V59/><F106/><W89/><G61/><T36/><D36/><U37/><E129/><V107/><F107/><W126/><G126/><T80/><D124/><N who="1" m="47691" /><E11/><N who="2" m="6239" /><F42/><W110/><G110/><T135/><D102/><U0/><E0/><V43/><F43/><W52/><G41/><T77/><D77/><U20/><E40/><V93/><F115/><W12/><G25/><T116/><D135/><U112/><E37/><V13/><F13/><W99/><G5/><T22/><REACH who="0" step="1"/><D24/><REACH who="0" ten="218,229,267,276" step="2"/><U123/><E123/><V109/><F133/><W113/><G113/><T108/><D108/><U28/><E112/><V3/><F109/><W46/><G99/><T96/><D96/><U70/><E27/><V132/><F132/><W57/><AGARI ba="2,1" hai="10,12,18,46,49,50,52,54,57,79,82,86,89,90" machi="57" ten="20,5200,0" yaku="0,1,7,1,8,1,54,1" doraHai="33" who="3" fromWho="3" sc="218,-28,229,-15,267,-15,276,68" owari="190,-31.0,214,-18.6,252,5.2,344,44.4" /></mjloggm>