<mjloggm ver="2.3"><GO type="225" lobby="0"/><UN n0="%E3%83%97%E3%83%AC%E3%83%B4%E3%82%A1%E3%83%86%E3%82%A3" n1="%E3%82%BC%E3%83%AB%E3%83%80%E3%81%AE%E4%BC%9D%E8%AA%AC" n2="%E3%81%BF%E3%81%BF%E3%81%9A" n3="%74%61%6B%75%61%6B%61" dan="16,17,16,16" rate="2159.32,2275.67,2128.36,2141.52" sx="F,M,M,M"/><TAIKYOKU oya="0"/><INIT seed="0,0,0,4,4,10" ten="250,250,250,250" oya="0" hai0="6,56,17,33,41,114,29,42,108,127,14,66,79" hai1="0,57,55,126,4,12,22,121,30,36,111,109,132" hai2="101,43,7,65,16,91,100,20,67,117,107,71,113" hai3="81,51,48,95,63,118,38,21,25,44,52,119,90"/><T131/><D114/><U97/><E121/><V54/><F113/><W28/><G38/><T50/><D127/><U102/><E36/><V39/><F117/><W5/><G81/><T68/><D131/><U85/><E126/><V61/><F65/><W88/><G63/><T62/><D108/><N who="1" m="41547" /><E132/><V124/><F124/><W116/><G5/><T103/><D79/><U86/><E0/><V135/><F7/><W134/><G134/><T92/><D6/><U34/><E34/><V2/><F2/><W115/><G115/><T125/><D125/><U37/><E37/><V123/><F123/><W105/><G105/><T110/><D110/><U128/><E128/><V31/><F31/><W70/><G70/><T60/><D50/><N who="1" m="30967" /><E30/><V77/><F135/><W26/><G26/><T104/><D104/><N who="1" m="63567" /><E22/><V94/><F107/><W74/><G74/><T19/><D29/><U1/><E1/><V72/><F39/><W129/><G129/><T98/><D33/><U130/><E130/><V32/><F32/><W75/><G75/><T120/><D120/><U64/><E64/><V84/><F43/><W76/><G76/><T96/><D96/><U78/><E78/><V106/><F54/><W27/><G27/><T82/><D82/><U47/><E47/><V112/><F112/><W87/><G90/><T46/><D46/><U99/><E99/><V69/><F69/><W8/><G51/><T24/><D62/><U40/><E40/><V122/><F122/><W58/><G44/><T15/><D68/><U53/><E53/><V133/><F71/><W93/><G93/><T3/><D3/><RYUUKYOKU ba="0,0" sc="250,-15,250,15,250,-15,250,15" hai1="4,12,85,86" hai3="8,21,25,28,48,52,58,87,88,95,116,118,119" /><INIT seed="1,1,0,1,5,49" ten="235,265,235,265" oya="1" hai0="119,79,61,122,65,24,40,21,82,64,47,66,91" hai1="13,94,76,96,113,36,48,34,107,9,28,17,117" hai2="11,50,57,111,0,80,55,42,53,129,98,15,20" hai3="109,135,3,100,73,134,95,124,67,126,72,58,5"/><U85/><E36/><V75/><F111/><W59/><G5/><T6/><D119/><U87/><E113/><V118/><F118/><W51/><G3/><T125/><D122/><U31/><E117/><V71/><F71/><W77/><G109/><T128/><D125/><N who="3" m="48233" /><G67/><T2/><D128/><U81/><E34/><V25/><F129/><W93/><G51/><T69/><D91/><U108/><E108/><V99/><F0/><W104/><G58/><T74/><D21/><U7/><E107/><V110/><F110/><W39/><G59/><T4/><D24/><U78/><E7/><N who="2" m="3583" /><F80/><N who="3" m="45095" /><G73/><T84/><D84/><U22/><E9/><V130/><F75/><W46/><G46/><T103/><D103/><N who="1" m="60823" /><E48/><N who="2" m="30887" /><F42/><W10/><G10/><N who="0" m="2327" /><D6/><U43/><E43/><V115/><F115/><W133/><G39/><AGARI ba="1,0" hai="39,40,47,61,64,65,66,69,74,79,82" m="2327" machi="39" ten="30,1000,0" yaku="25,1" doraHai="49" who="0" fromWho="3" sc="235,13,265,0,235,0,265,-13" /><INIT seed="2,0,0,1,1,24" ten="248,265,235,252" oya="2" hai0="45,34,6,95,119,85,9,28,25,92,103,67,13" hai1="82,73,22,26,29,130,125,81,101,12,57,133,54" hai2="63,35,2,60,115,132,105,4,108,66,21,89,83" hai3="87,98,86,42,11,3,48,64,44,134,18,62,50"/><V38/><F115/><W43/><G134/><T102/><D119/><U126/><E133/><V40/><F35/><W117/><G117/><T0/><D67/><U78/><E130/><V1/><F105/><W118/><G118/><T110/><D110/><U104/><E82/><V17/><F132/><W68/><G98/><T72/><D72/><U23/><E101/><V71/><F108/><W75/><G75/><T79/><D45/><U113/><E104/><V88/><F63/><W93/><G93/><T128/><D128/><U53/><E113/><V106/><F106/><W97/><G97/><T10/><D92/><U129/><E129/><V31/><F31/><W14/><G3/><T61/><D61/><U90/><E90/><V131/><F131/><W111/><G111/><T107/><D107/><U47/><E47/><AGARI ba="0,0" hai="11,14,18,42,43,44,47,48,50,62,64,68,86,87" machi="47" ten="40,1300,0" yaku="9,1" doraHai="24" who="3" fromWho="1" sc="248,0,265,-13,235,0,252,13" /><INIT seed="3,0,0,3,2,58" ten="248,252,235,265" oya="3" hai0="63,49,127,1,30,110,96,48,111,130,31,97,121" hai1="106,43,18,84,107,22,19,10,86,133,8,45,71" hai2="9,29,93,132,131,24,20,119,66,5,64,72,76" hai3="104,83,91,115,108,50,35,105,7,55,92,75,113"/><W99/><G35/><T39/><D39/><U13/><E71/><V94/><F119/><W102/><G7/><T56/><D1/><U6/><E133/><V85/><F131/><W135/><G135/><T37/><D37/><U123/><E123/><V70/><F132/><W12/><G12/><T16/><D121/><U11/><E6/><V80/><F72/><W47/><G108/><N who="0" m="41515" /><D130/><U89/><E19/><V100/><F70/><W129/><G129/><T52/><D127/><U53/><E53/><V26/><F26/><W95/><G95/><T126/><D126/><U116/><E116/><V67/><REACH who="2" step="1"/><F100/><REACH who="2" ten="248,252,225,265" step="2"/><W4/><G75/><T23/><D31/><U82/><REACH who="1" step="1"/><E84/><REACH who="1" ten="248,242,225,265" step="2"/><V87/><F87/><W46/><G113/><T73/><D30/><U25/><E25/><V3/><AGARI ba="0,2" hai="3,5,9,20,24,29,64,66,67,76,80,85,93,94" machi="3" ten="30,4000,0" yaku="1,1,0,1,53,1" doraHai="58" doraHaiUra="17" who="2" fromWho="2" sc="248,-10,242,-10,225,60,265,-20" /><INIT seed="4,0,0,0,3,84" ten="238,232,285,245" oya="0" hai0="51,47,91,104,56,64,107,116,128,46,32,0,20" hai1="30,99,1,106,130,75,49,124,115,122,77,33,98" hai2="70,9,94,78,55,114,54,131,108,3,17,85,26" hai3="80,62,126,68,43,16,10,36,61,103,35,72,2"/><T133/><D116/><U39/><RYUUKYOKU type="yao9" ba="0,0" sc="238,0,232,0,285,0,245,0" hai1="1,30,33,39,49,75,77,98,99,106,115,122,124,130" /><INIT seed="4,1,0,2,0,104" ten="238,232,285,245" oya="0" hai0="81,135,6,42,79,65,64,107,126,32,11,40,117" hai1="83,76,7,22,134,115,97,34,90,31,26,74,110" hai2="59,0,53,103,84,87,14,131,63,56,23,27,71" hai3="132,21,91,3,54,15,119,66,18,101,29,10,125"/><T86/><D117/><U100/><E110/><V30/><F0/><W128/><G119/><T89/><D32/><U68/><E134/><V95/><F71/><W60/><G132/><T12/><D107/><U108/><E108/><V45/><F131/><W106/><G128/><T52/><D135/><U13/><E115/><V57/><F14/><W99/><G125/><T67/><D126/><U94/><E68/><V96/><F45/><W25/><G91/><T124/><D124/><U118/><E118/><V46/><F46/><W85/><G85/><AGARI ba="1,0" hai="23,27,30,53,56,57,59,63,84,85,87,95,96,103" machi="85" ten="40,1300,0" yaku="8,1" doraHai="104" who="2" fromWho="3" sc="238,0,232,0,285,16,245,-16" owari="238,3.8,232,-16.8,301,40.1,229,-27.1" /></mjloggm>