<mjloggm ver="2.3"><GO type="225" lobby="0"/><UN n0="%E3%81%BF%E3%81%BF%E3%81%9A" n1="%E3%82%B2%E3%82%B9%E8%8C%82%E5%8B%9D" n2="%E3%83%97%E3%83%92" n3="%E5%A4%9C%E3%81%AE%E3%82%AC%E3%82%B9%E3%83%91%E3%83%BC%E3%83%AB" dan="16,16,16,16" rate="2156.86,2119.13,2166.79,2121.82" sx="M,F,M,M"/><TAIKYOKU oya="0"/><INIT seed="0,0,0,3,4,18" ten="250,250,250,250" oya="0" hai0="134,97,119,47,6,36,124,82,28,93,17,94,110" hai1="4,100,99,56,133,27,108,83,63,44,19,51,61" hai2="59,80,81,72,39,116,109,60,14,34,35,85,87" hai3="127,25,102,131,125,58,52,135,55,67,112,130,5"/><T64/><D119/><U107/><E108/><V120/><F109/><W38/><G112/><T37/><D110/><U103/><E133/><V75/><F39/><W26/><G38/><T105/><D134/><U16/><E4/><V96/><F120/><W118/><G118/><T132/><D132/><U123/><E123/><V76/><F116/><W13/><G135/><T74/><D6/><U86/><E100/><V114/><F114/><W3/><G102/><T31/><D105/><U21/><E56/><V121/><F96/><W68/><G3/><T111/><D111/><U42/><REACH who="1" step="1"/><E19/><REACH who="1" ten="250,240,250,250" step="2"/><V53/><F121/><W12/><G58/><T41/><D17/><U106/><E106/><V77/><F14/><W104/><G104/><T78/><D64/><U115/><E115/><V2/><REACH who="2" step="1"/><F2/><REACH who="2" ten="250,240,240,250" step="2"/><W49/><G13/><T92/><D124/><U7/><E7/><V9/><F9/><W43/><G12/><T46/><D97/><U90/><AGARI ba="0,2" hai="16,21,27,42,44,51,61,63,83,86,90,99,103,107" machi="90" ten="20,8000,1" yaku="1,1,0,1,7,1,52,1,54,1,53,0" doraHai="18" doraHaiUra="71" who="1" fromWho="1" sc="250,-40,240,100,240,-20,250,-20" /><INIT seed="1,0,0,0,0,24" ten="210,340,220,230" oya="1" hai0="19,21,36,2,51,125,40,115,97,12,123,14,91" hai1="52,44,50,114,113,77,127,72,67,104,46,58,15" hai2="33,61,84,133,25,107,41,134,47,88,108,20,59" hai3="10,31,1,124,83,32,63,76,82,66,23,86,7"/><U26/><E104/><V37/><F107/><W122/><G124/><T6/><D115/><U118/><E118/><V85/><F33/><W65/><G32/><T68/><D125/><U128/><E127/><V102/><F102/><W39/><G39/><T18/><D123/><U60/><E15/><V78/><F78/><W70/><G66/><T57/><D68/><N who="1" m="42087" /><E26/><V69/><F69/><W28/><G122/><T45/><D2/><U131/><E77/><V64/><F108/><W99/><G99/><T22/><D6/><U71/><E72/><V119/><F119/><W11/><G23/><T13/><D57/><U80/><E80/><V90/><F84/><W103/><G103/><T34/><D34/><U29/><E29/><N who="2" m="17575" /><F85/><W94/><G94/><N who="0" m="56543" /><D36/><U73/><E73/><V4/><F4/><W79/><G11/><T111/><D111/><U109/><E71/><V110/><F110/><W81/><G81/><T89/><D89/><U96/><E96/><V16/><F16/><AGARI ba="0,0" hai="12,13,14,16,18,19,21,22,40,45,51" m="56543" machi="16" ten="30,2000,0" yaku="8,1,54,1" doraHai="24" who="0" fromWho="2" sc="210,20,340,0,220,-20,230,0" /><INIT seed="2,0,0,2,5,112" ten="230,340,200,230" oya="2" hai0="43,87,5,94,119,101,26,24,72,69,21,23,27" hai1="31,109,39,73,81,3,63,116,48,118,51,66,103" hai2="75,44,80,100,93,123,22,62,42,106,83,60,117" hai3="68,4,105,122,55,128,125,56,34,115,126,110,134"/><V114/><F114/><W130/><RYUUKYOKU type="yao9" ba="0,0" sc="230,0,340,0,200,0,230,0" hai3="4,34,55,56,68,105,110,115,122,125,126,128,130,134" /><INIT seed="2,1,0,0,2,93" ten="230,340,200,230" oya="2" hai0="79,11,12,18,34,98,59,99,36,135,22,83,109" hai1="123,39,112,66,4,130,117,76,42,89,107,28,70" hai2="110,96,101,6,10,30,125,119,58,67,108,48,80" hai3="50,16,13,20,134,75,100,126,71,102,132,68,7"/><V63/><F119/><W38/><G38/><T92/><D34/><U55/><E89/><V86/><F125/><W124/><G75/><T17/><D36/><U1/><E55/><V41/><F30/><W127/><G7/><T24/><D109/><N who="2" m="42090" /><F41/><W115/><G50/><T43/><D135/><N who="3" m="51753" /><G115/><T2/><D43/><U37/><E42/><V94/><F48/><W116/><G116/><T74/><D92/><U103/><E76/><N who="2" m="46343" /><F6/><W104/><G104/><T131/><D131/><U46/><E46/><V73/><F10/><W90/><G90/><T33/><D2/><U0/><E28/><V87/><F87/><W32/><G32/><T26/><D33/><U14/><E4/><V5/><F5/><W8/><G8/><T61/><REACH who="0" step="1"/><D26/><REACH who="0" ten="220,340,200,230" step="2"/><U85/><E1/><V52/><F73/><W82/><G82/><T47/><D47/><U31/><E0/><V27/><F27/><W105/><G105/><T23/><D23/><U81/><E37/><V51/><F51/><W84/><G84/><T118/><D118/><U65/><E85/><V120/><F120/><W129/><G129/><T69/><D69/><AGARI ba="1,1" hai="13,16,20,68,69,71,100,102,124,126,127" m="51753" machi="69" ten="40,5200,0" yaku="18,1,20,1,54,1" doraHai="93" who="3" fromWho="0" sc="220,-55,340,0,200,0,230,65" /><INIT seed="3,0,0,3,3,38" ten="165,340,200,295" oya="3" hai0="127,20,64,100,83,60,56,32,87,16,110,65,70" hai1="52,66,2,86,128,73,8,26,10,112,125,135,48" hai2="134,31,122,41,130,105,99,22,39,19,47,80,71" hai3="117,27,93,72,85,90,96,29,54,92,108,91,55"/><W118/><G72/><T77/><D32/><U33/><E112/><V35/><F71/><W40/><G108/><T13/><D110/><U84/><E73/><V59/><F134/><W124/><G124/><T131/><D127/><U126/><E135/><V69/><F69/><W75/><G75/><T132/><D131/><U102/><E102/><V58/><F130/><W45/><G117/><T116/><D132/><U89/><E128/><V42/><F122/><W0/><G0/><T88/><D116/><U17/><E66/><N who="0" m="25705" /><D70/><U82/><E84/><V119/><F31/><W76/><G76/><T37/><D37/><U23/><E33/><V81/><F35/><W68/><G68/><T34/><D34/><U46/><REACH who="1" step="1"/><E10/><REACH who="1" ten="165,330,200,295" step="2"/><V28/><F119/><W3/><G118/><T24/><D100/><U49/><E49/><V7/><F39/><W25/><G3/><T74/><D74/><U101/><E101/><V57/><F105/><W5/><G5/><AGARI ba="0,1" hai="2,5,8,17,23,26,46,48,52,82,86,89,125,126" machi="5" ten="40,8000,1" yaku="1,1,54,1,53,2" doraHai="38" doraHaiUra="133" who="1" fromWho="3" sc="165,0,330,90,200,0,295,-80" owari="165,-33.5,420,52.0,200,-20.0,215,1.5" /></mjloggm>