<mjloggm ver="2.3"><GO type="225" lobby="0"/><UN n0="%72%61%6B%33" n1="%4E%49%4A%49%49%52%4F" n2="%E3%81%AF%E3%82%88%E3%81%8A%E3%81%98%E3%81%95%E3%82%93" n3="%E3%81%95%E3%81%8D%E3%81%9F%E3%81%BE%E6%9E%97%E6%AA%8E" dan="16,16,16,16" rate="2215.10,2151.09,2160.38,2159.71" sx="M,M,M,M"/><TAIKYOKU oya="0"/><INIT seed="0,0,0,2,2,63" ten="250,250,250,250" oya="0" hai0="2,122,113,44,16,35,109,79,96,39,110,86,52" hai1="66,92,76,8,128,23,84,87,37,127,105,102,72" hai2="95,11,30,64,135,24,114,130,0,90,40,45,119" hai3="125,32,51,12,99,69,34,82,83,129,71,47,55"/><T74/><D122/><U115/><E115/><V60/><F114/><W17/><G129/><T80/><D113/><U123/><E123/><V54/><F130/><W103/><G125/><T18/><D35/><U42/><E128/><V38/><F135/><W124/><G124/><T77/><D2/><U120/><E120/><V27/><F119/><W131/><G131/><T50/><D39/><U70/><E127/><V112/><F112/><W57/><G71/><T85/><D96/><U89/><E84/><N who="0" m="32361" /><D79/><U106/><E23/><V36/><F36/><W28/><G69/><T75/><D75/><U91/><E91/><V56/><F54/><W53/><G34/><T22/><D22/><U33/><E33/><V26/><F11/><W73/><G73/><T25/><D25/><U133/><E133/><V118/><F0/><W6/><G6/><T65/><D65/><U48/><E37/><V104/><F104/><W108/><G32/><T62/><D62/><U49/><E105/><V5/><F5/><W126/><G126/><T78/><D78/><U117/><E8/><V88/><F118/><W107/><G107/><T31/><D31/><U7/><E7/><V81/><F81/><W10/><G28/><T67/><D67/><U100/><E117/><V116/><F116/><W94/><G83/><T58/><D44/><N who="1" m="25751" /><E48/><V4/><F4/><W19/><G82/><T132/><D132/><U14/><E106/><V15/><F15/><W9/><G9/><T3/><D3/><U93/><E72/><V98/><F30/><W97/><G10/><T59/><D59/><U13/><E76/><RYUUKYOKU ba="0,0" sc="250,15,250,-15,250,15,250,-15" hai0="16,18,50,52,58,74,77,80,109,110" hai2="24,26,27,38,40,45,56,60,64,88,90,95,98" /><INIT seed="0,1,0,5,1,21" ten="265,235,265,235" oya="0" hai0="2,42,6,37,49,24,83,102,16,68,135,122,103" hai1="111,132,18,11,107,88,45,99,124,25,57,39,23" hai2="80,126,14,91,12,74,131,73,72,54,121,9,95" hai3="93,60,47,81,31,0,8,61,10,113,114,41,133"/><T97/><D122/><U26/><E111/><V98/><F121/><W118/><G118/><T109/><D68/><U84/><E124/><V89/><F126/><W116/><G116/><T46/><D109/><U59/><E132/><V53/><F131/><W78/><G133/><T3/><D135/><U86/><E39/><V110/><F110/><W130/><G130/><T1/><D6/><U115/><E115/><V50/><F14/><W127/><G127/><T52/><D83/><U34/><E45/><V30/><F30/><W94/><G114/><T112/><D112/><U17/><E34/><V79/><F91/><W27/><G113/><T123/><D123/><U76/><E76/><V65/><F65/><W129/><G129/><T108/><D108/><U87/><E107/><V35/><F35/><N who="3" m="20991" /><G10/><T62/><D62/><U104/><E104/><V119/><F119/><W13/><G13/><T22/><REACH who="0" step="1"/><D97/><REACH who="0" ten="255,235,265,235" step="2"/><U7/><E7/><V4/><F80/><W134/><G134/><T44/><AGARI ba="1,1" hai="1,2,3,16,22,24,37,42,44,46,49,52,102,103" machi="44" ten="40,24000,3" yaku="1,1,2,1,0,1,52,1,54,2,53,2" doraHai="21" doraHaiUra="43" who="0" fromWho="0" sc="255,253,235,-81,265,-81,235,-81" /><INIT seed="0,2,0,5,4,78" ten="508,154,184,154" oya="0" hai0="49,90,51,64,86,70,1,35,39,81,12,122,9" hai1="26,20,131,113,10,56,55,30,96,129,69,112,79" hai2="42,17,33,3,83,44,14,63,110,43,24,59,22" hai3="111,89,58,123,38,75,41,100,99,50,118,61,82"/><T15/><D122/><U98/><E69/><V60/><F110/><W121/><G111/><T134/><D39/><U66/><E66/><V2/><F42/><W103/><G118/><T16/><D35/><U85/><E10/><V94/><F94/><W119/><G38/><T62/><D134/><U106/><E79/><V133/><F133/><W67/><G119/><T46/><D1/><U135/><E85/><V93/><F93/><W102/><G41/><T120/><D120/><N who="3" m="46153" /><G50/><T47/><REACH who="0" step="1"/><D15/><REACH who="0" ten="498,154,184,154" step="2"/><U6/><E135/><V37/><F33/><W124/><G124/><T74/><D74/><U128/><E6/><V34/><F34/><W40/><G75/><T107/><D107/><U13/><E13/><V19/><F2/><W77/><G103/><T88/><D88/><U114/><REACH who="1" step="1"/><E106/><REACH who="1" ten="498,144,184,154" step="2"/><V101/><F14/><W25/><G77/><T11/><D11/><U132/><E132/><V5/><F5/><W32/><G32/><T36/><D36/><U18/><E18/><V4/><F17/><W65/><G25/><T0/><D0/><U97/><E97/><V7/><F3/><W126/><G99/><T72/><D72/><U130/><N who="1" m="32768" /><DORA hai="76" /><U104/><E104/><V68/><F4/><W87/><G126/><T23/><D23/><U125/><E125/><V29/><F7/><W53/><G102/><T95/><D95/><U105/><E105/><V28/><F101/><W27/><G100/><T31/><D31/><U109/><E109/><V21/><F24/><W108/><G108/><T127/><D127/><U117/><E117/><V84/><F37/><W92/><G27/><RYUUKYOKU ba="2,2" sc="498,15,144,15,184,-15,154,-15" hai0="9,12,16,46,47,49,51,62,64,70,81,86,90" hai1="20,26,30,55,56,96,98,112,113,114" /><INIT seed="0,3,2,5,2,130" ten="513,159,169,139" oya="0" hai0="1,120,68,5,119,122,82,35,93,84,92,57,52" hai1="94,41,51,59,76,28,85,10,23,91,81,61,66" hai2="38,43,26,75,48,39,32,104,105,30,12,78,103" hai3="56,29,83,133,67,63,34,33,131,79,20,86,21"/><T2/><D2/><U6/><E28/><V126/><F126/><W69/><G133/><T80/><D119/><U44/><E23/><V96/><F104/><W121/><G131/><T100/><D68/><U53/><E6/><V58/><F78/><W134/><G134/><T47/><D35/><U98/><REACH who="1" step="1"/><E10/><REACH who="1" ten="513,149,169,139" step="2"/><V54/><F30/><W18/><G121/><T87/><D5/><U64/><AGARI ba="3,3" hai="41,44,51,53,59,61,64,66,76,81,85,91,94,98" machi="64" ten="30,12000,2" yaku="1,1,2,1,0,1,8,1,53,2" doraHai="130" doraHaiUra="62" who="1" fromWho="1" sc="513,-63,149,159,169,-33,139,-33" /><INIT seed="1,0,0,2,1,24" ten="450,308,136,106" oya="1" hai0="115,123,126,75,80,51,27,14,49,87,74,78,29" hai1="39,121,36,77,59,65,84,124,34,9,120,12,67" hai2="92,28,119,68,5,26,30,99,94,95,8,56,48" hai3="82,41,86,52,91,21,76,10,44,2,13,96,45"/><U37/><E34/><V114/><F119/><W112/><G112/><T72/><D115/><U118/><E118/><V128/><F68/><W23/><G2/><T135/><D126/><U127/><E77/><V62/><F114/><W15/><G15/><T18/><D135/><U106/><E106/><V97/><F128/><W46/><G41/><T55/><D123/><N who="1" m="47179" /><E84/><V54/><F62/><W6/><G96/><N who="2" m="36937" /><F26/><W98/><G98/><T66/><D66/><N who="1" m="25099" /><E12/><AGARI ba="0,0" hai="5,8,12,28,30,48,54,56,92,94,95" m="36937" machi="12" ten="30,3900,0" yaku="8,1,52,2" doraHai="24" who="2" fromWho="1" sc="450,0,308,-39,136,39,106,0" /><INIT seed="2,0,0,5,4,101" ten="450,269,175,106" oya="2" hai0="103,9,13,87,72,133,47,107,91,111,16,106,117" hai1="84,44,120,29,33,81,116,2,88,123,20,66,63" hai2="56,96,3,134,54,119,102,100,53,11,62,59,22" hai3="64,122,45,12,118,121,48,49,61,71,93,7,83"/><V115/><F115/><W129/><G118/><T36/><D72/><U77/><E116/><V125/><F119/><W46/><G129/><T108/><D117/><U75/><E2/><V21/><F125/><W90/><G83/><N who="0" m="49663" /><D103/><U131/><E131/><V68/><F102/><W35/><G35/><T65/><D65/><U37/><E33/><V52/><F134/><W99/><G48/><T41/><D133/><U19/><E29/><V82/><F82/><W26/><G26/><T94/><D94/><U60/><E44/><V98/><F98/><W73/><G46/><T132/><D132/><U85/><E37/><V43/><F43/><W69/><G69/><T80/><D80/><U124/><E124/><V23/><F68/><W126/><G126/><T15/><D15/><U31/><E31/><V24/><F24/><W38/><G38/><T17/><D17/><U74/><E74/><V34/><F34/><W78/><G78/><T112/><D112/><U18/><E75/><V79/><F79/><W42/><REACH who="3" step="1"/><G73/><REACH who="3" ten="450,269,175,96" step="2"/><T58/><D58/><U6/><E81/><V4/><REACH who="2" step="1"/><F59/><REACH who="2" ten="450,269,165,96" step="2"/><W70/><G70/><T130/><D130/><U95/><E77/><V89/><F89/><W5/><G5/><T67/><D67/><U51/><E66/><V8/><F8/><AGARI ba="0,2" hai="7,8,12,42,45,49,61,64,71,90,93,99,121,122" machi="8" ten="40,2600,0" yaku="1,1,53,1" doraHai="101" doraHaiUra="57" who="3" fromWho="2" sc="450,0,269,0,165,-26,96,46" /><INIT seed="3,0,0,1,2,24" ten="450,269,139,142" oya="3" hai0="28,19,35,62,79,45,16,39,114,100,56,103,124" hai1="91,20,128,10,106,37,22,40,117,42,21,134,25" hai2="108,46,122,83,27,120,61,15,102,0,9,90,1" hai3="99,89,72,14,18,105,73,30,66,23,119,54,59"/><W57/><G119/><T101/><D124/><U87/><E106/><V80/><F108/><W123/><G123/><N who="2" m="47145" /><F102/><W76/><G105/><T78/><D78/><U8/><E20/><V29/><F61/><W86/><G99/><T118/><D118/><U36/><BYE who="0" /><E87/><N who="2" m="50535" /><F46/><W41/><G41/><T77/><D77/><U127/><E25/><V70/><F83/><W97/><G97/><T17/><D17/><U7/><E7/><N who="2" m="3519" /><F70/><W93/><G76/><T129/><D129/><U38/><E127/><V33/><AGARI ba="0,0" hai="0,1,27,29,33" m="3519,50535,47145" machi="33" ten="30,2000,0" yaku="13,1,52,1" doraHai="24" who="2" fromWho="2" sc="450,-5,269,-5,139,20,142,-10" owari="445,54.5,264,6.4,159,-24.1,132,-36.8" /></mjloggm>