<mjloggm ver="2.3"><GO type="225" lobby="0"/><UN n0="%6D%75%75%6D%75%72%61" n1="%E7%BD%AA%E5%88%91%E6%B3%95%E5%AE%9A%E4%B8%BB%E7%BE%A9" n2="%6C%61%6D%62" n3="%E8%81%B7%E6%A5%AD%E3%80%81%E9%A2%A8%32" dan="16,16,16,16" rate="2091.75,2165.30,2139.46,2110.51" sx="F,M,M,M"/><TAIKYOKU oya="0"/><INIT seed="0,0,0,4,2,59" ten="250,250,250,250" oya="0" hai0="109,48,15,53,77,131,74,72,112,49,120,33,14" hai1="97,89,1,9,90,2,115,133,65,94,6,56,82" hai2="54,50,29,76,87,88,51,110,71,104,16,116,119" hai3="106,25,20,135,93,27,60,129,75,42,38,10,108"/><T26/><D112/><U58/><E115/><V134/><F110/><W32/><G108/><T95/><D109/><U79/><E133/><V22/><F134/><W45/><G106/><T121/><D131/><U43/><E43/><V39/><F39/><W19/><G75/><T85/><D33/><U40/><E40/><V30/><F104/><W46/><G46/><T7/><D26/><U70/><E2/><V107/><F107/><W23/><G32/><T84/><D95/><U125/><E125/><V0/><F71/><W111/><G111/><T123/><D7/><U92/><E65/><V91/><F0/><W73/><G129/><T47/><D77/><U63/><E70/><V41/><F41/><W101/><G73/><T62/><D123/><U78/><E63/><V31/><F76/><W36/><G10/><T55/><D47/><U67/><E67/><V128/><F128/><W114/><G135/><T64/><D64/><U118/><E79/><V98/><F98/><W99/><G114/><T24/><D24/><U105/><E118/><N who="2" m="45099" /><F54/><W4/><G4/><T61/><AGARI ba="0,0" hai="14,15,48,49,53,55,61,62,72,74,84,85,120,121" machi="61" ten="25,12000,1" yaku="0,1,22,2,52,2" doraHai="59" who="0" fromWho="0" sc="250,120,250,-40,250,-40,250,-40" /><INIT seed="0,1,0,5,3,13" ten="370,210,210,210" oya="0" hai0="57,71,0,40,38,103,135,86,92,133,20,53,126" hai1="119,104,10,82,42,24,102,63,37,78,110,23,14" hai2="134,65,73,81,16,2,125,41,56,74,122,117,17" hai3="93,95,51,129,55,128,39,12,116,62,7,50,36"/><T130/><D71/><U101/><E119/><V121/><F2/><W113/><G113/><T85/><D0/><U75/><E110/><V43/><F117/><W69/><G116/><T72/><D72/><U89/><E104/><V29/><F29/><W124/><G124/><T18/><D126/><U5/><E89/><V97/><F125/><W67/><G7/><T4/><D4/><U131/><E131/><N who="3" m="50250" /><G12/><N who="0" m="9287" /><D130/><U19/><REACH who="1" step="1"/><E63/><REACH who="1" ten="370,200,210,210" step="2"/><V98/><F121/><W105/><G105/><T44/><D103/><U127/><E127/><V88/><F88/><W26/><G62/><N who="0" m="36143" /><D92/><U8/><E8/><V66/><F122/><W87/><G95/><T49/><D38/><U106/><E106/><V45/><F81/><W115/><G39/><T90/><D90/><U107/><E107/><V68/><F68/><W76/><G36/><T80/><D80/><U70/><E70/><V47/><REACH who="2" step="1"/><F56/><REACH who="2" ten="370,200,200,210" step="2"/><W3/><G69/><T25/><D133/><AGARI ba="1,2" hai="16,17,41,43,45,47,65,66,73,74,97,98,133,134" machi="133" ten="25,12000,2" yaku="1,1,2,1,22,2,52,2,54,1,53,0" doraHai="13" doraHaiUra="120" who="2" fromWho="0" sc="370,-123,200,0,200,143,210,0" /><INIT seed="1,0,0,3,1,64" ten="247,200,343,210" oya="1" hai0="55,14,15,46,33,41,34,104,75,76,115,48,40" hai1="60,4,23,17,19,131,120,117,44,53,45,83,47" hai2="13,7,39,18,105,50,26,30,77,133,73,103,132" hai3="127,35,122,113,125,71,56,126,38,51,118,31,67"/><U70/><E117/><V112/><F39/><W57/><G122/><T9/><D104/><U93/><E120/><V8/><F105/><W20/><G35/><T128/><D115/><U61/><E131/><V22/><F103/><W79/><G113/><T90/><D128/><U89/><E4/><V92/><F112/><W6/><G38/><T12/><D9/><U72/><E53/><V111/><F92/><W52/><G79/><T86/><D76/><U62/><E83/><V59/><F77/><W85/><G85/><T78/><D78/><U5/><E5/><V130/><F73/><W87/><G87/><T110/><D75/><U21/><E72/><V58/><F130/><W119/><G6/><T28/><D110/><U2/><E2/><N who="2" m="119" /><F50/><W65/><G71/><T27/><REACH who="0" step="1"/><D33/><REACH who="0" ten="237,200,343,210" step="2"/><U66/><E23/><N who="2" m="11727" /><F111/><W102/><G119/><T106/><D106/><U129/><E129/><V100/><F22/><W25/><G118/><T114/><D114/><U134/><E134/><V98/><F133/><W121/><G121/><T116/><D116/><U32/><E32/><N who="2" m="20567" /><F132/><W101/><G20/><T10/><D10/><U74/><E74/><V69/><F69/><W3/><G125/><T11/><D11/><U42/><E42/><V37/><F37/><W68/><G68/><T54/><D54/><U96/><REACH who="1" step="1"/><E17/><REACH who="1" ten="237,190,343,210" step="2"/><V123/><F123/><W109/><G52/><T16/><D16/><U24/><AGARI ba="0,2" hai="19,21,24,44,45,47,60,61,62,66,70,89,93,96" machi="24" ten="30,11700,0" yaku="1,1,2,1,0,1,52,1,53,0" doraHai="64" doraHaiUra="82" who="1" fromWho="1" sc="237,-39,190,137,343,-39,210,-39" /><INIT seed="1,1,0,5,0,85" ten="198,327,304,171" oya="1" hai0="8,39,4,46,21,73,52,1,26,9,50,31,32" hai1="57,121,91,98,44,63,25,43,92,58,103,133,55" hai2="19,40,12,112,11,129,102,16,78,65,130,20,37" hai3="18,75,68,119,3,124,89,59,45,108,71,135,47"/><U84/><E133/><V81/><F65/><W134/><G3/><T118/><D118/><U97/><E121/><V66/><F66/><W88/><G75/><T64/><D73/><U48/><E58/><V127/><F127/><W122/><G59/><T107/><D107/><U100/><E25/><V111/><F111/><W41/><G108/><T67/><D39/><U53/><E43/><V38/><F102/><AGARI ba="1,0" hai="44,48,53,55,57,63,84,91,92,97,98,100,102,103" machi="102" ten="40,3900,0" yaku="8,1,52,1" doraHai="85" who="1" fromWho="2" sc="198,0,327,42,304,-42,171,0" /><INIT seed="1,2,0,0,4,53" ten="198,369,262,171" oya="1" hai0="55,42,29,14,61,51,113,123,65,79,22,131,121" hai1="56,102,54,103,85,76,99,110,63,132,66,5,7" hai2="16,98,88,19,49,115,33,127,135,80,68,97,62" hai3="105,75,107,73,82,48,89,114,17,6,95,52,84"/><U37/><E132/><V124/><F33/><W26/><G114/><T46/><D113/><U12/><E37/><V60/><F115/><W9/><G105/><T83/><D131/><U69/><E110/><V35/><F35/><W128/><G107/><T10/><D29/><U112/><E112/><V133/><F49/><W93/><G128/><T57/><D22/><U58/><E69/><V64/><F62/><W134/><G134/><N who="2" m="51209" /><F97/><W118/><G118/><T126/><D126/><N who="2" m="48170" /><F80/><W4/><G73/><T21/><D21/><U90/><E99/><V94/><AGARI ba="2,0" hai="16,19,60,64,68,88,94,98" m="48170,51209" machi="94" ten="40,8000,1" yaku="20,1,18,1,54,2" doraHai="53" who="2" fromWho="2" sc="198,-22,369,-42,262,86,171,-22" /><INIT seed="2,0,0,0,2,67" ten="176,327,348,149" oya="2" hai0="4,0,121,131,32,8,7,100,19,107,16,76,101" hai1="11,43,28,2,36,108,81,114,84,92,104,3,112" hai2="125,75,38,52,85,37,105,71,119,99,45,66,54" hai3="10,33,129,122,68,41,14,87,113,12,63,15,130"/><V42/><F75/><W49/><G122/><T93/><D121/><U98/><E104/><V79/><F119/><W5/><G33/><T48/><D107/><U13/><E108/><V118/><F118/><W111/><G111/><T72/><D32/><U26/><E114/><V88/><F37/><W40/><G113/><T9/><D131/><U22/><E43/><V53/><F125/><W127/><G127/><T95/><D48/><U21/><E21/><V70/><F66/><N who="3" m="41055" /><G87/><T39/><D39/><U96/><E96/><V116/><F116/><W1/><G49/><T109/><D109/><U34/><E36/><V120/><F79/><W46/><G46/><T17/><D72/><U6/><E112/><V69/><F120/><W132/><G132/><T77/><REACH who="0" step="1"/><D19/><REACH who="0" ten="166,327,348,149" step="2"/><U27/><E34/><V103/><REACH who="2" step="1"/><F71/><REACH who="2" ten="166,327,338,149" step="2"/><W73/><G73/><T89/><D89/><U18/><E28/><V44/><F44/><W78/><G78/><T50/><D50/><U80/><E18/><V90/><F90/><W57/><G57/><T134/><D134/><U124/><E124/><V35/><F35/><W117/><G117/><T60/><D60/><U61/><E61/><V97/><F97/><W29/><G29/><T126/><D126/><U74/><E98/><V23/><F23/><W56/><G56/><T128/><D128/><AGARI ba="0,2" hai="1,5,10,12,14,15,40,41,128,129,130" m="41055" machi="128" ten="30,2000,0" yaku="19,1,52,1" doraHai="67" who="3" fromWho="0" sc="166,-20,327,0,338,0,149,40" /><INIT seed="3,0,0,2,1,75" ten="146,327,338,189" oya="3" hai0="0,49,1,43,117,122,114,67,34,97,128,132,134" hai1="27,87,98,12,109,28,21,112,81,78,72,51,115" hai2="116,64,127,17,18,58,22,11,2,124,84,108,38" hai3="86,13,73,118,47,99,123,20,14,57,125,8,68"/><W54/><G73/><T70/><D117/><U121/><E121/><V3/><F116/><W107/><G68/><T96/><D122/><U56/><E72/><V39/><F84/><W63/><G123/><T102/><D128/><U45/><E109/><V90/><F90/><W76/><G125/><N who="2" m="48201" /><F108/><W135/><G135/><T95/><D34/><U93/><E56/><V94/><F94/><W100/><G118/><T89/><D114/><U48/><E12/><N who="2" m="7327" /><F58/><W83/><G20/><T5/><D5/><U106/><E106/><V77/><F77/><W32/><G32/><T60/><D49/><U55/><E51/><V92/><F92/><W6/><REACH who="3" step="1"/><G47/><REACH who="3" ten="146,327,338,179" step="2"/><T79/><D43/><U31/><E28/><V10/><F22/><W69/><G69/><T30/><D30/><U80/><E80/><V85/><F10/><W105/><G105/><T40/><D40/><U37/><E37/><V59/><F38/><W113/><G113/><T120/><D120/><U16/><E31/><V46/><F46/><W36/><G36/><T131/><D131/><U53/><E53/><V61/><F39/><W35/><G35/><T62/><D132/><U110/><E110/><V71/><F71/><W29/><G29/><T104/><D134/><U42/><E55/><V41/><F41/><W25/><G25/><T133/><D133/><U33/><E33/><V126/><F126/><W23/><G23/><T44/><D44/><U82/><E81/><V52/><F52/><W119/><G119/><T91/><D104/><U7/><E7/><V19/><F85/><W129/><G129/><T50/><D70/><RYUUKYOKU ba="0,1" sc="146,-30,327,10,338,10,179,10" hai1="16,21,27,42,45,48,78,82,87,93,98,112,115" hai2="2,3,18,19,59,61,64" hai3="6,8,13,14,54,57,63,76,83,86,99,100,107" /><INIT seed="3,1,1,1,5,45" ten="116,337,348,189" oya="3" hai0="111,14,103,62,4,129,89,54,80,82,16,127,121" hai1="86,51,41,98,40,31,118,73,43,72,57,101,24" hai2="78,59,79,83,44,36,113,48,100,116,105,106,7" hai3="108,19,126,119,93,39,114,74,29,1,53,117,8"/><W20/><G74/><T95/><D111/><U70/><E70/><V122/><F116/><W22/><G39/><T15/><D129/><U97/><E118/><V28/><F113/><W102/><G114/><T27/><D127/><U5/><E5/><V60/><F36/><W65/><G126/><T110/><D110/><U47/><E73/><V64/><F122/><W52/><G108/><T46/><D121/><U2/><E2/><V76/><F7/><W120/><G120/><T34/><D34/><U11/><E11/><V38/><F38/><W35/><G65/><T25/><D103/><U10/><E10/><V115/><F115/><W9/><G1/><T58/><D4/><U55/><E72/><V130/><F130/><W26/><G9/><T21/><D46/><U125/><E125/><V132/><F28/><W85/><G8/><T30/><D14/><U12/><E12/><V99/><F132/><W13/><G35/><T94/><D94/><N who="1" m="58551" /><E86/><V32/><F32/><W37/><G37/><T124/><D124/><U3/><E98/><V109/><F109/><W71/><G119/><T68/><D68/><U49/><E3/><V61/><F61/><W88/><G71/><T87/><REACH who="0" step="1"/><D30/><REACH who="0" ten="106,337,348,189" step="2"/><U18/><E31/><V23/><F44/><W67/><G117/><T63/><D63/><U84/><E84/><V75/><F60/><W0/><G0/><T133/><D133/><U81/><E81/><AGARI ba="1,2" hai="15,16,21,25,27,54,58,62,80,81,82,87,89,95" machi="81" ten="40,5200,0" yaku="1,1,8,1,54,1,53,0" doraHai="45" doraHaiUra="66" who="0" fromWho="1" sc="106,75,337,-55,348,0,189,0" owari="181,-31.9,282,8.2,348,44.8,189,-21.1" /></mjloggm>