<mjloggm ver="2.3"><GO type="225" lobby="0"/><UN n0="%61%6D%65%6B%69" n1="%E3%81%A4%E3%81%A3%E3%81%B1%E3%82%8A%E3%83%9D%E3%83%BC%E3%83%AB" n2="%48%61%61%61%6C%61%6E%64" n3="%E5%8B%95%E7%89%A9%E5%9C%92%E3%81%AE%E3%81%8F%E3%82%8D" dan="16,17,18,16" rate="2095.10,2266.94,2129.88,2161.32" sx="M,M,M,M"/><TAIKYOKU oya="0"/><INIT seed="0,0,0,0,1,98" ten="250,250,250,250" oya="0" hai0="84,90,94,106,24,79,116,121,3,99,32,47,39" hai1="96,33,15,122,12,123,67,11,132,91,81,18,7" hai2="129,95,92,28,131,72,19,126,101,53,135,34,59" hai3="118,26,36,120,2,58,125,78,14,38,5,128,127"/><T27/><D116/><U115/><E132/><V87/><F72/><W111/><G118/><T63/><D121/><U70/><E115/><V1/><F135/><W45/><G111/><T88/><D3/><U46/><E33/><V110/><F110/><W6/><G120/><T56/><D32/><U64/><E70/><V74/><F74/><W102/><G2/><T57/><D79/><U103/><E123/><V30/><F1/><W60/><G128/><N who="2" m="49225" /><F126/><N who="3" m="48139" /><G78/><T16/><D56/><U124/><E122/><V65/><F65/><N who="3" m="39063" /><G14/><T100/><D90/><U29/><E29/><V0/><F0/><W109/><G109/><T51/><D39/><N who="3" m="14889" /><G45/><T62/><D16/><U133/><E46/><V23/><F19/><W66/><G66/><T22/><D22/><U13/><E124/><V49/><F23/><W20/><G102/><T107/><D107/><U104/><E133/><V69/><F34/><W113/><G113/><T21/><D21/><U40/><E15/><V42/><F101/><W55/><G55/><T71/><D71/><U105/><E105/><V54/><F69/><W41/><G41/><T48/><D57/><U80/><E40/><V85/><F42/><W68/><G68/><T89/><D89/><U43/><E43/><V4/><F54/><W31/><AGARI ba="0,0" hai="5,6,20,26,31" m="14889,39063,48139" machi="31" ten="30,1100,0" yaku="18,1" doraHai="98" who="3" fromWho="3" sc="250,-5,250,-3,250,-3,250,11" /><INIT seed="1,0,0,1,5,29" ten="245,247,247,261" oya="1" hai0="37,0,106,92,22,11,42,47,101,129,97,69,67" hai1="107,114,79,48,54,8,73,58,33,88,124,12,117" hai2="4,113,122,126,38,80,15,61,6,76,59,125,119" hai3="40,63,95,39,118,23,89,128,83,71,45,104,127"/><U50/><E114/><V100/><F119/><W86/><G104/><T13/><D129/><U82/><E117/><V123/><F38/><W30/><G128/><T75/><D75/><U62/><E107/><V74/><F113/><W70/><G118/><T10/><D0/><U2/><E124/><N who="2" m="47723" /><F100/><W14/><G127/><T120/><D120/><N who="2" m="46122" /><F15/><W35/><G35/><T91/><D67/><AGARI ba="0,0" hai="4,6,59,61,67,74,76,80" m="46122,47723" machi="67" ten="30,1000,0" yaku="18,1" doraHai="29" who="2" fromWho="0" sc="245,-10,247,0,247,10,261,0" /><INIT seed="2,0,0,3,3,8" ten="235,247,257,261" oya="2" hai0="118,32,28,70,84,54,23,34,43,30,121,120,1" hai1="59,6,41,74,39,104,106,91,65,99,3,110,53" hai2="126,95,10,119,20,49,9,0,92,11,132,100,76" hai3="134,93,101,105,66,38,116,56,45,5,44,64,98"/><V48/><F119/><W58/><G116/><T127/><D70/><U80/><E110/><V26/><F0/><W73/><G134/><T60/><D118/><U24/><E65/><N who="3" m="25194" /><G105/><T31/><D43/><U129/><E24/><V52/><F132/><W40/><G73/><T103/><D103/><U69/><E69/><V22/><F126/><W107/><G107/><T123/><D84/><U135/><E129/><V122/><F122/><W81/><G81/><T78/><D78/><N who="1" m="44119" /><E91/><V112/><F76/><W133/><G133/><T97/><D97/><U7/><E7/><V130/><F130/><W67/><G38/><T114/><D54/><U15/><E99/><N who="2" m="59495" /><F112/><W77/><G40/><T86/><D86/><U87/><E87/><V113/><F113/><W62/><G77/><T108/><D60/><U46/><E135/><V82/><F82/><W61/><G5/><T79/><D79/><U2/><E2/><V47/><F95/><W13/><G13/><T85/><D85/><U14/><E106/><V50/><F26/><W12/><G12/><T42/><D42/><U90/><E104/><V55/><F49/><W33/><G33/><N who="0" m="12907" /><D114/><U27/><E27/><V125/><F125/><W37/><G37/><T117/><D127/><U96/><E96/><V128/><F128/><W68/><G68/><T16/><D1/><U88/><E3/><V75/><F75/><W109/><G109/><T102/><D108/><U131/><E131/><V17/><F48/><W4/><G4/><T21/><D117/><U18/><E6/><V19/><F55/><AGARI ba="0,0" hai="44,45,55,56,58,61,62,67,93,98,101" m="25194" machi="55" ten="30,1000,0" yaku="8,1" doraHai="8" who="3" fromWho="2" sc="235,0,247,0,257,-10,261,10" /><INIT seed="3,0,0,3,4,22" ten="235,247,247,271" oya="3" hai0="58,104,1,36,28,46,19,71,23,86,6,131,40" hai1="83,80,13,62,91,118,42,29,117,72,126,106,39" hai2="3,114,130,110,66,63,89,26,56,10,119,34,38" hai3="7,57,20,2,45,125,44,84,0,135,33,59,5"/><W93/><G125/><T128/><D71/><U8/><E106/><V53/><F114/><W116/><G33/><T95/><D104/><U107/><E107/><V113/><F113/><W129/><G116/><N who="1" m="44650" /><E126/><V14/><F119/><W87/><G20/><T9/><D28/><U111/><E111/><V54/><F110/><W105/><G105/><T85/><D58/><U49/><E29/><V27/><F3/><W99/><G99/><T68/><D68/><U103/><E103/><V134/><F38/><W100/><G100/><T32/><D32/><U112/><E72/><V109/><F109/><W17/><G17/><T92/><D92/><U90/><E39/><V132/><F130/><N who="0" m="49706" /><D95/><U102/><E62/><V30/><F30/><W124/><G93/><T16/><D19/><N who="1" m="8615" /><E102/><V69/><F34/><W31/><G124/><T21/><D21/><U101/><E101/><V79/><F69/><W37/><G31/><T67/><D67/><U76/><E112/><V98/><F66/><W25/><G129/><T48/><D36/><U127/><E127/><V120/><F63/><W73/><G37/><T35/><D35/><U123/><E123/><V41/><F120/><W51/><G73/><T75/><D75/><N who="1" m="43039" /><E83/><V81/><F81/><W24/><G51/><T4/><D4/><U15/><E15/><AGARI ba="0,0" hai="1,6,9,15,16,23,40,46,48,85,86" m="49706" machi="15" ten="30,2000,0" yaku="19,1,54,1" doraHai="22" who="0" fromWho="1" sc="235,20,247,-20,247,0,271,0" /><INIT seed="4,0,0,0,2,122" ten="255,227,247,271" oya="0" hai0="102,18,117,39,16,87,1,104,114,71,45,34,60" hai1="68,78,28,27,12,111,82,124,5,33,49,9,15" hai2="50,59,110,61,130,89,38,75,107,19,133,26,74" hai3="96,100,86,118,120,55,31,88,108,93,65,29,2"/><T95/><D1/><U6/><E124/><V73/><F38/><W37/><G108/><T0/><D0/><U92/><E68/><V128/><F133/><W63/><G118/><T101/><D117/><U112/><E112/><V53/><F107/><W54/><G37/><T35/><D114/><U90/><E49/><V77/><F77/><W126/><G2/><T57/><D71/><U80/><E111/><V106/><F106/><W84/><G120/><T3/><D3/><U32/><E32/><V22/><F110/><W94/><G126/><T97/><D35/><U72/><E82/><V52/><REACH who="2" step="1"/><F89/><REACH who="2" ten="255,227,237,271" step="2"/><W105/><G105/><T44/><D39/><U66/><E66/><V127/><F127/><W62/><G86/><T30/><D102/><U70/><E70/><V58/><AGARI ba="0,1" hai="19,22,26,50,52,53,58,59,61,73,74,75,128,130" machi="58" ten="40,5200,0" yaku="1,1,0,1,54,1,53,0" doraHai="122" doraHaiUra="10" who="2" fromWho="2" sc="255,-26,227,-13,237,62,271,-13" /><INIT seed="5,0,0,3,0,5" ten="229,214,299,258" oya="1" hai0="93,61,125,135,112,29,124,129,106,98,16,44,48" hai1="104,43,121,113,52,33,88,42,81,50,31,57,122" hai2="49,26,41,36,72,14,130,62,114,133,66,87,35" hai3="55,60,17,127,1,18,10,32,90,94,12,116,53"/><U103/><E113/><V34/><F72/><W13/><G1/><T63/><D106/><U11/><E33/><V56/><F114/><W70/><G32/><T28/><D129/><U120/><E31/><V76/><F130/><W69/><G127/><N who="0" m="48715" /><D135/><U24/><E24/><V9/><F36/><W22/><G116/><T38/><D38/><U3/><E104/><V27/><F133/><W107/><G107/><T86/><D86/><U79/><E103/><V89/><F76/><W30/><G30/><N who="0" m="11883" /><D112/><U80/><E88/><V82/><F34/><W102/><G102/><N who="0" m="60751" /><D16/><U19/><E19/><N who="2" m="8655" /><F35/><W47/><G47/><AGARI ba="0,0" hai="26,27,41,47,49,56,62,66,82,87,89" m="8655" machi="47" ten="30,2000,0" yaku="8,1,52,1" doraHai="5" who="2" fromWho="3" sc="229,0,214,0,299,20,258,-20" owari="229,-17.1,214,-28.6,319,41.9,238,3.8" /></mjloggm>