<mjloggm ver="2.3"><GO type="225" lobby="0"/><UN n0="%E3%82%BF%E3%83%BC%E3%83%90%E3%83%B3%E9%87%8E%E5%8F%A3" n1="%6D%75%75%73%61%6E%6D%75" n2="%E5%B0%8F%E9%B3%A5%E9%81%8A%E7%B7%B4%E7%84%A1%32%31%E6%AD%B3" n3="%E3%83%81%E3%83%AF%E3%83%AF%E9%9A%8A%E9%95%B7" dan="16,16,16,17" rate="2036.70,2136.23,2165.61,2186.47" sx="M,F,F,M"/><TAIKYOKU oya="0"/><INIT seed="0,0,0,2,4,16" ten="250,250,250,250" oya="0" hai0="126,18,68,88,132,45,4,66,40,17,135,0,82" hai1="60,8,81,121,46,104,113,79,19,92,12,134,25" hai2="35,38,94,91,70,34,86,64,73,61,122,13,125" hai3="27,110,76,52,6,55,96,95,98,117,115,71,21"/><T65/><D126/><U106/><E121/><V93/><F125/><W90/><G115/><T99/><D0/><U28/><E113/><V111/><F122/><W97/><G117/><T51/><D4/><U102/><E134/><N who="0" m="51241" /><D68/><U39/><E60/><V14/><F73/><W83/><G71/><T56/><D56/><U77/><E92/><V23/><F38/><W107/><G6/><T120/><D120/><U10/><E10/><V24/><F111/><W114/><G114/><T47/><D47/><U124/><E124/><V78/><F78/><W80/><G110/><T112/><D112/><U108/><E108/><V33/><REACH who="2" step="1"/><F94/><REACH who="2" ten="250,250,240,250" step="2"/><W54/><G107/><T67/><D82/><N who="3" m="31273" /><G76/><T85/><D85/><U87/><E79/><V100/><F100/><W89/><G95/><AGARI ba="0,1" hai="17,18,40,45,51,65,66,67,88,95,99" m="51241" machi="95" ten="30,2900,0" yaku="20,1,54,1" doraHai="16" who="0" fromWho="3" sc="250,39,250,0,240,0,250,-29" /><INIT seed="0,1,0,2,4,62" ten="289,250,240,221" oya="0" hai0="105,18,11,97,24,59,121,34,31,44,87,127,115" hai1="126,45,21,95,101,81,109,52,123,99,65,66,20" hai2="41,94,96,10,72,113,103,119,63,64,77,2,133" hai3="71,29,23,6,88,116,46,134,42,104,47,112,43"/><T3/><D121/><U28/><E123/><V75/><F113/><W33/><G112/><T131/><D115/><U80/><E109/><V25/><F133/><W12/><G116/><T32/><D131/><U39/><E126/><V92/><F119/><W118/><G118/><T67/><D127/><U38/><E38/><V120/><F120/><W78/><G104/><T4/><D34/><U61/><E39/><V14/><F2/><W76/><G33/><T122/><D122/><U30/><E20/><V7/><F41/><N who="3" m="15371" /><G71/><T86/><D44/><N who="3" m="16937" /><G134/><T9/><D9/><U35/><E35/><V106/><F75/><W100/><G100/><T132/><D18/><U124/><E124/><V98/><F77/><N who="3" m="29803" /><G88/><T130/><D132/><U90/><E90/><V82/><F72/><W49/><G49/><T58/><D130/><U55/><E45/><V0/><F106/><W57/><G57/><T19/><D58/><N who="1" m="35015" /><E55/><V111/><F111/><W108/><G108/><T26/><D59/><U128/><E128/><V107/><F107/><W69/><G69/><T17/><D105/><U50/><E50/><V56/><F25/><N who="3" m="16575" /><G12/><T60/><D32/><U102/><E102/><V129/><F129/><W74/><G74/><T89/><D3/><U114/><E114/><V48/><F48/><W15/><G15/><T84/><D26/><N who="1" m="16463" /><E30/><V73/><F73/><W27/><G27/><T70/><D24/><U13/><E13/><V5/><F0/><W117/><G117/><T110/><D31/><U68/><E68/><V16/><F82/><AGARI ba="1,0" hai="65,66,80,81,82,95,99,101" m="16463,35015" machi="82" ten="30,7700,0" yaku="8,1,52,2,54,1" doraHai="62" who="1" fromWho="2" sc="289,0,250,80,240,-80,221,0" /><INIT seed="1,0,0,4,4,130" ten="289,330,160,221" oya="1" hai0="86,93,42,95,74,2,78,14,123,21,19,4,126" hai1="65,8,41,92,97,101,107,62,82,110,64,44,54" hai2="57,20,133,122,119,132,18,43,120,81,9,7,83" hai3="45,37,121,73,72,22,1,111,134,69,87,128,26"/><U56/><E110/><V13/><F43/><W70/><G121/><N who="2" m="46697" /><F57/><W68/><G1/><T47/><D123/><U71/><E71/><V32/><F83/><W125/><G111/><T29/><D126/><U36/><E82/><V112/><F81/><W51/><G125/><T31/><D74/><U116/><E116/><V60/><F60/><W76/><G37/><T24/><D78/><U80/><E80/><V52/><F52/><W16/><G76/><T30/><D86/><U105/><E65/><V6/><F119/><W55/><G128/><T67/><D67/><U91/><E64/><V90/><F90/><W88/><REACH who="3" step="1"/><G134/><REACH who="3" ten="289,330,160,211" step="2"/><N who="2" m="51817" /><F112/><W106/><G106/><T114/><D114/><U48/><E105/><V75/><F75/><W79/><G79/><T40/><D2/><U61/><E107/><V0/><F6/><W17/><G17/><T129/><D129/><U53/><E36/><V89/><F89/><W28/><G28/><N who="0" m="10859" /><D4/><U113/><E91/><V85/><F85/><W10/><G10/><T131/><D131/><U50/><E8/><V58/><F58/><W117/><G117/><T34/><D47/><N who="1" m="27807" /><E113/><V27/><F32/><W109/><G109/><T49/><D49/><U100/><E101/><V59/><F59/><W135/><G135/><T118/><D118/><U127/><E127/><V12/><AGARI ba="0,1" hai="0,7,9,12,13,18,20,27" m="51817,46697" machi="12" ten="40,12000,2" yaku="20,1,34,2,52,3" doraHai="130" who="2" fromWho="2" sc="289,-30,330,-60,160,130,211,-30" /><INIT seed="2,0,0,1,1,22" ten="259,270,290,181" oya="2" hai0="8,89,52,106,42,110,135,64,2,62,118,133,98" hai1="82,31,48,49,72,109,129,104,124,131,128,73,63" hai2="29,130,79,25,12,16,19,13,56,21,59,40,37" hai3="87,123,114,90,55,88,30,39,112,53,4,81,127"/><V66/><F130/><W7/><G123/><T46/><D110/><U1/><E109/><V101/><F79/><W121/><G121/><T18/><D118/><U3/><E104/><V116/><F116/><W54/><G39/><T57/><D64/><U43/><E124/><V15/><F101/><W71/><G71/><T27/><D2/><N who="1" m="523" /><E82/><V100/><F100/><W95/><G127/><T103/><D89/><U91/><E91/><V58/><REACH who="2" step="1"/><F66/><REACH who="2" ten="259,270,280,181" step="2"/><W102/><G102/><T11/><D133/><U77/><E77/><V92/><F92/><W60/><G114/><T115/><D135/><U85/><E128/><V5/><F5/><W119/><G112/><T65/><D115/><U111/><E129/><V120/><F120/><W20/><G119/><T105/><D65/><U68/><E131/><V45/><AGARI ba="0,1" hai="12,13,15,16,19,21,25,29,37,40,45,56,58,59" machi="45" ten="40,12000,1" yaku="1,1,0,1,52,1,54,1,53,0" doraHai="22" doraHaiUra="47" who="2" fromWho="2" sc="259,-40,270,-40,280,130,181,-40" /><INIT seed="2,1,0,1,5,74" ten="219,230,410,141" oya="2" hai0="135,116,40,133,132,66,78,4,60,64,34,82,5" hai1="8,91,124,7,118,125,134,41,130,35,9,97,16" hai2="45,17,70,55,10,28,27,96,21,31,51,77,108" hai3="44,86,129,36,106,69,54,120,37,43,85,107,30"/><V94/><F70/><W89/><G120/><T13/><D34/><U117/><E41/><V38/><F108/><W99/><G37/><T115/><D115/><U105/><E105/><V112/><F112/><W126/><G69/><N who="0" m="42119" /><D116/><N who="1" m="44651" /><E97/><V20/><F10/><W87/><G129/><T58/><D40/><U11/><E91/><V119/><F38/><W90/><G126/><N who="1" m="48746" /><E130/><V98/><F98/><W92/><G30/><T62/><D13/><N who="1" m="7207" /><E134/><V65/><F119/><W26/><G26/><T0/><D0/><U14/><E11/><V24/><F65/><W128/><G128/><T15/><D15/><U81/><E81/><V76/><F31/><W114/><G114/><T29/><D29/><U23/><E23/><V122/><F122/><W101/><G54/><T3/><D3/><U56/><E56/><V121/><F121/><W49/><G36/><T127/><D127/><U88/><E88/><AGARI ba="1,0" hai="17,20,21,24,27,28,45,51,55,76,77,88,94,96" machi="88" ten="30,12000,1" yaku="7,1,8,1,52,2,54,1" doraHai="74" who="2" fromWho="1" sc="219,0,230,-123,410,123,141,0" /><INIT seed="2,2,0,1,0,44" ten="219,107,533,141" oya="2" hai0="68,75,97,12,20,120,112,35,90,79,126,58,19" hai1="77,26,88,81,23,119,41,64,34,86,15,30,10" hai2="94,59,46,85,63,56,51,9,43,61,134,38,116" hai3="42,54,114,93,72,3,128,89,33,135,106,37,80"/><V76/><F116/><W102/><G3/><T110/><D120/><U36/><E119/><V55/><F134/><W39/><G33/><T91/><D112/><U14/><E64/><V22/><F9/><W125/><G114/><T66/><D68/><U130/><E130/><V82/><F22/><W78/><G128/><T98/><D35/><U123/><E123/><V100/><F100/><W62/><G135/><T2/><D2/><U71/><E71/><V18/><F18/><W69/><G42/><T57/><D110/><U105/><E105/><V0/><F0/><W48/><G125/><T132/><D132/><U40/><E36/><V31/><F31/><W5/><G5/><T117/><D126/><U113/><E113/><V109/><F109/><W24/><G24/><T122/><D122/><U103/><E103/><V53/><F94/><W11/><G11/><T45/><D117/><U17/><REACH who="1" step="1"/><E77/><REACH who="1" ten="219,97,533,141" step="2"/><V129/><F129/><W67/><G102/><T74/><D79/><U65/><E65/><V83/><F38/><W16/><G106/><T6/><D66/><U27/><E27/><V13/><F76/><W25/><G39/><T133/><D133/><U115/><E115/><V84/><F13/><W118/><G37/><T49/><D12/><U127/><E127/><V60/><F60/><W99/><G118/><T70/><D70/><U111/><E111/><V101/><F101/><W21/><G62/><T8/><D91/><U73/><E73/><V92/><F63/><W32/><G69/><T107/><D75/><U47/><E47/><V7/><F46/><N who="3" m="27927" /><G67/><T52/><D74/><RYUUKYOKU ba="2,1" sc="219,-15,97,15,533,-15,141,15" hai1="10,14,15,17,23,26,30,34,40,41,81,86,88" hai3="16,21,25,32,72,78,80,89,93,99" /><INIT seed="3,3,1,0,2,4" ten="204,112,518,156" oya="3" hai0="79,105,126,52,33,58,93,68,63,15,108,109,124" hai1="131,67,37,53,119,121,5,49,92,22,76,114,69" hai2="51,117,88,55,85,44,78,75,73,6,18,135,100" hai3="65,46,71,25,82,21,125,11,86,123,12,112,134"/><W16/><G112/><T31/><D105/><U103/><E114/><V54/><F117/><W40/><G123/><T20/><D79/><U34/><E121/><V130/><F130/><W122/><G122/><T98/><D33/><U10/><E34/><V60/><F135/><W38/><G134/><T1/><D1/><U77/><E37/><V29/><F100/><W107/><G107/><T80/><D80/><U81/><E131/><V30/><F78/><W104/><G104/><T128/><D68/><U41/><E69/><V120/><F6/><W24/><G125/><N who="0" m="48235" /><D128/><U35/><E35/><V8/><F75/><W133/><G133/><T66/><D66/><U32/><E32/><V74/><F74/><W132/><G132/><T113/><D113/><U97/><E119/><V127/><F73/><W72/><G72/><T57/><D57/><U28/><E67/><V42/><F120/><W115/><G115/><T96/><D96/><U95/><E41/><V27/><F60/><W102/><G102/><N who="0" m="60751" /><D15/><N who="1" m="5583" /><E95/><N who="2" m="54671" /><F127/><W70/><G65/><T61/><D61/><U89/><E103/><V13/><F27/><AGARI ba="3,1" hai="20,27,31,52,58,63,108,109" m="60751,48235" machi="27" ten="30,2000,0" yaku="18,1,54,1" doraHai="4" who="0" fromWho="2" sc="204,39,112,0,518,-29,156,0" owari="243,4.3,112,-38.8,489,58.9,156,-24.4" /></mjloggm>