<mjloggm ver="2.3"><GO type="225" lobby="0"/><UN n0="%E3%81%82%E3%81%B9%E3%81%99%E3%81%91" n1="%E9%A2%A8%E3%81%A7%E9%B3%B4%E3%81%8F" n2="%65%6B%61%72%75%74%65" n3="%E3%81%A8%E3%82%93%E3%81%A8%E3%81%93%E3%81%A8%E3%82%93" dan="16,16,16,16" rate="2144.46,2164.13,2092.49,2189.82" sx="M,M,M,F"/><TAIKYOKU oya="0"/><INIT seed="0,0,0,4,0,130" ten="250,250,250,250" oya="0" hai0="80,116,39,103,105,102,117,73,81,4,54,13,72" hai1="36,40,79,43,74,83,85,101,41,7,25,76,107" hai2="99,77,1,124,126,112,106,0,18,92,19,57,5" hai3="24,86,97,123,96,56,94,68,69,134,9,104,115"/><T12/><D39/><U59/><E36/><V47/><F112/><W131/><G115/><T14/><D4/><U53/><E7/><V64/><F106/><W78/><G9/><T2/><D54/><U50/><E107/><V127/><F77/><W32/><G104/><T125/><D105/><U98/><E101/><N who="0" m="38409" /><D125/><U52/><E98/><V87/><F87/><W51/><G86/><T26/><D26/><U71/><E71/><V60/><F47/><W122/><G24/><T23/><D23/><U34/><E34/><V46/><F46/><W58/><G32/><T93/><D93/><U70/><E70/><V91/><REACH who="2" step="1"/><F5/><REACH who="2" ten="250,250,240,250" step="2"/><W8/><G78/><T120/><D120/><U29/><E74/><N who="0" m="28777" /><D2/><AGARI ba="0,1" hai="0,1,2,18,19,57,60,64,91,92,99,124,126,127" machi="2" ten="50,3200,0" yaku="1,1,18,1,53,0" doraHai="130" doraHaiUra="49" who="2" fromWho="0" sc="250,-32,250,0,240,42,250,0" /><INIT seed="1,0,0,1,2,29" ten="218,250,282,250" oya="1" hai0="132,24,85,35,113,88,76,123,74,60,59,34,90" hai1="127,95,104,91,13,97,49,65,107,77,100,56,21" hai2="10,75,58,105,15,40,102,8,11,103,52,61,33" hai3="125,62,53,17,114,116,80,118,2,128,19,92,109"/><U133/><E127/><V134/><F75/><W55/><G114/><T36/><D36/><U48/><E133/><V135/><F33/><W22/><G2/><T0/><D113/><U57/><E77/><V126/><F126/><W6/><G125/><T69/><D0/><U96/><E104/><V39/><F39/><W46/><G6/><T89/><D69/><U110/><E110/><V25/><F40/><W41/><G128/><T51/><D74/><U66/><E21/><V99/><F25/><W71/><G17/><T72/><D72/><U106/><E13/><V122/><F122/><W54/><G92/><T70/><D24/><U14/><E14/><V130/><F130/><W31/><G80/><T64/><D132/><N who="2" m="50730" /><F103/><W38/><G31/><T84/><D123/><U119/><E119/><N who="3" m="45610" /><G109/><T42/><D76/><U45/><E106/><V81/><F81/><W93/><G93/><T87/><REACH who="0" step="1"/><D70/><REACH who="0" ten="208,250,282,250" step="2"/><U78/><E78/><V117/><F117/><W7/><G71/><T4/><D4/><AGARI ba="0,1" hai="4,8,10,11,15,52,58,61,99,102,105" m="50730" machi="4" ten="30,2000,0" yaku="20,1,54,1" doraHai="29" who="2" fromWho="0" sc="208,-20,250,0,282,30,250,0" /><INIT seed="2,0,0,0,5,131" ten="188,250,312,250" oya="2" hai0="100,35,92,125,52,1,108,121,83,79,41,122,72" hai1="24,86,4,62,13,82,39,103,26,113,101,87,14" hai2="47,45,89,21,28,88,50,97,55,60,90,67,81" hai3="128,12,44,104,127,93,76,59,102,78,48,53,135"/><V109/><F109/><W65/><G104/><T112/><D35/><U6/><E39/><V17/><F28/><W98/><G128/><T34/><D34/><U49/><E49/><V111/><F111/><W0/><G0/><T25/><D1/><U94/><E94/><V18/><F47/><W105/><G127/><T114/><D108/><U16/><E113/><V8/><F8/><W30/><G30/><T32/><D41/><U46/><E46/><V75/><F97/><W58/><G135/><T91/><D125/><U15/><E62/><V63/><F63/><W19/><G105/><T80/><D25/><N who="1" m="9835" /><E16/><V11/><F11/><N who="3" m="6559" /><G65/><T68/><D32/><U115/><E115/><V66/><F66/><W64/><G64/><T129/><D68/><U29/><E29/><V116/><F116/><W106/><G106/><T57/><D129/><U119/><E119/><V27/><F18/><W36/><G36/><T54/><D114/><U123/><E123/><V95/><F75/><W3/><G3/><T40/><D112/><U99/><E99/><N who="2" m="57831" /><F81/><W56/><AGARI ba="0,0" hai="44,48,53,56,58,59,76,78,93,98,102" m="6559" machi="56" ten="30,1100,0" yaku="8,1" doraHai="131" who="3" fromWho="3" sc="188,-3,250,-3,312,-5,250,11" /><INIT seed="3,0,0,0,5,116" ten="185,247,307,261" oya="3" hai0="22,122,127,123,30,101,53,9,119,128,88,99,26" hai1="98,58,77,79,109,95,126,33,37,3,111,105,48" hai2="4,64,25,63,115,18,51,34,114,125,16,134,120" hai3="49,73,124,42,84,6,66,7,27,0,57,41,39"/><W45/><G73/><T121/><D119/><U82/><E37/><V54/><F4/><W20/><G0/><T96/><D128/><U21/><E33/><V113/><F34/><W69/><G69/><T60/><D127/><U46/><E105/><V43/><F25/><W78/><G42/><T87/><D9/><U72/><E79/><V112/><F112/><W70/><G124/><T86/><D86/><U104/><E104/><V103/><F103/><W135/><G135/><T38/><D38/><U71/><E71/><V15/><F43/><W50/><G70/><T97/><D101/><U83/><E83/><V2/><F2/><W93/><G39/><T74/><D74/><U107/><E107/><V35/><F35/><W36/><G36/><T62/><REACH who="0" step="1"/><D53/><REACH who="0" ten="175,247,307,261" step="2"/><U55/><E126/><V56/><F125/><W91/><G78/><T1/><D1/><U117/><E3/><V106/><F113/><W52/><G66/><T108/><D108/><U14/><E117/><V17/><F64/><W11/><G11/><T8/><D8/><U90/><E111/><V24/><F114/><W76/><G76/><T65/><D65/><U85/><E109/><V19/><F115/><W32/><G32/><T81/><AGARI ba="0,1" hai="22,26,30,60,62,81,87,88,96,97,99,121,122,123" machi="81" ten="40,12000,2" yaku="1,1,0,1,52,3,54,1,53,0" doraHai="116" doraHaiUra="40" who="0" fromWho="0" sc="175,130,247,-30,307,-30,261,-60" owari="305,40.5,217,-18.3,277,7.7,201,-29.9" /></mjloggm>