<mjloggm ver="2.3"><GO type="225" lobby="0"/><UN n0="%E5%B8%86%E7%AB%8B%E5%A4%8F%E8%A1%A3" n1="%E4%B8%89%E5%86%A0%E7%8E%8B%E3%83%BB%E5%B1%B1%E7%94%B0%E5%93%B2%E4%BA%BA" n2="%E3%81%9F%E3%81%8B%E3%81%AE%E3%81%99%E3%81%91" n3="%E9%80%9F%E6%B0%B4%E5%87%9B%E9%A6%99" dan="17,16,17,16" rate="2172.22,2133.51,2161.29,2155.30" sx="M,M,M,F"/><TAIKYOKU oya="0"/><INIT seed="0,0,0,3,2,89" ten="250,250,250,250" oya="0" hai0="30,134,110,1,81,8,132,127,100,124,46,117,63" hai1="70,131,114,95,88,16,48,56,60,111,23,34,10" hai2="36,6,93,3,15,107,65,33,116,90,51,11,64" hai3="57,101,73,115,99,126,40,69,106,59,12,24,53"/><T103/><D30/><U47/><E111/><V92/><F36/><W108/><G69/><T79/><D8/><U83/><E131/><V68/><F33/><W32/><G73/><N who="0" m="43247" /><D1/><U9/><E83/><V39/><F107/><W49/><G115/><T29/><D29/><U121/><E70/><V113/><F39/><W105/><G105/><T97/><D63/><U45/><E34/><V85/><F113/><W67/><G40/><T130/><D46/><N who="1" m="17419" /><E48/><V19/><F116/><W129/><G12/><T112/><D112/><U43/><E43/><V62/><F64/><W104/><G24/><T82/><D117/><U119/><E121/><V44/><F90/><W17/><G17/><T42/><D42/><U21/><E21/><V38/><F85/><W71/><G32/><T98/><D130/><U123/><E123/><V7/><F38/><W118/><G118/><T91/><D110/><U128/><E128/><V75/><F75/><W135/><G108/><T22/><D22/><U27/><E119/><V5/><REACH who="2" step="1"/><F3/><REACH who="2" ten="250,250,240,250" step="2"/><W37/><G37/><T96/><D91/><U25/><E114/><V133/><F133/><N who="0" m="51306" /><D82/><U41/><E41/><AGARI ba="0,1" hai="5,6,7,11,15,19,41,44,51,62,65,68,92,93" machi="41" ten="40,5200,0" yaku="1,1,52,2,53,0" doraHai="89" doraHaiUra="35" who="2" fromWho="1" sc="250,0,250,-52,240,62,250,0" /><INIT seed="1,0,0,3,0,30" ten="250,198,302,250" oya="1" hai0="103,37,62,82,23,96,61,17,24,64,85,20,125" hai1="28,6,55,132,110,79,99,73,107,116,49,108,123" hai2="135,11,98,97,35,14,133,95,91,86,50,84,127" hai3="33,54,48,89,129,74,13,92,120,43,41,31,109"/><U112/><E112/><V83/><F127/><W40/><G74/><T34/><D125/><U65/><E116/><V106/><F106/><W105/><G120/><T76/><D37/><U5/><E65/><V94/><F50/><W42/><G105/><T56/><D62/><U80/><E123/><V15/><F35/><W16/><G109/><N who="1" m="42090" /><E132/><N who="2" m="50763" /><F95/><W78/><G78/><T59/><D59/><N who="1" m="33263" /><E28/><V102/><F102/><AGARI ba="0,0" hai="5,6,73,79,80,99,102,107" m="33263,42090" machi="102" ten="30,2900,0" yaku="14,1,10,1" doraHai="30" who="1" fromWho="2" sc="250,0,198,29,302,-29,250,0" /><INIT seed="1,1,0,0,0,68" ten="250,227,273,250" oya="1" hai0="108,81,102,135,71,27,72,47,96,74,77,19,39" hai1="24,117,129,78,37,100,17,76,64,109,36,3,124" hai2="69,57,121,45,13,62,49,0,130,30,31,7,22" hai3="46,114,88,14,125,28,116,33,48,32,133,134,112"/><U99/><E117/><V85/><F69/><W95/><G14/><T18/><D108/><U110/><E3/><V86/><F0/><W9/><G9/><T70/><D135/><N who="3" m="51721" /><G125/><T91/><D74/><U20/><E124/><V98/><F98/><N who="3" m="57703" /><G116/><T118/><D91/><U55/><E129/><V79/><F121/><W56/><G56/><T94/><D19/><U82/><E64/><N who="2" m="38991" /><F130/><W65/><G65/><T25/><D25/><U87/><E76/><V35/><F35/><N who="3" m="13387" /><G28/><N who="2" m="10793" /><F79/><W66/><G66/><T89/><D118/><U93/><REACH who="1" step="1"/><E55/><AGARI ba="1,0" hai="46,48,55,112,114" m="13387,57703,51721" machi="55" ten="30,2000,0" yaku="20,1,54,1" doraHai="68" who="3" fromWho="1" sc="250,0,227,-23,273,0,250,23" /><INIT seed="2,0,0,0,1,115" ten="250,204,273,273" oya="2" hai0="110,15,34,75,63,78,117,44,129,12,102,92,50" hai1="49,27,59,58,106,45,8,120,9,124,70,87,104" hai2="93,18,126,95,131,119,31,33,127,88,3,48,29" hai3="91,101,47,66,121,0,68,40,53,56,2,134,132"/><V123/><F3/><W41/><G101/><T98/><D110/><U55/><E70/><V67/><F123/><W32/><G32/><T128/><D34/><U105/><E120/><V90/><F131/><N who="0" m="50250" /><D63/><U43/><E124/><N who="2" m="47659" /><F67/><W112/><G112/><T30/><D30/><N who="2" m="11274" /><F33/><W76/><G76/><T85/><D75/><U6/><E27/><V10/><F48/><W77/><G77/><T35/><D35/><U22/><E22/><V57/><F57/><W73/><G73/><T130/><N who="0" m="50258" /><T64/><DORA hai="71" /><D64/><U46/><E87/><V125/><F119/><W79/><G66/><T14/><D85/><U111/><E111/><V1/><F125/><W96/><G68/><T23/><D78/><U42/><E9/><V135/><F135/><W61/><G79/><T20/><D117/><U62/><E62/><V86/><F1/><W109/><G121/><T80/><D80/><U94/><E94/><N who="2" m="35851" /><F86/><W99/><G0/><T84/><D84/><U7/><E55/><AGARI ba="0,0" hai="12,14,15,20,23,44,50,55,92,98,102" m="50258" machi="55" ten="40,1300,0" yaku="19,1" doraHai="115,71" who="0" fromWho="1" sc="250,13,204,-13,273,0,273,0" /><INIT seed="3,0,0,0,3,115" ten="263,191,273,273" oya="3" hai0="110,42,25,23,79,49,78,19,48,21,70,44,29" hai1="104,37,114,67,105,15,53,75,84,58,7,121,0" hai2="36,111,80,91,61,52,117,17,65,132,107,22,9" hai3="11,106,122,103,109,3,94,1,116,54,120,14,59"/><W40/><G106/><T127/><D110/><U28/><E75/><V86/><F117/><W108/><G40/><T83/><D127/><U87/><E114/><V82/><F107/><W119/><G94/><T113/><D113/><U101/><E121/><N who="3" m="46698" /><G103/><T71/><D78/><U13/><E37/><V99/><F36/><W55/><G59/><T32/><D49/><U57/><E0/><N who="3" m="74" /><G54/><T126/><D32/><U98/><E28/><V72/><F9/><W74/><G55/><T125/><D125/><U81/><E105/><V130/><F99/><W16/><G74/><T112/><D112/><U129/><E129/><V77/><F52/><W96/><G96/><T41/><D41/><U27/><E27/><V92/><F130/><W33/><G33/><T118/><D126/><U68/><E7/><V123/><F61/><W34/><G34/><T46/><D46/><U66/><E68/><V76/><F65/><W135/><G135/><T131/><D131/><U47/><E47/><V45/><F45/><W26/><G26/><T39/><D39/><U93/><E104/><V63/><F63/><W100/><G100/><T6/><D71/><U38/><E38/><V69/><F69/><W85/><G85/><N who="1" m="32842" /><E81/><V95/><F82/><W51/><G51/><T35/><D70/><U90/><E101/><V4/><F132/><W62/><G62/><T133/><D133/><U128/><E128/><V97/><F97/><W30/><G30/><T89/><D83/><U88/><E90/><V64/><F91/><W31/><G31/><T102/><D89/><U134/><E134/><V12/><F72/><RYUUKYOKU ba="0,0" sc="263,-10,191,-10,273,-10,273,30" hai3="11,14,16,108,109,116,119" owari="253,-14.7,181,-31.9,263,6.3,303,40.3" /></mjloggm>