<mjloggm ver="2.3"><GO type="225" lobby="0"/><UN n0="%E9%B4%A8%4E%45%47%49" n1="%E3%80%90%E3%83%88%E3%83%AA%E3%83%A5%E3%83%95%E3%80%91" n2="%E3%82%B3%E3%83%90%E3%83%AC%E3%82%A4" n3="%E5%B8%86%E7%AB%8B%E5%A4%8F%E8%A1%A3" dan="16,16,16,17" rate="2071.10,2122.17,2192.10,2153.90" sx="M,M,M,M"/><TAIKYOKU oya="0"/><INIT seed="0,0,0,1,3,93" ten="250,250,250,250" oya="0" hai0="73,114,116,124,122,109,72,86,17,91,85,64,14" hai1="39,53,46,26,121,94,41,125,82,76,22,84,74" hai2="25,106,32,67,112,70,108,95,71,29,123,99,35" hai3="131,87,43,52,12,117,118,15,92,20,1,0,126"/><T120/><D116/><U59/><E125/><V58/><F123/><W69/><G126/><T89/><D124/><U88/><E121/><V13/><F112/><W49/><G69/><T48/><D114/><U62/><E22/><V24/><F108/><W44/><G131/><T111/><D64/><U10/><E10/><V18/><F106/><W33/><G33/><T50/><D17/><U134/><REACH who="1" step="1"/><E26/><REACH who="1" ten="250,240,250,250" step="2"/><V77/><F25/><W31/><G118/><T100/><D14/><U56/><E56/><V7/><F35/><W51/><G117/><T9/><D9/><U42/><E42/><V98/><F7/><W40/><G40/><T119/><D119/><U30/><E30/><V60/><F71/><W11/><G31/><T19/><D19/><U96/><E96/><V23/><F70/><W83/><G20/><T57/><D57/><U127/><E127/><V16/><F18/><W61/><G15/><T21/><D21/><U36/><E36/><V34/><F34/><W45/><G1/><T113/><D113/><U78/><E78/><V8/><F77/><W129/><G0/><T132/><D132/><AGARI ba="0,1" hai="39,41,46,53,59,62,74,76,82,84,88,94,132,134" machi="132" ten="40,5200,0" yaku="1,1,54,1,53,1" doraHai="93" doraHaiUra="37" who="1" fromWho="0" sc="250,-52,240,62,250,0,250,0" /><INIT seed="1,0,0,3,5,61" ten="198,302,250,250" oya="1" hai0="78,50,70,23,99,35,25,135,117,85,4,34,66" hai1="2,18,30,114,134,106,91,10,109,128,26,121,59" hai2="122,84,9,51,14,116,92,97,56,87,54,39,45" hai3="58,75,21,5,110,74,76,125,38,19,63,103,1"/><U55/><E91/><V93/><F116/><W81/><G110/><T83/><D117/><U115/><E106/><V131/><F122/><W72/><G125/><T27/><D135/><U107/><E107/><V98/><F131/><W82/><G103/><T120/><D4/><U95/><E95/><V28/><F28/><W124/><G124/><T3/><D3/><U86/><E86/><V73/><F73/><W16/><G38/><T42/><D120/><U52/><E121/><V17/><F39/><W46/><G46/><T129/><D129/><U0/><E128/><V12/><F12/><W102/><G102/><T126/><D126/><U71/><E71/><V132/><F132/><W36/><G36/><T24/><D23/><U101/><E101/><N who="2" m="60583" /><F45/><W64/><G82/><T133/><D133/><U40/><E40/><V47/><F47/><W15/><REACH who="3" step="1"/><G19/><REACH who="3" ten="198,302,250,240" step="2"/><T11/><D42/><U105/><E18/><V111/><F111/><W127/><G127/><T60/><D50/><U69/><E109/><V88/><AGARI ba="0,1" hai="9,14,17,51,54,56,84,87,88,93,98" m="60583" machi="88" ten="30,2000,0" yaku="8,1,54,1" doraHai="61" who="2" fromWho="2" sc="198,-5,302,-10,250,30,240,-5" /><INIT seed="2,0,0,0,5,86" ten="193,292,280,235" oya="2" hai0="16,98,97,10,11,116,111,53,94,115,101,18,21" hai1="109,40,50,129,84,100,89,27,68,39,63,135,43" hai2="23,119,133,42,131,77,120,7,79,134,36,30,56" hai3="46,66,26,123,4,5,90,58,59,88,107,114,70"/><V124/><F119/><W78/><G107/><T44/><D111/><U65/><E109/><V9/><F120/><W55/><G123/><T28/><D115/><U85/><E135/><N who="2" m="51723" /><F42/><W48/><G114/><T130/><D130/><U118/><E118/><V67/><F36/><W1/><G78/><T105/><D116/><U81/><E39/><V92/><F131/><W14/><G1/><T45/><D28/><U35/><E100/><V41/><F41/><N who="3" m="24655" /><G70/><T128/><D128/><U91/><E50/><V74/><F74/><W25/><G66/><T6/><D53/><U37/><E37/><V0/><F92/><W99/><G99/><T64/><D64/><U31/><E129/><V102/><F102/><W8/><G4/><T103/><D6/><U19/><E19/><V2/><F2/><W29/><G59/><T83/><D21/><U3/><E3/><V106/><F106/><W71/><G71/><T13/><D83/><AGARI ba="0,0" hai="27,31,35,40,43,63,65,68,81,83,84,85,89,91" machi="83" ten="30,7700,0" yaku="7,1,9,1,52,2" doraHai="86" who="1" fromWho="0" sc="193,-77,292,77,280,0,235,0" /><INIT seed="3,0,0,3,2,59" ten="116,369,280,235" oya="3" hai0="62,30,91,52,134,61,13,98,10,74,27,122,63" hai1="31,112,85,82,127,87,22,54,4,35,111,55,107" hai2="12,117,102,1,8,11,73,60,120,96,106,57,119" hai3="100,14,56,34,71,36,32,21,130,2,101,25,97"/><W33/><G130/><T72/><D122/><U81/><E112/><V86/><F73/><W79/><G71/><T51/><D134/><U76/><E111/><V78/><F120/><W90/><G2/><T15/><D74/><U114/><E114/><V3/><F1/><W41/><G79/><T84/><D72/><U126/><E4/><V109/><F109/><W24/><G36/><T49/><D98/><U108/><E35/><V48/><F48/><W75/><G41/><T6/><D15/><U58/><E107/><V44/><F44/><W99/><G75/><T18/><D6/><U70/><E70/><V0/><F0/><W116/><G90/><T80/><REACH who="0" step="1"/><D52/><REACH who="0" ten="106,369,280,235" step="2"/><U104/><E54/><V129/><F3/><W42/><G99/><T89/><D89/><U88/><E88/><V40/><F129/><W67/><G97/><T93/><D93/><U37/><E55/><V7/><F96/><W95/><G95/><T26/><D26/><U105/><E76/><V124/><F7/><W39/><G25/><T92/><D92/><U135/><E135/><V69/><F78/><W46/><G14/><T9/><D9/><U123/><E105/><V47/><F11/><W45/><G24/><T68/><D68/><U16/><E104/><V19/><F12/><W66/><G101/><T132/><D132/><U77/><E77/><V65/><F102/><W53/><G100/><T38/><D38/><U5/><E37/><V128/><F69/><W131/><G39/><T115/><D115/><U17/><E123/><V29/><F128/><W83/><G131/><T121/><D121/><RYUUKYOKU ba="0,1" sc="106,30,369,-10,280,-10,235,-10" hai0="10,13,18,27,30,49,51,61,62,63,80,84,91" owari="136,-36.4,369,46.9,270,7.0,225,-17.5" /></mjloggm>