<mjloggm ver="2.3"><GO type="225" lobby="0"/><UN n0="%E6%A0%B9%E5%85%83%E3%81%8B%E3%82%89%E5%90%B9%E3%81%A3%E9%A3%9B%E3%81%B6" n1="%E6%B8%A9%E2%98%85%E6%83%85%E2%98%85%E6%8E%AA%E2%98%85%E7%BD%AE" n2="%6B%65%6E%6E%64%69" n3="%E3%81%8B%E3%82%8F%E3%81%A1%E3%82%83%E3%82%93%35%38" dan="17,16,16,16" rate="2239.61,2156.27,2189.26,2169.43" sx="F,M,M,M"/><TAIKYOKU oya="0"/><INIT seed="0,0,0,4,4,134" ten="250,250,250,250" oya="0" hai0="107,4,113,112,99,77,5,42,116,118,61,67,105" hai1="10,46,31,106,64,14,47,104,76,82,135,97,71" hai2="38,100,128,54,20,7,37,23,34,120,65,63,133" hai3="39,91,21,86,81,33,80,126,29,57,3,132,96"/><T125/><D77/><U121/><E121/><V25/><F120/><W59/><G3/><T72/><D42/><U130/><E135/><V102/><F133/><W78/><G132/><T16/><D72/><U27/><E130/><V103/><F128/><W122/><G122/><T73/><D73/><U41/><E64/><V53/><F34/><W84/><G33/><T109/><D99/><U18/><E71/><V17/><F7/><N who="0" m="2634" /><D67/><U95/><E106/><N who="0" m="40457" /><D61/><U0/><E104/><V79/><F79/><W85/><G85/><T108/><D16/><U45/><E0/><V117/><F117/><N who="0" m="45162" /><D125/><U119/><E119/><V88/><F23/><W40/><G126/><T56/><D56/><U69/><E69/><V87/><F38/><W58/><G39/><T36/><D36/><U131/><E131/><V98/><F98/><W8/><G40/><T111/><AGARI ba="0,0" hai="108,109,111,112,113" m="45162,40457,2634" machi="111" ten="40,12000,1" yaku="28,2,14,1,10,1" doraHai="134" who="0" fromWho="0" sc="250,120,250,-40,250,-40,250,-40" /><INIT seed="0,1,0,0,4,47" ten="370,210,210,210" oya="0" hai0="58,70,12,94,116,69,74,31,46,42,128,25,123" hai1="78,68,29,113,36,81,59,4,95,104,51,11,20" hai2="66,39,98,132,73,112,22,13,43,82,135,17,108" hai3="111,61,53,75,90,19,26,35,24,92,57,126,86"/><T37/><D116/><U10/><E104/><V76/><F112/><W64/><G75/><T1/><D123/><U8/><E36/><V89/><F108/><W50/><G111/><T44/><D1/><U45/><E68/><V28/><F66/><W49/><G126/><T106/><D106/><U48/><E113/><V117/><F117/><W110/><G110/><T9/><D74/><U87/><E95/><V119/><F119/><W18/><G35/><T72/><D72/><U96/><E96/><V88/><F28/><W120/><G120/><T134/><D134/><N who="2" m="51242" /><F98/><W129/><G129/><T27/><D31/><U99/><E99/><V77/><F77/><W91/><G91/><N who="2" m="34889" /><F43/><W103/><G103/><T133/><D42/><N who="1" m="24631" /><E29/><V54/><F54/><W131/><G131/><T52/><D52/><N who="1" m="32159" /><E20/><V38/><AGARI ba="1,0" hai="13,17,22,38,39,73,76,82" m="34889,51242" machi="38" ten="30,2000,0" yaku="20,1,54,1" doraHai="47" who="2" fromWho="2" sc="370,-11,210,-6,210,23,210,-6" /><INIT seed="1,0,0,5,3,38" ten="359,204,233,204" oya="1" hai0="87,13,8,118,108,122,123,79,60,39,58,135,89" hai1="26,29,21,94,78,14,90,62,40,125,6,36,103" hai2="107,106,104,112,49,50,105,18,52,20,10,121,88" hai3="102,34,63,99,4,31,109,57,75,82,24,43,15"/><U65/><E125/><V9/><F121/><N who="0" m="46090" /><D108/><U64/><E78/><V2/><F112/><W84/><G109/><T46/><D135/><U28/><E103/><V23/><N who="2" m="26624" /><DORA hai="114" /><V59/><F2/><W12/><G4/><T17/><D79/><U83/><E83/><V1/><F1/><W85/><G75/><T101/><D46/><U92/><E29/><V133/><F133/><W132/><G132/><T115/><D39/><U110/><E110/><V48/><F88/><W113/><G113/><T61/><D118/><U42/><E36/><V3/><F23/><W130/><G85/><T41/><D41/><N who="1" m="15979" /><E62/><V124/><F124/><W19/><G102/><T97/><D61/><U55/><E55/><V120/><F120/><W80/><G63/><T91/><D115/><U22/><E22/><V68/><F68/><W66/><G43/><T53/><D101/><U47/><E47/><V126/><F126/><W54/><G54/><T76/><D76/><U117/><E117/><V71/><F71/><W37/><G37/><T129/><D91/><U74/><E74/><V95/><F95/><N who="1" m="36393" /><E90/><V16/><F20/><W30/><G82/><N who="0" m="49399" /><D97/><U72/><E72/><V131/><F3/><W7/><G80/><T93/><D93/><U134/><E134/><V116/><F52/><W5/><G99/><T27/><D53/><U44/><E44/><V11/><F116/><W100/><G100/><T51/><D60/><U25/><E26/><V127/><F127/><W56/><G24/><T33/><D27/><U86/><E86/><V96/><F96/><W81/><G81/><T35/><D33/><RYUUKYOKU ba="0,0" sc="359,-10,204,30,233,-10,204,-10" hai1="6,14,21,25,28,64,65" /><INIT seed="1,1,0,5,5,39" ten="349,234,223,194" oya="1" hai0="53,42,63,112,77,73,128,4,50,32,69,100,119" hai1="51,18,131,95,122,81,40,48,23,90,56,20,110" hai2="66,79,135,17,8,45,105,27,88,109,121,80,12" hai3="133,130,54,9,86,132,43,64,104,126,72,0,2"/><U10/><E122/><V33/><F121/><W59/><G72/><T113/><D119/><U101/><E131/><V120/><F120/><W65/><G104/><T85/><D128/><U44/><E110/><V36/><F109/><W30/><G30/><T35/><D73/><U52/><E101/><V62/><F135/><N who="3" m="51787" /><G130/><T124/><D124/><U116/><E116/><V55/><F105/><W28/><G28/><T19/><D100/><U6/><E81/><V97/><F27/><W25/><G25/><T60/><D4/><U103/><E103/><V75/><F33/><W114/><G126/><T83/><D19/><U58/><E58/><V89/><F97/><W99/><G99/><T7/><D7/><U61/><E61/><V47/><F47/><W31/><G31/><T37/><D63/><U29/><E29/><V127/><F127/><W106/><G106/><T24/><BYE who="3" /><D24/><U38/><E38/><V125/><F125/><W123/><G123/><T102/><D102/><UN n3="%E3%81%8B%E3%82%8F%E3%81%A1%E3%82%83%E3%82%93%35%38" /><U57/><E57/><V34/><F34/><W93/><G114/><T98/><D32/><U71/><E71/><V46/><F46/><W70/><G70/><T134/><D35/><U13/><E6/><V22/><F22/><W41/><G9/><T117/><D117/><U108/><E108/><V3/><F3/><N who="3" m="1067" /><G86/><AGARI ba="1,0" hai="10,13,18,20,23,40,44,48,51,52,56,86,90,95" machi="86" ten="30,11600,0" yaku="7,1,8,1,52,1,54,1" doraHai="39" who="1" fromWho="3" sc="349,0,234,119,223,0,194,-119" /><INIT seed="1,2,0,4,0,127" ten="349,353,223,75" oya="1" hai0="4,23,19,83,39,51,35,101,37,104,24,90,61" hai1="118,129,14,28,89,57,25,5,63,17,16,88,48" hai2="95,66,58,112,121,67,124,65,111,44,107,130,98" hai3="80,85,75,115,109,70,6,79,62,55,11,77,54"/><U21/><E118/><V60/><F121/><W76/><G115/><T33/><D4/><U71/><E71/><V78/><F107/><W36/><G36/><T131/><D104/><U91/><E129/><V123/><F123/><W134/><G109/><T125/><D101/><U20/><E48/><V52/><F112/><W87/><G134/><T42/><D131/><U86/><E5/><V73/><F130/><W117/><G117/><T3/><D3/><U128/><E128/><V106/><F124/><W12/><G75/><T1/><D1/><U40/><E40/><V81/><F111/><W10/><G10/><T120/><D120/><U68/><E68/><V84/><F106/><W113/><G113/><T119/><D119/><U34/><E34/><V72/><REACH who="2" step="1"/><F44/><REACH who="2" ten="349,353,213,75" step="2"/><W122/><G122/><T82/><D125/><U2/><E2/><V32/><F32/><W99/><G70/><T114/><D33/><U93/><E28/><V100/><AGARI ba="2,1" hai="52,58,60,65,66,67,72,73,78,81,84,95,98,100" machi="100" ten="30,7900,0" yaku="1,1,0,1,54,1,53,1" doraHai="127" doraHaiUra="49" who="2" fromWho="2" sc="349,-22,353,-41,213,95,75,-22" /><INIT seed="2,0,0,2,0,22" ten="327,312,308,53" oya="2" hai0="96,61,27,60,124,98,36,90,110,66,131,132,55" hai1="95,77,13,7,31,69,88,67,112,89,12,120,99" hai2="91,72,119,116,128,117,134,74,52,9,135,49,107" hai3="19,125,106,50,14,113,41,33,65,57,118,42,81"/><V46/><F107/><W87/><G118/><T64/><D110/><U44/><E112/><V109/><F109/><W111/><G111/><T80/><D36/><U10/><E120/><V37/><F128/><W8/><G125/><T16/><D132/><N who="2" m="50730" /><F37/><W76/><G113/><T3/><D3/><U101/><E77/><V71/><F71/><W82/><G106/><T104/><D131/><U93/><E69/><V4/><F91/><W103/><G103/><T114/><D124/><U35/><E67/><N who="0" m="25641" /><D104/><U58/><E58/><V25/><F25/><W40/><G33/><T133/><D55/><U63/><E63/><N who="0" m="24137" /><D114/><U38/><E44/><V2/><AGARI ba="0,0" hai="2,4,9,46,49,52,72,74,116,117,119" m="50730" machi="2" ten="40,3900,0" yaku="20,1,54,1" doraHai="22" who="2" fromWho="2" sc="327,-13,312,-13,308,39,53,-13" /><INIT seed="2,1,0,3,3,7" ten="314,299,347,40" oya="2" hai0="116,115,88,72,119,61,91,40,83,57,56,100,60" hai1="74,97,105,122,51,4,19,101,96,126,102,65,73" hai2="39,15,8,27,9,120,30,16,1,54,32,24,0" hai3="50,75,107,69,125,43,29,85,38,104,112,33,21"/><V117/><F39/><W44/><G125/><T6/><D100/><U124/><E65/><V114/><F54/><W10/><G112/><T66/><D40/><U121/><E51/><V37/><F37/><W31/><G75/><N who="1" m="28682" /><E4/><N who="2" m="3463" /><F114/><W2/><G38/><T3/><D115/><U47/><E19/><V80/><F80/><W13/><G69/><T130/><D130/><U106/><E47/><V71/><F71/><W133/><G133/><T81/><D6/><U46/><E46/><V135/><F135/><W42/><G33/><T89/><D3/><N who="2" m="1098" /><F120/><AGARI ba="1,0" hai="96,97,101,102,105,106,120,121,122,124,126" m="28682" machi="120" ten="30,7700,0" yaku="13,1,23,1,34,2" doraHai="7" who="1" fromWho="2" sc="314,0,299,80,347,-80,40,0" /><INIT seed="3,0,0,2,2,111" ten="314,379,267,40" oya="3" hai0="28,126,128,122,66,108,17,97,19,21,87,80,130" hai1="8,71,62,74,129,121,9,118,92,37,93,0,68" hai2="31,59,22,79,124,3,127,43,114,58,1,48,57" hai3="6,73,104,27,36,125,64,76,85,112,133,16,131"/><W82/><G133/><T96/><D122/><U89/><E121/><V101/><F101/><W77/><G131/><N who="0" m="50219" /><D108/><U75/><E37/><V84/><F31/><W52/><G104/><T24/><D66/><U105/><E105/><V40/><F22/><N who="3" m="13767" /><G36/><T109/><D126/><N who="2" m="48170" /><F79/><N who="3" m="46303" /><G112/><T41/><D41/><N who="2" m="15946" /><F84/><W39/><G39/><T110/><D110/><U65/><E71/><V30/><F30/><W81/><G125/><T91/><D109/><U25/><E65/><V2/><F48/><W134/><G134/><T117/><D117/><U56/><E68/><V34/><F34/><W12/><G64/><T47/><D47/><U63/><E118/><V10/><F10/><N who="3" m="4183" /><G73/><T14/><D19/><U70/><E70/><V72/><F72/><W106/><G106/><T86/><D86/><U4/><E75/><V50/><F50/><W103/><G103/><T46/><D28/><U54/><E74/><V88/><F88/><W94/><G94/><T116/><D116/><U11/><E89/><V23/><F23/><W51/><G81/><T83/><D83/><U95/><E95/><V61/><F61/><W49/><G49/><T120/><D120/><U60/><E93/><V55/><F114/><W13/><G13/><T99/><D46/><AGARI ba="0,0" hai="46,51,52,76,77" m="4183,46303,13767" machi="46" ten="30,5800,0" yaku="8,1,54,2" doraHai="111" who="3" fromWho="0" sc="314,-58,379,0,267,0,40,58" /><INIT seed="3,1,0,4,0,120" ten="256,379,267,98" oya="3" hai0="78,11,32,121,74,54,91,13,133,132,18,48,130" hai1="37,33,106,88,9,113,119,115,5,66,94,96,129" hai2="82,64,27,135,93,42,134,109,77,105,127,35,85" hai3="29,36,69,49,98,17,24,89,114,34,103,81,126"/><W79/><G114/><T15/><D130/><U47/><E33/><V107/><F109/><W58/><G126/><T20/><D32/><U122/><E122/><V95/><F127/><W3/><G36/><T61/><D121/><U52/><E66/><V68/><F42/><W31/><G69/><T99/><D61/><U128/><E106/><N who="2" m="40459" /><F64/><W53/><G3/><T38/><D78/><U45/><E119/><V46/><F46/><N who="1" m="17417" /><E52/><V76/><F68/><W123/><G123/><T30/><D74/><U10/><E37/><V118/><F118/><W59/><G89/><T6/><D38/><U7/><E10/><V125/><F125/><W39/><G39/><T110/><D110/><U50/><E50/><V21/><F35/><W92/><G29/><T56/><D30/><U57/><E57/><V12/><F12/><W131/><G131/><N who="1" m="50250" /><E5/><V80/><F21/><W124/><G124/><T117/><D117/><U25/><E25/><V62/><F27/><W84/><REACH who="3" step="1"/><G17/><REACH who="3" ten="256,379,267,88" step="2"/><T101/><D91/><U71/><E71/><V19/><F19/><W87/><G87/><T55/><D18/><U108/><E115/><V97/><F97/><W72/><G72/><T26/><D99/><U40/><E113/><V70/><F70/><W0/><G0/><T28/><D28/><U75/><E75/><N who="2" m="43039" /><F62/><W41/><G41/><T43/><D43/><U4/><E40/><V83/><F83/><W14/><G14/><T23/><D15/><N who="1" m="5543" /><E7/><V116/><F116/><W65/><G65/><T2/><D13/><U1/><E1/><V111/><F111/><AGARI ba="1,1" hai="88,94,96,108,111" m="5543,50250,17417" machi="111" ten="30,7700,0" yaku="19,1,52,2,54,1" doraHai="120" who="1" fromWho="2" sc="256,0,379,90,267,-80,88,0" owari="256,5.6,469,56.9,187,-21.3,88,-41.2" /></mjloggm>