<mjloggm ver="2.3"><GO type="225" lobby="0"/><UN n0="%E3%83%A9%E3%83%BC%E3%83%A1%E3%83%B3%E4%BA%94%E9%83%8E" n1="%E6%98%93%E5%88%A9%E8%96%A9%E4%BC%AF" n2="%E3%81%8B%E3%82%8F%E3%81%A1%E3%82%83%E3%82%93%35%38" n3="%E3%83%81%E3%83%AF%E3%83%AF%E9%9A%8A%E9%95%B7" dan="16,16,16,17" rate="2103.94,2026.19,2133.15,2187.58" sx="M,F,M,M"/><TAIKYOKU oya="0"/><INIT seed="0,0,0,0,4,87" ten="250,250,250,250" oya="0" hai0="132,120,48,109,95,112,65,102,17,35,103,133,23" hai1="37,51,71,126,30,69,62,2,21,98,67,26,44" hai2="84,101,97,74,119,1,73,25,128,46,90,63,33" hai3="70,7,88,11,8,5,75,34,15,53,31,78,38"/><T117/><D112/><U135/><E126/><V14/><F1/><W100/><G70/><T108/><D117/><U121/><E121/><V47/><F119/><W57/><G38/><T115/><D115/><U104/><E2/><V40/><F128/><W39/><G39/><T10/><D120/><U56/><E37/><V91/><F14/><W49/><G100/><N who="0" m="38443" /><D35/><U131/><E131/><V118/><F118/><W19/><G75/><T66/><D10/><U81/><E135/><N who="0" m="51785" /><D48/><U61/><E104/><V55/><F74/><W96/><G78/><T122/><D122/><U127/><E127/><V110/><F73/><W6/><G34/><T64/><D95/><U29/><E51/><V9/><F9/><W3/><REACH who="3" step="1"/><G31/><REACH who="3" ten="250,250,250,240" step="2"/><T107/><D107/><U86/><E30/><V20/><F33/><W18/><G18/><T0/><D0/><U129/><E29/><V79/><F101/><W28/><G28/><T22/><D17/><U105/><E129/><V52/><F79/><W41/><G41/><T99/><D99/><U80/><E98/><V130/><F97/><W13/><G13/><T58/><D58/><U113/><E56/><V36/><F40/><W124/><G124/><T54/><D54/><U134/><E134/><V111/><F130/><W45/><G45/><T60/><D60/><U16/><E105/><V68/><F36/><W77/><G77/><T94/><D94/><AGARI ba="0,1" hai="3,5,6,7,8,11,15,19,49,53,57,88,94,96" machi="94" ten="40,5200,0" yaku="1,1,52,1,54,1,53,0" doraHai="87" doraHaiUra="123" who="3" fromWho="0" sc="250,-52,250,0,250,0,240,62" /><INIT seed="1,0,0,2,3,0" ten="198,250,250,302" oya="1" hai0="129,55,104,92,77,52,73,63,41,103,90,34,127" hai1="122,13,115,97,18,113,71,1,36,66,84,7,29" hai2="24,30,56,99,22,5,74,79,48,95,111,62,87" hai3="26,110,44,107,25,60,96,65,132,43,40,125,116"/><U121/><E36/><V69/><F111/><W80/><G110/><T31/><D127/><U54/><E84/><V28/><F74/><W109/><G109/><T50/><D129/><U35/><E54/><V75/><F75/><W10/><G125/><T58/><D41/><U2/><E97/><V83/><F69/><W61/><G132/><T85/><D34/><U8/><E66/><V6/><F48/><W91/><G116/><T19/><D31/><U38/><E71/><V114/><F28/><W23/><G107/><T42/><D42/><N who="3" m="15913" /><G44/><T131/><D19/><U39/><E2/><V133/><F114/><N who="1" m="43529" /><E38/><V51/><F51/><W108/><G108/><T89/><D131/><U82/><E82/><V120/><F120/><W70/><G70/><T101/><D104/><U78/><E78/><V98/><F98/><W105/><G105/><T86/><D77/><U88/><E88/><V27/><F27/><W102/><G25/><T100/><D73/><U128/><E39/><V49/><F49/><W72/><G72/><T37/><D37/><U106/><E106/><V135/><F135/><W76/><G96/><N who="0" m="57359" /><D90/><U15/><E128/><V117/><F117/><W68/><G76/><T64/><D64/><U53/><E53/><N who="2" m="34063" /><F133/><W47/><G68/><T11/><D11/><N who="1" m="6463" /><E1/><V126/><F126/><W123/><G65/><T17/><D55/><U124/><E124/><V134/><F134/><W57/><G60/><T81/><D63/><U3/><E3/><V118/><F118/><W16/><G61/><T93/><D81/><U59/><E59/><V33/><F33/><W112/><G112/><RYUUKYOKU ba="0,0" sc="198,-15,250,15,250,15,302,-15" hai1="7,8,15,29,35,121,122" hai2="5,6,22,24,30,79,83,87,95,99" /><INIT seed="1,1,0,4,1,51" ten="183,265,265,287" oya="1" hai0="90,22,43,0,131,130,96,110,2,103,1,44,23" hai1="74,100,72,21,5,134,117,60,11,83,71,104,54" hai2="41,34,9,92,86,135,121,112,17,20,125,81,8" hai3="45,78,105,53,91,115,73,64,10,95,56,52,31"/><U114/><E114/><V65/><F121/><W58/><G105/><T66/><D110/><U3/><E117/><V109/><F34/><W98/><G115/><T111/><D111/><U16/><E134/><V46/><F109/><W102/><G31/><T39/><D90/><U59/><E71/><V37/><F135/><W18/><G73/><T97/><D66/><U108/><E108/><V79/><F112/><W55/><G78/><T69/><D69/><U80/><E104/><V124/><F65/><W35/><G35/><T106/><REACH who="0" step="1"/><D96/><REACH who="0" ten="173,265,265,287" step="2"/><U94/><E80/><V62/><F62/><N who="3" m="37959" /><G91/><T63/><D63/><U7/><E83/><V76/><F76/><W38/><G98/><T25/><D25/><U99/><REACH who="1" step="1"/><E7/><REACH who="1" ten="173,255,265,287" step="2"/><V68/><F68/><W4/><G4/><T107/><D107/><U116/><E116/><V48/><F92/><W129/><G95/><T88/><D88/><U12/><AGARI ba="1,2" hai="3,5,11,12,16,21,54,59,60,72,74,94,99,100" machi="12" ten="20,12000,1" yaku="1,1,0,1,7,1,52,1,54,1,53,0" doraHai="51" doraHaiUra="87" who="1" fromWho="1" sc="173,-41,255,143,265,-41,287,-41" /><INIT seed="1,2,0,0,0,133" ten="132,398,224,246" oya="1" hai0="76,55,30,103,40,67,70,45,65,2,15,74,78" hai1="114,87,26,105,60,63,128,77,97,13,88,61,14" hai2="48,119,93,94,98,11,27,92,19,56,91,7,35" hai3="112,127,124,118,53,24,41,71,18,120,21,46,108"/><U134/><E114/><V25/><F119/><W89/><G112/><T85/><D2/><U52/><E134/><V96/><F35/><W80/><G120/><T62/><D74/><U131/><E77/><V44/><F56/><W22/><G71/><T12/><D67/><U106/><E26/><V66/><F66/><W69/><G69/><T39/><D103/><U102/><E105/><V32/><F32/><W123/><G123/><T6/><D30/><U29/><E29/><V82/><F82/><W51/><G118/><T125/><D6/><U34/><E34/><V28/><F19/><W122/><G122/><T116/><D116/><U16/><E52/><V109/><F109/><W126/><G108/><T110/><D110/><U129/><REACH who="1" step="1"/><E16/><REACH who="1" ten="132,388,224,246" step="2"/><V3/><F28/><W132/><G132/><T104/><D104/><U58/><E58/><V83/><F25/><W111/><G111/><T115/><D115/><U36/><E36/><V50/><F27/><W95/><G22/><T20/><D20/><U84/><E84/><N who="2" m="50591" /><F48/><W8/><G8/><T117/><D117/><U1/><E1/><V90/><F98/><N who="3" m="57711" /><G80/><AGARI ba="2,1" hai="13,14,60,61,63,80,87,88,97,102,106,128,129,131" machi="80" ten="50,12000,1" yaku="1,1,19,1,54,1,53,1" doraHai="133" doraHaiUra="86" who="1" fromWho="3" sc="132,0,388,136,224,0,246,-126" /><INIT seed="1,3,0,4,4,21" ten="132,524,224,120" oya="1" hai0="123,99,121,69,66,74,134,110,104,12,62,113,57" hai1="109,22,1,75,77,103,52,0,14,96,97,34,135" hai2="20,71,117,133,55,124,27,91,90,106,65,86,111" hai3="40,81,56,23,41,82,95,60,78,118,64,48,17"/><U13/><E34/><V93/><F117/><W128/><G118/><T63/><D113/><U45/><E135/><V84/><F133/><W6/><G128/><T59/><D134/><U89/><E75/><V58/><F111/><W31/><G6/><T15/><D74/><U7/><E77/><V46/><F124/><W72/><G31/><T107/><D110/><U39/><E39/><V36/><F106/><N who="0" m="40490" /><D99/><U28/><E1/><V102/><F102/><W29/><G29/><T51/><D51/><U35/><E35/><V30/><F71/><W87/><G95/><T33/><D33/><U11/><E103/><V3/><F3/><W88/><REACH who="3" step="1"/><G48/><REACH who="3" ten="132,524,224,110" step="2"/><T70/><D70/><U44/><E28/><V114/><F114/><W126/><G126/><T119/><D119/><U42/><E109/><V38/><F38/><W24/><AGARI ba="3,1" hai="17,23,24,40,41,56,60,64,72,78,81,82,87,88" machi="24" ten="20,8000,1" yaku="1,1,0,1,7,1,52,1,54,1,53,0" doraHai="21" doraHaiUra="112" who="3" fromWho="3" sc="132,-23,524,-43,224,-23,110,99" /><INIT seed="2,0,0,3,4,8" ten="109,481,201,209" oya="2" hai0="104,38,25,10,117,122,49,75,60,6,80,69,41" hai1="36,97,90,58,114,79,46,17,50,1,62,103,33" hai2="37,59,45,39,61,100,82,11,51,129,2,110,93" hai3="118,65,88,15,81,125,119,28,16,27,19,113,3"/><V131/><F82/><W109/><G3/><T53/><D122/><U47/><E33/><V92/><F2/><W123/><G123/><T87/><D117/><U14/><E1/><V132/><F11/><W35/><G113/><T89/><D104/><U76/><E36/><N who="2" m="13899" /><F100/><W120/><G120/><T18/><D75/><U20/><E90/><V13/><F13/><W43/><G125/><T66/><D25/><U133/><E114/><V134/><F93/><W127/><G127/><T48/><D18/><U63/><E79/><V71/><F71/><W31/><G31/><T130/><D130/><N who="2" m="49674" /><F92/><W34/><G119/><T124/><D124/><U126/><E76/><V4/><F4/><W5/><G118/><T26/><D26/><U67/><E103/><V74/><F74/><W83/><G5/><T128/><D128/><U102/><E102/><V29/><F29/><W55/><G28/><T135/><D135/><N who="2" m="51754" /><F110/><W107/><G109/><T64/><D10/><U0/><E133/><V94/><F94/><W116/><G116/><T24/><D6/><U98/><E0/><V30/><F30/><W101/><G101/><T40/><D24/><U23/><E126/><V70/><F70/><W42/><G27/><T121/><D80/><U12/><E12/><V56/><F61/><W115/><G83/><T96/><D60/><U86/><E63/><V7/><F7/><W21/><G81/><T95/><D95/><U108/><E108/><V77/><F77/><W106/><G106/><T9/><D69/><U22/><E62/><V111/><F111/><W57/><G107/><T54/><D121/><RYUUKYOKU ba="0,0" sc="109,-10,481,-10,201,30,209,-10" hai2="45,51,56,59" /><INIT seed="2,1,0,4,0,40" ten="99,471,231,199" oya="2" hai0="74,54,11,97,52,124,102,24,20,91,29,121,79" hai1="4,61,9,43,90,15,41,110,69,62,111,53,115" hai2="84,32,66,86,14,99,87,132,67,82,46,3,27" hai3="85,117,100,126,89,65,7,80,96,12,70,95,6"/><V101/><F3/><W135/><G117/><T113/><D121/><U72/><E115/><V49/><F132/><W34/><G34/><T33/><D124/><U44/><E72/><V51/><F51/><W28/><G126/><T109/><D109/><N who="1" m="41483" /><E90/><V105/><F82/><W119/><G119/><T94/><D113/><U75/><E75/><V88/><F88/><W98/><G135/><T77/><D11/><U73/><E73/><V55/><REACH who="2" step="1"/><F14/><REACH who="2" ten="99,471,221,199" step="2"/><W112/><G12/><T63/><D91/><U59/><E15/><V31/><AGARI ba="1,1" hai="27,31,32,46,49,55,66,67,84,86,87,99,101,105" machi="31" ten="30,11700,0" yaku="1,1,2,1,0,1,52,1,53,0" doraHai="40" doraHaiUra="104" who="2" fromWho="2" sc="99,-40,471,-40,221,130,199,-40" /><INIT seed="2,2,0,2,0,29" ten="59,431,351,159" oya="2" hai0="42,90,48,71,32,68,75,27,108,100,55,57,99" hai1="94,13,107,91,135,39,98,51,113,35,76,127,67" hai2="0,80,56,15,10,130,50,41,7,54,120,4,93" hai3="70,77,81,23,119,117,122,89,1,25,65,97,88"/><V121/><F130/><W131/><G122/><T133/><D75/><U9/><E39/><V96/><F41/><W103/><G1/><T44/><D108/><U52/><E113/><V101/><F4/><W128/><G70/><T22/><D133/><U36/><E36/><V31/><F0/><W109/><G65/><T21/><D90/><N who="3" m="34921" /><G23/><T58/><D58/><U129/><E35/><V34/><REACH who="2" step="1"/><F80/><REACH who="2" ten="59,431,341,159" step="2"/><W62/><G81/><T84/><D71/><U14/><E129/><V60/><F60/><W2/><G62/><T72/><D68/><U86/><E135/><V61/><F61/><W83/><G131/><T115/><D115/><U95/><E127/><V82/><F82/><W16/><G83/><T124/><D124/><U5/><E5/><V87/><F87/><W28/><G128/><T114/><D114/><U38/><E86/><V116/><F116/><W53/><G117/><T123/><D84/><U112/><E112/><V12/><F12/><W104/><G119/><T126/><D126/><U69/><E14/><V6/><F6/><W79/><G2/><T11/><D72/><U37/><E13/><V63/><F63/><W106/><G77/><T134/><D123/><U105/><E69/><V73/><F73/><W59/><G79/><T118/><D134/><U43/><E43/><V78/><F78/><W17/><G109/><T30/><D118/><U110/><E76/><V26/><AGARI ba="2,1" hai="7,10,15,26,31,34,50,54,56,93,96,101,120,121" machi="26" ten="30,6000,0" yaku="1,1,0,1,52,1,53,0" doraHai="29" doraHaiUra="19" who="2" fromWho="2" sc="59,-22,431,-22,341,76,159,-22" /><INIT seed="2,3,0,4,1,87" ten="37,409,417,137" oya="2" hai0="105,5,73,96,41,133,61,37,56,51,126,40,13" hai1="21,52,23,24,119,108,50,26,88,7,47,132,6" hai2="36,90,97,29,118,49,39,101,68,102,92,71,117" hai3="55,17,14,70,127,30,60,84,98,125,2,31,99"/><V44/><F29/><N who="3" m="10763" /><G2/><T116/><D73/><U0/><E119/><V114/><F114/><W62/><G70/><T77/><D116/><U104/><E104/><V66/><F117/><W58/><G62/><T27/><D133/><U109/><E0/><V81/><F118/><W32/><G32/><T15/><D126/><N who="3" m="48137" /><G84/><T53/><D37/><U38/><E38/><V63/><F68/><W89/><G89/><T103/><D77/><U106/><E106/><V78/><F101/><W107/><G107/><T28/><D5/><N who="1" m="1547" /><E132/><V59/><F71/><W57/><G57/><T131/><D131/><U20/><E88/><V45/><F102/><W22/><AGARI ba="3,0" hai="14,17,22,55,58,60,98,99" m="48137,10763" machi="22" ten="30,1100,0" yaku="18,1" doraHai="87" who="3" fromWho="3" sc="37,-6,409,-6,417,-8,137,20" /><INIT seed="3,0,0,1,1,119" ten="31,403,409,157" oya="3" hai0="36,9,27,32,8,103,98,53,50,128,107,124,54" hai1="125,106,18,71,118,23,82,30,65,89,130,25,13" hai2="63,57,39,34,129,126,135,73,10,29,74,102,14" hai3="76,78,1,16,101,64,91,75,58,47,33,108,40"/><W51/><G1/><T92/><D128/><U134/><E106/><V61/><F39/><W38/><G33/><T17/><D124/><U11/><E130/><V22/><F34/><W24/><G108/><T120/><D36/><U93/><E125/><V105/><F126/><W55/><G75/><T123/><D107/><U28/><E118/><V122/><F129/><W12/><G101/><T70/><D70/><U83/><E134/><V20/><F63/><W60/><G24/><T66/><D66/><U117/><E117/><V113/><F113/><W52/><G91/><T72/><D72/><U5/><E65/><V77/><F77/><W42/><G55/><T86/><D86/><N who="1" m="52407" /><E71/><V111/><F74/><W114/><G114/><T31/><D54/><U115/><E115/><V80/><F29/><AGARI ba="0,0" hai="5,11,13,18,23,25,28,29,30,82,83" m="52407" machi="29" ten="30,1000,0" yaku="8,1" doraHai="119" who="1" fromWho="2" sc="31,0,403,10,409,-10,157,0" owari="31,-46.9,413,51.3,399,19.9,157,-24.3" /></mjloggm>