<mjloggm ver="2.3"><GO type="225" lobby="0"/><UN n0="%E8%81%B7%E6%A5%AD%E3%80%81%E9%A2%A8%32" n1="%E3%83%A9%E3%83%B3%E3%83%8A%E3%83%BC%E3%83%A9%E3%83%B3%E3%83%8A%E3%83%BC" n2="%E3%83%AB%E3%83%9B%E3%83%B3%E3%83%87%E3%82%A3%E3%82%A8" n3="%E3%81%8F%E3%82%8A%E3%83%94%E3%83%BC" dan="16,17,17,16" rate="2100.16,2207.65,2210.22,2083.95" sx="M,M,M,M"/><TAIKYOKU oya="0"/><INIT seed="0,0,0,5,1,7" ten="250,250,250,250" oya="0" hai0="80,22,108,114,76,120,43,55,71,53,116,69,29" hai1="6,66,64,8,27,45,129,32,101,65,85,34,117" hai2="84,123,88,130,103,90,70,18,52,57,38,105,62" hai3="0,48,50,33,9,113,79,92,87,31,106,77,63"/><T82/><D116/><U111/><E117/><V35/><F123/><W67/><G106/><T41/><D114/><U91/><E111/><V127/><F38/><W104/><G104/><T89/><D120/><U93/><E129/><V4/><F130/><W124/><G124/><T20/><D29/><U37/><E27/><V24/><F127/><W122/><G122/><T132/><D108/><U19/><E19/><V12/><F70/><W26/><G113/><T51/><D51/><U118/><E101/><V68/><F68/><W119/><G119/><T100/><D76/><U95/><E118/><V40/><F40/><W72/><G72/><T128/><D100/><U59/><E95/><V86/><F105/><W112/><G112/><T99/><D99/><U115/><E115/><V125/><F103/><W49/><G92/><T134/><REACH who="0" step="1"/><D89/><REACH who="0" ten="240,250,250,250" step="2"/><U121/><E121/><V10/><F125/><W16/><G79/><T131/><AGARI ba="0,1" hai="20,22,41,43,53,55,69,71,80,82,128,131,132,134" machi="131" ten="25,12000,1" yaku="1,1,2,1,0,1,22,2,53,0" doraHai="7" doraHaiUra="110" who="0" fromWho="0" sc="240,130,250,-40,250,-40,250,-40" /><INIT seed="0,1,0,4,1,130" ten="370,210,210,210" oya="0" hai0="91,63,73,100,78,8,38,110,104,14,9,115,34" hai1="48,32,77,114,85,118,132,59,49,89,31,52,41" hai2="17,76,129,84,122,103,42,2,113,111,125,96,25" hai3="72,65,80,40,55,12,83,43,123,127,37,128,87"/><T1/><D115/><U70/><E118/><V33/><F17/><W107/><G107/><T93/><D38/><U81/><E70/><V99/><F25/><W79/><G128/><T88/><D34/><U51/><E114/><V71/><F42/><W29/><G37/><T109/><D63/><U27/><E132/><V58/><F58/><W4/><G127/><T39/><D39/><U133/><E133/><V3/><F84/><W18/><G65/><T74/><D1/><U119/><E119/><V0/><F76/><W30/><G4/><T54/><D54/><U19/><E41/><V16/><F16/><W95/><G95/><T98/><D91/><U116/><E116/><V68/><F103/><W112/><G123/><T36/><D36/><U102/><E102/><V23/><F23/><W26/><G55/><T120/><D120/><U44/><E44/><V10/><F10/><N who="0" m="4202" /><D14/><U13/><REACH who="1" step="1"/><E77/><REACH who="1" ten="370,200,210,210" step="2"/><V117/><F68/><W11/><G43/><T47/><D47/><U106/><E106/><V46/><F71/><W97/><G40/><T22/><D78/><U62/><E62/><V50/><F46/><W134/><G134/><T86/><D100/><U61/><E61/><V56/><F117/><W7/><G112/><T90/><D104/><U24/><E24/><V28/><F113/><W53/><G26/><T131/><D131/><U101/><E101/><V60/><F129/><W64/><G79/><T45/><D45/><U124/><E124/><V5/><F125/><W94/><G7/><T69/><D69/><U135/><E135/><V126/><F126/><W35/><G64/><RYUUKYOKU ba="1,1" sc="370,-10,200,30,210,-10,210,-10" hai1="13,19,27,31,32,48,49,51,52,59,81,85,89" /><INIT seed="1,2,1,1,2,132" ten="360,230,200,200" oya="1" hai0="120,5,93,63,125,95,122,79,22,32,77,31,57" hai1="65,28,83,71,62,123,13,33,130,76,39,2,44" hai2="38,26,24,75,56,66,43,51,98,16,61,68,82" hai3="48,47,3,6,59,11,109,94,18,127,12,97,119"/><U46/><E123/><N who="0" m="47145" /><D125/><U91/><E2/><V40/><F98/><W20/><G109/><T87/><D32/><U134/><E134/><V29/><F75/><W35/><G119/><T117/><D5/><U89/><E130/><V4/><F4/><W121/><G121/><T19/><D31/><U114/><E114/><V64/><F82/><W131/><G131/><T9/><D9/><U0/><E0/><V103/><F103/><W36/><G36/><T80/><D79/><U108/><E108/><V41/><F66/><W101/><G59/><T107/><D107/><U90/><E39/><V34/><F24/><W7/><G7/><T92/><D117/><U124/><E124/><V133/><F133/><W128/><G128/><T126/><D126/><U104/><E104/><V55/><F16/><W81/><G81/><T21/><D19/><U99/><E99/><V30/><F30/><W54/><G127/><T73/><D73/><U70/><E70/><V15/><F15/><W8/><REACH who="3" step="1"/><G35/><REACH who="3" ten="360,230,200,190" step="2"/><T74/><D74/><U110/><E110/><V67/><F67/><AGARI ba="2,2" hai="21,22,57,63,67,77,80,87,92,93,95" m="47145" machi="67" ten="30,1000,0" yaku="13,1" doraHai="132" who="0" fromWho="2" sc="360,36,230,0,200,-16,190,0" /><INIT seed="2,0,0,1,4,55" ten="396,230,184,190" oya="2" hai0="48,91,97,17,10,112,11,51,114,7,22,100,76" hai1="108,134,107,45,71,52,9,28,113,80,129,46,64" hai2="8,37,123,122,50,66,43,58,83,93,81,104,88" hai3="26,47,33,27,86,90,42,2,39,32,124,110,115"/><V99/><F104/><W92/><G110/><T94/><D76/><U74/><E113/><V130/><F130/><W125/><G2/><T73/><D73/><U57/><E107/><V133/><F133/><W3/><G3/><T13/><D11/><U49/><E28/><V12/><F37/><W101/><G101/><T53/><D100/><U35/><E35/><V59/><F122/><W41/><G115/><T111/><D51/><U77/><E108/><V65/><F123/><W18/><G42/><T117/><D117/><U16/><E129/><V106/><F106/><W109/><G109/><T96/><D97/><U54/><E134/><V34/><F34/><N who="3" m="13419" /><G18/><T120/><D120/><U30/><E30/><V62/><F43/><W23/><G23/><T84/><D96/><U82/><E80/><N who="2" m="30795" /><F50/><W19/><G19/><T72/><D72/><U25/><E54/><N who="2" m="34135" /><F59/><W38/><G38/><T20/><D20/><U4/><E71/><V68/><F68/><W95/><G95/><T21/><D21/><N who="1" m="13479" /><E64/><V89/><F89/><W40/><G41/><T6/><D111/><U75/><E74/><V116/><F116/><W135/><G135/><T1/><D7/><AGARI ba="0,0" hai="7,8,12,65,66,88,93,99" m="34135,30795" machi="7" ten="30,5800,0" yaku="8,1,52,1,54,1" doraHai="55" who="2" fromWho="0" sc="396,-58,230,0,184,58,190,0" /><INIT seed="2,1,0,1,2,116" ten="338,230,242,190" oya="2" hai0="124,122,55,2,95,76,14,64,117,31,58,72,35" hai1="129,73,21,53,37,29,112,131,118,119,92,121,40" hai2="98,84,51,108,75,26,54,19,104,4,62,23,111" hai3="113,17,74,89,47,49,101,63,105,70,109,120,100"/><V81/><F75/><W80/><G109/><N who="2" m="42057" /><F4/><W45/><G113/><T134/><D2/><U107/><E73/><V30/><F62/><W46/><G105/><T114/><D114/><U96/><E107/><V97/><F19/><W69/><G74/><T28/><D117/><U27/><E112/><V36/><F36/><W71/><G49/><T103/><D64/><U25/><E53/><V110/><F104/><W7/><G7/><T135/><D72/><U43/><E37/><V32/><F32/><W127/><G63/><T83/><D35/><U79/><E79/><N who="2" m="46143" /><F110/><W128/><G17/><T91/><D28/><U61/><E61/><V77/><F77/><W57/><G128/><N who="1" m="49226" /><E119/><V82/><F82/><W34/><G34/><T42/><D83/><U68/><E118/><V5/><F5/><W115/><G115/><T33/><D31/><U60/><E68/><V133/><F133/><W10/><G70/><T88/><D135/><U48/><E60/><V66/><F66/><W39/><G71/><T24/><D134/><U12/><E48/><V50/><F50/><W0/><G69/><T56/><D33/><U67/><E67/><V52/><F54/><W130/><G39/><T3/><D55/><U93/><E43/><V22/><F22/><W132/><G130/><T123/><D42/><U126/><E40/><V20/><F20/><W16/><G16/><T65/><D65/><U38/><E38/><V41/><F41/><W94/><G132/><T11/><D76/><U125/><E21/><V18/><F30/><W44/><N who="3" m="11264" /><DORA hai="78" /><W99/><G80/><T86/><D3/><RYUUKYOKU ba="1,0" sc="338,-10,230,-10,242,30,190,-10" hai2="18,23,26,51,52,97,98" /><INIT seed="2,2,0,4,0,82" ten="328,220,272,180" oya="2" hai0="116,76,118,30,60,122,85,83,80,69,43,84,66" hai1="46,126,121,98,26,57,89,95,20,114,14,109,73" hai2="133,106,52,100,79,32,11,63,65,91,87,105,39" hai3="19,1,88,48,124,119,12,56,58,67,94,132,23"/><V17/><F39/><W120/><G119/><N who="0" m="45611" /><D30/><U3/><E114/><V2/><F32/><W128/><G120/><T92/><D92/><U130/><E73/><V6/><F79/><W45/><G1/><T77/><D43/><U59/><E3/><V101/><F133/><W78/><G124/><T81/><D122/><U27/><E109/><V112/><F112/><W135/><G128/><T4/><D4/><U125/><E130/><V123/><F123/><W102/><G102/><T72/><D83/><U42/><E121/><V38/><F38/><W110/><G110/><T99/><D99/><U68/><E68/><V71/><F17/><W113/><G113/><T9/><D9/><U51/><E14/><V108/><F108/><W36/><G78/><T13/><D13/><U37/><E27/><V107/><REACH who="2" step="1"/><F52/><REACH who="2" ten="328,220,262,180" step="2"/><N who="3" m="31751" /><G36/><T34/><D34/><U16/><REACH who="1" step="1"/><E37/><REACH who="1" ten="328,210,262,180" step="2"/><V61/><F61/><N who="3" m="38327" /><G45/><T115/><D115/><U50/><E50/><V49/><F49/><W24/><G135/><T75/><AGARI ba="2,2" hai="60,66,69,72,75,76,77,80,81,84,85" m="45611" machi="75" ten="30,4000,0" yaku="12,1,52,2" doraHai="82" who="0" fromWho="0" sc="328,66,210,-12,262,-22,180,-12" /><INIT seed="3,0,0,3,0,17" ten="394,198,240,168" oya="3" hai0="20,66,8,5,88,103,77,53,14,120,68,39,107" hai1="82,19,24,7,110,96,89,13,29,4,92,67,113" hai2="50,25,12,34,119,0,22,121,51,2,45,32,47" hai3="135,71,86,122,105,49,124,65,63,3,48,85,108"/><W42/><G122/><T94/><D39/><U69/><E110/><V75/><F75/><W60/><G105/><T46/><D120/><U76/><E113/><V93/><F119/><W28/><G3/><T99/><D77/><U91/><E67/><V23/><F93/><W16/><G28/><T112/><D112/><U128/><E128/><V11/><F121/><W43/><G135/><T44/><D53/><U27/><E69/><V101/><F101/><W58/><G124/><T62/><D20/><N who="1" m="15495" /><E27/><V59/><F59/><N who="3" m="37023" /><G108/><T41/><D41/><N who="3" m="15369" /><G71/><T70/><D68/><U64/><E64/><V30/><F30/><W111/><G111/><T80/><D80/><U123/><E123/><V118/><F118/><W73/><G73/><T90/><D90/><U21/><E76/><V33/><F33/><W126/><G126/><T55/><D55/><U78/><E78/><V114/><F114/><W57/><G58/><T102/><D102/><U9/><E9/><V84/><F32/><W98/><G98/><AGARI ba="0,0" hai="5,8,14,44,46,62,66,70,88,94,98,99,103,107" machi="98" ten="30,2000,0" yaku="7,1,54,1" doraHai="17" who="0" fromWho="3" sc="394,20,198,0,240,0,168,-20" owari="414,51.4,198,-20.2,240,4.0,148,-35.2" /></mjloggm>