<mjloggm ver="2.3"><GO type="225" lobby="0"/><UN n0="%68%6F%72%69%30%39%30%31" n1="%54%48%48%6C%68" n2="%28%EF%BF%A3%E2%96%BD%EF%BF%A3%29%CE%B4%E2%8C%92%E3%83%BB" n3="%45%6C%79%73%69%75%6D" dan="16,16,16,17" rate="2107.19,2124.03,2135.36,2118.50" sx="M,M,M,F"/><TAIKYOKU oya="0"/><INIT seed="0,0,0,3,5,72" ten="250,250,250,250" oya="0" hai0="105,114,81,52,101,14,128,24,98,55,23,94,135" hai1="7,103,109,26,127,51,68,62,57,17,118,0,87" hai2="121,53,20,108,28,9,22,2,67,74,119,76,116" hai3="35,80,13,30,126,54,89,18,84,25,37,15,5"/><T70/><D114/><U8/><E118/><N who="2" m="45099" /><F121/><W58/><G37/><T10/><D70/><U11/><E127/><V3/><F108/><W85/><G126/><T61/><D135/><U77/><E103/><V91/><F67/><W99/><G99/><T83/><D128/><U96/><E96/><V48/><F91/><W12/><G5/><N who="0" m="3407" /><D105/><U47/><E68/><V36/><F36/><W112/><G85/><T106/><D106/><U38/><E38/><V107/><F107/><W75/><G75/><T129/><D129/><U102/><E102/><V132/><F132/><W29/><G112/><T117/><D117/><U6/><E109/><V45/><F9/><W88/><G30/><N who="0" m="17695" /><D61/><U134/><E134/><V1/><F28/><W131/><G131/><T32/><D32/><U78/><E0/><N who="2" m="3" /><V113/><DORA hai="65" /><F113/><W34/><G34/><T125/><D125/><U41/><E8/><V64/><F64/><W92/><G18/><T122/><D122/><U130/><E130/><V44/><F44/><W42/><G12/><T31/><D31/><U66/><E11/><V16/><F16/><W133/><G133/><T111/><D111/><U63/><E17/><V69/><F69/><W73/><G13/><T21/><D21/><U50/><E47/><V33/><F33/><W86/><G15/><T49/><D55/><U27/><E6/><V19/><F19/><W97/><G42/><T82/><D82/><AGARI ba="0,0" hai="20,22,45,48,53,74,76,82" m="3,45099" machi="82" ten="50,3200,0" yaku="12,1,52,1" doraHai="72,65" who="2" fromWho="0" sc="250,-32,250,0,250,32,250,0" /><INIT seed="1,0,0,4,5,38" ten="218,250,282,250" oya="1" hai0="88,101,24,23,25,58,41,97,117,103,128,122,48" hai1="120,104,33,106,112,133,12,65,107,26,15,46,27" hai2="84,102,91,74,40,85,2,54,134,37,43,7,77" hai3="31,39,109,20,49,93,56,35,83,0,127,36,60"/><U67/><E112/><V66/><F37/><W130/><G109/><T111/><D122/><U113/><E113/><V44/><F74/><W71/><G0/><T81/><D117/><U42/><E133/><V21/><F134/><W124/><G130/><T17/><D128/><U131/><E120/><V9/><F102/><W78/><G35/><T19/><D111/><U34/><E131/><V32/><F32/><W53/><G93/><T29/><D17/><U87/><E87/><V108/><F66/><N who="3" m="41415" /><G20/><N who="0" m="15495" /><D58/><U105/><E105/><V18/><F108/><W73/><G31/><T10/><D10/><U50/><E33/><V96/><F96/><W135/><G135/><T68/><D68/><U55/><E34/><V126/><F126/><AGARI ba="0,0" hai="36,39,49,53,56,73,78,83,124,126,127" m="41415" machi="126" ten="30,1000,0" yaku="18,1" doraHai="38" who="3" fromWho="2" sc="218,0,250,0,282,-10,250,10" /><INIT seed="2,0,0,5,0,111" ten="218,250,272,260" oya="2" hai0="86,127,6,109,98,83,40,27,68,82,102,73,3" hai1="36,34,9,42,99,50,30,47,133,108,18,44,135" hai2="4,76,77,88,121,56,45,63,132,103,69,67,106" hai3="71,72,33,125,10,90,65,89,60,130,37,11,115"/><V55/><F121/><W85/><G33/><T66/><D109/><U25/><E108/><V53/><F132/><N who="1" m="50761" /><E99/><V35/><F35/><W7/><G72/><T105/><D127/><U81/><E81/><V84/><F4/><W21/><G37/><T134/><D134/><U95/><E95/><V117/><F117/><W58/><G130/><T52/><D40/><N who="1" m="22535" /><E9/><V39/><F103/><W0/><G125/><T93/><D3/><U70/><E18/><V101/><F101/><W20/><G10/><T26/><D6/><U74/><E70/><V131/><F106/><W116/><G116/><T28/><D28/><U38/><E50/><N who="2" m="30775" /><F55/><W12/><G0/><T122/><D66/><U59/><E59/><V62/><F62/><W112/><G71/><T41/><D68/><U22/><E74/><V24/><F24/><W129/><G129/><T16/><D41/><U126/><E126/><V128/><F131/><W124/><G124/><T51/><D73/><U31/><E34/><V14/><F14/><W119/><G119/><T57/><D105/><U43/><E43/><N who="2" m="22783" /><F128/><W110/><G110/><T15/><D122/><U118/><E118/><V23/><F23/><W100/><G100/><T54/><D54/><U104/><E104/><V19/><F19/><W8/><G8/><N who="0" m="6247" /><D83/><AGARI ba="0,0" hai="63,67,69,76,77,83,84,88" m="22783,30775" machi="83" ten="30,2900,0" yaku="24,1,54,1" doraHai="111" who="2" fromWho="0" sc="218,-29,250,0,272,29,260,0" /><INIT seed="2,1,0,4,2,78" ten="189,250,301,260" oya="2" hai0="20,116,28,101,86,103,51,110,66,85,11,24,39" hai1="59,107,30,81,93,0,18,32,17,122,14,131,89" hai2="76,60,129,104,71,94,109,90,61,106,115,126,54" hai3="114,37,99,35,64,23,100,44,33,132,77,80,12"/><V124/><F115/><W9/><G114/><T117/><D39/><U88/><E107/><V108/><F129/><W65/><G23/><T130/><D130/><U42/><E131/><V8/><F8/><W52/><G132/><T96/><D66/><U47/><E0/><V25/><F25/><W1/><G1/><T73/><D73/><U31/><E32/><V38/><F38/><W68/><G68/><T56/><D110/><N who="2" m="42602" /><F76/><W48/><G37/><T95/><D11/><N who="1" m="6367" /><E18/><V45/><F45/><W4/><G33/><T29/><D29/><U27/><E27/><V83/><F54/><W133/><G35/><T6/><D6/><U72/><E122/><V15/><F15/><W123/><G133/><T119/><REACH who="0" step="1"/><D103/><REACH who="0" ten="179,250,301,260" step="2"/><U92/><E30/><V120/><F120/><W102/><G123/><T125/><D125/><U84/><E31/><V70/><F126/><W21/><G102/><T19/><D19/><U79/><E72/><V91/><F124/><W127/><G127/><T49/><D49/><N who="1" m="26871" /><E59/><V10/><F10/><W57/><G57/><T97/><D97/><N who="1" m="57479" /><E93/><V98/><F71/><W118/><G4/><T58/><D58/><U67/><E67/><N who="2" m="41319" /><F61/><W43/><G64/><T113/><D113/><U41/><E41/><V16/><F16/><W13/><G65/><T134/><D134/><U135/><E135/><V36/><F36/><W34/><G43/><T75/><D75/><U7/><E7/><V111/><F111/><W2/><G9/><T3/><D3/><U40/><E40/><V128/><F128/><W62/><G2/><T26/><D26/><U74/><E74/><RYUUKYOKU ba="1,1" sc="179,10,250,10,301,10,260,-30" hai0="20,24,28,51,56,85,86,95,96,101,116,117,119" hai1="79,81,84,89" hai2="83,90,91,94,98,104,106" /><INIT seed="2,2,1,3,5,76" ten="189,260,311,230" oya="2" hai0="14,25,36,12,85,80,74,27,79,121,48,64,60" hai1="88,106,103,95,129,55,44,130,81,59,84,23,63" hai2="8,46,113,119,37,69,35,78,62,66,56,104,70" hai3="125,72,5,6,114,41,90,31,87,3,134,109,19"/><V24/><F104/><W126/><G72/><T38/><D121/><U21/><E106/><V18/><F113/><W115/><G41/><T9/><D14/><U10/><E10/><V111/><F119/><W132/><G109/><T110/><D110/><U47/><E47/><V128/><F111/><W117/><G117/><T28/><D74/><U34/><E34/><V100/><F100/><W11/><G31/><T26/><D28/><U65/><E44/><V89/><F128/><N who="1" m="49257" /><E65/><V73/><F89/><W40/><G40/><T53/><D48/><U20/><E103/><V58/><F69/><W94/><G19/><T49/><D49/><U43/><E43/><V133/><F46/><W102/><G102/><T2/><D2/><U123/><E123/><V68/><F37/><W92/><G92/><AGARI ba="2,1" hai="20,21,23,55,59,63,81,84,88,92,95" m="49257" machi="92" ten="30,3900,0" yaku="19,1,52,1,54,1" doraHai="76" who="1" fromWho="3" sc="189,0,260,55,311,0,230,-45" /><INIT seed="3,0,0,1,0,13" ten="189,315,311,185" oya="3" hai0="81,54,98,7,39,76,104,12,45,100,48,14,25" hai1="95,134,5,11,35,37,67,75,79,105,30,51,135" hai2="108,40,133,47,73,127,10,23,116,82,93,1,49" hai3="8,41,129,80,68,0,19,106,126,52,91,56,110"/><W33/><G106/><T113/><D39/><U31/><E37/><V92/><F116/><W78/><G68/><T88/><D7/><U38/><E38/><N who="2" m="21911" /><F127/><W85/><G126/><T4/><D4/><U121/><E105/><V103/><F103/><W117/><G117/><T65/><D65/><U26/><E31/><V58/><F23/><W16/><G33/><T131/><D131/><U84/><E75/><V9/><F9/><W27/><G129/><T60/><D60/><U21/><E67/><V132/><F108/><W96/><G110/><T125/><D125/><U15/><E51/><V120/><F120/><W29/><G41/><T111/><D111/><U70/><E70/><V72/><F10/><W97/><G0/><T124/><D124/><U102/><E121/><V32/><F1/><W89/><G89/><T34/><D88/><N who="1" m="53639" /><E79/><N who="2" m="44391" /><F73/><W109/><G109/><T99/><D99/><N who="3" m="37961" /><G8/><T59/><D59/><U77/><E77/><V118/><F32/><W50/><G91/><T115/><D34/><U28/><E102/><V53/><F118/><W17/><G29/><T66/><D66/><U119/><E119/><V44/><F58/><W64/><G64/><T87/><D25/><AGARI ba="0,0" hai="16,17,19,25,27,50,52,56,78,80,85" m="37961" machi="25" ten="30,18000,2" yaku="8,1,52,3,54,2" doraHai="13" who="3" fromWho="0" sc="189,-180,315,0,311,0,185,180" owari="9,-49.1,315,11.5,311,-8.9,365,46.5" /></mjloggm>