<mjloggm ver="2.3"><GO type="225" lobby="0"/><UN n0="%E6%80%AA%E3%81%97%E3%81%99%E3%81%8E%E3%82%8B%E3%83%81%E3%83%BC" n1="%E5%8D%8D%E6%B1%A0%E8%A2%8B%E6%9C%80%E5%BC%B7%E5%8D%8D" n2="%E7%99%BD%E9%9B%AA%E4%B9%83%E6%84%9B" n3="%E3%83%AD%E3%83%83%E3%83%86%E9%9B%80%E7%90%83" dan="16,16,16,17" rate="2144.47,2128.19,2049.92,2250.17" sx="M,M,F,M"/><TAIKYOKU oya="0"/><INIT seed="0,0,0,4,1,69" ten="250,250,250,250" oya="0" hai0="107,67,109,35,8,75,110,124,46,95,3,93,40" hai1="48,122,81,9,92,36,71,1,26,39,117,105,94" hai2="55,63,32,80,15,70,43,90,86,28,59,101,79" hai3="23,100,57,25,102,130,34,112,64,6,97,118,19"/><T119/><D119/><U88/><E117/><V78/><F70/><W56/><G112/><T2/><D107/><U128/><E122/><V37/><F101/><W121/><G118/><T99/><D124/><U31/><E105/><V113/><F113/><W134/><G134/><T51/><D75/><U114/><E71/><V21/><F32/><W45/><G130/><T103/><D67/><U18/><E114/><V126/><F126/><W54/><G121/><T11/><D95/><U62/><E128/><V42/><F42/><W84/><G34/><T72/><D72/><U111/><E111/><N who="0" m="42505" /><D35/><U38/><E62/><V104/><F104/><W83/><G6/><T129/><D129/><U68/><E68/><V61/><F61/><N who="3" m="37935" /><G45/><T91/><D103/><U4/><E18/><V77/><F28/><W115/><G97/><T7/><D11/><U12/><E1/><AGARI ba="0,0" hai="1,2,3,7,8,40,46,51,91,93,99" m="42505" machi="1" ten="30,2900,0" yaku="14,1,10,1" doraHai="69" who="0" fromWho="1" sc="250,29,250,-29,250,0,250,0" /><INIT seed="0,1,0,0,4,32" ten="279,221,250,250" oya="0" hai0="103,41,60,112,65,0,57,20,126,62,107,97,6" hai1="135,54,27,75,25,104,73,11,66,134,89,117,115" hai2="86,37,3,120,100,59,98,12,131,114,44,95,80" hai3="127,129,108,23,110,94,77,56,82,34,30,40,8"/><T42/><D112/><U28/><E115/><V111/><F114/><W63/><G127/><T90/><D126/><U119/><E104/><V39/><F120/><W61/><G34/><T19/><D90/><U84/><E66/><V22/><F111/><N who="3" m="42539" /><G129/><T118/><D118/><U10/><E54/><V106/><F131/><W116/><G116/><N who="1" m="44618" /><E89/><V29/><F106/><W79/><G8/><N who="1" m="3114" /><E84/><V38/><F59/><W128/><G128/><T76/><D0/><U17/><E17/><V105/><F105/><W9/><G40/><T92/><D107/><U64/><E64/><V2/><F44/><W69/><G94/><T14/><D6/><U124/><E124/><V7/><F7/><W70/><G56/><N who="0" m="36999" /><D76/><U51/><E51/><V33/><F33/><W85/><G79/><T78/><D78/><U43/><E43/><V55/><F55/><AGARI ba="1,0" hai="14,19,20,41,42,55,57,62,92,97,103" m="36999" machi="55" ten="30,1500,0" yaku="8,1" doraHai="32" who="0" fromWho="2" sc="279,18,221,0,250,-18,250,0" /><INIT seed="0,2,0,0,1,23" ten="297,221,232,250" oya="0" hai0="7,37,38,70,33,60,97,55,72,132,3,114,101" hai1="11,44,57,46,103,61,115,26,116,43,4,50,58" hai2="49,20,78,25,131,27,77,15,76,129,117,54,41" hai3="21,135,42,53,90,71,12,62,120,102,9,109,16"/><T84/><D114/><U98/><E116/><V30/><F117/><W95/><G109/><T17/><D72/><U68/><E115/><V134/><F41/><W45/><G135/><T104/><D132/><U10/><E10/><V52/><F134/><W106/><G120/><T91/><D33/><U118/><E118/><V112/><F112/><W34/><G34/><T0/><D17/><U124/><E124/><V47/><F15/><W24/><G106/><T130/><D130/><N who="2" m="49674" /><F27/><W74/><G102/><T133/><D133/><U100/><E100/><V85/><F54/><W2/><G74/><T40/><D40/><U99/><E99/><V63/><F63/><W18/><G2/><T83/><D7/><U69/><E44/><V81/><AGARI ba="2,0" hai="20,25,30,47,49,52,76,77,78,81,85" m="49674" machi="81" ten="30,4000,0" yaku="19,1,52,1,54,1" doraHai="23" who="2" fromWho="2" sc="297,-22,221,-12,232,46,250,-12" /><INIT seed="1,0,0,2,1,76" ten="275,209,278,238" oya="1" hai0="56,46,65,52,30,39,84,29,94,105,93,79,18" hai1="57,86,14,21,55,104,111,131,67,66,8,38,50" hai2="110,102,13,2,0,54,73,125,135,23,12,127,61" hai3="63,98,51,37,22,97,11,7,59,130,47,107,82"/><U71/><E38/><V118/><F118/><W83/><G37/><T26/><D105/><U33/><E131/><V119/><F119/><W117/><G130/><T81/><D39/><U35/><E111/><V103/><F135/><W113/><G113/><T96/><D46/><U9/><E104/><V75/><F61/><W123/><G123/><T27/><D65/><U116/><E116/><V32/><F23/><W17/><G117/><T101/><D94/><U87/><E33/><V48/><F48/><W88/><G107/><T42/><D42/><U124/><E35/><V132/><F32/><W20/><G7/><T44/><D44/><U62/><E124/><V24/><F24/><N who="0" m="9258" /><D18/><U68/><E68/><V43/><F43/><N who="3" m="25087" /><G11/><N who="1" m="4170" /><E71/><V80/><F54/><N who="3" m="34295" /><G22/><T89/><D101/><U45/><E66/><V77/><F110/><W4/><G4/><T120/><D120/><U1/><E1/><V36/><F36/><W40/><G40/><T64/><D64/><U69/><E69/><V133/><F77/><W60/><G60/><AGARI ba="0,0" hai="29,30,52,56,60,79,81,84,89,93,96" m="9258" machi="60" ten="30,3900,0" yaku="8,1,52,1,54,1" doraHai="76" who="0" fromWho="3" sc="275,39,209,0,278,0,238,-39" /><INIT seed="2,0,0,2,1,41" ten="314,209,278,199" oya="2" hai0="24,31,35,119,56,16,72,50,108,122,91,93,129" hai1="82,116,34,75,134,17,48,33,36,135,18,19,52" hai2="12,59,63,114,8,4,65,81,11,86,43,30,58" hai3="20,85,69,100,80,61,55,103,26,109,53,118,74"/><V22/><F114/><W107/><G109/><T66/><D122/><U97/><E36/><V124/><F124/><W127/><G127/><T83/><D108/><U130/><E116/><V102/><F102/><W79/><G118/><T67/><D119/><U15/><E130/><V44/><F11/><W77/><G77/><T95/><D129/><U2/><E2/><V14/><F59/><W68/><G74/><T42/><D16/><N who="1" m="6251" /><E97/><V57/><F57/><W38/><G38/><T94/><D72/><U89/><E89/><V0/><F22/><W96/><G103/><T21/><D35/><U121/><E82/><V120/><F30/><W3/><G3/><T7/><D7/><U128/><E128/><V132/><F132/><N who="1" m="50729" /><E75/><V6/><F6/><W28/><REACH who="3" step="1"/><G61/><REACH who="3" ten="314,209,278,189" step="2"/><T10/><D91/><U51/><E121/><V54/><F120/><W25/><G25/><T99/><D24/><U110/><E110/><V64/><F0/><W62/><G62/><T73/><D73/><U39/><E39/><V5/><F14/><W92/><G92/><T23/><D95/><U88/><E48/><N who="2" m="26655" /><F4/><W113/><G113/><T49/><D50/><U84/><E51/><V101/><F101/><W1/><G1/><T111/><D49/><U60/><E60/><V37/><F37/><W90/><G90/><AGARI ba="0,1" hai="5,8,12,54,58,63,64,65,81,86,90" m="26655" machi="90" ten="30,2900,0" yaku="8,1,52,1" doraHai="41" who="2" fromWho="3" sc="314,0,209,0,278,39,189,-29" /><INIT seed="2,1,0,0,1,83" ten="314,209,317,160" oya="2" hai0="79,27,1,132,64,50,88,131,71,26,22,76,28" hai1="67,115,110,90,103,124,72,87,89,18,74,7,10" hai2="44,37,63,14,4,53,109,77,47,116,130,98,46" hai3="65,112,57,9,31,107,30,35,11,84,134,32,16"/><V12/><F116/><W52/><G107/><T86/><D1/><U34/><E115/><V8/><F130/><W5/><G112/><T93/><D131/><U94/><E34/><V38/><F109/><W73/><G73/><T108/><D132/><U101/><E124/><V128/><F128/><W66/><G134/><T49/><D108/><U42/><E42/><V96/><F77/><N who="0" m="29770" /><D71/><U19/><E67/><N who="3" m="25610" /><G35/><T15/><D64/><U97/><E110/><V39/><F63/><N who="3" m="36263" /><G32/><T133/><D133/><U55/><E55/><V41/><F53/><W51/><G51/><N who="0" m="19467" /><D27/><U75/><E103/><V113/><F113/><W129/><G129/><T3/><D3/><U104/><REACH who="1" step="1"/><E90/><REACH who="1" ten="314,199,317,160" step="2"/><V78/><F41/><W99/><G99/><T68/><D68/><U36/><E36/><V85/><F98/><W123/><G123/><T24/><D28/><N who="3" m="10793" /><G5/><T135/><D135/><U119/><E119/><V48/><F96/><W20/><G84/><T23/><D86/><U118/><E118/><V106/><F85/><W120/><G120/><T2/><D88/><U40/><E40/><V81/><F38/><W0/><G0/><AGARI ba="1,1" hai="0,7,10,18,19,72,74,75,87,89,94,97,101,104" machi="0" ten="40,2600,0" yaku="1,1,52,1,53,0" doraHai="83" doraHaiUra="29" who="1" fromWho="3" sc="314,0,199,39,317,0,160,-29" /><INIT seed="3,0,0,0,2,6" ten="314,238,317,131" oya="3" hai0="20,30,51,66,58,102,83,27,73,49,8,28,108" hai1="57,25,80,59,47,79,34,21,110,31,36,70,75" hai2="63,99,86,111,53,134,13,81,65,52,35,29,26" hai3="42,18,3,120,96,130,103,124,56,113,77,129,67"/><W40/><G113/><T0/><D108/><U46/><E70/><V109/><F134/><W91/><G120/><T127/><D127/><U132/><E132/><V12/><F99/><W116/><G116/><T74/><D28/><U78/><E110/><N who="2" m="41995" /><F12/><W89/><G124/><T126/><D126/><U1/><E1/><V98/><F13/><W93/><G77/><T22/><D22/><U7/><E7/><V4/><F98/><W48/><G18/><T115/><D115/><U107/><E107/><V10/><F10/><W41/><G3/><T45/><D8/><U97/><E97/><V118/><F4/><W123/><G123/><T39/><D102/><U17/><E78/><N who="2" m="46391" /><F118/><W14/><G14/><T104/><D104/><U32/><E32/><V101/><F101/><W38/><G38/><T105/><D105/><U121/><E47/><V24/><F24/><W9/><G9/><T64/><D73/><U69/><E31/><V44/><F44/><W55/><REACH who="3" step="1"/><G67/><REACH who="3" ten="314,238,317,121" step="2"/><T114/><D39/><U15/><E79/><V128/><F128/><AGARI ba="0,1" hai="40,41,42,48,55,56,89,91,93,96,103,128,129,130" machi="128" ten="40,7700,0" yaku="1,1,2,1,19,1,53,0" doraHai="6" doraHaiUra="5" who="3" fromWho="2" sc="314,0,238,0,317,-77,121,87" /><INIT seed="3,1,0,5,2,28" ten="314,238,240,208" oya="3" hai0="108,92,113,34,30,100,26,61,124,9,55,135,134" hai1="10,5,72,62,99,14,38,67,98,16,19,81,85" hai2="114,123,132,42,15,44,1,70,33,66,13,126,110" hai3="43,109,46,23,131,2,75,93,78,37,96,47,90"/><W56/><G131/><T127/><D108/><U91/><E38/><V63/><F114/><W118/><G118/><T80/><D113/><U101/><E72/><V107/><F1/><W120/><G120/><T31/><D31/><U25/><E25/><V69/><F110/><W22/><G109/><T71/><D80/><U52/><E98/><V119/><F119/><W54/><G47/><T84/><D9/><U48/><E62/><V83/><F123/><W7/><G54/><T133/><D100/><U58/><REACH who="1" step="1"/><E67/><REACH who="1" ten="314,228,240,208" step="2"/><V4/><F132/><W41/><G41/><T106/><D133/><U112/><E112/><V74/><F74/><W40/><G40/><T18/><D61/><U129/><E129/><V130/><F130/><W111/><G111/><T82/><D26/><U11/><E11/><V53/><F63/><W79/><G56/><T104/><D134/><U95/><AGARI ba="1,1" hai="5,10,14,16,19,48,52,58,81,85,91,95,99,101" machi="95" ten="20,12000,2" yaku="1,1,0,1,7,1,8,1,54,2,53,1" doraHai="28" doraHaiUra="89" who="1" fromWho="1" sc="314,-31,228,133,240,-31,208,-61" owari="283,8.3,361,46.1,209,-19.1,147,-35.3" /></mjloggm>