<mjloggm ver="2.3"><GO type="225" lobby="0"/><UN n0="%38%63%E3%81%AF%E3%81%A3%E3%81%97%E3%83%BC" n1="%4C%4F%4C%49%54%41" n2="%E6%B4%BE%E9%81%A3%E3%81%AE%E3%82%B8%E3%83%A3%E3%83%83%E3%82%AF" n3="%E3%81%A9%E3%82%8F%E3%82%93%E3%81%94" dan="16,16,16,16" rate="2083.19,2150.84,2160.66,2139.05" sx="M,F,M,M"/><TAIKYOKU oya="0"/><INIT seed="0,0,0,2,2,21" ten="250,250,250,250" oya="0" hai0="94,79,51,108,124,54,104,93,6,72,73,16,20" hai1="55,118,87,14,49,80,130,17,33,113,102,63,41" hai2="62,61,44,4,131,126,135,53,97,90,5,22,60" hai3="132,106,2,121,123,109,26,12,50,95,68,107,122"/><T1/><D104/><U32/><E118/><V86/><F126/><W8/><G2/><T34/><D34/><U15/><E130/><V110/><F110/><W66/><G109/><T120/><D120/><U129/><E129/><V98/><F135/><W40/><G132/><T43/><D43/><U59/><E113/><V58/><F131/><W69/><G95/><T35/><D35/><U24/><E102/><V70/><F44/><N who="3" m="25863" /><G26/><T9/><D108/><U67/><E41/><V47/><F47/><W27/><G27/><T92/><D124/><U10/><E14/><V39/><F39/><W133/><G133/><T128/><D79/><U28/><E33/><V31/><F70/><N who="3" m="27243" /><G66/><T82/><D82/><U64/><REACH who="1" step="1"/><E63/><REACH who="1" ten="250,240,250,250" step="2"/><N who="2" m="36303" /><F4/><AGARI ba="0,1" hai="4,8,12,106,107,121,122,123" m="27243,25863" machi="4" ten="40,1300,0" yaku="13,1" doraHai="21" who="3" fromWho="2" sc="250,0,240,0,250,-13,250,23" /><INIT seed="1,0,0,4,3,115" ten="250,240,237,273" oya="1" hai0="64,96,116,127,100,44,30,6,45,87,86,80,105" hai1="17,109,113,134,76,36,132,26,46,135,7,69,1" hai2="0,56,13,73,70,66,50,111,4,123,131,77,89" hai3="72,22,41,88,63,126,31,91,52,81,59,29,14"/><U39/><E76/><V11/><F123/><W130/><G126/><T60/><D127/><U28/><E69/><V93/><F111/><W5/><G130/><T15/><D87/><U27/><E113/><V98/><F131/><W118/><G72/><T108/><D108/><U99/><E109/><V107/><F107/><W9/><G118/><T47/><D30/><U106/><E46/><V103/><F0/><W58/><G41/><T57/><D6/><U8/><E17/><V21/><F21/><W92/><G22/><T65/><D15/><U12/><E12/><V61/><F103/><W51/><G81/><T133/><D133/><U32/><E27/><V38/><F38/><W95/><G95/><T62/><D116/><U43/><E43/><V78/><REACH who="2" step="1"/><F73/><REACH who="2" ten="250,240,227,273" step="2"/><W97/><G91/><T122/><D122/><U112/><E112/><V83/><F83/><W54/><AGARI ba="0,1" hai="5,9,14,29,31,51,52,54,58,59,63,88,92,97" machi="54" ten="20,8000,1" yaku="0,1,7,1,8,1,54,2" doraHai="115" who="3" fromWho="3" sc="250,-20,240,-40,227,-20,273,90" /><INIT seed="2,0,0,5,1,0" ten="230,200,207,363" oya="2" hai0="102,120,43,34,42,47,51,88,131,4,38,92,127" hai1="35,79,123,85,78,110,55,86,69,41,91,40,53" hai2="13,36,39,68,54,134,52,67,97,75,9,117,62" hai3="82,8,25,101,122,58,66,31,7,108,99,128,44"/><V89/><F117/><W87/><G122/><T65/><D120/><U24/><E123/><V19/><F75/><W56/><G108/><T3/><D131/><U94/><E69/><V118/><F118/><W71/><G128/><T27/><D127/><U114/><E114/><V121/><F121/><W14/><G44/><T10/><D65/><U126/><E110/><V112/><F112/><W95/><G71/><T133/><D133/><U111/><E111/><V28/><F28/><W100/><G100/><T33/><D102/><U107/><E107/><V90/><F134/><W63/><G63/><T83/><D83/><U26/><E126/><V132/><F132/><W70/><G66/><T61/><D61/><U37/><E37/><V73/><F73/><W5/><G5/><T20/><D42/><N who="1" m="16491" /><E35/><V11/><F11/><W104/><G104/><T48/><D33/><U130/><E130/><V23/><F23/><N who="3" m="15807" /><G70/><T98/><REACH who="0" step="1"/><D34/><REACH who="0" ten="220,200,207,363" step="2"/><U15/><E55/><V109/><F109/><W115/><G115/><T81/><D81/><U113/><E113/><V119/><F119/><W22/><G82/><T45/><D45/><U76/><E53/><N who="2" m="20587" /><F89/><W64/><G64/><T50/><D50/><U116/><E116/><V125/><F125/><W77/><G58/><T17/><AGARI ba="0,1" hai="3,4,10,17,20,27,38,43,47,48,51,88,92,98" machi="17" ten="20,8000,1" yaku="1,1,0,1,7,1,52,1,54,1,53,0" doraHai="0" doraHaiUra="74" who="0" fromWho="0" sc="220,90,200,-20,207,-40,363,-20" /><INIT seed="3,0,0,4,3,23" ten="310,180,167,343" oya="3" hai0="108,119,46,14,1,29,66,135,109,57,18,67,61" hai1="114,95,22,21,45,105,117,25,79,37,4,65,24" hai2="6,102,118,124,74,11,84,107,58,13,30,32,123" hai3="72,50,100,28,52,69,82,59,70,76,63,81,101"/><W128/><G128/><T40/><D1/><U111/><E114/><V56/><F118/><W44/><G70/><T2/><D2/><U9/><E105/><V51/><F74/><W53/><G69/><T112/><D119/><U62/><E117/><V94/><F124/><W132/><G132/><T127/><D127/><U130/><E111/><V77/><F123/><W3/><G3/><T126/><D126/><U7/><E130/><V97/><F51/><W75/><G28/><T19/><D135/><U88/><E79/><AGARI ba="0,0" hai="44,50,52,53,59,63,72,75,76,79,81,82,100,101" machi="79" ten="40,3900,0" yaku="9,1,54,1" doraHai="23" who="3" fromWho="1" sc="310,0,180,-39,167,0,343,39" owari="310,11.0,141,-35.9,167,-23.3,382,48.2" /></mjloggm>