<mjloggm ver="2.3"><GO type="225" lobby="0"/><UN n0="%E6%A1%9C%E8%8A%B1%E9%96%83%E3%80%85" n1="%E7%99%BD%E6%97%A5%E9%9B%AA%E8%8F%9C" n2="%E3%81%B5%E3%81%98%E3%81%8B%E3%81%A4" n3="%E3%81%BF%E3%81%BF%E3%81%9A" dan="16,17,16,16" rate="2099.77,2233.34,2142.38,2145.11" sx="M,M,M,M"/><TAIKYOKU oya="0"/><INIT seed="0,0,0,4,4,128" ten="250,250,250,250" oya="0" hai0="10,121,104,17,55,81,49,42,94,61,12,87,62" hai1="118,70,56,52,88,107,110,57,40,18,47,27,68" hai2="98,3,76,31,117,91,115,20,125,22,51,66,135" hai3="25,99,113,6,129,1,92,48,29,105,131,38,90"/><T67/><D121/><U26/><E118/><V127/><F115/><W2/><G38/><T44/><D104/><U0/><E107/><V80/><F117/><W24/><G113/><T30/><D30/><U16/><E0/><V46/><F3/><W65/><G65/><T8/><D94/><U96/><E110/><V82/><F66/><W86/><G25/><N who="1" m="9226" /><E68/><V100/><F31/><W93/><G105/><T83/><D8/><U21/><E70/><V15/><F91/><N who="3" m="53367" /><G48/><T73/><D73/><U120/><E120/><V124/><F15/><W4/><G1/><T36/><D87/><U19/><E40/><V102/><F102/><W106/><G2/><T32/><D32/><U134/><E134/><V33/><F33/><N who="3" m="20647" /><G106/><T60/><REACH who="0" step="1"/><D67/><REACH who="0" ten="240,250,250,250" step="2"/><U54/><E21/><V112/><F20/><W130/><AGARI ba="0,1" hai="4,6,90,93,99,129,130,131" m="20647,53367" machi="130" ten="30,1100,0" yaku="19,1" doraHai="128" who="3" fromWho="3" sc="240,-5,250,-3,250,-3,250,21" /><INIT seed="1,0,0,2,5,55" ten="235,247,247,271" oya="1" hai0="111,75,64,91,72,120,108,78,4,18,67,98,6" hai1="71,54,86,33,69,105,37,70,132,101,77,127,49" hai2="131,22,126,117,12,97,45,129,7,30,96,9,88" hai3="92,35,94,74,133,122,121,42,0,113,87,46,118"/><U52/><E37/><V135/><F117/><W39/><G113/><T76/><D18/><U13/><E33/><V93/><F126/><W114/><G114/><T31/><D98/><U59/><E127/><V60/><F135/><W44/><G74/><N who="0" m="28203" /><D91/><U85/><E132/><V128/><F45/><W124/><G124/><T43/><D31/><U61/><E77/><N who="0" m="29801" /><D43/><U100/><E13/><V115/><F115/><W95/><G133/><T2/><D2/><U56/><REACH who="1" step="1"/><E105/><REACH who="1" ten="235,237,247,271" step="2"/><V50/><F131/><W28/><G35/><T29/><D120/><U68/><N who="1" m="17408" /><DORA hai="125" /><U41/><E41/><V17/><F129/><W16/><G42/><T134/><D134/><U47/><E47/><V103/><F128/><W112/><G44/><T130/><D130/><U104/><E104/><V81/><F12/><W79/><G46/><T116/><D116/><U36/><E36/><V73/><F73/><W106/><G39/><T21/><D111/><U15/><E15/><V34/><F34/><W1/><G106/><T3/><D108/><U80/><E80/><V10/><F81/><N who="3" m="47551" /><G118/><T53/><D3/><U20/><E20/><V83/><F83/><W5/><G112/><T90/><D21/><U62/><E62/><V123/><F60/><W48/><G0/><T84/><D4/><U24/><E24/><V82/><F82/><W8/><G122/><T89/><D6/><U14/><E14/><V65/><F123/><W25/><G121/><T38/><D38/><U102/><AGARI ba="0,1" hai="49,52,54,56,59,61,85,86,100,101,102" m="17408" machi="102" ten="60,12000,1" yaku="1,1,0,1,52,2,54,1,53,0" doraHai="55,125" doraHaiUra="19,27" who="1" fromWho="1" sc="235,-40,237,130,247,-40,271,-40" /><INIT seed="1,1,0,2,0,58" ten="195,367,207,231" oya="1" hai0="1,124,36,4,13,89,121,57,33,67,132,97,30" hai1="129,134,122,123,28,133,81,114,105,106,12,62,20" hai2="26,38,3,48,118,65,115,44,19,51,50,63,2" hai3="131,80,66,41,78,92,31,59,109,21,117,15,46"/><U47/><E114/><V101/><F118/><W34/><G117/><T84/><D124/><U27/><E129/><V77/><F115/><W22/><G131/><T7/><D132/><N who="1" m="50795" /><E47/><V24/><F77/><W37/><G109/><T93/><D1/><U25/><E12/><V135/><F135/><W128/><G128/><T125/><D125/><U11/><E11/><V9/><F101/><W111/><G111/><T23/><D36/><U112/><E112/><V103/><F103/><W39/><G39/><T56/><D33/><N who="1" m="20623" /><E81/><V16/><F38/><W68/><G34/><T10/><D4/><U73/><E73/><V94/><F44/><W29/><G21/><T18/><D7/><U5/><E5/><V99/><F2/><W90/><G15/><T45/><D45/><U82/><E82/><V14/><F3/><W35/><G22/><T108/><D108/><U130/><E130/><V8/><F8/><W98/><G35/><T61/><D121/><U86/><E86/><V17/><F99/><W120/><G120/><T116/><D116/><U43/><E43/><V52/><F94/><W96/><G98/><T55/><D97/><U69/><E122/><V88/><F88/><W113/><G68/><T74/><D74/><U127/><E127/><V104/><F104/><W54/><G66/><T60/><D30/><U72/><E72/><V126/><F126/><W0/><G0/><T83/><D10/><U79/><E79/><V91/><F91/><W119/><G113/><T40/><D40/><U100/><E123/><V107/><F107/><W70/><G119/><T42/><D42/><RYUUKYOKU ba="1,0" sc="195,30,367,-10,207,-10,231,-10" hai0="13,18,23,55,56,57,60,61,67,83,84,89,93" /><INIT seed="2,2,0,5,3,129" ten="225,357,197,221" oya="2" hai0="23,57,50,12,104,2,97,119,41,4,131,58,77" hai1="85,19,39,95,109,70,88,40,118,65,18,123,135" hai2="71,15,81,6,61,44,100,45,73,54,10,124,20" hai3="31,105,26,43,9,5,127,42,83,33,86,0,92"/><V113/><F113/><W90/><G127/><T110/><D131/><U30/><E118/><V132/><F124/><W103/><G105/><T134/><D110/><U24/><E109/><V133/><F100/><W56/><G103/><T121/><D121/><U35/><E135/><N who="2" m="51787" /><F20/><W47/><G56/><T53/><D2/><U48/><E39/><V60/><F71/><W37/><REACH who="3" step="1"/><G43/><REACH who="3" ten="225,357,197,211" step="2"/><T84/><D41/><U116/><E70/><V89/><F73/><W38/><G38/><T93/><D104/><U107/><E107/><V17/><F6/><W108/><G108/><T7/><D134/><U63/><E40/><V111/><F111/><W59/><G59/><T21/><D58/><U78/><E123/><V25/><F25/><W101/><G101/><N who="0" m="60591" /><D4/><U74/><E24/><V114/><F114/><W67/><G67/><T16/><D7/><U51/><E65/><V13/><F13/><W112/><G112/><T91/><D12/><U75/><E116/><V122/><F122/><W96/><G96/><T69/><D119/><U117/><E117/><V52/><F54/><W36/><G36/><T22/><D69/><U82/><E74/><V27/><F27/><W98/><G98/><T55/><D55/><U62/><E75/><V87/><F45/><W126/><G126/><T66/><D66/><U3/><E3/><V29/><F29/><W11/><G11/><T68/><D68/><U72/><E30/><V80/><F80/><AGARI ba="2,1" hai="0,5,9,26,31,33,37,42,47,80,83,86,90,92" machi="80" ten="40,2600,0" yaku="1,1,53,1" doraHai="129" doraHaiUra="32" who="3" fromWho="2" sc="225,0,357,0,197,-32,211,42" /><INIT seed="3,0,0,1,0,29" ten="225,357,165,253" oya="3" hai0="115,12,100,19,44,39,105,135,81,102,90,34,120" hai1="5,47,109,88,37,89,64,119,36,10,121,9,65" hai2="4,112,59,110,53,50,63,128,13,33,103,51,8" hai3="106,67,38,25,17,60,46,84,57,31,104,127,15"/><W130/><G127/><T117/><D120/><U71/><E121/><V43/><F110/><W30/><G30/><T54/><D117/><U99/><E71/><V56/><F112/><W16/><G130/><T75/><D115/><U125/><E109/><V35/><F128/><W78/><G17/><T91/><D34/><U45/><E99/><V42/><F103/><W23/><G78/><T113/><D113/><U52/><E52/><V22/><F22/><W124/><G84/><T7/><D7/><U134/><E5/><V27/><F27/><W58/><G124/><T114/><D135/><U48/><E48/><V129/><F129/><W101/><G101/><T73/><D114/><U116/><E125/><V132/><F132/><AGARI ba="0,0" hai="9,10,36,37,45,47,64,65,88,89,116,119,132,134" machi="132" ten="25,3200,0" yaku="22,2,54,1" doraHai="29" who="1" fromWho="2" sc="225,0,357,32,165,-32,253,0" owari="225,-17.5,389,48.9,133,-36.7,253,5.3" /></mjloggm>