<mjloggm ver="2.3"><GO type="225" lobby="0"/><UN n0="%E3%81%BF%E3%81%BF%E3%81%9A" n1="%28%EF%BF%A3%E2%96%BD%EF%BF%A3%29%CE%B4%E2%8C%92%E3%83%BB" n2="%E3%82%BC%E3%83%AB%E3%83%80%E3%81%AE%E4%BC%9D%E8%AA%AC" n3="%E5%B8%86%E7%AB%8B%E5%A4%8F%E8%A1%A3" dan="18,16,18,16" rate="2234.52,2093.38,2233.13,2173.82" sx="M,M,M,M"/><TAIKYOKU oya="0"/><INIT seed="0,0,0,4,1,18" ten="250,250,250,250" oya="0" hai0="77,30,124,93,40,102,36,73,67,92,81,132,133" hai1="62,130,97,111,60,95,35,17,78,108,11,50,129" hai2="104,96,31,29,52,21,128,2,76,28,101,115,55" hai3="8,70,33,57,20,66,13,49,23,89,16,88,121"/><T6/><D124/><U25/><E78/><V64/><F115/><W82/><G33/><T47/><D67/><U98/><E50/><V83/><F2/><W34/><G34/><T122/><D122/><U120/><E120/><V51/><F128/><N who="1" m="49257" /><E11/><V80/><F64/><W15/><G121/><T94/><D30/><N who="1" m="19919" /><E17/><V127/><F127/><W19/><G8/><T65/><D65/><U37/><E37/><V26/><F83/><W85/><G70/><T61/><D61/><N who="1" m="23659" /><E97/><V22/><F26/><W45/><G66/><T43/><D43/><U12/><E12/><V24/><F24/><W5/><G5/><T99/><REACH who="0" step="1"/><D6/><REACH who="0" ten="240,250,250,250" step="2"/><U112/><E112/><V114/><F114/><W91/><G57/><T58/><D58/><U48/><E48/><V106/><F51/><W134/><G134/><AGARI ba="0,1" hai="36,40,47,73,77,81,92,93,94,99,102,132,133,134" machi="134" ten="40,7700,0" yaku="1,1,20,1,53,1" doraHai="18" doraHaiUra="69" who="0" fromWho="3" sc="240,87,250,0,250,0,250,-77" /><INIT seed="0,1,0,2,3,134" ten="327,250,250,173" oya="0" hai0="32,53,1,49,44,42,127,5,96,36,122,30,38" hai1="6,2,41,48,108,82,98,68,16,85,31,117,107" hai2="17,93,70,101,113,86,28,125,104,34,10,88,133" hai3="60,131,56,57,89,103,109,132,130,128,45,99,21"/><T59/><D122/><U106/><E68/><V11/><F113/><W123/><G132/><T69/><D32/><U12/><E117/><V76/><F133/><W67/><G123/><T19/><D30/><U26/><E108/><V97/><F125/><W135/><G135/><T87/><D19/><U54/><E41/><V112/><F112/><W23/><G109/><T55/><D96/><U62/><E62/><V50/><F17/><W75/><G75/><T64/><D87/><U7/><E2/><V83/><F70/><W78/><G78/><T46/><D5/><U61/><E61/><V47/><F28/><W94/><G57/><T0/><D127/><U52/><E106/><V63/><F63/><W58/><G58/><T66/><D69/><U15/><E15/><V22/><F22/><W77/><G77/><T8/><D59/><U80/><E98/><V29/><F29/><W71/><G71/><T74/><D49/><U110/><E107/><V95/><F34/><W39/><REACH who="3" step="1"/><G103/><REACH who="3" ten="327,250,250,163" step="2"/><T92/><D74/><U111/><E110/><V121/><F121/><W100/><G100/><T25/><D64/><U84/><E111/><V13/><F76/><W27/><G27/><T14/><D25/><U9/><E26/><V91/><F101/><W119/><G119/><T116/><D66/><U40/><E31/><V115/><F115/><W73/><G73/><T24/><D116/><U35/><E35/><V43/><F47/><W33/><G33/><T126/><D24/><U129/><E82/><V105/><F83/><W4/><G4/><T102/><D102/><U18/><E6/><RYUUKYOKU ba="1,1" sc="327,-10,250,-10,250,-10,163,30" hai3="21,23,39,45,56,60,67,89,94,99,128,130,131" /><INIT seed="1,2,1,5,4,51" ten="317,240,240,193" oya="1" hai0="15,107,66,81,102,27,24,58,83,96,30,57,104" hai1="1,56,124,109,2,8,55,119,12,37,54,108,26" hai2="40,43,25,89,21,94,53,86,78,63,100,79,110" hai3="131,65,90,23,17,50,60,32,92,3,47,123,105"/><U42/><E124/><V134/><F110/><N who="1" m="42601" /><E119/><V59/><F134/><W130/><G105/><T38/><D38/><U111/><N who="1" m="42609" /><U117/><DORA hai="103" /><E117/><V116/><F116/><W72/><G72/><T19/><D104/><U13/><E26/><V52/><F100/><W39/><G3/><N who="1" m="1034" /><E56/><N who="2" m="35207" /><F78/><W91/><G39/><T46/><D27/><U113/><E113/><V88/><F89/><W122/><G32/><T61/><D58/><U62/><E62/><N who="2" m="36207" /><F79/><W75/><G75/><T114/><D114/><U45/><E13/><V98/><F98/><W70/><G91/><T34/><D46/><U112/><E112/><V18/><AGARI ba="2,1" hai="18,21,25,40,43,86,88,94" m="36207,35207" machi="18" ten="30,8000,1" yaku="8,1,52,2,54,2" doraHai="51,103" who="2" fromWho="2" sc="317,-22,240,-42,240,96,193,-22" /><INIT seed="2,0,0,3,4,116" ten="295,198,336,171" oya="2" hai0="114,126,49,48,12,84,103,25,59,30,33,130,67" hai1="20,122,82,123,13,109,107,52,18,98,96,42,111" hai2="62,90,53,16,19,127,35,78,57,31,38,56,51" hai3="95,37,1,131,83,71,40,85,129,39,15,87,66"/><V102/><F38/><W65/><G1/><T101/><D114/><U112/><E112/><V36/><F36/><W14/><G95/><T94/><D126/><U68/><E68/><V92/><F127/><W134/><G71/><T2/><D2/><U117/><E117/><V46/><F102/><W27/><G27/><T72/><D72/><U113/><E113/><V3/><F3/><W21/><G21/><T133/><D133/><U77/><E52/><N who="2" m="34055" /><F35/><W89/><G89/><T86/><D130/><U24/><E13/><V10/><F31/><W54/><G54/><T118/><D118/><U115/><E42/><N who="2" m="25047" /><F78/><W79/><G79/><T76/><D76/><U100/><E98/><N who="2" m="57623" /><F10/><W119/><G119/><T45/><D103/><U69/><E69/><V99/><F99/><W8/><G8/><T88/><D101/><U5/><E5/><V32/><F32/><W75/><G75/><T124/><D124/><U110/><E115/><V61/><AGARI ba="0,0" hai="16,19,53,57,61" m="57623,25047,34055" machi="61" ten="30,6000,0" yaku="8,1,54,2" doraHai="116" who="2" fromWho="2" sc="295,-20,198,-20,336,60,171,-20" /><INIT seed="2,1,0,5,5,115" ten="275,178,396,151" oya="2" hai0="98,0,69,49,13,33,126,65,8,123,51,129,87" hai1="20,31,68,3,14,88,66,84,32,133,15,44,107" hai2="89,62,16,111,47,94,5,39,73,125,10,11,95" hai3="110,96,99,28,21,63,90,38,29,82,121,26,131"/><V86/><F73/><W24/><G121/><T52/><D123/><U135/><E3/><V120/><F120/><W45/><G110/><T71/><D33/><U117/><E107/><V116/><F116/><W72/><G131/><T70/><D0/><U60/><E32/><V92/><F111/><W55/><G38/><T106/><D129/><U132/><E117/><V27/><F125/><W77/><G90/><T91/><D126/><U61/><E44/><V56/><F39/><W114/><G114/><T54/><D65/><N who="1" m="40999" /><E20/><N who="2" m="13703" /><F47/><W79/><G79/><T58/><D98/><U50/><E50/><V85/><F85/><W100/><G100/><T41/><D41/><U128/><E31/><V122/><F122/><W2/><G2/><T64/><D64/><U35/><E35/><V101/><F101/><W104/><G104/><T59/><D106/><U67/><E67/><N who="2" m="39367" /><F5/><W130/><G130/><T75/><D75/><U46/><E46/><V1/><F1/><W112/><G112/><T103/><D103/><U105/><E105/><V23/><F23/><W83/><G45/><T18/><REACH who="0" step="1"/><D70/><REACH who="0" ten="265,178,396,151" step="2"/><N who="1" m="42319" /><E128/><V7/><F7/><W57/><G72/><T119/><D119/><U80/><AGARI ba="1,1" hai="14,15,80,84,88,132,133,135" m="42319,40999" machi="80" ten="30,2000,0" yaku="20,1,54,1" doraHai="115" who="1" fromWho="1" sc="265,-6,178,33,396,-11,151,-6" /><INIT seed="3,0,0,0,2,121" ten="259,211,385,145" oya="3" hai0="104,64,46,18,135,133,6,118,7,21,42,56,88" hai1="125,51,33,2,11,134,103,112,105,114,13,101,91" hai2="65,66,75,49,45,47,55,80,90,87,22,106,123" hai3="69,77,98,111,39,60,24,58,70,110,131,35,54"/><W126/><G126/><T43/><D104/><U107/><E33/><V122/><F106/><N who="1" m="40457" /><E51/><N who="2" m="29167" /><F75/><W67/><G131/><T84/><D118/><U50/><E13/><V48/><F48/><N who="3" m="31047" /><G98/><T5/><D56/><U62/><E11/><V76/><F76/><W132/><G77/><T63/><D63/><U128/><E62/><V4/><F4/><W73/><G73/><T12/><D64/><U116/><E50/><V59/><F59/><N who="3" m="37279" /><G39/><T14/><D46/><U20/><E128/><V57/><F57/><W81/><G81/><N who="0" m="49167" /><D12/><U108/><E125/><V27/><F122/><W93/><G93/><T16/><D18/><U119/><E2/><V82/><F82/><W1/><G1/><T15/><D15/><U97/><E119/><V68/><F68/><N who="3" m="26219" /><G35/><T30/><D30/><U96/><E116/><V78/><F78/><W29/><G29/><T34/><D34/><U8/><E91/><V100/><F100/><W44/><G24/><T79/><D79/><U19/><E20/><V109/><F123/><W115/><G115/><T113/><D113/><U9/><E19/><V23/><F23/><W130/><G130/><T95/><D95/><U120/><E97/><V117/><F117/><W83/><G83/><T129/><D129/><U25/><E25/><V86/><F22/><W61/><G61/><T26/><D26/><U102/><E8/><V94/><F27/><W3/><G3/><T40/><D5/><U52/><E9/><V10/><F94/><W0/><G0/><T17/><D17/><U85/><E114/><V92/><F92/><W124/><G124/><T28/><D28/><RYUUKYOKU ba="0,0" sc="259,30,211,-10,385,-10,145,-10" hai0="6,7,14,16,21,40,42,43,133,135" owari="289,8.9,201,-19.9,375,47.5,135,-36.5" /></mjloggm>