<mjloggm ver="2.3"><GO type="225" lobby="0"/><UN n0="%73%6C%69%63%6B%33%31%39" n1="%E6%80%AA%E3%81%97%E3%81%99%E3%81%8E%E3%82%8B%E3%83%81%E3%83%BC" n2="%E3%81%99%E3%81%84%E3%81%BE%E3%81%9B%E3%83%BC%E3%82%93" n3="%E8%A8%88%E7%AE%97%E6%A9%9F%E8%87%AA%E7%84%B6" dan="16,16,16,17" rate="2195.42,2098.08,2117.41,2232.07" sx="M,M,M,M"/><TAIKYOKU oya="0"/><INIT seed="0,0,0,0,3,59" ten="250,250,250,250" oya="0" hai0="93,115,118,28,20,33,50,124,5,36,2,61,123" hai1="81,85,86,32,45,42,69,127,6,129,65,37,108" hai2="48,94,21,18,104,130,131,117,73,7,22,80,78" hai3="31,47,72,128,14,34,134,43,60,46,120,26,132"/><T106/><D115/><U49/><E32/><V15/><F104/><W54/><G72/><T99/><D118/><U116/><E116/><V35/><F35/><W39/><G128/><N who="2" m="49193" /><F117/><W107/><G107/><T133/><D123/><U105/><E129/><V40/><F7/><W44/><G120/><T102/><D36/><U83/><E105/><V0/><F0/><W74/><G74/><T122/><D122/><U82/><E108/><V52/><F94/><W4/><G14/><T89/><D124/><U3/><E127/><V79/><F78/><W87/><G87/><T10/><D133/><N who="3" m="51305" /><G4/><T98/><D50/><U24/><E49/><V92/><F92/><W95/><G95/><T8/><D8/><U64/><E24/><V119/><F119/><W135/><G135/><T27/><REACH who="0" step="1"/><D33/><REACH who="0" ten="240,250,250,250" step="2"/><U53/><E37/><V41/><F22/><W77/><G39/><T51/><D51/><U23/><E23/><V56/><AGARI ba="0,1" hai="15,18,21,40,41,48,52,56,73,79,80" m="49193" machi="56" ten="30,2000,0" yaku="19,1,54,1" doraHai="59" who="2" fromWho="2" sc="240,-10,250,-5,250,30,250,-5" /><INIT seed="1,0,0,5,1,40" ten="230,245,280,245" oya="1" hai0="34,58,122,85,89,61,65,86,101,135,72,19,1" hai1="26,129,57,105,64,2,119,33,108,49,5,55,110" hai2="112,113,14,76,79,43,124,114,94,133,42,98,100" hai3="51,44,73,38,99,128,134,95,35,69,77,6,70"/><U78/><E119/><V84/><F124/><W37/><G35/><T102/><D72/><U56/><E105/><V30/><F133/><W41/><G134/><T17/><D1/><U92/><E129/><V107/><F30/><W91/><G128/><T75/><D34/><U121/><E121/><V109/><F109/><N who="1" m="42089" /><E78/><N who="2" m="29739" /><F14/><W12/><G6/><T21/><D75/><U87/><E2/><V59/><F59/><W67/><G12/><T93/><D135/><U16/><E5/><V53/><F53/><W29/><G29/><T45/><D122/><U54/><E64/><V131/><F131/><W22/><G22/><T116/><D116/><U0/><E0/><V27/><F27/><W130/><G130/><T63/><D85/><U82/><E92/><V50/><F50/><W118/><G118/><T104/><D104/><U123/><E123/><V52/><F52/><N who="1" m="20009" /><E49/><V9/><F107/><W96/><G67/><T97/><D61/><U8/><E33/><V25/><F94/><W13/><G51/><T15/><D65/><U47/><E47/><V90/><F114/><W66/><G66/><T20/><D45/><U23/><E8/><V4/><F9/><W28/><G44/><T32/><D32/><U80/><E87/><V46/><F84/><W68/><G73/><T10/><D10/><U111/><N who="1" m="42097" /><U117/><DORA hai="74" /><E117/><V126/><F4/><W125/><G77/><T106/><D63/><U132/><E132/><V83/><F46/><W24/><G95/><T120/><D58/><AGARI ba="0,0" hai="16,23,26,56,57,58,80,82" m="20009,42097" machi="58" ten="40,12000,1" yaku="14,1,10,1,54,2" doraHai="40,74" who="1" fromWho="0" sc="230,-120,245,120,280,0,245,0" /><INIT seed="1,1,0,3,5,58" ten="110,365,280,245" oya="1" hai0="101,41,43,107,23,134,97,92,70,26,72,126,30" hai1="84,90,44,93,31,13,25,21,127,45,0,121,46" hai2="60,24,123,57,129,71,55,115,2,69,73,29,16" hai3="117,94,102,132,52,87,17,12,1,96,128,111,28"/><U48/><E121/><V113/><F123/><W74/><G74/><T36/><D126/><U78/><E0/><V135/><F135/><W66/><G1/><T122/><D134/><U67/><E127/><V14/><F73/><W106/><G132/><T22/><D122/><U133/><E133/><V120/><F2/><W40/><G111/><T104/><D72/><U53/><E78/><V18/><F129/><W8/><G128/><T7/><D70/><N who="2" m="26634" /><F14/><W64/><G40/><T112/><D112/><N who="2" m="43082" /><F120/><W110/><G110/><T130/><D130/><U37/><E37/><V124/><F124/><W19/><G28/><T61/><D7/><U51/><E67/><V3/><F3/><W83/><G117/><T38/><D36/><U35/><E35/><AGARI ba="1,0" hai="16,18,24,29,35,55,57,60" m="43082,26634" machi="35" ten="30,3900,0" yaku="11,1,52,1,54,1" doraHai="58" who="2" fromWho="1" sc="110,0,365,-42,280,42,245,0" /><INIT seed="2,0,0,4,4,131" ten="110,323,322,245" oya="2" hai0="79,48,57,117,74,2,91,71,107,76,70,52,16" hai1="101,123,108,124,75,85,9,116,25,113,94,47,28" hai2="120,54,0,60,134,56,106,30,22,132,14,89,128" hai3="84,21,109,93,7,126,29,122,36,45,4,19,127"/><V51/><F120/><W1/><G122/><T111/><D2/><U129/><E75/><V46/><F0/><W15/><G109/><T80/><D111/><U55/><E108/><V65/><F128/><W44/><G29/><T78/><D107/><U13/><E113/><V68/><F106/><W119/><G119/><T23/><D117/><U112/><E112/><V3/><F3/><W83/><G93/><T105/><D105/><U31/><E124/><N who="3" m="47658" /><G36/><T12/><REACH who="0" step="1"/><D91/><REACH who="0" ten="100,323,322,245" step="2"/><U100/><E116/><V32/><F89/><N who="3" m="51359" /><G1/><T63/><D63/><U96/><E129/><V41/><F32/><W99/><G99/><T10/><D10/><U6/><E96/><V97/><F97/><W50/><G44/><T110/><D110/><U103/><E47/><V11/><F11/><W69/><G69/><AGARI ba="0,1" hai="12,16,23,48,52,57,69,70,71,74,76,78,79,80" machi="69" ten="40,5200,0" yaku="1,1,54,2,53,0" doraHai="131" doraHaiUra="42" who="0" fromWho="3" sc="100,62,323,0,322,0,245,-52" /><INIT seed="3,0,0,2,0,134" ten="162,323,322,193" oya="3" hai0="32,130,129,52,51,68,121,94,45,53,104,11,108" hai1="18,6,26,48,110,120,66,24,71,22,135,15,34" hai2="85,78,98,42,17,81,8,92,77,84,89,5,86" hai3="56,106,31,12,57,3,37,70,20,133,55,13,33"/><W29/><G70/><T113/><D104/><U67/><E120/><V105/><F105/><W88/><G3/><T107/><D107/><U46/><E135/><V109/><F109/><W43/><G106/><T124/><D32/><U96/><E110/><V63/><F42/><W38/><G133/><T117/><D121/><U83/><E71/><V35/><F35/><W82/><G33/><T58/><D108/><U112/><E112/><V114/><F114/><W47/><G37/><T49/><D113/><U97/><E83/><V25/><F63/><W39/><G38/><T101/><D117/><U74/><E74/><V59/><F59/><W30/><G20/><T118/><D118/><U72/><E72/><V27/><F17/><W132/><G132/><T44/><D68/><U75/><E75/><V1/><REACH who="2" step="1"/><F78/><REACH who="2" ten="162,323,312,193" step="2"/><W19/><G19/><T128/><D11/><N who="1" m="4599" /><E34/><V54/><F54/><W28/><N who="3" m="7168" /><DORA hai="41" /><W79/><G79/><T21/><D21/><N who="1" m="13367" /><E66/><V119/><F119/><W23/><G23/><T131/><N who="0" m="32768" /><DORA hai="62" /><T36/><D124/><U50/><E67/><V115/><F115/><W0/><G56/><N who="0" m="32815" /><D36/><U103/><E22/><V40/><F40/><W61/><G39/><T127/><D127/><U69/><E69/><V99/><F99/><AGARI ba="0,1" hai="44,45,51,52,58,94,99,101" m="32815,32768" machi="99" ten="60,8000,1" yaku="19,1,52,2,54,1" doraHai="134,41,62" who="0" fromWho="2" sc="162,90,323,0,312,-80,193,0" owari="252,5.2,323,42.3,232,-16.8,193,-30.7" /></mjloggm>