<mjloggm ver="2.3"><GO type="225" lobby="0"/><UN n0="%E3%81%86%E3%82%8C%E3%81%9F%E3%82%93%E6%9E%95" n1="%E3%81%AF%E3%82%88%E3%81%8A%E3%81%98%E3%81%95%E3%82%93" n2="%E9%80%86%E9%80%A3%E5%B8%AF%E3%81%AE%E9%AC%BC" n3="%E3%83%B4%E3%82%A3%E3%83%AF%E3%82%B3%E3%82%B0%E3%83%8B" dan="16,16,16,16" rate="2210.46,2100.26,2155.05,2174.69" sx="F,M,M,M"/><TAIKYOKU oya="0"/><INIT seed="0,0,0,1,5,26" ten="250,250,250,250" oya="0" hai0="6,95,34,128,132,68,70,102,60,108,59,16,84" hai1="57,96,5,77,63,28,87,89,18,1,64,105,79" hai2="35,127,56,13,61,107,49,31,74,33,98,21,135" hai3="123,81,43,91,90,45,104,0,133,125,27,17,7"/><T117/><D117/><U103/><E18/><V118/><F118/><W85/><G125/><T4/><D132/><U23/><E5/><V120/><F74/><W122/><G133/><T110/><D128/><U30/><E1/><V51/><F120/><N who="3" m="46123" /><G104/><T32/><D4/><U12/><E12/><V48/><F127/><W111/><G111/><N who="0" m="42539" /><D6/><U41/><E41/><V92/><F107/><W39/><G27/><T3/><D3/><U134/><E134/><V53/><F135/><W109/><G17/><T76/><D76/><U37/><E37/><V25/><REACH who="2" step="1"/><F13/><REACH who="2" ten="250,250,240,250" step="2"/><W113/><G109/><T19/><D34/><U65/><E105/><V47/><F47/><W9/><G113/><T66/><D32/><U24/><E24/><V112/><F112/><W46/><G45/><T10/><D10/><U15/><E15/><V80/><F80/><W124/><G124/><T44/><D44/><U75/><E75/><V38/><F38/><W42/><G43/><T58/><D102/><AGARI ba="0,1" hai="21,25,31,33,35,48,49,51,53,56,61,92,98,102" machi="102" ten="40,2600,0" yaku="1,1,52,1,53,0" doraHai="26" doraHaiUra="86" who="2" fromWho="0" sc="250,-26,250,0,240,36,250,0" /><INIT seed="1,0,0,1,3,17" ten="224,250,276,250" oya="1" hai0="22,90,63,101,50,71,68,12,74,26,126,118,39" hai1="80,29,7,72,3,13,48,121,27,49,120,127,75" hai2="64,62,97,114,83,129,82,44,93,125,86,54,110" hai3="130,38,105,99,119,45,88,24,2,59,128,56,134"/><U34/><E3/><V122/><F129/><N who="3" m="49771" /><G2/><T104/><D118/><U132/><E127/><V32/><F110/><W6/><G6/><T92/><D126/><U135/><E7/><V103/><F122/><N who="1" m="47209" /><E13/><V46/><F114/><W25/><G134/><N who="1" m="51242" /><E80/><V111/><F111/><W58/><G119/><T89/><D39/><U10/><E10/><V57/><F125/><W78/><G78/><T33/><D104/><U113/><E113/><V96/><F83/><W31/><G105/><T15/><D74/><AGARI ba="0,0" hai="27,29,34,48,49,72,74,75" m="51242,47209" machi="74" ten="40,2000,0" yaku="20,1" doraHai="17" who="1" fromWho="0" sc="224,-20,250,20,276,0,250,0" /><INIT seed="1,1,0,3,1,130" ten="204,270,276,250" oya="1" hai0="70,102,114,124,36,117,116,60,104,75,95,16,92" hai1="66,88,77,76,30,87,121,27,20,80,118,34,6" hai2="67,68,38,1,17,55,93,97,58,122,112,127,129" hai3="65,41,90,21,91,131,120,51,82,22,2,126,78"/><U47/><E118/><V62/><F129/><W132/><G120/><T101/><D36/><U15/><E121/><V84/><F127/><W31/><G2/><T61/><D114/><U134/><E134/><V54/><F112/><W48/><G131/><T45/><D75/><U26/><E66/><V59/><F122/><W94/><G126/><T19/><D124/><U33/><E47/><V4/><F38/><W108/><G108/><T50/><D45/><U125/><E125/><V100/><F17/><W42/><G31/><T53/><D50/><U10/><REACH who="1" step="1"/><E34/><REACH who="1" ten="204,260,276,250" step="2"/><V8/><F67/><W105/><G65/><T64/><D64/><U85/><E85/><V71/><REACH who="2" step="1"/><F84/><REACH who="2" ten="204,260,266,250" step="2"/><W135/><G135/><T9/><D117/><U35/><E35/><V28/><F28/><AGARI ba="1,2" hai="6,10,15,20,26,27,28,30,33,76,77,80,87,88" machi="28" ten="30,5800,0" yaku="1,1,7,1,54,1,53,0" doraHai="130" doraHaiUra="49" who="1" fromWho="2" sc="204,0,260,81,266,-61,250,0" /><INIT seed="1,2,0,5,0,51" ten="204,341,205,250" oya="1" hai0="12,28,26,130,103,71,99,46,72,59,30,108,117" hai1="4,39,95,27,70,102,29,101,54,114,3,106,14" hai2="37,49,61,92,128,80,118,5,98,66,21,1,9" hai3="50,124,57,62,122,47,82,105,112,34,77,7,123"/><U32/><E114/><V25/><F128/><W42/><G112/><T100/><D117/><U36/><E106/><V90/><F118/><W60/><G34/><T127/><D108/><U44/><E3/><V116/><F116/><W83/><G105/><T68/><D72/><U8/><E70/><V24/><F37/><W13/><G124/><T6/><D127/><U76/><E76/><V111/><F111/><W15/><G82/><T97/><D130/><U53/><E101/><V131/><F131/><W129/><G60/><T135/><D135/><U88/><E102/><V126/><F126/><W93/><G93/><T10/><D46/><U43/><E39/><V91/><F49/><W94/><G94/><T134/><D134/><U113/><E113/><V45/><F45/><W23/><G129/><T0/><D100/><U85/><AGARI ba="2,0" hai="4,8,14,27,29,32,36,43,44,53,54,85,88,95" machi="85" ten="20,12000,1" yaku="0,1,7,1,52,2,54,1" doraHai="51" who="1" fromWho="1" sc="204,-42,341,126,205,-42,250,-42" /><INIT seed="1,3,0,1,2,74" ten="162,467,163,208" oya="1" hai0="92,76,116,43,20,90,57,130,15,16,135,7,86" hai1="14,85,3,114,97,10,125,132,66,34,46,113,35" hai2="31,79,64,89,44,126,88,68,52,33,98,120,99" hai3="70,60,45,80,56,123,65,41,78,108,119,22,127"/><U110/><E66/><V21/><F120/><W122/><G108/><T36/><D116/><U124/><E46/><V75/><F126/><N who="1" m="48745" /><E85/><V53/><F33/><N who="1" m="12297" /><E97/><V94/><F64/><W112/><G112/><N who="1" m="43114" /><E110/><V129/><F68/><W49/><G127/><T18/><D130/><U38/><E38/><V106/><F129/><W111/><G111/><T133/><D43/><U13/><E132/><N who="0" m="50761" /><D36/><U8/><E8/><V4/><F44/><W39/><G70/><T40/><D40/><U121/><E121/><V128/><F106/><W1/><G39/><T103/><D57/><U131/><E131/><V72/><F128/><W2/><G123/><T48/><D48/><U51/><E51/><V47/><F47/><W118/><G122/><T37/><D37/><U11/><E10/><V50/><F50/><W95/><G95/><T101/><D103/><U23/><E23/><V32/><F21/><W134/><G134/><T117/><D101/><U63/><E63/><V105/><F105/><W27/><G119/><T93/><D117/><U58/><E58/><V30/><F32/><W61/><G118/><T29/><D93/><U0/><E13/><V84/><F94/><W55/><G61/><T6/><D92/><U107/><E107/><V28/><F84/><W67/><G67/><T71/><D86/><U9/><E11/><V109/><F109/><W91/><G65/><T62/><D15/><U12/><E14/><V5/><F30/><W100/><G49/><T87/><D71/><U102/><E102/><V59/><F59/><W82/><G56/><T42/><D29/><U115/><E9/><RYUUKYOKU ba="3,0" sc="162,-10,467,-10,163,30,208,-10" hai2="4,5,28,31,52,53,72,75,79,88,89,98,99" /><INIT seed="2,4,0,3,0,102" ten="152,457,193,198" oya="2" hai0="34,68,23,12,114,59,86,29,42,89,101,125,129" hai1="124,98,54,80,56,39,95,79,6,88,113,81,61" hai2="87,37,100,97,134,24,120,117,16,46,50,0,1" hai3="67,66,18,51,127,96,123,5,60,7,94,53,26"/><V45/><F117/><W93/><G123/><T107/><D114/><U14/><E39/><V64/><F120/><W121/><G127/><T76/><D125/><U31/><E113/><V111/><F134/><W105/><G105/><T41/><D129/><U15/><E124/><V70/><F111/><W82/><G82/><T92/><D68/><U112/><E112/><V10/><F37/><W103/><G93/><T77/><D34/><U38/><E38/><V48/><F87/><W2/><G121/><T135/><D135/><U73/><E31/><V44/><F64/><N who="3" m="24619" /><G60/><T8/><D59/><U43/><E43/><V104/><F70/><W90/><G103/><T36/><D41/><U91/><E6/><V132/><F132/><W22/><G2/><T20/><D42/><U133/><E133/><V9/><F24/><W122/><G122/><T11/><D36/><U71/><E71/><V115/><F115/><W75/><G75/><T72/><D72/><U69/><E69/><V27/><F0/><W47/><AGARI ba="4,0" hai="5,7,18,22,26,47,51,53,90,94,96" m="24619" machi="47" ten="30,1100,0" yaku="8,1" doraHai="102" who="3" fromWho="3" sc="152,-7,457,-7,193,-9,198,23" /><INIT seed="3,0,0,0,3,84" ten="145,450,184,221" oya="3" hai0="95,45,73,110,43,32,29,71,2,121,64,22,59" hai1="55,93,30,53,100,47,78,103,116,18,111,4,1" hai2="17,87,72,119,49,56,106,125,46,104,60,21,34" hai3="101,12,98,97,7,23,50,89,5,44,85,62,33"/><W20/><G33/><T115/><D121/><U108/><E30/><V94/><F72/><W41/><G62/><T129/><D110/><U42/><E78/><V77/><F125/><W36/><G36/><T105/><D129/><U51/><E116/><V25/><F119/><W57/><G57/><T58/><D105/><U80/><E80/><V61/><F34/><W82/><G97/><T120/><D120/><U38/><E18/><V114/><F114/><W31/><G31/><T128/><D128/><U15/><E1/><V107/><F56/><W3/><G3/><T6/><D32/><U11/><E55/><V81/><REACH who="2" step="1"/><F94/><REACH who="2" ten="145,450,174,221" step="2"/><N who="3" m="58583" /><G5/><T96/><D73/><U113/><E113/><V67/><F67/><W19/><G7/><T0/><D115/><U40/><E40/><AGARI ba="0,1" hai="17,21,25,40,46,49,60,61,77,81,87,104,106,107" machi="40" ten="40,1300,0" yaku="1,1,53,0" doraHai="84" doraHaiUra="65" who="2" fromWho="1" sc="145,0,450,-13,174,23,221,0" owari="145,-35.5,437,53.7,197,-20.3,221,2.1" /></mjloggm>