<mjloggm ver="2.3"><GO type="225" lobby="0"/><UN n0="%E3%81%A4%E3%81%A3%E3%81%B1%E3%82%8A%E3%83%9D%E3%83%BC%E3%83%AB" n1="%E7%89%B9%E6%9D%B1%E3%81%AF%E4%B8%96%E7%95%8C%E3%82%92%E6%95%91%E3%81%86" n2="%E3%82%B2%E3%82%B9%E8%8C%82%E5%8B%9D" n3="%E5%A4%9C%E3%81%AE%E3%82%AC%E3%82%B9%E3%83%91%E3%83%BC%E3%83%AB" dan="16,16,16,17" rate="2059.74,2171.61,2098.21,2198.48" sx="M,M,F,M"/><TAIKYOKU oya="0"/><INIT seed="0,0,0,4,1,58" ten="250,250,250,250" oya="0" hai0="72,126,132,133,104,6,115,48,81,32,134,62,106" hai1="88,116,39,46,42,86,69,68,95,127,33,98,30" hai2="28,130,18,117,13,87,60,22,2,80,63,36,5" hai3="83,75,64,59,38,40,77,89,29,99,78,16,56"/><T3/><D115/><U47/><E116/><V66/><F36/><W44/><G29/><T105/><D126/><U23/><E127/><V43/><F43/><W112/><G112/><T120/><D120/><U11/><E33/><V101/><F130/><W26/><G77/><N who="0" m="44199" /><D32/><U25/><E47/><V103/><F117/><W20/><REACH who="3" step="1"/><G64/><REACH who="3" ten="250,250,250,240" step="2"/><T70/><D48/><U73/><E73/><V57/><F28/><W21/><G21/><T15/><D3/><U122/><E122/><V113/><F113/><W91/><G91/><T97/><D134/><U24/><E24/><V121/><F121/><W52/><G52/><T53/><D53/><U109/><E109/><V128/><F128/><W27/><G27/><T102/><D133/><U94/><REACH who="1" step="1"/><E11/><REACH who="1" ten="250,240,250,240" step="2"/><N who="2" m="4335" /><F2/><W82/><G82/><T71/><D132/><U110/><E110/><V34/><F34/><W54/><G54/><T90/><D15/><U4/><E4/><V135/><F135/><W37/><G37/><T0/><D6/><U65/><E65/><V10/><F10/><W125/><G125/><T35/><D0/><U123/><E123/><V100/><F66/><W111/><G111/><T118/><D118/><U96/><E96/><V92/><F57/><W76/><G76/><T17/><D35/><U85/><E85/><V84/><F87/><W1/><G1/><T67/><D67/><U55/><E55/><V19/><F84/><W107/><G107/><T12/><D106/><U49/><E49/><V119/><F119/><W14/><G14/><T8/><D105/><U108/><E108/><V31/><F22/><W124/><G124/><RYUUKYOKU ba="0,2" sc="250,-15,240,15,250,-15,240,15" hai1="23,25,30,39,42,46,68,69,86,88,94,95,98" hai3="16,20,26,38,40,44,56,59,75,78,83,89,99" /><INIT seed="1,1,2,2,3,54" ten="235,255,235,255" oya="1" hai0="92,52,50,89,31,40,108,41,60,24,128,1,61" hai1="93,112,21,4,43,71,111,14,49,6,18,17,97" hai2="80,70,42,68,55,64,132,57,124,109,39,135,104" hai3="113,19,0,114,29,83,74,110,123,63,2,101,5"/><U115/><E71/><N who="2" m="27179" /><F104/><W77/><G123/><T62/><D1/><U53/><E43/><V82/><F80/><W90/><G110/><T131/><D108/><U86/><E111/><V9/><F82/><W45/><G90/><T13/><D13/><U58/><E86/><V36/><F9/><N who="3" m="2215" /><G19/><T125/><D125/><U119/><E119/><V59/><F109/><W79/><G79/><T96/><D131/><U48/><E48/><N who="2" m="30951" /><F124/><W20/><G20/><N who="0" m="15751" /><D128/><U121/><E121/><V47/><F36/><W22/><G22/><T72/><D72/><U3/><E18/><V51/><F39/><W127/><G127/><T102/><D102/><U11/><REACH who="1" step="1"/><E4/><REACH who="1" ten="235,245,235,255" step="2"/><V91/><F91/><AGARI ba="1,3" hai="3,6,11,14,17,21,49,53,58,91,93,97,112,115" machi="91" ten="30,11600,0" yaku="1,1,2,1,7,1,52,1,53,0" doraHai="54" doraHaiUra="106" who="1" fromWho="2" sc="235,0,245,149,235,-119,255,0" /><INIT seed="1,2,0,0,5,46" ten="235,394,116,255" oya="1" hai0="93,77,51,62,87,133,72,135,1,88,125,73,70" hai1="109,99,50,11,42,20,57,98,113,59,63,101,104" hai2="52,6,120,48,21,15,13,123,55,29,103,30,68" hai3="25,26,128,22,32,107,44,112,121,94,67,76,130"/><U41/><E113/><V10/><F68/><W19/><G107/><T82/><D1/><U65/><E109/><V84/><F103/><W3/><G112/><T118/><D118/><U95/><E11/><V78/><F120/><W5/><G121/><T16/><D125/><U24/><E59/><N who="2" m="33159" /><F123/><W80/><G67/><T119/><D119/><U47/><E41/><V37/><F37/><W127/><G127/><T90/><D62/><U122/><E122/><V4/><F55/><W66/><G66/><T132/><D70/><U91/><E104/><V12/><F4/><W33/><G5/><T83/><D51/><U110/><E110/><V39/><F39/><W117/><G3/><T2/><D2/><U111/><E111/><V97/><F97/><W18/><G117/><T43/><D43/><U116/><E116/><V100/><F100/><W54/><G33/><T134/><D134/><U40/><E40/><V28/><F21/><W75/><G54/><T92/><D73/><U105/><E105/><V79/><F79/><W9/><G44/><T7/><D7/><U114/><E114/><V49/><F49/><W102/><G32/><T86/><D72/><U56/><E56/><V53/><F53/><W71/><G71/><T124/><D77/><U69/><E69/><V23/><F23/><N who="3" m="13559" /><G9/><T108/><D108/><U129/><E99/><V0/><F0/><W106/><G106/><T126/><D126/><U64/><E64/><V89/><F78/><W35/><G35/><T17/><D124/><U31/><E101/><V27/><F27/><W115/><G115/><T61/><D133/><RYUUKYOKU ba="2,0" sc="235,0,394,0,116,0,255,0" hai0="16,17,61,82,83,86,87,88,90,92,93,132,135" hai1="20,24,31,42,47,50,57,63,65,91,95,98,129" hai2="6,10,12,13,15,28,29,30,84,89" hai3="19,22,26,75,76,80,94,102,128,130" /><INIT seed="1,3,0,4,2,42" ten="235,394,116,255" oya="1" hai0="131,61,21,20,109,124,70,43,18,2,31,115,82" hai1="44,93,19,95,62,89,54,103,11,113,49,104,45" hai2="37,4,125,134,106,64,59,38,71,80,33,9,97" hai3="120,22,129,63,72,83,1,114,98,56,57,15,39"/><U48/><E113/><V100/><F125/><W60/><G114/><T74/><D115/><U34/><E34/><V94/><F134/><W16/><G120/><T23/><D2/><U67/><E104/><V133/><F133/><W12/><G1/><T122/><D124/><U79/><E79/><V30/><F59/><W53/><G129/><T32/><D131/><U27/><E103/><V69/><F94/><W91/><G39/><T6/><D6/><U10/><E27/><N who="2" m="18655" /><F80/><W8/><G72/><T112/><D43/><U55/><E19/><V28/><F28/><W58/><G63/><T111/><D112/><U46/><E46/><V77/><F77/><W14/><G14/><T73/><D122/><U127/><E127/><V135/><F135/><W5/><G83/><T35/><D82/><U88/><E62/><N who="2" m="40087" /><F71/><W101/><G101/><T36/><D31/><U17/><E17/><V50/><F50/><W123/><G123/><T86/><D18/><U85/><E67/><V130/><F130/><W132/><G132/><T110/><D36/><U75/><E75/><N who="0" m="28681" /><D86/><AGARI ba="3,0" hai="10,11,44,45,48,49,54,55,85,86,88,89,93,95" machi="86" ten="30,24000,3" yaku="7,1,32,3,8,1,52,2,54,1" doraHai="42" who="1" fromWho="0" sc="235,-249,394,249,116,0,255,0" owari="-14,-51.4,643,74.3,116,-28.4,255,5.5" /></mjloggm>