<mjloggm ver="2.3"><GO type="225" lobby="0"/><UN n0="%77%72%77%72%77%72%77%72" n1="%E9%B3%B3%E6%9D%B1%E3%81%AE%E3%81%86%E3%81%95%E3%81%8E%E3%81%95%E3%82%93" n2="%E9%80%86%E9%80%A3%E5%B8%AF%E3%81%AE%E9%AC%BC" n3="%6B%69%72%61%64%6F%6B%69" dan="17,17,16,16" rate="2242.96,2283.61,2130.27,2063.17" sx="M,M,M,M"/><TAIKYOKU oya="0"/><INIT seed="0,0,0,3,5,21" ten="250,250,250,250" oya="0" hai0="94,108,63,79,124,85,133,53,75,17,19,127,128" hai1="60,119,74,117,10,98,68,16,92,0,126,49,99" hai2="113,122,51,78,48,69,123,52,91,97,47,96,73" hai3="131,14,46,71,80,26,44,54,87,115,86,116,109"/><T8/><D75/><U130/><E74/><V110/><F113/><W12/><G115/><T1/><D108/><U39/><E39/><V81/><F69/><W120/><G120/><T106/><D106/><U111/><E111/><V58/><F110/><W132/><G109/><T84/><D128/><U9/><E130/><V11/><F11/><W43/><G116/><T2/><D133/><U82/><E82/><V135/><F135/><W89/><G131/><T41/><D41/><U38/><E38/><V31/><F31/><W32/><G71/><T25/><D63/><U72/><E72/><V103/><F91/><W35/><G54/><T5/><D53/><U101/><E126/><N who="0" m="48169" /><D1/><U118/><E49/><V13/><F13/><W112/><G112/><T67/><D67/><U30/><E0/><V6/><F6/><W56/><G43/><T42/><D42/><U90/><E60/><V107/><REACH who="2" step="1"/><F97/><REACH who="2" ten="250,250,240,250" step="2"/><W134/><G89/><N who="0" m="53543" /><D25/><U125/><E125/><V62/><F62/><W18/><G26/><T24/><D24/><U61/><E61/><V20/><F20/><W95/><G132/><T102/><D102/><U70/><E70/><V4/><F4/><W36/><G134/><T29/><D29/><U15/><E68/><V77/><F77/><W3/><G3/><T65/><D65/><U28/><REACH who="1" step="1"/><E9/><REACH who="1" ten="250,240,240,250" step="2"/><V22/><F22/><W34/><G32/><T23/><D23/><U88/><E88/><V33/><F33/><W40/><G34/><T27/><D27/><U76/><E76/><V100/><F100/><W50/><G35/><T104/><D79/><U105/><AGARI ba="0,2" hai="10,15,16,28,30,90,92,98,99,101,105,117,118,119" machi="105" ten="30,7900,0" yaku="1,1,5,1,0,1,54,1,53,0" doraHai="21" doraHaiUra="129" who="1" fromWho="1" sc="250,-39,240,99,240,-20,250,-20" /><INIT seed="1,0,0,1,4,26" ten="211,339,220,230" oya="1" hai0="109,8,101,102,134,82,89,16,91,68,48,27,121" hai1="78,97,17,85,92,0,124,110,28,59,104,47,54" hai2="44,34,2,79,77,95,43,96,80,41,53,129,25" hai3="31,123,46,74,18,11,118,60,128,30,33,117,23"/><U98/><E0/><V122/><F2/><W1/><G74/><T24/><D68/><U45/><E124/><V67/><F129/><W50/><G128/><T72/><D109/><U133/><E133/><V51/><F122/><W13/><G60/><T65/><D134/><U5/><E5/><V107/><F107/><W19/><G123/><T120/><D65/><U14/><E110/><V126/><F126/><W42/><G1/><T62/><D62/><U73/><E73/><V35/><F67/><W108/><G108/><T132/><D132/><U86/><E104/><V83/><F79/><W61/><G61/><T6/><D6/><U87/><E78/><V63/><F83/><W12/><REACH who="3" step="1"/><G33/><REACH who="3" ten="211,339,220,220" step="2"/><T39/><D121/><U7/><E7/><V29/><F35/><W115/><G115/><T93/><D120/><U94/><E97/><V105/><F63/><W4/><G4/><T21/><D72/><U36/><E98/><V64/><F64/><W135/><G135/><T84/><D39/><U55/><E36/><V38/><F38/><W15/><G15/><N who="0" m="7271" /><D48/><U37/><E37/><V112/><F112/><W114/><G114/><T100/><D21/><U40/><E14/><V3/><F3/><W99/><G99/><AGARI ba="0,1" hai="24,27,82,84,89,91,93,99,100,101,102" m="7271" machi="99" ten="30,2000,0" yaku="8,1,54,1" doraHai="26" who="0" fromWho="3" sc="211,30,339,0,220,0,220,-20" /><INIT seed="2,0,0,4,3,80" ten="241,339,220,200" oya="2" hai0="120,32,11,87,33,28,64,4,100,95,88,99,104" hai1="122,116,7,97,112,92,43,70,16,103,75,132,53" hai2="6,127,125,128,131,23,1,19,60,50,49,12,24" hai3="21,56,54,35,90,117,94,78,65,105,71,25,114"/><V124/><F60/><W5/><G117/><T37/><D120/><U69/><E116/><V98/><F98/><W67/><G105/><T77/><D37/><U2/><E112/><V79/><F79/><W106/><G106/><T10/><D10/><U118/><E118/><V85/><F1/><W84/><G35/><T119/><D119/><U74/><E122/><V46/><F85/><W57/><G71/><T109/><D109/><U93/><E43/><V113/><F113/><W86/><G5/><T135/><D135/><U36/><E36/><V39/><F39/><W96/><G114/><T72/><D28/><U8/><E132/><V34/><F50/><N who="3" m="30807" /><G57/><T30/><D30/><U83/><E53/><V66/><F66/><N who="3" m="25099" /><G78/><T126/><D126/><U52/><E52/><N who="2" m="29751" /><F34/><W115/><G115/><T82/><D64/><U121/><E121/><V123/><F123/><W45/><G45/><T44/><D44/><U58/><E58/><V22/><F6/><W20/><G20/><T102/><D102/><U41/><E41/><V51/><F51/><W18/><AGARI ba="0,0" hai="18,21,25,84,86,90,94,96" m="25099,30807" machi="18" ten="30,4000,0" yaku="8,1,52,2" doraHai="80" who="3" fromWho="3" sc="241,-10,339,-10,220,-20,200,40" /><INIT seed="3,0,0,2,4,72" ten="231,329,200,240" oya="3" hai0="112,117,57,121,21,16,28,30,131,123,103,3,110" hai1="118,89,14,54,39,12,62,60,108,56,4,32,23" hai2="92,106,9,130,58,37,67,82,105,101,69,55,124" hai3="107,35,33,48,13,49,40,42,19,10,91,51,113"/><W109/><G113/><T116/><D103/><U86/><E32/><V18/><F37/><W126/><G107/><T125/><D57/><U78/><E39/><V52/><F130/><W45/><G126/><T5/><D125/><U25/><E108/><V38/><F38/><W96/><G109/><T128/><D110/><U27/><E78/><V20/><F124/><W119/><G119/><N who="0" m="45643" /><D112/><U41/><E41/><V93/><F69/><W17/><G35/><T90/><D90/><U44/><E44/><V114/><F114/><W87/><G96/><T68/><D68/><U22/><E60/><V98/><F106/><W95/><G33/><T120/><D5/><U11/><E118/><V79/><F9/><W134/><G134/><T122/><D3/><U7/><E7/><V8/><F8/><W31/><G31/><N who="0" m="11819" /><D120/><U74/><E74/><V77/><F67/><W36/><G36/><T15/><AGARI ba="0,0" hai="15,16,21,121,122,123,128,131" m="11819,45643" machi="15" ten="40,5200,0" yaku="34,2,54,1" doraHai="72" who="0" fromWho="0" sc="231,52,329,-13,200,-13,240,-26" owari="283,8.3,316,41.6,187,-31.3,214,-18.6" /></mjloggm>