<mjloggm ver="2.3"><GO type="225" lobby="0"/><UN n0="%E3%81%BF%E3%81%BF%E3%81%9A" n1="%E7%B4%94%E6%BD%94%E3%83%94%E3%83%A9%E3%83%8B%E3%82%A2" n2="%47%48%4F%53%54" n3="%77%72%77%72%77%72%77%72" dan="17,16,18,17" rate="2267.31,2167.06,2268.48,2174.63" sx="M,M,M,M"/><TAIKYOKU oya="0"/><INIT seed="0,0,0,0,5,63" ten="250,250,250,250" oya="0" hai0="111,126,135,119,130,109,127,89,64,118,8,19,42" hai1="68,29,34,24,16,60,37,23,103,80,86,108,20" hai2="98,82,11,105,115,22,96,104,87,10,58,13,78" hai3="49,128,84,70,30,114,125,97,65,93,5,112,47"/><T15/><D42/><U120/><E120/><V66/><F115/><W116/><G116/><N who="0" m="44587" /><D89/><U117/><E117/><V81/><F105/><W62/><G128/><T67/><D130/><U50/><E37/><V74/><F104/><W61/><G125/><N who="0" m="47627" /><D135/><U6/><E6/><V9/><F22/><W12/><G84/><T3/><D3/><U121/><E121/><V72/><F72/><W134/><G134/><T71/><D71/><U131/><E131/><V129/><F129/><W52/><G30/><T110/><AGARI ba="0,0" hai="8,15,19,64,67,109,110,111" m="47627,44587" machi="110" ten="40,12000,1" yaku="14,1,10,1,18,1,52,2" doraHai="63" who="0" fromWho="0" sc="250,120,250,-40,250,-40,250,-40" /><INIT seed="0,1,0,4,3,80" ten="370,210,210,210" oya="0" hai0="31,55,116,36,112,114,30,59,129,94,49,61,72" hai1="33,101,130,96,51,3,86,107,11,119,133,7,60" hai2="117,102,18,90,120,97,62,57,68,8,24,125,73" hai3="14,111,10,9,38,87,93,75,76,44,19,43,70"/><T124/><D72/><U53/><E119/><V17/><F117/><W26/><G111/><T67/><D116/><U83/><E130/><V0/><F120/><W113/><G113/><T65/><D129/><U95/><E133/><V132/><F132/><W109/><G109/><T35/><D36/><U88/><E33/><V79/><F125/><W81/><G70/><T2/><D2/><U52/><E60/><V78/><F68/><W34/><G9/><T20/><D35/><U13/><E3/><V82/><F24/><W56/><G56/><T128/><D124/><U1/><E1/><V16/><F0/><W28/><REACH who="3" step="1"/><G93/><REACH who="3" ten="370,210,210,200" step="2"/><T5/><D114/><U98/><REACH who="1" step="1"/><E51/><REACH who="1" ten="370,200,210,200" step="2"/><V105/><F8/><W115/><G115/><T106/><D112/><U63/><E63/><V104/><F62/><W45/><G45/><T110/><D61/><U85/><E85/><AGARI ba="1,2" hai="10,14,19,26,28,34,38,43,44,75,76,81,85,87" machi="85" ten="40,8000,1" yaku="1,1,52,2,53,1" doraHai="80" doraHaiUra="23" who="3" fromWho="1" sc="370,0,200,-83,210,0,200,103" /><INIT seed="1,0,0,1,4,134" ten="370,117,210,303" oya="1" hai0="95,115,55,0,110,17,120,26,4,99,2,20,69" hai1="74,30,35,108,63,126,27,60,106,44,45,86,72" hai2="118,93,76,127,7,32,87,123,51,129,9,11,65" hai3="41,12,71,91,101,82,13,116,1,117,79,121,39"/><U58/><E106/><V78/><F118/><N who="3" m="45675" /><G121/><T3/><D115/><U119/><E119/><V6/><F93/><W111/><G111/><T21/><D110/><U16/><E108/><V5/><F123/><W50/><G1/><T18/><D120/><U48/><E126/><V114/><F65/><W107/><G71/><T77/><D69/><U59/><E86/><V53/><F32/><W92/><G39/><T40/><D40/><U56/><E16/><V29/><F29/><W28/><G28/><T22/><D77/><U132/><E132/><V14/><F129/><W83/><G101/><T68/><D68/><U135/><E135/><V124/><F114/><W100/><G100/><T67/><D67/><U133/><E133/><V89/><F78/><W38/><G38/><T33/><D55/><U130/><E130/><V109/><F76/><W98/><G107/><T36/><D36/><U84/><E84/><V128/><F109/><W57/><G82/><T85/><D85/><U64/><E64/><V104/><F104/><W34/><G34/><T90/><D4/><U81/><E81/><N who="2" m="49391" /><F128/><W66/><G66/><T42/><D42/><U73/><REACH who="1" step="1"/><E48/><REACH who="1" ten="370,107,210,303" step="2"/><V102/><F124/><W80/><G80/><T75/><D17/><U97/><E97/><V31/><F127/><W122/><G122/><T47/><D18/><U15/><E15/><N who="3" m="5706" /><G83/><T49/><D2/><U96/><E96/><V24/><F14/><W37/><G79/><T88/><D0/><U94/><E94/><V52/><F51/><W131/><G131/><T23/><D3/><U70/><E70/><V46/><F6/><RYUUKYOKU ba="0,1" sc="370,-10,107,30,210,-10,303,-10" hai1="27,30,35,44,45,56,58,59,60,63,72,73,74" /><INIT seed="1,1,1,4,0,73" ten="360,137,200,293" oya="1" hai0="127,116,51,42,77,70,96,69,83,123,2,68,124" hai1="99,112,16,53,61,75,91,118,105,86,130,21,55" hai2="28,15,30,4,135,33,132,109,103,122,126,29,64" hai3="47,20,62,5,65,10,88,95,56,85,63,59,57"/><U17/><E112/><V36/><F36/><W74/><G74/><N who="0" m="43447" /><D116/><U0/><E118/><V102/><F122/><W89/><G47/><N who="0" m="26103" /><D96/><U8/><E75/><V67/><F109/><W49/><G20/><T27/><D27/><U133/><E130/><V115/><F126/><N who="0" m="48170" /><D2/><U94/><E133/><N who="2" m="51275" /><F115/><W97/><G49/><T39/><D39/><U117/><E117/><V107/><F33/><W111/><G111/><T128/><D128/><U32/><E32/><V13/><F107/><W125/><G125/><T50/><D50/><U19/><E61/><V131/><F131/><W87/><G97/><T113/><D113/><U93/><E105/><V23/><F23/><W54/><G62/><T24/><D24/><U25/><E0/><V31/><F31/><W72/><G72/><T14/><D14/><N who="2" m="5130" /><F4/><W106/><G106/><T110/><D110/><U119/><E119/><V41/><F41/><W60/><G5/><T9/><D9/><U81/><E8/><V3/><F3/><W45/><G10/><T40/><D40/><U78/><REACH who="1" step="1"/><E93/><REACH who="1" ten="360,127,200,293" step="2"/><V48/><F48/><N who="3" m="28943" /><G60/><T104/><D104/><U7/><E7/><V11/><F11/><W22/><G22/><T71/><D71/><U121/><E121/><AGARI ba="1,2" hai="68,69,70,121,123" m="48170,26103,43447" machi="121" ten="40,2600,0" yaku="18,1,52,1" doraHai="73" who="0" fromWho="1" sc="360,49,127,-29,200,0,293,0" /><INIT seed="2,0,0,5,0,131" ten="409,98,200,293" oya="2" hai0="97,128,52,61,39,129,122,107,126,124,135,132,106" hai1="110,118,40,19,59,82,58,69,78,10,36,6,43" hai2="70,0,127,54,22,25,114,20,27,47,93,56,104" hai3="9,71,108,120,18,68,73,14,111,50,5,80,41"/><V105/><F114/><W103/><G120/><T60/><D122/><U3/><E118/><V79/><F127/><N who="0" m="48682" /><D39/><U76/><E110/><N who="3" m="42026" /><G103/><N who="0" m="62831" /><D107/><U134/><E69/><V75/><F70/><W4/><G4/><T91/><D91/><U42/><E36/><V15/><F0/><W85/><G73/><T23/><D23/><U64/><E64/><V123/><F22/><W87/><G87/><T113/><D113/><U94/><E94/><V11/><F93/><W133/><G18/><T67/><D52/><U57/><E19/><V45/><F54/><W1/><G1/><T109/><D109/><U101/><E101/><V28/><F123/><W49/><G49/><T31/><D31/><U89/><E89/><V125/><F28/><W83/><G83/><T37/><D37/><U116/><E116/><V119/><F125/><W38/><G38/><T84/><D84/><U16/><E16/><V35/><F75/><W21/><G21/><T53/><D53/><U63/><E63/><N who="0" m="24137" /><D67/><U99/><E99/><V2/><F20/><W17/><G17/><T55/><D55/><U29/><E29/><V112/><F119/><W117/><G117/><T102/><D102/><U96/><E96/><V100/><F100/><W48/><G68/><T95/><D95/><U34/><E34/><V121/><F35/><W98/><G98/><T13/><D13/><U51/><E51/><N who="3" m="19498" /><G41/><T74/><D74/><U92/><E92/><V65/><F105/><W33/><G71/><T30/><D30/><U86/><REACH who="1" step="1"/><E76/><REACH who="1" ten="409,88,200,293" step="2"/><V90/><F79/><N who="3" m="46239" /><G33/><T62/><D62/><U7/><E7/><V115/><F104/><RYUUKYOKU ba="0,1" sc="409,10,88,10,200,-30,293,10" hai0="128,129,132,135" hai1="3,6,10,40,42,43,57,58,59,78,82,86,134" hai3="5,9,14,133" /><INIT seed="3,1,1,1,3,33" ten="419,98,170,303" oya="3" hai0="105,82,27,73,116,57,55,121,107,43,36,7,127" hai1="61,22,89,52,34,91,87,54,77,111,131,70,20" hai2="117,66,113,110,104,26,134,5,103,11,135,123,24" hai3="124,106,58,86,37,122,94,32,108,81,100,120,83"/><W101/><G32/><T114/><D116/><U16/><E34/><V75/><F117/><W95/><G37/><T67/><D121/><N who="3" m="46697" /><G58/><T99/><D67/><U19/><E111/><V126/><F110/><W62/><G62/><T64/><D64/><U18/><E131/><V133/><F126/><W96/><G108/><T132/><D127/><U3/><E3/><N who="2" m="447" /><F113/><W42/><G42/><T41/><D132/><U35/><E35/><V31/><F123/><W119/><G119/><T50/><D7/><U98/><E70/><V6/><F6/><W1/><G1/><T29/><D114/><U97/><E77/><V76/><F66/><W38/><G38/><T129/><D129/><U112/><E112/><V68/><F68/><W2/><G2/><T79/><D36/><U78/><E78/><V8/><F8/><W12/><G12/><T72/><D41/><U21/><E61/><V109/><F31/><W17/><G17/><T115/><D115/><U60/><E60/><V49/><F49/><W40/><G40/><T65/><D43/><U102/><E102/><N who="3" m="39530" /><G124/><T71/><D65/><U46/><E46/><V125/><F125/><W9/><G9/><T80/><D71/><U45/><E45/><V30/><F109/><W25/><G25/><T44/><D57/><U14/><E14/><V13/><F13/><W63/><G63/><T47/><D47/><U28/><E28/><V85/><F30/><W48/><G48/><T15/><D15/><U88/><E87/><V56/><F26/><W74/><G86/><T130/><D44/><U23/><N who="1" m="5120" /><DORA hai="92" /><U53/><AGARI ba="1,1" hai="16,18,19,52,53,54,88,89,91,97,98" m="5120" machi="53" ten="50,32000,5" yakuman="40" doraHai="33,92" who="1" fromWho="1" sc="419,-81,98,333,170,-81,303,-161" owari="338,13.8,431,53.1,89,-41.1,142,-25.8" /></mjloggm>