<mjloggm ver="2.3"><GO type="225" lobby="0"/><UN n0="%E7%89%B9%E6%9D%B1%E3%81%AF%E4%B8%96%E7%95%8C%E3%82%92%E6%95%91%E3%81%86" n1="%E5%8D%A0%E3%81%84%E5%B8%AB%E8%A3%8F%E3%81%AA%E3%81%84%E3%81%97" n2="%E3%81%93%E3%81%91%E6%A4%8D%E7%89%A9" n3="%77%72%77%72%77%72%77%72" dan="16,17,17,17" rate="2139.97,2144.45,2130.39,2226.33" sx="M,M,M,M"/><TAIKYOKU oya="0"/><INIT seed="0,0,0,3,4,58" ten="250,250,250,250" oya="0" hai0="40,125,52,121,127,132,116,103,130,108,122,126,92" hai1="45,16,28,64,57,99,8,6,53,37,31,21,1" hai2="86,89,5,18,49,124,100,96,113,23,79,77,3" hai3="102,104,50,12,54,107,7,118,10,67,117,14,69"/><T75/><D40/><U105/><E64/><V91/><F124/><W73/><G73/><T22/><D116/><U20/><E20/><V119/><F113/><W101/><G107/><T66/><D66/><U36/><E105/><V39/><F39/><W83/><G104/><T2/><D2/><U85/><E85/><V128/><F128/><W98/><G83/><T84/><D75/><U0/><E0/><V55/><F119/><W25/><G25/><T15/><D130/><U47/><E99/><V51/><F5/><W90/><G118/><T65/><D65/><U110/><E110/><V131/><F131/><W114/><G114/><T68/><D68/><U70/><E70/><V82/><F3/><W4/><G117/><T60/><D132/><U11/><E11/><V93/><F51/><W134/><G134/><T112/><D112/><U88/><E88/><V43/><F43/><W129/><G129/><T35/><D35/><U34/><E37/><V46/><F91/><W87/><G98/><N who="0" m="59847" /><D84/><U95/><E95/><V62/><F62/><W74/><G74/><T61/><D108/><U78/><E78/><V123/><F123/><N who="0" m="47114" /><D52/><U109/><E109/><V32/><F32/><W41/><G41/><T59/><D59/><U13/><E36/><V80/><F80/><N who="3" m="49511" /><G67/><T29/><D29/><N who="1" m="11339" /><E34/><V27/><AGARI ba="0,0" hai="18,23,27,46,49,55,77,79,82,86,89,93,96,100" machi="27" ten="20,2700,0" yaku="0,1,7,1,8,1" doraHai="58" who="2" fromWho="2" sc="250,-13,250,-7,250,27,250,-7" /><INIT seed="1,0,0,1,2,127" ten="237,243,277,243" oya="1" hai0="52,51,63,135,11,71,6,49,109,53,94,13,1" hai1="90,133,23,114,120,104,67,74,50,34,96,84,134" hai2="22,88,129,112,91,15,108,58,4,2,66,87,47" hai3="30,3,18,14,8,100,72,73,103,46,76,33,81"/><U130/><E34/><V101/><F112/><W116/><G72/><T60/><D109/><U28/><E114/><V69/><F129/><W17/><G116/><T0/><D135/><N who="1" m="51723" /><E120/><V83/><F69/><W85/><G73/><T45/><D94/><N who="1" m="54599" /><E74/><V111/><F2/><W65/><G65/><T5/><D71/><U9/><E67/><V48/><F101/><W132/><G132/><T99/><D99/><U105/><E9/><N who="2" m="4519" /><F22/><W131/><G131/><T79/><D79/><U41/><E96/><V29/><F29/><W82/><G3/><T123/><D123/><U98/><E98/><V125/><F125/><W113/><G113/><T44/><D13/><U21/><E130/><V97/><F111/><W70/><G70/><T62/><D62/><U25/><E21/><V32/><F32/><W75/><G103/><T106/><D106/><U57/><E57/><V95/><F108/><W115/><G100/><T93/><D93/><U24/><E24/><V68/><F68/><W77/><G115/><T16/><D11/><U39/><E39/><V92/><F92/><W36/><G36/><T38/><D38/><U20/><E20/><V27/><F27/><N who="3" m="18655" /><G46/><AGARI ba="0,0" hai="23,25,28,41,46,50,104,105" m="54599,51723" machi="46" ten="30,1500,0" yaku="20,1" doraHai="127" who="1" fromWho="3" sc="237,0,243,15,277,0,243,-15" /><INIT seed="1,1,0,3,4,113" ten="237,258,277,228" oya="1" hai0="118,135,14,104,100,97,44,54,8,65,66,59,67" hai1="2,71,90,55,106,7,16,88,21,92,29,122,109" hai2="89,1,49,63,111,34,93,101,131,37,43,17,46" hai3="73,80,64,69,13,39,86,52,121,126,132,79,0"/><U124/><E122/><V24/><F1/><W98/><G121/><T123/><D123/><U120/><E106/><V51/><F131/><W110/><G0/><T33/><D33/><U119/><E120/><V77/><F77/><W68/><G39/><T96/><D135/><U94/><E119/><V32/><F101/><W50/><G132/><T129/><D129/><U23/><E71/><V47/><F37/><W61/><G110/><T31/><D31/><U82/><E109/><V125/><F125/><W60/><G126/><T57/><D96/><U76/><E124/><V99/><F111/><W5/><G98/><T112/><D112/><U28/><E7/><V133/><F63/><W114/><G114/><T81/><D118/><U70/><E70/><V45/><F133/><W78/><G61/><T74/><D44/><U42/><E42/><V134/><F134/><W18/><G5/><T11/><D54/><U108/><E2/><V22/><F51/><W83/><G60/><T128/><D11/><U72/><E108/><V6/><F6/><W107/><G64/><T38/><D38/><U10/><E55/><V117/><F117/><W4/><G4/><T26/><D26/><N who="1" m="14631" /><E10/><V58/><REACH who="2" step="1"/><F43/><REACH who="2" ten="237,258,267,228" step="2"/><W3/><G3/><T87/><D128/><U48/><E48/><V95/><F95/><W84/><G107/><T9/><D104/><U127/><E127/><V20/><F20/><N who="3" m="11343" /><G73/><T27/><D74/><U116/><E116/><V102/><F102/><W15/><G69/><T41/><D41/><U115/><E115/><V35/><F35/><W91/><G68/><T62/><D62/><RYUUKYOKU ba="1,1" sc="237,-10,258,-10,267,30,228,-10" hai2="17,22,24,32,34,45,46,47,49,58,89,93,99" /><INIT seed="2,2,1,3,2,19" ten="227,248,297,218" oya="2" hai0="64,0,116,49,91,110,53,70,32,89,50,62,98" hai1="106,33,52,107,41,109,48,112,3,82,67,36,34" hai2="95,124,120,69,97,92,80,43,104,9,6,90,45" hai3="100,15,72,17,74,75,118,42,83,128,24,61,88"/><V18/><F120/><W133/><G118/><T129/><D0/><U123/><E112/><V2/><F124/><W135/><G100/><T26/><D116/><U114/><E3/><V12/><F69/><W77/><G42/><T44/><D110/><U63/><E114/><V35/><F35/><W84/><G24/><T65/><D129/><U125/><E109/><V51/><F104/><W78/><G61/><T46/><D65/><U76/><E125/><V127/><F127/><W126/><G126/><T119/><D98/><U27/><E123/><V131/><F131/><W103/><G128/><T56/><D119/><U113/><E113/><V79/><F95/><W39/><G39/><T13/><D13/><U21/><E33/><V23/><F79/><N who="3" m="30219" /><G17/><T37/><D37/><U4/><E4/><V94/><F92/><N who="3" m="54279" /><G15/><T87/><D87/><U25/><E25/><V60/><REACH who="2" step="1"/><F60/><REACH who="2" ten="227,248,287,218" step="2"/><W130/><G130/><T14/><D70/><U101/><E34/><V8/><F8/><W132/><G103/><T57/><D32/><U55/><E101/><V5/><F5/><W111/><G111/><T71/><D71/><U10/><E10/><V117/><F117/><W115/><G115/><T96/><D62/><U81/><E106/><V38/><F38/><W73/><N who="3" m="18432" /><DORA hai="20" /><W102/><G102/><T59/><D50/><U54/><E107/><V7/><F7/><W122/><G122/><T105/><D105/><U93/><E36/><V11/><F11/><W68/><G68/><T66/><D49/><U40/><E48/><V22/><F22/><W47/><G83/><AGARI ba="2,2" hai="2,6,9,12,18,23,43,45,51,80,83,90,94,97" machi="83" ten="40,3900,0" yaku="1,1,52,1,53,0" doraHai="19,20" doraHaiUra="108,134" who="2" fromWho="3" sc="227,0,248,0,287,65,218,-45" /><INIT seed="2,3,0,3,3,135" ten="227,248,352,173" oya="2" hai0="93,98,100,107,41,59,58,97,96,52,127,37,53" hai1="51,92,16,79,124,84,15,116,91,131,123,103,9" hai2="21,36,60,71,35,40,25,109,114,11,133,44,128" hai3="117,87,26,76,80,62,30,85,65,1,134,68,19"/><V111/><F114/><W14/><G117/><T29/><D29/><U3/><E116/><V132/><F35/><W17/><G134/><N who="2" m="51817" /><F11/><W94/><G1/><T32/><D32/><U42/><E131/><V108/><F128/><W112/><G112/><T31/><D31/><U20/><E123/><V102/><F102/><W115/><G115/><T120/><D120/><U75/><E75/><V27/><F21/><W24/><G30/><T105/><D127/><U121/><E121/><V48/><F48/><W4/><G4/><T33/><D33/><U119/><E119/><V54/><F54/><W18/><REACH who="3" step="1"/><G14/><REACH who="3" ten="227,248,352,163" step="2"/><T28/><D28/><U101/><E3/><V104/><F104/><W10/><G10/><T39/><D105/><U125/><E9/><V73/><F27/><W88/><AGARI ba="3,1" hai="17,18,19,24,26,62,65,68,76,80,85,87,88,94" machi="88" ten="30,7900,0" yaku="1,1,0,1,54,1,53,1" doraHai="135" doraHaiUra="86" who="3" fromWho="3" sc="227,-23,248,-23,352,-42,163,98" /><INIT seed="3,0,0,5,1,50" ten="204,225,310,261" oya="3" hai0="74,119,105,58,103,113,27,12,109,9,129,68,133" hai1="111,87,51,110,55,7,25,59,120,66,125,0,75" hai2="102,90,31,112,28,77,15,39,32,48,134,70,11" hai3="76,98,86,122,2,52,20,78,118,14,100,1,101"/><W62/><G118/><T88/><D119/><U46/><E120/><V92/><F39/><W79/><G122/><T34/><D68/><U40/><E75/><V128/><F70/><W53/><G1/><T64/><D74/><U132/><E132/><V94/><F32/><W38/><G38/><T35/><D133/><U126/><E25/><V57/><F77/><W85/><G2/><T84/><D129/><U96/><E87/><N who="3" m="33290" /><G62/><T60/><D109/><N who="1" m="41483" /><E96/><N who="2" m="59655" /><F128/><W8/><G20/><T30/><D113/><U24/><E24/><V6/><F112/><W91/><G91/><T83/><D103/><N who="3" m="39497" /><G98/><T93/><D105/><U26/><E26/><V42/><F134/><W80/><G80/><T131/><D131/><U72/><E72/><V135/><F135/><W54/><G79/><T127/><D127/><N who="1" m="48651" /><E0/><V73/><F73/><W95/><G95/><T13/><D13/><U61/><E7/><AGARI ba="0,0" hai="7,8,14,52,53,54,76,78" m="39497,33290" machi="7" ten="30,12000,1" yaku="8,1,52,3,54,1" doraHai="50" who="3" fromWho="1" sc="204,0,225,-120,310,0,261,120" owari="204,-19.6,105,-39.5,310,11.0,381,48.1" /></mjloggm>