<mjloggm ver="2.3"><GO type="225" lobby="0"/><UN n0="%6D%75%75%73%61%6E%6D%75" n1="%E3%82%B2%E3%82%B9%E8%8C%82%E5%8B%9D" n2="%E3%80%90%E3%83%88%E3%83%AA%E3%83%A5%E3%83%95%E3%80%91" n3="%E3%82%8A%E3%82%87%E3%81%91%E3%81%99" dan="17,16,16,16" rate="2170.46,2116.38,2064.17,2143.10" sx="F,F,F,M"/><TAIKYOKU oya="0"/><INIT seed="0,0,0,2,4,9" ten="250,250,250,250" oya="0" hai0="102,5,129,21,86,85,70,80,15,41,25,134,132" hai1="87,131,116,0,100,65,94,76,126,64,57,101,22" hai2="11,118,51,103,66,50,36,3,4,7,1,55,71" hai3="109,63,49,128,73,14,95,42,60,33,111,89,97"/><T127/><D70/><U46/><E116/><V105/><F118/><W117/><G117/><T58/><D127/><U18/><E126/><V112/><F112/><W119/><G119/><T135/><D129/><U88/><E131/><V10/><F36/><W35/><G73/><T133/><N who="0" m="33792" /><DORA hai="20" /><T26/><D41/><U124/><E0/><V91/><F91/><W29/><G128/><T110/><D110/><N who="3" m="41993" /><G14/><T120/><D120/><U130/><E130/><V78/><F78/><W6/><G6/><T54/><D102/><N who="1" m="39531" /><E124/><V122/><F122/><W84/><G84/><N who="0" m="32363" /><D80/><N who="1" m="47495" /><E46/><V56/><F103/><W30/><G42/><T79/><D79/><U92/><E57/><V72/><F72/><W113/><G113/><T13/><D5/><U17/><E17/><V19/><F19/><W121/><G121/><T16/><D13/><N who="1" m="9551" /><E94/><V44/><F71/><W39/><G95/><T83/><D83/><U107/><E107/><V82/><F105/><W74/><G74/><T90/><D90/><U81/><E81/><V104/><F104/><W106/><G89/><T115/><D115/><U43/><E43/><V53/><F82/><W61/><G106/><T68/><D68/><U40/><E40/><V96/><F96/><AGARI ba="0,0" hai="64,65,88,92,96" m="9551,47495,39531" machi="96" ten="30,3900,0" yaku="8,1,52,1,54,1" doraHai="9,20" who="1" fromWho="2" sc="250,0,250,39,250,-39,250,0" /><INIT seed="1,0,0,2,3,80" ten="250,289,211,250" oya="1" hai0="35,57,106,82,132,26,124,53,113,72,77,0,51" hai1="127,33,126,73,28,76,64,18,59,119,30,112,92" hai2="83,109,102,85,55,79,84,1,70,111,120,65,86" hai3="19,74,117,87,128,32,97,17,71,45,96,94,58"/><U135/><E112/><V67/><F1/><W89/><G71/><T24/><D113/><U69/><E69/><V125/><F120/><W107/><G32/><T134/><D106/><U23/><E119/><V4/><F125/><N who="1" m="47625" /><E33/><V39/><F39/><W123/><G123/><T49/><D124/><U90/><E135/><N who="0" m="51753" /><D0/><U129/><E129/><V8/><F102/><W10/><G74/><T54/><D35/><U6/><E6/><V2/><F55/><W131/><G45/><AGARI ba="0,0" hai="24,26,45,49,51,53,54,57,72,77,82" m="51753" machi="45" ten="30,1000,0" yaku="20,1" doraHai="80" who="0" fromWho="3" sc="250,10,289,0,211,0,250,-10" /><INIT seed="2,0,0,5,2,44" ten="260,289,211,240" oya="2" hai0="77,109,17,1,64,49,50,118,113,40,35,112,34" hai1="56,85,12,106,61,81,135,23,5,31,117,115,83" hai2="78,123,122,120,63,79,98,66,8,28,82,15,2" hai3="72,88,3,107,0,36,116,55,41,20,105,16,10"/><V30/><F2/><W39/><G72/><T103/><D1/><U73/><E115/><V70/><F98/><W111/><G116/><T76/><D118/><U128/><E117/><V38/><F38/><W9/><G111/><T97/><D64/><U6/><E128/><V37/><F37/><W80/><G80/><T21/><D109/><U130/><E130/><V26/><F82/><W65/><G65/><T90/><D90/><U93/><E106/><V134/><F134/><W58/><G88/><T60/><D60/><U74/><E135/><V59/><F70/><W110/><G110/><T95/><D34/><U69/><E69/><V131/><F131/><W92/><G92/><T45/><D35/><U25/><E93/><V75/><F75/><W125/><G58/><T62/><D62/><U22/><E81/><V126/><F126/><W29/><G29/><T86/><D50/><U52/><E74/><V71/><F71/><W87/><G87/><T46/><D46/><U7/><E73/><V89/><F89/><W4/><G125/><T18/><D86/><U13/><E22/><V43/><F43/><W27/><G55/><T96/><D96/><U132/><E132/><V121/><N who="2" m="30720" /><DORA hai="100" /><V68/><F68/><W51/><G39/><T133/><D133/><U19/><E31/><V129/><F129/><W42/><G36/><T124/><D124/><U67/><E67/><V32/><REACH who="2" step="1"/><F30/><REACH who="2" ten="260,289,201,240" step="2"/><W114/><G42/><T104/><D112/><U91/><AGARI ba="0,1" hai="5,6,7,12,13,19,23,25,52,56,61,83,85,91" machi="91" ten="30,4000,0" yaku="0,1,8,1,54,1" doraHai="44,100" who="1" fromWho="1" sc="260,-10,289,50,201,-20,240,-10" /><INIT seed="3,0,0,5,5,24" ten="250,339,181,230" oya="3" hai0="135,45,128,49,78,63,75,98,89,117,107,1,26" hai1="90,38,120,64,118,57,124,25,40,83,16,84,91" hai2="81,76,66,61,46,44,123,125,32,85,134,119,92" hai3="70,110,65,23,77,67,60,55,62,15,72,35,95"/><W54/><G35/><T5/><D117/><U87/><E124/><V6/><F119/><W121/><G121/><T48/><D128/><U68/><E68/><V3/><F125/><W108/><G72/><T27/><D135/><U36/><E120/><V17/><F134/><W86/><G15/><T96/><D75/><U127/><E127/><V114/><F114/><W129/><G23/><T50/><D78/><U101/><E101/><V52/><F123/><W71/><G129/><T18/><D1/><U22/><E40/><V132/><F132/><W56/><G77/><T20/><D107/><U133/><E133/><V73/><F32/><W59/><G86/><T97/><D5/><U74/><E74/><V105/><F105/><W39/><G95/><N who="0" m="56431" /><D63/><U34/><E34/><V37/><F17/><W4/><G4/><T109/><D109/><N who="3" m="42089" /><G39/><T47/><D27/><U69/><E69/><AGARI ba="0,0" hai="54,55,56,59,60,62,65,67,69,70,71" m="42089" machi="69" ten="30,11600,0" yaku="14,1,10,1,34,2" doraHai="24" who="3" fromWho="1" sc="250,0,339,-116,181,0,230,116" owari="250,5.0,223,-17.7,181,-31.9,346,44.6" /></mjloggm>