<mjloggm ver="2.3"><GO type="225" lobby="0"/><UN n0="%6D%75%75%73%61%6E%6D%75" n1="%E8%A8%88%E7%AE%97%E6%A9%9F%E8%87%AA%E7%84%B6" n2="%E4%B8%89%E5%88%86%E5%B0%8F%E5%83%A7" n3="%E3%82%BC%E3%83%AB%E3%83%80%E3%81%AE%E4%BC%9D%E8%AA%AC" dan="17,17,16,17" rate="2139.41,2195.06,2080.16,2165.07" sx="F,M,M,M"/><TAIKYOKU oya="0"/><INIT seed="0,0,0,4,1,117" ten="250,250,250,250" oya="0" hai0="26,85,69,79,28,25,37,77,65,103,73,21,91" hai1="8,104,9,84,7,30,70,51,97,76,14,50,101" hai2="54,61,127,13,119,57,10,20,45,27,90,64,39" hai3="38,99,83,114,16,78,123,134,23,86,106,24,47"/><T107/><D37/><U41/><E70/><V113/><F113/><W121/><G114/><T108/><D73/><U68/><E68/><V36/><F127/><W35/><G134/><T5/><D108/><U58/><E30/><V81/><F119/><W132/><G132/><T92/><D5/><U12/><E41/><V128/><F128/><W11/><G35/><T31/><D107/><U72/><E72/><V120/><F120/><N who="3" m="46155" /><G11/><T118/><D118/><U19/><REACH who="1" step="1"/><E58/><REACH who="1" ten="250,240,250,250" step="2"/><V98/><F39/><W100/><G38/><T53/><D69/><U59/><E59/><V66/><F36/><W42/><G47/><T111/><D111/><U89/><E89/><V40/><F45/><W1/><G1/><T126/><D126/><U62/><E62/><V60/><F40/><AGARI ba="0,1" hai="16,23,24,40,42,78,83,86,99,100,106" m="46155" machi="40" ten="30,8000,1" yaku="13,1,52,3,54,1" doraHai="117" who="3" fromWho="2" sc="250,0,240,0,250,-80,250,90" /><INIT seed="1,0,0,4,0,102" ten="250,240,170,340" oya="1" hai0="43,49,77,76,122,91,134,53,75,87,4,69,10" hai1="44,25,56,109,19,82,14,55,96,8,66,73,108" hai2="120,124,31,28,12,114,123,60,70,92,64,34,35" hai3="54,41,61,37,21,105,103,50,85,65,78,24,47"/><U18/><E66/><V132/><F124/><W9/><G9/><T0/><D75/><U129/><E129/><V1/><F132/><W15/><G15/><T93/><D134/><U71/><E71/><V11/><F1/><W27/><G78/><T52/><D122/><U2/><E2/><V116/><F116/><W7/><G7/><T112/><D112/><U39/><E96/><V111/><F114/><W48/><G85/><T86/><D69/><U51/><E73/><V79/><F111/><N who="1" m="42569" /><E82/><V81/><F34/><W121/><G121/><T45/><REACH who="0" step="1"/><D77/><REACH who="0" ten="240,240,170,340" step="2"/><U33/><E33/><V131/><F123/><W113/><G113/><T38/><D38/><U117/><E117/><V110/><F120/><W23/><G37/><T104/><D104/><U5/><E25/><V6/><F110/><W130/><G130/><T127/><D127/><U88/><E88/><V20/><F131/><W26/><G105/><T99/><D99/><U125/><E125/><V63/><F35/><W29/><G26/><T133/><D133/><U3/><E3/><V118/><F118/><W59/><G27/><T58/><D58/><U40/><AGARI ba="0,1" hai="5,8,14,18,19,39,40,44,51,55,56" m="42569" machi="40" ten="30,3000,0" yaku="14,1,10,1" doraHai="102" who="1" fromWho="1" sc="240,-10,240,40,170,-10,340,-10" /><INIT seed="1,1,0,5,2,12" ten="230,280,160,330" oya="1" hai0="71,98,83,26,87,1,109,92,93,94,41,2,104" hai1="22,61,124,35,103,50,111,88,44,99,51,85,23" hai2="43,56,31,38,20,55,66,90,108,118,81,15,134" hai3="119,14,32,105,3,107,95,114,123,74,110,68,59"/><U120/><E120/><V73/><F118/><W131/><RYUUKYOKU type="yao9" ba="1,0" sc="230,0,280,0,160,0,330,0" hai3="3,14,32,59,68,74,95,105,107,110,114,119,123,131" /><INIT seed="1,2,0,0,4,99" ten="230,280,160,330" oya="1" hai0="2,15,45,68,4,87,36,78,52,30,111,125,96" hai1="16,51,12,90,70,13,128,77,67,122,58,46,72" hai2="63,86,85,105,110,121,38,44,47,83,117,27,64" hai3="92,7,20,40,19,123,49,89,57,54,48,69,56"/><U98/><E122/><V79/><F117/><W102/><G69/><T126/><D2/><U53/><E128/><V80/><F121/><W81/><G123/><T114/><D114/><U24/><E70/><V133/><F110/><W131/><G131/><T61/><D111/><U119/><E119/><V74/><F133/><W73/><G7/><T33/><D33/><U29/><E72/><V35/><F105/><W94/><G102/><T34/><D34/><U127/><E77/><V5/><F5/><W0/><G0/><T75/><D30/><U39/><E127/><V132/><F132/><W91/><G73/><T93/><D75/><U120/><E120/><V84/><F38/><W22/><G40/><T26/><D26/><U14/><E39/><V100/><F100/><W97/><G81/><T130/><D130/><U17/><E67/><V115/><F83/><W42/><G19/><T25/><D25/><U129/><E46/><V104/><F104/><W82/><G82/><T50/><D36/><U18/><E129/><V8/><F8/><W23/><G42/><T134/><D87/><U9/><E9/><V60/><F115/><W107/><G107/><T109/><D78/><U116/><E116/><V88/><F88/><N who="3" m="33867" /><G97/><T55/><D109/><U112/><E112/><V43/><F43/><W59/><G54/><N who="0" m="30031" /><D134/><U31/><REACH who="1" step="1"/><E24/><REACH who="1" ten="230,270,160,330" step="2"/><V71/><F27/><W3/><G3/><T32/><D68/><U108/><E108/><V65/><REACH who="2" step="1"/><F35/><REACH who="2" ten="230,270,150,330" step="2"/><W95/><AGARI ba="2,2" hai="20,22,23,48,49,56,57,59,92,94,95" m="33867" machi="95" ten="40,16000,3" yaku="29,2,28,2,26,2,8,1,54,1" doraHai="99" who="3" fromWho="3" sc="230,-42,270,-82,150,-42,330,186" /><INIT seed="2,0,0,1,0,121" ten="188,188,108,516" oya="2" hai0="33,83,107,4,99,1,113,55,124,19,34,48,58" hai1="38,40,11,104,47,109,52,100,45,2,5,57,125" hai2="72,29,36,122,131,69,115,26,119,68,61,53,135" hai3="32,64,59,10,110,118,20,87,80,93,41,84,116"/><V15/><F115/><W92/><G32/><T102/><D113/><U22/><E109/><V96/><F119/><W43/><G20/><T9/><D124/><U91/><E125/><V60/><F122/><W0/><G59/><T73/><D19/><U50/><E91/><V88/><F131/><W63/><G63/><T128/><D128/><U18/><E100/><V23/><F72/><W56/><G56/><T82/><D82/><U81/><E81/><V114/><F114/><W101/><G80/><T17/><D17/><U117/><E104/><V70/><F135/><W35/><G35/><T75/><REACH who="0" step="1"/><D73/><REACH who="0" ten="178,188,108,516" step="2"/><U71/><E117/><V51/><F36/><W24/><G116/><T74/><D74/><U6/><E6/><V65/><F65/><W129/><G64/><T8/><D8/><U46/><REACH who="1" step="1"/><E71/><REACH who="1" ten="178,178,108,516" step="2"/><V3/><F69/><W94/><G118/><T132/><D132/><U54/><E54/><V77/><F68/><W133/><G133/><T76/><AGARI ba="0,2" hai="1,4,9,33,34,48,55,58,75,76,83,99,102,107" machi="76" ten="30,7900,0" yaku="1,1,0,1,53,2" doraHai="121" doraHaiUra="28" who="0" fromWho="0" sc="178,99,178,-20,108,-39,516,-20" /><INIT seed="3,0,0,3,2,51" ten="277,158,69,496" oya="3" hai0="120,93,41,3,70,130,57,8,69,105,14,18,135" hai1="102,98,30,112,123,31,106,131,121,100,37,92,77" hai2="16,39,4,114,9,82,23,48,63,83,5,58,80" hai3="95,78,127,2,60,67,76,119,65,122,109,134,113"/><W34/><G95/><T103/><D105/><U117/><E37/><V59/><F39/><W6/><G60/><T111/><D120/><U132/><E112/><V35/><F35/><W108/><G34/><T20/><D41/><U56/><E102/><V21/><F114/><W84/><G113/><T0/><D111/><N who="3" m="42569" /><G84/><T79/><D135/><U97/><E92/><V110/><F110/><W66/><G6/><T88/><D130/><U89/><E132/><V47/><F23/><W45/><G45/><T74/><D57/><U81/><E56/><V64/><F9/><W107/><G107/><T133/><D69/><U104/><E106/><V72/><F72/><W128/><G2/><T46/><D3/><U85/><E104/><V96/><F96/><W12/><G12/><T129/><D46/><U36/><E97/><V49/><F59/><W52/><G128/><T94/><D70/><U50/><E131/><V91/><F91/><W24/><G24/><T62/><D88/><U19/><E89/><V32/><F32/><W73/><G73/><T11/><D74/><U126/><E98/><V86/><F86/><W75/><G75/><T13/><D129/><U101/><E85/><V125/><F125/><W27/><G27/><T124/><D124/><U87/><E126/><V90/><F90/><W10/><G10/><T118/><D11/><U29/><E87/><V1/><F1/><W71/><G71/><T53/><D8/><U7/><E100/><V116/><F116/><W42/><G119/><T40/><D118/><U55/><E117/><V22/><F22/><W25/><G127/><RYUUKYOKU ba="0,0" sc="277,0,158,0,69,0,496,0" owari="277,7.7,158,-24.2,69,-43.1,496,59.6" /></mjloggm>