<mjloggm ver="2.3"><GO type="225" lobby="0"/><UN n0="%E3%81%99%E3%81%84%E3%81%BE%E3%81%9B%E3%83%BC%E3%82%93" n1="%72%69%6F%75%63%68%61%6E" n2="%E3%81%86%E3%81%A9%E3%82%93%E3%81%93" n3="%E5%A4%9C%E5%85%89%E5%A4%A9%E6%A5%BC" dan="18,16,16,17" rate="2205.52,2222.81,2186.01,2178.94" sx="M,M,M,M"/><TAIKYOKU oya="0"/><INIT seed="0,0,0,3,0,80" ten="250,250,250,250" oya="0" hai0="35,62,112,49,10,18,96,58,100,24,120,135,3" hai1="88,94,51,118,121,55,23,4,91,7,17,28,117" hai2="40,15,2,79,116,57,92,47,76,37,113,125,60" hai3="97,52,110,74,85,14,109,29,78,39,65,86,124"/><T36/><D112/><U1/><E121/><V20/><F2/><W102/><G124/><T8/><D36/><U43/><E28/><V59/><F113/><W105/><G39/><T50/><D120/><U66/><E43/><V131/><F125/><W63/><G29/><T98/><D135/><U42/><E42/><V104/><F104/><W129/><G129/><T126/><D126/><U130/><E130/><V27/><F131/><W90/><G14/><T38/><D38/><U26/><E66/><V44/><F116/><W72/><G78/><T32/><D32/><U82/><E1/><V77/><F47/><W16/><G16/><T31/><D98/><N who="1" m="57671" /><E118/><V93/><F15/><W48/><G74/><T13/><D10/><U5/><E117/><V12/><F12/><W61/><G72/><T53/><REACH who="0" step="1"/><D3/><REACH who="0" ten="240,250,250,250" step="2"/><U134/><E134/><V25/><F20/><W34/><G34/><T67/><D67/><U83/><E91/><V128/><F128/><W19/><G90/><T46/><D46/><AGARI ba="0,1" hai="4,5,7,17,23,26,46,51,55,82,83" m="57671" machi="46" ten="30,2000,0" yaku="8,1,54,1" doraHai="80" who="1" fromWho="0" sc="240,-20,250,30,250,0,250,0" /><INIT seed="1,0,0,2,5,84" ten="220,280,250,250" oya="1" hai0="28,14,52,33,83,20,9,119,10,0,71,44,120" hai1="22,19,74,131,134,24,58,49,78,1,125,40,29" hai2="100,12,32,107,59,18,132,90,103,97,89,63,130" hai3="110,113,118,116,16,127,55,82,15,87,37,115,80"/><U36/><E1/><V39/><F130/><W38/><G127/><T50/><D119/><N who="3" m="45609" /><G55/><T109/><D71/><U76/><E134/><V96/><F32/><W53/><G53/><T75/><D109/><U46/><E131/><V3/><F39/><N who="3" m="14859" /><G110/><T92/><D120/><U86/><E125/><V30/><F30/><W111/><G111/><T106/><D106/><U95/><E74/><V17/><F3/><W61/><G61/><T2/><D33/><U121/><E121/><V133/><F59/><W68/><G68/><T102/><D0/><U66/><E36/><V79/><F79/><N who="3" m="46495" /><G82/><T25/><D2/><U70/><E70/><V101/><F63/><W105/><G105/><T91/><D14/><U104/><E104/><V123/><F123/><W51/><G51/><T42/><D42/><U21/><E66/><V11/><F107/><W117/><N who="3" m="45617" /><W34/><DORA hai="69" /><G34/><T93/><D75/><U57/><E76/><V67/><F67/><W60/><G60/><T108/><D108/><U26/><E95/><N who="0" m="36425" /><D102/><U8/><E58/><V31/><F101/><W94/><G94/><T81/><D81/><N who="1" m="47415" /><E57/><V122/><F122/><W88/><G88/><T7/><D91/><U41/><E40/><V6/><F103/><W45/><G45/><T64/><D64/><U5/><E41/><V72/><F100/><W62/><G62/><T35/><D83/><U99/><E46/><V77/><F90/><W23/><AGARI ba="0,0" hai="15,16,23,113,115" m="46495,14859,45617" machi="23" ten="50,8000,1" yaku="12,1,52,3,54,1" doraHai="84,69" who="3" fromWho="3" sc="220,-20,280,-40,250,-20,250,80" /><INIT seed="2,0,0,1,4,11" ten="200,240,230,330" oya="2" hai0="48,50,123,47,88,39,76,68,57,17,53,44,42" hai1="117,100,135,130,129,14,134,55,120,38,93,6,101" hai2="83,115,25,110,30,58,4,9,33,2,28,70,21" hai3="73,7,13,80,45,5,62,84,79,22,128,49,113"/><V95/><F70/><W31/><G128/><N who="1" m="49258" /><E38/><V54/><F115/><W8/><G73/><T32/><D123/><U41/><E117/><V90/><F110/><W15/><G113/><T16/><D32/><U75/><E75/><V119/><F83/><W18/><G62/><T56/><D68/><U24/><E41/><V72/><F72/><W98/><G98/><T91/><D76/><U104/><E104/><V77/><F77/><W107/><G107/><T102/><D102/><N who="1" m="39531" /><E93/><V65/><F65/><W69/><G69/><T106/><D106/><U1/><E1/><V118/><F30/><W133/><G133/><N who="1" m="50698" /><E24/><V81/><F81/><W108/><G108/><T111/><D111/><U74/><E74/><V78/><F78/><W116/><G116/><T61/><D39/><U43/><E43/><V132/><F132/><W85/><G80/><T36/><D36/><U63/><E120/><V10/><F33/><W127/><G79/><T60/><D42/><U37/><E37/><V19/><F95/><W35/><G35/><T112/><REACH who="0" step="1"/><D53/><REACH who="0" ten="190,240,230,330" step="2"/><U94/><E55/><V122/><F122/><W51/><G51/><T3/><D3/><U89/><E63/><V125/><F90/><W34/><G34/><T96/><D96/><U92/><E89/><V29/><F125/><W131/><G127/><T124/><D124/><U66/><E66/><V20/><F118/><W67/><G67/><T23/><D23/><U109/><E109/><V82/><F119/><W114/><G131/><T97/><D97/><U99/><E99/><V87/><F21/><W59/><G22/><T86/><D86/><RYUUKYOKU ba="0,1" sc="190,15,240,15,230,-15,330,-15" hai0="16,17,44,47,48,50,56,57,60,61,88,91,112" hai1="6,14,92,94" /><INIT seed="3,1,1,5,1,79" ten="205,255,215,315" oya="3" hai0="45,117,3,88,47,110,33,113,71,43,21,40,13" hai1="96,80,68,126,103,131,66,95,72,101,119,62,60" hai2="107,29,15,77,44,46,63,39,9,56,92,108,12" hai3="24,99,1,104,0,19,26,70,78,91,67,76,128"/><W89/><G19/><N who="0" m="10479" /><D71/><U133/><E126/><V2/><F107/><W34/><G128/><T73/><D73/><U94/><E133/><V10/><F2/><W112/><G112/><T116/><D33/><U22/><E131/><V50/><F39/><W48/><G48/><T61/><D3/><U38/><E38/><V93/><F29/><N who="3" m="19751" /><G26/><T74/><D74/><U122/><E122/><V83/><F108/><W53/><G53/><T84/><D110/><U121/><E121/><V82/><F77/><N who="3" m="29803" /><G91/><T130/><D130/><U6/><E119/><V64/><F15/><W16/><G89/><T59/><D113/><U32/><E32/><V51/><F51/><W124/><G16/><T55/><D117/><U111/><E111/><V8/><F12/><W123/><G124/><T98/><D98/><U42/><E42/><N who="0" m="15913" /><D116/><U127/><E127/><V36/><F36/><W37/><G123/><T18/><D18/><U86/><E72/><V20/><F20/><W134/><G37/><T135/><D135/><U65/><E22/><V87/><F50/><W85/><G134/><T7/><D7/><U49/><E6/><V97/><F87/><W120/><G85/><T57/><D59/><U114/><E114/><V75/><F75/><W25/><G120/><T5/><D5/><U17/><E86/><V115/><F115/><W54/><G1/><T31/><D31/><U52/><E17/><V58/><F58/><W30/><G70/><T129/><D129/><U28/><E68/><V11/><N who="2" m="2048" /><DORA hai="106" /><V125/><F125/><W23/><G0/><T105/><D105/><N who="1" m="63655" /><E28/><V14/><F97/><RYUUKYOKU ba="1,1" sc="205,30,255,-10,215,-10,315,-10" hai0="45,47,55,57,61,84,88" owari="235,-16.5,245,4.5,205,-29.5,315,41.5" /></mjloggm>