<mjloggm ver="2.3"><GO type="225" lobby="0"/><UN n0="%E3%81%A1%E3%81%87%E3%81%91" n1="%4B%2E%32%2E%4B%2E" n2="%77%72%77%72%77%72%77%72" n3="%E3%81%8B%E3%82%8F%E3%81%A1%E3%82%83%E3%82%93%35%38" dan="16,16,17,16" rate="2078.39,2137.29,2227.42,2149.32" sx="M,M,M,M"/><TAIKYOKU oya="0"/><INIT seed="0,0,0,3,0,100" ten="250,250,250,250" oya="0" hai0="92,103,50,13,54,1,20,95,10,48,86,31,80" hai1="22,120,94,126,76,18,37,68,29,70,67,39,43" hai2="89,112,41,3,53,38,45,105,55,96,7,72,60" hai3="85,36,82,130,134,17,52,65,101,121,49,128,99"/><T28/><D1/><U51/><E120/><V110/><F112/><W56/><G36/><T81/><D50/><U133/><E133/><V75/><F110/><W123/><G65/><T58/><D81/><U27/><E126/><V23/><F23/><W71/><G71/><T6/><D103/><U129/><E129/><N who="3" m="49770" /><G17/><T33/><D33/><U40/><E70/><V30/><F30/><N who="0" m="11306" /><D20/><U135/><E135/><V114/><F114/><W69/><G69/><T115/><D115/><U59/><E68/><V116/><F116/><W46/><G46/><T109/><D109/><U47/><E76/><AGARI ba="0,0" hai="6,10,13,48,54,58,76,80,86,92,95" m="11306" machi="76" ten="30,1500,0" yaku="8,1" doraHai="100" who="0" fromWho="1" sc="250,15,250,-15,250,0,250,0" /><INIT seed="0,1,0,5,2,112" ten="265,235,250,250" oya="0" hai0="85,133,132,83,134,70,104,77,113,120,89,22,38" hai1="97,101,48,129,94,4,91,7,119,116,28,60,62" hai2="26,114,1,20,107,49,34,124,64,15,125,24,105" hai3="63,65,2,122,46,53,81,36,45,37,118,67,56"/><T21/><D113/><U10/><E129/><V29/><F114/><W98/><G98/><T13/><D120/><U61/><E28/><V106/><F1/><W78/><G81/><T18/><D38/><N who="3" m="14953" /><G78/><T57/><D70/><U69/><E69/><V33/><F64/><N who="3" m="24651" /><G2/><T50/><D104/><U87/><E48/><V17/><F49/><N who="3" m="30767" /><G122/><T92/><D22/><U16/><E16/><V109/><F109/><W32/><G32/><T42/><D57/><U96/><E96/><V11/><REACH who="2" step="1"/><F24/><REACH who="2" ten="265,235,240,250" step="2"/><W99/><G99/><T127/><D127/><AGARI ba="1,1" hai="11,15,17,20,26,29,33,34,105,106,107,124,125,127" machi="127" ten="50,6400,0" yaku="1,1,2,1,18,1,53,0" doraHai="112" doraHaiUra="110" who="2" fromWho="0" sc="265,-67,235,0,240,77,250,0" /><INIT seed="1,0,0,2,1,130" ten="198,235,317,250" oya="1" hai0="76,128,42,110,57,37,97,126,36,5,96,63,134" hai1="91,35,85,14,118,70,29,62,69,86,109,47,56" hai2="122,119,20,22,11,7,4,93,52,104,21,13,40" hai3="43,25,19,60,16,61,123,48,54,30,84,73,101"/><U32/><E118/><V105/><F119/><W89/><G73/><T113/><D113/><U0/><E0/><V27/><F122/><W53/><G123/><T9/><D110/><U108/><E47/><V23/><F40/><W121/><G101/><T17/><D128/><U50/><E50/><V116/><F116/><W55/><G121/><T90/><D126/><U129/><E129/><V10/><F93/><W120/><G120/><T125/><D125/><U34/><E29/><V106/><F52/><N who="3" m="20075" /><G43/><T95/><D76/><U87/><E14/><V1/><REACH who="2" step="1"/><F20/><REACH who="2" ten="198,235,307,250" step="2"/><N who="3" m="15655" /><G60/><T114/><D42/><U94/><E108/><V103/><F103/><W83/><G61/><T15/><D114/><U75/><E109/><V38/><F38/><W18/><G55/><T44/><D36/><U78/><E32/><V99/><F99/><W88/><G48/><T74/><D97/><U68/><E34/><V133/><F133/><W49/><G49/><T131/><D131/><U92/><E35/><V33/><F33/><W39/><G39/><T58/><D134/><U45/><E45/><V3/><F3/><W67/><G67/><T8/><D63/><U127/><E127/><V46/><F46/><W111/><G111/><T31/><D44/><U64/><E94/><V51/><F51/><W80/><G80/><T112/><D112/><U115/><E115/><V59/><F59/><W72/><G72/><T6/><D74/><U79/><E75/><V135/><F135/><W77/><AGARI ba="0,1" hai="16,18,19,77,83,84,88,89" m="15655,20075" machi="77" ten="30,7900,0" yaku="8,1,54,3" doraHai="130" who="3" fromWho="3" sc="198,-20,235,-39,307,-20,250,89" /><INIT seed="2,0,0,1,2,41" ten="178,196,287,339" oya="2" hai0="86,47,53,131,40,76,89,22,70,123,39,124,104" hai1="78,79,135,0,127,30,33,50,17,105,97,128,44" hai2="99,26,118,32,87,64,8,13,6,61,121,88,21" hai3="45,18,100,24,2,113,36,35,134,68,125,42,93"/><V73/><F118/><W117/><G117/><T81/><D123/><U95/><E105/><V92/><F121/><W101/><G68/><T94/><D104/><U52/><E0/><V48/><F73/><W72/><G2/><T102/><D131/><U129/><E127/><V119/><F119/><W90/><G72/><T74/><D70/><U110/><E110/><V83/><F48/><W133/><G125/><T3/><D3/><U54/><E135/><N who="3" m="51722" /><G113/><T116/><D124/><U38/><E38/><V59/><F32/><W67/><G67/><T114/><D114/><U7/><E7/><V58/><F61/><W15/><G24/><T107/><D116/><U75/><E17/><V57/><F64/><W115/><G35/><T120/><D120/><U11/><E11/><V29/><REACH who="2" step="1"/><F58/><REACH who="2" ten="178,196,277,339" step="2"/><W85/><G115/><T60/><D60/><U111/><E75/><V63/><F63/><W46/><G46/><T25/><D74/><U14/><E44/><V103/><AGARI ba="0,1" hai="6,8,13,21,26,29,57,59,83,87,88,92,99,103" machi="103" ten="20,18000,2" yaku="1,1,0,1,7,1,8,1,54,1,53,1" doraHai="41" doraHaiUra="4" who="2" fromWho="2" sc="178,-60,196,-60,277,190,339,-60" /><INIT seed="2,1,0,3,2,7" ten="118,136,467,279" oya="2" hai0="64,59,47,118,12,113,35,87,4,124,127,52,114" hai1="117,14,55,90,53,98,135,78,92,17,91,34,33" hai2="105,111,62,39,112,37,126,119,6,68,109,99,86" hai3="41,57,83,30,73,50,63,51,23,48,130,67,29"/><V3/><F112/><W116/><G116/><T27/><D118/><U31/><E117/><V71/><F119/><W13/><G130/><T122/><D122/><U2/><E2/><V21/><F86/><W38/><G38/><N who="2" m="14345" /><F21/><W8/><G23/><T101/><D101/><U70/><E135/><V9/><F126/><N who="0" m="48170" /><D64/><U97/><E70/><N who="2" m="26667" /><F62/><W25/><G25/><T46/><D87/><U129/><E78/><V128/><F128/><W44/><G83/><T32/><D114/><U36/><E36/><V26/><F26/><W61/><G73/><T96/><D96/><U66/><E66/><V72/><F72/><W54/><G63/><N who="0" m="36327" /><D113/><U104/><E129/><V79/><F79/><W77/><G77/><T120/><D120/><U84/><E104/><V115/><F115/><W132/><G132/><T85/><D85/><U133/><E133/><V43/><F43/><W125/><G125/><T110/><D110/><N who="2" m="41994" /><F99/><W10/><G67/><T93/><D27/><U106/><E97/><V16/><F105/><W49/><REACH who="3" step="1"/><G8/><REACH who="3" ten="118,136,467,269" step="2"/><N who="0" m="4103" /><D93/><U40/><E106/><V134/><F134/><W82/><G82/><T18/><D18/><AGARI ba="1,1" hai="3,6,9,16,18" m="41994,26667,14345" machi="18" ten="40,12000,1" yaku="14,1,10,1,52,1,54,1" doraHai="7" who="2" fromWho="0" sc="118,-123,136,0,467,133,269,0" /><AGARI ba="1,0" hai="10,13,18,29,30,41,44,48,49,50,51,54,57,61" machi="18" ten="40,8000,1" yaku="1,1,8,1,52,1,53,2" doraHai="7" doraHaiUra="24" who="3" fromWho="0" sc="-5,-80,136,0,600,0,269,80" owari="-85,-58.5,136,-26.4,600,70.0,349,14.9" /></mjloggm>