<mjloggm ver="2.3"><GO type="225" lobby="0"/><UN n0="%E3%83%B4%E3%83%A0%EF%BC%99%E3%81%A6" n1="%E3%83%AD%E3%83%83%E3%83%86%E9%9B%80%E7%90%83" n2="%E3%81%82%E3%81%99%E3%81%AB%E3%82%83%E3%82%80" n3="%E3%81%B8%E3%82%80%E3%81%B8%E3%82%80%EF%BC%92%E5%8F%B7" dan="17,17,16,17" rate="2213.65,2237.58,2035.17,2137.76" sx="M,M,F,M"/><TAIKYOKU oya="0"/><INIT seed="0,0,0,2,2,3" ten="250,250,250,250" oya="0" hai0="14,41,22,122,113,39,132,70,76,104,83,116,130" hai1="11,64,9,62,114,5,4,129,72,56,100,10,50" hai2="115,103,40,80,36,93,112,120,27,68,60,19,95" hai3="73,32,108,59,29,12,45,128,85,125,65,18,126"/><T105/><D113/><U111/><E72/><V16/><F120/><W46/><G73/><T35/><D122/><U15/><E114/><V13/><F112/><W134/><G108/><T106/><D35/><U94/><E111/><V38/><F115/><W67/><G128/><T101/><D116/><U26/><E129/><V131/><F131/><W23/><G134/><T7/><D130/><U63/><E50/><V54/><F40/><W98/><G85/><T75/><D70/><U0/><E26/><V135/><F135/><W99/><G29/><T2/><D132/><U61/><REACH who="1" step="1"/><E11/><REACH who="1" ten="250,240,250,250" step="2"/><V43/><F36/><W52/><G32/><T102/><D14/><U96/><AGARI ba="0,1" hai="0,4,5,9,10,15,56,61,62,63,64,94,96,100" machi="96" ten="30,8000,1" yaku="1,1,2,1,0,1,52,2,53,0" doraHai="3" doraHaiUra="82" who="1" fromWho="1" sc="250,-40,240,90,250,-20,250,-20" /><INIT seed="1,0,0,4,1,101" ten="210,330,230,230" oya="1" hai0="111,72,85,1,112,36,35,106,24,17,127,109,102" hai1="81,45,9,82,14,89,19,83,10,76,132,70,34" hai2="0,16,107,103,95,59,108,38,74,114,69,93,80" hai3="40,11,48,94,22,39,41,32,3,12,117,13,133"/><U131/><E131/><V100/><F69/><W30/><G133/><T98/><D112/><U99/><E132/><V2/><F38/><W44/><G117/><T97/><D72/><U115/><E34/><V86/><F114/><W51/><G32/><T42/><D1/><U7/><E70/><V71/><F71/><W126/><G126/><T56/><D127/><U47/><E115/><V75/><F108/><N who="0" m="41546" /><D85/><U130/><E130/><V122/><F59/><W66/><G66/><T135/><D135/><U123/><E123/><V4/><F86/><W18/><G30/><N who="0" m="19911" /><D97/><U46/><E89/><V60/><F4/><W20/><G3/><T77/><D77/><U28/><E28/><V67/><F67/><W91/><G40/><T116/><D17/><U68/><E68/><V29/><F29/><W49/><REACH who="3" step="1"/><G13/><REACH who="3" ten="210,330,230,220" step="2"/><T118/><D56/><U105/><E14/><V61/><F122/><W58/><G58/><T121/><D121/><U21/><E46/><AGARI ba="0,1" hai="36,42,46,98,102,106,116,118" m="19911,41546" machi="46" ten="30,3900,0" yaku="14,1,23,1,52,1" doraHai="101" who="0" fromWho="1" sc="210,49,330,-39,230,0,220,0" /><INIT seed="2,0,0,3,4,23" ten="259,291,230,220" oya="2" hai0="32,27,62,130,16,92,128,91,81,78,31,129,100" hai1="52,48,56,120,131,17,38,119,45,109,134,47,122" hai2="39,61,133,37,132,11,127,36,33,7,44,20,97" hai3="87,93,75,53,2,54,116,77,42,51,111,126,72"/><V58/><F33/><W82/><G116/><T4/><D4/><U103/><E119/><V86/><F20/><W99/><G111/><T101/><D62/><U15/><E109/><V76/><F97/><W0/><G126/><T10/><D10/><U1/><E134/><N who="2" m="51819" /><F127/><W21/><G42/><T85/><REACH who="0" step="1"/><D16/><REACH who="0" ten="249,291,230,220" step="2"/><U63/><E17/><V125/><F125/><W80/><G0/><T106/><D106/><U43/><E63/><V19/><F19/><W3/><G2/><T49/><D49/><U95/><E48/><V98/><F11/><W70/><G3/><T5/><D5/><U50/><E50/><V35/><F7/><W6/><G6/><T102/><D102/><U118/><E103/><V114/><F114/><W14/><G51/><T110/><D110/><U13/><E1/><V12/><F44/><W22/><G14/><T24/><D24/><U67/><E47/><V69/><F12/><W113/><G113/><T79/><D79/><U65/><E45/><V121/><F121/><W124/><G124/><T108/><D108/><U25/><E122/><V135/><F135/><W57/><G70/><T26/><D26/><U84/><E120/><V55/><F69/><W112/><G112/><T34/><D34/><U115/><E13/><V68/><F68/><W89/><G57/><T83/><D83/><U59/><E59/><V9/><F9/><W64/><G80/><T73/><AGARI ba="0,1" hai="27,31,32,73,78,81,85,91,92,100,101,128,129,130" machi="73" ten="30,7900,0" yaku="1,1,0,1,19,1,52,1,53,0" doraHai="23" doraHaiUra="66" who="0" fromWho="0" sc="249,89,291,-20,230,-39,220,-20" /><INIT seed="3,0,0,3,4,14" ten="338,271,191,200" oya="3" hai0="49,84,43,40,82,48,81,44,33,7,97,54,4" hai1="91,60,74,79,80,35,100,75,102,103,119,68,45" hai2="106,47,98,57,104,13,65,19,122,17,61,108,5" hai3="46,115,64,58,96,67,131,125,32,109,129,21,113"/><W3/><G32/><T63/><D33/><U123/><E123/><V15/><F122/><W105/><G3/><T39/><D39/><U134/><E35/><V55/><F106/><W25/><G125/><T72/><D72/><N who="1" m="43111" /><E45/><V38/><F108/><W11/><G11/><T107/><D63/><U0/><E60/><V133/><F133/><W12/><G12/><N who="2" m="4681" /><F104/><W50/><G109/><T10/><D10/><U124/><E68/><V56/><F38/><W95/><G105/><T20/><D20/><U85/><E0/><V8/><F47/><W71/><G129/><T77/><D40/><U93/><E134/><V86/><F5/><W94/><G71/><T118/><D43/><U127/><E119/><V130/><F130/><W6/><G6/><T87/><D118/><U66/><E66/><N who="3" m="25130" /><G131/><T52/><D44/><U24/><E24/><V28/><F28/><N who="3" m="17455" /><G115/><T117/><D117/><U76/><E76/><V1/><F1/><W83/><G113/><T37/><D107/><U110/><E110/><V27/><F27/><W121/><G121/><T114/><D37/><U29/><E29/><V111/><F111/><W31/><G31/><T120/><D120/><U116/><E116/><V70/><F70/><W78/><G58/><T9/><D9/><U99/><E127/><V41/><F41/><N who="3" m="24911" /><G96/><T135/><D135/><U18/><E124/><V59/><F8/><W23/><G23/><T73/><D97/><U36/><E36/><V101/><F57/><W89/><G78/><N who="0" m="46135" /><D73/><N who="1" m="27659" /><E99/><V132/><F132/><W126/><G126/><T2/><D2/><U112/><E112/><V51/><F86/><AGARI ba="0,0" hai="83,86,89,94,95" m="24911,17455,25130" machi="86" ten="30,2900,0" yaku="6,1,8,1" doraHai="14" who="3" fromWho="2" sc="338,0,271,0,191,-29,200,29" /><INIT seed="3,1,0,1,4,130" ten="338,271,162,229" oya="3" hai0="85,32,91,125,5,61,104,29,43,68,0,39,133" hai1="17,92,44,16,36,7,40,58,19,123,116,100,49" hai2="79,66,47,3,67,10,51,75,30,15,50,94,28" hai3="26,114,119,89,122,69,107,57,8,33,35,120,56"/><W72/><G72/><T18/><D104/><U132/><E132/><V13/><F3/><W65/><G107/><T127/><D133/><U117/><E123/><V115/><F115/><W121/><G114/><T11/><D18/><U98/><E7/><V38/><F38/><W126/><G119/><N who="1" m="45642" /><E58/><V45/><F75/><W71/><G126/><N who="0" m="48139" /><D43/><U23/><E49/><V9/><F94/><W34/><G26/><AGARI ba="1,0" hai="16,17,19,23,26,36,40,44,92,98,100" m="45642" machi="26" ten="30,2000,0" yaku="12,1,54,1" doraHai="130" who="1" fromWho="3" sc="338,0,271,23,162,0,229,-23" owari="338,43.8,294,9.4,162,-33.8,206,-19.4" /></mjloggm>