<mjloggm ver="2.3"><GO type="225" lobby="0"/><UN n0="%E3%81%B5%E3%81%98%E3%81%8B%E3%81%A4" n1="%E3%83%A9%E3%83%BC%E3%83%A1%E3%83%B3%E4%BA%94%E9%83%8E" n2="%77%72%77%72%77%72%77%72" n3="%72%65%6E%6B%75%6E" dan="16,16,17,17" rate="2162.86,2103.06,2198.48,2220.65" sx="M,M,M,M"/><TAIKYOKU oya="0"/><INIT seed="0,0,0,3,4,24" ten="250,250,250,250" oya="0" hai0="6,107,87,29,121,103,48,72,67,30,85,13,73" hai1="100,123,113,90,36,43,112,118,105,78,52,60,108" hai2="46,92,94,116,124,31,129,41,8,63,42,26,5" hai3="84,55,83,66,38,68,101,21,99,25,80,69,12"/><T15/><D121/><U104/><E118/><V61/><F116/><W65/><G38/><T75/><D67/><U4/><E123/><V102/><F129/><W22/><G55/><T62/><D62/><U120/><E120/><V44/><F124/><W64/><G12/><T119/><D119/><U115/><E108/><V20/><F102/><W109/><G109/><T126/><D126/><U28/><E78/><V16/><F46/><W88/><G80/><T32/><D48/><U33/><E4/><V59/><F63/><W56/><G56/><T71/><D71/><U96/><E105/><V0/><F16/><W9/><G9/><T54/><D54/><U7/><E7/><V130/><F130/><W122/><G22/><T95/><D32/><U134/><E134/><V58/><F58/><W50/><G50/><T53/><D53/><U37/><E90/><V117/><F117/><W98/><G98/><N who="0" m="59871" /><D107/><U14/><E14/><N who="0" m="5129" /><D6/><U51/><E60/><V106/><F106/><W111/><G111/><T10/><D10/><U49/><E43/><V70/><F70/><W19/><REACH who="3" step="1"/><G122/><REACH who="3" ten="250,250,250,240" step="2"/><T135/><D135/><U17/><E49/><V1/><F1/><W110/><G110/><T79/><D87/><U131/><E131/><V76/><F41/><W132/><G132/><T34/><D34/><U11/><E33/><V91/><F42/><W93/><AGARI ba="0,1" hai="19,21,25,64,65,66,68,69,83,84,88,93,99,101" machi="93" ten="30,4000,0" yaku="1,1,0,1,54,1,53,0" doraHai="24" doraHaiUra="39" who="3" fromWho="3" sc="250,-20,250,-10,250,-10,240,50" /><INIT seed="1,0,0,0,4,47" ten="230,240,240,290" oya="1" hai0="41,73,44,26,27,96,6,69,93,115,104,81,45" hai1="71,123,57,64,37,30,119,58,74,109,91,33,50" hai2="76,34,14,75,84,111,29,106,62,77,51,105,10" hai3="56,88,38,78,4,46,80,24,94,117,118,18,1"/><U134/><E119/><N who="3" m="45578" /><G56/><T98/><D115/><U97/><E123/><V133/><F75/><N who="3" m="43103" /><G4/><T39/><D69/><U114/><E74/><V122/><F122/><W103/><G1/><T66/><D66/><U130/><E114/><V36/><F36/><W22/><G103/><T79/><D6/><U20/><E33/><V102/><F111/><W72/><G72/><T67/><D67/><U124/><E37/><V82/><F133/><W113/><G113/><T0/><D0/><U12/><E134/><V135/><F135/><W87/><G46/><T107/><D107/><U99/><E109/><V40/><F102/><W61/><G61/><T3/><D3/><U28/><E71/><V110/><F62/><W90/><G90/><T95/><D104/><U23/><E91/><V32/><F76/><W59/><G59/><T121/><D121/><U8/><E64/><V70/><F70/><W65/><G65/><T16/><D45/><U68/><E68/><V17/><F110/><W42/><G42/><T54/><D54/><N who="1" m="31959" /><E58/><V85/><F106/><W53/><G53/><T128/><D39/><AGARI ba="0,0" hai="18,22,24,38,39,87,88,94" m="43103,45578" machi="39" ten="30,2000,0" yaku="12,1,54,1" doraHai="47" who="3" fromWho="0" sc="230,-20,240,0,240,0,290,20" /><INIT seed="2,0,0,3,5,121" ten="210,240,240,310" oya="2" hai0="110,0,90,6,38,64,49,9,95,88,112,69,32" hai1="2,20,28,15,134,23,36,41,57,84,40,72,42" hai2="118,19,33,75,18,48,97,128,103,131,119,3,81" hai3="129,100,22,104,125,109,135,89,24,93,54,120,47"/><V78/><F33/><W65/><G120/><T10/><D112/><U60/><E72/><V98/><F48/><W117/><G117/><T62/><D38/><U94/><E2/><V85/><F3/><W106/><G65/><T25/><D110/><U16/><E134/><V77/><F75/><W50/><G135/><T91/><D10/><U4/><E4/><V122/><F122/><W31/><G125/><T79/><D79/><U51/><E36/><V34/><F34/><W86/><G129/><N who="2" m="49737" /><F77/><W73/><G73/><T45/><D32/><U70/><E70/><V8/><F97/><W76/><G76/><T108/><D25/><N who="1" m="16423" /><E51/><V55/><F55/><W35/><G109/><T43/><REACH who="0" step="1"/><D108/><REACH who="0" ten="200,240,240,310" step="2"/><U82/><E23/><V116/><F8/><W107/><REACH who="3" step="1"/><G35/><REACH who="3" ten="200,240,240,300" step="2"/><T14/><D14/><U130/><E15/><V68/><F119/><W46/><G46/><T71/><D71/><U5/><E130/><V1/><F68/><W53/><G53/><T59/><D59/><U39/><E57/><V87/><F118/><W124/><G124/><T111/><D111/><U27/><E41/><V37/><F116/><W80/><G80/><T12/><D12/><U114/><E82/><N who="2" m="47319" /><F1/><W133/><G133/><T132/><D132/><U56/><E40/><V66/><F66/><W7/><G7/><T74/><D74/><U92/><E5/><V44/><F44/><W102/><AGARI ba="0,2" hai="22,24,31,47,50,54,86,89,93,100,102,104,106,107" machi="102" ten="40,2700,0" yaku="1,1,0,1,53,0" doraHai="121" doraHaiUra="123" who="3" fromWho="3" sc="200,-7,240,-7,240,-13,300,47" /><INIT seed="3,0,0,0,2,97" ten="193,233,227,347" oya="3" hai0="29,28,23,46,21,82,124,26,131,121,19,106,88" hai1="51,109,8,12,80,104,39,67,49,68,13,55,128" hai2="0,59,83,52,95,85,18,127,92,89,61,56,71" hai3="87,34,58,134,31,101,115,69,135,15,7,102,50"/><W112/><G69/><T20/><D106/><U86/><E104/><V100/><F71/><W117/><G117/><T110/><D121/><U77/><E39/><V94/><F0/><W116/><G116/><T24/><D110/><U48/><E109/><V81/><F127/><W43/><G87/><T47/><D124/><U78/><E128/><V36/><F36/><W125/><G125/><T22/><D131/><U3/><E3/><V119/><F119/><W40/><G31/><T2/><D2/><U65/><E68/><V96/><F81/><W11/><G34/><T118/><D118/><U53/><E77/><V10/><F59/><W105/><G105/><T113/><D113/><U120/><E13/><AGARI ba="0,0" hai="10,13,18,52,56,61,83,85,89,92,94,95,96,100" machi="13" ten="40,5200,0" yaku="8,1,52,1,54,1" doraHai="97" who="2" fromWho="1" sc="193,0,233,-52,227,52,347,0" owari="193,-20.7,181,-31.9,279,7.9,347,44.7" /></mjloggm>