<mjloggm ver="2.3"><GO type="225" lobby="0"/><UN n0="%E9%89%A2%E5%B7%BB%E3%82%AC%E3%83%96" n1="%72%69%6F%75%63%68%61%6E" n2="%E6%B4%BE%E9%81%A3%E3%81%AE%E3%82%B8%E3%83%A3%E3%83%83%E3%82%AF" n3="%6E%69%63%6B%6C%6F%77" dan="16,17,16,16" rate="2089.55,2200.53,2148.04,2120.57" sx="M,M,M,F"/><TAIKYOKU oya="0"/><INIT seed="0,0,0,0,0,72" ten="250,250,250,250" oya="0" hai0="130,117,26,113,116,83,4,109,53,10,42,29,2" hai1="17,84,95,96,135,12,6,92,76,105,20,85,25" hai2="131,31,19,24,118,52,124,58,3,50,5,63,110" hai3="80,44,78,132,104,45,1,46,106,101,8,90,65"/><T56/><D113/><U86/><E135/><V134/><F110/><W38/><G132/><T36/><D130/><U28/><E6/><V108/><F108/><W123/><G38/><T55/><D109/><U62/><E105/><V43/><F134/><W47/><G123/><T94/><D94/><U14/><E14/><V13/><F124/><W128/><G128/><T79/><D42/><U18/><E18/><V68/><F131/><W91/><G65/><T122/><D36/><U87/><E62/><V89/><F118/><W39/><G39/><T49/><D55/><U125/><E125/><V34/><F89/><W0/><N who="3" m="11264" /><DORA hai="133" /><W51/><G51/><T129/><D129/><U107/><E107/><V33/><F43/><W71/><G71/><T98/><D98/><U126/><E126/><V67/><F3/><W102/><G106/><T103/><D103/><U11/><REACH who="1" step="1"/><E96/><REACH who="1" ten="250,240,250,250" step="2"/><V66/><F5/><W21/><G104/><T23/><REACH who="0" step="1"/><D122/><REACH who="0" ten="240,240,250,250" step="2"/><U40/><E40/><V15/><F66/><W111/><G111/><T114/><D114/><U48/><E48/><V35/><REACH who="2" step="1"/><F15/><REACH who="2" ten="240,240,240,250" step="2"/><W75/><G0/><T9/><D9/><AGARI ba="0,3" hai="9,13,19,24,31,33,34,35,50,52,58,63,67,68" machi="9" ten="30,8000,1" yaku="1,1,2,1,7,1,54,1,53,1" doraHai="72,133" doraHaiUra="27,127" who="2" fromWho="0" sc="240,-80,240,0,240,110,250,0" /><INIT seed="1,0,0,1,0,54" ten="160,240,350,250" oya="1" hai0="33,97,43,115,66,124,121,98,79,58,61,117,132" hai1="95,130,2,64,1,12,120,89,17,39,30,112,42" hai2="10,38,118,8,99,134,37,106,96,93,60,20,80" hai3="57,110,135,114,4,83,6,56,77,25,27,59,73"/><U7/><E112/><V63/><F118/><W126/><G114/><T82/><D115/><U76/><E130/><V41/><F134/><W72/><G135/><T87/><D117/><U105/><E120/><V92/><F106/><W0/><G110/><T100/><D132/><U119/><E119/><V116/><F116/><W122/><G122/><T103/><D121/><U15/><E105/><V104/><F104/><W108/><G108/><T19/><D33/><U9/><E76/><V24/><F80/><W35/><G126/><T85/><D124/><U47/><E30/><V133/><F133/><W67/><G67/><T51/><D87/><U45/><E45/><V70/><F70/><W94/><G72/><T131/><D131/><U113/><E64/><V125/><F125/><W88/><G35/><T32/><D32/><U26/><E26/><V52/><F41/><W78/><G78/><T18/><D98/><U74/><E74/><V107/><F107/><W55/><G55/><T36/><D36/><U75/><E75/><V22/><F52/><W102/><G102/><N who="0" m="38955" /><D97/><U69/><E69/><V53/><F53/><W84/><REACH who="3" step="1"/><G6/><REACH who="3" ten="160,240,350,240" step="2"/><T127/><D127/><U31/><E113/><V81/><F81/><W5/><G5/><T34/><D34/><U109/><E109/><V46/><F46/><AGARI ba="0,1" hai="18,19,43,46,51,58,61,66,79,82,85" m="38955" machi="46" ten="30,2000,0" yaku="8,1,52,1" doraHai="54" who="0" fromWho="2" sc="160,30,240,0,350,-20,240,0" /><INIT seed="2,0,0,3,2,129" ten="190,240,330,240" oya="2" hai0="37,11,29,6,135,95,77,57,112,86,34,26,130" hai1="46,4,98,99,39,2,64,55,115,124,90,56,5" hai2="12,113,128,7,91,22,100,31,101,131,123,1,49" hai3="85,45,107,60,3,21,23,111,8,121,93,120,53"/><V116/><F116/><W74/><G74/><T88/><D112/><U81/><E115/><V119/><F119/><W18/><G107/><T109/><D130/><U104/><E124/><V51/><F113/><W43/><G111/><T50/><D37/><U42/><E64/><V73/><F73/><W71/><G23/><T62/><D109/><U27/><E2/><V28/><F123/><W102/><G8/><T15/><D135/><U41/><E41/><V16/><F128/><W32/><G32/><T127/><D127/><U65/><E65/><V118/><F118/><W14/><G3/><T10/><D50/><N who="2" m="18954" /><F1/><W79/><G71/><T75/><D11/><U58/><E58/><V122/><F122/><W24/><G24/><T47/><D47/><U110/><E110/><V106/><F106/><W87/><G60/><T35/><D75/><U97/><E104/><V105/><F105/><W9/><G53/><T25/><D77/><U114/><E114/><V92/><F7/><W17/><G45/><T94/><D26/><U117/><E27/><V67/><F67/><W40/><G121/><T30/><D30/><N who="2" m="11306" /><F131/><W70/><G70/><T38/><D38/><U126/><E117/><V48/><F48/><W108/><G108/><T66/><REACH who="0" step="1"/><D35/><REACH who="0" ten="180,240,330,240" step="2"/><U61/><E126/><V63/><F63/><W84/><G79/><T68/><D68/><U125/><E125/><V89/><F89/><W134/><G120/><T82/><AGARI ba="0,1" hai="6,10,15,25,29,34,57,62,66,82,86,88,94,95" machi="82" ten="20,5200,0" yaku="1,1,0,1,7,1,54,1,53,0" doraHai="129" doraHaiUra="33" who="0" fromWho="0" sc="180,62,240,-13,330,-26,240,-13" /><INIT seed="3,0,0,4,3,61" ten="242,227,304,227" oya="3" hai0="127,38,20,135,134,116,88,129,67,75,126,121,81" hai1="118,97,64,101,90,107,56,106,119,49,79,22,100" hai2="55,85,57,132,108,6,11,40,130,71,58,115,128" hai3="34,76,23,43,47,105,124,68,9,30,13,16,95"/><W94/><G105/><T131/><D116/><N who="1" m="44587" /><E79/><V31/><F108/><W120/><G120/><T86/><D121/><U15/><E90/><V25/><F71/><W18/><G68/><T93/><D38/><U113/><E113/><V69/><F69/><W70/><G70/><T78/><D67/><U37/><E37/><V122/><F40/><W2/><G34/><T114/><D20/><U98/><E49/><V48/><F115/><W12/><G124/><N who="0" m="47659" /><D114/><U65/><E56/><V39/><F39/><W99/><G2/><T28/><D28/><U3/><E3/><V91/><F132/><AGARI ba="0,0" hai="75,78,81,86,88,93,129,131,132,134,135" m="47659" machi="132" ten="30,12000,2" yaku="30,2,20,1,18,1,34,2,54,1" doraHai="61" who="0" fromWho="2" sc="242,120,227,0,304,-120,227,0" owari="362,46.2,227,2.7,184,-31.6,227,-17.3" /></mjloggm>