<mjloggm ver="2.3"><GO type="225" lobby="0"/><UN n0="%E3%81%99%E3%81%84%E3%81%BE%E3%81%9B%E3%83%BC%E3%82%93" n1="%E3%81%A1%E3%82%85%E3%81%86%E3%81%A9%E3%81%8F%E8%B1%A1%E3%81%95%E3%82%93" n2="%33%74%72%65%65" n3="%30%2E%31%32%30" dan="16,17,17,16" rate="2144.53,2123.21,2174.92,2062.77" sx="M,M,F,M"/><TAIKYOKU oya="0"/><INIT seed="0,0,0,4,5,91" ten="250,250,250,250" oya="0" hai0="35,126,67,53,81,13,99,20,110,23,94,93,4" hai1="131,109,103,57,116,55,26,71,17,3,62,52,83" hai2="69,113,15,64,92,0,21,75,19,37,49,73,101" hai3="60,31,79,5,82,8,102,12,56,7,77,51,119"/><T100/><D126/><U90/><E116/><V74/><F37/><W50/><G119/><T117/><D117/><U70/><E3/><V125/><F113/><W14/><G102/><T127/><D35/><U10/><E109/><V89/><F125/><W97/><G97/><T133/><D133/><U40/><E131/><V58/><F0/><W130/><G130/><T129/><D129/><U1/><E103/><V65/><F101/><W24/><G12/><T88/><D127/><U105/><E105/><V54/><REACH who="2" step="1"/><F69/><REACH who="2" ten="250,250,240,250" step="2"/><W32/><G5/><T59/><D4/><U38/><E71/><V122/><F122/><W104/><G104/><T39/><D39/><U61/><E70/><V45/><F45/><W115/><G115/><T28/><D110/><U29/><E38/><V123/><F123/><W42/><G42/><T72/><D100/><U128/><E40/><V107/><F107/><W47/><G47/><T80/><D59/><U114/><E114/><V84/><AGARI ba="0,1" hai="15,19,21,49,54,58,64,65,73,74,75,84,89,92" machi="84" ten="30,8000,1" yaku="1,1,0,1,25,2,52,1,53,0" doraHai="91" doraHaiUra="27" who="2" fromWho="2" sc="250,-40,250,-20,240,90,250,-20" /><INIT seed="1,0,0,1,5,83" ten="210,230,330,230" oya="1" hai0="32,134,113,111,129,9,51,115,109,88,43,46,105" hai1="84,64,5,47,55,8,40,97,65,103,100,75,24" hai2="14,72,87,118,36,25,69,130,54,39,30,11,56" hai3="41,37,128,16,67,2,108,4,74,18,110,107,59"/><U94/><E75/><V19/><F72/><W93/><G107/><T80/><D105/><U12/><E55/><V92/><F69/><W90/><G74/><T20/><D32/><U49/><E103/><V126/><F118/><W86/><G128/><T3/><D129/><U112/><E112/><V66/><F66/><W34/><G34/><T76/><D134/><U104/><E24/><V26/><F126/><W33/><G33/><T62/><D62/><U50/><E50/><V29/><F39/><W70/><G70/><T102/><D102/><U6/><E6/><V27/><F36/><W21/><G59/><T7/><D20/><U114/><E114/><V106/><F106/><W96/><G67/><N who="1" m="25674" /><E104/><V53/><F130/><W82/><G41/><T124/><D124/><U31/><E31/><N who="2" m="11787" /><F56/><W63/><G63/><T38/><D38/><U77/><E77/><V78/><F78/><W132/><G37/><T0/><D0/><U28/><E28/><V135/><F135/><W123/><G132/><T60/><D60/><U45/><E47/><V121/><F121/><W120/><G120/><T119/><D119/><U98/><E98/><V101/><F101/><N who="3" m="60559" /><G123/><T79/><D115/><U127/><E127/><V95/><F53/><W99/><G99/><T71/><D71/><U125/><E125/><V57/><F54/><W61/><G61/><T89/><D113/><U133/><E133/><V10/><F57/><W73/><G73/><N who="0" m="43023" /><D79/><U17/><E5/><V117/><F117/><W81/><G4/><T1/><D1/><U131/><E131/><V58/><F58/><W35/><G35/><RYUUKYOKU ba="0,0" sc="210,15,230,15,330,-15,230,-15" hai0="3,7,9,43,46,51,88,89,109,111" hai1="8,12,17,40,45,49,84,94,97,100" /><INIT seed="1,1,0,2,2,28" ten="225,245,315,215" oya="1" hai0="85,63,92,40,86,84,99,0,112,64,127,120,109" hai1="96,119,3,43,94,32,56,115,68,70,69,80,105" hai2="77,130,54,76,134,87,51,97,93,107,53,122,75" hai3="58,17,123,102,118,89,18,60,41,22,21,73,72"/><U124/><E115/><V52/><F122/><W106/><G123/><T39/><D112/><U12/><E119/><V79/><F75/><W117/><G41/><T25/><D120/><U10/><E3/><V111/><F111/><W9/><G9/><T114/><D114/><U7/><E105/><V8/><F130/><W50/><G50/><T74/><D74/><N who="3" m="28777" /><G89/><T15/><D0/><U37/><E124/><V101/><F134/><W91/><G91/><T108/><D127/><U57/><E80/><N who="2" m="47495" /><F107/><W20/><G102/><T45/><D15/><U16/><E7/><V42/><F8/><W30/><G106/><T132/><D132/><U67/><E32/><V128/><F128/><W61/><G30/><T90/><REACH who="0" step="1"/><D25/><REACH who="0" ten="215,245,315,215" step="2"/><U66/><E66/><V49/><F51/><W36/><G36/><T24/><D24/><U65/><E65/><V26/><F26/><W27/><G27/><T29/><D29/><U62/><E68/><AGARI ba="1,1" hai="39,40,45,63,64,68,84,85,86,90,92,99,108,109" machi="68" ten="40,1300,0" yaku="1,1,53,0" doraHai="28" doraHaiUra="47" who="0" fromWho="1" sc="215,26,245,-16,315,0,215,0" /><INIT seed="2,0,0,2,4,69" ten="241,229,315,215" oya="2" hai0="30,57,118,50,55,67,13,121,94,107,1,78,128" hai1="116,102,15,79,127,8,65,88,6,99,86,82,59" hai2="18,75,37,87,12,135,90,74,46,134,97,77,105" hai3="60,81,31,125,68,130,45,124,71,115,122,11,9"/><V47/><F77/><W120/><G81/><T53/><D107/><U100/><E116/><V117/><F117/><W52/><G115/><T26/><D1/><U32/><E32/><V21/><F97/><W106/><G106/><T83/><D121/><N who="3" m="46697" /><G31/><T35/><D128/><U62/><E127/><N who="3" m="48714" /><G130/><T80/><D118/><U72/><REACH who="1" step="1"/><E99/><REACH who="1" ten="241,219,315,215" step="2"/><V95/><F134/><W34/><G34/><T85/><D35/><U109/><E109/><V38/><F135/><W0/><G0/><T49/><D78/><U28/><E28/><V103/><F105/><W104/><G104/><T2/><D30/><U40/><E40/><V5/><F103/><W61/><G9/><T27/><D2/><U63/><E63/><N who="3" m="24138" /><G11/><T44/><D83/><AGARI ba="0,1" hai="6,8,15,59,62,65,72,79,82,83,86,88,100,102" machi="83" ten="30,7700,0" yaku="1,1,7,1,54,1,53,1" doraHai="69" doraHaiUra="54" who="1" fromWho="0" sc="241,-77,219,87,315,0,215,0" /><INIT seed="3,0,0,2,4,116" ten="164,306,315,215" oya="3" hai0="15,135,126,130,33,7,24,96,72,25,19,53,108" hai1="39,51,47,110,10,123,119,104,21,74,132,89,113" hai2="109,20,91,29,1,101,40,118,90,69,107,56,14" hai3="54,63,103,35,82,27,95,62,32,37,79,111,22"/><W44/><G111/><T122/><D72/><U106/><E123/><V87/><F118/><W121/><G121/><T115/><D122/><U16/><E119/><V0/><F69/><W124/><G124/><T6/><D126/><U13/><E113/><V68/><F68/><W93/><G35/><T114/><D96/><U84/><E74/><V92/><F40/><W48/><G32/><T9/><D53/><U11/><E39/><V42/><F42/><W61/><G37/><T58/><D58/><U97/><E110/><V75/><F75/><W17/><REACH who="3" step="1"/><G103/><REACH who="3" ten="164,306,315,205" step="2"/><T64/><D108/><U99/><E132/><V57/><F109/><W67/><G67/><T128/><D64/><U34/><E34/><V105/><F101/><W30/><G30/><N who="0" m="19655" /><D135/><U125/><E125/><V3/><F29/><W41/><G41/><T55/><D55/><N who="1" m="30207" /><E106/><V65/><F107/><W46/><G46/><T83/><D83/><N who="1" m="49311" /><E104/><V31/><F105/><W66/><G66/><T78/><D78/><U86/><E86/><AGARI ba="0,1" hai="17,22,27,44,48,54,61,62,63,79,82,86,93,95" machi="86" ten="40,3900,0" yaku="1,1,8,1,53,0" doraHai="116" doraHaiUra="129" who="3" fromWho="1" sc="164,0,306,-39,315,0,205,49" /><INIT seed="3,1,0,3,0,68" ten="164,267,315,254" oya="3" hai0="75,112,13,77,6,83,23,24,101,12,117,45,5" hai1="48,81,53,107,95,82,72,89,70,51,129,131,2" hai2="17,3,110,96,19,133,14,122,128,8,59,0,98" hai3="92,76,87,116,69,134,78,26,126,103,91,40,119"/><W63/><G40/><T123/><D123/><U16/><E70/><V97/><F110/><W74/><G26/><T34/><D117/><N who="3" m="45129" /><G63/><T121/><D121/><U106/><E2/><V18/><F122/><W29/><G29/><T15/><D112/><U22/><E72/><V36/><F36/><W30/><G30/><T28/><D34/><U55/><E95/><V11/><F128/><W135/><G69/><T4/><D101/><U108/><E89/><V42/><F42/><W125/><G103/><T67/><D67/><U56/><E108/><V58/><F133/><N who="3" m="50699" /><G76/><T113/><D113/><U32/><E32/><V57/><F14/><W85/><G74/><T102/><D102/><U104/><E53/><V21/><F21/><W100/><G100/><T65/><D65/><U37/><E37/><V33/><F33/><W99/><G99/><T39/><REACH who="0" step="1"/><D45/><REACH who="0" ten="154,267,315,254" step="2"/><U54/><E129/><V109/><F109/><W47/><G47/><T80/><D80/><AGARI ba="1,1" hai="78,80,85,87,91,92,125,126" m="50699,45129" machi="80" ten="40,7700,0" yaku="20,1,34,2" doraHai="68" who="3" fromWho="0" sc="154,-80,267,0,315,0,254,90" owari="74,-42.6,267,-13.3,315,11.5,344,44.4" /></mjloggm>