<mjloggm ver="2.3"><GO type="225" lobby="0"/><UN n0="%6D%75%75%6D%75%72%61" n1="%E3%81%AF%E3%82%88%E3%81%8A%E3%81%98%E3%81%95%E3%82%93" n2="%73%6C%69%63%6B%33%31%39" n3="%E3%81%BE%E3%81%A8%E3%81%9F" dan="17,16,17,16" rate="2235.62,2159.04,2192.84,2165.83" sx="F,M,M,M"/><TAIKYOKU oya="0"/><INIT seed="0,0,0,0,1,102" ten="250,250,250,250" oya="0" hai0="43,121,77,131,70,109,19,22,20,120,86,122,6" hai1="71,58,99,132,17,129,73,0,116,115,92,5,56" hai2="34,126,119,69,21,26,23,97,72,104,105,38,3" hai3="25,57,48,123,96,118,101,82,14,12,64,24,103"/><T47/><D131/><U67/><E116/><V62/><F38/><W88/><G118/><T128/><D128/><U59/><E129/><V2/><F119/><W44/><G123/><T30/><D70/><U8/><E73/><V124/><F72/><W66/><G101/><T63/><D109/><U84/><E132/><V98/><F34/><W37/><G37/><T10/><D63/><U55/><E115/><V29/><F62/><W100/><G100/><T40/><D30/><U87/><E55/><V89/><F69/><W117/><G117/><T85/><D77/><U51/><E51/><V94/><F23/><W107/><G57/><T74/><D74/><U111/><E111/><V27/><F27/><W13/><G25/><T28/><D28/><U134/><E134/><V42/><F42/><W32/><G24/><T130/><D130/><U65/><E17/><V46/><F46/><W61/><G32/><T53/><D53/><U93/><E93/><V52/><F52/><W35/><G35/><T11/><D19/><U114/><E114/><V79/><F79/><W125/><G125/><N who="2" m="48233" /><F97/><W76/><G61/><T75/><D75/><U31/><E31/><V16/><F29/><W41/><REACH who="3" step="1"/><G76/><REACH who="3" ten="250,250,250,240" step="2"/><T110/><D121/><U78/><E78/><V90/><F90/><W54/><G54/><T36/><D36/><U39/><E39/><V18/><F18/><W50/><G50/><T112/><D110/><U60/><E67/><V83/><F83/><W80/><G80/><T133/><D133/><U45/><E45/><V127/><F127/><W1/><G1/><AGARI ba="0,1" hai="1,2,3,16,21,26,89,94,98,104,105" m="48233" machi="1" ten="30,7700,0" yaku="18,1,52,2,54,1" doraHai="102" who="2" fromWho="3" sc="250,0,250,0,250,87,240,-77" /><INIT seed="1,0,0,3,0,74" ten="250,250,337,163" oya="1" hai0="9,113,29,46,38,49,59,22,13,45,11,70,16" hai1="64,69,79,109,35,78,1,126,12,120,41,80,105" hai2="118,44,33,58,60,100,5,4,17,10,125,90,106" hai3="40,62,25,132,24,47,39,121,20,56,134,3,27"/><U55/><E120/><V23/><F118/><W133/><G3/><T65/><D113/><U53/><E1/><V116/><F116/><W66/><REACH who="3" step="1"/><G121/><REACH who="3" ten="250,250,337,153" step="2"/><T99/><D9/><U28/><E126/><V76/><F10/><W128/><G128/><T34/><D11/><U52/><E109/><V131/><F131/><W42/><G42/><T71/><D71/><U91/><E41/><V122/><F125/><W67/><G67/><T92/><D65/><U43/><E43/><V54/><F122/><W96/><G96/><T82/><D99/><U135/><E64/><V112/><F112/><W108/><G108/><T37/><D70/><U86/><E69/><V87/><F54/><W94/><G94/><T21/><D92/><U2/><E2/><V0/><F0/><W102/><G102/><T72/><D37/><U73/><E105/><V103/><F103/><W115/><G115/><T111/><D38/><U63/><E63/><V124/><F100/><W30/><AGARI ba="0,1" hai="20,24,25,27,30,39,40,47,56,62,66,132,133,134" machi="30" ten="30,4000,0" yaku="1,1,0,1,20,1,53,0" doraHai="74" doraHaiUra="85" who="3" fromWho="3" sc="250,-10,250,-20,337,-10,153,50" /><INIT seed="2,0,0,0,1,116" ten="240,230,327,203" oya="2" hai0="86,51,125,11,67,5,105,56,100,54,62,4,42" hai1="74,131,87,103,31,16,55,38,83,65,45,28,1" hai2="93,39,3,109,25,124,46,92,78,53,9,72,34" hai3="114,12,60,14,95,2,76,77,101,58,121,107,118"/><V17/><F124/><W10/><G118/><T99/><D125/><U36/><E1/><V41/><F53/><W108/><G107/><T133/><D133/><U88/><E131/><V59/><F59/><W97/><G108/><T117/><D117/><U23/><E74/><V126/><F126/><W119/><G119/><T110/><D110/><U79/><E38/><V134/><F109/><W48/><G114/><T129/><D129/><U130/><E130/><V112/><F112/><W40/><G2/><T43/><D86/><N who="1" m="48511" /><E36/><V81/><F134/><W18/><G121/><T13/><REACH who="0" step="1"/><D5/><REACH who="0" ten="230,230,327,203" step="2"/><U19/><E87/><V96/><F72/><W94/><G94/><T21/><D21/><U84/><E23/><V22/><F92/><W27/><G27/><T33/><D33/><U123/><E84/><V73/><F34/><W111/><G111/><T91/><D91/><U106/><E88/><V64/><F93/><W127/><G127/><T26/><D26/><U89/><E89/><V47/><F22/><W82/><G82/><T32/><D32/><U85/><E85/><V30/><F25/><W70/><G76/><T68/><AGARI ba="0,1" hai="4,11,13,42,43,51,54,56,62,67,68,99,100,105" machi="68" ten="20,2700,0" yaku="1,1,0,1,7,1,53,0" doraHai="116" doraHaiUra="122" who="0" fromWho="0" sc="230,37,230,-7,327,-13,203,-7" /><INIT seed="3,0,0,0,4,85" ten="267,223,314,196" oya="3" hai0="87,61,39,2,120,134,86,84,37,24,135,53,12" hai1="19,58,108,64,60,113,47,127,45,46,75,89,14" hai2="99,25,129,32,132,68,63,40,90,71,70,44,1" hai3="121,4,100,93,17,66,128,38,112,6,34,130,122"/><W73/><G38/><T110/><D2/><U23/><E113/><V101/><F90/><W116/><G73/><T83/><D120/><N who="3" m="46185" /><G34/><T28/><D110/><U105/><E108/><V69/><F32/><W67/><G112/><T104/><D104/><U114/><E114/><V102/><F69/><W3/><G3/><T103/><D103/><U106/><E75/><V79/><F70/><W13/><G116/><T107/><D107/><U77/><E77/><V55/><F68/><W92/><G100/><T62/><D12/><U26/><E127/><V126/><F71/><W131/><G17/><T31/><D83/><U11/><REACH who="1" step="1"/><E89/><REACH who="1" ten="267,213,314,196" step="2"/><V95/><F126/><W56/><G13/><T118/><D118/><U54/><E54/><V133/><F55/><W115/><G115/><T5/><D53/><U88/><E88/><V48/><F1/><W18/><G18/><AGARI ba="0,1" hai="11,14,18,19,23,26,45,46,47,58,60,64,105,106" machi="18" ten="40,8000,1" yaku="1,1,53,3" doraHai="85" doraHaiUra="42" who="1" fromWho="3" sc="267,0,213,90,314,0,196,-80" owari="267,-13.3,303,10.3,314,41.4,116,-38.4" /></mjloggm>