<mjloggm ver="2.3"><GO type="225" lobby="0"/><UN n0="%72%65%6E%6B%75%6E" n1="%E3%81%B5%E3%81%98%E3%81%8B%E3%81%A4" n2="%6D%61%74%69%67%75%73%61" n3="%E8%A8%88%E7%AE%97%E6%A9%9F%E8%87%AA%E7%84%B6" dan="17,16,17,17" rate="2222.49,2159.68,2161.87,2176.73" sx="M,M,M,M"/><TAIKYOKU oya="0"/><INIT seed="0,0,0,3,1,37" ten="250,250,250,250" oya="0" hai0="73,17,85,10,131,39,20,92,70,77,7,45,33" hai1="98,3,133,56,128,25,28,97,132,123,88,79,135" hai2="68,50,54,89,129,64,59,110,15,121,48,108,63" hai3="36,23,22,81,95,58,113,19,24,87,55,102,21"/><T94/><D33/><U41/><E123/><V112/><F89/><W101/><G36/><T16/><D70/><U105/><E3/><V93/><F93/><W5/><G113/><T67/><D67/><U120/><E120/><V109/><F121/><W118/><G118/><T104/><D104/><U6/><E6/><V126/><F15/><W49/><G5/><T32/><D32/><U125/><E79/><V119/><F112/><W14/><G95/><T11/><D73/><U84/><E56/><V66/><F119/><W12/><G14/><N who="0" m="5471" /><D39/><U27/><E125/><V116/><F116/><W2/><G2/><T31/><D45/><U80/><E128/><V122/><F122/><W35/><G35/><T26/><D131/><U0/><E0/><V134/><F129/><W44/><G58/><T83/><D11/><U34/><E25/><V78/><F78/><W40/><G55/><T42/><D42/><U29/><E29/><V61/><F134/><W127/><G127/><T43/><D43/><U69/><E41/><V103/><F103/><N who="3" m="39435" /><G24/><T13/><D31/><U114/><E114/><V8/><F8/><W130/><G130/><T9/><AGARI ba="0,0" hai="9,13,16,17,20,26,77,83,85,92,94" m="5471" machi="9" ten="30,3000,0" yaku="8,1,54,1" doraHai="37" who="0" fromWho="0" sc="250,30,250,-10,250,-10,250,-10" /><INIT seed="0,1,0,1,3,52" ten="280,240,240,240" oya="0" hai0="6,15,101,54,91,51,70,95,40,68,5,83,98" hai1="126,110,90,42,79,73,26,96,49,19,103,64,129" hai2="47,60,135,39,18,131,116,9,78,66,87,20,35" hai3="122,102,30,106,25,72,63,57,56,37,46,93,14"/><T114/><D114/><U59/><E110/><V36/><F35/><W28/><G72/><T34/><D34/><U24/><E126/><V118/><F9/><W44/><G106/><T107/><D40/><U31/><E129/><V69/><F135/><W43/><G122/><T29/><D29/><U88/><E73/><V7/><F7/><W125/><G125/><T97/><D83/><U23/><E79/><V117/><F47/><W33/><G28/><T120/><D120/><U85/><E42/><V113/><F113/><W112/><G112/><T11/><REACH who="0" step="1"/><D6/><REACH who="0" ten="270,240,240,240" step="2"/><U55/><E31/><V94/><F131/><W84/><G43/><T124/><D124/><U48/><E26/><V133/><F133/><W128/><G25/><T92/><D92/><N who="1" m="58759" /><E64/><V119/><F119/><W22/><G30/><T12/><D12/><U0/><E0/><V4/><F4/><W13/><G14/><T62/><D62/><N who="1" m="36223" /><E90/><N who="2" m="53599" /><F78/><W61/><G128/><T121/><D121/><U130/><E130/><V127/><F127/><W71/><G33/><T1/><D1/><U82/><AGARI ba="1,1" hai="19,23,24,48,49,82,85,88" m="36223,58759" machi="82" ten="30,4000,0" yaku="8,1,52,1,54,1" doraHai="52" who="1" fromWho="1" sc="270,-21,240,53,240,-11,240,-11" /><INIT seed="1,0,0,2,3,95" ten="249,293,229,229" oya="1" hai0="47,60,128,118,1,111,103,20,0,36,29,90,2" hai1="62,126,40,28,59,74,81,18,8,85,78,80,99" hai2="44,132,98,66,16,121,32,65,61,108,112,17,13" hai3="88,97,93,26,104,131,105,52,69,70,77,96,45"/><U24/><E126/><V122/><F32/><W10/><G131/><T109/><D118/><U91/><E40/><V79/><F79/><W27/><G77/><T68/><D128/><U124/><E124/><V50/><F108/><N who="0" m="41546" /><D103/><U55/><E8/><V127/><F127/><W38/><G10/><T73/><D73/><U4/><E4/><V72/><F72/><W23/><G38/><T119/><D119/><U7/><E7/><V30/><F30/><W12/><G12/><T56/><D68/><U101/><E18/><V71/><F65/><W57/><G45/><T83/><D83/><U133/><E133/><V42/><F112/><W21/><G69/><T64/><D90/><U5/><E5/><V6/><F132/><W33/><G70/><T75/><D75/><U9/><E9/><V58/><F6/><W41/><G41/><N who="0" m="22951" /><D29/><U130/><E130/><V110/><F110/><W125/><G125/><T94/><D94/><U84/><E74/><V63/><F17/><N who="3" m="12591" /><G33/><T76/><D76/><U100/><E99/><V49/><F98/><N who="3" m="57639" /><G105/><T67/><D20/><AGARI ba="0,0" hai="20,24,28,55,59,62,78,80,81,84,85,91,100,101" machi="20" ten="30,2900,0" yaku="7,1,8,1" doraHai="95" who="1" fromWho="0" sc="249,-29,293,29,229,0,229,0" /><INIT seed="1,1,0,1,4,35" ten="220,322,229,229" oya="1" hai0="19,59,127,49,135,40,20,1,33,109,23,54,52" hai1="31,67,125,2,15,48,75,106,30,128,0,32,120" hai2="18,107,83,131,62,88,44,46,57,25,38,7,47" hai3="74,77,129,100,8,4,82,102,42,95,70,124,96"/><U119/><E120/><V110/><F107/><W112/><G112/><T39/><D33/><U55/><E106/><V116/><F116/><W117/><G70/><T111/><D127/><U99/><E75/><V29/><F110/><N who="0" m="41994" /><D135/><U10/><E119/><V130/><F18/><W84/><G117/><T45/><D1/><U81/><E67/><V123/><F123/><W43/><G129/><N who="2" m="49161" /><F7/><W27/><G124/><T53/><D23/><U133/><E133/><V63/><F38/><W87/><G102/><T37/><D37/><U132/><E132/><V56/><F25/><AGARI ba="1,0" hai="19,20,25,39,40,45,49,52,53,54,59" m="41994" machi="25" ten="30,2000,0" yaku="14,1,54,1" doraHai="35" who="0" fromWho="2" sc="220,23,322,0,229,-23,229,0" /><INIT seed="2,0,0,5,0,51" ten="243,322,206,229" oya="2" hai0="4,46,115,126,93,69,75,108,27,58,86,113,124" hai1="53,130,25,112,14,106,76,80,65,96,100,41,135" hai2="22,87,57,0,77,16,60,133,11,123,17,19,71" hai3="63,5,2,59,90,72,122,78,89,33,70,97,102"/><V50/><F123/><W92/><G33/><T127/><D69/><U95/><E112/><V21/><F133/><W23/><G70/><T40/><D75/><U26/><E135/><V42/><F71/><W79/><G122/><T66/><D108/><U132/><E41/><V116/><F116/><W38/><G38/><N who="0" m="21783" /><D4/><U44/><E65/><V83/><F11/><W125/><G125/><T68/><D68/><U85/><E130/><V91/><F0/><W118/><G118/><T129/><D129/><U105/><E14/><V81/><F50/><W31/><G5/><T109/><D109/><U134/><E134/><V120/><F42/><W36/><G36/><T119/><D119/><U52/><E106/><V67/><REACH who="2" step="1"/><F120/><REACH who="2" ten="243,322,196,229" step="2"/><W3/><G2/><T13/><D113/><U7/><E132/><V56/><F56/><W39/><G3/><T88/><D115/><U15/><E44/><V18/><N who="2" m="4096" /><DORA hai="101" /><V43/><F43/><W94/><G39/><T55/><D13/><U29/><E26/><V48/><F48/><W121/><G121/><T30/><D58/><U12/><E12/><V8/><F8/><W103/><G59/><T20/><D66/><U99/><E15/><V107/><F107/><W84/><G63/><T61/><D61/><U110/><E110/><V54/><F54/><AGARI ba="0,1" hai="20,27,30,54,55,86,88,93,124,126,127" m="21783" machi="54" ten="30,7700,0" yaku="18,1,52,2,54,1" doraHai="51,101" who="0" fromWho="2" sc="243,87,322,0,196,-77,229,0" /><INIT seed="3,0,0,5,4,55" ten="330,322,119,229" oya="3" hai0="60,46,16,114,105,83,7,47,116,87,29,109,75" hai1="3,21,125,90,13,124,91,102,38,127,27,67,34" hai2="36,133,51,6,19,121,95,70,120,68,40,118,48" hai3="78,93,39,56,123,35,14,15,77,106,69,49,25"/><W72/><G123/><N who="2" m="47177" /><F95/><W110/><G39/><T57/><D109/><U63/><E38/><V5/><F19/><W89/><G69/><N who="2" m="26729" /><F36/><W94/><G106/><T26/><D114/><U88/><E102/><V32/><F32/><W18/><G110/><T1/><D116/><U4/><E34/><V103/><F103/><W59/><G35/><T107/><D75/><U113/><E113/><V122/><N who="2" m="47185" /><V66/><DORA hai="33" /><F66/><W22/><G72/><T101/><D16/><N who="1" m="12711" /><E13/><N who="3" m="4618" /><G94/><T112/><D112/><U84/><E4/><N who="2" m="1643" /><F40/><W37/><G37/><T104/><D101/><U62/><E67/><V71/><N who="2" m="26737" /><V111/><DORA hai="115" /><F111/><W10/><G93/><T54/><D7/><U28/><E28/><V53/><F53/><N who="3" m="31791" /><G89/><N who="1" m="34410" /><E3/><V79/><F79/><N who="3" m="30219" /><G10/><T131/><D1/><U31/><E31/><V11/><F11/><W20/><G20/><T45/><D105/><U108/><E108/><V82/><F82/><AGARI ba="0,0" hai="62,63,82,84,91,124,125,127" m="34410,12711" machi="82" ten="30,3900,0" yaku="18,1,54,2" doraHai="55,33,115" who="1" fromWho="2" sc="330,0,322,39,119,-39,229,0" owari="330,13.0,361,46.1,80,-42.0,229,-17.1" /></mjloggm>