<mjloggm ver="2.3"><GO type="225" lobby="0"/><UN n0="%E4%B8%89%E5%88%86%E5%B0%8F%E5%83%A7" n1="%72%69%6F%75%63%68%61%6E" n2="%E6%B8%A1%E5%A4%A9%E8%97%8D" n3="%E6%96%B0%E4%B8%96%E7%95%8C%E3%81%AE%E7%B4%99" dan="16,16,16,17" rate="2114.13,2175.55,2134.70,2198.94" sx="M,M,M,F"/><TAIKYOKU oya="0"/><INIT seed="0,0,0,5,1,59" ten="250,250,250,250" oya="0" hai0="26,100,68,87,117,113,21,93,106,129,114,22,47" hai1="116,88,33,71,97,50,28,31,55,30,1,56,91" hai2="112,7,96,79,125,43,135,63,83,118,105,5,131" hai3="41,62,127,89,25,81,78,123,52,128,110,10,13"/><T130/><D68/><U14/><E116/><V54/><F112/><W9/><G110/><T72/><D72/><U27/><E1/><V95/><F118/><W37/><G128/><N who="0" m="49259" /><D117/><U44/><E71/><V38/><F105/><W124/><G123/><T121/><D121/><U132/><E132/><V8/><F131/><W36/><G89/><N who="0" m="53439" /><D47/><U48/><E14/><V74/><F125/><N who="3" m="48203" /><G25/><T53/><D53/><U73/><E73/><V45/><F135/><W46/><G37/><T6/><D6/><U18/><E97/><V39/><F39/><W77/><G81/><T15/><D15/><U99/><E99/><V0/><F5/><N who="3" m="3247" /><G10/><T84/><D84/><U102/><E102/><N who="2" m="60703" /><F54/><W75/><G75/><T98/><D21/><N who="1" m="13751" /><E33/><V86/><F86/><W57/><AGARI ba="0,0" hai="36,41,46,52,57,62,77,78" m="3247,48203" machi="57" ten="30,4000,0" yaku="18,1,52,1,54,1" doraHai="59" who="3" fromWho="3" sc="250,-20,250,-10,250,-10,250,40" /><INIT seed="1,0,0,1,1,93" ten="230,240,240,290" oya="1" hai0="101,111,50,6,43,0,26,114,92,40,97,119,72" hai1="80,106,113,115,130,125,42,57,33,34,131,107,87" hai2="122,84,31,20,109,36,108,53,67,120,46,22,3" hai3="16,95,30,96,89,103,68,85,27,12,118,79,90"/><U94/><E42/><N who="2" m="22855" /><F84/><W132/><G68/><T63/><D114/><N who="1" m="43531" /><E57/><V21/><F3/><W121/><G121/><N who="2" m="46697" /><F31/><W24/><G132/><T99/><D119/><U126/><E94/><V47/><F21/><W35/><G27/><T100/><D72/><U104/><E33/><V88/><F88/><W105/><G118/><T74/><D74/><U128/><E34/><V48/><F20/><W8/><REACH who="3" step="1"/><G95/><REACH who="3" ten="230,240,240,280" step="2"/><T61/><D26/><U102/><E102/><V4/><F4/><W77/><G77/><AGARI ba="0,1" hai="77,80,87,104,106,107,125,126,128,130,131" m="43531" machi="77" ten="50,9600,0" yaku="19,1,34,2" doraHai="93" who="1" fromWho="3" sc="230,0,240,106,240,0,280,-96" /><INIT seed="1,1,0,4,2,99" ten="230,346,240,184" oya="1" hai0="104,41,3,82,0,46,101,120,11,73,5,54,103" hai1="42,12,125,16,131,127,64,114,55,126,105,13,102" hai2="53,81,59,80,2,76,72,78,93,87,24,37,6" hai3="4,112,122,56,113,110,77,30,63,75,44,7,90"/><U95/><E114/><V58/><F37/><W135/><G122/><T97/><D120/><U15/><E131/><V71/><F71/><W74/><G110/><T27/><D54/><U128/><E128/><V14/><F2/><W19/><G135/><T70/><D27/><U51/><E64/><V94/><F58/><W133/><G133/><T47/><D47/><U35/><E35/><V65/><F65/><W50/><G30/><T129/><D129/><U48/><E105/><V34/><F34/><W40/><G112/><T115/><D115/><U38/><E55/><V119/><F119/><W98/><G113/><T62/><D62/><U28/><E28/><V111/><F111/><W69/><G69/><T33/><D33/><U8/><E38/><V22/><F14/><N who="1" m="5737" /><E42/><V84/><F6/><W57/><G19/><T92/><D70/><U66/><E66/><V96/><F96/><AGARI ba="1,0" hai="8,15,16,48,51,95,96,102,125,126,127" m="5737" machi="96" ten="40,7700,0" yaku="18,1,52,1,54,1" doraHai="99" who="1" fromWho="2" sc="230,0,346,80,240,-80,184,0" /><INIT seed="1,2,0,3,0,68" ten="230,426,160,184" oya="1" hai0="4,133,77,124,26,52,96,15,69,34,121,65,102" hai1="51,100,61,116,113,90,45,87,2,101,22,129,23" hai2="16,21,74,60,37,18,20,44,105,12,135,8,118" hai3="73,56,32,112,10,13,39,64,104,0,43,59,99"/><U119/><E113/><V85/><F74/><W25/><G112/><T31/><D77/><U70/><E2/><V57/><F118/><W131/><G0/><T66/><D124/><U93/><E129/><V86/><F105/><W111/><G73/><T81/><D81/><U83/><E22/><V117/><F117/><W58/><G111/><T9/><D133/><U122/><E122/><V71/><F71/><W82/><G131/><T11/><D69/><U80/><E23/><V29/><F135/><W17/><G82/><T49/><D11/><U27/><E27/><N who="2" m="16615" /><F37/><W126/><G126/><T28/><D28/><U46/><E80/><V88/><F44/><W110/><G110/><T114/><D121/><U50/><E83/><N who="2" m="49215" /><F86/><W42/><G39/><T91/><D91/><U7/><E7/><N who="2" m="3103" /><F21/><W47/><G47/><T72/><D72/><U97/><E119/><V120/><F120/><W5/><G104/><T63/><D114/><U109/><E116/><V6/><F6/><W103/><G5/><T24/><D24/><U54/><E109/><V48/><F48/><W55/><G25/><T78/><D78/><U30/><E30/><V123/><F123/><W115/><G32/><T33/><D34/><U127/><E127/><V19/><F19/><W84/><G84/><T89/><D89/><U53/><E87/><V98/><F98/><W41/><G115/><T106/><D63/><U92/><E92/><V1/><F1/><W107/><G99/><T38/><D38/><U125/><E125/><V108/><F108/><W14/><G107/><T67/><D49/><U79/><E79/><RYUUKYOKU ba="2,0" sc="230,10,426,10,160,10,184,-30" hai0="4,9,15,26,31,33,52,65,66,67,96,102,106" hai1="45,46,50,51,53,54,61,70,90,93,97,100,101" hai2="16,18,57,60" /><INIT seed="1,3,0,1,5,1" ten="240,436,170,154" oya="1" hai0="28,105,22,7,14,47,80,25,30,57,112,77,16" hai1="100,13,130,72,104,126,61,55,11,114,70,84,123" hai2="0,67,113,116,9,102,108,99,83,97,36,98,124" hai3="24,39,48,94,37,50,21,125,96,101,132,46,66"/><U88/><E114/><V59/><F116/><W106/><G125/><T64/><D105/><U71/><E123/><V120/><F120/><W3/><G132/><T20/><D112/><U109/><E72/><V111/><F36/><W58/><G3/><T6/><D47/><U60/><E126/><V128/><F113/><W33/><G33/><T68/><D68/><U107/><E130/><V85/><F124/><W51/><G106/><T73/><REACH who="0" step="1"/><D30/><REACH who="0" ten="230,436,170,154" step="2"/><U41/><E70/><V35/><F128/><W86/><G39/><T12/><D12/><U63/><E71/><V43/><F111/><W78/><G37/><T69/><D69/><U19/><E109/><V117/><F108/><W45/><G58/><T127/><D127/><U133/><E133/><V121/><F117/><W10/><G46/><T34/><D34/><U42/><E107/><V89/><F121/><W91/><G45/><T135/><D135/><U118/><E118/><V29/><F35/><W18/><G66/><T44/><D44/><U23/><E55/><V54/><F29/><W75/><G75/><T38/><D38/><U115/><E115/><V90/><F67/><W31/><G31/><T92/><D92/><N who="1" m="54279" /><E104/><V5/><F43/><N who="1" m="16393" /><E100/><V81/><F102/><W65/><G65/><T2/><D2/><U17/><E17/><V95/><REACH who="2" step="1"/><F81/><REACH who="2" ten="230,436,160,154" step="2"/><N who="3" m="47415" /><G101/><T49/><D49/><AGARI ba="3,2" hai="0,5,9,49,54,59,83,85,89,90,95,97,98,99" machi="49" ten="30,8000,1" yaku="1,1,7,1,52,1,53,2" doraHai="1" doraHaiUra="87" who="2" fromWho="0" sc="230,-89,436,0,160,109,154,0" /><INIT seed="2,0,0,2,2,50" ten="141,436,269,154" oya="2" hai0="27,9,57,34,47,63,90,89,76,102,54,40,87" hai1="93,85,72,23,35,118,13,130,120,11,61,29,33" hai2="92,66,124,91,96,100,37,78,132,94,95,86,70" hai3="32,122,45,74,20,39,46,108,18,68,125,75,109"/><V126/><F66/><W117/><G117/><T38/><D102/><U55/><E118/><V98/><F70/><W2/><G32/><T5/><D76/><U116/><E72/><V114/><F37/><W12/><G122/><T88/><D27/><U79/><E116/><V83/><F114/><W131/><G68/><T123/><D34/><U42/><E120/><V128/><F128/><W60/><G2/><T15/><REACH who="0" step="1"/><D123/><REACH who="0" ten="131,436,269,154" step="2"/><U43/><E33/><V22/><F132/><W127/><G131/><T69/><D69/><U51/><E35/><V26/><F94/><AGARI ba="0,1" hai="5,9,15,38,40,47,54,57,63,87,88,89,90,94" machi="94" ten="30,7700,0" yaku="1,1,7,1,52,1,54,1,53,0" doraHai="50" doraHaiUra="14" who="0" fromWho="2" sc="131,87,436,0,269,-77,154,0" /><INIT seed="3,0,0,1,1,45" ten="218,436,192,154" oya="3" hai0="21,17,130,111,12,108,53,78,42,59,132,119,89" hai1="97,98,94,7,74,90,95,131,103,3,16,88,73" hai2="109,11,70,96,57,32,47,6,84,58,33,83,125" hai3="115,92,117,61,86,34,93,36,0,20,100,133,54"/><W120/><G115/><T4/><D119/><U99/><E131/><V76/><F70/><W62/><G117/><T40/><D130/><U134/><E134/><V80/><F109/><N who="0" m="42058" /><D132/><U13/><E7/><V41/><F125/><W114/><G133/><T38/><D38/><U27/><E27/><V5/><F5/><W10/><G120/><T127/><D127/><U122/><E3/><V25/><F96/><N who="3" m="59399" /><G34/><T72/><D4/><U112/><E112/><V110/><F110/><W49/><G0/><T29/><D29/><U55/><E55/><V126/><F126/><W44/><G36/><T135/><D135/><U77/><E77/><V104/><F104/><W46/><G114/><T22/><D22/><U105/><E122/><V63/><F80/><W85/><G10/><AGARI ba="0,0" hai="10,13,16,73,74,88,90,94,95,97,98,99,103,105" machi="10" ten="30,7700,0" yaku="7,1,9,1,54,2" doraHai="45" who="1" fromWho="3" sc="218,0,436,77,192,0,154,-77" owari="218,1.8,513,61.3,192,-20.8,77,-42.3" /></mjloggm>