<mjloggm ver="2.3"><GO type="225" lobby="0"/><UN n0="%E3%81%BF%E3%81%BF%E3%81%9A" n1="%6E%69%63%6F%6E%74%6F" n2="%E5%8D%A0%E3%81%84%E5%B8%AB%E8%A3%8F%E3%81%AA%E3%81%84%E3%81%97" n3="%E3%83%8F%E3%83%B3%E3%83%89%E3%83%A9%E3%83%BC%E3%83%BB%E3%83%AF%E3%83%B3" dan="18,16,17,17" rate="2238.65,2123.73,2179.85,2198.78" sx="M,M,M,M"/><TAIKYOKU oya="0"/><INIT seed="0,0,0,1,2,113" ten="250,250,250,250" oya="0" hai0="94,88,131,47,85,49,39,107,121,51,122,48,118" hai1="68,92,29,12,30,69,114,13,7,127,9,90,66" hai2="44,36,40,106,24,8,38,73,58,64,135,33,119" hai3="10,14,117,126,110,67,133,35,56,95,55,25,28"/><T100/><D118/><U6/><E114/><V3/><F38/><W27/><G110/><T132/><D131/><U96/><E127/><V105/><F58/><W37/><G126/><T59/><D132/><U45/><E69/><V65/><F65/><W81/><G133/><T104/><D59/><U123/><E123/><V128/><F135/><W130/><G130/><T15/><D15/><U77/><E77/><V76/><F64/><W32/><G37/><T108/><D108/><U46/><E68/><V109/><F109/><W82/><G67/><T60/><D60/><U63/><E63/><V16/><F128/><W19/><G95/><T112/><D112/><U53/><E66/><V34/><F16/><W50/><REACH who="3" step="1"/><G117/><REACH who="3" ten="250,250,250,240" step="2"/><T93/><D93/><U18/><E6/><N who="2" m="1119" /><F119/><W2/><G2/><T43/><REACH who="0" step="1"/><D100/><REACH who="0" ten="240,250,250,240" step="2"/><U1/><E1/><V74/><F106/><AGARI ba="0,2" hai="39,43,47,48,49,51,85,88,94,104,106,107,121,122" machi="106" ten="40,12000,1" yaku="1,1,2,1,54,1,53,1" doraHai="113" doraHaiUra="41" who="0" fromWho="2" sc="240,140,250,0,250,-120,240,0" /><INIT seed="0,1,0,4,2,79" ten="380,250,130,240" oya="0" hai0="105,110,51,77,93,81,48,33,112,36,54,114,50" hai1="98,94,65,84,27,12,80,0,87,102,71,74,59" hai2="113,91,8,68,107,126,55,72,9,32,78,17,47" hai3="106,1,62,96,46,103,15,115,75,45,31,58,37"/><T39/><D105/><U2/><E71/><V123/><F113/><W101/><G115/><T83/><D33/><U125/><E125/><V92/><F123/><W70/><G1/><T128/><D128/><U129/><E129/><V38/><F107/><W11/><G75/><T122/><D122/><U130/><E130/><V56/><F68/><W25/><G103/><T127/><D127/><U22/><E74/><V97/><F32/><W28/><G28/><T108/><D54/><U89/><E12/><V16/><F126/><W20/><G37/><N who="0" m="14411" /><D93/><U52/><E87/><V60/><F8/><W121/><G70/><T85/><D81/><U23/><E65/><V18/><F38/><W6/><REACH who="3" step="1"/><G121/><REACH who="3" ten="380,250,130,230" step="2"/><T4/><D114/><U131/><E131/><V69/><F69/><W53/><AGARI ba="1,1" hai="6,11,15,20,25,31,45,46,53,58,62,96,101,106" machi="53" ten="20,5200,0" yaku="1,1,2,1,0,1,7,1,53,0" doraHai="79" doraHaiUra="134" who="3" fromWho="3" sc="380,-27,250,-14,130,-14,230,65" /><INIT seed="1,0,0,4,2,74" ten="353,236,116,295" oya="1" hai0="53,91,35,105,112,118,88,81,122,21,48,0,20" hai1="99,33,49,117,50,102,98,15,85,2,86,75,54" hai2="55,52,59,10,125,96,62,26,121,25,130,22,126" hai3="94,27,92,4,135,30,120,18,95,123,19,114,56"/><U32/><E2/><V84/><F121/><W106/><G106/><T79/><D112/><U46/><E117/><V1/><F130/><W37/><G114/><T111/><D118/><U31/><E75/><V109/><F109/><W42/><G135/><T3/><D35/><U93/><E33/><V67/><F25/><W113/><G113/><T11/><D105/><U40/><E32/><V103/><F84/><W107/><G107/><T43/><D43/><U12/><E31/><V71/><F10/><W57/><G4/><T23/><D111/><U77/><E99/><V29/><F1/><W90/><G90/><T104/><D104/><U13/><REACH who="1" step="1"/><E77/><REACH who="1" ten="353,226,116,295" step="2"/><V76/><F76/><W70/><G30/><T63/><D0/><U134/><E134/><V7/><F7/><W128/><G123/><T87/><D122/><U89/><E89/><V47/><F47/><AGARI ba="0,1" hai="12,13,15,40,46,47,49,50,54,85,86,93,98,102" machi="47" ten="40,3900,0" yaku="1,1,8,1,53,0" doraHai="74" doraHaiUra="124" who="1" fromWho="2" sc="353,0,226,49,116,-39,295,0" /><INIT seed="1,1,0,1,5,15" ten="353,275,77,295" oya="1" hai0="14,106,13,93,19,79,53,62,129,29,134,67,80" hai1="81,120,52,46,32,41,4,126,100,64,43,58,61" hai2="6,30,107,97,35,60,42,111,10,28,5,57,24" hai3="118,94,114,49,128,115,9,101,20,131,63,89,26"/><U112/><E112/><V1/><F111/><W86/><G118/><T44/><D106/><U102/><E120/><V117/><F117/><W25/><G101/><T76/><D129/><N who="3" m="49737" /><G49/><T48/><D134/><U98/><E32/><V11/><F42/><W85/><G9/><T104/><D104/><U33/><E33/><V116/><F116/><W127/><G127/><T78/><D29/><U121/><E121/><V74/><F74/><W88/><G63/><T92/><D80/><U77/><E126/><V66/><F30/><N who="3" m="17703" /><G26/><T84/><D13/><U50/><E4/><V125/><F125/><W73/><G73/><T12/><D14/><U8/><E8/><V109/><F109/><W7/><G7/><T91/><D93/><AGARI ba="1,0" hai="85,86,88,89,93,94,114,115" m="17703,49737" machi="93" ten="30,2000,0" yaku="19,1,54,1" doraHai="15" who="3" fromWho="0" sc="353,-23,275,0,77,0,295,23" /><INIT seed="2,0,0,4,1,63" ten="330,275,77,318" oya="2" hai0="119,39,128,28,96,97,94,19,116,131,3,99,65" hai1="2,113,38,89,81,32,1,133,53,22,86,102,124" hai2="13,35,24,55,83,48,117,68,107,42,33,92,29" hai3="130,101,118,127,134,56,85,123,17,84,120,70,44"/><V51/><F107/><W34/><G70/><T75/><D39/><U112/><E32/><V72/><F117/><N who="0" m="45130" /><D3/><U12/><E38/><V108/><F68/><W67/><G118/><T90/><D28/><U60/><E133/><V135/><F135/><W95/><G34/><T8/><D65/><U5/><E124/><V58/><F108/><W132/><G127/><T88/><D75/><U18/><E102/><V20/><F92/><W21/><G132/><T14/><D90/><U23/><E113/><V0/><F0/><W45/><G134/><T71/><D71/><U25/><E112/><V126/><F126/><W43/><G130/><AGARI ba="0,0" hai="8,14,19,88,94,96,97,99,128,130,131" m="45130" machi="130" ten="30,3900,0" yaku="19,1,12,1,54,1" doraHai="63" who="0" fromWho="3" sc="330,39,275,0,77,0,318,-39" /><INIT seed="3,0,0,1,0,26" ten="369,275,77,279" oya="3" hai0="61,21,122,6,97,95,120,29,59,126,19,88,78" hai1="69,124,131,96,127,130,18,8,23,48,38,17,53" hai2="57,27,34,67,132,50,115,105,40,44,109,54,12" hai3="121,49,118,129,47,113,13,20,134,24,110,37,94"/><W39/><G113/><T36/><D36/><U51/><E38/><V82/><F105/><W74/><G118/><T33/><D6/><U107/><E69/><V99/><F99/><W35/><G121/><T72/><D29/><U10/><E107/><V85/><F12/><W4/><G74/><T93/><D33/><U11/><E96/><V1/><F109/><W14/><G129/><N who="1" m="49162" /><E53/><V15/><F1/><W86/><G134/><T108/><D108/><U117/><E117/><V70/><F132/><W76/><G35/><T0/><D0/><U75/><E75/><V28/><F115/><W87/><G110/><T41/><D41/><U52/><E52/><V30/><F15/><W92/><G37/><T42/><D42/><U55/><E55/><V56/><F70/><W133/><G39/><T45/><D45/><U89/><E89/><V71/><F71/><W135/><G135/><T114/><D95/><N who="3" m="36393" /><G133/><T22/><D114/><U58/><E58/><V81/><F57/><W3/><G3/><T62/><D59/><U9/><N who="1" m="2048" /><DORA hai="112" /><U80/><E80/><V111/><F111/><W100/><G100/><T63/><D122/><U5/><E5/><V101/><F101/><W103/><G103/><T116/><D120/><U65/><E65/><V102/><F102/><W79/><G13/><T16/><D116/><U73/><E73/><V119/><F119/><W83/><G14/><N who="0" m="9367" /><D72/><U84/><E84/><N who="3" m="32298" /><G4/><T2/><D2/><U66/><E66/><V68/><F85/><W104/><G104/><T7/><D7/><U91/><E91/><V123/><F123/><W64/><G64/><RYUUKYOKU ba="0,0" sc="369,0,275,0,77,0,279,0" owari="369,46.9,275,-12.5,77,-42.3,279,7.9" /></mjloggm>