<mjloggm ver="2.3"><GO type="225" lobby="0"/><UN n0="%E3%81%B2%E3%81%AA%E3%81%AE%E3%82%8A%E3%81%8F" n1="%6D%75%75%6D%75%72%61" n2="%E5%8F%AF%E5%85%90%E9%82%A3%E7%94%B1%E5%A4%9A" n3="%E7%99%BD%E9%9B%AA%E4%B9%83%E6%84%9B" dan="17,17,17,16" rate="2155.91,2216.06,2236.60,2113.78" sx="M,F,F,F"/><TAIKYOKU oya="0"/><INIT seed="0,0,0,5,3,70" ten="250,250,250,250" oya="0" hai0="89,80,53,66,97,44,121,9,43,46,78,36,62" hai1="92,118,30,99,72,23,48,16,41,22,114,103,61" hai2="1,12,120,19,26,34,135,133,47,69,54,123,10" hai3="21,105,129,59,18,52,50,25,116,128,49,57,58"/><T51/><D121/><N who="2" m="46666" /><F69/><W40/><G116/><T130/><D130/><U13/><E118/><V4/><F54/><W132/><G105/><T86/><D9/><U127/><E72/><V101/><F47/><W122/><G122/><T124/><D124/><U134/><E127/><V56/><F56/><W20/><G132/><N who="2" m="50761" /><F101/><W67/><G67/><T3/><D3/><U32/><E134/><V71/><F71/><W15/><G40/><T33/><D33/><U76/><E114/><V37/><F37/><W75/><G75/><T98/><REACH who="0" step="1"/><D78/><REACH who="0" ten="240,250,250,250" step="2"/><U102/><E32/><V81/><F34/><W131/><REACH who="3" step="1"/><G49/><REACH who="3" ten="240,250,250,240" step="2"/><T77/><D77/><U31/><E76/><V28/><F1/><W125/><G125/><T5/><D5/><U74/><E48/><V39/><F4/><W109/><G109/><T94/><D94/><U110/><E110/><V87/><F39/><W91/><G91/><T126/><D126/><U108/><E108/><V14/><F81/><W119/><G119/><T45/><D45/><U73/><E92/><V88/><F88/><W85/><G85/><T27/><D27/><U100/><E74/><V113/><F87/><W95/><G95/><T79/><D79/><U60/><E73/><V64/><F113/><W7/><G7/><T90/><D90/><U8/><E100/><V117/><F117/><W0/><G0/><T104/><D104/><U84/><E102/><V106/><F106/><W2/><G2/><T111/><D111/><U63/><E84/><V96/><F26/><W68/><G68/><AGARI ba="0,2" hai="36,43,44,46,51,53,62,66,68,80,86,89,97,98" machi="68" ten="30,5800,0" yaku="1,1,7,1,52,1,53,0" doraHai="70" doraHaiUra="35" who="0" fromWho="3" sc="240,78,250,0,250,0,240,-58" /><INIT seed="0,1,0,1,0,49" ten="318,250,250,182" oya="0" hai0="120,74,38,102,134,51,114,4,40,135,124,11,126" hai1="125,53,64,1,105,96,104,13,133,16,99,103,9" hai2="92,113,35,5,20,71,58,56,17,22,32,112,118" hai3="100,83,117,65,131,122,90,129,61,15,37,8,111"/><T62/><D114/><U89/><E125/><N who="0" m="48233" /><D74/><U121/><E121/><V76/><F71/><W94/><G117/><T72/><D72/><U68/><E133/><N who="0" m="50697" /><D102/><U18/><E1/><V109/><F109/><W34/><G111/><T52/><D120/><U66/><E68/><V75/><F92/><W45/><G122/><T25/><D62/><U130/><E103/><V3/><F75/><W69/><G34/><T0/><D25/><U81/><E89/><V14/><F118/><W107/><G83/><T7/><D7/><U127/><E127/><V88/><F5/><W47/><G100/><T29/><D29/><U82/><E13/><V128/><F14/><W97/><G107/><T84/><D84/><U91/><E91/><V115/><F88/><W12/><G12/><T101/><D101/><U42/><E104/><V54/><F113/><W70/><G70/><T55/><D38/><U87/><E105/><V59/><F115/><W19/><REACH who="3" step="1"/><G37/><REACH who="3" ten="318,250,250,172" step="2"/><T36/><D36/><U79/><E82/><V46/><F112/><W39/><G39/><T80/><D80/><U43/><E81/><V48/><F35/><W27/><G27/><T106/><D106/><U41/><E79/><V93/><F32/><W108/><G108/><T28/><D28/><U24/><E24/><V85/><F76/><W110/><G110/><T10/><D10/><U33/><E9/><V21/><F93/><W77/><G77/><T116/><D116/><U44/><E33/><V50/><F85/><W23/><G23/><T63/><D63/><U60/><E87/><V26/><F26/><W95/><G95/><RYUUKYOKU ba="1,1" sc="318,15,250,-15,250,-15,172,15" hai0="0,4,11,40,51,52,55" hai3="8,15,19,45,47,61,65,69,90,94,97,129,131" /><INIT seed="0,2,1,2,1,94" ten="333,235,235,187" oya="0" hai0="124,100,30,112,101,97,18,83,28,44,53,111,106" hai1="95,46,41,62,26,38,8,125,130,50,49,76,90" hai2="39,32,9,48,116,45,104,98,82,99,80,132,92" hai3="57,72,65,47,120,66,69,134,68,86,7,121,29"/><T12/><D112/><U43/><E130/><V105/><F32/><W126/><G72/><T73/><D124/><U42/><E125/><V93/><F39/><W133/><G126/><T114/><D114/><U5/><E76/><V55/><F132/><N who="3" m="50795" /><G86/><T37/><D101/><U17/><E62/><V102/><F116/><W107/><G7/><T19/><D111/><U0/><E38/><V35/><F35/><W24/><G107/><T109/><D19/><U60/><E60/><V27/><F27/><W117/><G117/><T87/><D73/><U77/><E77/><V128/><F128/><W71/><G57/><T110/><D110/><U22/><REACH who="1" step="1"/><E49/><REACH who="1" ten="333,225,235,187" step="2"/><V78/><F78/><W103/><G103/><T58/><D37/><U119/><E119/><V122/><F122/><N who="3" m="47211" /><G47/><T51/><D44/><U3/><E3/><V91/><F102/><W11/><G11/><T85/><D109/><U81/><E81/><V70/><F9/><W40/><G40/><T14/><D83/><U59/><E59/><V25/><F82/><W20/><AGARI ba="2,2" hai="20,24,29,65,66,68,69,71" m="47211,50795" machi="20" ten="40,2700,0" yaku="20,1,13,1" doraHai="94" who="3" fromWho="3" sc="333,-15,225,-9,235,-9,187,53" /><INIT seed="1,0,0,2,1,56" ten="318,216,226,240" oya="1" hai0="44,125,57,91,18,21,78,26,82,38,124,24,118" hai1="69,134,115,25,35,73,50,120,87,104,33,29,95" hai2="80,98,58,83,92,71,59,76,128,2,94,61,66" hai3="27,65,42,85,52,130,135,40,119,133,126,108,60"/><U70/><E115/><V45/><F2/><W3/><G3/><T131/><D118/><U109/><E120/><V116/><F116/><W107/><G119/><T111/><D111/><U88/><E109/><V51/><F128/><W99/><G108/><T1/><D1/><U105/><E134/><N who="3" m="51210" /><G126/><N who="0" m="48747" /><D91/><U9/><E35/><V8/><F8/><W62/><G85/><T31/><D57/><U114/><E114/><V110/><F110/><W103/><G27/><T79/><D82/><U101/><E73/><V67/><F92/><W30/><G30/><T121/><D131/><U113/><E113/><V102/><F67/><W15/><G15/><T123/><D44/><U19/><E50/><V5/><F5/><W68/><G130/><T41/><D41/><U43/><E43/><V77/><F80/><W49/><G62/><T14/><D26/><U12/><REACH who="1" step="1"/><E101/><REACH who="1" ten="318,206,226,240" step="2"/><V10/><F51/><W17/><G17/><T28/><D123/><U132/><E132/><V112/><F102/><W93/><G107/><AGARI ba="0,1" hai="9,12,19,25,29,33,69,70,87,88,95,104,105,107" machi="107" ten="40,3900,0" yaku="1,1,54,1,53,0" doraHai="56" doraHaiUra="36" who="1" fromWho="3" sc="318,0,206,49,226,0,240,-39" /><INIT seed="1,1,0,4,0,13" ten="318,255,226,201" oya="1" hai0="78,1,68,107,101,82,94,120,83,48,59,88,55" hai1="40,80,96,84,134,46,24,31,67,5,122,36,103" hai2="131,127,61,57,115,100,28,16,119,73,81,109,42" hai3="35,14,6,56,75,85,102,108,132,8,79,51,92"/><U58/><E122/><V118/><F28/><W125/><G108/><T121/><D1/><U0/><E134/><V70/><F70/><W47/><G125/><T3/><D3/><U27/><E0/><V129/><F109/><W9/><G132/><T45/><D68/><U126/><E5/><V130/><F127/><W91/><G35/><T64/><D107/><U95/><E126/><V21/><F115/><W114/><G114/><T63/><D101/><U76/><E31/><V69/><F69/><W49/><G102/><T116/><D116/><U34/><E34/><V52/><F42/><W39/><G9/><T4/><D4/><U97/><E97/><V2/><F2/><W7/><G7/><T72/><REACH who="0" step="1"/><D82/><REACH who="0" ten="308,255,226,201" step="2"/><U41/><E80/><V113/><F100/><W71/><G71/><T112/><D112/><U65/><E103/><V44/><F113/><W26/><G6/><T86/><AGARI ba="1,1" hai="45,48,55,59,63,64,72,78,83,86,88,94,120,121" machi="86" ten="30,4000,0" yaku="1,1,0,1,54,1,53,0" doraHai="13" doraHaiUra="30" who="0" fromWho="0" sc="308,53,255,-21,226,-11,201,-11" /><INIT seed="2,0,0,4,0,85" ten="361,234,215,190" oya="2" hai0="88,103,67,63,32,95,76,38,120,6,62,53,81" hai1="48,101,39,91,55,44,106,89,129,42,8,123,56" hai2="83,5,93,65,107,117,13,96,43,41,86,104,79" hai3="102,19,118,70,33,40,2,4,26,90,115,49,23"/><V29/><F117/><W14/><G118/><T17/><D38/><U64/><E129/><V12/><F29/><W99/><G115/><T128/><D103/><U110/><E110/><V121/><F121/><W112/><G70/><T20/><D32/><U61/><E123/><V34/><F34/><W0/><G112/><T125/><D6/><U16/><E101/><V75/><F75/><W54/><G40/><T116/><D128/><U7/><E106/><V134/><F134/><W119/><G119/><T60/><D120/><U113/><E16/><V35/><F35/><W82/><G33/><T126/><D53/><U46/><E113/><V73/><F73/><W68/><G68/><T21/><D81/><U108/><E108/><V11/><F65/><W74/><G74/><T72/><D76/><U59/><E59/><V28/><F28/><W135/><G135/><T111/><D21/><U37/><E39/><V1/><F107/><W24/><G4/><T57/><D72/><U18/><E18/><V3/><F104/><W77/><G77/><T52/><D67/><U124/><E124/><N who="0" m="47721" /><D111/><U9/><E9/><N who="2" m="4143" /><F1/><AGARI ba="0,0" hai="1,7,8,37,42,44,46,48,55,56,61,64,89,91" machi="1" ten="30,3900,0" yaku="7,1,52,2" doraHai="85" who="1" fromWho="2" sc="361,0,234,39,215,-39,190,0" /><INIT seed="3,0,0,5,0,109" ten="361,273,176,190" oya="3" hai0="1,51,125,55,110,34,5,10,98,29,116,70,72" hai1="74,129,113,115,122,71,90,107,85,24,32,60,121" hai2="101,123,65,48,86,3,30,40,37,102,42,105,106" hai3="12,88,73,53,7,35,4,39,112,83,96,127,28"/><W59/><G127/><T64/><D72/><U126/><E74/><V77/><F3/><W17/><G39/><T104/><D110/><U33/><E126/><V97/><F37/><W20/><G112/><T117/><D125/><U63/><E107/><V89/><F77/><W68/><G68/><T134/><D134/><U36/><E36/><V132/><F132/><W84/><G73/><T92/><D104/><U23/><E23/><V111/><F111/><W120/><G120/><T21/><D34/><U87/><E90/><V61/><F30/><W75/><G75/><T19/><D29/><U131/><E24/><V38/><F48/><W16/><G17/><T14/><D64/><U91/><E91/><V41/><F123/><W43/><G43/><T99/><D99/><U80/><E71/><V31/><F31/><W79/><G35/><T11/><D10/><U50/><E50/><V54/><F54/><W118/><G118/><T76/><D76/><U95/><E95/><V124/><F124/><W46/><G46/><T0/><D0/><U67/><E67/><V103/><F38/><W15/><G15/><T58/><D70/><U82/><AGARI ba="0,0" hai="32,33,60,63,80,82,85,87,113,115,121,122,129,131" machi="82" ten="25,8000,1" yaku="0,1,22,2,52,2" doraHai="109" who="1" fromWho="1" sc="361,-20,273,80,176,-20,190,-40" owari="341,14.1,353,45.3,156,-24.4,150,-35.0" /></mjloggm>