<mjloggm ver="2.3"><GO type="225" lobby="0"/><UN n0="%72%69%6F%75%63%68%61%6E" n1="%6D%75%75%73%61%6E%6D%75" n2="%E8%BE%9B%E5%8F%A3%E3%82%AB%E3%83%AC%E3%83%BC%E3%83%A9%E3%82%A4%E3%82%B9" n3="%E3%81%B5%E3%81%98%E3%81%8B%E3%81%A4" dan="16,16,17,17" rate="2180.79,2074.28,2277.20,2229.30" sx="M,F,M,M"/><TAIKYOKU oya="0"/><INIT seed="0,0,0,1,1,135" ten="250,250,250,250" oya="0" hai0="32,76,3,120,74,114,48,58,8,64,92,49,133" hai1="87,111,17,115,63,121,95,91,37,77,125,117,15" hai2="29,88,23,96,56,46,90,118,113,27,112,26,132" hai3="21,53,52,0,102,104,59,33,61,10,42,57,28"/><T116/><D114/><U122/><E115/><V68/><F68/><W81/><G33/><T45/><D116/><U35/><E117/><V109/><F118/><W16/><G28/><T67/><D120/><U39/><E35/><V73/><F132/><W101/><G42/><T84/><D133/><U6/><E111/><V31/><F73/><W51/><G81/><N who="0" m="47143" /><D3/><U97/><E6/><V11/><F109/><W107/><G107/><T36/><D36/><U62/><E39/><V14/><F46/><W2/><G104/><T89/><D74/><U1/><E1/><V47/><F47/><W40/><G40/><N who="0" m="24615" /><D32/><U25/><E37/><V70/><F70/><W86/><G86/><N who="0" m="52279" /><D8/><U24/><E121/><V130/><F112/><W129/><G129/><T119/><D119/><U72/><E72/><V108/><F130/><W85/><G85/><T83/><D83/><U50/><E87/><V75/><F75/><W100/><REACH who="3" step="1"/><G10/><REACH who="3" ten="250,250,250,240" step="2"/><T126/><D126/><U30/><E125/><V7/><F113/><W110/><G110/><T94/><D94/><U65/><E122/><V44/><F108/><W43/><G43/><T13/><D13/><AGARI ba="0,1" hai="0,2,13,16,21,51,52,53,57,59,61,100,101,102" machi="13" ten="40,12000,2" yaku="1,1,54,2,53,3" doraHai="135" doraHaiUra="99" who="3" fromWho="0" sc="250,-120,250,0,250,0,240,130" /><INIT seed="1,0,0,5,1,6" ten="130,250,250,370" oya="1" hai0="83,44,104,79,67,132,46,7,85,36,31,43,86" hai1="69,2,23,30,81,22,121,73,64,26,58,0,106" hai2="80,98,65,24,95,35,59,125,126,47,18,28,11" hai3="122,34,56,101,50,14,96,17,115,119,109,87,133"/><U127/><E121/><V107/><F107/><W78/><G122/><T42/><D132/><U117/><E69/><V12/><F80/><W60/><G115/><T97/><D67/><U112/><E117/><V108/><F108/><W9/><G34/><T13/><D31/><U19/><E106/><V66/><F47/><W72/><G119/><T94/><D104/><U77/><E112/><V130/><F130/><W102/><G133/><T33/><D33/><U124/><E64/><V90/><REACH who="2" step="1"/><F59/><REACH who="2" ten="130,250,240,370" step="2"/><W68/><G56/><T88/><D7/><U40/><E58/><V38/><F38/><W37/><G37/><T99/><REACH who="0" step="1"/><D13/><REACH who="0" ten="120,250,240,370" step="2"/><U70/><E0/><V105/><F105/><W92/><G14/><T84/><D84/><U5/><E2/><V41/><F41/><W55/><G87/><T1/><D1/><U61/><E5/><V8/><F8/><W93/><G9/><T110/><D110/><U128/><E40/><V54/><F54/><W51/><G55/><T71/><D71/><U75/><E70/><V76/><F76/><W32/><G78/><T74/><D74/><U27/><E75/><V53/><F53/><W29/><G72/><T57/><D57/><U39/><E39/><AGARI ba="0,2" hai="36,39,42,43,44,46,79,83,85,86,88,94,97,99" machi="39" ten="30,7700,0" yaku="1,1,7,1,9,1,54,1,53,0" doraHai="6" doraHaiUra="120" who="0" fromWho="1" sc="120,97,250,-77,240,0,370,0" /><INIT seed="2,0,0,5,0,46" ten="217,173,240,370" oya="2" hai0="9,5,80,18,22,39,127,116,107,122,29,16,12" hai1="61,51,121,48,133,84,83,118,63,102,50,25,3" hai2="77,113,73,1,74,99,90,86,79,41,54,66,96" hai3="93,117,38,89,7,87,130,69,17,0,28,15,2"/><V58/><F1/><W71/><G117/><T109/><D122/><U65/><E3/><V34/><F34/><W124/><G130/><T100/><D39/><U108/><E118/><V19/><F66/><W14/><G38/><T78/><D116/><U52/><E121/><V126/><F41/><W33/><G124/><T114/><D114/><U59/><E108/><V135/><F113/><W128/><G14/><T106/><D109/><U120/><E133/><V82/><F126/><W40/><G40/><T98/><D127/><U111/><E111/><V88/><F135/><W10/><G0/><T53/><D107/><U42/><E120/><V57/><F19/><W101/><G101/><T129/><D129/><U92/><E25/><V110/><F110/><W104/><G104/><T36/><D36/><U97/><E42/><V131/><F131/><W60/><G60/><T119/><D119/><U75/><E75/><N who="2" m="28683" /><F54/><W27/><G128/><T13/><D53/><U134/><E134/><V125/><F57/><W47/><G47/><T56/><D56/><N who="1" m="37031" /><E63/><V45/><F58/><W62/><G62/><T115/><D115/><U23/><E23/><AGARI ba="0,0" hai="2,7,10,15,17,23,27,28,33,69,71,87,89,93" machi="23" ten="30,3900,0" yaku="7,1,24,2" doraHai="46" who="3" fromWho="1" sc="217,0,173,-39,240,0,370,39" /><INIT seed="3,0,0,2,2,46" ten="217,134,240,409" oya="3" hai0="96,74,123,87,37,67,104,18,88,132,99,133,22" hai1="62,79,44,60,27,106,122,125,15,78,29,103,17" hai2="118,113,41,92,0,108,34,55,76,57,101,120,112" hai3="84,33,134,32,43,20,3,11,100,86,47,25,38"/><W94/><G134/><N who="0" m="51819" /><D123/><U16/><E122/><V14/><F118/><W42/><G42/><T98/><D74/><U75/><E125/><V53/><F0/><W51/><G38/><T1/><D1/><U129/><E129/><V36/><F120/><W130/><G86/><T4/><D4/><U105/><E75/><V66/><F34/><W10/><G10/><T124/><D37/><U81/><E81/><V2/><F2/><W5/><G130/><T64/><D104/><U89/><E89/><V28/><F28/><W95/><G95/><N who="0" m="54687" /><D124/><U117/><E117/><V31/><F31/><W8/><G8/><T90/><D90/><U93/><E106/><V24/><F76/><W131/><G84/><T77/><D77/><U107/><E105/><V128/><F36/><W63/><G131/><T19/><D19/><U85/><E107/><V58/><F128/><W127/><G63/><T40/><D40/><U82/><E79/><V121/><F41/><W56/><G56/><T119/><D119/><U6/><E6/><V54/><F58/><W23/><G23/><T68/><D68/><U69/><E44/><V50/><F57/><W70/><G70/><T135/><N who="0" m="51827" /><T109/><DORA hai="115" /><D109/><U114/><E114/><V80/><F108/><W73/><G73/><T39/><D39/><U48/><E48/><V91/><F121/><W7/><G7/><T59/><D59/><U83/><E83/><V71/><F80/><W72/><G72/><T65/><D65/><U26/><E26/><AGARI ba="0,0" hai="18,22,26,64,67,96,98,99" m="54687,51827" machi="26" ten="40,2600,0" yaku="20,1,54,1" doraHai="46,115" who="0" fromWho="1" sc="217,26,134,-26,240,0,409,0" owari="243,4.3,108,-39.2,240,-16.0,409,50.9" /></mjloggm>