<mjloggm ver="2.3"><GO type="225" lobby="0"/><UN n0="%E4%B8%89%E5%86%A0%E7%8E%8B%E3%83%BB%E5%B1%B1%E7%94%B0%E5%93%B2%E4%BA%BA" n1="%70%68%65%6E%6F%6D%65" n2="%38%63%E3%81%AF%E3%81%A3%E3%81%97%E3%83%BC" n3="%E6%A0%B9%E5%85%83%E3%81%8B%E3%82%89%E5%90%B9%E3%81%A3%E9%A3%9B%E3%81%B6" dan="16,16,16,17" rate="2121.73,2119.52,2087.99,2219.02" sx="M,M,M,F"/><TAIKYOKU oya="0"/><INIT seed="0,0,0,2,5,103" ten="250,250,250,250" oya="0" hai0="22,94,27,42,133,88,12,82,19,125,86,78,92" hai1="4,59,67,100,87,1,114,101,89,105,18,8,29" hai2="45,46,84,109,90,91,30,43,54,16,36,81,99" hai3="53,60,0,32,25,9,28,115,130,83,116,112,65"/><T104/><D133/><U52/><E114/><V39/><F109/><W7/><G116/><T21/><D125/><U121/><E121/><V20/><F30/><W134/><G130/><T97/><D42/><U93/><E29/><V127/><F127/><W3/><G134/><T71/><D71/><U77/><E67/><V98/><F90/><W80/><G0/><T56/><D56/><U35/><E35/><V13/><REACH who="2" step="1"/><F54/><REACH who="2" ten="250,250,240,250" step="2"/><W108/><G53/><T113/><D113/><U17/><E77/><V50/><F50/><W6/><G108/><T23/><D104/><U70/><E101/><V66/><F66/><W44/><G115/><T124/><D124/><U120/><E120/><V5/><F5/><W11/><G112/><T111/><D111/><U126/><E126/><V96/><F96/><W79/><G79/><T61/><D61/><U73/><E100/><V58/><F58/><W10/><G44/><T57/><D57/><U51/><E105/><V40/><AGARI ba="0,1" hai="13,16,20,36,39,40,43,45,46,81,84,91,98,99" machi="40" ten="30,7900,0" yaku="1,1,0,1,9,1,54,1,53,0" doraHai="103" doraHaiUra="33" who="2" fromWho="2" sc="250,-39,250,-20,240,89,250,-20" /><INIT seed="1,0,0,2,3,59" ten="211,230,329,230" oya="1" hai0="107,105,104,81,35,4,34,46,53,117,124,130,85" hai1="78,19,128,75,28,1,133,29,16,67,119,25,122" hai2="39,64,114,89,32,47,83,91,13,61,120,3,98" hai3="121,66,102,115,55,40,92,72,51,45,77,8,56"/><U131/><E75/><V48/><F3/><W58/><G121/><T106/><N who="0" m="26624" /><DORA hai="97" /><T99/><D117/><U37/><E37/><V125/><F120/><W43/><G115/><T87/><D124/><U93/><E122/><V71/><F32/><W27/><G72/><T12/><D130/><U95/><E78/><V118/><F118/><W135/><G77/><T109/><D109/><U132/><E119/><V18/><F114/><W63/><G135/><N who="1" m="51786" /><E67/><V36/><F125/><W88/><G8/><T49/><D99/><U70/><E70/><V6/><F6/><W21/><G102/><T101/><D101/><U116/><E116/><V57/><F71/><W84/><G45/><T74/><D74/><U20/><E1/><V60/><F60/><W79/><G79/><T134/><D134/><U24/><E93/><V76/><F36/><W103/><G103/><T44/><D44/><U111/><E95/><V113/><F39/><W42/><G42/><T2/><D2/><U0/><E111/><V11/><F98/><W69/><G69/><T30/><D30/><AGARI ba="0,0" hai="21,27,30,40,43,51,55,56,58,63,66,84,88,92" machi="30" ten="30,7700,0" yaku="7,1,8,1,52,1,54,1" doraHai="59,97" who="3" fromWho="0" sc="211,-77,230,0,329,0,230,77" /><INIT seed="2,0,0,5,2,2" ten="134,230,329,307" oya="2" hai0="92,99,134,81,93,74,10,51,130,13,22,61,6" hai1="106,129,111,101,26,109,20,105,78,35,108,28,73" hai2="120,33,38,88,100,68,114,30,84,48,67,117,0" hai3="49,32,7,82,3,58,127,107,125,80,34,90,43"/><V46/><F120/><W133/><G107/><T37/><D37/><U24/><E129/><V18/><F117/><W21/><G133/><T71/><D130/><U103/><E78/><V86/><F38/><W62/><G21/><T128/><D128/><U19/><REACH who="1" step="1"/><E73/><REACH who="1" ten="134,220,329,307" step="2"/><V132/><F132/><W5/><G125/><T123/><D134/><U11/><E11/><V8/><F114/><W118/><G127/><T36/><D123/><U113/><E113/><V66/><F100/><AGARI ba="0,1" hai="19,20,24,26,28,35,100,101,103,105,106,108,109,111" machi="100" ten="40,2600,0" yaku="1,1,14,1,53,0" doraHai="2" doraHaiUra="87" who="1" fromWho="2" sc="134,0,220,36,329,-26,307,0" /><INIT seed="3,0,0,0,3,64" ten="134,256,303,307" oya="3" hai0="9,42,123,46,22,95,3,125,24,122,51,112,57" hai1="10,130,87,97,121,131,85,119,118,94,102,74,52" hai2="83,23,16,25,62,59,39,98,79,58,70,128,72" hai3="104,29,31,15,132,120,135,73,53,127,56,50,2"/><W20/><G127/><T49/><D125/><U33/><E33/><V34/><F39/><W76/><G2/><T18/><D112/><U65/><E10/><V106/><F128/><N who="1" m="49193" /><E65/><V126/><F126/><W93/><G104/><T66/><D3/><U91/><E52/><V12/><F70/><W82/><G120/><T37/><D51/><U61/><E61/><V67/><F98/><W114/><G114/><T13/><D95/><N who="1" m="54767" /><E121/><V43/><F106/><W21/><G93/><T89/><D89/><N who="1" m="53567" /><E74/><V35/><F43/><W111/><G111/><T101/><D101/><U77/><E77/><V7/><F59/><W4/><G21/><T5/><D66/><U8/><E8/><V115/><F115/><W109/><G109/><T69/><D69/><U54/><E54/><V0/><F0/><W28/><REACH who="3" step="1"/><G20/><REACH who="3" ten="134,256,303,297" step="2"/><T63/><REACH who="0" step="1"/><D37/><REACH who="0" ten="124,256,303,297" step="2"/><U11/><E102/><V19/><F19/><W26/><G26/><T92/><D92/><U32/><E97/><V129/><F129/><W36/><G36/><T84/><D84/><U88/><E118/><V14/><F25/><W1/><G1/><T117/><D117/><U55/><E119/><V113/><F113/><W6/><G6/><T105/><D105/><U17/><E17/><V38/><F38/><W90/><G90/><T30/><D30/><U116/><E88/><V40/><F7/><W44/><G44/><T71/><D71/><U75/><E116/><V107/><F107/><W68/><G68/><T48/><D48/><U27/><E27/><V47/><F16/><W133/><G133/><T134/><D134/><U124/><E124/><RYUUKYOKU ba="0,2" sc="124,15,256,-15,303,-15,297,15" hai0="5,9,13,18,22,24,42,46,49,57,63,122,123" hai3="4,15,28,29,31,50,53,56,73,76,82,132,135" owari="139,-36.1,241,-15.9,288,8.8,332,43.2" /></mjloggm>