<mjloggm ver="2.3"><GO type="225" lobby="0"/><UN n0="%72%61%6B%33" n1="%E3%83%B4%E3%83%A0%EF%BC%99%E3%81%A6" n2="%73%6C%69%63%6B%33%31%39" n3="%72%69%6F%75%63%68%61%6E" dan="17,17,16,17" rate="2149.90,2123.78,2105.59,2269.23" sx="M,M,M,M"/><TAIKYOKU oya="0"/><INIT seed="0,0,0,2,4,117" ten="250,250,250,250" oya="0" hai0="110,45,133,17,99,51,35,81,126,40,101,113,44" hai1="91,16,46,32,80,55,64,24,104,8,125,59,49" hai2="124,25,50,36,30,85,132,123,28,118,39,67,29" hai3="3,12,20,100,134,62,54,1,107,108,47,10,96"/><T129/><D113/><U114/><E125/><V71/><F124/><W27/><G108/><T70/><D126/><U83/><E114/><V72/><F72/><W130/><G134/><T21/><D35/><U26/><E104/><V61/><F132/><W73/><G130/><T6/><D133/><U34/><E34/><V23/><F118/><W103/><G73/><T74/><D70/><U66/><E32/><V98/><F123/><W97/><G62/><T115/><D115/><U77/><E77/><V106/><F85/><W112/><G112/><T38/><D6/><U53/><E80/><V68/><F68/><W0/><G54/><T90/><D110/><U31/><E31/><V60/><F60/><W4/><G47/><T18/><D129/><U128/><E128/><V131/><F131/><W65/><G65/><T105/><D21/><U111/><E111/><V89/><F50/><W58/><G58/><T86/><REACH who="0" step="1"/><D74/><REACH who="0" ten="240,250,250,250" step="2"/><U93/><E8/><V7/><F7/><W119/><G119/><T95/><D95/><U19/><E93/><V82/><F106/><W41/><G107/><T69/><D69/><U122/><E24/><V42/><F23/><W56/><G20/><T116/><D116/><U92/><E92/><V37/><F25/><W120/><G27/><T15/><D15/><U33/><E26/><V14/><F14/><W9/><G12/><T48/><D48/><N who="1" m="31143" /><E33/><V2/><F71/><W94/><G94/><T75/><D75/><U57/><E49/><V84/><F98/><W13/><G96/><T109/><D109/><U88/><E19/><V52/><F36/><RYUUKYOKU ba="0,1" sc="240,30,250,-10,250,-10,250,-10" hai0="17,18,38,40,44,45,51,81,86,90,99,101,105" /><INIT seed="0,1,1,3,4,74" ten="270,240,240,240" oya="0" hai0="57,118,55,83,84,5,26,72,42,70,39,85,21" hai1="115,127,104,121,82,79,90,68,132,0,99,112,119" hai2="58,69,52,23,13,56,29,126,15,33,3,6,50" hai3="38,8,62,92,2,125,123,86,64,17,71,37,25"/><T89/><D89/><U11/><E68/><V124/><F69/><W22/><G125/><N who="2" m="48233" /><F33/><W32/><G123/><T87/><D87/><BYE who="0" /><N who="1" m="48607" /><E127/><V4/><F29/><W67/><G64/><T46/><D46/><U35/><E35/><V9/><F23/><W98/><G32/><T91/><D91/><U107/><E121/><V100/><F100/><W95/><G86/><T130/><D130/><U106/><E11/><N who="2" m="4327" /><F58/><W19/><G92/><T47/><D47/><U73/><E0/><AGARI ba="1,1" hai="0,3,6,9,15,50,52,56" m="4327,48233" machi="0" ten="30,2000,0" yaku="18,1,54,1" doraHai="74" who="2" fromWho="1" sc="270,0,240,-23,240,33,240,0" /><INIT seed="1,0,0,2,2,123" ten="270,217,273,240" oya="1" hai0="91,26,51,134,66,118,48,3,88,126,18,11,28" hai1="120,119,127,113,86,73,98,105,109,16,34,20,8" hai2="30,128,55,94,111,19,69,5,79,24,85,4,103" hai3="9,96,57,97,108,102,115,67,107,40,33,12,80"/><U60/><E113/><V101/><F69/><W82/><G108/><T59/><D59/><U125/><E119/><V104/><F104/><W106/><G115/><T124/><D124/><N who="1" m="47691" /><E120/><V21/><F111/><W15/><G33/><T63/><D63/><U71/><E34/><V93/><F128/><W62/><G40/><T52/><D52/><U58/><E73/><V135/><F135/><W29/><G29/><T100/><D100/><N who="2" m="38474" /><F30/><W117/><G107/><T38/><D38/><U114/><E114/><V13/><F55/><W90/><G117/><T47/><D47/><U75/><E75/><V132/><F132/><W70/><G15/><T92/><D92/><N who="2" m="35434" /><F24/><W130/><G130/><T25/><D25/><N who="1" m="14471" /><E105/><V7/><F85/><W45/><G97/><T32/><D32/><U131/><E131/><V35/><F35/><W61/><G90/><T76/><D76/><AGARI ba="0,0" hai="4,5,7,13,19,21,76,79" m="35434,38474" machi="76" ten="30,1000,0" yaku="8,1" doraHai="123" who="2" fromWho="0" sc="270,-10,217,0,273,10,240,0" /><INIT seed="2,0,0,2,0,78" ten="260,217,283,240" oya="2" hai0="113,59,29,104,81,54,84,19,56,122,111,48,49" hai1="1,102,98,14,62,46,64,27,51,108,47,7,87" hai2="109,99,23,30,88,42,73,129,121,68,50,16,85" hai3="101,71,72,24,132,103,6,37,75,53,2,86,125"/><V82/><F121/><W57/><G71/><T13/><D13/><U134/><E134/><V80/><F68/><W25/><G132/><T12/><D12/><U38/><E108/><V74/><F109/><W39/><G125/><T79/><D79/><U119/><E1/><V90/><F30/><W70/><G70/><T21/><D21/><U8/><E119/><V18/><F129/><W65/><G65/><T93/><D93/><U44/><E38/><V0/><F0/><W118/><G118/><T63/><D63/><U40/><E27/><V55/><F42/><W4/><G2/><T130/><D130/><U20/><E20/><V96/><F73/><W128/><G128/><T33/><D33/><U91/><E62/><V77/><F90/><W89/><G75/><T52/><D52/><U67/><E67/><V76/><F76/><W66/><G66/><T61/><D61/><U114/><E64/><V11/><F11/><W106/><G72/><T117/><D117/><U28/><E28/><V45/><REACH who="2" step="1"/><F18/><REACH who="2" ten="260,217,273,240" step="2"/><W5/><G37/><T26/><D26/><AGARI ba="0,1" hai="16,23,26,45,50,55,74,77,80,82,85,88,96,99" machi="26" ten="30,24000,3" yaku="1,1,2,1,7,1,52,2,54,2,53,1" doraHai="78" doraHaiUra="15" who="2" fromWho="0" sc="260,-240,217,0,273,250,240,0" /><INIT seed="2,1,0,2,2,104" ten="20,217,523,240" oya="2" hai0="41,118,127,1,97,94,28,27,82,90,84,22,53" hai1="130,60,116,91,34,83,19,132,108,33,52,9,2" hai2="8,0,112,12,85,129,54,122,101,67,86,95,134" hai3="18,114,3,131,49,7,124,42,120,93,71,75,115"/><V30/><F112/><N who="3" m="43051" /><G120/><T105/><D105/><U79/><E116/><V65/><F122/><W43/><G71/><T126/><D126/><U102/><E102/><V17/><F129/><W50/><G131/><T58/><D58/><U37/><E130/><V111/><F134/><W74/><G124/><T39/><D39/><U44/><E132/><V6/><F111/><W106/><G106/><T13/><D13/><U47/><E91/><V107/><F107/><W26/><G93/><T51/><D51/><N who="3" m="19465" /><G7/><T45/><D45/><U32/><E108/><V57/><F30/><W11/><G3/><T38/><D38/><U98/><E98/><N who="2" m="59615" /><F0/><W63/><G63/><T64/><D64/><N who="2" m="24650" /><F6/><W135/><G135/><T59/><D59/><U56/><E37/><V68/><F68/><W55/><G55/><T24/><D24/><U128/><E128/><V70/><F70/><W92/><G92/><T110/><D110/><U46/><E2/><V10/><F10/><W96/><G96/><T76/><D76/><U25/><E9/><V125/><F125/><W5/><G5/><T99/><D99/><U121/><E121/><V133/><F133/><W117/><G117/><T20/><D20/><U72/><REACH who="1" step="1"/><E32/><REACH who="1" ten="20,207,523,240" step="2"/><V80/><F80/><W31/><G11/><T123/><D123/><U89/><E89/><V23/><F8/><W109/><G109/><T66/><D66/><U77/><E77/><V69/><F69/><W119/><G119/><T61/><D61/><AGARI ba="1,1" hai="12,17,23,54,57,61,85,86" m="24650,59615" machi="61" ten="30,1500,0" yaku="8,1" doraHai="104" who="2" fromWho="0" sc="20,-18,207,0,523,28,240,0" /><INIT seed="2,2,0,4,0,100" ten="2,207,551,240" oya="2" hai0="93,48,129,37,81,106,126,103,6,1,76,114,35" hai1="42,64,28,67,53,10,36,109,66,52,72,16,128" hai2="29,44,113,68,111,54,3,95,82,55,40,120,102" hai3="5,73,135,32,124,61,45,2,15,88,41,75,43"/><V27/><F113/><W70/><G2/><T91/><D91/><U59/><E72/><V63/><F120/><W20/><G32/><T51/><D51/><N who="1" m="31135" /><E36/><V85/><F3/><W0/><G0/><T92/><D92/><U108/><E42/><V62/><F111/><N who="1" m="42569" /><E128/><V132/><F132/><W23/><G124/><T87/><D87/><U98/><E28/><V12/><F12/><W84/><G135/><T118/><D118/><U104/><E53/><V17/><F17/><W4/><G73/><T122/><D122/><U33/><E33/><V14/><F14/><W112/><G75/><T69/><D69/><U34/><E34/><V47/><F95/><W110/><G110/><T31/><D31/><U19/><E10/><V121/><F102/><AGARI ba="2,0" hai="16,19,64,66,67,98,102,104" m="42569,31135" machi="102" ten="30,7700,0" yaku="14,1,52,1,54,2" doraHai="100" who="1" fromWho="2" sc="2,0,207,83,551,-83,240,0" /><INIT seed="3,0,0,2,5,107" ten="2,290,468,240" oya="3" hai0="63,83,56,119,26,73,97,84,80,42,77,100,9" hai1="67,120,61,35,20,99,58,124,108,74,122,128,10" hai2="115,21,131,13,16,52,12,33,113,78,135,94,121" hai3="39,111,25,89,51,48,28,98,1,23,86,50,76"/><W104/><G1/><T55/><D55/><U109/><E35/><V4/><F33/><W88/><G39/><T70/><D70/><U130/><E124/><V60/><F131/><N who="1" m="50217" /><E99/><V64/><F135/><W45/><G111/><N who="1" m="42570" /><E10/><V126/><F126/><W2/><G2/><T27/><D27/><U90/><E90/><N who="3" m="34922" /><G104/><T19/><D19/><U8/><E8/><V49/><F78/><W29/><G98/><T87/><D87/><U54/><E74/><V102/><F121/><N who="1" m="46697" /><E20/><V62/><F102/><W112/><G112/><T132/><D132/><U117/><E117/><V36/><F115/><W91/><G76/><T92/><D92/><U6/><E6/><V68/><F113/><W41/><G28/><T0/><D0/><U103/><E103/><V101/><F94/><AGARI ba="0,0" hai="23,25,29,41,45,48,50,51,86,91,94" m="34922" machi="94" ten="30,2900,0" yaku="8,1,54,1" doraHai="107" who="3" fromWho="2" sc="2,0,290,0,468,-29,240,29" /><INIT seed="3,1,0,5,0,82" ten="2,290,439,269" oya="3" hai0="0,79,84,101,127,103,52,49,54,102,32,63,21" hai1="70,3,74,96,19,109,72,128,124,95,24,121,56" hai2="61,83,44,18,111,48,59,10,20,8,94,113,118" hai3="131,11,110,120,12,9,122,112,80,87,71,23,39"/><W78/><G112/><T69/><D69/><U16/><E70/><V123/><F113/><W76/><G71/><T22/><D22/><U129/><E121/><V66/><F118/><W93/><G39/><T33/><D33/><U45/><E3/><V116/><F116/><W99/><G131/><N who="1" m="50250" /><E109/><V130/><F111/><W28/><G110/><T38/><D38/><U5/><E5/><V97/><F130/><W6/><G76/><T1/><D1/><U77/><E124/><V36/><F83/><W43/><G43/><T65/><D65/><U13/><E45/><V86/><F86/><W4/><G28/><T17/><D17/><N who="1" m="6731" /><E13/><N who="2" m="9295" /><F36/><W51/><G51/><T75/><D75/><N who="1" m="28715" /><E77/><V108/><F108/><W67/><G67/><T115/><D115/><U85/><E85/><V41/><F123/><W60/><G23/><T107/><D107/><U114/><E24/><V55/><F66/><W126/><G126/><T53/><D53/><U57/><E114/><V58/><F58/><W29/><G29/><T100/><D100/><AGARI ba="1,0" hai="56,57,95,96,100" m="28715,6731,50250" machi="100" ten="30,2000,0" yaku="19,1,54,1" doraHai="82" who="1" fromWho="0" sc="2,-23,290,23,439,0,269,0" /><AGARI ba="1,0" hai="8,10,41,44,48,55,59,61,94,97,100" m="9295" machi="100" ten="30,1000,0" yaku="8,1" doraHai="82" who="2" fromWho="0" sc="-21,-10,313,0,439,10,269,0" owari="-31,-53.1,313,11.3,449,54.9,269,-13.1" /></mjloggm>