<mjloggm ver="2.3"><GO type="225" lobby="0"/><UN n0="%E3%81%AF%E3%82%88%E3%81%8A%E3%81%98%E3%81%95%E3%82%93" n1="%E7%B4%94%E6%BD%94%E3%83%94%E3%83%A9%E3%83%8B%E3%82%A2" n2="%E3%81%99%E3%81%84%E3%81%BE%E3%81%9B%E3%83%BC%E3%82%93" n3="%48%61%61%61%6C%61%6E%64" dan="17,17,16,18" rate="2207.56,2296.99,2080.29,2214.35" sx="M,M,M,M"/><TAIKYOKU oya="0"/><INIT seed="0,0,0,0,4,10" ten="250,250,250,250" oya="0" hai0="74,39,18,51,133,100,20,71,92,58,45,28,52" hai1="57,75,117,13,128,3,98,82,66,114,87,89,67" hai2="126,132,120,54,49,97,16,130,73,102,134,125,32" hai3="121,79,101,96,110,85,99,111,23,129,22,7,88"/><T34/><D71/><U124/><E3/><V12/><F73/><W86/><G129/><T29/><D74/><U38/><E38/><V108/><F32/><W24/><G121/><T33/><D133/><N who="2" m="51306" /><F108/><N who="3" m="41515" /><G7/><T41/><D34/><U17/><E75/><V72/><F72/><W59/><G59/><T113/><D33/><U135/><E124/><N who="2" m="47723" /><F120/><W81/><G101/><T36/><D39/><U56/><E114/><V80/><F80/><N who="3" m="49191" /><G22/><T31/><D113/><U47/><E117/><V55/><F49/><W11/><G11/><T119/><D119/><U19/><E82/><V43/><F43/><W70/><G70/><T104/><D104/><U116/><E116/><V103/><F130/><W83/><G81/><T69/><D69/><U68/><E68/><V127/><N who="2" m="47731" /><V118/><DORA hai="26" /><F118/><W115/><G115/><T61/><D36/><U0/><E128/><V60/><F60/><W9/><G9/><T1/><D1/><U122/><E0/><V65/><F65/><W15/><G15/><N who="0" m="9311" /><D92/><U21/><E21/><N who="2" m="11399" /><F103/><AGARI ba="0,0" hai="28,29,31,41,45,51,52,58,61,100,103" m="9311" machi="103" ten="30,18000,2" yaku="8,1,52,4,54,1" doraHai="10,26" who="0" fromWho="2" sc="250,180,250,0,250,-180,250,0" /><INIT seed="0,1,0,0,0,37" ten="430,250,70,250" oya="0" hai0="78,15,5,119,33,73,76,116,9,40,87,29,77" hai1="89,102,47,135,69,99,30,122,60,10,121,28,133" hai2="64,41,50,123,125,92,111,63,134,39,7,58,48" hai3="108,13,110,25,74,66,67,93,22,96,44,91,101"/><T104/><D73/><U56/><E89/><V35/><F123/><N who="1" m="47113" /><E10/><V115/><F35/><W71/><G74/><T21/><D104/><N who="1" m="63583" /><E47/><V46/><F115/><W85/><G13/><T83/><D33/><U98/><E98/><V52/><F125/><W130/><G44/><T120/><D120/><U107/><E107/><V112/><F112/><W14/><G14/><T129/><D129/><U100/><E100/><V97/><F134/><N who="1" m="51209" /><E69/><V11/><F111/><N who="3" m="42539" /><G71/><T105/><D105/><U57/><E57/><V127/><F127/><W54/><G130/><T106/><D106/><U31/><E30/><V3/><REACH who="2" step="1"/><F64/><AGARI ba="1,0" hai="28,31,56,60,64" m="51209,63583,47113" machi="64" ten="30,1000,0" yaku="20,1" doraHai="37" who="1" fromWho="2" sc="430,0,250,13,70,-13,250,0" /><INIT seed="1,0,0,1,3,61" ten="430,263,57,250" oya="1" hai0="89,114,120,31,77,108,94,24,106,129,101,107,72" hai1="96,8,55,71,34,66,59,26,105,78,113,9,91" hai2="23,46,74,68,37,57,53,19,83,29,22,40,30" hai3="84,121,109,2,86,64,73,85,47,63,13,35,80"/><U117/><E113/><V92/><F68/><W130/><G121/><T116/><D116/><U95/><E117/><V3/><F3/><W118/><G118/><T38/><D38/><U97/><E78/><V123/><F123/><W10/><G109/><T43/><D43/><U126/><E126/><V44/><F44/><W14/><G35/><T93/><D120/><U110/><E110/><V50/><F23/><W6/><G130/><T45/><D45/><U119/><E71/><V51/><F37/><W12/><G47/><T7/><D7/><U27/><E119/><V60/><F74/><W99/><G99/><T132/><D114/><U81/><E34/><V18/><F83/><W42/><G42/><T102/><D24/><N who="1" m="9259" /><E105/><V32/><F32/><W5/><G73/><T25/><D25/><U98/><E81/><V41/><F41/><W16/><G80/><N who="0" m="45095" /><D31/><N who="2" m="11786" /><F22/><W62/><G5/><T56/><D108/><U49/><E66/><V100/><F51/><W69/><REACH who="3" step="1"/><G63/><REACH who="3" ten="430,263,57,240" step="2"/><T90/><D129/><U135/><E135/><V112/><F112/><W0/><G0/><T65/><D132/><U58/><E58/><V124/><F124/><W133/><G133/><T87/><D56/><U21/><E98/><AGARI ba="0,1" hai="18,19,40,46,50,53,57,60,92,98,100" m="11786" machi="98" ten="30,1000,0" yaku="8,1" doraHai="61" who="2" fromWho="1" sc="430,0,263,-10,57,20,240,0" /><INIT seed="2,0,0,1,0,88" ten="430,253,77,240" oya="2" hai0="129,105,107,67,122,100,32,89,92,29,34,131,35" hai1="62,23,38,121,81,119,22,116,50,15,83,135,99" hai2="25,93,27,63,104,20,16,76,52,80,127,98,74" hai3="64,58,59,51,125,14,43,110,57,72,95,102,41"/><V112/><F112/><W123/><G123/><T91/><D122/><U5/><E38/><V28/><F127/><W126/><G72/><T10/><D29/><U21/><E121/><V101/><F104/><W106/><G106/><T84/><D67/><U134/><E62/><V18/><REACH who="2" step="1"/><F27/><REACH who="2" ten="430,253,67,240" step="2"/><W8/><G125/><T42/><D105/><U7/><E119/><V36/><F36/><W79/><G126/><T66/><D107/><U46/><E116/><V54/><F54/><W118/><G118/><T86/><D131/><U87/><E135/><V132/><F132/><W47/><G43/><T61/><D129/><U69/><E134/><V103/><F103/><W48/><G102/><T120/><D100/><U45/><E15/><V71/><F71/><W78/><G41/><T53/><D42/><U9/><E69/><V26/><F26/><W49/><G14/><T13/><D53/><U97/><E9/><V65/><F65/><W44/><G64/><T2/><D120/><U12/><E12/><V124/><F124/><W56/><G8/><T3/><D13/><U60/><E7/><V130/><F130/><W24/><G24/><T11/><D10/><U33/><E5/><V40/><F40/><W117/><G117/><T55/><D55/><U128/><E128/><V94/><F94/><W37/><G95/><N who="0" m="54695" /><D11/><U75/><E83/><V73/><F73/><W6/><G6/><T109/><D66/><U1/><E81/><V96/><F96/><W70/><G70/><T4/><D4/><U111/><E75/><V90/><F90/><W68/><N who="3" m="14336" /><DORA hai="19" /><W17/><G68/><RYUUKYOKU ba="0,1" sc="430,-10,253,-10,67,30,240,-10" hai2="16,18,20,25,28,52,63,74,76,80,93,98,101" /><INIT seed="2,1,1,1,5,64" ten="420,243,97,230" oya="2" hai0="3,97,24,75,16,113,30,26,114,71,102,107,81" hai1="28,1,53,73,34,78,82,105,55,85,40,15,39" hai2="80,63,65,119,115,51,96,23,19,58,2,10,86" hai3="134,50,84,42,32,59,74,18,91,35,67,66,89"/><V93/><F115/><W54/><G74/><T56/><D71/><U122/><E122/><V48/><F119/><W44/><G134/><T98/><D3/><U8/><E105/><V37/><F37/><W46/><G32/><T118/><D118/><U27/><E85/><V47/><F2/><W60/><G35/><T108/><D108/><U21/><E21/><V92/><F10/><W6/><G6/><T132/><D132/><U111/><E111/><V83/><F93/><W103/><G103/><T104/><D56/><U36/><E36/><V125/><F125/><W135/><G135/><T4/><D4/><N who="1" m="1039" /><E15/><N who="2" m="9727" /><F86/><W128/><G128/><T41/><D16/><U62/><E62/><V131/><F131/><W38/><G18/><T110/><D41/><U129/><E129/><V33/><F33/><W11/><G11/><T126/><D126/><U69/><E69/><V5/><F5/><W99/><G99/><T70/><D70/><U87/><E87/><V127/><F127/><W116/><G116/><T117/><D110/><U133/><E133/><V100/><F51/><W61/><REACH who="3" step="1"/><G84/><REACH who="3" ten="420,243,97,220" step="2"/><T7/><D7/><U120/><E120/><V130/><F130/><W68/><AGARI ba="1,2" hai="38,42,44,46,50,54,59,60,61,66,67,68,89,91" machi="68" ten="20,8000,1" yaku="1,1,2,1,0,1,7,1,52,1,53,0" doraHai="64" doraHaiUra="25" who="3" fromWho="3" sc="420,-21,243,-21,97,-41,220,103" /><INIT seed="3,0,0,3,1,56" ten="399,222,56,323" oya="3" hai0="68,33,83,9,115,26,52,106,107,65,94,109,122" hai1="37,73,123,50,132,12,128,15,32,36,75,131,82" hai2="18,54,108,84,22,126,103,101,34,20,110,78,85" hai3="121,4,35,55,46,77,92,74,42,28,97,49,47"/><W116/><G116/><T0/><D122/><U11/><E123/><V7/><F34/><W86/><G121/><T13/><D0/><U57/><E32/><V87/><F78/><W112/><G112/><T69/><D115/><U125/><E132/><V17/><F54/><W23/><G35/><T117/><D117/><U79/><E125/><V130/><F7/><W80/><G4/><T24/><D109/><U72/><E50/><V105/><F105/><W62/><G74/><T127/><D127/><U27/><E27/><V114/><F114/><W124/><G124/><T111/><D111/><U45/><E45/><V41/><F41/><W81/><G81/><T118/><D118/><U58/><E82/><V98/><F98/><W100/><G62/><T2/><D2/><U129/><E11/><V3/><F3/><W40/><REACH who="3" step="1"/><G47/><REACH who="3" ten="399,222,56,313" step="2"/><T63/><D33/><U91/><E75/><V71/><F126/><W8/><G8/><T16/><D69/><U99/><E131/><V119/><F71/><W53/><G53/><T67/><D65/><U89/><REACH who="1" step="1"/><E79/><REACH who="1" ten="399,212,56,313" step="2"/><V19/><F130/><W90/><G90/><T66/><D83/><U102/><E102/><V43/><F119/><W88/><G88/><T60/><D9/><U95/><E95/><V64/><F43/><W96/><G96/><AGARI ba="0,2" hai="12,15,36,37,57,58,72,73,89,91,96,99,128,129" machi="96" ten="25,3200,0" yaku="1,1,22,2,53,0" doraHai="56" doraHaiUra="76" who="1" fromWho="3" sc="399,0,212,52,56,0,313,-32" owari="399,49.9,264,-13.6,56,-44.4,281,8.1" /></mjloggm>