<mjloggm ver="2.3"><GO type="225" lobby="0"/><UN n0="%72%61%6B%33" n1="%E3%81%B8%E3%82%80%E3%81%B8%E3%82%80%EF%BC%92%E5%8F%B7" n2="%E7%89%B9%E6%9D%B1%E3%81%AF%E4%B8%96%E7%95%8C%E3%82%92%E6%95%91%E3%81%86" n3="%E3%81%A1%E3%82%85%E3%81%86%E3%81%A9%E3%81%8F%E8%B1%A1%E3%81%95%E3%82%93" dan="16,17,16,16" rate="2200.26,2213.59,2155.62,2158.65" sx="M,M,M,M"/><TAIKYOKU oya="0"/><INIT seed="0,0,0,3,4,114" ten="250,250,250,250" oya="0" hai0="105,84,121,21,57,74,127,71,81,62,34,24,65" hai1="23,49,20,15,25,50,122,46,117,73,119,102,28" hai2="18,39,101,42,96,69,5,47,17,103,6,52,82" hai3="56,14,19,3,27,22,76,90,106,26,113,89,55"/><T78/><D127/><U29/><E73/><V1/><F69/><W59/><G113/><T51/><D121/><U66/><E122/><V33/><F33/><W92/><G3/><T38/><D105/><U97/><E66/><V37/><F37/><W12/><G106/><T48/><D38/><U0/><E0/><V131/><F131/><W77/><G55/><T85/><D34/><U44/><E15/><V118/><F103/><W7/><G92/><T87/><REACH who="0" step="1"/><D71/><REACH who="0" ten="240,250,250,250" step="2"/><U8/><E8/><V95/><F39/><W72/><G7/><T67/><D67/><U9/><E9/><V75/><F6/><W43/><G22/><T68/><D68/><U10/><E10/><V88/><F5/><W35/><G35/><T40/><D40/><U54/><E23/><V80/><F42/><W79/><G43/><T123/><D123/><U60/><E28/><AGARI ba="0,1" hai="21,24,28,48,51,57,62,65,74,78,81,84,85,87" machi="28" ten="40,7700,0" yaku="1,1,53,2" doraHai="114" doraHaiUra="45" who="0" fromWho="1" sc="240,87,250,-77,250,0,250,0" /><INIT seed="0,1,0,1,5,23" ten="327,173,250,250" oya="0" hai0="0,76,74,57,109,93,99,40,55,108,86,84,132" hai1="90,11,51,97,129,46,27,48,13,73,119,127,8" hai2="103,104,49,32,39,28,16,94,30,37,63,131,5" hai3="7,12,79,4,124,70,133,82,68,60,98,47,91"/><T113/><D0/><U112/><E119/><V19/><F104/><W26/><G133/><T102/><D40/><U50/><E112/><V2/><F131/><W88/><G124/><T96/><D57/><U59/><E127/><V117/><F117/><W22/><G47/><T71/><D55/><U75/><E129/><V115/><F115/><W80/><G60/><T10/><D10/><U106/><E46/><V20/><F39/><W21/><G12/><T81/><D71/><U35/><E59/><V3/><F37/><W95/><G91/><N who="0" m="55359" /><D113/><U120/><E120/><V25/><F30/><W15/><G21/><T72/><D132/><U34/><E11/><V52/><F63/><W126/><G126/><T61/><D61/><U9/><E9/><V123/><F123/><W107/><G15/><T78/><D78/><U6/><E35/><V77/><F77/><W116/><G116/><T69/><D69/><U101/><REACH who="1" step="1"/><E90/><REACH who="1" ten="327,163,250,250" step="2"/><V56/><F32/><W14/><G68/><T118/><D118/><U42/><E42/><V36/><F56/><W92/><G70/><T41/><D41/><U53/><E53/><V100/><F52/><W105/><G88/><T17/><D109/><U31/><AGARI ba="1,1" hai="6,8,13,27,31,34,48,50,51,73,75,97,101,106" machi="31" ten="30,4000,0" yaku="1,1,0,1,52,1,53,0" doraHai="23" doraHaiUra="134" who="1" fromWho="1" sc="327,-21,163,53,250,-11,250,-11" /><INIT seed="1,0,0,2,5,29" ten="306,216,239,239" oya="1" hai0="109,18,114,120,66,17,92,65,42,38,131,50,87" hai1="26,59,130,116,88,79,135,12,45,119,127,90,22" hai2="102,69,73,6,132,95,0,63,124,40,82,113,30" hai3="21,13,125,31,80,41,121,112,111,48,51,123,2"/><U89/><E127/><V67/><F40/><W122/><G112/><T128/><D114/><U24/><E135/><V23/><F132/><W62/><G2/><T106/><D106/><U76/><E130/><V47/><F47/><W53/><G125/><T9/><D38/><U104/><E104/><V93/><F124/><W4/><G111/><T61/><D109/><U100/><E100/><V33/><F113/><W54/><G41/><T28/><D120/><U84/><E45/><V60/><F23/><W83/><G62/><T126/><D126/><U56/><E116/><V1/><F63/><W36/><G36/><T105/><D105/><U107/><E107/><V52/><F52/><W115/><G115/><T94/><D28/><U85/><E119/><V86/><F73/><W78/><G31/><T103/><D87/><N who="1" m="33355" /><E12/><V16/><F102/><W81/><G78/><N who="1" m="29738" /><E22/><V108/><F108/><W15/><G21/><T34/><D103/><U8/><E8/><N who="2" m="2119" /><F1/><W91/><G91/><T49/><D9/><U110/><E110/><V39/><F39/><W74/><G74/><T3/><D3/><U71/><E71/><V64/><F33/><W20/><G20/><T5/><D34/><U10/><E10/><V77/><F69/><W46/><G4/><T7/><D42/><U68/><E68/><V118/><F118/><W44/><AGARI ba="0,0" hai="13,15,44,46,48,51,53,54,80,81,83,121,122,123" machi="44" ten="40,2700,0" yaku="0,1,9,1" doraHai="29" who="3" fromWho="3" sc="306,-7,216,-13,239,-7,239,27" /><INIT seed="2,0,0,3,4,56" ten="299,203,232,266" oya="2" hai0="12,58,50,131,96,31,37,87,85,43,67,114,97" hai1="44,17,134,60,32,109,45,52,57,89,82,98,75" hai2="3,83,103,92,116,122,105,48,34,49,28,64,91" hai3="35,40,81,33,110,65,30,104,95,63,55,72,19"/><V74/><F122/><W36/><G104/><T66/><D114/><U6/><E32/><V68/><F3/><W88/><G110/><T113/><D113/><U41/><E109/><V101/><F116/><W62/><G19/><T27/><D131/><U70/><E70/><V112/><F112/><W26/><G40/><T79/><D37/><U73/><E134/><V11/><F11/><W130/><G36/><T61/><D66/><U102/><E6/><V24/><F83/><W38/><G38/><T14/><D14/><U128/><E17/><V106/><F74/><W90/><G130/><T16/><D97/><U125/><E125/><V9/><F9/><W129/><G129/><T71/><D96/><U2/><E2/><V4/><F4/><W99/><G55/><T69/><D69/><U124/><E124/><V47/><F101/><W132/><G132/><T94/><D94/><U21/><E21/><V46/><F48/><W51/><G51/><T93/><D79/><U80/><E128/><V133/><F133/><W15/><G15/><T0/><D0/><U53/><E53/><N who="2" m="29879" /><F47/><N who="1" m="17993" /><E41/><V121/><F103/><W7/><G7/><T108/><D108/><U111/><E111/><V77/><F77/><N who="3" m="44199" /><G33/><T135/><D135/><U100/><E75/><V18/><F18/><W78/><G78/><T126/><D126/><U107/><E100/><V10/><F121/><W22/><G35/><N who="0" m="20991" /><D43/><U1/><E73/><V59/><F68/><N who="3" m="42039" /><G90/><N who="0" m="53455" /><D71/><U115/><E115/><V23/><F34/><W119/><G119/><T76/><D76/><U5/><E89/><V42/><F106/><W117/><G117/><RYUUKYOKU ba="0,0" sc="299,-15,203,15,232,-15,266,15" hai1="1,5,52,57,60,80,82,98,102,107" hai3="22,26,30,63,88,95,99" /><INIT seed="3,1,0,4,0,120" ten="284,218,217,281" oya="3" hai0="90,126,74,10,131,48,22,124,65,96,94,62,27" hai1="24,88,80,33,117,133,119,69,116,8,129,23,38" hai2="125,70,61,111,32,14,114,73,2,109,99,72,113" hai3="93,16,79,9,112,134,77,57,100,36,13,6,123"/><W46/><G112/><N who="2" m="43113" /><F2/><W11/><G123/><T37/><D37/><U0/><E38/><V43/><F32/><W40/><G134/><T1/><D74/><N who="2" m="28778" /><F14/><W115/><G115/><T52/><D131/><U54/><E133/><V127/><F43/><W107/><G107/><T42/><D42/><U53/><E69/><V105/><F105/><W83/><G57/><T110/><D110/><N who="2" m="41994" /><F99/><W66/><G66/><AGARI ba="1,0" hai="61,66,70,125,127" m="41994,28778,43113" machi="66" ten="40,8000,1" yaku="14,1,23,1,52,3" doraHai="120" who="2" fromWho="3" sc="284,0,218,0,217,83,281,-83" owari="284,8.4,218,-18.2,300,40.0,198,-30.2" /></mjloggm>