<mjloggm ver="2.3"><GO type="225" lobby="0"/><UN n0="%E3%82%BC%E3%83%AB%E3%83%80%E3%81%AE%E4%BC%9D%E8%AA%AC" n1="%E8%B6%85%E7%B4%9A%E9%B3%B3%E5%87%B0" n2="%E5%B0%8F%E9%B3%A5%E9%81%8A%E7%B7%B4%E7%84%A1%32%31%E6%AD%B3" n3="%6D%75%75%6D%75%72%61" dan="17,16,16,16" rate="2147.02,2173.78,2168.27,2116.11" sx="M,M,F,F"/><TAIKYOKU oya="0"/><INIT seed="0,0,0,0,5,41" ten="250,250,250,250" oya="0" hai0="18,20,62,80,4,76,113,115,88,53,32,40,59" hai1="35,42,33,6,34,77,130,47,129,121,98,132,51" hai2="86,107,63,65,58,117,110,119,0,14,74,83,104" hai3="27,67,69,87,72,100,55,22,118,71,26,79,49"/><T81/><D32/><U134/><E121/><V105/><F0/><W106/><G72/><T126/><D126/><U73/><E6/><V78/><F110/><W11/><G118/><T7/><D115/><U94/><E77/><V135/><F135/><N who="1" m="51753" /><E73/><V103/><F74/><W36/><G36/><T10/><D113/><U114/><E114/><V95/><F14/><W13/><G106/><T124/><D124/><U9/><E9/><V45/><F95/><W23/><G100/><AGARI ba="0,0" hai="33,34,35,42,47,51,94,98,100,129,130" m="51753" machi="100" ten="40,2600,0" yaku="20,1,52,1" doraHai="41" who="1" fromWho="3" sc="250,0,250,26,250,0,250,-26" /><INIT seed="1,0,0,1,0,109" ten="250,276,250,224" oya="1" hai0="96,28,44,101,94,51,13,39,64,31,85,45,24" hai1="129,50,114,122,46,61,38,103,30,17,81,75,84" hai2="127,59,35,119,66,131,14,34,62,100,77,32,88" hai3="12,95,16,55,110,49,107,15,33,116,3,108,97"/><U22/><E129/><V99/><F131/><W68/><G3/><T36/><D64/><U121/><E38/><V9/><F119/><W86/><G68/><T40/><D13/><U89/><E75/><V134/><F77/><W78/><G33/><T26/><D85/><U4/><E4/><V83/><F134/><W29/><G29/><T0/><D0/><U115/><E30/><V135/><F135/><W128/><G128/><T74/><D74/><U2/><E2/><V23/><F23/><W123/><G123/><T60/><D60/><U92/><E61/><V1/><F1/><W132/><G132/><T20/><REACH who="0" step="1"/><D45/><REACH who="0" ten="240,276,250,224" step="2"/><U25/><E122/><V133/><F133/><W6/><G15/><T113/><D113/><U71/><E121/><V130/><F130/><W106/><G116/><T120/><D120/><U10/><E71/><V91/><F127/><W98/><G108/><T70/><D70/><U90/><E10/><V53/><F66/><W73/><G110/><T93/><D93/><U58/><E58/><V117/><F117/><W69/><G69/><T76/><D76/><U118/><E118/><V111/><F111/><W124/><G73/><T112/><D112/><U82/><E81/><V65/><F83/><N who="3" m="47479" /><G124/><T67/><D67/><U21/><E114/><V47/><F65/><W72/><G72/><T7/><D7/><U87/><E115/><V102/><F47/><N who="3" m="28095" /><G6/><T79/><D79/><U105/><E82/><V42/><F14/><W126/><G126/><T104/><D104/><N who="3" m="39977" /><G95/><T18/><D18/><U5/><E5/><V41/><F62/><W37/><G37/><RYUUKYOKU ba="0,1" sc="240,15,276,-15,250,-15,224,15" hai0="20,24,26,28,31,36,39,40,44,51,94,96,101" hai3="12,16,97,98" /><INIT seed="2,1,1,5,3,128" ten="255,261,235,239" oya="2" hai0="63,55,29,49,87,3,16,125,21,121,106,27,40" hai1="19,25,38,93,13,12,36,6,0,111,115,100,119" hai2="91,46,18,61,4,44,80,73,120,5,89,82,122" hai3="129,112,30,41,66,99,127,69,60,32,92,51,59"/><V14/><F61/><W43/><G129/><T64/><D121/><U7/><E115/><V131/><F14/><W84/><G112/><T94/><D106/><U135/><E119/><V71/><F131/><W17/><G127/><T28/><D3/><U95/><E111/><V47/><F18/><W57/><G84/><T9/><D125/><U56/><E0/><V53/><F53/><W74/><G74/><T110/><D110/><U123/><E123/><V133/><F46/><W114/><G114/><T126/><D40/><U48/><E25/><V79/><F71/><W134/><G134/><T34/><D126/><U35/><E35/><V54/><F54/><W20/><G32/><T65/><D34/><U81/><E19/><V75/><REACH who="2" step="1"/><F79/><REACH who="2" ten="255,261,225,239" step="2"/><W31/><G69/><T130/><D63/><U97/><E12/><V15/><F15/><N who="3" m="9279" /><G59/><T101/><D130/><U85/><E56/><V76/><F76/><W42/><G51/><T11/><D49/><U67/><E48/><V70/><F70/><W23/><G23/><T109/><D55/><U37/><E13/><V78/><F78/><W107/><G107/><T77/><D77/><U39/><E36/><V1/><F1/><W86/><G86/><T90/><D21/><U116/><E38/><V26/><F26/><W117/><G117/><T118/><D27/><U52/><E39/><V132/><AGARI ba="1,2" hai="4,5,44,47,73,75,80,82,89,91,120,122,132,133" machi="132" ten="25,18000,2" yaku="1,1,0,1,22,2,52,2,53,0" doraHai="128" doraHaiUra="62" who="2" fromWho="2" sc="255,-61,261,-61,225,203,239,-61" /><INIT seed="2,2,0,2,4,2" ten="194,200,428,178" oya="2" hai0="41,25,24,38,5,134,48,6,3,56,15,17,20" hai1="51,16,90,42,98,124,57,131,70,66,122,12,121" hai2="75,71,30,101,130,28,58,22,19,37,63,29,133" hai3="86,78,119,60,125,1,112,54,120,67,80,116,108"/><V43/><F75/><W128/><G120/><N who="1" m="46186" /><E131/><V114/><F71/><W89/><G128/><T72/><D72/><U64/><E124/><V50/><F37/><W59/><G125/><T23/><D134/><U31/><E31/><V82/><F114/><W7/><G112/><T10/><D38/><U61/><E66/><V100/><F82/><W33/><G108/><T117/><D117/><U105/><E42/><V4/><F130/><W102/><G33/><T127/><D127/><U94/><E105/><V93/><F50/><W0/><G102/><T73/><D73/><U46/><E46/><V132/><F43/><W81/><G67/><T45/><D56/><U113/><E113/><V109/><F109/><W52/><G54/><T110/><D110/><U99/><E51/><V69/><F69/><W76/><G1/><T106/><D106/><U32/><E32/><V49/><F133/><W40/><G40/><T129/><D129/><U36/><E36/><V123/><F132/><W65/><G65/><T103/><D103/><U44/><E44/><V27/><F101/><W9/><G78/><T115/><D115/><U55/><E55/><V34/><F49/><W135/><G135/><T26/><D3/><U95/><E95/><V39/><F34/><W14/><G0/><T68/><D68/><U18/><E70/><V107/><F107/><W88/><G89/><T35/><D35/><U13/><E98/><N who="2" m="59471" /><F39/><W104/><G104/><T97/><D97/><U62/><E62/><V111/><F111/><W53/><G53/><T96/><D96/><U126/><E126/><V85/><F123/><RYUUKYOKU ba="2,0" sc="194,10,200,10,428,-30,178,10" hai0="5,6,10,15,17,20,23,24,25,26,41,45,48" hai1="12,13,16,18,57,61,64,90,94,99" hai3="7,9,14,52,59,60,76,80,81,86,88,116,119" /><INIT seed="3,3,0,1,4,14" ten="204,210,398,188" oya="3" hai0="126,110,58,63,55,7,132,30,124,54,104,5,72" hai1="98,123,116,113,9,100,135,106,20,65,40,32,130" hai2="23,117,28,95,44,26,11,70,129,29,125,59,31" hai3="76,18,62,0,16,3,71,87,91,131,107,38,122"/><W41/><G122/><T67/><D110/><U4/><E123/><V94/><F70/><W74/><G107/><T6/><D132/><U15/><E113/><V43/><F117/><W119/><G119/><T68/><D104/><U60/><E116/><V92/><F129/><W50/><G38/><T79/><D30/><U61/><E32/><V101/><F125/><N who="0" m="48234" /><D68/><U89/><E130/><V97/><F59/><W34/><G34/><T81/><AGARI ba="3,0" hai="5,6,7,54,55,58,63,67,72,79,81" m="48234" machi="81" ten="40,1500,0" yaku="18,1" doraHai="14" who="0" fromWho="0" sc="204,24,210,-7,398,-7,188,-10" owari="228,2.8,203,-19.7,391,49.1,178,-32.2" /></mjloggm>