<mjloggm ver="2.3"><GO type="225" lobby="0"/><UN n0="%E6%97%A5%E6%9B%9C%E6%97%A5%E3%82%88%E3%82%8A%E3%81%AE%E4%BD%BF%E8%80%85" n1="%72%69%6F%75%63%68%61%6E" n2="%E7%BD%AA%E5%88%91%E6%B3%95%E5%AE%9A%E4%B8%BB%E7%BE%A9" n3="%73%75%7A%75%6D%65%33" dan="17,17,16,18" rate="2126.08,2252.68,2198.25,2268.94" sx="M,M,M,M"/><TAIKYOKU oya="0"/><INIT seed="0,0,0,3,1,23" ten="250,250,250,250" oya="0" hai0="65,114,32,44,37,105,61,113,96,107,94,69,90" hai1="4,104,45,133,108,38,111,47,93,64,131,10,42" hai2="55,75,118,7,116,83,97,129,21,132,81,125,78" hai3="79,66,126,16,85,27,63,121,36,80,46,58,43"/><T71/><D71/><U109/><E104/><V112/><F112/><W52/><G52/><T130/><D130/><U86/><E131/><V100/><F7/><W48/><G121/><T110/><D32/><U24/><E133/><V17/><F129/><W13/><G126/><T119/><D119/><N who="2" m="45610" /><F132/><W0/><G0/><T102/><D110/><U1/><E64/><V59/><F125/><W33/><G33/><T31/><D31/><U122/><E122/><V115/><F115/><W5/><G5/><T98/><REACH who="0" step="1"/><D105/><REACH who="0" ten="240,250,250,250" step="2"/><U82/><E45/><V49/><F75/><W29/><G29/><T18/><D18/><U39/><E93/><N who="2" m="58415" /><F78/><W124/><G124/><T8/><D8/><U50/><REACH who="1" step="1"/><E24/><AGARI ba="0,1" hai="17,21,24,49,55,59,81,83" m="58415,45610" machi="24" ten="30,2000,0" yaku="12,1,52,1" doraHai="23" who="2" fromWho="1" sc="240,0,250,-20,250,30,250,0" /><INIT seed="1,0,0,0,3,23" ten="240,230,280,250" oya="1" hai0="24,9,54,80,97,11,122,110,59,27,129,62,88" hai1="87,49,86,75,31,135,28,30,47,96,19,32,60" hai2="71,132,61,18,51,65,115,5,53,50,107,39,76" hai3="126,91,38,133,113,7,104,68,56,128,12,63,4"/><U85/><E135/><V119/><F119/><W74/><G91/><T101/><D110/><U3/><E75/><V123/><F123/><W8/><G74/><T120/><D129/><U48/><E3/><V116/><F116/><W102/><G68/><T37/><D37/><U58/><E96/><V72/><F107/><W33/><G33/><T103/><D122/><U55/><E19/><V57/><F5/><W15/><G38/><T52/><D120/><U36/><REACH who="1" step="1"/><E32/><REACH who="1" ten="240,220,280,250" step="2"/><V25/><F132/><W99/><G133/><T105/><D97/><U14/><E14/><V111/><F111/><W83/><G128/><T106/><D106/><U73/><E73/><V17/><F72/><W82/><G113/><T21/><D105/><U16/><E16/><V64/><F115/><W124/><G15/><T95/><D103/><U131/><E131/><V0/><F17/><W45/><G7/><T78/><D101/><U89/><E89/><V13/><F13/><W125/><REACH who="3" step="1"/><G45/><REACH who="3" ten="240,220,280,240" step="2"/><T108/><D88/><U94/><E94/><V84/><F0/><W22/><G22/><T79/><D95/><U121/><E121/><V69/><F76/><W90/><G90/><T6/><D6/><U46/><E46/><V42/><F84/><W1/><G1/><T130/><D130/><U92/><E92/><V43/><F18/><W112/><G112/><T34/><D21/><U114/><E114/><V93/><F93/><W10/><G10/><T77/><D34/><U81/><E81/><V2/><F2/><W44/><G44/><T67/><D80/><U70/><E70/><V118/><F71/><RYUUKYOKU ba="0,2" sc="240,-15,220,15,280,-15,240,15" hai1="28,30,31,36,47,48,49,55,58,60,85,86,87" hai3="4,8,12,56,63,82,83,99,102,104,124,125,126" /><INIT seed="1,1,2,5,5,51" ten="225,235,265,255" oya="1" hai0="43,91,118,1,123,94,33,20,85,100,36,93,48" hai1="5,103,55,86,27,66,40,72,32,71,128,24,31" hai2="28,95,109,23,96,116,101,67,16,108,10,112,21" hai3="46,58,44,17,13,19,61,130,57,97,8,81,119"/><U87/><E72/><V133/><F116/><W79/><G119/><T25/><D36/><U53/><E128/><V59/><F133/><W65/><G130/><T83/><D118/><U107/><E40/><V12/><F112/><W22/><G97/><N who="0" m="59439" /><D33/><U124/><E124/><V45/><F45/><W18/><G57/><T73/><D1/><U115/><E115/><V114/><F114/><W9/><G9/><T111/><D73/><U42/><E42/><V0/><F0/><W26/><REACH who="3" step="1"/><G19/><REACH who="3" ten="225,235,265,245" step="2"/><N who="0" m="12447" /><D123/><U3/><E3/><V75/><F75/><AGARI ba="1,3" hai="8,13,17,18,22,26,44,46,58,61,65,75,79,81" machi="75" ten="30,3900,0" yaku="1,1,7,1,53,1" doraHai="51" doraHaiUra="105" who="3" fromWho="2" sc="225,0,235,0,265,-42,245,72" /><INIT seed="2,0,0,0,2,26" ten="225,235,223,317" oya="2" hai0="48,72,47,107,13,123,91,118,50,59,79,42,60" hai1="85,17,125,32,58,54,29,22,24,44,73,76,43" hai2="7,132,84,81,40,37,109,61,9,6,11,64,30" hai3="93,57,77,127,19,69,4,21,14,23,25,101,88"/><V119/><F119/><W99/><G69/><T104/><D123/><U20/><E125/><V1/><F132/><W27/><G127/><T103/><D118/><U83/><E73/><V110/><F40/><W33/><G33/><T92/><D103/><U134/><E134/><V131/><F37/><W63/><G77/><T106/><D13/><U98/><E98/><V5/><F131/><W35/><G35/><T95/><D50/><U128/><E128/><V117/><F117/><W31/><G4/><T116/><D116/><U108/><E108/><N who="2" m="41579" /><F30/><W0/><G0/><T97/><D95/><U135/><E135/><V89/><F1/><W55/><G14/><T66/><D79/><U80/><E83/><V16/><F16/><W87/><G87/><T115/><REACH who="0" step="1"/><D72/><REACH who="0" ten="215,235,223,317" step="2"/><U18/><E76/><V62/><F62/><W68/><G68/><AGARI ba="0,1" hai="5,6,7,9,11,61,64,68,81,84,89" m="41579" machi="68" ten="30,2900,0" yaku="14,1,10,1" doraHai="26" who="2" fromWho="3" sc="215,0,235,0,223,39,317,-29" /><INIT seed="2,1,0,3,2,129" ten="215,235,262,288" oya="2" hai0="32,0,46,68,13,71,92,79,96,34,134,126,120" hai1="52,88,62,4,123,44,108,83,82,130,95,119,61" hai2="114,15,33,29,89,104,19,110,109,66,111,6,40" hai3="87,28,41,8,47,115,51,102,25,127,64,107,81"/><V77/><F114/><W50/><G115/><T54/><D120/><U43/><E119/><V98/><F77/><W31/><G127/><T99/><D0/><U135/><E135/><V78/><F78/><W53/><G64/><T101/><D126/><U37/><E130/><V74/><F74/><W93/><G107/><T117/><D117/><U124/><E124/><V91/><F40/><W10/><G93/><T3/><D3/><U55/><E108/><V20/><F6/><W58/><G102/><T49/><D134/><U116/><E116/><V18/><F66/><W5/><G5/><T72/><D13/><U125/><E125/><V94/><F104/><W42/><G42/><T122/><D122/><U128/><E128/><V103/><F19/><W60/><G60/><N who="1" m="23146" /><E37/><V1/><F1/><W69/><G69/><T67/><D67/><U21/><E123/><V9/><F33/><W63/><G63/><T97/><D97/><N who="1" m="57575" /><E4/><N who="2" m="3495" /><F29/><N who="3" m="11339" /><G25/><AGARI ba="1,0" hai="18,20,25,89,91,94,98,103,109,110,111" m="3495" machi="25" ten="30,2900,0" yaku="14,1,10,1" doraHai="129" who="2" fromWho="3" sc="215,0,235,0,262,32,288,-32" /><INIT seed="2,2,0,2,5,115" ten="215,235,294,256" oya="2" hai0="22,86,26,123,38,88,58,103,74,114,73,109,14" hai1="5,24,78,111,54,50,87,83,84,77,48,36,0" hai2="7,122,10,94,97,101,8,75,46,59,67,4,57" hai3="127,117,35,40,47,118,18,17,65,104,53,81,66"/><V116/><F116/><W21/><G104/><T44/><D114/><U51/><E111/><V105/><F122/><W85/><G35/><T25/><D123/><U102/><E36/><V108/><F75/><W112/><G112/><T134/><D103/><U6/><E102/><V80/><F108/><W72/><G72/><T31/><D109/><U27/><E54/><V45/><F105/><W1/><G1/><T98/><D98/><U33/><E0/><V55/><F80/><W133/><G53/><T52/><D134/><U92/><E33/><V130/><F130/><W37/><G133/><T82/><D14/><U125/><E125/><V16/><F67/><W71/><G127/><T128/><D128/><U30/><E92/><V62/><F59/><W107/><G107/><T120/><D120/><U69/><E69/><V11/><REACH who="2" step="1"/><F16/><REACH who="2" ten="215,235,284,256" step="2"/><W70/><G17/><T129/><D129/><U3/><E83/><V39/><F39/><W119/><G66/><T132/><D132/><U95/><E95/><V113/><F113/><W23/><G65/><T121/><D121/><U42/><E78/><V13/><F13/><W34/><G34/><T32/><D38/><U90/><E77/><V29/><F29/><W60/><G23/><T9/><D9/><U93/><E30/><V124/><F124/><W43/><G21/><T61/><D44/><AGARI ba="2,1" hai="4,7,8,10,11,44,45,46,55,57,62,94,97,101" machi="44" ten="40,7700,0" yaku="1,1,8,1,53,1" doraHai="115" doraHaiUra="99" who="2" fromWho="0" sc="215,-83,235,0,284,93,256,0" /><INIT seed="2,3,0,0,4,28" ten="132,235,377,256" oya="2" hai0="66,127,24,134,135,1,32,107,55,35,64,46,78" hai1="126,25,61,118,84,33,38,15,95,0,14,63,39" hai2="34,16,124,116,94,29,44,42,112,89,21,56,37" hai3="12,85,69,99,36,101,67,92,86,93,125,132,41"/><V27/><F112/><W5/><G132/><N who="0" m="50731" /><D1/><U100/><E118/><V60/><F124/><W128/><G125/><T105/><D127/><U121/><E126/><V79/><F79/><W40/><G128/><T19/><D78/><U91/><E0/><V49/><F116/><W77/><G69/><T76/><D76/><U103/><E121/><V17/><F37/><W11/><G36/><T31/><D19/><U68/><E38/><V23/><F23/><W65/><G86/><T131/><D131/><U54/><E39/><V22/><F22/><W13/><G13/><N who="1" m="4618" /><E33/><N who="0" m="12873" /><D55/><U10/><E68/><V9/><F9/><W97/><G40/><T58/><D46/><U53/><E10/><V106/><F34/><W122/><G41/><T82/><D82/><U20/><E53/><N who="2" m="33807" /><F106/><N who="0" m="40458" /><D58/><N who="1" m="35031" /><E63/><V30/><F17/><AGARI ba="3,0" hai="17,20,25,84,91,95,100,103" m="35031,4618" machi="17" ten="30,1000,0" yaku="8,1" doraHai="28" who="1" fromWho="2" sc="132,0,235,19,377,-19,256,0" /><INIT seed="3,0,0,2,1,116" ten="132,254,358,256" oya="3" hai0="128,65,99,60,7,15,72,25,84,122,16,108,20" hai1="34,109,102,13,119,121,0,67,50,21,39,64,107" hai2="74,120,126,62,124,129,44,135,98,97,117,101,76" hai3="43,73,51,127,110,133,85,86,89,46,5,132,103"/><W66/><G73/><T63/><D108/><U31/><E121/><V57/><F117/><W114/><G114/><T134/><D128/><U36/><E119/><V80/><F129/><W6/><G110/><T40/><D134/><N who="3" m="51817" /><G127/><N who="2" m="48681" /><F120/><W123/><G123/><T88/><D72/><U33/><E109/><V59/><F135/><W131/><G131/><T29/><D122/><U42/><E0/><V130/><F130/><W48/><G103/><T92/><D40/><U22/><E102/><V87/><F74/><W104/><G104/><T4/><D84/><N who="3" m="32361" /><G89/><T71/><REACH who="0" step="1"/><D60/><REACH who="0" ten="122,254,358,256" step="2"/><U49/><E42/><V52/><F98/><W14/><G51/><T68/><D68/><U9/><E50/><N who="2" m="28743" /><F62/><W94/><G48/><T56/><D56/><U47/><E49/><V18/><F97/><W19/><G43/><T118/><D118/><U96/><E96/><V82/><F59/><W106/><G46/><T115/><D115/><U95/><E47/><V23/><F57/><W54/><G54/><T53/><D53/><U37/><E36/><V30/><F87/><W83/><G66/><T111/><D111/><U91/><E64/><V113/><F113/><W1/><G106/><T3/><D3/><U26/><E67/><V38/><F38/><W55/><G55/><T28/><D28/><N who="1" m="17487" /><E107/><V61/><F61/><W45/><G45/><T105/><D105/><U24/><E37/><V100/><F82/><W112/><G83/><T93/><D93/><U81/><E39/><V69/><F80/><W90/><G1/><T75/><D75/><U70/><E81/><V8/><F69/><W17/><G112/><RYUUKYOKU ba="0,1" sc="122,30,254,-10,358,-10,256,-10" hai0="4,7,15,16,20,25,29,63,65,71,88,92,99" owari="152,-34.8,244,-15.6,358,45.8,246,4.6" /></mjloggm>