<mjloggm ver="2.3"><GO type="225" lobby="0"/><UN n0="%E3%82%A2%E3%82%A4%E3%82%B9%E3%83%86%E3%82%A3%E3%83%BC%E3%81%82%E3%81%B9" n1="%72%61%6B%33" n2="%E5%86%B7%E5%87%8D%E3%82%AE%E3%83%A7%E3%83%BC%E3%82%B6" n3="%72%69%6F%75%63%68%61%6E" dan="16,18,16,17" rate="2085.72,2252.67,2103.82,2138.96" sx="M,M,M,M"/><TAIKYOKU oya="0"/><INIT seed="0,0,0,3,2,25" ten="250,250,250,250" oya="0" hai0="44,18,107,87,78,90,56,86,55,39,2,0,42" hai1="17,49,11,117,67,64,84,116,10,132,48,101,112" hai2="15,37,126,124,35,130,134,30,69,29,82,61,94" hai3="85,111,93,115,5,108,19,7,114,73,16,4,105"/><T80/><D107/><U22/><E84/><V66/><F130/><W3/><G73/><T99/><D99/><U103/><E22/><V129/><F129/><W131/><G105/><T102/><D102/><U135/><REACH who="1" step="1"/><E17/><REACH who="1" ten="250,240,250,250" step="2"/><N who="3" m="6730" /><G131/><T119/><D18/><U92/><E92/><V36/><F94/><W125/><G3/><T8/><D8/><U72/><E72/><V70/><F82/><W97/><G85/><T123/><D123/><U20/><E20/><V65/><F35/><W23/><G23/><T24/><D24/><U98/><E98/><V31/><F134/><W75/><G75/><T59/><D119/><U83/><E83/><V40/><F126/><W88/><G125/><T60/><D59/><U52/><E52/><V26/><F26/><W100/><G100/><T9/><D9/><U45/><E45/><V127/><F127/><W95/><G93/><AGARI ba="0,1" hai="0,2,39,42,44,55,56,60,78,80,86,87,90,93" machi="93" ten="30,1500,0" yaku="7,1" doraHai="25" who="0" fromWho="3" sc="250,25,240,0,250,0,250,-15" /><INIT seed="0,1,0,3,2,14" ten="275,240,250,235" oya="0" hai0="115,13,0,45,37,94,9,129,101,80,85,131,42" hai1="105,86,43,3,24,78,50,23,90,34,54,60,77" hai2="10,126,72,48,97,15,87,53,75,32,100,111,35" hai3="73,68,6,106,61,92,11,81,28,122,1,125,117"/><T2/><D115/><U16/><E3/><V121/><F111/><W51/><G117/><T56/><D56/><U112/><E112/><V66/><F121/><W65/><G122/><T134/><D134/><U17/><E105/><V55/><F66/><W7/><G125/><T26/><D26/><U44/><E34/><V104/><F126/><W20/><G106/><T116/><D116/><U96/><E96/><V67/><F67/><W88/><G7/><T19/><D94/><U69/><E69/><V107/><F107/><W27/><G51/><T79/><REACH who="0" step="1"/><D101/><REACH who="0" ten="265,240,250,235" step="2"/><U30/><E60/><V63/><F63/><W99/><REACH who="3" step="1"/><G81/><REACH who="3" ten="265,240,250,225" step="2"/><T52/><D52/><U118/><E118/><V128/><F55/><W38/><G38/><T25/><D25/><U58/><E54/><V98/><F53/><W62/><G62/><T103/><D103/><U124/><E124/><V119/><F100/><W123/><G123/><T93/><D93/><N who="1" m="54487" /><E58/><V5/><F119/><W47/><G47/><T4/><D4/><U110/><E110/><V39/><F5/><W120/><G120/><T83/><D83/><U130/><E130/><AGARI ba="1,2" hai="0,2,9,13,19,37,42,45,79,80,85,129,130,131" machi="130" ten="40,7700,0" yaku="1,1,19,1,52,1,53,0" doraHai="14" doraHaiUra="29" who="0" fromWho="1" sc="265,100,240,-80,250,0,225,0" /><INIT seed="0,2,0,5,2,113" ten="365,160,250,225" oya="0" hai0="16,5,73,127,23,102,50,111,86,77,78,81,32" hai1="39,120,68,53,115,43,33,76,37,135,94,112,41" hai2="34,17,97,4,18,1,35,9,98,3,38,114,64" hai3="72,104,46,110,20,83,15,118,125,90,21,24,13"/><T12/><D32/><N who="2" m="12330" /><F64/><W79/><G118/><T45/><D127/><U95/><E33/><V61/><F61/><W93/><G110/><T130/><D130/><U59/><E76/><V74/><F38/><W131/><G125/><T80/><D111/><U105/><E105/><V92/><F92/><W57/><G131/><T7/><REACH who="0" step="1"/><D102/><REACH who="0" ten="355,160,250,225" step="2"/><U66/><E115/><V129/><F114/><W8/><G21/><T49/><D49/><U52/><E112/><V101/><F101/><W88/><G20/><T6/><D6/><U132/><E37/><V106/><F4/><W56/><G8/><T100/><D100/><U121/><E39/><V84/><F9/><W103/><G103/><T87/><D87/><U30/><E121/><V44/><F84/><W26/><G72/><T51/><D51/><U119/><E120/><V14/><F74/><W67/><G104/><T11/><D11/><U2/><E135/><V134/><F106/><W19/><G90/><T82/><D82/><U60/><E132/><V85/><F85/><W71/><G88/><T10/><D10/><U54/><E95/><V117/><F134/><W75/><G93/><T70/><D70/><U47/><E94/><V96/><F129/><W25/><G19/><T58/><D58/><N who="3" m="22633" /><G46/><T109/><D109/><U27/><E47/><V99/><F44/><W116/><G116/><T22/><D22/><U55/><E119/><V133/><F117/><W42/><G42/><AGARI ba="2,1" hai="5,7,12,16,23,42,45,50,73,77,78,80,81,86" machi="42" ten="30,5800,0" yaku="1,1,7,1,54,1,53,0" doraHai="113" doraHaiUra="128" who="0" fromWho="3" sc="355,74,160,0,250,0,225,-64" /><INIT seed="0,3,0,0,2,10" ten="429,160,250,161" oya="0" hai0="4,80,75,81,19,85,12,115,70,13,25,49,79" hai1="86,32,0,101,121,92,131,60,128,125,91,24,6" hai2="21,40,104,114,95,3,90,116,55,47,23,31,71" hai3="38,100,62,18,68,20,51,58,30,107,29,126,113"/><T111/><D115/><U52/><E121/><V16/><F114/><W43/><G113/><T57/><D70/><U54/><E125/><V42/><F104/><W94/><G126/><T124/><D124/><U37/><E37/><V66/><F3/><W14/><G107/><T122/><D122/><U130/><E101/><V69/><F66/><W46/><G68/><T119/><D119/><U5/><E0/><V72/><F72/><W26/><G38/><T132/><D132/><U96/><E86/><V83/><F83/><W103/><G94/><T56/><D111/><U133/><E133/><V117/><F69/><W99/><G99/><T98/><D98/><U59/><REACH who="1" step="1"/><E54/><REACH who="1" ten="429,150,250,161" step="2"/><V106/><F55/><N who="3" m="34143" /><G29/><AGARI ba="3,1" hai="5,6,24,29,32,52,59,60,91,92,96,128,130,131" machi="29" ten="40,5200,0" yaku="1,1,19,1,54,1,53,0" doraHai="10" doraHaiUra="39" who="1" fromWho="3" sc="429,0,150,71,250,0,161,-61" /><INIT seed="1,0,0,3,3,102" ten="429,221,250,100" oya="1" hai0="15,131,47,43,107,46,6,11,48,57,104,63,54" hai1="28,49,30,51,96,61,90,74,109,34,8,79,135" hai2="35,119,75,0,115,101,64,66,56,45,25,36,82" hai3="130,33,1,50,81,120,85,133,80,97,95,7,55"/><U32/><E74/><V99/><F115/><W87/><G120/><T127/><D127/><U72/><E72/><V121/><F119/><W65/><G130/><T88/><D131/><U12/><E79/><V91/><F121/><W58/><G133/><T92/><D47/><U39/><E39/><V123/><F0/><W52/><G33/><T111/><D111/><U125/><E61/><V110/><F110/><W76/><G1/><T106/><D106/><U14/><E96/><AGARI ba="0,0" hai="6,11,15,43,46,48,54,57,63,88,92,96,104,107" machi="96" ten="30,7700,0" yaku="7,1,52,2,54,1" doraHai="102" who="0" fromWho="1" sc="429,77,221,-77,250,0,100,0" /><INIT seed="2,0,0,2,0,35" ten="506,144,250,100" oya="2" hai0="129,28,66,39,51,120,23,115,27,4,122,17,48" hai1="57,106,52,111,108,68,14,56,80,5,84,100,96" hai2="69,109,71,65,95,12,93,8,33,86,1,7,127" hai3="15,16,105,42,67,91,104,47,53,78,46,90,36"/><V58/><F127/><W55/><G67/><T70/><D39/><U97/><E68/><V25/><F109/><W76/><G105/><T117/><D115/><U135/><E135/><V89/><F95/><W11/><G104/><T82/><D129/><U125/><E97/><V134/><F134/><W32/><G32/><T59/><D70/><U81/><E56/><V121/><F121/><W114/><G114/><T123/><D4/><U0/><E14/><V126/><F126/><W92/><G91/><T118/><D82/><U45/><E45/><V87/><F87/><W13/><G13/><N who="0" m="9647" /><D59/><U130/><E130/><V99/><F86/><W20/><G11/><T110/><D66/><U37/><E37/><V83/><F83/><W38/><G38/><T102/><D102/><U74/><E74/><V30/><F12/><W10/><G10/><T22/><D110/><U29/><E125/><V112/><F112/><W73/><G73/><T62/><D62/><U9/><E29/><V128/><F128/><W88/><G90/><T18/><D28/><U124/><E81/><V2/><F2/><W133/><G133/><T131/><D131/><U24/><E24/><V119/><F119/><AGARI ba="0,0" hai="18,22,27,48,51,117,118,119,120,122,123" m="9647" machi="119" ten="40,1300,0" yaku="12,1" doraHai="35" who="0" fromWho="2" sc="506,13,144,0,250,-13,100,0" /><INIT seed="3,0,0,3,4,24" ten="519,144,237,100" oya="3" hai0="48,29,19,119,73,115,133,114,132,3,92,124,53" hai1="38,100,69,128,129,52,70,13,67,80,50,93,15" hai2="79,116,45,37,40,131,125,7,72,78,63,4,18" hai3="135,86,107,134,60,64,32,90,25,104,103,26,47"/><W112/><G112/><N who="0" m="43051" /><D73/><U57/><E38/><V121/><F116/><W98/><G107/><T101/><D29/><U108/><E108/><V105/><F125/><W39/><G39/><T74/><D74/><U30/><E30/><V10/><F105/><W82/><G47/><N who="0" m="27807" /><D3/><U71/><E67/><V89/><F18/><W96/><G96/><N who="0" m="59527" /><D124/><U97/><REACH who="1" step="1"/><E80/><REACH who="1" ten="519,134,237,100" step="2"/><N who="2" m="45127" /><F121/><W88/><G90/><T1/><D1/><U42/><E42/><V61/><F40/><W95/><G82/><T94/><D119/><U23/><E23/><V56/><F89/><W66/><G64/><T0/><D0/><U87/><E87/><V113/><F37/><W106/><G104/><T46/><D46/><U51/><E51/><V12/><F45/><W75/><G75/><T54/><D54/><U126/><E126/><V41/><F41/><W84/><G84/><T99/><D19/><U77/><E77/><V83/><F79/><W5/><G5/><T20/><D20/><U62/><E62/><V65/><F83/><W44/><G44/><T85/><D85/><U123/><E123/><V35/><F4/><W14/><G32/><T49/><D49/><U11/><E11/><V59/><F35/><W6/><G135/><T130/><D130/><AGARI ba="0,1" hai="13,15,50,52,57,69,70,71,93,97,100,128,129,130" machi="130" ten="50,6400,0" yaku="1,1,19,1,54,1,53,0" doraHai="24" doraHaiUra="27" who="1" fromWho="0" sc="519,-64,134,74,237,0,100,0" owari="455,55.5,208,-19.2,237,3.7,100,-40.0" /></mjloggm>