<mjloggm ver="2.3"><GO type="225" lobby="0"/><UN n0="%E3%81%B5%E3%81%98%E3%81%8B%E3%81%A4" n1="%E3%81%86%E3%81%A9%E3%82%93%E3%81%93" n2="%E3%83%97%E3%83%92" n3="%E3%81%B2%E3%81%AA%E3%81%AE%E3%82%8A%E3%81%8F" dan="16,16,17,17" rate="2116.21,2190.65,2190.24,2214.37" sx="M,M,M,M"/><TAIKYOKU oya="0"/><INIT seed="0,0,0,3,5,86" ten="250,250,250,250" oya="0" hai0="103,109,75,44,10,49,30,33,11,60,98,57,12" hai1="27,14,128,127,120,96,45,15,83,89,124,93,5" hai2="66,121,24,114,18,2,88,53,119,99,115,92,51" hai3="78,104,20,85,38,112,79,52,76,133,19,113,46"/><T22/><D75/><U26/><E120/><V107/><F121/><W100/><G133/><T70/><D70/><U36/><E128/><V102/><F2/><W37/><G104/><T61/><D33/><U84/><E45/><V54/><F66/><W123/><G100/><T69/><D69/><U63/><E36/><V94/><F119/><W17/><G123/><T108/><D30/><U72/><E72/><V111/><F107/><W55/><G85/><T41/><D22/><U43/><E43/><V68/><F68/><W8/><G8/><T110/><D12/><N who="1" m="4651" /><E63/><N who="0" m="24137" /><D57/><U67/><E5/><V42/><F111/><W62/><G62/><T97/><D97/><U3/><E3/><V13/><F24/><W125/><G20/><T47/><D44/><U9/><E9/><V50/><F114/><N who="3" m="44139" /><G46/><T35/><D35/><U77/><E67/><V59/><F115/><W65/><G65/><T40/><D40/><U31/><E31/><V117/><F42/><W129/><G129/><T7/><D7/><U23/><E23/><N who="2" m="11727" /><F117/><W39/><G125/><AGARI ba="0,0" hai="26,27,77,83,84,89,93,96,124,125,127" m="4651" machi="125" ten="30,2000,0" yaku="18,1,52,1" doraHai="86" who="1" fromWho="3" sc="250,0,250,20,250,0,250,-20" /><INIT seed="1,0,0,1,0,133" ten="250,270,250,230" oya="1" hai0="23,57,11,125,33,8,127,87,51,121,88,69,27" hai1="12,46,64,34,91,79,53,115,104,85,112,4,92" hai2="61,6,107,36,96,68,70,5,62,42,116,105,15" hai3="130,63,13,65,131,95,52,118,49,77,17,122,54"/><U89/><E104/><N who="2" m="40011" /><F15/><W56/><G122/><T108/><D69/><N who="2" m="26730" /><F96/><W132/><G132/><T38/><D33/><U41/><E34/><V21/><F21/><W7/><G7/><N who="2" m="2569" /><F42/><W113/><G113/><T3/><D38/><U73/><E53/><V60/><F36/><W19/><G118/><AGARI ba="0,0" hai="60,61,62,116,118" m="2569,26730,40011" machi="118" ten="40,2600,0" yaku="28,2" doraHai="133" who="2" fromWho="3" sc="250,0,270,0,250,26,230,-26" /><INIT seed="2,0,0,3,2,115" ten="250,270,276,204" oya="2" hai0="73,91,109,110,22,102,61,21,114,24,54,127,64" hai1="31,80,16,39,104,49,96,41,65,132,129,100,1" hai2="27,53,85,112,29,42,116,60,5,90,84,0,83" hai3="45,74,125,117,55,23,108,128,40,99,120,134,10"/><V95/><F112/><W131/><G120/><T105/><D114/><U19/><E1/><V36/><F116/><W25/><G74/><T97/><D73/><U6/><E6/><V57/><F0/><W87/><G108/><T13/><D127/><U130/><E39/><V76/><F5/><W28/><G125/><T77/><D77/><U75/><E132/><V35/><F36/><W126/><G126/><T122/><D122/><U121/><E121/><V92/><REACH who="2" step="1"/><F42/><REACH who="2" ten="250,270,266,204" step="2"/><W106/><G134/><T32/><D110/><U98/><E41/><V46/><F46/><W62/><G117/><T15/><D109/><U69/><E130/><V44/><F44/><W78/><G128/><T18/><D32/><U66/><E129/><V94/><AGARI ba="0,1" hai="27,29,35,53,57,60,76,83,84,85,90,92,94,95" machi="94" ten="20,3900,0" yaku="1,1,0,1,7,1,53,0" doraHai="115" doraHaiUra="71" who="2" fromWho="2" sc="250,-13,270,-13,266,49,204,-13" /><INIT seed="2,1,0,0,0,81" ten="237,257,315,191" oya="2" hai0="66,48,135,75,129,93,89,90,63,57,118,109,120" hai1="77,23,47,38,11,44,133,50,124,46,7,121,37" hai2="58,79,74,9,15,60,24,36,86,27,96,22,29" hai3="17,100,5,103,82,115,20,132,128,106,76,126,43"/><V67/><F36/><W85/><G132/><T134/><D120/><U6/><E133/><N who="0" m="50697" /><D75/><U83/><E121/><V65/><F74/><W34/><G126/><T21/><D109/><U130/><E124/><V105/><F27/><W0/><G128/><T110/><D110/><U95/><E130/><V127/><F127/><W41/><G34/><T123/><D129/><U32/><E32/><V53/><F105/><W18/><G115/><T19/><D123/><U3/><E7/><V54/><F96/><W69/><G69/><T26/><D118/><U64/><E64/><V117/><F117/><W73/><G0/><T84/><D90/><U13/><E50/><AGARI ba="1,0" hai="19,21,26,48,50,57,63,66,84,89,93" m="50697" machi="50" ten="30,2000,0" yaku="20,1,52,1" doraHai="81" who="0" fromWho="1" sc="237,23,257,-23,315,0,191,0" /><INIT seed="3,0,0,4,2,70" ten="260,234,315,191" oya="3" hai0="10,2,48,46,83,100,19,105,99,27,90,113,68" hai1="89,33,9,40,127,91,92,117,73,43,17,12,6" hai2="114,93,84,49,108,63,4,24,64,129,72,130,56" hai3="15,35,107,132,103,82,55,7,14,69,39,11,8"/><W133/><G107/><T34/><D68/><U21/><E73/><V32/><F72/><W75/><G69/><T101/><D101/><U88/><E127/><V37/><F114/><W134/><G103/><T25/><D113/><U106/><E106/><V59/><F37/><W123/><G123/><T60/><D60/><U30/><E117/><V61/><F4/><W74/><G35/><T81/><D34/><U51/><E92/><V121/><F108/><W131/><G131/><N who="2" m="50185" /><F49/><W126/><G126/><T62/><D62/><N who="2" m="23562" /><F64/><W44/><G82/><T52/><D83/><U95/><E95/><V53/><F53/><W86/><G86/><N who="0" m="50511" /><D2/><U29/><E33/><V77/><F77/><W16/><REACH who="3" step="1"/><G55/><REACH who="3" ten="260,234,315,181" step="2"/><T66/><D66/><U50/><E40/><AGARI ba="0,1" hai="7,8,11,14,15,16,39,40,44,74,75,132,133,134" machi="40" ten="40,12000,1" yaku="1,1,2,1,20,1,52,1,54,1,53,0" doraHai="70" doraHaiUra="31" who="3" fromWho="1" sc="260,0,234,-120,315,0,181,130" /><INIT seed="3,1,0,5,1,115" ten="260,114,315,311" oya="3" hai0="64,80,32,87,104,102,108,68,4,83,3,18,39" hai1="101,96,22,71,118,40,9,92,112,30,35,76,70" hai2="38,25,134,59,11,94,135,60,126,56,133,65,82" hai3="90,110,46,55,5,127,12,91,2,16,61,51,106"/><W122/><G122/><T48/><D108/><U21/><E112/><V124/><F38/><W34/><G34/><T29/><D39/><U73/><E35/><V44/><F44/><W129/><G106/><T75/><D75/><U86/><E40/><V119/><F119/><W42/><G110/><T6/><D18/><U131/><E131/><V50/><F82/><W85/><G129/><T120/><D48/><U128/><E128/><V49/><F25/><W74/><G74/><T93/><D93/><U20/><E30/><V98/><F11/><N who="3" m="6175" /><G2/><T24/><D83/><U62/><E9/><V79/><F79/><W77/><G127/><N who="2" m="48681" /><F56/><N who="3" m="34975" /><G5/><T88/><D3/><U7/><E7/><V19/><F19/><W107/><G107/><T14/><D14/><U26/><E26/><V23/><F23/><W123/><G123/><T52/><D52/><U0/><E0/><V13/><F13/><W95/><G91/><AGARI ba="1,0" hai="49,50,59,60,65,91,94,98,133,134,135" m="48681" machi="91" ten="40,2600,0" yaku="20,1,18,1" doraHai="115" who="2" fromWho="3" sc="260,0,114,0,315,29,311,-29" owari="260,-14.0,114,-38.6,344,44.4,282,8.2" /></mjloggm>