<mjloggm ver="2.3"><GO type="225" lobby="0"/><UN n0="%E6%97%A5%E6%9B%9C%E6%97%A5%E3%82%88%E3%82%8A%E3%81%AE%E4%BD%BF%E8%80%85" n1="%E5%AF%82%E5%AF%9E%E3%82%AE%E3%83%8D%E3%82%B9%E3%83%93%E3%83%BC%E3%83%AB" n2="%E4%B8%AD%E5%B9%B4%E3%81%AE%E5%8D%B1%E6%A9%9F" n3="%E5%84%AA%40%41%42%43" dan="18,16,17,17" rate="2181.99,2146.41,2196.84,2273.32" sx="M,M,M,M"/><TAIKYOKU oya="0"/><INIT seed="0,0,0,2,2,32" ten="250,250,250,250" oya="0" hai0="120,95,43,71,0,19,24,23,38,9,30,76,61" hai1="41,28,105,129,10,131,80,117,128,125,35,104,77" hai2="111,54,108,101,49,114,50,68,3,56,46,85,122" hai3="51,11,81,106,112,34,82,113,69,57,94,13,70"/><T58/><D120/><U72/><E117/><V2/><F122/><W14/><G34/><T1/><D71/><U31/><E125/><V40/><F114/><W135/><G106/><T22/><D76/><U119/><E119/><V60/><F101/><W116/><G116/><T4/><D95/><U18/><E41/><V8/><F8/><W45/><G57/><T97/><D97/><U12/><REACH who="1" step="1"/><E35/><REACH who="1" ten="250,240,250,250" step="2"/><V88/><F108/><W48/><G113/><T44/><D4/><U59/><E59/><V118/><F111/><W121/><G112/><T73/><D73/><U26/><E26/><V7/><F7/><W6/><G121/><T115/><D115/><U42/><E42/><V92/><REACH who="2" step="1"/><F118/><REACH who="2" ten="250,240,240,250" step="2"/><W93/><G6/><T53/><REACH who="0" step="1"/><D9/><REACH who="0" ten="240,240,240,250" step="2"/><U25/><E25/><AGARI ba="0,3" hai="0,1,19,22,23,24,25,30,38,43,44,53,58,61" machi="25" ten="30,18000,2" yaku="1,1,2,1,7,1,52,2,53,1" doraHai="32" doraHaiUra="27" who="0" fromWho="1" sc="240,210,240,-180,240,0,250,0" /><INIT seed="0,1,0,5,3,94" ten="450,60,240,250" oya="0" hai0="54,59,61,3,83,6,88,8,78,66,7,85,27" hai1="107,81,24,120,126,124,31,25,42,87,131,33,10" hai2="5,115,90,102,71,93,56,21,39,60,106,112,121" hai3="101,128,82,28,109,41,9,104,74,30,123,23,36"/><T110/><D110/><U86/><E120/><V73/><F121/><W79/><G128/><T38/><D38/><U12/><E131/><V46/><F71/><W20/><G123/><T68/><D27/><U96/><E42/><V97/><F73/><W50/><G36/><T4/><REACH who="0" step="1"/><D78/><REACH who="0" ten="440,60,240,250" step="2"/><U127/><E25/><V58/><F112/><W29/><G79/><T48/><AGARI ba="1,1" hai="3,4,6,7,8,48,54,59,61,66,68,83,85,88" machi="48" ten="20,12000,1" yaku="1,1,2,1,0,1,7,1,54,1,53,0" doraHai="94" doraHaiUra="125" who="0" fromWho="0" sc="440,133,60,-41,240,-41,250,-41" /><INIT seed="0,2,0,2,2,43" ten="573,19,199,209" oya="0" hai0="128,46,63,52,122,113,11,61,71,70,131,124,28" hai1="132,90,73,25,35,94,123,42,44,78,55,107,130" hai2="18,7,33,103,74,57,85,105,117,67,6,97,60" hai3="9,2,79,69,72,23,51,4,1,66,56,30,31"/><T21/><D113/><U64/><E123/><V58/><F74/><W126/><G126/><T3/><D122/><U106/><E130/><N who="0" m="49705" /><D124/><U125/><E125/><V15/><F117/><W92/><G69/><N who="0" m="26123" /><D21/><U36/><E64/><V12/><F33/><W49/><G92/><T27/><D11/><U110/><E110/><V84/><F58/><W120/><G79/><T119/><D3/><U45/><E132/><V48/><F48/><W22/><G72/><T68/><N who="0" m="26131" /><T109/><DORA hai="53" /><D119/><U0/><E0/><V5/><REACH who="2" step="1"/><F15/><REACH who="2" ten="573,19,189,209" step="2"/><N who="3" m="5543" /><G56/><T121/><D121/><U81/><E25/><V116/><F116/><W108/><G51/><N who="0" m="28791" /><D109/><U29/><E35/><V88/><F88/><W14/><G108/><T135/><D135/><U127/><E127/><V86/><F86/><W100/><G120/><T77/><D77/><U17/><E29/><V112/><F112/><W80/><G14/><T13/><D13/><U47/><E17/><V129/><F129/><W26/><G2/><T83/><D27/><U114/><E114/><V134/><F134/><W101/><G1/><T19/><D28/><U95/><E95/><V50/><F50/><W34/><G49/><T32/><D19/><U39/><E55/><V65/><F65/><W133/><G66/><T96/><D32/><U62/><E62/><N who="0" m="23561" /><D83/><U10/><E10/><AGARI ba="2,1" hai="5,6,7,10,12,18,57,60,67,84,85,97,103,105" machi="10" ten="40,5200,0" yaku="1,1,52,1,53,1" doraHai="43,53" doraHaiUra="98,40" who="2" fromWho="1" sc="573,0,19,-58,189,68,209,0" owari="573,67.3,-39,-53.9,257,5.7,209,-19.1" /></mjloggm>