<mjloggm ver="2.3"><GO type="225" lobby="0"/><UN n0="%E6%98%93%E5%88%A9%E8%96%A9%E4%BC%AF" n1="%E9%80%86%E9%80%A3%E5%B8%AF%E3%81%AE%E9%AC%BC" n2="%E3%83%B4%E3%83%A0%EF%BC%99%E3%81%A6" n3="%E3%81%8B%E3%82%8F%E3%81%A1%E3%82%83%E3%82%93%35%38" dan="16,16,16,16" rate="2105.33,2165.96,2195.99,2125.27" sx="F,M,M,M"/><TAIKYOKU oya="0"/><INIT seed="0,0,0,4,0,13" ten="250,250,250,250" oya="0" hai0="65,124,118,38,61,126,8,81,19,86,85,71,18" hai1="50,105,3,134,20,109,64,53,24,99,97,106,42" hai2="113,59,11,70,94,27,9,125,44,6,110,0,56" hai3="122,30,135,37,21,33,98,73,17,62,66,43,63"/><T89/><D118/><U69/><E3/><V48/><F70/><W15/><G73/><T31/><D38/><U75/><E134/><V91/><F113/><W115/><G115/><T58/><D31/><U100/><E109/><V41/><F125/><N who="0" m="48234" /><D8/><U74/><E42/><V107/><F107/><W108/><G108/><T132/><D132/><U28/><E64/><V55/><F110/><W119/><G119/><T25/><D25/><U54/><E69/><V102/><F102/><W29/><G33/><T101/><D101/><U57/><E106/><V96/><F27/><W76/><G29/><T60/><D86/><U1/><E1/><V23/><F23/><W88/><G30/><T10/><D10/><U4/><E4/><V131/><F131/><W78/><G37/><T87/><D87/><U120/><E120/><V45/><F9/><W128/><G122/><T80/><D80/><U130/><E130/><V7/><F6/><W92/><G128/><T22/><D22/><U35/><E99/><V40/><F40/><W83/><G135/><T129/><D129/><U49/><REACH who="1" step="1"/><E35/><REACH who="1" ten="250,240,250,250" step="2"/><V79/><F7/><W82/><G43/><T77/><D77/><N who="3" m="29801" /><G66/><AGARI ba="0,1" hai="18,19,58,60,61,65,66,71,81,85,89" m="48234" machi="66" ten="30,5800,0" yaku="18,1,52,2" doraHai="13" who="0" fromWho="3" sc="250,68,240,0,250,0,250,-58" /><INIT seed="0,1,0,4,5,117" ten="318,240,250,192" oya="0" hai0="131,66,70,73,128,96,7,78,80,72,60,61,108" hai1="13,29,54,132,100,1,130,15,92,65,120,101,31" hai2="58,25,24,21,41,106,111,95,69,47,43,85,14" hai3="133,135,81,42,75,114,99,23,126,37,57,79,104"/><T53/><D73/><U109/><E1/><V134/><F106/><W2/><G114/><T48/><D60/><U20/><E132/><N who="3" m="50762" /><G2/><T17/><D7/><U34/><E130/><V32/><F69/><W129/><G37/><T82/><D82/><U124/><E109/><V64/><F111/><W38/><G38/><T11/><D108/><U51/><E34/><V46/><F32/><W0/><G0/><T52/><D96/><U3/><E124/><V102/><F14/><W27/><G42/><T35/><D35/><U84/><E65/><V103/><F134/><W97/><G104/><T33/><D33/><U86/><E92/><V127/><F127/><W18/><G126/><T9/><D53/><U26/><E31/><V105/><F105/><W98/><G129/><N who="0" m="49739" /><D17/><U90/><E3/><V116/><F64/><W16/><G57/><AGARI ba="1,0" hai="9,11,48,52,57,61,66,70,72,78,80" m="49739" machi="57" ten="30,2900,0" yaku="19,1,54,1" doraHai="117" who="0" fromWho="3" sc="318,32,240,0,250,0,192,-32" /><INIT seed="0,2,0,4,4,67" ten="350,240,250,160" oya="0" hai0="62,60,87,68,120,118,97,33,34,3,64,96,61" hai1="75,27,8,113,45,32,66,37,108,76,135,91,35" hai2="65,102,28,128,73,127,15,88,17,54,56,81,11" hai3="59,134,133,13,101,48,92,129,22,29,104,12,74"/><T7/><D118/><U21/><E135/><N who="3" m="51722" /><G104/><T114/><D120/><U36/><E108/><V121/><F121/><W107/><G107/><T26/><D114/><U55/><E113/><V31/><F127/><W83/><G129/><T25/><D87/><U14/><E66/><V18/><F128/><W131/><G131/><T98/><D7/><U111/><E111/><V52/><F102/><W126/><G126/><T125/><D3/><U50/><E91/><V6/><F73/><W16/><G29/><N who="2" m="11337" /><F65/><W70/><G13/><T103/><D103/><U112/><E112/><V109/><F109/><W80/><G74/><T41/><D41/><U71/><E71/><V90/><F54/><N who="3" m="32199" /><G70/><T115/><D115/><U99/><E35/><V47/><F47/><W119/><G119/><T110/><D110/><U23/><E32/><V72/><F72/><W117/><G117/><T0/><D0/><U5/><E99/><AGARI ba="2,0" hai="12,16,22,80,83,92,99,101" m="32199,51722" machi="99" ten="30,2000,0" yaku="20,1,54,1" doraHai="67" who="3" fromWho="1" sc="350,0,240,-26,250,0,160,26" /><INIT seed="1,0,0,4,1,1" ten="350,214,250,186" oya="1" hai0="3,71,6,43,98,113,99,134,81,104,109,25,112" hai1="8,12,84,19,111,116,21,74,14,18,88,28,60" hai2="51,26,103,95,30,94,130,11,122,27,102,121,20" hai3="65,49,64,56,76,86,78,119,101,17,39,54,115"/><U9/><E116/><V110/><F110/><W135/><G115/><T132/><D71/><U87/><E111/><V4/><F130/><W38/><G101/><N who="0" m="62519" /><D43/><U24/><E74/><V70/><F70/><W23/><G135/><N who="0" m="51755" /><D109/><U93/><E60/><V108/><F108/><W29/><G119/><T90/><D25/><U106/><E106/><V40/><F11/><W34/><G34/><T75/><D6/><U48/><E48/><V114/><F51/><W57/><G29/><T129/><D3/><U73/><E73/><V36/><F40/><W53/><G39/><T105/><D129/><U63/><E63/><V47/><F47/><W59/><G38/><T72/><D90/><U82/><E82/><V92/><F36/><W126/><G126/><T68/><D68/><U133/><E133/><V97/><F30/><W0/><G0/><T128/><D128/><U96/><AGARI ba="0,0" hai="8,9,12,14,18,19,21,24,28,84,87,88,93,96" machi="96" ten="20,12000,1" yaku="0,1,7,1,9,1,8,1,54,1" doraHai="1" who="1" fromWho="1" sc="350,-40,214,120,250,-40,186,-40" /><INIT seed="1,1,0,2,5,87" ten="310,334,210,146" oya="1" hai0="81,1,98,79,31,118,58,52,23,125,111,73,68" hai1="84,82,94,104,42,119,117,48,55,91,126,35,105" hai2="135,127,97,62,34,113,17,114,45,65,134,59,21" hai3="107,43,72,83,86,51,22,75,96,102,124,109,53"/><U46/><E126/><V115/><F34/><W129/><G124/><T47/><D68/><U12/><E35/><V122/><F127/><W128/><G43/><T2/><D125/><U64/><E64/><V4/><F4/><W95/><G22/><T10/><D111/><U39/><E12/><V7/><F7/><W44/><G109/><T92/><D47/><U99/><E119/><V24/><F122/><W40/><G40/><T131/><D131/><U112/><E112/><V11/><F11/><W37/><G37/><T14/><D23/><U56/><REACH who="1" step="1"/><E117/><REACH who="1" ten="310,324,210,146" step="2"/><V54/><F113/><W25/><G129/><T93/><D118/><U27/><E27/><V120/><F114/><W77/><G25/><T101/><D14/><U80/><E80/><V8/><F115/><W16/><G128/><T78/><D81/><U38/><E38/><V36/><F36/><W29/><G83/><T71/><D1/><U106/><E106/><V67/><F67/><W20/><G107/><T9/><D2/><U103/><AGARI ba="1,1" hai="39,42,46,48,55,56,82,84,91,94,99,103,104,105" machi="103" ten="20,12000,1" yaku="1,1,0,1,7,1,52,1,53,1" doraHai="87" doraHaiUra="49" who="1" fromWho="1" sc="310,-41,324,133,210,-41,146,-41" /><INIT seed="1,2,0,2,1,104" ten="269,457,169,105" oya="1" hai0="102,63,10,36,90,106,128,40,17,84,82,109,70" hai1="6,16,68,127,79,78,1,57,45,28,41,85,44" hai2="124,74,8,107,116,69,46,42,14,72,71,20,66" hai3="73,126,129,131,22,113,12,99,50,67,86,98,48"/><U64/><E127/><V80/><F116/><W19/><G113/><T52/><D109/><U89/><E68/><V3/><F107/><W122/><G122/><T76/><D128/><N who="3" m="49225" /><G126/><T100/><D36/><U117/><E117/><V97/><F124/><W47/><G67/><T56/><D40/><U60/><E28/><V81/><F3/><W25/><G73/><T24/><D70/><U34/><E34/><V9/><F97/><N who="3" m="36875" /><G86/><T43/><D43/><U125/><E125/><V111/><F111/><W4/><G47/><T114/><D114/><U53/><E45/><V11/><F66/><W77/><G77/><T5/><D106/><U118/><E118/><V94/><F94/><W62/><G62/><T133/><D133/><U31/><E31/><V51/><F69/><W96/><N who="3" m="36883" /><W101/><DORA hai="21" /><G101/><T58/><D58/><U49/><E64/><V13/><F71/><W54/><G54/><T91/><D102/><U15/><E1/><V115/><F115/><W30/><G4/><T7/><D100/><U29/><E6/><V39/><F80/><W135/><G135/><T55/><D55/><U75/><E75/><V134/><F81/><W33/><AGARI ba="2,0" hai="12,19,22,25,30,33,48,50" m="36883,49225" machi="33" ten="40,2700,0" yaku="19,1,52,1" doraHai="104,21" who="3" fromWho="3" sc="269,-9,457,-15,169,-9,105,33" /><INIT seed="2,0,0,3,0,71" ten="260,442,160,138" oya="2" hai0="85,51,10,132,17,42,7,121,100,2,58,108,87" hai1="81,104,21,50,39,112,45,72,90,102,97,106,47" hai2="15,33,65,134,127,129,114,122,99,117,54,26,130" hai3="12,119,16,43,34,28,68,46,37,74,82,41,124"/><V76/><F114/><W107/><G119/><T35/><D121/><U79/><E112/><V131/><F122/><W69/><G107/><T80/><D35/><U128/><E128/><V60/><F117/><W70/><G124/><T5/><D108/><U6/><E6/><V110/><F127/><W123/><G123/><T32/><D32/><U18/><E106/><V86/><F110/><W111/><G111/><T40/><D7/><U105/><E105/><V3/><F3/><W1/><G1/><T62/><D100/><U44/><E90/><V29/><F134/><W24/><G43/><T84/><D80/><U0/><E0/><V133/><F133/><W9/><G74/><T22/><D51/><U125/><E125/><V77/><F99/><W73/><G73/><T135/><D135/><U120/><E120/><V8/><F54/><W113/><REACH who="3" step="1"/><G82/><REACH who="3" ten="260,442,160,128" step="2"/><T91/><D132/><U92/><E104/><V23/><F33/><W59/><G59/><T96/><D42/><U61/><E81/><V98/><F98/><W11/><G11/><T89/><D40/><U55/><E72/><V83/><F83/><W88/><G88/><T118/><D96/><U126/><E126/><V103/><F86/><W52/><G52/><T93/><D118/><U31/><E97/><V25/><F103/><W36/><G36/><T30/><D91/><U78/><E102/><V109/><F109/><W116/><G116/><T19/><D87/><U53/><E39/><V67/><F129/><W27/><G27/><N who="0" m="16759" /><D85/><U13/><E55/><V57/><F130/><W64/><G64/><N who="0" m="38999" /><D84/><U115/><E53/><RYUUKYOKU ba="0,1" sc="260,15,442,-15,160,-15,128,15" hai0="2,5,10,17,19,89,93" hai3="9,12,16,24,28,34,37,41,46,68,69,70,113" /><INIT seed="3,1,1,0,1,115" ten="275,427,145,143" oya="3" hai0="50,51,60,6,103,48,91,7,43,84,12,14,97" hai1="36,1,25,59,49,22,87,15,78,64,17,77,127" hai2="27,94,113,122,18,119,70,73,125,65,34,90,0" hai3="16,109,52,69,111,21,100,95,33,135,121,92,102"/><W74/><G33/><T129/><D43/><U88/><E36/><V114/><F0/><W85/><G74/><T81/><D60/><U26/><E1/><V98/><F73/><W124/><G121/><T3/><D129/><U112/><E127/><V134/><F119/><W62/><G124/><T39/><D39/><U101/><E101/><N who="3" m="39018" /><G135/><T5/><REACH who="0" step="1"/><D3/><REACH who="0" ten="265,427,145,143" step="2"/><U68/><E112/><V89/><F125/><W72/><G72/><T28/><D28/><U30/><E30/><V118/><F113/><W54/><G69/><T83/><D83/><U56/><E68/><V23/><F70/><W37/><G37/><T76/><D76/><U32/><E78/><V67/><F114/><W105/><G105/><AGARI ba="1,2" hai="5,6,7,12,14,48,50,51,81,84,91,97,103,105" machi="105" ten="40,8000,1" yaku="1,1,53,3" doraHai="115" doraHaiUra="44" who="0" fromWho="3" sc="265,103,427,0,145,0,143,-83" owari="368,16.8,427,52.7,145,-25.5,60,-44.0" /></mjloggm>