<mjloggm ver="2.3"><GO type="225" lobby="0"/><UN n0="%EF%BC%94%36" n1="%4B%2E%32%2E%4B%2E" n2="%E8%83%83%E3%81%A8%E8%85%B8" n3="%E3%83%81%E3%83%AF%E3%83%AF%E9%9A%8A%E9%95%B7" dan="16,16,16,17" rate="2052.10,2120.07,2143.76,2174.25" sx="M,M,M,M"/><TAIKYOKU oya="0"/><INIT seed="0,0,0,3,3,133" ten="250,250,250,250" oya="0" hai0="28,112,80,90,94,74,92,14,62,10,24,49,96" hai1="38,134,25,78,55,93,3,69,95,52,67,42,115" hai2="88,34,70,101,64,109,12,56,37,23,84,114,59" hai3="124,15,125,98,13,20,68,36,7,45,75,50,43"/><T135/><D112/><U0/><E115/><V46/><F34/><W63/><G75/><T40/><D135/><U99/><E134/><V126/><F114/><W108/><G108/><T82/><D74/><U30/><E78/><V57/><F109/><W66/><G98/><T129/><D129/><U123/><E123/><V2/><F2/><W121/><G121/><T9/><D9/><U76/><E76/><V29/><F101/><W97/><G97/><T89/><D62/><U27/><E67/><V48/><F37/><W111/><G111/><T86/><D49/><U41/><E69/><V44/><F70/><W120/><G120/><T130/><D40/><U119/><E38/><V58/><F64/><W26/><G36/><T77/><D77/><U132/><E132/><V33/><F33/><W73/><G73/><T72/><D72/><U16/><E99/><V122/><F122/><W51/><G51/><T127/><D127/><N who="3" m="48713" /><G7/><T22/><D130/><U117/><E30/><AGARI ba="0,0" hai="13,15,20,26,30,43,45,50,63,66,68" m="48713" machi="30" ten="30,7700,0" yaku="18,1,52,3" doraHai="133" who="3" fromWho="1" sc="250,0,250,-77,250,0,250,77" /><INIT seed="1,0,0,4,5,52" ten="250,173,250,327" oya="1" hai0="55,12,127,44,129,24,120,14,49,115,99,51,90" hai1="43,88,66,98,56,80,20,71,84,37,28,91,35" hai2="114,23,111,93,41,68,83,125,86,36,130,59,18" hai3="54,119,106,22,69,5,63,50,132,78,107,64,29"/><U135/><E135/><V19/><F68/><W17/><G132/><T95/><D115/><U122/><E122/><V6/><F114/><W110/><G110/><T116/><D116/><U102/><E35/><V16/><F111/><W103/><G119/><T1/><D1/><U109/><E109/><V53/><F125/><W76/><G5/><T100/><D127/><U73/><E73/><V30/><F130/><W70/><G70/><T21/><D129/><U126/><E126/><V97/><F6/><W46/><G29/><T89/><D120/><U94/><E71/><V26/><F41/><W65/><G65/><T124/><D124/><U133/><E37/><V15/><F36/><W0/><G0/><T67/><D67/><U81/><E43/><V105/><F105/><W101/><G107/><T60/><D60/><N who="1" m="38151" /><E133/><V96/><F15/><N who="0" m="5674" /><D49/><U134/><E134/><V121/><F93/><W31/><G31/><AGARI ba="0,0" hai="21,24,31,44,51,55,89,90,95,99,100" m="5674" machi="31" ten="30,1000,0" yaku="8,1" doraHai="52" who="0" fromWho="3" sc="250,10,173,0,250,0,327,-10" /><INIT seed="2,0,0,2,5,135" ten="260,173,250,317" oya="2" hai0="113,13,112,134,126,17,77,61,20,34,110,49,130" hai1="97,8,29,105,0,3,125,16,108,28,56,71,73" hai2="109,50,76,72,106,37,83,128,63,48,82,33,132" hai3="54,121,18,94,92,122,86,91,75,78,46,24,127"/><V62/><F37/><W103/><G75/><T95/><D34/><U27/><E71/><V99/><F132/><W23/><G78/><T40/><D134/><U115/><E73/><V6/><F33/><W22/><G22/><T89/><D77/><U9/><E105/><V98/><F128/><W55/><G55/><T1/><D1/><N who="1" m="587" /><E97/><V85/><F6/><W65/><G65/><T51/><D130/><U111/><E56/><V88/><F109/><N who="1" m="42057" /><E115/><V4/><F4/><W36/><G103/><T101/><D101/><U5/><E125/><V104/><F72/><W42/><G127/><T123/><D126/><U14/><E27/><V57/><F76/><W11/><G94/><T64/><D110/><U44/><E44/><V96/><F82/><W10/><G54/><T131/><D131/><U74/><E74/><V68/><F68/><W2/><G46/><T124/><D124/><U80/><E80/><V47/><F50/><W119/><G36/><T41/><D49/><U107/><E107/><V31/><F106/><W81/><G81/><T60/><D60/><N who="2" m="23082" /><F57/><W58/><G58/><T93/><D51/><U129/><E129/><V59/><F59/><W38/><G38/><T19/><D113/><U100/><E100/><V26/><F104/><W79/><G79/><T53/><D112/><U67/><E67/><V87/><F87/><W70/><G70/><T133/><D61/><U32/><E32/><N who="2" m="20599" /><F48/><W120/><G86/><T84/><D64/><U30/><E30/><V21/><F47/><W90/><G42/><T45/><D133/><U114/><E114/><V117/><F85/><RYUUKYOKU ba="0,0" sc="260,-10,173,30,250,-10,317,-10" hai1="5,8,9,14,16,28,29" /><INIT seed="3,1,0,3,5,63" ten="250,203,240,307" oya="3" hai0="126,84,68,24,74,18,26,41,10,44,125,12,53" hai1="76,112,114,90,75,67,32,120,88,59,33,108,131" hai2="51,81,113,101,79,23,3,77,129,31,83,17,14" hai3="19,119,48,73,124,123,40,135,5,92,132,94,9"/><W115/><G119/><T45/><D74/><U50/><E120/><V111/><F3/><W91/><G123/><T89/><D68/><U25/><E75/><V11/><F113/><W13/><G115/><T107/><D107/><U64/><E76/><N who="2" m="29259" /><F111/><W66/><G73/><T130/><D130/><U34/><E131/><V61/><F129/><W95/><G124/><N who="0" m="47723" /><D53/><U60/><E108/><V58/><F51/><W121/><G121/><T1/><D1/><U62/><E112/><V105/><F101/><W49/><G91/><T72/><D72/><U106/><E106/><V8/><F105/><W30/><G30/><T82/><D44/><U109/><E109/><V20/><F20/><W28/><G28/><T116/><D116/><U96/><E114/><V122/><F122/><W22/><G40/><T133/><D133/><U27/><E50/><AGARI ba="1,0" hai="10,12,18,24,26,41,45,50,82,84,89" m="47723" machi="50" ten="30,1000,0" yaku="18,1" doraHai="63" who="0" fromWho="1" sc="250,13,203,-13,240,0,307,0" owari="263,6.3,190,-31.0,240,-16.0,307,40.7" /></mjloggm>