<mjloggm ver="2.3"><GO type="225" lobby="0"/><UN n0="%E3%81%86%E3%83%BC%E3%81%B1%E3%83%BC" n1="%E5%B0%8F%E9%B3%A5%E9%81%8A%E7%B7%B4%E7%84%A1%32%31%E6%AD%B3" n2="%73%61%6E%64%69%72%69%73" n3="%E8%81%B7%E6%A5%AD%E3%80%81%E9%A2%A8%32" dan="16,16,16,16" rate="2164.78,2161.52,2152.94,2155.93" sx="F,F,M,M"/><TAIKYOKU oya="0"/><INIT seed="0,0,0,0,0,124" ten="250,250,250,250" oya="0" hai0="73,21,96,123,134,132,1,85,115,6,125,42,37" hai1="77,109,111,71,119,93,5,84,19,98,103,116,30" hai2="0,25,97,120,95,64,28,44,56,117,91,3,29" hai3="14,52,105,76,94,135,50,16,66,100,31,92,34"/><T32/><D32/><U114/><E71/><V20/><F120/><W53/><G135/><T62/><D115/><U41/><E5/><V51/><F117/><N who="1" m="45129" /><E30/><V101/><F29/><W75/><G66/><T121/><D73/><U106/><E19/><V70/><F70/><W74/><G105/><T49/><D37/><U63/><E63/><N who="2" m="37991" /><F91/><W130/><G130/><T33/><D33/><U24/><E24/><V126/><F126/><W118/><G118/><T39/><D39/><U55/><E55/><AGARI ba="0,0" hai="0,3,20,25,28,44,51,55,95,97,101" m="37991" machi="55" ten="30,1000,0" yaku="25,1" doraHai="124" who="2" fromWho="1" sc="250,0,250,-10,250,10,250,0" /><INIT seed="1,0,0,3,5,34" ten="250,240,260,250" oya="1" hai0="93,69,17,42,85,61,40,77,48,115,21,131,13" hai1="135,36,125,52,59,35,80,51,16,118,23,88,82" hai2="41,33,101,122,65,26,24,89,43,67,90,129,1" hai3="45,100,2,25,60,44,53,81,57,117,19,18,3"/><U111/><E118/><V39/><F33/><W8/><G117/><T98/><D131/><U47/><E35/><V102/><F39/><W31/><G100/><T76/><D115/><U15/><E125/><V6/><F6/><W97/><G97/><T120/><D120/><U78/><E135/><V0/><REACH who="2" step="1"/><F129/><REACH who="2" ten="250,240,250,250" step="2"/><W66/><G81/><N who="0" m="47271" /><D69/><U128/><E128/><V121/><AGARI ba="0,1" hai="0,1,24,26,41,43,65,67,89,90,101,102,121,122" machi="121" ten="25,12000,2" yaku="1,1,0,1,22,2,52,2,53,0" doraHai="34" doraHaiUra="74" who="2" fromWho="2" sc="250,-30,240,-60,250,130,250,-30" /><INIT seed="2,0,0,2,5,86" ten="220,180,380,220" oya="2" hai0="65,118,42,135,0,122,84,45,34,125,52,22,7" hai1="18,61,13,111,21,101,76,47,19,78,31,103,48" hai2="11,112,114,1,75,88,77,128,54,66,50,4,83" hai3="68,28,43,110,32,124,29,79,116,87,89,62,96"/><V27/><F128/><W2/><G110/><T25/><D122/><U91/><E111/><V82/><F66/><W39/><G2/><T56/><D34/><U10/><E31/><V17/><F17/><W8/><G8/><T106/><D106/><U107/><E61/><V60/><F27/><W49/><G39/><T55/><D125/><U6/><E19/><V33/><F60/><W93/><G124/><T130/><D130/><U38/><E38/><V115/><F33/><W131/><G131/><T73/><D73/><U105/><E105/><V80/><F77/><W44/><G116/><T90/><D0/><U41/><E107/><V63/><F63/><W121/><G121/><T51/><D7/><U127/><E127/><V24/><F24/><W94/><G32/><T35/><D35/><U119/><E119/><V46/><REACH who="2" step="1"/><F75/><REACH who="2" ten="220,180,370,220" step="2"/><W37/><G79/><T59/><D118/><U15/><E76/><V12/><F12/><W53/><G62/><T9/><D65/><U3/><E78/><V58/><F58/><N who="0" m="22058" /><D135/><U69/><E3/><V133/><F133/><W16/><G68/><T72/><D72/><U100/><E69/><V26/><F26/><W70/><G70/><T5/><D5/><U123/><E123/><V81/><F81/><W71/><G71/><T14/><D14/><U109/><E109/><V129/><F129/><W126/><G126/><T113/><D113/><U20/><E20/><V57/><F57/><N who="3" m="32943" /><G16/><N who="0" m="12487" /><D9/><U99/><E103/><V30/><F30/><W108/><G108/><T40/><D55/><U36/><E36/><V92/><F92/><AGARI ba="0,1" hai="40,42,45,51,52,84,90,92" m="12487,22058" machi="92" ten="30,7700,0" yaku="8,1,52,1,54,2" doraHai="86" who="0" fromWho="2" sc="220,87,180,0,370,-77,220,0" /><AGARI ba="0,0" hai="6,10,13,15,18,21,41,47,48,91,92,99,100,101" machi="92" ten="40,2600,0" yaku="8,1,52,1" doraHai="86" who="1" fromWho="2" sc="307,0,180,26,293,-26,220,0" /><INIT seed="3,0,0,5,2,16" ten="307,206,267,220" oya="3" hai0="30,15,23,121,49,13,105,3,124,78,72,47,46" hai1="28,103,66,33,68,67,88,60,110,14,2,80,102" hai2="63,35,59,91,130,53,34,69,112,83,81,132,118" hai3="100,50,25,135,32,5,19,98,86,36,125,6,122"/><W134/><G36/><T70/><D105/><U133/><E133/><N who="3" m="50698" /><G122/><T62/><D3/><U18/><E2/><V123/><F132/><W104/><G125/><T85/><D72/><U74/><E67/><V77/><F118/><W27/><G86/><T93/><D121/><U29/><E110/><V97/><F112/><W41/><G41/><N who="0" m="24783" /><D70/><U22/><E33/><V101/><F130/><W65/><G65/><T90/><D124/><U4/><E4/><N who="3" m="1642" /><G32/><T57/><D47/><U75/><E75/><V71/><F123/><W129/><G129/><T89/><D78/><U38/><E38/><V61/><F34/><W84/><G50/><T21/><D89/><U43/><E43/><V56/><F35/><W8/><G84/><T92/><D92/><U128/><E128/><V58/><F71/><W115/><G115/><T20/><D30/><U24/><E29/><V117/><F69/><W39/><G39/><T64/><AGARI ba="0,0" hai="13,15,20,21,23,57,62,64,85,90,93" m="24783" machi="64" ten="30,7900,0" yaku="8,1,52,3" doraHai="16" who="0" fromWho="0" sc="307,79,206,-20,267,-20,220,-39" owari="386,48.6,186,-21.4,247,4.7,181,-31.9" /></mjloggm>