<mjloggm ver="2.3"><GO type="225" lobby="0"/><UN n0="%E3%82%BC%E3%83%AB%E3%83%80%E3%81%AE%E4%BC%9D%E8%AA%AC" n1="%72%61%6B%33" n2="%E3%83%A9%E3%83%96%E3%83%AC%E3%83%BC" n3="%70%68%65%6E%6F%6D%65" dan="17,17,18,16" rate="2235.30,2159.56,2185.47,2130.41" sx="M,M,M,M"/><TAIKYOKU oya="0"/><BYE who="0" /><UN n0="%E3%82%BC%E3%83%AB%E3%83%80%E3%81%AE%E4%BC%9D%E8%AA%AC" /><INIT seed="0,0,0,1,5,125" ten="250,250,250,250" oya="0" hai0="46,70,43,47,14,24,105,128,76,32,108,98,45" hai1="83,57,42,111,30,15,69,27,74,89,133,122,5" hai2="33,121,66,67,40,95,116,23,55,53,81,104,2" hai3="26,130,84,4,25,103,12,48,117,101,75,115,126"/><T107/><BYE who="3" /><D70/><UN n3="%70%68%65%6E%6F%6D%65" /><U86/><E69/><V59/><F104/><W19/><G75/><T39/><D128/><U58/><E122/><V112/><F33/><W41/><G115/><T9/><D108/><U62/><E111/><V21/><F2/><W78/><G117/><T51/><D76/><U60/><E133/><V16/><F121/><W100/><G126/><T132/><D132/><U131/><E131/><V37/><F23/><W3/><G3/><T87/><D87/><U61/><E74/><V96/><F116/><W22/><G130/><T80/><D80/><U79/><E42/><V85/><F40/><W68/><G68/><T114/><D114/><U119/><E119/><V124/><F37/><W13/><G41/><T0/><D0/><U8/><REACH who="1" step="1"/><E79/><REACH who="1" ten="250,240,250,250" step="2"/><N who="2" m="46271" /><F112/><W29/><G78/><T71/><D71/><U118/><E118/><V110/><F110/><W113/><G113/><T123/><D123/><U34/><AGARI ba="0,1" hai="5,8,15,27,30,34,57,58,60,61,62,83,86,89" machi="34" ten="30,2000,0" yaku="1,1,0,1,53,0" doraHai="125" doraHaiUra="38" who="1" fromWho="1" sc="250,-10,240,30,250,-5,250,-5" /><INIT seed="1,0,0,0,1,57" ten="240,270,245,245" oya="1" hai0="127,33,94,13,24,14,70,84,73,27,109,47,25" hai1="98,89,79,51,1,2,19,132,95,26,82,91,92" hai2="67,107,90,85,100,102,20,106,63,68,56,6,5" hai3="105,135,121,103,21,53,116,52,97,134,0,9,12"/><U80/><E132/><N who="3" m="50730" /><G121/><T113/><D73/><U39/><E39/><V42/><F68/><W93/><G116/><T114/><D70/><U34/><E51/><V46/><F107/><W125/><G125/><T129/><D47/><U3/><E79/><V60/><F60/><W18/><G105/><T15/><D84/><U110/><E110/><V38/><F102/><W11/><G11/><T126/><D94/><U32/><E19/><V115/><F115/><N who="0" m="44042" /><D109/><U49/><E49/><V65/><F67/><W36/><G36/><T66/><D66/><U10/><E10/><V58/><F58/><W54/><G53/><T101/><D101/><U75/><E75/><V22/><F100/><W96/><G96/><T31/><D129/><U117/><E117/><V104/><F106/><W87/><G87/><T7/><D7/><AGARI ba="0,0" hai="0,7,9,12,18,21,52,54,93,97,103" m="50730" machi="7" ten="30,2000,0" yaku="20,1,54,1" doraHai="57" who="3" fromWho="0" sc="240,-20,270,0,245,0,245,20" /><INIT seed="2,0,0,3,4,50" ten="220,270,245,265" oya="2" hai0="79,91,40,19,88,103,13,131,33,30,46,5,11" hai1="43,110,72,95,98,36,117,61,54,2,69,0,24" hai2="71,28,107,89,96,122,135,20,31,84,112,119,35" hai3="25,12,116,113,67,81,108,125,93,100,8,99,106"/><V34/><F119/><W64/><G116/><T115/><D131/><U63/><E72/><V37/><F37/><W70/><G108/><T47/><D115/><U82/><E110/><V59/><F71/><W97/><G113/><T130/><D130/><U14/><E82/><V57/><F96/><W51/><G125/><T22/><D103/><U78/><E78/><V118/><F107/><W49/><G25/><T123/><D123/><U7/><E24/><V94/><F112/><W26/><G26/><N who="0" m="18647" /><D79/><U1/><E69/><V111/><F122/><W17/><G81/><T104/><D104/><U15/><E61/><V133/><F118/><W80/><G80/><T6/><D6/><U85/><E85/><V83/><F111/><W73/><G73/><T65/><D65/><U87/><E87/><N who="2" m="52543" /><F20/><W10/><G8/><T29/><D29/><N who="2" m="11338" /><F35/><W60/><REACH who="3" step="1"/><G64/><REACH who="3" ten="220,270,245,255" step="2"/><T21/><D21/><U86/><E117/><V114/><F34/><W55/><G55/><T48/><D47/><U101/><E54/><V128/><F128/><W120/><G120/><T9/><D11/><U62/><E43/><V92/><F114/><W127/><G127/><T121/><D121/><U42/><E42/><V68/><F83/><W66/><G66/><T105/><D105/><U18/><E95/><V77/><F77/><W41/><G41/><T75/><D75/><U39/><E39/><V4/><F92/><W45/><G45/><T27/><D27/><U132/><E36/><V52/><F52/><W38/><G38/><T102/><D102/><AGARI ba="0,1" hai="10,12,17,49,51,60,67,70,93,97,99,100,102,106" machi="102" ten="30,2000,0" yaku="1,1,7,1,53,0" doraHai="50" doraHaiUra="124" who="3" fromWho="0" sc="220,-20,270,0,245,0,255,30" /><INIT seed="3,0,0,3,1,92" ten="200,270,245,285" oya="3" hai0="99,129,1,119,5,70,98,113,62,124,73,130,134" hai1="114,131,89,60,101,104,115,81,51,18,97,46,8" hai2="43,32,7,29,69,135,59,47,86,61,57,77,93" hai3="74,132,122,44,28,64,52,49,63,13,38,107,78"/><W108/><G122/><T88/><D119/><U87/><E131/><N who="0" m="50185" /><D124/><U40/><REACH who="1" step="1"/><E60/><REACH who="1" ten="200,260,245,285" step="2"/><V85/><F61/><W103/><G132/><T125/><D134/><U25/><E25/><V105/><F135/><W82/><G108/><T133/><D133/><U19/><E19/><V90/><F29/><W26/><G38/><T11/><D125/><U53/><E53/><V118/><F118/><W39/><G39/><T27/><D113/><U110/><E110/><V67/><F43/><W123/><G123/><T58/><D70/><U36/><E36/><V10/><F69/><W126/><G126/><T80/><D27/><U41/><E41/><V37/><F37/><W35/><G63/><T15/><D1/><U102/><E102/><V45/><F67/><W68/><G68/><T20/><D20/><U106/><E106/><V24/><F105/><W9/><G64/><N who="0" m="38999" /><D73/><U84/><E84/><AGARI ba="0,1" hai="5,11,15,80,84,88,98,99" m="38999,50185" machi="84" ten="30,7700,0" yaku="19,1,52,2,54,1" doraHai="92" who="0" fromWho="1" sc="200,87,260,-77,245,0,285,0" /><INIT seed="4,0,0,5,3,51" ten="287,183,245,285" oya="0" hai0="116,113,46,32,131,41,66,30,76,81,59,42,26" hai1="37,53,16,35,115,10,130,117,96,119,127,103,22" hai2="97,25,121,87,56,69,114,28,109,134,44,77,123" hai3="75,70,50,78,67,132,29,21,4,5,3,12,118"/><T49/><D116/><U18/><E35/><V104/><F109/><W27/><G118/><T14/><D113/><U88/><E37/><V128/><F114/><W47/><G132/><T105/><D105/><U93/><E115/><V64/><F134/><W92/><G3/><T48/><D131/><U43/><E130/><V23/><F69/><W108/><G108/><T84/><D14/><N who="1" m="7255" /><E117/><V33/><F33/><W82/><G92/><T112/><D112/><U100/><E119/><V13/><F121/><W90/><G90/><T107/><D107/><U122/><E122/><V89/><F77/><W57/><G70/><T73/><D73/><U86/><E127/><V95/><F13/><W20/><G57/><T38/><REACH who="0" step="1"/><D41/><REACH who="0" ten="277,183,245,285" step="2"/><U45/><E43/><V74/><F74/><W83/><G12/><T2/><D2/><U1/><E1/><V11/><F104/><W65/><G5/><T111/><D111/><U71/><E71/><V80/><F128/><W99/><G4/><T68/><D68/><U94/><E100/><V7/><F7/><W133/><G133/><T15/><D15/><N who="1" m="9567" /><E45/><V125/><F123/><W31/><G75/><T17/><D17/><U101/><E101/><N who="2" m="60607" /><F44/><W34/><G47/><T124/><D124/><U126/><E126/><V129/><F129/><W36/><G36/><T40/><D40/><U63/><E63/><AGARI ba="0,1" hai="26,30,32,38,42,46,48,49,59,63,66,76,81,84" machi="63" ten="40,2000,0" yaku="1,1,53,0" doraHai="51" doraHaiUra="19" who="0" fromWho="1" sc="277,30,183,-20,245,0,285,0" owari="307,40.7,163,-33.7,245,-15.5,285,8.5" /></mjloggm>