<mjloggm ver="2.3"><GO type="225" lobby="0"/><UN n0="%E5%B0%8F%37%34" n1="%4C%4F%4C%49%54%41" n2="%E7%99%BD%E6%97%A5%E9%9B%AA%E8%8F%9C" n3="%47%48%4F%53%54" dan="17,16,16,17" rate="2170.35,2193.37,2141.44,2288.62" sx="M,F,M,M"/><TAIKYOKU oya="0"/><INIT seed="0,0,0,3,1,135" ten="250,250,250,250" oya="0" hai0="131,41,115,102,67,103,59,11,48,105,17,121,24" hai1="80,104,40,82,122,126,124,85,56,118,92,97,20" hai2="113,37,72,133,116,75,14,13,38,70,58,12,79" hai3="101,6,28,53,68,61,46,65,55,1,74,21,54"/><T2/><D121/><U42/><E104/><V86/><F113/><W130/><G130/><T23/><D115/><U52/><E118/><V7/><F70/><W26/><G74/><T60/><D131/><U78/><E82/><V112/><F112/><W91/><G101/><T18/><D105/><U44/><E20/><V129/><F129/><W27/><G1/><T35/><D35/><U114/><E122/><V98/><F133/><W16/><G6/><T127/><D127/><N who="1" m="48683" /><E44/><V39/><F116/><W76/><G76/><T51/><D2/><U81/><E81/><V49/><F7/><W43/><G91/><T88/><D88/><N who="1" m="55431" /><E114/><V45/><F45/><W19/><REACH who="3" step="1"/><G27/><REACH who="3" ten="250,250,250,240" step="2"/><T100/><REACH who="0" step="1"/><D41/><REACH who="0" ten="240,250,250,240" step="2"/><U90/><E90/><V99/><F79/><W77/><G77/><T5/><D5/><U57/><E57/><V47/><F58/><W34/><G34/><T9/><D9/><U36/><E36/><AGARI ba="0,2" hai="16,19,21,26,28,36,43,46,53,54,55,61,65,68" machi="36" ten="40,2600,0" yaku="1,1,54,1,53,0" doraHai="135" doraHaiUra="33" who="3" fromWho="1" sc="240,0,250,-26,250,0,240,46" /><INIT seed="1,0,0,5,0,10" ten="240,224,250,286" oya="1" hai0="128,35,3,76,117,109,64,22,15,2,66,120,96" hai1="95,8,48,43,42,124,21,7,44,19,40,54,68" hai2="106,56,74,63,101,55,18,31,73,37,87,80,98" hai3="36,53,26,13,110,83,67,123,105,125,72,126,132"/><U135/><E68/><V113/><F113/><W78/><G123/><T81/><D35/><U20/><E135/><V118/><F118/><W1/><G132/><T84/><D117/><U23/><E124/><V114/><F114/><W33/><G1/><T47/><D109/><U11/><E11/><V12/><F31/><W39/><G110/><T107/><D120/><U100/><E95/><V79/><REACH who="2" step="1"/><F37/><REACH who="2" ten="240,224,240,286" step="2"/><W115/><G39/><T119/><D119/><U122/><E122/><V75/><F75/><W62/><G36/><T131/><D131/><U129/><E129/><V45/><F45/><W88/><G72/><T86/><D128/><U93/><E100/><V46/><F46/><W5/><G115/><T89/><D47/><U102/><E102/><V99/><F99/><W134/><G134/><T57/><D96/><U127/><E127/><V30/><F30/><W34/><G126/><T90/><D107/><U25/><REACH who="1" step="1"/><E93/><REACH who="1" ten="240,214,240,286" step="2"/><V116/><F116/><W29/><G125/><T61/><D2/><AGARI ba="0,2" hai="2,7,8,19,20,21,23,25,40,42,43,44,48,54" machi="2" ten="40,12000,1" yaku="1,1,2,1,53,3" doraHai="10" doraHaiUra="16" who="1" fromWho="0" sc="240,-120,214,140,240,0,286,0" /><INIT seed="1,1,0,2,2,76" ten="120,354,240,286" oya="1" hai0="110,99,130,27,13,113,32,29,108,74,83,23,135" hai1="65,106,42,123,56,128,80,131,96,38,21,14,39" hai2="82,105,58,104,115,103,111,16,31,51,134,18,79" hai3="15,1,120,121,133,126,43,28,41,62,86,91,81"/><U0/><E0/><V3/><F3/><W77/><G1/><T26/><D113/><U70/><E123/><V47/><F115/><W122/><G133/><T8/><D135/><U61/><E70/><V112/><F134/><W78/><G126/><T127/><D127/><U102/><E42/><V45/><F112/><W22/><G78/><T109/><D130/><N who="1" m="49707" /><E80/><V17/><F111/><W69/><G77/><T49/><D99/><U119/><E119/><V90/><F90/><W117/><G117/><T44/><D74/><U54/><E54/><V97/><F31/><W100/><G100/><T33/><D83/><U73/><E73/><V7/><F7/><W34/><G34/><T98/><D98/><U50/><E50/><V68/><F68/><W64/><REACH who="3" step="1"/><G28/><REACH who="3" ten="120,354,240,276" step="2"/><T11/><D33/><U55/><E102/><V72/><REACH who="2" step="1"/><F104/><REACH who="2" ten="120,354,230,276" step="2"/><W92/><G92/><T124/><D124/><U6/><E106/><V87/><F87/><W95/><G95/><T114/><D114/><U71/><E96/><V125/><F125/><W52/><G52/><AGARI ba="1,2" hai="16,17,18,45,47,51,52,58,72,79,82,97,103,105" machi="52" ten="40,8000,1" yaku="1,1,52,1,54,2,53,0" doraHai="76" doraHaiUra="2" who="2" fromWho="3" sc="120,0,354,0,230,103,276,-83" /><INIT seed="2,0,0,5,1,126" ten="120,354,333,193" oya="2" hai0="47,91,25,32,95,37,125,4,130,36,1,63,73" hai1="6,66,92,124,20,17,64,21,84,41,50,2,61" hai2="83,55,109,108,135,49,22,27,44,118,42,40,121" hai3="3,82,48,102,114,54,106,116,10,34,65,14,35"/><V105/><F118/><W11/><G116/><T120/><D125/><U79/><E124/><V93/><F121/><W96/><G114/><T77/><D120/><U23/><E2/><V97/><F105/><W28/><G65/><T90/><D73/><U134/><E134/><V86/><F135/><W72/><G3/><T59/><D77/><U107/><E6/><V9/><F9/><W115/><G115/><T99/><D1/><U117/><E107/><V87/><F42/><W15/><G82/><T123/><D123/><U76/><E117/><V74/><F40/><W58/><G72/><T33/><D4/><U13/><E50/><V18/><F74/><W70/><G70/><T122/><D122/><U51/><E51/><V78/><REACH who="2" step="1"/><F86/><REACH who="2" ten="120,354,323,193" step="2"/><W30/><G11/><T12/><D36/><U88/><E41/><V103/><AGARI ba="0,1" hai="18,22,27,44,49,55,78,83,87,93,97,103,108,109" machi="103" ten="30,6000,0" yaku="1,1,2,1,0,1,53,0" doraHai="126" doraHaiUra="24" who="2" fromWho="2" sc="120,-20,354,-20,323,70,193,-20" /><INIT seed="2,1,0,3,3,102" ten="100,334,393,173" oya="2" hai0="37,112,38,61,35,75,20,18,78,133,0,24,74" hai1="47,80,45,95,23,115,11,92,7,71,12,21,117" hai2="103,79,105,31,30,4,55,99,132,94,52,32,65" hai3="40,6,129,25,69,63,51,113,53,70,91,22,8"/><V83/><F132/><W2/><G129/><T84/><D112/><U108/><E117/><V106/><F65/><W14/><G113/><T34/><D133/><U73/><E71/><V48/><F4/><W110/><G110/><T119/><D119/><U100/><E115/><V135/><F135/><W5/><G40/><T59/><D0/><U3/><E108/><V42/><F42/><W88/><G6/><T124/><D124/><U56/><E73/><V29/><F32/><W123/><G123/><T109/><D109/><U44/><E80/><V39/><F39/><W26/><G26/><T54/><D37/><U116/><E116/><V101/><F101/><W114/><G2/><T87/><D38/><U122/><E122/><V120/><F55/><W93/><G91/><T85/><REACH who="0" step="1"/><D78/><REACH who="0" ten="90,334,393,173" step="2"/><U131/><E3/><V82/><F120/><W76/><G76/><T49/><D49/><U28/><E131/><V68/><F68/><W98/><G114/><T17/><D17/><U41/><E7/><V15/><F15/><W43/><G69/><T130/><D130/><U60/><E12/><V16/><F16/><N who="3" m="12487" /><G70/><T127/><D127/><U46/><E41/><V77/><F77/><W36/><G36/><T86/><N who="0" m="21504" /><DORA hai="97" /><T107/><D107/><U9/><E28/><V96/><F79/><W10/><G43/><T125/><D125/><U64/><N who="1" m="11264" /><DORA hai="89" /><U72/><E72/><AGARI ba="1,1" hai="18,20,24,34,35,54,59,61,72,74,75" m="21504" machi="72" ten="50,1600,0" yaku="1,1,53,0" doraHai="102,97,89" doraHaiUra="126,27,33" who="0" fromWho="1" sc="90,29,334,-19,393,0,173,0" /><INIT seed="3,0,0,1,3,100" ten="119,315,393,173" oya="3" hai0="127,37,70,85,4,108,129,95,0,68,74,113,117" hai1="59,11,98,31,30,9,111,77,13,82,78,32,69" hai2="93,45,75,41,57,43,86,25,64,122,7,79,49" hai3="90,89,104,124,40,119,24,55,39,42,58,47,120"/><W34/><G119/><T103/><RYUUKYOKU type="yao9" ba="0,0" sc="119,0,315,0,393,0,173,0" hai0="0,4,37,68,70,74,85,95,103,108,113,117,127,129" /><INIT seed="3,1,0,5,5,75" ten="119,315,393,173" oya="3" hai0="100,20,3,119,105,41,129,109,56,79,111,35,38" hai1="70,39,43,57,11,73,71,134,135,107,102,52,15" hai2="128,28,29,133,94,19,55,36,9,104,84,118,60" hai3="83,2,6,33,85,124,40,16,132,58,123,103,69"/><W45/><G123/><T37/><D35/><U74/><E39/><V106/><F118/><W131/><G69/><T61/><D119/><U92/><E43/><V31/><F36/><W86/><G124/><T64/><D129/><U121/><E121/><V76/><F128/><W122/><G132/><N who="1" m="50730" /><E107/><V22/><F133/><W24/><G103/><T47/><D3/><U62/><E92/><V91/><F76/><W59/><G85/><T21/><D37/><U54/><E102/><V88/><F9/><W8/><G33/><T51/><D38/><U82/><E54/><V99/><F55/><W10/><G40/><T42/><D42/><U117/><E117/><V65/><F104/><W112/><G45/><T7/><D7/><N who="1" m="3583" /><E73/><V34/><F106/><W0/><G59/><T5/><D5/><U127/><E127/><V77/><F77/><AGARI ba="1,0" hai="52,57,62,70,71,74,77,82" m="3583,50730" machi="77" ten="30,3900,0" yaku="20,1,52,1,54,1" doraHai="75" who="1" fromWho="2" sc="119,0,315,42,393,-42,173,0" owari="119,-38.1,357,45.7,351,15.1,173,-22.7" /></mjloggm>