<mjloggm ver="2.3"><GO type="225" lobby="0"/><UN n0="%E3%81%AF%E3%82%88%E3%81%8A%E3%81%98%E3%81%95%E3%82%93" n1="%E3%83%97%E3%83%AC%E3%83%B4%E3%82%A1%E3%83%86%E3%82%A3" n2="%4C%4F%4C%49%54%41" n3="%72%69%6F%75%63%68%61%6E" dan="17,16,16,16" rate="2212.01,2144.74,2205.64,2136.48" sx="M,F,F,M"/><TAIKYOKU oya="0"/><INIT seed="0,0,0,0,1,85" ten="250,250,250,250" oya="0" hai0="40,65,34,71,51,48,117,103,35,114,80,110,79" hai1="6,96,94,132,120,14,54,39,83,118,56,92,38" hai2="50,53,10,1,129,57,44,104,108,106,21,74,11" hai3="78,72,91,98,116,66,5,89,37,30,20,33,18"/><T22/><D114/><U81/><E120/><V3/><F74/><W75/><G116/><T131/><D117/><U41/><E118/><V32/><F32/><W102/><G37/><T42/><D131/><U119/><E119/><V69/><F69/><W7/><G66/><T105/><D110/><U76/><E132/><V77/><F77/><W125/><G125/><T70/><D22/><U133/><E133/><V124/><F108/><W73/><G78/><T12/><D12/><U28/><E28/><V82/><F82/><W112/><G112/><T29/><D79/><U64/><E64/><V101/><F124/><W86/><G30/><T47/><D80/><U0/><E0/><V45/><F129/><W24/><G33/><T67/><D29/><U4/><E41/><V111/><F111/><W123/><G123/><T19/><D19/><U55/><BYE who="0" /><E14/><V97/><F106/><W128/><G128/><T113/><D113/><U17/><E76/><V58/><F21/><W107/><REACH who="3" step="1"/><G91/><REACH who="3" ten="250,250,250,240" step="2"/><T134/><D134/><U26/><E39/><V46/><F101/><UN n0="%E3%81%AF%E3%82%88%E3%81%8A%E3%81%98%E3%81%95%E3%82%93" /><W23/><G23/><T27/><D103/><U36/><E38/><V9/><F10/><W99/><G99/><T2/><D34/><U135/><E36/><V15/><F9/><W121/><G121/><T43/><D35/><U31/><E135/><V61/><F97/><W63/><G63/><T95/><D70/><U93/><E96/><V52/><REACH who="2" step="1"/><F104/><REACH who="2" ten="250,250,240,240" step="2"/><W115/><G115/><T25/><D105/><U109/><E109/><V90/><F90/><W122/><G122/><T88/><D71/><U49/><E83/><AGARI ba="0,2" hai="5,7,18,20,24,72,73,75,83,86,89,98,102,107" machi="83" ten="40,5200,0" yaku="1,1,6,1,52,1,53,0" doraHai="85" doraHaiUra="8" who="3" fromWho="1" sc="250,0,250,-52,240,0,240,72" /><INIT seed="1,0,0,4,3,100" ten="250,198,240,312" oya="1" hai0="120,35,128,51,103,7,32,93,69,86,53,26,15" hai1="75,80,37,83,122,70,43,50,92,64,117,25,4" hai2="19,31,13,6,63,60,91,119,59,110,73,84,130" hai3="72,8,95,74,21,23,65,133,111,108,24,47,97"/><U5/><E122/><V54/><F119/><W61/><G133/><T105/><D69/><U131/><E117/><V81/><F110/><N who="3" m="42027" /><G47/><T34/><D120/><U126/><E37/><V85/><F73/><N who="3" m="28267" /><G8/><T135/><D135/><U28/><E131/><V127/><F127/><W79/><G79/><T20/><D128/><U48/><E126/><V89/><F130/><W9/><G9/><T114/><D114/><U88/><E70/><V101/><F101/><N who="3" m="60607" /><G24/><T56/><D15/><U96/><E64/><V36/><F36/><W40/><G40/><T29/><D7/><U33/><E75/><V123/><F6/><W67/><G67/><T134/><D134/><U41/><E4/><V3/><F3/><W109/><N who="3" m="42035" /><W121/><DORA hai="58" /><G121/><T77/><D77/><U0/><E5/><V1/><F1/><W45/><G45/><T82/><D82/><U116/><E0/><V76/><F123/><W87/><G87/><T118/><D118/><U115/><E116/><V66/><F84/><W55/><G55/><T18/><D86/><U46/><E115/><V10/><F31/><W39/><G39/><T17/><D93/><U16/><E16/><V132/><F132/><W68/><AGARI ba="0,0" hai="21,23,61,65,68" m="60607,28267,42035" machi="68" ten="50,3200,0" yaku="14,1,52,1" doraHai="100,58" who="3" fromWho="3" sc="250,-8,198,-16,240,-8,312,32" /><INIT seed="2,0,0,5,1,88" ten="242,182,232,344" oya="2" hai0="113,56,102,112,3,19,48,24,47,28,5,21,95" hai1="67,97,68,71,87,41,101,93,104,52,42,58,14" hai2="34,18,108,84,126,7,25,76,79,62,72,110,121" hai3="96,82,83,63,50,20,0,43,45,53,118,33,13"/><V16/><F121/><W99/><G118/><T22/><D56/><U10/><E67/><V49/><F72/><W116/><G0/><T6/><D3/><U77/><E71/><V37/><F37/><W66/><G33/><T70/><D70/><U17/><E68/><V120/><F120/><W85/><G116/><T115/><D102/><U89/><REACH who="1" step="1"/><E77/><REACH who="1" ten="242,172,232,344" step="2"/><V111/><F126/><W132/><G66/><T107/><D115/><U4/><E4/><V122/><F122/><W119/><G119/><T117/><D117/><U46/><E46/><V32/><F7/><W128/><G45/><T98/><D5/><U44/><E44/><V39/><F79/><W90/><G128/><T94/><D6/><U60/><AGARI ba="0,1" hai="10,14,17,41,42,52,58,60,87,89,93,97,101,104" machi="60" ten="20,8000,1" yaku="1,1,0,1,7,1,52,1,54,1,53,0" doraHai="88" doraHaiUra="129" who="1" fromWho="1" sc="242,-20,172,90,232,-40,344,-20" /><INIT seed="3,0,0,1,2,3" ten="222,262,192,324" oya="3" hai0="69,70,32,67,107,63,27,35,44,23,21,119,42" hai1="124,101,52,14,83,33,47,65,24,76,123,79,58" hai2="128,100,20,60,97,45,126,26,59,4,56,22,39" hai3="99,6,133,18,7,85,41,75,94,57,88,115,114"/><W109/><G75/><T116/><D107/><U9/><E123/><V55/><F126/><W93/><G41/><T25/><D70/><U17/><E124/><V29/><F128/><W2/><G2/><T50/><D21/><U81/><E101/><V130/><F130/><W91/><G133/><T127/><D127/><U68/><E68/><V134/><F134/><W131/><G131/><T105/><D105/><U71/><E71/><V129/><F129/><W46/><G109/><T102/><D102/><U120/><E120/><V37/><F45/><W12/><G46/><T117/><REACH who="0" step="1"/><D25/><REACH who="0" ten="212,262,192,324" step="2"/><U82/><E33/><V61/><F20/><N who="3" m="11335" /><G115/><T0/><D0/><U74/><E24/><V54/><REACH who="2" step="1"/><F4/><REACH who="2" ten="212,262,182,324" step="2"/><W16/><G114/><T49/><D49/><N who="1" m="28735" /><E74/><V87/><F87/><W53/><G16/><AGARI ba="0,2" hai="16,23,27,32,35,42,44,50,63,67,69,116,117,119" machi="16" ten="40,5200,0" yaku="1,1,54,1,53,1" doraHai="3" doraHaiUra="36" who="0" fromWho="3" sc="212,72,262,0,182,0,324,-52" /><INIT seed="4,0,0,4,5,91" ten="284,262,182,272" oya="0" hai0="59,106,40,133,118,108,53,69,54,124,104,24,85" hai1="128,45,130,66,43,33,15,49,13,39,21,47,50" hai2="72,48,84,70,100,80,119,126,90,107,4,12,7" hai3="41,17,11,93,37,68,10,35,105,111,97,19,8"/><T14/><D118/><U38/><E33/><V78/><F70/><W110/><G105/><T6/><D69/><U94/><E66/><V125/><F119/><W29/><G68/><T28/><D40/><U32/><E32/><V22/><F48/><W103/><G29/><T23/><D124/><N who="2" m="47722" /><F22/><W122/><G35/><T9/><D133/><U60/><E60/><V64/><F12/><W127/><G127/><T58/><D108/><U18/><E13/><V56/><F56/><W57/><G122/><T115/><D115/><U20/><E21/><V2/><F64/><W120/><G120/><T31/><D85/><U117/><E117/><V121/><F2/><W96/><G96/><T71/><D71/><U51/><E39/><V0/><F0/><W5/><G5/><T95/><D104/><U34/><E34/><V135/><F121/><W99/><G99/><T36/><D106/><U89/><REACH who="1" step="1"/><E45/><REACH who="1" ten="284,252,182,272" step="2"/><V83/><F135/><W134/><G134/><T113/><D36/><U63/><E63/><V77/><F77/><W52/><G111/><T75/><D113/><U65/><E65/><V102/><F107/><W79/><G79/><T42/><D23/><U132/><E132/><V44/><F44/><N who="3" m="23599" /><G110/><T86/><D14/><U46/><E46/><V74/><F74/><W92/><G57/><T55/><D75/><U129/><E129/><V131/><F131/><W114/><G114/><T112/><D112/><U123/><E123/><V1/><F1/><W27/><G27/><T81/><D24/><U88/><E88/><V82/><F72/><W67/><G67/><T25/><D59/><RYUUKYOKU ba="0,1" sc="284,-10,252,30,182,-10,272,-10" hai1="15,18,20,38,43,47,49,50,51,89,94,128,130" /><INIT seed="5,1,1,0,0,10" ten="274,282,172,262" oya="1" hai0="100,94,80,96,133,116,135,33,78,59,41,114,2" hai1="6,67,117,126,95,118,102,4,60,3,50,65,92" hai2="130,31,97,101,91,115,16,128,120,66,84,88,110" hai3="71,89,9,28,26,75,103,82,44,39,49,5,56"/><U99/><E126/><V12/><F110/><W11/><G71/><T121/><D33/><U37/><E37/><V30/><F120/><W57/><G103/><T77/><D2/><U7/><E3/><V72/><F72/><W64/><G39/><T23/><D41/><U52/><E95/><N who="2" m="58559" /><F66/><W24/><G75/><T134/><D116/><U29/><E29/><V125/><F125/><W18/><G18/><T86/><D114/><U48/><E48/><V108/><F108/><W62/><G56/><T1/><D1/><U106/><E106/><V15/><F115/><W127/><G127/><T104/><D121/><U14/><E67/><V112/><F112/><W61/><G61/><T51/><D23/><U22/><E65/><V85/><F12/><N who="3" m="5167" /><G11/><T113/><D113/><U87/><E60/><V111/><F111/><W17/><G28/><T27/><D27/><U123/><E123/><V109/><F109/><W63/><G17/><T0/><D0/><U13/><E22/><N who="2" m="11551" /><F130/><W122/><G62/><T124/><D124/><U83/><E118/><V70/><F70/><W81/><G122/><T40/><D104/><U129/><E117/><V35/><F128/><W20/><G20/><T58/><D77/><N who="1" m="46575" /><E129/><V73/><F73/><W8/><G8/><T107/><D107/><U42/><E42/><V132/><F35/><W54/><G89/><N who="2" m="34377" /><F132/><W131/><G131/><T21/><D21/><U105/><E105/><V36/><F36/><W25/><AGARI ba="1,1" hai="24,25,26,44,49,54,57,63,64,81,82" m="5167" machi="25" ten="30,2000,0" yaku="8,1,52,1" doraHai="10" who="3" fromWho="3" sc="274,-6,282,-11,172,-6,262,33" /><INIT seed="6,0,0,0,5,58" ten="268,271,166,295" oya="2" hai0="49,94,70,25,53,11,54,104,13,97,32,124,68" hai1="30,27,118,69,86,85,56,105,8,88,92,19,95" hai2="12,107,108,7,66,26,110,73,96,29,125,59,34" hai3="62,0,41,38,31,24,103,61,37,72,113,64,134"/><V83/><F125/><W132/><G0/><T28/><D104/><U123/><E105/><V51/><F7/><W126/><G113/><T75/><D75/><U71/><E118/><V39/><F39/><N who="3" m="14859" /><G41/><T45/><D54/><U23/><E123/><V109/><F12/><W91/><G72/><T16/><REACH who="0" step="1"/><D124/><REACH who="0" ten="258,271,166,295" step="2"/><U80/><E71/><V115/><F115/><W101/><G126/><T60/><D60/><N who="3" m="23145" /><G64/><T128/><D128/><U2/><E69/><V9/><F9/><W112/><G112/><T15/><D15/><N who="1" m="7655" /><E2/><V98/><F107/><W57/><G57/><T47/><D47/><U14/><E56/><V67/><F67/><W102/><G24/><T50/><D50/><U130/><E130/><V77/><REACH who="2" step="1"/><F66/><REACH who="2" ten="258,271,156,295" step="2"/><W119/><G119/><T79/><D79/><N who="1" m="46239" /><E14/><V48/><F48/><W87/><G132/><T4/><D4/><U116/><E116/><V21/><F21/><W3/><G134/><T1/><D1/><U46/><E46/><V135/><F135/><W111/><G3/><T63/><D63/><U43/><E43/><V40/><F40/><W106/><G106/><T93/><D93/><AGARI ba="0,2" hai="23,27,30,86,88,92,93,95" m="46239,7655" machi="93" ten="30,2000,0" yaku="8,1,54,1" doraHai="58" who="1" fromWho="0" sc="258,-20,271,40,156,0,295,0" owari="238,-16.2,311,41.1,156,-34.4,295,9.5" /></mjloggm>