<mjloggm ver="2.3"><GO type="225" lobby="0"/><UN n0="%E3%81%A4%E3%81%A3%E3%81%B1%E3%82%8A%E3%83%9D%E3%83%BC%E3%83%AB" n1="%E3%81%8B%E3%82%8F%E3%81%A1%E3%82%83%E3%82%93%35%38" n2="%E5%A4%9C%E3%81%AE%E3%82%AC%E3%82%B9%E3%83%91%E3%83%BC%E3%83%AB" n3="%E7%89%8C%E6%B5%81%E7%8A%B6%E6%85%8B%E9%BA%BB%E9%9B%80" dan="16,16,17,17" rate="2130.97,2138.56,2186.94,2160.64" sx="M,M,M,M"/><TAIKYOKU oya="0"/><INIT seed="0,0,0,1,0,116" ten="250,250,250,250" oya="0" hai0="31,29,17,128,7,95,105,98,0,9,34,80,46" hai1="109,63,113,68,86,15,53,42,91,25,106,87,57" hai2="92,112,115,73,100,28,93,81,65,89,64,129,23" hai3="125,16,43,27,54,18,13,99,130,22,47,71,126"/><T133/><D128/><U83/><E109/><V40/><F129/><W117/><G130/><T102/><D133/><U14/><E113/><V110/><F110/><W82/><G117/><T104/><D80/><U77/><E106/><V21/><F40/><W1/><G1/><T118/><D118/><U122/><E122/><V11/><F11/><W67/><G54/><T103/><D103/><U108/><E108/><V3/><F3/><W132/><G132/><T119/><D119/><U5/><E68/><V59/><F73/><W88/><G67/><T134/><D134/><U35/><E42/><V94/><F100/><W123/><G71/><T6/><D6/><U121/><E121/><V107/><F107/><W62/><G62/><T45/><D31/><U70/><E70/><V78/><F78/><W55/><G55/><T48/><D46/><U66/><E5/><V79/><F79/><W19/><G123/><T4/><D4/><U50/><E25/><V10/><F10/><W30/><G13/><N who="1" m="4618" /><E35/><V2/><F2/><W97/><G82/><T58/><D17/><U124/><E124/><N who="3" m="47722" /><G88/><T37/><D34/><U120/><E120/><V41/><F41/><W135/><G135/><T56/><D29/><U111/><E111/><V72/><F112/><W36/><AGARI ba="0,0" hai="16,18,19,22,27,30,36,43,47,97,99" m="47722" machi="36" ten="30,2000,0" yaku="18,1,54,1" doraHai="116" who="3" fromWho="3" sc="250,-10,250,-5,250,-5,250,20" /><INIT seed="1,0,0,3,4,10" ten="240,245,245,270" oya="1" hai0="102,98,13,70,106,30,55,65,89,33,83,35,54" hai1="132,52,42,113,109,69,123,122,37,100,21,134,6" hai2="90,111,19,120,72,0,5,112,84,103,7,15,40" hai3="76,129,58,75,9,127,32,51,135,82,2,91,133"/><U53/><E100/><V1/><F120/><N who="1" m="46121" /><E21/><V131/><F72/><W86/><G32/><T88/><D35/><U66/><E6/><V77/><F77/><W47/><G58/><T31/><D31/><U130/><E113/><V12/><F112/><W92/><G129/><T116/><D13/><N who="2" m="5194" /><F1/><W80/><G80/><T18/><D18/><U99/><E99/><V60/><F0/><W94/><G94/><T17/><D17/><U45/><E130/><V34/><F34/><W79/><G79/><T117/><D117/><U110/><E66/><V101/><F131/><W48/><G127/><T4/><D4/><N who="2" m="1610" /><F111/><N who="1" m="42505" /><E69/><V43/><F19/><W56/><G2/><T121/><D121/><U20/><E20/><V38/><F38/><W73/><G73/><T61/><D116/><U44/><E44/><V78/><F78/><W16/><G16/><T59/><D59/><U125/><E125/><V85/><F85/><W3/><G56/><T63/><D70/><U81/><E81/><N who="2" m="49423" /><F103/><W46/><G3/><T41/><D33/><U29/><E29/><V87/><F101/><W93/><G93/><T67/><D30/><U68/><E68/><V95/><F87/><W50/><G9/><T124/><D102/><U64/><E64/><V74/><F74/><W14/><G14/><T118/><D118/><U114/><E114/><V28/><F28/><W128/><G128/><T107/><D124/><U26/><E26/><V119/><F119/><W104/><G104/><T8/><D8/><U23/><E23/><V11/><F11/><W105/><G105/><T57/><D107/><U25/><E25/><RYUUKYOKU ba="0,0" sc="240,-15,245,15,245,-15,270,15" hai1="37,42,45,52,53,132,134" hai3="46,47,48,50,51,75,76,82,86,91,92,133,135" /><INIT seed="1,1,0,3,5,24" ten="225,260,230,285" oya="1" hai0="96,119,51,75,99,80,36,6,71,61,91,106,70" hai1="66,105,68,73,65,115,33,104,40,9,11,34,30" hai2="25,12,74,45,31,47,44,121,46,126,38,35,1" hai3="112,67,108,124,82,77,20,5,76,114,93,60,17"/><U94/><E94/><V43/><F121/><W69/><G108/><T21/><D36/><U89/><E40/><V13/><F126/><W111/><G111/><T84/><D119/><U7/><E7/><V42/><F1/><W122/><G122/><T50/><D75/><U0/><E0/><V54/><F74/><W101/><G5/><T127/><D127/><U86/><E73/><V52/><REACH who="2" step="1"/><F43/><REACH who="2" ten="225,260,220,285" step="2"/><W90/><G124/><T2/><D2/><U135/><E115/><V15/><AGARI ba="1,1" hai="12,13,15,25,31,35,38,42,44,45,46,47,52,54" machi="15" ten="30,12000,2" yaku="1,1,2,1,0,1,52,1,54,1,53,1" doraHai="24" doraHaiUra="27" who="2" fromWho="2" sc="225,-31,260,-61,220,133,285,-31" /><INIT seed="2,0,0,3,0,57" ten="194,199,353,254" oya="2" hai0="110,32,93,24,54,34,91,23,10,60,131,1,41" hai1="111,99,92,98,48,130,128,5,61,69,51,113,112" hai2="83,39,17,76,80,62,86,88,118,22,42,134,108" hai3="38,33,77,27,36,122,71,21,6,114,31,15,119"/><V35/><F118/><W63/><G119/><T30/><D110/><U107/><E5/><V55/><F108/><W9/><G122/><T81/><D131/><N who="1" m="50219" /><E107/><V67/><F134/><W94/><G114/><N who="1" m="44138" /><E111/><V133/><F133/><W84/><G33/><T103/><D103/><N who="1" m="60871" /><E99/><V7/><F7/><W117/><G117/><T87/><D41/><U127/><E127/><V20/><F35/><W68/><G68/><T66/><D32/><U8/><E8/><V25/><F22/><W28/><G28/><T13/><D34/><U65/><AGARI ba="0,0" hai="48,51,61,65,69" m="60871,44138,50219" machi="65" ten="40,2700,0" yaku="19,1,52,1" doraHai="57" who="1" fromWho="1" sc="194,-7,199,27,353,-13,254,-7" /><INIT seed="3,0,0,5,5,15" ten="187,226,340,247" oya="3" hai0="56,102,36,3,2,21,42,11,106,8,112,52,53" hai1="70,35,6,22,17,100,34,78,132,105,44,121,51" hai2="131,96,9,62,133,115,87,101,85,31,14,26,20" hai3="118,46,103,86,50,43,41,69,12,54,23,125,24"/><W10/><G118/><T135/><D42/><U49/><E121/><V5/><F115/><W123/><G123/><T134/><D36/><U122/><E122/><V110/><F110/><W28/><G69/><T71/><D71/><U38/><E70/><V57/><F131/><W116/><G116/><T109/><D106/><U18/><E38/><V72/><F72/><W94/><G125/><T48/><D102/><U33/><E6/><V127/><F133/><N who="0" m="50698" /><D109/><U0/><E0/><N who="0" m="41" /><D112/><U32/><E32/><V83/><F83/><W95/><G103/><T126/><D126/><U81/><E132/><V45/><F45/><W88/><REACH who="3" step="1"/><G95/><REACH who="3" ten="187,226,340,237" step="2"/><T60/><D21/><U82/><E22/><V58/><F127/><W64/><G64/><T40/><D40/><U65/><E65/><V7/><F101/><W68/><G68/><T97/><D97/><U66/><E66/><V63/><F96/><W90/><G90/><T129/><D129/><U113/><E113/><V59/><F20/><W61/><G61/><T25/><D25/><U39/><E100/><V130/><F130/><W30/><G30/><T120/><D120/><U91/><E91/><V47/><F26/><W75/><G75/><T124/><D124/><U73/><E105/><V13/><F31/><W99/><G99/><T98/><D98/><U77/><E73/><V55/><F62/><W29/><G29/><T79/><D79/><U89/><E89/><V80/><F63/><W107/><G107/><T108/><D108/><U84/><E78/><V1/><F9/><W119/><G119/><T128/><D128/><U16/><E81/><RYUUKYOKU ba="0,1" sc="187,10,226,10,340,-30,237,10" hai0="8,11,48,52,53,56,60" hai1="16,17,18,33,34,35,39,44,49,51,77,82,84" hai3="10,12,23,24,28,41,43,46,50,54,86,88,94" /><INIT seed="3,1,1,3,5,0" ten="197,236,310,247" oya="3" hai0="81,64,106,65,31,5,116,13,115,113,111,79,51" hai1="78,28,100,40,20,12,63,131,58,1,101,27,122" hai2="88,8,21,102,107,33,83,49,85,127,80,95,52" hai3="4,117,61,119,94,2,103,67,126,82,25,75,109"/><W56/><G126/><T22/><D116/><U121/><E1/><V133/><F133/><W42/><G42/><T41/><D106/><U98/><E131/><V17/><F33/><W36/><G36/><T43/><D111/><U26/><E40/><N who="0" m="15433" /><D51/><U71/><E71/><V57/><F8/><W118/><G109/><T104/><D104/><U134/><E134/><V6/><F6/><W15/><G2/><T91/><D91/><U47/><E47/><V23/><F23/><W128/><G128/><T129/><D129/><U19/><E78/><V37/><F37/><W10/><G25/><N who="0" m="16823" /><D81/><U46/><E46/><V77/><F77/><W76/><G103/><T32/><D79/><U74/><E74/><V84/><F84/><W112/><REACH who="3" step="1"/><G94/><REACH who="3" ten="197,236,310,237" step="2"/><T59/><D32/><U73/><E100/><V29/><F127/><W50/><G50/><T125/><D125/><U114/><E101/><V132/><F102/><W60/><G60/><T55/><D115/><AGARI ba="1,2" hai="4,10,15,56,61,67,75,76,82,112,115,117,118,119" machi="115" ten="40,3900,0" yaku="1,1,52,1,53,0" doraHai="0" doraHaiUra="90" who="3" fromWho="0" sc="197,-42,236,0,310,0,237,62" /><INIT seed="3,2,0,3,0,18" ten="155,236,310,299" oya="3" hai0="92,43,133,48,53,91,21,50,26,11,34,55,39" hai1="108,114,121,15,58,5,111,118,22,65,116,10,112" hai2="36,83,41,0,98,57,89,69,103,90,115,20,31" hai3="131,54,4,51,29,40,125,93,44,62,46,113,74"/><W72/><G113/><N who="1" m="43626" /><E58/><V13/><F115/><W8/><G131/><T88/><D133/><U78/><E78/><V56/><F69/><W30/><G125/><T17/><D34/><U132/><E65/><V52/><F0/><W1/><G93/><T16/><D39/><U120/><E132/><V47/><F83/><W68/><G68/><T49/><D43/><U19/><E121/><V102/><F57/><W25/><G30/><N who="0" m="17743" /><D91/><U110/><E120/><V33/><F33/><W81/><G81/><T126/><D126/><U9/><E9/><V70/><F70/><W128/><G128/><T84/><D11/><U35/><E35/><V23/><F23/><W66/><G66/><T59/><D53/><U119/><E119/><V100/><F98/><W76/><G76/><T85/><D85/><U75/><E75/><V117/><F117/><W38/><G62/><AGARI ba="2,0" hai="16,17,48,49,50,55,59,62,84,88,92" m="17743" machi="62" ten="30,7700,0" yaku="8,1,52,1,54,2" doraHai="18" who="0" fromWho="3" sc="155,83,236,0,310,0,299,-83" owari="238,3.8,236,-16.4,310,41.0,216,-28.4" /></mjloggm>