<mjloggm ver="2.3"><GO type="225" lobby="0"/><UN n0="%E7%AB%8B%E7%9B%B4%E5%A5%BD%E6%A3%92%40%E5%BF%98" n1="%E5%B8%86%E7%AB%8B%E5%A4%8F%E8%A1%A3" n2="%E7%99%BD%E9%B9%BF%E6%84%9B%E8%8E%89" n3="%E3%81%AF%E3%82%88%E3%81%8A%E3%81%98%E3%81%95%E3%82%93" dan="17,17,17,16" rate="2148.87,2137.05,2154.99,2162.47" sx="M,M,F,M"/><TAIKYOKU oya="0"/><INIT seed="0,0,0,3,3,19" ten="250,250,250,250" oya="0" hai0="106,125,23,34,51,62,66,10,126,45,4,30,42" hai1="58,84,99,68,109,128,31,8,56,98,7,102,43" hai2="88,111,112,41,36,28,75,101,6,61,25,54,22" hai3="118,129,71,48,123,73,92,108,114,49,65,9,3"/><T20/><D106/><U60/><E109/><V27/><F112/><W94/><G114/><T16/><D34/><U35/><E128/><V40/><F75/><W15/><G118/><T120/><D120/><U63/><E43/><V113/><F113/><W97/><G73/><T38/><D30/><U78/><E35/><V1/><F101/><W134/><G3/><N who="0" m="287" /><D38/><U90/><E78/><V104/><F104/><W67/><G108/><T117/><D117/><U18/><E31/><V133/><F111/><W79/><G129/><T116/><D116/><U119/><E68/><V122/><F122/><W33/><G33/><T47/><D47/><U0/><E18/><V74/><F74/><W115/><G115/><T57/><D16/><U135/><E135/><V44/><F133/><W87/><G71/><T76/><D76/><U131/><E131/><V82/><F41/><W24/><G24/><T121/><D121/><U17/><E17/><V37/><F37/><W89/><G134/><T100/><D100/><U52/><E102/><V32/><F6/><N who="3" m="3511" /><G123/><T80/><D80/><U95/><REACH who="1" step="1"/><E119/><REACH who="1" ten="250,240,250,250" step="2"/><V107/><F32/><W103/><G79/><T93/><D93/><U55/><AGARI ba="0,1" hai="0,7,8,52,55,56,58,60,63,84,90,95,98,99" machi="55" ten="20,12000,2" yaku="1,1,2,1,0,1,7,1,9,1,54,1,53,1" doraHai="19" doraHaiUra="83" who="1" fromWho="1" sc="250,-60,240,130,250,-30,250,-30" /><INIT seed="1,0,0,4,5,113" ten="190,370,220,220" oya="1" hai0="3,94,41,21,101,79,75,15,47,55,73,42,68" hai1="108,116,7,13,2,50,122,39,78,29,67,128,92" hai2="33,125,88,85,14,62,100,0,98,11,105,51,120" hai3="69,59,46,57,102,32,31,5,77,35,93,44,95"/><U8/><E116/><V9/><F120/><W45/><G69/><T23/><D3/><U134/><E122/><V80/><F125/><W27/><G35/><T1/><D1/><U20/><E39/><V18/><F33/><W34/><G32/><T72/><D68/><U49/><E128/><V25/><F25/><W87/><G5/><T10/><D79/><U76/><E134/><V82/><F62/><W119/><G119/><T53/><D101/><U36/><E36/><V107/><F107/><W130/><G130/><T123/><D123/><U26/><E67/><V24/><F24/><W115/><G115/><T64/><D64/><U135/><E108/><V70/><F70/><W54/><G102/><T127/><D127/><U58/><E135/><V74/><F51/><W99/><G99/><T38/><D94/><U131/><E131/><V61/><F61/><W104/><G104/><T81/><D81/><U16/><E92/><V71/><F71/><W106/><G59/><T109/><D109/><U56/><E58/><V124/><F124/><W40/><G40/><T103/><D103/><U30/><E30/><V96/><F96/><W90/><G77/><T43/><D38/><U112/><E112/><V129/><F129/><W4/><G4/><N who="0" m="3527" /><D47/><U52/><E50/><V17/><F0/><W65/><G106/><T66/><D66/><U37/><E37/><V118/><F118/><W63/><G93/><T114/><D114/><U132/><E132/><V84/><F74/><W12/><G65/><T97/><D97/><U19/><E2/><V6/><F11/><W111/><G111/><RYUUKYOKU ba="0,0" sc="190,0,370,0,220,0,220,0" hai0="21,23,41,42,43,53,55,72,73,75" hai1="7,8,13,16,19,20,26,29,49,52,56,76,78" hai2="6,9,14,17,18,80,82,84,85,88,98,100,105" hai3="12,27,31,34,44,45,46,54,57,63,87,90,95" /><INIT seed="1,1,0,1,3,133" ten="190,370,220,220" oya="1" hai0="40,135,103,52,89,55,78,68,131,107,60,127,79" hai1="98,15,108,100,13,130,84,62,96,34,99,56,77" hai2="115,134,47,49,71,33,24,29,30,74,76,92,86" hai3="48,53,81,51,75,132,125,28,80,120,31,8,97"/><U88/><E130/><V39/><F39/><W38/><G120/><T1/><D1/><U46/><E34/><V128/><F71/><W117/><G38/><T61/><D135/><U73/><E108/><V72/><F134/><W3/><G132/><T63/><D68/><U50/><E73/><V85/><F128/><W11/><G117/><T116/><D116/><U94/><E77/><V42/><F115/><W14/><G3/><T6/><D6/><U101/><E101/><V95/><F30/><N who="3" m="11307" /><G75/><T5/><D5/><U26/><E26/><V59/><F74/><W110/><G110/><T4/><D4/><U12/><E100/><V124/><F72/><W109/><G109/><T112/><D112/><U119/><E119/><V91/><F59/><N who="3" m="33191" /><G97/><T22/><D131/><U111/><E111/><V58/><F58/><W10/><G125/><T118/><D127/><U27/><E27/><V32/><F124/><W16/><G51/><T9/><D118/><U105/><E105/><V123/><F123/><W87/><G81/><T82/><D103/><U129/><E129/><V21/><REACH who="2" step="1"/><F95/><REACH who="2" ten="190,370,210,220" step="2"/><W43/><G43/><T2/><D40/><U57/><E62/><V121/><F121/><W70/><G70/><T106/><D63/><U126/><E126/><V65/><F65/><W122/><G122/><T19/><D61/><U93/><E94/><V90/><F90/><AGARI ba="1,1" hai="8,10,11,14,16,80,87,90" m="33191,11307" machi="90" ten="30,2000,0" yaku="8,1,54,1" doraHai="133" who="3" fromWho="2" sc="190,0,370,0,210,-23,220,33" /><INIT seed="2,0,0,1,4,99" ten="190,370,187,253" oya="2" hai0="66,3,46,59,120,110,64,98,36,32,133,30,41" hai1="67,115,44,93,22,48,17,77,112,40,97,83,8" hai2="108,6,89,103,116,21,126,106,100,86,132,37,94" hai3="50,14,75,28,4,134,23,122,135,7,12,56,72"/><V90/><F21/><W101/><G122/><T1/><D120/><U39/><E67/><V70/><F70/><W51/><G101/><N who="2" m="38985" /><F37/><W33/><G23/><T109/><D98/><U92/><E39/><V107/><F6/><N who="3" m="2091" /><G56/><T54/><D133/><N who="3" m="50697" /><G28/><T87/><D87/><U96/><E22/><V85/><F132/><W10/><G33/><T61/><D30/><U82/><E115/><V31/><F31/><W60/><G60/><N who="0" m="35959" /><D32/><U71/><E112/><V49/><F49/><N who="3" m="18443" /><G10/><T43/><D43/><U26/><E8/><V45/><F45/><W57/><G57/><N who="0" m="36911" /><D66/><U68/><E40/><V130/><F116/><W95/><G95/><T25/><D25/><U129/><E71/><V74/><F74/><AGARI ba="0,0" hai="12,14,72,74,75" m="18443,50697,2091" machi="74" ten="40,5200,0" yaku="28,2,20,1" doraHai="99" who="3" fromWho="2" sc="190,0,370,0,187,-52,253,52" /><INIT seed="3,0,0,1,0,64" ten="190,370,135,305" oya="3" hai0="90,115,31,95,6,108,100,18,63,116,78,69,1" hai1="24,117,110,11,3,15,93,34,40,84,61,33,20" hai2="43,21,50,51,102,4,105,68,28,76,55,29,118" hai3="88,125,27,123,70,97,75,44,101,113,92,59,14"/><W130/><G113/><T9/><D116/><U16/><E110/><V38/><F118/><W119/><G123/><T79/><D108/><U134/><E117/><V91/><F76/><W23/><G119/><T86/><D115/><U22/><E134/><V85/><F105/><W32/><G125/><T99/><D31/><N who="1" m="19687" /><E22/><V103/><F4/><W80/><G130/><T2/><D2/><U94/><E34/><V131/><F131/><W8/><G32/><T111/><D111/><U58/><E40/><V74/><F74/><W77/><G59/><T52/><D18/><U49/><E49/><V81/><F38/><W48/><G70/><T112/><D112/><U98/><E84/><V132/><F132/><W109/><G109/><T126/><D126/><U89/><E89/><V0/><F0/><W83/><G83/><T12/><D1/><U124/><E98/><V47/><F68/><W13/><G101/><T46/><D69/><U67/><E124/><V25/><REACH who="2" step="1"/><F28/><REACH who="2" ten="190,370,125,305" step="2"/><W37/><G37/><T30/><D30/><U120/><E120/><V10/><F10/><W107/><G107/><T45/><D79/><U72/><E72/><V41/><F41/><W104/><G104/><T65/><D6/><AGARI ba="0,1" hai="3,6,11,15,16,20,58,61,67,93,94" m="19687" machi="6" ten="30,2000,0" yaku="24,1,54,1" doraHai="64" who="1" fromWho="0" sc="190,-20,370,30,125,0,305,0" owari="170,-23.0,400,50.0,125,-37.5,305,10.5" /></mjloggm>