<mjloggm ver="2.3"><GO type="225" lobby="0"/><UN n0="%E6%80%AA%E3%81%97%E3%81%99%E3%81%8E%E3%82%8B%E3%83%81%E3%83%BC" n1="%48%61%61%61%6C%61%6E%64" n2="%6D%75%75%6D%75%72%61" n3="%E3%81%AA%E3%81%8C%E3%81%95%E3%82%8F%E3%81%BE%E3%81%95%E3%81%BF" dan="16,17,17,16" rate="2107.04,2141.11,2199.53,2099.15" sx="M,M,F,F"/><TAIKYOKU oya="0"/><INIT seed="0,0,0,3,4,106" ten="250,250,250,250" oya="0" hai0="72,99,118,38,126,17,71,27,14,86,2,77,107" hai1="114,23,10,103,73,30,132,130,8,15,79,125,82" hai2="83,56,55,21,133,68,87,52,70,3,28,108,11" hai3="122,61,127,29,121,65,46,12,69,62,92,90,44"/><T18/><D2/><U9/><E125/><V135/><F108/><W37/><G127/><T47/><D118/><U84/><E130/><V22/><F3/><W129/><G29/><T128/><D71/><N who="2" m="27178" /><F11/><W91/><G129/><T95/><D128/><U109/><E109/><V34/><F34/><W89/><G92/><T105/><D126/><U39/><E39/><V26/><F22/><W67/><G12/><T117/><D117/><U81/><E132/><N who="2" m="50763" /><F56/><W20/><G20/><T40/><D27/><U53/><E8/><V25/><F25/><W80/><G80/><T51/><D38/><U57/><E9/><V32/><F32/><W1/><G37/><T113/><D113/><U31/><E23/><V101/><F101/><W97/><G69/><T75/><D14/><U6/><E103/><V5/><F5/><W60/><G97/><T112/><D112/><U110/><E114/><V59/><F59/><W42/><G1/><T85/><D18/><U0/><E0/><V63/><F63/><W48/><REACH who="3" step="1"/><G46/><REACH who="3" ten="250,250,250,240" step="2"/><T96/><D47/><U111/><E110/><V33/><F21/><W100/><G100/><T41/><D99/><U123/><E111/><V50/><F50/><W134/><G134/><T124/><D51/><U115/><E115/><V36/><F36/><W88/><N who="3" m="22528" /><DORA hai="54" /><W7/><G7/><T76/><D124/><U16/><E6/><V93/><F93/><W45/><G45/><T78/><D95/><U19/><E30/><V131/><F131/><W13/><G13/><T43/><D96/><U24/><E31/><V58/><F58/><W35/><G35/><RYUUKYOKU ba="0,1" sc="250,-15,250,-15,250,15,240,15" hai2="26,28,33,52,55,83,87" hai3="42,44,48,60,61,62,65,67,121,122" /><INIT seed="1,1,1,2,5,7" ten="235,235,265,255" oya="1" hai0="121,71,96,52,48,28,127,23,73,82,62,112,81" hai1="47,10,24,56,132,68,98,85,8,16,53,122,88" hai2="30,125,131,12,65,64,135,22,20,21,92,100,46" hai3="27,117,60,104,130,75,90,5,128,111,14,4,93"/><U123/><E68/><V29/><F125/><W35/><G75/><T9/><D112/><U11/><E132/><V25/><F135/><W94/><G104/><T109/><D127/><U43/><E98/><N who="2" m="59463" /><F131/><N who="3" m="50219" /><G111/><T44/><D109/><U70/><E70/><V3/><F3/><W83/><G117/><T74/><D121/><U91/><E122/><V103/><F103/><W57/><G83/><N who="0" m="31755" /><D71/><U0/><E123/><V116/><F116/><W41/><G41/><N who="0" m="24591" /><D73/><U106/><E106/><V129/><F129/><W80/><G80/><T34/><D34/><U19/><E0/><V36/><F36/><W13/><G27/><N who="0" m="16511" /><D74/><U113/><E113/><V114/><F114/><W79/><G35/><T119/><D119/><U42/><E47/><V72/><F72/><W86/><G79/><T77/><D96/><U63/><E85/><V99/><F99/><W59/><G94/><T55/><D77/><U89/><E24/><N who="2" m="16519" /><F46/><W39/><G39/><T124/><D124/><U15/><E19/><AGARI ba="1,1" hai="12,19,21,22,25,30,64,65" m="16519,59463" machi="19" ten="30,1000,0" yaku="8,1" doraHai="7" who="2" fromWho="1" sc="235,0,235,-13,265,23,255,0" /><INIT seed="2,0,0,5,1,80" ten="235,222,288,255" oya="2" hai0="64,135,112,28,31,66,84,8,18,57,98,43,12" hai1="1,129,60,125,115,7,44,72,15,116,134,70,2" hai2="42,22,89,61,99,53,65,62,27,82,103,33,25" hai3="93,101,49,113,105,128,13,107,106,97,34,10,51"/><V114/><F114/><W108/><G34/><T69/><D112/><U79/><E115/><V133/><F133/><W56/><G113/><T88/><D69/><U58/><E116/><V75/><F42/><W30/><G30/><N who="0" m="11307" /><D135/><U67/><E134/><V127/><F33/><W17/><G108/><T77/><D43/><U47/><E125/><V63/><F127/><W41/><G128/><T20/><D57/><U91/><E129/><V83/><F75/><W102/><G49/><T73/><D73/><U78/><E70/><V46/><F65/><N who="0" m="25194" /><D98/><U130/><E130/><V48/><F22/><W109/><G109/><T45/><D45/><N who="1" m="17483" /><E1/><V85/><REACH who="2" step="1"/><F82/><REACH who="2" ten="235,222,278,255" step="2"/><W19/><G41/><T119/><D119/><U6/><E72/><V96/><F96/><W118/><G118/><T81/><D20/><U68/><E68/><V36/><F36/><W38/><G38/><T100/><D100/><U39/><E39/><V120/><F120/><W11/><G101/><T4/><D77/><U90/><E78/><V16/><F16/><AGARI ba="0,1" hai="4,8,12,16,18,81,84,88" m="25194,11307" machi="16" ten="30,7700,0" yaku="8,1,52,1,54,2" doraHai="80" who="0" fromWho="2" sc="235,87,222,0,278,-77,255,0" /><INIT seed="3,0,0,1,5,51" ten="322,222,201,255" oya="3" hai0="128,92,18,29,95,12,14,46,104,80,118,87,79" hai1="72,39,132,40,93,28,77,19,133,131,13,98,114" hai2="111,76,37,59,20,85,115,91,56,102,2,126,65" hai3="0,9,100,90,11,96,10,81,53,103,52,5,41"/><W36/><G36/><T113/><D104/><U27/><E114/><V73/><F115/><W15/><G41/><T26/><D118/><U30/><E131/><V64/><F37/><W117/><G117/><T120/><D120/><U62/><E62/><V129/><F2/><W43/><G43/><T3/><D3/><U49/><E39/><V121/><F129/><W42/><G42/><T68/><D68/><U130/><E130/><V127/><F121/><W24/><G24/><T108/><D108/><U48/><E77/><V78/><F73/><W8/><G0/><T74/><D74/><U94/><E72/><V47/><F47/><W35/><G35/><T25/><D46/><N who="1" m="25671" /><E27/><V69/><F102/><N who="3" m="38955" /><G96/><T86/><D113/><U116/><E116/><V82/><F111/><W55/><G90/><T44/><D128/><U70/><E70/><V66/><F69/><W135/><G135/><N who="1" m="51786" /><E98/><V57/><REACH who="2" step="1"/><F20/><REACH who="2" ten="322,222,191,255" step="2"/><W33/><G33/><T107/><D107/><U125/><E125/><AGARI ba="0,1" hai="56,57,59,64,65,66,76,78,82,85,91,125,126,127" machi="125" ten="50,6400,0" yaku="1,1,2,1,18,1,53,0" doraHai="51" doraHaiUra="110" who="2" fromWho="1" sc="322,0,222,-64,191,74,255,0" owari="322,42.2,158,-34.2,265,6.5,255,-14.5" /></mjloggm>