<mjloggm ver="2.3"><GO type="225" lobby="0"/><UN n0="%E3%81%BF%E3%81%BF%E3%81%9A" n1="%E3%81%9F%E3%81%8C%E3%82%84%E3%81%99" n2="%E5%A4%96%E5%B7%9D%E7%AB%9C%E6%88%90" n3="%E7%A7%8B%E6%9C%88%E7%9C%9F%E7%90%86%E4%BA%9E" dan="17,16,16,16" rate="2206.54,2181.17,2234.03,2119.69" sx="M,M,M,F"/><TAIKYOKU oya="0"/><INIT seed="0,0,0,3,0,18" ten="250,250,250,250" oya="0" hai0="28,22,35,125,7,42,54,48,3,69,50,11,34" hai1="13,111,116,24,6,98,109,39,61,94,87,121,122" hai2="129,65,128,80,32,130,62,127,123,60,103,77,46" hai3="66,14,16,72,104,36,100,105,1,27,8,0,37"/><T10/><D69/><U76/><E39/><V93/><F32/><W71/><G72/><T84/><D125/><U55/><E116/><V38/><F123/><W95/><G37/><T44/><D11/><N who="1" m="4343" /><E24/><V115/><F115/><W20/><G36/><T21/><D84/><U132/><E132/><V99/><F127/><W5/><G95/><T51/><D51/><U33/><E33/><V19/><F19/><W52/><G66/><T23/><REACH who="0" step="1"/><D28/><REACH who="0" ten="240,250,250,250" step="2"/><U12/><E87/><N who="2" m="48527" /><F65/><W81/><G71/><T118/><D118/><U89/><E122/><V131/><F131/><W53/><G81/><T4/><D4/><U41/><E121/><V68/><F68/><W56/><G1/><T90/><D90/><U134/><E89/><V49/><F38/><W96/><G0/><T92/><D92/><U114/><E94/><V74/><F74/><W79/><G105/><T63/><D63/><U29/><E61/><V26/><F62/><W86/><G86/><T70/><D70/><U75/><E29/><V57/><F130/><W107/><G107/><T91/><D91/><U43/><E75/><V124/><F124/><W110/><G79/><T31/><D31/><U15/><E76/><V25/><F129/><W47/><G104/><T120/><D120/><U67/><E114/><V108/><F128/><W85/><G85/><T30/><D30/><U40/><E134/><V117/><F117/><W102/><G5/><T82/><D82/><U101/><E101/><V58/><F60/><N who="3" m="35855" /><G100/><T83/><D83/><U88/><E88/><V73/><F73/><W112/><G112/><T135/><D135/><RYUUKYOKU ba="0,1" sc="240,30,250,-10,250,-10,250,-10" hai0="3,7,10,21,22,23,34,35,42,44,48,50,54" /><INIT seed="0,1,1,4,0,12" ten="270,240,240,240" oya="0" hai0="108,15,103,19,14,89,6,92,27,67,61,5,129" hai1="55,104,94,57,18,125,7,63,79,20,11,100,52" hai2="110,115,45,111,109,8,86,59,41,1,26,10,13" hai3="73,71,113,131,39,133,132,66,74,60,72,120,75"/><T29/><D129/><U84/><E104/><V9/><F115/><W127/><N who="3" m="18432" /><DORA hai="68" /><W81/><G113/><T119/><D103/><U101/><E125/><V112/><F112/><W107/><G127/><T34/><D14/><N who="1" m="5503" /><E55/><V121/><F121/><W49/><G131/><T134/><D134/><U80/><BYE who="3" /><E94/><V28/><F59/><W35/><G35/><T50/><D50/><U3/><E3/><V91/><F1/><W37/><G37/><T117/><D108/><UN n3="%E7%A7%8B%E6%9C%88%E7%9C%9F%E7%90%86%E4%BA%9E" /><U88/><E79/><V43/><F13/><AGARI ba="1,1" hai="13,18,20,52,57,63,80,84,88,100,101" m="5503" machi="13" ten="30,7700,0" yaku="8,1,52,1,54,2" doraHai="12,68" who="1" fromWho="2" sc="270,0,240,90,240,-80,240,0" /><INIT seed="1,0,0,5,5,106" ten="270,330,160,240" oya="1" hai0="69,70,50,134,32,60,128,45,78,39,1,101,99" hai1="94,62,89,110,132,131,36,85,22,68,91,15,26" hai2="113,37,44,23,97,10,17,40,13,48,71,108,129" hai3="56,72,7,116,11,66,119,80,5,64,92,33,63"/><U95/><E36/><V55/><F108/><W18/><G33/><T67/><D1/><U98/><E132/><V29/><F129/><W87/><G66/><T111/><D111/><U123/><E110/><V54/><F71/><W12/><G92/><T52/><D128/><U47/><E131/><V100/><F113/><W83/><G83/><T2/><D134/><U115/><E123/><V124/><F124/><W35/><G35/><T122/><D122/><U86/><E47/><V41/><F37/><W96/><G96/><T24/><D2/><U4/><E62/><V118/><F118/><N who="3" m="45099" /><G72/><T46/><D78/><AGARI ba="0,0" hai="5,7,11,12,18,56,63,64,78,80,87" m="45099" machi="78" ten="30,1000,0" yaku="12,1" doraHai="106" who="3" fromWho="0" sc="270,-10,330,0,160,0,240,10" /><INIT seed="2,0,0,5,5,16" ten="260,330,160,250" oya="2" hai0="87,4,9,17,123,118,79,108,128,80,45,8,78" hai1="57,39,7,85,30,71,109,116,113,20,86,96,83" hai2="68,94,120,3,106,95,42,131,48,35,62,46,27" hai3="90,54,19,38,51,75,52,99,98,72,50,101,56"/><V74/><F120/><W70/><G70/><T115/><D123/><U81/><E71/><V55/><F74/><W10/><G38/><T60/><D115/><U117/><E39/><V135/><F3/><W5/><G90/><T121/><D121/><U69/><E69/><V124/><F106/><W24/><G98/><T23/><D108/><U84/><E113/><V31/><F124/><W88/><G88/><T110/><D110/><U36/><E36/><V37/><F131/><W47/><G24/><T82/><D128/><U127/><E109/><V41/><F135/><W92/><REACH who="3" step="1"/><G19/><REACH who="3" ten="260,330,160,240" step="2"/><T61/><D118/><U43/><E96/><V134/><F134/><W1/><AGARI ba="0,1" hai="1,5,10,47,50,51,52,54,56,72,75,92,99,101" machi="1" ten="20,12000,2" yaku="1,1,2,1,0,1,7,1,54,1,53,2" doraHai="16" doraHaiUra="44" who="3" fromWho="3" sc="260,-30,330,-30,160,-60,240,130" /><INIT seed="3,0,0,5,3,92" ten="230,300,100,370" oya="3" hai0="135,21,18,85,116,23,97,65,3,104,32,43,12" hai1="55,105,74,66,96,47,48,113,68,57,88,63,5" hai2="93,38,124,49,72,106,114,24,28,134,119,17,84" hai3="109,46,15,45,86,77,117,39,0,41,54,50,73"/><W36/><G0/><T125/><D116/><U37/><E74/><V8/><F38/><W9/><G73/><T67/><D32/><U76/><E76/><V35/><F72/><W14/><G117/><T95/><D3/><U26/><E113/><V131/><F119/><W123/><G123/><T64/><D104/><U132/><E5/><V13/><F106/><W4/><G109/><T94/><D135/><U130/><E130/><V98/><F134/><W58/><G15/><T56/><D125/><U100/><E132/><V89/><F131/><W80/><G46/><T7/><D7/><U27/><REACH who="1" step="1"/><E88/><REACH who="1" ten="230,290,100,370" step="2"/><V19/><F114/><W91/><G91/><T128/><D128/><U90/><E90/><V60/><F124/><W110/><G110/><T79/><D43/><AGARI ba="0,1" hai="26,27,37,43,47,48,55,57,63,66,68,96,100,105" machi="43" ten="40,8000,1" yaku="1,1,24,2,52,1,53,0" doraHai="92" doraHaiUra="133" who="1" fromWho="0" sc="230,-80,290,90,100,0,370,0" owari="150,-25.0,380,48.0,100,-40.0,370,17.0" /></mjloggm>