<mjloggm ver="2.3"><GO type="225" lobby="0"/><UN n0="%73%6C%69%63%6B%33%31%39" n1="%E6%80%AA%E3%81%97%E3%81%99%E3%81%8E%E3%82%8B%E3%83%81%E3%83%BC" n2="%E8%91%89%E5%B1%B1%E9%99%BD%E5%92%8C" n3="%E4%B8%AD%E5%B9%B4%E3%81%AE%E5%8D%B1%E6%A9%9F" dan="16,16,16,17" rate="2147.81,2155.82,2110.71,2103.13" sx="M,M,M,M"/><TAIKYOKU oya="0"/><INIT seed="0,0,0,2,1,10" ten="250,250,250,250" oya="0" hai0="64,112,46,35,13,102,18,134,113,31,59,33,122" hai1="109,90,100,52,56,71,9,48,84,135,68,119,22" hai2="88,69,17,58,57,20,97,2,111,75,121,37,120" hai3="43,61,42,92,96,87,65,98,66,5,76,8,118"/><T0/><D122/><U50/><E119/><V85/><F69/><W73/><G73/><T26/><D102/><U123/><E123/><V44/><F75/><W91/><G118/><T99/><D99/><U81/><E109/><V38/><F2/><W34/><G34/><N who="0" m="20855" /><D46/><U12/><E135/><V7/><F7/><W47/><G76/><T40/><D59/><U132/><E22/><V82/><F111/><W77/><G77/><T101/><D101/><U21/><E21/><V24/><F38/><W32/><G32/><N who="0" m="12363" /><D40/><U79/><E132/><V116/><F116/><W117/><G117/><T104/><D64/><U129/><E129/><V4/><F4/><W106/><G106/><T60/><D60/><U62/><E100/><V63/><F97/><W41/><G47/><T49/><D49/><U124/><E124/><V19/><F19/><W127/><G66/><T14/><D104/><U55/><E79/><V72/><F58/><W15/><REACH who="3" step="1"/><G127/><REACH who="3" ten="250,250,250,240" step="2"/><T30/><D134/><U86/><E71/><AGARI ba="0,1" hai="5,8,15,41,42,43,61,65,71,87,91,92,96,98" machi="71" ten="40,8000,1" yaku="1,1,2,1,52,1,53,1" doraHai="10" doraHaiUra="1" who="3" fromWho="1" sc="250,0,250,-80,250,0,240,90" /><INIT seed="1,0,0,1,3,119" ten="250,170,250,330" oya="1" hai0="34,116,85,112,11,7,78,19,92,47,81,23,56" hai1="24,27,39,15,93,0,103,50,35,4,63,72,128" hai2="41,8,57,110,16,51,121,73,10,120,3,21,52" hai3="54,42,99,95,18,129,106,14,113,105,82,30,87"/><U108/><E39/><V86/><F73/><W71/><G113/><T123/><D112/><U61/><E0/><V38/><F110/><W66/><G30/><T44/><D116/><U6/><E72/><V127/><F127/><W89/><G129/><T58/><D34/><U88/><E128/><V80/><F38/><W75/><G75/><T84/><D123/><U111/><E103/><V9/><F41/><W76/><G54/><T101/><D56/><U97/><E50/><V29/><F29/><W100/><G42/><T94/><D58/><U135/><E135/><V90/><REACH who="2" step="1"/><F3/><REACH who="2" ten="250,170,240,330" step="2"/><W98/><G66/><T2/><D2/><U126/><E126/><V102/><F102/><W36/><G36/><T134/><D101/><U122/><E122/><V25/><AGARI ba="0,1" hai="8,9,10,16,21,25,51,52,57,80,86,90,120,121" machi="25" ten="30,12000,2" yaku="1,1,0,1,52,2,54,2,53,1" doraHai="119" doraHaiUra="22" who="2" fromWho="2" sc="250,-30,170,-60,240,130,330,-30" /><INIT seed="2,0,0,1,4,42" ten="220,110,370,300" oya="2" hai0="35,106,21,113,92,90,104,11,34,17,54,63,121" hai1="51,45,32,36,2,102,95,85,105,30,6,18,127" hai2="59,94,122,22,100,98,48,33,119,20,44,5,124" hai3="47,87,8,117,130,75,109,12,41,93,84,83,91"/><V128/><F122/><W4/><G109/><T76/><D121/><U120/><E120/><V123/><F123/><W29/><G130/><T49/><D76/><U115/><E115/><V79/><F119/><W15/><G117/><T62/><D35/><U23/><E36/><V25/><F128/><W99/><G29/><T108/><D34/><U60/><E127/><V135/><F135/><W67/><G67/><T88/><D11/><U116/><E116/><V118/><F118/><W65/><G65/><T26/><D108/><U31/><E32/><V101/><F124/><W134/><G134/><T73/><D73/><U131/><E131/><V52/><F79/><W57/><G57/><N who="0" m="35127" /><D90/><N who="1" m="53711" /><E2/><V107/><F5/><W28/><G28/><N who="1" m="10794" /><E105/><V68/><F68/><W103/><G84/><T80/><D104/><U114/><E114/><V69/><F69/><W7/><G75/><T96/><D106/><U61/><E102/><N who="2" m="60759" /><F107/><W78/><G103/><N who="2" m="39497" /><F33/><W126/><G126/><T89/><D113/><U97/><E97/><V56/><F25/><W37/><REACH who="3" step="1"/><G4/><REACH who="3" ten="220,110,370,290" step="2"/><T71/><D71/><U27/><E6/><V86/><F86/><W133/><G133/><T110/><D110/><U81/><E81/><V14/><F59/><W132/><G132/><T64/><D80/><U77/><E77/><V10/><F56/><W13/><AGARI ba="0,1" hai="7,8,12,13,15,37,41,47,78,83,87,91,93,99" machi="13" ten="20,5200,0" yaku="1,1,0,1,7,1,52,1,53,0" doraHai="42" doraHaiUra="19" who="3" fromWho="3" sc="220,-13,110,-13,370,-26,290,62" /><INIT seed="3,0,0,5,0,79" ten="207,97,344,352" oya="3" hai0="68,47,102,64,61,129,104,131,55,120,103,69,128" hai1="48,101,82,30,20,86,62,75,40,88,33,67,80" hai2="45,90,32,15,1,4,18,31,41,87,63,121,107" hai3="60,23,97,94,73,53,89,12,44,57,13,11,59"/><W56/><G73/><T106/><D120/><U109/><E109/><V118/><F118/><W14/><G11/><T119/><D119/><U83/><E75/><V58/><F107/><N who="0" m="41002" /><D68/><U99/><E33/><V49/><F121/><W27/><G44/><T132/><D132/><U25/><E48/><AGARI ba="0,0" hai="47,48,55,61,64,69,102,103,128,129,131" m="41002" machi="48" ten="40,1300,0" yaku="19,1" doraHai="79" who="0" fromWho="1" sc="207,13,97,-13,344,0,352,0" owari="220,-18.0,84,-41.6,344,14.4,352,45.2" /></mjloggm>