<mjloggm ver="2.3"><GO type="225" lobby="0"/><UN n0="%E6%A1%9C%E8%8A%B1%E9%96%83%E3%80%85" n1="%E5%80%89%E6%A9%8B%EF%BC%A0%E4%BA%8B%E5%8B%99" n2="%E3%81%AF%E3%82%88%E3%81%8A%E3%81%98%E3%81%95%E3%82%93" n3="%E6%97%A5%E6%9B%9C%E6%97%A5%E3%82%88%E3%82%8A%E3%81%AE%E4%BD%BF%E8%80%85" dan="17,16,16,17" rate="2172.19,2112.30,2166.47,2157.06" sx="M,M,M,M"/><TAIKYOKU oya="0"/><INIT seed="0,0,0,5,4,70" ten="250,250,250,250" oya="0" hai0="114,117,100,133,57,68,3,6,33,39,130,42,16" hai1="10,113,14,74,41,95,4,110,107,9,93,37,97" hai2="49,31,38,11,30,120,32,28,127,119,50,103,19" hai3="126,81,13,80,12,112,125,122,40,77,115,92,73"/><T5/><D68/><U66/><E74/><V72/><F72/><W48/><G122/><T101/><D114/><U60/><E113/><V23/><F120/><W7/><G92/><T47/><D117/><U79/><E79/><V98/><F32/><W118/><G118/><T88/><D130/><U44/><E110/><V90/><F119/><W131/><G131/><T67/><D33/><U83/><E83/><V15/><F127/><N who="3" m="48651" /><G81/><T94/><D133/><U63/><E63/><V45/><F90/><W64/><G64/><T105/><D105/><U0/><E97/><V106/><REACH who="2" step="1"/><F11/><REACH who="2" ten="250,250,240,250" step="2"/><N who="3" m="4223" /><G13/><T59/><D100/><U35/><E35/><V124/><F124/><W24/><G24/><T96/><D101/><U116/><E116/><V132/><F132/><W76/><G76/><T21/><D3/><U58/><REACH who="1" step="1"/><E107/><REACH who="1" ten="250,240,240,250" step="2"/><V123/><F123/><W86/><G73/><T1/><D1/><U65/><E65/><V18/><F18/><AGARI ba="0,2" hai="0,4,9,10,14,18,37,41,44,58,60,66,93,95" machi="18" ten="30,3900,0" yaku="1,1,7,1,52,1,53,0" doraHai="70" doraHaiUra="134" who="1" fromWho="2" sc="250,0,240,59,240,-39,250,0" /><INIT seed="1,0,0,5,4,6" ten="250,299,201,250" oya="1" hai0="125,87,102,37,73,60,103,90,124,83,44,61,55" hai1="59,123,43,119,62,10,17,40,92,128,91,81,115" hai2="89,39,46,38,50,80,118,20,53,79,112,114,111" hai3="24,100,67,35,18,93,101,82,69,66,56,54,84"/><U126/><E115/><N who="2" m="44075" /><F118/><W68/><G68/><T70/><D73/><U7/><E119/><V65/><F65/><N who="3" m="24587" /><G35/><T106/><D70/><U42/><E123/><V51/><F89/><N who="3" m="51351" /><G69/><T64/><D64/><U15/><E126/><N who="0" m="48745" /><D106/><U120/><E128/><V3/><F3/><W1/><G1/><T77/><D90/><U16/><E81/><V107/><F107/><W121/><G121/><T72/><D87/><N who="1" m="52351" /><E120/><V104/><F104/><W34/><G34/><T131/><D131/><U36/><E36/><N who="2" m="13867" /><F20/><N who="3" m="13335" /><G93/><T9/><D37/><U130/><E130/><V134/><F80/><W27/><G27/><T110/><D83/><U78/><E78/><V13/><F79/><W49/><AGARI ba="0,0" hai="49,54,56,100,101" m="13335,51351,24587" machi="49" ten="30,1100,0" yaku="8,1" doraHai="6" who="3" fromWho="3" sc="250,-3,299,-5,201,-3,250,11" /><INIT seed="2,0,0,1,5,112" ten="247,294,198,261" oya="2" hai0="63,124,12,19,130,102,24,106,5,64,103,44,3" hai1="116,20,1,71,118,91,42,132,111,29,68,48,122" hai2="72,121,67,9,95,129,79,135,123,34,110,37,100" hai3="16,18,74,90,117,36,108,70,17,40,26,4,55"/><V39/><F34/><W45/><G74/><T125/><D130/><U113/><E113/><V7/><F129/><W96/><G70/><T80/><D24/><N who="1" m="16519" /><E1/><V128/><F128/><W119/><G108/><T59/><D106/><U75/><E75/><V134/><F67/><W31/><G4/><T98/><D80/><U94/><E42/><V8/><F110/><W127/><G127/><N who="0" m="48715" /><D98/><U133/><E48/><V22/><F22/><W115/><G115/><T73/><D73/><U46/><E46/><V120/><F72/><W54/><G96/><T49/><D5/><U60/><E111/><V10/><F79/><W25/><G90/><T109/><D3/><U43/><E43/><V52/><F7/><W82/><G82/><T93/><D93/><U78/><E78/><V21/><F21/><W2/><G2/><T84/><D84/><N who="1" m="52583" /><E122/><V97/><REACH who="2" step="1"/><F52/><REACH who="2" ten="247,294,188,261" step="2"/><W50/><G55/><N who="0" m="30119" /><D109/><U107/><E60/><V14/><F14/><W15/><G15/><T51/><D51/><U88/><E68/><V77/><F77/><W86/><G54/><T13/><D12/><U89/><E71/><V62/><F62/><W65/><G50/><T58/><D59/><U66/><E66/><V61/><F61/><W53/><G65/><T101/><D13/><U30/><E30/><V6/><F6/><W104/><G53/><T126/><D126/><U87/><E133/><AGARI ba="0,1" hai="8,9,10,37,39,95,97,100,120,121,123,133,134,135" machi="133" ten="50,4800,0" yaku="1,1,20,1,53,0" doraHai="112" doraHaiUra="27" who="2" fromWho="1" sc="247,0,294,-48,188,58,261,0" /><INIT seed="2,1,0,3,3,29" ten="247,246,246,261" oya="2" hai0="104,17,4,133,56,97,39,23,75,116,25,1,13" hai1="18,8,54,125,121,123,84,3,6,73,27,130,45" hai2="74,81,115,100,62,89,49,98,124,72,122,118,57" hai3="119,44,26,42,82,28,32,76,47,134,11,30,126"/><V113/><F122/><N who="1" m="46601" /><E73/><V61/><F118/><W48/><G119/><T127/><D116/><U95/><E130/><V64/><F124/><W92/><G126/><T109/><D127/><U99/><E125/><V36/><F36/><W10/><G134/><T60/><D75/><U35/><E84/><V33/><F33/><W66/><G66/><T80/><D39/><U59/><E45/><V40/><F74/><W58/><G28/><T14/><D109/><U106/><E106/><V71/><F49/><W38/><G58/><T43/><D43/><U107/><E107/><V31/><F40/><W96/><G47/><T55/><D80/><U51/><E18/><V110/><F31/><W19/><G19/><T12/><D133/><U79/><E79/><V94/><F110/><W41/><G41/><T93/><D104/><U7/><E7/><V129/><F129/><W117/><G38/><T16/><D1/><U0/><E0/><V91/><F113/><W87/><REACH who="3" step="1"/><G117/><REACH who="3" ten="247,246,246,251" step="2"/><T120/><D120/><U83/><E59/><V88/><F115/><W90/><AGARI ba="1,1" hai="10,11,26,30,32,42,44,48,76,82,87,90,92,96" machi="90" ten="20,12000,2" yaku="1,1,2,1,0,1,7,1,52,1,53,1" doraHai="29" doraHaiUra="20" who="3" fromWho="3" sc="247,-31,246,-31,246,-61,251,133" /><INIT seed="3,0,0,3,5,31" ten="216,215,185,384" oya="3" hai0="52,121,45,30,51,129,112,67,32,7,101,12,63" hai1="17,40,15,100,0,97,77,50,28,124,41,115,62" hai2="38,134,49,105,18,107,55,95,35,110,79,135,5" hai3="91,54,80,85,70,89,106,4,122,76,119,72,20"/><W75/><G54/><T3/><D121/><U68/><E0/><V64/><F38/><W19/><G20/><T29/><D3/><U26/><E115/><V39/><F39/><W120/><G19/><T125/><D112/><U6/><E6/><V104/><F5/><W117/><G4/><T88/><D125/><U24/><E124/><V114/><F114/><W133/><G70/><T86/><D129/><U61/><E77/><V69/><F79/><W60/><G60/><N who="1" m="23146" /><E68/><V131/><F69/><W16/><G16/><T83/><D101/><U1/><E1/><V93/><F64/><W128/><G106/><T42/><D32/><N who="1" m="20487" /><E50/><V8/><F131/><W2/><G2/><T99/><D99/><U108/><E26/><V23/><F8/><W9/><G9/><N who="0" m="4159" /><D67/><U87/><E87/><V21/><F110/><W57/><G128/><T84/><D84/><U113/><E108/><V82/><F82/><W37/><G85/><T27/><D27/><U92/><E113/><V132/><F35/><W65/><G65/><T44/><D44/><U126/><E126/><V59/><F23/><W22/><G22/><T56/><AGARI ba="0,0" hai="29,30,42,45,51,52,56,63,83,86,88" m="4159" machi="56" ten="30,4000,0" yaku="8,1,54,2" doraHai="31" who="0" fromWho="0" sc="216,40,215,-10,185,-10,384,-20" owari="256,5.6,205,-19.5,175,-32.5,364,46.4" /></mjloggm>