<mjloggm ver="2.3"><GO type="225" lobby="0"/><UN n0="%E5%80%89%E6%A9%8B%EF%BC%A0%E4%BA%8B%E5%8B%99" n1="%6E%69%63%6F%6E%74%6F" n2="%E3%81%AF%E3%82%88%E3%81%8A%E3%81%98%E3%81%95%E3%82%93" n3="%73%61%6E%64%69%72%69%73" dan="16,17,16,16" rate="2084.18,2140.65,2158.73,2159.31" sx="M,M,M,M"/><TAIKYOKU oya="0"/><INIT seed="0,0,0,1,0,34" ten="250,250,250,250" oya="0" hai0="75,102,90,14,89,88,108,111,53,41,26,129,130" hai1="91,5,103,22,100,63,40,28,44,50,83,31,52" hai2="16,110,133,95,77,107,37,33,118,61,116,123,101" hai3="76,128,124,38,46,15,66,35,104,80,32,119,65"/><T36/><D75/><U39/><E5/><V55/><F123/><W71/><G119/><T69/><D69/><U81/><E81/><V27/><F37/><W1/><G104/><T86/><D102/><N who="1" m="38955" /><E39/><V21/><F110/><N who="0" m="42026" /><D53/><U98/><E22/><V18/><F133/><W42/><G15/><T2/><D14/><U23/><E23/><V30/><F77/><W51/><G71/><T73/><D73/><U20/><E20/><V125/><F107/><W78/><G35/><T105/><D105/><U68/><E68/><V8/><F125/><W70/><G32/><T57/><D57/><N who="1" m="35239" /><E98/><N who="2" m="59615" /><F8/><W17/><G124/><T13/><D26/><U135/><E135/><V4/><F4/><W56/><G56/><T84/><D13/><U99/><E99/><V87/><F33/><W11/><G70/><T93/><D2/><U97/><E97/><V25/><F27/><W96/><G1/><T134/><D134/><U12/><E12/><V19/><F87/><AGARI ba="0,0" hai="28,31,40,44,50,83,87,91" m="35239,38955" machi="87" ten="30,2000,0" yaku="8,1,54,1" doraHai="34" who="1" fromWho="2" sc="250,0,250,20,250,-20,250,0" /><INIT seed="1,0,0,0,3,24" ten="250,270,230,250" oya="1" hai0="25,83,69,86,117,134,66,8,75,120,53,90,21" hai1="12,119,19,100,57,46,129,80,82,118,51,121,87" hai2="107,68,7,15,91,63,61,60,102,106,35,104,123" hai3="36,131,112,16,81,94,65,18,56,14,64,77,4"/><U105/><E121/><V127/><F123/><W116/><G112/><T113/><D120/><U26/><E129/><V130/><F35/><W0/><G36/><T27/><D113/><U38/><E57/><V92/><F130/><W97/><G116/><T88/><D117/><U28/><E38/><V99/><F127/><W42/><G42/><T48/><D75/><U96/><E19/><V109/><F109/><W122/><G131/><T23/><D134/><U22/><E12/><V5/><F68/><W128/><G0/><T30/><D8/><U67/><E67/><N who="3" m="25674" /><G56/><T11/><D11/><U32/><E32/><V76/><F76/><W17/><G128/><T62/><D90/><U49/><E49/><V132/><F132/><W50/><G50/><T133/><D133/><U52/><REACH who="1" step="1"/><E82/><REACH who="1" ten="250,260,230,250" step="2"/><V44/><F44/><W9/><G122/><T125/><D125/><U41/><E41/><V110/><F110/><W1/><G1/><T54/><REACH who="0" step="1"/><D48/><REACH who="0" ten="240,260,230,250" step="2"/><U3/><E3/><V2/><F2/><W126/><G126/><T74/><D74/><U55/><E55/><V114/><F114/><W124/><G124/><T71/><D71/><U59/><E59/><V79/><F5/><W47/><G4/><T34/><D34/><U89/><AGARI ba="0,2" hai="22,26,28,46,51,52,80,87,89,96,100,105,118,119" machi="89" ten="20,12000,1" yaku="1,1,0,1,7,1,52,1,54,1,53,0" doraHai="24" doraHaiUra="29" who="1" fromWho="1" sc="240,-40,260,140,230,-40,250,-40" /><INIT seed="1,1,0,2,3,122" ten="200,400,190,210" oya="1" hai0="49,111,88,128,86,52,27,15,65,78,121,102,48" hai1="66,47,25,34,129,83,106,5,87,42,90,74,21" hai2="120,10,76,8,92,82,72,125,14,64,3,59,135" hai3="36,17,110,112,32,62,41,19,54,58,123,93,113"/><U132/><E129/><V29/><F120/><W56/><G32/><T16/><D121/><U63/><E132/><V91/><F135/><W77/><G123/><T100/><D128/><U9/><E106/><V95/><F125/><W133/><G133/><T13/><D78/><U109/><E109/><V12/><F29/><W115/><G110/><T84/><D65/><U37/><E74/><V101/><F101/><N who="0" m="39018" /><D111/><U69/><E34/><V44/><F44/><W116/><G116/><T23/><D86/><U24/><REACH who="1" step="1"/><E21/><REACH who="1" ten="200,390,190,210" step="2"/><V99/><F72/><W97/><G113/><T35/><D35/><U108/><E108/><V94/><F99/><W51/><G97/><T70/><D70/><U103/><E103/><V61/><F3/><AGARI ba="1,1" hai="3,5,9,24,25,37,42,47,63,66,69,83,87,90" machi="3" ten="30,5800,0" yaku="1,1,7,1,53,1" doraHai="122" doraHaiUra="57" who="1" fromWho="2" sc="200,0,390,71,190,-61,210,0" /><INIT seed="1,2,0,5,5,134" ten="200,461,129,210" oya="1" hai0="70,72,92,31,60,4,51,50,23,69,119,15,82" hai1="33,7,99,75,132,22,55,13,29,98,123,21,16" hai2="11,81,71,3,73,88,20,96,49,58,74,24,36" hai3="1,14,44,10,101,78,111,107,6,105,114,86,109"/><U104/><E123/><V130/><F36/><W5/><G114/><T117/><D92/><U95/><E132/><V64/><F71/><W41/><G6/><T94/><D94/><U87/><E75/><V93/><F130/><W67/><G67/><T133/><D133/><U48/><E33/><V17/><F81/><N who="3" m="47415" /><G1/><T115/><D115/><U43/><E43/><V66/><F64/><W38/><G101/><T126/><D4/><U103/><E7/><V89/><F3/><W122/><G122/><T12/><D31/><U26/><E104/><V34/><F11/><W77/><G77/><T45/><D82/><U9/><E9/><V40/><F34/><W118/><G118/><T59/><D59/><N who="1" m="33255" /><E103/><V68/><F68/><W108/><AGARI ba="2,0" hai="5,10,14,38,41,44,105,107,108,109,111" m="47415" machi="108" ten="30,1100,0" yaku="14,1" doraHai="134" who="3" fromWho="3" sc="200,-5,461,-7,129,-5,210,17" /><INIT seed="2,0,0,4,3,84" ten="195,454,124,227" oya="2" hai0="123,22,49,33,14,83,72,93,103,131,64,89,45" hai1="86,124,32,59,39,92,134,99,57,53,106,125,122" hai2="35,120,117,108,18,3,50,69,23,0,55,90,110" hai3="65,111,94,118,41,9,31,48,82,129,87,15,56"/><V104/><F117/><W114/><G118/><T135/><D33/><U52/><E32/><V11/><F120/><W13/><G111/><N who="2" m="42537" /><F35/><W116/><G116/><T80/><D123/><U6/><E39/><V127/><F69/><W28/><G129/><T74/><D131/><U25/><E122/><V51/><F104/><W19/><G94/><T101/><D64/><U42/><E42/><V78/><F78/><W34/><G34/><T112/><D112/><U1/><E1/><N who="2" m="587" /><F127/><N who="1" m="48713" /><E6/><V119/><F119/><W102/><G102/><N who="0" m="38923" /><D72/><U47/><E106/><V7/><F7/><W5/><G114/><T43/><D74/><U44/><E86/><V100/><F100/><W130/><G130/><T2/><D2/><U75/><E75/><V128/><F128/><W36/><G87/><N who="0" m="52415" /><D135/><U12/><E134/><V27/><F11/><W109/><G9/><T26/><D14/><U16/><E25/><V58/><F50/><W88/><G48/><T38/><D38/><U79/><E79/><V17/><F18/><AGARI ba="0,0" hai="18,22,26,43,45,49,80,83" m="52415,38923" machi="18" ten="30,2000,0" yaku="8,1,52,1" doraHai="84" who="0" fromWho="2" sc="195,20,454,0,124,-20,227,0" /><INIT seed="3,0,0,5,5,76" ten="215,454,104,227" oya="3" hai0="100,124,84,28,120,8,7,48,73,44,49,6,43" hai1="127,101,130,109,42,90,72,71,89,38,65,62,82" hai2="68,66,1,37,47,97,51,5,93,23,87,79,45" hai3="78,20,113,91,32,112,125,61,59,31,92,56,24"/><W12/><G125/><T30/><D73/><U128/><E109/><V88/><F1/><W63/><G32/><T106/><D120/><U133/><E127/><V50/><F37/><W99/><G78/><T131/><D124/><U35/><E133/><V94/><F68/><W119/><G119/><T126/><D126/><U46/><E35/><V110/><F110/><W135/><G135/><T13/><D131/><N who="1" m="50219" /><E101/><V27/><F66/><W18/><G59/><T54/><D6/><U0/><E0/><V81/><F5/><W107/><G63/><T9/><D9/><U69/><E69/><V108/><F108/><W123/><G107/><T15/><D15/><U77/><AGARI ba="0,0" hai="38,42,46,62,65,71,72,77,82,89,90" m="50219" machi="77" ten="30,2000,0" yaku="19,1,52,1" doraHai="76" who="1" fromWho="1" sc="215,-5,454,20,104,-5,227,-10" owari="210,-19.0,474,57.4,99,-40.1,217,1.7" /></mjloggm>