<mjloggm ver="2.3"><GO type="225" lobby="0"/><UN n0="%63%62%69%73%6B%65%74" n1="%E6%9C%AA%E6%9D%A5%E5%B0%91%E5%B9%B4" n2="%E3%81%9F%E3%81%93%E2%98%86%E7%84%BC%E3%81%8D" n3="%E3%81%95%E3%81%8D%E3%81%9F%E3%81%BE%E6%9E%97%E6%AA%8E" dan="16,16,16,16" rate="2028.53,2158.55,2110.50,2080.43" sx="M,M,M,M"/><TAIKYOKU oya="0"/><INIT seed="0,0,0,4,1,1" ten="250,250,250,250" oya="0" hai0="4,110,51,94,113,49,50,36,78,128,105,67,13" hai1="45,40,70,41,96,9,64,62,121,32,63,89,28" hai2="25,87,80,47,6,95,130,43,103,127,5,114,108" hai3="106,29,84,35,83,27,26,66,22,85,71,90,132"/><T55/><D105/><U123/><E40/><V33/><F114/><W81/><G132/><T37/><D113/><U116/><E116/><V60/><F108/><W124/><G124/><T86/><D110/><U0/><E62/><V97/><F127/><W119/><G119/><T31/><D128/><U54/><E54/><V18/><F60/><W21/><G106/><T3/><D3/><U134/><E89/><V14/><F25/><W118/><G118/><T79/><D67/><U76/><E96/><V69/><F33/><W77/><G71/><T42/><D42/><U100/><E100/><V75/><F75/><W135/><G135/><T72/><D31/><U107/><E76/><V92/><F95/><W30/><G35/><T38/><D72/><U126/><E107/><V125/><F69/><W53/><G53/><T129/><D129/><U44/><E44/><V24/><F24/><W131/><G131/><T8/><REACH who="0" step="1"/><D55/><REACH who="0" ten="240,250,250,250" step="2"/><U104/><E104/><V56/><F125/><W88/><G66/><T65/><D65/><U17/><E134/><V58/><F130/><W23/><G23/><T48/><N who="0" m="12288" /><DORA hai="10" /><T93/><D93/><U73/><E73/><V102/><F43/><W109/><G109/><T11/><D11/><U98/><E126/><V19/><F92/><W133/><G133/><T15/><D15/><N who="1" m="7407" /><E0/><V101/><F14/><W82/><G82/><T68/><D68/><U117/><E117/><V39/><F80/><W57/><G57/><T115/><D115/><U74/><E74/><V99/><F56/><W7/><G77/><T12/><D12/><U34/><E70/><RYUUKYOKU ba="0,1" sc="240,15,250,-15,250,-15,250,15" hai0="4,8,13,36,37,38,78,79,86,94" hai3="7,21,22,26,27,29,30,81,83,84,85,88,90" /><INIT seed="0,1,1,4,1,51" ten="255,235,235,265" oya="0" hai0="81,93,90,109,103,28,132,53,42,74,23,112,110" hai1="84,130,122,54,46,131,33,79,115,12,59,60,24" hai2="114,125,87,41,15,58,18,20,36,40,134,117,3" hai3="107,62,22,100,50,70,10,32,92,30,101,52,21"/><T29/><D112/><U34/><E122/><V44/><F3/><W19/><G107/><T31/><D132/><U49/><E115/><V68/><F68/><W61/><G70/><T98/><D42/><U47/><E47/><V94/><F134/><W65/><G65/><T126/><D126/><U0/><E0/><V64/><F125/><W76/><G76/><T2/><D2/><U73/><E73/><V17/><F40/><W4/><G32/><T104/><D53/><N who="1" m="29879" /><E24/><V80/><F94/><W99/><G100/><T111/><D23/><N who="3" m="8713" /><G30/><T120/><D120/><U85/><E12/><V38/><F38/><W124/><G4/><T96/><REACH who="0" step="1"/><D31/><REACH who="0" ten="245,235,235,265" step="2"/><U26/><E34/><V25/><F114/><W108/><G124/><T83/><D83/><U106/><E33/><V72/><F80/><W66/><G66/><T129/><D129/><U9/><E130/><V91/><F20/><W118/><G118/><T6/><D6/><U127/><E131/><V75/><F41/><W69/><G69/><T39/><D39/><U116/><E127/><V45/><F117/><W97/><G10/><T135/><D135/><U82/><E116/><V113/><F36/><W105/><G19/><T5/><D5/><U89/><E9/><V78/><F64/><W119/><G119/><T16/><D16/><U1/><E1/><V102/><F18/><W56/><G108/><T133/><D133/><U55/><E26/><V86/><F25/><W8/><G8/><T63/><D63/><U43/><E43/><V57/><F113/><W128/><G128/><T14/><D14/><U11/><E11/><RYUUKYOKU ba="1,2" sc="245,15,235,-15,235,-15,265,15" hai0="28,29,74,81,90,93,96,98,103,104,109,110,111" hai3="50,52,56,61,62,92,97,99,101,105" /><INIT seed="0,2,2,0,1,13" ten="260,220,220,280" oya="0" hai0="7,34,111,11,12,35,101,47,114,108,45,85,87" hai1="14,82,98,55,17,80,116,9,64,81,67,32,123" hai2="56,89,79,15,132,96,48,78,72,103,100,60,41" hai3="102,0,134,93,16,10,1,22,75,126,5,115,95"/><T119/><D114/><U61/><E116/><V133/><F41/><W121/><G75/><T122/><D119/><U44/><E123/><V42/><F72/><W43/><G115/><T107/><D122/><U29/><E32/><N who="0" m="12329" /><D107/><U62/><E29/><V27/><F27/><W118/><G118/><T57/><D101/><U97/><E55/><V58/><F15/><W86/><G121/><T31/><D57/><U46/><E46/><N who="0" m="17417" /><D31/><U104/><E44/><N who="2" m="25623" /><F89/><W51/><G51/><T90/><D90/><U74/><E74/><V109/><F109/><AGARI ba="2,2" hai="7,11,12,85,87,108,109,111" m="17417,12329" machi="109" ten="30,2900,0" yaku="14,1,10,1" doraHai="13" who="0" fromWho="2" sc="260,55,220,0,220,-35,280,0" /><INIT seed="0,3,0,3,5,85" ten="315,220,185,280" oya="0" hai0="109,18,113,81,105,87,6,4,76,119,100,3,10" hai1="45,0,73,38,131,98,20,133,78,17,57,77,71" hai2="95,116,96,84,92,1,60,89,44,27,50,35,134" hai3="123,21,110,54,67,117,9,25,82,72,52,128,127"/><T40/><D113/><U126/><E71/><V115/><F1/><W65/><G110/><T75/><D119/><U37/><E0/><V111/><F111/><W69/><G117/><T68/><D109/><U63/><E126/><V120/><F134/><W41/><G41/><T74/><D68/><U8/><E133/><V79/><F79/><W91/><G127/><T58/><D40/><U24/><E131/><V90/><F116/><W88/><G72/><T5/><D58/><U108/><E108/><V102/><F120/><W93/><G69/><T47/><D47/><U55/><E73/><V114/><F60/><W124/><G124/><T61/><D61/><U2/><E98/><V46/><F46/><W13/><G128/><T101/><D3/><U28/><E45/><V42/><REACH who="2" step="1"/><F102/><REACH who="2" ten="315,220,175,280" step="2"/><W53/><G123/><T14/><D101/><U70/><E2/><V26/><F26/><W39/><G39/><T64/><D100/><U129/><E129/><V132/><F132/><W94/><G82/><T130/><D76/><N who="1" m="29291" /><E38/><V121/><F121/><W122/><G122/><T22/><D81/><U34/><E37/><V30/><AGARI ba="3,1" hai="27,30,35,42,44,50,84,89,90,92,95,96,114,115" machi="30" ten="30,7900,0" yaku="1,1,0,1,52,2,53,0" doraHai="85" doraHaiUra="11" who="2" fromWho="2" sc="315,-42,220,-23,175,98,280,-23" /><INIT seed="1,0,0,4,1,94" ten="273,197,273,257" oya="1" hai0="53,77,89,95,80,30,61,78,104,79,128,2,64" hai1="101,3,117,125,51,29,50,17,49,66,93,127,74" hai2="105,60,82,91,47,21,97,5,55,4,103,68,102" hai3="130,1,106,84,100,72,70,52,113,40,96,67,14"/><U46/><E117/><V76/><F91/><W39/><G130/><T7/><D104/><U112/><E112/><V133/><F133/><W92/><G113/><T114/><D114/><U20/><E3/><V26/><F103/><W135/><G72/><T45/><D128/><U119/><E119/><V86/><F47/><W108/><G108/><T12/><D2/><U75/><E29/><V118/><F118/><W126/><G1/><T69/><D30/><U16/><E66/><V37/><F37/><W44/><G135/><T87/><D45/><U6/><E6/><V120/><F120/><W24/><G126/><N who="1" m="48138" /><E46/><V58/><F68/><W11/><G24/><T38/><D53/><U65/><E65/><V42/><F42/><W10/><G67/><T63/><D38/><U124/><N who="1" m="48146" /><U131/><DORA hai="88" /><E131/><V123/><F123/><W81/><G70/><T56/><D69/><U98/><E17/><AGARI ba="0,0" hai="4,5,17,21,26,55,58,60,76,82,86,97,102,105" machi="17" ten="30,2000,0" yaku="7,1,52,1" doraHai="94,88" who="2" fromWho="1" sc="273,0,197,-20,273,20,257,0" /><INIT seed="2,0,0,1,2,13" ten="273,177,293,257" oya="2" hai0="99,10,60,76,110,84,80,97,16,88,94,75,9" hai1="20,7,134,101,59,79,50,128,117,12,86,33,3" hai2="46,113,2,64,24,106,55,30,8,109,103,28,93" hai3="71,135,105,118,92,29,65,6,125,48,62,41,95"/><V14/><F2/><W18/><G118/><T89/><D110/><U70/><E117/><V96/><F64/><W27/><G135/><T52/><D89/><U40/><E128/><V54/><F113/><W116/><G125/><T66/><D66/><U130/><E130/><V91/><F46/><W98/><G116/><T63/><D10/><U58/><E134/><V133/><F109/><W131/><G131/><T19/><D9/><U132/><E132/><V17/><F133/><W45/><G6/><T49/><D75/><U115/><E115/><V69/><F69/><W87/><G87/><T83/><D83/><U81/><E70/><V121/><F121/><W120/><G120/><T111/><D99/><U26/><E3/><V42/><F42/><W123/><G123/><T102/><D102/><U127/><E127/><V129/><F28/><W44/><G44/><N who="0" m="27687" /><D111/><U114/><E33/><V53/><F53/><W43/><G43/><T90/><D90/><U57/><E114/><V78/><F78/><W47/><G47/><T31/><D31/><U104/><E104/><V21/><F129/><W67/><G67/><T68/><D68/><U38/><E38/><V11/><F11/><W39/><G39/><T32/><D32/><U23/><E101/><V56/><F56/><N who="1" m="14337" /><U0/><DORA hai="72" /><E0/><V15/><F15/><W51/><G51/><T61/><AGARI ba="0,0" hai="16,19,60,61,63,76,80,84,88,94,97" m="27687" machi="61" ten="30,12000,2" yaku="8,1,52,3,54,3" doraHai="13,72" who="0" fromWho="0" sc="273,120,177,-30,293,-60,257,-30" /><INIT seed="3,0,0,4,3,57" ten="393,147,233,227" oya="3" hai0="75,64,98,126,51,106,42,133,118,17,62,77,107" hai1="5,11,10,37,68,83,59,28,108,12,92,23,96" hai2="60,113,71,39,85,34,135,9,115,111,103,41,61" hai3="40,70,0,27,125,69,112,56,91,24,88,114,54"/><W120/><G120/><T102/><D118/><U104/><E108/><V8/><F34/><W81/><G0/><T99/><D126/><U7/><E68/><V53/><F71/><W76/><G40/><T46/><D133/><U105/><E37/><V15/><F15/><W84/><G125/><T14/><D77/><U13/><E83/><V72/><F85/><W66/><G69/><T50/><D50/><U90/><REACH who="1" step="1"/><E59/><REACH who="1" ten="393,137,233,227" step="2"/><V101/><F39/><W73/><G70/><T35/><D35/><U82/><E82/><V134/><F111/><W33/><G56/><T47/><D75/><U18/><E18/><V52/><F72/><W93/><G81/><T94/><D47/><U16/><E16/><V36/><F36/><W65/><G73/><T74/><D74/><U116/><E116/><V129/><F134/><W30/><G114/><T1/><D17/><U128/><E128/><V86/><F129/><W95/><G112/><T117/><D46/><U26/><AGARI ba="0,1" hai="5,7,10,11,12,13,23,26,28,90,92,96,104,105" machi="26" ten="30,4000,0" yaku="1,1,0,1,9,1,53,0" doraHai="57" doraHaiUra="78" who="1" fromWho="1" sc="393,-10,137,50,233,-10,227,-20" owari="383,48.3,187,-31.3,223,2.3,207,-19.3" /></mjloggm>