<mjloggm ver="2.3"><GO type="225" lobby="0"/><UN n0="%E3%81%99%E3%81%84%E3%81%BE%E3%81%9B%E3%83%BC%E3%82%93" n1="%79%75%72%69%6D%6F%67" n2="%E3%80%90%E3%83%88%E3%83%AA%E3%83%A5%E3%83%95%E3%80%91" n3="%E7%8B%82%E6%B0%97%E3%81%AE%E7%9E%B3" dan="18,16,16,16" rate="2226.00,2131.74,2060.96,2043.14" sx="M,F,F,F"/><TAIKYOKU oya="0"/><INIT seed="0,0,0,3,1,39" ten="250,250,250,250" oya="0" hai0="134,118,34,130,120,22,4,116,86,98,82,61,87" hai1="70,60,47,46,66,43,105,92,126,74,122,62,0" hai2="54,26,12,113,107,99,15,100,19,56,32,18,77" hai3="7,119,29,106,55,30,123,8,71,88,42,79,25"/><T133/><D34/><U27/><E105/><V125/><F113/><W50/><G119/><T84/><D4/><U35/><E74/><V131/><F77/><W117/><G117/><N who="0" m="45163" /><D22/><U16/><E0/><V17/><F131/><W85/><G106/><T97/><D61/><U14/><E47/><V44/><F44/><N who="3" m="25879" /><G71/><T67/><D67/><U112/><E126/><V9/><F125/><W3/><G3/><T94/><D130/><U53/><E122/><V91/><F91/><W102/><G102/><N who="0" m="60727" /><D120/><U33/><E112/><V63/><REACH who="2" step="1"/><F9/><REACH who="2" ten="250,250,240,250" step="2"/><W109/><G79/><N who="0" m="46175" /><D98/><U2/><E46/><V104/><F104/><W10/><G8/><T72/><D72/><U24/><E70/><V13/><F13/><W114/><G10/><T52/><D86/><U80/><E14/><V40/><F40/><W135/><G85/><T20/><D87/><U21/><E2/><V93/><F93/><W73/><G73/><T89/><D89/><U75/><E92/><V36/><F36/><W110/><G88/><T6/><D134/><U31/><E75/><V59/><F59/><W121/><G135/><T78/><D78/><U49/><E43/><V81/><F81/><W108/><G114/><T69/><D69/><U95/><E95/><V37/><F37/><W48/><G25/><T64/><D133/><U111/><E80/><V45/><F45/><N who="3" m="28047" /><G7/><T90/><D6/><U115/><E115/><V1/><F1/><W51/><G51/><T101/><D90/><U124/><E49/><V129/><F129/><W128/><G128/><T76/><D76/><U103/><E124/><V41/><F41/><RYUUKYOKU ba="0,1" sc="250,-15,250,-15,240,15,250,15" hai2="12,15,17,18,19,26,32,54,56,63,99,100,107" hai3="29,30,108,109,110,121,123" /><INIT seed="1,1,1,3,3,11" ten="235,235,255,265" oya="1" hai0="37,8,7,61,87,127,79,129,23,18,40,78,14" hai1="51,88,42,2,13,24,26,96,64,50,1,100,38" hai2="95,101,16,126,66,117,89,119,75,20,0,58,98" hai3="53,133,10,62,28,130,27,63,128,76,85,91,106"/><U3/><E38/><V124/><F0/><W34/><G106/><T4/><D129/><N who="3" m="49769" /><G76/><T52/><D127/><N who="2" m="48682" /><F75/><W77/><G77/><N who="0" m="29195" /><D37/><U90/><E64/><V19/><F101/><W59/><G133/><T125/><D125/><U9/><E26/><N who="2" m="14599" /><F19/><W97/><G97/><T114/><D114/><U73/><E24/><V86/><F86/><W131/><N who="3" m="49777" /><W94/><DORA hai="93" /><G10/><T115/><D115/><U31/><E31/><V111/><F111/><W22/><G63/><AGARI ba="1,1" hai="58,63,66,89,95,98,117,119" m="14599,48682" machi="63" ten="30,3900,0" yaku="18,1,52,1,54,1" doraHai="11,93" who="2" fromWho="3" sc="235,0,235,0,255,52,265,-42" /><INIT seed="2,0,0,2,0,97" ten="235,235,307,223" oya="2" hai0="3,54,63,106,111,132,102,26,117,32,112,125,133" hai1="13,88,20,11,131,37,45,77,28,16,38,46,12" hai2="56,55,22,72,58,75,10,110,36,39,35,5,127" hai3="24,119,124,83,116,135,76,129,69,95,108,79,94"/><V65/><F127/><W121/><G69/><T86/><D112/><U120/><E131/><V98/><F35/><W126/><G24/><T18/><D3/><U53/><E77/><N who="3" m="29770" /><G121/><T67/><D125/><N who="3" m="48233" /><G129/><T90/><D111/><U61/><E120/><V19/><F65/><W64/><G64/><T80/><D54/><U29/><E38/><V40/><F58/><W84/><G108/><T42/><D42/><U8/><E37/><V51/><F36/><W4/><G4/><T81/><D117/><N who="3" m="45129" /><G135/><T6/><D6/><U130/><E130/><V7/><F7/><W105/><G105/><T50/><D133/><U15/><E61/><V71/><F71/><W0/><G0/><T34/><D132/><U2/><E53/><V107/><F110/><W66/><G66/><T82/><D63/><U92/><E2/><V99/><F107/><W134/><G134/><T62/><D62/><U27/><E29/><V23/><F5/><W89/><AGARI ba="0,0" hai="83,84,89,94,95" m="45129,48233,29770" machi="89" ten="40,5200,0" yaku="18,1,34,2" doraHai="97" who="3" fromWho="3" sc="235,-13,235,-13,307,-26,223,52" /><INIT seed="3,0,0,4,5,86" ten="222,222,281,275" oya="3" hai0="125,71,31,15,10,74,130,50,118,124,114,89,45" hai1="47,17,21,77,100,115,44,128,101,66,0,120,103" hai2="7,109,81,27,111,108,135,41,36,1,6,61,105" hai3="87,116,129,96,68,106,20,102,84,28,76,40,133"/><W55/><G116/><T29/><D118/><U57/><E120/><V92/><F105/><W24/><G68/><T56/><D71/><U13/><E0/><V94/><F61/><W9/><G133/><T11/><D130/><U72/><E128/><V4/><F81/><W32/><G129/><T104/><D104/><U39/><E39/><V112/><F112/><W8/><G40/><T53/><D74/><U62/><E115/><V30/><F135/><W82/><G32/><T93/><D114/><U69/><E72/><V123/><F1/><W122/><G122/><T60/><D125/><U33/><E33/><N who="2" m="20703" /><F123/><W58/><REACH who="3" step="1"/><G87/><REACH who="3" ten="222,222,281,265" step="2"/><T52/><D124/><U37/><E69/><V22/><F41/><W64/><G64/><T119/><D119/><U80/><E37/><V51/><F36/><W107/><G107/><T49/><D53/><U42/><E42/><V110/><F110/><W79/><G79/><T59/><D52/><U19/><E77/><V26/><F51/><AGARI ba="0,1" hai="8,9,20,24,28,51,55,58,76,82,84,96,102,106" machi="51" ten="30,2900,0" yaku="1,1,7,1,53,0" doraHai="86" doraHaiUra="2" who="3" fromWho="2" sc="222,0,222,0,281,-29,265,39" owari="222,-17.8,222,-27.8,252,5.2,304,40.4" /></mjloggm>