<mjloggm ver="2.3"><GO type="225" lobby="0"/><UN n0="%E5%B8%86%E7%AB%8B%E5%A4%8F%E8%A1%A3" n1="%E3%81%A8%E3%82%93%E3%81%A8%E3%81%93%E3%81%A8%E3%82%93" n2="%E3%83%AB%E3%83%9B%E3%83%B3%E3%83%87%E3%82%A3%E3%82%A8" n3="%E3%82%A2%E3%83%BC%E3%83%A2%E3%83%AD%E3%83%BC%E3%83%B4%E3%82%A1" dan="16,16,17,16" rate="2107.65,2092.76,2195.91,2155.56" sx="M,F,M,M"/><TAIKYOKU oya="0"/><INIT seed="0,0,0,3,4,133" ten="250,250,250,250" oya="0" hai0="45,52,15,41,6,70,120,126,135,130,20,124,16" hai1="78,37,94,51,82,50,49,132,21,96,89,57,36" hai2="9,47,112,117,92,77,28,64,42,29,90,131,129" hai3="72,8,88,106,123,73,83,71,116,4,67,27,80"/><T75/><D120/><U100/><E132/><V32/><F112/><W30/><G116/><T122/><D135/><U114/><E114/><V101/><F101/><W13/><G106/><T87/><D122/><U111/><E111/><V31/><F64/><W43/><G123/><T121/><D121/><U10/><E10/><V66/><F66/><W115/><G115/><T60/><D75/><U84/><E57/><V35/><F77/><W103/><G103/><T118/><D118/><U99/><REACH who="1" step="1"/><E21/><REACH who="1" ten="250,240,250,250" step="2"/><V22/><F22/><W63/><G8/><T105/><D70/><U98/><E98/><N who="2" m="57623" /><F9/><W33/><G71/><T91/><D6/><U79/><E79/><V128/><F117/><W65/><G4/><T25/><D130/><U95/><AGARI ba="0,1" hai="36,37,49,50,51,78,82,84,89,94,95,96,99,100" machi="95" ten="30,2000,0" yaku="1,1,0,1,53,0" doraHai="133" doraHaiUra="58" who="1" fromWho="1" sc="250,-10,240,30,250,-5,250,-5" /><INIT seed="1,0,0,3,5,109" ten="240,270,245,245" oya="1" hai0="31,120,71,86,15,37,13,132,67,99,84,30,0" hai1="58,81,112,41,7,16,90,40,133,34,95,118,74" hai2="22,47,19,69,82,80,96,26,48,115,50,113,72" hai3="91,75,35,42,123,54,101,85,32,14,110,77,4"/><U130/><E118/><V23/><F69/><W3/><G123/><T1/><D67/><U128/><E34/><V63/><F63/><W135/><G3/><T33/><D33/><U44/><E7/><V39/><F39/><W89/><G35/><T25/><D37/><U10/><E133/><V24/><F96/><W97/><G32/><T68/><D99/><U28/><E28/><V124/><F124/><W53/><G42/><T134/><REACH who="0" step="1"/><D25/><REACH who="0" ten="230,270,245,245" step="2"/><U114/><E130/><V36/><F36/><W38/><G38/><T62/><D62/><U9/><E128/><V94/><F50/><W51/><G51/><T105/><D105/><U102/><E102/><V79/><F48/><W117/><G97/><T87/><D87/><U92/><E74/><V60/><F60/><W17/><G75/><T46/><D46/><U116/><E44/><V56/><F47/><W121/><G101/><T131/><D131/><U122/><E116/><V83/><F56/><W119/><G119/><T108/><D108/><U129/><E58/><V5/><F72/><W59/><G110/><T93/><D93/><U98/><E95/><V103/><F94/><W70/><G117/><T64/><D64/><U55/><E129/><V78/><F103/><W66/><G59/><T8/><D8/><U104/><E10/><V111/><F111/><W49/><G49/><T65/><D65/><U57/><E9/><V61/><F61/><W29/><G66/><T12/><D12/><U21/><E92/><V127/><F26/><W73/><G73/><T27/><D27/><U52/><E57/><V76/><F24/><RYUUKYOKU ba="0,1" sc="230,30,270,-10,245,-10,245,-10" hai0="0,1,13,15,30,31,68,71,84,86,120,132,134" /><INIT seed="2,1,1,2,2,17" ten="260,260,235,235" oya="2" hai0="55,116,102,23,108,42,46,132,59,101,43,131,127" hai1="79,67,33,27,40,2,109,53,24,10,83,128,15" hai2="57,129,117,96,119,110,38,72,41,1,32,29,113" hai3="81,71,126,106,100,11,31,107,48,19,94,66,63"/><V78/><F113/><W90/><G126/><T68/><D68/><U73/><E2/><V64/><F129/><W52/><G31/><T3/><D3/><U98/><E33/><V56/><F110/><W85/><G100/><T91/><D108/><U14/><E109/><V51/><F1/><W97/><G97/><T135/><D127/><U20/><E128/><V49/><F96/><W21/><G81/><T50/><D116/><U130/><E130/><V69/><F78/><W22/><G11/><T124/><D124/><U58/><E67/><V13/><F13/><W84/><G84/><T18/><D91/><U44/><E98/><V70/><F72/><W28/><G28/><T89/><D89/><U93/><E93/><V36/><F29/><W120/><G120/><T65/><D65/><U62/><E10/><V16/><F16/><W105/><REACH who="3" step="1"/><G19/><REACH who="3" ten="260,260,235,225" step="2"/><T82/><D82/><U111/><E111/><V123/><F32/><W125/><G125/><T122/><D122/><U114/><E114/><V95/><F95/><W47/><AGARI ba="1,2" hai="21,22,47,48,52,63,66,71,85,90,94,105,106,107" machi="47" ten="30,8000,1" yaku="1,1,0,1,52,2,54,1,53,0" doraHai="17" doraHaiUra="26" who="3" fromWho="3" sc="260,-21,260,-21,235,-41,225,103" /><INIT seed="3,0,0,5,0,41" ten="239,239,194,328" oya="3" hai0="4,49,115,79,19,13,57,120,131,61,95,36,65" hai1="42,108,66,39,0,132,98,72,92,59,110,68,82" hai2="3,113,29,9,107,6,123,16,24,58,45,21,105" hai3="130,85,25,93,51,5,109,121,1,114,91,74,18"/><W100/><G74/><T70/><D120/><U126/><E0/><V96/><F113/><W99/><G121/><T60/><D36/><U34/><E34/><V104/><F123/><W116/><G114/><T135/><D135/><U22/><E68/><V38/><F58/><W128/><G116/><T14/><D131/><U103/><E126/><V63/><F63/><W94/><G109/><N who="1" m="42090" /><E22/><V87/><F87/><W53/><G5/><T56/><D79/><N who="1" m="44391" /><E132/><V55/><F96/><W62/><G62/><N who="0" m="38087" /><D70/><U33/><E33/><V43/><F55/><W81/><G1/><T23/><D115/><U84/><E84/><V133/><REACH who="2" step="1"/><F133/><REACH who="2" ten="239,239,184,328" step="2"/><W48/><G53/><T31/><D57/><U111/><E111/><V118/><F118/><W76/><G99/><T54/><D54/><U124/><E124/><V134/><F134/><W46/><G85/><T47/><D61/><N who="1" m="38207" /><E42/><V69/><F69/><W125/><G125/><T15/><D60/><U71/><E71/><V50/><F50/><W86/><G51/><T88/><D49/><U20/><E20/><V35/><F35/><W75/><G48/><T10/><D23/><U52/><E52/><V122/><F122/><W27/><G86/><T83/><D83/><U73/><E39/><V7/><F7/><W2/><G81/><T102/><D4/><U8/><E73/><V112/><F112/><W89/><G75/><T28/><D10/><AGARI ba="0,1" hai="8,10,92,98,103" m="38207,44391,42090" machi="10" ten="30,1000,0" yaku="14,1" doraHai="41" who="1" fromWho="0" sc="239,-10,239,20,184,0,328,0" owari="229,-17.1,259,5.9,184,-31.6,328,42.8" /></mjloggm>