<mjloggm ver="2.3"><GO type="225" lobby="0"/><UN n0="%E3%83%AD%E3%83%83%E3%83%86%E9%9B%80%E7%90%83" n1="%E3%81%8B%E3%82%8F%E3%81%A1%E3%82%83%E3%82%93%35%38" n2="%E5%B7%9D%E7%80%AC%E6%99%BA%E5%AD%90" n3="%E5%8F%AF%E5%85%90%E9%82%A3%E7%94%B1%E5%A4%9A" dan="16,17,17,16" rate="2181.77,2253.29,2127.28,2109.34" sx="M,M,M,F"/><TAIKYOKU oya="0"/><INIT seed="0,0,0,5,2,16" ten="250,250,250,250" oya="0" hai0="48,64,124,133,13,130,126,14,82,15,34,119,53" hai1="105,22,94,27,98,55,3,33,135,60,70,61,57" hai2="10,106,73,17,67,21,9,101,120,72,1,84,20" hai3="59,87,91,45,49,74,38,36,122,78,41,26,24"/><T90/><D119/><U52/><E135/><V112/><F120/><W85/><G122/><T5/><D34/><U54/><E3/><V132/><F112/><W65/><G74/><T30/><D30/><U25/><E105/><V97/><F132/><W113/><G113/><T39/><D39/><U56/><E70/><V129/><F129/><W18/><G36/><T93/><D133/><U29/><E27/><V62/><F84/><W88/><G78/><T4/><D64/><N who="1" m="38919" /><E33/><V115/><F115/><W47/><G59/><N who="0" m="33191" /><D82/><U80/><E80/><V108/><F108/><W128/><G65/><T42/><D42/><U86/><E86/><V7/><F10/><W92/><G128/><T117/><D117/><U6/><E6/><V77/><F77/><W107/><G107/><T51/><D51/><U2/><E2/><V58/><REACH who="2" step="1"/><F21/><REACH who="2" ten="250,250,240,250" step="2"/><W95/><REACH who="3" step="1"/><G18/><REACH who="3" ten="250,250,240,240" step="2"/><T118/><D130/><U109/><E109/><V123/><F123/><W79/><G79/><T103/><D118/><U96/><E96/><V71/><F71/><W99/><G99/><T23/><D23/><U134/><E134/><V28/><F28/><W44/><G44/><T19/><D19/><U50/><E61/><V102/><F102/><AGARI ba="0,2" hai="22,25,29,50,52,54,55,57,94,98,102" m="38919" machi="102" ten="30,7700,0" yaku="25,1,8,1,52,1,54,1" doraHai="16" who="1" fromWho="2" sc="250,0,250,97,240,-77,240,0" /><INIT seed="1,0,0,1,1,133" ten="250,347,163,240" oya="1" hai0="91,36,96,55,59,99,120,46,10,4,122,60,31" hai1="107,30,104,118,119,32,56,77,17,84,64,121,23" hai2="85,5,63,105,100,82,16,113,98,40,112,130,117" hai3="14,45,124,127,1,92,38,129,89,73,26,115,131"/><U114/><E56/><V81/><F117/><N who="1" m="44553" /><E64/><V19/><F130/><N who="3" m="49675" /><G1/><T37/><D31/><U44/><E23/><V33/><F33/><W71/><G73/><T52/><D55/><U6/><E17/><V86/><F5/><W20/><G71/><T47/><D47/><U102/><E6/><V11/><F40/><N who="3" m="22679" /><G14/><T101/><D91/><U22/><E22/><V50/><F50/><W49/><G115/><N who="2" m="44105" /><F63/><W110/><G110/><T15/><D99/><N who="1" m="61535" /><E77/><N who="2" m="46255" /><F11/><W58/><G58/><T35/><D35/><U24/><E114/><V106/><F106/><W79/><G79/><AGARI ba="0,0" hai="16,19,79,82,86,98,100,105" m="46255,44105" machi="79" ten="30,2000,0" yaku="11,1,54,1" doraHai="133" who="2" fromWho="3" sc="250,0,347,0,163,20,240,-20" /><INIT seed="2,0,0,0,3,19" ten="250,347,183,220" oya="2" hai0="79,132,129,37,109,106,95,87,121,96,76,112,115" hai1="128,30,78,135,72,52,15,67,114,6,14,82,62" hai2="46,120,104,125,59,110,60,50,33,70,58,108,66" hai3="117,89,101,43,116,31,34,5,86,90,56,73,123"/><V29/><F104/><W113/><G123/><T91/><D37/><U57/><E114/><N who="0" m="43561" /><D121/><U85/><E135/><V80/><F120/><W83/><G113/><T102/><D132/><U47/><E128/><V81/><F33/><W134/><G134/><T122/><D122/><U100/><E100/><V65/><F29/><W118/><G73/><T10/><D10/><U69/><E6/><V21/><F125/><W8/><G101/><T13/><D13/><U53/><E72/><V111/><F21/><W22/><G34/><T105/><D109/><U99/><E99/><V9/><F9/><W1/><G43/><T35/><D35/><U61/><E30/><V49/><F49/><W97/><G56/><N who="2" m="21545" /><F65/><W98/><REACH who="3" step="1"/><G90/><REACH who="3" ten="250,347,183,210" step="2"/><T68/><D68/><U18/><E69/><V63/><F63/><W32/><G32/><T0/><D129/><U92/><E62/><V41/><AGARI ba="0,1" hai="41,46,50,60,66,70,80,81,108,110,111" m="21545" machi="41" ten="40,3900,0" yaku="14,1,10,1" doraHai="19" who="2" fromWho="2" sc="250,-13,347,-13,183,49,210,-13" /><INIT seed="2,1,0,1,4,44" ten="237,334,232,197" oya="2" hai0="73,98,110,27,71,14,79,89,84,125,109,127,56" hai1="49,115,75,32,88,59,57,40,91,66,6,76,107" hai2="25,86,70,35,51,9,67,126,87,101,7,54,41" hai3="61,46,53,2,119,80,69,38,81,43,17,28,72"/><V52/><F126/><N who="0" m="48138" /><D71/><U90/><E107/><V18/><F101/><W132/><G119/><T13/><D98/><U106/><E32/><V94/><F41/><W64/><G132/><T12/><D27/><U113/><E106/><V116/><F116/><W133/><G133/><T130/><D130/><U11/><E75/><V55/><F70/><W4/><G28/><T78/><D56/><U16/><E76/><N who="0" m="29225" /><D73/><U8/><E59/><V104/><F104/><W5/><G72/><T121/><D121/><U99/><E99/><V62/><F35/><W65/><G65/><T108/><D89/><U82/><E90/><V131/><F131/><W31/><G31/><T15/><N who="0" m="3072" /><DORA hai="129" /><T93/><D93/><U37/><E57/><N who="2" m="37327" /><F94/><W45/><G17/><T122/><D122/><U3/><E113/><V120/><F120/><W83/><REACH who="3" step="1"/><G2/><REACH who="3" ten="237,334,232,187" step="2"/><T50/><D84/><U42/><E3/><V21/><F87/><W1/><G1/><T128/><D128/><U20/><E66/><V39/><F86/><W34/><G34/><T60/><D60/><U97/><E16/><V23/><F18/><W74/><G74/><T63/><D63/><U36/><E115/><V114/><F25/><W123/><G123/><T0/><D0/><U112/><E112/><V117/><F114/><W24/><G24/><T103/><D103/><U29/><E29/><V77/><F117/><W33/><G33/><T48/><AGARI ba="1,1" hai="48,50,108,109,110" m="3072,29225,48138" machi="48" ten="60,12000,2" yaku="28,2,14,1,18,1,52,2" doraHai="44,129" who="0" fromWho="0" sc="237,133,334,-31,232,-61,187,-31" /><INIT seed="3,0,0,5,3,109" ten="370,303,171,156" oya="3" hai0="68,118,104,0,88,33,55,30,70,119,5,48,12" hai1="130,89,120,26,106,11,52,66,2,129,114,18,21" hai2="72,113,81,1,98,27,54,29,37,91,121,75,126" hai3="73,6,116,43,31,9,49,110,127,25,22,85,77"/><W56/><G116/><T53/><D0/><U124/><E106/><V79/><F1/><W39/><G127/><T99/><D33/><U41/><E41/><V50/><F37/><W4/><G110/><T16/><D30/><U107/><E107/><V38/><F38/><W35/><G73/><T19/><D5/><N who="1" m="1463" /><E89/><V122/><F113/><W90/><G77/><T108/><D108/><U125/><E66/><V135/><F135/><W134/><G134/><T47/><D104/><U57/><E52/><V3/><F3/><W10/><G39/><T58/><D19/><U80/><E57/><V42/><F42/><W44/><G35/><T15/><D15/><U34/><E80/><V67/><F67/><W59/><G9/><T69/><D88/><U14/><E120/><N who="2" m="46187" /><F126/><N who="1" m="48745" /><E114/><V83/><F98/><W102/><G102/><T62/><REACH who="0" step="1"/><D99/><REACH who="0" ten="360,303,171,156" step="2"/><U64/><E64/><V115/><F91/><W100/><G100/><T61/><D61/><U123/><E123/><V45/><F115/><W103/><G103/><T96/><D96/><U87/><E87/><N who="2" m="48575" /><F83/><N who="3" m="49471" /><G6/><T86/><D86/><U7/><E7/><V46/><F75/><W82/><G82/><T92/><D92/><U32/><E32/><V17/><F72/><W117/><G117/><T63/><D63/><U131/><E34/><N who="2" m="20799" /><F17/><W74/><G74/><T112/><D112/><U133/><E14/><AGARI ba="0,1" hai="4,10,14,22,25,31,43,44,49,56,59" m="49471" machi="14" ten="30,1500,0" yaku="8,1" doraHai="109" who="3" fromWho="1" sc="360,0,303,-15,171,0,156,25" /><INIT seed="3,1,0,5,2,10" ten="360,288,171,181" oya="3" hai0="24,8,59,71,72,73,83,20,75,40,105,131,38" hai1="127,2,116,39,14,5,52,119,64,92,61,108,82" hai2="114,96,70,118,81,34,1,90,104,94,46,91,37" hai3="74,17,36,4,13,67,26,109,0,53,33,49,115"/><W18/><G115/><T87/><D71/><U50/><E39/><V30/><F114/><W130/><G36/><T107/><D8/><N who="1" m="4367" /><E2/><V6/><F118/><N who="1" m="45097" /><E108/><V80/><F70/><W89/><G74/><T79/><D131/><U15/><E127/><V51/><F37/><W123/><G123/><T22/><D22/><U25/><E25/><V31/><F104/><W101/><G101/><T35/><D35/><U102/><E82/><N who="2" m="31851" /><F1/><W42/><G130/><T125/><D125/><U62/><E64/><V69/><F69/><W16/><G67/><T54/><D40/><U103/><E103/><N who="2" m="60823" /><F6/><W111/><G33/><T29/><REACH who="0" step="1"/><D38/><REACH who="0" ten="350,288,171,181" step="2"/><U128/><E128/><V126/><F34/><W135/><G42/><T76/><D76/><U45/><E15/><V9/><F126/><W110/><G0/><T120/><D120/><U55/><E55/><N who="2" m="30199" /><F9/><N who="3" m="4263" /><G26/><T77/><D77/><U100/><E100/><V122/><F122/><W124/><G124/><T57/><D57/><U47/><E47/><V113/><F113/><W98/><G110/><T106/><D106/><U112/><E112/><V28/><AGARI ba="1,1" hai="28,30,31,90,91" m="30199,60823,31851" machi="28" ten="30,1100,0" yaku="8,1" doraHai="10" who="2" fromWho="2" sc="350,-4,288,-4,171,24,181,-6" owari="346,44.6,284,8.4,195,-20.5,175,-32.5" /></mjloggm>