<mjloggm ver="2.3"><GO type="225" lobby="0"/><UN n0="%E3%81%9F%E3%81%A3%E3%81%A1%E3%82%87" n1="%4E%49%4A%49%49%52%4F" n2="%E3%82%BC%E3%83%AB%E3%83%80%E3%81%AE%E4%BC%9D%E8%AA%AC" n3="%E9%B3%B3%E6%9D%B1%E3%81%AE%E3%81%86%E3%81%95%E3%81%8E%E3%81%95%E3%82%93" dan="16,16,16,17" rate="2104.27,2205.19,2142.77,2273.21" sx="M,M,M,M"/><TAIKYOKU oya="0"/><INIT seed="0,0,0,0,4,25" ten="250,250,250,250" oya="0" hai0="95,72,62,44,101,52,87,82,108,30,58,59,134" hai1="27,74,119,92,94,6,10,29,116,33,91,76,16" hai2="85,102,104,113,4,110,26,19,8,69,32,124,57" hai3="128,21,90,126,77,3,67,12,127,112,111,103,107"/><T49/><D134/><U117/><E74/><V18/><F69/><W34/><G3/><T0/><D0/><U46/><E76/><V11/><F113/><W88/><G34/><T81/><D108/><U66/><E66/><V64/><F110/><W55/><G111/><T120/><D120/><U5/><E46/><V63/><F124/><N who="3" m="47659" /><G128/><T89/><D72/><U131/><E131/><V47/><F85/><W115/><G67/><N who="0" m="39383" /><D101/><U14/><REACH who="1" step="1"/><E94/><REACH who="1" ten="250,240,250,250" step="2"/><V70/><F47/><W133/><G77/><T71/><D71/><U99/><AGARI ba="0,1" hai="5,6,10,14,16,27,29,33,91,92,99,116,117,119" machi="99" ten="30,8000,1" yaku="1,1,2,1,0,1,52,1,54,1,53,0" doraHai="25" doraHaiUra="105" who="1" fromWho="1" sc="250,-40,240,90,250,-20,250,-20" /><INIT seed="1,0,0,2,1,122" ten="210,330,230,230" oya="1" hai0="29,93,134,121,98,61,46,74,60,97,109,50,91" hai1="62,88,39,87,119,63,5,131,24,79,78,56,14" hai2="18,43,96,67,38,135,0,71,120,53,21,100,92" hai3="2,4,110,118,77,95,59,11,89,26,23,130,58"/><U112/><E39/><V37/><F120/><W114/><G130/><T6/><D121/><U81/><E119/><V99/><F0/><W116/><G77/><N who="1" m="29194" /><E131/><V129/><F129/><W127/><G127/><T90/><D74/><U55/><E112/><V32/><F32/><W22/><G114/><T17/><D134/><U12/><E5/><V34/><F34/><W133/><G133/><T15/><D29/><U41/><E41/><V66/><F135/><W69/><G69/><T3/><D3/><U125/><E125/><V33/><F33/><W123/><G123/><T70/><D109/><U117/><E117/><N who="3" m="45162" /><G110/><T105/><D70/><U25/><E62/><V132/><F132/><W80/><G80/><T104/><D6/><U57/><E57/><N who="3" m="21514" /><G26/><AGARI ba="0,0" hai="12,14,24,25,26,55,56,63,81,87,88" m="29194" machi="26" ten="30,2900,0" yaku="8,1,54,1" doraHai="122" who="1" fromWho="3" sc="210,0,330,29,230,0,230,-29" /><INIT seed="1,1,0,1,2,115" ten="210,359,230,201" oya="1" hai0="46,35,25,92,85,127,96,48,101,120,133,121,50" hai1="135,112,72,59,76,44,113,4,55,45,22,30,26" hai2="1,100,28,40,90,39,116,111,21,123,114,77,16" hai3="129,83,108,82,13,95,18,89,103,128,47,70,132"/><U134/><E4/><V118/><F123/><N who="0" m="47178" /><D133/><N who="1" m="50699" /><E76/><V98/><F1/><W99/><G70/><T23/><D35/><U33/><E72/><V71/><F71/><W105/><G132/><T7/><D7/><U34/><E45/><V119/><F114/><N who="1" m="44137" /><E44/><V61/><F77/><W27/><G27/><T10/><D10/><U0/><E0/><V5/><F5/><W20/><G108/><T73/><D73/><U57/><E57/><V6/><F6/><W32/><G32/><T24/><D24/><U102/><E102/><V97/><F111/><W110/><G110/><T17/><D127/><U36/><E36/><V107/><F28/><W15/><G15/><T67/><D46/><U78/><E78/><V94/><F39/><W106/><G47/><T43/><D43/><U62/><AGARI ba="1,0" hai="22,26,30,33,34,55,59,62" m="44137,50699" machi="62" ten="30,1500,0" yaku="20,1" doraHai="115" who="1" fromWho="1" sc="210,-6,359,18,230,-6,201,-6" /><INIT seed="1,2,0,3,0,133" ten="204,377,224,195" oya="1" hai0="118,9,126,121,64,128,97,6,41,61,55,27,29" hai1="25,37,78,106,1,74,53,16,24,28,44,50,99" hai2="26,54,15,69,56,123,42,66,107,35,22,95,89" hai3="33,12,7,13,4,119,80,87,58,120,83,104,14"/><U19/><E1/><V2/><F107/><W130/><G130/><T102/><D118/><U0/><E0/><V108/><F2/><W81/><G120/><T36/><D55/><U68/><E37/><V48/><F123/><W115/><G115/><T21/><D121/><U122/><E68/><V86/><F108/><W51/><G119/><T17/><D128/><U109/><E109/><V113/><F113/><W129/><G33/><T20/><D41/><U76/><E74/><V127/><F127/><W59/><G104/><T84/><D84/><U47/><E106/><V63/><F42/><W82/><G129/><T62/><D36/><U65/><E65/><V32/><REACH who="2" step="1"/><F26/><REACH who="2" ten="204,377,214,195" step="2"/><W67/><G4/><T70/><D126/><U40/><E25/><V73/><F73/><W117/><G117/><T34/><D62/><U94/><E24/><V114/><F114/><W103/><G7/><T71/><D6/><U88/><E40/><V124/><F124/><W116/><G116/><T39/><D39/><U110/><E110/><V96/><F96/><W77/><G103/><T60/><D60/><U131/><E131/><V91/><F91/><W101/><G101/><T135/><D135/><U3/><E3/><V57/><F57/><N who="3" m="21515" /><G51/><T92/><D71/><U10/><E50/><V5/><F5/><W30/><G67/><T125/><D125/><U79/><E122/><V111/><F111/><W38/><G38/><T132/><D132/><U23/><E99/><V31/><F31/><AGARI ba="2,1" hai="12,13,14,30,31,77,80,81,82,83,87" m="21515" machi="31" ten="40,1300,0" yaku="8,1" doraHai="133" who="3" fromWho="2" sc="204,0,377,0,214,-19,195,29" /><INIT seed="2,0,0,2,4,73" ten="204,377,195,224" oya="2" hai0="95,120,50,122,10,54,23,31,76,84,60,7,37" hai1="90,61,132,8,0,79,59,109,72,119,2,107,88" hai2="135,44,123,39,15,9,128,56,17,100,131,45,20" hai3="69,32,66,24,18,124,98,30,51,105,62,35,65"/><V5/><F123/><W13/><G124/><T40/><D37/><U93/><E119/><V21/><F135/><W121/><G121/><T115/><D40/><U38/><E107/><V3/><F100/><N who="3" m="62615" /><G32/><T94/><D115/><U57/><E38/><V92/><F92/><W19/><G65/><T34/><D60/><U102/><E132/><V125/><F125/><W80/><G13/><T46/><D34/><U101/><E93/><V82/><F56/><W89/><G51/><T16/><D31/><U75/><E61/><V111/><F111/><W25/><G25/><N who="0" m="14567" /><D120/><U71/><E8/><V6/><F6/><W74/><G89/><T63/><D63/><U14/><E14/><V114/><F114/><W134/><G134/><T4/><D122/><U26/><E26/><V67/><F67/><W127/><G127/><T96/><D10/><U133/><E133/><V83/><F21/><W113/><G113/><T52/><D54/><U99/><E71/><V77/><F82/><W53/><G53/><T103/><D95/><U27/><E109/><V70/><F70/><W42/><G42/><T81/><AGARI ba="0,0" hai="4,7,46,50,52,76,81,84,94,96,103" m="14567" machi="81" ten="30,7900,0" yaku="8,1,52,1,54,2" doraHai="73" who="0" fromWho="0" sc="204,79,377,-20,195,-39,224,-20" /><INIT seed="3,0,0,3,0,16" ten="283,357,156,204" oya="3" hai0="126,8,135,30,117,20,84,68,36,77,109,100,123" hai1="58,83,55,91,24,22,97,34,110,132,33,56,59" hai2="87,95,81,10,114,134,7,104,17,129,116,61,2" hai3="39,11,66,42,62,57,70,0,64,41,73,43,18"/><W92/><G73/><T124/><D36/><U105/><E110/><V101/><F134/><W5/><G92/><T82/><D68/><U131/><E132/><V27/><F129/><W113/><G113/><T67/><D67/><U44/><E131/><V80/><F116/><W119/><G119/><T35/><D35/><U54/><E33/><V9/><F114/><W52/><G18/><T69/><D69/><U48/><E34/><V96/><F61/><W1/><G1/><T93/><D123/><U118/><E105/><V127/><F127/><N who="0" m="48682" /><D109/><U128/><E128/><V108/><F108/><W75/><G75/><T47/><D47/><U72/><E72/><V71/><F71/><W94/><G94/><T38/><D38/><U28/><E118/><V98/><F87/><W15/><G0/><T107/><D107/><U6/><E6/><V26/><F26/><W90/><G90/><N who="0" m="53447" /><D100/><U111/><E111/><V125/><F125/><W86/><G86/><N who="0" m="48463" /><D117/><U46/><E46/><V23/><REACH who="2" step="1"/><F9/><REACH who="2" ten="283,357,146,204" step="2"/><W53/><G70/><T79/><D8/><U4/><E24/><V76/><F76/><W120/><G120/><T99/><D79/><U130/><E130/><V115/><F115/><W49/><REACH who="3" step="1"/><G39/><REACH who="3" ten="283,357,146,194" step="2"/><T37/><D37/><U78/><E78/><V50/><F50/><W102/><G102/><AGARI ba="0,2" hai="2,7,10,17,23,27,80,81,95,96,98,101,102,104" machi="102" ten="30,3900,0" yaku="1,1,7,1,52,1,53,0" doraHai="16" doraHaiUra="74" who="2" fromWho="3" sc="283,0,357,0,146,59,194,-39" owari="283,8.3,357,45.7,205,-19.5,155,-34.5" /></mjloggm>