<mjloggm ver="2.3"><GO type="225" lobby="0"/><UN n0="%E7%AC%B9%E9%A4%85" n1="%E7%9C%9F%E4%B8%80" n2="%E3%81%8F%E3%82%8A%E3%83%94%E3%83%BC" n3="%E5%80%89%E6%A9%8B%EF%BC%A0%E4%BA%8B%E5%8B%99" dan="16,16,16,16" rate="2156.61,2204.11,2107.57,2124.23" sx="M,M,M,M"/><TAIKYOKU oya="0"/><INIT seed="0,0,0,4,1,14" ten="250,250,250,250" oya="0" hai0="124,17,27,28,33,134,47,116,120,68,71,6,126" hai1="67,72,108,12,18,60,123,110,86,41,5,45,15" hai2="54,92,131,104,80,112,26,128,89,81,19,42,115" hai3="11,76,22,119,74,48,94,0,46,44,99,57,7"/><T9/><D116/><U21/><E72/><V1/><F42/><W113/><G119/><T55/><D120/><U51/><E123/><V62/><F1/><W106/><G106/><T56/><D47/><U95/><E95/><V78/><F54/><W24/><G113/><N who="2" m="43593" /><F62/><W20/><G74/><T40/><D40/><U70/><REACH who="1" step="1"/><E86/><REACH who="1" ten="250,240,250,250" step="2"/><V91/><F92/><W53/><G76/><T125/><D134/><U25/><E25/><V13/><F26/><W75/><G75/><T121/><D121/><U83/><E83/><V35/><F104/><W88/><REACH who="3" step="1"/><G22/><REACH who="3" ten="250,240,250,240" step="2"/><T135/><D135/><U127/><E127/><V77/><F77/><W132/><G132/><T93/><D126/><U8/><AGARI ba="0,2" hai="5,8,12,15,18,21,41,45,51,60,67,70,108,110" machi="8" ten="30,7900,0" yaku="1,1,0,1,52,1,53,1" doraHai="14" doraHaiUra="3" who="1" fromWho="1" sc="250,-39,240,99,250,-20,240,-20" /><INIT seed="1,0,0,3,3,52" ten="211,339,230,220" oya="1" hai0="56,65,128,63,20,10,3,88,39,108,130,50,101" hai1="98,60,35,9,78,55,119,64,104,62,115,48,129" hai2="4,75,31,27,97,122,67,69,111,32,49,83,103" hai3="77,33,7,84,112,87,96,132,110,53,81,114,29"/><U42/><E119/><V2/><F49/><W127/><G7/><N who="0" m="1407" /><D39/><U109/><E35/><V135/><F122/><W66/><G66/><T13/><D101/><U47/><E78/><N who="2" m="44511" /><F111/><W100/><G110/><T120/><D108/><U54/><E109/><V30/><F31/><W89/><G127/><T90/><D50/><U131/><E9/><V105/><F135/><W72/><G132/><T91/><D120/><U37/><E98/><V74/><F74/><W79/><G29/><T0/><D0/><U85/><E85/><V125/><F125/><W41/><G41/><T82/><D82/><U46/><E104/><V6/><F2/><W23/><G33/><T118/><D118/><U102/><E102/><V28/><F28/><W8/><G72/><T34/><D34/><U80/><E80/><V45/><F45/><W76/><G114/><T40/><D40/><U99/><E99/><V116/><F116/><W73/><G112/><T70/><D70/><N who="1" m="42247" /><E115/><V86/><F86/><W16/><G73/><T121/><D121/><U14/><E14/><V43/><F43/><W25/><G84/><T18/><D91/><U92/><E92/><V57/><F57/><AGARI ba="0,0" hai="37,42,46,47,48,54,55,57,62,129,131" m="42247" machi="57" ten="30,5800,0" yaku="34,2,52,1" doraHai="52" who="1" fromWho="2" sc="211,0,339,58,230,-58,220,0" /><INIT seed="1,1,0,4,5,43" ten="211,397,172,220" oya="1" hai0="11,119,0,128,66,14,29,50,36,99,102,108,21" hai1="60,32,69,63,106,135,82,111,87,4,94,93,23" hai2="62,112,30,47,127,80,88,120,105,35,126,59,116" hai3="91,18,73,6,67,103,56,71,49,10,70,122,100"/><U5/><E32/><V26/><F116/><W98/><G73/><T118/><D36/><U134/><E106/><V17/><F120/><W64/><G122/><T124/><D66/><U2/><E23/><V89/><F105/><W79/><G18/><T58/><D108/><U96/><E111/><V33/><F33/><W85/><G79/><T28/><D0/><U107/><E107/><V19/><F112/><W86/><G98/><T78/><D78/><U25/><E25/><V15/><F17/><W27/><G27/><T46/><D58/><U129/><E129/><V123/><F123/><W7/><G56/><T22/><D128/><U101/><E94/><V16/><F19/><W24/><G24/><T1/><D1/><U42/><E42/><V95/><F80/><W130/><G49/><T84/><D22/><U48/><E48/><V45/><F59/><W44/><G91/><N who="2" m="34889" /><F95/><W131/><REACH who="3" step="1"/><G10/><REACH who="3" ten="211,397,172,210" step="2"/><T40/><D118/><U109/><E109/><V72/><F72/><W90/><G90/><T57/><D119/><U74/><E96/><V77/><F77/><W38/><G38/><T68/><D11/><U13/><E74/><V75/><F75/><W61/><G61/><T110/><D57/><U117/><E63/><V9/><F62/><W34/><G34/><T83/><D50/><U39/><E60/><V125/><AGARI ba="1,1" hai="9,15,16,26,30,35,45,47,125,126,127" m="34889" machi="125" ten="40,8000,1" yaku="18,1,52,2,54,2" doraHai="43" who="2" fromWho="2" sc="211,-21,397,-41,172,93,210,-21" /><INIT seed="2,0,0,4,0,75" ten="190,356,265,189" oya="2" hai0="3,62,98,23,52,120,4,68,20,40,22,12,124" hai1="78,103,7,18,54,122,102,114,128,2,38,47,97" hai2="41,130,10,73,115,61,69,1,118,6,17,25,101" hai3="110,35,30,15,8,86,66,135,37,100,28,0,121"/><V31/><F115/><W27/><G37/><T117/><D120/><U13/><E114/><V65/><F118/><W105/><G121/><T55/><D3/><U85/><E2/><V67/><F130/><W5/><G110/><T106/><D117/><U109/><E7/><V107/><F67/><W26/><G135/><T11/><D40/><U81/><E109/><V116/><F17/><W91/><G66/><T127/><D68/><U72/><E128/><V34/><F41/><W29/><G105/><T134/><D134/><U58/><E72/><V87/><F87/><W16/><G100/><N who="0" m="62743" /><D62/><U49/><E122/><V56/><F56/><W42/><G42/><T131/><D131/><U44/><E38/><V48/><F48/><W92/><REACH who="3" step="1"/><G27/><REACH who="3" ten="190,356,265,179" step="2"/><T24/><D24/><U83/><E103/><V95/><F116/><W51/><G51/><T79/><D79/><U89/><E89/><V70/><F25/><W94/><G94/><T76/><D76/><U19/><E83/><V39/><F95/><W43/><G43/><T123/><D123/><U96/><E102/><V57/><F101/><W90/><G90/><T63/><D63/><U133/><E133/><V46/><F107/><W126/><G126/><AGARI ba="0,1" hai="4,11,12,20,22,23,52,55,124,126,127" m="62743" machi="126" ten="30,2000,0" yaku="18,1,54,1" doraHai="75" who="0" fromWho="3" sc="190,30,356,0,265,0,179,-20" /><INIT seed="3,0,0,0,3,39" ten="220,356,265,159" oya="3" hai0="75,47,56,54,78,15,60,34,131,114,87,127,90" hai1="112,84,67,24,3,57,106,111,132,122,93,83,130" hai2="103,96,70,72,71,33,11,48,77,126,98,35,27" hai3="120,89,135,65,128,58,18,23,105,82,62,66,31"/><W73/><G105/><T38/><D34/><U95/><E106/><V133/><F48/><W8/><G120/><T121/><D121/><U68/><E68/><V40/><F11/><W69/><G128/><T97/><D131/><U118/><E3/><V107/><F27/><W124/><G135/><T102/><D127/><U108/><E112/><V41/><F107/><W50/><G124/><T16/><D75/><U13/><E118/><V79/><F126/><W64/><G31/><T61/><D78/><U17/><E24/><V21/><F21/><W25/><G8/><T116/><D116/><U36/><E36/><V99/><F99/><W32/><G32/><T26/><D26/><U7/><E7/><V101/><F72/><W45/><G69/><T53/><D114/><U100/><E100/><V46/><F46/><W2/><G2/><T5/><D5/><U29/><E29/><V12/><F12/><W85/><REACH who="3" step="1"/><G73/><REACH who="3" ten="220,356,265,149" step="2"/><T22/><D22/><U43/><E130/><V92/><F133/><W51/><G51/><T119/><D119/><U123/><E132/><V129/><F129/><W94/><G94/><AGARI ba="0,1" hai="33,35,40,41,70,71,77,79,92,94,96,98,101,103" machi="94" ten="25,6400,0" yaku="22,2,52,2" doraHai="39" who="2" fromWho="3" sc="220,0,356,0,265,74,149,-64" owari="220,-18.0,356,45.6,339,13.9,85,-41.5" /></mjloggm>