<mjloggm ver="2.3"><GO type="225" lobby="0"/><UN n0="%E5%B0%8F%E9%B3%A5%E9%81%8A%E7%B7%B4%E7%84%A1%32%31%E6%AD%B3" n1="%4E%6F%2E%30%30%30%31" n2="%E3%82%BF%E3%83%BC%E3%83%90%E3%83%B3%E9%87%8E%E5%8F%A3" n3="%E5%A4%8F%E9%88%B4%E9%88%B4%E5%A4%8F" dan="16,19,16,16" rate="2161.29,2228.35,2127.92,2127.32" sx="F,M,M,M"/><TAIKYOKU oya="0"/><INIT seed="0,0,0,2,2,28" ten="250,250,250,250" oya="0" hai0="88,11,80,77,85,81,134,50,17,71,126,121,56" hai1="75,83,94,34,115,21,38,7,65,107,99,5,55" hai2="114,48,103,18,49,79,60,41,119,64,89,72,111" hai3="23,90,27,102,100,108,95,46,59,32,24,106,33"/><T20/><D121/><U91/><E34/><V62/><F114/><W10/><G108/><T4/><D134/><U113/><E38/><V76/><F103/><W8/><G46/><T86/><D71/><U93/><E107/><V120/><F89/><W101/><G106/><T19/><D20/><U84/><E65/><V66/><F18/><W122/><G122/><T2/><REACH who="0" step="1"/><D126/><REACH who="0" ten="240,250,250,250" step="2"/><U57/><E21/><V109/><F120/><W6/><G24/><T3/><D3/><U14/><E113/><V40/><REACH who="2" step="1"/><F72/><REACH who="2" ten="240,250,240,250" step="2"/><W30/><G30/><T36/><D36/><U51/><E75/><V125/><F125/><W92/><G101/><T69/><D69/><U73/><E73/><V16/><F16/><W13/><G100/><T26/><D26/><U110/><E115/><V15/><F15/><W42/><G102/><T39/><D39/><U67/><E14/><V31/><F31/><W127/><G127/><T52/><AGARI ba="0,2" hai="2,4,11,17,19,50,52,56,77,80,81,85,86,88" machi="52" ten="30,11700,0" yaku="1,1,0,1,54,2,53,0" doraHai="28" doraHaiUra="43" who="0" fromWho="0" sc="240,137,250,-39,240,-39,250,-39" /><INIT seed="0,1,0,3,0,18" ten="377,211,201,211" oya="0" hai0="134,95,118,35,70,66,92,107,98,67,124,117,105" hai1="5,8,133,54,59,85,128,48,126,94,12,80,100" hai2="50,112,89,86,84,81,114,68,42,21,32,56,93" hai3="115,43,63,25,62,23,102,10,46,28,132,116,99"/><T69/><D35/><U130/><E126/><V1/><F68/><W74/><G115/><T97/><REACH who="0" step="1"/><D124/><REACH who="0" ten="367,211,201,211" step="2"/><U61/><E133/><AGARI ba="1,1" hai="66,67,69,70,92,95,97,98,105,107,117,118,133,134" machi="133" ten="25,9600,0" yaku="1,1,2,1,22,2,53,0" doraHai="18" doraHaiUra="96" who="0" fromWho="1" sc="367,109,211,-99,201,0,211,0" /><INIT seed="0,2,0,1,1,12" ten="476,112,201,211" oya="0" hai0="26,67,68,1,130,106,126,5,81,79,111,40,100" hai1="82,22,62,135,2,105,103,61,76,14,132,36,9" hai2="88,117,63,18,34,19,3,13,89,65,134,7,85" hai3="110,120,114,122,0,57,29,32,112,125,104,108,74"/><T101/><D126/><U119/><E119/><V23/><F34/><W80/><G104/><T86/><D130/><U92/><E36/><V75/><F75/><W73/><G57/><T8/><D111/><N who="3" m="42537" /><G0/><T87/><D106/><U44/><E105/><V33/><F33/><W121/><G125/><T51/><D86/><U45/><E2/><V84/><F134/><N who="1" m="51241" /><E22/><N who="2" m="11599" /><F3/><W27/><G80/><T55/><D40/><U47/><E92/><V109/><F117/><W83/><G83/><T118/><D118/><U21/><E21/><V31/><F31/><W4/><G4/><T70/><D26/><U66/><E103/><V129/><F7/><W123/><N who="3" m="30720" /><DORA hai="124" /><W25/><G27/><T90/><D90/><N who="2" m="34922" /><F129/><W59/><G59/><T11/><D70/><U107/><E107/><V24/><F109/><W113/><AGARI ba="2,0" hai="25,29,32,73,74,112,113,114" m="30720,42537" machi="113" ten="70,8000,1" yaku="14,1,13,1,23,1" doraHai="12,124" who="3" fromWho="3" sc="476,-42,112,-22,201,-22,211,86" /><INIT seed="1,0,0,3,5,96" ten="434,90,179,297" oya="1" hai0="90,113,3,55,76,38,44,115,36,92,105,4,57" hai1="60,23,30,84,51,107,110,95,18,116,5,1,6" hai2="69,0,54,125,67,124,32,130,83,15,20,100,48" hai3="47,111,35,46,108,106,22,43,86,102,19,129,28"/><U93/><E116/><V45/><F0/><W88/><G129/><T17/><D76/><U81/><E107/><V62/><F32/><W78/><G78/><T50/><D105/><U70/><E30/><V34/><F34/><W118/><G118/><T114/><D17/><U41/><E110/><N who="3" m="42026" /><G35/><T122/><D122/><U127/><E127/><N who="2" m="48715" /><F130/><W85/><G28/><T74/><D74/><U8/><E6/><V61/><F61/><W128/><G128/><T101/><D101/><U72/><E72/><V134/><F134/><W77/><G77/><T24/><D24/><U52/><E41/><V99/><F83/><N who="3" m="49215" /><G86/><T71/><D71/><U27/><E70/><V29/><F29/><W80/><G80/><T119/><D119/><U16/><E60/><V66/><F66/><W126/><G126/><T7/><D3/><U42/><E42/><V135/><F135/><W75/><G75/><T64/><D64/><U2/><E2/><V123/><F123/><W73/><G43/><T103/><D114/><U104/><E104/><N who="2" m="63519" /><F15/><N who="3" m="9599" /><G73/><T109/><D115/><U120/><E120/><V53/><F20/><W65/><G65/><T26/><D113/><U56/><REACH who="1" step="1"/><E18/><REACH who="1" ten="434,80,179,297" step="2"/><V25/><F54/><W79/><G79/><AGARI ba="0,1" hai="1,5,8,16,23,27,51,52,56,79,81,84,93,95" machi="79" ten="30,18000,2" yaku="1,1,2,1,7,1,54,2,53,1" doraHai="96" doraHaiUra="49" who="1" fromWho="3" sc="434,0,80,190,179,0,297,-180" /><INIT seed="1,1,0,5,2,103" ten="434,270,179,117" oya="1" hai0="4,55,104,66,54,41,88,117,123,115,126,63,118" hai1="108,0,52,114,28,20,64,129,84,1,68,105,42" hai2="93,3,98,113,72,60,110,11,34,31,90,87,9" hai3="58,132,38,40,134,85,127,44,7,75,70,121,109"/><U51/><E114/><V82/><F110/><W133/><G75/><T116/><D115/><U19/><E129/><V78/><F113/><W50/><G109/><T91/><D126/><U53/><E108/><V89/><F3/><W30/><G127/><T17/><D4/><U13/><E42/><V74/><F74/><W33/><G121/><T39/><D17/><U96/><E28/><V120/><F120/><W61/><G7/><T107/><D123/><U32/><E32/><V95/><REACH who="2" step="1"/><F60/><REACH who="2" ten="434,270,169,117" step="2"/><W18/><G70/><T94/><D63/><U10/><E0/><V43/><F43/><W100/><G38/><T125/><D41/><U6/><E68/><V67/><F67/><W76/><G61/><T29/><D66/><U106/><E64/><V135/><F135/><W122/><G122/><T119/><D39/><U99/><E53/><V59/><F59/><W36/><G58/><T21/><D118/><U56/><REACH who="1" step="1"/><E84/><REACH who="1" ten="434,260,169,117" step="2"/><V46/><F46/><W27/><G36/><T47/><D47/><U49/><E49/><V8/><F8/><W2/><G2/><T83/><D54/><U23/><E23/><V97/><F97/><AGARI ba="1,2" hai="1,6,10,13,19,20,51,52,56,96,97,99,105,106" machi="97" ten="40,12000,1" yaku="1,1,52,2,54,1,53,0" doraHai="103" doraHaiUra="131" who="1" fromWho="2" sc="434,0,260,143,169,-123,117,0" /><INIT seed="1,2,0,2,5,46" ten="434,403,46,117" oya="1" hai0="92,82,49,5,25,78,47,129,59,54,101,86,126" hai1="52,27,51,106,1,98,61,0,91,84,18,120,57" hai2="125,48,93,37,58,76,63,71,30,118,135,2,42" hai3="104,7,66,119,32,114,100,44,80,35,123,87,127"/><U19/><E120/><V132/><F2/><W70/><G114/><T113/><D113/><U131/><E131/><V69/><F30/><W26/><G123/><T15/><D126/><U4/><E4/><V79/><F76/><W88/><G127/><T117/><D117/><U28/><E0/><V72/><F72/><W107/><G119/><T112/><D25/><U21/><E1/><V124/><F93/><W81/><G7/><T13/><D129/><U17/><E106/><V73/><F79/><W95/><G44/><T105/><D105/><U56/><E98/><V102/><F102/><W109/><G109/><T90/><D101/><U55/><E28/><V68/><F73/><W29/><G35/><T99/><D5/><U40/><E40/><V85/><F85/><W31/><G31/><T39/><D112/><U116/><E116/><V96/><F96/><N who="3" m="61447" /><G107/><T10/><D10/><U11/><E11/><V121/><F121/><W108/><G108/><T122/><D122/><U33/><E33/><V36/><F118/><W67/><G67/><T43/><AGARI ba="2,0" hai="13,15,39,43,47,49,54,59,78,82,86,90,92,99" machi="43" ten="30,2000,0" yaku="0,1,52,1" doraHai="46" who="0" fromWho="0" sc="434,26,403,-12,46,-7,117,-7" /><INIT seed="2,0,0,3,2,32" ten="460,391,39,110" oya="2" hai0="119,19,3,65,123,39,34,89,100,79,36,85,6" hai1="5,105,33,24,129,51,132,110,125,17,97,113,111" hai2="103,118,109,59,23,14,87,130,0,133,91,27,124" hai3="12,126,2,77,114,29,131,104,134,107,86,8,117"/><V74/><F74/><W78/><G117/><T31/><D123/><U16/><E113/><V72/><F118/><W115/><G126/><T92/><D119/><U102/><E125/><V4/><F72/><W64/><G134/><T44/><D79/><N who="3" m="30217" /><G131/><T76/><D65/><U35/><E129/><V128/><F124/><W90/><G29/><T40/><D76/><U45/><E132/><V80/><F133/><W58/><G2/><T108/><D108/><N who="1" m="41515" /><E5/><V82/><F109/><W10/><G58/><T62/><D100/><U43/><E33/><V112/><F112/><N who="3" m="43051" /><G64/><T25/><D6/><U53/><E43/><V18/><F0/><W49/><G49/><T70/><D39/><U94/><E105/><N who="3" m="40522" /><G12/><T88/><D19/><U60/><E60/><V41/><F41/><W61/><G61/><T121/><D121/><U101/><E101/><V56/><F103/><W22/><G22/><T122/><D122/><U42/><E42/><V95/><F128/><W48/><G48/><T54/><D62/><U68/><E68/><V81/><REACH who="2" step="1"/><F130/><REACH who="2" ten="460,391,29,110" step="2"/><W47/><G47/><T99/><D44/><U106/><E106/><V135/><F135/><W55/><G55/><T28/><D54/><U21/><E53/><V84/><F84/><W116/><G116/><T46/><D85/><U66/><E45/><V83/><N who="2" m="20480" /><DORA hai="93" /><V71/><F71/><W20/><G20/><T50/><D70/><U120/><E21/><V57/><F57/><W73/><G73/><T7/><D40/><U67/><E35/><V52/><F52/><W96/><G86/><T69/><D34/><U75/><E75/><RYUUKYOKU ba="0,1" sc="460,-15,391,-15,29,15,110,15" hai2="4,14,18,23,27,56,59,87,91,95" hai3="8,10,90,96" /><INIT seed="2,1,1,4,2,130" ten="445,376,44,125" oya="2" hai0="41,16,77,38,119,53,78,21,51,43,89,2,81" hai1="88,108,42,73,32,8,25,97,4,131,135,15,1" hai2="58,11,49,92,7,79,128,105,83,123,84,102,110" hai3="94,6,13,66,96,68,50,24,3,23,115,64,75"/><V52/><F123/><W103/><G75/><T65/><D2/><U125/><E73/><V18/><F128/><W46/><G3/><T57/><D119/><U104/><E131/><V72/><F110/><W106/><G106/><T70/><D38/><U37/><E108/><V33/><F33/><W56/><G68/><T127/><D127/><U59/><E125/><V26/><F105/><W63/><G115/><T76/><D65/><U90/><E59/><V134/><F134/><W95/><G95/><T36/><D36/><U132/><E15/><V124/><F124/><W20/><G66/><T74/><D70/><U45/><E104/><V85/><F26/><W107/><G107/><T29/><D29/><N who="1" m="19503" /><E97/><V114/><F18/><W47/><G24/><N who="0" m="14375" /><D74/><U133/><AGARI ba="1,1" hai="1,4,8,37,42,45,88,90,132,133,135" m="19503" machi="133" ten="30,8000,1" yaku="20,1,52,3,54,1" doraHai="130" who="1" fromWho="1" sc="445,-21,376,93,44,-41,125,-21" /><INIT seed="3,0,0,1,4,32" ten="424,469,3,104" oya="3" hai0="77,29,126,97,106,61,7,78,5,68,90,120,72" hai1="62,41,133,50,9,36,69,45,115,108,86,21,1" hai2="19,73,43,14,44,16,8,59,88,71,109,75,128" hai3="51,65,98,85,15,30,79,116,49,134,58,96,104"/><W18/><G116/><T25/><D126/><U42/><E115/><V10/><F71/><W105/><G30/><T63/><D120/><U124/><E86/><V118/><F109/><W3/><G3/><T64/><D63/><U23/><E133/><V82/><F128/><W101/><G134/><T28/><D28/><U67/><E108/><V13/><F118/><W56/><G85/><T122/><D90/><U125/><E41/><V131/><F131/><W48/><G79/><T89/><D89/><U6/><E50/><V40/><F40/><W39/><G65/><T135/><D135/><U12/><E12/><V0/><F0/><W52/><G39/><T38/><D38/><U100/><E100/><V99/><F59/><W81/><G81/><T26/><D26/><U107/><E107/><V87/><F99/><W35/><G35/><T110/><D110/><U123/><E123/><V70/><F70/><W20/><G58/><T113/><D113/><U31/><E31/><V74/><F74/><W66/><G66/><T91/><D122/><U57/><E57/><V84/><F84/><W54/><G56/><T4/><D72/><U117/><E117/><V11/><F11/><W46/><G54/><T27/><D27/><U47/><E45/><V37/><AGARI ba="0,0" hai="8,10,13,14,16,19,37,43,44,73,75,82,87,88" machi="37" ten="20,8000,1" yaku="0,1,7,1,9,1,54,2" doraHai="32" who="2" fromWho="2" sc="424,-20,469,-20,3,80,104,-40" owari="404,20.4,449,54.9,83,-31.7,64,-43.6" /></mjloggm>