<mjloggm ver="2.3"><GO type="225" lobby="0"/><UN n0="%E3%81%82%E3%81%B9%E3%81%99%E3%81%91" n1="%53%61%63%68%69%30%34" n2="%E3%82%BD%E3%83%83%E3%82%AF%E3%82%B9%E2%99%AA" n3="%73%6C%69%63%6B%33%31%39" dan="16,16,16,16" rate="2120.25,2070.67,2065.70,2111.01" sx="M,M,M,M"/><TAIKYOKU oya="0"/><INIT seed="0,0,0,4,5,37" ten="250,250,250,250" oya="0" hai0="64,68,119,90,75,22,70,104,87,44,121,129,66" hai1="97,115,25,49,110,111,60,78,84,130,96,69,86" hai2="127,6,71,23,88,81,134,107,56,3,125,116,117" hai3="10,118,34,2,11,31,61,103,30,122,18,41,85"/><T106/><D119/><N who="2" m="45642" /><F71/><W112/><G118/><T92/><D121/><U1/><E1/><V0/><F107/><W12/><G112/><T108/><D75/><U113/><E130/><V50/><F134/><W123/><G103/><T52/><D106/><U58/><E69/><V72/><F23/><N who="3" m="11719" /><G85/><N who="1" m="32874" /><E25/><V131/><F131/><W94/><G94/><T62/><D66/><N who="1" m="39191" /><E49/><V80/><F88/><W95/><G95/><T9/><D70/><U132/><E78/><N who="2" m="44103" /><F81/><W33/><G61/><T124/><D62/><U133/><E96/><V53/><F6/><N who="3" m="1367" /><G41/><T82/><D104/><U24/><E97/><V74/><F74/><W42/><G42/><T135/><D68/><U15/><E115/><V59/><F59/><W83/><G83/><T38/><D129/><U77/><E113/><V54/><F54/><W128/><G128/><T105/><D82/><U109/><E77/><V39/><F39/><W21/><G123/><T120/><D38/><U27/><E133/><V48/><F48/><W47/><G47/><T73/><D105/><U29/><E132/><V19/><F0/><W5/><G122/><T45/><D120/><U35/><E110/><V51/><F3/><N who="3" m="447" /><G21/><T43/><D135/><U101/><E101/><V76/><F76/><W99/><G99/><T79/><D79/><U57/><E111/><V28/><F51/><W89/><G89/><T67/><D108/><U16/><E109/><V32/><F50/><W65/><G65/><T91/><D73/><U14/><E57/><V126/><F56/><W98/><G98/><T40/><D67/><U102/><E102/><V4/><F53/><RYUUKYOKU ba="0,0" sc="250,-15,250,15,250,-15,250,15" hai1="14,15,16,24,27,29,35" hai3="30,31,33,34" /><INIT seed="1,1,0,2,1,49" ten="235,265,235,265" oya="1" hai0="60,23,98,124,108,20,101,50,106,120,80,19,96" hai1="28,27,69,66,9,42,114,128,122,76,133,79,95" hai2="2,111,97,75,84,52,12,65,0,13,82,83,112" hai3="77,40,11,30,105,119,123,18,45,74,130,110,58"/><U63/><E114/><V61/><F111/><W47/><G123/><T71/><D108/><U85/><E122/><V126/><F126/><W14/><G110/><T109/><D109/><U33/><E128/><V44/><F112/><W53/><G105/><T113/><D120/><U21/><E133/><V39/><F75/><W64/><G130/><T135/><D113/><U57/><E9/><V100/><F2/><W35/><G64/><T115/><D124/><U70/><E42/><V29/><F29/><W91/><G119/><T24/><D80/><U46/><E46/><V43/><F0/><W1/><G1/><T34/><D34/><U68/><REACH who="1" step="1"/><E33/><REACH who="1" ten="235,255,235,265" step="2"/><V117/><F117/><W48/><G45/><T102/><D135/><U116/><E116/><V107/><F43/><W37/><G35/><T10/><D115/><U81/><E81/><V4/><F82/><W36/><G47/><T134/><D10/><U38/><E38/><V90/><F39/><W56/><G40/><T89/><D134/><U92/><E92/><V104/><F104/><W88/><G37/><T93/><D106/><U129/><E129/><V99/><F107/><W26/><G36/><T94/><D93/><U32/><E32/><V127/><F127/><W15/><G11/><T72/><D94/><U7/><E7/><V17/><F4/><W67/><G58/><T41/><D41/><U118/><E118/><V6/><F6/><W87/><G56/><T8/><D8/><U125/><E125/><V54/><F44/><W103/><G74/><T5/><D5/><U59/><E59/><N who="2" m="37055" /><F83/><W25/><G77/><RYUUKYOKU ba="1,1" sc="235,-10,255,30,235,-10,265,-10" hai1="21,27,28,57,63,66,68,69,70,76,79,85,95" /><INIT seed="1,2,1,4,1,60" ten="225,285,225,255" oya="1" hai0="86,23,29,97,79,59,88,0,127,39,11,20,70" hai1="82,69,6,107,26,46,90,108,116,58,131,51,122" hai2="114,111,71,22,13,92,14,81,62,78,66,36,132" hai3="41,34,10,49,99,17,38,37,74,95,40,102,16"/><U53/><E116/><V103/><F111/><W121/><G121/><T84/><D70/><U64/><E122/><V73/><F132/><W123/><G123/><T42/><D127/><U135/><E107/><V44/><F114/><W65/><G74/><T61/><D39/><U118/><E118/><V124/><F124/><W21/><G34/><T35/><D42/><U100/><E100/><V125/><F125/><W54/><G65/><N who="0" m="39103" /><D35/><U30/><E69/><V33/><F33/><W68/><G68/><T113/><D0/><U5/><E131/><V9/><F22/><N who="0" m="8234" /><D11/><U134/><E108/><V56/><F71/><W24/><G38/><T2/><D2/><U52/><E134/><V67/><F67/><W72/><G72/><T4/><D4/><U87/><E64/><V85/><F73/><W94/><G37/><T129/><D129/><U115/><E115/><V12/><F36/><W119/><G119/><T98/><D29/><U8/><E8/><V109/><F109/><W106/><G17/><T128/><D128/><U77/><E5/><N who="2" m="3119" /><F44/><W96/><G10/><T32/><D32/><N who="1" m="20567" /><E135/><V76/><F76/><W18/><G18/><T50/><D113/><U93/><E6/><V126/><F126/><W117/><G117/><T91/><D79/><U48/><E77/><V1/><F1/><W19/><G19/><T25/><D25/><U63/><E46/><V83/><F83/><W133/><G133/><T112/><D112/><U3/><E3/><V120/><F120/><W101/><G106/><T104/><D104/><U57/><E82/><V15/><F103/><W80/><G80/><RYUUKYOKU ba="2,1" sc="225,-30,285,10,225,10,255,10" hai1="48,51,52,53,57,58,63,87,90,93" hai2="13,14,15,56,62,66,78,81,85,92" hai3="16,21,24,40,41,49,54,94,95,96,99,101,102" /><INIT seed="1,3,1,0,5,42" ten="195,295,235,265" oya="1" hai0="90,6,74,10,62,73,66,1,111,23,94,135,19" hai1="69,108,72,14,2,60,36,129,106,86,119,11,39" hai2="16,84,0,30,75,9,126,65,55,110,41,82,133" hai3="125,13,96,100,91,58,48,95,103,12,56,50,104"/><U80/><E119/><V22/><F110/><W57/><G125/><T4/><D111/><U92/><E106/><V8/><F133/><W3/><G3/><T21/><D6/><U40/><E108/><V81/><F126/><W117/><G117/><T52/><D135/><U27/><E2/><V32/><F65/><W134/><G134/><T35/><D35/><U49/><E72/><V45/><F55/><W63/><G63/><T113/><D113/><U109/><E92/><V78/><F30/><W128/><G128/><T98/><D52/><U107/><E27/><V83/><F83/><W131/><G131/><T127/><D127/><U114/><E107/><V61/><F61/><W64/><G64/><T28/><D28/><U88/><E129/><V18/><F18/><W77/><G77/><T44/><D44/><U34/><E34/><V70/><F70/><W89/><G89/><T68/><REACH who="0" step="1"/><D23/><REACH who="0" ten="185,295,235,265" step="2"/><U25/><E114/><V101/><F32/><W31/><G31/><T121/><D121/><U112/><E112/><V93/><F22/><W122/><G122/><T20/><D20/><U17/><E109/><V7/><F7/><W51/><REACH who="3" step="1"/><G103/><REACH who="3" ten="185,295,235,255" step="2"/><T47/><D47/><U115/><E115/><V120/><F120/><W5/><G5/><T71/><D71/><U97/><E60/><V130/><F130/><W79/><G79/><T59/><D59/><U67/><E69/><V38/><F101/><W105/><G105/><T123/><D123/><U99/><E67/><V15/><F78/><W54/><G54/><T29/><D29/><U33/><E17/><N who="2" m="8423" /><F45/><W37/><G37/><RYUUKYOKU ba="3,3" sc="185,15,295,-15,235,-15,255,15" hai0="1,4,10,19,21,62,66,68,73,74,90,94,98" hai3="12,13,48,50,51,56,57,58,91,95,96,100,104" /><INIT seed="2,4,3,1,1,50" ten="200,280,220,270" oya="2" hai0="77,127,67,45,14,6,19,49,59,107,116,94,72" hai1="44,32,38,47,101,93,17,71,79,125,70,15,109" hai2="92,62,114,0,29,74,60,13,55,1,99,52,22" hai3="63,120,34,121,91,117,57,84,2,135,88,54,40"/><V65/><F114/><W89/><G117/><T103/><D107/><U96/><E32/><V112/><F112/><W10/><G34/><T76/><D127/><U64/><E125/><V35/><F74/><W82/><G135/><T69/><D69/><U4/><E71/><V118/><F118/><W31/><G31/><T8/><D6/><U61/><E38/><V41/><F41/><W90/><REACH who="3" step="1"/><G40/><REACH who="3" ten="200,280,220,260" step="2"/><N who="0" m="24743" /><D116/><U7/><E109/><V85/><F35/><W98/><G98/><N who="0" m="59863" /><D72/><U132/><E132/><V37/><F29/><W100/><G100/><T122/><D122/><U28/><E28/><V56/><F99/><W21/><G21/><T126/><D126/><U130/><E96/><V83/><F22/><W104/><G104/><T80/><D80/><U20/><E20/><V87/><F83/><W111/><G111/><T73/><D73/><U33/><E33/><V3/><F92/><W119/><G119/><T18/><D18/><U128/><E17/><V24/><F87/><W66/><G66/><T113/><D113/><U95/><E64/><V23/><F85/><W27/><G27/><T108/><D108/><U123/><E95/><V42/><F24/><W134/><G134/><T43/><D43/><U46/><E93/><V75/><F75/><W78/><G78/><T39/><D39/><U110/><E79/><V12/><F65/><W106/><G106/><T9/><D9/><U115/><E110/><V30/><F30/><W36/><G36/><T102/><D102/><U133/><E101/><V131/><F37/><W105/><G105/><T97/><D97/><U51/><E133/><RYUUKYOKU ba="4,4" sc="200,15,280,-15,220,-15,260,15" hai0="8,14,19,59,67,76,77" hai3="2,10,54,57,63,82,84,88,89,90,91,120,121" /><INIT seed="3,5,4,0,1,94" ten="215,265,205,275" oya="3" hai0="75,12,119,43,44,34,95,1,8,10,52,70,37" hai1="6,25,29,105,16,54,132,5,113,47,28,0,109" hai2="130,84,134,88,67,111,78,102,71,38,86,18,133" hai3="24,124,131,65,116,61,112,19,20,23,64,123,36"/><W100/><G112/><T83/><D119/><U74/><E74/><V66/><F111/><W99/><G116/><T22/><D34/><U13/><E113/><V21/><F130/><W62/><G123/><T45/><D70/><U30/><E105/><V117/><F117/><W60/><G36/><T39/><D1/><U121/><E121/><V33/><F102/><W11/><G131/><T58/><D95/><U42/><E109/><V57/><F71/><W115/><G115/><T108/><D108/><U4/><E0/><V90/><F78/><W82/><G124/><T106/><D106/><U135/><E54/><V69/><F69/><W128/><G128/><T120/><D75/><U118/><E25/><N who="2" m="14519" /><F33/><W96/><G11/><T51/><D120/><U59/><E59/><V104/><F38/><W122/><G122/><T114/><D114/><U72/><E72/><V129/><F104/><W110/><G110/><T15/><D83/><U48/><REACH who="1" step="1"/><E118/><REACH who="1" ten="215,255,205,275" step="2"/><V77/><F129/><W41/><G41/><T31/><D43/><U2/><E2/><V97/><F57/><W46/><G64/><N who="2" m="24617" /><F77/><W98/><G65/><T14/><D58/><U3/><E3/><V9/><F9/><AGARI ba="5,5" hai="4,5,6,9,13,16,28,29,30,42,47,48,132,135" machi="9" ten="40,2600,0" yaku="1,1,54,1,53,0" doraHai="94" doraHaiUra="73" who="1" fromWho="2" sc="215,0,255,91,205,-41,275,0" owari="215,-18.5,346,44.6,164,-33.6,275,7.5" /></mjloggm>