<mjloggm ver="2.3"><GO type="225" lobby="0"/><UN n0="%E3%81%BF%E3%81%BF%E3%81%9A" n1="%E9%B3%B3%E6%9D%B1%E3%81%AE%E3%81%BF%E3%81%91%E3%81%AB%E3%82%83%E3%82%93" n2="%E3%81%A9%E3%82%8F%E3%82%93%E3%81%94" n3="%E6%B4%BE%E9%81%A3%E3%81%AE%E3%82%B8%E3%83%A3%E3%83%83%E3%82%AF" dan="16,17,16,17" rate="2158.96,2133.06,2077.14,2189.70" sx="M,F,M,M"/><TAIKYOKU oya="0"/><INIT seed="0,0,0,1,1,82" ten="250,250,250,250" oya="0" hai0="58,18,85,39,72,133,31,45,134,117,86,2,11" hai1="75,121,90,17,66,110,99,94,103,122,118,73,50" hai2="101,60,97,78,64,135,19,71,69,115,95,49,8" hai3="74,36,20,3,52,27,44,10,16,37,68,106,24"/><T65/><D117/><U96/><E118/><V116/><F135/><N who="0" m="51722" /><D72/><N who="1" m="27723" /><E50/><V91/><F115/><W54/><G106/><T32/><D31/><U63/><E17/><V62/><F78/><W7/><G68/><T129/><D32/><U42/><E42/><V9/><F116/><W1/><G1/><T124/><D129/><U41/><E41/><V48/><F101/><W130/><G130/><T34/><D34/><U84/><E63/><V40/><F19/><W55/><G74/><T111/><D124/><U109/><E66/><V77/><F77/><W13/><REACH who="3" step="1"/><G44/><REACH who="3" ten="250,250,250,240" step="2"/><T46/><D46/><U57/><E57/><V12/><F71/><W35/><G35/><T67/><D58/><U26/><E121/><V131/><F131/><W120/><G120/><T132/><D132/><U89/><E122/><V56/><F69/><W104/><G104/><T59/><D111/><U123/><E123/><V114/><F56/><W43/><G43/><N who="0" m="22783" /><D2/><U30/><E109/><V112/><F40/><W25/><AGARI ba="0,1" hai="3,7,10,13,16,20,24,25,27,36,37,52,54,55" machi="25" ten="30,7900,0" yaku="1,1,0,1,54,2,53,0" doraHai="82" doraHaiUra="29" who="3" fromWho="3" sc="250,-39,250,-20,250,-20,240,89" /><INIT seed="1,0,0,1,0,53" ten="211,230,230,329" oya="1" hai0="80,36,91,118,24,134,48,133,98,75,130,42,2" hai1="30,110,47,16,12,57,70,46,62,37,105,66,99" hai2="27,9,135,8,15,85,5,111,100,11,121,64,29" hai3="20,21,1,73,45,87,86,0,38,32,119,51,90"/><U116/><E116/><V88/><F111/><W132/><G73/><T117/><D2/><U55/><E110/><V19/><F135/><N who="0" m="51722" /><D36/><U7/><E7/><V74/><F74/><W26/><G38/><T61/><D24/><U114/><E114/><V125/><F125/><W92/><G32/><T127/><D42/><U106/><E30/><V4/><F100/><W44/><G119/><N who="0" m="45579" /><D48/><N who="1" m="30951" /><E99/><V81/><F121/><W89/><G51/><T28/><D28/><U124/><E47/><V82/><F64/><W13/><G132/><T97/><D61/><U34/><E34/><V49/><F49/><W69/><G26/><T56/><D56/><U35/><E35/><V84/><F5/><W60/><G60/><T112/><D112/><U113/><E124/><V122/><F4/><W102/><G44/><T17/><D17/><U101/><E101/><V63/><F63/><W31/><G31/><T10/><D127/><U3/><E3/><V22/><REACH who="2" step="1"/><F122/><REACH who="2" ten="211,230,220,329" step="2"/><W14/><G0/><T72/><D72/><U96/><E113/><V33/><F33/><W123/><G1/><T83/><D130/><U41/><E96/><V76/><AGARI ba="0,1" hai="8,9,11,15,19,22,27,29,76,81,82,84,85,88" machi="76" ten="20,8000,1" yaku="1,1,0,1,7,1,8,1,54,1,53,0" doraHai="53" doraHaiUra="107" who="2" fromWho="2" sc="211,-20,230,-40,220,90,329,-20" /><INIT seed="2,0,0,5,1,16" ten="191,190,310,309" oya="2" hai0="55,118,78,70,116,74,114,129,83,29,60,49,112" hai1="127,110,51,79,100,13,76,14,122,21,91,8,27" hai2="54,23,22,66,68,56,85,4,64,82,134,104,0" hai3="69,43,99,81,123,45,2,62,128,75,26,133,107"/><V15/><F104/><W58/><G123/><T94/><D94/><U39/><E39/><V95/><F134/><W132/><G128/><T125/><D129/><U3/><E3/><V63/><F0/><W17/><G2/><T65/><D125/><U30/><E127/><V20/><F95/><W47/><G69/><T120/><D120/><U31/><E122/><V7/><F68/><W135/><G43/><T50/><D50/><U57/><E110/><V40/><F40/><W61/><G61/><T18/><D18/><N who="1" m="12727" /><E100/><V119/><F119/><N who="0" m="45610" /><D29/><N who="1" m="10763" /><E91/><N who="2" m="51639" /><F15/><N who="1" m="5641" /><E79/><V72/><F72/><W42/><G75/><T105/><D105/><U88/><E76/><V24/><F24/><W131/><G131/><T102/><D102/><U5/><E8/><V6/><AGARI ba="0,0" hai="4,6,7,20,22,23,54,56,63,64,66" m="51639" machi="6" ten="30,11700,0" yaku="8,1,52,3" doraHai="16" who="2" fromWho="2" sc="191,-39,190,-39,310,117,309,-39" /><INIT seed="2,1,0,4,1,17" ten="152,151,427,270" oya="2" hai0="67,129,127,35,9,63,133,19,11,31,58,134,132" hai1="49,104,16,55,81,101,50,69,75,54,76,21,10" hai2="28,12,60,125,40,71,92,116,131,73,34,124,52" hai3="78,18,29,6,108,13,36,89,135,96,80,25,47"/><V38/><F116/><W119/><G119/><T113/><D113/><U20/><E69/><V5/><F73/><W33/><G108/><T82/><D129/><U99/><E10/><V87/><F131/><W46/><G135/><T23/><D127/><U123/><E123/><V97/><F87/><W27/><G27/><N who="0" m="18943" /><D82/><U98/><E98/><V79/><F79/><W106/><G36/><T14/><AGARI ba="1,0" hai="9,11,14,19,23,58,63,67,132,133,134" m="18943" machi="14" ten="30,2000,0" yaku="20,1,52,1" doraHai="17" who="0" fromWho="0" sc="152,23,151,-6,427,-11,270,-6" /><INIT seed="3,0,0,4,5,128" ten="175,145,416,264" oya="3" hai0="43,15,80,76,83,62,104,109,17,2,93,4,23" hai1="114,102,101,30,47,49,21,53,108,115,42,14,81" hai2="88,19,107,89,129,57,69,55,94,74,9,118,110" hai3="91,41,33,117,126,103,34,96,111,113,28,82,6"/><W98/><G113/><T8/><D104/><U11/><E108/><V70/><F107/><W59/><G117/><T38/><D109/><U97/><E114/><V92/><F74/><W75/><G111/><T48/><D48/><U61/><E115/><V116/><F129/><W54/><G6/><T12/><D93/><U112/><E112/><V100/><F110/><W46/><G126/><T16/><D62/><U105/><E81/><V66/><F66/><W37/><G28/><T24/><D83/><U63/><E101/><V125/><F70/><W119/><G119/><T131/><D131/><U84/><E84/><V50/><F69/><W132/><G96/><T122/><D122/><U18/><E30/><V56/><F125/><W60/><G91/><T130/><D130/><U26/><REACH who="1" step="1"/><E42/><REACH who="1" ten="175,135,416,264" step="2"/><V90/><F100/><W13/><G82/><T106/><D106/><U121/><E121/><V124/><F56/><W0/><G103/><T58/><D58/><U7/><AGARI ba="0,1" hai="7,11,14,18,21,26,47,49,53,61,63,97,102,105" machi="7" ten="20,2700,0" yaku="1,1,0,1,7,1,53,0" doraHai="128" doraHaiUra="120" who="1" fromWho="1" sc="175,-7,135,37,416,-7,264,-13" owari="168,-33.2,172,-22.8,409,50.9,251,5.1" /></mjloggm>