<mjloggm ver="2.3"><GO type="225" lobby="0"/><UN n0="%72%69%6F%75%63%68%61%6E" n1="%E3%81%A0%E3%81%8A" n2="%E3%83%97%E3%83%92" n3="%E9%B3%B3%E6%9D%B1%E3%81%AE%E3%81%86%E3%81%95%E3%81%8E%E3%81%95%E3%82%93" dan="16,16,16,17" rate="2167.95,2051.81,2179.51,2236.38" sx="M,M,M,M"/><TAIKYOKU oya="0"/><INIT seed="0,0,0,5,5,39" ten="250,250,250,250" oya="0" hai0="40,105,82,125,120,26,45,48,86,32,113,77,97" hai1="93,33,99,65,109,98,19,103,53,31,8,64,88" hai2="50,7,49,68,104,17,90,25,94,42,80,60,75" hai3="37,55,1,72,22,106,83,16,35,30,132,107,9"/><T112/><D120/><U23/><E109/><V51/><F104/><W41/><G132/><T73/><D125/><U56/><E8/><V69/><F7/><N who="3" m="1263" /><G55/><T134/><D134/><U79/><E79/><V34/><F75/><W52/><G52/><T89/><D26/><U47/><E47/><V70/><F80/><W28/><G28/><T126/><D32/><U3/><E3/><V124/><F124/><W133/><G133/><T121/><D121/><U43/><E43/><V135/><F60/><W13/><G83/><T129/><D129/><U66/><E31/><V85/><F135/><W62/><G62/><T61/><D126/><U0/><E0/><V36/><F34/><W18/><G18/><T71/><D71/><U21/><E33/><V96/><F85/><W116/><G116/><T131/><D131/><U74/><E74/><V130/><F130/><W76/><G76/><T11/><D11/><U108/><E19/><V115/><F115/><W44/><G72/><T101/><REACH who="0" step="1"/><D61/><REACH who="0" ten="240,250,250,250" step="2"/><N who="1" m="35983" /><E108/><V4/><F4/><W20/><G20/><T58/><D58/><U5/><E5/><V78/><F25/><AGARI ba="0,1" hai="13,16,22,25,30,35,37,41,44,106,107" m="1263" machi="25" ten="30,3900,0" yaku="24,1,52,1,54,1" doraHai="39" who="3" fromWho="2" sc="240,0,250,0,250,-39,250,49" /><INIT seed="1,0,0,4,0,42" ten="240,250,211,299" oya="1" hai0="8,5,113,30,88,104,96,23,18,64,7,114,49" hai1="41,24,125,61,47,109,21,57,68,93,11,36,15" hai2="40,39,69,89,100,79,14,132,131,90,101,116,26" hai3="120,106,130,60,105,124,85,128,35,32,76,117,73"/><U1/><E1/><V115/><F116/><W27/><G120/><T44/><D64/><U13/><E125/><V71/><F79/><W63/><G73/><T78/><D78/><U58/><E109/><V20/><F132/><W31/><G124/><T95/><D104/><N who="3" m="40041" /><G32/><T10/><D30/><U75/><E75/><V53/><F14/><W0/><G0/><T102/><D102/><U80/><E68/><V43/><F20/><W17/><G17/><T56/><D56/><U77/><E93/><V16/><F39/><W3/><G3/><T4/><D114/><U97/><E97/><V122/><F53/><W38/><G38/><T67/><D67/><U12/><E77/><V112/><F26/><W37/><G37/><T70/><D70/><U82/><E11/><V119/><F119/><W98/><G98/><T123/><D123/><U72/><E72/><V50/><F50/><W87/><G117/><T86/><D96/><U34/><E34/><V22/><F22/><W91/><G76/><T110/><D110/><U25/><E58/><V54/><F54/><W81/><G87/><T129/><D129/><AGARI ba="0,0" hai="27,31,35,60,63,81,85,91,128,129,130" m="40041" machi="129" ten="30,1000,0" yaku="19,1" doraHai="42" who="3" fromWho="0" sc="240,-10,250,0,211,0,299,10" /><INIT seed="2,0,0,4,1,118" ten="230,250,211,309" oya="2" hai0="62,13,110,63,98,119,105,30,125,2,66,17,20" hai1="25,99,111,71,77,84,85,114,102,3,131,108,8" hai2="57,7,126,11,42,39,61,41,117,113,79,36,33" hai3="68,132,127,87,31,60,91,4,21,1,52,80,75"/><V24/><F117/><W27/><G132/><T69/><D119/><U23/><E114/><V38/><F113/><W92/><G127/><T64/><D110/><N who="1" m="42027" /><E131/><V104/><F126/><W94/><G75/><T40/><D125/><U129/><E129/><V82/><F104/><W9/><REACH who="3" step="1"/><G52/><REACH who="3" ten="230,250,211,299" step="2"/><T37/><D40/><U53/><E53/><V18/><F42/><W123/><G123/><T76/><D64/><AGARI ba="0,1" hai="1,4,9,21,27,31,60,64,68,80,87,91,92,94" machi="64" ten="40,2600,0" yaku="1,1,53,1" doraHai="118" doraHaiUra="34" who="3" fromWho="0" sc="230,-26,250,0,211,0,299,36" /><INIT seed="3,0,0,4,4,61" ten="204,250,211,335" oya="3" hai0="32,46,50,6,63,60,37,62,90,78,111,104,56" hai1="8,33,16,114,23,36,14,49,44,22,47,102,1" hai2="135,133,96,82,79,18,71,55,118,43,66,93,31" hai3="34,94,101,28,129,10,26,53,117,30,109,134,40"/><W25/><G117/><T83/><D32/><U100/><E114/><V68/><F118/><W54/><G129/><T3/><D111/><U2/><E33/><V29/><F43/><W99/><G109/><T112/><D112/><U126/><E126/><V39/><F39/><W74/><G74/><T120/><D120/><U130/><E130/><V13/><F55/><W41/><G10/><T108/><D108/><U69/><E69/><V125/><F125/><W73/><G73/><T95/><D104/><U86/><E36/><V0/><F0/><W65/><G65/><N who="0" m="39047" /><D37/><U4/><E86/><N who="2" m="48479" /><F31/><W87/><G134/><N who="2" m="51209" /><F29/><W9/><G9/><T64/><D3/><U7/><E1/><V59/><F59/><W17/><G30/><T97/><D6/><U131/><E4/><V45/><F45/><W21/><G34/><T72/><D72/><U124/><E47/><V51/><F51/><W11/><G17/><T5/><D5/><U81/><E49/><V77/><F77/><W58/><G11/><T75/><D64/><U85/><E8/><N who="2" m="6439" /><F66/><W121/><G28/><T123/><D123/><U12/><E7/><V52/><F52/><W88/><G21/><T98/><D98/><U132/><E22/><V115/><F115/><W107/><G107/><T105/><D105/><U38/><E23/><V70/><F70/><W67/><G67/><T35/><D35/><U48/><E132/><V15/><F15/><W127/><G99/><T116/><D116/><U89/><E14/><V92/><F96/><W113/><G121/><T122/><D122/><U110/><E12/><V103/><F103/><RYUUKYOKU ba="0,0" sc="204,15,250,-15,211,15,335,-15" hai0="46,50,62,63,75,78,83,90,95,97" hai2="68,71,92,93" owari="219,-28.1,235,3.5,226,-17.4,320,42.0" /></mjloggm>