<mjloggm ver="2.3"><GO type="225" lobby="0"/><UN n0="%E3%83%B4%E3%83%A0%EF%BC%99%E3%81%A6" n1="%E3%81%AE%E3%81%AA%E3%82%81%E3%83%BC%E3%82%93" n2="%E3%82%BC%E3%83%AB%E3%83%80%E3%81%AE%E4%BC%9D%E8%AA%AC" n3="%E3%83%94%E3%83%B3%E3%82%B5%E3%83%AD%E5%BA%97%E5%93%A1" dan="16,16,18,16" rate="2114.70,2004.47,2209.95,2163.24" sx="M,M,M,M"/><TAIKYOKU oya="0"/><INIT seed="0,0,0,2,2,69" ten="250,250,250,250" oya="0" hai0="135,7,47,37,43,103,121,46,83,130,41,59,1" hai1="112,66,28,132,128,89,77,11,129,17,81,32,40" hai2="110,82,39,19,95,79,30,87,25,104,73,34,100" hai3="86,8,48,3,36,71,31,118,134,68,50,13,94"/><T38/><D121/><U106/><E132/><V122/><F110/><W101/><G118/><T0/><D135/><U74/><E112/><V6/><F122/><W57/><G3/><T23/><D130/><N who="1" m="50283" /><E106/><V54/><F6/><W63/><G31/><T35/><D35/><U49/><E66/><V64/><F54/><W29/><G29/><T105/><D83/><U12/><E89/><N who="2" m="53695" /><F19/><W127/><G127/><T96/><D7/><U15/><E15/><V2/><F64/><W111/><G111/><T131/><D131/><U4/><E4/><V90/><F90/><W75/><G75/><T53/><D23/><U108/><E108/><V84/><F84/><W116/><G116/><T21/><D21/><U97/><E97/><N who="2" m="61455" /><F2/><W88/><G101/><T5/><D5/><U20/><E20/><V133/><F133/><W65/><G134/><T76/><D76/><U113/><E28/><V67/><F67/><W24/><G24/><T56/><D56/><U125/><E125/><V58/><F58/><W72/><G72/><T22/><D22/><U61/><E32/><V44/><F44/><W70/><REACH who="3" step="1"/><G36/><AGARI ba="0,0" hai="25,30,34,36,39,73,79,82" m="61455,53695" machi="36" ten="30,3900,0" yaku="24,1,52,2" doraHai="69" who="2" fromWho="3" sc="250,0,250,0,250,39,250,-39" /><INIT seed="1,0,0,0,0,133" ten="250,250,289,211" oya="1" hai0="53,55,65,64,83,21,12,45,67,88,9,85,91" hai1="42,97,66,13,61,69,47,120,122,26,58,35,62" hai2="19,8,84,110,135,6,22,71,30,116,29,80,119" hai3="23,134,115,50,114,105,72,98,16,130,28,128,74"/><U79/><E79/><V27/><F71/><W57/><G28/><T17/><D45/><U95/><E13/><V33/><F110/><W86/><G134/><T46/><D46/><U131/><E131/><N who="3" m="50218" /><G86/><T40/><D40/><U15/><E15/><N who="2" m="9599" /><F135/><W7/><G7/><T127/><D127/><U59/><E26/><N who="2" m="18615" /><F84/><W18/><G105/><T56/><D21/><U0/><E0/><N who="2" m="71" /><F80/><W90/><G98/><T48/><REACH who="0" step="1"/><D55/><REACH who="0" ten="240,250,289,211" step="2"/><U129/><E129/><V34/><AGARI ba="0,1" hai="27,30,34,116,119" m="71,18615,9599" machi="34" ten="30,4000,0" yaku="24,1,34,2" doraHai="133" who="2" fromWho="2" sc="240,-10,250,-20,289,50,211,-10" /><INIT seed="2,0,0,5,5,46" ten="230,230,339,201" oya="2" hai0="122,39,105,40,104,34,61,43,120,72,56,91,74" hai1="77,26,7,73,101,28,135,99,100,134,63,68,71" hai2="52,110,129,125,116,124,84,12,97,3,70,115,127" hai3="31,25,133,94,96,53,51,90,49,75,35,89,57"/><V119/><F3/><W87/><G133/><N who="1" m="50698" /><E7/><V62/><F115/><W37/><G37/><T98/><D34/><N who="1" m="20759" /><E63/><V14/><F129/><W32/><G75/><T38/><D61/><U48/><E48/><V123/><F123/><W13/><G13/><N who="2" m="5225" /><F110/><W4/><G4/><T10/><D10/><U23/><E23/><V5/><F5/><W59/><G35/><T8/><D8/><U83/><E101/><V55/><F84/><W41/><G41/><T103/><D103/><U102/><E102/><V121/><F97/><W76/><G76/><T66/><D98/><U113/><E113/><V88/><F121/><W111/><G111/><T114/><D114/><U50/><E50/><V0/><F0/><W27/><G27/><T21/><D21/><U16/><E16/><V33/><F33/><W128/><G128/><T109/><D109/><U22/><E22/><V118/><F88/><W106/><G106/><AGARI ba="0,0" hai="68,71,73,77,83,99,100,106" m="20759,50698" machi="106" ten="30,2000,0" yaku="20,1,23,1" doraHai="46" who="1" fromWho="3" sc="230,0,230,20,339,0,201,-20" /><INIT seed="3,0,0,3,2,89" ten="230,250,339,181" oya="3" hai0="35,109,65,96,61,36,114,134,88,99,127,56,59" hai1="126,77,16,75,27,122,110,25,117,8,130,118,55" hai2="123,43,42,31,69,113,9,86,98,29,34,4,103" hai3="120,10,97,24,3,66,129,63,106,81,119,45,121"/><W95/><G119/><N who="1" m="45578" /><E122/><V22/><F113/><W12/><G129/><T51/><D36/><U104/><E104/><V21/><F69/><W108/><G3/><T101/><D114/><U2/><E130/><V107/><F86/><W91/><G108/><T87/><D109/><U58/><E110/><V32/><F123/><W1/><G1/><T124/><D35/><U0/><E0/><V83/><F83/><W100/><G24/><T60/><D51/><N who="1" m="31103" /><E126/><N who="0" m="48169" /><D101/><U7/><E16/><V74/><F74/><W23/><G23/><T19/><D19/><U84/><E84/><V111/><F98/><W67/><G45/><T54/><D134/><U70/><E70/><V11/><F111/><W49/><G49/><T50/><D50/><U85/><E85/><V40/><F103/><W94/><G81/><AGARI ba="0,0" hai="54,56,59,60,61,65,81,87,88,96,99" m="48169" machi="81" ten="30,2000,0" yaku="18,1,54,1" doraHai="89" who="0" fromWho="3" sc="230,20,250,0,339,0,181,-20" /><AGARI ba="0,0" hai="2,7,8,25,27,75,77,81" m="31103,45578" machi="81" ten="30,1000,0" yaku="12,1" doraHai="89" who="1" fromWho="3" sc="250,0,250,10,339,0,161,-10" owari="250,-15.0,260,6.0,339,43.9,151,-34.9" /></mjloggm>