<mjloggm ver="2.3"><GO type="225" lobby="0"/><UN n0="%E7%99%BD%E6%97%A5%E9%9B%AA%E8%8F%9C" n1="%E3%82%A2%E3%82%A4%E3%82%B9%E3%83%86%E3%82%A3%E3%83%BC%E3%81%82%E3%81%B9" n2="%E3%81%A9%E3%82%8F%E3%82%93%E3%81%94" n3="%E7%A6%8F%E5%8E%9F%E9%81%A5%E3%81%A8%E7%B5%90%E5%A9%9A%E3%81%99%E3%82%8B" dan="16,16,16,17" rate="2186.42,2086.93,2052.03,2120.44" sx="M,M,M,M"/><TAIKYOKU oya="0"/><INIT seed="0,0,0,4,3,96" ten="250,250,250,250" oya="0" hai0="133,71,110,134,115,118,9,34,131,117,63,83,20" hai1="135,44,87,121,126,116,120,7,28,29,6,102,30" hai2="35,1,24,112,92,21,101,75,14,5,46,45,51" hai3="67,56,50,59,130,76,85,104,109,127,106,19,107"/><T69/><D115/><U36/><E116/><N who="0" m="44649" /><D34/><U68/><E68/><N who="0" m="26185" /><D63/><U86/><E44/><V70/><F70/><W77/><G130/><T13/><D131/><U94/><E36/><V66/><F75/><W114/><G114/><T32/><D32/><U10/><E135/><N who="0" m="51721" /><D110/><U90/><E126/><V39/><F35/><W16/><G127/><T64/><D64/><U88/><E102/><V55/><F66/><W78/><G109/><T91/><D20/><U95/><REACH who="1" step="1"/><E7/><REACH who="1" ten="250,240,250,250" step="2"/><V54/><F5/><W123/><G123/><T0/><D0/><AGARI ba="0,1" hai="0,6,10,28,29,30,86,87,88,90,94,95,120,121" machi="0" ten="40,8000,1" yaku="1,1,2,1,9,1,54,1,53,0" doraHai="96" doraHaiUra="52" who="1" fromWho="0" sc="250,-80,240,90,250,0,250,0" /><INIT seed="1,0,0,3,2,81" ten="170,330,250,250" oya="1" hai0="109,84,106,108,72,38,87,119,67,45,25,117,82" hai1="1,80,26,101,69,64,16,92,107,127,104,56,53" hai2="20,120,30,10,46,126,125,65,18,22,134,93,47" hai3="43,0,19,79,42,37,3,41,27,29,99,5,59"/><U90/><E1/><V9/><F120/><W44/><G19/><T8/><D106/><U66/><E69/><V86/><F65/><W51/><G79/><N who="0" m="44391" /><D67/><U76/><E104/><V112/><F30/><W54/><G99/><T97/><D97/><N who="1" m="57495" /><E101/><V52/><F134/><W129/><G129/><T75/><D75/><U12/><E107/><V124/><F112/><W102/><G102/><T114/><D114/><U23/><E127/><V85/><F93/><W62/><G37/><T96/><D96/><U89/><E89/><V35/><F35/><W2/><REACH who="3" step="1"/><G5/><REACH who="3" ten="170,330,250,240" step="2"/><T131/><D131/><U63/><E12/><V122/><F126/><W24/><G24/><T94/><D25/><U78/><E78/><V73/><F122/><W91/><G91/><N who="0" m="53607" /><D119/><U36/><E36/><V57/><F73/><AGARI ba="0,1" hai="16,23,26,53,56,63,64,66,73,76,80" m="57495" machi="73" ten="30,2900,0" yaku="25,1,54,1" doraHai="81" who="1" fromWho="2" sc="170,0,330,39,250,-29,240,0" /><INIT seed="1,1,0,5,0,90" ten="170,369,221,240" oya="1" hai0="55,41,130,85,91,34,32,50,77,69,132,48,39" hai1="93,3,54,64,38,106,15,105,134,133,68,66,59" hai2="88,72,75,73,16,87,45,115,104,70,37,120,131" hai3="86,12,44,33,119,43,35,71,42,31,112,40,63"/><U62/><E3/><V94/><F120/><W22/><G112/><T60/><D77/><U109/><E38/><V102/><F70/><W79/><G119/><T78/><D78/><U111/><E15/><V122/><F122/><W76/><G44/><T52/><D132/><N who="1" m="50795" /><E66/><V81/><F115/><W127/><G76/><T25/><D130/><U46/><E46/><V123/><F123/><W114/><G114/><T0/><D0/><U23/><E23/><V47/><F131/><W110/><G110/><N who="1" m="41994" /><E93/><V103/><F37/><W84/><G22/><T4/><D39/><U83/><E83/><V121/><F121/><W19/><G12/><T10/><D34/><U74/><E74/><V107/><F47/><W82/><G82/><T57/><D41/><U26/><E26/><V124/><F45/><W108/><G43/><T118/><D118/><U17/><E17/><V99/><F16/><W53/><G19/><T67/><D25/><U113/><E113/><V5/><F5/><W65/><G108/><T100/><D32/><U95/><E95/><V125/><F103/><W14/><G14/><T51/><D100/><U1/><E1/><V128/><F128/><W126/><G42/><T49/><D55/><U97/><E97/><V58/><F58/><W6/><G53/><T24/><D24/><U7/><E7/><V11/><F11/><W135/><G40/><T27/><D27/><U21/><E21/><V98/><F99/><W92/><G6/><T13/><D51/><AGARI ba="1,0" hai="51,54,59,62,64,68,105,106" m="41994,50795" machi="51" ten="30,5800,0" yaku="20,1,14,1,10,1" doraHai="90" who="1" fromWho="0" sc="170,-61,369,61,221,0,240,0" /><INIT seed="1,2,0,0,3,109" ten="109,430,221,240" oya="1" hai0="31,26,0,50,92,64,89,134,114,46,21,77,19" hai1="30,106,65,81,67,76,129,62,16,107,39,9,10" hai2="108,71,72,119,66,74,35,23,126,104,128,130,47" hai3="87,132,40,90,111,36,55,86,1,105,116,15,127"/><U123/><E39/><V122/><RYUUKYOKU type="yao9" ba="2,0" sc="109,0,430,0,221,0,240,0" hai2="23,35,47,66,71,72,74,104,108,119,122,126,128,130" /><INIT seed="1,3,0,1,0,33" ten="109,430,221,240" oya="1" hai0="67,23,79,50,25,15,93,17,77,132,28,44,72" hai1="66,14,39,81,120,124,9,101,38,126,61,5,43" hai2="11,73,117,122,113,87,19,27,62,10,48,105,116" hai3="108,34,82,60,12,1,78,65,98,119,96,85,71"/><U74/><E120/><V51/><F122/><W53/><G34/><T94/><D132/><U133/><E101/><V111/><F73/><W40/><G40/><T129/><D129/><U125/><E133/><V8/><F105/><W114/><G114/><T52/><D67/><U56/><REACH who="1" step="1"/><E43/><REACH who="1" ten="109,420,221,240" step="2"/><V76/><F113/><W26/><G119/><T0/><D0/><U121/><E121/><V58/><F117/><W70/><G1/><T41/><D41/><U59/><E59/><V115/><F116/><W45/><G70/><T42/><D42/><U100/><E100/><V49/><F115/><W30/><G71/><T16/><D72/><U110/><E110/><V46/><F111/><W21/><G108/><T89/><D94/><U55/><E55/><V47/><F47/><W64/><G45/><T102/><D102/><U6/><E6/><V95/><F46/><W88/><G53/><T20/><REACH who="0" step="1"/><D17/><REACH who="0" ten="99,420,221,240" step="2"/><U63/><E63/><V128/><F62/><W83/><G60/><T29/><D29/><U36/><E36/><V24/><F19/><W4/><G30/><T127/><D127/><U69/><E69/><V13/><F51/><W134/><G134/><T80/><D80/><U97/><E97/><AGARI ba="3,2" hai="15,16,20,23,25,28,44,50,52,77,79,89,93,97" machi="97" ten="30,8000,1" yaku="1,1,7,1,8,1,54,2,53,0" doraHai="33" doraHaiUra="131" who="0" fromWho="1" sc="99,109,420,-89,221,0,240,0" /><INIT seed="2,0,0,3,0,107" ten="208,331,221,240" oya="2" hai0="43,100,9,65,121,103,135,11,127,97,110,132,126" hai1="116,112,79,117,98,80,111,39,49,57,17,82,58" hai2="7,129,40,4,48,45,60,35,134,133,26,18,95" hai3="87,114,113,25,34,115,66,22,109,81,0,90,94"/><V68/><F129/><W6/><G109/><T75/><D121/><U14/><E111/><V24/><F95/><W88/><G34/><T36/><D110/><U19/><E39/><V29/><F68/><W53/><G66/><T13/><D65/><U3/><E3/><V74/><F60/><W89/><G53/><T78/><D36/><U2/><E2/><V27/><F74/><W5/><G0/><T32/><D32/><U96/><E14/><V104/><F104/><W23/><G23/><T59/><D43/><U44/><E44/><V64/><F64/><W61/><G61/><T37/><D37/><U1/><E1/><V31/><F18/><W10/><G10/><T46/><D46/><U54/><E79/><V52/><F40/><W71/><G71/><T99/><D59/><U106/><E49/><V51/><F51/><W16/><G94/><T93/><D13/><U12/><E12/><V77/><F77/><AGARI ba="0,0" hai="5,6,16,22,25,77,81,87,88,89,90,113,114,115" machi="77" ten="50,6400,0" yaku="11,1,54,2" doraHai="107" who="3" fromWho="2" sc="208,0,331,0,221,-64,240,64" /><INIT seed="3,0,0,4,2,58" ten="208,331,157,304" oya="3" hai0="103,115,122,86,43,125,114,35,68,112,99,75,55" hai1="50,33,105,9,73,11,10,0,134,39,96,45,123" hai2="64,72,128,84,49,17,111,69,106,121,61,127,135" hai3="52,14,56,81,54,132,78,133,66,48,117,101,107"/><W42/><G117/><T24/><D122/><U44/><E123/><V29/><F72/><W60/><G14/><T87/><D75/><U22/><E33/><V74/><F121/><W67/><G42/><T110/><D110/><U65/><E73/><V63/><F74/><N who="3" m="43223" /><G101/><T62/><D125/><U38/><E0/><V116/><F116/><W92/><G92/><N who="0" m="58855" /><D43/><U88/><E65/><V3/><F3/><W82/><G82/><T131/><D131/><U59/><E39/><V7/><F7/><W95/><G95/><T27/><D35/><U90/><E38/><V70/><F29/><W4/><G4/><T5/><D5/><U16/><E105/><V21/><F106/><W1/><G1/><T108/><D108/><U15/><E134/><N who="3" m="51818" /><G107/><T32/><D32/><U91/><E96/><V13/><F135/><W76/><G76/><T104/><D104/><U93/><E93/><V129/><F111/><W31/><G31/><T47/><D47/><AGARI ba="0,0" hai="47,48,52,54,56,60,66,67" m="51818,43223" machi="47" ten="30,5800,0" yaku="20,1,52,1,54,1" doraHai="58" who="3" fromWho="0" sc="208,-58,331,0,157,0,304,58" owari="150,-35.0,331,13.1,157,-24.3,362,46.2" /></mjloggm>