<mjloggm ver="2.3"><GO type="225" lobby="0"/><UN n0="%E2%91%A3%E9%81%BF%E9%81%8A%E6%88%AF%E3%80%90%E6%9D%B1%E5%8D%97%E3%80%91" n1="%E3%81%95%E3%81%8D%E3%81%9F%E3%81%BE%E6%9E%97%E6%AA%8E" n2="%E6%B1%9D%E6%9C%89%E4%BD%95%E7%96%91" n3="%6D%75%75%6D%75%72%61" dan="16,16,16,16" rate="2042.12,2096.47,2111.70,2126.15" sx="M,M,M,F"/><TAIKYOKU oya="0"/><INIT seed="0,0,0,3,1,22" ten="250,250,250,250" oya="0" hai0="51,89,39,88,20,68,37,29,58,87,11,84,112" hai1="45,9,100,108,13,114,25,75,133,116,36,77,122" hai2="34,123,56,54,85,53,115,110,6,43,59,124,80" hai3="33,24,38,32,103,118,82,31,65,10,135,111,97"/><T83/><D68/><U44/><E108/><V91/><F115/><W1/><G111/><T28/><D112/><U18/><E116/><V86/><F110/><W8/><G118/><T121/><D121/><U67/><E122/><V105/><F123/><W5/><G135/><T90/><D39/><U41/><E133/><V27/><F124/><W126/><G126/><T96/><D37/><U15/><E114/><V109/><F109/><W78/><G38/><T102/><D11/><U49/><E67/><V76/><F105/><W72/><G10/><T70/><D70/><U104/><E77/><V48/><F43/><W60/><G60/><T4/><D4/><U14/><E75/><V40/><F40/><W69/><G69/><T79/><D87/><U23/><E100/><V30/><F6/><W113/><G113/><T93/><D20/><U57/><E57/><V94/><REACH who="2" step="1"/><F54/><AGARI ba="0,0" hai="28,29,51,54,58,79,83,84,88,89,90,93,96,102" machi="54" ten="40,3900,0" yaku="8,1,54,1" doraHai="22" who="0" fromWho="2" sc="250,39,250,0,250,-39,250,0" /><INIT seed="0,1,0,2,1,71" ten="289,250,211,250" oya="0" hai0="1,19,94,126,133,70,13,10,4,50,48,42,75" hai1="102,5,84,93,111,86,100,23,26,49,30,132,12" hai2="58,11,127,44,74,60,90,119,45,89,25,113,130" hai3="33,88,108,37,116,38,76,35,55,105,32,95,107"/><T122/><D122/><U115/><E111/><V104/><F113/><W125/><G116/><T0/><D75/><U79/><E132/><V64/><F119/><W91/><G108/><T27/><D133/><U31/><E115/><V96/><F127/><W63/><G125/><T15/><D126/><U120/><E120/><V56/><F130/><W106/><G76/><T69/><D27/><U54/><E31/><V21/><F74/><W17/><G17/><T51/><D42/><U131/><E131/><V67/><F11/><W62/><G55/><T124/><D124/><U7/><E79/><V8/><F8/><W92/><G92/><T61/><D94/><U97/><E102/><V59/><F104/><W80/><G80/><T43/><D43/><U53/><E53/><V39/><F39/><N who="3" m="14859" /><G95/><T112/><D112/><U24/><E24/><V2/><F2/><W98/><G98/><T20/><REACH who="0" step="1"/><D70/><REACH who="0" ten="279,250,211,250" step="2"/><U110/><E110/><V118/><F118/><W117/><G117/><T29/><D29/><U85/><REACH who="1" step="1"/><E12/><REACH who="1" ten="279,240,211,250" step="2"/><V47/><F96/><W16/><G107/><T83/><D83/><U9/><E9/><V72/><F25/><W114/><G106/><T78/><D78/><U68/><E68/><V52/><F90/><W129/><G105/><T14/><D14/><U123/><E123/><V134/><F89/><W128/><G114/><T82/><D82/><U65/><E65/><AGARI ba="1,2" hai="0,1,4,10,13,15,19,20,48,50,51,61,65,69" machi="65" ten="40,3900,0" yaku="1,1,53,1" doraHai="71" doraHaiUra="3" who="0" fromWho="1" sc="279,62,240,-42,211,0,250,0" /><INIT seed="0,2,0,5,5,56" ten="341,198,211,250" oya="0" hai0="93,125,114,84,35,63,107,78,108,128,119,81,101" hai1="21,8,104,45,54,14,99,51,103,75,37,67,133" hai2="122,7,6,12,22,72,44,20,48,49,2,131,77" hai3="118,89,28,39,90,132,18,42,95,74,76,71,38"/><T105/><D35/><U23/><E75/><V109/><F122/><W11/><G132/><T65/><D119/><U16/><E133/><V41/><F109/><W85/><G118/><T3/><D114/><U61/><REACH who="1" step="1"/><E37/><REACH who="1" ten="341,188,211,250" step="2"/><V98/><F72/><W129/><G74/><T57/><D108/><U52/><E52/><V123/><F123/><W86/><G39/><T120/><D120/><U53/><E53/><V30/><F131/><W73/><G38/><T55/><D128/><U110/><E110/><V50/><F41/><W9/><G129/><T47/><D125/><U102/><E102/><V32/><F44/><W13/><G73/><T34/><D47/><U111/><E111/><V82/><F2/><W126/><G42/><T135/><D3/><U130/><E130/><V79/><F32/><W24/><G126/><T0/><D0/><U5/><E5/><V96/><F6/><W113/><G113/><T80/><D34/><U15/><E15/><V60/><F7/><W88/><G13/><T127/><D135/><U59/><AGARI ba="2,1" hai="8,14,16,21,23,45,51,54,59,61,67,99,103,104" machi="59" ten="20,8000,1" yaku="1,1,0,1,7,1,52,1,54,1,53,0" doraHai="56" doraHaiUra="117" who="1" fromWho="1" sc="341,-42,188,96,211,-22,250,-22" /><INIT seed="1,0,0,5,3,6" ten="299,284,189,228" oya="1" hai0="77,71,108,104,11,99,45,82,78,118,86,12,110" hai1="21,10,81,43,9,74,84,70,126,23,89,60,4" hai2="123,35,20,67,113,79,26,2,59,122,42,65,135" hai3="52,115,28,46,38,91,68,17,64,128,53,15,76"/><U24/><E126/><V120/><F135/><W7/><G115/><T133/><D133/><U19/><E74/><V22/><F113/><W130/><G76/><T116/><D71/><U55/><E4/><V1/><F79/><W5/><G28/><T61/><D78/><U34/><E34/><V27/><F42/><W93/><G38/><T101/><D61/><U94/><E43/><V25/><F35/><W88/><G64/><T106/><D104/><U75/><E75/><V131/><F59/><W87/><G68/><T98/><D99/><N who="1" m="57807" /><E70/><V8/><F131/><N who="3" m="50219" /><G91/><T3/><D3/><N who="2" m="1034" /><F65/><W100/><G100/><T47/><D118/><U66/><E66/><V31/><F67/><W124/><G124/><T29/><D29/><N who="1" m="17551" /><E84/><V90/><F90/><W44/><G5/><T112/><D116/><U92/><E92/><V63/><F63/><W114/><G7/><N who="0" m="3199" /><D112/><U96/><E96/><V37/><F37/><W129/><N who="3" m="50227" /><W103/><DORA hai="36" /><G103/><T83/><D83/><U62/><E81/><V80/><F80/><W39/><G114/><T132/><D132/><U32/><E32/><V57/><F31/><W41/><G46/><T56/><D56/><N who="1" m="34847" /><E62/><V0/><F57/><W119/><G119/><T69/><D69/><U97/><E97/><V85/><F0/><W117/><G117/><T125/><D125/><U33/><E33/><V134/><F134/><W16/><G17/><T50/><D47/><U105/><E105/><V58/><F58/><W121/><G121/><T18/><D18/><U48/><E48/><V49/><F122/><W54/><G16/><T95/><D106/><RYUUKYOKU ba="0,0" sc="299,10,284,10,189,-30,228,10" hai0="45,50,77,82,86,95,98,101,108,110" hai1="9,10,19,23" hai3="15,39,41,44,52,53,54,87,88,93" /><INIT seed="1,1,0,1,0,111" ten="309,294,159,238" oya="1" hai0="90,103,32,91,92,98,26,118,24,45,35,109,67" hai1="6,40,54,66,69,44,38,73,2,9,122,39,108" hai2="120,5,125,112,13,33,14,42,114,41,135,4,49" hai3="1,56,65,64,7,82,46,133,72,28,100,43,22"/><U51/><E122/><V23/><F33/><W117/><G133/><T37/><D109/><U123/><E108/><V21/><F49/><W94/><G117/><T79/><D118/><U115/><E115/><N who="2" m="44075" /><F120/><W80/><G1/><T116/><D67/><U128/><E128/><V61/><F135/><W8/><G72/><T11/><D79/><U70/><E123/><V20/><F125/><W57/><G8/><T127/><D127/><U15/><E39/><V58/><F14/><W130/><G7/><N who="2" m="2633" /><F13/><W36/><G130/><T59/><D35/><U99/><E15/><V0/><F0/><W121/><G121/><T113/><D11/><U47/><E9/><V74/><F74/><W12/><G12/><T107/><D32/><U101/><E73/><V48/><F48/><W71/><G36/><T85/><D116/><U77/><E51/><V134/><F134/><W25/><G46/><T124/><D124/><U76/><E47/><V110/><F110/><W106/><G43/><T88/><D45/><U105/><E2/><V18/><F18/><W87/><G28/><T16/><D37/><U50/><E38/><V132/><F132/><W97/><G25/><T83/><D26/><U55/><E40/><V96/><F96/><W60/><G97/><T126/><D24/><U3/><E44/><V29/><F29/><W68/><G22/><N who="2" m="5633" /><V27/><DORA hai="78" /><F27/><W53/><G87/><T93/><D85/><U102/><E3/><V34/><F34/><W19/><G19/><T52/><D126/><U84/><E84/><V119/><F119/><W30/><G30/><T95/><D113/><RYUUKYOKU ba="1,0" sc="309,-10,294,-10,159,30,238,-10" hai2="41,42,58,61" /><INIT seed="2,2,0,0,1,132" ten="299,284,189,228" oya="2" hai0="36,50,31,87,90,81,28,128,45,93,120,62,48" hai1="5,51,96,118,129,103,18,4,94,70,113,13,125" hai2="76,95,99,91,68,77,42,34,124,12,72,46,59" hai3="2,75,121,8,80,6,107,60,49,53,10,11,86"/><V109/><F68/><W116/><G116/><T123/><D128/><U52/><E113/><V41/><F34/><W9/><G121/><T1/><D1/><U106/><E118/><V32/><F32/><W67/><G107/><T127/><D36/><U110/><E110/><V85/><F109/><W61/><G75/><T98/><D50/><U84/><E129/><V20/><F72/><W21/><G21/><T30/><D62/><U122/><E70/><V114/><F114/><W26/><G26/><T119/><D119/><U47/><E122/><V58/><F124/><W57/><REACH who="3" step="1"/><G67/><REACH who="3" ten="299,284,189,218" step="2"/><T88/><REACH who="0" step="1"/><D127/><REACH who="0" ten="289,284,189,218" step="2"/><U135/><E125/><V82/><F77/><AGARI ba="2,2" hai="2,6,8,9,10,11,49,53,57,60,61,77,80,86" machi="77" ten="40,2600,0" yaku="1,1,2,1,53,0" doraHai="132" doraHaiUra="38" who="3" fromWho="2" sc="289,0,284,0,189,-32,218,52" /><INIT seed="3,0,0,1,4,118" ten="289,284,157,270" oya="3" hai0="89,69,94,45,64,58,7,0,122,3,53,92,27" hai1="18,80,101,127,71,82,96,29,24,36,104,115,108" hai2="6,93,114,16,88,97,107,134,67,105,79,85,72" hai3="46,123,126,13,35,17,22,23,20,113,10,14,68"/><W81/><G68/><T75/><D122/><U42/><E108/><V47/><F114/><W32/><G81/><T48/><D75/><U19/><E115/><V8/><F134/><W60/><G60/><T129/><D129/><U103/><E103/><V28/><F28/><W112/><G46/><T111/><D111/><U76/><E127/><V37/><F67/><W77/><G77/><T87/><D7/><U51/><E36/><V21/><F72/><W52/><G52/><T99/><D69/><U110/><E110/><V66/><F66/><W116/><G116/><T41/><D64/><U31/><E31/><V1/><F79/><W73/><G73/><T135/><D27/><U57/><E71/><V54/><F85/><W124/><G123/><T49/><REACH who="0" step="1"/><D135/><REACH who="0" ten="279,284,157,270" step="2"/><U40/><E24/><V9/><F9/><N who="3" m="6319" /><G112/><T25/><D25/><U117/><E117/><V4/><F4/><N who="3" m="3399" /><G113/><T38/><D38/><U11/><E11/><V121/><F121/><W70/><G70/><T56/><D56/><U130/><E57/><V63/><F37/><W84/><G84/><T2/><D2/><U62/><E130/><V100/><F100/><AGARI ba="0,1" hai="0,3,41,45,48,49,53,58,87,89,92,94,99,100" machi="100" ten="30,2000,0" yaku="1,1,7,1,53,0" doraHai="118" doraHaiUra="74" who="0" fromWho="2" sc="279,30,284,0,157,-20,270,0" owari="309,40.9,284,8.4,137,-36.3,270,-13.0" /></mjloggm>