<mjloggm ver="2.3"><GO type="225" lobby="0"/><UN n0="%73%73%6B%5F%66%72%65%65" n1="%E3%81%BF%E3%81%BF%E3%81%9A" n2="%72%65%6E%6B%75%6E" n3="%E5%BE%AE%E5%B7%AE%E3%81%AE%E4%BD%95%E5%88%87%E3%82%8B%EF%BC%9C%E9%81%8B" dan="16,18,17,16" rate="2102.80,2277.60,2198.30,2148.93" sx="M,M,M,M"/><TAIKYOKU oya="0"/><INIT seed="0,0,0,2,1,23" ten="250,250,250,250" oya="0" hai0="76,3,75,66,60,86,39,31,89,9,21,131,51" hai1="33,17,36,41,54,44,112,69,72,110,2,65,96" hai2="97,22,19,20,71,38,87,118,13,6,80,15,29" hai3="45,49,130,105,102,106,42,120,127,116,78,73,79"/><T4/><D131/><U47/><E72/><V81/><F71/><W64/><G116/><T92/><D39/><U43/><E2/><V126/><F38/><W67/><G130/><T74/><D76/><U121/><E33/><V82/><F118/><W68/><G120/><T46/><D21/><U56/><E17/><N who="2" m="10287" /><F126/><W52/><G127/><T103/><D103/><U55/><E96/><V107/><F107/><W114/><G114/><T113/><D31/><U98/><E98/><V61/><F61/><W88/><G68/><T119/><D119/><U34/><E34/><V117/><F117/><W50/><G106/><T122/><D113/><U62/><E112/><V91/><F29/><W8/><G8/><BYE who="3" /><UN n3="%E5%BE%AE%E5%B7%AE%E3%81%AE%E4%BD%95%E5%88%87%E3%82%8B%EF%BC%9C%E9%81%8B" /><T1/><D1/><U95/><E95/><N who="2" m="56575" /><F6/><W101/><G105/><T12/><D3/><U32/><E32/><V94/><F94/><W123/><G123/><T14/><D14/><U37/><E110/><V40/><F40/><W0/><G0/><T28/><D28/><U125/><E121/><V128/><F128/><W90/><G73/><T57/><REACH who="0" step="1"/><D122/><REACH who="0" ten="240,250,250,250" step="2"/><U83/><E125/><V85/><AGARI ba="0,1" hai="15,19,22,80,81,82,85,87" m="56575,10287" machi="85" ten="30,1100,0" yaku="8,1" doraHai="23" who="2" fromWho="2" sc="240,-5,250,-3,250,21,250,-3" /><INIT seed="1,0,0,3,3,97" ten="235,247,271,247" oya="1" hai0="119,45,19,29,69,83,92,94,18,30,121,98,74" hai1="5,91,87,85,72,73,26,55,52,89,54,50,61" hai2="34,25,106,78,42,46,90,1,28,113,81,71,37" hai3="0,105,86,107,77,131,3,44,93,41,43,11,101"/><U82/><E5/><V20/><F113/><W111/><G111/><T16/><D119/><U67/><E26/><V70/><F90/><W80/><G131/><T135/><D135/><U36/><E36/><V132/><F132/><W33/><G33/><T99/><D121/><U123/><E123/><V32/><F32/><W112/><G112/><T133/><D69/><U116/><E116/><V114/><F114/><W128/><G128/><T103/><D133/><U27/><E27/><V122/><F20/><W127/><G127/><T126/><D126/><U10/><E10/><V108/><F108/><W109/><G109/><T118/><D118/><U104/><E104/><V120/><F106/><W64/><G64/><T58/><D58/><U79/><E50/><V38/><F38/><W66/><G66/><T76/><REACH who="0" step="1"/><D45/><REACH who="0" ten="225,247,271,247" step="2"/><U24/><E24/><V65/><F71/><W17/><G44/><T124/><D124/><U7/><E7/><V59/><F59/><W117/><G117/><T13/><D13/><U21/><E67/><V2/><F122/><W88/><G0/><T53/><D53/><U130/><E130/><V68/><F120/><W31/><G3/><N who="2" m="1033" /><F65/><W100/><G107/><T57/><D57/><U51/><E61/><V95/><F68/><W134/><G105/><T14/><D14/><U39/><E55/><V8/><F70/><W4/><G134/><T60/><D60/><U129/><E52/><V9/><F46/><W12/><G41/><T75/><D75/><U102/><E129/><V15/><F42/><W96/><G43/><T22/><D22/><U48/><E21/><RYUUKYOKU ba="0,1" sc="225,30,247,-10,271,-10,247,-10" hai0="16,18,19,29,30,74,76,83,92,94,98,99,103" /><INIT seed="2,1,1,4,2,129" ten="255,237,261,237" oya="2" hai0="42,24,18,135,100,76,9,122,88,32,51,82,95" hai1="120,79,12,8,47,58,21,31,96,113,127,1,56" hai2="2,105,49,111,102,44,30,101,61,132,34,130,89" hai3="62,86,63,40,92,11,71,72,117,57,29,37,123"/><V131/><F2/><W85/><G72/><T41/><D122/><U118/><E113/><V60/><F111/><W7/><G123/><T36/><D36/><U67/><E120/><V73/><F73/><W104/><G104/><T103/><D32/><U28/><E118/><V52/><F30/><W66/><G117/><T10/><D135/><U106/><E1/><V74/><F74/><W23/><G37/><T48/><D82/><U46/><E79/><V133/><F89/><W35/><G35/><T80/><D80/><U75/><E75/><V128/><F34/><W3/><G40/><N who="0" m="15467" /><D76/><U112/><E112/><V15/><F15/><W64/><REACH who="3" step="1"/><G92/><REACH who="3" ten="255,237,261,227" step="2"/><T81/><D81/><U107/><E106/><V5/><F5/><W97/><G97/><T125/><D95/><U45/><E107/><V109/><F109/><W83/><G83/><T70/><D125/><U99/><E127/><V26/><F105/><W16/><G16/><T124/><D18/><N who="1" m="8455" /><E31/><V53/><F26/><AGARI ba="1,2" hai="3,7,11,23,26,29,57,62,63,64,66,71,85,86" machi="26" ten="40,1300,0" yaku="1,1,53,0" doraHai="129" doraHaiUra="39" who="3" fromWho="2" sc="255,0,237,0,261,-16,227,36" /><INIT seed="3,0,0,5,1,30" ten="255,237,245,263" oya="3" hai0="46,87,67,114,4,105,40,96,64,43,125,13,77" hai1="15,128,31,62,9,88,91,17,49,34,104,103,33" hai2="63,45,32,57,3,12,8,68,0,39,108,56,71" hai3="100,27,98,50,59,10,93,120,102,131,69,25,74"/><W95/><G69/><T97/><D125/><U106/><E128/><V2/><F108/><W42/><G120/><T89/><D114/><U101/><E49/><V76/><F76/><W126/><G126/><T119/><D77/><U21/><E62/><V78/><F78/><W90/><G74/><T29/><D29/><U19/><E31/><V129/><F129/><W83/><G131/><T22/><D105/><U113/><E113/><V47/><F32/><W44/><G10/><N who="0" m="4295" /><D22/><U58/><E58/><V81/><F81/><W60/><G83/><N who="0" m="49407" /><D119/><U123/><E21/><V82/><F57/><W6/><G6/><T133/><D133/><U130/><E130/><V26/><F26/><W127/><G127/><T70/><D70/><U94/><E15/><V84/><F47/><W85/><REACH who="3" step="1"/><G100/><REACH who="3" ten="255,237,245,253" step="2"/><T99/><D46/><U35/><E35/><V112/><F71/><W61/><G61/><T11/><D11/><U124/><E124/><V107/><F68/><W28/><G28/><T121/><D121/><U48/><E123/><V79/><F112/><W73/><G73/><T66/><AGARI ba="0,1" hai="40,43,64,66,67,96,97,99" m="49407,4295" machi="66" ten="30,1100,0" yaku="8,1" doraHai="30" who="0" fromWho="0" sc="255,21,237,-3,245,-3,253,-5" /><INIT seed="4,0,0,3,1,99" ten="276,234,242,248" oya="0" hai0="17,56,33,16,45,116,2,72,135,97,46,68,101" hai1="91,28,7,129,86,71,42,76,6,111,32,24,82" hai2="11,23,48,26,85,93,8,66,110,52,104,5,74" hai3="133,117,0,69,90,3,130,120,36,37,70,20,51"/><T27/><D116/><U34/><E111/><V18/><F104/><W87/><G51/><T131/><D2/><N who="3" m="553" /><G20/><N who="0" m="13703" /><D33/><U58/><E71/><N who="3" m="27146" /><G90/><T63/><D68/><U13/><E129/><V102/><F74/><W4/><G4/><T64/><D72/><U29/><E42/><V35/><F35/><W95/><G95/><N who="0" m="58559" /><D135/><U128/><E128/><V105/><F105/><W112/><G87/><T25/><D131/><U103/><E103/><V10/><F66/><W59/><G59/><T125/><D125/><U9/><E58/><N who="2" m="33031" /><F110/><W119/><G130/><T107/><D107/><U118/><E118/><N who="3" m="45066" /><G133/><T124/><D124/><U126/><E126/><V31/><F85/><W49/><G49/><T98/><D98/><U43/><E43/><V89/><F5/><W73/><G73/><T67/><D67/><U84/><E6/><V44/><F44/><W57/><G57/><T47/><D47/><U19/><E7/><V39/><F89/><W40/><G40/><T115/><D115/><U121/><E32/><V113/><F113/><W109/><G112/><T123/><D123/><U108/><E121/><V127/><F127/><W77/><G120/><T38/><D38/><N who="3" m="14953" /><G77/><T134/><D134/><U122/><E122/><V50/><F39/><W1/><N who="3" m="561" /><W60/><DORA hai="15" /><G60/><T65/><D65/><U88/><E108/><AGARI ba="0,0" hai="108,109" m="14953,45066,27146,561" machi="108" ten="50,8000,1" yaku="28,2,31,2" doraHai="99,15" who="3" fromWho="1" sc="276,0,234,-80,242,0,248,80" owari="276,7.6,154,-34.6,242,-15.8,328,42.8" /></mjloggm>