<mjloggm ver="2.3"><GO type="225" lobby="0"/><UN n0="%E3%83%A9%E3%83%BC%E3%83%A1%E3%83%B3%E4%BA%94%E9%83%8E" n1="%E7%B4%94%E6%BD%94%E3%83%94%E3%83%A9%E3%83%8B%E3%82%A2" n2="%72%69%6F%75%63%68%61%6E" n3="%72%65%6E%6B%75%6E" dan="16,16,16,17" rate="2091.41,2200.18,2172.26,2219.54" sx="M,M,M,M"/><TAIKYOKU oya="0"/><INIT seed="0,0,0,1,2,51" ten="250,250,250,250" oya="0" hai0="43,130,92,17,73,64,115,104,55,116,13,40,10" hai1="56,98,107,118,86,109,91,34,54,102,45,44,66" hai2="112,68,122,125,84,33,4,35,26,63,93,21,106" hai3="50,15,29,110,96,69,127,120,14,16,97,71,87"/><T25/><D115/><U60/><E118/><V111/><F122/><W2/><G2/><T12/><D116/><U74/><E74/><V57/><F112/><W42/><G120/><T90/><D104/><U47/><E34/><V53/><F106/><W88/><G29/><T99/><D130/><U6/><E6/><V77/><F111/><W129/><G110/><T119/><D119/><U36/><E109/><V3/><F125/><W8/><G129/><T100/><D73/><U38/><REACH who="1" step="1"/><E66/><REACH who="1" ten="250,240,250,250" step="2"/><V0/><F4/><N who="3" m="3335" /><G127/><T67/><D67/><U22/><E22/><V58/><F33/><W108/><G108/><T31/><D64/><U37/><E37/><V30/><F35/><W134/><G69/><T27/><D10/><U123/><E123/><V11/><F11/><N who="3" m="6271" /><G71/><T7/><D7/><U72/><E72/><V121/><F68/><W76/><G134/><T9/><D9/><U46/><N who="1" m="11264" /><DORA hai="81" /><U80/><AGARI ba="0,1" hai="36,38,54,56,60,80,86,91,98,102,107" m="11264" machi="80" ten="40,8000,1" yaku="1,1,4,1,0,1,52,2,53,0" doraHai="51,81" doraHaiUra="132,114" who="1" fromWho="1" sc="250,-40,240,90,250,-20,250,-20" /><INIT seed="1,0,0,3,5,19" ten="210,330,230,230" oya="1" hai0="122,22,127,114,116,126,64,98,99,13,65,129,34" hai1="14,76,111,42,40,27,66,5,33,92,88,109,63" hai2="26,77,87,37,97,23,49,12,15,61,103,94,4" hai3="89,110,24,79,28,117,9,0,17,71,82,70,91"/><U72/><E72/><V134/><F37/><W102/><G110/><N who="1" m="41994" /><E76/><V78/><F134/><W32/><G102/><T93/><D114/><U81/><E81/><N who="2" m="47535" /><F4/><W47/><G117/><T16/><D116/><U8/><E27/><V135/><F135/><W59/><G59/><T18/><D129/><U53/><E53/><V118/><F118/><W11/><G11/><N who="0" m="6207" /><D34/><U62/><E33/><V6/><F6/><W52/><G70/><T44/><D122/><U50/><E50/><V131/><F131/><W20/><G71/><T112/><D112/><U2/><E2/><V121/><F78/><W125/><G125/><N who="0" m="47627" /><D44/><U75/><E75/><V7/><F7/><W100/><G32/><T39/><D39/><U107/><E107/><V73/><F73/><W31/><G47/><T29/><D29/><U48/><E48/><V25/><F49/><W123/><G28/><T124/><N who="0" m="47635" /><T130/><DORA hai="41" /><D130/><U80/><E80/><V46/><F46/><W133/><G31/><T85/><D85/><N who="1" m="52239" /><E62/><V128/><F128/><W21/><G0/><T51/><D51/><U60/><E63/><V96/><F121/><W113/><G123/><T56/><D98/><U43/><E40/><V108/><F96/><W10/><G133/><T38/><D38/><U120/><E120/><V58/><F108/><W74/><G74/><T30/><D30/><U115/><E115/><V84/><F84/><W69/><G79/><T106/><D106/><U95/><E95/><V54/><F26/><W132/><G82/><T35/><D93/><U68/><AGARI ba="0,0" hai="5,8,14,42,43,60,66,68" m="52239,41994" machi="68" ten="30,6000,0" yaku="14,1,10,1,54,1" doraHai="19,41" who="1" fromWho="1" sc="210,-20,330,60,230,-20,230,-20" /><INIT seed="1,1,0,0,0,69" ten="190,390,210,210" oya="1" hai0="71,37,17,132,78,44,4,112,118,9,124,107,96" hai1="95,15,22,68,115,20,85,28,24,94,47,42,93" hai2="2,31,14,108,129,18,133,114,98,89,0,59,26" hai3="130,80,86,3,67,111,131,97,110,99,134,58,56"/><U1/><E68/><V126/><F108/><N who="3" m="41515" /><G3/><N who="0" m="159" /><D17/><U82/><E1/><V60/><F126/><W39/><G39/><T48/><D48/><U53/><E53/><V128/><F133/><W36/><G36/><T92/><D92/><U12/><E20/><N who="2" m="11351" /><F114/><W76/><G134/><T77/><D132/><U84/><E115/><V87/><F98/><N who="3" m="37387" /><G67/><T73/><D112/><U101/><E101/><V79/><F79/><W63/><G63/><T27/><D78/><U33/><E33/><N who="2" m="20727" /><F59/><AGARI ba="1,0" hai="56,58,59,76,80,86,130,131" m="37387,41515" machi="59" ten="30,1000,0" yaku="14,1" doraHai="69" who="3" fromWho="2" sc="190,0,390,0,210,-13,210,13" /><INIT seed="2,0,0,0,4,89" ten="190,390,197,223" oya="2" hai0="93,120,15,17,88,85,115,59,68,133,61,117,56" hai1="46,47,135,65,101,74,132,104,22,67,99,10,27" hai2="86,97,119,72,14,113,44,80,33,9,35,50,82" hai3="122,105,110,11,69,45,129,63,91,43,42,111,112"/><V8/><F113/><W118/><G105/><T49/><D120/><U26/><E74/><V20/><F119/><W79/><G79/><T77/><D115/><U55/><E10/><V102/><F72/><W24/><G112/><T107/><D107/><U53/><E26/><V0/><F0/><W70/><G122/><T108/><D117/><U96/><E96/><V57/><F57/><W62/><G24/><T3/><D3/><U90/><E90/><V81/><F86/><W78/><G78/><T1/><D1/><U60/><E55/><V29/><F20/><W36/><G11/><N who="0" m="6399" /><D68/><N who="3" m="26217" /><G91/><T28/><D108/><N who="3" m="41513" /><G118/><T66/><D133/><N who="1" m="51275" /><E53/><V41/><F29/><W130/><G42/><T125/><D125/><U98/><E98/><V4/><REACH who="2" step="1"/><F9/><REACH who="2" ten="190,390,187,223" step="2"/><W95/><G95/><AGARI ba="0,1" hai="4,8,14,33,35,41,44,50,80,81,82,95,97,102" machi="95" ten="40,7700,0" yaku="1,1,2,1,52,1,53,0" doraHai="89" doraHaiUra="51" who="2" fromWho="3" sc="190,0,390,0,187,87,223,-77" /><INIT seed="2,1,0,1,1,18" ten="190,390,274,146" oya="2" hai0="70,54,31,67,126,53,132,85,58,79,94,135,106" hai1="64,62,35,13,115,87,36,134,88,6,108,4,12" hai2="27,69,76,23,100,11,45,127,116,44,14,93,121" hai3="101,15,123,60,82,113,91,19,46,24,7,95,42"/><V73/><F116/><W8/><G123/><T0/><D106/><U78/><E36/><V59/><F121/><W80/><G113/><T43/><D126/><U39/><E39/><V26/><F69/><W74/><G101/><T63/><D0/><U41/><E35/><V107/><F107/><W104/><G104/><T84/><D31/><U2/><E41/><V102/><F127/><W81/><G60/><T10/><D10/><U50/><E50/><V129/><F129/><W77/><G24/><T52/><D43/><U49/><E49/><V124/><F124/><W96/><REACH who="3" step="1"/><G19/><REACH who="3" ten="190,390,274,136" step="2"/><T55/><D63/><U38/><E62/><V117/><F27/><W125/><G125/><T21/><D132/><U109/><E115/><V120/><F102/><W29/><G29/><T90/><D135/><U98/><E134/><V66/><F100/><W114/><G114/><T128/><D128/><U57/><E64/><V37/><F66/><W131/><G131/><T130/><D130/><U40/><E108/><V32/><F26/><W25/><G25/><T34/><D67/><U61/><E61/><V9/><F120/><W75/><G75/><T48/><D70/><U28/><E109/><V33/><F73/><W105/><G105/><T5/><D34/><U110/><E28/><V86/><F32/><W3/><G3/><T111/><D111/><U20/><E2/><V103/><F33/><W122/><G122/><T89/><D5/><U65/><E65/><V16/><F103/><W51/><AGARI ba="1,1" hai="7,8,15,42,46,51,74,77,80,81,82,91,95,96" machi="51" ten="20,2700,0" yaku="1,1,0,1,7,1,53,0" doraHai="18" doraHaiUra="30" who="3" fromWho="3" sc="190,-8,390,-8,274,-14,136,40" /><INIT seed="3,0,0,1,0,125" ten="182,382,260,176" oya="3" hai0="83,18,37,51,134,67,116,36,97,84,68,104,8" hai1="24,66,132,72,17,32,127,27,64,3,41,88,29" hai2="113,28,13,86,98,117,31,11,120,79,118,122,114" hai3="33,43,115,16,19,123,89,63,52,59,14,131,81"/><W23/><G33/><T44/><D116/><N who="2" m="44650" /><F98/><W2/><G2/><T56/><D134/><U119/><E127/><V26/><F86/><N who="3" m="50383" /><G115/><N who="2" m="44041" /><F79/><W105/><G123/><N who="2" m="47145" /><F26/><N who="3" m="14695" /><G131/><T15/><D36/><U0/><E88/><V34/><F34/><W35/><G105/><T101/><D37/><U73/><E32/><V7/><AGARI ba="0,0" hai="7,11,13,28,31" m="47145,44041,44650" machi="7" ten="40,5200,0" yaku="13,1,34,2" doraHai="125" who="2" fromWho="2" sc="182,-13,382,-13,260,52,176,-26" owari="169,-23.1,369,46.9,312,11.2,150,-35.0" /></mjloggm>