<mjloggm ver="2.3"><GO type="225" lobby="0"/><UN n0="%45%6C%79%73%69%75%6D" n1="%E3%81%A0%E3%81%8A" n2="%E3%82%B2%E3%82%B9%E8%8C%82%E5%8B%9D" n3="%63%68%78%62%64" dan="17,16,16,16" rate="2118.28,2039.14,2105.70,2142.75" sx="F,M,F,M"/><TAIKYOKU oya="0"/><INIT seed="0,0,0,1,0,104" ten="250,250,250,250" oya="0" hai0="54,22,31,97,52,4,71,76,124,6,110,56,101" hai1="85,9,63,37,1,10,21,99,59,108,98,130,30" hai2="135,57,26,0,40,65,91,90,131,27,28,103,41" hai3="95,33,44,48,14,94,78,50,93,74,49,121,72"/><T25/><D71/><U92/><E37/><V3/><F131/><W32/><G78/><T68/><D68/><U132/><E130/><V106/><F135/><W20/><G44/><T118/><D118/><U117/><E117/><V88/><F103/><W83/><G83/><T66/><D124/><U81/><E108/><V62/><F106/><W19/><REACH who="3" step="1"/><G121/><REACH who="3" ten="250,250,250,240" step="2"/><T129/><D76/><U122/><E81/><V38/><F38/><W120/><G120/><T115/><D129/><U45/><E122/><V8/><F41/><W123/><G123/><T23/><D110/><U109/><E45/><V105/><F40/><W53/><G53/><T125/><D125/><U60/><E109/><V134/><F134/><W113/><G113/><T64/><D115/><U114/><E132/><V107/><F65/><W29/><G29/><T15/><D54/><U133/><E30/><V116/><F28/><W112/><G112/><T17/><D66/><U126/><E114/><V7/><F116/><W84/><G84/><T82/><D64/><U42/><E85/><V13/><F0/><W35/><AGARI ba="0,1" hai="14,19,20,32,33,35,48,49,50,72,74,93,94,95" machi="35" ten="40,16000,3" yaku="1,1,0,1,29,2,52,2,53,3" doraHai="104" doraHaiUra="47" who="3" fromWho="3" sc="250,-80,250,-40,250,-40,240,170" /><INIT seed="1,0,0,0,4,6" ten="170,210,210,410" oya="1" hai0="12,49,1,73,55,101,36,103,39,123,17,47,59" hai1="130,79,63,75,56,117,57,81,119,62,84,124,41" hai2="30,21,43,89,24,66,77,45,69,14,58,128,126" hai3="52,121,93,67,16,40,122,37,91,120,135,82,3"/><U22/><E124/><V71/><F126/><W127/><G127/><T104/><D1/><U34/><E34/><V15/><F128/><W80/><G3/><T5/><D5/><U51/><E130/><V83/><F89/><W105/><G105/><T44/><D123/><U53/><E75/><V116/><F116/><W86/><G135/><T78/><D39/><U111/><E111/><V74/><F58/><W28/><G28/><T18/><D18/><U31/><E41/><V114/><F114/><W102/><G67/><T97/><D103/><U33/><E33/><V2/><F2/><W76/><G102/><T95/><D104/><U23/><E51/><V32/><F32/><W87/><G52/><T26/><D26/><U4/><E4/><V133/><F133/><W70/><G70/><T131/><D131/><U109/><E109/><V125/><F125/><W88/><G40/><T35/><D35/><U29/><E29/><V54/><F54/><W38/><G16/><T107/><D107/><U60/><E60/><V100/><F100/><W0/><REACH who="3" step="1"/><G0/><REACH who="3" ten="170,210,210,400" step="2"/><T25/><D25/><N who="1" m="16823" /><E23/><V129/><F129/><W9/><G9/><T108/><D108/><U98/><E53/><V10/><F66/><W85/><AGARI ba="0,1" hai="37,38,76,80,82,85,86,87,88,91,93,120,121,122" machi="85" ten="40,5200,0" yaku="1,1,0,1,54,1,53,0" doraHai="6" doraHaiUra="27" who="3" fromWho="3" sc="170,-13,210,-26,210,-13,400,62" /><INIT seed="2,0,0,5,4,119" ten="157,184,197,462" oya="2" hai0="134,12,116,31,67,55,110,2,44,27,113,9,11" hai1="17,112,20,127,123,100,121,105,89,129,90,25,64" hai2="88,94,7,10,95,79,60,21,84,131,65,37,122" hai3="15,74,66,49,52,14,77,86,72,46,71,68,28"/><V36/><F131/><W30/><G74/><T118/><D67/><U87/><E112/><V124/><F124/><W91/><G72/><T58/><D44/><U92/><E127/><V57/><F79/><W85/><G71/><T111/><D113/><U6/><E129/><V48/><F122/><N who="1" m="46601" /><E6/><V115/><F115/><W126/><G126/><T42/><D42/><U103/><E105/><V76/><F76/><W5/><G68/><T16/><D134/><U40/><E64/><V1/><F21/><W93/><G66/><T78/><D78/><U50/><E90/><V73/><F73/><W41/><G41/><T130/><D130/><U106/><E106/><V45/><REACH who="2" step="1"/><F95/><REACH who="2" ten="157,184,187,462" step="2"/><W56/><G77/><T39/><D116/><U132/><E132/><V96/><F96/><W13/><G93/><T128/><D118/><U75/><E75/><V59/><F59/><W19/><G56/><T34/><D128/><U33/><E33/><V102/><F102/><W43/><G86/><T4/><REACH who="0" step="1"/><D39/><REACH who="0" ten="147,184,187,462" step="2"/><U29/><E29/><V120/><F120/><W81/><G28/><T114/><D114/><U47/><AGARI ba="0,2" hai="17,20,25,40,47,50,87,89,92,100,103" m="46601" machi="47" ten="30,7900,0" yaku="13,1,52,3" doraHai="119" who="1" fromWho="1" sc="147,-20,184,99,187,-39,462,-20" /><INIT seed="3,0,0,1,3,110" ten="127,283,148,442" oya="3" hai0="61,36,102,48,94,21,4,19,68,112,103,75,66" hai1="62,16,82,29,25,71,113,52,105,88,128,134,63" hai2="111,86,123,6,43,92,80,7,54,85,56,79,115" hai3="65,18,46,114,131,90,28,42,89,121,45,109,51"/><W14/><G121/><T100/><D36/><U1/><E88/><N who="3" m="33898" /><G114/><T99/><D75/><U49/><E52/><V67/><F111/><W83/><G109/><T47/><D4/><U32/><E16/><V120/><F115/><W87/><G131/><T64/><D64/><U38/><E49/><V26/><F43/><W74/><G74/><T20/><D112/><U55/><E63/><V107/><F107/><W22/><G46/><T40/><REACH who="0" step="1"/><D21/><REACH who="0" ten="117,283,148,442" step="2"/><U13/><E38/><V76/><F120/><W132/><G65/><T59/><D59/><U117/><E113/><V39/><F123/><W11/><G132/><T33/><D33/><U125/><E32/><V104/><F39/><W12/><G28/><T127/><D127/><U60/><E125/><V130/><F67/><W106/><G106/><T50/><D50/><U35/><E105/><V69/><F104/><W122/><G122/><T96/><D96/><U5/><E29/><V24/><F69/><W30/><G30/><T10/><D10/><U8/><E35/><V70/><F70/><W118/><G118/><T97/><D97/><U44/><E8/><V81/><F130/><W77/><G11/><T34/><D34/><U41/><E117/><V91/><F76/><W133/><G133/><T93/><D93/><U124/><E71/><V37/><F37/><W57/><G57/><T2/><D2/><U72/><E128/><V27/><F92/><W9/><G9/><T31/><D31/><U53/><E1/><V0/><F0/><W95/><G95/><T73/><D73/><U84/><E72/><V78/><F78/><RYUUKYOKU ba="0,1" sc="117,10,283,-30,148,10,442,10" hai0="19,20,40,47,48,61,66,68,94,99,100,102,103" hai2="6,7,24,26,27,54,56,79,80,81,85,86,91" hai3="12,14,18,22,42,45,51,77,83,87" owari="127,-37.3,253,5.3,158,-24.2,462,56.2" /></mjloggm>