<mjloggm ver="2.3"><GO type="225" lobby="0"/><UN n0="%E6%A1%9C%E8%8A%B1%E9%96%83%E3%80%85" n1="%E5%8D%A0%E3%81%84%E5%B8%AB%E8%A3%8F%E3%81%AA%E3%81%84%E3%81%97" n2="%E3%82%A2%E3%83%A1%E3%82%A2%E3%83%A9%E3%83%AC" n3="%E8%B6%85%E7%B4%9A%E9%B3%B3%E5%87%B0" dan="16,17,16,16" rate="2145.26,2157.22,2045.35,2180.21" sx="M,M,M,F"/><TAIKYOKU oya="0"/><INIT seed="0,0,0,3,4,118" ten="250,250,250,250" oya="0" hai0="32,48,55,123,22,35,120,113,74,135,97,81,80" hai1="7,71,21,27,102,98,33,116,128,121,51,129,85" hai2="17,73,133,40,26,122,31,43,29,131,41,107,60" hai3="78,53,36,99,89,9,50,88,18,76,2,105,87"/><T132/><D113/><U10/><E116/><V5/><F107/><W30/><G36/><T109/><D22/><U119/><E33/><N who="0" m="12873" /><D97/><U94/><E71/><V47/><F73/><W23/><G30/><T12/><D12/><U68/><E68/><V127/><F127/><W57/><G9/><T6/><D6/><U59/><E119/><V49/><F133/><N who="0" m="51274" /><D109/><U61/><E51/><V104/><F131/><N who="1" m="50249" /><E85/><V65/><F104/><W56/><G2/><T93/><D93/><U66/><E10/><V75/><F75/><W54/><G99/><T15/><D15/><U110/><E110/><V46/><F5/><W0/><G0/><T106/><D106/><U124/><E7/><V3/><F3/><W70/><G70/><T63/><D63/><U39/><E39/><V84/><F60/><W11/><G11/><T16/><D16/><N who="1" m="12711" /><E124/><V108/><F108/><W117/><G117/><T134/><D134/><U126/><E126/><V28/><F17/><W77/><G105/><T83/><D74/><U4/><E4/><V101/><F29/><W112/><G112/><T24/><D24/><U64/><E64/><V86/><F26/><N who="3" m="14711" /><G87/><T114/><D114/><U52/><E66/><V79/><F86/><W62/><AGARI ba="0,0" hai="50,53,54,56,57,62,76,77,78,88,89" m="14711" machi="62" ten="30,2000,0" yaku="8,1,54,1" doraHai="118" who="3" fromWho="3" sc="250,-10,250,-5,250,-5,250,20" /><INIT seed="1,0,0,4,5,62" ten="240,245,245,270" oya="1" hai0="10,129,0,77,42,99,91,57,133,122,85,29,37" hai1="60,79,20,100,1,21,96,25,112,126,107,121,43" hai2="104,30,45,134,98,78,52,125,24,66,19,4,9" hai3="69,54,108,102,109,120,83,97,18,39,50,33,5"/><U117/><E112/><V119/><F134/><W105/><G120/><T68/><D133/><U110/><E117/><V67/><F125/><W63/><G33/><T75/><D68/><U32/><E121/><V13/><F119/><W103/><G39/><T71/><D71/><U23/><E1/><V92/><F104/><W124/><G124/><T64/><D129/><U51/><E126/><V58/><F45/><W73/><G5/><T128/><D29/><U116/><E116/><V89/><F78/><W90/><G103/><T131/><D99/><U38/><E38/><V55/><F4/><W35/><G35/><T28/><D28/><U81/><E32/><V7/><F30/><W12/><G63/><N who="0" m="37999" /><D122/><U41/><E110/><N who="3" m="42602" /><G69/><T46/><D85/><U80/><E80/><V76/><F76/><N who="3" m="44431" /><G90/><T22/><D91/><U44/><E60/><N who="2" m="35911" /><F55/><W127/><G127/><T49/><D49/><U70/><E70/><V132/><F132/><W48/><G54/><T56/><D77/><U94/><E107/><V93/><F92/><W31/><G31/><T6/><D75/><U65/><E41/><V34/><F34/><W26/><G26/><T88/><D128/><U135/><E135/><V114/><F114/><W123/><G123/><T130/><D130/><U2/><E2/><V111/><F111/><W14/><G12/><T15/><D131/><U106/><E106/><V8/><F8/><AGARI ba="0,0" hai="8,14,18,48,50,97,102,105" m="44431,42602" machi="8" ten="30,1000,0" yaku="14,1" doraHai="62" who="3" fromWho="2" sc="240,0,245,0,245,-10,270,10" /><INIT seed="2,0,0,5,4,80" ten="240,245,235,280" oya="2" hai0="79,96,43,15,6,41,11,97,95,70,47,9,69" hai1="76,135,102,118,8,119,16,12,26,93,36,0,10" hai2="28,3,61,104,22,83,57,48,94,23,126,37,2" hai3="20,108,18,60,111,134,32,7,114,27,54,19,87"/><V92/><F104/><W75/><G75/><T66/><D79/><U86/><E36/><V42/><F37/><W90/><G134/><T4/><D66/><U109/><E109/><N who="3" m="42058" /><G114/><T45/><D95/><U113/><E113/><V89/><F126/><W123/><G123/><T31/><D15/><U112/><E112/><V29/><F83/><W78/><G32/><T5/><D5/><U106/><E106/><V71/><F71/><W98/><G78/><T88/><D31/><N who="2" m="11850" /><F3/><W99/><G7/><T100/><REACH who="0" step="1"/><D100/><REACH who="0" ten="230,245,235,280" step="2"/><U46/><E102/><V131/><F2/><W73/><G73/><T25/><D25/><U35/><E26/><V128/><F94/><N who="3" m="54623" /><G19/><T33/><D33/><U24/><E16/><V82/><F82/><W62/><G62/><T133/><D133/><U14/><E135/><V125/><F125/><W68/><G68/><T34/><D34/><U64/><E35/><V103/><F103/><W59/><AGARI ba="0,1" hai="18,20,27,54,59,60,98,99" m="54623,42058" machi="59" ten="30,2000,0" yaku="14,1,52,1" doraHai="80" who="3" fromWho="3" sc="230,-5,245,-5,235,-10,280,30" /><INIT seed="3,0,0,4,1,13" ten="225,240,225,310" oya="3" hai0="12,89,32,105,30,4,123,56,8,54,44,108,117" hai1="93,3,6,77,1,14,64,40,133,113,131,7,18" hai2="82,111,107,128,121,11,78,55,36,80,132,53,110" hai3="63,109,67,127,24,41,114,79,62,66,88,101,120"/><W29/><G114/><T85/><D123/><U45/><E113/><V115/><F115/><W52/><G120/><T126/><D117/><U15/><E77/><V28/><F121/><W19/><G127/><T70/><D70/><U69/><E133/><V76/><F132/><W51/><G109/><N who="2" m="41481" /><F128/><W95/><G101/><T98/><D108/><U87/><E131/><V23/><F107/><W129/><G129/><T122/><D122/><U49/><E64/><V33/><F36/><W57/><G79/><T135/><D135/><U75/><E75/><N who="2" m="43039" /><F33/><W47/><G63/><T86/><D126/><U130/><E69/><V16/><F11/><W43/><G43/><T90/><D44/><U83/><E45/><V0/><F28/><W116/><G116/><T102/><D32/><U73/><E130/><V125/><F0/><W112/><G112/><T103/><D30/><U96/><E1/><V48/><F48/><W100/><G29/><T31/><D31/><U84/><E3/><V2/><F2/><W97/><G100/><N who="0" m="38443" /><D105/><U37/><E37/><V35/><F35/><W10/><G10/><T99/><D89/><U59/><E73/><N who="2" m="43343" /><F125/><W50/><G50/><N who="0" m="30807" /><D90/><U20/><E49/><V91/><F91/><W46/><G47/><T74/><D74/><U60/><E59/><V92/><F92/><W38/><G38/><T39/><D39/><U72/><E93/><V104/><F104/><W42/><G41/><T94/><D94/><U22/><E40/><V134/><F134/><W5/><G42/><T21/><D21/><U58/><E22/><V81/><F81/><W26/><G46/><RYUUKYOKU ba="0,0" sc="225,15,240,-15,225,15,310,-15" hai0="4,8,12,85,86,98,99" hai2="16,23,53,55" /><INIT seed="4,1,0,1,3,88" ten="240,225,240,295" oya="0" hai0="58,77,68,120,40,85,22,75,27,84,66,100,52" hai1="21,106,86,6,50,83,8,16,101,71,116,114,51" hai2="104,92,87,35,47,112,41,14,110,23,82,130,61" hai3="81,117,128,131,49,102,0,26,59,93,108,7,115"/><T99/><D120/><U5/><E71/><V57/><F110/><W63/><G108/><T91/><D40/><U20/><E116/><V95/><F130/><N who="3" m="49707" /><G117/><T65/><D68/><U12/><E106/><V15/><F35/><W17/><G115/><T76/><D75/><U32/><E32/><V42/><F104/><W111/><G111/><T24/><D99/><U74/><E74/><V127/><F127/><W37/><G37/><T123/><D100/><U55/><E101/><V73/><F73/><W107/><G107/><T29/><D27/><U90/><E114/><V124/><F124/><W45/><G81/><N who="0" m="47151" /><D76/><U48/><REACH who="1" step="1"/><E55/><REACH who="1" ten="240,215,240,295" step="2"/><V2/><F112/><W109/><G102/><T69/><D69/><U94/><E94/><V9/><F92/><W97/><G93/><N who="0" m="54511" /><D123/><U121/><E121/><V118/><F95/><W11/><G109/><T44/><D44/><U98/><E98/><V4/><F47/><W122/><G97/><T105/><D105/><U70/><E70/><V67/><F118/><W60/><G122/><T119/><D119/><U133/><E133/><V89/><F2/><W125/><G125/><T54/><D54/><U39/><E39/><V33/><F33/><W18/><G45/><T38/><D38/><U10/><E10/><V79/><F79/><W113/><G113/><T31/><D31/><U103/><E103/><V80/><F82/><W56/><G59/><T126/><D126/><U28/><E28/><V46/><F46/><W36/><G36/><T78/><D78/><U53/><E53/><V13/><F23/><AGARI ba="1,1" hai="5,6,8,12,16,20,21,23,48,50,51,83,86,90" machi="23" ten="40,5200,0" yaku="1,1,8,1,54,1,53,0" doraHai="88" doraHaiUra="132" who="1" fromWho="2" sc="240,0,215,65,240,-55,295,0" /><INIT seed="5,0,0,3,1,70" ten="240,280,185,295" oya="1" hai0="121,73,65,33,85,114,123,37,3,15,104,82,76" hai1="30,55,127,45,95,64,26,92,84,63,29,103,9" hai2="39,99,54,102,56,107,86,132,81,124,41,105,130" hai3="69,119,50,135,48,71,68,47,1,51,78,66,32"/><U21/><E127/><V122/><F122/><N who="0" m="46602" /><D3/><U98/><E9/><V52/><F124/><W8/><G32/><T49/><D114/><U131/><E131/><V89/><F130/><W134/><G119/><T43/><D33/><U22/><E55/><V72/><F132/><N who="3" m="50731" /><G66/><T108/><D108/><U6/><E45/><V126/><F126/><W11/><G1/><T57/><D104/><U7/><E22/><V112/><F112/><W13/><G78/><T19/><D65/><U18/><E18/><V115/><F115/><W42/><G11/><N who="0" m="6655" /><D57/><N who="1" m="36975" /><E29/><V62/><F72/><W24/><G24/><T93/><D49/><U125/><E125/><V120/><F120/><W23/><G23/><T53/><D53/><U59/><E59/><V58/><F107/><W109/><G109/><T129/><D129/><U46/><E46/><V91/><F41/><W44/><G47/><N who="0" m="24047" /><D93/><U79/><E95/><V4/><F4/><AGARI ba="0,0" hai="4,8,13,42,44,48,50,51,68,69,71" m="50731" machi="4" ten="40,1300,0" yaku="20,1" doraHai="70" who="3" fromWho="2" sc="240,0,280,0,185,-13,295,13" owari="240,-16.0,280,8.0,172,-32.8,308,40.8" /></mjloggm>