<mjloggm ver="2.3"><GO type="225" lobby="0"/><UN n0="%E5%B0%8F%E9%B3%A5%E9%81%8A%E7%B7%B4%E7%84%A1%32%31%E6%AD%B3" n1="%E6%B4%BE%E9%81%A3%E3%81%AE%E3%82%B8%E3%83%A3%E3%83%83%E3%82%AF" n2="%72%61%6B%33" n3="%E6%97%A5%E6%9B%9C%E6%97%A5%E3%82%88%E3%82%8A%E3%81%AE%E4%BD%BF%E8%80%85" dan="16,17,16,17" rate="2162.92,2189.97,2042.33,2134.36" sx="F,M,M,M"/><TAIKYOKU oya="0"/><INIT seed="0,0,0,5,2,28" ten="250,250,250,250" oya="0" hai0="101,66,2,62,110,112,26,130,38,16,111,124,114" hai1="7,109,93,59,34,128,49,71,29,121,58,53,11" hai2="81,83,27,22,57,77,85,23,79,36,103,76,99" hai3="113,131,5,19,20,31,115,63,61,12,97,30,68"/><T87/><D38/><U67/><E121/><V52/><F36/><W74/><G74/><T89/><D2/><U69/><E128/><V123/><F123/><W119/><G119/><T108/><D101/><U90/><E109/><N who="0" m="42089" /><D130/><U18/><E18/><V17/><F23/><W134/><G131/><T55/><D55/><U24/><E59/><V78/><F83/><W10/><G134/><T64/><D124/><U107/><E107/><V45/><F45/><W80/><G115/><N who="0" m="44075" /><D62/><U95/><E67/><V135/><F135/><W106/><G113/><T96/><D96/><U14/><REACH who="1" step="1"/><E95/><REACH who="1" ten="250,240,250,250" step="2"/><V118/><F118/><W39/><G106/><T100/><D111/><U44/><E44/><V70/><F70/><W105/><G68/><T56/><D56/><U15/><E15/><V33/><F57/><W13/><G13/><T25/><D100/><U0/><E0/><V104/><F103/><W1/><G1/><T35/><D25/><U6/><E6/><V82/><F27/><W75/><G5/><T41/><D16/><U9/><E9/><V42/><F17/><W94/><G10/><T129/><D129/><U91/><E91/><V117/><F104/><W37/><G105/><T50/><D66/><U8/><E8/><V54/><F117/><W125/><G19/><T51/><D64/><U65/><E65/><V120/><F120/><W122/><G122/><T116/><D116/><U86/><AGARI ba="0,1" hai="7,11,14,24,29,34,49,53,58,69,71,86,90,93" machi="86" ten="20,5200,0" yaku="1,1,0,1,7,1,52,1,53,0" doraHai="28" doraHaiUra="40" who="1" fromWho="1" sc="250,-26,240,62,250,-13,250,-13" /><INIT seed="1,0,0,5,3,97" ten="224,302,237,237" oya="1" hai0="11,122,100,58,30,62,53,125,73,85,106,21,32" hai1="72,101,46,90,39,103,41,82,87,80,19,107,117" hai2="27,69,84,45,111,18,110,20,78,51,118,79,52" hai3="28,34,124,114,77,16,129,76,64,38,68,70,91"/><U99/><E117/><V119/><F69/><W105/><G114/><T135/><D73/><U92/><E19/><V93/><F93/><W134/><G38/><T130/><D125/><U44/><E44/><V86/><F86/><W42/><G105/><T59/><D135/><U74/><E82/><N who="2" m="47191" /><F79/><W94/><G42/><T25/><D130/><U0/><E0/><V116/><F27/><W47/><G28/><T31/><D122/><U131/><E131/><V23/><F18/><W57/><G34/><T48/><D11/><U33/><E33/><V3/><F3/><W5/><G70/><T56/><D85/><U37/><E37/><V36/><F36/><W71/><G68/><T17/><D32/><U29/><E29/><V8/><F8/><W120/><G71/><T104/><D104/><U89/><REACH who="1" step="1"/><E107/><REACH who="1" ten="224,292,237,237" step="2"/><V127/><F127/><W7/><G124/><T95/><D106/><U108/><E108/><AGARI ba="0,1" hai="20,23,45,51,52,108,110,111,116,118,119" m="47191" machi="108" ten="40,2600,0" yaku="14,1,54,1" doraHai="97" who="2" fromWho="1" sc="224,0,292,-26,237,36,237,0" /><INIT seed="2,0,0,1,1,66" ten="224,266,273,237" oya="2" hai0="135,79,60,16,122,117,37,90,97,73,121,51,91" hai1="76,12,74,48,114,38,127,103,95,35,8,118,39" hai2="125,5,88,43,115,13,130,105,25,9,10,40,30" hai3="33,100,83,92,44,46,20,116,54,77,94,22,50"/><V132/><F115/><W53/><G33/><T98/><D37/><U85/><E114/><V106/><F125/><W102/><G116/><T68/><D51/><U72/><E35/><V26/><F130/><W70/><G70/><T113/><D113/><U57/><E118/><V84/><F132/><W49/><G83/><T65/><D135/><U0/><E0/><V3/><F106/><W81/><G81/><T86/><D73/><U36/><E127/><V1/><F105/><W56/><G56/><T101/><D79/><AGARI ba="0,0" hai="20,22,44,46,49,50,53,54,77,79,92,94,100,102" machi="79" ten="25,3200,0" yaku="22,2,8,1" doraHai="66" who="3" fromWho="0" sc="224,-32,266,0,273,0,237,32" /><INIT seed="3,0,0,2,1,127" ten="192,266,273,269" oya="3" hai0="0,78,64,72,71,56,29,134,118,129,108,97,22" hai1="84,121,34,63,92,18,35,102,130,19,31,47,9" hai2="52,4,101,42,27,70,45,21,69,28,110,7,41" hai3="105,109,43,128,23,112,12,83,87,103,24,95,26"/><W30/><G112/><T74/><D118/><U100/><E121/><V48/><F110/><W59/><G105/><T5/><D71/><U114/><E114/><V1/><F70/><W38/><G38/><T46/><D108/><U36/><E63/><V133/><F69/><W17/><G43/><T85/><D97/><U58/><E58/><V60/><F133/><W2/><G2/><T82/><D46/><U119/><E119/><V13/><F1/><W15/><G109/><T20/><D134/><U123/><E123/><V125/><F125/><W14/><G59/><T122/><D122/><U55/><E84/><V66/><F101/><W39/><G39/><T132/><D132/><U91/><E91/><V107/><F107/><W86/><G128/><T73/><D29/><U76/><E76/><V93/><F93/><W65/><G65/><T89/><D129/><U61/><E36/><V16/><F66/><W53/><G53/><T77/><D5/><N who="2" m="2122" /><F60/><W117/><G117/><T79/><D0/><U135/><E135/><V113/><F113/><W44/><G44/><T115/><D115/><U40/><E130/><V57/><F45/><W54/><G54/><T8/><REACH who="0" step="1"/><D8/><AGARI ba="0,0" hai="8,13,16,21,27,28,41,42,48,52,57" m="2122" machi="8" ten="30,3900,0" yaku="8,1,54,2" doraHai="127" who="2" fromWho="0" sc="192,-39,266,0,273,39,269,0" owari="153,-34.7,266,-13.4,312,41.2,269,6.9" /></mjloggm>