<mjloggm ver="2.3"><GO type="225" lobby="0"/><UN n0="%E5%B0%8F%E9%B3%A5%E9%81%8A%E7%B7%B4%E7%84%A1%32%31%E6%AD%B3" n1="%70%6E%64%73%6E%67" n2="%E5%B0%8F%37%34" n3="%4C%4F%4C%49%54%41" dan="16,16,16,16" rate="2143.18,2098.95,2150.23,2217.53" sx="F,M,M,F"/><TAIKYOKU oya="0"/><INIT seed="0,0,0,4,1,80" ten="250,250,250,250" oya="0" hai0="78,125,72,57,73,81,115,82,16,59,8,70,6" hai1="28,55,98,7,127,130,71,101,66,50,122,110,67" hai2="105,91,30,79,47,100,108,25,102,132,14,3,45" hai3="56,114,133,24,89,26,23,0,18,99,107,76,116"/><T54/><D70/><U4/><E122/><V97/><F3/><W58/><G114/><T112/><D125/><U94/><E110/><V109/><F102/><W118/><G0/><T120/><D120/><U86/><E130/><V13/><F79/><W121/><G121/><T12/><D6/><N who="1" m="2091" /><E71/><V29/><F29/><W61/><G133/><T17/><D17/><U85/><E28/><V62/><F62/><W123/><G123/><T69/><D69/><U40/><E40/><V65/><F65/><N who="1" m="24585" /><E127/><V42/><F132/><W75/><G107/><T46/><D46/><AGARI ba="0,0" hai="46,50,55,85,86,94,98,101" m="24585,2091" machi="46" ten="30,3900,0" yaku="8,1,52,2" doraHai="80" who="1" fromWho="0" sc="250,-39,250,39,250,0,250,0" /><INIT seed="1,0,0,1,5,116" ten="211,289,250,250" oya="1" hai0="34,37,72,85,70,105,124,12,19,9,55,3,61" hai1="127,64,123,118,101,114,98,44,58,92,102,29,21" hai2="30,88,54,42,129,50,99,78,68,53,65,97,79" hai3="0,49,6,130,5,106,122,109,35,23,103,125,60"/><U133/><E114/><V94/><F129/><W51/><G35/><T66/><D72/><U82/><E118/><V38/><F38/><W1/><G106/><T46/><D105/><U13/><E133/><V31/><F68/><W20/><G60/><T15/><D124/><U115/><E115/><V75/><F65/><W33/><G33/><T39/><D34/><U28/><E127/><V56/><F75/><W96/><G125/><T80/><D12/><U117/><E117/><V36/><F36/><W26/><G96/><T86/><D86/><U73/><E102/><V132/><F42/><W43/><G103/><T2/><D37/><U112/><E123/><V10/><F132/><W18/><G26/><T48/><REACH who="0" step="1"/><D39/><REACH who="0" ten="201,289,250,250" step="2"/><U74/><E74/><V45/><F99/><W90/><G0/><T121/><D121/><U27/><E73/><V87/><F97/><W120/><G1/><T24/><D24/><U57/><E13/><V76/><REACH who="2" step="1"/><F10/><REACH who="2" ten="201,289,240,250" step="2"/><W67/><G120/><T93/><D93/><U108/><E92/><V131/><F131/><W134/><G130/><T16/><D16/><U32/><E112/><V77/><N who="2" m="19456" /><DORA hai="52" /><V69/><F69/><W25/><G18/><T22/><D22/><U62/><E21/><V11/><F11/><W63/><G122/><T111/><D111/><U119/><E108/><V110/><F110/><W91/><G109/><T4/><D4/><U107/><E119/><V95/><F95/><W7/><G23/><T104/><D104/><U59/><E107/><V47/><F47/><W40/><G20/><T8/><D8/><U89/><E44/><RYUUKYOKU ba="0,2" sc="201,15,289,-15,240,15,250,-15" hai0="2,3,9,15,19,46,48,55,61,66,70,80,85" hai2="30,31,45,50,53,54,56,87,88,94" /><INIT seed="2,1,2,3,1,78" ten="216,274,255,235" oya="2" hai0="23,124,59,32,92,93,50,68,72,14,97,55,127" hai1="52,10,86,16,129,98,66,90,102,31,109,38,13" hai2="110,88,83,25,5,112,8,107,76,122,77,39,47" hai3="87,45,132,69,117,7,43,2,115,41,100,125,19"/><V60/><F112/><W42/><G117/><T96/><D72/><U134/><E38/><V126/><F122/><W6/><G69/><T53/><D68/><U63/><E109/><V1/><F107/><W111/><G111/><T35/><D14/><U64/><E129/><V104/><F110/><W118/><G118/><T12/><D12/><U73/><E73/><V119/><F119/><W33/><G33/><T18/><D23/><U9/><E31/><V108/><F104/><W15/><G132/><T106/><D106/><U27/><E27/><V17/><F108/><W3/><G125/><N who="0" m="48203" /><D18/><U0/><E134/><V75/><F126/><W44/><G100/><N who="0" m="60423" /><D53/><U128/><E128/><V79/><F60/><W105/><G105/><T101/><AGARI ba="1,2" hai="32,35,50,55,59,93,97,101" m="60423,48203" machi="101" ten="30,1100,0" yaku="18,1" doraHai="78" who="0" fromWho="0" sc="216,34,274,-4,255,-6,235,-4" /><INIT seed="3,0,0,5,5,52" ten="250,270,249,231" oya="3" hai0="81,84,118,60,30,19,6,120,9,94,93,89,77" hai1="74,119,13,67,76,83,41,103,90,23,4,24,121" hai2="37,110,43,129,69,11,133,113,65,72,22,85,56" hai3="35,17,5,15,27,28,125,116,86,101,106,131,87"/><W78/><G116/><T62/><D120/><U51/><E121/><V12/><F72/><W32/><G32/><T79/><D118/><U61/><E119/><V2/><F113/><W114/><G114/><T47/><D30/><U45/><E103/><V20/><F110/><W124/><G131/><T3/><D19/><U0/><E90/><V122/><F2/><W91/><G5/><T70/><D47/><U132/><E132/><V63/><F122/><W36/><G36/><T57/><D70/><U10/><E0/><V18/><F129/><W64/><G64/><T82/><D62/><U95/><E95/><V46/><F133/><W25/><G25/><T21/><D21/><U112/><E112/><V53/><REACH who="2" step="1"/><F85/><REACH who="2" ten="250,270,239,231" step="2"/><W54/><G87/><T108/><D108/><U7/><E74/><V42/><F42/><W134/><G134/><T105/><D105/><U117/><E117/><V88/><F88/><W40/><G40/><T97/><D89/><U115/><E115/><V98/><F98/><N who="3" m="61751" /><G91/><T58/><D97/><U127/><E83/><V128/><F128/><W44/><G86/><T92/><REACH who="0" step="1"/><D60/><AGARI ba="0,1" hai="11,12,18,20,22,37,43,46,53,56,60,63,65,69" machi="60" ten="30,7700,0" yaku="1,1,7,1,52,1,53,1" doraHai="52" doraHaiUra="48" who="2" fromWho="0" sc="250,-77,270,0,239,87,231,0" owari="173,-32.7,270,7.0,326,42.6,231,-16.9" /></mjloggm>