<mjloggm ver="2.3"><GO type="225" lobby="0"/><UN n0="%E8%90%BD%E6%97%A5" n1="%E3%83%A9%E3%82%A4%E3%83%B3%E3%81%AE%E8%99%8E" n2="%61%74%73%75%74%6F%64%6F" n3="%E3%83%AC%E3%82%A4%E3%83%88%E3%83%B3%E5%87%86%E6%95%99%E6%8E%88" dan="17,16,16,18" rate="2248.94,2109.70,2088.27,2243.48" sx="F,M,M,M"/><TAIKYOKU oya="0"/><INIT seed="0,0,0,5,0,85" ten="250,250,250,250" oya="0" hai0="82,81,101,123,34,70,80,75,6,64,107,131,10" hai1="124,9,24,59,40,28,7,105,13,74,51,127,94" hai2="83,95,119,1,42,53,2,103,23,91,67,46,65" hai3="97,57,93,130,126,47,39,5,8,58,121,33,62"/><T90/><D123/><U17/><E105/><V114/><F114/><W104/><G121/><T99/><D131/><U113/><E74/><V38/><F119/><W18/><G130/><T73/><D34/><U110/><E110/><V43/><F43/><W41/><G33/><T55/><D55/><N who="1" m="32255" /><E40/><V66/><F103/><W89/><G126/><N who="1" m="48170" /><E94/><V31/><F83/><W129/><G129/><T16/><D16/><U4/><E113/><V135/><F135/><W100/><G62/><T84/><D64/><U19/><E4/><V30/><F53/><W63/><G63/><T26/><D26/><U35/><AGARI ba="0,0" hai="7,9,13,17,19,24,28,35" m="48170,32255" machi="35" ten="30,1100,0" yaku="18,1" doraHai="85" who="1" fromWho="1" sc="250,-5,250,11,250,-3,250,-3" /><INIT seed="1,0,0,5,1,132" ten="245,261,247,247" oya="1" hai0="124,37,126,134,19,34,85,103,38,102,3,35,26" hai1="77,94,90,24,62,52,61,91,57,16,6,30,129" hai2="32,78,74,49,8,31,87,95,89,53,5,58,21" hai3="113,125,15,66,43,17,128,72,59,9,64,71,81"/><U23/><E129/><V12/><F32/><N who="0" m="12330" /><D3/><U131/><E131/><V29/><F74/><W18/><G113/><T80/><D26/><U86/><E6/><V70/><F70/><W135/><G135/><T100/><D19/><U106/><E106/><V69/><F69/><W96/><G71/><T10/><D10/><U82/><E62/><V42/><F78/><W108/><G43/><T67/><D67/><U116/><E116/><V115/><F115/><W65/><G108/><T45/><D45/><U114/><E114/><V63/><F21/><W73/><G59/><T112/><D112/><U14/><REACH who="1" step="1"/><E94/><REACH who="1" ten="245,251,247,247" step="2"/><V50/><F63/><W122/><G128/><T27/><D134/><U54/><E54/><N who="2" m="32079" /><F42/><W55/><G55/><T2/><D2/><U40/><E40/><V56/><AGARI ba="0,1" hai="5,8,12,29,31,50,53,56,87,89,95" m="32079" machi="56" ten="30,1100,0" yaku="8,1" doraHai="132" who="2" fromWho="2" sc="245,-3,251,-5,247,21,247,-3" /><INIT seed="2,0,0,4,5,133" ten="242,246,268,244" oya="2" hai0="36,26,83,107,44,93,49,131,32,90,82,89,23" hai1="91,66,3,37,132,15,121,75,78,57,73,52,84" hai2="9,10,28,63,129,69,70,25,99,71,68,125,29" hai3="41,8,119,72,117,40,86,118,61,2,102,76,116"/><V6/><F129/><W35/><N who="3" m="29696" /><DORA hai="79" /><W115/><G35/><T58/><D107/><U130/><E3/><V12/><F125/><W127/><G127/><T31/><D131/><U59/><E37/><V110/><F110/><W124/><G124/><T33/><D36/><U1/><E1/><V103/><F10/><W55/><G72/><T77/><D58/><U27/><E132/><V47/><F47/><W62/><G102/><T51/><D89/><U5/><E27/><V97/><F97/><W60/><G55/><T111/><D111/><U13/><E78/><V42/><F42/><W85/><G115/><T24/><D77/><U20/><E121/><V53/><F25/><W112/><G112/><T87/><D51/><N who="1" m="30879" /><E130/><V17/><F6/><W100/><G100/><T67/><D67/><U11/><E59/><V134/><F134/><W50/><G50/><T74/><D74/><U109/><E66/><V56/><N who="2" m="17408" /><DORA hai="108" /><V46/><REACH who="2" step="1"/><F46/><REACH who="2" ten="242,246,258,244" step="2"/><W4/><REACH who="3" step="1"/><G86/><REACH who="3" ten="242,246,258,234" step="2"/><T34/><REACH who="0" step="1"/><D26/><REACH who="0" ten="232,246,258,234" step="2"/><U95/><E109/><V101/><F101/><W94/><G94/><AGARI ba="0,3" hai="9,12,17,28,29,53,56,63,94,99,103" m="17408" machi="94" ten="70,3400,0" yaku="1,1,53,0" doraHai="133,79,108" doraHaiUra="135,106,122" who="2" fromWho="3" sc="232,0,246,0,258,64,234,-34" /><INIT seed="2,1,0,4,3,72" ten="232,246,322,200" oya="2" hai0="70,91,11,54,14,30,89,102,20,103,59,73,51" hai1="111,31,61,90,1,115,118,105,113,9,50,0,15" hai2="112,122,56,45,44,33,100,19,55,119,52,6,71" hai3="116,63,80,81,18,40,36,107,109,96,85,82,133"/><V37/><F112/><W127/><G116/><T97/><D70/><U92/><E118/><V108/><F71/><W83/><G36/><T57/><D73/><U60/><E105/><V13/><F33/><W32/><G40/><T26/><D59/><U126/><E31/><V48/><F122/><W7/><G32/><T117/><D117/><U3/><E111/><V123/><F123/><W12/><G109/><T132/><D132/><U88/><E126/><V129/><F129/><W131/><G131/><T106/><REACH who="0" step="1"/><D103/><REACH who="0" ten="222,246,322,200" step="2"/><U95/><E113/><V75/><F75/><W42/><G133/><T22/><D22/><U43/><E115/><V99/><F119/><W130/><G130/><T27/><D27/><U101/><E101/><V121/><F121/><W34/><G34/><T104/><D104/><U46/><E60/><V47/><F108/><W74/><G127/><T2/><D2/><U98/><E61/><V16/><F37/><W35/><G35/><T24/><D24/><U128/><E128/><V58/><F100/><N who="3" m="62855" /><G74/><T124/><D124/><U134/><E134/><V8/><F99/><W25/><G63/><AGARI ba="1,1" hai="6,8,13,16,19,44,45,47,48,52,55,56,58,63" machi="63" ten="40,7700,0" yaku="8,1,54,2" doraHai="72" who="2" fromWho="3" sc="222,0,246,0,322,90,200,-80" /><INIT seed="2,2,0,5,4,76" ten="222,246,412,120" oya="2" hai0="123,32,56,5,130,0,19,116,102,62,113,124,91" hai1="12,72,120,86,115,22,7,41,6,94,122,65,80" hai2="99,10,51,63,4,105,58,114,127,27,117,13,25" hai3="30,97,125,135,92,67,8,44,9,106,17,2,11"/><V132/><F117/><W109/><G109/><T118/><D123/><N who="1" m="47147" /><E115/><V26/><F114/><W68/><G135/><T33/><D113/><U73/><E94/><V128/><F127/><W121/><G125/><T78/><D124/><U52/><E41/><V40/><F128/><W49/><G121/><T83/><D130/><U39/><E39/><V45/><F132/><W126/><G126/><T59/><D102/><U31/><E65/><N who="2" m="39159" /><F105/><W95/><G106/><T77/><D19/><N who="1" m="10599" /><E31/><V55/><F99/><W54/><G30/><T89/><D0/><U47/><E47/><V61/><F61/><W53/><G2/><T48/><D62/><U108/><E52/><AGARI ba="2,0" hai="4,10,13,25,26,27,40,45,51,52,55" m="39159" machi="52" ten="30,2900,0" yaku="8,1,54,1" doraHai="76" who="2" fromWho="1" sc="222,0,246,-35,412,35,120,0" /><INIT seed="2,3,0,1,3,114" ten="222,211,447,120" oya="2" hai0="48,14,44,118,40,11,47,103,132,74,69,24,126" hai1="101,90,34,32,111,46,97,10,20,80,37,121,117" hai2="30,82,8,78,123,127,50,42,58,17,105,70,125" hai3="72,119,68,35,81,89,79,13,31,86,18,95,116"/><V77/><F70/><W98/><G68/><T43/><D74/><U133/><E111/><V65/><F105/><W60/><G60/><T9/><D69/><U107/><E20/><V55/><F123/><W66/><G66/><T122/><D122/><U93/><E121/><V12/><F65/><W25/><REACH who="3" step="1"/><G72/><REACH who="3" ten="222,211,447,110" step="2"/><T67/><D67/><U53/><E133/><V22/><F127/><W99/><G99/><T71/><D126/><U62/><E97/><V56/><F125/><W61/><G61/><T135/><D71/><U76/><E62/><V3/><F3/><W29/><G29/><T64/><D64/><U91/><E32/><V2/><F2/><W106/><G106/><T5/><D132/><U73/><E34/><V134/><F134/><W45/><G45/><T38/><D135/><U84/><E73/><V0/><F58/><W33/><G33/><T100/><D47/><U27/><E107/><V1/><F1/><W57/><G57/><T113/><D44/><U124/><E46/><V59/><F59/><W41/><G41/><T112/><D43/><U54/><E124/><V88/><F42/><W26/><G26/><T7/><D40/><U92/><E27/><N who="2" m="16759" /><F0/><W63/><G63/><T83/><D24/><U52/><E54/><V129/><F129/><W109/><G109/><T36/><D36/><U75/><E37/><V128/><F128/><W39/><G39/><T96/><D38/><U94/><E53/><V21/><F56/><W15/><G15/><T16/><D14/><U28/><E75/><V115/><F55/><W102/><G102/><T108/><D100/><RYUUKYOKU ba="3,1" sc="222,-10,211,-10,447,-10,110,30" hai3="13,18,25,31,35,79,81,86,89,95,98,116,119" /><INIT seed="3,4,1,0,3,88" ten="212,201,437,140" oya="3" hai0="127,44,73,27,66,56,104,57,124,125,32,60,121" hai1="98,134,130,34,12,79,49,108,103,110,38,7,59" hai2="53,87,93,16,30,112,14,100,85,65,5,25,48" hai3="71,109,91,106,126,102,114,40,55,97,74,129,111"/><W42/><G114/><T47/><D121/><U28/><E38/><V8/><F65/><W58/><G71/><T119/><D119/><U0/><E79/><V26/><F112/><W81/><G126/><T24/><D73/><U92/><E0/><V50/><F50/><W101/><G101/><T67/><D104/><U123/><E123/><V135/><F135/><W41/><G129/><T68/><D68/><U117/><E134/><V15/><F30/><W37/><G37/><T83/><D83/><U23/><E130/><V82/><F87/><W21/><G21/><T63/><D32/><U36/><E36/><V46/><F93/><W116/><G116/><T45/><AGARI ba="4,1" hai="24,27,44,45,47,56,57,60,63,66,67,124,125,127" machi="45" ten="40,5200,0" yaku="0,1,9,1,18,1" doraHai="88" who="0" fromWho="0" sc="212,74,201,-17,437,-17,140,-30" owari="286,8.6,184,-21.6,420,52.0,110,-39.0" /></mjloggm>