<mjloggm ver="2.3"><GO type="225" lobby="0"/><UN n0="%E3%81%A8%E3%82%93%E3%81%A8%E3%81%93%E3%81%A8%E3%82%93" n1="%E6%A1%9C%E8%8A%B1%E9%96%83%E3%80%85" n2="%E4%BF%BA%E3%81%A8%E5%A6%96%E5%A4%A2" n3="%33%74%72%65%65" dan="16,16,17,16" rate="2124.53,2218.16,2186.05,2111.07" sx="F,M,F,F"/><TAIKYOKU oya="0"/><INIT seed="0,0,0,1,2,126" ten="250,250,250,250" oya="0" hai0="121,123,124,10,87,24,30,134,108,109,82,27,48" hai1="44,88,106,70,75,132,131,102,92,7,125,74,41" hai2="63,116,38,55,1,103,99,47,80,83,86,128,127" hai3="35,39,14,113,120,8,51,90,21,105,73,89,94"/><T22/><D124/><U20/><E125/><V110/><F127/><W98/><G35/><T61/><D134/><U79/><E132/><V67/><F1/><W45/><G113/><T17/><D61/><U104/><E70/><V97/><F110/><N who="0" m="42602" /><D48/><U118/><E118/><V117/><F97/><W114/><G114/><T3/><D87/><U2/><E20/><V33/><F33/><W66/><G120/><N who="0" m="46155" /><D82/><U32/><E75/><V4/><F80/><W85/><G39/><T18/><D27/><U91/><E74/><V42/><F55/><W12/><G73/><T19/><D3/><U100/><E41/><V68/><F86/><W40/><G66/><T5/><D5/><U76/><E7/><V95/><F83/><W50/><G50/><T111/><N who="0" m="42610" /><T71/><DORA hai="129" /><D71/><U119/><E2/><V101/><F4/><W34/><G51/><T25/><D10/><U0/><E0/><V62/><F62/><W77/><G8/><T65/><D65/><U13/><E13/><V115/><F115/><W36/><G12/><T46/><D46/><U54/><E44/><V9/><F9/><W52/><G45/><T49/><D49/><U135/><E135/><V72/><F72/><W56/><G14/><T31/><D19/><U78/><E54/><V43/><F43/><W53/><G52/><T130/><D130/><U37/><E131/><V81/><F128/><W69/><G53/><T122/><N who="0" m="46163" /><T16/><DORA hai="58" /><D18/><U84/><E84/><V107/><F81/><W96/><G85/><T6/><D6/><U64/><E64/><V29/><F67/><RYUUKYOKU ba="0,0" sc="250,30,250,-10,250,-10,250,-10" hai0="16,17,22,24,25,30,31" /><INIT seed="0,1,0,3,3,130" ten="280,240,240,240" oya="0" hai0="113,85,0,128,30,16,39,33,37,81,75,13,87" hai1="7,19,9,131,115,49,95,92,45,71,23,64,93" hai2="20,119,68,114,73,124,4,40,43,100,59,55,117" hai3="6,74,78,132,31,27,14,47,91,133,2,109,63"/><T112/><D0/><U135/><E131/><V24/><F114/><W17/><G109/><T110/><D75/><U98/><E115/><V15/><F68/><W29/><G63/><T28/><D128/><U97/><E64/><V67/><F73/><W46/><G91/><T38/><D110/><U102/><E71/><V82/><F67/><W94/><G94/><T88/><D30/><U56/><E56/><V8/><F82/><W34/><G29/><T53/><D53/><U96/><E135/><N who="3" m="51786" /><G78/><T126/><D126/><U22/><E102/><V52/><F100/><W61/><G74/><T1/><D28/><U51/><E19/><V69/><F69/><W26/><G26/><T42/><D33/><U86/><E86/><V103/><F103/><W80/><G80/><T48/><D1/><U36/><E36/><V65/><F124/><W107/><G107/><T122/><D112/><U120/><E120/><V57/><F119/><W35/><G35/><T125/><D122/><U41/><REACH who="1" step="1"/><E51/><REACH who="1" ten="280,230,240,240" step="2"/><N who="2" m="30879" /><F117/><W123/><G123/><T12/><D113/><U50/><E50/><N who="2" m="31223" /><F65/><W76/><G61/><T104/><D125/><U18/><E18/><AGARI ba="1,1" hai="4,8,15,18,20,24,40,43" m="31223,30879" machi="18" ten="30,2000,0" yaku="8,1,54,1" doraHai="130" who="2" fromWho="1" sc="280,0,230,-23,240,33,240,0" /><INIT seed="1,0,0,2,0,1" ten="280,207,273,240" oya="1" hai0="18,67,129,48,97,59,19,105,24,118,88,38,89" hai1="128,95,50,100,12,10,109,107,25,33,42,84,40" hai2="103,64,80,87,125,90,76,112,106,45,52,121,96" hai3="62,92,9,0,29,49,93,102,66,75,44,101,17"/><U23/><E128/><V69/><F121/><W54/><G75/><T5/><D118/><U120/><E120/><V91/><F125/><W35/><G35/><T74/><D38/><U7/><E33/><V83/><F112/><W104/><G29/><T27/><D74/><U6/><E109/><V116/><F116/><W82/><G82/><T79/><D129/><U39/><E39/><V94/><F64/><W28/><G28/><T21/><D79/><U3/><E107/><V113/><F69/><W133/><G133/><T85/><D105/><U117/><E117/><V78/><F113/><W53/><G53/><T22/><D97/><N who="1" m="59455" /><E3/><V14/><F14/><N who="3" m="7375" /><G0/><T43/><D43/><N who="1" m="16427" /><E50/><N who="2" m="28751" /><F106/><W65/><G104/><T127/><D127/><U114/><E84/><AGARI ba="0,0" hai="76,78,80,83,84,87,90,91,94,96,103" m="28751" machi="84" ten="30,2000,0" yaku="8,1,54,1" doraHai="1" who="2" fromWho="1" sc="280,0,207,-20,273,20,240,0" /><INIT seed="2,0,0,5,5,93" ten="280,187,293,240" oya="2" hai0="79,110,106,99,5,49,12,1,113,97,38,103,61" hai1="23,27,63,109,131,111,43,114,26,91,96,87,66" hai2="58,73,130,101,88,33,31,127,67,121,8,125,35" hai3="55,70,10,85,108,83,107,119,102,4,86,39,82"/><V105/><F121/><W45/><G70/><T6/><D113/><U51/><E114/><V40/><F73/><W42/><G119/><T76/><D38/><U17/><E131/><V20/><F130/><W15/><G108/><T112/><D112/><U118/><E118/><V133/><F40/><W81/><REACH who="3" step="1"/><G55/><REACH who="3" ten="280,187,293,230" step="2"/><T60/><D110/><U62/><E109/><V120/><F120/><W117/><G117/><T19/><D1/><U132/><E111/><V30/><F127/><W98/><AGARI ba="0,1" hai="4,10,15,39,42,45,81,82,83,85,86,98,102,107" machi="98" ten="30,4000,0" yaku="1,1,0,1,52,1,53,0" doraHai="93" doraHaiUra="48" who="3" fromWho="3" sc="280,-10,187,-10,293,-20,230,50" /><INIT seed="3,0,0,5,4,67" ten="270,177,273,280" oya="3" hai0="105,43,122,125,79,98,133,86,15,52,38,6,20" hai1="23,58,3,103,42,134,120,132,81,72,14,115,61" hai2="64,55,117,88,101,49,70,22,31,62,66,85,8" hai3="26,2,69,17,92,128,130,123,51,45,77,112,131"/><W37/><G112/><T54/><D122/><U107/><E120/><V100/><F117/><W12/><G123/><T65/><D65/><N who="1" m="39095" /><E3/><V135/><F135/><N who="1" m="51753" /><E115/><V50/><F64/><W110/><G110/><T27/><D133/><U90/><E42/><V121/><F121/><W97/><G37/><T116/><D116/><U124/><E124/><V33/><F33/><W129/><N who="3" m="32768" /><DORA hai="46" /><W82/><G2/><T74/><D74/><U68/><E68/><V0/><F49/><W56/><G69/><T39/><D125/><U76/><E90/><V21/><F21/><N who="3" m="13615" /><G12/><T60/><D105/><U109/><E109/><V41/><F41/><N who="3" m="25007" /><G56/><T118/><D118/><U34/><E34/><V36/><F36/><W96/><G92/><T24/><D39/><U32/><E32/><V104/><F104/><W25/><G25/><T87/><D27/><U113/><E113/><V84/><F0/><W35/><G35/><T89/><D24/><U11/><E23/><V10/><F22/><W47/><G47/><T114/><D20/><U19/><E107/><V57/><F70/><W80/><G80/><T95/><D114/><U16/><E19/><V44/><F66/><W73/><AGARI ba="0,0" hai="73,77,82,96,97" m="25007,13615,32768" machi="73" ten="60,6000,0" yaku="19,1,52,1" doraHai="67,46" who="3" fromWho="3" sc="270,-20,177,-20,273,-20,280,60" owari="250,-15.0,157,-34.3,253,5.3,340,44.0" /></mjloggm>