<mjloggm ver="2.3"><GO type="225" lobby="0"/><UN n0="%E3%83%B4%E3%83%A0%EF%BC%99%E3%81%A6" n1="%E3%81%BF%E3%81%BF%E3%81%9A" n2="%33%74%72%65%65" n3="%E3%81%9F%E3%81%93%E2%98%86%E7%84%BC%E3%81%8D" dan="17,17,17,16" rate="2187.66,2231.20,2237.30,2078.25" sx="M,M,F,M"/><TAIKYOKU oya="0"/><INIT seed="0,0,0,5,4,125" ten="250,250,250,250" oya="0" hai0="10,96,57,66,16,112,105,3,131,9,29,8,89" hai1="0,15,13,117,100,21,122,116,70,102,74,63,73" hai2="67,118,12,115,4,78,99,110,23,77,95,97,56" hai3="25,68,48,58,42,109,27,103,108,55,81,119,50"/><T64/><D112/><U90/><E0/><V40/><F115/><W24/><G119/><T129/><D29/><U28/><E90/><V44/><F118/><W124/><G68/><T26/><D3/><U54/><E122/><V61/><F110/><N who="3" m="42603" /><G124/><T2/><D2/><U72/><E28/><V19/><F4/><W20/><G103/><N who="0" m="62695" /><D89/><U134/><E134/><V62/><F62/><W31/><G81/><T104/><D104/><U75/><N who="1" m="18432" /><DORA hai="133" /><U59/><E70/><V79/><REACH who="2" step="1"/><F95/><REACH who="2" ten="250,250,240,250" step="2"/><W101/><G101/><T120/><D120/><U92/><E102/><V11/><F11/><W6/><G6/><T80/><D8/><U33/><E117/><V127/><F127/><W17/><G31/><T93/><D93/><U69/><E116/><V114/><F114/><W53/><G42/><T46/><D9/><U121/><E100/><V132/><F132/><W126/><G126/><T43/><D10/><U123/><E92/><V87/><F87/><W107/><G107/><T32/><D43/><U47/><E123/><V36/><AGARI ba="0,1" hai="12,19,23,36,40,44,56,61,67,77,78,79,97,99" machi="36" ten="30,7900,0" yaku="1,1,0,1,53,2" doraHai="125,133" doraHaiUra="14,39" who="2" fromWho="2" sc="250,-39,250,-20,240,89,250,-20" /><INIT seed="1,0,0,5,2,70" ten="211,230,329,230" oya="1" hai0="125,75,31,91,32,3,25,44,29,34,6,49,100" hai1="63,127,114,108,58,119,55,5,43,4,13,38,9" hai2="47,99,41,26,46,131,50,66,79,22,72,82,101" hai3="135,2,0,30,133,105,67,21,1,124,102,10,120"/><U14/><E114/><V42/><F66/><W86/><G86/><T80/><D125/><U134/><E119/><V57/><F131/><W87/><G87/><T85/><D100/><U112/><E112/><V69/><F69/><W110/><G67/><T117/><D117/><U61/><E127/><V92/><F57/><W103/><G120/><T128/><D128/><U45/><E108/><V106/><F106/><W109/><G124/><T62/><D62/><U107/><E107/><V17/><F47/><W37/><G105/><T132/><D132/><N who="3" m="50761" /><G10/><T54/><D75/><U83/><E134/><V71/><F71/><W89/><G89/><T126/><D126/><U74/><E63/><V23/><F23/><W97/><G97/><T77/><D3/><U53/><E53/><AGARI ba="0,0" hai="17,22,26,41,42,46,50,53,72,79,82,92,99,101" machi="53" ten="30,1000,0" yaku="7,1" doraHai="70" who="2" fromWho="1" sc="211,0,230,-10,329,10,230,0" /><INIT seed="2,0,0,1,0,99" ten="211,220,339,230" oya="2" hai0="91,104,84,109,116,76,132,38,74,5,32,46,1" hai1="7,14,35,133,51,6,37,118,103,64,134,126,90" hai2="93,59,72,105,60,45,111,0,69,81,95,13,36" hai3="96,106,119,31,70,54,97,12,113,92,128,20,67"/><V55/><F0/><W121/><G119/><T17/><D104/><U48/><E37/><V50/><F105/><W39/><G39/><T24/><D116/><U4/><E118/><V25/><F111/><W53/><G121/><T9/><D109/><U63/><E35/><V42/><F13/><W131/><G96/><T108/><D108/><U47/><E126/><V88/><F25/><W130/><G106/><T41/><D132/><N who="1" m="50795" /><E103/><V3/><F3/><W56/><G70/><T101/><D101/><U89/><E14/><V2/><F2/><W98/><G97/><T129/><D129/><U16/><E16/><V40/><F40/><W28/><G113/><T127/><D127/><U66/><E66/><N who="2" m="41159" /><F72/><W26/><G12/><T43/><D43/><N who="1" m="24703" /><E51/><V86/><AGARI ba="0,0" hai="36,42,45,50,55,59,81,86,88,93,95" m="41159" machi="86" ten="30,3000,0" yaku="24,1,54,1" doraHai="99" who="2" fromWho="2" sc="211,-10,220,-10,339,30,230,-10" /><INIT seed="2,1,0,1,1,70" ten="201,210,369,220" oya="2" hai0="112,41,45,68,5,94,49,37,83,44,104,10,15" hai1="71,134,31,107,129,27,82,111,98,11,88,77,13" hai2="56,116,85,123,126,2,33,30,38,117,18,58,99" hai3="127,26,14,24,67,8,63,113,65,32,87,101,105"/><V102/><F123/><W50/><G127/><T52/><D104/><U66/><E111/><V96/><F2/><W28/><G24/><T47/><D112/><U133/><E129/><V20/><F126/><W39/><G50/><T64/><D45/><U78/><E66/><V72/><F72/><W132/><G87/><T128/><D128/><U80/><E71/><V106/><F38/><W3/><G3/><T0/><D0/><U76/><E107/><V125/><F96/><W124/><G67/><T57/><D44/><U121/><E121/><V120/><F125/><W51/><G51/><T22/><D22/><N who="1" m="15863" /><E98/><V42/><F116/><W100/><G101/><T34/><D94/><U75/><E88/><V84/><F99/><N who="3" m="61599" /><G132/><N who="1" m="50794" /><E75/><V79/><F106/><W115/><G124/><T69/><D34/><U21/><E21/><V61/><F20/><W19/><G39/><T35/><D35/><U29/><E29/><V9/><F30/><W55/><G55/><T81/><D68/><AGARI ba="1,0" hai="8,14,19,26,28,32,63,65,68,113,115" m="61599" machi="68" ten="30,1000,0" yaku="25,1" doraHai="70" who="3" fromWho="0" sc="201,-13,210,0,369,0,220,13" /><INIT seed="3,0,0,1,3,76" ten="188,210,369,233" oya="3" hai0="28,9,65,88,90,101,35,120,69,93,15,50,89" hai1="2,118,67,92,40,62,0,87,60,20,77,106,121" hai2="16,18,53,5,109,75,78,12,10,99,7,38,124" hai3="135,95,91,58,42,24,115,82,72,11,39,102,26"/><W84/><G115/><T123/><D123/><U74/><E106/><V29/><F38/><W37/><G135/><T47/><D120/><U22/><E121/><V34/><F75/><W130/><G11/><T113/><D113/><U112/><E112/><V86/><F109/><W27/><G42/><T126/><D126/><U51/><E74/><V85/><F124/><W23/><G130/><T66/><D35/><U116/><E40/><V70/><F70/><W3/><G3/><T117/><D28/><U36/><E36/><V110/><F5/><W57/><G72/><T108/><D108/><U132/><E51/><V6/><F6/><W105/><G105/><T59/><D69/><N who="1" m="42215" /><E62/><V81/><F34/><W31/><G39/><T68/><D68/><U8/><E132/><V73/><F73/><W19/><G37/><T104/><D104/><U45/><E45/><V17/><F10/><W32/><G26/><T1/><D1/><N who="1" m="619" /><E8/><V133/><F7/><W48/><G48/><T129/><D129/><U119/><E92/><V83/><F12/><W63/><G63/><T114/><D114/><U100/><E100/><V131/><F131/><W94/><G95/><T127/><D127/><U64/><E64/><N who="0" m="24681" /><D59/><U61/><E61/><V98/><F110/><W33/><G33/><T13/><D9/><U44/><E44/><V134/><F134/><W125/><G125/><T79/><D79/><U56/><E56/><V122/><F133/><W80/><G102/><T96/><D117/><N who="1" m="29955" /><U25/><DORA hai="54" /><E25/><V52/><F122/><W41/><G41/><T49/><D49/><U128/><E128/><RYUUKYOKU ba="0,0" sc="188,10,210,10,369,-30,233,10" hai0="13,15,47,50,88,89,90,93,96,101" hai1="20,22,77,87" hai3="19,23,24,27,31,32,57,58,80,82,84,91,94" /><INIT seed="3,1,0,0,1,25" ten="198,220,339,243" oya="3" hai0="40,32,130,95,31,101,122,45,88,39,51,16,79" hai1="86,66,78,116,63,73,59,21,110,23,53,83,13" hai2="48,84,125,7,36,46,77,2,102,52,34,28,103" hai3="75,99,37,92,80,61,98,0,133,105,62,56,89"/><W41/><G0/><T111/><D122/><U49/><E110/><V57/><F125/><W9/><G9/><T106/><D111/><U10/><E116/><V35/><F7/><W1/><G1/><T64/><D79/><U117/><E73/><V113/><F2/><W123/><G133/><T131/><D64/><U5/><REACH who="1" step="1"/><E117/><REACH who="1" ten="198,210,339,243" step="2"/><V29/><F113/><W18/><G75/><T112/><D112/><U58/><AGARI ba="1,1" hai="5,10,13,21,23,49,53,58,59,63,66,78,83,86" machi="58" ten="20,12000,2" yaku="1,1,2,1,0,1,7,1,8,1,53,1" doraHai="25" doraHaiUra="3" who="1" fromWho="1" sc="198,-31,210,133,339,-31,243,-61" owari="167,-33.3,343,44.3,308,10.8,182,-21.8" /></mjloggm>