<mjloggm ver="2.3"><GO type="225" lobby="0"/><UN n0="%77%72%77%72%77%72%77%72" n1="%73%6C%69%63%6B%33%31%39" n2="%E3%81%BE%E3%81%A8%E3%81%9F" n3="%E3%82%B7%E3%83%B3%E5%A4%AA%E6%9C%97" dan="16,16,16,16" rate="2159.52,2109.44,2123.21,2201.41" sx="M,M,M,M"/><TAIKYOKU oya="0"/><INIT seed="0,0,0,1,5,120" ten="250,250,250,250" oya="0" hai0="11,49,30,133,57,116,42,2,108,20,6,132,52" hai1="96,123,97,25,4,70,93,113,54,82,99,89,83" hai2="65,12,92,79,135,62,51,114,76,63,9,90,101" hai3="72,115,81,38,105,28,134,26,13,73,27,107,55"/><T53/><D116/><U22/><E123/><V128/><F114/><W66/><G115/><T94/><D42/><U80/><E70/><V14/><F135/><N who="0" m="51786" /><D94/><U71/><E71/><V1/><F1/><W129/><G129/><T50/><D20/><U0/><E113/><V31/><F101/><W67/><G134/><T47/><D30/><U35/><E35/><V125/><F31/><W122/><G38/><T75/><D75/><U32/><E32/><V85/><F128/><W10/><G55/><T106/><D106/><U48/><E4/><V56/><F63/><W37/><G37/><T39/><D39/><U15/><E0/><V117/><F125/><W23/><G122/><T17/><D17/><U126/><E15/><V58/><F14/><W45/><G105/><T130/><D130/><U41/><E41/><V74/><F74/><W36/><G107/><T46/><D47/><U21/><E126/><V69/><F117/><W84/><G45/><T8/><D8/><U40/><E40/><V44/><F69/><W121/><G36/><T18/><D18/><N who="1" m="12471" /><E22/><V98/><F56/><AGARI ba="0,0" hai="48,54,56,80,82,83,89,93,96,97,99" m="12471" machi="56" ten="30,1000,0" yaku="8,1" doraHai="120" who="1" fromWho="2" sc="250,0,250,10,250,-10,250,0" /><INIT seed="1,0,0,5,2,8" ten="250,260,240,250" oya="1" hai0="84,115,95,1,123,32,52,27,16,6,81,4,132" hai1="118,2,66,54,130,31,11,73,48,108,19,22,59" hai2="12,42,85,71,9,74,86,30,63,44,90,28,29" hai3="21,129,93,56,15,133,112,121,0,120,26,46,35"/><U107/><E118/><V83/><F74/><W69/><G69/><T102/><D115/><U3/><E107/><V134/><F134/><W13/><G133/><T103/><D132/><U99/><E73/><V60/><F71/><W43/><G112/><T33/><D123/><U58/><E130/><V7/><REACH who="2" step="1"/><F85/><REACH who="2" ten="250,260,230,250" step="2"/><W105/><G129/><T78/><D33/><U101/><E108/><V70/><F70/><W116/><G35/><T68/><D68/><U55/><E2/><V104/><F104/><W87/><G0/><T53/><D32/><U45/><E3/><V64/><F64/><W72/><G72/><T114/><D114/><U135/><E66/><V117/><F117/><W79/><G105/><T39/><D1/><U122/><E135/><V49/><AGARI ba="0,1" hai="7,9,12,28,29,30,42,44,49,60,63,83,86,90" machi="49" ten="30,7900,0" yaku="1,1,0,1,8,1,52,1,53,0" doraHai="8" doraHaiUra="106" who="2" fromWho="2" sc="250,-20,260,-39,230,89,250,-20" /><INIT seed="2,0,0,3,4,27" ten="230,221,319,230" oya="2" hai0="117,100,99,56,134,116,89,70,128,90,79,124,113" hai1="53,105,22,32,54,49,114,19,21,41,122,2,4" hai2="12,69,13,26,118,52,14,77,135,59,72,1,101" hai3="81,129,25,5,97,84,28,115,102,11,7,82,58"/><V125/><F118/><N who="0" m="45674" /><D113/><U37/><E114/><V95/><F1/><W110/><G110/><T80/><D70/><U86/><E105/><V64/><F135/><W130/><G115/><T35/><D35/><U51/><E32/><V121/><F121/><W33/><G58/><T133/><D56/><U123/><E37/><V47/><F69/><W36/><G36/><T17/><D17/><U9/><E86/><V104/><F104/><W126/><G126/><T38/><D38/><U127/><E41/><V119/><F47/><W30/><G30/><T3/><D3/><U131/><E127/><V108/><F64/><W39/><G39/><T24/><D24/><U94/><E94/><V45/><F26/><W10/><G11/><T76/><D76/><U78/><E78/><V8/><F95/><N who="3" m="58687" /><G10/><T43/><D43/><U96/><E9/><V87/><F8/><W106/><G106/><N who="0" m="63775" /><D124/><U103/><E103/><V65/><F125/><W88/><G81/><T73/><D128/><AGARI ba="0,0" hai="5,7,25,28,33,82,84,88,128,129,130" m="58687" machi="128" ten="30,3900,0" yaku="19,1,52,1,54,1" doraHai="27" who="3" fromWho="0" sc="230,-39,221,0,319,0,230,39" /><INIT seed="3,0,0,3,2,115" ten="191,221,319,269" oya="3" hai0="63,120,12,106,55,102,124,38,8,73,44,80,26" hai1="71,52,46,113,27,19,0,81,14,70,117,48,5" hai2="41,3,109,79,97,33,37,75,95,103,122,22,6" hai3="20,135,30,86,39,68,45,126,114,112,127,134,58"/><W87/><G68/><T59/><D120/><U35/><E113/><N who="3" m="43626" /><G30/><T62/><D124/><N who="3" m="47657" /><G20/><T65/><D26/><U13/><E117/><V2/><F33/><W90/><G58/><T29/><D29/><N who="1" m="19903" /><E81/><V24/><F22/><W54/><G54/><T47/><D38/><U77/><E77/><V31/><F37/><W61/><G61/><T84/><D73/><U36/><E13/><V23/><F41/><N who="3" m="22719" /><G90/><T17/><D106/><U50/><E50/><V104/><F23/><W49/><G49/><T98/><D62/><U130/><E5/><V128/><F6/><W9/><G9/><T64/><D47/><U15/><E15/><V91/><F31/><W1/><G1/><T93/><REACH who="0" step="1"/><D44/><REACH who="0" ten="181,221,319,269" step="2"/><U116/><E36/><V108/><F122/><W69/><G69/><T88/><AGARI ba="0,1" hai="8,12,17,55,59,63,64,65,80,84,88,93,98,102" machi="88" ten="20,12000,2" yaku="1,1,2,1,0,1,7,1,8,1,54,1,53,1" doraHai="115" doraHaiUra="89" who="0" fromWho="0" sc="181,130,221,-30,319,-30,269,-60" owari="311,41.1,191,-30.9,289,8.9,209,-19.1" /></mjloggm>