<mjloggm ver="2.3"><GO type="225" lobby="0"/><UN n0="%E3%81%8B%E3%82%8F%E3%81%A1%E3%82%83%E3%82%93%35%38" n1="%E6%B4%BE%E9%81%A3%E3%81%AE%E3%82%B8%E3%83%A3%E3%83%83%E3%82%AF" n2="%E5%B0%8F%E9%B3%A5%E9%81%8A%E7%B7%B4%E7%84%A1%32%31%E6%AD%B3" n3="%E3%83%99%E3%83%AB%E3%83%A2%E3%83%83%E3%83%88" dan="16,17,16,16" rate="2162.46,2187.69,2156.77,2096.93" sx="M,M,F,M"/><TAIKYOKU oya="0"/><INIT seed="0,0,0,3,1,52" ten="250,250,250,250" oya="0" hai0="126,25,82,74,55,54,114,12,26,32,7,68,96" hai1="5,64,99,97,24,41,94,10,1,40,100,128,19" hai2="86,84,98,66,120,47,113,122,8,34,46,17,89" hai3="39,53,22,81,92,33,109,49,72,28,15,85,70"/><T23/><D114/><U43/><E128/><V11/><F34/><W93/><G39/><T48/><D68/><U83/><E83/><V102/><F113/><W29/><G70/><T0/><D0/><U75/><E75/><V121/><F66/><W123/><G123/><T110/><D32/><U119/><E119/><V4/><F17/><W31/><G72/><T6/><D25/><U51/><E64/><V37/><F37/><W106/><G106/><T105/><D54/><U50/><E97/><V56/><F56/><N who="3" m="32815" /><G109/><T63/><D12/><U36/><E36/><V125/><F125/><W13/><G33/><T71/><D126/><U101/><E101/><V127/><F127/><W21/><G21/><T58/><D110/><U2/><E2/><V16/><F4/><N who="0" m="1578" /><D82/><U9/><E9/><V62/><F8/><W134/><G134/><T87/><D87/><U79/><E24/><V45/><F62/><W104/><G104/><T115/><D74/><U129/><E19/><V77/><F77/><N who="3" m="46255" /><G22/><T124/><D124/><U133/><E133/><V111/><F111/><W14/><AGARI ba="0,0" hai="13,14,15,28,29,31,92,93" m="46255,32815" machi="14" ten="30,2000,0" yaku="8,1,52,1" doraHai="52" who="3" fromWho="3" sc="250,-10,250,-5,250,-5,250,20" /><INIT seed="1,0,0,2,2,28" ten="240,245,245,270" oya="1" hai0="92,88,8,109,25,108,0,16,2,96,78,52,124" hai1="44,36,62,34,10,74,57,38,13,23,98,116,73" hai2="102,40,135,93,14,11,100,32,29,82,126,17,90" hai3="125,33,19,80,83,55,104,64,85,117,31,24,119"/><U60/><E116/><V89/><F135/><W59/><G64/><T103/><D78/><U123/><E123/><V22/><F40/><W61/><G104/><T101/><D124/><U65/><E23/><V18/><F126/><W112/><G112/><T106/><D101/><U128/><E128/><V51/><F51/><W131/><G131/><T66/><D66/><U67/><E98/><V69/><F69/><W20/><G125/><T7/><D0/><U47/><E13/><V121/><F121/><W107/><G107/><T48/><D25/><U132/><E10/><V54/><F54/><W99/><G99/><T50/><D50/><U49/><E49/><V105/><F105/><W118/><REACH who="3" step="1"/><G85/><REACH who="3" ten="240,245,245,260" step="2"/><T91/><D106/><U127/><E127/><V68/><F68/><W133/><G133/><T27/><D109/><U122/><E132/><V9/><F102/><W58/><G58/><T56/><REACH who="0" step="1"/><D108/><REACH who="0" ten="230,245,245,260" step="2"/><U113/><E122/><V46/><F100/><W81/><G81/><T37/><D37/><U120/><E120/><V6/><F82/><W86/><G86/><T134/><D134/><U21/><E113/><V94/><F94/><W129/><G129/><T71/><D71/><U3/><E36/><V77/><F93/><W87/><G87/><T43/><D43/><U42/><E38/><V30/><F77/><W26/><AGARI ba="0,2" hai="19,20,24,26,31,33,55,59,61,80,83,117,118,119" machi="26" ten="40,8000,1" yaku="1,1,0,1,12,1,52,1,53,0" doraHai="28" doraHaiUra="110" who="3" fromWho="3" sc="230,-20,245,-40,245,-20,260,100" /><INIT seed="2,0,0,5,4,129" ten="210,205,225,360" oya="2" hai0="7,52,3,94,15,34,101,40,113,1,82,26,120" hai1="46,27,89,65,78,35,53,5,16,30,10,39,87" hai2="117,91,11,33,6,68,124,2,95,115,104,62,83" hai3="24,36,112,8,76,9,106,66,13,119,29,71,77"/><V50/><F104/><W63/><G36/><T80/><D120/><U125/><E65/><V19/><F117/><W90/><G112/><T28/><D113/><U45/><E125/><V75/><F124/><W109/><G109/><T49/><D40/><U42/><E78/><V99/><F33/><W70/><G70/><T23/><D101/><U38/><E53/><V32/><F32/><W25/><G25/><T93/><D1/><U88/><E87/><V110/><F110/><W20/><G9/><N who="0" m="4543" /><D3/><U57/><E57/><V37/><F37/><W107/><G106/><T126/><D34/><U121/><E121/><V127/><F127/><W0/><G0/><T79/><D126/><U123/><E123/><V118/><F118/><W21/><G21/><T85/><D82/><U102/><E102/><V131/><F83/><W47/><G107/><T41/><D41/><U48/><E38/><V74/><F115/><W44/><G77/><T81/><D81/><U133/><E5/><V103/><F103/><W59/><G76/><T100/><D100/><U92/><E89/><V122/><F122/><W111/><G111/><T4/><D4/><U61/><E10/><V108/><F108/><W58/><G119/><T116/><D116/><U128/><E39/><V31/><F75/><W132/><G90/><T69/><D69/><U105/><E105/><V130/><F68/><W14/><G71/><T134/><D134/><U135/><E128/><V67/><F130/><W98/><G132/><N who="1" m="50762" /><E16/><V54/><F19/><W55/><G29/><T86/><D86/><N who="1" m="52247" /><E45/><AGARI ba="0,0" hai="23,26,28,45,49,52,79,80,85,93,94" m="4543" machi="45" ten="30,2000,0" yaku="8,1,54,1" doraHai="129" who="0" fromWho="1" sc="210,20,205,-20,225,0,360,0" /><INIT seed="3,0,0,2,2,88" ten="230,185,225,360" oya="3" hai0="37,15,106,128,50,51,97,85,58,63,16,20,44" hai1="0,133,24,25,55,6,42,129,41,53,64,74,117" hai2="77,65,56,67,12,123,121,86,69,9,60,17,127" hai3="102,34,132,32,120,130,76,83,61,108,21,135,14"/><W13/><G102/><T110/><D37/><U98/><E74/><V73/><F73/><W33/><G120/><N who="2" m="46153" /><F127/><W72/><G61/><T93/><D106/><U31/><E133/><V109/><F109/><W38/><G108/><T96/><D110/><U23/><E129/><V2/><F2/><W124/><G38/><T94/><D85/><U29/><E117/><V40/><F40/><W10/><G130/><T82/><D82/><U3/><E6/><V22/><F22/><W101/><G101/><N who="0" m="60559" /><D44/><U19/><E23/><V126/><F126/><W112/><G21/><T113/><D113/><U43/><E43/><V131/><F131/><W107/><G112/><T7/><D7/><U66/><REACH who="1" step="1"/><E98/><REACH who="1" ten="230,175,225,360" step="2"/><V90/><F69/><W79/><G124/><T57/><D128/><U80/><E80/><N who="2" m="49479" /><F77/><W39/><G79/><T134/><D134/><U114/><E114/><V48/><F48/><N who="0" m="18474" /><D63/><U8/><E8/><V49/><F49/><W99/><G10/><T84/><D84/><U5/><E5/><V111/><F111/><W59/><G132/><T68/><D68/><U54/><E54/><AGARI ba="0,1" hai="9,12,17,54,56,60,65,67" m="49479,46153" machi="54" ten="30,1000,0" yaku="13,1" doraHai="88" who="2" fromWho="1" sc="230,0,175,-10,225,20,360,0" owari="230,-17.0,165,-33.5,245,4.5,360,46.0" /></mjloggm>