<mjloggm ver="2.3"><GO type="225" lobby="0"/><UN n0="%E3%82%BC%E3%83%AB%E3%83%80%E3%81%AE%E4%BC%9D%E8%AA%AC" n1="%E8%90%BD%E6%97%A5" n2="%77%72%77%72%77%72%77%72" n3="%E5%A4%A9%E7%A9%BA%73%61%79%61" dan="18,16,17,18" rate="2214.14,2141.40,2232.02,2181.78" sx="M,F,M,M"/><TAIKYOKU oya="0"/><INIT seed="0,0,0,4,0,128" ten="250,250,250,250" oya="0" hai0="116,45,63,44,67,30,10,135,129,24,87,47,19" hai1="106,33,21,115,49,50,86,118,22,11,77,5,52" hai2="95,20,90,60,16,38,56,111,98,76,59,120,54" hai3="83,80,34,132,43,114,133,1,73,64,66,58,82"/><T121/><D116/><U29/><E118/><V12/><F111/><W35/><G114/><T42/><D121/><U127/><E127/><V84/><F120/><W93/><G73/><T70/><D129/><U102/><E115/><V117/><F117/><W99/><G1/><T18/><D135/><N who="3" m="51785" /><G43/><T17/><D87/><U78/><E50/><V36/><F76/><W89/><G58/><T112/><D112/><U69/><E69/><V68/><F68/><W109/><G109/><T40/><REACH who="0" step="1"/><D10/><REACH who="0" ten="240,250,250,250" step="2"/><U130/><E86/><V25/><F84/><W110/><G110/><T91/><D91/><U81/><E11/><V124/><F124/><W75/><G75/><T48/><D48/><U9/><E9/><V101/><F101/><W105/><G105/><T62/><D62/><U134/><E102/><V126/><F126/><W51/><G51/><T15/><D15/><U0/><E106/><V94/><F94/><W96/><G99/><T13/><D13/><U97/><E97/><V88/><F90/><W100/><G89/><T53/><D53/><U46/><E130/><V31/><REACH who="2" step="1"/><F59/><REACH who="2" ten="240,250,240,250" step="2"/><W28/><G28/><T7/><D7/><U65/><E134/><V41/><F41/><W37/><G37/><T123/><D123/><U23/><E5/><V92/><F92/><W72/><G72/><T108/><D108/><U107/><E107/><V119/><F119/><W74/><G74/><T71/><D71/><U14/><E29/><V122/><F122/><W85/><G85/><T2/><D2/><U4/><E0/><V61/><F61/><W32/><AGARI ba="0,2" hai="32,34,35,64,66,80,82,83,93,96,100" m="51785" machi="32" ten="40,8000,1" yaku="20,1,52,3" doraHai="128" who="3" fromWho="3" sc="240,-40,250,-20,240,-20,250,100" /><INIT seed="1,0,0,4,1,59" ten="200,230,220,350" oya="1" hai0="77,49,67,27,74,92,104,30,29,50,72,0,124" hai1="62,68,130,11,80,82,133,108,121,17,34,4,47" hai2="18,76,116,48,78,89,94,61,15,128,56,16,126" hai3="110,129,90,28,20,42,55,93,10,37,84,45,46"/><U44/><E121/><V60/><F116/><W91/><G110/><T52/><D104/><U24/><E108/><V109/><F109/><W54/><G129/><T107/><D107/><U113/><E113/><V103/><F103/><W19/><G28/><T65/><D0/><U127/><E130/><V38/><F38/><W2/><G45/><T66/><D124/><U51/><E127/><V71/><F71/><W75/><G75/><T13/><D77/><N who="2" m="29802" /><F126/><W95/><G10/><T86/><D13/><U88/><E133/><V79/><N who="2" m="29810" /><V69/><DORA hai="135" /><F69/><W122/><G2/><T64/><N who="0" m="16384" /><DORA hai="105" /><T33/><D30/><U31/><E68/><V101/><F101/><W63/><G63/><N who="2" m="24137" /><F128/><W53/><G122/><T70/><D70/><U22/><E62/><V120/><F120/><W5/><G5/><T1/><D1/><U32/><E32/><V40/><F15/><W26/><REACH who="3" step="1"/><G54/><REACH who="3" ten="200,230,220,340" step="2"/><T25/><D52/><U87/><E34/><V83/><F83/><W41/><G41/><T97/><D74/><U35/><E82/><V114/><F114/><W132/><G132/><T111/><D72/><U3/><REACH who="1" step="1"/><E51/><REACH who="1" ten="200,220,220,340" step="2"/><V39/><F39/><W23/><G23/><T85/><D111/><U57/><E57/><V73/><F73/><W7/><G7/><T43/><D50/><U36/><E36/><V12/><F56/><W115/><G115/><T14/><D49/><U134/><E134/><V96/><F48/><W102/><G102/><T6/><D33/><U119/><E119/><V8/><F40/><W98/><AGARI ba="0,2" hai="19,20,26,37,42,46,53,55,84,90,91,93,95,98" machi="98" ten="20,5200,0" yaku="1,1,0,1,7,1,53,1" doraHai="59,135,105" doraHaiUra="21,99,131" who="3" fromWho="3" sc="200,-13,220,-26,220,-13,340,72" /><INIT seed="2,0,0,3,5,10" ten="187,194,207,412" oya="2" hai0="88,58,62,44,84,95,43,56,108,128,25,133,92" hai1="69,17,41,37,59,3,5,97,71,33,114,90,98" hai2="116,70,8,104,99,39,38,134,0,115,103,15,28" hai3="96,121,6,119,34,7,125,2,31,20,101,60,123"/><V61/><F115/><W85/><G119/><T29/><D108/><U129/><E114/><V131/><F116/><W91/><G34/><T132/><D128/><U35/><E129/><V109/><F131/><W78/><G78/><T94/><D132/><U55/><E5/><V27/><F0/><W82/><G125/><T9/><D133/><U54/><E3/><V48/><F48/><W117/><G117/><T81/><D9/><U30/><E17/><V89/><F89/><W14/><G2/><T72/><D72/><U73/><E73/><V11/><F11/><W112/><G112/><T22/><REACH who="0" step="1"/><D62/><REACH who="0" ten="177,194,207,412" step="2"/><U18/><E35/><N who="2" m="20895" /><F109/><W42/><G121/><T4/><D4/><U107/><E33/><V126/><F134/><W79/><G7/><T124/><D124/><U65/><E71/><V12/><F126/><W76/><G123/><T80/><D80/><U19/><E69/><V83/><F83/><W118/><G60/><T40/><D40/><U16/><E41/><V46/><F8/><N who="3" m="4375" /><G42/><T52/><D52/><U86/><E55/><V67/><F46/><W36/><G118/><T1/><D1/><U127/><E127/><V68/><F70/><W113/><G113/><T93/><N who="0" m="23552" /><DORA hai="135" /><T63/><D63/><N who="1" m="38143" /><E54/><V49/><F49/><AGARI ba="0,1" hai="22,25,29,43,44,49,56,58,81,84,88" m="23552" machi="49" ten="50,6400,0" yaku="1,1,8,1,54,1,53,0" doraHai="10,135" doraHaiUra="74,13" who="0" fromWho="2" sc="177,74,194,0,207,-64,412,0" /><INIT seed="3,0,0,0,0,114" ten="251,194,143,412" oya="3" hai0="49,95,32,93,62,5,99,27,15,83,70,24,46" hai1="40,90,79,85,65,3,78,58,118,113,71,117,101" hai2="67,55,126,74,115,68,88,64,132,28,69,19,59" hai3="50,37,125,31,87,12,51,103,56,104,35,42,6"/><W135/><G37/><T131/><D32/><U124/><E113/><V16/><F115/><W66/><G42/><T122/><D122/><U17/><E124/><V89/><F74/><W7/><G135/><T36/><D36/><U127/><E127/><V97/><F126/><W102/><G104/><T111/><D83/><U86/><E71/><V43/><F132/><W116/><G116/><N who="1" m="44650" /><E3/><V110/><F43/><W20/><G35/><T98/><D98/><U22/><E40/><V108/><F28/><W2/><G2/><T63/><D99/><U8/><E8/><V4/><F97/><W57/><G87/><N who="1" m="33290" /><E90/><V77/><F77/><W60/><G6/><T44/><D5/><U75/><E75/><V120/><F4/><W91/><G7/><T1/><D70/><U81/><E81/><V121/><F59/><W13/><G57/><T133/><D46/><U94/><E94/><V109/><F109/><W0/><G56/><T112/><D93/><U52/><E101/><V72/><F72/><W100/><G102/><T92/><D92/><U84/><E65/><V34/><F34/><W105/><G66/><T130/><D95/><U134/><E134/><V128/><F55/><W23/><G103/><T30/><D44/><U18/><N who="1" m="33298" /><U41/><DORA hai="26" /><E41/><V82/><F82/><W107/><G100/><T96/><D96/><U80/><E80/><V53/><F53/><W45/><G0/><T54/><D54/><U9/><E79/><V38/><F38/><W14/><G125/><T29/><D133/><U123/><E78/><V48/><F128/><W10/><G10/><RYUUKYOKU ba="0,0" sc="251,-10,194,-10,143,30,412,-10" hai2="16,19,48,64,67,68,69,88,89,108,110,120,121" owari="241,4.1,184,-21.6,173,-32.7,402,50.2" /></mjloggm>