<mjloggm ver="2.3"><GO type="225" lobby="0"/><UN n0="%E3%81%A8%E3%82%93%E3%81%A8%E3%81%93%E3%81%A8%E3%82%93" n1="%6D%75%75%6D%75%72%61" n2="%30%2E%31%32%30" n3="%E5%B0%8F%E9%B3%A5%E9%81%8A%E7%B7%B4%E7%84%A1%32%31%E6%AD%B3" dan="16,17,16,16" rate="2133.48,2246.24,2138.27,2174.10" sx="M,F,M,F"/><TAIKYOKU oya="0"/><INIT seed="0,0,0,2,5,84" ten="250,250,250,250" oya="0" hai0="68,16,129,32,121,96,3,31,38,13,103,97,122" hai1="51,73,113,10,12,22,46,104,63,9,65,86,78" hai2="94,26,82,123,66,18,89,15,4,133,69,75,17" hai3="117,48,114,37,47,95,105,55,61,112,29,126,0"/><T115/><D38/><U79/><E73/><V81/><F123/><W119/><G105/><T85/><D115/><N who="3" m="44073" /><G29/><T120/><D68/><U54/><E104/><V108/><F75/><W83/><G95/><T100/><D3/><U1/><E113/><V60/><F108/><W67/><G83/><T70/><D70/><U23/><E1/><V134/><F26/><W35/><G35/><T130/><D31/><U34/><E34/><V127/><F17/><W72/><G72/><T6/><D6/><U2/><E2/><V30/><F4/><W80/><G80/><T110/><D32/><U7/><E10/><N who="2" m="6519" /><F30/><W56/><G0/><T58/><D58/><N who="1" m="37111" /><E86/><N who="2" m="52535" /><F127/><W57/><G37/><T77/><D110/><U52/><E54/><V118/><F118/><N who="3" m="45067" /><G126/><T128/><D77/><AGARI ba="0,0" hai="7,9,12,22,23,46,51,52,77,78,79" m="37111" machi="77" ten="30,2000,0" yaku="8,1,54,1" doraHai="84" who="1" fromWho="0" sc="250,-20,250,20,250,0,250,0" /><INIT seed="1,0,0,3,3,89" ten="230,270,250,250" oya="1" hai0="18,2,92,15,31,50,9,127,81,116,100,68,123" hai1="49,1,47,125,13,21,56,104,3,44,54,35,91" hai2="118,11,82,121,14,135,23,112,60,117,12,87,29" hai3="32,8,114,83,46,109,26,131,111,64,94,113,76"/><U48/><E35/><V27/><F121/><W5/><G64/><T97/><D116/><U66/><E104/><V128/><F135/><W19/><G46/><T72/><D68/><U10/><E125/><V88/><F128/><W45/><G45/><T53/><D127/><U62/><E21/><V70/><F112/><W75/><G131/><T40/><D123/><U69/><E91/><V65/><REACH who="2" step="1"/><F14/><REACH who="2" ten="230,270,240,250" step="2"/><W59/><G114/><T132/><D132/><U67/><E1/><V4/><AGARI ba="0,1" hai="4,11,12,23,27,29,60,65,70,82,87,88,117,118" machi="4" ten="20,8000,1" yaku="1,1,2,1,0,1,7,1,54,1,53,0" doraHai="89" doraHaiUra="99" who="2" fromWho="2" sc="230,-20,270,-40,240,90,250,-20" /><INIT seed="2,0,0,2,3,116" ten="210,230,330,230" oya="2" hai0="3,47,123,39,93,29,62,43,78,88,129,113,6" hai1="118,80,134,54,107,27,28,117,95,52,79,9,11" hai2="40,132,85,26,112,36,103,21,115,50,126,81,55" hai3="17,70,20,98,4,120,48,63,68,10,76,15,77"/><V59/><F132/><W5/><G5/><T131/><D113/><U102/><E107/><V111/><F126/><W89/><G120/><T57/><D29/><U82/><E134/><V74/><F74/><W58/><G48/><T97/><D78/><U91/><E102/><V25/><F103/><W18/><G70/><T69/><D69/><U23/><E117/><V130/><F130/><N who="0" m="49674" /><D123/><U119/><E119/><V0/><F111/><W92/><G68/><T46/><D46/><U71/><E71/><V65/><F115/><W125/><G125/><T87/><D6/><U41/><E41/><V133/><F112/><W64/><REACH who="3" step="1"/><G17/><REACH who="3" ten="210,230,330,220" step="2"/><T7/><D7/><U104/><E118/><V121/><F50/><W16/><G16/><T105/><D3/><AGARI ba="0,1" hai="3,4,10,15,18,20,58,63,64,76,77,89,92,98" machi="3" ten="30,2000,0" yaku="1,1,7,1,53,0" doraHai="116" doraHaiUra="109" who="3" fromWho="0" sc="210,-20,230,0,330,0,220,30" /><INIT seed="3,0,0,3,5,14" ten="190,230,330,250" oya="3" hai0="8,104,75,53,38,27,111,106,34,108,89,33,43" hai1="58,68,48,131,78,130,26,119,107,117,126,105,42" hai2="65,55,120,94,60,21,11,4,100,115,44,54,112" hai3="25,101,83,132,51,37,80,123,46,22,84,23,103"/><W99/><G37/><T92/><D75/><U45/><E68/><V110/><F21/><W0/><G0/><T64/><D64/><U77/><E126/><V30/><F30/><W90/><G132/><T62/><D53/><N who="1" m="32039" /><E78/><V19/><F120/><W82/><G22/><T28/><D62/><U3/><E3/><V63/><F65/><W135/><G135/><T10/><D43/><U2/><E26/><V114/><F4/><W93/><G103/><T76/><D76/><U69/><E77/><V13/><F110/><W85/><G85/><T74/><D38/><N who="1" m="21719" /><E69/><V24/><F24/><W47/><G123/><T41/><D41/><U97/><E2/><V79/><F79/><W67/><G67/><T49/><D49/><U1/><E1/><V40/><F63/><W122/><G122/><T91/><D92/><U116/><E97/><V61/><F61/><W129/><G129/><AGARI ba="0,0" hai="105,107,116,117,119,129,130,131" m="21719,32039" machi="129" ten="40,2600,0" yaku="12,1,19,1" doraHai="14" who="1" fromWho="3" sc="190,0,230,26,330,0,250,-26" owari="190,-31.0,256,5.6,330,43.0,224,-17.6" /></mjloggm>