<mjloggm ver="2.3"><GO type="225" lobby="0"/><UN n0="%73%6C%69%63%6B%33%31%39" n1="%33%74%72%65%65" n2="%E8%90%BD%E6%97%A5" n3="%E9%80%9F%E6%B0%B4%E5%87%9B%E9%A6%99" dan="17,17,19,16" rate="2160.34,2157.10,2284.51,2102.54" sx="M,F,F,F"/><TAIKYOKU oya="0"/><INIT seed="0,0,0,1,0,105" ten="250,250,250,250" oya="0" hai0="14,117,31,9,13,10,48,84,70,62,56,127,3" hai1="90,85,6,15,94,44,73,5,125,33,0,60,65" hai2="128,92,55,52,45,18,74,109,103,97,37,86,130" hai3="96,132,83,59,51,120,19,49,11,29,50,8,32"/><T35/><D117/><U25/><E125/><V134/><F109/><W131/><G120/><T1/><D70/><U122/><E122/><V67/><F134/><W42/><G132/><T80/><D127/><U106/><E106/><V39/><F67/><W46/><G131/><N who="2" m="50217" /><F18/><W64/><G29/><T100/><D100/><U26/><E0/><V108/><F108/><W43/><G32/><T121/><D121/><U12/><E73/><V22/><F22/><W116/><G116/><T123/><D123/><U82/><E44/><V129/><N who="2" m="50225" /><V87/><DORA hai="38" /><F74/><W68/><G68/><T20/><D35/><U91/><E33/><V104/><F104/><W2/><G2/><T72/><D72/><U124/><E124/><V102/><F102/><W23/><G96/><T76/><D1/><U17/><E5/><V119/><F119/><W99/><G99/><T4/><D48/><U27/><E6/><V81/><F39/><W16/><G83/><T69/><D69/><U36/><E36/><V113/><F113/><W54/><G64/><T89/><D31/><U47/><E17/><N who="3" m="6730" /><G23/><T40/><D20/><U7/><E7/><V75/><F75/><W21/><G21/><T98/><D9/><N who="3" m="3657" /><G46/><T107/><D107/><U88/><E47/><V111/><F111/><W58/><G54/><N who="2" m="20521" /><F81/><W114/><G114/><T61/><D3/><U115/><E115/><V71/><F71/><W77/><G77/><T66/><D14/><N who="1" m="5163" /><E82/><V126/><F126/><W24/><G24/><T30/><D30/><U93/><E93/><V118/><F118/><W112/><G112/><T41/><D62/><RYUUKYOKU ba="0,0" sc="250,0,250,0,250,0,250,0" hai0="4,10,13,40,41,56,61,66,76,80,84,89,98" hai1="25,26,27,60,65,85,88,90,91,94" hai2="37,45,86,87,92,97,103" hai3="42,43,49,50,51,58,59" /><INIT seed="0,1,0,0,1,75" ten="250,250,250,250" oya="0" hai0="6,98,34,44,107,69,112,42,25,7,125,94,126" hai1="16,121,29,27,39,106,3,18,57,79,68,80,47" hai2="84,28,52,65,8,51,102,36,81,30,70,127,41" hai3="60,113,101,122,23,72,66,19,89,20,12,37,130"/><T124/><D112/><U95/><E121/><V46/><F127/><W104/><G113/><T88/><D69/><U4/><E106/><V1/><F102/><W115/><G37/><T93/><D107/><U100/><E68/><V92/><F92/><W53/><G115/><T120/><D120/><U91/><E100/><V13/><F1/><W43/><G122/><T38/><REACH who="0" step="1"/><D93/><REACH who="0" ten="240,250,250,250" step="2"/><U31/><E95/><V62/><F36/><W56/><G104/><T103/><D103/><U26/><E39/><V78/><REACH who="2" step="1"/><F41/><REACH who="2" ten="240,250,240,250" step="2"/><W0/><G101/><T96/><D96/><U83/><E91/><V33/><F33/><W35/><G43/><T24/><D24/><U58/><E26/><V119/><F119/><W87/><G35/><T40/><D40/><U50/><E27/><V64/><F64/><W59/><G66/><T32/><D32/><U128/><E128/><V85/><F85/><W133/><G87/><T67/><D67/><U99/><E99/><V117/><F117/><W49/><G89/><T123/><D123/><U116/><E116/><V9/><F9/><W45/><G130/><T74/><D74/><U114/><E114/><V73/><F73/><W129/><G72/><T22/><D22/><U55/><E55/><V131/><F131/><W10/><G53/><T132/><D132/><U11/><E11/><V86/><F86/><W110/><G133/><T109/><D109/><U17/><E79/><V21/><F21/><W76/><G20/><T5/><D5/><AGARI ba="1,2" hai="5,8,13,28,30,46,51,52,62,65,70,78,81,84" machi="5" ten="30,7700,0" yaku="1,1,7,1,52,1,54,1,53,0" doraHai="75" doraHaiUra="54" who="2" fromWho="0" sc="240,-80,250,0,240,100,250,0" /><INIT seed="1,0,0,2,1,91" ten="160,250,340,250" oya="1" hai0="115,34,94,4,125,42,86,105,116,49,96,107,15" hai1="31,45,129,117,72,102,37,13,0,98,2,14,108" hai2="27,135,84,78,59,70,101,18,88,19,111,112,5" hai3="8,40,93,3,38,39,79,118,48,22,43,126,80"/><U24/><E117/><V123/><F70/><W85/><G126/><T110/><D115/><U11/><E72/><V29/><F123/><W69/><G69/><T62/><D116/><U122/><E122/><V50/><F111/><W73/><G118/><T61/><D34/><U16/><E108/><V36/><F36/><W106/><G106/><T76/><D110/><U17/><E129/><V25/><F135/><W92/><G22/><T30/><D30/><U104/><E45/><V121/><F121/><W54/><G85/><T12/><D125/><U57/><E57/><V134/><F78/><W52/><G54/><T55/><D107/><U67/><E67/><V68/><F68/><W71/><G71/><T33/><D33/><U58/><E58/><V35/><F101/><W60/><G60/><N who="0" m="23147" /><D105/><U46/><E46/><V77/><F77/><W83/><G83/><N who="0" m="47463" /><D4/><U32/><REACH who="1" step="1"/><E37/><REACH who="1" ten="160,240,340,250" step="2"/><V109/><F109/><W44/><G38/><T120/><D120/><U74/><E74/><V90/><F59/><N who="3" m="33159" /><G43/><T26/><D42/><U53/><E53/><V75/><F75/><W51/><G51/><T132/><D132/><U133/><E133/><V41/><F134/><W95/><G39/><T6/><D49/><U7/><E7/><V47/><F5/><N who="3" m="1087" /><G44/><T113/><D55/><U23/><AGARI ba="0,1" hai="0,2,11,13,14,16,17,23,24,31,32,98,102,104" machi="23" ten="20,7800,0" yaku="1,1,0,1,7,1,54,1,53,0" doraHai="91" doraHaiUra="66" who="1" fromWho="1" sc="160,-26,240,88,340,-26,250,-26" /><INIT seed="1,1,0,4,0,46" ten="134,328,314,224" oya="1" hai0="93,1,89,119,99,97,55,109,21,95,4,132,105" hai1="36,47,26,0,2,34,67,111,49,134,6,76,20" hai2="52,106,31,125,130,51,100,116,30,115,37,98,113" hai3="25,22,128,64,96,12,33,69,90,86,19,53,39"/><U11/><E134/><V79/><F116/><W94/><G39/><T48/><D109/><U18/><E111/><V13/><F125/><W81/><G128/><T8/><D132/><U17/><E36/><V41/><F130/><W57/><G69/><T42/><D119/><U103/><E34/><V59/><F79/><W83/><G64/><T15/><D105/><U16/><E0/><V85/><F85/><W58/><G58/><T114/><D114/><N who="2" m="43530" /><F13/><W133/><G133/><T107/><D107/><U87/><E67/><V124/><F124/><W82/><G33/><T45/><D21/><U118/><E103/><V40/><F37/><W14/><REACH who="3" step="1"/><G86/><REACH who="3" ten="134,328,314,214" step="2"/><T74/><D74/><U72/><E87/><V24/><F31/><W121/><G121/><T68/><D68/><U104/><E118/><V88/><F88/><W127/><G127/><T66/><D66/><U73/><E73/><V122/><F122/><W112/><G112/><T63/><D1/><U60/><E72/><V62/><F62/><AGARI ba="1,1" hai="12,14,19,22,25,53,57,62,81,82,83,90,94,96" machi="62" ten="40,8000,1" yaku="1,1,25,2,8,1,53,1" doraHai="46" doraHaiUra="50" who="3" fromWho="2" sc="134,0,328,0,314,-83,214,93" /><INIT seed="2,0,0,0,5,74" ten="134,328,231,307" oya="2" hai0="68,99,19,96,95,52,17,107,38,71,114,128,35" hai1="21,110,44,48,37,29,111,56,61,72,104,97,122" hai2="113,109,106,41,27,65,124,73,78,1,77,54,46" hai3="112,22,121,131,63,135,50,119,118,134,42,82,84"/><V39/><F113/><W87/><G121/><T24/><D128/><U69/><E122/><V53/><F124/><W23/><G63/><T57/><D114/><U55/><E72/><V67/><F106/><W83/><G50/><T26/><D38/><U102/><E29/><V20/><F1/><W6/><G6/><T7/><D7/><U108/><E21/><V58/><F109/><W93/><G42/><T18/><D107/><U88/><E37/><V75/><F73/><W91/><G112/><T76/><D76/><U120/><E120/><V31/><F54/><W59/><G59/><T25/><D35/><U94/><E69/><V86/><F75/><W30/><G30/><T66/><D66/><N who="1" m="39207" /><E104/><V16/><F31/><W47/><G47/><T32/><D32/><U33/><E33/><V116/><F116/><N who="3" m="44587" /><G22/><T70/><REACH who="0" step="1"/><D95/><REACH who="0" ten="124,328,231,307" step="2"/><U34/><E34/><V5/><F5/><W62/><G93/><T64/><D64/><U60/><E110/><V133/><F67/><W28/><G131/><T117/><D117/><U8/><E111/><V14/><F65/><W3/><G134/><T9/><D9/><U90/><E8/><V125/><F133/><W0/><G135/><T127/><D127/><U101/><E108/><V2/><F125/><W100/><G23/><T89/><D89/><U105/><E105/><V10/><F2/><W92/><G0/><T15/><D15/><U98/><E90/><V51/><F86/><W79/><G3/><T40/><D40/><N who="1" m="24583" /><E98/><V11/><F11/><W126/><G126/><T43/><D43/><U130/><E130/><V132/><F132/><RYUUKYOKU ba="0,1" sc="124,10,328,10,231,10,307,-30" hai0="17,18,19,24,25,26,52,57,68,70,71,96,99" hai1="55,60,88,94,97,101,102" hai2="10,14,16,20,27,39,41,46,51,53,58,77,78" /><INIT seed="2,1,1,2,3,15" ten="134,338,241,277" oya="2" hai0="122,102,22,100,23,18,47,79,8,45,114,130,111" hai1="39,0,2,27,49,50,57,31,20,94,59,58,116" hai2="97,26,33,123,113,44,80,6,119,96,14,52,61" hai3="11,99,56,88,128,19,118,29,10,108,68,51,3"/><V30/><F113/><W86/><G68/><T16/><D122/><U109/><E116/><V43/><F119/><W67/><G118/><T74/><D114/><U121/><E121/><V13/><F123/><W107/><G108/><T12/><D111/><U120/><E120/><V34/><F34/><W115/><G128/><T93/><D130/><U78/><E39/><V32/><F32/><W36/><G36/><T76/><D8/><U60/><E109/><V103/><F80/><W46/><G29/><T53/><D74/><U89/><E78/><N who="0" m="29737" /><D93/><U90/><E90/><V125/><F97/><W41/><G3/><T83/><D83/><U110/><E110/><V62/><F125/><W75/><G75/><T81/><D81/><U5/><E2/><V63/><F6/><W133/><G133/><T101/><D53/><U40/><E5/><V38/><REACH who="2" step="1"/><F52/><REACH who="2" ten="134,338,231,277" step="2"/><W21/><G115/><T71/><D71/><U84/><E60/><V54/><F54/><W117/><G117/><T7/><D7/><U28/><E58/><V25/><F25/><AGARI ba="1,2" hai="12,16,18,22,23,25,45,47,100,101,102" m="29737" machi="25" ten="30,7700,0" yaku="8,1,52,2,54,1" doraHai="15" who="0" fromWho="2" sc="134,100,338,0,231,-80,277,0" /><INIT seed="3,0,0,3,5,131" ten="234,338,151,277" oya="3" hai0="92,50,21,4,13,23,135,48,74,133,22,15,111" hai1="66,82,2,52,60,128,27,53,106,12,10,116,90" hai2="6,68,73,40,86,16,123,59,102,126,41,29,36" hai3="34,47,55,100,38,134,65,119,94,49,130,120,14"/><W99/><G120/><T84/><D74/><U108/><E128/><V93/><F68/><W98/><G34/><T97/><D84/><N who="1" m="50455" /><E106/><V31/><F73/><W63/><G119/><T122/><D122/><U56/><E2/><V1/><F123/><W67/><G130/><T61/><D61/><U112/><E112/><V87/><F126/><W71/><G65/><T8/><D15/><U51/><E108/><V64/><F6/><W3/><G3/><T72/><D72/><U76/><E116/><V110/><F1/><W79/><G79/><T107/><D107/><U132/><E132/><N who="0" m="50761" /><D111/><U0/><E0/><V78/><F110/><W105/><G134/><T95/><D95/><U69/><E69/><V5/><F5/><W25/><G14/><T88/><AGARI ba="0,0" hai="4,8,13,21,22,23,48,50,88,92,97" m="50761" machi="88" ten="30,8000,1" yaku="20,1,52,3,54,1" doraHai="131" who="0" fromWho="0" sc="234,80,338,-20,151,-20,277,-40" owari="314,11.4,318,41.8,131,-36.9,237,-16.3" /></mjloggm>