<mjloggm ver="2.3"><GO type="225" lobby="0"/><UN n0="%E3%81%BF%E3%81%BF%E3%81%9A" n1="%33%74%72%65%65" n2="%E3%83%B4%E3%82%A3%E3%83%AF%E3%82%B3%E3%82%B0%E3%83%8B" n3="%E3%81%8C%E3%81%9F" dan="17,16,16,16" rate="2282.45,2060.37,2157.27,2104.33" sx="M,F,M,M"/><TAIKYOKU oya="0"/><INIT seed="0,0,0,1,0,30" ten="250,250,250,250" oya="0" hai0="93,92,107,112,35,69,74,94,118,3,127,1,131" hai1="64,41,4,79,76,80,59,5,117,121,24,134,113" hai2="45,60,16,44,100,109,53,83,34,126,66,56,31" hai3="20,22,123,39,55,82,2,47,36,104,42,105,67"/><T124/><RYUUKYOKU type="yao9" ba="0,0" sc="250,0,250,0,250,0,250,0" hai0="1,3,35,69,74,92,93,94,107,112,118,124,127,131" /><INIT seed="0,1,0,4,2,125" ten="250,250,250,250" oya="0" hai0="94,118,86,9,75,117,100,110,30,114,37,115,10" hai1="27,70,135,0,29,46,11,5,31,92,60,85,20" hai2="77,6,109,1,82,83,123,49,23,17,130,38,19" hai3="18,48,63,35,28,16,32,15,104,112,79,88,53"/><T134/><D37/><U80/><E135/><V55/><F109/><W127/><G112/><T57/><D75/><U78/><E46/><V40/><F123/><W69/><G104/><T84/><D57/><U99/><E60/><V8/><F83/><W126/><G79/><T108/><D30/><U51/><E51/><V7/><F7/><W129/><G129/><T67/><D94/><U122/><E70/><V71/><F23/><W22/><G18/><T133/><REACH who="0" step="1"/><D100/><REACH who="0" ten="240,250,250,250" step="2"/><U42/><E31/><V116/><F71/><W24/><G126/><T12/><D12/><U124/><E124/><V95/><F95/><W120/><G127/><T36/><D36/><U72/><E72/><N who="2" m="43303" /><F116/><W111/><G69/><T21/><D21/><U89/><E122/><V41/><F38/><W98/><G120/><T81/><D81/><U132/><E132/><V87/><F87/><W47/><G111/><T121/><D121/><U54/><E85/><V105/><F105/><W93/><REACH who="3" step="1"/><G63/><REACH who="3" ten="240,250,250,240" step="2"/><T59/><D59/><U25/><E29/><V90/><F130/><W44/><G44/><T13/><D13/><U3/><E27/><V39/><F1/><W103/><G103/><T128/><D128/><U4/><E3/><V65/><F17/><W2/><G2/><T91/><D91/><U34/><E0/><V96/><F19/><W45/><G45/><T107/><D107/><U56/><E89/><V113/><F90/><W76/><G76/><T97/><D97/><U52/><E99/><V106/><F96/><W74/><G74/><T50/><D50/><N who="1" m="30743" /><E78/><V61/><F106/><W43/><G43/><RYUUKYOKU ba="1,2" sc="240,15,250,-15,250,-15,240,15" hai0="9,10,67,84,86,108,110,114,115,117,118,133,134" hai3="15,16,22,24,28,32,35,47,48,53,88,93,98" /><INIT seed="0,2,2,4,3,6" ten="255,235,235,255" oya="0" hai0="87,97,32,84,94,76,79,69,86,113,70,26,118" hai1="135,99,27,58,121,20,131,53,14,31,122,103,28" hai2="133,120,5,12,102,78,37,128,33,117,108,23,55" hai3="67,129,30,91,68,66,71,96,1,17,74,72,104"/><T85/><D113/><U110/><E131/><V19/><F108/><W8/><G129/><T47/><D118/><U127/><E110/><V16/><F128/><W29/><G104/><T80/><D47/><U46/><E135/><V10/><F133/><W39/><G39/><T134/><D134/><U123/><E127/><V18/><F120/><W41/><G41/><T126/><D126/><U36/><E46/><V44/><F117/><W90/><G17/><T105/><D105/><U3/><E3/><V42/><F33/><W9/><REACH who="3" step="1"/><G96/><REACH who="3" ten="255,235,235,245" step="2"/><T100/><REACH who="0" step="1"/><D79/><REACH who="0" ten="245,235,235,245" step="2"/><U56/><E122/><V40/><F78/><W62/><G62/><T34/><D34/><U57/><E121/><V13/><F42/><W95/><G95/><T83/><D83/><U88/><E123/><V61/><REACH who="2" step="1"/><F102/><REACH who="2" ten="245,235,225,245" step="2"/><W92/><G92/><T11/><D11/><U64/><E103/><V65/><F65/><W48/><G48/><T77/><D77/><U59/><E64/><V112/><F112/><W50/><G50/><T52/><D52/><U93/><E53/><V15/><F15/><W132/><G132/><T75/><D75/><U4/><E14/><V21/><F21/><W7/><G7/><T114/><D114/><U81/><E4/><V115/><F115/><W63/><G63/><T49/><D49/><U116/><E116/><V22/><F22/><W109/><G109/><T24/><D24/><U119/><E119/><V101/><F101/><W45/><G45/><T35/><D35/><U125/><E20/><V130/><F130/><W25/><G25/><T106/><D106/><U43/><E27/><RYUUKYOKU ba="2,5" sc="245,10,235,-30,225,10,245,10" hai0="26,32,69,70,76,80,84,85,86,87,94,97,100" hai2="5,10,12,13,16,18,19,23,37,40,44,55,61" hai3="1,8,9,29,30,66,67,68,71,72,74,90,91" /><INIT seed="0,3,5,3,5,88" ten="255,205,235,255" oya="0" hai0="20,49,90,30,56,83,76,52,14,89,101,60,79" hai1="62,108,6,86,22,67,131,102,1,95,80,17,9" hai2="54,74,134,112,41,25,133,13,18,45,113,19,10" hai3="11,15,35,110,12,44,104,48,92,119,91,21,116"/><T4/><D101/><U77/><E108/><V23/><F74/><W59/><G104/><T96/><D89/><U47/><E131/><V127/><F54/><W94/><G35/><T120/><D120/><U126/><E126/><V69/><F69/><W109/><G59/><T63/><D4/><U50/><E102/><V36/><REACH who="2" step="1"/><F127/><REACH who="2" ten="255,205,225,255" step="2"/><W135/><G109/><T98/><D63/><U105/><E62/><V39/><F39/><W40/><G110/><T115/><D115/><AGARI ba="3,6" hai="10,13,18,19,23,25,36,41,45,112,113,115,133,134" machi="115" ten="40,2600,0" yaku="1,1,53,1" doraHai="88" doraHaiUra="43" who="2" fromWho="0" sc="255,-35,205,0,225,95,255,0" /><INIT seed="1,0,0,0,0,91" ten="220,205,320,255" oya="1" hai0="1,108,24,126,85,46,87,22,67,125,16,68,2" hai1="89,7,83,48,57,106,31,123,10,59,25,8,86" hai2="13,52,45,129,114,119,75,30,105,56,81,36,135" hai3="64,102,19,107,6,132,93,5,82,134,33,113,62"/><U63/><E123/><V58/><F119/><W40/><G113/><T116/><D116/><U71/><E106/><V88/><F105/><W0/><G107/><T110/><D46/><U131/><E131/><V12/><F30/><W92/><G33/><T96/><D67/><U38/><E38/><V69/><F69/><W112/><G112/><T43/><D43/><U29/><E71/><V78/><F114/><W44/><G82/><T84/><D96/><U49/><E57/><V61/><F135/><N who="3" m="51755" /><G19/><T3/><REACH who="0" step="1"/><D68/><REACH who="0" ten="210,205,320,255" step="2"/><U101/><E101/><V53/><F45/><W90/><G102/><T121/><D121/><U122/><E122/><V54/><F129/><W120/><G120/><T9/><D9/><U76/><E10/><V130/><F130/><W47/><G40/><T109/><AGARI ba="0,1" hai="1,2,3,16,22,24,84,85,87,108,109,110,125,126" machi="109" ten="50,12000,2" yaku="1,1,0,1,29,2,14,1,54,1,53,0" doraHai="91" doraHaiUra="117" who="0" fromWho="0" sc="210,130,205,-60,320,-30,255,-30" /><INIT seed="2,0,0,2,1,17" ten="340,145,290,225" oya="2" hai0="50,90,77,115,38,11,89,9,7,65,72,29,18" hai1="100,43,58,41,132,48,70,62,133,60,8,81,91" hai2="87,125,0,2,134,49,20,54,105,36,33,84,59" hai3="93,80,71,35,68,114,135,103,98,21,75,42,56"/><V1/><F33/><W83/><G35/><T130/><D115/><U32/><E32/><V82/><F134/><N who="1" m="51817" /><E100/><V131/><F125/><W25/><G135/><T128/><D38/><U116/><E81/><V6/><F131/><N who="0" m="50218" /><D29/><U63/><E8/><V107/><F36/><W88/><G114/><T124/><D124/><U118/><E91/><V24/><F6/><W73/><G42/><N who="1" m="15882" /><E70/><V110/><F84/><W4/><G4/><T111/><D77/><U19/><E19/><V85/><F85/><W26/><G68/><T64/><D90/><U10/><E10/><V69/><F69/><W129/><G71/><T86/><D72/><U53/><AGARI ba="0,0" hai="48,53,58,60,62,63,116,118" m="15882,51817" machi="53" ten="40,5200,0" yaku="20,1,34,2" doraHai="17" who="1" fromWho="1" sc="340,-13,145,52,290,-26,225,-13" /><INIT seed="3,0,0,2,4,66" ten="327,197,264,212" oya="3" hai0="40,39,75,44,15,100,34,10,122,114,33,98,30" hai1="69,7,38,80,49,20,46,83,97,134,96,17,24" hai2="62,41,31,37,133,22,126,89,116,92,35,117,118" hai3="108,72,47,82,14,28,51,52,2,131,81,60,130"/><W1/><G28/><T63/><D122/><U36/><E69/><V8/><F35/><W128/><G108/><T74/><D114/><U19/><E134/><V101/><F133/><W64/><G14/><T132/><D132/><U65/><E65/><V113/><F113/><W21/><G21/><T102/><D102/><U109/><E109/><V3/><F101/><W53/><G53/><T105/><D63/><U58/><E58/><V106/><F106/><W85/><G72/><T42/><D42/><N who="1" m="24791" /><E38/><V9/><F126/><W56/><REACH who="3" step="1"/><G81/><REACH who="3" ten="327,197,264,202" step="2"/><N who="1" m="31306" /><E36/><V50/><F37/><W127/><G127/><T23/><D23/><N who="1" m="13423" /><E7/><V107/><F41/><W76/><AGARI ba="0,1" hai="1,2,47,51,52,56,60,64,76,82,85,128,130,131" machi="76" ten="30,12000,1" yaku="1,1,0,1,19,1,54,1,53,1" doraHai="66" doraHaiUra="55" who="3" fromWho="3" sc="327,-40,197,-40,264,-40,202,130" owari="287,8.7,157,-34.3,224,-17.6,332,43.2" /></mjloggm>