<mjloggm ver="2.3"><GO type="225" lobby="0"/><UN n0="%E3%81%8B%E3%82%8F%E3%81%A1%E3%82%83%E3%82%93%35%38" n1="%E5%91%A8%E6%9D%B1" n2="%73%73%6B%5F%66%72%65%65" n3="%33%74%72%65%65" dan="17,17,16,16" rate="2183.88,2194.51,2171.94,2105.66" sx="M,M,M,F"/><TAIKYOKU oya="0"/><INIT seed="0,0,0,4,2,5" ten="250,250,250,250" oya="0" hai0="76,99,123,111,50,66,69,12,78,85,91,41,54" hai1="15,36,130,89,82,40,33,108,61,25,38,26,62" hai2="45,71,73,109,67,13,3,32,11,18,29,35,9" hai3="63,90,132,31,105,135,68,0,20,37,16,30,125"/><T47/><D123/><U19/><E130/><V134/><F73/><W117/><G117/><T106/><D111/><U96/><E108/><V95/><F109/><W127/><G105/><T44/><D69/><U112/><E112/><V83/><F95/><W114/><G37/><T103/><D66/><U22/><E38/><V101/><F101/><W92/><G114/><T116/><D116/><U39/><E39/><V77/><F45/><W126/><G0/><T43/><D12/><U42/><E36/><V88/><F77/><W133/><G63/><N who="1" m="24074" /><E33/><V70/><F67/><W104/><G104/><T1/><D1/><U21/><E26/><V121/><F121/><W4/><G4/><T60/><D43/><U17/><E96/><V97/><F134/><W81/><G81/><T86/><D86/><AGARI ba="0,0" hai="15,17,19,21,22,25,40,42,82,86,89" m="24074" machi="86" ten="30,1000,0" yaku="8,1" doraHai="5" who="1" fromWho="0" sc="250,-10,250,10,250,0,250,0" /><INIT seed="1,0,0,3,3,62" ten="240,260,250,250" oya="1" hai0="118,48,7,85,116,56,96,57,55,8,119,129,84" hai1="35,40,51,114,87,12,80,72,69,45,4,68,101" hai2="42,98,81,31,105,24,38,6,77,102,53,124,37" hai3="92,106,54,25,30,123,94,78,64,109,34,128,126"/><U11/><E35/><V86/><F124/><W13/><G106/><T108/><D108/><U60/><E114/><V90/><F53/><W52/><G123/><T28/><D129/><U44/><E72/><V65/><F65/><W18/><G109/><T29/><D96/><U67/><E45/><V76/><F6/><W32/><G128/><T1/><REACH who="0" step="1"/><D56/><REACH who="0" ten="230,260,250,250" step="2"/><U27/><E101/><V39/><REACH who="2" step="1"/><F42/><REACH who="2" ten="230,260,240,250" step="2"/><W17/><G126/><T79/><D79/><N who="1" m="46495" /><E27/><V115/><F115/><W83/><G25/><T61/><D61/><U14/><E14/><V23/><AGARI ba="0,2" hai="23,24,31,37,38,39,76,77,81,86,90,98,102,105" machi="23" ten="30,2000,0" yaku="1,1,0,1,53,0" doraHai="62" doraHaiUra="58" who="2" fromWho="2" sc="230,-5,260,-10,240,40,250,-5" /><INIT seed="2,0,0,5,0,43" ten="225,250,280,245" oya="2" hai0="10,26,102,129,4,62,128,38,76,103,135,118,112" hai1="93,83,57,98,87,92,69,124,81,104,73,58,74" hai2="94,113,31,17,105,12,41,84,97,8,19,22,132" hai3="29,116,109,33,44,39,45,110,115,27,122,15,79"/><V88/><F113/><W60/><G116/><T107/><D112/><U117/><E69/><V63/><F132/><W6/><G115/><T126/><D38/><U96/><E117/><V77/><F31/><W89/><G122/><T23/><D118/><U28/><E28/><V66/><F41/><W133/><G39/><T130/><D107/><U13/><E13/><V121/><F121/><W65/><G79/><T75/><D135/><U40/><E40/><V106/><F97/><W47/><G133/><T91/><D126/><U80/><E124/><V56/><REACH who="2" step="1"/><F77/><REACH who="2" ten="225,250,270,245" step="2"/><W54/><G54/><T64/><D76/><U34/><E98/><V50/><F50/><W25/><G89/><T30/><D91/><U16/><E96/><V120/><F120/><W52/><G52/><T55/><D55/><U114/><E114/><V111/><F111/><N who="3" m="42507" /><G29/><T100/><D75/><U11/><E73/><V42/><F42/><W20/><G33/><T32/><D32/><U123/><E74/><V35/><F35/><W90/><G90/><T36/><D36/><U72/><E72/><V134/><F134/><W127/><G127/><T14/><REACH who="0" step="1"/><D102/><REACH who="0" ten="215,250,270,245" step="2"/><U119/><E34/><V125/><F125/><W37/><G37/><T70/><AGARI ba="0,2" hai="4,10,14,23,26,30,62,64,70,100,103,128,129,130" machi="70" ten="30,8000,1" yaku="1,1,2,1,0,1,19,1,53,1" doraHai="43" doraHaiUra="59" who="0" fromWho="0" sc="215,100,250,-20,270,-40,245,-20" /><INIT seed="3,0,0,1,2,9" ten="315,230,230,225" oya="3" hai0="87,90,19,58,75,38,77,23,21,63,41,48,83" hai1="61,36,113,81,2,111,85,68,100,53,10,22,43" hai2="4,130,134,11,86,104,123,135,55,8,126,89,24" hai3="74,92,14,0,59,67,108,102,32,47,13,95,106"/><W128/><G0/><T110/><D38/><U80/><E113/><V109/><F109/><W28/><G108/><T16/><D110/><U39/><E111/><V26/><F126/><W118/><G118/><T34/><D34/><U51/><E100/><V25/><F104/><W88/><G74/><T129/><D129/><U133/><E133/><N who="2" m="50699" /><F130/><W99/><G128/><T115/><D115/><U12/><E43/><V56/><F4/><W78/><G78/><T45/><D75/><U46/><E2/><V112/><F123/><W40/><G106/><T54/><D77/><U79/><E22/><AGARI ba="0,0" hai="16,19,21,22,23,41,45,48,54,58,63,83,87,90" machi="22" ten="40,2600,0" yaku="8,1,54,1" doraHai="9" who="0" fromWho="1" sc="315,26,230,-26,230,0,225,0" owari="341,44.1,204,-29.6,230,3.0,225,-17.5" /></mjloggm>