<mjloggm ver="2.3"><GO type="225" lobby="0"/><UN n0="%E3%81%B5%E3%81%98%E3%81%8B%E3%81%A4" n1="%E3%81%8D%E3%82%85%E3%81%86" n2="%E3%81%BF%E3%81%BF%E3%81%9A" n3="%E5%8F%AF%E5%85%90%E9%82%A3%E7%94%B1%E5%A4%9A" dan="16,16,17,16" rate="2172.61,2083.15,2242.75,2095.39" sx="M,M,M,F"/><TAIKYOKU oya="0"/><INIT seed="0,0,0,5,2,120" ten="250,250,250,250" oya="0" hai0="74,80,3,41,36,47,101,78,115,59,134,118,100" hai1="5,38,16,64,25,129,91,84,10,92,26,51,6" hai2="76,53,81,86,116,94,133,54,98,127,97,109,58" hai3="82,23,31,113,108,12,105,62,106,39,22,52,57"/><T89/><D118/><U49/><E129/><V67/><F116/><W85/><G113/><T123/><D115/><U21/><E38/><V107/><F127/><W69/><G39/><T126/><D126/><U11/><E26/><V110/><F133/><W18/><G108/><N who="2" m="41577" /><F107/><W63/><G31/><T44/><D134/><U73/><E73/><V40/><F40/><W121/><G121/><T60/><D123/><U45/><E64/><V30/><F30/><W17/><G69/><T135/><D135/><U46/><E46/><V72/><F72/><W119/><G119/><T112/><D112/><U28/><E28/><V122/><F122/><W95/><G95/><T102/><D47/><U55/><E51/><V71/><F71/><W125/><G125/><T9/><D89/><U0/><E0/><V124/><F124/><W128/><G128/><T48/><D48/><U77/><E77/><V132/><F132/><W50/><G106/><T4/><REACH who="0" step="1"/><D102/><REACH who="0" ten="240,250,250,250" step="2"/><U13/><E45/><V79/><F79/><N who="3" m="46303" /><G105/><T103/><D103/><U2/><E49/><V130/><F130/><W7/><G7/><T42/><D42/><U14/><E6/><V24/><F98/><W32/><G32/><T83/><D83/><U37/><E5/><V65/><F97/><W61/><G50/><T1/><D1/><U111/><E2/><V20/><F94/><W15/><AGARI ba="0,1" hai="12,15,17,18,22,23,52,57,61,62,63" m="46303" machi="15" ten="30,2000,0" yaku="8,1,54,1" doraHai="120" who="3" fromWho="3" sc="240,-10,250,-5,250,-5,250,30" /><INIT seed="1,0,0,4,3,65" ten="230,245,245,280" oya="1" hai0="75,79,86,62,55,21,25,84,87,41,99,81,94" hai1="97,83,89,15,129,82,60,27,13,113,32,134,19" hai2="121,115,54,101,44,0,4,1,108,3,66,45,128" hai3="110,85,30,36,131,109,91,49,17,90,6,130,112"/><U102/><E113/><V14/><F121/><W67/><G36/><T40/><D55/><U24/><E129/><N who="3" m="49162" /><G112/><T33/><D62/><U61/><E134/><V71/><F128/><W96/><G6/><T126/><D126/><U111/><E15/><V78/><F101/><W105/><G30/><T38/><D33/><U114/><E111/><N who="3" m="42506" /><G67/><T29/><REACH who="0" step="1"/><D38/><REACH who="0" ten="220,245,245,280" step="2"/><U70/><E114/><V106/><F108/><W77/><G49/><T8/><D8/><U103/><E61/><V53/><F115/><W123/><G123/><T18/><D18/><U132/><E19/><V116/><F66/><W31/><G17/><T117/><D117/><U74/><E60/><V98/><F116/><W100/><G31/><T104/><D104/><U7/><E32/><V16/><F54/><W28/><G28/><T51/><D51/><U12/><E132/><V119/><F53/><W88/><G77/><T95/><D95/><AGARI ba="0,1" hai="85,88,90,91,95,96,100,105" m="42506,49162" machi="95" ten="30,8000,1" yaku="19,1,14,1,34,2,54,1" doraHai="65" who="3" fromWho="0" sc="220,-80,245,0,245,0,280,90" /><INIT seed="2,0,0,0,3,108" ten="140,245,245,370" oya="2" hai0="88,85,95,133,36,68,1,46,58,98,82,8,39" hai1="53,34,19,21,97,2,76,6,5,24,33,90,89" hai2="20,42,101,59,15,18,35,55,125,37,87,104,43" hai3="115,91,30,7,4,60,96,117,40,131,56,111,74"/><V64/><F125/><W78/><G117/><T100/><D133/><U32/><E76/><V120/><F120/><W26/><G40/><T102/><D68/><U67/><E67/><V38/><F35/><W134/><G111/><T23/><D102/><U122/><E122/><V44/><F64/><W81/><G134/><T73/><D58/><U112/><E112/><V106/><F101/><W103/><G91/><T127/><D127/><U10/><E97/><V118/><F118/><W116/><G131/><T83/><D23/><U71/><E71/><V121/><F121/><W48/><G48/><T28/><D28/><U61/><E6/><V94/><F42/><W13/><G13/><T135/><D135/><U84/><E90/><N who="2" m="53599" /><F37/><W93/><G115/><T9/><D9/><U54/><REACH who="1" step="1"/><E61/><REACH who="1" ten="140,235,245,370" step="2"/><V72/><F72/><W3/><G116/><T129/><D129/><U70/><E70/><V130/><F130/><W62/><G62/><T132/><D132/><U92/><AGARI ba="0,1" hai="2,5,10,19,21,24,32,33,34,53,54,84,89,92" machi="92" ten="30,2000,0" yaku="1,1,0,1,53,0" doraHai="108" doraHaiUra="27" who="1" fromWho="1" sc="140,-5,235,30,245,-10,370,-5" /><INIT seed="3,0,0,5,1,25" ten="135,265,235,365" oya="3" hai0="86,38,52,11,124,117,88,108,44,15,107,101,89" hai1="106,114,68,103,19,102,69,100,31,17,24,122,105" hai2="79,98,115,58,27,70,87,111,23,121,62,64,39" hai3="42,43,56,18,20,7,109,110,28,13,9,3,51"/><W84/><G28/><T116/><D108/><N who="3" m="41577" /><G84/><T2/><D124/><U96/><E122/><V10/><F115/><W91/><G91/><T63/><D2/><U118/><E118/><V74/><F111/><W34/><G34/><T36/><D89/><U133/><E133/><V46/><F121/><W92/><G92/><T55/><D107/><U99/><E103/><V41/><F74/><W6/><G6/><T128/><D101/><U48/><E114/><V59/><F10/><W75/><G75/><T0/><D0/><U82/><E48/><V126/><F126/><W47/><G56/><T54/><D128/><U45/><E45/><V83/><REACH who="2" step="1"/><F98/><REACH who="2" ten="135,265,225,365" step="2"/><W49/><G9/><T112/><D112/><U60/><E82/><V127/><F127/><W119/><G119/><T53/><N who="0" m="13312" /><DORA hai="35" /><T12/><D63/><U72/><E72/><V129/><F129/><W77/><G47/><T30/><D30/><AGARI ba="0,1" hai="23,27,30,39,41,46,58,59,62,64,70,79,83,87" machi="30" ten="30,8000,1" yaku="1,1,7,1,52,1,53,2" doraHai="25,35" doraHaiUra="22,65" who="2" fromWho="0" sc="135,-80,265,0,225,90,365,0" owari="55,-44.5,265,-13.5,315,11.5,365,46.5" /></mjloggm>