<mjloggm ver="2.3"><GO type="225" lobby="0"/><UN n0="%E3%81%95%E3%81%8D%E3%81%9F%E3%81%BE%E6%9E%97%E6%AA%8E" n1="%E3%81%99%E3%81%84%E3%81%BE%E3%81%9B%E3%83%BC%E3%82%93" n2="%E3%81%BF%E3%81%BF%E3%81%9A" n3="%E3%80%93%E3%81%97%E3%83%BC%E3%82%89%E3%80%93" dan="16,18,18,16" rate="2058.58,2264.75,2266.29,2177.49" sx="M,M,M,M"/><TAIKYOKU oya="0"/><INIT seed="0,0,0,4,3,63" ten="250,250,250,250" oya="0" hai0="10,98,111,128,49,131,11,14,79,42,34,97,7" hai1="96,40,28,29,125,75,74,52,36,37,101,33,54" hai2="88,67,35,120,68,81,89,62,38,45,46,71,129" hai3="57,86,23,76,0,4,56,123,109,91,72,85,44"/><T133/><D133/><U51/><E125/><V93/><F120/><W112/><G123/><T87/><D34/><U94/><E54/><V13/><F35/><W100/><G112/><T26/><D26/><U104/><E104/><V61/><F129/><N who="0" m="49738" /><D11/><U126/><E126/><V99/><F13/><W5/><G109/><T43/><D111/><U6/><E6/><N who="3" m="2666" /><G72/><T32/><D32/><U31/><E33/><V130/><F130/><W108/><G108/><T119/><D119/><U124/><E124/><V18/><F18/><W65/><G100/><T12/><D12/><U2/><E2/><V22/><F22/><W77/><G86/><T53/><D43/><U47/><REACH who="1" step="1"/><E40/><REACH who="1" ten="250,240,250,250" step="2"/><V55/><F55/><W64/><G0/><T21/><D42/><U69/><E69/><V118/><F118/><W9/><G44/><N who="0" m="27815" /><D21/><U134/><E134/><V114/><F45/><W82/><G23/><T113/><D113/><U30/><N who="1" m="7168" /><DORA hai="17" /><U3/><E3/><V25/><F114/><W90/><G9/><T73/><D73/><AGARI ba="0,1" hai="36,37,47,51,52,73,74,75,94,96,101" m="7168" machi="73" ten="50,8000,1" yaku="1,1,54,1,53,2" doraHai="63,17" doraHaiUra="16,70" who="1" fromWho="0" sc="250,-80,240,90,250,0,250,0" /><INIT seed="1,0,0,3,3,70" ten="170,330,250,250" oya="1" hai0="80,58,117,54,134,72,39,90,42,31,76,83,112" hai1="109,60,9,130,126,96,67,23,121,53,93,50,113" hai2="124,48,2,119,129,47,20,85,115,28,33,128,65" hai3="110,8,116,84,38,88,34,43,51,135,6,22,57"/><U111/><E113/><V44/><F119/><W100/><G34/><T5/><D117/><U71/><E121/><V73/><F73/><W114/><G110/><N who="1" m="41994" /><E9/><V26/><F2/><W91/><G135/><T77/><D112/><U16/><E130/><N who="2" m="50283" /><F124/><W45/><G100/><T87/><D134/><U59/><E126/><V82/><F115/><W11/><G114/><T97/><D5/><U92/><E96/><V40/><F65/><W104/><G104/><T0/><D0/><U133/><E133/><V18/><F44/><W81/><G116/><T17/><D31/><U55/><E53/><V106/><F106/><W118/><G118/><T127/><D127/><U41/><E41/><V89/><F18/><W108/><G108/><T101/><D90/><U74/><E74/><V10/><F10/><W103/><G103/><T29/><D29/><U62/><E60/><V49/><F33/><W19/><G91/><T120/><D120/><U46/><E46/><V69/><F69/><W14/><REACH who="3" step="1"/><G6/><REACH who="3" ten="170,330,250,240" step="2"/><T4/><D4/><U21/><E21/><V37/><AGARI ba="0,1" hai="20,26,28,37,40,47,48,49,82,85,89" m="50283" machi="37" ten="30,2000,0" yaku="19,1,52,1" doraHai="70" who="2" fromWho="2" sc="170,-5,330,-10,250,30,240,-5" /><INIT seed="2,0,0,1,5,54" ten="165,320,280,235" oya="2" hai0="80,106,50,67,65,91,93,9,27,59,24,78,43" hai1="84,129,104,99,118,85,110,33,102,125,45,70,62" hai2="130,72,3,55,35,126,103,11,0,38,74,66,122" hai3="77,29,117,20,131,133,75,36,94,134,41,57,120"/><V96/><F55/><W60/><G117/><T95/><D106/><U88/><E118/><V40/><F66/><W97/><G120/><T123/><D123/><U10/><E125/><V82/><F122/><W68/><G68/><T111/><D111/><U5/><E110/><V100/><F100/><W56/><G131/><T16/><D78/><U83/><E33/><V51/><F51/><W61/><G77/><T73/><D73/><U18/><E18/><V124/><F35/><W22/><G75/><N who="2" m="28713" /><F82/><W47/><G29/><T108/><D80/><U48/><E129/><V107/><F130/><W30/><G30/><T46/><D108/><U34/><E34/><V116/><F116/><W89/><G61/><N who="0" m="38079" /><D67/><U28/><E28/><V21/><F21/><N who="3" m="8299" /><G60/><T49/><D49/><U76/><E62/><V64/><F64/><W4/><G4/><T7/><D7/><U1/><E70/><V13/><F38/><W53/><G53/><T113/><D113/><U127/><E127/><N who="2" m="48683" /><F40/><W63/><G63/><T90/><D95/><U112/><E112/><V32/><F32/><W52/><G52/><N who="0" m="29783" /><D93/><U98/><E102/><V58/><F58/><W105/><G105/><T92/><D43/><N who="1" m="24639" /><E104/><V121/><F121/><W39/><G39/><T115/><D115/><U31/><E31/><V114/><F114/><W109/><G109/><T15/><D92/><N who="1" m="54279" /><E99/><V44/><F44/><W23/><G57/><T26/><AGARI ba="0,0" hai="9,15,16,24,26,27,90,91" m="29783,38079" machi="26" ten="30,7900,0" yaku="8,1,52,1,54,2" doraHai="54" who="0" fromWho="0" sc="165,79,320,-20,280,-39,235,-20" /><INIT seed="3,0,0,3,3,2" ten="244,300,241,215" oya="3" hai0="107,54,46,38,93,32,117,26,44,92,35,56,4" hai1="77,10,129,57,55,90,102,95,118,62,81,33,127" hai2="48,75,15,76,116,101,74,128,91,12,70,110,122" hai3="96,24,18,79,49,53,119,39,51,42,131,23,34"/><W69/><G69/><T115/><D107/><U67/><E33/><V40/><F116/><W7/><G119/><T52/><D117/><U99/><E118/><V78/><F70/><W85/><G131/><T14/><D115/><U133/><E129/><V94/><F101/><W125/><G125/><T97/><D38/><U37/><E37/><V66/><F128/><W6/><G34/><T27/><D35/><U60/><E133/><V9/><F66/><W47/><G39/><T82/><D82/><U73/><E127/><V58/><F110/><W25/><G96/><T89/><D32/><U5/><E102/><V22/><F74/><W83/><G25/><N who="0" m="9227" /><D93/><U103/><E103/><V17/><F75/><W29/><G29/><T8/><D54/><U20/><E20/><V109/><F109/><W130/><G130/><T126/><D126/><U3/><E67/><V135/><F135/><W16/><G18/><T21/><D21/><U132/><E132/><V41/><F122/><W111/><G111/><T13/><D14/><U11/><E11/><V80/><F40/><W121/><G121/><T108/><D108/><U19/><E19/><N who="2" m="10599" /><F80/><W1/><G1/><T31/><D31/><U45/><E45/><AGARI ba="0,0" hai="6,7,16,23,24,42,45,47,49,51,53,79,83,85" machi="45" ten="30,12000,1" yaku="7,1,8,1,52,2,54,1" doraHai="2" who="3" fromWho="1" sc="244,0,300,-120,241,0,215,120" owari="244,4.4,180,-32.0,241,-15.9,335,43.5" /></mjloggm>