<mjloggm ver="2.3"><GO type="225" lobby="0"/><UN n0="%E5%AF%82%E5%AF%9E%E3%82%AE%E3%83%8D%E3%82%B9%E3%83%93%E3%83%BC%E3%83%AB" n1="%43%68%65" n2="%73%69%72%6F%75%74" n3="%E3%81%A1%E3%82%85%E3%81%86%E3%81%A9%E3%81%8F%E8%B1%A1%E3%81%95%E3%82%93" dan="16,16,16,16" rate="2157.70,2157.95,2126.21,2080.83" sx="M,M,M,M"/><TAIKYOKU oya="0"/><INIT seed="0,0,0,3,0,17" ten="250,250,250,250" oya="0" hai0="76,43,28,127,118,22,98,81,114,93,25,106,3" hai1="92,83,113,57,91,37,46,5,16,67,89,14,82" hai2="12,38,48,29,72,100,96,97,88,41,0,10,70" hai3="90,23,115,39,109,71,59,78,129,6,36,84,7"/><T133/><D114/><U61/><E113/><V54/><F70/><W112/><G71/><T105/><D118/><U58/><E5/><V11/><F72/><W122/><G78/><T20/><D3/><U80/><E58/><V33/><F0/><W132/><G59/><T65/><D65/><U74/><E74/><V108/><F108/><W49/><G49/><T85/><D133/><U9/><REACH who="1" step="1"/><E92/><REACH who="1" ten="250,240,250,250" step="2"/><V53/><F29/><W56/><G6/><T121/><D121/><U135/><E135/><V13/><F33/><W55/><G7/><T2/><D2/><U94/><E94/><V103/><F11/><W86/><G132/><T30/><D127/><U79/><E79/><V119/><F10/><W1/><G122/><T47/><D30/><U131/><E131/><V134/><F134/><W77/><G1/><T51/><REACH who="0" step="1"/><D20/><REACH who="0" ten="240,240,250,250" step="2"/><U64/><E64/><V19/><F119/><W123/><G23/><T111/><D111/><U75/><E75/><V110/><F110/><W45/><G123/><T125/><D125/><U8/><E8/><V40/><F19/><W52/><G109/><T50/><D50/><U130/><E130/><V126/><F48/><W116/><G129/><T124/><D124/><U101/><E101/><AGARI ba="0,2" hai="22,25,28,43,47,51,76,81,85,93,98,101,105,106" machi="101" ten="30,5800,0" yaku="1,1,7,1,52,1,53,0" doraHai="17" doraHaiUra="15" who="0" fromWho="1" sc="240,78,240,-58,250,0,250,0" /><INIT seed="0,1,0,3,1,104" ten="318,182,250,250" oya="0" hai0="63,2,130,7,103,133,78,114,15,35,124,121,71" hai1="110,34,111,128,93,18,131,8,61,96,84,49,0" hai2="50,117,14,127,46,134,12,135,76,115,37,51,27" hai3="31,80,25,66,91,67,122,107,58,85,82,83,5"/><T4/><D114/><U10/><E34/><V79/><F115/><W44/><G107/><T33/><D103/><U43/><E84/><V45/><F27/><W90/><G122/><T86/><D86/><U17/><E61/><V94/><F94/><W129/><G129/><N who="1" m="49738" /><E43/><V62/><F62/><W11/><G44/><N who="2" m="17001" /><F37/><W9/><G58/><T55/><D2/><U39/><E49/><N who="2" m="18443" /><F127/><W65/><G5/><T125/><D63/><U56/><E56/><V48/><F48/><W109/><G109/><N who="1" m="41482" /><E39/><V72/><F117/><W23/><REACH who="3" step="1"/><G90/><REACH who="3" ten="318,182,250,240" step="2"/><T36/><D125/><U132/><E132/><V32/><F135/><W95/><AGARI ba="1,1" hai="9,11,23,25,31,65,66,67,80,82,83,85,91,95" machi="95" ten="30,12000,2" yaku="1,1,2,1,0,1,8,1,53,3" doraHai="104" doraHaiUra="77" who="3" fromWho="3" sc="318,-61,182,-31,250,-31,240,133" /><INIT seed="1,0,0,4,0,59" ten="257,151,219,373" oya="1" hai0="109,124,86,131,28,73,16,77,75,3,25,119,97" hai1="120,56,29,32,20,100,38,36,68,18,10,82,57" hai2="93,60,96,126,1,49,98,91,17,85,115,132,15" hai3="53,111,13,46,88,4,34,48,19,50,84,55,81"/><U108/><E120/><V11/><F132/><W51/><G34/><T31/><D119/><U44/><E68/><V71/><F126/><W76/><G111/><T83/><D109/><U95/><E108/><V79/><F115/><W114/><G114/><T41/><D3/><U102/><E10/><V6/><F49/><W24/><G24/><T52/><D41/><U65/><E82/><V110/><F110/><W43/><G4/><T89/><D131/><U133/><E133/><V123/><F123/><W40/><G76/><T30/><D124/><U39/><E29/><V72/><F72/><W22/><G50/><T135/><D135/><U104/><E104/><V45/><F45/><AGARI ba="0,0" hai="13,19,22,40,43,45,46,48,51,53,55,81,84,88" machi="45" ten="30,7700,0" yaku="7,1,9,1,8,1,54,1" doraHai="59" who="3" fromWho="2" sc="257,0,151,0,219,-77,373,77" /><INIT seed="2,0,0,2,0,106" ten="257,151,142,450" oya="2" hai0="54,83,107,71,81,94,93,3,123,118,55,119,46" hai1="17,60,16,85,125,72,11,10,12,29,129,126,13" hai2="130,78,105,37,25,87,57,51,121,18,109,114,117" hai3="1,49,34,86,52,23,99,100,128,120,131,7,84"/><V4/><F37/><W112/><G34/><T63/><D107/><U30/><E85/><V77/><F117/><N who="0" m="44554" /><D3/><U0/><E60/><V75/><F121/><W24/><G24/><T95/><BYE who="3" /><D123/><U6/><E72/><V104/><F4/><W36/><G36/><T45/><D55/><UN n3="%E3%81%A1%E3%82%85%E3%81%86%E3%81%A9%E3%81%8F%E8%B1%A1%E3%81%95%E3%82%93" /><U133/><E133/><V27/><F130/><N who="3" m="49707" /><G120/><T21/><D21/><N who="1" m="11431" /><E129/><V110/><F114/><W41/><G41/><T135/><D135/><U64/><E64/><V92/><F105/><N who="3" m="63647" /><G23/><T5/><D5/><U101/><E101/><V124/><F104/><W113/><G7/><T39/><D54/><U91/><E91/><N who="2" m="53375" /><F124/><AGARI ba="0,0" hai="0,6,10,11,13,16,29,30,124,125,126" m="11431" machi="124" ten="30,7700,0" yaku="18,1,34,2,54,1" doraHai="106" who="1" fromWho="2" sc="257,0,151,77,142,-77,450,0" /><INIT seed="3,0,0,5,3,133" ten="257,228,65,450" oya="3" hai0="13,102,135,54,105,120,99,59,124,53,19,18,28" hai1="45,27,78,108,12,132,113,20,30,35,63,29,42" hai2="31,129,119,127,117,57,134,23,103,93,71,26,87" hai3="107,58,38,70,44,100,77,9,109,4,6,67,15"/><W131/><G70/><T128/><D120/><U16/><E113/><V62/><F71/><W47/><G77/><T40/><D124/><U106/><E132/><V17/><F134/><W21/><G131/><T122/><D122/><U3/><E106/><V88/><F129/><W66/><G38/><T125/><D125/><U110/><E78/><V112/><F112/><W65/><G4/><T48/><D135/><U75/><E75/><V8/><F127/><W60/><G107/><T22/><D128/><U72/><E72/><V0/><F0/><W121/><G100/><T7/><D40/><U76/><E76/><V36/><F36/><W43/><G121/><T37/><D37/><U94/><E63/><V14/><F117/><W52/><G109/><N who="1" m="42090" /><E94/><V34/><F119/><W85/><G43/><T98/><D98/><U86/><E86/><V73/><F73/><W81/><G21/><T92/><D105/><U1/><E30/><V79/><F79/><W33/><G33/><T82/><D82/><U80/><E80/><V96/><F34/><W126/><G126/><T11/><D53/><U114/><E114/><V61/><REACH who="2" step="1"/><F57/><REACH who="2" ten="257,228,55,450" step="2"/><W25/><G58/><T116/><D116/><U115/><E115/><V111/><F111/><W64/><G47/><T49/><D59/><U69/><E69/><V91/><F91/><W50/><G44/><T89/><D89/><U104/><E104/><V68/><F68/><W55/><G81/><T97/><D102/><U118/><E118/><V90/><F90/><W10/><N who="3" m="16384" /><DORA hai="130" /><W46/><G46/><T95/><D95/><U24/><E45/><RYUUKYOKU ba="0,1" sc="257,-10,228,-10,55,30,450,-10" hai2="8,14,17,23,26,31,61,62,87,88,93,96,103" owari="247,4.7,218,-18.2,85,-41.5,450,55.0" /></mjloggm>