<mjloggm ver="2.3"><GO type="225" lobby="0"/><UN n0="%E3%80%93%E3%81%97%E3%83%BC%E3%82%89%E3%80%93" n1="%E6%81%A5%E6%99%92%E3%81%97" n2="%E3%83%81%E3%83%AF%E3%83%AF%E9%9A%8A%E9%95%B7" n3="%6D%75%75%73%61%6E%6D%75" dan="16,16,17,16" rate="2183.08,2101.25,2195.93,2143.16" sx="M,M,M,F"/><TAIKYOKU oya="0"/><INIT seed="0,0,0,5,0,89" ten="250,250,250,250" oya="0" hai0="63,25,43,50,27,67,77,12,96,74,44,72,109" hai1="101,61,42,16,104,31,69,87,80,41,134,82,94" hai2="47,78,28,114,18,24,53,66,123,6,55,107,62" hai3="2,130,70,125,118,121,22,26,128,116,0,8,37"/><T68/><D109/><U92/><E134/><V3/><F114/><W11/><G70/><T85/><D85/><U36/><E31/><V119/><F123/><W39/><G39/><T127/><D127/><U95/><E36/><V126/><F126/><W29/><G37/><T1/><D1/><N who="3" m="617" /><G125/><T79/><D12/><U54/><E69/><V32/><F119/><N who="3" m="45611" /><G121/><T57/><D68/><U9/><E104/><V75/><F107/><W122/><G122/><T135/><D135/><U7/><E101/><V129/><F129/><AGARI ba="0,0" hai="8,11,22,26,29,128,129,130" m="45611,617" machi="129" ten="40,5200,0" yaku="19,1,34,2" doraHai="89" who="3" fromWho="2" sc="250,0,250,0,250,-52,250,52" /><INIT seed="1,0,0,1,4,134" ten="250,250,198,302" oya="1" hai0="56,50,101,60,113,76,22,96,95,19,57,23,51" hai1="98,85,121,11,68,93,67,102,54,106,86,48,71" hai2="9,118,10,128,20,52,17,78,29,25,69,89,13" hai3="32,115,116,79,53,80,33,1,110,133,111,109,124"/><U88/><E121/><V36/><F118/><W63/><G116/><T132/><D132/><U104/><E85/><V39/><F69/><W37/><G133/><T84/><D113/><U72/><E72/><V12/><F128/><W127/><G115/><T82/><D57/><U28/><E106/><V94/><F78/><W26/><G37/><T0/><D0/><U4/><E28/><V49/><F89/><W108/><G108/><T70/><D70/><U103/><E103/><V77/><F94/><W2/><G63/><T117/><D117/><U8/><E67/><V35/><F77/><W90/><G90/><T34/><D34/><N who="3" m="13417" /><G53/><N who="0" m="33807" /><D23/><U114/><E114/><V87/><F87/><N who="3" m="48543" /><G26/><AGARI ba="0,0" hai="19,22,26,50,51,76,82,84,95,96,101" m="33807" machi="26" ten="30,1000,0" yaku="8,1" doraHai="134" who="0" fromWho="3" sc="250,10,250,0,198,0,302,-10" /><INIT seed="2,0,0,5,2,32" ten="260,250,198,292" oya="2" hai0="121,73,13,59,115,77,58,18,47,27,111,0,132" hai1="105,12,26,125,100,119,131,65,44,66,76,9,51" hai2="50,93,4,103,84,99,112,110,102,134,129,113,28" hai3="124,10,11,96,48,6,17,91,24,25,98,75,42"/><V41/><F129/><W101/><G75/><T38/><D27/><U55/><E119/><V31/><F134/><W85/><G124/><T120/><D132/><U15/><E125/><V60/><F110/><W1/><G42/><T118/><D111/><U21/><E131/><V92/><F4/><W7/><G48/><T35/><D35/><U23/><E76/><V116/><F116/><W114/><G17/><T88/><D0/><U53/><E105/><V135/><F135/><W57/><G57/><T37/><D115/><U106/><E106/><V86/><F60/><W19/><G114/><T56/><D118/><U127/><E100/><V45/><F113/><W2/><G19/><T95/><D77/><U82/><E82/><V30/><REACH who="2" step="1"/><F112/><REACH who="2" ten="260,250,188,292" step="2"/><W87/><G101/><T72/><D120/><U39/><E127/><V49/><F49/><W117/><G117/><T80/><D121/><U67/><E39/><V54/><F54/><W109/><G109/><T34/><D38/><U74/><E55/><V43/><F43/><W46/><G7/><T83/><D37/><U61/><E61/><V69/><F69/><W70/><G6/><T52/><D52/><U89/><E53/><V36/><F36/><W126/><G70/><T63/><D63/><U5/><E5/><V122/><F122/><W128/><G126/><T8/><D59/><U81/><E65/><V33/><F33/><W133/><G128/><T123/><D58/><U64/><E66/><V29/><N who="2" m="7168" /><DORA hai="3" /><V62/><F62/><W90/><G133/><T130/><D56/><U108/><E108/><V20/><F20/><RYUUKYOKU ba="0,1" sc="260,-15,250,-15,188,15,292,15" hai2="41,45,50,84,86,92,93,99,102,103" hai3="1,2,10,11,24,25,46,85,87,90,91,96,98" /><INIT seed="2,1,1,5,2,75" ten="245,235,203,307" oya="2" hai0="33,84,96,43,110,13,32,134,34,45,12,17,73" hai1="60,86,63,4,98,128,46,27,3,79,91,47,14" hai2="29,20,5,80,7,113,36,19,1,22,131,133,69" hai3="109,18,65,21,107,9,50,122,8,16,56,120,67"/><V41/><F113/><W105/><G109/><T23/><D73/><U64/><E128/><V135/><F69/><W2/><G50/><T92/><D110/><U99/><E3/><V77/><F131/><W88/><G2/><T57/><D134/><N who="2" m="51210" /><F29/><W35/><G35/><T54/><D84/><U62/><E64/><V121/><F121/><W119/><G119/><T85/><D85/><U116/><E116/><V108/><F108/><W114/><G114/><T106/><D106/><U55/><E27/><V89/><F89/><W31/><G88/><T125/><D125/><U129/><E129/><V90/><F90/><W130/><G130/><T15/><D96/><N who="1" m="36907" /><E55/><V49/><F36/><W94/><G31/><T24/><D92/><N who="1" m="54391" /><E79/><V111/><F111/><W97/><G97/><T11/><D11/><AGARI ba="1,1" hai="4,11,14,46,47,60,62,63" m="54391,36907" machi="11" ten="30,1000,0" yaku="8,1" doraHai="75" who="1" fromWho="0" sc="245,-13,235,23,203,0,307,0" /><INIT seed="3,0,0,5,0,22" ten="232,258,203,307" oya="3" hai0="70,77,21,123,57,106,71,43,131,102,33,16,34" hai1="36,111,30,10,119,0,92,61,12,75,44,58,65" hai2="11,80,17,120,134,86,9,28,50,42,122,39,56" hai3="59,68,47,73,18,74,116,109,8,88,84,125,130"/><W132/><G116/><T27/><D123/><U128/><E119/><V78/><F39/><W99/><G68/><T4/><D131/><U114/><E114/><V104/><F104/><W40/><G130/><T1/><D77/><U48/><E75/><V87/><F134/><W60/><G132/><T46/><D57/><U38/><E0/><V85/><F28/><W53/><G125/><T110/><D110/><U54/><E128/><V98/><F98/><W90/><G109/><T81/><D81/><U112/><E112/><V24/><F122/><W66/><G99/><T79/><D79/><U93/><E111/><V49/><F120/><W82/><G90/><T29/><D34/><U91/><E30/><V118/><F118/><W14/><G66/><T6/><D102/><U32/><E32/><V135/><F135/><W129/><G129/><T95/><D95/><U2/><E2/><V105/><F105/><W3/><G3/><T96/><D96/><U113/><E93/><V41/><F78/><W72/><G72/><T52/><D52/><U62/><E62/><V124/><F80/><W89/><G89/><T121/><D106/><U20/><E20/><N who="2" m="13327" /><F124/><W69/><G69/><N who="0" m="26123" /><D1/><U94/><E113/><V26/><F26/><W76/><G76/><T64/><D64/><U35/><E35/><V13/><F9/><W83/><G82/><T67/><D67/><U15/><E94/><V133/><F133/><W5/><G74/><T63/><D121/><U7/><E92/><V31/><F31/><W126/><G126/><T108/><D108/><U97/><E97/><V55/><F49/><RYUUKYOKU ba="0,0" sc="232,-10,258,-10,203,30,307,-10" hai2="11,13,41,42,50,55,56,85,86,87" /><INIT seed="4,1,0,3,1,35" ten="222,248,233,297" oya="0" hai0="11,5,111,56,128,95,43,49,98,29,13,37,101" hai1="31,109,42,1,14,83,132,118,100,123,19,104,81" hai2="73,117,71,63,134,8,99,82,65,23,17,38,125" hai3="21,96,4,89,7,107,20,27,69,58,41,115,52"/><T90/><D128/><U18/><E118/><V127/><F38/><W108/><G108/><T97/><D111/><U26/><E123/><V135/><F117/><W70/><G115/><T55/><D29/><U76/><E109/><V133/><F99/><W10/><G41/><T45/><REACH who="0" step="1"/><D98/><REACH who="0" ten="212,248,233,297" step="2"/><U94/><E31/><V47/><F133/><W39/><G96/><T16/><D16/><U72/><E19/><V87/><F135/><W124/><G4/><T25/><D25/><U50/><E26/><V46/><F134/><W57/><G7/><T78/><D78/><U53/><E76/><V15/><F17/><W120/><G27/><T2/><D2/><U28/><E1/><V77/><F77/><W48/><G120/><T105/><D105/><U88/><E28/><V126/><F126/><W116/><G107/><T6/><D6/><U44/><E18/><V32/><F127/><W61/><G124/><T0/><D0/><U121/><E121/><V22/><F125/><W130/><G130/><T33/><D33/><U91/><E132/><V110/><F32/><W30/><G30/><T114/><D114/><U85/><E104/><V40/><F110/><W74/><G116/><T84/><D84/><U66/><E85/><V36/><F87/><W54/><G74/><T59/><D59/><U86/><E72/><V106/><F106/><W24/><G24/><T79/><D79/><U129/><E86/><V93/><F73/><W113/><G113/><T60/><D60/><U67/><E129/><V103/><F63/><W119/><G119/><T51/><D51/><U92/><E50/><RYUUKYOKU ba="1,1" sc="212,30,248,-10,233,-10,297,-10" hai0="5,11,13,37,43,45,49,55,56,90,95,97,101" /><INIT seed="4,2,1,2,0,62" ten="242,238,223,287" oya="0" hai0="59,15,44,112,130,60,129,125,35,68,102,123,119" hai1="22,57,128,46,127,33,96,53,16,39,133,70,87" hai2="135,79,105,65,66,28,73,71,132,51,8,50,17" hai3="98,78,25,97,19,47,76,91,99,48,36,32,61"/><T84/><D35/><U82/><E33/><V92/><F105/><W95/><G36/><T75/><D75/><U131/><E127/><V80/><F28/><W117/><G117/><T58/><D119/><U30/><E133/><N who="2" m="51275" /><F92/><N who="3" m="56479" /><G32/><T6/><D123/><U64/><E96/><N who="3" m="36906" /><G95/><T45/><D102/><U94/><E30/><V67/><F71/><W21/><G61/><T24/><D125/><U72/><E72/><V74/><F73/><W83/><G83/><T81/><D68/><U124/><E124/><V49/><F49/><W90/><G90/><N who="0" m="51471" /><D60/><N who="1" m="40199" /><E94/><V86/><F74/><W118/><G118/><T41/><D130/><N who="1" m="49707" /><E87/><V63/><F63/><W116/><G116/><T40/><D129/><U37/><E82/><V103/><F103/><W0/><G0/><T27/><D41/><AGARI ba="2,1" hai="19,21,25,41,47,48,76,78" m="36906,56479" machi="41" ten="30,1000,0" yaku="8,1" doraHai="62" who="3" fromWho="0" sc="242,-16,238,0,223,0,287,26" owari="226,-17.4,238,3.8,223,-27.7,313,41.3" /></mjloggm>