<mjloggm ver="2.3"><GO type="225" lobby="0"/><UN n0="%E5%8D%A0%E3%81%84%E5%B8%AB%E8%A3%8F%E3%81%AA%E3%81%84%E3%81%97" n1="%E5%A4%9C%E5%85%89%E5%A4%A9%E6%A5%BC" n2="%2D%E8%B1%8A%E5%8F%A3%E3%82%81%E3%81%90%E3%81%BF%2D" n3="%E3%81%AF%E3%82%88%E3%81%8A%E3%81%98%E3%81%95%E3%82%93" dan="17,17,16,17" rate="2204.55,2126.56,2151.90,2186.56" sx="M,M,F,M"/><TAIKYOKU oya="0"/><INIT seed="0,0,0,5,0,29" ten="250,250,250,250" oya="0" hai0="54,63,108,124,26,66,17,94,118,43,112,133,39" hai1="109,64,22,130,77,28,8,76,47,46,11,21,84" hai2="79,105,51,80,73,42,18,74,71,65,61,50,95" hai3="115,113,103,52,75,72,7,92,88,96,62,2,69"/><T132/><D112/><U68/><E130/><V55/><F105/><W125/><G125/><T9/><D118/><U10/><E109/><V27/><F74/><W128/><G128/><T3/><D124/><U24/><E68/><V34/><F42/><W45/><G72/><T111/><D54/><U25/><E64/><V57/><F95/><W100/><G75/><T127/><D127/><U20/><E84/><V89/><F89/><W98/><G103/><T40/><D94/><U81/><E81/><V30/><REACH who="2" step="1"/><F18/><REACH who="2" ten="250,250,240,250" step="2"/><W104/><G113/><T32/><D17/><U67/><E76/><V101/><F101/><W70/><G115/><T14/><D40/><U4/><E77/><V134/><F134/><N who="0" m="51818" /><D43/><U31/><E67/><V120/><F120/><W1/><G104/><T78/><D78/><U106/><E106/><V33/><F33/><W87/><G100/><T53/><D53/><U135/><E135/><V119/><F119/><W12/><G98/><T5/><D39/><U99/><E99/><V82/><F82/><W6/><G96/><T0/><D66/><U19/><REACH who="1" step="1"/><E4/><REACH who="1" ten="250,240,240,250" step="2"/><V97/><F97/><W90/><G6/><T116/><D116/><U36/><E36/><V37/><F37/><W122/><G7/><T85/><D85/><U110/><E110/><N who="0" m="42025" /><D63/><AGARI ba="0,2" hai="27,30,34,50,51,55,57,61,63,65,71,73,79,80" machi="63" ten="30,3900,0" yaku="1,1,7,1,52,1,53,0" doraHai="29" doraHaiUra="41" who="2" fromWho="0" sc="250,-39,240,0,240,59,250,0" /><INIT seed="1,0,0,2,1,54" ten="211,240,299,250" oya="1" hai0="80,79,1,8,12,27,90,37,77,73,76,111,34" hai1="88,56,92,61,29,9,10,85,6,101,74,102,110" hai2="91,0,78,41,113,70,45,98,14,19,87,20,16" hai3="121,89,129,46,105,3,33,25,126,22,51,130,115"/><U94/><E74/><V43/><F0/><W55/><G121/><T11/><D111/><U59/><E110/><V116/><F116/><W35/><G115/><T2/><D37/><U93/><E29/><V65/><F113/><W95/><G105/><T60/><D73/><U120/><E120/><V123/><F123/><W97/><G3/><T21/><D34/><U24/><E24/><V4/><F4/><W133/><G126/><T96/><D2/><U36/><E36/><V125/><F125/><W28/><REACH who="3" step="1"/><G133/><REACH who="3" ten="211,240,299,240" step="2"/><T107/><D1/><U83/><E6/><V50/><F43/><W26/><G26/><T81/><D107/><U112/><E112/><V72/><F41/><W66/><G66/><T84/><D12/><U62/><E102/><V134/><F65/><W135/><G135/><T48/><D48/><U69/><E101/><V114/><F50/><W57/><G57/><N who="1" m="22090" /><E69/><V30/><F70/><W23/><G23/><T71/><D71/><U82/><E83/><V64/><F134/><W127/><G127/><T18/><D80/><U58/><N who="1" m="22098" /><U103/><DORA hai="5" /><E103/><V99/><F114/><W104/><G104/><T131/><D60/><AGARI ba="0,1" hai="9,10,60,61,62,82,85,88,92,93,94" m="22098" machi="60" ten="40,24000,3" yaku="8,1,52,6,54,1" doraHai="54,5" who="1" fromWho="0" sc="211,-240,240,250,299,0,240,0" owari="-29,-52.9,490,59.0,299,9.9,240,-16.0" /></mjloggm>