<mjloggm ver="2.3"><GO type="225" lobby="0"/><UN n0="%E4%BA%BA%E9%96%93%E3%83%81%E3%83%A3%E3%83%BC%E3%83%8F%E3%83%B3" n1="%E5%A4%9C%E5%85%89%E5%A4%A9%E6%A5%BC" n2="%E7%89%B9%E6%9D%B1%E3%81%AF%E4%B8%96%E7%95%8C%E3%82%92%E6%95%91%E3%81%86" n3="%E6%A1%9C%E8%8A%B1%E9%96%83%E3%80%85" dan="16,17,16,16" rate="2094.77,2130.18,2036.46,2203.96" sx="M,M,M,M"/><TAIKYOKU oya="0"/><INIT seed="0,0,0,1,4,40" ten="250,250,250,250" oya="0" hai0="132,129,72,19,44,79,109,57,115,83,74,123,114" hai1="35,77,8,119,133,104,88,4,47,100,15,108,127" hai2="51,117,14,60,116,26,11,84,7,101,135,76,73" hai3="107,0,20,5,21,54,86,1,93,66,102,96,89"/><T12/><D123/><U67/><E119/><N who="2" m="45643" /><F135/><W37/><G37/><T128/><D74/><U65/><E133/><V99/><F73/><W90/><G66/><T50/><D132/><U42/><E35/><V6/><F60/><W17/><G5/><T48/><D57/><U59/><E77/><V80/><F51/><W69/><G69/><T41/><D109/><U53/><E108/><V98/><F26/><W103/><G103/><T85/><D72/><U45/><E127/><V32/><F32/><W16/><G54/><T112/><REACH who="0" step="1"/><D50/><REACH who="0" ten="240,250,250,250" step="2"/><N who="1" m="31159" /><E42/><V124/><F124/><W2/><REACH who="3" step="1"/><G90/><REACH who="3" ten="240,250,250,240" step="2"/><T3/><D3/><U34/><E88/><V113/><F101/><W126/><G126/><T92/><D92/><U33/><E100/><V31/><F76/><W125/><G125/><T105/><D105/><U46/><E104/><V25/><F113/><W95/><G95/><T9/><AGARI ba="0,2" hai="9,12,19,41,44,48,79,83,85,112,114,115,128,129" machi="9" ten="40,7800,0" yaku="1,1,0,1,52,1,53,0" doraHai="40" doraHaiUra="94" who="0" fromWho="0" sc="240,98,250,-26,250,-26,240,-26" /><INIT seed="0,1,0,1,3,55" ten="338,224,224,214" oya="0" hai0="96,82,58,48,98,8,100,89,20,43,52,41,120" hai1="124,12,36,101,113,127,53,56,9,61,26,105,28" hai2="34,97,116,71,49,92,126,93,11,102,117,10,81" hai3="31,29,37,121,80,88,87,68,75,67,51,104,95"/><T110/><D120/><U130/><E36/><V27/><F126/><N who="1" m="48169" /><E130/><V123/><F123/><W1/><G37/><T60/><D110/><U19/><E101/><V78/><F71/><W90/><G121/><T44/><D20/><N who="1" m="15431" /><E105/><V122/><F122/><W62/><G104/><T39/><D8/><U13/><E12/><V76/><F49/><W131/><G131/><T59/><D41/><U15/><E15/><V40/><F40/><W83/><G1/><T21/><D21/><U109/><E113/><V14/><F11/><W4/><G4/><T46/><D100/><U72/><E72/><V63/><F34/><W38/><G38/><T114/><D114/><U50/><E61/><V73/><F27/><W65/><G65/><T91/><D91/><U30/><E30/><V70/><F78/><W42/><G83/><T112/><D112/><U66/><E66/><V47/><F93/><W2/><G2/><T35/><D35/><U74/><E74/><V24/><F24/><W3/><G3/><T111/><D111/><AGARI ba="1,0" hai="9,13,19,50,53,56,109,111" m="15431,48169" machi="111" ten="30,2000,0" yaku="18,1,52,1" doraHai="55" who="1" fromWho="0" sc="338,-23,224,23,224,0,214,0" /><INIT seed="1,0,0,2,2,14" ten="315,247,224,214" oya="1" hai0="65,3,25,132,43,102,0,74,56,10,104,49,6" hai1="66,36,50,106,100,57,135,110,51,113,42,119,114" hai2="94,37,81,9,17,11,8,93,64,45,26,35,111" hai3="1,46,126,5,61,72,48,32,28,70,105,108,52"/><U15/><E119/><V96/><F111/><W21/><G108/><T31/><D74/><U116/><E116/><V2/><F64/><W133/><G133/><T67/><D132/><U63/><E135/><V80/><F2/><W127/><G32/><T47/><D3/><U98/><E110/><V58/><F58/><W60/><G105/><T97/><REACH who="0" step="1"/><D56/><REACH who="0" ten="305,247,224,214" step="2"/><U40/><E57/><V27/><F35/><AGARI ba="0,1" hai="0,6,10,25,31,35,43,47,49,65,67,97,102,104" machi="35" ten="30,7700,0" yaku="1,1,2,1,7,1,53,1" doraHai="14" doraHaiUra="41" who="0" fromWho="2" sc="305,87,247,0,224,-77,214,0" /><INIT seed="2,0,0,2,4,37" ten="392,247,147,214" oya="2" hai0="113,134,82,6,38,104,23,12,108,43,128,48,32" hai1="125,25,98,90,71,13,105,120,87,19,84,130,109" hai2="92,122,54,1,34,126,5,127,72,85,91,8,77" hai3="78,55,45,74,49,3,124,15,129,107,14,95,89"/><V133/><F122/><W115/><G124/><T29/><D48/><U42/><E71/><V93/><F34/><W111/><G111/><T62/><D82/><U24/><E109/><V9/><F133/><W88/><G107/><T116/><D62/><U11/><E120/><V60/><F9/><W131/><G3/><T70/><D43/><U69/><E69/><V18/><F18/><W114/><G78/><T76/><D76/><U101/><E125/><N who="2" m="47627" /><F77/><W61/><G74/><T56/><D56/><U17/><E130/><N who="3" m="49674" /><G61/><T112/><D112/><N who="3" m="43049" /><G89/><T68/><D108/><U28/><E90/><V121/><F72/><W75/><G75/><T59/><D113/><U123/><E123/><V21/><F121/><W103/><G103/><T36/><D116/><U81/><E81/><N who="2" m="49583" /><F21/><W40/><G55/><T79/><D23/><U30/><E101/><V58/><AGARI ba="0,0" hai="1,5,8,54,58,60,92,93" m="49583,47627" machi="58" ten="30,1500,0" yaku="18,1" doraHai="37" who="2" fromWho="2" sc="392,-5,247,-5,147,15,214,-5" /><INIT seed="2,1,0,5,1,74" ten="387,242,162,209" oya="2" hai0="73,52,26,93,34,117,105,0,112,81,70,56,40" hai1="99,113,44,126,110,50,54,85,79,22,129,47,102" hai2="114,82,3,11,94,53,41,33,125,36,16,104,123" hai3="107,62,95,24,128,124,66,122,27,9,92,75,97"/><V15/><F114/><W72/><G122/><T90/><D70/><U39/><E113/><V86/><F123/><W87/><G107/><T103/><D0/><U116/><E116/><V127/><F104/><W4/><G128/><T80/><D40/><U28/><E129/><V2/><F33/><W64/><G124/><N who="2" m="47689" /><F94/><W35/><G87/><N who="0" m="52447" /><D112/><U10/><E126/><V133/><F133/><W5/><G64/><T119/><D103/><U76/><E85/><V25/><F25/><W115/><G4/><T108/><D105/><U60/><E39/><V21/><F21/><W42/><G95/><T48/><D73/><U65/><E10/><V18/><F18/><W88/><G42/><T59/><D108/><U12/><E110/><V17/><F17/><W120/><G120/><T7/><D7/><U38/><E38/><V14/><F14/><W100/><G100/><T89/><D34/><U63/><E12/><V84/><F53/><W58/><G115/><T45/><D26/><N who="1" m="16471" /><E102/><V96/><F96/><W13/><REACH who="3" step="1"/><G27/><REACH who="3" ten="387,242,162,199" step="2"/><T20/><D117/><U61/><E65/><V8/><F84/><W23/><G23/><T51/><D20/><U134/><E99/><V31/><F11/><W130/><G130/><T1/><D119/><U69/><E134/><V49/><F36/><W106/><G106/><T32/><D32/><U121/><E121/><V109/><F109/><W29/><AGARI ba="1,1" hai="5,9,13,24,29,35,58,62,66,72,75,88,92,97" machi="29" ten="30,7900,0" yaku="1,1,0,1,54,1,53,1" doraHai="74" doraHaiUra="55" who="3" fromWho="3" sc="387,-21,242,-21,162,-40,199,92" /><INIT seed="3,0,0,4,4,13" ten="366,221,122,291" oya="3" hai0="126,31,106,134,71,21,88,84,48,29,64,124,77" hai1="2,5,53,81,16,28,3,7,118,50,67,72,45" hai2="109,18,78,125,129,131,135,44,57,90,120,80,104" hai3="116,41,132,123,89,100,10,111,107,6,49,94,73"/><W101/><G116/><T65/><D134/><U26/><E118/><V74/><F44/><W95/><G123/><T61/><D106/><U20/><E67/><V66/><F66/><W36/><G36/><T30/><D77/><U92/><E3/><V15/><F135/><W55/><G107/><T14/><D64/><U102/><E2/><V51/><F120/><W114/><G114/><T85/><D48/><U110/><E110/><V4/><F104/><W56/><G132/><T42/><D42/><U75/><E75/><V96/><F109/><W117/><G117/><T130/><D130/><U121/><E121/><V54/><F4/><N who="1" m="1609" /><E72/><V87/><F96/><W98/><G111/><T17/><REACH who="0" step="1"/><D84/><REACH who="0" ten="356,221,122,291" step="2"/><U97/><E81/><AGARI ba="0,1" hai="14,17,21,29,30,31,61,65,71,81,85,88,124,126" machi="81" ten="40,8000,1" yaku="1,1,2,1,52,1,54,1,53,1" doraHai="13" doraHaiUra="12" who="0" fromWho="1" sc="356,90,221,-80,122,0,291,0" owari="446,54.6,141,-25.9,122,-37.8,291,9.1" /></mjloggm>