<mjloggm ver="2.3"><GO type="225" lobby="0"/><UN n0="%E5%86%B7%E5%87%8D%E3%82%AE%E3%83%A7%E3%83%BC%E3%82%B6" n1="%E3%82%BC%E3%83%AB%E3%83%80%E3%81%AE%E4%BC%9D%E8%AA%AC" n2="%4C%4F%4C%49%54%41" n3="%E8%90%BD%E6%97%A5" dan="16,17,16,16" rate="2119.29,2216.16,2166.56,2100.33" sx="M,M,F,F"/><TAIKYOKU oya="0"/><INIT seed="0,0,0,5,2,26" ten="250,250,250,250" oya="0" hai0="23,29,107,24,81,112,5,4,52,96,73,51,70" hai1="54,106,17,133,132,49,127,31,30,129,25,66,65" hai2="119,63,67,27,125,64,105,50,86,38,59,90,28" hai3="15,43,121,97,60,75,93,124,47,45,135,94,98"/><T82/><D112/><U58/><E106/><V122/><F122/><W95/><G121/><T83/><D70/><U37/><E37/><V99/><F38/><W116/><G116/><T76/><D73/><U71/><E127/><V57/><F125/><W117/><G117/><T92/><D107/><U32/><E129/><V40/><F119/><W103/><G124/><T114/><D76/><U108/><E108/><V55/><F40/><W89/><G135/><N who="1" m="51786" /><E71/><V88/><F67/><N who="1" m="25609" /><E32/><V33/><REACH who="2" step="1"/><F86/><REACH who="2" ten="250,250,240,250" step="2"/><W12/><G43/><T62/><D114/><U48/><E48/><V9/><F9/><W115/><G75/><T3/><D62/><U2/><E2/><V68/><F68/><W13/><G60/><T126/><D3/><U101/><E101/><AGARI ba="0,1" hai="27,28,33,50,55,57,59,63,64,88,90,99,101,105" machi="101" ten="40,8000,1" yaku="1,1,52,1,54,1,53,1" doraHai="26" doraHaiUra="44" who="2" fromWho="1" sc="250,0,250,-80,240,90,250,0" /><INIT seed="1,0,0,0,4,101" ten="250,170,330,250" oya="1" hai0="8,120,42,32,72,39,109,80,22,15,132,9,62" hai1="133,123,97,106,87,115,92,67,96,45,55,128,11" hai2="131,25,61,107,48,34,114,63,53,71,110,84,77" hai3="13,17,3,75,37,56,65,113,19,47,116,90,18"/><U7/><E115/><V100/><F114/><W83/><G3/><T12/><D32/><U104/><E123/><V51/><F110/><W74/><G113/><T33/><D33/><U134/><E128/><V85/><F131/><W76/><G116/><T68/><D109/><U81/><E67/><N who="2" m="41455" /><F77/><W86/><G65/><T40/><D120/><U57/><E45/><V111/><F63/><W0/><G0/><T30/><D68/><U20/><E20/><V23/><F23/><W21/><G56/><T103/><D103/><N who="1" m="60807" /><E97/><N who="2" m="61839" /><F48/><W126/><G126/><T69/><D69/><U28/><E28/><N who="2" m="19727" /><F111/><W44/><G75/><T102/><D62/><N who="1" m="36159" /><E11/><V26/><F26/><W108/><G108/><T112/><D72/><U94/><E94/><V99/><F99/><W46/><REACH who="3" step="1"/><G37/><REACH who="3" ten="250,170,330,240" step="2"/><T105/><D39/><U38/><E38/><V16/><F16/><W14/><G14/><T135/><D12/><U95/><E7/><V54/><F54/><W24/><G24/><T91/><D15/><U4/><E4/><V36/><F36/><W35/><G35/><T31/><D112/><U27/><E27/><V60/><F60/><W82/><AGARI ba="0,1" hai="13,17,18,19,21,44,46,47,74,76,82,83,86,90" machi="82" ten="30,2000,0" yaku="1,1,0,1,53,0" doraHai="101" doraHaiUra="124" who="3" fromWho="3" sc="250,-5,170,-10,330,-5,240,30" /><INIT seed="2,0,0,3,1,87" ten="245,160,325,270" oya="2" hai0="20,22,62,80,96,18,52,27,109,108,88,104,39" hai1="111,2,116,51,55,133,37,124,78,21,76,46,34" hai2="126,128,131,89,95,101,0,67,68,99,64,4,85" hai3="65,113,41,40,135,82,100,77,15,31,122,47,121"/><V81/><F126/><W50/><G135/><T5/><D39/><U132/><E34/><V125/><F125/><W25/><G113/><T93/><D5/><U127/><E2/><V38/><F38/><W16/><G65/><T97/><D80/><U90/><E37/><V32/><F32/><W119/><G119/><T110/><D22/><U91/><E21/><V7/><F67/><W83/><G41/><T107/><D97/><U9/><E9/><V13/><F0/><W94/><G83/><T3/><D3/><U71/><E71/><V36/><F36/><W75/><G100/><T26/><D26/><U8/><E8/><V117/><F117/><W53/><G40/><T28/><D28/><U92/><E116/><V115/><F115/><W86/><G94/><T102/><D102/><U60/><E60/><N who="2" m="39943" /><F13/><W114/><G75/><T23/><D23/><U120/><E120/><V129/><AGARI ba="0,0" hai="4,7,81,85,89,95,99,101,128,129,131" m="39943" machi="129" ten="30,3000,0" yaku="19,1,52,1" doraHai="87" who="2" fromWho="2" sc="245,-10,160,-10,325,30,270,-10" /><INIT seed="2,1,0,3,3,4" ten="235,150,355,260" oya="2" hai0="121,47,105,129,12,9,10,42,14,115,74,134,89" hai1="76,0,64,8,65,66,13,31,69,78,27,128,83" hai2="102,70,56,41,40,101,120,135,19,5,16,106,6" hai3="94,21,26,90,51,98,125,82,103,1,123,75,45"/><V49/><F70/><W63/><G123/><T104/><D121/><U85/><E128/><V17/><F120/><W38/><G38/><T111/><D115/><U11/><E69/><V2/><F135/><W35/><G35/><T57/><D129/><U34/><E0/><V116/><F116/><W55/><G1/><T130/><D130/><U80/><REACH who="1" step="1"/><E13/><REACH who="1" ten="235,140,355,260" step="2"/><V67/><F2/><W62/><G125/><T15/><D134/><U36/><E36/><V3/><F3/><W73/><G75/><AGARI ba="1,1" hai="8,11,27,31,34,64,65,66,75,76,78,80,83,85" machi="75" ten="40,5200,0" yaku="1,1,52,2,53,0" doraHai="4" doraHaiUra="114" who="1" fromWho="3" sc="235,0,140,65,355,0,260,-55" /><INIT seed="3,0,0,0,2,5" ten="235,205,355,205" oya="3" hai0="128,90,40,110,31,111,20,26,82,101,37,133,28" hai1="41,1,11,60,55,115,126,76,124,97,100,69,51" hai2="91,114,44,125,85,2,63,113,49,30,104,18,45" hai3="92,16,50,71,17,93,4,62,81,98,8,96,127"/><W19/><G127/><N who="1" m="48682" /><E115/><V73/><F125/><W87/><G50/><T58/><D128/><U35/><E35/><V123/><F73/><W3/><G71/><T65/><D133/><U135/><E135/><V107/><F2/><W67/><G96/><T132/><D132/><U112/><E112/><V117/><F117/><W84/><G81/><T89/><D101/><U129/><E129/><V75/><F75/><W38/><G38/><T56/><D28/><U47/><E76/><V54/><F30/><W48/><G48/><T33/><D33/><U74/><E74/><V25/><F123/><W53/><G53/><T94/><D82/><U68/><E1/><V29/><F45/><W130/><G130/><T80/><D80/><U21/><E11/><V34/><F18/><W88/><REACH who="3" step="1"/><G93/><REACH who="3" ten="235,205,355,195" step="2"/><T131/><D131/><U59/><E21/><V22/><F22/><W61/><G61/><T57/><D65/><U52/><E55/><V32/><F63/><W15/><G15/><T86/><D94/><AGARI ba="0,1" hai="41,47,51,52,59,60,68,69,94,97,100" m="48682" machi="94" ten="30,2000,0" yaku="18,1,54,1" doraHai="5" who="1" fromWho="0" sc="235,-20,205,30,355,0,195,0" owari="215,-18.5,235,3.5,355,45.5,195,-30.5" /></mjloggm>