<mjloggm ver="2.3"><GO type="225" lobby="0"/><UN n0="%E5%86%B7%E5%87%8D%E3%82%AE%E3%83%A7%E3%83%BC%E3%82%B6" n1="%E3%82%BC%E3%83%AB%E3%83%80%E3%81%AE%E4%BC%9D%E8%AA%AC" n2="%E7%99%BD%E6%97%A5%E9%9B%AA%E8%8F%9C" n3="%72%69%6F%75%63%68%61%6E" dan="16,17,16,16" rate="2212.28,2182.73,2107.75,2104.49" sx="M,M,M,M"/><TAIKYOKU oya="0"/><INIT seed="0,0,0,4,0,67" ten="250,250,250,250" oya="0" hai0="111,45,72,26,98,4,19,46,124,10,106,6,119" hai1="94,80,48,33,130,75,12,8,14,7,131,91,2" hai2="47,51,17,3,85,70,34,101,66,93,105,62,95" hai3="103,42,50,49,39,23,86,123,25,68,27,99,74"/><T18/><D119/><U16/><E33/><V135/><F3/><W134/><G74/><T56/><D124/><U125/><E125/><V53/><F135/><W127/><G134/><T69/><D69/><U60/><E48/><V115/><F115/><W83/><G127/><T13/><D72/><U20/><E2/><V65/><F65/><W129/><G129/><N who="1" m="49162" /><E60/><V120/><F120/><W102/><G123/><T128/><D128/><U126/><E126/><V97/><F34/><W0/><G0/><T112/><D112/><U58/><E58/><V100/><F100/><W41/><G68/><T22/><D111/><U77/><E94/><V32/><F32/><W109/><G109/><T9/><D56/><U76/><E91/><V117/><F117/><W88/><G39/><T118/><D118/><U92/><E92/><V29/><F29/><W81/><G81/><T121/><D121/><U31/><E77/><V43/><F85/><W59/><G25/><T133/><D133/><U52/><E31/><V113/><F113/><W108/><G108/><T54/><D106/><U44/><E44/><V38/><REACH who="2" step="1"/><F17/><REACH who="2" ten="250,250,240,250" step="2"/><N who="3" m="12783" /><G103/><T107/><D19/><U82/><E82/><V110/><F110/><W11/><G102/><T84/><D84/><U35/><E35/><V15/><F15/><W122/><G122/><T90/><D98/><U96/><E96/><V5/><F5/><W114/><G99/><T55/><D4/><U89/><E89/><V79/><F79/><W78/><G78/><T24/><D90/><U73/><E73/><V132/><F132/><W30/><G114/><T57/><D6/><RYUUKYOKU ba="0,1" sc="250,-15,250,15,240,15,250,-15" hai1="7,8,12,14,16,20,52,75,76,80" hai2="38,43,47,51,53,62,66,70,93,95,97,101,105" /><INIT seed="1,1,1,4,1,93" ten="235,265,255,235" oya="1" hai0="11,76,109,24,10,122,116,110,44,65,101,34,59" hai1="19,22,124,49,37,15,114,106,94,87,113,5,13" hai2="82,97,20,73,41,32,66,67,90,38,40,112,91" hai3="61,126,119,71,18,46,9,47,50,72,88,43,58"/><U75/><E37/><V111/><F32/><W135/><G126/><T55/><D116/><U36/><E36/><V103/><F111/><N who="0" m="42506" /><D76/><U123/><E75/><V2/><F2/><W21/><G119/><T51/><D122/><U118/><E118/><V64/><F112/><W26/><G135/><T86/><D86/><U57/><E106/><V77/><F20/><W35/><G72/><T102/><D34/><U28/><E28/><V62/><F62/><W81/><G35/><T85/><D85/><U6/><E124/><V79/><F77/><W14/><G71/><T80/><D80/><U78/><E123/><V100/><F38/><W131/><G131/><T70/><D24/><U129/><E129/><V92/><REACH who="2" step="1"/><F91/><REACH who="2" ten="235,265,245,235" step="2"/><W12/><G9/><N who="0" m="3083" /><D70/><U105/><E78/><V128/><F128/><W52/><G46/><T74/><D74/><U63/><E113/><V29/><F29/><W96/><G81/><T120/><D120/><U99/><E114/><V54/><F54/><W83/><G83/><T42/><D65/><U134/><E134/><V53/><F53/><W0/><G0/><T69/><D69/><U84/><E22/><V45/><F45/><W60/><G61/><AGARI ba="1,2" hai="42,44,51,55,59,61,101,102" m="3083,42506" machi="61" ten="30,1000,0" yaku="14,1" doraHai="93" who="0" fromWho="3" sc="235,33,265,0,245,0,235,-13" /><INIT seed="2,0,0,0,4,36" ten="268,265,245,222" oya="2" hai0="90,113,52,3,112,123,12,134,133,79,30,8,117" hai1="7,61,86,9,74,16,95,59,55,101,103,21,100" hai2="58,38,63,128,81,116,33,124,19,132,77,80,28" hai3="34,104,54,98,70,73,31,88,127,53,0,114,110"/><V130/><F116/><W41/><G0/><T57/><D123/><U109/><E109/><V66/><F38/><W82/><G110/><T87/><D3/><U6/><E74/><V32/><F124/><W91/><G127/><T84/><D30/><U13/><E86/><V64/><F132/><N who="0" m="50794" /><D79/><U119/><E119/><V135/><F135/><W118/><G118/><T4/><D117/><U121/><E121/><V76/><F19/><W105/><G114/><N who="0" m="44139" /><D90/><U131/><E131/><N who="2" m="50219" /><F66/><W42/><G73/><T62/><AGARI ba="0,0" hai="4,8,12,52,57,62,84,87" m="44139,50794" machi="62" ten="30,2000,0" yaku="20,1,54,1" doraHai="36" who="0" fromWho="0" sc="268,20,265,-5,245,-10,222,-5" /><INIT seed="3,0,0,3,3,91" ten="288,260,235,217" oya="3" hai0="57,90,130,107,128,106,82,68,97,12,103,51,24" hai1="15,118,41,48,44,7,66,123,46,110,75,67,84" hai2="0,27,70,73,94,31,120,20,60,112,134,133,116" hai3="98,59,85,100,1,22,104,63,88,32,96,36,127"/><W3/><G32/><T53/><D68/><U45/><E75/><V102/><F112/><W34/><G34/><T132/><D132/><N who="2" m="50794" /><F116/><W69/><G36/><T38/><D38/><U4/><E123/><V39/><F39/><W17/><G69/><T25/><D107/><U42/><E118/><V124/><F73/><W89/><G98/><T111/><D12/><U10/><E110/><V135/><F120/><W81/><G89/><T74/><D111/><U131/><E131/><N who="0" m="50217" /><D74/><U129/><E129/><V6/><F124/><W86/><G127/><T14/><D14/><U21/><E7/><V72/><F72/><W8/><G8/><T115/><D115/><U18/><E84/><AGARI ba="0,0" hai="24,25,51,53,57,82,84,90,97,103,106" m="50217" machi="84" ten="30,1000,0" yaku="19,1" doraHai="91" who="0" fromWho="1" sc="288,10,260,-10,235,0,217,0" /><INIT seed="4,0,0,5,0,44" ten="298,250,235,217" oya="0" hai0="72,33,127,23,91,80,52,117,13,14,120,71,102" hai1="114,124,36,70,85,35,75,135,107,19,66,74,83" hai2="54,97,109,58,49,31,1,12,81,86,115,73,26" hai3="129,11,96,28,42,9,57,38,39,43,8,64,21"/><T76/><D117/><U105/><E19/><V2/><F109/><W48/><G129/><T116/><D116/><U25/><E85/><V106/><F73/><W123/><G123/><T95/><D33/><U118/><E83/><V32/><F115/><W53/><G64/><T7/><D120/><U110/><E25/><V98/><F12/><W0/><G0/><T65/><D65/><U94/><E94/><V6/><F106/><W84/><G96/><T67/><D67/><U34/><E66/><V63/><F63/><W125/><G125/><T92/><D71/><U30/><E30/><V18/><F18/><W10/><N who="3" m="2048" /><DORA hai="82" /><W93/><G38/><T59/><D7/><U22/><E22/><V122/><F6/><W111/><G39/><T89/><D23/><U134/><E36/><V78/><F122/><W131/><G131/><T37/><D102/><U130/><E130/><V104/><REACH who="2" step="1"/><F97/><REACH who="2" ten="298,250,225,217" step="2"/><W128/><G128/><T3/><D3/><U113/><E110/><V112/><F112/><W108/><G111/><T45/><D13/><U121/><E121/><V56/><F56/><W46/><G108/><T90/><D14/><U27/><E118/><V103/><AGARI ba="0,1" hai="1,2,26,31,32,49,54,58,78,81,86,98,103,104" machi="103" ten="30,12000,2" yaku="1,1,0,1,52,2,53,2" doraHai="44,82" doraHaiUra="29,50" who="2" fromWho="2" sc="298,-60,250,-30,225,130,217,-30" owari="238,3.8,220,-18.0,355,45.5,187,-31.3" /></mjloggm>