<mjloggm ver="2.3"><GO type="225" lobby="0"/><UN n0="%E6%97%A5%E6%9B%9C%E6%97%A5%E3%82%88%E3%82%8A%E3%81%AE%E4%BD%BF%E8%80%85" n1="%E3%83%A9%E3%83%BC%E3%83%A1%E3%83%B3%E4%BA%94%E9%83%8E" n2="%72%69%6F%75%63%68%61%6E" n3="%E3%83%AC%E3%82%A4%E3%83%88%E3%83%B3%E5%87%86%E6%95%99%E6%8E%88" dan="17,16,16,18" rate="2119.93,2061.49,2207.40,2224.99" sx="M,M,M,M"/><TAIKYOKU oya="0"/><INIT seed="0,0,0,5,0,120" ten="250,250,250,250" oya="0" hai0="48,1,131,89,35,5,14,57,132,97,22,111,46" hai1="121,78,124,2,103,94,24,90,31,113,92,52,54" hai2="105,29,91,95,13,17,135,81,77,70,16,102,93" hai3="25,59,27,73,101,44,129,55,74,122,39,53,119"/><T125/><D35/><U100/><E121/><V84/><F135/><W123/><G119/><T30/><D132/><U114/><E2/><V15/><F70/><W104/><G129/><T19/><D131/><U41/><E78/><V115/><F115/><N who="1" m="44041" /><E41/><V20/><F29/><W50/><G39/><T0/><D125/><U82/><E82/><V6/><F6/><W67/><G67/><T21/><D57/><U56/><E124/><V49/><F49/><W79/><G79/><T127/><D127/><U72/><E72/><V42/><F42/><W60/><G122/><T130/><D130/><U118/><E118/><V107/><F102/><N who="1" m="38953" /><E56/><V68/><F68/><W7/><G74/><T86/><D1/><U108/><E108/><V36/><F36/><W32/><G73/><T75/><D75/><U133/><E133/><V109/><F109/><W134/><G134/><T8/><D111/><U38/><E38/><V28/><F28/><W23/><G123/><T45/><D30/><U58/><E58/><V112/><F112/><W110/><G110/><T18/><D46/><U11/><E11/><V96/><REACH who="2" step="1"/><F93/><REACH who="2" ten="250,250,240,250" step="2"/><N who="1" m="35945" /><E90/><V65/><F65/><W71/><G71/><T51/><D89/><U98/><E98/><V85/><F85/><W126/><G126/><T88/><D97/><U3/><E3/><V37/><F37/><W9/><G101/><T12/><D45/><U128/><E128/><V116/><F116/><W33/><G44/><T87/><D86/><U83/><E83/><AGARI ba="0,1" hai="0,5,8,12,14,18,19,21,22,48,51,83,87,88" machi="83" ten="30,5800,0" yaku="7,1,9,1,54,1" doraHai="120" who="0" fromWho="1" sc="250,68,250,-58,240,0,250,0" /><INIT seed="0,1,0,4,5,61" ten="318,192,240,250" oya="0" hai0="22,24,7,81,57,4,120,6,32,17,44,129,76" hai1="67,103,97,78,42,34,127,50,121,106,75,21,53" hai2="40,66,91,64,26,89,70,9,107,16,49,100,60" hai3="105,12,110,14,11,112,86,41,135,62,88,80,111"/><T101/><D120/><U52/><E121/><V54/><F40/><W85/><G112/><T31/><D129/><U77/><E34/><V96/><F64/><W19/><G135/><T0/><D101/><U87/><E75/><V15/><REACH who="2" step="1"/><F26/><REACH who="2" ten="318,192,230,250" step="2"/><W83/><G41/><T51/><D57/><AGARI ba="1,1" hai="9,15,16,49,54,57,60,66,70,89,91,96,100,107" machi="57" ten="30,8000,1" yaku="1,1,2,1,7,1,52,1,54,1,53,0" doraHai="61" doraHaiUra="118" who="2" fromWho="0" sc="318,-83,192,0,230,93,250,0" /><INIT seed="1,0,0,5,3,68" ten="235,192,323,250" oya="1" hai0="55,69,31,53,94,14,21,108,25,47,77,120,110" hai1="48,133,115,12,83,5,42,123,74,7,130,41,63" hai2="132,22,128,121,56,61,44,19,13,119,29,40,107" hai3="89,38,15,36,98,81,66,91,26,126,32,76,67"/><U16/><E115/><V9/><F128/><W2/><G2/><T82/><D69/><U33/><E123/><V4/><F132/><W39/><G126/><T58/><D120/><U51/><E130/><V124/><F124/><W87/><G15/><T35/><D94/><U104/><E104/><V97/><F121/><W105/><G91/><T84/><D47/><U118/><E118/><V134/><F134/><W46/><G46/><T62/><D55/><U116/><E116/><V103/><F119/><W43/><G43/><T1/><D1/><U20/><E133/><V71/><F71/><W85/><G32/><T18/><AGARI ba="0,0" hai="14,18,21,25,31,35,53,58,62,77,82,84,108,110" machi="18" ten="30,1100,0" yaku="0,1" doraHai="68" who="0" fromWho="0" sc="235,11,192,-5,323,-3,250,-3" /><INIT seed="2,0,0,2,3,43" ten="246,187,320,247" oya="2" hai0="83,30,7,10,17,13,31,46,128,47,74,58,15" hai1="134,99,126,33,92,98,26,6,5,65,120,20,66" hai2="87,39,28,64,9,73,97,76,119,91,48,72,115" hai3="16,79,113,55,12,111,129,61,59,60,37,19,14"/><V25/><F115/><W132/><G111/><T40/><D128/><U32/><E134/><V88/><F119/><W77/><G132/><T125/><D125/><U109/><E126/><V86/><F39/><W23/><G37/><T44/><D40/><U93/><E109/><V21/><F64/><W71/><G129/><T108/><D108/><U85/><E120/><V57/><F76/><N who="3" m="29259" /><G71/><T62/><D83/><U100/><E85/><V52/><F97/><W110/><G110/><T38/><D74/><U116/><E116/><V53/><F9/><N who="3" m="6159" /><G113/><T78/><D78/><U95/><E100/><V118/><F118/><W94/><G94/><T54/><D38/><U106/><E106/><V70/><F70/><W127/><G127/><T101/><D101/><U133/><E133/><V107/><F107/><W35/><G35/><T45/><N who="0" m="11264" /><DORA hai="4" /><T82/><D82/><U27/><REACH who="1" step="1"/><E92/><REACH who="1" ten="246,177,320,247" step="2"/><V18/><F73/><W42/><G42/><T68/><D68/><U41/><E41/><V112/><F72/><W0/><G0/><T135/><D135/><U56/><E56/><N who="2" m="32775" /><F112/><W121/><G121/><T8/><AGARI ba="0,1" hai="7,8,10,13,15,17,30,31,54,58,62" m="11264" machi="8" ten="40,16000,3" yaku="0,1,8,1,52,6" doraHai="43,4" who="0" fromWho="0" sc="246,170,177,-40,320,-80,247,-40" /><INIT seed="3,0,0,0,0,13" ten="416,137,240,207" oya="3" hai0="23,30,4,102,104,10,22,52,122,123,61,58,100" hai1="62,86,118,18,114,35,50,64,65,6,32,88,44" hai2="117,83,92,103,27,2,124,60,110,135,78,112,26" hai3="0,42,39,93,84,8,38,99,49,89,45,132,70"/><W77/><G70/><T46/><D104/><U129/><E114/><V59/><F110/><W57/><G132/><T87/><D123/><U25/><E129/><V28/><F112/><W127/><G127/><T21/><D122/><U72/><E72/><V107/><F117/><W5/><G57/><T121/><D121/><U29/><E118/><V91/><F2/><W15/><G0/><T71/><D71/><U126/><E126/><V95/><F124/><W131/><G131/><T20/><D46/><U19/><E35/><V47/><F135/><W98/><G98/><T9/><D87/><U3/><E3/><V76/><F47/><W55/><G55/><T120/><D120/><U31/><E6/><V75/><F78/><W37/><G38/><T63/><D63/><U125/><E125/><V7/><F7/><W82/><AGARI ba="0,0" hai="5,8,15,37,39,42,45,49,77,82,84,89,93,99" machi="82" ten="30,6000,0" yaku="0,1,25,2" doraHai="13" who="3" fromWho="3" sc="416,-20,137,-20,240,-20,207,60" /><INIT seed="3,1,0,5,2,99" ten="396,117,220,267" oya="3" hai0="131,59,5,46,115,124,78,77,58,119,127,88,94" hai1="23,71,103,133,72,87,30,44,80,20,34,21,8" hai2="91,61,120,67,45,33,29,98,37,41,97,100,47" hai3="18,117,114,49,69,27,73,129,40,83,76,3,64"/><W62/><G114/><T48/><D119/><U101/><E133/><V108/><F108/><W93/><G117/><T79/><D5/><U112/><E112/><V60/><F120/><W122/><G122/><T43/><D115/><U54/><E71/><V109/><F109/><W85/><G3/><T92/><D92/><U111/><E111/><V9/><F47/><W82/><G93/><T1/><D1/><U26/><E72/><V24/><F9/><W105/><G105/><T75/><D75/><U113/><E113/><V57/><F91/><W106/><G106/><T10/><D10/><U118/><E118/><V135/><F135/><W128/><G49/><T35/><D35/><U2/><E2/><V12/><F12/><W70/><G40/><T55/><D131/><U132/><E132/><V104/><F97/><W66/><G18/><T95/><D95/><U28/><E28/><V107/><F104/><W25/><G73/><T74/><D74/><U51/><REACH who="1" step="1"/><E8/><REACH who="1" ten="396,107,220,267" step="2"/><V63/><AGARI ba="1,1" hai="24,29,33,37,41,45,57,60,61,63,67,98,100,107" machi="63" ten="30,2000,0" yaku="0,1,52,1" doraHai="99" who="2" fromWho="2" sc="396,-6,107,-6,220,33,267,-11" owari="390,49.0,101,-39.9,253,-14.7,256,5.6" /></mjloggm>