<mjloggm ver="2.3"><GO type="225" lobby="0"/><UN n0="%E7%B4%94%E6%BD%94%E3%83%94%E3%83%A9%E3%83%8B%E3%82%A2" n1="%E5%8F%AF%E5%85%90%E9%82%A3%E7%94%B1%E5%A4%9A" n2="%E7%AC%B9%E9%A4%85" n3="%6D%75%75%6D%75%72%61" dan="17,16,16,17" rate="2148.11,2192.53,2202.64,2187.03" sx="M,F,M,F"/><TAIKYOKU oya="0"/><INIT seed="0,0,0,5,5,107" ten="250,250,250,250" oya="0" hai0="30,21,121,133,0,115,4,126,6,20,72,85,94" hai1="75,38,18,46,68,51,55,31,59,127,58,41,57" hai2="74,70,90,35,48,104,92,97,120,108,24,81,135" hai3="67,84,50,91,77,10,8,44,66,65,49,128,76"/><T106/><D106/><U132/><E31/><V116/><F120/><W39/><G39/><T124/><D121/><U130/><E18/><V101/><F70/><W99/><G99/><T69/><D69/><U122/><E75/><V53/><F108/><W117/><G128/><T89/><D115/><U5/><E5/><N who="0" m="2153" /><D0/><U111/><E122/><V14/><F14/><W109/><G109/><T131/><D131/><U36/><E111/><V62/><F62/><W15/><G117/><T118/><D118/><U17/><E17/><V13/><F13/><W61/><G61/><T16/><D133/><U73/><E73/><V2/><F2/><W60/><G60/><T114/><D72/><U47/><E130/><V28/><F135/><W29/><G29/><T9/><D114/><U27/><E27/><V96/><F116/><W78/><G15/><N who="0" m="7279" /><D30/><U98/><E132/><V79/><F48/><N who="3" m="18539" /><G44/><T1/><D1/><U43/><E127/><AGARI ba="0,0" hai="20,21,85,89,94,124,126,127" m="7279,2153" machi="127" ten="30,2900,0" yaku="18,1,54,1" doraHai="107" who="0" fromWho="1" sc="250,29,250,-29,250,0,250,0" /><INIT seed="0,1,0,3,2,58" ten="279,221,250,250" oya="0" hai0="105,117,110,44,2,127,68,90,115,50,116,16,103" hai1="85,54,5,97,99,30,14,122,76,0,133,41,33" hai2="82,12,130,135,84,48,86,124,56,106,38,126,11" hai3="18,24,114,92,39,43,67,87,7,62,94,52,34"/><T32/><D115/><U78/><E122/><V77/><F38/><W49/><G114/><T28/><D2/><U20/><E133/><V64/><F106/><W88/><G7/><T102/><D127/><N who="2" m="48682" /><F135/><W109/><G109/><T73/><D73/><U134/><E134/><V51/><F130/><W95/><G39/><T27/><D68/><U13/><E41/><V36/><F36/><W53/><G43/><T70/><D70/><U47/><E33/><V83/><F64/><W74/><G74/><T65/><D65/><U100/><E0/><V118/><F56/><N who="3" m="37319" /><G34/><T69/><D69/><U81/><E78/><N who="2" m="46167" /><F118/><W113/><G113/><T25/><D105/><U98/><E100/><V123/><F123/><W89/><G49/><T125/><D110/><U119/><E119/><V42/><F42/><W55/><G87/><T23/><D125/><U4/><E30/><V15/><F15/><N who="1" m="5641" /><E20/><AGARI ba="1,0" hai="18,20,24,52,53,55,88,89,92,94,95" m="37319" machi="20" ten="30,7700,0" yaku="8,1,52,1,54,2" doraHai="58" who="3" fromWho="1" sc="279,0,221,-80,250,0,250,80" /><INIT seed="1,0,0,5,3,14" ten="279,141,250,330" oya="1" hai0="87,116,74,135,2,88,77,6,113,73,26,119,24" hai1="35,101,18,91,30,21,64,80,76,126,98,57,133" hai2="106,75,123,1,86,32,33,11,122,8,50,132,81" hai3="127,15,99,34,72,124,16,20,54,63,90,114,92"/><U28/><E133/><V3/><F106/><W52/><G114/><T70/><D113/><U125/><E91/><V59/><F132/><W65/><G72/><T79/><D70/><U129/><E129/><V68/><F68/><W46/><G34/><T56/><D56/><U84/><E35/><V108/><F75/><W44/><G44/><T115/><D115/><U39/><E39/><V82/><F59/><N who="3" m="37119" /><G46/><T37/><D37/><U19/><E64/><V89/><F50/><W29/><G29/><N who="1" m="11370" /><E21/><V47/><F47/><W112/><G112/><T93/><D135/><U42/><E42/><V78/><F89/><W102/><G90/><T10/><D74/><U31/><N who="1" m="11378" /><U71/><DORA hai="58" /><E57/><V117/><F117/><W9/><G20/><T49/><D73/><U22/><E22/><V107/><F78/><W60/><G60/><T53/><D79/><U12/><E12/><V131/><F131/><W48/><G48/><T38/><D77/><U95/><E71/><V25/><F1/><W83/><G83/><T69/><D69/><U105/><E105/><V36/><F107/><W23/><G23/><T40/><D40/><U62/><E62/><V110/><F3/><W51/><G51/><T128/><D38/><U5/><E5/><V7/><F36/><W130/><G130/><T96/><D128/><U43/><E43/><V120/><F120/><W134/><G134/><T104/><D119/><U94/><E94/><V17/><F122/><W0/><G0/><T67/><D116/><U100/><E100/><V111/><F123/><W13/><G15/><T55/><D2/><RYUUKYOKU ba="0,0" sc="279,-15,141,15,250,-15,330,15" hai1="18,19,76,80,84,95,98,101,125,126" hai3="9,13,16,52,54,92,99,102,124,127" /><INIT seed="1,1,0,2,3,102" ten="264,156,235,345" oya="1" hai0="43,104,9,16,19,82,101,0,96,5,38,112,71" hai1="97,32,106,70,75,135,52,57,90,37,76,31,21" hai2="81,66,30,111,118,34,14,64,17,113,92,126,84" hai3="77,69,86,124,80,12,48,39,29,4,108,55,122"/><U93/><E135/><V27/><F118/><W95/><G122/><T132/><D112/><U33/><E70/><V115/><F92/><W24/><G39/><T20/><D71/><U61/><E37/><V11/><F111/><W72/><G69/><T6/><D6/><U120/><E120/><V15/><F126/><W36/><G36/><T8/><D8/><U89/><E106/><V10/><F115/><W128/><G108/><T56/><D56/><U7/><E7/><V107/><F107/><W60/><G124/><T109/><D132/><U100/><E21/><V121/><F113/><W94/><G128/><T1/><D1/><U54/><E54/><V125/><F125/><W103/><G60/><T127/><D127/><U68/><E68/><V47/><F47/><W99/><G4/><T35/><D35/><U119/><E119/><V123/><F123/><W133/><G12/><T23/><D109/><U131/><E131/><V67/><F121/><W3/><G3/><T41/><D82/><U105/><E31/><V26/><F30/><W110/><G110/><T91/><D91/><U134/><E90/><N who="2" m="51471" /><F34/><W22/><G133/><T45/><D43/><U18/><E134/><V44/><F44/><W98/><G72/><T49/><D38/><U25/><E75/><V46/><F46/><N who="3" m="28055" /><G103/><T40/><D41/><U53/><E76/><V87/><F87/><W130/><G130/><T73/><D73/><U2/><E2/><V129/><F129/><W51/><G51/><T63/><D63/><U88/><E61/><V65/><F65/><W59/><G59/><T50/><D49/><RYUUKYOKU ba="1,0" sc="264,10,156,-30,235,10,345,10" hai0="0,5,9,16,19,20,23,40,45,50,96,101,104" hai2="10,11,14,15,17,26,27,64,66,67" hai3="22,24,29,77,80,86,94,95,98,99" /><INIT seed="2,2,0,4,0,51" ten="274,126,245,355" oya="2" hai0="28,81,43,39,65,40,26,72,116,36,91,19,84" hai1="31,117,99,90,23,87,47,14,70,83,68,126,64" hai2="115,122,123,111,131,45,18,93,121,105,76,75,109" hai3="6,54,34,29,2,134,118,101,94,12,35,22,21"/><V52/><F105/><W74/><G118/><T77/><D116/><U120/><E117/><V44/><F131/><W27/><G74/><T37/><D19/><U130/><E130/><V24/><F115/><W16/><G134/><T3/><D3/><U57/><E126/><V0/><F0/><W67/><G67/><T129/><D65/><U49/><E120/><V114/><F114/><W4/><G101/><T96/><D96/><U100/><E57/><V133/><F133/><W127/><G94/><T113/><D113/><U97/><E64/><V89/><F76/><W95/><G95/><T50/><D50/><U1/><E1/><V103/><F75/><W59/><G127/><T78/><D129/><U20/><E97/><V33/><F103/><W38/><G38/><T92/><REACH who="0" step="1"/><D78/><REACH who="0" ten="264,126,245,355" step="2"/><U15/><E99/><N who="2" m="57775" /><F18/><W9/><G4/><T110/><D110/><U10/><E49/><AGARI ba="2,1" hai="2,6,9,12,16,21,22,27,29,34,35,49,54,59" machi="49" ten="30,3900,0" yaku="7,1,52,1,54,1" doraHai="51" who="3" fromWho="1" sc="264,0,126,-45,245,0,355,55" /><INIT seed="3,0,0,2,5,112" ten="264,81,245,410" oya="3" hai0="21,43,25,23,91,4,65,97,106,15,80,128,59" hai1="114,127,18,24,122,118,84,28,132,64,87,72,113" hai2="133,42,8,71,129,31,111,125,83,86,16,70,75" hai3="116,85,17,103,54,89,2,93,49,57,76,32,5"/><W20/><G116/><T124/><BYE who="1" /><D128/><U14/><E14/><V13/><F75/><W40/><G32/><T53/><D124/><U119/><E119/><V101/><F129/><W27/><G2/><T94/><D106/><U79/><E79/><V66/><F125/><W45/><G76/><T11/><D43/><U90/><E90/><V7/><F111/><W92/><G5/><T117/><D117/><U81/><E81/><V48/><F133/><W61/><G103/><T1/><D1/><U130/><E130/><V0/><F31/><W58/><G58/><T78/><D65/><U50/><E50/><V95/><F66/><W96/><G96/><T35/><D35/><U33/><E33/><V135/><F135/><W134/><G134/><T30/><D23/><U3/><E3/><V108/><F108/><W121/><G121/><T41/><D41/><U68/><E68/><V46/><F95/><AGARI ba="0,0" hai="17,20,27,40,45,49,54,57,61,85,89,92,93,95" machi="95" ten="30,2900,0" yaku="7,1,8,1" doraHai="112" who="3" fromWho="2" sc="264,0,81,0,245,-29,410,29" owari="264,6.4,81,-41.9,216,-18.4,439,53.9" /></mjloggm>