<mjloggm ver="2.3"><GO type="225" lobby="0"/><UN n0="%E9%BB%99%E8%81%B4%E3%81%AE%E3%81%99%E3%82%9D%E3%82%81" n1="%E6%98%93%E5%88%A9%E8%96%A9%E4%BC%AF" n2="%E3%81%8B%E3%82%8F%E3%81%A1%E3%82%83%E3%82%93%35%38" n3="%4B%2E%32%2E%4B%2E" dan="16,16,16,17" rate="2135.02,2097.98,2154.40,2195.85" sx="M,F,M,M"/><TAIKYOKU oya="0"/><INIT seed="0,0,0,2,5,117" ten="250,250,250,250" oya="0" hai0="5,79,65,49,4,8,94,56,123,110,62,84,126" hai1="32,30,101,99,9,20,10,15,82,103,60,97,130" hai2="77,111,118,52,48,119,57,93,98,100,11,108,41" hai3="83,92,33,25,127,121,53,36,86,28,107,114,1"/><T104/><D104/><U19/><E130/><V24/><F77/><W85/><G114/><T64/><D110/><N who="2" m="42026" /><F41/><W116/><G116/><N who="2" m="44585" /><F11/><W106/><G36/><T7/><D126/><U87/><E32/><V76/><F76/><W105/><G127/><T50/><D123/><U34/><E34/><V135/><F24/><W59/><G25/><T51/><D65/><U74/><E74/><V39/><F39/><W16/><G1/><T18/><D18/><U0/><E30/><V43/><F43/><W17/><G17/><T72/><D72/><U78/><E0/><V31/><F31/><W88/><G16/><T133/><D133/><AGARI ba="0,0" hai="48,52,57,93,98,100,133,135" m="44585,42026" machi="133" ten="40,5200,0" yaku="14,1,12,1,54,1" doraHai="117" who="2" fromWho="0" sc="250,-52,250,0,250,52,250,0" /><INIT seed="1,0,0,3,5,14" ten="198,250,302,250" oya="1" hai0="38,16,70,40,104,119,68,132,110,87,115,78,30" hai1="22,73,105,88,1,72,46,50,11,48,71,32,37" hai2="54,80,96,82,17,62,89,81,23,120,25,102,39" hai3="18,2,69,101,6,3,64,122,4,98,84,111,55"/><U93/><E105/><V135/><F120/><W76/><G122/><T99/><D115/><U24/><E32/><V133/><F39/><W129/><G129/><T15/><D119/><U106/><E106/><V75/><F75/><W94/><G111/><T26/><D132/><N who="2" m="50762" /><F89/><W0/><G64/><T28/><D28/><U61/><E37/><V67/><F54/><W53/><G69/><T8/><D110/><U59/><E71/><N who="2" m="42487" /><F81/><W77/><G84/><T125/><D125/><U107/><E107/><AGARI ba="0,0" hai="17,23,25,80,82,96,102,107" m="42487,50762" machi="107" ten="30,2000,0" yaku="20,1,52,1" doraHai="14" who="2" fromWho="1" sc="198,0,250,-20,302,20,250,0" /><INIT seed="2,0,0,5,0,126" ten="198,230,322,250" oya="2" hai0="55,51,28,32,5,52,103,124,20,8,83,95,67" hai1="118,60,16,85,23,35,109,62,130,17,131,66,100" hai2="84,57,9,127,13,19,107,45,96,3,64,86,92" hai3="79,36,132,56,39,48,6,102,80,91,24,44,14"/><V82/><F107/><W115/><G132/><T129/><D32/><U54/><E35/><V63/><F3/><W73/><G115/><T76/><D124/><U98/><E109/><V43/><F127/><W53/><G102/><T113/><D113/><U123/><E118/><V50/><REACH who="2" step="1"/><F82/><REACH who="2" ten="198,230,312,250" step="2"/><W0/><G0/><T116/><D83/><U70/><E123/><V89/><AGARI ba="0,1" hai="9,13,19,43,45,50,57,63,64,84,86,89,92,96" machi="89" ten="20,12000,1" yaku="1,1,2,1,0,1,7,1,8,1,53,0" doraHai="126" doraHaiUra="69" who="2" fromWho="2" sc="198,-40,230,-40,312,130,250,-40" /><INIT seed="2,1,0,0,2,8" ten="158,190,442,210" oya="2" hai0="99,78,5,60,22,88,110,56,109,18,62,70,50" hai1="31,90,20,107,1,98,124,39,74,117,45,91,19" hai2="101,59,14,40,89,23,29,71,33,135,121,123,134" hai3="108,27,3,127,73,82,44,57,132,28,87,106,118"/><V94/><F71/><W67/><G106/><T68/><D78/><U51/><E74/><V24/><F40/><W48/><G118/><T4/><D50/><U46/><E1/><V41/><F41/><W16/><G3/><T17/><D99/><U115/><E115/><V54/><F101/><W126/><G108/><N who="0" m="41579" /><D56/><U119/><E31/><V76/><F76/><W84/><G132/><T79/><D79/><U86/><E124/><V114/><F114/><W25/><G73/><T85/><D70/><U6/><E6/><N who="0" m="2665" /><D68/><U9/><E9/><V122/><F94/><W21/><G57/><T77/><D77/><U131/><E131/><V38/><F89/><W34/><G67/><T42/><D42/><U111/><E111/><V7/><F38/><W58/><G58/><T64/><D64/><U130/><E130/><V61/><F7/><W12/><G82/><N who="0" m="49207" /><D17/><U102/><E39/><V35/><F134/><W65/><G65/><T63/><D63/><U80/><E91/><V120/><F135/><W92/><G92/><T75/><D75/><U69/><E69/><V10/><N who="2" m="30720" /><DORA hai="66" /><V116/><F116/><N who="1" m="44617" /><E51/><V128/><F128/><W105/><G105/><T0/><D0/><U93/><E107/><V53/><F53/><N who="3" m="29831" /><G84/><T97/><D97/><U11/><E46/><V15/><F54/><W133/><G133/><T81/><D81/><U32/><E45/><V49/><F61/><W103/><G87/><T113/><D113/><U30/><E80/><V100/><F49/><W96/><G96/><T43/><D43/><U2/><E86/><V83/><F83/><W129/><G129/><RYUUKYOKU ba="1,0" sc="158,30,190,-10,442,-10,210,-10" hai0="18,22,60,62" /><INIT seed="3,2,0,5,2,74" ten="188,180,432,200" oya="3" hai0="5,114,55,110,40,1,67,118,115,104,72,18,109" hai1="44,30,90,32,133,92,127,53,4,80,87,94,100" hai2="24,28,43,126,22,15,60,59,96,48,38,12,77" hai3="8,124,27,88,79,54,102,21,39,86,13,34,7"/><W78/><G39/><T83/><D118/><U63/><E133/><V128/><F38/><W42/><G124/><T70/><D104/><U69/><E127/><V105/><F126/><W37/><G34/><T3/><D40/><U123/><E123/><V111/><F105/><W117/><G117/><T95/><D70/><U121/><E121/><V91/><F77/><W119/><G102/><T57/><D67/><U112/><E112/><N who="0" m="43049" /><D95/><N who="1" m="36395" /><E69/><V50/><F111/><N who="0" m="42506" /><D5/><U23/><E32/><V16/><F128/><W75/><G42/><T101/><D101/><U11/><E100/><V17/><F96/><W65/><G65/><T47/><D47/><U2/><E2/><V116/><F116/><W132/><G132/><T82/><D18/><N who="2" m="7274" /><F91/><W56/><G37/><T29/><D29/><U64/><E64/><N who="2" m="38943" /><F43/><W35/><G119/><T52/><D55/><U19/><E30/><V41/><F41/><W120/><G120/><T85/><D72/><U66/><E4/><V113/><F113/><W84/><G75/><T61/><D83/><U36/><E36/><V31/><F31/><W108/><G108/><T33/><D33/><U62/><E11/><V99/><F99/><W73/><G35/><T25/><D25/><N who="1" m="14591" /><E66/><V46/><F46/><W51/><G73/><T49/><D61/><U20/><E20/><V134/><F134/><W98/><G98/><T0/><D0/><U6/><E6/><V89/><F89/><AGARI ba="2,0" hai="1,3,49,52,57,82,85,89" m="42506,43049" machi="89" ten="30,3900,0" yaku="11,1,14,1,54,1" doraHai="74" who="0" fromWho="2" sc="188,45,180,0,432,-45,200,0" owari="233,3.3,180,-32.0,387,48.7,200,-20.0" /></mjloggm>