<mjloggm ver="2.3"><GO type="225" lobby="0"/><UN n0="%E7%AC%B9%E9%A4%85" n1="%E6%B0%B7%E5%B7%9D%E9%87%8C%E5%A5%88" n2="%E3%81%86%E3%83%BC%E3%81%B1%E3%83%BC" n3="%E3%81%AA%E3%81%A1%30%39%32%37" dan="16,16,17,16" rate="2191.21,2113.59,2160.18,2105.75" sx="M,F,M,M"/><TAIKYOKU oya="0"/><INIT seed="0,0,0,2,5,37" ten="250,250,250,250" oya="0" hai0="0,50,129,100,72,54,20,87,98,103,102,45,91" hai1="22,69,28,131,29,96,6,117,56,89,66,25,65" hai2="101,74,83,127,17,134,52,75,114,34,41,79,124" hai3="88,26,38,125,57,61,94,92,53,104,2,67,133"/><T5/><D129/><U49/><E117/><V47/><F114/><W7/><G104/><T82/><D72/><U118/><E118/><V12/><F134/><W24/><G133/><T32/><D32/><U11/><E131/><V77/><F34/><W62/><G125/><N who="2" m="48201" /><F101/><W115/><G115/><T71/><D71/><U58/><E69/><V64/><F64/><W59/><G38/><T111/><D111/><U70/><E29/><V128/><F128/><W106/><G106/><T19/><D0/><U63/><E49/><N who="2" m="26863" /><F52/><W93/><G2/><T30/><D30/><U46/><E46/><V39/><F39/><W86/><REACH who="3" step="1"/><G7/><REACH who="3" ten="250,250,250,240" step="2"/><T48/><D5/><U90/><E70/><V44/><F44/><W3/><G3/><T135/><D135/><U73/><E6/><V107/><F107/><W76/><G76/><T119/><D119/><U43/><E43/><V23/><F79/><W132/><G132/><T14/><REACH who="0" step="1"/><D48/><REACH who="0" ten="240,250,250,240" step="2"/><U9/><E28/><V8/><F75/><W42/><G42/><T123/><D123/><U120/><E120/><V95/><F74/><W51/><G51/><T60/><D60/><U80/><E73/><V97/><F77/><W99/><G99/><AGARI ba="0,2" hai="14,19,20,45,50,54,82,87,91,98,99,100,102,103" machi="99" ten="40,3900,0" yaku="1,1,8,1,53,0" doraHai="37" doraHaiUra="33" who="0" fromWho="3" sc="240,59,250,0,250,0,240,-39" /><INIT seed="0,1,0,1,5,27" ten="299,250,250,201" oya="0" hai0="71,82,34,108,19,37,128,60,32,38,24,126,13" hai1="92,75,121,56,72,111,16,55,35,98,69,57,73" hai2="17,115,132,109,21,10,95,15,91,131,64,39,2" hai3="83,133,120,0,107,8,28,129,130,42,52,104,124"/><T99/><D126/><U101/><E121/><V3/><F115/><W43/><G124/><T106/><D128/><N who="3" m="49257" /><G120/><T58/><D108/><U89/><E111/><V113/><F113/><W123/><G123/><T30/><D34/><U33/><E69/><V70/><F131/><W47/><G83/><T90/><D82/><U88/><E57/><V94/><F109/><W25/><G0/><T125/><D125/><U103/><E103/><V114/><F114/><W86/><G86/><T50/><D50/><U135/><E135/><V61/><F132/><W5/><G5/><T26/><D26/><U11/><E35/><V93/><F39/><W110/><G8/><T40/><D40/><N who="3" m="15401" /><G110/><T76/><D76/><U54/><E33/><V102/><F102/><W87/><G87/><T100/><D90/><U9/><E9/><V4/><REACH who="2" step="1"/><F3/><REACH who="2" ten="299,250,240,201" step="2"/><W20/><G133/><T118/><D118/><U31/><E101/><V77/><F77/><W51/><AGARI ba="1,1" hai="20,25,28,47,51,52,104,107" m="15401,49257" machi="51" ten="30,4000,0" yaku="19,1,52,1,54,1" doraHai="27" who="3" fromWho="3" sc="299,-21,250,-11,240,-11,201,53" /><INIT seed="1,0,0,3,3,58" ten="278,239,229,254" oya="1" hai0="14,83,2,76,60,86,37,67,6,95,105,48,9" hai1="122,27,69,0,102,7,132,112,17,100,90,35,19" hai2="133,44,124,24,55,45,116,20,128,110,134,89,70" hai3="99,36,61,23,49,109,97,38,131,130,29,91,80"/><U41/><E112/><V115/><F116/><W113/><G113/><T57/><D105/><U104/><E122/><V39/><F115/><W46/><G109/><T77/><D37/><U129/><E41/><V98/><F110/><W84/><G29/><T107/><D107/><U79/><E79/><V68/><F124/><W106/><G23/><T11/><D95/><U72/><E72/><V101/><F89/><W8/><G8/><T18/><REACH who="0" step="1"/><D48/><REACH who="0" ten="268,239,229,254" step="2"/><U59/><E104/><N who="2" m="63543" /><F39/><W81/><G36/><T22/><D22/><U135/><E35/><V51/><F128/><W4/><G38/><T33/><D33/><U31/><E129/><V92/><F92/><W28/><G106/><T10/><D10/><U12/><E135/><N who="2" m="51723" /><F44/><W30/><G130/><T47/><D47/><U87/><E132/><V21/><F21/><W53/><G131/><T64/><D64/><U127/><E127/><V63/><F63/><W93/><G61/><T108/><D108/><U120/><E120/><V125/><F125/><W66/><G66/><T117/><D117/><U78/><E102/><V62/><F62/><W3/><G93/><T94/><D94/><U111/><E100/><V82/><F82/><W13/><G81/><T54/><D54/><U73/><E111/><V5/><F5/><W74/><G99/><T15/><D15/><U118/><E12/><V65/><F65/><W25/><G13/><T32/><D32/><U40/><E118/><V34/><F34/><N who="3" m="20751" /><G97/><T16/><D16/><AGARI ba="0,1" hai="16,20,24,45,51,55,68,70" m="51723,63543" machi="16" ten="30,2000,0" yaku="20,1,54,1" doraHai="58" who="2" fromWho="0" sc="268,-20,239,0,229,30,254,0" /><INIT seed="2,0,0,1,2,71" ten="248,239,259,254" oya="2" hai0="73,5,101,51,15,85,66,48,105,109,87,47,32" hai1="31,92,23,13,116,55,107,0,90,103,62,67,6" hai2="17,46,68,118,106,120,3,64,45,7,96,54,4" hai3="104,52,97,22,125,50,79,38,124,117,135,10,126"/><V14/><F118/><W81/><G117/><T58/><D73/><U102/><E116/><V83/><F120/><W44/><G10/><N who="0" m="4559" /><D105/><U59/><E107/><V113/><F113/><W63/><G22/><T72/><D72/><U108/><E108/><V29/><F3/><W133/><G63/><N who="0" m="38263" /><D32/><U76/><E76/><V119/><F29/><W28/><G28/><T134/><D134/><N who="3" m="51209" /><G38/><T75/><D75/><U89/><E0/><V129/><F119/><W128/><G128/><T112/><D109/><U78/><E78/><V60/><F129/><W12/><G12/><T100/><D112/><U16/><E6/><V27/><F4/><W132/><N who="3" m="51217" /><W74/><DORA hai="43" /><G104/><T25/><D48/><U57/><E31/><V24/><F7/><W9/><G9/><T69/><D25/><U42/><E42/><V53/><F24/><W130/><G130/><T30/><D30/><U40/><E40/><V95/><F27/><W1/><G1/><T11/><D11/><U8/><E8/><N who="2" m="6343" /><F106/><W77/><G77/><T20/><D20/><U19/><E19/><V122/><F122/><W36/><G36/><T121/><D121/><U61/><E89/><N who="2" m="55407" /><F54/><W70/><G70/><T93/><D69/><U2/><REACH who="1" step="1"/><E2/><REACH who="1" ten="248,229,259,254" step="2"/><V18/><F18/><W110/><G110/><T65/><D101/><U86/><AGARI ba="0,1" hai="13,16,23,55,57,59,61,62,67,86,90,92,102,103" machi="86" ten="20,16000,3" yaku="1,1,2,1,0,1,7,1,8,1,54,1,53,2" doraHai="71,43" doraHaiUra="26,98" who="1" fromWho="1" sc="248,-40,229,170,259,-80,254,-40" /><INIT seed="3,0,0,1,3,108" ten="208,399,179,214" oya="3" hai0="121,49,47,2,96,76,35,110,72,129,120,48,111" hai1="13,31,27,57,98,90,70,40,17,46,132,85,109" hai2="25,123,87,69,97,0,93,128,95,68,106,60,119" hai3="122,54,103,117,41,4,79,66,53,130,39,44,63"/><W133/><G79/><T21/><D35/><U126/><E70/><V62/><F119/><W74/><G74/><T112/><D2/><U52/><E109/><N who="0" m="41481" /><D129/><U59/><E126/><V26/><F0/><W7/><G103/><T45/><D112/><U10/><E98/><V37/><F97/><W23/><G23/><T9/><D96/><U38/><E132/><V19/><F87/><W24/><G24/><T11/><D21/><U33/><E52/><V115/><F128/><W135/><G130/><T80/><D48/><U73/><E73/><V58/><F19/><W18/><G54/><N who="0" m="29999" /><D47/><U75/><E75/><V94/><F37/><W113/><G18/><T91/><D91/><U131/><E131/><V134/><F134/><W14/><G14/><T118/><D118/><U77/><E77/><V67/><F123/><AGARI ba="0,0" hai="9,11,72,76,80,120,121,123" m="29999,41481" machi="123" ten="30,1000,0" yaku="14,1" doraHai="108" who="0" fromWho="2" sc="208,10,399,0,179,-10,214,0" owari="218,1.8,399,49.9,169,-33.1,214,-18.6" /></mjloggm>