<mjloggm ver="2.3"><GO type="225" lobby="0"/><UN n0="%E6%81%A5%E6%99%92%E3%81%97" n1="%E5%A4%9C%E3%81%AE%E3%82%AC%E3%82%B9%E3%83%91%E3%83%BC%E3%83%AB" n2="%E6%A1%9C%E8%8A%B1%E9%96%83%E3%80%85" n3="%E3%82%8C%E3%81%99%E3%81%93" dan="16,17,16,16" rate="2133.23,2233.06,2104.69,2121.59" sx="M,M,M,F"/><TAIKYOKU oya="0"/><INIT seed="0,0,0,2,5,98" ten="250,250,250,250" oya="0" hai0="1,41,110,131,2,51,24,40,80,64,53,62,133" hai1="32,8,114,35,67,39,71,85,104,89,5,59,115" hai2="124,46,28,33,72,106,22,9,43,54,52,65,12" hai3="113,13,48,0,38,56,95,132,129,18,92,58,109"/><T130/><D24/><U93/><E71/><V121/><F121/><W73/><G113/><N who="1" m="43018" /><E39/><V45/><F33/><W66/><G38/><T88/><D133/><U90/><E104/><V70/><F72/><W17/><G0/><N who="0" m="107" /><D110/><U116/><E116/><V112/><F124/><W55/><G73/><T10/><D10/><U63/><E90/><V34/><F34/><W84/><G132/><T4/><D4/><U6/><E6/><V25/><F106/><W97/><G109/><T122/><D122/><U102/><E102/><V103/><F103/><N who="3" m="60839" /><G129/><N who="0" m="49163" /><D62/><U108/><E108/><V79/><F112/><W82/><G95/><T7/><D64/><U128/><E128/><V101/><F65/><W86/><G82/><T125/><D7/><U83/><E83/><V68/><F9/><N who="3" m="6319" /><G18/><T119/><D119/><U23/><E23/><V42/><F12/><AGARI ba="0,0" hai="5,8,12,32,35,59,63,67,85,89,93" m="43018" machi="12" ten="30,1000,0" yaku="11,1" doraHai="98" who="1" fromWho="2" sc="250,0,250,10,250,-10,250,0" /><INIT seed="1,0,0,5,4,27" ten="250,260,240,250" oya="1" hai0="17,44,116,24,9,57,111,83,62,56,90,41,52" hai1="135,106,76,11,96,31,14,117,34,12,97,71,55" hai2="115,107,87,120,101,125,45,82,68,78,2,92,28" hai3="86,85,124,39,108,3,74,58,53,37,16,84,132"/><U66/><E117/><V127/><F68/><W46/><G74/><T30/><D111/><U22/><E135/><V15/><F2/><W63/><G108/><T1/><D116/><U121/><E121/><V134/><F120/><W100/><G132/><T81/><D57/><U110/><E110/><V5/><F134/><W112/><G112/><T80/><D90/><U72/><E55/><V0/><F0/><W48/><G3/><T33/><D17/><U109/><E109/><V103/><F107/><W54/><G124/><N who="2" m="47689" /><F115/><W29/><G100/><T88/><D88/><U21/><E97/><V61/><F61/><W93/><G93/><T50/><REACH who="0" step="1"/><D83/><REACH who="0" ten="240,260,240,250" step="2"/><U118/><E118/><V8/><F101/><W36/><REACH who="3" step="1"/><G16/><REACH who="3" ten="240,260,240,240" step="2"/><T91/><D91/><U98/><E76/><V6/><F103/><W133/><G133/><T104/><D104/><U25/><E106/><V73/><F92/><W23/><G23/><T128/><D128/><U70/><E22/><V4/><F78/><W59/><G59/><T94/><D94/><U69/><E21/><V32/><F82/><W75/><G75/><T10/><D10/><U40/><E72/><V102/><F102/><W19/><G19/><T13/><D13/><N who="1" m="5227" /><E11/><V18/><F73/><W49/><G49/><T122/><D122/><U65/><E71/><V129/><F129/><W131/><G131/><T105/><D105/><U123/><E70/><V35/><F15/><W20/><G20/><T51/><D51/><U26/><E123/><V7/><N who="2" m="1024" /><DORA hai="89" /><V114/><F114/><W67/><G67/><N who="1" m="25610" /><E69/><V113/><F113/><W77/><G77/><RYUUKYOKU ba="0,2" sc="240,15,260,-15,240,-15,240,15" hai0="1,9,24,30,33,41,44,50,52,56,62,80,81" hai3="29,36,37,39,46,48,53,54,58,63,84,85,86" /><INIT seed="2,1,2,0,3,120" ten="255,245,225,255" oya="2" hai0="63,87,51,102,80,2,98,82,111,121,6,79,95" hai1="67,108,18,20,14,8,90,113,45,85,116,99,65" hai2="39,123,43,73,31,32,58,105,17,71,96,36,135" hai3="21,11,33,56,110,106,22,24,44,119,38,93,53"/><V112/><F123/><W72/><G106/><T42/><D121/><U0/><E113/><V9/><F112/><W129/><G119/><T1/><D6/><U62/><E116/><V55/><F73/><W68/><G68/><T92/><D2/><U124/><E124/><V3/><F135/><W118/><G118/><T86/><D1/><U115/><E115/><V104/><F17/><W12/><G72/><T84/><D63/><U48/><E108/><V66/><F55/><W128/><G110/><T127/><D127/><U61/><E99/><V57/><F57/><W103/><G33/><T89/><D111/><U23/><E62/><N who="2" m="40407" /><F58/><W97/><G44/><N who="0" m="26007" /><D92/><N who="1" m="54351" /><E0/><V15/><F15/><W37/><G38/><N who="2" m="14377" /><F43/><W35/><G37/><T94/><D79/><U76/><E76/><V26/><F96/><AGARI ba="1,2" hai="80,82,84,86,87,89,94,95,96,98,102" m="26007" machi="96" ten="30,1000,0" yaku="8,1" doraHai="120" who="0" fromWho="2" sc="255,33,245,0,225,-13,255,0" /><INIT seed="3,0,0,4,3,115" ten="288,245,212,255" oya="3" hai0="106,13,63,62,56,129,44,96,28,66,25,88,112" hai1="57,39,50,26,123,69,86,33,18,121,55,8,105" hai2="128,80,61,76,48,97,3,75,127,82,35,41,14" hai3="59,81,20,73,134,93,67,89,74,58,53,79,110"/><W109/><G74/><T87/><D112/><U108/><E39/><V107/><F3/><W40/><G40/><T135/><D129/><U45/><E69/><V92/><F128/><W98/><G134/><T51/><D135/><U130/><E105/><V71/><F107/><W38/><G38/><T19/><D106/><U126/><E130/><V131/><F131/><W10/><G10/><N who="0" m="6583" /><D63/><U1/><E108/><N who="3" m="41578" /><G67/><T6/><D6/><U43/><E126/><V102/><F127/><W29/><G53/><N who="0" m="29927" /><D96/><U16/><E1/><V5/><F35/><W113/><G113/><T85/><D85/><U9/><E86/><V42/><F48/><W70/><G70/><T68/><D68/><U22/><E33/><V122/><F122/><W54/><G54/><T94/><D25/><AGARI ba="0,0" hai="20,25,29,58,59,73,79,81,89,93,98" m="41578" machi="25" ten="30,2900,0" yaku="14,1,10,1" doraHai="115" who="3" fromWho="0" sc="288,-29,245,0,212,0,255,29" /><INIT seed="3,1,0,3,3,39" ten="259,245,212,284" oya="3" hai0="109,127,48,134,30,93,31,104,105,67,14,50,15" hai1="66,20,81,101,75,22,6,12,0,135,122,19,116" hai2="43,55,106,112,62,126,65,83,56,76,29,95,27" hai3="49,59,114,72,21,10,35,1,92,70,36,110,80"/><W88/><G114/><T7/><D93/><U11/><E122/><V87/><F126/><W133/><G36/><T42/><D127/><U89/><E135/><V129/><F129/><W107/><G70/><T60/><D134/><U37/><E116/><V34/><F106/><W61/><G35/><T57/><D109/><U5/><E101/><V38/><F112/><W97/><G133/><T45/><D50/><U128/><E128/><V64/><REACH who="2" step="1"/><F95/><REACH who="2" ten="259,245,202,284" step="2"/><W17/><G107/><T86/><D104/><U41/><E6/><V91/><F91/><W77/><G88/><T9/><D105/><U79/><E89/><V118/><F118/><W32/><G92/><T4/><D86/><U46/><E66/><V131/><F131/><W117/><G117/><T111/><D111/><U47/><E47/><AGARI ba="1,1" hai="27,29,34,38,43,47,55,56,62,64,65,76,83,87" machi="47" ten="40,5200,0" yaku="1,1,52,1,53,1" doraHai="39" doraHaiUra="74" who="2" fromWho="1" sc="259,0,245,-55,202,65,284,0" /><INIT seed="4,0,0,4,4,80" ten="259,190,267,284" oya="0" hai0="24,31,114,95,112,105,13,12,74,66,100,97,108" hai1="11,15,67,65,3,121,64,51,113,49,127,27,23" hai2="48,72,2,28,57,104,38,71,56,8,130,84,99" hai3="123,98,60,21,55,43,25,82,89,32,120,46,128"/><T93/><D74/><U115/><E121/><N who="3" m="46666" /><G32/><N who="0" m="20583" /><D66/><N who="1" m="16899" /><U83/><DORA hai="110" /><E3/><V117/><F84/><N who="3" m="50327" /><G98/><T52/><D52/><U10/><E127/><V14/><F48/><N who="1" m="18505" /><E15/><N who="0" m="5705" /><D108/><U26/><E83/><V53/><F14/><W37/><G128/><T96/><D96/><U77/><E77/><V131/><F99/><W9/><G9/><N who="1" m="3082" /><E23/><V119/><F8/><W16/><G55/><T85/><D85/><U76/><E76/><V75/><F53/><W133/><G60/><T78/><D78/><U17/><E17/><V34/><F131/><W124/><G124/><T91/><D91/><U6/><E6/><V42/><F130/><W134/><AGARI ba="0,0" hai="16,21,25,37,43,46,133,134" m="50327,46666" machi="134" ten="30,4000,0" yaku="13,1,52,1,54,1" doraHai="80,110" who="3" fromWho="3" sc="259,-20,190,-10,267,-10,284,40" owari="239,-16.1,180,-32.0,257,5.7,324,42.4" /></mjloggm>