<mjloggm ver="2.3"><GO type="225" lobby="0"/><UN n0="%E5%8D%A0%E3%81%84%E5%B8%AB%E8%A3%8F%E3%81%AA%E3%81%84%E3%81%97" n1="%E3%82%B3%E3%83%90%E3%83%AC%E3%82%A4" n2="%E3%82%BC%E3%83%AB%E3%83%80%E3%81%AE%E4%BC%9D%E8%AA%AC" n3="%70%6E%64%73%6E%67" dan="17,16,18,16" rate="2160.19,2058.43,2206.54,2094.95" sx="M,M,M,M"/><TAIKYOKU oya="0"/><INIT seed="0,0,0,4,0,98" ten="250,250,250,250" oya="0" hai0="49,105,41,42,46,117,14,65,22,123,109,61,91" hai1="10,106,134,67,126,48,131,45,118,99,17,8,55" hai2="47,52,119,112,122,7,56,20,103,34,51,68,54" hai3="121,40,32,37,6,83,85,59,125,30,16,31,64"/><T1/><D117/><U94/><E118/><V74/><F119/><W18/><G125/><T128/><D1/><U116/><E126/><V84/><F74/><W89/><G121/><T35/><D123/><U133/><E116/><V73/><F73/><W44/><G6/><T97/><D35/><U11/><E106/><V76/><F112/><W104/><G104/><T115/><D115/><U57/><E17/><V66/><F34/><W75/><G75/><T79/><D79/><U130/><E67/><V77/><F122/><W92/><G32/><T81/><D128/><N who="1" m="49195" /><E45/><V80/><F7/><W58/><G30/><T60/><D109/><U50/><E48/><V43/><F68/><W93/><G31/><T95/><D105/><U82/><E82/><V53/><F20/><W120/><G93/><T39/><D39/><U24/><E24/><V63/><REACH who="2" step="1"/><F103/><AGARI ba="0,0" hai="8,10,11,50,55,57,94,99,103,133,134" m="49195" machi="103" ten="30,2000,0" yaku="19,1,52,1" doraHai="98" who="1" fromWho="2" sc="250,0,250,20,250,-20,250,0" /><INIT seed="1,0,0,5,1,135" ten="250,270,230,250" oya="1" hai0="73,134,10,56,84,99,116,17,6,117,85,81,67" hai1="18,12,25,0,55,108,98,47,69,65,118,23,104" hai2="53,68,62,8,4,57,1,49,42,54,132,46,59" hai3="71,78,26,83,20,88,114,5,63,7,105,61,111"/><U34/><E118/><V90/><F132/><W43/><G105/><T125/><D134/><U39/><E0/><V120/><F120/><W58/><G114/><T32/><D32/><U106/><E108/><V9/><F9/><W13/><G111/><T30/><D30/><U74/><E74/><V133/><F133/><W101/><G101/><T19/><D73/><U64/><E69/><V16/><F68/><W91/><G43/><T48/><D99/><U97/><E97/><V45/><F90/><W51/><G71/><T82/><D48/><U131/><E106/><V15/><REACH who="2" step="1"/><F42/><REACH who="2" ten="250,270,220,250" step="2"/><W3/><G91/><T89/><D10/><U115/><E115/><V109/><F109/><W87/><G88/><T41/><D41/><U27/><E131/><V76/><F76/><W100/><G78/><T24/><D89/><U95/><E34/><V60/><F60/><W2/><G63/><T66/><D6/><U94/><E104/><V40/><F40/><W122/><G61/><T121/><D121/><U126/><E95/><V38/><F38/><W124/><G7/><T79/><D79/><U128/><E128/><V14/><F14/><W110/><G5/><T112/><D112/><U44/><E39/><V92/><F92/><W96/><G13/><T31/><D116/><U50/><E12/><V129/><F129/><W33/><G33/><T103/><D117/><U22/><E94/><V107/><F107/><W123/><G110/><T70/><D70/><U36/><E36/><V80/><F80/><W29/><G122/><T35/><D82/><U113/><E113/><V21/><AGARI ba="0,1" hai="1,4,8,15,16,21,45,46,49,53,54,57,59,62" machi="21" ten="20,8000,1" yaku="1,1,5,1,0,1,7,1,54,1,53,0" doraHai="135" doraHaiUra="86" who="2" fromWho="2" sc="250,-20,270,-40,220,90,250,-20" /><INIT seed="2,0,0,5,5,108" ten="230,230,310,230" oya="2" hai0="77,85,99,126,8,28,19,23,42,121,72,75,34" hai1="70,96,73,56,120,53,16,30,44,66,3,46,101" hai2="71,104,134,133,39,36,132,119,118,27,106,11,91" hai3="130,2,123,109,5,127,124,58,0,22,59,20,112"/><V117/><F71/><W115/><G123/><T82/><D121/><U29/><E3/><N who="3" m="1066" /><G109/><T89/><D126/><N who="3" m="48169" /><G5/><T4/><D34/><U76/><E120/><V113/><F11/><W97/><G97/><T26/><D28/><U54/><E70/><V114/><F27/><W122/><G122/><T17/><D17/><U32/><E66/><V78/><F91/><W38/><G38/><N who="2" m="14377" /><F78/><W49/><G49/><T110/><D110/><U98/><E32/><V52/><F52/><W131/><G59/><T64/><D64/><U95/><E76/><V12/><F12/><W129/><G58/><T80/><D99/><U92/><E56/><V35/><F35/><W83/><G83/><T135/><D80/><U90/><E90/><V87/><F87/><W45/><G45/><T9/><D9/><U48/><E48/><V68/><F68/><W14/><G14/><N who="0" m="5383" /><D89/><U63/><E16/><V62/><F62/><W116/><G116/><T86/><D86/><U1/><E1/><V18/><F18/><W60/><G60/><T33/><D33/><U15/><E15/><V102/><F102/><W125/><N who="3" m="48177" /><W43/><DORA hai="31" /><G43/><T67/><D42/><U94/><E63/><V93/><F93/><W79/><G79/><N who="0" m="46303" /><D67/><U84/><E95/><V13/><F13/><W65/><G65/><T6/><D6/><U105/><E84/><V21/><F21/><AGARI ba="0,0" hai="20,21,22,112,115,129,130,131" m="48177,1066" machi="21" ten="60,16000,3" yaku="28,2,19,1,18,1,34,2,52,2" doraHai="108,31" who="3" fromWho="2" sc="230,0,230,0,310,-160,230,160" /><INIT seed="3,0,0,0,0,9" ten="230,230,150,390" oya="3" hai0="63,125,67,48,17,98,93,131,8,90,73,127,21" hai1="16,12,32,27,5,28,41,88,99,25,57,94,50" hai2="62,2,78,33,95,106,34,111,116,46,36,91,58" hai3="13,45,81,43,77,65,56,72,47,53,71,39,3"/><W30/><G3/><T52/><D73/><U7/><E27/><V22/><F111/><W42/><G30/><T97/><D131/><U44/><REACH who="1" step="1"/><E57/><REACH who="1" ten="230,220,150,390" step="2"/><V11/><F116/><W83/><G56/><N who="0" m="32775" /><D8/><AGARI ba="0,1" hai="5,7,8,12,16,25,28,32,41,44,50,88,94,99" machi="8" ten="30,8000,1" yaku="1,1,7,1,52,1,54,2,53,0" doraHai="9" doraHaiUra="105" who="1" fromWho="0" sc="230,-80,220,90,150,0,390,0" owari="150,-25.0,310,11.0,150,-35.0,390,49.0" /></mjloggm>