<mjloggm ver="2.3"><GO type="225" lobby="0"/><UN n0="%43%68%65" n1="%E4%BE%BF%E6%89%80" n2="%E3%81%AF%E3%82%88%E3%81%8A%E3%81%98%E3%81%95%E3%82%93" n3="%E3%81%86%E3%83%BC%E3%81%B1%E3%83%BC" dan="16,16,17,17" rate="2150.89,2079.09,2188.16,2180.41" sx="M,M,M,F"/><TAIKYOKU oya="0"/><INIT seed="0,0,0,0,1,63" ten="250,250,250,250" oya="0" hai0="113,116,108,16,94,103,55,107,78,40,104,79,64" hai1="14,0,35,119,25,47,120,39,122,99,31,6,77" hai2="1,3,66,98,65,131,28,87,8,4,124,93,7" hai3="106,102,133,11,97,30,46,101,70,110,48,135,56"/><T100/><D113/><U22/><E77/><V54/><F124/><W52/><G70/><T23/><D116/><U111/><E99/><V81/><F131/><W67/><G110/><T42/><D108/><U44/><E111/><V15/><F28/><W51/><G30/><T109/><D109/><U61/><E119/><V71/><F71/><W127/><G127/><T19/><D55/><U83/><E83/><V5/><F54/><W50/><G101/><T85/><D23/><U128/><E128/><V69/><F69/><W129/><G11/><T60/><D60/><U105/><E105/><V10/><F5/><W92/><G106/><T123/><D85/><U9/><E61/><V29/><F15/><W2/><G2/><T18/><D18/><N who="1" m="10583" /><E39/><V75/><F75/><W73/><G73/><T82/><D82/><U130/><E130/><V74/><F29/><W59/><G129/><T53/><D53/><U34/><E34/><V80/><F74/><W84/><G84/><T72/><D72/><U12/><E12/><V91/><F81/><W21/><G59/><T86/><D86/><U32/><E32/><V33/><F33/><W58/><G56/><T95/><REACH who="0" step="1"/><D64/><REACH who="0" ten="240,250,250,250" step="2"/><U13/><E13/><V89/><AGARI ba="0,1" hai="1,3,4,7,8,10,65,66,80,87,89,91,93,98" machi="89" ten="20,8000,1" yaku="0,1,7,1,9,1,52,2" doraHai="63" who="2" fromWho="2" sc="240,-40,250,-20,250,90,250,-20" /><INIT seed="1,0,0,5,1,114" ten="200,230,340,230" oya="1" hai0="93,44,122,64,23,20,39,131,50,47,81,123,67" hai1="48,60,83,116,78,0,22,107,135,29,86,75,9" hai2="5,30,66,95,15,54,108,90,57,113,36,7,111" hai3="42,12,49,88,19,8,106,69,89,110,58,45,6"/><U112/><E112/><V38/><F113/><W24/><G69/><T129/><D93/><U121/><E121/><N who="0" m="46089" /><D81/><U100/><E135/><V2/><F2/><W134/><G134/><T104/><D104/><U71/><E116/><V97/><F66/><N who="0" m="25130" /><D39/><U70/><E60/><V65/><F30/><W55/><G110/><N who="2" m="42025" /><F65/><W59/><G106/><T105/><D105/><U72/><E48/><N who="2" m="30919" /><F5/><W34/><G59/><T40/><D47/><U98/><E71/><V99/><F97/><W102/><G102/><T101/><D101/><U28/><E70/><V94/><F95/><W10/><G34/><T77/><D77/><U96/><E96/><V62/><F62/><N who="3" m="36191" /><G8/><AGARI ba="0,0" hai="7,8,15,36,38,90,94,99" m="30919,42025" machi="8" ten="30,1000,0" yaku="14,1" doraHai="114" who="2" fromWho="3" sc="200,0,230,0,340,10,230,-10" /><INIT seed="2,0,0,2,3,114" ten="200,230,350,220" oya="2" hai0="65,115,4,28,118,20,134,72,116,43,100,44,66" hai1="59,93,63,77,30,75,113,47,25,76,57,38,124" hai2="99,91,56,52,49,0,74,42,129,18,29,107,12" hai3="17,26,96,24,94,121,98,54,31,58,23,46,132"/><V40/><F0/><W41/><G132/><T95/><D115/><U10/><E113/><V112/><F112/><W68/><G121/><T111/><D134/><U133/><E133/><V15/><F74/><W103/><G96/><N who="0" m="59423" /><D72/><U64/><E124/><V2/><F2/><W85/><G85/><T5/><D111/><U34/><E10/><V81/><F129/><W33/><G68/><T39/><D28/><U92/><E57/><V9/><F29/><W89/><G103/><T61/><D20/><U7/><E7/><N who="0" m="2633" /><D61/><U128/><E128/><V67/><F67/><W73/><G73/><T51/><D51/><U53/><E75/><V69/><F69/><W101/><G101/><T125/><D125/><U37/><E37/><V97/><F12/><W87/><G87/><T110/><D110/><U48/><REACH who="1" step="1"/><E38/><REACH who="1" ten="200,220,350,220" step="2"/><V108/><F108/><W3/><G3/><T62/><D62/><U60/><E60/><V127/><F127/><W55/><G58/><T70/><D70/><U8/><E8/><V82/><F9/><W105/><G105/><T84/><D84/><U22/><E22/><V90/><F56/><W123/><G123/><T36/><D36/><AGARI ba="0,1" hai="17,23,24,26,31,33,36,41,46,54,55,89,94,98" machi="36" ten="30,1000,0" yaku="7,1" doraHai="114" who="3" fromWho="0" sc="200,-10,220,0,350,0,220,20" /><INIT seed="3,0,0,5,3,33" ten="190,220,350,240" oya="3" hai0="48,11,45,84,39,63,103,68,18,60,61,114,70" hai1="90,88,24,83,122,36,124,46,16,78,94,128,102" hai2="15,111,30,116,107,42,69,43,123,104,82,76,25" hai3="55,12,121,49,66,86,6,3,91,65,27,118,8"/><W29/><G118/><T133/><D133/><U37/><E122/><V119/><F69/><W97/><G97/><T52/><D114/><U50/><E128/><V0/><F0/><W72/><G72/><T92/><D39/><U17/><E124/><V113/><F113/><W115/><G121/><T28/><D28/><U34/><E102/><V47/><F123/><W108/><G108/><T35/><D35/><U26/><E37/><V44/><F111/><W126/><G12/><T79/><D103/><U112/><E36/><V57/><F15/><W13/><G13/><T5/><D18/><N who="1" m="7275" /><E34/><V77/><F57/><W127/><G115/><T2/><REACH who="0" step="1"/><D92/><REACH who="0" ten="180,220,350,240" step="2"/><U96/><E112/><V14/><F30/><W20/><G127/><T95/><D95/><N who="1" m="56423" /><E83/><AGARI ba="0,1" hai="2,5,11,45,48,52,60,61,63,68,70,79,83,84" machi="83" ten="40,8000,1" yaku="1,1,52,1,54,1,53,1" doraHai="33" doraHaiUra="7" who="0" fromWho="1" sc="180,90,220,-80,350,0,240,0" owari="270,7.0,140,-36.0,350,45.0,240,-16.0" /></mjloggm>