<mjloggm ver="2.3"><GO type="225" lobby="0"/><UN n0="%E3%81%9F%E3%81%A3%E3%81%A1%E3%82%87" n1="%E3%81%BF%E3%81%BF%E3%81%9A" n2="%E7%B4%94%E6%BD%94%E3%83%94%E3%83%A9%E3%83%8B%E3%82%A2" n3="%6D%75%75%6D%75%72%61" dan="16,17,17,16" rate="2105.74,2178.07,2230.69,2212.43" sx="M,M,M,F"/><TAIKYOKU oya="0"/><INIT seed="0,0,0,1,1,70" ten="250,250,250,250" oya="0" hai0="130,90,84,120,39,54,93,127,49,122,113,67,118" hai1="128,76,89,124,95,11,65,135,104,47,94,3,46" hai2="35,103,16,79,17,101,87,1,114,51,8,68,9" hai3="117,132,45,106,7,99,111,126,14,30,96,63,50"/><T55/><D118/><U82/><E104/><V123/><F68/><W83/><G117/><T66/><D113/><U98/><E128/><V61/><F61/><W108/><G126/><T85/><D130/><U34/><E124/><V88/><F35/><W134/><G83/><T110/><D127/><U26/><E135/><N who="3" m="51754" /><G30/><T72/><D72/><U73/><E65/><V38/><F38/><W33/><G63/><T21/><D110/><N who="3" m="42025" /><G33/><T57/><D39/><U92/><E26/><V62/><F79/><W41/><G106/><T42/><D120/><U80/><E34/><V2/><F62/><W109/><N who="3" m="42033" /><W0/><DORA hai="37" /><G0/><T44/><D122/><U25/><E25/><V69/><F69/><W58/><G58/><T71/><D71/><U107/><E80/><V6/><F114/><W97/><G7/><T36/><D54/><U102/><E89/><V100/><F123/><W64/><G14/><T115/><D115/><U56/><E56/><V116/><F116/><W40/><G64/><T53/><D53/><AGARI ba="0,0" hai="40,41,45,50,53,96,97,99" m="42033,51754" machi="53" ten="50,8000,1" yaku="20,1,14,1,52,2" doraHai="70,37" who="3" fromWho="0" sc="250,-80,250,0,250,0,250,80" /><INIT seed="1,0,0,3,3,53" ten="170,250,250,330" oya="1" hai0="7,96,108,92,89,27,113,128,102,85,79,63,98" hai1="93,44,36,32,49,14,123,71,110,99,74,132,130" hai2="97,10,90,135,129,118,5,114,109,3,0,55,112" hai3="103,58,67,24,72,34,69,12,78,54,28,23,30"/><U46/><E123/><V57/><F109/><W105/><G69/><T45/><D7/><U18/><E110/><V75/><F75/><W101/><G67/><T16/><D108/><U2/><E2/><V80/><F118/><W131/><G131/><T13/><D128/><U21/><E74/><V107/><F129/><W50/><G105/><T106/><D113/><N who="2" m="43626" /><F135/><W77/><G28/><T95/><D27/><U73/><E130/><V82/><F3/><W19/><REACH who="3" step="1"/><G72/><REACH who="3" ten="170,250,250,320" step="2"/><T127/><D127/><U81/><E132/><V20/><F107/><W47/><G47/><T76/><D45/><U1/><E36/><V64/><F64/><W43/><G43/><T87/><D63/><U61/><E44/><V134/><F134/><W88/><G88/><T116/><D116/><U39/><E39/><V48/><F90/><W125/><G125/><T121/><D121/><U66/><E46/><V111/><F111/><W40/><G40/><T35/><D35/><U119/><E49/><V86/><F86/><W122/><G122/><T59/><D85/><U37/><E37/><V8/><F97/><W42/><G42/><T52/><D98/><U33/><E119/><V25/><F10/><W133/><G133/><T4/><D106/><U31/><E31/><AGARI ba="0,1" hai="0,5,8,20,25,31,48,55,57,80,82" m="43626" machi="31" ten="30,2000,0" yaku="11,1,52,1" doraHai="53" who="2" fromWho="1" sc="170,0,250,-20,250,30,320,0" /><INIT seed="2,0,0,2,0,68" ten="170,230,280,320" oya="2" hai0="30,99,95,4,119,55,60,105,97,41,13,5,125" hai1="40,7,6,120,1,21,0,86,45,64,63,73,49" hai2="126,70,54,65,16,35,123,28,69,75,85,53,127" hai3="114,57,23,76,74,78,110,32,92,58,91,81,101"/><V42/><F75/><W39/><G110/><T132/><D125/><N who="2" m="47626" /><F28/><W82/><G32/><T47/><D132/><U46/><E73/><V111/><F35/><W122/><G122/><T18/><D119/><U135/><E135/><V71/><F123/><W22/><G114/><T83/><D105/><U3/><E120/><V107/><F107/><W59/><G101/><T15/><D83/><N who="3" m="31753" /><G39/><T88/><D99/><U133/><E133/><V31/><F31/><W9/><G9/><T29/><D13/><U43/><E86/><V118/><F85/><N who="3" m="52335" /><G74/><T124/><D124/><U90/><E90/><V80/><F80/><W102/><G102/><T121/><D121/><U98/><E21/><AGARI ba="0,0" hai="21,22,23,57,58,59,76,78" m="52335,31753" machi="21" ten="30,1000,0" yaku="8,1" doraHai="68" who="3" fromWho="1" sc="170,0,230,-10,280,0,320,10" /><INIT seed="3,0,0,5,0,77" ten="170,220,280,330" oya="3" hai0="30,79,105,98,43,127,0,18,100,62,32,33,26" hai1="84,96,50,88,38,64,73,122,104,22,124,95,130" hai2="71,85,60,19,10,53,110,135,31,57,106,81,36" hai3="17,23,76,37,120,121,116,55,78,7,123,82,132"/><W69/><G116/><T1/><D127/><U90/><E38/><V109/><F36/><W80/><G132/><T6/><D32/><U91/><E122/><V119/><F119/><W44/><G69/><T46/><D6/><U61/><E124/><V2/><F106/><W21/><G7/><T29/><D18/><U83/><E130/><V107/><F107/><W93/><G93/><T5/><D5/><U128/><E128/><V108/><F31/><W115/><G115/><T42/><D42/><U59/><E22/><V48/><F2/><W51/><G37/><T97/><D29/><U74/><E74/><V28/><F28/><W111/><G111/><T56/><D97/><U40/><E73/><V13/><F135/><W126/><G126/><T70/><D79/><N who="1" m="46207" /><E104/><V58/><F71/><W3/><G3/><T102/><D102/><U8/><E8/><V129/><F129/><W47/><G121/><T101/><D101/><U41/><E50/><V45/><F60/><W117/><G117/><T72/><D72/><U103/><AGARI ba="0,0" hai="40,41,59,61,64,88,90,91,95,96,103" m="46207" machi="103" ten="30,4000,0" yaku="8,1,52,1,54,1" doraHai="77" who="1" fromWho="1" sc="170,-10,220,40,280,-10,330,-20" owari="160,-34.0,260,-14.0,270,7.0,310,41.0" /></mjloggm>