<mjloggm ver="2.3"><GO type="225" lobby="0"/><UN n0="%6D%61%74%69%67%75%73%61" n1="%E3%81%B5%E3%81%98%E3%81%8B%E3%81%A4" n2="%E3%82%B2%E3%82%B9%E8%8C%82%E5%8B%9D" n3="%E6%9D%B1%E9%A2%A8%E3%81%AE%E3%81%8D%E3%82%83%E3%81%B7%E3%81%95%E3%82%93" dan="17,16,16,17" rate="2204.33,2194.35,2114.11,2266.30" sx="M,M,F,M"/><TAIKYOKU oya="0"/><INIT seed="0,0,0,5,4,63" ten="250,250,250,250" oya="0" hai0="65,77,70,7,5,56,2,81,118,94,135,24,108" hai1="117,111,115,38,109,88,78,112,54,20,40,58,128" hai2="19,51,85,30,17,121,124,123,61,46,11,100,82" hai3="26,89,33,80,50,119,23,4,84,134,31,25,28"/><T13/><D118/><U32/><E32/><V93/><F124/><W49/><G134/><T95/><D70/><U91/><E78/><V122/><F30/><W87/><G119/><T3/><D135/><U16/><E117/><V92/><F61/><W67/><G4/><T66/><D56/><U41/><E128/><V114/><F114/><N who="1" m="43561" /><E38/><V6/><F17/><W107/><G107/><T73/><D24/><N who="1" m="14343" /><E41/><V59/><F19/><W101/><G101/><T75/><D77/><U15/><E15/><V1/><F59/><W105/><G105/><T74/><D13/><U27/><E27/><V127/><F100/><W97/><G97/><T21/><D21/><U116/><E40/><V129/><F127/><W68/><REACH who="3" step="1"/><G84/><REACH who="3" ten="250,250,250,240" step="2"/><T57/><D74/><U9/><E116/><V64/><F123/><W131/><G131/><T86/><D86/><U126/><E126/><V72/><F129/><W44/><G44/><T18/><D75/><U39/><E39/><V29/><F72/><W14/><G14/><T69/><D73/><U103/><E103/><V83/><F85/><W55/><G55/><T10/><D5/><U76/><E76/><V43/><F121/><W53/><G53/><T8/><D7/><U62/><E9/><V133/><F122/><W12/><G12/><T96/><D8/><U102/><E102/><V37/><F37/><W125/><G125/><T35/><D10/><U45/><E45/><V48/><F46/><W110/><G110/><AGARI ba="0,1" hai="54,58,62,88,91,109,110,111" m="14343,43561" machi="110" ten="30,7700,0" yaku="14,1,11,1,54,2" doraHai="63" who="1" fromWho="3" sc="250,0,250,87,250,0,240,-77" /><INIT seed="1,0,0,5,1,45" ten="250,337,250,163" oya="1" hai0="16,127,129,135,46,132,48,108,89,79,35,14,27" hai1="30,32,110,33,66,18,99,123,117,24,56,53,43" hai2="134,74,81,60,119,19,11,95,121,13,109,41,71" hai3="76,73,80,52,72,104,9,10,82,94,38,34,15"/><U124/><E117/><V58/><F109/><W92/><G104/><T101/><D108/><U116/><E110/><V78/><F119/><W28/><G38/><T0/><D0/><U86/><E116/><V105/><F134/><N who="0" m="51242" /><D101/><U62/><E124/><V126/><F105/><W44/><G28/><N who="0" m="19871" /><D89/><U77/><E43/><V100/><F126/><W112/><G34/><T87/><D127/><U64/><E123/><V22/><F71/><W57/><G44/><T12/><D129/><U107/><E33/><V91/><F121/><W102/><G112/><T54/><D16/><U21/><E99/><V31/><F41/><W114/><G114/><T25/><D25/><U90/><E107/><V1/><F100/><W118/><G118/><T26/><D26/><U40/><E40/><V20/><F1/><W113/><G113/><T55/><D54/><U83/><REACH who="1" step="1"/><E90/><REACH who="1" ten="250,327,250,163" step="2"/><V115/><F115/><W37/><G102/><T93/><D93/><U88/><E88/><V2/><F95/><W7/><G37/><T39/><D39/><U75/><E75/><V59/><F74/><W47/><G94/><T69/><D69/><U67/><E67/><V130/><F91/><W98/><G92/><T70/><D70/><U97/><E97/><V106/><F106/><W68/><G98/><T6/><D87/><U8/><E8/><V125/><F125/><W85/><G68/><T17/><D55/><U61/><E61/><V120/><F60/><N who="3" m="35879" /><G9/><T122/><D122/><U103/><E103/><V131/><F120/><W42/><G82/><T4/><D48/><U49/><E49/><V84/><F81/><RYUUKYOKU ba="0,1" sc="250,-15,327,15,250,-15,163,15" hai1="18,21,24,30,32,53,56,62,64,66,77,83,86" hai3="7,10,15,42,47,72,73,76,80,85" /><INIT seed="1,1,1,4,5,111" ten="235,342,235,178" oya="1" hai0="25,123,114,135,96,125,39,72,23,63,73,122,76" hai1="134,30,101,56,121,104,48,55,132,100,115,59,75" hai2="127,29,32,108,8,89,124,4,27,13,92,80,107" hai3="12,97,81,9,126,95,44,1,19,83,77,68,41"/><U86/><E121/><N who="0" m="46089" /><D39/><U88/><E75/><V20/><F108/><W17/><G126/><T49/><D125/><N who="2" m="48202" /><F80/><W82/><G68/><T11/><D135/><N who="1" m="51755" /><E104/><V42/><F42/><W93/><G1/><T67/><D76/><U116/><E116/><V5/><F107/><W71/><G71/><N who="0" m="42495" /><D114/><U91/><E30/><V119/><F119/><W102/><G93/><T90/><D11/><U74/><E74/><V128/><F128/><W105/><G105/><T106/><D49/><U22/><E115/><V34/><F89/><N who="1" m="34377" /><E86/><V60/><F92/><W84/><REACH who="3" step="1"/><G19/><REACH who="3" ten="235,342,235,168" step="2"/><N who="0" m="12543" /><D106/><U46/><E22/><V45/><F32/><W131/><G131/><T7/><D7/><U50/><E59/><V117/><F4/><W103/><G103/><T87/><D96/><U78/><E78/><V6/><F6/><W16/><G16/><T47/><D47/><U52/><AGARI ba="1,2" hai="46,48,50,52,55,56,100,101" m="34377,51755" machi="52" ten="30,6000,0" yaku="20,1,54,2" doraHai="111" who="1" fromWho="1" sc="235,-21,342,83,235,-21,168,-21" /><INIT seed="1,2,0,5,0,11" ten="214,425,214,147" oya="1" hai0="68,73,44,93,90,95,75,30,4,103,110,38,119" hai1="124,98,96,71,91,29,126,15,102,135,20,74,85" hai2="42,26,59,52,50,128,106,37,127,21,116,46,130" hai3="82,84,97,101,23,0,107,18,55,62,19,132,134"/><U13/><E71/><V105/><F127/><N who="1" m="48681" /><E74/><V32/><F32/><W108/><G108/><T22/><D119/><U25/><E135/><N who="3" m="51754" /><G0/><T24/><D68/><U57/><E57/><V100/><F116/><W104/><G62/><T16/><D110/><U34/><E34/><V111/><F111/><W121/><G55/><T89/><D4/><U49/><E49/><V77/><F77/><N who="3" m="46159" /><G121/><T112/><D112/><U12/><E102/><V125/><F125/><W65/><G65/><T56/><D103/><U41/><E41/><V63/><F63/><W36/><G36/><T81/><D56/><U31/><E31/><V48/><F50/><W35/><G35/><T10/><D38/><U122/><E122/><V87/><F100/><W17/><G107/><T54/><D54/><U109/><E109/><V43/><F42/><W72/><G72/><T94/><D44/><U79/><E79/><V6/><F105/><W14/><AGARI ba="2,0" hai="14,17,18,19,23,97,101,104" m="46159,51754" machi="14" ten="30,2000,0" yaku="20,1,52,1" doraHai="11" who="3" fromWho="3" sc="214,-7,425,-12,214,-7,147,26" /><INIT seed="2,0,0,3,2,102" ten="207,413,207,173" oya="2" hai0="92,18,91,81,111,40,36,129,47,89,132,93,60" hai1="35,68,2,21,25,94,90,15,131,134,133,39,96" hai2="49,55,30,115,48,108,54,13,124,42,23,12,128" hai3="63,130,45,17,103,62,31,51,95,123,109,79,61"/><V113/><F128/><W74/><G130/><T24/><D129/><U70/><E131/><V67/><F42/><W116/><G116/><T120/><D120/><U43/><E2/><V58/><F124/><W117/><G117/><T83/><D111/><U52/><E35/><V19/><F67/><W84/><G123/><T27/><D132/><N who="1" m="50795" /><E15/><V114/><F30/><W16/><G109/><T126/><D126/><U125/><E125/><V53/><F108/><W11/><G31/><T112/><D112/><U104/><E104/><V4/><REACH who="2" step="1"/><F58/><REACH who="2" ten="207,413,197,173" step="2"/><W8/><G74/><T26/><D40/><U101/><E43/><V99/><F99/><N who="3" m="59903" /><G84/><T6/><D47/><U85/><E39/><V66/><F66/><W88/><G79/><T72/><D36/><U65/><E65/><V10/><AGARI ba="0,1" hai="4,10,12,13,19,23,48,49,53,54,55,113,114,115" machi="10" ten="40,3900,0" yaku="1,1,0,1,53,0" doraHai="102" doraHaiUra="122" who="2" fromWho="2" sc="207,-13,413,-13,197,49,173,-13" /><INIT seed="2,1,0,3,3,63" ten="194,400,246,160" oya="2" hai0="18,118,128,64,90,14,6,109,43,116,54,40,110" hai1="87,134,51,48,4,78,15,47,82,81,103,31,3" hai2="94,69,129,5,121,93,71,62,95,59,32,75,127" hai3="107,13,102,17,88,26,52,112,133,38,131,114,100"/><V126/><F121/><W124/><G38/><T33/><D128/><U49/><E3/><V120/><F120/><W56/><G26/><T92/><D33/><U83/><E134/><V98/><F75/><W113/><G133/><T135/><D135/><U29/><E103/><V111/><F129/><W60/><G131/><T57/><D6/><U117/><E117/><N who="0" m="45161" /><D64/><U9/><E47/><V11/><F32/><W89/><G124/><N who="2" m="47657" /><F98/><N who="3" m="61847" /><G102/><T1/><D1/><U125/><E125/><V46/><F46/><W61/><G61/><N who="0" m="36023" /><D43/><U0/><E0/><N who="2" m="423" /><F111/><W96/><G96/><N who="0" m="57367" /><D40/><U35/><E35/><V73/><F73/><W86/><G86/><T84/><D84/><N who="1" m="48183" /><E83/><V119/><F119/><W27/><G27/><T66/><D66/><AGARI ba="1,0" hai="59,62,66,69,71,93,94,95" m="423,47657" machi="66" ten="30,2900,0" yaku="18,1,52,1" doraHai="63" who="2" fromWho="0" sc="194,-32,400,0,246,32,160,0" /><INIT seed="2,2,0,3,0,62" ten="162,400,278,160" oya="2" hai0="118,110,75,79,128,68,23,113,58,89,102,9,60" hai1="103,47,14,88,35,27,55,41,115,108,91,84,100" hai2="52,82,90,8,33,98,81,93,85,111,94,132,125" hai3="96,109,3,134,6,29,73,59,74,123,2,42,31"/><V36/><F36/><W15/><G42/><T69/><D113/><U129/><E108/><V104/><F33/><W76/><G123/><T4/><D102/><U101/><E115/><V32/><F32/><W80/><G134/><T72/><D89/><U78/><E129/><V43/><F43/><W114/><G109/><T97/><D110/><U44/><E35/><V30/><F111/><W45/><G114/><T131/><D97/><U71/><E71/><N who="0" m="27209" /><D23/><U21/><E14/><V126/><F30/><W83/><G96/><T24/><D79/><U18/><E55/><V116/><F8/><W112/><G112/><T106/><D24/><U119/><E119/><V67/><F67/><W122/><G122/><T13/><D106/><U53/><E53/><V61/><F104/><W48/><G59/><T5/><D5/><U130/><E130/><N who="0" m="49705" /><D118/><U10/><E10/><V40/><F116/><W124/><G15/><T56/><D56/><U120/><E120/><V7/><F7/><W22/><G22/><T19/><D4/><U54/><E54/><AGARI ba="2,0" hai="9,13,19,54,58,60,72,75" m="49705,27209" machi="54" ten="30,1000,0" yaku="19,1" doraHai="62" who="0" fromWho="1" sc="162,16,400,-16,278,0,160,0" /><INIT seed="3,0,0,4,3,56" ten="178,384,278,160" oya="3" hai0="55,134,124,45,71,108,33,16,19,22,77,129,26" hai1="62,130,125,114,94,24,111,60,39,127,5,113,97" hai2="96,42,128,50,34,85,57,70,40,72,132,90,109" hai3="92,59,36,116,15,103,51,7,12,73,100,20,18"/><W99/><G116/><T69/><D33/><U38/><E111/><V76/><F109/><W17/><G73/><T74/><D108/><U66/><E130/><V4/><F128/><W3/><G36/><T68/><D129/><U14/><E24/><V29/><F70/><W37/><G37/><N who="1" m="13834" /><E14/><V123/><F123/><W67/><G3/><T58/><D45/><U0/><E5/><V52/><F132/><W117/><G117/><T133/><D124/><N who="1" m="47691" /><E60/><V91/><F4/><W48/><G103/><T30/><D134/><U135/><E0/><V80/><F96/><W107/><G107/><T98/><D98/><U6/><E6/><V43/><F34/><W81/><G81/><T10/><D10/><U79/><E79/><V122/><F122/><W23/><REACH who="3" step="1"/><G7/><REACH who="3" ten="178,384,278,150" step="2"/><T88/><D133/><U93/><E135/><V84/><F72/><W119/><G119/><T78/><D88/><N who="1" m="55463" /><E94/><V64/><F91/><W95/><G95/><T11/><D78/><U131/><E131/><V41/><F76/><W32/><G32/><T82/><REACH who="0" step="1"/><D11/><REACH who="0" ten="168,384,278,150" step="2"/><U28/><E114/><V31/><F80/><W87/><G87/><T49/><AGARI ba="0,2" hai="16,19,22,26,30,49,55,58,68,69,71,74,77,82" machi="49" ten="30,7900,0" yaku="1,1,2,1,0,1,54,1,53,0" doraHai="56" doraHaiUra="115" who="0" fromWho="0" sc="168,99,384,-20,278,-20,150,-39" owari="267,6.7,364,46.4,258,-14.2,111,-38.9" /></mjloggm>