<mjloggm ver="2.3"><GO type="225" lobby="0"/><UN n0="%E3%82%A2%E3%83%A1%E3%82%A2%E3%83%A9%E3%83%AC" n1="%E3%82%B2%E3%82%B9%E8%8C%82%E5%8B%9D" n2="%E4%BF%8A%E6%96%87%E9%BE%8D" n3="%E4%BF%BA%E3%81%A8%E5%A6%96%E5%A4%A2" dan="16,16,17,17" rate="2087.27,2076.84,2125.13,2217.64" sx="M,F,M,F"/><TAIKYOKU oya="0"/><INIT seed="0,0,0,5,2,75" ten="250,250,250,250" oya="0" hai0="73,70,61,27,115,53,48,71,95,8,36,127,5" hai1="118,119,79,112,76,63,125,59,25,117,128,26,37" hai2="98,9,40,74,65,18,52,122,20,111,81,56,85" hai3="62,30,104,51,45,134,126,77,129,4,58,14,68"/><T39/><D115/><U44/><E112/><V94/><F122/><W135/><G104/><T10/><D127/><U121/><E121/><V15/><F111/><W28/><G68/><T24/><D73/><U123/><E123/><V47/><F74/><W31/><G126/><T82/><D82/><U97/><E125/><V113/><F113/><W13/><G129/><T86/><D86/><U50/><E97/><V57/><F65/><W0/><G0/><T42/><D95/><U16/><E37/><V99/><F99/><W91/><G91/><T22/><D42/><U101/><E101/><N who="2" m="60631" /><F40/><W54/><G77/><T92/><D92/><U96/><E96/><V109/><F20/><W72/><G72/><T34/><D34/><U6/><E6/><V67/><F67/><W103/><G103/><T29/><D10/><U132/><E128/><V41/><F41/><N who="3" m="25007" /><G4/><T1/><D27/><U2/><E2/><V60/><F109/><W106/><G106/><T124/><D124/><U108/><E108/><V84/><F84/><W12/><G135/><T88/><D88/><U46/><E132/><V32/><F32/><W89/><G134/><T80/><D80/><U49/><E117/><V23/><F9/><W66/><G89/><T131/><D131/><U35/><E35/><V114/><F114/><W120/><G120/><T7/><D7/><U133/><E133/><V11/><F11/><W78/><G78/><N who="1" m="29738" /><E119/><V69/><F81/><W55/><AGARI ba="0,0" hai="12,13,14,28,30,31,54,55,58,62,66" m="25007" machi="55" ten="40,1500,0" yaku="8,1" doraHai="75" who="3" fromWho="3" sc="250,-7,250,-4,250,-4,250,15" /><INIT seed="1,0,0,4,4,18" ten="243,246,246,265" oya="1" hai0="85,57,129,88,21,106,130,103,3,69,45,59,127" hai1="71,86,101,28,98,96,32,26,121,24,133,76,49" hai2="0,41,37,93,50,119,120,52,43,42,75,105,99" hai3="63,110,40,134,56,6,104,39,82,16,67,117,78"/><U135/><E121/><V44/><F0/><W1/><G104/><T7/><D69/><U10/><E71/><V13/><F120/><W131/><G110/><T89/><D127/><U29/><E10/><V126/><F119/><W68/><G117/><T12/><D3/><U64/><E64/><V5/><F126/><W34/><G34/><T60/><D45/><U20/><E49/><V48/><F75/><W17/><G131/><N who="0" m="50187" /><D85/><U109/><E109/><V65/><F105/><W77/><G78/><T91/><D60/><U80/><REACH who="1" step="1"/><E101/><REACH who="1" ten="243,236,246,265" step="2"/><N who="2" m="60655" /><F65/><W62/><G68/><T30/><D103/><U118/><E118/><V15/><F37/><W35/><G67/><T123/><D123/><U25/><E25/><V66/><F66/><W4/><G39/><T61/><D61/><U72/><E72/><V132/><F132/><AGARI ba="0,1" hai="20,24,26,28,29,32,76,80,86,96,98,132,133,135" machi="132" ten="40,7700,0" yaku="1,1,20,1,52,1,53,0" doraHai="18" doraHaiUra="115" who="1" fromWho="2" sc="243,0,236,87,246,-77,265,0" /><INIT seed="1,1,0,3,4,130" ten="243,323,169,265" oya="1" hai0="99,126,18,46,113,7,3,115,84,117,131,103,43" hai1="32,75,127,33,6,41,68,96,111,80,88,100,36" hai2="135,44,92,56,102,38,90,123,4,67,112,31,120" hai3="97,89,14,17,109,78,76,64,129,69,59,40,82"/><U19/><E68/><V83/><F4/><W2/><G2/><T73/><D117/><U20/><E127/><V54/><F31/><W52/><G129/><T50/><D126/><U72/><E6/><V47/><F112/><W5/><G5/><T94/><D131/><U119/><E119/><V0/><F0/><W13/><G13/><T16/><D73/><U63/><E63/><V62/><F102/><W107/><G40/><T45/><D113/><U39/><E111/><V24/><F24/><W58/><G69/><T9/><D115/><U93/><E32/><V133/><F83/><W71/><G71/><T124/><D124/><U128/><E33/><V116/><F116/><W110/><G107/><T12/><D3/><U74/><E128/><V57/><F92/><N who="3" m="56463" /><G58/><T34/><D34/><U101/><E41/><N who="2" m="22583" /><F90/><W105/><G64/><T51/><D84/><U85/><REACH who="1" step="1"/><E100/><REACH who="1" ten="243,313,169,265" step="2"/><V132/><F47/><W79/><G110/><T91/><D103/><U25/><AGARI ba="1,1" hai="19,20,25,36,39,72,74,75,80,85,88,93,96,101" machi="25" ten="30,11700,0" yaku="1,1,2,1,0,1,54,1,53,0" doraHai="130" doraHaiUra="66" who="1" fromWho="1" sc="243,-40,313,130,169,-40,265,-40" /><INIT seed="1,2,0,3,4,35" ten="203,443,129,225" oya="1" hai0="61,25,49,119,43,77,46,94,3,101,110,100,102" hai1="75,78,122,1,120,93,8,125,29,14,76,50,33" hai2="118,83,98,47,132,92,114,88,133,135,65,68,64" hai3="27,111,70,81,2,21,121,52,51,38,55,59,44"/><U9/><E125/><V130/><F118/><W34/><G121/><T127/><D110/><U60/><E1/><V71/><F130/><W15/><G70/><T19/><D119/><U57/><E50/><V85/><F114/><W109/><G34/><T20/><D127/><U124/><E124/><V131/><F131/><W112/><G112/><T22/><D3/><U86/><E75/><V103/><REACH who="2" step="1"/><F47/><REACH who="2" ten="203,443,119,225" step="2"/><W56/><G111/><T7/><D7/><U128/><E128/><V13/><F13/><W91/><G15/><T4/><D4/><U95/><E14/><V99/><F99/><W45/><G109/><T30/><D77/><U53/><E76/><V79/><F79/><W42/><G2/><T116/><D116/><U5/><E78/><V72/><F72/><W39/><G39/><T17/><D46/><U31/><E5/><V40/><F40/><W32/><G38/><T63/><D43/><U0/><E0/><V87/><F87/><N who="3" m="50671" /><G42/><T41/><D41/><U113/><E113/><V97/><F97/><W96/><G96/><T11/><D25/><U105/><E86/><V129/><F129/><W16/><G32/><T54/><D22/><U134/><E33/><V80/><F80/><W28/><G28/><T74/><D20/><U18/><E31/><V89/><F89/><W108/><G108/><T73/><D30/><U66/><E29/><V90/><F90/><W58/><G45/><T37/><D37/><U84/><E84/><V62/><F62/><W48/><AGARI ba="2,1" hai="16,21,27,44,48,51,52,55,56,58,59" m="50671" machi="48" ten="30,4000,0" yaku="8,1,54,2" doraHai="35" who="3" fromWho="3" sc="203,-12,443,-22,119,-12,225,56" /><INIT seed="2,0,0,1,5,86" ten="191,421,107,281" oya="2" hai0="13,104,46,80,77,107,68,17,3,59,83,112,119" hai1="134,96,42,108,66,27,105,81,22,49,12,28,8" hai2="47,91,110,71,43,85,115,114,54,1,90,34,0" hai3="64,74,56,125,60,124,20,135,10,26,62,73,113"/><V14/><F71/><W99/><G135/><T117/><D112/><U23/><E108/><V133/><F34/><W45/><G113/><T4/><D68/><U29/><E134/><V35/><F35/><W52/><G10/><N who="0" m="2335" /><D59/><U102/><E66/><V65/><F133/><W32/><G32/><T67/><D46/><U131/><E131/><V2/><F65/><W82/><G99/><T70/><D67/><U100/><E100/><V18/><F110/><W72/><G82/><N who="0" m="31275" /><D77/><U7/><E81/><V36/><F54/><W103/><G103/><T116/><D70/><U106/><E106/><V55/><F55/><W118/><G60/><T130/><D130/><U48/><E42/><V69/><F69/><W31/><G64/><T129/><D129/><U40/><E40/><V11/><REACH who="2" step="1"/><F85/><REACH who="2" ten="191,421,97,281" step="2"/><W79/><G52/><T122/><D122/><U37/><E37/><V120/><F120/><W24/><G72/><T57/><D57/><U76/><E49/><V33/><F33/><W97/><G56/><T30/><D30/><U87/><E48/><V98/><F98/><W5/><G97/><T15/><D15/><U50/><E50/><V101/><F101/><W21/><G31/><T128/><D128/><U41/><E29/><V93/><F93/><W111/><G111/><T75/><D75/><U19/><E28/><V95/><F95/><W89/><G74/><T94/><D94/><U63/><E87/><V39/><F39/><W58/><G73/><T78/><D78/><U6/><E76/><V132/><F132/><W38/><G79/><T61/><D61/><U92/><E92/><RYUUKYOKU ba="0,1" sc="191,15,421,-15,97,15,281,-15" hai0="13,17,104,107,116,117,119" hai2="0,1,2,11,14,18,36,43,47,90,91,114,115" /><INIT seed="2,1,1,0,0,24" ten="206,406,112,266" oya="2" hai0="122,117,86,106,52,96,88,56,99,84,73,36,26" hai1="0,41,115,16,31,112,124,132,39,100,20,49,80" hai2="53,95,103,120,4,101,92,29,32,55,18,98,121" hai3="60,78,45,133,51,3,75,5,105,114,74,71,127"/><V48/><F4/><W118/><G118/><T119/><D122/><U70/><E39/><V123/><F18/><W102/><G133/><T97/><D106/><U87/><E70/><V30/><F32/><W61/><G78/><T33/><D73/><U7/><E132/><V125/><F125/><W83/><G83/><T1/><D36/><U67/><E67/><V134/><F134/><W69/><G102/><T63/><D1/><U90/><E124/><V54/><F48/><W64/><G105/><T126/><D126/><U43/><E100/><V93/><REACH who="2" step="1"/><F103/><REACH who="2" ten="206,406,102,266" step="2"/><W130/><G127/><T110/><D110/><U81/><E49/><V37/><F37/><W113/><G5/><T72/><D72/><U23/><E7/><V65/><F65/><N who="3" m="41127" /><G3/><T62/><D63/><U44/><E0/><V85/><F85/><W107/><G75/><T46/><D84/><U89/><E112/><N who="3" m="43114" /><G74/><T17/><D17/><U22/><E115/><V128/><F128/><W2/><G2/><T135/><D135/><U108/><E87/><V59/><F59/><W8/><G130/><T77/><D77/><U15/><E108/><V19/><F19/><W11/><G107/><AGARI ba="1,2" hai="29,30,53,54,55,92,93,95,98,101,107,120,121,123" machi="107" ten="50,12000,1" yaku="1,1,29,2,52,2,53,0" doraHai="24" doraHaiUra="13" who="2" fromWho="3" sc="206,0,406,0,102,143,266,-123" /><INIT seed="2,2,0,0,4,75" ten="206,406,245,143" oya="2" hai0="57,1,110,130,113,97,126,106,13,91,62,87,55" hai1="18,66,107,135,116,108,54,100,39,88,31,103,81" hai2="115,133,52,80,32,53,3,122,98,64,28,73,93" hai3="49,84,124,7,22,25,79,70,109,99,72,119,69"/><V43/><F3/><W38/><G119/><T9/><D113/><U29/><E108/><V12/><F115/><W68/><G72/><T2/><D110/><U134/><E116/><V67/><F43/><W23/><G38/><T112/><D130/><U45/><E66/><V131/><F131/><W42/><G109/><T60/><D126/><U102/><E107/><V123/><F32/><W34/><G124/><T46/><D46/><U19/><E39/><V15/><F28/><N who="1" m="10825" /><E54/><V63/><F133/><N who="1" m="50697" /><E45/><V21/><F67/><W51/><G34/><T14/><D60/><U125/><E125/><V83/><F64/><W4/><G99/><T41/><D97/><U16/><E81/><V10/><F63/><W0/><G42/><T36/><D41/><U114/><E88/><V8/><F73/><W89/><G0/><T85/><D1/><U118/><E118/><V128/><F128/><W30/><G23/><T27/><D106/><U5/><E5/><V40/><F40/><W37/><G37/><T26/><D36/><U96/><E96/><V56/><F98/><W105/><G105/><T94/><D112/><AGARI ba="2,0" hai="16,18,19,100,102,103,112,114" m="50697,10825" machi="112" ten="40,8000,1" yaku="28,2,20,1,54,1" doraHai="75" who="1" fromWho="0" sc="206,-86,406,86,245,0,143,0" /><INIT seed="3,0,0,4,3,28" ten="120,492,245,143" oya="3" hai0="120,124,117,129,70,104,37,113,53,43,47,27,68" hai1="22,44,126,122,111,51,18,12,14,8,48,61,46" hai2="76,29,2,4,59,135,63,114,32,118,39,107,7" hai3="88,60,130,25,10,90,66,119,56,103,80,52,125"/><W75/><G119/><T36/><D104/><U106/><E122/><V99/><F59/><W94/><G130/><T0/><D117/><U42/><E111/><V128/><F76/><W23/><G125/><T89/><D0/><U49/><E126/><V112/><F63/><W26/><G75/><T116/><D124/><U57/><E106/><V55/><F55/><W91/><G10/><T115/><D116/><U34/><E34/><V65/><F65/><W108/><G108/><T101/><D101/><U72/><E72/><V81/><F81/><W20/><G66/><T38/><D89/><U21/><E21/><N who="3" m="8266" /><G80/><T96/><D96/><AGARI ba="0,0" hai="25,26,52,56,60,88,90,91,94,96,103" m="8266" machi="96" ten="30,5800,0" yaku="8,1,54,2" doraHai="28" who="3" fromWho="0" sc="120,-58,492,0,245,0,143,58" /><INIT seed="3,1,0,4,4,55" ten="62,492,245,201" oya="3" hai0="103,75,60,45,47,56,33,8,81,69,71,87,5" hai1="110,67,108,39,36,48,74,106,34,18,10,43,27" hai2="113,20,91,65,119,38,89,57,123,76,42,128,88" hai3="92,115,102,135,107,46,83,54,29,19,50,112,116"/><W78/><G116/><T49/><D75/><U32/><E74/><V77/><F119/><W105/><G135/><T17/><D33/><U15/><E106/><V59/><F113/><W117/><G117/><T109/><D109/><N who="1" m="42091" /><E67/><V132/><F132/><W124/><G124/><T99/><D71/><U0/><E0/><V12/><F128/><W6/><G29/><T30/><D5/><U62/><E62/><V95/><F38/><N who="1" m="14377" /><E27/><V98/><F42/><W131/><G6/><T7/><D7/><U63/><E63/><N who="2" m="38127" /><F59/><W53/><G131/><T24/><D69/><U3/><E3/><V40/><F40/><W84/><G54/><T31/><D8/><U25/><E25/><V79/><F123/><W22/><G112/><T70/><D70/><U134/><E134/><V23/><F12/><W114/><G114/><T21/><D47/><AGARI ba="1,0" hai="10,15,18,32,34,43,47,48" m="14377,42091" machi="47" ten="30,1000,0" yaku="14,1" doraHai="55" who="1" fromWho="0" sc="62,-13,492,13,245,0,201,0" owari="49,-45.1,505,60.5,245,4.5,201,-19.9" /></mjloggm>