<mjloggm ver="2.3"><GO type="225" lobby="0"/><UN n0="%4B%2E%32%2E%4B%2E" n1="%E7%B4%94%E6%BD%94%E3%83%94%E3%83%A9%E3%83%8B%E3%82%A2" n2="%E5%8D%A0%E3%81%84%E5%B8%AB%E8%A3%8F%E3%81%AA%E3%81%84%E3%81%97" n3="%E6%98%93%E5%88%A9%E8%96%A9%E4%BC%AF" dan="16,16,17,16" rate="2120.77,2131.62,2158.76,2037.37" sx="M,M,M,F"/><TAIKYOKU oya="0"/><INIT seed="0,0,0,4,4,73" ten="250,250,250,250" oya="0" hai0="18,37,47,10,60,68,72,32,15,44,69,41,74" hai1="91,109,122,99,124,97,86,20,94,127,114,11,63" hai2="105,23,6,25,126,92,53,14,87,85,81,77,78" hai3="5,116,36,42,31,2,61,79,0,4,27,130,33"/><T22/><D32/><U19/><E122/><V28/><F105/><W45/><G116/><T65/><D69/><U123/><E123/><V131/><F131/><W104/><G104/><T40/><REACH who="0" step="1"/><D22/><REACH who="0" ten="240,250,250,250" step="2"/><U83/><E20/><V93/><F126/><W3/><G130/><T120/><D120/><U119/><E124/><V58/><F6/><W118/><G118/><T111/><D111/><U133/><E109/><V84/><F14/><W66/><REACH who="3" step="1"/><G79/><REACH who="3" ten="240,250,250,240" step="2"/><N who="2" m="30217" /><F81/><W121/><G121/><T132/><D132/><U50/><E83/><V82/><F82/><W46/><G46/><T125/><D125/><U115/><E127/><V57/><F57/><AGARI ba="0,2" hai="0,2,3,4,5,27,31,33,36,42,45,57,61,66" machi="57" ten="40,1300,0" yaku="1,1,53,0" doraHai="73" doraHaiUra="17" who="3" fromWho="2" sc="240,0,250,0,250,-13,240,33" /><INIT seed="1,0,0,2,2,51" ten="240,250,237,273" oya="1" hai0="73,35,16,110,7,126,77,3,31,68,58,113,78" hai1="121,91,115,24,89,120,19,64,11,72,62,81,122" hai2="57,118,85,26,97,5,123,131,129,37,87,95,30" hai3="117,96,28,80,21,36,124,66,70,14,135,106,61"/><U29/><E115/><V6/><F118/><W98/><G117/><T101/><D68/><U71/><E19/><V0/><F37/><W34/><G135/><T107/><D113/><U46/><E11/><V23/><F123/><W54/><G36/><T74/><D110/><U69/><E69/><V102/><F0/><W133/><G133/><T119/><D119/><U33/><REACH who="1" step="1"/><E46/><REACH who="1" ten="240,240,237,273" step="2"/><V41/><F131/><W79/><G70/><T2/><D7/><U39/><E39/><V63/><F129/><W84/><G28/><T9/><D9/><U88/><E88/><V99/><F5/><W103/><G124/><T48/><D16/><U12/><E12/><V10/><F10/><W130/><G130/><T90/><D90/><U105/><E105/><V45/><F6/><W112/><G112/><T44/><D107/><U93/><E93/><V75/><F95/><W134/><G134/><T38/><D38/><U92/><E92/><V53/><F45/><W50/><G106/><T25/><D44/><U18/><E18/><V108/><F30/><W32/><G14/><T127/><D3/><U125/><E125/><N who="0" m="47625" /><D2/><U47/><E47/><V40/><F40/><W100/><G100/><T56/><D101/><U67/><E67/><V22/><F41/><W82/><G103/><T86/><D77/><AGARI ba="0,1" hai="24,29,33,62,64,71,72,77,81,89,91,120,121,122" machi="77" ten="40,12000,1" yaku="1,1,53,3" doraHai="51" doraHaiUra="116" who="1" fromWho="0" sc="240,-120,240,130,237,0,273,0" /><INIT seed="1,1,0,4,2,31" ten="120,370,237,273" oya="1" hai0="106,67,99,59,15,66,47,10,96,62,23,65,127" hai1="82,37,78,122,0,4,84,128,53,98,35,54,22" hai2="60,95,89,33,102,130,45,97,134,74,8,76,115" hai3="7,125,14,112,56,119,5,11,87,58,9,116,50"/><U43/><E122/><V79/><F130/><W51/><G112/><T126/><D106/><U39/><E128/><V86/><F115/><W70/><G70/><T12/><D23/><U30/><E0/><V105/><F134/><W49/><G125/><T113/><D113/><U41/><E4/><V131/><F131/><W93/><G93/><T121/><D121/><U48/><E22/><V25/><F8/><W111/><G111/><T17/><D47/><U28/><E98/><V2/><F2/><W19/><G87/><T133/><D133/><U1/><E1/><V91/><F45/><W55/><G58/><T109/><D109/><U108/><E108/><V61/><F91/><W83/><G83/><T38/><D38/><U103/><E103/><V34/><F76/><W85/><G85/><T44/><D44/><U120/><E120/><V117/><F25/><W13/><REACH who="3" step="1"/><G19/><REACH who="3" ten="120,370,237,263" step="2"/><T6/><D127/><U3/><E84/><V90/><F117/><AGARI ba="1,1" hai="5,7,9,11,13,14,49,50,51,55,56,116,117,119" machi="117" ten="40,8000,1" yaku="1,1,2,1,9,1,12,1,53,0" doraHai="31" doraHaiUra="68" who="3" fromWho="2" sc="120,0,370,0,237,-83,263,93" /><INIT seed="2,0,0,5,0,111" ten="120,370,154,356" oya="2" hai0="59,56,16,4,127,78,86,88,116,57,55,0,77" hai1="87,8,80,25,93,118,84,97,125,52,35,85,54" hai2="90,32,36,65,74,121,132,112,10,24,135,70,12" hai3="1,94,43,108,45,119,122,53,42,58,126,79,106"/><V47/><F121/><W67/><G106/><T39/><D39/><U18/><E118/><V30/><F74/><W34/><G34/><T11/><D116/><U81/><E125/><V13/><F65/><W61/><G1/><T68/><D68/><U100/><E35/><V31/><F70/><W113/><G119/><T2/><D127/><U130/><E130/><V60/><F60/><W63/><G126/><T124/><D124/><U83/><E25/><N who="2" m="18511" /><F90/><W22/><G108/><T89/><D0/><U107/><E107/><V117/><F117/><W73/><G122/><T28/><D28/><U19/><E8/><V115/><F47/><W48/><G113/><N who="2" m="43593" /><F36/><W91/><G63/><T62/><D89/><U3/><E3/><V102/><F102/><W105/><G105/><T37/><D37/><U14/><E14/><N who="2" m="5739" /><F10/><W5/><G79/><T17/><D59/><U114/><E114/><V103/><F103/><W128/><G73/><T41/><D41/><U131/><E131/><V50/><F50/><W49/><G128/><T51/><D78/><U92/><E92/><V21/><AGARI ba="0,0" hai="21,24,31,132,135" m="5739,43593,18511" machi="21" ten="30,12000,1" yaku="34,2,52,3" doraHai="111" who="2" fromWho="2" sc="120,-40,370,-40,154,120,356,-40" /><INIT seed="2,1,0,4,4,109" ten="80,330,274,316" oya="2" hai0="70,98,41,87,92,72,53,46,130,36,103,0,112" hai1="37,13,86,131,76,43,106,116,67,95,124,28,49" hai2="20,29,135,11,21,12,7,27,14,38,79,97,62" hai3="83,23,25,16,93,80,90,89,101,65,32,2,100"/><V51/><F38/><W15/><G2/><T94/><D130/><U48/><E106/><V117/><F117/><W119/><G119/><T107/><D70/><U102/><E131/><V99/><F135/><W19/><G65/><T91/><D0/><U59/><E37/><V74/><F74/><W132/><G132/><T77/><D53/><U3/><E3/><V128/><F128/><W10/><G32/><T18/><D18/><U69/><E69/><V118/><F79/><W110/><G110/><T133/><D133/><U105/><E105/><V78/><F78/><W113/><G113/><T30/><D30/><U120/><E28/><V35/><F118/><W88/><G93/><T42/><D42/><U82/><E13/><V126/><F126/><W104/><G104/><T58/><D58/><U68/><E68/><V108/><F108/><W57/><G57/><T55/><D55/><N who="1" m="32231" /><E124/><V134/><F134/><W31/><G31/><T75/><D75/><U122/><E67/><V56/><F51/><W63/><G63/><T129/><D129/><U66/><E66/><N who="2" m="39239" /><F35/><W73/><G73/><T4/><D4/><U115/><E115/><V60/><F60/><W71/><G71/><T54/><D54/><U44/><E116/><V52/><F52/><W40/><G40/><T123/><D112/><U64/><E64/><V84/><F84/><W96/><G96/><T121/><REACH who="0" step="1"/><D94/><REACH who="0" ten="70,330,274,316" step="2"/><U114/><E114/><V61/><F61/><W5/><G5/><T6/><D6/><U125/><E125/><V47/><F47/><W34/><G34/><T85/><D85/><U111/><E111/><RYUUKYOKU ba="1,1" sc="70,0,330,0,274,0,316,0" hai0="36,41,46,72,77,87,91,92,98,103,107,121,123" hai1="43,44,49,76,82,86,95,102,120,122" hai2="7,11,12,14,20,21,27,29,97,99" hai3="10,15,16,19,23,25,80,83,88,89,90,100,101" /><INIT seed="2,2,1,3,4,5" ten="70,330,274,316" oya="2" hai0="107,90,77,15,86,67,43,124,104,11,46,106,27" hai1="118,21,114,78,128,97,129,31,63,38,79,68,59" hai2="22,40,6,14,91,89,20,3,60,19,116,108,75" hai3="1,131,71,37,23,0,72,123,125,42,120,102,134"/><V66/><F116/><W8/><G102/><T103/><D124/><U41/><E68/><V96/><F75/><W24/><G71/><T18/><D67/><U85/><E114/><V115/><F115/><W126/><G72/><T130/><D130/><N who="1" m="50283" /><E118/><V94/><F40/><W29/><G131/><T61/><D61/><U109/><E109/><V64/><F108/><W98/><G98/><T74/><D27/><N who="1" m="16879" /><E85/><V135/><F135/><W49/><G49/><T54/><D54/><N who="1" m="34295" /><E97/><V36/><F36/><W2/><G134/><T4/><D77/><U81/><E81/><V58/><F64/><W93/><G93/><T110/><D74/><U34/><E34/><V101/><REACH who="2" step="1"/><F20/><REACH who="2" ten="70,330,264,316" step="2"/><W52/><G42/><T99/><D110/><U16/><E41/><V57/><F57/><W111/><G37/><T12/><D43/><U51/><E38/><V28/><F28/><W112/><G111/><T30/><D46/><U50/><E79/><V92/><F92/><W122/><G112/><T83/><REACH who="0" step="1"/><D30/><REACH who="0" ten="60,330,264,316" step="2"/><U17/><E78/><V56/><F56/><W127/><G52/><T32/><D32/><U73/><E73/><V76/><F76/><W87/><G125/><T100/><D100/><U35/><E35/><V88/><F88/><W80/><G126/><T55/><D55/><U13/><E51/><V44/><F44/><W113/><G127/><T65/><D65/><U95/><E50/><V119/><F119/><W82/><G113/><T45/><D45/><U53/><E53/><V48/><F48/><W26/><G29/><T25/><D25/><U84/><E95/><V47/><F47/><RYUUKYOKU ba="2,3" sc="60,15,330,-15,264,15,316,-15" hai0="4,11,12,15,18,83,86,90,99,103,104,106,107" hai2="3,6,14,19,22,58,60,66,89,91,94,96,101" /><INIT seed="2,3,3,3,1,3" ten="75,315,279,301" oya="2" hai0="133,112,32,67,39,29,35,99,131,134,19,94,53" hai1="2,120,116,84,70,40,49,23,106,81,64,111,11" hai2="117,83,16,27,33,17,21,75,74,86,54,41,109" hai3="100,107,82,135,121,113,68,119,56,80,97,45,7"/><V25/><F117/><W87/><G68/><T47/><D112/><U110/><E116/><V14/><F41/><W57/><G119/><T85/><D67/><U95/><E106/><V125/><F125/><W77/><G121/><T63/><D131/><U66/><E95/><V69/><F69/><W93/><G135/><N who="0" m="51723" /><D85/><U114/><E23/><V18/><F109/><N who="1" m="41481" /><E70/><V71/><F71/><W124/><G124/><T89/><D29/><U1/><E114/><V20/><F33/><N who="0" m="12874" /><D19/><U126/><E120/><V13/><F54/><W98/><G113/><T101/><D101/><U28/><E28/><N who="2" m="17447" /><F74/><W34/><G34/><T0/><D0/><U8/><E2/><V4/><F75/><W123/><G123/><T78/><D78/><N who="1" m="46135" /><E1/><V5/><F14/><W92/><G107/><T127/><D127/><U115/><E115/><V38/><F38/><W132/><G132/><T58/><D39/><U90/><E90/><N who="2" m="51551" /><F13/><W9/><G82/><T44/><AGARI ba="3,3" hai="44,47,53,58,63,89,94,99" m="12874,51723" machi="44" ten="40,1500,0" yaku="20,1" doraHai="3" who="0" fromWho="0" sc="75,54,315,-7,279,-10,301,-7" /><INIT seed="3,0,0,2,3,134" ten="129,308,269,294" oya="3" hai0="3,7,125,12,111,9,6,93,135,52,130,102,83" hai1="105,67,99,29,45,126,38,69,53,108,41,48,115" hai2="120,74,23,8,106,131,80,34,40,124,47,59,77" hai3="2,122,0,104,15,18,55,97,71,70,107,91,76"/><W89/><G122/><T32/><D135/><U85/><E126/><V49/><F131/><W118/><G118/><T101/><D130/><U42/><E115/><V62/><F120/><W13/><G76/><T94/><D32/><U72/><E72/><V112/><F34/><W100/><G55/><T116/><D116/><U58/><E42/><V87/><F112/><W30/><G30/><T50/><D111/><U84/><E29/><V88/><F106/><W35/><G35/><T82/><D3/><U37/><E38/><V21/><F8/><W14/><G18/><T64/><D64/><U63/><E108/><V109/><F124/><W129/><G129/><T90/><D6/><U11/><E11/><V26/><F109/><W33/><G33/><T27/><D27/><U65/><E67/><V5/><F5/><W92/><G92/><T123/><D123/><U16/><E16/><N who="2" m="12583" /><F74/><W73/><G73/><T79/><D125/><U31/><E31/><V25/><F77/><W57/><G57/><T43/><D43/><U121/><E121/><V4/><F4/><W117/><G117/><T46/><D79/><U127/><E127/><V17/><F59/><W22/><G22/><T113/><D113/><U96/><E105/><N who="3" m="40522" /><G100/><T61/><D61/><AGARI ba="0,0" hai="17,23,25,40,47,49,61,62,80,87,88" m="12583" machi="61" ten="30,3900,0" yaku="8,1,54,2" doraHai="134" who="2" fromWho="0" sc="129,-39,308,0,269,39,294,0" owari="90,-41.0,308,40.8,308,10.8,294,-10.6" /></mjloggm>