<mjloggm ver="2.3"><GO type="225" lobby="0"/><UN n0="%E3%81%82%E3%81%99%E3%81%AB%E3%82%83%E3%82%80" n1="%E7%89%B9%E6%9D%B1%E3%81%AF%E4%B8%96%E7%95%8C%E3%82%92%E6%95%91%E3%81%86" n2="%E3%81%AF%E3%81%BE%E3%81%A1%E3%83%AA%E3%83%BC%E3%82%B0" n3="%E3%81%A1%E3%82%85%E3%81%86%E3%81%A9%E3%81%8F%E8%B1%A1%E3%81%95%E3%82%93" dan="16,16,16,17" rate="2019.66,2155.64,2038.58,2180.40" sx="F,M,M,M"/><TAIKYOKU oya="0"/><INIT seed="0,0,0,2,3,100" ten="250,250,250,250" oya="0" hai0="78,107,131,102,97,72,114,59,77,126,11,30,87" hai1="16,89,92,110,67,20,82,104,45,6,91,116,94" hai2="128,64,10,132,108,65,57,134,50,75,13,21,43" hai3="29,71,46,84,129,7,14,83,55,61,66,32,74"/><T118/><D30/><U88/><E116/><V31/><F75/><W38/><G74/><T120/><D118/><U135/><E104/><V103/><F108/><W28/><G129/><T125/><D131/><U113/><E110/><V56/><F128/><W54/><G32/><T127/><D114/><U8/><E135/><N who="2" m="51755" /><F103/><W86/><G86/><T98/><D120/><U101/><E113/><V124/><F124/><W62/><G54/><T68/><D68/><U39/><E67/><N who="2" m="25675" /><F43/><W27/><G38/><T109/><D109/><U119/><E119/><V105/><F50/><W1/><G1/><T42/><D42/><U133/><E133/><V44/><F44/><W117/><G117/><T90/><D59/><U2/><E101/><V79/><F79/><W12/><G7/><T69/><D69/><U73/><E39/><V23/><F105/><W76/><G28/><T48/><D48/><U85/><E73/><V24/><F23/><W51/><REACH who="3" step="1"/><G61/><REACH who="3" ten="250,250,250,240" step="2"/><T58/><D72/><U4/><E4/><AGARI ba="0,1" hai="4,10,13,21,24,31,56,57" m="25675,51755" machi="4" ten="30,1000,0" yaku="20,1" doraHai="100" who="2" fromWho="1" sc="250,0,250,-10,250,20,240,0" /><INIT seed="1,0,0,0,4,132" ten="250,240,270,240" oya="1" hai0="76,57,125,115,117,32,18,22,9,128,33,102,90" hai1="106,122,95,104,41,56,75,109,67,80,86,31,30" hai2="53,25,119,49,129,0,5,59,112,38,60,66,51" hai3="2,83,99,126,98,101,52,58,55,1,97,77,20"/><U45/><E122/><V15/><F0/><W88/><G101/><T17/><D115/><U64/><E75/><V61/><F119/><W105/><G105/><T133/><D102/><U96/><E106/><V40/><F112/><W4/><G126/><T74/><D133/><U10/><E104/><V111/><F25/><W79/><G20/><T63/><D117/><U19/><E109/><V127/><F15/><W7/><G98/><T28/><D128/><U65/><E56/><N who="2" m="37127" /><F5/><W72/><G58/><T108/><D108/><U42/><E19/><V78/><F78/><W68/><G83/><T120/><D125/><U71/><E10/><V82/><F82/><W93/><G93/><T121/><D76/><N who="1" m="46343" /><E71/><V130/><F111/><W48/><G48/><N who="2" m="18505" /><F127/><W29/><G29/><N who="1" m="10762" /><E45/><AGARI ba="0,0" hai="38,40,45,53,59,61,129,130" m="18505,37127" machi="45" ten="30,2000,0" yaku="34,2" doraHai="132" who="2" fromWho="1" sc="250,0,240,-20,270,20,240,0" /><INIT seed="2,0,0,5,2,73" ten="250,220,290,240" oya="2" hai0="127,69,95,23,63,132,116,90,68,54,50,135,121" hai1="109,108,104,12,8,43,38,61,79,100,1,40,52" hai2="66,47,58,22,62,112,72,11,119,20,82,77,31" hai3="89,34,114,21,18,133,118,106,110,5,78,71,2"/><V7/><F112/><W53/><G118/><T15/><D116/><U111/><E1/><V70/><F119/><W41/><G34/><T101/><D101/><U37/><E100/><V84/><F31/><W49/><G71/><T42/><D121/><U107/><E79/><V44/><F70/><W30/><G41/><N who="1" m="15946" /><E12/><V56/><F56/><W45/><G30/><T98/><D42/><U80/><E80/><V36/><F36/><N who="1" m="13929" /><E8/><V97/><F97/><W39/><G39/><T13/><D13/><U85/><E85/><V134/><F134/><W129/><G133/><N who="0" m="51275" /><D127/><U130/><E130/><V93/><F22/><W102/><G5/><T55/><D15/><U46/><E61/><V51/><F20/><W3/><G21/><T27/><D27/><U103/><E103/><V105/><F105/><N who="1" m="40521" /><E52/><N who="2" m="29799" /><F84/><W48/><G102/><T94/><D23/><U32/><E46/><V4/><F47/><W126/><G45/><N who="0" m="27983" /><D94/><U123/><E123/><V67/><F93/><W28/><G106/><T115/><D115/><U17/><E17/><V29/><F72/><W24/><G114/><T83/><D83/><U113/><E113/><V16/><F82/><W99/><G2/><T19/><D19/><U91/><E91/><V14/><F29/><W35/><G18/><T88/><D90/><U75/><E75/><V92/><F92/><W124/><G3/><T64/><D69/><U122/><E122/><V60/><F77/><W117/><G129/><T131/><D55/><U25/><E25/><V33/><F33/><AGARI ba="0,0" hai="32,33,108,109,111" m="40521,13929,15946" machi="33" ten="40,5200,0" yaku="28,2,14,1" doraHai="73" who="1" fromWho="2" sc="250,0,220,52,290,-52,240,0" /><INIT seed="3,0,0,0,5,94" ten="250,272,238,240" oya="3" hai0="67,24,70,93,43,22,34,30,14,108,73,88,126" hai1="31,80,23,135,26,8,113,118,63,6,9,83,101" hai2="57,16,134,38,78,129,51,132,114,77,64,123,17" hai3="33,49,125,20,46,45,25,41,0,61,106,36,124"/><W122/><G106/><T97/><D108/><U18/><E113/><V105/><F114/><W90/><G122/><T53/><D73/><U27/><E135/><N who="2" m="51755" /><F38/><W119/><G119/><T99/><D43/><U74/><E118/><V117/><F117/><W39/><G0/><T68/><D126/><N who="3" m="48745" /><G33/><T7/><D34/><U13/><E74/><V54/><F129/><W133/><G133/><T71/><D53/><U15/><E101/><V107/><F123/><W47/><G61/><T28/><D28/><U5/><REACH who="1" step="1"/><E63/><REACH who="1" ten="250,262,238,240" step="2"/><N who="2" m="37999" /><F107/><W110/><G110/><T60/><REACH who="0" step="1"/><D99/><REACH who="0" ten="240,262,238,240" step="2"/><U82/><E82/><V75/><F75/><W48/><G36/><T120/><D120/><U96/><E96/><V84/><F84/><W72/><G72/><T100/><D100/><U69/><E69/><V37/><F37/><W103/><G103/><T10/><AGARI ba="0,2" hai="7,10,14,22,24,30,60,67,68,70,71,88,93,97" machi="10" ten="30,7900,0" yaku="1,1,0,1,52,1,54,1,53,0" doraHai="94" doraHaiUra="104" who="0" fromWho="0" sc="240,99,262,-20,238,-20,240,-39" owari="339,43.9,242,4.2,218,-18.2,201,-29.9" /></mjloggm>