<mjloggm ver="2.3"><GO type="225" lobby="0"/><UN n0="%E3%81%B5%E3%81%98%E3%81%8B%E3%81%A4" n1="%68%6F%72%69%30%39%30%31" n2="%E3%81%99%E3%81%84%E3%81%BE%E3%81%9B%E3%83%BC%E3%82%93" n3="%E3%80%93%E3%81%97%E3%83%BC%E3%82%89%E3%80%93" dan="16,16,17,16" rate="2215.33,2112.99,2228.43,2074.02" sx="M,F,M,M"/><TAIKYOKU oya="0"/><INIT seed="0,0,0,2,4,42" ten="250,250,250,250" oya="0" hai0="49,123,41,78,3,13,4,31,65,97,14,7,32" hai1="114,79,56,89,6,80,26,5,120,105,94,70,19" hai2="119,115,8,77,9,67,83,58,91,18,75,111,33" hai3="92,113,1,59,88,29,126,130,34,21,81,43,104"/><T60/><D123/><U16/><E105/><V52/><F115/><W48/><G104/><T11/><D78/><U124/><E70/><V66/><F33/><W25/><G1/><T17/><D97/><U72/><E114/><V44/><F111/><W51/><G113/><T117/><D117/><U96/><E120/><V82/><F119/><W45/><G126/><T0/><D41/><U76/><E76/><V107/><F107/><W125/><G125/><T131/><D49/><U57/><E124/><V37/><F37/><W73/><G130/><T30/><D60/><U98/><E98/><V86/><F44/><W53/><G73/><T118/><D65/><U27/><E27/><V54/><F54/><W132/><G132/><T64/><D64/><U61/><E56/><V12/><REACH who="2" step="1"/><F8/><REACH who="2" ten="250,250,240,250" step="2"/><W28/><G34/><T116/><D131/><U69/><E69/><V102/><F102/><W40/><G40/><T133/><D133/><U22/><REACH who="1" step="1"/><E19/><REACH who="1" ten="250,240,240,250" step="2"/><V2/><F2/><N who="0" m="554" /><D118/><U10/><E10/><V103/><F103/><W121/><G121/><T24/><D116/><U112/><E112/><V108/><F108/><W50/><G29/><N who="0" m="19495" /><D4/><U128/><E128/><V134/><F134/><W100/><G100/><T63/><D63/><AGARI ba="0,2" hai="9,12,18,52,58,63,66,67,75,77,82,83,86,91" machi="63" ten="30,7700,0" yaku="1,1,7,1,54,1,53,1" doraHai="42" doraHaiUra="74" who="2" fromWho="0" sc="250,-77,240,0,240,97,250,0" /><INIT seed="1,0,0,3,1,46" ten="173,240,337,250" oya="1" hai0="35,55,49,47,70,0,127,27,33,51,114,72,77" hai1="97,62,113,83,56,18,6,45,59,66,40,107,135" hai2="117,75,102,94,121,15,24,112,80,74,73,119,54" hai3="105,91,104,96,41,53,133,48,29,17,68,26,122"/><U3/><E113/><V2/><F2/><W99/><G68/><T106/><D114/><U12/><E135/><V76/><F112/><W1/><G1/><T132/><D106/><U11/><E83/><V78/><F15/><W60/><G133/><T36/><D132/><U108/><E108/><V64/><F24/><W10/><G122/><T42/><D0/><U93/><E107/><V16/><F16/><W109/><G109/><T22/><D70/><U120/><E120/><V89/><F54/><W125/><G125/><T5/><D127/><U126/><E126/><V82/><F64/><W50/><G41/><T129/><D129/><U7/><E59/><V81/><F102/><W92/><G105/><T101/><D101/><U9/><E9/><V115/><F115/><W65/><G104/><T44/><D5/><U4/><E3/><V85/><F121/><W71/><G99/><T103/><D103/><U19/><E19/><V31/><F31/><W134/><G53/><T69/><D69/><U88/><REACH who="1" step="1"/><E4/><REACH who="1" ten="173,230,337,250" step="2"/><V79/><AGARI ba="0,1" hai="73,74,75,76,78,79,80,81,82,85,89,94,117,119" machi="79" ten="40,12000,2" yaku="0,1,29,2,34,3" doraHai="46" who="2" fromWho="2" sc="173,-30,230,-60,337,130,250,-30" /><INIT seed="2,0,0,0,1,113" ten="143,170,467,220" oya="2" hai0="64,2,60,81,77,7,13,115,111,62,67,14,23" hai1="63,107,31,120,10,25,102,28,39,48,21,51,61" hai2="30,20,134,1,127,86,103,72,0,11,93,40,109" hai3="108,56,128,3,94,83,54,84,119,104,4,45,16"/><V133/><F72/><W101/><G104/><T19/><D115/><U8/><E39/><V79/><F127/><W88/><G108/><T74/><D111/><U76/><E76/><V125/><F125/><W34/><G119/><T110/><D2/><U69/><E120/><V135/><F109/><W73/><G34/><T32/><D32/><U85/><E85/><V99/><F40/><W90/><G101/><T58/><D110/><U50/><E31/><V35/><F35/><W131/><G45/><T47/><D47/><U43/><E43/><V95/><F11/><W17/><G73/><T96/><D96/><U126/><E126/><V97/><F86/><N who="3" m="50271" /><G4/><T6/><REACH who="0" step="1"/><D13/><REACH who="0" ten="133,170,467,220" step="2"/><U59/><E69/><AGARI ba="0,1" hai="6,7,14,19,23,58,60,62,64,67,69,74,77,81" machi="69" ten="30,3900,0" yaku="1,1,2,1,7,1,53,0" doraHai="113" doraHaiUra="36" who="0" fromWho="1" sc="133,49,170,-39,467,0,220,0" /><INIT seed="3,0,0,3,1,98" ten="182,131,467,220" oya="3" hai0="59,89,43,38,104,11,102,47,129,133,108,40,50" hai1="107,49,42,88,58,51,132,2,28,125,20,41,83" hai2="21,60,0,18,12,76,110,7,122,79,126,90,135" hai3="120,25,96,29,91,10,66,105,56,134,44,87,114"/><W37/><G10/><T106/><D108/><U77/><E2/><V64/><F110/><W9/><G9/><T16/><D133/><U84/><E107/><V36/><F126/><W63/><G44/><T130/><D89/><U46/><E125/><V94/><F36/><W3/><G37/><T82/><D82/><U34/><E34/><V45/><F135/><W23/><G3/><T19/><D106/><U48/><E132/><V4/><F45/><W57/><G57/><T15/><D43/><U69/><E69/><V86/><F122/><W80/><G91/><T73/><D73/><U39/><E41/><V113/><F113/><W119/><G105/><T32/><D32/><U95/><E58/><N who="2" m="36887" /><F0/><W55/><G56/><T54/><D19/><U118/><E118/><V121/><F121/><W103/><G120/><T72/><D72/><U75/><E39/><V93/><F93/><W6/><G119/><T131/><D104/><U26/><REACH who="1" step="1"/><E75/><REACH who="1" ten="182,121,467,220" step="2"/><V112/><F112/><W99/><G114/><T81/><D38/><U116/><E116/><V53/><F53/><W62/><G55/><T70/><D54/><U127/><E127/><V85/><F79/><W31/><G134/><T8/><D40/><U27/><E27/><V5/><F76/><W124/><G25/><T22/><D131/><U52/><E52/><V24/><F24/><W67/><G124/><T68/><D68/><U30/><E30/><V92/><F86/><W35/><G87/><T61/><D70/><U71/><E71/><V101/><F85/><W109/><G31/><T111/><D130/><U74/><AGARI ba="0,1" hai="20,26,28,42,46,48,49,51,74,77,83,84,88,95" machi="74" ten="20,8000,1" yaku="1,1,5,1,0,1,7,1,54,1,53,0" doraHai="98" doraHaiUra="100" who="1" fromWho="1" sc="182,-20,121,90,467,-20,220,-40" owari="162,-33.8,211,1.1,447,54.7,180,-22.0" /></mjloggm>