<mjloggm ver="2.3"><GO type="225" lobby="0"/><UN n0="%E3%81%B5%E3%81%98%E3%81%8B%E3%81%A4" n1="%E3%81%BF%E3%81%BF%E3%81%9A" n2="%E3%81%99%E3%81%84%E3%81%BE%E3%81%9B%E3%83%BC%E3%82%93" n3="%E7%99%BD%E6%97%A5%E9%9B%AA%E8%8F%9C" dan="16,16,17,17" rate="2138.71,2145.23,2253.78,2244.70" sx="M,M,M,M"/><TAIKYOKU oya="0"/><INIT seed="0,0,0,5,5,77" ten="250,250,250,250" oya="0" hai0="7,120,81,27,19,130,17,132,89,92,100,36,113" hai1="10,117,59,86,96,122,40,11,80,31,129,41,110" hai2="38,37,22,16,9,131,61,48,71,55,105,69,49" hai3="63,79,128,1,93,25,133,127,97,104,78,109,124"/><T21/><D120/><U74/><E117/><V52/><F105/><W50/><G1/><T83/><D113/><U53/><E74/><V39/><F131/><W99/><G128/><T57/><D130/><U44/><E122/><V125/><F125/><N who="3" m="48203" /><G109/><T91/><D132/><U12/><E110/><V76/><F76/><N who="3" m="29227" /><G104/><T103/><D36/><U116/><E116/><V23/><F9/><W73/><G73/><T8/><D57/><U13/><E31/><V67/><F71/><W62/><G133/><T54/><D54/><U45/><E129/><V95/><F95/><W87/><G50/><T58/><D58/><U111/><E96/><N who="3" m="36938" /><G25/><T14/><D7/><U4/><E111/><V114/><F114/><W56/><G56/><T118/><D118/><U82/><E86/><V20/><F49/><W126/><G126/><T51/><D51/><N who="1" m="31167" /><E45/><V88/><F55/><W2/><G2/><T24/><D24/><U35/><E35/><V135/><F135/><W75/><G75/><T94/><D94/><U64/><E44/><N who="2" m="27655" /><F39/><W47/><G47/><T18/><D18/><N who="1" m="8471" /><E64/><V28/><F38/><W30/><G30/><T42/><D42/><AGARI ba="0,0" hai="4,11,13,40,41,42,80,82" m="8471,31167" machi="42" ten="30,3900,0" yaku="8,1,52,2" doraHai="77" who="1" fromWho="0" sc="250,-39,250,39,250,0,250,0" /><INIT seed="1,0,0,4,5,28" ten="211,289,250,250" oya="1" hai0="86,88,135,81,68,96,101,43,36,106,90,22,130" hai1="37,30,17,69,120,116,26,111,34,18,122,33,94" hai2="25,4,53,79,71,113,9,99,6,134,126,7,105" hai3="35,49,57,64,39,92,56,98,38,20,124,127,65"/><U11/><E37/><N who="3" m="13834" /><G20/><T66/><D135/><U85/><E69/><V27/><F134/><W45/><G35/><N who="1" m="13322" /><E94/><V60/><F126/><N who="3" m="48171" /><G92/><T123/><D130/><U15/><E85/><V58/><F113/><W19/><G19/><N who="1" m="7178" /><E116/><V95/><F105/><W102/><G98/><T91/><D123/><U59/><E59/><N who="3" m="22602" /><G102/><T44/><REACH who="0" step="1"/><D22/><REACH who="0" ten="201,289,250,250" step="2"/><N who="1" m="15703" /><E111/><V23/><F23/><W14/><G14/><T114/><D114/><U108/><E108/><V3/><F27/><W117/><G117/><T5/><D5/><AGARI ba="0,1" hai="5,11,15,120,122" m="15703,7178,13322" machi="5" ten="30,12000,1" yaku="34,2,52,3" doraHai="28" who="1" fromWho="0" sc="201,-120,289,130,250,0,250,0" /><INIT seed="1,1,0,0,4,25" ten="81,419,250,250" oya="1" hai0="114,61,93,73,20,125,75,55,45,90,132,6,91" hai1="19,41,4,98,96,131,34,112,9,97,8,87,111" hai2="124,30,26,117,56,5,81,105,69,110,32,76,78" hai3="46,47,100,68,89,99,77,54,103,38,42,17,120"/><U49/><E112/><V80/><F117/><W10/><G120/><T58/><D114/><U94/><E34/><V128/><F69/><W40/><G68/><T52/><D125/><U133/><E131/><V44/><F105/><W108/><G108/><T130/><D132/><U2/><E133/><V12/><F110/><W109/><G109/><T3/><D130/><U106/><E111/><V92/><F124/><W22/><G77/><T71/><D71/><U1/><E106/><V33/><F33/><W29/><G54/><T23/><D3/><U127/><E127/><V95/><F44/><W0/><G89/><T63/><D6/><U59/><E59/><V57/><F128/><W121/><G121/><T74/><D45/><U37/><E49/><V84/><F57/><W13/><G99/><T72/><N who="0" m="18432" /><DORA hai="36" /><T79/><D79/><U21/><E41/><V50/><F50/><W48/><G0/><T11/><D11/><U86/><E37/><V14/><F56/><W126/><G126/><T27/><D63/><U70/><E70/><V85/><F12/><W129/><G129/><T65/><D93/><U35/><E35/><V53/><F53/><W43/><G42/><T31/><D23/><U66/><E66/><V116/><F116/><W123/><G123/><T16/><D31/><U118/><E94/><V60/><F60/><W122/><G122/><T62/><REACH who="0" step="1"/><D55/><REACH who="0" ten="71,419,250,250" step="2"/><U64/><E2/><V7/><F7/><W119/><G119/><T107/><D107/><U101/><E118/><V115/><F115/><W88/><G46/><T83/><D83/><U134/><E4/><RYUUKYOKU ba="1,1" sc="71,15,419,-15,250,15,250,-15" hai0="16,20,27,52,58,61,62,65,90,91" hai2="5,14,26,30,32,76,78,80,81,84,85,92,95" /><INIT seed="2,2,1,2,5,116" ten="86,404,265,235" oya="2" hai0="129,126,50,18,90,29,42,19,56,107,33,22,64" hai1="97,70,7,47,69,17,9,49,127,4,111,73,52" hai2="30,93,54,27,89,0,35,65,131,100,109,130,59" hai3="115,45,5,58,119,96,102,57,3,104,38,108,40"/><V112/><F112/><W95/><G119/><T25/><D107/><U103/><E73/><V6/><F65/><W132/><G108/><T26/><D126/><U63/><E111/><V2/><F100/><W8/><G132/><T113/><D113/><U106/><E127/><V10/><F0/><W85/><G115/><T34/><D129/><U11/><E17/><V39/><F39/><W110/><G110/><T88/><D64/><U79/><E79/><V121/><F121/><W21/><G21/><T48/><D56/><U55/><E55/><V133/><F133/><W81/><REACH who="3" step="1"/><G104/><REACH who="3" ten="86,404,265,225" step="2"/><T1/><D22/><U124/><E124/><V98/><REACH who="2" step="1"/><F109/><REACH who="2" ten="86,404,255,225" step="2"/><W120/><G120/><T28/><REACH who="0" step="1"/><D1/><REACH who="0" ten="76,404,255,225" step="2"/><U83/><E106/><V68/><F68/><W76/><AGARI ba="2,4" hai="3,5,8,38,40,45,57,58,76,81,85,95,96,102" machi="76" ten="20,2700,0" yaku="1,1,0,1,7,1,53,0" doraHai="116" doraHaiUra="61" who="3" fromWho="3" sc="76,-9,404,-9,255,-15,225,73" /><INIT seed="3,0,0,1,2,93" ten="67,395,240,298" oya="3" hai0="82,63,35,92,101,120,13,86,100,94,83,103,131" hai1="32,34,113,26,1,68,121,59,9,124,52,22,51" hai2="114,67,70,88,104,30,69,49,79,73,115,85,75" hai3="123,128,43,50,97,20,58,98,112,108,54,95,46"/><W125/><G112/><T80/><D35/><U117/><E113/><V133/><F104/><W45/><G123/><T89/><D120/><U66/><E121/><V64/><F133/><W42/><G125/><T109/><D109/><U87/><E124/><V33/><F49/><N who="3" m="26807" /><G128/><T122/><D122/><U8/><E117/><V116/><F116/><W127/><G127/><T107/><D107/><U91/><E1/><V23/><F33/><W38/><G38/><T102/><D63/><U16/><E34/><V12/><F79/><W7/><G108/><T44/><D13/><U4/><E32/><V106/><F106/><W41/><G7/><T99/><D44/><N who="1" m="27751" /><E4/><V118/><F118/><W21/><G95/><N who="0" m="36395" /><D99/><N who="3" m="37897" /><G46/><T130/><D89/><U72/><E72/><V24/><F75/><W132/><G132/><T57/><D57/><U47/><E47/><V27/><F73/><W25/><G20/><T18/><D18/><AGARI ba="0,0" hai="18,21,25,41,43,50,54,58" m="37897,26807" machi="18" ten="30,11600,0" yaku="8,1,52,3" doraHai="93" who="3" fromWho="0" sc="67,-116,395,0,240,0,298,116" owari="-49,-54.9,395,19.5,240,-16.0,414,51.4" /></mjloggm>