<mjloggm ver="2.3"><GO type="225" lobby="0"/><UN n0="%E7%89%B9%E6%9D%B1%E3%81%AF%E4%B8%96%E7%95%8C%E3%82%92%E6%95%91%E3%81%86" n1="%E7%BD%AA%E5%88%91%E6%B3%95%E5%AE%9A%E4%B8%BB%E7%BE%A9" n2="%72%65%6E%6B%75%6E" n3="%E5%B8%86%E7%AB%8B%E5%A4%8F%E8%A1%A3" dan="16,16,17,17" rate="2120.62,2161.99,2213.25,2165.15" sx="M,M,M,M"/><TAIKYOKU oya="0"/><INIT seed="0,0,0,4,2,135" ten="250,250,250,250" oya="0" hai0="91,60,42,107,77,78,48,40,53,114,116,29,51" hai1="120,9,45,2,36,125,33,106,35,123,79,38,126" hai2="21,41,110,8,124,58,10,73,24,69,7,99,18" hai3="11,46,88,71,66,89,68,47,76,133,130,74,113"/><T13/><BYE who="2" /><D114/><UN n2="%72%65%6E%6B%75%6E" /><U84/><E106/><V61/><F61/><BYE who="2" /><W101/><G113/><T104/><D116/><U122/><E84/><UN n2="%72%65%6E%6B%75%6E" /><V49/><F49/><W102/><G133/><T14/><D60/><U83/><E83/><V93/><F69/><W15/><G76/><T98/><D29/><U22/><E79/><V20/><F73/><W111/><G15/><T95/><D95/><U70/><E22/><V12/><F110/><W90/><G90/><T54/><D91/><U37/><E45/><V39/><F58/><W97/><G130/><T87/><REACH who="0" step="1"/><D87/><REACH who="0" ten="240,250,250,250" step="2"/><U128/><E128/><V115/><F115/><W57/><G88/><T55/><D55/><U3/><E70/><V131/><F131/><W59/><G89/><T64/><D64/><U119/><E119/><V67/><F67/><W92/><G66/><T0/><D0/><N who="1" m="43" /><E9/><V132/><F8/><W85/><G11/><T17/><D17/><U112/><E112/><V117/><F117/><W31/><G85/><T32/><D32/><AGARI ba="0,1" hai="32,33,35,36,37,38,120,122,123,125,126" m="43" machi="32" ten="50,12000,2" yaku="28,2,31,2,52,2" doraHai="135" who="1" fromWho="0" sc="240,-120,250,130,250,0,250,0" /><INIT seed="1,0,0,0,1,15" ten="120,380,250,250" oya="1" hai0="58,83,65,107,77,39,96,74,101,129,53,55,18" hai1="114,102,109,113,124,30,21,10,16,68,128,130,35" hai2="106,20,36,88,112,67,48,47,131,27,12,46,56" hai3="75,50,99,72,62,11,45,76,31,95,61,8,84"/><U54/><E68/><V103/><F112/><N who="1" m="43113" /><E54/><V108/><F108/><W60/><G31/><T26/><D39/><U37/><E37/><V17/><F131/><N who="1" m="50217" /><E102/><V125/><F125/><W134/><G134/><T86/><D129/><U98/><E98/><V110/><F110/><W24/><G24/><T120/><D120/><U69/><E69/><V64/><F103/><N who="3" m="60927" /><G75/><T19/><D74/><U116/><E109/><V9/><F106/><W51/><G72/><T44/><D26/><N who="1" m="18903" /><E124/><V43/><F56/><W93/><G51/><T4/><D4/><U38/><E38/><V28/><REACH who="2" step="1"/><F88/><REACH who="2" ten="120,380,240,250" step="2"/><N who="3" m="53383" /><G76/><T42/><D65/><U6/><E116/><V127/><F127/><W100/><G100/><T25/><D25/><U0/><E21/><V7/><F7/><W132/><G132/><T135/><D135/><U29/><E29/><V40/><AGARI ba="0,1" hai="9,12,17,20,27,28,36,40,43,46,47,48,64,67" machi="40" ten="20,5200,0" yaku="1,1,0,1,7,1,52,1,53,0" doraHai="15" doraHaiUra="92" who="2" fromWho="2" sc="120,-13,380,-26,240,62,250,-13" /><INIT seed="2,0,0,4,5,110" ten="107,354,302,237" oya="2" hai0="15,94,99,90,59,87,108,72,74,16,43,21,135" hai1="70,13,58,2,116,57,32,11,111,97,80,65,83" hai2="50,23,38,91,109,104,82,4,40,54,107,55,31" hai3="12,120,86,8,118,3,106,46,105,103,113,61,114"/><V88/><F109/><W56/><G118/><T98/><D135/><U18/><E111/><V39/><F4/><W119/><G120/><T47/><D108/><U95/><E116/><V102/><F102/><W129/><G129/><T133/><D133/><U0/><E32/><V79/><F31/><W128/><G128/><T9/><D98/><U33/><E33/><V121/><F23/><W131/><G3/><T34/><D34/><U64/><E70/><V22/><F22/><W81/><G46/><T68/><D68/><U10/><E58/><V52/><F121/><W100/><G131/><T123/><D123/><U77/><E83/><V17/><F17/><N who="3" m="8327" /><G106/><T92/><D59/><U42/><E42/><V30/><F30/><W125/><G125/><T14/><D14/><U93/><E93/><V69/><F69/><W19/><G19/><T85/><D9/><U37/><E37/><V45/><F39/><W75/><G75/><T29/><D29/><U96/><E96/><V78/><F38/><W66/><G105/><T73/><REACH who="0" step="1"/><D92/><REACH who="0" ten="97,354,302,237" step="2"/><U27/><E95/><V134/><F134/><W5/><G119/><T36/><AGARI ba="0,1" hai="15,16,21,36,43,47,72,73,74,85,87,90,94,99" machi="36" ten="30,8000,1" yaku="1,1,2,1,0,1,54,1,53,1" doraHai="110" doraHaiUra="89" who="0" fromWho="0" sc="97,90,354,-20,302,-40,237,-20" /><INIT seed="3,0,0,4,2,52" ten="187,334,262,217" oya="3" hai0="0,77,79,15,65,63,88,87,26,10,22,71,49" hai1="41,84,18,115,38,101,82,64,117,9,23,5,60" hai2="104,133,78,90,103,128,39,89,107,28,86,13,62" hai3="59,69,81,34,37,72,8,83,114,3,25,31,61"/><W17/><G114/><T94/><D0/><U55/><E115/><V47/><F128/><W50/><G69/><T12/><D49/><U124/><E124/><V68/><F133/><W92/><G37/><T116/><D116/><U66/><E117/><V24/><F78/><W110/><G72/><T53/><D53/><U11/><E101/><V56/><F68/><W132/><G132/><T120/><D120/><U42/><E38/><V123/><F13/><W105/><G105/><T36/><D12/><N who="1" m="5167" /><E55/><V33/><F123/><W76/><G50/><T58/><D36/><U21/><E11/><V85/><F85/><W121/><G17/><N who="0" m="12623" /><D71/><U106/><E106/><V67/><F103/><W100/><G110/><T4/><AGARI ba="0,0" hai="4,10,15,58,63,65,77,79,87,88,94" m="12623" machi="4" ten="30,4000,0" yaku="8,1,52,1,54,1" doraHai="52" who="0" fromWho="0" sc="187,40,334,-10,262,-10,217,-20" owari="227,-17.3,324,42.4,252,5.2,197,-30.3" /></mjloggm>