<mjloggm ver="2.3"><GO type="225" lobby="0"/><UN n0="%E6%A0%B9%E5%85%83%E3%81%8B%E3%82%89%E5%90%B9%E3%81%A3%E9%A3%9B%E3%81%B6" n1="%E3%81%B2%E3%81%AA%E3%81%AE%E3%82%8A%E3%81%8F" n2="%E9%B3%B3%E6%9D%B1%E3%81%AE%E3%81%86%E3%81%95%E3%81%8E%E3%81%95%E3%82%93" n3="%4C%4F%4C%49%54%41" dan="17,17,17,16" rate="2164.53,2222.13,2242.39,2188.15" sx="F,M,M,F"/><TAIKYOKU oya="0"/><INIT seed="0,0,0,0,3,133" ten="250,250,250,250" oya="0" hai0="76,24,38,65,19,74,36,116,10,103,88,55,75" hai1="87,25,13,72,106,32,66,98,90,59,127,104,107" hai2="11,35,69,105,60,54,68,71,21,20,77,42,119" hai3="73,3,9,117,4,44,15,18,130,89,93,92,84"/><T85/><D116/><U37/><E37/><V56/><F119/><W123/><G117/><T86/><D65/><U23/><E72/><V115/><F115/><W80/><G130/><T111/><D103/><U28/><E98/><V125/><F105/><W2/><G123/><T27/><D111/><U114/><E114/><V128/><F128/><W57/><G73/><T78/><D10/><U39/><E39/><V67/><F42/><W43/><G57/><T99/><D99/><U91/><E91/><V70/><F35/><W31/><G31/><T135/><D135/><U1/><E1/><V47/><F77/><W64/><G64/><T102/><D102/><U124/><E13/><V30/><F47/><W96/><G4/><T131/><D131/><U82/><REACH who="1" step="1"/><E32/><REACH who="1" ten="250,240,250,250" step="2"/><V113/><F113/><W97/><G96/><T33/><D33/><U17/><E17/><V120/><F120/><W7/><G18/><T46/><D19/><U26/><E26/><V41/><F30/><W52/><G93/><T122/><D122/><U108/><E108/><V110/><F110/><W45/><G97/><T48/><D88/><U129/><E129/><V5/><F5/><W63/><G92/><T126/><D75/><U112/><E112/><V34/><F34/><W79/><G89/><T109/><D74/><U61/><AGARI ba="0,1" hai="23,25,28,59,61,66,82,87,90,104,106,107,124,127" machi="61" ten="40,8000,1" yaku="1,1,0,1,52,2,53,1" doraHai="133" doraHaiUra="22" who="1" fromWho="1" sc="250,-40,240,90,250,-20,250,-20" /><INIT seed="1,0,0,2,2,106" ten="210,330,230,230" oya="1" hai0="122,126,66,82,70,113,61,125,135,4,6,101,121" hai1="39,15,41,124,51,56,13,55,48,68,35,45,97" hai2="5,102,84,86,20,72,107,17,75,36,2,77,80" hai3="71,53,47,99,104,103,129,23,69,112,63,98,64"/><U128/><E128/><V78/><F36/><W32/><G112/><T90/><D113/><U57/><E35/><V127/><F5/><N who="0" m="2154" /><D101/><U109/><E68/><V21/><F2/><W111/><G111/><T19/><D19/><U18/><E124/><N who="0" m="47721" /><D135/><U133/><E133/><V16/><F127/><W92/><G129/><T118/><D118/><U89/><E109/><V67/><F67/><W25/><G53/><T132/><D132/><U62/><E15/><V40/><F40/><W105/><G47/><T115/><D115/><U26/><E26/><V116/><F116/><W14/><G69/><T88/><D82/><U0/><E0/><V96/><F84/><W119/><G119/><T1/><D1/><U43/><E43/><V117/><F78/><W94/><G14/><T11/><D11/><U120/><E57/><V37/><F37/><W44/><G44/><T9/><D9/><U42/><E42/><V46/><F46/><W28/><REACH who="3" step="1"/><G23/><REACH who="3" ten="210,330,230,220" step="2"/><T87/><D122/><U38/><E120/><V52/><F52/><W27/><G27/><T8/><D121/><U134/><E134/><V12/><F117/><W7/><G7/><T76/><D8/><U110/><E110/><V123/><F123/><W31/><G31/><T83/><AGARI ba="0,1" hai="61,66,70,76,83,87,88,90" m="47721,2154" machi="83" ten="30,2000,0" yaku="18,1,54,1" doraHai="106" who="0" fromWho="0" sc="210,30,330,-10,230,-5,220,-5" /><INIT seed="2,0,0,3,0,110" ten="240,320,225,215" oya="2" hai0="3,123,80,67,113,13,81,77,32,21,135,39,15" hai1="119,128,43,127,22,41,99,120,12,31,64,73,57" hai2="37,59,44,83,114,97,36,94,133,103,132,19,66" hai3="61,134,91,117,96,18,95,87,14,63,8,60,53"/><V86/><F19/><W10/><G134/><N who="2" m="51817" /><F44/><W1/><G117/><T84/><D123/><U78/><E64/><V34/><F34/><W82/><G1/><T93/><D3/><U25/><E57/><V68/><F68/><W2/><G2/><T90/><D32/><U49/><E12/><V0/><F0/><W69/><G69/><T51/><D39/><N who="2" m="14922" /><F59/><W62/><G62/><T42/><D21/><U55/><E43/><V33/><F66/><W74/><G74/><T108/><D67/><U71/><E41/><V45/><F45/><W75/><G75/><T100/><D15/><U104/><E73/><V16/><F16/><W27/><G27/><T122/><D13/><U29/><E25/><V70/><F33/><W4/><G4/><T65/><D42/><U30/><E71/><V28/><F28/><W46/><G8/><T102/><D65/><U17/><E31/><V98/><F98/><W116/><G116/><T50/><D50/><U11/><E99/><V105/><F70/><W130/><G130/><T24/><D51/><U7/><E30/><V72/><F72/><W6/><G6/><T85/><D24/><U35/><E35/><V106/><F114/><W126/><G126/><T52/><D113/><U92/><E29/><V129/><F129/><W118/><G118/><T89/><D135/><U76/><E128/><V20/><F20/><W40/><G40/><T23/><D23/><U124/><E22/><V58/><F58/><N who="3" m="34895" /><G46/><T125/><D125/><U56/><E127/><V26/><F26/><W48/><G48/><T38/><D38/><U115/><E124/><RYUUKYOKU ba="0,0" sc="240,-15,320,-15,225,15,215,15" hai2="83,86,94,97,103,105,106" hai3="10,14,18,61,63,82,87,91,95,96" /><INIT seed="2,1,0,4,2,123" ten="225,305,240,230" oya="2" hai0="30,10,113,108,127,7,75,57,121,56,65,40,111" hai1="122,73,71,96,104,69,97,39,125,114,49,54,63" hai2="124,83,101,27,51,17,132,32,4,46,107,38,19" hai3="89,117,21,1,6,44,134,41,36,61,70,53,102"/><V64/><F38/><W25/><G117/><T24/><D121/><U15/><E73/><V62/><F4/><W80/><G134/><T58/><D113/><U128/><E114/><V135/><F124/><W47/><G102/><T100/><D75/><U14/><E39/><V48/><F83/><W52/><G1/><T95/><D40/><U13/><E122/><V59/><F32/><W130/><G6/><T11/><D65/><U31/><E104/><V18/><F27/><W37/><G130/><T42/><D42/><U9/><E31/><V98/><REACH who="2" step="1"/><F48/><REACH who="2" ten="225,305,230,230" step="2"/><W115/><G115/><T60/><D7/><U119/><E49/><V105/><F105/><W0/><G37/><T22/><D127/><U82/><E125/><V16/><N who="2" m="4096" /><DORA hai="78" /><V29/><F29/><W72/><G80/><T112/><D112/><U106/><E82/><V35/><F35/><W92/><G25/><T77/><D10/><U87/><E106/><V86/><F86/><W23/><G72/><T131/><D11/><U91/><E87/><V110/><F110/><N who="0" m="42026" /><D131/><U33/><E128/><V94/><F94/><W79/><G36/><T50/><D50/><U93/><E93/><V81/><F81/><W99/><G92/><T129/><D129/><U118/><E33/><V84/><F84/><W34/><G34/><T90/><D77/><U74/><E74/><V28/><F28/><W2/><G79/><T103/><D60/><U12/><E119/><V85/><F85/><AGARI ba="1,1" hai="22,24,30,56,57,58,85,90,95,100,103" m="42026" machi="85" ten="30,7700,0" yaku="14,1,52,3" doraHai="123,78" who="0" fromWho="2" sc="225,90,305,0,230,-80,230,0" /><INIT seed="3,0,0,3,3,19" ten="315,305,150,230" oya="3" hai0="17,128,42,2,30,97,93,71,92,39,99,54,83" hai1="11,60,65,107,46,85,67,122,82,52,27,81,77" hai2="59,16,74,87,43,57,108,24,76,100,36,8,126" hai3="111,68,109,62,89,51,4,86,50,47,35,22,72"/><W6/><G35/><T13/><D71/><U127/><E107/><V21/><F126/><W61/><G72/><T115/><D2/><U135/><E122/><V56/><F108/><N who="3" m="41547" /><G68/><T132/><D132/><U134/><E127/><V0/><F100/><W105/><G105/><T102/><D30/><U113/><E113/><V101/><F101/><W32/><G32/><T33/><D33/><U112/><E112/><V130/><F130/><W106/><G106/><T120/><D120/><U5/><E27/><V110/><F110/><W48/><G47/><T53/><D83/><U70/><E67/><V40/><F74/><W133/><G22/><N who="0" m="11567" /><D128/><U58/><E82/><V3/><F36/><W124/><G133/><N who="1" m="50698" /><E46/><V96/><F96/><N who="0" m="36938" /><D39/><U23/><E23/><V98/><F98/><W116/><G116/><T41/><D115/><U10/><E5/><N who="3" m="2154" /><G124/><T123/><D123/><U7/><E7/><V34/><F34/><W104/><G104/><T125/><D125/><U38/><E38/><V12/><F0/><W78/><G78/><T119/><D119/><U14/><E14/><V44/><F3/><W91/><G86/><T64/><D102/><U73/><E73/><V117/><F117/><W129/><G129/><T131/><D131/><U63/><AGARI ba="0,0" hai="10,11,52,58,60,63,65,70,77,81,85" m="50698" machi="63" ten="30,2000,0" yaku="20,1,54,1" doraHai="19" who="1" fromWho="1" sc="315,-5,305,20,150,-5,230,-10" owari="310,11.0,325,42.5,145,-35.5,220,-18.0" /></mjloggm>