<mjloggm ver="2.3"><GO type="225" lobby="0"/><UN n0="%4E%6F%2E%30%30%30%31" n1="%E5%B6%BA%E4%B8%8A%E5%92%B2" n2="%72%69%6F%75%63%68%61%6E" n3="%E3%82%82%E3%81%90%E3%82%89" dan="18,16,16,16" rate="2249.21,2070.99,2119.59,2171.32" sx="M,F,M,M"/><TAIKYOKU oya="0"/><INIT seed="0,0,0,4,2,43" ten="250,250,250,250" oya="0" hai0="105,22,68,42,15,34,46,45,26,36,109,92,0" hai1="95,89,39,51,72,9,33,2,115,76,58,122,13" hai2="18,131,31,127,47,78,104,98,113,66,4,11,12" hai3="87,19,112,99,16,75,90,86,14,128,129,3,111"/><T121/><D105/><U25/><E39/><V126/><F113/><W117/><G75/><T8/><D121/><U119/><E122/><V125/><F131/><N who="3" m="50251" /><G112/><T7/><D68/><U59/><E119/><V69/><F78/><W114/><G114/><T97/><D109/><U85/><E2/><V63/><F31/><W56/><G3/><T50/><D34/><U91/><E115/><V71/><F47/><W80/><G117/><T102/><D0/><U73/><E33/><V65/><F65/><W53/><G111/><T40/><D22/><U35/><E35/><V107/><F69/><W67/><G67/><T5/><REACH who="0" step="1"/><D26/><REACH who="0" ten="240,250,250,250" step="2"/><U88/><E25/><V82/><F107/><W103/><G14/><T101/><D101/><U10/><E10/><V130/><F130/><W77/><G103/><T48/><D48/><U28/><E28/><V30/><F30/><W83/><G99/><T108/><D108/><U133/><E133/><V106/><F98/><W124/><G124/><T24/><D24/><U94/><E9/><V135/><F135/><W27/><G27/><T20/><D20/><U17/><E13/><V44/><F127/><W118/><G118/><T37/><D37/><U62/><E51/><AGARI ba="0,1" hai="16,19,51,53,56,77,80,83,86,87,90" m="50251" machi="51" ten="30,2000,0" yaku="19,1,54,1" doraHai="43" who="3" fromWho="1" sc="240,0,250,-20,250,0,250,30" /><INIT seed="1,0,0,3,0,32" ten="240,230,250,280" oya="1" hai0="71,125,126,46,103,39,43,113,26,57,15,4,49" hai1="73,60,34,115,25,11,82,119,86,70,33,127,62" hai2="101,75,111,31,97,37,102,129,109,117,80,135,93" hai3="128,83,130,96,1,91,72,61,112,65,54,92,53"/><U50/><E115/><V84/><F117/><W52/><G112/><T105/><D113/><U8/><E119/><V85/><F37/><W131/><G72/><T63/><D26/><U51/><E127/><N who="0" m="48649" /><D103/><N who="2" m="39434" /><F31/><W28/><G28/><T56/><D105/><U95/><E73/><V14/><F14/><W44/><G83/><T35/><D35/><U9/><E95/><V107/><F107/><W114/><G114/><T79/><D79/><U88/><E25/><V76/><F129/><W68/><REACH who="3" step="1"/><G1/><REACH who="3" ten="240,230,250,270" step="2"/><T17/><D4/><U134/><E134/><V27/><F135/><W89/><G89/><T69/><D39/><U24/><E34/><V78/><F78/><W45/><AGARI ba="0,1" hai="44,45,52,53,54,61,65,68,91,92,96,128,130,131" machi="45" ten="40,8000,1" yaku="1,1,0,1,19,1,54,1,53,0" doraHai="32" doraHaiUra="2" who="3" fromWho="3" sc="240,-20,230,-40,250,-20,270,90" /><INIT seed="2,0,0,4,4,26" ten="220,190,230,360" oya="2" hai0="129,31,70,47,58,28,61,75,1,42,33,90,2" hai1="115,21,121,127,100,8,56,9,12,29,35,91,60" hai2="16,135,92,77,85,18,110,5,30,105,44,102,95" hai3="52,57,68,112,49,134,38,41,69,39,116,14,25"/><V130/><F130/><W79/><G79/><T17/><D70/><U84/><E115/><V54/><F135/><W6/><G116/><T7/><D75/><U89/><E127/><V96/><F110/><W94/><G134/><T62/><D33/><U32/><E121/><V101/><F5/><W128/><G128/><T53/><D129/><U119/><E100/><V48/><F30/><W67/><G112/><T126/><D126/><U43/><E119/><V65/><F65/><W88/><G25/><T123/><D123/><U59/><E43/><V51/><F51/><W103/><G103/><T23/><D90/><N who="1" m="34315" /><E35/><V0/><F0/><W55/><G69/><T78/><D78/><U113/><E32/><V36/><F36/><W118/><G118/><T80/><D80/><U27/><E113/><V107/><F107/><W93/><G41/><T86/><D86/><U15/><E84/><V63/><F63/><W20/><G39/><T114/><D62/><U99/><E99/><N who="2" m="59623" /><F105/><W73/><G68/><T72/><D72/><U125/><E125/><V64/><F64/><W83/><G73/><T132/><D132/><U19/><E60/><V104/><F104/><W46/><G38/><N who="0" m="21975" /><D114/><U66/><E66/><V45/><F45/><W108/><G67/><T122/><D122/><U4/><AGARI ba="0,0" hai="4,8,9,12,15,19,21,27,29,56,59" m="34315" machi="4" ten="30,2000,0" yaku="8,1,52,1" doraHai="26" who="1" fromWho="1" sc="220,-5,190,20,230,-10,360,-5" /><INIT seed="3,0,0,0,4,56" ten="215,210,220,355" oya="3" hai0="58,19,48,6,106,101,55,85,43,24,26,89,119" hai1="128,131,120,54,3,16,20,76,86,99,80,115,117" hai2="122,14,109,28,21,5,22,68,12,41,45,39,42" hai3="96,123,107,98,37,30,100,63,95,82,75,121,134"/><W104/><G37/><T129/><D119/><U34/><E115/><V51/><F68/><W105/><G63/><T61/><D129/><N who="1" m="49739" /><E3/><V35/><F35/><W15/><G15/><N who="2" m="5673" /><F39/><W92/><G30/><T72/><D72/><U93/><E117/><V59/><F41/><W32/><G32/><T64/><D6/><U53/><E34/><V111/><F5/><W108/><G134/><T40/><D101/><N who="1" m="60655" /><E120/><V132/><F132/><W135/><G135/><T118/><D106/><U13/><AGARI ba="0,0" hai="13,16,20,53,54,76,80,86" m="60655,49739" machi="13" ten="30,2000,0" yaku="19,1,54,1" doraHai="56" who="1" fromWho="1" sc="215,-5,210,20,220,-5,355,-10" owari="210,-29.0,230,3.0,215,-18.5,345,44.5" /></mjloggm>