<mjloggm ver="2.3"><GO type="225" lobby="0"/><UN n0="%E3%82%B7%E3%83%B3%E5%A4%AA%E6%9C%97" n1="%E9%B3%B3%E6%9D%B1%E3%81%AE%E3%81%86%E3%81%95%E3%81%8E%E3%81%95%E3%82%93" n2="%E3%81%95%E3%81%8D%E3%81%9F%E3%81%BE%E6%9E%97%E6%AA%8E" n3="%E3%82%82%E3%81%90%E3%82%89" dan="16,16,16,16" rate="2155.97,2114.99,2110.82,2177.67" sx="M,M,M,M"/><TAIKYOKU oya="0"/><INIT seed="0,0,0,3,1,112" ten="250,250,250,250" oya="0" hai0="56,33,37,14,81,9,58,70,22,11,2,60,31" hai1="82,26,123,62,41,120,87,39,73,6,45,44,67" hai2="72,92,0,99,1,3,91,21,35,84,43,133,34" hai3="7,80,122,8,103,118,30,23,51,61,117,105,98"/><T17/><D37/><U50/><E73/><V71/><F72/><W97/><G122/><T5/><D81/><U54/><E6/><V20/><F71/><W29/><G80/><T132/><D132/><U130/><E26/><V135/><F43/><W75/><G75/><T47/><D47/><U53/><E130/><V116/><F84/><W86/><G86/><T40/><D40/><U28/><E28/><V129/><F129/><W90/><G90/><T19/><D70/><U93/><E93/><V94/><F99/><W119/><G98/><T38/><D38/><U95/><E95/><N who="2" m="36395" /><F91/><W65/><G51/><T78/><D78/><U110/><E53/><V108/><F108/><W52/><G23/><N who="2" m="8777" /><F116/><W131/><G131/><T83/><D83/><U16/><E16/><V64/><F64/><W12/><REACH who="3" step="1"/><G52/><REACH who="3" ten="250,250,250,240" step="2"/><T128/><D128/><U79/><REACH who="1" step="1"/><E110/><REACH who="1" ten="250,240,250,240" step="2"/><V100/><F100/><W125/><G125/><T55/><D55/><U66/><E66/><V76/><F76/><W10/><G10/><T27/><REACH who="0" step="1"/><D60/><REACH who="0" ten="240,240,250,240" step="2"/><U63/><E63/><V89/><F89/><W18/><G18/><T102/><D102/><U24/><E24/><AGARI ba="0,3" hai="2,5,9,11,14,17,19,22,24,27,31,33,56,58" machi="24" ten="30,2900,0" yaku="1,1,7,1,53,0" doraHai="112" doraHaiUra="96" who="0" fromWho="1" sc="240,59,240,-29,250,0,240,0" /><INIT seed="0,1,0,4,5,13" ten="299,211,250,240" oya="0" hai0="73,94,121,57,46,26,48,129,63,86,5,16,59" hai1="113,126,120,67,75,45,32,11,22,43,85,72,52" hai2="101,38,125,76,133,35,107,80,119,84,12,65,103" hai3="20,83,123,111,9,77,112,41,33,70,95,7,6"/><T17/><D73/><U93/><E120/><V36/><F35/><W37/><G33/><T56/><D129/><U50/><E32/><V29/><F29/><W132/><G112/><T60/><D121/><U116/><E116/><V110/><F119/><W40/><G123/><T3/><D3/><U118/><E118/><V102/><F65/><W69/><G111/><T90/><D5/><U55/><E113/><V106/><F110/><W18/><G6/><T53/><D26/><U1/><E1/><V109/><F109/><W30/><G30/><T89/><D89/><U74/><E11/><V79/><F125/><W104/><G104/><T98/><D98/><U28/><E67/><V34/><F34/><W114/><G95/><T14/><REACH who="0" step="1"/><D17/><REACH who="0" ten="289,211,250,240" step="2"/><U128/><E128/><V92/><F84/><W4/><G4/><T61/><D61/><U0/><E0/><V71/><F103/><W97/><G97/><T124/><D124/><U10/><E126/><V96/><F96/><W131/><G131/><T130/><D130/><U66/><E74/><V117/><F102/><W44/><G114/><T81/><D81/><U82/><E75/><V58/><F80/><W39/><G83/><T88/><D88/><U105/><E72/><V42/><F101/><W115/><G115/><T27/><D27/><U2/><E2/><V31/><F117/><W100/><G100/><T15/><D15/><U64/><E82/><V91/><F12/><N who="3" m="5183" /><G77/><T19/><D19/><U21/><E85/><N who="2" m="52335" /><F79/><W24/><G132/><T87/><D87/><U49/><E93/><V47/><F76/><W23/><G23/><AGARI ba="1,1" hai="14,16,23,46,48,53,56,57,59,60,63,86,90,94" machi="23" ten="40,12000,1" yaku="1,1,6,1,8,1,52,1,54,1,53,0" doraHai="13" doraHaiUra="122" who="0" fromWho="3" sc="289,133,211,0,250,0,240,-123" /><INIT seed="0,2,0,1,5,67" ten="422,211,250,117" oya="0" hai0="5,65,51,73,46,27,113,1,19,109,81,102,37" hai1="71,132,43,131,29,72,63,48,52,21,105,99,23" hai2="44,0,130,49,103,66,12,121,39,4,50,120,30" hai3="92,123,90,97,17,64,98,31,7,59,89,13,78"/><T93/><D113/><U3/><E3/><V53/><F130/><W10/><G123/><T8/><D109/><U134/><E72/><V28/><F0/><W9/><G31/><T80/><D37/><U129/><E105/><V107/><F39/><W94/><G78/><T111/><D65/><N who="1" m="41407" /><E99/><V57/><F103/><W54/><G64/><T82/><D111/><U69/><E69/><V84/><F107/><W6/><REACH who="3" step="1"/><G10/><REACH who="3" ten="422,211,250,107" step="2"/><T24/><D73/><U18/><E29/><V45/><F30/><W118/><G118/><T16/><D27/><U22/><E131/><V77/><F66/><W2/><G2/><T108/><D24/><U83/><E129/><V38/><F28/><W76/><G76/><T122/><D122/><U32/><E32/><V26/><F77/><W95/><G95/><T128/><D128/><U35/><E35/><V110/><F121/><W126/><G126/><T75/><D75/><U25/><E83/><V86/><F120/><W125/><G125/><T106/><D108/><U68/><E68/><V40/><F110/><W42/><G42/><T41/><REACH who="0" step="1"/><D93/><REACH who="0" ten="412,211,250,107" step="2"/><U33/><E33/><V104/><F104/><W96/><G96/><AGARI ba="2,2" hai="1,5,8,16,19,41,46,51,80,81,82,96,102,106" machi="96" ten="40,7700,0" yaku="1,1,2,1,54,1,53,0" doraHai="67" doraHaiUra="114" who="0" fromWho="3" sc="412,103,211,0,250,0,107,-83" /><INIT seed="0,3,0,5,0,34" ten="515,211,250,24" oya="0" hai0="112,52,127,3,26,43,101,93,0,27,49,120,58" hai1="117,41,124,65,118,87,50,133,24,15,18,98,6" hai2="44,109,135,80,104,14,48,91,102,8,55,21,122" hai3="79,116,59,13,73,96,81,85,88,5,11,119,125"/><T40/><D120/><U105/><E65/><V25/><F109/><W134/><G134/><T111/><D112/><U57/><E133/><V29/><F135/><W86/><G125/><T70/><D70/><U33/><E124/><V121/><F104/><W132/><G132/><T106/><D106/><U2/><E87/><V53/><F102/><W36/><G36/><T114/><D114/><U110/><E110/><V130/><F130/><W126/><BYE who="2" /><G126/><T115/><D115/><U71/><E71/><V19/><F19/><W129/><G129/><T69/><D69/><U77/><E77/><V30/><F30/><W62/><G96/><T84/><D127/><U95/><E105/><V74/><F74/><W54/><REACH who="3" step="1"/><G86/><REACH who="3" ten="515,211,250,14" step="2"/><T99/><D84/><U42/><E98/><V60/><F60/><W97/><G97/><T108/><D111/><U92/><E118/><V22/><F22/><W83/><AGARI ba="3,1" hai="5,11,13,54,59,62,73,79,81,83,85,88,116,119" machi="83" ten="20,8000,1" yaku="1,1,0,1,7,1,54,1,53,1" doraHai="34" doraHaiUra="56" who="3" fromWho="3" sc="515,-43,211,-23,250,-23,14,99" /><UN n2="%E3%81%95%E3%81%8D%E3%81%9F%E3%81%BE%E6%9E%97%E6%AA%8E" /><INIT seed="1,0,0,2,1,51" ten="472,188,227,113" oya="1" hai0="32,4,68,122,80,2,123,81,72,6,110,43,78" hai1="116,132,128,26,67,90,57,1,112,105,107,52,45" hai2="38,118,12,130,85,135,92,86,23,127,113,13,102" hai3="96,14,55,11,39,124,77,70,24,20,62,5,121"/><U126/><E112/><V16/><F118/><W74/><G124/><T98/><D110/><U91/><E116/><V61/><F38/><W53/><G121/><N who="0" m="46091" /><D68/><U79/><E1/><V10/><F135/><W108/><G108/><T95/><D32/><U3/><E3/><V8/><F130/><W60/><G39/><T89/><D2/><U64/><E128/><V21/><F127/><W15/><G15/><T97/><D43/><U44/><E126/><V119/><F119/><W18/><G96/><N who="0" m="57455" /><D81/><U63/><E132/><V109/><F109/><W37/><G37/><T129/><D129/><U84/><E105/><V49/><F113/><W25/><G25/><T46/><D46/><N who="1" m="18027" /><E107/><V66/><F49/><W114/><G114/><T42/><D42/><U131/><E131/><V104/><F104/><W125/><G125/><T17/><D17/><U75/><E75/><V34/><F34/><W133/><G133/><T83/><D80/><N who="1" m="47135" /><E26/><V82/><F82/><W54/><G74/><T87/><D72/><U65/><AGARI ba="0,0" hai="52,57,63,64,65,67,90,91" m="47135,18027" machi="65" ten="30,6000,0" yaku="8,1,52,1,54,1" doraHai="51" who="1" fromWho="1" sc="472,-20,188,60,227,-20,113,-20" /><INIT seed="1,1,0,4,5,22" ten="452,248,207,93" oya="1" hai0="83,120,80,103,30,56,45,78,46,21,47,48,31" hai1="51,67,53,62,105,134,1,50,16,6,43,55,37" hai2="97,117,91,108,40,69,18,34,14,12,123,52,88" hai3="28,84,61,129,17,131,36,74,114,71,133,72,38"/><U26/><E105/><V29/><F117/><W68/><G17/><T116/><D116/><U44/><E134/><V10/><F10/><W58/><BYE who="2" /><G84/><T63/><D120/><U70/><E1/><V8/><F8/><W98/><G98/><T107/><D107/><U4/><E51/><V135/><F135/><W15/><G15/><T0/><D0/><U33/><E53/><V112/><F112/><W20/><G133/><T39/><D103/><U102/><E102/><V128/><F128/><N who="3" m="49227" /><G20/><T100/><D100/><U118/><E118/><V77/><F77/><W76/><G28/><UN n2="%E3%81%95%E3%81%8D%E3%81%9F%E3%81%BE%E6%9E%97%E6%AA%8E" /><T110/><D39/><N who="3" m="14889" /><G76/><T89/><D48/><U86/><E86/><V94/><F29/><W101/><G101/><T75/><D21/><N who="1" m="13607" /><E33/><V127/><F34/><W95/><G114/><T9/><D75/><N who="3" m="28713" /><G95/><T106/><D78/><U35/><E35/><V25/><F94/><W119/><G119/><T24/><D31/><U81/><E81/><V82/><F82/><W96/><G96/><T121/><D83/><U5/><E5/><V49/><F97/><W113/><G113/><T132/><D80/><U64/><E64/><V3/><F3/><W115/><G115/><T23/><D132/><U19/><E19/><V7/><F18/><W54/><G71/><T93/><D93/><U66/><E66/><V87/><F69/><W111/><G68/><T125/><D30/><U13/><E13/><V99/><F87/><W57/><G111/><T92/><D92/><U124/><E124/><V130/><F14/><W42/><G42/><T126/><D125/><U65/><E65/><V109/><F130/><RYUUKYOKU ba="1,0" sc="452,-15,248,15,207,-15,93,15" hai1="4,6,37,43,44,50,55,62,67,70" hai3="54,57,58,61" /><INIT seed="1,2,0,2,4,100" ten="437,263,192,108" oya="1" hai0="66,16,45,114,53,98,21,51,8,103,113,5,105" hai1="18,122,111,90,129,35,32,131,77,42,101,33,78" hai2="56,102,31,93,44,132,73,104,29,133,10,110,26" hai3="81,120,12,58,124,63,0,117,37,34,127,61,7"/><U49/><E122/><V2/><F110/><W40/><G120/><T97/><D66/><U99/><E90/><V118/><F118/><W130/><G34/><T79/><D79/><U88/><E111/><V67/><F73/><W48/><G117/><T91/><D91/><U109/><E109/><V13/><F2/><W107/><G0/><T59/><D45/><N who="1" m="25783" /><E18/><V60/><F93/><W72/><G37/><T6/><D98/><U47/><E47/><V95/><F95/><W43/><G72/><T96/><D97/><U41/><E41/><V54/><F102/><W128/><G81/><T94/><D105/><N who="1" m="63679" /><E88/><V52/><F104/><W27/><G107/><T9/><D8/><U74/><E74/><V15/><F15/><W135/><G12/><T25/><D6/><U123/><E123/><V89/><F89/><W121/><G7/><T62/><D51/><U134/><E134/><N who="2" m="51819" /><F44/><W106/><G106/><T76/><D76/><U39/><E39/><V82/><F82/><W30/><G135/><T84/><D84/><U115/><E115/><V17/><F31/><W65/><G30/><T80/><D80/><U1/><E1/><AGARI ba="2,0" hai="1,5,9,16,21,25,53,59,62,94,96,103,113,114" machi="1" ten="30,2000,0" yaku="7,1,54,1" doraHai="100" who="0" fromWho="1" sc="437,26,263,-26,192,0,108,0" /><INIT seed="2,0,0,2,4,34" ten="463,237,192,108" oya="2" hai0="71,94,56,53,60,122,29,118,87,9,20,38,117" hai1="112,14,107,32,124,57,78,77,30,40,101,66,16" hai2="17,0,103,25,10,31,63,19,2,130,90,99,81" hai3="33,135,74,127,46,129,43,12,109,15,114,1,67"/><V35/><F63/><W26/><G109/><T50/><D38/><U106/><E112/><V21/><F90/><W58/><G74/><T98/><D122/><U123/><E40/><V5/><F81/><W65/><G114/><T62/><D9/><U128/><E123/><V92/><F130/><W55/><G129/><T125/><D125/><U88/><E128/><V22/><F92/><W133/><G1/><N who="2" m="617" /><F99/><W115/><G127/><T37/><D37/><U73/><E124/><V80/><F80/><W76/><G76/><T36/><D36/><U119/><E101/><V11/><F103/><W24/><G115/><T93/><D87/><U70/><E88/><V7/><F7/><W96/><G96/><T121/><D62/><U79/><E73/><V6/><F6/><W48/><G43/><T51/><D94/><U95/><E95/><V120/><F120/><W3/><G48/><T131/><D71/><U59/><E70/><V69/><F69/><W41/><G41/><T27/><D121/><U100/><E100/><V91/><F91/><W108/><G46/><T102/><D131/><U111/><E78/><V82/><F82/><W64/><G58/><T105/><D93/><U86/><E79/><V97/><F97/><W49/><G49/><T83/><D83/><U126/><E86/><V54/><F54/><W44/><G55/><T52/><D53/><U104/><E77/><V72/><F72/><W75/><G75/><T13/><D51/><U113/><E126/><V39/><F39/><W23/><G64/><T47/><D50/><U132/><E113/><V116/><F116/><RYUUKYOKU ba="0,0" sc="463,0,237,0,192,0,108,0" /><INIT seed="3,1,0,0,2,67" ten="463,237,192,108" oya="3" hai0="132,96,118,104,1,101,47,19,131,46,88,62,79" hai1="49,116,41,11,3,13,123,119,108,134,121,91,25" hai2="65,20,66,26,28,127,29,58,83,7,122,59,0" hai3="76,68,50,42,110,38,70,89,21,71,64,80,73"/><W115/><G110/><T52/><D118/><N who="1" m="45099" /><E108/><V112/><F127/><W24/><G115/><T23/><D79/><U16/><E134/><V32/><F32/><W35/><BYE who="2" /><G35/><T63/><D1/><U39/><E39/><V98/><F98/><W97/><G50/><T31/><D31/><U129/><E129/><V106/><F106/><W95/><G64/><T77/><D77/><U85/><E3/><V117/><F117/><W6/><G6/><T82/><D132/><U9/><E9/><V43/><F43/><W4/><G4/><T109/><D131/><U33/><E41/><V102/><F102/><W128/><G128/><T51/><D109/><U36/><E36/><V22/><F22/><W14/><G14/><UN n2="%E3%81%95%E3%81%8D%E3%81%9F%E3%81%BE%E6%9E%97%E6%AA%8E" /><T37/><D47/><U54/><E25/><V17/><F29/><W133/><G133/><T113/><D37/><U55/><E33/><V114/><F114/><W105/><G38/><T126/><D126/><U111/><E111/><V124/><F124/><W8/><G42/><T69/><D69/><U53/><E49/><V100/><F122/><W27/><G8/><T12/><D113/><U78/><E78/><V120/><F7/><W135/><G135/><T87/><AGARI ba="1,0" hai="12,19,23,46,51,52,62,63,82,87,88,96,101,104" machi="87" ten="30,4000,0" yaku="0,1,54,2" doraHai="67" who="0" fromWho="0" sc="463,43,237,-11,192,-11,108,-21" owari="506,60.6,226,2.6,181,-21.9,87,-41.3" /></mjloggm>