<mjloggm ver="2.3"><GO type="225" lobby="0"/><UN n0="%E3%81%B8%E3%82%80%E3%81%B8%E3%82%80%EF%BC%92%E5%8F%B7" n1="%E5%8F%AF%E5%85%90%E9%82%A3%E7%94%B1%E5%A4%9A" n2="%E7%BD%AA%E5%88%91%E6%B3%95%E5%AE%9A%E4%B8%BB%E7%BE%A9" n3="%E3%81%AA%E3%81%A1%30%39%32%37" dan="16,17,16,16" rate="2127.76,2243.82,2186.41,2118.93" sx="M,F,M,M"/><TAIKYOKU oya="0"/><INIT seed="0,0,0,5,4,4" ten="250,250,250,250" oya="0" hai0="35,15,22,116,81,134,104,63,92,1,61,36,73" hai1="27,96,88,13,32,133,51,38,105,102,132,123,45" hai2="99,78,74,135,5,97,108,7,21,120,23,30,2" hai3="82,54,66,101,94,131,100,129,24,103,69,46,53"/><T125/><D116/><U91/><E123/><V48/><F120/><W44/><G94/><T112/><D112/><U71/><E71/><V18/><F135/><N who="1" m="51785" /><E38/><V72/><F108/><W39/><G69/><T11/><D104/><U95/><E105/><V26/><F48/><W17/><G66/><T68/><D35/><U124/><E124/><V126/><F126/><W25/><G82/><T64/><D134/><U59/><E59/><V77/><F18/><W86/><G86/><T122/><D122/><U41/><E13/><V70/><F70/><W98/><G98/><T87/><D36/><U60/><E60/><V117/><F117/><W3/><G3/><T31/><D63/><U9/><E9/><V43/><F2/><W118/><G118/><T49/><D49/><U113/><E113/><V107/><F107/><W40/><G46/><T115/><D115/><U67/><E67/><V42/><REACH who="2" step="1"/><F26/><REACH who="2" ten="250,250,240,250" step="2"/><W47/><G25/><T58/><D1/><U79/><E79/><V111/><F111/><W75/><G24/><T65/><D68/><U12/><E12/><V106/><F106/><W33/><G39/><T37/><D37/><U84/><E84/><V14/><F14/><W20/><G47/><T114/><D114/><U83/><E83/><V16/><F16/><W50/><G75/><T19/><D125/><U62/><E62/><V57/><F57/><W90/><G44/><T34/><D58/><U109/><E109/><V80/><F80/><W119/><G50/><T76/><D81/><U55/><E41/><V89/><F89/><N who="1" m="34377" /><E27/><V0/><F0/><W56/><G119/><RYUUKYOKU ba="0,1" sc="250,-15,250,15,240,15,250,-15" hai1="32,45,51,55,95,96,102" hai2="5,7,21,23,30,42,43,72,74,77,78,97,99" /><INIT seed="1,1,1,4,0,39" ten="235,265,255,235" oya="1" hai0="26,73,81,85,36,69,80,88,86,133,76,53,15" hai1="114,124,10,13,47,134,3,117,23,48,84,92,27" hai2="32,106,130,135,66,0,96,12,109,115,116,65,18" hai3="63,29,2,34,5,70,113,60,120,87,30,111,59"/><U119/><E114/><V55/><F116/><W126/><G120/><T121/><D121/><U77/><E3/><V45/><F0/><W125/><G113/><T129/><D129/><U93/><E134/><V78/><F32/><W6/><G111/><T72/><D133/><U46/><E124/><N who="3" m="47722" /><G87/><T105/><D36/><U132/><E132/><V107/><F135/><W20/><G34/><T89/><D69/><U35/><E35/><V99/><F109/><W9/><G5/><T38/><D38/><U16/><E119/><V4/><F130/><W95/><G95/><T128/><D128/><U110/><E110/><V79/><F4/><W90/><G90/><T50/><D105/><U74/><E74/><V33/><F33/><W112/><G20/><T101/><D101/><U123/><E47/><V67/><F115/><W19/><G19/><T7/><D26/><U43/><E123/><V103/><F99/><W8/><G8/><T51/><D76/><U62/><E62/><V56/><F107/><W24/><G24/><T83/><D83/><N who="1" m="47215" /><E117/><V108/><F45/><W57/><G112/><T52/><D7/><AGARI ba="1,1" hai="7,10,13,16,23,27,43,46,48,92,93" m="47215" machi="7" ten="30,11600,0" yaku="25,1,8,1,52,1,54,1" doraHai="39" who="1" fromWho="0" sc="235,-119,265,129,255,0,235,0" /><INIT seed="1,2,0,1,5,22" ten="116,394,255,235" oya="1" hai0="59,114,4,75,80,14,49,84,56,78,12,2,43" hai1="132,73,70,17,83,126,93,69,37,108,97,89,42" hai2="53,65,124,57,23,25,134,130,27,21,50,71,55" hai3="16,52,13,38,63,6,121,120,74,34,31,29,48"/><U19/><E126/><V58/><F124/><W54/><G74/><T86/><D114/><U122/><E132/><V106/><F106/><W15/><G38/><T61/><D2/><U96/><E122/><V60/><F134/><W102/><G102/><T100/><D100/><U72/><E42/><V32/><F130/><W33/><G6/><T109/><D109/><U3/><E37/><V64/><F32/><W62/><G48/><T105/><D105/><U98/><E3/><V79/><F79/><W116/><REACH who="3" step="1"/><G16/><REACH who="3" ten="116,394,255,225" step="2"/><T110/><D110/><U82/><E108/><V77/><F77/><W112/><G112/><T36/><D36/><U99/><E72/><V87/><F87/><W107/><G107/><T35/><D86/><U47/><E73/><V46/><F71/><W67/><G67/><N who="2" m="25673" /><F46/><W123/><G123/><T115/><D75/><U7/><E47/><V10/><F10/><W104/><G104/><T76/><D76/><U18/><E7/><V41/><F41/><W117/><AGARI ba="2,1" hai="13,15,29,31,33,34,52,54,62,63,116,117,120,121" machi="117" ten="25,12000,2" yaku="1,1,0,1,22,2,54,1,53,2" doraHai="22" doraHaiUra="26" who="3" fromWho="3" sc="116,-32,394,-62,255,-32,225,136" /><INIT seed="2,0,0,0,3,7" ten="84,332,223,361" oya="2" hai0="83,70,79,40,114,74,16,88,18,66,107,21,6" hai1="4,20,47,117,127,106,102,94,120,43,57,75,96" hai2="39,37,9,112,35,113,19,45,30,0,87,54,132" hai3="130,77,123,38,14,60,129,8,103,51,84,78,27"/><V81/><F132/><W69/><G38/><T42/><D114/><U36/><E117/><V82/><F113/><W5/><G123/><T22/><D107/><U11/><E75/><V115/><F112/><W52/><G103/><T29/><D29/><U110/><E110/><V56/><F115/><W31/><G60/><T105/><D105/><U134/><E134/><V91/><F82/><W62/><G62/><T126/><D126/><U109/><E109/><V10/><F0/><W55/><G69/><T46/><D66/><U125/><E120/><V13/><F45/><N who="3" m="27759" /><G55/><T34/><D70/><U23/><E57/><V108/><F108/><W1/><G84/><T48/><D34/><U80/><E80/><V24/><REACH who="2" step="1"/><F10/><REACH who="2" ten="84,332,213,361" step="2"/><W95/><G1/><T44/><D6/><U3/><REACH who="1" step="1"/><E106/><REACH who="1" ten="84,322,213,361" step="2"/><V28/><F28/><W26/><G31/><T73/><D73/><U12/><E12/><V124/><F124/><AGARI ba="0,2" hai="3,4,11,20,23,36,43,47,94,96,102,124,125,127" machi="124" ten="40,5200,0" yaku="1,1,18,1,52,1,53,0" doraHai="7" doraHaiUra="128" who="1" fromWho="2" sc="84,0,322,72,213,-52,361,0" /><INIT seed="3,0,0,3,0,48" ten="84,394,161,361" oya="3" hai0="15,92,122,87,80,22,124,72,56,66,34,59,36" hai1="113,18,52,38,119,81,107,55,111,64,17,118,100" hai2="61,105,12,10,103,25,9,88,114,130,63,6,14" hai3="125,1,131,90,7,41,116,134,75,58,83,84,123"/><W46/><G116/><N who="1" m="44586" /><E111/><V94/><F114/><W132/><G123/><T32/><D122/><U95/><E113/><V42/><F130/><W127/><G1/><T35/><D36/><U39/><E64/><V76/><F76/><W57/><G7/><T29/><D124/><N who="3" m="47689" /><G75/><T62/><D72/><U70/><E70/><V135/><F135/><N who="3" m="51755" /><G131/><T4/><D4/><U67/><E67/><V68/><F68/><W117/><G117/><T37/><D37/><N who="1" m="13835" /><E107/><V3/><F42/><W99/><G99/><T86/><D56/><U16/><E81/><V49/><F49/><AGARI ba="0,0" hai="41,46,49,57,58,83,84,90" m="51755,47689" machi="49" ten="30,2900,0" yaku="18,1,20,1" doraHai="48" who="3" fromWho="2" sc="84,0,394,0,161,-29,361,29" /><INIT seed="3,1,0,0,5,93" ten="84,394,132,390" oya="3" hai0="31,36,37,51,49,32,19,82,90,132,21,86,0" hai1="115,81,97,50,34,123,80,96,79,66,52,54,2" hai2="8,88,3,71,12,23,33,107,127,100,70,104,58" hai3="24,133,121,26,117,63,126,118,15,112,55,61,27"/><W56/><G112/><T84/><D132/><U78/><E123/><V101/><F33/><W38/><G121/><T116/><D116/><U53/><E115/><V30/><F127/><W110/><G38/><T67/><D0/><U106/><E34/><V119/><F119/><W120/><G120/><T13/><D32/><U85/><E2/><V111/><F111/><W103/><G118/><T25/><D67/><U124/><E124/><V131/><F131/><W129/><G117/><T29/><D36/><U9/><E66/><V89/><F58/><N who="3" m="35039" /><G126/><T59/><D37/><U99/><E106/><V125/><F23/><W130/><G133/><T108/><D108/><U74/><REACH who="1" step="1"/><E9/><REACH who="1" ten="84,384,132,390" step="2"/><V60/><F3/><W72/><G110/><T69/><D69/><U43/><E43/><V91/><F107/><W62/><G72/><T22/><D31/><U64/><E64/><V48/><F104/><W95/><G15/><T18/><D29/><U87/><E87/><V94/><F30/><W75/><G75/><T40/><D40/><U4/><E4/><V122/><F125/><W128/><G56/><AGARI ba="1,1" hai="50,52,53,54,56,74,78,79,80,81,85,96,97,99" machi="56" ten="40,8000,1" yaku="1,1,52,3,54,1,53,0" doraHai="93" doraHaiUra="134" who="1" fromWho="3" sc="84,0,384,93,132,0,390,-83" owari="84,-41.6,477,57.7,132,-26.8,307,10.7" /></mjloggm>