<mjloggm ver="2.3"><GO type="225" lobby="0"/><UN n0="%E9%89%A2%E5%B7%BB%E3%82%AC%E3%83%96" n1="%E9%B3%B3%E6%9D%B1%E3%81%AE%E3%81%86%E3%81%95%E3%81%8E%E3%81%95%E3%82%93" n2="%E3%81%A9%E3%82%8F%E3%82%93%E3%81%94" n3="%72%69%6F%75%63%68%61%6E" dan="16,16,16,17" rate="2105.41,2245.40,2164.47,2246.76" sx="M,M,M,M"/><TAIKYOKU oya="0"/><INIT seed="0,0,0,3,0,41" ten="250,250,250,250" oya="0" hai0="70,84,132,97,96,20,44,61,2,49,78,86,53" hai1="62,50,6,109,98,16,30,120,112,52,68,63,11" hai2="35,4,94,135,114,103,47,0,58,42,113,79,33" hai3="27,107,99,60,45,74,87,90,105,14,101,126,13"/><T115/><D115/><U83/><E120/><V8/><F79/><W75/><G126/><T5/><D132/><U102/><E109/><V21/><F135/><W51/><G107/><T57/><D70/><U26/><E112/><V19/><F58/><W29/><G60/><T22/><D2/><U95/><E83/><V76/><F76/><W119/><G119/><T34/><D34/><U66/><E63/><V3/><F3/><W1/><G1/><T40/><D5/><U93/><E6/><V117/><F35/><W18/><G13/><T92/><D96/><U123/><E123/><V32/><F32/><W54/><G27/><T39/><D39/><U31/><E95/><V134/><F33/><W46/><G29/><T10/><D10/><U122/><E122/><V81/><F81/><W55/><G54/><T110/><D110/><U24/><E24/><V25/><F117/><W67/><G45/><T12/><D12/><U124/><E124/><V48/><REACH who="2" step="1"/><F134/><REACH who="2" ten="250,250,240,250" step="2"/><W72/><G67/><T28/><D78/><U89/><E66/><V65/><F65/><W37/><G72/><T9/><D9/><U125/><E125/><V82/><F82/><N who="3" m="49527" /><G37/><T127/><D127/><U23/><E11/><AGARI ba="0,1" hai="11,14,18,46,51,55,74,75,99,101,105" m="49527" machi="11" ten="30,2000,0" yaku="25,1,52,1" doraHai="41" who="3" fromWho="1" sc="250,0,250,-20,240,0,250,30" /><INIT seed="1,0,0,2,1,99" ten="250,230,240,280" oya="1" hai0="75,73,57,100,38,111,113,60,108,95,54,40,63" hai1="77,45,66,80,36,90,7,94,109,103,74,39,4" hai2="49,12,86,61,135,15,85,51,34,118,112,78,25" hai3="82,88,106,10,71,58,18,132,93,43,28,124,76"/><U122/><E122/><V27/><F118/><W115/><G115/><T55/><D113/><U98/><E109/><N who="0" m="42057" /><D95/><U127/><E127/><V128/><F112/><W2/><G132/><T110/><N who="0" m="42065" /><T59/><DORA hai="20" /><D100/><U9/><E66/><V19/><F135/><W68/><G106/><T46/><AGARI ba="0,0" hai="38,40,46,54,55,57,59,60,63,73,75" m="42065" machi="46" ten="40,1500,0" yaku="14,1" doraHai="99,20" who="0" fromWho="0" sc="250,15,230,-7,240,-4,280,-4" /><INIT seed="2,0,0,0,5,62" ten="265,223,236,276" oya="2" hai0="27,106,61,129,118,128,102,54,20,25,109,110,132" hai1="37,124,80,78,22,116,12,90,28,57,98,16,85" hai2="99,31,91,94,32,81,1,68,77,73,135,63,15" hai3="8,5,29,6,104,26,35,23,127,112,119,55,122"/><V125/><F125/><W45/><G119/><T33/><D102/><U34/><E124/><V88/><F135/><W105/><G127/><T133/><D106/><U49/><E37/><V72/><F1/><W36/><G122/><T44/><D44/><U14/><E116/><V41/><F41/><W115/><G23/><T92/><D92/><N who="1" m="56599" /><E34/><V10/><F73/><W17/><G17/><N who="0" m="12431" /><D54/><N who="1" m="31951" /><E28/><V84/><F31/><W48/><G36/><T13/><D61/><U86/><E86/><V97/><F91/><W131/><G5/><T66/><D118/><U75/><E75/><V39/><F32/><W46/><G131/><N who="0" m="50251" /><D27/><AGARI ba="0,0" hai="12,14,16,22,27,78,80,85" m="31951,56599" machi="27" ten="30,2000,0" yaku="8,1,54,1" doraHai="62" who="1" fromWho="0" sc="265,-20,223,20,236,0,276,0" /><INIT seed="3,0,0,5,4,114" ten="245,243,236,276" oya="3" hai0="67,115,34,93,56,54,109,65,31,73,118,48,125" hai1="46,83,116,110,39,121,95,68,22,75,101,28,87" hai2="64,19,0,96,4,5,135,127,44,47,8,126,29" hai3="14,35,120,86,92,90,57,76,38,78,82,1,128"/><W122/><G1/><T79/><D109/><U91/><E68/><V36/><F64/><W124/><G35/><T132/><D132/><U52/><E121/><N who="3" m="46698" /><G57/><T123/><D125/><N who="2" m="47626" /><F135/><W89/><G14/><T131/><D131/><U98/><E110/><V20/><F29/><W134/><G38/><T66/><D123/><U71/><E71/><V62/><F62/><W26/><G26/><T21/><D34/><U7/><E116/><V45/><F5/><W10/><G10/><T106/><D118/><U94/><E7/><V51/><F96/><N who="3" m="57359" /><G124/><T15/><D15/><U50/><E39/><V77/><F77/><N who="3" m="29803" /><G128/><T40/><D21/><U113/><E28/><V23/><F36/><W102/><G102/><T103/><D31/><U11/><E22/><N who="2" m="8235" /><F19/><W63/><G63/><T42/><D65/><U69/><E69/><V53/><AGARI ba="0,0" hai="0,4,8,44,45,47,51,53" m="8235,47626" machi="53" ten="30,1100,0" yaku="18,1" doraHai="114" who="2" fromWho="2" sc="245,-3,243,-3,236,11,276,-5" /><INIT seed="4,0,0,1,1,76" ten="242,240,247,271" oya="0" hai0="56,54,84,95,85,78,42,109,10,105,1,47,75" hai1="129,33,13,40,101,17,0,18,9,49,79,110,74" hai2="69,3,25,5,113,91,94,6,20,52,130,134,14" hai3="81,50,68,29,83,114,24,46,108,55,106,61,96"/><T62/><D105/><U89/><E110/><V67/><F3/><W44/><G108/><T87/><D109/><U126/><E33/><V125/><F113/><W59/><G114/><T93/><D1/><U135/><E0/><V19/><F134/><W117/><G117/><T36/><REACH who="0" step="1"/><D10/><REACH who="0" ten="232,240,247,271" step="2"/><U122/><E135/><V27/><F130/><W4/><G106/><T38/><D38/><U65/><E129/><V112/><F112/><W63/><G4/><T48/><D48/><U77/><E49/><V60/><F125/><W118/><G118/><T119/><D119/><U127/><E127/><V31/><F6/><W71/><G50/><T41/><D41/><U73/><E40/><V120/><F5/><W16/><G63/><T100/><D100/><U80/><E101/><V21/><F120/><W116/><G116/><T39/><D39/><U30/><E122/><V15/><F52/><W102/><G55/><T82/><AGARI ba="0,1" hai="36,42,47,54,56,62,75,78,82,84,85,87,93,95" machi="82" ten="30,11700,0" yaku="1,1,0,1,52,1,53,1" doraHai="76" doraHaiUra="72" who="0" fromWho="0" sc="232,127,240,-39,247,-39,271,-39" owari="359,45.9,201,-29.9,208,-19.2,232,3.2" /></mjloggm>