<mjloggm ver="2.3"><GO type="225" lobby="0"/><UN n0="%E7%89%B9%E6%9D%B1%E3%81%AF%E4%B8%96%E7%95%8C%E3%82%92%E6%95%91%E3%81%86" n1="%72%69%6F%75%63%68%61%6E" n2="%E3%81%AA%E3%82%81%E3%81%93%E9%9B%80%E5%A3%AB" n3="%77%72%77%72%77%72%77%72" dan="16,17,16,17" rate="2170.15,2238.49,2086.90,2189.92" sx="M,M,M,M"/><TAIKYOKU oya="0"/><INIT seed="0,0,0,0,1,65" ten="250,250,250,250" oya="0" hai0="23,40,98,85,72,56,83,109,11,96,106,63,24" hai1="8,66,116,86,9,58,25,133,48,29,44,22,6" hai2="54,68,135,74,134,77,34,13,94,103,41,26,70" hai3="76,61,101,50,89,128,125,59,2,122,69,31,64"/><T10/><D72/><U115/><E116/><V30/><F41/><W14/><G2/><T126/><D126/><U102/><E133/><N who="2" m="50699" /><F13/><W80/><G125/><T7/><D40/><U20/><E115/><V93/><F54/><W130/><G101/><T27/><D109/><U17/><E102/><V57/><F57/><W67/><G31/><T124/><D124/><U95/><E6/><V90/><F103/><W39/><G39/><T18/><D24/><U121/><E121/><V4/><F4/><W132/><G122/><T51/><D51/><U88/><E66/><V111/><F111/><W55/><G132/><T119/><D119/><U37/><E37/><V131/><F131/><N who="3" m="50219" /><G14/><T75/><D75/><U105/><E105/><V33/><F34/><W84/><G64/><T110/><D110/><U112/><E112/><V113/><F113/><W127/><G127/><T60/><D106/><U81/><E81/><N who="2" m="45239" /><F94/><W28/><G28/><T117/><D117/><U82/><E95/><V123/><F123/><W97/><G76/><N who="0" m="46311" /><D63/><U73/><E73/><V87/><AGARI ba="0,0" hai="26,30,33,68,70,87,90,93" m="45239,50699" machi="87" ten="30,4000,0" yaku="20,1,52,2" doraHai="65" who="2" fromWho="2" sc="250,-20,250,-10,250,40,250,-10" /><INIT seed="1,0,0,4,3,92" ten="230,240,290,240" oya="1" hai0="29,20,129,132,13,87,47,103,112,125,50,121,66" hai1="33,109,116,73,127,75,48,105,12,69,91,78,36" hai2="11,110,122,56,80,19,42,117,27,65,24,30,2" hai3="1,79,63,45,135,64,17,124,55,46,85,58,38"/><U120/><RYUUKYOKU type="yao9" ba="0,0" sc="230,0,240,0,290,0,240,0" hai1="12,33,36,48,69,73,75,78,91,105,109,116,120,127" /><INIT seed="1,1,0,4,2,42" ten="230,240,290,240" oya="1" hai0="80,9,123,95,11,12,86,88,83,103,97,68,92" hai1="70,10,64,17,99,74,36,52,18,105,132,5,50" hai2="22,127,49,13,121,110,35,40,53,38,58,112,2" hai3="77,28,23,90,30,79,118,41,63,102,78,39,6"/><U82/><E36/><V107/><F2/><W29/><G118/><T21/><D68/><U109/><E132/><V115/><F121/><W104/><G6/><T61/><D123/><U135/><E135/><V19/><F110/><W126/><G126/><T25/><D61/><U57/><E109/><V7/><F107/><W31/><G63/><T130/><D130/><U15/><E70/><V106/><F106/><W3/><G3/><T26/><D9/><U133/><E133/><V37/><F35/><W128/><G128/><T94/><D94/><U48/><E64/><V32/><F32/><W20/><G102/><T108/><D108/><U81/><E74/><V14/><F127/><W71/><G71/><T55/><D55/><N who="1" m="31975" /><E99/><V117/><F40/><W45/><N who="3" m="7168" /><DORA hai="114" /><W47/><G104/><T113/><D113/><N who="2" m="43594" /><F117/><W67/><G67/><T134/><D134/><U98/><E98/><V116/><F116/><W119/><G119/><T72/><D21/><N who="3" m="8265" /><G39/><T85/><D72/><U129/><E105/><V69/><F69/><W120/><G41/><T76/><REACH who="0" step="1"/><D95/><REACH who="0" ten="220,240,290,240" step="2"/><U125/><E129/><V8/><AGARI ba="1,1" hai="7,8,13,14,19,22,37,38,49,53,58" m="43594" machi="8" ten="30,1100,0" yaku="11,1" doraHai="42,114" who="2" fromWho="2" sc="220,-4,240,-6,290,24,240,-4" /><INIT seed="2,0,0,5,1,123" ten="216,234,314,236" oya="2" hai0="5,89,86,98,25,120,76,15,130,57,42,73,35" hai1="10,28,20,126,43,29,21,78,88,79,41,71,7" hai2="44,40,3,45,17,58,121,124,16,39,70,22,87" hai3="68,110,36,91,128,11,67,23,56,74,129,50,101"/><V103/><F70/><W27/><G110/><T82/><D130/><N who="3" m="50281" /><G36/><T53/><D120/><U47/><E71/><V13/><F3/><W115/><G115/><T54/><D42/><N who="1" m="15883" /><E47/><V55/><F45/><W108/><G108/><T14/><D98/><U112/><E112/><V48/><F124/><W131/><G74/><T38/><D38/><U19/><E126/><V85/><F121/><W118/><G118/><T106/><D106/><U97/><E7/><V18/><F103/><W81/><G101/><T93/><D5/><U113/><E10/><V8/><F18/><W102/><G102/><T134/><D134/><U34/><E34/><V12/><AGARI ba="0,0" hai="8,12,13,16,17,22,39,40,44,48,55,58,85,87" machi="12" ten="20,3900,0" yaku="0,1,7,1,54,1" doraHai="123" who="2" fromWho="2" sc="216,-13,234,-13,314,39,236,-13" /><INIT seed="2,1,0,2,5,22" ten="203,221,353,223" oya="2" hai0="114,118,44,1,106,62,93,20,87,52,26,31,97" hai1="85,9,63,49,53,100,102,65,69,70,40,88,41" hai2="38,135,96,13,73,60,72,128,51,77,32,42,119" hai3="113,130,8,34,131,24,89,23,19,12,50,4,103"/><V108/><F119/><W90/><G103/><T133/><D114/><U10/><E70/><V61/><F38/><W7/><G113/><T27/><D118/><U46/><E102/><V82/><F72/><W3/><G50/><T59/><D1/><U64/><E64/><V80/><F80/><W6/><G90/><T16/><D133/><U45/><E100/><V83/><F83/><W81/><G89/><N who="0" m="55471" /><D106/><U116/><E116/><V68/><F128/><N who="3" m="49195" /><G81/><T91/><D44/><U132/><E132/><V35/><F51/><W30/><AGARI ba="1,0" hai="3,4,6,7,8,12,19,23,24,30,34" m="49195" machi="30" ten="30,8000,1" yaku="24,1,19,1,34,2,52,1" doraHai="22" who="3" fromWho="3" sc="203,-21,221,-21,353,-41,223,83" /><INIT seed="3,0,0,0,0,61" ten="182,200,312,306" oya="3" hai0="106,117,34,64,24,102,49,68,71,114,133,29,23" hai1="72,132,130,80,75,99,110,45,131,107,70,90,116" hai2="124,59,47,1,46,4,57,91,41,103,12,100,120" hai3="17,63,0,111,20,96,9,7,2,113,105,15,82"/><W42/><G113/><T21/><D117/><U16/><E110/><V92/><F1/><W97/><G111/><T95/><D114/><U58/><E132/><V78/><F78/><W62/><G0/><T85/><D133/><U43/><E70/><V109/><F124/><W126/><G126/><T104/><D71/><U112/><E112/><V8/><F47/><W89/><G42/><T30/><D49/><U28/><E28/><V127/><F120/><W81/><G105/><T101/><D101/><N who="2" m="38986" /><F127/><W73/><G73/><T108/><D108/><U5/><E5/><V118/><F118/><W125/><G125/><T56/><D56/><U48/><E107/><V129/><F129/><N who="1" m="49161" /><E116/><V14/><F46/><W93/><G97/><N who="0" m="61775" /><D30/><U18/><E58/><V53/><F59/><W19/><G19/><N who="1" m="7210" /><E80/><V55/><F57/><W128/><G128/><T10/><D104/><U33/><E33/><V77/><F109/><W13/><G2/><T65/><D65/><U25/><E25/><V37/><F14/><W76/><G76/><T69/><D69/><U38/><E38/><V27/><F77/><W40/><G40/><T121/><D121/><U50/><E48/><V122/><F27/><W135/><G135/><T54/><D10/><U3/><E3/><V134/><F134/><W84/><G82/><T123/><D123/><U52/><E43/><V39/><F122/><W36/><G36/><N who="2" m="13897" /><F41/><W98/><G81/><T66/><D66/><U6/><E6/><V94/><F94/><AGARI ba="0,0" hai="45,50,52,72,75,90,94,99" m="7210,49161" machi="94" ten="30,3900,0" yaku="19,1,54,2" doraHai="61" who="1" fromWho="2" sc="182,0,200,39,312,-39,306,0" owari="182,-31.8,239,-16.1,273,7.3,306,40.6" /></mjloggm>