<mjloggm ver="2.3"><GO type="225" lobby="0"/><UN n0="%E3%81%B5%E3%81%98%E3%81%8B%E3%81%A4" n1="%E3%81%BF%E3%81%BF%E3%81%9A" n2="%77%72%77%72%77%72%77%72" n3="%E3%82%A2%E3%83%BC%E3%83%A2%E3%83%AD%E3%83%BC%E3%83%B4%E3%82%A1" dan="16,16,17,16" rate="2175.17,2236.90,2235.46,2165.81" sx="M,M,M,M"/><TAIKYOKU oya="0"/><INIT seed="0,0,0,1,2,135" ten="250,250,250,250" oya="0" hai0="85,17,94,63,52,59,60,93,42,8,19,4,9" hai1="22,37,102,55,108,125,3,121,120,43,49,53,113" hai2="98,74,81,96,118,48,71,109,50,126,28,80,0" hai3="12,95,73,105,29,76,67,106,33,91,92,70,46"/><T36/><D36/><U133/><E3/><V13/><F0/><W100/><G12/><T77/><D42/><U38/><E102/><V127/><F71/><W24/><G46/><T27/><D27/><U7/><E22/><V11/><F28/><W83/><G91/><T2/><D63/><U65/><E7/><V129/><F109/><W116/><G105/><T51/><D9/><U54/><E108/><V62/><F62/><N who="3" m="40311" /><G116/><T132/><D132/><U21/><E21/><V1/><F1/><W107/><G107/><T47/><D94/><U40/><E133/><V41/><F118/><W64/><G64/><T16/><D93/><U18/><E18/><V114/><F114/><W68/><G68/><T122/><D122/><N who="1" m="47211" /><E65/><V82/><F74/><W87/><G87/><T58/><REACH who="0" step="1"/><D60/><REACH who="0" ten="240,250,250,250" step="2"/><U119/><E119/><V25/><F25/><W75/><G92/><T72/><D72/><U86/><E86/><V103/><F41/><N who="1" m="15945" /><E113/><V99/><F103/><W66/><G73/><T110/><D110/><U61/><E61/><V89/><F11/><W115/><G115/><T5/><D5/><U6/><E6/><V134/><F134/><W88/><G66/><T131/><D131/><U44/><E125/><N who="2" m="47627" /><F129/><W30/><G75/><T101/><D101/><U23/><E23/><V31/><F31/><N who="3" m="19687" /><G100/><T45/><D45/><U97/><E97/><N who="2" m="37483" /><F13/><W14/><G14/><T34/><D34/><U39/><AGARI ba="0,1" hai="37,38,39,44,49,53,54,55" m="15945,47211" machi="39" ten="40,2700,0" yaku="34,2" doraHai="135" who="1" fromWho="1" sc="240,-13,250,37,250,-7,250,-7" /><INIT seed="1,0,0,1,2,83" ten="227,287,243,243" oya="1" hai0="64,49,69,36,89,108,76,111,17,38,3,16,52" hai1="127,78,72,20,131,34,134,10,24,15,14,50,31" hai2="92,63,7,60,66,53,65,5,23,126,46,8,122" hai3="82,26,105,88,94,4,112,54,132,42,99,128,45"/><U129/><E72/><V37/><F122/><W100/><G112/><T62/><D76/><U0/><E78/><V18/><F126/><W90/><G132/><T28/><D28/><U102/><E102/><V103/><F37/><W22/><G128/><N who="1" m="49226" /><E50/><N who="2" m="28887" /><F8/><W71/><G71/><T79/><D79/><U75/><E75/><V40/><F40/><W35/><G35/><T39/><D3/><U97/><E97/><N who="2" m="59815" /><F60/><W125/><G125/><T109/><REACH who="0" step="1"/><D89/><REACH who="0" ten="217,287,243,243" step="2"/><U2/><E127/><V51/><F5/><W58/><G4/><T91/><D91/><U81/><E134/><V67/><F7/><W41/><G90/><T115/><D115/><U55/><E0/><V6/><F6/><W130/><G130/><T93/><D93/><U80/><E2/><V123/><F123/><W61/><G82/><T12/><D12/><U121/><E121/><V104/><F104/><W96/><REACH who="3" step="1"/><G45/><AGARI ba="0,1" hai="16,17,36,38,39,45,49,52,62,64,69,108,109,111" machi="45" ten="50,8000,1" yaku="1,1,14,1,54,2,53,0" doraHai="83" doraHaiUra="9" who="0" fromWho="3" sc="217,90,287,0,243,0,243,-80" /><INIT seed="2,0,0,0,2,14" ten="307,287,243,163" oya="2" hai0="81,37,59,108,27,65,63,16,53,91,71,109,74" hai1="76,58,42,57,45,132,106,40,116,12,70,33,31" hai2="124,38,50,24,22,10,105,68,55,128,2,117,97" hai3="111,9,113,126,122,19,48,47,102,39,90,92,133"/><V73/><F117/><W61/><G122/><T15/><D37/><U82/><E116/><V5/><F73/><W123/><G123/><T18/><D27/><U64/><E106/><V104/><F38/><W114/><G39/><T51/><D15/><U0/><E0/><V95/><F68/><W110/><G102/><T119/><D119/><U88/><E132/><V134/><F134/><W29/><G29/><T129/><D129/><U93/><E70/><V1/><F1/><W52/><G133/><T112/><D112/><N who="3" m="43113" /><G61/><T69/><D69/><U101/><E101/><V60/><F60/><W120/><G120/><T107/><D107/><U7/><E31/><V79/><F128/><W54/><G54/><T21/><D21/><U3/><E3/><V86/><F124/><W72/><G72/><T46/><D71/><U98/><E33/><V80/><F55/><W96/><G126/><T66/><D66/><U28/><E28/><V20/><F50/><W84/><G84/><N who="0" m="50575" /><D74/><U75/><E64/><V87/><F87/><W94/><G94/><T100/><D100/><U99/><E98/><V34/><F105/><W130/><G130/><T125/><D125/><U30/><E30/><N who="2" m="19783" /><F104/><W131/><G131/><T67/><D65/><U121/><E121/><V35/><F35/><W17/><G9/><T89/><D89/><U11/><E42/><V127/><F127/><W13/><G13/><T25/><D25/><U8/><E11/><V43/><F43/><W6/><G6/><T78/><D78/><U36/><AGARI ba="0,0" hai="7,8,12,36,40,45,57,58,75,76,82,88,93,99" machi="36" ten="20,2700,0" yaku="0,1,7,1,54,1" doraHai="14" who="1" fromWho="1" sc="307,-7,287,27,243,-13,163,-7" /><INIT seed="3,0,0,1,3,66" ten="300,314,230,156" oya="3" hai0="61,53,16,18,117,45,101,62,24,132,84,125,11" hai1="17,37,2,76,97,49,64,110,21,34,109,31,48" hai2="55,33,126,40,122,116,59,63,74,43,73,65,60" hai3="78,115,22,82,88,77,111,7,105,87,83,81,103"/><W4/><G115/><T72/><D117/><U26/><E37/><V135/><F33/><W0/><G0/><T8/><D72/><U133/><E133/><V38/><F116/><W1/><G1/><T47/><D101/><U91/><E76/><N who="3" m="29290" /><G22/><N who="0" m="13383" /><D125/><U12/><E64/><V5/><F135/><W107/><G7/><T36/><D36/><U10/><E91/><V121/><F5/><W85/><G4/><T102/><D102/><U118/><E97/><V15/><F126/><W124/><G124/><T130/><D130/><U96/><E96/><V104/><F38/><W134/><G134/><T70/><D70/><U14/><E118/><V108/><F74/><W106/><G111/><N who="1" m="42506" /><E2/><V20/><F73/><W27/><G27/><T41/><D84/><N who="3" m="32329" /><G103/><T113/><D132/><U79/><E79/><V100/><F108/><W56/><G56/><N who="0" m="34959" /><D113/><U50/><E12/><V6/><F20/><AGARI ba="0,0" hai="10,14,17,20,21,26,31,34,48,49,50" m="42506" machi="20" ten="30,1000,0" yaku="14,1" doraHai="66" who="1" fromWho="2" sc="300,0,314,10,230,-10,156,0" owari="300,10.0,324,42.4,220,-18.0,156,-34.4" /></mjloggm>