<mjloggm ver="2.3"><GO type="225" lobby="0"/><UN n0="%E3%81%A1%E3%82%85%E3%81%86%E3%81%A9%E3%81%8F%E8%B1%A1%E3%81%95%E3%82%93" n1="%E3%81%A9%E3%82%8F%E3%82%93%E3%81%94" n2="%43%68%65" n3="%73%6C%69%63%6B%33%31%39" dan="17,16,16,16" rate="2200.45,2180.10,2118.09,2190.53" sx="M,M,M,M"/><TAIKYOKU oya="0"/><INIT seed="0,0,0,1,0,84" ten="250,250,250,250" oya="0" hai0="70,106,46,126,120,76,125,67,102,82,38,0,25" hai1="88,48,109,108,13,42,92,112,40,93,65,18,96" hai2="73,72,66,129,32,58,15,127,74,6,51,33,56" hai3="35,61,128,49,105,117,99,77,31,80,113,54,79"/><T95/><D120/><U75/><E75/><V132/><F127/><N who="0" m="48650" /><D0/><U123/><E123/><V26/><F129/><W11/><G113/><T12/><D25/><U7/><E7/><V124/><F124/><W68/><G117/><T55/><D12/><U50/><E112/><V47/><F132/><W5/><G128/><T1/><D1/><U69/><E69/><V114/><F114/><W41/><G41/><N who="1" m="15978" /><E65/><V39/><F39/><W107/><G31/><T10/><D10/><N who="1" m="6455" /><E93/><V130/><F6/><W103/><G35/><T24/><D24/><U22/><E22/><V101/><F26/><W100/><G68/><T87/><D38/><U60/><E60/><V85/><F15/><W37/><G37/><T110/><D110/><AGARI ba="0,0" hai="48,50,88,92,96,108,109,110" m="6455,15978" machi="110" ten="30,3900,0" yaku="14,1,52,1,54,1" doraHai="84" who="1" fromWho="0" sc="250,-39,250,39,250,0,250,0" /><INIT seed="1,0,0,2,5,75" ten="211,289,250,250" oya="1" hai0="94,105,52,25,4,115,45,65,27,83,93,134,72" hai1="79,119,63,36,73,117,41,20,80,34,19,123,48" hai2="60,62,64,11,26,98,38,124,91,135,70,21,133" hai3="112,90,16,30,108,37,57,113,40,128,22,69,53"/><U77/><E123/><V88/><F38/><W31/><G69/><T14/><D115/><U102/><E36/><V82/><F124/><W74/><G74/><T71/><D105/><U50/><E34/><V87/><F11/><W100/><G100/><T12/><D71/><U43/><E102/><V0/><F62/><W107/><G107/><T126/><D65/><U56/><E73/><V132/><F0/><W116/><G108/><T103/><D126/><U51/><E117/><V54/><F54/><W28/><G116/><T6/><D72/><U33/><E80/><V131/><F131/><W29/><N who="3" m="7168" /><DORA hai="8" /><W101/><G101/><T1/><D83/><U18/><E33/><V47/><F47/><W97/><G128/><T125/><D125/><U81/><E81/><V15/><F15/><N who="0" m="5674" /><D1/><U5/><E5/><N who="0" m="2153" /><D134/><U89/><E119/><V96/><F91/><W86/><G90/><T66/><D66/><N who="1" m="39271" /><E89/><V68/><F68/><W118/><G118/><T61/><D103/><U23/><E43/><V35/><F35/><W78/><G40/><T130/><D130/><U2/><E41/><V121/><F121/><W7/><G37/><T129/><D129/><U99/><E2/><V59/><F70/><W55/><G113/><T17/><D61/><U9/><E9/><V24/><F21/><N who="1" m="8265" /><E99/><AGARI ba="0,0" hai="24,26,59,60,64,82,87,88,96,98,99,132,133,135" machi="99" ten="40,2600,0" yaku="20,1,54,1" doraHai="75,8" who="2" fromWho="1" sc="211,0,289,-26,250,26,250,0" /><INIT seed="2,0,0,2,0,88" ten="211,263,276,250" oya="2" hai0="112,118,44,79,38,27,17,114,82,91,123,121,90" hai1="81,73,83,135,22,50,37,66,26,94,76,55,116" hai2="124,120,134,105,87,119,104,6,31,102,5,29,30" hai3="70,93,126,54,34,58,131,113,40,63,132,96,65"/><V2/><F119/><W75/><G34/><T77/><D38/><U7/><E116/><V8/><F120/><N who="0" m="46154" /><D44/><U109/><E37/><V4/><F124/><W115/><G75/><N who="0" m="43327" /><D17/><U12/><E109/><V25/><F134/><W72/><G72/><T49/><D49/><U103/><E135/><V85/><F25/><W14/><G132/><T3/><D27/><U56/><E66/><V13/><F102/><W0/><G0/><T10/><D10/><N who="1" m="4191" /><E76/><V59/><F59/><W95/><G126/><T74/><D3/><U117/><E73/><V99/><F2/><W39/><G14/><T122/><N who="0" m="46162" /><T9/><DORA hai="128" /><D9/><U51/><E51/><V98/><F13/><W36/><G131/><T68/><D68/><U23/><E117/><V15/><F15/><W16/><G16/><T125/><D118/><U20/><E26/><V45/><F45/><N who="3" m="23687" /><G39/><T19/><D19/><U41/><E41/><V60/><F60/><W42/><G42/><T67/><D67/><U11/><E11/><V1/><F8/><W106/><G65/><T33/><D33/><U111/><E111/><V101/><F1/><W61/><G61/><T52/><D125/><U108/><E108/><V84/><F101/><N who="3" m="62759" /><G70/><T129/><D129/><U57/><E57/><V18/><F18/><W71/><G71/><T69/><D69/><U43/><E43/><V80/><F80/><W127/><G127/><T107/><D107/><AGARI ba="0,0" hai="4,5,6,29,30,31,84,85,87,98,99,104,105,107" machi="107" ten="50,12000,1" yaku="29,2,28,2" doraHai="88,128" who="2" fromWho="0" sc="211,-120,263,0,276,120,250,0" /><INIT seed="2,1,0,4,1,87" ten="91,263,396,250" oya="2" hai0="51,90,120,84,114,97,79,11,0,28,96,130,109" hai1="19,134,58,92,18,125,21,7,34,94,102,91,12" hai2="30,35,80,76,65,16,45,15,126,85,107,123,119" hai3="73,133,2,6,25,32,42,83,4,116,110,9,47"/><V118/><F123/><W36/><G6/><T121/><D114/><U129/><E134/><V128/><F107/><W69/><G133/><T108/><D28/><U8/><E129/><V24/><F128/><W60/><G110/><N who="0" m="42603" /><D51/><U132/><E125/><V135/><F126/><W48/><G116/><T101/><D11/><U112/><E34/><V71/><F135/><W115/><G48/><T66/><D66/><U99/><E112/><V111/><F111/><W53/><G115/><T122/><D0/><U95/><E132/><V63/><REACH who="2" step="1"/><F45/><REACH who="2" ten="91,263,386,250" step="2"/><W3/><G47/><T14/><D130/><U86/><E58/><V89/><F89/><W23/><G69/><T33/><D79/><U67/><E91/><V103/><F103/><W20/><G2/><T5/><D101/><U78/><E102/><V29/><F29/><W72/><G3/><T38/><D121/><U124/><E78/><V10/><AGARI ba="1,1" hai="10,15,16,24,30,35,63,65,71,76,80,85,118,119" machi="10" ten="20,7800,0" yaku="1,1,0,1,7,1,54,1,53,0" doraHai="87" doraHaiUra="52" who="2" fromWho="2" sc="91,-27,263,-27,386,91,250,-27" /><INIT seed="2,2,0,0,3,109" ten="64,236,477,223" oya="2" hai0="98,57,122,29,102,11,1,61,118,125,120,59,16" hai1="78,66,56,111,93,127,51,119,32,63,50,45,117" hai2="5,38,65,67,70,62,42,69,107,124,116,26,15" hai3="24,13,22,115,47,101,40,30,129,75,52,41,3"/><V130/><F116/><N who="1" m="44617" /><E93/><V10/><F107/><W0/><G75/><T35/><D118/><U53/><E78/><V36/><F130/><W95/><G129/><T135/><D135/><U85/><E85/><V87/><F124/><W34/><G34/><T27/><D125/><U92/><E92/><V7/><F7/><W133/><G133/><T48/><D48/><N who="1" m="28815" /><E32/><V68/><F26/><W43/><G115/><T46/><D46/><U90/><E90/><V73/><F73/><W86/><G0/><T9/><D59/><U60/><E127/><V25/><F25/><W128/><G3/><T44/><D44/><U20/><E20/><V108/><F70/><W110/><G110/><T84/><D84/><U131/><E111/><V17/><F5/><W121/><G128/><T132/><D132/><U104/><E104/><V28/><F28/><W31/><G31/><T112/><D112/><U134/><E134/><V37/><F87/><W14/><G121/><T79/><D79/><U58/><E131/><V106/><F106/><W72/><G72/><T103/><D103/><U123/><E123/><V113/><F113/><W49/><REACH who="3" step="1"/><G86/><REACH who="3" ten="64,236,477,213" step="2"/><T2/><D120/><U82/><E82/><V55/><F108/><W39/><G39/><T94/><D122/><U6/><E6/><V12/><F37/><W77/><G77/><T91/><D102/><U96/><E96/><AGARI ba="2,1" hai="13,14,22,24,30,40,41,43,47,49,52,95,96,101" machi="96" ten="40,5200,0" yaku="1,1,8,1,54,1,53,0" doraHai="109" doraHaiUra="76" who="3" fromWho="1" sc="64,0,236,-58,477,0,213,68" /><INIT seed="3,0,0,5,3,33" ten="64,178,477,281" oya="3" hai0="44,35,36,53,4,90,48,6,0,111,124,54,21" hai1="120,1,110,2,67,58,115,101,41,49,55,134,73" hai2="16,18,99,97,109,122,5,89,40,72,117,42,38" hai3="13,93,64,135,116,96,27,129,56,19,63,29,45"/><W114/><G129/><T57/><D35/><U132/><E120/><V126/><F117/><W50/><G135/><N who="1" m="51754" /><E115/><V100/><F72/><W79/><G116/><T51/><D111/><U75/><E101/><V26/><F5/><W70/><G114/><T22/><D124/><U121/><E121/><V133/><F38/><W80/><G70/><T52/><D36/><U12/><E110/><V25/><F89/><W95/><G96/><T66/><D66/><U127/><E127/><V78/><F100/><W85/><G27/><T102/><D102/><U46/><E12/><V20/><F78/><W10/><REACH who="3" step="1"/><G29/><REACH who="3" ten="64,178,477,271" step="2"/><T62/><D90/><U24/><E24/><V61/><F26/><W108/><G108/><T71/><D71/><U88/><E75/><V31/><F31/><W23/><G23/><T65/><D21/><U60/><E73/><V83/><F20/><W106/><G106/><T87/><D22/><U68/><E88/><V112/><F25/><W123/><G123/><T104/><D104/><U47/><E68/><V15/><F99/><W30/><G30/><T28/><D28/><U76/><E76/><V11/><F97/><W37/><G37/><AGARI ba="0,1" hai="1,2,37,41,46,47,49,55,58,60,67" m="51754" machi="37" ten="30,3900,0" yaku="20,1,52,2" doraHai="33" who="1" fromWho="3" sc="64,0,178,49,477,0,271,-39" owari="64,-43.6,227,-17.3,477,57.7,232,3.2" /></mjloggm>