<mjloggm ver="2.3"><GO type="225" lobby="0"/><UN n0="%73%6C%69%63%6B%33%31%39" n1="%E3%83%A9%E3%83%BC%E3%83%A1%E3%83%B3%E4%BA%94%E9%83%8E" n2="%E3%81%82%E3%81%B9%E3%81%99%E3%81%91" n3="%E6%A1%9C%E8%8A%B1%E9%96%83%E3%80%85" dan="16,16,16,16" rate="2106.28,2090.63,2091.11,2099.03" sx="M,M,M,M"/><TAIKYOKU oya="0"/><INIT seed="0,0,0,1,1,7" ten="250,250,250,250" oya="0" hai0="107,57,49,85,74,127,86,2,66,106,17,40,91" hai1="133,99,11,28,89,110,6,27,87,72,52,31,115" hai2="18,112,102,122,116,61,38,23,51,8,50,120,16" hai3="56,124,9,76,43,80,104,3,95,67,105,131,78"/><T79/><D2/><U15/><E72/><V119/><F112/><W33/><G33/><T93/><D66/><U128/><E115/><V55/><F38/><W103/><G124/><T25/><D127/><U24/><E110/><V53/><F102/><W34/><G34/><T101/><D40/><U71/><E133/><V62/><REACH who="2" step="1"/><F23/><REACH who="2" ten="250,250,240,250" step="2"/><W73/><G103/><T59/><D101/><U135/><E135/><V81/><F81/><W82/><G80/><T125/><D125/><U26/><E128/><V32/><F32/><W129/><G82/><T39/><D39/><U48/><E71/><V100/><F100/><W69/><G69/><T98/><D107/><U77/><E77/><V60/><F60/><W111/><G78/><T123/><D106/><U63/><E63/><V96/><F96/><W126/><G76/><T37/><D37/><U113/><E99/><V29/><F29/><W36/><G36/><T45/><D98/><U97/><E97/><V20/><F20/><W35/><G105/><T4/><D79/><U109/><E113/><V65/><F65/><W117/><G67/><T12/><D86/><U88/><E109/><V19/><F19/><W121/><G104/><T5/><D17/><U90/><E87/><V42/><F42/><W92/><G43/><T46/><D85/><U70/><E70/><V14/><F14/><W21/><G111/><T0/><D12/><U1/><E1/><V130/><F130/><W75/><G129/><T134/><D134/><U10/><E11/><AGARI ba="0,1" hai="8,11,16,18,50,51,53,55,61,62,116,119,120,122" machi="11" ten="25,12000,2" yaku="1,1,22,2,52,2,54,1,53,0" doraHai="7" doraHaiUra="68" who="2" fromWho="1" sc="250,0,250,-120,240,130,250,0" /><INIT seed="1,0,0,4,0,67" ten="250,130,370,250" oya="1" hai0="19,119,107,15,53,10,34,73,134,71,17,85,108" hai1="37,20,3,94,11,63,90,30,101,29,124,98,123" hai2="92,22,115,74,106,75,114,96,7,25,39,79,60" hai3="0,48,41,21,65,56,43,36,61,97,46,80,82"/><U1/><E123/><V93/><F39/><W35/><G35/><T33/><D73/><U105/><E124/><V132/><F7/><W5/><G21/><T130/><D107/><U50/><E37/><V120/><F120/><W126/><G126/><T66/><D119/><U128/><E128/><V81/><F132/><W24/><G24/><T8/><D134/><U4/><E1/><V91/><F75/><W83/><G97/><T26/><D130/><U14/><E50/><V109/><F109/><W47/><REACH who="3" step="1"/><G83/><REACH who="3" ten="250,130,370,240" step="2"/><T58/><D34/><U99/><REACH who="1" step="1"/><E63/><REACH who="1" ten="250,120,370,240" step="2"/><V77/><F60/><W78/><G78/><T55/><D33/><U13/><E13/><V111/><F79/><W49/><G49/><T45/><D15/><U59/><E59/><V31/><F77/><W104/><G104/><T40/><D58/><U18/><AGARI ba="0,2" hai="3,4,11,14,18,20,29,30,90,94,98,99,101,105" machi="18" ten="30,3000,0" yaku="1,1,0,1,53,0" doraHai="67" doraHaiUra="52" who="1" fromWho="1" sc="250,-10,120,50,370,-10,240,-10" /><INIT seed="1,1,0,5,1,86" ten="240,170,360,230" oya="1" hai0="57,58,36,84,68,89,10,121,12,125,45,69,35" hai1="60,117,52,124,66,115,18,50,33,4,53,105,123" hai2="26,16,78,22,23,74,108,19,0,11,79,110,5" hai3="24,32,112,91,28,119,3,103,41,55,76,13,71"/><U80/><E115/><V20/><F74/><W8/><G112/><T25/><D125/><U72/><E117/><V1/><F79/><W81/><G119/><T88/><D35/><U7/><E123/><V42/><F42/><W97/><G3/><N who="2" m="1097" /><F78/><W122/><G71/><T15/><D25/><U93/><E124/><V106/><F106/><W111/><G111/><N who="2" m="42537" /><F26/><W131/><G41/><T6/><D121/><U101/><E105/><V49/><F49/><W37/><G37/><T109/><D109/><U126/><E126/><V77/><F77/><W47/><G76/><T65/><D36/><U9/><E72/><V21/><N who="2" m="5120" /><DORA hai="43" /><V98/><F98/><W118/><G97/><T39/><D39/><U128/><E80/><V61/><F61/><W75/><G75/><T92/><D15/><AGARI ba="1,0" hai="5,11,15,16,19" m="5120,42537,1097" machi="15" ten="50,8000,1" yaku="14,1,34,2,54,1" doraHai="86,43" who="2" fromWho="0" sc="240,-83,170,0,360,83,230,0" /><INIT seed="2,0,0,3,3,111" ten="157,170,443,230" oya="2" hai0="31,24,78,90,57,19,96,11,51,130,131,81,101" hai1="36,133,109,92,39,18,103,86,14,126,30,64,49" hai2="114,128,29,9,53,122,2,68,35,119,84,108,22" hai3="104,83,63,89,98,5,44,65,95,94,124,67,4"/><V129/><F114/><W37/><G104/><T62/><D51/><U105/><E109/><V38/><F38/><W42/><G124/><T91/><D11/><U55/><E126/><V16/><F68/><W52/><G83/><T88/><D19/><U100/><E133/><V135/><F119/><W0/><G0/><T33/><D57/><U46/><E30/><V50/><F108/><W97/><G52/><T7/><D7/><U43/><E105/><V12/><F122/><W60/><G60/><T123/><D62/><U106/><E106/><V71/><F84/><W127/><G67/><T80/><D123/><U1/><E1/><V54/><F71/><W110/><G110/><T13/><D13/><U118/><E118/><V79/><F79/><W82/><G82/><T59/><D59/><U69/><E36/><V23/><F23/><W70/><G127/><T27/><D27/><U41/><E64/><V8/><F135/><W56/><G70/><T20/><D20/><N who="1" m="11351" /><E39/><V21/><F21/><W77/><G77/><T47/><D47/><U113/><E69/><V102/><F9/><W32/><G32/><T75/><REACH who="0" step="1"/><D80/><REACH who="0" ten="147,170,443,230" step="2"/><U10/><E10/><V15/><F50/><W6/><G4/><T45/><D45/><U93/><E46/><V112/><F8/><W87/><G5/><T117/><D117/><U120/><E120/><V125/><F15/><W134/><G6/><T74/><D74/><U25/><E49/><V121/><F12/><W76/><G37/><T61/><D61/><U58/><E25/><N who="2" m="14535" /><F121/><W48/><G48/><T3/><D3/><U28/><E28/><RYUUKYOKU ba="0,1" sc="147,30,170,-10,443,-10,230,-10" hai0="24,31,33,75,78,81,88,90,91,96,101,130,131" /><INIT seed="3,1,1,1,5,35" ten="177,160,433,220" oya="3" hai0="130,99,126,40,43,96,31,17,8,111,63,67,12" hai1="71,14,103,90,74,85,55,10,134,9,22,133,97" hai2="69,42,18,80,47,87,109,86,68,132,100,36,107" hai3="24,49,27,53,125,114,106,81,101,123,92,77,3"/><W70/><G114/><T116/><D116/><U13/><E74/><V113/><F109/><W37/><G37/><T131/><D111/><U98/><E71/><V33/><F33/><W84/><G123/><T135/><D31/><U48/><E22/><V121/><F113/><W94/><G70/><N who="0" m="42367" /><D126/><U75/><E75/><V20/><F132/><N who="1" m="50793" /><E14/><V30/><F30/><W19/><G27/><T66/><D66/><U44/><E103/><V6/><F6/><W58/><G101/><T102/><D135/><U26/><E26/><V129/><F129/><N who="0" m="49162" /><D99/><N who="1" m="37899" /><E13/><V5/><F107/><AGARI ba="1,1" hai="8,12,17,40,43,96,102,107" m="49162,42367" machi="107" ten="30,1000,0" yaku="19,1" doraHai="35" who="0" fromWho="2" sc="177,23,160,0,433,-13,220,0" owari="200,-20.0,160,-34.0,420,52.0,220,2.0" /></mjloggm>