<mjloggm ver="2.3"><GO type="225" lobby="0"/><UN n0="%33%74%72%65%65" n1="%E6%9D%B1%E9%A2%A8%E3%81%AE%E3%81%8D%E3%82%83%E3%81%B7%E3%81%95%E3%82%93" n2="%74%61%6B%75%61%6B%61" n3="%E3%82%80%E3%83%BC%E3%82%93%E3%81%82%E3%81%84%E3%81%9A" dan="16,17,16,16" rate="2121.46,2198.97,2100.32,2105.34" sx="F,M,M,M"/><TAIKYOKU oya="0"/><INIT seed="0,0,0,5,4,26" ten="250,250,250,250" oya="0" hai0="101,70,43,41,82,24,129,86,50,14,6,124,128" hai1="69,95,132,133,134,107,25,22,9,49,29,8,2" hai2="72,130,47,79,126,110,83,94,4,88,0,19,113" hai3="131,84,57,38,48,115,91,97,68,112,46,32,45"/><T51/><D70/><U44/><E107/><V89/><F113/><W108/><G68/><T5/><D101/><U27/><E69/><V100/><F110/><W7/><G108/><T81/><D24/><U78/><E2/><V16/><F126/><W37/><G7/><T11/><D124/><U103/><E78/><V1/><F130/><N who="0" m="50282" /><D6/><U135/><N who="1" m="33792" /><DORA hai="104" /><U15/><E27/><V109/><F109/><W125/><G91/><N who="0" m="51663" /><D82/><U117/><E117/><V54/><F100/><W93/><G125/><T123/><D123/><U65/><E65/><V61/><F89/><W73/><G115/><T98/><D98/><N who="1" m="59871" /><E15/><V118/><F118/><W40/><G97/><T99/><D99/><U77/><E77/><V59/><F47/><W85/><G46/><T55/><D55/><AGARI ba="0,0" hai="8,9,22,25,29,44,49,55" m="59871,33792" machi="55" ten="60,3900,0" yaku="20,1,52,1" doraHai="26,104" who="1" fromWho="0" sc="250,-39,250,39,250,0,250,0" /><INIT seed="1,0,0,0,0,12" ten="211,289,250,250" oya="1" hai0="7,95,119,90,96,66,30,94,54,113,128,53,20" hai1="74,58,120,19,43,25,125,117,88,62,3,65,115" hai2="23,15,27,81,60,64,49,77,131,78,22,2,59" hai3="86,9,80,56,127,126,32,35,71,72,50,38,70"/><U129/><E74/><V99/><F2/><W45/><G72/><T110/><D113/><U135/><E3/><V13/><F131/><W92/><G92/><T47/><D119/><U16/><E117/><V48/><F99/><W101/><G101/><T21/><D128/><U31/><E115/><V52/><F48/><W46/><G56/><T33/><D110/><U69/><E120/><V105/><F105/><W14/><G38/><T106/><D106/><U134/><E129/><V17/><F81/><W114/><G114/><T76/><D76/><U44/><E125/><N who="3" m="47626" /><G32/><T37/><D7/><U63/><E88/><V8/><F13/><W87/><G35/><T55/><D66/><N who="1" m="41175" /><E31/><V118/><F118/><W108/><G108/><T36/><D95/><U89/><E25/><V41/><F41/><N who="3" m="24879" /><G46/><T124/><D124/><U75/><E89/><V40/><F40/><W28/><G28/><T34/><D30/><U116/><E75/><V67/><F67/><W91/><G87/><T97/><D33/><U5/><E5/><AGARI ba="0,0" hai="5,9,14,70,71,80,86,91" m="24879,47626" machi="5" ten="30,1000,0" yaku="18,1" doraHai="12" who="3" fromWho="1" sc="211,0,289,-10,250,0,250,10" /><INIT seed="2,0,0,4,5,81" ten="211,279,250,260" oya="2" hai0="72,23,41,132,68,58,94,55,36,135,28,21,130" hai1="118,46,131,42,67,113,12,18,31,53,134,103,30" hai2="17,8,102,22,14,47,32,10,16,64,65,20,78" hai3="84,96,73,11,0,86,108,129,112,59,101,3,49"/><V38/><F32/><W106/><G73/><T45/><D72/><U52/><E113/><V27/><F102/><W13/><G112/><T43/><D43/><U127/><E67/><V114/><F114/><W50/><G129/><T126/><D130/><U63/><E103/><V70/><F78/><W89/><G108/><T37/><D37/><U133/><E118/><V116/><F116/><W111/><G111/><T5/><D68/><U97/><E97/><V119/><F119/><W1/><G59/><T110/><D110/><U34/><E131/><V104/><F104/><W74/><G74/><T115/><D115/><U24/><E127/><V7/><F70/><W124/><G124/><T33/><D5/><U69/><E30/><V128/><F128/><W91/><G91/><T57/><D57/><U2/><E2/><V99/><F99/><W66/><G66/><T107/><D107/><U48/><E69/><V117/><F8/><W61/><G61/><N who="0" m="36063" /><D94/><U75/><E63/><V26/><REACH who="2" step="1"/><F117/><REACH who="2" ten="211,279,240,260" step="2"/><W82/><REACH who="3" step="1"/><G86/><REACH who="3" ten="211,279,240,250" step="2"/><T51/><D126/><U54/><REACH who="1" step="1"/><E75/><REACH who="1" ten="211,269,240,250" step="2"/><V6/><F6/><AGARI ba="0,3" hai="0,1,3,6,11,13,49,50,82,84,89,96,101,106" machi="6" ten="40,8000,1" yaku="1,1,2,1,52,1,53,2" doraHai="81" doraHaiUra="44" who="3" fromWho="2" sc="211,0,269,0,240,-80,250,110" /><INIT seed="3,0,0,5,3,31" ten="211,269,160,360" oya="3" hai0="131,117,3,121,61,112,72,104,58,37,101,29,94" hai1="81,84,6,108,17,65,78,73,66,118,111,43,38" hai2="36,55,127,102,133,129,9,13,60,25,109,44,123" hai3="45,86,135,122,40,1,53,46,10,132,50,19,100"/><W91/><G122/><T105/><D101/><U90/><E17/><V64/><F109/><N who="1" m="42057" /><E6/><V42/><F127/><W107/><G100/><T98/><D29/><U27/><E27/><V130/><F133/><N who="3" m="51275" /><G107/><T0/><D94/><N who="1" m="54599" /><E118/><V4/><F123/><W99/><G99/><T79/><D98/><U69/><E69/><V32/><F102/><W18/><G10/><T88/><D58/><U28/><E28/><V56/><F25/><W115/><G115/><T116/><D104/><U97/><E97/><V120/><F120/><W77/><G77/><T113/><D79/><U68/><E68/><V47/><F47/><AGARI ba="0,0" hai="38,43,47,65,66,73,78,81" m="54599,42057" machi="47" ten="30,1000,0" yaku="14,1" doraHai="31" who="1" fromWho="2" sc="211,0,269,10,160,-10,360,0" owari="211,-18.9,279,7.9,150,-35.0,360,46.0" /></mjloggm>