<mjloggm ver="2.3"><GO type="225" lobby="0"/><UN n0="%E5%A4%96%E5%B7%9D%E7%AB%9C%E6%88%90" n1="%E6%97%A5%E6%9B%9C%E6%97%A5%E3%82%88%E3%82%8A%E3%81%AE%E4%BD%BF%E8%80%85" n2="%73%6C%69%63%6B%33%31%39" n3="%E7%B4%94%E6%BD%94%E3%83%94%E3%83%A9%E3%83%8B%E3%82%A2" dan="16,18,16,17" rate="2214.34,2189.05,2186.51,2209.50" sx="M,M,M,M"/><TAIKYOKU oya="0"/><INIT seed="0,0,0,1,0,131" ten="250,250,250,250" oya="0" hai0="101,68,87,130,53,73,67,94,108,98,82,83,21" hai1="114,63,135,38,40,100,17,76,30,39,88,133,69" hai2="132,134,15,89,61,23,125,111,79,11,41,124,97" hai3="119,110,4,109,52,33,113,74,51,104,102,32,90"/><T120/><D67/><N who="1" m="41215" /><E100/><V127/><F111/><N who="3" m="42507" /><G74/><T25/><D68/><U58/><E76/><V62/><F41/><W77/><G77/><T126/><D120/><U91/><E30/><V12/><F79/><W60/><G60/><N who="2" m="23145" /><F23/><W129/><G119/><T85/><D126/><U81/><E114/><V96/><F15/><W121/><G113/><T8/><D130/><U75/><E58/><V118/><F118/><W37/><G37/><N who="1" m="13834" /><E17/><N who="2" m="8351" /><F89/><W20/><G90/><T117/><D117/><U70/><E70/><V47/><F47/><W99/><G129/><T80/><D108/><U86/><E40/><V122/><F122/><W5/><G20/><T1/><D73/><U106/><E75/><V123/><F123/><W57/><G121/><T22/><D22/><U24/><E24/><V116/><F116/><W93/><G93/><T84/><D53/><U48/><E106/><V103/><F96/><W72/><G72/><T0/><REACH who="0" step="1"/><D8/><REACH who="0" ten="240,250,250,250" step="2"/><U2/><E91/><V36/><F36/><W46/><G46/><T59/><D59/><U7/><E48/><V71/><F71/><W128/><G128/><T19/><AGARI ba="0,1" hai="0,1,19,21,25,80,82,83,84,85,87,94,98,101" machi="19" ten="30,3000,0" yaku="1,1,0,1,53,0" doraHai="131" doraHaiUra="54" who="0" fromWho="0" sc="240,40,250,-10,250,-10,250,-10" /><INIT seed="0,1,0,1,2,12" ten="280,240,240,240" oya="0" hai0="69,19,50,99,29,110,117,28,102,98,47,115,85" hai1="46,39,2,111,21,58,38,84,0,4,55,132,75" hai2="95,25,30,64,51,72,31,48,27,8,79,66,127" hai3="80,97,65,78,82,123,100,35,70,61,134,37,128"/><T11/><D115/><U18/><E75/><V94/><F72/><W3/><G3/><T9/><D69/><U116/><E116/><V109/><F79/><W36/><G123/><T106/><D117/><U49/><E111/><V59/><F109/><W81/><G128/><T96/><D110/><U101/><E132/><V52/><F8/><W60/><G78/><T57/><D57/><U118/><E118/><V130/><F130/><W76/><G76/><T129/><D9/><U43/><E101/><V120/><F120/><W62/><G35/><T68/><D68/><U77/><E4/><V124/><F59/><W26/><G26/><T89/><D102/><U22/><E39/><V17/><F52/><W56/><G61/><T7/><D7/><U103/><E103/><V93/><F93/><W45/><G45/><T16/><D106/><U104/><E104/><V131/><F131/><W87/><G87/><T32/><D32/><U105/><E105/><V20/><F20/><W86/><G86/><T126/><D126/><U10/><E10/><V5/><F5/><W1/><G1/><T71/><D71/><U112/><E22/><V40/><F40/><W91/><G100/><T125/><D125/><U88/><E77/><V44/><F44/><W42/><G42/><N who="0" m="24951" /><D129/><U121/><E121/><V83/><F83/><W41/><G41/><T133/><D133/><U63/><E112/><V92/><F92/><N who="3" m="56479" /><G134/><T34/><D34/><U54/><E43/><V53/><F53/><N who="3" m="33807" /><G36/><T108/><D108/><U119/><E119/><V14/><F14/><W135/><G135/><T33/><D33/><RYUUKYOKU ba="1,0" sc="280,-15,240,-15,240,15,240,15" hai2="17,25,27,30,31,48,51,64,66,94,95,124,127" hai3="37,62,65,70,80,81,82" /><INIT seed="1,2,0,3,5,5" ten="265,225,255,255" oya="1" hai0="122,89,9,128,22,61,87,92,44,48,39,28,14" hai1="47,88,8,100,86,54,58,116,91,73,56,99,18" hai2="74,126,21,12,65,108,0,96,31,6,123,79,107" hai3="114,77,27,46,62,76,33,15,63,71,80,119,59"/><U109/><E116/><V112/><F123/><W97/><G114/><T134/><D39/><U40/><E73/><V68/><F112/><W1/><G1/><T117/><D117/><U75/><E75/><V43/><F43/><W53/><G119/><T133/><D128/><U78/><E78/><V125/><F0/><W93/><G46/><T132/><D122/><U118/><E118/><V105/><F108/><W94/><G94/><T41/><D61/><U26/><E109/><V85/><F74/><W55/><G80/><T3/><D3/><U16/><E26/><V130/><F130/><W24/><G15/><T64/><D64/><U23/><E23/><V51/><F51/><W37/><G37/><T98/><D28/><U13/><E18/><V83/><F65/><W52/><G71/><T84/><REACH who="0" step="1"/><D22/><REACH who="0" ten="255,225,255,255" step="2"/><U32/><E32/><V103/><F31/><W95/><G33/><T50/><D50/><N who="1" m="29023" /><E40/><V20/><F20/><W115/><G115/><T45/><D45/><U11/><E11/><V19/><F21/><W121/><G121/><T135/><N who="0" m="33792" /><DORA hai="120" /><T102/><D102/><U127/><E100/><V4/><F103/><W70/><G53/><T90/><D90/><U42/><E42/><V69/><F79/><W111/><G111/><T101/><D101/><U104/><E16/><AGARI ba="2,1" hai="9,14,16,41,44,48,84,87,89,92,98" m="33792" machi="16" ten="70,8000,1" yaku="1,1,20,1,52,1,54,1,53,0" doraHai="5,120" doraHaiUra="106,110" who="0" fromWho="1" sc="255,96,225,-86,255,0,255,0" /><INIT seed="2,0,0,0,5,100" ten="351,139,255,255" oya="2" hai0="86,31,83,132,64,110,99,97,121,66,130,102,135" hai1="40,18,122,68,120,80,79,103,38,87,42,41,124" hai2="94,11,72,109,78,67,30,105,104,117,51,89,49" hai3="3,14,108,9,62,26,5,2,92,23,115,48,113"/><V56/><F117/><W111/><G48/><T27/><D121/><U90/><E68/><V45/><F30/><N who="3" m="17759" /><G62/><T69/><D110/><N who="3" m="42025" /><G92/><T16/><D16/><U57/><E38/><V35/><F35/><W126/><G126/><T106/><D99/><U73/><E124/><V52/><F109/><W131/><G131/><T125/><D130/><U123/><E103/><V55/><F67/><W93/><G93/><T82/><D82/><U74/><E79/><V0/><F0/><AGARI ba="0,0" hai="0,2,3,5,9,14,113,115" m="42025,17759" machi="0" ten="30,3900,0" yaku="14,1,34,2" doraHai="100" who="3" fromWho="2" sc="351,0,139,0,255,-39,255,39" /><INIT seed="3,0,0,4,5,0" ten="351,139,216,294" oya="3" hai0="124,7,65,63,17,109,21,129,125,75,112,61,85" hai1="68,62,53,74,79,101,104,87,36,108,28,34,13" hai2="115,114,91,58,26,84,24,71,106,22,128,123,78" hai3="127,33,32,83,25,10,94,38,76,72,37,120,5"/><W92/><G120/><T95/><D75/><U47/><E108/><V12/><F71/><W15/><G127/><N who="0" m="48715" /><D109/><U41/><E13/><V60/><F106/><W4/><G4/><T70/><D129/><U90/><E79/><V14/><F128/><W67/><G67/><T81/><D7/><U35/><E74/><V107/><F107/><W97/><G92/><T89/><D112/><U52/><E35/><V105/><F105/><W73/><G72/><T39/><D39/><U31/><E68/><V100/><F100/><W57/><G57/><T103/><D103/><U131/><E131/><V77/><F123/><W96/><G96/><T49/><D49/><U64/><E31/><V116/><F116/><W133/><G133/><T51/><D51/><U119/><E119/><V42/><F42/><W20/><G38/><T110/><D110/><U117/><E117/><V40/><F24/><W48/><G48/><T30/><D30/><U88/><E28/><V6/><F91/><W3/><G3/><T11/><D11/><U59/><E34/><V122/><F14/><W19/><G37/><T45/><D45/><U8/><E8/><V82/><F78/><W29/><G29/><T135/><D135/><U9/><E9/><V43/><F22/><W121/><G121/><T54/><D95/><U44/><E44/><V102/><F84/><W134/><G134/><T98/><D98/><N who="1" m="61495" /><E87/><V55/><F12/><W130/><G130/><T50/><D50/><U118/><E118/><V1/><F122/><W23/><G23/><T113/><D21/><U93/><E93/><V132/><F132/><RYUUKYOKU ba="0,0" sc="351,-15,139,15,216,-15,294,15" hai1="36,41,47,52,53,59,62,64,88,90" hai3="5,10,15,19,20,25,32,33,73,76,83,94,97" /><INIT seed="3,1,0,2,1,65" ten="336,154,201,309" oya="3" hai0="18,76,38,40,123,131,124,50,117,31,79,4,1" hai1="86,12,61,99,107,20,90,44,120,87,93,84,68" hai2="66,70,62,60,111,57,14,64,82,47,45,77,37" hai3="118,48,78,2,21,74,83,133,109,32,106,128,126"/><W97/><RYUUKYOKU type="yao9" ba="1,0" sc="336,0,154,0,201,0,309,0" hai3="2,21,32,48,74,78,83,97,106,109,118,126,128,133" /><INIT seed="3,2,0,1,5,1" ten="336,154,201,309" oya="3" hai0="116,96,110,21,40,35,109,131,43,11,9,128,58" hai1="38,36,7,126,86,15,22,41,118,127,129,3,18" hai2="45,17,82,16,39,63,87,132,112,121,8,51,20" hai3="83,37,30,72,59,29,55,57,68,67,135,54,120"/><W99/><G37/><T101/><D35/><U98/><E98/><V27/><F112/><W88/><G120/><T4/><D116/><U78/><E129/><N who="0" m="49737" /><D58/><U103/><E103/><V10/><F39/><W5/><G68/><T97/><D21/><U77/><E118/><V107/><F107/><W28/><G135/><T26/><D26/><U125/><E41/><N who="0" m="15945" /><D4/><U31/><E31/><V13/><F132/><W119/><G119/><T42/><D42/><U23/><E23/><N who="2" m="13799" /><F63/><N who="3" m="38383" /><G72/><T104/><D97/><U81/><REACH who="1" step="1"/><E78/><REACH who="1" ten="336,144,201,309" step="2"/><N who="2" m="46551" /><F121/><W85/><G99/><T12/><D9/><AGARI ba="2,1" hai="3,7,9,15,18,22,36,38,77,81,86,125,126,127" machi="9" ten="40,5200,0" yaku="1,1,18,1,52,1,53,0" doraHai="1" doraHaiUra="94" who="1" fromWho="0" sc="336,-58,144,68,201,0,309,0" owari="278,7.8,212,-18.8,201,-29.9,309,40.9" /></mjloggm>