<mjloggm ver="2.3"><GO type="225" lobby="0"/><UN n0="%72%65%6E%6B%75%6E" n1="%E7%B4%94%E6%BD%94%E3%83%94%E3%83%A9%E3%83%8B%E3%82%A2" n2="%E3%81%BF%E3%81%BF%E3%81%9A" n3="%E6%9D%B1%E9%A2%A8%E3%81%AE%E3%81%8D%E3%82%83%E3%81%B7%E3%81%95%E3%82%93" dan="17,17,17,17" rate="2199.20,2211.16,2282.09,2233.49" sx="M,M,M,M"/><TAIKYOKU oya="0"/><INIT seed="0,0,0,0,4,27" ten="250,250,250,250" oya="0" hai0="128,97,132,78,127,125,48,42,124,130,105,51,95" hai1="119,107,25,45,112,96,89,81,30,16,110,18,15" hai2="131,21,59,101,82,120,3,117,75,28,43,106,109" hai3="74,116,100,34,103,38,7,12,135,37,17,63,92"/><T26/><D105/><U57/><E119/><V50/><F120/><W55/><G74/><T35/><D78/><U8/><E110/><V115/><F115/><W60/><G135/><T52/><D42/><U6/><E112/><V13/><F3/><W83/><G34/><T85/><D85/><U46/><E57/><V122/><F122/><W36/><G116/><T94/><D132/><U113/><E113/><V20/><F109/><W56/><G7/><T69/><D69/><U123/><E123/><V126/><F117/><W76/><G63/><T24/><D48/><U70/><E70/><V10/><F126/><W1/><G1/><T2/><D2/><U87/><E107/><V14/><F131/><N who="0" m="50218" /><D35/><U0/><E96/><V98/><F75/><W91/><G83/><T73/><D73/><U31/><E0/><V118/><F82/><W68/><G76/><T49/><D49/><U39/><E39/><V129/><F118/><W102/><G68/><T77/><D77/><U11/><E11/><V9/><F129/><W5/><G5/><T99/><D99/><U104/><E104/><V80/><F80/><W72/><G72/><T29/><D97/><U23/><E6/><N who="2" m="3255" /><F43/><W32/><G32/><N who="0" m="20519" /><D26/><U111/><E111/><V61/><F50/><W53/><G53/><T67/><D67/><U4/><E4/><N who="2" m="3399" /><F28/><AGARI ba="0,0" hai="8,15,16,18,23,25,28,30,31,45,46,81,87,89" machi="28" ten="40,8000,1" yaku="8,1,52,3,54,1" doraHai="27" who="1" fromWho="2" sc="250,0,250,80,250,-80,250,0" /><INIT seed="1,0,0,1,2,60" ten="250,330,170,250" oya="1" hai0="4,129,100,78,113,70,133,92,17,125,135,114,33" hai1="71,23,93,106,21,58,110,108,84,13,79,122,8" hai2="51,89,50,115,47,130,75,120,6,116,105,73,63" hai3="72,53,42,118,117,35,28,90,88,49,12,56,119"/><U26/><E71/><V107/><F116/><W14/><G72/><T81/><D33/><U77/><E106/><V62/><F120/><W0/><G0/><T41/><D70/><U112/><E112/><N who="0" m="43113" /><D4/><U124/><E122/><V55/><F115/><W15/><G42/><T97/><D41/><U67/><E124/><V86/><F130/><W37/><G37/><T22/><D22/><U82/><E93/><V48/><F6/><W57/><G57/><T87/><D17/><U11/><E77/><V3/><F3/><W127/><G127/><T61/><D61/><N who="1" m="38327" /><E13/><V111/><F111/><N who="1" m="42537" /><E21/><V32/><F32/><W99/><G99/><T104/><D125/><U85/><E85/><V54/><F50/><W76/><G76/><T74/><D129/><U98/><E98/><V103/><F86/><W131/><G131/><T40/><D40/><U34/><E34/><V101/><REACH who="2" step="1"/><F47/><REACH who="2" ten="250,330,160,250" step="2"/><W65/><G35/><T69/><D69/><U10/><E84/><V29/><F29/><W59/><G28/><T126/><D126/><U128/><E128/><V38/><F38/><W43/><G43/><T134/><D87/><N who="1" m="48607" /><E8/><V27/><F27/><W96/><G96/><T44/><D44/><U45/><E45/><V7/><F7/><W102/><G102/><T19/><D19/><AGARI ba="0,1" hai="10,11,19,23,26" m="48607,42537,38327" machi="19" ten="30,5800,0" yaku="14,1,10,1,52,1" doraHai="60" who="1" fromWho="0" sc="250,-58,330,68,160,0,250,0" /><INIT seed="1,1,0,4,2,62" ten="192,398,160,250" oya="1" hai0="66,78,56,124,38,129,131,134,96,1,87,126,106" hai1="88,35,133,105,60,5,44,14,130,135,95,45,57" hai2="63,83,2,28,51,73,36,112,59,113,71,72,76" hai3="55,41,25,84,94,19,18,127,119,109,132,13,90"/><U8/><E105/><V17/><F2/><W23/><G132/><N who="1" m="50762" /><E35/><V89/><F36/><W50/><G109/><T37/><D1/><U7/><E7/><V110/><F28/><W107/><G107/><T97/><D134/><U6/><E5/><V128/><F110/><W0/><G0/><T67/><D56/><U81/><E81/><V12/><F128/><N who="0" m="49226" /><D78/><U22/><E22/><V69/><F89/><W46/><G127/><N who="0" m="48683" /><D87/><N who="1" m="52639" /><E130/><V65/><F73/><W21/><G119/><T9/><D9/><U116/><E116/><V80/><F83/><W125/><G125/><T47/><D37/><U120/><E120/><V16/><F17/><W117/><G117/><T103/><D97/><U53/><AGARI ba="1,0" hai="6,8,14,44,45,53,57,60" m="52639,50762" machi="53" ten="30,3000,0" yaku="20,1,54,1" doraHai="62" who="1" fromWho="1" sc="192,-11,398,33,160,-11,250,-11" /><INIT seed="1,2,0,3,1,55" ten="181,431,149,239" oya="1" hai0="41,131,61,42,103,128,44,31,127,23,93,13,73" hai1="12,66,36,126,59,1,134,118,49,25,77,107,43" hai2="53,115,74,52,95,71,132,94,79,35,119,129,5" hai3="6,116,88,18,47,100,76,124,30,26,4,112,3"/><U123/><E123/><V33/><F119/><W58/><G3/><T46/><D73/><U81/><E118/><V135/><F129/><N who="0" m="49738" /><D127/><U67/><E1/><V28/><F115/><W32/><G124/><T60/><D103/><U34/><E107/><V64/><F5/><W87/><G116/><T16/><D31/><U51/><E134/><N who="2" m="51243" /><F64/><W80/><G112/><T69/><D93/><N who="2" m="35338" /><F71/><W122/><G122/><T27/><D27/><U98/><E98/><V78/><F28/><W121/><G121/><T106/><D106/><U92/><E92/><V2/><F2/><W0/><G100/><T56/><D61/><U7/><E34/><N who="2" m="12811" /><F74/><W83/><G0/><T50/><D69/><U130/><E67/><V86/><F86/><W75/><G47/><N who="0" m="25967" /><D42/><U70/><E43/><V19/><F19/><W17/><G6/><T111/><D111/><U102/><E7/><V10/><F10/><W97/><G4/><T84/><D84/><U8/><E102/><V110/><F110/><W29/><G29/><T96/><D96/><U68/><E70/><V40/><F40/><W65/><REACH who="3" step="1"/><G97/><REACH who="3" ten="181,431,149,229" step="2"/><T57/><D57/><U89/><E59/><V108/><F108/><W104/><G104/><T113/><D113/><U91/><E68/><V15/><F15/><W45/><G45/><T48/><D46/><U37/><E12/><V54/><AGARI ba="2,1" hai="52,53,54,78,79" m="12811,35338,51243" machi="54" ten="40,8000,1" yaku="28,2,20,1,54,1" doraHai="55" who="2" fromWho="2" sc="181,-22,431,-42,149,96,229,-22" /><INIT seed="2,0,0,2,4,124" ten="159,389,245,207" oya="2" hai0="7,112,79,74,29,82,17,73,33,0,105,118,40" hai1="57,55,119,25,39,35,90,95,49,15,135,47,26" hai2="32,6,107,28,123,24,109,34,50,75,54,4,70" hai3="91,69,67,21,87,5,76,51,97,116,52,121,64"/><V94/><F123/><W85/><G121/><T98/><D112/><U66/><E119/><V113/><F113/><W22/><G116/><T77/><D17/><U96/><E35/><V45/><F107/><W128/><G128/><T13/><D13/><U88/><E135/><V133/><F75/><W83/><G69/><T46/><D118/><U36/><E36/><V27/><F133/><W56/><G5/><T84/><D84/><U19/><E90/><V134/><F134/><W9/><G9/><N who="0" m="2279" /><D77/><U80/><E80/><V78/><F78/><W58/><G97/><T93/><D93/><U110/><E110/><V23/><F70/><W72/><G72/><N who="0" m="43367" /><D29/><U65/><E39/><V1/><F1/><W117/><G117/><T44/><D44/><U99/><E99/><V100/><F109/><W10/><G10/><T30/><D30/><U125/><E125/><V8/><F8/><W12/><G12/><T68/><D33/><U2/><E2/><V132/><F132/><W86/><G86/><T31/><D31/><U41/><E41/><V115/><F115/><W20/><REACH who="3" step="1"/><G58/><REACH who="3" ten="159,389,245,197" step="2"/><T114/><D68/><U81/><E57/><N who="2" m="32983" /><F4/><W130/><G130/><T43/><D114/><U61/><E15/><V59/><F6/><W18/><G18/><T48/><D73/><U63/><E19/><V92/><F34/><W120/><G120/><T122/><D74/><U111/><E111/><V42/><F32/><W108/><G108/><T14/><D122/><U126/><E126/><V106/><F59/><W53/><G53/><N who="0" m="29847" /><D14/><U129/><E55/><V71/><F71/><W89/><G89/><RYUUKYOKU ba="0,1" sc="159,15,389,-15,245,-15,197,15" hai0="40,43,98,105" hai3="20,21,22,51,52,56,64,67,76,83,85,87,91" /><INIT seed="3,1,1,1,5,38" ten="174,374,230,212" oya="3" hai0="22,114,45,28,64,66,6,53,123,73,111,98,2" hai1="63,41,94,50,93,86,29,108,16,14,30,40,116" hai2="99,120,44,106,77,7,88,78,26,91,85,60,84" hai3="24,8,69,39,75,97,90,107,132,25,112,92,71"/><W134/><G112/><T36/><D73/><U135/><E108/><V34/><F7/><W5/><G75/><T129/><D123/><U0/><E0/><V118/><F118/><W19/><G39/><T121/><D111/><U105/><E105/><V48/><F120/><W76/><G76/><T125/><D114/><U61/><E116/><V58/><F34/><W70/><G107/><T110/><D110/><U80/><E135/><N who="3" m="51754" /><G19/><T62/><D121/><U20/><E63/><V33/><F33/><W104/><G104/><T113/><D113/><U72/><E61/><V4/><F4/><W83/><G83/><T89/><D129/><U17/><E17/><V127/><F127/><W74/><G74/><T49/><D125/><U52/><E72/><V109/><F109/><W12/><AGARI ba="1,1" hai="5,8,12,24,25,69,70,71,90,92,97" m="51754" machi="12" ten="40,2100,0" yaku="20,1" doraHai="38" who="3" fromWho="3" sc="174,-8,374,-8,230,-8,212,34" /><INIT seed="3,2,0,0,1,57" ten="166,366,222,246" oya="3" hai0="4,37,81,9,46,29,44,58,98,111,130,72,114" hai1="107,119,19,83,73,109,15,55,115,41,108,36,71" hai2="126,25,131,80,110,85,125,47,24,14,64,129,43" hai3="112,124,89,87,22,105,104,102,17,94,123,48,0"/><W66/><G0/><T118/><D118/><U117/><E107/><V50/><F110/><N who="1" m="42601" /><E71/><V12/><F64/><W106/><G123/><T93/><D111/><U51/><E115/><V90/><F12/><W6/><G124/><N who="2" m="47721" /><F14/><W61/><G112/><T97/><D29/><U31/><E31/><V28/><F24/><W53/><G6/><T92/><D114/><U18/><E18/><V91/><F90/><W70/><G102/><T101/><D130/><U35/><E35/><V67/><F67/><W100/><G100/><T113/><D113/><U10/><E41/><V39/><F39/><W11/><G11/><T26/><D26/><U127/><E36/><V40/><F40/><W13/><REACH who="3" step="1"/><G105/><REACH who="3" ten="166,366,222,236" step="2"/><T121/><D121/><U82/><E127/><V62/><F62/><W86/><G86/><T116/><D116/><N who="1" m="44619" /><E73/><V59/><F131/><W120/><G120/><T79/><D37/><U42/><E42/><V45/><F129/><W49/><G49/><T133/><D133/><U27/><E10/><V74/><F74/><W122/><G122/><T2/><REACH who="0" step="1"/><D58/><AGARI ba="2,1" hai="13,17,22,48,53,58,61,66,70,87,89,94,104,106" machi="58" ten="30,12000,1" yaku="1,1,7,1,25,2,52,1,53,0" doraHai="57" doraHaiUra="99" who="3" fromWho="0" sc="166,-126,366,0,222,0,236,136" owari="40,-46.0,366,16.6,222,-17.8,372,47.2" /></mjloggm>