<mjloggm ver="2.3"><GO type="225" lobby="0"/><UN n0="%E7%B4%94%E6%BD%94%E3%83%94%E3%83%A9%E3%83%8B%E3%82%A2" n1="%E3%83%AD%E3%83%83%E3%83%86%E9%9B%80%E7%90%83" n2="%72%61%6B%33" n3="%48%61%61%61%6C%61%6E%64" dan="18,17,18,18" rate="2246.60,2204.49,2211.76,2219.07" sx="M,M,M,M"/><TAIKYOKU oya="0"/><INIT seed="0,0,0,5,2,42" ten="250,250,250,250" oya="0" hai0="54,15,115,34,77,86,23,100,118,58,68,36,71" hai1="7,65,109,50,74,64,20,119,38,110,111,12,134" hai2="26,127,103,41,89,37,128,35,31,113,107,96,44" hai3="27,2,55,88,83,130,80,57,9,135,70,67,117"/><T87/><D34/><U132/><E119/><V21/><F113/><W82/><G117/><T25/><D36/><U93/><E38/><V123/><F123/><W0/><G130/><T98/><D115/><U131/><E131/><V126/><F128/><W104/><G104/><T120/><D15/><U32/><E32/><V48/><F89/><W122/><G122/><T78/><D118/><U61/><E74/><V84/><F84/><W81/><G135/><N who="1" m="51754" /><E61/><V29/><F48/><W10/><G27/><T133/><D120/><U45/><E93/><V6/><F6/><W5/><G67/><T14/><D14/><U8/><E20/><V1/><F1/><W101/><G70/><T106/><D133/><U66/><E66/><V13/><REACH who="2" step="1"/><F31/><REACH who="2" ten="250,250,240,250" step="2"/><W79/><G0/><T3/><D3/><U56/><E56/><V49/><F49/><W62/><G2/><T76/><D71/><U75/><E75/><V99/><F99/><W11/><G57/><T63/><REACH who="0" step="1"/><D68/><REACH who="0" ten="240,250,240,250" step="2"/><U39/><E39/><V121/><F121/><W24/><N who="3" m="20480" /><DORA hai="94" /><W112/><G112/><T69/><D69/><U28/><E28/><AGARI ba="0,2" hai="23,25,28,54,58,63,76,77,78,86,87,98,100,106" machi="28" ten="40,7700,0" yaku="1,1,52,1,53,1" doraHai="42,94" doraHaiUra="95,125" who="0" fromWho="1" sc="240,97,250,-77,240,0,250,0" /><INIT seed="0,1,0,2,1,80" ten="337,173,240,250" oya="0" hai0="89,92,26,108,47,122,59,15,129,73,58,41,30" hai1="119,65,63,96,114,56,74,84,102,24,105,121,8" hai2="52,100,9,54,107,38,34,126,109,14,103,99,128" hai3="42,131,29,77,75,31,1,112,88,48,125,2,70"/><T0/><D0/><U13/><E119/><V78/><F109/><W67/><G112/><T101/><D73/><U60/><E121/><V134/><F126/><W62/><G125/><T40/><D122/><U35/><E114/><V71/><F134/><W87/><G131/><T61/><D129/><U25/><E74/><V64/><F38/><W21/><G77/><T110/><D101/><U98/><E98/><V57/><F128/><W44/><G75/><T3/><D15/><U50/><E50/><V127/><F127/><W27/><REACH who="3" step="1"/><G29/><REACH who="3" ten="337,173,240,240" step="2"/><T120/><D120/><U12/><E35/><V111/><F34/><W95/><AGARI ba="1,1" hai="1,2,21,27,31,42,44,48,62,67,70,87,88,95" machi="95" ten="20,16000,3" yaku="1,1,2,1,0,1,7,1,52,1,54,1,53,2" doraHai="80" doraHaiUra="32" who="3" fromWho="3" sc="337,-81,173,-41,240,-41,240,173" /><INIT seed="1,0,0,0,5,78" ten="256,132,199,413" oya="1" hai0="128,59,55,112,69,54,88,80,98,23,46,125,93" hai1="111,75,36,91,28,107,110,41,95,63,103,58,10" hai2="43,76,8,11,130,22,42,40,84,50,114,124,19" hai3="53,65,56,74,123,7,106,14,67,96,131,120,104"/><U18/><E75/><V30/><F124/><W52/><G74/><T34/><D34/><U121/><E121/><V47/><F130/><W60/><G131/><T21/><D69/><U33/><E107/><V81/><F114/><W105/><G96/><T127/><D112/><U126/><E103/><V32/><F32/><W9/><REACH who="3" step="1"/><G52/><REACH who="3" ten="256,132,199,403" step="2"/><N who="0" m="20011" /><D128/><U99/><E126/><N who="0" m="48137" /><D46/><U108/><E41/><N who="2" m="24943" /><F30/><W83/><G83/><T17/><D59/><U135/><E28/><V77/><F77/><W87/><G87/><N who="0" m="50279" /><D17/><U61/><E18/><V39/><F39/><W31/><G31/><T66/><D66/><AGARI ba="0,1" hai="7,9,14,53,56,60,65,66,67,104,105,106,120,123" machi="66" ten="40,1300,0" yaku="1,1,53,0" doraHai="78" doraHaiUra="122" who="3" fromWho="0" sc="256,-13,132,0,199,0,403,23" /><INIT seed="2,0,0,1,4,69" ten="243,132,199,426" oya="2" hai0="67,53,16,39,135,7,127,117,108,20,110,61,22" hai1="25,116,41,103,91,88,72,126,40,11,123,129,62" hai2="94,45,87,118,30,115,66,82,12,18,52,17,102" hai3="128,96,35,14,44,113,68,97,43,105,93,89,78"/><V2/><F2/><W121/><G121/><T58/><D117/><U33/><E116/><V26/><F118/><W114/><G68/><T37/><D7/><U0/><E72/><V42/><F115/><N who="3" m="44043" /><G35/><T111/><D127/><U92/><E126/><V130/><F130/><W81/><G14/><N who="0" m="9239" /><D135/><U50/><E129/><V56/><F66/><W6/><G6/><T51/><D22/><U73/><E123/><V75/><F75/><N who="3" m="43231" /><G128/><T104/><D104/><U109/><E73/><V70/><F70/><AGARI ba="0,0" hai="37,39,51,53,58,61,67,70,108,110,111" m="9239" machi="70" ten="30,7700,0" yaku="14,1,52,2,54,1" doraHai="69" who="0" fromWho="2" sc="243,77,132,0,199,-77,426,0" /><INIT seed="3,0,0,0,2,38" ten="320,132,122,426" oya="3" hai0="58,74,107,56,72,113,87,127,76,47,20,114,25" hai1="75,129,77,109,66,26,122,61,93,7,112,88,34" hai2="49,0,19,92,82,132,90,71,42,24,57,94,130" hai3="78,29,131,31,62,51,2,54,8,27,98,128,104"/><W12/><G2/><T108/><D107/><U60/><E122/><V35/><F71/><W133/><G78/><T10/><D10/><U33/><E112/><V95/><F0/><W69/><G133/><T120/><D120/><U64/><E109/><V124/><F132/><W15/><G104/><T99/><D99/><U100/><E100/><V135/><F135/><W111/><G98/><T117/><D117/><U97/><E129/><N who="3" m="49738" /><G111/><T17/><D108/><U30/><E7/><V67/><F130/><W32/><G29/><T45/><D127/><U65/><REACH who="1" step="1"/><E34/><REACH who="1" ten="320,122,122,426" step="2"/><V86/><F124/><W83/><G32/><T125/><D125/><U14/><E14/><V50/><F42/><W46/><G15/><T59/><D74/><U134/><E134/><V84/><F84/><W123/><G12/><T52/><D72/><U5/><E5/><V70/><F70/><W89/><G69/><T73/><D73/><U22/><E22/><N who="2" m="13407" /><F35/><W36/><G123/><T101/><D101/><U44/><E44/><V105/><F105/><W119/><G46/><T48/><REACH who="0" step="1"/><D47/><REACH who="0" ten="310,122,122,426" step="2"/><U96/><E96/><V106/><F106/><W9/><G9/><T63/><D63/><AGARI ba="0,2" hai="49,50,57,63,67,82,86,90,92,94,95" m="13407" machi="63" ten="30,1000,0" yaku="8,1" doraHai="38" who="2" fromWho="0" sc="310,-10,122,0,122,30,426,0" owari="300,10.0,122,-37.8,152,-24.8,426,52.6" /></mjloggm>