<mjloggm ver="2.3"><GO type="225" lobby="0"/><UN n0="%E3%81%9F%E3%81%93%E2%98%86%E7%84%BC%E3%81%8D" n1="%6D%75%75%6D%75%72%61" n2="%72%69%6F%75%63%68%61%6E" n3="%E6%80%AA%E3%81%97%E3%81%99%E3%81%8E%E3%82%8B%E3%83%81%E3%83%BC" dan="16,16,16,16" rate="2071.08,2160.73,2137.21,2061.79" sx="M,F,M,M"/><TAIKYOKU oya="0"/><INIT seed="0,0,0,4,1,46" ten="250,250,250,250" oya="0" hai0="15,56,22,109,50,63,52,45,35,44,76,19,115" hai1="104,106,89,110,14,103,43,36,83,80,97,59,2" hai2="132,86,7,1,51,58,61,118,67,16,100,99,41" hai3="17,119,94,127,87,96,34,30,27,75,49,70,126"/><T78/><D35/><U68/><E2/><V98/><F132/><W24/><G119/><T9/><D115/><U133/><E68/><V95/><F118/><W66/><G75/><T107/><D107/><U82/><E110/><V135/><F135/><W129/><G87/><T71/><D71/><U23/><E133/><V12/><F1/><W13/><G27/><N who="0" m="14815" /><D109/><U113/><E113/><V72/><F72/><W37/><G37/><T69/><D69/><U120/><E120/><V53/><F7/><W0/><G0/><T90/><D90/><U122/><E122/><V5/><F5/><W101/><G129/><T125/><D125/><U131/><E131/><V73/><F73/><W114/><G114/><T64/><D45/><U124/><E106/><V11/><F41/><W39/><G39/><T62/><D63/><U38/><E43/><V54/><F86/><W10/><REACH who="3" step="1"/><G49/><REACH who="3" ten="250,250,250,240" step="2"/><T92/><D92/><U117/><E38/><V102/><REACH who="2" step="1"/><F51/><REACH who="2" ten="250,250,240,240" step="2"/><W108/><G108/><T26/><D26/><U105/><E117/><V77/><F77/><W33/><G33/><T42/><D42/><U130/><E36/><V93/><AGARI ba="0,2" hai="11,12,16,53,54,58,61,67,93,95,98,99,100,102" machi="93" ten="20,12000,2" yaku="1,1,0,1,7,1,9,1,8,1,54,1,53,0" doraHai="46" doraHaiUra="111" who="2" fromWho="2" sc="250,-60,250,-30,240,140,240,-30" /><INIT seed="1,0,0,2,3,3" ten="190,220,380,210" oya="1" hai0="74,130,87,51,119,50,47,124,110,62,55,4,123" hai1="36,120,114,79,135,72,21,24,61,11,38,9,126" hai2="54,63,91,28,60,97,16,23,113,70,19,94,95" hai3="57,71,129,69,32,33,86,80,133,68,5,25,2"/><U122/><E114/><V30/><F113/><W76/><G133/><T99/><D74/><U43/><E135/><V103/><F70/><W64/><G129/><T18/><D119/><U39/><E126/><V0/><F0/><W131/><G131/><T78/><D124/><U59/><E43/><V42/><F42/><W83/><G25/><T107/><D130/><U53/><E79/><V20/><F54/><W98/><G98/><T100/><D110/><U117/><E72/><V115/><F115/><W125/><G125/><T46/><D62/><N who="2" m="23594" /><F20/><W58/><G64/><T84/><D78/><U132/><E117/><V75/><F75/><W101/><G83/><T85/><D123/><U127/><E127/><V92/><F19/><W13/><G101/><T116/><D116/><U67/><E53/><V22/><F22/><W12/><G2/><T73/><D73/><U49/><E49/><V8/><F8/><W17/><G5/><T48/><D4/><U26/><E132/><V118/><F118/><W15/><REACH who="3" step="1"/><G17/><REACH who="3" ten="190,220,380,200" step="2"/><T65/><D18/><U66/><E67/><V121/><F121/><W29/><G29/><N who="2" m="11369" /><F103/><W90/><G90/><T134/><D65/><U105/><E120/><V112/><F112/><W31/><G31/><T6/><D6/><U44/><E122/><V41/><F41/><W89/><G89/><T128/><D134/><U106/><E26/><AGARI ba="0,1" hai="16,23,26,91,92,94,95,97" m="11369,23594" machi="26" ten="30,2000,0" yaku="8,1,54,1" doraHai="3" who="2" fromWho="1" sc="190,0,220,-20,380,30,200,0" /><INIT seed="2,0,0,5,1,80" ten="190,200,410,200" oya="2" hai0="87,29,62,38,102,60,2,83,6,57,52,135,79" hai1="75,89,31,16,76,69,77,115,109,129,65,34,119" hai2="58,56,84,116,106,133,11,4,108,17,27,66,67" hai3="9,130,113,101,40,53,95,120,122,111,49,12,125"/><V124/><F116/><W88/><G111/><T72/><D135/><U25/><E115/><V98/><F133/><W110/><G110/><T107/><D38/><U103/><E119/><V131/><F108/><W86/><G113/><T70/><D29/><U18/><E109/><V121/><F121/><W24/><G130/><T71/><D2/><U92/><E129/><V42/><F131/><W30/><G125/><T37/><D37/><U0/><E0/><V73/><F73/><W14/><G40/><T96/><D6/><U74/><E103/><V26/><F124/><W123/><G101/><T43/><D43/><U33/><E33/><V23/><F42/><W46/><REACH who="3" step="1"/><G9/><REACH who="3" ten="190,200,410,190" step="2"/><T3/><D3/><U36/><E36/><V21/><F11/><W127/><G127/><T44/><D44/><U105/><E75/><V94/><F106/><W126/><G126/><T54/><D72/><U20/><E74/><V82/><F4/><W8/><G8/><T39/><D39/><U93/><E105/><V134/><F134/><W35/><AGARI ba="0,1" hai="12,14,24,30,35,46,49,53,86,88,95,120,122,123" machi="35" ten="30,7900,0" yaku="1,1,0,1,52,1,54,1,53,0" doraHai="80" doraHaiUra="1" who="3" fromWho="3" sc="190,-20,200,-20,410,-39,190,89" /><INIT seed="3,0,0,5,1,125" ten="170,180,371,279" oya="3" hai0="84,29,72,16,0,1,14,8,130,28,60,68,94" hai1="101,37,114,135,73,2,127,13,24,30,86,35,93" hai2="126,5,21,108,75,43,78,52,121,70,88,31,91" hai3="128,17,80,66,133,15,55,134,79,4,58,76,118"/><W99/><G128/><T89/><D72/><U117/><E2/><V131/><F70/><W110/><G118/><T115/><D115/><U69/><E73/><V42/><F5/><W53/><G4/><T34/><D130/><U48/><E114/><V122/><F131/><W33/><G33/><T87/><D87/><U41/><E37/><V85/><F108/><W120/><G99/><T67/><REACH who="0" step="1"/><D34/><REACH who="0" ten="160,180,371,279" step="2"/><U59/><E117/><V32/><F32/><W132/><G133/><T92/><D92/><U27/><E135/><V103/><F75/><W36/><G132/><T54/><D54/><N who="1" m="32199" /><E127/><V113/><F113/><W71/><G134/><T105/><D105/><U49/><E35/><V123/><F126/><W9/><G55/><T129/><D129/><U39/><E30/><AGARI ba="0,1" hai="0,1,8,14,16,28,29,30,60,67,68,84,89,94" machi="30" ten="40,2600,0" yaku="1,1,54,1,53,0" doraHai="125" doraHaiUra="102" who="0" fromWho="1" sc="160,36,180,-26,371,0,279,0" owari="196,-20.4,154,-34.6,371,47.1,279,7.9" /></mjloggm>