<mjloggm ver="2.3"><GO type="225" lobby="0"/><UN n0="%E3%83%81%E3%83%AF%E3%83%AF%E9%9A%8A%E9%95%B7" n1="%E6%A1%9C%E8%8A%B1%E9%96%83%E3%80%85" n2="%E6%9D%B1%E9%A2%A8%E3%81%AE%E3%81%8D%E3%82%83%E3%81%B7%E3%81%95%E3%82%93" n3="%E3%81%B5%E3%81%98%E3%81%8B%E3%81%A4" dan="16,16,17,17" rate="2091.03,2205.60,2217.66,2191.57" sx="M,M,M,M"/><TAIKYOKU oya="0"/><INIT seed="0,0,0,5,1,8" ten="250,250,250,250" oya="0" hai0="15,135,58,87,96,132,67,75,108,57,122,116,55" hai1="128,126,82,18,107,101,133,76,125,12,115,25,73" hai2="21,2,34,26,124,3,20,98,100,127,48,66,41" hai3="42,105,53,11,106,52,30,50,35,24,119,36,123"/><T65/><D75/><U1/><E1/><V109/><F66/><W59/><G119/><T92/><D116/><U86/><E128/><V44/><F109/><W62/><G123/><T22/><D122/><U51/><E133/><N who="0" m="51273" /><D108/><U54/><E115/><V85/><F85/><W61/><G36/><T129/><D129/><U112/><E112/><V104/><F34/><W56/><G42/><T46/><D87/><U120/><E25/><V90/><F90/><W111/><G111/><T4/><D46/><U89/><E120/><V14/><F21/><W64/><REACH who="3" step="1"/><G11/><REACH who="3" ten="250,250,250,240" step="2"/><N who="0" m="4583" /><D22/><U77/><E126/><V95/><F127/><W0/><G0/><T72/><D72/><U32/><E73/><V134/><F124/><W71/><AGARI ba="0,1" hai="24,30,35,50,52,53,56,59,61,62,64,71,105,106" machi="71" ten="20,5200,0" yaku="1,1,0,1,7,1,54,1,53,0" doraHai="8" doraHaiUra="79" who="3" fromWho="3" sc="250,-26,250,-13,250,-13,240,62" /><INIT seed="1,0,0,3,4,119" ten="224,237,237,302" oya="1" hai0="34,123,113,57,32,7,42,95,45,12,10,79,2" hai1="68,93,90,22,21,30,92,94,17,87,44,9,116" hai2="26,63,58,24,11,70,103,115,1,125,91,98,39" hai3="23,20,14,127,47,120,76,49,109,84,52,0,130"/><U114/><E116/><V74/><F70/><W134/><G120/><T55/><D113/><U37/><E114/><V40/><F74/><W124/><G0/><T64/><D123/><U28/><E68/><V16/><F115/><W15/><G109/><T126/><D126/><N who="3" m="48169" /><G134/><T53/><D64/><U27/><E9/><V25/><F125/><W29/><G130/><T19/><D79/><U8/><E8/><V132/><F132/><W118/><G118/><T112/><D112/><U71/><E71/><V82/><F39/><W107/><G107/><T121/><D121/><U66/><E66/><V35/><F40/><W13/><G29/><T61/><D55/><U106/><E106/><V104/><F35/><W46/><G46/><T97/><D2/><U89/><E21/><N who="3" m="8266" /><G76/><T111/><D7/><U41/><REACH who="1" step="1"/><E94/><REACH who="1" ten="224,227,237,302" step="2"/><N who="2" m="56671" /><F104/><W31/><G31/><T50/><REACH who="0" step="1"/><D111/><REACH who="0" ten="214,227,237,302" step="2"/><U6/><E6/><V67/><F1/><W33/><G33/><T86/><D86/><AGARI ba="0,2" hai="17,22,27,28,30,37,41,44,86,87,89,90,92,93" machi="86" ten="30,11600,0" yaku="1,1,7,1,9,1,53,1" doraHai="119" doraHaiUra="18" who="1" fromWho="0" sc="214,-116,227,136,237,0,302,0" /><AGARI ba="0,0" hai="13,14,15,47,49,52,84,86" m="8266,48169" machi="86" ten="40,2600,0" yaku="18,1,54,1" doraHai="119" who="3" fromWho="0" sc="98,-26,363,0,237,0,302,26" /><INIT seed="1,1,0,3,0,91" ten="72,363,237,328" oya="1" hai0="92,26,61,62,29,116,16,70,87,95,99,103,38" hai1="124,76,86,104,117,96,127,100,108,112,66,97,118" hai2="25,63,10,109,35,59,93,56,71,41,7,11,19" hai3="102,51,64,98,40,81,33,77,15,131,65,69,57"/><U73/><E66/><V132/><F109/><W32/><G131/><T89/><D38/><U85/><E112/><V24/><F132/><W54/><G69/><T119/><D119/><N who="1" m="45579" /><E108/><V106/><F106/><W90/><G33/><T39/><D39/><U130/><E130/><V0/><F71/><W17/><G32/><T111/><D116/><U5/><E5/><V14/><F41/><W79/><G40/><T135/><D111/><U6/><E6/><V45/><F45/><W48/><G48/><T43/><D135/><U23/><E23/><V67/><F35/><W83/><G90/><T8/><D70/><U82/><E97/><V37/><F37/><W105/><G81/><T42/><D29/><U134/><E134/><V115/><F115/><W31/><G31/><T123/><D123/><U129/><E129/><V114/><F114/><W28/><G28/><T60/><D26/><U3/><E3/><V80/><F80/><W68/><G68/><T133/><D133/><U122/><E122/><V4/><F59/><W30/><G30/><T27/><D27/><U34/><E34/><V50/><F50/><W88/><G88/><T107/><D107/><U13/><E13/><AGARI ba="1,0" hai="8,13,16,42,43,60,61,62,87,89,92,95,99,103" machi="13" ten="40,8000,1" yaku="8,1,52,2,54,1" doraHai="91" who="0" fromWho="1" sc="72,83,363,-83,237,0,328,0" /><INIT seed="2,0,0,0,3,113" ten="155,280,237,328" oya="2" hai0="30,103,22,7,52,15,110,38,47,19,81,102,79" hai1="4,40,54,97,119,71,80,33,24,125,60,48,68" hai2="50,104,13,78,111,18,93,17,29,14,129,114,95" hai3="12,133,59,32,94,134,91,112,21,5,27,37,8"/><V31/><F104/><W55/><G37/><T39/><D110/><U87/><E125/><V88/><F114/><W46/><G112/><T26/><D39/><U61/><E4/><V20/><F111/><W10/><G10/><T28/><D7/><U83/><E40/><V63/><F129/><W41/><G32/><T42/><D28/><U106/><E61/><V43/><F78/><W128/><G128/><T122/><D122/><U109/><E109/><V92/><F63/><W72/><G72/><T56/><D81/><U0/><E0/><V3/><F3/><W90/><G41/><T64/><D79/><U127/><E119/><V84/><F50/><N who="3" m="31223" /><G46/><T135/><D64/><U107/><E107/><V126/><F43/><W69/><G69/><T65/><D65/><U98/><E71/><V76/><F76/><W73/><G73/><T2/><D2/><U85/><E33/><V100/><F126/><W96/><G90/><T121/><D121/><U67/><E106/><V99/><REACH who="2" step="1"/><F93/><REACH who="2" ten="155,280,227,328" step="2"/><W25/><G134/><T123/><D135/><U53/><E127/><V62/><F62/><W9/><G133/><T44/><D123/><U66/><E60/><V105/><F105/><W89/><G94/><T120/><D120/><U11/><E48/><V124/><F124/><W70/><G70/><T16/><D38/><U34/><E68/><V117/><F117/><W35/><G35/><T57/><D42/><U118/><E34/><V36/><F36/><W77/><G77/><T74/><D74/><U131/><E131/><V86/><F86/><W108/><G108/><T1/><D1/><RYUUKYOKU ba="0,1" sc="155,-10,280,-10,227,30,328,-10" hai2="13,14,17,18,20,29,31,84,88,92,95,99,100" /><INIT seed="2,1,1,1,0,70" ten="145,270,257,318" oya="2" hai0="3,14,132,6,126,15,26,88,57,86,78,53,124" hai1="77,85,67,73,11,115,111,20,64,98,113,49,79" hai2="62,28,135,68,76,92,96,84,45,0,112,131,97" hai3="99,90,128,41,43,80,102,127,75,109,72,24,35"/><V5/><F112/><W9/><G109/><T83/><D3/><U122/><E73/><V48/><F135/><W108/><G127/><T101/><D132/><U123/><E11/><V27/><F131/><W39/><G108/><T44/><D101/><U18/><E111/><V71/><F0/><W40/><G128/><T120/><D120/><N who="1" m="46123" /><E98/><V42/><F5/><W58/><G58/><T8/><D15/><N who="1" m="9311" /><E49/><V13/><F13/><W69/><G69/><T52/><D26/><U121/><N who="1" m="46131" /><U89/><DORA hai="81" /><E77/><V110/><F110/><W103/><G9/><T34/><D34/><U94/><E79/><V30/><F30/><W23/><G35/><T116/><D116/><U32/><E32/><V16/><F28/><W22/><G75/><T119/><D119/><U74/><E74/><V66/><F68/><W104/><G72/><T105/><D105/><U91/><E91/><V59/><F71/><W93/><G104/><T95/><D44/><U33/><E33/><V63/><F63/><W134/><G134/><T129/><D129/><U1/><E1/><V29/><F29/><N who="3" m="17559" /><G103/><T117/><D117/><U12/><E12/><V114/><F114/><AGARI ba="1,1" hai="64,67,85,89,94,113,114,115" m="9311,46131" machi="114" ten="40,2600,0" yaku="13,1,52,1" doraHai="70,81" who="1" fromWho="2" sc="145,0,270,39,257,-29,318,0" /><INIT seed="3,0,0,5,5,49" ten="145,309,228,318" oya="3" hai0="66,86,116,104,131,109,24,0,21,48,127,64,27" hai1="37,32,103,46,124,56,110,20,101,91,52,74,51" hai2="13,44,7,15,88,107,72,26,62,67,83,53,113" hai3="41,18,133,35,10,118,61,99,22,30,23,63,114"/><W3/><G114/><T5/><D104/><U108/><E32/><V111/><F111/><N who="1" m="42537" /><E124/><V106/><F113/><W134/><G118/><T16/><D109/><U135/><E135/><N who="3" m="51722" /><G41/><T87/><D116/><U128/><E128/><V97/><F72/><W54/><G99/><T12/><D131/><U125/><E125/><V9/><F26/><N who="3" m="18903" /><G54/><T29/><D127/><U50/><E37/><V81/><F15/><N who="3" m="9567" /><G23/><T4/><D0/><U38/><E38/><V57/><F107/><W43/><G43/><T60/><D27/><U77/><E20/><V95/><F106/><W6/><AGARI ba="0,0" hai="3,6,10,61,63" m="9567,18903,51722" machi="6" ten="30,3000,0" yaku="24,1,20,1" doraHai="49" who="3" fromWho="3" sc="145,-10,309,-10,228,-10,318,30" owari="135,-36.5,299,9.9,218,-18.2,348,44.8" /></mjloggm>