<mjloggm ver="2.3"><GO type="225" lobby="0"/><UN n0="%E3%83%B4%E3%82%A3%E3%83%AF%E3%82%B3%E3%82%B0%E3%83%8B" n1="%E3%81%BF%E3%81%BF%E3%81%9A" n2="%E7%AD%89%E3%80%85%E5%8A%9B%E5%8A%87%E5%A0%B4" n3="%E6%9F%B3%E6%A2%A6%E7%92%83" dan="16,17,16,16" rate="2132.98,2186.07,2179.40,2137.96" sx="M,M,M,F"/><TAIKYOKU oya="0"/><INIT seed="0,0,0,0,1,94" ten="250,250,250,250" oya="0" hai0="9,22,18,34,46,41,132,85,6,0,52,119,7" hai1="8,42,25,113,99,95,45,65,4,3,131,13,101" hai2="37,117,98,76,14,111,19,30,130,100,58,5,81" hai3="96,11,135,43,50,36,106,62,127,27,70,61,133"/><T69/><D119/><U118/><E118/><V134/><F117/><W24/><G127/><T17/><D132/><N who="3" m="50761" /><G36/><T54/><D34/><U47/><E131/><V115/><F134/><W116/><G116/><T56/><D69/><U75/><E75/><V66/><F115/><W125/><G125/><T67/><D6/><U21/><E113/><V97/><F37/><W23/><G11/><T109/><D109/><U112/><E112/><V108/><F5/><W102/><G70/><T87/><D67/><U26/><E65/><V79/><F30/><N who="3" m="17695" /><G27/><T60/><D54/><U80/><E80/><V16/><F130/><W51/><G51/><T59/><D59/><U28/><E25/><V121/><F121/><W86/><G86/><T104/><D104/><U92/><E3/><V57/><F66/><W123/><G123/><T124/><D124/><U44/><REACH who="1" step="1"/><E92/><REACH who="1" ten="250,240,250,250" step="2"/><V55/><F81/><W74/><G74/><T90/><D0/><U38/><AGARI ba="0,1" hai="4,8,13,21,26,28,38,42,44,45,47,95,99,101" machi="38" ten="20,8000,1" yaku="1,1,2,1,0,1,7,1,52,1,53,0" doraHai="94" doraHaiUra="32" who="1" fromWho="1" sc="250,-40,240,90,250,-20,250,-20" /><INIT seed="1,0,0,2,3,34" ten="210,330,230,230" oya="1" hai0="122,94,33,19,43,81,69,54,35,112,75,58,66" hai1="63,41,79,39,16,128,53,14,120,55,125,64,72" hai2="98,123,135,73,116,12,60,17,65,25,108,3,1" hai3="105,27,110,117,46,99,28,132,5,26,24,77,36"/><U49/><E120/><V47/><F116/><W96/><G117/><T97/><D112/><U23/><E128/><V7/><F123/><W51/><G36/><T21/><D122/><U85/><E125/><V50/><F73/><W15/><G110/><T37/><D66/><U107/><E107/><V13/><F108/><W70/><G70/><T76/><D69/><U30/><E72/><V88/><F135/><W92/><G132/><T74/><D43/><U102/><E102/><V93/><F7/><W80/><G105/><T11/><D11/><U104/><E104/><V90/><F25/><W45/><G28/><T118/><D37/><U32/><E39/><V9/><F13/><W113/><G113/><T134/><D74/><U68/><E41/><V48/><F90/><W111/><G111/><T2/><D2/><U95/><E49/><V109/><F109/><W126/><G126/><T133/><D118/><U114/><E114/><V91/><F91/><N who="3" m="55327" /><G99/><T44/><D44/><N who="3" m="17001" /><G51/><T87/><D75/><U8/><E32/><V22/><F50/><W52/><G52/><T127/><D127/><U89/><E79/><V103/><F9/><N who="3" m="4527" /><G80/><T106/><D106/><U31/><REACH who="1" step="1"/><E30/><REACH who="1" ten="210,320,230,230" step="2"/><V29/><F29/><W61/><G61/><N who="0" m="36055" /><D134/><U67/><E67/><V6/><F103/><W86/><G77/><T121/><D121/><U57/><E57/><V18/><F65/><W129/><G129/><T56/><D56/><U84/><E84/><AGARI ba="0,1" hai="24,26,27,84,86" m="4527,17001,55327" machi="84" ten="30,1000,0" yaku="8,1" doraHai="34" who="3" fromWho="1" sc="210,0,320,-10,230,0,230,20" /><INIT seed="2,0,0,0,2,53" ten="210,310,230,250" oya="2" hai0="91,24,45,74,105,92,36,118,112,61,11,2,120" hai1="62,46,109,64,56,79,129,5,12,77,66,44,13" hai2="16,49,84,57,82,59,126,70,75,133,78,3,6" hai3="100,110,95,15,4,54,34,96,63,107,35,97,0"/><V134/><F70/><W115/><G115/><T131/><D105/><U94/><E109/><V132/><F126/><W76/><G110/><T8/><D74/><U30/><E129/><V18/><F75/><W73/><G0/><T48/><D36/><U121/><E121/><V38/><F38/><W104/><G73/><T65/><D2/><U116/><E116/><V33/><F33/><W125/><G76/><N who="1" m="29258" /><E30/><V20/><F49/><W71/><G125/><T127/><D120/><U32/><E32/><V88/><F78/><W40/><G40/><N who="0" m="24615" /><D112/><U119/><E119/><V29/><F29/><W52/><G71/><T102/><D102/><U108/><E108/><V99/><F99/><W123/><G123/><T111/><D118/><U130/><E130/><V128/><F128/><W21/><G107/><T87/><D111/><U55/><E94/><V117/><F117/><W26/><G26/><T93/><D131/><U9/><E13/><N who="2" m="9231" /><F18/><N who="3" m="10463" /><G4/><T106/><D106/><U90/><E90/><V37/><F37/><W89/><G34/><T31/><D127/><U50/><E44/><V39/><F39/><W80/><G35/><T98/><D24/><U124/><E124/><V60/><F60/><W14/><G63/><T47/><D47/><U81/><E46/><V27/><F27/><W10/><G80/><T113/><D113/><U122/><E122/><V83/><F83/><W103/><G103/><N who="0" m="60871" /><D31/><U1/><E81/><V67/><F67/><N who="1" m="25641" /><E1/><V72/><F72/><W58/><G104/><T114/><D114/><U41/><E50/><V25/><F25/><W42/><G100/><T28/><D28/><RYUUKYOKU ba="0,0" sc="210,10,310,10,230,10,250,-30" hai0="8,11,61,65,87,91,93" hai1="5,9,12,41,55,56,62" hai2="3,6,57,59,82,84,88,132,133,134" /><INIT seed="2,1,0,2,0,105" ten="220,320,240,220" oya="2" hai0="4,49,46,22,34,11,87,21,98,55,124,78,62" hai1="68,28,15,116,133,57,19,13,41,10,82,131,2" hai2="59,29,120,100,118,5,69,79,107,60,14,86,83" hai3="94,97,70,33,91,38,88,1,106,103,63,96,53"/><V20/><F118/><W90/><G38/><T50/><D34/><U35/><E68/><V45/><F120/><W67/><G1/><T51/><D124/><U48/><E116/><V121/><F121/><W12/><G53/><T42/><D62/><U37/><E37/><V134/><F134/><W129/><G129/><T132/><D132/><U66/><E133/><V16/><F69/><W40/><G40/><T117/><D117/><U114/><E114/><V52/><F29/><W104/><G104/><T130/><D130/><U0/><E131/><V8/><F107/><W61/><G61/><T101/><D87/><U127/><E127/><V77/><F100/><W122/><G122/><T71/><D78/><U89/><E66/><V95/><F95/><W111/><G111/><T74/><D74/><U123/><E123/><V128/><F128/><W76/><G76/><T135/><D71/><U17/><E28/><V110/><F110/><W54/><G33/><T6/><D135/><U126/><E35/><V3/><REACH who="2" step="1"/><F45/><REACH who="2" ten="220,320,230,220" step="2"/><W80/><G80/><T108/><D108/><U7/><E126/><V125/><F125/><W58/><G70/><T113/><D113/><U24/><E82/><V27/><F27/><W102/><REACH who="3" step="1"/><G12/><REACH who="3" ten="220,320,230,210" step="2"/><T47/><D47/><N who="1" m="25711" /><E0/><V109/><F109/><W44/><G44/><T18/><D46/><U9/><E2/><V112/><F112/><W26/><G26/><T119/><D119/><U65/><E24/><V31/><F31/><W81/><G81/><T99/><D42/><U39/><E13/><V25/><F25/><W85/><G85/><T36/><D36/><RYUUKYOKU ba="1,2" sc="220,-15,320,-15,230,15,210,15" hai2="3,5,8,14,16,20,52,59,60,77,79,83,86" hai3="54,58,63,67,88,90,91,94,96,97,102,103,106" /><INIT seed="2,2,2,4,5,37" ten="205,305,245,225" oya="2" hai0="122,120,132,55,6,2,103,64,95,33,63,27,129" hai1="133,72,59,62,99,70,69,81,50,51,90,66,25" hai2="32,7,106,107,61,130,40,109,88,57,30,1,38" hai3="29,15,100,24,110,60,119,3,45,104,125,18,113"/><V39/><F130/><W56/><G113/><T5/><D129/><U91/><E133/><V19/><F38/><W96/><G119/><T101/><D55/><U68/><E25/><V44/><F109/><W34/><G110/><T74/><D132/><U20/><E20/><V80/><F1/><W134/><G134/><T78/><D95/><U9/><E9/><V94/><F7/><W85/><G3/><T47/><D47/><U121/><E121/><V115/><F115/><W124/><G45/><T71/><D101/><U112/><E112/><V41/><F41/><W52/><REACH who="3" step="1"/><G85/><REACH who="3" ten="205,305,245,215" step="2"/><T58/><D2/><U79/><E99/><V111/><F111/><W89/><G89/><T114/><D114/><U135/><E135/><V97/><F88/><W108/><G108/><T46/><D46/><U128/><E128/><V118/><F44/><W0/><G0/><T83/><D103/><U42/><E42/><V131/><F97/><W23/><AGARI ba="2,3" hai="15,18,23,24,29,34,52,56,60,96,100,104,124,125" machi="23" ten="30,4000,0" yaku="1,1,0,1,54,1,53,0" doraHai="37" doraHaiUra="123" who="3" fromWho="3" sc="205,-12,305,-12,245,-22,215,76" /><INIT seed="3,0,0,1,4,132" ten="193,293,223,291" oya="3" hai0="7,24,116,13,66,87,70,127,107,80,19,106,104" hai1="27,117,0,97,3,32,115,16,41,111,88,91,62" hai2="95,34,68,49,120,2,118,55,89,30,94,14,122" hai3="74,96,5,134,45,73,36,56,17,20,33,114,40"/><W78/><G114/><T12/><D116/><U119/><E115/><V21/><F2/><N who="1" m="553" /><E41/><V125/><F68/><W99/><G33/><T79/><D127/><U29/><E97/><V108/><F34/><W10/><G56/><T43/><D43/><U42/><E42/><V22/><F118/><N who="1" m="45065" /><E111/><V71/><F71/><W37/><G37/><T131/><D131/><U59/><E16/><V112/><F112/><W50/><G50/><T109/><D109/><U129/><E129/><V98/><F108/><W60/><G60/><T126/><D126/><U93/><E93/><V64/><F95/><W81/><G73/><T82/><D7/><U25/><E25/><V75/><F94/><W57/><G57/><T35/><D19/><U128/><E128/><V121/><F75/><W135/><G135/><T72/><D24/><U124/><E124/><V51/><F125/><W15/><G134/><T61/><REACH who="0" step="1"/><D35/><REACH who="0" ten="183,293,223,291" step="2"/><U123/><E123/><V76/><F122/><W47/><G47/><T18/><D18/><U105/><E105/><V69/><F121/><W83/><G83/><T110/><D110/><U31/><E29/><V85/><F30/><W26/><AGARI ba="0,1" hai="5,10,15,17,20,26,36,40,45,74,78,81,96,99" machi="26" ten="20,2100,0" yaku="0,1,7,1" doraHai="132" who="3" fromWho="3" sc="183,-7,293,-7,223,-7,291,31" owari="176,-32.4,286,8.6,216,-18.4,322,42.2" /></mjloggm>