<mjloggm ver="2.3"><GO type="225" lobby="0"/><UN n0="%2D%E8%B1%8A%E5%8F%A3%E3%82%81%E3%81%90%E3%81%BF%2D" n1="%E3%83%9F%E3%83%83%E3%82%AD%E3%83%BC%E8%9B%87%E5%B1%B1" n2="%72%65%6E%6B%75%6E" n3="%28%EF%BF%A3%E2%96%BD%EF%BF%A3%29%CE%B4%E2%8C%92%E3%83%BB" dan="16,16,17,16" rate="2090.01,2031.66,2187.05,2139.76" sx="F,M,M,M"/><TAIKYOKU oya="0"/><INIT seed="0,0,0,5,5,75" ten="250,250,250,250" oya="0" hai0="41,134,86,19,44,18,42,4,43,130,89,64,106" hai1="88,29,5,25,82,98,91,61,57,20,59,49,102" hai2="51,63,99,62,94,9,54,26,119,111,107,8,67" hai3="100,123,95,78,1,47,114,55,85,122,74,71,96"/><T103/><D134/><U17/><E5/><V92/><F111/><W133/><G1/><T50/><D130/><U118/><E118/><V40/><F40/><W84/><G71/><T65/><D4/><U77/><E49/><V52/><F107/><W110/><G55/><N who="2" m="21033" /><F119/><W21/><G21/><T117/><D117/><U0/><E0/><V2/><F2/><W93/><G47/><T116/><D116/><U56/><E61/><N who="2" m="23051" /><F51/><W13/><G13/><T97/><D42/><U15/><E98/><V12/><F26/><W128/><G110/><T28/><D28/><U124/><E102/><N who="2" m="60775" /><F67/><W30/><G128/><T127/><D43/><U120/><E120/><N who="3" m="46122" /><G30/><T113/><D113/><U109/><E109/><V73/><F73/><W76/><G114/><T129/><D129/><U6/><E6/><V31/><F31/><W115/><G115/><T45/><D45/><U34/><REACH who="1" step="1"/><E124/><REACH who="1" ten="250,240,250,250" step="2"/><V121/><F121/><W68/><G100/><T38/><D127/><U101/><E101/><V23/><F94/><W36/><G95/><T126/><D126/><U131/><E131/><V11/><F23/><W104/><G93/><N who="0" m="54455" /><D50/><U69/><E69/><V90/><F90/><W125/><G68/><T72/><D103/><U48/><E48/><V79/><F79/><N who="3" m="30251" /><G125/><T80/><D44/><U112/><E112/><V132/><F132/><W83/><G133/><T135/><D135/><U66/><E66/><V53/><N who="2" m="21041" /><V108/><DORA hai="16" /><F108/><W37/><G104/><T27/><D106/><U33/><E33/><V32/><F32/><W87/><G96/><T70/><D97/><U105/><E105/><RYUUKYOKU ba="0,1" sc="250,-30,240,10,250,10,250,10" hai1="15,17,20,25,29,34,56,57,59,77,82,88,91" hai2="8,9,11,12" hai3="36,37,74,83,84,85,87" /><INIT seed="1,1,1,5,1,26" ten="220,250,260,260" oya="1" hai0="24,107,62,118,101,65,124,109,31,70,51,15,125" hai1="35,7,18,93,106,20,33,119,22,126,77,98,122" hai2="2,58,83,11,102,76,112,78,45,36,37,3,49" hai3="127,73,40,120,117,88,96,48,25,13,115,116,60"/><U21/><E119/><V121/><F121/><W89/><G73/><T12/><D118/><N who="3" m="45673" /><G120/><T19/><D109/><U66/><E122/><V28/><F28/><W9/><G115/><T42/><D42/><U56/><E106/><V68/><F68/><W130/><G127/><N who="0" m="48715" /><D51/><U17/><E126/><V90/><F102/><W61/><G25/><T72/><D72/><U59/><E7/><V81/><F58/><W135/><G135/><T27/><D27/><U113/><E113/><V74/><F90/><N who="3" m="34923" /><G96/><N who="0" m="61863" /><D19/><U5/><E5/><V67/><F112/><W6/><G130/><T103/><D103/><U46/><E35/><AGARI ba="1,1" hai="12,15,24,31,35,62,65,70" m="61863,48715" machi="35" ten="30,3900,0" yaku="25,1,18,1,52,1" doraHai="26" who="0" fromWho="1" sc="220,52,250,-42,260,0,260,0" /><INIT seed="2,0,0,5,1,64" ten="272,208,260,260" oya="2" hai0="108,35,132,133,0,103,25,37,127,128,1,41,117" hai1="112,76,82,46,32,109,57,10,88,135,120,92,93" hai2="131,78,18,84,107,53,97,129,126,12,113,58,75" hai3="34,22,111,80,7,130,71,96,90,105,106,43,102"/><V42/><F113/><W81/><G34/><T101/><D108/><U61/><E112/><V49/><F126/><W125/><G7/><T59/><D127/><U122/><E32/><V83/><F42/><W16/><G125/><T45/><D128/><N who="2" m="49226" /><F107/><W99/><G71/><T100/><D59/><U69/><E69/><V95/><F75/><W26/><G130/><T94/><D94/><U66/><E109/><V38/><F38/><W121/><G111/><T4/><D117/><U28/><E135/><N who="0" m="51785" /><D4/><U70/><E28/><AGARI ba="0,0" hai="0,1,25,28,35,37,41,45,100,101,103" m="51785" machi="28" ten="30,1000,0" yaku="20,1" doraHai="64" who="0" fromWho="1" sc="272,10,208,-10,260,0,260,0" /><INIT seed="3,0,0,3,0,89" ten="282,198,260,260" oya="3" hai0="62,90,38,33,110,57,112,78,18,34,70,45,8" hai1="88,119,116,87,51,49,96,73,108,54,23,19,120" hai2="124,9,125,26,75,13,55,92,28,83,44,22,61" hai3="121,1,72,32,20,40,117,82,65,127,106,122,103"/><W21/><G32/><T66/><D110/><U5/><E108/><V36/><F61/><W93/><G1/><T2/><D112/><U41/><E120/><N who="3" m="46186" /><G65/><T113/><D113/><U98/><E73/><V79/><F92/><W68/><G40/><T95/><D78/><U115/><E115/><V107/><F107/><W12/><G12/><T24/><D70/><U111/><E111/><V11/><F11/><W15/><G15/><T81/><D81/><U10/><E41/><V29/><F29/><W7/><G7/><T69/><D69/><U104/><E104/><V123/><F123/><W58/><G58/><T132/><D132/><U86/><E86/><V3/><F3/><W31/><G68/><T53/><D38/><U4/><E51/><V131/><F131/><W46/><G46/><T84/><D2/><U76/><E76/><V118/><F118/><N who="1" m="45097" /><E10/><V134/><F134/><W74/><G117/><T94/><D8/><U30/><E30/><V59/><F44/><W6/><G31/><T130/><D130/><U128/><E128/><V35/><F36/><W101/><G106/><T47/><D34/><U0/><E0/><V100/><F35/><W37/><G37/><T16/><D33/><U17/><E4/><V43/><F43/><W60/><G6/><T91/><D18/><N who="1" m="6667" /><E23/><N who="3" m="8778" /><G74/><T99/><D16/><U42/><E42/><V50/><F9/><W102/><G72/><T129/><D129/><U56/><E5/><V80/><F13/><W114/><G114/><T71/><D24/><U135/><E135/><V126/><F126/><W64/><G127/><N who="2" m="48713" /><F83/><AGARI ba="0,0" hai="49,54,56,83,87,88,96,98" m="6667,45097" machi="83" ten="30,2000,0" yaku="12,1,54,1" doraHai="89" who="1" fromWho="2" sc="282,0,198,20,260,-20,260,0" /><INIT seed="4,0,0,3,1,96" ten="282,218,240,260" oya="0" hai0="128,8,54,42,109,5,83,67,47,69,110,46,87" hai1="98,6,119,16,78,85,91,108,48,14,92,2,52" hai2="40,114,90,126,60,116,19,22,44,62,49,130,35" hai3="26,21,66,31,102,36,7,86,68,115,20,99,129"/><T104/><D104/><U97/><E119/><V135/><F35/><W75/><G36/><T39/><D128/><U77/><E108/><V72/><F72/><W117/><G75/><T127/><D127/><U18/><E18/><V88/><F126/><W56/><G7/><T84/><D67/><U43/><E43/><V125/><F116/><W38/><G38/><T41/><D54/><U74/><E2/><V81/><F125/><W0/><G0/><T50/><D69/><U63/><E63/><N who="2" m="24107" /><F130/><W13/><G68/><T100/><D100/><N who="1" m="60455" /><E6/><V124/><F124/><W34/><G129/><T112/><D112/><U95/><E98/><V73/><F73/><W23/><G115/><T111/><D83/><U118/><E74/><V11/><F114/><W64/><G117/><T123/><D123/><U53/><E118/><V51/><F11/><W134/><G56/><T33/><D33/><U27/><E27/><N who="2" m="14815" /><F135/><W30/><G134/><T17/><D17/><U57/><E53/><N who="2" m="29863" /><F81/><W120/><G120/><T12/><AGARI ba="0,0" hai="5,8,12,39,41,42,46,47,50,84,87,109,110,111" machi="12" ten="30,3000,0" yaku="0,1,10,1" doraHai="96" who="0" fromWho="0" sc="282,30,218,-10,240,-10,260,-10" owari="312,41.2,208,-29.2,230,-17.0,250,5.0" /></mjloggm>