<mjloggm ver="2.3"><GO type="225" lobby="0"/><UN n0="%72%61%6B%33" n1="%E6%97%A5%E6%9B%9C%E6%97%A5%E3%82%88%E3%82%8A%E3%81%AE%E4%BD%BF%E8%80%85" n2="%E6%80%AA%E3%81%97%E3%81%99%E3%81%8E%E3%82%8B%E3%83%81%E3%83%BC" n3="%E3%81%82%E3%81%99%E3%81%AB%E3%82%83%E3%82%80" dan="18,18,16,16" rate="2288.68,2172.26,2165.62,2122.66" sx="M,M,M,F"/><TAIKYOKU oya="0"/><INIT seed="0,0,0,3,0,12" ten="250,250,250,250" oya="0" hai0="57,36,19,37,78,11,7,118,122,47,113,0,43" hai1="132,69,79,96,83,61,90,66,95,10,81,23,126" hai2="73,120,124,72,20,134,50,130,67,101,51,15,125" hai3="82,39,98,13,85,123,76,24,70,8,32,109,29"/><T21/><D113/><U86/><E126/><N who="2" m="48747" /><F120/><W102/><G123/><T9/><D122/><U91/><E132/><V56/><F134/><W38/><G70/><T17/><D118/><U94/><E10/><V74/><F130/><W105/><REACH who="3" step="1"/><G109/><REACH who="3" ten="250,250,250,240" step="2"/><T75/><D37/><U68/><E68/><V92/><F67/><W41/><G41/><T49/><D11/><U52/><E79/><V93/><F56/><W26/><G26/><T111/><D111/><U129/><E129/><V97/><F93/><W87/><G87/><T34/><D34/><U4/><E4/><AGARI ba="0,1" hai="4,8,13,24,29,32,38,39,76,82,85,98,102,105" machi="4" ten="30,2000,0" yaku="1,1,7,1,53,0" doraHai="12" doraHaiUra="104" who="3" fromWho="1" sc="250,0,250,-20,250,0,240,30" /><INIT seed="1,0,0,5,3,132" ten="250,230,250,270" oya="1" hai0="83,119,47,71,6,97,127,37,81,22,79,28,15" hai1="34,61,5,65,134,3,19,7,104,129,68,23,25" hai2="76,42,43,93,1,63,38,111,66,95,24,115,117" hai3="21,40,49,123,33,36,88,57,98,32,99,31,80"/><U35/><E104/><V105/><F117/><W74/><G123/><T118/><D71/><U116/><E116/><V20/><F105/><W30/><G36/><T55/><D97/><U58/><E134/><V45/><F111/><W130/><G130/><T106/><D106/><U125/><E129/><V133/><F133/><W50/><G74/><T13/><D55/><U12/><E125/><V26/><F115/><W108/><G108/><T0/><D127/><U124/><E124/><V9/><F42/><W53/><G32/><T101/><D101/><U60/><E3/><V70/><F76/><W96/><G33/><T77/><D28/><U72/><E72/><V131/><F131/><W18/><G49/><T85/><D22/><U84/><E35/><V110/><F110/><W64/><G64/><T67/><D67/><U120/><E120/><V73/><F73/><W14/><REACH who="3" step="1"/><G40/><REACH who="3" ten="250,230,250,260" step="2"/><N who="0" m="22927" /><D119/><U44/><E34/><V8/><F1/><W121/><G121/><T122/><D118/><U41/><E41/><V91/><F43/><W87/><AGARI ba="0,1" hai="14,18,21,30,31,50,53,57,80,87,88,96,98,99" machi="87" ten="30,8000,1" yaku="1,1,0,1,8,1,54,1,53,1" doraHai="132" doraHaiUra="17" who="3" fromWho="3" sc="250,-20,230,-40,250,-20,260,90" /><INIT seed="2,0,0,1,0,91" ten="230,190,230,350" oya="2" hai0="99,7,130,83,59,125,119,19,30,131,35,82,66" hai1="90,105,78,51,85,46,12,135,29,84,50,116,89" hai2="81,117,24,26,109,34,8,3,97,70,80,56,93" hai3="32,40,92,61,58,1,60,118,67,11,17,28,108"/><V121/><F70/><W47/><G108/><T14/><D125/><U86/><E116/><V134/><F117/><W72/><G72/><T65/><D7/><U79/><E105/><V13/><F121/><W57/><G118/><T37/><D37/><U74/><E135/><V27/><F3/><W69/><G28/><T68/><D68/><U48/><E74/><V45/><F34/><W38/><G32/><T52/><D119/><U114/><E114/><V122/><F122/><W10/><G1/><T39/><D39/><U16/><E29/><V127/><F127/><W75/><G75/><T102/><D82/><U112/><E46/><V124/><F124/><W62/><G17/><T115/><D83/><U15/><E112/><V25/><F134/><W71/><G92/><N who="0" m="58727" /><D30/><U9/><REACH who="1" step="1"/><E15/><REACH who="1" ten="230,180,230,350" step="2"/><V18/><F109/><W44/><G47/><T133/><D133/><U123/><E123/><V36/><N who="2" m="6144" /><DORA hai="4" /><V76/><F76/><AGARI ba="0,1" hai="9,12,16,48,50,51,76,78,79,84,85,86,89,90" machi="76" ten="40,8000,1" yaku="1,1,8,1,52,1,54,1,53,0" doraHai="91,4" doraHaiUra="107,129" who="1" fromWho="2" sc="230,0,180,90,230,-80,350,0" /><INIT seed="3,0,0,1,0,108" ten="230,270,150,350" oya="3" hai0="19,99,89,7,62,130,69,63,9,119,51,118,38" hai1="52,40,80,35,126,74,86,70,34,97,114,122,12" hai2="45,82,111,72,65,8,32,64,56,33,113,13,23" hai3="16,92,81,28,112,46,103,87,105,49,121,94,18"/><W31/><G112/><T3/><D38/><U61/><E74/><V25/><F111/><W58/><G105/><T78/><D130/><U67/><E122/><V68/><F68/><W27/><G58/><T71/><D51/><U1/><E1/><V14/><F45/><W55/><G121/><T117/><D19/><N who="3" m="7209" /><G27/><T6/><D78/><U0/><E0/><V100/><F100/><W127/><G127/><T59/><D7/><U5/><E40/><V39/><F39/><W10/><G10/><T75/><D75/><U30/><E30/><N who="3" m="11306" /><G103/><T57/><D99/><U133/><E126/><V124/><F124/><W24/><G24/><T2/><D89/><AGARI ba="0,0" hai="46,49,55,81,87,89,92,94" m="11306,7209" machi="89" ten="30,2900,0" yaku="8,1,54,1" doraHai="108" who="3" fromWho="0" sc="230,-29,270,0,150,0,350,29" owari="201,-19.9,270,7.0,150,-35.0,379,47.9" /></mjloggm>