<mjloggm ver="2.3"><GO type="225" lobby="0"/><UN n0="%E3%83%A9%E3%83%BC%E3%83%A1%E3%83%B3%E4%BA%94%E9%83%8E" n1="%E8%A8%88%E7%AE%97%E6%A9%9F%E8%87%AA%E7%84%B6" n2="%E9%89%A2%E5%B7%BB%E3%82%AC%E3%83%96" n3="%E5%AE%AE%E4%BF%9D%E9%B6%8F%E8%82%89" dan="16,17,16,16" rate="2069.08,2246.83,2138.06,2114.98" sx="M,M,M,M"/><TAIKYOKU oya="0"/><INIT seed="0,0,0,4,2,43" ten="250,250,250,250" oya="0" hai0="94,28,134,3,9,99,38,129,119,41,123,30,47" hai1="90,20,84,76,132,103,80,133,57,135,23,1,88" hai2="65,45,17,12,48,16,78,58,104,87,25,127,105" hai3="40,73,37,86,60,126,13,7,55,8,50,97,10"/><T114/><D114/><U27/><E1/><V130/><F130/><W32/><G73/><T128/><D119/><U63/><E103/><V70/><F127/><W81/><G126/><T56/><D123/><U51/><E51/><V91/><F70/><W62/><G32/><T29/><D134/><U31/><REACH who="1" step="1"/><E20/><REACH who="1" ten="250,240,250,250" step="2"/><V67/><F105/><W101/><G101/><T122/><D3/><U35/><E35/><V49/><F104/><W124/><G50/><T6/><D129/><U0/><E0/><V79/><F49/><W85/><G124/><T100/><D128/><U64/><AGARI ba="0,1" hai="23,27,31,57,63,64,76,80,84,88,90,132,133,135" machi="64" ten="30,7900,0" yaku="1,1,0,1,20,1,54,1,53,0" doraHai="43" doraHaiUra="92" who="1" fromWho="1" sc="250,-39,240,89,250,-20,250,-20" /><INIT seed="1,0,0,0,4,124" ten="211,329,230,230" oya="1" hai0="46,44,108,41,6,30,100,38,120,32,20,103,99" hai1="109,65,45,107,126,95,122,86,28,117,125,112,57" hai2="61,13,128,27,84,119,72,24,71,14,90,94,134" hai3="63,132,69,43,89,51,12,127,66,35,111,25,19"/><U7/><E112/><V105/><F119/><W37/><G127/><N who="1" m="48650" /><E117/><V49/><F72/><W3/><G3/><T16/><D108/><U93/><E107/><V98/><F134/><W39/><G111/><T50/><D120/><U96/><E122/><V26/><F105/><W56/><G132/><T5/><D30/><U91/><E7/><V15/><F49/><W4/><G4/><T21/><D32/><U17/><E28/><V62/><F71/><W110/><G110/><T67/><D67/><U29/><E29/><V60/><REACH who="2" step="1"/><F128/><REACH who="2" ten="211,329,220,230" step="2"/><W73/><G51/><T22/><D38/><U34/><E109/><V55/><F55/><W31/><G73/><T133/><D133/><U81/><E65/><V52/><F52/><W83/><G39/><T8/><D44/><U68/><E68/><V42/><F42/><W11/><G69/><T54/><D41/><U33/><E45/><V88/><F88/><W135/><G135/><T1/><D103/><N who="1" m="60815" /><E57/><V47/><F47/><W70/><G70/><T74/><D74/><U101/><E101/><V87/><AGARI ba="0,1" hai="13,14,15,24,26,27,60,61,62,84,87,90,94,98" machi="87" ten="40,12000,2" yaku="1,1,0,1,29,2,8,1,53,1" doraHai="124" doraHaiUra="92" who="2" fromWho="2" sc="211,-30,329,-60,220,130,230,-30" /><INIT seed="2,0,0,4,5,34" ten="181,269,350,200" oya="2" hai0="10,74,3,133,134,89,84,61,114,107,32,52,30" hai1="43,102,81,35,1,26,96,63,23,80,121,90,42" hai2="85,62,24,19,2,48,31,53,27,64,7,115,77" hai3="75,46,15,40,11,44,49,45,17,79,128,100,38"/><V22/><F115/><W56/><G128/><T106/><D74/><U13/><E121/><V135/><F135/><N who="0" m="51722" /><D114/><U29/><E1/><V0/><F7/><W91/><G100/><T4/><D30/><U86/><E80/><V14/><F85/><W109/><G109/><T33/><D33/><U73/><E73/><V110/><F77/><W82/><G38/><T59/><D32/><U69/><E13/><V83/><F83/><AGARI ba="0,0" hai="3,4,10,52,59,61,83,84,89,106,107" m="51722" machi="83" ten="30,3900,0" yaku="20,1,52,1,54,1" doraHai="34" who="0" fromWho="2" sc="181,39,269,0,350,-39,200,0" /><INIT seed="3,0,0,4,0,96" ten="220,269,311,200" oya="3" hai0="107,72,130,59,36,113,92,43,32,105,106,26,132" hai1="87,118,65,129,16,58,76,23,127,68,44,67,134" hai2="2,123,63,31,20,70,112,86,120,133,56,99,114" hai3="104,53,125,102,73,5,24,47,124,35,77,1,42"/><W90/><G73/><T52/><D72/><U4/><E68/><V60/><F2/><W75/><G75/><T66/><D66/><U93/><E129/><V6/><F6/><W117/><G77/><T7/><D130/><U94/><E127/><N who="3" m="48714" /><G117/><T57/><D132/><U71/><E71/><V21/><F133/><W17/><G90/><T83/><D113/><U79/><E4/><V88/><F99/><N who="3" m="61535" /><G53/><T13/><D83/><U15/><E118/><V116/><F116/><W34/><G24/><T29/><D92/><U41/><E134/><V37/><F37/><N who="3" m="21967" /><G17/><T100/><D7/><U78/><E87/><V51/><F114/><W55/><G55/><T62/><D13/><U9/><E65/><V121/><F112/><W135/><G135/><T48/><D36/><U45/><E45/><V19/><F19/><W74/><G74/><T80/><D43/><U12/><E44/><V0/><F31/><W85/><G85/><T97/><REACH who="0" step="1"/><D80/><REACH who="0" ten="210,269,311,200" step="2"/><U109/><E41/><V95/><F0/><W115/><G115/><T69/><D69/><U14/><E12/><V128/><F128/><W122/><G122/><T8/><D8/><AGARI ba="0,1" hai="1,5,8,34,35" m="21967,61535,48714" machi="8" ten="30,5800,0" yaku="18,1,23,1,52,1" doraHai="96" who="3" fromWho="0" sc="210,-58,269,0,311,0,200,68" /><INIT seed="3,1,0,5,5,74" ten="152,269,311,268" oya="3" hai0="88,86,8,135,129,5,48,30,54,1,49,18,95" hai1="55,52,77,104,73,27,34,26,47,42,56,117,75" hai2="53,122,89,116,70,121,62,7,106,20,51,57,105" hai3="25,35,125,92,127,28,119,65,98,3,37,0,120"/><W102/><G119/><T93/><D135/><U112/><E112/><V58/><F116/><W12/><G120/><N who="2" m="46185" /><F70/><W63/><G37/><T46/><D129/><U82/><E117/><V21/><F7/><W124/><REACH who="3" step="1"/><G12/><REACH who="3" ten="152,269,311,258" step="2"/><T39/><D39/><U23/><E26/><V68/><F68/><AGARI ba="1,1" hai="0,3,25,28,35,63,65,68,92,98,102,124,125,127" machi="68" ten="40,12000,1" yaku="1,1,2,1,18,1,53,1" doraHai="74" doraHaiUra="91" who="3" fromWho="2" sc="152,0,269,0,311,-123,258,133" owari="152,-34.8,269,6.9,188,-21.2,391,49.1" /></mjloggm>