<mjloggm ver="2.3"><GO type="225" lobby="0"/><UN n0="%6D%75%75%73%61%6E%6D%75" n1="%E4%B8%89%E5%88%86%E5%B0%8F%E5%83%A7" n2="%30%2E%31%32%30" n3="%E3%81%BD%E3%81%A1%E3%81%9F%E3%81%93%E3%82%84" dan="16,16,16,17" rate="2072.98,2088.90,2105.23,2205.17" sx="F,M,M,M"/><TAIKYOKU oya="0"/><INIT seed="0,0,0,3,5,26" ten="250,250,250,250" oya="0" hai0="121,28,104,24,57,122,8,52,123,78,70,10,72" hai1="69,3,77,64,94,15,108,27,126,54,22,79,117" hai2="0,92,48,75,73,80,98,21,47,59,127,88,81" hai3="53,93,34,50,49,132,66,37,51,32,107,134,131"/><T46/><D70/><U71/><E3/><V124/><F0/><W83/><G107/><T102/><D72/><N who="2" m="27722" /><F59/><W100/><G37/><T82/><D104/><U13/><E117/><V56/><F56/><W135/><G131/><T91/><D102/><U11/><E108/><V30/><F21/><W113/><G113/><T14/><D78/><U103/><E126/><N who="2" m="48171" /><F30/><W20/><G83/><N who="2" m="31817" /><F47/><W112/><G112/><T19/><D8/><U36/><E36/><V105/><F48/><W115/><G115/><T109/><D109/><U6/><E15/><V2/><F2/><W61/><G53/><T1/><D1/><U74/><E74/><V87/><F105/><W86/><G20/><T114/><D114/><U120/><E54/><V33/><F33/><W119/><G119/><T55/><D57/><U89/><E64/><V45/><F45/><W9/><G9/><T125/><D125/><U7/><E71/><V62/><F62/><W118/><G118/><T31/><D24/><U65/><E65/><V63/><F63/><W16/><G16/><T116/><D116/><U18/><E69/><V41/><F41/><W17/><G17/><T29/><REACH who="0" step="1"/><D46/><REACH who="0" ten="240,250,250,250" step="2"/><U129/><E27/><V101/><F101/><W39/><G100/><T68/><D68/><U67/><E103/><V35/><F35/><W43/><G32/><T111/><D111/><U90/><E11/><V110/><F110/><W99/><G34/><T58/><D58/><U128/><E13/><V130/><F130/><W106/><G106/><T40/><D40/><U97/><E129/><V84/><AGARI ba="0,1" hai="84,87,88,92,98" m="31817,48171,27722" machi="84" ten="40,8000,1" yaku="18,1,34,2,54,1" doraHai="26" who="2" fromWho="2" sc="240,-40,250,-20,250,90,250,-20" /><INIT seed="1,0,0,1,5,77" ten="200,230,340,230" oya="1" hai0="4,134,133,20,42,54,8,5,9,47,115,56,55" hai1="35,110,66,98,64,37,15,16,43,80,34,45,44" hai2="1,84,90,38,106,61,108,11,21,86,31,119,46" hai3="60,23,36,121,94,29,18,49,68,50,26,116,120"/><U128/><E128/><V126/><F106/><W105/><G105/><T25/><D115/><U92/><E110/><V17/><F119/><W51/><G36/><T93/><D8/><U39/><E45/><V122/><F108/><W0/><G0/><T117/><D117/><U41/><E41/><V67/><F46/><W113/><G113/><T30/><D133/><U83/><E39/><V99/><F38/><W14/><G116/><T96/><D134/><U112/><E112/><V6/><F126/><W104/><G104/><T109/><D109/><U131/><E131/><V118/><F31/><W3/><G3/><T71/><D71/><U75/><E75/><V63/><F122/><W85/><G68/><T58/><D47/><U73/><E73/><V87/><F118/><W127/><G60/><T111/><D42/><U124/><E124/><V52/><F52/><W40/><G40/><T135/><D111/><U19/><E35/><V82/><F99/><W28/><G28/><T103/><D135/><U12/><E34/><V81/><F67/><W95/><G127/><T13/><REACH who="0" step="1"/><D4/><REACH who="0" ten="190,230,340,230" step="2"/><U132/><E132/><V97/><F6/><W72/><G120/><T101/><D101/><N who="1" m="60615" /><E44/><V114/><F11/><N who="3" m="6495" /><G121/><T91/><D91/><U65/><E43/><V33/><F114/><W57/><G57/><AGARI ba="0,1" hai="5,9,13,20,25,30,54,55,56,57,58,93,96,103" machi="57" ten="40,2600,0" yaku="1,1,8,1,53,0" doraHai="77" doraHaiUra="125" who="0" fromWho="3" sc="190,36,230,0,340,0,230,-26" /><INIT seed="2,0,0,4,2,120" ten="226,230,340,204" oya="2" hai0="83,90,108,123,45,78,128,110,98,65,126,30,44" hai1="73,15,114,60,115,12,7,50,61,62,79,112,106" hai2="41,100,84,119,8,85,39,69,16,53,3,99,80" hai3="19,23,13,37,52,135,35,109,91,49,48,66,9"/><V4/><F69/><W67/><G35/><T71/><D123/><U33/><E106/><V118/><F53/><W0/><G37/><T102/><D126/><U86/><E33/><V94/><F85/><W121/><G121/><T111/><D128/><U17/><E73/><V133/><F133/><W63/><G135/><T55/><D90/><U11/><E50/><V116/><F41/><W132/><G132/><T24/><D65/><U25/><E25/><V28/><F28/><W5/><G109/><T125/><D71/><U57/><E86/><V68/><F68/><W75/><G75/><N who="0" m="43487" /><D55/><U22/><REACH who="1" step="1"/><E79/><REACH who="1" ten="226,220,340,204" step="2"/><V129/><F129/><W43/><G49/><T72/><D72/><U103/><E103/><V113/><F39/><W89/><G43/><T59/><D125/><U96/><E96/><V107/><F118/><W58/><REACH who="3" step="1"/><G67/><AGARI ba="0,1" hai="7,11,12,15,17,22,57,60,61,62,67,112,114,115" machi="67" ten="40,1300,0" yaku="1,1,53,0" doraHai="120" doraHaiUra="47" who="1" fromWho="3" sc="226,0,220,23,340,0,204,-13" /><INIT seed="3,0,0,3,4,13" ten="226,243,340,191" oya="3" hai0="123,55,116,102,4,86,115,128,107,62,93,23,50" hai1="111,68,134,58,64,45,12,67,84,59,114,38,130" hai2="5,127,60,47,89,124,104,30,97,29,3,2,71" hai3="35,15,96,41,77,7,126,85,120,121,37,129,24"/><W73/><G73/><T0/><D123/><U57/><E114/><V8/><F47/><N who="3" m="23983" /><G96/><T103/><D107/><U95/><E111/><V113/><F113/><W94/><G129/><T80/><D115/><U16/><E130/><V132/><F132/><W18/><G7/><T51/><D128/><U56/><E134/><V91/><F3/><W110/><G110/><T32/><D32/><U100/><E68/><V40/><F40/><W27/><G126/><N who="2" m="48169" /><F71/><W36/><G36/><T119/><D119/><U122/><E122/><N who="3" m="47210" /><G35/><T48/><D0/><U46/><E38/><V88/><F60/><W14/><G14/><T39/><D39/><U87/><N who="1" m="14336" /><DORA hai="49" /><U81/><E100/><AGARI ba="0,0" hai="2,5,8,29,30,88,89,91,97,100,104" m="48169" machi="100" ten="30,2000,0" yaku="18,1,54,1" doraHai="13,49" who="2" fromWho="1" sc="226,0,243,-20,340,20,191,0" owari="226,2.6,223,-17.7,360,46.0,191,-30.9" /></mjloggm>