<mjloggm ver="2.3"><GO type="225" lobby="0"/><UN n0="%E3%81%BE%E3%81%A8%E3%81%9F" n1="%E6%A1%9C%E8%8A%B1%E9%96%83%E3%80%85" n2="%E7%99%BD%E9%B9%BF%E6%84%9B%E8%8E%89" n3="%E3%81%AF%E3%82%88%E3%81%8A%E3%81%98%E3%81%95%E3%82%93" dan="16,18,17,16" rate="2164.15,2258.87,2142.78,2187.61" sx="M,M,F,M"/><TAIKYOKU oya="0"/><INIT seed="0,0,0,1,2,64" ten="250,250,250,250" oya="0" hai0="36,33,94,110,126,125,119,71,113,80,13,9,101" hai1="72,115,117,63,32,69,78,29,22,83,98,90,121" hai2="47,61,23,103,93,58,39,112,116,14,74,89,102" hai3="54,127,42,124,43,48,16,67,129,77,106,104,4"/><T120/><D113/><U28/><E117/><V70/><F112/><W97/><G4/><T55/><D119/><U91/><E115/><V40/><F74/><W27/><G67/><T133/><D33/><U51/><E121/><V12/><F116/><W118/><G118/><T7/><D36/><U52/><E32/><V50/><F39/><W76/><G129/><T130/><D120/><U96/><E96/><N who="2" m="57391" /><F70/><W59/><G76/><T95/><D130/><U38/><E38/><V2/><F2/><W86/><G86/><T41/><D71/><U26/><E29/><V62/><F62/><W45/><G77/><T15/><D133/><U57/><REACH who="1" step="1"/><E98/><REACH who="1" ten="250,240,250,250" step="2"/><V68/><F68/><W53/><G97/><T107/><D125/><U66/><AGARI ba="0,1" hai="22,26,28,51,52,57,63,66,69,72,78,83,90,91" machi="66" ten="30,8000,1" yaku="1,1,2,1,0,1,52,1,54,1,53,0" doraHai="64" doraHaiUra="123" who="1" fromWho="1" sc="250,-40,240,90,250,-20,250,-20" /><INIT seed="1,0,0,0,5,81" ten="210,330,230,230" oya="1" hai0="20,128,95,70,0,83,91,1,15,51,16,37,135" hai1="7,116,115,35,19,117,27,78,31,77,107,79,9" hai2="84,102,121,98,132,50,5,29,36,76,43,104,4" hai3="42,97,92,45,89,133,24,99,129,130,124,54,93"/><U56/><E115/><V52/><F121/><W112/><G112/><T17/><D135/><U33/><E107/><V100/><F132/><W72/><G133/><T57/><D128/><U22/><E56/><V85/><F29/><W59/><G72/><T109/><D37/><U8/><E8/><V75/><F75/><W68/><G68/><T90/><D70/><U127/><E127/><V62/><F36/><W123/><G124/><T73/><D109/><U64/><E64/><V30/><F30/><W38/><G123/><T47/><D57/><U113/><E113/><V110/><F110/><W71/><G24/><T6/><D6/><N who="2" m="2666" /><F104/><W86/><G71/><T3/><D17/><U23/><E23/><V34/><F34/><W60/><REACH who="3" step="1"/><G99/><REACH who="3" ten="210,330,230,220" step="2"/><T126/><D126/><U10/><E35/><V18/><F98/><W66/><G66/><T55/><REACH who="0" step="1"/><D95/><REACH who="0" ten="200,330,230,220" step="2"/><U14/><REACH who="1" step="1"/><E10/><REACH who="1" ten="200,320,230,220" step="2"/><V67/><F67/><W96/><G96/><T106/><D106/><U48/><E48/><V40/><F50/><W58/><G58/><T131/><D131/><U101/><E101/><AGARI ba="0,3" hai="38,42,45,54,59,60,86,89,92,93,97,101,129,130" machi="101" ten="40,2600,0" yaku="1,1,52,1,53,0" doraHai="81" doraHaiUra="119" who="3" fromWho="1" sc="200,0,320,-26,230,0,220,56" /><INIT seed="2,0,0,4,1,30" ten="200,294,230,276" oya="2" hai0="23,34,87,117,129,102,96,100,2,59,98,112,120" hai1="66,42,84,94,4,64,52,101,47,115,74,134,128" hai2="40,22,72,90,51,7,107,97,14,48,88,69,18" hai3="57,109,55,45,56,106,70,119,39,5,130,38,10"/><V80/><F69/><W79/><G119/><T114/><D117/><U124/><E115/><V15/><F72/><W78/><G70/><T35/><D120/><U113/><E113/><V82/><F107/><W76/><G106/><T36/><D2/><U126/><E74/><V54/><F40/><W0/><G109/><T121/><D121/><U26/><E128/><V118/><F118/><W122/><G122/><T104/><D36/><U32/><E4/><V95/><F90/><W89/><G130/><T43/><D43/><U28/><E134/><V77/><F77/><W24/><G45/><T20/><D104/><U61/><E84/><V110/><F110/><W25/><G89/><T131/><D59/><N who="1" m="35047" /><E94/><V68/><F68/><W13/><G56/><T71/><D71/><U108/><E101/><V62/><F62/><W8/><G38/><T12/><D12/><U73/><E73/><V135/><F135/><W116/><G39/><T99/><D99/><U125/><E108/><V37/><F37/><AGARI ba="0,0" hai="26,28,32,37,42,47,64,66,124,125,126" m="35047" machi="37" ten="30,3900,0" yaku="18,1,52,1,54,1" doraHai="30" who="1" fromWho="2" sc="200,0,294,39,230,-39,276,0" /><INIT seed="3,0,0,1,2,13" ten="200,333,191,276" oya="3" hai0="33,74,57,111,72,59,132,15,0,89,87,83,11" hai1="114,71,70,54,37,107,92,55,131,73,77,31,30" hai2="35,88,108,128,45,133,6,56,3,60,38,103,126" hai3="10,18,50,105,29,116,135,39,127,69,98,61,76"/><W66/><G116/><T68/><D0/><U67/><E107/><V49/><F38/><W2/><G39/><T84/><D68/><U123/><E37/><V41/><F35/><W78/><G127/><T130/><D33/><U106/><E106/><V134/><F126/><W80/><G135/><N who="2" m="51721" /><F108/><W117/><G117/><T119/><D132/><U42/><E54/><N who="2" m="33815" /><F128/><W47/><G29/><T19/><D130/><U94/><E92/><V102/><F88/><W12/><G2/><T99/><D119/><U22/><E22/><V129/><F129/><W96/><G105/><T62/><D111/><U25/><E25/><V79/><F79/><W16/><G18/><T32/><D32/><U43/><E73/><V82/><F82/><W97/><REACH who="3" step="1"/><G80/><REACH who="3" ten="200,333,191,266" step="2"/><T53/><D83/><U26/><E30/><V112/><F112/><W40/><AGARI ba="0,1" hai="10,12,16,40,47,50,61,66,69,76,78,96,97,98" machi="40" ten="30,18000,2" yaku="1,1,2,1,0,1,52,1,54,1,53,1" doraHai="13" doraHaiUra="9" who="3" fromWho="3" sc="200,-60,333,-60,191,-60,266,190" owari="140,-26.0,273,7.3,131,-36.9,456,55.6" /></mjloggm>