<mjloggm ver="2.3"><GO type="225" lobby="0"/><UN n0="%E3%81%8B%E3%82%8F%E3%81%A1%E3%82%83%E3%82%93%35%38" n1="%6D%75%75%6D%75%72%61" n2="%E5%AF%82%E5%AF%9E%E3%82%AE%E3%83%8D%E3%82%B9%E3%83%93%E3%83%BC%E3%83%AB" n3="%E3%82%B7%E3%83%B3%E5%A4%AA%E6%9C%97" dan="16,16,16,16" rate="2123.28,2173.47,2130.75,2126.31" sx="M,F,M,M"/><TAIKYOKU oya="0"/><INIT seed="0,0,0,3,4,27" ten="250,250,250,250" oya="0" hai0="63,106,14,44,80,72,117,10,45,92,66,59,25" hai1="102,18,113,3,95,109,49,39,115,67,6,99,116" hai2="54,98,12,97,41,123,60,130,84,131,90,69,0" hai3="62,64,42,126,112,11,82,78,31,94,17,22,15"/><T81/><D106/><U23/><E39/><V4/><F0/><W35/><G126/><T125/><D117/><U30/><E116/><V93/><F123/><W77/><G112/><T132/><D132/><U111/><E67/><N who="2" m="41191" /><F41/><W86/><G42/><T128/><D125/><U7/><E49/><V24/><F24/><W40/><G40/><T122/><D122/><U20/><E18/><V13/><F54/><W74/><G35/><T107/><D107/><U52/><E52/><V79/><F79/><W110/><G110/><N who="1" m="41994" /><E3/><V134/><F134/><W8/><G77/><T1/><D1/><U89/><E89/><V48/><F48/><W16/><G8/><T36/><D36/><U88/><E102/><V9/><F13/><W135/><G135/><T121/><D14/><U2/><E30/><V101/><F101/><W91/><G31/><T129/><D128/><AGARI ba="0,0" hai="4,9,12,84,90,93,97,98,128,130,131" m="41191" machi="128" ten="30,1000,0" yaku="19,1" doraHai="27" who="2" fromWho="0" sc="250,-10,250,0,250,10,250,0" /><INIT seed="1,0,0,5,0,94" ten="240,250,260,250" oya="1" hai0="44,49,86,8,110,50,58,41,23,32,0,4,57" hai1="79,72,59,71,61,122,101,124,37,75,68,60,39" hai2="53,55,10,11,78,125,3,12,73,114,20,96,6" hai3="14,128,93,18,111,31,56,106,113,40,26,28,123"/><U119/><E119/><V22/><F125/><W105/><G123/><T92/><D32/><U5/><E122/><V121/><F121/><W129/><G113/><T27/><D110/><U29/><E124/><V25/><F114/><W16/><G111/><T115/><D115/><U7/><E29/><V126/><F126/><W91/><G40/><T24/><D24/><U15/><E15/><V97/><F78/><W42/><G42/><T38/><D38/><U134/><E79/><V2/><F73/><W95/><G56/><T133/><D133/><U35/><E59/><V102/><F102/><W46/><G46/><T100/><D50/><U17/><E101/><V90/><F90/><W108/><G108/><T30/><REACH who="0" step="1"/><D86/><REACH who="0" ten="230,250,260,250" step="2"/><U81/><E35/><V45/><F25/><W130/><G26/><T47/><D47/><U67/><E134/><V98/><F45/><W43/><G43/><T85/><D85/><U103/><E39/><V63/><F63/><W48/><G48/><T74/><D74/><U54/><E37/><V64/><F64/><W1/><G130/><T120/><D120/><U36/><E36/><V19/><REACH who="2" step="1"/><F2/><REACH who="2" ten="230,250,250,250" step="2"/><W65/><G65/><T70/><D70/><U89/><E68/><V132/><F132/><W109/><G109/><T13/><D13/><U117/><E71/><V104/><F104/><W51/><G14/><T116/><D116/><U131/><E72/><V118/><F118/><W84/><G129/><T99/><AGARI ba="0,2" hai="0,4,8,23,27,30,41,44,49,57,58,92,99,100" machi="99" ten="30,4000,0" yaku="1,1,0,1,52,1,53,0" doraHai="94" doraHaiUra="69" who="0" fromWho="0" sc="230,60,250,-20,250,-10,250,-10" /><INIT seed="2,0,0,0,0,82" ten="290,230,240,240" oya="2" hai0="96,63,33,122,99,53,102,59,135,113,66,75,32" hai1="4,6,48,47,9,42,46,31,52,100,12,3,34" hai2="22,30,95,61,101,45,116,60,65,110,98,62,128" hai3="56,23,36,131,123,67,5,70,43,89,129,126,84"/><V103/><F116/><W81/><G123/><T57/><D122/><U29/><E100/><V16/><F128/><N who="3" m="49227" /><G126/><T105/><D113/><U69/><E69/><V90/><F110/><W44/><G5/><T39/><D75/><U73/><E73/><V21/><F65/><W27/><G70/><T94/><D39/><U28/><E34/><V0/><F0/><W14/><G14/><T132/><D32/><U111/><E111/><V119/><F119/><W114/><G114/><T7/><D7/><U55/><REACH who="1" step="1"/><E47/><REACH who="1" ten="290,220,240,240" step="2"/><V91/><F103/><W134/><G134/><T88/><REACH who="0" step="1"/><D33/><REACH who="0" ten="280,220,240,240" step="2"/><U25/><E25/><N who="2" m="16687" /><F45/><W41/><G44/><T11/><D11/><AGARI ba="0,2" hai="3,4,6,9,11,12,28,29,31,42,46,48,52,55" machi="11" ten="40,2600,0" yaku="1,1,54,1,53,0" doraHai="82" doraHaiUra="71" who="1" fromWho="0" sc="280,-26,220,46,240,0,240,0" /><INIT seed="3,0,0,5,0,35" ten="254,266,240,240" oya="3" hai0="42,101,65,49,67,25,126,120,94,100,114,66,92" hai1="75,72,27,41,88,117,131,113,77,12,130,8,58" hai2="106,1,81,104,132,79,60,98,51,52,69,86,68" hai3="111,90,29,133,96,31,38,103,40,97,3,123,115"/><W20/><G123/><T9/><D120/><U30/><E113/><V24/><F132/><W19/><G3/><T135/><D135/><U122/><E122/><V112/><F112/><W54/><G133/><T74/><D74/><U128/><E41/><V44/><F1/><W80/><G115/><T2/><D114/><U110/><E110/><V10/><F10/><W61/><G111/><T23/><D126/><U0/><E0/><V36/><F36/><W5/><G5/><T127/><D127/><U13/><E58/><V87/><F24/><W26/><G40/><T28/><D9/><U6/><E13/><V45/><F45/><W34/><G38/><T56/><D2/><U15/><E15/><V4/><F4/><W89/><G80/><T108/><D108/><U107/><E107/><V116/><F116/><W64/><G54/><N who="0" m="31823" /><D42/><U102/><E102/><AGARI ba="0,0" hai="23,25,28,65,66,67,92,94,100,101,102" m="31823" machi="102" ten="30,1000,0" yaku="8,1" doraHai="35" who="0" fromWho="1" sc="254,10,266,-10,240,0,240,0" /><INIT seed="4,0,0,0,3,89" ten="264,256,240,240" oya="0" hai0="32,106,62,48,60,23,97,129,74,55,79,34,94" hai1="7,5,111,85,44,8,38,26,123,109,21,127,126" hai2="83,40,107,16,91,69,19,131,64,130,51,105,10" hai3="37,46,121,108,30,110,128,52,72,112,117,56,27"/><T24/><D106/><U13/><E38/><V22/><F10/><W41/><G72/><T90/><D129/><N who="2" m="49162" /><F64/><W58/><G117/><T3/><D3/><U76/><E44/><N who="2" m="25991" /><F69/><W42/><G112/><T0/><D0/><U80/><E7/><V33/><F33/><W36/><G128/><T6/><D6/><U15/><E15/><N who="2" m="9503" /><F19/><W50/><G121/><T84/><D32/><U25/><E123/><V73/><F91/><W9/><G9/><T12/><D34/><U65/><E65/><V49/><F49/><W4/><G4/><T63/><D12/><U61/><E26/><V57/><F57/><W124/><G124/><N who="1" m="47658" /><E61/><V18/><F18/><AGARI ba="0,0" hai="5,8,13,18,21,25,76,80,85,109,111" m="47658" machi="18" ten="30,1000,0" yaku="18,1" doraHai="89" who="1" fromWho="2" sc="264,0,256,10,240,-10,240,0" /><INIT seed="5,0,0,4,3,109" ten="264,266,230,240" oya="1" hai0="93,98,123,55,73,16,124,52,74,27,115,36,8" hai1="114,30,135,33,29,41,39,47,113,31,0,108,56" hai2="129,63,50,54,116,100,101,90,77,19,7,70,84" hai3="132,64,103,35,12,15,24,81,75,17,82,59,96"/><U10/><E108/><V120/><F116/><W112/><G112/><N who="1" m="43114" /><E135/><V76/><F120/><W11/><G132/><T9/><D36/><U127/><E127/><V1/><F129/><W107/><G75/><T102/><D115/><U131/><E131/><V121/><F121/><W2/><G2/><T111/><D111/><U134/><E134/><V92/><F1/><W110/><G110/><T45/><D74/><U20/><E20/><V72/><F7/><W58/><G58/><T71/><D71/><U22/><E22/><V25/><F63/><W65/><G64/><T38/><D73/><U89/><E89/><V119/><F70/><W57/><G57/><T105/><D123/><U23/><E23/><N who="2" m="13567" /><F72/><W125/><G125/><T104/><D124/><U48/><E33/><V133/><F119/><W97/><G35/><T87/><D8/><U44/><E56/><N who="2" m="32855" /><F133/><W5/><G24/><T26/><D26/><U66/><E66/><V37/><F37/><W106/><G59/><T46/><D38/><U67/><E67/><V32/><F32/><W94/><G65/><T13/><D27/><U51/><E44/><V14/><F14/><W91/><G107/><N who="0" m="41035" /><D46/><U43/><E43/><V95/><F101/><W80/><G12/><T4/><D45/><U3/><E3/><V34/><F34/><W49/><G5/><AGARI ba="0,0" hai="0,5,10,29,30,31,39,41,47,48,51" m="43114" machi="5" ten="30,11600,0" yaku="15,1,52,3" doraHai="109" who="1" fromWho="3" sc="264,0,266,116,230,0,240,-116" owari="264,6.4,382,48.2,230,-17.0,124,-37.6" /></mjloggm>