<mjloggm ver="2.3"><GO type="225" lobby="0"/><UN n0="%E3%83%B4%E3%82%A3%E3%83%AF%E3%82%B3%E3%82%B0%E3%83%8B" n1="%E5%A4%96%E5%B7%9D%E7%AB%9C%E6%88%90" n2="%E6%97%A5%E6%9B%9C%E6%97%A5%E3%82%88%E3%82%8A%E3%81%AE%E4%BD%BF%E8%80%85" n3="%4B%2E%32%2E%4B%2E" dan="16,16,18,16" rate="2127.01,2210.17,2160.51,2085.46" sx="M,M,M,M"/><TAIKYOKU oya="0"/><INIT seed="0,0,0,2,0,99" ten="250,250,250,250" oya="0" hai0="110,61,2,65,129,95,126,113,55,122,107,64,135" hai1="117,57,123,80,83,45,114,79,92,11,41,70,121" hai2="87,67,35,77,101,115,58,12,106,32,94,89,86" hai3="118,1,26,27,132,116,131,53,56,120,76,3,23"/><T43/><D107/><U78/><E70/><V98/><F115/><W50/><G120/><T91/><D2/><U71/><E71/><V30/><F30/><W96/><G131/><T21/><D122/><U25/><E114/><V17/><F67/><W112/><G112/><T38/><D113/><U48/><E117/><V82/><REACH who="2" step="1"/><F58/><REACH who="2" ten="250,250,240,250" step="2"/><W47/><G56/><T37/><D129/><U97/><E57/><V68/><F68/><W33/><G118/><T73/><D65/><U124/><E123/><V127/><F127/><W104/><G116/><T90/><D126/><U34/><E124/><V81/><F81/><W40/><G33/><T102/><D64/><U13/><E121/><V111/><F111/><W22/><G132/><T52/><D110/><U5/><E34/><V51/><F51/><W46/><G50/><T0/><D135/><U6/><E48/><V85/><F85/><W36/><G36/><T119/><D37/><U10/><E41/><V133/><F133/><W69/><G69/><T125/><D38/><U20/><E45/><V66/><F66/><W28/><G40/><T4/><D43/><U14/><E83/><V18/><F18/><N who="3" m="12631" /><G47/><T44/><D44/><U74/><E80/><V103/><F103/><N who="3" m="62567" /><G46/><T108/><D119/><U9/><E74/><V24/><F24/><W49/><G49/><T7/><D73/><U8/><E25/><V62/><F62/><W88/><G53/><T39/><D61/><U105/><E5/><V60/><F60/><W29/><G29/><T130/><D108/><U93/><E6/><V109/><F109/><W19/><G28/><RYUUKYOKU ba="0,1" sc="250,-10,250,-10,240,30,250,-10" hai2="12,17,32,35,77,82,86,87,89,94,98,101,106" /><INIT seed="1,1,1,4,2,109" ten="240,240,270,240" oya="1" hai0="135,14,30,0,129,31,68,18,29,4,63,17,125" hai1="49,85,95,126,42,84,112,1,77,98,124,86,13" hai2="79,116,48,117,5,47,76,91,131,88,45,24,90" hai3="32,80,81,67,34,15,20,118,7,70,12,102,58"/><U78/><E1/><V64/><F131/><W41/><G70/><T16/><D129/><U55/><E42/><V74/><F5/><W53/><G67/><T10/><D125/><N who="1" m="48235" /><E13/><V99/><F64/><W89/><G118/><T101/><D101/><N who="1" m="60639" /><E112/><V104/><F104/><W69/><G41/><T60/><D135/><U50/><E50/><V62/><F62/><W108/><G69/><T3/><D68/><U66/><E66/><V25/><F99/><W37/><G37/><T73/><D73/><U35/><E35/><V27/><F74/><W40/><G40/><T97/><D97/><U8/><E8/><V121/><F121/><W82/><G15/><N who="0" m="5575" /><D60/><U9/><E9/><V132/><F132/><W54/><G54/><T115/><D63/><U96/><E96/><V100/><F100/><W6/><G102/><T23/><D115/><U122/><E122/><V33/><F33/><W51/><G32/><T83/><D83/><U36/><E36/><V52/><REACH who="2" step="1"/><F47/><AGARI ba="1,1" hai="47,49,55,77,78,84,85,86" m="60639,48235" machi="47" ten="30,1500,0" yaku="18,1" doraHai="109" who="1" fromWho="2" sc="240,0,240,28,270,-18,240,0" /><INIT seed="1,2,0,3,4,85" ten="240,268,252,240" oya="1" hai0="62,124,100,1,107,61,110,0,27,97,115,111,94" hai1="98,114,128,37,44,74,106,10,30,50,131,116,134" hai2="17,123,21,108,35,117,12,75,73,36,127,29,120" hai3="39,47,82,132,88,49,130,26,79,4,2,86,96"/><U6/><E114/><V67/><F36/><W105/><G132/><T13/><D115/><U7/><E116/><V59/><F117/><W5/><G130/><T63/><D124/><U22/><E74/><V33/><F127/><W34/><G39/><T89/><D13/><U55/><E134/><V64/><F75/><W32/><G2/><T101/><D27/><N who="1" m="16759" /><E37/><V129/><F73/><W31/><G34/><T72/><D72/><U48/><E10/><V20/><F59/><W81/><G105/><T83/><D83/><U51/><E6/><V54/><F54/><W125/><G125/><T28/><D28/><U52/><E7/><V95/><F95/><W42/><G96/><T104/><D104/><U58/><E58/><V18/><F29/><W56/><G56/><T77/><D77/><U76/><E76/><V109/><REACH who="2" step="1"/><F12/><REACH who="2" ten="240,268,242,240" step="2"/><W66/><G66/><T122/><D107/><U8/><E55/><V11/><F11/><W19/><G19/><T102/><REACH who="0" step="1"/><D122/><REACH who="0" ten="230,268,242,240" step="2"/><U24/><E106/><V9/><F9/><W113/><G113/><T90/><D90/><U43/><E8/><V92/><F92/><W23/><G32/><T15/><D15/><U46/><E131/><AGARI ba="2,2" hai="17,18,20,21,33,35,64,67,108,109,120,123,129,131" machi="131" ten="25,3200,0" yaku="1,1,22,2,53,0" doraHai="85" doraHaiUra="87" who="2" fromWho="1" sc="230,0,268,-38,242,58,240,0" /><INIT seed="2,0,0,3,3,102" ten="230,230,300,240" oya="2" hai0="42,108,111,17,40,38,19,67,130,48,52,66,133" hai1="50,114,14,13,92,100,28,87,115,31,76,90,120" hai2="20,51,134,26,80,0,89,112,64,107,77,84,54" hai3="135,7,68,34,32,5,91,24,29,132,96,35,27"/><V125/><F112/><W37/><G68/><T117/><D133/><N who="3" m="51273" /><G37/><T131/><D38/><U93/><E120/><V65/><F134/><W10/><G91/><T21/><D21/><U45/><E76/><V12/><F0/><N who="3" m="295" /><G96/><T59/><D117/><U103/><E115/><V2/><F2/><W22/><G7/><T16/><D40/><N who="1" m="24871" /><E114/><V3/><F3/><W126/><G126/><T78/><D42/><U123/><E123/><V88/><F107/><W97/><G97/><T110/><REACH who="0" step="1"/><D78/><REACH who="0" ten="220,230,300,240" step="2"/><U95/><E103/><V73/><F125/><W23/><G22/><T119/><D119/><U41/><E41/><V121/><F20/><W56/><G56/><T63/><D63/><U9/><E100/><V129/><F121/><W82/><G82/><T124/><D124/><U46/><E46/><V36/><F80/><W8/><G8/><T6/><D6/><U105/><E9/><V122/><F36/><W74/><G74/><T70/><D70/><U1/><E1/><V55/><F73/><W18/><AGARI ba="0,1" hai="18,23,24,27,29,32,34,35" m="295,51273" machi="18" ten="30,4000,0" yaku="20,1,34,2" doraHai="102" who="3" fromWho="3" sc="220,-10,230,-10,300,-20,240,50" /><INIT seed="3,0,0,5,3,129" ten="210,220,280,290" oya="3" hai0="101,14,37,69,100,18,81,70,88,76,64,82,127" hai1="60,54,9,98,48,134,75,128,44,123,43,52,33" hai2="89,94,32,116,102,29,28,77,113,36,84,45,92" hai3="23,2,67,61,117,71,34,99,74,108,17,80,105"/><W62/><G117/><T109/><D37/><U24/><E75/><V55/><F116/><W0/><G34/><T11/><D109/><U121/><E98/><N who="2" m="59719" /><F36/><W19/><G108/><T31/><D127/><U133/><E128/><V96/><F32/><W27/><G74/><T21/><D69/><U51/><E9/><V10/><F10/><W1/><G80/><T25/><D70/><U110/><E110/><V38/><F38/><W104/><G99/><T119/><D119/><U111/><E111/><V79/><F113/><W73/><G73/><T91/><D64/><U4/><E4/><V107/><F107/><W56/><REACH who="3" step="1"/><G17/><REACH who="3" ten="210,220,280,280" step="2"/><T106/><D106/><U58/><E33/><V35/><F35/><W16/><G16/><T87/><REACH who="0" step="1"/><D91/><REACH who="0" ten="200,220,280,280" step="2"/><U132/><E24/><V39/><F89/><W22/><G22/><T72/><AGARI ba="0,2" hai="11,14,18,21,25,31,72,76,81,82,87,88,100,101" machi="72" ten="20,8000,1" yaku="1,1,2,1,0,1,7,1,54,1,53,0" doraHai="129" doraHaiUra="135" who="0" fromWho="0" sc="200,100,220,-20,280,-20,280,-40" owari="300,40.0,200,-30.0,260,6.0,240,-16.0" /></mjloggm>