<mjloggm ver="2.3"><GO type="225" lobby="0"/><UN n0="%6D%75%75%6D%75%72%61" n1="%72%69%6F%75%63%68%61%6E" n2="%E3%81%A9%E3%82%93%E3%82%88%E3%81%8F%4D%6B%2E%32" n3="%E3%81%99%E3%81%84%E3%81%BE%E3%81%9B%E3%83%BC%E3%82%93" dan="16,16,16,16" rate="2187.48,2107.07,2176.15,2128.94" sx="F,M,M,M"/><TAIKYOKU oya="0"/><INIT seed="0,0,0,3,4,67" ten="250,250,250,250" oya="0" hai0="63,118,73,135,122,88,114,38,133,34,96,40,49" hai1="7,69,39,125,87,11,93,68,61,70,126,30,90" hai2="128,18,47,127,119,86,55,24,66,9,113,3,52" hai3="94,46,110,44,23,15,13,43,35,25,120,33,124"/><T50/><D114/><U53/><E39/><V89/><F113/><W12/><G124/><N who="1" m="47722" /><E30/><V22/><F127/><W117/><G117/><T64/><D118/><U37/><E37/><V0/><F119/><W103/><G110/><T109/><D122/><U101/><E101/><V123/><F123/><W98/><G120/><T54/><D73/><U77/><E77/><V5/><F128/><W72/><G72/><T121/><D121/><U48/><E61/><V58/><F3/><W85/><G85/><T16/><D34/><U105/><E105/><V97/><F97/><W8/><G8/><T71/><D109/><U84/><E93/><V134/><F134/><N who="0" m="51210" /><D54/><U10/><E90/><V29/><F47/><W56/><G56/><T104/><D104/><U108/><E108/><V45/><F45/><W19/><REACH who="3" step="1"/><G46/><REACH who="3" ten="250,250,250,240" step="2"/><N who="0" m="23831" /><D16/><U59/><E11/><V112/><F18/><W102/><G102/><T91/><D91/><U2/><AGARI ba="0,1" hai="2,7,10,48,53,59,68,69,70,84,87" m="47722" machi="2" ten="40,8000,1" yaku="18,1,52,3" doraHai="67" who="1" fromWho="1" sc="250,-40,250,90,250,-20,240,-20" /><INIT seed="1,0,0,2,2,38" ten="210,340,230,220" oya="1" hai0="59,10,44,21,47,91,15,71,12,61,66,131,86" hai1="80,105,73,74,130,40,132,56,64,42,102,60,79" hai2="81,51,129,82,57,50,108,22,135,93,34,126,75" hai3="83,43,88,120,0,24,55,101,85,58,116,124,103"/><U13/><E130/><V128/><F34/><W100/><G116/><T8/><D131/><N who="2" m="50250" /><F108/><W70/><G124/><T119/><D71/><U118/><E118/><V96/><F22/><W121/><G0/><T32/><D32/><U31/><E132/><V111/><F111/><W2/><G2/><T107/><D107/><U87/><E31/><V36/><F36/><W63/><G70/><T9/><D119/><U123/><E123/><V25/><F25/><W28/><REACH who="3" step="1"/><G43/><REACH who="3" ten="210,340,230,210" step="2"/><T33/><D33/><AGARI ba="0,1" hai="24,28,33,55,58,63,83,85,88,100,101,103,120,121" machi="33" ten="40,5200,0" yaku="1,1,2,1,54,1,53,0" doraHai="38" doraHaiUra="127" who="3" fromWho="0" sc="210,-52,340,0,230,0,210,62" /><INIT seed="2,0,0,4,3,75" ten="158,340,230,272" oya="2" hai0="45,101,52,96,90,118,34,64,78,50,111,86,84" hai1="133,67,0,83,81,57,4,62,125,20,33,134,37" hai2="26,108,8,114,110,31,100,51,17,79,91,43,1" hai3="128,39,113,12,82,15,32,23,70,107,24,27,129"/><V69/><F114/><W61/><G39/><T14/><D111/><N who="2" m="42538" /><F69/><W135/><G107/><T46/><D34/><U35/><E125/><V122/><F122/><W102/><G102/><T119/><D46/><U85/><E37/><V76/><F100/><W11/><G135/><N who="1" m="51722" /><E81/><V47/><F91/><W121/><G82/><N who="0" m="47191" /><D64/><U115/><E115/><V130/><F130/><W80/><G80/><N who="0" m="49479" /><D101/><U124/><E124/><V103/><F103/><W53/><G113/><T19/><D119/><U60/><E20/><N who="2" m="13583" /><F31/><W116/><G116/><T44/><D44/><U94/><E94/><V112/><F112/><W77/><G121/><T71/><D71/><N who="1" m="42471" /><E4/><AGARI ba="0,0" hai="1,4,8,43,47,51,76,79" m="13583,42538" machi="4" ten="30,11600,0" yaku="14,1,10,1,52,2" doraHai="75" who="2" fromWho="1" sc="158,0,340,-116,230,116,272,0" /><INIT seed="2,1,0,0,0,1" ten="158,224,346,272" oya="2" hai0="24,64,18,46,74,8,72,23,79,95,86,82,127" hai1="14,59,9,32,5,101,69,37,36,133,47,56,121" hai2="129,12,119,65,99,49,61,106,80,43,85,123,70" hai3="94,26,120,7,88,2,55,78,102,58,114,67,29"/><V57/><F123/><W100/><G120/><T92/><D127/><U54/><E133/><V89/><F119/><W73/><G67/><T66/><D74/><U84/><E121/><V17/><F129/><W71/><G71/><T42/><D72/><U135/><E135/><V11/><F106/><W19/><G19/><T4/><D66/><U125/><E125/><V38/><F38/><W75/><G75/><T45/><D64/><U98/><E69/><V77/><F70/><W103/><G73/><T134/><D134/><U122/><E122/><V104/><F104/><W34/><G34/><T52/><D46/><U22/><E32/><V131/><F131/><W53/><G78/><T35/><D35/><U63/><E84/><V115/><F115/><W27/><G114/><T87/><D87/><U25/><E59/><V16/><F99/><W90/><G55/><T0/><REACH who="0" step="1"/><D52/><REACH who="0" ten="148,224,346,272" step="2"/><U62/><E47/><N who="2" m="25855" /><F89/><W48/><G90/><T109/><D109/><U51/><E36/><AGARI ba="1,1" hai="0,4,8,18,23,24,36,42,45,79,82,86,92,95" machi="36" ten="30,7700,0" yaku="1,1,7,1,52,1,53,1" doraHai="1" doraHaiUra="33" who="0" fromWho="1" sc="148,90,224,-80,346,0,272,0" /><INIT seed="3,0,0,1,5,108" ten="238,144,346,272" oya="3" hai0="37,34,66,22,57,111,98,20,116,24,30,72,62" hai1="58,100,115,117,5,67,118,121,35,125,4,119,52" hai2="14,79,78,93,17,2,70,39,83,74,84,32,132" hai3="63,41,64,123,99,47,113,43,19,88,105,36,82"/><W90/><G123/><T38/><D116/><N who="1" m="29699" /><U48/><DORA hai="91" /><E35/><V10/><F32/><W54/><G113/><T0/><D111/><U3/><E3/><V7/><F70/><W107/><G43/><T94/><D0/><U75/><E75/><V25/><F25/><W102/><G107/><T12/><D72/><U77/><E77/><V31/><F31/><W80/><G54/><T49/><D34/><U124/><E121/><V95/><F132/><W135/><G135/><T23/><D49/><U53/><E4/><V81/><F39/><N who="0" m="14858" /><D12/><U9/><E9/><AGARI ba="0,0" hai="2,7,9,10,14,17,74,78,79,81,83,84,93,95" machi="9" ten="30,3900,0" yaku="7,1,52,2" doraHai="108,91" who="2" fromWho="1" sc="238,0,144,-39,346,39,272,0" owari="238,-16.2,105,-39.5,385,48.5,272,7.2" /></mjloggm>