<mjloggm ver="2.3"><GO type="225" lobby="0"/><UN n0="%E3%81%A1%E3%82%85%E3%81%86%E3%81%A9%E3%81%8F%E8%B1%A1%E3%81%95%E3%82%93" n1="%73%61%6B%6F%EF%BC%A0%E6%9C%80" n2="%E7%9C%9F%E4%B8%80" n3="%E8%91%89%E5%B1%B1%E9%99%BD%E5%92%8C" dan="17,16,17,16" rate="2191.58,2168.05,2256.25,2106.78" sx="M,M,M,F"/><TAIKYOKU oya="0"/><INIT seed="0,0,0,2,1,75" ten="250,250,250,250" oya="0" hai0="18,89,79,88,63,60,71,0,25,20,102,110,104" hai1="54,103,30,111,14,81,125,73,128,31,59,21,123" hai2="5,86,27,98,56,113,121,38,39,3,19,132,78" hai3="83,130,115,34,85,69,116,65,84,114,44,6,35"/><T76/><D0/><U12/><E123/><V62/><F113/><W48/><G116/><T70/><D110/><U49/><E111/><V129/><F121/><W106/><G106/><T127/><D127/><U68/><E68/><V72/><F72/><W15/><G130/><T134/><D134/><U133/><E128/><V77/><F3/><W126/><G126/><T58/><D102/><U109/><E109/><V4/><F38/><W2/><G2/><T57/><D104/><U135/><E125/><V32/><F39/><W8/><G84/><T117/><D117/><U16/><E103/><V67/><F129/><W13/><G13/><T1/><D1/><U97/><E97/><V46/><F132/><N who="1" m="50761" /><E14/><V105/><F105/><W92/><G92/><T118/><D118/><U55/><E54/><V29/><F98/><W112/><G69/><T28/><D28/><U94/><E94/><V10/><F46/><W51/><G65/><T33/><D33/><U100/><E100/><V122/><F86/><W52/><REACH who="3" step="1"/><G48/><REACH who="3" ten="250,250,250,240" step="2"/><T95/><D71/><U61/><E49/><V11/><F122/><W87/><G87/><N who="0" m="52639" /><D70/><U45/><E45/><V53/><F67/><W50/><G50/><T47/><D47/><U7/><E61/><N who="0" m="23625" /><D89/><AGARI ba="0,1" hai="6,8,15,34,35,44,51,52,83,85,89,112,114,115" machi="89" ten="40,2600,0" yaku="1,1,54,1,53,0" doraHai="75" doraHaiUra="119" who="3" fromWho="0" sc="250,-26,250,0,250,0,240,36" /><INIT seed="1,0,0,2,5,105" ten="224,250,250,276" oya="1" hai0="20,39,23,19,133,46,12,89,134,70,124,97,58" hai1="120,10,66,104,35,95,4,38,94,36,41,85,127" hai2="128,116,132,51,60,55,93,31,110,7,131,44,114" hai3="96,71,103,107,77,83,98,57,22,117,79,34,75"/><U54/><E104/><V5/><F116/><W27/><G117/><T0/><D70/><U112/><E35/><V30/><F110/><W17/><G71/><T111/><D0/><U49/><E112/><V73/><F114/><W61/><G98/><T100/><D111/><U14/><E120/><V99/><F132/><N who="0" m="50794" /><D89/><U26/><E127/><V9/><F60/><W29/><G79/><T86/><D86/><U21/><E66/><V2/><F5/><W48/><G48/><T68/><D68/><U91/><E41/><V69/><F69/><W118/><G118/><T81/><D81/><U92/><E38/><V90/><REACH who="2" step="1"/><F73/><REACH who="2" ten="224,250,240,276" step="2"/><W135/><G135/><T87/><D124/><U106/><E36/><V74/><F74/><W1/><G1/><T47/><D39/><U50/><E50/><V63/><F63/><W16/><REACH who="3" step="1"/><G34/><REACH who="3" ten="224,250,240,266" step="2"/><T18/><D87/><U125/><E125/><V115/><F115/><W24/><G24/><N who="0" m="14359" /><D58/><U40/><E26/><V3/><F3/><W121/><G121/><T113/><D113/><U80/><E85/><V88/><F88/><W45/><G45/><T123/><D123/><U76/><E91/><V122/><F122/><W62/><G62/><T129/><D46/><U126/><E126/><V84/><F84/><W109/><G109/><T15/><D47/><U43/><E49/><V11/><F11/><W130/><G130/><AGARI ba="0,2" hai="2,7,9,30,31,44,51,55,90,93,99,128,130,131" machi="130" ten="40,5200,0" yaku="1,1,19,1,53,1" doraHai="105" doraHaiUra="42" who="2" fromWho="3" sc="224,0,250,0,240,72,266,-52" /><INIT seed="2,0,0,1,0,3" ten="224,250,312,214" oya="2" hai0="110,131,67,18,80,135,107,45,108,61,12,53,79" hai1="127,97,116,6,92,41,63,50,113,59,56,119,85" hai2="30,126,21,2,100,112,42,48,65,134,36,93,70" hai3="54,104,25,68,122,35,37,62,51,81,57,90,9"/><V102/><F36/><W76/><G122/><T121/><D121/><U96/><E113/><V83/><F2/><W72/><G104/><T46/><D107/><U33/><E33/><V24/><F112/><W95/><G37/><T71/><D135/><U78/><E127/><V69/><F126/><W29/><G9/><N who="0" m="6415" /><D131/><U23/><E23/><V1/><F1/><W88/><REACH who="3" step="1"/><G95/><REACH who="3" ten="224,250,312,204" step="2"/><T66/><D110/><U98/><E92/><V60/><F93/><W86/><G86/><N who="0" m="48415" /><D108/><U103/><E85/><V28/><F134/><W5/><G5/><T15/><D71/><U52/><E6/><V120/><F70/><W49/><G49/><T32/><D32/><U39/><E50/><V77/><F120/><W47/><G47/><N who="0" m="17931" /><D15/><U7/><E39/><V27/><F48/><W123/><G123/><T43/><D43/><U84/><E41/><V132/><F42/><W89/><G89/><T114/><D114/><U38/><E38/><V26/><F132/><W111/><G111/><T34/><D34/><U133/><E133/><V13/><F13/><W130/><G130/><T58/><AGARI ba="0,1" hai="53,58,61,66,67" m="17931,48415,6415" machi="58" ten="30,1100,0" yaku="8,1" doraHai="3" who="0" fromWho="0" sc="224,21,250,-3,312,-5,204,-3" /><INIT seed="3,0,0,3,3,115" ten="245,247,307,201" oya="3" hai0="111,14,134,126,78,33,91,76,106,83,56,80,34" hai1="31,120,107,50,113,122,128,85,41,109,104,123,60" hai2="49,46,45,99,22,54,62,48,26,52,131,112,4" hai3="20,67,66,63,35,89,101,17,51,93,30,42,29"/><W13/><G101/><T129/><D106/><U24/><E113/><V70/><F131/><W57/><G35/><T61/><D129/><U96/><E128/><V65/><F112/><W21/><G66/><T125/><D91/><U124/><E124/><N who="0" m="47721" /><D14/><U36/><E109/><V108/><F108/><W79/><G79/><N who="0" m="30251" /><D111/><U53/><E104/><V71/><F99/><W100/><G100/><T59/><D134/><U23/><E96/><V55/><F4/><W74/><G74/><T118/><D118/><U102/><E102/><V28/><F55/><W37/><G37/><T9/><D9/><U16/><E107/><V116/><F116/><W90/><G21/><T97/><D97/><U130/><E130/><V127/><F127/><W27/><G13/><T12/><D12/><U132/><E132/><V103/><F103/><W19/><G19/><T11/><D11/><U25/><E36/><V40/><F54/><W87/><REACH who="3" step="1"/><G89/><REACH who="3" ten="245,247,307,191" step="2"/><T69/><D69/><AGARI ba="0,1" hai="22,26,28,40,45,46,48,49,52,62,65,69,70,71" machi="69" ten="30,2000,0" yaku="7,1,54,1" doraHai="115" who="2" fromWho="0" sc="245,-20,247,0,307,30,191,0" owari="225,-17.5,247,4.7,337,43.7,191,-30.9" /></mjloggm>