<mjloggm ver="2.3"><GO type="225" lobby="0"/><UN n0="%E3%83%A9%E3%83%BC%E3%83%A1%E3%83%B3%E4%BA%94%E9%83%8E" n1="%61%6D%65%6B%69" n2="%E3%82%B3%E3%83%90%E3%83%AC%E3%82%A4" n3="%E3%83%8F%E3%83%B3%E3%83%89%E3%83%A9%E3%83%BC%E3%83%BB%E3%83%AF%E3%83%B3" dan="16,16,16,17" rate="2109.91,2091.43,2074.56,2181.66" sx="M,M,M,M"/><TAIKYOKU oya="0"/><INIT seed="0,0,0,0,2,39" ten="250,250,250,250" oya="0" hai0="52,21,66,0,100,97,31,54,56,77,5,80,12" hai1="43,132,107,1,34,72,74,9,98,67,51,95,63" hai2="103,79,46,116,113,88,115,110,76,75,29,41,50" hai3="28,11,27,17,129,127,62,99,32,2,118,30,108"/><T38/><D38/><U102/><E34/><V48/><F116/><W18/><G118/><T106/><D0/><U78/><E132/><V58/><F103/><W22/><G108/><T20/><D66/><U26/><E26/><V8/><F110/><W109/><G109/><T121/><D121/><U23/><E23/><V119/><F119/><W14/><G129/><T125/><D125/><U131/><E78/><V120/><F120/><W104/><G127/><T82/><D31/><U81/><E81/><V45/><F75/><W44/><G2/><T90/><D90/><U114/><E107/><V40/><F29/><W92/><G104/><T105/><D105/><U24/><E24/><V73/><F73/><W13/><G30/><T86/><D82/><U65/><E65/><V42/><F58/><W19/><G62/><T84/><D84/><U83/><E83/><V112/><F8/><W87/><G87/><T64/><D64/><U117/><E114/><V111/><F88/><N who="3" m="55687" /><G32/><T37/><D37/><U55/><E131/><V6/><F6/><N who="3" m="3319" /><G44/><N who="2" m="17001" /><F111/><W47/><G47/><T3/><D3/><U122/><E122/><V94/><F94/><W93/><G93/><T33/><D33/><U7/><E74/><V69/><F69/><W96/><G96/><T16/><D5/><U123/><E72/><V133/><F133/><W124/><G124/><T36/><D36/><U126/><E126/><V68/><F68/><W53/><G53/><N who="0" m="20587" /><D56/><N who="1" m="32895" /><E117/><V35/><F35/><W25/><G28/><T49/><D49/><AGARI ba="0,0" hai="40,41,42,48,49,50,76,79,112,113,115" m="17001" machi="49" ten="40,8000,1" yaku="28,2,52,3" doraHai="39" who="2" fromWho="0" sc="250,-80,250,0,250,80,250,0" /><INIT seed="1,0,0,0,1,17" ten="170,250,330,250" oya="1" hai0="65,76,94,13,60,29,105,116,58,83,78,73,66" hai1="110,64,129,8,55,99,88,27,21,80,74,23,103" hai2="63,57,130,127,122,123,51,31,50,36,30,5,81" hai3="107,0,91,124,45,106,39,61,4,98,43,119,33"/><U59/><E129/><V35/><F130/><W68/><G91/><T2/><D116/><U89/><E110/><V3/><F36/><W20/><G119/><T54/><D105/><U6/><E64/><V38/><F38/><W28/><G20/><N who="1" m="7754" /><E74/><V70/><F70/><W86/><G86/><T85/><D2/><U112/><E112/><V40/><F35/><W72/><G72/><T62/><D29/><U87/><E27/><V48/><F31/><W135/><G135/><T84/><D73/><U67/><E67/><V69/><F69/><W15/><G15/><T121/><D121/><U37/><E37/><V9/><F30/><W52/><G68/><T49/><D13/><N who="1" m="5271" /><E103/><V125/><F123/><W18/><G39/><T108/><D108/><U10/><E10/><V133/><F122/><W114/><G114/><T56/><D65/><U120/><E120/><V134/><F133/><W132/><G132/><T131/><D131/><U115/><E115/><V75/><F134/><W44/><G33/><T92/><REACH who="0" step="1"/><D62/><REACH who="0" ten="160,250,330,250" step="2"/><N who="1" m="36223" /><E99/><V34/><F3/><W97/><G97/><T126/><D126/><U46/><E46/><V22/><F75/><W71/><G45/><T100/><D100/><U109/><E109/><V11/><F125/><W19/><G124/><T104/><D104/><U93/><E89/><V25/><F127/><W128/><G107/><T7/><D7/><U101/><E101/><V79/><F5/><W77/><G106/><T47/><D47/><U102/><E102/><V26/><F34/><W118/><G4/><T12/><D12/><U24/><E24/><V42/><F26/><RYUUKYOKU ba="0,1" sc="160,15,250,15,330,-15,250,-15" hai0="49,54,56,58,60,66,76,78,83,84,85,92,94" hai1="80,87,88,93" /><INIT seed="1,1,1,2,4,55" ten="175,265,315,235" oya="1" hai0="39,116,92,53,114,29,130,113,28,121,70,66,43" hai1="135,5,46,54,32,50,89,133,37,105,67,74,126" hai2="97,57,123,24,21,84,119,83,35,36,17,2,95" hai3="98,75,94,44,62,6,131,22,117,112,125,71,41"/><U49/><E32/><V79/><F2/><W107/><G112/><T72/><D116/><U100/><E74/><V118/><F36/><W90/><G75/><T15/><D72/><U27/><E126/><V80/><F35/><W63/><G125/><T132/><D28/><U12/><E37/><V68/><F68/><W30/><G131/><T10/><D29/><U40/><E67/><V34/><F34/><W78/><G78/><T81/><D130/><U51/><E27/><V86/><F123/><W26/><G71/><T45/><D81/><U129/><E129/><V59/><F119/><W73/><G73/><T87/><D121/><U85/><E100/><V69/><F69/><W103/><G6/><T18/><D132/><N who="1" m="50763" /><E105/><V101/><F118/><W33/><G117/><T96/><D87/><U104/><E104/><V108/><F108/><W134/><G33/><T122/><D122/><U58/><E50/><V99/><F97/><W77/><G134/><T106/><D106/><U76/><E76/><AGARI ba="1,1" hai="17,21,24,57,59,76,79,80,83,84,86,95,99,101" machi="76" ten="30,8000,1" yaku="7,1,9,1,8,1,52,2" doraHai="55" who="2" fromWho="1" sc="175,0,265,-83,315,93,235,0" /><INIT seed="2,0,0,5,5,53" ten="175,182,408,235" oya="2" hai0="65,26,83,41,131,95,117,67,57,16,92,115,23" hai1="106,44,132,119,97,31,38,18,99,19,43,122,104" hai2="64,116,45,59,14,98,100,126,101,29,13,2,50" hai3="27,56,105,11,9,125,35,91,55,22,62,32,82"/><V7/><F2/><W128/><G105/><T135/><D115/><U0/><E119/><V84/><F126/><W5/><G128/><T15/><D131/><U8/><E132/><V88/><F116/><W30/><G125/><T112/><D112/><U86/><E31/><V42/><F29/><W12/><G9/><T123/><D123/><U54/><E122/><V39/><F98/><W36/><G36/><T124/><D124/><U107/><E86/><V68/><F68/><W114/><G114/><T134/><D117/><U85/><E85/><V49/><F39/><W70/><G70/><T103/><D41/><U121/><E121/><V47/><F7/><W89/><G82/><T76/><D26/><U94/><E99/><V17/><F14/><W48/><G62/><N who="0" m="38095" /><D67/><U61/><E8/><N who="2" m="6311" /><F47/><W102/><G102/><T108/><D103/><U51/><E0/><V63/><F50/><W37/><G37/><T78/><D108/><U133/><E133/><N who="0" m="50697" /><D76/><U71/><E71/><V75/><F75/><AGARI ba="0,0" hai="15,16,23,75,78,83,92,95" m="50697,38095" machi="75" ten="30,3900,0" yaku="20,1,52,1,54,1" doraHai="53" who="0" fromWho="2" sc="175,39,182,0,408,-39,235,0" /><INIT seed="3,0,0,1,3,93" ten="214,182,369,235" oya="3" hai0="27,16,23,15,101,3,124,117,73,122,87,30,56" hai1="88,26,57,51,135,46,74,21,119,44,125,106,70" hai2="7,11,54,90,123,22,118,94,19,24,96,114,14" hai3="82,18,31,53,2,76,37,132,79,36,55,102,32"/><W71/><G71/><T81/><D73/><U99/><E70/><V97/><F123/><W113/><G113/><T10/><D117/><U34/><E34/><V80/><F118/><W129/><G2/><T116/><D116/><U107/><E74/><V47/><F114/><W66/><G66/><T98/><D122/><U75/><E75/><V111/><F111/><W100/><G18/><T43/><D124/><U112/><E125/><V1/><F1/><W78/><G82/><T126/><D126/><U121/><E121/><V134/><F134/><W120/><G120/><T17/><D3/><U92/><E135/><V9/><F9/><W91/><G91/><N who="0" m="51695" /><D43/><U38/><E112/><V42/><F80/><W35/><G132/><T72/><D72/><U103/><E119/><V105/><F105/><W77/><G77/><T13/><D56/><U62/><E38/><V115/><F115/><W108/><G108/><T128/><D128/><U89/><E106/><V48/><F42/><W5/><G78/><T84/><D84/><AGARI ba="0,0" hai="7,11,14,19,22,24,47,48,54,84,90,94,96,97" machi="84" ten="30,7700,0" yaku="7,1,8,1,52,2" doraHai="93" who="2" fromWho="0" sc="214,-77,182,0,369,77,235,0" owari="137,-36.3,182,-21.8,446,54.6,235,3.5" /></mjloggm>