<mjloggm ver="2.3"><GO type="225" lobby="0"/><UN n0="%E3%82%B7%E3%83%A5%E3%83%9E%E3%82%A4%E3%82%B1%E3%83%AB" n1="%43%68%65" n2="%4E%49%4A%49%49%52%4F" n3="%E5%B8%86%E7%AB%8B%E5%A4%8F%E8%A1%A3" dan="17,16,16,17" rate="2244.76,2085.75,2145.36,2163.90" sx="M,M,M,M"/><TAIKYOKU oya="0"/><INIT seed="0,0,0,5,1,103" ten="250,250,250,250" oya="0" hai0="67,54,96,57,63,0,53,35,20,116,75,27,78" hai1="122,112,60,4,109,23,68,123,17,70,18,5,22" hai2="59,26,120,100,30,115,89,1,29,85,101,108,34" hai3="76,130,71,9,129,88,41,114,73,110,119,61,65"/><T58/><D0/><U97/><E109/><V51/><F120/><W84/><G114/><T134/><D35/><U39/><E60/><V82/><F115/><W7/><G110/><T92/><D116/><U38/><E97/><V14/><F108/><W28/><G119/><T106/><D134/><U95/><E95/><V104/><F1/><W125/><G125/><T42/><D42/><U55/><E55/><V13/><F29/><W99/><G41/><T74/><D78/><U111/><E111/><V128/><F128/><N who="3" m="49259" /><G28/><T37/><D37/><U25/><E112/><V36/><F36/><W6/><G99/><T8/><D8/><U81/><E81/><V50/><F101/><W86/><G73/><T102/><D92/><U62/><E62/><V126/><F126/><W32/><G32/><T107/><D107/><U56/><E56/><V133/><F133/><W94/><G9/><T131/><D131/><U98/><E98/><V47/><F100/><W48/><G48/><T31/><REACH who="0" step="1"/><D67/><REACH who="0" ten="240,250,250,250" step="2"/><U132/><E132/><V2/><F104/><W64/><G65/><T40/><D40/><U46/><E122/><V135/><F2/><W11/><G11/><T21/><D21/><U15/><E123/><V43/><F135/><W91/><G76/><T80/><D80/><AGARI ba="0,1" hai="6,7,61,64,71,80,84,86,88,91,94" m="49259" machi="80" ten="30,2000,0" yaku="19,1,54,1" doraHai="103" who="3" fromWho="0" sc="240,-20,250,0,250,0,250,30" /><INIT seed="1,0,0,3,3,44" ten="220,250,250,280" oya="1" hai0="13,93,50,106,35,117,120,66,114,59,72,57,127" hai1="69,4,48,40,52,5,65,134,64,26,38,62,46" hai2="30,89,15,82,22,29,27,42,80,14,60,23,49" hai3="126,95,19,124,107,115,83,1,45,76,79,131,100"/><U78/><E134/><V54/><F42/><W122/><G1/><T111/><D106/><U135/><E135/><V133/><F60/><W97/><G19/><T101/><D114/><U132/><E132/><V98/><F133/><W129/><G45/><T90/><D117/><U105/><E105/><V102/><F102/><W94/><G115/><T108/><D72/><U77/><E65/><V41/><F41/><W43/><G43/><T6/><D35/><U125/><E26/><N who="2" m="16599" /><F98/><W34/><G76/><N who="1" m="29290" /><E125/><N who="3" m="48234" /><G122/><T53/><D101/><U70/><E70/><V3/><F3/><W121/><G121/><T31/><D31/><U9/><E9/><V71/><F71/><W58/><G58/><AGARI ba="0,0" hai="4,5,38,40,46,48,52,58,62,64,69" m="29290" machi="58" ten="30,5800,0" yaku="24,1,52,1,54,1" doraHai="44" who="1" fromWho="3" sc="220,0,250,58,250,0,280,-58" /><INIT seed="1,1,0,0,4,42" ten="220,308,250,222" oya="1" hai0="16,43,114,49,71,41,91,97,112,72,7,65,70" hai1="124,67,133,10,83,128,90,17,19,85,99,56,61" hai2="122,4,98,87,47,15,63,20,28,45,6,13,86" hai3="80,79,135,89,104,96,109,59,31,92,22,36,60"/><U14/><E124/><V101/><F122/><W5/><G109/><T33/><D72/><U35/><E128/><V32/><F32/><W123/><G135/><T118/><D33/><U130/><E130/><V51/><F63/><W27/><G123/><T29/><D29/><U37/><E133/><V125/><F125/><W9/><G36/><T95/><D118/><U58/><E35/><V21/><F51/><W132/><G104/><T62/><D70/><U84/><E37/><V38/><F38/><W46/><G46/><N who="2" m="17417" /><F98/><W73/><G132/><T44/><D43/><U24/><E99/><V120/><F101/><W116/><G116/><T40/><D40/><U105/><E105/><V76/><F120/><W54/><G73/><T88/><D7/><N who="2" m="2602" /><F76/><W34/><G34/><T23/><REACH who="0" step="1"/><D91/><REACH who="0" ten="210,308,250,222" step="2"/><U110/><E110/><V8/><F28/><W68/><G68/><T77/><D77/><U75/><E90/><V66/><F66/><W131/><G131/><T119/><D119/><U18/><E67/><V94/><F94/><W74/><G5/><T108/><D108/><U2/><E18/><N who="2" m="8487" /><F15/><AGARI ba="1,1" hai="15,16,23,41,44,49,62,65,71,88,95,97,112,114" machi="15" ten="30,8000,1" yaku="1,1,7,1,52,1,54,2,53,0" doraHai="42" doraHaiUra="129" who="0" fromWho="2" sc="210,93,308,0,250,-83,222,0" /><INIT seed="2,0,0,2,2,70" ten="303,308,167,222" oya="2" hai0="38,100,63,81,60,2,90,20,58,120,122,68,77" hai1="50,116,71,10,126,108,130,41,13,12,15,57,14" hai2="109,127,99,107,24,88,129,31,94,55,7,110,97" hai3="101,37,22,61,75,112,4,35,21,45,65,111,42"/><V67/><F127/><W135/><G111/><N who="2" m="42505" /><F129/><W46/><G135/><T8/><D100/><U54/><E108/><V76/><F7/><W56/><G112/><T78/><D68/><U32/><E116/><V52/><F67/><W30/><G75/><T17/><D63/><U105/><E105/><V117/><F76/><W34/><G4/><T48/><D78/><U82/><E32/><N who="2" m="20583" /><F117/><W125/><G125/><T87/><D2/><U47/><E71/><V119/><F119/><W59/><G35/><T62/><D77/><U11/><E130/><V69/><F69/><W44/><G34/><T84/><D120/><U92/><E126/><V89/><F89/><W79/><G79/><T6/><D6/><U26/><E26/><V18/><F18/><W49/><G101/><AGARI ba="0,0" hai="52,55,88,94,97,99,101,107" m="20583,42505" machi="101" ten="30,11600,0" yaku="14,1,10,1,54,2" doraHai="70" who="2" fromWho="3" sc="303,0,308,0,167,116,222,-116" /><INIT seed="2,1,0,1,2,98" ten="303,308,283,106" oya="2" hai0="81,62,135,61,83,33,122,10,27,77,114,79,72" hai1="1,75,45,115,53,52,70,97,20,7,17,105,106" hai2="123,85,42,29,133,34,60,104,18,99,57,69,125" hai3="40,31,82,47,89,8,129,5,22,66,63,4,93"/><V51/><F123/><W36/><G129/><T100/><D122/><U120/><E120/><V14/><F133/><W43/><G43/><T3/><D114/><U132/><E115/><V46/><F125/><W37/><G37/><T128/><D135/><U121/><E121/><V65/><F85/><W55/><G82/><T30/><D128/><U11/><E70/><V112/><F112/><W38/><G38/><T48/><D100/><U124/><E75/><V15/><F18/><W102/><G55/><T103/><D103/><U59/><E124/><V127/><F127/><W44/><G47/><T24/><D24/><U107/><E45/><V109/><F109/><W96/><G89/><T76/><D76/><U39/><E39/><V49/><F49/><W126/><G8/><T41/><D48/><U2/><E2/><V87/><F87/><W25/><REACH who="3" step="1"/><G126/><REACH who="3" ten="303,308,283,96" step="2"/><T119/><D41/><U32/><E53/><V95/><F42/><W28/><G28/><T16/><D81/><U117/><E132/><V13/><F29/><W113/><G113/><T58/><D83/><U86/><E52/><V118/><F46/><W116/><G116/><T6/><D119/><U68/><E11/><V67/><F118/><W80/><G80/><T92/><D10/><U130/><E117/><V50/><F51/><W131/><G131/><T134/><D134/><U12/><E130/><V111/><F50/><W9/><G9/><T74/><D30/><U101/><E1/><V73/><F73/><W110/><G110/><T0/><D72/><U21/><E7/><V23/><F111/><W91/><G91/><RYUUKYOKU ba="1,1" sc="303,-10,308,-10,283,-10,96,30" hai3="4,5,22,25,31,36,40,44,63,66,93,96,102" /><INIT seed="3,2,1,4,2,36" ten="293,298,273,126" oya="3" hai0="71,93,37,20,12,53,56,105,68,132,4,45,10" hai1="69,92,98,51,112,8,81,126,113,97,5,100,47" hai2="50,17,72,130,48,125,115,118,62,77,15,74,22" hai3="43,66,99,124,57,42,41,134,13,135,18,119,26"/><W123/><G119/><T103/><D105/><U40/><E126/><V75/><F115/><W61/><G123/><T106/><D106/><U87/><E98/><V70/><F118/><W88/><G124/><T89/><D103/><U107/><E92/><V131/><F125/><W2/><G2/><T86/><D132/><N who="3" m="50729" /><G26/><T104/><D104/><U11/><E69/><V32/><F32/><W38/><G38/><T34/><D34/><U14/><E11/><V58/><F70/><W95/><G43/><T84/><D84/><U133/><E133/><V129/><F77/><AGARI ba="2,1" hai="5,8,14,40,47,51,77,81,87,97,100,107,112,113" machi="77" ten="30,7700,0" yaku="7,1,25,2,52,1" doraHai="36" who="1" fromWho="2" sc="293,0,298,93,273,-83,126,0" owari="293,9.3,391,49.1,190,-21.0,126,-37.4" /></mjloggm>