<mjloggm ver="2.3"><GO type="225" lobby="0"/><UN n0="%E3%82%B2%E3%82%B9%E8%8C%82%E5%8B%9D" n1="%E3%81%8B%E3%82%8F%E3%81%A1%E3%82%83%E3%82%93%35%38" n2="%E3%81%BF%E3%81%BF%E3%81%9A" n3="%E3%81%A8%E3%82%93%E3%81%A8%E3%81%93%E3%81%A8%E3%82%93" dan="16,16,16,16" rate="2075.27,2139.16,2156.89,2149.48" sx="F,M,M,F"/><TAIKYOKU oya="0"/><INIT seed="0,0,0,0,3,94" ten="250,250,250,250" oya="0" hai0="69,99,43,52,90,112,32,79,25,109,54,81,77" hai1="89,63,58,28,76,133,68,118,126,30,72,134,33" hai2="42,115,9,6,91,49,95,12,4,108,55,110,124" hai3="71,60,130,66,64,57,27,15,5,86,119,21,56"/><T46/><D112/><U36/><E68/><V127/><F42/><W73/><G73/><T45/><D109/><N who="2" m="42090" /><F115/><W31/><G119/><T19/><D69/><U10/><E118/><V128/><F128/><W20/><G130/><T83/><D32/><U11/><E36/><V51/><F4/><W87/><G71/><T116/><D116/><U37/><E37/><V53/><F51/><W111/><G111/><T16/><D43/><U2/><E126/><N who="2" m="48171" /><F49/><W65/><G5/><T18/><D25/><U129/><E129/><V23/><F23/><W70/><G70/><T41/><D41/><U34/><E2/><V8/><F8/><W96/><G60/><T47/><D99/><AGARI ba="0,0" hai="6,9,12,53,55,91,95,99" m="48171,42090" machi="99" ten="30,3900,0" yaku="14,1,18,1,52,1" doraHai="94" who="2" fromWho="0" sc="250,-39,250,0,250,39,250,0" /><INIT seed="1,0,0,2,2,33" ten="211,250,289,250" oya="1" hai0="35,71,99,10,121,87,26,70,115,103,1,133,56" hai1="135,19,63,55,21,84,18,4,38,57,39,109,65" hai2="74,5,52,34,106,108,43,9,123,104,47,77,45" hai3="7,36,54,86,51,62,76,16,64,66,17,0,127"/><U97/><E135/><V59/><F123/><W60/><G36/><T40/><D115/><U94/><E109/><V75/><F34/><W93/><G127/><T89/><D133/><U29/><E39/><N who="2" m="21759" /><F47/><W46/><G7/><T49/><D121/><U119/><E38/><V14/><F14/><W91/><G0/><T134/><D134/><U48/><E119/><V128/><F75/><W83/><G62/><T22/><D35/><U112/><E112/><V111/><F128/><W67/><REACH who="3" step="1"/><G60/><REACH who="3" ten="211,250,289,240" step="2"/><T124/><D124/><U2/><E4/><V82/><F111/><W78/><G78/><T31/><D70/><U131/><E2/><N who="2" m="183" /><F108/><W20/><G20/><T117/><D71/><U73/><E131/><V12/><F12/><W13/><G13/><T53/><D117/><U3/><E3/><V105/><F106/><W69/><G69/><T102/><D1/><U129/><E129/><V110/><F110/><W79/><G79/><T116/><D116/><U126/><E126/><V113/><F113/><W58/><G58/><T28/><D10/><U118/><E118/><V15/><F15/><W125/><G125/><T92/><D22/><U68/><E68/><V98/><F105/><W130/><G130/><T50/><D26/><N who="1" m="16591" /><E63/><N who="2" m="36327" /><F104/><W23/><G23/><T107/><REACH who="0" step="1"/><D102/><REACH who="0" ten="201,250,289,240" step="2"/><N who="1" m="60727" /><E65/><V80/><F77/><W120/><G120/><T101/><D101/><U81/><E73/><AGARI ba="0,2" hai="16,17,46,51,54,64,66,67,73,76,83,86,91,93" machi="73" ten="40,2600,0" yaku="1,1,54,1,53,0" doraHai="33" doraHaiUra="8" who="3" fromWho="1" sc="201,0,250,-26,289,0,240,46" /><INIT seed="2,0,0,5,0,79" ten="201,224,289,286" oya="2" hai0="100,57,105,70,107,0,15,5,34,8,20,2,116" hai1="17,113,63,6,53,40,124,128,37,93,43,99,83" hai2="65,67,102,109,58,7,12,126,1,90,29,127,44" hai3="19,50,46,119,71,13,118,110,21,87,132,78,86"/><V80/><F102/><W30/><G71/><T120/><D70/><U60/><E113/><V89/><F29/><W27/><G110/><T3/><D120/><U101/><E124/><N who="2" m="47659" /><F109/><W106/><G106/><T31/><D116/><U129/><E6/><V69/><F69/><W10/><G132/><T85/><D100/><U75/><E17/><V95/><F1/><W77/><G118/><T123/><D123/><U115/><E115/><V45/><F80/><W38/><G38/><T28/><D57/><N who="1" m="34863" /><E63/><N who="2" m="38135" /><F67/><W18/><G119/><T23/><D85/><N who="3" m="32265" /><G30/><N who="0" m="11307" /><D105/><U88/><E37/><V94/><F94/><W108/><G108/><T117/><D107/><U111/><E111/><V64/><F64/><W76/><G78/><T96/><D96/><U16/><E101/><V133/><F133/><W33/><G33/><T68/><D68/><U135/><E135/><V32/><F32/><W41/><AGARI ba="0,0" hai="10,13,18,19,21,27,41,46,50,76,77" m="32265" machi="41" ten="30,1100,0" yaku="8,1" doraHai="79" who="3" fromWho="3" sc="201,-3,224,-3,289,-5,286,11" /><INIT seed="3,0,0,2,4,102" ten="198,221,284,297" oya="3" hai0="41,69,49,34,45,51,122,89,106,46,15,100,112" hai1="30,121,132,48,129,19,50,82,16,134,61,104,13" hai2="79,111,105,36,21,43,32,123,81,93,70,5,39" hai3="109,84,101,71,133,127,28,12,120,23,65,24,14"/><W88/><G120/><T22/><D122/><U75/><E121/><V73/><F32/><W53/><G109/><T57/><D112/><U44/><E129/><V76/><F123/><W0/><G0/><T110/><D110/><U114/><E114/><V115/><F115/><W9/><G127/><T4/><D69/><U90/><E30/><V124/><F105/><W52/><G101/><T55/><D34/><U83/><E104/><V64/><F124/><W131/><G133/><N who="1" m="51306" /><E61/><N who="2" m="40207" /><F93/><W25/><G131/><T130/><D130/><U125/><E125/><V92/><F92/><N who="3" m="54279" /><G71/><T62/><D89/><U66/><E66/><V103/><F103/><W27/><G65/><T80/><D80/><U74/><E48/><V118/><F118/><W1/><G1/><T3/><D3/><U40/><E19/><V35/><F5/><N who="3" m="3119" /><G14/><T96/><D4/><U86/><E83/><N who="2" m="45455" /><F21/><AGARI ba="0,0" hai="13,16,21,40,44,50,74,75,82,86,90" m="51306" machi="21" ten="30,2000,0" yaku="20,1,54,1" doraHai="102" who="1" fromWho="2" sc="198,0,221,20,284,-20,297,0" /><INIT seed="4,0,0,1,1,79" ten="198,241,264,297" oya="0" hai0="25,82,80,32,124,21,29,132,64,68,18,48,50" hai1="116,28,37,1,6,91,23,109,99,96,102,107,69" hai2="110,97,100,118,40,103,27,31,15,130,127,14,34" hai3="76,46,134,45,51,84,61,89,52,66,43,104,105"/><T10/><D124/><U125/><E37/><V111/><F127/><W36/><G76/><T114/><D132/><U88/><E69/><V101/><F97/><W115/><G115/><T55/><D114/><U17/><E125/><V94/><F94/><W77/><G77/><T121/><D121/><U4/><E109/><V92/><F92/><W133/><G133/><T72/><D10/><U119/><E28/><V5/><F40/><W128/><G128/><T11/><D11/><U57/><E57/><V9/><F130/><W8/><G8/><T0/><D0/><U16/><E23/><V75/><F75/><W24/><G24/><T47/><D72/><U58/><E58/><V90/><F14/><W112/><G112/><T108/><D48/><U93/><E93/><V60/><F90/><W19/><G19/><T70/><D108/><U74/><E74/><V2/><F60/><W129/><G129/><T26/><REACH who="0" step="1"/><D70/><REACH who="0" ten="188,241,264,297" step="2"/><U120/><E120/><V13/><F111/><W98/><G134/><T73/><D73/><U7/><E7/><V87/><F110/><W71/><G98/><T44/><D44/><U106/><E102/><V56/><F101/><W78/><G46/><T63/><AGARI ba="0,1" hai="18,21,25,26,29,32,47,50,55,63,64,68,80,82" machi="63" ten="30,12000,1" yaku="1,1,0,1,52,2,53,1" doraHai="79" doraHaiUra="67" who="0" fromWho="0" sc="188,130,241,-40,264,-40,297,-40" owari="318,41.8,201,-29.9,224,-17.6,257,5.7" /></mjloggm>