<mjloggm ver="2.3"><GO type="225" lobby="0"/><UN n0="%E3%81%A1%E3%82%85%E3%81%86%E3%81%A9%E3%81%8F%E8%B1%A1%E3%81%95%E3%82%93" n1="%E9%80%9F%E6%B0%B4%E5%87%9B%E9%A6%99" n2="%E3%81%95%E3%81%8D%E3%81%9F%E3%81%BE%E6%9E%97%E6%AA%8E" n3="%E3%81%99%E3%81%84%E3%81%BE%E3%81%9B%E3%83%BC%E3%82%93" dan="17,16,16,16" rate="2187.98,2161.42,2154.81,2167.93" sx="M,F,M,M"/><TAIKYOKU oya="0"/><INIT seed="0,0,0,3,5,75" ten="250,250,250,250" oya="0" hai0="71,119,18,43,65,68,58,16,38,89,41,33,99" hai1="124,131,62,128,27,40,134,73,57,66,53,2,102" hai2="69,132,63,0,113,70,110,30,78,115,107,122,34" hai3="106,13,1,46,48,100,85,36,121,64,118,49,109"/><T74/><D119/><U44/><E2/><V84/><F110/><W93/><G1/><T88/><D33/><U50/><E102/><V95/><F107/><W39/><G118/><T60/><D74/><U3/><E3/><V61/><F122/><W92/><G106/><T112/><D112/><U11/><E11/><V56/><F0/><W94/><G121/><T129/><D129/><N who="1" m="49739" /><E27/><V4/><F4/><W130/><G130/><T86/><D99/><U25/><E25/><V76/><F34/><W28/><G28/><T20/><D18/><U96/><E96/><V101/><F101/><W97/><G64/><T12/><D89/><U108/><E73/><V79/><F30/><W135/><G109/><T90/><D90/><U42/><E108/><V98/><F98/><W10/><G100/><T55/><D38/><U105/><E105/><V104/><F104/><W117/><G117/><T80/><REACH who="0" step="1"/><D71/><REACH who="0" ten="240,250,250,250" step="2"/><N who="1" m="42455" /><E134/><V116/><F116/><W83/><G135/><T126/><D126/><U29/><E29/><V52/><F132/><W31/><G31/><T26/><D26/><U47/><E124/><V133/><F133/><W37/><G97/><T67/><D67/><U21/><E21/><V91/><REACH who="2" step="1"/><F63/><AGARI ba="0,1" hai="12,16,20,41,43,55,58,60,63,65,68,80,86,88" machi="63" ten="30,12000,1" yaku="1,1,7,1,54,2,53,1" doraHai="75" doraHaiUra="14" who="0" fromWho="2" sc="240,130,250,0,250,-120,250,0" /><INIT seed="0,1,0,2,4,53" ten="370,250,130,250" oya="0" hai0="64,71,28,60,20,121,129,127,22,44,51,41,81" hai1="114,24,118,88,55,96,12,65,50,70,14,39,3" hai2="21,89,131,126,104,110,125,0,57,113,34,66,47" hai3="62,74,128,36,10,43,117,85,45,52,94,116,87"/><T115/><D115/><U18/><E3/><V108/><F113/><W19/><G74/><T25/><D121/><U134/><E39/><V61/><F34/><W8/><G128/><T111/><D129/><U30/><E118/><V83/><F131/><W67/><G52/><T46/><D127/><N who="2" m="48650" /><F0/><W92/><G87/><T42/><D111/><N who="2" m="42538" /><F104/><W97/><G85/><T82/><D20/><U9/><E134/><V32/><F32/><W100/><G94/><T105/><D105/><U5/><E65/><V75/><F89/><W73/><G73/><T77/><D77/><U124/><E70/><V78/><F21/><W1/><G1/><T2/><D2/><U135/><E135/><V86/><F47/><W99/><G45/><T80/><D80/><U107/><E107/><V103/><F103/><W58/><G100/><T17/><D28/><U112/><E124/><V109/><N who="2" m="42546" /><V31/><DORA hai="84" /><F31/><W27/><G117/><T16/><D17/><U35/><E114/><V132/><F75/><W98/><G116/><T40/><D40/><U91/><E112/><V79/><F79/><W29/><G43/><T33/><D33/><U37/><E37/><AGARI ba="1,0" hai="16,22,25,37,41,42,44,46,51,60,64,71,81,82" machi="37" ten="30,2900,0" yaku="7,1,54,1" doraHai="53,84" who="0" fromWho="1" sc="370,32,250,-32,130,0,250,0" /><INIT seed="0,2,0,5,0,16" ten="402,218,130,250" oya="0" hai0="81,112,118,97,4,37,11,91,100,80,79,133,90" hai1="2,88,33,106,130,119,38,25,125,59,71,20,104" hai2="123,18,52,5,64,82,3,70,134,17,28,42,19" hai3="95,34,99,93,1,75,55,84,24,114,23,41,36"/><T68/><D68/><U69/><E2/><V77/><F134/><W87/><G75/><T76/><D37/><U128/><E38/><V8/><F123/><W13/><G1/><T117/><D112/><U6/><E6/><V15/><F42/><W86/><G114/><T22/><D133/><U92/><E33/><V66/><F28/><W14/><G34/><T89/><D22/><U110/><E119/><V27/><F70/><N who="1" m="26633" /><E59/><V21/><F3/><W53/><G41/><T109/><D11/><U67/><E67/><N who="2" m="25643" /><F82/><W51/><G36/><T107/><D4/><U131/><E110/><V73/><F73/><W122/><G122/><T103/><D109/><U43/><E43/><V126/><F126/><W111/><G111/><T54/><D54/><N who="3" m="20489" /><G51/><T127/><D127/><U9/><E9/><V132/><F132/><W48/><G48/><T105/><D91/><U39/><E39/><V116/><F116/><W57/><G57/><T72/><D72/><U98/><E125/><V46/><F77/><W62/><G62/><T45/><D45/><U29/><AGARI ba="2,0" hai="20,25,29,88,92,98,104,106,128,130,131" m="26633" machi="29" ten="40,5200,0" yaku="19,1,52,1,54,1" doraHai="16" who="1" fromWho="1" sc="402,-28,218,58,130,-15,250,-15" /><INIT seed="1,0,0,2,2,12" ten="374,276,115,235" oya="1" hai0="129,127,55,120,104,70,79,103,1,111,65,99,123" hai1="14,88,68,18,10,44,16,27,76,59,78,87,113" hai2="116,28,17,95,7,58,13,56,125,66,11,122,134" hai3="96,48,2,45,20,43,29,64,39,40,92,62,83"/><U102/><E68/><V60/><F122/><N who="0" m="46634" /><D111/><U31/><E113/><V106/><F116/><W34/><G34/><T77/><D127/><U26/><E102/><V97/><F106/><W107/><G2/><T15/><D1/><U117/><E117/><V118/><F118/><W69/><G107/><T108/><D108/><U41/><E59/><V115/><F115/><W46/><G83/><T54/><D129/><U82/><E18/><V89/><F134/><W81/><G81/><T38/><D38/><U112/><E112/><V84/><F125/><W130/><G130/><T71/><D15/><U131/><E131/><V3/><F28/><W51/><G39/><T32/><D32/><U36/><REACH who="1" step="1"/><E26/><REACH who="1" ten="374,266,115,235" step="2"/><V49/><F3/><W37/><G69/><T105/><D70/><U132/><E132/><V98/><REACH who="2" step="1"/><F7/><REACH who="2" ten="374,266,105,235" step="2"/><W93/><G29/><T0/><D0/><U42/><E42/><V75/><F75/><W50/><G43/><T121/><D121/><U119/><E119/><V74/><F74/><W135/><G40/><T63/><D105/><U126/><E126/><V35/><F35/><AGARI ba="0,2" hai="10,14,16,27,31,35,36,41,44,76,78,82,87,88" machi="35" ten="30,12000,1" yaku="1,1,7,1,52,1,54,2,53,0" doraHai="12" doraHaiUra="110" who="1" fromWho="2" sc="374,0,266,140,105,-120,235,0" owari="374,17.4,406,50.6,-15,-51.5,235,-16.5" /></mjloggm>