<mjloggm ver="2.3"><GO type="225" lobby="0"/><UN n0="%30%2E%31%32%30" n1="%72%69%6F%75%63%68%61%6E" n2="%5C%28%E2%89%A7%E2%96%BD%E2%89%A6%29%2F" n3="%E3%81%A0%E3%81%8A" dan="16,16,16,16" rate="2069.51,2175.73,2038.56,2019.14" sx="M,M,M,M"/><TAIKYOKU oya="0"/><INIT seed="0,0,0,3,4,66" ten="250,250,250,250" oya="0" hai0="96,86,70,51,40,93,108,104,80,31,49,8,128" hai1="21,83,115,52,84,54,68,57,33,101,99,16,0" hai2="127,121,30,87,67,97,103,85,65,35,12,47,42" hai3="112,116,123,125,95,92,69,48,61,37,75,6,131"/><T2/><D108/><U58/><E33/><V71/><F121/><W78/><G6/><T4/><D128/><U13/><E0/><V3/><F3/><W134/><G48/><T11/><D104/><U25/><E115/><V106/><F67/><W60/><G61/><T119/><D119/><U100/><E68/><V17/><F127/><W113/><G60/><T133/><D133/><U73/><E73/><V98/><F98/><W94/><G92/><T10/><D31/><U120/><E120/><V36/><F65/><W124/><G78/><T18/><D40/><U39/><E39/><V117/><F117/><W91/><G94/><T55/><D51/><N who="1" m="30879" /><E99/><V122/><F122/><W114/><G112/><T72/><D72/><U9/><E54/><V53/><F53/><W24/><G114/><T7/><D70/><U107/><E58/><V27/><REACH who="2" step="1"/><F71/><REACH who="2" ten="250,250,240,250" step="2"/><W79/><G69/><T90/><D2/><U59/><E107/><V43/><F43/><W50/><G125/><T23/><D96/><U1/><E1/><V22/><AGARI ba="0,1" hai="12,17,22,27,30,35,36,42,47,85,87,97,103,106" machi="22" ten="20,2700,0" yaku="1,1,0,1,7,1,53,0" doraHai="66" doraHaiUra="135" who="2" fromWho="2" sc="250,-13,250,-7,240,37,250,-7" /><INIT seed="1,0,0,1,4,105" ten="237,243,277,243" oya="1" hai0="102,55,93,26,20,32,56,19,46,107,38,129,119" hai1="13,94,53,59,117,76,37,73,62,79,18,68,111" hai2="27,132,91,57,3,123,39,78,30,104,9,2,87" hai3="41,33,101,44,6,81,120,5,28,50,135,8,85"/><U54/><E117/><V47/><F123/><W103/><G135/><T60/><D129/><U133/><E133/><V4/><F104/><W14/><G120/><T118/><D107/><U124/><E124/><V127/><F132/><W29/><G5/><T95/><D32/><U63/><E111/><V42/><F78/><W40/><G40/><T134/><D134/><U45/><E73/><V72/><F127/><W113/><G113/><T67/><D93/><U106/><E106/><V7/><F57/><W48/><G50/><T83/><D83/><U65/><E94/><V126/><F126/><W12/><G14/><T66/><D66/><U43/><REACH who="1" step="1"/><E53/><REACH who="1" ten="237,233,277,243" step="2"/><V84/><F72/><W116/><G116/><T1/><D119/><U17/><E17/><V24/><F30/><N who="3" m="11883" /><G33/><T35/><D118/><U98/><E98/><V71/><F87/><W115/><G115/><T15/><D55/><U70/><E70/><V10/><F71/><W125/><G125/><T121/><D121/><U112/><E112/><V0/><F0/><W108/><G108/><T114/><D1/><U61/><E61/><V128/><F128/><W89/><AGARI ba="0,1" hai="6,8,12,41,44,48,81,85,89,101,103" m="11883" machi="89" ten="30,1100,0" yaku="8,1" doraHai="105" who="3" fromWho="3" sc="237,-3,233,-5,277,-3,243,21" /><INIT seed="2,0,0,4,5,126" ten="234,228,274,264" oya="2" hai0="130,32,50,83,34,89,124,104,33,22,0,43,19" hai1="53,99,80,81,31,60,132,35,116,56,88,77,97" hai2="15,52,5,41,59,25,107,79,49,75,114,18,63" hai3="61,23,6,67,54,119,96,121,122,82,73,51,26"/><V10/><F107/><W70/><G119/><T24/><D124/><U65/><E116/><V128/><F128/><W92/><G6/><T100/><D0/><U86/><E132/><V123/><F123/><W115/><G115/><T13/><D130/><U111/><E111/><V68/><F114/><W69/><G70/><T129/><D129/><U17/><E35/><V66/><F41/><W72/><G72/><T1/><D1/><U98/><E31/><V21/><F75/><W58/><G82/><T112/><D112/><U30/><E30/><V134/><REACH who="2" step="1"/><F79/><REACH who="2" ten="234,228,264,264" step="2"/><W9/><G73/><T11/><D104/><U38/><E38/><V12/><F12/><W108/><G108/><T27/><D43/><U84/><REACH who="1" step="1"/><E17/><REACH who="1" ten="234,218,264,264" step="2"/><V135/><AGARI ba="0,2" hai="5,10,15,18,21,25,49,52,59,63,66,68,134,135" machi="135" ten="30,6000,0" yaku="1,1,0,1,54,1,53,0" doraHai="126" doraHaiUra="78" who="2" fromWho="2" sc="234,-20,218,-20,264,80,264,-20" /><INIT seed="2,1,0,5,1,88" ten="214,198,344,244" oya="2" hai0="0,92,70,17,78,22,119,61,59,45,101,4,95" hai1="73,82,15,113,116,9,109,36,65,47,107,98,38" hai2="100,14,20,96,7,57,121,135,66,110,131,89,79" hai3="97,34,120,2,99,83,62,55,115,112,44,77,68"/><V81/><F121/><W8/><G34/><T126/><D126/><U40/><E116/><V31/><F89/><W64/><G120/><T106/><D119/><U67/><E113/><N who="3" m="43594" /><G8/><T87/><D70/><U128/><E109/><V91/><F91/><W86/><G2/><T37/><D4/><U108/><E108/><V63/><F110/><W51/><AGARI ba="1,0" hai="44,51,55,62,64,68,77,83,86,97,99" m="43594" machi="51" ten="30,1100,0" yaku="11,1" doraHai="88" who="3" fromWho="3" sc="214,-4,198,-4,344,-6,244,14" /><INIT seed="3,0,0,5,2,90" ten="210,194,338,258" oya="3" hai0="24,118,34,75,31,86,89,105,113,1,134,73,80" hai1="55,60,78,27,53,15,68,21,106,85,109,122,12" hai2="82,76,56,22,28,35,99,32,103,83,10,63,116" hai3="65,127,62,112,49,124,47,131,97,66,13,91,94"/><W115/><G115/><T57/><D118/><U38/><E122/><V70/><F70/><W44/><G112/><T100/><D134/><U126/><E38/><V81/><F116/><W130/><G13/><T58/><D113/><U123/><E123/><V18/><F10/><W84/><G97/><T98/><REACH who="0" step="1"/><D1/><REACH who="0" ten="200,194,338,258" step="2"/><U102/><E109/><V33/><F32/><W74/><G127/><T14/><D14/><N who="1" m="5163" /><E126/><V101/><F33/><W132/><G124/><T3/><D3/><U42/><E68/><V52/><F35/><W16/><G132/><T45/><D45/><U37/><E106/><V64/><F56/><AGARI ba="0,1" hai="24,31,34,56,57,58,73,75,80,86,89,98,100,105" machi="56" ten="40,2600,0" yaku="1,1,53,1" doraHai="90" doraHaiUra="95" who="0" fromWho="2" sc="200,36,194,0,338,-26,258,0" owari="236,-16.4,194,-30.6,312,41.2,258,5.8" /></mjloggm>