<mjloggm ver="2.3"><GO type="225" lobby="0"/><UN n0="%E6%A0%B9%E5%85%83%E3%81%8B%E3%82%89%E5%90%B9%E3%81%A3%E9%A3%9B%E3%81%B6" n1="%4E%49%4A%49%49%52%4F" n2="%E6%97%A5%E6%9B%9C%E6%97%A5%E3%82%88%E3%82%8A%E3%81%AE%E4%BD%BF%E8%80%85" n3="%E6%A1%9C%E8%8A%B1%E9%96%83%E3%80%85" dan="16,16,17,17" rate="2161.51,2135.83,2161.12,2176.44" sx="F,M,M,M"/><TAIKYOKU oya="0"/><INIT seed="0,0,0,2,3,5" ten="250,250,250,250" oya="0" hai0="8,47,77,109,92,113,68,111,71,2,122,9,57" hai1="78,114,65,54,125,41,10,6,15,99,51,22,53" hai2="37,36,62,12,131,106,50,116,61,13,17,11,42" hai3="98,69,115,72,134,7,133,45,97,96,126,89,32"/><T105/><D113/><U124/><E114/><V85/><F106/><W43/><G115/><T70/><D122/><U25/><E65/><V1/><F1/><W23/><G32/><T29/><D105/><U79/><E99/><V135/><F131/><W128/><G128/><T108/><D2/><U63/><E63/><V34/><F34/><W81/><G69/><T3/><D3/><U86/><E41/><V87/><F135/><N who="3" m="51723" /><G7/><T82/><D29/><U26/><E26/><V49/><F42/><W129/><G129/><T30/><D30/><U60/><E60/><V118/><F17/><W103/><G23/><T66/><D47/><U27/><E27/><V20/><F20/><W67/><G67/><T73/><D92/><U4/><E4/><V19/><F19/><W130/><G126/><N who="1" m="48746" /><E86/><V52/><F52/><N who="1" m="20073" /><E51/><V18/><F18/><AGARI ba="0,0" hai="6,10,15,18,22,25,78,79" m="20073,48746" machi="18" ten="30,3900,0" yaku="18,1,52,1,54,1" doraHai="5" who="1" fromWho="2" sc="250,0,250,39,250,-39,250,0" /><INIT seed="1,0,0,2,2,101" ten="250,289,211,250" oya="1" hai0="119,17,64,88,21,39,5,70,85,59,90,14,114" hai1="89,30,72,112,103,36,121,40,43,130,99,11,67" hai2="81,98,18,105,125,37,49,23,100,93,80,124,135" hai3="54,118,19,41,44,107,53,68,134,117,94,108,69"/><U83/><E112/><V9/><F37/><W12/><G94/><T46/><D119/><N who="3" m="45577" /><G108/><T110/><D114/><U55/><E121/><V113/><F113/><W86/><G86/><T58/><D110/><U60/><E130/><V76/><F135/><W95/><G95/><T35/><D35/><U65/><E30/><V25/><F49/><N who="3" m="26767" /><G107/><T122/><D122/><U3/><E55/><N who="3" m="21002" /><G134/><T133/><D133/><U51/><E72/><V106/><F9/><AGARI ba="0,0" hai="9,12,19,68,69" m="21002,26767,45577" machi="9" ten="30,1000,0" yaku="12,1" doraHai="101" who="3" fromWho="2" sc="250,0,289,0,211,-10,250,10" /><INIT seed="2,0,0,1,5,51" ten="250,289,201,260" oya="2" hai0="27,3,73,26,78,50,9,123,49,21,54,43,60" hai1="64,57,121,125,107,59,66,118,83,71,81,90,5" hai2="99,75,88,22,70,127,42,108,82,41,68,40,103" hai3="63,29,65,19,126,14,4,53,56,101,122,12,135"/><V69/><F127/><W84/><G122/><T128/><D123/><U89/><E125/><V38/><F108/><W45/><G126/><T10/><D128/><U102/><E121/><V74/><F38/><W95/><G135/><T109/><D109/><U134/><E134/><V7/><F7/><W47/><G29/><T24/><D73/><U79/><E5/><V92/><REACH who="2" step="1"/><F22/><REACH who="2" ten="250,289,191,260" step="2"/><N who="3" m="11623" /><G65/><T52/><D21/><U91/><E64/><V18/><F18/><W20/><G20/><T36/><D36/><U113/><E66/><V131/><F131/><W105/><G105/><T58/><D3/><U55/><E107/><V115/><F115/><W31/><G31/><T76/><D43/><U86/><E113/><V0/><F0/><W106/><G106/><T61/><D27/><U98/><E118/><V133/><F133/><W94/><G4/><T100/><D100/><U28/><E102/><V32/><F32/><W96/><G14/><T25/><D25/><U6/><E28/><V11/><F11/><W93/><G93/><T104/><D104/><U72/><E6/><V117/><F117/><W87/><G94/><T80/><D58/><U30/><E59/><V132/><F132/><W124/><G124/><T97/><D80/><U37/><E30/><V114/><F114/><W1/><G1/><T23/><D23/><U8/><E8/><V16/><F16/><W44/><AGARI ba="0,1" hai="44,45,47,53,56,63,84,87,95,96,101" m="11623" machi="44" ten="30,2000,0" yaku="8,1,52,1" doraHai="51" who="3" fromWho="3" sc="250,-5,289,-5,191,-10,260,30" /><INIT seed="3,0,0,2,5,3" ten="245,284,181,290" oya="3" hai0="6,130,121,23,114,89,10,56,96,95,40,104,132" hai1="46,59,86,39,8,20,94,103,67,119,77,66,100" hai2="64,69,133,70,131,87,55,83,73,47,9,111,24" hai3="125,18,41,35,123,17,28,115,44,105,74,127,78"/><W11/><G115/><T97/><D121/><U22/><E119/><V126/><F73/><W60/><G105/><T36/><D130/><U1/><E39/><V80/><F24/><N who="3" m="18823" /><G123/><T128/><D132/><U52/><E46/><V21/><F21/><N who="1" m="8297" /><E1/><V16/><F64/><N who="1" m="24617" /><E8/><V7/><F133/><W118/><G60/><T79/><D128/><U110/><E110/><V101/><F131/><W57/><G57/><T71/><D71/><U27/><E27/><V31/><F31/><W108/><G11/><T68/><D68/><U129/><E129/><V42/><F111/><W120/><G118/><T117/><D114/><U54/><E54/><V45/><F101/><W12/><G12/><N who="0" m="5207" /><D36/><U58/><E58/><V85/><F55/><W5/><G120/><T75/><D75/><U109/><E109/><V107/><F107/><W106/><G106/><T0/><D0/><U32/><E32/><V99/><F99/><W124/><G5/><T88/><D40/><U92/><E77/><V38/><F16/><N who="3" m="6251" /><G108/><T51/><D56/><U4/><E4/><V135/><F135/><W14/><G14/><T102/><D117/><U26/><E26/><V34/><F34/><W113/><G113/><T93/><D104/><U76/><E76/><N who="2" m="46215" /><F45/><W2/><G2/><T122/><D122/><U63/><E86/><V43/><F43/><W48/><G78/><T29/><D79/><U13/><E13/><N who="2" m="5311" /><F126/><W53/><G74/><T50/><D102/><AGARI ba="0,0" hai="52,59,63,92,94,100,102,103" m="24617,8297" machi="102" ten="30,2000,0" yaku="8,1,54,1" doraHai="3" who="1" fromWho="0" sc="245,-20,284,20,181,0,290,0" owari="225,-17.5,304,40.4,181,-31.9,290,9.0" /></mjloggm>