<mjloggm ver="2.3"><GO type="225" lobby="0"/><UN n0="%E3%81%95%E3%81%8D%E3%81%9F%E3%81%BE%E6%9E%97%E6%AA%8E" n1="%E3%83%A9%E3%83%BC%E3%83%A1%E3%83%B3%E4%BA%94%E9%83%8E" n2="%E3%81%AA%E3%82%81%E3%81%93%E9%9B%80%E5%A3%AB" n3="%E9%80%86%E9%80%A3%E5%B8%AF%E3%81%AE%E9%AC%BC" dan="16,16,16,17" rate="2058.91,2131.11,2026.93,2155.57" sx="M,M,M,M"/><TAIKYOKU oya="0"/><INIT seed="0,0,0,0,2,56" ten="250,250,250,250" oya="0" hai0="60,62,131,115,6,76,0,43,77,88,95,90,14" hai1="54,22,87,84,74,93,119,51,75,25,59,91,65" hai2="129,125,112,78,3,26,48,89,47,4,69,38,111" hai3="107,33,100,122,85,42,103,127,71,58,123,32,104"/><T63/><D115/><U82/><E65/><V34/><F112/><W128/><G128/><T118/><D118/><U120/><E120/><V37/><F129/><W21/><G71/><T92/><D131/><U66/><E66/><V83/><F111/><W12/><G127/><T124/><D124/><U97/><E119/><V9/><F69/><W1/><G1/><T31/><D0/><U16/><REACH who="1" step="1"/><E87/><REACH who="1" ten="250,240,250,250" step="2"/><V68/><F125/><W70/><G85/><N who="0" m="52239" /><D43/><U41/><E41/><V105/><F68/><W101/><G42/><T50/><D50/><U133/><E133/><V79/><F38/><W94/><G70/><T57/><D57/><U134/><E134/><V81/><F37/><W23/><G58/><T116/><D116/><U114/><E114/><V8/><F48/><W17/><G123/><T11/><D31/><U80/><E80/><V7/><F81/><W20/><G122/><T109/><D109/><U110/><E110/><V135/><F135/><W130/><G130/><T102/><D102/><AGARI ba="0,1" hai="16,22,25,51,54,59,74,75,82,84,91,93,97,102" machi="102" ten="30,3900,0" yaku="1,1,7,1,54,1,53,0" doraHai="56" doraHaiUra="108" who="1" fromWho="0" sc="250,-39,240,49,250,0,250,0" /><INIT seed="1,0,0,3,4,125" ten="211,289,250,250" oya="1" hai0="39,123,95,2,122,103,60,107,79,23,55,1,82" hai1="116,120,101,49,133,114,45,57,6,52,14,75,32" hai2="85,11,53,35,15,9,104,83,20,110,0,5,27" hai3="51,59,67,74,71,89,66,119,61,117,18,99,46"/><U131/><E116/><V36/><F104/><W132/><G74/><T19/><D39/><U112/><E120/><N who="0" m="46121" /><D107/><U100/><E32/><V24/><F36/><W58/><G132/><T29/><D29/><U106/><E75/><V124/><F124/><W10/><G119/><T7/><D7/><U121/><E133/><V41/><F41/><W12/><G117/><T42/><D42/><U28/><E28/><V37/><F110/><W33/><G33/><T3/><D103/><U98/><E121/><V8/><F37/><W38/><G38/><T48/><D60/><U17/><E101/><V63/><F35/><W65/><G71/><T129/><D95/><U34/><E6/><V13/><F0/><N who="0" m="2" /><T81/><DORA hai="127" /><D79/><U50/><E34/><V4/><F11/><W30/><G30/><T16/><D19/><U135/><E135/><V56/><REACH who="2" step="1"/><F20/><REACH who="2" ten="211,289,240,250" step="2"/><W76/><G10/><T115/><D115/><U77/><E112/><V64/><F64/><W130/><G67/><T88/><D88/><AGARI ba="0,1" hai="4,5,8,9,13,15,24,27,53,56,63,83,85,88" machi="88" ten="30,12000,2" yaku="1,1,7,1,9,1,8,1,54,1,53,1" doraHai="125,127" doraHaiUra="108,54" who="2" fromWho="0" sc="211,-120,289,0,240,130,250,0" /><INIT seed="2,0,0,4,5,3" ten="91,289,370,250" oya="2" hai0="96,89,31,20,88,54,97,74,21,65,59,116,100" hai1="72,132,44,8,134,53,34,28,121,123,64,22,0" hai2="107,115,84,95,30,75,80,45,51,71,110,79,27" hai3="83,43,129,29,37,38,78,103,117,101,55,70,66"/><V81/><F115/><W108/><G117/><T62/><D116/><U118/><E118/><V16/><F107/><W112/><G112/><T19/><D74/><U86/><E72/><V18/><F71/><W57/><G129/><T114/><D114/><U14/><E64/><V119/><F110/><W9/><G108/><T40/><D40/><U33/><E0/><V36/><F36/><W130/><G130/><T56/><D21/><U17/><E86/><V133/><F133/><N who="1" m="51305" /><E53/><V124/><F95/><W131/><G131/><T35/><D35/><N who="1" m="13323" /><E44/><V106/><F106/><W1/><G66/><T85/><D100/><U46/><E46/><V11/><F81/><W68/><G68/><T98/><D31/><U49/><E49/><V41/><F75/><W104/><G29/><T5/><D85/><U102/><E102/><V60/><F60/><W61/><G70/><T2/><D2/><U92/><E92/><V23/><F119/><W77/><G103/><T82/><D82/><U25/><AGARI ba="0,0" hai="8,14,17,22,25,28,121,123" m="13323,51305" machi="25" ten="40,5200,0" yaku="20,1,34,2" doraHai="3" who="1" fromWho="1" sc="91,-13,289,52,370,-26,250,-13" /><INIT seed="3,0,0,3,1,7" ten="78,341,344,237" oya="3" hai0="32,30,79,42,29,110,55,106,135,53,54,38,96" hai1="67,70,25,133,128,126,101,23,99,111,22,131,83" hai2="60,100,13,119,39,72,118,107,127,14,95,18,103" hai3="132,116,51,41,33,61,115,78,76,74,98,16,129"/><W37/><G116/><T82/><D110/><U88/><E111/><V62/><F72/><W8/><G115/><T24/><D135/><U12/><E133/><V34/><F39/><W120/><G120/><T130/><D130/><N who="1" m="49707" /><E126/><V52/><F34/><W75/><G33/><T4/><D30/><N who="1" m="17719" /><E70/><V17/><F95/><W28/><G132/><T109/><D109/><U113/><E67/><V3/><F52/><W0/><G28/><T124/><D124/><U46/><E113/><V44/><F44/><W10/><G37/><T15/><D38/><U40/><E101/><V11/><F127/><W59/><G129/><T114/><D114/><U35/><E35/><V21/><F3/><W92/><G0/><T64/><D64/><U5/><E99/><V1/><F1/><W63/><G75/><T123/><D123/><U9/><E23/><V91/><F91/><W27/><G74/><T68/><D68/><U50/><E88/><V122/><F122/><W77/><G59/><T112/><D112/><U58/><E58/><V94/><F94/><W2/><G2/><T80/><D79/><U66/><E66/><V86/><F103/><W117/><G117/><N who="2" m="44553" /><F100/><N who="3" m="60487" /><G51/><T104/><D104/><U85/><E83/><N who="0" m="31785" /><D106/><U26/><E85/><V90/><F107/><W57/><G41/><T49/><D42/><U45/><E45/><V87/><F87/><W102/><G102/><T69/><D69/><U31/><E31/><V93/><F86/><W81/><G81/><T121/><D121/><U73/><E73/><V97/><F97/><W56/><G56/><N who="0" m="32815" /><D96/><U89/><E89/><V48/><F48/><RYUUKYOKU ba="0,0" sc="78,10,341,10,344,10,237,-30" hai0="4,15,24,29,32,54,55" hai1="5,9,12,26,40,46,50" hai2="11,13,14,17,18,21,60,62,90,93" owari="88,-41.2,351,15.1,354,45.4,207,-19.3" /></mjloggm>