<mjloggm ver="2.3"><GO type="225" lobby="0"/><UN n0="%E6%A1%9C%E8%8A%B1%E9%96%83%E3%80%85" n1="%72%61%6B%33" n2="%E9%87%8E%E3%80%85%E5%AE%AE%E8%97%8D" n3="%E3%83%A9%E3%83%BC%E3%83%A1%E3%83%B3%E4%BA%94%E9%83%8E" dan="18,17,17,16" rate="2275.89,2286.12,2137.07,2082.61" sx="M,M,F,M"/><TAIKYOKU oya="0"/><INIT seed="0,0,0,3,5,98" ten="250,250,250,250" oya="0" hai0="72,75,101,43,37,6,5,92,26,78,48,18,108" hai1="3,91,95,103,1,123,104,85,61,89,21,102,11" hai2="23,134,55,52,71,105,31,40,70,131,67,94,83" hai3="58,135,16,36,34,2,125,97,127,86,0,119,114"/><T77/><D37/><U116/><E116/><V62/><F105/><W124/><G114/><T56/><D75/><U38/><E123/><V110/><F83/><W69/><G119/><T84/><D72/><U4/><E38/><V42/><F31/><W65/><G135/><T46/><D108/><U82/><E104/><V121/><F23/><W79/><G36/><T47/><D47/><U59/><E3/><V81/><F81/><N who="3" m="47423" /><G34/><T45/><D45/><U109/><E21/><V19/><F19/><W53/><G97/><N who="0" m="59559" /><D56/><U30/><E30/><V111/><F94/><W27/><G65/><T99/><D99/><U57/><E109/><N who="2" m="41483" /><F121/><W117/><G69/><N who="2" m="26121" /><F134/><W100/><G117/><T96/><D96/><U90/><E59/><N who="2" m="37343" /><F131/><W88/><G100/><T64/><D64/><U22/><E22/><V25/><F25/><W49/><G88/><T63/><D26/><U60/><E60/><V28/><F28/><W106/><G106/><T112/><D18/><U44/><E90/><V130/><F130/><W33/><G33/><T14/><D63/><U50/><E91/><V41/><AGARI ba="0,0" hai="40,41,42,52,55" m="37343,26121,41483" machi="41" ten="40,8000,1" yaku="14,1,34,2,54,1" doraHai="98" who="2" fromWho="2" sc="250,-40,250,-20,250,80,250,-20" /><INIT seed="1,0,0,4,1,8" ten="210,230,330,230" oya="1" hai0="61,73,86,119,25,124,108,62,12,128,43,129,72" hai1="114,52,80,53,20,54,68,120,17,118,27,69,98" hai2="104,47,94,76,5,90,133,4,48,35,60,55,42" hai3="106,87,84,18,110,117,34,23,63,9,33,51,64"/><U97/><E114/><V121/><F121/><W30/><G106/><T14/><D119/><U45/><E118/><V44/><F35/><W75/><G117/><T116/><D116/><U10/><E120/><V134/><F76/><W130/><G75/><N who="0" m="28747" /><D43/><U103/><E45/><V46/><F60/><N who="0" m="23146" /><D25/><U78/><E10/><V70/><F70/><W37/><G37/><T13/><D86/><U135/><E135/><N who="2" m="51723" /><F104/><W36/><G36/><T105/><D105/><U96/><REACH who="1" step="1"/><E103/><REACH who="1" ten="210,220,330,230" step="2"/><V28/><F46/><W95/><G130/><N who="0" m="50283" /><D124/><U38/><E38/><N who="2" m="21591" /><F28/><W85/><G30/><T107/><D107/><U74/><AGARI ba="0,1" hai="17,20,27,52,53,54,68,69,74,78,80,96,97,98" machi="74" ten="30,6000,0" yaku="1,1,0,1,54,1,53,0" doraHai="8" doraHaiUra="115" who="1" fromWho="1" sc="210,-20,220,70,330,-20,230,-20" /><INIT seed="1,1,0,2,0,35" ten="190,290,310,210" oya="1" hai0="77,5,94,96,47,80,101,115,38,14,7,10,54" hai1="61,60,58,91,134,4,52,102,74,33,66,13,131" hai2="45,108,69,72,125,106,71,110,20,0,73,92,75" hai3="42,82,50,76,21,3,11,83,48,40,121,57,122"/><U16/><E33/><V120/><F120/><W111/><G111/><N who="2" m="42537" /><F106/><W67/><G21/><T37/><D115/><U99/><E131/><V133/><F125/><W63/><G121/><T34/><D34/><U49/><E134/><V135/><F0/><W2/><G122/><T26/><D26/><U25/><E74/><V9/><F9/><W104/><G104/><T6/><D54/><U8/><E91/><V118/><F118/><W46/><G83/><T114/><D114/><U56/><E49/><V31/><F92/><W28/><G28/><T43/><REACH who="0" step="1"/><D38/><REACH who="0" ten="180,290,310,210" step="2"/><U87/><E25/><V17/><F135/><W59/><G40/><T93/><D93/><N who="1" m="58735" /><E87/><AGARI ba="1,1" hai="5,6,7,10,14,37,43,47,77,80,87,94,96,101" machi="87" ten="30,2000,0" yaku="1,1,7,1,53,0" doraHai="35" doraHaiUra="19" who="0" fromWho="1" sc="180,33,290,-23,310,0,210,0" /><INIT seed="2,0,0,1,4,26" ten="213,267,310,210" oya="2" hai0="119,33,109,93,83,60,81,13,71,98,134,42,30" hai1="124,95,115,99,86,7,69,9,113,29,14,94,130" hai2="37,47,1,41,62,20,57,48,15,70,88,59,128" hai3="12,38,28,16,111,133,10,78,110,97,21,135,127"/><V39/><F1/><W118/><G118/><T46/><D119/><U3/><E69/><V120/><F15/><W18/><G38/><N who="2" m="14345" /><F20/><W35/><G127/><T6/><D109/><N who="3" m="41481" /><G78/><T58/><D134/><N who="3" m="51209" /><G97/><T53/><D71/><U5/><E130/><V0/><F0/><W51/><G51/><N who="0" m="27095" /><D33/><U126/><E86/><V40/><F128/><W102/><G102/><N who="0" m="60751" /><D30/><U116/><E29/><V79/><F88/><W123/><G123/><T2/><D2/><U80/><E3/><V117/><F79/><W131/><G131/><T17/><D6/><U36/><E5/><V11/><F117/><W73/><G73/><T19/><D19/><U72/><E7/><V77/><F77/><W91/><G91/><T66/><D53/><U27/><E72/><V96/><F120/><W125/><G125/><T49/><D49/><U90/><E36/><V52/><F96/><W105/><G105/><T85/><D85/><U129/><E99/><V55/><F55/><W107/><G107/><T101/><D101/><U61/><E116/><V87/><F87/><W24/><G35/><T92/><D92/><U8/><E94/><V34/><F34/><W103/><G103/><T43/><D43/><U74/><E74/><V104/><F104/><W82/><G82/><T54/><D54/><U68/><E95/><V45/><F40/><W76/><G76/><T114/><D114/><U23/><E115/><V106/><F106/><W108/><N who="3" m="41489" /><W121/><DORA hai="89" /><G121/><T112/><D112/><U56/><E113/><V132/><F132/><W32/><G32/><T4/><D4/><AGARI ba="0,0" hai="4,10,12,16,18,21,24,28" m="51209,41489" machi="4" ten="40,12000,2" yaku="14,1,20,1,34,2,52,1,54,1" doraHai="26,89" who="3" fromWho="0" sc="213,-120,267,0,310,0,210,120" /><INIT seed="3,0,0,3,2,96" ten="93,267,310,330" oya="3" hai0="73,10,90,69,42,27,130,12,53,82,40,26,123" hai1="25,20,99,81,107,127,116,74,89,43,48,17,36" hai2="95,66,113,119,22,78,93,1,110,71,34,92,86" hai3="6,98,70,18,21,122,9,46,19,59,65,31,35"/><W117/><G70/><T126/><D123/><U0/><E0/><V13/><F34/><W94/><G117/><T3/><D3/><U63/><E116/><V79/><F1/><W112/><G35/><T104/><D69/><U51/><E127/><V80/><F119/><W56/><G112/><T120/><D120/><U97/><E36/><V61/><F113/><W121/><G121/><T14/><D126/><U16/><E63/><V15/><F110/><W23/><G122/><T131/><D104/><U28/><E74/><V102/><F78/><W67/><G46/><T77/><D53/><U52/><E43/><V37/><F37/><W33/><G33/><T115/><D115/><U85/><E48/><V111/><F111/><W7/><G31/><T29/><D90/><U44/><E107/><V106/><REACH who="2" step="1"/><F22/><REACH who="2" ten="93,267,300,330" step="2"/><W60/><G9/><T76/><D10/><U72/><E72/><V133/><F133/><W87/><G87/><T91/><D73/><U75/><E75/><V118/><F118/><W2/><G2/><T55/><D91/><U129/><E129/><V100/><F100/><N who="3" m="60503" /><G6/><T128/><D128/><U62/><E62/><V50/><F50/><W24/><G7/><T58/><D29/><U134/><E134/><V83/><F83/><W4/><G4/><T8/><D8/><U45/><E45/><V132/><F132/><W101/><G101/><T30/><D30/><U114/><E114/><V47/><F47/><W88/><G88/><T41/><D41/><U103/><E103/><V11/><F11/><W84/><G84/><T105/><D82/><U108/><E108/><RYUUKYOKU ba="0,1" sc="93,-15,267,15,300,15,330,-15" hai1="16,17,20,25,28,44,51,52,81,85,89,97,99" hai2="13,15,61,66,71,79,80,86,92,93,95,102,106" owari="78,-42.2,282,-11.8,325,42.5,315,11.5" /></mjloggm>