<mjloggm ver="2.3"><GO type="225" lobby="0"/><UN n0="%E8%BE%9B%E5%8F%A3%E3%82%AB%E3%83%AC%E3%83%BC%E3%83%A9%E3%82%A4%E3%82%B9" n1="%E3%81%B5%E3%81%98%E3%81%8B%E3%81%A4" n2="%E5%8D%A0%E3%81%84%E5%B8%AB%E8%A3%8F%E3%81%AA%E3%81%84%E3%81%97" n3="%E3%83%A9%E3%83%BC%E3%83%A1%E3%83%B3%E4%BA%94%E9%83%8E" dan="17,16,16,16" rate="2203.30,2204.95,2168.12,2039.31" sx="M,M,M,M"/><TAIKYOKU oya="0"/><INIT seed="0,0,0,1,5,32" ten="250,250,250,250" oya="0" hai0="55,67,81,29,28,112,84,36,107,57,5,123,40" hai1="100,91,48,59,17,47,76,85,49,118,77,58,19" hai2="16,109,108,93,3,4,33,119,92,64,90,53,104" hai3="83,128,129,99,11,54,86,95,26,89,87,10,13"/><T97/><D112/><U127/><E118/><V15/><F119/><W115/><G115/><T65/><D123/><U82/><E127/><V21/><F104/><W42/><G42/><T35/><D5/><U120/><E100/><V46/><F64/><W61/><G26/><T106/><D36/><U111/><E111/><N who="2" m="42571" /><F33/><W103/><G86/><T34/><D40/><U14/><E120/><V27/><F27/><W63/><G10/><T68/><D68/><U18/><E14/><V124/><F124/><W69/><G69/><T101/><D107/><U38/><E38/><V52/><F46/><W96/><G96/><T41/><D41/><U130/><E130/><N who="3" m="50282" /><G54/><N who="2" m="21097" /><F90/><W12/><G12/><T133/><D133/><U78/><REACH who="1" step="1"/><E47/><REACH who="1" ten="250,240,250,250" step="2"/><V66/><F66/><W131/><G131/><T37/><D37/><U62/><E62/><V30/><F30/><W44/><G44/><T94/><D28/><U134/><E134/><V31/><F31/><W2/><G13/><T126/><D126/><U24/><E24/><V25/><F15/><W105/><G105/><T71/><D106/><U8/><E8/><AGARI ba="0,1" hai="3,4,8,16,21,25,92,93" m="21097,42571" machi="8" ten="30,7700,0" yaku="14,1,52,1,54,2" doraHai="32" who="2" fromWho="1" sc="250,0,240,-77,250,87,250,0" /><INIT seed="1,0,0,5,1,80" ten="250,163,337,250" oya="1" hai0="71,90,41,52,107,21,130,81,86,99,16,111,125" hai1="57,10,56,79,38,39,24,13,6,33,59,1,40" hai2="124,103,17,20,118,61,31,55,46,0,42,69,72" hai3="131,51,15,25,132,121,58,101,3,105,88,95,66"/><U8/><E40/><V83/><F118/><W115/><G3/><T97/><D71/><U12/><E79/><V123/><F123/><W89/><G121/><T45/><D111/><U93/><E93/><V65/><F0/><W36/><G36/><T104/><D125/><U78/><E78/><V112/><F124/><W37/><G37/><T18/><D130/><U96/><E96/><N who="0" m="36937" /><D104/><U19/><REACH who="1" step="1"/><E1/><REACH who="1" ten="250,153,337,250" step="2"/><V35/><F42/><W106/><G105/><T47/><D107/><U2/><E2/><V82/><F112/><W87/><G106/><T54/><D41/><U108/><E108/><V32/><F72/><W110/><G110/><T4/><D4/><U50/><E50/><V60/><F60/><W84/><G115/><T91/><D91/><U94/><E94/><V74/><F61/><W122/><G122/><T134/><D134/><U23/><E23/><V100/><F20/><W27/><G132/><T117/><D117/><U102/><E102/><V28/><F74/><W53/><G101/><T70/><D21/><U116/><E116/><V62/><F62/><N who="3" m="38231" /><G131/><T126/><D126/><U43/><E43/><V49/><F100/><W113/><G113/><T9/><D90/><U11/><E11/><V76/><F103/><W77/><G77/><T7/><D9/><U63/><E63/><N who="2" m="40127" /><F76/><W34/><G34/><T129/><D129/><U119/><E119/><V92/><F92/><N who="3" m="54311" /><G15/><T30/><D70/><U44/><E44/><AGARI ba="0,1" hai="25,27,44,51,53,87,88,95" m="54311,38231" machi="44" ten="30,7700,0" yaku="8,1,52,2,54,1" doraHai="80" who="3" fromWho="1" sc="250,0,153,-77,337,0,250,87" /><INIT seed="2,0,0,2,1,5" ten="250,76,337,337" oya="2" hai0="18,26,106,109,123,129,82,97,110,70,128,55,69" hai1="14,132,46,117,95,19,73,4,16,111,25,126,34" hai2="3,89,37,36,1,80,38,88,66,120,105,74,122" hai3="9,84,72,21,65,11,98,93,64,52,22,127,56"/><V61/><F105/><W103/><G72/><T113/><D123/><N who="2" m="47146" /><F88/><W77/><G127/><T67/><D113/><U81/><E117/><V87/><F87/><W68/><G68/><T8/><D55/><U135/><E73/><V30/><F89/><W118/><G118/><T121/><D121/><U39/><E39/><V7/><F30/><W10/><G84/><T79/><D97/><U91/><E81/><V47/><F47/><W130/><G130/><N who="0" m="50283" /><D106/><U17/><E46/><V53/><F53/><W119/><G77/><T85/><D26/><U131/><E131/><V124/><F7/><W54/><G54/><T107/><D107/><U15/><E91/><V44/><F44/><W50/><G119/><T134/><D134/><N who="1" m="51243" /><E95/><V90/><F90/><W94/><G94/><T75/><D85/><U2/><E126/><V51/><F51/><W41/><G41/><T125/><D125/><U12/><E111/><N who="0" m="42505" /><D67/><AGARI ba="0,0" hai="9,10,11,21,22,50,52,56,64,65,67,93,98,103" machi="67" ten="40,8000,1" yaku="8,1,52,3,54,1" doraHai="5" who="3" fromWho="0" sc="250,-80,76,0,337,0,337,80" /><INIT seed="3,0,0,1,5,83" ten="170,76,337,417" oya="3" hai0="58,55,69,119,66,53,31,91,110,132,107,123,99" hai1="15,51,125,38,2,105,41,76,61,6,114,95,72" hai2="50,37,42,109,20,89,120,64,26,106,23,97,47" hai3="73,93,35,60,0,25,131,94,11,79,34,103,121"/><W108/><G121/><T104/><D119/><U21/><E105/><V78/><F120/><W71/><G108/><T101/><D123/><U39/><E114/><V70/><F109/><W10/><G131/><T62/><D110/><U116/><E125/><V49/><F78/><W96/><G73/><T75/><D75/><U80/><E116/><V128/><F128/><W30/><G35/><T18/><D132/><U48/><E61/><V5/><F5/><N who="3" m="1319" /><G11/><T17/><D107/><U81/><E95/><V14/><F70/><W46/><G46/><T3/><D3/><U92/><E92/><V68/><F14/><W19/><G19/><T43/><D43/><U28/><E81/><V100/><F89/><W7/><G7/><T86/><D31/><U12/><E12/><V135/><F135/><W56/><G56/><T29/><D29/><U130/><E130/><V40/><F26/><W74/><G74/><T1/><D1/><U57/><E57/><V82/><F82/><W88/><G88/><T67/><D55/><U122/><E122/><V4/><F4/><W127/><G127/><T52/><D53/><U24/><E39/><V126/><F126/><W59/><G59/><T16/><D69/><U84/><E15/><V44/><REACH who="2" step="1"/><F37/><REACH who="2" ten="170,76,327,417" step="2"/><W85/><G79/><T129/><D129/><U117/><E117/><V33/><F33/><W65/><G34/><T22/><D22/><U54/><E54/><V113/><F113/><W102/><G71/><T63/><D63/><AGARI ba="0,1" hai="20,23,40,42,44,47,49,50,63,64,68,97,100,106" machi="63" ten="40,2600,0" yaku="1,1,9,1,53,0" doraHai="83" doraHaiUra="118" who="2" fromWho="0" sc="170,-26,76,0,327,36,417,0" owari="144,-25.6,76,-42.4,363,16.3,417,51.7" /></mjloggm>