<mjloggm ver="2.3"><GO type="225" lobby="0"/><UN n0="%E8%B6%85%E7%B4%9A%E9%B3%B3%E5%87%B0" n1="%43%6F%66%66%65%65" n2="%E5%A4%9C%E5%85%89%E5%A4%A9%E6%A5%BC" n3="%E4%BA%BA%E9%96%93%E3%83%81%E3%83%A3%E3%83%BC%E3%83%8F%E3%83%B3" dan="17,17,17,16" rate="2156.30,2157.90,2198.79,2169.28" sx="F,F,M,M"/><TAIKYOKU oya="0"/><INIT seed="0,0,0,1,3,47" ten="250,250,250,250" oya="0" hai0="58,117,28,2,119,46,109,12,37,18,102,128,3" hai1="89,110,97,90,69,5,68,74,76,118,127,83,87" hai2="15,84,78,130,51,88,21,50,19,4,34,56,98" hai3="70,48,120,94,16,17,54,122,29,108,39,14,35"/><T66/><D128/><U23/><E118/><V104/><F130/><W113/><G113/><T9/><D28/><U52/><E110/><V115/><F115/><W92/><G39/><T31/><D31/><U77/><E127/><V0/><F34/><W11/><G70/><T123/><D123/><N who="3" m="47145" /><G108/><T22/><D102/><U129/><E129/><V125/><F125/><W132/><G132/><T25/><D109/><U44/><E5/><V85/><F0/><W133/><G133/><T96/><D96/><U49/><E74/><V79/><F85/><W33/><G17/><T7/><D66/><U10/><E10/><N who="2" m="4551" /><F104/><W13/><G13/><T121/><D121/><U8/><E8/><V75/><F98/><W26/><G33/><T64/><D64/><U134/><E134/><V72/><F72/><W95/><G95/><T55/><D2/><U99/><E68/><V20/><F20/><W63/><G63/><T100/><D100/><U135/><E69/><V27/><F75/><W73/><G73/><T91/><D3/><U57/><E135/><V36/><F36/><W6/><G6/><T24/><D37/><U62/><E23/><V114/><F114/><W81/><G81/><T32/><D32/><U38/><E38/><V106/><F106/><W53/><G53/><T93/><D25/><U86/><E97/><V111/><F111/><W61/><G61/><N who="0" m="36063" /><D119/><U126/><E99/><V43/><F43/><W42/><G42/><T67/><D117/><U41/><E126/><V1/><F1/><W101/><G101/><T82/><D7/><U105/><E105/><V107/><F107/><RYUUKYOKU ba="0,0" sc="250,-15,250,15,250,-15,250,15" hai1="41,44,49,52,57,62,76,77,83,86,87,89,90" hai3="11,14,16,26,29,35,48,54,92,94" /><INIT seed="1,1,0,3,4,130" ten="235,265,235,265" oya="1" hai0="58,71,68,16,64,10,85,22,135,33,131,0,52" hai1="122,49,128,91,97,87,63,107,18,39,7,98,14" hai2="109,80,123,62,127,113,81,44,3,78,70,75,119" hai3="72,25,84,42,125,94,37,60,11,82,90,111,99"/><U89/><E122/><V48/><F119/><W103/><G111/><T106/><D33/><U53/><E39/><V24/><F123/><W15/><G125/><T114/><D114/><U76/><E128/><V46/><F3/><W96/><G60/><T4/><D106/><U36/><E36/><V66/><F109/><W56/><G56/><T20/><D131/><U54/><E7/><V133/><F127/><W57/><G57/><T88/><D64/><U104/><E76/><V100/><F100/><W129/><G129/><T31/><D31/><U43/><E104/><V1/><F1/><W108/><G108/><T69/><D135/><U67/><E43/><V73/><F24/><W9/><G25/><T95/><REACH who="0" step="1"/><D16/><REACH who="0" ten="225,265,235,265" step="2"/><U132/><E107/><V23/><F113/><W29/><G29/><T45/><D45/><U13/><E18/><V8/><F46/><W112/><G112/><T124/><D124/><U83/><E67/><V30/><F30/><W17/><G11/><T32/><D32/><U65/><E65/><V77/><F8/><W50/><G17/><T26/><D26/><U120/><E132/><V21/><REACH who="2" step="1"/><F133/><REACH who="2" ten="225,265,225,265" step="2"/><W110/><G9/><T92/><D92/><U35/><E120/><V86/><F86/><W55/><G94/><T41/><D41/><AGARI ba="1,2" hai="21,23,41,44,48,62,66,70,73,75,77,78,80,81" machi="41" ten="30,3900,0" yaku="1,1,7,1,9,1,53,0" doraHai="130" doraHaiUra="51" who="2" fromWho="0" sc="225,-42,265,0,225,62,265,0" /><INIT seed="2,0,0,2,0,76" ten="183,265,287,265" oya="2" hai0="55,79,2,12,134,66,28,8,105,104,33,108,107" hai1="119,36,100,51,5,32,31,0,21,64,54,122,117" hai2="113,22,68,86,92,6,135,123,30,3,88,81,37" hai3="57,125,121,102,29,133,85,82,128,25,130,16,19"/><V90/><F113/><W72/><G121/><T111/><D2/><U43/><E32/><V24/><F123/><W67/><G72/><T63/><D134/><U84/><E122/><V41/><F135/><W126/><G133/><T14/><D55/><U23/><E100/><V39/><F68/><W59/><G102/><T48/><D48/><U52/><E64/><V91/><F41/><W46/><G46/><T112/><D112/><U26/><E36/><V75/><F75/><W74/><G74/><T44/><D44/><N who="1" m="26015" /><E0/><V99/><F91/><N who="3" m="51639" /><G29/><T129/><D129/><N who="3" m="49769" /><G25/><T78/><D28/><U114/><E114/><V73/><F73/><W50/><G50/><T124/><D33/><U1/><E1/><V115/><F115/><W77/><G77/><T83/><D79/><U106/><E106/><V47/><F47/><W7/><G7/><T49/><D49/><U69/><E5/><V65/><F65/><W34/><G34/><T96/><D14/><U95/><E117/><V127/><F39/><W40/><G40/><T132/><D132/><U94/><E119/><V109/><F37/><W38/><G38/><T70/><D70/><U131/><E69/><V4/><F3/><W18/><G67/><T87/><D107/><U20/><E131/><V27/><F6/><W10/><G10/><T15/><D105/><U116/><E116/><V13/><F27/><W110/><G110/><T118/><D118/><U93/><E84/><V60/><F109/><W45/><G45/><T120/><D111/><U80/><E31/><V35/><F30/><W103/><G103/><T98/><D108/><RYUUKYOKU ba="0,0" sc="183,-10,265,-10,287,-10,265,30" hai3="16,18,19,57,59,125,126" /><INIT seed="3,1,0,5,4,73" ten="173,255,277,295" oya="3" hai0="94,69,34,125,10,126,18,7,61,107,98,115,62" hai1="102,63,109,72,56,104,100,106,40,55,25,6,49" hai2="91,122,77,14,88,110,108,32,11,129,47,26,65" hai3="118,78,19,57,4,124,21,41,0,50,101,82,38"/><W130/><G118/><T42/><D34/><U89/><E72/><V114/><F114/><W93/><G38/><T67/><D115/><U111/><E6/><V43/><F65/><W53/><G124/><N who="0" m="47723" /><D107/><U59/><E89/><V99/><F77/><W15/><G130/><T66/><D18/><U30/><E104/><V135/><F122/><W39/><G39/><T80/><D80/><U87/><E87/><V17/><F99/><N who="3" m="59631" /><G0/><N who="0" m="359" /><D42/><U74/><E74/><V68/><F129/><W36/><G36/><T33/><D33/><U8/><E106/><V2/><F2/><W29/><G4/><T79/><D79/><U46/><E8/><V27/><F32/><W120/><G120/><T23/><D23/><N who="1" m="15679" /><E111/><N who="2" m="42539" /><F68/><W86/><G41/><T119/><D119/><U128/><E109/><V113/><F113/><W112/><G112/><T64/><D69/><U70/><E70/><V44/><F43/><W92/><G92/><T35/><D35/><U5/><E5/><V96/><F91/><AGARI ba="1,0" hai="61,62,64,66,67,91,94,98" m="359,47723" machi="91" ten="30,1000,0" yaku="18,1" doraHai="73" who="0" fromWho="2" sc="173,13,255,0,277,-13,295,0" /><INIT seed="4,0,0,1,2,71" ten="186,255,264,295" oya="0" hai0="109,106,126,31,135,41,56,89,20,99,54,107,128" hai1="76,51,133,120,90,96,1,49,47,50,40,58,103" hai2="26,83,25,114,80,45,93,34,119,115,88,118,19" hai3="124,108,104,130,43,63,84,39,35,0,129,111,101"/><T4/><D128/><N who="3" m="49257" /><G124/><T112/><D126/><U57/><E120/><V66/><F66/><W11/><G35/><T81/><D112/><N who="2" m="43050" /><F45/><N who="3" m="23807" /><G84/><N who="0" m="50319" /><D135/><U77/><E1/><V122/><F122/><W3/><G63/><T131/><D131/><U82/><E133/><V38/><F38/><W65/><G65/><T33/><D33/><U5/><E5/><V68/><F68/><W62/><G62/><T123/><D123/><U113/><E113/><V30/><F26/><W102/><G11/><T69/><D69/><U61/><E90/><V52/><F52/><W21/><G21/><T28/><D109/><N who="3" m="42057" /><G104/><T110/><D110/><U64/><E58/><V70/><F19/><W75/><G75/><T27/><D41/><U9/><E9/><V73/><F70/><W105/><G105/><T91/><D4/><U100/><E40/><V127/><F73/><W92/><G92/><N who="0" m="56735" /><D106/><U121/><E121/><V32/><F32/><W116/><G116/><N who="2" m="44585" /><F127/><W117/><G117/><T8/><D107/><U53/><E64/><V72/><F72/><W16/><G16/><N who="0" m="12679" /><D8/><U36/><E36/><V97/><AGARI ba="0,0" hai="25,30,34,80,83,88,93,97" m="44585,43050" machi="97" ten="30,4000,0" yaku="15,1,12,1,54,1" doraHai="71" who="2" fromWho="2" sc="186,-20,255,-10,264,40,295,-10" owari="166,-33.4,245,-15.5,304,40.4,285,8.5" /></mjloggm>