<mjloggm ver="2.3"><GO type="225" lobby="0"/><UN n0="%6D%75%75%6D%75%72%61" n1="%E3%82%B2%E3%82%B9%E8%8C%82%E5%8B%9D" n2="%4C%4F%4C%49%54%41" n3="%E6%9F%B3%E6%A2%A6%E7%92%83" dan="16,16,16,16" rate="2154.58,2070.07,2202.49,2125.74" sx="F,F,F,F"/><TAIKYOKU oya="0"/><INIT seed="0,0,0,0,1,129" ten="250,250,250,250" oya="0" hai0="63,62,29,96,110,17,19,38,69,58,52,21,91" hai1="119,41,25,132,78,126,23,12,59,93,32,89,36" hai2="101,8,35,49,55,87,45,6,108,128,81,60,115" hai3="5,42,1,99,106,20,133,98,48,100,127,86,105"/><T134/><D134/><U39/><E119/><V122/><F122/><W75/><G75/><T92/><D38/><U26/><E78/><V27/><F115/><W2/><G127/><T30/><D110/><U46/><E36/><V135/><F128/><W33/><G33/><T124/><D124/><U103/><E126/><V64/><F108/><W11/><G86/><T3/><D3/><U72/><E72/><V112/><F112/><W121/><G121/><T107/><D107/><U111/><E111/><V102/><F135/><W116/><G116/><T68/><D17/><U65/><E132/><V118/><F118/><W61/><G133/><T4/><D4/><U28/><E103/><V73/><F27/><W117/><G117/><T70/><REACH who="0" step="1"/><D63/><REACH who="0" ten="240,250,250,250" step="2"/><U44/><E39/><V47/><F60/><W18/><G61/><T82/><D82/><U84/><E28/><V34/><F81/><W56/><G2/><T66/><D66/><U13/><E65/><V67/><F64/><W9/><G5/><T16/><D16/><U43/><E93/><V77/><F67/><W10/><G1/><T83/><D83/><U15/><E26/><AGARI ba="0,1" hai="19,21,26,29,30,52,58,62,68,69,70,91,92,96" machi="26" ten="40,12000,1" yaku="1,1,25,2,54,1,53,0" doraHai="129" doraHaiUra="31" who="0" fromWho="1" sc="240,130,250,-120,250,0,250,0" /><INIT seed="0,1,0,3,0,16" ten="370,130,250,250" oya="0" hai0="64,70,34,80,95,85,127,58,90,9,21,106,20" hai1="52,105,38,7,124,108,71,77,115,14,47,15,97" hai2="118,49,66,104,76,44,128,103,74,8,122,57,73" hai3="13,116,48,43,24,68,117,0,31,42,36,28,82"/><T87/><D70/><U18/><E108/><V99/><F122/><W40/><G0/><T129/><D106/><U109/><E109/><V26/><F128/><W45/><G68/><T62/><D34/><U132/><E71/><V17/><F118/><W84/><G36/><T133/><D129/><U67/><E67/><V75/><F76/><W134/><G134/><T112/><D112/><U37/><E132/><V72/><F72/><W11/><G116/><T78/><D133/><U107/><E7/><V63/><F8/><W2/><G2/><T94/><D127/><U50/><E124/><V131/><F131/><W56/><G56/><T39/><D39/><U93/><E115/><V135/><F135/><W88/><G117/><T83/><D9/><U110/><E110/><V96/><F96/><W79/><G79/><T100/><D100/><U61/><E61/><V25/><REACH who="2" step="1"/><F17/><REACH who="2" ten="370,130,240,250" step="2"/><N who="3" m="8383" /><G24/><T33/><D33/><U125/><E125/><V55/><AGARI ba="1,1" hai="25,26,44,49,55,57,63,66,73,74,75,99,103,104" machi="55" ten="30,2000,0" yaku="1,1,0,1,53,0" doraHai="16" doraHaiUra="91" who="2" fromWho="2" sc="370,-11,130,-6,240,33,250,-6" /><INIT seed="1,0,0,0,3,44" ten="359,124,273,244" oya="1" hai0="82,34,57,9,78,31,126,8,121,26,76,61,46" hai1="83,52,16,65,134,49,36,84,38,20,109,120,25" hai2="53,7,133,73,128,85,68,125,70,110,93,66,48" hai3="106,51,135,69,86,15,108,62,2,43,122,88,10"/><U99/><E120/><V115/><F73/><W112/><G122/><T116/><D121/><U127/><E134/><V81/><F133/><W80/><G112/><T14/><D116/><U104/><E127/><V72/><F110/><W58/><G135/><T4/><D126/><U23/><E109/><V13/><F125/><W29/><G108/><T41/><D9/><U67/><E38/><V11/><F128/><W94/><G106/><T19/><D19/><N who="1" m="12447" /><E36/><V113/><F66/><N who="3" m="39255" /><G69/><T75/><D75/><U42/><E42/><V21/><F93/><W87/><G2/><T98/><D82/><U92/><E99/><V123/><F72/><W63/><G63/><T24/><D98/><U124/><E104/><V103/><F103/><W118/><G29/><T60/><D31/><U90/><E83/><V40/><F40/><W107/><G107/><T117/><D34/><U35/><E35/><V1/><F123/><W102/><G118/><T6/><D117/><U130/><E130/><V47/><F21/><W64/><G64/><T45/><D41/><U89/><E124/><V111/><F1/><W55/><G43/><T114/><D114/><N who="2" m="43530" /><F111/><W33/><G33/><T5/><D61/><U27/><E89/><AGARI ba="0,0" hai="7,11,13,47,48,53,68,70,81,85,89" m="43530" machi="89" ten="30,2000,0" yaku="11,1,52,1" doraHai="44" who="2" fromWho="1" sc="359,0,124,-20,273,20,244,0" /><INIT seed="2,0,0,2,1,27" ten="359,104,293,244" oya="2" hai0="116,30,17,56,1,121,22,118,41,91,83,33,109" hai1="130,104,72,65,31,133,69,16,25,101,47,77,28" hai2="95,102,103,26,111,13,94,59,15,61,51,122,128" hai3="44,11,86,10,54,93,12,88,14,20,107,114,134"/><V38/><F38/><W23/><G107/><T52/><D121/><U32/><E130/><V9/><F122/><W68/><G68/><T4/><D109/><U129/><E129/><V37/><F37/><W112/><G134/><T100/><D41/><U19/><E133/><V29/><F128/><W39/><G112/><T113/><D100/><U131/><E131/><V97/><F51/><N who="3" m="29031" /><G39/><T40/><D40/><U126/><E126/><V5/><F13/><N who="3" m="5227" /><G114/><T120/><D4/><U87/><E47/><V125/><F125/><W76/><G76/><T46/><D1/><U2/><E2/><V45/><F45/><W60/><G60/><T85/><D46/><U0/><E0/><V132/><F132/><W96/><G96/><T21/><D33/><N who="1" m="20623" /><E72/><V108/><F95/><W98/><G98/><T36/><D36/><U99/><E87/><V78/><F78/><W42/><G42/><T74/><D74/><U135/><E77/><V6/><F6/><W35/><G35/><T92/><D113/><U106/><E104/><V89/><F108/><W79/><G79/><T50/><D116/><U81/><E81/><V105/><F105/><W48/><G48/><T62/><D50/><U24/><E135/><V67/><REACH who="2" step="1"/><F111/><REACH who="2" ten="359,104,283,244" step="2"/><W71/><G71/><T53/><D92/><U34/><E34/><AGARI ba="0,1" hai="5,9,15,26,29,34,59,61,67,89,94,97,102,103" machi="34" ten="30,11600,0" yaku="1,1,2,1,7,1,52,1,53,0" doraHai="27" doraHaiUra="66" who="2" fromWho="1" sc="359,0,104,-116,283,126,244,0" owari="359,15.9,-12,-51.2,409,50.9,244,-15.6" /></mjloggm>