<mjloggm ver="2.3"><GO type="225" lobby="0"/><UN n0="%E3%81%82%E3%81%B9%E3%81%99%E3%81%91" n1="%E3%81%A9%E3%82%8F%E3%82%93%E3%81%94" n2="%E6%B8%A9%E2%98%85%E6%83%85%E2%98%85%E6%8E%AA%E2%98%85%E7%BD%AE" n3="%E3%81%8B%E3%82%8F%E3%81%A1%E3%82%83%E3%82%93%35%38" dan="16,16,16,16" rate="2104.53,2137.83,2131.84,2127.39" sx="M,M,M,M"/><TAIKYOKU oya="0"/><INIT seed="0,0,0,3,2,32" ten="250,250,250,250" oya="0" hai0="26,35,84,11,38,86,55,12,60,8,37,46,54" hai1="110,13,72,70,87,114,67,77,99,117,57,14,56" hai2="31,76,10,43,82,107,104,79,100,50,115,48,129" hai3="121,34,17,127,39,51,125,42,44,88,134,111,22"/><T41/><D38/><U119/><E72/><V62/><F115/><W4/><G34/><T109/><D109/><U24/><E110/><V118/><F129/><W75/><G111/><T66/><D35/><U94/><E70/><V108/><F108/><W63/><G75/><T27/><D11/><U106/><E106/><V120/><F120/><W29/><G29/><T69/><D27/><U74/><E74/><V126/><F126/><W23/><G121/><T90/><D26/><U45/><E114/><V112/><F112/><W16/><G134/><T1/><D1/><U81/><E117/><V80/><F62/><W6/><G63/><T116/><D116/><U33/><E119/><V133/><F118/><W92/><G39/><T124/><D86/><U123/><E123/><V64/><F100/><W97/><G22/><T9/><D9/><U122/><E67/><V19/><F10/><W53/><G42/><T20/><D20/><U113/><E113/><V89/><F64/><W105/><G105/><T7/><REACH who="0" step="1"/><D124/><REACH who="0" ten="240,250,250,250" step="2"/><N who="3" m="47689" /><G17/><T68/><D68/><U30/><E122/><V135/><F19/><W5/><G5/><T0/><D0/><U40/><E14/><AGARI ba="0,1" hai="4,6,14,16,23,44,51,53,88,92,97" m="47689" machi="14" ten="30,3900,0" yaku="18,1,54,2" doraHai="32" who="3" fromWho="1" sc="240,0,250,-39,250,0,250,49" /><INIT seed="1,0,0,5,1,14" ten="240,211,250,299" oya="1" hai0="37,42,86,10,53,105,11,135,52,63,99,126,16" hai1="101,131,6,2,35,65,75,80,43,134,66,26,96" hai2="110,3,107,9,68,93,30,8,85,113,47,121,71" hai3="103,41,58,111,73,57,90,102,127,51,23,28,98"/><U129/><E134/><V100/><F121/><W64/><G73/><T62/><D37/><U109/><E43/><V132/><F132/><W55/><G127/><T1/><D1/><U19/><E2/><V40/><F107/><W97/><G111/><T122/><D135/><U84/><E6/><V120/><F120/><W18/><G28/><T79/><D126/><U116/><E75/><V124/><F124/><W123/><G41/><T32/><D32/><U36/><E36/><V106/><F106/><W5/><G5/><T0/><D0/><U60/><E116/><V49/><F30/><W54/><G64/><T56/><D42/><U72/><E72/><V108/><F113/><W15/><G123/><T88/><D79/><N who="1" m="46111" /><E35/><V20/><F3/><W87/><G102/><T115/><D99/><U50/><E50/><V29/><F71/><W33/><G103/><T39/><D105/><N who="1" m="63655" /><E60/><V118/><F68/><W24/><G24/><T25/><D39/><U70/><E70/><V17/><F118/><W76/><G76/><T128/><D115/><U91/><E91/><N who="2" m="53487" /><F100/><W45/><G33/><T130/><D122/><U21/><E109/><N who="2" m="42091" /><F29/><W4/><G4/><T44/><D63/><U112/><E112/><V69/><F69/><W12/><G12/><AGARI ba="0,0" hai="8,9,12,17,20,40,47,49" m="42091,53487" machi="12" ten="30,2000,0" yaku="14,1,52,1" doraHai="14" who="2" fromWho="3" sc="240,0,211,0,250,20,299,-20" /><INIT seed="2,0,0,0,1,53" ten="240,211,270,279" oya="2" hai0="98,114,43,24,28,134,39,25,86,77,27,68,29" hai1="70,93,119,46,103,90,21,58,14,20,92,123,55" hai2="67,106,51,71,47,26,113,34,2,105,132,33,36" hai3="1,79,44,62,65,117,102,6,73,125,104,4,13"/><V81/><F113/><W63/><G117/><T16/><D114/><U15/><E119/><V69/><F132/><W76/><G1/><T131/><D68/><N who="2" m="26186" /><F67/><W72/><G65/><T133/><D131/><U85/><E123/><V95/><F95/><W64/><G64/><T80/><D43/><U0/><E46/><V129/><F51/><W74/><G44/><T89/><D39/><U121/><E0/><V128/><F81/><W52/><G52/><T61/><D61/><U88/><E103/><V101/><F2/><W3/><G3/><T87/><D98/><U124/><E124/><V99/><F106/><W100/><G13/><N who="1" m="4618" /><E70/><V116/><F116/><W37/><G37/><T78/><D78/><N who="3" m="29737" /><G104/><T97/><D134/><U41/><E41/><N who="2" m="22951" /><F26/><W11/><G11/><T107/><D107/><U91/><E121/><V112/><F112/><W17/><G17/><T84/><D133/><U96/><E91/><V130/><AGARI ba="0,0" hai="33,34,99,101,105,128,129,130" m="22951,26186" machi="130" ten="40,3900,0" yaku="19,1,23,1" doraHai="53" who="2" fromWho="2" sc="240,-13,211,-13,270,39,279,-13" /><INIT seed="2,1,0,1,5,94" ten="227,198,309,266" oya="2" hai0="5,106,110,42,103,38,34,8,66,44,18,58,118" hai1="9,35,30,29,105,39,22,7,122,36,88,89,68" hai2="80,101,108,63,33,6,23,131,21,134,107,72,32" hai3="53,91,77,27,11,112,93,130,96,37,71,57,54"/><V74/><F6/><W135/><G71/><T16/><D110/><U99/><E68/><V125/><F63/><W75/><G135/><T120/><D120/><U113/><E35/><V117/><F117/><W24/><G130/><T14/><D34/><N who="2" m="13418" /><F80/><W0/><G112/><T115/><D115/><U3/><E113/><V61/><F61/><W25/><G37/><T127/><D127/><U121/><E39/><V123/><F123/><N who="1" m="47113" /><E36/><V126/><F134/><W87/><G75/><N who="2" m="28713" /><F131/><W78/><G0/><T12/><D118/><U1/><E1/><V26/><F26/><W49/><G11/><T98/><D66/><U132/><E132/><V76/><F76/><W82/><REACH who="3" step="1"/><G54/><REACH who="3" ten="227,198,309,256" step="2"/><T64/><D64/><U31/><E22/><V51/><F23/><W81/><G81/><T10/><REACH who="0" step="1"/><D58/><REACH who="0" ten="217,198,309,256" step="2"/><U119/><E119/><V79/><F126/><W47/><G47/><T2/><D2/><U114/><E114/><V69/><F125/><W86/><G86/><T95/><D95/><U19/><E19/><AGARI ba="1,2" hai="5,8,10,12,14,16,18,19,38,42,44,98,103,106" machi="19" ten="30,7700,0" yaku="1,1,7,1,52,1,54,1,53,0" doraHai="94" doraHaiUra="65" who="0" fromWho="1" sc="217,100,198,-80,309,0,256,0" /><INIT seed="3,0,0,0,2,44" ten="317,118,309,256" oya="3" hai0="109,98,80,70,25,121,50,119,126,36,120,42,101" hai1="30,68,19,96,117,35,82,123,4,56,51,88,110" hai2="85,7,95,57,94,5,45,21,10,76,11,118,89" hai3="100,78,60,16,1,49,63,15,104,75,27,43,20"/><W46/><G1/><T73/><D119/><U79/><E110/><V125/><F118/><W22/><G104/><T32/><D109/><U2/><E123/><V90/><F125/><W114/><G114/><T52/><D126/><U6/><E68/><V130/><F130/><W34/><G34/><T24/><D70/><U83/><E117/><V31/><F76/><W29/><REACH who="3" step="1"/><G100/><REACH who="3" ten="317,118,309,246" step="2"/><T93/><D32/><U99/><E2/><V115/><F115/><W59/><G59/><T128/><D121/><U64/><E35/><V72/><F72/><W127/><G127/><T48/><D120/><U41/><E30/><V61/><F45/><W124/><G124/><T135/><D101/><U38/><E38/><V108/><F108/><W18/><G18/><T62/><D36/><U14/><E4/><N who="2" m="1611" /><F31/><W103/><G103/><T84/><D135/><U77/><E6/><V9/><F21/><W74/><G74/><T116/><D73/><U122/><E122/><V113/><F113/><W133/><G133/><T134/><D134/><U129/><E129/><V106/><F106/><W105/><G105/><T92/><D116/><U131/><E131/><V91/><F95/><W12/><G12/><T40/><D93/><U0/><E0/><V23/><F23/><W58/><G58/><N who="0" m="35143" /><D128/><U26/><E14/><V111/><F111/><W69/><G69/><T17/><D17/><U55/><E19/><V67/><AGARI ba="0,1" hai="9,10,11,57,61,67,85,89,90,91,94" m="1611" machi="67" ten="30,1100,0" yaku="8,1" doraHai="44" who="2" fromWho="2" sc="317,-3,118,-3,309,21,246,-5" owari="314,11.4,115,-38.5,330,43.0,241,-15.9" /></mjloggm>