<mjloggm ver="2.3"><GO type="225" lobby="0"/><UN n0="%E3%81%95%E3%81%8D%E3%81%9F%E3%81%BE%E6%9E%97%E6%AA%8E" n1="%6D%75%75%73%61%6E%6D%75" n2="%E3%83%81%E3%83%AF%E3%83%AF%E9%9A%8A%E9%95%B7" n3="%E3%81%AF%E3%82%88%E3%81%8A%E3%81%98%E3%81%95%E3%82%93" dan="16,16,17,17" rate="2063.11,2126.96,2182.21,2132.44" sx="M,F,M,M"/><TAIKYOKU oya="0"/><INIT seed="0,0,0,4,1,76" ten="250,250,250,250" oya="0" hai0="19,85,116,111,99,96,104,113,65,109,129,23,62" hai1="74,135,105,54,78,119,5,107,21,7,80,60,125" hai2="56,81,29,97,35,89,14,84,87,43,71,25,41" hai3="134,114,128,132,11,127,38,55,86,77,68,63,20"/><T52/><D113/><U69/><E119/><V133/><F71/><W121/><G114/><T1/><D116/><U61/><E125/><V101/><F133/><N who="3" m="51307" /><G127/><T2/><D129/><U75/><E135/><V100/><F100/><W118/><G118/><T3/><D104/><U4/><E75/><V108/><F108/><N who="0" m="41546" /><D85/><U13/><E61/><V91/><F14/><W92/><G128/><T40/><D40/><U117/><E117/><V26/><F26/><W39/><G121/><T59/><D65/><U112/><E112/><V131/><F56/><N who="3" m="35231" /><G68/><T51/><D62/><U18/><REACH who="1" step="1"/><E54/><REACH who="1" ten="250,240,250,250" step="2"/><V72/><F131/><W30/><G39/><T94/><D94/><U93/><E93/><V53/><F72/><W73/><G38/><T24/><AGARI ba="0,1" hai="1,2,3,19,23,24,51,52,59,96,99" m="41546" machi="24" ten="40,7800,0" yaku="14,1,10,1,54,1" doraHai="76" who="0" fromWho="0" sc="250,88,240,-26,250,-26,250,-26" /><INIT seed="0,1,0,3,1,14" ten="338,214,224,224" oya="0" hai0="119,12,68,47,16,99,80,104,3,75,72,84,4" hai1="78,48,105,58,59,24,107,1,10,46,114,2,44" hai2="5,23,89,38,25,63,21,97,30,57,133,51,115" hai3="27,67,22,70,79,17,118,98,13,11,55,124,45"/><T86/><D119/><U135/><E135/><V134/><F38/><W39/><G118/><T132/><D68/><U66/><E78/><V69/><F115/><W130/><G124/><T54/><D3/><U87/><E114/><V127/><F127/><W76/><G130/><T33/><D33/><U8/><E87/><V29/><F5/><W123/><G123/><T7/><D132/><N who="2" m="50794" /><F69/><W36/><G98/><T92/><D104/><U73/><E73/><V42/><F42/><W64/><G36/><T85/><D80/><U82/><E82/><V41/><F41/><W43/><G55/><T34/><D34/><U40/><E40/><V117/><F51/><W103/><G103/><N who="0" m="60903" /><D75/><U71/><E71/><V65/><F117/><W62/><REACH who="3" step="1"/><G67/><REACH who="3" ten="338,214,224,214" step="2"/><T50/><D72/><U9/><E66/><V56/><F65/><W49/><G49/><T121/><D121/><U26/><E48/><V108/><F97/><W37/><G37/><T106/><D106/><U122/><E122/><V20/><F108/><W116/><G116/><T60/><D60/><U111/><E111/><V61/><F61/><W31/><AGARI ba="1,1" hai="11,13,17,22,27,31,39,43,45,62,64,70,76,79" machi="31" ten="20,5200,0" yaku="1,1,0,1,7,1,52,1,53,0" doraHai="14" doraHaiUra="83" who="3" fromWho="3" sc="338,-27,214,-14,224,-14,214,65" /><INIT seed="1,0,0,4,0,133" ten="311,200,210,279" oya="1" hai0="82,38,11,131,54,10,89,108,103,37,14,122,41" hai1="85,86,52,4,65,6,9,76,111,46,125,30,101" hai2="61,104,39,66,134,19,8,75,57,2,13,67,35" hai3="126,51,55,100,132,123,62,115,5,129,135,59,121"/><U81/><E125/><V23/><F39/><W79/><G79/><T91/><D108/><U96/><E111/><V102/><F75/><W36/><G100/><T21/><D131/><U84/><E65/><V22/><F35/><W120/><G5/><T16/><D103/><U93/><E30/><V73/><F73/><W118/><G36/><T44/><D38/><U28/><E28/><V128/><F128/><W130/><G115/><T45/><D122/><U32/><E32/><V99/><F134/><N who="3" m="51243" /><G118/><T88/><D82/><U31/><E31/><V74/><F74/><W17/><G17/><T68/><D68/><U77/><E77/><V110/><F110/><W94/><G94/><T98/><D98/><U107/><E107/><V58/><REACH who="2" step="1"/><F2/><REACH who="2" ten="311,200,200,279" step="2"/><W33/><G33/><T106/><D106/><U113/><E113/><V97/><F97/><W92/><G126/><T7/><D37/><U12/><REACH who="1" step="1"/><E4/><REACH who="1" ten="311,190,200,279" step="2"/><V109/><F109/><W124/><G124/><T78/><D7/><U53/><E53/><V20/><F20/><W29/><G55/><T90/><D54/><U48/><AGARI ba="0,2" hai="6,9,12,46,48,52,76,81,84,85,86,93,96,101" machi="48" ten="30,12000,1" yaku="1,1,0,1,8,1,54,1,53,1" doraHai="133" doraHaiUra="50" who="1" fromWho="1" sc="311,-40,190,140,200,-40,279,-40" /><INIT seed="1,1,0,1,3,135" ten="271,330,160,239" oya="1" hai0="121,1,114,0,65,106,26,17,22,40,129,85,110" hai1="90,63,54,60,75,118,112,96,83,86,13,64,5" hai2="51,131,27,8,34,30,79,47,31,80,50,19,77" hai3="36,113,120,69,11,98,57,39,43,124,117,72,76"/><U105/><E112/><V44/><F131/><W92/><G113/><T10/><D114/><U33/><E118/><V87/><F77/><W99/><G69/><T46/><D110/><U128/><E33/><V67/><F67/><W29/><G120/><T132/><D106/><U126/><E128/><V21/><F34/><W42/><G117/><T14/><D129/><U45/><E75/><V102/><F102/><W81/><G29/><T58/><D132/><U127/><E5/><V94/><F94/><W32/><G32/><T91/><D121/><U134/><E134/><V20/><F8/><W116/><G116/><T74/><D74/><U133/><E133/><V61/><F61/><W68/><G68/><T52/><D65/><U109/><E109/><V97/><F97/><W53/><G11/><T25/><D25/><U28/><E28/><V89/><F79/><W88/><G99/><T111/><D111/><U37/><E13/><V130/><F130/><W12/><G12/><T9/><D40/><U7/><E7/><V70/><F70/><W125/><G42/><T24/><D24/><U104/><E64/><V55/><REACH who="2" step="1"/><F21/><REACH who="2" ten="271,330,150,239" step="2"/><W123/><G123/><T108/><D108/><U18/><E63/><V6/><F6/><W73/><G72/><T62/><D10/><U49/><E60/><V95/><F95/><W48/><G36/><T93/><D46/><N who="1" m="27959" /><E96/><V115/><F115/><W35/><G35/><T82/><D93/><U23/><E45/><V2/><F2/><W66/><G66/><T15/><D15/><N who="1" m="9695" /><E37/><V16/><F16/><AGARI ba="1,1" hai="0,1,9,14,16,17,22,26,52,58,62,82,85,91" machi="16" ten="30,3900,0" yaku="7,1,54,2" doraHai="135" who="0" fromWho="2" sc="271,52,330,0,150,-42,239,0" /><INIT seed="2,0,0,4,1,122" ten="323,330,108,239" oya="2" hai0="116,47,19,135,24,105,29,41,11,92,21,80,20" hai1="51,46,118,104,88,52,85,63,125,54,83,98,108" hai2="38,17,129,89,50,77,97,86,69,22,4,49,62" hai3="107,45,123,99,128,76,71,79,48,3,16,90,115"/><V94/><F38/><W111/><G123/><T40/><D135/><U66/><E118/><V114/><F114/><W106/><G3/><T124/><D116/><U32/><E32/><V130/><F4/><W37/><G71/><T36/><D124/><U81/><E125/><V43/><F77/><W61/><G37/><T60/><D105/><U5/><E108/><V134/><F134/><W39/><G39/><T53/><D41/><U73/><E5/><V9/><F9/><W131/><G61/><T121/><D121/><U31/><E31/><V127/><F127/><W93/><G111/><T75/><D92/><N who="1" m="56583" /><E104/><V18/><F18/><W132/><G132/><T109/><D109/><U102/><E73/><V25/><F86/><W74/><G115/><T87/><D75/><U33/><E33/><V44/><REACH who="2" step="1"/><F49/><REACH who="2" ten="323,330,98,239" step="2"/><W95/><G76/><T84/><D11/><U1/><E85/><V13/><F13/><W119/><G119/><T2/><D2/><U6/><E6/><V112/><F112/><W56/><G79/><T35/><D87/><U126/><E1/><V113/><F113/><W14/><G74/><T58/><D19/><U8/><E126/><V133/><F133/><W7/><G7/><T82/><D82/><U64/><E8/><V78/><F78/><AGARI ba="0,1" hai="20,21,24,29,35,36,40,47,53,58,60,78,80,84" machi="78" ten="30,1000,0" yaku="7,1" doraHai="122" who="0" fromWho="2" sc="323,20,330,0,98,-10,239,0" /><INIT seed="3,0,0,0,1,98" ten="343,330,88,239" oya="3" hai0="9,99,84,91,94,17,89,48,116,109,78,112,46" hai1="86,97,95,124,50,51,23,82,134,110,54,126,30" hai2="37,81,14,135,2,79,6,125,10,63,115,88,131" hai3="111,72,55,90,120,68,93,36,123,102,127,107,8"/><W106/><G36/><T39/><D116/><U19/><E110/><V122/><F115/><W74/><G68/><T61/><D109/><U128/><E128/><V56/><F131/><W25/><G111/><T73/><D73/><N who="3" m="28265" /><G25/><T40/><D39/><U80/><E30/><V41/><F135/><W4/><G8/><T96/><D112/><U77/><E82/><V67/><F125/><N who="1" m="48233" /><E134/><V45/><F122/><N who="3" m="46635" /><G55/><T33/><D33/><U121/><E54/><V7/><F7/><W38/><G38/><T43/><D43/><U76/><E76/><V87/><F2/><W64/><G64/><T35/><D78/><U58/><E58/><V132/><F132/><W47/><G47/><T18/><D35/><U85/><E85/><V117/><F117/><W118/><G4/><T27/><D27/><N who="1" m="14847" /><E121/><V34/><F34/><W57/><G57/><T101/><D9/><U114/><E114/><V31/><F31/><W13/><G13/><T16/><D61/><U24/><E24/><V42/><F37/><W103/><G118/><T1/><D1/><U105/><E105/><N who="3" m="39946" /><G127/><T70/><D70/><U83/><E83/><V130/><F130/><W62/><G62/><T52/><D40/><U5/><E5/><V22/><F22/><W28/><G28/><T100/><D18/><U49/><E49/><V44/><F41/><W21/><G21/><T133/><D133/><U119/><E119/><V66/><F66/><W32/><G32/><T60/><D60/><U29/><E29/><V3/><F3/><W71/><G71/><T92/><D17/><U11/><E11/><V104/><F10/><RYUUKYOKU ba="0,0" sc="343,-15,330,15,88,-15,239,15" hai1="50,51,77,80,86,95,97" hai3="90,93,102,103" /><INIT seed="3,1,0,5,5,27" ten="328,345,73,254" oya="3" hai0="37,11,2,33,96,120,102,35,118,64,28,78,90" hai1="99,129,84,23,8,110,116,56,41,49,9,67,105" hai2="52,6,51,24,68,134,85,83,31,50,76,25,82" hai3="112,12,26,126,45,124,103,114,75,15,97,44,71"/><W17/><G75/><T48/><D118/><U106/><E116/><V117/><F117/><W125/><G71/><T93/><D37/><U3/><E3/><V36/><F36/><W130/><G130/><T42/><D120/><U55/><E129/><V53/><F68/><W57/><G57/><T60/><D78/><U122/><E122/><V101/><F134/><W22/><G114/><T39/><D39/><U47/><E110/><V133/><F133/><W111/><G111/><T74/><D74/><U66/><E105/><V131/><F131/><W43/><G112/><T109/><D109/><U128/><E106/><V113/><F113/><W19/><G43/><T29/><D102/><U38/><E99/><V98/><F6/><W16/><G97/><T107/><D107/><U1/><E1/><V13/><F13/><N who="3" m="5195" /><G103/><T18/><D2/><U89/><E23/><V63/><F82/><W7/><G7/><T95/><D95/><N who="1" m="54695" /><E38/><V14/><F14/><W104/><G104/><T80/><D80/><U61/><E128/><V65/><F65/><AGARI ba="1,0" hai="8,9,41,47,49,55,56,61,65,66,67" m="54695" machi="65" ten="30,1000,0" yaku="8,1" doraHai="27" who="1" fromWho="2" sc="328,0,345,13,73,-13,254,0" owari="328,12.8,358,45.8,60,-44.0,254,-14.6" /></mjloggm>