<mjloggm ver="2.3"><GO type="225" lobby="0"/><UN n0="%45%6C%79%73%69%75%6D" n1="%E8%81%B7%E6%A5%AD%E3%80%81%E9%A2%A8%32" n2="%E3%83%A9%E3%83%BC%E3%83%A1%E3%83%B3%E4%BA%94%E9%83%8E" n3="%72%69%6F%75%63%68%61%6E" dan="17,16,16,17" rate="2131.87,2083.47,2116.48,2240.56" sx="F,M,M,M"/><TAIKYOKU oya="0"/><INIT seed="0,0,0,1,5,60" ten="250,250,250,250" oya="0" hai0="85,24,43,113,39,67,121,59,27,128,84,98,12" hai1="72,87,108,123,125,48,49,92,99,42,124,80,52" hai2="89,81,37,56,93,96,15,130,79,134,88,4,16" hai3="23,133,66,95,86,112,82,32,53,75,31,91,50"/><T127/><D121/><U1/><E108/><V100/><F37/><W101/><G133/><T10/><D113/><U111/><E111/><V118/><F134/><W76/><G112/><T109/><D109/><U64/><E1/><V105/><F130/><W115/><G115/><T132/><D128/><U110/><E110/><V18/><F118/><W40/><G32/><T14/><D132/><U3/><E3/><V97/><F89/><W9/><G9/><T5/><D127/><N who="1" m="48715" /><E72/><V120/><F120/><W119/><G119/><T20/><D43/><U45/><E123/><V55/><F4/><W103/><G40/><T30/><D39/><U73/><E73/><V22/><F18/><W104/><G66/><T7/><D98/><U122/><E64/><V35/><F35/><W28/><G23/><T46/><D46/><N who="1" m="27671" /><E122/><V71/><F71/><W0/><G0/><T19/><D5/><U17/><E17/><V74/><F55/><W36/><G36/><T116/><D116/><U126/><N who="1" m="48723" /><U70/><DORA hai="106" /><E70/><V107/><REACH who="2" step="1"/><F56/><REACH who="2" ten="250,250,240,250" step="2"/><N who="3" m="32823" /><G101/><T44/><D44/><U94/><E99/><AGARI ba="0,1" hai="28,31,75,76,82,86,91,95,99,103,104" m="32823" machi="99" ten="30,2000,0" yaku="24,1,52,1" doraHai="60,106" who="3" fromWho="1" sc="250,0,250,-20,240,0,250,30" /><INIT seed="1,0,0,5,3,97" ten="250,230,240,280" oya="1" hai0="14,53,83,77,13,68,81,62,10,102,50,17,120" hai1="49,24,85,59,79,121,45,125,98,44,89,69,110" hai2="134,124,71,64,108,30,58,40,37,115,7,123,66" hai3="41,11,60,27,103,100,26,116,18,34,48,91,80"/><U31/><E121/><V135/><F7/><W28/><G116/><T106/><D120/><U101/><E69/><V92/><F30/><W127/><G127/><T61/><D68/><U76/><E125/><V122/><F124/><W128/><G128/><T88/><D81/><U56/><E110/><V21/><F21/><W55/><G60/><T3/><D3/><U133/><E133/><N who="2" m="50699" /><F108/><W94/><G41/><T54/><D54/><U23/><E79/><V42/><F115/><W84/><G94/><T35/><D35/><U57/><E76/><V114/><F114/><W105/><G105/><T73/><D13/><U15/><E15/><V9/><F9/><W1/><G27/><T78/><D78/><U47/><E49/><V93/><F71/><W111/><G111/><T5/><D5/><U36/><E36/><V86/><F86/><W0/><G0/><T90/><D61/><U96/><REACH who="1" step="1"/><E101/><REACH who="1" ten="250,220,240,280" step="2"/><V75/><F37/><W72/><G72/><T82/><D62/><U39/><E39/><V51/><F75/><W87/><G1/><T46/><REACH who="0" step="1"/><D82/><AGARI ba="0,1" hai="23,24,31,44,45,47,56,57,59,82,85,89,96,98" machi="82" ten="40,3900,0" yaku="1,1,8,1,53,0" doraHai="97" doraHaiUra="104" who="1" fromWho="0" sc="250,-39,220,49,240,0,280,0" /><INIT seed="1,1,0,4,4,124" ten="211,269,240,280" oya="1" hai0="103,102,134,12,122,28,45,23,109,119,52,18,107" hai1="30,94,113,59,62,10,2,68,20,14,57,65,41" hai2="58,42,128,117,93,6,67,126,95,106,4,47,66" hai3="130,75,96,100,56,32,89,104,0,55,79,7,108"/><U35/><E113/><V110/><F117/><W46/><G130/><T85/><D119/><U131/><E131/><V69/><F69/><W5/><G108/><T80/><D109/><U90/><E35/><V105/><F110/><W87/><G32/><T36/><D134/><U8/><E41/><V82/><F126/><W129/><G129/><T21/><D122/><U29/><E2/><V72/><F72/><W101/><G101/><T77/><D107/><U34/><E34/><V112/><F82/><W22/><G46/><T81/><D81/><U70/><E70/><V51/><F128/><W13/><G0/><T132/><D132/><U3/><E3/><V39/><F39/><W123/><G123/><T54/><D36/><U127/><E127/><V91/><F105/><W37/><G37/><T26/><REACH who="0" step="1"/><D54/><REACH who="0" ten="201,269,240,280" step="2"/><U11/><E68/><V92/><F106/><W15/><G55/><T111/><D111/><U98/><E59/><V31/><F58/><W50/><G56/><T86/><D86/><U16/><AGARI ba="1,1" hai="8,10,11,14,16,20,29,30,57,62,65,90,94,98" machi="16" ten="30,6000,0" yaku="0,1,8,1,54,1" doraHai="124" who="1" fromWho="1" sc="201,-21,269,73,240,-21,280,-21" /><INIT seed="1,2,0,1,5,52" ten="180,342,219,259" oya="1" hai0="76,4,72,108,121,49,74,50,14,68,89,13,84" hai1="119,33,44,97,12,96,69,103,128,27,15,31,81" hai2="70,80,57,65,117,105,43,93,23,51,135,20,92" hai3="124,127,53,45,25,32,112,10,91,99,35,40,87"/><U60/><E119/><V48/><F117/><W75/><G112/><T1/><D108/><U16/><E128/><V126/><F70/><W64/><G75/><T134/><D68/><U98/><E44/><N who="2" m="25631" /><F105/><W56/><G64/><T42/><D134/><U38/><E38/><V77/><F126/><N who="3" m="48171" /><G99/><T29/><D121/><U67/><E81/><V111/><F111/><W90/><G10/><T24/><D1/><U62/><E62/><N who="2" m="38095" /><F135/><W101/><G101/><T79/><D72/><U7/><E7/><V83/><F51/><N who="3" m="30783" /><G25/><T18/><D74/><U123/><E123/><V9/><F9/><W78/><G78/><T5/><D79/><U59/><E12/><V102/><F102/><W129/><G129/><T104/><D104/><N who="1" m="63591" /><E59/><V122/><F122/><W63/><G63/><T2/><D2/><U55/><E55/><V130/><F130/><W34/><G87/><T66/><D66/><U107/><E107/><V46/><F77/><W132/><G132/><T36/><D76/><U11/><AGARI ba="2,0" hai="11,15,16,27,31,33,60,67,69,97,98" m="63591" machi="11" ten="30,3000,0" yaku="25,1,54,1" doraHai="52" who="1" fromWho="1" sc="180,-12,342,36,219,-12,259,-12" /><INIT seed="1,3,0,5,4,32" ten="168,378,207,247" oya="1" hai0="72,114,122,44,57,116,45,11,74,125,9,10,1" hai1="25,4,81,94,5,129,50,59,97,56,3,51,21" hai2="8,87,49,12,127,86,131,91,60,30,26,90,33" hai3="40,64,67,62,24,100,43,92,89,119,120,107,68"/><U53/><E129/><V63/><F127/><W123/><G119/><T52/><D116/><U58/><E81/><V76/><F131/><W23/><G64/><T35/><D114/><U0/><E5/><V14/><F49/><W133/><G133/><T110/><D35/><U27/><E4/><V82/><F76/><W39/><G100/><T66/><D66/><U104/><E104/><V48/><F48/><W80/><G107/><T77/><D110/><U47/><E51/><V106/><F106/><W117/><G117/><T83/><D125/><U7/><E7/><V128/><F128/><W20/><G80/><T103/><D122/><U73/><E73/><V31/><F31/><W70/><G68/><T85/><D103/><U134/><E134/><V98/><F98/><W22/><G24/><T84/><D1/><U37/><E37/><V135/><F135/><W6/><G6/><T36/><D72/><U18/><REACH who="1" step="1"/><E27/><REACH who="1" ten="168,368,207,247" step="2"/><V46/><F26/><W38/><G38/><T105/><D105/><U96/><E96/><V93/><F82/><W112/><G112/><T61/><REACH who="0" step="1"/><D36/><REACH who="0" ten="158,368,207,247" step="2"/><U109/><E109/><V130/><F130/><W41/><REACH who="3" step="1"/><G39/><REACH who="3" ten="158,368,207,237" step="2"/><T118/><D118/><U124/><E124/><V17/><F12/><W126/><G126/><T71/><D71/><U108/><E108/><V88/><F14/><W28/><G28/><T78/><D78/><U19/><E19/><V99/><F30/><W102/><G102/><AGARI ba="3,3" hai="0,3,18,21,25,47,50,53,56,58,59,94,97,102" machi="102" ten="40,12000,1" yaku="1,1,52,2,53,1" doraHai="32" doraHaiUra="95" who="1" fromWho="3" sc="158,0,368,159,207,0,237,-129" /><INIT seed="1,4,0,3,1,6" ten="158,527,207,108" oya="1" hai0="91,22,73,109,63,83,58,56,70,24,26,95,8" hai1="33,93,29,17,87,113,61,99,134,88,80,118,57" hai2="19,130,127,53,3,39,85,35,81,79,103,115,84" hai3="46,100,135,108,124,16,12,55,52,78,102,14,92"/><U114/><E118/><V122/><F122/><W42/><G108/><T120/><D109/><U119/><E119/><V74/><F35/><W125/><G135/><T64/><D120/><U94/><E94/><V133/><F133/><W28/><G28/><T116/><D116/><U106/><E106/><V45/><F130/><W2/><G2/><T54/><D73/><U0/><E0/><V129/><F129/><W44/><G78/><T71/><D83/><U4/><E4/><V126/><F115/><W18/><G92/><T111/><D111/><U36/><E36/><V41/><F3/><W15/><G15/><T60/><D26/><U131/><E131/><V31/><F31/><W30/><G30/><T86/><REACH who="0" step="1"/><D8/><REACH who="0" ten="148,527,207,108" step="2"/><U97/><E114/><V67/><F74/><W1/><G1/><T51/><D51/><U72/><E113/><V132/><F81/><W5/><G5/><T21/><D21/><U107/><E134/><V50/><F132/><W104/><G104/><T75/><D75/><U47/><E107/><V112/><F112/><W82/><G82/><T11/><D11/><U37/><E72/><V98/><F50/><W59/><G59/><T68/><D68/><U117/><E57/><V105/><F105/><W23/><G23/><T90/><D90/><U27/><E117/><V123/><F123/><W25/><G25/><T96/><D96/><U13/><E80/><V62/><F98/><W9/><G9/><T77/><D77/><U110/><E110/><V76/><F79/><W69/><G69/><T49/><D49/><U66/><E97/><V38/><F76/><RYUUKYOKU ba="4,1" sc="148,15,527,-15,207,-15,108,15" hai0="22,24,54,56,58,60,63,64,70,71,86,91,95" hai3="12,14,16,18,42,44,46,52,55,100,102,124,125" /><INIT seed="2,5,1,2,2,47" ten="163,512,192,123" oya="2" hai0="70,122,50,62,40,21,98,51,81,100,128,38,14" hai1="16,18,52,6,124,32,33,48,93,56,132,69,123" hai2="4,29,130,59,1,91,63,46,54,2,55,23,60" hai3="119,97,84,44,108,129,22,30,86,3,113,77,12"/><V49/><F130/><W27/><G119/><T106/><D122/><U61/><E124/><V68/><F4/><W9/><G129/><T24/><D128/><U66/><E132/><V110/><F110/><W94/><G108/><T82/><D14/><U88/><E6/><V109/><F109/><W83/><G113/><T58/><D70/><U28/><E123/><V114/><F114/><W102/><G3/><T105/><D105/><U116/><E116/><V135/><F135/><W71/><G71/><T85/><D38/><U31/><E32/><V41/><F1/><W125/><G125/><T111/><D40/><U127/><E127/><V72/><F72/><W95/><G44/><T7/><D7/><U17/><REACH who="1" step="1"/><E33/><REACH who="1" ten="163,502,192,123" step="2"/><V26/><F2/><W96/><G86/><AGARI ba="5,2" hai="16,17,18,28,31,48,52,56,61,66,69,86,88,93" machi="86" ten="40,12000,2" yaku="1,1,2,1,52,1,54,3,53,0" doraHai="47" doraHaiUra="107" who="1" fromWho="3" sc="163,0,502,155,192,0,123,-135" owari="163,-23.7,657,75.7,192,-0.8,-12,-51.2" /></mjloggm>