<mjloggm ver="2.3"><GO type="225" lobby="0"/><UN n0="%E3%81%82%E3%81%99%E3%81%AB%E3%82%83%E3%82%80" n1="%E3%83%97%E3%83%AC%E3%83%B4%E3%82%A1%E3%83%86%E3%82%A3" n2="%6D%75%75%6D%75%72%61" n3="%E8%B6%85%E7%B4%9A%E9%B3%B3%E5%87%B0" dan="16,16,16,16" rate="2129.91,2130.75,2111.77,2128.69" sx="F,F,F,M"/><TAIKYOKU oya="0"/><INIT seed="0,0,0,1,0,61" ten="250,250,250,250" oya="0" hai0="88,117,8,129,97,45,52,46,130,90,62,22,9" hai1="75,68,30,50,21,41,66,127,25,120,91,64,96" hai2="48,116,80,121,125,102,73,107,44,112,85,36,126" hai3="124,74,26,0,60,5,38,12,32,106,87,100,114"/><T35/><D35/><U108/><E75/><V72/><F121/><W63/><G114/><T59/><D117/><U132/><E120/><V7/><F36/><W67/><G74/><T133/><D133/><U118/><E68/><V34/><F112/><W23/><G38/><T115/><D115/><U42/><E118/><V17/><F34/><W110/><G110/><T84/><D97/><U39/><E108/><V77/><F116/><W29/><G124/><N who="2" m="47721" /><F7/><W95/><G60/><T101/><D101/><U33/><E127/><V53/><F17/><W98/><G0/><T56/><D22/><U10/><E132/><V134/><F134/><W37/><G37/><T131/><D59/><U51/><E39/><V13/><F13/><W27/><G12/><T135/><D135/><U111/><E10/><N who="0" m="4201" /><D90/><U76/><E76/><V86/><F73/><W79/><G5/><T103/><D103/><U71/><E71/><V93/><F107/><W89/><G79/><T105/><D105/><U83/><E33/><V4/><F4/><W94/><G106/><T43/><D43/><N who="1" m="16395" /><E111/><V92/><F102/><W24/><REACH who="3" step="1"/><G32/><REACH who="3" ten="250,250,250,240" step="2"/><T128/><D129/><U69/><E69/><AGARI ba="0,1" hai="23,24,26,27,29,63,67,69,87,89,94,95,98,100" machi="69" ten="30,7700,0" yaku="1,1,2,1,7,1,52,1,53,0" doraHai="61" doraHaiUra="15" who="3" fromWho="1" sc="250,0,250,-77,250,0,240,87" /><INIT seed="1,0,0,3,3,68" ten="250,173,250,327" oya="1" hai0="5,59,24,0,124,94,76,62,57,82,107,47,129" hai1="113,97,83,32,77,25,27,104,34,121,67,117,72" hai2="93,56,112,40,86,4,55,88,66,1,95,35,119" hai3="52,105,63,114,91,58,31,38,15,26,53,61,69"/><U37/><E113/><V85/><F119/><W22/><G105/><T43/><D107/><U80/><E117/><V75/><F75/><W111/><G114/><T16/><D129/><U60/><E121/><V122/><F122/><W65/><G111/><T133/><D133/><U125/><E80/><V51/><F112/><W118/><G118/><T84/><D94/><U70/><E125/><V128/><F128/><W87/><G15/><T10/><D57/><U39/><E27/><V41/><F35/><N who="1" m="13353" /><E25/><V102/><F66/><W71/><G71/><T13/><D24/><U103/><AGARI ba="0,0" hai="37,39,60,67,70,72,77,83,97,103,104" m="13353" machi="103" ten="30,11700,0" yaku="33,2,52,2" doraHai="68" who="1" fromWho="1" sc="250,-39,173,117,250,-39,327,-39" /><INIT seed="1,1,0,1,5,106" ten="211,290,211,288" oya="1" hai0="131,113,128,33,12,116,126,84,107,132,54,6,92" hai1="22,26,60,49,40,64,130,38,4,28,102,121,59" hai2="109,70,39,48,75,20,27,34,76,51,66,16,95" hai3="65,68,44,63,18,83,87,24,50,91,17,55,111"/><U78/><E121/><V133/><F39/><W21/><REACH who="3" step="1"/><G111/><REACH who="3" ten="211,290,211,278" step="2"/><T80/><D128/><U104/><E130/><V74/><F109/><W124/><G124/><T9/><D126/><U120/><E120/><V96/><F133/><W94/><G94/><T14/><D92/><U122/><E122/><V115/><F115/><W5/><G5/><T8/><D113/><U125/><E125/><V114/><F114/><W73/><G73/><T15/><D132/><U3/><E38/><V11/><F75/><W35/><G35/><T89/><D33/><U81/><E4/><V67/><F34/><W56/><G56/><T99/><D131/><U72/><E3/><V42/><F74/><W46/><G46/><T103/><D116/><U112/><E112/><V10/><F95/><W57/><G57/><T135/><D135/><U119/><E119/><V97/><F70/><W19/><AGARI ba="1,1" hai="17,18,19,21,24,44,50,55,63,65,68,83,87,91" machi="19" ten="20,8000,1" yaku="21,2,0,1,7,1,53,1" doraHai="106" doraHaiUra="62" who="3" fromWho="3" sc="211,-21,290,-41,211,-21,278,93" /><INIT seed="2,0,0,4,0,55" ten="190,249,190,371" oya="2" hai0="82,85,45,106,117,19,127,59,101,83,90,65,25" hai1="50,21,91,57,123,78,14,115,89,86,63,48,12" hai2="116,13,124,79,73,72,128,110,29,122,51,28,61" hai3="119,81,69,27,113,121,11,66,98,1,41,107,132"/><V35/><F116/><W109/><G119/><T112/><D112/><U135/><E115/><V129/><F122/><W56/><G113/><T125/><D117/><U120/><E135/><V18/><F35/><W24/><G121/><N who="1" m="46666" /><E78/><V37/><F37/><W71/><G132/><T74/><D45/><U31/><E91/><V49/><F124/><N who="0" m="47690" /><D25/><N who="1" m="16815" /><E12/><V58/><F110/><W39/><G109/><T104/><D19/><U76/><E14/><V100/><F100/><W134/><G134/><T33/><D33/><U131/><E76/><V42/><F29/><W99/><G81/><T70/><D70/><U75/><E75/><V43/><F28/><W80/><G80/><T47/><D47/><U40/><E40/><N who="2" m="15403" /><F79/><W103/><G41/><T32/><D32/><U84/><E131/><N who="2" m="50251" /><F73/><W6/><G39/><T94/><D74/><U2/><E2/><V0/><F0/><W95/><G1/><T20/><D101/><U111/><E111/><V15/><F72/><W105/><G103/><T102/><D102/><U97/><E97/><V108/><F108/><W4/><G107/><T54/><D104/><U126/><E126/><V22/><F15/><W64/><G105/><T46/><D106/><U77/><E77/><V26/><F13/><W96/><G96/><T118/><D118/><U16/><E16/><V34/><F34/><W60/><G98/><T38/><D38/><U62/><E86/><V133/><F133/><W92/><G99/><T68/><D20/><U52/><E84/><V7/><F7/><W8/><G4/><T67/><D85/><U93/><E89/><V88/><F88/><RYUUKYOKU ba="0,0" sc="190,-10,249,-10,190,30,371,-10" hai2="18,22,26,49,51,58,61" /><INIT seed="2,1,0,1,5,44" ten="180,239,220,361" oya="2" hai0="49,107,77,121,133,52,45,19,58,132,110,56,91" hai1="95,61,116,54,12,135,50,55,6,102,48,125,131" hai2="72,80,26,109,20,68,64,94,65,123,5,36,84" hai3="92,86,2,31,117,85,113,82,42,70,115,7,87"/><V103/><F123/><W3/><G117/><T100/><D110/><U118/><E125/><V34/><F36/><W38/><G70/><T79/><D121/><U89/><E131/><V46/><F34/><W1/><G31/><T74/><D91/><U13/><E135/><N who="0" m="51785" /><D19/><U124/><E124/><V112/><F72/><W8/><G92/><T0/><D0/><U119/><E102/><V33/><F33/><W57/><G57/><N who="0" m="22123" /><D74/><U21/><E61/><V41/><F68/><W25/><G25/><T75/><D75/><U37/><E37/><V24/><F5/><W97/><G97/><AGARI ba="1,0" hai="45,49,52,77,79,97,100,107" m="22123,51785" machi="97" ten="30,3900,0" yaku="20,1,52,1,54,1" doraHai="44" who="0" fromWho="3" sc="180,42,239,0,220,0,361,-42" /><INIT seed="3,0,0,0,2,15" ten="222,239,220,319" oya="3" hai0="81,91,76,20,39,96,131,22,24,93,85,1,79" hai1="29,60,10,58,119,14,68,129,113,16,89,38,0" hai2="87,53,121,124,30,45,7,47,77,19,111,48,63" hai3="52,54,105,21,18,27,120,8,108,72,115,23,57"/><W49/><G115/><T102/><D39/><U95/><E113/><V127/><F111/><W122/><G72/><T11/><D131/><U70/><E38/><V128/><F128/><W110/><G105/><T75/><D76/><U13/><E129/><V12/><F121/><W135/><G135/><T51/><D51/><U80/><E0/><V66/><F45/><W56/><G8/><T28/><D11/><U32/><E119/><V62/><F7/><W99/><G99/><T101/><D1/><U116/><E116/><V40/><F30/><W126/><G126/><N who="2" m="48169" /><F66/><W107/><G107/><N who="0" m="63911" /><D102/><U64/><E80/><N who="2" m="47503" /><F40/><W33/><G33/><AGARI ba="0,0" hai="20,22,24,28,33,75,79,81,85,91,93" m="63911" machi="33" ten="30,1000,0" yaku="24,1" doraHai="15" who="0" fromWho="3" sc="222,10,239,0,220,0,319,-10" owari="232,-16.8,239,3.9,220,-28.0,309,40.9" /></mjloggm>