<mjloggm ver="2.3"><GO type="225" lobby="0"/><UN n0="%E5%BA%97%E9%95%B7%4D" n1="%E3%82%BC%E3%83%AB%E3%83%80%E3%81%AE%E4%BC%9D%E8%AA%AC" n2="%E3%81%BF%E3%81%BF%E3%81%9A" n3="%E5%B8%86%E7%AB%8B%E5%A4%8F%E8%A1%A3" dan="16,18,18,16" rate="2109.95,2239.32,2231.85,2191.79" sx="M,M,M,M"/><TAIKYOKU oya="0"/><INIT seed="0,0,0,5,3,74" ten="250,250,250,250" oya="0" hai0="90,7,36,115,59,66,76,71,3,128,132,48,83" hai1="124,126,125,93,67,135,15,24,122,57,21,6,86" hai2="63,39,84,94,72,79,2,64,32,29,134,20,123" hai3="43,101,4,97,109,18,51,78,42,8,35,131,88"/><T127/><D115/><U73/><E73/><V17/><F123/><W0/><G109/><T37/><D127/><U25/><E122/><V105/><F105/><W19/><G131/><T107/><D107/><U87/><E135/><V50/><F39/><W99/><G35/><T33/><D33/><U85/><E93/><V41/><F2/><W77/><G19/><T96/><D128/><U11/><REACH who="1" step="1"/><E21/><REACH who="1" ten="250,240,250,250" step="2"/><V129/><F72/><W23/><G99/><T56/><D132/><U98/><E98/><V117/><F32/><W91/><G97/><T70/><D96/><U45/><E45/><V113/><F134/><W28/><G101/><T14/><D71/><U46/><E46/><V60/><F94/><W12/><G28/><T5/><D70/><U40/><E40/><N who="3" m="15402" /><G0/><T34/><D34/><U112/><E112/><V55/><F41/><W95/><G95/><T65/><D37/><U44/><E44/><N who="2" m="28103" /><F29/><W110/><G110/><T106/><D36/><U54/><E54/><V10/><F129/><W52/><G23/><T120/><D106/><U31/><E31/><V100/><F113/><W49/><G18/><T38/><D38/><U130/><E130/><V102/><F20/><W9/><G9/><N who="0" m="2239" /><D120/><U92/><E92/><V62/><F102/><W27/><G27/><T80/><D59/><U1/><E1/><V116/><F100/><W111/><G111/><T30/><D30/><U47/><E47/><V103/><F103/><W69/><G69/><T121/><D121/><U61/><AGARI ba="0,1" hai="6,11,15,24,25,57,61,67,85,86,87,124,125,126" machi="61" ten="40,5200,0" yaku="1,1,0,1,18,1,53,0" doraHai="74" doraHaiUra="16" who="1" fromWho="1" sc="250,-26,240,62,250,-13,250,-13" /><INIT seed="1,0,0,3,4,45" ten="224,302,237,237" oya="1" hai0="35,56,2,26,19,82,119,28,105,23,46,99,85" hai1="34,84,8,76,40,78,114,89,98,33,133,53,108" hai2="102,127,18,86,126,93,4,96,92,25,49,62,88" hai3="109,83,132,43,21,59,47,100,107,50,63,69,131"/><U39/><E114/><V81/><F4/><W31/><G109/><T128/><D119/><U123/><E123/><V103/><F62/><W10/><G132/><T117/><D117/><U29/><E133/><V75/><F18/><W87/><G131/><T79/><D2/><U54/><E108/><V73/><F25/><N who="3" m="16815" /><G107/><T32/><D128/><U16/><E39/><V14/><F14/><W36/><G36/><T42/><D56/><U61/><E40/><V104/><F49/><N who="3" m="26879" /><G69/><T3/><D3/><U124/><E34/><V55/><F55/><N who="3" m="32247" /><G100/><T91/><D105/><U13/><E33/><V120/><F120/><W94/><G63/><T67/><D67/><U1/><E1/><V6/><F6/><W71/><G71/><T90/><D99/><U134/><E98/><N who="2" m="59719" /><F73/><W125/><G125/><N who="2" m="47625" /><F75/><W12/><G94/><AGARI ba="0,0" hai="81,86,88,93,94,96,103,104" m="47625,59719" machi="94" ten="30,7700,0" yaku="18,1,34,2,54,1" doraHai="45" who="2" fromWho="3" sc="224,0,302,0,237,77,237,-77" /><INIT seed="2,0,0,5,5,81" ten="224,302,314,160" oya="2" hai0="115,105,7,33,10,23,43,87,52,91,65,27,77" hai1="48,59,44,18,102,67,95,45,71,51,128,34,12" hai2="60,36,126,110,55,131,76,118,4,104,32,108,129" hai3="24,17,117,130,132,8,80,109,112,28,46,85,119"/><V22/><F32/><W75/><G75/><T116/><D115/><U122/><E34/><V70/><F118/><W49/><G109/><N who="2" m="42089" /><F104/><W66/><G130/><N who="2" m="49673" /><F76/><W41/><G132/><T54/><D105/><U96/><E71/><V79/><F79/><W82/><G112/><T94/><D33/><U39/><E39/><V127/><F4/><W20/><G66/><T101/><D101/><U111/><E122/><V26/><F36/><W64/><G64/><T47/><D65/><U30/><E30/><N who="2" m="17751" /><F70/><W124/><G124/><N who="2" m="47657" /><F55/><W100/><G100/><T99/><D99/><U121/><E111/><V16/><F60/><W25/><G82/><T6/><D77/><U61/><E128/><V1/><F16/><W9/><G119/><T57/><D54/><U90/><E102/><V50/><F50/><N who="1" m="18985" /><E121/><V83/><F83/><W103/><G103/><T38/><D116/><U74/><E74/><V97/><F97/><W21/><REACH who="3" step="1"/><G117/><REACH who="3" ten="224,302,314,150" step="2"/><T56/><D56/><U113/><E113/><V58/><F1/><W73/><G73/><T14/><D57/><AGARI ba="0,1" hai="57,58" m="47657,17751,49673,42089" machi="57" ten="40,12000,1" yaku="14,1,10,1,19,1,18,1" doraHai="81" who="2" fromWho="0" sc="224,-120,302,0,314,130,150,0" /><INIT seed="2,1,0,0,1,51" ten="104,302,444,150" oya="2" hai0="114,73,9,107,94,40,131,78,89,102,129,97,45" hai1="23,66,79,0,37,55,48,58,33,15,122,81,64" hai2="76,32,25,46,31,112,116,92,26,77,108,71,123" hai3="109,74,14,4,57,38,11,56,16,21,18,87,117"/><V113/><F116/><W43/><G74/><T22/><D22/><U75/><E33/><V98/><F123/><W72/><G72/><T118/><D114/><U41/><E122/><V35/><F71/><W10/><G109/><T134/><D118/><U125/><E125/><V101/><F108/><W29/><G29/><T47/><D134/><U126/><E126/><V65/><F65/><W28/><G28/><T30/><D30/><U69/><E69/><V135/><F35/><W39/><G117/><T50/><D9/><U103/><E103/><V120/><F120/><W90/><G43/><T121/><D121/><U8/><E23/><V95/><F25/><W85/><G85/><T63/><D63/><U52/><E55/><V6/><F135/><W119/><G39/><T5/><D5/><N who="1" m="1063" /><E15/><V84/><F6/><W70/><G38/><T128/><D47/><AGARI ba="1,0" hai="37,41,47,48,52,58,64,66,75,79,81" m="1063" machi="47" ten="30,3900,0" yaku="25,1,52,1,54,1" doraHai="51" who="1" fromWho="0" sc="104,-42,302,42,444,0,150,0" /><INIT seed="3,0,0,4,1,50" ten="62,344,444,150" oya="3" hai0="25,88,81,46,23,121,110,12,32,59,38,108,104" hai1="51,3,17,78,75,96,86,89,42,83,116,33,115" hai2="14,24,99,90,95,39,22,66,80,71,119,118,126" hai3="125,21,29,43,82,97,102,72,55,2,36,93,103"/><W8/><G125/><T15/><D121/><U58/><E115/><V87/><F39/><W45/><G29/><T76/><D104/><U56/><E3/><V67/><F126/><W106/><G21/><T124/><D124/><U11/><E33/><V19/><F71/><W68/><G68/><T27/><D32/><U79/><E116/><V70/><F70/><W18/><G18/><T131/><D131/><U130/><E130/><V132/><F132/><W111/><G111/><T6/><D6/><U20/><E11/><N who="2" m="6623" /><F119/><W114/><G114/><T61/><D46/><U120/><E120/><V40/><F40/><W16/><G16/><N who="0" m="12519" /><D38/><U91/><E75/><V52/><F52/><W100/><G106/><T113/><D27/><U85/><E96/><V135/><F135/><W92/><G97/><T57/><D113/><U73/><E73/><V44/><F44/><W62/><G2/><T112/><D76/><U105/><E105/><V77/><F118/><W63/><G72/><T101/><D101/><U34/><E34/><V47/><F47/><W9/><G103/><T31/><D31/><AGARI ba="0,0" hai="22,24,31,66,67,77,80,87,90,95,99" m="6623" machi="31" ten="30,1000,0" yaku="8,1" doraHai="50" who="2" fromWho="0" sc="62,-10,344,0,444,10,150,0" owari="52,-44.8,344,14.4,454,55.4,150,-25.0" /></mjloggm>