<mjloggm ver="2.3"><GO type="225" lobby="0"/><UN n0="%45%6C%79%73%69%75%6D" n1="%73%6C%69%63%6B%33%31%39" n2="%72%69%6F%75%63%68%61%6E" n3="%E3%83%AD%E3%83%83%E3%83%86%E9%9B%80%E7%90%83" dan="17,16,17,17" rate="2117.19,2199.14,2280.47,2260.90" sx="F,M,M,M"/><TAIKYOKU oya="0"/><INIT seed="0,0,0,4,0,107" ten="250,250,250,250" oya="0" hai0="127,110,8,44,108,112,124,71,118,63,78,32,120" hai1="48,70,49,5,123,1,3,92,36,98,128,86,17" hai2="46,132,88,14,43,54,69,53,47,60,89,52,29" hai3="100,114,113,80,12,58,122,121,28,22,115,75,50"/><T42/><D32/><U119/><E36/><V126/><F126/><N who="0" m="48170" /><D8/><U94/><E70/><V31/><F132/><W77/><G100/><T72/><D78/><U64/><E64/><V25/><F14/><W65/><G12/><T83/><D83/><U41/><E119/><V55/><N who="2" m="13312" /><DORA hai="40" /><V45/><F43/><W21/><G50/><N who="0" m="26903" /><D72/><U15/><E41/><V37/><F37/><W96/><G96/><T91/><D91/><N who="2" m="34890" /><F69/><W133/><G133/><T104/><D104/><U105/><E105/><V117/><F117/><W16/><G114/><T129/><D118/><U79/><E79/><V10/><F60/><W56/><G77/><T33/><D33/><U59/><E3/><V134/><F134/><W9/><G75/><T24/><D24/><U106/><E1/><V76/><F76/><W30/><G9/><T38/><D38/><U2/><E2/><V26/><F10/><W20/><G20/><T109/><D112/><U84/><E15/><V82/><F82/><W13/><G80/><T23/><D23/><U35/><E35/><V81/><F81/><W18/><G13/><T85/><D85/><U51/><E86/><V11/><F11/><W131/><G115/><T34/><D34/><U27/><E84/><V73/><F73/><W97/><G113/><T125/><D125/><U74/><E74/><V6/><F6/><W66/><G97/><T135/><D135/><U95/><E5/><V62/><F62/><W19/><G19/><T90/><D63/><U87/><E87/><V116/><F116/><W0/><G0/><T67/><D71/><U99/><E17/><RYUUKYOKU ba="0,0" sc="250,-15,250,-15,250,15,250,15" hai2="25,26,29,31,45,46,47" hai3="16,18,21,22,28,30,56,58,65,66,121,122,131" /><INIT seed="1,1,0,2,3,2" ten="235,235,265,265" oya="1" hai0="35,53,121,129,46,85,38,55,108,10,103,18,102" hai1="132,101,21,127,15,17,89,94,33,16,119,14,52" hai2="133,106,1,81,131,25,105,126,26,73,100,4,39" hai3="23,64,70,42,29,97,84,74,59,50,66,7,87"/><U40/><E119/><V12/><F1/><W90/><G74/><T104/><D35/><U48/><E33/><V68/><F68/><W47/><G70/><T20/><D108/><U75/><E75/><V95/><F39/><W82/><G97/><T88/><D129/><U111/><E111/><V71/><F71/><W86/><G7/><T13/><D104/><U110/><E110/><V107/><F131/><W99/><G99/><T134/><D134/><U5/><E132/><V77/><F133/><W34/><G34/><T0/><D121/><U19/><E127/><V91/><F100/><N who="0" m="38442" /><D38/><U130/><E130/><V11/><REACH who="2" step="1"/><F126/><REACH who="2" ten="235,235,255,265" step="2"/><W61/><REACH who="3" step="1"/><G66/><REACH who="3" ten="235,235,255,255" step="2"/><T113/><D0/><U72/><E101/><V28/><F28/><W79/><G79/><T109/><D109/><U115/><E115/><V58/><F58/><W125/><G125/><T63/><D113/><U9/><E72/><V27/><F27/><AGARI ba="1,2" hai="23,27,29,42,47,50,59,61,64,82,84,86,87,90" machi="27" ten="40,2600,0" yaku="1,1,8,1,53,0" doraHai="2" doraHaiUra="98" who="3" fromWho="2" sc="235,0,235,0,255,-29,255,49" /><INIT seed="2,0,0,0,3,60" ten="235,235,226,304" oya="2" hai0="112,87,123,68,24,76,119,25,49,71,57,70,45" hai1="135,117,22,53,114,48,37,28,84,13,113,61,98" hai2="78,12,41,73,130,35,82,115,91,51,0,34,96" hai3="1,95,11,99,132,100,10,43,36,3,103,88,129"/><V124/><F115/><W54/><G129/><T104/><D112/><U42/><E117/><V126/><F130/><W69/><G69/><T97/><D123/><U128/><E128/><V131/><F131/><W4/><G132/><T66/><D119/><U17/><E135/><V59/><F0/><W50/><G43/><T102/><D87/><U134/><E134/><V56/><F12/><W38/><G38/><T14/><D76/><U79/><E28/><V121/><F121/><W94/><G36/><T111/><D14/><U90/><E79/><V32/><F41/><W27/><G27/><T101/><D101/><U8/><E98/><V19/><F19/><W29/><G29/><T107/><D107/><U26/><E42/><V89/><F51/><W23/><G23/><T85/><D85/><U74/><E74/><V86/><F96/><W7/><G95/><T30/><D111/><U39/><E37/><V108/><F108/><W55/><G55/><N who="0" m="31983" /><D45/><AGARI ba="0,0" hai="1,3,4,7,10,11,45,50,54,88,94,99,100,103" machi="45" ten="30,3900,0" yaku="7,1,9,1,54,1" doraHai="60" who="3" fromWho="0" sc="235,-39,235,0,226,0,304,39" /><INIT seed="3,0,0,5,0,35" ten="196,235,226,343" oya="3" hai0="69,26,126,87,40,53,113,8,128,27,91,63,103" hai1="47,11,116,66,102,52,135,62,114,111,45,107,38" hai2="96,33,121,21,106,110,72,61,59,90,22,71,74" hai3="10,65,123,97,43,67,122,18,4,86,6,29,70"/><W77/><G18/><T68/><D128/><U30/><E114/><V80/><F33/><W9/><G43/><T124/><D113/><U78/><E111/><V3/><F3/><W131/><G86/><T99/><D40/><U117/><E135/><V19/><F110/><W0/><G97/><T105/><D27/><U34/><E78/><V55/><F121/><W5/><G5/><T79/><D79/><U83/><E83/><V130/><F130/><W98/><G98/><T2/><D26/><N who="1" m="18775" /><E11/><V93/><F106/><W115/><G10/><T92/><D53/><U1/><E1/><V81/><F71/><W64/><G70/><T118/><D118/><N who="1" m="45675" /><E52/><V112/><F112/><W108/><G9/><T58/><D58/><N who="1" m="37207" /><E38/><V57/><F57/><W41/><G41/><T82/><D82/><N who="2" m="31850" /><F22/><W28/><G65/><T39/><D39/><U24/><E24/><AGARI ba="0,0" hai="19,21,24,55,59,61,72,74,90,93,96" m="31850" machi="24" ten="30,1000,0" yaku="25,1" doraHai="35" who="2" fromWho="1" sc="196,0,235,-10,226,10,343,0" owari="196,-30.4,225,-17.5,236,3.6,343,44.3" /></mjloggm>