<mjloggm ver="2.3"><GO type="225" lobby="0"/><UN n0="%E6%9D%B1%E9%A2%A8%E3%81%AE%E3%81%8D%E3%82%83%E3%81%B7%E3%81%95%E3%82%93" n1="%E3%81%B5%E3%81%98%E3%81%8B%E3%81%A4" n2="%E3%81%A0%E3%81%8A" n3="%54%4F%52" dan="16,16,16,17" rate="2155.19,2101.92,2028.36,2258.04" sx="M,M,M,M"/><TAIKYOKU oya="0"/><INIT seed="0,0,0,3,5,120" ten="250,250,250,250" oya="0" hai0="78,115,83,116,25,4,123,66,28,2,71,47,11" hai1="92,131,132,61,1,52,48,103,117,55,21,65,95" hai2="6,42,51,3,59,54,121,87,41,37,76,63,96" hai3="79,127,80,86,101,119,107,9,94,23,45,77,124"/><T126/><D123/><U33/><E117/><V134/><F121/><W39/><G119/><T27/><D116/><U72/><E33/><V50/><F134/><W69/><G69/><T108/><D115/><U67/><E1/><V49/><F96/><N who="3" m="61863" /><G23/><T46/><D126/><N who="3" m="48169" /><G9/><T35/><D27/><U10/><E72/><V130/><F130/><W62/><G62/><T122/><D122/><U70/><E132/><V114/><F114/><W128/><G128/><T73/><D66/><U104/><E67/><V112/><F37/><W82/><G45/><T75/><D71/><U97/><E131/><V12/><F3/><W91/><G39/><T19/><D75/><U89/><E10/><N who="2" m="4183" /><F112/><W60/><G60/><T99/><D99/><U36/><E36/><V74/><F74/><N who="3" m="43063" /><G79/><T43/><D19/><U22/><E55/><V26/><F26/><W125/><N who="3" m="48177" /><W106/><DORA hai="13" /><G106/><T93/><D93/><AGARI ba="0,0" hai="82,86,91,93,94" m="43063,48177,61863" machi="93" ten="40,5200,0" yaku="18,1,34,2" doraHai="120,13" who="3" fromWho="0" sc="250,-52,250,0,250,0,250,52" /><INIT seed="1,0,0,5,1,77" ten="198,250,250,302" oya="1" hai0="98,52,119,38,41,11,74,48,66,57,50,0,35" hai1="42,63,100,20,122,30,114,123,49,26,82,103,83" hai2="51,54,9,71,6,126,113,86,92,19,37,101,128" hai3="90,87,46,85,25,40,39,34,67,79,91,75,81"/><U99/><E114/><V94/><F37/><W64/><G34/><T96/><D119/><U135/><E135/><V110/><F71/><W89/><REACH who="3" step="1"/><G25/><REACH who="3" ten="198,250,250,292" step="2"/><T115/><D35/><U47/><E123/><V107/><F113/><W12/><G12/><T104/><D115/><U121/><E121/><V65/><F126/><W28/><G28/><T15/><D0/><U133/><E133/><V17/><F110/><W5/><G5/><T8/><D74/><U68/><E122/><V21/><F6/><W27/><G27/><T60/><D8/><U56/><E68/><V31/><F9/><W72/><G72/><T2/><D2/><U16/><E30/><V80/><F31/><W125/><G125/><T70/><D104/><U61/><E61/><V45/><F107/><W108/><G108/><T105/><D105/><U10/><E10/><V131/><F17/><W7/><G7/><T106/><D106/><U129/><E129/><V14/><F19/><W124/><G124/><T116/><D116/><U62/><E62/><V43/><F131/><W117/><G117/><T130/><D130/><U22/><E22/><V93/><F21/><W4/><G4/><N who="0" m="3559" /><D48/><U78/><E49/><V36/><F128/><W84/><AGARI ba="0,1" hai="39,40,46,64,67,75,79,81,84,85,87,89,90,91" machi="84" ten="30,4000,0" yaku="1,1,0,1,52,1,53,0" doraHai="77" doraHaiUra="118" who="3" fromWho="3" sc="198,-10,250,-20,250,-10,292,50" /><INIT seed="2,0,0,3,3,132" ten="188,230,240,342" oya="2" hai0="119,17,125,54,11,5,50,41,131,73,113,64,13" hai1="93,106,14,103,9,114,83,44,80,97,96,24,101" hai2="81,52,117,74,32,110,78,109,21,120,116,88,26" hai3="61,77,122,79,36,0,98,111,47,37,58,124,130"/><V100/><F120/><W57/><G122/><T18/><D73/><U63/><E114/><V127/><F127/><W69/><G0/><T91/><D113/><U22/><E44/><V84/><F32/><W10/><G124/><T123/><D123/><U4/><REACH who="1" step="1"/><E63/><REACH who="1" ten="188,220,240,342" step="2"/><V55/><F100/><W15/><G47/><T118/><D125/><U42/><E42/><V87/><F116/><N who="0" m="44586" /><D41/><U51/><E51/><V95/><F117/><W16/><G61/><T68/><D131/><U1/><E1/><V46/><F46/><W3/><G3/><T12/><D68/><U23/><E23/><V43/><F43/><W72/><G69/><T2/><D64/><U35/><E35/><V108/><REACH who="2" step="1"/><F74/><REACH who="2" ten="188,220,230,342" step="2"/><W59/><G72/><T133/><D133/><U62/><E62/><V30/><AGARI ba="0,2" hai="21,26,30,52,55,78,81,84,87,88,95,108,109,110" machi="30" ten="30,18000,2" yaku="1,1,2,1,0,1,14,1,10,1,54,2,53,0" doraHai="132" doraHaiUra="135" who="2" fromWho="2" sc="188,-60,220,-60,230,200,342,-60" /><INIT seed="2,1,0,1,5,53" ten="128,160,430,282" oya="2" hai0="17,15,31,114,51,129,103,41,38,71,2,43,115" hai1="74,25,123,101,95,80,1,81,93,29,106,62,100" hai2="22,50,133,63,116,118,56,5,58,122,3,104,26" hai3="13,18,96,10,88,12,87,125,23,60,11,91,20"/><V45/><F122/><W37/><G37/><T120/><D71/><U36/><E1/><V121/><F104/><W34/><G34/><T16/><D120/><U69/><E36/><V90/><F121/><W59/><G125/><T54/><D38/><U49/><E49/><V61/><F133/><W117/><G96/><T102/><D2/><U111/><E111/><V82/><F5/><W119/><G119/><T52/><D31/><U55/><E74/><V75/><F3/><W9/><G117/><T72/><D51/><U35/><E123/><V92/><F75/><W84/><G84/><T4/><D72/><U128/><E95/><V127/><F82/><W97/><G97/><T94/><D94/><U79/><E128/><V86/><F127/><W108/><G108/><T28/><D28/><U19/><E19/><V89/><F89/><N who="3" m="34379" /><G87/><T64/><D15/><N who="3" m="5705" /><G18/><T32/><D4/><U65/><E93/><V113/><F118/><W83/><G83/><T42/><D32/><U78/><E80/><V76/><F116/><W132/><G132/><T77/><D42/><U68/><E68/><V70/><F70/><W134/><G134/><T8/><D8/><U24/><E81/><V44/><F86/><W30/><G30/><T33/><D33/><N who="1" m="20647" /><E101/><V73/><F73/><W124/><G124/><T130/><REACH who="0" step="1"/><D64/><AGARI ba="1,0" hai="9,10,11,20,23,59,60,64" m="5705,34379" machi="64" ten="30,3900,0" yaku="8,1,52,1,54,1" doraHai="53" who="3" fromWho="0" sc="128,-42,160,0,430,0,282,42" /><INIT seed="3,0,0,1,0,48" ten="86,160,430,324" oya="3" hai0="57,59,35,28,50,1,13,109,49,131,3,105,113" hai1="69,100,27,125,20,4,82,11,63,30,130,123,65" hai2="127,87,29,85,15,72,102,92,129,133,132,134,74" hai3="38,110,41,10,8,21,40,73,95,60,26,71,23"/><W58/><G71/><T128/><D105/><U75/><E123/><V121/><F127/><W86/><G73/><N who="2" m="28265" /><F129/><N who="0" m="49738" /><D13/><U31/><E125/><V52/><F121/><W97/><G110/><T96/><D96/><U19/><E100/><V124/><F124/><W94/><G86/><N who="2" m="32777" /><F29/><W101/><G94/><T18/><D18/><U45/><E130/><V118/><F118/><W54/><G21/><T80/><D80/><U2/><E45/><V117/><F117/><W77/><G77/><T66/><D66/><U44/><E44/><V70/><F70/><W122/><G122/><T93/><D93/><U22/><E22/><V98/><F15/><W68/><G68/><T36/><D36/><U43/><E43/><N who="3" m="16458" /><G38/><T83/><D83/><U116/><E116/><V91/><F52/><W78/><G78/><T62/><D109/><U76/><AGARI ba="0,0" hai="2,4,11,19,20,27,30,31,63,65,69,75,76,82" machi="76" ten="30,1100,0" yaku="0,1" doraHai="48" who="1" fromWho="1" sc="86,-3,160,11,430,-3,324,-5" owari="83,-41.7,171,-22.9,427,52.7,319,11.9" /></mjloggm>