<mjloggm ver="2.3"><GO type="225" lobby="0"/><UN n0="%E6%81%A5%E6%99%92%E3%81%97" n1="%E3%82%B2%E3%82%B9%E8%8C%82%E5%8B%9D" n2="%E3%83%89%E3%83%A9%E3%81%8F%E3%82%8C" n3="%E3%82%BC%E3%83%AB%E3%83%80%E3%81%AE%E4%BC%9D%E8%AA%AC" dan="16,16,17,18" rate="2134.20,2081.59,2298.44,2242.25" sx="M,F,M,M"/><TAIKYOKU oya="0"/><INIT seed="0,0,0,3,1,120" ten="250,250,250,250" oya="0" hai0="115,125,78,52,99,69,90,39,44,77,23,87,135" hai1="96,14,123,124,34,116,63,102,41,13,4,54,48" hai2="32,51,98,16,25,111,27,0,65,92,1,9,24" hai3="127,33,70,36,73,20,11,76,79,72,6,64,117"/><T93/><D115/><U55/><E123/><V81/><F111/><W29/><G117/><T3/><D3/><U132/><E116/><V49/><F32/><W42/><G20/><T114/><D114/><U109/><E34/><V113/><F113/><W15/><G127/><T38/><D125/><U74/><E124/><V104/><F104/><W108/><G79/><N who="0" m="30219" /><D39/><U40/><E74/><V133/><F133/><W130/><G130/><T31/><D38/><U100/><E63/><V66/><F81/><N who="3" m="45191" /><G15/><T80/><D69/><U8/><E132/><V37/><F37/><W126/><G73/><T58/><D44/><U47/><E55/><V129/><F129/><W59/><G59/><T19/><D31/><U12/><E102/><V131/><F131/><W84/><G84/><T43/><D43/><U21/><E21/><V128/><F0/><N who="3" m="455" /><G126/><T107/><D107/><U95/><REACH who="1" step="1"/><E109/><REACH who="1" ten="250,240,250,250" step="2"/><V26/><F128/><W101/><G101/><N who="0" m="60655" /><D135/><U53/><E53/><V5/><F66/><W71/><G64/><T30/><D30/><U110/><E110/><V91/><F65/><W22/><G22/><T56/><D52/><U112/><E112/><V28/><F28/><W17/><G108/><T68/><D68/><U94/><E94/><V60/><F60/><W134/><G134/><T118/><D118/><U50/><E50/><V88/><F51/><W18/><G71/><T2/><D2/><AGARI ba="0,1" hai="2,4,8,12,13,14,40,41,47,48,54,95,96,100" machi="2" ten="40,1300,0" yaku="1,1,53,0" doraHai="120" doraHaiUra="82" who="1" fromWho="0" sc="250,-13,240,23,250,0,250,0" /><INIT seed="1,0,0,1,4,7" ten="237,263,250,250" oya="1" hai0="68,87,119,51,21,110,67,27,10,8,91,28,26" hai1="117,3,83,127,54,42,128,62,11,108,135,52,77" hai2="74,32,120,59,100,19,45,82,90,103,124,34,61" hai3="56,41,46,50,133,92,134,118,33,88,57,70,16"/><U93/><E117/><V58/><F120/><W104/><G104/><T130/><D119/><U60/><E127/><V43/><F124/><W101/><G101/><T66/><D110/><U98/><E128/><V109/><F109/><W106/><G106/><T115/><D115/><U14/><E3/><V29/><F34/><W86/><G118/><T84/><D130/><U114/><E114/><V78/><F90/><W95/><G70/><T1/><D1/><U69/><E108/><V15/><F29/><W85/><G33/><T49/><D68/><U23/><E23/><V35/><F32/><W5/><G5/><T53/><D91/><U94/><E42/><V24/><F24/><W0/><G0/><T116/><D116/><U131/><E131/><V37/><F35/><W102/><G86/><N who="0" m="32811" /><D27/><U25/><E25/><V63/><F59/><W6/><G6/><T39/><D39/><U96/><E69/><V9/><REACH who="2" step="1"/><F63/><REACH who="2" ten="237,263,240,250" step="2"/><W132/><G56/><N who="0" m="32815" /><D51/><U111/><E111/><V44/><F44/><W105/><G57/><T72/><D72/><U48/><E60/><V80/><F80/><W126/><G126/><T55/><D28/><U20/><E62/><V97/><F97/><W107/><G132/><T13/><D26/><U113/><E135/><V22/><F22/><W17/><G133/><T30/><D30/><U123/><E20/><V47/><F47/><W4/><G134/><T31/><D31/><U125/><E123/><V18/><F18/><N who="3" m="7275" /><G4/><T38/><D21/><U71/><E125/><V112/><F112/><W81/><G81/><T2/><D2/><U129/><E83/><RYUUKYOKU ba="0,1" sc="237,-15,263,-15,240,15,250,15" hai2="9,15,19,37,43,45,58,61,74,78,82,100,103" hai3="41,46,50,85,88,92,95,102,105,107" /><INIT seed="2,1,1,3,1,2" ten="222,248,255,265" oya="2" hai0="28,71,51,63,118,134,106,87,10,53,103,15,99" hai1="38,1,114,24,108,109,43,4,20,8,39,34,3" hai2="60,130,77,117,11,26,84,33,69,66,89,27,5" hai3="68,90,41,22,112,0,74,31,12,82,29,70,49"/><V104/><F117/><W44/><G0/><T105/><D118/><U98/><E43/><V91/><F104/><W72/><G112/><T48/><D134/><U88/><E114/><V61/><F130/><W36/><G36/><T47/><D28/><N who="1" m="17415" /><E1/><V32/><F77/><W96/><G70/><T17/><D87/><U124/><E34/><V101/><F101/><W111/><G68/><T7/><D17/><U113/><E113/><V127/><F127/><W52/><G111/><N who="1" m="42570" /><E124/><V116/><F116/><W46/><G31/><T115/><D115/><U37/><E98/><V86/><F69/><W23/><G23/><T9/><D9/><U100/><E100/><V54/><F54/><W135/><G135/><T126/><D126/><U83/><E83/><V57/><F11/><W25/><G12/><T56/><D71/><U92/><E92/><V125/><F125/><W78/><G74/><T50/><REACH who="0" step="1"/><D106/><REACH who="0" ten="212,248,255,265" step="2"/><U42/><E42/><AGARI ba="1,2" hai="7,10,15,42,47,48,50,51,53,56,63,99,103,105" machi="42" ten="30,7700,0" yaku="1,1,2,1,7,1,52,1,53,0" doraHai="2" doraHaiUra="119" who="0" fromWho="1" sc="212,100,248,-80,255,0,265,0" /><INIT seed="3,0,0,2,3,128" ten="312,168,255,265" oya="3" hai0="45,103,2,104,132,81,98,55,68,80,71,21,59" hai1="74,110,40,58,53,14,5,77,116,25,119,125,78" hai2="47,44,117,35,82,4,10,61,9,69,121,91,38" hai3="107,62,22,16,7,24,131,49,124,90,97,23,0"/><W72/><G72/><T102/><D132/><U50/><E110/><V51/><F117/><N who="1" m="45129" /><E125/><V130/><F130/><W122/><G122/><T109/><D109/><U31/><E40/><V39/><F35/><W42/><G131/><T41/><D2/><U60/><E74/><V83/><F121/><W67/><G124/><T94/><D21/><N who="1" m="15791" /><E5/><V73/><F73/><W76/><G76/><T13/><D13/><U105/><E105/><V85/><F83/><W18/><G0/><T95/><D81/><U101/><E101/><V11/><F4/><W28/><G7/><T54/><D80/><U48/><E14/><V126/><F126/><W118/><G118/><T63/><D41/><U30/><E30/><V96/><F39/><W75/><G75/><T89/><D104/><U46/><E48/><V114/><F38/><W66/><G107/><T123/><D123/><U34/><E34/><V111/><F51/><W92/><G62/><T8/><D103/><U52/><E77/><V99/><F111/><W88/><G90/><T19/><D102/><U106/><E106/><V17/><F91/><W79/><G79/><T84/><D89/><U135/><E78/><V1/><F1/><W29/><G29/><T113/><D98/><U120/><E120/><V57/><F99/><W64/><G23/><T33/><D33/><U93/><E93/><V43/><F96/><W86/><G97/><T15/><D94/><U127/><E127/><V108/><F108/><W32/><G32/><T56/><D95/><U20/><E20/><V65/><F82/><W26/><G26/><T37/><D37/><RYUUKYOKU ba="0,0" sc="312,-15,168,15,255,-15,265,15" hai1="46,50,52,53,58,60,135" hai3="16,18,22,24,28,42,49,64,66,67,86,88,92" /><INIT seed="3,1,0,5,2,127" ten="297,183,240,280" oya="3" hai0="108,116,93,4,33,125,71,61,81,48,66,105,5" hai1="77,41,27,98,6,15,74,78,42,119,39,86,3" hai2="128,30,44,79,68,63,88,85,107,84,37,130,72" hai3="69,43,123,80,20,64,16,129,57,46,133,9,59"/><W124/><G129/><N who="2" m="49769" /><F107/><W56/><G123/><T134/><D116/><U102/><E119/><V18/><F30/><W90/><G124/><T34/><D125/><U70/><E70/><V91/><F18/><W65/><G9/><T22/><D22/><U7/><E74/><V51/><F37/><W132/><G69/><T47/><D93/><N who="1" m="58703" /><E3/><V32/><F32/><W54/><G54/><T12/><D81/><N who="1" m="47407" /><E39/><V111/><F111/><W62/><G90/><N who="2" m="34345" /><F79/><W113/><G80/><T106/><D108/><U104/><E104/><V103/><F103/><W126/><G113/><T100/><D100/><U99/><E78/><V122/><F72/><W110/><G110/><T29/><D29/><U40/><E99/><V24/><F24/><N who="3" m="14343" /><G126/><T26/><D105/><U49/><E27/><V10/><F10/><W45/><G62/><T121/><D26/><U76/><E76/><V75/><F75/><W21/><G21/><T17/><D106/><U38/><E38/><V135/><F122/><W117/><G117/><T1/><D121/><U25/><E25/><V55/><F135/><N who="3" m="51787" /><G43/><N who="1" m="16458" /><E15/><V67/><AGARI ba="1,0" hai="44,51,55,63,67,68,84,85" m="34345,49769" machi="67" ten="30,8000,1" yaku="19,1,52,3,54,1" doraHai="127" who="2" fromWho="2" sc="297,-21,183,-21,240,83,280,-41" owari="276,7.6,162,-33.8,323,42.3,239,-16.1" /></mjloggm>