<mjloggm ver="2.3"><GO type="225" lobby="0"/><UN n0="%E5%8D%A0%E3%81%84%E5%B8%AB%E8%A3%8F%E3%81%AA%E3%81%84%E3%81%97" n1="%E7%B4%94%E6%BD%94%E3%83%94%E3%83%A9%E3%83%8B%E3%82%A2" n2="%E9%B4%A8%4E%45%47%49" n3="%E3%83%A9%E3%82%A4%E3%83%B3%E3%81%AE%E8%99%8E" dan="17,17,16,16" rate="2181.32,2194.57,2108.20,2101.60" sx="M,M,M,M"/><TAIKYOKU oya="0"/><INIT seed="0,0,0,2,1,1" ten="250,250,250,250" oya="0" hai0="23,96,30,64,109,92,69,128,113,11,43,123,131" hai1="19,132,73,86,21,17,103,121,28,65,29,78,127" hai2="79,95,16,130,37,40,52,108,58,9,53,46,38" hai3="120,135,0,50,31,6,56,119,91,10,35,71,5"/><T13/><D113/><U134/><E73/><V26/><F79/><W102/><G71/><T125/><D123/><U47/><E65/><V75/><F75/><W51/><G119/><T115/><D115/><U76/><E103/><V114/><F114/><W94/><G120/><T39/><D125/><U49/><E121/><V124/><F38/><W90/><G135/><N who="1" m="51754" /><E19/><V87/><F108/><W104/><G35/><T100/><D43/><N who="1" m="24831" /><E127/><V116/><F124/><W70/><G70/><T68/><D39/><U118/><E118/><V62/><F130/><N who="0" m="49706" /><D64/><U72/><E72/><V83/><F95/><W42/><G42/><T89/><D109/><U20/><E20/><V33/><F33/><W133/><G94/><N who="0" m="58391" /><D23/><U25/><E78/><V97/><F116/><W60/><G133/><T98/><D30/><U57/><E57/><V48/><F97/><W77/><G31/><T8/><D8/><U2/><E2/><V22/><F9/><W15/><G10/><T99/><D99/><U74/><E74/><V67/><F37/><W107/><G0/><T82/><D82/><AGARI ba="0,0" hai="17,21,25,28,29,76,82,86" m="24831,51754" machi="82" ten="30,1000,0" yaku="20,1" doraHai="1" who="1" fromWho="0" sc="250,-10,250,10,250,0,250,0" /><INIT seed="1,0,0,0,0,8" ten="240,260,250,250" oya="1" hai0="96,87,128,78,16,15,86,129,35,122,34,21,92" hai1="88,67,5,24,32,2,73,118,6,94,121,85,13" hai2="115,84,7,39,31,98,23,134,52,103,76,79,107" hai3="69,102,58,66,65,133,100,4,60,126,3,120,57"/><U10/><E118/><V119/><F115/><W117/><G120/><T109/><D109/><U77/><E121/><V12/><F119/><W90/><G117/><T125/><D122/><U130/><E130/><N who="0" m="50281" /><D125/><U101/><E67/><V20/><F39/><W1/><G126/><T49/><D49/><U54/><E101/><V63/><F134/><W68/><G90/><N who="0" m="55319" /><D78/><U89/><E89/><V114/><F114/><W75/><G75/><T95/><D95/><U108/><E108/><V42/><F31/><W124/><G124/><T131/><N who="0" m="50289" /><T29/><DORA hai="127" /><D29/><U25/><E32/><AGARI ba="0,0" hai="15,16,21,32,34,35,86,87" m="55319,50289" machi="32" ten="40,12000,2" yaku="19,1,52,5,54,1" doraHai="8,127" who="0" fromWho="1" sc="240,120,260,-120,250,0,250,0" /><INIT seed="2,0,0,1,3,112" ten="360,140,250,250" oya="2" hai0="70,80,61,8,90,26,91,51,87,30,73,120,99" hai1="35,88,111,94,28,131,109,74,113,76,83,41,115" hai2="127,45,54,11,82,56,60,19,25,39,105,122,117" hai3="132,95,75,85,18,119,13,81,38,27,23,53,55"/><V71/><F105/><W101/><G38/><T69/><D120/><U5/><E35/><V22/><F122/><W77/><G132/><T66/><D73/><U121/><E28/><V97/><F127/><W2/><G2/><T40/><D8/><U9/><E121/><V62/><F97/><W50/><G75/><T3/><D3/><U107/><E41/><V116/><F82/><W129/><G129/><T135/><D135/><U46/><E46/><V20/><F11/><W14/><G119/><T114/><D114/><N who="1" m="43531" /><E9/><V36/><F45/><W37/><G37/><T108/><D108/><N who="1" m="41547" /><E5/><V130/><F130/><W59/><G53/><T16/><D16/><U31/><E31/><V24/><F39/><W96/><AGARI ba="0,0" hai="13,14,18,23,27,50,55,59,77,81,85,95,96,101" machi="96" ten="30,2000,0" yaku="0,1,8,1" doraHai="112" who="3" fromWho="3" sc="360,-5,140,-5,250,-10,250,20" /><INIT seed="3,0,0,3,0,22" ten="355,135,240,270" oya="3" hai0="127,25,63,59,102,124,103,117,18,45,89,15,125" hai1="57,90,95,94,99,42,133,39,134,66,123,78,0" hai2="47,129,113,106,11,38,79,58,33,73,6,26,67" hai3="65,118,8,68,56,128,83,110,10,17,112,40,19"/><W62/><G112/><T5/><D117/><U37/><E0/><V93/><F106/><W121/><G118/><T4/><D25/><U76/><E66/><V27/><F113/><W126/><G121/><T69/><D69/><U132/><E57/><V14/><F33/><W31/><G126/><T1/><D89/><U105/><E105/><V71/><F71/><W53/><G128/><T9/><D45/><U114/><E114/><V43/><F129/><W85/><G40/><T131/><D131/><U23/><E123/><V120/><F120/><W86/><G31/><T35/><D35/><U72/><E42/><V32/><F32/><W101/><G101/><N who="0" m="38411" /><D1/><U96/><E72/><V100/><F79/><W51/><G110/><T97/><D97/><U34/><E34/><V7/><F73/><W70/><G70/><T115/><D115/><U122/><E122/><V84/><F7/><W48/><G48/><T119/><D119/><U130/><E130/><V54/><F67/><AGARI ba="0,0" hai="4,5,9,15,18,59,63,67,124,125,127" m="38411" machi="67" ten="30,1000,0" yaku="18,1" doraHai="22" who="0" fromWho="2" sc="355,10,135,0,240,-10,270,0" owari="365,46.5,135,-36.5,230,-17.0,270,7.0" /></mjloggm>