<mjloggm ver="2.3"><GO type="225" lobby="0"/><UN n0="%72%69%6F%75%63%68%61%6E" n1="%6C%61%6D%62" n2="%E6%A1%9C%E8%8A%B1%E9%96%83%E3%80%85" n3="%E3%83%9D%E3%83%B3%E3%83%9D%E3%82%B3%E5%95%86%E4%BA%8B" dan="17,16,18,16" rate="2177.59,2120.80,2210.07,2113.20" sx="M,M,M,M"/><TAIKYOKU oya="0"/><INIT seed="0,0,0,1,3,130" ten="250,250,250,250" oya="0" hai0="114,12,128,78,25,97,117,92,7,61,108,101,8" hai1="71,129,119,73,22,3,66,69,53,43,54,41,113" hai2="28,31,62,11,40,112,99,135,83,20,132,84,35" hai3="45,107,15,55,14,94,50,131,134,120,42,16,74"/><T111/><D128/><U32/><E32/><V6/><F112/><W106/><G131/><T127/><D127/><U68/><E129/><V58/><F35/><W89/><G74/><T46/><D117/><U70/><E73/><V125/><F40/><N who="1" m="15433" /><E3/><V30/><F99/><W122/><G14/><T48/><D114/><U51/><E22/><V13/><F20/><W63/><G134/><N who="2" m="51241" /><F125/><W34/><G34/><T96/><D78/><U10/><E10/><V65/><F30/><W17/><G17/><T77/><D77/><AGARI ba="0,0" hai="6,11,13,28,31,58,62,65,77,83,84" m="51241" machi="77" ten="30,7700,0" yaku="20,1,52,3" doraHai="130" who="2" fromWho="0" sc="250,-77,250,0,250,77,250,0" /><INIT seed="1,0,0,0,2,70" ten="173,250,327,250" oya="1" hai0="20,10,83,33,50,110,52,108,32,106,115,121,11" hai1="4,123,57,56,128,63,2,16,62,13,119,47,17" hai2="64,46,34,5,120,30,54,99,109,55,79,87,28" hai3="44,65,49,85,111,58,22,105,7,74,127,82,78"/><U67/><E119/><V69/><F120/><W15/><G105/><T41/><D115/><U117/><E123/><V77/><F109/><N who="0" m="42090" /><D106/><U38/><E117/><V60/><F5/><W100/><G111/><T59/><D121/><U104/><E104/><V80/><F77/><W124/><G100/><T29/><D41/><U0/><E128/><V98/><F55/><W39/><G74/><T96/><D96/><U84/><E4/><V130/><F130/><W18/><G7/><T126/><D126/><U51/><E38/><V97/><REACH who="2" step="1"/><F34/><REACH who="2" ten="173,250,317,250" step="2"/><N who="0" m="13418" /><D83/><U66/><E84/><V91/><F91/><W48/><G124/><T101/><D101/><U40/><REACH who="1" step="1"/><E17/><REACH who="1" ten="173,240,317,250" step="2"/><V73/><F73/><W125/><G127/><T25/><AGARI ba="0,2" hai="10,11,20,25,29,50,52,59" m="13418,42090" machi="25" ten="40,2700,0" yaku="14,1,54,1" doraHai="70" who="0" fromWho="0" sc="173,47,240,-13,317,-7,250,-7" /><INIT seed="2,0,0,5,2,9" ten="220,227,310,243" oya="2" hai0="19,12,97,11,88,87,3,105,5,37,79,66,46" hai1="72,16,75,62,52,43,96,92,126,116,1,48,50" hai2="14,30,133,36,21,35,13,78,101,40,23,4,115" hai3="77,132,103,76,122,109,56,134,127,27,68,60,124"/><V89/><F115/><W39/><G122/><T120/><D120/><U6/><E116/><V38/><F101/><W98/><G68/><T63/><D79/><N who="3" m="30281" /><G39/><T59/><D105/><U71/><E1/><V33/><F78/><W73/><G27/><T70/><D97/><U18/><E6/><V55/><F55/><W91/><G109/><T44/><D70/><U117/><E117/><V57/><F57/><W129/><G56/><T93/><REACH who="0" step="1"/><D37/><REACH who="0" ten="210,227,310,243" step="2"/><U65/><E71/><V51/><F38/><W8/><G129/><T74/><D74/><U119/><E119/><V131/><F36/><W10/><G73/><T85/><D85/><U106/><E106/><V95/><F131/><W47/><G103/><T17/><D17/><U86/><E86/><V41/><F4/><W113/><G98/><T90/><D90/><U128/><E128/><V0/><F89/><W118/><G91/><T2/><D2/><U15/><E75/><V99/><F0/><W121/><G118/><T7/><D7/><U61/><E72/><V49/><F99/><W130/><G121/><T108/><D108/><U69/><E18/><V31/><F133/><W82/><G130/><T28/><D28/><U100/><E126/><V80/><F95/><W34/><G134/><T54/><D54/><U102/><E102/><V125/><F80/><W114/><G82/><T107/><D107/><U83/><E83/><V25/><F125/><W26/><G132/><T84/><D84/><U42/><E52/><V20/><F31/><W135/><G127/><T110/><D110/><U58/><E69/><V53/><F30/><RYUUKYOKU ba="0,1" sc="210,30,227,-10,310,-10,243,-10" hai0="3,5,11,12,19,44,46,59,63,66,87,88,93" /><INIT seed="3,1,1,2,0,15" ten="240,217,300,233" oya="3" hai0="33,53,133,30,0,43,95,74,6,20,35,129,40" hai1="118,63,46,116,49,107,59,91,12,7,34,16,106" hai2="92,64,38,124,70,65,66,132,57,128,2,26,31" hai3="102,69,101,56,111,115,117,87,61,96,71,42,73"/><W37/><G73/><T86/><D74/><U4/><E34/><V126/><F70/><W28/><G117/><N who="1" m="45162" /><E91/><V13/><F2/><W11/><G115/><T84/><D33/><U51/><E4/><V75/><F128/><W55/><G111/><T98/><D35/><U89/><E89/><V45/><F132/><W78/><G28/><T83/><D129/><U48/><E7/><V21/><F75/><W125/><G125/><N who="2" m="48233" /><F13/><W112/><G112/><T82/><D0/><U14/><E46/><V10/><F10/><W3/><G3/><T134/><D133/><U44/><E44/><V108/><F92/><W62/><G11/><T119/><D134/><U122/><E122/><V68/><F68/><W121/><G121/><T54/><D119/><U24/><E24/><V100/><F100/><W58/><G37/><T76/><D95/><U22/><E14/><V23/><F108/><W110/><G42/><T88/><D40/><U93/><E93/><V9/><F45/><W41/><G41/><T5/><D43/><U1/><E1/><V123/><F38/><W90/><G110/><T120/><D5/><U52/><AGARI ba="1,1" hai="12,16,22,48,49,51,52,59,63,106,107" m="45162" machi="52" ten="30,7900,0" yaku="12,1,52,1,54,2" doraHai="15" who="1" fromWho="1" sc="240,-21,217,92,300,-21,233,-40" owari="219,-18.1,309,40.9,279,7.9,193,-30.7" /></mjloggm>