<mjloggm ver="2.3"><GO type="225" lobby="0"/><UN n0="%70%6E%64%73%6E%67" n1="%72%69%6F%75%63%68%61%6E" n2="%4B%2E%32%2E%4B%2E" n3="%E5%91%A8%E6%9D%B1" dan="16,16,16,17" rate="2126.71,2181.64,2141.42,2152.90" sx="M,M,M,M"/><TAIKYOKU oya="0"/><INIT seed="0,0,0,2,3,61" ten="250,250,250,250" oya="0" hai0="69,14,132,23,24,108,64,95,29,51,5,94,36" hai1="26,79,67,30,121,65,22,119,18,78,124,58,107" hai2="6,117,111,41,60,1,39,84,7,53,105,66,48" hai3="38,118,92,102,49,75,110,86,72,12,122,115,62"/><T2/><D36/><U13/><E119/><V73/><F73/><W83/><G38/><T21/><D132/><U25/><E121/><V129/><F105/><W15/><G118/><T40/><D108/><U123/><E123/><V99/><F117/><W89/><G122/><T3/><D3/><U63/><E107/><V87/><F111/><W97/><G115/><T88/><D2/><U16/><E124/><V96/><F129/><W77/><G110/><T59/><D69/><U128/><E128/><V114/><F114/><W20/><G75/><T85/><D95/><U52/><E18/><V68/><F96/><W4/><G4/><T134/><D134/><U55/><E26/><V42/><F99/><W80/><G20/><N who="0" m="15495" /><D40/><U93/><E93/><V57/><F42/><W44/><REACH who="3" step="1"/><G62/><REACH who="3" ten="250,250,250,240" step="2"/><N who="0" m="37983" /><D51/><U120/><E120/><V90/><F1/><W103/><G103/><T0/><D0/><U135/><E135/><V131/><F131/><W43/><AGARI ba="0,1" hai="12,15,43,44,49,72,77,80,83,86,89,92,97,102" machi="43" ten="20,2700,0" yaku="1,1,0,1,7,1,53,0" doraHai="61" doraHaiUra="100" who="3" fromWho="3" sc="250,-13,250,-7,250,-7,240,37" /><INIT seed="1,0,0,2,2,39" ten="237,243,243,277" oya="1" hai0="6,130,13,19,99,49,36,15,67,16,92,23,18" hai1="80,110,106,129,72,85,91,125,14,133,58,52,83" hai2="100,44,26,69,59,38,46,43,111,86,31,61,2" hai3="34,115,123,105,102,1,81,5,37,66,8,84,88"/><U121/><E121/><V0/><F69/><W119/><G123/><T127/><D36/><U95/><E106/><V70/><F70/><W82/><G115/><T7/><D130/><U28/><E129/><V132/><F111/><W63/><G119/><T114/><D127/><U109/><E125/><V57/><F132/><W27/><G37/><T126/><D126/><U48/><E133/><V73/><F73/><W116/><G116/><T25/><D114/><U112/><E112/><V135/><F135/><W24/><G34/><T40/><D67/><U12/><E28/><V21/><F100/><W33/><G33/><T29/><D7/><U55/><E55/><V3/><F46/><W32/><G32/><T79/><D79/><U60/><E60/><V64/><F57/><W90/><G102/><N who="0" m="60775" /><D6/><U65/><E65/><V93/><F93/><W104/><G105/><T9/><D9/><U134/><E134/><V35/><REACH who="2" step="1"/><F86/><REACH who="2" ten="237,243,233,277" step="2"/><W120/><G104/><T71/><D71/><U113/><E113/><V78/><F78/><W4/><G120/><T75/><D75/><U20/><E72/><V76/><F76/><W101/><G101/><T54/><D40/><U47/><E58/><AGARI ba="0,1" hai="13,15,16,18,19,23,25,29,49,54,58" m="60775" machi="58" ten="30,2000,0" yaku="8,1,54,1" doraHai="39" who="0" fromWho="1" sc="237,30,243,-20,233,0,277,0" /><INIT seed="2,0,0,4,1,120" ten="267,223,233,277" oya="2" hai0="24,57,45,122,41,91,95,101,134,9,2,35,11" hai1="37,63,10,104,124,54,90,12,116,17,59,112,20" hai2="32,98,123,18,107,93,111,66,121,125,56,96,33" hai3="38,40,100,13,128,58,64,21,103,25,135,78,75"/><V114/><F114/><W67/><G128/><T102/><D122/><U61/><E124/><V83/><F125/><W108/><G135/><T115/><D115/><U89/><E116/><V113/><F113/><W52/><G108/><T94/><D134/><U82/><E112/><V39/><F39/><W28/><G75/><T50/><D35/><U65/><E104/><V85/><F107/><W76/><G40/><T133/><D133/><U74/><E37/><V119/><F119/><W0/><G13/><T51/><D24/><U15/><E82/><V88/><F111/><W8/><G8/><N who="0" m="3147" /><D2/><U106/><E74/><V117/><F98/><W62/><G38/><T131/><D131/><U110/><E106/><V87/><F87/><W14/><G14/><T5/><D5/><U4/><REACH who="1" step="1"/><E110/><REACH who="1" ten="267,213,233,277" step="2"/><V73/><F73/><W46/><G0/><T118/><D118/><U16/><E16/><V49/><F18/><W22/><G28/><T84/><D95/><U97/><E97/><V99/><F99/><W81/><G81/><T30/><D30/><U77/><E77/><V130/><F117/><W109/><G109/><T86/><D84/><U105/><E105/><V34/><F130/><W68/><G78/><T1/><D1/><U48/><E48/><V60/><REACH who="2" step="1"/><F49/><REACH who="2" ten="267,213,223,277" step="2"/><N who="3" m="28727" /><G76/><AGARI ba="0,2" hai="32,33,34,56,60,66,76,83,85,88,93,96,121,123" machi="76" ten="40,3900,0" yaku="1,1,54,1,53,0" doraHai="120" doraHaiUra="70" who="2" fromWho="3" sc="267,0,213,0,223,59,277,-39" /><INIT seed="2,1,0,5,3,13" ten="267,213,282,238" oya="2" hai0="3,80,1,95,45,118,120,57,53,84,90,109,67" hai1="55,72,27,113,22,122,93,7,91,64,43,107,127" hai2="132,103,33,60,100,42,54,40,5,26,98,77,110" hai3="11,34,104,49,20,69,9,73,105,17,31,51,63"/><V24/><F132/><W74/><G34/><T102/><D120/><U16/><E113/><V62/><F110/><W101/><G31/><T14/><D109/><U86/><E122/><V66/><F5/><W81/><G101/><T97/><D118/><U88/><E72/><V10/><F10/><W23/><G63/><T92/><D45/><U59/><E107/><V115/><F115/><W44/><G44/><T114/><D114/><U21/><E127/><V116/><F116/><W56/><G56/><T0/><D67/><U18/><E7/><V79/><F33/><W119/><G81/><T111/><D14/><N who="1" m="9367" /><E64/><V6/><F6/><W38/><G119/><T125/><D111/><U12/><E43/><V112/><F112/><W65/><G65/><T50/><REACH who="0" step="1"/><D125/><REACH who="0" ten="257,213,282,238" step="2"/><U130/><E130/><V133/><F66/><W83/><G69/><T135/><D135/><U39/><E39/><V2/><F133/><W35/><G38/><T32/><D32/><U99/><E12/><V131/><F131/><W85/><G35/><T117/><D117/><U28/><E28/><V25/><F2/><W129/><G129/><T108/><D108/><U75/><E75/><V68/><F68/><W124/><G124/><T4/><D4/><U70/><E70/><V30/><F30/><W46/><G74/><T47/><D47/><U96/><E91/><V89/><F89/><W121/><G46/><T61/><D61/><AGARI ba="1,1" hai="18,22,27,55,59,61,86,88,93,96,99" m="9367" machi="61" ten="30,8000,1" yaku="8,1,52,2,54,2" doraHai="13" who="1" fromWho="0" sc="257,-83,213,93,282,0,238,0" /><INIT seed="3,0,0,2,1,79" ten="174,306,282,238" oya="3" hai0="53,122,27,132,8,75,78,31,28,71,108,100,18" hai1="114,39,34,80,115,44,37,56,96,111,41,65,85" hai2="110,124,11,127,23,12,121,61,21,48,64,102,95" hai3="123,107,32,135,5,45,19,116,92,87,103,128,33"/><W94/><G123/><T82/><D122/><U36/><E34/><V83/><F121/><W40/><G116/><T73/><D108/><U43/><E111/><V117/><F117/><W2/><G135/><T57/><D132/><U72/><E72/><V20/><F110/><W50/><G128/><T97/><D71/><U105/><E65/><V46/><F95/><W101/><G107/><T9/><D73/><U118/><E118/><V13/><F102/><W6/><G33/><T89/><D89/><U17/><E56/><V58/><F83/><W1/><G32/><T22/><D28/><U30/><E30/><V60/><F60/><W26/><G1/><T120/><D31/><U52/><E52/><N who="2" m="29719" /><F11/><W42/><G42/><T99/><D120/><U68/><E68/><V15/><F127/><W10/><G6/><T125/><D125/><U47/><E36/><V134/><F134/><W49/><G49/><T88/><D88/><U91/><E17/><V0/><F0/><W35/><G35/><T119/><D119/><U86/><E86/><V51/><F124/><W7/><G7/><T113/><D113/><U59/><E59/><V55/><F51/><W126/><G126/><T62/><REACH who="0" step="1"/><D97/><REACH who="0" ten="164,306,282,238" step="2"/><U109/><E109/><V69/><F69/><W90/><G87/><T131/><D131/><U84/><E85/><V67/><AGARI ba="0,1" hai="12,13,15,20,21,23,55,58,61,64,67" m="29719" machi="67" ten="40,2700,0" yaku="8,1,54,1" doraHai="79" who="2" fromWho="2" sc="164,-7,306,-7,282,37,238,-13" owari="157,-34.3,299,9.9,319,41.9,225,-17.5" /></mjloggm>