<mjloggm ver="2.3"><GO type="225" lobby="0"/><UN n0="%E3%81%A4%E3%81%A3%E3%81%B1%E3%82%8A%E3%83%9D%E3%83%BC%E3%83%AB" n1="%E3%81%AA%E3%82%81%E3%81%93%E9%9B%80%E5%A3%AB" n2="%72%69%6F%75%63%68%61%6E" n3="%E3%81%86%E3%81%A9%E3%82%93%E3%81%93" dan="17,16,16,16" rate="2214.22,2051.23,2144.87,2145.18" sx="M,M,M,M"/><TAIKYOKU oya="0"/><INIT seed="0,0,0,1,3,58" ten="250,250,250,250" oya="0" hai0="95,132,76,51,13,59,118,54,30,70,94,50,73" hai1="135,6,10,104,130,24,18,66,37,99,109,72,111" hai2="23,83,106,127,52,36,2,3,25,96,45,65,32" hai3="113,81,22,35,126,102,86,20,117,78,74,39,121"/><T75/><D118/><U122/><E122/><V97/><F127/><W38/><G113/><T108/><D132/><U26/><E135/><V91/><F32/><W112/><G112/><T44/><D70/><U1/><E72/><V131/><F131/><W85/><G35/><T80/><D75/><U107/><E37/><V77/><F65/><W5/><G117/><T110/><D30/><U11/><E130/><V119/><F119/><W71/><G71/><T4/><D4/><U79/><E79/><V8/><F106/><W116/><G126/><T43/><REACH who="0" step="1"/><D13/><REACH who="0" ten="240,250,250,250" step="2"/><U88/><E6/><V27/><F2/><W21/><G116/><T42/><D42/><U90/><E1/><V100/><F25/><W101/><G5/><T17/><D17/><U55/><E18/><V69/><F69/><W53/><G121/><T103/><D103/><U49/><E109/><AGARI ba="0,1" hai="43,44,50,51,54,59,73,76,80,94,95,108,109,110" machi="109" ten="40,18000,2" yaku="1,1,14,1,10,1,53,3" doraHai="58" doraHaiUra="123" who="0" fromWho="1" sc="240,190,250,-180,250,0,250,0" /><INIT seed="0,1,0,4,5,17" ten="430,70,250,250" oya="0" hai0="57,90,33,70,63,107,15,113,58,86,53,71,134" hai1="47,111,54,65,123,82,31,100,5,73,93,116,101" hai2="24,43,14,64,2,19,1,105,12,62,42,61,128" hai3="80,44,48,30,135,83,51,20,98,36,28,129,118"/><T0/><D0/><U112/><E116/><V96/><F128/><W106/><G118/><T27/><D113/><U104/><E123/><V59/><F24/><W38/><G129/><T49/><D107/><U114/><E104/><V126/><F126/><W8/><G135/><T108/><D134/><U109/><E65/><V7/><F14/><W115/><G115/><N who="1" m="44074" /><E5/><V46/><F43/><W39/><G8/><T22/><D33/><U87/><E73/><V55/><F7/><W110/><G110/><N who="1" m="41994" /><E31/><V97/><F105/><W66/><G66/><T119/><D119/><U9/><E9/><V32/><F32/><W45/><G106/><T16/><D108/><U72/><E47/><V68/><F1/><W85/><G98/><T18/><D18/><U79/><E54/><V89/><F2/><W26/><G85/><T122/><D122/><U4/><E4/><V99/><F19/><W13/><G13/><T81/><D15/><U132/><E132/><V21/><F12/><W29/><G29/><T35/><D35/><U60/><E60/><V69/><F69/><W56/><G56/><T76/><D76/><U125/><E125/><V74/><F74/><W23/><G38/><T52/><AGARI ba="1,0" hai="16,22,27,49,52,53,57,58,63,70,71,81,86,90" machi="52" ten="20,12000,1" yaku="0,1,7,1,52,1,54,2" doraHai="17" who="0" fromWho="0" sc="430,123,70,-41,250,-41,250,-41" /><INIT seed="0,2,0,1,5,123" ten="553,29,209,209" oya="0" hai0="61,96,18,31,10,23,70,17,119,101,69,21,30" hai1="46,14,41,82,34,111,47,122,11,32,54,125,1" hai2="94,49,129,40,116,3,29,112,120,7,108,92,50" hai3="135,126,8,132,74,0,117,43,28,22,15,76,109"/><T37/><D119/><U105/><E122/><V24/><F120/><W90/><G117/><T67/><D37/><U12/><E105/><V102/><F116/><W128/><G43/><T83/><D83/><U127/><E1/><V2/><F112/><W35/><G128/><T73/><D73/><U100/><E100/><V5/><F129/><W121/><G121/><T59/><D10/><U93/><E82/><V52/><F40/><W16/><G126/><T87/><D87/><U113/><E113/><V63/><F102/><W124/><G124/><N who="1" m="47690" /><E93/><V27/><F63/><W106/><G106/><T72/><D72/><U103/><E103/><V80/><F80/><N who="3" m="45079" /><G90/><T25/><D70/><U68/><E68/><V56/><F29/><W60/><G60/><T51/><D51/><N who="1" m="29047" /><E111/><V95/><F108/><W6/><G109/><T75/><D75/><U38/><E14/><V57/><F95/><W39/><G39/><T97/><D69/><U26/><E26/><AGARI ba="2,0" hai="0,6,8,15,16,22,26,28,35,132,135" m="45079" machi="26" ten="30,2000,0" yaku="24,1,54,1" doraHai="123" who="3" fromWho="1" sc="553,0,29,-26,209,0,209,26" /><INIT seed="1,0,0,5,4,127" ten="553,3,209,235" oya="1" hai0="11,92,54,84,73,61,5,62,63,8,72,31,1" hai1="15,28,76,85,64,39,13,135,58,20,40,30,14" hai2="121,38,2,43,118,68,17,26,16,88,87,119,80" hai3="114,134,10,3,77,79,33,81,32,21,57,101,131"/><U117/><E117/><V42/><F121/><W97/><G114/><T59/><D31/><N who="1" m="11819" /><E39/><V113/><F2/><W55/><G134/><T19/><D19/><N who="2" m="7242" /><F38/><W25/><G21/><T93/><D11/><U116/><E116/><V29/><F68/><W115/><G25/><T75/><REACH who="0" step="1"/><D84/><REACH who="0" ten="543,3,209,235" step="2"/><U53/><E135/><V48/><F118/><W124/><G10/><T90/><D90/><U69/><E69/><V107/><F119/><W52/><G124/><T110/><D110/><U100/><E100/><V36/><F113/><W111/><G115/><T123/><D123/><U70/><E70/><V126/><F126/><W4/><G101/><T71/><D71/><U103/><E103/><V133/><F133/><W44/><G111/><T47/><D47/><U66/><E20/><N who="2" m="15559" /><F36/><W41/><G33/><T86/><D86/><U22/><E22/><V7/><F7/><W112/><G4/><T128/><D128/><U95/><E40/><N who="2" m="15403" /><F107/><W50/><G32/><T89/><D89/><N who="1" m="53679" /><E76/><V9/><F9/><W46/><G112/><T49/><AGARI ba="0,1" hai="1,5,8,49,54,59,61,62,63,72,73,75,92,93" machi="49" ten="40,2700,0" yaku="1,1,0,1,53,0" doraHai="127" doraHaiUra="23" who="0" fromWho="0" sc="543,37,3,-13,209,-7,235,-7" owari="580,68.0,-10,-51.0,202,-19.8,228,2.8" /></mjloggm>