<mjloggm ver="2.3"><GO type="225" lobby="0"/><UN n0="%E6%A1%9C%E8%8A%B1%E9%96%83%E3%80%85" n1="%4B%2E%32%2E%4B%2E" n2="%E3%81%BE%E3%83%BC%E3%81%8F%E3%82%93" n3="%4C%4F%4C%49%54%41" dan="18,16,16,16" rate="2188.02,2118.31,2066.49,2200.80" sx="M,M,M,F"/><TAIKYOKU oya="0"/><INIT seed="0,0,0,4,0,1" ten="250,250,250,250" oya="0" hai0="27,7,76,80,130,95,22,55,26,93,44,33,61" hai1="123,97,54,43,2,48,70,34,90,68,4,62,109" hai2="6,3,135,113,86,24,36,101,46,42,47,127,124" hai3="100,18,11,128,21,121,85,37,115,53,105,102,31"/><T32/><D130/><U35/><E123/><V131/><F113/><W114/><G37/><T64/><D27/><U88/><E109/><V94/><F131/><W17/><G105/><T74/><D32/><U78/><E43/><V65/><F135/><W69/><G128/><T132/><D33/><U41/><E41/><V5/><F3/><W0/><G0/><T104/><D104/><U134/><E134/><V81/><F47/><W103/><G103/><T25/><D25/><U77/><E2/><V60/><F24/><W83/><G21/><T111/><D111/><U51/><E62/><V71/><F101/><W119/><G11/><T39/><D7/><N who="2" m="2570" /><F94/><W79/><G69/><T10/><D132/><U91/><E4/><V120/><F86/><W19/><G85/><T118/><D39/><U110/><E110/><V45/><F45/><W84/><G84/><T9/><D93/><U107/><E107/><V92/><F92/><W52/><G18/><T13/><D95/><U87/><E87/><V125/><F81/><W59/><G83/><T129/><D26/><U75/><E75/><V82/><F82/><W57/><G121/><AGARI ba="0,0" hai="36,42,46,60,65,71,120,121,124,125,127" m="2570" machi="121" ten="40,8000,1" yaku="18,1,52,3" doraHai="1" who="2" fromWho="3" sc="250,0,250,0,250,80,250,-80" /><INIT seed="1,0,0,1,4,27" ten="250,250,330,170" oya="1" hai0="40,129,123,112,48,91,77,72,63,126,94,95,71" hai1="43,78,50,30,88,113,45,116,51,99,135,92,0" hai2="66,105,5,64,39,37,120,108,52,34,67,35,58" hai3="100,59,18,107,41,31,128,103,60,11,124,65,22"/><U8/><E113/><V28/><F105/><W74/><G74/><T1/><D112/><U24/><E116/><V85/><F120/><W9/><G124/><T2/><D126/><U17/><E135/><V82/><F108/><W117/><G128/><T104/><D104/><U79/><E51/><V133/><F5/><W36/><G117/><T80/><D95/><U87/><E87/><V93/><F93/><W47/><G107/><T25/><D129/><U20/><E0/><V68/><F35/><W3/><G3/><T119/><D123/><U44/><E44/><V33/><F33/><W90/><G90/><T19/><D48/><U70/><E70/><V110/><F68/><W101/><REACH who="3" step="1"/><G31/><REACH who="3" ten="250,250,330,160" step="2"/><T121/><D91/><U32/><REACH who="1" step="1"/><E8/><REACH who="1" ten="250,240,330,160" step="2"/><V132/><F133/><W12/><AGARI ba="0,2" hai="9,11,12,18,22,36,41,47,59,60,65,100,101,103" machi="12" ten="30,4000,0" yaku="1,1,2,1,0,1,53,0" doraHai="27" doraHaiUra="89" who="3" fromWho="3" sc="250,-10,240,-20,330,-10,160,60" /><INIT seed="2,0,0,2,5,106" ten="240,220,320,220" oya="2" hai0="36,103,7,78,0,40,17,77,13,58,62,126,119" hai1="95,15,68,52,92,32,72,99,113,25,87,73,38" hai2="122,50,22,10,96,88,27,19,12,105,135,128,82" hai3="120,101,41,129,85,26,133,24,134,123,64,33,132"/><V42/><F122/><N who="3" m="46635" /><G33/><T60/><D126/><U111/><E113/><V79/><F135/><W20/><G129/><T112/><D112/><U51/><E38/><V63/><F128/><W35/><G101/><T127/><D127/><U28/><E111/><V115/><F115/><W6/><G64/><T84/><D103/><U5/><E68/><V117/><F117/><W16/><G41/><T90/><D0/><U46/><E87/><N who="2" m="50295" /><F105/><W130/><G85/><T109/><D7/><U80/><E80/><V116/><F96/><W39/><G130/><T47/><D62/><U69/><E69/><V57/><F79/><W89/><G89/><T107/><D107/><U76/><E76/><V114/><F114/><W110/><G39/><T67/><D109/><U55/><E92/><V102/><F102/><W34/><G110/><T93/><D119/><U56/><E15/><V44/><F116/><W3/><G26/><T97/><D97/><U37/><E5/><N who="2" m="3151" /><F63/><W4/><G4/><T49/><D36/><U131/><E131/><V124/><F124/><W100/><G100/><T31/><D31/><U14/><E14/><V54/><F57/><W45/><G45/><T66/><D66/><U91/><E37/><V21/><F21/><AGARI ba="0,0" hai="13,17,21,40,47,49,58,60,67,77,78,84,90,93" machi="21" ten="30,2000,0" yaku="7,1,8,1" doraHai="106" who="0" fromWho="2" sc="240,20,220,0,320,-20,220,0" /><INIT seed="3,0,0,0,1,132" ten="260,220,300,220" oya="3" hai0="90,26,1,54,68,116,121,79,40,43,22,23,100" hai1="10,47,125,97,61,78,99,95,126,37,124,34,3" hai2="48,80,60,17,110,127,30,89,129,130,131,75,51" hai3="107,39,112,104,64,67,18,33,92,71,120,111,20"/><W24/><G112/><T106/><D116/><U66/><E34/><V8/><F110/><W123/><G39/><T108/><D121/><U0/><E78/><N who="2" m="44127" /><F127/><W16/><G33/><T94/><D68/><N who="1" m="42063" /><E10/><V101/><F30/><W115/><G115/><T82/><D1/><N who="1" m="587" /><E95/><V21/><F8/><W12/><G111/><T114/><D114/><U84/><E84/><V98/><F89/><W134/><G134/><T86/><D22/><U32/><E32/><V53/><F60/><W118/><G118/><T83/><D83/><U31/><E31/><V88/><F88/><W59/><G71/><T102/><D102/><U91/><E91/><V122/><F53/><W13/><G92/><T109/><D109/><U119/><E119/><V73/><F73/><W55/><G24/><T63/><D100/><U72/><E72/><V128/><F122/><W81/><G81/><T50/><D108/><U49/><E37/><V7/><F7/><W93/><G93/><T19/><D106/><U45/><E45/><V42/><F42/><AGARI ba="0,0" hai="42,47,49,97,99,124,125,126" m="587,42063" machi="42" ten="40,8000,1" yaku="18,1,52,3" doraHai="132" who="1" fromWho="2" sc="260,0,220,80,300,-80,220,0" owari="260,6.0,300,40.0,220,-18.0,220,-28.0" /></mjloggm>