<mjloggm ver="2.3"><GO type="225" lobby="0"/><UN n0="%E6%98%93%E5%88%A9%E8%96%A9%E4%BC%AF" n1="%E5%AD%90%E4%BE%9B%E4%BC%9A%E5%93%A1" n2="%E8%B6%85%E7%B4%9A%E9%B3%B3%E5%87%B0" n3="%6D%61%74%69%67%75%73%61" dan="16,17,16,17" rate="2113.58,2141.30,2170.70,2160.87" sx="F,M,F,M"/><TAIKYOKU oya="0"/><INIT seed="0,0,0,4,0,12" ten="250,250,250,250" oya="0" hai0="79,51,21,134,13,99,68,40,65,24,97,75,78" hai1="44,85,111,62,131,98,84,56,15,48,69,117,132" hai2="63,112,29,124,130,52,64,100,87,104,119,128,81" hai3="102,0,90,25,126,66,83,23,105,54,5,16,18"/><T47/><D134/><U122/><E117/><V115/><F119/><W108/><G108/><T118/><D118/><U107/><E122/><V3/><F3/><W45/><G126/><T86/><D75/><U7/><E69/><V73/><F73/><W42/><G66/><T93/><D68/><U114/><E111/><V55/><F124/><W94/><G105/><T34/><D65/><U103/><E132/><V76/><F29/><W8/><G54/><T135/><D34/><U6/><E131/><N who="2" m="50219" /><F100/><W95/><G102/><T92/><D13/><U39/><E39/><V121/><F104/><W61/><G61/><T27/><D27/><U20/><E114/><N who="2" m="43563" /><F121/><W123/><G123/><T129/><D135/><U33/><E33/><V22/><F22/><W70/><G70/><AGARI ba="0,0" hai="52,55,63,64,70,76,81,87" m="43563,50219" machi="70" ten="30,2000,0" yaku="19,1,54,1" doraHai="12" who="2" fromWho="3" sc="250,0,250,0,250,20,250,-20" /><INIT seed="1,0,0,1,4,113" ten="250,250,270,230" oya="1" hai0="34,36,60,63,12,120,106,57,53,73,47,123,82" hai1="103,108,22,52,7,111,38,112,20,124,119,66,25" hai2="78,2,71,5,135,114,9,128,86,3,125,79,83" hai3="29,27,65,109,51,37,115,90,77,84,74,101,110"/><U31/><E119/><V130/><F71/><W44/><G115/><T89/><D34/><U1/><E112/><V13/><F114/><W97/><G37/><T96/><D73/><U87/><E124/><V10/><F125/><W81/><G65/><T6/><D106/><U49/><E38/><V95/><F135/><W50/><G74/><T99/><D63/><U0/><E66/><V129/><F95/><W126/><G77/><T107/><D6/><U26/><E103/><V88/><REACH who="2" step="1"/><F2/><REACH who="2" ten="250,250,260,230" step="2"/><W15/><G126/><T76/><D107/><U23/><E0/><V46/><F46/><W132/><G132/><T131/><D47/><U18/><E111/><V54/><F54/><W43/><G110/><T42/><D53/><U35/><E108/><V30/><F30/><W19/><G109/><T100/><D120/><U55/><E55/><V72/><F72/><W64/><G64/><T105/><D123/><U39/><E1/><V16/><AGARI ba="0,1" hai="3,5,9,10,13,16,78,79,83,86,88,128,129,130" machi="16" ten="30,8000,1" yaku="1,1,0,1,19,1,54,2,53,0" doraHai="113" doraHaiUra="68" who="2" fromWho="2" sc="250,-20,250,-40,260,90,230,-20" /><INIT seed="2,0,0,1,4,133" ten="230,210,350,210" oya="2" hai0="65,8,124,37,114,131,91,67,36,113,24,17,7" hai1="85,128,88,10,80,129,34,39,123,60,98,56,121" hai2="32,19,120,110,21,26,20,13,42,116,69,11,112" hai3="50,35,68,125,38,23,96,127,47,45,48,78,43"/><V134/><F42/><W95/><G35/><T3/><D131/><N who="1" m="50251" /><E39/><V61/><F61/><W41/><G68/><T81/><D81/><U5/><E98/><V108/><F69/><W93/><G78/><T44/><D91/><U130/><N who="1" m="50259" /><U132/><DORA hai="99" /><E34/><V18/><F112/><W27/><G38/><T97/><D97/><U1/><E132/><V77/><F77/><W76/><G76/><T73/><D73/><U82/><E82/><V29/><F134/><W83/><G83/><T40/><D37/><U94/><E94/><V87/><F87/><W55/><G55/><AGARI ba="0,0" hai="1,5,10,55,56,60,80,85,88,121,123" m="50259" machi="55" ten="40,2600,0" yaku="19,1,54,1" doraHai="133,99" who="1" fromWho="3" sc="230,0,210,26,350,0,210,-26" /><INIT seed="3,0,0,3,3,116" ten="230,236,350,184" oya="3" hai0="82,11,121,71,63,91,62,105,70,86,118,14,16" hai1="129,131,13,7,5,67,68,125,92,33,42,109,122" hai2="88,60,10,79,112,106,32,75,81,29,135,56,117" hai3="84,107,9,78,49,6,30,50,12,66,3,22,64"/><W4/><G107/><T39/><D118/><U0/><E122/><V58/><F117/><W132/><G132/><T98/><D39/><U133/><E109/><V19/><F112/><W127/><G127/><T90/><D121/><U59/><E68/><V54/><F106/><W41/><G3/><T101/><D63/><N who="1" m="38399" /><E0/><V65/><F135/><W18/><G30/><T57/><D91/><U83/><E33/><V61/><F88/><W73/><G73/><T80/><D82/><U26/><E26/><V77/><F77/><W43/><G78/><T96/><D96/><U46/><E125/><V36/><F36/><W93/><G93/><T95/><D80/><U74/><E74/><V120/><F120/><W72/><G84/><T2/><D2/><U48/><E83/><V102/><F102/><W119/><G119/><T35/><D35/><U20/><E92/><V23/><F32/><W55/><G72/><T47/><D47/><U40/><E40/><N who="3" m="15434" /><G49/><T51/><D51/><U115/><E115/><V44/><F29/><W123/><G123/><T113/><D113/><U38/><E48/><V37/><F37/><W108/><G108/><T76/><D76/><U28/><E28/><V87/><F75/><W25/><G6/><T124/><D124/><U111/><E111/><V45/><F10/><W27/><G25/><AGARI ba="0,0" hai="19,23,25,44,45,54,56,58,60,61,65,79,81,87" machi="25" ten="30,2000,0" yaku="7,1,8,1" doraHai="116" who="2" fromWho="3" sc="230,0,236,0,350,20,184,-20" owari="230,-17.0,236,3.6,370,47.0,164,-33.6" /></mjloggm>