<mjloggm ver="2.3"><GO type="225" lobby="0"/><UN n0="%E3%81%A8%E3%82%93%E3%81%A8%E3%81%93%E3%81%A8%E3%82%93" n1="%E8%B6%85%E7%B4%9A%E9%B3%B3%E5%87%B0" n2="%E9%B3%B3%E6%9D%B1%E3%81%AE%E3%81%86%E3%81%95%E3%81%8E%E3%81%95%E3%82%93" n3="%E3%81%82%E3%81%B9%E3%81%99%E3%81%91" dan="16,16,17,16" rate="2182.11,2112.09,2243.35,2152.39" sx="F,M,M,M"/><TAIKYOKU oya="0"/><INIT seed="0,0,0,3,3,92" ten="250,250,250,250" oya="0" hai0="95,6,79,93,99,98,132,19,53,48,112,50,55" hai1="14,31,15,116,101,8,62,100,68,129,111,81,57" hai2="47,83,41,0,2,131,49,105,30,82,110,3,71" hai3="108,60,27,12,67,78,13,69,10,120,119,135,9"/><T76/><D6/><U52/><E116/><V11/><F110/><W25/><G119/><T118/><D118/><U58/><E111/><V130/><F71/><W86/><G108/><T115/><REACH who="0" step="1"/><D19/><REACH who="0" ten="240,250,250,250" step="2"/><U38/><E129/><V124/><F131/><W34/><G120/><T73/><D73/><U26/><E31/><V84/><F130/><W61/><G135/><AGARI ba="0,1" hai="48,50,53,55,76,79,93,95,98,99,112,115,132,135" machi="135" ten="25,12000,1" yaku="1,1,22,2,52,2,53,0" doraHai="92" doraHaiUra="66" who="0" fromWho="3" sc="240,130,250,0,250,0,250,-120" /><INIT seed="0,1,0,1,5,57" ten="370,250,250,130" oya="0" hai0="3,70,123,48,38,39,13,61,46,43,110,8,80" hai1="128,96,14,59,15,125,12,88,81,135,19,6,21" hai2="93,32,84,121,131,119,0,10,102,72,103,36,28" hai3="130,18,52,63,22,109,116,101,87,111,107,11,54"/><T115/><D3/><U2/><E128/><V122/><F36/><W23/><G116/><T127/><D115/><U105/><E125/><V58/><F131/><W51/><G130/><T74/><D123/><U26/><E135/><V1/><F72/><W98/><G11/><T86/><D74/><U17/><E105/><V106/><F119/><W92/><G87/><T20/><D20/><U133/><E133/><V4/><F106/><W50/><G107/><T9/><D9/><U99/><E2/><V47/><BYE who="3" /><F47/><UN n3="%E3%81%82%E3%81%B9%E3%81%99%E3%81%91" /><W79/><G79/><T45/><D110/><N who="3" m="41993" /><G23/><T113/><D113/><U44/><E6/><V24/><F0/><W53/><G51/><T89/><D127/><U30/><E44/><V82/><F93/><W33/><G50/><T37/><D46/><U34/><E59/><V69/><F69/><W95/><G95/><T25/><D25/><U90/><E34/><V83/><F83/><W66/><G33/><T85/><D86/><N who="1" m="50255" /><E90/><V97/><F122/><W71/><G54/><T31/><D38/><U41/><E41/><V134/><F121/><W91/><G101/><T56/><D70/><U118/><E118/><V117/><F117/><W16/><G18/><AGARI ba="1,0" hai="12,14,15,17,18,19,21,26,30,96,99" m="50255" machi="18" ten="30,2000,0" yaku="8,1,54,1" doraHai="57" who="1" fromWho="3" sc="370,0,250,23,250,0,130,-23" /><INIT seed="1,0,0,4,0,5" ten="370,273,250,107" oya="1" hai0="121,34,65,15,66,85,77,112,31,120,118,14,87" hai1="131,134,30,47,98,19,64,130,18,68,26,103,43" hai2="49,80,29,50,53,124,59,20,107,76,25,6,113" hai3="61,123,91,24,58,119,28,92,63,101,116,39,78"/><U104/><E134/><V69/><F124/><W132/><G123/><T82/><D112/><U70/><E64/><N who="0" m="24681" /><D87/><U67/><E68/><V46/><F69/><W13/><G132/><T4/><D4/><U22/><E67/><V135/><F135/><W111/><G39/><T117/><D31/><U133/><E70/><V71/><F71/><W93/><G78/><T17/><D34/><U36/><REACH who="1" step="1"/><E133/><REACH who="1" ten="370,263,250,107" step="2"/><V55/><F113/><W37/><G119/><T81/><D117/><U33/><E33/><V109/><F109/><W83/><G116/><T128/><D118/><U27/><E27/><V96/><F25/><W1/><G24/><T73/><D120/><U125/><E125/><V23/><F29/><W90/><G28/><T8/><D121/><U44/><E44/><V3/><F46/><W89/><G111/><T52/><D128/><AGARI ba="0,1" hai="18,19,22,26,30,36,43,47,98,103,104,128,130,131" machi="128" ten="40,3900,0" yaku="1,1,19,1,53,0" doraHai="5" doraHaiUra="60" who="1" fromWho="0" sc="370,-39,263,49,250,0,107,0" /><INIT seed="1,1,0,0,1,89" ten="331,312,250,107" oya="1" hai0="58,68,122,104,69,27,60,121,71,120,132,39,13" hai1="65,100,26,77,63,127,91,129,24,1,112,72,109" hai2="64,7,29,107,28,21,83,56,23,49,6,34,79" hai3="9,0,32,52,90,123,33,20,95,114,11,31,2"/><U108/><E112/><V38/><F38/><W81/><G114/><T40/><D104/><U48/><E1/><V92/><F107/><W45/><G123/><T53/><D27/><U135/><E129/><V130/><F34/><W12/><G33/><T131/><D13/><U59/><E127/><V87/><F130/><W19/><G81/><T18/><D18/><U15/><E135/><V82/><F82/><W74/><G74/><T117/><D131/><U30/><E100/><V124/><F124/><W110/><G110/><N who="1" m="42602" /><E72/><V42/><F23/><W78/><G78/><T85/><D85/><U80/><E91/><V54/><F42/><W3/><G32/><T5/><D5/><U70/><E15/><V134/><F134/><W96/><REACH who="3" step="1"/><G31/><REACH who="3" ten="331,312,250,97" step="2"/><T22/><D132/><U116/><E30/><V113/><F113/><W14/><G14/><T128/><D128/><U103/><E80/><V62/><F29/><W35/><G35/><T88/><D120/><U51/><E77/><V66/><F83/><W126/><G126/><T86/><D122/><U4/><E24/><V102/><F79/><W133/><G133/><T37/><D121/><U111/><E26/><V115/><F115/><W84/><G84/><T67/><D86/><U47/><E111/><V43/><F87/><W10/><G10/><T41/><D117/><U73/><E116/><V8/><F8/><W36/><G36/><T97/><D37/><U25/><E73/><V46/><F28/><W125/><G125/><T94/><D39/><U55/><E25/><V119/><F119/><W118/><G118/><T98/><D22/><RYUUKYOKU ba="1,1" sc="331,-10,312,-10,250,-10,97,30" hai3="0,2,3,9,11,12,19,20,45,52,90,95,96" /><INIT seed="2,2,1,5,1,126" ten="321,302,240,127" oya="2" hai0="28,86,67,9,97,49,105,134,75,46,55,16,51" hai1="41,23,109,68,18,53,42,118,83,127,11,132,71" hai2="113,121,20,104,30,100,35,27,92,13,21,24,124" hai3="95,88,19,106,133,2,66,32,77,89,112,107,98"/><V62/><F113/><W58/><G32/><T111/><D75/><U135/><E118/><V82/><F121/><W114/><G2/><T108/><D67/><U48/><E127/><V12/><F124/><W14/><G133/><N who="1" m="51274" /><E109/><V59/><F104/><W101/><G77/><T125/><D125/><U64/><E11/><V130/><F82/><W81/><G66/><T90/><D28/><U31/><E31/><N who="2" m="17807" /><F35/><W102/><G58/><T115/><D115/><N who="3" m="44073" /><G14/><N who="0" m="7247" /><D51/><U122/><E122/><V120/><F120/><W39/><G19/><T74/><D74/><U61/><E83/><V70/><F70/><W79/><G39/><T37/><D37/><U91/><E91/><N who="3" m="34890" /><G102/><N who="0" m="62671" /><D134/><U26/><E71/><V128/><F12/><W65/><G65/><T93/><D93/><U116/><E116/><V63/><F13/><W17/><G17/><T76/><D76/><U8/><E8/><V54/><F63/><W57/><G57/><AGARI ba="2,1" hai="18,23,26,41,42,48,53,57,61,64,68" m="51274" machi="57" ten="30,1000,0" yaku="20,1" doraHai="126" who="1" fromWho="3" sc="321,0,302,26,240,0,127,-16" /><INIT seed="3,0,0,0,0,46" ten="321,328,240,111" oya="3" hai0="92,89,133,1,124,131,28,112,76,132,72,30,120" hai1="119,15,98,12,42,102,57,25,70,73,9,22,33" hai2="37,101,44,86,84,114,20,71,122,85,65,97,56" hai3="95,53,108,52,26,23,129,35,127,63,49,10,0"/><W134/><G35/><T107/><D107/><U11/><E70/><V135/><F114/><W64/><G129/><T2/><D120/><U34/><E73/><V74/><F74/><W18/><G134/><N who="0" m="51819" /><D124/><U32/><E119/><V13/><F135/><W78/><G127/><T117/><D131/><U94/><E42/><V68/><F122/><W79/><G53/><T59/><D59/><U50/><E11/><V45/><F68/><W91/><G10/><T17/><D17/><U125/><E125/><V41/><F71/><W116/><G108/><T130/><D117/><U93/><E93/><N who="2" m="58543" /><F37/><W128/><G0/><N who="0" m="107" /><D112/><U39/><E39/><V88/><F88/><W38/><G38/><T3/><D3/><U123/><E123/><V6/><F41/><W62/><G128/><T82/><D130/><U77/><E77/><N who="3" m="29194" /><G64/><T83/><D83/><U4/><E15/><V58/><F65/><W24/><G24/><T16/><D16/><U113/><E113/><V40/><F40/><W27/><G27/><T109/><D109/><U5/><E5/><V47/><F20/><W115/><G115/><T81/><D81/><U75/><E75/><V29/><F29/><W19/><G19/><T14/><D14/><U80/><E80/><V7/><F13/><W126/><G126/><T51/><D28/><N who="1" m="17463" /><E33/><V66/><F66/><W31/><G31/><T48/><D30/><U36/><E36/><V90/><F90/><W105/><G105/><T111/><D111/><U67/><E57/><AGARI ba="0,0" hai="6,7,44,45,47,56,57,58,84,85,86" m="58543" machi="57" ten="30,1000,0" yaku="8,1" doraHai="46" who="2" fromWho="1" sc="321,0,328,-10,240,10,111,0" owari="321,42.1,318,11.8,250,-15.0,111,-38.9" /></mjloggm>