<mjloggm ver="2.3"><GO type="225" lobby="0"/><UN n0="%72%61%6B%33" n1="%61%6D%65%6B%69" n2="%73%6C%69%63%6B%33%31%39" n3="%4D%50%43%32%38%30%30" dan="16,16,17,16" rate="2231.60,2079.72,2163.18,2104.26" sx="M,M,M,M"/><TAIKYOKU oya="0"/><INIT seed="0,0,0,3,0,45" ten="250,250,250,250" oya="0" hai0="97,53,126,42,63,7,40,92,5,122,80,15,49" hai1="27,119,52,87,108,29,83,38,26,22,69,37,11" hai2="114,24,82,101,64,33,25,118,46,32,90,17,127" hai3="66,50,115,103,39,65,3,10,34,128,21,102,95"/><T120/><D126/><U105/><E119/><V88/><F114/><W134/><G39/><T79/><D63/><U89/><E108/><V9/><F127/><W85/><G34/><T60/><D60/><U51/><E69/><V13/><F118/><W57/><G115/><T73/><D122/><U129/><E105/><V58/><F101/><N who="3" m="38411" /><G3/><T133/><D133/><U96/><E129/><V100/><F100/><W6/><G21/><T70/><D70/><U94/><E27/><V59/><F46/><W62/><G66/><T113/><D113/><U110/><E110/><V35/><F64/><W112/><G128/><T71/><D71/><U93/><E11/><V86/><REACH who="2" step="1"/><F90/><REACH who="2" ten="250,250,240,250" step="2"/><N who="3" m="53711" /><G134/><T43/><D120/><U47/><REACH who="1" step="1"/><E94/><REACH who="1" ten="250,240,240,250" step="2"/><V16/><F16/><W2/><G112/><T124/><D124/><U135/><E135/><V104/><F104/><W36/><G6/><T111/><D111/><U61/><E61/><V98/><F98/><W8/><G62/><T106/><D106/><U77/><AGARI ba="0,2" hai="22,26,29,37,38,47,51,52,77,83,87,89,93,96" machi="77" ten="20,12000,2" yaku="1,1,0,1,7,1,52,1,54,1,53,1" doraHai="45" doraHaiUra="74" who="1" fromWho="1" sc="250,-60,240,140,240,-30,250,-30" /><INIT seed="1,0,0,1,1,45" ten="190,380,210,220" oya="1" hai0="90,9,91,127,44,79,51,25,16,64,73,125,75" hai1="62,85,120,65,105,38,21,53,7,81,3,94,12" hai2="67,93,107,82,20,59,87,78,86,131,18,34,31" hai3="116,95,98,76,47,119,102,117,63,48,121,106,66"/><U108/><E3/><V100/><F34/><W28/><G28/><T46/><D64/><U68/><E105/><V54/><F131/><W39/><G39/><T6/><D44/><U0/><E0/><V111/><F111/><W1/><G1/><T77/><D77/><U134/><E120/><V4/><F4/><W122/><G76/><T43/><D6/><U113/><E38/><V2/><F2/><W57/><REACH who="3" step="1"/><G106/><REACH who="3" ten="190,380,210,210" step="2"/><T123/><D79/><U11/><E108/><V15/><F107/><W52/><AGARI ba="0,1" hai="47,48,52,57,63,66,95,98,102,116,117,119,121,122" machi="52" ten="30,12000,2" yaku="1,1,2,1,0,1,12,1,52,1,54,1,53,1" doraHai="45" doraHaiUra="61" who="3" fromWho="3" sc="190,-30,380,-60,210,-30,210,130" /><INIT seed="2,0,0,5,3,120" ten="160,320,180,340" oya="2" hai0="22,39,130,88,74,71,121,35,25,95,56,60,116" hai1="50,61,70,89,6,43,119,29,97,42,133,125,62" hai2="110,101,78,14,64,66,87,69,12,3,46,115,72" hai3="135,2,124,0,40,59,38,11,19,132,13,103,17"/><V54/><F115/><W41/><G124/><T7/><D121/><U5/><E119/><V117/><F117/><W49/><G103/><T112/><D116/><U96/><E125/><V48/><F3/><N who="3" m="1067" /><G38/><T47/><D112/><U9/><E29/><V82/><F101/><W81/><G81/><T34/><D71/><U100/><E70/><V129/><F129/><W86/><G86/><T68/><D74/><U75/><E75/><V53/><F72/><W131/><G131/><T104/><D104/><U93/><E133/><N who="3" m="51274" /><G19/><T80/><D80/><U18/><E18/><V36/><F36/><W58/><G41/><T83/><D83/><U28/><E28/><V123/><F123/><W10/><G10/><T26/><D39/><U113/><E113/><V118/><F118/><W76/><G76/><T85/><D85/><U16/><E43/><V105/><F105/><W33/><G33/><T122/><D34/><U111/><E6/><V94/><F94/><W90/><G90/><T20/><D35/><U52/><E42/><V57/><F69/><W128/><G128/><T114/><D68/><U126/><E5/><V107/><F107/><W37/><G49/><T77/><D7/><U92/><E126/><V102/><F102/><W106/><G106/><T99/><D122/><U67/><E100/><V32/><F32/><W45/><AGARI ba="0,0" hai="11,13,17,37,40,45,58,59" m="51274,1067" machi="45" ten="40,1500,0" yaku="20,1" doraHai="120" who="3" fromWho="3" sc="160,-4,320,-4,180,-7,340,15" /><INIT seed="3,0,0,0,2,21" ten="156,316,173,355" oya="3" hai0="43,74,128,68,56,93,76,129,108,52,95,85,60" hai1="16,24,19,125,17,133,55,53,123,50,20,0,75" hai2="99,23,117,107,112,127,119,77,58,49,130,126,29" hai3="65,57,120,41,2,22,96,89,3,124,101,8,4"/><W38/><G124/><N who="2" m="47657" /><F112/><W81/><G22/><T94/><D108/><U70/><E125/><V83/><F130/><N who="0" m="50282" /><D43/><U37/><E123/><V79/><F23/><W34/><G34/><T25/><D25/><U98/><E37/><V27/><F27/><W106/><G89/><N who="0" m="53423" /><D68/><U105/><E70/><V87/><F29/><W102/><G102/><T111/><D111/><U121/><E121/><V82/><F107/><W61/><G81/><AGARI ba="0,0" hai="52,56,60,74,76,81,94,95" m="53423,50282" machi="81" ten="30,2000,0" yaku="19,1,54,1" doraHai="21" who="0" fromWho="3" sc="156,20,316,0,173,0,355,-20" owari="176,-22.4,316,11.6,173,-32.7,335,43.5" /></mjloggm>