<mjloggm ver="2.3"><GO type="225" lobby="0"/><UN n0="%72%69%6F%75%63%68%61%6E" n1="%E8%BE%9B%E5%8F%A3%E3%82%AB%E3%83%AC%E3%83%BC%E3%83%A9%E3%82%A4%E3%82%B9" n2="%E6%B8%A1%E5%A4%A9%E8%97%8D" n3="%E3%82%BC%E3%83%AB%E3%83%80%E3%81%AE%E4%BC%9D%E8%AA%AC" dan="16,17,16,17" rate="2202.10,2213.41,2116.14,2156.60" sx="M,M,M,M"/><TAIKYOKU oya="0"/><INIT seed="0,0,0,3,2,93" ten="250,250,250,250" oya="0" hai0="19,20,90,92,65,127,5,79,41,22,70,27,48" hai1="87,37,0,21,18,43,40,54,12,89,109,49,128" hai2="75,58,99,69,116,10,131,78,8,126,91,98,103" hai3="94,64,53,120,110,97,85,101,113,119,13,38,76"/><T106/><D127/><U60/><E109/><V67/><F69/><W9/><G113/><T135/><D135/><U33/><E33/><V83/><F126/><W24/><G119/><T72/><D106/><U36/><E0/><V130/><F116/><W39/><G110/><T134/><D134/><U44/><E128/><N who="2" m="49195" /><F103/><W42/><G120/><T122/><D122/><U26/><E26/><V81/><F91/><W95/><G64/><T84/><D5/><U7/><E7/><V62/><F81/><W25/><G42/><T32/><D72/><U23/><E23/><V117/><F117/><W57/><G39/><T77/><D32/><U125/><E125/><V14/><F8/><W112/><G38/><T51/><D51/><U105/><E105/><V100/><F100/><W30/><G112/><T74/><D74/><U28/><E28/><V29/><F29/><W118/><G118/><T16/><D65/><U46/><E60/><V102/><F102/><W56/><G30/><T11/><D11/><U2/><E2/><V45/><F45/><W4/><G57/><T35/><D70/><U129/><E129/><V50/><F50/><N who="3" m="30775" /><G94/><T133/><D35/><U96/><E37/><V61/><F62/><W55/><G55/><T86/><D133/><U17/><E36/><V111/><F111/><W123/><G123/><T52/><D41/><U71/><E71/><V59/><F59/><W104/><G104/><T121/><D121/><U88/><E44/><V115/><F115/><W108/><G108/><T73/><D52/><U80/><E18/><AGARI ba="0,0" hai="10,14,18,58,61,67,75,78,83,98,99" m="49195" machi="18" ten="30,3900,0" yaku="19,1,52,2" doraHai="93" who="2" fromWho="1" sc="250,0,250,-39,250,39,250,0" /><INIT seed="1,0,0,4,3,76" ten="250,211,289,250" oya="1" hai0="99,135,8,0,54,13,40,5,90,37,121,56,23" hai1="32,48,75,49,73,93,57,80,88,81,51,3,55" hai2="108,27,30,62,10,78,22,105,21,16,43,17,103" hai3="82,86,112,67,124,41,115,98,45,70,66,92,110"/><U44/><E3/><V120/><F120/><W87/><G110/><T12/><D135/><U69/><E32/><V74/><F108/><W35/><G35/><T61/><D121/><U9/><E69/><V1/><F43/><W102/><G124/><T123/><D123/><U59/><E9/><V116/><F116/><W63/><G67/><T126/><D126/><U26/><E26/><V101/><F105/><W104/><G104/><T79/><D79/><U20/><E20/><V60/><F1/><W34/><G34/><T18/><D99/><N who="1" m="57767" /><E75/><V15/><F78/><W84/><REACH who="3" step="1"/><G82/><REACH who="3" ten="250,211,289,240" step="2"/><N who="1" m="31850" /><E73/><V85/><F74/><W33/><G33/><T118/><D118/><U29/><E29/><V47/><F30/><W42/><G42/><T77/><D77/><U19/><E19/><V36/><F17/><W39/><AGARI ba="0,1" hai="39,41,45,63,66,70,84,86,87,92,98,102,112,115" machi="39" ten="30,4000,0" yaku="1,1,0,1,53,1" doraHai="76" doraHaiUra="64" who="3" fromWho="3" sc="250,-10,211,-20,289,-10,240,50" /><INIT seed="2,0,0,3,0,133" ten="240,191,279,290" oya="2" hai0="86,14,112,13,104,62,111,123,67,109,52,87,57" hai1="88,106,28,97,41,68,66,32,132,91,95,53,38" hai2="48,51,73,27,35,90,125,77,37,31,58,129,85" hai3="23,59,47,79,44,99,128,69,130,54,1,43,64"/><V117/><F37/><W131/><G1/><T93/><D123/><U80/><E132/><V101/><F117/><W114/><G114/><T11/><D112/><U121/><E121/><V10/><F129/><W76/><G23/><T115/><D115/><U6/><E6/><V40/><F101/><W25/><G25/><T20/><D104/><U100/><E53/><V17/><F73/><W46/><G43/><T24/><D67/><U75/><E41/><V120/><F77/><W70/><G99/><T83/><D93/><U127/><E38/><V72/><F72/><W71/><G64/><T50/><D62/><AGARI ba="0,0" hai="44,46,47,54,59,62,69,70,71,76,79,128,130,131" machi="62" ten="50,6400,0" yaku="29,2,19,1" doraHai="133" who="3" fromWho="0" sc="240,-64,191,0,279,0,290,64" /><INIT seed="3,0,0,5,1,46" ten="176,191,279,354" oya="3" hai0="93,5,89,120,73,32,38,125,4,29,111,41,105" hai1="8,45,15,107,117,11,49,62,16,22,115,53,61" hai2="58,90,10,48,59,68,103,34,65,18,13,121,26" hai3="126,128,123,7,127,99,33,72,23,20,119,30,1"/><W132/><G72/><T2/><D120/><U77/><E115/><V27/><F121/><W131/><G123/><T94/><D105/><U88/><E107/><V81/><F34/><W98/><G119/><T84/><D73/><U109/><E109/><V43/><F68/><W75/><G75/><T122/><D122/><U44/><E117/><V66/><F103/><W0/><G7/><T85/><D2/><U110/><E110/><V17/><F17/><W95/><G95/><T82/><D111/><U78/><E88/><V35/><F35/><W21/><G33/><T134/><D125/><N who="3" m="47625" /><G30/><T54/><D134/><U28/><E45/><N who="2" m="25663" /><F59/><W87/><G87/><T69/><D69/><U55/><E55/><V9/><F9/><N who="1" m="3657" /><E28/><V60/><F66/><W86/><G86/><AGARI ba="0,0" hai="10,13,18,26,27,58,60,65,81,86,90" m="25663" machi="86" ten="30,2000,0" yaku="8,1,52,1" doraHai="46" who="2" fromWho="3" sc="176,0,191,0,279,20,354,-20" owari="176,-32.4,191,-20.9,299,9.9,334,43.4" /></mjloggm>