<mjloggm ver="2.3"><GO type="225" lobby="0"/><UN n0="%E3%82%B7%E3%83%B3%E5%A4%AA%E6%9C%97" n1="%E3%82%A2%E3%83%A1%E3%82%A2%E3%83%A9%E3%83%AC" n2="%61%6D%65%6B%69" n3="%E3%81%A4%E3%81%A3%E3%81%B1%E3%82%8A%E3%83%9D%E3%83%BC%E3%83%AB" dan="16,16,16,17" rate="2158.07,2162.68,2097.91,2227.53" sx="M,M,M,M"/><TAIKYOKU oya="0"/><INIT seed="0,0,0,0,1,20" ten="250,250,250,250" oya="0" hai0="10,81,37,77,126,9,104,71,90,49,2,123,1" hai1="116,134,45,8,65,87,34,124,86,122,48,46,85" hai2="4,6,53,41,31,88,95,61,121,67,78,59,43" hai3="128,111,15,83,131,70,3,125,113,14,55,56,120"/><T99/><D37/><U19/><E116/><V23/><F121/><W98/><G113/><T118/><D118/><U133/><E122/><V93/><F78/><W62/><G120/><T97/><D123/><U32/><E124/><V52/><F95/><W66/><G125/><T58/><D71/><U117/><E117/><V127/><F127/><W91/><G3/><T115/><D115/><U129/><E65/><V51/><F43/><W80/><G111/><T82/><D126/><U108/><E108/><V28/><F41/><W130/><G98/><T47/><D58/><U42/><E129/><V25/><F31/><W17/><G91/><T92/><D1/><U33/><E8/><V69/><F53/><W11/><REACH who="3" step="1"/><G15/><REACH who="3" ten="250,250,250,240" step="2"/><T39/><D2/><U18/><REACH who="1" step="1"/><E45/><REACH who="1" ten="250,240,250,240" step="2"/><V40/><REACH who="2" step="1"/><F40/><REACH who="2" ten="250,240,240,240" step="2"/><W119/><G119/><T63/><D47/><U106/><E106/><V84/><AGARI ba="0,3" hai="4,6,23,25,28,51,52,59,61,67,69,84,88,93" machi="84" ten="20,12000,2" yaku="1,1,2,1,0,1,7,1,52,1,54,2,53,0" doraHai="20" doraHaiUra="36" who="2" fromWho="2" sc="250,-60,240,-30,240,150,240,-30" /><INIT seed="1,0,0,5,3,118" ten="190,210,390,210" oya="1" hai0="27,64,10,84,33,35,21,85,31,38,108,124,50" hai1="13,15,40,105,58,26,1,48,56,106,79,8,63" hai2="61,109,49,25,74,78,115,113,130,73,132,129,88" hai3="68,91,37,44,117,24,5,28,57,52,70,128,92"/><U55/><E79/><V104/><F104/><W67/><G117/><T122/><D38/><U96/><E1/><V23/><F109/><W11/><G128/><N who="2" m="49257" /><F132/><W111/><G67/><T42/><D108/><U100/><E26/><V82/><F61/><W87/><G111/><T94/><D124/><U69/><E69/><V72/><F49/><W120/><G120/><T34/><D64/><U14/><E106/><V66/><F66/><W134/><G134/><T101/><D122/><U80/><E80/><V0/><F0/><W93/><G93/><T20/><D10/><U45/><REACH who="1" step="1"/><E56/><REACH who="1" ten="190,200,390,210" step="2"/><V4/><F78/><W121/><G121/><T60/><D94/><U107/><E107/><V89/><F82/><W131/><G131/><T41/><D27/><U59/><E59/><V16/><F4/><AGARI ba="0,1" hai="4,8,13,14,15,40,45,48,55,58,63,96,100,105" machi="4" ten="30,5800,0" yaku="1,1,7,1,53,1" doraHai="118" doraHaiUra="51" who="1" fromWho="2" sc="190,0,200,68,390,-58,210,0" /><INIT seed="1,1,0,3,5,133" ten="190,268,332,210" oya="1" hai0="86,53,132,112,17,82,32,15,58,41,35,5,73" hai1="87,96,16,47,27,70,68,50,64,62,55,99,74" hai2="92,1,54,30,37,14,19,61,44,26,75,95,84" hai3="22,124,79,77,49,51,88,76,106,107,66,91,48"/><U119/><E74/><V65/><F75/><W40/><G66/><T116/><D132/><U67/><E119/><V38/><F1/><W113/><G40/><T122/><D122/><U115/><E115/><V72/><F38/><W125/><G22/><T31/><D112/><U129/><E129/><V131/><F72/><W101/><G113/><T18/><D73/><U28/><E16/><V39/><F39/><W71/><G71/><T10/><D116/><U126/><E126/><N who="3" m="48746" /><G101/><T85/><D41/><U100/><E87/><V4/><F131/><W90/><AGARI ba="1,0" hai="48,49,51,76,77,79,88,90,91,106,107" m="48746" machi="90" ten="40,16000,3" yaku="29,2,28,2,18,1,52,3,54,1" doraHai="133" who="3" fromWho="3" sc="190,-41,268,-81,332,-41,210,163" /><INIT seed="2,0,0,5,0,70" ten="149,187,291,373" oya="2" hai0="27,2,126,102,97,58,33,86,50,37,131,115,79" hai1="83,68,53,57,112,85,92,48,52,11,38,87,116" hai2="35,135,3,20,132,9,21,99,62,103,119,55,56" hai3="61,13,49,108,109,96,118,122,76,60,117,106,64"/><V124/><F35/><W77/><G122/><T73/><D115/><U94/><E112/><V17/><F119/><N who="3" m="45579" /><G49/><T45/><D131/><U100/><E68/><V82/><F124/><W26/><G13/><T36/><D126/><U84/><E38/><V6/><F82/><W44/><G44/><T123/><D123/><U110/><E110/><N who="3" m="42602" /><G26/><T69/><D69/><U129/><E129/><V88/><F103/><N who="3" m="62823" /><G61/><T32/><D2/><U127/><E11/><V14/><F21/><W25/><G25/><T71/><D71/><AGARI ba="0,0" hai="60,64,71,76,77" m="62823,42602,45579" machi="71" ten="30,1000,0" yaku="14,1" doraHai="70" who="3" fromWho="0" sc="149,-10,187,0,291,0,373,10" /><INIT seed="3,0,0,4,3,110" ten="139,187,291,383" oya="3" hai0="121,20,60,108,46,47,64,13,83,40,9,117,134" hai1="97,37,65,63,124,4,42,132,135,125,1,49,71" hai2="92,105,107,104,12,119,34,43,122,55,115,26,80" hai3="86,66,24,45,111,72,23,99,33,16,53,14,109"/><W93/><G72/><T81/><D134/><N who="1" m="51243" /><E37/><V128/><F119/><W91/><G66/><T98/><D121/><U103/><E4/><V48/><F122/><W87/><G53/><T114/><D117/><U39/><E39/><V32/><F128/><W78/><G45/><T130/><D108/><N who="3" m="41545" /><G78/><T8/><D130/><U41/><E1/><V127/><F43/><N who="1" m="16393" /><E49/><V35/><F127/><W51/><G51/><T123/><D123/><U38/><E38/><V85/><F92/><AGARI ba="0,0" hai="63,65,71,92,97,103,124,125" m="16393,51243" machi="92" ten="30,1000,0" yaku="20,1" doraHai="110" who="1" fromWho="2" sc="139,0,187,10,291,-10,383,0" owari="139,-36.1,197,-20.3,281,8.1,383,48.3" /></mjloggm>