<mjloggm ver="2.3"><GO type="225" lobby="0"/><UN n0="%E5%8D%83%E8%8D%89%E5%8F%B0" n1="%E6%B5%81%E3%82%8C%EF%BC%9F%53%4F%41" n2="%E3%82%A2%E3%83%9E%E3%83%9D%EF%BD%9E%EF%BD%9E%E3%83%A9" n3="%E3%81%9F%E3%81%93%E2%98%86%E7%84%BC%E3%81%8D" dan="16,16,17,16" rate="2025.43,2102.13,2219.16,2109.60" sx="M,M,M,M"/><TAIKYOKU oya="0"/><INIT seed="0,0,0,4,5,38" ten="250,250,250,250" oya="0" hai0="47,92,8,42,79,126,48,24,22,67,50,107,133" hai1="4,130,131,57,94,15,83,29,33,85,62,99,90" hai2="71,3,55,58,49,72,43,32,53,12,44,122,119" hai3="39,61,109,132,26,98,128,76,21,125,75,6,80"/><T35/><D35/><U13/><E4/><V20/><F3/><W54/><G109/><T60/><D60/><U104/><E104/><V114/><F114/><W18/><G128/><N who="1" m="49194" /><E29/><V28/><F72/><W81/><G132/><T63/><D63/><U118/><E33/><V95/><F71/><W123/><G125/><T40/><D40/><U108/><E108/><V17/><F119/><W91/><G39/><T31/><D31/><U27/><E27/><V1/><F1/><W87/><G6/><T46/><D46/><U97/><E97/><V73/><F73/><W52/><G123/><T0/><D0/><U68/><E68/><V113/><F113/><W77/><G61/><T88/><D88/><N who="1" m="55751" /><E118/><V100/><F32/><W66/><G66/><AGARI ba="0,0" hai="13,15,57,62,66,83,85,90" m="55751,49194" machi="66" ten="30,2000,0" yaku="19,1,54,1" doraHai="38" who="1" fromWho="3" sc="250,0,250,20,250,0,250,-20" /><INIT seed="1,0,0,5,5,41" ten="250,270,250,230" oya="1" hai0="15,51,43,44,26,83,122,6,12,42,34,133,103" hai1="119,72,92,101,29,102,73,104,17,98,111,100,126" hai2="63,38,50,66,1,4,9,84,62,59,81,74,37" hai3="91,68,114,125,127,118,3,22,31,11,69,56,86"/><U121/><E29/><V10/><F74/><N who="1" m="28777" /><E17/><V117/><F117/><W55/><G114/><T105/><D105/><U116/><E121/><V5/><F63/><W94/><G118/><N who="1" m="45098" /><E126/><V124/><F124/><N who="3" m="47691" /><G3/><T128/><D128/><U134/><E134/><V0/><REACH who="2" step="1"/><F50/><REACH who="2" ten="250,270,240,230" step="2"/><N who="3" m="30839" /><G11/><T135/><D135/><U70/><E70/><V108/><F108/><W7/><G7/><T76/><D76/><AGARI ba="0,1" hai="0,1,4,5,9,10,37,38,59,62,66,76,81,84" machi="76" ten="30,3900,0" yaku="1,1,7,1,9,1,53,0" doraHai="41" doraHaiUra="89" who="2" fromWho="0" sc="250,-39,270,0,240,49,230,0" /><INIT seed="2,0,0,1,5,97" ten="211,270,289,230" oya="2" hai0="93,34,48,81,112,131,116,53,117,54,13,104,129" hai1="82,41,19,59,128,123,43,30,90,0,31,25,91" hai2="26,46,17,85,65,87,64,33,49,111,44,109,21" hai3="6,120,32,23,51,122,134,133,58,45,99,126,75"/><V29/><F85/><W114/><G32/><T96/><D96/><U63/><E0/><V94/><F87/><W102/><G75/><T3/><D3/><U62/><E128/><V50/><F94/><N who="3" m="58743" /><G6/><T119/><D119/><U74/><E74/><V68/><F50/><W79/><G79/><T7/><D7/><U110/><E110/><N who="2" m="41995" /><F68/><W124/><G23/><T127/><D127/><N who="3" m="48681" /><G58/><T118/><D118/><U78/><E78/><V67/><F49/><W1/><G1/><T57/><D57/><U88/><E82/><V8/><F8/><W5/><G5/><T76/><D76/><U37/><E37/><V84/><F84/><W12/><G12/><AGARI ba="0,0" hai="12,17,21,26,29,33,44,46,64,65,67" m="41995" machi="12" ten="30,2900,0" yaku="14,1,10,1" doraHai="97" who="2" fromWho="3" sc="211,0,270,0,289,29,230,-29" /><INIT seed="2,1,0,0,1,32" ten="211,270,318,201" oya="2" hai0="9,14,123,95,77,105,132,38,58,76,125,99,129" hai1="96,97,91,92,63,60,44,90,20,40,12,64,100" hai2="23,25,22,130,85,111,81,19,94,33,16,2,134" hai3="24,46,102,88,117,27,66,67,75,104,114,47,68"/><V56/><F130/><W106/><G75/><T35/><D35/><U21/><E12/><V70/><F70/><W110/><G117/><T50/><D50/><U101/><E40/><V61/><F134/><W26/><G110/><T131/><D123/><U82/><E44/><N who="3" m="16938" /><G68/><T72/><D38/><U135/><E135/><V29/><F2/><W116/><G116/><T30/><D132/><U4/><E4/><V126/><F94/><W39/><G39/><T65/><D105/><N who="3" m="40553" /><G102/><T108/><D30/><U6/><E6/><V79/><F126/><W86/><G86/><T115/><D125/><U109/><E82/><V122/><F122/><W11/><G11/><T34/><D115/><U121/><E121/><V124/><F111/><W7/><G7/><N who="0" m="3391" /><D34/><U52/><E92/><V87/><F87/><W59/><G59/><T43/><D72/><U53/><REACH who="1" step="1"/><E64/><REACH who="1" ten="211,260,318,201" step="2"/><N who="3" m="24618" /><G114/><T15/><D108/><AGARI ba="1,1" hai="20,21,52,53,60,63,90,91,96,97,100,101,108,109" machi="108" ten="25,6400,0" yaku="1,1,22,2,54,1,53,0" doraHai="32" doraHaiUra="1" who="1" fromWho="0" sc="211,-67,260,77,318,0,201,0" /><INIT seed="3,0,0,4,1,21" ten="144,337,318,201" oya="3" hai0="23,74,9,39,116,22,106,132,66,5,64,83,84" hai1="114,49,24,13,105,20,3,79,124,131,71,127,70" hai2="65,34,2,56,92,60,86,6,99,11,25,14,15" hai3="42,69,50,61,121,68,17,128,8,38,52,7,33"/><W78/><G121/><T89/><D39/><U117/><E3/><V41/><F41/><W111/><G78/><T97/><D116/><U134/><E114/><V36/><F36/><W1/><G128/><T103/><D132/><U98/><E134/><V58/><F86/><W76/><G76/><T72/><D23/><U135/><E135/><V95/><F95/><W118/><G118/><T100/><D100/><N who="1" m="62615" /><E117/><V93/><F93/><W90/><G90/><T82/><D74/><U123/><E123/><V80/><F80/><W120/><G33/><T0/><D82/><U40/><E13/><V91/><F58/><W102/><G102/><T45/><D45/><N who="1" m="25767" /><E79/><V43/><F43/><W88/><G88/><T62/><D72/><U37/><E37/><V122/><F122/><W133/><G17/><T12/><D0/><U16/><E131/><V129/><F129/><W130/><G130/><T112/><D112/><U19/><E19/><V32/><F32/><W4/><G4/><T55/><D55/><U35/><E35/><V51/><F51/><W104/><G104/><T63/><D66/><U85/><E85/><V101/><F91/><W67/><G69/><T107/><D107/><U44/><E44/><V30/><AGARI ba="0,0" hai="2,6,11,14,15,25,30,34,56,60,65,92,99,101" machi="30" ten="30,2000,0" yaku="0,1,52,1" doraHai="21" who="2" fromWho="2" sc="144,-5,337,-5,318,20,201,-10" owari="139,-36.1,332,13.2,338,43.8,191,-20.9" /></mjloggm>