<mjloggm ver="2.3"><GO type="225" lobby="0"/><UN n0="%E5%A4%96%E5%B7%9D%E7%AB%9C%E6%88%90" n1="%E3%82%BC%E3%83%AB%E3%83%80%E3%81%AE%E4%BC%9D%E8%AA%AC" n2="%E4%B8%89%E6%A7%93%E5%AD%90" n3="%E6%80%AA%E3%81%97%E3%81%99%E3%81%8E%E3%82%8B%E3%83%81%E3%83%BC" dan="16,16,16,16" rate="2137.22,2121.90,2065.53,2115.41" sx="M,M,F,M"/><TAIKYOKU oya="0"/><INIT seed="0,0,0,3,3,43" ten="250,250,250,250" oya="0" hai0="33,29,10,67,31,53,9,125,78,4,71,63,134" hai1="35,133,1,110,95,85,16,65,48,36,72,127,23" hai2="131,12,5,98,7,28,88,93,24,99,14,106,11" hai3="91,130,79,54,6,39,87,116,128,45,56,44,107"/><T30/><D125/><U8/><E36/><V52/><F131/><N who="3" m="50219" /><G116/><T74/><D134/><U123/><E72/><V70/><F70/><W109/><G39/><T102/><D78/><U103/><E123/><V81/><F81/><N who="3" m="47551" /><G109/><T59/><D74/><U135/><E35/><V86/><F106/><W114/><G114/><T47/><D102/><U64/><E110/><V32/><REACH who="2" step="1"/><F52/><REACH who="2" ten="250,250,240,250" step="2"/><W0/><G107/><T96/><D71/><U20/><E135/><V80/><F80/><W118/><G118/><T58/><D53/><U15/><E133/><V84/><F84/><W121/><G121/><T46/><D59/><U82/><E127/><V89/><F89/><W90/><G91/><T60/><D63/><U61/><E82/><V18/><F18/><W115/><G90/><T124/><D124/><U92/><E61/><V57/><F57/><W129/><G129/><T2/><D58/><U75/><E85/><V51/><F51/><N who="3" m="30815" /><G115/><T120/><D60/><U112/><E112/><V62/><F62/><W100/><G100/><T19/><D19/><U126/><E126/><V117/><F117/><W111/><G111/><T13/><D120/><U132/><E132/><V22/><F22/><N who="1" m="8233" /><E75/><V69/><F69/><W105/><G105/><T26/><D33/><U42/><E103/><V97/><F97/><W76/><G76/><T101/><D96/><U27/><E16/><V17/><F17/><W122/><G122/><T83/><D101/><U73/><E73/><V49/><F49/><W113/><G113/><T55/><D83/><U41/><E48/><V21/><F21/><W104/><G104/><RYUUKYOKU ba="0,1" sc="250,-15,250,-15,240,15,250,15" hai2="5,7,11,12,14,24,28,32,86,88,93,98,99" hai3="0,6,44,45" /><INIT seed="1,1,1,0,5,133" ten="235,235,255,265" oya="1" hai0="124,0,135,40,89,43,117,120,65,61,119,101,29" hai1="102,73,36,34,37,93,57,128,25,27,81,105,68" hai2="79,118,31,47,114,108,20,52,104,131,122,63,3" hai3="87,84,26,86,39,21,32,1,127,56,83,78,10"/><U94/><E57/><N who="2" m="35239" /><F104/><W130/><G127/><T100/><D0/><U38/><E68/><V48/><F3/><W107/><G107/><T8/><D8/><U69/><E69/><V126/><F118/><W2/><G130/><T113/><D29/><U72/><E128/><V54/><F122/><W49/><G39/><T35/><D35/><U91/><E34/><V112/><F131/><W14/><G32/><T111/><D113/><N who="2" m="43626" /><F108/><W115/><G115/><T134/><D111/><U76/><E72/><V109/><F79/><W4/><G2/><T99/><D120/><U6/><E6/><V19/><F31/><N who="3" m="17871" /><G1/><T18/><D119/><U59/><E59/><V13/><F109/><W23/><G23/><T96/><D117/><U42/><E42/><V45/><F45/><W125/><G125/><AGARI ba="1,1" hai="13,19,20,47,48,54,125,126" m="43626,35239" machi="125" ten="30,7700,0" yaku="11,1,52,2,54,1" doraHai="133" who="2" fromWho="3" sc="235,0,235,0,255,90,265,-80" /><INIT seed="2,0,0,0,5,76" ten="235,235,345,185" oya="2" hai0="22,37,94,83,134,6,68,7,102,82,108,58,116" hai1="26,40,61,85,46,0,121,41,125,119,29,71,72" hai2="48,56,93,107,89,34,64,53,128,77,133,31,123" hai3="55,13,38,98,44,73,126,109,17,27,127,60,90"/><V67/><F123/><W51/><G109/><T78/><D68/><U63/><E119/><V39/><F107/><W66/><G73/><T9/><D37/><U118/><E72/><V4/><F39/><W114/><G114/><T54/><D116/><U117/><E0/><V111/><F128/><W106/><G38/><T115/><D115/><U100/><E121/><V23/><F34/><W49/><G27/><T16/><D108/><U80/><E100/><V8/><F77/><W74/><G74/><T97/><D134/><U120/><E120/><V81/><F111/><W15/><G49/><N who="0" m="31055" /><D9/><U43/><E46/><V30/><F81/><N who="0" m="30730" /><D78/><U87/><E71/><V122/><F122/><W65/><G106/><T75/><D75/><U129/><E129/><V36/><F36/><W79/><G79/><T91/><D102/><U135/><E135/><V3/><F133/><W88/><G90/><T24/><AGARI ba="0,0" hai="6,7,16,22,24,91,94,97" m="30730,31055" machi="24" ten="30,8000,1" yaku="8,1,52,3,54,1" doraHai="76" who="0" fromWho="0" sc="235,80,235,-20,345,-40,185,-20" /><INIT seed="3,0,0,1,1,8" ten="315,215,305,165" oya="3" hai0="2,24,43,72,96,27,89,85,117,42,63,92,0" hai1="20,97,44,35,131,12,55,37,33,5,49,66,74" hai2="83,87,71,56,58,93,31,69,40,22,130,122,98" hai3="116,38,18,134,124,67,78,45,15,108,17,106,11"/><W21/><G116/><T120/><D72/><U132/><E74/><V52/><F130/><W19/><G106/><T16/><D117/><U84/><E131/><V119/><F119/><W99/><G124/><T79/><D0/><U86/><E37/><V121/><F40/><N who="0" m="15402" /><D2/><U115/><E132/><V111/><F111/><W104/><G108/><T48/><D120/><N who="2" m="46186" /><F31/><W75/><G134/><T90/><D79/><U34/><E84/><V62/><F22/><W57/><G38/><T105/><D105/><U123/><E55/><V1/><F58/><W68/><G68/><T81/><D63/><U53/><E49/><V76/><F1/><W47/><G78/><N who="0" m="46263" /><D48/><U3/><E44/><N who="3" m="16970" /><G75/><T28/><D28/><U100/><E86/><V64/><F64/><W133/><G104/><T103/><D24/><U51/><E20/><AGARI ba="0,0" hai="16,20,27,89,90,92,96,103" m="46263,15402" machi="20" ten="30,2000,0" yaku="8,1,54,1" doraHai="8" who="0" fromWho="1" sc="315,20,215,-20,305,0,165,0" owari="335,43.5,195,-20.5,305,10.5,165,-33.5" /></mjloggm>