<mjloggm ver="2.3"><GO type="225" lobby="0"/><UN n0="%E4%B8%89%E5%86%A0%E7%8E%8B%E3%83%BB%E5%B1%B1%E7%94%B0%E5%93%B2%E4%BA%BA" n1="%E5%AE%AE%E4%BF%9D%E9%B6%8F%E8%82%89" n2="%4C%4F%4C%49%54%41" n3="%4D%50%43%32%38%30%30" dan="16,16,16,16" rate="2130.58,2098.80,2134.47,2097.39" sx="M,M,F,M"/><TAIKYOKU oya="0"/><INIT seed="0,0,0,0,4,39" ten="250,250,250,250" oya="0" hai0="28,77,46,10,75,21,3,115,85,73,15,31,79" hai1="18,105,87,59,127,11,1,122,48,38,32,108,34" hai2="74,78,47,104,25,43,0,130,97,51,113,117,19" hai3="27,123,107,50,2,67,55,40,109,92,53,82,36"/><T6/><D115/><U106/><E122/><V41/><F113/><W129/><G2/><T95/><D75/><U102/><E38/><V71/><F0/><W44/><G107/><T60/><D73/><U57/><E108/><V121/><F121/><W84/><G123/><T13/><D3/><U91/><E127/><V116/><F71/><W126/><G126/><T124/><D124/><U54/><E59/><V118/><F130/><W112/><G112/><T80/><D77/><U68/><E68/><V94/><F104/><W35/><G129/><T120/><D120/><U58/><E58/><V89/><F78/><W14/><G109/><T90/><D60/><U135/><E135/><V81/><F81/><W96/><G67/><T45/><D15/><U86/><E86/><V61/><F61/><W66/><G66/><T42/><D21/><U5/><E18/><V114/><F74/><W7/><G35/><T72/><REACH who="0" step="1"/><D46/><REACH who="0" ten="240,250,250,250" step="2"/><U23/><E23/><N who="2" m="13567" /><F114/><W56/><G27/><T33/><D33/><U88/><E32/><V24/><F24/><W128/><G128/><T76/><D76/><U9/><E34/><V65/><F65/><W62/><G14/><T93/><D93/><N who="1" m="54431" /><E106/><V29/><F29/><W69/><G69/><T119/><D119/><U134/><E105/><V52/><AGARI ba="0,1" hai="41,43,47,51,52,89,94,97,116,117,118" m="13567" machi="52" ten="30,7900,0" yaku="12,1,52,2,54,1" doraHai="39" who="2" fromWho="2" sc="240,-39,250,-20,250,89,250,-20" /><INIT seed="1,0,0,2,4,10" ten="201,230,339,230" oya="1" hai0="29,77,67,92,46,109,4,41,120,52,84,62,9" hai1="2,58,131,128,1,40,51,111,87,12,74,110,126" hai2="103,57,20,33,108,69,112,99,80,36,43,97,127" hai3="21,28,47,11,106,113,3,49,82,64,13,117,79"/><U98/><E74/><V16/><F69/><W70/><G113/><T125/><D109/><N who="1" m="41483" /><E126/><V25/><F108/><W134/><G134/><T107/><D125/><U15/><E87/><V132/><F127/><W38/><G106/><T48/><D120/><U63/><E98/><V31/><F132/><W5/><G38/><T88/><D107/><U115/><E115/><V8/><F112/><W19/><G117/><T85/><D29/><U89/><E89/><V135/><F135/><W68/><G64/><T123/><D123/><U129/><E40/><V22/><F80/><W27/><G3/><N who="1" m="1034" /><E51/><V86/><F86/><W93/><G93/><T105/><D105/><U72/><E72/><V65/><F43/><W102/><G102/><T45/><D85/><U35/><E35/><V101/><F36/><W53/><G28/><T0/><D77/><U37/><E37/><V23/><F99/><W124/><G124/><T81/><D81/><U6/><E6/><V30/><F30/><W73/><AGARI ba="0,0" hai="5,11,13,19,21,27,47,49,53,68,70,73,79,82" machi="73" ten="20,2700,0" yaku="0,1,7,1,52,1" doraHai="10" who="3" fromWho="3" sc="201,-7,230,-13,339,-7,230,27" /><INIT seed="2,0,0,0,4,19" ten="194,217,332,257" oya="2" hai0="18,24,124,47,107,43,66,132,90,100,76,52,72" hai1="102,27,40,6,88,114,67,1,96,118,70,104,69" hai2="23,25,133,94,91,7,81,46,28,79,113,45,35" hai3="99,30,17,129,36,82,51,33,10,22,63,130,86"/><V2/><F133/><W122/><G36/><T59/><D132/><U60/><E114/><V29/><F113/><W54/><G122/><T61/><D124/><U74/><E118/><V9/><F29/><W98/><G63/><T49/><D107/><U115/><E115/><V15/><F2/><W31/><G33/><T93/><D100/><U53/><E74/><V12/><F15/><N who="3" m="9535" /><G10/><T21/><D72/><U97/><E40/><V87/><REACH who="2" step="1"/><F35/><REACH who="2" ten="194,217,322,257" step="2"/><W37/><G31/><T55/><REACH who="0" step="1"/><D76/><REACH who="0" ten="184,217,322,257" step="2"/><U119/><E119/><V39/><F39/><W123/><G37/><T14/><D14/><U26/><E1/><V116/><F116/><W73/><G123/><T13/><D13/><U111/><E26/><V117/><F117/><W64/><G130/><T34/><D34/><U50/><E27/><V128/><F128/><W65/><G129/><T16/><D16/><U32/><E32/><V80/><F80/><W11/><G82/><T89/><D89/><U44/><E88/><V134/><F134/><W41/><G73/><AGARI ba="0,2" hai="7,9,12,23,25,28,45,46,73,79,81,87,91,94" machi="73" ten="30,11600,0" yaku="1,1,7,1,52,1,53,1" doraHai="19" doraHaiUra="4" who="2" fromWho="3" sc="184,0,217,0,322,136,257,-116" /><INIT seed="2,1,0,2,0,46" ten="184,217,458,141" oya="2" hai0="69,64,112,118,84,89,42,108,34,55,70,33,30" hai1="61,31,39,27,12,1,0,47,50,13,44,81,45" hai2="79,74,72,38,77,7,68,105,26,101,36,127,17" hai3="37,82,35,131,106,18,114,67,75,28,5,90,113"/><V43/><F68/><W8/><G37/><T103/><D112/><N who="3" m="43113" /><G106/><T58/><D103/><U9/><E39/><V128/><F7/><W111/><G67/><T83/><D108/><U96/><E61/><V16/><F127/><W6/><G75/><T130/><D130/><U60/><E60/><V132/><F128/><W94/><G82/><T117/><D42/><U15/><E81/><V119/><F132/><W135/><G131/><T73/><D73/><U14/><E96/><V2/><F2/><W59/><G59/><T95/><D64/><U78/><E78/><V4/><F4/><W56/><G56/><T71/><D83/><U134/><E134/><V24/><F43/><W57/><G57/><T126/><D30/><U133/><E133/><V11/><F11/><W51/><G135/><T92/><D92/><U123/><E123/><V110/><F101/><W121/><G121/><T102/><D126/><U107/><E107/><V25/><F25/><N who="3" m="18831" /><G111/><T10/><D10/><U97/><E97/><V54/><F105/><W62/><G62/><N who="0" m="36191" /><D102/><U29/><E50/><V122/><F122/><W116/><G51/><T91/><D91/><U87/><E87/><V100/><F100/><W125/><G116/><AGARI ba="1,0" hai="33,34,69,70,71,84,89,95,116,117,118" m="36191" machi="116" ten="40,1300,0" yaku="12,1" doraHai="46" who="0" fromWho="3" sc="184,16,217,0,458,0,141,-16" /><INIT seed="3,0,0,2,4,75" ten="200,217,458,125" oya="3" hai0="77,120,123,41,5,83,54,134,16,127,36,11,71" hai1="98,93,59,61,62,86,10,48,113,35,4,51,43" hai2="24,76,96,135,100,14,56,115,118,25,85,78,122" hai3="55,95,133,21,74,69,84,15,129,63,47,46,90"/><W58/><G133/><T91/><D134/><U0/><E113/><V50/><F115/><W73/><G129/><T12/><D71/><U109/><E35/><V79/><F135/><W114/><G114/><T44/><D127/><U23/><E109/><V45/><F118/><W89/><G69/><T131/><D131/><U49/><E43/><V130/><F130/><W99/><G74/><T7/><D91/><U60/><E23/><V132/><F132/><W117/><G73/><T72/><REACH who="0" step="1"/><D54/><REACH who="0" ten="190,217,458,125" step="2"/><U82/><E59/><V121/><F56/><W20/><G117/><T42/><D42/><U29/><E29/><V39/><F14/><W22/><REACH who="3" step="1"/><G15/><REACH who="3" ten="190,217,458,115" step="2"/><T125/><D125/><U38/><E0/><V32/><F121/><AGARI ba="0,2" hai="5,7,11,12,16,36,41,44,72,77,83,120,121,123" machi="121" ten="40,12000,2" yaku="1,1,52,1,54,1,53,3" doraHai="75" doraHaiUra="119" who="0" fromWho="2" sc="190,140,217,0,458,-120,115,0" owari="330,13.0,217,-18.3,338,43.8,115,-38.5" /></mjloggm>