<mjloggm ver="2.3"><GO type="225" lobby="0"/><UN n0="%E3%81%92%E3%81%A3%E3%81%A1" n1="%E3%81%B5%E3%81%98%E3%81%8B%E3%81%A4" n2="%E3%83%B4%E3%82%A3%E3%83%AF%E3%82%B3%E3%82%B0%E3%83%8B" n3="%E5%84%AA%40%41%42%43" dan="17,17,16,17" rate="2237.39,2233.91,2182.46,2143.00" sx="M,M,M,M"/><TAIKYOKU oya="0"/><INIT seed="0,0,0,3,4,90" ten="250,250,250,250" oya="0" hai0="126,107,113,74,2,30,103,110,54,57,23,8,75" hai1="109,39,67,29,15,44,127,100,14,0,70,85,59" hai2="114,3,76,53,134,92,108,129,35,73,87,91,45" hai3="122,81,9,22,104,115,63,97,79,51,33,65,78"/><T42/><D113/><U128/><E0/><V82/><F108/><W84/><G115/><T40/><D110/><U41/><E29/><V93/><F114/><W55/><G33/><T12/><D2/><U26/><E109/><V71/><F71/><W86/><G122/><T1/><D1/><U116/><E116/><V19/><F35/><W47/><G9/><T13/><D107/><U124/><E26/><V66/><F66/><W20/><G104/><T83/><D103/><U98/><E85/><V72/><F3/><W7/><G7/><T99/><D99/><U21/><E70/><V69/><F69/><W50/><G50/><T125/><D30/><U48/><E128/><V131/><F134/><W46/><G47/><T132/><D23/><N who="3" m="8745" /><G97/><T112/><D112/><U60/><E39/><V25/><F19/><W31/><G31/><T117/><D117/><U6/><E6/><V135/><F25/><W111/><G111/><T106/><D106/><N who="1" m="63767" /><E21/><V34/><F34/><W24/><G24/><T120/><D132/><U130/><E130/><N who="2" m="49675" /><F72/><W64/><G63/><N who="0" m="36279" /><D75/><U77/><E77/><N who="3" m="29194" /><G86/><T105/><D105/><U28/><E28/><V36/><F135/><W133/><G133/><T17/><D120/><U58/><E58/><V119/><F119/><W101/><G101/><T68/><D68/><U96/><E96/><V4/><F4/><W95/><G81/><T80/><D13/><U61/><E61/><V37/><F93/><W62/><G62/><T121/><D121/><U11/><E15/><V94/><F94/><W56/><G56/><T10/><D74/><U49/><E49/><AGARI ba="0,0" hai="36,37,45,49,53,73,76,82,87,91,92" m="49675" machi="49" ten="30,3900,0" yaku="6,1,19,1,52,1" doraHai="90" who="2" fromWho="1" sc="250,0,250,-39,250,39,250,0" /><INIT seed="1,0,0,3,0,50" ten="250,211,289,250" oya="1" hai0="8,37,2,45,12,113,116,57,81,110,88,14,27" hai1="22,53,79,40,28,74,128,38,67,16,29,10,86" hai2="69,130,117,115,18,87,49,21,4,0,66,59,102" hai3="114,135,80,111,70,39,44,19,118,119,78,98,11"/><U97/><E74/><V89/><F117/><N who="3" m="44555" /><G114/><T52/><D113/><U94/><E128/><V85/><F115/><W103/><G70/><T55/><D110/><U92/><E67/><V75/><F75/><N who="3" m="43103" /><G19/><T95/><D81/><N who="1" m="47423" /><E40/><V109/><F109/><W73/><G11/><T125/><D125/><U32/><E10/><V121/><F121/><W46/><G73/><T122/><D122/><U107/><E32/><V91/><F130/><W71/><G71/><T33/><D2/><U43/><E43/><V108/><F108/><W26/><G26/><T54/><D116/><U64/><E38/><V123/><F123/><W61/><G39/><T99/><D45/><N who="3" m="17513" /><G61/><T1/><D37/><U17/><E107/><V20/><F69/><W36/><G36/><T76/><D76/><U65/><E17/><V47/><F18/><W127/><G111/><T35/><D57/><U25/><E94/><V3/><F4/><W133/><G127/><T34/><REACH who="0" step="1"/><D27/><REACH who="0" ten="240,211,289,250" step="2"/><U93/><E29/><V30/><F30/><W106/><AGARI ba="0,1" hai="98,103,106,133,135" m="17513,43103,44555" machi="106" ten="30,1100,0" yaku="12,1" doraHai="50" who="3" fromWho="3" sc="240,-3,211,-5,289,-3,250,21" /><INIT seed="2,0,0,2,4,59" ten="237,206,286,271" oya="2" hai0="19,82,57,13,64,124,12,9,115,39,78,25,44" hai1="11,128,33,117,129,24,53,38,105,113,51,67,74" hai2="47,26,99,104,126,0,102,133,81,122,31,103,116" hai3="28,66,45,69,10,1,22,73,58,7,29,20,135"/><V77/><F126/><W71/><G135/><T41/><D115/><U85/><E105/><V75/><F133/><W100/><G73/><T120/><D120/><U30/><E74/><V40/><F102/><W50/><G71/><T52/><D124/><U55/><E113/><V112/><F112/><W17/><G69/><T76/><D64/><U6/><E117/><V88/><F116/><W68/><G68/><T46/><D46/><U48/><E38/><V89/><F0/><W92/><G22/><T94/><D94/><U62/><E85/><V91/><F122/><W118/><G118/><T125/><D125/><U134/><E134/><V110/><F110/><W18/><G17/><T3/><D3/><U5/><E51/><V101/><F101/><W54/><G66/><T90/><D25/><U36/><E36/><V79/><F79/><W107/><G45/><T65/><D65/><U108/><E108/><V114/><F114/><W98/><REACH who="3" step="1"/><G107/><REACH who="3" ten="237,206,286,261" step="2"/><T27/><D19/><U61/><E67/><V70/><F70/><W32/><G32/><T93/><D44/><N who="1" m="27783" /><E55/><V63/><F47/><W119/><G119/><T97/><D52/><U84/><E84/><V86/><F40/><W132/><G132/><T23/><D41/><U15/><E6/><V21/><REACH who="2" step="1"/><F63/><REACH who="2" ten="237,206,276,261" step="2"/><W56/><G56/><T34/><D57/><U127/><E127/><V14/><F14/><AGARI ba="0,2" hai="1,7,10,14,18,20,28,29,50,54,58,92,98,100" machi="14" ten="30,2000,0" yaku="1,1,7,1,53,0" doraHai="59" doraHaiUra="106" who="3" fromWho="2" sc="237,0,206,0,276,-20,261,40" /><INIT seed="3,0,0,2,2,126" ten="237,206,256,301" oya="3" hai0="48,119,58,33,99,27,70,0,114,125,55,75,19" hai1="29,117,71,82,56,122,105,54,101,115,59,77,76" hai2="31,127,112,135,94,25,47,51,106,38,41,49,130" hai3="61,53,85,23,118,110,123,68,86,4,26,104,42"/><W18/><G118/><T100/><D119/><U120/><E115/><V24/><F106/><W7/><G123/><T131/><D125/><U3/><E71/><V45/><F112/><W103/><G42/><T39/><D0/><U78/><E117/><V1/><F127/><W12/><G110/><T90/><D39/><U34/><E3/><V134/><F1/><W62/><G104/><T102/><D70/><U116/><E116/><V72/><F72/><W98/><G68/><T35/><D75/><U113/><E113/><V6/><F6/><W57/><G62/><T80/><D114/><U46/><E82/><V32/><F94/><N who="3" m="58839" /><G4/><T88/><D131/><U40/><E105/><V21/><F130/><W20/><G7/><T74/><D74/><U60/><E101/><V133/><REACH who="2" step="1"/><F45/><REACH who="2" ten="237,206,246,301" step="2"/><W132/><G132/><T9/><D80/><U44/><E44/><V13/><F13/><W107/><G107/><T30/><D102/><U17/><E122/><V15/><F15/><W108/><G108/><T11/><D100/><U36/><E120/><V73/><F73/><W2/><G2/><T64/><D99/><U111/><E111/><V22/><F22/><W93/><G93/><T121/><D121/><U128/><E128/><V124/><F124/><W109/><G109/><T28/><D35/><U81/><E81/><V50/><F50/><W91/><G91/><T65/><D88/><U129/><E129/><V95/><F95/><W69/><G69/><T52/><D90/><U89/><E89/><V16/><AGARI ba="0,1" hai="16,21,24,25,31,32,38,41,47,49,51,133,134,135" machi="16" ten="30,7900,0" yaku="1,1,0,1,20,1,54,1,53,0" doraHai="126" doraHaiUra="87" who="2" fromWho="2" sc="237,-20,206,-20,246,89,301,-39" owari="217,-18.3,186,-31.4,335,43.5,262,6.2" /></mjloggm>