<mjloggm ver="2.3"><GO type="225" lobby="0"/><UN n0="%E9%B3%B3%E6%9D%B1%E3%81%AE%E3%81%86%E3%81%95%E3%81%8E%E3%81%95%E3%82%93" n1="%E3%81%A8%E3%82%93%E3%81%A8%E3%81%93%E3%81%A8%E3%82%93" n2="%E3%83%9D%E3%83%B3%E3%83%9D%E3%82%B3%E5%95%86%E4%BA%8B" n3="%E5%A4%9C%E3%81%AE%E3%82%AC%E3%82%B9%E3%83%91%E3%83%BC%E3%83%AB" dan="17,16,16,16" rate="2220.54,2173.98,2160.73,2099.02" sx="M,F,M,M"/><TAIKYOKU oya="0"/><INIT seed="0,0,0,2,1,38" ten="250,250,250,250" oya="0" hai0="28,83,40,123,68,99,49,57,91,3,100,96,132" hai1="58,13,53,74,33,15,14,70,31,94,119,111,69" hai2="62,54,81,55,39,71,135,10,110,128,61,46,86" hai3="37,22,36,112,104,121,45,47,41,130,0,97,17"/><T66/><D123/><U23/><E119/><V12/><F110/><W82/><G112/><T4/><D132/><U48/><E33/><V25/><F128/><W52/><G0/><T42/><D68/><U95/><E74/><V122/><F122/><W26/><G121/><T60/><D28/><U93/><E111/><V89/><F135/><W77/><G130/><T50/><D3/><U59/><E70/><V103/><F103/><W124/><G124/><T107/><D4/><U35/><E69/><V102/><F102/><W30/><G97/><N who="0" m="37451" /><D107/><U24/><REACH who="1" step="1"/><E35/><REACH who="1" ten="250,240,250,250" step="2"/><V1/><F71/><W51/><G104/><T73/><D73/><U118/><E118/><V29/><F1/><W8/><G37/><T116/><D116/><U129/><E129/><V113/><F39/><W7/><G7/><T131/><D131/><U80/><E80/><V5/><F113/><W63/><G82/><T84/><D100/><U109/><E109/><V6/><F6/><W90/><G77/><T18/><D18/><U64/><E64/><V67/><F67/><W19/><G19/><T127/><D127/><U11/><E11/><V88/><F5/><W120/><G120/><T108/><D108/><U72/><E72/><V114/><F81/><W27/><G8/><T101/><D101/><U78/><E78/><V32/><F10/><W2/><G17/><T117/><D117/><U75/><E75/><V43/><F114/><W20/><G20/><T9/><D9/><U85/><E85/><V134/><F86/><W115/><G22/><T106/><D106/><U76/><E76/><V21/><F32/><RYUUKYOKU ba="0,1" sc="250,15,240,15,250,-15,250,-15" hai0="40,42,49,50,57,60,66,83,84,91" hai1="13,14,15,23,24,31,48,53,58,59,93,94,95" /><INIT seed="0,1,1,1,0,92" ten="265,255,235,235" oya="0" hai0="19,27,21,132,91,46,14,34,94,61,0,110,111" hai1="75,128,85,10,79,52,105,42,24,103,134,127,8" hai2="98,5,71,119,114,63,41,35,40,73,2,12,104" hai3="32,51,31,116,54,37,112,44,113,125,109,120,123"/><T60/><D0/><U133/><E75/><V7/><F114/><W67/><G32/><T69/><D132/><N who="1" m="50795" /><E42/><V131/><F73/><W48/><G31/><N who="0" m="19839" /><D46/><U15/><E24/><V117/><F2/><W84/><G116/><N who="2" m="44617" /><F35/><W95/><G109/><N who="0" m="41483" /><D69/><U121/><E121/><N who="3" m="46666" /><G125/><T124/><D124/><U56/><E127/><V102/><F131/><W118/><G118/><T4/><D4/><N who="2" m="1610" /><F12/><W50/><G112/><T88/><D91/><U36/><E128/><V25/><F25/><W129/><G113/><T38/><D38/><U17/><E36/><V64/><AGARI ba="1,1" hai="40,41,63,64,71,98,102,104" m="1610,44617" machi="64" ten="30,2000,0" yaku="12,1,52,1" doraHai="92" who="2" fromWho="2" sc="265,-11,255,-6,235,33,235,-6" /><INIT seed="1,0,0,2,3,3" ten="254,249,268,229" oya="1" hai0="135,114,109,116,92,52,46,45,47,0,8,112,33" hai1="85,29,53,79,65,56,43,102,70,26,25,87,18" hai2="97,126,134,50,41,11,99,110,23,1,133,115,107" hai3="64,89,24,108,71,95,48,51,83,119,132,81,28"/><U101/><E43/><V122/><F122/><W94/><G108/><T36/><D116/><U100/><E70/><V57/><F110/><W60/><G119/><T37/><D109/><U69/><E69/><V15/><F1/><W127/><G132/><N who="2" m="50793" /><F23/><W121/><G127/><T111/><D111/><U7/><E65/><V58/><F115/><W44/><G121/><T118/><D118/><U98/><E79/><V82/><F82/><W63/><G63/><T21/><D33/><U59/><E98/><N who="2" m="37387" /><F107/><W27/><G27/><T40/><D92/><U106/><E106/><V6/><F126/><W14/><G95/><T84/><D21/><U32/><E32/><V68/><F68/><W125/><G125/><T96/><D0/><U38/><E38/><V67/><F67/><W16/><G83/><T131/><D37/><U55/><E29/><V93/><F93/><W39/><G81/><T120/><D36/><U73/><E73/><V19/><F19/><W10/><G94/><T74/><D74/><U30/><E18/><V12/><F12/><W104/><G89/><T22/><D114/><U49/><E30/><V91/><F91/><W103/><G104/><T35/><D112/><U13/><E13/><V78/><F78/><W20/><REACH who="3" step="1"/><G103/><REACH who="3" ten="254,249,268,219" step="2"/><T77/><D135/><U124/><E124/><V75/><F75/><W2/><G2/><T123/><D77/><U9/><E101/><V66/><F66/><W130/><G130/><T42/><D131/><U113/><E113/><V128/><F128/><W72/><G72/><T54/><D123/><U31/><E100/><V86/><F86/><RYUUKYOKU ba="0,1" sc="254,-15,249,-15,268,15,219,15" hai2="6,11,15,41,50,57,58" hai3="10,14,16,20,24,28,39,44,48,51,60,64,71" /><INIT seed="2,1,1,1,0,128" ten="239,234,283,234" oya="2" hai0="35,48,3,59,45,30,132,46,118,75,64,72,77" hai1="101,15,44,14,54,116,122,91,114,51,86,85,43" hai2="13,111,1,58,109,127,16,11,94,100,92,112,2" hai3="130,4,67,42,52,76,5,93,99,41,103,89,21"/><V113/><F127/><W119/><G119/><T134/><D3/><U20/><E114/><V97/><F94/><N who="3" m="58871" /><G130/><T84/><D118/><U71/><E116/><V7/><F58/><W22/><G76/><T73/><D30/><U74/><E74/><V26/><F26/><W37/><G37/><T105/><D35/><U87/><E71/><V25/><F25/><W126/><G126/><T90/><D77/><U78/><E78/><V57/><F57/><W31/><G67/><T110/><D105/><U96/><E122/><V38/><F38/><W81/><G81/><T29/><D29/><U95/><E20/><N who="3" m="7786" /><G31/><T121/><D121/><U133/><E133/><N who="0" m="51305" /><D110/><N who="2" m="41994" /><F7/><N who="3" m="2635" /><G52/><N who="0" m="32135" /><D64/><U53/><E101/><V62/><F62/><W12/><G12/><AGARI ba="1,1" hai="12,14,15,43,44,51,53,54,85,86,87,91,95,96" machi="12" ten="40,1300,0" yaku="8,1" doraHai="128" who="1" fromWho="3" sc="239,0,234,26,283,0,234,-16" /><INIT seed="3,0,0,1,1,77" ten="239,260,283,218" oya="3" hai0="122,36,63,26,96,12,125,42,89,41,34,54,14" hai1="50,16,33,23,124,39,126,4,13,32,104,129,101" hai2="61,64,29,55,25,107,0,113,106,76,38,46,132" hai3="108,20,45,58,21,44,130,47,133,80,43,78,83"/><W95/><G130/><T81/><D122/><U75/><E39/><V68/><F113/><W35/><G35/><T10/><D125/><U52/><E75/><V57/><F0/><W37/><G133/><T17/><D36/><U53/><E4/><V119/><F119/><W93/><G108/><T102/><D12/><U92/><E104/><V109/><F109/><W112/><G112/><T86/><D34/><U100/><E129/><V98/><F98/><W27/><G43/><T2/><D2/><U91/><E100/><V70/><F70/><W1/><G37/><T105/><REACH who="0" step="1"/><D26/><REACH who="0" ten="229,260,283,218" step="2"/><U15/><E15/><V73/><F132/><W127/><G127/><T123/><D123/><U128/><E33/><V111/><F111/><W31/><G1/><T66/><D66/><U90/><E32/><V72/><F38/><W85/><G21/><T82/><D82/><U5/><E23/><V74/><F64/><W118/><G118/><T67/><D67/><U99/><E124/><V114/><F25/><W11/><G11/><T60/><D60/><U22/><E126/><V134/><F61/><W9/><G9/><T71/><D71/><U62/><E128/><V84/><F68/><W6/><G6/><T65/><D65/><U51/><E62/><V88/><F134/><W56/><G83/><T24/><D24/><U8/><E5/><V110/><F114/><W97/><REACH who="3" step="1"/><G95/><REACH who="3" ten="229,260,283,208" step="2"/><T120/><D120/><U49/><E8/><V3/><F110/><W7/><G7/><T121/><D121/><U79/><E92/><N who="2" m="54279" /><F3/><W135/><G135/><T59/><AGARI ba="0,2" hai="10,14,17,41,42,54,59,63,81,86,89,96,102,105" machi="59" ten="30,7900,0" yaku="1,1,0,1,52,1,53,1" doraHai="77" doraHaiUra="103" who="0" fromWho="0" sc="229,99,260,-20,283,-20,208,-39" owari="328,42.8,240,-16.0,263,6.3,169,-33.1" /></mjloggm>