<mjloggm ver="2.3"><GO type="225" lobby="0"/><UN n0="%4C%4F%4C%49%54%41" n1="%54%4F%52" n2="%E5%B0%8F%E9%B3%A5%E9%81%8A%E7%B7%B4%E7%84%A1%32%31%E6%AD%B3" n3="%E3%81%B2%E3%81%AA%E3%81%AE%E3%82%8A%E3%81%8F" dan="16,17,16,17" rate="2156.80,2207.29,2130.30,2181.59" sx="F,M,F,M"/><TAIKYOKU oya="0"/><INIT seed="0,0,0,4,1,32" ten="250,250,250,250" oya="0" hai0="38,95,84,44,81,96,132,15,47,37,5,36,67" hai1="100,28,26,64,61,116,10,18,122,29,88,104,20" hai2="54,31,119,131,17,74,57,27,52,125,103,97,39" hai3="9,0,105,42,69,53,110,43,7,133,3,62,85"/><T16/><D132/><U58/><E116/><V126/><F119/><W135/><G105/><T13/><D67/><U76/><E122/><V68/><F68/><W66/><G110/><T91/><D5/><U115/><E115/><V94/><F39/><W78/><G3/><T109/><D13/><U117/><E117/><V120/><F120/><W6/><G6/><T102/><REACH who="0" step="1"/><D109/><REACH who="0" ten="240,250,250,250" step="2"/><U127/><E64/><V24/><F126/><W112/><G112/><T46/><D46/><U30/><E127/><V8/><F125/><W114/><G114/><T128/><D128/><U134/><E134/><V113/><F131/><W99/><G135/><T124/><D124/><U22/><E26/><V49/><F113/><W45/><G133/><T93/><D93/><U48/><E104/><V123/><F123/><W77/><G7/><T111/><D111/><U14/><E14/><V12/><F27/><W73/><G45/><T34/><D34/><U121/><E121/><V98/><F24/><W80/><G66/><T63/><D63/><U35/><E61/><V79/><F31/><W51/><G62/><T86/><D86/><U50/><E35/><V92/><F74/><W101/><G85/><T1/><D1/><U33/><E33/><V4/><F4/><W72/><G72/><T82/><D82/><U106/><E106/><V60/><F92/><W56/><G80/><T23/><AGARI ba="0,1" hai="15,16,23,36,37,38,44,47,81,84,91,95,96,102" machi="23" ten="30,6000,0" yaku="1,1,0,1,54,1,53,0" doraHai="32" doraHaiUra="25" who="0" fromWho="0" sc="240,70,250,-20,250,-20,250,-20" /><INIT seed="0,1,0,3,2,2" ten="310,230,230,230" oya="0" hai0="56,7,122,79,1,57,9,65,71,18,30,109,127" hai1="87,128,23,125,77,116,72,16,22,80,8,92,0" hai2="12,96,37,39,59,119,32,112,94,53,101,135,89" hai3="46,17,49,114,38,51,58,41,64,86,48,93,3"/><T36/><D122/><U85/><E116/><V15/><F112/><W40/><G114/><T111/><D127/><U5/><E125/><V90/><F32/><W61/><G3/><T26/><D36/><U107/><E107/><V132/><F119/><W21/><G41/><T47/><D47/><U67/><E128/><V129/><F129/><W75/><G75/><T74/><D18/><U113/><E113/><V55/><F101/><W28/><G28/><T68/><D79/><U82/><E67/><V103/><F103/><W43/><G43/><T60/><D56/><U100/><E23/><V10/><F89/><N who="3" m="53431" /><G38/><T45/><D45/><U50/><E50/><V84/><F84/><W123/><G123/><T20/><REACH who="0" step="1"/><D74/><REACH who="0" ten="300,230,230,230" step="2"/><U14/><E72/><V24/><F39/><W130/><G130/><T95/><D95/><U25/><E92/><V70/><F37/><W91/><G91/><T118/><D118/><U11/><E100/><V117/><F117/><W62/><G62/><T98/><D98/><U35/><E77/><V83/><F96/><W31/><G31/><T52/><D52/><U110/><E87/><V4/><F53/><W99/><G99/><T13/><D13/><AGARI ba="1,1" hai="13,17,21,40,46,48,49,51,58,61,64" m="53431" machi="13" ten="30,1000,0" yaku="8,1" doraHai="2" who="3" fromWho="0" sc="300,-13,230,0,230,0,230,23" /><INIT seed="1,0,0,0,1,4" ten="287,230,230,253" oya="1" hai0="17,44,92,104,45,21,96,77,87,127,23,95,57" hai1="46,70,16,52,3,20,81,51,34,5,50,109,9" hai2="48,14,80,120,25,27,32,124,128,53,100,8,68" hai3="43,28,115,11,97,79,89,133,60,15,126,98,75"/><U125/><E125/><V24/><F120/><W58/><G115/><T13/><D104/><U74/><E34/><V111/><F68/><W37/><G126/><T40/><D127/><U2/><E70/><V35/><F124/><W112/><G112/><T73/><D73/><U88/><E2/><V121/><F111/><W134/><G28/><T67/><D23/><U135/><E135/><N who="3" m="51722" /><G89/><N who="0" m="53311" /><D40/><U130/><E130/><V86/><F128/><W131/><G131/><T110/><D77/><U90/><E109/><V101/><F32/><W123/><G123/><T62/><D110/><U49/><E74/><V47/><F35/><W56/><G56/><T71/><D71/><U83/><E50/><V30/><F30/><W78/><G43/><T64/><D67/><U118/><E118/><V113/><F121/><W114/><G37/><T66/><D64/><U0/><E0/><V10/><F113/><W129/><G129/><T93/><D93/><U38/><E38/><V22/><F22/><W122/><G122/><T94/><D94/><U18/><E18/><N who="2" m="8519" /><F10/><W119/><G119/><T108/><D108/><U105/><E105/><V82/><F82/><N who="3" m="45407" /><G79/><AGARI ba="0,0" hai="24,25,27,47,48,53,79,80,86,100,101" m="8519" machi="79" ten="30,2000,0" yaku="8,1,52,1" doraHai="4" who="2" fromWho="3" sc="287,0,230,0,230,20,253,-20" /><INIT seed="2,0,0,0,0,46" ten="287,230,250,233" oya="2" hai0="19,111,105,48,1,113,50,121,13,32,22,3,114" hai1="62,130,82,90,72,31,106,94,38,8,53,10,18" hai2="2,107,14,93,132,69,67,21,41,7,109,28,125" hai3="76,119,55,73,52,6,115,61,4,78,63,120,131"/><V17/><F107/><W11/><G119/><T40/><D121/><U124/><E106/><V87/><F132/><W118/><G118/><T134/><D32/><U80/><E38/><V96/><F41/><W58/><G120/><T100/><D111/><U117/><E117/><V64/><F125/><W122/><G122/><T37/><D134/><U9/><E124/><V127/><F127/><W12/><G131/><T33/><D33/><U104/><E104/><V71/><F28/><W126/><G126/><T30/><D30/><U35/><E130/><V89/><F109/><W15/><G73/><T29/><D29/><U27/><E18/><V47/><F47/><W60/><G115/><T77/><D37/><U133/><E133/><V116/><F116/><W103/><G103/><T85/><D40/><U66/><E53/><N who="3" m="20554" /><G58/><T70/><D70/><U79/><E82/><V84/><F7/><N who="3" m="2603" /><G11/><T129/><D129/><U26/><E26/><V57/><F2/><W45/><G45/><T24/><D1/><U128/><E128/><V97/><F57/><W23/><G23/><N who="0" m="11759" /><D3/><U112/><E112/><V81/><F71/><W101/><G101/><T42/><D100/><U110/><E110/><V51/><F69/><W75/><G75/><T25/><D105/><U20/><E35/><V91/><F67/><W135/><G135/><T68/><D68/><U59/><REACH who="1" step="1"/><E8/><REACH who="1" ten="287,220,250,233" step="2"/><V123/><F123/><W98/><G98/><AGARI ba="0,1" hai="9,10,20,27,31,59,62,66,72,79,80,90,94,98" machi="98" ten="30,3900,0" yaku="1,1,2,1,7,1,53,0" doraHai="46" doraHaiUra="43" who="1" fromWho="3" sc="287,0,220,49,250,0,233,-39" /><INIT seed="3,0,0,1,5,16" ten="287,269,250,194" oya="3" hai0="109,133,33,134,3,71,130,102,45,85,110,105,122" hai1="63,67,121,51,49,29,100,75,95,47,39,77,89" hai2="129,106,131,56,123,124,80,125,19,36,96,107,40" hai3="68,12,86,78,114,99,62,73,57,118,58,41,93"/><W91/><G118/><T60/><D122/><U20/><E121/><V94/><F123/><W83/><G114/><T97/><D130/><N who="2" m="49674" /><F56/><W115/><G115/><T104/><D3/><U15/><E39/><V38/><F40/><W9/><G41/><T120/><D120/><U22/><E100/><N who="2" m="60439" /><F19/><W7/><G68/><T113/><D113/><U81/><E29/><V2/><F2/><W54/><REACH who="3" step="1"/><G58/><REACH who="3" ten="287,269,250,184" step="2"/><T32/><D71/><U37/><E37/><V6/><F38/><W25/><G25/><T64/><D133/><U48/><E47/><V52/><F36/><W66/><G66/><T126/><D45/><U116/><E116/><V135/><F135/><W70/><G70/><T34/><D134/><U92/><E67/><V61/><F52/><W18/><G18/><T127/><D64/><U8/><E63/><V11/><F61/><W74/><AGARI ba="0,1" hai="7,9,12,54,57,62,73,74,78,83,86,91,93,99" machi="74" ten="30,3000,0" yaku="1,1,0,1,53,0" doraHai="16" doraHaiUra="132" who="3" fromWho="3" sc="287,-10,269,-10,250,-10,184,40" /><INIT seed="3,1,0,0,1,109" ten="277,259,240,224" oya="3" hai0="95,91,53,83,3,132,129,27,15,81,55,49,101" hai1="8,19,116,80,93,10,103,7,30,131,72,133,74" hai2="94,60,64,87,50,52,20,112,106,73,125,28,9" hai3="121,29,115,123,85,82,126,77,63,100,43,40,69"/><W31/><G115/><T135/><D3/><U13/><E131/><V89/><F125/><W41/><G126/><T46/><D101/><U86/><E133/><N who="0" m="51273" /><D129/><U124/><E124/><V34/><F73/><W33/><G100/><T88/><D15/><U1/><E116/><V97/><F112/><W62/><G33/><T70/><D70/><U108/><E108/><V105/><F34/><W23/><G23/><T6/><D6/><U67/><E30/><V130/><F130/><W128/><G128/><T24/><D53/><U111/><E111/><V127/><F127/><W25/><G69/><T90/><D95/><U42/><E67/><V21/><F9/><W68/><G68/><T18/><D18/><U37/><E42/><V2/><F2/><W54/><G54/><T79/><D83/><U110/><E37/><V99/><F105/><W14/><G14/><T66/><D66/><U38/><E38/><V118/><F118/><W61/><REACH who="3" step="1"/><G25/><REACH who="3" ten="277,259,240,214" step="2"/><T120/><D120/><AGARI ba="1,1" hai="29,31,40,41,43,61,62,63,77,82,85,120,121,123" machi="120" ten="50,12000,1" yaku="1,1,2,1,53,3" doraHai="109" doraHaiUra="57" who="3" fromWho="0" sc="277,-123,259,0,240,0,214,133" owari="154,-34.6,259,5.9,240,-16.0,347,44.7" /></mjloggm>