<mjloggm ver="2.3"><GO type="225" lobby="0"/><UN n0="%73%6C%69%63%6B%33%31%39" n1="%E4%B8%AD%E5%B9%B4%E3%81%AE%E5%8D%B1%E6%A9%9F" n2="%E9%B3%B3%E6%9D%B1%E3%81%AE%E3%81%86%E3%81%95%E3%81%8E%E3%81%95%E3%82%93" n3="%E3%81%AF%E3%82%88%E3%81%8A%E3%81%98%E3%81%95%E3%82%93" dan="16,17,17,17" rate="2175.32,2217.76,2272.83,2210.63" sx="M,M,M,M"/><TAIKYOKU oya="0"/><INIT seed="0,0,0,2,5,98" ten="250,250,250,250" oya="0" hai0="12,9,112,86,130,102,120,33,101,63,14,10,122" hai1="88,56,54,35,51,34,60,104,73,64,47,57,15" hai2="118,80,21,38,20,113,19,1,8,85,77,117,53" hai3="31,71,96,27,67,66,18,59,132,13,124,74,43"/><T25/><D112/><U125/><E125/><V62/><F38/><W36/><G74/><T11/><D130/><U68/><E73/><V61/><F113/><W135/><G71/><T7/><D33/><U95/><E104/><V48/><F1/><W23/><G124/><T89/><D120/><U128/><E128/><V123/><F123/><W107/><G43/><T6/><D122/><U41/><E15/><N who="0" m="5673" /><D63/><N who="2" m="24074" /><F19/><W81/><G81/><N who="0" m="49359" /><D25/><U29/><E57/><N who="2" m="32935" /><F8/><N who="0" m="2050" /><T0/><DORA hai="119" /><D0/><U99/><REACH who="1" step="1"/><E29/><REACH who="1" ten="250,240,250,250" step="2"/><V24/><F24/><W55/><G27/><T94/><D94/><U49/><AGARI ba="0,1" hai="34,35,41,47,49,51,54,56,60,64,68,88,95,99" machi="49" ten="20,12000,2" yaku="1,1,2,1,0,1,7,1,54,1,53,1" doraHai="98,119" doraHaiUra="75,50" who="1" fromWho="1" sc="250,-60,240,130,250,-30,250,-30" /><INIT seed="1,0,0,2,1,69" ten="190,370,220,220" oya="1" hai0="40,34,46,67,101,76,119,29,117,90,9,78,13" hai1="102,4,31,3,58,92,71,45,122,68,115,96,85" hai2="48,37,88,70,39,15,43,120,25,105,55,10,62" hai3="118,133,52,82,80,26,54,14,129,23,27,61,113"/><U106/><E122/><V50/><F105/><W49/><G113/><T111/><D111/><U75/><E115/><V59/><F120/><W131/><G133/><T0/><D101/><U108/><E108/><V11/><F25/><W94/><G118/><T121/><D121/><U42/><E58/><V130/><F130/><N who="3" m="49675" /><G94/><T6/><D67/><U33/><E92/><V135/><F135/><W18/><G61/><T107/><D107/><U84/><E85/><V35/><F35/><W38/><G38/><T19/><D90/><U21/><E21/><V12/><F70/><W36/><G36/><N who="0" m="21767" /><D76/><U86/><E84/><V97/><F43/><W72/><G54/><T64/><D78/><U65/><E86/><V51/><F12/><W53/><G53/><T24/><D64/><U32/><E75/><V87/><F97/><W28/><G72/><T5/><D5/><U66/><E65/><V57/><F10/><N who="3" m="6487" /><G27/><T89/><D89/><U99/><E99/><V56/><F59/><AGARI ba="0,0" hai="23,26,28,49,52,59,80,82" m="6487,49675" machi="59" ten="30,2000,0" yaku="19,1,54,1" doraHai="69" who="3" fromWho="2" sc="190,0,370,0,220,-20,220,20" /><INIT seed="2,0,0,1,5,109" ten="190,370,200,240" oya="2" hai0="83,56,10,85,107,46,74,16,80,64,27,130,21" hai1="7,71,38,4,126,54,28,115,49,11,132,42,77" hai2="127,9,106,35,70,81,103,32,19,73,114,58,88" hai3="23,31,100,48,25,122,6,102,113,131,123,41,18"/><V68/><F58/><W128/><G6/><T121/><D121/><N who="3" m="46089" /><G113/><T94/><D107/><U45/><E126/><V50/><F50/><W30/><G41/><T108/><D108/><U79/><E132/><V5/><F19/><W15/><G48/><T129/><D46/><U112/><E71/><N who="2" m="27179" /><F88/><W13/><G102/><T105/><D105/><U76/><E28/><N who="3" m="10794" /><G100/><T14/><D94/><U52/><E7/><V55/><F55/><W36/><G36/><T20/><D74/><U51/><E38/><V47/><F47/><W101/><G101/><T117/><D117/><U92/><E92/><V72/><F127/><W96/><G96/><T116/><D116/><U87/><E87/><V1/><F114/><W59/><G59/><T12/><D56/><U65/><E65/><V37/><F37/><W40/><G40/><T24/><D64/><U91/><E91/><V110/><F110/><W17/><G13/><T95/><D95/><U124/><E124/><V67/><F67/><W3/><G3/><T75/><D75/><N who="2" m="28746" /><F81/><W43/><G43/><T39/><D39/><U33/><E42/><V61/><F61/><W26/><G18/><T99/><D99/><AGARI ba="0,0" hai="1,5,9,32,35,99,103,106" m="28746,27179" machi="99" ten="30,2900,0" yaku="33,2" doraHai="109" who="2" fromWho="0" sc="190,-29,370,0,200,29,240,0" /><INIT seed="2,1,0,1,0,117" ten="161,370,229,240" oya="2" hai0="14,38,47,80,15,29,103,110,73,23,27,113,1" hai1="90,83,82,32,71,84,31,81,12,102,76,59,87" hai2="78,69,60,96,131,57,101,10,51,41,49,17,50" hai3="20,5,114,56,130,100,8,45,128,36,65,133,119"/><V97/><F131/><N who="3" m="50219" /><G119/><T94/><D110/><U135/><E71/><V118/><F118/><W126/><G126/><T111/><D111/><U63/><E135/><V112/><F112/><W115/><G133/><T98/><D113/><U79/><E102/><V86/><F69/><W18/><G100/><T125/><D125/><U30/><E12/><N who="2" m="7319" /><F41/><N who="3" m="22695" /><G65/><T99/><D1/><U4/><E4/><V108/><F101/><W39/><G56/><T129/><D129/><U116/><E116/><V134/><F134/><W107/><G39/><T122/><D122/><U40/><E40/><V91/><F78/><W24/><G107/><T64/><D64/><U42/><E42/><V109/><F109/><W2/><AGARI ba="1,0" hai="2,5,8,18,20,24,114,115" m="22695,50219" machi="2" ten="30,1100,0" yaku="19,1" doraHai="117" who="3" fromWho="3" sc="161,-4,370,-4,229,-6,240,14" /><INIT seed="3,0,0,2,1,37" ten="157,366,223,254" oya="3" hai0="87,112,86,15,65,126,64,101,134,94,102,74,81" hai1="93,12,3,35,38,2,78,130,1,26,19,123,13" hai2="99,0,8,76,109,24,50,22,97,11,34,31,56" hai3="52,118,6,23,82,17,108,40,121,16,98,39,92"/><W36/><G121/><T51/><D126/><U32/><E38/><V66/><F109/><W43/><G118/><T67/><D134/><U106/><E106/><V20/><F76/><W42/><G36/><T30/><D112/><U72/><E93/><V54/><F66/><W113/><G39/><T83/><D74/><U77/><E72/><V95/><F99/><W105/><G105/><T89/><D30/><U133/><E78/><V45/><F0/><W18/><G113/><T104/><D104/><U84/><E84/><V44/><F22/><W96/><G108/><T60/><D60/><U47/><E47/><N who="2" m="17995" /><F34/><N who="1" m="12841" /><E77/><V59/><F59/><W71/><G71/><T125/><D125/><U88/><E88/><AGARI ba="0,0" hai="8,11,20,24,31,50,54,56,88,95,97" m="17995" machi="88" ten="30,2000,0" yaku="8,1,54,1" doraHai="37" who="2" fromWho="1" sc="157,0,366,-20,223,20,254,0" owari="157,-34.3,346,44.6,243,-15.7,254,5.4" /></mjloggm>