<mjloggm ver="2.3"><GO type="225" lobby="0"/><UN n0="%E3%81%B5%E3%81%98%E3%81%8B%E3%81%A4" n1="%72%65%6E%6B%75%6E" n2="%E6%B0%B7%E5%B7%9D%E9%87%8C%E5%A5%88" n3="%33%74%72%65%65" dan="16,17,16,16" rate="2210.73,2198.38,2093.80,2128.87" sx="M,M,F,F"/><TAIKYOKU oya="0"/><INIT seed="0,0,0,4,1,9" ten="250,250,250,250" oya="0" hai0="5,94,131,121,30,133,38,119,97,44,73,93,7" hai1="126,16,19,23,63,54,132,129,123,2,134,108,81" hai2="12,72,28,62,86,31,77,95,29,87,50,118,82" hai3="114,4,115,48,14,66,107,39,35,51,125,46,17"/><T0/><D121/><U13/><E81/><V92/><F118/><W56/><G125/><T76/><D119/><U65/><E123/><V20/><F62/><W80/><G35/><T90/><D133/><N who="1" m="51307" /><E126/><V45/><F72/><W89/><G107/><T37/><D30/><U26/><E2/><V78/><F87/><N who="3" m="50407" /><G39/><T59/><D131/><U127/><E127/><V128/><F78/><W61/><G4/><T53/><D7/><U11/><E129/><V34/><F34/><W68/><G68/><T74/><D93/><U101/><E101/><V103/><F103/><W18/><G115/><T67/><D37/><U106/><E54/><V41/><REACH who="2" step="1"/><F128/><REACH who="2" ten="250,250,240,250" step="2"/><W112/><G112/><T91/><D76/><U42/><E108/><V113/><F113/><W22/><G114/><T32/><D74/><U71/><E106/><V57/><F57/><W120/><G120/><T79/><D32/><U98/><E98/><V104/><F104/><W52/><G46/><T111/><D111/><U33/><E33/><V55/><F55/><W85/><G85/><T15/><D79/><U3/><E3/><V10/><F10/><N who="3" m="6359" /><G66/><T99/><D0/><U117/><E117/><V116/><F116/><W36/><G36/><T8/><D73/><U64/><E64/><V88/><F88/><W1/><G1/><T83/><D67/><U130/><E130/><V110/><F110/><W6/><G61/><N who="0" m="36079" /><D38/><U84/><E84/><V58/><F58/><W49/><G56/><T69/><D44/><U60/><E60/><V122/><F122/><W135/><G135/><T25/><D8/><U100/><E100/><RYUUKYOKU ba="0,1" sc="250,-15,250,15,240,15,250,-15" hai1="11,13,16,19,23,26,42,63,65,71" hai2="12,20,28,29,31,41,45,50,77,82,86,92,95" /><INIT seed="1,1,1,0,2,8" ten="235,265,255,235" oya="1" hai0="81,98,75,100,73,114,41,49,82,132,122,20,66" hai1="94,74,4,85,127,113,31,33,7,55,10,107,3" hai2="99,6,16,14,118,38,58,124,86,27,115,135,130" hai3="83,34,44,77,24,50,90,119,70,72,22,32,68"/><U61/><E74/><V80/><F118/><W64/><G119/><T112/><D66/><U105/><E113/><N who="0" m="43625" /><D49/><U103/><E4/><V1/><F115/><W133/><G133/><T36/><D41/><U19/><E127/><V45/><F135/><W46/><G46/><T76/><D36/><U88/><E103/><V51/><F124/><W9/><G90/><T57/><D57/><U30/><E19/><V25/><F130/><W59/><G59/><T18/><D18/><U84/><E84/><V78/><F99/><W104/><G104/><N who="0" m="63511" /><D20/><U109/><E109/><V0/><F38/><W23/><G23/><T26/><D26/><U52/><E61/><V37/><F37/><W108/><G108/><T69/><D132/><U67/><E67/><V134/><F134/><W40/><G9/><T48/><D48/><U39/><E39/><V102/><F58/><W13/><G64/><T63/><D63/><U97/><E97/><V95/><F6/><W47/><G47/><T56/><D56/><U91/><E33/><V62/><F62/><W5/><G68/><T17/><D17/><U21/><E21/><N who="2" m="11415" /><F0/><W15/><G70/><T28/><D28/><U117/><E117/><V93/><F1/><W101/><G5/><T121/><D69/><U12/><E3/><V110/><F110/><W128/><G32/><T43/><D43/><U125/><E125/><V35/><F35/><W92/><G34/><T96/><D96/><N who="1" m="57415" /><E31/><V129/><F45/><W111/><G111/><T87/><D73/><U29/><E29/><V54/><F51/><W65/><G50/><T89/><AGARI ba="1,1" hai="75,76,81,82,87,89,121,122" m="63511,43625" machi="89" ten="30,4000,0" yaku="5,1,34,2" doraHai="8" who="0" fromWho="0" sc="235,53,265,-21,255,-11,235,-11" /><INIT seed="2,0,0,3,4,45" ten="288,244,244,224" oya="2" hai0="131,110,58,3,29,74,10,103,94,47,118,91,122" hai1="28,26,30,76,104,32,49,9,92,132,98,114,100" hai2="42,133,120,33,107,84,115,134,117,128,44,38,15" hai3="72,17,93,59,25,66,36,90,105,87,20,13,102"/><V79/><F115/><W40/><G72/><T43/><D122/><U50/><E114/><V31/><F120/><W21/><G105/><T16/><D74/><U109/><E109/><V57/><F117/><W68/><G68/><T119/><D103/><U39/><E39/><V124/><F107/><W69/><G69/><T80/><D29/><U24/><E132/><N who="2" m="50795" /><F128/><W116/><G116/><T55/><D80/><U135/><E135/><V54/><F124/><W41/><G36/><T95/><D110/><U19/><E76/><V23/><F33/><W5/><G102/><T97/><D95/><U96/><E9/><V67/><F67/><W70/><G70/><T34/><D34/><U99/><E19/><N who="2" m="10751" /><F31/><N who="3" m="17831" /><G5/><T56/><D131/><U61/><E61/><AGARI ba="0,0" hai="13,17,21,40,41,59,61,66,87,90,93" m="17831" machi="61" ten="30,1000,0" yaku="8,1" doraHai="45" who="3" fromWho="1" sc="288,0,244,-10,244,0,224,10" /><INIT seed="3,0,0,5,4,102" ten="288,234,244,234" oya="3" hai0="8,18,49,63,67,43,33,1,52,84,69,103,130" hai1="7,37,105,28,41,87,74,4,123,3,134,62,120" hai2="129,10,21,109,20,25,121,58,99,0,50,14,72" hai3="64,100,91,13,83,78,56,108,94,19,44,82,115"/><W122/><G115/><T114/><D130/><U40/><E74/><V57/><F72/><W126/><G122/><T2/><D114/><U32/><E41/><V132/><F109/><W26/><G108/><T133/><D33/><U11/><E62/><V127/><F0/><W35/><G100/><T39/><D103/><U66/><E66/><V76/><F76/><W24/><G126/><T101/><D101/><U54/><E54/><V81/><F81/><N who="3" m="30731" /><G35/><T15/><D84/><U65/><E65/><V9/><F99/><N who="3" m="57823" /><G78/><T110/><D133/><U106/><E87/><V90/><F90/><W46/><G56/><N who="0" m="32783" /><D110/><U86/><E86/><V80/><F80/><W118/><G64/><T16/><D18/><U61/><E7/><V85/><F85/><W47/><G118/><T55/><D55/><U135/><E61/><V113/><F113/><W45/><N who="3" m="11264" /><DORA hai="128" /><W71/><G71/><T98/><D98/><U38/><E40/><V117/><F117/><W29/><G29/><T31/><D31/><U17/><E17/><N who="2" m="10295" /><F127/><W59/><G59/><N who="2" m="22537" /><F129/><W12/><G19/><T23/><D43/><U111/><E111/><V96/><F121/><N who="1" m="46665" /><E28/><N who="2" m="17455" /><F132/><N who="1" m="50729" /><E32/><V124/><F124/><W53/><G53/><T89/><D67/><U27/><E27/><AGARI ba="0,0" hai="12,13,24,26,27" m="11264,57823,30731" machi="27" ten="40,2000,0" yaku="8,1" doraHai="102,128" who="3" fromWho="1" sc="288,0,234,-20,244,0,234,20" /><INIT seed="3,1,0,2,3,55" ten="288,214,244,254" oya="3" hai0="8,50,58,80,118,75,70,105,126,92,133,79,30" hai1="73,99,112,87,9,74,14,52,28,110,113,37,115" hai2="102,63,121,76,119,134,106,91,26,45,82,64,61" hai3="44,109,3,77,49,90,83,0,78,23,56,35,67"/><W38/><G35/><T18/><D118/><U41/><E110/><V40/><F119/><W123/><G123/><T72/><D70/><U25/><E99/><V122/><F134/><W54/><G109/><T81/><D105/><U84/><E37/><V51/><F91/><W130/><G130/><T33/><D133/><U86/><E41/><V98/><F26/><W6/><G90/><T114/><D92/><U66/><E66/><V71/><REACH who="2" step="1"/><F63/><REACH who="2" ten="288,214,234,254" step="2"/><W116/><G116/><T104/><D114/><U93/><E93/><V89/><F89/><W132/><G132/><T12/><D80/><U88/><E88/><V48/><F48/><W21/><G49/><T127/><D50/><U43/><E43/><V101/><F101/><W65/><G83/><T2/><D81/><U69/><E69/><V68/><F68/><W128/><G38/><T10/><D79/><U34/><REACH who="1" step="1"/><E52/><REACH who="1" ten="288,204,234,254" step="2"/><V57/><F57/><W22/><G56/><T42/><D58/><U15/><E15/><V96/><F96/><W1/><G54/><T97/><D42/><U11/><E11/><V7/><F7/><AGARI ba="1,2" hai="7,9,14,25,28,34,73,74,84,86,87,112,113,115" machi="7" ten="50,3200,0" yaku="1,1,53,1" doraHai="55" doraHaiUra="24" who="1" fromWho="2" sc="288,0,204,55,234,-35,254,0" /><INIT seed="4,0,0,2,5,127" ten="288,259,199,254" oya="0" hai0="17,83,61,87,49,69,110,42,9,91,16,105,85" hai1="72,57,101,15,113,117,120,86,1,54,41,124,43" hai2="26,103,78,4,66,126,46,27,81,122,45,109,108" hai3="60,100,52,129,77,125,96,65,48,128,121,114,104"/><T70/><D105/><U73/><E72/><V21/><F122/><W55/><G125/><T31/><D110/><U80/><E73/><V88/><F126/><W75/><G114/><T63/><D31/><U92/><E1/><V76/><F103/><W51/><G121/><T95/><D70/><U102/><E117/><V18/><F4/><W119/><G119/><T20/><D9/><U90/><E120/><V29/><F66/><W130/><G77/><N who="0" m="46319" /><D69/><U98/><E124/><V14/><F109/><W71/><G75/><T68/><D17/><U99/><E15/><V5/><F108/><W132/><G132/><T59/><D68/><U3/><E3/><V79/><F5/><W64/><G64/><T97/><D97/><U134/><E134/><V62/><F62/><W38/><G38/><T22/><D22/><U74/><E74/><V93/><F81/><W33/><G33/><T12/><D59/><U115/><E115/><V10/><REACH who="2" step="1"/><F27/><REACH who="2" ten="288,259,189,254" step="2"/><W135/><G135/><T30/><D63/><U56/><E113/><V112/><F112/><W118/><G118/><T7/><D7/><U8/><E102/><V47/><F47/><W25/><G25/><T106/><D61/><U6/><E101/><V24/><F24/><W111/><G111/><T28/><D106/><U32/><E80/><V36/><F36/><W2/><G2/><T58/><D58/><U67/><E57/><V94/><F94/><W107/><G104/><T116/><D116/><U34/><E56/><V53/><F53/><AGARI ba="0,1" hai="48,51,52,53,55,60,65,71,96,100,107,128,129,130" machi="53" ten="40,8000,1" yaku="19,1,52,3,54,1" doraHai="127" who="3" fromWho="2" sc="288,0,259,0,189,-80,254,90" owari="288,8.8,259,-14.1,109,-39.1,344,44.4" /></mjloggm>