<mjloggm ver="2.3"><GO type="225" lobby="0"/><UN n0="%E3%81%8C%E3%81%9F" n1="%72%65%6E%6B%75%6E" n2="%E3%81%BF%E3%81%BF%E3%81%9A" n3="%E3%81%A8%E3%82%93%E3%81%A8%E3%81%93%E3%81%A8%E3%82%93" dan="16,17,18,16" rate="2111.24,2194.55,2255.55,2128.06" sx="M,M,M,F"/><TAIKYOKU oya="0"/><INIT seed="0,0,0,4,2,18" ten="250,250,250,250" oya="0" hai0="59,58,29,120,11,108,17,3,43,135,15,98,110" hai1="131,93,115,111,89,55,12,119,88,25,91,80,113" hai2="106,21,49,28,33,45,62,123,20,82,132,102,130" hai3="71,24,61,69,86,9,81,125,100,79,112,7,78"/><T92/><D120/><U122/><E122/><V31/><F123/><W2/><G112/><N who="1" m="43082" /><E119/><V96/><F130/><W63/><G125/><T40/><D135/><U76/><E131/><V16/><F132/><W133/><G133/><T10/><D29/><U117/><E117/><V8/><F33/><W35/><G100/><T87/><D87/><N who="1" m="48519" /><E111/><N who="0" m="42537" /><D10/><U134/><E134/><V124/><F124/><W83/><G63/><T126/><D3/><U42/><E42/><N who="0" m="15913" /><D126/><U65/><E12/><V1/><F62/><W19/><G61/><T109/><N who="0" m="42545" /><T47/><DORA hai="104" /><D47/><U44/><E65/><V6/><F82/><W51/><G51/><T26/><D26/><U90/><E25/><V103/><F103/><AGARI ba="0,0" hai="11,15,17,58,59,92,98,103" m="15913,42545" machi="103" ten="40,3900,0" yaku="14,1,10,1" doraHai="18,104" who="0" fromWho="2" sc="250,39,250,0,250,-39,250,0" /><INIT seed="0,1,0,0,2,71" ten="289,250,211,250" oya="0" hai0="19,91,30,54,61,123,47,124,69,11,8,1,46" hai1="75,5,58,76,52,60,38,51,17,107,3,97,106" hai2="113,43,44,55,88,12,26,111,104,134,110,70,6" hai3="39,128,53,0,86,112,125,90,32,131,41,99,122"/><T64/><D123/><U18/><E38/><N who="2" m="21623" /><F113/><W10/><G112/><T79/><D124/><U65/><E75/><V84/><F104/><W29/><G125/><T126/><D126/><U83/><E3/><V22/><F70/><W94/><G122/><T82/><D30/><U7/><E106/><V48/><F6/><N who="1" m="2057" /><E107/><V33/><F33/><W87/><G0/><T72/><D91/><U121/><E121/><V98/><F98/><W66/><G10/><T117/><D117/><U108/><E108/><N who="2" m="41515" /><F12/><W45/><G66/><T63/><D1/><U20/><E97/><V105/><F105/><W95/><G53/><T89/><D54/><U101/><E101/><V21/><F26/><N who="3" m="18487" /><G95/><T77/><D69/><U24/><E83/><N who="2" m="49183" /><F134/><W132/><G132/><T37/><D64/><U115/><E115/><V9/><F9/><W81/><G81/><T62/><D11/><U4/><N who="1" m="2065" /><U68/><DORA hai="16" /><E76/><V127/><F127/><W114/><G114/><T96/><D8/><U85/><E68/><V35/><F35/><W92/><G92/><N who="0" m="56335" /><D79/><U100/><E100/><V103/><F103/><W129/><AGARI ba="1,0" hai="39,41,45,86,87,90,94,99,128,129,131" m="18487" machi="129" ten="30,2000,0" yaku="19,1,52,1" doraHai="71,16" who="3" fromWho="3" sc="289,-11,250,-6,211,-6,250,23" /><INIT seed="1,0,0,4,4,56" ten="278,244,205,273" oya="1" hai0="88,90,63,15,35,30,10,92,89,47,121,34,13" hai1="76,2,97,71,52,32,28,6,127,62,95,109,75" hai2="5,21,72,45,49,23,101,79,91,104,74,77,66" hai3="82,25,46,96,117,1,100,78,130,133,86,102,16"/><U59/><E127/><V93/><F5/><W73/><G1/><T11/><D121/><U106/><E106/><V80/><F66/><W87/><G130/><T70/><D47/><U9/><E71/><V54/><F77/><W85/><G133/><T135/><D135/><U123/><E123/><V33/><F33/><W115/><G115/><T112/><D112/><U111/><E32/><V12/><F72/><W7/><G117/><T103/><D34/><U118/><E28/><V19/><F101/><W68/><G68/><T65/><D30/><U14/><E118/><V55/><F104/><W26/><G7/><T114/><D35/><U122/><E122/><V60/><F23/><W124/><G124/><T84/><D114/><U40/><E40/><V131/><F131/><W27/><G46/><T53/><D53/><U36/><E36/><V44/><F60/><W128/><G128/><T69/><D69/><U107/><E107/><V43/><REACH who="2" step="1"/><F45/><REACH who="2" ten="278,244,195,273" step="2"/><W22/><REACH who="3" step="1"/><G100/><REACH who="3" ten="278,244,195,263" step="2"/><T119/><D119/><U67/><E2/><V134/><F134/><W39/><G39/><T3/><D3/><U31/><E109/><V41/><F41/><W125/><G125/><T83/><D103/><N who="1" m="60863" /><E111/><V8/><F8/><W126/><G126/><T105/><D11/><U57/><E9/><V0/><F0/><W4/><G4/><T94/><D10/><U29/><E6/><V98/><AGARI ba="0,2" hai="12,19,21,43,44,49,54,55,74,79,80,91,93,98" machi="98" ten="20,2700,0" yaku="1,1,0,1,7,1,53,0" doraHai="56" doraHaiUra="58" who="2" fromWho="2" sc="278,-7,244,-13,195,47,263,-7" /><INIT seed="2,0,0,2,4,25" ten="271,231,242,256" oya="2" hai0="90,59,3,79,120,17,93,32,26,96,106,36,51" hai1="104,38,113,30,117,2,29,124,77,134,108,109,99" hai2="115,69,34,1,54,129,105,131,22,20,88,50,86" hai3="97,56,16,24,7,126,53,80,4,78,114,11,33"/><V92/><F115/><W125/><G114/><T15/><D120/><U127/><E113/><V70/><F1/><W31/><G97/><T103/><D36/><U123/><E123/><V28/><F105/><W102/><G102/><T71/><D3/><U21/><E117/><V41/><F41/><W43/><G43/><T74/><D71/><N who="2" m="27146" /><F34/><W14/><G125/><N who="1" m="48202" /><E38/><V10/><F28/><N who="1" m="10857" /><E2/><V101/><F10/><W110/><G110/><N who="1" m="42602" /><E77/><V37/><F37/><W68/><G126/><T98/><D79/><U0/><E0/><V13/><F101/><W95/><G68/><T57/><D103/><N who="1" m="62591" /><E21/><V40/><F40/><W111/><G111/><T76/><D76/><U39/><E39/><V116/><F116/><W121/><G121/><T94/><D106/><U6/><E6/><V87/><F87/><W49/><G95/><T9/><D93/><U84/><E84/><AGARI ba="0,0" hai="4,7,11,14,16,24,31,33,49,53,56,78,80,84" machi="84" ten="30,3900,0" yaku="7,1,52,1,54,1" doraHai="25" who="3" fromWho="1" sc="271,0,231,-39,242,0,256,39" /><INIT seed="3,0,0,5,4,0" ten="271,192,242,295" oya="3" hai0="33,128,54,130,96,23,8,26,85,43,71,4,31" hai1="99,5,76,11,122,74,20,63,95,32,90,88,47" hai2="73,13,42,53,68,121,94,41,77,35,27,34,56" hai3="109,100,110,104,59,106,36,51,91,25,134,135,86"/><W65/><G36/><T87/><D71/><U75/><E32/><V60/><F121/><W124/><G25/><T18/><D43/><U55/><E122/><V79/><F68/><W3/><G3/><N who="0" m="31" /><D96/><U93/><E20/><V48/><F73/><W10/><G10/><T70/><D70/><U6/><E76/><V19/><F35/><W84/><G124/><T108/><D54/><U15/><E6/><V16/><F94/><N who="3" m="54631" /><G86/><N who="0" m="32779" /><D108/><N who="3" m="41577" /><G100/><T97/><D97/><U133/><E133/><N who="3" m="50698" /><G65/><T89/><D89/><U44/><E93/><V123/><F123/><W46/><G59/><T102/><D102/><U62/><E90/><V118/><F118/><W1/><G1/><T29/><D33/><U103/><E103/><V17/><F34/><W92/><G92/><T22/><D26/><U7/><E7/><V14/><F27/><W78/><G78/><N who="2" m="29705" /><F13/><W129/><G129/><T101/><D101/><U28/><E28/><V69/><F69/><W113/><G113/><T112/><D112/><U132/><E132/><V57/><F14/><W111/><G111/><T58/><D29/><U39/><E39/><V52/><AGARI ba="0,0" hai="16,17,19,41,42,48,52,53,56,57,60" m="29705" machi="52" ten="30,4000,0" yaku="8,1,54,2" doraHai="0" who="2" fromWho="2" sc="271,-10,192,-10,242,40,295,-20" /><INIT seed="4,0,0,0,4,86" ten="261,182,282,275" oya="0" hai0="27,72,47,16,65,95,49,35,24,97,48,39,75" hai1="33,125,44,69,53,107,4,19,73,90,40,103,71" hai2="135,23,128,17,92,6,18,94,117,52,12,57,68" hai3="96,116,3,13,108,82,5,32,105,106,10,113,134"/><T46/><D65/><U115/><E33/><V119/><F68/><W11/><G108/><T66/><D66/><U22/><E73/><V0/><F135/><W51/><G116/><N who="2" m="44617" /><F128/><W88/><G32/><T131/><D39/><U91/><E125/><V129/><F129/><W25/><G134/><T85/><D131/><U29/><E29/><V104/><F104/><W15/><G113/><T76/><D35/><U63/><E4/><V100/><F100/><W126/><G126/><T43/><D85/><U112/><E103/><V36/><F36/><W74/><G25/><T64/><D64/><U20/><E107/><V45/><F45/><W67/><G67/><T99/><D99/><U31/><E31/><V56/><F56/><W60/><G60/><T110/><D110/><U81/><E81/><V55/><F18/><W8/><G51/><T120/><D120/><U132/><E132/><V58/><F58/><W2/><G74/><T62/><D62/><U121/><E121/><V111/><F111/><W77/><G5/><T114/><D114/><N who="1" m="43563" /><E69/><V61/><F55/><W42/><G105/><T79/><D75/><U26/><E71/><V80/><F80/><W34/><G106/><T50/><D72/><U133/><E133/><V101/><F101/><W93/><G34/><T28/><D28/><N who="1" m="17479" /><E40/><V122/><F122/><W1/><G42/><T30/><D30/><U127/><E127/><V78/><F78/><N who="0" m="29738" /><D43/><U59/><E44/><N who="0" m="16937" /><D16/><U38/><E38/><V41/><F41/><W70/><G70/><T124/><D124/><U9/><E9/><AGARI ba="0,0" hai="0,6,9,12,17,23,52,57,61,92,94" m="44617" machi="9" ten="30,2000,0" yaku="12,1,54,1" doraHai="86" who="2" fromWho="1" sc="261,0,182,-20,282,20,275,0" owari="261,-13.9,162,-33.8,302,40.2,275,7.5" /></mjloggm>