<mjloggm ver="2.3"><GO type="225" lobby="0"/><UN n0="%72%69%6F%75%63%68%61%6E" n1="%E3%82%BD%E3%83%AB%E3%83%88%E3%82%AF%E3%83%AA%E3%83%BC%E3%82%AF" n2="%E5%8D%A0%E3%81%84%E5%B8%AB%E8%A3%8F%E3%81%AA%E3%81%84%E3%81%97" n3="%E6%81%A5%E6%99%92%E3%81%97" dan="16,16,17,16" rate="2173.68,2085.03,2169.74,2125.54" sx="M,M,M,M"/><TAIKYOKU oya="0"/><INIT seed="0,0,0,2,0,135" ten="250,250,250,250" oya="0" hai0="44,16,21,92,50,28,33,97,38,121,73,14,17" hai1="95,122,90,80,81,45,11,115,85,35,57,83,18" hai2="15,123,76,49,12,9,26,105,120,55,112,34,133" hai3="125,51,103,71,3,99,93,62,29,54,87,108,36"/><T39/><D121/><U60/><E122/><V8/><F105/><W13/><G3/><T82/><D33/><U68/><E35/><V66/><F133/><W53/><G36/><T63/><D28/><U86/><E68/><V98/><F66/><W134/><G134/><T46/><D63/><U113/><E45/><V129/><F76/><W114/><G114/><N who="1" m="43530" /><E11/><V27/><F112/><W40/><G108/><T119/><D119/><U106/><E18/><V88/><F129/><W100/><G71/><T30/><D30/><U5/><E5/><V48/><F34/><W6/><G29/><T65/><D65/><N who="1" m="39055" /><E106/><V117/><F117/><W59/><G87/><AGARI ba="0,0" hai="80,81,83,85,86,87,90,95" m="39055,43530" machi="87" ten="30,1000,0" yaku="11,1" doraHai="135" who="1" fromWho="3" sc="250,0,250,10,250,0,250,-10" /><INIT seed="1,0,0,0,0,37" ten="250,260,250,240" oya="1" hai0="115,75,18,100,61,83,101,64,120,47,77,69,3" hai1="67,113,116,29,104,32,34,79,66,86,71,9,76" hai2="1,36,88,73,51,80,50,78,43,123,58,127,128" hai3="11,89,131,42,10,125,96,44,22,105,45,59,93"/><U70/><E104/><V19/><F123/><W95/><G105/><T8/><D115/><U15/><E116/><V122/><F122/><W129/><G125/><T7/><D120/><U112/><E15/><V90/><F127/><W39/><G59/><T65/><D64/><N who="1" m="24619" /><E86/><V133/><F133/><W135/><G135/><T91/><D18/><U27/><E9/><V49/><F128/><N who="3" m="49227" /><G22/><T41/><REACH who="0" step="1"/><D91/><REACH who="0" ten="240,260,250,240" step="2"/><U68/><E29/><V82/><F19/><W0/><G0/><T17/><D17/><U107/><E27/><V119/><F1/><W114/><G114/><N who="1" m="44138" /><E107/><V6/><F119/><W30/><G30/><T109/><D109/><U60/><E60/><V117/><F117/><W72/><G89/><T103/><D103/><U81/><E81/><V110/><F110/><W124/><G124/><T12/><D12/><U48/><E48/><AGARI ba="0,1" hai="3,7,8,41,47,48,61,65,69,75,77,83,100,101" machi="48" ten="30,3900,0" yaku="1,1,7,1,52,1,53,0" doraHai="37" doraHaiUra="21" who="0" fromWho="1" sc="240,49,260,-39,250,0,240,0" /><INIT seed="2,0,0,4,1,60" ten="289,221,250,240" oya="2" hai0="61,112,96,74,71,27,75,58,114,134,3,129,13" hai1="18,68,37,14,17,44,52,103,111,90,127,46,34" hai2="54,48,99,76,51,97,122,94,80,119,55,115,62" hai3="25,84,40,124,102,130,104,45,42,65,64,135,33"/><V28/><F115/><W38/><G124/><T131/><D3/><U66/><E34/><V0/><F119/><W8/><G130/><N who="0" m="49675" /><D134/><U53/><E37/><V109/><F122/><W110/><G135/><T91/><D71/><U70/><E90/><V101/><F0/><W83/><G42/><T26/><D13/><U81/><E81/><V105/><F109/><W59/><G110/><T89/><D26/><U35/><E35/><V72/><F28/><W92/><G104/><T1/><D1/><U32/><E32/><V23/><F23/><W4/><G59/><T86/><D27/><U98/><E14/><V82/><F82/><W133/><G133/><T7/><D7/><U29/><E29/><V113/><F113/><N who="0" m="43626" /><D96/><U9/><E9/><V132/><F132/><W106/><G25/><T15/><D15/><U128/><E128/><V100/><F54/><N who="1" m="21097" /><E111/><V50/><F55/><W12/><G33/><T121/><D121/><U36/><E36/><V43/><REACH who="2" step="1"/><F62/><REACH who="2" ten="289,221,240,240" step="2"/><W116/><G116/><T24/><D61/><U95/><E70/><V47/><AGARI ba="0,1" hai="43,47,48,50,51,72,76,80,94,97,99,100,101,105" machi="47" ten="30,11700,0" yaku="1,1,2,1,0,1,53,1" doraHai="60" doraHaiUra="88" who="2" fromWho="2" sc="289,-39,221,-39,240,127,240,-39" /><INIT seed="2,1,0,1,5,84" ten="250,182,367,201" oya="2" hai0="47,12,130,17,98,28,108,135,9,46,23,69,22" hai1="89,0,5,99,118,102,133,86,57,92,73,43,52" hai2="81,34,117,76,54,35,107,95,32,126,105,75,122" hai3="97,18,132,71,110,49,127,64,111,16,14,74,25"/><V58/><F117/><W10/><G74/><T50/><D69/><U113/><E113/><V65/><F122/><W124/><G132/><T78/><D135/><U66/><E118/><V79/><F126/><N who="3" m="48171" /><G49/><T20/><D108/><N who="3" m="41513" /><G97/><T38/><D130/><U77/><E66/><V63/><F76/><W15/><G25/><T121/><D121/><U42/><E133/><V1/><F1/><W116/><G116/><T4/><D78/><U109/><E109/><V83/><F83/><W11/><G64/><T8/><D38/><U134/><E134/><V128/><F128/><W31/><G71/><T30/><D98/><U101/><E0/><V59/><REACH who="2" step="1"/><F95/><REACH who="2" ten="250,182,357,201" step="2"/><W60/><G60/><AGARI ba="1,1" hai="32,34,35,54,58,59,60,63,65,75,79,81,105,107" machi="60" ten="40,12000,1" yaku="1,1,2,1,53,2" doraHai="84" doraHaiUra="55" who="2" fromWho="3" sc="250,0,182,0,357,133,201,-123" /><INIT seed="2,2,0,1,2,77" ten="250,182,490,78" oya="2" hai0="51,36,83,96,108,104,130,117,98,118,126,87,69" hai1="18,29,39,82,26,54,60,112,22,16,11,75,125" hai2="110,103,127,84,20,30,59,65,7,97,101,71,13" hai3="4,72,62,90,17,135,94,78,76,21,61,1,12"/><V63/><F127/><W66/><G135/><T68/><D108/><U0/><E39/><V88/><F110/><W131/><G131/><T105/><D130/><U42/><E112/><V41/><F41/><W128/><G128/><T48/><D36/><U106/><E106/><N who="0" m="41065" /><D126/><U9/><E42/><V129/><F129/><W64/><G4/><T107/><N who="0" m="41073" /><T5/><DORA hai="31" /><D5/><U58/><E125/><V27/><F71/><N who="0" m="27210" /><D87/><U85/><E75/><V43/><F43/><W32/><G1/><T40/><D40/><U3/><E0/><V33/><F97/><N who="0" m="37482" /><D83/><U25/><E3/><V113/><F113/><W111/><G111/><T115/><D115/><U14/><E26/><V55/><F7/><W38/><G38/><T114/><D114/><U109/><E109/><V132/><F101/><W79/><G72/><T89/><D89/><N who="1" m="51383" /><E9/><V23/><F103/><W35/><G94/><T119/><AGARI ba="2,0" hai="48,51,117,118,119" m="37482,27210,41073" machi="119" ten="60,7900,0" yaku="28,2,12,1" doraHai="77,31" who="0" fromWho="0" sc="250,85,182,-22,490,-41,78,-22" /><INIT seed="3,0,0,4,1,9" ten="335,160,449,56" oya="3" hai0="37,42,129,84,112,115,99,127,119,107,46,5,4" hai1="17,73,10,36,43,135,11,124,13,95,30,87,27" hai2="8,120,126,131,86,50,33,76,64,75,133,45,24" hai3="79,97,16,118,134,57,54,132,83,7,63,98,89"/><W102/><G118/><T121/><D119/><U123/><E123/><V66/><F120/><W101/><G7/><T0/><D121/><U2/><E73/><V25/><F131/><W47/><G89/><T44/><D129/><U18/><E36/><V29/><F75/><W128/><G128/><T12/><D0/><U116/><E43/><V32/><F133/><W61/><G47/><T26/><D127/><U15/><E116/><V34/><F126/><W31/><G31/><T93/><D26/><U105/><E105/><V58/><F8/><N who="1" m="3113" /><E124/><V40/><F58/><W113/><G113/><N who="0" m="43595" /><D12/><N who="1" m="4683" /><E135/><N who="3" m="51754" /><G63/><T108/><D108/><U90/><E2/><V41/><F41/><W20/><G101/><N who="0" m="62911" /><D46/><U1/><E1/><V72/><F45/><W96/><G102/><T110/><D110/><U130/><E130/><V19/><F40/><W6/><G6/><T60/><D60/><U22/><AGARI ba="0,0" hai="17,18,22,27,30,87,90,95" m="4683,3113" machi="22" ten="30,7900,0" yaku="8,1,52,3" doraHai="9" who="1" fromWho="1" sc="335,-20,160,79,449,-20,56,-39" owari="315,11.5,239,-16.1,429,52.9,17,-48.3" /></mjloggm>