<mjloggm ver="2.3"><GO type="225" lobby="0"/><UN n0="%E3%81%BF%E3%81%BF%E3%81%9A" n1="%E3%80%93%E3%81%97%E3%83%BC%E3%82%89%E3%80%93" n2="%E4%BA%BA%E9%96%93%E3%83%81%E3%83%A3%E3%83%BC%E3%83%8F%E3%83%B3" n3="%E5%B8%86%E7%AB%8B%E5%A4%8F%E8%A1%A3" dan="18,16,16,16" rate="2248.02,2164.98,2081.05,2146.86" sx="M,M,M,M"/><TAIKYOKU oya="0"/><INIT seed="0,0,0,0,4,132" ten="250,250,250,250" oya="0" hai0="113,6,90,96,10,37,109,20,125,129,64,46,22" hai1="2,88,135,44,86,14,26,54,82,131,116,92,134" hai2="65,81,79,27,83,112,124,30,103,49,43,53,1" hai3="91,52,72,117,74,33,73,11,48,28,111,85,67"/><T25/><D113/><U60/><E2/><V21/><F112/><W57/><G117/><T18/><D129/><U70/><E116/><V41/><F1/><W34/><G111/><T80/><D64/><U128/><E26/><V35/><F103/><W12/><G67/><T105/><D109/><U63/><E14/><V115/><F115/><W123/><G123/><T3/><D105/><U120/><E120/><V97/><F65/><W5/><REACH who="3" step="1"/><G28/><REACH who="3" ten="250,250,250,240" step="2"/><T45/><D37/><U130/><E70/><V101/><F35/><W32/><G32/><T58/><D125/><U107/><E135/><V114/><F124/><W100/><G100/><T108/><D108/><U98/><E134/><V29/><F29/><W106/><G106/><T16/><D58/><U66/><E107/><V77/><F114/><W78/><G78/><T99/><D46/><U23/><E66/><V119/><F79/><W87/><G87/><T40/><D45/><U118/><E118/><V13/><F77/><W51/><G51/><T122/><D122/><U127/><E127/><V104/><F119/><W19/><G19/><T55/><D18/><U110/><E110/><V36/><F36/><W95/><AGARI ba="0,1" hai="5,11,12,33,34,48,52,57,72,73,74,85,91,95" machi="95" ten="30,7900,0" yaku="1,1,0,1,54,1,53,1" doraHai="132" doraHaiUra="4" who="3" fromWho="3" sc="250,-39,250,-20,250,-20,240,89" /><INIT seed="1,0,0,3,2,0" ten="211,230,230,329" oya="1" hai0="27,109,53,36,37,122,50,81,28,108,22,11,24" hai1="121,116,66,47,131,23,75,8,96,83,88,5,120" hai2="124,74,7,48,61,105,82,70,104,31,134,107,89" hai3="123,56,45,58,99,59,112,52,100,4,65,92,97"/><U118/><E66/><V41/><F124/><W101/><G112/><T16/><D122/><U64/><E64/><N who="2" m="41231" /><F48/><W114/><G123/><T111/><D81/><U130/><E47/><V103/><F41/><W84/><G114/><T67/><D67/><U40/><E40/><V3/><F89/><W125/><G125/><T79/><D79/><N who="1" m="44543" /><E23/><V6/><F31/><W129/><G129/><N who="1" m="49162" /><E8/><N who="2" m="2143" /><F7/><W19/><G4/><T34/><REACH who="0" step="1"/><D11/><REACH who="0" ten="201,230,230,329" step="2"/><U42/><E120/><V38/><F134/><W10/><G65/><T15/><D15/><U26/><E121/><V57/><F57/><AGARI ba="0,1" hai="16,22,24,27,28,34,36,37,50,53,57,108,109,111" machi="57" ten="40,8000,1" yaku="1,1,14,1,54,1,53,2" doraHai="0" doraHaiUra="69" who="0" fromWho="2" sc="201,90,230,0,230,-80,329,0" /><INIT seed="2,0,0,3,0,14" ten="291,230,150,329" oya="2" hai0="86,35,100,4,132,89,43,109,126,96,63,22,74" hai1="123,131,135,112,27,7,24,116,39,90,32,16,76" hai2="84,75,119,69,52,42,99,56,80,40,53,105,93" hai3="73,82,111,20,46,61,66,64,107,88,108,17,101"/><V45/><F119/><W98/><G46/><T117/><D35/><U48/><E39/><V2/><F69/><W5/><G5/><T49/><D74/><U0/><E116/><V115/><F2/><W13/><G66/><T95/><D117/><U9/><E76/><V121/><F115/><W87/><REACH who="3" step="1"/><G73/><REACH who="3" ten="291,230,150,319" step="2"/><T8/><D126/><U122/><E112/><V34/><F75/><W78/><G78/><T118/><D118/><U60/><E7/><V81/><F121/><W113/><G113/><T25/><D132/><U92/><E135/><V6/><F6/><W94/><G94/><T70/><D109/><U106/><E92/><V114/><F105/><W21/><G21/><T128/><D4/><U18/><E106/><V124/><F34/><W36/><G36/><T28/><D8/><U85/><E9/><V110/><F114/><W68/><AGARI ba="0,1" hai="13,17,20,61,64,68,82,87,88,98,101,107,108,111" machi="68" ten="30,8000,1" yaku="1,1,0,1,52,1,54,1,53,1" doraHai="14" doraHaiUra="59" who="3" fromWho="3" sc="291,-20,230,-20,150,-40,319,90" /><INIT seed="3,0,0,1,3,86" ten="271,210,110,409" oya="3" hai0="48,129,102,125,7,101,77,0,45,22,14,99,123" hai1="73,71,97,11,117,66,64,95,133,134,68,4,115" hai2="87,105,113,90,91,1,84,98,3,121,69,59,120" hai3="61,9,111,56,119,83,54,44,49,55,6,52,110"/><W27/><G119/><T85/><D123/><N who="2" m="47178" /><F59/><W29/><G83/><T21/><D125/><U43/><E43/><V106/><F69/><N who="1" m="26697" /><E73/><V93/><F3/><W60/><G60/><T34/><D129/><U18/><E18/><V94/><F1/><W104/><G104/><N who="2" m="40041" /><F113/><W108/><G9/><T42/><D34/><U118/><E115/><V17/><F17/><W124/><G6/><T79/><D0/><N who="1" m="391" /><E66/><V41/><F41/><N who="3" m="24719" /><G124/><T2/><D2/><U72/><E64/><V24/><F24/><W58/><G61/><T65/><D65/><U74/><E74/><V109/><F109/><W28/><G28/><T82/><D79/><U35/><E72/><V33/><F33/><AGARI ba="0,0" hai="27,29,33,52,54,55,56,58,108,110,111" m="24719" machi="33" ten="40,7700,0" yaku="14,1,10,1,54,1" doraHai="86" who="3" fromWho="2" sc="271,0,210,0,110,-77,409,77" owari="271,7.1,210,-19.0,33,-46.7,486,58.6" /></mjloggm>