<mjloggm ver="2.3"><GO type="225" lobby="0"/><UN n0="%E3%83%97%E3%83%AC%E3%83%B4%E3%82%A1%E3%83%86%E3%82%A3" n1="%4B%2E%32%2E%4B%2E" n2="%72%69%6F%75%63%68%61%6E" n3="%E8%90%BD%E6%97%A5" dan="16,17,16,16" rate="2144.62,2159.86,2136.23,2089.46" sx="F,M,M,F"/><TAIKYOKU oya="0"/><INIT seed="0,0,0,3,3,53" ten="250,250,250,250" oya="0" hai0="110,120,102,80,32,10,118,71,23,4,59,93,97" hai1="123,69,25,63,84,52,61,86,13,124,31,35,39" hai2="88,29,33,37,16,15,91,12,75,127,65,66,47" hai3="42,104,107,89,121,17,128,56,11,73,105,67,100"/><T8/><D71/><U99/><E123/><V44/><F75/><W79/><G121/><T72/><D120/><U82/><E39/><V95/><F127/><W111/><G111/><T106/><D32/><U109/><E109/><V92/><F33/><W129/><G42/><T58/><D110/><U5/><E124/><V135/><F29/><W119/><G119/><T20/><D118/><U133/><E133/><V36/><REACH who="2" step="1"/><F16/><REACH who="2" ten="250,250,240,250" step="2"/><W122/><G122/><T81/><D72/><U108/><E108/><V45/><F45/><W19/><G19/><T90/><D23/><U64/><E31/><V34/><F34/><W83/><G17/><T7/><D20/><U28/><E35/><V51/><F51/><W96/><G11/><N who="0" m="4139" /><D106/><U132/><E28/><V76/><F76/><W101/><G67/><T40/><D40/><U115/><E64/><V38/><F38/><W0/><G0/><T113/><D113/><U117/><E115/><V131/><F131/><N who="3" m="50251" /><G56/><N who="0" m="21547" /><D102/><U54/><E117/><V70/><F70/><W9/><G9/><T24/><D24/><U41/><E25/><V6/><F6/><AGARI ba="0,1" hai="4,6,7,80,81,90,93,97" m="21547,4139" machi="6" ten="30,11600,0" yaku="8,1,52,3" doraHai="53" who="0" fromWho="2" sc="250,126,250,0,240,-116,250,0" /><INIT seed="0,1,0,4,4,44" ten="376,250,124,250" oya="0" hai0="94,24,134,62,45,47,33,38,92,69,56,43,35" hai1="66,26,99,121,71,29,48,119,16,1,78,112,12" hai2="36,97,84,68,123,72,131,21,32,90,65,128,98" hai3="116,3,34,30,83,6,88,102,17,46,111,9,101"/><T108/><D134/><U113/><E119/><V64/><F123/><W28/><G116/><T100/><D100/><U63/><E121/><V126/><F32/><W54/><G111/><T70/><D108/><U133/><E133/><V37/><F72/><W89/><G17/><T80/><D80/><U91/><E1/><V103/><F21/><W50/><G34/><T15/><D15/><U104/><E78/><V25/><F25/><W58/><G101/><T96/><D35/><N who="1" m="20919" /><E91/><V124/><F103/><W27/><G102/><T20/><D33/><U106/><E99/><N who="2" m="37899" /><F68/><W67/><G83/><T22/><D96/><U118/><E118/><V132/><F84/><W39/><G30/><T86/><D86/><U60/><E60/><V18/><F18/><W135/><G135/><T23/><D24/><U127/><E127/><N who="2" m="48683" /><F90/><W11/><G11/><T19/><D19/><U10/><E106/><V129/><F132/><W79/><G79/><T49/><D70/><U0/><E104/><V73/><F73/><W13/><G3/><T82/><D69/><U51/><E0/><V76/><F76/><W40/><G67/><AGARI ba="1,0" hai="36,37,64,65,67,128,129,131" m="48683,37899" machi="67" ten="40,8000,1" yaku="28,2,19,1,18,1" doraHai="44" who="2" fromWho="3" sc="376,0,250,0,124,83,250,-83" /><INIT seed="1,0,0,0,0,133" ten="376,250,207,167" oya="1" hai0="22,111,127,100,107,65,87,132,26,84,92,12,81" hai1="47,11,76,36,103,13,86,40,19,45,85,34,39" hai2="66,7,42,15,113,130,72,88,8,51,109,52,116" hai3="18,99,31,124,108,104,121,23,128,6,134,71,112"/><U17/><E34/><V78/><F116/><W94/><G94/><T49/><D132/><U57/><E103/><V59/><F109/><W114/><G99/><T96/><D111/><U21/><E76/><V0/><F130/><W119/><G18/><T43/><D65/><U95/><E95/><V74/><F113/><W44/><G23/><T122/><D122/><U93/><E57/><V16/><F42/><W115/><G6/><T63/><D63/><U41/><REACH who="1" step="1"/><E93/><REACH who="1" ten="376,240,207,167" step="2"/><V90/><F78/><W70/><G115/><T75/><D92/><U62/><E62/><V77/><F66/><W131/><G112/><T83/><D100/><U25/><AGARI ba="0,1" hai="11,13,17,19,21,25,36,39,40,41,45,47,85,86" machi="25" ten="20,18000,2" yaku="1,1,0,1,7,1,9,1,53,2" doraHai="133" doraHaiUra="14" who="1" fromWho="1" sc="376,-60,240,190,207,-60,167,-60" /><INIT seed="1,1,0,1,1,101" ten="316,430,147,107" oya="1" hai0="114,77,66,71,35,90,127,5,20,65,52,97,62" hai1="38,54,119,93,76,110,47,128,53,1,118,21,98" hai2="73,112,83,84,33,28,88,34,22,17,81,36,115" hai3="133,70,32,15,4,124,10,89,126,96,69,58,116"/><U56/><E1/><V123/><F123/><W99/><G133/><T27/><D114/><N who="2" m="43562" /><F36/><W135/><G135/><T11/><D127/><N who="3" m="48681" /><G32/><N who="2" m="12393" /><F28/><W111/><G111/><T75/><D35/><U64/><E76/><N who="2" m="44175" /><F22/><W3/><G116/><T42/><D42/><U86/><E38/><V125/><F125/><W49/><G3/><T80/><D71/><N who="3" m="27145" /><G89/><T9/><D9/><U2/><E2/><V7/><F17/><W87/><G87/><T72/><D72/><U117/><E86/><V106/><F7/><W85/><G85/><T108/><D108/><U8/><E110/><V0/><F0/><W102/><G102/><T113/><D113/><U16/><E16/><V95/><F83/><W103/><G103/><T61/><D11/><U6/><E8/><V39/><F39/><W94/><G94/><N who="0" m="56535" /><D5/><U23/><E6/><V91/><F91/><W63/><G49/><T14/><D14/><U46/><E21/><V40/><F40/><W68/><N who="3" m="27153" /><W57/><DORA hai="45" /><G57/><N who="0" m="34983" /><D62/><U19/><E23/><V25/><F25/><W29/><G29/><T107/><D75/><U105/><E19/><V134/><F134/><W26/><G26/><T55/><D77/><U122/><E122/><V100/><F100/><W92/><G92/><T41/><D27/><U12/><E93/><V79/><F79/><W129/><G129/><T82/><D20/><U131/><E131/><V104/><AGARI ba="1,0" hai="84,88,95,104,106" m="44175,12393,43562" machi="104" ten="40,8000,1" yaku="11,1,52,2,54,1" doraHai="101,45" who="2" fromWho="2" sc="316,-21,430,-41,147,83,107,-21" /><INIT seed="2,0,0,4,4,45" ten="295,389,230,86" oya="2" hai0="54,44,70,58,83,67,19,134,50,42,71,124,128" hai1="125,78,57,104,5,118,123,100,59,10,129,16,62" hai2="30,21,52,37,122,87,39,131,22,17,46,23,81" hai3="38,120,0,66,130,8,113,7,28,40,29,32,76"/><V24/><F122/><W47/><G120/><T101/><D124/><U91/><E123/><V68/><F131/><W95/><G130/><T9/><D128/><U88/><E129/><V4/><F68/><W60/><G113/><T103/><D134/><U110/><E118/><V86/><F4/><W93/><G29/><T56/><D83/><U97/><E110/><V14/><F87/><W31/><G28/><T64/><D9/><U6/><E125/><V27/><F27/><W116/><G116/><T41/><D19/><U25/><E57/><N who="0" m="22121" /><D101/><U77/><E91/><V79/><REACH who="2" step="1"/><F22/><REACH who="2" ten="295,389,220,86" step="2"/><W26/><REACH who="3" step="1"/><G76/><REACH who="3" ten="295,389,220,76" step="2"/><T111/><D111/><U33/><E78/><V63/><F63/><W1/><G1/><T133/><D133/><U109/><E77/><V114/><F114/><W94/><G94/><T84/><D84/><U85/><E62/><V11/><F11/><W80/><G80/><T36/><D103/><U53/><E10/><V127/><F127/><W117/><G117/><T126/><D126/><U35/><E109/><V90/><F90/><W135/><G135/><T74/><D74/><U112/><E112/><V72/><F72/><W15/><G15/><T121/><D121/><U12/><E88/><V98/><F98/><W55/><G55/><T43/><D36/><U107/><E85/><V18/><F18/><W89/><G89/><T20/><D20/><U108/><E108/><V69/><F69/><AGARI ba="0,2" hai="0,7,8,26,31,32,38,40,47,60,66,69,93,95" machi="69" ten="30,2000,0" yaku="1,1,7,1,53,0" doraHai="45" doraHaiUra="51" who="3" fromWho="2" sc="295,0,389,0,220,-20,76,40" /><AGARI ba="0,0" hai="41,42,43,44,50,54,64,67,69,70,71" m="22121" machi="69" ten="30,12000,2" yaku="35,5,52,1" doraHai="45" who="0" fromWho="2" sc="295,120,389,0,200,-120,116,0" /><INIT seed="3,0,0,2,1,122" ten="415,389,80,116" oya="3" hai0="21,83,53,60,92,46,2,69,113,107,73,34,95" hai1="125,26,14,85,88,66,52,93,6,80,45,49,115" hai2="54,119,133,81,12,134,128,1,112,70,111,63,99" hai3="75,132,23,126,38,117,77,89,10,102,98,131,72"/><W24/><G117/><T47/><D107/><U68/><E115/><V62/><F112/><W30/><G38/><T61/><D113/><U28/><E125/><V4/><F119/><W124/><G89/><T110/><D34/><U97/><E68/><V121/><F1/><W118/><G118/><T57/><D2/><U33/><E66/><N who="2" m="41303" /><F99/><W120/><G120/><T18/><D110/><U90/><E14/><V103/><F121/><W42/><G42/><T67/><D73/><U55/><E6/><V43/><F103/><W36/><G36/><T106/><D83/><U51/><E51/><V41/><F81/><W65/><G65/><T37/><D106/><U104/><E104/><V39/><F4/><W50/><G50/><T59/><D69/><U91/><E55/><V0/><F0/><W82/><G10/><T31/><D31/><U100/><AGARI ba="0,0" hai="26,28,33,45,49,52,80,85,88,90,91,93,97,100" machi="100" ten="20,5200,0" yaku="0,1,7,1,54,2" doraHai="122" who="1" fromWho="1" sc="415,-13,389,52,80,-13,116,-26" owari="402,20.2,441,54.1,67,-43.3,90,-31.0" /></mjloggm>