<mjloggm ver="2.3"><GO type="225" lobby="0"/><UN n0="%E9%A2%A8%E3%81%A7%E9%B3%B4%E3%81%8F" n1="%E3%82%B2%E3%82%B9%E8%8C%82%E5%8B%9D" n2="%E5%8F%AF%E5%85%90%E9%82%A3%E7%94%B1%E5%A4%9A" n3="%E6%B0%B7%E5%B7%9D%E9%87%8C%E5%A5%88" dan="16,16,17,16" rate="2154.48,2055.56,2239.95,2173.64" sx="M,F,F,F"/><TAIKYOKU oya="0"/><INIT seed="0,0,0,4,2,39" ten="250,250,250,250" oya="0" hai0="13,54,49,108,55,96,114,131,71,124,57,41,132" hai1="30,76,133,85,97,24,65,25,92,115,44,81,16" hai2="117,15,89,112,90,64,21,48,58,63,77,95,86" hai3="118,36,69,7,29,74,38,47,94,106,51,107,9"/><T11/><D114/><U121/><E121/><V102/><F112/><W72/><G118/><T35/><D35/><U34/><E115/><V100/><F117/><W5/><G69/><T20/><D71/><U17/><E133/><V93/><F77/><W8/><G94/><T119/><D119/><U99/><E65/><V43/><F21/><W45/><REACH who="3" step="1"/><G51/><REACH who="3" ten="250,250,250,240" step="2"/><T53/><D132/><U61/><E61/><V75/><F75/><W10/><G10/><T129/><D11/><U109/><E109/><V23/><F48/><W56/><G56/><T18/><D57/><U104/><E104/><V78/><F95/><W4/><G4/><T2/><D108/><U101/><E97/><V116/><F116/><W87/><G87/><T26/><D96/><U46/><E44/><V125/><F93/><W135/><G135/><T79/><D49/><U60/><E60/><V1/><F86/><W130/><G130/><T134/><D134/><U50/><REACH who="1" step="1"/><E24/><REACH who="1" ten="250,240,250,240" step="2"/><V0/><F63/><W14/><G14/><T67/><D26/><U66/><E66/><V28/><F15/><W84/><G84/><T37/><D67/><U32/><E32/><V83/><F64/><W40/><G40/><AGARI ba="0,2" hai="16,17,25,30,34,40,46,50,76,81,85,92,99,101" machi="40" ten="30,7700,0" yaku="1,1,7,1,52,1,54,1,53,0" doraHai="39" doraHaiUra="3" who="1" fromWho="3" sc="250,0,240,97,250,0,240,-77" /><INIT seed="1,0,0,0,5,16" ten="250,337,250,163" oya="1" hai0="104,135,113,51,36,45,134,17,101,10,14,46,84" hai1="30,76,8,118,23,21,92,6,111,11,110,109,129" hai2="65,122,29,72,131,106,22,75,130,74,114,31,67" hai3="47,56,55,9,125,20,83,90,0,82,86,57,1"/><U44/><E118/><V94/><F106/><W18/><G125/><T61/><D113/><U80/><E129/><N who="2" m="49163" /><F122/><W37/><G1/><T117/><D117/><U71/><E71/><V12/><F114/><W107/><G107/><T99/><D61/><U53/><E92/><V54/><F54/><W38/><G38/><T50/><D36/><U85/><E30/><N who="2" m="11275" /><F94/><W116/><G116/><T64/><D64/><N who="2" m="24650" /><F12/><W4/><G83/><T89/><D46/><U105/><E105/><V78/><F78/><W5/><G5/><T103/><D103/><U96/><E96/><V77/><F77/><W27/><REACH who="3" step="1"/><G37/><REACH who="3" ten="250,337,250,153" step="2"/><T63/><D63/><U126/><E126/><V62/><F62/><W60/><G60/><T108/><D50/><AGARI ba="0,1" hai="0,4,9,18,20,27,47,50,55,56,57,82,86,90" machi="50" ten="40,5200,0" yaku="1,1,52,1,53,1" doraHai="16" doraHaiUra="15" who="3" fromWho="0" sc="250,-52,337,0,250,0,153,62" /><INIT seed="2,0,0,0,4,121" ten="198,337,250,215" oya="2" hai0="61,78,132,34,106,44,35,107,16,103,45,40,2" hai1="31,21,18,59,39,52,124,112,24,22,46,98,38" hai2="88,4,128,66,119,17,3,19,129,86,114,12,127" hai3="15,63,53,51,81,42,99,69,131,41,125,26,83"/><V74/><F74/><W28/><G131/><N who="2" m="50249" /><F114/><W48/><G125/><T134/><D2/><U58/><E124/><V117/><F127/><W10/><G99/><T80/><D61/><U130/><E130/><V43/><F66/><W36/><G36/><T93/><D93/><U118/><E118/><N who="2" m="45067" /><F3/><W8/><G69/><T133/><D16/><N who="2" m="6218" /><F43/><W108/><G42/><T71/><D71/><U122/><E112/><V11/><F86/><W100/><G41/><T75/><D45/><U14/><E122/><V77/><F77/><W116/><G63/><T94/><D44/><U79/><E79/><V33/><F88/><W29/><G53/><T87/><D40/><U60/><E98/><V49/><F49/><W113/><G113/><T85/><D85/><U64/><E46/><V102/><F102/><W23/><G100/><T101/><D101/><U104/><E104/><N who="0" m="39977" /><D87/><U67/><E64/><V82/><F82/><W54/><G54/><T13/><D94/><U20/><E38/><V90/><F90/><W109/><G83/><T37/><D103/><U55/><E39/><V57/><F57/><W84/><G84/><T92/><D92/><U62/><E67/><V89/><F89/><W9/><G81/><T115/><D37/><U5/><E62/><V120/><F120/><W25/><G51/><T50/><D50/><U7/><E60/><V110/><F110/><N who="3" m="42603" /><G48/><T105/><N who="0" m="39985" /><T73/><DORA hai="27" /><D115/><U96/><E96/><V135/><F135/><N who="0" m="34562" /><T111/><DORA hai="47" /><D111/><U65/><E65/><V68/><F68/><W1/><G1/><T30/><D73/><U0/><E59/><RYUUKYOKU ba="0,0" sc="198,-10,337,-10,250,30,215,-10" hai2="4,11,12,33" /><INIT seed="2,1,0,2,5,43" ten="188,327,280,205" oya="2" hai0="81,16,58,89,31,80,106,18,105,92,100,35,70" hai1="30,51,38,72,12,125,102,59,97,121,94,113,79" hai2="22,21,123,64,128,69,15,85,20,0,135,49,33" hai3="4,44,76,110,9,63,27,96,119,57,47,67,25"/><V120/><F0/><W42/><G119/><T75/><D70/><U116/><E121/><V8/><F33/><W90/><G110/><T17/><D58/><U73/><E116/><V40/><F128/><W61/><G76/><T132/><D132/><U93/><E125/><V126/><F126/><W14/><G63/><T87/><D75/><U111/><E111/><V107/><F107/><W26/><G42/><T83/><REACH who="0" step="1"/><D100/><REACH who="0" ten="178,327,280,205" step="2"/><U28/><E72/><V95/><F135/><W114/><G114/><T52/><D52/><U124/><E113/><V104/><F69/><W11/><G11/><T46/><D46/><U109/><E73/><V60/><F120/><W78/><G78/><T19/><N who="0" m="4096" /><DORA hai="99" /><T48/><D48/><U62/><E79/><V68/><F49/><W122/><G122/><T133/><D133/><U118/><E51/><V29/><F68/><W23/><G23/><T91/><D91/><U101/><E109/><V117/><F20/><W7/><G7/><T86/><D86/><U84/><E59/><V2/><F85/><W54/><G54/><T55/><D55/><U129/><E124/><V41/><F21/><W13/><G13/><T71/><D71/><U115/><E12/><V88/><F22/><W6/><G6/><T108/><D108/><U34/><E129/><V24/><F15/><W56/><G57/><T10/><D10/><U130/><E130/><V53/><F8/><W98/><G90/><T36/><D36/><U131/><E38/><V39/><F39/><W134/><G134/><T50/><D50/><U32/><E131/><V5/><F123/><RYUUKYOKU ba="1,1" sc="178,15,327,-15,280,-15,205,15" hai0="31,35,80,81,83,87,89,92,105,106" hai3="4,9,14,25,26,27,44,47,56,61,67,96,98" /><INIT seed="3,2,1,0,0,127" ten="193,312,265,220" oya="3" hai0="108,24,114,62,68,84,32,14,35,8,122,53,29" hai1="17,77,91,117,78,92,74,67,124,130,11,100,79" hai2="120,36,0,21,57,41,26,39,61,81,87,13,3" hai3="43,99,121,48,25,129,113,98,115,27,93,83,102"/><W95/><G121/><T4/><D122/><U40/><E124/><V97/><F120/><W82/><G48/><T46/><D108/><U107/><E130/><V49/><F36/><W110/><G43/><T56/><D114/><U126/><E117/><V118/><F39/><W1/><G1/><T55/><D68/><U112/><E112/><V89/><F118/><W19/><G110/><T85/><D35/><U73/><E126/><V106/><F13/><W15/><G129/><T134/><D134/><U16/><E40/><V131/><F131/><W5/><G5/><T54/><REACH who="0" step="1"/><D46/><REACH who="0" ten="183,312,265,220" step="2"/><U116/><E116/><V30/><F106/><W37/><G115/><T38/><D38/><U103/><E107/><V86/><F0/><W22/><G37/><T33/><D33/><U64/><E73/><V63/><F3/><W90/><REACH who="3" step="1"/><G113/><REACH who="3" ten="183,312,265,210" step="2"/><T119/><D119/><U111/><E111/><V44/><F41/><W45/><G45/><T66/><AGARI ba="2,3" hai="4,8,14,24,29,32,53,54,55,56,62,66,84,85" machi="66" ten="30,2000,0" yaku="1,1,0,1,53,0" doraHai="127" doraHaiUra="69" who="0" fromWho="0" sc="183,56,312,-7,265,-7,210,-12" owari="239,-16.1,305,40.5,258,5.8,198,-30.2" /></mjloggm>