<mjloggm ver="2.3"><GO type="225" lobby="0"/><UN n0="%E3%81%AE%E3%81%AA%E3%82%81%E3%83%BC%E3%82%93" n1="%E4%B8%89%E5%88%86%E5%B0%8F%E5%83%A7" n2="%E3%82%BC%E3%83%AB%E3%83%80%E3%81%AE%E4%BC%9D%E8%AA%AC" n3="%30%2E%31%32%30" dan="16,16,17,16" rate="2090.59,2085.34,2171.29,2113.58" sx="M,M,M,M"/><TAIKYOKU oya="0"/><INIT seed="0,0,0,2,4,63" ten="250,250,250,250" oya="0" hai0="112,123,18,38,34,122,81,58,41,36,113,50,133" hai1="10,78,53,87,128,7,121,135,79,55,84,82,15" hai2="131,114,109,107,25,26,95,13,74,14,56,76,120" hai3="11,119,46,35,62,59,124,77,118,116,103,129,73"/><T104/><D34/><U105/><E121/><N who="0" m="46089" /><D18/><U85/><E105/><V37/><F120/><W23/><G35/><T60/><D81/><U69/><E128/><V71/><F71/><W45/><G129/><T30/><D30/><U48/><E135/><V66/><F37/><N who="0" m="14442" /><D104/><U2/><E69/><V92/><F107/><W101/><G124/><T134/><D50/><U126/><E126/><V102/><F131/><W22/><G11/><T6/><D6/><U54/><E2/><V125/><F125/><W89/><G89/><T90/><D90/><U70/><E70/><V94/><F102/><W21/><G77/><N who="1" m="29194" /><E82/><V108/><F76/><W67/><REACH who="3" step="1"/><G73/><REACH who="3" ten="250,250,250,240" step="2"/><T28/><D134/><U32/><E32/><V91/><F91/><W39/><G39/><T27/><D133/><U9/><E9/><V83/><F74/><W51/><G51/><AGARI ba="0,1" hai="7,10,15,48,51,53,54,55,84,85,87" m="29194" machi="51" ten="40,1300,0" yaku="8,1" doraHai="63" who="1" fromWho="3" sc="250,0,250,23,250,0,240,-13" /><INIT seed="1,0,0,2,5,82" ten="250,273,250,227" oya="1" hai0="21,23,18,70,22,121,31,16,72,40,60,66,1" hai1="37,13,95,124,39,129,91,101,56,43,2,26,50" hai2="116,104,88,117,44,30,4,61,49,79,32,114,99" hai3="45,130,57,8,102,28,84,25,74,53,110,93,103"/><U10/><E2/><V65/><F114/><W113/><G74/><T52/><D31/><U24/><E124/><V83/><F4/><W107/><G107/><T46/><D1/><U41/><E129/><V127/><F127/><W92/><G130/><T33/><D33/><U131/><E131/><V77/><F30/><W12/><G113/><T11/><D11/><U67/><E101/><N who="3" m="38410" /><G28/><T120/><D72/><U29/><E39/><V97/><F32/><W78/><G25/><N who="1" m="9834" /><E37/><V38/><F38/><W36/><G36/><N who="0" m="21767" /><D52/><N who="1" m="31767" /><E67/><V20/><F104/><W27/><G45/><T35/><D35/><U85/><E29/><V0/><F0/><W134/><G134/><T48/><D48/><U132/><E132/><V54/><F116/><W76/><G110/><T62/><D62/><U98/><E98/><N who="2" m="37387" /><F20/><W34/><G34/><T63/><D63/><U42/><E42/><V87/><F117/><W73/><G73/><T17/><D22/><U105/><E105/><V64/><F64/><W7/><G27/><T128/><D128/><U112/><E112/><V111/><F111/><W126/><G126/><T115/><D115/><U133/><E133/><V86/><F61/><N who="3" m="36015" /><G93/><T14/><D21/><U5/><AGARI ba="0,0" hai="5,10,13,41,43,85,91,95" m="31767,9834" machi="5" ten="30,6000,0" yaku="8,1,52,1,54,1" doraHai="82" who="1" fromWho="1" sc="250,-20,273,60,250,-20,227,-20" /><INIT seed="1,1,0,3,2,45" ten="230,333,230,207" oya="1" hai0="124,95,117,119,91,29,102,68,58,65,39,75,12" hai1="21,35,83,20,8,40,23,13,61,90,31,0,116" hai2="19,120,14,63,69,18,77,46,105,9,74,96,135" hai3="16,114,60,101,93,89,76,32,66,109,4,11,125"/><U30/><E40/><V62/><F120/><W50/><G114/><T86/><D75/><U67/><E0/><V2/><F2/><W27/><G125/><T24/><D39/><U71/><E35/><V54/><F135/><W118/><G118/><T115/><D115/><U85/><REACH who="1" step="1"/><E116/><REACH who="1" ten="230,323,230,207" step="2"/><V44/><F69/><W64/><G32/><T7/><D68/><U43/><E43/><V106/><F106/><W107/><G107/><T17/><D119/><U108/><E108/><V26/><F105/><W22/><G109/><T53/><D117/><U1/><E1/><V70/><F70/><W55/><G101/><T42/><D42/><U5/><AGARI ba="1,1" hai="5,8,13,20,21,23,30,31,61,67,71,83,85,90" machi="5" ten="30,3000,0" yaku="1,1,0,1,53,0" doraHai="45" doraHaiUra="100" who="1" fromWho="1" sc="230,-11,323,43,230,-11,207,-11" /><INIT seed="1,2,0,3,4,8" ten="219,366,219,196" oya="1" hai0="80,3,17,113,135,42,9,26,74,107,46,10,39" hai1="117,56,99,62,19,108,51,66,120,101,40,96,45" hai2="70,106,63,30,0,6,61,93,105,83,31,85,104" hai3="102,121,11,58,84,64,43,35,18,125,49,59,23"/><U127/><E117/><V109/><F93/><W94/><G35/><T57/><D113/><U38/><E120/><V41/><F109/><W116/><G121/><T68/><D68/><U27/><E127/><V95/><F95/><W76/><G125/><T126/><D126/><U2/><E2/><V112/><F112/><W78/><G116/><T32/><D107/><U132/><E132/><V103/><F103/><W73/><G73/><T13/><D135/><U28/><E108/><V55/><F41/><W21/><G43/><T20/><D57/><N who="3" m="21513" /><G49/><T16/><D32/><U24/><E28/><V100/><F100/><W92/><G64/><T129/><D129/><U67/><E67/><V90/><F55/><W77/><G94/><T123/><D123/><U88/><E99/><V115/><F115/><W53/><G53/><T7/><D80/><U75/><E75/><V118/><F118/><W14/><G84/><T71/><D71/><U1/><E1/><V86/><F86/><W50/><G50/><T131/><D131/><U25/><E88/><V54/><F54/><W87/><G87/><T34/><D34/><U98/><E98/><AGARI ba="2,0" hai="11,14,18,21,23,76,77,78,92,98,102" m="21513" machi="98" ten="30,2000,0" yaku="8,1,52,1" doraHai="8" who="3" fromWho="1" sc="219,0,366,-26,219,0,196,26" /><INIT seed="2,0,0,3,3,61" ten="219,340,219,222" oya="2" hai0="50,128,132,129,117,1,13,21,98,25,56,75,96" hai1="107,95,7,120,17,55,23,123,80,84,38,12,44" hai2="122,20,125,5,24,46,28,91,114,104,33,10,115" hai3="40,42,102,53,49,16,65,118,134,47,18,135,78"/><V93/><F122/><N who="1" m="46633" /><E107/><V58/><F104/><W41/><G102/><T97/><D132/><N who="3" m="50729" /><G118/><T19/><D117/><U81/><E7/><V69/><F69/><W87/><G65/><T14/><D75/><U79/><E55/><V124/><F46/><W32/><G32/><T15/><D1/><U74/><E95/><V92/><F58/><W127/><G127/><N who="2" m="48713" /><F33/><W108/><G108/><T35/><D35/><U126/><E126/><V73/><F73/><W57/><G47/><T109/><D109/><U54/><E54/><V121/><F121/><W103/><G103/><T36/><D36/><U88/><E44/><V52/><F52/><W30/><G30/><T67/><D50/><U83/><E83/><AGARI ba="0,0" hai="16,18,40,41,42,49,53,57,78,83,87" m="50729" machi="83" ten="30,2000,0" yaku="20,1,54,1" doraHai="61" who="3" fromWho="1" sc="219,0,340,-20,219,0,222,20" /><INIT seed="3,0,0,3,3,17" ten="219,320,219,242" oya="3" hai0="4,113,46,51,34,40,67,84,88,102,101,92,85" hai1="6,94,66,29,52,96,54,0,134,38,129,28,128" hai2="57,9,23,13,133,32,63,60,39,53,61,27,7" hai3="14,110,33,107,47,95,120,70,106,114,1,115,36"/><W69/><G120/><T126/><D126/><U89/><E38/><V99/><F39/><W72/><G14/><T74/><D74/><U8/><E66/><V131/><F133/><W75/><G95/><T19/><D34/><U83/><E83/><V65/><F131/><N who="1" m="50249" /><E134/><V97/><F32/><W121/><G33/><T124/><D124/><U111/><E111/><V30/><F61/><W127/><G127/><T68/><D4/><U116/><E116/><V123/><F123/><W2/><G110/><T81/><D113/><N who="3" m="43017" /><G47/><T12/><D68/><AGARI ba="0,0" hai="7,9,13,23,27,30,53,57,60,63,65,68,97,99" machi="68" ten="30,2000,0" yaku="7,1,52,1" doraHai="17" who="2" fromWho="0" sc="219,-20,320,0,219,20,242,0" owari="199,-30.1,320,42.0,239,-16.1,242,4.2" /></mjloggm>