<mjloggm ver="2.3"><GO type="225" lobby="0"/><UN n0="%E5%B6%BA%E4%B8%8A%E5%92%B2" n1="%E3%80%90%E3%83%88%E3%83%AA%E3%83%A5%E3%83%95%E3%80%91" n2="%6B%79%6F%6E%6B%6F%31%31" n3="%E3%81%93%E3%81%8F%E3%82%89%E3%82%AB%E3%83%90%E8%94%B5" dan="16,16,16,16" rate="2091.89,2107.40,2145.28,2115.91" sx="F,M,M,M"/><TAIKYOKU oya="0"/><INIT seed="0,0,0,5,0,70" ten="250,250,250,250" oya="0" hai0="125,58,57,50,54,45,15,24,95,130,7,62,16" hai1="85,1,83,97,93,78,56,23,86,109,28,52,27" hai2="25,31,129,39,9,71,91,127,49,79,119,118,117" hai3="20,48,60,124,35,61,128,37,73,66,59,72,89"/><T67/><D130/><U103/><E109/><V115/><F115/><W2/><G35/><T65/><D125/><U76/><E1/><V17/><F71/><W84/><G128/><T107/><D107/><U106/><E106/><V116/><F129/><W87/><G2/><T26/><D7/><U63/><REACH who="1" step="1"/><E78/><REACH who="1" ten="250,240,250,250" step="2"/><V43/><F79/><W10/><G124/><T135/><D135/><U74/><AGARI ba="0,1" hai="23,27,28,52,56,63,74,76,83,85,86,93,97,103" machi="74" ten="20,12000,2" yaku="1,1,2,1,0,1,7,1,54,1,53,1" doraHai="70" doraHaiUra="19" who="1" fromWho="1" sc="250,-60,240,130,250,-30,250,-30" /><INIT seed="1,0,0,0,3,12" ten="190,370,220,220" oya="1" hai0="78,106,130,7,5,85,16,88,34,65,81,121,89" hai1="118,4,97,120,39,117,101,48,28,21,58,49,95" hai2="36,46,96,63,125,35,3,57,33,30,84,71,77" hai3="103,104,47,56,92,69,15,123,53,100,133,105,94"/><U13/><E120/><V0/><F125/><W128/><G69/><T20/><D106/><U102/><E39/><V17/><F71/><W93/><G123/><T55/><D34/><U122/><E122/><V126/><F126/><W108/><G47/><T27/><D130/><U2/><E2/><V131/><F131/><W107/><G128/><T79/><D65/><U40/><E117/><V6/><F0/><W98/><G108/><T9/><D121/><U51/><E102/><V60/><F60/><W115/><G115/><T99/><D55/><N who="1" m="32103" /><E118/><V25/><F96/><W18/><G98/><T90/><D78/><U61/><E61/><V132/><F132/><W66/><G66/><T74/><D74/><U22/><E4/><N who="0" m="1609" /><D9/><U14/><E22/><V83/><F33/><W70/><G70/><T127/><D127/><U59/><E40/><V109/><F109/><W68/><G68/><T112/><D112/><U111/><E111/><V75/><F75/><W32/><G133/><T43/><D43/><U42/><E49/><V76/><F6/><W41/><G41/><T87/><D87/><U45/><E59/><V86/><F3/><W19/><G32/><T91/><D79/><U110/><E110/><V52/><F36/><W116/><G116/><T38/><D38/><U114/><E114/><V10/><F46/><W11/><G56/><T124/><D124/><U129/><E129/><V62/><F62/><W1/><G1/><T80/><D81/><U72/><E72/><N who="2" m="43399" /><F77/><W134/><G134/><T31/><D31/><U73/><E73/><V50/><F63/><W8/><G53/><RYUUKYOKU ba="0,0" sc="190,0,370,0,220,0,220,0" hai0="16,20,27,80,85,88,89,90,91,99" hai1="13,14,21,28,42,45,51,95,97,101" hai2="10,17,25,30,35,50,52,57,84,86" hai3="8,11,15,18,19,92,93,94,100,103,104,105,107" /><INIT seed="1,1,0,5,2,35" ten="190,370,220,220" oya="1" hai0="42,2,126,107,106,50,61,0,65,33,68,53,130" hai1="6,92,124,76,70,129,111,63,110,64,41,119,104" hai2="20,134,23,22,79,24,108,94,60,99,73,69,44" hai3="17,81,45,117,67,82,125,135,25,37,31,14,10"/><U96/><E119/><V90/><F108/><N who="1" m="41513" /><E129/><V95/><F134/><W75/><G135/><T9/><D130/><U85/><E124/><V123/><F123/><W116/><G125/><T113/><D126/><U49/><E104/><V128/><F128/><W18/><G67/><T114/><D33/><U77/><E85/><V103/><F73/><W101/><G101/><T1/><D42/><U8/><E49/><V97/><F79/><W51/><G37/><T131/><D131/><U120/><E41/><V133/><F133/><W78/><G81/><T16/><D107/><U40/><E40/><V15/><F44/><W13/><G51/><T98/><D98/><U72/><E72/><V21/><F69/><W46/><G116/><T4/><D106/><U89/><E120/><V87/><F60/><W102/><G102/><T118/><D118/><U26/><E26/><V100/><F15/><AGARI ba="1,0" hai="6,8,15,63,64,70,76,77,89,92,96" m="41513" machi="15" ten="30,2900,0" yaku="14,1,10,1" doraHai="35" who="1" fromWho="2" sc="190,0,370,32,220,-32,220,0" /><INIT seed="1,2,0,1,2,107" ten="190,402,188,220" oya="1" hai0="45,134,47,130,110,16,52,12,53,15,86,31,131" hai1="105,64,66,102,85,11,98,129,25,84,8,135,83" hai2="87,82,50,38,57,88,44,14,9,48,114,97,118" hai3="81,69,23,13,21,113,34,125,27,74,39,68,109"/><U90/><E129/><N who="0" m="49161" /><D110/><U1/><E135/><V17/><F114/><W49/><G39/><T93/><D134/><U99/><E1/><V51/><F118/><W71/><G113/><T72/><D72/><U30/><E99/><V62/><F38/><W7/><G109/><T6/><D31/><U59/><E85/><V19/><F97/><W100/><G100/><T60/><D6/><U77/><E90/><V40/><REACH who="2" step="1"/><F17/><REACH who="2" ten="190,402,178,220" step="2"/><N who="3" m="10415" /><G7/><T120/><D120/><U103/><E98/><V54/><AGARI ba="2,1" hai="9,14,19,40,44,48,50,51,54,57,62,82,87,88" machi="54" ten="20,12000,2" yaku="1,1,0,1,7,1,8,1,54,1,53,1" doraHai="107" doraHaiUra="56" who="2" fromWho="2" sc="190,-32,402,-62,178,136,220,-32" /><INIT seed="2,0,0,2,0,14" ten="158,340,314,188" oya="2" hai0="18,4,80,62,108,77,118,44,114,119,120,93,87" hai1="52,31,43,71,54,38,42,47,89,86,28,107,11" hai2="2,78,84,125,101,117,58,49,33,26,51,63,91" hai3="111,0,131,82,134,121,57,135,12,66,5,133,74"/><V81/><F117/><W61/><G121/><T76/><D120/><U16/><E107/><V55/><F2/><W45/><G0/><T41/><D114/><U112/><E71/><V100/><F125/><W104/><G104/><T113/><D113/><U34/><E112/><V60/><F33/><W30/><G30/><N who="1" m="11306" /><E38/><V27/><F51/><W40/><G74/><T129/><D129/><U19/><E11/><V109/><F109/><W23/><G82/><T102/><D108/><U124/><E34/><V37/><F37/><W132/><G111/><T115/><D115/><U9/><E9/><V83/><F63/><W8/><N who="3" m="33792" /><DORA hai="126" /><W110/><G110/><T53/><D4/><U69/><E69/><V35/><F35/><W90/><G90/><T106/><D106/><U17/><E124/><V32/><F32/><W64/><G23/><T95/><D76/><U1/><E1/><V3/><F3/><W94/><G94/><T6/><D6/><U98/><E98/><V46/><F101/><W122/><G122/><T99/><D95/><N who="1" m="54711" /><E47/><V130/><F100/><W56/><G131/><T70/><D70/><U92/><E92/><V10/><F10/><W116/><G116/><T79/><D79/><U59/><E54/><V13/><F130/><W22/><G22/><T50/><D118/><U123/><E123/><V72/><REACH who="2" step="1"/><F13/><REACH who="2" ten="158,340,304,188" step="2"/><W88/><G12/><T24/><D119/><U105/><E105/><V97/><F97/><W67/><G61/><AGARI ba="0,1" hai="16,17,19,42,43,52,59,61" m="54711,11306" machi="61" ten="30,12000,2" yaku="8,1,52,3,54,2" doraHai="14,126" who="1" fromWho="3" sc="158,0,340,130,304,0,188,-120" /><INIT seed="3,0,0,5,1,119" ten="158,470,304,68" oya="3" hai0="1,55,22,2,61,72,82,133,80,39,64,117,23" hai1="86,4,9,28,128,108,24,54,33,76,110,46,109" hai2="88,50,125,99,15,20,44,114,113,27,91,70,32" hai3="75,48,84,38,16,60,59,104,74,103,102,11,69"/><W129/><G38/><T14/><D117/><U63/><E128/><V8/><F32/><W106/><G129/><T98/><D39/><U41/><E63/><V124/><F70/><W40/><G69/><T73/><D133/><U52/><E86/><V121/><F113/><W85/><G48/><T112/><D98/><U10/><E76/><V93/><F91/><W83/><G40/><T56/><D112/><U0/><E10/><V92/><F92/><W134/><G11/><T25/><D72/><U19/><E19/><V130/><F130/><W97/><G16/><N who="0" m="10519" /><D73/><U100/><E100/><V35/><F35/><W57/><G60/><N who="0" m="35871" /><D1/><U65/><E65/><V71/><F114/><W18/><G18/><N who="0" m="12535" /><D2/><U118/><E118/><V67/><F67/><W7/><G97/><T101/><D101/><U78/><E78/><V34/><F34/><W37/><G37/><AGARI ba="0,0" hai="0,4,9,24,28,33,37,41,46,52,54,108,109,110" machi="37" ten="40,2600,0" yaku="14,1,54,1" doraHai="119" who="1" fromWho="3" sc="158,0,470,26,304,0,68,-26" owari="158,-24.2,496,59.6,304,10.4,42,-45.8" /></mjloggm>