<mjloggm ver="2.3"><GO type="225" lobby="0"/><UN n0="%E3%81%A8%E3%82%93%E3%81%A8%E3%81%93%E3%81%A8%E3%82%93" n1="%E9%87%8E%E3%80%85%E5%AE%AE%E8%97%8D" n2="%E5%B0%8F%E9%B3%A5%E9%81%8A%E7%B7%B4%E7%84%A1%32%31%E6%AD%B3" n3="%E3%82%B2%E3%82%B9%E8%8C%82%E5%8B%9D" dan="16,16,16,16" rate="2108.40,2121.17,2199.06,2095.28" sx="F,F,F,F"/><TAIKYOKU oya="0"/><INIT seed="0,0,0,1,2,44" ten="250,250,250,250" oya="0" hai0="7,126,67,122,49,120,130,30,22,132,20,42,33" hai1="119,52,118,19,76,110,37,106,92,16,62,75,127" hai2="27,60,15,65,46,99,48,56,107,89,64,79,47" hai3="10,36,57,26,69,68,114,39,73,90,38,128,2"/><T8/><D126/><U13/><E106/><V41/><F79/><W102/><G90/><T101/><D101/><U50/><E37/><V91/><F15/><W61/><G114/><T66/><D130/><U35/><E35/><V70/><F64/><W85/><G128/><T96/><D33/><U18/><E92/><V125/><F125/><W43/><G85/><T87/><D96/><U3/><E127/><V4/><F4/><W135/><G135/><T5/><D132/><U58/><E3/><V121/><F121/><W82/><G102/><T131/><D87/><U0/><E0/><V59/><F27/><W115/><G115/><T116/><D116/><U129/><E129/><V11/><F11/><W54/><G26/><T77/><D77/><U24/><E24/><V113/><F113/><W88/><G73/><T93/><D93/><U23/><E110/><V40/><F107/><W17/><G2/><N who="0" m="55" /><D7/><U108/><E108/><V28/><F28/><W71/><G88/><T100/><D100/><U109/><E109/><V72/><F72/><W14/><REACH who="3" step="1"/><G82/><REACH who="3" ten="250,250,250,240" step="2"/><T105/><D131/><U103/><E103/><V86/><F91/><W94/><G94/><T80/><D80/><U21/><E75/><V123/><F123/><W74/><G74/><T25/><D105/><U32/><E76/><V104/><F104/><W6/><G6/><T45/><D120/><U51/><E119/><V84/><F84/><W78/><G78/><T9/><D122/><U134/><E118/><V111/><F111/><W81/><G81/><T98/><D25/><U133/><E134/><V29/><F86/><RYUUKYOKU ba="0,1" sc="250,-10,250,-10,250,-10,240,30" hai3="10,14,17,36,38,39,43,54,57,61,68,69,71" /><INIT seed="1,1,1,5,0,94" ten="240,240,240,270" oya="1" hai0="57,17,118,54,133,20,27,69,33,19,103,80,64" hai1="131,41,95,9,124,97,130,21,85,46,28,110,10" hai2="92,0,67,77,108,66,78,89,111,16,13,63,96" hai3="84,61,126,119,129,14,120,117,55,35,5,112,30"/><U76/><E124/><V68/><F66/><W70/><G120/><T109/><D118/><U101/><E110/><N who="2" m="42027" /><F0/><W100/><G112/><T45/><D109/><U22/><E76/><V23/><AGARI ba="1,1" hai="13,16,23,63,67,68,77,78,89,92,96" m="42027" machi="23" ten="30,4000,0" yaku="14,1,52,1,54,1" doraHai="94" who="2" fromWho="2" sc="240,-11,240,-21,240,53,270,-11" /><INIT seed="2,0,0,0,1,123" ten="229,219,293,259" oya="2" hai0="109,39,41,3,118,71,24,134,70,27,26,68,99" hai1="86,51,32,100,20,133,64,40,57,122,1,93,66" hai2="79,16,121,89,19,73,12,31,17,22,34,124,46" hai3="116,85,135,55,114,11,28,0,37,98,63,53,13"/><V81/><F121/><W96/><G116/><T8/><D134/><U111/><E122/><V91/><F124/><W129/><G114/><T112/><D112/><U30/><E32/><V131/><F131/><W105/><G135/><T56/><D118/><U76/><E1/><V49/><F34/><W125/><G129/><T92/><D56/><U120/><E120/><V35/><F35/><W69/><G0/><T110/><D39/><U43/><E133/><V117/><F117/><W7/><G125/><T130/><D41/><N who="1" m="15947" /><E111/><N who="0" m="42505" /><D130/><U83/><E51/><V101/><F101/><W84/><G37/><T36/><D36/><U128/><E57/><V60/><F60/><W113/><G113/><T62/><D62/><U102/><E128/><V54/><REACH who="2" step="1"/><F12/><REACH who="2" ten="229,219,283,259" step="2"/><W132/><G63/><T97/><D92/><U104/><E104/><V9/><F9/><W78/><G105/><T47/><D47/><U88/><E102/><V106/><F106/><W25/><G132/><T33/><D33/><U21/><E100/><V6/><F6/><AGARI ba="0,1" hai="3,6,8,24,26,27,68,70,71,97,99" m="42505" machi="6" ten="40,8000,1" yaku="14,1,52,3" doraHai="123" who="0" fromWho="2" sc="229,90,219,0,283,-80,259,0" /><INIT seed="3,0,0,3,1,121" ten="319,219,203,259" oya="3" hai0="42,34,49,125,6,38,0,109,116,64,112,71,30" hai1="67,50,126,128,69,86,41,97,120,4,114,39,21" hai2="101,53,84,48,11,5,91,129,115,51,118,13,98" hai3="105,2,63,32,102,88,119,44,132,19,24,56,73"/><W14/><G2/><T117/><D49/><U75/><E75/><V33/><F118/><W55/><G119/><T122/><D109/><U52/><E114/><V76/><F115/><W3/><G3/><T111/><D111/><U90/><E120/><V9/><F33/><W31/><G132/><T25/><D125/><U54/><E126/><V36/><F36/><W57/><G73/><T72/><D72/><U12/><E90/><V45/><F76/><W18/><G44/><N who="0" m="23639" /><D112/><U8/><E97/><V46/><F129/><W15/><G102/><T20/><D20/><U85/><E128/><V23/><F23/><W81/><G105/><T96/><D96/><U22/><E67/><V10/><F98/><W82/><G56/><T68/><D122/><U89/><E69/><N who="0" m="26697" /><D64/><U104/><E104/><V29/><F101/><W130/><G130/><T100/><D100/><U92/><E85/><V37/><F29/><W79/><G79/><T7/><D7/><U58/><REACH who="1" step="1"/><E54/><REACH who="1" ten="319,209,203,259" step="2"/><N who="2" m="29967" /><F37/><W133/><G55/><T123/><D123/><U61/><E61/><V93/><AGARI ba="0,1" hai="5,9,10,11,13,46,51,53,84,91,93" m="29967" machi="93" ten="30,1100,0" yaku="8,1" doraHai="121" who="2" fromWho="2" sc="319,-3,209,-3,203,21,259,-5" owari="316,41.6,206,-29.4,224,-17.6,254,5.4" /></mjloggm>