<mjloggm ver="2.3"><GO type="225" lobby="0"/><UN n0="%E2%80%A0%E7%99%BD%E5%85%8E%E2%80%A0" n1="%E3%83%B4%E3%83%A0%EF%BC%99%E3%81%A6" n2="%73%75%7A%75%6D%65%33" n3="%E9%89%A2%E5%B7%BB%E3%82%AC%E3%83%96" dan="18,17,17,16" rate="2132.99,2179.71,2250.06,2076.44" sx="M,M,M,M"/><TAIKYOKU oya="0"/><INIT seed="0,0,0,2,3,5" ten="250,250,250,250" oya="0" hai0="11,116,3,70,47,14,48,131,40,105,67,128,42" hai1="60,123,76,108,96,112,81,27,18,88,82,114,24" hai2="86,45,58,95,83,35,122,59,26,92,72,13,77" hai3="127,25,63,78,43,50,113,38,65,62,8,73,30"/><T4/><D116/><U9/><E123/><V52/><F122/><W134/><G113/><N who="1" m="43626" /><E108/><V87/><F45/><N who="3" m="23799" /><G63/><N who="0" m="40319" /><D105/><U23/><E60/><V129/><F59/><W135/><G78/><T110/><D110/><U90/><E24/><V64/><F64/><W28/><G73/><T98/><D98/><U49/><E49/><V31/><F129/><N who="0" m="49738" /><D40/><U33/><E33/><V97/><F13/><AGARI ba="0,0" hai="3,4,11,13,14,42,47,48" m="49738,40319" machi="13" ten="30,2900,0" yaku="19,1,52,1" doraHai="5" who="0" fromWho="2" sc="250,29,250,0,250,-29,250,0" /><INIT seed="0,1,0,2,4,24" ten="279,250,221,250" oya="0" hai0="38,124,89,123,14,34,56,5,87,37,25,27,68" hai1="61,120,2,57,18,10,49,108,29,121,59,105,81" hai2="58,77,36,62,67,26,135,47,75,19,97,66,80" hai3="106,45,130,20,54,114,74,84,64,96,22,33,30"/><T21/><D68/><U35/><E105/><V73/><F135/><W65/><G114/><T69/><D69/><U111/><E81/><V32/><F75/><W132/><G74/><T115/><D115/><U0/><E49/><V40/><F97/><W134/><G134/><T12/><D123/><U52/><E59/><V94/><F94/><W88/><G130/><T9/><D124/><U128/><E128/><V109/><F109/><N who="1" m="42057" /><E18/><V98/><F98/><W133/><G96/><T11/><D56/><U51/><E51/><V110/><F110/><W91/><G106/><T102/><D38/><U83/><E83/><V13/><F67/><W129/><G129/><T126/><D37/><U100/><E100/><V53/><F66/><W103/><G103/><T71/><D71/><U78/><E78/><V99/><F99/><W39/><G39/><T101/><D126/><U55/><E55/><V117/><F117/><W112/><G54/><T107/><D107/><U23/><E23/><V70/><F70/><W17/><G17/><T28/><D87/><U86/><E86/><V95/><F95/><W119/><G84/><T113/><D113/><U43/><E43/><V60/><F60/><W76/><G112/><T85/><D85/><U79/><E79/><V82/><F82/><W15/><G119/><T50/><D50/><U127/><E127/><V63/><F63/><W131/><G76/><T125/><D125/><U104/><E104/><V41/><F41/><W1/><G131/><T31/><D89/><U8/><E120/><V72/><F72/><W44/><G91/><T3/><D11/><RYUUKYOKU ba="1,0" sc="279,30,250,-10,221,-10,250,-10" hai0="3,5,9,12,14,21,25,27,28,31,34,101,102" /><INIT seed="0,2,0,4,4,106" ten="309,240,211,240" oya="0" hai0="32,57,104,99,102,112,50,48,13,51,109,97,91" hai1="78,5,68,30,4,49,83,69,80,123,107,100,3" hai2="41,86,11,133,26,94,103,6,43,90,72,79,7" hai3="113,44,92,56,31,46,39,77,58,2,18,122,60"/><T119/><D112/><U53/><E123/><V114/><F114/><W34/><G113/><T22/><D119/><U40/><E40/><V98/><F133/><W38/><G2/><T52/><D32/><U127/><E127/><V129/><F129/><W0/><G0/><T63/><D109/><U17/><E30/><V1/><F6/><W10/><G31/><T130/><D130/><U126/><E126/><V128/><F26/><W121/><G34/><T134/><D134/><U70/><E17/><V64/><F128/><W135/><G92/><T115/><D115/><U71/><E80/><V87/><F87/><W93/><G93/><T23/><D99/><U101/><E3/><V110/><F110/><W65/><G77/><T55/><D91/><U61/><E61/><V21/><F21/><W105/><G105/><T108/><D108/><U124/><E124/><V20/><F20/><W132/><G10/><T19/><REACH who="0" step="1"/><D23/><REACH who="0" ten="299,240,211,240" step="2"/><U35/><E35/><V125/><F125/><W118/><G118/><T76/><D76/><U74/><E101/><V81/><REACH who="2" step="1"/><F64/><AGARI ba="2,1" hai="13,19,22,48,50,51,52,55,57,63,64,97,102,104" machi="64" ten="40,7700,0" yaku="1,1,54,1,53,1" doraHai="106" doraHaiUra="8" who="0" fromWho="2" sc="299,93,240,0,211,-83,240,0" /><INIT seed="0,3,0,2,5,69" ten="392,240,128,240" oya="0" hai0="89,41,124,6,78,64,42,94,23,58,71,114,72" hai1="34,115,46,83,29,81,102,74,2,90,5,53,107" hai2="4,54,134,112,1,66,126,57,73,62,61,14,95" hai3="52,101,77,129,26,24,120,105,91,106,125,50,10"/><T110/><D114/><U88/><E115/><V133/><F112/><W128/><G125/><T25/><D124/><U38/><E107/><V135/><F126/><W117/><G117/><T108/><D71/><U122/><E102/><V116/><F116/><W16/><G77/><T21/><D6/><U0/><E122/><V75/><F1/><W70/><G70/><T15/><D15/><U32/><E53/><V92/><F4/><W93/><G120/><T109/><D78/><N who="1" m="44247" /><E0/><V97/><F14/><N who="3" m="7255" /><G101/><T85/><D72/><U76/><E29/><V20/><F20/><N who="0" m="7754" /><D25/><U33/><E83/><V87/><F87/><N who="3" m="52479" /><G106/><T36/><D36/><U12/><E12/><V35/><F35/><W22/><G105/><T31/><D31/><U113/><E76/><V118/><F118/><W103/><G103/><T7/><D7/><U11/><E113/><V55/><F92/><W47/><G22/><T28/><D28/><U18/><E18/><V19/><F19/><W84/><G84/><T40/><D85/><U60/><E60/><V131/><F131/><AGARI ba="3,0" hai="24,26,47,50,52,128,129,131" m="52479,7255" machi="131" ten="30,3900,0" yaku="19,1,54,2" doraHai="69" who="3" fromWho="2" sc="392,0,240,0,128,-48,240,48" /><INIT seed="1,0,0,3,5,1" ten="392,240,80,288" oya="1" hai0="132,62,93,114,88,32,84,78,117,60,135,58,100" hai1="2,17,10,98,40,71,47,44,127,49,73,68,45" hai2="6,92,42,29,130,20,8,69,59,111,35,36,112" hai3="25,56,31,54,74,120,101,134,26,66,39,96,41"/><U51/><E127/><V21/><F69/><W33/><G120/><T55/><D114/><U103/><E73/><V125/><F112/><W28/><G74/><T15/><D117/><U122/><E122/><V91/><F125/><W107/><G66/><T99/><D32/><U64/><E64/><V81/><F111/><W48/><G134/><N who="0" m="51243" /><D15/><U63/><E63/><V53/><F130/><W22/><G41/><T3/><D3/><U106/><E45/><V102/><F102/><W87/><G87/><T0/><D0/><U50/><E50/><V14/><F81/><W19/><G39/><T37/><D37/><U115/><E115/><V11/><F11/><W30/><AGARI ba="0,0" hai="19,22,25,26,28,30,31,33,48,54,56,96,101,107" machi="30" ten="30,1100,0" yaku="0,1" doraHai="1" who="3" fromWho="3" sc="392,-3,240,-5,80,-3,288,11" /><INIT seed="2,0,0,1,5,11" ten="389,235,77,299" oya="2" hai0="66,18,20,72,70,57,17,59,88,45,47,12,14" hai1="130,79,6,93,120,128,44,5,95,97,87,127,125" hai2="109,103,50,76,4,114,21,3,33,99,38,71,85" hai3="42,48,0,100,102,104,107,110,19,91,135,22,112"/><V111/><F38/><W43/><G0/><T134/><D72/><U56/><E44/><N who="0" m="16969" /><D70/><U39/><E39/><V60/><F114/><W77/><G48/><T74/><D74/><U78/><E56/><V23/><F33/><W113/><G77/><N who="1" m="29194" /><E120/><V64/><F50/><W36/><G36/><T31/><D134/><U68/><E68/><V108/><F4/><N who="1" m="1641" /><E87/><V34/><F34/><W69/><G91/><T37/><D31/><U26/><E26/><V35/><F35/><W46/><G46/><T83/><D66/><U92/><E97/><V65/><F65/><W132/><G69/><T105/><D105/><U61/><E61/><V8/><F8/><W7/><G107/><T75/><D75/><U30/><E30/><V117/><F3/><W63/><G104/><T67/><D67/><U126/><AGARI ba="0,0" hai="92,93,95,125,126,127,128,130" m="1641,29194" machi="126" ten="40,5200,0" yaku="28,2,18,1" doraHai="11" who="1" fromWho="1" sc="389,-13,235,52,77,-26,299,-13" /><INIT seed="3,0,0,3,3,108" ten="376,287,51,286" oya="3" hai0="33,5,82,8,103,15,66,96,14,109,58,11,45" hai1="79,116,95,20,131,43,92,125,121,84,67,49,28" hai2="48,50,9,89,26,52,119,44,39,87,34,3,78" hai3="25,86,117,32,71,19,90,135,59,47,64,75,123"/><W72/><G117/><T99/><D109/><U70/><E121/><V61/><F119/><W41/><G123/><T17/><D33/><U2/><E116/><V18/><F78/><W88/><G71/><T100/><D82/><N who="1" m="47199" /><E2/><V114/><F39/><W22/><G135/><T55/><D45/><N who="1" m="25791" /><E70/><V36/><F36/><W76/><G76/><T85/><D85/><U42/><E42/><V38/><F38/><W21/><G32/><T12/><D12/><U63/><E125/><V65/><F50/><W53/><G64/><T57/><D66/><U120/><E131/><V112/><F3/><W7/><G7/><T10/><D10/><U60/><E120/><V4/><F34/><W124/><G124/><T77/><D77/><U46/><E46/><V115/><F4/><W118/><G118/><T130/><D130/><U127/><E127/><V104/><F104/><W73/><G22/><T35/><D35/><U80/><E80/><V81/><F26/><W126/><G126/><T134/><D134/><U24/><E67/><V29/><F29/><W54/><G59/><N who="0" m="22539" /><D55/><U16/><E28/><V31/><F31/><W110/><G110/><T68/><D68/><U129/><E129/><V13/><F114/><W101/><G101/><AGARI ba="0,0" hai="5,8,11,14,15,17,96,99,100,101,103" m="22539" machi="101" ten="30,1000,0" yaku="8,1" doraHai="108" who="0" fromWho="3" sc="376,10,287,0,51,0,286,-10" owari="386,48.6,287,8.7,51,-44.9,276,-12.4" /></mjloggm>