<mjloggm ver="2.3"><GO type="225" lobby="0"/><UN n0="%E3%81%86%E3%83%BC%E3%81%B1%E3%83%BC" n1="%E8%81%B7%E6%A5%AD%E3%80%81%E9%A2%A8%32" n2="%6E%69%63%6B%6C%6F%77" n3="%E3%82%BC%E3%83%AB%E3%83%80%E3%81%AE%E4%BC%9D%E8%AA%AC" dan="16,16,16,16" rate="2182.34,2147.97,2109.67,2214.79" sx="M,M,F,M"/><TAIKYOKU oya="0"/><INIT seed="0,0,0,2,1,60" ten="250,250,250,250" oya="0" hai0="105,9,104,102,0,123,130,64,54,90,91,63,86" hai1="94,87,128,33,44,15,112,73,85,78,35,122,71" hai2="99,28,31,4,106,117,34,98,42,40,121,57,17" hai3="134,43,108,3,75,22,11,76,113,52,133,27,67"/><T74/><D123/><U82/><E112/><V25/><F121/><W93/><G113/><T6/><D130/><U97/><E122/><V62/><F117/><W48/><G108/><T129/><D129/><U107/><E128/><V30/><F4/><W47/><G75/><T120/><D74/><U46/><E71/><V8/><F34/><W100/><G76/><T80/><D120/><U53/><E15/><N who="2" m="7399" /><F25/><W1/><G43/><N who="2" m="16425" /><F106/><W88/><G100/><T38/><D102/><N who="1" m="62927" /><E87/><V39/><F39/><W83/><G67/><AGARI ba="0,0" hai="28,30,31,57,62,67,98,99" m="16425,7399" machi="67" ten="30,2000,0" yaku="8,1,52,1" doraHai="60" who="2" fromWho="3" sc="250,0,250,0,250,20,250,-20" /><INIT seed="1,0,0,1,2,73" ten="250,250,270,230" oya="1" hai0="129,117,61,7,79,6,128,109,126,107,77,62,51" hai1="17,106,90,46,120,69,60,86,80,36,66,28,119" hai2="104,32,42,19,12,13,48,10,0,130,95,30,133" hai3="83,97,85,22,57,59,118,127,52,111,114,116,89"/><U125/><E119/><N who="3" m="45610" /><G114/><T47/><D107/><U43/><E120/><V112/><F104/><W26/><G111/><T87/><D109/><U76/><E125/><V65/><F112/><W70/><G70/><T21/><D126/><U102/><E28/><V16/><F65/><W53/><G127/><T49/><D117/><U14/><E102/><V56/><F0/><W50/><G97/><T75/><D75/><U101/><E101/><V131/><F133/><W35/><G35/><T58/><D87/><U31/><E31/><V110/><F110/><W100/><G100/><T38/><D38/><U94/><E106/><V134/><F134/><W29/><G53/><T64/><D21/><U11/><REACH who="1" step="1"/><E94/><REACH who="1" ten="250,240,270,230" step="2"/><V41/><F30/><W20/><G20/><T105/><D105/><U121/><E121/><V8/><F95/><W84/><G84/><T39/><D129/><U92/><E92/><V122/><F122/><W15/><G15/><T54/><D128/><U103/><E103/><V25/><F32/><W88/><G89/><AGARI ba="0,1" hai="11,14,17,36,43,46,60,66,69,76,80,86,89,90" machi="89" ten="40,7700,0" yaku="1,1,52,1,53,1" doraHai="73" doraHaiUra="68" who="1" fromWho="3" sc="250,0,240,87,270,0,230,-77" /><INIT seed="1,1,0,3,1,48" ten="250,327,270,153" oya="1" hai0="108,39,102,55,88,0,62,77,30,96,41,99,72" hai1="4,114,47,17,106,3,128,43,8,126,50,28,81" hai2="129,1,132,27,29,86,113,52,5,115,9,65,71" hai3="26,18,130,45,100,13,120,21,58,2,101,10,127"/><U12/><E106/><V49/><F129/><W134/><G120/><T76/><D72/><U112/><E128/><V111/><F111/><W78/><G130/><T121/><D0/><U68/><E126/><V84/><F132/><W16/><G134/><T87/><D108/><U56/><E68/><V105/><F105/><W90/><G127/><T53/><D30/><U7/><E28/><V61/><F86/><W6/><G78/><N who="0" m="30315" /><D39/><U63/><E81/><V95/><F84/><W60/><G45/><T118/><D118/><U104/><E104/><V34/><REACH who="2" step="1"/><F95/><REACH who="2" ten="250,327,260,153" step="2"/><W44/><G90/><T80/><D121/><U35/><E35/><V83/><F83/><W131/><G131/><T119/><D119/><U92/><E92/><V122/><F122/><W38/><G38/><T74/><D74/><U73/><E73/><V85/><F85/><W31/><G44/><AGARI ba="1,1" hai="1,5,9,27,29,34,44,49,52,61,65,71,113,115" machi="44" ten="40,5200,0" yaku="1,1,52,1,54,1,53,0" doraHai="48" doraHaiUra="75" who="2" fromWho="3" sc="250,0,327,0,260,65,153,-55" /><INIT seed="2,0,0,0,2,1" ten="250,327,325,98" oya="2" hai0="22,123,92,33,94,87,36,122,127,98,74,35,23" hai1="99,79,15,124,0,30,115,72,112,49,55,75,97" hai2="130,28,100,6,116,42,117,106,10,78,44,32,20" hai3="81,76,53,103,125,17,4,21,113,7,119,46,50"/><V40/><F32/><W45/><G125/><T71/><D127/><U64/><E0/><V51/><F40/><W93/><G119/><T24/><D74/><U62/><E30/><V82/><F130/><W135/><G135/><T34/><D71/><U133/><E133/><V80/><F80/><W58/><G113/><T88/><D36/><U96/><E124/><V27/><F100/><W118/><G118/><T37/><D37/><U52/><E55/><V83/><F83/><W91/><G103/><T65/><D65/><U107/><E107/><V109/><F109/><W66/><G66/><T134/><D22/><U120/><E120/><V85/><REACH who="2" step="1"/><F106/><REACH who="2" ten="250,327,315,98" step="2"/><W101/><G101/><T89/><REACH who="0" step="1"/><D134/><REACH who="0" ten="240,327,315,98" step="2"/><U13/><E115/><V25/><F25/><N who="3" m="14511" /><G76/><T29/><AGARI ba="0,2" hai="23,24,29,33,34,35,87,88,89,92,94,98,122,123" machi="29" ten="30,12000,2" yaku="1,1,0,1,54,1,53,3" doraHai="1" doraHaiUra="31" who="0" fromWho="0" sc="240,140,327,-30,315,-60,98,-30" /><INIT seed="3,0,0,3,4,9" ten="380,297,255,68" oya="3" hai0="104,130,106,56,114,5,125,20,3,60,126,97,127" hai1="7,92,132,84,55,135,129,75,0,68,21,40,80" hai2="42,89,105,76,49,70,134,12,95,8,63,22,83" hai3="108,24,16,91,47,39,82,23,98,17,27,2,133"/><W120/><G120/><T30/><D130/><U119/><E68/><V29/><F134/><W87/><G133/><N who="1" m="51274" /><E129/><V121/><F105/><W90/><G108/><T112/><D5/><U107/><E107/><N who="0" m="41001" /><D97/><U99/><E21/><V103/><F121/><W28/><G2/><T13/><D3/><U46/><E55/><V64/><F103/><W96/><G91/><T115/><D30/><U6/><E75/><V113/><F113/><W50/><G39/><T32/><D32/><U14/><E14/><V58/><F29/><W18/><REACH who="3" step="1"/><G24/><REACH who="3" ten="380,297,255,58" step="2"/><T110/><D110/><U73/><E0/><V38/><F38/><W31/><G31/><T85/><D112/><U118/><E118/><V67/><F89/><W61/><G61/><T93/><D60/><U116/><E119/><V109/><F63/><W79/><G79/><T94/><D114/><U44/><E116/><V26/><F76/><W15/><G15/><T65/><D13/><U54/><E73/><V25/><F26/><W57/><G57/><T71/><D56/><U11/><E46/><V69/><F25/><W111/><G111/><T19/><D115/><U59/><E59/><V33/><F58/><W72/><G72/><T78/><D78/><U62/><E44/><V124/><F70/><W45/><G45/><T41/><D71/><U101/><E62/><V123/><F69/><W74/><G74/><T122/><D122/><U131/><E131/><V81/><F123/><W43/><AGARI ba="0,1" hai="16,17,18,23,27,28,43,47,50,82,87,90,96,98" machi="43" ten="30,11700,0" yaku="1,1,0,1,8,1,54,1,53,0" doraHai="9" doraHaiUra="34" who="3" fromWho="3" sc="380,-39,297,-39,255,-39,58,127" /><INIT seed="3,1,0,0,0,125" ten="341,258,216,185" oya="3" hai0="130,38,111,22,132,108,9,2,104,79,29,7,30" hai1="14,20,68,75,95,49,33,61,51,78,128,77,58" hai2="35,113,122,15,81,94,87,52,16,83,80,114,119" hai3="88,65,126,63,105,21,53,36,76,60,74,120,28"/><W86/><G120/><T99/><D130/><U107/><E128/><V71/><F35/><W62/><G126/><T44/><D132/><U115/><E107/><V23/><F119/><W12/><G36/><T85/><D22/><U13/><E68/><V133/><F71/><W34/><G105/><T112/><D112/><U54/><E115/><V102/><F133/><W103/><G34/><T17/><D17/><U55/><E33/><V73/><F73/><W67/><G74/><T110/><D85/><U96/><E75/><V121/><F113/><W82/><G103/><N who="0" m="62591" /><D79/><N who="1" m="30219" /><E20/><V134/><F134/><W92/><G53/><T18/><D18/><U3/><E3/><V100/><F114/><W10/><G28/><T26/><D26/><U129/><E129/><V72/><F72/><W39/><G39/><T41/><AGARI ba="1,0" hai="2,7,9,29,30,38,41,44,108,110,111" m="62591" machi="41" ten="40,1500,0" yaku="14,1" doraHai="125" who="0" fromWho="0" sc="341,18,258,-5,216,-5,185,-8" owari="359,45.9,253,5.3,211,-18.9,177,-32.3" /></mjloggm>