<mjloggm ver="2.3"><GO type="225" lobby="0"/><UN n0="%E6%81%A5%E6%99%92%E3%81%97" n1="%E6%98%BC%E4%B8%8B%E3%81%8C%E3%82%8A%E3%81%AE%E5%9B%A3%E5%9C%B0%E5%A6%BB" n2="%6D%75%75%73%61%6E%6D%75" n3="%4B%2E%32%2E%4B%2E" dan="16,16,17,16" rate="2106.73,2152.74,2180.24,2156.24" sx="M,F,F,M"/><TAIKYOKU oya="0"/><INIT seed="0,0,0,2,1,97" ten="250,250,250,250" oya="0" hai0="83,90,120,51,93,115,92,5,89,131,107,41,82" hai1="59,66,72,81,29,75,42,25,7,64,130,121,19" hai2="52,84,79,85,111,2,26,17,32,24,123,128,12" hai3="56,71,61,122,114,30,112,14,54,91,87,94,98"/><T65/><D115/><U53/><E121/><V135/><F123/><W9/><G122/><T55/><D120/><U23/><E130/><V31/><F2/><W44/><G71/><T134/><D131/><U95/><E7/><V86/><F128/><W80/><G30/><T60/><D107/><U40/><E72/><V73/><F111/><W62/><G62/><T96/><D134/><U133/><E133/><V69/><F69/><W4/><REACH who="3" step="1"/><G44/><REACH who="3" ten="250,250,250,240" step="2"/><T27/><D60/><U77/><E29/><V8/><F135/><W21/><G21/><T16/><D65/><U104/><E64/><V108/><F108/><W13/><G13/><T43/><D5/><U48/><E66/><V105/><F32/><W63/><G63/><T11/><D43/><U110/><E110/><V1/><F31/><W119/><G119/><T88/><D41/><U47/><E47/><V116/><F116/><W35/><G35/><T113/><D113/><U0/><E0/><V127/><F1/><W57/><G57/><T15/><D27/><U74/><E42/><V10/><F24/><W68/><G68/><T109/><D109/><U129/><E40/><V103/><F26/><W101/><AGARI ba="0,1" hai="4,9,14,54,56,61,80,87,91,94,98,101,112,114" machi="101" ten="20,8000,1" yaku="1,1,0,1,7,1,52,1,53,1" doraHai="97" doraHaiUra="49" who="3" fromWho="3" sc="250,-40,250,-20,250,-20,240,90" /><INIT seed="1,0,0,1,0,28" ten="210,230,230,330" oya="1" hai0="40,11,34,69,57,120,70,112,109,114,89,131,134" hai1="56,135,21,35,71,62,102,50,12,75,87,90,39" hai2="83,84,115,99,77,2,73,61,68,100,79,7,76" hai3="53,66,63,42,85,67,125,51,98,13,130,19,64"/><U86/><E39/><V72/><F115/><W9/><G125/><T44/><D11/><U45/><E71/><N who="0" m="27145" /><D89/><U113/><E113/><N who="0" m="43625" /><D34/><U24/><E75/><V101/><F2/><W8/><G130/><T119/><D119/><U47/><E102/><V94/><F7/><W97/><G85/><T93/><D93/><U26/><E87/><V127/><F61/><W54/><G8/><T133/><D131/><U4/><E35/><V91/><F68/><W65/><N who="3" m="16384" /><DORA hai="96" /><W52/><G63/><T29/><D29/><U92/><E135/><N who="0" m="51721" /><D57/><U25/><E62/><V15/><F15/><W32/><G32/><T95/><D95/><U38/><E4/><V55/><F127/><W36/><G98/><T106/><D109/><U105/><E105/><V126/><F126/><W43/><G97/><T116/><D116/><U118/><E118/><V6/><F6/><W80/><G80/><T31/><D31/><U123/><E56/><V48/><REACH who="2" step="1"/><F100/><REACH who="2" ten="210,230,220,330" step="2"/><W37/><G13/><T78/><D120/><U49/><E123/><V88/><F88/><W107/><G9/><T5/><D5/><U10/><E12/><V20/><F20/><W41/><G19/><T103/><D78/><U104/><E10/><V124/><F124/><W3/><G3/><T46/><D40/><U82/><E21/><V27/><F27/><W129/><G129/><T111/><D111/><U110/><E110/><V16/><F16/><W128/><G128/><T132/><D132/><U14/><E90/><V117/><F117/><W17/><G17/><T108/><D108/><U60/><E14/><V33/><F33/><RYUUKYOKU ba="0,1" sc="210,15,230,-15,220,15,330,-15" hai0="44,46,103,106" hai2="48,55,72,73,76,77,79,83,84,91,94,99,101" /><INIT seed="2,1,1,0,4,58" ten="225,215,235,315" oya="2" hai0="8,62,60,20,88,129,85,29,46,45,39,117,102" hai1="16,57,59,111,109,43,23,121,114,130,22,95,110" hai2="90,105,36,94,81,13,53,118,47,64,1,66,106" hai3="113,91,78,33,56,35,15,100,34,103,108,84,67"/><V41/><F118/><W131/><G78/><T9/><D129/><U92/><E114/><V77/><F1/><W38/><G38/><T86/><D117/><U5/><E130/><V116/><F116/><W55/><G131/><T76/><D102/><U71/><E71/><V104/><F53/><W75/><G75/><T70/><D70/><U68/><E68/><V48/><F36/><W3/><G3/><T97/><D39/><U10/><E43/><V93/><F13/><W134/><G113/><T126/><D126/><U99/><E121/><V61/><F61/><N who="0" m="23658" /><D97/><U37/><E37/><V14/><F14/><W112/><G108/><T80/><D9/><U4/><E92/><V54/><F94/><W0/><G134/><T87/><D87/><U115/><E115/><V125/><F125/><W63/><G100/><T21/><D8/><U17/><E10/><V11/><F11/><W50/><G103/><T40/><D40/><U72/><E72/><V44/><F41/><W69/><G84/><T6/><D6/><U2/><E2/><V119/><F119/><W122/><G0/><T101/><D101/><N who="1" m="60671" /><E4/><V24/><F104/><W73/><G69/><T89/><D76/><U132/><E5/><V82/><F105/><W31/><G112/><T49/><D49/><U30/><E132/><V124/><F106/><W65/><G50/><T42/><D42/><U127/><E127/><V26/><F124/><W79/><G79/><T12/><D12/><U133/><E133/><V27/><F77/><W135/><G135/><T28/><D28/><U7/><E30/><V74/><F74/><RYUUKYOKU ba="1,1" sc="225,0,215,0,235,0,315,0" /><INIT seed="3,2,1,3,5,1" ten="225,215,235,315" oya="3" hai0="8,133,81,15,69,73,66,68,11,64,36,108,16" hai1="60,41,95,127,80,31,67,21,117,71,49,7,29" hai2="106,50,46,131,30,87,0,100,121,124,54,12,33" hai3="109,113,75,104,97,77,72,35,78,56,42,111,3"/><W18/><G113/><T135/><D36/><U130/><E127/><V115/><F0/><W23/><G35/><T38/><D38/><U96/><E130/><V125/><F115/><W22/><G3/><T32/><D32/><U119/><E80/><V103/><F131/><W55/><G42/><T114/><D114/><U74/><E74/><V43/><F106/><W126/><G23/><T62/><D108/><N who="3" m="41545" /><G126/><T120/><D120/><U82/><E82/><V129/><F121/><W2/><G2/><T47/><D47/><N who="1" m="25839" /><E7/><V19/><F46/><W102/><G75/><T34/><D34/><U132/><E21/><N who="2" m="11495" /><F129/><W48/><G72/><T128/><D128/><U76/><E76/><V85/><F43/><W79/><G79/><T84/><D73/><U14/><E14/><AGARI ba="2,1" hai="14,18,22,48,55,56,77,78,97,102,104" m="41545" machi="14" ten="30,2900,0" yaku="14,1,10,1" doraHai="1" who="3" fromWho="1" sc="225,0,215,-35,235,0,315,45" owari="225,-17.5,180,-32.0,235,3.5,360,46.0" /></mjloggm>