<mjloggm ver="2.3"><GO type="225" lobby="0"/><UN n0="%E3%81%AF%E3%82%88%E3%81%8A%E3%81%98%E3%81%95%E3%82%93" n1="%48%61%61%61%6C%61%6E%64" n2="%E5%B8%86%E7%AB%8B%E5%A4%8F%E8%A1%A3" n3="%E3%81%82%E3%81%84%E3%81%82%E3%81%8A%E3%81%84" dan="16,17,17,18" rate="2166.74,2155.37,2132.94,2207.65" sx="M,M,M,M"/><TAIKYOKU oya="0"/><INIT seed="0,0,0,1,1,56" ten="250,250,250,250" oya="0" hai0="61,19,110,91,75,59,78,104,29,81,24,119,67" hai1="107,33,88,127,133,50,71,23,46,120,16,105,92" hai2="108,30,52,135,15,36,109,7,70,100,48,27,6" hai3="49,45,1,34,121,94,118,87,28,90,74,5,72"/><T82/><D119/><U101/><E120/><V9/><F135/><W18/><G118/><T123/><D123/><U79/><E133/><V10/><F36/><W132/><G121/><T76/><D110/><N who="2" m="42602" /><F70/><W99/><G132/><T128/><D128/><U25/><E127/><V57/><F100/><W115/><G115/><T83/><D104/><U134/><E134/><V95/><F95/><W114/><G114/><T20/><D91/><U17/><E71/><V116/><F116/><W131/><G131/><T40/><D40/><U47/><E33/><N who="2" m="20703" /><F10/><W0/><G18/><AGARI ba="0,0" hai="6,7,9,15,18,48,52,57" m="20703,42602" machi="18" ten="30,2000,0" yaku="14,1,54,1" doraHai="56" who="2" fromWho="3" sc="250,0,250,0,250,20,250,-20" /><INIT seed="1,0,0,2,2,101" ten="250,250,270,230" oya="1" hai0="115,99,52,73,114,14,5,18,102,23,2,84,122" hai1="17,90,12,49,38,62,93,75,125,97,0,15,121" hai2="105,88,111,47,69,48,74,113,95,28,27,65,40" hai3="117,68,16,100,130,41,86,37,120,51,67,83,85"/><U110/><E121/><V66/><F111/><W35/><G120/><T44/><D73/><U89/><E38/><V32/><F113/><W109/><G35/><T26/><D2/><U79/><E0/><V98/><F74/><W9/><G109/><T31/><D5/><U19/><E110/><V50/><F69/><W56/><G130/><T33/><D84/><U8/><E125/><V81/><F81/><W106/><G117/><T55/><D122/><U96/><E62/><V43/><F105/><W76/><G68/><T77/><D77/><U116/><E116/><V60/><F60/><W54/><G67/><T135/><D135/><U45/><E79/><V129/><F129/><W11/><G86/><T30/><D31/><U71/><E75/><V64/><REACH who="2" step="1"/><F43/><REACH who="2" ten="250,250,260,230" step="2"/><W22/><G41/><T58/><D114/><U119/><E71/><V127/><F127/><W112/><G112/><T87/><D115/><U94/><E119/><V63/><F63/><W20/><G37/><AGARI ba="0,1" hai="27,28,32,37,40,47,48,50,64,65,66,88,95,98" machi="37" ten="40,2600,0" yaku="1,1,54,1,53,0" doraHai="101" doraHaiUra="124" who="2" fromWho="3" sc="250,0,250,0,260,36,230,-26" /><INIT seed="2,0,0,5,0,22" ten="250,250,296,204" oya="2" hai0="124,118,83,135,117,53,71,122,42,23,97,125,130" hai1="8,111,106,126,4,27,78,44,32,40,112,70,1" hai2="110,120,5,115,3,45,105,62,46,94,37,33,98" hai3="16,20,0,87,38,63,19,76,24,48,84,43,80"/><V86/><F115/><W81/><G0/><T34/><D34/><U127/><E112/><V102/><F120/><W51/><G63/><T134/><D71/><U90/><E111/><V121/><F121/><W11/><G38/><T108/><D122/><U85/><E106/><V119/><F119/><N who="0" m="45578" /><D108/><U47/><E78/><V57/><F110/><W103/><G103/><T9/><D130/><U67/><E67/><V10/><F33/><W109/><G109/><T114/><D114/><U69/><E69/><V100/><F37/><W131/><G131/><T74/><D42/><U26/><E70/><V14/><F3/><W116/><G116/><T35/><D35/><U30/><E27/><V66/><F100/><W31/><G43/><T101/><D23/><U89/><E89/><V79/><REACH who="2" step="1"/><F105/><REACH who="2" ten="250,250,286,204" step="2"/><W82/><G80/><AGARI ba="0,1" hai="5,10,14,45,46,57,62,66,79,80,86,94,98,102" machi="80" ten="40,7700,0" yaku="1,1,2,1,8,1,53,0" doraHai="22" doraHaiUra="36" who="2" fromWho="3" sc="250,0,250,0,286,87,204,-77" /><INIT seed="2,1,0,5,4,5" ten="250,250,373,127" oya="2" hai0="52,101,32,18,3,60,37,23,20,49,41,33,15" hai1="63,91,35,120,134,108,104,46,11,58,126,9,109" hai2="114,97,10,65,55,7,39,74,8,106,130,121,70" hai3="110,4,72,13,67,127,85,40,29,64,102,76,62"/><V45/><F114/><W61/><G72/><T31/><D3/><U128/><E126/><V71/><F121/><W96/><G127/><T14/><D60/><U122/><E128/><V28/><F130/><W0/><G0/><T78/><D101/><U79/><E134/><V47/><F74/><W84/><G110/><N who="1" m="42602" /><E35/><V117/><F117/><W75/><G75/><T95/><D95/><U24/><E79/><V129/><F129/><W17/><G4/><T112/><D112/><U135/><E135/><V113/><F113/><W2/><G2/><T12/><D78/><U105/><E24/><V124/><F124/><W22/><G29/><T1/><D1/><U103/><E91/><V93/><F106/><N who="1" m="41065" /><E46/><V38/><F47/><W99/><G40/><T19/><D41/><U36/><E36/><V59/><F45/><W73/><G73/><T131/><D37/><U89/><E89/><V68/><F39/><W132/><G132/><T25/><D131/><U116/><E103/><V27/><F38/><W54/><G54/><T90/><D90/><U107/><E107/><V53/><F53/><W118/><G118/><T81/><D81/><U34/><E34/><N who="0" m="13417" /><D49/><U42/><E42/><V98/><F55/><W119/><G119/><T50/><D50/><U48/><E48/><V86/><F97/><W66/><G102/><T21/><D52/><N who="1" m="34247" /><E116/><V82/><F82/><W43/><G43/><T44/><D44/><U111/><E111/><V88/><F88/><W30/><G76/><T87/><D87/><N who="3" m="33353" /><G30/><T16/><AGARI ba="1,0" hai="12,14,15,16,18,19,20,21,23,25,31" m="13417" machi="16" ten="40,12000,2" yaku="35,5,54,1" doraHai="5" who="0" fromWho="0" sc="250,123,250,-31,373,-61,127,-31" /><INIT seed="3,0,0,0,4,67" ten="373,219,312,96" oya="3" hai0="92,61,101,59,127,98,115,17,97,122,112,8,80" hai1="23,27,84,111,132,0,79,29,135,44,62,35,119" hai2="36,47,130,90,42,26,73,76,131,102,50,19,15" hai3="64,25,78,38,117,6,45,89,51,57,20,63,48"/><W82/><G117/><T133/><D122/><U110/><E119/><V120/><F120/><W108/><G108/><N who="1" m="41514" /><E0/><V71/><F102/><W134/><G134/><N who="1" m="51242" /><E62/><V34/><F90/><W55/><G6/><T60/><D133/><U69/><E69/><V125/><F125/><W94/><G38/><T7/><D127/><U41/><E84/><V18/><F36/><W91/><G51/><T40/><D40/><U4/><E79/><V129/><F71/><W126/><G126/><T77/><D17/><U93/><E93/><V22/><F34/><W87/><REACH who="3" step="1"/><G94/><REACH who="3" ten="373,219,312,86" step="2"/><N who="0" m="58551" /><D7/><U105/><E4/><V31/><F50/><W109/><G109/><T58/><D92/><U3/><E3/><V12/><F130/><W107/><G107/><T104/><D104/><U74/><E105/><V81/><F129/><W24/><G24/><T100/><D115/><U116/><E116/><V95/><F131/><W14/><G14/><T66/><D112/><U43/><E74/><V2/><F95/><W124/><G124/><T54/><D100/><U33/><E41/><V70/><F2/><W52/><G52/><T9/><D98/><U106/><E106/><V37/><F12/><W53/><G53/><T49/><D49/><AGARI ba="0,1" hai="23,27,29,33,35,43,44,49" m="51242,41514" machi="49" ten="30,2000,0" yaku="14,1,20,1" doraHai="67" who="1" fromWho="0" sc="373,-20,219,30,312,0,86,0" owari="353,45.3,249,-15.1,312,11.2,86,-41.4" /></mjloggm>