<mjloggm ver="2.3"><GO type="225" lobby="0"/><UN n0="%E9%A2%A8%E3%81%A7%E9%B3%B4%E3%81%8F" n1="%4B%2E%32%2E%4B%2E" n2="%61%69%73%79%6F" n3="%E5%B8%86%E7%AB%8B%E5%A4%8F%E8%A1%A3" dan="16,17,17,16" rate="2155.03,2214.86,2249.48,2072.75" sx="M,M,M,M"/><TAIKYOKU oya="0"/><INIT seed="0,0,0,1,0,3" ten="250,250,250,250" oya="0" hai0="73,35,114,86,104,134,33,17,48,126,58,25,118" hai1="116,122,27,107,111,131,1,69,128,31,5,119,21" hai2="0,113,26,98,125,97,18,103,13,110,89,32,75" hai3="46,121,83,81,84,45,15,87,132,91,88,65,135"/><T29/><D73/><U74/><E74/><V79/><F0/><W133/><G121/><T108/><D114/><U71/><E107/><V120/><F120/><W38/><G38/><T77/><D104/><U78/><E78/><V44/><F113/><W41/><G41/><T24/><D118/><N who="1" m="45099" /><E122/><V64/><F110/><W14/><G65/><T66/><D126/><U23/><E71/><V28/><F125/><W61/><G61/><T59/><D134/><U9/><E69/><V76/><F64/><W127/><G127/><T90/><D77/><U94/><E94/><V62/><F62/><W112/><G112/><T93/><D108/><U105/><E111/><V106/><F75/><W72/><G72/><T30/><D66/><U10/><E105/><V8/><F44/><AGARI ba="0,0" hai="14,15,44,45,46,81,83,84,87,88,91,132,133,135" machi="44" ten="40,5200,0" yaku="9,1,20,1,54,1" doraHai="3" who="3" fromWho="2" sc="250,0,250,0,250,-52,250,52" /><INIT seed="1,0,0,4,4,30" ten="250,250,198,302" oya="1" hai0="31,129,112,125,3,18,24,116,86,98,92,27,7" hai1="9,73,5,28,107,104,35,121,130,45,108,47,13" hai2="40,111,57,51,22,87,50,16,109,122,66,75,37" hai3="74,81,128,10,44,124,123,110,120,69,4,96,26"/><U2/><E121/><V82/><F122/><W68/><G96/><T85/><D116/><U62/><E73/><V94/><F75/><W105/><G105/><T12/><D112/><U67/><E130/><V99/><F37/><W90/><G90/><T20/><D129/><U63/><E108/><V32/><F32/><W41/><G124/><T14/><D125/><U79/><E79/><V95/><F40/><W36/><G128/><T49/><D49/><U64/><E2/><V1/><F1/><N who="3" m="271" /><G110/><N who="2" m="41993" /><F66/><W117/><G117/><T48/><D48/><N who="2" m="18474" /><F57/><W70/><G26/><T118/><D118/><U59/><E35/><V76/><F99/><W132/><G132/><T115/><D115/><U56/><REACH who="1" step="1"/><E28/><REACH who="1" ten="250,240,198,302" step="2"/><V15/><AGARI ba="0,1" hai="15,16,22,76,82,87,94,95" m="18474,41993" machi="15" ten="30,2000,0" yaku="14,1,54,1" doraHai="30" who="2" fromWho="2" sc="250,-5,240,-10,198,30,302,-5" /><INIT seed="2,0,0,1,3,28" ten="245,230,228,297" oya="2" hai0="34,20,57,51,112,88,120,68,102,99,61,25,82" hai1="59,96,46,123,100,11,106,18,104,71,115,77,24" hai2="1,107,53,114,135,17,31,124,12,22,116,60,109" hai3="43,113,65,66,81,126,6,62,58,131,80,15,86"/><V5/><F114/><W8/><G126/><T50/><D112/><U2/><E115/><V133/><F107/><W32/><G131/><T10/><D120/><U41/><E71/><V69/><F116/><W90/><G113/><T83/><D68/><U87/><E106/><V36/><F36/><W94/><G32/><T48/><D10/><U129/><E129/><V16/><F124/><W52/><G43/><T7/><D7/><U39/><E123/><V98/><F98/><W108/><G108/><T128/><D34/><U101/><E101/><V118/><F118/><W47/><G47/><T84/><D128/><U132/><E132/><V9/><F109/><W92/><G92/><T29/><D82/><AGARI ba="0,0" hai="6,8,15,52,58,62,65,66,80,81,82,86,90,94" machi="82" ten="40,2600,0" yaku="8,1,54,1" doraHai="28" who="3" fromWho="0" sc="245,-26,230,0,228,0,297,26" /><INIT seed="3,0,0,3,4,49" ten="219,230,228,323" oya="3" hai0="135,99,61,89,100,82,126,91,86,75,76,32,79" hai1="105,114,116,130,84,92,9,56,97,37,66,104,27" hai2="6,96,23,50,90,125,115,127,55,46,113,132,43" hai3="93,78,1,101,63,88,39,12,21,67,106,52,103"/><W95/><G39/><T11/><D32/><U25/><E37/><V42/><F6/><W111/><G1/><T38/><D38/><U53/><E114/><N who="2" m="43531" /><F23/><W10/><G106/><N who="0" m="63775" /><D11/><U83/><E66/><V85/><F96/><W123/><G78/><N who="0" m="44383" /><D61/><U51/><E130/><V2/><F2/><W118/><G118/><T98/><D135/><U117/><E9/><V122/><F132/><W121/><G21/><T134/><D134/><U45/><E104/><V133/><F133/><W72/><G12/><T119/><D119/><N who="1" m="45643" /><E45/><V20/><F20/><W129/><G10/><T47/><D47/><U59/><E59/><V15/><F15/><W131/><G131/><T108/><D108/><U33/><E33/><V4/><F4/><W60/><G111/><T5/><D5/><U109/><E105/><V7/><F7/><W74/><G129/><T41/><D41/><U112/><E109/><V57/><F122/><W19/><G19/><T81/><D126/><N who="2" m="48138" /><F57/><W40/><G123/><T120/><D120/><U28/><E28/><V31/><F31/><W68/><G121/><T77/><D89/><N who="1" m="51359" /><E112/><V13/><F13/><W22/><G22/><T24/><D24/><U29/><E29/><V94/><AGARI ba="0,0" hai="42,43,46,50,55,85,90,94" m="48138,43531" machi="94" ten="30,2000,0" yaku="18,1,52,1" doraHai="49" who="2" fromWho="2" sc="219,-5,230,-5,228,20,323,-10" owari="214,-28.6,225,-17.5,248,4.8,313,41.3" /></mjloggm>