<mjloggm ver="2.3"><GO type="225" lobby="0"/><UN n0="%72%61%6B%33" n1="%E8%A8%88%E7%AE%97%E6%A9%9F%E8%87%AA%E7%84%B6" n2="%73%69%72%6F%75%74" n3="%E6%A1%9C%E8%8A%B1%E9%96%83%E3%80%85" dan="17,17,16,18" rate="2231.29,2231.73,2108.17,2242.30" sx="M,M,M,M"/><TAIKYOKU oya="0"/><INIT seed="0,0,0,4,0,95" ten="250,250,250,250" oya="0" hai0="38,54,72,26,135,61,70,110,133,125,60,21,58" hai1="130,53,98,55,113,51,78,91,116,9,79,49,37" hai2="117,46,114,36,131,29,25,4,20,33,134,65,31" hai3="56,59,74,48,112,43,94,82,17,111,87,5,75"/><T12/><D72/><U128/><E37/><V2/><F65/><W106/><G112/><T84/><D38/><U69/><E69/><V42/><F114/><W14/><G106/><T103/><D125/><U102/><E113/><V86/><F131/><N who="1" m="50217" /><E91/><V122/><F122/><W10/><G111/><T32/><D110/><U30/><E30/><V129/><F129/><W85/><G75/><T96/><D12/><U115/><E116/><V132/><F86/><W19/><G87/><T100/><D84/><U41/><E9/><N who="2" m="2199" /><F117/><W68/><G68/><T34/><D103/><U8/><E8/><V24/><F20/><W11/><G94/><T28/><D21/><U109/><E115/><V99/><F99/><W126/><G126/><T1/><D32/><U23/><E23/><V107/><F107/><W88/><G74/><T73/><D73/><U101/><E101/><V97/><F97/><W50/><G19/><T16/><D16/><U57/><E41/><V123/><F123/><W118/><G118/><T66/><REACH who="0" step="1"/><D1/><REACH who="0" ten="240,250,250,250" step="2"/><U120/><E109/><V83/><F33/><W108/><G108/><T13/><D13/><U89/><E120/><V104/><F29/><W93/><G82/><T119/><D119/><U81/><E81/><V22/><F83/><W76/><G17/><T105/><AGARI ba="0,1" hai="26,28,34,54,58,60,61,66,70,96,100,105,133,135" machi="105" ten="30,18000,2" yaku="1,1,0,1,25,2,52,1,53,1" doraHai="95" doraHaiUra="67" who="0" fromWho="0" sc="240,190,250,-60,250,-60,250,-60" /><INIT seed="0,1,0,1,4,60" ten="430,190,190,190" oya="0" hai0="120,115,72,12,31,77,133,50,127,130,20,95,35" hai1="82,58,53,4,93,2,86,91,112,23,105,37,3" hai2="19,18,0,65,15,59,45,29,117,80,27,119,128" hai3="46,63,103,55,132,54,70,51,104,131,49,106,16"/><T92/><D115/><U110/><E105/><V71/><F71/><W41/><G132/><T22/><D120/><U109/><E37/><V48/><F0/><W64/><G131/><T118/><D118/><N who="2" m="45066" /><F128/><W96/><G104/><T56/><D127/><U6/><E112/><V111/><F111/><N who="1" m="42505" /><E23/><N who="2" m="15615" /><F80/><W135/><G135/><T44/><D35/><U52/><E53/><N who="2" m="29839" /><F15/><W25/><REACH who="3" step="1"/><G51/><REACH who="3" ten="430,190,190,180" step="2"/><T98/><D50/><N who="1" m="30999" /><E82/><V74/><F74/><W97/><G97/><T47/><D98/><U57/><E57/><V90/><F90/><W114/><G114/><T78/><D56/><U123/><E123/><V69/><F69/><W62/><G62/><AGARI ba="1,1" hai="18,19,59,62,65" m="29839,15615,45066" machi="62" ten="30,2000,0" yaku="12,1,52,1" doraHai="60" who="2" fromWho="3" sc="430,0,190,0,190,33,180,-23" /><INIT seed="1,0,0,5,5,134" ten="430,190,223,157" oya="1" hai0="75,86,98,18,80,34,46,12,114,77,92,113,72" hai1="74,55,19,127,4,53,79,29,69,54,31,89,76" hai2="108,15,70,71,1,5,131,97,87,91,7,103,13" hai3="2,58,24,84,118,60,83,88,9,117,95,99,124"/><U23/><E69/><V102/><F131/><W90/><G24/><T10/><D34/><U39/><E39/><V52/><F1/><W81/><G81/><T51/><D72/><U35/><E35/><V33/><F33/><W132/><G132/><T122/><D75/><U43/><E43/><V50/><F71/><W38/><G38/><T110/><D110/><U49/><E49/><V14/><F70/><W64/><REACH who="3" step="1"/><G124/><REACH who="3" ten="430,190,223,147" step="2"/><T36/><D36/><U78/><E127/><V121/><F108/><W105/><G105/><T6/><D122/><U62/><E74/><V106/><F121/><W0/><G0/><T44/><D114/><U119/><E119/><V21/><F106/><W59/><G59/><T30/><D113/><U129/><E129/><V112/><F112/><W27/><G27/><T111/><D111/><U65/><E29/><V73/><F73/><W128/><G128/><T26/><D30/><U120/><E31/><V3/><F3/><W93/><G93/><T115/><D115/><U63/><E120/><V104/><F104/><W45/><G45/><T133/><D133/><U82/><E82/><V41/><F14/><W96/><G96/><T40/><D44/><U85/><E85/><V116/><F15/><W61/><G61/><T130/><D130/><U11/><E62/><V66/><F87/><W22/><G22/><N who="0" m="13655" /><D92/><U28/><E28/><V17/><F116/><W32/><G32/><T68/><D68/><U67/><E63/><V37/><F37/><W94/><G94/><T135/><D135/><U101/><E23/><V25/><F21/><W107/><G107/><RYUUKYOKU ba="0,1" sc="430,15,190,-15,223,-15,147,15" hai0="6,10,12,40,46,51,77,80,86,98" hai3="2,9,58,60,64,83,84,88,90,95,99,117,118" /><INIT seed="2,1,1,5,3,18" ten="445,175,208,162" oya="2" hai0="72,135,101,31,102,74,114,65,49,85,132,29,130" hai1="131,75,36,32,33,124,45,133,89,118,82,2,80" hai2="28,51,50,121,3,58,61,13,37,106,10,38,6" hai3="127,17,84,93,15,128,94,126,100,59,42,62,115"/><V43/><F106/><W96/><G128/><T117/><D114/><U34/><E118/><V20/><F121/><W57/><G42/><T66/><D85/><U64/><E2/><V71/><F71/><W79/><G115/><T99/><D49/><U19/><E64/><N who="0" m="24681" /><D130/><U11/><E131/><V97/><F97/><W1/><G1/><T39/><D39/><U88/><E124/><N who="3" m="47658" /><G62/><T0/><D0/><U123/><E133/><N who="0" m="51273" /><D117/><U110/><E123/><V30/><F50/><W9/><G79/><T77/><D102/><U14/><E110/><V108/><F108/><W90/><AGARI ba="1,1" hai="9,15,17,57,59,84,90,93,94,96,100" m="47658" machi="90" ten="30,1100,0" yaku="18,1" doraHai="18" who="3" fromWho="3" sc="445,-4,175,-4,208,-6,162,24" /><INIT seed="3,0,0,1,3,40" ten="441,171,202,186" oya="3" hai0="113,58,62,47,36,81,110,126,65,125,108,88,134" hai1="64,9,78,72,106,103,107,74,127,35,26,31,105" hai2="120,52,93,82,95,42,133,130,83,70,19,48,76" hai3="49,123,59,98,0,77,50,68,55,84,46,23,91"/><W44/><G123/><T10/><D10/><U102/><E127/><N who="0" m="48649" /><D134/><U3/><E64/><V87/><F42/><W99/><G68/><T16/><D16/><U29/><E29/><V132/><F19/><W80/><G0/><T109/><D113/><U101/><REACH who="1" step="1"/><E78/><REACH who="1" ten="441,161,202,186" step="2"/><V6/><F76/><W45/><G23/><T21/><D21/><U25/><E25/><V13/><F132/><W85/><REACH who="3" step="1"/><G50/><REACH who="3" ten="441,161,202,176" step="2"/><T27/><D110/><U117/><E117/><V1/><F48/><W24/><G24/><T8/><D27/><U61/><E61/><V18/><F133/><W14/><G14/><T32/><D109/><U51/><E51/><V90/><F13/><W11/><G11/><T56/><D8/><U57/><E57/><V33/><F70/><W69/><G69/><T38/><D108/><U118/><E118/><V73/><F1/><W104/><G104/><T131/><D56/><U119/><E119/><V34/><F120/><W15/><G15/><T66/><D58/><U20/><E20/><V96/><F34/><W135/><G135/><T30/><D32/><U28/><E28/><V43/><F33/><W37/><G37/><T71/><D30/><U89/><E89/><V5/><F90/><W92/><AGARI ba="0,2" hai="44,45,46,49,55,59,77,80,84,85,91,92,98,99" machi="92" ten="30,18000,2" yaku="1,1,0,1,8,1,52,3,53,0" doraHai="40" doraHaiUra="128" who="3" fromWho="3" sc="441,-60,161,-60,202,-60,176,200" /><INIT seed="3,1,0,4,1,26" ten="381,101,142,376" oya="3" hai0="63,120,74,46,51,125,17,71,34,107,101,40,95" hai1="38,127,69,23,123,89,4,124,103,56,58,3,68" hai2="43,109,47,112,67,134,53,87,50,121,80,59,11" hai3="117,99,54,15,42,83,110,20,111,66,30,128,35"/><W113/><G113/><T25/><D120/><U85/><E103/><V76/><F109/><N who="3" m="41483" /><G128/><T133/><D125/><N who="1" m="48203" /><E4/><V75/><F67/><W7/><G117/><T14/><D133/><U57/><E3/><V36/><F112/><W91/><G66/><N who="0" m="41439" /><D95/><U92/><E123/><V37/><F134/><W105/><G42/><T0/><D74/><U131/><E38/><V94/><F121/><W8/><G35/><T129/><D129/><U61/><E131/><V78/><F11/><W119/><G119/><T102/><D0/><U21/><E61/><V108/><F108/><W28/><G54/><T32/><D32/><U1/><E1/><V100/><F36/><W24/><G30/><N who="0" m="19791" /><D102/><U44/><E44/><V82/><F100/><N who="3" m="62623" /><G91/><T93/><D93/><U22/><E92/><V88/><F94/><W16/><G28/><T27/><D27/><U77/><E89/><V65/><F37/><W132/><G132/><T29/><D29/><U115/><E115/><V39/><F39/><W13/><G83/><T10/><D101/><U73/><E85/><N who="2" m="50215" /><F75/><W6/><G6/><T41/><D107/><U18/><E73/><V48/><F65/><W55/><G55/><T79/><D41/><U52/><E52/><V96/><F53/><W9/><G9/><T31/><D31/><U5/><E5/><V70/><F43/><W45/><G45/><T84/><D84/><U2/><E2/><AGARI ba="1,0" hai="2,7,8,13,15,16,20,24" m="62623,41483" machi="2" ten="30,5800,0" yaku="14,1,10,1,54,1" doraHai="26" who="3" fromWho="1" sc="381,0,101,-61,142,0,376,61" owari="381,18.1,40,-46.0,142,-25.8,437,53.7" /></mjloggm>