<mjloggm ver="2.3"><GO type="225" lobby="0"/><UN n0="%6D%61%74%69%67%75%73%61" n1="%E4%BA%95%E5%B8%AF" n2="%E3%81%8B%E3%82%8F%E3%81%A1%E3%82%83%E3%82%93%35%38" n3="%E6%B8%A9%E2%98%85%E6%83%85%E2%98%85%E6%8E%AA%E2%98%85%E7%BD%AE" dan="17,16,16,17" rate="2223.84,2053.76,2166.48,2221.36" sx="M,M,M,M"/><TAIKYOKU oya="0"/><INIT seed="0,0,0,3,0,59" ten="250,250,250,250" oya="0" hai0="37,80,29,41,38,113,74,129,28,78,3,65,97" hai1="26,85,13,10,70,123,83,6,27,0,16,108,89" hai2="12,133,95,76,112,63,73,18,118,34,33,130,126" hai3="21,119,42,102,49,114,43,71,81,105,7,9,75"/><T90/><D113/><U125/><E123/><V56/><F112/><W92/><G114/><T24/><D129/><U23/><E108/><V100/><F130/><W134/><G119/><T103/><D3/><U104/><E125/><V132/><F126/><W84/><G71/><T14/><D41/><U121/><E121/><V115/><F115/><W128/><G105/><T82/><D14/><U51/><E104/><V20/><F118/><W35/><G35/><T106/><D80/><U110/><E110/><V31/><F31/><W117/><G75/><T30/><D24/><U46/><REACH who="1" step="1"/><E70/><REACH who="1" ten="250,240,250,250" step="2"/><V48/><F133/><W1/><G134/><T131/><D131/><U50/><E50/><V127/><F132/><W2/><G49/><T86/><D38/><U32/><E32/><V53/><F127/><W19/><G128/><T77/><D37/><U15/><E15/><V99/><F73/><W93/><G1/><T64/><D74/><U109/><E109/><V22/><F76/><W8/><G117/><T98/><D77/><U45/><E45/><V124/><F124/><W5/><G2/><T60/><D78/><U58/><E58/><V52/><F22/><W54/><G21/><T55/><D106/><U39/><E39/><V61/><F61/><W116/><G116/><T4/><D60/><U36/><E36/><V69/><F69/><W101/><G9/><T87/><D29/><U122/><E122/><V66/><F48/><W135/><G8/><T57/><D28/><U72/><E72/><V88/><F100/><N who="3" m="38507" /><G135/><T96/><D30/><U11/><E11/><V17/><F17/><RYUUKYOKU ba="0,1" sc="250,-15,240,15,250,15,250,-15" hai1="0,6,10,13,16,23,26,27,46,51,83,85,89" hai2="12,18,20,33,34,52,53,56,63,66,88,95,99" /><INIT seed="1,1,1,1,4,81" ten="235,255,265,235" oya="1" hai0="82,25,46,94,45,66,36,96,30,107,16,83,6" hai1="126,71,51,124,110,93,61,109,102,34,11,22,4" hai2="12,106,88,99,84,120,54,28,62,86,57,121,103" hai3="59,21,68,18,8,17,37,90,92,129,19,128,118"/><U119/><E34/><V7/><F28/><W135/><G68/><T116/><D107/><U111/><E119/><V76/><F76/><W69/><G69/><T125/><D125/><N who="1" m="48235" /><E22/><V100/><F100/><W56/><G37/><T89/><D116/><U32/><E32/><V39/><F39/><W127/><G127/><T78/><D6/><U15/><E51/><V5/><F86/><N who="3" m="52311" /><G118/><T114/><D114/><U63/><E71/><V33/><F33/><W132/><G8/><T3/><D3/><U70/><E70/><V24/><F24/><W91/><G91/><T104/><D89/><U67/><E67/><V123/><REACH who="2" step="1"/><F12/><REACH who="2" ten="235,255,255,235" step="2"/><W29/><G29/><T14/><D30/><U42/><E42/><V112/><F112/><W47/><G135/><T48/><D25/><U85/><E85/><V117/><F117/><W52/><G132/><T64/><D14/><U101/><E101/><V9/><F9/><W65/><G21/><T95/><D36/><U134/><E134/><V1/><F1/><W75/><G75/><T50/><D78/><U44/><E44/><V122/><N who="2" m="30720" /><DORA hai="13" /><V2/><F2/><W43/><G43/><T41/><D41/><U108/><E108/><V40/><F40/><W98/><G47/><T55/><D45/><U58/><E58/><V38/><F38/><W10/><G10/><T115/><D46/><U20/><E20/><V35/><F35/><W53/><G59/><T97/><D115/><U73/><E73/><V133/><F133/><W27/><G27/><T0/><D0/><U87/><E87/><V23/><F23/><W77/><G56/><RYUUKYOKU ba="1,2" sc="235,-15,255,15,255,15,235,-15" hai1="4,11,15,61,63,93,102,109,110,111" hai2="5,7,54,57,62,84,88,99,103,106" /><INIT seed="1,2,2,1,1,59" ten="220,270,270,220" oya="1" hai0="13,109,33,8,31,35,65,43,40,100,17,29,60" hai1="105,132,6,108,76,103,111,121,47,101,115,19,128" hai2="116,39,46,54,104,117,20,133,66,25,48,93,52" hai3="97,112,26,125,80,98,85,27,79,88,49,90,134"/><U126/><E121/><V50/><F104/><W58/><G112/><T113/><D109/><N who="1" m="42059" /><E115/><V99/><F39/><W21/><G134/><T1/><D113/><U74/><E132/><V92/><F133/><W68/><G68/><T87/><D1/><U32/><E126/><V15/><F15/><W61/><G49/><T72/><D72/><U120/><E120/><V127/><F127/><W114/><G114/><T86/><D100/><N who="1" m="38475" /><E105/><V95/><F66/><N who="3" m="39223" /><G125/><T77/><D33/><U42/><E32/><V63/><F63/><W123/><G123/><T124/><D124/><U45/><E6/><V122/><F122/><W7/><G7/><T14/><D14/><U71/><E71/><V0/><F0/><W34/><G34/><T131/><D131/><U37/><E128/><V106/><F106/><W30/><G27/><T9/><D9/><U11/><E47/><N who="2" m="27679" /><F117/><W38/><G38/><T53/><D35/><U64/><E64/><V36/><F36/><W107/><G107/><T81/><D65/><U102/><E102/><N who="2" m="60775" /><F116/><W70/><G70/><T78/><D13/><N who="1" m="7615" /><E74/><V110/><F110/><W75/><G75/><T84/><D43/><U91/><E91/><AGARI ba="2,2" hai="21,26,30,79,80,85,88,90,91,97,98" m="39223" machi="91" ten="30,3900,0" yaku="8,1,52,1,54,1" doraHai="59" who="3" fromWho="1" sc="220,0,270,-45,270,0,220,65" /><INIT seed="2,0,0,5,4,8" ten="220,225,270,285" oya="2" hai0="36,14,104,127,128,66,68,95,1,4,76,78,51" hai1="105,22,29,41,47,131,53,113,126,123,13,46,119" hai2="44,69,112,35,34,134,79,21,120,117,70,83,32" hai3="94,6,31,37,15,33,108,116,73,61,122,133,59"/><V20/><F112/><W0/><G116/><T124/><D104/><U91/><E123/><V27/><F117/><W106/><G106/><T57/><D36/><U89/><E119/><V67/><F120/><W45/><G73/><T26/><D1/><U7/><E113/><V93/><F134/><W24/><G122/><T2/><D2/><U56/><E105/><V114/><F114/><W63/><G0/><T65/><D68/><U19/><E126/><V18/><F67/><W85/><G133/><T102/><D128/><U82/><E131/><V48/><F21/><W118/><G118/><T103/><D26/><U109/><E109/><V38/><F93/><W9/><G108/><T86/><D95/><U101/><E101/><V11/><F11/><W121/><G121/><T52/><D86/><N who="1" m="50391" /><E41/><V84/><REACH who="2" step="1"/><F38/><REACH who="2" ten="220,225,260,285" step="2"/><W96/><G94/><T130/><D130/><U111/><E111/><V62/><F62/><W132/><G63/><T25/><D127/><U100/><E100/><V98/><F98/><W87/><G96/><T54/><D124/><U49/><E29/><V71/><F71/><W115/><G115/><T88/><D102/><U125/><E125/><V30/><F30/><W50/><G37/><T16/><D103/><U5/><E91/><V12/><F12/><W129/><G132/><T23/><D88/><U43/><E47/><V90/><F90/><W110/><G110/><T10/><D54/><AGARI ba="0,1" hai="18,20,27,32,34,35,44,48,54,69,70,79,83,84" machi="54" ten="40,3900,0" yaku="1,1,53,1" doraHai="8" doraHaiUra="80" who="2" fromWho="0" sc="220,-39,225,0,260,49,285,0" /><INIT seed="2,1,0,3,4,10" ten="181,225,309,285" oya="2" hai0="27,54,98,75,135,16,78,25,41,14,128,73,55" hai1="12,20,93,72,101,115,69,83,45,58,112,88,123" hai2="68,44,47,92,134,59,133,29,31,53,50,103,85" hai3="0,38,6,84,129,34,46,80,23,19,30,82,57"/><V119/><F68/><W67/><G129/><T13/><D41/><U117/><E69/><V66/><F119/><W24/><G38/><T42/><D42/><U95/><E117/><V21/><F85/><W118/><G118/><T17/><D98/><U48/><E123/><V39/><F39/><W15/><G46/><T94/><D94/><U131/><E131/><V91/><F91/><W74/><G74/><T11/><D128/><U116/><E116/><V3/><F3/><W127/><G127/><T89/><D89/><U97/><E58/><V9/><F9/><N who="3" m="2247" /><G84/><T60/><D11/><U130/><E130/><V96/><F47/><W1/><G1/><T8/><D8/><U22/><E22/><V132/><REACH who="2" step="1"/><F21/><REACH who="2" ten="181,225,299,285" step="2"/><W90/><G90/><T4/><D4/><U70/><E88/><V125/><F125/><W124/><G124/><T102/><D78/><U49/><E20/><V32/><F32/><W26/><G26/><T64/><D102/><U40/><E45/><V56/><F56/><W108/><G57/><T43/><D43/><U111/><E40/><V51/><F51/><W79/><G24/><T114/><D60/><AGARI ba="1,1" hai="29,31,44,50,53,59,60,66,92,96,103,132,133,134" machi="60" ten="40,3900,0" yaku="1,1,20,1,53,0" doraHai="10" doraHaiUra="113" who="2" fromWho="0" sc="181,-42,225,0,299,52,285,0" /><INIT seed="2,2,0,3,2,72" ten="139,225,351,285" oya="2" hai0="24,125,2,51,119,63,87,115,7,53,18,112,47" hai1="92,34,130,76,78,89,108,134,95,82,133,36,99" hai2="117,39,32,66,23,110,13,28,132,91,16,126,6" hai3="88,11,52,73,5,40,67,25,59,62,107,90,109"/><V113/><F39/><W46/><G107/><T65/><D125/><U93/><E36/><V56/><F91/><W60/><G73/><T131/><D131/><U4/><E34/><V54/><F66/><W74/><G74/><T68/><D119/><U81/><E4/><V12/><F56/><N who="3" m="37319" /><G109/><T105/><D105/><U43/><E43/><V42/><F54/><W85/><G25/><T83/><D7/><U44/><E44/><V118/><F42/><W127/><G127/><T33/><D2/><U80/><E108/><V79/><F79/><N who="1" m="30249" /><E130/><V114/><F126/><W116/><G116/><N who="2" m="44649" /><F110/><W101/><G101/><T86/><D86/><U20/><E20/><V45/><F45/><W102/><G102/><T37/><D37/><U57/><E57/><V0/><F0/><W9/><G5/><T104/><D104/><U103/><E89/><N who="3" m="34410" /><G85/><T35/><D35/><U50/><E50/><AGARI ba="2,0" hai="9,11,40,46,50,52,59,60" m="34410,37319" machi="50" ten="30,3900,0" yaku="8,1,54,2" doraHai="72" who="3" fromWho="1" sc="139,0,225,-45,351,0,285,45" /><INIT seed="3,0,0,0,0,118" ten="139,180,351,330" oya="3" hai0="88,101,128,31,38,73,44,109,71,13,43,47,106" hai1="80,12,93,87,94,54,39,59,120,126,113,6,81" hai2="26,91,102,5,63,105,29,16,114,77,66,129,107" hai3="27,35,18,55,72,117,131,8,56,58,79,84,112"/><W34/><G112/><T15/><D73/><U103/><E113/><V25/><F114/><W24/><G72/><T2/><D2/><U61/><E120/><V3/><F77/><W46/><G117/><T4/><D71/><U132/><E126/><V96/><F91/><W20/><G35/><T98/><D109/><U85/><E39/><V86/><F86/><N who="1" m="32777" /><E132/><V57/><F5/><W36/><G131/><T90/><D128/><U76/><E76/><V37/><F3/><W67/><G8/><T111/><D111/><U11/><E103/><V9/><F37/><W123/><G123/><T83/><D83/><AGARI ba="0,0" hai="6,11,12,54,59,61,80,81,83,93,94" m="32777" machi="83" ten="30,1000,0" yaku="8,1" doraHai="118" who="1" fromWho="0" sc="139,-10,180,10,351,0,330,0" owari="129,-37.1,190,-21.0,351,45.1,330,13.0" /></mjloggm>