<mjloggm ver="2.3"><GO type="225" lobby="0"/><UN n0="%73%6C%69%63%6B%33%31%39" n1="%45%6C%79%73%69%75%6D" n2="%E3%83%A9%E3%83%BC%E3%83%A1%E3%83%B3%E4%BA%94%E9%83%8E" n3="%E8%A8%88%E7%AE%97%E6%A9%9F%E8%87%AA%E7%84%B6" dan="16,17,16,17" rate="2197.22,2111.68,2084.70,2209.63" sx="M,F,M,M"/><TAIKYOKU oya="0"/><INIT seed="0,0,0,5,5,49" ten="250,250,250,250" oya="0" hai0="7,15,0,61,60,56,65,85,25,21,24,57,51" hai1="100,3,108,36,71,90,130,58,116,68,122,13,91" hai2="96,31,66,44,112,93,34,39,46,26,41,110,95" hai3="126,32,84,19,50,119,18,20,134,6,105,121,1"/><T77/><D0/><U76/><E3/><V37/><F112/><W5/><G105/><T30/><D51/><U120/><E116/><V28/><F110/><W125/><G84/><T29/><D7/><N who="3" m="2569" /><G50/><T33/><D15/><U55/><E36/><V111/><F111/><W135/><G1/><T131/><D131/><U72/><E108/><V53/><F66/><W129/><G119/><T62/><REACH who="0" step="1"/><D65/><REACH who="0" ten="240,250,250,250" step="2"/><U117/><E130/><V114/><F37/><W47/><G129/><T59/><D59/><U133/><E13/><V64/><F64/><W43/><G43/><T83/><AGARI ba="0,1" hai="21,24,25,29,30,33,56,57,60,61,62,77,83,85" machi="83" ten="30,3000,0" yaku="1,1,0,1,53,0" doraHai="49" doraHaiUra="63" who="0" fromWho="0" sc="240,40,250,-10,250,-10,250,-10" /><INIT seed="0,1,0,4,4,80" ten="280,240,240,240" oya="0" hai0="46,30,53,28,45,89,8,75,76,16,85,47,83" hai1="99,56,74,66,81,29,4,7,55,113,71,24,49" hai2="114,109,110,84,15,18,32,26,100,104,105,9,101" hai3="88,36,115,64,1,31,14,108,68,130,23,133,116"/><T102/><D102/><N who="2" m="39530" /><F114/><W61/><G116/><T21/><D8/><U112/><E99/><V17/><F84/><W106/><G115/><N who="1" m="44106" /><E66/><V13/><F26/><W111/><G1/><T103/><D103/><U93/><E93/><V65/><F65/><W35/><G106/><N who="2" m="41065" /><F9/><W125/><G35/><T128/><D128/><U27/><E71/><V107/><N who="2" m="41073" /><V12/><DORA hai="50" /><F32/><W42/><G130/><T63/><D75/><U11/><E29/><N who="0" m="11369" /><D76/><N who="1" m="44183" /><E4/><V37/><F37/><W6/><G6/><T25/><D63/><U135/><E135/><V57/><F57/><W73/><G133/><T97/><D97/><U129/><E129/><V59/><F59/><W134/><G134/><T127/><D127/><U44/><E56/><V124/><F124/><W121/><G125/><T95/><D95/><U70/><E70/><V96/><F96/><W82/><G73/><T94/><D94/><U62/><E62/><V60/><F60/><W43/><G31/><T39/><D39/><U51/><E51/><AGARI ba="1,0" hai="16,21,25,45,46,47,51,53,83,85,89" m="11369" machi="51" ten="30,11600,0" yaku="8,1,52,2,54,1" doraHai="80,50" who="0" fromWho="1" sc="280,119,240,-119,240,0,240,0" /><INIT seed="0,2,0,1,1,64" ten="399,121,240,240" oya="0" hai0="61,72,123,66,11,7,84,132,115,112,121,131,13" hai1="122,86,101,28,73,44,117,42,27,51,8,12,85" hai2="33,45,93,36,63,125,22,34,6,127,31,49,89" hai3="14,52,16,91,69,9,104,70,79,106,32,134,37"/><T5/><D72/><U98/><E73/><V0/><F36/><W41/><G32/><T20/><D132/><U102/><E117/><V114/><F114/><W56/><G79/><T111/><D131/><U124/><E122/><V109/><F109/><W15/><G134/><T77/><D111/><U76/><E124/><N who="2" m="47691" /><F63/><W67/><G91/><T62/><D77/><U2/><E2/><V18/><F31/><W25/><G25/><T119/><D119/><U17/><E76/><V55/><F6/><W126/><G126/><T57/><D84/><U46/><E46/><V120/><F0/><W1/><G1/><T48/><D48/><U65/><E65/><V81/><F81/><W78/><G78/><T71/><D5/><U94/><REACH who="1" step="1"/><E101/><REACH who="1" ten="399,111,240,240" step="2"/><V82/><F120/><W54/><G67/><T118/><D118/><U10/><E10/><V100/><F100/><W30/><G9/><T83/><D121/><U80/><E80/><V59/><F82/><W105/><G37/><T24/><D83/><U92/><E92/><V75/><F45/><W103/><G103/><T97/><D123/><U39/><E39/><V47/><F47/><W116/><G116/><T60/><D112/><U21/><AGARI ba="2,1" hai="8,12,17,21,27,28,42,44,51,85,86,94,98,102" machi="21" ten="20,8000,1" yaku="1,1,0,1,7,1,8,1,53,1" doraHai="64" doraHaiUra="26" who="1" fromWho="1" sc="399,-42,111,96,240,-22,240,-22" /><INIT seed="1,0,0,0,5,37" ten="357,207,218,218" oya="1" hai0="73,105,122,29,46,91,82,93,4,70,132,20,17" hai1="43,67,60,86,25,97,66,62,3,87,100,27,89" hai2="127,31,26,32,39,57,81,28,74,64,120,21,116" hai3="2,119,7,102,131,51,9,40,111,18,59,88,14"/><U113/><E113/><V77/><F116/><W99/><G111/><T94/><D70/><U53/><E3/><V35/><F120/><W84/><G131/><T52/><D105/><U106/><E53/><V23/><F127/><W44/><G119/><T128/><D128/><U107/><E89/><V36/><F39/><W112/><G59/><T16/><D4/><U85/><E85/><V95/><F36/><W125/><G125/><T1/><D1/><U98/><REACH who="1" step="1"/><E100/><REACH who="1" ten="357,197,218,218" step="2"/><V79/><F74/><W8/><G112/><T71/><D52/><U34/><E34/><V11/><F32/><W115/><G115/><T80/><D91/><U69/><E69/><V123/><F35/><W110/><G110/><T78/><D78/><U90/><E90/><V133/><F77/><W42/><G102/><T68/><D73/><U108/><E108/><V83/><F79/><W63/><G99/><T10/><D68/><U124/><E124/><V130/><F130/><W56/><G63/><T114/><D71/><U134/><E134/><V48/><F133/><W96/><G96/><T22/><D132/><U135/><E135/><V55/><F55/><N who="3" m="30183" /><G56/><T24/><D114/><U72/><E72/><V126/><F57/><W15/><G2/><T45/><D122/><U58/><E58/><V5/><F123/><W19/><G7/><T49/><D49/><U101/><E101/><V61/><F5/><W54/><G54/><T41/><D82/><AGARI ba="0,1" hai="8,9,14,15,18,19,40,42,82,84,88" m="30183" machi="82" ten="30,8000,1" yaku="25,1,8,1,52,2,54,1" doraHai="37" who="3" fromWho="0" sc="357,-80,197,0,218,0,218,90" /><INIT seed="2,0,0,2,1,41" ten="277,197,218,308" oya="2" hai0="13,134,80,105,111,83,104,89,61,49,44,71,55" hai1="81,110,99,114,18,6,16,124,12,1,98,52,62" hai2="19,67,0,112,2,68,58,74,82,97,122,27,9" hai3="70,120,131,86,116,92,75,30,29,48,87,46,95"/><V35/><F112/><W109/><G116/><T91/><D111/><U60/><E114/><V8/><F122/><W125/><G120/><T11/><D134/><U130/><E110/><V36/><F36/><W115/><G75/><T10/><D71/><U40/><E1/><V88/><F68/><W25/><G70/><T54/><D61/><N who="1" m="23659" /><E130/><V76/><F35/><W20/><G109/><T47/><D49/><U28/><E124/><V72/><F74/><W50/><G115/><T69/><D69/><U64/><E64/><V118/><F118/><W32/><G131/><T45/><D45/><U101/><E28/><V24/><F0/><W51/><G125/><T56/><D13/><U85/><E40/><V26/><F2/><W17/><G46/><T135/><D135/><U133/><E133/><V34/><F34/><W96/><G95/><T21/><D21/><N who="1" m="11399" /><E6/><V103/><F67/><W127/><G127/><T53/><D53/><U113/><E113/><V102/><F58/><AGARI ba="0,0" hai="10,11,44,47,54,55,56,58,80,83,89,91,104,105" machi="58" ten="25,6400,0" yaku="22,2,52,2" doraHai="41" who="0" fromWho="2" sc="277,64,197,0,218,-64,308,0" /><INIT seed="3,0,0,2,3,13" ten="341,197,154,308" oya="3" hai0="64,108,31,66,40,14,28,111,121,123,106,78,55" hai1="8,132,4,58,42,119,38,16,114,97,82,109,102" hai2="110,0,15,56,63,116,32,54,76,104,47,20,60" hai3="90,74,37,85,67,43,35,68,70,134,45,25,127"/><W39/><G74/><T126/><D106/><U80/><E114/><V95/><F104/><W122/><G122/><T49/><D40/><U112/><E112/><V94/><F110/><N who="0" m="42026" /><D78/><U131/><E109/><V69/><F116/><W3/><G3/><T92/><D92/><U115/><E115/><V91/><F0/><W27/><G127/><T10/><D126/><U48/><E131/><V84/><F32/><W51/><G134/><T103/><D103/><U96/><E132/><V87/><F76/><W23/><G35/><T89/><D89/><U41/><E38/><V86/><F95/><W129/><G129/><T17/><D64/><U100/><E119/><V124/><F124/><W9/><G9/><T6/><D66/><U135/><E135/><V59/><F47/><W99/><G99/><T105/><D6/><U21/><E8/><V26/><F69/><W107/><G107/><T34/><D105/><U61/><E4/><V83/><F83/><W50/><G37/><T18/><D18/><U88/><E80/><V36/><F15/><W24/><G23/><T12/><D12/><U46/><E41/><V77/><F77/><W5/><G5/><T7/><D7/><U65/><E97/><V62/><F36/><W19/><G19/><T2/><D2/><U30/><E30/><N who="0" m="11305" /><D34/><U128/><E128/><V22/><F22/><W130/><G130/><T1/><D1/><U33/><E33/><V73/><F73/><W98/><G98/><T75/><D75/><U79/><E96/><N who="2" m="57439" /><F54/><W113/><G113/><T29/><N who="0" m="11313" /><T81/><DORA hai="11" /><D81/><U101/><E82/><RYUUKYOKU ba="0,0" sc="341,15,197,-15,154,15,308,-15" hai0="10,14,17,49,55,121,123" hai2="20,26,56,59,60,62,63,84,86,87" owari="356,45.6,182,-21.8,169,-33.1,293,9.3" /></mjloggm>