<mjloggm ver="2.3"><GO type="225" lobby="0"/><UN n0="%E7%B4%94%E6%BD%94%E3%83%94%E3%83%A9%E3%83%8B%E3%82%A2" n1="%6D%75%75%6D%75%72%61" n2="%E3%82%BC%E3%83%AB%E3%83%80%E3%81%AE%E4%BC%9D%E8%AA%AC" n3="%E8%81%B7%E6%A5%AD%E3%80%81%E9%A2%A8%32" dan="17,16,16,16" rate="2194.30,2145.52,2209.30,2117.98" sx="M,F,M,M"/><TAIKYOKU oya="0"/><INIT seed="0,0,0,2,3,68" ten="250,250,250,250" oya="0" hai0="126,131,76,38,0,47,97,86,71,9,21,107,2" hai1="55,23,108,62,127,89,98,129,128,28,67,33,118" hai2="133,51,59,92,69,46,43,96,122,58,105,40,11" hai3="42,57,100,53,90,72,17,65,93,4,83,31,87"/><T94/><D71/><U79/><E118/><V120/><F105/><W84/><G72/><T61/><D126/><U91/><E33/><V14/><F69/><W75/><G75/><T16/><D61/><U73/><E127/><V63/><F133/><W117/><G117/><T1/><D131/><N who="1" m="50251" /><E108/><V34/><F34/><W48/><G4/><T39/><D9/><U10/><E67/><V20/><F20/><W52/><G31/><T29/><D29/><U111/><E111/><V95/><F43/><W88/><G100/><T19/><D19/><U125/><E125/><V116/><F116/><W37/><G37/><T12/><D107/><U119/><E98/><V26/><F26/><W135/><G135/><T30/><D30/><U81/><E10/><V115/><F115/><W50/><G17/><T123/><D123/><U15/><E119/><V70/><F70/><W114/><G114/><T25/><D25/><N who="1" m="16447" /><E15/><V80/><F122/><W66/><G42/><T121/><D121/><U82/><E81/><V56/><F120/><W103/><G103/><T109/><D109/><U6/><E6/><N who="2" m="3447" /><F63/><W74/><G74/><T104/><D104/><U134/><E134/><V112/><F112/><W44/><AGARI ba="0,0" hai="44,48,50,52,53,57,65,66,83,84,87,88,90,93" machi="44" ten="20,8000,1" yaku="0,1,7,1,8,1,54,2" doraHai="68" who="3" fromWho="3" sc="250,-40,250,-20,250,-20,250,80" /><INIT seed="1,0,0,1,5,26" ten="210,230,230,330" oya="1" hai0="62,122,77,85,108,8,117,134,65,14,83,81,5" hai1="99,25,74,19,50,29,41,68,58,104,101,51,12" hai2="23,54,87,40,93,22,30,91,11,64,4,3,43" hai3="72,17,98,45,66,49,135,123,111,97,1,94,84"/><U115/><E115/><V9/><F64/><W82/><G1/><T52/><D108/><U53/><E68/><V6/><F54/><W106/><G111/><T27/><D134/><U86/><E74/><V42/><REACH who="2" step="1"/><F30/><REACH who="2" ten="210,230,220,330" step="2"/><W44/><G66/><T88/><D117/><U95/><E53/><V48/><F48/><W13/><G49/><T102/><D122/><U60/><E58/><V121/><F121/><W80/><G123/><T116/><D116/><U89/><E60/><V10/><F10/><W75/><G45/><T57/><D65/><U33/><REACH who="1" step="1"/><E41/><REACH who="1" ten="210,220,220,330" step="2"/><V129/><F129/><W31/><G75/><T69/><D69/><U36/><E36/><V109/><F109/><W103/><G72/><T61/><D62/><U32/><E32/><V34/><F34/><W7/><G44/><T78/><D61/><U70/><E70/><V96/><F96/><W125/><G98/><T133/><D52/><U39/><E39/><V90/><F90/><W92/><G97/><T130/><D57/><U46/><E46/><V110/><F110/><W119/><G119/><T120/><D130/><U131/><E131/><V105/><F105/><W47/><G106/><T127/><D88/><U71/><E71/><V63/><F63/><W35/><G47/><T21/><D78/><U114/><E114/><V128/><F128/><W67/><G35/><T18/><D77/><U16/><E16/><V28/><F28/><W15/><G31/><T37/><D18/><U76/><E76/><V38/><F38/><W107/><G17/><N who="0" m="8391" /><D120/><U113/><E113/><V132/><F132/><W100/><G135/><RYUUKYOKU ba="0,2" sc="210,-15,220,15,220,15,330,-15" hai1="12,19,25,29,33,50,51,86,89,95,99,101,104" hai2="3,4,6,9,11,22,23,40,42,43,87,91,93" /><INIT seed="1,1,2,2,2,22" ten="195,235,235,315" oya="1" hai0="42,31,0,93,37,25,62,120,68,121,34,40,10" hai1="24,20,6,73,124,4,14,46,71,28,87,83,18" hai2="29,43,78,32,107,101,12,59,1,11,35,131,72" hai3="111,51,21,119,85,27,13,100,36,7,126,52,117"/><U129/><E129/><V30/><F131/><W76/><G36/><T82/><D93/><U99/><E124/><V66/><F1/><W108/><G126/><T26/><D82/><U8/><E71/><V135/><F43/><W89/><G100/><T64/><D25/><U5/><E73/><V86/><F72/><W95/><G76/><T56/><D56/><U105/><E46/><V97/><F35/><W116/><G13/><T125/><D125/><U109/><E109/><V19/><F135/><W96/><G96/><T80/><D80/><U57/><E57/><V9/><F9/><W94/><G94/><T55/><D55/><U44/><E44/><V75/><F75/><W106/><G7/><N who="0" m="1383" /><D40/><U128/><E128/><V45/><F86/><W134/><G106/><T84/><D84/><U63/><E63/><V23/><F78/><W38/><G38/><T103/><D103/><U91/><REACH who="1" step="1"/><E99/><REACH who="1" ten="195,225,235,315" step="2"/><V74/><F97/><W49/><G134/><T79/><D79/><U3/><E3/><V127/><F74/><W110/><G52/><T70/><D70/><U16/><E16/><AGARI ba="1,3" hai="16,21,27,49,51,85,89,95,108,110,111,116,117,119" machi="16" ten="50,8000,1" yaku="14,1,12,1,52,1,54,1" doraHai="22" who="3" fromWho="1" sc="195,0,225,-83,235,0,315,113" /><INIT seed="2,0,0,0,1,82" ten="195,142,235,428" oya="2" hai0="85,60,122,123,18,124,57,99,53,116,94,125,87" hai1="126,11,79,114,71,32,29,38,58,101,106,83,10" hai2="95,41,1,12,86,17,80,2,134,78,44,91,13" hai3="115,62,118,61,90,100,105,39,7,84,119,127,52"/><V72/><F134/><W131/><G39/><T37/><D37/><U93/><E71/><V24/><F24/><W130/><G115/><T81/><D116/><U43/><E114/><V120/><F120/><N who="0" m="46122" /><D81/><U108/><E106/><V69/><F69/><W35/><G35/><T96/><D18/><U88/><E108/><V8/><REACH who="2" step="1"/><F13/><REACH who="2" ten="195,142,225,428" step="2"/><W65/><G119/><T132/><D132/><U0/><E126/><N who="0" m="48745" /><D99/><U30/><E0/><V121/><F121/><W15/><G118/><T129/><D129/><U128/><E128/><V49/><AGARI ba="0,1" hai="1,2,8,12,17,41,44,49,72,78,80,86,91,95" machi="49" ten="20,7800,0" yaku="1,1,0,1,7,1,52,1,53,0" doraHai="82" doraHaiUra="68" who="2" fromWho="2" sc="195,-26,142,-26,225,88,428,-26" /><INIT seed="2,1,0,0,2,102" ten="169,116,313,402" oya="2" hai0="108,40,44,129,46,119,34,24,103,32,133,21,51" hai1="0,100,60,61,76,12,45,77,55,90,105,126,130" hai2="64,26,20,41,81,96,104,80,11,95,123,114,10" hai3="13,7,31,120,79,94,56,18,37,25,42,97,68"/><V39/><F114/><W27/><G68/><T3/><D3/><U98/><E0/><V29/><F123/><W67/><G120/><T30/><D108/><U16/><E130/><V85/><F39/><W89/><G7/><T122/><D133/><U106/><E126/><V14/><F104/><W48/><G37/><T83/><D129/><U66/><E105/><V9/><F41/><W50/><G79/><T53/><D119/><U49/><E90/><V65/><F14/><W131/><G131/><T62/><D122/><U99/><E99/><V107/><F107/><W101/><G101/><T92/><D83/><N who="2" m="31818" /><F85/><W63/><G42/><T71/><D71/><U6/><E6/><V134/><F134/><W69/><G69/><T88/><D103/><AGARI ba="1,0" hai="9,10,11,20,26,29,64,65,95,96,103" m="31818" machi="103" ten="30,1500,0" yaku="8,1" doraHai="102" who="2" fromWho="0" sc="169,-18,116,0,313,18,402,0" /><INIT seed="2,2,0,3,5,41" ten="151,116,331,402" oya="2" hai0="72,22,47,121,16,85,93,99,112,80,69,43,128" hai1="120,89,38,73,67,27,90,18,33,98,39,126,83" hai2="107,14,78,45,36,42,102,87,23,52,108,34,123" hai3="119,66,29,24,35,130,127,6,70,2,68,86,122"/><V50/><F123/><W135/><G119/><T105/><D69/><U84/><E120/><V131/><F34/><W8/><G122/><T118/><D118/><U106/><E126/><V76/><F131/><W81/><G127/><T56/><D128/><U30/><E73/><V91/><F108/><W20/><G135/><T114/><D105/><U9/><E67/><V79/><F107/><W132/><G132/><T28/><D28/><U55/><E55/><V101/><F23/><W124/><G124/><T26/><D56/><U64/><E64/><V57/><REACH who="2" step="1"/><F14/><REACH who="2" ten="151,116,321,402" step="2"/><W37/><G130/><T96/><D121/><U21/><E9/><V95/><AGARI ba="2,1" hai="36,42,45,50,52,57,76,78,79,87,91,95,101,102" machi="95" ten="30,12000,1" yaku="1,1,2,1,0,1,52,1,54,1,53,0" doraHai="41" doraHaiUra="7" who="2" fromWho="2" sc="151,-42,116,-42,321,136,402,-42" /><INIT seed="2,3,0,2,0,120" ten="109,74,457,360" oya="2" hai0="133,100,114,10,113,7,16,71,40,41,72,103,70" hai1="62,29,69,107,1,0,52,121,14,8,20,101,28" hai2="130,6,58,122,26,78,34,116,31,53,25,17,81" hai3="77,3,126,119,85,80,91,60,33,88,102,61,134"/><V79/><F122/><W108/><G33/><T36/><D72/><U132/><E121/><V48/><F116/><W93/><G3/><T63/><D133/><U4/><E132/><V13/><F130/><W99/><G134/><T24/><D36/><U110/><E110/><V32/><F6/><W39/><G39/><T55/><D55/><U67/><E107/><V2/><F2/><W128/><G108/><T104/><D104/><U12/><E101/><V95/><F95/><W97/><G128/><T22/><D103/><U86/><E1/><V74/><F79/><W18/><G126/><T115/><D100/><U106/><E106/><V35/><REACH who="2" step="1"/><F25/><REACH who="2" ten="109,74,447,360" step="2"/><W11/><G119/><T84/><D7/><U47/><E0/><V118/><F118/><W89/><G99/><T51/><D115/><U49/><REACH who="1" step="1"/><E86/><REACH who="1" ten="109,64,447,360" step="2"/><V54/><F54/><W90/><N who="3" m="22528" /><DORA hai="59" /><W15/><AGARI ba="3,2" hai="11,15,18,60,61,77,80,85,93,97,102" m="22528" machi="15" ten="40,12000,2" yaku="4,1,0,1,8,1,52,2,54,1" doraHai="120,59" who="3" fromWho="3" sc="109,-33,64,-33,447,-63,360,149" /><INIT seed="3,0,0,1,2,43" ten="76,31,384,509" oya="3" hai0="128,79,110,105,28,7,123,114,21,27,29,9,37" hai1="68,111,50,113,121,72,44,65,102,97,45,87,38" hai2="53,132,84,46,41,30,125,14,22,69,119,63,78" hai3="130,3,58,116,31,55,49,39,131,99,135,60,109"/><W11/><G31/><T54/><D37/><U17/><E72/><V12/><F119/><W25/><G39/><T32/><D105/><U129/><E121/><V73/><F73/><W35/><G116/><T15/><D110/><U133/><E113/><V101/><F125/><W118/><G109/><T8/><D79/><U16/><E111/><V92/><F132/><W89/><G135/><T1/><D54/><U115/><E115/><V33/><F33/><W93/><G25/><T0/><D114/><U77/><E133/><V88/><F78/><W124/><G35/><T56/><D56/><U91/><E129/><V104/><F104/><W100/><G100/><T34/><D128/><N who="3" m="49193" /><G124/><T57/><D57/><U81/><E38/><V59/><F101/><W85/><G99/><T82/><D82/><U94/><E102/><V95/><F69/><W47/><G118/><T103/><D103/><U107/><E107/><V67/><F95/><W19/><G3/><T86/><D86/><U52/><REACH who="1" step="1"/><E44/><REACH who="1" ten="76,21,384,509" step="2"/><V98/><F98/><N who="3" m="57647" /><G47/><T66/><D123/><U51/><E51/><V106/><F106/><W24/><G49/><T18/><D32/><U23/><E23/><V26/><F67/><W61/><G61/><AGARI ba="0,1" hai="16,17,45,50,52,61,65,68,77,81,87,91,94,97" machi="61" ten="40,8000,1" yaku="1,1,52,1,54,2,53,1" doraHai="43" doraHaiUra="48" who="1" fromWho="3" sc="76,0,21,90,384,0,509,-80" owari="76,-42.4,111,-28.9,384,18.4,429,52.9" /></mjloggm>