<mjloggm ver="2.3"><GO type="225" lobby="0"/><UN n0="%E7%BD%AA%E5%88%91%E6%B3%95%E5%AE%9A%E4%B8%BB%E7%BE%A9" n1="%E3%81%A8%E3%82%93%E3%81%A8%E3%81%93%E3%81%A8%E3%82%93" n2="%E3%81%A9%E3%82%8F%E3%82%93%E3%81%94" n3="%E5%8F%AF%E5%85%90%E9%82%A3%E7%94%B1%E5%A4%9A" dan="16,16,16,17" rate="2177.05,2106.58,2078.59,2231.89" sx="M,M,M,F"/><TAIKYOKU oya="0"/><INIT seed="0,0,0,3,0,99" ten="250,250,250,250" oya="0" hai0="52,95,73,32,117,107,51,30,76,54,133,70,31" hai1="15,2,69,43,77,128,106,12,17,124,87,61,103" hai2="123,82,93,53,46,3,9,33,129,121,131,23,111" hai3="44,116,28,35,6,4,101,100,96,50,45,49,105"/><T135/><D107/><U83/><E2/><V81/><F46/><W112/><G112/><T80/><D70/><U110/><E110/><V71/><F71/><W14/><G116/><T97/><D117/><U37/><E128/><N who="2" m="49227" /><F53/><N who="0" m="20586" /><D51/><U19/><E124/><V21/><F93/><W57/><G57/><T63/><D63/><U91/><E37/><V47/><F47/><W120/><G120/><N who="2" m="46153" /><F111/><W13/><G35/><T64/><D64/><U38/><E38/><V34/><F82/><W26/><G105/><T113/><D113/><U55/><E43/><V108/><F81/><W126/><G126/><T85/><D73/><U62/><E69/><V78/><F78/><W56/><G56/><T125/><D125/><U59/><E62/><V122/><F108/><W134/><G134/><N who="0" m="51211" /><D32/><N who="2" m="12394" /><F122/><W29/><G96/><T94/><D94/><U65/><E65/><V74/><F74/><W48/><G48/><T22/><D22/><N who="1" m="11559" /><E106/><V41/><F41/><W104/><G104/><T20/><D20/><N who="1" m="11391" /><E77/><V68/><F68/><W18/><G49/><T10/><D10/><U0/><E0/><V60/><F60/><W7/><G50/><T127/><D127/><U58/><E59/><V118/><F118/><W109/><G44/><T84/><D84/><U39/><E39/><V67/><F67/><W72/><G45/><T11/><D11/><U27/><E58/><V36/><F36/><W115/><G72/><T130/><D130/><U89/><E61/><V25/><F25/><W16/><G109/><T1/><D1/><U24/><E27/><V5/><AGARI ba="0,0" hai="3,5,9,21,23" m="12394,46153,49227" machi="5" ten="40,5200,0" yaku="19,1,34,2" doraHai="99" who="2" fromWho="2" sc="250,-26,250,-13,250,52,250,-13" /><INIT seed="1,0,0,1,5,16" ten="224,237,302,237" oya="1" hai0="19,48,14,125,57,73,94,105,50,122,65,135,133" hai1="77,114,86,119,25,33,88,6,12,102,90,54,120" hai2="53,21,23,5,103,31,59,38,124,63,51,62,108" hai3="110,123,56,75,43,76,95,109,134,80,93,58,55"/><U107/><E114/><V81/><F38/><W130/><G123/><T13/><D105/><U2/><E2/><V28/><F108/><N who="3" m="41579" /><G130/><T34/><D73/><U60/><E119/><V91/><F124/><W98/><G134/><N who="0" m="51211" /><D34/><U49/><E120/><V106/><F5/><W127/><G127/><T68/><D125/><U89/><E107/><V69/><F103/><W27/><G43/><T96/><D68/><U115/><E115/><V7/><F7/><W11/><G11/><N who="0" m="6591" /><D14/><U44/><E102/><V101/><F101/><W87/><G75/><T113/><D113/><U111/><E111/><V67/><F106/><W72/><G72/><T126/><D126/><U22/><E33/><V82/><F63/><N who="3" m="36255" /><G98/><T17/><D17/><N who="1" m="12495" /><E60/><V117/><F117/><W70/><G70/><T32/><D32/><U10/><E77/><V4/><F4/><W39/><G39/><T92/><D122/><U20/><E20/><N who="2" m="7755" /><F69/><W45/><G27/><T131/><D131/><U18/><E6/><V46/><F91/><W129/><G129/><T132/><D132/><U116/><E116/><V66/><F66/><W41/><G76/><T9/><D65/><U79/><E79/><V74/><F74/><W37/><G37/><T61/><D9/><U100/><E100/><V0/><F0/><W26/><G26/><T104/><D104/><U15/><E12/><V1/><F1/><W3/><G3/><T35/><D35/><U24/><E24/><V42/><F67/><W128/><G128/><T47/><D61/><U40/><E40/><V85/><F85/><AGARI ba="0,0" hai="10,15,18,44,49,54,85,86,88,89,90" m="12495" machi="85" ten="30,5800,0" yaku="8,1,52,1,54,1" doraHai="16" who="1" fromWho="2" sc="224,0,237,58,302,-58,237,0" /><INIT seed="1,1,0,0,2,48" ten="224,295,244,237" oya="1" hai0="15,12,41,52,47,38,61,55,43,66,100,112,11" hai1="1,99,79,123,105,135,97,45,96,90,121,65,94" hai2="107,64,130,127,131,17,88,49,125,75,95,120,77" hai3="85,62,117,40,21,126,56,30,68,57,54,102,104"/><U83/><E1/><V124/><F64/><W9/><G126/><T31/><D112/><U132/><E65/><V7/><F7/><W44/><G117/><T29/><D43/><U89/><E45/><V63/><F63/><W22/><G68/><T32/><D15/><U37/><E37/><V91/><F120/><N who="1" m="46153" /><E89/><V82/><F107/><W103/><G56/><T86/><D100/><N who="3" m="38441" /><G104/><T92/><D92/><U42/><E42/><V98/><F17/><W33/><G33/><T14/><D14/><U109/><E109/><V71/><F71/><W115/><G115/><T133/><D133/><N who="1" m="51275" /><E105/><V23/><F23/><W108/><G108/><T70/><D86/><AGARI ba="1,0" hai="79,83,86,90,94,96,97,99" m="51275,46153" machi="86" ten="30,5800,0" yaku="20,1,34,2" doraHai="48" who="1" fromWho="0" sc="224,-61,295,61,244,0,237,0" /><INIT seed="1,2,0,5,2,87" ten="163,356,244,237" oya="1" hai0="54,6,81,73,111,80,95,28,13,60,61,74,118" hai1="21,93,23,98,7,11,91,25,128,67,104,45,65" hai2="43,75,102,36,51,124,84,76,5,77,125,9,64" hai3="114,90,108,113,41,18,39,112,99,126,103,107,131"/><U96/><E128/><V48/><F75/><W58/><G131/><T37/><D37/><U12/><E21/><V122/><F122/><W66/><G108/><T33/><D118/><U86/><E45/><N who="2" m="23783" /><F64/><N who="1" m="24649" /><E104/><V68/><F102/><W92/><G126/><N who="2" m="48745" /><F68/><W38/><G41/><T62/><D111/><U85/><E98/><V94/><F94/><W70/><G70/><T53/><D28/><AGARI ba="2,0" hai="7,11,12,23,25,28,85,86,91,93,96" m="24649" machi="28" ten="30,2900,0" yaku="8,1,52,1" doraHai="87" who="1" fromWho="0" sc="163,-35,356,35,244,0,237,0" /><INIT seed="1,3,0,4,2,85" ten="128,391,244,237" oya="1" hai0="11,60,42,90,91,59,4,14,19,124,64,8,30" hai1="77,65,110,25,84,72,27,16,57,88,82,109,69" hai2="24,73,125,107,105,128,79,29,114,2,63,116,17" hai3="126,123,75,121,67,31,74,127,76,9,23,41,113"/><U49/><E69/><V10/><F116/><W104/><G104/><T100/><D124/><N who="3" m="47657" /><G113/><T129/><D129/><U36/><E36/><V71/><F125/><W0/><G67/><T28/><D100/><U108/><E16/><V87/><F87/><W119/><G41/><T134/><D42/><U93/><E65/><N who="2" m="41407" /><F17/><W15/><G76/><T95/><D134/><U33/><E33/><N who="2" m="20647" /><F128/><W130/><G130/><T78/><D78/><U38/><E38/><V37/><F37/><W34/><G119/><T46/><D46/><U55/><AGARI ba="3,0" hai="25,27,49,55,57,72,77,82,84,88,93,108,109,110" machi="55" ten="40,12000,1" yaku="0,1,14,1,10,1,52,1,54,1" doraHai="85" who="1" fromWho="1" sc="128,-43,391,129,244,-43,237,-43" /><INIT seed="1,4,0,2,4,34" ten="85,520,201,194" oya="1" hai0="7,10,27,5,83,105,122,128,135,4,89,124,6" hai1="35,87,130,80,81,107,114,132,67,118,19,79,49" hai2="11,133,90,55,77,112,61,76,52,73,51,59,109" hai3="94,14,72,110,53,1,106,50,48,16,13,44,101"/><U65/><E114/><V58/><F109/><W32/><G72/><T30/><D105/><U62/><E118/><V64/><F133/><W123/><G123/><T31/><D135/><U54/><E35/><V45/><F112/><W103/><G32/><T108/><D108/><U2/><E107/><V85/><F11/><W38/><G110/><T98/><D122/><U102/><E102/><V95/><F73/><W115/><G115/><T18/><D124/><U3/><E132/><V28/><F28/><N who="0" m="10794" /><D98/><U78/><E19/><V100/><REACH who="2" step="1"/><F100/><REACH who="2" ten="85,520,191,194" step="2"/><W47/><G103/><T68/><D128/><U66/><E130/><V37/><F37/><W126/><G38/><T57/><D68/><U84/><REACH who="1" step="1"/><E62/><AGARI ba="4,1" hai="45,51,52,55,58,59,61,62,64,76,77,85,90,95" machi="62" ten="30,8000,1" yaku="1,1,7,1,8,1,54,1,53,1" doraHai="34" doraHaiUra="60" who="2" fromWho="1" sc="85,0,520,-92,191,102,194,0" /><INIT seed="2,0,0,2,1,41" ten="85,428,293,194" oya="2" hai0="96,72,85,84,75,132,55,42,30,110,45,28,31" hai1="98,115,47,34,86,35,117,6,88,57,102,90,112" hai2="103,69,82,73,21,113,2,19,133,130,14,58,3" hai3="101,36,104,13,116,52,121,38,131,49,27,17,126"/><V78/><F113/><W46/><G116/><T80/><D110/><U32/><E117/><V18/><F69/><W65/><G121/><T128/><D132/><U91/><E6/><V15/><F133/><W50/><G131/><T67/><D128/><U99/><E57/><V60/><F130/><W26/><G126/><T125/><D125/><U29/><E29/><V97/><F58/><W119/><G119/><T23/><D67/><U66/><E66/><V106/><REACH who="2" step="1"/><F60/><REACH who="2" ten="85,428,283,194" step="2"/><W25/><G65/><T56/><D23/><AGARI ba="0,1" hai="2,3,14,15,18,19,21,23,73,78,82,97,103,106" machi="23" ten="30,11600,0" yaku="1,1,2,1,7,1,9,1,53,0" doraHai="41" doraHaiUra="43" who="2" fromWho="0" sc="85,-116,428,0,283,126,194,0" owari="-31,-53.1,428,52.8,409,20.9,194,-20.6" /></mjloggm>