<mjloggm ver="2.3"><GO type="225" lobby="0"/><UN n0="%E3%81%A4%E3%81%A3%E3%81%B1%E3%82%8A%E3%83%9D%E3%83%BC%E3%83%AB" n1="%E6%A1%9C%E8%8A%B1%E9%96%83%E3%80%85" n2="%E4%BF%BA%E3%81%A8%E5%A6%96%E5%A4%A2" n3="%E5%AE%AE%E4%BF%9D%E9%B6%8F%E8%82%89" dan="17,16,16,16" rate="2214.84,2181.07,2115.65,2119.35" sx="M,M,F,M"/><TAIKYOKU oya="0"/><INIT seed="0,0,0,5,2,86" ten="250,250,250,250" oya="0" hai0="131,11,76,28,105,45,134,18,108,33,62,89,126" hai1="8,61,111,121,115,94,12,70,23,96,66,102,9" hai2="73,10,122,93,98,44,103,82,118,124,27,106,3" hai3="132,6,46,37,100,36,127,39,63,41,52,119,48"/><T24/><D126/><U35/><E121/><V116/><F122/><W90/><G100/><T85/><D131/><U29/><E111/><V135/><F124/><W72/><G72/><T68/><D108/><U32/><E115/><V101/><F27/><W58/><G6/><T77/><D105/><U97/><E9/><V53/><F53/><N who="3" m="34255" /><G90/><T17/><D134/><U67/><E67/><V110/><F110/><W64/><G127/><T99/><D99/><U78/><E78/><N who="2" m="44367" /><F44/><N who="3" m="27655" /><G132/><T47/><D77/><U88/><E23/><V59/><F135/><W117/><G64/><T129/><D76/><U55/><E55/><V51/><F103/><W107/><G107/><T30/><D129/><U31/><E35/><V95/><F3/><W20/><G20/><N who="0" m="13335" /><D33/><U113/><E113/><V79/><F79/><W42/><G42/><T50/><D11/><U16/><E32/><V14/><F106/><AGARI ba="0,0" hai="8,12,16,29,31,61,66,70,88,94,96,97,102,106" machi="106" ten="30,7700,0" yaku="7,1,52,1,54,2" doraHai="86" who="1" fromWho="2" sc="250,0,250,77,250,-77,250,0" /><INIT seed="1,0,0,4,3,28" ten="250,327,173,250" oya="1" hai0="104,17,56,92,32,90,16,96,58,24,93,101,47" hai1="62,133,78,97,105,119,100,38,111,12,81,89,30" hai2="64,8,107,63,82,131,128,71,73,35,72,103,20" hai3="132,52,34,22,33,69,13,88,18,121,70,1,122"/><U29/><E119/><V14/><F20/><W60/><G1/><T76/><D76/><U39/><E133/><V26/><F82/><W124/><G132/><T98/><D104/><U46/><E111/><V114/><F114/><W44/><G124/><T80/><D80/><U40/><E39/><V84/><F84/><W94/><G122/><T135/><D135/><U0/><E0/><V79/><F79/><W68/><G121/><T19/><REACH who="0" step="1"/><D47/><REACH who="0" ten="240,327,173,250" step="2"/><U25/><E78/><V5/><F73/><W3/><G3/><T91/><D91/><U83/><E89/><V67/><F72/><W49/><REACH who="3" step="1"/><G60/><REACH who="3" ten="240,327,173,240" step="2"/><T55/><D55/><U77/><E62/><V15/><F67/><W31/><G31/><AGARI ba="0,2" hai="16,17,19,24,31,32,56,58,90,92,93,96,98,101" machi="31" ten="40,8000,1" yaku="1,1,52,1,54,1,53,1" doraHai="28" doraHaiUra="86" who="0" fromWho="3" sc="240,100,327,0,173,0,240,-80" /><INIT seed="2,0,0,5,2,41" ten="340,327,173,160" oya="2" hai0="103,88,71,108,31,47,24,70,120,107,6,37,73" hai1="43,77,56,69,81,125,8,28,33,67,0,114,122" hai2="100,102,46,68,74,21,51,127,97,38,86,89,11" hai3="87,124,128,50,18,106,76,48,105,55,44,32,93"/><V119/><F119/><W78/><G32/><N who="0" m="20583" /><D88/><U104/><E114/><V2/><F74/><W10/><G128/><T98/><D120/><U82/><E122/><V16/><F38/><W129/><G124/><T95/><D95/><U29/><E125/><V72/><F72/><W23/><G129/><T133/><D108/><U126/><E69/><V135/><F68/><W1/><G1/><T109/><D109/><U52/><E104/><V39/><F39/><W60/><G10/><T115/><D115/><U58/><E43/><V85/><F127/><W111/><G106/><T113/><D113/><U75/><E82/><V132/><F11/><W92/><G105/><T62/><D62/><U110/><E33/><V34/><F2/><W80/><G76/><T22/><D22/><U14/><E0/><V30/><F30/><W101/><G60/><T59/><D59/><U3/><E3/><V9/><F9/><W130/><G101/><N who="2" m="39017" /><F34/><W12/><G111/><T27/><D73/><U54/><E110/><V112/><F112/><W123/><G123/><T5/><D71/><U65/><E29/><V90/><F135/><W20/><G130/><T64/><D133/><U40/><E28/><V84/><F97/><W25/><G48/><T118/><D118/><U45/><E126/><V79/><F79/><W53/><G53/><N who="1" m="20586" /><E67/><V42/><F132/><W63/><G63/><N who="0" m="40223" /><D27/><AGARI ba="0,0" hai="16,21,27,42,46,51,84,85,86,89,90" m="39017" machi="27" ten="30,5800,0" yaku="8,1,52,1,54,1" doraHai="41" who="2" fromWho="0" sc="340,-58,327,0,173,58,160,0" /><INIT seed="2,1,0,0,1,96" ten="282,327,231,160" oya="2" hai0="79,82,9,60,72,42,5,105,53,10,71,51,33" hai1="61,43,115,20,106,32,112,131,67,113,30,58,36" hai2="38,127,102,48,85,107,97,1,15,108,114,94,13" hai3="98,95,77,100,133,65,64,11,50,12,52,27,93"/><V124/><F114/><W29/><G133/><T73/><D33/><U88/><E131/><V55/><F1/><W129/><G77/><T75/><D105/><U49/><E32/><V132/><F38/><W23/><G93/><T90/><D42/><U99/><E36/><V89/><F132/><W39/><G39/><T119/><D119/><U47/><E88/><V25/><F25/><W135/><G129/><T80/><D90/><U46/><E46/><V126/><REACH who="2" step="1"/><F108/><REACH who="2" ten="282,327,221,160" step="2"/><W16/><REACH who="3" step="1"/><G135/><REACH who="3" ten="282,327,221,150" step="2"/><T19/><D79/><U18/><E113/><V59/><AGARI ba="1,2" hai="13,15,48,55,59,85,89,94,97,102,107,124,126,127" machi="59" ten="30,12000,1" yaku="1,1,2,1,0,1,18,1,52,1,53,0" doraHai="96" doraHaiUra="31" who="2" fromWho="2" sc="282,-41,327,-41,221,143,150,-41" /><INIT seed="2,2,0,4,2,45" ten="241,286,364,109" oya="2" hai0="115,93,107,84,38,86,81,90,103,83,121,54,76" hai1="100,108,15,63,32,106,6,68,69,27,133,113,59" hai2="98,39,123,1,78,40,74,7,0,110,16,48,12" hai3="44,89,52,24,132,53,18,62,73,101,57,66,112"/><V58/><F123/><W96/><G73/><N who="0" m="43151" /><D38/><U94/><E113/><V95/><F110/><W91/><G132/><T50/><D50/><U71/><E133/><V99/><F39/><W67/><G112/><T3/><D54/><U30/><E108/><V122/><F122/><W10/><G53/><T114/><D3/><U88/><E6/><V65/><F99/><W92/><G66/><T118/><D121/><U42/><E42/><V47/><F7/><W13/><REACH who="3" step="1"/><G24/><REACH who="3" ten="241,286,364,99" step="2"/><T46/><D118/><U117/><E117/><V19/><F65/><W35/><G35/><T124/><D115/><U49/><E27/><V75/><F75/><W130/><G130/><T70/><D114/><U37/><E32/><V22/><F74/><W51/><AGARI ba="2,1" hai="10,13,18,44,51,52,57,62,67,89,91,92,96,101" machi="51" ten="30,8000,1" yaku="1,1,0,1,8,1,52,1,54,1,53,0" doraHai="45" doraHaiUra="131" who="3" fromWho="3" sc="241,-22,286,-22,364,-42,99,96" /><INIT seed="3,0,0,5,3,132" ten="219,264,322,195" oya="3" hai0="48,126,68,24,62,96,74,30,7,55,83,100,73" hai1="104,91,44,54,56,125,34,60,19,53,85,119,8" hai2="43,130,6,5,101,38,3,118,124,135,4,98,71" hai3="95,133,89,11,25,92,57,37,121,46,45,70,65"/><W127/><G121/><T72/><D7/><U114/><E114/><V29/><F118/><W107/><G107/><N who="0" m="63879" /><D126/><U0/><E119/><V86/><F124/><W115/><G127/><T82/><D55/><U90/><E125/><V117/><F71/><W106/><G106/><T88/><D48/><N who="1" m="28807" /><E34/><V28/><F86/><W116/><G116/><T94/><D94/><U32/><E32/><V18/><F18/><W23/><G115/><T26/><D26/><U131/><E131/><V97/><F97/><W79/><G133/><T15/><D88/><U109/><E109/><V105/><F130/><W42/><G70/><T81/><D15/><N who="1" m="7655" /><E0/><V9/><F135/><W61/><G79/><T63/><D63/><U47/><E104/><V41/><F117/><W31/><G89/><N who="1" m="33802" /><E47/><V14/><F43/><W111/><G111/><T93/><D93/><U50/><E85/><V128/><F128/><W67/><G67/><N who="0" m="41079" /><D83/><U87/><E87/><V49/><F4/><W84/><G84/><T66/><D66/><U33/><E33/><AGARI ba="0,0" hai="24,30,33,72,73,74,81,82" m="41079,63879" machi="33" ten="30,1000,0" yaku="25,1" doraHai="132" who="0" fromWho="1" sc="219,10,264,-10,322,0,195,0" owari="229,-17.1,254,5.4,322,42.2,195,-30.5" /></mjloggm>