<mjloggm ver="2.3"><GO type="225" lobby="0"/><UN n0="%E9%89%A2%E5%B7%BB%E3%82%AC%E3%83%96" n1="%E6%97%A5%E6%9B%9C%E6%97%A5%E3%82%88%E3%82%8A%E3%81%AE%E4%BD%BF%E8%80%85" n2="%E2%80%A0%E7%99%BD%E5%85%8E%E2%80%A0" n3="%E7%99%BD%E9%9B%AA%E4%B9%83%E6%84%9B" dan="16,18,18,16" rate="2108.66,2183.01,2136.99,2053.12" sx="M,M,M,F"/><TAIKYOKU oya="0"/><INIT seed="0,0,0,3,2,17" ten="250,250,250,250" oya="0" hai0="3,124,128,28,50,99,61,45,26,127,6,119,7" hai1="100,5,91,79,20,21,81,94,36,15,110,123,44" hai2="48,109,41,106,37,90,97,16,65,33,71,113,70" hai3="49,52,57,88,67,23,76,69,68,98,31,46,39"/><T75/><D119/><U51/><E36/><V107/><F113/><W73/><G73/><T125/><D75/><U13/><E100/><V114/><F114/><W83/><G76/><T93/><D128/><U53/><E123/><V9/><F33/><W133/><G133/><T12/><D3/><U118/><E118/><V47/><F109/><W22/><G31/><T104/><D104/><U115/><E110/><V92/><F37/><W42/><G69/><T60/><D7/><U82/><E115/><V4/><F71/><W27/><G27/><T80/><D80/><N who="1" m="30827" /><E79/><V132/><F132/><W131/><G131/><T111/><D12/><N who="1" m="4683" /><E5/><V11/><F11/><W18/><G18/><T117/><D6/><U58/><E58/><V102/><F16/><W84/><G98/><AGARI ba="0,0" hai="20,21,44,51,53,91,94,98" m="4683,30827" machi="98" ten="30,3900,0" yaku="8,1,52,2" doraHai="17" who="1" fromWho="3" sc="250,0,250,39,250,0,250,-39" /><INIT seed="1,0,0,3,3,47" ten="250,289,250,211" oya="1" hai0="95,49,55,34,100,26,117,1,76,7,94,102,86" hai1="4,46,53,39,129,101,21,15,130,87,51,42,45" hai2="17,67,121,14,106,64,79,50,8,9,18,24,90" hai3="43,71,41,114,83,77,2,115,66,109,59,57,85"/><U62/><E101/><V36/><F36/><W105/><G105/><T111/><D117/><U127/><E127/><V124/><F121/><W123/><G123/><T54/><D111/><U81/><E62/><V97/><F124/><W31/><G2/><T29/><D1/><U112/><E112/><V58/><F79/><W3/><G3/><T33/><D7/><U128/><E21/><N who="2" m="13359" /><F106/><W6/><G6/><T107/><D107/><U75/><E75/><V32/><F32/><W110/><G31/><T22/><D34/><U119/><E119/><V72/><F72/><W88/><G77/><T89/><D55/><U74/><E74/><V5/><F97/><W118/><G118/><T80/><D33/><U10/><REACH who="1" step="1"/><E130/><REACH who="1" ten="250,279,250,211" step="2"/><V135/><F135/><W84/><G115/><T65/><D65/><U0/><E0/><V108/><F67/><W52/><G114/><T91/><D100/><U63/><E63/><V134/><F64/><W37/><G66/><T132/><D132/><U70/><E70/><V104/><F134/><W20/><G71/><T60/><D60/><U69/><E69/><V93/><F104/><W13/><G110/><T48/><D102/><U44/><E44/><V125/><F125/><W78/><G109/><T99/><REACH who="0" step="1"/><D54/><REACH who="0" ten="240,279,250,211" step="2"/><U28/><E28/><V61/><F108/><W116/><G116/><T92/><D92/><U56/><E56/><V82/><F61/><W126/><G126/><T19/><D19/><U122/><E122/><V11/><F93/><W35/><G57/><T96/><AGARI ba="0,2" hai="22,26,29,48,49,76,80,86,89,91,94,95,96,99" machi="96" ten="20,12000,2" yaku="1,1,0,1,7,1,9,1,8,1,52,2,53,0" doraHai="47" doraHaiUra="30" who="0" fromWho="0" sc="240,140,279,-60,250,-30,211,-30" /><INIT seed="2,0,0,5,5,10" ten="380,219,220,181" oya="2" hai0="13,7,77,62,18,73,90,101,135,131,19,80,87" hai1="74,1,94,133,16,88,0,49,57,127,116,64,5" hai2="84,29,124,71,56,130,69,47,24,122,92,93,103" hai3="100,129,89,51,63,108,4,96,70,43,85,20,25"/><V120/><F124/><W119/><G119/><T32/><D32/><U99/><E116/><V113/><F113/><W81/><G108/><T50/><D131/><U98/><E74/><V68/><F130/><W134/><G129/><T75/><D135/><U3/><E127/><V27/><F103/><W61/><G134/><T65/><D7/><U38/><E38/><V33/><F47/><W104/><G4/><T117/><D19/><U35/><E133/><V9/><F24/><W91/><G70/><T41/><D101/><U42/><E35/><V31/><F31/><W28/><REACH who="3" step="1"/><G91/><REACH who="3" ten="380,219,220,171" step="2"/><T58/><D90/><U55/><E5/><V105/><F122/><W126/><G126/><T11/><D117/><U14/><E64/><V36/><F120/><W107/><G107/><T23/><D73/><U83/><E42/><V72/><F105/><W79/><G79/><T67/><D75/><U44/><E44/><AGARI ba="0,1" hai="20,25,28,43,44,51,61,63,81,85,89,96,100,104" machi="44" ten="40,2600,0" yaku="1,1,53,1" doraHai="10" doraHaiUra="22" who="3" fromWho="1" sc="380,0,219,-26,220,0,171,36" /><INIT seed="3,0,0,5,5,69" ten="380,193,220,207" oya="3" hai0="20,92,105,6,114,51,44,25,134,26,58,36,77" hai1="46,7,103,90,120,12,132,16,35,123,125,93,57" hai2="3,4,83,24,66,80,63,101,94,75,29,19,42" hai3="18,38,22,82,116,1,32,106,50,88,126,124,72"/><W70/><G116/><T109/><D105/><U81/><E35/><V49/><F75/><W86/><G32/><T95/><D36/><U48/><E123/><V15/><F4/><W110/><G1/><T61/><D77/><U133/><E120/><V28/><F3/><W74/><G70/><T104/><D104/><U97/><E7/><V79/><F42/><W96/><G110/><T10/><D109/><U43/><E125/><N who="3" m="48234" /><G50/><T98/><D134/><N who="1" m="51819" /><E57/><V34/><F49/><W62/><G62/><T53/><D92/><U102/><E81/><V65/><F83/><W85/><G85/><T122/><D122/><U17/><E17/><V52/><F80/><W117/><G117/><T131/><D20/><AGARI ba="0,0" hai="12,16,20,43,46,48,90,93,97,102,103" m="51819" machi="20" ten="30,2000,0" yaku="20,1,54,1" doraHai="69" who="1" fromWho="0" sc="380,-20,193,20,220,0,207,0" owari="360,46.0,213,-18.7,220,2.0,207,-29.3" /></mjloggm>