<mjloggm ver="2.3"><GO type="225" lobby="0"/><UN n0="%E3%81%BF%E3%81%BF%E3%81%9A" n1="%43%68%65" n2="%E3%81%9D%E3%81%8A%E3%81%9D%E3%81%9D" n3="%E3%83%97%E3%83%AC%E3%83%B4%E3%82%A1%E3%83%86%E3%82%A3" dan="17,16,16,16" rate="2198.96,2173.24,2058.21,2105.43" sx="M,M,M,F"/><TAIKYOKU oya="0"/><INIT seed="0,0,0,2,2,106" ten="250,250,250,250" oya="0" hai0="93,84,32,113,36,70,15,116,52,122,125,135,126" hai1="60,61,102,114,4,97,18,86,10,104,75,7,51" hai2="24,30,99,3,53,49,29,108,67,48,130,91,88" hai3="129,63,25,2,46,81,23,31,54,98,38,119,100"/><T111/><RYUUKYOKU type="yao9" ba="0,0" sc="250,0,250,0,250,0,250,0" hai0="15,32,36,52,70,84,93,111,113,116,122,125,126,135" /><INIT seed="0,1,0,5,2,119" ten="250,250,250,250" oya="0" hai0="84,70,34,129,124,92,42,64,114,130,60,103,110" hai1="120,10,44,9,86,19,109,123,30,16,12,76,66" hai2="132,1,95,18,134,24,83,68,91,29,26,63,36" hai3="35,46,75,102,104,81,101,122,3,93,40,13,56"/><T2/><D114/><U62/><E109/><V23/><F36/><W7/><G35/><T94/><D110/><U48/><E30/><V111/><F111/><W17/><G104/><T59/><D34/><U72/><E72/><V58/><F68/><W71/><G71/><T77/><D2/><U50/><E50/><V85/><F1/><W74/><G56/><T8/><D124/><U55/><E76/><V106/><F106/><W4/><G93/><T107/><D8/><U11/><E86/><V118/><F118/><W25/><G25/><T99/><D42/><U116/><E116/><V100/><F100/><W73/><G3/><T105/><D70/><U112/><E112/><V52/><REACH who="2" step="1"/><F83/><REACH who="2" ten="250,250,240,250" step="2"/><W33/><G81/><N who="0" m="47151" /><D107/><U82/><E82/><V38/><F38/><W90/><G101/><T69/><D69/><U89/><E89/><V97/><F97/><W5/><G90/><T128/><AGARI ba="1,1" hai="59,60,64,92,94,99,103,105,128,129,130" m="47151" machi="128" ten="30,1500,0" yaku="19,1" doraHai="119" who="0" fromWho="0" sc="250,28,250,-6,240,-6,250,-6" /><INIT seed="0,2,0,1,2,55" ten="278,244,234,244" oya="0" hai0="2,1,134,71,20,124,17,95,98,40,90,70,103" hai1="135,35,110,115,19,132,101,45,14,129,117,72,13" hai2="109,9,125,29,97,53,49,118,76,12,23,3,5" hai3="84,94,60,123,96,108,86,88,43,133,99,58,37"/><T120/><D120/><U111/><E72/><V74/><F109/><N who="1" m="41481" /><E101/><V41/><F41/><W79/><G108/><T100/><D40/><U32/><E45/><V131/><F131/><W38/><G123/><T64/><D134/><N who="1" m="51243" /><E129/><V127/><F118/><W31/><G133/><T36/><D36/><U6/><E117/><V56/><F74/><W78/><G31/><T63/><D71/><U68/><E68/><V25/><F76/><N who="3" m="29227" /><G43/><T22/><D124/><N who="2" m="47690" /><F97/><N who="3" m="37451" /><G37/><T73/><D73/><U67/><E67/><V93/><F93/><W0/><G0/><AGARI ba="2,0" hai="0,3,5,9,12,23,25,29,49,53,56" m="47690" machi="0" ten="30,2000,0" yaku="18,1,52,1" doraHai="55" who="2" fromWho="3" sc="278,0,244,0,234,26,244,-26" /><INIT seed="1,0,0,5,5,90" ten="278,244,260,218" oya="1" hai0="74,98,61,105,103,56,76,4,127,37,116,48,39" hai1="41,107,25,46,93,28,1,110,106,84,6,62,49" hai2="59,33,65,60,54,111,58,45,64,52,119,117,11" hai3="8,23,30,29,67,70,88,35,85,126,42,112,86"/><U75/><E75/><V44/><F33/><W9/><G112/><T13/><D116/><N who="2" m="44618" /><F11/><W16/><G126/><T47/><D127/><U40/><E40/><V87/><F87/><W134/><G134/><T73/><D13/><U92/><E110/><V71/><F111/><W19/><G42/><T114/><D114/><U82/><E62/><N who="2" m="40343" /><F54/><W27/><G67/><T96/><D4/><U115/><E115/><V77/><F77/><W36/><G70/><T81/><D74/><U132/><E132/><V5/><F5/><W131/><G36/><T109/><D109/><U2/><E107/><V0/><F0/><W95/><G131/><T89/><D89/><U123/><E106/><V129/><F129/><W14/><G30/><T80/><D81/><U122/><E122/><V101/><F101/><W108/><G108/><T51/><D98/><U10/><E123/><V31/><F31/><W20/><G85/><T43/><REACH who="0" step="1"/><D37/><REACH who="0" ten="268,244,260,218" step="2"/><U94/><E2/><V79/><F79/><W100/><G100/><T91/><D91/><U118/><E118/><V17/><F17/><W18/><G19/><T22/><D22/><U99/><E99/><V26/><F26/><AGARI ba="0,1" hai="8,9,14,16,18,20,23,26,27,29,35,86,88,95" machi="26" ten="30,7700,0" yaku="7,1,52,1,54,2" doraHai="90" who="3" fromWho="2" sc="268,0,244,0,260,-77,218,87" /><INIT seed="2,0,0,5,2,28" ten="268,244,183,305" oya="2" hai0="63,71,64,56,100,126,95,128,91,2,44,129,38" hai1="121,104,30,5,37,22,41,114,32,108,87,82,97" hai2="112,11,65,16,102,106,133,4,72,26,20,93,83" hai3="90,125,23,135,60,99,131,3,81,101,127,105,10"/><V29/><F112/><W76/><G131/><N who="0" m="50251" /><D126/><N who="3" m="48137" /><G23/><T21/><D2/><U120/><E114/><V107/><F133/><W119/><G60/><T27/><D100/><N who="1" m="62479" /><E5/><V109/><F109/><W51/><G51/><T123/><D123/><N who="1" m="47179" /><E22/><V39/><F39/><W6/><G135/><T124/><D124/><U46/><E108/><V9/><F65/><W0/><G90/><T75/><D75/><U47/><E47/><V7/><F93/><W103/><G103/><T117/><D117/><U85/><E82/><V79/><F29/><W92/><G119/><T33/><D44/><U67/><E67/><V34/><F34/><W88/><G0/><T94/><D38/><U17/><E17/><V68/><F68/><W58/><G105/><T19/><D33/><U12/><E12/><V55/><F102/><W96/><G101/><T70/><D95/><U77/><E77/><V40/><F40/><W31/><G31/><T25/><D27/><AGARI ba="0,0" hai="27,30,32,37,41,46,85,87" m="47179,62479" machi="27" ten="30,2000,0" yaku="13,1,52,1" doraHai="28" who="1" fromWho="0" sc="268,-20,244,20,183,0,305,0" /><INIT seed="3,0,0,3,1,81" ten="248,264,183,305" oya="3" hai0="121,40,122,37,128,99,133,92,48,135,46,34,56" hai1="41,54,96,45,117,6,80,11,15,28,30,88,77" hai2="76,127,13,14,63,123,132,126,124,42,21,78,1" hai3="75,29,100,74,101,98,86,61,115,49,118,43,104"/><W4/><G115/><T94/><D34/><U20/><E117/><V12/><F1/><W90/><G118/><T72/><D72/><U50/><E20/><V69/><F132/><N who="0" m="50762" /><D128/><U103/><E54/><V71/><F123/><N who="0" m="47114" /><D99/><U33/><E33/><V23/><F42/><W67/><G29/><T18/><D18/><U91/><E28/><V113/><F113/><W134/><G134/><T85/><D92/><N who="1" m="58759" /><E30/><V24/><F24/><W59/><G101/><T2/><D2/><U53/><E53/><V25/><F25/><W10/><G43/><T68/><D68/><N who="2" m="26186" /><F63/><W97/><G97/><T105/><D105/><U39/><E39/><V95/><F95/><W58/><G49/><T57/><D37/><U47/><E47/><V89/><F89/><AGARI ba="0,0" hai="40,46,48,56,57,85,89,94" m="47114,50762" machi="89" ten="30,2000,0" yaku="20,1,52,1" doraHai="81" who="0" fromWho="2" sc="248,20,264,0,183,-20,305,0" owari="268,6.8,264,-13.6,163,-33.7,305,40.5" /></mjloggm>