<mjloggm ver="2.3"><GO type="225" lobby="0"/><UN n0="%72%69%6F%75%63%68%61%6E" n1="%E7%89%B9%E6%9D%B1%E3%81%AF%E4%B8%96%E7%95%8C%E3%82%92%E6%95%91%E3%81%86" n2="%E3%82%B2%E3%82%B9%E8%8C%82%E5%8B%9D" n3="%E3%82%BC%E3%83%AB%E3%83%80%E3%81%AE%E4%BC%9D%E8%AA%AC" dan="17,16,16,17" rate="2172.10,2046.44,2019.00,2154.43" sx="M,M,F,M"/><TAIKYOKU oya="0"/><INIT seed="0,0,0,5,2,45" ten="250,250,250,250" oya="0" hai0="61,114,130,19,104,68,25,91,70,48,27,1,10" hai1="108,127,88,77,56,22,80,40,12,124,7,90,107" hai2="85,101,78,129,65,110,51,52,15,50,83,58,111" hai3="33,47,117,135,64,95,8,84,46,102,115,134,35"/><T3/><D114/><U43/><E107/><V125/><F125/><N who="1" m="48201" /><E108/><N who="2" m="41515" /><F129/><W120/><G117/><T49/><D104/><U98/><E56/><V72/><F65/><W44/><G115/><T92/><D130/><U59/><E59/><V14/><F101/><W81/><G64/><T16/><D61/><U74/><E98/><V28/><F28/><W96/><G120/><T99/><D10/><N who="1" m="4191" /><E22/><V29/><F29/><W31/><G8/><T55/><D55/><U122/><E122/><V97/><F97/><W13/><G13/><N who="2" m="4617" /><F72/><W86/><G31/><T121/><D121/><U6/><E6/><V21/><F21/><W34/><REACH who="3" step="1"/><G84/><REACH who="3" ten="250,250,250,240" step="2"/><T54/><D1/><U75/><E75/><V109/><F109/><W18/><G18/><T23/><D3/><U62/><E62/><AGARI ba="0,1" hai="50,51,52,58,62,78,83,85" m="4617,41515" machi="62" ten="30,7700,0" yaku="14,1,52,2,54,1" doraHai="45" who="2" fromWho="1" sc="250,0,250,-77,250,87,240,0" /><INIT seed="1,0,0,2,4,26" ten="250,173,337,240" oya="1" hai0="51,109,8,16,124,54,33,56,125,3,115,19,38" hai1="40,131,74,43,36,134,57,110,14,128,73,91,24" hai2="18,90,2,82,10,130,55,41,129,64,96,105,127" hai3="60,132,65,86,114,119,37,23,72,76,99,126,70"/><U75/><E134/><V106/><F127/><N who="0" m="48714" /><D109/><U67/><E110/><V95/><F41/><W25/><G126/><T6/><D115/><U120/><E120/><V83/><F64/><W100/><G114/><T20/><D33/><U87/><E14/><V21/><F55/><W31/><G132/><T28/><D38/><U111/><E111/><V101/><F10/><W29/><G37/><T9/><D9/><U15/><E15/><V61/><F61/><W52/><G119/><T49/><D51/><U71/><E71/><V97/><F2/><W104/><G72/><T113/><D113/><U68/><E68/><V35/><F35/><W93/><G52/><T78/><D78/><U12/><E12/><V88/><F18/><W58/><G70/><T48/><D49/><U30/><E57/><V133/><F21/><W69/><G69/><T103/><D103/><U66/><E67/><V47/><F47/><W11/><G11/><T79/><D79/><U122/><E66/><V1/><F1/><W0/><G0/><T50/><D50/><U108/><E122/><V117/><F133/><W53/><G53/><T123/><D123/><U7/><E7/><V81/><F117/><W121/><G121/><T62/><D48/><U42/><E36/><V17/><F17/><N who="0" m="6730" /><D20/><N who="1" m="15623" /><E108/><V107/><F90/><N who="3" m="53463" /><G76/><T92/><D92/><AGARI ba="0,0" hai="81,82,83,88,92,95,96,97,101,105,106,107,129,130" machi="92" ten="50,8000,1" yaku="34,3,54,1" doraHai="26" who="2" fromWho="0" sc="250,-80,173,0,337,80,240,0" /><INIT seed="2,0,0,3,0,43" ten="170,173,417,240" oya="2" hai0="72,69,114,4,9,91,1,129,33,22,14,120,46" hai1="0,95,15,89,68,113,125,110,116,103,99,42,29" hai2="87,108,13,98,123,39,83,57,34,17,76,73,49" hai3="10,37,100,63,105,96,12,74,111,50,81,75,104"/><V109/><F39/><W134/><G37/><T62/><D120/><U47/><E116/><V53/><F34/><W2/><G2/><T21/><D114/><U127/><E0/><V30/><F30/><W24/><G111/><N who="2" m="42569" /><F98/><W131/><G134/><T115/><D115/><U118/><E110/><V3/><F3/><W77/><G63/><T51/><D33/><U122/><E113/><V86/><F123/><W97/><G24/><T8/><D72/><U78/><E122/><V101/><F101/><W16/><G131/><T28/><D129/><U5/><E68/><V124/><F124/><N who="1" m="47689" /><E78/><V45/><F57/><W71/><G71/><T54/><D28/><U82/><E29/><V112/><F112/><W59/><G97/><T133/><D133/><U66/><E118/><V44/><F44/><W126/><G126/><T135/><D135/><U93/><E103/><V132/><F132/><W128/><G128/><T117/><D117/><U31/><E47/><V20/><AGARI ba="0,0" hai="13,17,20,45,49,53,73,76,83,86,87" m="42569" machi="20" ten="30,6000,0" yaku="14,1,10,1,52,1" doraHai="43" who="2" fromWho="2" sc="170,-20,173,-20,417,60,240,-20" /><INIT seed="2,1,0,5,5,65" ten="150,153,477,220" oya="2" hai0="117,70,122,54,10,86,94,104,88,129,120,26,47" hai1="63,128,24,69,106,74,77,105,126,56,31,67,135" hai2="27,133,6,68,108,73,60,118,4,112,37,57,35" hai3="81,58,109,16,46,78,72,116,9,50,20,52,53"/><V111/><F112/><W51/><G109/><N who="2" m="42057" /><F118/><W89/><G116/><T3/><D104/><U127/><E128/><V38/><F133/><W44/><G89/><T100/><D117/><U15/><E135/><V119/><F73/><W25/><G9/><T95/><D129/><U96/><E56/><AGARI ba="1,0" hai="16,20,25,44,46,50,51,52,53,56,58,72,78,81" machi="56" ten="30,7700,0" yaku="7,1,9,1,54,2" doraHai="65" who="3" fromWho="1" sc="150,0,153,-80,477,0,220,80" /><INIT seed="3,0,0,1,5,73" ten="150,73,477,300" oya="3" hai0="72,47,71,13,9,127,58,109,87,51,81,107,57" hai1="22,79,89,91,132,80,20,116,41,114,92,85,11" hai2="67,38,54,23,126,56,84,90,31,37,8,123,133" hai3="93,0,76,39,108,129,3,95,45,36,28,106,60"/><W21/><G106/><T78/><D71/><U30/><E132/><V62/><F133/><W83/><G129/><T14/><D107/><U12/><E114/><V125/><F123/><W65/><G108/><T50/><D109/><U111/><E111/><V98/><F98/><W124/><G124/><N who="2" m="47721" /><F8/><W53/><G95/><T112/><D127/><U46/><E116/><V117/><F117/><W48/><G93/><T17/><D112/><U66/><E66/><V128/><F128/><W113/><G113/><T42/><D72/><U130/><E130/><V131/><F131/><W121/><G121/><T5/><REACH who="0" step="1"/><D51/><REACH who="0" ten="140,73,477,300" step="2"/><U29/><E29/><V10/><F67/><W35/><G36/><T6/><D6/><U18/><E30/><V55/><F54/><W26/><G39/><T69/><D69/><U74/><REACH who="1" step="1"/><E91/><REACH who="1" ten="140,63,477,300" step="2"/><V100/><F38/><AGARI ba="0,2" hai="11,12,18,20,22,38,41,46,74,79,80,85,89,92" machi="38" ten="30,8000,1" yaku="1,1,2,1,7,1,52,1,53,1" doraHai="73" doraHaiUra="88" who="1" fromWho="2" sc="140,0,63,100,477,-80,300,0" owari="140,-36.0,163,-23.7,397,49.7,300,10.0" /></mjloggm>