<mjloggm ver="2.3"><GO type="225" lobby="0"/><UN n0="%E9%8A%80%E3%81%B0%E3%81%95%E3%81%BF" n1="%E3%81%8B%E3%82%8F%E3%81%A1%E3%82%83%E3%82%93%35%38" n2="%E3%81%86%E3%81%A9%E3%82%93%E3%81%93" n3="%E3%81%BF%E3%81%BF%E3%81%9A" dan="17,17,16,16" rate="2183.20,2123.44,2149.16,2148.56" sx="M,M,M,M"/><TAIKYOKU oya="0"/><INIT seed="0,0,0,1,2,107" ten="250,250,250,250" oya="0" hai0="45,51,29,71,86,89,124,72,120,97,3,88,83" hai1="32,15,69,67,39,50,43,111,8,48,61,118,2" hai2="65,76,85,44,113,135,110,105,64,82,13,78,34" hai3="128,42,18,73,92,99,53,75,101,47,90,56,11"/><T130/><D120/><U54/><E118/><V74/><F113/><W116/><G116/><T5/><D71/><U93/><E32/><V35/><F110/><W117/><G117/><T30/><D130/><U96/><E111/><V40/><F105/><W123/><G128/><T49/><D124/><U24/><E2/><V59/><F135/><W102/><G123/><T119/><D119/><U10/><E24/><V36/><F78/><W115/><G115/><T4/><D72/><U134/><E134/><V77/><F77/><W84/><G101/><T6/><D3/><U132/><E132/><V33/><F85/><W58/><G11/><T31/><REACH who="0" step="1"/><D45/><REACH who="0" ten="240,250,250,250" step="2"/><U21/><E69/><V37/><F37/><W87/><G58/><T26/><D26/><U126/><E126/><V79/><F13/><W112/><G112/><T20/><D20/><U125/><E21/><V81/><F59/><W129/><G129/><T95/><AGARI ba="0,1" hai="4,5,6,29,30,31,49,51,83,86,88,89,95,97" machi="95" ten="40,18000,2" yaku="1,1,0,1,8,1,54,1,53,2" doraHai="107" doraHaiUra="46" who="0" fromWho="0" sc="240,190,250,-60,250,-60,250,-60" /><INIT seed="0,1,0,2,1,115" ten="430,190,190,190" oya="0" hai0="83,21,113,69,93,105,89,131,61,49,88,123,80" hai1="134,120,77,48,104,116,130,118,94,66,15,0,59" hai2="23,33,121,22,64,9,42,35,10,109,91,19,81" hai3="82,103,75,127,100,27,68,90,51,67,57,63,95"/><T58/><D105/><U74/><E120/><V46/><F121/><W4/><G127/><T101/><D123/><U17/><E0/><V20/><F109/><W92/><G4/><T39/><D39/><U97/><E104/><V133/><F133/><W107/><G107/><T73/><D113/><U30/><E30/><V12/><F64/><W132/><G132/><T29/><D69/><U18/><E134/><V72/><F9/><W79/><G95/><T111/><D131/><U119/><E130/><V114/><F114/><W76/><G79/><T6/><D6/><U7/><E7/><V11/><F11/><W62/><G51/><T36/><D36/><U5/><E5/><V128/><F128/><W44/><G44/><T135/><D135/><U24/><E24/><V45/><F45/><W60/><G27/><N who="0" m="16623" /><D49/><U43/><E43/><V87/><REACH who="2" step="1"/><F72/><REACH who="2" ten="430,190,180,190" step="2"/><W40/><G40/><T32/><D73/><U102/><E74/><V34/><F34/><W37/><G37/><AGARI ba="1,1" hai="10,12,19,20,22,23,33,35,37,42,46,81,87,91" machi="37" ten="40,1300,0" yaku="1,1,53,0" doraHai="115" doraHaiUra="25" who="2" fromWho="3" sc="430,0,190,0,180,26,190,-16" /><INIT seed="1,0,0,4,0,128" ten="430,190,206,174" oya="1" hai0="99,41,33,14,63,30,124,42,29,18,84,52,49" hai1="131,1,34,134,116,15,43,118,75,17,9,121,21" hai2="109,3,96,35,120,123,89,133,93,67,88,70,94" hai3="74,44,83,12,86,38,80,81,117,73,7,107,132"/><U122/><E75/><V82/><F3/><W106/><G7/><T10/><D124/><U87/><E87/><V72/><F35/><W45/><G12/><T46/><D99/><U55/><E55/><V37/><F37/><W2/><G2/><T101/><D101/><U19/><E43/><N who="0" m="16393" /><D33/><U76/><E76/><N who="2" m="44295" /><F67/><W102/><G38/><T113/><D113/><U25/><E131/><V77/><F70/><W60/><G60/><T69/><D69/><U23/><E34/><V112/><F77/><W56/><G56/><N who="0" m="35207" /><D84/><U100/><E100/><V36/><F36/><W16/><G86/><T27/><D27/><U129/><E129/><V105/><F105/><N who="3" m="39947" /><G102/><T111/><D111/><U20/><E20/><V47/><F47/><N who="3" m="17995" /><G117/><N who="1" m="45162" /><E134/><V92/><F109/><W71/><G71/><T4/><D4/><AGARI ba="0,0" hai="1,4,9,15,17,19,21,23,25,121,122" m="45162" machi="4" ten="30,2900,0" yaku="34,2" doraHai="128" who="1" fromWho="0" sc="430,-29,190,29,206,0,174,0" /><INIT seed="1,1,0,3,1,114" ten="401,219,206,174" oya="1" hai0="23,97,68,64,96,66,86,80,85,123,75,8,111" hai1="90,117,51,28,12,99,3,9,110,73,84,83,29" hai2="47,24,17,27,103,1,4,22,25,76,14,132,45" hai3="21,13,124,18,130,122,87,50,74,58,7,125,37"/><U106/><E3/><V121/><F121/><W102/><G74/><T78/><D75/><U72/><E72/><V54/><F132/><W135/><G37/><T118/><D118/><U116/><E73/><V0/><F76/><W33/><G122/><T134/><D123/><U104/><E110/><V105/><F54/><N who="3" m="32087" /><G135/><T69/><D134/><U92/><E104/><V129/><F103/><W101/><G33/><T108/><D23/><U49/><E106/><V126/><F105/><W94/><G7/><T42/><D8/><U128/><E128/><V113/><F47/><W19/><G130/><T71/><D42/><U38/><E38/><V63/><F45/><W93/><G18/><T55/><D55/><U60/><E60/><V77/><F63/><W44/><G44/><T88/><D85/><U65/><E65/><V57/><F57/><W112/><G112/><T56/><D56/><U32/><E51/><V100/><F0/><W16/><G19/><T79/><D79/><U67/><E67/><N who="0" m="25641" /><D78/><U120/><E120/><V11/><F1/><W2/><G2/><T133/><D133/><U15/><E49/><V119/><F17/><W35/><G35/><T82/><D82/><U109/><E109/><AGARI ba="1,0" hai="68,69,71,80,86,88,96,97,108,109,111" m="25641" machi="109" ten="40,2600,0" yaku="14,1,54,1" doraHai="114" who="0" fromWho="1" sc="401,29,219,-29,206,0,174,0" /><INIT seed="2,0,0,2,3,92" ten="430,190,206,174" oya="2" hai0="0,22,54,133,6,79,91,126,11,87,31,42,59" hai1="98,75,76,107,102,7,78,104,24,56,66,23,25" hai2="19,77,14,97,60,117,18,36,108,55,125,37,96" hai3="110,29,73,28,65,20,49,130,17,135,48,30,10"/><V41/><F117/><W53/><G73/><T103/><D133/><U74/><E7/><V84/><F125/><W15/><G135/><T50/><D126/><U131/><E66/><V16/><F108/><W129/><G65/><T27/><D103/><U112/><E56/><N who="2" m="34847" /><F37/><W89/><G110/><T33/><D42/><U71/><E71/><V128/><F36/><W90/><G49/><T67/><D67/><U86/><E23/><N who="2" m="11735" /><F41/><W46/><REACH who="3" step="1"/><G20/><REACH who="3" ten="430,190,206,164" step="2"/><T121/><D22/><U95/><E25/><V45/><F128/><AGARI ba="0,1" hai="10,15,17,28,29,30,46,48,53,89,90,128,129,130" machi="128" ten="40,5200,0" yaku="1,1,2,1,19,1,53,0" doraHai="92" doraHaiUra="81" who="3" fromWho="2" sc="430,0,190,0,206,-52,164,62" /><INIT seed="3,0,0,1,4,19" ten="430,190,154,226" oya="3" hai0="48,43,52,39,96,89,69,91,130,17,66,90,23" hai1="5,128,59,20,72,11,101,109,41,42,127,122,0" hai2="112,129,79,98,4,1,104,94,80,106,37,124,35" hai3="29,81,75,2,3,56,58,46,133,12,16,47,50"/><W27/><G133/><T121/><D121/><U18/><E122/><V6/><F35/><W45/><G75/><T21/><D130/><U93/><E72/><V38/><F129/><W33/><G81/><T78/><D39/><U49/><E128/><V95/><F112/><W10/><G50/><T40/><D78/><U125/><E109/><V120/><F120/><W107/><G107/><T84/><D69/><U117/><E117/><V116/><F116/><W77/><G77/><T70/><D70/><U24/><E101/><V85/><F1/><W83/><G83/><N who="0" m="49311" /><D66/><U110/><E93/><V15/><F38/><W65/><G65/><T82/><D23/><U134/><E134/><V135/><F37/><W71/><G71/><T111/><D111/><U30/><E110/><V63/><F135/><W131/><G131/><T57/><D91/><U76/><E76/><V118/><F118/><W7/><REACH who="3" step="1"/><G2/><REACH who="3" ten="430,190,154,216" step="2"/><T73/><D73/><U68/><E68/><V100/><F106/><W14/><G14/><N who="0" m="9399" /><D82/><U31/><E49/><V25/><F15/><W123/><G123/><T28/><D48/><U26/><E0/><V62/><F104/><W115/><G115/><T54/><D40/><U55/><E42/><V64/><F64/><W88/><G88/><T51/><D43/><U114/><E41/><V9/><F100/><W34/><G34/><T8/><D90/><U126/><E114/><V108/><F80/><W13/><G13/><T44/><D51/><U105/><E105/><V74/><F79/><W22/><AGARI ba="0,1" hai="3,7,10,12,16,22,27,29,33,45,46,47,56,58" machi="22" ten="30,18000,2" yaku="1,1,0,1,24,2,52,1,54,1,53,0" doraHai="19" doraHaiUra="119" who="3" fromWho="3" sc="430,-60,190,-60,154,-60,216,190" owari="370,17.0,130,-27.0,94,-40.6,406,50.6" /></mjloggm>