<mjloggm ver="2.3"><GO type="225" lobby="0"/><UN n0="%48%61%61%61%6C%61%6E%64" n1="%6D%75%75%6D%75%72%61" n2="%E6%80%AA%E3%81%97%E3%81%99%E3%81%8E%E3%82%8B%E3%83%81%E3%83%BC" n3="%72%69%6F%75%63%68%61%6E" dan="17,16,17,17" rate="2235.08,2076.55,2153.18,2237.07" sx="M,F,M,M"/><TAIKYOKU oya="0"/><INIT seed="0,0,0,5,1,87" ten="250,250,250,250" oya="0" hai0="5,99,103,110,69,119,100,88,132,32,109,126,44" hai1="62,8,102,31,9,124,30,65,118,24,50,115,131" hai2="4,33,49,113,93,43,83,18,52,46,112,54,59" hai3="14,107,23,25,15,26,125,64,84,98,70,97,77"/><T61/><D119/><U42/><E118/><V108/><F33/><W34/><G125/><T71/><D126/><U38/><E124/><V111/><F4/><W39/><G39/><T40/><D32/><U48/><E131/><V105/><F83/><W13/><G34/><T10/><D132/><U104/><E38/><N who="2" m="21879" /><F93/><W19/><G70/><T53/><D69/><U129/><E129/><V37/><F18/><W122/><G64/><T117/><D117/><U56/><E115/><N who="2" m="44107" /><F37/><W133/><G133/><T78/><D78/><U81/><E104/><V101/><F101/><W91/><G122/><T63/><D103/><U134/><E102/><V114/><N who="2" m="44115" /><V29/><DORA hai="27" /><F29/><N who="3" m="17599" /><G107/><T94/><D100/><U73/><E134/><V0/><F0/><W89/><G77/><T41/><D5/><U55/><E24/><V6/><F6/><W67/><G67/><T116/><D116/><U35/><E35/><V120/><F105/><W60/><G60/><N who="0" m="23115" /><D71/><U96/><E73/><V130/><F130/><W66/><G66/><T128/><D128/><U68/><E81/><V82/><F82/><N who="3" m="49303" /><G91/><T36/><D36/><U1/><E1/><V28/><F120/><W72/><G72/><T17/><D88/><U21/><E96/><N who="3" m="36970" /><G26/><T80/><D80/><U86/><E86/><V2/><F2/><W3/><G3/><T75/><D75/><U106/><E106/><V20/><F111/><N who="0" m="42506" /><D99/><U121/><E121/><V85/><F108/><W90/><G90/><T74/><D74/><U79/><E79/><V51/><F85/><W58/><G19/><T11/><D17/><U76/><E76/><RYUUKYOKU ba="0,0" sc="250,-10,250,-10,250,-10,250,30" hai3="13,14,15,58" /><INIT seed="1,1,0,5,2,72" ten="240,240,240,280" oya="1" hai0="16,85,45,14,4,60,8,23,101,67,36,86,110" hai1="77,95,3,21,111,65,42,79,58,71,59,12,39" hai2="40,78,30,88,24,31,126,69,26,90,20,76,134" hai3="97,108,33,32,1,54,132,135,2,84,133,0,63"/><U121/><E121/><V44/><F69/><W25/><G108/><T98/><D110/><U64/><E111/><V96/><F126/><W109/><G109/><T19/><D45/><U123/><E3/><V105/><F134/><W50/><G63/><T6/><D36/><U61/><E123/><V104/><F96/><W81/><G97/><T112/><D19/><N who="1" m="10471" /><E71/><V87/><F104/><W74/><G74/><T118/><D112/><U38/><E38/><V115/><F105/><W35/><G25/><T22/><D22/><U47/><E39/><V82/><F90/><W124/><G124/><T18/><D18/><U56/><E95/><V5/><F5/><W103/><G103/><T92/><D4/><U55/><E42/><V94/><F94/><W91/><REACH who="3" step="1"/><G1/><REACH who="3" ten="240,240,240,270" step="2"/><T114/><D114/><U68/><E68/><V100/><F115/><W62/><G62/><T49/><D60/><U43/><E61/><V9/><F100/><W129/><G129/><T120/><D101/><U99/><E99/><V70/><F70/><W89/><G89/><T51/><D98/><U131/><E131/><V48/><REACH who="2" step="1"/><F9/><REACH who="2" ten="240,240,230,270" step="2"/><W13/><G13/><T27/><D14/><U119/><E65/><V15/><F15/><W34/><N who="3" m="8192" /><DORA hai="107" /><W17/><G17/><T10/><D67/><U37/><E64/><V28/><F28/><W66/><G66/><T128/><D128/><U122/><E122/><V127/><F127/><W41/><G41/><T113/><D120/><U106/><E43/><V117/><F117/><W53/><G53/><T57/><D113/><U52/><E119/><V75/><F75/><RYUUKYOKU ba="1,2" sc="240,-15,240,-15,230,15,270,15" hai2="20,24,26,30,31,40,44,48,76,78,82,87,88" hai3="0,2,50,54,81,84,91,132,133,135" /><INIT seed="2,2,2,0,2,101" ten="225,225,245,285" oya="2" hai0="61,134,95,31,119,131,43,16,114,112,100,10,90" hai1="52,125,83,121,2,42,130,34,37,124,80,133,41" hai2="96,128,14,78,27,82,88,20,104,8,57,11,36" hai3="60,81,54,116,75,102,56,24,70,127,94,21,4"/><V13/><F36/><W6/><G116/><T97/><D119/><U63/><E34/><V113/><F113/><W93/><G127/><N who="1" m="48714" /><E2/><V120/><F128/><W1/><G70/><T105/><D131/><U45/><E130/><V85/><F120/><W51/><G1/><T46/><D31/><U115/><E115/><V5/><F57/><N who="3" m="32991" /><G75/><T22/><D10/><U3/><E121/><V17/><F104/><W0/><G0/><T109/><D61/><U19/><E133/><V110/><F110/><W132/><G81/><N who="1" m="31306" /><E3/><V58/><F58/><W9/><G132/><T18/><D109/><U126/><N who="1" m="48722" /><U38/><DORA hai="129" /><E19/><V106/><F106/><W64/><G9/><T87/><D18/><U23/><E23/><V12/><F5/><N who="3" m="2155" /><G102/><T91/><D134/><U111/><E111/><V67/><F67/><W123/><G123/><T40/><D114/><U77/><E77/><V26/><F26/><W25/><G24/><T117/><D112/><U79/><E79/><V74/><F74/><W72/><G72/><T30/><D117/><U98/><E98/><V53/><F53/><W35/><G35/><T73/><D73/><U55/><E63/><V44/><F44/><AGARI ba="2,2" hai="37,38,41,42,44,45,52,55" m="31306,48722" machi="44" ten="40,2600,0" yaku="18,1,54,1" doraHai="101,129" who="1" fromWho="2" sc="225,0,225,52,245,-32,285,0" /><INIT seed="3,0,0,5,0,99" ten="225,277,213,285" oya="3" hai0="53,11,113,59,81,129,80,50,85,15,21,77,12" hai1="37,122,62,31,54,107,69,61,5,20,86,116,43" hai2="72,135,108,126,98,70,74,125,96,42,16,10,124" hai3="1,36,63,93,120,19,56,0,9,101,39,111,91"/><W76/><G120/><T68/><D129/><U127/><E122/><V17/><F108/><W41/><G111/><T30/><D68/><U34/><E34/><V48/><F135/><W28/><G28/><T71/><D71/><U109/><E5/><V23/><F70/><W38/><G41/><T55/><D113/><U35/><E61/><V64/><F64/><W7/><G76/><T49/><D11/><U47/><E127/><V83/><F10/><W51/><G101/><T33/><D33/><U46/><E116/><V13/><F17/><W40/><G19/><T105/><D105/><U45/><E35/><V57/><F42/><W95/><G0/><T32/><D32/><U114/><E107/><V3/><F3/><W60/><G95/><T130/><D130/><U26/><E114/><V14/><F14/><W97/><REACH who="3" step="1"/><G56/><REACH who="3" ten="225,277,213,275" step="2"/><N who="0" m="32815" /><D81/><U75/><E69/><V133/><F133/><W84/><G84/><T115/><D115/><U82/><E109/><V6/><F6/><W123/><G123/><T128/><D128/><U100/><E86/><V110/><F110/><W131/><G131/><T27/><AGARI ba="0,1" hai="12,15,21,27,30,50,55,59,77,80,85" m="32815" machi="27" ten="30,1100,0" yaku="8,1" doraHai="99" who="0" fromWho="0" sc="225,21,277,-3,213,-3,275,-5" /><INIT seed="4,0,0,2,1,81" ten="246,274,210,270" oya="0" hai0="112,17,117,111,90,84,32,7,95,41,27,108,48" hai1="0,11,13,45,26,109,46,56,67,129,72,128,14" hai2="29,104,126,2,119,18,87,59,39,23,133,82,38" hai3="105,73,122,106,22,68,121,92,96,25,9,102,76"/><T44/><D117/><U114/><E109/><V74/><F126/><W127/><G68/><T88/><D112/><U54/><E72/><V79/><F133/><W40/><G127/><T63/><D7/><U42/><E0/><V33/><F119/><W101/><G40/><T10/><D63/><U28/><E67/><V131/><F104/><N who="3" m="40043" /><G9/><T52/><D41/><U21/><E114/><V8/><F131/><W61/><G61/><T58/><D58/><U50/><E46/><V35/><F74/><W116/><G116/><T5/><D90/><U64/><E64/><V120/><F120/><N who="3" m="46187" /><G22/><T70/><D70/><U31/><E31/><V24/><F59/><W123/><G25/><T75/><D75/><U69/><E69/><V132/><F132/><W57/><N who="3" m="46195" /><W124/><DORA hai="4" /><G124/><T115/><D115/><U20/><E20/><V62/><F62/><W85/><G57/><T49/><D49/><U3/><E3/><V118/><F118/><W30/><G30/><T55/><D55/><U130/><REACH who="1" step="1"/><E11/><REACH who="1" ten="246,264,210,270" step="2"/><V78/><F2/><W15/><G73/><T66/><D66/><U16/><E16/><V47/><F8/><W94/><G15/><N who="0" m="5583" /><D17/><U12/><E12/><N who="2" m="9671" /><F78/><W110/><G110/><T34/><D111/><U37/><AGARI ba="0,1" hai="13,14,21,26,28,37,42,45,50,54,56,128,129,130" machi="37" ten="30,4000,0" yaku="1,1,0,1,19,1,53,0" doraHai="81,4" doraHaiUra="93,83" who="1" fromWho="1" sc="246,-20,264,50,210,-10,270,-10" owari="226,-17.4,314,41.4,200,-30.0,260,6.0" /></mjloggm>