<mjloggm ver="2.3"><GO type="225" lobby="0"/><UN n0="%E3%81%AF%E3%82%88%E3%81%8A%E3%81%98%E3%81%95%E3%82%93" n1="%E3%83%B4%E3%83%A0%EF%BC%99%E3%81%A6" n2="%4B%2E%32%2E%4B%2E" n3="%6D%75%75%6D%75%72%61" dan="17,17,16,16" rate="2209.21,2179.69,2085.71,2211.86" sx="M,M,M,F"/><TAIKYOKU oya="0"/><INIT seed="0,0,0,4,0,48" ten="250,250,250,250" oya="0" hai0="99,112,133,69,36,67,84,49,42,14,97,2,131" hai1="8,44,101,116,129,30,35,21,9,87,17,10,41" hai2="73,130,19,66,124,11,126,33,95,26,38,119,59" hai3="27,53,93,29,40,22,5,123,82,28,89,110,122"/><T68/><D2/><U104/><E116/><V113/><F38/><W34/><G110/><T45/><D112/><U52/><E129/><V65/><F73/><W77/><G40/><T47/><D131/><U1/><E35/><V64/><F113/><W135/><G135/><T6/><D133/><U75/><E75/><V43/><F130/><W86/><G5/><T118/><D118/><U46/><E30/><V61/><F119/><W74/><G34/><T57/><D84/><U81/><E1/><V0/><F43/><W25/><G25/><T50/><D14/><U56/><E101/><V32/><F95/><W16/><G29/><T37/><D99/><U92/><E92/><V117/><F117/><W120/><G28/><T107/><D97/><U39/><E104/><V18/><F26/><W108/><G108/><T31/><D6/><U79/><E41/><V100/><F100/><W13/><G27/><T62/><D107/><U58/><E58/><V12/><F0/><W83/><G83/><T94/><D94/><U55/><E39/><N who="0" m="14921" /><D31/><U121/><E121/><V51/><F51/><N who="0" m="19466" /><D42/><U60/><E55/><AGARI ba="0,0" hai="13,16,22,53,55,74,77,82,86,89,93,120,122,123" machi="55" ten="40,8000,1" yaku="13,1,52,2,54,1" doraHai="48" who="3" fromWho="1" sc="250,0,250,-80,250,0,250,80" /><INIT seed="1,0,0,0,1,22" ten="250,170,250,330" oya="1" hai0="38,21,110,56,111,86,109,68,88,3,102,12,115" hai1="14,36,54,133,131,108,105,126,85,37,42,17,30" hai2="116,79,74,91,104,135,20,6,130,1,112,98,70" hai3="119,127,52,95,55,46,28,44,58,132,4,129,78"/><U96/><E126/><V125/><RYUUKYOKU type="yao9" ba="0,0" sc="250,0,170,0,250,0,330,0" hai2="1,6,20,70,74,79,91,98,104,112,116,125,130,135" /><INIT seed="1,1,0,5,2,113" ten="250,170,250,330" oya="1" hai0="54,66,116,24,39,134,5,21,7,11,3,44,100" hai1="102,50,45,36,111,86,126,69,10,59,84,62,93" hai2="122,61,23,43,130,95,31,2,92,67,125,110,74" hai3="30,28,106,124,89,57,82,64,15,9,71,68,17"/><U90/><E126/><V83/><F122/><W87/><G124/><T22/><D66/><U33/><E33/><V72/><F2/><W105/><G57/><T29/><D100/><U20/><E111/><V101/><F125/><W27/><G28/><T107/><D107/><U109/><E109/><V38/><F110/><W4/><G4/><T98/><D98/><U25/><E69/><V70/><F130/><W121/><G121/><T48/><D134/><U60/><E102/><V58/><F70/><W26/><G26/><T56/><D7/><U40/><E10/><V132/><F74/><W127/><G127/><T65/><D116/><U108/><E108/><V35/><F35/><W13/><G13/><T85/><D85/><U1/><E1/><V77/><F132/><W42/><G42/><T8/><D8/><U104/><E104/><V96/><F92/><W131/><G131/><T119/><D119/><U41/><E84/><V6/><F6/><W19/><G19/><T123/><D123/><U79/><E79/><V115/><F115/><W128/><G128/><T47/><D39/><U103/><E103/><V37/><F43/><W135/><G135/><T46/><REACH who="0" step="1"/><D65/><REACH who="0" ten="240,170,250,330" step="2"/><U55/><REACH who="1" step="1"/><E41/><REACH who="1" ten="240,160,250,330" step="2"/><V117/><F117/><W114/><G114/><T99/><D99/><U75/><E75/><V129/><F129/><W51/><G106/><T16/><D16/><AGARI ba="1,2" hai="16,20,25,36,40,45,50,55,59,60,62,86,90,93" machi="16" ten="30,5800,0" yaku="1,1,7,1,54,1,53,0" doraHai="113" doraHaiUra="0" who="1" fromWho="0" sc="240,-61,160,81,250,0,330,0" /><INIT seed="1,2,0,3,3,75" ten="179,241,250,330" oya="1" hai0="64,34,4,53,40,99,134,13,56,59,96,83,16" hai1="12,26,46,135,114,104,19,41,61,86,110,88,6" hai2="29,76,8,54,107,94,121,129,132,113,63,102,52" hai3="31,20,133,2,5,97,51,126,128,66,9,36,103"/><U112/><E104/><V70/><F121/><W78/><G36/><T27/><D134/><U109/><E135/><V68/><F107/><W119/><G133/><T90/><D40/><U18/><E61/><V108/><F132/><W123/><G123/><T95/><D4/><U38/><E26/><V58/><F108/><N who="1" m="41577" /><E6/><V117/><F117/><W124/><G119/><T98/><D34/><U125/><E125/><N who="3" m="48234" /><G128/><T120/><D120/><U44/><E44/><V22/><F113/><N who="1" m="43625" /><E12/><V39/><F63/><W79/><G66/><T72/><D27/><U122/><E122/><V55/><F129/><W32/><G32/><T89/><D64/><U0/><E0/><V11/><F70/><W37/><G37/><T84/><D72/><U85/><E85/><V82/><F39/><W65/><G65/><T116/><D116/><U14/><E14/><V21/><F68/><W47/><G20/><T77/><D53/><U28/><E28/><V74/><F58/><W49/><G31/><T69/><D69/><U30/><E30/><V57/><F57/><N who="0" m="22090" /><D95/><AGARI ba="2,0" hai="18,19,38,41,46,86,88,95" m="43625,41577" machi="95" ten="30,5800,0" yaku="14,1,10,1,54,1" doraHai="75" who="1" fromWho="0" sc="179,-64,241,64,250,0,330,0" /><INIT seed="1,3,0,4,2,99" ten="115,305,250,330" oya="1" hai0="3,89,57,62,121,90,88,36,111,59,82,41,131" hai1="77,34,95,45,44,29,101,28,20,23,126,48,25" hai2="112,124,74,5,116,33,73,26,91,125,56,64,38" hai3="1,107,93,96,92,113,103,13,19,81,52,2,15"/><U40/><E126/><N who="2" m="48747" /><F38/><W66/><G113/><T84/><D3/><U60/><E77/><V129/><F116/><W14/><G66/><T7/><D7/><U97/><E29/><N who="2" m="19639" /><F112/><W30/><G30/><T122/><D111/><U4/><E4/><V54/><F129/><W123/><G123/><T132/><D131/><U16/><E60/><N who="2" m="37895" /><F5/><W31/><G31/><T105/><D105/><U120/><E120/><N who="0" m="46185" /><D132/><U128/><E128/><V108/><F108/><W70/><G19/><T94/><D59/><U80/><E80/><V32/><F32/><W87/><G70/><T115/><D115/><U106/><E106/><V58/><F91/><N who="0" m="34890" /><D36/><U100/><E44/><V119/><F119/><W53/><G1/><T27/><D27/><N who="1" m="14727" /><E34/><V51/><AGARI ba="3,0" hai="51,54,58,73,74" m="37895,19639,48747" machi="51" ten="30,1100,0" yaku="18,1" doraHai="99" who="2" fromWho="2" sc="115,-6,305,-8,250,20,330,-6" /><INIT seed="2,0,0,0,3,23" ten="109,297,270,324" oya="2" hai0="43,83,96,113,64,52,42,82,41,26,70,67,65" hai1="74,85,132,3,133,21,17,1,57,111,33,106,54" hai2="105,0,100,125,5,86,31,122,92,62,75,97,16" hai3="48,102,78,91,32,79,110,58,118,87,39,7,30"/><V50/><F122/><W77/><G118/><T73/><D113/><U9/><E74/><V66/><F75/><W115/><G39/><T84/><D73/><U101/><E33/><V10/><F125/><W120/><G120/><T109/><D109/><U15/><E111/><V45/><F31/><W69/><G110/><T13/><D70/><U121/><E121/><V22/><F86/><W14/><G69/><T44/><D96/><N who="1" m="61735" /><E85/><V55/><F62/><W90/><G115/><T20/><D13/><U116/><E9/><V27/><REACH who="2" step="1"/><F66/><REACH who="2" ten="109,297,260,324" step="2"/><W95/><G87/><T40/><N who="0" m="10240" /><DORA hai="128" /><T4/><D4/><U129/><E116/><V19/><F19/><W80/><G30/><T51/><REACH who="0" step="1"/><D84/><REACH who="0" ten="99,297,260,324" step="2"/><U108/><E108/><V89/><F89/><W38/><G91/><T63/><D63/><U126/><E126/><V29/><F29/><AGARI ba="0,2" hai="20,26,29,44,51,52,64,65,67,82,83" m="10240" machi="29" ten="50,8000,1" yaku="1,1,8,1,52,1,54,1,53,0" doraHai="23,128" doraHaiUra="117,53" who="0" fromWho="2" sc="99,100,297,0,260,-80,324,0" /><INIT seed="3,0,0,2,5,88" ten="199,297,180,324" oya="3" hai0="102,52,21,66,125,79,59,0,4,2,74,30,16" hai1="96,92,105,117,56,63,103,1,41,86,104,39,33" hai2="101,9,84,106,121,64,61,99,44,80,85,36,76" hai3="24,12,11,34,28,124,89,17,3,69,87,109,51"/><W120/><G120/><T27/><D66/><U53/><E1/><V118/><F118/><W50/><G69/><T47/><D125/><U108/><E117/><V75/><F121/><W107/><G124/><T67/><D102/><U13/><E33/><V31/><F31/><W57/><G107/><T19/><D67/><U62/><E62/><V70/><REACH who="2" step="1"/><F9/><REACH who="2" ten="199,297,170,324" step="2"/><W7/><G11/><T38/><D4/><U55/><E108/><V100/><F100/><W127/><G7/><T78/><D0/><U77/><E13/><V83/><F83/><W60/><G3/><T91/><D2/><U35/><E35/><V82/><F82/><W43/><G109/><T112/><D112/><U5/><E5/><V113/><F113/><W23/><G127/><T48/><D74/><U130/><E130/><V26/><F26/><W42/><G34/><T134/><D134/><U54/><E104/><V95/><F95/><N who="3" m="54719" /><G24/><T90/><D30/><U133/><E133/><V68/><F68/><W114/><G28/><T94/><D19/><U37/><E105/><V72/><F72/><W129/><G114/><T22/><D22/><U111/><E111/><V46/><F46/><W98/><G129/><T131/><D131/><U135/><E135/><V122/><F122/><W115/><G115/><T71/><D71/><U132/><E132/><V128/><F128/><W110/><G110/><T15/><D27/><U49/><E37/><V126/><F126/><W20/><G20/><T32/><D32/><U40/><E39/><V14/><F14/><W45/><G23/><T29/><D29/><U65/><E49/><RYUUKYOKU ba="0,1" sc="199,-15,297,15,170,15,324,-15" hai1="40,41,53,54,55,56,63,65,77,86,92,96,103" hai2="36,44,61,64,70,75,76,80,84,85,99,101,106" owari="184,-31.6,322,42.2,185,-21.5,309,10.9" /></mjloggm>