<mjloggm ver="2.3"><GO type="225" lobby="0"/><UN n0="%E5%AF%82%E5%AF%9E%E3%82%AE%E3%83%8D%E3%82%B9%E3%83%93%E3%83%BC%E3%83%AB" n1="%E3%83%AD%E3%83%83%E3%83%86%E9%9B%80%E7%90%83" n2="%E8%A8%88%E7%AE%97%E6%A9%9F%E8%87%AA%E7%84%B6" n3="%E3%81%B2%E3%81%AA%E3%81%AE%E3%82%8A%E3%81%8F" dan="16,17,17,17" rate="2187.04,2265.58,2224.43,2187.65" sx="M,M,M,M"/><TAIKYOKU oya="0"/><INIT seed="0,0,0,2,3,126" ten="250,250,250,250" oya="0" hai0="93,63,81,83,123,133,60,2,64,135,56,131,115" hai1="79,96,72,85,78,132,3,62,100,26,35,120,31" hai2="134,5,17,87,40,94,99,71,49,112,127,89,68" hai3="30,13,32,0,65,9,22,102,86,77,42,11,39"/><T27/><D115/><U34/><E120/><V46/><F112/><W36/><G102/><T6/><D123/><U59/><E3/><V28/><F127/><W108/><G65/><T20/><D131/><U114/><E132/><N who="0" m="50761" /><D93/><U19/><E114/><V106/><F134/><W122/><G0/><T91/><D91/><U15/><E72/><V66/><F5/><W70/><G70/><T38/><D38/><U57/><E35/><V61/><F28/><W95/><G95/><T130/><D130/><U25/><E25/><V107/><F68/><W23/><G36/><T47/><D47/><U51/><E51/><V29/><F29/><W109/><G30/><N who="0" m="17767" /><D63/><U21/><E85/><V12/><REACH who="2" step="1"/><F99/><REACH who="2" ten="250,250,240,250" step="2"/><W118/><G122/><T75/><D75/><U110/><E96/><V48/><F48/><W55/><G39/><T74/><D74/><U8/><E31/><V43/><F43/><W92/><G42/><T125/><D125/><U14/><E34/><V4/><F4/><W76/><G32/><T10/><AGARI ba="0,1" hai="2,6,10,56,60,64,81,83" m="17767,50761" machi="10" ten="30,1500,0" yaku="20,1" doraHai="126" who="0" fromWho="0" sc="250,25,250,-5,240,-5,250,-5" /><INIT seed="0,1,0,1,4,82" ten="275,245,235,245" oya="0" hai0="14,111,98,26,80,88,92,21,2,56,9,76,122" hai1="86,13,36,66,62,47,123,121,85,129,3,42,31" hai2="48,68,22,45,91,7,37,54,90,74,16,17,53" hai3="27,100,97,29,57,19,35,50,131,93,106,33,113"/><T20/><D122/><U134/><E3/><V15/><F74/><W99/><G113/><T77/><D2/><U70/><E134/><V23/><F68/><W25/><G131/><T126/><D126/><U44/><E129/><V12/><F37/><W79/><G79/><T101/><D111/><U61/><E31/><V30/><F7/><W135/><G135/><T115/><D115/><U103/><E103/><V1/><F1/><W10/><G27/><T78/><D56/><U65/><E13/><V67/><F67/><W108/><G108/><T114/><D114/><U60/><E60/><V102/><F102/><W43/><G10/><T40/><D40/><U75/><E75/><V0/><F0/><W83/><G83/><T127/><D127/><U11/><E11/><V46/><F30/><W32/><G19/><N who="0" m="8655" /><D26/><U69/><REACH who="1" step="1"/><E47/><REACH who="1" ten="275,235,235,245" step="2"/><V59/><F45/><W130/><G130/><T39/><D39/><U84/><AGARI ba="1,1" hai="36,42,44,61,62,65,66,69,70,84,85,86,121,123" machi="84" ten="30,16000,3" yaku="1,1,2,1,0,1,9,1,52,3,53,2" doraHai="82" doraHaiUra="117" who="1" fromWho="1" sc="275,-81,235,173,235,-41,245,-41" /><INIT seed="1,0,0,0,4,107" ten="194,408,194,204" oya="1" hai0="61,22,72,114,96,12,59,51,26,80,92,81,0" hai1="124,86,90,112,103,1,101,108,113,123,30,98,99" hai2="13,43,87,132,27,16,33,120,110,74,116,119,131" hai3="29,14,88,129,126,76,64,95,17,104,38,46,69"/><U73/><E30/><N who="2" m="19679" /><F87/><W118/><G104/><T135/><D114/><U130/><E123/><V111/><F43/><W109/><G109/><N who="2" m="41481" /><F120/><W102/><G129/><T37/><D0/><U54/><E54/><V31/><F131/><W24/><G102/><T44/><D37/><U82/><E99/><V85/><F85/><W60/><G126/><T97/><D135/><U91/><E91/><V53/><F53/><W8/><G118/><N who="2" m="45097" /><F74/><W68/><G76/><T70/><D72/><U128/><E73/><V35/><F132/><W89/><G69/><T50/><D70/><U79/><E90/><V34/><F31/><W23/><REACH who="3" step="1"/><G95/><REACH who="3" ten="194,408,194,194" step="2"/><T66/><D92/><U57/><E103/><V7/><F7/><W42/><AGARI ba="0,1" hai="8,14,17,23,24,29,38,42,46,60,64,68,88,89" machi="42" ten="30,7900,0" yaku="1,1,2,1,0,1,54,1,53,0" doraHai="107" doraHaiUra="106" who="3" fromWho="3" sc="194,-20,408,-39,194,-20,194,89" /><INIT seed="2,0,0,2,2,8" ten="174,369,174,283" oya="2" hai0="105,89,123,45,121,38,2,26,93,90,65,131,56" hai1="108,124,129,109,69,51,88,31,81,39,86,37,100" hai2="70,101,97,78,98,62,44,110,4,82,22,83,102" hai3="64,79,35,103,25,32,96,50,30,33,6,125,15"/><V122/><F122/><W55/><G125/><T27/><D105/><U0/><E124/><V42/><F110/><N who="1" m="42601" /><E129/><V52/><F4/><W10/><G79/><T73/><D73/><U18/><E0/><V106/><F22/><W94/><REACH who="3" step="1"/><G64/><REACH who="3" ten="174,369,174,273" step="2"/><T7/><D65/><U130/><E130/><V112/><F112/><W34/><G34/><T61/><D131/><U63/><E31/><V74/><F70/><W59/><AGARI ba="0,1" hai="6,10,15,25,30,32,33,35,50,55,59,94,96,103" machi="59" ten="20,5200,0" yaku="1,1,0,1,7,1,52,1,53,0" doraHai="8" doraHaiUra="40" who="3" fromWho="3" sc="174,-13,369,-13,174,-26,273,62" /><INIT seed="3,0,0,0,1,71" ten="161,356,148,335" oya="3" hai0="29,106,74,16,129,109,133,85,128,11,34,17,0" hai1="80,45,3,90,23,25,65,20,135,30,113,110,1" hai2="2,42,21,9,14,18,119,32,35,56,76,134,82" hai3="118,49,59,93,27,58,73,38,132,126,131,92,112"/><W101/><G112/><T125/><D74/><U86/><E113/><V98/><F119/><W4/><G118/><T57/><D109/><U116/><E116/><V91/><F134/><W100/><G73/><T95/><D106/><U68/><E110/><V5/><F56/><N who="3" m="21547" /><G38/><T72/><D72/><U81/><E135/><V10/><F42/><W55/><G132/><T47/><D47/><U66/><E81/><V19/><F91/><W54/><G126/><T78/><D125/><U124/><E124/><V83/><F98/><W28/><G4/><N who="0" m="1415" /><D57/><U22/><E45/><V121/><F121/><W114/><G114/><T120/><D120/><U33/><REACH who="1" step="1"/><E68/><REACH who="1" ten="161,346,148,335" step="2"/><V130/><F130/><W115/><G131/><T105/><D133/><U12/><E12/><V67/><F67/><AGARI ba="0,1" hai="1,3,20,22,23,25,30,33,65,66,67,80,86,90" machi="67" ten="40,2600,0" yaku="1,1,53,1" doraHai="71" doraHaiUra="79" who="1" fromWho="2" sc="161,0,346,36,148,-26,335,0" owari="161,-23.9,382,48.2,122,-37.8,335,13.5" /></mjloggm>