<mjloggm ver="2.3"><GO type="225" lobby="0"/><UN n0="%E3%83%87%E3%83%A9%E3%82%B3%E3%83%83%E3%82%B3" n1="%6D%75%75%6D%75%72%61" n2="%E3%81%B2%E3%81%BE%E3%81%A4%E3%81%B6%E3%81%97" n3="%E5%8F%AF%E5%85%90%E9%82%A3%E7%94%B1%E5%A4%9A" dan="16,17,16,17" rate="2191.45,2209.01,2165.94,2211.06" sx="M,F,M,F"/><TAIKYOKU oya="0"/><INIT seed="0,0,0,2,4,40" ten="250,250,250,250" oya="0" hai0="60,132,57,83,84,82,129,77,63,94,114,90,81" hai1="21,112,100,62,27,33,108,93,73,75,109,22,125" hai2="87,70,13,102,107,16,105,103,39,97,121,0,20" hai3="23,10,71,31,85,58,79,18,67,55,91,8,35"/><T124/><D114/><U3/><E3/><V131/><F121/><W86/><G71/><T74/><D132/><U88/><E112/><V115/><F115/><W92/><G67/><T89/><D124/><U19/><E125/><V12/><F131/><W118/><G31/><T15/><D129/><U34/><E100/><V96/><F0/><W30/><G30/><T51/><D90/><U46/><E62/><V17/><F70/><W99/><G35/><N who="1" m="13322" /><E22/><V26/><F39/><W43/><G43/><T50/><D60/><U7/><E7/><V52/><F87/><N who="3" m="33291" /><G79/><T120/><D120/><U98/><E46/><V59/><F17/><W56/><G118/><T1/><D1/><U32/><N who="1" m="13330" /><U61/><DORA hai="78" /><E61/><AGARI ba="0,0" hai="12,13,16,20,26,52,59,61,96,97,102,103,105,107" machi="61" ten="30,7700,0" yaku="7,1,9,1,54,2" doraHai="40,78" who="2" fromWho="1" sc="250,0,250,-77,250,77,250,0" /><INIT seed="1,0,0,4,2,40" ten="250,173,327,250" oya="1" hai0="74,4,69,126,44,57,89,39,71,95,32,97,68" hai1="82,76,53,2,96,111,46,65,41,17,21,33,119" hai2="77,106,75,83,94,88,7,90,11,125,22,23,42" hai3="26,48,78,117,0,30,63,112,55,101,24,52,37"/><U51/><E119/><V25/><F125/><W43/><G112/><T15/><D32/><U49/><E33/><V124/><F124/><W110/><G0/><T92/><D126/><U81/><E2/><V27/><F106/><W20/><G110/><T66/><D74/><U62/><E111/><V36/><F94/><W31/><G117/><T50/><D95/><U28/><E96/><V73/><F75/><W59/><G101/><T38/><D66/><U116/><E116/><V122/><F122/><W35/><G37/><T8/><REACH who="0" step="1"/><D57/><REACH who="0" ten="240,173,327,250" step="2"/><U130/><E130/><V100/><F73/><W103/><G103/><T86/><D86/><U129/><E129/><V16/><F100/><W128/><G128/><T80/><D80/><U72/><E81/><V12/><F83/><W13/><G78/><T118/><D118/><U123/><E123/><V120/><F120/><W58/><G35/><T135/><D135/><U105/><E105/><V56/><F77/><W14/><G59/><T104/><D104/><U114/><E114/><V5/><F56/><W18/><G58/><T19/><D19/><U115/><E115/><V133/><F16/><W134/><G134/><T60/><D60/><U107/><E107/><V85/><F85/><W99/><G63/><T91/><D91/><U79/><E79/><V10/><F90/><W9/><G99/><T3/><D3/><U84/><E72/><V127/><F88/><W54/><G18/><T98/><D98/><U87/><E62/><V34/><F34/><N who="3" m="20807" /><G9/><T102/><D102/><U47/><E65/><V6/><F133/><W108/><G108/><RYUUKYOKU ba="0,1" sc="240,15,173,-15,327,-15,250,15" hai0="4,8,15,38,39,44,50,68,69,71,89,92,97" hai3="13,14,20,26,31,43,48,52,54,55" /><INIT seed="2,1,1,3,0,10" ten="255,158,312,265" oya="2" hai0="51,30,88,55,29,82,20,60,59,67,46,85,40" hai1="100,131,72,79,49,61,73,50,45,89,1,36,47" hai2="127,21,128,101,95,39,116,63,97,32,110,114,123" hai3="108,99,41,109,132,118,75,126,69,96,13,18,2"/><V34/><F39/><W16/><G118/><T9/><D20/><U64/><E36/><V76/><F76/><W130/><G2/><T68/><REACH who="0" step="1"/><D9/><REACH who="0" ten="245,158,312,265" step="2"/><U125/><E131/><V111/><F21/><W84/><G130/><T94/><D94/><U11/><E125/><V104/><F95/><W48/><G126/><T26/><D26/><U5/><E1/><V31/><F127/><W78/><G108/><T86/><D86/><U52/><E11/><V122/><F111/><W23/><G84/><T0/><D0/><U33/><E33/><V98/><F34/><W80/><G109/><T70/><D70/><U74/><E5/><V4/><F110/><W93/><G69/><T77/><D77/><U19/><E74/><V17/><F32/><W92/><G92/><T112/><D112/><U90/><E73/><V42/><F114/><W107/><G93/><T91/><D91/><U103/><E72/><V134/><F128/><W87/><G75/><T14/><D14/><U121/><E121/><V25/><F123/><W81/><G78/><T115/><D115/><U124/><E79/><V119/><F25/><W71/><G71/><T117/><D117/><U15/><E124/><V102/><F119/><W38/><G87/><T6/><D6/><U83/><E83/><V57/><F4/><W105/><G81/><T28/><D28/><U120/><E120/><V37/><F31/><W3/><G80/><T56/><D56/><N who="1" m="36903" /><E90/><V22/><F122/><W35/><G3/><T53/><D53/><N who="1" m="29871" /><E89/><V7/><F116/><W135/><G35/><T58/><D58/><U62/><E62/><AGARI ba="1,2" hai="29,30,40,46,51,55,59,60,62,67,68,82,85,88" machi="62" ten="30,8000,1" yaku="1,1,6,1,7,1,54,1,53,1" doraHai="10" doraHaiUra="44" who="0" fromWho="1" sc="245,103,158,-83,312,0,265,0" /><INIT seed="3,0,0,1,5,113" ten="348,75,312,265" oya="3" hai0="40,60,129,11,92,57,9,33,34,106,75,104,67" hai1="71,110,13,5,28,102,114,78,7,26,29,6,117" hai2="74,15,131,8,39,38,118,20,99,44,107,85,51" hai3="87,132,128,98,19,123,35,125,24,43,121,50,91"/><W46/><G125/><T32/><D75/><U93/><E71/><V1/><F74/><W37/><G128/><T36/><D129/><U58/><E78/><V135/><F131/><W73/><G73/><T82/><D82/><U66/><E58/><V111/><F1/><W133/><G98/><T65/><D65/><U80/><E66/><V72/><F72/><W94/><G37/><T56/><D56/><U119/><E80/><V52/><F135/><N who="3" m="51787" /><G19/><T22/><D22/><U3/><E93/><V4/><F111/><W130/><G130/><T101/><D92/><U23/><E102/><V25/><F85/><W10/><G10/><T53/><D67/><U120/><E114/><V45/><F45/><W127/><G127/><T115/><D115/><U79/><E79/><V97/><F118/><W27/><G35/><T16/><D101/><U31/><E110/><V89/><F99/><W21/><G21/><T77/><D77/><U116/><E120/><AGARI ba="0,0" hai="24,27,43,46,50,87,91,94,120,121,123" m="51787" machi="120" ten="30,1500,0" yaku="20,1" doraHai="113" who="3" fromWho="1" sc="348,0,75,-15,312,0,265,15" /><INIT seed="3,1,0,3,5,37" ten="348,60,312,280" oya="3" hai0="31,67,61,51,45,32,54,27,123,12,132,104,38" hai1="89,115,4,126,47,127,120,0,57,9,3,122,14" hai2="48,68,73,64,97,36,107,19,11,103,111,17,90" hai3="81,106,7,39,5,10,66,74,50,8,121,30,2"/><W53/><G121/><T128/><D123/><U125/><E57/><V6/><F111/><W133/><G106/><T24/><D104/><U112/><E89/><V98/><F36/><W119/><G119/><T100/><D100/><U40/><E47/><V72/><F68/><W94/><G39/><T69/><D132/><U44/><E44/><V63/><F63/><W79/><G133/><T78/><D128/><U80/><E80/><V46/><F64/><W85/><G66/><T25/><D78/><U124/><N who="1" m="31744" /><DORA hai="62" /><U26/><E40/><V13/><F73/><W116/><G116/><T41/><D12/><U134/><E134/><V96/><F72/><W77/><G30/><T65/><D65/><U71/><E71/><V23/><F90/><W56/><G77/><T35/><D35/><U33/><E122/><V118/><F118/><W1/><G94/><T92/><D92/><U34/><E120/><V76/><F76/><W93/><REACH who="3" step="1"/><G93/><REACH who="3" ten="348,60,312,270" step="2"/><T28/><D28/><U43/><E43/><V87/><F87/><AGARI ba="1,1" hai="1,2,5,7,8,10,50,53,56,74,79,81,85,87" machi="87" ten="40,7700,0" yaku="1,1,2,1,9,1,53,0" doraHai="37,62" doraHaiUra="129,113" who="3" fromWho="2" sc="348,0,60,0,312,-80,270,90" owari="348,14.8,60,-44.0,232,-16.8,360,46.0" /></mjloggm>