<mjloggm ver="2.3"><GO type="225" lobby="0"/><UN n0="%E3%83%94%E3%83%B3%E3%82%B5%E3%83%AD%E5%BA%97%E5%93%A1" n1="%E6%A1%9C%E8%8A%B1%E9%96%83%E3%80%85" n2="%E3%81%BF%E3%81%BF%E3%81%9A" n3="%E3%81%95%E3%81%8D%E3%81%9F%E3%81%BE%E6%9E%97%E6%AA%8E" dan="16,16,18,16" rate="2212.89,2188.99,2246.42,2042.30" sx="M,M,M,M"/><TAIKYOKU oya="0"/><INIT seed="0,0,0,4,0,76" ten="250,250,250,250" oya="0" hai0="11,14,52,131,111,101,19,84,119,78,130,83,56" hai1="4,71,27,67,79,89,70,46,62,26,22,30,105" hai2="100,33,45,10,58,104,5,72,110,34,9,109,121" hai3="75,38,132,80,69,124,0,118,16,86,36,2,18"/><T65/><D119/><U3/><E105/><V39/><F121/><W129/><G124/><T135/><D135/><U96/><E71/><V60/><F72/><W43/><G118/><T50/><D111/><N who="2" m="42506" /><F100/><W49/><G69/><T59/><REACH who="0" step="1"/><D101/><REACH who="0" ten="240,250,250,250" step="2"/><U29/><E29/><V24/><F104/><W63/><G132/><T53/><D53/><U42/><E30/><N who="2" m="19655" /><F34/><W25/><G129/><T23/><D23/><U47/><E22/><V126/><F126/><W6/><G43/><T90/><D90/><U117/><E42/><N who="2" m="22751" /><F5/><W17/><G6/><T113/><D113/><U1/><E4/><V54/><AGARI ba="0,1" hai="9,10,54,58,60" m="22751,19655,42506" machi="54" ten="30,1100,0" yaku="14,1" doraHai="76" who="2" fromWho="2" sc="240,-5,250,-3,250,21,250,-3" /><INIT seed="1,0,0,3,3,63" ten="235,247,271,247" oya="1" hai0="131,103,42,41,10,75,121,101,34,130,54,87,95" hai1="110,77,81,99,7,57,67,89,70,105,5,35,46" hai2="94,19,4,69,60,25,31,122,43,52,82,91,118" hai3="38,135,119,47,28,96,126,72,125,116,36,17,78"/><U90/><E70/><V74/><F118/><N who="3" m="45099" /><G28/><T65/><D75/><U58/><E35/><V104/><F122/><W56/><G17/><T1/><D34/><U33/><E33/><V14/><F104/><W129/><G129/><N who="0" m="49163" /><D121/><U62/><E110/><V117/><F117/><W71/><G71/><T64/><D54/><U128/><E128/><V76/><F43/><N who="0" m="16394" /><D87/><U18/><E46/><V127/><F4/><W84/><G72/><T29/><D29/><U106/><E106/><V8/><F127/><N who="3" m="48651" /><G135/><T11/><D95/><U132/><E132/><V15/><F31/><W53/><G96/><T55/><D55/><U80/><E18/><V85/><F8/><N who="0" m="3114" /><D1/><U23/><E5/><V3/><F3/><W114/><G114/><T2/><D2/><U39/><E7/><V59/><F69/><W102/><G47/><T123/><D123/><U40/><E99/><N who="2" m="57823" /><F74/><W86/><G38/><T12/><D12/><U0/><E39/><V83/><F82/><N who="3" m="47191" /><G36/><T115/><D115/><U120/><E0/><V100/><F100/><AGARI ba="0,0" hai="64,65,100,101,103" m="3114,16394,49163" machi="100" ten="30,8000,1" yaku="28,2,19,1,52,2" doraHai="63" who="0" fromWho="2" sc="235,80,247,0,271,-80,247,0" /><INIT seed="2,0,0,2,3,125" ten="315,247,191,247" oya="2" hai0="106,71,133,38,41,43,75,81,88,54,39,74,27" hai1="114,47,129,130,25,122,100,7,121,103,50,55,89" hai2="78,70,101,87,84,79,18,48,15,124,107,36,56" hai3="6,76,116,52,26,34,22,95,128,69,45,29,80"/><V31/><F124/><W20/><G116/><T132/><D106/><U58/><E114/><V8/><F36/><N who="0" m="13866" /><D71/><U30/><E7/><V35/><F70/><W120/><G120/><N who="1" m="46186" /><E89/><V96/><F35/><W10/><G69/><T123/><D123/><U64/><E64/><V28/><F87/><W61/><G95/><T62/><D27/><U12/><E12/><V66/><F48/><W93/><G93/><T90/><D54/><U72/><E72/><N who="0" m="27689" /><D62/><U14/><E14/><V113/><F113/><W9/><G9/><T11/><D11/><U32/><E58/><V49/><F49/><W111/><G45/><T0/><D0/><U21/><E32/><V109/><F109/><W127/><G34/><T98/><D98/><U59/><E59/><V44/><F44/><W82/><G111/><T16/><D16/><U99/><E103/><V63/><REACH who="2" step="1"/><F84/><REACH who="2" ten="315,247,181,247" step="2"/><W65/><G127/><T4/><D81/><U40/><E40/><N who="0" m="15433" /><D4/><U51/><E51/><V57/><F57/><W135/><G82/><T119/><D119/><U68/><E68/><V108/><F108/><W5/><G6/><T134/><AGARI ba="0,1" hai="88,90,132,133,134" m="15433,27689,13866" machi="134" ten="40,8000,1" yaku="28,2,20,1,54,1" doraHai="125" who="0" fromWho="0" sc="315,90,247,-20,181,-40,247,-20" /><INIT seed="3,0,0,4,1,31" ten="405,227,141,227" oya="3" hai0="96,39,110,36,99,2,88,56,42,109,126,120,24" hai1="114,46,7,81,128,83,38,19,59,32,65,131,25" hai2="1,94,85,70,51,98,90,69,95,21,71,87,34" hai3="112,27,111,35,74,67,18,12,92,22,3,118,54"/><W106/><G112/><T82/><D120/><U72/><E114/><V63/><F1/><W75/><G118/><T17/><D2/><U79/><E7/><V130/><F130/><N who="1" m="49705" /><E83/><V104/><F51/><W84/><G106/><T45/><D39/><U44/><E38/><V40/><F40/><W103/><G67/><T37/><D37/><U58/><E32/><V13/><F63/><W124/><G124/><T29/><D17/><U48/><E65/><V127/><F127/><W8/><G54/><T6/><D6/><U62/><E62/><V50/><F50/><W41/><G41/><T77/><D56/><N who="1" m="21547" /><E48/><V49/><F49/><W15/><G15/><T5/><D99/><U122/><E122/><V93/><F104/><W9/><G9/><T80/><D24/><U105/><E105/><V135/><F135/><W125/><G125/><T57/><D29/><U101/><E101/><V113/><F113/><W60/><G60/><T23/><D23/><AGARI ba="0,0" hai="19,23,25,44,46,72,79,81" m="21547,49705" machi="23" ten="30,1000,0" yaku="19,1" doraHai="31" who="1" fromWho="0" sc="405,-10,227,10,141,0,227,0" owari="395,49.5,237,3.7,141,-35.9,227,-17.3" /></mjloggm>