<mjloggm ver="2.3"><GO type="225" lobby="0"/><UN n0="%E6%97%A5%E6%9B%9C%E6%97%A5%E3%82%88%E3%82%8A%E3%81%AE%E4%BD%BF%E8%80%85" n1="%E3%82%A2%E3%83%A1%E3%82%A2%E3%83%A9%E3%83%AC" n2="%72%69%6F%75%63%68%61%6E" n3="%E3%81%95%E3%81%8D%E3%81%9F%E3%81%BE%E6%9E%97%E6%AA%8E" dan="16,16,16,16" rate="2092.66,2148.22,2170.22,2051.70" sx="M,M,M,M"/><TAIKYOKU oya="0"/><INIT seed="0,0,0,3,3,58" ten="250,250,250,250" oya="0" hai0="91,117,127,39,15,54,28,56,33,57,31,17,42" hai1="34,13,21,66,124,126,82,93,85,114,115,18,96" hai2="92,9,106,40,5,49,102,52,112,25,109,2,113" hai3="55,97,128,122,0,111,36,43,44,61,23,103,121"/><T125/><D117/><U133/><E133/><V63/><F109/><W123/><G111/><T98/><D42/><U19/><E34/><V89/><F106/><W75/><G75/><T86/><D39/><U3/><E3/><V50/><F102/><W16/><G0/><T74/><D74/><U84/><E66/><V132/><F132/><W67/><G128/><T79/><D79/><N who="1" m="46175" /><E19/><V45/><F25/><W35/><G35/><T119/><D98/><U107/><E85/><V118/><F118/><W90/><G90/><T88/><D119/><U6/><E6/><V46/><REACH who="2" step="1"/><F63/><REACH who="2" ten="250,250,240,250" step="2"/><W87/><G123/><T60/><D127/><N who="1" m="48683" /><E107/><V27/><F27/><N who="3" m="14823" /><G122/><T76/><D125/><U51/><E51/><V83/><F83/><W71/><G121/><T11/><D33/><U95/><E95/><V24/><F24/><W12/><G103/><AGARI ba="0,1" hai="13,18,21,93,96,103,114,115" m="48683,46175" machi="103" ten="30,1000,0" yaku="18,1" doraHai="58" who="1" fromWho="3" sc="250,0,250,20,240,0,250,-10" /><INIT seed="1,0,0,0,4,10" ten="250,270,240,240" oya="1" hai0="30,50,60,9,40,86,34,5,20,72,41,25,32" hai1="57,133,98,27,81,102,100,46,103,67,61,119,64" hai2="26,29,31,19,62,75,3,35,106,126,43,13,115" hai3="33,82,39,112,125,8,47,93,95,6,101,91,80"/><U123/><E133/><V36/><F106/><W55/><G112/><T0/><D72/><U77/><E119/><V53/><F115/><W74/><G125/><T11/><D60/><U105/><E123/><V121/><F126/><W104/><G33/><T4/><D86/><U18/><E67/><V23/><F121/><W15/><G104/><T97/><D97/><U122/><E122/><V84/><F75/><W44/><G39/><T17/><D50/><U52/><E46/><N who="3" m="17450" /><G74/><T114/><D114/><U68/><E27/><V79/><F36/><W63/><G101/><T135/><D135/><U2/><E18/><V96/><F43/><W70/><G70/><T131/><D131/><U21/><E21/><V130/><F130/><W54/><G95/><T42/><REACH who="0" step="1"/><D30/><REACH who="0" ten="240,270,240,240" step="2"/><U89/><E89/><V37/><F29/><W120/><G120/><T134/><D134/><U38/><E38/><V128/><F37/><W118/><G118/><T51/><D51/><U127/><E127/><V113/><F113/><W87/><G63/><T90/><D90/><U117/><E117/><V129/><F96/><N who="3" m="57407" /><G82/><T124/><D124/><U22/><E81/><N who="2" m="47167" /><F129/><W99/><G99/><T108/><D108/><U69/><E98/><V12/><F128/><W110/><G110/><T94/><D94/><U116/><E116/><V28/><F28/><W111/><G111/><T85/><D85/><U14/><E105/><V58/><F3/><AGARI ba="0,1" hai="0,3,4,5,9,11,17,20,25,32,34,40,41,42" machi="3" ten="40,2600,0" yaku="1,1,9,1,53,0" doraHai="10" doraHaiUra="56" who="0" fromWho="2" sc="240,36,270,0,240,-26,240,0" /><INIT seed="2,0,0,1,4,94" ten="276,270,214,240" oya="2" hai0="38,53,37,97,86,67,91,26,32,50,58,8,118" hai1="65,111,74,51,117,52,123,1,107,135,48,110,80" hai2="56,83,101,33,102,5,131,99,12,43,73,128,66" hai3="96,60,46,108,76,14,49,133,132,103,134,85,40"/><V35/><F43/><W0/><G0/><T98/><D118/><U95/><E117/><V104/><F102/><W42/><G108/><N who="1" m="41514" /><E107/><V39/><F39/><W129/><G129/><N who="2" m="49737" /><F66/><W70/><G42/><T125/><D125/><U59/><E1/><V115/><F115/><W57/><G70/><T19/><D38/><U121/><E65/><V54/><F73/><W16/><G85/><T78/><D37/><U9/><E135/><V17/><F5/><W89/><G89/><T120/><D120/><N who="1" m="46155" /><E9/><N who="2" m="6287" /><F83/><W90/><G90/><T105/><D105/><U25/><E95/><V127/><F127/><W63/><G76/><T79/><D79/><N who="1" m="44151" /><E25/><V88/><F88/><W31/><G31/><T106/><D106/><U4/><E4/><V72/><F72/><W22/><G57/><T30/><D78/><U122/><N who="1" m="46163" /><U124/><DORA hai="47" /><E124/><V36/><F36/><W28/><G28/><T112/><D67/><U23/><E23/><V126/><F126/><W116/><G116/><T68/><D112/><U27/><E27/><V55/><F56/><W6/><G6/><T18/><D68/><U41/><E41/><V75/><F75/><W109/><G109/><T82/><REACH who="0" step="1"/><D8/><REACH who="0" ten="266,270,214,240" step="2"/><U84/><E84/><V13/><F13/><W87/><G87/><T119/><D119/><U114/><E114/><V24/><F24/><W77/><G77/><T61/><D61/><AGARI ba="0,1" hai="48,51,52,59,61" m="44151,46163,41514" machi="61" ten="40,8000,1" yaku="14,1,13,1,52,2,54,1" doraHai="94,47" who="1" fromWho="0" sc="266,-80,270,90,214,0,240,0" /><INIT seed="3,0,0,5,0,19" ten="186,360,214,240" oya="3" hai0="56,26,40,91,131,111,70,6,33,85,32,88,34" hai1="55,106,94,117,120,87,135,30,100,80,105,93,90" hai2="25,84,22,21,65,4,113,68,101,69,23,31,64" hai3="16,108,1,116,41,3,44,97,49,130,10,39,119"/><W52/><G130/><T71/><D131/><U54/><E30/><V76/><F113/><W17/><G108/><T107/><D107/><N who="1" m="40971" /><E54/><V74/><F74/><W42/><G42/><T112/><D112/><U43/><E55/><V62/><F101/><W99/><G99/><T124/><D111/><U129/><E43/><V104/><F104/><W37/><G97/><T45/><D124/><U35/><E35/><V78/><F4/><W5/><G3/><T127/><D127/><U14/><E14/><V38/><F38/><W81/><G81/><T66/><D6/><U15/><E15/><V51/><F51/><W92/><G92/><T134/><D134/><U77/><E129/><V128/><F128/><W47/><REACH who="3" step="1"/><G39/><REACH who="3" ten="186,360,214,230" step="2"/><T126/><D126/><U79/><E135/><V75/><F75/><W122/><G122/><T96/><D96/><N who="1" m="59407" /><E120/><V7/><F84/><W20/><G20/><T73/><D73/><N who="1" m="43055" /><E79/><V125/><F125/><W61/><G61/><T67/><D34/><U115/><E115/><V57/><F78/><W72/><G72/><T53/><D33/><U123/><E123/><V103/><F76/><W48/><G48/><T9/><D40/><U2/><E2/><V29/><F22/><W46/><G46/><T36/><D45/><U8/><E8/><V63/><F103/><W118/><AGARI ba="0,1" hai="1,5,10,16,17,37,41,44,47,49,52,116,118,119" machi="118" ten="30,11700,0" yaku="1,1,0,1,54,2,53,0" doraHai="19" doraHaiUra="102" who="3" fromWho="3" sc="186,-39,360,-39,214,-39,230,127" owari="147,-35.3,321,12.1,175,-22.5,357,45.7" /></mjloggm>