<mjloggm ver="2.3"><GO type="225" lobby="0"/><UN n0="%E6%A1%9C%E8%8A%B1%E9%96%83%E3%80%85" n1="%E6%98%93%E5%88%A9%E8%96%A9%E4%BC%AF" n2="%E3%82%B7%E3%83%B3%E5%A4%AA%E6%9C%97" n3="%45%6C%79%73%69%75%6D" dan="18,16,16,18" rate="2245.12,2127.47,2127.99,2175.75" sx="M,F,M,F"/><TAIKYOKU oya="0"/><INIT seed="0,0,0,3,4,58" ten="250,250,250,250" oya="0" hai0="38,72,64,89,107,111,83,57,112,49,104,101,2" hai1="46,105,82,123,128,24,110,56,63,18,62,130,43" hai2="121,78,134,30,131,50,117,41,93,67,8,16,3" hai3="31,10,52,108,54,68,14,85,84,109,90,32,126"/><T29/><D112/><U13/><E105/><V17/><F121/><W60/><G31/><T39/><D2/><U73/><E123/><V4/><F117/><W51/><G32/><T102/><D29/><U127/><E110/><N who="3" m="42602" /><G126/><T120/><D111/><U23/><E127/><V124/><F124/><W116/><G116/><T42/><D120/><U95/><E95/><V97/><F134/><W92/><G84/><T26/><D26/><U87/><E73/><V59/><F78/><W55/><G68/><T132/><D101/><U7/><E56/><V81/><F81/><W91/><G91/><T96/><D104/><U94/><E94/><V76/><F76/><W74/><G74/><T100/><D100/><U19/><E7/><V37/><F30/><W36/><G36/><T25/><D89/><U44/><E44/><V115/><F115/><W15/><G15/><T40/><D25/><U22/><E87/><V86/><F86/><W88/><G90/><T103/><D103/><U99/><E99/><V11/><F37/><N who="0" m="13834" /><D132/><U20/><E20/><V129/><F8/><W6/><G51/><T135/><D49/><N who="1" m="26847" /><E82/><V118/><F118/><W66/><G66/><T12/><D135/><U133/><E133/><V113/><F113/><W28/><G28/><T122/><D122/><U70/><E70/><V0/><F0/><W35/><G35/><T98/><D98/><U114/><E114/><V45/><F17/><W75/><G75/><T33/><D33/><U21/><E21/><V125/><F16/><W9/><G10/><T80/><D72/><U106/><E106/><V47/><F125/><RYUUKYOKU ba="0,0" sc="250,-15,250,15,250,-15,250,15" hai1="13,18,19,22,23,24,62,63,128,130" hai3="6,9,14,52,54,55,60,85,88,92" /><INIT seed="1,1,0,2,5,18" ten="235,265,235,265" oya="1" hai0="66,131,14,28,112,42,4,70,31,75,94,32,105" hai1="23,38,34,40,24,116,44,51,47,97,57,81,88" hai2="52,12,7,5,3,41,115,72,89,113,122,123,13" hai3="109,67,54,58,45,121,110,65,118,82,90,9,133"/><U2/><E2/><V98/><F72/><W111/><G121/><N who="2" m="46089" /><F41/><W22/><G133/><T0/><D105/><U48/><E116/><V59/><F3/><W129/><G118/><T8/><D42/><U15/><E34/><V68/><F68/><W39/><G129/><T74/><D94/><N who="1" m="56519" /><E38/><V25/><F25/><W117/><G117/><T103/><D103/><U11/><E57/><V106/><F106/><W127/><G127/><T6/><D6/><N who="2" m="2058" /><F113/><W95/><G9/><T93/><D8/><U35/><E35/><V100/><F100/><W78/><G45/><N who="1" m="17482" /><E40/><V30/><F115/><W21/><G39/><T64/><D32/><U80/><E15/><V62/><F30/><W96/><G65/><T135/><D64/><U26/><E26/><V91/><F13/><W56/><G67/><T86/><D14/><U27/><E27/><V63/><F12/><W17/><G58/><T114/><D70/><U61/><E61/><V102/><F63/><N who="3" m="36247" /><G17/><T53/><D114/><U10/><E10/><V119/><F119/><W132/><G132/><T43/><D135/><U79/><E11/><V84/><F62/><W60/><G60/><T69/><D112/><U71/><E71/><V107/><F84/><AGARI ba="1,0" hai="21,22,78,82,84,90,95,96,109,110,111" m="36247" machi="84" ten="30,3900,0" yaku="14,1,52,2" doraHai="18" who="3" fromWho="2" sc="235,0,265,0,235,-42,265,42" /><INIT seed="2,0,0,5,1,105" ten="235,265,193,307" oya="2" hai0="60,49,26,9,35,88,3,10,54,21,80,69,39" hai1="20,33,28,126,86,8,132,45,38,133,50,124,120" hai2="53,99,100,67,130,87,65,114,134,40,43,98,127" hai3="41,32,123,109,92,55,31,1,62,83,91,71,27"/><V117/><F114/><W42/><G123/><T135/><D35/><U36/><E33/><V119/><F127/><N who="1" m="48681" /><E86/><V104/><F130/><W125/><G125/><T0/><D39/><N who="1" m="14891" /><E8/><V108/><F108/><W129/><G1/><T4/><D135/><N who="1" m="51787" /><E20/><V63/><F134/><W17/><G129/><T115/><D9/><U34/><E28/><V73/><F73/><W64/><G109/><T22/><D0/><U46/><E34/><V113/><F113/><W23/><G55/><T74/><D26/><U29/><E29/><V66/><F87/><W2/><G83/><T82/><D82/><U106/><E106/><V101/><F117/><W44/><G2/><T48/><D22/><U93/><E93/><V13/><F13/><W121/><G31/><T112/><D21/><U97/><E97/><V6/><F6/><W131/><G23/><T81/><D81/><U76/><E76/><V77/><F77/><W61/><G32/><T15/><D15/><U103/><E103/><V110/><F110/><W37/><G27/><T111/><D111/><U16/><E16/><V11/><F11/><W19/><G92/><T25/><D25/><U57/><E120/><V128/><F119/><W59/><G17/><T96/><D115/><U72/><E72/><V47/><F128/><W58/><G131/><T118/><D112/><U68/><E68/><V89/><F89/><W12/><G91/><T79/><D88/><U94/><E94/><N who="2" m="58455" /><F47/><N who="3" m="23983" /><G121/><T7/><D79/><U30/><E30/><V102/><F102/><W78/><G78/><T95/><D95/><U116/><E116/><V14/><F14/><RYUUKYOKU ba="0,0" sc="235,-15,265,15,193,15,307,-15" hai1="45,46,50,57" hai2="40,43,53,63,65,66,67,99,101,104" /><INIT seed="2,1,0,2,1,65" ten="220,280,208,292" oya="2" hai0="127,118,90,26,19,10,17,8,79,24,34,93,45" hai1="112,12,97,46,16,99,13,76,104,59,124,87,82" hai2="115,78,108,54,64,14,89,61,122,1,7,11,103" hai3="129,116,60,2,86,101,6,15,98,135,29,50,0"/><V119/><F122/><W30/><G116/><T94/><D118/><U58/><E112/><V131/><F119/><W28/><G129/><T63/><D127/><U22/><E124/><V110/><F115/><W95/><G135/><T92/><D79/><U69/><E69/><N who="2" m="42127" /><F78/><W111/><G50/><T120/><D120/><U67/><E46/><V23/><F103/><W85/><G60/><T53/><D34/><U132/><E132/><V56/><F89/><W114/><G15/><T38/><D90/><U91/><E67/><V113/><F113/><W88/><G86/><T49/><D38/><U57/><E104/><V123/><F123/><W117/><G117/><T80/><D80/><U134/><E134/><V41/><F131/><W31/><G114/><T47/><D63/><U133/><E133/><V73/><F73/><W37/><G37/><T107/><D107/><U100/><E100/><V4/><F4/><W72/><G72/><T126/><D126/><U81/><REACH who="1" step="1"/><E13/><REACH who="1" ten="220,270,208,292" step="2"/><V68/><F68/><W35/><G35/><T32/><D32/><U21/><E21/><V66/><F66/><W84/><G101/><T109/><D47/><U44/><E44/><V18/><F41/><W130/><G130/><T70/><D70/><U96/><E96/><V62/><F110/><W52/><G111/><T74/><D109/><U128/><E128/><V106/><F108/><W25/><G98/><T27/><D74/><AGARI ba="1,1" hai="12,16,22,57,58,59,74,76,81,82,87,91,97,99" machi="74" ten="40,5200,0" yaku="1,1,54,1,53,1" doraHai="65" doraHaiUra="83" who="1" fromWho="0" sc="220,-55,270,65,208,0,292,0" /><INIT seed="3,0,0,4,0,131" ten="165,335,208,292" oya="3" hai0="48,68,26,59,126,50,28,11,57,37,121,67,34" hai1="55,73,76,21,89,91,94,107,3,134,112,54,7" hai2="41,51,27,101,9,65,35,16,103,114,75,132,40" hai3="45,39,22,102,1,124,20,53,85,33,118,122,4"/><W29/><G118/><T56/><D121/><U116/><E107/><V46/><F75/><W62/><G122/><T52/><D126/><U5/><E112/><V23/><F114/><W135/><G124/><T79/><D37/><U98/><E134/><V117/><F117/><W77/><G135/><T90/><D79/><U92/><E3/><V42/><F65/><W125/><G102/><T81/><D11/><U47/><E76/><V88/><F132/><W70/><G125/><T123/><D123/><U2/><E2/><V82/><F35/><W69/><G33/><T0/><D0/><U66/><E66/><V106/><F106/><W30/><G20/><T130/><D130/><U14/><E47/><V15/><F101/><W36/><G36/><T31/><D31/><U10/><E73/><V133/><F103/><W104/><G104/><T109/><D109/><U80/><E80/><V83/><F83/><W128/><G128/><T25/><D25/><U115/><E21/><V110/><F110/><W95/><G22/><T32/><D32/><U113/><E116/><V17/><F133/><W13/><G1/><T18/><D18/><U61/><E7/><V12/><F27/><W71/><G29/><T129/><D129/><U127/><E127/><V105/><F105/><W96/><G30/><T49/><D68/><U100/><E100/><V108/><F108/><W38/><G69/><T60/><REACH who="0" step="1"/><D67/><REACH who="0" ten="155,335,208,292" step="2"/><U93/><E113/><V64/><F64/><N who="3" m="41239" /><G71/><T119/><D119/><U72/><E115/><V99/><F82/><N who="3" m="47311" /><G38/><T19/><D19/><U111/><E111/><V87/><F17/><RYUUKYOKU ba="0,1" sc="155,30,335,-10,208,-10,292,-10" hai0="26,28,34,48,49,50,52,56,57,59,60,81,90" owari="185,-31.5,335,43.5,198,-20.2,282,8.2" /></mjloggm>