<mjloggm ver="2.3"><GO type="225" lobby="0"/><UN n0="%E3%81%A8%E3%82%89%E3%81%84%E3%81%A1" n1="%E9%A2%A8%E3%81%A7%E9%B3%B4%E3%81%8F" n2="%E3%81%A8%E3%82%93%E3%81%A8%E3%81%93%E3%81%A8%E3%82%93" n3="%E3%82%A2%E3%82%A4%E3%82%B9%E3%83%86%E3%82%A3%E3%83%BC%E3%81%82%E3%81%B9" dan="16,16,16,16" rate="2119.58,2185.33,2153.30,2113.15" sx="M,M,F,M"/><TAIKYOKU oya="0"/><INIT seed="0,0,0,2,2,91" ten="250,250,250,250" oya="0" hai0="117,21,16,125,25,89,80,46,68,115,79,96,39" hai1="130,93,110,52,3,66,28,38,62,14,101,131,76" hai2="37,65,126,15,111,22,33,6,5,41,30,129,34" hai3="134,72,42,13,103,60,73,20,116,49,32,92,75"/><T121/><D115/><U50/><E38/><V114/><F65/><W106/><G32/><T74/><D117/><U105/><E3/><V36/><F41/><W98/><G134/><T123/><D68/><U82/><E105/><V7/><F37/><W113/><G113/><T119/><D119/><U40/><E40/><V23/><F36/><W132/><G132/><T81/><D125/><U58/><E28/><V0/><F114/><W71/><G116/><T84/><D39/><U1/><E1/><V4/><F126/><W53/><G42/><T17/><D46/><U57/><E110/><V35/><F111/><W127/><G127/><T97/><REACH who="0" step="1"/><D17/><REACH who="0" ten="240,250,250,250" step="2"/><U88/><E101/><V67/><F129/><W27/><G71/><T26/><D26/><U47/><E47/><V77/><F67/><W87/><G27/><T63/><D63/><U69/><E69/><V112/><F112/><W85/><G60/><T86/><D86/><U128/><E14/><V102/><F0/><W31/><G13/><T54/><D54/><U2/><E2/><V70/><F70/><W135/><G87/><T64/><D64/><U124/><E124/><V45/><F45/><N who="3" m="27823" /><G135/><T8/><D8/><U133/><E133/><V18/><F15/><W83/><G75/><T99/><AGARI ba="0,1" hai="16,21,25,74,79,80,81,84,89,96,97,99,121,123" machi="99" ten="30,6000,0" yaku="1,1,0,1,54,1,53,0" doraHai="91" doraHaiUra="48" who="0" fromWho="0" sc="240,70,250,-20,250,-20,250,-20" /><INIT seed="0,1,0,4,4,100" ten="310,230,230,230" oya="0" hai0="72,28,118,12,10,102,58,124,63,40,81,6,47" hai1="107,90,51,93,77,129,59,135,82,87,14,41,8" hai2="97,38,55,76,113,115,66,30,54,37,125,91,4" hai3="128,7,101,134,21,105,65,3,46,24,78,13,45"/><T33/><D118/><U31/><E129/><V103/><F76/><W62/><G3/><T26/><D124/><U5/><E135/><V60/><F91/><W95/><G105/><T17/><D102/><U114/><E114/><V73/><F73/><W84/><G134/><T67/><D72/><U116/><E116/><V86/><F86/><W71/><G128/><T43/><D81/><U79/><E31/><V117/><F30/><W80/><G101/><T34/><D34/><U27/><E27/><V49/><F4/><W56/><G71/><T111/><D111/><U127/><E127/><V44/><F125/><W108/><G108/><T61/><D47/><N who="1" m="26095" /><E107/><V69/><F117/><W50/><G95/><T74/><D74/><U42/><E42/><V85/><F85/><W53/><G7/><T25/><D25/><U94/><E59/><V120/><F120/><W119/><G119/><T70/><REACH who="0" step="1"/><D6/><REACH who="0" ten="300,230,230,230" step="2"/><U112/><E112/><V57/><F113/><W52/><G13/><T96/><D96/><N who="1" m="57399" /><E94/><V83/><F115/><W9/><G9/><T23/><D23/><U18/><E5/><V89/><F83/><W11/><G11/><T48/><D48/><U2/><E2/><V19/><F49/><W68/><REACH who="3" step="1"/><G53/><AGARI ba="1,1" hai="10,12,17,26,28,33,40,43,53,58,61,63,67,70" machi="53" ten="30,2900,0" yaku="1,1,7,1,53,0" doraHai="100" doraHaiUra="32" who="0" fromWho="3" sc="300,42,230,0,230,0,230,-32" /><INIT seed="0,2,0,3,1,97" ten="342,230,230,198" oya="0" hai0="17,44,106,16,109,80,59,20,114,135,131,32,54" hai1="52,10,45,21,40,22,46,82,127,36,87,76,105" hai2="121,51,37,132,25,24,130,38,107,9,27,41,65" hai3="62,60,133,3,120,57,63,56,42,77,26,7,11"/><T50/><D114/><U85/><E105/><V83/><F107/><W88/><G133/><T125/><D106/><U84/><E127/><V2/><F130/><W124/><G124/><T128/><D125/><U28/><E28/><V110/><F110/><W69/><G120/><T43/><D135/><U93/><E10/><V111/><F111/><W48/><G69/><T108/><D32/><U31/><E31/><V129/><F132/><W91/><G77/><T103/><D80/><U72/><REACH who="1" step="1"/><E93/><REACH who="1" ten="342,220,230,198" step="2"/><V74/><F129/><N who="0" m="49738" /><D109/><U89/><E89/><V122/><F121/><W123/><G123/><T13/><D108/><U94/><E94/><V14/><F122/><W35/><G35/><T78/><D78/><U19/><E19/><V101/><F9/><W4/><G7/><T100/><D17/><U58/><E58/><V99/><F101/><W30/><G57/><T49/><AGARI ba="2,1" hai="13,16,20,43,44,49,50,54,59,100,103" m="49738" machi="49" ten="30,11700,0" yaku="19,1,52,2,54,1" doraHai="97" who="0" fromWho="0" sc="342,133,220,-41,230,-41,198,-41" /><INIT seed="0,3,0,1,3,89" ten="475,179,189,157" oya="0" hai0="20,21,111,103,18,33,121,65,125,73,1,134,53" hai1="42,24,32,41,126,109,3,133,84,51,110,66,135" hai2="91,12,36,37,11,57,93,35,119,116,56,87,68" hai3="58,23,69,97,54,98,124,64,107,120,71,2,80"/><T48/><D73/><U27/><E3/><V28/><F68/><W112/><G112/><T15/><D121/><U128/><E126/><V78/><F78/><W14/><G2/><T5/><D65/><U90/><E66/><V74/><F74/><W72/><G124/><T75/><D125/><U129/><E90/><V114/><F114/><W79/><G64/><T59/><D75/><U101/><E84/><V60/><F28/><W13/><G120/><T106/><D33/><U108/><E101/><V62/><F35/><W61/><G98/><T34/><D34/><U29/><E51/><V86/><F12/><W70/><REACH who="3" step="1"/><G23/><REACH who="3" ten="475,179,189,147" step="2"/><T132/><D20/><N who="1" m="15495" /><E41/><V76/><F116/><W115/><G115/><T26/><D1/><U25/><E42/><V127/><F119/><W6/><G6/><T131/><D5/><U0/><E0/><V19/><F127/><W31/><G31/><T85/><D21/><U81/><E81/><N who="2" m="47399" /><F36/><W123/><G123/><T7/><D7/><U130/><E32/><V95/><F37/><W92/><G92/><T43/><D43/><U77/><E77/><V50/><F95/><W63/><G63/><N who="2" m="24105" /><F50/><W22/><G22/><T38/><D48/><U16/><E16/><V122/><F122/><W100/><AGARI ba="3,1" hai="13,14,54,58,61,69,70,71,72,79,80,97,100,107" machi="100" ten="40,5200,0" yaku="1,1,0,1,53,1" doraHai="89" doraHaiUra="102" who="3" fromWho="3" sc="475,-29,179,-16,189,-16,147,71" /><INIT seed="1,0,0,0,0,13" ten="446,163,173,218" oya="1" hai0="68,84,41,21,99,86,64,29,87,15,27,79,103" hai1="90,83,19,2,12,60,14,49,76,28,127,91,82" hai2="111,56,134,89,46,0,26,24,131,43,69,130,135" hai3="114,118,37,63,78,129,7,85,8,9,126,54,121"/><U3/><E28/><V30/><F69/><W31/><G121/><T122/><D122/><U98/><E127/><V67/><F0/><W107/><G114/><T18/><D41/><U105/><E49/><V100/><F100/><W33/><G107/><T72/><D72/><U97/><E105/><V11/><F11/><W52/><G37/><T132/><D132/><N who="2" m="50730" /><F89/><W96/><G126/><T108/><D108/><U36/><E36/><N who="2" m="21863" /><F111/><W23/><G9/><T133/><D133/><U61/><REACH who="1" step="1"/><E76/><REACH who="1" ten="446,153,173,218" step="2"/><V66/><F30/><W88/><G78/><T59/><D79/><U58/><E58/><V74/><F74/><W22/><G31/><T94/><D59/><U55/><E55/><V71/><F56/><W106/><G52/><T42/><D68/><U115/><E115/><V119/><F119/><W80/><G54/><T40/><D64/><N who="2" m="24618" /><F71/><W104/><G118/><T5/><D29/><U109/><E109/><V53/><F53/><W70/><G106/><T32/><D32/><U73/><E73/><V128/><AGARI ba="0,1" hai="24,26,128,130,131" m="24618,21863,50730" machi="128" ten="40,2700,0" yaku="19,1,20,1" doraHai="13" who="2" fromWho="2" sc="446,-7,153,-13,173,37,218,-7" /><INIT seed="2,0,0,2,4,82" ten="439,140,210,211" oya="2" hai0="119,16,32,29,77,30,111,41,106,73,50,51,25" hai1="134,93,56,129,88,135,2,10,43,1,38,72,89" hai2="114,18,22,20,109,34,15,110,12,68,35,113,0" hai3="116,126,7,118,104,120,55,8,75,46,115,44,76"/><V24/><F68/><W14/><G120/><T37/><D106/><U81/><E56/><V69/><F69/><W97/><G126/><T39/><D30/><U102/><E102/><V85/><F0/><W101/><G115/><N who="2" m="44041" /><F85/><W23/><G23/><T64/><D64/><U133/><E129/><V67/><F67/><W45/><REACH who="3" step="1"/><G55/><REACH who="3" ten="439,140,210,201" step="2"/><T127/><D127/><U117/><E117/><V57/><F57/><W112/><G112/><T62/><D119/><U103/><E10/><V86/><F86/><W79/><G79/><T52/><D52/><U122/><E122/><V90/><F90/><W87/><G87/><T58/><D77/><N who="1" m="44199" /><E103/><V65/><F65/><W40/><G40/><T36/><D41/><U95/><E89/><V98/><F98/><W59/><G59/><T107/><D58/><U99/><E95/><V13/><F22/><W66/><G66/><T27/><D73/><U61/><E61/><V48/><F48/><W124/><G124/><T132/><D51/><U125/><E125/><V4/><F4/><W71/><G71/><T80/><D50/><U3/><E43/><V11/><F11/><W60/><G60/><T63/><D62/><U105/><E105/><V94/><F94/><W17/><G17/><T47/><D16/><U100/><E100/><V128/><F128/><W54/><G54/><T78/><D63/><U92/><E92/><V53/><F53/><W108/><G108/><AGARI ba="0,1" hai="12,13,15,18,20,24,34,35,108,109,110" m="44041" machi="108" ten="40,12000,1" yaku="14,1,10,1,34,2" doraHai="82" who="2" fromWho="3" sc="439,0,140,0,210,130,201,-120" /><INIT seed="2,1,0,1,2,131" ten="439,140,340,81" oya="2" hai0="2,35,102,105,101,130,73,24,20,70,37,127,19" hai1="72,78,31,124,17,112,135,93,100,9,126,50,96" hai2="18,84,36,42,30,106,26,128,85,0,79,123,15" hai3="76,1,86,10,39,12,92,114,34,97,134,45,65"/><V103/><F123/><W4/><G34/><T28/><D70/><U89/><E112/><V77/><F0/><W23/><G114/><T57/><D37/><U87/><E31/><V117/><F117/><W51/><G39/><T27/><D73/><U110/><E50/><V11/><F128/><W16/><G65/><T3/><D130/><U69/><E69/><V46/><F79/><W7/><G7/><T49/><D127/><N who="1" m="48683" /><E9/><V71/><F71/><W6/><G6/><T95/><D105/><N who="1" m="63623" /><E17/><V32/><REACH who="2" step="1"/><F77/><REACH who="2" ten="439,140,330,81" step="2"/><W43/><G76/><T13/><D2/><U81/><E110/><V133/><F133/><AGARI ba="1,1" hai="72,78,81,87,89,93,133,135" m="63623,48683" machi="133" ten="30,12000,2" yaku="24,1,18,1,34,2,52,2" doraHai="131" who="1" fromWho="2" sc="439,0,140,133,330,-123,81,0" /><INIT seed="3,0,0,3,1,114" ten="439,273,207,81" oya="3" hai0="134,44,37,62,6,7,76,117,10,36,5,82,120" hai1="84,87,53,100,31,66,71,4,129,57,107,83,63" hai2="128,23,130,116,98,110,12,121,30,85,80,132,8" hai3="81,43,9,2,22,42,38,65,94,56,45,78,24"/><W32/><G32/><T28/><D120/><U27/><E129/><V86/><F110/><W34/><G34/><T97/><D10/><U51/><E4/><V91/><F121/><W99/><G43/><T35/><D44/><U105/><E87/><V20/><F132/><W40/><G40/><T58/><D97/><U25/><E25/><V69/><F69/><W125/><G125/><T102/><D102/><U108/><E100/><V17/><F98/><W68/><G68/><T16/><D28/><U119/><E119/><V48/><F48/><W67/><G56/><T104/><D104/><U60/><E60/><V124/><F124/><W61/><G61/><T92/><D92/><U74/><E74/><V72/><F72/><N who="3" m="43207" /><G94/><T109/><D58/><U64/><E108/><V133/><F30/><N who="3" m="17687" /><G99/><T11/><D35/><U96/><E96/><V88/><F116/><W54/><G54/><T113/><D62/><U21/><E64/><V115/><F115/><W79/><G79/><AGARI ba="0,0" hai="21,27,31,51,53,57,63,66,71,79,83,84,105,107" machi="79" ten="30,1000,0" yaku="7,1" doraHai="114" who="1" fromWho="3" sc="439,0,273,10,207,0,81,-10" owari="439,53.9,283,8.3,207,-19.3,71,-42.9" /></mjloggm>