<mjloggm ver="2.3"><GO type="225" lobby="0"/><UN n0="%E6%B8%A9%E2%98%85%E6%83%85%E2%98%85%E6%8E%AA%E2%98%85%E7%BD%AE" n1="%E3%82%A2%E3%83%BC%E3%83%A2%E3%83%AD%E3%83%BC%E3%83%B4%E3%82%A1" n2="%E3%81%A9%E3%82%8F%E3%82%93%E3%81%94" n3="%E5%A4%9C%E3%81%AE%E3%82%AC%E3%82%B9%E3%83%91%E3%83%BC%E3%83%AB" dan="17,16,16,16" rate="2233.65,2143.66,2077.02,2118.33" sx="M,M,M,M"/><TAIKYOKU oya="0"/><INIT seed="0,0,0,4,5,29" ten="250,250,250,250" oya="0" hai0="2,134,53,126,1,36,40,28,52,94,27,82,117" hai1="87,25,21,38,109,35,74,116,80,121,10,125,90" hai2="84,62,110,79,103,50,63,106,51,111,19,8,120" hai3="58,93,11,72,91,77,66,131,5,4,85,22,54"/><T92/><D117/><U67/><E116/><V127/><F120/><W133/><G131/><T6/><D134/><U49/><E121/><V14/><F106/><W104/><G133/><T115/><D115/><U100/><E38/><V3/><F103/><W99/><G66/><T102/><D126/><U16/><E125/><V113/><F113/><W55/><G22/><T132/><D132/><U75/><E109/><N who="2" m="41483" /><F3/><W122/><G122/><T34/><D82/><U108/><E108/><V86/><F127/><W61/><G55/><T114/><D114/><U118/><E118/><V101/><F101/><N who="3" m="62527" /><G11/><T112/><D112/><U78/><E100/><V98/><F98/><W17/><G17/><T12/><D102/><U69/><E35/><V13/><F13/><W43/><G43/><T45/><D2/><U0/><E49/><N who="2" m="18443" /><F79/><W18/><G18/><T97/><D97/><U31/><E78/><V47/><F47/><W24/><G24/><T89/><D1/><U26/><E0/><V41/><F41/><W130/><G130/><T128/><D128/><U65/><E26/><V83/><F83/><AGARI ba="0,0" hai="4,5,54,58,61,72,77,83,85,91,93" m="62527" machi="83" ten="30,1000,0" yaku="24,1" doraHai="29" who="3" fromWho="2" sc="250,0,250,0,250,-10,250,10" /><INIT seed="1,0,0,5,2,126" ten="250,250,240,260" oya="1" hai0="94,74,100,68,14,21,2,65,54,49,41,97,95" hai1="108,119,87,36,93,62,10,64,133,57,116,53,91" hai2="129,7,1,42,84,111,96,78,109,16,30,37,40" hai3="58,86,44,61,104,77,124,122,33,52,0,114,46"/><U83/><E133/><V4/><F30/><W24/><G122/><T121/><D121/><U98/><E108/><N who="2" m="41547" /><F96/><W132/><G114/><T17/><D2/><U60/><E36/><V6/><F1/><W55/><G0/><T79/><D41/><N who="2" m="15978" /><F37/><W19/><G104/><T134/><D134/><U63/><E10/><V13/><F129/><W26/><G132/><T135/><D135/><U72/><E72/><V22/><F78/><W45/><G124/><T66/><D68/><U105/><E105/><V25/><F84/><W56/><G33/><T101/><D79/><U5/><E5/><V23/><F23/><W123/><G123/><T11/><D74/><U102/><REACH who="1" step="1"/><E63/><REACH who="1" ten="250,240,240,260" step="2"/><V38/><F38/><W76/><G61/><T50/><D11/><AGARI ba="0,1" hai="4,6,7,11,13,16,22,25" m="15978,41547" machi="11" ten="30,2000,0" yaku="14,1,54,1" doraHai="126" who="2" fromWho="0" sc="250,-20,240,0,240,30,260,0" /><INIT seed="2,0,0,5,1,17" ten="230,240,270,260" oya="2" hai0="74,92,28,62,118,32,63,52,58,38,29,95,30" hai1="47,10,56,51,115,57,87,54,40,55,126,113,73" hai2="102,36,15,37,4,24,42,89,97,1,50,104,80" hai3="13,75,9,135,12,99,103,100,6,45,110,84,67"/><V22/><F1/><W94/><G75/><T112/><D112/><U123/><E73/><V5/><F50/><W90/><G110/><T105/><D118/><U66/><E10/><V11/><F5/><W64/><G135/><T49/><D32/><U18/><E18/><V44/><F36/><W76/><G76/><T120/><D120/><U86/><E123/><V98/><F80/><W111/><G111/><T114/><D114/><N who="1" m="43531" /><E87/><V39/><F39/><W16/><G45/><T132/><D132/><U122/><E86/><V117/><F117/><W23/><REACH who="3" step="1"/><G103/><REACH who="3" ten="230,240,270,250" step="2"/><T96/><D74/><U93/><E122/><V65/><F102/><W53/><G53/><T124/><D124/><U3/><E126/><V77/><F77/><W48/><G48/><T71/><D38/><U116/><E55/><V125/><F125/><W81/><AGARI ba="0,1" hai="6,9,12,13,16,23,64,67,81,84,90,94,99,100" machi="81" ten="20,12000,2" yaku="1,1,0,1,7,1,8,1,52,1,54,1,53,0" doraHai="17" doraHaiUra="108" who="3" fromWho="3" sc="230,-30,240,-30,270,-60,250,130" /><INIT seed="3,0,0,0,5,69" ten="200,210,210,380" oya="3" hai0="11,61,126,111,63,25,80,123,17,59,114,135,85" hai1="64,13,79,113,93,78,58,110,121,41,15,73,100" hai2="56,5,81,125,32,67,95,53,83,10,20,104,36" hai3="68,4,23,35,127,132,65,42,118,101,0,47,16"/><W44/><G118/><T71/><D123/><U117/><E121/><V45/><F32/><W39/><G35/><T54/><D111/><U103/><E113/><V116/><F104/><W34/><G34/><T37/><D37/><U84/><E110/><V18/><F116/><W91/><G127/><T120/><D120/><U29/><E41/><V46/><F67/><W72/><G72/><T77/><D126/><U122/><E29/><V43/><F125/><W102/><G132/><T94/><D135/><U21/><E73/><V8/><F36/><W62/><G4/><T49/><D71/><U31/><E117/><V99/><F43/><W75/><G0/><T40/><D114/><U131/><E131/><V115/><F115/><W22/><G22/><N who="0" m="13519" /><D40/><U105/><E105/><V12/><F46/><W88/><G47/><T90/><D11/><N who="2" m="4138" /><F45/><W108/><G75/><T3/><D3/><U19/><E31/><V48/><F5/><W86/><G91/><AGARI ba="0,0" hai="12,18,20,48,53,56,81,83,91,95,99" m="4138" machi="91" ten="30,1000,0" yaku="8,1" doraHai="69" who="2" fromWho="3" sc="200,0,210,0,210,10,380,-10" owari="200,-30.0,210,-19.0,220,2.0,370,47.0" /></mjloggm>