<mjloggm ver="2.3"><GO type="225" lobby="0"/><UN n0="%E4%BF%BA%E3%81%A8%E5%A6%96%E5%A4%A2" n1="%E3%83%B4%E3%83%A0%EF%BC%99%E3%81%A6" n2="%E3%81%B5%E3%81%98%E3%81%8B%E3%81%A4" n3="%E3%81%AA%E3%82%81%E3%81%93%E9%9B%80%E5%A3%AB" dan="17,16,16,16" rate="2162.08,2109.01,2171.57,2087.13" sx="F,M,M,M"/><TAIKYOKU oya="0"/><INIT seed="0,0,0,4,3,6" ten="250,250,250,250" oya="0" hai0="42,4,101,127,38,121,47,28,102,16,29,130,106" hai1="78,90,98,50,133,41,109,87,15,80,115,53,71" hai2="132,67,1,107,111,45,82,135,79,46,83,49,21" hai3="18,120,40,122,119,57,129,70,0,25,11,36,105"/><T72/><D121/><N who="3" m="46697" /><G70/><T27/><D130/><U9/><E71/><V125/><F107/><W134/><G119/><T43/><D127/><U113/><E109/><V128/><F125/><W114/><G114/><T10/><D72/><U118/><E118/><V77/><F128/><W126/><G126/><T55/><D42/><U116/><E116/><V22/><F111/><W99/><G134/><T58/><D106/><U81/><E133/><V32/><F67/><W54/><G129/><T63/><D28/><U123/><E123/><V76/><F32/><W75/><G75/><T39/><D39/><U104/><E41/><V89/><F49/><N who="3" m="30927" /><G25/><T3/><REACH who="0" step="1"/><D16/><REACH who="0" ten="240,250,250,250" step="2"/><U44/><E104/><V8/><F135/><W7/><G18/><T26/><D26/><U69/><E113/><V94/><F132/><W13/><G40/><T35/><AGARI ba="0,1" hai="3,4,10,27,29,35,38,43,47,55,58,63,101,102" machi="35" ten="20,12000,1" yaku="1,1,0,1,7,1,52,1,53,1" doraHai="6" doraHaiUra="31" who="0" fromWho="0" sc="240,130,250,-40,250,-40,250,-40" /><INIT seed="0,1,0,4,1,78" ten="370,210,210,210" oya="0" hai0="38,68,42,132,99,67,21,14,117,94,48,115,118" hai1="69,56,55,25,20,62,100,60,15,50,88,39,11" hai2="65,129,73,98,27,10,28,66,9,17,80,130,102" hai3="91,31,30,84,96,3,19,58,52,57,95,13,131"/><T108/><D115/><U40/><E100/><V49/><F49/><W123/><G3/><T1/><D1/><U125/><E125/><V41/><F41/><W122/><G131/><N who="2" m="50185" /><F73/><W113/><G57/><T135/><D14/><U36/><E40/><V110/><F110/><W61/><G113/><T111/><D21/><U75/><E75/><V33/><F80/><N who="3" m="49543" /><G122/><T23/><D23/><U71/><E71/><V7/><F17/><W12/><G123/><T70/><D94/><U47/><E69/><N who="0" m="26729" /><D99/><U76/><E76/><V85/><F85/><W134/><G19/><T103/><D103/><U114/><E114/><V119/><F119/><N who="0" m="45578" /><D67/><N who="2" m="25610" /><F7/><W46/><G31/><T29/><D29/><U90/><E20/><V128/><N who="2" m="50193" /><V34/><DORA hai="24" /><F33/><W112/><G30/><T16/><D16/><U107/><E25/><V74/><F74/><W44/><G112/><T87/><D87/><U120/><E120/><V32/><F32/><W126/><G96/><T54/><D42/><U116/><E116/><V105/><AGARI ba="1,0" hai="9,10,27,28,34,98,102,105" m="25610,50193" machi="105" ten="40,2700,0" yaku="19,1,52,1" doraHai="78,24" who="2" fromWho="2" sc="370,-14,210,-8,210,30,210,-8" /><INIT seed="1,0,0,4,1,83" ten="356,202,240,202" oya="1" hai0="35,32,38,69,55,121,97,17,77,29,85,49,37" hai1="36,27,74,31,68,9,108,7,135,79,23,111,6" hai2="102,129,133,125,72,107,110,24,14,120,130,11,21" hai3="30,57,64,12,128,25,50,40,39,87,41,104,56"/><U91/><E74/><V3/><F72/><W89/><G104/><T48/><D69/><U34/><E79/><V96/><F120/><W93/><G39/><T67/><D67/><U20/><E36/><V132/><F110/><N who="1" m="42025" /><E68/><V94/><F3/><W60/><G128/><N who="2" m="49257" /><F107/><W13/><G41/><T52/><D121/><U78/><E78/><V59/><F59/><W76/><G76/><T119/><D119/><U71/><E71/><V65/><F65/><W113/><G113/><T124/><D97/><U61/><E61/><V63/><F63/><W4/><G4/><N who="1" m="1578" /><E91/><V42/><F42/><W134/><G134/><N who="2" m="51817" /><F11/><W82/><G40/><T26/><D77/><U16/><E135/><V18/><F14/><AGARI ba="0,0" hai="9,14,16,20,23,27,31,34" m="1578,42025" machi="14" ten="30,12000,1" yaku="14,1,10,1,34,2,54,1" doraHai="83" who="1" fromWho="2" sc="356,0,202,120,240,-120,202,0" /><INIT seed="1,1,0,2,1,80" ten="356,322,120,202" oya="1" hai0="26,19,92,120,33,115,129,38,35,131,135,45,57" hai1="55,98,30,15,50,40,87,93,51,23,60,79,88" hai2="101,69,11,128,77,133,71,102,82,8,121,31,73" hai3="85,127,2,24,106,3,46,59,67,109,125,25,70"/><U13/><E60/><V32/><F121/><W96/><G70/><T36/><D115/><U97/><E40/><V37/><F37/><W112/><G46/><T0/><D0/><N who="3" m="41" /><G112/><T6/><D6/><U119/><E119/><V122/><F122/><W123/><G123/><T61/><D120/><U116/><E116/><V12/><F133/><W16/><G96/><N who="1" m="36970" /><E79/><V21/><F128/><N who="0" m="49226" /><D135/><U62/><E62/><V81/><F32/><N who="0" m="12362" /><D45/><N who="1" m="28111" /><E51/><V27/><F8/><W78/><G59/><T39/><D92/><U10/><E10/><V5/><REACH who="2" step="1"/><F82/><REACH who="2" ten="356,322,110,202" step="2"/><N who="3" m="47319" /><G106/><T83/><D83/><U110/><E110/><V126/><F126/><N who="3" m="48139" /><G109/><T90/><D39/><U94/><E94/><V58/><F58/><W34/><G34/><T72/><D38/><U44/><E44/><V47/><F47/><W48/><G67/><T117/><D36/><U22/><E22/><V86/><F86/><W76/><G76/><T75/><D117/><U14/><E23/><V42/><F42/><W99/><G99/><T9/><D9/><U118/><E118/><V18/><F18/><W43/><G43/><T54/><D19/><U84/><E87/><V66/><F66/><W1/><G16/><T113/><D113/><U68/><E68/><AGARI ba="1,1" hai="5,11,12,21,27,31,68,69,71,73,77,81,101,102" machi="68" ten="40,2600,0" yaku="1,1,53,1" doraHai="80" doraHaiUra="74" who="2" fromWho="1" sc="356,0,322,-29,110,39,202,0" /><INIT seed="2,0,0,5,5,11" ten="356,293,149,202" oya="2" hai0="64,114,116,91,105,59,95,42,31,39,100,72,110" hai1="30,58,132,81,102,73,131,1,43,122,7,126,107" hai2="66,92,97,94,5,108,57,75,60,83,37,99,104" hai3="120,2,14,51,54,124,10,15,20,25,12,103,113"/><V34/><F34/><W61/><G120/><T79/><D114/><U32/><E58/><V130/><F37/><W119/><G119/><T127/><D116/><U123/><E126/><V106/><F130/><W56/><G124/><T65/><D127/><U8/><E131/><V62/><F108/><W55/><G113/><T0/><D0/><U19/><E132/><V117/><F117/><W77/><G2/><T67/><D110/><U109/><E109/><V16/><F5/><W45/><G103/><T128/><D128/><U135/><E135/><V115/><F115/><W76/><G10/><T85/><D31/><AGARI ba="0,0" hai="12,14,15,20,25,31,45,51,54,55,56,61,76,77" machi="31" ten="40,8000,1" yaku="8,1,52,3" doraHai="11" who="3" fromWho="0" sc="356,-80,293,0,149,0,202,80" /><INIT seed="3,0,0,5,5,7" ten="276,293,149,282" oya="3" hai0="101,125,8,115,110,58,31,123,21,59,41,51,75" hai1="127,56,35,53,0,63,106,11,119,48,89,52,87" hai2="69,49,10,79,36,2,84,126,17,47,67,19,95" hai3="15,4,78,12,55,85,5,44,81,83,24,57,132"/><W64/><G132/><T23/><D123/><U129/><E35/><V99/><F126/><W20/><G83/><T97/><D75/><U66/><E106/><V113/><F113/><W103/><G103/><T65/><D110/><U86/><E127/><V34/><F34/><W1/><G64/><T50/><D125/><U117/><E129/><V104/><F104/><W72/><G72/><T107/><D115/><U121/><E121/><V122/><F122/><W18/><G44/><T73/><D73/><U74/><E74/><V77/><F36/><W62/><G1/><T80/><D80/><N who="1" m="49351" /><E87/><V54/><F2/><W37/><G37/><T28/><D65/><U131/><E131/><V88/><F69/><W61/><G61/><T94/><D107/><U114/><E48/><N who="0" m="18473" /><D41/><U105/><E105/><V43/><F67/><W40/><G40/><T13/><D23/><U134/><E114/><V76/><F43/><W82/><G82/><T3/><D3/><U102/><E102/><V130/><F130/><W60/><G60/><T45/><D45/><U39/><E134/><V16/><REACH who="2" step="1"/><F84/><REACH who="2" ten="276,293,139,282" step="2"/><W33/><G33/><T133/><D133/><U6/><E39/><V46/><F46/><W91/><G78/><T32/><D32/><U124/><E124/><V14/><AGARI ba="0,1" hai="10,14,16,17,19,47,49,54,76,77,79,88,95,99" machi="14" ten="30,12000,2" yaku="1,1,0,1,8,1,52,1,54,2,53,1" doraHai="7" doraHaiUra="9" who="2" fromWho="2" sc="276,-30,293,-30,139,130,282,-60" /><INIT seed="4,0,0,0,5,95" ten="246,263,269,222" oya="0" hai0="54,69,52,131,99,14,5,127,48,38,102,134,111" hai1="16,22,72,53,89,26,79,135,47,56,115,37,20" hai2="63,42,93,62,92,55,49,19,28,67,109,8,94" hai3="112,34,86,45,33,25,4,82,3,13,117,46,123"/><T74/><D74/><U133/><E115/><V6/><F109/><W2/><G117/><T85/><D111/><U91/><E72/><V1/><F42/><W100/><G112/><T29/><D38/><U21/><E79/><V116/><F116/><W101/><G123/><T58/><D69/><U114/><E114/><V9/><F28/><W10/><G25/><T126/><D134/><N who="1" m="51211" /><E47/><V32/><F32/><W44/><G33/><T66/><D131/><U80/><E37/><V51/><F9/><W39/><G34/><T12/><D85/><N who="1" m="50343" /><E91/><V35/><F35/><W57/><G39/><T118/><D29/><U11/><E11/><V108/><F19/><W78/><REACH who="3" step="1"/><G57/><REACH who="3" ten="246,263,269,212" step="2"/><N who="0" m="32903" /><D118/><U130/><E130/><V96/><F108/><W128/><G128/><T132/><D132/><U64/><E64/><V84/><F67/><W7/><G7/><T18/><D66/><U71/><E71/><V65/><F65/><W87/><G87/><T43/><D5/><U73/><E73/><V24/><F84/><W77/><G77/><T129/><D129/><U119/><E119/><V41/><F6/><W60/><G60/><AGARI ba="0,1" hai="16,20,21,22,26,53,56,60" m="50343,51211" machi="60" ten="30,2000,0" yaku="20,1,54,1" doraHai="95" who="1" fromWho="3" sc="246,0,263,30,269,0,212,-20" /><INIT seed="5,0,0,0,1,46" ten="246,293,269,192" oya="1" hai0="114,76,109,92,95,123,24,55,18,111,73,89,21" hai1="50,36,52,132,85,127,62,78,8,97,103,29,112" hai2="30,13,106,54,44,126,110,81,98,128,38,45,80" hai3="15,130,70,82,131,63,14,25,75,16,5,67,59"/><U121/><E36/><V26/><F110/><W91/><G70/><T17/><D114/><U3/><E121/><V61/><F128/><W122/><G122/><T9/><D123/><U32/><E112/><V105/><F126/><W115/><G115/><T40/><D40/><U96/><E127/><V2/><F2/><W100/><G100/><T27/><D76/><U1/><E32/><V113/><F13/><W60/><G60/><T125/><D73/><U11/><E29/><V57/><F106/><W88/><G5/><T68/><D68/><U35/><E35/><V119/><F119/><W48/><G25/><T102/><D125/><U49/><E1/><V58/><F58/><N who="3" m="37367" /><G15/><T129/><D129/><N who="3" m="49161" /><G82/><T135/><D109/><U108/><E108/><V72/><F81/><W43/><G75/><T77/><D77/><U34/><E3/><V99/><F105/><W134/><G134/><T64/><D64/><U37/><E132/><V120/><F120/><W118/><G118/><T39/><D111/><U31/><E103/><V33/><F80/><W22/><G59/><T107/><D135/><U53/><E34/><V51/><F72/><W79/><G79/><T10/><D107/><U86/><E78/><V133/><F133/><W20/><G22/><N who="0" m="13391" /><D95/><U65/><E65/><V117/><F117/><W124/><G124/><T6/><D102/><U93/><E93/><V19/><F113/><W42/><G42/><T12/><D55/><U23/><E23/><N who="2" m="13695" /><F33/><W90/><G43/><T56/><D56/><U83/><E83/><V87/><F57/><W104/><G104/><T0/><D0/><RYUUKYOKU ba="0,0" sc="246,-10,293,-10,269,-10,192,30" hai3="14,16,20,48,88,90,91" /><INIT seed="6,1,0,3,0,60" ten="236,283,259,222" oya="2" hai0="100,70,44,55,130,126,67,104,72,90,119,135,40" hai1="28,61,24,80,96,86,77,6,132,51,94,54,62" hai2="35,20,88,76,63,97,116,121,99,125,65,75,102" hai3="66,38,81,7,123,16,8,3,50,43,83,29,53"/><V46/><F121/><W89/><G123/><T37/><D72/><U115/><E6/><V59/><F116/><W45/><G29/><T107/><D119/><U56/><E115/><V91/><F35/><W36/><G66/><T21/><D135/><U14/><E14/><V98/><F125/><W87/><G83/><T13/><D126/><U131/><E131/><V49/><F102/><W128/><G128/><T112/><D130/><U1/><E1/><V18/><F76/><W103/><G103/><T84/><D112/><U4/><E4/><V117/><F75/><W64/><G64/><T133/><D133/><U134/><E132/><V10/><F10/><W124/><G124/><T106/><D67/><U108/><E108/><V30/><F30/><W74/><G74/><T2/><D70/><U82/><E82/><V33/><F33/><W22/><REACH who="3" step="1"/><G43/><REACH who="3" ten="236,283,259,212" step="2"/><T92/><D100/><N who="1" m="60439" /><E134/><V52/><F117/><W110/><G110/><T26/><D40/><U41/><E41/><V25/><AGARI ba="1,1" hai="18,20,25,46,49,52,59,63,65,88,91,97,98,99" machi="25" ten="30,12000,1" yaku="0,1,8,1,52,1,54,2" doraHai="60" who="2" fromWho="2" sc="236,-41,283,-41,259,133,212,-41" owari="195,-20.5,242,4.2,392,49.2,171,-32.9" /></mjloggm>