<mjloggm ver="2.3"><GO type="225" lobby="0"/><UN n0="%E3%81%82%E3%81%99%E3%81%AB%E3%82%83%E3%82%80" n1="%72%61%6B%33" n2="%E3%82%BC%E3%83%AB%E3%83%80%E3%81%AE%E4%BC%9D%E8%AA%AC" n3="%E6%80%AA%E3%81%97%E3%81%99%E3%81%8E%E3%82%8B%E3%83%81%E3%83%BC" dan="16,18,16,16" rate="2151.33,2256.06,2176.94,2160.83" sx="F,M,M,M"/><TAIKYOKU oya="0"/><INIT seed="0,0,0,0,3,42" ten="250,250,250,250" oya="0" hai0="35,4,116,39,75,64,68,25,114,101,78,41,94" hai1="89,60,128,79,26,27,117,7,111,37,62,104,12" hai2="77,112,118,38,135,53,11,40,43,1,100,2,125" hai3="129,133,96,122,74,131,80,127,70,0,28,17,93"/><T6/><D114/><U113/><E117/><V57/><F112/><W130/><G70/><T82/><D116/><U20/><E113/><V109/><F118/><W91/><G0/><T58/><D68/><U65/><E111/><V84/><F109/><W134/><G28/><T33/><D101/><U23/><E37/><V21/><F125/><W90/><G17/><T88/><D33/><U132/><E104/><V87/><F135/><N who="3" m="51723" /><G122/><T29/><D41/><U76/><E128/><V105/><F21/><W115/><G115/><T49/><D39/><U92/><E132/><V52/><F38/><W24/><G24/><T119/><D119/><U34/><E34/><V9/><F57/><W86/><G74/><T18/><D18/><U67/><E92/><V83/><F83/><W51/><G51/><T123/><D123/><U63/><E89/><V10/><F10/><W48/><G48/><T32/><D32/><U13/><REACH who="1" step="1"/><E63/><REACH who="1" ten="250,240,250,250" step="2"/><V108/><F108/><W8/><G8/><T22/><D35/><U97/><E97/><V95/><F95/><W99/><G127/><T107/><D107/><U54/><E54/><V46/><F105/><W110/><G110/><T120/><D120/><U45/><E45/><V121/><F121/><W14/><G14/><T71/><D49/><U81/><E81/><V72/><F46/><W98/><AGARI ba="0,1" hai="80,86,90,91,93,96,98,99,129,130,131" m="51723" machi="98" ten="40,8000,1" yaku="19,1,20,1,34,2" doraHai="42" who="3" fromWho="3" sc="250,-40,240,-20,250,-20,250,90" /><INIT seed="1,0,0,2,4,99" ten="210,220,230,340" oya="1" hai0="39,64,63,69,6,28,56,119,37,87,117,111,66" hai1="33,60,93,55,35,96,3,68,32,52,58,38,26" hai2="83,104,70,43,127,92,100,51,84,120,27,135,5" hai3="122,19,2,61,11,62,105,30,34,36,132,65,114"/><U76/><E3/><V16/><F120/><W110/><G114/><T106/><D106/><U75/><E38/><N who="0" m="14345" /><D6/><U134/><E134/><V91/><F127/><W131/><G110/><T47/><D28/><U40/><E40/><V29/><F70/><W79/><G131/><T103/><D103/><U21/><E68/><V20/><F135/><W107/><G61/><N who="0" m="40079" /><D87/><U31/><E55/><V130/><F130/><W49/><G62/><T45/><D111/><U121/><E121/><V46/><F5/><W72/><G49/><T74/><D74/><U17/><E75/><V67/><F67/><W97/><G65/><T108/><D108/><U124/><E124/><V128/><F128/><W57/><G36/><T112/><D112/><U1/><E1/><V4/><F4/><W118/><G57/><T86/><D86/><U82/><E82/><V22/><F104/><W15/><G118/><AGARI ba="0,0" hai="45,47,56,63,66,117,118,119" m="40079,14345" machi="118" ten="30,2000,0" yaku="34,2" doraHai="99" who="0" fromWho="3" sc="210,20,220,0,230,0,340,-20" /><INIT seed="2,0,0,3,5,32" ten="230,220,230,320" oya="2" hai0="132,87,102,15,85,55,69,1,117,130,133,35,8" hai1="101,4,47,71,24,128,28,45,76,104,106,0,124" hai2="86,10,127,66,129,64,57,49,5,103,110,18,65" hai3="116,29,70,78,109,89,134,77,96,51,94,93,58"/><V63/><F127/><W113/><G70/><T56/><D69/><U125/><E128/><V14/><F129/><W27/><G116/><T131/><D35/><U34/><E76/><V33/><F110/><W68/><G68/><T100/><D117/><U75/><E75/><V44/><F33/><W67/><G134/><N who="0" m="51819" /><D1/><U123/><E123/><V88/><F103/><N who="0" m="39466" /><D85/><U108/><E108/><V120/><F5/><W82/><G94/><T74/><D87/><U118/><E71/><V60/><F60/><W61/><G82/><T98/><D98/><U12/><E12/><V135/><F120/><W48/><G113/><T97/><D97/><U39/><E118/><V36/><F36/><W50/><G109/><T105/><D105/><U99/><E106/><V11/><F11/><W91/><G89/><T52/><D55/><U79/><E79/><V31/><F135/><W19/><G19/><N who="0" m="8679" /><D74/><U62/><E125/><V81/><F31/><W23/><AGARI ba="0,0" hai="23,27,29,48,50,51,58,61,67,77,78,91,93,96" machi="23" ten="30,2000,0" yaku="0,1,8,1" doraHai="32" who="3" fromWho="3" sc="230,-5,220,-5,230,-10,320,20" /><INIT seed="3,0,0,4,5,132" ten="225,215,220,340" oya="3" hai0="2,56,19,119,121,1,135,123,20,78,42,65,50" hai1="102,5,101,11,58,6,77,53,73,98,105,92,103" hai2="30,108,37,84,46,131,71,44,109,12,97,60,49" hai3="45,9,38,51,87,41,118,34,3,36,23,0,52"/><W129/><G34/><T126/><D119/><U69/><E69/><V120/><F131/><W72/><G72/><T47/><D135/><U22/><E105/><V85/><F120/><W28/><G36/><T48/><D121/><U116/><E116/><V122/><F122/><W64/><G64/><T74/><D123/><U8/><E22/><V75/><F75/><W27/><G129/><T17/><D17/><U24/><E24/><V93/><F30/><W63/><G63/><T80/><D126/><U99/><E77/><V4/><F37/><W110/><G110/><N who="2" m="42601" /><F60/><W7/><G87/><N who="2" m="33353" /><F71/><W54/><G54/><T133/><D133/><U104/><E73/><V79/><F79/><W86/><G86/><T18/><D18/><U128/><E128/><V100/><F49/><W15/><G118/><T68/><D68/><U21/><E21/><V130/><F130/><W125/><G125/><T96/><D96/><U94/><E104/><V111/><N who="2" m="42609" /><V115/><DORA hai="55" /><F115/><W88/><G88/><T62/><REACH who="0" step="1"/><D50/><REACH who="0" ten="215,215,220,340" step="2"/><N who="1" m="31031" /><E103/><V83/><F83/><W117/><G117/><T70/><D70/><U134/><E134/><V91/><F100/><W95/><G38/><T57/><D57/><U81/><E81/><V113/><F113/><W61/><G51/><T124/><D124/><U107/><E107/><V39/><F39/><W10/><G95/><T82/><D82/><U76/><E76/><V90/><F90/><W112/><G112/><T127/><D127/><U16/><E16/><V43/><F43/><W66/><G41/><T40/><D40/><U89/><E102/><V59/><F59/><RYUUKYOKU ba="0,1" sc="215,10,215,10,220,10,340,-30" hai0="1,2,19,20,42,47,48,56,62,65,74,78,80" hai1="5,6,8,11,89,92,94,98,99,101" hai2="4,12,44,46,91,93,97" owari="225,-17.5,225,-27.5,230,3.0,320,42.0" /></mjloggm>