<mjloggm ver="2.3"><GO type="225" lobby="0"/><UN n0="%E9%80%9F%E6%B0%B4%E5%87%9B%E9%A6%99" n1="%E4%B8%89%E5%86%A0%E7%8E%8B%E3%83%BB%E5%B1%B1%E7%94%B0%E5%93%B2%E4%BA%BA" n2="%33%74%72%65%65" n3="%E4%B8%AD%E5%B9%B4%E3%81%AE%E5%8D%B1%E6%A9%9F" dan="16,16,17,16" rate="2062.35,2171.92,2174.71,2081.17" sx="F,M,F,M"/><TAIKYOKU oya="0"/><INIT seed="0,0,0,5,2,90" ten="250,250,250,250" oya="0" hai0="34,5,70,119,16,104,25,9,45,118,129,26,109" hai1="73,61,39,69,53,42,21,38,131,67,60,11,114" hai2="19,102,14,91,15,63,101,123,54,134,130,6,56" hai3="8,40,135,120,88,80,98,100,7,95,72,112,66"/><T35/><D45/><U12/><E73/><V28/><F123/><W49/><G112/><T132/><D70/><U85/><E114/><V71/><F130/><W79/><G120/><T105/><D129/><U68/><E131/><V62/><F134/><W74/><G135/><T117/><D132/><U84/><E21/><V89/><F28/><W82/><G66/><T128/><D128/><U103/><E103/><N who="2" m="39435" /><F71/><W32/><G32/><N who="0" m="12331" /><D105/><U52/><E42/><V48/><F6/><W65/><G65/><T27/><D104/><U81/><E67/><N who="2" m="39367" /><F63/><W111/><G111/><T125/><D125/><U106/><E106/><V55/><F14/><W58/><G74/><T59/><D59/><U44/><E12/><V33/><F33/><W13/><G40/><T64/><D64/><U99/><E68/><V18/><F54/><W133/><G133/><T96/><D96/><U87/><E99/><V92/><F15/><W0/><G0/><N who="0" m="167" /><D109/><U97/><E53/><V108/><F108/><W76/><G72/><T116/><N who="0" m="29696" /><DORA hai="17" /><T122/><D122/><U78/><E69/><V36/><F36/><W121/><G121/><T83/><D83/><N who="3" m="31785" /><G100/><T94/><D94/><U47/><E52/><AGARI ba="0,0" hai="7,8,13,49,52,58,76,79,88,95,98" m="31785" machi="52" ten="30,7700,0" yaku="8,1,52,1,54,2" doraHai="90,17" who="3" fromWho="1" sc="250,0,250,-77,250,0,250,77" /><INIT seed="1,0,0,4,5,64" ten="250,173,250,327" oya="1" hai0="83,55,62,50,134,46,3,122,51,71,102,42,93" hai1="123,67,112,24,104,54,115,38,52,28,6,130,66" hai2="111,59,8,11,105,60,103,34,56,117,92,77,0" hai3="128,27,97,40,107,25,126,85,58,90,119,127,125"/><U73/><E123/><V39/><F117/><W106/><G119/><T95/><D3/><U120/><E120/><V26/><F105/><N who="3" m="39947" /><G128/><T75/><D122/><U99/><E73/><V80/><F111/><W87/><G40/><T48/><D134/><U9/><E38/><V68/><F39/><W41/><G41/><T132/><D132/><U124/><E130/><V30/><F68/><W78/><G58/><T4/><D4/><U29/><E104/><V2/><F2/><W76/><G27/><T65/><D83/><U74/><E99/><V101/><F56/><W53/><G25/><T113/><D75/><U43/><E74/><V70/><F70/><W84/><G53/><T15/><D113/><U88/><E43/><V116/><F0/><W72/><G72/><T17/><D102/><U31/><E24/><V114/><F103/><W86/><G97/><T129/><D129/><U82/><E29/><V69/><F69/><W22/><G22/><T5/><D5/><U108/><E6/><V37/><F37/><W47/><G47/><T110/><D110/><U98/><E108/><V23/><F34/><W16/><G16/><T35/><D35/><U32/><E32/><V19/><F19/><W131/><G131/><T109/><D109/><U20/><E98/><N who="2" m="59591" /><F114/><W94/><AGARI ba="0,0" hai="76,78,84,85,86,87,90,94,125,126,127" m="39947" machi="94" ten="40,5200,0" yaku="18,1,34,2" doraHai="64" who="3" fromWho="3" sc="250,-13,173,-26,250,-13,327,52" /><INIT seed="2,0,0,2,4,24" ten="237,147,237,379" oya="2" hai0="92,64,45,0,54,37,57,36,28,109,14,46,107" hai1="11,114,121,69,95,29,42,93,134,79,126,105,101" hai2="103,48,12,23,112,111,85,130,83,119,66,27,2" hai3="67,124,43,9,86,5,35,62,117,52,90,56,8"/><V53/><F119/><W125/><G117/><T40/><D107/><U50/><E114/><V77/><F2/><W1/><G35/><T34/><D0/><U41/><E69/><V33/><F130/><W81/><G43/><T94/><D109/><U51/><E105/><V135/><F135/><W122/><G122/><T128/><D64/><U96/><E134/><V72/><F111/><W68/><REACH who="3" step="1"/><G9/><REACH who="3" ten="237,147,237,369" step="2"/><T116/><D40/><U65/><E121/><V88/><F33/><W91/><G91/><T15/><D34/><U102/><E11/><V123/><F123/><W47/><G47/><T59/><D116/><U22/><E126/><V7/><F88/><W127/><G127/><T44/><D44/><U61/><E79/><V75/><F77/><W19/><G19/><T89/><D89/><U108/><E108/><V60/><F112/><W115/><G115/><T39/><D39/><U110/><E110/><V97/><F103/><W16/><G16/><T78/><D78/><U76/><E76/><V82/><F75/><W99/><G99/><T25/><D46/><U31/><E96/><V10/><F97/><W63/><AGARI ba="0,1" hai="1,5,8,52,56,62,63,67,68,81,86,90,124,125" machi="63" ten="30,7900,0" yaku="1,1,0,1,54,1,53,1" doraHai="24" doraHaiUra="49" who="3" fromWho="3" sc="237,-20,147,-20,237,-39,369,89" /><INIT seed="3,0,0,1,1,99" ten="217,127,198,458" oya="3" hai0="97,134,119,127,6,35,45,101,51,47,114,37,30" hai1="75,8,60,29,69,115,74,18,4,78,36,82,98" hai2="109,96,41,80,49,111,86,102,79,128,1,71,76" hai3="88,103,107,104,85,25,68,105,135,124,61,131,43"/><W110/><G43/><T133/><D119/><U125/><E125/><V20/><F128/><W121/><G121/><T126/><D6/><U81/><E115/><V90/><F71/><W70/><G124/><N who="0" m="47659" /><D37/><U57/><E29/><V40/><F1/><W100/><G131/><T130/><D130/><U11/><E36/><V84/><F20/><W53/><G135/><N who="0" m="51723" /><D114/><U132/><E132/><V62/><F62/><W7/><G7/><T3/><D3/><U13/><E69/><V65/><F65/><W32/><G70/><T9/><D9/><U55/><E81/><N who="2" m="49423" /><F49/><W46/><G110/><N who="2" m="41993" /><F76/><W28/><G46/><T108/><D108/><U116/><E116/><V73/><F73/><W22/><G32/><T48/><D48/><U120/><E120/><V5/><F5/><W44/><G44/><T112/><D51/><U24/><E24/><V89/><F79/><W2/><G2/><T15/><D15/><U56/><E56/><V19/><F19/><W14/><G14/><T67/><D67/><U23/><E4/><V87/><F87/><W10/><G10/><T39/><D39/><U83/><E83/><V52/><F52/><W118/><G118/><T0/><D0/><U64/><E75/><V94/><AGARI ba="0,0" hai="40,41,80,86,89,94,96,102" m="41993,49423" machi="94" ten="30,2000,0" yaku="14,1,52,1" doraHai="99" who="2" fromWho="2" sc="217,-5,127,-5,198,20,458,-10" owari="212,-18.8,122,-37.8,218,1.8,448,54.8" /></mjloggm>