<mjloggm ver="2.3"><GO type="225" lobby="0"/><UN n0="%E6%9D%B1%E9%A2%A8%E3%81%AE%E3%81%8D%E3%82%83%E3%81%B7%E3%81%95%E3%82%93" n1="%E5%A4%9C%E3%81%AE%E3%82%AC%E3%82%B9%E3%83%91%E3%83%BC%E3%83%AB" n2="%61%6D%65%6B%69" n3="%E3%83%81%E3%83%AF%E3%83%AF%E9%9A%8A%E9%95%B7" dan="17,17,16,17" rate="2174.09,2194.57,2090.34,2189.06" sx="M,M,M,M"/><TAIKYOKU oya="0"/><INIT seed="0,0,0,4,5,24" ten="250,250,250,250" oya="0" hai0="41,40,84,64,66,9,127,36,0,52,47,73,129" hai1="79,99,106,19,62,38,35,7,126,81,54,87,90" hai2="8,33,50,34,122,71,117,72,112,37,134,61,12" hai3="14,17,5,18,82,109,131,95,57,31,10,105,91"/><T128/><D73/><N who="1" m="43247" /><E38/><V108/><F37/><W85/><G105/><T23/><D127/><U100/><E126/><V116/><F72/><W96/><G131/><N who="0" m="50251" /><D40/><U39/><E39/><V80/><F112/><W78/><G109/><T70/><D23/><U44/><E7/><V20/><F122/><W104/><G104/><T123/><D84/><U120/><E19/><V86/><F108/><W135/><G135/><T133/><D133/><U16/><E120/><V88/><F20/><W59/><G31/><T77/><D77/><U32/><E16/><AGARI ba="0,0" hai="5,10,14,16,17,18,57,59,78,82,85,91,95,96" machi="16" ten="40,2600,0" yaku="8,1,54,1" doraHai="24" who="3" fromWho="1" sc="250,0,250,-26,250,0,250,26" /><INIT seed="1,0,0,0,3,132" ten="250,224,250,276" oya="1" hai0="88,73,85,32,42,11,120,15,1,43,31,8,27" hai1="21,94,124,90,111,18,29,51,14,110,24,58,39" hai2="33,2,121,107,35,19,96,126,65,22,103,5,130" hai3="49,92,97,48,89,112,83,84,0,25,67,7,45"/><U125/><E39/><V37/><F37/><W133/><G112/><T118/><D73/><U46/><E58/><V66/><F121/><W55/><G133/><T76/><D120/><U113/><E113/><V119/><F119/><W50/><G67/><T38/><D118/><U74/><E74/><V68/><F130/><W9/><REACH who="3" step="1"/><G25/><REACH who="3" ten="250,224,250,266" step="2"/><T115/><D115/><U72/><E72/><V44/><F66/><W63/><G63/><T93/><D38/><U56/><E56/><V106/><F65/><W131/><G131/><T57/><D57/><U116/><E116/><V4/><F68/><W82/><G82/><T53/><D76/><AGARI ba="0,1" hai="0,7,9,45,48,49,50,55,76,83,84,89,92,97" machi="76" ten="30,2000,0" yaku="1,1,7,1,53,0" doraHai="132" doraHaiUra="13" who="3" fromWho="0" sc="250,-20,224,0,250,0,266,30" /><INIT seed="2,0,0,1,3,125" ten="230,224,250,296" oya="2" hai0="98,2,43,12,100,41,131,78,29,135,1,53,97" hai1="118,22,107,114,80,57,126,73,84,70,110,56,54" hai2="58,31,62,109,95,128,4,90,116,83,96,69,81" hai3="24,89,122,68,14,32,67,82,40,60,74,111,106"/><V94/><F116/><W102/><G122/><T64/><D78/><U134/><E114/><V129/><F69/><W46/><G111/><T85/><D64/><U104/><E70/><V6/><F109/><W7/><G7/><N who="2" m="2601" /><F31/><N who="3" m="19559" /><G14/><T130/><D85/><U52/><E110/><V8/><F8/><W13/><G13/><T35/><D12/><U115/><E115/><V124/><F95/><W37/><G89/><T79/><D79/><U103/><E118/><V99/><F99/><N who="0" m="37898" /><D100/><U44/><E73/><V28/><F28/><W48/><G48/><T71/><D71/><U75/><E75/><V72/><F72/><W123/><G123/><T51/><D29/><U11/><E103/><V92/><F92/><W15/><G15/><T86/><D86/><U42/><E84/><V120/><F124/><W133/><G102/><T65/><D65/><U36/><E126/><V30/><F30/><W38/><G74/><T63/><D63/><U39/><E107/><V3/><F3/><N who="0" m="1034" /><D35/><U132/><E104/><V93/><F93/><W59/><G106/><T16/><D16/><U121/><E121/><V101/><F101/><W112/><G112/><T108/><D108/><U33/><E33/><V77/><F77/><W17/><G68/><T18/><D18/><U21/><E39/><V105/><F105/><W5/><G17/><T127/><D127/><U19/><E19/><V87/><F120/><W55/><G5/><T91/><D91/><U61/><E36/><V66/><F87/><W49/><G37/><T88/><D88/><U26/><E26/><V34/><F34/><W9/><G38/><RYUUKYOKU ba="0,0" sc="230,-10,224,-10,250,30,296,-10" hai2="58,62,66,81,83,90,94,96,128,129" /><INIT seed="2,1,0,5,4,26" ten="220,214,280,286" oya="2" hai0="9,91,11,3,53,83,57,10,89,7,54,93,72" hai1="101,81,88,13,37,22,128,63,24,35,135,44,120" hai2="27,92,127,23,96,116,78,102,28,14,34,52,20" hai3="129,99,51,117,118,125,42,95,61,82,119,130,59"/><V39/><F39/><W65/><G125/><T132/><D132/><U29/><E135/><V122/><F116/><W105/><G105/><T36/><D36/><U47/><E128/><N who="3" m="49258" /><G82/><T31/><D31/><U114/><E114/><V109/><F122/><W73/><G73/><T86/><D53/><U60/><E120/><V38/><F38/><W90/><G51/><T76/><REACH who="0" step="1"/><D89/><REACH who="0" ten="210,214,280,286" step="2"/><U5/><E37/><V33/><F127/><W75/><G90/><T106/><D106/><U110/><E110/><V69/><F109/><W43/><G118/><T79/><D79/><U112/><E112/><V50/><F78/><W64/><G117/><T74/><D74/><U77/><E77/><V84/><F34/><W94/><G75/><T62/><AGARI ba="1,1" hai="3,7,9,10,11,54,57,62,72,76,83,86,91,93" machi="62" ten="20,2700,0" yaku="1,1,0,1,7,1,53,0" doraHai="26" doraHaiUra="113" who="0" fromWho="0" sc="210,40,214,-8,280,-14,286,-8" /><INIT seed="3,0,0,0,2,79" ten="250,206,266,278" oya="3" hai0="78,116,123,99,124,41,86,21,39,31,76,57,47" hai1="42,129,19,17,115,54,7,64,63,48,53,110,45" hai2="26,133,100,2,0,75,91,36,119,44,87,23,81" hai3="90,16,27,88,34,66,112,101,83,28,67,30,107"/><W55/><G112/><T65/><D116/><U103/><E115/><V8/><F119/><W82/><G107/><T43/><D123/><U38/><E110/><V29/><F133/><W15/><G101/><T4/><D124/><U6/><E129/><V12/><F75/><W72/><G55/><T92/><D4/><U50/><E103/><V13/><F100/><W95/><G90/><T94/><D43/><U32/><E32/><V10/><F44/><W59/><G30/><T104/><D104/><U37/><E45/><V125/><F36/><W74/><G74/><T120/><D120/><U25/><E25/><V102/><F102/><W22/><G72/><T73/><D73/><U118/><E118/><V135/><F135/><W122/><G122/><T18/><D31/><U117/><E117/><V80/><F125/><W70/><G70/><T1/><D1/><U69/><E63/><V108/><F108/><W33/><G33/><T60/><D99/><U11/><E69/><V49/><F49/><W77/><G77/><T128/><D128/><U126/><E126/><V61/><F61/><N who="3" m="38207" /><G67/><T3/><D3/><U24/><E64/><V89/><F2/><W84/><G34/><T111/><D111/><U40/><E24/><V93/><F0/><W121/><G121/><T58/><D58/><U132/><E132/><V130/><F130/><W68/><G68/><T97/><D97/><U14/><E14/><N who="2" m="5739" /><F91/><W5/><G28/><T71/><D71/><U114/><REACH who="1" step="1"/><E114/><REACH who="1" ten="250,196,266,278" step="2"/><V96/><F96/><W85/><G27/><N who="0" m="14775" /><D86/><N who="3" m="33385" /><G5/><T46/><D46/><U134/><E134/><V105/><F105/><RYUUKYOKU ba="0,1" sc="250,0,196,0,266,0,278,0" hai0="39,41,47,57,60,65,76,78,92,94" hai1="6,7,11,17,19,37,38,40,42,48,50,53,54" hai2="8,10,23,26,29,80,81,87,89,93" hai3="15,16,22,82,83,88,95" /><INIT seed="3,1,1,3,1,75" ten="250,196,266,278" oya="3" hai0="103,124,5,91,11,1,71,18,58,62,8,104,0" hai1="19,89,60,42,66,88,49,129,63,15,34,74,64" hai2="46,90,20,47,93,134,30,123,109,40,67,31,57" hai3="72,33,36,99,107,2,56,132,118,121,85,98,81"/><W117/><G36/><T23/><D124/><U80/><E34/><V101/><F109/><W106/><G2/><T73/><D71/><U21/><E129/><V16/><F101/><W53/><G33/><T133/><D133/><U28/><E28/><V45/><F40/><W84/><G53/><T44/><D44/><N who="1" m="25751" /><E74/><V95/><F134/><W100/><G56/><T50/><D50/><U87/><E89/><V94/><F90/><W122/><G132/><T105/><D73/><U26/><E26/><V54/><F67/><AGARI ba="1,1" hai="15,19,21,60,63,64,66,67,80,87,88" m="25751" machi="67" ten="30,2000,0" yaku="8,1,54,1" doraHai="75" who="1" fromWho="2" sc="250,0,196,33,266,-23,278,0" /><INIT seed="4,0,0,2,5,62" ten="250,229,243,278" oya="0" hai0="82,46,90,126,88,53,132,16,54,81,70,120,31" hai1="135,44,56,117,112,69,127,122,93,115,30,38,67" hai2="74,45,71,49,107,2,111,41,121,37,29,3,18" hai3="6,129,123,92,19,43,10,9,17,97,114,23,58"/><T55/><D120/><U48/><E30/><V5/><F121/><W26/><G123/><T51/><D70/><U15/><E122/><V39/><F111/><W116/><G116/><T109/><D31/><U11/><E117/><V60/><F107/><W95/><G129/><T27/><D109/><U99/><E127/><V35/><F18/><W85/><G114/><N who="1" m="43562" /><E38/><V134/><F134/><W42/><G19/><T118/><D132/><U57/><E135/><V128/><F128/><W4/><G85/><N who="0" m="50223" /><D126/><U124/><E124/><V68/><F68/><W0/><G58/><N who="1" m="22634" /><E93/><V75/><F49/><W72/><G92/><T25/><D118/><U20/><E99/><V36/><F36/><W8/><G95/><T21/><D27/><U79/><E79/><V84/><F39/><W133/><G97/><T131/><D131/><U34/><E20/><V47/><F47/><W101/><G23/><T28/><D28/><U98/><E34/><V89/><F35/><W33/><G33/><T66/><D66/><U50/><E98/><V13/><F29/><W14/><G133/><T96/><D96/><U77/><E77/><V105/><F105/><W65/><G65/><T7/><D7/><N who="1" m="3583" /><E44/><V83/><F3/><W78/><G0/><T59/><D46/><U12/><E12/><V63/><F2/><W113/><G113/><T125/><D125/><U24/><E24/><V102/><F102/><W103/><G26/><T87/><AGARI ba="0,0" hai="16,21,25,51,53,54,55,59,82,87,90" m="50223" machi="87" ten="30,6000,0" yaku="8,1,54,2" doraHai="62" who="0" fromWho="0" sc="250,60,229,-20,243,-20,278,-20" owari="310,41.0,209,-29.1,223,-17.7,258,5.8" /></mjloggm>