<mjloggm ver="2.3"><GO type="225" lobby="0"/><UN n0="%E3%82%B2%E3%82%B9%E8%8C%82%E5%8B%9D" n1="%72%69%6F%75%63%68%61%6E" n2="%E7%99%BD%E6%97%A5%E9%9B%AA%E8%8F%9C" n3="%6D%75%75%6D%75%72%61" dan="16,17,16,16" rate="2048.98,2214.08,2190.62,2093.68" sx="F,M,M,F"/><TAIKYOKU oya="0"/><INIT seed="0,0,0,3,4,108" ten="250,250,250,250" oya="0" hai0="118,47,34,42,4,123,19,64,88,1,96,40,39" hai1="101,86,11,133,113,61,52,135,72,68,36,53,21" hai2="115,51,41,111,114,2,60,71,6,125,26,124,126" hai3="104,18,89,54,38,131,132,80,59,76,44,56,128"/><T23/><D123/><U63/><E72/><V9/><F111/><W74/><G132/><N who="1" m="50762" /><E36/><V100/><F100/><W3/><G3/><T83/><D118/><U91/><E101/><V58/><F71/><W8/><G104/><T85/><D34/><U32/><E32/><V117/><F117/><W35/><G35/><T98/><D40/><U130/><E130/><N who="3" m="49706" /><G89/><T119/><D119/><U66/><E113/><N who="2" m="43019" /><F26/><W129/><N who="3" m="49714" /><W109/><DORA hai="22" /><G109/><T13/><REACH who="0" step="1"/><D64/><REACH who="0" ten="240,250,250,250" step="2"/><N who="1" m="40975" /><E11/><AGARI ba="0,1" hai="1,4,11,13,19,23,39,42,47,83,85,88,96,98" machi="11" ten="40,7700,0" yaku="1,1,54,1,53,1" doraHai="108,22" doraHaiUra="84,45" who="0" fromWho="1" sc="240,87,250,-77,250,0,250,0" /><INIT seed="0,1,0,3,0,24" ten="327,173,250,250" oya="0" hai0="125,112,71,36,44,65,32,6,40,121,14,3,22" hai1="122,38,113,16,25,103,119,45,87,94,56,9,46" hai2="109,11,95,132,114,73,34,108,59,50,64,85,76" hai3="4,13,75,106,30,90,62,96,15,133,83,19,134"/><T118/><D121/><U12/><E119/><V8/><F114/><W39/><G39/><T48/><D118/><U92/><E122/><V100/><F34/><W61/><G106/><T86/><D112/><U99/><E113/><V67/><F132/><N who="3" m="50795" /><G96/><T104/><D104/><U72/><E72/><V28/><F73/><W21/><G30/><T69/><D125/><U29/><E38/><V2/><F28/><W37/><G37/><T51/><D32/><U20/><E56/><V18/><F100/><W79/><G90/><AGARI ba="1,0" hai="9,12,16,20,25,29,45,46,87,90,92,94,99,103" machi="90" ten="40,5200,0" yaku="8,1,52,1,54,1" doraHai="24" who="1" fromWho="3" sc="327,0,173,55,250,0,250,-55" /><INIT seed="1,0,0,4,4,121" ten="327,228,250,195" oya="1" hai0="27,104,126,21,45,51,7,129,23,49,133,0,75" hai1="124,62,43,26,73,3,115,25,116,93,46,77,135" hai2="16,67,122,66,94,13,88,105,72,111,106,33,87" hai3="11,82,18,89,6,41,38,90,60,64,58,119,12"/><U29/><E115/><V96/><F122/><W4/><G119/><T55/><D104/><U102/><E116/><V20/><F33/><W99/><G38/><T92/><D75/><U9/><E124/><V130/><F130/><W131/><G131/><T65/><D129/><U81/><E135/><V83/><F111/><W120/><G120/><T100/><D133/><U36/><E62/><V76/><F106/><W5/><G41/><T108/><D108/><U19/><E19/><V53/><F53/><W134/><G134/><T59/><D126/><U57/><E57/><V127/><F127/><W110/><G110/><T71/><D71/><U128/><E128/><V84/><F84/><W1/><G1/><T54/><D65/><U103/><E93/><V8/><F8/><W123/><G123/><T91/><D100/><AGARI ba="0,0" hai="13,16,20,66,67,72,76,83,87,88,94,96,100,105" machi="100" ten="40,8000,1" yaku="24,2,54,2" doraHai="121" who="2" fromWho="0" sc="327,-80,228,0,250,80,195,0" /><INIT seed="2,0,0,3,4,69" ten="247,228,330,195" oya="2" hai0="74,111,84,22,23,39,89,48,127,30,92,54,47" hai1="56,35,21,52,45,59,98,37,44,133,60,81,82" hai2="91,86,90,116,126,94,32,125,70,113,72,100,85" hai3="108,50,8,77,119,1,13,28,40,25,76,57,104"/><V49/><F113/><W66/><G119/><T102/><D111/><U120/><E35/><V122/><F116/><W27/><G108/><T34/><D127/><N who="2" m="48650" /><F70/><W121/><G121/><T93/><D74/><U112/><E112/><V114/><F32/><W135/><G135/><T88/><D102/><U128/><E128/><V3/><F3/><W71/><G1/><T61/><D39/><U124/><E124/><V29/><F29/><W14/><G104/><T51/><D61/><U53/><E133/><V80/><F114/><W0/><G0/><T132/><D132/><U31/><E120/><V99/><F49/><W63/><G13/><T4/><D4/><U67/><E98/><V83/><F72/><W134/><G134/><T78/><D78/><U38/><E31/><V87/><F122/><W46/><G71/><T106/><D106/><U11/><E11/><V17/><F17/><W109/><G109/><T96/><D30/><U12/><E12/><V24/><F24/><W7/><REACH who="3" step="1"/><G25/><REACH who="3" ten="247,228,330,185" step="2"/><T42/><D34/><AGARI ba="0,1" hai="7,8,14,27,28,34,40,46,50,57,63,66,76,77" machi="34" ten="30,7700,0" yaku="1,1,2,1,7,1,53,1" doraHai="69" doraHaiUra="43" who="3" fromWho="0" sc="247,-77,228,0,330,0,185,87" /><INIT seed="3,0,0,4,5,61" ten="170,228,330,272" oya="3" hai0="116,53,73,64,95,27,101,135,66,45,127,88,121" hai1="114,123,22,65,62,8,68,104,60,94,131,111,58" hai2="30,74,51,15,2,69,93,57,75,122,29,130,46" hai3="59,84,133,38,72,33,40,63,42,47,23,9,6"/><W77/><G133/><T134/><D116/><U125/><E123/><V28/><F2/><W21/><G33/><T79/><D121/><U113/><E104/><V7/><F69/><W100/><G40/><T3/><D3/><U10/><E111/><V11/><F122/><W39/><G39/><T106/><D127/><U117/><E125/><V89/><F57/><W128/><G128/><T16/><D101/><U32/><E32/><V20/><F130/><W1/><G84/><N who="0" m="52615" /><D106/><U48/><E131/><V86/><F74/><W115/><G100/><T14/><D27/><U56/><E117/><V67/><F75/><W92/><G92/><T112/><D112/><U71/><E94/><V78/><F78/><W81/><G115/><N who="1" m="44042" /><E22/><V124/><F124/><W76/><REACH who="3" step="1"/><G76/><REACH who="3" ten="170,228,330,262" step="2"/><T90/><D90/><U107/><E107/><V82/><F93/><W49/><G49/><N who="0" m="28847" /><D79/><U126/><E126/><V50/><F89/><W83/><G83/><T19/><D73/><U13/><E48/><V98/><F51/><W4/><G4/><T26/><D134/><U43/><E43/><V120/><F82/><W129/><G129/><T87/><D87/><U110/><E110/><V52/><F86/><W132/><G132/><T41/><D41/><U105/><E105/><V24/><F120/><W35/><G35/><T108/><D135/><U80/><E80/><V91/><F7/><W118/><G118/><T96/><D108/><U25/><E68/><V55/><F50/><W103/><G103/><T119/><D119/><U102/><E71/><V34/><F34/><W99/><G99/><T54/><D96/><RYUUKYOKU ba="0,1" sc="170,-10,228,-10,330,-10,262,30" hai3="1,6,9,21,23,38,42,47,59,63,72,77,81" /><INIT seed="3,1,1,1,0,24" ten="160,218,320,292" oya="3" hai0="135,118,99,134,60,5,18,15,127,76,11,85,54" hai1="52,108,16,40,56,80,129,44,23,92,48,63,28" hai2="131,27,57,10,94,25,86,1,73,114,81,35,84" hai3="8,105,39,20,117,95,26,65,104,90,128,62,29"/><W125/><G117/><T89/><D118/><U70/><E108/><V66/><F114/><W37/><G128/><T42/><D127/><U46/><E129/><V87/><F131/><W101/><G125/><T7/><D99/><U130/><E130/><V112/><F112/><W67/><G8/><T72/><D42/><U33/><E80/><V45/><F73/><W96/><G67/><T77/><D134/><U50/><E70/><V107/><F107/><N who="3" m="41035" /><G90/><T17/><D135/><U6/><E6/><V113/><F81/><W64/><G64/><T22/><D72/><U123/><E123/><V51/><F10/><W106/><N who="3" m="41043" /><W133/><DORA hai="68" /><G133/><T126/><D126/><U71/><E71/><V74/><F113/><W59/><AGARI ba="1,1" hai="20,26,29,37,39,59,62,65,95,96,101" m="41043" machi="59" ten="40,12000,1" yaku="25,1,52,3" doraHai="24,68" who="3" fromWho="3" sc="160,-41,218,-41,320,-41,292,133" owari="119,-38.1,177,-22.3,279,7.9,425,52.5" /></mjloggm>