<mjloggm ver="2.3"><GO type="225" lobby="0"/><UN n0="%E3%81%82%E3%83%BC%E3%81%97" n1="%E5%B8%86%E7%AB%8B%E5%A4%8F%E8%A1%A3" n2="%72%69%6F%75%63%68%61%6E" n3="%43%68%65" dan="16,17,17,16" rate="2089.75,2146.61,2289.83,2089.60" sx="M,M,M,M"/><TAIKYOKU oya="0"/><INIT seed="0,0,0,5,0,77" ten="250,250,250,250" oya="0" hai0="90,36,3,22,117,82,60,66,59,68,14,30,42" hai1="50,54,15,48,25,110,76,100,13,122,65,133,120" hai2="115,113,134,67,40,39,130,10,72,93,91,57,41" hai3="16,129,81,125,20,1,63,104,123,37,116,53,128"/><T55/><D117/><U29/><E110/><V89/><F130/><N who="3" m="50283" /><G116/><T85/><D3/><U135/><E100/><V108/><F108/><W49/><G37/><T95/><D36/><U99/><E99/><V80/><F134/><N who="1" m="51209" /><E65/><V43/><F39/><W56/><G1/><T31/><D42/><U2/><E76/><V0/><F67/><W92/><G104/><T132/><D132/><U28/><E2/><V26/><F57/><W118/><G118/><T84/><D14/><N who="1" m="5131" /><E54/><V12/><F0/><W17/><G123/><N who="1" m="47146" /><E25/><V52/><F26/><W45/><G92/><T64/><D22/><U111/><E111/><V38/><F38/><W19/><G20/><T97/><D85/><U73/><E73/><V35/><F72/><W46/><G46/><T103/><REACH who="0" step="1"/><D66/><REACH who="0" ten="240,250,250,250" step="2"/><U105/><E105/><V101/><F41/><W98/><G98/><T9/><D9/><U5/><E5/><V61/><F40/><W33/><G53/><T112/><D112/><U96/><E96/><N who="2" m="59535" /><F43/><W106/><G106/><T114/><D114/><U34/><E34/><V69/><F35/><W126/><G33/><T78/><D78/><U62/><E62/><AGARI ba="0,1" hai="30,31,55,59,60,62,64,68,82,84,90,95,97,103" machi="62" ten="30,5800,0" yaku="1,1,7,1,52,1,53,0" doraHai="77" doraHaiUra="11" who="0" fromWho="1" sc="240,68,250,-58,250,0,250,0" /><INIT seed="0,1,0,1,1,42" ten="308,192,250,250" oya="0" hai0="134,92,90,65,30,52,100,86,132,4,6,15,16" hai1="73,102,70,39,126,44,121,54,130,111,99,32,89" hai2="74,34,105,133,38,98,78,127,8,120,95,114,11" hai3="7,108,72,41,35,5,40,12,25,33,66,45,48"/><T96/><D65/><U128/><E121/><V22/><F120/><W62/><G72/><T26/><D30/><U124/><E73/><V81/><F127/><N who="1" m="48681" /><E32/><V87/><F133/><N who="0" m="51306" /><D26/><U24/><E24/><V64/><F114/><W17/><G108/><T56/><D100/><U47/><E111/><V61/><F34/><W1/><G41/><T110/><D96/><U36/><E89/><V80/><F38/><N who="1" m="14377" /><E70/><V101/><F22/><W76/><G76/><T71/><D71/><U18/><E18/><V37/><F37/><W97/><G97/><T135/><D110/><U85/><E85/><V77/><REACH who="2" step="1"/><F105/><REACH who="2" ten="308,192,240,250" step="2"/><W117/><G35/><T69/><D135/><U29/><E29/><V50/><F50/><W51/><G51/><N who="0" m="30751" /><D69/><AGARI ba="1,1" hai="8,11,61,64,69,74,77,78,80,81,87,95,98,101" machi="69" ten="30,3900,0" yaku="1,1,7,1,53,1" doraHai="42" doraHaiUra="107" who="2" fromWho="0" sc="308,-42,192,0,240,52,250,0" /><INIT seed="1,0,0,1,2,109" ten="266,192,292,250" oya="1" hai0="108,111,90,70,64,56,67,93,72,122,130,30,82" hai1="86,100,20,113,107,21,87,134,84,45,29,47,46" hai2="32,53,110,17,116,54,52,15,83,55,33,6,2" hai3="51,98,132,97,35,5,125,96,74,65,38,88,42"/><U73/><E134/><V78/><F110/><N who="0" m="42026" /><D70/><U99/><E73/><V39/><F116/><W101/><G132/><T80/><D130/><U9/><E9/><V23/><F39/><W25/><G38/><T114/><D114/><U14/><E29/><V69/><F69/><W27/><G74/><T26/><D56/><U106/><E106/><V124/><F124/><W57/><G125/><T77/><D82/><U71/><E71/><V1/><N who="2" m="13312" /><DORA hai="105" /><V3/><REACH who="2" step="1"/><F6/><REACH who="2" ten="266,192,282,250" step="2"/><W22/><G5/><T102/><D122/><U24/><E113/><V95/><F95/><W81/><G65/><T127/><D127/><U13/><REACH who="1" step="1"/><E24/><REACH who="1" ten="266,182,282,250" step="2"/><V31/><F31/><W103/><G27/><T129/><D26/><U117/><E117/><V37/><F37/><W7/><G25/><T119/><D30/><U128/><E128/><V0/><N who="2" m="0" /><DORA hai="79" /><V91/><F91/><W76/><G88/><T75/><D90/><U12/><AGARI ba="0,2" hai="12,13,14,20,21,45,46,47,84,86,87,99,100,107" machi="12" ten="40,12000,1" yaku="1,1,0,1,29,2,53,1" doraHai="109,105,79" doraHaiUra="118,94,59" who="1" fromWho="1" sc="266,-40,182,140,282,-40,250,-40" /><INIT seed="1,1,0,1,1,111" ten="226,322,242,210" oya="1" hai0="35,21,42,104,1,109,97,61,74,78,134,18,105" hai1="127,13,96,121,6,44,99,91,93,5,89,122,64" hai2="70,73,133,2,22,83,115,126,135,26,123,55,120" hai3="32,107,101,33,25,102,113,114,117,112,30,46,14"/><U31/><E127/><V68/><F126/><W124/><G124/><T40/><D35/><U92/><E31/><V69/><F2/><W125/><G125/><T50/><D1/><U23/><E64/><V27/><F55/><W60/><G117/><T28/><D109/><U8/><E23/><V34/><F34/><W57/><G107/><T116/><D28/><U62/><E62/><V9/><F9/><W3/><G3/><T12/><D116/><U132/><E132/><N who="2" m="50763" /><F115/><W37/><G33/><T51/><D61/><U20/><E20/><V81/><F73/><W11/><G46/><T41/><D134/><U95/><E95/><V58/><F58/><W47/><G47/><T71/><D71/><U65/><E65/><V4/><F4/><W45/><G45/><T48/><REACH who="0" step="1"/><D97/><REACH who="0" ten="216,322,242,210" step="2"/><U17/><E122/><N who="2" m="46635" /><F27/><W29/><G29/><AGARI ba="1,1" hai="22,26,29,68,69,70,81,83" m="46635,50763" machi="29" ten="40,1300,0" yaku="20,1" doraHai="111" who="2" fromWho="3" sc="216,0,322,0,242,26,210,-16" /><INIT seed="2,0,0,3,4,107" ten="216,322,268,194" oya="2" hai0="105,29,61,87,14,8,48,24,21,4,114,65,56" hai1="122,7,92,111,113,83,66,69,42,131,51,134,57" hai2="27,126,52,60,112,64,108,45,120,40,38,79,119" hai3="18,98,95,109,97,25,128,26,2,75,22,129,50"/><V110/><F112/><W124/><G2/><T78/><D105/><U80/><E113/><V47/><F79/><W33/><G109/><N who="2" m="42089" /><F27/><W72/><G124/><T91/><D114/><U36/><E111/><V76/><F119/><W127/><G127/><T132/><D132/><U106/><E106/><V9/><F126/><W16/><G50/><T41/><D78/><U99/><E134/><V84/><F120/><W59/><G59/><T77/><D77/><U31/><E31/><V101/><F101/><W12/><G33/><T39/><D39/><U10/><E131/><N who="3" m="50250" /><G98/><T130/><D130/><U5/><E122/><V43/><F9/><N who="3" m="6415" /><G26/><T70/><D70/><U35/><E35/><V1/><F1/><W93/><G93/><T71/><D71/><U62/><E10/><V17/><F17/><W23/><G22/><T37/><D37/><U19/><E19/><V135/><F135/><W88/><AGARI ba="0,0" hai="16,23,25,72,75,88,95,97" m="6415,50250" machi="88" ten="30,8000,1" yaku="19,1,52,2,54,2" doraHai="107" who="3" fromWho="3" sc="216,-20,322,-20,268,-40,194,80" /><INIT seed="3,0,0,5,2,117" ten="196,302,228,274" oya="3" hai0="61,20,19,134,28,23,99,131,65,82,6,128,115" hai1="109,32,111,7,24,83,92,80,15,56,113,22,68" hai2="18,129,57,89,108,39,67,130,3,114,2,91,9" hai3="44,17,96,33,77,97,125,110,102,123,35,69,37"/><W74/><G97/><T88/><D115/><U41/><E68/><V86/><F108/><N who="1" m="41545" /><E113/><V0/><F114/><W46/><G46/><T53/><D134/><U48/><E92/><V132/><F132/><W36/><G110/><T76/><D6/><U106/><E106/><V38/><F9/><W124/><G17/><T135/><D135/><U93/><E93/><V107/><F18/><W121/><G69/><T73/><D53/><N who="1" m="31783" /><E32/><N who="3" m="12362" /><G77/><T43/><D43/><U45/><E15/><V8/><F8/><W87/><G87/><T103/><D28/><N who="1" m="17431" /><E7/><V26/><F26/><W31/><G31/><T58/><D88/><N who="2" m="33866" /><F107/><N who="3" m="63943" /><G74/><T47/><D47/><U122/><E122/><N who="3" m="46602" /><G44/><T50/><D50/><AGARI ba="0,0" hai="41,45,50,80,83" m="17431,31783,41545" machi="50" ten="30,1000,0" yaku="14,1" doraHai="117" who="1" fromWho="0" sc="196,-10,302,10,228,0,274,0" owari="186,-31.4,312,41.2,228,-17.2,274,7.4" /></mjloggm>