<mjloggm ver="2.3"><GO type="225" lobby="0"/><UN n0="%72%61%6B%33" n1="%E9%80%86%E9%80%A3%E5%B8%AF%E3%81%AE%E9%AC%BC" n2="%E9%B3%B3%E6%9D%B1%E3%81%AE%E3%81%BF%E3%81%91%E3%81%AB%E3%82%83%E3%82%93" n3="%E3%81%BF%E3%81%BF%E3%81%9A" dan="16,16,17,17" rate="2097.13,2132.49,2169.91,2264.79" sx="M,M,F,M"/><TAIKYOKU oya="0"/><INIT seed="0,0,0,2,3,91" ten="250,250,250,250" oya="0" hai0="113,114,6,15,73,69,65,52,124,28,49,26,62" hai1="10,0,70,130,93,94,68,90,76,55,25,34,120" hai2="80,127,105,79,85,125,53,122,12,133,66,116,98" hai3="101,8,74,39,97,131,112,36,31,107,118,41,82"/><T63/><D124/><N who="2" m="47690" /><F66/><W72/><G112/><T54/><D73/><U95/><E120/><V21/><F122/><W32/><G118/><T111/><D111/><U135/><E135/><V29/><F133/><W23/><G23/><T14/><D63/><U42/><E130/><V45/><F116/><W17/><G17/><T40/><D40/><U2/><E76/><V119/><F119/><W44/><G131/><T87/><D87/><U48/><E42/><V96/><F105/><W59/><G82/><T78/><D78/><U132/><E132/><V5/><F5/><W1/><G59/><T84/><D84/><U9/><E90/><V88/><F79/><W67/><G67/><T35/><D54/><U115/><E115/><V61/><F12/><W20/><G20/><T11/><REACH who="0" step="1"/><D15/><REACH who="0" ten="240,250,250,250" step="2"/><U104/><E55/><V64/><F64/><W100/><G74/><T27/><D27/><U99/><E25/><N who="2" m="16559" /><F61/><W92/><G72/><T43/><D43/><U60/><E60/><V83/><F83/><W37/><G41/><T58/><AGARI ba="0,1" hai="6,11,14,26,28,35,49,52,58,62,65,69,113,114" machi="58" ten="20,7800,0" yaku="1,1,0,1,7,1,54,1,53,0" doraHai="91" doraHaiUra="18" who="0" fromWho="0" sc="240,88,250,-26,250,-26,250,-26" /><INIT seed="0,1,0,4,0,21" ten="328,224,224,224" oya="0" hai0="105,51,50,100,40,110,107,34,134,125,36,23,96" hai1="85,2,20,43,8,71,6,46,108,47,133,29,98" hai2="60,127,116,22,92,112,31,3,76,97,5,81,57" hai3="87,70,122,79,28,62,55,135,42,12,86,91,115"/><T10/><D125/><U83/><E133/><V78/><F112/><W13/><G115/><T37/><D34/><U1/><E108/><V26/><F127/><W123/><G135/><T118/><D134/><U68/><E1/><V84/><F116/><W25/><G42/><T124/><D124/><U74/><E74/><V104/><F104/><W128/><G79/><T65/><D118/><U77/><E98/><V7/><F78/><W32/><G128/><T45/><D110/><U61/><E61/><V80/><F80/><W106/><G106/><T93/><D65/><U72/><E85/><N who="3" m="32266" /><G91/><T63/><D107/><U9/><E9/><V66/><F3/><W56/><G70/><T14/><D105/><U59/><E59/><V114/><F114/><W75/><G75/><T90/><D90/><AGARI ba="1,0" hai="5,7,22,26,31,57,60,66,76,81,84,90,92,97" machi="90" ten="30,3900,0" yaku="7,1,8,1,52,1" doraHai="21" who="2" fromWho="0" sc="328,-42,224,0,224,42,224,0" /><INIT seed="1,0,0,5,5,45" ten="286,224,266,224" oya="1" hai0="41,54,7,53,101,6,29,69,109,61,55,95,13" hai1="19,97,98,117,80,49,26,8,77,33,71,104,84" hai2="124,102,120,21,103,128,46,44,25,94,24,3,22" hai3="114,31,28,92,18,83,75,73,14,82,133,65,34"/><U37/><E37/><V93/><F3/><W58/><G114/><T76/><D109/><U30/><E117/><V2/><F2/><W62/><G133/><T90/><D101/><U64/><E104/><V59/><F59/><W123/><G123/><T131/><D131/><U40/><E71/><V105/><F105/><W52/><G75/><T12/><D76/><U111/><E64/><V121/><F128/><W113/><G113/><T39/><D29/><N who="3" m="11337" /><G73/><T57/><D69/><U60/><E60/><V48/><F48/><N who="3" m="30983" /><G34/><T122/><D122/><U134/><E134/><V0/><F0/><W16/><G18/><T72/><D41/><U87/><E111/><V10/><F10/><N who="3" m="6231" /><G92/><T85/><D72/><U79/><E19/><V119/><F119/><W15/><G15/><N who="0" m="5707" /><D39/><U127/><E8/><V63/><F63/><W1/><G1/><T74/><D74/><U32/><E32/><V42/><F42/><W99/><G99/><T27/><D27/><U68/><E68/><V51/><F51/><W106/><G106/><T70/><D70/><U5/><E98/><V88/><F124/><W110/><G110/><T100/><D61/><U9/><E127/><V129/><F129/><W115/><G115/><T116/><D116/><U78/><E97/><V89/><AGARI ba="0,0" hai="21,22,24,25,44,46,88,89,93,94,102,103,120,121" machi="89" ten="25,6400,0" yaku="0,1,22,2,54,1" doraHai="45" who="2" fromWho="2" sc="286,-16,224,-32,266,64,224,-16" /><INIT seed="2,0,0,1,1,35" ten="270,192,330,208" oya="2" hai0="19,39,102,121,44,80,119,57,97,103,77,89,114" hai1="65,125,105,100,90,115,93,94,34,111,5,56,92" hai2="81,47,52,132,26,109,17,2,27,7,51,110,128" hai3="55,126,4,41,14,73,29,1,24,22,30,11,101"/><V61/><F132/><W79/><G126/><T18/><D114/><U133/><E34/><V117/><F117/><W16/><G101/><T58/><D121/><U32/><E32/><V107/><F107/><W0/><G41/><T13/><D119/><U20/><E115/><V75/><F128/><W31/><REACH who="3" step="1"/><G55/><REACH who="3" ten="270,192,330,198" step="2"/><T71/><D103/><U23/><E125/><V99/><F109/><W10/><G10/><T120/><D102/><U28/><E111/><V63/><F110/><W84/><G84/><T82/><D97/><U95/><E100/><V72/><F99/><W104/><G104/><T85/><D85/><U123/><E105/><V59/><F72/><W62/><G62/><T134/><D120/><U66/><E123/><V127/><F127/><W88/><G88/><T36/><D89/><U87/><E90/><V135/><F63/><W15/><G15/><T76/><D13/><U9/><E87/><V69/><F61/><W83/><AGARI ba="0,1" hai="0,1,4,11,14,16,22,24,29,30,31,73,79,83" machi="83" ten="30,8000,1" yaku="1,1,0,1,52,2,54,1,53,0" doraHai="35" doraHaiUra="91" who="3" fromWho="3" sc="270,-20,192,-20,330,-40,198,90" /><INIT seed="3,0,0,3,2,0" ten="250,172,290,288" oya="3" hai0="62,131,96,6,32,43,45,5,120,90,111,66,60" hai1="108,56,52,44,54,70,53,133,21,48,123,72,83" hai2="14,34,119,81,17,100,102,101,42,49,39,128,65" hai3="19,10,59,93,64,110,15,121,91,40,85,71,115"/><W29/><G115/><T84/><D120/><U37/><E123/><V27/><F39/><W127/><G121/><T125/><D32/><U107/><E107/><V3/><F3/><W117/><G117/><T47/><D111/><U122/><E122/><V94/><F119/><W106/><G106/><T86/><D125/><U98/><E108/><V22/><F128/><W24/><G110/><T36/><D131/><U16/><E70/><V12/><F81/><W109/><G109/><T9/><D47/><U118/><E118/><V35/><F65/><W13/><G127/><T30/><D30/><U51/><E133/><V78/><F78/><W1/><G40/><T77/><D9/><U104/><E37/><V28/><F35/><W103/><G103/><T92/><D62/><U55/><E98/><N who="2" m="59479" /><F34/><W74/><G74/><T69/><REACH who="0" step="1"/><D96/><REACH who="0" ten="240,172,290,288" step="2"/><U80/><E104/><V41/><F41/><W134/><G134/><T23/><D23/><U26/><E72/><V114/><F114/><W113/><G113/><T7/><D7/><U67/><E67/><V126/><F126/><W61/><G71/><T105/><D105/><U112/><E112/><V2/><F42/><AGARI ba="0,1" hai="16,21,26,42,44,48,51,52,53,54,55,56,80,83" machi="42" ten="40,5200,0" yaku="8,1,54,2" doraHai="0" who="1" fromWho="2" sc="240,0,172,62,290,-52,288,0" /><INIT seed="4,0,0,4,5,85" ten="240,234,238,288" oya="0" hai0="44,132,121,30,108,6,67,95,106,10,50,115,16" hai1="86,9,56,123,1,96,5,64,91,54,92,22,31" hai2="13,34,52,80,28,113,88,25,109,3,72,65,53" hai3="79,58,104,45,21,81,12,59,75,100,110,120,114"/><T111/><D106/><U61/><E123/><V46/><F109/><N who="0" m="42058" /><D121/><U49/><E31/><V76/><F3/><W35/><G35/><T68/><D30/><U130/><E130/><V107/><F107/><W69/><G69/><T18/><D115/><U71/><REACH who="1" step="1"/><E22/><REACH who="1" ten="240,224,238,288" step="2"/><V101/><F28/><W24/><G21/><T0/><D132/><U37/><E37/><V135/><F135/><W73/><G120/><T124/><D124/><U48/><E48/><V78/><F34/><W11/><G110/><T129/><D129/><U89/><E89/><V131/><F88/><W40/><G114/><T99/><D68/><U116/><E116/><V36/><F36/><W29/><G29/><T33/><D33/><U57/><E57/><V17/><F113/><W19/><G59/><T133/><D133/><U23/><E23/><V98/><F131/><W39/><G58/><T2/><D2/><U128/><E128/><V41/><F78/><W47/><G47/><T14/><D0/><U119/><E119/><V112/><F112/><W42/><G39/><T77/><D77/><U7/><E7/><V97/><F76/><W122/><G45/><T20/><D20/><U38/><E38/><V51/><F46/><W63/><G24/><T118/><D118/><U60/><E60/><V74/><F25/><W93/><G63/><T134/><D134/><U102/><E102/><V117/><F101/><W15/><G79/><T26/><D26/><U90/><E90/><V8/><F51/><W82/><G122/><T105/><D50/><U43/><E43/><V127/><F117/><W103/><G40/><RYUUKYOKU ba="0,1" sc="240,-10,224,30,238,-10,288,-10" hai1="1,5,9,49,54,56,61,64,71,86,91,92,96" /><INIT seed="5,1,1,3,4,41" ten="230,254,228,278" oya="1" hai0="109,31,45,59,132,88,2,86,116,114,90,111,83" hai1="71,18,29,21,120,51,49,47,92,77,102,48,70" hai2="91,6,16,52,126,33,5,105,115,133,17,134,19" hai3="35,129,119,60,97,124,13,117,34,84,11,81,22"/><U128/><E120/><V4/><F105/><W42/><G124/><T125/><D2/><U58/><E128/><V85/><F126/><W43/><G129/><T28/><D116/><N who="3" m="44617" /><G22/><T73/><D125/><U112/><E112/><V68/><F68/><W130/><G97/><T7/><D7/><N who="2" m="1794" /><V8/><DORA hai="122" /><F33/><N who="3" m="12299" /><G130/><T27/><D114/><U14/><E29/><V32/><F32/><W56/><G13/><T3/><D3/><U66/><E77/><V82/><F115/><W101/><G11/><T100/><D28/><U110/><E110/><V131/><F131/><W62/><G101/><T61/><D100/><U23/><E23/><V103/><F103/><W93/><G93/><T46/><D31/><U44/><E71/><V99/><F99/><W65/><G62/><T98/><D98/><N who="1" m="59719" /><E70/><V67/><F8/><W95/><G95/><T89/><D111/><U54/><E66/><V72/><F67/><W69/><G69/><T50/><D109/><U39/><E39/><V64/><F64/><W0/><G0/><T55/><D27/><U25/><E25/><V123/><F123/><W106/><G106/><T10/><D10/><U79/><E79/><AGARI ba="1,1" hai="42,43,56,60,65,79,81,84" m="12299,44617" machi="79" ten="30,1000,0" yaku="12,1" doraHai="41,122" who="3" fromWho="1" sc="230,0,254,-13,228,0,278,23" owari="230,-17.0,241,4.1,228,-27.2,301,40.1" /></mjloggm>