<mjloggm ver="2.3"><GO type="225" lobby="0"/><UN n0="%E5%AD%90%E4%BE%9B%E4%BC%9A%E5%93%A1" n1="%4C%4F%4C%49%54%41" n2="%E3%81%A4%E3%81%A3%E3%81%B1%E3%82%8A%E3%83%9D%E3%83%BC%E3%83%AB" n3="%E3%82%A2%E3%83%A1%E3%82%A2%E3%83%A9%E3%83%AC" dan="17,16,16,16" rate="2140.84,2194.47,2077.85,2084.90" sx="M,F,M,M"/><TAIKYOKU oya="0"/><INIT seed="0,0,0,2,3,67" ten="250,250,250,250" oya="0" hai0="98,2,12,46,89,122,104,96,110,116,23,25,127" hai1="5,112,135,43,133,52,74,95,61,81,119,88,94" hai2="129,100,132,10,0,72,120,103,91,42,102,90,11" hai3="14,21,47,13,4,56,40,24,35,44,78,8,37"/><T85/><D122/><U27/><E119/><V75/><F120/><W66/><G35/><T16/><D2/><U38/><E5/><V57/><F0/><W124/><G124/><T83/><D116/><U60/><E112/><V82/><F42/><W69/><G69/><T79/><D110/><U77/><E27/><V114/><F57/><W121/><G121/><T7/><D127/><U84/><E95/><V59/><F59/><W50/><G78/><T76/><D46/><N who="1" m="23927" /><E52/><V22/><F22/><W68/><G14/><T36/><D36/><U53/><E53/><V130/><F132/><AGARI ba="0,0" hai="60,61,74,77,81,84,88,94,132,133,135" m="23927" machi="132" ten="30,2000,0" yaku="20,1,54,1" doraHai="67" who="1" fromWho="2" sc="250,0,250,20,250,-20,250,0" /><INIT seed="1,0,0,0,0,65" ten="250,270,230,250" oya="1" hai0="97,76,111,103,40,44,33,6,78,135,59,38,46" hai1="25,118,50,122,116,64,67,80,110,68,100,4,77" hai2="112,14,32,83,5,71,134,48,79,72,123,119,47" hai3="127,85,29,63,39,99,93,61,106,42,114,49,28"/><U75/><E122/><V88/><F123/><W12/><G114/><T19/><D33/><U30/><E4/><V53/><F119/><W22/><G127/><T37/><D6/><U98/><E50/><V16/><F32/><W120/><G39/><T115/><D115/><U57/><E57/><V51/><F112/><W66/><G106/><T43/><D111/><U3/><E3/><V108/><F108/><W82/><G120/><T84/><D135/><U133/><E133/><V104/><F104/><W52/><G42/><T26/><D84/><U35/><E67/><V11/><F134/><W101/><G12/><T109/><D109/><U126/><E126/><V128/><F128/><W27/><G29/><T81/><D81/><U129/><E129/><V70/><F88/><N who="3" m="51255" /><G66/><T124/><D124/><U17/><E17/><V92/><F92/><W117/><G117/><T2/><D2/><U8/><E8/><V125/><F125/><W1/><G1/><T21/><REACH who="0" step="1"/><D59/><AGARI ba="0,0" hai="22,27,28,49,52,59,61,63,93,99,101" m="51255" machi="59" ten="30,3900,0" yaku="8,1,54,2" doraHai="65" who="3" fromWho="0" sc="250,-39,270,0,230,0,250,39" /><INIT seed="2,0,0,1,4,69" ten="211,270,230,289" oya="2" hai0="9,122,65,78,96,42,126,56,66,47,129,51,119" hai1="14,84,123,90,135,22,36,30,15,114,97,116,89" hai2="106,95,41,124,85,120,81,6,38,109,12,24,8" hai3="127,110,107,74,82,25,60,113,61,2,44,72,134"/><V131/><F120/><W80/><G110/><T39/><D122/><U99/><E123/><V13/><F106/><W94/><G2/><T98/><D129/><U31/><E114/><V3/><F131/><W4/><G107/><T87/><D126/><U27/><E116/><V133/><F124/><W52/><G4/><T57/><D119/><U34/><E36/><V11/><F109/><W5/><G5/><T101/><D9/><U58/><E135/><V108/><F108/><W17/><G74/><T68/><D68/><U28/><E34/><V53/><F133/><W1/><G1/><T117/><D117/><U91/><E84/><V23/><F95/><W73/><G73/><T111/><D111/><U63/><E14/><V45/><F53/><W7/><G7/><T50/><D98/><N who="1" m="37387" /><E15/><V104/><F104/><W132/><G72/><T128/><D128/><U0/><E0/><V71/><F71/><W26/><G113/><T59/><D87/><U70/><E70/><V115/><F115/><W79/><G127/><T121/><D78/><U86/><E86/><V77/><REACH who="2" step="1"/><F11/><REACH who="2" ten="211,270,220,289" step="2"/><W55/><G132/><T75/><D121/><U49/><E49/><V103/><F103/><W67/><G134/><T35/><D51/><U83/><E83/><V118/><F118/><W10/><G80/><T88/><D50/><U130/><E130/><V76/><F76/><W112/><G82/><T100/><D100/><U37/><E37/><V48/><F48/><W105/><G79/><T33/><D101/><U19/><E90/><V43/><F43/><W20/><G112/><T29/><D88/><RYUUKYOKU ba="0,1" sc="211,-15,270,15,220,15,289,-15" hai1="19,22,27,28,30,31,58,63,89,91" hai2="3,6,8,12,13,23,24,38,41,45,77,81,85" /><INIT seed="2,1,1,4,0,92" ten="196,285,235,274" oya="2" hai0="51,35,105,17,15,126,21,128,117,101,18,84,11" hai1="8,36,33,129,112,107,122,23,40,50,91,81,127" hai2="41,53,104,102,118,9,106,75,98,74,20,58,65" hai3="135,123,79,59,69,111,77,27,13,22,116,30,31"/><V1/><F118/><W89/><G116/><T73/><D117/><U47/><E112/><V132/><F132/><W24/><G123/><T25/><D73/><U103/><E33/><V48/><F106/><W83/><G111/><T114/><D114/><U100/><E127/><V54/><F65/><W125/><G69/><T94/><D126/><U52/><E129/><V4/><F41/><W7/><G135/><T87/><D128/><U37/><E122/><V10/><F20/><W12/><G125/><T66/><D105/><U134/><E134/><V6/><REACH who="2" step="1"/><F54/><REACH who="2" ten="196,285,225,274" step="2"/><W68/><G22/><T110/><D35/><U32/><E52/><V43/><F43/><W133/><G133/><T97/><D110/><U28/><E23/><V3/><AGARI ba="1,2" hai="1,3,4,6,9,10,48,53,58,74,75,98,102,104" machi="3" ten="20,18000,2" yaku="1,1,0,1,7,1,9,1,52,1,53,1" doraHai="92" doraHaiUra="44" who="2" fromWho="2" sc="196,-61,285,-61,225,203,274,-61" /><INIT seed="2,2,0,5,4,16" ten="135,224,428,213" oya="2" hai0="98,27,78,86,36,39,102,85,58,81,70,130,34" hai1="25,91,118,64,110,37,51,90,49,60,45,125,20" hai2="114,80,32,54,97,57,22,111,18,4,43,73,50" hai3="104,113,30,71,116,35,132,121,101,79,103,108,17"/><V33/><F114/><W62/><G108/><T89/><D130/><U19/><E118/><V105/><F111/><W8/><G116/><T67/><D70/><U133/><E110/><V0/><F43/><W92/><G121/><T6/><D6/><U29/><E133/><V56/><F56/><W76/><G101/><T123/><D123/><U46/><E37/><V5/><F97/><N who="3" m="61551" /><G92/><T42/><D42/><U41/><E125/><V11/><F105/><W38/><G38/><T55/><D67/><U82/><E82/><V94/><F94/><W129/><G129/><T9/><D9/><U109/><E109/><V120/><F5/><W10/><G10/><T100/><D100/><U68/><E29/><V135/><F135/><W99/><G99/><T63/><D34/><U44/><E44/><V47/><F47/><W26/><G113/><T21/><D98/><U15/><E15/><V119/><F119/><W12/><G132/><T115/><D102/><U3/><E3/><V112/><F112/><W31/><G31/><T131/><D131/><U128/><E128/><V40/><F40/><AGARI ba="2,0" hai="19,20,25,40,41,45,46,49,51,60,64,68,90,91" machi="40" ten="30,3900,0" yaku="7,1,9,1,52,1" doraHai="16" who="1" fromWho="2" sc="135,0,224,45,428,-45,213,0" /><INIT seed="3,0,0,5,4,82" ten="135,269,383,213" oya="3" hai0="59,125,127,80,92,117,79,4,47,77,132,39,15" hai1="55,0,12,22,107,69,13,101,121,38,116,65,72" hai2="8,134,6,124,68,28,11,49,53,88,24,70,26" hai3="89,119,18,129,93,42,23,27,16,52,50,76,122"/><W60/><G129/><T14/><D117/><U118/><E0/><V34/><F134/><W56/><G122/><T96/><D132/><U64/><E72/><V75/><F75/><W66/><G119/><N who="1" m="45610" /><E121/><V95/><F124/><W112/><G112/><T63/><D47/><U62/><E38/><V130/><F24/><W32/><G32/><T61/><D39/><U81/><E65/><V87/><F11/><W71/><G76/><T133/><D133/><U33/><E33/><V5/><F5/><W100/><G100/><T19/><D4/><U57/><E81/><V102/><F102/><W94/><G42/><T126/><D19/><U37/><E22/><V115/><F115/><W85/><G18/><T103/><D79/><U104/><E101/><V35/><F35/><W113/><G113/><T120/><D120/><U20/><E20/><V46/><F130/><W123/><G123/><T86/><REACH who="0" step="1"/><D63/><REACH who="0" ten="125,269,383,213" step="2"/><U84/><E37/><V10/><F10/><W54/><G54/><AGARI ba="0,1" hai="14,15,54,59,61,77,80,86,92,96,103,125,126,127" machi="54" ten="40,8000,1" yaku="1,1,2,1,18,1,52,1,53,0" doraHai="82" doraHaiUra="41" who="0" fromWho="3" sc="125,90,269,0,383,0,213,-80" owari="215,-18.5,269,6.9,383,48.3,133,-36.7" /></mjloggm>