<mjloggm ver="2.3"><GO type="225" lobby="0"/><UN n0="%E4%BF%BA%E3%81%A8%E5%A6%96%E5%A4%A2" n1="%E3%82%A2%E3%83%BC%E3%83%A2%E3%83%AD%E3%83%BC%E3%83%B4%E3%82%A1" n2="%E3%81%99%E3%81%84%E3%81%BE%E3%81%9B%E3%83%BC%E3%82%93" n3="%E3%81%AF%E3%82%88%E3%81%8A%E3%81%98%E3%81%95%E3%82%93" dan="17,16,18,17" rate="2193.38,2107.27,2196.33,2169.82" sx="F,M,M,M"/><TAIKYOKU oya="0"/><INIT seed="0,0,0,5,5,13" ten="250,250,250,250" oya="0" hai0="43,87,81,93,52,72,117,30,84,128,47,102,41" hai1="115,104,19,118,119,16,111,56,58,11,80,107,4" hai2="82,50,53,25,133,2,120,110,130,40,73,96,6" hai3="46,124,89,24,3,123,83,116,108,59,23,122,29"/><T67/><D117/><U15/><E111/><V78/><F120/><W14/><G116/><T103/><D128/><U69/><E69/><V65/><F130/><W34/><G3/><T9/><D67/><U90/><E115/><V105/><F110/><W101/><G108/><T0/><D30/><U112/><E112/><V62/><F40/><W121/><G124/><T127/><D127/><U51/><E118/><V114/><F133/><W99/><G46/><T88/><D72/><U42/><E119/><V12/><F2/><W10/><G59/><N who="1" m="22570" /><E107/><V134/><F134/><W35/><G89/><T60/><D9/><U63/><E63/><V75/><F75/><W54/><G83/><T135/><D0/><U113/><E104/><V129/><F129/><W7/><REACH who="3" step="1"/><G54/><REACH who="3" ten="250,250,250,240" step="2"/><T17/><D135/><U22/><E113/><V98/><F114/><W26/><G26/><T131/><D131/><U109/><E109/><V37/><F25/><W31/><G31/><T39/><D52/><U1/><E1/><V28/><F53/><W94/><AGARI ba="0,1" hai="7,10,14,23,24,29,34,35,94,99,101,121,122,123" machi="94" ten="30,4000,0" yaku="1,1,0,1,13,1,53,0" doraHai="13" doraHaiUra="77" who="3" fromWho="3" sc="250,-20,250,-10,250,-10,240,50" /><INIT seed="1,0,0,0,2,86" ten="230,240,240,290" oya="1" hai0="43,131,82,60,44,29,133,12,1,7,117,65,56" hai1="126,76,81,8,89,110,96,68,119,31,108,13,90" hai2="98,11,88,70,122,115,38,107,79,58,18,53,42" hai3="127,48,125,36,16,14,80,99,114,40,55,33,25"/><U21/><E119/><V59/><F122/><W111/><G114/><T116/><D1/><U45/><E68/><V74/><F70/><W39/><G111/><N who="1" m="42538" /><E126/><N who="3" m="48138" /><G40/><T109/><D109/><U63/><E63/><V61/><F115/><W0/><G0/><T52/><D133/><U128/><E45/><V51/><F74/><W123/><G123/><T77/><D131/><U5/><E96/><V27/><F79/><W85/><G99/><T62/><D29/><U2/><E128/><V24/><F38/><W64/><G64/><T66/><D62/><U118/><E118/><V104/><F104/><W72/><G72/><T49/><D117/><U6/><E5/><V103/><F42/><W113/><G113/><T57/><D57/><U34/><E34/><V112/><F112/><W73/><G73/><T37/><D37/><U19/><E31/><V26/><F11/><N who="3" m="6239" /><G25/><T23/><D116/><U41/><E41/><V87/><F18/><W28/><G28/><T30/><D30/><U100/><E100/><V10/><F10/><W91/><G33/><T75/><D23/><U93/><E93/><V101/><F98/><W47/><AGARI ba="0,0" hai="36,39,47,48,55,80,85,91" m="6239,48138" machi="47" ten="30,7900,0" yaku="25,1,18,1,52,1,54,1" doraHai="86" who="3" fromWho="3" sc="230,-20,240,-39,240,-20,290,79" /><INIT seed="2,0,0,3,2,8" ten="210,201,220,369" oya="2" hai0="70,2,112,76,29,59,22,63,78,114,75,111,106" hai1="97,51,134,121,73,28,72,5,83,85,120,95,100" hai2="74,132,125,90,102,91,79,17,69,67,81,116,43" hai3="9,96,36,19,13,10,30,39,0,94,32,105,7"/><V133/><F116/><W23/><G105/><T44/><D106/><N who="1" m="63759" /><E28/><V50/><F125/><W37/><G9/><T119/><D119/><U103/><E51/><V57/><F69/><W131/><G131/><T86/><D75/><N who="1" m="28747" /><E5/><V107/><F17/><W55/><G55/><T53/><D70/><U88/><E134/><N who="2" m="51819" /><F43/><W4/><G4/><T101/><D2/><U16/><E16/><V35/><F35/><W27/><G39/><T77/><D112/><U11/><E11/><V71/><F71/><W68/><G68/><T64/><D114/><U127/><E127/><V60/><F50/><W24/><G27/><T117/><D117/><U115/><E115/><V56/><F56/><W110/><G110/><T14/><D111/><U118/><E118/><V15/><F15/><W46/><G46/><T66/><D44/><U21/><E21/><V122/><F122/><N who="1" m="47209" /><E103/><AGARI ba="0,0" hai="0,7,10,13,19,23,24,30,32,36,37,94,96,103" machi="103" ten="30,7700,0" yaku="7,1,24,2,52,1" doraHai="8" who="3" fromWho="1" sc="210,0,201,-77,220,0,369,77" /><INIT seed="3,0,0,1,2,52" ten="210,124,220,446" oya="3" hai0="110,42,104,35,113,82,38,70,23,17,21,46,57" hai1="55,85,56,34,121,132,12,1,100,95,11,63,87" hai2="8,31,10,91,126,129,29,37,58,61,16,53,44" hai3="77,134,127,111,123,64,5,69,66,22,51,19,43"/><W68/><G5/><T135/><D70/><U79/><E121/><V9/><F126/><W27/><G77/><T60/><D35/><U115/><E115/><V124/><F124/><W86/><G86/><T119/><D119/><U133/><E34/><V108/><F108/><W24/><G51/><T96/><D110/><U93/><E1/><V49/><F129/><W48/><G48/><T125/><D125/><U101/><E132/><V92/><F37/><W4/><G4/><T72/><D135/><U76/><E133/><V117/><F16/><W41/><G19/><T120/><D120/><U0/><E0/><V78/><F78/><W59/><G22/><T18/><D18/><U75/><E75/><V40/><F117/><W13/><G13/><T80/><D23/><U131/><E131/><V103/><F103/><W112/><G112/><T47/><D47/><U28/><E28/><V97/><AGARI ba="0,0" hai="8,9,10,29,31,40,44,49,53,58,61,91,92,97" machi="97" ten="30,4000,0" yaku="0,1,8,1,52,1" doraHai="52" who="2" fromWho="2" sc="210,-10,124,-10,220,40,446,-20" owari="200,-20.0,114,-38.6,260,6.0,426,52.6" /></mjloggm>