<mjloggm ver="2.3"><GO type="225" lobby="0"/><UN n0="%E8%83%83%E3%81%A8%E8%85%B8" n1="%4B%2E%32%2E%4B%2E" n2="%72%69%6F%75%63%68%61%6E" n3="%E3%81%8B%E3%82%8F%E3%81%A1%E3%82%83%E3%82%93%35%38" dan="17,16,16,16" rate="2218.81,2179.69,2163.13,2171.80" sx="M,M,M,M"/><TAIKYOKU oya="0"/><INIT seed="0,0,0,0,4,49" ten="250,250,250,250" oya="0" hai0="91,37,43,93,83,47,29,41,94,86,66,108,111" hai1="90,100,95,16,56,42,120,102,36,26,61,131,8" hai2="3,107,79,67,34,57,132,105,133,13,59,1,115" hai3="112,65,5,118,38,20,106,84,128,73,88,6,4"/><T33/><D66/><U53/><E120/><V63/><F115/><W51/><G38/><T68/><D68/><U75/><E75/><V28/><F79/><W89/><G73/><T77/><D41/><U87/><E131/><V45/><F45/><W2/><G106/><N who="2" m="40457" /><F34/><W80/><G118/><T10/><D10/><U82/><E82/><V125/><F28/><W32/><G32/><T14/><D14/><U11/><E36/><V130/><F130/><W99/><G112/><T96/><D33/><U62/><E62/><N who="2" m="38351" /><F13/><W98/><G2/><T19/><D29/><U35/><E42/><V117/><F117/><W101/><G101/><N who="1" m="39018" /><E35/><V40/><F40/><W135/><G65/><T109/><D93/><U12/><E26/><V74/><F125/><W18/><G128/><T70/><D70/><U50/><E50/><V39/><F74/><W7/><G135/><N who="2" m="51785" /><F39/><W123/><G123/><T103/><REACH who="0" step="1"/><D19/><REACH who="0" ten="240,250,250,250" step="2"/><U24/><E24/><V119/><F119/><W9/><G9/><AGARI ba="0,1" hai="8,9,11,12,16,53,56,61,87,90,95" m="39018" machi="9" ten="30,3900,0" yaku="8,1,52,1,54,1" doraHai="49" who="1" fromWho="3" sc="240,0,250,49,250,0,250,-39" /><INIT seed="1,0,0,3,5,126" ten="240,299,250,211" oya="1" hai0="55,42,43,37,98,23,40,71,113,39,70,116,120" hai1="65,18,4,59,20,22,29,10,14,62,110,76,11" hai2="119,38,17,100,33,91,128,35,16,48,49,118,84" hai3="28,67,0,114,27,87,74,61,44,54,79,57,111"/><U8/><E110/><V25/><F38/><N who="0" m="14346" /><D23/><U127/><E127/><V85/><F100/><W26/><G114/><T95/><D95/><U129/><E76/><V32/><F128/><W88/><G0/><T108/><D98/><U64/><E129/><V104/><F104/><W123/><G123/><T63/><D113/><U131/><E131/><V133/><F133/><W52/><G111/><T51/><D116/><N who="2" m="44586" /><F25/><W86/><G74/><T68/><D108/><U21/><E65/><V102/><F102/><W30/><G44/><N who="0" m="28135" /><D120/><U15/><REACH who="1" step="1"/><E29/><REACH who="1" ten="240,289,250,211" step="2"/><V2/><F91/><W105/><G30/><T60/><AGARI ba="0,1" hai="40,42,43,60,63,68,70,71" m="28135,14346" machi="60" ten="40,8000,1" yaku="35,5" doraHai="126" who="0" fromWho="0" sc="240,90,289,-40,250,-20,211,-20" /><INIT seed="2,0,0,5,5,70" ten="330,249,230,191" oya="2" hai0="88,128,21,26,106,100,10,23,61,9,69,24,79" hai1="122,4,133,44,36,85,98,118,101,43,11,131,89" hai2="42,110,46,91,34,55,52,126,41,58,68,39,64" hai3="105,81,27,17,45,104,48,5,12,60,120,50,78"/><V32/><F126/><W80/><G120/><T16/><D79/><U127/><E118/><V111/><F41/><W75/><G5/><T49/><D128/><U28/><E122/><V54/><F68/><W108/><G108/><N who="2" m="41513" /><F91/><W66/><G27/><T2/><D2/><U95/><E133/><V51/><F64/><W82/><G104/><T76/><D76/><U116/><E116/><V56/><F54/><W99/><G48/><AGARI ba="0,0" hai="32,34,39,42,46,48,51,52,55,56,58" m="41513" machi="48" ten="30,11600,0" yaku="14,1,10,1,52,1,54,1" doraHai="70" who="2" fromWho="3" sc="330,0,249,0,230,116,191,-116" /><INIT seed="2,1,0,1,1,113" ten="330,249,346,75" oya="2" hai0="99,104,65,5,31,80,12,33,20,105,45,100,119" hai1="97,117,46,103,2,94,68,92,15,53,79,29,130" hai2="129,36,106,34,49,82,23,75,8,37,3,108,55" hai3="116,84,124,120,58,19,62,11,95,4,30,0,48"/><V118/><F118/><W110/><G110/><T57/><D104/><U93/><E2/><V7/><F108/><W115/><G124/><T96/><D96/><U39/><E68/><V40/><F34/><W71/><G115/><T10/><D33/><U134/><E134/><V52/><F129/><W17/><G120/><T67/><D45/><U59/><E130/><V126/><F126/><W83/><G71/><T87/><D57/><U74/><E29/><V43/><F106/><W41/><G30/><T6/><D6/><U85/><E74/><V51/><F23/><W13/><G95/><T125/><D125/><U131/><E131/><V35/><F35/><W88/><G0/><T69/><D69/><U64/><E15/><V66/><F66/><W76/><G116/><T21/><D119/><U9/><E9/><V26/><F26/><W81/><G48/><T61/><D31/><U98/><E117/><V78/><F40/><W111/><G41/><T89/><REACH who="0" step="1"/><D65/><REACH who="0" ten="320,249,346,75" step="2"/><U127/><E127/><V77/><F77/><W132/><G132/><T102/><D102/><U1/><E103/><V86/><F86/><W32/><G32/><T24/><D24/><U123/><E85/><V18/><F18/><W16/><G111/><T27/><D27/><U22/><E79/><V135/><F135/><W73/><REACH who="3" step="1"/><G17/><REACH who="3" ten="320,249,346,65" step="2"/><T50/><D50/><N who="2" m="18954" /><F36/><W42/><G42/><T28/><D28/><U133/><E39/><V14/><F3/><W128/><G128/><T101/><D101/><U112/><E133/><V47/><F37/><W107/><G107/><T72/><D72/><U114/><E114/><RYUUKYOKU ba="1,2" sc="320,10,249,-30,346,10,65,10" hai0="5,10,12,20,21,61,67,80,87,89,99,100,105" hai2="7,8,14,43,47,52,55,75,78,82" hai3="4,11,13,16,19,58,62,73,76,81,83,84,88" /><INIT seed="2,2,2,1,4,32" ten="330,219,356,75" oya="2" hai0="40,39,126,89,114,22,14,13,51,77,15,124,69" hai1="35,123,80,36,128,121,52,117,38,119,88,30,62" hai2="1,113,115,85,66,86,64,50,105,23,57,45,74" hai3="83,120,68,102,59,31,34,93,5,37,49,43,0"/><V26/><F105/><W78/><G120/><N who="1" m="46154" /><E30/><V18/><F74/><N who="3" m="43479" /><G59/><T134/><D114/><U72/><E35/><V65/><F1/><W98/><G49/><T75/><D134/><U118/><E128/><V90/><F57/><W129/><G93/><T133/><D133/><U58/><E72/><V55/><REACH who="2" step="1"/><F85/><AGARI ba="2,2" hai="36,38,52,58,62,80,85,88,117,118,119" m="46154" machi="85" ten="40,5200,0" yaku="13,1,54,2" doraHai="32" who="1" fromWho="2" sc="330,0,219,78,356,-58,75,0" /><INIT seed="3,0,0,3,0,32" ten="330,297,298,75" oya="3" hai0="2,25,93,59,115,51,98,123,60,88,49,61,27" hai1="133,45,118,62,30,31,85,15,121,134,6,112,63" hai2="107,56,132,100,119,46,19,113,120,42,124,73,18" hai3="110,80,82,54,126,5,11,23,68,106,66,99,109"/><W47/><G68/><T128/><D2/><U17/><E121/><V53/><F119/><W55/><G66/><T13/><D123/><U89/><E112/><V71/><F120/><W20/><G106/><T102/><D128/><U10/><E45/><V65/><F113/><W79/><G99/><T35/><D115/><U86/><E86/><V95/><F107/><W116/><G116/><T21/><D35/><U58/><E118/><V40/><F73/><W7/><G47/><T135/><D135/><N who="1" m="51723" /><E17/><N who="2" m="6155" /><F132/><W74/><G126/><T41/><D13/><U94/><E63/><N who="2" m="38119" /><F71/><W75/><REACH who="3" step="1"/><G79/><REACH who="3" ten="330,297,298,65" step="2"/><T64/><D64/><AGARI ba="0,1" hai="6,10,15,30,31,58,62,64,85,89,94" m="51723" machi="64" ten="30,1000,0" yaku="20,1" doraHai="32" who="1" fromWho="0" sc="330,-10,297,20,298,0,65,0" owari="320,42.0,317,11.7,298,-10.2,65,-43.5" /></mjloggm>