<mjloggm ver="2.3"><GO type="225" lobby="0"/><UN n0="%E3%81%8B%E3%82%8F%E3%81%A1%E3%82%83%E3%82%93%35%38" n1="%E3%82%B2%E3%82%B9%E8%8C%82%E5%8B%9D" n2="%E5%A4%9C%E3%81%AE%E3%82%AC%E3%82%B9%E3%83%91%E3%83%BC%E3%83%AB" n3="%E4%BF%BA%E3%81%A8%E5%A6%96%E5%A4%A2" dan="16,16,17,17" rate="2121.98,2101.07,2186.24,2199.07" sx="M,F,M,F"/><TAIKYOKU oya="0"/><INIT seed="0,0,0,3,0,60" ten="250,250,250,250" oya="0" hai0="70,54,102,126,91,108,85,69,18,24,94,22,112" hai1="100,105,39,122,52,4,113,6,57,66,110,93,72" hai2="75,30,80,9,37,34,62,55,129,78,53,131,97" hai3="25,56,73,125,106,104,29,47,12,40,96,7,58"/><T61/><D112/><U99/><E122/><V21/><F37/><W114/><G114/><T0/><D0/><U42/><E113/><V90/><F34/><W74/><G125/><T8/><D126/><U121/><E121/><V127/><F127/><W134/><G134/><T128/><D128/><N who="2" m="49226" /><F9/><W64/><G12/><T87/><D108/><U132/><E110/><V119/><F119/><W46/><G7/><T43/><D43/><U44/><E72/><V86/><F97/><W15/><G15/><T81/><D8/><U63/><E132/><V31/><F21/><W98/><G40/><T26/><D102/><U95/><E4/><V117/><F117/><W35/><G35/><T19/><D24/><U17/><E6/><V77/><F77/><W92/><G92/><T124/><D124/><U49/><REACH who="1" step="1"/><E17/><REACH who="1" ten="250,240,250,250" step="2"/><V27/><F75/><W59/><G74/><T82/><D18/><U76/><E76/><V123/><F78/><W116/><G73/><T20/><D20/><U36/><E36/><V50/><F123/><W3/><G116/><T10/><D10/><U32/><E32/><V1/><F1/><W11/><G11/><T88/><D94/><U120/><E120/><V45/><F80/><W23/><G3/><T109/><D109/><U103/><E103/><V135/><F135/><W101/><G106/><T13/><D13/><U83/><E83/><N who="2" m="49503" /><F27/><W68/><G104/><T5/><D5/><U79/><E79/><V71/><F31/><W115/><G115/><T2/><D2/><U41/><E41/><N who="2" m="24879" /><F30/><W16/><G29/><T51/><D82/><U84/><E84/><RYUUKYOKU ba="0,1" sc="250,-15,240,15,250,15,250,-15" hai1="39,42,44,49,52,57,63,66,93,95,99,100,105" hai2="53,55,62,71" /><INIT seed="1,1,1,5,1,93" ten="235,255,265,235" oya="1" hai0="85,104,43,63,71,129,127,10,60,82,34,120,126" hai1="115,86,100,121,62,14,118,58,106,80,5,0,122" hai2="116,57,49,15,40,64,119,11,76,30,1,84,72" hai3="124,94,50,31,20,22,8,88,87,18,96,99,29"/><U130/><E118/><V21/><F72/><W45/><G124/><N who="0" m="47659" /><D71/><U41/><E0/><V42/><F1/><W2/><G2/><T110/><D34/><U47/><E115/><V128/><F128/><W12/><G20/><T131/><D110/><U89/><E130/><N who="0" m="49673" /><D120/><U56/><E14/><V32/><F32/><W17/><G31/><T68/><D68/><U91/><E5/><N who="2" m="3567" /><F119/><W135/><G29/><T105/><D43/><U51/><E91/><V77/><F116/><W70/><G135/><T75/><D10/><U90/><E89/><V109/><F109/><W61/><G61/><N who="0" m="23627" /><D75/><U111/><E111/><V117/><F117/><W25/><G70/><T33/><D33/><U39/><E121/><V26/><F42/><AGARI ba="1,1" hai="8,12,17,18,22,25,42,45,50,87,88,94,96,99" machi="42" ten="30,8000,1" yaku="7,1,8,1,52,2,54,1" doraHai="93" who="3" fromWho="2" sc="235,0,255,0,265,-83,235,93" /><INIT seed="2,0,0,5,2,90" ten="235,255,182,328" oya="2" hai0="3,109,103,78,118,36,102,32,107,126,52,39,106" hai1="114,5,30,12,57,99,94,86,23,74,10,123,1" hai2="92,41,38,26,21,128,0,77,95,17,9,82,110" hai3="8,100,119,49,51,105,15,125,130,127,67,46,66"/><V73/><F128/><W58/><G119/><T20/><D32/><U133/><E114/><V18/><F110/><W83/><G130/><T4/><D78/><U135/><E123/><V124/><F124/><N who="3" m="47691" /><G83/><T11/><D126/><U93/><E74/><V89/><F89/><W79/><G79/><T121/><D121/><U24/><E57/><V53/><F53/><N who="3" m="32047" /><G100/><T104/><D109/><U115/><E115/><V64/><F64/><W63/><G63/><T112/><D112/><U33/><E86/><V61/><F61/><W117/><G105/><T16/><D118/><U48/><E48/><V101/><F101/><W22/><G22/><T35/><D35/><U14/><E99/><V55/><F55/><N who="3" m="30199" /><G117/><T111/><D111/><U62/><E62/><V71/><F71/><W91/><G91/><T96/><D52/><U43/><E43/><V37/><F37/><W70/><G70/><T54/><D54/><U56/><E56/><V28/><F28/><W40/><G40/><T6/><D6/><AGARI ba="0,0" hai="6,8,15,66,67" m="30199,32047,47691" machi="6" ten="30,1000,0" yaku="18,1" doraHai="90" who="3" fromWho="0" sc="235,-10,255,0,182,0,328,10" /><INIT seed="3,0,0,2,4,122" ten="225,255,182,338" oya="3" hai0="48,73,23,123,60,70,56,64,108,53,134,129,14" hai1="52,106,109,105,57,49,12,28,7,54,68,104,130" hai2="83,91,71,20,46,88,90,19,128,89,99,42,74" hai3="132,69,78,95,9,124,116,21,94,2,118,13,63"/><W40/><G2/><T24/><D123/><U36/><E68/><V43/><F71/><W35/><G35/><T92/><D73/><U82/><E36/><V45/><F128/><W16/><G124/><T97/><D134/><U102/><E130/><V10/><F10/><W39/><G132/><T87/><D129/><U117/><E117/><V33/><F33/><W47/><G78/><T67/><D108/><U72/><E28/><V4/><F4/><W22/><G116/><T61/><D87/><U110/><E102/><V127/><F127/><W79/><G79/><T114/><D14/><U81/><E54/><V41/><F74/><W85/><G118/><T113/><D23/><U98/><E98/><V115/><F115/><N who="0" m="44042" /><D24/><U29/><E29/><V76/><F76/><W37/><G37/><T77/><D92/><U107/><E107/><V93/><REACH who="2" step="1"/><F83/><REACH who="2" ten="225,255,172,338" step="2"/><W62/><G69/><N who="0" m="42119" /><D77/><U25/><E72/><V50/><F50/><W66/><G39/><T75/><D75/><U125/><E125/><V8/><F8/><W135/><G135/><T34/><D34/><U126/><E126/><V44/><F44/><W80/><G9/><T121/><D121/><U31/><E82/><V65/><F65/><W100/><G66/><T3/><D3/><U51/><E81/><V112/><F112/><W26/><G80/><T59/><D70/><U111/><E49/><V27/><AGARI ba="0,1" hai="19,20,27,41,42,43,45,46,88,89,90,91,93,99" machi="27" ten="30,7900,0" yaku="1,1,0,1,8,1,54,1,53,0" doraHai="122" doraHaiUra="103" who="2" fromWho="2" sc="225,-20,255,-20,172,89,338,-39" /><INIT seed="4,0,0,1,5,38" ten="205,235,261,299" oya="0" hai0="41,52,121,98,44,23,69,122,83,33,76,59,61" hai1="30,42,129,36,80,72,114,127,10,70,51,81,6" hai2="110,105,31,117,77,96,18,97,71,40,68,13,86" hai3="35,32,45,37,126,116,109,8,89,128,62,63,29"/><T3/><D33/><U88/><E70/><V34/><F110/><W106/><G116/><T92/><D3/><N who="1" m="351" /><E129/><V91/><F117/><W14/><G109/><T24/><D69/><U107/><E107/><V118/><F118/><W57/><G128/><T135/><D135/><U5/><E51/><V134/><F77/><W28/><G106/><T101/><D83/><U67/><E67/><V25/><F134/><W78/><G78/><T132/><D132/><U113/><E5/><V104/><F104/><W54/><G126/><T55/><D76/><N who="1" m="44039" /><E30/><V46/><F105/><W11/><G29/><N who="0" m="17567" /><D122/><U124/><E81/><V48/><F71/><W111/><G111/><T15/><D15/><U9/><E88/><V73/><F68/><W39/><G28/><T93/><D121/><U7/><E9/><V27/><F27/><W120/><G120/><T66/><D93/><U75/><E7/><V0/><F0/><W84/><G8/><T58/><D58/><U64/><E75/><V47/><F73/><W16/><G37/><AGARI ba="0,0" hai="37,41,44,52,55,59,61,66,92,98,101" m="17567" machi="37" ten="30,5800,0" yaku="25,1,52,1,54,1" doraHai="38" who="0" fromWho="3" sc="205,58,235,0,261,0,299,-58" /><INIT seed="4,1,0,5,1,40" ten="263,235,261,241" oya="0" hai0="81,132,99,53,105,127,23,50,14,100,96,32,129" hai1="5,102,0,51,128,82,135,24,31,72,74,78,62" hai2="38,7,113,114,94,97,131,45,70,98,22,71,49" hai3="4,17,73,123,13,134,111,56,36,75,83,118,101"/><T92/><D32/><U47/><E128/><V109/><F109/><W125/><G111/><T42/><D129/><U41/><E135/><V57/><F131/><W76/><G118/><T110/><D110/><U115/><E115/><N who="2" m="44043" /><F38/><W84/><G134/><T28/><D132/><U107/><E62/><V1/><F57/><W52/><G125/><T29/><D127/><U121/><E121/><V3/><F22/><W103/><G36/><T27/><D42/><U10/><E102/><N who="3" m="38922" /><G75/><T58/><D14/><U8/><E8/><N who="2" m="2159" /><F3/><W133/><G73/><T16/><D81/><U126/><E126/><V6/><F6/><W64/><G123/><T65/><D65/><U88/><E107/><V54/><F94/><W59/><G59/><T87/><D87/><U34/><REACH who="1" step="1"/><E88/><AGARI ba="1,0" hai="16,23,27,28,29,50,53,58,88,92,96,99,100,105" machi="88" ten="30,5800,0" yaku="7,1,54,2" doraHai="40" who="0" fromWho="1" sc="263,61,235,-61,261,0,241,0" owari="324,42.4,174,-32.6,261,6.1,241,-15.9" /></mjloggm>