<mjloggm ver="2.3"><GO type="225" lobby="0"/><UN n0="%E5%84%AA%40%41%42%43" n1="%EF%BC%AE%EF%BC%A1%EF%BC%AF%33%33%39" n2="%E3%81%92%E3%81%A3%E3%81%A1" n3="%E3%80%93%E3%81%97%E3%83%BC%E3%82%89%E3%80%93" dan="17,17,17,16" rate="2145.29,2187.96,2235.20,2114.20" sx="M,M,M,M"/><TAIKYOKU oya="0"/><INIT seed="0,0,0,2,4,105" ten="250,250,250,250" oya="0" hai0="9,8,77,109,120,17,10,97,55,66,24,46,117" hai1="56,29,49,52,4,35,106,63,23,135,57,20,104" hai2="0,86,60,107,70,85,45,115,124,34,91,98,5" hai3="13,25,112,53,73,74,101,30,71,44,2,42,47"/><T128/><D117/><U89/><E35/><V93/><F115/><W94/><G2/><T14/><D120/><U58/><E4/><V7/><F34/><W108/><G71/><T12/><D128/><U15/><E135/><V51/><F124/><W113/><G108/><T38/><D66/><U37/><E37/><V133/><F133/><W125/><G125/><T43/><D109/><U72/><E72/><V100/><F0/><W1/><G1/><T122/><D122/><U61/><E104/><V33/><F33/><W28/><G53/><T64/><D64/><U83/><E106/><V82/><F60/><N who="1" m="23113" /><E15/><V134/><F70/><W40/><G13/><T16/><D8/><U76/><E76/><V130/><F130/><W118/><G94/><T123/><D123/><U81/><E89/><V129/><F129/><W111/><G111/><T121/><D121/><U96/><E96/><V79/><REACH who="2" step="1"/><F134/><REACH who="2" ten="250,250,240,250" step="2"/><W78/><G118/><T65/><D9/><U92/><E92/><V54/><AGARI ba="0,1" hai="5,7,45,51,54,79,82,85,86,91,93,98,100,107" machi="54" ten="20,5200,0" yaku="1,1,2,1,0,1,7,1,53,0" doraHai="105" doraHaiUra="32" who="2" fromWho="2" sc="250,-26,250,-13,240,62,250,-13" /><INIT seed="1,0,0,1,3,119" ten="224,237,302,237" oya="1" hai0="128,37,114,65,106,133,110,120,60,70,25,16,80" hai1="116,131,91,46,129,29,86,104,102,78,66,85,134" hai2="73,77,135,33,6,48,113,20,96,83,72,36,79" hai3="12,11,10,44,47,18,76,39,130,17,43,21,75"/><U26/><E116/><V101/><F36/><W117/><G117/><T105/><D16/><U61/><E46/><V38/><F38/><W4/><G130/><N who="1" m="49674" /><E78/><V90/><F33/><W59/><G47/><T118/><D25/><U103/><E134/><V74/><F6/><W5/><G59/><T67/><D80/><N who="1" m="49575" /><E86/><V109/><F135/><W53/><G53/><T111/><D118/><U24/><E104/><V35/><F79/><W62/><G62/><T121/><D128/><U64/><E24/><V32/><F77/><W84/><G84/><T108/><D133/><U127/><E127/><V98/><F83/><N who="3" m="45471" /><G21/><T19/><D37/><U107/><E107/><N who="0" m="40969" /><D114/><U89/><E89/><V112/><F90/><W57/><G57/><N who="0" m="37007" /><D19/><U99/><E99/><V82/><F98/><W87/><G87/><T41/><D41/><U15/><E15/><V31/><F96/><W115/><G115/><T40/><D40/><U42/><E42/><V54/><F113/><W1/><AGARI ba="0,0" hai="1,4,5,10,11,12,17,18,39,43,44" m="45471" machi="1" ten="30,1100,0" yaku="25,1" doraHai="119" who="3" fromWho="3" sc="224,-3,237,-5,302,-3,237,11" /><INIT seed="2,0,0,1,4,121" ten="221,232,299,248" oya="2" hai0="81,3,115,20,73,45,72,64,12,6,68,108,11" hai1="76,126,57,134,55,135,34,102,100,90,67,80,133" hai2="23,111,71,52,46,109,54,75,87,4,21,86,104" hai3="49,113,84,16,30,116,74,62,24,96,59,132,85"/><V105/><F75/><W131/><G74/><T25/><D115/><U9/><E34/><V89/><F71/><W31/><G113/><T66/><D73/><N who="1" m="43023" /><E67/><V7/><F89/><W35/><G116/><T36/><D12/><U125/><E90/><V120/><F46/><W107/><G131/><T51/><D68/><U44/><E44/><V18/><F18/><W119/><G119/><T110/><D36/><U40/><E40/><V93/><F93/><W124/><G31/><N who="0" m="17831" /><D81/><U82/><E82/><V1/><F1/><W43/><G43/><N who="0" m="25023" /><D72/><U69/><E9/><V39/><F39/><W99/><G49/><T50/><D50/><N who="1" m="30967" /><E69/><V14/><F14/><W8/><G107/><T94/><D94/><U78/><E78/><V19/><F19/><W91/><G16/><T42/><D42/><U56/><E56/><V118/><F118/><W97/><G59/><T17/><D17/><U127/><AGARI ba="0,0" hai="100,102,125,126,127,133,134,135" m="30967,43023" machi="127" ten="40,2700,0" yaku="18,1,20,1" doraHai="121" who="1" fromWho="1" sc="221,-7,232,27,299,-13,248,-7" /><INIT seed="3,0,0,3,2,48" ten="214,259,286,241" oya="3" hai0="71,127,108,53,57,32,38,25,110,15,64,23,33" hai1="85,68,35,121,9,123,49,95,77,114,128,96,12" hai2="63,62,104,76,65,91,5,98,10,105,7,43,124" hai3="102,74,17,113,122,61,106,82,112,120,44,19,1"/><W70/><G19/><T8/><D38/><U86/><E68/><V130/><F76/><N who="3" m="44311" /><G17/><N who="0" m="12527" /><D71/><U27/><E114/><N who="3" m="44138" /><G44/><T39/><D127/><U78/><E35/><V88/><F124/><W58/><G58/><T51/><D39/><U31/><E31/><V73/><F43/><W103/><G1/><T59/><D64/><U107/><E27/><V109/><F10/><W119/><G119/><T90/><D90/><U133/><E49/><V46/><F46/><W131/><G131/><T101/><D101/><N who="3" m="38409" /><G61/><T20/><D20/><U34/><E34/><V100/><F130/><W93/><G70/><T135/><D135/><U84/><E133/><V50/><F65/><W22/><G22/><T45/><D59/><U132/><E132/><V4/><F63/><W26/><G26/><T83/><D83/><U117/><E117/><V75/><F62/><W125/><G125/><T30/><D30/><U24/><E24/><V55/><F50/><W13/><G13/><T52/><D57/><U16/><E128/><V87/><F4/><W41/><G41/><N who="0" m="25007" /><D33/><U3/><E3/><V14/><F14/><W115/><N who="3" m="44146" /><W66/><DORA hai="37" /><G66/><T6/><D32/><U89/><E12/><V28/><F28/><W69/><G69/><T99/><D99/><U2/><E2/><V134/><F134/><W60/><G60/><T21/><D21/><U40/><E9/><V116/><F116/><W72/><G106/><T67/><D67/><U111/><E107/><V80/><F105/><W54/><G72/><T79/><D79/><U118/><E118/><V29/><F75/><W126/><G126/><RYUUKYOKU ba="0,0" sc="214,30,259,-10,286,-10,241,-10" hai0="6,8,15,52,53,108,110" /><INIT seed="4,1,0,3,1,6" ten="244,249,276,231" oya="0" hai0="119,122,60,53,0,31,131,14,105,55,81,45,128" hai1="56,66,130,48,73,16,23,83,94,111,75,22,113" hai2="112,8,120,127,35,76,47,68,12,63,96,19,24" hai3="21,72,38,103,93,28,3,65,133,125,86,101,69"/><T99/><D0/><U84/><E111/><V89/><F120/><W78/><G3/><T121/><D119/><U17/><E94/><N who="2" m="56399" /><F68/><W132/><G38/><T124/><D31/><U135/><E135/><N who="3" m="51786" /><G125/><T97/><D124/><U49/><E130/><N who="0" m="49705" /><D81/><U62/><E75/><V85/><F35/><W123/><G123/><N who="0" m="47115" /><D105/><U15/><E73/><V29/><F112/><W90/><G78/><T61/><D14/><N who="1" m="9495" /><E113/><V129/><F127/><W74/><G74/><T27/><D27/><U18/><E18/><V95/><F24/><N who="3" m="16399" /><G72/><T1/><D1/><U59/><E56/><V77/><F29/><W116/><G116/><T32/><D32/><U88/><AGARI ba="1,0" hai="15,17,23,48,49,59,62,66,83,84,88" m="9495" machi="88" ten="30,4000,0" yaku="8,1,54,2" doraHai="6" who="1" fromWho="1" sc="244,-21,249,43,276,-11,231,-11" /><INIT seed="5,0,0,1,2,60" ten="223,292,265,220" oya="1" hai0="109,57,55,134,14,97,123,125,74,101,106,53,30" hai1="58,31,81,26,117,86,40,59,77,44,32,27,112" hai2="90,33,37,76,94,0,126,48,119,130,68,93,79" hai3="120,20,96,54,23,45,18,104,103,102,84,131,17"/><U39/><E117/><V65/><F37/><W124/><G120/><T43/><D109/><U89/><E112/><V56/><F33/><W49/><G124/><T72/><D125/><U85/><E27/><V41/><F0/><W70/><G131/><T78/><D134/><U88/><E77/><V118/><F130/><W51/><G70/><T7/><D43/><U69/><E69/><V29/><F29/><W91/><G103/><T19/><D7/><U121/><E121/><V113/><F113/><W110/><G110/><T83/><D30/><U36/><E36/><V8/><F68/><W82/><G23/><T16/><D123/><U10/><E10/><V98/><F8/><W9/><G20/><T66/><D72/><U13/><E13/><V129/><F129/><W114/><G114/><T63/><D19/><U34/><E34/><V108/><F126/><W47/><REACH who="3" step="1"/><G9/><AGARI ba="0,0" hai="9,14,16,53,55,57,63,66,74,78,83,97,101,106" machi="9" ten="30,3900,0" yaku="7,1,52,1,54,1" doraHai="60" who="0" fromWho="3" sc="223,39,292,0,265,0,220,-39" /><INIT seed="6,0,0,3,5,92" ten="262,292,265,181" oya="2" hai0="89,66,135,125,86,82,28,38,78,124,118,104,53" hai1="56,18,73,9,98,97,47,93,68,36,61,116,29" hai2="132,15,31,72,3,126,100,58,88,49,63,81,74" hai3="39,127,83,19,122,16,113,1,50,131,108,46,43"/><V117/><F3/><W14/><G122/><T62/><D38/><U115/><E116/><V8/><F117/><W0/><G108/><T87/><D118/><U17/><E73/><V2/><F2/><W10/><G127/><N who="0" m="48715" /><D28/><U130/><E68/><V70/><F132/><W33/><G33/><T90/><D104/><U67/><E29/><V96/><F70/><W133/><G133/><T77/><D53/><U85/><E36/><V48/><F31/><W35/><G35/><T5/><D5/><U123/><E123/><V91/><F126/><W110/><G110/><T6/><D6/><U109/><E109/><V114/><F114/><W134/><G134/><T12/><D12/><N who="1" m="7311" /><E47/><V57/><F74/><W22/><G131/><T101/><D101/><U52/><E115/><V40/><F72/><W30/><G30/><T27/><D27/><U94/><E67/><V59/><F63/><W42/><G113/><T75/><D75/><U84/><E18/><N who="2" m="8551" /><F40/><W23/><G83/><N who="0" m="49375" /><D135/><U41/><E41/><V99/><F100/><W95/><G95/><N who="1" m="36362" /><E130/><V26/><F26/><W34/><G34/><T80/><D82/><U55/><E55/><V37/><F37/><W71/><G71/><AGARI ba="0,0" hai="62,66,71,77,78,80,87,90" m="49375,48715" machi="71" ten="30,1000,0" yaku="18,1" doraHai="92" who="0" fromWho="3" sc="262,10,292,0,265,0,181,-10" /><INIT seed="7,0,0,1,5,33" ten="272,292,265,171" oya="3" hai0="108,106,41,105,5,7,79,59,30,18,132,134,75" hai1="28,127,58,72,24,43,2,71,29,64,117,49,55" hai2="133,93,38,116,89,128,20,19,51,121,68,86,40" hai3="87,80,115,101,4,70,32,35,113,82,102,130,103"/><W118/><G70/><T92/><D108/><U62/><E72/><V131/><F116/><W0/><G118/><T3/><D30/><U83/><E117/><V99/><F68/><W91/><G130/><N who="2" m="49705" /><F121/><W25/><G82/><N who="0" m="45439" /><D41/><U9/><E83/><V48/><F133/><N who="0" m="51306" /><D3/><U31/><E127/><V17/><F86/><W34/><REACH who="3" step="1"/><G25/><REACH who="3" ten="272,292,265,161" step="2"/><T94/><D106/><U77/><E24/><N who="2" m="14351" /><F19/><W119/><G119/><T12/><D105/><U45/><E71/><V90/><F90/><W56/><G56/><T126/><D59/><U26/><E26/><V61/><F61/><W1/><G1/><T63/><D63/><U8/><E2/><V27/><F27/><W15/><G15/><T21/><D126/><U57/><E77/><V52/><F89/><W66/><G66/><T44/><D44/><U123/><E123/><V122/><F122/><W47/><G47/><T85/><D94/><U129/><E129/><V50/><F93/><W120/><G120/><T95/><D92/><U14/><E14/><V110/><F110/><W97/><G97/><T65/><D65/><U104/><E104/><V88/><F99/><W81/><G81/><T67/><D67/><U13/><E13/><V39/><F88/><AGARI ba="0,1" hai="5,7,12,18,21,85,88,95" m="51306,45439" machi="88" ten="30,2000,0" yaku="20,1,54,1" doraHai="33" who="0" fromWho="2" sc="272,30,292,0,265,-20,161,0" owari="302,40.2,292,9.2,245,-15.5,161,-33.9" /></mjloggm>