<mjloggm ver="2.3"><GO type="225" lobby="0"/><UN n0="%E9%B3%B3%E6%9D%B1%E3%81%AE%E3%81%BF%E3%81%91%E3%81%AB%E3%82%83%E3%82%93" n1="%E3%81%BF%E3%81%BF%E3%81%9A" n2="%6D%61%74%69%67%75%73%61" n3="%E3%81%B5%E3%81%98%E3%81%8B%E3%81%A4" dan="17,16,17,16" rate="2140.10,2150.81,2213.58,2214.66" sx="F,M,M,M"/><TAIKYOKU oya="0"/><INIT seed="0,0,0,4,4,53" ten="250,250,250,250" oya="0" hai0="89,118,103,19,120,83,46,17,78,124,54,4,42" hai1="104,60,23,8,74,29,44,128,11,123,133,77,106" hai2="2,94,101,72,134,57,38,16,28,51,126,33,111" hai3="70,95,3,48,121,58,112,115,80,98,122,97,109"/><T64/><D118/><U129/><E123/><N who="3" m="47114" /><G3/><T90/><D120/><U92/><E133/><V93/><F38/><W116/><G70/><T114/><D114/><N who="3" m="43561" /><G80/><T27/><D64/><U81/><E44/><V52/><F2/><W14/><G14/><T132/><D103/><U110/><E92/><V34/><F72/><W102/><G48/><N who="0" m="26711" /><D4/><U71/><E110/><V36/><F36/><W39/><G39/><T6/><D6/><U113/><E113/><V67/><F134/><W66/><G98/><T82/><D124/><U37/><E37/><V68/><F126/><W131/><G131/><N who="1" m="50250" /><E8/><V12/><F111/><W40/><G40/><T59/><D132/><U84/><E11/><V69/><F69/><W47/><G47/><T62/><D83/><U21/><E74/><V117/><F68/><W119/><G109/><T20/><D17/><U105/><E29/><V49/><F28/><W26/><G26/><T63/><D63/><AGARI ba="0,0" hai="58,63,66,95,97,102,116,119" m="43561,47114" machi="63" ten="30,2000,0" yaku="13,1,52,1" doraHai="53" who="3" fromWho="0" sc="250,-20,250,0,250,0,250,20" /><INIT seed="1,0,0,2,0,15" ten="230,250,250,270" oya="1" hai0="43,56,70,127,7,28,48,83,46,69,76,103,18" hai1="105,26,32,95,3,41,39,111,62,35,78,65,2" hai2="86,34,94,135,122,11,132,104,4,85,31,98,54" hai3="21,81,38,0,89,68,87,112,88,19,47,25,131"/><U73/><E95/><V120/><F54/><W92/><G112/><T44/><D127/><U109/><E105/><V90/><F31/><W14/><G68/><T33/><D7/><U108/><E78/><V116/><F34/><N who="1" m="12841" /><E73/><V134/><F11/><W8/><G131/><T53/><D103/><U128/><E26/><V133/><N who="2" m="33792" /><DORA hai="9" /><V1/><F4/><N who="3" m="3335" /><G0/><T23/><D28/><U107/><E107/><V17/><F17/><N who="3" m="12463" /><G38/><T13/><D33/><U71/><E128/><V123/><F1/><W125/><G125/><T91/><D91/><U59/><E59/><V115/><F116/><W29/><G29/><T96/><D96/><U22/><E22/><V57/><F57/><W126/><G126/><T100/><D100/><U51/><E51/><V16/><F16/><W82/><G47/><AGARI ba="0,0" hai="2,3,39,41,47,62,65,71,108,109,111" m="12841" machi="47" ten="40,7700,0" yaku="14,1,10,1,23,1" doraHai="15,9" who="1" fromWho="3" sc="230,0,250,77,250,0,270,-77" /><INIT seed="1,1,0,5,3,87" ten="230,327,250,193" oya="1" hai0="128,26,75,101,49,95,134,12,79,24,105,123,64" hai1="99,59,131,132,55,120,42,51,37,106,97,103,81" hai2="96,20,69,46,52,50,67,83,121,11,57,110,85" hai3="115,88,66,114,116,48,125,23,90,25,21,3,10"/><U15/><E120/><V16/><F121/><W118/><G66/><T4/><D123/><U56/><E132/><V76/><F110/><W43/><G125/><T39/><D39/><U122/><E122/><V63/><F96/><W29/><G43/><T84/><D105/><U77/><E131/><V19/><F11/><W30/><G48/><T102/><D75/><U62/><E15/><V70/><REACH who="2" step="1"/><F19/><REACH who="2" ten="230,327,240,193" step="2"/><W28/><G10/><T92/><D128/><U109/><E109/><V45/><F45/><W130/><G130/><T54/><D134/><U44/><E99/><V27/><AGARI ba="1,1" hai="16,20,27,46,50,52,57,63,67,69,70,76,83,85" machi="27" ten="20,8000,1" yaku="1,1,0,1,7,1,54,2,53,0" doraHai="87" doraHaiUra="112" who="2" fromWho="2" sc="230,-21,327,-41,240,93,193,-21" /><INIT seed="2,0,0,2,5,60" ten="209,286,333,172" oya="2" hai0="42,84,47,63,104,78,65,86,91,12,127,131,44" hai1="101,34,113,92,69,119,93,108,52,109,87,7,111" hai2="96,43,20,125,23,67,54,56,123,71,122,48,10" hai3="128,59,4,17,89,19,11,133,40,14,28,74,30"/><V68/><F96/><W134/><G74/><T116/><D104/><U106/><E113/><V94/><F94/><W50/><G89/><T76/><D131/><U107/><E119/><V72/><F10/><W3/><G40/><T37/><D127/><U18/><E34/><V121/><F72/><W13/><G59/><T16/><D44/><U124/><E124/><V70/><F125/><W98/><G50/><T102/><D102/><U82/><E7/><V41/><F20/><N who="3" m="11311" /><G98/><T49/><D37/><U80/><E69/><N who="2" m="26731" /><F23/><N who="3" m="11767" /><G128/><T58/><D116/><U1/><E1/><V29/><F29/><N who="3" m="11371" /><G134/><T118/><D118/><U64/><E101/><V0/><F71/><W105/><G105/><T32/><D32/><U132/><E132/><V114/><F41/><W77/><G77/><N who="0" m="29803" /><D91/><U5/><E107/><V2/><F43/><W27/><G133/><T73/><D73/><U8/><E106/><V97/><F123/><W126/><G126/><T120/><D120/><U6/><E93/><V135/><F122/><W21/><G21/><AGARI ba="0,0" hai="12,16,21,42,47,49,58,63,65,84,86" m="29803" machi="21" ten="30,3900,0" yaku="8,1,52,1,54,1" doraHai="60" who="0" fromWho="3" sc="209,39,286,0,333,0,172,-39" /><INIT seed="3,0,0,1,2,101" ten="248,286,333,133" oya="3" hai0="18,59,51,107,103,11,78,127,45,124,89,29,10" hai1="108,121,23,93,25,99,27,20,43,116,110,134,4" hai2="49,79,74,28,44,60,118,95,105,91,69,86,19" hai3="130,114,12,58,135,88,132,17,62,73,53,112,66"/><W34/><G34/><T9/><D78/><U40/><E121/><V68/><F105/><W122/><G122/><T83/><D29/><N who="1" m="17575" /><E4/><V84/><F118/><W82/><G130/><T1/><D18/><N who="1" m="12791" /><E134/><N who="3" m="51242" /><G66/><T75/><D59/><U21/><E116/><V46/><F74/><W67/><G67/><T6/><D89/><N who="1" m="55727" /><E21/><V102/><F28/><W104/><G104/><T125/><D83/><U14/><E14/><V96/><F68/><W13/><G73/><T94/><D94/><U119/><E119/><V36/><F95/><W90/><G12/><T37/><D37/><U64/><E64/><V31/><F36/><W54/><G54/><N who="0" m="30063" /><D75/><U92/><E92/><V39/><F39/><W33/><G33/><T76/><D76/><U15/><E15/><V24/><F79/><W80/><G80/><T106/><D106/><U71/><E71/><V128/><F69/><W123/><G123/><T98/><AGARI ba="0,0" hai="1,6,9,10,11,98,103,107,124,125,127" m="30063" machi="98" ten="40,2700,0" yaku="18,1,52,1" doraHai="101" who="0" fromWho="0" sc="248,27,286,-7,333,-7,133,-13" owari="275,-12.5,279,7.9,326,42.6,120,-38.0" /></mjloggm>