<mjloggm ver="2.3"><GO type="225" lobby="0"/><UN n0="%72%69%6F%75%63%68%61%6E" n1="%E3%81%B5%E3%81%98%E3%81%8B%E3%81%A4" n2="%73%75%7A%75%6D%65%33" n3="%E3%83%A9%E3%83%BC%E3%83%A1%E3%83%B3%E4%BA%94%E9%83%8E" dan="16,16,17,16" rate="2163.66,2190.56,2289.62,2106.55" sx="M,M,M,M"/><TAIKYOKU oya="0"/><INIT seed="0,0,0,5,1,99" ten="250,250,250,250" oya="0" hai0="34,64,113,63,22,79,90,49,95,111,16,55,123" hai1="19,48,61,60,68,109,57,31,114,77,69,70,96" hai2="129,8,27,82,105,36,126,26,58,47,92,0,78" hai3="51,118,33,116,93,88,104,122,112,30,106,125,133"/><T56/><D113/><U127/><E114/><V37/><F105/><W13/><G112/><T53/><D123/><U15/><E31/><V91/><F58/><W28/><G122/><T101/><D34/><U9/><E77/><V97/><F129/><W103/><G125/><T3/><D3/><U73/><E73/><V108/><F126/><W131/><G131/><T87/><D111/><U83/><E127/><V7/><F108/><W54/><G133/><T38/><D38/><U12/><E83/><V119/><F119/><W80/><G104/><T62/><D79/><U2/><E2/><V11/><F11/><W75/><G33/><T43/><D101/><U23/><E109/><V24/><REACH who="2" step="1"/><F47/><REACH who="2" ten="250,250,240,250" step="2"/><W32/><G106/><T4/><D4/><U1/><E57/><V134/><F134/><W17/><G118/><T100/><D62/><U76/><E61/><V98/><F98/><W35/><G116/><T67/><D100/><U50/><E96/><V5/><F5/><W59/><G103/><T124/><D124/><U130/><E60/><V6/><F6/><W18/><G32/><T25/><REACH who="0" step="1"/><D43/><REACH who="0" ten="240,250,240,250" step="2"/><U121/><E121/><V102/><F102/><W71/><G35/><T46/><AGARI ba="0,2" hai="16,22,25,46,49,53,55,56,63,64,67,87,90,95" machi="46" ten="20,18000,2" yaku="1,1,2,1,0,1,7,1,8,1,54,1,53,0" doraHai="99" doraHaiUra="132" who="0" fromWho="0" sc="240,200,250,-60,240,-60,250,-60" /><INIT seed="0,1,0,3,0,23" ten="440,190,180,190" oya="0" hai0="11,123,48,13,85,8,80,75,130,112,94,105,31" hai1="19,61,96,65,5,103,134,52,97,106,87,28,70" hai2="9,66,6,7,58,109,113,81,86,60,104,71,107" hai3="29,14,122,15,20,39,128,56,62,79,0,51,110"/><T46/><D112/><U26/><E134/><V92/><F113/><W57/><G39/><T40/><D123/><U49/><E5/><V98/><F109/><W99/><G0/><T1/><D105/><U27/><E96/><V131/><F71/><W53/><G110/><T93/><D130/><U115/><E115/><V50/><F50/><W126/><G128/><T12/><D1/><U16/><E87/><V101/><F131/><W17/><G122/><T33/><D75/><U132/><E132/><V78/><REACH who="2" step="1"/><F7/><REACH who="2" ten="440,190,170,190" step="2"/><W45/><G51/><T2/><D2/><AGARI ba="1,1" hai="2,6,9,58,60,66,78,81,86,92,98,101,104,107" machi="2" ten="30,8000,1" yaku="1,1,2,1,7,1,53,2" doraHai="23" doraHaiUra="100" who="2" fromWho="0" sc="440,-83,190,0,170,93,190,0" /><INIT seed="1,0,0,5,5,31" ten="357,190,263,190" oya="1" hai0="9,2,93,45,71,48,12,27,26,15,76,11,104" hai1="64,20,124,66,24,133,68,99,114,91,54,5,72" hai2="117,109,0,44,87,59,128,112,61,60,25,16,96" hai3="107,88,57,100,86,121,36,98,119,69,6,83,13"/><U80/><E124/><V94/><F117/><W126/><G121/><T51/><D104/><U21/><E114/><V38/><F0/><W101/><G126/><T1/><D71/><U75/><E133/><V58/><F112/><W120/><G120/><T129/><D129/><U122/><E5/><V84/><F109/><W49/><G69/><T118/><D118/><U67/><E68/><V56/><F128/><W70/><G70/><T95/><D45/><U39/><E39/><V123/><F123/><W79/><G119/><T65/><REACH who="0" step="1"/><D76/><REACH who="0" ten="347,190,263,190" step="2"/><U77/><E122/><V18/><F44/><W62/><G107/><T52/><D52/><U131/><E54/><V106/><F106/><W35/><G79/><T7/><D7/><U43/><E131/><V116/><F116/><W33/><G6/><T82/><D82/><U135/><E135/><V105/><F105/><W125/><G125/><T78/><D78/><U130/><E130/><V32/><F59/><W34/><G57/><T23/><D23/><U53/><E72/><V89/><F58/><W29/><G83/><T22/><D22/><U3/><E20/><V85/><F56/><W103/><G34/><T55/><D55/><U102/><E53/><V19/><REACH who="2" step="1"/><F38/><REACH who="2" ten="347,190,253,190" step="2"/><W4/><G36/><T111/><D111/><U8/><E67/><AGARI ba="0,2" hai="1,2,9,11,12,15,26,27,48,51,65,67,93,95" machi="67" ten="25,3200,0" yaku="1,1,22,2,53,0" doraHai="31" doraHaiUra="113" who="0" fromWho="1" sc="347,52,190,-32,253,0,190,0" /><INIT seed="2,0,0,3,1,96" ten="399,158,253,190" oya="2" hai0="95,53,66,5,56,112,71,131,20,60,132,86,33" hai1="116,89,90,133,126,106,111,105,76,62,129,130,24" hai2="28,68,79,31,37,41,50,87,75,80,26,101,15" hai3="127,77,128,64,72,11,73,42,18,93,0,74,135"/><V47/><F68/><W84/><G127/><T107/><D112/><U36/><E36/><V120/><F120/><W115/><G115/><T19/><D33/><U43/><E43/><V110/><F110/><W2/><G135/><T25/><D107/><N who="1" m="40971" /><E62/><V67/><F67/><W94/><G128/><N who="1" m="49258" /><E24/><V92/><F75/><W113/><G113/><T121/><D121/><U34/><E34/><V119/><F119/><W78/><G64/><T109/><D109/><U58/><E58/><V65/><F65/><W123/><G123/><T45/><D132/><U9/><E9/><V54/><F26/><W82/><G42/><T27/><D131/><U38/><E38/><V100/><F92/><W118/><G118/><T14/><D5/><U6/><E6/><V69/><F69/><W117/><G117/><T12/><D12/><U13/><E13/><V21/><F37/><W97/><G94/><T46/><D46/><U39/><E39/><V52/><F54/><W30/><G30/><N who="2" m="11305" /><F41/><W10/><G0/><T7/><D7/><U104/><E116/><V70/><F70/><W61/><G2/><T55/><D71/><U22/><E111/><V102/><F15/><N who="3" m="7543" /><G61/><T99/><D66/><U81/><E133/><V108/><F108/><W1/><G1/><T88/><D99/><U17/><N who="1" m="40979" /><U49/><DORA hai="114" /><E49/><AGARI ba="0,0" hai="14,19,20,25,27,45,49,53,55,56,60,86,88,95" machi="49" ten="40,2600,0" yaku="8,1,54,1" doraHai="96,114" who="0" fromWho="1" sc="399,26,158,-26,253,0,190,0" /><INIT seed="3,0,0,0,1,130" ten="425,132,253,190" oya="3" hai0="13,4,95,55,51,34,76,132,47,93,114,57,40" hai1="58,120,108,134,79,7,115,42,133,126,71,104,11" hai2="64,92,72,9,8,97,107,100,82,45,3,26,5" hai3="19,80,20,125,127,121,10,69,61,109,21,67,2"/><W44/><G121/><T49/><D132/><N who="1" m="50795" /><E120/><V60/><F45/><W39/><G109/><T70/><D70/><U32/><E108/><V119/><F119/><W131/><G131/><T88/><D34/><U48/><E115/><V117/><F117/><W54/><G80/><T16/><D114/><U102/><E126/><N who="3" m="48138" /><G54/><N who="0" m="31951" /><D76/><U105/><E71/><V23/><F82/><W52/><G19/><T73/><D73/><U86/><E32/><V90/><F72/><W53/><G39/><T31/><D31/><U98/><E79/><V41/><F41/><W25/><G44/><T0/><D0/><N who="1" m="487" /><E86/><V103/><F3/><W35/><G35/><T85/><D4/><U94/><E42/><V33/><F5/><N who="3" m="1335" /><G20/><N who="0" m="11279" /><D40/><U59/><E48/><V111/><F33/><W36/><G36/><T24/><D24/><U96/><E105/><V29/><F107/><W81/><G81/><AGARI ba="0,0" hai="47,51,55,81,85,88,93,95" m="11279,31951" machi="81" ten="30,3900,0" yaku="8,1,54,2" doraHai="130" who="0" fromWho="3" sc="425,39,132,0,253,0,190,-39" owari="464,56.4,132,-36.8,253,5.3,151,-24.9" /></mjloggm>