<mjloggm ver="2.3"><GO type="225" lobby="0"/><UN n0="%E3%81%8F%E3%81%BE%E3%81%96%E3%82%8F" n1="%E3%81%A1%E3%82%85%E3%81%86%E3%81%A9%E3%81%8F%E8%B1%A1%E3%81%95%E3%82%93" n2="%E3%81%9F%E3%81%93%E2%98%86%E7%84%BC%E3%81%8D" n3="%E5%A4%96%E5%B7%9D%E7%AB%9C%E6%88%90" dan="16,17,16,16" rate="2023.55,2193.32,2059.18,2102.16" sx="M,M,M,M"/><TAIKYOKU oya="0"/><INIT seed="0,0,0,1,4,16" ten="250,250,250,250" oya="0" hai0="96,11,28,84,90,32,39,91,38,109,18,94,82" hai1="30,37,12,98,86,1,132,83,130,51,34,124,92" hai2="122,10,70,107,126,78,123,120,133,117,80,105,114" hai3="35,42,97,6,77,127,19,40,79,9,64,118,65"/><T23/><D32/><U15/><E1/><V131/><F10/><W102/><G118/><T8/><D109/><U46/><E37/><V112/><F70/><W26/><G127/><T7/><D28/><U111/><E124/><V73/><F126/><W53/><G53/><T134/><D134/><U5/><E111/><V72/><F117/><W74/><G74/><T41/><D41/><U0/><E132/><V129/><F133/><W87/><G65/><T56/><D56/><U85/><E130/><N who="2" m="49675" /><F72/><W24/><G24/><T59/><D59/><U27/><E0/><V14/><F14/><W22/><G35/><T31/><D31/><U66/><E66/><V58/><F58/><W69/><G64/><T45/><D45/><U2/><E85/><V119/><F119/><W99/><G99/><T25/><REACH who="0" step="1"/><D11/><REACH who="0" ten="240,250,250,250" step="2"/><U68/><E68/><V4/><F4/><W135/><G69/><T110/><D110/><U95/><E5/><V128/><F128/><W106/><G135/><T20/><D20/><U43/><E34/><V67/><F67/><W47/><G42/><T21/><D21/><U17/><E43/><V49/><F49/><W104/><G47/><T13/><AGARI ba="0,1" hai="7,8,13,18,23,25,38,39,82,84,90,91,94,96" machi="13" ten="20,7800,0" yaku="1,1,0,1,7,1,52,1,53,0" doraHai="16" doraHaiUra="60" who="0" fromWho="0" sc="240,88,250,-26,250,-26,250,-26" /><INIT seed="0,1,0,5,3,114" ten="328,224,224,224" oya="0" hai0="43,55,64,23,94,69,15,39,8,130,30,63,96" hai1="111,76,81,104,48,49,120,4,80,77,1,128,66" hai2="88,46,62,74,70,20,90,38,78,44,37,57,115" hai3="113,28,54,123,13,41,33,61,105,59,36,31,135"/><T127/><D127/><U110/><E120/><V101/><F70/><W11/><G105/><T35/><D130/><U53/><E128/><V122/><F101/><W134/><G113/><T102/><D35/><U86/><E104/><V85/><F122/><W32/><G41/><T3/><D3/><U42/><E66/><V106/><F106/><W65/><G36/><T27/><D55/><U119/><E42/><V58/><F74/><W116/><G116/><T133/><D133/><N who="3" m="50697" /><G123/><T50/><D50/><U24/><E24/><V75/><F75/><W118/><G118/><T9/><REACH who="0" step="1"/><D15/><REACH who="0" ten="318,224,224,224" step="2"/><U19/><E1/><V67/><F115/><W132/><G132/><T29/><D29/><N who="3" m="11337" /><G54/><T98/><D98/><U107/><E53/><V16/><F37/><W26/><G26/><T126/><D126/><U45/><E119/><V99/><F38/><W60/><G60/><T22/><D22/><U100/><E110/><V25/><F99/><W34/><G34/><T84/><D84/><U47/><E86/><V72/><F72/><W108/><G108/><T92/><D92/><U12/><E111/><V68/><F85/><W91/><G33/><T5/><D5/><U121/><E4/><V129/><F129/><W95/><G32/><T73/><D73/><U112/><E112/><V124/><F124/><W7/><G95/><T103/><D103/><U89/><E100/><V83/><F62/><W14/><G13/><T131/><D131/><U51/><E12/><V0/><F0/><W2/><G2/><T87/><D87/><U56/><E107/><V93/><F93/><W97/><G97/><RYUUKYOKU ba="1,1" sc="318,15,224,-15,224,-15,224,15" hai0="8,9,23,27,30,39,43,63,64,69,94,96,102" hai3="7,11,14,59,61,65,91" /><INIT seed="0,2,1,4,3,50" ten="333,209,209,239" oya="0" hai0="85,54,28,68,117,59,131,16,26,81,58,36,126" hai1="112,83,105,20,11,91,69,34,130,21,52,41,104" hai2="80,102,132,55,72,9,24,15,107,6,78,89,27" hai3="14,99,37,88,129,60,82,48,96,44,73,109,18"/><T4/><D117/><U12/><E69/><V103/><F132/><W90/><G109/><T108/><D68/><U92/><E34/><V87/><F107/><W38/><G129/><T71/><D71/><U1/><E41/><V8/><F8/><W115/><G115/><T46/><D131/><U64/><E64/><V106/><F106/><W86/><G60/><T31/><D4/><U40/><E130/><V62/><F72/><W33/><G33/><T75/><D75/><U121/><E40/><V127/><F78/><W65/><G65/><T110/><D126/><U0/><E83/><V74/><F74/><W51/><G38/><T57/><D36/><U2/><E112/><V119/><F127/><W95/><G73/><T84/><D31/><U17/><E121/><V30/><F24/><W125/><G125/><T43/><D43/><U39/><E39/><V97/><F97/><N who="3" m="57575" /><G37/><T22/><D28/><U66/><E66/><V7/><F7/><W123/><G51/><N who="0" m="29047" /><D81/><U53/><E105/><V47/><F47/><W29/><G29/><T23/><D23/><U113/><E104/><V5/><F5/><W79/><G79/><T128/><D128/><U10/><E113/><V120/><F120/><W98/><G123/><T101/><D101/><U93/><E20/><N who="2" m="15719" /><F119/><W118/><G118/><T111/><AGARI ba="2,1" hai="16,22,26,57,58,59,84,85,108,110,111" m="29047" machi="111" ten="40,12000,1" yaku="14,1,10,1,52,1,54,1" doraHai="50" who="0" fromWho="0" sc="333,136,209,-42,209,-42,239,-42" /><INIT seed="0,3,0,1,2,87" ten="469,167,167,197" oya="0" hai0="134,10,54,118,82,49,77,31,133,95,121,84,100" hai1="0,98,116,44,19,70,39,101,97,127,20,28,60" hai2="40,78,61,92,22,32,88,56,90,14,86,83,94" hai3="12,124,72,132,107,41,103,63,26,52,67,74,15"/><T50/><D118/><U47/><E116/><V110/><F32/><W8/><G124/><T66/><D121/><U135/><E0/><V119/><F40/><W59/><G132/><T113/><D113/><U130/><E135/><V46/><F46/><W71/><G41/><T76/><D76/><U17/><E127/><V62/><F110/><W111/><G111/><T1/><D66/><U123/><E123/><V11/><F22/><W24/><G103/><T2/><D31/><U13/><E28/><V7/><F119/><W112/><G107/><T35/><D35/><U109/><E109/><V105/><F105/><W114/><G15/><T73/><D49/><U42/><E130/><V48/><F48/><W16/><G74/><T51/><D50/><U115/><E115/><V43/><F43/><W117/><G72/><T80/><D80/><U53/><E44/><V69/><F69/><W29/><G24/><T120/><D120/><U96/><E17/><V125/><F125/><W89/><G117/><T58/><D100/><U34/><E34/><V106/><F106/><W99/><G67/><T128/><D128/><U38/><E38/><V6/><F6/><W36/><G71/><T93/><D1/><U45/><E45/><V91/><F61/><W131/><G131/><T9/><D2/><U68/><E101/><V57/><F57/><W5/><G5/><T104/><D134/><U64/><E70/><V85/><F85/><W55/><G55/><AGARI ba="3,0" hai="7,11,14,55,56,62,78,83,86,88,90,91,92,94" machi="55" ten="40,8000,1" yaku="8,1,52,3,54,1" doraHai="87" who="2" fromWho="3" sc="469,0,167,0,167,89,197,-89" /><INIT seed="1,0,0,1,3,127" ten="469,167,256,108" oya="1" hai0="105,13,87,102,14,62,67,55,10,109,28,83,98" hai1="116,58,8,129,90,64,115,124,120,88,108,29,91" hai2="48,78,19,43,39,133,35,76,77,86,101,42,20" hai3="6,71,57,0,31,114,4,130,33,106,99,112,110"/><U121/><E115/><V16/><F35/><W1/><G71/><T95/><D109/><U23/><E116/><V63/><F39/><W53/><G106/><T74/><D28/><U104/><E104/><V128/><F101/><W22/><G99/><T117/><D117/><U17/><E124/><V131/><F63/><W32/><G53/><T119/><D119/><U103/><E103/><V107/><F107/><W126/><G57/><T94/><D55/><U65/><E108/><V135/><F86/><W69/><G69/><T118/><D118/><U92/><E92/><V30/><F48/><W11/><G126/><T44/><D44/><U80/><E80/><V81/><F30/><W96/><G96/><T54/><D54/><U100/><E100/><V52/><F52/><W60/><G60/><T70/><D74/><U2/><E29/><V38/><F38/><W25/><G110/><T123/><D123/><N who="1" m="47179" /><E129/><N who="2" m="49739" /><F81/><W97/><G97/><T40/><D83/><U24/><E58/><V68/><F68/><W134/><G134/><N who="2" m="51209" /><F20/><W93/><G93/><T41/><D95/><U12/><E64/><V18/><AGARI ba="0,0" hai="16,18,19,42,43,76,77,78" m="51209,49739" machi="18" ten="40,16000,3" yaku="28,2,19,1,20,1,52,3,54,1" doraHai="127" who="2" fromWho="2" sc="469,-40,167,-80,256,160,108,-40" /><INIT seed="2,0,0,2,1,102" ten="429,87,416,68" oya="2" hai0="121,92,117,114,11,7,8,61,103,38,0,69,107" hai1="86,22,53,18,91,118,35,3,68,27,9,66,37" hai2="132,116,74,4,75,128,70,49,96,54,60,17,115" hai3="30,20,58,13,87,10,29,23,2,133,12,57,47"/><V50/><F115/><W24/><G87/><T16/><D114/><U131/><E118/><V129/><F116/><W76/><G76/><T83/><D117/><U105/><E105/><V41/><F4/><N who="3" m="1303" /><G47/><T90/><D121/><U65/><E37/><V14/><F132/><W19/><G58/><T106/><D38/><U71/><E35/><V32/><F32/><N who="3" m="20519" /><G57/><T127/><D127/><U135/><E135/><V21/><F49/><W40/><G40/><T33/><D33/><U48/><E131/><N who="2" m="50251" /><F41/><W25/><G133/><T122/><D122/><U99/><E99/><V104/><F60/><W119/><G119/><T101/><D83/><U63/><E66/><V59/><F70/><W55/><G55/><T15/><D61/><U112/><E112/><V85/><F85/><W109/><G109/><T31/><D69/><U111/><E111/><V95/><F104/><W73/><G73/><T124/><D107/><U82/><E68/><V97/><F97/><W36/><G36/><T126/><D106/><U64/><E64/><V1/><F1/><W62/><G62/><T125/><D31/><U34/><E34/><V39/><F39/><W6/><G6/><T42/><D42/><U100/><E3/><V46/><F46/><W120/><G120/><T79/><D7/><U84/><E84/><V44/><F44/><W88/><G88/><AGARI ba="0,0" hai="14,17,21,50,54,59,74,75,88,95,96" m="50251" machi="88" ten="30,2900,0" yaku="19,1,54,1" doraHai="102" who="2" fromWho="3" sc="429,0,87,0,416,29,68,-29" /><INIT seed="2,1,0,3,1,72" ten="429,87,445,39" oya="2" hai0="127,37,22,50,85,79,26,117,73,101,133,54,40" hai1="29,132,34,19,86,44,123,135,58,78,109,36,17" hai2="95,115,43,125,27,114,102,6,51,81,92,91,69" hai3="98,48,112,31,113,47,71,56,130,128,10,100,134"/><V64/><F6/><W108/><G71/><T96/><D127/><U122/><E58/><V89/><F27/><W126/><G108/><T35/><D35/><U0/><E0/><V28/><F28/><W49/><G126/><T12/><D133/><N who="1" m="51275" /><E109/><V77/><F51/><W124/><G124/><T99/><D73/><U103/><E103/><V65/><F43/><W2/><G31/><N who="0" m="17879" /><D37/><U4/><E4/><V18/><F18/><N who="1" m="6665" /><E44/><V45/><F45/><W94/><G134/><T30/><D101/><U42/><E42/><V32/><F32/><W25/><G25/><T120/><D120/><U105/><E105/><V8/><F8/><W80/><G10/><T111/><D111/><U52/><E52/><V38/><F38/><W1/><G56/><N who="0" m="32855" /><D117/><U21/><E34/><V24/><F24/><W63/><G63/><T7/><D40/><U9/><E36/><V104/><F69/><W23/><G23/><T82/><D30/><U74/><E74/><V5/><F102/><W55/><G48/><T119/><D119/><U70/><E9/><AGARI ba="1,0" hai="7,9,12,79,82,85,96,99" m="32855,17879" machi="9" ten="30,2000,0" yaku="8,1,52,1" doraHai="72" who="0" fromWho="1" sc="429,23,87,-23,445,0,39,0" /><INIT seed="3,0,0,5,4,15" ten="452,64,445,39" oya="3" hai0="71,111,2,75,86,126,76,4,80,98,63,122,21" hai1="128,134,127,60,81,132,108,65,125,82,48,7,28" hai2="42,6,1,87,106,77,78,84,14,55,135,95,36" hai3="83,62,68,101,32,40,79,96,52,100,5,56,23"/><W39/><G32/><T16/><D122/><U46/><E108/><V121/><F1/><W112/><G112/><T44/><D111/><U88/><E7/><V94/><F106/><W118/><G118/><T130/><D130/><U66/><E28/><V73/><F73/><W8/><G68/><T93/><D126/><N who="1" m="48139" /><E128/><V19/><F6/><W113/><G113/><T22/><D75/><U24/><E24/><V20/><F36/><W51/><G39/><T105/><D105/><U34/><E34/><V41/><F55/><W89/><G23/><T114/><D22/><U0/><E0/><V67/><F67/><N who="1" m="25609" /><E60/><V37/><F135/><N who="1" m="51753" /><E88/><N who="2" m="53511" /><F37/><W58/><G89/><T50/><D114/><U69/><E69/><V33/><F121/><W109/><G109/><T27/><D71/><U124/><E124/><V31/><F31/><W72/><G96/><T91/><D63/><U116/><E116/><V92/><F33/><W131/><G131/><T59/><D2/><U85/><E85/><V107/><F107/><W47/><REACH who="3" step="1"/><G58/><REACH who="3" ten="452,64,445,29" step="2"/><T120/><D120/><U18/><E18/><V115/><F115/><W43/><G43/><AGARI ba="0,1" hai="43,46,48,81,82" m="51753,25609,48139" machi="43" ten="30,2000,0" yaku="18,1,20,1" doraHai="15" who="1" fromWho="3" sc="452,0,64,30,445,0,29,-20" owari="452,55.2,94,-30.6,445,24.5,9,-49.1" /></mjloggm>