<mjloggm ver="2.3"><GO type="225" lobby="0"/><UN n0="%E6%A1%9C%E8%8A%B1%E9%96%83%E3%80%85" n1="%E6%81%A5%E6%99%92%E3%81%97" n2="%E6%98%93%E5%88%A9%E8%96%A9%E4%BC%AF" n3="%E3%83%A9%E3%83%BC%E3%83%A1%E3%83%B3%E4%BA%94%E9%83%8E" dan="17,16,16,16" rate="2181.80,2195.73,2084.64,2141.04" sx="M,M,F,M"/><TAIKYOKU oya="0"/><INIT seed="0,0,0,3,3,74" ten="250,250,250,250" oya="0" hai0="33,36,115,66,41,111,85,120,116,30,101,121,102" hai1="20,44,79,124,28,58,135,40,108,60,56,42,19" hai2="11,98,23,2,65,4,21,7,17,105,100,126,53" hai3="123,104,107,26,99,132,45,70,72,49,94,32,29"/><T3/><D3/><U16/><E108/><V106/><F126/><W69/><G72/><T1/><D1/><U88/><E135/><V52/><F7/><W97/><G132/><T15/><D115/><U63/><E124/><V119/><F119/><W48/><G123/><T24/><D116/><U54/><E28/><V57/><F106/><W112/><G112/><T55/><D66/><U8/><E8/><V95/><F105/><W35/><G35/><T82/><D55/><U67/><E79/><V109/><F109/><W127/><G127/><T22/><D111/><U39/><E42/><V59/><F65/><W86/><G86/><T103/><D36/><U92/><REACH who="1" step="1"/><E20/><REACH who="1" ten="250,240,250,250" step="2"/><V50/><REACH who="2" step="1"/><F17/><REACH who="2" ten="250,240,240,250" step="2"/><W129/><G29/><T87/><D30/><U0/><E0/><V78/><F78/><W31/><G31/><T118/><D118/><U6/><E6/><V43/><F43/><W47/><G32/><T130/><D41/><U61/><E61/><AGARI ba="0,2" hai="2,4,11,21,23,50,52,53,57,59,61,95,98,100" machi="61" ten="30,3900,0" yaku="1,1,7,1,54,1,53,0" doraHai="74" doraHaiUra="131" who="2" fromWho="1" sc="250,0,240,-39,240,59,250,0" /><INIT seed="1,0,0,2,2,8" ten="250,201,299,250" oya="1" hai0="82,121,18,58,104,125,123,94,26,80,111,106,129" hai1="43,132,36,20,60,91,96,3,16,13,101,115,17" hai2="7,109,128,95,52,99,14,63,74,5,98,53,114" hai3="40,62,12,30,21,81,61,102,120,11,37,85,32"/><U25/><E115/><V131/><F74/><W31/><G120/><N who="0" m="46155" /><D58/><U119/><E119/><V73/><F73/><W122/><G122/><T126/><D26/><U28/><E3/><V70/><F109/><W51/><G37/><T6/><D6/><U64/><E132/><V89/><F99/><W97/><G32/><T34/><D34/><U88/><E43/><V24/><F24/><N who="3" m="16655" /><G31/><T100/><D18/><U110/><E36/><V41/><F41/><W67/><G51/><T15/><D15/><U4/><E110/><V47/><F114/><W33/><G67/><T68/><D68/><U134/><E134/><V93/><F93/><N who="3" m="58671" /><G33/><T35/><D35/><U57/><E4/><V29/><F29/><W108/><G40/><T65/><D65/><U44/><E44/><V83/><F83/><N who="0" m="31786" /><D129/><N who="2" m="49738" /><F7/><N who="3" m="3199" /><G108/><T78/><D111/><U113/><E113/><V49/><F70/><W56/><G56/><T10/><D10/><N who="1" m="6199" /><E28/><V84/><F5/><W55/><G55/><T50/><D50/><U92/><AGARI ba="0,0" hai="17,20,25,57,60,64,88,91,92,96,101" m="6199" machi="92" ten="30,11700,0" yaku="8,1,52,1,54,2" doraHai="8" who="1" fromWho="1" sc="250,-39,201,117,299,-39,250,-39" /><INIT seed="1,1,0,0,4,19" ten="211,318,260,211" oya="1" hai0="103,121,133,64,126,111,127,75,34,62,48,47,25" hai1="38,115,21,15,114,39,10,30,79,76,109,96,99" hai2="60,5,128,49,41,107,81,42,84,6,83,116,100" hai3="67,45,77,12,71,93,27,31,85,24,16,80,20"/><U63/><E63/><V92/><F116/><W36/><G71/><T69/><D75/><U97/><E109/><V86/><F60/><W70/><G70/><T122/><D103/><U94/><E94/><V0/><F107/><W22/><G67/><T46/><D34/><U50/><E50/><V28/><F28/><W78/><G93/><T102/><D25/><U101/><E101/><V88/><F0/><W72/><G36/><T53/><D102/><U13/><E10/><V87/><F100/><W134/><G134/><T57/><D133/><U44/><E44/><N who="0" m="16937" /><D111/><U120/><E99/><N who="2" m="57735" /><F128/><W117/><G117/><T132/><D132/><U106/><E30/><V65/><F65/><W73/><G77/><T8/><D8/><U14/><E106/><V104/><F49/><W66/><G66/><T61/><D61/><U37/><E37/><V35/><F35/><W58/><G45/><T113/><D113/><U124/><E39/><V40/><F104/><W3/><G3/><T55/><D55/><U89/><E38/><V91/><F91/><W112/><G112/><T2/><D2/><U52/><E89/><V32/><F32/><W29/><G58/><T7/><D7/><AGARI ba="1,0" hai="5,6,7,40,41,42,81,83,84,86,87" m="57735" machi="7" ten="30,2000,0" yaku="8,1,54,1" doraHai="19" who="2" fromWho="0" sc="211,-23,318,0,260,23,211,0" /><INIT seed="2,0,0,5,5,10" ten="188,318,283,211" oya="2" hai0="118,54,51,78,63,83,94,98,58,32,69,40,12" hai1="43,0,112,90,108,20,6,7,66,71,1,64,133" hai2="103,34,128,119,29,96,74,8,105,113,117,99,22" hai3="104,18,127,45,60,21,42,120,25,36,53,125,111"/><V88/><F113/><W48/><G120/><T14/><D32/><U70/><E112/><V124/><F34/><W116/><G116/><T86/><D118/><U102/><E102/><V35/><F35/><W39/><G104/><T41/><D69/><U134/><E20/><V61/><F74/><W46/><G111/><T28/><D28/><U80/><E90/><V95/><F128/><W77/><G77/><T17/><D17/><U121/><E43/><N who="0" m="16457" /><D63/><U57/><E57/><V131/><F124/><W49/><REACH who="3" step="1"/><G60/><REACH who="3" ten="188,318,283,201" step="2"/><T50/><D50/><U79/><E121/><V15/><F61/><W87/><G87/><T72/><D72/><U100/><E79/><V109/><F109/><W30/><G30/><T73/><D73/><U135/><E108/><V13/><F131/><W19/><G19/><T44/><D44/><U24/><E135/><V130/><F130/><W123/><G123/><T91/><AGARI ba="0,1" hai="12,14,51,54,58,78,83,86,91,94,98" m="16457" machi="91" ten="30,4000,0" yaku="8,1,52,2" doraHai="10" who="0" fromWho="0" sc="188,50,318,-10,283,-20,201,-10" /><INIT seed="3,0,0,4,4,66" ten="238,308,263,191" oya="3" hai0="81,39,110,13,6,38,130,60,122,79,58,15,35" hai1="2,36,90,51,115,68,117,106,18,114,88,99,135" hai2="77,32,27,98,37,80,0,59,131,25,17,61,67" hai3="14,53,101,96,74,133,91,57,105,78,55,41,87"/><W49/><G133/><T116/><D116/><U43/><E68/><V9/><F37/><W132/><G132/><T24/><D122/><U69/><E69/><V10/><F32/><W95/><G14/><T75/><D110/><U84/><E36/><V85/><F131/><W70/><G70/><T40/><D130/><U108/><E2/><V21/><F0/><W73/><G41/><T46/><D39/><U28/><E28/><V72/><F72/><W3/><G3/><T54/><REACH who="0" step="1"/><D6/><REACH who="0" ten="228,308,263,191" step="2"/><U16/><E108/><V103/><REACH who="2" step="1"/><F27/><REACH who="2" ten="228,308,253,191" step="2"/><W112/><G112/><T113/><D113/><U48/><E135/><V1/><F1/><W121/><G121/><T92/><D92/><AGARI ba="0,2" hai="9,10,17,21,25,59,61,67,77,80,85,92,98,103" machi="92" ten="30,3900,0" yaku="1,1,7,1,8,1,53,0" doraHai="66" doraHaiUra="50" who="2" fromWho="0" sc="228,-39,308,0,253,59,191,0" owari="189,-31.1,308,10.8,312,41.2,191,-20.9" /></mjloggm>