<mjloggm ver="2.3"><GO type="225" lobby="0"/><UN n0="%E3%82%A2%E3%83%A1%E3%82%A2%E3%83%A9%E3%83%AC" n1="%6D%75%75%73%61%6E%6D%75" n2="%E3%83%81%E3%83%AF%E3%83%AF%E9%9A%8A%E9%95%B7" n3="%E7%99%BD%E6%97%A5%E9%9B%AA%E8%8F%9C" dan="16,16,17,17" rate="2156.75,2125.42,2155.17,2148.26" sx="M,F,M,M"/><TAIKYOKU oya="0"/><INIT seed="0,0,0,1,5,127" ten="250,250,250,250" oya="0" hai0="102,43,53,88,12,14,34,0,26,120,72,131,5" hai1="65,25,75,39,33,15,6,116,90,52,50,41,35" hai2="114,124,55,17,78,40,135,24,74,108,79,91,30" hai3="71,97,58,125,48,106,38,59,94,20,3,134,121"/><T64/><BYE who="3" /><D120/><U37/><E116/><V83/><F114/><W42/><G42/><T113/><D113/><U81/><E65/><V93/><F124/><W9/><G9/><T62/><D72/><U109/><E109/><V100/><F108/><W16/><G16/><T112/><D112/><U21/><E6/><V117/><F117/><W23/><G23/><T66/><D102/><U98/><E15/><V32/><F135/><W129/><G129/><T111/><D43/><U92/><E75/><V28/><F79/><W77/><G77/><T89/><D0/><U128/><E128/><V22/><F100/><W54/><G54/><T130/><D111/><U57/><E81/><V133/><F133/><W80/><G80/><T70/><D66/><U46/><REACH who="1" step="1"/><E39/><REACH who="1" ten="250,240,250,250" step="2"/><V87/><F74/><W132/><G132/><T67/><D67/><U104/><E104/><V123/><F83/><W2/><G2/><T13/><D5/><U1/><E1/><V7/><F7/><W56/><G56/><T84/><D130/><U85/><E85/><V101/><F87/><W118/><G118/><T47/><D131/><U63/><E63/><V96/><F123/><W76/><G76/><T49/><REACH who="0" step="1"/><D84/><REACH who="0" ten="240,240,250,250" step="2"/><U107/><E107/><V110/><F110/><W82/><G82/><T10/><D10/><U36/><E36/><V68/><F68/><W18/><G18/><AGARI ba="0,2" hai="18,21,25,33,35,37,41,46,50,52,57,90,92,98" machi="18" ten="30,7700,0" yaku="1,1,7,1,54,1,53,1" doraHai="127" doraHaiUra="44" who="1" fromWho="3" sc="240,0,240,97,250,0,250,-77" /><INIT seed="1,0,0,0,5,38" ten="240,337,250,173" oya="1" hai0="103,108,118,95,41,47,105,100,72,112,63,93,0" hai1="43,85,88,124,56,126,19,31,24,35,50,4,42" hai2="66,44,30,16,94,78,109,60,120,45,82,5,73" hai3="39,53,131,122,134,96,119,37,29,49,65,64,130"/><U8/><E19/><V52/><F120/><W57/><G57/><T133/><D112/><U135/><E56/><N who="2" m="34823" /><F73/><W17/><G17/><T79/><D108/><U101/><E101/><V68/><F68/><W18/><G18/><T2/><D118/><U51/><E135/><V12/><F109/><W48/><G48/><T114/><D114/><U54/><E54/><V98/><F5/><W121/><G121/><T89/><D133/><U80/><E51/><V15/><F30/><W107/><G107/><T123/><D95/><U58/><E58/><V13/><F66/><W61/><G61/><T70/><D123/><U74/><E74/><V111/><F111/><W11/><G11/><T55/><D103/><U86/><E86/><N who="2" m="48471" /><F16/><W110/><G110/><T69/><D69/><U67/><E67/><V115/><F115/><W21/><G21/><T99/><D70/><U128/><E128/><V84/><F84/><W46/><G46/><T92/><D105/><U20/><E35/><V26/><F26/><W71/><G71/><T116/><D116/><U132/><E132/><V10/><F10/><W27/><G27/><T62/><D62/><U59/><E59/><V106/><F106/><W23/><G23/><T1/><D63/><U83/><E50/><V127/><F127/><N who="1" m="48681" /><E83/><V33/><F33/><W36/><G36/><N who="0" m="21927" /><D72/><U90/><E90/><AGARI ba="0,0" hai="12,13,15,44,45,90,94,98" m="48471,34823" machi="90" ten="30,2000,0" yaku="8,1,54,1" doraHai="38" who="2" fromWho="1" sc="240,0,337,-20,250,20,173,0" /><INIT seed="2,0,0,1,4,134" ten="240,317,270,173" oya="2" hai0="16,64,74,5,35,42,108,49,61,103,56,132,106" hai1="120,71,51,8,69,133,57,7,12,76,117,22,115" hai2="62,48,70,52,67,59,19,27,116,55,66,121,60" hai3="37,65,2,122,15,131,53,130,41,78,20,98,77"/><V84/><F116/><W44/><G44/><T129/><D108/><U124/><E117/><V107/><F121/><W73/><G73/><T90/><D132/><U96/><E115/><V105/><F84/><W1/><G1/><T119/><D129/><U23/><E133/><V54/><REACH who="2" step="1"/><F48/><REACH who="2" ten="240,317,260,173" step="2"/><W17/><G17/><T50/><D49/><U87/><E120/><V9/><F9/><W93/><G93/><T24/><D16/><U18/><E87/><V104/><F104/><W26/><G26/><T101/><D24/><U63/><E51/><V43/><F43/><W75/><G75/><T31/><D74/><U10/><E18/><V91/><F91/><W123/><G123/><T30/><D106/><U3/><E10/><V21/><AGARI ba="0,1" hai="19,21,27,52,54,55,59,60,62,66,67,70,105,107" machi="21" ten="30,6000,0" yaku="1,1,0,1,54,1,53,0" doraHai="134" doraHaiUra="47" who="2" fromWho="2" sc="240,-20,317,-20,260,70,173,-20" /><INIT seed="2,1,0,1,2,32" ten="220,297,330,153" oya="2" hai0="26,116,10,99,114,43,101,45,120,55,133,14,20" hai1="33,92,59,129,53,31,103,68,81,19,16,42,126" hai2="98,51,67,11,87,21,75,58,30,134,37,117,90" hai3="100,78,74,1,77,41,94,112,118,108,50,123,132"/><V47/><F117/><W66/><G66/><T130/><D133/><U0/><E68/><V73/><F134/><W109/><G109/><T60/><D130/><U48/><E129/><V102/><F37/><W121/><G121/><T83/><D114/><U13/><E126/><V79/><F79/><W70/><G70/><T35/><D35/><U9/><E33/><V38/><F38/><W115/><G115/><T104/><D116/><U69/><E69/><V22/><F11/><W23/><G23/><T135/><D135/><U40/><E31/><V131/><F131/><W29/><G29/><T72/><D72/><U111/><E111/><V124/><F124/><W97/><G97/><T65/><D55/><U91/><E0/><V52/><F21/><W36/><G36/><T5/><D83/><U71/><E71/><V105/><F67/><W93/><G93/><T84/><D84/><N who="1" m="50575" /><E19/><V95/><REACH who="2" step="1"/><F58/><REACH who="2" ten="220,297,320,153" step="2"/><W62/><G62/><T127/><D127/><U86/><E59/><V12/><F12/><W8/><G8/><T46/><D60/><U6/><E6/><V106/><F106/><W44/><G44/><T56/><D56/><U54/><E9/><V63/><F63/><W64/><G64/><T18/><D65/><U15/><E15/><V61/><F61/><W80/><G80/><T4/><D46/><U82/><E82/><V39/><F39/><W27/><G27/><AGARI ba="1,1" hai="22,27,30,47,51,52,73,75,87,90,95,98,102,105" machi="27" ten="40,3900,0" yaku="1,1,54,1,53,0" doraHai="32" doraHaiUra="76" who="2" fromWho="3" sc="220,0,297,0,320,52,153,-42" /><INIT seed="2,2,0,0,3,50" ten="220,297,372,111" oya="2" hai0="77,98,63,20,94,115,0,12,27,1,84,39,55" hai1="135,11,66,128,45,26,53,131,79,75,23,74,109" hai2="105,3,116,114,17,76,40,16,102,129,108,43,118" hai3="126,89,56,91,106,93,38,92,24,87,96,41,125"/><V7/><F114/><W97/><G97/><T73/><D115/><U35/><E35/><V134/><F76/><W21/><G21/><T8/><D73/><U119/><E119/><V112/><F112/><W81/><G81/><T62/><D39/><U122/><E109/><V31/><F108/><W22/><G22/><T60/><D1/><U124/><E124/><V28/><F129/><N who="1" m="49737" /><E135/><V29/><F134/><W113/><G113/><T30/><D0/><U90/><E122/><V61/><F61/><W85/><G85/><T127/><D127/><U65/><E90/><V15/><F3/><W32/><G32/><T70/><D70/><U69/><E11/><V110/><F110/><W47/><G47/><T52/><D84/><U117/><E117/><V57/><F118/><W4/><G4/><N who="0" m="3079" /><D77/><U9/><E9/><V111/><F116/><W100/><G100/><AGARI ba="2,0" hai="20,27,30,52,55,60,62,63,94,98,100" m="3079" machi="100" ten="30,7700,0" yaku="8,1,52,2,54,1" doraHai="50" who="0" fromWho="3" sc="220,83,297,0,372,0,111,-83" /><INIT seed="3,0,0,1,0,51" ten="303,297,372,28" oya="3" hai0="134,38,122,4,109,135,14,12,77,18,94,67,111" hai1="39,114,123,28,0,79,131,3,81,45,76,116,21" hai2="88,29,78,59,56,126,87,61,16,1,101,17,92" hai3="125,72,30,127,105,90,129,63,120,11,54,41,2"/><W43/><G43/><T7/><D38/><U46/><E123/><V107/><F1/><W20/><G20/><N who="0" m="11335" /><D67/><U95/><E114/><V73/><F126/><W104/><G104/><T70/><D70/><U34/><E34/><V53/><F29/><W106/><G106/><T19/><D94/><U49/><E3/><V112/><F112/><W10/><G10/><N who="0" m="6615" /><D77/><N who="1" m="29771" /><E0/><V121/><F121/><W132/><G132/><N who="0" m="50731" /><D122/><U32/><E32/><V42/><F42/><W48/><G48/><T22/><D22/><U36/><E36/><V110/><F59/><W27/><G27/><T103/><D103/><U40/><E39/><V37/><F37/><W69/><G69/><T97/><D97/><U23/><E131/><V13/><F101/><W98/><G98/><T62/><D62/><U80/><E116/><V6/><F107/><W133/><G133/><T124/><D124/><U96/><E45/><V119/><F119/><W8/><G8/><T113/><D113/><U118/><E118/><V25/><F73/><W86/><G86/><T93/><D93/><U31/><E23/><V74/><F74/><W52/><G52/><T26/><D26/><N who="1" m="16463" /><E31/><V60/><F25/><W57/><G57/><T117/><D117/><U71/><E71/><V99/><F56/><W91/><G91/><AGARI ba="0,0" hai="40,46,49,80,81,91,95,96" m="16463,29771" machi="91" ten="30,1000,0" yaku="8,1" doraHai="51" who="1" fromWho="3" sc="303,0,297,10,372,0,28,-10" owari="303,-9.7,307,10.7,372,47.2,18,-48.2" /></mjloggm>