<mjloggm ver="2.3"><GO type="225" lobby="0"/><UN n0="%E3%82%89%E3%81%84%E3%81%82%E3%82%93%E3%81%98%E3%82%83%E3%82%93" n1="%4B%2E%32%2E%4B%2E" n2="%E3%81%9F%E3%81%A3%E3%81%A1%E3%82%87" n3="%4C%4F%4C%49%54%41" dan="17,16,16,16" rate="2170.77,2058.06,2095.73,2201.05" sx="M,M,M,F"/><TAIKYOKU oya="0"/><INIT seed="0,0,0,3,1,116" ten="250,250,250,250" oya="0" hai0="94,22,120,29,7,133,55,31,8,113,34,92,47" hai1="30,83,107,105,126,91,108,110,42,17,96,127,101" hai2="72,43,73,112,117,52,88,76,25,2,102,56,14" hai3="54,4,67,86,87,66,5,62,51,74,44,28,38"/><T69/><D113/><U63/><E30/><V111/><F112/><W3/><G74/><T23/><D34/><U50/><E17/><V122/><F2/><W60/><G28/><T19/><D69/><U53/><E63/><N who="3" m="24106" /><G38/><T45/><D133/><U79/><E42/><V119/><F122/><W125/><G3/><T98/><D19/><U18/><E18/><V89/><F111/><N who="1" m="42537" /><E107/><V15/><F102/><W36/><G36/><T32/><D32/><U61/><E61/><N who="2" m="35975" /><F25/><W134/><G125/><N who="1" m="47626" /><E50/><V48/><F43/><W57/><G134/><T85/><D29/><U11/><E11/><V75/><F48/><W109/><G109/><T9/><D31/><U121/><E53/><V41/><F41/><W93/><G66/><T90/><D55/><U21/><E21/><V35/><F35/><W81/><G67/><T78/><D9/><U95/><E121/><V40/><F40/><W128/><G54/><T106/><D106/><U64/><E64/><V12/><F76/><W26/><G51/><T82/><D120/><U84/><E105/><V77/><F77/><AGARI ba="0,0" hai="77,79,83,84,91,95,96,101" m="47626,42537" machi="77" ten="30,7700,0" yaku="14,1,18,1,34,2" doraHai="116" who="1" fromWho="2" sc="250,0,250,77,250,-77,250,0" /><INIT seed="1,0,0,5,4,89" ten="250,327,173,250" oya="1" hai0="2,83,52,32,130,30,41,73,125,28,78,120,8" hai1="118,21,34,4,39,93,24,10,3,132,117,87,26" hai2="36,95,57,74,122,9,15,29,97,45,5,20,104" hai3="38,123,35,113,12,100,56,46,61,75,68,14,48"/><U106/><E39/><V27/><F122/><W124/><G123/><T127/><D120/><U47/><E106/><V37/><F74/><W121/><G121/><T110/><D110/><U6/><E132/><V13/><F104/><W62/><G113/><T134/><D134/><U55/><E6/><V86/><F86/><W72/><G35/><T81/><D41/><U109/><E34/><V107/><F107/><W60/><G68/><T92/><D92/><U108/><E47/><V67/><F45/><W133/><G124/><T40/><D40/><U96/><E55/><V102/><F15/><W135/><G38/><T128/><D52/><U50/><E50/><V25/><F27/><N who="1" m="10281" /><E87/><V19/><F5/><W54/><G46/><T88/><D32/><U115/><E21/><V1/><F1/><W80/><G133/><T44/><D44/><U11/><E11/><V65/><F65/><W42/><G42/><T59/><D8/><U119/><E115/><V129/><F129/><N who="0" m="49770" /><D2/><U0/><E0/><V131/><F131/><W126/><G135/><T105/><D105/><U99/><E93/><V33/><F33/><W7/><G54/><T63/><D30/><U31/><E31/><V18/><F18/><W116/><G7/><T94/><D28/><U90/><E90/><V77/><REACH who="2" step="1"/><F77/><REACH who="2" ten="250,327,163,250" step="2"/><W71/><G12/><T64/><D73/><U85/><E85/><V79/><F79/><W70/><G14/><T66/><D78/><U111/><AGARI ba="0,1" hai="3,4,10,96,99,108,109,111,117,118,119" m="10281" machi="111" ten="40,3900,0" yaku="14,1,10,1" doraHai="89" who="1" fromWho="1" sc="250,-13,327,49,163,-13,250,-13" /><INIT seed="1,1,0,2,4,123" ten="237,376,150,237" oya="1" hai0="100,9,76,106,132,131,6,23,4,28,60,69,16" hai1="117,68,80,62,35,7,121,71,108,30,89,134,116" hai2="96,50,64,48,112,13,43,5,45,19,115,17,90" hai3="20,59,85,110,38,25,72,79,102,18,105,77,57"/><U24/><E121/><V11/><F64/><W26/><G38/><T82/><D131/><U0/><E134/><V95/><REACH who="2" step="1"/><F50/><REACH who="2" ten="237,376,140,237" step="2"/><W44/><G59/><T46/><D69/><U101/><E71/><V66/><F66/><W83/><G57/><T113/><D132/><U15/><E68/><V119/><F119/><W74/><G44/><T27/><D46/><U109/><E117/><V87/><F87/><W2/><G85/><T73/><D60/><U63/><E116/><V41/><F41/><W49/><G49/><T120/><D120/><U97/><E63/><V133/><F133/><W3/><G74/><T31/><D113/><AGARI ba="1,1" hai="5,11,13,17,19,43,45,48,90,95,96,112,113,115" machi="113" ten="40,2600,0" yaku="1,1,11,1,53,0" doraHai="123" doraHaiUra="61" who="2" fromWho="0" sc="237,-29,376,0,140,39,237,0" /><INIT seed="2,0,0,1,2,108" ten="208,376,179,237" oya="2" hai0="58,116,18,95,112,27,60,76,59,10,118,23,77" hai1="35,133,26,111,19,83,94,99,8,28,82,9,61" hai2="0,104,41,128,119,4,30,73,20,46,67,120,105" hai3="125,102,87,130,13,6,70,90,91,21,22,134,31"/><V88/><F119/><N who="0" m="45610" /><D112/><U45/><E111/><V81/><F120/><W7/><G70/><T71/><D95/><U97/><E133/><V47/><F47/><W127/><G134/><T54/><D71/><U65/><E45/><V103/><F128/><W48/><G130/><T68/><D68/><U135/><E99/><N who="2" m="61567" /><F67/><W121/><G121/><T131/><D131/><U100/><E135/><V2/><F20/><W24/><G102/><T16/><D58/><U57/><E19/><N who="0" m="7209" /><D10/><U89/><E100/><V110/><F110/><W107/><G107/><T86/><D86/><U98/><E98/><V74/><F30/><AGARI ba="0,0" hai="23,27,30,54,59,60,76,77" m="7209,45610" machi="30" ten="30,2000,0" yaku="12,1,54,1" doraHai="108" who="0" fromWho="2" sc="208,20,376,0,179,-20,237,0" /><INIT seed="3,0,0,3,0,6" ten="228,376,159,237" oya="3" hai0="85,48,121,65,23,98,102,12,47,108,4,64,60" hai1="29,74,8,89,15,72,96,82,33,40,100,92,134" hai2="53,87,49,63,10,95,133,31,20,79,106,132,99" hai3="55,58,69,81,32,103,30,36,78,70,38,123,73"/><W5/><G123/><T17/><D121/><U107/><E134/><V127/><F106/><W113/><G113/><T118/><D118/><U130/><E40/><V11/><F127/><W119/><G119/><T77/><D108/><U67/><E67/><V83/><F63/><W28/><G103/><T54/><D60/><U0/><E0/><V124/><F124/><W43/><G5/><T9/><D85/><N who="1" m="52271" /><E29/><V68/><F68/><W125/><G30/><T59/><D77/><N who="1" m="44327" /><E74/><V7/><F7/><W86/><G73/><T131/><D131/><U104/><E33/><V25/><F132/><W114/><G38/><T128/><D128/><U94/><E94/><V26/><F26/><W101/><G43/><T35/><D35/><U105/><E130/><V91/><F133/><W90/><G28/><T126/><D59/><AGARI ba="0,0" hai="10,11,20,25,31,49,53,59,79,83,87,91,95,99" machi="59" ten="30,7700,0" yaku="7,1,8,1,52,2" doraHai="6" who="2" fromWho="0" sc="228,-77,376,0,159,77,237,0" owari="151,-34.9,376,47.6,236,-16.4,237,3.7" /></mjloggm>