<mjloggm ver="2.3"><GO type="225" lobby="0"/><UN n0="%E6%B8%A9%E2%98%85%E6%83%85%E2%98%85%E6%8E%AA%E2%98%85%E7%BD%AE" n1="%4B%2E%32%2E%4B%2E" n2="%72%69%6F%75%63%68%61%6E" n3="%E3%81%8B%E3%82%8F%E3%81%A1%E3%82%83%E3%82%93%35%38" dan="18,16,16,17" rate="2175.18,2120.02,2215.50,2208.45" sx="M,M,M,M"/><TAIKYOKU oya="0"/><INIT seed="0,0,0,2,5,128" ten="250,250,250,250" oya="0" hai0="127,39,90,2,74,95,70,19,16,99,69,14,121" hai1="111,5,116,125,102,68,105,7,126,60,108,97,17" hai2="76,88,6,29,13,27,22,109,49,21,54,86,112" hai3="57,92,89,1,132,122,46,0,117,130,20,56,79"/><T40/><D121/><U4/><E116/><V8/><F109/><N who="1" m="42057" /><E17/><V104/><F112/><W53/><G117/><T47/><D2/><U35/><E35/><V87/><F104/><W110/><G110/><T33/><D127/><N who="1" m="48651" /><E60/><V58/><F76/><W100/><G79/><T129/><D129/><U62/><E62/><V135/><F135/><W41/><G100/><T119/><D119/><U114/><E68/><V51/><F49/><W91/><G92/><T32/><D74/><U73/><E73/><V23/><REACH who="2" step="1"/><F86/><REACH who="2" ten="250,250,240,250" step="2"/><W43/><G130/><T77/><D77/><U36/><E36/><V25/><F25/><W30/><G132/><T133/><D133/><U66/><E66/><V80/><AGARI ba="0,1" hai="6,8,13,21,22,23,27,29,51,54,58,80,87,88" machi="80" ten="20,12000,2" yaku="1,1,0,1,7,1,8,1,54,1,53,1" doraHai="128" doraHaiUra="9" who="2" fromWho="2" sc="250,-60,250,-30,240,130,250,-30" /><INIT seed="1,0,0,4,4,119" ten="190,220,370,220" oya="1" hai0="89,54,62,26,7,67,52,84,59,103,116,78,63" hai1="117,73,44,64,105,0,61,133,39,56,2,113,99" hai2="38,43,106,115,100,37,30,74,121,50,16,51,25" hai3="3,45,110,129,28,31,127,32,58,41,126,82,132"/><U71/><E113/><V69/><F121/><W125/><G3/><T114/><D114/><U118/><E133/><V4/><F115/><W134/><G32/><T55/><D116/><N who="1" m="44651" /><E56/><V13/><F74/><W1/><G1/><T68/><D103/><N who="1" m="62719" /><E73/><V109/><F4/><W14/><G110/><T40/><D78/><U70/><E70/><V53/><F109/><W93/><G93/><T23/><D40/><AGARI ba="0,0" hai="0,2,39,40,44,61,64,71" m="62719,44651" machi="40" ten="30,1500,0" yaku="23,1" doraHai="119" who="1" fromWho="0" sc="190,-15,220,15,370,0,220,0" /><INIT seed="1,1,0,4,2,74" ten="175,235,370,220" oya="1" hai0="95,71,133,90,20,129,42,64,121,1,12,104,54" hai1="47,8,29,16,41,73,34,98,60,62,50,77,65" hai2="10,88,118,15,82,48,120,68,131,19,78,9,87" hai3="56,103,36,59,22,33,126,3,127,40,132,113,5"/><U116/><E116/><V109/><F109/><W32/><G113/><T125/><D1/><U76/><E73/><V91/><F118/><W66/><G132/><T28/><D104/><U93/><E34/><V89/><F120/><W23/><G103/><T44/><D133/><U2/><E29/><V69/><F131/><W114/><G40/><T105/><D105/><U39/><E39/><V30/><F30/><W92/><G92/><T72/><D72/><U45/><E45/><V31/><F31/><W111/><G66/><T0/><D0/><U61/><E65/><V130/><F130/><W84/><G84/><T81/><D81/><U37/><E37/><V112/><F112/><W51/><G51/><T25/><D129/><U106/><E106/><V35/><F35/><W102/><G36/><T75/><D75/><U97/><E97/><V123/><F123/><W94/><G114/><T99/><D121/><U70/><E70/><V63/><F63/><W117/><G117/><T26/><D125/><U67/><E67/><V101/><F101/><W17/><G102/><T46/><D42/><U80/><E80/><V108/><F108/><W49/><G111/><T55/><D64/><U27/><E2/><V24/><F24/><N who="0" m="9322" /><D28/><U119/><E119/><V115/><F115/><W85/><G127/><T53/><D71/><U11/><E27/><V110/><F110/><W96/><G126/><T128/><D128/><U52/><E41/><V43/><REACH who="2" step="1"/><F9/><REACH who="2" ten="175,235,360,220" step="2"/><W57/><G32/><T13/><D20/><U4/><E11/><V6/><F6/><W7/><G33/><T86/><D99/><RYUUKYOKU ba="1,1" sc="175,15,235,-15,360,15,220,-15" hai0="12,13,44,46,53,54,55,86,90,95" hai2="10,15,19,43,48,68,69,78,82,87,88,89,91" /><INIT seed="2,2,1,0,4,25" ten="190,220,375,205" oya="2" hai0="41,49,87,2,46,69,119,75,116,71,104,103,22" hai1="5,61,15,59,78,26,63,55,0,79,65,52,28" hai2="77,24,74,18,92,12,113,50,35,48,38,70,134" hai3="100,8,9,84,125,110,76,58,133,21,11,31,20"/><V62/><F113/><W53/><G110/><T98/><D75/><U124/><E0/><V42/><F134/><W121/><G121/><T27/><D2/><U82/><E124/><V95/><F38/><W30/><G125/><T122/><D87/><U97/><E97/><V47/><F48/><N who="3" m="31015" /><G133/><T44/><D44/><U114/><E114/><V73/><F70/><W107/><G100/><T83/><D83/><U94/><E94/><V129/><F129/><W109/><G107/><T64/><D122/><U128/><E128/><V34/><F62/><W80/><G109/><T89/><D89/><U111/><E111/><V6/><F6/><W56/><G56/><T4/><D4/><U81/><E81/><V3/><F3/><W32/><G32/><T57/><D57/><U7/><E78/><V102/><F77/><W37/><G37/><T1/><D1/><U86/><E15/><V99/><F95/><W93/><G93/><T33/><D33/><U105/><E105/><V135/><F135/><W14/><G14/><T130/><D130/><U10/><E10/><N who="3" m="2562" /><W43/><DORA hai="51" /><G43/><T101/><D101/><U36/><E36/><V96/><F35/><W39/><G39/><T23/><D71/><U123/><E123/><V66/><F34/><W108/><G108/><T17/><REACH who="0" step="1"/><D23/><AGARI ba="2,1" hai="20,21,23,30,31,76,80,84" m="2562,31015" machi="23" ten="30,7700,0" yaku="8,1,52,3" doraHai="25,51" who="3" fromWho="0" sc="190,-83,220,0,375,0,205,93" /><INIT seed="3,0,0,3,1,44" ten="107,220,375,298" oya="3" hai0="37,35,96,97,124,120,29,23,1,18,67,94,78" hai1="101,88,25,39,63,91,43,31,41,105,102,36,10" hai2="4,117,64,128,16,20,108,99,104,2,100,135,85" hai3="11,9,61,80,86,57,92,122,22,26,126,79,46"/><W106/><G126/><T73/><D120/><U34/><E63/><V72/><F117/><W60/><G106/><T62/><D37/><U127/><E127/><V13/><F72/><W87/><G122/><T118/><D124/><U107/><E10/><V98/><F108/><W123/><G123/><T28/><D118/><U69/><E69/><V15/><F2/><W89/><G46/><T8/><D78/><U14/><E14/><V58/><F128/><W54/><REACH who="3" step="1"/><G60/><REACH who="3" ten="107,220,375,288" step="2"/><T3/><D62/><U6/><E107/><V125/><F125/><W47/><G47/><T55/><D1/><U111/><E105/><V50/><F104/><W27/><G27/><T119/><D3/><U90/><E111/><V121/><F121/><W81/><G81/><T7/><D119/><U129/><E129/><V133/><F64/><W19/><AGARI ba="0,1" hai="9,11,19,22,26,54,57,61,79,80,86,87,89,92" machi="19" ten="20,7800,0" yaku="1,1,0,1,7,1,8,1,53,0" doraHai="44" doraHaiUra="134" who="3" fromWho="3" sc="107,-26,220,-26,375,-26,288,88" owari="81,-41.9,194,-20.6,349,14.9,376,47.6" /></mjloggm>