<mjloggm ver="2.3"><GO type="225" lobby="0"/><UN n0="%E9%BB%99%E8%81%B4%E3%81%AE%E3%81%99%E3%82%9D%E3%82%81" n1="%E5%BA%97%E9%95%B7%4D" n2="%E5%B6%BA%E4%B8%8A%E5%92%B2" n3="%E3%82%B2%E3%82%B9%E8%8C%82%E5%8B%9D" dan="16,16,16,16" rate="2126.70,2082.72,2081.72,2104.43" sx="M,M,F,F"/><TAIKYOKU oya="0"/><INIT seed="0,0,0,1,4,5" ten="250,250,250,250" oya="0" hai0="133,70,107,67,76,125,11,2,71,129,91,89,21" hai1="36,1,135,98,35,105,74,9,77,20,128,117,30" hai2="131,41,18,33,134,28,64,69,4,83,85,32,13" hai3="116,126,47,109,45,106,15,24,132,104,52,27,82"/><T14/><D107/><U6/><E117/><V22/><F131/><W3/><G3/><T103/><D103/><U118/><E118/><V84/><F134/><W97/><G116/><T99/><D125/><U42/><E128/><V37/><F84/><W26/><G126/><T12/><D133/><U127/><E20/><V111/><F111/><W119/><G119/><T123/><D123/><U66/><E66/><V108/><F108/><W81/><G132/><T56/><D2/><U79/><E79/><V54/><F54/><W80/><G109/><T44/><D76/><U87/><E87/><V19/><F28/><W40/><G97/><T39/><D71/><U121/><E121/><V17/><F4/><W114/><G114/><T88/><D70/><U29/><E127/><V78/><F33/><W55/><G15/><T8/><D21/><U110/><E110/><V43/><F32/><W58/><G58/><T61/><D129/><U7/><E7/><V65/><F37/><W100/><G100/><T120/><D120/><U0/><E0/><V95/><F69/><W38/><REACH who="3" step="1"/><G47/><REACH who="3" ten="250,250,250,240" step="2"/><T102/><D44/><N who="1" m="23623" /><E135/><V46/><F46/><W112/><G112/><T90/><D102/><N who="1" m="62679" /><E35/><V48/><F13/><N who="0" m="5226" /><D39/><U62/><E62/><V10/><F41/><W51/><G51/><T122/><D122/><U59/><E59/><V92/><F43/><W75/><G75/><T34/><D34/><U93/><E74/><V31/><F85/><W23/><G23/><T94/><AGARI ba="0,1" hai="8,11,56,61,67,88,89,90,91,94,99" m="5226" machi="94" ten="30,11700,0" yaku="8,1,52,2,54,1" doraHai="5" who="0" fromWho="0" sc="250,127,250,-39,250,-39,240,-39" /><INIT seed="0,1,0,5,1,107" ten="377,211,211,201" oya="0" hai0="25,32,90,0,23,114,29,5,44,40,30,78,14" hai1="100,26,58,101,118,4,109,93,39,102,72,79,103" hai2="12,34,11,54,24,18,21,113,117,7,127,74,135" hai3="121,122,43,112,38,6,91,53,105,3,60,68,126"/><T132/><D132/><U73/><E118/><V51/><F113/><W119/><G112/><T110/><D114/><U120/><E39/><V96/><F74/><N who="1" m="28777" /><E4/><V85/><F135/><W10/><G126/><T75/><D90/><U47/><E47/><V77/><F127/><W70/><G119/><T62/><D62/><U86/><E58/><N who="2" m="33119" /><F34/><W66/><G70/><T65/><D65/><U84/><E26/><V55/><F117/><W50/><G105/><T123/><D123/><U99/><E120/><V108/><F108/><W92/><G43/><T57/><D57/><U88/><E109/><V67/><F67/><W69/><G38/><N who="0" m="21527" /><D14/><U1/><E1/><V31/><F55/><W71/><G121/><T36/><D36/><U42/><E42/><V49/><F49/><W97/><G122/><T134/><D134/><U106/><E79/><V33/><F96/><AGARI ba="1,0" hai="84,86,88,93,96,99,100,101,102,103,106" m="28777" machi="96" ten="30,16000,3" yaku="35,5,52,3,54,1" doraHai="107" who="1" fromWho="2" sc="377,0,211,163,211,-163,201,0" /><INIT seed="1,0,0,2,5,87" ten="377,374,48,201" oya="1" hai0="88,132,33,31,105,57,5,89,66,22,46,91,109" hai1="60,123,17,130,55,77,3,81,34,118,56,26,41" hai2="83,90,37,72,39,107,20,128,36,133,27,82,131" hai3="29,129,120,93,79,117,54,75,127,51,74,116,104"/><U68/><E123/><V44/><F107/><W112/><G120/><T15/><D109/><U47/><E118/><N who="3" m="45674" /><G104/><T63/><D105/><U25/><E3/><V45/><F133/><W6/><G112/><T84/><D33/><U122/><E122/><V96/><F72/><W121/><G121/><T76/><D132/><U19/><E130/><V92/><F45/><W97/><G127/><T48/><D31/><U125/><E68/><V86/><F44/><N who="3" m="28007" /><G79/><T126/><D126/><U67/><E67/><V119/><F119/><W58/><G6/><T35/><D35/><U115/><E115/><V65/><F65/><W43/><G43/><N who="0" m="24671" /><D76/><U49/><E125/><V99/><F83/><W16/><G29/><T10/><D22/><U61/><E61/><V111/><F111/><W14/><G58/><T135/><D135/><U23/><E34/><V30/><REACH who="2" step="1"/><F99/><REACH who="2" ten="377,374,38,201" step="2"/><W32/><G129/><T9/><D9/><U24/><REACH who="1" step="1"/><E23/><REACH who="1" ten="377,364,38,201" step="2"/><V2/><F2/><W1/><G1/><T21/><D21/><U50/><E50/><V62/><F62/><W12/><G32/><T124/><D124/><U114/><E114/><V4/><F4/><W28/><G74/><AGARI ba="0,2" hai="17,19,24,25,26,41,47,49,55,56,60,74,77,81" machi="74" ten="40,2000,0" yaku="1,1,53,0" doraHai="87" doraHaiUra="98" who="1" fromWho="3" sc="377,0,364,40,38,0,201,-20" /><INIT seed="1,1,0,1,2,14" ten="377,404,38,181" oya="1" hai0="48,103,33,71,85,89,83,101,74,98,39,5,34" hai1="70,127,84,8,64,87,86,32,45,26,106,67,7" hai2="36,96,52,97,125,6,17,46,68,28,25,38,16" hai3="115,40,126,72,9,43,20,19,62,21,47,88,81"/><U55/><E106/><V15/><F68/><W135/><G115/><T119/><D39/><U37/><E127/><V65/><F125/><W50/><G126/><T75/><D71/><U130/><E70/><V41/><F36/><W122/><G135/><T10/><D103/><U124/><E124/><V99/><F65/><W3/><G122/><T100/><D100/><U27/><E130/><V53/><F6/><W123/><G123/><T131/><D131/><U105/><E105/><V4/><F4/><W102/><G102/><T121/><D119/><U132/><E132/><V58/><F15/><N who="3" m="7663" /><G3/><T129/><D129/><U24/><E32/><V117/><F117/><W60/><G72/><T110/><D110/><U108/><E108/><V113/><F113/><W104/><G104/><T63/><D63/><N who="3" m="24105" /><G40/><T30/><D48/><U49/><REACH who="1" step="1"/><E37/><REACH who="1" ten="377,394,38,181" step="2"/><V79/><F79/><W57/><G57/><T120/><D120/><U114/><E114/><V23/><REACH who="2" step="1"/><F58/><REACH who="2" ten="377,394,28,181" step="2"/><W31/><G31/><T78/><D121/><U13/><AGARI ba="1,2" hai="7,8,13,24,26,27,45,49,55,64,67,84,86,87" machi="13" ten="30,6000,0" yaku="1,1,0,1,8,1,53,0" doraHai="14" doraHaiUra="93" who="1" fromWho="1" sc="377,-21,394,83,28,-21,181,-21" /><INIT seed="1,2,0,2,0,64" ten="356,477,7,160" oya="1" hai0="53,80,82,55,28,119,2,72,15,118,31,37,45" hai1="103,42,126,115,36,57,107,7,78,120,35,105,11" hai2="9,66,123,26,34,102,77,13,8,41,106,117,112" hai3="71,4,43,81,121,51,116,3,76,19,38,87,122"/><U44/><E115/><V128/><F117/><W33/><G19/><T0/><D45/><U18/><E120/><V70/><F123/><W100/><G116/><T74/><REACH who="0" step="1"/><D15/><REACH who="0" ten="346,477,7,160" step="2"/><U54/><E126/><V89/><F112/><W58/><G122/><T30/><D30/><U97/><E35/><V88/><F128/><W134/><G33/><T92/><D92/><U63/><E78/><V96/><F41/><W12/><G43/><T52/><D52/><U108/><E108/><V6/><F9/><W95/><G76/><T133/><D133/><U22/><E107/><V25/><F77/><W59/><G95/><T86/><D86/><U113/><E113/><V62/><F26/><W69/><G87/><T5/><D5/><U83/><E83/><V131/><F131/><W114/><G81/><T132/><D132/><U90/><E105/><V127/><F127/><W1/><G4/><T29/><D29/><AGARI ba="2,1" hai="6,8,13,25,29,34,62,66,70,88,89,96,102,106" machi="29" ten="40,8000,1" yaku="25,2,52,1,54,1" doraHai="64" who="2" fromWho="0" sc="346,-86,477,0,7,96,160,0" /><INIT seed="2,0,0,5,3,7" ten="260,477,103,160" oya="2" hai0="98,87,38,54,85,133,112,6,79,86,55,17,78" hai1="77,120,52,72,68,32,110,92,50,4,118,134,28" hai2="3,97,48,5,126,33,80,59,57,129,12,105,67" hai3="71,23,49,62,102,30,84,111,83,128,15,60,65"/><V0/><F129/><W37/><G111/><T27/><D38/><U115/><E68/><V88/><F126/><W45/><G128/><T89/><D133/><U39/><E39/><V94/><F33/><W2/><G37/><T103/><D6/><U95/><E118/><V113/><F113/><W131/><G131/><T100/><D27/><U56/><E115/><V90/><F105/><W116/><G116/><T10/><D17/><U29/><E110/><V21/><F0/><W25/><G2/><T109/><D109/><U91/><E134/><V127/><F3/><W124/><G124/><T117/><D10/><U122/><E4/><V44/><F127/><W51/><G60/><T81/><D117/><U96/><E92/><V31/><F67/><W58/><G71/><T130/><D54/><U35/><E77/><N who="0" m="29193" /><D55/><U13/><E13/><V70/><F70/><W76/><G45/><T101/><D112/><U26/><E72/><V43/><F31/><N who="1" m="11849" /><E26/><V14/><F14/><W22/><G102/><N who="0" m="39531" /><D130/><U107/><E107/><AGARI ba="0,0" hai="81,85,86,87,89,98,103,107" m="39531,29193" machi="107" ten="30,8000,1" yaku="35,5" doraHai="7" who="0" fromWho="1" sc="260,80,477,-80,103,0,160,0" /><INIT seed="3,0,0,0,2,61" ten="340,397,103,160" oya="3" hai0="10,119,27,75,36,57,97,67,35,14,62,7,64" hai1="8,96,73,30,38,108,122,112,2,83,94,93,74" hai2="113,95,11,32,3,104,58,121,124,25,26,71,106" hai3="130,53,111,6,40,65,123,47,24,41,54,60,51"/><W72/><G72/><T131/><D131/><U4/><E112/><V134/><F113/><W33/><G123/><T115/><D115/><U117/><E122/><V22/><F121/><W92/><G130/><T101/><D36/><U45/><E108/><V76/><F71/><W63/><G111/><T13/><D75/><U15/><E117/><V21/><F134/><W99/><G6/><T135/><D135/><U129/><E129/><V79/><F124/><W48/><G24/><T80/><D80/><U127/><E30/><V42/><F32/><W56/><G33/><T86/><D86/><U91/><E94/><V126/><F126/><W0/><G0/><T85/><D85/><U59/><E59/><V17/><F42/><N who="3" m="24695" /><G92/><T133/><D119/><U37/><E127/><V50/><F104/><W128/><G99/><T69/><D133/><U66/><E66/><V82/><F106/><W34/><G34/><T20/><D35/><U18/><E45/><V116/><F116/><W88/><G88/><T78/><D78/><U68/><E68/><V77/><F95/><W98/><G98/><T49/><D49/><U9/><E74/><V1/><F82/><W84/><G84/><T107/><D13/><U70/><REACH who="1" step="1"/><E70/><REACH who="1" ten="340,387,103,160" step="2"/><V132/><F132/><W87/><G128/><T55/><D69/><U102/><E102/><V28/><REACH who="2" step="1"/><F11/><REACH who="2" ten="340,387,93,160" step="2"/><W105/><G105/><T114/><D114/><U100/><E100/><V23/><F23/><W52/><G40/><T120/><D120/><U103/><E103/><V81/><F81/><W125/><G41/><T118/><D118/><U110/><E110/><RYUUKYOKU ba="0,2" sc="340,10,387,10,93,10,160,-30" hai0="7,10,14,20,27,55,57,62,64,67,97,101,107" hai1="2,4,8,9,15,18,37,38,73,83,91,93,96" hai2="1,3,17,21,22,25,26,28,50,58,76,77,79" owari="350,15.0,417,51.7,103,-39.7,130,-27.0" /></mjloggm>