<mjloggm ver="2.3"><GO type="225" lobby="0"/><UN n0="%6E%69%63%6F%6E%74%6F" n1="%E3%81%8F%E3%81%BE%E3%81%96%E3%82%8F" n2="%74%61%6B%65%2D%79%6F%75" n3="%E3%81%95%E3%81%8D%E3%81%9F%E3%81%BE%E6%9E%97%E6%AA%8E" dan="17,16,16,16" rate="2130.93,2084.63,2206.57,2144.55" sx="M,M,M,M"/><TAIKYOKU oya="0"/><INIT seed="0,0,0,1,1,56" ten="250,250,250,250" oya="0" hai0="111,76,52,129,113,108,116,79,48,134,65,19,112" hai1="7,83,96,109,133,80,73,114,34,121,91,5,18" hai2="125,122,135,102,75,30,53,33,35,82,105,84,86" hai3="90,40,60,130,37,87,92,22,66,128,43,26,9"/><T106/><D106/><U38/><E121/><V67/><F122/><W104/><G104/><T54/><D116/><U21/><E34/><V101/><F135/><W36/><G9/><T85/><D134/><U55/><E38/><V6/><F125/><W0/><G0/><T47/><D129/><N who="3" m="49769" /><G37/><T68/><D19/><U120/><E120/><V89/><F75/><W44/><G44/><T14/><D14/><U13/><E133/><V46/><F6/><W98/><G98/><T11/><D11/><U118/><E118/><V103/><F105/><W61/><G66/><T10/><D10/><U50/><E73/><V51/><F30/><N who="3" m="17751" /><G36/><T69/><D85/><U45/><E114/><N who="0" m="44137" /><D65/><U71/><E5/><V94/><REACH who="2" step="1"/><F67/><REACH who="2" ten="250,250,240,250" step="2"/><W72/><G72/><T17/><D54/><U131/><E55/><V41/><F41/><AGARI ba="0,1" hai="40,41,43,60,61,87,90,92" m="17751,49769" machi="41" ten="30,3900,0" yaku="19,1,52,2" doraHai="56" who="3" fromWho="2" sc="250,0,250,0,240,-39,250,49" /><INIT seed="1,0,0,3,4,64" ten="250,250,201,299" oya="1" hai0="102,52,60,62,133,50,48,91,22,92,38,72,109" hai1="83,132,56,117,69,76,68,74,59,95,26,115,88" hai2="19,111,67,65,5,54,11,96,106,70,55,79,4" hai3="130,16,66,103,75,47,93,15,21,131,20,13,90"/><U6/><E115/><V98/><F111/><W129/><G75/><T61/><D38/><U30/><E117/><V125/><F125/><W81/><G81/><T101/><D72/><U17/><E6/><N who="2" m="2667" /><F106/><W97/><G66/><N who="2" m="25097" /><F79/><W41/><G103/><T31/><D133/><U45/><E17/><V114/><F114/><W27/><REACH who="3" step="1"/><G21/><REACH who="3" ten="250,250,201,289" step="2"/><T116/><D116/><U40/><E83/><V126/><F126/><W89/><G89/><T94/><D109/><U107/><E74/><V135/><F135/><W51/><AGARI ba="0,1" hai="13,15,16,20,27,41,47,51,90,93,97,129,130,131" machi="51" ten="30,7900,0" yaku="1,1,0,1,19,1,54,1,53,0" doraHai="64" doraHaiUra="58" who="3" fromWho="3" sc="250,-20,250,-39,201,-20,289,89" /><INIT seed="2,0,0,4,4,43" ten="230,211,181,378" oya="2" hai0="31,19,115,8,25,73,59,129,29,3,49,15,75" hai1="134,125,60,123,94,26,66,17,106,36,91,110,9" hai2="114,133,52,0,37,131,68,124,7,39,100,65,24" hai3="135,71,53,13,127,89,6,20,11,41,44,21,54"/><V107/><F114/><W122/><G135/><T111/><D111/><U78/><E106/><V47/><F131/><W70/><G127/><T84/><D115/><U85/><E134/><V102/><F133/><W113/><G113/><T55/><D129/><U32/><E110/><V2/><F124/><W1/><G122/><T34/><D31/><U79/><E125/><V46/><F24/><W95/><G71/><T63/><D84/><U108/><E36/><V92/><F107/><W27/><G70/><T90/><D90/><U86/><E123/><V97/><F100/><W81/><G81/><T62/><D62/><U28/><E108/><V93/><F93/><W57/><G1/><T88/><D88/><U10/><E17/><V109/><F109/><W80/><G57/><T69/><D69/><U23/><E32/><V120/><F120/><W14/><G14/><T103/><D103/><U105/><E105/><V40/><F7/><W117/><G80/><T35/><D35/><U77/><E85/><V96/><F96/><W99/><G21/><N who="0" m="11519" /><D63/><U4/><E4/><AGARI ba="0,0" hai="3,4,8,25,29,34,49,55,59,73,75" m="11519" machi="4" ten="30,1000,0" yaku="24,1" doraHai="43" who="0" fromWho="1" sc="230,10,211,-10,181,0,378,0" /><INIT seed="3,0,0,5,1,12" ten="240,201,181,378" oya="3" hai0="81,95,80,76,65,53,90,118,73,51,89,133,16" hai1="48,69,61,113,67,103,88,36,68,18,43,6,62" hai2="8,120,121,57,34,25,92,23,58,2,37,131,74" hai3="71,130,104,94,42,75,117,125,7,82,13,128,54"/><W112/><G112/><T29/><D29/><U66/><E6/><N who="2" m="1111" /><F37/><W63/><G104/><T5/><D5/><U59/><E103/><V101/><F74/><W22/><G125/><T127/><D127/><U1/><E1/><V91/><F101/><W86/><G117/><T19/><D133/><U39/><E18/><N who="2" m="12535" /><F34/><W98/><G75/><T119/><D119/><U129/><E113/><V134/><F134/><W52/><G42/><T28/><D118/><U93/><E129/><V3/><F3/><W30/><G30/><T78/><D28/><U122/><E122/><N who="2" m="47211" /><F131/><W107/><G107/><T83/><D65/><U9/><E9/><V56/><F56/><W96/><G96/><T38/><D38/><BYE who="0" /><U102/><E102/><V109/><F109/><W21/><G54/><T24/><D24/><U115/><E115/><V41/><F41/><W72/><G52/><T49/><D49/><U31/><E31/><V84/><AGARI ba="0,0" hai="57,58,84,91,92" m="47211,12535,1111" machi="84" ten="30,2000,0" yaku="13,1,52,1" doraHai="12" who="2" fromWho="2" sc="240,-5,201,-5,181,20,378,-10" owari="235,3.5,196,-30.4,201,-19.9,368,46.8" /></mjloggm>