<mjloggm ver="2.3"><GO type="225" lobby="0"/><UN n0="%E3%81%82%E3%81%84%E3%81%82%E3%81%8A%E3%81%84" n1="%E3%81%8F%E3%81%BE%E3%81%96%E3%82%8F" n2="%6D%75%75%6D%75%72%61" n3="%72%69%6F%75%63%68%61%6E" dan="18,16,17,17" rate="2224.24,2013.15,2201.70,2273.51" sx="M,M,F,M"/><TAIKYOKU oya="0"/><INIT seed="0,0,0,0,2,113" ten="250,250,250,250" oya="0" hai0="115,66,75,40,0,39,6,125,108,12,81,114,15" hai1="103,82,34,32,120,79,83,11,106,26,9,100,31" hai2="4,1,2,42,88,19,28,78,121,70,76,47,54" hai3="102,90,60,24,69,116,45,52,128,64,133,53,14"/><T62/><D125/><U127/><E127/><V29/><F121/><W126/><G116/><T44/><D15/><U20/><E120/><V91/><F70/><W131/><G133/><T104/><D12/><U96/><E103/><V37/><F19/><W65/><G126/><T84/><D104/><U95/><E106/><V105/><F105/><W117/><G117/><T55/><D108/><U43/><E43/><V51/><F78/><W16/><G102/><T74/><D55/><U129/><E129/><N who="3" m="49738" /><G64/><T33/><D33/><U63/><E63/><V85/><F76/><W77/><G24/><T36/><D36/><U48/><E83/><V87/><F87/><W110/><G110/><T22/><D22/><U25/><E48/><V135/><F135/><W59/><G77/><N who="0" m="44215" /><D84/><U10/><REACH who="1" step="1"/><E26/><REACH who="1" ten="250,240,250,250" step="2"/><V111/><F42/><W13/><G90/><T130/><D130/><U112/><E112/><V118/><F111/><W122/><G122/><T57/><D75/><AGARI ba="0,1" hai="9,10,11,20,25,31,32,34,75,79,82,95,96,100" machi="75" ten="40,1300,0" yaku="1,1,53,0" doraHai="113" doraHaiUra="134" who="1" fromWho="0" sc="250,-13,240,23,250,0,250,0" /><INIT seed="1,0,0,1,5,113" ten="237,263,250,250" oya="1" hai0="111,23,121,62,119,86,48,135,106,103,27,19,117" hai1="130,17,118,4,114,9,122,58,29,77,109,79,67" hai2="101,80,83,22,59,13,3,108,33,98,31,73,112" hai3="56,36,46,1,107,44,2,45,54,120,74,124,90"/><U93/><E114/><V34/><F112/><W63/><G124/><T134/><D111/><U26/><E122/><V30/><F108/><W87/><G120/><T11/><D121/><U128/><E109/><V76/><F3/><W40/><G74/><T66/><D86/><U81/><E17/><V42/><F42/><W105/><G1/><T132/><D48/><U100/><E118/><N who="0" m="45065" /><D11/><U60/><E93/><V32/><F80/><W14/><G2/><T53/><D53/><U85/><E100/><V24/><F13/><W123/><G123/><T72/><D72/><U104/><E104/><V28/><REACH who="2" step="1"/><F59/><REACH who="2" ten="237,263,240,250" step="2"/><W92/><G14/><T89/><D106/><AGARI ba="0,1" hai="22,24,28,30,31,32,33,34,73,76,83,98,101,106" machi="106" ten="40,2600,0" yaku="1,1,2,1,53,0" doraHai="113" doraHaiUra="116" who="2" fromWho="0" sc="237,-26,263,0,240,36,250,0" /><INIT seed="2,0,0,4,3,76" ten="211,263,276,250" oya="2" hai0="80,36,37,40,98,13,122,87,26,23,39,73,43" hai1="84,6,56,71,99,51,77,19,65,53,100,45,125" hai2="120,32,30,81,94,17,104,8,1,90,74,112,72" hai3="11,15,27,132,58,69,75,57,3,128,133,117,106"/><V38/><F112/><W116/><G69/><T108/><D122/><U102/><E125/><V25/><F120/><W115/><G106/><T18/><D108/><U44/><E71/><V96/><F38/><W63/><G3/><T24/><D73/><U59/><E6/><V130/><F104/><W114/><G75/><T29/><D98/><U78/><E19/><V10/><F130/><W16/><G128/><T46/><D43/><U9/><E9/><V92/><F74/><W4/><G57/><T66/><D66/><U109/><E109/><V89/><F1/><N who="3" m="399" /><G27/><T111/><D111/><U47/><E84/><V134/><F134/><N who="3" m="51819" /><G58/><T124/><D124/><U82/><E59/><V107/><F107/><W22/><G63/><T21/><REACH who="0" step="1"/><D26/><REACH who="0" ten="201,263,276,250" step="2"/><U131/><E131/><V123/><F123/><W97/><G97/><T12/><D12/><U70/><E99/><V85/><REACH who="2" step="1"/><F17/><REACH who="2" ten="201,263,266,250" step="2"/><W91/><G114/><T68/><D68/><U135/><E70/><V127/><F127/><W61/><G115/><T95/><D95/><U48/><E135/><V67/><F67/><W49/><G16/><T93/><D93/><U79/><E65/><V55/><F55/><W34/><G116/><T5/><D5/><U31/><E53/><V62/><F62/><W126/><G61/><T14/><D14/><U35/><E48/><V54/><F54/><W0/><G49/><T41/><D41/><U119/><E51/><V86/><F86/><W7/><G117/><T42/><D42/><U2/><E119/><V129/><F129/><W64/><G126/><T121/><D121/><U60/><E60/><RYUUKYOKU ba="0,2" sc="201,15,263,-15,266,15,250,-15" hai0="13,18,21,23,24,29,36,37,39,40,46,80,87" hai2="8,10,25,30,32,72,81,85,89,90,92,94,96" /><INIT seed="2,1,2,5,5,106" ten="216,248,281,235" oya="2" hai0="9,128,64,32,130,1,118,108,43,129,5,71,132" hai1="70,98,40,117,125,12,114,3,109,36,24,44,21" hai2="27,55,119,81,79,86,61,13,38,14,77,93,15" hai3="100,76,95,69,126,121,72,91,22,102,78,120,30"/><V52/><F119/><W10/><G69/><T46/><D108/><U19/><E114/><V89/><F38/><W41/><G41/><T115/><D115/><U94/><E117/><V103/><F27/><W99/><G126/><T92/><D118/><U104/><E109/><V25/><F25/><N who="3" m="16695" /><G72/><T123/><D123/><U23/><E125/><V67/><F103/><N who="3" m="39467" /><G120/><T66/><D132/><U65/><E104/><V87/><REACH who="2" step="1"/><F79/><REACH who="2" ten="216,248,271,235" step="2"/><W2/><G121/><T26/><D26/><U62/><E24/><V48/><F48/><W54/><G2/><T124/><D124/><U90/><E3/><V37/><F37/><W28/><G28/><T97/><D32/><U49/><E36/><V57/><AGARI ba="1,3" hai="13,14,15,52,55,57,61,67,77,81,86,87,89,93" machi="57" ten="30,12000,1" yaku="1,1,0,1,8,1,54,1,53,1" doraHai="106" doraHaiUra="56" who="2" fromWho="2" sc="216,-41,248,-41,271,153,235,-41" /><INIT seed="2,2,0,0,1,22" ten="175,207,424,194" oya="2" hai0="11,110,102,91,129,114,92,115,120,113,48,19,84" hai1="98,67,1,40,135,118,76,14,28,52,132,69,124" hai2="85,71,39,37,18,123,96,77,44,43,109,12,89" hai3="61,128,68,42,47,31,93,46,49,27,111,60,100"/><V99/><F123/><W4/><G111/><T94/><D120/><U58/><E118/><V104/><F71/><W8/><G128/><T56/><D110/><U134/><E1/><V106/><F77/><W32/><G68/><T119/><D129/><U74/><E124/><V131/><F39/><W15/><REACH who="3" step="1"/><G46/><REACH who="3" ten="175,207,424,184" step="2"/><T13/><D119/><U70/><E70/><V38/><F44/><W78/><G78/><T2/><D2/><U25/><E76/><V75/><F109/><W55/><G55/><T83/><D102/><U63/><E69/><V57/><F131/><W107/><G107/><T122/><D122/><U3/><E3/><V59/><F106/><W24/><G24/><T30/><D114/><U126/><E52/><V97/><F104/><W6/><G6/><T20/><D115/><U50/><E134/><V82/><F43/><W95/><G95/><T125/><D113/><U73/><E135/><V41/><F41/><W103/><G103/><T21/><D125/><U0/><E126/><V45/><F45/><W26/><G26/><N who="0" m="16711" /><D94/><U88/><E0/><V64/><F12/><W86/><G86/><T87/><D87/><U65/><E14/><V33/><F85/><W116/><G116/><T54/><D92/><N who="1" m="56583" /><E132/><V34/><F75/><W105/><G105/><T130/><D130/><U23/><E67/><V80/><F64/><W112/><G112/><T10/><AGARI ba="2,1" hai="10,11,13,19,21,48,54,56,83,84,91" m="16711" machi="10" ten="30,2000,0" yaku="8,1,52,1" doraHai="22" who="0" fromWho="0" sc="175,36,207,-7,424,-12,184,-7" /><INIT seed="3,0,0,5,3,118" ten="211,200,412,177" oya="3" hai0="73,41,121,113,94,78,70,22,18,127,103,1,93" hai1="20,114,116,130,65,66,56,24,48,97,30,23,77" hai2="19,60,89,79,35,5,2,126,105,92,68,51,43" hai3="7,15,80,99,111,117,75,128,29,13,9,100,98"/><W129/><G117/><T4/><D70/><U40/><E116/><V10/><F105/><W54/><G111/><T57/><D121/><U42/><E114/><V123/><F79/><W47/><G29/><T0/><D0/><U112/><E112/><V106/><F106/><W95/><G15/><T133/><D103/><U102/><E130/><N who="3" m="50282" /><G98/><T11/><D113/><U85/><E23/><V52/><F123/><W108/><G108/><T14/><D127/><U74/><E74/><V122/><F126/><W34/><G34/><T55/><D133/><U25/><E25/><V125/><F35/><W58/><G47/><T71/><D71/><U81/><E66/><V62/><F122/><W69/><G69/><T8/><D41/><U39/><E39/><V49/><F125/><W88/><G75/><T27/><D78/><U104/><E65/><V59/><F68/><W87/><G58/><T26/><D73/><U119/><E119/><V96/><REACH who="2" step="1"/><F19/><REACH who="2" ten="211,200,402,177" step="2"/><W115/><G115/><T38/><D18/><U101/><E104/><V37/><F37/><W83/><G54/><T90/><D38/><U67/><E42/><V17/><F17/><W110/><G110/><T120/><D55/><U135/><E40/><V31/><F31/><W134/><G134/><T64/><D120/><U109/><E135/><V84/><F84/><W63/><G63/><T50/><D64/><U131/><E109/><V107/><F107/><AGARI ba="0,1" hai="7,9,13,80,83,87,88,95,99,100,107" m="50282" machi="107" ten="30,2900,0" yaku="19,1,54,1" doraHai="118" who="3" fromWho="2" sc="211,0,200,0,402,-29,177,39" /><INIT seed="3,1,0,1,3,53" ten="211,200,373,216" oya="3" hai0="23,70,19,101,46,127,38,116,110,30,100,120,102" hai1="96,97,47,77,32,93,12,55,34,42,104,89,29" hai2="64,9,81,107,123,18,8,84,92,21,63,69,90" hai3="62,88,13,51,10,134,49,121,87,78,75,50,115"/><W14/><G115/><T7/><D70/><U0/><E0/><V128/><F107/><W118/><G118/><T60/><D116/><U59/><E77/><V79/><F128/><W74/><G121/><T28/><D120/><U94/><E104/><V85/><F123/><W132/><G78/><T16/><D7/><U57/><E12/><AGARI ba="1,0" hai="8,9,12,18,21,63,64,69,79,81,84,85,90,92" machi="12" ten="30,1000,0" yaku="7,1" doraHai="53" who="2" fromWho="1" sc="211,0,200,-13,373,13,216,0" owari="211,-18.9,187,-31.3,386,48.6,216,1.6" /></mjloggm>