<mjloggm ver="2.3"><GO type="225" lobby="0"/><UN n0="%E6%A1%9C%E8%8A%B1%E9%96%83%E3%80%85" n1="%E3%81%A4%E3%81%A3%E3%81%B1%E3%82%8A%E3%83%9D%E3%83%BC%E3%83%AB" n2="%E3%82%BD%E3%83%AB%E3%83%88%E3%82%AF%E3%83%AA%E3%83%BC%E3%82%AF" n3="%E6%81%A5%E6%99%92%E3%81%97" dan="16,16,16,16" rate="2153.30,2126.45,2093.55,2128.00" sx="M,M,M,M"/><TAIKYOKU oya="0"/><INIT seed="0,0,0,3,4,85" ten="250,250,250,250" oya="0" hai0="91,83,112,72,77,74,22,41,32,76,93,95,135" hai1="119,27,18,37,79,12,118,70,59,87,121,100,6" hai2="99,122,107,108,54,125,15,117,4,90,71,103,104" hai3="44,126,105,131,2,17,8,132,53,43,14,60,97"/><T40/><D32/><U23/><E70/><V124/><F122/><W45/><G126/><N who="2" m="48745" /><F71/><W63/><G131/><T31/><D112/><U84/><E37/><V94/><F117/><W33/><G132/><T120/><D120/><U46/><E121/><V113/><F113/><W61/><G33/><T52/><D135/><U50/><E118/><V65/><F65/><W92/><G105/><T109/><D109/><U123/><E119/><V98/><F54/><W111/><G111/><T11/><D11/><N who="1" m="4215" /><E123/><V96/><F108/><W106/><G106/><N who="2" m="40489" /><F15/><W26/><G2/><T130/><D130/><U69/><E69/><V66/><F66/><W49/><G26/><N who="0" m="16855" /><D74/><U128/><E100/><V114/><F4/><W39/><REACH who="3" step="1"/><G63/><REACH who="3" ten="250,250,250,240" step="2"/><T34/><D34/><U7/><E27/><V29/><F114/><W20/><G20/><T115/><D115/><U64/><E23/><V1/><F1/><W30/><G30/><T42/><D72/><U68/><E128/><V51/><F29/><W58/><G58/><T86/><D52/><U101/><E68/><V56/><F56/><W16/><G16/><T82/><D82/><U35/><E18/><V129/><F129/><W13/><G13/><T110/><D110/><U78/><E59/><V10/><F10/><W36/><G36/><T73/><D73/><U88/><E35/><V3/><F3/><W47/><G47/><T80/><D83/><U134/><E46/><V28/><F28/><W75/><G75/><T21/><D21/><U133/><E133/><V19/><F19/><W55/><G55/><T5/><D5/><U67/><E7/><RYUUKYOKU ba="0,1" sc="250,15,250,-15,250,-15,240,15" hai0="40,41,42,76,77,80,86,91,93,95" hai3="8,14,17,39,43,44,45,49,53,60,61,92,97" /><INIT seed="0,1,1,4,3,64" ten="265,235,235,255" oya="0" hai0="25,100,28,126,115,9,121,62,36,129,101,4,26" hai1="8,23,5,103,21,11,31,133,82,10,12,120,54" hai2="19,125,112,60,41,88,92,13,94,116,69,22,47" hai3="50,42,37,90,75,44,108,114,91,83,66,118,45"/><T87/><D115/><U123/><E103/><V1/><F112/><W96/><G118/><T46/><D121/><N who="1" m="46667" /><E82/><V43/><F1/><W99/><G114/><T127/><D87/><U33/><E54/><V18/><F116/><W132/><G132/><T72/><D72/><U109/><E133/><V55/><F125/><N who="0" m="47626" /><D129/><U134/><E134/><V102/><F69/><W61/><G108/><T76/><D76/><U84/><E84/><V30/><F30/><W117/><G117/><T16/><D62/><U0/><E109/><V124/><F124/><W70/><G91/><T93/><D93/><U85/><E85/><V67/><F102/><W135/><G135/><T122/><D122/><U2/><E33/><V119/><F94/><W48/><G90/><T97/><D46/><U73/><E73/><V110/><F110/><W71/><G71/><T40/><D40/><U53/><E53/><V14/><F67/><W63/><G63/><T68/><D36/><U65/><E65/><V24/><F119/><W106/><G106/><T57/><D57/><U17/><E0/><V32/><F32/><W15/><G15/><N who="2" m="5641" /><F18/><W79/><G37/><T7/><D68/><U113/><E113/><V56/><F47/><W6/><G6/><N who="0" m="2091" /><D97/><AGARI ba="1,1" hai="19,22,24,41,43,55,56,60,88,92,97" m="5641" machi="97" ten="30,3900,0" yaku="25,1,8,1,54,1" doraHai="64" who="2" fromWho="0" sc="265,-42,235,0,235,52,255,0" /><INIT seed="1,0,0,5,1,51" ten="223,235,287,255" oya="1" hai0="29,95,35,9,80,121,44,64,127,107,36,113,17" hai1="97,98,38,56,101,71,47,13,108,62,21,11,40" hai2="54,55,57,48,103,84,117,120,20,2,73,109,106" hai3="86,122,6,105,83,69,8,132,16,12,81,89,59"/><U124/><E124/><V31/><F73/><W112/><G112/><T67/><D107/><U74/><E74/><V33/><F33/><W110/><G122/><T10/><D113/><U82/><E108/><V87/><F117/><W78/><G132/><T15/><D127/><U85/><E71/><V45/><F2/><W99/><G69/><T22/><D121/><U91/><E21/><V118/><F118/><W94/><G110/><T61/><D80/><U119/><E101/><V79/><F106/><W126/><G126/><T96/><D35/><U93/><E82/><V50/><F103/><W125/><G125/><T3/><D29/><U72/><E72/><V102/><F102/><W49/><G105/><T133/><D133/><U92/><E92/><V77/><F109/><W63/><G83/><T4/><D9/><U37/><E37/><V129/><F129/><W68/><G68/><T42/><REACH who="0" step="1"/><D61/><REACH who="0" ten="213,235,287,255" step="2"/><U34/><E34/><V75/><F120/><W24/><G63/><T41/><D41/><U32/><E32/><V52/><F75/><W43/><G43/><T135/><D135/><U131/><E119/><V28/><F28/><W18/><G24/><T134/><D134/><U123/><E123/><V100/><F79/><W65/><G65/><T58/><D58/><U130/><E130/><V14/><F77/><W23/><G23/><T111/><D111/><U76/><E76/><V116/><F116/><W90/><G78/><T66/><D66/><N who="1" m="39239" /><E131/><V104/><F104/><W25/><G25/><T26/><D26/><U1/><E1/><V114/><F114/><W70/><G70/><RYUUKYOKU ba="0,1" sc="213,10,235,10,287,-30,255,10" hai0="3,4,10,15,17,22,36,42,44,64,67,95,96" hai1="11,13,38,40,47,85,91,93,97,98" hai3="6,8,12,16,18,49,59,81,86,89,90,94,99" /><INIT seed="1,1,1,2,0,9" ten="223,245,257,265" oya="1" hai0="119,82,34,81,114,23,100,134,112,71,62,127,117" hai1="39,65,38,76,15,48,80,79,84,126,29,74,83" hai2="115,89,78,49,103,87,105,109,70,18,61,54,30" hai3="123,40,101,20,106,85,104,16,131,116,60,90,6"/><U72/><E126/><V68/><F30/><W130/><G123/><T93/><D23/><U111/><E111/><V2/><F2/><W102/><G40/><T52/><D34/><U108/><E108/><V55/><F78/><W24/><G116/><N who="0" m="44619" /><D52/><U7/><E29/><V98/><F109/><W35/><G60/><T128/><D62/><U22/><E65/><V56/><F115/><W43/><G43/><T4/><D4/><U64/><E64/><V37/><F37/><W14/><G104/><T33/><D33/><U53/><E84/><V31/><F31/><N who="3" m="19943" /><G106/><T94/><D71/><U86/><E86/><V17/><F70/><W58/><G58/><T107/><D134/><U69/><E69/><V75/><F75/><W132/><G6/><T129/><D107/><U77/><E77/><V63/><F68/><W27/><G27/><T19/><D19/><U5/><E5/><V120/><F120/><W95/><G132/><T92/><D100/><U21/><E7/><V46/><REACH who="2" step="1"/><F63/><REACH who="2" ten="223,245,247,265" step="2"/><W110/><G110/><T3/><D3/><U118/><E118/><V125/><F125/><W88/><G90/><T25/><D127/><U11/><E38/><V50/><F50/><W44/><G44/><T124/><D124/><U121/><E39/><V96/><F96/><W51/><G51/><T42/><D114/><U12/><E121/><V10/><F10/><W97/><G97/><T59/><D112/><U13/><E11/><V73/><F73/><W1/><G1/><T36/><D36/><U0/><E0/><V47/><F47/><AGARI ba="1,2" hai="12,13,15,21,22,47,48,53,72,74,76,79,80,83" machi="47" ten="40,12000,1" yaku="9,1,52,3" doraHai="9" who="1" fromWho="2" sc="223,0,245,143,247,-123,265,0" /><INIT seed="1,2,0,5,5,28" ten="223,388,124,265" oya="1" hai0="87,70,79,109,83,29,102,85,69,96,38,72,6" hai1="93,56,2,116,65,84,100,117,95,80,86,90,26" hai2="60,104,22,16,112,130,50,120,55,115,76,63,37" hai3="34,81,51,119,33,127,77,21,53,113,135,45,99"/><U66/><E2/><V97/><F76/><W128/><G113/><N who="2" m="43593" /><F37/><W15/><G127/><T67/><D38/><U59/><E26/><N who="2" m="14663" /><F120/><W42/><G128/><T126/><D126/><U27/><E27/><V4/><F4/><W118/><G135/><T101/><D6/><U19/><E19/><V24/><F24/><W20/><G99/><T47/><D29/><U54/><E100/><N who="2" m="62479" /><F130/><W5/><G42/><T11/><D79/><U39/><E39/><V17/><F17/><W31/><G5/><T18/><D18/><U61/><E117/><N who="3" m="44554" /><G31/><T44/><D11/><U133/><E116/><V75/><F75/><N who="3" m="43199" /><G15/><T91/><D72/><U10/><E133/><V1/><F1/><W8/><G8/><T111/><D102/><U134/><E10/><V125/><F125/><W30/><G30/><T78/><D101/><U108/><E134/><V41/><F41/><W74/><G74/><T46/><D78/><U62/><E86/><V132/><F132/><W124/><G124/><T114/><D114/><U89/><E84/><V0/><F0/><W40/><G40/><T23/><D87/><U68/><E90/><V36/><F36/><W32/><AGARI ba="2,0" hai="20,21,32,33,34,45,51,53" m="43199,44554" machi="32" ten="40,8000,1" yaku="12,1,52,3" doraHai="28" who="3" fromWho="3" sc="223,-22,388,-42,124,-22,265,86" /><INIT seed="2,0,0,5,4,122" ten="201,346,102,351" oya="2" hai0="135,111,17,131,96,117,83,112,11,19,79,80,28" hai1="121,34,98,82,54,120,33,44,58,123,132,126,45" hai2="40,41,91,95,24,90,5,75,63,42,133,39,104" hai3="114,103,10,20,119,8,23,35,59,32,27,46,3"/><V1/><F75/><W15/><G119/><T18/><D112/><U26/><E132/><V129/><F104/><W71/><G71/><T38/><D135/><U110/><E126/><V57/><F39/><W7/><G114/><T69/><D69/><U6/><E110/><V2/><F133/><W22/><G103/><T25/><D117/><U94/><E82/><V124/><F1/><W73/><G73/><T67/><D67/><U87/><E87/><V99/><F124/><W16/><G59/><T4/><D38/><U77/><E6/><V125/><F125/><W37/><G46/><N who="1" m="18026" /><E26/><V21/><F129/><W84/><G84/><T81/><D131/><U106/><E77/><V93/><F5/><N who="3" m="1087" /><G37/><T51/><D51/><N who="1" m="31071" /><E106/><V36/><F36/><W60/><G60/><T85/><D96/><U86/><E86/><N who="2" m="52439" /><F2/><W62/><G62/><T72/><D72/><U109/><E109/><V14/><F14/><N who="3" m="5471" /><G27/><T65/><D111/><U105/><E105/><V49/><F49/><W128/><G128/><T43/><D65/><U97/><E97/><V107/><F107/><W64/><G64/><T13/><D43/><N who="2" m="11010" /><V118/><DORA hai="68" /><F118/><W130/><G130/><T88/><REACH who="0" step="1"/><D79/><REACH who="0" ten="191,346,102,351" step="2"/><U113/><E113/><V70/><F70/><W48/><G48/><T115/><D115/><U29/><E120/><V47/><F47/><W76/><G76/><T9/><D9/><AGARI ba="0,1" hai="9,15,16,20,22,23,32,35" m="5471,1087" machi="9" ten="30,12000,2" yaku="35,5,54,1" doraHai="122,68" who="3" fromWho="0" sc="191,-120,346,0,102,0,351,130" /><INIT seed="3,0,0,3,2,94" ten="71,346,102,481" oya="3" hai0="42,114,56,47,93,45,77,3,135,125,121,98,7" hai1="104,82,133,16,8,75,13,90,105,21,0,10,66" hai2="97,134,30,29,115,129,11,48,31,18,54,58,50" hai3="72,59,6,127,9,38,32,57,112,27,124,70,71"/><W103/><G103/><T28/><D121/><U91/><E133/><V85/><F115/><W34/><G72/><T19/><D135/><U46/><E66/><V23/><F129/><W65/><G38/><T41/><D114/><U17/><E0/><V120/><F134/><W95/><G95/><T101/><D125/><U1/><E1/><V128/><F128/><W119/><G27/><T78/><D28/><U26/><E75/><V79/><F97/><W107/><G59/><T86/><D19/><U68/><E68/><V69/><F69/><W83/><G83/><T60/><D7/><U117/><E117/><V84/><F120/><W49/><G49/><N who="2" m="19049" /><F11/><W24/><G65/><T2/><D2/><U12/><E82/><N who="2" m="47199" /><F85/><W87/><G87/><T22/><D3/><U126/><E46/><N who="0" m="17417" /><D22/><U80/><E80/><V100/><F100/><W99/><G70/><T88/><D101/><U73/><E73/><V55/><F58/><W14/><G57/><T110/><D110/><U76/><E21/><V111/><F111/><W52/><G34/><T39/><D39/><U74/><E74/><V62/><F62/><W118/><G32/><T53/><D86/><U81/><E81/><V35/><F35/><W116/><G71/><T64/><D64/><U15/><E76/><AGARI ba="0,0" hai="41,42,53,56,60,76,77,78,88,93,98" m="17417" machi="76" ten="30,3900,0" yaku="8,1,52,1,54,1" doraHai="94" who="0" fromWho="1" sc="71,39,346,-39,102,0,481,0" owari="110,-29.0,307,10.7,102,-39.8,481,58.1" /></mjloggm>