<mjloggm ver="2.3"><GO type="225" lobby="0"/><UN n0="%E3%81%A1%E3%82%85%E3%81%86%E3%81%A9%E3%81%8F%E8%B1%A1%E3%81%95%E3%82%93" n1="%E5%AE%AE%E4%BF%9D%E9%B6%8F%E8%82%89" n2="%6D%75%75%6D%75%72%61" n3="%E5%A4%96%E5%B7%9D%E7%AB%9C%E6%88%90" dan="17,16,17,16" rate="2188.28,2107.50,2201.03,2105.10" sx="M,M,F,M"/><TAIKYOKU oya="0"/><INIT seed="0,0,0,0,0,29" ten="250,250,250,250" oya="0" hai0="84,22,106,38,64,116,115,125,10,117,8,28,4" hai1="104,61,67,42,50,119,108,20,128,121,11,83,46" hai2="72,107,101,91,95,17,105,76,39,0,24,130,131" hai3="25,77,86,80,21,129,48,109,26,53,6,33,7"/><T94/><D106/><N who="2" m="40458" /><F39/><W59/><G109/><T37/><D115/><U18/><E119/><V31/><F17/><W43/><G129/><N who="2" m="49161" /><F24/><W111/><G111/><T45/><D64/><U99/><E121/><V71/><F31/><W85/><G43/><T56/><D125/><U5/><E83/><N who="2" m="45447" /><F0/><W127/><G127/><T124/><D124/><U19/><E20/><V93/><F71/><W120/><G120/><T32/><D56/><U44/><E44/><V54/><F54/><W58/><G26/><T112/><D45/><U82/><E82/><V62/><F62/><W15/><G59/><T132/><D28/><U35/><E35/><V102/><F95/><W73/><G33/><T122/><D22/><U126/><E126/><V1/><F1/><W87/><REACH who="3" step="1"/><G15/><REACH who="3" ten="250,250,250,240" step="2"/><T47/><D122/><U60/><E128/><V79/><F79/><W63/><G63/><T41/><D41/><U27/><E27/><V70/><F70/><W96/><G96/><AGARI ba="0,1" hai="91,93,96,101,102" m="45447,49161,40458" machi="96" ten="30,3900,0" yaku="19,1,34,2" doraHai="29" who="2" fromWho="3" sc="250,0,250,0,250,49,240,-39" /><INIT seed="1,0,0,3,4,51" ten="250,250,299,201" oya="1" hai0="20,21,64,28,129,99,106,71,77,98,19,45,94" hai1="69,102,86,116,127,7,42,35,53,119,108,80,10" hai2="61,22,81,96,55,29,123,67,66,8,56,44,68" hai3="83,78,131,105,73,101,128,88,90,93,70,40,121"/><U3/><E35/><V89/><F123/><W32/><G32/><T124/><D124/><U82/><E127/><V34/><F34/><W100/><G70/><T47/><D129/><N who="3" m="49737" /><G40/><T85/><D28/><U120/><E120/><V0/><F44/><W113/><G121/><T37/><D20/><U126/><E126/><V110/><F110/><W30/><G30/><T59/><D71/><U52/><E69/><V76/><F0/><W12/><G12/><T63/><D106/><U54/><E108/><V46/><F8/><W112/><G90/><N who="0" m="53583" /><D77/><U75/><E102/><N who="3" m="39530" /><G105/><T60/><D60/><U97/><E97/><AGARI ba="0,0" hai="73,78,83,88,93,97,112,113" m="39530,49737" machi="97" ten="30,7700,0" yaku="19,1,34,2,54,1" doraHai="51" who="3" fromWho="1" sc="250,0,250,-77,299,0,201,77" /><INIT seed="2,0,0,1,3,92" ten="250,173,299,278" oya="2" hai0="70,41,121,63,44,106,31,8,61,104,78,111,127" hai1="58,68,99,40,65,37,74,20,19,100,35,46,32" hai2="17,7,33,56,66,45,129,18,103,60,4,5,27" hai3="82,34,109,43,26,119,28,122,133,79,115,48,6"/><V24/><F129/><W101/><G119/><T25/><D121/><U118/><E118/><V93/><F45/><W128/><G122/><T12/><D111/><U130/><E74/><V71/><F71/><W11/><G128/><T96/><D78/><U81/><E81/><V98/><F33/><W62/><G62/><T10/><D127/><U59/><E68/><V110/><F110/><W76/><G76/><T131/><D131/><U16/><E19/><AGARI ba="0,0" hai="4,5,7,17,18,19,24,27,56,60,66,93,98,103" machi="19" ten="40,3900,0" yaku="8,1,52,1" doraHai="92" who="2" fromWho="1" sc="250,0,173,-39,299,39,278,0" /><INIT seed="2,1,0,4,1,61" ten="250,134,338,278" oya="2" hai0="113,51,134,112,22,102,21,74,135,85,27,66,4" hai1="105,49,42,32,2,15,86,3,83,19,37,90,81" hai2="47,18,20,40,124,109,108,110,73,54,26,91,116" hai3="72,33,12,52,76,56,98,125,59,48,31,64,79"/><V63/><F116/><W107/><G125/><T36/><D36/><U0/><E32/><V58/><F124/><W117/><G117/><T78/><D102/><U23/><E105/><V43/><F73/><W1/><G1/><T89/><D4/><U77/><E37/><V41/><REACH who="2" step="1"/><F91/><REACH who="2" ten="250,134,328,278" step="2"/><W100/><G72/><T70/><D74/><U28/><E28/><V17/><F17/><W34/><G31/><T87/><D89/><U30/><E30/><V129/><F129/><W29/><G29/><T104/><D113/><U71/><E71/><V132/><F132/><W44/><G33/><T94/><D112/><U96/><E96/><V46/><AGARI ba="1,1" hai="18,20,26,40,41,43,46,47,54,58,63,108,109,110" machi="46" ten="40,12000,1" yaku="1,1,0,1,14,1,10,1,53,0" doraHai="61" doraHaiUra="131" who="2" fromWho="2" sc="250,-41,134,-41,328,133,278,-41" /><INIT seed="2,2,0,5,3,116" ten="209,93,461,237" oya="2" hai0="8,50,76,111,39,78,18,15,4,62,92,40,52" hai1="132,34,131,26,20,100,98,32,23,128,0,5,47" hai2="124,96,48,2,89,43,16,38,86,105,106,102,70" hai3="88,28,64,91,77,129,130,85,7,33,30,42,44"/><V126/><F2/><W74/><G7/><T55/><D111/><U94/><E132/><V71/><F38/><W68/><G74/><T13/><D39/><U67/><E67/><V108/><F106/><W135/><G77/><N who="0" m="29803" /><D92/><U93/><E47/><V75/><F75/><W133/><G64/><T104/><D104/><U72/><E72/><V37/><F37/><N who="3" m="21583" /><G68/><T3/><D3/><U11/><E94/><V103/><F103/><W60/><G60/><T66/><D66/><U29/><REACH who="1" step="1"/><E20/><REACH who="1" ten="209,83,461,237" step="2"/><V49/><F105/><W35/><G35/><AGARI ba="2,1" hai="0,5,11,23,26,29,32,34,35,93,98,100,128,131" machi="35" ten="40,5200,0" yaku="1,1,2,1,53,1" doraHai="116" doraHaiUra="1" who="1" fromWho="3" sc="209,0,83,68,461,0,237,-58" /><INIT seed="3,0,0,5,4,43" ten="209,151,461,179" oya="3" hai0="37,116,9,52,101,122,55,57,65,1,60,29,25" hai1="44,124,51,40,6,0,32,35,18,17,2,113,16" hai2="95,87,72,74,111,121,8,89,67,47,94,33,80" hai3="79,131,112,73,10,4,83,110,54,119,132,15,20"/><W106/><G112/><T30/><D122/><U99/><E113/><V135/><F33/><W59/><G119/><T50/><D116/><U97/><E124/><V34/><F34/><W7/><G106/><T12/><D1/><U13/><E32/><V127/><F127/><W133/><G131/><T96/><D37/><U104/><E35/><V31/><F74/><W92/><G110/><T84/><D84/><U63/><E104/><V78/><F111/><W129/><G129/><T23/><D29/><U53/><E0/><V46/><F135/><N who="3" m="51787" /><G20/><T75/><D75/><U27/><E2/><V24/><F121/><W123/><G123/><T102/><D96/><N who="1" m="36939" /><E27/><V115/><F115/><W88/><G15/><T39/><D39/><U91/><E91/><V126/><F126/><W76/><G10/><T109/><D109/><U105/><E105/><V49/><F8/><W14/><G14/><T108/><D108/><U118/><E118/><V98/><F24/><W62/><G76/><T71/><D55/><U48/><E63/><V11/><F11/><W81/><G81/><T22/><D22/><N who="1" m="11535" /><E6/><AGARI ba="0,0" hai="6,9,12,23,25,30,50,52,57,60,65,71,101,102" machi="6" ten="30,2000,0" yaku="7,1,54,1" doraHai="43" who="0" fromWho="1" sc="209,20,151,-20,461,0,179,0" owari="229,2.9,131,-36.9,461,56.1,179,-22.1" /></mjloggm>