<mjloggm ver="2.3"><GO type="225" lobby="0"/><UN n0="%E6%A1%9C%E8%8A%B1%E9%96%83%E3%80%85" n1="%74%61%6E%61%4B%61" n2="%E5%B8%86%E7%AB%8B%E5%A4%8F%E8%A1%A3" n3="%E3%81%A1%E3%82%85%E3%81%86%E3%81%A9%E3%81%8F%E8%B1%A1%E3%81%95%E3%82%93" dan="16,17,17,17" rate="2182.87,2176.52,2156.46,2189.21" sx="M,M,M,M"/><TAIKYOKU oya="0"/><INIT seed="0,0,0,0,3,76" ten="250,250,250,250" oya="0" hai0="42,126,23,72,133,11,86,19,119,9,5,80,0" hai1="102,43,109,107,57,125,74,71,15,88,101,8,127" hai2="73,18,35,114,26,60,62,41,128,116,21,38,4" hai3="96,95,117,46,61,56,131,13,110,89,129,135,32"/><T124/><D119/><U108/><E71/><V20/><F114/><W82/><G117/><T132/><D72/><U130/><E74/><V39/><F116/><W93/><G32/><T54/><D42/><U97/><E43/><V112/><F112/><W98/><G110/><N who="1" m="42602" /><E130/><N who="3" m="49674" /><G135/><N who="0" m="51787" /><D54/><U100/><E57/><V84/><F73/><W36/><G13/><N who="0" m="9711" /><D9/><U14/><E107/><V103/><F35/><W104/><G104/><T31/><D31/><U66/><E66/><V65/><F128/><W85/><G46/><T6/><D5/><N who="1" m="3343" /><E15/><V122/><F39/><W25/><G25/><T55/><D55/><U2/><E2/><V121/><F38/><W45/><G45/><T68/><D68/><U17/><E17/><V53/><F18/><W123/><G36/><T90/><AGARI ba="0,0" hai="0,6,11,80,86,90,124,126" m="9711,51787" machi="90" ten="30,3000,0" yaku="20,1,52,1" doraHai="76" who="0" fromWho="0" sc="250,30,250,-10,250,-10,250,-10" /><INIT seed="0,1,0,2,2,56" ten="280,240,240,240" oya="0" hai0="68,28,95,106,102,92,10,32,57,51,128,16,8" hai1="53,40,41,19,129,11,13,112,36,30,31,88,97" hai2="71,1,78,119,27,114,72,94,108,52,124,105,83" hai3="74,125,84,29,123,109,110,101,14,127,89,17,2"/><T81/><D68/><U24/><E129/><V63/><F1/><W126/><G2/><T55/><D128/><U135/><E135/><V87/><F114/><W38/><G38/><T98/><D32/><U86/><E112/><V59/><F119/><W75/><G29/><T132/><D28/><U15/><E31/><V42/><F108/><N who="3" m="41579" /><G101/><T82/><D132/><U67/><E67/><V134/><F124/><W39/><G39/><T9/><D106/><U131/><E97/><V60/><F134/><W121/><G17/><T48/><D95/><U7/><E53/><V73/><F105/><W91/><G14/><T45/><REACH who="0" step="1"/><D16/><REACH who="0" ten="270,240,240,240" step="2"/><U133/><E133/><V3/><F94/><N who="3" m="54567" /><G91/><T130/><D130/><U61/><E131/><V20/><F71/><W50/><G50/><T85/><D85/><U26/><E36/><V116/><F87/><W37/><G37/><T65/><D65/><U77/><E30/><V122/><F122/><AGARI ba="1,1" hai="74,75,121,122,123,125,126,127" m="54567,41579" machi="122" ten="40,8000,1" yaku="13,1,18,1,14,1,34,2" doraHai="56" who="3" fromWho="2" sc="270,0,240,0,240,-83,240,93" /><INIT seed="1,0,0,2,0,88" ten="270,240,157,333" oya="1" hai0="127,105,134,6,18,131,72,10,33,123,89,77,16" hai1="76,82,48,9,118,2,64,35,29,49,112,17,47" hai2="59,133,57,70,39,50,104,65,20,124,51,28,97" hai3="7,74,113,80,119,0,99,36,1,41,111,4,46"/><U109/><E118/><V3/><F3/><W116/><G113/><T128/><D105/><U66/><E112/><V122/><F122/><W103/><G111/><T25/><D77/><U115/><E115/><V14/><F124/><W93/><G4/><T91/><D72/><U34/><E109/><V108/><F108/><W132/><G132/><T31/><D127/><U19/><E2/><V27/><F133/><W130/><G130/><N who="0" m="49707" /><D134/><U42/><E49/><V12/><F39/><W114/><G114/><T30/><D123/><U87/><E29/><V73/><F73/><W45/><G45/><T85/><D31/><U95/><E9/><V54/><F70/><W78/><G0/><N who="0" m="327" /><D91/><U38/><E38/><V43/><F43/><W121/><G121/><T101/><D101/><U11/><E11/><AGARI ba="0,0" hai="1,7,11,36,41,46,74,78,80,93,99,103,116,119" machi="11" ten="40,5200,0" yaku="25,2,52,1" doraHai="88" who="3" fromWho="1" sc="270,0,240,-52,157,0,333,52" /><INIT seed="2,0,0,0,1,123" ten="270,188,157,385" oya="2" hai0="118,30,41,105,75,131,103,126,49,135,57,2,1" hai1="95,35,14,55,56,102,83,13,63,42,38,46,76" hai2="134,78,15,40,121,82,115,71,77,72,93,9,19" hai3="0,124,53,79,48,29,27,39,28,81,18,67,64"/><V125/><F115/><W117/><G117/><T3/><D57/><U60/><E35/><V133/><F71/><W26/><G39/><T45/><D75/><U109/><E109/><V96/><F121/><W52/><G0/><T84/><D30/><N who="3" m="11881" /><G124/><T58/><D58/><U61/><E102/><V119/><F119/><W44/><G53/><T91/><D131/><U116/><E95/><V111/><F125/><W74/><G74/><T80/><D135/><N who="2" m="51722" /><F40/><W106/><G106/><T16/><D126/><U4/><E116/><V73/><F73/><W47/><G47/><T11/><D118/><U23/><E4/><V99/><F78/><W54/><G54/><T33/><D33/><U89/><E89/><N who="2" m="55343" /><F99/><W25/><G18/><T130/><D130/><U24/><E76/><V22/><F22/><W59/><G44/><T100/><D105/><U112/><E112/><V113/><F113/><W5/><G5/><T107/><D107/><U36/><E36/><V7/><F19/><W86/><AGARI ba="0,0" hai="25,26,27,48,52,59,64,67,79,81,86" m="11881" machi="86" ten="30,2000,0" yaku="8,1,54,1" doraHai="123" who="3" fromWho="3" sc="270,-5,188,-5,157,-10,385,20" /><INIT seed="3,0,0,4,3,126" ten="265,183,147,405" oya="3" hai0="2,116,5,58,43,27,15,44,100,6,14,97,23" hai1="65,98,57,105,79,122,66,67,54,118,78,20,128" hai2="39,51,71,22,32,103,0,53,85,59,117,11,92" hai3="93,127,111,107,135,68,42,95,120,77,123,88,114"/><W134/><G42/><T10/><D58/><U91/><E122/><V50/><F117/><W115/><G68/><T29/><D6/><U87/><E118/><V130/><F39/><W49/><G49/><T12/><D116/><U4/><E128/><V26/><F71/><W33/><G33/><T84/><D84/><U81/><E4/><V19/><F0/><W96/><G77/><T9/><D9/><U109/><E109/><V16/><F32/><W64/><G64/><T37/><D14/><U28/><E105/><AGARI ba="0,0" hai="2,5,10,12,15,23,27,29,37,43,44,97,100,105" machi="105" ten="30,1000,0" yaku="7,1" doraHai="126" who="0" fromWho="1" sc="265,10,183,-10,147,0,405,0" owari="275,7.5,173,-22.7,147,-35.3,405,50.5" /></mjloggm>