<mjloggm ver="2.3"><GO type="225" lobby="0"/><UN n0="%2D%E8%B1%8A%E5%8F%A3%E3%82%81%E3%81%90%E3%81%BF%2D" n1="%72%65%6E%6B%75%6E" n2="%E5%A4%9C%E5%85%89%E5%A4%A9%E6%A5%BC" n3="%E3%83%81%E3%83%AF%E3%83%AF%E9%9A%8A%E9%95%B7" dan="16,17,17,16" rate="2087.51,2190.60,2168.15,2090.96" sx="F,M,F,M"/><TAIKYOKU oya="0"/><INIT seed="0,0,0,4,3,92" ten="250,250,250,250" oya="0" hai0="86,90,104,126,98,7,60,120,30,31,85,129,17" hai1="21,58,46,28,80,34,66,106,12,40,95,48,81" hai2="0,72,35,133,14,93,3,97,101,69,6,118,78" hai3="23,91,121,75,32,38,41,2,62,127,108,128,45"/><T52/><D120/><U77/><E106/><V130/><F69/><W61/><G32/><T37/><D37/><U29/><E34/><V122/><F122/><W25/><G2/><T88/><D7/><U71/><E71/><V76/><F35/><W113/><G75/><T59/><D126/><U107/><E107/><V99/><F3/><W70/><G121/><T83/><D129/><U79/><E95/><N who="2" m="58559" /><F0/><W63/><G113/><T64/><D64/><U8/><E80/><V44/><F72/><W24/><G128/><T68/><D68/><U1/><E1/><V132/><F44/><W19/><G127/><T134/><D134/><N who="2" m="51818" /><F118/><W73/><G73/><T135/><D135/><U125/><E125/><V65/><F65/><W109/><G70/><T103/><D17/><U117/><E117/><V131/><F131/><W89/><REACH who="3" step="1"/><G24/><REACH who="3" ten="250,250,250,240" step="2"/><T36/><D36/><U57/><E57/><V102/><F130/><W5/><G5/><T11/><D11/><AGARI ba="0,1" hai="6,11,14,76,78,93,99,102" m="51818,58559" machi="11" ten="30,3900,0" yaku="20,1,52,2" doraHai="92" who="2" fromWho="0" sc="250,-39,250,0,250,49,240,0" /><INIT seed="1,0,0,1,4,98" ten="211,250,299,240" oya="1" hai0="7,43,94,4,45,128,51,64,91,71,77,49,110" hai1="122,66,17,9,3,53,97,116,59,127,135,108,80" hai2="58,118,22,18,119,107,55,83,120,126,65,41,52" hai3="2,113,10,129,125,85,112,60,54,5,105,100,16"/><U70/><E116/><V84/><F120/><W68/><G125/><T48/><D110/><U67/><E122/><V74/><F107/><W130/><G85/><T69/><D128/><N who="3" m="49257" /><G16/><T62/><D71/><U0/><E127/><V79/><F126/><W35/><G35/><T8/><D77/><U30/><E30/><V21/><F41/><W15/><G15/><T87/><REACH who="0" step="1"/><D4/><REACH who="0" ten="201,250,299,240" step="2"/><U104/><E108/><V117/><F117/><W81/><G68/><T102/><D102/><U99/><E70/><V109/><F109/><W50/><G100/><T23/><D23/><U96/><E104/><V86/><F118/><W63/><G105/><T14/><AGARI ba="0,1" hai="7,8,14,43,45,48,49,51,62,64,69,87,91,94" machi="14" ten="20,2700,0" yaku="1,1,0,1,7,1,53,0" doraHai="98" doraHaiUra="93" who="0" fromWho="0" sc="201,37,250,-13,299,-7,240,-7" /><INIT seed="2,0,0,2,5,4" ten="238,237,292,233" oya="2" hai0="102,58,43,99,111,122,68,22,26,88,49,20,1" hai1="90,104,31,107,92,91,114,46,39,12,87,93,80" hai2="128,79,16,38,51,50,47,7,132,61,85,35,34" hai3="135,28,108,95,56,23,134,15,24,98,112,19,30"/><V37/><F7/><W62/><G112/><T116/><D122/><U41/><E114/><V70/><F128/><W86/><G108/><T33/><D1/><U71/><E71/><V124/><F124/><W133/><G86/><T119/><D68/><U64/><E64/><V2/><F2/><W130/><G130/><T101/><D111/><U109/><E109/><V129/><F129/><W63/><G56/><T36/><D36/><U57/><E57/><V84/><F79/><W54/><G54/><N who="0" m="32079" /><D43/><U97/><E31/><N who="3" m="11818" /><G24/><T5/><D5/><U3/><E3/><V113/><F113/><W77/><G77/><T115/><D33/><U52/><E52/><V123/><F70/><W48/><G48/><T21/><D115/><U6/><REACH who="1" step="1"/><E80/><REACH who="1" ten="238,227,292,233" step="2"/><V110/><F110/><W40/><G40/><T0/><D0/><U83/><E83/><V105/><F47/><W53/><G53/><T73/><D119/><U78/><E78/><V32/><F61/><W14/><G14/><T103/><D116/><U69/><E69/><V106/><F35/><W44/><G44/><T27/><D73/><U13/><E13/><V25/><F34/><W60/><G60/><T45/><D45/><U81/><E81/><V76/><F32/><W131/><G131/><T89/><D26/><U120/><E120/><V74/><F25/><W127/><G127/><T42/><D27/><U17/><E17/><V59/><F16/><W18/><G19/><T8/><D42/><U94/><E94/><V72/><F76/><W29/><G29/><T10/><D99/><U9/><AGARI ba="0,1" hai="6,9,12,39,41,46,87,90,91,92,93,97,104,107" machi="9" ten="30,4000,0" yaku="1,1,0,1,52,1,53,0" doraHai="4" doraHaiUra="126" who="1" fromWho="1" sc="238,-10,227,50,292,-20,233,-10" /><INIT seed="3,0,0,1,2,31" ten="228,277,272,223" oya="3" hai0="32,28,13,33,3,101,63,12,108,104,57,45,112" hai1="43,124,122,93,91,99,125,21,7,96,39,102,92" hai2="130,72,30,35,107,54,117,15,109,8,78,81,62" hai3="61,131,132,9,127,49,75,6,83,23,1,2,90"/><W103/><G127/><N who="1" m="48714" /><E7/><V27/><F117/><W24/><G131/><T51/><D3/><U11/><E11/><V95/><F107/><W34/><G132/><T44/><D28/><U123/><E21/><V38/><F130/><W79/><G103/><T58/><D101/><N who="1" m="60551" /><E43/><V40/><F109/><W52/><G61/><T17/><D104/><N who="1" m="63583" /><E39/><V64/><F40/><W25/><G34/><T69/><D69/><U94/><E94/><V86/><F38/><W134/><G134/><T46/><D51/><U121/><E121/><V76/><F54/><W89/><G1/><T128/><D128/><U106/><E106/><V88/><F95/><W84/><G23/><T47/><D47/><U14/><E14/><V50/><F50/><W5/><G5/><T74/><D17/><U113/><E113/><V100/><F100/><W42/><G42/><T20/><D20/><U29/><E29/><V66/><F66/><W59/><G25/><T36/><D36/><U56/><E56/><V4/><REACH who="2" step="1"/><F72/><REACH who="2" ten="228,277,262,223" step="2"/><W87/><G75/><T126/><D74/><U22/><E22/><V10/><F10/><W68/><G9/><T0/><D126/><U110/><E110/><V73/><F73/><W133/><G133/><T82/><D108/><U114/><E114/><V115/><F115/><W41/><G41/><T116/><D112/><U120/><E123/><V118/><F118/><W80/><G49/><T77/><D116/><U135/><E135/><V111/><F111/><W55/><G55/><T71/><D32/><U119/><E119/><V70/><AGARI ba="0,1" hai="4,8,15,27,30,35,62,64,70,76,78,81,86,88" machi="70" ten="20,12000,2" yaku="1,1,0,1,7,1,52,1,54,1,53,1" doraHai="31" doraHaiUra="67" who="2" fromWho="2" sc="228,-30,277,-30,262,130,223,-60" owari="198,-20.2,247,4.7,392,49.2,163,-33.7" /></mjloggm>