<mjloggm ver="2.3"><GO type="225" lobby="0"/><UN n0="%72%69%6F%75%63%68%61%6E" n1="%4B%2E%32%2E%4B%2E" n2="%6D%75%75%73%61%6E%6D%75" n3="%E5%8D%8D%E6%B1%A0%E8%A2%8B%E6%9C%80%E5%BC%B7%E5%8D%8D" dan="16,16,17,16" rate="2146.51,2186.25,2168.93,2148.63" sx="M,M,F,M"/><TAIKYOKU oya="0"/><INIT seed="0,0,0,4,5,125" ten="250,250,250,250" oya="0" hai0="121,128,116,39,111,72,127,36,57,88,14,45,8" hai1="61,132,84,126,104,32,70,40,94,30,85,21,120" hai2="6,34,108,2,71,35,131,55,43,3,38,25,50" hai3="10,133,89,33,86,47,67,77,87,27,79,16,96"/><T109/><D128/><U100/><E21/><V54/><F71/><W98/><G133/><T11/><D116/><U130/><E94/><V20/><F108/><N who="0" m="41546" /><D121/><U5/><E5/><V95/><F38/><W19/><G67/><T56/><D127/><U134/><E40/><V69/><F69/><W115/><G115/><T118/><D72/><U83/><E85/><V81/><F131/><W103/><G103/><T63/><D118/><U105/><E120/><V76/><F95/><W29/><G87/><T113/><D113/><U22/><E32/><V15/><F15/><W82/><G47/><T28/><D28/><U93/><E100/><V46/><F34/><W66/><G66/><N who="0" m="39271" /><D57/><U48/><E30/><V42/><F35/><W1/><G1/><T18/><D45/><U122/><E122/><V9/><F2/><W112/><G112/><T51/><D51/><U101/><E48/><V117/><F117/><W0/><G0/><T97/><D8/><U64/><E126/><V17/><REACH who="2" step="1"/><F42/><REACH who="2" ten="250,250,240,250" step="2"/><W62/><G33/><T106/><D106/><U124/><E124/><V80/><F80/><W129/><G82/><T37/><D36/><U60/><E130/><V12/><F12/><W4/><G129/><T31/><D31/><U74/><E105/><V102/><F102/><W44/><G29/><T75/><D75/><AGARI ba="0,1" hai="3,6,9,17,20,25,43,46,50,54,55,75,76,81" machi="75" ten="30,2000,0" yaku="1,1,7,1,53,0" doraHai="125" doraHaiUra="114" who="2" fromWho="0" sc="250,-20,250,0,240,30,250,0" /><INIT seed="1,0,0,2,3,35" ten="230,250,270,250" oya="1" hai0="135,111,79,109,68,51,46,73,108,116,52,107,7" hai1="32,4,1,115,131,74,84,118,28,76,39,26,82" hai2="47,31,33,22,58,29,11,53,106,81,96,0,9" hai3="43,62,100,66,57,90,77,12,27,114,112,45,92"/><U6/><E115/><V49/><F33/><W21/><G77/><T122/><D116/><U44/><E118/><V89/><F106/><W124/><G124/><T34/><D34/><U20/><E131/><V103/><F103/><W93/><G93/><T95/><D107/><U69/><E69/><V88/><F0/><W120/><G12/><T99/><D68/><U133/><E133/><V80/><F58/><W75/><G75/><T101/><D135/><U38/><E20/><V2/><F2/><W78/><G78/><T59/><D122/><U18/><E18/><V30/><F22/><W70/><G100/><T121/><D121/><U16/><E16/><V97/><F89/><W8/><G8/><N who="2" m="3145" /><F81/><W37/><G70/><T71/><D71/><U130/><E130/><V105/><F105/><W42/><G42/><T127/><D127/><U123/><E123/><V41/><F41/><W67/><G67/><T83/><REACH who="0" step="1"/><D59/><REACH who="0" ten="220,250,270,250" step="2"/><U113/><E113/><V60/><F60/><W102/><G120/><T85/><D85/><AGARI ba="0,1" hai="29,30,31,47,49,53,80,85,88,96,97" m="3145" machi="85" ten="30,2000,0" yaku="8,1,54,1" doraHai="35" who="2" fromWho="0" sc="220,-20,250,0,270,30,250,0" /><INIT seed="2,0,0,0,5,106" ten="200,250,300,250" oya="2" hai0="4,57,41,69,76,113,61,14,36,48,47,119,51" hai1="84,44,112,114,99,73,118,116,125,58,30,18,72" hai2="22,83,111,50,94,60,90,130,110,92,59,75,56" hai3="121,29,45,25,68,79,21,38,115,103,131,80,35"/><V16/><F130/><W101/><G115/><N who="1" m="44074" /><E30/><V62/><F50/><W134/><G134/><T32/><D113/><U107/><E18/><V97/><F92/><W87/><G131/><T123/><D123/><U77/><E58/><V9/><F9/><W12/><G121/><T133/><D133/><U85/><E44/><V102/><F59/><W33/><G68/><T67/><D32/><U88/><E125/><V129/><F129/><W104/><G104/><T128/><D128/><U66/><E66/><V63/><F56/><W117/><G117/><N who="1" m="45162" /><E77/><N who="2" m="44479" /><F62/><W105/><G105/><T2/><D119/><U100/><E84/><V43/><F43/><W86/><G86/><T5/><D14/><U0/><E0/><V26/><F63/><W95/><G95/><AGARI ba="0,0" hai="72,73,85,88,95,99,100,107" m="45162,44074" machi="95" ten="30,8000,1" yaku="34,2,52,2,54,1" doraHai="106" who="1" fromWho="3" sc="200,0,250,80,300,0,250,-80" /><INIT seed="3,0,0,0,2,83" ten="200,330,300,170" oya="3" hai0="101,38,46,106,123,16,122,135,1,3,132,98,86" hai1="121,74,10,55,84,97,77,36,129,56,14,12,87" hai2="111,18,85,60,114,66,54,13,134,29,61,63,68" hai3="9,126,105,39,112,15,133,89,51,107,5,59,91"/><W70/><G70/><T110/><D110/><U52/><E121/><N who="0" m="46089" /><D86/><N who="1" m="32811" /><E74/><V65/><F114/><W0/><G39/><T24/><D16/><U50/><E36/><V17/><F111/><W82/><G112/><T21/><D21/><U69/><E69/><V42/><F134/><N who="0" m="51242" /><D24/><U2/><E129/><V115/><F115/><W100/><G133/><T35/><D35/><U78/><E2/><V103/><F68/><W58/><G126/><T92/><D106/><U90/><E55/><V6/><F103/><W31/><G100/><T49/><D38/><U8/><E90/><N who="3" m="34314" /><G0/><T99/><D99/><U25/><E25/><V67/><F42/><AGARI ba="0,0" hai="1,3,42,46,49,92,98,101" m="51242,46089" machi="42" ten="30,1000,0" yaku="20,1" doraHai="83" who="0" fromWho="2" sc="200,10,330,0,300,-10,170,0" owari="210,-19.0,330,43.0,290,9.0,170,-33.0" /></mjloggm>