<mjloggm ver="2.3"><GO type="225" lobby="0"/><UN n0="%E3%81%A9%E3%82%8F%E3%82%93%E3%81%94" n1="%28%EF%BF%A3%E2%96%BD%EF%BF%A3%29%CE%B4%E2%8C%92%E3%83%BB" n2="%E3%81%8B%E3%82%8F%E3%81%A1%E3%82%83%E3%82%93%35%38" n3="%E3%82%BC%E3%83%AB%E3%83%80%E3%81%AE%E4%BC%9D%E8%AA%AC" dan="16,16,17,17" rate="2077.97,2149.48,2143.62,2268.11" sx="M,M,M,M"/><TAIKYOKU oya="0"/><INIT seed="0,0,0,5,4,77" ten="250,250,250,250" oya="0" hai0="63,12,9,68,5,119,113,116,97,75,64,40,135" hai1="45,55,34,59,26,80,118,114,101,25,67,103,73" hai2="131,27,58,96,125,51,37,71,127,112,14,110,56" hai3="0,1,134,89,33,54,108,93,65,62,92,109,43"/><T57/><D113/><U41/><E118/><V102/><F112/><W79/><G134/><T21/><D135/><U47/><E67/><V2/><F2/><W28/><G43/><T7/><D7/><U129/><E114/><V49/><F37/><W61/><G79/><T128/><D128/><U120/><E120/><V19/><F71/><W91/><G54/><T122/><D122/><U23/><E34/><V39/><F39/><W16/><G28/><T17/><D40/><U88/><E73/><V36/><F36/><W84/><G33/><T83/><D97/><U115/><E26/><V32/><F131/><W20/><G0/><T15/><D68/><U104/><E104/><V38/><F38/><W100/><G100/><N who="1" m="38474" /><E41/><V42/><F110/><N who="3" m="42603" /><G1/><T98/><D98/><U117/><E117/><V123/><F123/><W107/><G107/><T13/><D13/><U18/><E129/><V90/><F27/><N who="3" m="14727" /><G65/><T86/><REACH who="0" step="1"/><D75/><REACH who="0" ten="240,250,250,250" step="2"/><U70/><E70/><V8/><F42/><W35/><G35/><T50/><D50/><N who="2" m="18954" /><F32/><W53/><G62/><T132/><D132/><U66/><E115/><V29/><F102/><W78/><G61/><T130/><D130/><U52/><E47/><V6/><F6/><W4/><G4/><T121/><D121/><U99/><E45/><V30/><F58/><W111/><G111/><T69/><D69/><U82/><E59/><V76/><F56/><W74/><G74/><T85/><D85/><U46/><E46/><V31/><F96/><W133/><G133/><T48/><D48/><U3/><E3/><V24/><F14/><W94/><G53/><RYUUKYOKU ba="0,1" sc="240,15,250,-15,250,-15,250,15" hai0="5,9,12,15,17,21,57,63,64,83,86,116,119" hai3="78,84,89,91,92,93,94" /><INIT seed="0,1,1,1,2,35" ten="255,235,235,265" oya="0" hai0="122,18,3,54,118,51,93,33,126,37,106,72,39" hai1="57,36,82,55,80,4,108,22,101,61,45,89,49" hai2="29,34,112,68,26,79,15,1,129,76,92,84,5" hai3="69,40,120,86,16,116,64,60,20,119,131,27,125"/><T50/><D122/><U127/><E36/><V74/><F112/><W70/><G120/><T128/><D106/><U105/><E108/><V59/><F68/><W73/><G73/><T62/><D72/><U99/><E127/><V123/><F123/><W21/><G125/><T0/><D33/><U23/><E4/><V98/><F74/><W135/><G135/><T100/><D126/><U66/><REACH who="1" step="1"/><E89/><REACH who="1" ten="255,225,235,265" step="2"/><V6/><F6/><W9/><G119/><T132/><D118/><U38/><E38/><V10/><F129/><W111/><G111/><T81/><D128/><U130/><E130/><V46/><F46/><W85/><G116/><T107/><D37/><U17/><E17/><V8/><F59/><W117/><G117/><T78/><D39/><U24/><E24/><V58/><F58/><W87/><G131/><T41/><D18/><U13/><E13/><V83/><F10/><W102/><G9/><T96/><D132/><U121/><E121/><V103/><REACH who="2" step="1"/><F15/><REACH who="2" ten="255,225,225,265" step="2"/><W88/><G69/><T133/><D133/><U75/><E75/><V115/><F115/><W19/><G70/><T124/><D124/><U77/><E77/><AGARI ba="1,3" hai="1,5,8,26,29,34,76,77,79,83,84,92,98,103" machi="77" ten="30,3900,0" yaku="1,1,7,1,52,1,53,0" doraHai="35" doraHaiUra="42" who="2" fromWho="1" sc="255,0,225,-42,225,72,265,0" /><INIT seed="1,0,0,3,2,67" ten="255,183,297,265" oya="1" hai0="118,4,121,107,72,74,86,124,95,88,14,10,103" hai1="45,109,123,29,56,20,61,60,83,54,85,77,46" hai2="27,51,47,78,132,31,113,116,0,22,134,101,37" hai3="40,2,105,57,71,3,97,87,65,50,41,5,39"/><U104/><E104/><V12/><F116/><W92/><G105/><T90/><D118/><U111/><E123/><V6/><F113/><W114/><G114/><T100/><D121/><U36/><E36/><V8/><F37/><W125/><G125/><T94/><D124/><U79/><E79/><V32/><F101/><W73/><G73/><T35/><D35/><U11/><E11/><V129/><F78/><W69/><G87/><T70/><D70/><U43/><E61/><V55/><F129/><W1/><G5/><T30/><D30/><U63/><E63/><V122/><F122/><W98/><G65/><T48/><D107/><U53/><E53/><V135/><REACH who="2" step="1"/><F32/><REACH who="2" ten="255,183,287,265" step="2"/><W28/><G39/><T7/><D74/><U24/><REACH who="1" step="1"/><E43/><REACH who="1" ten="255,173,287,265" step="2"/><V120/><F120/><W17/><G41/><T26/><D72/><U13/><E13/><AGARI ba="0,2" hai="0,6,8,12,13,22,27,31,47,51,55,132,134,135" machi="13" ten="40,2600,0" yaku="1,1,20,1,53,0" doraHai="67" doraHaiUra="15" who="2" fromWho="1" sc="255,0,173,-26,287,46,265,0" /><INIT seed="2,0,0,2,3,12" ten="255,147,333,265" oya="2" hai0="63,73,72,113,71,8,122,66,88,16,100,14,11" hai1="36,5,50,44,123,67,9,135,99,56,116,101,28" hai2="4,79,125,47,64,105,68,112,81,131,62,124,76" hai3="74,1,126,133,2,110,108,10,51,27,127,35,83"/><V118/><F112/><W54/><G74/><T90/><D113/><U52/><E116/><V29/><F118/><W61/><G61/><T85/><D122/><U7/><E123/><V39/><F131/><W65/><G65/><T134/><D134/><U34/><E135/><V0/><F29/><N who="3" m="19903" /><G83/><T87/><D100/><U31/><E34/><V23/><F79/><W121/><G121/><T48/><D11/><U98/><E98/><V24/><F105/><W43/><G43/><T53/><D87/><U109/><E109/><N who="3" m="42090" /><G133/><T40/><D40/><U94/><E7/><V114/><F114/><W130/><G130/><T75/><REACH who="0" step="1"/><D85/><REACH who="0" ten="245,147,333,265" step="2"/><U92/><E92/><V82/><F125/><N who="3" m="47627" /><G10/><T13/><D13/><U32/><E32/><V20/><F124/><W120/><G120/><T25/><D25/><U96/><E96/><V78/><F24/><W86/><G86/><T30/><D30/><U58/><E36/><V59/><F39/><W17/><G17/><T22/><D22/><U57/><REACH who="1" step="1"/><E67/><REACH who="1" ten="245,137,333,265" step="2"/><V69/><F64/><W21/><G21/><T33/><D33/><U70/><E70/><V104/><F23/><W93/><G93/><T46/><AGARI ba="0,2" hai="8,14,16,46,48,53,63,66,71,72,73,75,88,90" machi="46" ten="30,8000,1" yaku="1,1,0,1,52,1,54,2,53,0" doraHai="12" doraHaiUra="38" who="0" fromWho="0" sc="245,100,137,-20,333,-40,265,-20" /><INIT seed="3,0,0,2,5,49" ten="345,117,293,245" oya="3" hai0="8,64,65,31,27,114,55,95,86,25,19,76,107" hai1="35,12,100,56,40,118,10,68,17,87,48,18,45" hai2="111,80,125,91,61,47,81,84,38,94,21,2,44" hai3="32,26,115,93,85,113,46,15,124,0,104,41,22"/><W50/><G104/><T112/><D107/><U59/><E68/><V75/><F2/><W92/><G0/><T110/><D110/><U11/><E35/><V132/><F111/><W60/><G124/><T117/><D117/><U34/><E34/><V88/><F125/><W96/><G32/><T5/><D55/><U28/><E118/><V98/><F132/><W69/><G15/><N who="0" m="7655" /><D5/><U129/><E28/><V58/><F38/><W33/><G33/><N who="0" m="20719" /><D27/><U24/><E129/><V62/><F62/><W123/><G123/><T127/><D127/><U13/><E24/><V71/><F71/><W70/><G70/><T72/><D72/><U29/><E29/><V73/><F73/><W116/><G116/><T126/><D126/><U9/><E9/><V63/><F63/><W101/><G85/><T43/><D43/><U3/><E3/><V66/><F75/><W53/><G92/><T99/><D76/><U134/><E134/><V52/><F66/><W102/><G102/><N who="0" m="60799" /><D86/><U109/><E109/><V122/><F122/><W42/><G42/><T74/><D74/><U39/><E39/><V54/><F54/><W78/><G78/><T90/><D90/><U30/><E30/><V7/><F7/><W51/><G22/><T23/><D23/><U67/><E67/><V106/><F106/><W37/><G26/><T82/><D82/><N who="2" m="31850" /><F21/><W97/><G97/><T79/><D79/><U105/><REACH who="1" step="1"/><E87/><REACH who="1" ten="345,107,293,245" step="2"/><V83/><AGARI ba="0,1" hai="44,47,52,58,61,83,84,88,91,94,98" m="31850" machi="83" ten="30,7900,0" yaku="8,1,52,1,54,2" doraHai="49" who="2" fromWho="2" sc="345,-20,107,-20,293,89,245,-39" owari="325,12.5,87,-41.3,382,48.2,206,-19.4" /></mjloggm>