<mjloggm ver="2.3"><GO type="225" lobby="0"/><UN n0="%E3%83%9D%E3%82%B1%E3%83%83%E3%83%88" n1="%E8%A8%88%E7%AE%97%E6%A9%9F%E8%87%AA%E7%84%B6" n2="%E3%82%8C%E3%81%99%E3%81%93" n3="%E5%8D%A0%E3%81%84%E5%B8%AB%E8%A3%8F%E3%81%AA%E3%81%84%E3%81%97" dan="16,17,17,17" rate="2095.87,2185.93,2174.30,2179.72" sx="M,M,F,M"/><TAIKYOKU oya="0"/><INIT seed="0,0,0,2,2,33" ten="250,250,250,250" oya="0" hai0="63,54,18,31,49,1,65,43,38,86,50,114,17" hai1="15,134,16,94,115,83,104,2,27,97,125,76,132" hai2="135,30,55,81,23,117,120,29,4,116,129,58,119" hai3="128,103,48,32,110,61,71,82,59,42,62,72,47"/><T35/><D114/><U28/><E104/><V12/><F120/><W67/><G32/><T80/><D1/><U51/><E125/><V37/><F37/><W53/><G103/><T68/><D50/><U22/><E51/><V10/><F135/><N who="1" m="51753" /><E115/><V56/><F129/><W39/><G128/><T91/><D31/><N who="2" m="11786" /><F23/><W133/><G133/><T73/><D73/><N who="1" m="43407" /><E2/><V34/><F34/><W122/><G82/><T52/><D35/><N who="1" m="20895" /><E94/><V75/><F55/><N who="3" m="34047" /><G72/><T24/><D24/><U118/><E97/><V109/><F109/><W46/><G110/><T66/><D66/><U45/><E45/><V96/><F96/><W26/><G26/><T99/><D99/><U121/><E118/><V101/><F101/><W87/><G87/><T95/><D95/><U0/><E0/><V70/><F70/><N who="3" m="42359" /><G122/><AGARI ba="0,0" hai="15,16,22,121,122" m="20895,43407,51753" machi="122" ten="30,2000,0" yaku="20,1,54,1" doraHai="33" who="1" fromWho="3" sc="250,0,250,20,250,0,250,-20" /><INIT seed="1,0,0,5,2,58" ten="250,270,250,230" oya="1" hai0="44,54,30,22,8,17,114,31,13,124,78,91,64" hai1="25,46,38,88,14,28,74,19,80,128,59,55,73" hai2="0,39,33,95,100,23,82,4,60,65,87,49,67" hai3="99,115,18,110,93,90,135,12,130,77,103,53,2"/><U75/><E128/><V51/><F33/><W92/><G115/><T48/><D114/><U5/><E5/><V109/><F39/><W52/><G2/><T86/><D124/><U1/><E1/><V127/><F109/><W37/><G130/><T9/><D78/><U72/><E46/><V120/><F120/><W98/><G110/><T101/><D101/><U62/><E38/><V126/><F4/><W118/><G135/><T3/><D64/><U117/><E117/><V63/><F0/><W112/><G112/><T16/><D3/><U7/><E7/><V41/><F23/><W111/><G111/><T76/><D76/><U113/><E113/><V123/><F123/><W96/><G118/><T116/><D116/><U70/><E70/><V122/><F122/><W97/><G37/><T57/><D57/><U134/><E134/><V102/><F95/><W71/><G71/><T69/><D69/><U119/><E119/><V40/><REACH who="2" step="1"/><F87/><REACH who="2" ten="250,270,240,230" step="2"/><N who="3" m="52319" /><G77/><T32/><D32/><N who="1" m="20495" /><E73/><V125/><F125/><W121/><G121/><T11/><REACH who="0" step="1"/><D17/><REACH who="0" ten="240,270,240,230" step="2"/><U6/><E6/><V68/><F68/><W24/><G24/><T108/><D108/><U36/><E19/><V83/><AGARI ba="0,2" hai="40,41,49,51,60,63,65,67,82,83,100,102,126,127" machi="83" ten="25,12000,2" yaku="1,1,0,1,22,2,52,2,53,0" doraHai="58" doraHaiUra="81" who="2" fromWho="2" sc="240,-30,270,-60,240,140,230,-30" /><INIT seed="2,0,0,5,0,26" ten="210,210,380,200" oya="2" hai0="75,31,131,129,53,15,114,52,106,134,125,93,9" hai1="28,6,55,78,130,40,36,107,22,135,89,66,33" hai2="95,49,29,27,109,7,4,96,45,113,50,124,37" hai3="35,77,76,57,61,3,56,80,91,65,111,102,90"/><V81/><F113/><W48/><G3/><T41/><D114/><U67/><E33/><V38/><F124/><W101/><G111/><T118/><D106/><U8/><E107/><V21/><F38/><W126/><G126/><T59/><D125/><U17/><E28/><V24/><F37/><W62/><G35/><T13/><D134/><U64/><E78/><V46/><F81/><W25/><G25/><T110/><D75/><U88/><E135/><V1/><F27/><W122/><G48/><T23/><D41/><U100/><E100/><N who="2" m="60447" /><F1/><W14/><G14/><T79/><D15/><N who="1" m="5527" /><E36/><V70/><F70/><W10/><G10/><T133/><D110/><U108/><E108/><V121/><F121/><W39/><G39/><T5/><D9/><U94/><E130/><V63/><F63/><W12/><G12/><T120/><D13/><N who="1" m="9519" /><E40/><N who="2" m="24743" /><F109/><W99/><G122/><T47/><D133/><U58/><E94/><V97/><F97/><W19/><G99/><T16/><D129/><U74/><E74/><V60/><F60/><AGARI ba="0,0" hai="55,58,60,64,66,67,88,89" m="9519,5527" machi="60" ten="30,2000,0" yaku="8,1,54,1" doraHai="26" who="1" fromWho="2" sc="210,0,210,20,380,-20,200,0" /><INIT seed="3,0,0,0,5,91" ten="210,230,360,200" oya="3" hai0="5,103,96,106,48,62,55,125,30,0,10,42,119" hai1="110,104,113,80,43,88,52,61,21,102,123,50,116" hai2="54,77,78,60,112,101,89,24,39,100,127,17,49" hai3="23,1,126,75,130,70,129,22,19,35,36,47,92"/><W132/><G75/><T87/><D119/><U34/><E113/><V133/><F39/><W76/><G35/><T105/><D125/><U128/><E34/><V66/><F112/><W38/><G126/><T20/><D42/><U67/><E123/><V109/><F109/><W108/><G1/><T121/><D121/><U83/><E43/><V124/><F133/><W3/><G3/><T7/><D7/><U14/><E104/><V33/><F89/><W15/><G132/><T118/><D118/><U18/><E102/><V86/><F100/><W51/><G70/><T85/><D105/><U11/><E128/><N who="3" m="49258" /><G76/><T27/><REACH who="0" step="1"/><D62/><REACH who="0" ten="200,230,360,200" step="2"/><U26/><E61/><V6/><F60/><W16/><G108/><T120/><D120/><U2/><E116/><V58/><F124/><W68/><G68/><T56/><AGARI ba="0,1" hai="0,5,10,20,27,30,48,55,56,85,87,96,103,106" machi="56" ten="20,2700,0" yaku="1,1,0,1,7,1,53,0" doraHai="91" doraHaiUra="71" who="0" fromWho="0" sc="200,37,230,-7,360,-7,200,-13" owari="237,3.7,223,-17.7,353,45.3,187,-31.3" /></mjloggm>