<mjloggm ver="2.3"><GO type="225" lobby="0"/><UN n0="%E6%97%A5%E6%9B%9C%E6%97%A5%E3%82%88%E3%82%8A%E3%81%AE%E4%BD%BF%E8%80%85" n1="%E8%81%B7%E6%A5%AD%E3%80%81%E9%A2%A8%32" n2="%73%75%7A%75%6D%65%33" n3="%E3%81%9F%E3%81%A3%E3%81%A1%E3%82%87" dan="18,16,17,16" rate="2158.43,2188.96,2242.63,2067.40" sx="M,M,M,M"/><TAIKYOKU oya="0"/><INIT seed="0,0,0,1,5,54" ten="250,250,250,250" oya="0" hai0="59,49,10,14,33,101,106,7,102,9,119,4,134" hai1="11,8,47,80,17,82,72,125,43,85,56,96,132" hai2="36,93,123,127,69,114,92,15,48,18,78,94,44" hai3="81,46,41,23,89,75,53,83,13,61,88,86,128"/><T73/><D119/><U51/><E125/><V66/><F123/><W135/><G128/><T24/><D73/><U27/><E132/><V90/><F114/><W77/><G135/><T19/><D106/><U28/><E96/><V122/><F122/><W50/><G89/><T64/><D134/><U97/><E97/><V91/><F127/><W104/><G104/><T6/><D33/><U26/><E72/><V120/><F120/><W126/><G126/><T35/><D10/><U105/><E105/><V45/><F78/><W63/><G41/><T32/><D32/><U42/><E42/><V95/><F36/><W110/><G110/><T115/><D115/><U2/><E2/><V58/><F69/><W31/><G31/><T87/><D87/><U65/><E82/><V107/><F107/><W118/><G118/><T130/><D130/><U121/><E121/><V98/><F90/><W57/><REACH who="3" step="1"/><G46/><REACH who="3" ten="250,250,250,240" step="2"/><T29/><REACH who="0" step="1"/><D64/><REACH who="0" ten="240,250,250,240" step="2"/><U129/><E129/><V22/><F66/><W25/><G25/><T103/><D103/><U12/><E27/><V70/><F70/><W60/><G60/><T111/><D111/><U100/><E100/><V52/><AGARI ba="0,2" hai="15,18,22,44,45,48,52,58,91,92,93,94,95,98" machi="52" ten="30,7900,0" yaku="0,1,8,1,52,1,54,1" doraHai="54" who="2" fromWho="2" sc="240,-39,250,-20,250,99,240,-20" /><INIT seed="1,0,0,2,1,99" ten="201,230,349,220" oya="1" hai0="2,110,97,34,73,89,33,55,64,35,0,108,66" hai1="120,90,124,25,86,116,12,119,95,92,115,87,101" hai2="128,19,98,100,132,52,17,67,14,38,16,79,32" hai3="71,63,75,58,3,47,76,42,114,20,27,133,30"/><U127/><E115/><V104/><F32/><W82/><G114/><T68/><D73/><U121/><E12/><V53/><F38/><W77/><G133/><T59/><D89/><N who="1" m="53303" /><E101/><V1/><F1/><N who="0" m="618" /><D68/><U43/><E43/><V5/><F132/><W130/><G3/><T21/><D21/><U8/><E8/><N who="2" m="4367" /><F79/><W70/><G130/><T10/><D10/><U118/><E25/><V109/><F67/><N who="0" m="25642" /><D97/><U39/><E39/><V134/><F109/><N who="0" m="42090" /><D59/><U84/><E84/><V91/><F134/><W62/><G76/><T93/><D93/><U4/><E4/><V24/><F128/><W72/><G75/><T111/><N who="0" m="42098" /><T18/><DORA hai="103" /><D55/><N who="2" m="21066" /><F104/><W61/><REACH who="3" step="1"/><G58/><REACH who="3" ten="201,230,349,210" step="2"/><T15/><D35/><U41/><E41/><V117/><F117/><W54/><G54/><T105/><D34/><U88/><E90/><V123/><F123/><AGARI ba="0,1" hai="87,88,95,116,118,119,120,121,123,124,127" m="53303" machi="123" ten="40,7700,0" yaku="34,2,54,1" doraHai="99,103" who="1" fromWho="2" sc="201,0,230,87,349,-77,210,0" /><INIT seed="1,1,0,4,1,12" ten="201,317,272,210" oya="1" hai0="15,7,83,129,71,36,88,65,89,27,35,122,72" hai1="112,48,127,116,98,101,40,5,14,46,68,22,87" hai2="13,124,69,1,100,0,47,109,51,26,28,74,64" hai3="21,33,73,66,106,134,10,94,42,19,113,31,54"/><U58/><E68/><V11/><F74/><W126/><G106/><T123/><D36/><U96/><E116/><V107/><F124/><W70/><G73/><T4/><D129/><U119/><E112/><V111/><F100/><W41/><G113/><T67/><D72/><U92/><E119/><V25/><F107/><W78/><G78/><T57/><D71/><U49/><E127/><V75/><F75/><W77/><G77/><T115/><D115/><U44/><E58/><V34/><F26/><W60/><G134/><T55/><D27/><U117/><E117/><V39/><F39/><W24/><G126/><T50/><D35/><U17/><E5/><N who="0" m="2121" /><D15/><U118/><E118/><V131/><F131/><W61/><G94/><T82/><D82/><U125/><E125/><V95/><F95/><W63/><G10/><T32/><D32/><U30/><E30/><V62/><F111/><W9/><G9/><T130/><D130/><U8/><E8/><V80/><F80/><W2/><G2/><T38/><D38/><U79/><E79/><V6/><REACH who="2" step="1"/><F109/><REACH who="2" ten="201,317,262,210" step="2"/><W93/><G93/><T23/><D83/><U128/><E128/><V76/><F76/><W105/><G105/><T90/><D23/><U29/><E101/><V84/><F84/><W81/><G81/><T108/><D108/><U52/><E87/><V132/><F132/><W59/><G33/><T120/><AGARI ba="1,1" hai="50,55,57,65,67,88,89,90,120,122,123" m="2121" machi="120" ten="40,2700,0" yaku="13,1,54,1" doraHai="12" who="0" fromWho="0" sc="201,40,317,-14,262,-8,210,-8" /><INIT seed="2,0,0,0,5,30" ten="241,303,254,202" oya="2" hai0="106,13,36,69,64,122,52,109,78,127,95,39,113" hai1="90,129,118,126,105,76,85,8,60,112,120,101,82" hai2="45,26,3,41,104,103,128,83,71,102,70,131,121" hai3="47,23,51,0,132,59,18,17,96,80,58,38,7"/><V9/><F121/><W14/><G132/><T44/><D106/><U108/><E108/><V107/><F83/><W42/><G0/><T49/><D78/><U74/><E118/><V130/><F26/><W117/><G7/><T114/><D95/><U27/><E112/><N who="0" m="43113" /><D13/><U94/><E126/><V43/><F9/><W50/><G117/><T97/><D97/><N who="1" m="61615" /><E129/><V88/><F3/><W34/><G34/><T125/><D109/><U84/><E8/><V75/><F75/><W92/><G80/><T35/><D35/><U111/><E111/><V20/><F20/><W68/><G68/><N who="2" m="26153" /><F107/><W124/><G124/><N who="0" m="47691" /><D122/><U12/><E120/><V66/><F66/><W73/><G73/><T31/><D31/><U67/><E12/><V19/><F104/><W32/><G17/><T22/><D22/><U37/><E27/><V89/><F19/><W53/><G32/><T135/><D135/><U62/><E85/><V28/><F28/><W77/><G77/><T21/><D21/><U2/><E2/><V1/><F1/><W99/><REACH who="3" step="1"/><G92/><REACH who="3" ten="241,303,254,192" step="2"/><T61/><AGARI ba="0,1" hai="36,39,44,49,52,61,64,69" m="47691,43113" machi="61" ten="40,8000,1" yaku="18,1,34,2,54,1" doraHai="30" who="0" fromWho="0" sc="241,90,303,-20,254,-40,192,-20" /><INIT seed="3,0,0,0,5,8" ten="331,283,214,172" oya="3" hai0="3,73,48,55,94,7,25,28,45,97,13,78,75" hai1="127,22,120,126,90,21,60,122,112,47,0,58,24" hai2="106,29,12,92,49,43,86,117,84,105,41,2,65" hai3="63,132,133,68,125,85,87,74,9,44,114,99,110"/><W81/><G114/><T38/><D3/><U69/><E112/><V36/><F2/><W27/><G125/><N who="1" m="47626" /><E0/><V64/><F36/><W121/><G121/><N who="1" m="46698" /><E69/><V93/><F49/><W6/><G110/><T102/><D38/><U20/><E90/><V118/><REACH who="2" step="1"/><F29/><REACH who="2" ten="331,283,204,172" step="2"/><W100/><G44/><T104/><D28/><N who="1" m="17415" /><E47/><V32/><F32/><W80/><G27/><T91/><D25/><U66/><AGARI ba="0,1" hai="21,22,58,60,66" m="17415,46698,47626" machi="66" ten="30,1100,0" yaku="18,1" doraHai="8" who="1" fromWho="1" sc="331,-3,283,21,204,-3,172,-5" owari="328,42.8,304,10.4,201,-19.9,167,-33.3" /></mjloggm>