<mjloggm ver="2.3"><GO type="225" lobby="0"/><UN n0="%E5%8F%AF%E5%85%90%E9%82%A3%E7%94%B1%E5%A4%9A" n1="%E3%82%B2%E3%82%B9%E8%8C%82%E5%8B%9D" n2="%E3%82%BC%E3%83%AB%E3%83%80%E3%81%AE%E4%BC%9D%E8%AA%AC" n3="%4B%2E%32%2E%4B%2E" dan="17,16,17,17" rate="2195.39,2052.15,2131.00,2178.72" sx="F,F,M,M"/><TAIKYOKU oya="0"/><INIT seed="0,0,0,0,0,10" ten="250,250,250,250" oya="0" hai0="29,40,45,34,37,102,82,99,98,92,104,49,14" hai1="110,116,54,21,105,95,119,8,76,129,32,131,106" hai2="18,33,83,122,87,81,31,96,107,38,118,51,127" hai3="69,124,130,1,24,15,135,94,19,84,13,53,26"/><T74/><D34/><U23/><E32/><V62/><F38/><W46/><G1/><T57/><D29/><U50/><E76/><V42/><F122/><W17/><G69/><T4/><D74/><U68/><E68/><V60/><F127/><W27/><G124/><T71/><D71/><U41/><E41/><V59/><F118/><N who="1" m="45097" /><E95/><V93/><F107/><N who="1" m="40969" /><E8/><V75/><F75/><W67/><G67/><T133/><D133/><U115/><E115/><V65/><F33/><W56/><G46/><T2/><D2/><U63/><E63/><V125/><F31/><W3/><G3/><T25/><D25/><U0/><E0/><V132/><F132/><W7/><G7/><T120/><D82/><U70/><E70/><V12/><F60/><W103/><G135/><T123/><D57/><U48/><E110/><V86/><F125/><W5/><G5/><T90/><REACH who="0" step="1"/><D49/><REACH who="0" ten="240,250,250,250" step="2"/><N who="1" m="19051" /><E54/><V80/><F51/><W78/><G56/><T55/><D55/><U100/><E100/><N who="2" m="60431" /><F42/><W22/><G53/><T97/><D97/><U36/><E36/><V20/><AGARI ba="0,1" hai="12,18,20,59,62,65,80,81,83,86,87" m="60431" machi="20" ten="30,2000,0" yaku="8,1,52,1" doraHai="10" who="2" fromWho="2" sc="240,-10,250,-5,250,30,250,-5" /><INIT seed="1,0,0,2,4,97" ten="230,245,280,245" oya="1" hai0="4,37,78,117,102,90,22,23,133,116,129,93,122" hai1="67,50,98,76,72,38,89,66,110,118,6,58,69" hai2="35,43,73,11,29,27,33,87,59,36,120,0,48" hai3="32,106,77,111,103,47,71,105,15,57,8,130,14"/><U107/><E118/><V127/><F120/><W85/><G71/><T84/><D37/><U82/><E38/><V39/><F73/><W121/><G121/><T18/><D4/><U20/><E110/><V101/><F33/><W123/><G123/><T83/><D122/><U104/><E6/><V51/><F127/><W61/><G32/><T17/><D129/><U19/><E69/><V70/><F70/><W132/><G130/><T119/><D133/><U91/><E107/><V62/><F51/><W79/><G15/><T16/><REACH who="0" step="1"/><D102/><REACH who="0" ten="220,245,280,245" step="2"/><U86/><E72/><AGARI ba="0,1" hai="16,17,18,22,23,72,78,83,84,90,93,116,117,119" machi="72" ten="50,6400,0" yaku="1,1,2,1,54,1,53,0" doraHai="97" doraHaiUra="2" who="0" fromWho="1" sc="220,74,245,-64,280,0,245,0" /><INIT seed="2,0,0,4,3,24" ten="294,181,280,245" oya="2" hai0="36,57,56,49,7,81,107,113,99,58,123,75,108" hai1="5,46,125,2,104,88,120,39,102,53,44,110,29" hai2="72,103,52,59,131,23,3,134,130,64,0,38,79" hai3="133,68,17,100,13,65,22,129,16,42,111,118,51"/><V71/><F134/><W47/><G118/><T12/><D123/><U33/><E110/><V69/><F38/><W86/><G111/><T45/><D113/><U67/><E120/><V20/><F103/><W10/><G133/><T127/><D108/><U41/><E125/><V28/><F79/><W25/><G129/><N who="2" m="49161" /><F72/><W1/><G1/><N who="2" m="585" /><F64/><W62/><G86/><T109/><D36/><U11/><E67/><V78/><F78/><W60/><G60/><T55/><D127/><U83/><E102/><V26/><F20/><W93/><G93/><T14/><D109/><U92/><E104/><V48/><AGARI ba="0,0" hai="23,26,28,48,52,59,69,71" m="585,49161" machi="48" ten="30,6000,0" yaku="19,1,52,1,54,1" doraHai="24" who="2" fromWho="2" sc="294,-20,181,-20,280,60,245,-20" /><INIT seed="2,1,0,3,3,61" ten="274,161,340,225" oya="2" hai0="45,11,93,52,44,113,18,108,95,133,73,74,101" hai1="20,128,94,1,13,36,14,89,68,104,129,21,118" hai2="16,122,46,39,115,92,5,12,130,63,42,135,24" hai3="80,35,66,25,4,54,49,48,0,59,99,105,58"/><V7/><F115/><W72/><G0/><T79/><D113/><U65/><E118/><V78/><F122/><W86/><G4/><T107/><D108/><U55/><E104/><V114/><F114/><W77/><G35/><T124/><D124/><U126/><E1/><V38/><F38/><W116/><G116/><T103/><D107/><U9/><E36/><V134/><F130/><N who="1" m="50281" /><E55/><V82/><F92/><W96/><G105/><T50/><D133/><N who="2" m="50698" /><F24/><W15/><G25/><T37/><D79/><U132/><E132/><V85/><F63/><W119/><G15/><N who="1" m="5642" /><E9/><AGARI ba="1,0" hai="5,7,9,12,16,39,42,46,78,82,85" m="50698" machi="9" ten="30,2900,0" yaku="20,1,54,1" doraHai="61" who="2" fromWho="1" sc="274,0,161,-32,340,32,225,0" /><INIT seed="2,2,0,1,5,53" ten="274,129,372,225" oya="2" hai0="133,127,4,69,73,98,71,111,130,97,135,59,87" hai1="60,24,91,14,5,86,68,12,35,93,16,82,29" hai2="9,120,110,108,51,31,70,57,34,20,104,17,2" hai3="88,117,10,102,39,26,116,118,101,13,114,95,83"/><V37/><F120/><W65/><G39/><T21/><D73/><U105/><E105/><V23/><F104/><W54/><G114/><T132/><D111/><N who="2" m="42538" /><F70/><N who="0" m="26634" /><D130/><U113/><E113/><V75/><F37/><W125/><G125/><T79/><D127/><U96/><E5/><N who="2" m="1207" /><F75/><W7/><G65/><T77/><D4/><U3/><E3/><V80/><F80/><W1/><G83/><N who="0" m="47599" /><D79/><U18/><E12/><V122/><F122/><W119/><G119/><T30/><D59/><U49/><E49/><V58/><F51/><W33/><G1/><T55/><D55/><U47/><E47/><V43/><F43/><W11/><G54/><T44/><D44/><U36/><E36/><V61/><F61/><W8/><G116/><T76/><D76/><U112/><E112/><V134/><F134/><W129/><G118/><T131/><D131/><U38/><E38/><V63/><F63/><W84/><G129/><T103/><D103/><U128/><E128/><V22/><F17/><W81/><G117/><T66/><D66/><U94/><E94/><V99/><F99/><W72/><G72/><T100/><D100/><U126/><E126/><V124/><F124/><W40/><G40/><T50/><D50/><U121/><E121/><V89/><F89/><W42/><G42/><T115/><D115/><U78/><REACH who="1" step="1"/><E14/><REACH who="1" ten="274,119,372,225" step="2"/><V92/><F92/><W64/><G95/><T109/><D109/><U85/><E85/><V27/><AGARI ba="2,1" hai="20,22,23,27,31,34,57,58" m="1207,42538" machi="27" ten="40,12000,1" yaku="14,1,10,1,52,2" doraHai="53" who="2" fromWho="2" sc="274,-42,119,-42,372,136,225,-42" /><INIT seed="2,3,0,2,5,15" ten="232,77,508,183" oya="2" hai0="26,30,81,62,31,2,121,104,6,82,119,38,45" hai1="59,70,65,46,22,75,117,107,91,66,11,118,131" hai2="106,99,49,56,55,58,85,101,90,134,79,61,23" hai3="34,105,77,29,87,19,0,68,57,16,37,13,125"/><V114/><F114/><W67/><G68/><T112/><D121/><U60/><E75/><V63/><F134/><W126/><G0/><T72/><D112/><U132/><E107/><V84/><F79/><W108/><G37/><T39/><D104/><U115/><E11/><V111/><F111/><W27/><G105/><T78/><D119/><U4/><E4/><V102/><F102/><W51/><G108/><T21/><D81/><U41/><E91/><V86/><F23/><W9/><G19/><N who="0" m="12607" /><D62/><N who="1" m="40247" /><E115/><V83/><REACH who="2" step="1"/><F49/><REACH who="2" ten="232,77,498,183" step="2"/><W25/><G77/><T113/><D113/><U69/><E22/><V97/><F97/><W18/><G51/><T74/><D39/><N who="1" m="21823" /><E132/><V24/><F24/><W7/><G27/><T5/><D78/><U10/><E10/><V127/><F127/><N who="3" m="48651" /><G87/><T123/><D74/><U96/><E96/><V129/><F129/><W94/><G94/><T43/><D72/><U50/><E131/><V73/><F73/><W17/><G34/><T110/><D110/><U33/><E33/><V44/><F44/><W54/><G25/><T135/><D45/><U133/><E133/><V80/><F80/><W40/><G29/><T1/><D82/><U47/><E47/><V71/><F71/><W130/><G130/><T98/><D135/><U28/><E28/><V103/><F103/><W3/><G57/><T8/><D98/><U35/><E35/><V122/><F122/><W109/><G109/><T76/><D123/><U120/><E120/><V128/><F128/><W14/><G9/><N who="0" m="2223" /><D76/><U100/><E100/><V36/><F36/><W93/><G93/><T32/><D32/><RYUUKYOKU ba="3,1" sc="232,10,77,10,498,10,183,-30" hai0="2,6,8,30,31,38,43" hai1="50,59,60,66,69,117,118" hai2="55,56,58,61,63,83,84,85,86,90,99,101,106" /><INIT seed="2,4,1,4,5,11" ten="242,87,508,153" oya="2" hai0="108,24,104,28,73,56,101,95,16,118,39,107,64" hai1="8,38,46,21,69,68,54,84,63,75,3,29,110" hai2="30,96,121,40,97,6,98,10,78,18,112,60,133" hai3="61,102,23,128,90,4,51,92,25,127,79,37,65"/><V72/><F112/><W17/><G37/><T77/><D39/><U74/><E110/><V33/><F121/><W94/><G127/><T9/><D108/><U41/><E84/><V52/><F133/><W100/><G128/><T66/><D118/><U88/><E88/><V122/><F122/><W34/><G34/><T44/><D44/><U43/><E43/><V129/><F129/><W12/><G51/><T36/><D36/><U89/><E89/><V53/><F18/><N who="3" m="12535" /><G4/><T125/><D125/><U1/><E69/><V35/><F96/><N who="3" m="57367" /><G94/><T57/><D95/><U67/><E54/><V119/><F53/><W55/><G65/><T62/><D101/><U81/><E1/><V113/><F40/><W2/><G79/><T26/><D77/><U82/><E74/><V105/><F72/><W131/><G2/><T19/><D73/><U93/><E93/><V126/><F78/><W109/><G109/><T86/><D86/><U124/><E124/><V85/><F85/><W123/><G123/><T135/><D135/><U111/><E111/><V7/><F105/><W87/><G87/><T76/><D76/><U59/><E68/><V58/><F98/><W71/><G131/><T13/><D66/><U32/><E75/><V42/><F97/><W27/><G27/><T120/><D120/><U91/><E91/><V31/><F42/><W116/><G116/><T20/><D104/><U115/><E115/><V49/><F113/><W130/><G130/><T132/><D107/><U0/><E0/><V83/><F126/><W47/><G71/><N who="0" m="42391" /><D132/><U80/><E38/><V48/><F119/><RYUUKYOKU ba="4,1" sc="242,30,87,-10,508,-10,153,-10" hai0="9,13,16,19,20,24,26,28,56,57" /><INIT seed="3,5,1,2,3,62" ten="272,77,498,143" oya="3" hai0="19,115,31,105,7,88,108,114,109,117,124,17,15" hai1="59,57,71,92,53,86,113,50,1,90,40,85,14" hai2="102,98,126,64,51,101,112,5,120,127,118,103,87" hai3="28,41,94,106,56,49,43,89,27,70,80,0,132"/><W24/><G106/><T95/><D105/><U22/><E113/><N who="0" m="43017" /><D117/><U2/><E71/><V8/><F112/><W33/><G0/><T78/><D124/><N who="2" m="47658" /><F118/><W119/><G70/><T100/><D100/><U16/><E40/><V26/><F120/><W116/><G132/><T35/><D78/><U54/><E85/><V74/><F74/><W29/><G80/><T96/><D7/><U121/><E121/><V44/><F64/><W47/><G56/><T10/><D19/><U36/><E36/><V130/><F26/><AGARI ba="5,1" hai="10,15,17,26,31,35,88,95,96,108,109" m="43017" machi="26" ten="30,2000,0" yaku="11,1,54,1" doraHai="62" who="0" fromWho="2" sc="272,45,77,0,498,-35,143,0" owari="317,11.7,77,-42.3,463,56.3,143,-25.7" /></mjloggm>