<mjloggm ver="2.3"><GO type="225" lobby="0"/><UN n0="%E3%81%8B%E3%82%8F%E3%81%A1%E3%82%83%E3%82%93%35%38" n1="%E5%A4%9C%E5%85%89%E5%A4%A9%E6%A5%BC" n2="%E5%8B%95%E7%89%A9%E5%9C%92%E3%81%AE%E3%81%8F%E3%82%8D" n3="%E3%82%BC%E3%83%AB%E3%83%80%E3%81%AE%E4%BC%9D%E8%AA%AC" dan="17,17,16,17" rate="2238.41,2195.44,2161.32,2243.88" sx="M,M,M,M"/><TAIKYOKU oya="0"/><INIT seed="0,0,0,0,3,75" ten="250,250,250,250" oya="0" hai0="106,21,97,1,55,129,123,69,28,67,30,85,26" hai1="119,42,122,66,5,98,134,64,92,62,118,9,34" hai2="22,41,95,96,133,114,132,110,47,81,121,100,117" hai3="17,14,88,124,131,107,40,108,33,87,3,93,53"/><T74/><D74/><U37/><E122/><V39/><F114/><W72/><G3/><T120/><D1/><U58/><E34/><V105/><F121/><W127/><G33/><T73/><D73/><U13/><E134/><N who="2" m="51819" /><F110/><W104/><G108/><T116/><D116/><U101/><E37/><V20/><F117/><W115/><G115/><T7/><D7/><U60/><REACH who="1" step="1"/><E42/><REACH who="1" ten="250,240,250,250" step="2"/><V82/><F105/><W112/><G40/><T103/><D123/><U109/><E109/><V126/><F126/><W46/><G112/><T29/><D120/><U99/><E99/><V51/><F39/><W12/><G107/><T111/><D111/><U86/><E86/><V71/><F71/><AGARI ba="0,1" hai="5,9,13,58,60,62,64,66,71,92,98,101,118,119" machi="71" ten="30,2000,0" yaku="1,1,7,1,53,0" doraHai="75" doraHaiUra="18" who="1" fromWho="2" sc="250,0,240,30,250,-20,250,0" /><INIT seed="1,0,0,5,4,22" ten="250,270,230,250" oya="1" hai0="66,14,15,76,118,20,13,49,126,98,17,105,101" hai1="60,99,114,48,121,75,2,124,45,95,115,56,93" hai2="85,83,63,81,18,6,110,0,92,42,74,120,125" hai3="41,135,88,62,80,64,111,46,59,28,128,29,106"/><U37/><E121/><V77/><F120/><W8/><G106/><T73/><D118/><U65/><E75/><V129/><F110/><W82/><G111/><T55/><D126/><U132/><E124/><V72/><F125/><W33/><G135/><T116/><D116/><U90/><E132/><V32/><F129/><W119/><G119/><T50/><D66/><U86/><E2/><V61/><F32/><W19/><G128/><T109/><D109/><U10/><E10/><V31/><F31/><W9/><G80/><T47/><D76/><U39/><E114/><V133/><F133/><W53/><G64/><T30/><D73/><U84/><E115/><V97/><F42/><W52/><G53/><T87/><D87/><U23/><E23/><V69/><F69/><W35/><G35/><T57/><REACH who="0" step="1"/><D30/><REACH who="0" ten="240,270,230,250" step="2"/><U117/><E86/><V102/><F74/><W103/><G28/><T16/><D16/><U68/><E117/><V3/><F18/><W12/><G29/><T36/><D36/><U122/><E122/><V38/><F38/><W113/><G113/><T79/><D79/><U1/><E39/><V131/><F72/><W78/><G33/><T94/><D94/><N who="1" m="56791" /><E84/><V107/><F77/><W123/><G78/><T34/><D34/><U43/><E37/><V51/><F85/><N who="3" m="50231" /><G123/><T27/><D27/><U100/><E65/><V71/><F131/><W104/><G104/><T7/><D7/><U67/><E95/><V130/><F92/><W40/><G19/><T112/><D112/><U58/><E58/><V5/><F107/><W11/><G59/><T44/><D44/><RYUUKYOKU ba="0,1" sc="240,30,270,-10,230,-10,250,-10" hai0="13,14,15,17,20,47,49,50,55,57,98,101,105" /><INIT seed="2,1,1,2,0,93" ten="270,260,220,240" oya="2" hai0="78,123,45,102,58,3,47,44,71,33,112,35,101" hai1="129,82,26,92,100,86,5,38,39,90,109,135,122" hai2="15,37,68,42,130,111,69,131,121,76,7,91,40" hai3="17,60,117,106,20,87,0,115,72,10,31,43,12"/><V51/><F121/><W134/><G117/><T29/><D71/><U70/><E122/><V104/><F37/><W110/><G72/><T27/><D123/><U97/><E129/><N who="2" m="49163" /><F104/><W95/><G106/><T79/><D112/><U23/><E135/><V89/><F111/><W41/><G110/><T94/><D3/><U56/><E70/><N who="2" m="27243" /><F76/><W80/><G134/><T108/><D108/><U49/><E5/><V36/><F36/><W83/><G0/><T118/><D79/><U25/><E109/><V125/><F125/><W61/><G115/><T67/><D78/><U14/><E39/><V85/><F51/><W55/><G80/><T16/><D94/><U32/><E38/><V119/><F119/><W116/><G95/><T48/><D48/><U6/><E32/><V2/><F2/><W81/><G81/><T13/><D33/><U75/><E75/><V19/><F7/><W62/><G116/><T124/><D118/><U132/><E132/><V66/><F66/><W133/><G133/><T126/><D67/><U128/><E6/><V99/><F99/><W103/><G61/><T22/><REACH who="0" step="1"/><D58/><REACH who="0" ten="260,260,220,240" step="2"/><U52/><E128/><V24/><F91/><W84/><G62/><T57/><D57/><U46/><E56/><V1/><F89/><W28/><G60/><T88/><D88/><U30/><E30/><V8/><F1/><W98/><G31/><T107/><D107/><U120/><E120/><V9/><F85/><W105/><G87/><T53/><D53/><U127/><E127/><AGARI ba="1,2" hai="13,16,22,27,29,35,44,45,47,101,102,124,126,127" machi="127" ten="40,5200,0" yaku="1,1,18,1,54,1,53,0" doraHai="93" doraHaiUra="63" who="0" fromWho="1" sc="260,75,260,-55,220,0,240,0" /><INIT seed="3,0,0,2,2,42" ten="335,205,220,240" oya="3" hai0="28,50,118,53,98,123,86,5,45,52,13,122,107" hai1="7,121,31,94,103,15,54,34,30,80,51,111,112" hai2="72,99,119,83,116,56,127,36,71,19,134,55,9" hai3="67,97,81,59,89,65,33,114,126,132,20,16,104"/><W39/><G33/><T128/><D118/><U76/><E121/><V63/><F36/><W95/><G114/><T133/><D28/><U87/><E111/><V93/><F127/><W49/><G39/><T18/><D5/><U35/><E112/><V68/><F134/><W6/><G132/><T91/><D133/><U78/><E78/><V109/><F109/><W26/><G104/><T75/><D75/><U77/><E77/><V110/><F110/><W131/><G126/><T43/><D128/><U120/><E35/><V124/><F124/><W82/><G6/><T41/><D53/><U22/><E34/><V70/><F83/><N who="3" m="31755" /><G131/><T125/><D125/><U129/><E120/><V61/><F72/><W73/><G73/><T0/><D0/><U10/><E22/><V69/><F69/><W44/><G59/><T4/><D4/><U14/><E14/><V27/><F63/><W62/><G62/><T23/><D123/><U1/><E1/><V46/><F46/><W113/><G113/><T32/><D32/><U101/><E129/><V106/><F106/><W64/><G64/><T12/><D122/><U108/><E108/><V48/><F48/><W25/><G25/><T105/><D105/><U37/><E37/><V135/><F135/><W85/><G85/><T79/><D107/><U38/><E38/><V102/><F27/><W60/><G60/><T29/><D86/><U11/><E10/><V66/><F66/><W74/><G74/><T100/><D50/><U47/><E94/><V8/><F9/><W40/><AGARI ba="0,0" hai="16,20,26,40,44,49,65,67,89,95,97" m="31755" machi="40" ten="30,6000,0" yaku="8,1,52,1,54,1" doraHai="42" who="3" fromWho="3" sc="335,-20,205,-20,220,-20,240,60" /><INIT seed="3,1,0,2,3,130" ten="315,185,200,300" oya="3" hai0="112,131,117,33,101,9,78,107,91,99,100,72,47" hai1="45,73,29,34,67,132,77,84,8,49,104,60,38" hai2="52,26,63,90,86,96,27,54,20,16,74,43,12" hai3="17,19,24,114,22,58,109,30,129,57,85,94,65"/><W92/><G114/><T10/><D33/><U53/><E104/><V55/><F74/><W1/><G1/><T121/><D117/><U18/><E73/><V102/><F43/><W69/><G129/><T111/><D121/><U50/><E34/><V66/><F96/><W61/><G109/><T97/><D131/><U15/><E29/><V48/><F48/><W127/><G127/><T106/><D111/><U62/><E38/><V59/><REACH who="2" step="1"/><F102/><REACH who="2" ten="315,185,190,300" step="2"/><W40/><G40/><T37/><D72/><U13/><E132/><V71/><F71/><W79/><G69/><T87/><D99/><U7/><E50/><V41/><F41/><W105/><G58/><T76/><D97/><U123/><E123/><V80/><AGARI ba="1,1" hai="12,16,20,26,27,52,54,55,59,63,66,80,86,90" machi="80" ten="30,8000,1" yaku="1,1,0,1,8,1,54,2,53,0" doraHai="130" doraHaiUra="31" who="2" fromWho="2" sc="315,-21,185,-21,190,93,300,-41" /><INIT seed="4,0,0,3,0,133" ten="294,164,283,259" oya="0" hai0="31,105,70,100,55,0,32,16,124,6,73,121,82" hai1="12,9,58,4,115,64,49,66,69,114,83,119,99" hai2="134,117,47,19,65,72,84,50,98,23,22,78,90" hai3="53,132,39,17,130,131,5,135,11,92,54,93,37"/><T7/><D7/><U15/><E119/><V127/><F117/><W108/><G17/><T91/><D55/><N who="3" m="21001" /><G11/><N who="0" m="2503" /><D91/><U42/><E69/><V118/><F134/><N who="3" m="51243" /><G5/><T44/><D44/><N who="1" m="25751" /><E58/><V57/><F118/><W85/><G85/><T101/><D101/><U3/><E99/><V20/><F78/><W128/><G108/><T10/><D16/><N who="1" m="8207" /><E83/><V109/><F72/><W36/><AGARI ba="0,0" hai="36,37,39,92,93,128,130,131" m="51243,21001" machi="36" ten="50,8000,1" yaku="28,2,19,1,20,1" doraHai="133" who="3" fromWho="3" sc="294,-40,164,-20,283,-20,259,80" owari="254,-14.6,144,-35.6,263,6.3,339,43.9" /></mjloggm>