<mjloggm ver="2.3"><GO type="225" lobby="0"/><UN n0="%30%2E%31%32%30" n1="%E3%82%BC%E3%83%AB%E3%83%80%E3%81%AE%E4%BC%9D%E8%AA%AC" n2="%E6%AF%9B%E8%8D%92%E3%82%8C%E3%83%BB%E3%82%B9%E3%83%9F%E3%82%B9" n3="%E5%8F%AF%E5%85%90%E9%82%A3%E7%94%B1%E5%A4%9A" dan="16,17,16,17" rate="2128.71,2216.00,2010.78,2204.21" sx="M,M,F,F"/><TAIKYOKU oya="0"/><INIT seed="0,0,0,1,3,95" ten="250,250,250,250" oya="0" hai0="57,15,58,36,35,85,39,1,122,40,96,81,72" hai1="0,66,56,51,107,116,63,42,104,70,47,55,99" hai2="61,31,80,59,130,7,20,26,6,65,34,124,18" hai3="106,88,45,38,53,83,14,93,25,103,49,128,113"/><T108/><D1/><U10/><E116/><V117/><F130/><W77/><G128/><T129/><D129/><U19/><E99/><V76/><F124/><W69/><G113/><T134/><D122/><U123/><E123/><V62/><F62/><W87/><G69/><T131/><D131/><U102/><E102/><V121/><F121/><W127/><G127/><T100/><D72/><U82/><E82/><V90/><F90/><W3/><G3/><T8/><D35/><U4/><REACH who="1" step="1"/><E19/><REACH who="1" ten="250,240,250,250" step="2"/><V98/><F117/><W33/><G103/><T97/><D100/><U110/><E110/><V13/><REACH who="2" step="1"/><F98/><REACH who="2" ten="250,240,240,250" step="2"/><W46/><G88/><N who="0" m="51247" /><D96/><U29/><E29/><V11/><F11/><W73/><G77/><T50/><D97/><U67/><E67/><V32/><F32/><W92/><G33/><T109/><D8/><U133/><E133/><V126/><F126/><W54/><G93/><T27/><D134/><U48/><AGARI ba="0,2" hai="0,4,10,42,47,48,51,55,56,63,66,70,104,107" machi="48" ten="20,2700,0" yaku="1,1,0,1,7,1,53,0" doraHai="95" doraHaiUra="86" who="1" fromWho="1" sc="250,-13,240,47,240,-7,250,-7" /><INIT seed="1,0,0,2,5,8" ten="237,287,233,243" oya="1" hai0="91,42,122,2,23,65,89,67,59,44,99,73,83" hai1="3,95,43,33,81,47,74,75,72,35,131,30,16" hai2="127,135,56,18,24,40,5,26,130,104,58,57,77" hai3="62,76,68,78,7,121,20,94,87,50,133,82,53"/><U63/><E131/><V48/><F127/><W129/><G121/><T61/><D122/><U125/><E125/><V90/><F135/><W10/><G133/><T101/><D2/><U27/><E3/><V126/><F126/><W46/><G129/><T1/><D1/><U92/><E33/><V60/><F130/><W85/><G20/><T45/><D67/><U15/><E63/><V29/><F104/><W13/><G68/><T117/><D117/><U64/><E64/><V36/><F36/><W102/><G62/><T128/><D128/><U113/><E81/><V28/><F5/><W124/><G124/><T34/><D34/><U109/><E113/><V110/><F110/><W19/><G78/><T116/><D116/><U38/><REACH who="1" step="1"/><E109/><REACH who="1" ten="237,277,233,243" step="2"/><V80/><F80/><W70/><G70/><T49/><D83/><U31/><E31/><V22/><F60/><W55/><G82/><T84/><D61/><U106/><E106/><V32/><F77/><W9/><G76/><T107/><D107/><U79/><E79/><V119/><F119/><W123/><G123/><T111/><D111/><U120/><E120/><V66/><F66/><W103/><G94/><T134/><D134/><U4/><E4/><V51/><F29/><W69/><G69/><T52/><D65/><U0/><E0/><V96/><F28/><W37/><G7/><T71/><D71/><U6/><E6/><V108/><F32/><W86/><G19/><T11/><D73/><U25/><E25/><N who="2" m="14551" /><F108/><W115/><G115/><T12/><D12/><U132/><E132/><V93/><F48/><N who="3" m="28823" /><G13/><T54/><D49/><RYUUKYOKU ba="0,1" sc="237,-15,277,15,233,15,243,-15" hai1="15,16,27,30,35,38,43,47,72,74,75,92,95" hai2="24,26,40,51,56,57,58,90,93,96" /><INIT seed="1,1,1,4,1,98" ten="222,292,248,228" oya="1" hai0="62,39,101,67,38,117,57,91,79,86,85,13,88" hai1="47,4,27,116,92,5,24,94,46,30,119,58,29" hai2="107,17,22,77,20,23,53,70,34,49,35,131,82" hai3="125,45,132,54,111,72,8,28,123,9,75,93,10"/><U7/><REACH who="1" step="1"/><E7/><REACH who="1" ten="222,282,248,228" step="2"/><V40/><F131/><W120/><G120/><T14/><D117/><U48/><E48/><V106/><F49/><W109/><G123/><T105/><D38/><U33/><E33/><V11/><F34/><W74/><G111/><T71/><D39/><U50/><E50/><V126/><F35/><W95/><G109/><T102/><D71/><U55/><E55/><V129/><F53/><W97/><G54/><T83/><D105/><U135/><E135/><V42/><F106/><W66/><G132/><T100/><D79/><U128/><E128/><V64/><F107/><W90/><G66/><T81/><AGARI ba="1,2" hai="13,14,57,62,67,81,83,85,86,88,91,100,101,102" machi="81" ten="30,12000,2" yaku="0,1,9,1,8,1,52,3,54,1" doraHai="98" who="0" fromWho="0" sc="222,143,282,-61,248,-31,228,-31" /><INIT seed="2,0,0,5,5,102" ten="365,221,217,197" oya="2" hai0="53,127,61,119,68,79,19,59,93,130,31,111,35" hai1="129,18,125,132,104,52,74,71,45,32,50,37,63" hai2="28,47,135,120,118,43,124,7,11,0,12,90,62" hai3="42,92,26,51,44,128,94,96,123,24,57,66,5"/><V131/><F118/><W86/><G123/><T85/><D119/><U9/><E74/><V60/><F120/><W48/><G128/><T27/><D130/><U69/><E129/><V36/><F131/><W10/><G86/><T121/><D121/><U115/><E115/><V101/><F124/><W76/><G76/><T23/><D127/><U58/><E125/><V81/><F135/><W3/><G92/><T105/><D105/><U4/><E132/><V75/><F101/><W133/><G133/><T55/><D111/><U72/><E72/><V103/><F103/><W89/><REACH who="3" step="1"/><G66/><REACH who="3" ten="365,221,217,187" step="2"/><T109/><D93/><U65/><E104/><V21/><F90/><W108/><G108/><T64/><D109/><U34/><E71/><V106/><F106/><W82/><G82/><T22/><D79/><U33/><E69/><V84/><F84/><W100/><G100/><T13/><D68/><U83/><E83/><V88/><F88/><W14/><G14/><T73/><D85/><U56/><E65/><V2/><F2/><W134/><G134/><T54/><REACH who="0" step="1"/><D73/><REACH who="0" ten="355,221,217,187" step="2"/><U107/><E107/><V113/><F75/><W77/><G77/><T38/><D38/><U49/><E37/><V20/><F81/><W110/><G110/><T39/><D39/><U80/><E80/><V30/><F36/><W116/><G116/><T99/><D99/><U126/><E126/><V91/><F91/><W25/><G25/><T40/><D40/><U114/><E114/><V78/><F43/><W67/><G67/><T6/><D6/><U15/><E4/><N who="2" m="1415" /><F78/><W97/><G97/><T8/><AGARI ba="0,2" hai="8,13,19,22,23,27,31,35,53,54,55,59,61,64" machi="8" ten="30,4000,0" yaku="1,1,5,1,0,1,53,0" doraHai="102" doraHaiUra="95" who="0" fromWho="0" sc="355,60,221,-10,217,-20,187,-10" /><INIT seed="3,0,0,2,5,79" ten="415,211,197,177" oya="3" hai0="107,135,86,6,104,14,55,112,50,102,40,131,18" hai1="1,120,110,46,45,68,34,115,92,113,93,21,10" hai2="75,0,22,100,123,66,58,54,3,15,9,5,38" hai3="119,57,67,2,76,94,43,127,78,130,52,36,19"/><W118/><G2/><T97/><D40/><U49/><E120/><V35/><F35/><W41/><G127/><T73/><D73/><U132/><E34/><V126/><F126/><W17/><G130/><T109/><D6/><U101/><E68/><V108/><F123/><W11/><G67/><T23/><D107/><U7/><E110/><V81/><F108/><W44/><G43/><T26/><D112/><U61/><E61/><V32/><F32/><W63/><G78/><T117/><D117/><U134/><E21/><V33/><F33/><W48/><G76/><T69/><D69/><U124/><E124/><V42/><F75/><W80/><G80/><T60/><D60/><U16/><E16/><V89/><F100/><W129/><G129/><T83/><D131/><U53/><E45/><V90/><F66/><W121/><G121/><T30/><D109/><U114/><E101/><V122/><F122/><W98/><G63/><T116/><D116/><U82/><E82/><V99/><F99/><W24/><G19/><T47/><D135/><AGARI ba="0,0" hai="1,7,10,46,49,53,92,93,113,114,115,132,134,135" machi="135" ten="50,1600,0" yaku="20,1" doraHai="79" who="1" fromWho="0" sc="415,-16,211,16,197,0,177,0" owari="399,49.9,227,2.7,197,-20.3,177,-32.3" /></mjloggm>