<mjloggm ver="2.3"><GO type="225" lobby="0"/><UN n0="%E6%A2%B6%E7%94%B0%E7%90%B4%E7%90%86%E6%B0%B8%E4%B8%96%E5%85%AD%E6%AE%B5" n1="%6D%75%75%6D%75%72%61" n2="%E6%B8%A1%E5%A4%A9%E8%97%8D" n3="%72%69%6F%75%63%68%61%6E" dan="16,16,16,16" rate="2018.92,2077.99,2128.82,2113.60" sx="M,F,F,M"/><TAIKYOKU oya="0"/><INIT seed="0,0,0,5,4,102" ten="250,250,250,250" oya="0" hai0="64,97,48,7,25,8,112,51,15,129,44,6,57" hai1="26,70,34,73,95,3,33,79,131,59,108,46,133" hai2="134,104,90,106,50,10,111,17,62,31,124,52,132" hai3="71,30,99,85,82,41,12,19,89,29,21,94,60"/><T135/><D112/><U36/><E70/><V69/><F31/><W32/><G32/><T93/><D129/><U0/><E131/><V120/><F120/><W49/><G71/><T1/><D135/><N who="2" m="51754" /><F111/><W37/><G37/><T56/><D64/><U127/><E59/><N who="2" m="33175" /><F124/><W121/><G121/><T77/><D77/><U76/><E95/><V83/><F69/><W11/><G60/><T9/><D25/><U72/><E133/><V23/><F10/><W35/><G35/><T113/><D51/><U128/><E26/><N who="2" m="14703" /><F62/><W81/><G11/><T110/><D110/><U22/><E128/><V67/><F67/><W38/><G38/><T116/><D113/><U91/><E36/><V14/><F14/><W78/><REACH who="3" step="1"/><G81/><REACH who="3" ten="250,250,250,240" step="2"/><T122/><D122/><U105/><E33/><V13/><F13/><W100/><G100/><T5/><D5/><U16/><E34/><V68/><F68/><W39/><G39/><T88/><REACH who="0" step="1"/><D116/><REACH who="0" ten="240,250,250,240" step="2"/><U24/><E108/><V18/><F18/><W53/><G53/><AGARI ba="0,2" hai="1,6,7,8,9,15,44,48,53,56,57,88,93,97" machi="53" ten="30,12000,1" yaku="1,1,2,1,7,1,54,1,53,1" doraHai="102" doraHaiUra="92" who="0" fromWho="3" sc="240,140,250,0,250,0,240,-120" /><INIT seed="0,1,0,3,1,112" ten="380,250,250,120" oya="0" hai0="62,108,80,114,38,81,27,55,51,19,133,135,59" hai1="134,11,85,111,89,1,76,131,14,48,8,73,16" hai2="96,10,99,34,98,31,61,117,123,47,113,84,40" hai3="13,57,41,66,116,46,97,69,58,28,86,125,18"/><T118/><D114/><U72/><E111/><V126/><F113/><W65/><G125/><T120/><D38/><U100/><E131/><V45/><F123/><W115/><G115/><T15/><D120/><U5/><E134/><N who="0" m="51209" /><D27/><U43/><E100/><V132/><F132/><W124/><G124/><T0/><D0/><U88/><E76/><V87/><F126/><W56/><G116/><T121/><D121/><U93/><REACH who="1" step="1"/><E89/><REACH who="1" ten="380,240,250,120" step="2"/><V68/><F117/><W101/><G86/><T102/><D102/><U106/><E106/><V49/><F87/><W44/><G28/><T6/><D108/><U42/><E42/><V119/><F84/><W32/><G41/><T79/><D79/><U105/><E105/><V110/><F110/><W12/><G101/><T94/><D118/><U53/><E53/><V92/><F119/><W22/><G97/><T74/><D74/><U70/><E70/><V4/><F98/><W23/><G69/><T127/><D127/><U129/><E129/><V2/><F99/><W52/><G52/><T90/><D55/><U26/><E26/><V25/><F68/><W77/><G77/><T104/><D90/><U60/><E60/><V35/><F61/><W64/><G32/><T122/><D62/><U63/><E63/><V9/><F35/><W36/><G36/><T30/><D122/><U71/><E71/><V78/><F78/><W37/><G37/><T103/><D103/><U24/><E24/><V33/><F33/><W75/><G75/><T7/><D104/><U39/><E39/><V83/><F34/><W82/><G82/><T67/><D80/><RYUUKYOKU ba="1,1" sc="380,-15,240,15,250,-15,120,15" hai1="1,5,8,11,14,16,43,48,72,73,85,88,93" hai3="12,13,18,22,23,44,46,56,57,58,64,65,66" /><INIT seed="1,2,1,1,5,26" ten="365,255,235,135" oya="1" hai0="84,88,39,105,91,36,90,101,80,124,69,133,125" hai1="121,52,22,11,65,89,87,17,94,83,42,62,46" hai2="82,15,72,116,130,49,28,79,48,38,54,7,4" hai3="6,107,44,24,12,117,37,23,135,0,78,108,13"/><U110/><E121/><V1/><F116/><W25/><G135/><T55/><D69/><U100/><E110/><V32/><F38/><W21/><G108/><T45/><D133/><U77/><E100/><V86/><F130/><W67/><G107/><T68/><D68/><U126/><E126/><N who="0" m="48745" /><D55/><U40/><E11/><V109/><F109/><W8/><G117/><T19/><D19/><U5/><E5/><V43/><F1/><W131/><G131/><T73/><D73/><U104/><E65/><V76/><F76/><W113/><G78/><N who="0" m="46103" /><D45/><U3/><E3/><V95/><F72/><W134/><G134/><T111/><D111/><U59/><E46/><V122/><F54/><W115/><G67/><T47/><D47/><U27/><REACH who="1" step="1"/><E104/><REACH who="1" ten="365,245,235,135" step="2"/><V75/><F4/><W74/><G44/><T114/><D114/><N who="3" m="43529" /><G37/><T118/><D118/><U127/><E127/><V112/><F7/><W18/><G74/><AGARI ba="2,2" hai="17,22,27,40,42,52,59,62,74,77,83,87,89,94" machi="74" ten="30,5800,0" yaku="1,1,7,1,54,1,53,0" doraHai="26" doraHaiUra="98" who="1" fromWho="3" sc="365,0,245,84,235,0,135,-64" /><INIT seed="1,3,0,0,2,72" ten="365,329,235,71" oya="1" hai0="104,7,66,19,4,123,44,25,6,3,76,1,98" hai1="126,52,9,48,70,2,41,67,114,30,105,134,61" hai2="16,121,87,133,11,8,47,92,50,58,49,62,91" hai3="38,117,27,36,51,55,107,88,89,113,12,56,82"/><U80/><E114/><V81/><F133/><W0/><G113/><T59/><D123/><U109/><E134/><V122/><F121/><W33/><G0/><T54/><D66/><U115/><E115/><V26/><F122/><W102/><G117/><T24/><D44/><U125/><E105/><V17/><F8/><W57/><G107/><T75/><D25/><U40/><E30/><V29/><F92/><W63/><G102/><T84/><D75/><U78/><E109/><V60/><F11/><W39/><G12/><T132/><D132/><U71/><E71/><V83/><F83/><W119/><G119/><T130/><D130/><U135/><E135/><V31/><F50/><W100/><G100/><T20/><D98/><U74/><E9/><V131/><F131/><W90/><G82/><N who="0" m="47175" /><D104/><U15/><E15/><V73/><F73/><W14/><G14/><T94/><D94/><U65/><E65/><V23/><F29/><W118/><G118/><T99/><D99/><U22/><E22/><V79/><F91/><W129/><G129/><T13/><D1/><U45/><REACH who="1" step="1"/><E2/><REACH who="1" ten="365,319,235,71" step="2"/><V42/><F60/><W53/><REACH who="3" step="1"/><G27/><REACH who="3" ten="365,319,235,61" step="2"/><T111/><D3/><U101/><E101/><V10/><REACH who="2" step="1"/><F10/><REACH who="2" ten="365,319,225,61" step="2"/><W35/><AGARI ba="3,3" hai="33,35,36,38,39,51,53,55,56,57,63,88,89,90" machi="35" ten="40,8000,1" yaku="1,1,2,1,0,1,54,1,53,0" doraHai="72" doraHaiUra="103" who="3" fromWho="3" sc="365,-23,319,-43,225,-23,61,119" /><INIT seed="2,0,0,0,5,135" ten="342,276,202,180" oya="2" hai0="81,61,111,57,53,74,118,127,14,95,77,7,94" hai1="0,68,30,12,46,8,89,69,117,1,131,27,3" hai2="18,24,20,102,84,73,63,19,17,65,32,129,33" hai3="36,76,108,11,109,103,133,107,93,48,15,119,91"/><V134/><F73/><W41/><G119/><T9/><D118/><U59/><E117/><V128/><F134/><W100/><G133/><T122/><D122/><U21/><E131/><N who="2" m="50251" /><F102/><W72/><G36/><T6/><D111/><N who="3" m="42569" /><G107/><T82/><D127/><U104/><E104/><V86/><F86/><W31/><G31/><T78/><REACH who="0" step="1"/><D7/><REACH who="0" ten="332,276,202,180" step="2"/><U58/><E0/><V10/><F84/><AGARI ba="0,1" hai="6,9,14,53,57,61,74,77,78,81,82,84,94,95" machi="84" ten="30,3900,0" yaku="1,1,2,1,7,1,53,0" doraHai="135" doraHaiUra="16" who="0" fromWho="2" sc="332,49,276,0,202,-39,180,0" /><INIT seed="3,0,0,1,4,108" ten="381,276,163,180" oya="3" hai0="81,12,41,118,30,42,71,135,84,58,91,37,3" hai1="99,126,105,22,92,129,45,13,55,87,35,130,20" hai2="106,26,49,96,39,68,75,61,124,102,95,113,125" hai3="115,109,4,43,11,33,44,6,86,85,19,78,38"/><W52/><G115/><T70/><D3/><U134/><E35/><V69/><F95/><W27/><G109/><T64/><D30/><U107/><E87/><V76/><F49/><N who="3" m="28711" /><G38/><T17/><D135/><U123/><E123/><V97/><F97/><W82/><G33/><T120/><D118/><U93/><E134/><V5/><F5/><N who="3" m="2155" /><G43/><T7/><D37/><U121/><E121/><V131/><F131/><W23/><G85/><T34/><D34/><U67/><E99/><V122/><F26/><W21/><G21/><T89/><D71/><N who="2" m="27210" /><F61/><W24/><G11/><T40/><D70/><U46/><E126/><N who="2" m="48747" /><F39/><W116/><G116/><T100/><D120/><U54/><E67/><V101/><F101/><W90/><G24/><T18/><D100/><U9/><E9/><V112/><F122/><W50/><G50/><T74/><D74/><U66/><E66/><V117/><F117/><W8/><G8/><T65/><D65/><U103/><E103/><V10/><F10/><W128/><G128/><T63/><D7/><U80/><E13/><V28/><F28/><W57/><G57/><T98/><D12/><U36/><E36/><V133/><F133/><W59/><G59/><T77/><D98/><U132/><E132/><V73/><F73/><W94/><G94/><T29/><D29/><U31/><E31/><V25/><F25/><W111/><G111/><T32/><D32/><U114/><E80/><AGARI ba="0,0" hai="75,76,80,96,102,106,112,113" m="48747,27210" machi="80" ten="30,7700,0" yaku="18,1,23,1,52,2" doraHai="108" who="2" fromWho="1" sc="381,0,276,-77,163,77,180,0" owari="381,48.1,199,-20.1,240,4.0,180,-32.0" /></mjloggm>