<mjloggm ver="2.3"><GO type="225" lobby="0"/><UN n0="%E3%81%8B%E3%82%8F%E3%81%A1%E3%82%83%E3%82%93%35%38" n1="%E6%B0%B7%E5%B7%9D%E9%87%8C%E5%A5%88" n2="%E3%80%93%E3%81%97%E3%83%BC%E3%82%89%E3%80%93" n3="%E3%81%B5%E3%81%98%E3%81%8B%E3%81%A4" dan="16,16,16,16" rate="2136.47,2062.60,2125.88,2180.16" sx="M,F,M,M"/><TAIKYOKU oya="0"/><INIT seed="0,0,0,4,2,15" ten="250,250,250,250" oya="0" hai0="80,1,55,117,14,26,42,73,89,133,36,3,38" hai1="28,6,92,65,83,124,13,90,123,128,85,9,59" hai2="21,118,119,130,70,115,43,75,125,135,107,63,74" hai3="56,18,67,82,84,100,94,50,95,39,108,62,31"/><T4/><D117/><N who="2" m="44554" /><F107/><W77/><G39/><T45/><D133/><U93/><E124/><V17/><F125/><W116/><G116/><T69/><D38/><U103/><E128/><V60/><F135/><W64/><G108/><T23/><D69/><U11/><E123/><V113/><F43/><W98/><G31/><T122/><D122/><U33/><E28/><V106/><F106/><W51/><G67/><T53/><D14/><U34/><E90/><V48/><F48/><W129/><G129/><T105/><D105/><U99/><E93/><V2/><F2/><W66/><G66/><T102/><D102/><U0/><E65/><N who="2" m="41255" /><F63/><W37/><G37/><T79/><D89/><U32/><E59/><V27/><F130/><W120/><G120/><T24/><D24/><U72/><E72/><AGARI ba="0,0" hai="17,21,27,72,74,75,113,115" m="41255,44554" machi="72" ten="30,2000,0" yaku="12,1,52,1" doraHai="15" who="2" fromWho="1" sc="250,0,250,-20,250,20,250,0" /><INIT seed="1,0,0,3,2,26" ten="250,230,270,250" oya="1" hai0="7,106,24,30,58,18,82,117,39,80,53,111,98" hai1="93,59,131,99,87,61,19,86,22,48,10,44,103" hai2="6,100,63,118,57,116,113,21,2,120,66,134,89" hai3="27,125,76,123,129,1,95,110,73,92,0,56,77"/><U11/><E131/><V122/><F100/><W65/><G123/><N who="2" m="47145" /><F89/><W28/><G129/><T36/><D117/><N who="2" m="45162" /><F21/><W91/><G110/><T25/><D111/><U70/><E70/><N who="2" m="42335" /><F6/><W34/><G125/><T81/><D7/><U72/><E72/><V124/><F2/><W79/><G73/><T47/><D47/><U75/><E75/><V71/><F71/><W49/><G95/><T16/><D98/><U32/><E32/><V119/><F119/><W127/><G127/><T108/><D106/><U74/><E74/><V102/><F102/><W88/><G91/><T107/><D25/><N who="1" m="14559" /><E11/><V68/><F68/><W67/><G67/><T40/><D107/><U4/><E10/><V13/><F13/><W114/><G114/><T15/><D108/><U31/><E31/><V90/><F90/><W115/><G115/><T51/><D18/><U35/><E35/><V5/><F5/><W135/><G0/><T43/><D39/><U85/><E4/><V109/><F109/><W96/><G1/><T29/><D36/><U78/><E78/><V46/><F124/><W8/><G8/><N who="0" m="6247" /><D24/><U64/><E87/><V37/><F113/><W45/><G135/><T52/><D53/><AGARI ba="0,0" hai="44,48,53,59,61,64,85,86,93,99,103" m="14559" machi="53" ten="30,1500,0" yaku="8,1" doraHai="26" who="1" fromWho="0" sc="250,-15,230,15,270,0,250,0" /><INIT seed="1,1,0,3,2,91" ten="235,245,270,250" oya="1" hai0="133,26,64,6,8,75,77,49,43,106,29,121,41" hai1="47,30,60,52,15,104,9,115,33,122,111,1,27" hai2="78,105,101,63,35,37,18,19,119,65,125,132,13" hai3="28,116,109,110,127,69,129,12,95,84,10,39,102"/><U118/><E115/><V135/><F37/><W112/><G69/><T92/><D106/><U24/><E118/><V88/><F78/><W34/><G39/><T57/><D133/><N who="2" m="51274" /><F35/><W48/><G116/><T117/><D117/><U126/><E122/><V130/><F119/><W17/><G112/><T107/><D107/><U128/><E104/><V51/><F130/><W113/><G113/><T97/><D77/><U36/><E128/><V74/><F74/><W100/><G129/><T0/><D75/><U82/><E1/><V38/><F38/><W62/><G62/><T50/><D121/><U86/><E126/><V120/><F120/><W98/><G127/><T5/><D5/><U14/><E111/><N who="3" m="42506" /><G48/><T108/><D108/><U7/><E27/><V23/><F51/><W81/><G28/><T58/><D50/><U32/><E32/><V123/><F123/><W134/><G134/><T55/><D58/><U68/><E68/><N who="2" m="42047" /><F125/><W22/><G34/><T25/><D64/><U46/><E36/><V53/><F53/><W80/><G102/><T61/><D49/><U93/><E52/><V42/><F42/><W66/><G66/><T31/><D31/><U20/><E60/><V87/><F101/><W89/><G22/><N who="0" m="15543" /><D26/><U94/><E33/><V96/><F105/><AGARI ba="1,0" hai="10,12,17,80,81,84,89,95,98,100,105" m="42506" machi="105" ten="30,2000,0" yaku="14,1,52,1" doraHai="91" who="3" fromWho="2" sc="235,0,245,0,270,-23,250,23" /><INIT seed="2,0,0,1,0,42" ten="235,245,247,273" oya="2" hai0="15,69,98,65,135,132,85,111,123,12,61,49,129" hai1="119,50,1,93,114,59,108,133,94,31,26,73,91" hai2="105,32,80,25,99,43,103,34,21,66,107,110,22" hai3="75,71,82,120,0,89,2,52,51,131,96,62,8"/><V17/><F110/><W86/><G120/><T56/><D123/><U47/><E114/><V116/><F107/><W44/><G131/><T100/><D129/><U11/><E119/><V88/><F116/><W106/><G75/><T70/><D85/><U29/><E73/><V55/><F66/><W134/><G134/><N who="0" m="51243" /><D111/><U104/><E104/><V79/><F43/><W23/><G23/><T101/><D101/><U54/><E108/><V37/><F37/><W13/><G71/><N who="0" m="27147" /><D49/><U109/><E109/><V14/><F55/><W36/><G62/><T19/><D19/><U46/><E133/><V95/><F79/><W118/><G36/><T68/><N who="0" m="27155" /><T64/><DORA hai="57" /><D64/><U121/><E121/><V63/><F63/><W28/><G28/><T30/><D30/><U40/><E40/><V10/><F80/><W5/><REACH who="3" step="1"/><G118/><REACH who="3" ten="235,245,247,263" step="2"/><T87/><D87/><U16/><E31/><V3/><F22/><W84/><G84/><T97/><D97/><U78/><E29/><V9/><F99/><W125/><G125/><T77/><D77/><U39/><E78/><V58/><F21/><W24/><G24/><T4/><D4/><U41/><E26/><V53/><F25/><W35/><G35/><T38/><D38/><U128/><E128/><V90/><F34/><W76/><G76/><T115/><D115/><U18/><E39/><V130/><F32/><W117/><G117/><T67/><D67/><U60/><E60/><N who="2" m="35919" /><F130/><W126/><G126/><T6/><D6/><U27/><E27/><V7/><F105/><AGARI ba="0,1" hai="12,15,56,61,65,98,100,105" m="27155,51243" machi="105" ten="40,2600,0" yaku="20,1,52,1" doraHai="42,57" who="0" fromWho="2" sc="235,36,245,0,247,-26,263,0" /><INIT seed="3,0,0,5,2,26" ten="271,245,221,263" oya="3" hai0="31,106,64,67,54,15,114,124,128,116,35,118,96" hai1="111,20,88,131,105,102,3,1,103,109,39,6,58" hai2="57,59,76,27,97,86,82,50,129,112,125,24,32" hai3="98,115,47,134,43,107,42,126,60,56,12,45,61"/><W95/><G115/><T68/><D54/><U10/><E39/><V132/><F112/><W9/><G107/><T41/><D41/><U71/><E71/><V72/><F125/><W22/><G126/><T23/><D64/><U62/><E1/><V135/><F129/><W104/><G134/><N who="2" m="51241" /><F97/><W99/><G104/><T11/><D23/><U49/><E131/><V130/><F130/><W80/><G22/><T83/><D83/><U16/><E49/><V46/><F72/><W44/><G80/><T93/><D93/><U90/><E103/><V100/><F100/><W110/><G110/><N who="1" m="41994" /><E102/><V108/><F108/><W122/><G122/><T84/><D124/><U119/><E105/><V8/><F8/><W65/><G60/><N who="0" m="40039" /><D128/><U7/><E7/><V48/><F48/><W70/><G70/><T5/><D114/><U37/><E37/><V85/><F85/><W13/><G13/><T34/><D84/><U29/><E29/><N who="2" m="19495" /><F27/><W101/><REACH who="3" step="1"/><G99/><REACH who="3" ten="271,245,221,253" step="2"/><T89/><D106/><U36/><E119/><V69/><F69/><W123/><G123/><T55/><D118/><U51/><E51/><V87/><F87/><W63/><G63/><T2/><D116/><U79/><E36/><V127/><F127/><W74/><G74/><T4/><D35/><U75/><E75/><V40/><AGARI ba="0,1" hai="40,46,50,57,59,76,82,86" m="19495,51241" machi="40" ten="30,2000,0" yaku="20,1,52,1" doraHai="26" who="2" fromWho="2" sc="271,-5,245,-5,221,30,253,-10" /><INIT seed="4,0,0,3,5,40" ten="266,240,251,243" oya="0" hai0="55,29,119,60,49,24,100,1,69,21,38,133,63" hai1="47,52,37,64,5,54,113,65,59,2,73,83,71" hai2="62,22,7,67,127,36,27,131,120,32,51,111,115" hai3="50,34,6,12,104,88,90,84,91,107,76,72,101"/><T28/><D119/><U103/><E103/><V13/><F36/><W56/><G34/><T134/><D38/><U70/><E5/><V80/><F120/><W31/><G31/><T45/><D1/><U9/><E9/><N who="2" m="4287" /><F32/><W124/><G124/><T82/><D100/><U17/><E17/><V10/><F111/><W77/><G6/><T16/><D82/><U25/><E25/><V39/><F39/><W117/><G12/><N who="0" m="9351" /><D69/><N who="1" m="26123" /><E83/><V57/><F115/><W68/><G68/><T118/><D118/><U11/><E11/><V110/><F131/><W23/><G23/><N who="0" m="15391" /><D29/><U46/><E73/><V96/><F80/><N who="3" m="45063" /><G117/><T102/><D102/><U94/><E94/><V3/><F3/><W86/><G56/><T93/><D93/><U89/><E89/><V112/><F57/><W18/><G107/><T42/><D42/><N who="1" m="22991" /><E2/><V75/><F75/><W8/><G104/><T79/><D79/><U58/><E113/><V0/><F112/><W109/><G101/><T99/><D99/><U78/><E78/><V66/><F96/><W108/><G77/><T130/><D130/><U35/><E35/><V132/><F0/><W85/><G8/><T95/><D95/><U4/><E4/><V116/><F10/><W98/><G18/><T41/><D41/><U43/><E43/><V126/><F116/><W105/><G105/><T121/><D121/><U61/><E46/><V81/><F127/><W15/><G15/><T122/><D122/><U19/><E19/><V26/><F126/><W125/><G125/><T135/><AGARI ba="0,0" hai="45,49,55,60,63,133,134,135" m="15391,9351" machi="135" ten="30,6000,0" yaku="20,1,52,1,54,1" doraHai="40" who="0" fromWho="0" sc="266,60,240,-20,251,-20,243,-20" owari="326,42.6,220,-28.0,231,3.1,223,-17.7" /></mjloggm>