<mjloggm ver="2.3"><GO type="225" lobby="0"/><UN n0="%79%75%72%69%6D%6F%67" n1="%E6%9D%B1%E9%A2%A8%E3%81%AE%E3%81%8D%E3%82%83%E3%81%B7%E3%81%95%E3%82%93" n2="%E3%80%90%E3%83%88%E3%83%AA%E3%83%A5%E3%83%95%E3%80%91" n3="%6B%79%6F%6E%6B%6F%31%31" dan="16,17,16,16" rate="2128.57,2177.46,2039.81,2145.66" sx="F,M,M,M"/><TAIKYOKU oya="0"/><INIT seed="0,0,0,5,2,110" ten="250,250,250,250" oya="0" hai0="44,132,46,28,115,14,106,129,23,26,67,101,93" hai1="72,5,7,12,131,133,20,16,107,31,48,83,124" hai2="51,22,114,47,3,109,68,6,99,121,33,18,15" hai3="82,105,73,97,64,102,17,8,70,135,81,111,123"/><T4/><D106/><U62/><E107/><V79/><F109/><W134/><G111/><T89/><D115/><U108/><E108/><V122/><F68/><W98/><G70/><T95/><D129/><U74/><E133/><N who="3" m="50698" /><G64/><T60/><D132/><U130/><E124/><V34/><F114/><W30/><G30/><T119/><D119/><U2/><E62/><V65/><F65/><W88/><G17/><T40/><D40/><U94/><E48/><V75/><F99/><N who="3" m="61663" /><G8/><T100/><D95/><U36/><E36/><V69/><F69/><W90/><G123/><T118/><D118/><U66/><E66/><V116/><F116/><W54/><G54/><T1/><D1/><U86/><E31/><V41/><F121/><W25/><G25/><T80/><D80/><N who="3" m="30825" /><G73/><N who="1" m="28266" /><E2/><V128/><F122/><W61/><G61/><T11/><D46/><U58/><E58/><V32/><F75/><W84/><G90/><T76/><D44/><U85/><E5/><V96/><F6/><W91/><G91/><T35/><D76/><N who="1" m="46311" /><E7/><V50/><F79/><W77/><G77/><T9/><D35/><U59/><E59/><V63/><F63/><W24/><G24/><T78/><D78/><U10/><E10/><V87/><F3/><W56/><G56/><N who="0" m="37255" /><D11/><U29/><E29/><V42/><F32/><W43/><G43/><T37/><D37/><U0/><E0/><V45/><F33/><W120/><G120/><T39/><D39/><U104/><E131/><V55/><F128/><W103/><G103/><T126/><D126/><U112/><E130/><V125/><F125/><W53/><G53/><RYUUKYOKU ba="0,0" sc="250,15,250,-15,250,-15,250,15" hai0="4,9,14,23,26,28,89,93,100,101" hai3="84,88,97,98" /><INIT seed="0,1,0,1,3,49" ten="265,235,235,265" oya="0" hai0="52,99,19,35,96,55,15,105,28,25,102,44,108" hai1="56,110,101,65,90,127,75,29,16,37,67,11,17" hai2="88,42,109,26,43,27,47,93,21,115,117,118,5" hai3="85,81,134,23,87,131,120,106,57,33,10,98,54"/><T70/><D70/><U60/><E75/><V83/><F115/><W8/><G33/><T51/><D99/><U36/><E127/><V9/><F109/><W50/><G131/><T31/><D108/><U64/><E110/><V124/><F83/><W32/><G32/><T129/><D129/><U126/><E126/><V84/><F124/><W91/><G134/><T59/><D31/><U97/><E29/><V104/><F104/><W89/><G120/><T121/><D121/><U22/><E90/><V116/><F27/><W128/><G128/><T73/><D73/><U113/><E113/><V119/><F47/><W61/><G23/><T86/><D86/><U3/><E3/><N who="2" m="191" /><F119/><W82/><REACH who="3" step="1"/><G61/><REACH who="3" ten="265,235,235,255" step="2"/><T95/><D105/><U1/><E1/><V69/><F69/><W80/><G80/><T68/><D68/><U39/><E11/><V41/><F41/><W45/><G45/><T135/><D135/><U18/><REACH who="1" step="1"/><E22/><REACH who="1" ten="265,225,235,255" step="2"/><V78/><F78/><W14/><G14/><T48/><D15/><U72/><E72/><V103/><F103/><AGARI ba="1,2" hai="8,10,50,54,57,81,82,85,87,89,91,98,103,106" machi="103" ten="40,5200,0" yaku="1,1,9,1,52,1,53,0" doraHai="49" doraHaiUra="66" who="3" fromWho="2" sc="265,0,225,0,235,-55,255,75" /><INIT seed="1,0,0,1,0,49" ten="265,225,180,330" oya="1" hai0="112,21,53,58,117,25,20,46,129,33,59,124,4" hai1="66,98,115,22,52,81,61,108,121,32,135,88,27" hai2="23,19,3,47,13,113,55,63,118,54,78,70,91" hai3="74,130,26,83,110,67,64,34,16,95,38,82,12"/><U120/><E115/><V134/><F118/><W18/><G38/><T51/><D117/><U90/><E32/><V30/><F3/><W48/><G110/><T76/><D112/><U0/><E0/><V131/><F113/><W37/><G37/><T35/><D124/><U72/><E108/><V10/><F78/><W44/><G130/><T39/><D129/><U93/><E135/><V99/><F47/><W17/><G74/><T1/><D76/><N who="1" m="44167" /><E66/><N who="3" m="25130" /><G34/><T100/><D100/><U94/><E94/><N who="2" m="56799" /><F70/><W116/><G116/><T43/><D21/><U79/><E90/><V127/><F131/><W84/><G26/><T102/><D102/><U56/><E79/><V65/><F134/><W122/><G122/><T45/><D59/><U24/><E24/><N who="2" m="16671" /><F127/><W2/><G2/><T15/><D1/><U133/><E133/><V75/><F75/><W60/><G95/><T9/><REACH who="0" step="1"/><D45/><REACH who="0" ten="255,225,180,330" step="2"/><U6/><E6/><V97/><F97/><W69/><G69/><T50/><D50/><U125/><E125/><V92/><F92/><W73/><G48/><T11/><D11/><U29/><E121/><V107/><F107/><W40/><G44/><T71/><D71/><U14/><E120/><V87/><F87/><W126/><G84/><T42/><D42/><U8/><E8/><V5/><F5/><W101/><G40/><T77/><D77/><U96/><E96/><V123/><F123/><W104/><G126/><T36/><D36/><U86/><E86/><V31/><F10/><W41/><G104/><T7/><D7/><U109/><E109/><V85/><F85/><W68/><G68/><RYUUKYOKU ba="0,1" sc="255,15,225,15,180,-15,330,-15" hai0="4,9,15,20,25,33,35,39,43,46,51,53,58" hai1="14,22,27,29,52,56,61,88,93,98" /><INIT seed="1,1,1,0,2,70" ten="270,240,165,315" oya="1" hai0="108,21,71,25,51,88,50,103,64,129,14,122,37" hai1="104,46,5,79,39,61,81,1,100,94,7,101,80" hai2="47,9,26,72,74,17,123,49,10,126,11,102,130" hai3="78,121,66,134,118,28,95,32,99,45,60,4,131"/><U27/><E104/><V55/><F123/><W22/><G32/><T106/><D108/><U111/><E111/><V40/><F130/><W105/><G105/><T58/><D37/><U84/><E61/><V98/><F126/><W132/><G78/><T6/><D106/><U36/><E27/><V56/><F26/><N who="3" m="16471" /><G4/><T90/><D103/><U135/><E135/><N who="3" m="51754" /><G131/><T133/><D71/><U89/><E46/><V3/><F3/><W128/><G45/><T83/><D122/><U15/><E1/><V13/><F74/><W33/><G33/><T86/><D90/><U30/><E30/><V76/><F76/><W54/><G54/><T34/><D34/><U97/><E101/><V120/><F72/><W96/><G96/><T91/><D91/><U109/><E109/><V16/><F120/><W114/><G114/><T113/><D113/><U41/><E41/><V43/><F43/><W116/><G121/><T12/><D129/><U62/><E62/><N who="2" m="36127" /><F13/><N who="0" m="5226" /><D6/><U115/><E115/><V124/><F124/><W38/><G38/><T119/><D119/><U77/><E5/><V44/><F44/><W117/><G128/><T69/><D69/><U68/><E68/><V65/><F65/><W85/><G85/><T75/><D75/><N who="1" m="43071" /><E79/><V82/><F82/><W29/><G29/><N who="0" m="17583" /><D133/><U53/><E53/><V24/><F24/><W57/><G117/><T107/><D107/><N who="1" m="63887" /><E81/><V31/><F31/><W112/><G112/><T19/><D19/><U0/><E0/><V110/><F110/><W93/><G93/><AGARI ba="1,1" hai="9,10,11,16,17,40,47,49,93,98,102" m="36127" machi="93" ten="30,2000,0" yaku="8,1,54,1" doraHai="70" who="2" fromWho="3" sc="270,0,240,0,165,33,315,-23" /><INIT seed="2,0,0,0,3,39" ten="270,240,198,292" oya="2" hai0="66,97,99,91,65,128,42,9,67,134,43,102,32" hai1="84,116,125,127,45,120,72,68,14,47,21,83,57" hai2="44,60,48,4,23,79,10,81,61,80,55,54,88" hai3="38,25,95,13,52,85,8,64,18,82,87,27,31"/><V94/><F23/><W70/><G38/><T1/><D32/><U92/><E72/><V2/><F55/><W33/><G70/><T113/><D113/><U119/><E68/><V130/><F130/><W123/><G64/><T50/><D128/><U86/><E57/><V19/><F19/><W46/><G123/><T35/><D35/><U114/><E114/><V77/><F81/><W117/><G117/><T56/><D134/><U103/><E120/><V20/><F20/><W108/><G108/><T133/><D133/><U110/><E110/><V131/><F131/><W122/><G122/><T62/><D50/><U16/><E103/><V34/><F34/><W93/><G85/><N who="1" m="32874" /><E92/><N who="3" m="35402" /><G31/><T24/><D24/><U30/><E30/><V105/><F105/><W129/><G33/><T96/><D91/><U89/><E89/><V7/><F7/><W11/><G11/><T78/><D78/><U118/><E83/><V51/><F51/><N who="3" m="28791" /><G129/><T106/><D102/><U41/><E47/><V109/><F109/><W75/><G75/><T29/><D29/><U100/><E100/><V6/><F6/><W26/><G26/><T3/><D106/><U12/><E12/><V107/><F107/><W104/><G104/><T40/><REACH who="0" step="1"/><D9/><REACH who="0" ten="260,240,198,292" step="2"/><U98/><E98/><N who="2" m="57671" /><F77/><AGARI ba="0,1" hai="8,13,18,25,27,77,82,87" m="28791,35402" machi="77" ten="30,2000,0" yaku="8,1,54,1" doraHai="39" who="3" fromWho="2" sc="260,0,240,0,198,-20,292,30" /><INIT seed="3,0,0,1,1,18" ten="260,240,178,322" oya="3" hai0="126,14,1,3,33,135,128,27,45,63,106,79,59" hai1="13,121,108,20,82,64,104,124,49,25,32,21,111" hai2="96,15,29,86,134,22,30,89,116,60,26,93,115" hai3="99,84,7,92,69,72,127,34,87,107,114,80,61"/><W91/><G34/><T102/><D79/><U78/><E104/><V42/><F115/><W56/><G69/><T57/><D106/><U38/><E38/><V83/><F116/><W48/><G114/><T112/><D112/><U24/><E121/><V44/><F134/><W70/><G127/><T4/><D102/><U85/><E124/><V23/><F60/><W74/><G7/><T98/><D98/><U50/><E64/><V119/><F119/><W62/><G70/><T133/><D126/><U5/><E32/><V12/><F29/><W95/><G107/><T103/><D45/><U97/><E97/><V46/><F46/><W130/><G130/><T55/><D103/><U65/><E65/><V117/><F117/><W8/><G8/><N who="0" m="2063" /><D59/><U122/><E122/><V110/><F110/><N who="1" m="42025" /><E13/><V105/><F105/><W90/><G72/><T36/><D14/><U67/><E5/><V37/><REACH who="2" step="1"/><F23/><REACH who="2" ten="260,240,168,322" step="2"/><N who="1" m="8777" /><E67/><V58/><F58/><W53/><G74/><T0/><D33/><U17/><E17/><V75/><F75/><W66/><G66/><T88/><D133/><U41/><E41/><V129/><F129/><W113/><G113/><T125/><D128/><U35/><E35/><V100/><AGARI ba="0,1" hai="12,15,22,26,30,37,42,44,83,86,89,93,96,100" machi="100" ten="20,8000,1" yaku="1,1,0,1,7,1,52,1,53,1" doraHai="18" doraHaiUra="40" who="2" fromWho="2" sc="260,-20,240,-20,168,90,322,-40" /><INIT seed="4,0,0,1,4,43" ten="240,220,258,282" oya="0" hai0="84,33,118,71,82,66,117,40,95,51,58,131,48" hai1="123,125,53,78,109,36,113,61,105,6,41,44,91" hai2="0,60,59,54,19,38,47,124,18,31,76,63,39" hai3="67,25,88,110,121,57,104,83,90,16,64,77,75"/><T26/><D71/><U74/><E123/><V69/><F0/><W55/><G110/><T134/><D134/><U103/><E109/><V132/><F31/><W21/><G104/><T23/><D131/><U3/><E91/><V50/><F76/><W17/><G121/><T37/><D33/><U8/><E61/><V98/><F98/><W5/><G5/><T126/><D37/><N who="2" m="13834" /><F18/><W13/><G67/><T72/><D126/><U20/><E20/><V101/><F101/><W29/><G64/><T129/><D129/><U86/><E86/><V70/><F19/><W4/><G17/><T93/><D72/><U108/><E53/><N who="2" m="33903" /><F124/><W80/><G4/><T49/><D40/><U120/><E125/><V107/><F107/><W106/><G106/><T46/><D46/><U11/><E11/><V114/><F132/><W97/><G80/><T94/><D58/><U92/><E92/><V133/><F133/><W111/><G97/><T28/><REACH who="0" step="1"/><D66/><REACH who="0" ten="230,220,258,282" step="2"/><U68/><E120/><V119/><F119/><W135/><G135/><T52/><D52/><U14/><E108/><V99/><F70/><W102/><G111/><T1/><D1/><U81/><E68/><V112/><F69/><W100/><G57/><T56/><D56/><U22/><E113/><N who="2" m="43627" /><F63/><W2/><G2/><T65/><D65/><U122/><E122/><V24/><F47/><W115/><G115/><T32/><D32/><U10/><E3/><V87/><F54/><W42/><G55/><T128/><D128/><U130/><E130/><V27/><F50/><W30/><G42/><T79/><AGARI ba="0,1" hai="23,26,28,48,49,51,79,82,84,93,94,95,117,118" machi="79" ten="30,3000,0" yaku="1,1,0,1,53,0" doraHai="43" doraHaiUra="96" who="0" fromWho="0" sc="230,40,220,-10,258,-10,282,-10" /><INIT seed="4,1,0,2,4,82" ten="270,210,248,272" oya="0" hai0="121,76,20,18,87,117,120,67,98,31,37,70,96" hai1="41,57,60,97,56,105,63,75,51,134,64,4,93" hai2="36,118,17,10,110,66,12,8,54,85,21,103,30" hai3="106,116,61,35,89,33,90,13,124,23,86,44,69"/><T107/><D37/><U19/><E134/><V127/><F110/><W27/><G116/><T131/><D117/><U25/><E75/><V84/><F36/><W108/><G108/><T125/><D70/><U95/><E4/><V74/><F74/><W9/><G106/><T123/><D67/><U39/><E39/><V102/><F127/><W72/><G72/><T49/><D31/><U45/><E105/><V29/><F66/><W122/><G124/><T130/><D49/><U46/><E46/><V50/><F118/><W80/><G69/><T40/><D40/><U28/><E19/><N who="2" m="8583" /><F10/><W126/><G61/><T15/><D125/><U53/><REACH who="1" step="1"/><E97/><REACH who="1" ten="270,200,248,272" step="2"/><V0/><F0/><W6/><G126/><T52/><D107/><U91/><E91/><V14/><F30/><W71/><G44/><T104/><D104/><U62/><E62/><V1/><F1/><W65/><G122/><T83/><D98/><U7/><E7/><V109/><F29/><W34/><G90/><T132/><D96/><U5/><E5/><V128/><F109/><W3/><G3/><T59/><D132/><U101/><E101/><N who="2" m="38411" /><F128/><W42/><G6/><T115/><D130/><U48/><E48/><V26/><F14/><W79/><G13/><T133/><D131/><U135/><E135/><V119/><F119/><W99/><G99/><T88/><D133/><U81/><E81/><V73/><F73/><W68/><G80/><T43/><D121/><U47/><E47/><AGARI ba="1,1" hai="17,21,26,47,50,54,84,85" m="38411,8583" machi="47" ten="30,3900,0" yaku="8,1,52,2" doraHai="82" who="2" fromWho="1" sc="270,0,200,-42,248,52,272,0" owari="270,-13.0,158,-34.2,300,40.0,272,7.2" /></mjloggm>