<mjloggm ver="2.3"><GO type="225" lobby="0"/><UN n0="%E6%B0%B7%E5%B7%9D%E9%87%8C%E5%A5%88" n1="%E8%81%B7%E6%A5%AD%E3%80%81%E9%A2%A8%32" n2="%72%69%6F%75%63%68%61%6E" n3="%E6%B8%A9%E2%98%85%E6%83%85%E2%98%85%E6%8E%AA%E2%98%85%E7%BD%AE" dan="16,16,17,16" rate="2135.65,2114.19,2259.94,2168.59" sx="F,M,M,M"/><TAIKYOKU oya="0"/><INIT seed="0,0,0,0,3,62" ten="250,250,250,250" oya="0" hai0="81,74,113,73,96,98,101,116,112,129,125,124,38" hai1="66,90,119,127,43,103,64,59,16,12,58,89,28" hai2="55,26,13,7,93,92,60,133,126,68,76,53,71" hai3="45,50,79,5,0,94,30,33,57,2,9,122,11"/><T21/><D38/><U1/><E1/><V36/><F126/><N who="0" m="48746" /><D21/><N who="1" m="11399" /><E119/><V48/><F133/><W80/><G122/><T118/><D129/><U117/><E117/><N who="0" m="45161" /><D81/><U132/><E132/><V69/><F36/><W14/><G57/><N who="1" m="21514" /><E127/><V4/><F76/><W46/><G94/><N who="0" m="58519" /><D98/><U91/><E103/><V120/><F120/><W54/><G11/><T123/><D123/><U70/><E70/><V128/><F128/><W83/><G83/><T106/><D106/><U67/><E28/><V40/><F60/><W47/><G30/><T41/><D41/><AGARI ba="0,0" hai="41,43,64,66,67,89,90,91" m="21514,11399" machi="41" ten="40,8000,1" yaku="8,1,52,3,54,1" doraHai="62" who="1" fromWho="0" sc="250,-80,250,80,250,0,250,0" /><INIT seed="1,0,0,1,3,103" ten="170,330,250,250" oya="1" hai0="13,85,35,19,37,42,100,90,118,34,122,71,129" hai1="66,96,53,64,127,93,41,15,68,132,60,92,109" hai2="5,101,4,2,20,89,86,39,124,131,25,52,130" hai3="9,95,84,88,102,7,17,40,83,1,72,16,58"/><U125/><E132/><V111/><F111/><W55/><G40/><T21/><D118/><U0/><E0/><V76/><F124/><N who="1" m="47689" /><E109/><V91/><F39/><W107/><G107/><T110/><D110/><U67/><E41/><V8/><F4/><W94/><G94/><N who="1" m="36458" /><E96/><V113/><F113/><W73/><G73/><T98/><D129/><N who="2" m="49162" /><F101/><W36/><G36/><T28/><D122/><U70/><E15/><V43/><F43/><W65/><G65/><N who="1" m="25194" /><E53/><V116/><F116/><W133/><G133/><T78/><D42/><U57/><AGARI ba="0,0" hai="57,60,67,68,70" m="25194,36458,47689" machi="57" ten="30,1500,0" yaku="18,1" doraHai="103" who="1" fromWho="1" sc="170,-5,330,15,250,-5,250,-5" /><INIT seed="1,1,0,3,3,135" ten="165,345,245,245" oya="1" hai0="90,60,2,124,6,133,83,1,45,3,27,9,12" hai1="49,40,57,84,106,47,37,92,13,0,86,20,42" hai2="71,16,116,120,122,39,87,109,53,91,76,48,4" hai3="17,59,21,22,93,41,130,81,95,132,30,96,111"/><U103/><E0/><V54/><F116/><W128/><G132/><T66/><D133/><U61/><E106/><V79/><F109/><W25/><G111/><T100/><D100/><U68/><E68/><V85/><F39/><W44/><G81/><T125/><D45/><U72/><E72/><V118/><F118/><W82/><G82/><T28/><D90/><U24/><E40/><V115/><F71/><W70/><G70/><T105/><D105/><U10/><E37/><V110/><F110/><W55/><G44/><T8/><D83/><U58/><E58/><V75/><F4/><W32/><G41/><T112/><D112/><U119/><E119/><V19/><F91/><N who="3" m="55359" /><G95/><T88/><D88/><U15/><E15/><V38/><F38/><W134/><G134/><T77/><D77/><U56/><E56/><V34/><F34/><W98/><G98/><T127/><D60/><U99/><E13/><V46/><F46/><W97/><G97/><T114/><D66/><N who="1" m="39215" /><E10/><V14/><F14/><W63/><G32/><N who="0" m="20511" /><D114/><U51/><E51/><V126/><F48/><W123/><G123/><T52/><D52/><U64/><E64/><V7/><F115/><W23/><G23/><T117/><D117/><U67/><E67/><V129/><F75/><W31/><G22/><T104/><D104/><U121/><E121/><V11/><F122/><W80/><G80/><T101/><D101/><U36/><E36/><V113/><F120/><W5/><G55/><N who="2" m="21001" /><F76/><W107/><G63/><T50/><D50/><U26/><E20/><V43/><F113/><W74/><G59/><T131/><D8/><RYUUKYOKU ba="1,0" sc="165,15,345,15,245,-15,245,-15" hai0="1,2,3,6,9,12,124,125,127,131" hai1="24,26,42,47,49,84,86,92,99,103" /><INIT seed="1,2,0,1,3,126" ten="180,360,230,230" oya="1" hai0="66,59,80,79,46,123,135,24,109,67,25,30,61" hai1="52,37,64,119,89,54,28,16,92,53,116,100,63" hai2="81,42,110,51,5,40,19,94,6,87,122,101,11" hai3="62,133,121,8,14,103,112,74,26,70,104,120,34"/><U39/><E100/><V132/><F110/><W98/><G112/><T15/><D109/><U60/><E28/><V134/><F122/><W113/><G113/><T41/><D135/><N who="2" m="51754" /><F19/><W85/><G74/><T29/><D123/><U83/><E83/><V108/><F108/><W115/><G115/><T102/><D102/><U90/><E16/><V77/><F51/><W78/><G133/><T36/><D15/><U43/><E92/><V91/><F101/><W17/><G85/><T27/><REACH who="0" step="1"/><D66/><REACH who="0" ten="170,360,230,230" step="2"/><U38/><E64/><V35/><F35/><W48/><G34/><T127/><D127/><U82/><E116/><V49/><F49/><W20/><G48/><T32/><D32/><U21/><E119/><V86/><F5/><W75/><G103/><T1/><D1/><AGARI ba="2,1" hai="1,6,11,40,42,77,81,86,87,91,94" m="51754" machi="1" ten="30,1000,0" yaku="20,1" doraHai="126" who="2" fromWho="0" sc="170,-16,360,0,230,26,230,0" /><INIT seed="2,0,0,5,3,2" ten="154,360,256,230" oya="2" hai0="70,6,52,126,101,80,9,92,61,0,91,116,81" hai1="99,125,19,35,47,130,17,93,57,13,82,25,22" hai2="120,94,134,114,41,133,72,105,111,124,5,27,77" hai3="68,28,115,58,10,50,15,86,119,121,97,34,110"/><V30/><F114/><W24/><G68/><T128/><D126/><U45/><E130/><V66/><F124/><W113/><G119/><T4/><D128/><U135/><E135/><V90/><F120/><W43/><G121/><T75/><D116/><U59/><E82/><V84/><F111/><W21/><G110/><T98/><D70/><U89/><E35/><V112/><F112/><N who="3" m="43083" /><G86/><T79/><D81/><U49/><E125/><V53/><F105/><W132/><G132/><N who="2" m="50793" /><F41/><W76/><G76/><T42/><D42/><N who="1" m="24759" /><E47/><V26/><F66/><W102/><G43/><T12/><D0/><U29/><E29/><V62/><F30/><W69/><G69/><T46/><D101/><U109/><E109/><V85/><F72/><W3/><G3/><T44/><REACH who="0" step="1"/><D4/><REACH who="0" ten="144,360,256,230" step="2"/><U11/><AGARI ba="0,1" hai="11,13,17,19,22,25,57,59,89,93,99" m="24759" machi="11" ten="30,1100,0" yaku="8,1" doraHai="2" who="1" fromWho="1" sc="144,-3,360,21,256,-5,230,-3" /><INIT seed="3,0,0,4,4,116" ten="141,381,251,227" oya="3" hai0="92,99,98,36,63,25,6,87,9,129,22,114,128" hai1="90,77,78,5,66,102,94,86,34,58,26,89,27" hai2="35,49,124,88,117,103,120,12,17,2,47,121,1" hai3="42,21,76,95,118,69,108,30,112,119,61,59,130"/><W135/><G112/><T84/><D36/><U14/><E34/><V107/><F117/><W111/><G76/><N who="1" m="29290" /><E102/><V80/><F35/><W134/><G95/><T110/><D110/><N who="3" m="42025" /><G130/><T0/><D114/><U38/><E38/><V122/><F124/><W127/><G127/><T83/><D129/><U16/><E5/><V4/><F4/><W100/><G100/><T20/><D128/><U31/><E31/><V91/><F80/><W105/><G105/><T64/><D83/><N who="1" m="49375" /><E66/><V132/><F132/><N who="3" m="50731" /><G69/><T41/><D20/><N who="1" m="11287" /><E58/><V13/><F103/><W109/><G109/><T11/><D41/><U39/><E39/><V97/><F107/><W23/><G23/><T104/><D104/><U29/><E29/><V126/><F126/><W133/><G133/><T65/><D65/><U131/><E131/><V40/><F91/><W3/><G3/><N who="2" m="1033" /><F17/><W71/><G71/><T73/><D73/><U48/><E48/><V10/><F10/><W19/><G30/><T51/><D51/><U56/><E56/><V123/><N who="2" m="30720" /><DORA hai="72" /><V44/><F44/><W79/><G79/><T52/><D64/><U60/><E60/><V106/><F106/><W37/><G19/><T82/><D9/><U96/><AGARI ba="0,0" hai="26,27,90,94,96" m="11287,49375,29290" machi="96" ten="30,8000,1" yaku="8,1,52,3,54,1" doraHai="116,72" who="1" fromWho="1" sc="141,-20,381,80,251,-20,227,-40" owari="121,-37.9,461,56.1,231,3.1,187,-21.3" /></mjloggm>