<mjloggm ver="2.3"><GO type="225" lobby="0"/><UN n0="%E6%A1%9C%E8%8A%B1%E9%96%83%E3%80%85" n1="%6D%75%75%73%61%6E%6D%75" n2="%E3%80%93%E3%81%97%E3%83%BC%E3%82%89%E3%80%93" n3="%72%69%6F%75%63%68%61%6E" dan="16,17,17,16" rate="2202.01,2170.87,2217.43,2166.82" sx="M,F,M,M"/><TAIKYOKU oya="0"/><INIT seed="0,0,0,1,1,50" ten="250,250,250,250" oya="0" hai0="8,43,69,74,29,73,126,124,55,6,22,80,66" hai1="116,68,98,4,90,89,96,81,25,62,99,131,57" hai2="86,93,72,79,128,65,104,82,30,85,109,0,63" hai3="78,24,45,83,33,49,107,84,111,91,121,23,130"/><T1/><D43/><U94/><E116/><V47/><F0/><W108/><G130/><T40/><D40/><U36/><E131/><V9/><F128/><W122/><G107/><T117/><D117/><U134/><E134/><V39/><F104/><W53/><G33/><T92/><D92/><U58/><E36/><V102/><F109/><N who="3" m="42059" /><G78/><T52/><D66/><U59/><E4/><V11/><F30/><AGARI ba="0,0" hai="23,24,30,45,49,53,83,84,91,121,122" m="42059" machi="30" ten="30,2000,0" yaku="14,1,52,1" doraHai="50" who="3" fromWho="2" sc="250,0,250,0,250,-20,250,20" /><INIT seed="1,0,0,3,0,32" ten="250,250,230,270" oya="1" hai0="28,54,50,91,47,117,2,84,53,3,75,25,87" hai1="66,107,104,101,88,76,130,98,65,71,21,70,24" hai2="112,1,78,111,39,115,72,7,61,6,27,0,26" hai3="95,63,116,120,102,45,81,18,16,69,83,85,58"/><U15/><E130/><V122/><F39/><W44/><G120/><T131/><D117/><U99/><E76/><V74/><F61/><W62/><G116/><T109/><D75/><N who="2" m="28714" /><F78/><W43/><G69/><T123/><D109/><U135/><E135/><V49/><F49/><N who="3" m="26783" /><G45/><T105/><D131/><U92/><E15/><V29/><F122/><W31/><G31/><T8/><D123/><U14/><E14/><V34/><F111/><W77/><G81/><T40/><D105/><U110/><E110/><V125/><F125/><W94/><G62/><T35/><D87/><U126/><E126/><V121/><F121/><W12/><G102/><T133/><D133/><U96/><E71/><V103/><F103/><W67/><G18/><T119/><D119/><U113/><E113/><N who="2" m="43595" /><F27/><W108/><G108/><T46/><D54/><U57/><E70/><V23/><F34/><W134/><G134/><T60/><D60/><U59/><E101/><V114/><N who="2" m="43603" /><V11/><DORA hai="90" /><F7/><W80/><G80/><T118/><D118/><U37/><E37/><V5/><F5/><W13/><G13/><AGARI ba="0,0" hai="0,1,6,11,13,23,26,29" m="43603,28714" machi="13" ten="40,5200,0" yaku="11,1,52,2" doraHai="32,90" who="2" fromWho="3" sc="250,0,250,0,230,52,270,-52" /><INIT seed="2,0,0,2,4,29" ten="250,250,282,218" oya="2" hai0="116,36,71,12,38,57,87,73,81,14,68,65,77" hai1="40,39,51,129,20,62,115,96,80,120,133,46,45" hai2="43,61,6,23,7,1,107,10,76,53,97,110,48" hai3="8,106,25,31,103,24,67,75,95,33,114,126,74"/><V72/><F110/><W123/><G123/><T111/><D111/><U34/><E115/><V41/><F7/><W3/><G114/><T86/><D116/><U85/><E120/><V90/><F61/><W52/><G95/><T21/><D38/><U5/><E129/><V27/><F76/><W60/><G126/><T59/><D36/><U125/><E125/><V92/><F72/><W70/><G25/><T112/><D112/><U131/><E131/><V88/><F90/><W99/><G52/><T69/><D21/><U89/><E133/><V78/><F78/><W30/><G30/><T104/><D104/><U102/><E34/><V66/><F66/><W16/><G16/><T37/><D37/><U91/><E5/><AGARI ba="0,0" hai="3,5,8,24,31,33,60,67,70,74,75,99,103,106" machi="5" ten="40,12000,2" yaku="25,2,33,3,52,1" doraHai="29" who="3" fromWho="1" sc="250,0,250,-120,282,0,218,120" /><INIT seed="3,0,0,5,4,96" ten="250,130,282,338" oya="3" hai0="128,39,75,78,60,58,109,95,9,76,89,32,130" hai1="41,23,46,129,108,86,25,104,131,111,16,64,36" hai2="133,126,105,5,85,42,10,52,90,83,7,49,69" hai3="92,31,3,87,27,18,45,121,48,30,91,81,107"/><W80/><G121/><T93/><D32/><U21/><E104/><V72/><F69/><W13/><G3/><T34/><D34/><U106/><E106/><V40/><F105/><W22/><G107/><T15/><D39/><U117/><E64/><V28/><F126/><W100/><G100/><T132/><D109/><U65/><E65/><V103/><F103/><W19/><G19/><T14/><D132/><U101/><E101/><V0/><F7/><W44/><G31/><T37/><D37/><U114/><E114/><V8/><F8/><N who="3" m="6439" /><G44/><T17/><D75/><U119/><E86/><V122/><F28/><W113/><G113/><T29/><D29/><U98/><E98/><V4/><F42/><AGARI ba="0,0" hai="22,27,30,42,45,48,80,81,87,91,92" m="6439" machi="42" ten="30,1500,0" yaku="8,1" doraHai="96" who="3" fromWho="2" sc="250,0,130,0,282,-15,338,15" owari="250,-15.0,130,-37.0,267,6.7,353,45.3" /></mjloggm>