<mjloggm ver="2.3"><GO type="225" lobby="0"/><UN n0="%E9%B3%B3%E6%9D%B1%E3%81%AE%E3%81%BF%E3%81%91%E3%81%AB%E3%82%83%E3%82%93" n1="%E3%81%82%E3%80%81%E8%B2%A0%E3%81%91%E3%81%BE%E3%81%97%E3%81%9F" n2="%6E%69%63%6F%6E%74%6F" n3="%E5%B8%9D%E4%BA%AC%E5%B9%B3%E6%88%90%E5%A4%A7%E5%AD%A6" dan="16,16,17,17" rate="2092.22,2149.08,2125.17,2171.36" sx="F,M,M,M"/><TAIKYOKU oya="0"/><INIT seed="0,0,0,2,3,83" ten="250,250,250,250" oya="0" hai0="80,111,72,3,125,113,1,22,101,33,11,97,67" hai1="134,56,29,38,127,5,35,79,18,108,17,37,55" hai2="61,40,51,8,12,14,9,28,103,131,41,129,106" hai3="105,16,87,7,122,90,81,63,48,47,58,132,102"/><T10/><D113/><U76/><E108/><V34/><F106/><W31/><G132/><T98/><D33/><U110/><E110/><V71/><F103/><W46/><G122/><T117/><D117/><U95/><E5/><V74/><F74/><W85/><G31/><T26/><D111/><U64/><E64/><V68/><F34/><W42/><G7/><T4/><D125/><U21/><E18/><V54/><F28/><W92/><G105/><T77/><D67/><U124/><E134/><V115/><F51/><W133/><G133/><T88/><D10/><U112/><E112/><V20/><F20/><W126/><G126/><N who="1" m="48170" /><E95/><V99/><F99/><W15/><G47/><T107/><D1/><U73/><E29/><V13/><F115/><W59/><G102/><T24/><REACH who="0" step="1"/><D22/><REACH who="0" ten="240,250,250,250" step="2"/><U70/><E35/><V91/><F9/><N who="3" m="6255" /><G63/><T6/><D6/><U89/><E21/><V104/><F8/><W19/><G19/><T30/><D30/><U52/><E17/><V121/><F61/><W86/><G81/><T65/><D65/><U96/><E70/><V84/><F71/><W23/><G23/><T130/><D130/><U25/><E25/><V50/><F68/><W2/><G2/><T123/><D123/><U49/><E55/><V119/><F121/><W120/><G120/><T32/><D32/><U62/><E62/><V57/><F119/><W44/><G44/><T118/><D118/><U53/><E53/><V114/><F114/><W0/><G0/><T116/><D116/><U66/><E52/><V36/><F54/><W135/><G135/><T94/><AGARI ba="0,1" hai="3,4,11,24,26,72,77,80,88,94,97,98,101,107" machi="94" ten="30,11700,0" yaku="1,1,5,1,0,1,54,1,53,0" doraHai="83" doraHaiUra="45" who="0" fromWho="0" sc="240,127,250,-39,250,-39,250,-39" /><INIT seed="0,1,0,5,2,115" ten="367,211,211,211" oya="0" hai0="121,78,89,76,41,75,96,72,122,131,20,119,19" hai1="1,53,42,99,13,23,100,101,31,95,18,34,39" hai2="108,40,74,3,133,50,57,77,63,7,92,49,6" hai3="5,10,43,51,29,73,47,82,69,90,84,104,106"/><T88/><D119/><U66/><E1/><V86/><F74/><W71/><G29/><T54/><D41/><U28/><E100/><V38/><F38/><W27/><G27/><T64/><D64/><U46/><E34/><V97/><F3/><W62/><G73/><T70/><D70/><U22/><E66/><N who="2" m="39279" /><F108/><W61/><G61/><T48/><D131/><U117/><E117/><V114/><F133/><W102/><G62/><T0/><D0/><U111/><E111/><V56/><F50/><W24/><G24/><T59/><D75/><U79/><E79/><N who="0" m="30249" /><D72/><U36/><E36/><V124/><F124/><W37/><G37/><T67/><D122/><U91/><E53/><N who="2" m="31791" /><F40/><W112/><G112/><T81/><D67/><U94/><REACH who="1" step="1"/><E23/><REACH who="1" ten="367,201,211,211" step="2"/><V44/><F114/><W30/><G102/><T103/><D103/><U33/><E33/><V68/><F68/><W45/><G104/><T123/><D123/><U2/><E2/><V25/><F77/><W127/><G106/><T21/><D121/><U120/><E120/><V12/><F7/><W109/><G109/><T85/><D21/><U80/><E80/><V11/><F6/><W35/><G35/><T60/><D20/><U93/><E93/><V83/><F92/><W9/><G43/><T128/><D81/><U130/><E130/><V16/><F83/><W113/><G113/><T55/><D55/><U58/><E58/><V65/><F65/><W116/><G69/><T132/><D54/><U125/><E125/><V129/><F129/><W14/><G71/><T4/><D128/><U8/><E8/><V118/><F11/><RYUUKYOKU ba="1,1" sc="367,-10,201,30,211,-10,211,-10" hai1="13,18,22,28,31,39,42,46,91,94,95,99,101" /><INIT seed="1,2,1,1,5,122" ten="357,231,201,201" oya="1" hai0="76,12,71,40,58,47,100,108,46,94,63,82,103" hai1="73,134,81,126,6,4,104,106,130,8,68,93,97" hai2="60,43,127,85,25,31,59,91,3,62,18,22,35" hai3="92,75,105,65,129,86,79,70,19,9,24,131,69"/><U5/><E68/><V124/><F3/><W38/><G38/><T116/><D71/><U10/><E126/><N who="2" m="48171" /><F43/><W123/><G123/><T48/><D116/><U55/><E134/><V72/><F72/><W80/><G105/><T78/><D108/><U33/><E33/><V111/><F111/><W95/><G75/><T135/><D135/><U121/><E121/><V51/><F51/><W32/><G9/><T132/><D132/><U107/><E130/><N who="3" m="49674" /><G70/><T7/><D47/><U109/><E109/><V96/><F96/><W41/><G41/><T90/><D12/><U117/><E117/><V89/><F62/><N who="3" m="40119" /><G19/><T133/><D7/><U45/><E55/><N who="2" m="33919" /><F85/><W2/><G2/><T84/><D133/><U120/><E45/><V74/><F74/><W102/><G102/><N who="0" m="38955" /><D94/><U21/><E97/><V29/><F29/><AGARI ba="2,1" hai="24,29,32,79,80,86,92,95" m="40119,49674" machi="29" ten="30,1000,0" yaku="19,1" doraHai="122" who="3" fromWho="2" sc="357,0,231,0,201,-16,201,26" /><INIT seed="2,0,0,5,1,1" ten="357,231,185,227" oya="2" hai0="88,94,105,31,29,65,111,116,96,120,131,61,48" hai1="70,104,101,32,47,73,118,122,87,107,6,46,123" hai2="54,3,7,129,33,15,93,14,113,39,34,24,102" hai3="85,17,97,51,23,63,60,21,130,36,108,25,75"/><V124/><F39/><W90/><G36/><T110/><D120/><N who="1" m="46123" /><E73/><V66/><F66/><W99/><G75/><T26/><D131/><U119/><E32/><N who="2" m="12395" /><F54/><W126/><G130/><T30/><D116/><N who="1" m="44587" /><E101/><V56/><F56/><W92/><G126/><T91/><D105/><N who="1" m="40523" /><E87/><V133/><F129/><W41/><G97/><T22/><D91/><U5/><E70/><V62/><F62/><W13/><G99/><T18/><REACH who="0" step="1"/><D48/><REACH who="0" ten="347,231,185,227" step="2"/><U125/><E125/><V0/><F124/><W19/><G51/><T55/><D55/><U86/><E86/><V35/><F102/><W100/><G100/><T58/><AGARI ba="0,1" hai="18,22,26,29,30,31,58,61,65,88,94,96,110,111" machi="58" ten="30,4000,0" yaku="1,1,0,1,54,1,53,0" doraHai="1" doraHaiUra="103" who="0" fromWho="0" sc="347,50,231,-10,185,-20,227,-10" /><INIT seed="3,0,0,1,0,100" ten="397,221,165,217" oya="3" hai0="56,109,46,27,51,54,70,59,95,80,118,127,47" hai1="74,106,60,52,34,62,87,110,133,73,92,32,8" hai2="12,18,121,101,78,39,44,23,66,82,17,83,24" hai3="26,120,113,49,89,43,90,103,48,67,11,128,61"/><W94/><G113/><T37/><D95/><U71/><E106/><V63/><F121/><W50/><G120/><T99/><D99/><U134/><E110/><V108/><F108/><W31/><G128/><T81/><D27/><U72/><E8/><V119/><F119/><W98/><G11/><T93/><D93/><U2/><E2/><V116/><F116/><W96/><G43/><T35/><D35/><N who="1" m="13355" /><E52/><V69/><F101/><W105/><G89/><T15/><D127/><U29/><E29/><V5/><F5/><W131/><G131/><T114/><D15/><U97/><E87/><V125/><F125/><W36/><G36/><T107/><D70/><U57/><E57/><V53/><F78/><W104/><G104/><T65/><D107/><U16/><E16/><V111/><F111/><W58/><REACH who="3" step="1"/><G50/><REACH who="3" ten="397,221,165,207" step="2"/><T102/><D51/><U132/><E71/><V10/><REACH who="2" step="1"/><F53/><REACH who="2" ten="397,221,155,207" step="2"/><W117/><G117/><T123/><D54/><U30/><E134/><V75/><F75/><W1/><G1/><T135/><D118/><U86/><E133/><V28/><F28/><W79/><G79/><T42/><D135/><U68/><E132/><V14/><F14/><W22/><AGARI ba="0,2" hai="22,26,31,48,49,58,61,67,90,94,96,98,103,105" machi="22" ten="20,12000,1" yaku="1,1,0,1,7,1,52,1,53,1" doraHai="100" doraHaiUra="88" who="3" fromWho="3" sc="397,-40,221,-40,155,-40,207,140" /><INIT seed="3,1,0,2,4,122" ten="357,181,115,347" oya="3" hai0="2,22,21,127,82,23,80,92,19,33,20,83,6" hai1="129,134,121,10,119,51,112,50,117,81,108,52,89" hai2="75,64,34,135,56,44,11,38,99,118,3,91,42" hai3="126,104,125,131,53,102,57,101,47,86,46,133,60"/><W103/><G131/><T26/><D127/><N who="3" m="48649" /><G133/><T40/><D33/><U79/><E89/><V49/><F118/><W85/><G104/><T128/><D128/><U116/><E10/><V39/><F135/><W72/><G72/><T97/><D40/><U37/><E129/><V17/><F75/><W1/><G1/><T71/><D71/><U69/><E134/><V30/><F34/><W114/><G114/><T66/><D66/><U41/><E112/><V36/><F30/><W54/><G54/><T48/><D48/><U27/><E27/><V55/><F3/><W31/><G31/><N who="0" m="17863" /><D2/><U32/><E32/><V93/><F11/><W35/><G35/><T63/><D63/><U120/><E69/><V43/><F43/><W94/><G94/><T61/><D61/><U110/><E81/><V84/><F17/><W68/><G68/><T24/><D6/><U100/><E79/><V28/><F28/><W90/><G90/><AGARI ba="1,0" hai="19,21,22,23,24,80,82,83,90,92,97" m="17863" machi="90" ten="30,1000,0" yaku="8,1" doraHai="122" who="0" fromWho="3" sc="357,13,181,0,115,0,347,-13" owari="370,47.0,181,-21.9,115,-38.5,334,13.4" /></mjloggm>