<mjloggm ver="2.3"><GO type="225" lobby="0"/><UN n0="%E9%80%9F%E6%B0%B4%E5%87%9B%E9%A6%99" n1="%E3%81%AF%E3%82%88%E3%81%8A%E3%81%98%E3%81%95%E3%82%93" n2="%E6%80%AA%E3%81%97%E3%81%99%E3%81%8E%E3%82%8B%E3%83%81%E3%83%BC" n3="%45%6C%79%73%69%75%6D" dan="16,16,16,18" rate="2041.67,2143.35,2169.55,2167.62" sx="F,M,M,F"/><TAIKYOKU oya="0"/><INIT seed="0,0,0,3,3,85" ten="250,250,250,250" oya="0" hai0="15,71,50,14,11,105,86,72,132,9,133,107,7" hai1="1,28,106,41,116,95,48,128,103,122,10,25,119" hai2="52,2,38,59,109,114,117,135,94,131,90,110,69" hai3="108,93,43,89,63,20,35,26,39,4,36,100,17"/><T54/><D72/><U30/><E106/><V46/><F2/><W24/><G108/><N who="2" m="41577" /><F114/><W104/><G4/><T82/><D71/><U124/><E122/><V23/><F69/><W112/><G112/><T88/><D107/><U55/><E41/><N who="2" m="22839" /><F135/><N who="0" m="51786" /><D105/><U13/><E1/><V12/><F131/><W113/><G113/><T56/><D11/><U31/><E25/><V62/><F117/><W34/><G63/><T60/><D60/><U127/><E128/><V120/><F120/><W51/><G51/><T29/><D29/><U70/><E70/><V68/><F68/><W99/><G43/><T5/><D14/><U97/><E119/><V84/><F12/><W27/><G36/><T49/><D49/><U8/><E116/><V19/><F23/><W77/><G39/><T45/><D56/><U21/><E21/><V91/><F91/><W78/><G34/><T102/><D102/><U129/><E129/><V123/><F123/><W87/><REACH who="3" step="1"/><G35/><REACH who="3" ten="250,250,250,240" step="2"/><T61/><D61/><U0/><E0/><V67/><F19/><AGARI ba="0,1" hai="5,7,9,15,19,45,50,54,82,86,88" m="51786" machi="19" ten="30,11600,0" yaku="25,1,20,1,52,1,54,1" doraHai="85" who="0" fromWho="2" sc="250,126,250,0,250,-116,240,0" /><INIT seed="0,1,0,4,2,51" ten="376,250,134,240" oya="0" hai0="9,33,39,119,45,63,21,75,111,118,70,30,18" hai1="73,0,53,69,55,89,48,43,88,10,11,90,67" hai2="94,25,135,1,107,109,3,35,54,78,22,87,34" hai3="103,77,74,64,15,26,82,122,129,130,29,37,117"/><T127/><D75/><U17/><E73/><V56/><F107/><W50/><G117/><T41/><D33/><U86/><E69/><V12/><F109/><W124/><G124/><T104/><D104/><U38/><E38/><V42/><F135/><W80/><G122/><T132/><D132/><U57/><E0/><V16/><F42/><W27/><G37/><T24/><D127/><U49/><E43/><V134/><F134/><W20/><G103/><T128/><D128/><U105/><E105/><V98/><F35/><W85/><G64/><T58/><D70/><U83/><E67/><V19/><F78/><W81/><G15/><T108/><D9/><N who="1" m="3083" /><E17/><V100/><F87/><W28/><G50/><T113/><D18/><U101/><E101/><V8/><REACH who="2" step="1"/><F34/><REACH who="2" ten="376,250,124,240" step="2"/><W133/><G133/><T121/><D121/><U95/><E95/><V106/><F106/><W7/><G74/><T131/><D131/><U96/><E96/><V62/><AGARI ba="1,1" hai="1,3,8,12,16,19,22,25,54,56,62,94,98,100" machi="62" ten="20,8000,1" yaku="1,1,0,1,7,1,52,1,54,1,53,0" doraHai="51" doraHaiUra="44" who="2" fromWho="2" sc="376,-41,250,-21,124,93,240,-21" /><INIT seed="1,0,0,4,2,97" ten="335,229,217,219" oya="1" hai0="44,48,75,68,107,86,74,83,4,22,131,84,58" hai1="19,87,12,38,42,63,100,123,128,66,132,41,52" hai2="135,117,126,70,26,13,36,118,96,111,35,121,54" hai3="67,0,102,133,65,95,56,29,23,104,64,127,11"/><U81/><E123/><V92/><F121/><W5/><G104/><T49/><D68/><U39/><E128/><V45/><F70/><W32/><G133/><T24/><D107/><U25/><E132/><V78/><F135/><W99/><G127/><T46/><D4/><U79/><E39/><V82/><F126/><W91/><G32/><T30/><D131/><U15/><E38/><V114/><F111/><W116/><G116/><T3/><D3/><U62/><E66/><V73/><F114/><W101/><REACH who="3" step="1"/><G56/><REACH who="3" ten="335,229,217,209" step="2"/><T125/><D58/><N who="1" m="35143" /><E63/><V61/><F35/><W72/><G72/><T106/><D106/><U1/><E1/><V28/><F73/><W90/><G90/><T53/><D125/><U57/><E57/><V85/><F117/><W76/><G76/><T119/><D119/><U34/><E34/><V103/><F118/><W122/><G122/><T37/><D75/><U88/><E79/><V33/><F33/><W134/><G134/><T10/><D74/><U69/><E69/><V94/><F78/><W71/><G71/><T6/><D37/><U129/><E129/><V108/><F36/><W18/><G18/><T112/><D112/><U113/><E113/><V7/><F108/><W17/><G17/><T2/><D83/><U31/><E31/><V98/><F28/><W105/><G105/><T51/><D30/><U21/><E100/><V130/><F103/><W8/><G8/><T50/><N who="0" m="12288" /><DORA hai="110" /><T20/><D10/><U59/><E59/><V80/><F130/><W43/><G43/><AGARI ba="0,1" hai="12,15,19,21,25,41,42,43,81,87,88" m="35143" machi="43" ten="30,5800,0" yaku="8,1,54,2" doraHai="97,110" who="1" fromWho="3" sc="335,0,229,68,217,0,209,-58" /><INIT seed="1,1,0,2,5,31" ten="335,297,217,151" oya="1" hai0="73,92,5,80,24,16,72,61,55,69,91,110,18" hai1="74,47,65,38,85,27,105,30,54,56,129,130,94" hai2="127,10,99,0,135,86,8,125,106,120,97,33,89" hai3="95,4,111,109,75,102,131,113,11,28,2,26,19"/><U37/><E74/><V21/><F120/><W79/><G113/><T96/><D110/><N who="3" m="41993" /><G79/><T25/><D5/><U64/><E105/><V50/><F21/><N who="3" m="15439" /><G75/><T3/><D3/><U29/><E29/><V118/><F118/><W32/><G95/><T77/><D73/><U84/><E94/><V101/><F99/><W93/><G93/><T134/><D134/><U14/><E14/><V15/><F135/><W39/><G39/><T62/><D62/><U132/><E132/><V67/><F50/><W126/><G102/><T115/><D115/><U22/><E85/><V58/><F0/><W103/><G103/><T124/><D124/><N who="2" m="47690" /><F33/><W81/><G81/><T108/><D108/><U35/><E84/><V87/><F15/><W40/><G40/><T17/><REACH who="0" step="1"/><D55/><REACH who="0" ten="325,297,217,151" step="2"/><U1/><E1/><V114/><F114/><W88/><G126/><T59/><D59/><U52/><E54/><V66/><F58/><W63/><G63/><T70/><D70/><U13/><E64/><AGARI ba="1,1" hai="16,17,18,24,25,61,64,69,72,77,80,91,92,96" machi="64" ten="40,2600,0" yaku="1,1,54,1,53,0" doraHai="31" doraHaiUra="6" who="0" fromWho="1" sc="325,39,297,-29,217,0,151,0" /><INIT seed="2,0,0,2,0,81" ten="364,268,217,151" oya="2" hai0="132,6,101,24,111,37,104,44,56,130,84,23,82" hai1="0,133,66,85,106,55,125,78,109,112,17,15,34" hai2="113,67,8,52,77,51,53,4,88,43,33,92,54" hai3="94,45,79,58,87,26,100,3,131,117,91,120,93"/><V80/><F33/><W74/><G120/><T68/><D68/><U12/><E112/><V126/><F67/><W16/><G117/><T127/><D111/><U22/><E109/><V83/><F126/><W28/><G3/><T63/><D132/><U38/><E0/><V11/><F113/><W96/><G131/><T64/><D130/><U124/><E34/><V5/><F43/><W61/><G45/><T108/><D108/><U72/><E106/><V118/><F51/><W2/><G2/><T71/><D71/><U35/><E35/><V39/><F39/><W102/><G74/><T73/><D73/><U122/><E72/><V13/><F118/><W103/><G79/><T60/><D127/><U135/><E38/><V107/><F107/><W86/><G94/><T89/><D63/><U57/><E66/><V114/><F114/><W50/><G50/><T65/><D65/><U20/><E122/><V62/><F62/><W30/><G30/><T116/><D116/><U40/><E40/><V76/><F11/><W69/><G69/><T10/><D104/><U75/><E75/><V128/><F5/><W21/><G28/><T1/><D101/><U41/><E41/><V95/><F95/><W36/><G36/><T49/><D37/><U59/><E125/><V70/><F70/><W119/><G119/><T121/><D121/><U90/><E124/><V97/><F128/><W99/><G99/><T105/><D105/><U129/><E129/><V14/><F14/><W9/><G9/><T115/><D115/><U47/><E12/><V32/><F32/><W46/><G46/><RYUUKYOKU ba="0,0" sc="364,-15,268,-15,217,15,151,15" hai2="4,8,13,52,53,54,76,77,80,83,88,92,97" hai3="16,21,26,58,61,86,87,91,93,96,100,102,103" /><INIT seed="2,1,0,2,0,8" ten="349,253,232,166" oya="2" hai0="86,43,66,120,16,96,135,65,30,2,69,95,127" hai1="11,111,40,12,28,25,17,108,36,87,6,52,126" hai2="22,64,33,72,125,47,37,21,78,103,19,56,119" hai3="74,63,53,0,109,57,35,116,118,81,123,89,3"/><V29/><F119/><W106/><G123/><T38/><D120/><U110/><E126/><V128/><F125/><W32/><G106/><T48/><D2/><U77/><E40/><V80/><F128/><W26/><G109/><T117/><D38/><U133/><E36/><V115/><F115/><W114/><G114/><T58/><D69/><U67/><E67/><V42/><F103/><W20/><G0/><T132/><D127/><U100/><E100/><V24/><F64/><W39/><G39/><T82/><D30/><U97/><E97/><V71/><F71/><W84/><G3/><T59/><D117/><U102/><E102/><V73/><F56/><N who="0" m="21546" /><D135/><U83/><E133/><V134/><F134/><W75/><G118/><T131/><D131/><U90/><E52/><V79/><F19/><W61/><G116/><T93/><D93/><U15/><E90/><V121/><F121/><W124/><G124/><T92/><D92/><U85/><E87/><V4/><F4/><W14/><G63/><T9/><D132/><U94/><E94/><V113/><F113/><W62/><G62/><T54/><D43/><U44/><E44/><V50/><F37/><W46/><G46/><T34/><D34/><N who="1" m="20751" /><E17/><V99/><F99/><W98/><G98/><T23/><D95/><U31/><E31/><V5/><F5/><W13/><G35/><T129/><D96/><U60/><E60/><V70/><F70/><W130/><G32/><T41/><D129/><U122/><E122/><V27/><F27/><W68/><G130/><T18/><D66/><U88/><E77/><V104/><F104/><RYUUKYOKU ba="1,0" sc="349,-15,253,15,232,15,166,-15" hai1="6,11,12,15,83,85,88,108,110,111" hai2="21,22,24,29,33,42,47,50,72,73,78,79,80" /><INIT seed="2,2,0,5,4,0" ten="334,268,247,151" oya="2" hai0="118,38,133,3,54,100,59,128,123,41,37,57,61" hai1="8,42,25,119,95,108,5,96,26,86,47,103,83" hai2="65,27,30,106,7,134,10,68,71,125,82,84,69" hai3="20,50,104,75,6,135,115,58,9,62,74,117,51"/><V129/><F106/><W113/><G104/><T39/><D100/><U76/><E108/><V53/><F129/><W70/><G117/><T23/><D3/><U116/><E116/><V126/><F134/><W93/><G135/><T102/><D102/><U130/><E130/><V22/><F53/><W19/><G93/><T89/><D89/><U4/><E119/><V43/><F43/><W49/><G70/><T110/><D23/><U46/><E46/><V67/><F65/><W35/><G35/><T94/><D94/><U40/><E40/><V32/><F67/><W15/><G75/><T1/><D1/><U13/><REACH who="1" step="1"/><E4/><REACH who="1" ten="334,258,247,151" step="2"/><V132/><F132/><W63/><G74/><T66/><D118/><U16/><E16/><V2/><REACH who="2" step="1"/><F32/><REACH who="2" ten="334,258,237,151" step="2"/><W73/><G115/><T111/><D133/><U12/><E12/><V34/><F34/><W121/><G113/><T24/><D128/><U31/><E31/><V21/><F21/><W79/><G20/><T88/><D41/><U14/><E14/><V120/><F120/><W52/><G121/><T72/><D123/><U114/><E114/><V131/><F131/><W17/><G15/><T36/><D111/><U101/><E101/><V29/><F29/><W56/><G9/><T48/><D110/><U85/><E85/><V127/><F127/><W109/><G109/><T124/><N who="0" m="9216" /><DORA hai="90" /><T112/><D124/><U18/><E18/><V80/><F80/><W122/><G17/><T92/><D72/><U81/><E81/><V99/><F99/><W107/><G19/><T44/><D112/><U98/><E98/><V28/><F28/><RYUUKYOKU ba="2,2" sc="334,-15,258,15,237,15,151,-15" hai1="5,8,13,25,26,42,47,76,83,86,95,96,103" hai2="2,7,10,22,27,30,68,69,71,82,84,125,126" /><INIT seed="2,3,2,0,5,28" ten="319,273,252,136" oya="2" hai0="19,53,38,111,115,79,75,71,29,110,109,37,67" hai1="108,43,85,8,61,15,46,131,50,124,126,121,26" hai2="78,134,41,62,113,21,116,51,49,105,16,132,24" hai3="87,98,54,104,39,42,17,64,27,97,100,77,82"/><V101/><F113/><W122/><G122/><T69/><D115/><U88/><E121/><V73/><F116/><W114/><G114/><T96/><D67/><U23/><E108/><V2/><F2/><W9/><G98/><T55/><D79/><U32/><E131/><V13/><F62/><W45/><G64/><T0/><D75/><U66/><E32/><V20/><F41/><W125/><G125/><T117/><D0/><U12/><E8/><V90/><F90/><W95/><G54/><N who="0" m="20491" /><D19/><U81/><E124/><V112/><F112/><W93/><REACH who="3" step="1"/><G9/><REACH who="3" ten="319,273,252,126" step="2"/><T119/><D96/><U34/><E126/><V25/><F132/><W106/><G106/><T10/><D10/><U57/><E34/><V89/><F105/><W7/><G7/><T76/><D119/><U128/><E128/><V36/><F134/><W59/><G59/><T63/><D117/><U91/><E91/><V129/><F89/><W102/><G102/><T120/><D120/><U52/><E66/><V11/><F101/><W60/><G60/><T92/><D63/><U135/><E135/><V70/><F11/><W80/><G80/><T123/><D123/><U130/><E130/><V1/><F129/><W14/><G14/><T65/><D65/><U44/><E46/><V18/><F13/><W68/><G68/><T3/><D71/><U35/><E35/><V40/><F70/><W127/><G127/><T103/><D69/><U94/><E81/><N who="2" m="45263" /><F1/><W22/><AGARI ba="3,3" hai="17,22,27,39,42,45,77,82,87,93,95,97,100,104" machi="22" ten="30,2000,0" yaku="1,1,0,1,53,0" doraHai="28" doraHaiUra="48" who="3" fromWho="3" sc="319,-8,273,-8,252,-13,126,59" /><INIT seed="3,0,0,4,3,3" ten="311,265,239,185" oya="3" hai0="57,74,1,86,77,71,115,18,129,49,108,82,33" hai1="40,56,2,36,85,34,76,87,50,121,25,99,29" hai2="92,101,72,100,41,24,97,5,113,98,27,63,75" hai3="11,48,19,13,58,73,20,112,125,79,65,110,103"/><W134/><G112/><T109/><D71/><U126/><E121/><V131/><F113/><W88/><G134/><T59/><D33/><U83/><E2/><V123/><F131/><W43/><G125/><T55/><D1/><U31/><E126/><V26/><F123/><W106/><G110/><N who="0" m="42603" /><D115/><U102/><E29/><V38/><F5/><W51/><G43/><T62/><D129/><U54/><E36/><V0/><F0/><W119/><G119/><T91/><D18/><U30/><E31/><V80/><F80/><W127/><G127/><T21/><D21/><U16/><E16/><V23/><F23/><W32/><G32/><T89/><D74/><U130/><E130/><V52/><F41/><W124/><G124/><T95/><D95/><U118/><E118/><V44/><F38/><W60/><G79/><T69/><D69/><U61/><E40/><V17/><F17/><W94/><G73/><T114/><D114/><U122/><E122/><V135/><F135/><W47/><G47/><T42/><D42/><U15/><E15/><V120/><F120/><W90/><G106/><T7/><D7/><U35/><E34/><V67/><F44/><W132/><G20/><T93/><D93/><U128/><E128/><V6/><F75/><W70/><G132/><T8/><D8/><U104/><E50/><N who="3" m="18986" /><G70/><T111/><N who="0" m="42611" /><T68/><DORA hai="64" /><D68/><U14/><E14/><V78/><F72/><AGARI ba="0,0" hai="25,30,35,54,56,61,72,76,83,85,87,99,102,104" machi="72" ten="30,1000,0" yaku="7,1" doraHai="3,64" who="1" fromWho="2" sc="311,0,265,10,239,-10,185,0" owari="311,41.1,275,7.5,229,-17.1,185,-31.5" /></mjloggm>