<mjloggm ver="2.3"><GO type="225" lobby="0"/><UN n0="%E3%82%BF%E3%83%BC%E3%83%90%E3%83%B3%E9%87%8E%E5%8F%A3" n1="%E3%81%B5%E3%81%98%E3%81%8B%E3%81%A4" n2="%54%4F%52" n3="%72%61%6B%33" dan="16,16,17,16" rate="2129.01,2153.57,2236.31,2049.53" sx="M,M,M,M"/><TAIKYOKU oya="0"/><INIT seed="0,0,0,4,2,125" ten="250,250,250,250" oya="0" hai0="76,1,9,50,42,116,106,22,75,124,16,51,120" hai1="130,132,17,11,84,10,81,24,63,92,29,121,70" hai2="56,128,107,115,78,58,112,14,65,87,64,91,102" hai3="4,15,28,7,12,117,30,35,25,89,133,41,105"/><T73/><D120/><U129/><E121/><V99/><F78/><W26/><G89/><T53/><D116/><U119/><E119/><V47/><F47/><W131/><G105/><T88/><D106/><U60/><E92/><V86/><F86/><W104/><G104/><T135/><D124/><U27/><E132/><V100/><F100/><W127/><G41/><T114/><D114/><U38/><E38/><V68/><F68/><W62/><G62/><N who="1" m="23594" /><E70/><V52/><F58/><W101/><G101/><T55/><D135/><U0/><E0/><V31/><F31/><W36/><G36/><T20/><D42/><U19/><E29/><V6/><F112/><W59/><G59/><T44/><D76/><U94/><E94/><V69/><F69/><W93/><G93/><T98/><D1/><U126/><E126/><V67/><F115/><W123/><G127/><T32/><D32/><U46/><E46/><V74/><F74/><W108/><G133/><T18/><D44/><U54/><E54/><V96/><F96/><W122/><G117/><T79/><D79/><N who="1" m="46143" /><E19/><V39/><F39/><W33/><G108/><T34/><D34/><U113/><E113/><V23/><F107/><W21/><G21/><T95/><D95/><U57/><E57/><V8/><F56/><W111/><G111/><T71/><D71/><U82/><E82/><N who="2" m="49655" /><F102/><W72/><G72/><T80/><D80/><U77/><E77/><V40/><F40/><W61/><G61/><T45/><D45/><U97/><E97/><V110/><F99/><W83/><G83/><T43/><D98/><U118/><E118/><RYUUKYOKU ba="0,0" sc="250,-10,250,-10,250,-10,250,30" hai3="4,7,12,15,25,26,28,30,33,35,122,123,131" /><INIT seed="1,1,0,2,5,1" ten="240,240,240,280" oya="1" hai0="8,69,66,74,86,102,106,100,118,22,26,84,33" hai1="27,59,114,16,67,135,105,52,5,78,6,113,85" hai2="120,119,11,103,3,4,18,29,124,101,128,126,28" hai3="53,61,17,125,88,131,96,25,21,44,36,15,48"/><U76/><E105/><V75/><F75/><W13/><G125/><N who="2" m="48233" /><F119/><W83/><G131/><T80/><D118/><U20/><E135/><V38/><F38/><W108/><G108/><T133/><D133/><U14/><E114/><V64/><F128/><W41/><G61/><N who="0" m="40143" /><D102/><N who="2" m="38922" /><F120/><W37/><G37/><T50/><D50/><N who="1" m="31127" /><E113/><V56/><F18/><W57/><REACH who="3" step="1"/><G83/><REACH who="3" ten="240,240,240,270" step="2"/><T91/><D80/><N who="1" m="47239" /><E67/><V34/><F34/><W43/><G43/><T129/><D33/><U92/><E78/><V122/><F122/><W99/><G99/><T2/><D129/><U90/><E27/><V89/><F64/><W71/><G71/><T35/><D35/><U95/><E95/><AGARI ba="1,1" hai="13,15,17,21,25,36,41,44,48,53,57,88,95,96" machi="95" ten="40,5200,0" yaku="1,1,54,1,53,1" doraHai="1" doraHaiUra="54" who="3" fromWho="1" sc="240,0,240,-55,240,0,270,65" /><INIT seed="2,0,0,1,2,118" ten="240,185,240,335" oya="2" hai0="107,65,72,14,111,109,131,91,35,102,57,16,84" hai1="19,124,82,53,75,119,67,66,31,18,95,128,7" hai2="120,45,100,105,134,54,42,116,98,21,68,32,56" hai3="94,80,122,9,114,55,99,41,77,62,93,89,37"/><V26/><F116/><W127/><G122/><T46/><D72/><U85/><E119/><V49/><F134/><W47/><G127/><T121/><D35/><U71/><E124/><V2/><F2/><W76/><G114/><T90/><D131/><U104/><E128/><V12/><F68/><W34/><G34/><T135/><D135/><U43/><E104/><V44/><F32/><W110/><G110/><N who="0" m="41995" /><D46/><U10/><E75/><V3/><F3/><W39/><G39/><T92/><D107/><U6/><E31/><V123/><F12/><W52/><G94/><N who="0" m="54599" /><D102/><U23/><E43/><V59/><F59/><W60/><G9/><N who="0" m="6223" /><D57/><U58/><E71/><V113/><F113/><W96/><G47/><T73/><D73/><U1/><E95/><V48/><REACH who="2" step="1"/><F56/><REACH who="2" ten="240,185,230,335" step="2"/><W11/><G37/><T83/><D65/><U117/><E117/><V130/><F130/><W38/><G38/><T74/><D74/><U125/><E125/><V51/><F51/><W4/><G60/><T108/><D108/><U132/><E132/><V87/><F87/><W81/><G62/><T70/><D70/><U129/><E129/><V69/><F69/><W133/><G133/><T8/><D83/><U64/><E85/><V0/><F0/><W17/><G81/><T106/><D106/><U115/><E1/><V79/><F79/><W22/><G77/><T112/><D112/><U88/><E115/><V78/><F78/><W20/><G76/><T28/><D92/><U24/><E82/><V97/><F97/><N who="3" m="37451" /><G93/><T101/><D101/><U33/><E33/><V30/><AGARI ba="0,1" hai="21,26,30,42,44,45,48,49,54,98,100,105,120,123" machi="30" ten="20,18000,2" yaku="1,1,0,1,7,1,52,2,53,1" doraHai="118" doraHaiUra="25" who="2" fromWho="2" sc="240,-60,185,-60,230,190,335,-60" /><INIT seed="2,1,0,5,2,75" ten="180,125,420,275" oya="2" hai0="28,95,115,88,14,87,43,42,44,49,36,31,84" hai1="65,47,102,18,60,130,48,92,125,96,69,82,101" hai2="104,132,73,89,67,61,109,110,81,105,37,56,12" hai3="55,4,74,3,68,133,83,129,76,19,94,13,126"/><V57/><F37/><W51/><G68/><T50/><D115/><U135/><E125/><V40/><F40/><N who="0" m="15402" /><D36/><U99/><E135/><V59/><F132/><W79/><G133/><T52/><D49/><U33/><E130/><V5/><F104/><W108/><G129/><T91/><D14/><U35/><E18/><V32/><F32/><W17/><G3/><T41/><N who="0" m="15410" /><T6/><DORA hai="25" /><D6/><U8/><E8/><N who="2" m="4111" /><F105/><W66/><G126/><T98/><D98/><U118/><E118/><V113/><F113/><W34/><G34/><T0/><D0/><U15/><E15/><V53/><F67/><W21/><G66/><T93/><AGARI ba="1,0" hai="28,31,44,50,52,84,87,88,91,93,95" m="15410" machi="93" ten="30,8000,1" yaku="8,1,52,2,54,2" doraHai="75,25" who="0" fromWho="0" sc="180,83,125,-21,420,-41,275,-21" /><INIT seed="3,0,0,0,4,86" ten="263,104,379,254" oya="3" hai0="58,87,35,34,78,9,84,25,111,62,71,73,121" hai1="50,81,130,132,124,43,131,122,12,134,108,15,123" hai2="88,106,46,26,119,1,89,72,112,133,37,24,66" hai3="127,91,55,20,103,102,95,39,120,64,74,23,59"/><W97/><G120/><N who="1" m="46122" /><E50/><V129/><F46/><W101/><G127/><T8/><D73/><U125/><E43/><V10/><F106/><W110/><G110/><T57/><D25/><U96/><E81/><V51/><F72/><W18/><G74/><T82/><D78/><U30/><E96/><V126/><F10/><W114/><G114/><T113/><D121/><U107/><E107/><V32/><F66/><W68/><G39/><T53/><D82/><U98/><E98/><V60/><F1/><W40/><G40/><T77/><D77/><U93/><E93/><V100/><F60/><W31/><G31/><T76/><D76/><U70/><E70/><V7/><F7/><W38/><G38/><T14/><D14/><N who="1" m="5163" /><E30/><V63/><F51/><W67/><G68/><T6/><D62/><U85/><E85/><V13/><F63/><N who="3" m="36351" /><G20/><T54/><D71/><U128/><E108/><V2/><F37/><W21/><G21/><T92/><D111/><U75/><E75/><V105/><F105/><W61/><G61/><T28/><D28/><U104/><E104/><V90/><F100/><N who="3" m="25603" /><W135/><DORA hai="47" /><G135/><AGARI ba="0,0" hai="124,125,128,130,131,132,134,135" m="5163,46122" machi="135" ten="40,16000,3" yaku="30,2,28,2,19,1,20,1,34,2" doraHai="86,47" who="1" fromWho="3" sc="263,0,104,160,379,0,254,-160" owari="263,-13.7,264,6.4,379,47.9,94,-40.6" /></mjloggm>