<mjloggm ver="2.3"><GO type="225" lobby="0"/><UN n0="%E5%B0%8F%E9%B3%A5%E9%81%8A%E7%B7%B4%E7%84%A1%32%31%E6%AD%B3" n1="%E3%81%A8%E3%82%93%E3%81%A8%E3%81%93%E3%81%A8%E3%82%93" n2="%E3%82%A2%E3%82%A4%E3%82%B9%E3%83%86%E3%82%A3%E3%83%BC%E3%81%82%E3%81%B9" n3="%E3%81%86%E3%82%8C%E3%81%9F%E3%82%93%E6%9E%95" dan="16,16,16,16" rate="2186.47,2104.90,2115.71,2105.26" sx="F,F,M,F"/><TAIKYOKU oya="0"/><INIT seed="0,0,0,3,5,24" ten="250,250,250,250" oya="0" hai0="40,38,49,102,128,115,60,22,53,39,15,11,78" hai1="8,35,41,9,26,91,34,67,0,50,118,125,127" hai2="111,135,36,88,18,47,104,10,51,30,69,80,83" hai3="12,16,57,73,31,87,84,100,99,14,94,89,108"/><T110/><D115/><U119/><E67/><V130/><F111/><W44/><G108/><T81/><D110/><U66/><E66/><V133/><F36/><W33/><G73/><T32/><D32/><U45/><E91/><V105/><F69/><W79/><G57/><T2/><D60/><U64/><E64/><V72/><F130/><W98/><G33/><N who="1" m="12298" /><E26/><V121/><F121/><W5/><G31/><T90/><D102/><U124/><E0/><V93/><F30/><W43/><G5/><T6/><D90/><U1/><E1/><V55/><F18/><W19/><G19/><T13/><D128/><U65/><E65/><V42/><F10/><AGARI ba="0,0" hai="8,9,10,41,45,50,118,119,124,125,127" m="12298" machi="10" ten="40,1300,0" yaku="18,1" doraHai="24" who="1" fromWho="2" sc="250,0,250,13,250,-13,250,0" /><INIT seed="1,0,0,5,4,16" ten="250,263,237,250" oya="1" hai0="19,125,84,101,28,119,121,41,27,24,58,52,124" hai1="9,34,69,75,79,74,3,18,53,76,112,37,67" hai2="82,38,14,90,44,120,36,17,50,104,126,51,86" hai3="22,96,62,113,66,93,57,98,80,92,118,32,117"/><U7/><E18/><V43/><F126/><N who="0" m="48746" /><D119/><N who="3" m="45577" /><G32/><T129/><D129/><U25/><E53/><V56/><F104/><W71/><G113/><T123/><D41/><U64/><E64/><V61/><F120/><N who="0" m="46154" /><D101/><U99/><E79/><V81/><F38/><W102/><G80/><T95/><D28/><N who="1" m="19727" /><E112/><V46/><F82/><W130/><G130/><T48/><D19/><U31/><E99/><V88/><F90/><AGARI ba="0,0" hai="24,27,48,52,58,84,90,95" m="46154,48746" machi="90" ten="30,3900,0" yaku="18,1,13,1,54,1" doraHai="16" who="0" fromWho="2" sc="250,39,263,0,237,-39,250,0" /><INIT seed="2,0,0,3,3,2" ten="289,263,198,250" oya="2" hai0="54,79,103,36,29,17,64,111,8,74,67,75,13" hai1="0,124,30,93,84,135,40,3,85,107,82,70,57" hai2="123,35,92,80,106,78,59,58,105,16,46,69,90" hai3="104,21,122,121,129,65,11,89,61,34,112,119,88"/><V23/><F35/><W131/><G119/><T116/><D111/><U128/><E70/><V81/><F69/><W56/><G34/><T126/><D36/><U100/><E107/><V53/><F123/><W87/><G112/><T32/><D126/><U4/><E124/><V118/><F118/><W14/><G104/><T109/><D103/><U19/><E30/><V39/><F106/><W50/><G21/><T72/><D109/><U33/><E33/><V130/><F105/><W41/><G41/><T66/><D116/><U7/><E40/><V98/><F130/><N who="3" m="49675" /><G50/><T120/><D120/><N who="3" m="46185" /><G87/><T45/><D79/><U22/><E128/><V43/><F53/><W10/><G10/><T99/><D99/><N who="1" m="59503" /><E0/><V20/><F20/><W94/><G94/><T68/><D32/><U71/><E3/><V127/><F127/><W1/><G1/><T37/><D68/><U42/><E71/><V62/><F62/><W133/><G133/><T134/><D134/><U97/><E42/><V86/><REACH who="2" step="1"/><F81/><REACH who="2" ten="289,263,188,250" step="2"/><W132/><G132/><T38/><D54/><U113/><E135/><V125/><F125/><W96/><G96/><T26/><D64/><U73/><E97/><V108/><F108/><W24/><G24/><AGARI ba="0,1" hai="16,23,24,39,43,46,58,59,78,80,86,90,92,98" machi="24" ten="30,11600,0" yaku="1,1,7,1,54,1,53,1" doraHai="2" doraHaiUra="91" who="2" fromWho="3" sc="289,0,263,0,188,126,250,-116" /><INIT seed="2,1,0,2,2,122" ten="289,263,314,134" oya="2" hai0="33,16,20,95,65,40,19,112,30,11,131,84,74" hai1="13,96,8,2,44,17,76,15,85,121,103,5,23" hai2="9,75,41,86,123,34,43,35,71,14,56,25,67" hai3="52,102,51,99,66,100,109,49,127,101,93,62,54"/><V117/><F75/><W116/><G127/><T36/><D112/><U124/><E124/><V31/><F35/><W46/><G116/><T48/><D74/><U53/><E121/><V120/><F71/><W59/><REACH who="3" step="1"/><G109/><REACH who="3" ten="289,263,314,124" step="2"/><T4/><D131/><U68/><E68/><AGARI ba="1,1" hai="46,49,51,52,54,59,62,66,68,93,99,100,101,102" machi="68" ten="30,7700,0" yaku="1,1,2,1,7,1,54,1,53,0" doraHai="122" doraHaiUra="69" who="3" fromWho="1" sc="289,0,263,-80,314,0,124,90" /><INIT seed="3,0,0,0,1,54" ten="289,183,314,214" oya="3" hai0="46,48,118,28,24,92,83,124,8,2,71,81,121" hai1="9,108,13,100,128,120,7,55,68,34,96,70,109" hai2="91,4,111,66,47,129,115,89,10,74,53,85,30" hai3="88,107,69,19,79,51,122,23,45,105,14,125,50"/><W130/><G122/><T44/><D121/><U31/><E120/><V17/><F115/><W26/><G130/><T21/><D118/><U112/><E112/><V40/><F74/><W87/><G125/><T60/><D124/><U99/><E128/><V114/><F114/><W94/><G69/><T42/><D92/><U11/><E34/><V1/><F129/><W84/><G51/><T16/><D2/><U73/><E31/><V35/><F66/><W5/><G5/><T76/><D44/><U52/><E73/><V106/><F106/><W62/><G62/><T116/><D116/><U36/><E36/><V56/><F111/><N who="1" m="42569" /><E11/><V123/><F123/><W102/><G102/><T126/><D126/><U32/><E32/><V59/><F53/><N who="1" m="20553" /><E96/><V67/><F67/><W78/><G107/><AGARI ba="0,0" hai="7,9,13,68,70,99,100,107" m="20553,42569" machi="107" ten="30,2000,0" yaku="14,1,54,1" doraHai="54" who="1" fromWho="3" sc="289,0,183,20,314,0,214,-20" owari="289,8.9,203,-19.7,314,41.4,194,-30.6" /></mjloggm>