<mjloggm ver="2.3"><GO type="225" lobby="0"/><UN n0="%72%61%6B%33" n1="%E9%BB%92%E9%89%84%E7%8F%A0%E9%9B%AB" n2="%E9%87%8E%E3%80%85%E5%AE%AE%E8%97%8D" n3="%73%69%72%6F%75%74" dan="17,16,16,16" rate="2277.69,2144.10,2143.65,2144.95" sx="M,F,F,M"/><TAIKYOKU oya="0"/><INIT seed="0,0,0,0,4,25" ten="250,250,250,250" oya="0" hai0="48,18,12,66,80,104,131,72,37,15,27,8,34" hai1="40,38,65,41,44,62,116,135,83,43,114,115,121" hai2="4,30,63,42,60,111,28,54,16,64,103,133,11" hai3="52,17,97,33,125,21,24,57,10,51,50,9,89"/><T61/><D37/><U7/><E7/><V122/><F122/><W96/><G125/><T105/><D131/><U130/><E121/><V19/><F111/><W120/><G120/><T69/><D48/><U32/><E32/><V112/><F112/><N who="1" m="43049" /><E83/><V108/><F108/><W35/><G35/><T67/><D67/><U84/><E84/><V78/><F42/><N who="1" m="16489" /><E116/><V87/><F103/><W113/><G113/><T117/><D117/><U5/><E5/><V128/><F128/><W1/><G33/><T90/><D15/><U36/><E130/><V2/><F133/><W70/><G70/><T129/><D129/><U14/><E14/><N who="2" m="5479" /><F64/><W46/><G1/><T79/><REACH who="0" step="1"/><D90/><REACH who="0" ten="240,250,250,250" step="2"/><U77/><E38/><V59/><F2/><W85/><G50/><T73/><D73/><U31/><E135/><V93/><F63/><W99/><REACH who="3" step="1"/><G46/><REACH who="3" ten="240,250,250,240" step="2"/><T98/><D98/><U47/><E44/><V26/><F60/><W6/><G6/><T74/><D74/><U101/><E47/><V127/><F127/><W45/><G45/><T95/><D95/><AGARI ba="0,2" hai="9,10,17,21,24,51,52,57,85,89,95,96,97,99" machi="95" ten="40,8000,1" yaku="1,1,8,1,54,1,53,1" doraHai="25" doraHaiUra="88" who="3" fromWho="0" sc="240,-80,250,0,250,0,240,100" /><INIT seed="1,0,0,1,1,108" ten="160,250,250,340" oya="1" hai0="17,98,38,41,102,110,112,53,51,36,69,50,71" hai1="119,9,113,115,92,4,94,131,90,105,63,54,70" hai2="68,87,0,14,124,125,83,40,21,22,106,18,91" hai3="34,65,33,126,132,77,52,24,96,19,72,129,93"/><U117/><E105/><V103/><F68/><W95/><G132/><T67/><D17/><U109/><E109/><V56/><F0/><W76/><G65/><T100/><D98/><U8/><E131/><V49/><F103/><W10/><G129/><T11/><D11/><U99/><E94/><V2/><F2/><W118/><G126/><N who="2" m="48745" /><F106/><W13/><G118/><T27/><D27/><U73/><E73/><V74/><F74/><W46/><G95/><T16/><D16/><U20/><E20/><N who="2" m="11351" /><F56/><W60/><G72/><T48/><D110/><U114/><E9/><V59/><F59/><N who="3" m="34919" /><G46/><AGARI ba="0,0" hai="21,22,40,46,49,83,87,91" m="11351,48745" machi="46" ten="30,1000,0" yaku="18,1" doraHai="108" who="2" fromWho="3" sc="160,0,250,0,250,10,340,-10" /><INIT seed="2,0,0,5,3,66" ten="160,250,260,330" oya="2" hai0="95,64,44,127,109,111,73,105,100,51,28,86,68" hai1="17,77,57,34,16,25,62,124,63,52,5,126,99" hai2="122,74,101,118,96,56,91,49,0,58,135,59,72" hai3="117,134,46,71,12,43,76,2,32,1,125,50,47"/><V97/><F118/><W54/><G32/><T129/><D127/><N who="1" m="48683" /><E5/><V22/><F122/><W55/><G76/><T82/><D129/><U37/><E37/><V35/><F35/><W131/><G125/><T27/><D73/><U15/><E77/><V29/><F0/><W53/><G12/><T14/><D14/><U112/><E112/><V40/><F135/><W31/><G31/><T103/><D95/><U87/><E87/><V114/><F114/><W93/><G93/><T104/><D104/><U89/><E63/><V102/><F91/><W3/><G117/><T108/><D105/><U88/><E99/><N who="2" m="37963" /><F74/><W110/><G134/><T79/><D64/><U4/><E4/><V9/><F9/><W10/><G10/><T116/><D116/><U130/><E130/><V90/><F90/><N who="1" m="34921" /><E15/><V70/><F72/><W115/><G115/><T36/><D36/><U106/><E106/><V123/><F123/><W60/><G131/><T30/><D68/><U24/><E24/><N who="2" m="16535" /><F70/><W39/><G71/><T113/><D113/><U42/><E42/><V38/><F38/><W65/><G3/><T13/><D13/><U26/><E26/><V69/><F69/><N who="3" m="42151" /><G2/><T20/><REACH who="0" step="1"/><D28/><AGARI ba="0,0" hai="16,17,25,28,34,52,57,62" m="34921,48683" machi="28" ten="30,7700,0" yaku="18,1,54,3" doraHai="66" who="1" fromWho="0" sc="160,-77,250,77,260,0,330,0" /><INIT seed="3,0,0,0,3,85" ten="83,327,260,330" oya="3" hai0="49,3,83,17,104,128,99,37,32,56,114,109,6" hai1="93,59,82,69,92,40,39,19,74,44,101,133,84" hai2="27,65,86,58,11,105,103,132,66,117,118,70,9" hai3="52,110,55,4,54,0,120,25,34,29,87,130,15"/><W53/><G120/><T61/><D37/><U107/><E69/><V67/><F70/><W62/><G130/><T10/><D128/><U13/><E133/><V119/><F132/><W134/><G134/><T76/><D109/><U126/><E74/><V79/><F27/><W89/><G110/><T88/><D114/><U22/><E126/><V100/><F58/><N who="3" m="35143" /><G0/><T16/><D32/><U72/><E72/><V111/><F111/><W64/><G34/><T23/><D49/><U47/><E47/><V121/><F121/><W5/><G64/><T106/><D76/><U94/><E59/><V38/><F38/><W41/><G41/><T113/><D113/><U123/><E123/><V127/><F127/><W96/><G96/><T97/><D97/><U75/><E75/><V18/><F18/><W77/><G77/><T71/><D71/><U90/><REACH who="1" step="1"/><E107/><REACH who="1" ten="83,317,260,330" step="2"/><V125/><F125/><W43/><G43/><T63/><D63/><U91/><E91/><V45/><F45/><W28/><G25/><T95/><D83/><U51/><E51/><V7/><F105/><W21/><G29/><T2/><D2/><U36/><E36/><V116/><F116/><W33/><G33/><T112/><D112/><U35/><E35/><V98/><F119/><W8/><G28/><T60/><D60/><U115/><E115/><V122/><F118/><W124/><G124/><T26/><REACH who="0" step="1"/><D17/><REACH who="0" ten="73,317,260,330" step="2"/><U102/><AGARI ba="0,2" hai="13,19,22,39,40,44,82,84,90,92,93,94,101,102" machi="102" ten="30,4000,0" yaku="1,1,0,1,52,1,53,0" doraHai="85" doraHaiUra="1" who="1" fromWho="1" sc="73,-10,317,60,260,-10,330,-20" owari="63,-43.7,377,47.7,250,-15.0,310,11.0" /></mjloggm>