<mjloggm ver="2.3"><GO type="225" lobby="0"/><UN n0="%E3%83%B4%E3%83%A0%EF%BC%99%E3%81%A6" n1="%72%69%6F%75%63%68%61%6E" n2="%E3%81%82%E3%81%99%E3%81%AB%E3%82%83%E3%82%80" n3="%4E%49%4A%49%49%52%4F" dan="17,17,16,16" rate="2178.70,2226.82,2083.91,2173.16" sx="M,M,F,M"/><TAIKYOKU oya="0"/><INIT seed="0,0,0,4,1,18" ten="250,250,250,250" oya="0" hai0="56,106,39,126,83,80,35,9,85,93,92,19,64" hai1="25,62,22,6,48,88,99,14,44,1,13,34,3" hai2="21,60,63,119,51,97,120,58,65,89,91,54,111" hai3="75,74,27,11,135,109,49,37,17,36,105,28,128"/><T70/><D106/><U73/><E73/><V121/><F111/><W81/><G109/><T5/><D39/><U71/><E34/><V96/><F119/><W132/><G105/><T123/><D123/><U69/><E1/><V55/><F65/><W42/><G128/><T38/><D70/><U77/><E77/><V100/><BYE who="0" /><F51/><W116/><G116/><T24/><D24/><U68/><E62/><UN n0="%E3%83%B4%E3%83%A0%EF%BC%99%E3%81%A6" /><V67/><F67/><W12/><G49/><T0/><D38/><N who="3" m="14953" /><G81/><T41/><D41/><U45/><E3/><V61/><F61/><W95/><G95/><T115/><D115/><U4/><E14/><V133/><F100/><W112/><G42/><T26/><D83/><U84/><E99/><V16/><F133/><N who="3" m="51275" /><G112/><T125/><D92/><U130/><E130/><V76/><F76/><W72/><G72/><T53/><D93/><U108/><E108/><V129/><F129/><W104/><G104/><T102/><D102/><U33/><E33/><AGARI ba="0,0" hai="11,12,17,27,28,33,74,75" m="51275,14953" machi="33" ten="30,1000,0" yaku="20,1" doraHai="18" who="3" fromWho="1" sc="250,0,250,-10,250,0,250,10" /><INIT seed="1,0,0,2,3,126" ten="250,240,250,260" oya="1" hai0="112,116,11,129,19,131,56,117,15,66,48,74,119" hai1="60,73,8,27,97,114,43,4,67,0,26,39,81" hai2="82,86,122,71,28,21,23,46,9,62,55,22,58" hai3="44,98,61,50,64,75,127,87,102,17,93,34,77"/><U107/><E114/><V36/><F122/><W113/><G113/><T45/><D112/><U59/><E107/><V101/><F101/><W37/><G37/><T32/><D32/><U24/><E97/><V91/><F28/><W25/><G127/><T65/><D74/><U14/><E14/><V115/><F115/><W30/><G75/><T57/><D57/><U90/><E90/><V72/><F72/><W7/><G7/><T69/><D69/><U124/><E124/><V128/><F71/><W52/><G17/><T1/><D1/><U121/><E121/><V83/><F83/><W47/><G87/><T105/><D105/><U99/><E99/><V20/><F9/><W33/><G77/><T16/><D19/><U125/><E125/><V133/><F133/><W89/><G44/><T132/><D132/><U108/><E108/><V35/><F35/><W29/><G29/><T94/><D94/><U134/><E134/><V40/><N who="2" m="5120" /><DORA hai="110" /><V96/><REACH who="2" step="1"/><F96/><REACH who="2" ten="250,240,240,260" step="2"/><W42/><G33/><T3/><D3/><U84/><E84/><V135/><F135/><W54/><REACH who="3" step="1"/><G102/><REACH who="3" ten="250,240,240,250" step="2"/><T10/><D116/><U118/><E118/><V6/><F6/><W78/><G78/><T38/><D117/><U31/><E31/><V92/><F92/><W70/><AGARI ba="0,2" hai="25,30,34,42,47,50,52,54,61,64,70,89,93,98" machi="70" ten="20,8000,1" yaku="1,1,0,1,7,1,54,1,53,1" doraHai="126,110" doraHaiUra="103,63" who="3" fromWho="3" sc="250,-20,240,-40,240,-20,250,100" /><INIT seed="2,0,0,1,1,66" ten="230,200,220,350" oya="2" hai0="72,14,53,97,64,4,93,3,99,77,10,30,71" hai1="105,86,85,78,90,23,38,106,123,61,133,39,45" hai2="82,21,104,125,1,100,135,122,59,36,124,130,15" hai3="119,35,101,62,6,79,27,81,22,43,63,42,121"/><V102/><F1/><W5/><G35/><T91/><D30/><U94/><E133/><V18/><F122/><W95/><G121/><T29/><D29/><U46/><E123/><V40/><F135/><W26/><G119/><T41/><D41/><U9/><E9/><V65/><F130/><W98/><G42/><T47/><D3/><U8/><E8/><V110/><F104/><N who="1" m="40041" /><E61/><N who="3" m="23050" /><G43/><T52/><D47/><N who="1" m="17931" /><E94/><V134/><F134/><W19/><G26/><T80/><D97/><U120/><E120/><V73/><F40/><W50/><G50/><T67/><D67/><U34/><E78/><N who="2" m="44367" /><F36/><N who="1" m="13865" /><E34/><V117/><F117/><W0/><G0/><T13/><D13/><U128/><E23/><V74/><F74/><W55/><G55/><T115/><D53/><U108/><E90/><V24/><F24/><W31/><G31/><T92/><D52/><U51/><E51/><V54/><F65/><W83/><G79/><T111/><D92/><U127/><E128/><V116/><F116/><W126/><G81/><T11/><D11/><U37/><N who="1" m="13873" /><U48/><DORA hai="88" /><E48/><V69/><F54/><W107/><G83/><T131/><D131/><U89/><E89/><V76/><F76/><W17/><G107/><T16/><D4/><U2/><E2/><V7/><F7/><W113/><G5/><T57/><D57/><U44/><N who="1" m="17939" /><U49/><DORA hai="96" /><E49/><V20/><F59/><W112/><G6/><T25/><D64/><U84/><E127/><V56/><F125/><W75/><G126/><T32/><D32/><U129/><E129/><V58/><F124/><W70/><G75/><RYUUKYOKU ba="0,0" sc="230,-10,200,30,220,-10,350,-10" hai1="84,85,86,108" /><INIT seed="3,1,0,2,3,66" ten="220,230,210,340" oya="3" hai0="85,69,12,83,33,134,35,61,101,73,51,75,114" hai1="28,91,84,124,116,123,13,95,18,10,45,86,89" hai2="110,70,107,46,25,52,22,113,90,63,37,118,78" hai3="49,100,11,67,21,120,59,121,65,24,126,53,106"/><W41/><G126/><T97/><D12/><U82/><E123/><V9/><F113/><W8/><G106/><N who="0" m="63791" /><D51/><U76/><E124/><V72/><F107/><W15/><G8/><T64/><D114/><U96/><E116/><V27/><F118/><W6/><G120/><T131/><D33/><U19/><E28/><V29/><F110/><W43/><G100/><T109/><D109/><U119/><E119/><V122/><F122/><W34/><G34/><T7/><D7/><N who="1" m="3295" /><E45/><V20/><F9/><W115/><G115/><T129/><D134/><U55/><E55/><V71/><F90/><W60/><G121/><T68/><D68/><U3/><E3/><V130/><F130/><N who="0" m="49674" /><D35/><U94/><AGARI ba="1,0" hai="18,19,76,82,84,86,89,91,94,95,96" m="3295" machi="94" ten="30,1100,0" yaku="8,1" doraHai="66" who="1" fromWho="1" sc="220,-4,230,14,210,-4,340,-6" owari="216,-18.4,244,4.4,206,-29.4,334,43.4" /></mjloggm>