<mjloggm ver="2.3"><GO type="225" lobby="0"/><UN n0="%72%69%6F%75%63%68%61%6E" n1="%E3%81%A1%E3%82%85%E3%81%86%E3%81%A9%E3%81%8F%E8%B1%A1%E3%81%95%E3%82%93" n2="%E3%81%8F%E3%81%BE%E3%81%96%E3%82%8F" n3="%E9%80%9F%E6%B0%B4%E5%87%9B%E9%A6%99" dan="17,17,16,16" rate="2299.27,2176.85,2058.67,2161.72" sx="M,M,M,F"/><TAIKYOKU oya="0"/><INIT seed="0,0,0,5,4,55" ten="250,250,250,250" oya="0" hai0="118,108,59,135,29,100,42,113,58,91,9,49,123" hai1="56,70,92,104,52,69,131,24,117,0,76,121,109" hai2="1,80,38,4,78,105,3,98,12,40,133,83,19" hai3="106,54,53,119,73,34,88,21,43,85,20,16,32"/><T11/><D113/><U23/><E121/><V72/><F133/><W84/><G106/><T95/><D118/><U13/><E117/><V41/><F83/><W64/><G73/><T17/><D123/><U114/><E0/><V37/><F41/><W2/><G2/><T97/><BYE who="2" /><D135/><U46/><E104/><V112/><F112/><W22/><G119/><UN n2="%E3%81%8F%E3%81%BE%E3%81%96%E3%82%8F" /><T5/><D108/><U102/><E114/><V127/><F127/><W30/><G43/><T126/><D126/><U51/><E109/><V94/><F105/><W129/><G129/><T82/><D29/><U62/><E131/><V79/><F79/><W35/><G64/><T75/><D17/><U39/><E13/><V60/><F60/><W33/><N who="3" m="8192" /><DORA hai="57" /><W128/><G30/><T68/><D68/><U81/><E39/><V18/><F1/><W15/><G128/><T89/><D11/><U48/><E48/><V93/><F12/><W96/><G96/><T130/><D130/><U14/><E14/><V44/><F37/><W28/><G28/><T86/><D75/><U66/><E92/><N who="2" m="35435" /><F98/><W116/><G116/><T124/><D124/><U10/><E10/><AGARI ba="0,0" hai="3,4,10,18,19,38,40,44,72,78,80" m="35435" machi="10" ten="30,1000,0" yaku="25,1" doraHai="55,57" who="2" fromWho="1" sc="250,0,250,-10,250,10,250,0" /><INIT seed="1,0,0,2,5,92" ten="250,240,260,250" oya="1" hai0="54,96,97,38,34,135,50,40,68,28,52,15,114" hai1="1,2,127,4,99,124,58,25,102,94,24,64,75" hai2="61,122,30,89,62,107,123,0,19,116,111,29,31" hai3="130,13,9,53,3,79,90,39,95,48,108,72,26"/><U47/><E75/><V118/><F0/><N who="1" m="105" /><E4/><V44/><F107/><W51/><G39/><T49/><D114/><U7/><E7/><V14/><F44/><W33/><G3/><T98/><D68/><U46/><E64/><V129/><F89/><W109/><G130/><T113/><D113/><U128/><E58/><V55/><F129/><W74/><G79/><T126/><D126/><N who="1" m="48171" /><E128/><V117/><F111/><N who="3" m="42571" /><G26/><AGARI ba="0,0" hai="24,25,26,46,47,94,99,102" m="48171,105" machi="26" ten="30,2900,0" yaku="18,1,52,1" doraHai="92" who="1" fromWho="3" sc="250,0,240,29,260,0,250,-29" /><INIT seed="1,1,0,3,0,81" ten="250,269,260,221" oya="1" hai0="99,135,107,128,83,75,59,51,7,23,46,132,68" hai1="86,97,12,43,44,33,93,106,130,71,42,70,104" hai2="92,62,54,73,123,13,17,72,102,18,65,113,105" hai3="101,121,117,20,60,3,32,5,6,24,131,82,47"/><U96/><E33/><V108/><F123/><W122/><G101/><T29/><D128/><U80/><E12/><V87/><F108/><W55/><G131/><T109/><D68/><U28/><E28/><V61/><F113/><W57/><G117/><T34/><D109/><U56/><E56/><V66/><F105/><W90/><G32/><T31/><D34/><U119/><E80/><V41/><F41/><W91/><G3/><T15/><D59/><U21/><E21/><V63/><F54/><W78/><G122/><T95/><D107/><U16/><E93/><V36/><F36/><W134/><G134/><N who="0" m="51243" /><D75/><U112/><E44/><V50/><F73/><W127/><G127/><T14/><D83/><U125/><E130/><V124/><F72/><W69/><G69/><T58/><D58/><U103/><E103/><V74/><F74/><W88/><G121/><T10/><D15/><U126/><E16/><N who="2" m="6251" /><F13/><W53/><G82/><T89/><D23/><U49/><E49/><V133/><F133/><W26/><G78/><T22/><D22/><U40/><E40/><AGARI ba="1,0" hai="7,10,14,29,31,40,46,51,89,95,99" m="51243" machi="40" ten="30,1000,0" yaku="20,1" doraHai="81" who="0" fromWho="1" sc="250,13,269,-13,260,0,221,0" /><INIT seed="2,0,0,0,1,124" ten="263,256,260,221" oya="2" hai0="88,94,29,116,126,65,120,24,89,109,115,0,67" hai1="40,21,8,101,2,85,81,95,68,119,70,34,31" hai2="110,33,105,58,49,117,23,78,14,127,131,79,86" hai3="98,32,15,9,13,102,50,83,121,108,128,132,11"/><V60/><F117/><W130/><G32/><T107/><D109/><U51/><E119/><V19/><F127/><W91/><G121/><T73/><D120/><U66/><E34/><V96/><F33/><W76/><G108/><T63/><D115/><U72/><E72/><V104/><F110/><W48/><G91/><T97/><D126/><U5/><E66/><V61/><F105/><W52/><G132/><T20/><D116/><U46/><E101/><V43/><F104/><W99/><G83/><T103/><D0/><U30/><E95/><V55/><F96/><N who="3" m="36907" /><G76/><T112/><D112/><U123/><E123/><V7/><F7/><W45/><G102/><T129/><D129/><N who="3" m="49769" /><G50/><T118/><D118/><U90/><REACH who="1" step="1"/><E21/><REACH who="1" ten="263,246,260,221" step="2"/><V134/><F131/><W82/><G82/><T17/><D107/><U42/><E42/><V35/><F35/><W71/><G71/><AGARI ba="0,1" hai="2,5,8,30,31,40,46,51,68,70,71,81,85,90" machi="71" ten="40,1300,0" yaku="1,1,53,0" doraHai="124" doraHaiUra="57" who="1" fromWho="3" sc="263,0,246,23,260,0,221,-13" /><INIT seed="3,0,0,3,4,95" ten="263,269,260,208" oya="3" hai0="115,55,108,40,14,66,10,17,90,51,120,74,100" hai1="117,103,109,132,99,47,25,20,107,36,98,133,82" hai2="105,87,76,18,101,77,53,129,39,126,102,85,22" hai3="9,32,65,97,62,15,8,84,16,54,13,67,81"/><W58/><G32/><T30/><D120/><U48/><E36/><V125/><F39/><W68/><G68/><T122/><D122/><U92/><E82/><V38/><F38/><W123/><G123/><T118/><D108/><U6/><E6/><V69/><F69/><W112/><G112/><T1/><D118/><U44/><E109/><V26/><F129/><W5/><REACH who="3" step="1"/><G97/><REACH who="3" ten="263,269,260,198" step="2"/><T119/><D115/><U35/><E35/><V37/><F37/><W110/><G110/><T46/><D119/><U41/><E117/><V79/><F53/><W12/><G12/><T72/><D1/><U80/><E133/><V71/><F71/><W34/><G34/><T23/><D66/><U127/><E132/><V21/><F26/><W73/><G73/><T131/><D74/><U61/><E98/><V70/><F70/><W114/><G114/><T11/><D72/><U96/><E96/><V50/><F87/><W134/><G134/><T0/><D0/><U3/><E3/><V75/><F85/><W49/><G49/><T94/><D55/><N who="1" m="30087" /><E107/><V78/><F50/><W24/><G24/><T88/><D51/><N who="1" m="27119" /><E61/><V106/><F75/><W56/><G56/><T52/><D14/><U45/><E45/><V135/><F135/><W93/><G93/><T28/><D94/><U116/><E116/><V128/><F106/><W31/><G31/><T2/><D28/><N who="1" m="17447" /><E80/><V29/><F105/><W42/><G42/><T60/><D30/><U43/><E43/><V63/><F29/><W130/><G130/><T57/><D40/><U83/><E83/><V91/><N who="2" m="19456" /><DORA hai="121" /><V124/><F128/><RYUUKYOKU ba="0,1" sc="263,-15,269,15,260,-15,198,15" hai1="92,99,103,127" hai3="5,8,9,13,15,16,54,58,62,65,67,81,84" /><INIT seed="3,1,1,2,2,77" ten="248,284,245,213" oya="3" hai0="51,25,60,93,96,123,34,16,88,55,74,44,2" hai1="80,114,105,50,61,56,94,46,53,11,12,64,14" hai2="135,5,124,73,30,97,92,42,126,0,89,21,82" hai3="26,40,13,15,41,76,98,19,118,69,106,71,122"/><W63/><G122/><T8/><D123/><U20/><E114/><V70/><F70/><W83/><G118/><T57/><D74/><U110/><E110/><V132/><F42/><W67/><G69/><T10/><D2/><U22/><E105/><V23/><F0/><W68/><G68/><T111/><D111/><U9/><E80/><V95/><F5/><W37/><G37/><T45/><D34/><U17/><E94/><V84/><F30/><W3/><G3/><T35/><D35/><U101/><E101/><N who="2" m="60583" /><F21/><W99/><G13/><N who="0" m="7207" /><D10/><U129/><E129/><V87/><F23/><W121/><G26/><T117/><D117/><U107/><E107/><V72/><F87/><W24/><G24/><T130/><D130/><U48/><E48/><V133/><F95/><W100/><G99/><T27/><D44/><U131/><E131/><V38/><F38/><W52/><G121/><T119/><D119/><U62/><E62/><V65/><F65/><AGARI ba="1,1" hai="25,27,45,51,55,57,60,65,88,93,96" m="7207" machi="65" ten="30,3900,0" yaku="8,1,54,2" doraHai="77" who="0" fromWho="2" sc="248,52,284,0,245,-42,213,0" owari="300,40.0,284,8.4,203,-29.7,213,-18.7" /></mjloggm>