<mjloggm ver="2.3"><GO type="225" lobby="0"/><UN n0="%E8%A8%88%E7%AE%97%E6%A9%9F%E8%87%AA%E7%84%B6" n1="%73%61%6E%64%69%72%69%73" n2="%E6%80%AA%E3%81%97%E3%81%99%E3%81%8E%E3%82%8B%E3%83%81%E3%83%BC" n3="%E5%84%AA%40%41%42%43" dan="17,16,16,17" rate="2249.03,2171.70,2123.07,2271.65" sx="M,M,M,M"/><TAIKYOKU oya="0"/><INIT seed="0,0,0,2,4,15" ten="250,250,250,250" oya="0" hai0="117,26,88,41,16,53,28,115,65,119,7,34,94" hai1="30,70,129,77,21,121,98,58,87,4,90,2,1" hai2="60,49,63,24,54,124,83,85,120,100,127,125,82" hai3="112,42,18,80,6,79,93,23,104,44,10,103,5"/><T39/><D115/><U32/><E70/><V111/><F120/><W9/><G104/><T74/><D7/><U78/><E32/><V64/><F111/><W43/><G112/><T134/><D74/><U72/><E72/><V50/><F100/><W109/><G109/><T25/><D65/><U48/><E129/><V17/><F64/><W128/><G128/><T114/><D114/><U108/><E121/><V81/><F85/><N who="3" m="48287" /><G6/><T96/><D134/><U37/><E37/><V116/><F116/><W51/><G42/><T135/><D135/><U76/><E98/><V55/><F17/><W31/><G31/><T11/><D53/><N who="2" m="19978" /><F24/><N who="3" m="14455" /><G5/><T46/><REACH who="0" step="1"/><D11/><REACH who="0" ten="240,250,250,250" step="2"/><U130/><E4/><V29/><F29/><W95/><G9/><T75/><D75/><U132/><E30/><V13/><F13/><W101/><G10/><T86/><D86/><U14/><E87/><V19/><F19/><W107/><G107/><T133/><D133/><U131/><E14/><V36/><F36/><W113/><G113/><T0/><D0/><U123/><E132/><V84/><F84/><W35/><G35/><T102/><D102/><AGARI ba="0,1" hai="43,44,51,93,95,101,102,103" m="14455,48287" machi="102" ten="30,2000,0" yaku="8,1,52,1" doraHai="15" who="3" fromWho="0" sc="240,-20,250,0,250,0,250,30" /><INIT seed="1,0,0,5,3,59" ten="220,250,250,280" oya="1" hai0="124,49,40,1,104,105,44,97,15,65,58,26,118" hai1="16,31,12,5,126,131,17,45,128,34,61,54,120" hai2="76,111,100,98,39,69,114,36,43,27,56,95,101" hai3="117,85,93,103,57,52,73,90,46,23,13,127,42"/><U108/><E120/><V64/><F69/><W99/><G73/><T110/><D1/><U14/><E126/><V80/><F111/><W122/><G127/><T78/><D118/><U2/><E45/><V60/><F114/><W51/><G117/><T132/><D124/><U33/><E54/><V68/><F43/><W77/><G77/><T6/><D110/><U123/><E61/><V72/><F100/><W70/><G70/><T121/><D121/><U86/><E86/><V75/><F75/><W71/><G71/><T82/><D132/><U35/><E31/><V119/><F119/><W20/><G13/><N who="1" m="5226" /><E123/><V29/><REACH who="2" step="1"/><F68/><REACH who="2" ten="220,250,240,280" step="2"/><W8/><G122/><T84/><D105/><U53/><E108/><V0/><F0/><W19/><G8/><N who="0" m="4503" /><D104/><U55/><E2/><V112/><F112/><W37/><REACH who="3" step="1"/><G19/><REACH who="3" ten="220,250,240,270" step="2"/><N who="1" m="7242" /><E5/><V10/><F10/><W32/><G32/><AGARI ba="0,2" hai="27,29,32,36,39,56,60,64,72,76,80,95,98,101" machi="32" ten="30,3900,0" yaku="1,1,7,1,52,1,53,0" doraHai="59" doraHaiUra="81" who="2" fromWho="3" sc="220,0,250,0,240,59,270,-39" /><INIT seed="2,0,0,0,1,122" ten="220,250,299,231" oya="2" hai0="96,68,61,19,51,64,95,102,6,69,85,30,117" hai1="62,65,23,72,7,135,63,21,3,8,134,130,20" hai2="116,70,37,2,0,25,18,42,16,100,108,84,82" hai3="32,107,94,10,105,52,31,75,114,98,80,54,126"/><V131/><F70/><W92/><G32/><T109/><D117/><U46/><E72/><V79/><F116/><W43/><G31/><T9/><D30/><U53/><E130/><V119/><F119/><W88/><G43/><T56/><D19/><U87/><E87/><V99/><F131/><W11/><G126/><T121/><D121/><U5/><E5/><V14/><F108/><W123/><G123/><T112/><D112/><U110/><E110/><V15/><F25/><W129/><G129/><T73/><D73/><U124/><E124/><V133/><F133/><N who="1" m="50697" /><E65/><V59/><F59/><W111/><G114/><T28/><D109/><U90/><E90/><V89/><F79/><W60/><G60/><N who="1" m="23082" /><E53/><N who="3" m="20586" /><G107/><T45/><D85/><U93/><E93/><V127/><F127/><W78/><G105/><T40/><REACH who="0" step="1"/><D28/><REACH who="0" ten="210,250,299,231" step="2"/><U113/><E113/><V44/><F18/><W71/><G75/><T47/><D47/><AGARI ba="0,1" hai="3,7,8,20,21,23,46,47" m="23082,50697" machi="47" ten="40,1300,0" yaku="20,1" doraHai="122" who="1" fromWho="0" sc="210,-13,250,23,299,0,231,0" /><INIT seed="3,0,0,3,1,37" ten="197,273,299,231" oya="3" hai0="28,20,40,0,96,108,49,61,125,18,82,133,24" hai1="134,52,77,135,69,59,55,91,13,3,4,107,103" hai2="6,95,93,118,109,11,129,97,72,115,58,19,65" hai3="79,62,46,124,74,122,81,36,78,5,45,113,51"/><W70/><G113/><T75/><D108/><U44/><E69/><V112/><F72/><W105/><G122/><T10/><D133/><U27/><E3/><V102/><F118/><W47/><G124/><T117/><D117/><U99/><E77/><V2/><F109/><W89/><G105/><T25/><D125/><U12/><E27/><V42/><F42/><W29/><G29/><T119/><D119/><U60/><E91/><V64/><F129/><W85/><G5/><T92/><D61/><U26/><E26/><V98/><F19/><W73/><G36/><T30/><D75/><U22/><E22/><V121/><F121/><W38/><G38/><T84/><D0/><U21/><E21/><V54/><F112/><W110/><G110/><T31/><D10/><U17/><E4/><V114/><F115/><W57/><G70/><T43/><D49/><N who="1" m="28711" /><E17/><V116/><F116/><W48/><G73/><T53/><D53/><U130/><E130/><V56/><F114/><W76/><REACH who="3" step="1"/><G74/><REACH who="3" ten="197,273,299,221" step="2"/><T94/><D25/><U39/><E39/><V86/><F6/><W120/><G120/><T9/><D9/><U100/><E107/><V128/><F11/><W111/><G111/><T104/><D104/><U90/><E135/><V34/><F128/><W71/><G71/><T15/><D24/><U41/><E134/><V8/><F8/><W50/><G50/><T68/><D68/><U66/><E60/><V80/><F2/><W33/><G33/><T101/><REACH who="0" step="1"/><D92/><REACH who="0" ten="187,273,299,221" step="2"/><U126/><E126/><V16/><F95/><W131/><G131/><T83/><D83/><U14/><E14/><RYUUKYOKU ba="0,2" sc="187,15,273,-15,299,-15,221,15" hai0="15,18,20,28,30,31,40,43,82,84,94,96,101" hai3="45,46,47,48,51,57,62,76,78,79,81,85,89" /><INIT seed="3,1,2,5,5,85" ten="202,258,284,236" oya="3" hai0="34,33,77,112,76,46,38,97,12,69,126,48,96" hai1="113,50,102,132,30,9,2,119,49,61,81,18,127" hai2="130,42,26,117,116,68,28,11,99,53,64,13,32" hai3="94,107,14,22,39,90,129,103,8,114,91,89,109"/><W40/><G114/><T15/><D38/><U44/><E113/><V133/><F133/><W82/><G107/><T73/><D112/><U134/><E127/><V51/><F130/><W57/><G129/><T56/><D69/><U120/><E120/><V105/><F42/><W29/><G39/><T54/><D126/><U80/><E30/><V16/><F51/><W67/><G40/><T78/><D73/><U3/><E102/><N who="2" m="62687" /><F53/><W17/><G109/><T88/><D33/><U10/><E61/><AGARI ba="1,2" hai="11,13,16,26,28,32,61,64,68,116,117" m="62687" machi="61" ten="30,2000,0" yaku="25,1,54,1" doraHai="85" who="2" fromWho="1" sc="202,0,258,-23,284,43,236,0" owari="202,-29.8,235,-16.5,327,42.7,236,3.6" /></mjloggm>