<mjloggm ver="2.3"><GO type="225" lobby="0"/><UN n0="%E3%81%82%E3%81%99%E3%81%AB%E3%82%83%E3%82%80" n1="%E3%81%8C%E3%81%9F" n2="%E3%83%99%E3%83%AB%E3%83%A2%E3%83%83%E3%83%88" n3="%E3%82%A2%E3%82%A4%E3%82%B9%E3%83%86%E3%82%A3%E3%83%BC%E3%81%82%E3%81%B9" dan="16,17,16,16" rate="2151.04,2144.53,2069.57,2081.26" sx="F,M,M,M"/><TAIKYOKU oya="0"/><INIT seed="0,0,0,0,4,93" ten="250,250,250,250" oya="0" hai0="92,35,43,117,126,95,48,36,127,11,122,59,1" hai1="73,65,89,71,105,42,114,83,46,53,5,101,76" hai2="77,15,18,116,61,8,119,74,91,66,9,132,79" hai3="12,24,94,87,85,33,27,60,68,13,32,31,111"/><T96/><D117/><N who="2" m="45130" /><F74/><W80/><G111/><T104/><D122/><U63/><E114/><V108/><F108/><W54/><G94/><T125/><D35/><U17/><E17/><V84/><F132/><W55/><G68/><T124/><D36/><U2/><E89/><V110/><F8/><W47/><G47/><N who="0" m="25727" /><D59/><U28/><E28/><V22/><F22/><W113/><G31/><T86/><D86/><U100/><E53/><V30/><F30/><W103/><G60/><T26/><D26/><U34/><E34/><V41/><F41/><W78/><G78/><T20/><D20/><U14/><E14/><V123/><F123/><W25/><G27/><T50/><D50/><U120/><E120/><V57/><F110/><W29/><G29/><T44/><D44/><U10/><REACH who="1" step="1"/><E105/><REACH who="1" ten="250,240,250,250" step="2"/><V52/><F66/><W21/><G113/><T115/><D115/><U62/><E62/><V121/><F121/><W81/><REACH who="3" step="1"/><G21/><REACH who="3" ten="250,240,250,240" step="2"/><T6/><D127/><U70/><E70/><V23/><F23/><W64/><G64/><T16/><D104/><U88/><E88/><V107/><F107/><W4/><G4/><T56/><D126/><U90/><E90/><V58/><F61/><W118/><G118/><T98/><D125/><U19/><E19/><V128/><F18/><W3/><G3/><T39/><D16/><U135/><E135/><V51/><F91/><W133/><G133/><T130/><D1/><U45/><E45/><V109/><F109/><W97/><G97/><T69/><D98/><U38/><AGARI ba="0,2" hai="2,5,10,38,42,46,63,65,71,73,76,83,100,101" machi="38" ten="20,12000,2" yaku="1,1,0,1,7,1,25,2,53,2" doraHai="93" doraHaiUra="99" who="1" fromWho="1" sc="250,-60,240,140,250,-30,240,-30" /><INIT seed="1,0,0,3,2,29" ten="190,380,220,210" oya="1" hai0="108,5,118,43,13,111,130,11,96,45,66,2,25" hai1="58,39,63,19,26,133,109,123,113,47,10,7,53" hai2="71,99,44,129,14,28,100,55,91,74,23,76,38" hai3="84,86,132,68,110,27,69,51,98,120,126,112,24"/><U105/><E113/><V67/><F129/><W49/><G110/><N who="0" m="42027" /><D118/><U83/><E109/><V32/><F32/><W115/><G98/><T57/><D130/><U16/><E123/><V36/><F91/><W73/><G73/><T59/><D96/><U89/><E105/><V82/><F71/><W61/><G61/><T119/><D119/><U52/><E133/><V114/><F67/><W72/><G72/><T1/><D25/><U34/><E39/><V77/><F77/><W48/><G51/><N who="0" m="27071" /><D66/><U103/><E103/><V135/><F135/><W37/><G132/><T116/><D116/><U0/><E47/><V104/><F114/><W65/><G65/><T33/><D57/><U21/><E53/><V124/><F55/><W9/><G37/><T125/><D59/><U134/><E134/><V97/><F44/><W64/><G64/><T56/><D56/><U46/><E46/><V101/><F97/><W12/><G120/><T79/><D79/><U117/><E117/><V90/><F100/><W20/><G126/><T127/><D33/><U106/><E106/><V54/><F124/><AGARI ba="0,0" hai="1,2,5,11,13,124,125,127" m="27071,42027" machi="124" ten="30,2000,0" yaku="18,1,14,1" doraHai="29" who="0" fromWho="2" sc="190,20,380,0,220,-20,210,0" /><INIT seed="2,0,0,4,2,130" ten="210,380,200,210" oya="2" hai0="2,101,77,6,74,111,24,92,18,78,133,99,48" hai1="22,71,28,127,14,27,114,107,7,44,45,91,122" hai2="62,76,57,23,58,21,47,37,109,110,124,103,41" hai3="117,75,82,32,123,33,10,129,51,128,8,108,20"/><V12/><F76/><W125/><G117/><T135/><D111/><N who="2" m="42506" /><F103/><W17/><G108/><T69/><D69/><U1/><E114/><V67/><F124/><W66/><G66/><T100/><D100/><U26/><E71/><N who="2" m="42487" /><F12/><W31/><G51/><T55/><D6/><U93/><E107/><V121/><F121/><W84/><G75/><T119/><D2/><U59/><E127/><V35/><F35/><N who="3" m="13387" /><G125/><T113/><D113/><U40/><E1/><V106/><F106/><W19/><G82/><T64/><D64/><U43/><E122/><V60/><F23/><W54/><G54/><T85/><D119/><U134/><E14/><V112/><F112/><W42/><G42/><T15/><D24/><U25/><E40/><V3/><F3/><W56/><G56/><N who="2" m="21609" /><F21/><W29/><G123/><T9/><D85/><U96/><E22/><V131/><F131/><N who="3" m="50251" /><G84/><T73/><D77/><U72/><E72/><V120/><F120/><W86/><G86/><T88/><D101/><U79/><E79/><V104/><F104/><W116/><G116/><T126/><D126/><U89/><E25/><V49/><F60/><W52/><G20/><T98/><D98/><U81/><E26/><V132/><F132/><N who="0" m="50762" /><D78/><U87/><E96/><V36/><AGARI ba="0,0" hai="36,37,41,47,49" m="21609,42487,42506" machi="36" ten="30,11700,0" yaku="14,1,10,1,34,2" doraHai="130" who="2" fromWho="2" sc="210,-39,380,-39,200,117,210,-39" /><INIT seed="2,1,0,5,0,43" ten="171,341,317,171" oya="2" hai0="7,48,19,73,76,95,40,12,2,89,21,131,79" hai1="122,123,103,14,59,38,74,57,53,25,36,104,115" hai2="45,70,83,18,54,46,22,99,72,1,52,31,120" hai3="51,77,16,119,134,68,66,34,3,84,82,47,114"/><V33/><F120/><N who="1" m="46121" /><E115/><V60/><F1/><W0/><G134/><T112/><D112/><U35/><E74/><V100/><F72/><W6/><G114/><T81/><D79/><U130/><E130/><V90/><F33/><W50/><G34/><T118/><D118/><U125/><E125/><V117/><F31/><W64/><G51/><T105/><D105/><U106/><E14/><N who="2" m="9559" /><F70/><W121/><G121/><T101/><D101/><U107/><E103/><V75/><F75/><W24/><G119/><T69/><D69/><U128/><E128/><V97/><F117/><W62/><G66/><T88/><D131/><U5/><E5/><V132/><F132/><W126/><G6/><T98/><D7/><U111/><E111/><V102/><F83/><W4/><G4/><T15/><D2/><U116/><E116/><V133/><F133/><W129/><G126/><T67/><D67/><U93/><E93/><N who="2" m="56503" /><F99/><W65/><G65/><T41/><D12/><U86/><E86/><V135/><F135/><W11/><G129/><T17/><D17/><U29/><E38/><V13/><F102/><W63/><G11/><T61/><D89/><U30/><E36/><V44/><F100/><W42/><REACH who="3" step="1"/><G63/><REACH who="3" ten="171,341,317,161" step="2"/><T113/><D61/><U124/><E124/><V94/><F60/><W56/><G56/><T20/><D113/><U10/><E57/><V23/><F94/><W28/><G28/><T39/><D39/><U26/><E10/><V127/><F127/><W8/><G8/><N who="0" m="6631" /><D48/><N who="1" m="31143" /><E30/><V55/><F13/><W87/><G87/><T27/><D20/><AGARI ba="1,1" hai="20,23,44,45,46,52,54,55" m="56503,9559" machi="20" ten="30,12000,1" yaku="8,1,52,3,54,1" doraHai="43" who="2" fromWho="0" sc="171,-123,341,0,317,133,161,0" /><AGARI ba="1,0" hai="0,3,16,20,24,42,47,50,62,64,68,77,82,84" machi="20" ten="40,5200,0" yaku="1,1,52,1,54,1,53,0" doraHai="43" doraHaiUra="91" who="3" fromWho="0" sc="48,-52,341,0,450,0,161,52" owari="-4,-50.4,341,14.1,450,55.0,213,-18.7" /></mjloggm>