<mjloggm ver="2.3"><GO type="225" lobby="0"/><UN n0="%77%72%77%72%77%72%77%72" n1="%E3%81%99%E3%81%84%E3%81%BE%E3%81%9B%E3%83%BC%E3%82%93" n2="%E3%82%A2%E3%82%A4%E3%82%B9%E3%83%86%E3%82%A3%E3%83%BC%E3%81%82%E3%81%B9" n3="%72%69%6F%75%63%68%61%6E" dan="17,17,16,16" rate="2244.30,2229.69,2078.80,2129.22" sx="M,M,M,M"/><TAIKYOKU oya="0"/><INIT seed="0,0,0,4,1,131" ten="250,250,250,250" oya="0" hai0="75,58,90,100,122,71,66,128,55,91,82,13,46" hai1="43,133,113,67,3,30,44,11,72,21,5,39,0" hai2="15,68,20,109,97,40,105,85,111,92,1,103,42" hai3="83,35,132,24,118,37,61,31,9,32,94,10,27"/><T80/><D122/><U76/><E133/><V63/><F1/><W6/><G118/><T23/><D128/><U73/><E113/><V101/><F68/><W22/><G37/><T127/><D127/><U45/><E67/><V54/><F63/><W65/><G132/><T126/><D126/><U59/><E59/><V98/><F54/><W70/><G83/><N who="0" m="31787" /><D71/><U96/><E76/><V86/><F20/><W41/><G41/><T57/><D100/><U79/><E79/><V29/><F15/><W77/><G77/><T84/><D75/><U74/><E0/><V87/><REACH who="2" step="1"/><F29/><REACH who="2" ten="250,250,240,250" step="2"/><W104/><G22/><T69/><D69/><U124/><E124/><V38/><F38/><W106/><G10/><T88/><D66/><U25/><E39/><V64/><F64/><W14/><G94/><T16/><D46/><U28/><E28/><AGARI ba="0,1" hai="6,9,14,24,27,28,31,32,35,61,65,70,104,106" machi="28" ten="40,1300,0" yaku="9,1" doraHai="131" who="3" fromWho="1" sc="250,0,250,-13,240,0,250,23" /><INIT seed="1,0,0,3,3,109" ten="250,237,240,273" oya="1" hai0="52,1,17,42,35,27,91,57,7,18,54,60,79" hai1="33,58,40,82,76,120,47,55,39,2,6,85,72" hai2="105,23,31,13,22,131,112,77,24,78,46,67,129" hai3="69,121,48,4,132,122,97,29,45,71,98,110,114"/><U68/><E120/><V75/><F105/><W81/><G114/><T21/><D35/><U8/><E33/><V94/><F67/><W25/><G110/><T3/><D42/><U119/><E85/><V116/><F116/><W15/><G132/><T89/><D79/><U96/><E96/><V111/><F111/><W80/><G98/><T73/><D73/><U65/><E65/><V88/><F112/><W26/><G97/><T86/><D7/><U34/><E34/><V127/><F127/><W123/><G4/><T84/><D1/><U115/><E68/><V135/><F135/><W118/><G15/><T41/><D41/><U125/><E125/><V43/><F75/><W104/><G104/><T66/><D3/><U64/><E64/><V0/><F0/><W28/><G118/><T130/><D130/><N who="2" m="49674" /><F13/><W90/><G90/><N who="0" m="34315" /><D17/><U51/><E119/><V5/><F23/><W103/><G103/><T44/><D44/><U20/><E20/><V102/><F5/><W95/><G95/><T59/><D66/><U101/><E101/><V56/><F56/><W36/><G36/><T74/><D74/><U70/><E70/><N who="3" m="26634" /><G45/><T10/><D10/><U37/><REACH who="1" step="1"/><E115/><REACH who="1" ten="250,227,240,273" step="2"/><V16/><F102/><W49/><G123/><T93/><D93/><U11/><E11/><V30/><F78/><W63/><G122/><T107/><D107/><U62/><AGARI ba="0,1" hai="2,6,8,37,39,40,47,51,55,58,62,72,76,82" machi="62" ten="20,3900,0" yaku="1,1,0,1,7,1,53,0" doraHai="109" doraHaiUra="113" who="1" fromWho="1" sc="250,-13,227,49,240,-13,273,-13" /><INIT seed="1,1,0,1,5,76" ten="237,276,227,260" oya="1" hai0="16,83,103,38,40,3,128,35,34,15,119,46,123" hai1="98,65,91,70,37,51,81,108,121,73,66,96,17" hai2="42,71,33,110,101,32,134,8,88,89,61,94,57" hai3="79,28,60,127,9,14,48,74,27,111,113,31,26"/><U45/><E121/><V130/><F110/><W4/><G113/><T72/><D119/><U75/><E37/><V21/><F71/><W97/><G111/><T0/><D123/><U49/><E108/><V58/><F134/><W82/><G127/><T6/><D128/><U39/><E39/><V22/><F42/><W20/><G48/><T112/><D103/><U106/><E75/><V55/><F130/><W56/><G97/><N who="1" m="37482" /><E73/><V132/><F101/><W85/><G74/><T95/><D95/><U7/><E7/><V59/><F8/><W129/><G129/><T77/><D112/><U10/><E70/><V124/><F132/><W13/><G13/><T25/><D25/><N who="3" m="9225" /><G20/><N who="0" m="11295" /><D0/><U92/><E51/><V87/><F124/><W109/><G109/><T116/><D116/><U80/><E106/><V44/><F44/><W120/><G120/><T54/><D54/><AGARI ba="1,0" hai="4,9,14,28,31,54,56,60,79,82,85" m="9225" machi="54" ten="30,2000,0" yaku="8,1,52,1" doraHai="76" who="3" fromWho="0" sc="237,-23,276,0,227,0,260,23" /><INIT seed="2,0,0,3,0,72" ten="214,276,227,283" oya="2" hai0="14,17,23,6,5,91,8,112,39,134,64,4,7" hai1="11,113,20,115,89,111,50,48,65,67,109,128,18" hai2="73,31,116,81,3,90,25,133,70,82,22,0,59" hai3="129,87,58,96,32,100,76,130,62,107,105,63,101"/><V13/><F70/><W127/><G32/><T46/><D112/><U71/><E128/><N who="3" m="49258" /><G127/><T131/><D131/><U24/><E11/><V27/><F116/><W56/><G87/><T19/><D134/><U28/><E89/><V57/><F133/><W52/><G76/><T79/><D64/><N who="1" m="24651" /><E71/><V108/><F108/><N who="1" m="41545" /><E28/><V93/><F3/><W85/><G85/><T30/><D79/><U75/><E75/><V54/><F0/><W80/><G80/><N who="2" m="30825" /><F73/><W29/><G29/><T66/><D66/><U132/><E132/><V120/><F120/><W88/><G88/><T98/><D30/><U26/><E26/><N who="2" m="16855" /><F13/><W40/><G40/><T104/><D104/><N who="3" m="40009" /><G96/><T103/><D103/><N who="3" m="39497" /><G58/><N who="2" m="22025" /><F54/><W99/><G99/><AGARI ba="0,0" hai="25,27,90,93,99" m="22025,16855,30825" machi="99" ten="30,1500,0" yaku="8,1" doraHai="72" who="2" fromWho="3" sc="214,0,276,0,227,15,283,-15" /><INIT seed="2,1,0,3,5,51" ten="214,276,242,268" oya="2" hai0="11,83,10,30,95,134,126,112,88,131,17,38,105" hai1="14,91,75,80,107,76,111,1,27,120,69,90,41" hai2="130,33,108,122,36,21,62,99,87,135,128,7,129" hai3="0,56,127,92,40,65,79,53,133,117,13,31,78"/><V72/><F72/><W71/><G117/><T9/><D112/><U96/><E1/><V81/><F33/><W55/><G0/><T113/><D113/><U58/><E69/><V100/><F36/><W24/><G127/><T98/><D126/><U115/><E115/><V70/><F7/><W116/><G116/><T118/><D118/><U82/><E41/><V84/><F122/><W54/><G133/><T39/><D131/><U8/><E111/><V121/><F121/><W109/><G71/><T106/><D134/><U16/><E120/><V77/><F135/><W50/><G109/><T124/><D124/><U19/><E82/><V32/><F32/><W52/><G13/><T123/><D123/><U104/><E58/><V45/><F45/><N who="3" m="25895" /><G65/><T119/><D119/><U86/><E75/><N who="2" m="43199" /><F108/><W67/><G67/><T49/><D30/><U68/><E68/><V73/><F73/><W44/><G44/><T3/><D3/><U85/><E76/><N who="3" m="29226" /><G92/><T114/><D114/><U59/><E107/><N who="2" m="63903" /><F21/><N who="3" m="15759" /><G54/><T110/><D110/><U89/><E104/><V132/><F132/><W64/><G64/><AGARI ba="1,0" hai="62,64,70,84,87,128,129,130" m="63903,43199" machi="64" ten="30,1500,0" yaku="19,1" doraHai="51" who="2" fromWho="3" sc="214,0,276,0,242,18,268,-18" /><INIT seed="2,2,0,4,1,135" ten="214,276,260,250" oya="2" hai0="1,129,95,71,11,127,38,17,112,93,77,108,35" hai1="25,39,119,87,62,131,33,104,110,41,98,36,126" hai2="31,51,49,50,30,115,67,82,114,92,52,5,106" hai3="8,3,61,15,103,22,83,68,58,28,124,9,32"/><V91/><F106/><W70/><G124/><T47/><D112/><U27/><E119/><V128/><F128/><W123/><G123/><T23/><D35/><U133/><E133/><V2/><F67/><W132/><G132/><T99/><D71/><U48/><E33/><V120/><F120/><W80/><G103/><T101/><D129/><U63/><E98/><V55/><F82/><W37/><G37/><T54/><D108/><U66/><E66/><V134/><F134/><W79/><G32/><T97/><D77/><U122/><E104/><V86/><F2/><W84/><G3/><T109/><D109/><U69/><E69/><V29/><REACH who="2" step="1"/><F5/><REACH who="2" ten="214,276,250,250" step="2"/><W4/><G83/><T113/><D1/><U20/><E131/><V24/><F24/><W21/><G70/><T14/><D113/><AGARI ba="2,1" hai="29,30,31,49,50,51,52,55,86,91,92,113,114,115" machi="113" ten="50,4800,0" yaku="1,1,54,1,53,0" doraHai="135" doraHaiUra="19" who="2" fromWho="0" sc="214,-54,276,0,250,64,250,0" /><INIT seed="2,3,0,5,4,115" ten="160,276,314,250" oya="2" hai0="54,4,30,56,34,24,87,111,75,117,13,0,98" hai1="106,124,20,93,126,3,128,26,80,37,104,72,112" hai2="48,10,17,27,108,82,132,131,25,69,5,21,31" hai3="16,89,29,119,35,73,103,46,43,110,88,32,95"/><V86/><F69/><W134/><G119/><T123/><D123/><U2/><E112/><V59/><F132/><W122/><G122/><T61/><D75/><U38/><E93/><V109/><F131/><W83/><G134/><T7/><D111/><N who="2" m="42570" /><F59/><W42/><G110/><T40/><D0/><N who="1" m="43" /><E128/><V9/><F48/><W62/><G29/><T14/><D40/><U57/><E57/><V99/><F99/><W133/><G133/><T116/><D98/><U74/><E80/><V39/><F5/><N who="0" m="2122" /><D87/><U28/><E106/><V44/><F44/><W60/><G73/><N who="1" m="28266" /><E104/><V70/><F70/><W102/><G46/><T81/><D81/><U91/><E91/><N who="2" m="51671" /><F39/><AGARI ba="3,0" hai="20,26,28,37,38,39,124,126" m="28266,43" machi="39" ten="40,2600,0" yaku="26,2" doraHai="115" who="1" fromWho="2" sc="160,0,276,35,314,-35,250,0" /><INIT seed="3,0,0,5,1,113" ten="160,311,279,250" oya="3" hai0="34,94,18,61,85,83,9,39,103,48,30,111,58" hai1="20,36,44,86,40,126,29,71,19,65,87,11,95" hai2="129,55,77,1,52,16,62,13,49,45,0,38,79" hai3="107,28,35,104,26,131,24,134,4,25,105,118,108"/><W14/><G118/><T54/><D111/><U102/><E65/><V90/><F38/><W120/><G120/><T119/><D39/><U78/><E71/><V123/><F123/><W6/><G108/><T68/><D34/><U3/><E78/><V12/><F12/><W132/><G131/><T112/><D112/><U46/><E46/><V96/><F129/><W56/><G56/><T51/><D30/><U92/><E29/><V5/><F5/><N who="3" m="2155" /><G14/><T2/><D2/><U98/><E126/><V27/><F27/><W97/><G97/><T99/><D68/><U8/><E3/><V93/><F0/><W127/><G127/><T74/><D74/><U31/><E31/><V17/><F1/><W82/><G82/><T70/><D70/><U116/><E116/><V110/><F110/><W135/><AGARI ba="0,0" hai="24,25,26,28,35,104,105,107,132,134,135" m="2155" machi="135" ten="40,2100,0" yaku="20,1" doraHai="113" who="3" fromWho="3" sc="160,-7,311,-7,279,-7,250,21" /><INIT seed="3,1,0,1,2,135" ten="153,304,272,271" oya="3" hai0="86,38,44,69,130,34,71,15,1,14,79,75,46" hai1="80,40,129,32,126,102,74,59,124,53,121,132,66" hai2="105,63,61,35,31,83,84,51,65,125,54,111,104" hai3="73,115,62,123,49,29,122,107,133,24,7,3,36"/><W58/><G115/><T119/><D119/><U47/><E121/><V41/><F125/><N who="1" m="48233" /><E32/><V45/><F111/><W100/><G36/><T103/><D34/><U116/><E132/><V60/><F65/><W95/><G107/><T22/><D75/><U117/><E66/><V30/><F35/><W8/><G73/><T89/><D1/><U98/><E129/><V68/><F68/><W85/><G49/><T42/><D130/><U127/><E127/><V11/><F11/><W27/><G27/><T82/><D103/><U26/><E26/><V52/><F105/><W106/><G106/><T94/><D44/><U120/><E120/><V77/><F104/><W17/><G17/><T28/><D28/><AGARI ba="1,0" hai="28,30,31,41,45,51,52,54,60,61,63,77,83,84" machi="28" ten="40,2600,0" yaku="8,1,54,1" doraHai="135" who="2" fromWho="0" sc="153,-29,304,0,272,29,271,0" owari="124,-37.6,304,40.4,301,10.1,271,-12.9" /></mjloggm>