<mjloggm ver="2.3"><GO type="225" lobby="0"/><UN n0="%E3%82%89%E3%81%84%E3%81%82%E3%82%93%E3%81%98%E3%82%83%E3%82%93" n1="%E3%82%B0%E3%83%AA%E3%82%B0%E3%83%AA%E6%A3%92" n2="%72%69%6F%75%63%68%61%6E" n3="%E3%82%BC%E3%83%AB%E3%83%80%E3%81%AE%E4%BC%9D%E8%AA%AC" dan="17,17,17,16" rate="2134.52,2130.44,2193.86,2178.99" sx="M,M,M,M"/><TAIKYOKU oya="0"/><INIT seed="0,0,0,2,0,107" ten="250,250,250,250" oya="0" hai0="79,113,51,124,11,131,59,94,74,125,73,109,92" hai1="32,17,77,86,41,96,130,16,82,114,13,21,120" hai2="47,93,37,126,29,128,33,127,30,91,108,15,95" hai3="98,53,101,121,66,111,90,119,106,19,9,83,118"/><T52/><D113/><U112/><E120/><V81/><F108/><W115/><G115/><T100/><D109/><U50/><E130/><V43/><F128/><W63/><G111/><T80/><D131/><U55/><E32/><V14/><F81/><W4/><G121/><T6/><D73/><U44/><E96/><V116/><F116/><W76/><G53/><T56/><D56/><U45/><REACH who="1" step="1"/><E17/><REACH who="1" ten="250,240,250,250" step="2"/><V23/><F33/><W26/><G19/><T46/><D100/><U123/><E123/><V99/><F29/><W85/><G118/><T67/><D124/><N who="2" m="47658" /><F93/><W18/><G119/><T70/><D125/><U5/><E5/><V87/><F99/><W12/><G18/><T54/><D70/><U78/><E78/><V61/><F61/><W3/><G76/><T117/><D117/><U1/><E1/><V10/><F10/><W2/><REACH who="3" step="1"/><G26/><AGARI ba="0,1" hai="14,15,23,26,30,37,43,47,87,91,95" m="47658" machi="26" ten="30,1000,0" yaku="18,1" doraHai="107" who="2" fromWho="3" sc="250,0,240,0,250,20,250,-10" /><INIT seed="1,0,0,1,4,92" ten="250,240,270,240" oya="1" hai0="34,12,132,112,68,114,19,29,131,88,123,56,11" hai1="98,99,107,69,81,102,130,21,52,127,67,6,27" hai2="35,117,96,135,70,51,126,59,75,30,55,100,58" hai3="62,115,95,125,122,4,133,43,121,10,20,74,42"/><U83/><E127/><V119/><F70/><W77/><G115/><T120/><D68/><U108/><E130/><V0/><F126/><W17/><G125/><T97/><D56/><U110/><E6/><V16/><F135/><W22/><G133/><T61/><D61/><N who="1" m="40175" /><E52/><V33/><F0/><W87/><G74/><T72/><D72/><U106/><E27/><V93/><F75/><W31/><G121/><T32/><D131/><U79/><E21/><V36/><F36/><W49/><G122/><N who="0" m="46635" /><D132/><U37/><E37/><V53/><F16/><W38/><G62/><T73/><D73/><N who="1" m="43247" /><E83/><V3/><F3/><W71/><G38/><T26/><D34/><U40/><E40/><V46/><F58/><W94/><G71/><T78/><D78/><U111/><E102/><V23/><F23/><W76/><G17/><T80/><D80/><U50/><E50/><V66/><F66/><W109/><G49/><T113/><D112/><U1/><E1/><V28/><F33/><W14/><G77/><T85/><D85/><U116/><E116/><V129/><F129/><W128/><G22/><T54/><D54/><U82/><E82/><V124/><F124/><W57/><G128/><T18/><D18/><U89/><E89/><V65/><F65/><W8/><G57/><T13/><D13/><U91/><E91/><V9/><F9/><W105/><G8/><T104/><D88/><U63/><E63/><N who="2" m="36335" /><F35/><W39/><G10/><T84/><D84/><U24/><E24/><V7/><F7/><W64/><G87/><T15/><D15/><U44/><E44/><V86/><F86/><RYUUKYOKU ba="0,0" sc="250,10,240,10,270,10,240,-30" hai0="11,12,19,26,29,32,97,104,113,114" hai1="98,99,106,107,108,110,111" hai2="28,30,46,51,55,93,96,100,117,119" /><INIT seed="1,1,0,1,4,134" ten="260,250,280,210" oya="1" hai0="2,82,41,18,50,58,77,57,106,39,62,111,40" hai1="67,13,92,25,22,96,99,27,107,123,1,7,30" hai2="56,36,11,45,53,46,68,75,94,35,49,9,95" hai3="65,55,116,129,17,44,124,42,43,71,29,115,79"/><U10/><E123/><V6/><F35/><W66/><G29/><T38/><D106/><U103/><E67/><N who="3" m="25610" /><G17/><T83/><D18/><U72/><E72/><V73/><F68/><W61/><G79/><T131/><D2/><U80/><E80/><V93/><F9/><W51/><G115/><T52/><D77/><U85/><E85/><V23/><F23/><W16/><G16/><T63/><D50/><U26/><REACH who="1" step="1"/><E1/><REACH who="1" ten="260,240,280,210" step="2"/><V28/><F75/><W132/><G132/><T20/><D82/><U108/><E108/><V19/><F73/><W100/><G116/><T12/><D83/><U54/><E54/><V126/><F53/><W130/><G124/><T78/><D52/><U101/><AGARI ba="1,1" hai="7,10,13,22,25,26,27,30,92,96,99,101,103,107" machi="101" ten="20,3900,0" yaku="1,1,0,1,7,1,53,0" doraHai="134" doraHaiUra="109" who="1" fromWho="1" sc="260,-14,240,52,280,-14,210,-14" /><INIT seed="1,2,0,3,4,69" ten="246,292,266,196" oya="1" hai0="23,2,12,75,44,34,119,61,14,121,5,32,125" hai1="108,65,55,87,26,48,89,116,59,60,30,7,45" hai2="4,92,19,17,82,106,84,113,53,86,77,9,112" hai3="1,122,109,27,111,64,28,24,76,120,90,132,81"/><U18/><E116/><V103/><F106/><W56/><G64/><T41/><D119/><U51/><E108/><N who="3" m="41546" /><G56/><T38/><D125/><U74/><E74/><V126/><F126/><W16/><G90/><T93/><D121/><N who="3" m="46697" /><G81/><T118/><D118/><U101/><E7/><V22/><F53/><W98/><G98/><T21/><D75/><U39/><E18/><V13/><F17/><W129/><G76/><T114/><D114/><N who="2" m="44138" /><F103/><W80/><G80/><T97/><D5/><U107/><E107/><V0/><F92/><W66/><G66/><T128/><D93/><U11/><E11/><V78/><F78/><W20/><G132/><T52/><D52/><U131/><E101/><V110/><F110/><W104/><G104/><T36/><D61/><U117/><E117/><V96/><F96/><W42/><G42/><T99/><D41/><U94/><E51/><V85/><AGARI ba="2,0" hai="0,4,9,13,19,22,77,82,84,85,86" m="44138" machi="85" ten="30,1100,0" yaku="11,1" doraHai="69" who="2" fromWho="2" sc="246,-5,292,-7,266,17,196,-5" /><INIT seed="2,0,0,4,1,71" ten="241,285,283,191" oya="2" hai0="98,51,127,128,66,126,27,41,9,14,104,48,33" hai1="87,82,18,121,55,1,11,4,54,100,119,124,117" hai2="114,96,28,21,93,6,97,108,61,38,92,22,36" hai3="52,133,23,75,31,59,74,90,115,13,109,49,116"/><V67/><F114/><W111/><G116/><T84/><D128/><U113/><E113/><V72/><F72/><W132/><G115/><T63/><D84/><U58/><E124/><N who="0" m="47657" /><D41/><U86/><E121/><V118/><F118/><W44/><G90/><T42/><D42/><U105/><E86/><V68/><F108/><N who="3" m="41547" /><G44/><T73/><D73/><N who="3" m="27657" /><G13/><T57/><D98/><U40/><E40/><V19/><F6/><W56/><G56/><T3/><D104/><U78/><E54/><V135/><F135/><N who="3" m="51787" /><G23/><T88/><D88/><U131/><E131/><V76/><F76/><W25/><G31/><N who="0" m="19711" /><D3/><U65/><E119/><V81/><F81/><W46/><G46/><T15/><D15/><U37/><E1/><V35/><F35/><W103/><G25/><T45/><D45/><U39/><E82/><V99/><F28/><W24/><G24/><T83/><D83/><U64/><E117/><V30/><F30/><W32/><G32/><T5/><AGARI ba="0,0" hai="5,9,14,48,51,57,63,66" m="19711,47657" machi="5" ten="30,1100,0" yaku="18,1" doraHai="71" who="0" fromWho="0" sc="241,11,285,-3,283,-5,191,-3" /><INIT seed="3,0,0,1,0,55" ten="252,282,278,188" oya="3" hai0="20,57,30,75,106,70,87,97,58,0,115,47,113" hai1="39,22,82,15,21,121,40,76,54,117,127,124,108" hai2="14,69,86,90,110,27,56,94,1,4,79,29,46" hai3="38,72,8,89,116,135,85,119,42,36,32,81,49"/><W33/><G135/><T5/><D70/><U98/><E121/><V88/><F69/><W99/><G72/><T92/><D75/><U125/><E108/><V12/><F110/><W71/><G71/><T111/><D111/><U53/><E117/><V77/><F46/><W19/><G49/><T100/><D47/><N who="1" m="23967" /><E98/><N who="2" m="57671" /><F1/><W128/><G128/><T134/><D134/><U24/><E15/><N who="2" m="5675" /><F4/><W13/><G99/><T129/><D129/><U52/><E24/><V23/><F56/><N who="0" m="21610" /><D20/><U10/><E10/><V59/><F59/><W122/><G122/><T67/><D30/><U95/><E95/><AGARI ba="0,0" hai="23,27,29,77,79,86,90,95" m="5675,57671" machi="95" ten="30,2000,0" yaku="8,1,54,1" doraHai="55" who="2" fromWho="1" sc="252,0,282,-20,278,20,188,0" /><INIT seed="4,0,0,2,3,66" ten="252,262,298,188" oya="0" hai0="31,29,125,61,71,104,34,134,102,132,50,47,59" hai1="131,37,15,7,98,126,45,20,11,127,133,28,99" hai2="72,103,90,80,78,84,0,42,64,25,53,33,93" hai3="30,36,57,69,128,86,26,41,46,8,48,9,1"/><T67/><D125/><N who="1" m="47627" /><E131/><V130/><F0/><W58/><G128/><T62/><D102/><U88/><E133/><N who="0" m="51305" /><D104/><U79/><E79/><V82/><F130/><W43/><G69/><N who="0" m="42223" /><D34/><U22/><E28/><V10/><F42/><W119/><G119/><T32/><D32/><U100/><E100/><V24/><F33/><W18/><G1/><T106/><D106/><U97/><E88/><V115/><F115/><W5/><G18/><T108/><D108/><U87/><E87/><N who="2" m="48535" /><F64/><W51/><G86/><T94/><D94/><U116/><E116/><V21/><F72/><W76/><G76/><T60/><D59/><N who="3" m="22537" /><G36/><T120/><D120/><U91/><E91/><N who="2" m="51607" /><F103/><W85/><G85/><T3/><D3/><U111/><E111/><V16/><F10/><N who="3" m="4203" /><G5/><T101/><D101/><U83/><E83/><V14/><F53/><N who="3" m="29847" /><G51/><T54/><D60/><U2/><E2/><V77/><F77/><W95/><G95/><T74/><D74/><U123/><E123/><V17/><F17/><W19/><G19/><T129/><D129/><U121/><E121/><V112/><F112/><W13/><G13/><T40/><D54/><U105/><E105/><V35/><F35/><W65/><G65/><AGARI ba="0,0" hai="29,31,40,47,50,62,65,71" m="42223,51305" machi="65" ten="30,5800,0" yaku="20,1,52,2" doraHai="66" who="0" fromWho="3" sc="252,58,262,0,298,0,188,-58" owari="310,41.0,262,-13.8,298,9.8,130,-37.0" /></mjloggm>