<mjloggm ver="2.3"><GO type="225" lobby="0"/><UN n0="%28%EF%BF%A3%E2%96%BD%EF%BF%A3%29%CE%B4%E2%8C%92%E3%83%BB" n1="%E5%84%AA%40%41%42%43" n2="%E5%8D%A0%E3%81%84%E5%B8%AB%E8%A3%8F%E3%81%AA%E3%81%84%E3%81%97" n3="%72%69%6F%75%63%68%61%6E" dan="16,17,16,17" rate="2124.03,2173.47,2107.92,2184.22" sx="M,M,M,M"/><TAIKYOKU oya="0"/><INIT seed="0,0,0,5,1,111" ten="250,250,250,250" oya="0" hai0="123,101,59,55,71,0,94,110,75,89,105,99,78" hai1="96,2,125,68,69,86,97,41,14,66,9,16,30" hai2="20,132,35,53,82,77,103,76,10,80,124,104,52" hai3="34,117,45,113,13,44,84,29,50,83,46,85,133"/><T47/><D0/><U122/><E122/><V24/><F35/><W62/><G113/><T134/><D71/><U112/><E125/><V102/><F124/><W51/><G117/><T74/><D123/><U8/><E41/><V1/><F104/><W107/><G133/><T88/><D134/><U37/><E37/><V61/><F132/><W127/><G127/><T73/><D110/><U49/><E30/><V38/><F38/><W98/><G13/><T131/><D131/><U106/><E49/><V27/><F20/><W119/><G119/><T81/><D47/><U32/><E32/><V116/><F1/><W130/><G130/><T114/><D114/><U60/><E68/><V108/><F61/><W43/><G62/><T28/><D28/><U42/><E42/><V70/><F70/><W21/><G34/><T64/><D64/><U26/><E26/><V93/><F93/><W7/><G7/><T12/><D12/><U135/><E112/><V100/><F116/><W15/><G83/><N who="2" m="31785" /><F10/><W56/><G56/><T126/><D89/><U91/><E106/><V120/><F120/><W79/><G79/><N who="2" m="30281" /><F108/><W118/><G118/><T115/><D115/><U3/><E135/><V4/><F4/><W87/><G43/><T95/><D126/><U18/><E2/><V54/><AGARI ba="0,0" hai="24,27,52,53,54,100,102,103" m="30281,31785" machi="54" ten="40,8000,1" yaku="28,2,8,1,54,1" doraHai="111" who="2" fromWho="2" sc="250,-40,250,-20,250,80,250,-20" /><INIT seed="1,0,0,3,2,19" ten="210,230,330,230" oya="1" hai0="113,48,131,78,105,126,58,5,104,73,88,16,18" hai1="43,90,98,33,50,102,61,82,51,46,107,53,45" hai2="123,94,124,116,121,64,62,35,42,130,110,65,106" hai3="22,14,59,125,129,118,40,0,24,47,4,119,38"/><U112/><E112/><V31/><F106/><W10/><G125/><T120/><D113/><U114/><E114/><V8/><F116/><N who="3" m="44587" /><G129/><T12/><D131/><U32/><E61/><V68/><F124/><W127/><G127/><T27/><D126/><U132/><E132/><V99/><F110/><W55/><G0/><T91/><D5/><U71/><E71/><V20/><F42/><W92/><G92/><T100/><D120/><U9/><E9/><V7/><F35/><W109/><G109/><T128/><D128/><U25/><E25/><N who="2" m="16807" /><F65/><W23/><G24/><T44/><D58/><U77/><REACH who="1" step="1"/><E90/><REACH who="1" ten="210,220,330,230" step="2"/><V108/><F130/><W49/><AGARI ba="0,1" hai="4,10,14,22,23,38,40,47,49,55,59" m="44587" machi="49" ten="30,4000,0" yaku="12,1,52,2" doraHai="19" who="3" fromWho="3" sc="210,-10,220,-20,330,-10,230,50" /><INIT seed="2,0,0,5,3,67" ten="200,200,320,280" oya="2" hai0="106,17,30,42,81,87,89,107,59,105,97,109,122" hai1="27,98,117,108,54,7,50,9,48,47,55,28,132" hai2="62,80,84,25,23,31,37,60,26,40,64,11,91" hai3="74,52,135,16,101,49,29,14,1,71,75,78,120"/><V100/><F37/><W124/><G120/><T92/><D30/><U96/><E117/><V36/><F36/><W77/><G1/><T51/><D122/><U21/><E108/><V38/><F38/><W86/><G71/><T103/><D109/><U15/><REACH who="1" step="1"/><E132/><REACH who="1" ten="200,190,320,280" step="2"/><V12/><F100/><W130/><G135/><T3/><D103/><U83/><E83/><V24/><F40/><W114/><G101/><T19/><D42/><U10/><E10/><V121/><F121/><W2/><G114/><T123/><D123/><U104/><E104/><V6/><REACH who="2" step="1"/><F60/><REACH who="2" ten="200,190,310,280" step="2"/><W72/><G72/><T73/><D73/><U88/><E88/><V13/><F13/><W115/><G74/><T93/><D107/><U94/><E94/><V8/><F8/><W53/><G75/><T99/><D106/><U35/><E35/><V68/><AGARI ba="0,2" hai="6,11,12,23,24,25,26,31,62,64,68,80,84,91" machi="68" ten="20,12000,1" yaku="1,1,0,1,7,1,52,1,53,1" doraHai="67" doraHaiUra="79" who="2" fromWho="2" sc="200,-40,190,-40,310,140,280,-40" /><INIT seed="2,1,0,4,1,46" ten="160,150,450,240" oya="2" hai0="25,40,116,110,53,108,3,55,71,89,27,75,23" hai1="39,63,2,15,48,62,115,93,4,85,16,19,36" hai2="42,20,73,77,112,44,119,11,8,60,95,99,64" hai3="0,10,49,5,47,97,78,101,59,65,28,120,79"/><V72/><F112/><W33/><G120/><T70/><D116/><U92/><E115/><V50/><F119/><W88/><G33/><T43/><D75/><U96/><E2/><V30/><F77/><W74/><G28/><T80/><D3/><U57/><E36/><V118/><F118/><W32/><G32/><T37/><D89/><N who="1" m="53295" /><E39/><V56/><F72/><W91/><G59/><T132/><D80/><U126/><E126/><V123/><F73/><W114/><G65/><T67/><D132/><U121/><E121/><V61/><F61/><N who="1" m="23049" /><E4/><V125/><F125/><W90/><G114/><T69/><D67/><U81/><E81/><V128/><F128/><W83/><G79/><T51/><D37/><U84/><E84/><V103/><F123/><W76/><G78/><T26/><D23/><U102/><E15/><V58/><F58/><W12/><G0/><T87/><D87/><U29/><E29/><V9/><F30/><W104/><REACH who="3" step="1"/><G91/><REACH who="3" ten="160,150,450,230" step="2"/><T107/><D110/><U111/><E111/><V135/><F135/><W7/><G7/><T17/><D108/><U6/><E6/><V34/><F34/><W129/><G129/><T127/><D127/><U22/><E22/><AGARI ba="1,1" hai="8,9,11,20,22,42,44,50,56,60,64,95,99,103" machi="22" ten="40,3900,0" yaku="8,1,52,1" doraHai="46" who="2" fromWho="1" sc="160,0,150,-42,450,52,230,0" /><INIT seed="2,2,0,3,1,60" ten="160,108,502,230" oya="2" hai0="30,52,29,62,91,45,1,72,64,116,51,102,109" hai1="127,118,95,79,124,76,7,35,39,74,131,114,20" hai2="66,11,86,121,28,57,68,24,8,44,18,42,80" hai3="96,126,89,70,108,10,56,75,22,58,5,130,71"/><V0/><F121/><W125/><G75/><T12/><D1/><U26/><E39/><V36/><F68/><W132/><G108/><T87/><D72/><U25/><E74/><V88/><F0/><W97/><G130/><T122/><D122/><U40/><E40/><V101/><F101/><W98/><G132/><T59/><D109/><U3/><E95/><V81/><F81/><W61/><G22/><T112/><D112/><U113/><E79/><V115/><F115/><N who="1" m="44041" /><E76/><V50/><F18/><W63/><G89/><T27/><D116/><U9/><E118/><V47/><F47/><W65/><G10/><T119/><D119/><U133/><E131/><V120/><F120/><W94/><G5/><T67/><D102/><U111/><E111/><V49/><F36/><W78/><G94/><N who="0" m="54655" /><D12/><U6/><E6/><V135/><F135/><W123/><G78/><T104/><D104/><U92/><E92/><V55/><F66/><N who="0" m="25130" /><D27/><N who="1" m="10251" /><E35/><AGARI ba="2,0" hai="8,11,24,28,35,42,44,49,50,55,57,80,86,88" machi="35" ten="30,2900,0" yaku="7,1,54,1" doraHai="60" who="2" fromWho="1" sc="160,0,108,-35,502,35,230,0" /><INIT seed="2,3,0,2,4,59" ten="160,73,537,230" oya="2" hai0="13,51,76,128,122,98,114,43,86,109,113,105,33" hai1="22,123,56,96,35,5,26,81,132,72,107,121,83" hai2="64,30,82,73,70,119,25,125,45,24,110,34,12" hai3="9,62,112,63,27,66,38,14,106,60,48,29,42"/><V133/><F119/><W75/><G38/><T44/><D33/><U28/><E132/><V93/><F133/><W18/><G75/><T118/><D122/><U7/><E107/><V91/><F125/><W90/><G106/><T23/><D118/><U6/><E96/><V94/><F110/><W31/><G112/><T102/><D109/><U129/><E72/><V61/><F12/><W103/><G103/><T1/><D1/><U130/><E56/><V134/><F134/><W52/><G42/><T77/><D128/><N who="1" m="49259" /><E83/><V65/><F65/><W117/><G117/><T19/><REACH who="0" step="1"/><D86/><REACH who="0" ten="150,73,537,230" step="2"/><U40/><E81/><V69/><F34/><W101/><G101/><T58/><D58/><U104/><E104/><V99/><F70/><W124/><G124/><T36/><D36/><U41/><E41/><V11/><F69/><W120/><G120/><N who="1" m="46154" /><E40/><V126/><F126/><W50/><G90/><T68/><D68/><U87/><E87/><V3/><F91/><W20/><G66/><T21/><D21/><AGARI ba="3,1" hai="5,6,7,21,22,26,28,35" m="46154,49259" machi="21" ten="40,8000,1" yaku="19,1,13,1,34,2" doraHai="59" who="1" fromWho="0" sc="150,-89,73,99,537,0,230,0" /><INIT seed="3,0,0,0,2,131" ten="61,172,537,230" oya="3" hai0="121,129,122,2,109,80,70,112,15,132,48,128,124" hai1="93,52,21,67,42,96,125,69,13,4,82,3,36" hai2="32,58,68,59,89,44,28,91,86,5,25,123,26" hai3="77,106,27,130,35,60,76,81,97,78,115,18,37"/><W85/><G115/><T61/><D2/><U57/><E3/><V75/><F68/><W126/><G37/><T116/><D80/><U90/><E125/><V113/><F113/><W14/><G130/><N who="0" m="50283" /><D15/><U108/><E108/><V71/><F75/><W98/><G126/><T118/><D112/><U111/><E111/><V38/><F71/><W127/><G127/><T63/><D124/><U46/><E69/><V39/><F123/><N who="0" m="47114" /><D109/><U95/><E67/><V40/><F5/><W135/><G14/><T34/><D34/><U10/><E21/><V19/><F38/><W56/><G35/><T55/><D70/><U92/><E82/><V79/><F79/><W120/><G76/><T133/><D48/><AGARI ba="0,0" hai="4,10,13,36,42,46,48,52,57,90,92,93,95,96" machi="48" ten="30,2000,0" yaku="7,1,54,1" doraHai="131" who="1" fromWho="0" sc="61,-20,172,20,537,0,230,0" owari="41,-45.9,192,-20.8,537,63.7,230,3.0" /></mjloggm>