<mjloggm ver="2.3"><GO type="225" lobby="0"/><UN n0="%6D%75%75%6D%75%72%61" n1="%E3%81%95%E3%81%8D%E3%81%9F%E3%81%BE%E6%9E%97%E6%AA%8E" n2="%33%74%72%65%65" n3="%E3%81%8B%E3%82%8F%E3%81%A1%E3%82%83%E3%82%93%35%38" dan="16,16,17,16" rate="2160.39,2072.71,2236.51,2119.39" sx="F,M,F,M"/><TAIKYOKU oya="0"/><INIT seed="0,0,0,4,0,0" ten="250,250,250,250" oya="0" hai0="61,42,58,90,131,46,14,104,43,121,124,118,67" hai1="66,56,23,15,91,75,87,81,50,9,32,120,72" hai2="65,88,36,48,116,17,41,117,44,19,122,89,125" hai3="109,31,21,82,5,129,40,57,16,119,77,33,7"/><T99/><D118/><N who="2" m="45674" /><F122/><W63/><G119/><T98/><D121/><U83/><E32/><V10/><F125/><W110/><G129/><T47/><D131/><U127/><E127/><V12/><F65/><N who="3" m="39151" /><G31/><T1/><D1/><U3/><E3/><V132/><F132/><W100/><G100/><T20/><D104/><U86/><E120/><V108/><F108/><N who="3" m="41579" /><G40/><T106/><D106/><U94/><E66/><V59/><F19/><W37/><G37/><T80/><D90/><N who="2" m="34922" /><F59/><W34/><G34/><T95/><D58/><U28/><E56/><V26/><F26/><N who="3" m="14631" /><G33/><T51/><D124/><U134/><E134/><V8/><F36/><W76/><G76/><T39/><D39/><U6/><E50/><V49/><F49/><W27/><G27/><T111/><D51/><U102/><E102/><V97/><F97/><W126/><G126/><T113/><D111/><U69/><E69/><V70/><F70/><W74/><AGARI ba="0,0" hai="5,7,74,77,82" m="14631,41579,39151" machi="74" ten="30,7900,0" yaku="14,1,52,2,54,1" doraHai="0" who="3" fromWho="3" sc="250,-39,250,-20,250,-20,250,79" /><INIT seed="1,0,0,1,3,36" ten="211,230,230,329" oya="1" hai0="124,130,94,73,87,53,28,74,58,31,46,96,71" hai1="18,9,3,33,47,24,118,54,7,49,59,1,103" hai2="15,13,63,8,108,10,111,66,22,42,88,84,11" hai3="75,30,27,25,117,70,123,61,107,43,55,37,132"/><U86/><E118/><V131/><F131/><W89/><G25/><T134/><D71/><U102/><E1/><V12/><F22/><W29/><G29/><T128/><D87/><U17/><E17/><V34/><F34/><N who="3" m="20831" /><G89/><T20/><D124/><U97/><E86/><V50/><F50/><W104/><G55/><T79/><D134/><U44/><E103/><V83/><REACH who="2" step="1"/><F42/><REACH who="2" ten="211,230,220,329" step="2"/><W60/><G43/><T106/><D20/><U23/><REACH who="1" step="1"/><E33/><REACH who="1" ten="211,220,220,329" step="2"/><V62/><F62/><W35/><G61/><T98/><D128/><U52/><E52/><V121/><F121/><W16/><G60/><T5/><D53/><U113/><E113/><V99/><F99/><W76/><G35/><T80/><D98/><U105/><AGARI ba="0,2" hai="3,7,9,18,23,24,44,47,49,54,59,97,102,105" machi="105" ten="20,3900,0" yaku="1,1,0,1,7,1,53,0" doraHai="36" doraHaiUra="125" who="1" fromWho="1" sc="211,-13,220,59,220,-13,329,-13" /><INIT seed="1,1,0,0,0,100" ten="198,279,207,316" oya="1" hai0="52,2,129,50,121,69,86,35,20,96,62,23,29" hai1="6,28,40,63,61,84,31,127,55,75,97,117,125" hai2="116,32,17,115,93,124,9,58,19,106,0,38,74" hai3="111,108,78,94,18,76,7,12,128,81,30,79,120"/><U24/><E117/><V11/><F116/><W119/><G120/><T113/><D113/><U71/><E75/><V15/><F74/><W66/><G119/><T49/><D2/><U72/><E72/><V102/><F38/><W22/><G128/><T103/><D129/><U60/><E71/><V112/><F32/><W118/><G118/><T105/><D50/><U68/><E68/><V80/><F80/><W3/><G66/><N who="0" m="41175" /><D86/><U92/><E84/><V131/><F131/><W110/><G30/><T44/><D121/><U21/><E31/><V134/><F93/><W91/><G7/><T57/><D44/><U114/><E40/><V27/><F58/><W135/><G3/><T67/><D67/><U122/><E122/><V90/><F90/><W47/><G47/><T133/><D133/><U53/><E6/><N who="2" m="1223" /><F134/><W83/><REACH who="3" step="1"/><G135/><REACH who="3" ten="198,279,207,306" step="2"/><T126/><D126/><N who="1" m="48139" /><E114/><V5/><F124/><W73/><G73/><T43/><D43/><U45/><E45/><V36/><F115/><W123/><G123/><T26/><AGARI ba="1,1" hai="20,23,26,29,35,49,52,57,96,103,105" m="41175" machi="26" ten="30,4000,0" yaku="25,1,52,1,54,1" doraHai="100" who="0" fromWho="0" sc="198,53,279,-21,207,-11,306,-11" /><INIT seed="2,0,0,0,4,106" ten="251,258,196,295" oya="2" hai0="61,101,47,0,27,42,79,13,109,90,80,100,48" hai1="68,81,104,65,4,57,95,135,132,122,55,54,2" hai2="12,98,86,45,64,89,7,33,96,70,120,119,1" hai3="60,63,20,94,129,107,117,10,8,28,29,51,133"/><V21/><F33/><W49/><G107/><T111/><D0/><U134/><E104/><V88/><F119/><W92/><G20/><T74/><D90/><U40/><E40/><V105/><F120/><W36/><G36/><T72/><D13/><U97/><E122/><V30/><F105/><W85/><G85/><N who="0" m="48287" /><D27/><U5/><E68/><V108/><F89/><W43/><G43/><T38/><D61/><N who="1" m="38063" /><E81/><V78/><F78/><W75/><G129/><T115/><D38/><U112/><E112/><V110/><F1/><W37/><G37/><T15/><D15/><U99/><E99/><V50/><F64/><W62/><G62/><T11/><D11/><N who="1" m="2455" /><E5/><V71/><F71/><W31/><G117/><T35/><D35/><U52/><E54/><N who="2" m="30031" /><F70/><W25/><G25/><T77/><D77/><U39/><E39/><V93/><F7/><W87/><G29/><T123/><D123/><U83/><E83/><V3/><F3/><W130/><G130/><T58/><D58/><U73/><E73/><N who="0" m="28265" /><D115/><U69/><E69/><V22/><F30/><W56/><G75/><T14/><D14/><U41/><E41/><V126/><F12/><W103/><G56/><T18/><D18/><U19/><E19/><V46/><F46/><W24/><G24/><T125/><D125/><U32/><E32/><V9/><F126/><W116/><G116/><T114/><D114/><U67/><E67/><V113/><F9/><W121/><G121/><T124/><D124/><U34/><E34/><V59/><F113/><W102/><G87/><T118/><D118/><U127/><E127/><V66/><F59/><RYUUKYOKU ba="0,0" sc="251,10,258,10,196,-30,295,10" hai0="42,47,48,100,101,109,111" hai1="52,55,95,97,132,134,135" hai3="8,10,28,31,49,51,60,63,92,94,102,103,133" /><INIT seed="3,1,0,3,1,7" ten="261,268,166,305" oya="3" hai0="26,105,46,114,34,87,104,80,129,29,82,20,74" hai1="56,75,58,4,41,130,57,50,47,0,100,18,76" hai2="37,97,117,108,14,9,21,15,28,84,122,85,93" hai3="60,43,49,81,62,53,128,33,78,5,72,17,22"/><W1/><G33/><T112/><D129/><U94/><E130/><V127/><F117/><W31/><G31/><T86/><D74/><U110/><E110/><V51/><F37/><W88/><G128/><T30/><D46/><U32/><E32/><V116/><F116/><W59/><G43/><T132/><D34/><U111/><E111/><V70/><F108/><W83/><G5/><T67/><D67/><U118/><E118/><V69/><F122/><W92/><G1/><T13/><D13/><U106/><E106/><V79/><F70/><W64/><G64/><T24/><REACH who="0" step="1"/><D20/><REACH who="0" ten="251,268,166,305" step="2"/><U2/><E2/><V6/><F69/><W55/><G22/><T71/><D71/><U98/><E18/><N who="2" m="10455" /><F127/><W89/><G17/><T134/><AGARI ba="1,1" hai="24,26,29,30,80,82,86,87,104,105,112,114,132,134" machi="134" ten="25,6400,0" yaku="1,1,0,1,22,2,53,0" doraHai="7" doraHaiUra="99" who="0" fromWho="0" sc="251,77,268,-17,166,-17,305,-33" owari="328,42.8,251,-14.9,149,-35.1,272,7.2" /></mjloggm>