<mjloggm ver="2.3"><GO type="225" lobby="0"/><UN n0="%E3%83%AD%E3%83%83%E3%83%86%E9%9B%80%E7%90%83" n1="%E8%81%B7%E6%A5%AD%E3%80%81%E9%A2%A8%32" n2="%73%61%6E%64%69%72%69%73" n3="%E3%82%A2%E3%83%BC%E3%83%A2%E3%83%AD%E3%83%BC%E3%83%B4%E3%82%A1" dan="17,16,16,16" rate="2269.02,2178.12,2143.94,2191.35" sx="M,M,M,M"/><TAIKYOKU oya="0"/><INIT seed="0,0,0,3,5,1" ten="250,250,250,250" oya="0" hai0="92,46,64,55,49,112,53,14,50,42,104,123,80" hai1="108,8,21,31,9,73,105,135,48,25,134,26,102" hai2="133,111,101,17,107,10,22,96,94,98,35,43,130" hai3="44,68,33,20,28,37,79,110,52,120,122,66,90"/><T6/><D112/><U128/><E73/><V121/><F111/><W118/><G118/><T4/><D104/><U65/><E108/><V29/><F133/><N who="1" m="50697" /><E65/><V34/><F130/><W75/><G110/><T11/><D123/><N who="3" m="47145" /><G90/><T84/><D64/><U106/><E102/><V129/><F129/><W100/><G100/><T127/><D127/><U126/><E128/><V5/><F43/><W117/><G117/><T58/><D92/><U109/><E109/><V125/><F29/><W24/><G37/><T38/><D38/><U27/><E126/><V76/><F76/><W77/><G33/><T89/><D42/><U71/><E71/><V13/><F125/><W51/><G75/><T12/><D12/><U103/><E48/><V113/><F113/><W30/><G28/><T16/><AGARI ba="0,0" hai="4,6,11,14,16,46,49,50,53,55,58,80,84,89" machi="16" ten="20,24000,3" yaku="0,1,7,1,25,2,8,1,52,2,54,1" doraHai="1" who="0" fromWho="0" sc="250,240,250,-80,250,-80,250,-80" /><INIT seed="0,1,0,1,1,77" ten="490,170,170,170" oya="0" hai0="49,119,112,18,47,73,35,78,96,10,5,117,22" hai1="87,82,33,55,51,108,67,36,74,30,123,110,44" hai2="15,3,58,125,23,128,61,24,63,2,101,105,111" hai3="26,127,79,81,126,16,66,88,19,21,113,29,86"/><T45/><D35/><U25/><E123/><V59/><F111/><N who="1" m="42537" /><E67/><V85/><F128/><W28/><G113/><T39/><D96/><U83/><E74/><V68/><F68/><W120/><G120/><T13/><D47/><N who="1" m="28159" /><E87/><V131/><F131/><W104/><G104/><T92/><D92/><U93/><E93/><V62/><F125/><N who="3" m="47627" /><G66/><T27/><D39/><U7/><E7/><V64/><F105/><W135/><G135/><T60/><D60/><U98/><E98/><V97/><F63/><W130/><G130/><T70/><D70/><U116/><E116/><V34/><F34/><N who="3" m="20759" /><G79/><T31/><D112/><U57/><E57/><V9/><F59/><W71/><G71/><T100/><D78/><U91/><E91/><V114/><F62/><W11/><G11/><T89/><D10/><U54/><E54/><V53/><F53/><W42/><G42/><AGARI ba="1,0" hai="25,30,33,36,42,44,82,83" m="28159,42537" machi="42" ten="30,3900,0" yaku="14,1,52,2" doraHai="77" who="1" fromWho="3" sc="490,0,170,42,170,0,170,-42" /><INIT seed="1,0,0,0,3,108" ten="490,212,170,128" oya="1" hai0="114,94,31,71,129,122,10,46,40,56,67,130,88" hai1="3,13,39,43,55,18,128,61,78,69,125,75,33" hai2="38,80,2,106,95,30,113,7,16,5,1,63,34" hai3="68,111,20,6,121,74,12,76,131,101,91,100,79"/><U28/><E3/><V51/><F106/><W124/><G121/><T85/><D114/><U35/><E125/><V58/><F38/><W120/><G120/><T8/><D122/><U81/><E128/><N who="0" m="49257" /><D71/><U54/><E43/><V98/><F34/><W73/><G131/><T82/><D31/><U118/><E39/><V32/><F32/><W14/><G68/><T93/><D56/><U0/><E0/><V87/><F30/><W4/><G20/><T47/><D67/><U116/><E55/><V48/><F113/><W17/><G17/><T64/><D64/><U9/><E35/><V115/><F115/><W105/><G91/><N who="0" m="53487" /><D82/><U72/><E69/><V65/><F1/><W44/><G44/><N who="0" m="16939" /><D40/><U11/><E28/><V90/><F16/><W26/><G26/><T89/><D89/><U25/><E25/><V86/><F86/><AGARI ba="0,0" hai="8,10,86,88,94" m="16939,53487,49257" machi="86" ten="30,2000,0" yaku="19,1,54,1" doraHai="108" who="0" fromWho="2" sc="490,20,212,0,170,-20,128,0" /><INIT seed="2,0,0,3,4,109" ten="510,212,150,128" oya="2" hai0="115,87,60,2,97,106,44,22,52,41,25,0,101" hai1="125,84,35,47,124,91,49,15,39,10,75,112,5" hai2="4,7,38,56,3,46,32,34,81,82,73,93,132" hai3="29,78,134,122,100,61,51,80,127,126,66,11,13"/><V77/><F132/><W108/><G122/><T113/><D87/><U90/><E112/><V31/><F93/><W23/><G108/><T67/><D52/><N who="1" m="29759" /><E75/><V19/><F56/><W94/><G134/><T12/><D12/><U104/><E35/><V17/><F7/><W14/><G51/><T117/><D117/><U30/><E30/><V54/><F54/><W42/><G42/><T79/><D79/><U27/><E27/><V45/><F82/><W9/><G80/><T120/><D120/><U16/><E39/><V83/><F83/><W121/><G78/><T88/><D88/><U57/><E104/><V128/><F128/><W103/><G121/><T111/><D111/><U43/><E43/><N who="2" m="22775" /><F46/><W37/><G37/><N who="0" m="21551" /><D22/><U62/><E5/><V72/><F72/><W123/><G123/><T21/><D21/><U58/><E58/><V1/><F1/><N who="0" m="618" /><D25/><U92/><E92/><V99/><F99/><W40/><G40/><T96/><D96/><U18/><E18/><N who="2" m="6667" /><F31/><W107/><G94/><T135/><D135/><U33/><E33/><V8/><AGARI ba="0,0" hai="3,4,8,32,34,73,77,81" m="6667,22775" machi="8" ten="30,1500,0" yaku="25,1" doraHai="109" who="2" fromWho="2" sc="510,-5,212,-5,150,15,128,-5" /><INIT seed="2,1,0,2,4,38" ten="505,207,165,123" oya="2" hai0="9,11,35,111,6,130,66,125,74,68,102,98,118" hai1="131,106,33,2,26,124,120,22,78,116,4,67,87" hai2="53,127,13,28,92,69,104,123,99,57,71,0,60" hai3="103,47,89,24,27,10,109,12,129,83,135,119,54"/><V32/><F0/><W8/><G119/><T18/><D74/><U16/><E106/><V51/><F123/><W117/><G117/><T34/><D118/><U45/><E116/><V41/><F127/><W65/><G135/><T81/><D125/><U49/><E124/><V64/><F104/><W59/><G129/><T97/><D111/><U37/><E37/><V3/><F3/><W75/><G109/><T79/><D18/><U128/><E120/><V107/><F107/><W115/><G115/><T31/><D11/><U40/><E67/><V85/><F85/><W46/><G75/><T14/><D31/><U126/><E126/><V77/><F77/><W43/><G103/><T134/><D134/><U95/><E95/><V23/><F32/><W88/><G65/><T101/><D130/><N who="1" m="49707" /><E2/><V25/><F13/><W61/><G47/><T50/><D50/><U108/><E108/><V62/><F62/><W72/><G72/><T21/><D21/><U36/><E36/><V42/><REACH who="2" step="1"/><F71/><REACH who="2" ten="505,207,155,123" step="2"/><W114/><G114/><T100/><D79/><U94/><E78/><V73/><F73/><W91/><G83/><T70/><D81/><U84/><E33/><V1/><F1/><W56/><G12/><T17/><D35/><U39/><E84/><V133/><F133/><W132/><G132/><T19/><D34/><U80/><E80/><V96/><F96/><W52/><G24/><T20/><D98/><U55/><E87/><V7/><F7/><W93/><G27/><N who="0" m="14735" /><D97/><U113/><E4/><V15/><F15/><W90/><N who="3" m="22528" /><DORA hai="86" /><W122/><G122/><T5/><D70/><RYUUKYOKU ba="1,1" sc="505,15,207,-15,155,15,123,-15" hai0="5,6,9,14,19,66,68,100,101,102" hai2="23,25,28,41,42,51,53,57,60,64,69,92,99" /><INIT seed="2,2,1,4,3,0" ten="520,192,170,108" oya="2" hai0="114,62,94,20,17,117,65,16,124,85,10,72,4" hai1="63,2,25,87,27,75,83,49,21,71,73,35,7" hai2="51,134,125,29,81,47,116,23,89,129,103,126,130" hai3="120,11,46,24,28,50,127,92,131,105,112,111,22"/><V31/><F116/><W115/><G120/><T118/><D72/><U18/><E73/><V1/><F103/><W40/><G111/><T128/><D114/><U86/><E75/><V68/><F68/><W26/><G131/><N who="2" m="50185" /><F1/><W59/><G127/><N who="2" m="48649" /><F23/><W39/><G105/><T100/><D124/><U102/><E102/><V97/><F81/><W74/><G74/><T76/><D128/><U113/><E83/><V66/><F66/><W32/><G92/><T84/><D94/><U78/><E113/><V121/><F121/><W44/><G59/><T12/><D20/><U122/><E71/><V38/><F38/><W106/><G106/><T108/><D65/><U95/><E21/><V13/><F13/><W43/><REACH who="3" step="1"/><G11/><REACH who="3" ten="520,192,170,98" step="2"/><T37/><D10/><U60/><E95/><N who="2" m="56559" /><F134/><W9/><G9/><T91/><D118/><U67/><E122/><V6/><F6/><W88/><G88/><T48/><D91/><U56/><E7/><V64/><F64/><W69/><G69/><T8/><D4/><U90/><E67/><V133/><F133/><W53/><G53/><AGARI ba="2,2" hai="29,31,47,51,53" m="56559,48649,50185" machi="53" ten="30,2900,0" yaku="19,1,18,1" doraHai="0" who="2" fromWho="3" sc="520,0,192,0,170,55,98,-35" /><INIT seed="2,3,0,0,0,27" ten="520,192,225,63" oya="2" hai0="128,29,85,73,23,31,15,16,17,20,50,18,75" hai1="39,124,55,26,91,83,94,104,59,22,87,129,84" hai2="19,32,57,81,90,76,100,102,82,114,64,101,106" hai3="112,3,61,125,63,60,110,69,46,14,24,88,12"/><V48/><F114/><W116/><G116/><T38/><D38/><U78/><E124/><V98/><F32/><W44/><G125/><T52/><D128/><U93/><E129/><V11/><F90/><W37/><G112/><T36/><D36/><U118/><E104/><V53/><F64/><W95/><G110/><T71/><D71/><U97/><E39/><V77/><F19/><N who="0" m="7242" /><D75/><U42/><E42/><V72/><REACH who="2" step="1"/><F11/><REACH who="2" ten="520,192,215,63" step="2"/><W80/><G69/><T34/><D34/><U115/><E115/><V130/><F130/><W40/><G3/><T107/><D18/><N who="1" m="12631" /><E118/><V51/><F51/><W2/><G2/><T41/><D50/><N who="1" m="31223" /><E87/><AGARI ba="3,1" hai="48,53,57,72,76,77,81,82,87,98,100,101,102,106" machi="87" ten="30,12000,1" yaku="1,1,7,1,53,3" doraHai="27" doraHaiUra="99" who="2" fromWho="1" sc="520,0,192,-129,215,139,63,0" /><INIT seed="2,4,0,5,3,45" ten="520,63,354,63" oya="2" hai0="102,122,114,81,62,101,40,76,57,129,89,54,70" hai1="30,135,43,24,112,22,105,65,11,107,119,3,68" hai2="120,2,49,83,53,14,117,23,131,126,74,10,46" hai3="116,34,99,79,17,132,124,56,128,20,1,77,58"/><V6/><F117/><W98/><G116/><T35/><D122/><U103/><E112/><V9/><F120/><W38/><G34/><T33/><D114/><U50/><E119/><V125/><F131/><W78/><G1/><T60/><D129/><U118/><E118/><V127/><F23/><W37/><G128/><T48/><D89/><U115/><E115/><V42/><F83/><W109/><G109/><T66/><D102/><U19/><E135/><V21/><F74/><W97/><G132/><T15/><D101/><U5/><E103/><V47/><F21/><W86/><G86/><T29/><D29/><U134/><E134/><V25/><F25/><W80/><G80/><T90/><D90/><U96/><E96/><V93/><F93/><W64/><G124/><T44/><D15/><N who="1" m="9599" /><E65/><V13/><REACH who="2" step="1"/><F10/><REACH who="2" ten="520,63,344,63" step="2"/><W75/><G75/><AGARI ba="4,1" hai="33,35,40,44,48,54,57,60,62,66,70,75,76,81" machi="75" ten="30,2000,0" yaku="7,1,52,1" doraHai="45" who="0" fromWho="3" sc="520,42,63,0,344,0,63,-32" /><INIT seed="3,0,0,3,5,43" ten="562,63,344,31" oya="3" hai0="83,63,117,133,37,81,31,135,103,60,70,53,108" hai1="109,54,112,65,58,91,64,13,23,36,127,100,44" hai2="39,1,7,123,128,40,16,30,94,32,116,52,62" hai3="124,38,76,75,102,34,8,126,84,99,17,71,130"/><W82/><G130/><T21/><D108/><U59/><E109/><V46/><F116/><W3/><G71/><T90/><D117/><U51/><E112/><V88/><F128/><W47/><G34/><T20/><D37/><U92/><E127/><N who="3" m="48682" /><G84/><T107/><D70/><U10/><E100/><V33/><F33/><W93/><G17/><T68/><D53/><N who="1" m="29927" /><E36/><V49/><F16/><W19/><G19/><T73/><D83/><U129/><E23/><V25/><F32/><W50/><G38/><T131/><D63/><N who="1" m="36311" /><E59/><V115/><F39/><W97/><G99/><T48/><D90/><U42/><E42/><V5/><F30/><W61/><G61/><T122/><D60/><U118/><E118/><V111/><F62/><W24/><G24/><T104/><D31/><U0/><E0/><V66/><F25/><W121/><G121/><T12/><D68/><U78/><E78/><V96/><F123/><W95/><G3/><T45/><D131/><U56/><E56/><V79/><F1/><W101/><G8/><T125/><D125/><U132/><E129/><V69/><F96/><N who="3" m="59535" /><G50/><T120/><D48/><U27/><E27/><V113/><F69/><W110/><G110/><T22/><D122/><U4/><E132/><V28/><F111/><W119/><G119/><T57/><D133/><U74/><E74/><V72/><F72/><W134/><G134/><T105/><D135/><U11/><E11/><V114/><F114/><W14/><G14/><T98/><D12/><U18/><E18/><V80/><F115/><W26/><G26/><T55/><D120/><U6/><E6/><RYUUKYOKU ba="0,0" sc="562,-15,63,15,344,-15,31,15" hai1="4,10,13,64,65,91,92" hai3="47,75,76,82,95,97,102" /><INIT seed="3,1,0,1,1,19" ten="547,78,329,46" oya="3" hai0="93,97,59,53,16,84,58,119,33,63,120,121,42" hai1="124,89,5,66,73,14,80,86,130,65,68,4,54" hai2="131,30,101,34,111,0,134,46,61,27,122,51,108" hai3="82,100,3,125,8,103,75,26,109,94,78,64,77"/><W85/><G125/><T95/><D119/><U28/><E130/><V10/><F131/><W110/><G64/><N who="1" m="24682" /><E73/><V117/><F117/><W102/><G26/><T115/><D33/><U11/><E68/><V133/><F61/><W81/><G8/><T118/><D115/><U113/><E124/><V41/><F101/><W56/><G56/><T39/><D118/><U9/><E113/><V69/><F69/><W43/><G43/><T37/><D95/><U106/><E106/><V107/><F107/><W32/><G3/><T21/><D59/><U62/><E28/><V70/><F122/><W129/><G32/><T13/><D84/><U98/><E98/><V1/><F70/><W96/><G129/><T52/><D53/><U24/><E24/><V104/><F104/><W127/><G127/><T35/><D35/><U48/><E62/><V135/><F10/><N who="1" m="3593" /><E14/><V76/><F76/><W20/><G20/><T2/><D2/><AGARI ba="1,0" hai="0,1,2,27,30,34,41,46,51,108,111,133,134,135" machi="2" ten="50,1600,0" yaku="20,1" doraHai="19" who="2" fromWho="0" sc="547,-19,78,0,329,19,46,0" owari="528,62.8,78,-32.2,348,14.8,46,-45.4" /></mjloggm>