<mjloggm ver="2.3"><GO type="225" lobby="0"/><UN n0="%E3%81%A0%E3%81%8A" n1="%E6%80%AA%E3%81%97%E3%81%99%E3%81%8E%E3%82%8B%E3%83%81%E3%83%BC" n2="%E9%BA%BB%E9%9B%80%E5%B0%91%E5%B9%B4" n3="%E3%82%82%E3%81%90%E3%82%89" dan="16,16,17,17" rate="2028.02,2130.69,2173.93,2144.59" sx="M,M,M,M"/><TAIKYOKU oya="0"/><INIT seed="0,0,0,0,0,87" ten="250,250,250,250" oya="0" hai0="60,121,42,91,120,116,53,107,81,24,133,25,59" hai1="22,19,110,75,17,35,71,21,46,112,105,40,123" hai2="18,83,95,51,67,77,43,55,72,26,31,9,0" hai3="119,129,23,100,108,122,37,64,127,58,7,5,117"/><T82/><D116/><U109/><E123/><V125/><F125/><W1/><G127/><T68/><D107/><U36/><E112/><V90/><F90/><W69/><G122/><T88/><D133/><U86/><E75/><V29/><F67/><W85/><G37/><T63/><D59/><U14/><E35/><V45/><F0/><W118/><G69/><T98/><D98/><U92/><E105/><V12/><F12/><W34/><G34/><T96/><D96/><U70/><E86/><V11/><F95/><W128/><G100/><T13/><D13/><N who="1" m="9391" /><E92/><V61/><F18/><W74/><G74/><T66/><D66/><U16/><E19/><V111/><F111/><AGARI ba="0,0" hai="14,16,22,36,40,46,70,71,109,110,111" m="9391" machi="111" ten="30,2000,0" yaku="14,1,54,1" doraHai="87" who="1" fromWho="2" sc="250,0,250,20,250,-20,250,0" /><INIT seed="1,0,0,5,0,118" ten="250,270,230,250" oya="1" hai0="25,18,31,122,26,14,34,59,108,47,86,105,131" hai1="45,135,76,33,63,10,95,124,126,107,88,133,116" hai2="60,49,120,16,30,81,79,1,5,43,96,73,85" hai3="12,32,22,112,125,28,41,69,109,72,68,82,8"/><U102/><E33/><V4/><F120/><W100/><G112/><T127/><D105/><U48/><E116/><V40/><F30/><W37/><G109/><T101/><D108/><U65/><E76/><V62/><F96/><W52/><G125/><N who="1" m="48234" /><E10/><V27/><F73/><W13/><G32/><T39/><D127/><U17/><E17/><V83/><F83/><W128/><G128/><T36/><D131/><U94/><E107/><V70/><F70/><W130/><G130/><T89/><D101/><U7/><E7/><N who="2" m="2635" /><F1/><W92/><G100/><T6/><D6/><U111/><E111/><V110/><F110/><W97/><G69/><T134/><D34/><U115/><E115/><V123/><F123/><W50/><G68/><T113/><D122/><U24/><E24/><V21/><F49/><W53/><G8/><T132/><D26/><U0/><E0/><V99/><F99/><W9/><G9/><T98/><D113/><U91/><E102/><V58/><F62/><W11/><G72/><T93/><D132/><N who="1" m="50763" /><E95/><V35/><F35/><W66/><G11/><T46/><D134/><U114/><E94/><V44/><F44/><W103/><G92/><T129/><D98/><U42/><E114/><V64/><AGARI ba="0,0" hai="16,21,27,40,43,58,60,64,79,81,85" m="2635" machi="64" ten="30,2000,0" yaku="8,1,54,1" doraHai="118" who="2" fromWho="2" sc="250,-5,270,-10,230,20,250,-5" /><INIT seed="2,0,0,1,5,95" ten="245,260,250,245" oya="2" hai0="48,58,76,98,30,3,102,36,133,10,15,104,34" hai1="127,83,110,43,129,122,96,75,59,45,78,49,90" hai2="80,25,126,99,16,111,4,113,56,31,97,6,39" hai3="70,72,61,119,93,5,57,124,18,24,105,88,67"/><V82/><F113/><W74/><G119/><T8/><D36/><U62/><E110/><V132/><F39/><W14/><G105/><T11/><D3/><U100/><E129/><V108/><F126/><W41/><G124/><T66/><D133/><U51/><E122/><V106/><F132/><W131/><G131/><T68/><D68/><U63/><E90/><V28/><F16/><W123/><G123/><T94/><D76/><U107/><E127/><V7/><F56/><W120/><G120/><T40/><D40/><U12/><E12/><V20/><F31/><W55/><G41/><T128/><D128/><U77/><E77/><V17/><F17/><W0/><G0/><T42/><D42/><U1/><E1/><V92/><F106/><W35/><G5/><T27/><D104/><U21/><E21/><V134/><F134/><W115/><G115/><T60/><REACH who="0" step="1"/><D48/><REACH who="0" ten="235,260,250,245" step="2"/><U50/><REACH who="1" step="1"/><E62/><REACH who="1" ten="235,250,250,245" step="2"/><V23/><F23/><W85/><G35/><T103/><D103/><U114/><E114/><V19/><F111/><W9/><G24/><T118/><D118/><U26/><E26/><V2/><F108/><W79/><G79/><T81/><D81/><U37/><E37/><V109/><F2/><W33/><G33/><T101/><D101/><U89/><E89/><V29/><F109/><W84/><G84/><T32/><D32/><U54/><AGARI ba="0,2" hai="43,45,49,50,51,54,59,63,75,78,83,96,100,107" machi="54" ten="20,5200,0" yaku="1,1,0,1,7,1,52,1,53,0" doraHai="95" doraHaiUra="65" who="1" fromWho="1" sc="235,-13,250,72,250,-26,245,-13" /><INIT seed="3,0,0,5,5,44" ten="222,322,224,232" oya="3" hai0="49,134,15,123,130,118,75,60,39,22,32,78,104" hai1="131,91,84,64,101,65,27,47,120,52,115,66,128" hai2="107,7,98,14,12,30,94,61,25,105,90,114,53" hai3="69,133,51,93,72,24,119,86,77,29,79,10,129"/><W127/><G119/><T37/><D118/><U81/><E115/><V85/><F114/><W13/><G69/><T106/><D32/><U109/><E109/><V42/><F42/><W19/><G129/><N who="1" m="49738" /><E120/><V4/><F107/><W11/><G127/><T58/><D123/><U17/><E101/><V73/><F73/><W28/><G133/><T100/><D130/><U36/><E52/><V82/><F105/><W71/><G71/><T56/><D134/><U113/><E113/><V43/><F43/><W108/><G108/><T26/><D15/><U59/><E47/><V95/><F95/><W35/><G29/><N who="0" m="17623" /><D78/><U122/><E36/><V117/><F117/><W21/><G72/><T67/><D75/><U125/><E125/><V112/><F112/><W33/><G33/><T76/><D76/><N who="3" m="29257" /><G35/><T41/><D100/><U5/><E5/><V50/><F61/><W99/><G51/><T102/><D102/><U103/><E103/><N who="2" m="60887" /><F7/><W132/><G132/><T124/><D124/><U74/><E74/><V31/><F4/><W116/><G116/><T0/><D0/><U97/><E122/><V6/><F6/><W18/><G86/><T46/><D56/><U40/><E97/><V45/><F30/><W126/><G126/><T63/><D63/><N who="1" m="38015" /><E40/><V38/><F38/><N who="0" m="14346" /><D106/><U34/><E34/><V70/><F70/><W89/><G28/><T55/><D104/><U48/><E48/><V62/><F62/><W23/><AGARI ba="0,0" hai="10,11,13,18,19,21,23,24,89,93,99" m="29257" machi="23" ten="30,1500,0" yaku="8,1" doraHai="44" who="3" fromWho="3" sc="222,-5,322,-5,224,-5,232,15" /><INIT seed="3,1,0,2,0,132" ten="217,317,219,247" oya="3" hai0="25,125,105,93,99,86,128,37,129,60,39,110,26" hai1="92,14,30,4,103,112,123,48,121,55,104,88,49" hai2="91,24,38,82,134,57,11,102,122,19,85,87,13" hai3="5,120,59,100,18,15,131,29,83,126,71,90,8"/><W89/><G71/><T3/><D105/><U80/><E30/><V23/><F122/><W67/><G120/><T69/><D3/><U61/><E80/><V96/><F134/><W22/><G131/><N who="0" m="50251" /><D110/><U79/><E79/><V0/><F38/><N who="0" m="14346" /><D125/><U77/><E77/><V72/><F72/><W32/><G126/><T70/><D86/><U27/><E103/><V54/><F0/><W16/><G100/><N who="0" m="60527" /><D69/><U31/><E4/><V33/><F33/><W2/><G83/><T84/><D84/><U35/><E104/><V47/><F47/><W64/><G18/><T133/><D133/><U81/><E81/><V36/><F36/><W119/><G119/><T66/><AGARI ba="1,0" hai="25,26,60,66,70" m="60527,14346,50251" machi="66" ten="40,1500,0" yaku="19,1" doraHai="132" who="0" fromWho="0" sc="217,18,317,-5,219,-5,247,-8" owari="235,-16.5,312,41.2,214,-28.6,239,3.9" /></mjloggm>