<mjloggm ver="2.3"><GO type="225" lobby="0"/><UN n0="%73%6C%69%63%6B%33%31%39" n1="%E3%81%95%E3%81%8D%E3%81%9F%E3%81%BE%E6%9E%97%E6%AA%8E" n2="%E3%81%A1%E3%82%85%E3%81%86%E3%81%A9%E3%81%8F%E8%B1%A1%E3%81%95%E3%82%93" n3="%E3%83%AB%E3%83%9B%E3%83%B3%E3%83%87%E3%82%A3%E3%82%A8" dan="17,16,17,17" rate="2156.31,2130.74,2148.26,2193.12" sx="M,M,M,M"/><TAIKYOKU oya="0"/><INIT seed="0,0,0,4,2,89" ten="250,250,250,250" oya="0" hai0="38,110,11,39,66,63,1,23,97,88,92,49,75" hai1="86,20,91,43,40,35,112,135,50,54,119,80,36" hai2="5,93,2,134,133,60,31,96,77,111,99,81,12" hai3="10,41,109,120,53,46,3,84,73,52,61,18,44"/><T125/><D75/><U102/><E135/><N who="2" m="51723" /><F2/><W55/><G73/><T122/><D122/><U57/><E119/><V64/><F31/><W51/><G109/><T105/><D125/><U127/><E35/><V16/><F5/><W69/><G120/><T131/><D131/><U126/><E112/><V113/><F113/><W24/><G3/><T32/><D32/><U25/><E102/><N who="2" m="60687" /><F99/><W30/><G10/><T65/><D110/><U29/><REACH who="1" step="1"/><E36/><REACH who="1" ten="250,240,250,250" step="2"/><V72/><F111/><W83/><G69/><T90/><D38/><U14/><E14/><V21/><F60/><W107/><G61/><T132/><D39/><U47/><E47/><V85/><F64/><W37/><G107/><T117/><D65/><U79/><E79/><V82/><F82/><W42/><G37/><T78/><D105/><U48/><E48/><V76/><F72/><W33/><G46/><T15/><D49/><U19/><E19/><V8/><F76/><W70/><G18/><N who="0" m="10719" /><D78/><U74/><E74/><V45/><F45/><W6/><G70/><T7/><D117/><U56/><E56/><V114/><F114/><W13/><G13/><N who="0" m="5375" /><D132/><U118/><E118/><V94/><F8/><W71/><G71/><T115/><D1/><U116/><E116/><V68/><F68/><W103/><G103/><N who="0" m="60839" /><D115/><U9/><E9/><V62/><F62/><W129/><G129/><T17/><D17/><U4/><E4/><V101/><F101/><W106/><G106/><T59/><AGARI ba="0,1" hai="59,63,66,88,90" m="60839,5375,10719" machi="59" ten="30,6000,0" yaku="8,1,52,1,54,1" doraHai="89" who="0" fromWho="0" sc="250,70,240,-20,250,-20,250,-20" /><INIT seed="0,1,0,3,5,103" ten="320,220,230,230" oya="0" hai0="115,56,42,27,96,100,6,128,132,84,94,11,46" hai1="13,106,120,83,50,126,116,76,2,52,72,82,29" hai2="125,119,95,62,18,67,130,134,87,63,45,57,110" hai3="88,133,77,127,90,71,55,16,51,38,5,117,135"/><T7/><D128/><U12/><E116/><V112/><F112/><W0/><G38/><T15/><D132/><N who="3" m="50761" /><G71/><T121/><D121/><U122/><E2/><V59/><F134/><W111/><G117/><T81/><D115/><U123/><E126/><V85/><F130/><W10/><G77/><T107/><D56/><U66/><E66/><V78/><F125/><W1/><G111/><T74/><D27/><U105/><E29/><V113/><F113/><W70/><G70/><T68/><D68/><U33/><E33/><V3/><F3/><N who="3" m="1099" /><G5/><T8/><D74/><U47/><REACH who="1" step="1"/><E82/><REACH who="1" ten="320,210,230,230" step="2"/><V61/><F119/><W20/><G127/><T109/><D109/><U26/><E26/><V64/><F110/><W44/><G10/><T101/><D11/><U41/><E41/><V39/><F67/><W49/><G49/><T60/><D60/><U93/><E93/><V35/><F64/><W48/><G48/><T23/><D8/><U25/><E25/><AGARI ba="1,1" hai="16,20,25,44,51,55,88,90" m="1099,50761" machi="25" ten="30,3900,0" yaku="20,1,54,2" doraHai="103" who="3" fromWho="1" sc="320,0,210,-42,230,0,230,52" /><INIT seed="1,0,0,2,2,13" ten="320,168,230,282" oya="1" hai0="80,112,82,74,122,133,40,36,123,59,73,25,117" hai1="46,8,78,125,120,92,54,1,44,10,135,115,11" hai2="75,32,26,2,55,28,49,127,121,102,34,37,131" hai3="57,29,60,96,61,51,52,27,30,69,38,17,66"/><U94/><E115/><V83/><F121/><W100/><G38/><T0/><D0/><U79/><E120/><N who="0" m="46121" /><D112/><U128/><E1/><V103/><F37/><W12/><G61/><T88/><D117/><U31/><E31/><V132/><F132/><W6/><G6/><T76/><D59/><U45/><E135/><V81/><F131/><W4/><G4/><T58/><D58/><U77/><E128/><V129/><F129/><W56/><G69/><T62/><D62/><U19/><E125/><V39/><F39/><W53/><G66/><T14/><D25/><U16/><REACH who="1" step="1"/><E54/><REACH who="1" ten="320,158,230,282" step="2"/><V90/><F2/><W104/><REACH who="3" step="1"/><G27/><REACH who="3" ten="320,158,230,272" step="2"/><T21/><D133/><U85/><E85/><V41/><F26/><W97/><G97/><T42/><D73/><U119/><E119/><V114/><F75/><W15/><G15/><T24/><D14/><U35/><E35/><V50/><F114/><W70/><G70/><T98/><D98/><U7/><E7/><V126/><F126/><W107/><G107/><T9/><D74/><U23/><E23/><AGARI ba="0,2" hai="12,17,23,29,30,51,52,53,56,57,60,96,100,104" machi="23" ten="30,7700,0" yaku="1,1,7,1,52,1,54,1,53,0" doraHai="13" doraHaiUra="111" who="3" fromWho="1" sc="320,0,158,-77,230,0,272,97" /><INIT seed="2,0,0,0,5,91" ten="320,81,230,369" oya="2" hai0="26,50,68,31,60,8,29,111,75,37,3,93,122" hai1="85,66,115,15,36,108,71,112,24,105,22,58,99" hai2="41,48,114,21,95,2,130,117,110,106,47,83,10" hai3="116,61,128,79,59,1,100,35,77,132,94,76,78"/><V14/><F114/><W125/><G1/><T43/><D122/><U64/><E36/><V84/><F117/><W87/><G35/><T42/><D75/><U46/><E71/><V56/><F106/><W131/><G116/><T27/><D37/><U126/><E126/><V62/><F110/><W17/><G17/><T67/><D111/><U81/><E108/><V96/><F130/><N who="3" m="49707" /><G132/><T4/><D50/><U53/><E115/><V92/><F2/><W70/><G70/><T5/><D5/><U104/><E112/><V121/><F21/><W80/><G125/><T97/><D27/><U129/><E129/><V123/><F96/><N who="3" m="59415" /><G77/><T23/><REACH who="0" step="1"/><D31/><REACH who="0" ten="310,81,230,369" step="2"/><U103/><E105/><V32/><F123/><W69/><G69/><T52/><D52/><AGARI ba="0,1" hai="52,59,61,76,78,79,80,87" m="59415,49707" machi="52" ten="30,3900,0" yaku="19,1,52,1,54,1" doraHai="91" who="3" fromWho="0" sc="310,-39,81,0,230,0,369,49" /><INIT seed="3,0,0,3,3,33" ten="271,81,230,418" oya="3" hai0="65,97,100,98,11,110,94,24,122,85,123,52,96" hai1="51,55,42,30,31,69,105,44,84,16,101,0,7" hai2="8,75,83,82,19,40,118,107,39,54,56,10,29" hai3="20,73,102,26,37,46,130,68,50,99,23,111,12"/><W18/><G37/><T21/><D110/><U88/><E69/><V1/><F107/><W13/><G73/><T135/><D135/><U115/><E115/><V92/><F118/><W74/><G74/><T117/><D117/><U17/><E31/><V78/><F29/><W62/><G68/><T87/><D65/><U119/><E30/><V48/><F83/><W72/><G72/><T131/><D131/><U126/><E126/><V60/><F92/><W104/><G62/><T95/><D11/><U127/><E127/><V120/><F120/><W15/><G111/><T93/><D100/><U116/><E116/><V4/><F10/><W90/><G90/><T114/><D114/><U109/><E109/><V47/><REACH who="2" step="1"/><F19/><REACH who="2" ten="271,81,220,418" step="2"/><W38/><G18/><N who="0" m="12343" /><D123/><U3/><E119/><V125/><F125/><W61/><G104/><T35/><D35/><U32/><E32/><V22/><F22/><W43/><G20/><T79/><D122/><U6/><E6/><V45/><F45/><W2/><G46/><T106/><D106/><U134/><E134/><V36/><AGARI ba="0,1" hai="1,4,8,36,39,40,47,48,54,56,60,75,78,82" machi="36" ten="30,4000,0" yaku="1,1,0,1,52,1,53,0" doraHai="33" doraHaiUra="9" who="2" fromWho="2" sc="271,-10,81,-10,220,50,418,-20" owari="261,-13.9,71,-42.9,270,7.0,398,49.8" /></mjloggm>