<mjloggm ver="2.3"><GO type="225" lobby="0"/><UN n0="%E3%81%94%E3%81%BE%E3%81%A1%E3%82%83%E3%82%93%36%36" n1="%E3%83%A9%E3%83%BC%E3%83%A1%E3%83%B3%E4%BA%94%E9%83%8E" n2="%E8%BE%9B%E5%8F%A3%E3%82%AB%E3%83%AC%E3%83%BC%E3%83%A9%E3%82%A4%E3%82%B9" n3="%4C%4F%4C%49%54%41" dan="17,16,16,16" rate="2150.05,2083.88,2181.15,2198.25" sx="M,M,M,F"/><TAIKYOKU oya="0"/><INIT seed="0,0,0,0,5,54" ten="250,250,250,250" oya="0" hai0="94,125,61,22,80,110,41,106,56,45,79,4,93" hai1="26,5,101,33,97,67,13,134,71,122,103,51,55" hai2="84,7,69,31,117,53,111,66,98,10,47,130,62" hai3="35,24,43,104,128,60,127,9,23,87,76,36,109"/><T83/><D106/><U21/><E122/><V58/><F111/><W73/><G104/><T30/><D110/><U119/><E119/><V59/><F130/><W102/><G109/><T113/><D113/><U68/><E134/><V52/><F117/><W27/><G73/><T16/><D125/><U92/><E33/><V131/><F131/><W112/><G112/><T132/><D4/><U50/><E103/><V108/><F108/><W6/><G127/><T120/><D30/><U124/><E124/><V118/><F118/><W90/><G36/><T1/><D1/><U82/><E82/><N who="0" m="31273" /><D79/><U115/><E115/><V100/><F31/><W75/><G76/><T91/><D132/><U17/><E67/><V129/><F129/><W107/><G75/><T20/><D120/><U37/><E37/><V89/><F69/><W72/><G6/><T49/><D91/><U8/><REACH who="1" step="1"/><E50/><REACH who="1" ten="250,240,250,250" step="2"/><N who="2" m="28767" /><F100/><W114/><G102/><T12/><D22/><U0/><E0/><V65/><F65/><AGARI ba="0,1" hai="12,16,20,41,45,49,56,61,65,93,94" m="31273" machi="65" ten="30,5800,0" yaku="8,1,52,1,54,1" doraHai="54" who="0" fromWho="2" sc="250,68,240,0,250,-58,250,0" /><INIT seed="0,1,0,1,5,126" ten="318,240,192,250" oya="0" hai0="62,31,108,107,55,123,115,100,94,20,112,36,35" hai1="117,3,6,5,10,80,92,91,58,101,64,23,88" hai2="15,131,41,71,66,57,22,21,38,73,87,83,12" hai3="42,26,50,46,95,125,132,72,119,28,16,13,53"/><T85/><D123/><U135/><E117/><V8/><F71/><W110/><G119/><T106/><D35/><U78/><E135/><V74/><F38/><W44/><G72/><T9/><D36/><U1/><E23/><V134/><F41/><W133/><G110/><T24/><D108/><U17/><E17/><V104/><F104/><W43/><G125/><T67/><D55/><U32/><E32/><V102/><F102/><W89/><G46/><T98/><D9/><U68/><E68/><V122/><F122/><W77/><G77/><T60/><D60/><U97/><E5/><V51/><F134/><N who="3" m="51819" /><G26/><T48/><D48/><U93/><E1/><V127/><F127/><W25/><G25/><T105/><REACH who="0" step="1"/><D85/><REACH who="0" ten="308,240,192,250" step="2"/><U45/><E10/><V39/><F39/><W19/><G28/><T111/><D111/><U120/><E120/><V30/><F30/><W52/><G53/><T103/><D103/><U90/><E101/><V18/><F87/><N who="3" m="52671" /><G19/><T76/><D76/><U0/><E6/><V47/><F18/><W116/><G116/><T34/><D34/><U29/><E29/><V11/><F74/><W40/><G40/><T54/><D54/><U114/><E64/><V99/><F66/><W79/><G79/><T7/><D7/><U59/><E78/><V121/><F73/><W49/><G49/><T81/><D81/><U75/><E80/><V109/><F51/><W86/><G86/><T118/><D118/><U130/><E75/><V65/><F83/><W129/><G50/><T56/><AGARI ba="1,1" hai="20,24,31,56,62,67,94,98,100,105,106,107,112,115" machi="56" ten="30,11700,0" yaku="1,1,0,1,25,2,53,0" doraHai="126" doraHaiUra="14" who="0" fromWho="0" sc="308,130,240,-40,192,-40,250,-40" /><INIT seed="0,2,0,0,3,36" ten="438,200,152,210" oya="0" hai0="104,66,56,106,13,17,65,96,15,67,116,45,63" hai1="80,16,28,71,54,7,125,76,118,44,115,19,1" hai2="57,111,64,6,128,131,119,112,9,69,27,90,42" hai3="120,124,29,31,117,46,20,32,49,39,74,12,132"/><T97/><D116/><U41/><E118/><V102/><F119/><W108/><G117/><RYUUKYOKU type="kaze4" ba="2,0" sc="438,0,200,0,152,0,210,0" /><INIT seed="0,3,0,3,2,130" ten="438,200,152,210" oya="0" hai0="96,1,5,78,50,109,59,135,48,66,11,60,51" hai1="14,99,83,74,72,46,62,105,27,37,133,86,7" hai2="131,42,117,120,134,47,101,21,31,77,38,70,18" hai3="81,100,75,85,33,104,126,10,29,44,63,9,3"/><T45/><D109/><U20/><E62/><V123/><F131/><W87/><G126/><T26/><D135/><U119/><E119/><V67/><F117/><W98/><G44/><T22/><D78/><U39/><E7/><V32/><F77/><W111/><G111/><T19/><REACH who="0" step="1"/><D96/><REACH who="0" ten="428,200,152,210" step="2"/><U24/><E99/><V17/><F134/><W43/><G98/><T118/><D118/><U61/><E133/><V116/><F116/><W94/><G75/><T64/><D64/><U40/><E72/><V91/><F67/><W73/><G73/><T23/><D23/><U122/><E74/><V15/><F21/><W13/><G33/><T113/><D113/><U41/><E20/><V36/><F32/><W106/><G85/><T82/><D82/><U92/><E83/><V54/><F120/><W114/><G87/><T127/><D127/><U132/><E132/><V103/><F123/><W129/><G81/><T68/><D68/><U80/><E80/><V84/><F70/><W107/><G114/><T52/><AGARI ba="3,1" hai="1,5,11,19,22,26,45,48,50,51,52,59,60,66" machi="52" ten="20,7800,0" yaku="1,1,0,1,7,1,54,1,53,0" doraHai="130" doraHaiUra="90" who="0" fromWho="0" sc="428,97,200,-29,152,-29,210,-29" /><INIT seed="0,4,0,3,2,122" ten="525,171,123,181" oya="0" hai0="43,81,42,124,65,58,79,68,28,63,7,88,46" hai1="131,3,1,41,36,120,72,14,87,34,89,17,30" hai2="40,33,62,23,108,121,92,32,60,61,12,26,59" hai3="22,31,73,113,114,125,109,117,21,133,97,54,104"/><T78/><D124/><U116/><E120/><V15/><F121/><W56/><G117/><T129/><D129/><U102/><E116/><V98/><F40/><W5/><G73/><T80/><D28/><U134/><E72/><V90/><F59/><W20/><G31/><T130/><D130/><U44/><E131/><V48/><F48/><W18/><G125/><T50/><D7/><U82/><E134/><V105/><F105/><W67/><G133/><T76/><D42/><U49/><E102/><V64/><F64/><W135/><G135/><T85/><REACH who="0" step="1"/><D68/><REACH who="0" ten="515,171,123,181" step="2"/><U53/><E30/><V107/><F33/><W45/><G5/><T47/><D47/><U25/><E34/><V27/><F32/><W101/><G45/><T118/><D118/><U83/><E41/><V112/><F112/><W52/><G114/><T38/><D38/><U132/><E36/><V57/><F57/><W128/><G56/><T99/><D99/><U39/><E39/><V86/><F98/><W75/><G113/><T115/><D115/><U11/><E132/><V13/><F108/><W66/><G109/><T127/><D127/><U106/><E44/><V6/><F6/><W8/><G128/><T95/><AGARI ba="4,1" hai="43,46,50,58,63,65,76,78,79,80,81,85,88,95" machi="95" ten="30,12000,1" yaku="1,1,0,1,8,1,54,1,53,1" doraHai="122" doraHaiUra="91" who="0" fromWho="0" sc="515,142,171,-44,123,-44,181,-44" /><INIT seed="0,5,0,3,0,109" ten="657,127,79,137" oya="0" hai0="62,7,2,27,73,18,91,102,63,50,79,29,104" hai1="67,39,24,58,16,116,55,3,28,130,56,34,19" hai2="11,49,33,35,59,68,89,8,57,120,23,88,44" hai3="124,127,12,107,26,111,60,21,98,100,47,74,41"/><T96/><D18/><U71/><E116/><V30/><F120/><W10/><G74/><T134/><D134/><U64/><E39/><V48/><F68/><W65/><G111/><T78/><D91/><N who="2" m="34890" /><F33/><W17/><G47/><T131/><D131/><U92/><E71/><V14/><F35/><W135/><G135/><T4/><D50/><N who="2" m="19562" /><F44/><W51/><G51/><T133/><D133/><U99/><E130/><V53/><F53/><W94/><G41/><T31/><D31/><U46/><E3/><V106/><F106/><W69/><REACH who="3" step="1"/><G107/><REACH who="3" ten="657,127,79,127" step="2"/><T66/><D73/><U42/><E46/><V101/><F101/><W13/><G13/><T123/><D102/><U36/><E36/><V84/><F84/><W119/><G119/><T117/><D104/><U37/><E37/><V15/><F15/><W70/><G70/><T112/><D117/><U38/><E38/><V129/><F129/><W43/><G43/><T132/><D132/><U114/><E42/><V81/><F81/><W40/><G40/><T121/><D123/><U80/><E80/><V86/><F86/><W45/><G45/><T1/><D121/><U61/><E58/><N who="2" m="22027" /><F14/><W90/><G90/><T118/><D118/><U83/><E83/><V122/><F122/><W105/><G105/><T0/><D0/><U108/><E108/><V103/><F103/><W9/><G9/><T93/><D2/><U6/><E56/><V5/><F5/><AGARI ba="5,1" hai="5,10,12,17,21,26,60,65,69,94,98,100,124,127" machi="5" ten="40,1300,0" yaku="1,1,53,0" doraHai="109" doraHaiUra="126" who="3" fromWho="2" sc="657,0,127,0,79,-28,127,38" /><INIT seed="1,0,0,4,3,19" ten="657,127,51,165" oya="1" hai0="104,31,122,49,5,88,83,89,99,23,18,126,2" hai1="118,30,63,107,25,56,133,93,109,57,3,81,26" hai2="38,116,96,77,73,22,97,106,100,7,132,72,12" hai3="134,40,131,41,17,66,67,33,15,8,85,82,80"/><U113/><E113/><V51/><F116/><W46/><G33/><T117/><D117/><U42/><E118/><V11/><F132/><W112/><G112/><T95/><D122/><U121/><E107/><V124/><F124/><W44/><G131/><T47/><D126/><U115/><E115/><V6/><F38/><W52/><G134/><T9/><D104/><U78/><E121/><V34/><F34/><W105/><G105/><T128/><D128/><U13/><E3/><V28/><F77/><W92/><G92/><T14/><D31/><U86/><E133/><V119/><F119/><W29/><G29/><T43/><REACH who="0" step="1"/><D83/><REACH who="0" ten="647,127,51,165" step="2"/><U20/><E30/><V129/><F129/><W108/><G80/><T125/><D125/><U39/><E81/><V10/><F28/><W98/><G82/><T68/><D68/><U65/><E78/><V64/><F106/><W0/><G108/><T110/><D110/><U103/><E109/><V32/><F73/><W74/><G74/><T60/><D60/><U36/><E63/><V4/><F72/><W24/><G41/><T70/><D70/><U27/><E42/><V21/><F4/><W37/><G40/><T1/><D1/><U55/><E93/><V71/><F71/><W35/><G0/><T76/><D76/><U62/><E62/><V58/><F6/><W48/><G35/><T87/><D87/><U45/><E86/><V102/><F32/><W75/><G85/><T90/><AGARI ba="0,1" hai="2,5,9,14,18,23,43,47,49,88,89,90,95,99" machi="90" ten="20,8000,1" yaku="1,1,0,1,7,1,52,1,54,1,53,0" doraHai="19" doraHaiUra="69" who="0" fromWho="0" sc="647,90,127,-40,51,-20,165,-20" /><INIT seed="2,0,0,4,5,55" ten="737,87,31,145" oya="2" hai0="131,69,70,112,113,13,133,50,57,128,123,5,97" hai1="126,24,47,39,129,121,85,120,11,31,17,32,84" hai2="20,8,98,73,52,83,115,54,21,127,105,77,14" hai3="26,40,64,23,111,80,18,88,49,51,92,86,104"/><V41/><F115/><N who="0" m="44106" /><D97/><U119/><E126/><V82/><F127/><W114/><G104/><T66/><D13/><N who="1" m="7359" /><E129/><N who="0" m="49737" /><D5/><U44/><E119/><V101/><F41/><W106/><G111/><T79/><D79/><U56/><E56/><V118/><F118/><W74/><G64/><T59/><D123/><N who="1" m="47179" /><E39/><V48/><F83/><W9/><G80/><T65/><D133/><U132/><E132/><V27/><F27/><W60/><G26/><T36/><D36/><U130/><E130/><V122/><F122/><W96/><G96/><T75/><D75/><U1/><E1/><V62/><F62/><W2/><G60/><N who="0" m="38031" /><D50/><U58/><E84/><V35/><F35/><W22/><G86/><T89/><D89/><U42/><E85/><V45/><REACH who="2" step="1"/><F54/><REACH who="2" ten="737,87,21,145" step="2"/><W103/><G114/><T116/><D116/><U37/><E42/><V135/><F135/><W43/><G43/><T93/><D93/><U81/><E81/><V0/><F0/><W134/><G2/><T110/><D110/><U67/><E37/><V87/><F87/><W72/><G40/><T117/><D117/><U68/><E68/><V107/><F107/><W38/><G134/><T46/><D69/><U94/><E94/><V61/><F61/><AGARI ba="0,1" hai="24,31,32,44,47,58,61,67" m="47179,7359" machi="61" ten="30,2000,0" yaku="13,1,52,1" doraHai="55" who="1" fromWho="2" sc="737,0,87,30,21,-20,145,0" /><INIT seed="3,0,0,4,1,92" ten="737,117,1,145" oya="3" hai0="85,69,128,5,25,98,95,96,9,133,4,34,77" hai1="58,102,32,127,64,118,12,101,78,124,30,62,36" hai2="1,38,103,61,33,44,82,80,130,115,59,110,116" hai3="89,40,48,122,74,18,60,90,100,83,16,52,91"/><W119/><G119/><T28/><D69/><U75/><E118/><V19/><F115/><W24/><G122/><T132/><D128/><U106/><E36/><V88/><F116/><W53/><G100/><T112/><D112/><U135/><E135/><N who="0" m="51785" /><D5/><U51/><E12/><V43/><F130/><W84/><G74/><T63/><D63/><U86/><E75/><V29/><F110/><W67/><G40/><T17/><D17/><U72/><E72/><V104/><F1/><W6/><G6/><T10/><D10/><U81/><E51/><V13/><F29/><W23/><G18/><T113/><D113/><U76/><E76/><V65/><F33/><W129/><G129/><T47/><D47/><U79/><E79/><V107/><F80/><W11/><G11/><T131/><D131/><U50/><E50/><V68/><F13/><W123/><G123/><T117/><D117/><U125/><REACH who="1" step="1"/><E106/><REACH who="1" ten="737,107,1,145" step="2"/><V27/><F27/><AGARI ba="0,1" hai="27,30,32,58,62,64,78,81,86,101,102,124,125,127" machi="27" ten="40,5200,0" yaku="1,1,2,1,18,1,53,0" doraHai="92" doraHaiUra="7" who="1" fromWho="2" sc="737,0,107,62,1,-52,145,0" owari="737,83.7,169,-3.1,-51,-55.1,145,-25.5" /></mjloggm>