<mjloggm ver="2.3"><GO type="225" lobby="0"/><UN n0="%62%6F%6E%6F%73%2E%2E" n1="%E6%A1%9C%E8%8A%B1%E9%96%83%E3%80%85" n2="%E5%AE%AE%E4%BF%9D%E9%B6%8F%E8%82%89" n3="%6D%75%75%6D%75%72%61" dan="17,18,16,17" rate="2207.71,2254.71,2110.71,2224.12" sx="M,M,M,F"/><TAIKYOKU oya="0"/><INIT seed="0,0,0,5,4,3" ten="250,250,250,250" oya="0" hai0="109,78,72,65,64,58,74,123,50,85,99,57,127" hai1="111,51,38,48,37,69,68,122,18,96,28,41,7" hai2="83,60,98,12,24,107,59,27,66,105,23,117,130" hai3="67,112,29,91,102,115,55,135,11,1,124,93,62"/><T104/><D123/><U75/><E75/><V0/><F0/><W103/><G124/><T125/><D109/><U35/><E28/><V56/><F130/><W119/><G119/><T13/><D85/><U4/><E18/><N who="2" m="10695" /><F105/><W94/><G135/><T100/><D13/><U128/><E96/><V86/><F107/><W63/><G29/><T118/><D118/><U25/><E41/><V84/><F98/><W82/><G82/><N who="0" m="45383" /><D74/><U76/><E76/><N who="2" m="46183" /><F117/><W71/><G102/><T81/><D81/><U97/><E97/><V126/><F126/><N who="0" m="48138" /><D50/><U73/><E73/><V15/><F86/><W22/><G103/><T108/><D108/><U30/><E111/><V10/><F59/><AGARI ba="0,0" hai="57,58,59,64,65,99,100,104" m="48138,45383" machi="59" ten="30,1500,0" yaku="18,1" doraHai="3" who="0" fromWho="2" sc="250,15,250,0,250,-15,250,0" /><INIT seed="0,1,0,3,2,117" ten="265,250,235,250" oya="0" hai0="84,15,89,101,95,92,36,119,6,55,115,124,57" hai1="121,104,2,76,69,87,135,13,130,82,65,97,17" hai2="61,7,23,67,109,71,100,40,94,128,3,91,60" hai3="110,29,96,20,72,48,35,8,21,78,30,4,103"/><T58/><D115/><U111/><E2/><V46/><F109/><W34/><G110/><T116/><D36/><U93/><E111/><V41/><F128/><W1/><G72/><T134/><D134/><U12/><E130/><V125/><F125/><W53/><G78/><T28/><D124/><U99/><E135/><V68/><F100/><W80/><G80/><T32/><D58/><U49/><E104/><V108/><F108/><W19/><G30/><T73/><D73/><U98/><E121/><V52/><F3/><W106/><G29/><T47/><D47/><U5/><E65/><V45/><F7/><W77/><G77/><T83/><D32/><U25/><E69/><V74/><F74/><W10/><G10/><N who="0" m="4567" /><D28/><U122/><E122/><V132/><F132/><W18/><G21/><T38/><D38/><U22/><E5/><V64/><F23/><W107/><G107/><T113/><D113/><U62/><E62/><V27/><F27/><W105/><G105/><T24/><D24/><U129/><E129/><V16/><F16/><W59/><REACH who="3" step="1"/><G19/><REACH who="3" ten="265,250,235,240" step="2"/><T70/><D116/><U102/><E93/><N who="0" m="35913" /><D119/><U75/><E75/><V126/><F126/><W118/><G118/><T33/><D33/><U88/><E76/><V37/><F94/><W81/><G81/><T11/><D11/><U43/><E102/><V86/><F91/><W131/><G131/><T114/><D114/><U133/><E133/><V79/><F79/><W123/><G123/><T112/><D112/><U42/><E42/><N who="2" m="22735" /><F86/><W31/><G31/><T39/><D83/><U14/><E43/><V44/><F44/><RYUUKYOKU ba="1,1" sc="265,-30,250,10,235,10,240,10" hai1="12,13,14,17,22,25,49,82,87,88,97,98,99" hai2="40,41,46,52,60,61,64,67,68,71" hai3="1,4,8,18,20,34,35,48,53,59,96,103,106" /><INIT seed="1,2,1,4,2,3" ten="235,260,245,250" oya="1" hai0="36,16,52,5,8,47,130,117,31,15,25,87,13" hai1="64,103,97,123,128,53,0,129,112,76,85,38,122" hai2="28,73,62,23,102,113,33,51,83,46,11,26,49" hai3="95,114,119,94,77,57,88,10,92,12,39,72,69"/><U89/><E38/><V17/><F113/><W127/><G69/><T56/><D117/><U19/><E64/><V98/><F62/><W60/><G114/><T67/><D130/><N who="1" m="50283" /><E0/><V4/><F73/><W105/><G105/><T75/><D75/><U84/><E112/><V48/><F83/><W91/><G119/><T6/><D67/><U110/><E19/><V32/><F28/><W63/><G39/><T116/><D116/><U131/><N who="1" m="50291" /><U126/><DORA hai="54" /><E53/><V132/><F46/><W134/><G127/><T30/><D36/><U96/><E126/><V18/><F18/><W80/><G134/><T1/><D47/><U50/><E50/><V29/><F29/><N who="0" m="10762" /><D1/><U22/><E22/><V27/><F27/><W9/><G63/><N who="0" m="36231" /><D25/><U100/><E123/><V59/><F132/><W37/><G37/><T71/><D71/><U65/><E65/><V104/><REACH who="2" step="1"/><F59/><REACH who="2" ten="235,260,235,250" step="2"/><W58/><G57/><T82/><D13/><AGARI ba="2,2" hai="4,11,13,17,23,26,32,33,48,49,51,98,102,104" machi="13" ten="40,5200,0" yaku="1,1,2,1,52,1,53,0" doraHai="3,54" doraHaiUra="42,79" who="2" fromWho="0" sc="235,-58,260,0,235,78,250,0" /><INIT seed="2,0,0,4,0,29" ten="177,260,313,250" oya="2" hai0="96,65,121,89,5,40,77,19,109,20,14,48,132" hai1="58,106,127,66,35,114,62,71,79,72,87,1,25" hai2="83,41,32,39,6,21,131,73,76,30,36,110,44" hai3="26,61,50,112,95,97,64,129,69,22,9,70,86"/><V128/><F21/><W103/><G129/><N who="2" m="49737" /><F6/><W93/><G112/><T12/><D109/><U90/><E114/><V8/><F8/><W92/><G70/><T81/><D132/><U124/><E1/><V7/><F7/><W133/><G133/><T34/><D34/><U45/><E106/><V4/><F4/><W85/><G50/><T116/><D121/><U125/><E45/><V123/><F110/><W10/><G86/><T91/><D116/><U38/><E38/><N who="2" m="21559" /><F123/><W31/><REACH who="3" step="1"/><G85/><REACH who="3" ten="177,260,313,240" step="2"/><N who="0" m="48303" /><D48/><U98/><E87/><V108/><F108/><W126/><G126/><T0/><D40/><U47/><E125/><V82/><F82/><W33/><G33/><T78/><D0/><U67/><E35/><V13/><F13/><W17/><G17/><T122/><D122/><U60/><E124/><V15/><F15/><W46/><G46/><T120/><D120/><U51/><E127/><V54/><F32/><W105/><AGARI ba="0,1" hai="9,10,22,26,31,61,64,69,92,93,95,97,103,105" machi="105" ten="30,2000,0" yaku="1,1,0,1,53,0" doraHai="29" doraHaiUra="42" who="3" fromWho="3" sc="177,-5,260,-5,313,-10,240,30" /><INIT seed="3,0,0,5,1,72" ten="172,255,303,270" oya="3" hai0="39,27,77,0,4,70,57,10,12,119,16,45,99" hai1="6,30,8,103,87,24,15,135,7,65,104,122,93" hai2="20,60,68,95,1,100,71,51,32,59,108,19,42" hai3="2,113,74,33,53,120,81,56,29,52,14,107,132"/><W89/><G113/><T82/><D119/><U63/><E122/><V48/><F32/><W79/><G2/><T66/><D70/><U91/><E135/><V127/><F1/><W55/><G120/><T98/><D27/><U44/><E104/><V83/><F108/><W11/><G132/><T129/><D129/><U69/><E103/><V25/><F127/><W34/><G107/><T85/><D66/><U110/><E110/><V123/><F71/><W78/><G29/><T114/><D114/><U134/><E134/><V3/><F68/><W28/><G56/><T9/><REACH who="0" step="1"/><D57/><REACH who="0" ten="162,255,303,270" step="2"/><U58/><E69/><V130/><F130/><W115/><G115/><T61/><D61/><U40/><E24/><V118/><F118/><W37/><G34/><T64/><D64/><U46/><E30/><V84/><F25/><W80/><G33/><T133/><D133/><U31/><E31/><V117/><F117/><W54/><G28/><T17/><D17/><U102/><E6/><V38/><F19/><W50/><G55/><T86/><D86/><U76/><E87/><V105/><F84/><W62/><G62/><T21/><D21/><U125/><E63/><V36/><F20/><W124/><G54/><T126/><D126/><U35/><E125/><V26/><F60/><W73/><G124/><T109/><D109/><U49/><E35/><V43/><F59/><W94/><G53/><T13/><D13/><N who="1" m="5279" /><E58/><V18/><F3/><W47/><G14/><T131/><D131/><U121/><E15/><V88/><F26/><W106/><G11/><T92/><D92/><U90/><E93/><RYUUKYOKU ba="0,1" sc="162,30,255,-10,303,-10,270,-10" hai0="0,4,9,10,12,16,39,45,77,82,85,98,99" /><INIT seed="4,1,1,5,1,50" ten="192,245,293,260" oya="0" hai0="96,22,89,99,55,116,97,46,3,17,57,54,69" hai1="81,39,59,84,73,102,60,18,49,2,36,129,82" hai2="10,93,65,43,7,31,5,79,63,34,67,83,86" hai3="114,123,41,109,85,125,37,124,127,101,4,23,66"/><T104/><D116/><U29/><E2/><V74/><F43/><W133/><G109/><T80/><D69/><U115/><E29/><V107/><F107/><W135/><G114/><T94/><D3/><U98/><E129/><V44/><F44/><N who="3" m="23599" /><G66/><T52/><D104/><U47/><E73/><V77/><F34/><W128/><G101/><T64/><D46/><U120/><E120/><V56/><F31/><W75/><G75/><T91/><D80/><U14/><E115/><V110/><F110/><W119/><G119/><T13/><D91/><U25/><E25/><V53/><F5/><W90/><G128/><T15/><D15/><U70/><E70/><V6/><F7/><W105/><G105/><T1/><D1/><U45/><E39/><V111/><F111/><W68/><G68/><T30/><D30/><U21/><E36/><V117/><F117/><W38/><G38/><T32/><D32/><U103/><E81/><V108/><F108/><W16/><G4/><T61/><AGARI ba="1,1" hai="13,17,22,52,54,55,57,61,64,89,94,96,97,99" machi="61" ten="30,18000,2" yaku="0,1,8,1,52,3,54,1" doraHai="50" who="0" fromWho="0" sc="192,193,245,-61,293,-61,260,-61" owari="385,48.5,184,-31.6,232,3.2,199,-20.1" /></mjloggm>