<mjloggm ver="2.3"><GO type="225" lobby="0"/><UN n0="%45%6C%79%73%69%75%6D" n1="%73%61%6E%64%69%72%69%73" n2="%E2%91%A3%E9%81%BF%E9%81%8A%E6%88%AF%E3%80%90%E6%9D%B1%E5%8D%97%E3%80%91" n3="%E3%81%95%E3%81%8D%E3%81%9F%E3%81%BE%E6%9E%97%E6%AA%8E" dan="18,16,16,16" rate="2153.59,2108.70,2080.68,2149.99" sx="F,M,M,M"/><TAIKYOKU oya="0"/><INIT seed="0,0,0,0,5,126" ten="250,250,250,250" oya="0" hai0="87,50,1,57,92,19,111,91,33,88,44,125,114" hai1="117,23,31,14,45,112,64,86,81,118,105,39,53" hai2="27,98,75,130,128,113,70,96,66,71,119,25,20" hai3="46,4,69,135,38,122,102,62,7,82,106,103,60"/><T58/><D114/><U108/><E105/><V127/><F113/><W0/><G122/><T97/><D125/><U107/><E107/><V80/><F127/><W133/><G82/><T15/><D33/><U11/><E64/><V3/><F3/><W21/><G21/><T63/><D1/><U124/><E108/><V24/><F20/><W78/><G78/><T36/><D36/><U123/><E123/><V67/><F119/><W49/><G38/><T131/><D131/><N who="2" m="50218" /><F80/><W74/><G74/><T5/><D5/><U90/><E112/><V10/><F10/><W95/><G95/><N who="0" m="54687" /><D63/><U73/><E124/><V115/><F75/><W26/><G106/><T79/><D79/><U40/><E73/><V43/><F43/><W120/><G62/><T56/><D111/><U41/><E41/><V84/><F84/><W34/><G34/><T68/><D68/><N who="2" m="26154" /><F115/><W89/><G0/><T129/><D129/><U16/><E31/><V42/><F42/><W30/><G30/><T8/><D44/><N who="1" m="23583" /><E23/><V83/><F83/><W22/><G46/><T12/><D12/><U101/><E118/><V13/><F13/><W65/><G69/><T59/><D59/><U77/><E117/><V55/><F55/><AGARI ba="0,0" hai="8,15,19,50,55,56,57,58,91,92,97" m="54687" machi="55" ten="30,2900,0" yaku="8,1,54,1" doraHai="126" who="0" fromWho="2" sc="250,29,250,0,250,-29,250,0" /><INIT seed="0,1,0,5,4,109" ten="279,250,221,250" oya="0" hai0="10,124,38,102,11,73,14,99,45,48,22,79,68" hai1="13,63,40,77,28,103,107,18,19,82,87,135,115" hai2="98,2,108,41,46,95,65,61,42,35,5,100,47" hai3="83,133,7,62,56,27,64,125,24,29,49,76,121"/><T20/><D38/><U122/><E107/><V94/><F108/><W1/><G121/><T134/><D68/><U0/><E0/><V57/><F35/><W8/><G133/><T39/><D39/><U128/><E122/><V74/><F74/><W131/><G131/><T33/><D33/><U78/><E103/><V96/><F2/><W66/><G125/><T90/><D90/><U43/><E28/><V86/><F86/><W110/><G110/><T116/><D116/><U69/><E135/><V123/><F5/><W118/><G118/><T12/><D124/><U81/><E128/><V30/><F30/><W117/><G117/><T60/><D60/><U93/><E93/><V101/><F123/><W26/><G49/><T72/><D79/><U119/><E19/><V55/><F47/><W34/><REACH who="3" step="1"/><G66/><REACH who="3" ten="279,250,221,240" step="2"/><T91/><D134/><U44/><E119/><V23/><F23/><W32/><G32/><T70/><D22/><U114/><E43/><V59/><F46/><W36/><G36/><T37/><D37/><U58/><E44/><V9/><F9/><W88/><G88/><T104/><D91/><U15/><E40/><V51/><AGARI ba="1,1" hai="41,42,51,55,57,59,61,65,94,95,96,98,100,101" machi="51" ten="20,5200,0" yaku="0,1,7,1,9,1,8,1" doraHai="109" who="2" fromWho="2" sc="279,-27,250,-14,221,65,240,-14" /><INIT seed="1,0,0,5,4,41" ten="252,236,286,226" oya="1" hai0="59,9,26,76,118,62,3,94,74,85,120,35,55" hai1="5,111,20,19,66,46,92,56,28,6,110,70,121" hai2="47,60,114,37,45,86,32,13,39,134,97,54,12" hai3="27,44,15,117,101,10,29,69,91,129,31,112,128"/><U105/><E105/><V78/><F32/><W126/><G112/><T93/><D118/><U72/><E72/><V99/><F114/><W108/><G108/><N who="1" m="41514" /><E121/><V127/><F127/><W90/><G69/><T36/><D74/><U71/><E28/><V124/><F124/><W123/><G123/><T68/><D68/><N who="1" m="26155" /><E92/><V79/><F134/><W122/><G122/><T98/><D93/><U73/><E73/><V7/><F7/><W22/><G31/><T1/><D94/><U103/><E103/><V34/><F34/><W24/><G24/><T49/><D26/><N who="1" m="14623" /><E46/><N who="2" m="17419" /><F39/><W0/><G126/><T88/><D36/><U116/><E116/><V18/><F37/><W84/><G117/><T11/><D35/><U17/><E17/><V8/><F13/><W130/><G0/><T125/><D1/><U2/><E2/><V42/><F42/><W52/><G101/><T40/><D3/><U96/><E96/><N who="2" m="36939" /><F86/><W131/><G84/><T133/><D85/><U75/><E75/><V57/><AGARI ba="0,0" hai="8,12,18,54,57,60,78,79" m="36939,17419" machi="57" ten="30,7900,0" yaku="8,1,52,3" doraHai="41" who="2" fromWho="2" sc="252,-20,236,-39,286,79,226,-20" /><INIT seed="2,0,0,3,3,6" ten="232,197,365,206" oya="2" hai0="85,18,114,116,131,16,109,65,72,89,129,44,121" hai1="14,79,10,107,67,96,3,49,30,98,64,94,110" hai2="91,29,12,103,120,74,59,37,127,8,135,77,81" hai3="62,22,126,133,23,25,132,113,17,41,124,128,32"/><V4/><F120/><W134/><G41/><T53/><D114/><U95/><E107/><V106/><F127/><N who="3" m="48683" /><G62/><T66/><D72/><U9/><E110/><V45/><F135/><W51/><G51/><N who="0" m="28903" /><D121/><U20/><E79/><V102/><F29/><N who="3" m="19503" /><G113/><T92/><D109/><U38/><E38/><V19/><F106/><W80/><G80/><T28/><D28/><U86/><E86/><V15/><F59/><W111/><G111/><T55/><D55/><U47/><E3/><V78/><F78/><W31/><G31/><T63/><D116/><U119/><E119/><V75/><F75/><W130/><G17/><N who="0" m="6763" /><D63/><U76/><E30/><V101/><F45/><W108/><G108/><T73/><D73/><U54/><E20/><AGARI ba="0,0" hai="20,22,23,128,130,132,133,134" m="19503,48683" machi="20" ten="40,12000,2" yaku="30,2,20,1,18,1,34,2" doraHai="6" who="3" fromWho="1" sc="232,0,197,-120,365,0,206,120" /><INIT seed="3,0,0,4,3,75" ten="232,77,365,326" oya="3" hai0="105,5,1,73,25,6,70,0,121,115,74,59,89" hai1="92,47,84,125,15,120,51,12,129,78,22,2,82" hai2="38,134,112,71,49,13,50,28,106,18,101,42,30" hai3="43,9,19,83,4,40,113,110,72,103,10,135,52"/><W44/><G113/><T119/><D70/><U130/><E2/><V104/><F112/><W118/><G118/><T127/><D105/><U41/><E120/><V61/><F134/><W108/><G135/><T80/><D59/><U131/><E125/><V68/><F38/><W66/><G66/><T21/><D115/><U14/><REACH who="1" step="1"/><E92/><REACH who="1" ten="232,67,365,326" step="2"/><V63/><F106/><W107/><G107/><T29/><D121/><U45/><E45/><V95/><F104/><W64/><G64/><T32/><D127/><U76/><E76/><V65/><F95/><W8/><G103/><T100/><D100/><U58/><E58/><V20/><F101/><W60/><G4/><T98/><D5/><U126/><E126/><V33/><F71/><W39/><G43/><T133/><D6/><U55/><E55/><V77/><F42/><W35/><G35/><T34/><D34/><U117/><E117/><V17/><F33/><W96/><G96/><T48/><D119/><U94/><E94/><V111/><F77/><N who="3" m="44455" /><G19/><T56/><D133/><U124/><E124/><V93/><F18/><W90/><G90/><T57/><D32/><U91/><E91/><V23/><F93/><W109/><G52/><N who="0" m="31751" /><D98/><U62/><E62/><AGARI ba="0,1" hai="8,9,10,39,40,44,60,62,108,109,110" m="44455" machi="62" ten="40,7700,0" yaku="14,1,10,1,52,1" doraHai="75" who="3" fromWho="1" sc="232,0,67,-77,365,0,326,87" owari="232,-16.8,-10,-51.0,365,16.5,413,51.3" /></mjloggm>