<mjloggm ver="2.3"><GO type="225" lobby="0"/><UN n0="%E3%81%82%E3%81%99%E3%81%AB%E3%82%83%E3%82%80" n1="%E3%81%86%E3%83%BC%E3%81%B1%E3%83%BC" n2="%E5%8D%A0%E3%81%84%E5%B8%AB%E8%A3%8F%E3%81%AA%E3%81%84%E3%81%97" n3="%E7%89%B9%E6%9D%B1%E3%81%AF%E4%B8%96%E7%95%8C%E3%82%92%E6%95%91%E3%81%86" dan="16,16,16,16" rate="2100.76,2106.97,2131.09,2077.95" sx="F,F,M,M"/><TAIKYOKU oya="0"/><INIT seed="0,0,0,0,3,123" ten="250,250,250,250" oya="0" hai0="57,135,61,74,28,62,60,4,63,119,88,122,25" hai1="117,54,35,108,79,24,118,45,52,43,132,121,90" hai2="50,78,97,36,16,1,8,10,59,51,101,20,115" hai3="113,66,64,9,106,111,110,14,114,49,86,53,27"/><T39/><D122/><U73/><E121/><V94/><F115/><W71/><G106/><T128/><D119/><U129/><E129/><V6/><F36/><W40/><G40/><T13/><D39/><U96/><E132/><V82/><F59/><W56/><G27/><T85/><D74/><U33/><E90/><V103/><F8/><W42/><G42/><T102/><D102/><U55/><E96/><V120/><F103/><W72/><G72/><T2/><D2/><U5/><E5/><V107/><F107/><W104/><G104/><T84/><D84/><U75/><E43/><V77/><F120/><W98/><G98/><T133/><D128/><U80/><E55/><V38/><F38/><W31/><G31/><T26/><D4/><U112/><E24/><V126/><F126/><W69/><G86/><T105/><D13/><U11/><E11/><V18/><F78/><W15/><G9/><T34/><D105/><U0/><E112/><V124/><F18/><W95/><G56/><T99/><D99/><U48/><E0/><V23/><F23/><W134/><G49/><T41/><D41/><U127/><E48/><V109/><F124/><W76/><G53/><T7/><D7/><U30/><E127/><V68/><F68/><W67/><G67/><T81/><REACH who="0" step="1"/><D25/><REACH who="0" ten="240,250,250,250" step="2"/><U44/><E75/><N who="2" m="43327" /><F6/><W83/><G114/><T125/><D125/><U91/><E73/><V130/><F130/><W70/><G113/><T22/><D22/><U58/><E118/><V12/><F1/><W92/><G134/><T93/><D93/><U32/><E117/><V65/><F94/><RYUUKYOKU ba="0,1" sc="240,30,250,-10,250,-10,250,-10" hai0="26,28,34,57,60,61,62,63,81,85,88,133,135" /><INIT seed="0,1,1,2,3,23" ten="270,240,240,240" oya="0" hai0="13,36,104,35,125,92,55,37,17,85,114,6,1" hai1="98,80,4,28,32,66,64,58,117,77,21,67,38" hai2="26,113,72,44,133,91,90,19,63,89,30,50,103" hai3="78,27,134,110,70,100,127,20,18,29,2,107,131"/><T43/><D104/><U54/><E117/><V128/><F113/><W83/><G70/><T14/><D114/><U135/><E38/><V8/><F8/><W31/><BYE who="2" /><G2/><T69/><D69/><U12/><E32/><V46/><F46/><W74/><G110/><UN n2="%E5%8D%A0%E3%81%84%E5%B8%AB%E8%A3%8F%E3%81%AA%E3%81%84%E3%81%97" /><T11/><D35/><U95/><E135/><V120/><F72/><W132/><G131/><T84/><D125/><U101/><E4/><V115/><F120/><W62/><G62/><T124/><D124/><U108/><E108/><V87/><F115/><W116/><G116/><T61/><D1/><U65/><E65/><V123/><F103/><W41/><G41/><T40/><D36/><U48/><E12/><V88/><F128/><W86/><G86/><N who="0" m="33387" /><D92/><U93/><E95/><V105/><F105/><W130/><G130/><T33/><D33/><U52/><E54/><V45/><F133/><N who="3" m="51307" /><G127/><T82/><D82/><U15/><E15/><V111/><F111/><W59/><G59/><N who="0" m="35071" /><D37/><U126/><E126/><V119/><F119/><W60/><G60/><T106/><D106/><U16/><E80/><N who="2" m="49255" /><F63/><W5/><G5/><T56/><D56/><U24/><E77/><V96/><F123/><W7/><G7/><T39/><D39/><U109/><E109/><V3/><F3/><W25/><G107/><T99/><D99/><U79/><E79/><V22/><F96/><W57/><G57/><T9/><AGARI ba="1,1" hai="6,9,11,13,14,17,40,43" m="35071,33387" machi="9" ten="30,1500,0" yaku="8,1" doraHai="23" who="0" fromWho="0" sc="270,28,240,-6,240,-6,240,-6" /><INIT seed="0,2,0,5,5,15" ten="298,234,234,234" oya="0" hai0="64,90,14,10,66,123,106,27,107,42,129,93,59" hai1="127,9,112,108,102,35,86,20,98,39,117,25,126" hai2="109,4,57,79,58,118,37,22,63,41,132,124,24" hai3="61,95,18,1,128,5,8,83,87,46,13,75,114"/><T54/><D123/><U47/><E117/><V49/><F118/><W30/><G128/><T81/><D129/><U38/><E108/><V134/><F109/><W11/><G114/><T29/><D42/><U89/><E9/><V96/><F37/><W82/><G30/><T111/><D81/><N who="1" m="49359" /><E47/><N who="2" m="25839" /><F124/><N who="1" m="47657" /><E35/><V56/><F79/><W84/><G75/><T67/><D111/><U23/><E112/><V120/><F96/><W77/><G95/><T94/><D94/><N who="1" m="58711" /><E23/><V44/><F120/><W88/><G46/><T103/><D103/><U21/><E20/><V62/><F44/><W28/><G28/><AGARI ba="2,0" hai="21,25,28,38,39" m="58711,47657,49359" machi="28" ten="30,1000,0" yaku="18,1" doraHai="15" who="1" fromWho="3" sc="298,0,234,16,234,0,234,-16" /><INIT seed="1,0,0,5,4,37" ten="298,250,234,218" oya="1" hai0="54,52,126,104,92,109,10,6,93,33,32,7,51" hai1="14,27,58,87,135,110,79,17,118,100,115,49,80" hai2="23,13,19,74,25,5,39,12,83,20,81,34,40" hai3="113,72,60,76,64,62,55,96,91,21,15,124,71"/><U111/><E115/><V26/><F34/><W120/><G113/><T82/><D104/><U127/><E118/><V125/><F125/><W22/><G120/><T85/><D126/><U61/><E127/><V101/><F101/><W38/><G124/><T132/><D109/><N who="1" m="41483" /><E135/><V24/><F74/><W3/><G3/><T123/><D132/><U53/><E100/><V97/><F97/><W99/><G38/><T116/><D116/><U57/><E27/><V35/><F35/><W59/><G91/><T68/><D68/><U119/><E119/><V105/><F105/><W63/><G63/><T122/><D32/><U18/><E14/><V77/><F77/><W86/><G72/><T48/><D33/><U130/><E130/><V66/><F66/><AGARI ba="0,0" hai="17,18,49,53,57,58,61,66,79,80,87" m="41483" machi="66" ten="30,2900,0" yaku="14,1,10,1" doraHai="37" who="1" fromWho="2" sc="298,0,250,29,234,-29,218,0" /><INIT seed="1,1,0,3,0,130" ten="298,279,205,218" oya="1" hai0="109,47,71,24,50,73,131,38,114,75,52,103,10" hai1="14,6,1,92,81,74,45,19,67,65,59,28,54" hai2="53,101,85,105,69,15,41,57,78,122,18,37,64" hai3="76,126,55,100,112,89,104,96,94,27,58,16,133"/><U25/><E45/><V99/><F122/><W56/><G112/><T44/><D109/><U63/><E92/><V17/><F69/><W42/><G126/><T66/><D131/><U128/><E128/><V21/><F64/><W36/><G76/><T9/><D114/><U3/><E81/><V95/><F37/><W7/><G7/><T68/><D103/><U23/><E74/><V97/><F41/><W121/><G121/><T20/><D38/><U46/><E46/><V5/><F5/><W8/><G133/><T93/><D93/><U40/><E40/><V77/><F17/><W113/><G113/><T83/><D83/><U32/><E1/><V125/><F125/><W34/><G42/><T79/><D79/><U102/><E102/><V134/><F99/><W86/><G36/><T61/><D71/><U51/><E63/><V30/><F30/><W129/><G129/><T119/><D119/><U108/><E108/><V43/><F43/><W4/><G55/><T107/><D47/><U0/><E0/><V120/><F120/><W115/><G115/><T35/><D107/><U82/><E82/><V33/><F33/><W132/><G132/><T72/><REACH who="0" step="1"/><D35/><REACH who="0" ten="288,279,205,218" step="2"/><U31/><E31/><AGARI ba="1,1" hai="9,10,20,24,31,44,50,52,61,66,68,72,73,75" machi="31" ten="40,5200,0" yaku="1,1,2,1,54,1,53,0" doraHai="130" doraHaiUra="11" who="0" fromWho="1" sc="288,65,279,-55,205,0,218,0" /><INIT seed="2,0,0,4,3,72" ten="353,224,205,218" oya="2" hai0="73,109,8,48,0,32,37,26,74,24,90,92,31" hai1="99,130,63,20,131,50,18,115,108,135,125,91,41" hai2="105,129,120,132,55,42,70,86,103,124,4,110,121" hai3="66,52,1,69,47,106,77,56,111,76,133,89,80"/><V97/><F70/><W14/><G1/><T49/><D37/><U7/><E115/><V98/><F42/><W38/><G106/><T28/><D109/><U68/><E108/><V102/><F110/><W15/><G111/><T62/><D62/><U2/><E135/><V36/><F36/><W87/><G133/><T3/><D8/><U19/><E125/><V5/><F132/><W82/><G69/><T126/><D92/><N who="1" m="56735" /><E7/><V114/><F114/><W101/><G101/><T84/><D90/><U22/><E2/><V65/><F65/><W104/><G104/><T127/><D84/><U71/><E63/><V128/><F86/><W35/><G35/><AGARI ba="0,0" hai="0,3,24,26,28,31,32,35,48,49,73,74,126,127" machi="35" ten="25,1600,0" yaku="22,2" doraHai="72" who="0" fromWho="3" sc="353,16,224,0,205,0,218,-16" /><INIT seed="3,0,0,4,0,122" ten="369,224,205,202" oya="3" hai0="66,27,65,88,55,93,43,84,42,6,120,101,128" hai1="131,100,75,9,70,48,130,50,121,92,118,16,95" hai2="33,123,114,67,115,23,12,58,124,87,113,61,29" hai3="85,76,35,94,24,98,10,19,133,44,105,26,5"/><W64/><G133/><T13/><D101/><U104/><E121/><V21/><F123/><W22/><G105/><T107/><D107/><U79/><E70/><V1/><F1/><W74/><G74/><T37/><D37/><U125/><E125/><V73/><F73/><W77/><G64/><N who="0" m="24683" /><D128/><U45/><E50/><V62/><F33/><W46/><G26/><T8/><D120/><U96/><E79/><V40/><F124/><W80/><G35/><T69/><D69/><U39/><E39/><V52/><F40/><W71/><G71/><T132/><D132/><U129/><E118/><V18/><F87/><W99/><G77/><T106/><D106/><U59/><E59/><V25/><F114/><W63/><G63/><T3/><D3/><U112/><E112/><V108/><F108/><W7/><G99/><T81/><D55/><N who="1" m="30095" /><E75/><V20/><F20/><W135/><G135/><T14/><D27/><U17/><E17/><V41/><F41/><N who="0" m="15370" /><D14/><AGARI ba="0,0" hai="9,14,16,92,95,96,100,104,129,130,131" m="30095" machi="14" ten="30,2000,0" yaku="19,1,54,1" doraHai="122" who="1" fromWho="0" sc="369,-20,224,20,205,0,202,0" owari="349,44.9,244,4.4,205,-19.5,202,-29.8" /></mjloggm>