<mjloggm ver="2.3"><GO type="225" lobby="0"/><UN n0="%48%61%61%61%6C%61%6E%64" n1="%E3%81%BF%E3%81%BF%E3%81%9A" n2="%E3%81%86%E3%81%A9%E3%82%93%E3%81%93" n3="%E3%83%8F%E3%82%AC%E3%82%BF%E3%82%AB%E3%81%AE%E3%81%88%E3%81%98%E3%81%8D" dan="18,16,16,16" rate="2306.08,2247.18,2182.83,2130.16" sx="M,M,M,M"/><TAIKYOKU oya="0"/><INIT seed="0,0,0,1,4,118" ten="250,250,250,250" oya="0" hai0="24,102,2,6,123,88,109,75,23,86,127,122,62" hai1="5,38,107,94,4,67,31,106,53,135,34,51,84" hai2="87,33,132,50,48,68,96,1,113,92,15,80,124" hai3="129,3,101,115,44,0,72,17,99,56,73,42,41"/><T104/><D75/><U83/><E38/><V47/><F1/><W98/><G115/><T116/><D116/><U28/><E67/><V49/><F113/><W71/><G71/><T66/><D127/><U8/><E135/><V74/><F74/><W57/><G17/><T93/><D109/><U37/><E37/><V14/><F68/><W13/><G13/><T100/><D6/><U110/><E110/><V130/><F33/><W133/><G133/><T27/><D2/><U112/><E112/><V105/><F105/><W128/><REACH who="3" step="1"/><G44/><REACH who="3" ten="250,250,250,240" step="2"/><T63/><D27/><U61/><E4/><V29/><F132/><W32/><G32/><T82/><D24/><U19/><E19/><V125/><F130/><W85/><G85/><T90/><D86/><U7/><E7/><V55/><F124/><W119/><G119/><T77/><D23/><U30/><E34/><V91/><F125/><W81/><G81/><T79/><D82/><U117/><E117/><V89/><F29/><W25/><G25/><T40/><D104/><N who="1" m="39979" /><E83/><V52/><F49/><W131/><G131/><T59/><D93/><U60/><E94/><V11/><F11/><W12/><G12/><T9/><D9/><U120/><E84/><V65/><F65/><W134/><G134/><T103/><D66/><U121/><E8/><V10/><F10/><W45/><G45/><AGARI ba="0,1" hai="14,15,45,47,48,50,52,55,80,87,89,91,92,96" machi="45" ten="30,7700,0" yaku="7,1,9,1,8,1,54,1" doraHai="118" who="2" fromWho="3" sc="250,0,250,0,250,87,240,-77" /><INIT seed="1,0,0,5,4,129" ten="250,250,337,163" oya="1" hai0="122,16,102,86,83,34,38,125,44,81,5,76,15" hai1="25,89,126,116,104,19,1,61,100,40,39,18,108" hai2="84,37,94,119,60,53,57,56,21,95,33,31,67" hai3="90,51,128,72,96,13,117,70,87,11,121,62,14"/><U88/><E116/><V133/><F33/><W98/><G117/><T50/><D125/><U118/><E118/><V77/><F37/><W82/><G72/><T112/><D112/><U49/><E1/><V114/><F114/><W135/><G128/><T12/><D34/><U3/><E3/><V59/><F119/><W42/><G121/><T66/><D122/><U130/><E39/><V74/><F74/><W48/><G70/><T105/><D38/><U134/><E130/><V24/><F133/><W132/><G62/><T71/><D5/><U10/><E126/><V0/><F0/><W52/><G48/><T92/><D105/><U115/><E115/><V26/><F57/><W107/><G42/><T7/><D7/><U9/><E100/><V27/><F94/><W73/><G73/><T17/><D83/><U46/><E104/><V124/><F124/><W22/><G22/><T43/><D66/><U41/><E134/><N who="3" m="51242" /><G107/><T63/><D63/><U30/><E61/><N who="2" m="35983" /><F77/><W80/><G80/><T110/><D71/><U109/><E49/><V78/><F78/><W101/><G101/><T29/><D102/><U8/><E46/><V58/><F58/><N who="3" m="33055" /><G14/><T47/><D12/><U75/><E75/><V97/><F60/><W6/><AGARI ba="0,0" hai="6,11,13,82,87,90,96,98" m="33055,51242" machi="6" ten="30,8000,1" yaku="20,1,52,3,54,1" doraHai="129" who="3" fromWho="3" sc="250,-20,250,-40,337,-20,163,80" /><INIT seed="2,0,0,4,5,47" ten="230,210,317,243" oya="2" hai0="125,116,4,92,16,49,53,37,83,127,51,10,76" hai1="103,124,61,27,114,87,55,97,32,36,113,118,69" hai2="95,67,101,52,5,128,31,71,107,91,79,9,60" hai3="133,23,89,54,17,0,119,98,50,129,85,132,44"/><V26/><F128/><W58/><G119/><T74/><D116/><U88/><E118/><V59/><F79/><W20/><G129/><T126/><D37/><U115/><E36/><V7/><F101/><W40/><G0/><N who="0" m="263" /><D53/><U56/><E124/><V15/><F107/><W111/><G98/><T93/><D16/><U105/><E69/><V90/><F7/><W104/><G104/><T33/><D33/><U134/><E134/><N who="3" m="51818" /><G17/><T2/><D2/><U48/><E61/><V94/><F94/><AGARI ba="0,0" hai="49,51,74,76,83,92,93,94,125,126,127" m="263" machi="94" ten="30,3900,0" yaku="18,1,52,2" doraHai="47" who="0" fromWho="2" sc="230,39,210,0,317,-39,243,0" /><INIT seed="3,0,0,2,3,38" ten="269,210,278,243" oya="3" hai0="72,64,66,9,82,114,14,121,58,15,32,94,56" hai1="95,80,44,90,19,91,12,89,110,113,25,30,47" hai2="62,46,130,6,22,97,52,88,68,77,1,55,105" hai3="132,99,37,87,101,59,65,27,20,50,26,106,61"/><W2/><G37/><T17/><D121/><U5/><E113/><V0/><F77/><W86/><G2/><T126/><D32/><U73/><E110/><V16/><F130/><W4/><G4/><T81/><D126/><U39/><E5/><V128/><F128/><W67/><G132/><T29/><D29/><U71/><E71/><V111/><F111/><W24/><G67/><N who="0" m="25643" /><D72/><U125/><E125/><V49/><F105/><W108/><G108/><T10/><D94/><U57/><E57/><N who="0" m="22121" /><D114/><U118/><E118/><V63/><F68/><W127/><G127/><T98/><D98/><U36/><E36/><V21/><F6/><AGARI ba="0,0" hai="6,9,10,14,15,17,81,82" m="22121,25643" machi="6" ten="30,1000,0" yaku="8,1" doraHai="38" who="0" fromWho="2" sc="269,10,210,0,278,-10,243,0" /><INIT seed="4,0,0,5,3,83" ten="279,210,268,243" oya="0" hai0="1,57,68,11,113,9,92,100,81,110,122,135,43" hai1="63,94,127,58,69,35,5,115,112,97,6,73,36" hai2="4,61,93,96,86,13,38,132,80,85,12,16,46" hai3="108,10,90,119,7,95,31,70,64,66,121,0,87"/><T44/><D68/><U28/><E36/><V24/><F132/><W42/><G108/><T47/><D122/><U22/><E35/><V41/><F24/><W33/><G119/><T107/><D107/><U76/><E69/><V79/><F86/><W49/><G70/><T75/><D113/><N who="1" m="43595" /><E127/><V29/><F29/><W129/><G121/><T111/><D135/><U103/><E76/><V67/><F16/><W62/><G129/><T88/><D100/><U123/><E73/><V78/><F78/><W40/><G62/><T21/><D110/><U50/><E50/><V17/><F17/><W32/><G32/><T77/><D111/><U117/><E117/><V59/><REACH who="2" step="1"/><F4/><REACH who="2" ten="279,210,258,243" step="2"/><W116/><G31/><T124/><D77/><U118/><E123/><V23/><F23/><W54/><G33/><T130/><D21/><U126/><E118/><V20/><F20/><W34/><G34/><T120/><D120/><U91/><E126/><V53/><F53/><W114/><G116/><T30/><D124/><U14/><E91/><AGARI ba="0,1" hai="12,13,38,41,46,59,61,67,79,80,85,91,93,96" machi="91" ten="30,7700,0" yaku="1,1,7,1,52,1,53,1" doraHai="83" doraHaiUra="52" who="2" fromWho="1" sc="279,0,210,-77,258,87,243,0" owari="279,7.9,133,-36.7,345,44.5,243,-15.7" /></mjloggm>