<mjloggm ver="2.3"><GO type="225" lobby="0"/><UN n0="%E3%83%81%E3%83%AF%E3%83%AF%E9%9A%8A%E9%95%B7" n1="%E3%83%94%E3%83%B3%E3%82%B5%E3%83%AD%E5%BA%97%E5%93%A1" n2="%61%6D%65%6B%69" n3="%6D%75%75%73%61%6E%6D%75" dan="17,16,16,16" rate="2191.87,2218.80,2086.83,2118.48" sx="M,M,M,F"/><TAIKYOKU oya="0"/><INIT seed="0,0,0,3,3,96" ten="250,250,250,250" oya="0" hai0="59,100,53,80,104,124,25,112,79,108,71,17,21" hai1="90,127,16,62,36,116,106,37,52,11,131,126,35" hai2="117,86,101,77,91,99,115,60,129,87,5,13,74" hai3="2,24,15,95,22,18,19,103,54,92,34,109,64"/><T88/><D112/><U67/><E116/><V57/><F115/><W23/><G109/><T50/><D71/><U98/><E35/><V49/><F129/><W45/><G2/><T83/><D108/><U29/><E29/><V14/><F74/><W78/><G34/><T30/><D124/><N who="1" m="47659" /><E131/><V1/><F1/><W89/><G64/><T81/><D79/><U3/><E52/><V94/><F5/><W28/><G78/><T26/><D104/><U84/><E98/><V58/><F117/><W128/><G128/><T119/><D119/><U125/><N who="1" m="47667" /><U135/><DORA hai="123" /><E106/><V85/><F77/><W68/><G68/><T122/><D122/><U113/><E135/><V27/><F91/><W40/><G54/><T102/><REACH who="0" step="1"/><D88/><REACH who="0" ten="240,250,250,250" step="2"/><U70/><E113/><V65/><F87/><W46/><G89/><T48/><D48/><U132/><E132/><V114/><F114/><W133/><G133/><T130/><D130/><U33/><E84/><V56/><F86/><W75/><G75/><T55/><D55/><U38/><E90/><V0/><F85/><W72/><G72/><T7/><D7/><N who="1" m="1535" /><E38/><V105/><F49/><W6/><G6/><T111/><D111/><U9/><E37/><V43/><F105/><W134/><G134/><T76/><D76/><U39/><E39/><V97/><F97/><N who="3" m="59815" /><G95/><T31/><D31/><U110/><E110/><V66/><F66/><W12/><G40/><T47/><D47/><N who="3" m="17929" /><G28/><T121/><D121/><U120/><E120/><V93/><F93/><W118/><G118/><T61/><D61/><U10/><E36/><V4/><F43/><RYUUKYOKU ba="0,1" sc="240,15,250,-15,250,-15,250,15" hai0="17,21,25,26,30,50,53,59,80,81,83,100,102" hai3="12,15,18,19,22,23,24" /><INIT seed="0,1,1,1,5,87" ten="255,235,235,265" oya="0" hai0="133,124,67,7,70,32,58,59,50,68,118,107,120" hai1="86,41,116,93,73,102,6,108,64,90,34,110,52" hai2="31,4,49,56,85,62,16,76,119,130,84,97,11" hai3="81,43,91,135,92,27,23,109,113,131,126,36,35"/><T57/><D107/><U17/><E116/><V98/><F119/><W10/><G113/><T42/><D32/><U60/><E73/><V103/><F130/><W54/><G131/><T15/><D15/><U2/><E34/><V28/><F49/><W26/><G109/><N who="1" m="42090" /><E41/><V117/><F117/><W20/><G126/><T9/><D9/><N who="1" m="2263" /><E17/><V47/><F47/><W134/><G81/><T40/><D7/><U111/><E111/><V125/><F125/><W19/><G35/><T45/><D118/><U78/><E78/><V12/><F76/><W94/><G10/><T106/><D124/><U66/><E102/><V88/><F85/><W29/><G43/><T61/><D120/><U121/><E121/><V5/><F5/><W83/><G36/><N who="0" m="21639" /><D133/><N who="3" m="50697" /><G54/><T38/><D38/><U74/><E74/><V96/><F103/><W8/><G8/><T22/><D22/><U77/><E77/><V82/><F4/><W132/><N who="3" m="50705" /><W13/><DORA hai="69" /><G13/><T65/><D42/><U112/><E112/><V95/><F82/><W115/><G115/><T3/><D3/><U105/><E105/><V63/><F63/><W104/><G104/><T122/><D106/><U114/><E114/><V89/><F89/><W71/><G71/><T1/><D1/><U14/><E14/><V72/><F72/><W127/><G127/><T53/><D122/><U75/><E75/><V123/><F123/><W80/><G80/><T21/><D21/><U37/><E37/><V25/><F25/><W0/><G0/><T39/><D39/><U101/><E101/><V79/><F79/><W33/><G33/><RYUUKYOKU ba="1,1" sc="255,0,235,0,235,0,265,0" hai0="50,53,57,58,59,61,65,67,68,70" hai1="52,60,64,66,86,90,93" hai2="11,12,16,28,31,56,62,84,88,95,96,97,98" hai3="19,20,23,26,27,29,83,91,92,94" /><INIT seed="0,2,1,5,3,14" ten="255,235,235,265" oya="0" hai0="68,36,108,25,16,115,64,17,49,67,3,7,97" hai1="111,6,21,2,61,23,70,34,62,66,50,65,13" hai2="20,30,120,127,91,102,130,84,39,106,126,42,128" hai3="116,125,40,95,47,122,85,56,98,29,9,109,45"/><T46/><D36/><U12/><E34/><V77/><F42/><W10/><G116/><T26/><D115/><U53/><E111/><V76/><F39/><W118/><G109/><T93/><D108/><U1/><E50/><V123/><F30/><W54/><G118/><T43/><D3/><U100/><E53/><V131/><F20/><W105/><G125/><N who="2" m="47625" /><F102/><W99/><G122/><N who="2" m="46633" /><F106/><W101/><G85/><T27/><D7/><U132/><E100/><V74/><F74/><W112/><G29/><T19/><D68/><U63/><E6/><V51/><F51/><W38/><G45/><T71/><D71/><U121/><E70/><V73/><F73/><W75/><G75/><T4/><D4/><U69/><E69/><V86/><F86/><W60/><REACH who="3" step="1"/><G112/><REACH who="3" ten="255,235,235,255" step="2"/><T133/><D133/><U117/><E121/><V119/><F119/><W110/><G110/><T35/><D35/><U88/><E117/><V135/><F135/><W8/><G8/><T18/><N who="0" m="4096" /><DORA hai="59" /><T31/><D31/><U81/><E132/><V79/><F79/><W80/><G80/><AGARI ba="2,2" hai="76,77,80,84,91,128,130,131" m="46633,47625" machi="80" ten="40,8000,1" yaku="19,1,18,1,34,2" doraHai="14,59" who="2" fromWho="3" sc="255,0,235,0,235,106,255,-86" /><INIT seed="1,0,0,4,3,97" ten="255,235,341,169" oya="1" hai0="104,64,46,102,112,56,55,30,5,9,101,121,15" hai1="80,4,103,54,17,69,70,42,89,90,68,44,28" hai2="128,16,107,99,106,62,20,134,59,91,130,124,132" hai3="135,73,74,40,108,60,83,25,29,23,10,118,92"/><U75/><E28/><V47/><F47/><W115/><G115/><T13/><D112/><U116/><E116/><V110/><F110/><W123/><G123/><T84/><D121/><U122/><E122/><V22/><F22/><W31/><G108/><T82/><D104/><N who="2" m="39978" /><F99/><W76/><G118/><T6/><D30/><U79/><E54/><N who="2" m="34167" /><F91/><W36/><G135/><N who="2" m="51753" /><F124/><W37/><G92/><T113/><D113/><U12/><E4/><V87/><F87/><W109/><G109/><T57/><D46/><U33/><E33/><V0/><F0/><W3/><G31/><T53/><D64/><U126/><E126/><V52/><F52/><N who="0" m="20042" /><D56/><U125/><E125/><V131/><F131/><W14/><G74/><T34/><D57/><U11/><REACH who="1" step="1"/><E103/><REACH who="1" ten="255,225,341,169" step="2"/><N who="0" m="39433" /><D34/><U96/><E96/><V35/><F35/><W98/><G3/><T51/><D5/><U72/><E72/><V50/><F50/><AGARI ba="0,1" hai="11,12,17,42,44,50,68,69,70,75,79,80,89,90" machi="50" ten="40,2000,0" yaku="1,1,53,0" doraHai="97" doraHaiUra="88" who="1" fromWho="2" sc="255,0,225,30,341,-20,169,0" /><INIT seed="1,1,0,4,4,6" ten="255,255,321,169" oya="1" hai0="134,9,24,127,106,105,88,71,7,77,5,82,120" hai1="91,128,49,38,35,79,99,10,54,16,18,25,37" hai2="107,109,95,130,55,131,133,75,69,1,45,17,113" hai3="85,50,27,53,132,42,104,90,112,31,101,32,81"/><U13/><E79/><V51/><F69/><W22/><G132/><T100/><D71/><U63/><E128/><N who="2" m="49195" /><F107/><W19/><G112/><T59/><D120/><U67/><E91/><V65/><F75/><W57/><G104/><T12/><D134/><U116/><E99/><V56/><F1/><W115/><G115/><T11/><D127/><U84/><E84/><V48/><F133/><W21/><G101/><T96/><D106/><U80/><E80/><V108/><F113/><W41/><REACH who="3" step="1"/><G32/><REACH who="3" ten="255,255,321,159" step="2"/><T20/><D105/><U72/><E35/><V129/><F129/><W29/><G29/><T28/><D100/><U121/><E121/><V125/><F125/><W83/><G83/><T98/><D82/><U2/><E72/><V93/><F93/><W76/><G76/><T23/><D77/><U43/><E116/><V68/><F95/><W62/><G62/><T36/><D28/><U102/><E102/><V58/><F109/><W118/><G118/><T3/><D88/><U46/><E2/><V66/><F108/><W89/><G89/><T34/><D3/><U97/><E63/><V61/><F66/><W124/><G124/><T87/><D34/><U122/><E67/><V0/><F0/><W30/><G30/><T94/><D94/><U33/><E122/><V15/><F51/><W44/><G44/><T60/><D60/><U4/><E49/><V103/><F103/><W92/><G92/><T86/><D98/><U117/><E117/><V114/><F114/><W39/><G39/><T110/><D36/><N who="1" m="21863" /><E97/><V40/><F45/><W64/><G64/><T70/><D110/><RYUUKYOKU ba="1,1" sc="255,-10,255,-10,321,-10,159,30" hai3="19,21,22,27,31,41,42,50,53,57,81,85,90" /><INIT seed="2,2,1,2,2,110" ten="245,245,311,189" oya="2" hai0="4,50,22,7,41,96,61,29,75,130,101,43,98" hai1="127,95,31,16,79,109,87,125,34,10,90,6,44" hai2="1,97,13,126,24,77,38,89,105,134,60,93,69" hai3="112,72,115,83,121,48,57,120,114,2,18,117,40"/><V51/><F1/><W88/><G117/><T116/><D75/><U92/><E109/><V46/><F38/><W12/><G2/><T67/><D116/><U100/><E79/><V19/><F126/><N who="1" m="48137" /><E44/><V11/><F134/><W119/><G119/><T20/><D130/><U15/><E31/><V71/><F77/><N who="3" m="44455" /><G88/><T39/><D39/><U73/><E73/><V25/><F105/><W70/><G70/><T78/><D78/><U59/><E34/><V26/><REACH who="2" step="1"/><F60/><REACH who="2" ten="245,245,301,189" step="2"/><W123/><G123/><T58/><D61/><U55/><E100/><V45/><F45/><N who="3" m="25639" /><G57/><T56/><D58/><U85/><E59/><V53/><AGARI ba="2,2" hai="11,13,19,24,25,26,46,51,53,69,71,89,93,97" machi="53" ten="30,11700,0" yaku="1,1,0,1,53,2" doraHai="110" doraHaiUra="66" who="2" fromWho="2" sc="245,-41,245,-41,301,143,189,-41" /><INIT seed="2,3,0,5,5,6" ten="204,204,444,148" oya="2" hai0="1,97,65,2,67,125,45,106,21,90,14,108,23" hai1="60,27,76,66,4,62,20,5,57,96,128,46,10" hai2="107,68,26,33,30,75,114,18,7,115,124,89,52" hai3="99,98,51,126,102,105,110,39,77,122,93,121,36"/><V53/><F75/><W44/><G110/><T129/><D108/><U135/><E128/><V72/><F72/><W83/><G126/><T80/><D125/><U130/><E130/><V3/><F124/><W8/><G77/><T17/><D129/><U19/><E135/><V119/><F119/><W81/><G39/><T70/><D70/><U113/><E113/><V37/><F37/><W59/><G36/><T42/><D1/><U24/><E76/><V78/><F78/><W71/><G71/><T133/><D2/><U100/><E46/><V134/><F107/><W15/><G59/><T56/><D133/><U131/><E131/><V40/><F40/><W54/><G121/><T9/><D106/><U61/><E27/><V0/><F0/><W28/><G28/><T16/><D23/><U94/><E4/><V22/><F89/><W35/><G35/><T86/><D97/><U47/><E47/><V49/><F68/><W117/><G117/><T50/><D56/><U34/><E34/><V84/><F84/><W92/><G122/><T104/><D104/><U38/><E38/><V91/><F91/><W88/><G105/><T120/><D120/><U41/><E41/><V31/><F31/><W123/><G123/><T48/><D48/><U58/><E58/><N who="2" m="33039" /><F53/><W64/><G64/><T69/><D69/><U82/><E82/><V11/><F134/><W118/><G118/><T103/><D103/><U85/><E85/><V13/><AGARI ba="3,0" hai="3,7,11,13,18,22,26,30,33,114,115" m="33039" machi="13" ten="30,6000,0" yaku="24,1,52,1,54,1" doraHai="6" who="2" fromWho="2" sc="204,-23,204,-23,444,69,148,-23" /><INIT seed="2,4,0,5,2,67" ten="181,181,513,125" oya="2" hai0="28,30,86,36,122,31,63,59,66,80,100,73,48" hai1="32,5,17,125,8,34,57,45,1,44,105,123,83" hai2="47,93,41,135,19,121,38,129,91,14,94,53,18" hai3="12,98,35,0,113,89,40,58,81,60,15,50,71"/><V97/><F121/><W78/><G0/><T72/><D122/><U87/><E123/><V55/><F55/><BYE who="2" /><W126/><G35/><T128/><D36/><U107/><E125/><UN n2="%61%6D%65%6B%69" /><V76/><F129/><W52/><G126/><T112/><D112/><U69/><E69/><V101/><F135/><W96/><G113/><T119/><D128/><U26/><E34/><V2/><F2/><W77/><G77/><T74/><D119/><U33/><E33/><V56/><F76/><W115/><G115/><T70/><D100/><U46/><E57/><V13/><F13/><W37/><G37/><T16/><D16/><U29/><REACH who="1" step="1"/><E17/><REACH who="1" ten="181,171,513,125" step="2"/><V118/><F19/><W108/><G108/><T65/><D70/><U4/><E4/><V104/><F118/><W43/><G71/><T92/><D59/><U117/><E117/><V11/><F56/><W21/><G60/><T102/><D63/><U23/><E23/><V51/><F18/><N who="3" m="10439" /><G15/><T116/><D116/><U99/><E99/><N who="3" m="37930" /><G89/><AGARI ba="4,1" hai="1,5,8,26,29,32,44,45,46,83,87,89,105,107" machi="89" ten="40,1300,0" yaku="1,1,53,0" doraHai="67" doraHaiUra="68" who="1" fromWho="3" sc="181,0,171,35,513,0,125,-25" /><INIT seed="3,0,0,0,2,34" ten="181,206,513,100" oya="3" hai0="20,84,133,128,32,114,117,78,17,60,77,69,40" hai1="8,92,6,93,102,37,26,131,88,54,45,27,5" hai2="29,72,58,52,19,9,90,25,101,39,24,16,103" hai3="91,68,0,107,23,96,62,76,13,82,1,48,98"/><W42/><G42/><T64/><D117/><U57/><E131/><V135/><F72/><W86/><G48/><T7/><D32/><U36/><E102/><N who="2" m="38923" /><F39/><W18/><G107/><T49/><D128/><U63/><E93/><V73/><F73/><W80/><G96/><T15/><D114/><U65/><E37/><V59/><F135/><W127/><G127/><T75/><D75/><U105/><E105/><V83/><F9/><W14/><G14/><T94/><D133/><U51/><E36/><V79/><F79/><W130/><G130/><T89/><REACH who="0" step="1"/><D7/><REACH who="0" ten="171,206,513,100" step="2"/><N who="1" m="2571" /><E8/><V43/><F43/><W99/><G99/><AGARI ba="0,1" hai="26,27,45,51,54,57,63,65,88,92,99" m="2571" machi="99" ten="30,2000,0" yaku="8,1,54,1" doraHai="34" who="1" fromWho="3" sc="171,0,206,30,513,0,100,-20" owari="171,-22.9,236,3.6,513,61.3,80,-42.0" /></mjloggm>