<mjloggm ver="2.3"><GO type="225" lobby="0"/><UN n0="%E3%82%B5%E3%83%AB%E3%82%B7%E3%83%B3" n1="%E9%80%9F%E6%B0%B4%E5%87%9B%E9%A6%99" n2="%E3%81%86%E3%82%8C%E3%81%9F%E3%82%93%E6%9E%95" n3="%61%6D%65%6B%69" dan="16,16,16,16" rate="2101.98,2095.24,2156.95,2052.45" sx="M,F,F,M"/><TAIKYOKU oya="0"/><INIT seed="0,0,0,0,0,102" ten="250,250,250,250" oya="0" hai0="38,117,46,58,22,57,27,81,59,74,129,71,130" hai1="122,51,11,48,127,100,86,33,114,37,15,84,82" hai2="80,52,54,4,23,119,63,64,61,67,34,90,42" hai3="75,13,24,94,76,83,95,93,115,8,118,29,128"/><T36/><D71/><U96/><E122/><V44/><F119/><W6/><G118/><T47/><D117/><U49/><E33/><V68/><F34/><W39/><G39/><N who="0" m="14891" /><D81/><U16/><E37/><V126/><F42/><W0/><G128/><N who="0" m="49259" /><D74/><U85/><E127/><V89/><F44/><N who="0" m="16938" /><D22/><U65/><E114/><V88/><F126/><W103/><G115/><T3/><D3/><U92/><REACH who="1" step="1"/><E65/><REACH who="1" ten="250,240,250,250" step="2"/><V109/><F67/><W116/><G116/><T79/><D79/><AGARI ba="0,1" hai="11,15,16,48,49,51,79,82,84,85,86,92,96,100" machi="79" ten="40,8000,1" yaku="1,1,2,1,8,1,54,1,53,1" doraHai="102" doraHaiUra="97" who="1" fromWho="0" sc="250,-80,240,90,250,0,250,0" /><INIT seed="1,0,0,5,2,102" ten="170,330,250,250" oya="1" hai0="34,16,119,57,116,9,93,107,0,120,96,19,100" hai1="5,72,35,41,52,113,133,29,80,8,28,101,21" hai2="126,109,81,125,123,4,26,45,79,85,51,55,70" hai3="132,58,129,54,78,86,71,49,62,1,15,89,3"/><U128/><E113/><V91/><F123/><W88/><G129/><T76/><D34/><U87/><E41/><V60/><F109/><W115/><G115/><T84/><D120/><U69/><E69/><V74/><F4/><W83/><G132/><T30/><D30/><U13/><E72/><V7/><F7/><W122/><G122/><T20/><D0/><U14/><E133/><V98/><F98/><W25/><G25/><T6/><D57/><U46/><E35/><V12/><F12/><W48/><G48/><T53/><D53/><U61/><E101/><V10/><F10/><W2/><REACH who="3" step="1"/><G15/><REACH who="3" ten="170,330,250,240" step="2"/><T27/><D119/><U63/><E128/><V124/><F26/><W92/><G92/><T77/><D116/><U130/><E130/><V95/><F60/><W50/><G50/><T90/><D6/><U11/><E63/><V43/><REACH who="2" step="1"/><F70/><REACH who="2" ten="170,330,240,240" step="2"/><W39/><G39/><T117/><D117/><U131/><E131/><V32/><F32/><W17/><G17/><T82/><D19/><N who="1" m="8615" /><E21/><V38/><F38/><W66/><AGARI ba="0,2" hai="1,2,3,49,54,58,62,66,71,78,83,86,88,89" machi="66" ten="40,5200,0" yaku="1,1,0,1,54,1,53,0" doraHai="102" doraHaiUra="99" who="3" fromWho="3" sc="170,-13,330,-26,240,-13,240,72" /><INIT seed="2,0,0,4,1,117" ten="157,304,227,312" oya="2" hai0="66,90,120,115,124,44,8,74,86,75,38,101,132" hai1="118,79,88,100,96,84,92,51,107,30,56,0,77" hai2="99,31,3,131,68,126,106,105,22,111,82,21,134" hai3="9,62,130,34,48,97,36,116,15,6,85,47,103"/><V61/><F131/><W35/><G36/><T93/><D115/><U125/><E0/><V55/><F134/><W19/><G116/><T1/><D132/><U52/><E118/><V87/><F126/><W94/><G130/><T65/><D124/><U78/><E125/><V113/><F113/><W20/><G85/><T41/><D101/><U13/><E30/><V81/><F3/><W76/><G62/><T25/><D25/><U57/><REACH who="1" step="1"/><E13/><REACH who="1" ten="157,294,227,312" step="2"/><V121/><F31/><W49/><G76/><T43/><D120/><U29/><E29/><V39/><F121/><W122/><G122/><T80/><D43/><U40/><E40/><V11/><F111/><W5/><G35/><T91/><D75/><U37/><E37/><V64/><F39/><W70/><G34/><T98/><REACH who="0" step="1"/><D74/><REACH who="0" ten="147,294,227,312" step="2"/><U10/><E10/><V23/><F11/><W28/><G9/><T133/><D133/><U69/><E69/><V2/><F68/><W127/><G70/><T112/><D112/><U129/><E129/><V89/><F22/><W104/><G127/><T135/><D135/><U63/><E63/><V18/><F23/><W59/><G28/><T109/><D109/><U71/><E71/><V27/><F21/><W54/><REACH who="3" step="1"/><G104/><REACH who="3" ten="147,294,227,302" step="2"/><T24/><D24/><U119/><E119/><V123/><F106/><W4/><G4/><AGARI ba="0,3" hai="1,4,8,38,41,44,65,66,80,86,90,91,93,98" machi="4" ten="40,1300,0" yaku="1,1,53,0" doraHai="117" doraHaiUra="128" who="0" fromWho="3" sc="147,43,294,0,227,0,302,-13" /><INIT seed="3,0,0,1,0,33" ten="190,294,227,289" oya="3" hai0="52,91,65,25,70,123,79,46,17,108,23,73,116" hai1="93,88,86,54,63,97,38,47,37,71,57,10,67" hai2="56,110,105,80,120,68,134,76,114,27,1,42,11" hai3="62,109,9,41,45,64,5,100,83,53,81,82,43"/><W20/><G109/><T4/><D123/><U87/><E10/><V12/><F114/><W59/><G100/><T84/><D116/><U96/><E96/><V15/><F110/><W125/><G125/><T16/><D108/><U122/><E122/><V66/><F134/><W126/><G126/><T92/><D4/><U35/><E35/><V78/><F68/><W117/><G117/><T48/><D70/><U133/><E133/><V130/><F130/><W18/><G64/><T26/><D65/><U50/><E37/><V104/><F27/><N who="3" m="14743" /><G45/><T61/><D61/><U89/><E89/><V98/><F12/><AGARI ba="0,0" hai="5,9,12,41,43,53,59,62,81,82,83" m="14743" machi="12" ten="30,1500,0" yaku="8,1" doraHai="33" who="3" fromWho="2" sc="190,0,294,0,227,-15,289,15" owari="190,-31.0,294,9.4,212,-18.8,304,40.4" /></mjloggm>