<mjloggm ver="2.3"><GO type="225" lobby="0"/><UN n0="%E3%81%82%E3%81%99%E3%81%AB%E3%82%83%E3%82%80" n1="%70%68%65%6E%6F%6D%65" n2="%E5%B8%86%E7%AB%8B%E5%A4%8F%E8%A1%A3" n3="%E3%81%BF%E3%81%BF%E3%81%9A" dan="16,16,16,16" rate="2133.98,2102.72,2105.89,2180.37" sx="F,M,M,M"/><TAIKYOKU oya="0"/><INIT seed="0,0,0,4,3,124" ten="250,250,250,250" oya="0" hai0="35,93,23,94,37,114,33,117,3,74,86,4,80" hai1="32,79,26,47,15,111,102,133,82,119,110,0,53" hai2="50,63,108,17,25,116,44,13,83,11,28,60,71" hai3="130,104,41,7,103,135,132,8,49,45,57,46,120"/><T123/><D114/><U67/><E119/><V113/><F108/><W122/><G57/><T100/><D117/><U38/><E0/><V73/><F116/><W14/><G103/><T42/><D123/><N who="3" m="47145" /><G104/><T59/><D23/><U30/><E133/><N who="3" m="51274" /><G45/><T81/><D59/><U69/><E15/><V77/><F71/><W6/><G6/><T36/><D4/><U43/><E53/><V62/><F113/><W64/><G64/><T9/><D100/><U91/><E91/><V61/><F61/><W76/><G76/><T118/><D118/><U101/><E102/><V31/><REACH who="2" step="1"/><F25/><REACH who="2" ten="250,250,240,250" step="2"/><W127/><G127/><T88/><D3/><U95/><E69/><V96/><F96/><W20/><G20/><T56/><D35/><U19/><E110/><V75/><F75/><W107/><G107/><T90/><D33/><U48/><E111/><V55/><AGARI ba="0,1" hai="11,13,17,28,31,44,50,55,60,62,63,73,77,83" machi="55" ten="30,2000,0" yaku="1,1,0,1,53,0" doraHai="124" doraHaiUra="22" who="2" fromWho="2" sc="250,-10,250,-5,240,30,250,-5" /><INIT seed="1,0,0,0,3,2" ten="240,245,270,245" oya="1" hai0="48,101,44,75,135,123,85,30,43,94,115,87,40" hai1="12,63,16,31,128,72,99,53,81,74,103,107,20" hai2="4,1,116,102,7,34,6,9,90,129,8,35,19" hai3="45,79,3,57,61,83,18,13,17,114,117,28,25"/><U132/><E128/><V29/><F102/><W106/><G114/><T97/><D115/><U95/><E132/><V37/><F37/><W14/><G3/><T33/><D75/><U50/><E31/><V64/><F129/><W15/><G106/><T46/><D135/><U126/><E126/><V42/><F42/><W41/><G117/><T55/><D123/><U65/><E107/><V131/><F131/><W71/><G71/><T119/><D119/><U89/><E103/><V32/><F116/><W86/><G28/><T88/><D30/><U67/><E81/><V76/><F76/><W96/><G96/><T23/><D33/><N who="2" m="12906" /><F90/><W130/><G25/><T62/><D23/><U51/><E51/><V127/><F64/><W133/><G133/><T124/><D124/><U91/><E89/><V92/><F92/><W0/><G0/><T24/><D24/><U21/><E21/><V70/><F70/><W66/><REACH who="3" step="1"/><G130/><REACH who="3" ten="240,245,270,235" step="2"/><T49/><D101/><U73/><REACH who="1" step="1"/><E63/><REACH who="1" ten="240,235,270,235" step="2"/><V38/><F127/><W122/><G122/><T69/><REACH who="0" step="1"/><D69/><REACH who="0" ten="230,235,270,235" step="2"/><U68/><E68/><V109/><F29/><W10/><G10/><T22/><D22/><U27/><E27/><V118/><F35/><W59/><G59/><AGARI ba="0,3" hai="40,43,44,46,48,49,55,59,62,85,87,88,94,97" machi="59" ten="40,8000,1" yaku="1,1,9,1,8,1,54,1,53,0" doraHai="2" doraHaiUra="5" who="0" fromWho="3" sc="230,110,235,0,270,0,235,-80" /><AGARI ba="0,0" hai="12,16,20,50,53,59,65,67,72,73,74,91,95,99" machi="59" ten="40,3900,0" yaku="1,1,54,1,53,0" doraHai="2" doraHaiUra="5" who="1" fromWho="3" sc="340,0,235,39,270,0,155,-39" /><INIT seed="1,1,0,5,4,54" ten="340,274,270,116" oya="1" hai0="78,90,69,53,42,48,30,102,27,52,96,64,15" hai1="43,26,123,75,32,135,101,3,67,84,97,109,110" hai2="112,9,125,50,5,119,94,38,1,105,117,23,35" hai3="56,2,91,132,113,76,79,55,129,40,99,116,17"/><U111/><E123/><V11/><F105/><W8/><G113/><T134/><D134/><U59/><E135/><V66/><F38/><W31/><G116/><T70/><D78/><U4/><E75/><V98/><F112/><W24/><G132/><T19/><D90/><U86/><E43/><V118/><F35/><W106/><G40/><T65/><D42/><U60/><E4/><V89/><F125/><W92/><G129/><T128/><D128/><U63/><E3/><V74/><F74/><W114/><G114/><T45/><D53/><N who="1" m="33903" /><E26/><V28/><F11/><W13/><G106/><T103/><D69/><N who="1" m="42239" /><E32/><V82/><F82/><W47/><G47/><T81/><D70/><U33/><E33/><V77/><F77/><W107/><G107/><AGARI ba="1,0" hai="84,86,97,101,107,109,110,111" m="42239,33903" machi="107" ten="30,5800,0" yaku="14,1,10,1,52,1" doraHai="54" who="1" fromWho="3" sc="340,0,274,61,270,0,116,-61" /><INIT seed="1,2,0,1,5,105" ten="340,335,270,55" oya="1" hai0="107,134,32,59,23,98,73,104,99,118,37,42,36" hai1="119,90,7,132,68,43,106,14,49,39,9,15,64" hai2="40,30,67,91,5,6,8,34,85,97,95,133,129" hai3="1,102,13,127,28,135,93,114,38,3,111,61,10"/><U77/><E119/><V69/><F133/><W19/><G114/><T16/><D32/><U54/><E132/><V78/><F129/><W117/><G135/><T96/><D134/><U45/><E106/><V113/><F113/><W21/><G38/><T122/><D73/><U128/><E128/><V35/><F40/><W53/><G117/><T24/><D118/><U51/><E90/><V26/><F35/><W71/><G111/><T55/><D37/><U29/><E29/><V70/><F67/><W74/><G127/><T47/><REACH who="0" step="1"/><D122/><REACH who="0" ten="330,335,270,55" step="2"/><U0/><E39/><V57/><F57/><W2/><G74/><T115/><D115/><U22/><E68/><V33/><F33/><W41/><G41/><T60/><AGARI ba="2,1" hai="16,23,24,36,42,47,55,59,60,96,98,99,104,107" machi="60" ten="30,4000,0" yaku="1,1,0,1,54,1,53,0" doraHai="105" doraHaiUra="86" who="0" fromWho="0" sc="330,56,335,-22,270,-12,55,-12" /><INIT seed="2,0,0,4,5,91" ten="386,313,258,43" oya="2" hai0="114,112,97,16,60,126,1,2,73,61,69,47,131" hai1="53,10,21,90,100,95,30,57,36,110,48,94,43" hai2="134,81,9,70,50,117,35,63,62,18,17,55,99" hai3="51,129,103,82,27,26,75,40,28,0,124,66,79"/><V34/><F117/><W5/><G124/><T109/><D73/><U38/><E110/><V78/><F134/><W71/><G129/><T33/><D109/><U88/><E100/><V122/><F122/><W59/><G71/><T31/><D131/><U39/><E43/><V67/><F63/><W107/><G0/><T83/><D126/><U80/><E10/><V84/><F99/><W123/><G123/><T68/><D47/><U104/><E104/><V20/><F9/><W115/><G115/><T23/><D83/><U44/><E44/><V11/><F11/><W46/><G5/><T74/><D74/><U4/><E4/><V22/><F22/><W87/><G75/><T127/><D97/><U132/><E132/><V64/><F64/><W92/><G107/><T14/><D127/><U111/><E111/><V12/><REACH who="2" step="1"/><F18/><REACH who="2" ten="386,313,248,43" step="2"/><W42/><G42/><T58/><D61/><U56/><E21/><V120/><F120/><W121/><G121/><T72/><D60/><U119/><E119/><V32/><F32/><W65/><G59/><T8/><D58/><U19/><E19/><V108/><F108/><W15/><G15/><T130/><D14/><U105/><E57/><V113/><F113/><W37/><G37/><T25/><D33/><U76/><E38/><V133/><F133/><W24/><REACH who="3" step="1"/><G28/><REACH who="3" ten="386,313,248,33" step="2"/><T102/><D31/><U85/><E30/><V45/><AGARI ba="0,2" hai="12,17,20,34,35,45,50,55,62,67,70,78,81,84" machi="45" ten="20,7800,0" yaku="1,1,0,1,7,1,53,1" doraHai="91" doraHaiUra="13" who="2" fromWho="2" sc="386,-26,313,-26,248,98,33,-26" /><INIT seed="2,1,0,1,4,40" ten="360,287,346,7" oya="2" hai0="127,95,134,47,30,3,36,37,99,64,67,116,121" hai1="43,108,1,104,49,65,77,29,122,56,126,22,62" hai2="93,54,80,52,28,53,75,130,78,107,16,0,118" hai3="117,33,35,105,115,92,119,85,57,83,42,128,120"/><V90/><F118/><W31/><G105/><T15/><D121/><U2/><E122/><V12/><F107/><W131/><G120/><T69/><D3/><U135/><E108/><V66/><F0/><W91/><G115/><T61/><D116/><N who="3" m="44617" /><G31/><T4/><D67/><U82/><E104/><V8/><F130/><N who="3" m="49707" /><G42/><T123/><D30/><U18/><E135/><V51/><F66/><W55/><G83/><T87/><D123/><U71/><E126/><V19/><F28/><W39/><G39/><T6/><D37/><U14/><E29/><V23/><F19/><W13/><G13/><T88/><D15/><U9/><E9/><V79/><F79/><W97/><G85/><T59/><D87/><U81/><E82/><V44/><F8/><W94/><G94/><T58/><D36/><U11/><E11/><V111/><F111/><W63/><AGARI ba="1,0" hai="33,35,55,57,63,91,92,97" m="49707,44617" machi="63" ten="30,1100,0" yaku="19,1" doraHai="40" who="3" fromWho="3" sc="360,-4,287,-4,346,-6,7,14" /><INIT seed="3,0,0,3,5,100" ten="356,283,340,21" oya="3" hai0="125,72,79,59,48,123,73,77,111,40,107,0,38" hai1="127,31,29,124,23,118,8,63,68,115,120,47,20" hai2="122,104,103,54,33,37,62,9,116,26,22,30,109" hai3="93,41,25,53,3,11,106,86,65,39,14,1,24"/><W92/><G65/><T50/><D107/><U17/><E47/><V43/><F116/><W89/><G106/><T96/><D0/><U52/><E68/><V19/><F37/><W21/><G53/><T130/><D111/><U44/><E63/><V74/><F74/><W97/><G39/><T84/><D123/><U91/><E44/><V101/><F43/><W71/><G71/><T2/><D2/><U66/><E52/><V87/><F109/><W35/><G41/><T49/><D130/><U110/><E66/><V80/><F122/><W56/><G25/><T129/><D129/><U102/><E91/><V132/><F132/><W88/><G35/><T98/><D125/><N who="1" m="48203" /><E102/><V60/><F33/><W78/><G78/><T51/><D38/><U114/><E120/><V108/><F108/><W4/><REACH who="3" step="1"/><G56/><REACH who="3" ten="356,283,340,11" step="2"/><T69/><D59/><U76/><E76/><N who="2" m="46471" /><F104/><W82/><G82/><T94/><D69/><U27/><E110/><V85/><F54/><W133/><G133/><T46/><D79/><U117/><E31/><AGARI ba="0,1" hai="1,3,4,11,14,21,24,31,86,88,89,92,93,97" machi="31" ten="30,5800,0" yaku="1,1,7,1,54,1,53,0" doraHai="100" doraHaiUra="13" who="3" fromWho="1" sc="356,0,283,-58,340,0,11,68" /><INIT seed="3,1,0,3,3,66" ten="356,225,340,79" oya="3" hai0="10,16,50,56,11,108,77,62,15,118,70,13,134" hai1="20,94,59,85,113,73,55,120,48,74,98,86,52" hai2="124,69,111,8,57,5,117,64,83,9,72,91,1" hai3="76,29,42,123,63,37,96,116,17,31,84,122,104"/><W25/><G116/><T41/><D70/><U23/><E120/><V0/><F117/><W60/><G122/><T7/><D118/><U53/><E113/><V65/><F111/><W33/><G123/><T132/><D108/><U34/><E34/><V130/><F130/><W51/><G37/><T46/><REACH who="0" step="1"/><D77/><REACH who="0" ten="346,225,340,79" step="2"/><U87/><E74/><V127/><F69/><W79/><G104/><T95/><D95/><U22/><REACH who="1" step="1"/><E73/><REACH who="1" ten="346,215,340,79" step="2"/><V121/><F72/><W24/><G96/><T99/><D99/><U19/><E19/><V49/><F121/><W39/><G39/><T45/><D45/><U89/><AGARI ba="1,2" hai="20,22,23,48,52,53,55,59,85,86,87,89,94,98" machi="89" ten="30,7900,0" yaku="1,1,0,1,8,1,54,1,53,0" doraHai="66" doraHaiUra="97" who="1" fromWho="1" sc="346,-21,215,102,340,-21,79,-40" owari="325,42.5,317,-8.3,319,11.9,39,-46.1" /></mjloggm>