<mjloggm ver="2.3"><GO type="225" lobby="0"/><UN n0="%6D%75%75%6D%75%72%61" n1="%E6%A1%9C%E8%8A%B1%E9%96%83%E3%80%85" n2="%E6%B4%BE%E9%81%A3%E3%81%AE%E3%82%B8%E3%83%A3%E3%83%83%E3%82%AF" n3="%4B%2E%32%2E%4B%2E" dan="16,17,16,16" rate="2136.91,2135.81,2164.89,2086.83" sx="F,M,M,M"/><TAIKYOKU oya="0"/><INIT seed="0,0,0,1,1,53" ten="250,250,250,250" oya="0" hai0="73,80,46,59,51,2,67,82,119,63,117,110,131" hai1="106,41,25,113,89,49,124,69,19,14,38,58,112" hai2="22,18,32,74,72,104,15,34,71,11,40,79,29" hai3="10,91,114,127,7,94,50,96,78,64,28,54,6"/><T126/><D2/><U27/><E69/><V47/><F71/><W125/><G114/><N who="1" m="44138" /><E124/><N who="3" m="47690" /><G28/><T36/><D126/><U35/><E106/><V93/><F104/><W116/><G116/><T88/><D131/><U101/><E101/><V43/><F93/><W1/><G78/><T115/><D115/><U75/><E75/><V8/><F43/><W123/><G123/><T21/><D36/><U42/><E89/><V45/><F45/><N who="3" m="27983" /><G7/><T9/><D9/><N who="1" m="6607" /><E38/><V84/><F72/><W98/><G64/><T31/><D110/><U85/><E85/><AGARI ba="0,0" hai="1,6,10,85,91,94,96,98" m="27983,47690" machi="85" ten="30,1000,0" yaku="18,1" doraHai="53" who="3" fromWho="1" sc="250,0,250,-10,250,0,250,10" /><INIT seed="1,0,0,5,0,42" ten="250,240,250,260" oya="1" hai0="107,1,78,87,43,11,64,81,13,36,103,54,33" hai1="73,31,68,45,20,22,133,101,61,46,135,105,71" hai2="48,77,116,111,80,125,59,110,44,119,100,89,69" hai3="39,98,131,32,56,134,41,4,118,30,127,84,17"/><U7/><E73/><V3/><F69/><N who="1" m="26697" /><E7/><V18/><F3/><W92/><G127/><T23/><D33/><U24/><E61/><V38/><F100/><W79/><G4/><T86/><D64/><U122/><E122/><V128/><F89/><W8/><G30/><T58/><D1/><U25/><E101/><V35/><F35/><W121/><G56/><T83/><D23/><N who="1" m="8747" /><E105/><V93/><F93/><W12/><G92/><T70/><D70/><U37/><E37/><V57/><F18/><W67/><G17/><T126/><D126/><U28/><E28/><V132/><F125/><W10/><G67/><T75/><D103/><U102/><E102/><V9/><F9/><W76/><G8/><T65/><D65/><U15/><E15/><V72/><F38/><W0/><G12/><T74/><D107/><U114/><E114/><V16/><F16/><W91/><G10/><T49/><D13/><U104/><E104/><V94/><F94/><W129/><G39/><T90/><REACH who="0" step="1"/><D11/><REACH who="0" ten="240,240,250,260" step="2"/><U60/><E31/><V47/><F116/><W124/><G124/><T29/><D29/><U109/><E109/><V62/><F119/><W99/><G118/><T19/><D19/><U113/><E113/><V85/><F110/><W53/><G0/><T55/><D55/><U115/><E115/><V97/><F111/><W88/><G53/><T2/><D2/><U51/><E24/><V96/><F62/><W117/><G117/><T82/><D82/><U14/><E25/><V120/><F80/><W27/><G27/><T130/><D130/><U66/><E60/><V108/><F108/><RYUUKYOKU ba="0,1" sc="240,30,240,-10,250,-10,260,-10" hai0="36,43,49,54,58,74,75,78,81,83,86,87,90" /><INIT seed="2,1,1,3,0,76" ten="270,230,240,250" oya="2" hai0="120,47,16,12,91,84,131,32,134,20,135,114,24" hai1="55,61,110,22,9,77,51,78,18,101,40,38,95" hai2="42,28,85,105,86,58,87,60,48,17,44,111,132" hai3="75,15,50,11,68,106,14,107,121,62,128,36,113"/><V3/><F3/><W1/><G36/><T116/><D120/><U118/><E118/><V79/><F105/><W71/><G121/><T69/><D114/><U96/><E110/><V37/><F132/><N who="0" m="50730" /><D69/><U5/><E38/><V92/><F111/><W124/><G75/><T33/><D116/><U82/><E40/><V126/><F126/><W88/><G124/><T39/><D131/><U108/><E61/><V13/><F28/><W52/><G128/><T49/><D24/><N who="1" m="14423" /><E108/><V98/><F37/><W102/><G1/><T73/><D73/><U8/><E5/><V115/><F115/><W81/><G15/><T93/><D39/><U94/><E94/><V74/><F74/><W4/><G113/><T99/><D99/><U29/><E29/><V21/><F98/><W89/><G106/><T122/><D122/><U23/><E23/><V56/><F92/><W31/><G31/><T109/><D109/><U6/><E6/><V45/><F45/><W70/><G62/><T26/><D26/><U34/><E34/><V43/><F43/><AGARI ba="1,1" hai="12,16,20,32,33,43,47,49,84,91,93" m="50730" machi="43" ten="30,2000,0" yaku="20,1,54,1" doraHai="76" who="0" fromWho="2" sc="270,33,230,0,240,-23,250,0" /><INIT seed="3,0,0,5,1,126" ten="303,230,217,250" oya="3" hai0="75,68,18,19,2,45,98,69,94,60,12,128,84" hai1="122,11,123,101,25,35,56,9,105,17,62,100,124" hai2="5,77,120,54,130,83,27,55,64,118,135,46,8" hai3="116,82,96,0,112,15,107,99,108,29,88,24,28"/><W117/><G0/><T92/><D75/><U114/><E114/><V4/><F118/><W57/><G112/><T93/><D2/><U44/><E124/><V129/><F135/><W104/><G108/><T43/><D128/><N who="2" m="49258" /><F120/><W42/><G42/><T26/><D84/><U65/><E122/><V127/><F127/><W36/><G36/><T132/><D132/><U31/><E123/><V113/><F113/><W111/><G111/><T34/><D98/><U52/><E105/><V6/><F64/><W134/><G134/><T41/><D60/><U49/><REACH who="1" step="1"/><E17/><REACH who="1" ten="303,220,217,250" step="2"/><V78/><F27/><W125/><G125/><T119/><D26/><U72/><E72/><N who="2" m="43431" /><F78/><W66/><G24/><T121/><D121/><U76/><E76/><V3/><F46/><W23/><G116/><T10/><D45/><U7/><E7/><AGARI ba="0,1" hai="3,4,5,6,7,8,54,55" m="43431,49258" machi="7" ten="30,7700,0" yaku="19,1,52,3" doraHai="126" who="2" fromWho="1" sc="303,0,220,-77,217,87,250,0" owari="303,10.3,143,-35.7,304,40.4,250,-15.0" /></mjloggm>