<mjloggm ver="2.3"><GO type="225" lobby="0"/><UN n0="%E9%B3%B3%E6%9D%B1%E3%81%AE%E3%81%86%E3%81%95%E3%81%8E%E3%81%95%E3%82%93" n1="%E9%80%9F%E6%B0%B4%E5%87%9B%E9%A6%99" n2="%E9%BB%92%E9%89%84%E7%8F%A0%E9%9B%AB" n3="%E3%81%95%E3%81%8D%E3%81%9F%E3%81%BE%E6%9E%97%E6%AA%8E" dan="16,17,16,16" rate="2118.44,2193.01,2178.40,2118.24" sx="M,F,F,M"/><TAIKYOKU oya="0"/><INIT seed="0,0,0,4,4,89" ten="250,250,250,250" oya="0" hai0="39,13,110,133,40,31,99,126,92,128,112,135,61" hai1="91,64,11,116,50,124,81,66,93,18,102,21,108" hai2="106,117,94,9,121,32,71,88,43,16,47,70,10" hai3="56,97,111,107,36,41,130,1,96,52,20,5,67"/><T72/><D112/><U14/><E116/><V59/><F32/><W76/><G111/><T75/><D110/><U29/><E108/><V119/><F106/><W55/><G107/><T82/><D31/><U51/><E124/><V58/><F121/><W132/><G76/><T17/><D126/><U6/><E102/><V113/><F9/><W19/><G132/><N who="0" m="50763" /><D82/><U129/><E81/><V78/><F78/><W68/><G68/><T90/><D61/><U73/><E73/><N who="0" m="28233" /><D40/><U25/><E129/><V87/><F70/><W60/><G130/><T3/><D3/><U33/><E33/><V57/><F71/><W2/><G41/><T114/><D114/><U109/><E109/><V48/><REACH who="2" step="1"/><F113/><REACH who="2" ten="250,250,240,250" step="2"/><W26/><G1/><T42/><D128/><U12/><E6/><V74/><F74/><W86/><G2/><T0/><D0/><U120/><E120/><V38/><F38/><W122/><G36/><T27/><D39/><U23/><E23/><V53/><F53/><W123/><G123/><T45/><D42/><U37/><E37/><V103/><F103/><W95/><G122/><T127/><D127/><U125/><E125/><V22/><F22/><W79/><G79/><T28/><D90/><U83/><E91/><V131/><F131/><W4/><G55/><T15/><D15/><AGARI ba="0,1" hai="10,15,16,43,47,48,57,58,59,87,88,94,117,119" machi="15" ten="40,8000,1" yaku="1,1,52,1,54,2,53,0" doraHai="89" doraHaiUra="101" who="2" fromWho="0" sc="250,-80,250,0,240,90,250,0" /><INIT seed="1,0,0,3,4,67" ten="170,250,330,250" oya="1" hai0="33,101,109,66,27,20,43,63,29,28,96,97,78" hai1="112,117,62,16,65,52,54,119,129,120,90,61,107" hai2="6,21,0,23,57,60,80,72,53,26,5,133,88" hai3="15,128,45,47,46,1,132,22,116,55,75,50,44"/><U9/><E107/><V122/><F122/><W131/><G75/><T94/><D109/><U76/><E120/><V4/><F133/><W41/><G1/><T32/><D78/><U81/><E112/><V98/><F72/><W114/><G15/><T111/><D111/><U127/><E129/><N who="3" m="49738" /><G22/><T40/><D96/><U36/><E36/><V87/><F0/><W100/><G100/><T74/><D74/><U71/><E127/><V11/><F98/><W64/><G114/><T73/><D73/><U10/><E76/><V92/><F80/><W103/><G103/><T37/><D37/><U85/><E9/><V110/><F110/><W8/><G8/><T68/><REACH who="0" step="1"/><D20/><REACH who="0" ten="160,250,330,250" step="2"/><U18/><E119/><V124/><F21/><W42/><G116/><T39/><D39/><U102/><E117/><V12/><F124/><W83/><G132/><T2/><D2/><U51/><E102/><V77/><F77/><W3/><G3/><T56/><D56/><U48/><E10/><V113/><F113/><W105/><G42/><T123/><D123/><U106/><E106/><V59/><F57/><W19/><G41/><T115/><D115/><U13/><E13/><V126/><F126/><W79/><G105/><T134/><D134/><U86/><E86/><V17/><AGARI ba="0,1" hai="4,5,6,11,12,17,23,26,53,59,60,87,88,92" machi="17" ten="20,5200,0" yaku="0,1,7,1,8,1,54,1" doraHai="67" who="2" fromWho="2" sc="160,-13,250,-26,330,62,250,-13" /><INIT seed="2,0,0,3,4,47" ten="147,224,392,237" oya="2" hai0="87,35,29,22,104,79,92,5,122,86,34,1,12" hai1="84,57,68,52,19,71,118,107,113,111,23,3,55" hai2="42,72,82,120,103,95,65,20,17,101,81,97,2" hai3="77,102,4,109,61,134,78,133,10,24,54,128,21"/><V18/><F2/><W105/><G109/><T44/><D104/><U53/><E3/><V11/><F120/><W6/><G128/><T49/><D122/><U100/><E113/><V33/><F33/><W98/><G61/><T89/><D1/><U83/><E118/><V13/><F72/><W15/><G6/><T124/><D124/><U121/><E111/><V90/><F65/><W131/><G131/><T106/><D106/><U123/><E123/><V66/><F66/><W135/><REACH who="3" step="1"/><G54/><REACH who="3" ten="147,224,392,227" step="2"/><T26/><D5/><U30/><E121/><V74/><F42/><W9/><G9/><T14/><D35/><U16/><E55/><V125/><F11/><W48/><G48/><T39/><D39/><U43/><E53/><V59/><F125/><W114/><G114/><T96/><D34/><U45/><E43/><V64/><F64/><W70/><G70/><T91/><D79/><U130/><E130/><V94/><F20/><W108/><G108/><T7/><D7/><U99/><E71/><V56/><F18/><AGARI ba="0,1" hai="4,10,15,18,21,24,77,78,98,102,105,133,134,135" machi="18" ten="40,2600,0" yaku="1,1,20,1,53,0" doraHai="47" doraHaiUra="46" who="3" fromWho="2" sc="147,0,224,0,392,-26,227,36" /><INIT seed="3,0,0,3,2,57" ten="147,224,366,263" oya="3" hai0="121,49,41,11,87,84,7,109,110,34,124,88,78" hai1="101,85,73,91,86,48,45,40,54,33,36,9,55" hai2="51,4,18,133,15,1,102,27,13,16,131,3,59" hai3="50,46,14,5,30,70,75,52,47,58,38,119,127"/><W31/><G75/><T132/><D34/><U116/><E33/><V43/><F4/><W12/><G119/><T97/><D41/><U17/><E73/><V10/><F27/><W129/><G129/><T42/><D42/><U79/><E116/><V23/><F133/><W99/><G127/><T66/><D49/><U71/><E71/><V89/><F131/><W83/><G70/><T111/><D132/><U19/><E101/><V105/><F102/><W74/><G74/><T134/><D134/><U62/><E36/><V61/><F105/><W76/><G99/><T130/><D130/><U93/><E9/><V29/><F29/><N who="3" m="10763" /><G38/><T69/><D78/><U68/><E68/><V112/><F112/><W100/><G100/><T117/><D117/><U6/><E6/><V65/><F89/><W115/><G115/><T22/><D22/><U44/><E44/><N who="3" m="16938" /><G5/><T64/><D124/><U118/><E118/><V32/><F32/><W21/><G21/><T77/><D121/><U28/><E28/><V80/><F1/><W104/><G104/><T67/><D77/><U53/><E86/><V135/><F3/><W95/><G95/><T35/><D35/><U63/><E79/><V96/><F135/><W90/><G76/><T94/><REACH who="0" step="1"/><D69/><REACH who="0" ten="137,224,366,263" step="2"/><U123/><E123/><V122/><F122/><W128/><G128/><T25/><D25/><U81/><E40/><V114/><F43/><W92/><G50/><T107/><D107/><U108/><E48/><V72/><F51/><W8/><G8/><T24/><D24/><U82/><E45/><V37/><F10/><W60/><G58/><RYUUKYOKU ba="0,1" sc="137,30,224,-10,366,-10,263,-10" hai0="7,11,64,66,67,84,87,88,94,97,109,110,111" owari="167,-33.3,214,-18.6,366,46.6,253,5.3" /></mjloggm>