<mjloggm ver="2.3"><GO type="225" lobby="0"/><UN n0="%E3%83%AD%E3%83%83%E3%83%86%E9%9B%80%E7%90%83" n1="%E9%B3%B3%E6%9D%B1%E3%81%AE%E3%81%86%E3%81%95%E3%81%8E%E3%81%95%E3%82%93" n2="%E3%83%A9%E3%83%BC%E3%83%A1%E3%83%B3%E4%BA%94%E9%83%8E" n3="%6D%75%75%6D%75%72%61" dan="17,16,16,16" rate="2261.85,2243.90,2102.08,2165.86" sx="M,M,M,F"/><TAIKYOKU oya="0"/><INIT seed="0,0,0,3,1,54" ten="250,250,250,250" oya="0" hai0="129,5,133,89,76,120,30,108,73,19,9,128,63" hai1="97,55,35,52,81,12,107,122,101,61,59,27,80" hai2="74,50,28,132,118,66,127,58,44,135,0,121,18" hai3="39,116,10,3,11,51,88,131,65,70,105,126,53"/><T37/><D120/><U98/><E122/><V23/><F121/><W69/><G116/><T85/><D37/><U94/><E12/><V86/><F74/><W104/><G39/><T119/><D119/><U124/><E124/><V68/><F127/><W79/><G126/><T111/><D30/><U62/><E35/><V110/><F118/><W14/><G79/><T77/><D19/><U125/><E125/><V34/><F0/><W45/><G131/><N who="0" m="50251" /><D133/><U90/><E27/><V113/><F113/><W48/><G3/><N who="0" m="191" /><D63/><U42/><E42/><V43/><F28/><W115/><G115/><T15/><D15/><U75/><E75/><V56/><F34/><W7/><G11/><T106/><D106/><U95/><E107/><V46/><F110/><N who="0" m="42026" /><D73/><U112/><E112/><V24/><F132/><W8/><G8/><T1/><D1/><U71/><E71/><V32/><F135/><W92/><G70/><T123/><D123/><U57/><AGARI ba="0,0" hai="52,55,57,59,61,62,80,81,90,94,95,97,98,101" machi="57" ten="30,12000,2" yaku="0,1,9,1,8,1,52,2,54,1" doraHai="54" who="1" fromWho="1" sc="250,-60,250,120,250,-30,250,-30" /><INIT seed="1,0,0,1,5,8" ten="190,370,220,220" oya="1" hai0="90,68,92,125,19,117,70,53,132,38,12,36,98" hai1="6,14,22,21,80,122,60,41,62,35,99,100,61" hai2="71,106,66,74,50,7,64,114,126,102,15,45,120" hai3="67,42,18,105,33,108,44,107,47,39,27,23,72"/><U9/><E122/><V83/><F120/><W69/><G108/><T94/><D117/><U40/><E35/><V135/><F126/><W96/><G72/><T58/><D125/><U112/><E112/><V32/><F32/><W65/><G33/><T77/><D132/><U109/><E109/><V63/><F135/><W73/><G73/><T54/><D77/><U43/><REACH who="1" step="1"/><E80/><REACH who="1" ten="190,360,220,220" step="2"/><V26/><F114/><W119/><G119/><T133/><D133/><U79/><E79/><V131/><F83/><W49/><G69/><T59/><D70/><U10/><E10/><V89/><F71/><W51/><G107/><AGARI ba="0,1" hai="6,9,14,21,22,40,41,43,60,61,62,99,100,107" machi="107" ten="40,3900,0" yaku="1,1,52,1,53,0" doraHai="8" doraHaiUra="128" who="1" fromWho="3" sc="190,0,360,49,220,0,220,-39" /><INIT seed="1,1,0,4,3,64" ten="190,409,220,181" oya="1" hai0="8,33,67,43,104,71,88,52,60,0,113,51,73" hai1="105,42,28,4,107,83,72,126,97,77,108,63,106" hai2="89,65,27,62,100,96,78,34,135,91,95,50,3" hai3="117,38,41,128,48,45,87,54,127,53,31,13,93"/><U49/><E126/><V7/><F135/><W11/><G127/><T82/><D113/><U119/><E119/><V85/><F50/><W23/><G117/><T32/><D104/><U15/><E28/><V47/><F47/><W131/><G31/><T35/><D43/><U121/><E121/><V16/><F3/><W18/><G23/><T25/><D25/><U5/><E108/><V75/><F7/><W116/><G116/><T68/><D68/><U14/><E97/><V22/><F75/><W39/><G39/><T29/><D29/><U90/><E90/><V24/><F34/><W76/><G93/><T129/><D129/><N who="3" m="49737" /><G38/><T111/><D111/><U80/><E80/><AGARI ba="1,0" hai="11,13,18,41,45,48,53,54,76,80,87" m="49737" machi="80" ten="30,1000,0" yaku="19,1" doraHai="64" who="3" fromWho="1" sc="190,0,409,-13,220,0,181,13" /><INIT seed="2,0,0,0,1,14" ten="190,396,220,194" oya="2" hai0="98,3,84,82,85,131,90,29,43,83,125,64,97" hai1="33,13,30,108,31,49,104,121,24,135,4,48,101" hai2="62,78,60,8,10,32,75,59,42,92,6,107,73" hai3="15,55,67,96,127,44,47,63,54,124,28,39,117"/><V27/><F107/><W118/><G28/><T72/><D3/><U69/><E108/><V34/><F42/><N who="3" m="22623" /><G96/><T21/><D125/><N who="3" m="48201" /><G15/><T102/><D131/><U68/><E135/><V74/><F92/><W88/><G88/><N who="0" m="51223" /><D72/><U50/><E121/><V41/><F78/><W95/><G95/><N who="0" m="58719" /><D43/><U25/><E101/><V16/><F41/><W2/><G2/><T105/><D64/><U45/><E45/><V130/><F130/><W103/><G103/><N who="0" m="62703" /><D21/><U87/><E68/><V129/><F129/><W17/><G17/><T37/><D37/><U119/><E69/><V18/><F27/><W26/><G26/><T123/><D29/><U53/><E4/><V36/><F36/><W1/><G1/><T61/><D61/><U116/><E25/><V79/><F74/><W81/><G81/><T5/><D5/><U94/><E30/><V70/><F70/><N who="3" m="42367" /><G47/><T35/><D35/><U65/><E33/><V114/><F6/><W109/><G109/><T51/><D51/><U71/><E49/><V19/><F32/><W23/><G23/><T38/><D38/><U58/><E48/><V111/><F34/><W110/><G110/><T122/><AGARI ba="0,0" hai="83,85,90,122,123" m="62703,58719,51223" machi="122" ten="30,4000,0" yaku="34,2,54,1" doraHai="14" who="0" fromWho="0" sc="190,40,396,-10,220,-20,194,-10" /><INIT seed="3,0,0,4,4,41" ten="230,386,200,184" oya="3" hai0="75,135,59,100,67,83,30,81,34,72,10,123,131" hai1="22,133,62,35,88,92,134,5,102,69,101,110,16" hai2="32,107,124,36,48,28,114,89,111,94,74,113,57" hai3="15,126,68,54,1,122,4,80,53,84,19,9,47"/><W13/><G122/><T17/><D123/><U2/><E35/><V65/><F36/><W46/><G68/><T87/><D100/><U42/><E42/><V56/><F74/><W25/><G126/><T121/><D121/><U128/><E110/><V3/><F3/><W18/><G1/><T118/><D83/><U51/><E51/><V6/><F107/><W73/><G73/><T130/><D118/><U104/><E104/><V49/><F111/><W129/><G129/><N who="0" m="49163" /><D135/><N who="1" m="51723" /><E128/><V93/><F124/><W0/><G0/><T60/><D30/><U66/><E5/><V11/><F28/><W95/><G95/><T119/><D34/><U43/><E43/><V24/><F32/><W26/><G4/><T116/><D116/><U91/><E88/><V20/><F6/><W7/><G7/><T86/><D86/><N who="1" m="52343" /><E2/><V85/><F89/><N who="3" m="51335" /><G54/><T8/><D119/><U115/><E115/><V70/><F113/><W125/><G125/><T71/><D71/><U44/><E44/><N who="3" m="16938" /><G53/><T64/><D64/><U99/><E99/><V55/><F65/><W78/><G78/><N who="0" m="46519" /><D75/><U27/><AGARI ba="0,0" hai="16,22,27,62,66,69,101,102" m="52343,51723" machi="27" ten="30,2000,0" yaku="20,1,54,1" doraHai="41" who="1" fromWho="1" sc="230,-5,386,20,200,-5,184,-10" owari="225,2.5,406,50.6,195,-20.5,174,-32.6" /></mjloggm>