<mjloggm ver="2.3"><GO type="225" lobby="0"/><UN n0="%E3%82%BC%E3%83%AB%E3%83%80%E3%81%AE%E4%BC%9D%E8%AA%AC" n1="%6D%75%75%73%61%6E%6D%75" n2="%E3%83%81%E3%83%AF%E3%83%AF%E9%9A%8A%E9%95%B7" n3="%E7%89%B9%E6%9D%B1%E3%81%AF%E4%B8%96%E7%95%8C%E3%82%92%E6%95%91%E3%81%86" dan="17,17,16,16" rate="2161.11,2161.47,2118.41,2139.30" sx="M,F,M,M"/><TAIKYOKU oya="0"/><INIT seed="0,0,0,0,1,81" ten="250,250,250,250" oya="0" hai0="91,111,97,86,116,70,46,114,54,37,117,67,127" hai1="112,28,98,108,104,51,55,0,72,115,132,113,95" hai2="126,40,84,64,131,92,105,102,135,29,110,122,119" hai3="31,123,73,62,77,5,69,24,80,103,3,52,53"/><T36/><D114/><U47/><E108/><V1/><F1/><W79/><G123/><T128/><D97/><U30/><E132/><V20/><F122/><W109/><G109/><T26/><D111/><U12/><E0/><V124/><F110/><W18/><G79/><T87/><D26/><U89/><E72/><V27/><F105/><W121/><G121/><T93/><D127/><U6/><E104/><V49/><F119/><W57/><G69/><T130/><D70/><U16/><REACH who="1" step="1"/><E6/><REACH who="1" ten="250,240,250,250" step="2"/><V34/><F124/><W9/><G103/><T4/><D4/><U61/><E61/><V45/><F126/><W15/><G3/><T11/><D117/><U25/><E25/><V23/><F27/><W13/><G13/><T90/><D116/><U33/><E33/><V88/><F34/><W50/><G5/><T56/><D128/><U118/><E118/><V35/><F135/><W42/><G42/><T17/><D130/><U8/><AGARI ba="0,1" hai="8,12,16,28,30,47,51,55,89,95,98,112,113,115" machi="8" ten="30,7900,0" yaku="1,1,0,1,11,1,54,1,53,0" doraHai="81" doraHaiUra="134" who="1" fromWho="1" sc="250,-39,240,89,250,-20,250,-20" /><INIT seed="1,0,0,4,4,101" ten="211,329,230,230" oya="1" hai0="47,88,62,55,81,130,24,69,10,77,76,95,72" hai1="93,25,20,92,90,14,70,50,131,94,83,96,53" hai2="26,18,74,117,103,82,22,87,35,12,64,134,38" hai3="106,2,11,17,39,36,107,125,68,59,49,33,46"/><U21/><E70/><V32/><F117/><W7/><G68/><T108/><D108/><U124/><E131/><V8/><F74/><W54/><G33/><T73/><D130/><U132/><E132/><V118/><F118/><W4/><G4/><T128/><D128/><U133/><E133/><V102/><F134/><W123/><G123/><T100/><D100/><U115/><E124/><V135/><F38/><W29/><G29/><T126/><D126/><U67/><E115/><V127/><F135/><W112/><G112/><T121/><D121/><U52/><E67/><V110/><F127/><W119/><G119/><T27/><D10/><U48/><E96/><V34/><F110/><W31/><G31/><T97/><D69/><U79/><E14/><V63/><F63/><W15/><G125/><T51/><REACH who="0" step="1"/><D62/><REACH who="0" ten="201,329,230,230" step="2"/><U37/><E37/><V40/><F103/><W71/><G71/><T41/><D41/><U116/><E116/><V122/><F102/><W28/><G39/><T78/><D78/><U42/><E42/><V1/><F122/><W86/><G36/><T58/><D58/><U56/><E79/><V19/><F40/><W9/><G59/><T114/><D114/><U75/><E56/><V43/><F43/><W80/><G28/><T104/><D104/><U16/><E90/><AGARI ba="0,1" hai="2,7,9,11,15,17,46,49,54,80,86,90,106,107" machi="90" ten="30,8000,1" yaku="7,1,25,2,52,2" doraHai="101" who="3" fromWho="1" sc="201,0,329,-80,230,0,230,90" /><INIT seed="2,0,0,3,1,51" ten="201,249,230,320" oya="2" hai0="20,102,61,112,11,55,67,63,30,74,19,90,68" hai1="34,107,75,5,98,89,40,28,71,9,6,14,45" hai2="41,78,121,85,56,52,109,130,25,82,81,66,83" hai3="125,135,101,23,127,3,8,2,88,36,119,128,76"/><V62/><F121/><W99/><G119/><T12/><D112/><U7/><E75/><V58/><F130/><W35/><G35/><T100/><D74/><U37/><E71/><V91/><F109/><W57/><G128/><T47/><D90/><U24/><E107/><V69/><F41/><W32/><G32/><T27/><REACH who="0" step="1"/><D47/><REACH who="0" ten="191,249,230,320" step="2"/><U116/><E116/><V16/><F78/><W84/><G88/><T60/><D60/><U110/><E110/><V126/><F126/><W49/><G76/><T87/><D87/><U115/><E115/><V92/><REACH who="2" step="1"/><F52/><REACH who="2" ten="191,249,220,320" step="2"/><W118/><G127/><T113/><D113/><U108/><E108/><V103/><F103/><W54/><G54/><T13/><D13/><U106/><E89/><V21/><AGARI ba="0,2" hai="16,21,25,56,58,62,66,69,81,82,83,85,91,92" machi="21" ten="30,6000,0" yaku="1,1,0,1,54,1,53,0" doraHai="51" doraHaiUra="42" who="2" fromWho="2" sc="191,-20,249,-20,220,80,320,-20" /><INIT seed="2,1,0,5,3,72" ten="171,229,300,300" oya="2" hai0="88,60,121,58,57,26,127,10,39,43,92,19,66" hai1="25,123,35,3,17,125,31,78,46,134,30,62,8" hai2="104,79,20,63,112,80,65,81,61,47,98,85,89" hai3="15,50,132,100,135,87,84,37,82,75,51,7,67"/><V2/><F112/><W5/><G37/><T29/><D127/><U12/><E125/><V40/><F2/><W68/><G75/><T14/><D121/><U36/><E123/><V76/><F20/><W70/><G100/><T117/><D117/><U11/><E134/><N who="3" m="51242" /><G67/><T34/><D39/><U33/><E62/><V55/><F55/><W120/><G120/><T101/><D101/><U52/><E36/><V103/><F81/><W18/><G51/><T97/><REACH who="0" step="1"/><D43/><REACH who="0" ten="161,229,300,300" step="2"/><U113/><E113/><V126/><F126/><W83/><G70/><AGARI ba="1,1" hai="10,14,19,26,29,34,57,58,60,66,70,88,92,97" machi="70" ten="30,8000,1" yaku="1,1,2,1,7,1,54,1,53,1" doraHai="72" doraHaiUra="56" who="0" fromWho="3" sc="161,93,229,0,300,0,300,-83" /><INIT seed="3,0,0,3,5,29" ten="254,229,300,217" oya="3" hai0="26,81,15,122,134,18,127,96,21,105,92,33,110" hai1="104,85,80,8,0,49,63,118,126,74,93,16,132" hai2="135,56,113,71,47,66,116,95,77,73,38,106,3" hai3="14,44,2,9,23,83,11,12,1,5,17,27,58"/><W123/><G123/><T101/><D122/><U91/><E104/><V10/><F106/><W72/><G58/><T30/><D110/><U54/><E126/><V46/><F113/><W107/><G107/><T112/><D127/><U42/><E132/><V48/><F116/><W59/><G44/><T133/><D112/><U37/><E118/><V79/><F135/><N who="0" m="51722" /><D105/><U130/><E130/><V43/><F73/><W78/><REACH who="3" step="1"/><G59/><REACH who="3" ten="254,229,300,207" step="2"/><T35/><D81/><U51/><E42/><V125/><F43/><W84/><G84/><T111/><D111/><U53/><E74/><V103/><F56/><W60/><G60/><T119/><D119/><U4/><E63/><V88/><F47/><W57/><G57/><T114/><D114/><U87/><E80/><V32/><F46/><W120/><G120/><T13/><D13/><U108/><E108/><V65/><F125/><W28/><AGARI ba="0,1" hai="1,2,5,9,11,12,14,17,23,27,28,72,78,83" machi="28" ten="20,3900,0" yaku="1,1,0,1,7,1,53,0" doraHai="29" doraHaiUra="41" who="3" fromWho="3" sc="254,-13,229,-13,300,-13,207,49" /><INIT seed="3,1,0,5,5,42" ten="241,216,287,256" oya="3" hai0="15,127,128,135,50,126,107,37,31,88,132,34,57" hai1="123,61,51,96,75,45,102,12,65,69,26,119,33" hai2="63,97,13,36,8,108,131,16,115,129,56,101,89" hai3="35,49,80,103,6,38,22,17,70,60,111,124,59"/><W79/><G38/><T2/><D107/><U72/><E123/><V85/><F36/><W74/><G35/><T10/><D37/><U133/><E133/><N who="0" m="51273" /><D57/><U43/><E119/><V58/><F115/><W7/><G124/><N who="0" m="47659" /><D50/><U9/><E26/><V39/><F39/><W24/><G103/><T130/><D2/><U92/><REACH who="1" step="1"/><E33/><REACH who="1" ten="241,206,287,256" step="2"/><V73/><F131/><N who="0" m="50218" /><D88/><U71/><E71/><V0/><F129/><W112/><G70/><T98/><D98/><U53/><E53/><V23/><F97/><W28/><G112/><T86/><D86/><U5/><AGARI ba="1,1" hai="5,9,12,43,45,51,61,65,69,72,75,92,96,102" machi="5" ten="20,5200,0" yaku="1,1,0,1,7,1,52,1,53,0" doraHai="42" doraHaiUra="18" who="1" fromWho="1" sc="241,-14,206,65,287,-14,256,-27" /><INIT seed="4,0,0,2,2,124" ten="227,271,273,229" oya="0" hai0="16,99,13,42,22,91,120,95,89,8,53,66,1" hai1="102,31,122,133,74,112,4,38,15,132,116,6,73" hai2="96,33,52,60,113,29,36,10,83,127,71,65,106" hai3="114,79,84,63,115,111,68,26,18,14,125,2,117"/><T12/><D120/><U44/><E122/><V130/><F36/><W34/><G117/><T78/><D1/><U9/><E116/><V5/><F127/><W131/><G2/><T46/><D66/><U69/><E69/><V57/><F113/><N who="3" m="43019" /><G125/><T25/><D78/><U62/><E112/><V70/><F83/><N who="3" m="47231" /><G111/><T92/><D53/><U77/><E77/><V85/><F85/><W54/><G54/><T48/><D8/><U107/><E9/><V94/><F106/><W64/><G26/><T129/><D129/><U17/><E107/><V75/><F130/><W104/><G34/><T97/><AGARI ba="0,0" hai="12,13,16,22,25,42,46,48,89,91,92,95,97,99" machi="97" ten="20,12000,1" yaku="0,1,7,1,9,1,8,1,54,1" doraHai="124" who="0" fromWho="0" sc="227,120,271,-40,273,-40,229,-40" owari="347,44.7,231,-16.9,233,3.3,189,-31.1" /></mjloggm>