<mjloggm ver="2.3"><GO type="225" lobby="0"/><UN n0="%E3%81%A9%E3%82%8F%E3%82%93%E3%81%94" n1="%E7%99%BD%E6%97%A5%E9%9B%AA%E8%8F%9C" n2="%E3%81%B5%E3%81%98%E3%81%8B%E3%81%A4" n3="%72%69%6F%75%63%68%61%6E" dan="16,16,16,16" rate="2081.38,2185.38,2104.12,2111.34" sx="M,M,M,M"/><TAIKYOKU oya="0"/><INIT seed="0,0,0,1,0,106" ten="250,250,250,250" oya="0" hai0="81,72,63,53,110,64,22,100,52,66,42,55,122" hai1="82,7,18,111,74,79,77,26,128,116,130,28,121" hai2="91,4,108,67,113,29,31,114,49,5,37,127,109" hai3="123,88,84,35,60,8,78,102,76,19,112,9,118"/><T119/><D122/><U16/><E116/><V21/><F49/><W133/><G112/><N who="2" m="43113" /><F67/><W20/><G118/><T15/><D119/><U61/><E121/><V96/><F91/><W124/><G133/><T41/><D100/><U12/><E111/><N who="2" m="42571" /><F96/><W69/><G124/><T104/><D104/><U45/><E77/><N who="3" m="29802" /><G35/><T10/><D110/><U33/><E61/><V50/><F37/><W68/><G123/><T85/><D72/><U126/><E126/><V94/><F94/><W23/><G68/><T129/><D22/><N who="3" m="8233" /><G69/><T3/><D3/><U73/><E45/><V46/><F127/><W131/><G131/><N who="1" m="50218" /><E73/><V38/><F38/><W83/><G102/><T57/><D66/><U93/><E93/><V32/><F32/><W132/><G132/><T99/><D99/><U90/><E90/><V0/><F0/><W95/><G60/><T44/><D44/><U48/><E48/><V98/><F98/><W117/><G117/><T54/><D129/><U2/><E2/><V80/><F80/><W87/><G84/><T24/><D85/><U97/><E97/><V135/><F135/><W30/><G95/><T39/><D81/><U58/><E58/><V6/><F21/><W86/><G87/><T1/><D1/><U27/><E82/><V17/><F17/><N who="1" m="6761" /><E74/><V62/><F62/><W11/><G19/><N who="0" m="8695" /><D39/><U34/><E34/><V103/><F103/><W92/><G83/><T125/><D125/><U107/><E33/><V25/><F25/><W59/><G59/><N who="0" m="36991" /><D24/><U65/><E27/><V70/><F70/><W43/><G43/><AGARI ba="0,0" hai="4,5,6,29,31,43,46,50" m="42571,43113" machi="43" ten="40,1300,0" yaku="14,1" doraHai="106" who="2" fromWho="3" sc="250,0,250,0,250,13,250,-13" /><INIT seed="1,0,0,2,3,36" ten="250,250,263,237" oya="1" hai0="99,73,3,68,43,109,28,63,34,78,125,70,4" hai1="49,117,31,85,122,91,67,77,94,10,61,17,24" hai2="95,13,59,135,121,40,15,126,14,7,131,88,100" hai3="113,65,101,23,9,120,25,118,18,72,5,106,6"/><U37/><E117/><V64/><F121/><W114/><G120/><T83/><D109/><U116/><E37/><V16/><F126/><W21/><G72/><T44/><D125/><U102/><E122/><V54/><F135/><W1/><G65/><T75/><D99/><U128/><E116/><V76/><F76/><W90/><G118/><T26/><D63/><U110/><E110/><V2/><F131/><W119/><G119/><T56/><D56/><U111/><E111/><V123/><F100/><W0/><G90/><T74/><D70/><U112/><E112/><V115/><F115/><W86/><G86/><T66/><D66/><U127/><E127/><V33/><F33/><W105/><G101/><T104/><D68/><U30/><E128/><V132/><F132/><W82/><G82/><T29/><D29/><U129/><E129/><V108/><F108/><W62/><G62/><T53/><D53/><U55/><E77/><V97/><F64/><W45/><G45/><T134/><D104/><U81/><E81/><V69/><F69/><W27/><G9/><N who="0" m="2207" /><D134/><U48/><E102/><V35/><F35/><W11/><REACH who="3" step="1"/><G11/><REACH who="3" ten="250,250,263,227" step="2"/><T51/><D51/><U98/><E67/><V87/><F123/><W130/><G130/><T19/><D74/><U58/><E85/><V57/><F87/><W38/><G38/><T124/><D75/><U12/><REACH who="1" step="1"/><E31/><REACH who="1" ten="250,240,263,227" step="2"/><V84/><F84/><W79/><G79/><T92/><D124/><U60/><E60/><N who="2" m="35895" /><F97/><W89/><G89/><T20/><D28/><U39/><E39/><V103/><F103/><W133/><G133/><T47/><D78/><RYUUKYOKU ba="0,2" sc="250,-15,240,15,263,-15,227,15" hai1="10,12,17,24,30,48,49,55,58,61,91,94,98" hai3="0,1,5,6,18,21,23,25,27,105,106,113,114" /><INIT seed="1,1,2,5,5,110" ten="235,255,248,242" oya="1" hai0="24,41,0,59,91,81,121,89,130,52,31,83,8" hai1="65,117,100,134,42,87,46,3,118,119,102,4,115" hai2="35,50,129,125,76,20,39,69,27,98,131,60,34" hai3="85,30,86,12,95,21,9,33,90,32,113,111,11"/><U135/><E65/><N who="2" m="41127" /><F50/><W77/><G113/><T68/><D68/><U114/><E87/><V126/><F39/><W106/><G111/><T10/><D130/><N who="2" m="49674" /><F76/><W94/><G106/><T36/><D36/><U56/><E56/><V101/><F98/><W49/><G49/><N who="0" m="31119" /><D41/><U5/><E3/><V133/><F101/><N who="1" m="39017" /><E42/><V99/><F99/><W47/><G47/><T63/><D0/><U74/><E46/><V37/><F37/><W78/><G30/><T28/><D63/><U122/><E74/><V73/><F73/><W15/><REACH who="3" step="1"/><G21/><REACH who="3" ten="235,255,248,232" step="2"/><N who="0" m="15375" /><D31/><U120/><E120/><V96/><F133/><N who="1" m="50697" /><E122/><V45/><F45/><W26/><G26/><T132/><D121/><U103/><E103/><V57/><F20/><W55/><G55/><T97/><D132/><U2/><E2/><V51/><F27/><W54/><G54/><T71/><D10/><U92/><E92/><V44/><F44/><W13/><G13/><T127/><D8/><U128/><E128/><V43/><F35/><W104/><G104/><T75/><D83/><U16/><E115/><V123/><F34/><W61/><G61/><T116/><D81/><U38/><E114/><V17/><F123/><W18/><G18/><T22/><D22/><U23/><E38/><V79/><F17/><W7/><G7/><T124/><D124/><U1/><E1/><V6/><F6/><W112/><G112/><T66/><D127/><U72/><E72/><V82/><F43/><W25/><G25/><AGARI ba="1,3" hai="4,5,16,23,25,117,118,119" m="50697,39017" machi="25" ten="40,3900,0" yaku="20,1,54,1" doraHai="110" who="1" fromWho="3" sc="235,0,255,72,248,0,232,-42" /><INIT seed="1,2,0,3,3,60" ten="235,327,248,190" oya="1" hai0="44,53,106,33,20,1,113,134,125,66,43,61,130" hai1="69,21,16,127,98,15,37,12,82,107,58,56,24" hai2="90,124,111,38,94,40,26,81,35,6,75,86,36" hai3="128,25,91,71,131,83,132,29,31,73,70,104,9"/><U85/><E69/><V8/><F111/><W122/><G122/><T39/><D33/><U78/><E37/><V65/><F124/><W2/><G132/><T50/><D113/><U48/><E127/><V103/><F65/><W46/><G104/><T30/><D106/><U74/><E74/><V102/><F35/><W51/><G29/><T129/><D1/><U5/><E48/><V112/><F26/><W89/><G73/><T96/><D96/><U63/><E5/><V120/><F120/><W97/><G83/><T119/><D125/><U11/><E11/><V52/><F52/><N who="3" m="29815" /><G2/><T0/><D0/><U115/><E115/><V109/><F109/><W23/><G9/><T3/><D3/><U95/><E107/><V108/><F108/><W47/><G47/><N who="0" m="24063" /><D119/><U55/><REACH who="1" step="1"/><E58/><REACH who="1" ten="235,317,248,190" step="2"/><V87/><F75/><W32/><G70/><N who="0" m="42319" /><D134/><U7/><E7/><V34/><F112/><W64/><G71/><T93/><D50/><U49/><E49/><V79/><F38/><W121/><G121/><T42/><D42/><U99/><E99/><V22/><F40/><W114/><G97/><T14/><D44/><U59/><E59/><V92/><F36/><W28/><G114/><T118/><D118/><U18/><E18/><V100/><F6/><W105/><G105/><T54/><D130/><N who="3" m="49705" /><G28/><T67/><D129/><U133/><E133/><V80/><F8/><W57/><G32/><T116/><D116/><U76/><E76/><N who="2" m="46343" /><F34/><W10/><G10/><T77/><D30/><U13/><E13/><V117/><F117/><W4/><G4/><T27/><D14/><U68/><E68/><RYUUKYOKU ba="2,1" sc="235,-15,317,15,248,-15,190,15" hai1="12,15,16,21,24,55,56,63,78,82,85,95,98" hai3="23,25,31,57,64,89,91" /><INIT seed="1,3,1,0,1,85" ten="220,332,233,205" oya="1" hai0="133,125,76,15,91,123,39,60,88,21,33,30,31" hai1="54,74,107,34,120,45,93,44,94,86,20,57,14" hai2="59,83,24,46,23,80,72,113,131,92,106,126,104" hai3="63,61,19,2,128,110,62,11,122,17,73,115,66"/><U49/><E120/><V69/><F69/><W43/><G122/><T22/><D39/><U5/><E74/><V42/><F126/><W8/><G115/><T112/><D123/><U97/><E34/><V102/><F113/><W132/><G73/><T114/><D33/><U130/><E130/><V78/><F131/><W9/><G128/><T87/><D125/><U99/><E107/><V36/><F83/><W70/><G2/><T124/><D124/><U117/><E117/><V6/><F59/><W27/><G110/><T48/><D133/><U7/><E86/><V90/><F102/><W98/><G132/><T18/><D114/><U40/><E45/><V12/><F12/><W0/><G0/><T28/><D112/><U65/><E65/><V79/><F79/><W101/><G43/><T109/><D109/><U10/><E20/><N who="0" m="7785" /><D60/><U56/><E5/><V13/><F13/><W38/><G38/><T41/><D41/><U81/><E81/><V129/><F6/><W51/><G27/><T108/><D48/><U121/><E121/><V58/><F58/><W111/><G111/><T75/><D75/><U35/><E35/><V29/><REACH who="2" step="1"/><F129/><REACH who="2" ten="220,332,223,205" step="2"/><W26/><G70/><T3/><D3/><U53/><E57/><V67/><F67/><W134/><G66/><T89/><D108/><U77/><E77/><V105/><F105/><N who="3" m="63671" /><G134/><T4/><D4/><U47/><E56/><V135/><F135/><W37/><G26/><T68/><D68/><U82/><E82/><V50/><F50/><W71/><G51/><T55/><D76/><U16/><E49/><V127/><F127/><RYUUKYOKU ba="3,2" sc="220,-10,332,-10,223,30,205,-10" hai2="23,24,29,36,42,46,72,78,80,90,92,104,106" /><INIT seed="2,4,2,3,2,75" ten="210,322,253,195" oya="2" hai0="134,70,52,40,128,13,22,97,27,63,61,74,113" hai1="33,36,82,0,54,32,99,108,89,123,57,72,104" hai2="59,119,76,127,47,58,37,8,105,87,48,110,96" hai3="122,50,11,117,29,53,64,2,71,16,131,25,77"/><V85/><F119/><W3/><G122/><T10/><D113/><U84/><E36/><V69/><F69/><W17/><G117/><T21/><D74/><U44/><E0/><V120/><F120/><W94/><G131/><T42/><D128/><U73/><E123/><V88/><F37/><W67/><G77/><T30/><D134/><U95/><E44/><V86/><F127/><W39/><G39/><T28/><D70/><U100/><E108/><V15/><F110/><W79/><G79/><T7/><D97/><U107/><E72/><V133/><F105/><W62/><G67/><T101/><D101/><U130/><E130/><V23/><F23/><W116/><G116/><T38/><D38/><U81/><E81/><N who="2" m="47271" /><F96/><W6/><G2/><T4/><D4/><U41/><E41/><N who="0" m="15977" /><D52/><U118/><E118/><V106/><F86/><W45/><REACH who="3" step="1"/><G94/><REACH who="3" ten="210,322,253,185" step="2"/><T112/><D112/><U68/><E107/><V31/><F106/><W121/><G121/><T12/><D30/><U109/><E109/><V102/><F31/><W124/><G124/><T55/><D55/><U114/><E104/><V14/><F133/><W83/><G83/><T115/><D115/><U51/><E114/><V126/><F126/><W60/><G60/><T66/><D66/><U20/><E82/><N who="2" m="49271" /><F102/><W9/><G9/><T18/><AGARI ba="4,3" hai="7,10,12,13,18,21,22,27,28,61,63" m="15977" machi="18" ten="30,1100,0" yaku="8,1" doraHai="75" who="0" fromWho="0" sc="210,53,322,-7,253,-9,185,-7" /><INIT seed="3,0,0,5,2,4" ten="263,315,244,178" oya="3" hai0="118,48,75,45,88,27,127,100,102,79,25,26,10" hai1="39,38,104,113,51,44,73,125,119,19,122,84,42" hai2="116,87,50,40,131,43,8,65,91,47,96,82,58" hai3="60,46,55,93,109,134,106,103,108,101,28,128,30"/><W62/><G106/><T54/><D118/><U3/><E73/><V107/><F116/><W69/><G128/><T129/><D129/><U94/><E113/><V17/><F131/><W41/><G134/><T115/><D127/><U133/><E122/><V70/><F70/><W83/><G83/><T105/><D105/><U53/><E119/><V117/><F117/><W80/><G80/><T49/><D75/><U16/><E104/><V29/><F29/><N who="3" m="11371" /><G69/><T99/><D79/><U77/><E3/><V11/><F107/><W13/><G13/><T63/><D63/><N who="3" m="24105" /><G55/><N who="0" m="30095" /><D115/><U135/><E125/><V35/><F35/><W23/><G23/><T59/><D10/><N who="2" m="3626" /><F17/><W64/><G64/><T33/><D33/><U132/><E38/><V18/><F18/><W130/><G130/><T120/><D120/><U31/><E31/><V123/><F123/><W121/><G121/><T92/><AGARI ba="0,0" hai="25,26,27,49,54,59,88,92,99,100,102" m="30095" machi="92" ten="30,2000,0" yaku="8,1,54,1" doraHai="4" who="0" fromWho="0" sc="263,20,315,-5,244,-5,178,-10" owari="283,8.3,310,41.0,239,-16.1,168,-33.2" /></mjloggm>