<mjloggm ver="2.3"><GO type="225" lobby="0"/><UN n0="%E3%82%BF%E3%83%BC%E3%83%90%E3%83%B3%E9%87%8E%E5%8F%A3" n1="%E7%B4%94%E6%BD%94%E3%83%94%E3%83%A9%E3%83%8B%E3%82%A2" n2="%6B%69%72%61%64%6F%6B%69" n3="%E3%82%82%E3%82%93%E3%81%8D%E3%82%93%E3%81%90" dan="16,16,16,16" rate="2140.26,2159.69,2072.31,2077.50" sx="M,M,M,M"/><TAIKYOKU oya="0"/><INIT seed="0,0,0,0,3,113" ten="250,250,250,250" oya="0" hai0="35,73,32,20,52,2,47,39,112,115,127,79,50" hai1="31,80,130,56,0,57,44,33,7,42,17,106,14" hai2="123,87,54,103,46,110,101,41,48,119,71,11,1" hai3="36,125,3,93,69,16,67,49,128,104,97,107,5"/><T58/><D2/><U18/><E106/><V98/><F123/><W84/><G36/><T133/><D127/><U22/><E130/><V96/><F71/><W12/><G84/><T15/><D133/><U88/><E17/><V60/><F110/><W25/><G25/><T51/><D112/><U26/><E80/><V116/><F1/><W28/><G28/><T43/><D115/><U126/><E126/><V108/><F108/><W82/><G82/><T102/><D102/><N who="2" m="38922" /><F11/><W118/><G5/><T6/><D39/><U40/><E40/><V4/><F4/><W75/><G75/><T89/><D89/><U91/><E56/><N who="2" m="34839" /><F87/><W86/><G86/><T85/><D73/><U78/><E57/><V74/><F74/><W23/><G3/><T72/><D72/><U111/><E78/><V77/><F77/><W99/><G125/><T105/><D105/><U124/><E111/><V117/><AGARI ba="0,0" hai="41,46,48,96,98,116,117,119" m="34839,38922" machi="117" ten="40,8000,1" yaku="12,1,52,3" doraHai="113" who="2" fromWho="2" sc="250,-40,250,-20,250,80,250,-20" /><INIT seed="1,0,0,3,2,60" ten="210,230,330,230" oya="1" hai0="82,62,36,43,30,135,72,70,132,27,38,35,100" hai1="114,61,34,31,41,107,17,94,47,39,24,51,55" hai2="85,20,65,93,108,9,126,32,0,120,2,129,58" hai3="131,73,1,95,106,64,84,53,5,130,16,21,42"/><U121/><E114/><V11/><F32/><W69/><G73/><T59/><D100/><U91/><E107/><V83/><F120/><W45/><G106/><T50/><D50/><U40/><E121/><V119/><F119/><W3/><G53/><T66/><D59/><U79/><E79/><V89/><F108/><W113/><G113/><T124/><D124/><U8/><E61/><N who="2" m="38071" /><F0/><W97/><G84/><T67/><D67/><U133/><E133/><N who="0" m="51273" /><D43/><U116/><E116/><V25/><F2/><W128/><G64/><T74/><D82/><U102/><E102/><V80/><F129/><W71/><G69/><T19/><D19/><U101/><E101/><V10/><F126/><W76/><G76/><T134/><N who="0" m="51281" /><T54/><DORA hai="78" /><D54/><U37/><E41/><V46/><F46/><W111/><G71/><T75/><AGARI ba="0,0" hai="27,30,35,36,38,62,66,70,72,74,75" m="51281" machi="75" ten="50,6400,0" yaku="20,1,23,1,52,1" doraHai="60,78" who="0" fromWho="0" sc="210,64,230,-32,330,-16,230,-16" /><INIT seed="2,0,0,0,2,131" ten="274,198,314,214" oya="2" hai0="110,98,34,18,130,3,11,93,89,73,103,87,0" hai1="128,25,79,63,119,47,129,72,126,39,43,100,122" hai2="45,57,59,134,71,8,117,84,116,9,91,83,114" hai3="22,112,23,135,96,76,32,35,28,10,1,12,115"/><V54/><F71/><W38/><G38/><T19/><D34/><N who="3" m="12841" /><G76/><T53/><D73/><U7/><E119/><V15/><F114/><N who="3" m="43563" /><G96/><T107/><D130/><N who="1" m="50283" /><E25/><V81/><F81/><W121/><G121/><T4/><D110/><U48/><E122/><V92/><F116/><W111/><G1/><T133/><D133/><U109/><E109/><V36/><F117/><W26/><G111/><T69/><D69/><U82/><E7/><V95/><F134/><W106/><G106/><T20/><D53/><U16/><E100/><V64/><F64/><W33/><G135/><T49/><D49/><U124/><E48/><N who="2" m="28943" /><F36/><W77/><G77/><T85/><D85/><U125/><E63/><V74/><F74/><W132/><G132/><T102/><D102/><U2/><E16/><AGARI ba="0,0" hai="10,12,16,22,23,26,28,33" m="43563,12841" machi="16" ten="30,7700,0" yaku="11,1,34,2,54,1" doraHai="131" who="3" fromWho="1" sc="274,0,198,-77,314,0,214,77" /><INIT seed="3,0,0,1,1,120" ten="274,121,314,291" oya="3" hai0="23,80,111,102,49,44,36,134,78,3,31,11,69" hai1="5,129,83,55,14,7,126,0,27,109,61,57,67" hai2="16,131,58,94,10,68,86,65,6,90,9,125,26" hai3="124,92,28,30,17,18,12,127,24,100,98,56,88"/><W20/><G56/><T73/><D69/><U84/><E0/><V93/><F68/><W105/><G28/><T59/><D102/><U22/><E126/><N who="3" m="48170" /><G12/><T116/><D116/><U60/><E129/><V104/><F125/><W77/><G77/><T41/><D134/><U97/><E109/><V82/><F104/><W21/><G21/><T64/><D31/><U40/><E40/><V8/><F131/><W15/><G15/><T132/><D23/><U71/><E14/><V29/><F6/><W50/><G50/><T118/><D118/><U52/><E55/><V33/><REACH who="2" step="1"/><F16/><REACH who="2" ten="274,121,304,291" step="2"/><N who="3" m="6251" /><G105/><T114/><D132/><U46/><E46/><V130/><F130/><W25/><G25/><T43/><D114/><U79/><REACH who="1" step="1"/><E97/><REACH who="1" ten="274,111,304,291" step="2"/><V4/><F4/><W96/><G98/><T103/><D41/><U123/><E123/><V35/><F35/><W34/><G34/><T106/><D43/><U37/><E37/><V2/><F2/><W81/><G96/><T63/><D36/><U76/><E76/><V1/><F1/><W54/><G24/><T110/><D3/><U45/><E45/><V115/><F115/><W107/><G107/><T135/><D135/><U133/><E133/><V48/><F48/><W13/><G13/><T75/><D106/><U32/><E32/><V42/><F42/><W19/><G54/><T87/><D110/><U121/><E121/><V38/><F38/><W91/><G100/><T47/><D103/><U108/><E108/><V62/><AGARI ba="0,2" hai="8,9,10,26,29,33,58,62,65,82,86,90,93,94" machi="62" ten="30,2000,0" yaku="1,1,0,1,53,0" doraHai="120" doraHaiUra="112" who="2" fromWho="2" sc="274,-5,111,-5,304,40,291,-10" owari="269,-13.1,106,-39.4,344,44.4,281,8.1" /></mjloggm>