<mjloggm ver="2.3"><GO type="225" lobby="0"/><UN n0="%4B%2E%32%2E%4B%2E" n1="%63%68%78%62%64" n2="%E7%AD%89%E3%80%85%E5%8A%9B%E5%8A%87%E5%A0%B4" n3="%E3%81%86%E3%83%BC%E3%81%B1%E3%83%BC" dan="17,16,16,17" rate="2175.48,2093.83,2049.53,2157.49" sx="M,M,M,M"/><TAIKYOKU oya="0"/><INIT seed="0,0,0,3,1,29" ten="250,250,250,250" oya="0" hai0="135,76,49,8,132,21,70,52,46,33,39,116,58" hai1="9,102,134,93,104,103,128,100,133,53,125,31,75" hai2="72,59,40,14,124,91,113,129,1,0,82,34,98" hai3="22,74,79,101,111,61,112,94,50,6,23,54,105"/><T86/><D116/><U24/><E104/><V85/><F113/><W15/><G105/><T56/><D70/><U69/><E75/><V43/><F129/><W130/><G112/><T97/><D21/><U13/><E128/><V51/><F124/><W107/><G107/><T35/><D97/><U66/><E125/><V96/><F72/><W84/><G61/><T57/><D8/><U28/><E93/><V45/><F34/><W19/><G6/><T122/><D39/><U120/><E120/><V25/><F43/><W37/><G37/><T10/><D10/><U73/><E73/><V80/><F80/><N who="3" m="47135" /><G74/><T63/><D63/><U20/><E53/><V67/><F0/><W62/><G111/><T109/><D122/><U30/><E66/><V38/><F1/><W92/><G62/><T48/><D48/><U126/><E69/><V27/><F38/><W71/><G71/><T95/><D109/><U119/><E126/><V26/><F14/><N who="3" m="9591" /><G101/><T2/><D2/><U64/><E119/><V12/><F12/><W131/><G131/><T110/><D110/><U17/><REACH who="1" step="1"/><E64/><REACH who="1" ten="250,240,250,250" step="2"/><V121/><F121/><W115/><G115/><T114/><D114/><U16/><AGARI ba="0,1" hai="9,13,16,17,20,24,28,30,31,100,102,103,133,134" machi="16" ten="40,8000,1" yaku="1,1,2,1,0,1,54,1,53,0" doraHai="29" doraHaiUra="88" who="1" fromWho="1" sc="250,-40,240,90,250,-20,250,-20" /><INIT seed="1,0,0,0,3,0" ten="210,330,230,230" oya="1" hai0="129,130,23,27,88,9,21,18,34,13,127,120,114" hai1="31,66,82,8,91,112,119,111,38,59,89,57,54" hai2="93,81,107,77,29,41,99,2,71,22,94,121,40" hai3="83,87,37,128,53,49,96,80,3,70,52,50,74"/><U44/><E112/><V60/><F121/><W116/><G37/><T78/><D78/><U69/><E119/><V95/><F2/><W33/><G33/><T43/><D43/><U132/><E111/><V15/><F107/><W47/><G128/><N who="0" m="49259" /><D88/><U109/><E109/><V73/><F99/><W19/><G116/><T106/><D106/><U32/><E132/><V72/><F72/><W103/><G74/><T134/><D114/><U85/><E31/><V55/><F71/><W76/><G80/><T79/><D79/><U61/><E32/><V75/><F75/><W24/><G70/><T28/><D134/><U48/><E8/><V63/><F73/><W51/><G3/><T1/><D120/><U115/><E115/><V42/><F77/><W64/><G64/><T92/><D92/><U90/><E59/><V39/><F81/><W118/><G118/><T30/><D127/><U108/><REACH who="1" step="1"/><E108/><REACH who="1" ten="210,320,230,230" step="2"/><V126/><F39/><W98/><G47/><T20/><D30/><U10/><E10/><V104/><F29/><W6/><G103/><T11/><D11/><U100/><E100/><V131/><F131/><W17/><G17/><T68/><D68/><U125/><E125/><V84/><F126/><W101/><G101/><T26/><D26/><U12/><E12/><V67/><F15/><W7/><G19/><T124/><D124/><U35/><E35/><V97/><F22/><W62/><G24/><T123/><D123/><U135/><E135/><V133/><F133/><W45/><G45/><T102/><D102/><U117/><E117/><V58/><F58/><N who="3" m="35143" /><G53/><T105/><D1/><RYUUKYOKU ba="0,1" sc="210,10,320,10,230,-30,230,10" hai0="9,13,18,20,21,23,27,28,34,105" hai1="38,44,48,54,57,61,66,69,82,85,89,90,91" hai3="6,7,49,50,51,76,83,87,96,98" /><INIT seed="1,1,1,2,1,109" ten="220,330,200,240" oya="1" hai0="125,78,100,13,6,15,22,17,102,44,5,99,47" hai1="52,21,12,88,110,122,53,8,69,86,60,90,130" hai2="120,63,124,76,64,43,39,83,113,28,101,105,7" hai3="133,26,18,37,54,84,14,36,96,41,3,87,123"/><U121/><E130/><V112/><F120/><W103/><G123/><T48/><D125/><U24/><E110/><V33/><F124/><W115/><G3/><T55/><D78/><U38/><E38/><V74/><F7/><W98/><G26/><T118/><D118/><U108/><E108/><V32/><F43/><W57/><G133/><T50/><D13/><U66/><E122/><V61/><F39/><W94/><G115/><N who="2" m="44105" /><F28/><W95/><G41/><T92/><REACH who="0" step="1"/><D102/><REACH who="0" ten="210,330,200,240" step="2"/><U129/><E121/><V34/><F64/><W127/><G127/><T132/><D132/><U2/><E2/><V49/><F49/><N who="3" m="30927" /><G37/><T35/><D35/><U128/><E90/><V70/><F70/><W97/><G36/><T85/><D85/><N who="3" m="32841" /><G103/><T68/><D68/><U25/><E129/><V80/><F80/><W81/><G81/><T135/><D135/><U72/><E128/><V1/><F1/><W77/><G77/><T91/><D91/><U31/><E72/><V46/><F101/><W89/><G89/><T73/><D73/><U114/><E25/><V40/><F74/><W75/><G75/><T104/><D104/><U107/><E107/><V126/><F105/><W134/><G134/><T19/><D19/><U9/><E114/><V59/><F126/><W106/><G106/><T79/><D79/><U67/><E67/><N who="2" m="39359" /><F76/><W82/><G82/><T10/><D10/><AGARI ba="1,2" hai="10,14,18,94,95,96,97,98" m="32841,30927" machi="10" ten="30,1000,0" yaku="8,1" doraHai="109" who="3" fromWho="0" sc="210,-13,330,0,200,0,240,33" /><INIT seed="2,0,0,0,4,63" ten="197,330,200,273" oya="2" hai0="45,36,51,121,93,58,74,124,32,127,15,99,76" hai1="73,89,64,134,123,106,77,50,100,28,101,117,91" hai2="37,30,83,18,14,2,46,96,11,13,119,81,108" hai3="6,68,98,115,53,61,95,33,103,52,23,71,79"/><V120/><F119/><W38/><G33/><T116/><D121/><U55/><E117/><V49/><F120/><W54/><G115/><T7/><D116/><U40/><E123/><V110/><F37/><W39/><G79/><T122/><D122/><U135/><E40/><V69/><F2/><W85/><G6/><T4/><D32/><U75/><E28/><V60/><F30/><W0/><G0/><T47/><D76/><U86/><E64/><N who="2" m="41095" /><F14/><W56/><G85/><T12/><D74/><U72/><E77/><V22/><F11/><W29/><G71/><T113/><D113/><U126/><E126/><N who="0" m="48169" /><D58/><U114/><E114/><V88/><F96/><W59/><G68/><T84/><D84/><U132/><E106/><V128/><F88/><N who="1" m="33865" /><E86/><V8/><F22/><W125/><G125/><T105/><D105/><U44/><AGARI ba="0,0" hai="44,50,55,72,73,75,100,101,132,134,135" m="33865" machi="44" ten="40,2700,0" yaku="20,1,54,1" doraHai="63" who="1" fromWho="1" sc="197,-7,330,27,200,-13,273,-7" /><INIT seed="3,0,0,5,0,38" ten="190,357,187,266" oya="3" hai0="56,63,118,129,104,7,43,33,74,86,131,114,40" hai1="20,94,77,61,107,0,67,37,22,108,64,109,30" hai2="29,134,10,5,87,47,88,105,90,36,126,23,69" hai3="55,34,59,14,122,60,102,111,58,83,65,99,98"/><W15/><G122/><T62/><D118/><U117/><E107/><V72/><F72/><W127/><G34/><T71/><D74/><U57/><E0/><V52/><F69/><W120/><G120/><T68/><D104/><U92/><E117/><V45/><F105/><W50/><G127/><T28/><D114/><U44/><E77/><V48/><F134/><W24/><G111/><N who="1" m="42570" /><E67/><V79/><F126/><W76/><G24/><N who="0" m="18567" /><D86/><U133/><E133/><V132/><F132/><W51/><G51/><T112/><D7/><U124/><E124/><V115/><F115/><W101/><G83/><T54/><D112/><U78/><E78/><V121/><F121/><W41/><G76/><T91/><D91/><U4/><E4/><V3/><F79/><W106/><G99/><T103/><D103/><U93/><E30/><V46/><F36/><W21/><G101/><T95/><D95/><U49/><E37/><V84/><F87/><W82/><G82/><T123/><D123/><U70/><E70/><N who="0" m="26665" /><D63/><U26/><E26/><V125/><F125/><W66/><G66/><T17/><D17/><U9/><E9/><V12/><F90/><W89/><G89/><T97/><D97/><U42/><AGARI ba="0,0" hai="20,22,42,44,49,57,61,64,92,93,94" m="42570" machi="42" ten="30,2000,0" yaku="14,1,52,1" doraHai="38" who="1" fromWho="1" sc="190,-5,357,20,187,-5,266,-10" owari="185,-21.5,377,47.7,182,-31.8,256,5.6" /></mjloggm>