<mjloggm ver="2.3"><GO type="225" lobby="0"/><UN n0="%68%6F%72%69%30%39%30%31" n1="%E3%81%8B%E3%82%8F%E3%81%A1%E3%82%83%E3%82%93%35%38" n2="%E7%AD%89%E3%80%85%E5%8A%9B%E5%8A%87%E5%A0%B4" n3="%E8%81%B7%E6%A5%AD%E3%80%81%E9%A2%A8%32" dan="16,16,17,16" rate="2048.14,2138.98,2138.77,2131.27" sx="M,M,M,M"/><TAIKYOKU oya="0"/><INIT seed="0,0,0,4,1,53" ten="250,250,250,250" oya="0" hai0="131,79,88,4,105,68,122,56,104,86,5,34,13" hai1="17,107,26,0,78,96,41,7,14,11,10,38,42" hai2="16,55,111,36,19,39,57,101,8,132,106,61,51" hai3="112,90,135,120,71,64,125,124,40,89,24,3,85"/><T97/><D68/><U76/><E26/><V1/><F111/><W48/><G112/><T12/><D122/><U91/><E91/><V54/><F132/><W72/><G72/><T108/><D34/><U113/><E113/><V58/><F106/><W123/><G3/><T130/><D108/><U92/><E38/><V81/><F101/><W75/><G75/><T115/><D115/><U32/><E32/><V44/><F81/><W70/><G24/><T2/><D2/><U47/><E107/><N who="0" m="41033" /><D79/><U30/><E30/><V65/><F36/><W103/><G103/><T82/><D97/><U134/><E134/><V15/><F39/><W117/><G90/><T31/><D31/><U109/><E109/><V18/><F1/><W25/><G25/><T49/><D5/><U118/><E118/><V52/><F65/><W93/><G117/><T99/><D99/><U60/><E60/><AGARI ba="0,0" hai="8,15,16,18,19,44,51,52,54,55,57,58,60,61" machi="60" ten="30,12000,2" yaku="7,1,9,1,8,1,52,2,54,2" doraHai="53" who="2" fromWho="1" sc="250,0,250,-120,250,120,250,0" /><INIT seed="1,0,0,2,5,11" ten="250,130,370,250" oya="1" hai0="116,87,98,30,119,104,21,88,44,105,33,46,70" hai1="5,78,27,68,92,69,124,103,127,51,96,125,112" hai2="94,75,67,110,17,108,48,76,49,82,64,12,131" hai3="126,102,132,83,22,117,115,129,111,32,0,55,84"/><U37/><E37/><V15/><F94/><W89/><G32/><T77/><D70/><U18/><E112/><V29/><F29/><W57/><G0/><T38/><D33/><U60/><E5/><V13/><F17/><W7/><G7/><T79/><D30/><U122/><E122/><V100/><F100/><W61/><G117/><T72/><D21/><N who="1" m="13751" /><E78/><V45/><F131/><W81/><G129/><T59/><D59/><U52/><E60/><V65/><REACH who="2" step="1"/><F49/><REACH who="2" ten="250,130,360,250" step="2"/><W134/><G102/><T35/><D104/><U113/><E113/><V135/><F135/><W63/><G132/><T26/><D105/><U20/><E20/><V50/><F50/><W40/><G22/><T6/><D38/><U42/><E42/><AGARI ba="0,1" hai="12,13,15,42,45,48,64,65,67,75,76,82,108,110" machi="42" ten="40,8000,1" yaku="1,1,52,3,53,1" doraHai="11" doraHaiUra="43" who="2" fromWho="1" sc="250,0,130,-80,360,90,250,0" /><INIT seed="2,0,0,0,2,15" ten="250,50,450,250" oya="2" hai0="87,20,11,97,41,54,118,35,111,77,30,0,112" hai1="117,110,21,55,74,1,63,25,68,102,60,124,104" hai2="24,59,67,100,64,89,122,126,5,121,58,113,70" hai3="3,26,29,18,123,128,85,135,34,38,27,16,86"/><V109/><F100/><W61/><G123/><T133/><D112/><U12/><E1/><V134/><F5/><W7/><G38/><T36/><D97/><U66/><E117/><V49/><F89/><W105/><G105/><T90/><D54/><U23/><E74/><V50/><F24/><W9/><G128/><T80/><D77/><U2/><E2/><V56/><F113/><W43/><G43/><T108/><D118/><U119/><E119/><V52/><F134/><W33/><G135/><T130/><D130/><U95/><E110/><N who="0" m="42025" /><D133/><U84/><E124/><V125/><F109/><W93/><G61/><T127/><D127/><N who="2" m="48650" /><F49/><W78/><G78/><T132/><D30/><U99/><E25/><V106/><F106/><W40/><G40/><T8/><D35/><U48/><E48/><V10/><F10/><W107/><G107/><T32/><D11/><U83/><E104/><V31/><F31/><W91/><G86/><T28/><D32/><U4/><E84/><V62/><F67/><W14/><G3/><T46/><D0/><U98/><E98/><V17/><F17/><W42/><G42/><T72/><D132/><U88/><E99/><V103/><F103/><W129/><G129/><T44/><D72/><U94/><E102/><V76/><F76/><W115/><G115/><T51/><D8/><N who="1" m="4103" /><E21/><V82/><F82/><W37/><G37/><N who="0" m="21551" /><D20/><U65/><E23/><V92/><F92/><N who="1" m="35369" /><E66/><V57/><AGARI ba="0,0" hai="50,52,56,57,58,59,62,64,70,121,122" m="48650" machi="57" ten="30,11700,0" yaku="18,1,34,2,54,1" doraHai="15" who="2" fromWho="2" sc="250,-39,50,-39,450,117,250,-39" /><INIT seed="2,1,0,3,1,74" ten="211,11,567,211" oya="2" hai0="128,5,131,4,72,57,47,105,90,6,45,53,96" hai1="19,16,51,29,44,41,84,126,48,63,18,93,60" hai2="132,28,62,32,109,40,91,7,49,64,112,118,52" hai3="95,0,98,59,114,92,9,71,133,35,1,107,39"/><V11/><F112/><W33/><G71/><T135/><D72/><U110/><E110/><V82/><F118/><W94/><G39/><T30/><D135/><U115/><E126/><V38/><F132/><W88/><G133/><T76/><D76/><U101/><E115/><V22/><F109/><W31/><G31/><T119/><D30/><U125/><E125/><V120/><F120/><W108/><G108/><T122/><D122/><U15/><E29/><V117/><F117/><W99/><G114/><T123/><D123/><U10/><E51/><V37/><F32/><W116/><G116/><T97/><D119/><U25/><E84/><V13/><F40/><W78/><G78/><T42/><D90/><U113/><E113/><V55/><F37/><W26/><G26/><T100/><D96/><N who="1" m="59535" /><E25/><N who="2" m="16439" /><F38/><W68/><G68/><T24/><D24/><U87/><E87/><N who="2" m="50679" /><F49/><W85/><G33/><T77/><D77/><U121/><E121/><V8/><F11/><W36/><G36/><T79/><D79/><U80/><E80/><V89/><F89/><N who="3" m="55567" /><G35/><T83/><D83/><U75/><E75/><V73/><F73/><W21/><G107/><T34/><D34/><U50/><E50/><V70/><F70/><W61/><G1/><T23/><D42/><U27/><E27/><V130/><F130/><N who="0" m="49706" /><D23/><U65/><E63/><AGARI ba="1,0" hai="4,5,6,45,47,53,57,63,97,100,105" m="49706" machi="63" ten="30,1000,0" yaku="19,1" doraHai="74" who="0" fromWho="1" sc="211,13,11,-13,567,0,211,0" owari="224,2.4,-2,-50.2,567,66.7,211,-18.9" /></mjloggm>