<mjloggm ver="2.3"><GO type="225" lobby="0"/><UN n0="%E3%82%BC%E3%83%AB%E3%83%80%E3%81%AE%E4%BC%9D%E8%AA%AC" n1="%E7%99%BD%E6%97%A5%E9%9B%AA%E8%8F%9C" n2="%72%61%6B%33" n3="%33%74%72%65%65" dan="17,16,16,16" rate="2152.95,2188.97,2149.00,2092.96" sx="M,M,M,F"/><TAIKYOKU oya="0"/><INIT seed="0,0,0,0,3,75" ten="250,250,250,250" oya="0" hai0="18,41,33,46,60,63,106,85,40,16,96,56,98" hai1="30,9,19,128,24,3,57,80,58,88,2,21,15" hai2="76,123,50,125,17,124,59,54,13,131,68,118,38" hai3="104,0,115,119,92,7,79,55,102,49,108,74,91"/><T95/><D33/><U22/><E128/><V64/><F123/><W77/><G108/><T48/><D40/><U107/><E107/><V86/><F131/><W84/><G115/><T36/><D36/><U103/><E103/><V32/><F32/><W4/><G119/><T67/><D106/><U20/><E2/><V27/><F27/><W37/><G37/><T133/><D133/><U39/><E3/><V1/><F1/><W122/><G122/><T42/><D42/><U114/><E39/><V69/><F38/><W120/><G120/><T25/><D60/><U34/><REACH who="1" step="1"/><E114/><REACH who="1" ten="250,240,250,250" step="2"/><V14/><F118/><W5/><G0/><T43/><D43/><U83/><E83/><V12/><F125/><W101/><G104/><T129/><D129/><U110/><E110/><V62/><F124/><W61/><G102/><T35/><D35/><U112/><E112/><V134/><F134/><W6/><G101/><T135/><D135/><U29/><E29/><V116/><F116/><W93/><G93/><T45/><D45/><U97/><E97/><V8/><F69/><W31/><G31/><T100/><D98/><U73/><E73/><V126/><F126/><W87/><G74/><T121/><D121/><U127/><E127/><V44/><F68/><W99/><N who="3" m="1024" /><DORA hai="51" /><W66/><G99/><T53/><D41/><U109/><E109/><V28/><F28/><W94/><G94/><T71/><D71/><U81/><E81/><AGARI ba="0,1" hai="8,12,13,14,17,44,50,54,59,62,64,76,81,86" machi="81" ten="40,5200,0" yaku="8,1,52,2" doraHai="75,51" who="2" fromWho="1" sc="250,0,240,-52,250,62,250,0" /><INIT seed="1,0,0,5,4,19" ten="250,188,312,250" oya="1" hai0="45,42,116,38,16,87,69,32,4,130,93,103,30" hai1="2,0,1,126,78,15,85,67,79,48,65,37,117" hai2="101,62,24,53,25,6,7,107,34,102,115,128,129" hai3="72,76,81,55,98,90,96,80,127,108,43,50,64"/><U70/><E37/><V63/><F53/><W13/><G108/><T106/><D116/><U29/><E117/><V75/><F75/><W20/><G127/><T5/><D130/><U95/><E126/><V35/><F107/><W44/><G64/><T39/><D39/><U114/><E114/><AGARI ba="0,0" hai="6,7,24,25,34,35,62,63,101,102,114,115,128,129" machi="114" ten="25,1600,0" yaku="22,2" doraHai="19" who="2" fromWho="1" sc="250,0,188,-16,312,16,250,0" /><INIT seed="2,0,0,4,5,100" ten="250,172,328,250" oya="2" hai0="11,35,94,99,116,13,108,72,86,133,110,98,9" hai1="81,132,40,26,130,38,124,18,15,97,134,92,127" hai2="125,75,102,36,57,32,22,104,37,29,27,24,39" hai3="53,34,2,14,107,79,21,16,7,109,66,28,10"/><V112/><F112/><W50/><G109/><N who="0" m="42091" /><D133/><N who="1" m="51307" /><E40/><V77/><F125/><N who="1" m="48201" /><E38/><V17/><F57/><W52/><G66/><T62/><D72/><U46/><E46/><V41/><F75/><W69/><G69/><T6/><D35/><U47/><E47/><V84/><F77/><W0/><G0/><T114/><D116/><U71/><E71/><V48/><F84/><W90/><G79/><T101/><D114/><U126/><N who="1" m="48209" /><U12/><DORA hai="42" /><E81/><V54/><F41/><W63/><G63/><T59/><D11/><U120/><E120/><V55/><F48/><W117/><G117/><T115/><D115/><U56/><E56/><V8/><F8/><W118/><G118/><T65/><D86/><U76/><E76/><V73/><F73/><W31/><G50/><T93/><D99/><U78/><E78/><V30/><F39/><W111/><G111/><T33/><D33/><U88/><E130/><V91/><F37/><W5/><G34/><T82/><D82/><U131/><E131/><V23/><F32/><W43/><G43/><T19/><D94/><U20/><AGARI ba="0,0" hai="12,15,18,20,26,88,92,97" m="48209,51307" machi="20" ten="50,6400,0" yaku="20,1,18,1,54,1" doraHai="100,42" who="1" fromWho="1" sc="250,-16,172,64,328,-32,250,-16" /><INIT seed="3,0,0,3,0,70" ten="234,236,296,234" oya="3" hai0="120,1,54,12,86,25,103,82,52,43,35,60,29" hai1="45,85,16,11,81,66,106,15,94,89,119,130,47" hai2="78,105,63,122,97,61,48,110,132,100,118,91,107" hai3="38,21,73,40,56,71,51,109,98,31,19,101,84"/><W58/><G73/><T123/><D1/><U9/><E106/><V127/><F118/><W77/><G71/><T55/><D103/><U30/><E119/><V34/><F34/><W67/><G31/><T0/><D0/><U92/><E130/><V24/><F107/><W27/><G109/><T26/><D26/><U108/><E108/><V57/><F110/><W114/><G114/><T104/><D104/><U44/><E30/><V113/><F113/><W83/><G38/><T121/><D12/><N who="1" m="7183" /><E66/><V68/><F68/><W134/><G134/><T59/><REACH who="0" step="1"/><D43/><REACH who="0" ten="224,236,296,234" step="2"/><U36/><E36/><V99/><F105/><W88/><G101/><T49/><D49/><U14/><E14/><V96/><F48/><W23/><G40/><T20/><D20/><U33/><E33/><V5/><F24/><W75/><G21/><T87/><D87/><U22/><E22/><V4/><F100/><W131/><G51/><T128/><D128/><U133/><E133/><V111/><F132/><W7/><G131/><T102/><D102/><U112/><E112/><V13/><F13/><W64/><G98/><T10/><D10/><U3/><E3/><V79/><F99/><W46/><G46/><T93/><D93/><U76/><E94/><V135/><F135/><W62/><G7/><T117/><D117/><U90/><E92/><V37/><F37/><W126/><G126/><T116/><D116/><U95/><E95/><V124/><F111/><W18/><G18/><AGARI ba="0,1" hai="11,15,18,44,45,47,76,81,85,89,90" m="7183" machi="18" ten="30,2000,0" yaku="8,1,54,1" doraHai="70" who="1" fromWho="3" sc="224,0,236,30,296,0,234,-20" /><INIT seed="4,0,0,4,2,104" ten="224,266,296,214" oya="0" hai0="113,70,25,93,56,54,28,74,87,125,36,83,86" hai1="37,127,67,33,15,22,1,58,45,77,34,24,115" hai2="109,76,80,118,13,92,114,107,134,17,116,27,14" hai3="11,5,41,16,117,124,89,68,133,100,12,9,48"/><T43/><D70/><U44/><E1/><V50/><F107/><W55/><G117/><N who="2" m="45161" /><F109/><W103/><G68/><T49/><D125/><U71/><E127/><V132/><F114/><W26/><G124/><T81/><D113/><U18/><E71/><V94/><F27/><W108/><G108/><T96/><D36/><U82/><E115/><V101/><F50/><W63/><G133/><N who="2" m="51305" /><F101/><N who="3" m="38987" /><G41/><T105/><D43/><U122/><E122/><V128/><F128/><W102/><N who="3" m="38995" /><W78/><DORA hai="8" /><G78/><T111/><D105/><U23/><E37/><V99/><F99/><W2/><G2/><T61/><D49/><U79/><E79/><V85/><F13/><N who="3" m="5295" /><G63/><T65/><D111/><U51/><E34/><V35/><F35/><W106/><G106/><T98/><D98/><U119/><E33/><V7/><F7/><W20/><G89/><T123/><D123/><U39/><E39/><V60/><F60/><W21/><G26/><T73/><D96/><U57/><E119/><V10/><AGARI ba="0,0" hai="10,14,17,76,80,85,92,94" m="51305,45161" machi="10" ten="30,4000,0" yaku="12,1,20,1,52,1" doraHai="104,8" who="2" fromWho="2" sc="224,-20,266,-10,296,40,214,-10" owari="204,-19.6,256,5.6,336,43.6,204,-29.6" /></mjloggm>