<mjloggm ver="2.3"><GO type="225" lobby="0"/><UN n0="%E9%87%8E%E3%80%85%E5%AE%AE%E8%97%8D" n1="%E3%81%A1%E3%82%85%E3%81%86%E3%81%A9%E3%81%8F%E8%B1%A1%E3%81%95%E3%82%93" n2="%E3%82%82%E3%81%90%E3%82%89" n3="%E5%AF%82%E5%AF%9E%E3%82%AE%E3%83%8D%E3%82%B9%E3%83%93%E3%83%BC%E3%83%AB" dan="16,16,17,16" rate="2137.21,2086.02,2167.50,2161.93" sx="F,M,M,M"/><TAIKYOKU oya="0"/><INIT seed="0,0,0,3,3,120" ten="250,250,250,250" oya="0" hai0="40,35,45,19,9,85,90,103,96,73,100,38,94" hai1="7,124,46,24,31,133,33,44,130,81,116,74,58" hai2="57,112,43,132,10,65,97,4,83,11,131,0,128" hai3="92,114,48,110,32,60,28,126,69,23,66,127,30"/><T12/><D35/><U121/><E121/><V135/><F112/><W99/><G114/><T108/><D73/><U47/><E116/><V67/><F43/><W22/><G48/><T25/><D25/><U93/><E133/><N who="2" m="51275" /><F83/><W64/><G64/><T129/><D129/><N who="2" m="49738" /><F57/><W62/><G62/><T70/><D70/><U29/><E130/><V14/><F97/><W1/><G1/><T109/><REACH who="0" step="1"/><D103/><REACH who="0" ten="240,250,250,250" step="2"/><U113/><E74/><V78/><F78/><W79/><G79/><T6/><D6/><AGARI ba="0,1" hai="0,4,6,10,11,14,65,67" m="49738,51275" machi="6" ten="30,2000,0" yaku="20,1,19,1" doraHai="120" who="2" fromWho="0" sc="240,-20,250,0,250,30,250,0" /><INIT seed="1,0,0,2,0,32" ten="220,250,280,250" oya="1" hai0="41,79,75,53,6,132,29,51,85,65,72,15,46" hai1="96,116,113,90,112,7,106,125,127,110,60,13,59" hai2="104,92,9,54,37,57,77,83,56,135,119,50,117" hai3="12,36,27,62,124,28,5,4,1,43,2,80,126"/><U47/><E116/><V122/><F104/><W103/><G103/><T93/><D132/><U49/><E13/><V16/><F122/><W26/><G62/><T121/><D121/><U22/><E22/><V76/><F37/><W11/><G80/><N who="0" m="47263" /><D65/><N who="1" m="39071" /><E7/><N who="3" m="2634" /><G43/><T58/><D29/><U74/><E90/><V45/><F135/><W67/><G67/><T19/><D93/><U68/><E74/><V31/><F119/><W88/><G88/><T69/><D69/><U48/><E96/><V94/><F117/><W24/><G36/><T8/><D19/><U134/><E106/><V98/><F83/><W99/><G99/><T34/><D34/><U17/><E17/><V63/><F92/><W84/><G84/><T107/><D107/><U18/><E18/><V105/><F105/><W82/><G82/><T97/><D97/><U30/><E30/><V0/><F94/><W87/><G87/><T42/><D42/><N who="1" m="24695" /><E134/><V109/><F77/><W52/><G28/><T61/><AGARI ba="0,0" hai="6,8,15,41,46,51,53,58,61,72,75" m="47263" machi="61" ten="30,1100,0" yaku="25,1" doraHai="32" who="0" fromWho="0" sc="220,11,250,-5,280,-3,250,-3" /><INIT seed="2,0,0,3,1,90" ten="231,245,277,247" oya="2" hai0="97,81,49,131,34,82,51,65,72,1,105,112,9" hai1="31,108,25,64,21,98,111,86,18,6,46,107,135" hai2="96,60,15,56,71,116,123,113,77,87,61,74,133" hai3="47,17,73,128,42,44,69,41,118,91,52,70,12"/><V8/><F123/><W94/><G73/><T27/><D112/><U48/><E6/><V103/><F113/><W57/><G118/><T95/><D105/><U50/><E64/><V37/><F116/><W5/><G5/><T119/><D119/><U125/><E125/><V75/><F37/><W120/><G128/><T19/><D65/><U129/><E129/><V130/><F130/><W132/><G132/><T63/><D63/><U89/><E135/><V4/><F133/><W36/><G120/><T20/><D34/><U76/><E76/><V102/><F71/><W58/><G70/><T24/><D24/><U39/><E31/><V101/><F61/><W30/><G30/><N who="0" m="17767" /><D1/><U28/><E28/><V55/><F87/><W16/><G69/><T29/><D29/><U114/><E114/><V85/><F85/><W67/><G67/><T59/><D72/><U110/><E98/><V126/><F126/><W99/><G12/><N who="0" m="7567" /><D131/><U84/><E107/><V127/><F127/><W38/><G58/><T62/><D62/><AGARI ba="0,0" hai="16,17,36,38,41,42,44,47,52,57,62,91,94,99" machi="62" ten="30,8000,1" yaku="7,1,9,1,52,1,54,2" doraHai="90" who="3" fromWho="0" sc="231,-80,245,0,277,0,247,80" /><INIT seed="3,0,0,5,4,55" ten="151,245,277,327" oya="3" hai0="21,93,53,121,65,12,45,2,88,4,91,25,108" hai1="44,100,104,113,116,62,34,5,64,89,40,43,130" hai2="47,38,48,98,81,3,31,101,52,122,133,83,41" hai3="13,75,125,135,119,67,26,111,1,73,112,80,30"/><W10/><G112/><T22/><D121/><U35/><E113/><V63/><F3/><W42/><G1/><T37/><D108/><U54/><E116/><V134/><F31/><W114/><G114/><T15/><D2/><U106/><E130/><V68/><F122/><W103/><G103/><T36/><D36/><U129/><E129/><V18/><F18/><W23/><G119/><T20/><D37/><U95/><E54/><V61/><F83/><W120/><G42/><T115/><D115/><U46/><E5/><V127/><F81/><W74/><G120/><T9/><D65/><U0/><E0/><V126/><F98/><W77/><G125/><N who="2" m="47625" /><F101/><W84/><G67/><T7/><D25/><U14/><E14/><V11/><F11/><W90/><G111/><T6/><D9/><U50/><E34/><V124/><N who="2" m="47633" /><V110/><DORA hai="82" /><F110/><W56/><G77/><T49/><REACH who="0" step="1"/><D91/><REACH who="0" ten="141,245,277,327" step="2"/><U86/><E35/><V128/><F128/><W51/><G10/><T17/><D17/><U96/><E64/><N who="2" m="40975" /><F38/><W70/><G13/><T92/><D92/><U8/><E8/><V105/><F105/><W102/><G90/><T123/><D123/><U118/><E118/><V76/><F76/><W57/><G26/><T59/><D59/><AGARI ba="0,1" hai="41,47,48,52,59,63,133,134" m="40975,47633" machi="59" ten="40,8000,1" yaku="18,1,34,2,52,1,54,1" doraHai="55,82" who="2" fromWho="0" sc="141,-80,245,0,277,90,327,0" owari="61,-43.9,245,-15.5,367,46.7,327,12.7" /></mjloggm>