<mjloggm ver="2.3"><GO type="225" lobby="0"/><UN n0="%E5%A4%96%E5%B7%9D%E7%AB%9C%E6%88%90" n1="%E3%81%BF%E3%81%BF%E3%81%9A" n2="%E7%B4%94%E6%BD%94%E3%83%94%E3%83%A9%E3%83%8B%E3%82%A2" n3="%E3%81%86%E3%83%BC%E3%81%B1%E3%83%BC" dan="16,17,17,16" rate="2217.25,2163.12,2262.21,2145.64" sx="M,M,M,M"/><TAIKYOKU oya="0"/><INIT seed="0,0,0,3,5,130" ten="250,250,250,250" oya="0" hai0="99,13,113,117,63,37,1,28,66,82,52,134,31" hai1="56,83,40,41,33,127,135,12,71,120,11,105,42" hai2="88,110,112,23,20,67,27,94,54,73,21,103,39" hai3="133,116,90,61,96,111,36,92,68,131,126,107,9"/><T128/><D113/><U129/><E71/><V86/><F112/><W59/><G116/><T69/><D117/><U48/><E120/><V10/><F73/><W25/><G36/><T26/><D1/><U81/><E33/><V76/><F39/><W102/><G131/><T3/><D3/><U97/><E129/><V5/><F76/><W55/><G111/><T43/><D128/><U89/><E105/><V115/><F115/><W78/><G126/><T0/><D0/><U32/><E32/><V109/><F67/><W62/><G9/><T122/><D122/><U38/><E38/><V2/><F103/><W98/><G78/><T6/><D82/><U17/><E127/><V118/><F118/><W70/><G133/><T45/><D99/><U75/><E135/><V49/><REACH who="2" step="1"/><F27/><REACH who="2" ten="250,250,240,250" step="2"/><W123/><G123/><T93/><D134/><U124/><E75/><V57/><AGARI ba="0,1" hai="2,5,10,20,21,23,49,54,57,86,88,94,109,110" machi="57" ten="30,7900,0" yaku="1,1,2,1,0,1,54,1,53,0" doraHai="130" doraHaiUra="72" who="2" fromWho="2" sc="250,-39,250,-20,240,89,250,-20" /><INIT seed="1,0,0,4,2,72" ten="211,230,329,230" oya="1" hai0="13,25,130,46,18,60,74,122,117,14,94,4,102" hai1="101,17,57,12,78,45,30,24,40,73,86,59,104" hai2="27,106,43,5,91,38,42,8,88,10,103,110,124" hai3="33,7,16,11,44,108,87,15,66,54,3,85,52"/><U26/><E73/><V121/><F121/><W50/><G108/><T131/><D74/><U112/><E112/><V51/><F110/><W32/><G66/><T118/><D122/><U53/><E104/><V2/><F38/><W0/><G54/><T96/><D46/><U115/><E101/><V70/><F70/><W9/><REACH who="3" step="1"/><G0/><REACH who="3" ten="211,230,329,220" step="2"/><T123/><D123/><U93/><E115/><V105/><F2/><W113/><G113/><T129/><D118/><U39/><E53/><V134/><F43/><W23/><G23/><N who="0" m="13559" /><D117/><U89/><E78/><V20/><F42/><W119/><G119/><T125/><D125/><U90/><E90/><V1/><F88/><W81/><G81/><T62/><D4/><U56/><REACH who="1" step="1"/><E30/><REACH who="1" ten="211,220,329,220" step="2"/><V76/><F91/><W133/><G133/><T116/><D116/><U29/><E29/><V109/><F76/><W97/><G97/><T58/><D131/><U65/><E65/><V6/><F134/><W64/><G64/><T83/><D130/><U100/><E100/><V35/><F103/><W77/><G77/><T41/><D129/><U47/><E47/><V75/><F109/><W28/><G28/><T84/><D102/><U127/><E127/><V71/><F124/><W22/><G22/><AGARI ba="0,2" hai="12,17,22,24,26,39,40,45,56,57,59,86,89,93" machi="22" ten="40,2000,0" yaku="1,1,53,0" doraHai="72" doraHaiUra="79" who="1" fromWho="3" sc="211,0,220,40,329,0,220,-20" /><INIT seed="1,1,0,5,0,133" ten="211,260,329,200" oya="1" hai0="35,110,67,15,88,96,53,14,71,29,99,98,75" hai1="115,100,94,76,65,36,134,126,24,62,16,120,81" hai2="90,112,127,61,27,97,93,11,64,1,59,4,12" hai3="9,130,0,92,19,109,32,107,84,70,46,38,91"/><U124/><E115/><V79/><F79/><W10/><G70/><T83/><D75/><U77/><E36/><V57/><F112/><W104/><G32/><T128/><D128/><U121/><E134/><V131/><F131/><W17/><G130/><T47/><D110/><U87/><E76/><V54/><F27/><W33/><G33/><T39/><D67/><U78/><E78/><V23/><F127/><N who="1" m="48681" /><E16/><V30/><F30/><W52/><G109/><T51/><D71/><N who="1" m="42423" /><E24/><V37/><F37/><W41/><G17/><T34/><D39/><U63/><E63/><N who="2" m="36279" /><F1/><W125/><G19/><T21/><D35/><U25/><E25/><V105/><F105/><W56/><G125/><T129/><D34/><U45/><E45/><V22/><AGARI ba="1,0" hai="4,11,12,22,23,59,61,64,90,93,97" m="36279" machi="22" ten="30,1100,0" yaku="8,1" doraHai="133" who="2" fromWho="2" sc="211,-4,260,-6,329,14,200,-4" /><INIT seed="2,0,0,0,0,117" ten="207,254,343,196" oya="2" hai0="20,29,55,75,116,134,114,56,133,135,3,81,123" hai1="5,22,82,18,96,2,48,120,78,30,47,67,26" hai2="64,90,34,113,129,43,98,53,103,50,69,63,83" hai3="66,125,121,119,0,76,11,57,88,112,37,108,10"/><V13/><F34/><W93/><G119/><T58/><D116/><U122/><E67/><V84/><F113/><W77/><G37/><T9/><D114/><U32/><E96/><V97/><F129/><W79/><G112/><T106/><D106/><U127/><E127/><V61/><F61/><N who="3" m="38191" /><G0/><T85/><D75/><U42/><E5/><V14/><F43/><W111/><G125/><T109/><D109/><N who="3" m="42057" /><G121/><N who="1" m="46698" /><E2/><V72/><F72/><W65/><G65/><T131/><D123/><U95/><E95/><V25/><F25/><W92/><G92/><T52/><D131/><U107/><E107/><V8/><F14/><W12/><G12/><T16/><D3/><U15/><E82/><V87/><F87/><AGARI ba="0,0" hai="10,11,76,77,79,87,88,93" m="42057,38191" machi="87" ten="30,2000,0" yaku="14,1,54,1" doraHai="117" who="3" fromWho="2" sc="207,0,254,0,343,-20,196,20" /><INIT seed="3,0,0,5,3,61" ten="207,254,323,216" oya="3" hai0="87,0,118,94,123,41,4,130,98,119,95,79,84" hai1="15,58,121,76,115,88,64,18,53,9,11,2,31" hai2="12,23,55,33,75,74,67,63,102,27,128,17,114" hai3="59,68,89,34,42,112,26,46,30,80,96,97,10"/><W66/><G112/><T85/><D0/><U92/><E121/><V1/><F114/><W60/><G10/><T45/><D4/><U54/><E115/><V82/><F128/><W126/><G126/><T103/><D123/><U131/><E131/><V109/><F109/><W65/><G80/><T132/><D130/><U70/><E76/><V113/><F113/><W20/><G34/><T40/><D132/><U71/><E31/><V48/><F1/><W56/><G68/><T6/><D6/><U36/><E36/><V91/><F102/><W19/><G30/><T35/><D35/><U57/><E71/><V133/><F133/><W3/><G3/><T99/><D79/><U122/><E70/><V104/><F104/><W100/><G100/><T135/><D135/><U37/><E37/><V134/><F134/><W108/><G108/><T110/><D110/><U125/><E125/><V124/><F124/><W78/><G78/><T93/><D103/><U83/><E83/><V120/><F120/><W7/><G7/><T81/><D81/><U101/><E101/><V86/><F27/><W106/><G106/><T62/><D62/><N who="1" m="37967" /><E122/><V29/><F29/><W5/><G5/><T24/><D24/><U8/><E2/><V25/><F33/><W90/><G90/><T51/><D40/><U105/><E105/><V38/><F38/><W129/><G129/><T32/><D32/><U28/><E28/><V47/><F25/><W13/><G13/><T14/><D14/><U117/><E117/><V43/><F43/><W44/><G42/><T21/><D21/><U69/><E15/><RYUUKYOKU ba="0,0" sc="207,15,254,-15,323,15,216,-15" hai0="41,45,51,84,85,87,93,94,95,98,99,118,119" hai2="12,17,23,47,48,55,63,67,74,75,82,86,91" owari="222,-17.8,239,3.9,338,43.8,201,-29.9" /></mjloggm>