<mjloggm ver="2.3"><GO type="225" lobby="0"/><UN n0="%E6%98%93%E5%88%A9%E8%96%A9%E4%BC%AF" n1="%E3%81%BF%E3%81%BF%E3%81%9A" n2="%E3%81%A1%E3%82%85%E3%81%86%E3%81%A9%E3%81%8F%E8%B1%A1%E3%81%95%E3%82%93" n3="%E3%82%AF%E3%82%A3%E3%82%A6" dan="16,17,17,16" rate="2154.07,2221.23,2181.78,2116.76" sx="F,M,M,M"/><TAIKYOKU oya="0"/><INIT seed="0,0,0,4,2,119" ten="250,250,250,250" oya="0" hai0="64,116,58,37,41,14,106,56,10,101,19,31,13" hai1="32,70,128,33,22,135,9,48,84,23,95,21,1" hai2="96,38,16,130,40,86,51,124,15,20,75,29,112" hai3="67,80,27,60,97,121,46,47,82,24,45,34,77"/><T69/><D116/><U81/><E70/><V118/><F112/><W76/><G97/><T107/><D31/><U133/><E95/><V66/><F118/><W42/><G42/><T129/><D69/><U59/><E59/><V43/><F75/><W49/><G49/><T83/><D129/><U109/><E48/><V93/><F130/><W35/><G67/><T3/><D3/><U100/><E100/><V85/><F38/><W25/><G60/><T72/><D101/><U115/><E128/><V94/><F124/><W79/><REACH who="3" step="1"/><G121/><REACH who="3" ten="250,250,250,240" step="2"/><T74/><D64/><U125/><E125/><V126/><F66/><W73/><G73/><T122/><D41/><U62/><E62/><V98/><F126/><W54/><G54/><T7/><D122/><U71/><E71/><V30/><F51/><W12/><G12/><T52/><D72/><U92/><E115/><V8/><F15/><W53/><G53/><T102/><D74/><U28/><E1/><V6/><F40/><W99/><G99/><T91/><D52/><U127/><E127/><V61/><F43/><W11/><G11/><T65/><D10/><U117/><E9/><V110/><F8/><W120/><G120/><T111/><D65/><U39/><E117/><V55/><F61/><W108/><G108/><T68/><D14/><U88/><E109/><V113/><F55/><W87/><G87/><T78/><D13/><U123/><E39/><V36/><F110/><W0/><G0/><T5/><D111/><U89/><E123/><V26/><F36/><W104/><G104/><T90/><D37/><U17/><E84/><RYUUKYOKU ba="0,1" sc="250,-10,250,-10,250,-10,240,30" hai3="24,25,27,34,35,45,46,47,76,77,79,80,82" /><INIT seed="1,1,1,4,0,8" ten="240,240,240,270" oya="1" hai0="120,41,130,85,121,18,20,96,2,52,117,55,39" hai1="11,79,73,77,5,64,101,75,69,59,63,44,43" hai2="88,1,6,62,0,74,16,51,89,65,134,71,90" hai3="72,95,102,76,126,132,109,32,46,25,37,98,40"/><U66/><E101/><V129/><F74/><W30/><G109/><T114/><D117/><U38/><E77/><V7/><F134/><W111/><G111/><T35/><D114/><U60/><REACH who="1" step="1"/><E79/><REACH who="1" ten="240,230,240,270" step="2"/><V19/><F129/><W45/><G132/><T34/><D130/><U122/><E122/><V68/><F90/><W31/><G126/><T97/><D121/><U86/><E86/><V13/><F89/><W91/><G76/><T67/><D85/><U124/><E124/><V29/><F88/><W57/><G72/><T110/><D120/><U105/><E105/><V47/><F0/><AGARI ba="1,2" hai="0,5,11,38,43,44,59,60,63,64,66,69,73,75" machi="0" ten="30,5800,0" yaku="1,1,7,1,53,1" doraHai="8" doraHaiUra="3" who="1" fromWho="2" sc="240,0,230,81,240,-61,270,0" /><INIT seed="1,2,0,5,3,0" ten="240,311,179,270" oya="1" hai0="64,110,99,61,102,20,27,52,122,19,14,53,82" hai1="78,88,13,33,87,70,116,2,86,109,132,121,41" hai2="17,112,37,92,135,85,96,89,72,133,32,119,10" hai3="124,104,76,130,131,30,23,126,44,24,65,29,90"/><U11/><E116/><V57/><F37/><W47/><G104/><T28/><D110/><U115/><E115/><V77/><F112/><W59/><G76/><T93/><D82/><N who="1" m="47447" /><E2/><V100/><F32/><W75/><G75/><T129/><D129/><N who="3" m="49161" /><G90/><T42/><D42/><U15/><E33/><V113/><F57/><W3/><G3/><T58/><REACH who="0" step="1"/><D122/><REACH who="0" ten="230,311,179,270" step="2"/><U123/><E123/><V105/><F113/><W114/><G114/><T49/><D49/><U94/><E121/><V62/><F62/><N who="3" m="38111" /><G30/><T18/><D18/><U54/><E41/><V91/><F119/><W35/><G35/><AGARI ba="2,1" hai="14,19,20,27,28,35,52,53,58,61,64,93,99,102" machi="35" ten="30,8000,1" yaku="1,1,7,1,54,1,53,2" doraHai="0" doraHaiUra="51" who="0" fromWho="3" sc="230,96,311,0,179,0,270,-86" /><INIT seed="2,0,0,0,0,20" ten="326,311,179,184" oya="2" hai0="82,22,94,1,116,128,10,30,118,35,83,68,67" hai1="0,135,37,64,104,3,44,74,97,107,131,28,66" hai2="38,18,4,46,42,61,32,126,88,56,72,80,117" hai3="110,50,121,2,103,23,132,119,54,100,134,85,129"/><V124/><F117/><N who="0" m="45162" /><D128/><U59/><E74/><V55/><F32/><W112/><G121/><T78/><D35/><U60/><E131/><V99/><F4/><W39/><G119/><T87/><D68/><U123/><E123/><V9/><F9/><W48/><G129/><T51/><D67/><U76/><E76/><V58/><F18/><W73/><G73/><T70/><D70/><U47/><E135/><N who="3" m="51754" /><G39/><T98/><D51/><N who="3" m="19497" /><G2/><T26/><D83/><U27/><E66/><V34/><F34/><W77/><G110/><T93/><D98/><U92/><E3/><V122/><F122/><W106/><G106/><N who="1" m="40490" /><E37/><V52/><F72/><W25/><G112/><T49/><D49/><U95/><E95/><V86/><REACH who="2" step="1"/><F99/><REACH who="2" ten="326,311,169,184" step="2"/><W105/><G105/><T130/><D130/><U120/><E120/><V62/><AGARI ba="0,1" hai="38,42,46,52,55,56,58,61,62,80,86,88,124,126" machi="62" ten="30,18000,2" yaku="1,1,2,1,0,1,9,1,54,2,53,0" doraHai="20" doraHaiUra="19" who="2" fromWho="2" sc="326,-60,311,-60,169,190,184,-60" /><INIT seed="2,1,0,5,0,53" ten="266,251,359,124" oya="2" hai0="121,66,135,22,115,106,95,116,108,4,3,15,131" hai1="24,29,70,94,85,92,88,35,11,123,36,75,130" hai2="2,8,37,12,122,63,78,126,105,79,64,42,7" hai3="127,99,21,13,101,104,76,87,100,73,43,125,103"/><V58/><F122/><W118/><G43/><T89/><D106/><U39/><E123/><V6/><F105/><W110/><G13/><T111/><D3/><U56/><E70/><V44/><REACH who="2" step="1"/><F126/><REACH who="2" ten="266,251,349,124" step="2"/><W117/><G110/><T132/><D121/><U59/><E130/><V82/><F82/><N who="3" m="45327" /><G21/><T5/><D131/><U1/><E75/><V114/><F114/><W90/><G118/><T65/><D115/><U109/><E109/><N who="0" m="42057" /><D116/><U69/><E69/><V32/><F32/><W102/><G117/><T38/><D22/><U20/><E35/><V41/><F41/><W31/><G31/><T18/><D135/><U62/><E94/><AGARI ba="1,1" hai="87,90,94,99,100,101,102,103,104,125,127" m="45327" machi="94" ten="30,3900,0" yaku="24,1,34,2" doraHai="53" who="3" fromWho="1" sc="266,0,251,-42,349,0,124,52" /><INIT seed="3,0,0,2,0,94" ten="266,209,349,176" oya="3" hai0="128,68,13,119,28,72,6,20,44,133,117,24,78" hai1="14,45,83,5,85,76,30,70,63,10,46,84,11" hai2="107,95,129,118,53,57,22,37,101,103,54,79,86" hai3="110,60,55,105,121,31,97,122,26,15,18,65,80"/><W90/><G110/><T48/><D68/><U39/><E39/><V47/><F107/><W56/><G80/><T116/><D128/><U123/><E123/><V58/><F86/><W77/><G77/><T35/><D133/><U106/><E106/><V40/><F95/><W82/><G82/><T23/><D78/><U1/><E30/><V69/><F69/><W89/><G65/><T96/><D72/><U61/><E70/><V88/><F101/><W19/><G105/><T114/><D114/><U43/><E85/><V38/><F103/><W25/><G25/><T8/><REACH who="0" step="1"/><D96/><REACH who="0" ten="256,209,349,176" step="2"/><U81/><E76/><V120/><F129/><W9/><G19/><T113/><D113/><U115/><E115/><V7/><F79/><W62/><G122/><T12/><D12/><U71/><E71/><V66/><F120/><W73/><G121/><T125/><D125/><U109/><E84/><V102/><F118/><W111/><G111/><T87/><D87/><U93/><E14/><V3/><F3/><W41/><G73/><T59/><D59/><U32/><E1/><V16/><F57/><N who="3" m="34879" /><G97/><T135/><D135/><U108/><E109/><V51/><F58/><W74/><G74/><T127/><D127/><U21/><E108/><V17/><F47/><W34/><G41/><AGARI ba="0,1" hai="6,8,13,20,23,24,28,35,41,44,48,116,117,119" machi="41" ten="40,1300,0" yaku="1,1,53,0" doraHai="94" doraHaiUra="124" who="0" fromWho="3" sc="256,23,209,0,349,0,176,-13" owari="279,7.9,209,-19.1,349,44.9,163,-33.7" /></mjloggm>