<mjloggm ver="2.3"><GO type="225" lobby="0"/><UN n0="%E3%82%BC%E3%83%AB%E3%83%80%E3%81%AE%E4%BC%9D%E8%AA%AC" n1="%E5%86%B7%E5%87%8D%E3%82%AE%E3%83%A7%E3%83%BC%E3%82%B6" n2="%48%61%61%61%6C%61%6E%64" n3="%E9%8A%80%E3%81%B0%E3%81%95%E3%81%BF" dan="17,17,18,17" rate="2163.92,2189.56,2287.38,2159.95" sx="M,M,M,M"/><TAIKYOKU oya="0"/><INIT seed="0,0,0,2,4,4" ten="250,250,250,250" oya="0" hai0="84,18,124,89,108,97,110,11,80,8,17,134,39" hai1="27,127,73,111,112,114,74,31,41,94,103,62,9" hai2="100,38,20,21,25,64,19,47,107,13,5,37,2" hai3="7,43,86,24,66,52,79,50,0,122,104,29,22"/><T119/><D119/><U133/><E111/><N who="0" m="42537" /><D124/><U92/><E127/><V46/><F64/><W128/><G104/><T98/><D39/><U129/><E129/><V118/><F118/><W45/><G128/><T81/><D134/><U28/><E133/><V35/><F2/><W121/><G66/><T102/><D81/><U15/><E41/><V78/><F35/><W88/><G79/><T30/><D30/><U126/><E31/><V34/><F34/><W69/><G69/><T70/><D70/><U58/><E126/><V63/><F78/><W96/><G96/><N who="0" m="36971" /><D102/><U99/><E92/><V117/><F117/><W61/><G61/><T85/><D85/><U48/><E48/><V59/><F100/><W76/><G76/><T51/><D51/><U101/><E101/><V130/><F107/><W54/><G121/><T123/><D123/><U49/><E49/><V131/><F131/><W55/><G122/><T60/><D60/><U91/><E91/><V42/><F130/><W105/><G105/><T44/><D44/><U132/><E132/><V82/><F82/><N who="3" m="49239" /><G0/><T109/><N who="0" m="42545" /><T65/><DORA hai="6" /><D65/><N who="1" m="39127" /><E73/><V56/><F63/><W125/><G125/><T116/><D116/><U10/><E74/><V87/><F87/><W75/><G75/><T135/><D135/><U106/><E106/><V71/><F71/><W26/><G50/><T113/><D113/><U14/><E114/><V16/><F37/><W90/><G29/><T53/><D53/><U3/><E112/><V72/><F72/><W120/><G120/><T1/><D1/><U12/><E3/><V77/><F38/><RYUUKYOKU ba="0,0" sc="250,15,250,15,250,-15,250,-15" hai0="8,11,17,18,80,84,89" hai1="9,10,12,14,15,27,28,94,99,103" /><INIT seed="0,1,0,0,5,110" ten="265,265,235,235" oya="0" hai0="90,57,81,129,84,0,35,102,127,107,12,38,47" hai1="92,36,104,105,130,68,32,101,53,60,106,71,22" hai2="66,133,109,98,69,31,115,70,126,61,29,116,30" hai3="28,114,27,24,83,45,9,128,108,124,43,120,58"/><T20/><D35/><U64/><E130/><V52/><F109/><W121/><G108/><T125/><D0/><U25/><E32/><V100/><F126/><N who="0" m="48138" /><D129/><U6/><E6/><V23/><F133/><W54/><G124/><T55/><D102/><U1/><E1/><V37/><F116/><W82/><G128/><T56/><D107/><U46/><E53/><V97/><F115/><W87/><G9/><T62/><D57/><U34/><E34/><V111/><F111/><W41/><G114/><T93/><D81/><U96/><E36/><V77/><F37/><W94/><G94/><T86/><D86/><U122/><E46/><V3/><F3/><W48/><G83/><T14/><D20/><U73/><E73/><V51/><F69/><W7/><G7/><T78/><D78/><U99/><E122/><N who="3" m="47210" /><G28/><T79/><D79/><U17/><REACH who="1" step="1"/><E68/><REACH who="1" ten="265,255,235,235" step="2"/><V91/><F70/><W75/><G75/><T67/><D67/><U103/><AGARI ba="1,1" hai="17,22,25,60,64,71,92,96,99,101,103,104,105,106" machi="103" ten="20,5200,0" yaku="1,1,2,1,0,1,7,1,53,0" doraHai="110" doraHaiUra="49" who="1" fromWho="1" sc="265,-27,255,65,235,-14,235,-14" /><INIT seed="1,0,0,3,0,108" ten="238,320,221,221" oya="1" hai0="98,59,26,100,87,40,67,31,73,131,82,70,91" hai1="90,8,47,64,75,126,27,99,78,48,80,88,121" hai2="17,22,55,104,77,53,92,122,56,102,32,2,103" hai3="135,116,71,28,51,30,111,35,63,19,105,24,110"/><U29/><E121/><V39/><F32/><W34/><G135/><T133/><D131/><U130/><E130/><V114/><F122/><W93/><G105/><T68/><D133/><U72/><E72/><V14/><F39/><W125/><G125/><T36/><D73/><U33/><E126/><V117/><F117/><W119/><G51/><T60/><D36/><U96/><E64/><V3/><F104/><W112/><G93/><T76/><D76/><U115/><E115/><V18/><F77/><W4/><G63/><T9/><D9/><U0/><E0/><V106/><F106/><W101/><G101/><T10/><D10/><U38/><E38/><V65/><F114/><W61/><G61/><T42/><D70/><U5/><E99/><V124/><F124/><W46/><G46/><T6/><D6/><U13/><REACH who="1" step="1"/><E96/><REACH who="1" ten="238,310,221,221" step="2"/><N who="2" m="59655" /><F2/><W62/><G112/><T16/><D68/><U20/><E20/><N who="2" m="11319" /><F3/><W11/><G71/><T83/><D98/><U44/><E44/><V128/><F128/><W134/><G134/><T49/><D67/><U1/><E1/><V95/><F65/><W113/><G113/><T81/><D100/><U85/><E85/><V66/><F66/><W94/><G119/><T84/><D84/><U132/><E132/><V120/><F120/><W86/><G116/><T50/><D87/><U79/><E79/><V57/><F103/><W7/><G110/><T12/><D91/><U123/><E123/><V23/><F23/><W97/><G111/><T69/><D69/><U37/><E37/><V127/><F127/><W21/><G21/><T89/><D89/><RYUUKYOKU ba="0,1" sc="238,-10,310,30,221,-10,221,-10" hai1="5,8,13,27,29,33,47,48,75,78,80,88,90" /><INIT seed="1,1,1,2,3,93" ten="228,340,211,211" oya="1" hai0="91,88,15,80,97,47,49,14,68,1,114,10,5" hai1="32,17,22,57,37,27,19,110,34,105,28,115,55" hai2="90,98,79,70,4,103,0,24,74,124,96,134,78" hai3="35,52,12,53,3,46,107,42,111,102,117,133,125"/><U109/><E37/><V131/><F70/><W130/><G3/><T65/><D114/><U75/><E75/><V73/><F24/><W86/><G35/><N who="1" m="13354" /><E105/><N who="2" m="63719" /><F4/><W84/><G102/><T120/><D120/><U58/><E58/><V95/><F0/><W92/><G107/><T71/><D1/><U126/><E115/><V40/><F40/><W18/><G117/><T119/><D119/><U56/><E57/><V77/><F124/><W81/><G125/><T11/><D65/><U41/><E41/><V72/><F131/><W21/><G130/><T76/><D71/><U8/><E126/><V48/><F48/><W45/><G42/><N who="0" m="24823" /><D97/><U54/><E54/><V135/><AGARI ba="1,1" hai="72,73,74,77,78,79,90,95,98,134,135" m="63719" machi="135" ten="40,8000,1" yaku="34,2,52,2" doraHai="93" who="2" fromWho="2" sc="228,-21,340,-41,211,93,211,-21" /><INIT seed="2,0,0,3,1,65" ten="207,299,304,190" oya="2" hai0="37,2,17,98,131,85,78,53,81,121,57,102,93" hai1="75,71,110,12,44,24,7,54,4,134,66,117,87" hai2="33,30,31,55,23,105,62,126,42,123,92,63,120" hai3="25,13,124,5,28,32,104,132,18,130,36,21,96"/><V67/><F105/><W111/><G36/><T90/><D131/><U82/><E110/><V61/><F33/><W112/><G104/><T1/><D121/><U77/><E117/><V19/><F126/><W128/><G96/><T22/><D37/><U51/><E134/><V59/><F42/><W76/><G76/><T86/><D86/><U48/><E24/><V68/><F63/><W38/><G38/><T70/><D70/><U95/><E12/><V107/><F107/><W80/><G80/><T74/><D74/><U35/><E35/><V10/><F10/><N who="3" m="4303" /><G111/><T8/><D8/><U127/><E127/><V83/><F83/><W69/><G69/><T118/><D78/><U14/><E14/><V88/><F120/><W11/><G124/><T46/><D46/><U91/><REACH who="1" step="1"/><E48/><REACH who="1" ten="207,289,304,190" step="2"/><V133/><F133/><W101/><G132/><T39/><D39/><U40/><E40/><V34/><F34/><W9/><G112/><T60/><D118/><U113/><E113/><V116/><F116/><W99/><G32/><T16/><D17/><U119/><E119/><V41/><F41/><W45/><G18/><T79/><D2/><U3/><E3/><V114/><F114/><W0/><G0/><T125/><D1/><U20/><E20/><V97/><F123/><W100/><G21/><T56/><D125/><U109/><E109/><V115/><F115/><W29/><G25/><AGARI ba="0,1" hai="19,23,25,30,31,55,59,61,62,67,68,88,92,97" machi="25" ten="30,12000,1" yaku="7,1,25,2,52,1,54,1" doraHai="65" who="2" fromWho="3" sc="207,0,289,0,304,130,190,-120" /><INIT seed="2,1,0,5,3,88" ten="207,289,434,70" oya="2" hai0="128,133,28,126,102,129,64,56,84,120,91,29,66" hai1="26,130,6,86,20,54,40,96,33,77,97,110,24" hai2="35,75,31,27,16,37,34,42,21,79,60,51,65" hai3="78,46,48,85,81,53,99,67,122,98,45,70,121"/><V82/><F37/><W134/><G134/><T89/><D120/><U123/><E110/><V3/><F3/><W8/><G122/><T95/><D133/><U43/><E130/><N who="0" m="50281" /><D102/><U7/><E33/><V76/><F76/><W101/><G121/><T62/><D126/><U105/><E26/><V14/><F51/><W25/><G70/><T41/><D41/><U59/><E105/><V69/><REACH who="2" step="1"/><F42/><REACH who="2" ten="207,289,424,70" step="2"/><W109/><G109/><T119/><D119/><U18/><E43/><V2/><F2/><W52/><G48/><T92/><D66/><U63/><E40/><V72/><F72/><W68/><G67/><T47/><D47/><U38/><E38/><V1/><F1/><W131/><G46/><T135/><D135/><U103/><E123/><V118/><F118/><W12/><G131/><T15/><D15/><U94/><E96/><AGARI ba="1,1" hai="28,29,56,62,64,84,89,91,92,95,96" m="50281" machi="96" ten="30,3900,0" yaku="19,1,52,2" doraHai="88" who="0" fromWho="1" sc="207,52,289,-42,424,0,70,0" /><INIT seed="3,0,0,3,5,67" ten="259,247,424,70" oya="3" hai0="87,60,69,114,14,131,66,94,107,5,132,98,35" hai1="71,90,86,122,61,118,42,29,32,100,102,101,19" hai2="8,92,31,63,108,18,62,73,11,7,121,79,85" hai3="109,6,48,64,129,135,133,4,99,51,127,74,56"/><W72/><G129/><T106/><D35/><U46/><E122/><V9/><F108/><W77/><G109/><T22/><D131/><U15/><E118/><V82/><F31/><W120/><G120/><T80/><D132/><N who="3" m="50761" /><G127/><T84/><D84/><U57/><E71/><V49/><F18/><W21/><G21/><T88/><D114/><U78/><E78/><V59/><F121/><W119/><G119/><T115/><D115/><U2/><E2/><V105/><F105/><W91/><G64/><T116/><D116/><U24/><E57/><V50/><F11/><W113/><G113/><T112/><D112/><U103/><E61/><V126/><F62/><W104/><G77/><T16/><D5/><N who="3" m="2153" /><G56/><T13/><D13/><U55/><E15/><V39/><F7/><W1/><G1/><T0/><D0/><U30/><E32/><V128/><F8/><W41/><G41/><T23/><D23/><N who="1" m="13439" /><E42/><V36/><F9/><W54/><G91/><AGARI ba="0,0" hai="14,16,22,60,66,69,80,87,88,91,94,98,106,107" machi="91" ten="30,7700,0" yaku="7,1,52,1,54,2" doraHai="67" who="0" fromWho="3" sc="259,77,247,0,424,0,70,-77" owari="336,13.6,247,-15.3,424,52.4,-7,-50.7" /></mjloggm>