<mjloggm ver="2.3"><GO type="225" lobby="0"/><UN n0="%E3%83%A9%E3%82%A4%E3%83%B3%E3%81%AE%E8%99%8E" n1="%E5%B8%86%E7%AB%8B%E5%A4%8F%E8%A1%A3" n2="%6C%61%6D%62" n3="%E3%80%93%E3%81%97%E3%83%BC%E3%82%89%E3%80%93" dan="16,17,16,17" rate="2089.86,2208.01,2196.74,2146.65" sx="M,M,M,M"/><TAIKYOKU oya="0"/><INIT seed="0,0,0,0,2,68" ten="250,250,250,250" oya="0" hai0="109,86,100,97,55,114,13,4,90,73,15,76,26" hai1="105,11,46,28,65,93,92,54,94,1,113,7,120" hai2="8,89,50,45,9,74,60,117,31,95,59,78,101" hai3="35,16,118,132,21,3,79,133,37,39,83,70,23"/><T134/><D114/><U5/><E120/><V25/><F117/><W135/><G118/><T44/><D134/><U41/><E105/><V67/><F78/><W102/><G35/><T10/><D73/><U27/><E113/><V126/><F74/><N who="3" m="43511" /><G70/><T111/><D76/><U12/><E65/><V53/><F126/><W85/><G3/><T33/><D15/><U36/><E54/><V119/><F119/><W81/><G102/><T107/><D55/><U96/><E1/><V17/><F17/><W84/><G23/><T40/><D26/><U48/><E5/><V110/><F110/><N who="0" m="41994" /><D33/><U115/><E115/><V69/><F69/><W116/><G116/><T88/><D86/><N who="3" m="33385" /><G81/><T75/><D75/><U91/><REACH who="1" step="1"/><E48/><AGARI ba="0,0" hai="4,10,13,40,44,48,88,90,97,100,107" m="41994" machi="48" ten="30,5800,0" yaku="14,1,10,1,54,1" doraHai="68" who="0" fromWho="1" sc="250,58,250,-58,250,0,250,0" /><INIT seed="0,1,0,1,5,84" ten="308,192,250,250" oya="0" hai0="87,105,20,22,116,124,123,55,104,74,113,44,31" hai1="6,73,110,11,37,30,16,98,111,33,119,2,134" hai2="14,15,25,65,41,100,36,96,4,118,23,71,89" hai3="108,26,126,57,17,82,69,12,64,133,109,125,81"/><T67/><D74/><U114/><E37/><V112/><F112/><W5/><G69/><T70/><D113/><U50/><E114/><V61/><F118/><W60/><G5/><T54/><D116/><U120/><E119/><V28/><F4/><W85/><G26/><T101/><D123/><U106/><E73/><V59/><F71/><W29/><G29/><T27/><D124/><N who="3" m="47721" /><G133/><T88/><D22/><U80/><E80/><N who="3" m="30826" /><G85/><T9/><D9/><AGARI ba="1,0" hai="9,12,17,57,60,64,108,109" m="30826,47721" machi="9" ten="30,1000,0" yaku="18,1" doraHai="84" who="3" fromWho="0" sc="308,-13,192,0,250,0,250,13" /><INIT seed="1,0,0,2,0,128" ten="295,192,250,263" oya="1" hai0="69,35,84,23,61,41,0,27,76,22,67,111,65" hai1="75,130,87,73,92,16,132,1,104,105,78,2,95" hai2="124,33,32,54,123,24,30,112,20,13,115,119,26" hai3="113,4,91,34,43,110,3,57,21,70,8,120,25"/><U101/><E16/><N who="2" m="10255" /><F54/><W118/><G70/><T117/><D111/><U82/><E2/><V106/><F106/><N who="1" m="41065" /><E1/><V64/><F64/><W12/><G110/><T9/><D117/><U108/><E108/><V19/><F119/><W46/><G118/><T44/><D65/><U48/><E48/><V72/><F72/><N who="1" m="27721" /><E130/><V39/><F39/><W58/><G120/><T10/><D35/><U77/><E132/><V6/><F124/><W11/><G113/><N who="2" m="43593" /><F123/><W122/><G91/><T127/><D127/><U96/><E95/><V14/><F6/><W135/><G135/><T102/><D0/><U109/><E109/><V38/><F38/><W90/><G90/><AGARI ba="0,0" hai="77,78,82,87,90,92,96,101" m="27721,41065" machi="90" ten="30,12000,1" yaku="35,5" doraHai="128" who="1" fromWho="3" sc="295,0,192,120,250,0,263,-120" /><INIT seed="1,1,0,2,4,66" ten="295,312,250,143" oya="1" hai0="13,72,134,135,22,50,41,0,16,123,109,58,75" hai1="81,120,132,17,25,4,90,28,88,111,105,129,98" hai2="21,131,37,45,47,62,49,82,122,126,104,40,55" hai3="14,70,53,67,56,61,12,57,43,127,51,15,124"/><U91/><E120/><V112/><F122/><W5/><G5/><T68/><D123/><U26/><E132/><N who="0" m="50729" /><D109/><U71/><E129/><V52/><F104/><W3/><G3/><T101/><D0/><U60/><E4/><V24/><F131/><W27/><G27/><T6/><D6/><U35/><E111/><V2/><F2/><W94/><G94/><T31/><D31/><U115/><E115/><V48/><F126/><W32/><G32/><T73/><D101/><N who="1" m="62647" /><E25/><V76/><F62/><W102/><G102/><T42/><D68/><U20/><E20/><V133/><F133/><W100/><G100/><T59/><D50/><U106/><E17/><V79/><F112/><W54/><REACH who="3" step="1"/><G43/><AGARI ba="1,0" hai="13,16,22,41,42,43,58,59,72,73,75" m="50729" machi="43" ten="40,2600,0" yaku="20,1,54,1" doraHai="66" who="0" fromWho="3" sc="295,29,312,0,250,0,143,-29" /><INIT seed="2,0,0,2,1,101" ten="324,312,250,114" oya="2" hai0="23,84,127,68,43,18,93,33,108,39,55,16,123" hai1="125,77,126,31,1,25,133,80,59,50,121,54,104" hai2="135,119,78,134,95,10,120,32,110,8,69,107,30" hai3="13,91,81,26,66,57,46,130,87,4,6,45,129"/><V75/><F69/><W111/><G111/><T14/><D108/><U21/><E1/><V24/><F110/><W76/><G26/><T112/><D33/><U51/><E133/><N who="2" m="50699" /><F119/><W116/><G116/><T5/><D127/><N who="1" m="48651" /><E121/><V60/><F120/><W70/><G70/><T117/><D112/><U7/><E7/><V58/><F95/><W62/><G4/><T41/><D5/><U28/><E51/><V88/><F88/><W89/><G89/><N who="0" m="53415" /><D39/><U90/><E90/><V99/><F78/><W103/><G103/><T73/><D73/><N who="1" m="43055" /><E31/><V17/><F17/><W20/><G91/><T48/><D117/><U132/><E132/><V2/><F75/><W29/><G29/><T128/><D68/><U97/><E97/><V92/><F2/><W124/><G124/><T47/><D123/><U37/><E37/><V22/><F32/><W27/><G27/><N who="0" m="14823" /><D128/><U85/><E85/><V109/><F92/><W113/><G113/><T15/><D15/><U64/><E64/><N who="2" m="38935" /><F109/><W83/><G83/><T71/><D71/><U65/><E65/><V49/><F49/><W42/><G20/><AGARI ba="0,0" hai="14,18,20,41,43,47,48,55" m="14823,53415" machi="20" ten="30,2000,0" yaku="8,1,54,1" doraHai="101" who="0" fromWho="3" sc="324,20,312,0,250,0,114,-20" /><INIT seed="3,0,0,4,1,90" ten="344,312,250,94" oya="3" hai0="6,55,88,19,92,52,5,125,65,15,48,37,135" hai1="131,38,46,127,72,50,40,69,39,44,11,49,34" hai2="100,73,36,24,95,29,134,85,35,129,71,2,124" hai3="132,62,94,98,59,110,3,51,84,25,0,12,32"/><W101/><G132/><T91/><D37/><N who="1" m="13835" /><E11/><V63/><F124/><W77/><G110/><T83/><D125/><U27/><E27/><V20/><F36/><W81/><G51/><T96/><D135/><U107/><E107/><V54/><F54/><N who="0" m="20522" /><D65/><U67/><E72/><V104/><F63/><W112/><G112/><T126/><D48/><U4/><E4/><N who="0" m="1641" /><D126/><U116/><E34/><V119/><F71/><W60/><G12/><T113/><D113/><U120/><E127/><V103/><F129/><W133/><G133/><T64/><D64/><U58/><E120/><V78/><F119/><W76/><G76/><T66/><D66/><U28/><E28/><V22/><F85/><W118/><G118/><T89/><D83/><U9/><E9/><AGARI ba="0,0" hai="9,15,19,88,89,91,92,96" m="1641,20522" machi="9" ten="30,7700,0" yaku="8,1,52,1,54,2" doraHai="90" who="0" fromWho="1" sc="344,77,312,-77,250,0,94,0" owari="421,52.1,235,-16.5,250,5.0,94,-40.6" /></mjloggm>