<mjloggm ver="2.3"><GO type="225" lobby="0"/><UN n0="%E3%81%8F%E3%81%BE%E3%81%96%E3%82%8F" n1="%72%61%6B%33" n2="%E9%80%9F%E6%B0%B4%E5%87%9B%E9%A6%99" n3="%41%54%53%4D" dan="16,16,16,16" rate="2046.81,2169.07,2105.35,2108.84" sx="M,M,F,M"/><TAIKYOKU oya="0"/><INIT seed="0,0,0,5,0,99" ten="250,250,250,250" oya="0" hai0="133,119,5,58,7,72,112,71,12,57,96,8,31" hai1="4,11,19,68,103,46,131,82,14,106,84,33,98" hai2="116,127,132,66,28,109,36,100,0,120,92,49,69" hai3="55,43,80,40,105,135,27,13,60,41,16,53,104"/><T56/><D112/><U78/><E131/><V115/><RYUUKYOKU type="yao9" ba="0,0" sc="250,0,250,0,250,0,250,0" hai2="0,28,36,49,66,69,92,100,109,115,116,120,127,132" /><INIT seed="0,1,0,0,4,110" ten="250,250,250,250" oya="0" hai0="89,13,63,2,105,20,66,19,61,135,10,125,132" hai1="114,31,113,101,94,100,92,74,54,86,108,56,33" hai2="102,116,18,64,35,7,39,73,96,50,98,40,103" hai3="88,24,123,28,131,9,0,59,4,87,26,1,51"/><T122/><D122/><U29/><E108/><V46/><F35/><W79/><G123/><T52/><D125/><U3/><E74/><V23/><F73/><W62/><G131/><T14/><D2/><U99/><E3/><V90/><F116/><W97/><G51/><T127/><D127/><U111/><E111/><V128/><F128/><W70/><G70/><T69/><D105/><U44/><E44/><V85/><F7/><W36/><G36/><T37/><D37/><U126/><E126/><V68/><F64/><W104/><G79/><T71/><D89/><N who="1" m="53303" /><E33/><V75/><F75/><W120/><G120/><T16/><REACH who="0" step="1"/><D52/><REACH who="0" ten="240,250,250,250" step="2"/><U76/><E101/><N who="2" m="38411" /><F39/><W34/><G104/><T5/><D5/><U112/><E76/><V67/><F67/><AGARI ba="1,1" hai="10,13,14,16,19,20,61,63,66,67,69,71,132,135" machi="67" ten="40,12000,1" yaku="1,1,9,1,54,1,53,2" doraHai="110" doraHaiUra="60" who="0" fromWho="2" sc="240,133,250,0,250,-123,250,0" /><INIT seed="0,2,0,1,3,77" ten="373,250,127,250" oya="0" hai0="35,90,103,9,129,36,17,112,42,68,24,54,10" hai1="28,65,21,108,92,39,125,82,79,73,109,37,84" hai2="119,116,48,123,0,71,95,98,75,121,59,70,107" hai3="72,88,6,15,46,60,96,2,19,114,12,62,44"/><T80/><D112/><U43/><E125/><V29/><F29/><W110/><G72/><T131/><D68/><N who="2" m="26154" /><F75/><W32/><G32/><T52/><D103/><U94/><E65/><V31/><F107/><W124/><G2/><T111/><D42/><U33/><E33/><V105/><F105/><W101/><G114/><T30/><D36/><N who="1" m="13899" /><E73/><V49/><F31/><W69/><G124/><T63/><D111/><N who="1" m="42571" /><E43/><V66/><F0/><W8/><G110/><T102/><D102/><U115/><E115/><V120/><F95/><N who="3" m="56423" /><G101/><T122/><D122/><N who="2" m="31234" /><V55/><DORA hai="47" /><F98/><W64/><G69/><T81/><D35/><U34/><E34/><V51/><F66/><W87/><G87/><T93/><D93/><U7/><E7/><V41/><F41/><W117/><G64/><T5/><D5/><U126/><E126/><V76/><F76/><W100/><G100/><T25/><D90/><U3/><E3/><V56/><F55/><W45/><G117/><AGARI ba="2,0" hai="48,49,51,56,59,116,117,119" m="31234,26154" machi="117" ten="50,16000,3" yaku="28,2,12,1,34,2,52,3" doraHai="77,47" who="2" fromWho="3" sc="373,0,250,0,127,166,250,-166" /><INIT seed="1,0,0,0,4,50" ten="373,250,293,84" oya="1" hai0="28,96,24,61,99,49,135,59,132,0,54,11,29" hai1="117,34,95,104,94,89,64,7,112,107,109,88,33" hai2="134,10,9,57,93,15,60,3,102,53,37,67,56" hai3="105,13,77,71,70,36,85,51,120,122,113,128,100"/><U14/><E64/><V35/><F37/><W20/><G36/><T131/><D131/><U118/><E14/><V73/><F35/><W30/><G128/><T21/><D29/><U42/><E7/><V82/><F134/><N who="0" m="51242" /><D61/><U110/><REACH who="1" step="1"/><E42/><REACH who="1" ten="373,240,293,84" step="2"/><V91/><F67/><W1/><G113/><AGARI ba="0,1" hai="33,34,88,89,94,95,104,107,109,110,112,113,117,118" machi="113" ten="25,12000,1" yaku="1,1,2,1,22,2,54,1,53,0" doraHai="50" doraHaiUra="74" who="1" fromWho="3" sc="373,0,240,130,293,0,84,-120" owari="373,47.3,370,17.0,293,-10.7,-36,-53.6" /></mjloggm>