<mjloggm ver="2.3"><GO type="225" lobby="0"/><UN n0="%E3%83%88%E3%83%A9%E3%83%9E%E3%83%AB" n1="%E3%81%99%E3%81%84%E3%81%BE%E3%81%9B%E3%83%BC%E3%82%93" n2="%6D%75%75%6D%75%72%61" n3="%E3%81%82%E3%81%99%E3%81%AB%E3%82%83%E3%82%80" dan="16,16,16,16" rate="2110.63,2177.28,2159.81,2104.75" sx="M,M,F,F"/><TAIKYOKU oya="0"/><INIT seed="0,0,0,3,4,71" ten="250,250,250,250" oya="0" hai0="33,122,83,133,124,50,46,91,65,57,17,41,55" hai1="106,26,111,99,68,134,92,37,101,36,44,109,52" hai2="28,78,125,100,128,19,79,86,131,67,32,58,51" hai3="95,7,39,53,6,119,108,69,11,27,120,22,47"/><T73/><D122/><U8/><E68/><V90/><F125/><W70/><G119/><T20/><D33/><U102/><E134/><V45/><F100/><W15/><G108/><N who="1" m="41546" /><E26/><N who="2" m="18455" /><F58/><W42/><G6/><T107/><D107/><U25/><E25/><V81/><F19/><W60/><G120/><T135/><D124/><U2/><E102/><V80/><F80/><W130/><G130/><N who="2" m="49705" /><F67/><W14/><G14/><T49/><D65/><U110/><E106/><V3/><F3/><W61/><G95/><T82/><D73/><U66/><E66/><V75/><F75/><W126/><G126/><T23/><D23/><U40/><E110/><V88/><F90/><W76/><G76/><T72/><D72/><U132/><E132/><N who="0" m="50761" /><D91/><U0/><E8/><V117/><F117/><W62/><REACH who="3" step="1"/><G53/><AGARI ba="0,0" hai="45,51,53,78,79,81,86,88" m="49705,18455" machi="53" ten="30,2000,0" yaku="19,1,54,1" doraHai="71" who="2" fromWho="3" sc="250,0,250,0,250,20,250,-20" /><INIT seed="1,0,0,5,2,34" ten="250,250,270,230" oya="1" hai0="15,60,131,23,18,31,114,29,124,21,58,13,96" hai1="16,126,8,92,38,121,77,115,117,20,110,88,91" hai2="127,87,66,59,84,83,46,97,93,27,90,69,100" hai3="54,130,25,113,37,32,99,125,109,28,111,36,48"/><U129/><E115/><V6/><F127/><W95/><G113/><T4/><D114/><U86/><E117/><V0/><F69/><W7/><G125/><T61/><D124/><U74/><E121/><V63/><F46/><W14/><G130/><T57/><D131/><U56/><E126/><V75/><F27/><W134/><G134/><T98/><D4/><U81/><E38/><V45/><F45/><W132/><G132/><T119/><REACH who="0" step="1"/><D18/><REACH who="0" ten="240,250,270,230" step="2"/><U112/><E112/><V65/><F6/><W2/><G7/><T40/><D40/><U85/><E129/><V76/><F0/><W42/><G2/><T44/><D44/><U116/><E116/><AGARI ba="0,1" hai="13,15,21,23,29,31,57,58,60,61,96,98,116,119" machi="116" ten="25,3200,0" yaku="1,1,22,2,53,0" doraHai="34" doraHaiUra="80" who="0" fromWho="1" sc="240,42,250,-32,270,0,230,0" /><INIT seed="2,0,0,0,1,112" ten="282,218,270,230" oya="2" hai0="68,48,83,29,16,66,90,52,87,110,46,103,80" hai1="32,71,24,101,53,12,25,114,27,82,11,0,28" hai2="23,86,57,19,89,95,124,120,93,5,39,37,123" hai3="76,21,4,13,72,33,126,84,132,40,17,50,119"/><V51/><F124/><W116/><G126/><T61/><D110/><U97/><E114/><V129/><F129/><W74/><G33/><T122/><D122/><U105/><E71/><V111/><F111/><W64/><G132/><T2/><D2/><U91/><E0/><V34/><F34/><W85/><G64/><T135/><D135/><U94/><E82/><V35/><F35/><W88/><G4/><T42/><D29/><U108/><E53/><V134/><F134/><W81/><G84/><T79/><D103/><U26/><E108/><V98/><F5/><W121/><G121/><T54/><REACH who="0" step="1"/><D16/><REACH who="0" ten="272,218,270,230" step="2"/><U58/><E27/><V10/><F123/><W44/><REACH who="3" step="1"/><G72/><AGARI ba="0,1" hai="42,46,48,52,54,61,66,68,72,79,80,83,87,90" machi="72" ten="30,8000,1" yaku="1,1,2,1,7,1,54,1,53,1" doraHai="112" doraHaiUra="59" who="0" fromWho="3" sc="272,90,218,0,270,0,230,-80" /><INIT seed="3,0,0,0,2,103" ten="362,218,270,150" oya="3" hai0="17,78,23,72,69,122,10,14,99,118,13,120,6" hai1="52,39,29,38,46,64,61,58,82,98,12,127,68" hai2="60,79,42,57,73,115,34,80,112,116,129,86,117" hai3="77,11,128,71,70,31,76,37,20,104,96,89,0"/><W87/><G37/><T83/><D69/><U15/><E127/><V132/><F34/><W125/><G125/><T133/><D118/><U53/><E29/><V63/><F129/><W102/><G128/><T93/><D133/><U32/><E32/><V51/><F132/><W16/><G70/><T75/><D75/><U24/><E24/><V44/><F73/><W28/><G71/><T9/><D23/><U92/><E82/><V43/><F43/><W36/><G36/><T62/><D62/><U25/><E25/><V33/><F60/><W121/><G121/><T131/><D131/><U54/><E68/><V110/><F33/><W5/><G28/><T26/><D26/><U126/><E126/><V50/><F50/><W7/><G31/><T113/><D113/><U74/><E74/><V55/><REACH who="2" step="1"/><F110/><REACH who="2" ten="362,218,260,150" step="2"/><W3/><G3/><T97/><D122/><U109/><E109/><V21/><F21/><W130/><G130/><T81/><D72/><U84/><E39/><V4/><F4/><W106/><G5/><T19/><D6/><U108/><E108/><V111/><F111/><W27/><REACH who="3" step="1"/><G106/><REACH who="3" ten="362,218,260,140" step="2"/><T85/><D120/><U94/><E38/><V1/><F1/><W45/><G45/><T41/><D19/><U124/><E124/><V22/><F22/><W114/><G114/><AGARI ba="0,2" hai="42,44,51,55,57,63,79,80,86,112,114,115,116,117" machi="114" ten="40,1300,0" yaku="1,1,53,0" doraHai="103" doraHaiUra="95" who="2" fromWho="3" sc="362,0,218,0,260,33,140,-13" owari="362,46.2,218,-18.2,293,9.3,127,-37.3" /></mjloggm>