<mjloggm ver="2.3"><GO type="225" lobby="0"/><UN n0="%E3%83%A9%E3%83%BC%E3%83%A1%E3%83%B3%E4%BA%94%E9%83%8E" n1="%E9%97%98%E5%B0%86%E3%81%A0%E3%82%93%E3%81%A7%E3%81%83" n2="%6D%75%75%73%61%6E%6D%75" n3="%33%74%72%65%65" dan="16,16,16,16" rate="2104.65,2115.74,2114.61,2128.89" sx="M,M,F,F"/><TAIKYOKU oya="0"/><INIT seed="0,0,0,0,0,77" ten="250,250,250,250" oya="0" hai0="4,26,15,19,20,118,91,89,12,130,111,8,133" hai1="131,81,9,125,40,84,109,72,83,55,27,60,10" hai2="85,17,105,106,18,80,116,32,79,113,14,129,128" hai3="68,102,53,41,120,1,44,96,95,103,127,107,132"/><T112/><D112/><U74/><E109/><V65/><F113/><W122/><G68/><T64/><D118/><U97/><E131/><N who="2" m="50251" /><F116/><W71/><G71/><T92/><D130/><U63/><E125/><V100/><F32/><W104/><G1/><T73/><D111/><U90/><E40/><V70/><F100/><N who="3" m="38443" /><G53/><T69/><D133/><U115/><E115/><V94/><F94/><W0/><G0/><T61/><D73/><U22/><E97/><V16/><F14/><W33/><G33/><T56/><D69/><U134/><E134/><V3/><F3/><W88/><G132/><T28/><REACH who="0" step="1"/><D92/><REACH who="0" ten="240,250,250,250" step="2"/><U76/><E74/><V24/><F24/><W38/><G127/><T31/><D31/><U51/><E63/><AGARI ba="0,1" hai="16,17,18,63,65,70,79,80,85,105,106" m="50251" machi="63" ten="30,3900,0" yaku="19,1,52,1,54,1" doraHai="77" who="2" fromWho="1" sc="240,0,250,-39,250,49,250,0" /><INIT seed="1,0,0,1,0,107" ten="240,211,299,250" oya="1" hai0="46,80,33,118,70,45,116,83,129,17,62,103,104" hai1="16,120,90,67,28,13,102,65,30,24,34,47,130" hai2="97,117,59,64,31,42,112,76,11,52,20,98,85" hai3="132,115,35,5,57,123,87,56,18,23,58,101,88"/><U21/><E130/><V82/><F117/><W63/><G123/><T26/><D129/><U127/><E127/><V9/><F112/><W43/><G115/><T109/><D109/><U135/><E135/><V93/><F42/><W73/><G35/><T7/><D7/><U37/><E120/><V2/><F64/><W96/><G73/><T91/><D17/><U27/><E102/><V89/><F2/><W53/><G5/><T6/><D6/><U110/><E110/><V128/><F128/><W119/><G43/><T3/><D3/><U125/><E125/><V39/><F39/><W100/><G132/><T77/><D91/><U111/><E111/><V55/><F98/><W8/><G8/><N who="2" m="3145" /><F59/><N who="3" m="35311" /><G96/><N who="0" m="61543" /><D45/><U0/><E0/><V124/><F124/><W114/><G119/><N who="0" m="45611" /><D77/><U68/><E68/><V134/><F134/><W14/><G114/><T84/><D84/><U51/><E90/><V50/><F50/><W22/><G22/><T108/><D46/><U126/><E126/><V113/><F113/><W25/><G14/><T121/><D121/><U105/><E105/><V79/><F79/><W86/><G86/><T69/><D69/><U12/><E37/><V44/><F44/><W71/><G71/><T36/><D36/><U72/><E72/><V32/><F32/><W10/><G10/><T66/><D108/><U99/><E99/><V54/><F20/><W4/><G4/><T48/><D48/><U1/><E1/><V78/><F76/><W95/><AGARI ba="0,0" hai="18,23,25,56,57,58,87,88,95,100,101" m="35311" machi="95" ten="30,2000,0" yaku="8,1,54,1" doraHai="107" who="3" fromWho="3" sc="240,-5,211,-10,299,-5,250,20" /><INIT seed="2,0,0,5,4,123" ten="235,201,294,270" oya="2" hai0="98,107,17,102,71,135,104,40,39,121,35,83,74" hai1="48,8,119,113,51,112,42,34,130,9,81,23,61" hai2="68,126,43,101,1,114,100,99,27,16,127,89,117" hai3="0,46,125,19,95,75,3,85,28,131,111,105,30"/><V41/><F114/><W78/><G105/><T59/><D71/><U5/><E34/><V82/><F117/><W10/><G75/><T133/><D121/><U38/><E38/><V66/><F1/><W79/><G0/><T109/><D35/><U129/><E119/><V84/><F66/><W110/><G131/><N who="1" m="50186" /><E61/><V11/><F68/><W7/><G125/><N who="2" m="47625" /><F101/><W87/><G19/><T33/><D33/><U77/><E23/><N who="2" m="13799" /><F11/><N who="1" m="4169" /><E5/><V22/><F22/><W116/><G116/><T93/><D39/><U29/><E29/><V120/><F120/><W63/><G28/><T115/><D17/><U26/><E26/><V132/><F132/><W45/><G30/><T58/><D115/><N who="1" m="44107" /><E42/><V134/><F134/><N who="0" m="51210" /><D40/><U69/><E69/><V124/><N who="2" m="47633" /><V21/><DORA hai="2" /><F21/><W106/><G10/><T55/><D58/><U122/><E122/><V73/><F73/><AGARI ba="0,0" hai="48,51,73,77,81" m="44107,4169,50186" machi="73" ten="30,1000,0" yaku="19,1" doraHai="123,2" who="1" fromWho="2" sc="235,0,201,10,294,-10,270,0" /><INIT seed="3,0,0,0,1,59" ten="235,211,284,270" oya="3" hai0="105,12,62,5,112,37,21,26,95,80,19,30,91" hai1="33,99,42,8,74,31,32,4,82,111,126,90,49" hai2="58,93,50,127,69,118,132,23,1,73,13,102,133" hai3="66,48,15,17,70,14,125,51,2,9,64,131,117"/><W108/><G117/><T78/><D105/><U41/><E111/><V98/><F118/><W123/><G123/><T54/><D37/><U97/><E126/><V134/><F127/><W40/><G2/><T11/><D112/><U77/><E31/><V47/><F1/><W52/><G131/><T18/><D80/><U44/><E42/><V76/><F69/><W36/><G36/><T28/><D78/><U83/><E83/><V86/><F73/><W103/><G70/><T3/><D5/><U71/><E71/><V10/><F23/><N who="3" m="11703" /><G108/><T35/><D35/><U84/><E74/><V115/><F115/><W88/><G103/><T34/><D34/><U104/><E99/><V68/><F68/><W128/><G128/><T63/><D3/><U55/><E55/><V75/><F75/><W81/><G40/><T43/><D43/><U114/><E114/><V96/><F102/><W25/><G25/><T65/><D65/><N who="3" m="25193" /><G52/><T94/><D54/><U46/><E46/><V67/><F47/><W53/><G53/><T121/><D121/><U22/><E104/><V92/><F50/><W38/><G38/><T16/><D19/><U120/><E120/><V72/><F72/><W107/><G107/><T119/><D119/><U0/><REACH who="1" step="1"/><E22/><REACH who="1" ten="235,201,284,270" step="2"/><V101/><F98/><W109/><G109/><T27/><D95/><AGARI ba="0,1" hai="0,4,8,32,33,41,44,49,77,82,84,90,95,97" machi="95" ten="40,2600,0" yaku="1,1,2,1,53,0" doraHai="59" doraHaiUra="124" who="1" fromWho="0" sc="235,-26,201,36,284,0,270,0" /><INIT seed="4,0,0,5,5,92" ten="209,237,284,270" oya="0" hai0="75,114,54,125,31,58,52,100,123,37,23,99,88" hai1="122,66,110,67,48,74,10,105,104,64,113,120,11" hai2="7,56,55,62,112,128,53,119,107,131,33,71,1" hai3="49,111,102,4,78,96,124,133,32,17,14,90,57"/><T94/><D123/><U21/><E110/><V126/><F33/><W84/><G111/><T24/><D75/><U101/><E74/><V77/><F71/><W59/><G32/><T25/><D37/><U41/><E113/><V127/><F112/><W9/><G133/><T63/><D114/><U35/><E35/><V129/><F119/><W43/><G124/><N who="2" m="47657" /><F107/><W81/><G90/><T15/><D125/><U115/><E115/><V40/><F40/><W36/><G36/><T82/><D25/><U135/><E135/><V13/><F1/><W19/><G57/><N who="0" m="35239" /><D15/><U0/><E21/><V130/><F130/><W98/><G102/><T2/><D2/><U5/><E11/><N who="2" m="4351" /><F77/><W44/><G59/><T108/><D108/><U79/><E79/><V121/><F121/><W97/><AGARI ba="0,0" hai="4,9,14,17,19,43,44,49,78,81,84,96,97,98" machi="97" ten="30,12000,2" yaku="0,1,25,2,8,1,52,3" doraHai="92" who="3" fromWho="3" sc="209,-60,237,-30,284,-30,270,120" owari="149,-35.1,207,-19.3,254,5.4,390,49.0" /></mjloggm>