<mjloggm ver="2.3"><GO type="225" lobby="0"/><UN n0="%E5%82%8D%E8%8B%A5%E7%84%A1%E4%BA%BA%35%31" n1="%E3%81%95%E3%81%8D%E3%81%9F%E3%81%BE%E6%9E%97%E6%AA%8E" n2="%E3%81%9F%E3%81%93%E2%98%86%E7%84%BC%E3%81%8D" n3="%E8%90%BD%E6%97%A5" dan="16,16,16,19" rate="2044.44,2069.79,2100.54,2243.83" sx="M,M,M,F"/><TAIKYOKU oya="0"/><INIT seed="0,0,0,3,5,103" ten="250,250,250,250" oya="0" hai0="120,92,88,15,131,25,101,9,46,94,84,64,29" hai1="7,38,124,21,16,67,113,58,20,70,112,128,3" hai2="65,133,116,81,87,98,53,63,97,50,91,1,102" hai3="121,96,44,122,105,26,115,62,41,4,39,134,48"/><T118/><D120/><N who="3" m="46185" /><G115/><N who="1" m="44106" /><E128/><V59/><F1/><W126/><G134/><T85/><D118/><U123/><E124/><V78/><F133/><W49/><G126/><T56/><D131/><U93/><E123/><V33/><F33/><W106/><G96/><N who="2" m="36969" /><F102/><W108/><G108/><T34/><D46/><U86/><E38/><V32/><F32/><W30/><G4/><T36/><D36/><U73/><E73/><V79/><F116/><W12/><G12/><T130/><D101/><U110/><E110/><V107/><F107/><N who="3" m="40971" /><G62/><T10/><D130/><U83/><E7/><V69/><F69/><W135/><G135/><T11/><D15/><U13/><E3/><V109/><F109/><W57/><G57/><T90/><D56/><U22/><E70/><V72/><F72/><W68/><G68/><T76/><D64/><U54/><E67/><V23/><F65/><W28/><G28/><T119/><D119/><U43/><E58/><V31/><F63/><W51/><G39/><T17/><D17/><U125/><E16/><V55/><F31/><W14/><G14/><T35/><D35/><AGARI ba="0,0" hai="26,30,35,41,44,48,49,51" m="40971,46185" machi="35" ten="30,7700,0" yaku="13,1,52,3" doraHai="103" who="3" fromWho="0" sc="250,-77,250,0,250,0,250,77" /><INIT seed="1,0,0,3,2,18" ten="173,250,250,327" oya="1" hai0="44,79,129,82,83,101,28,92,134,67,22,30,100" hai1="13,42,69,2,121,15,96,3,110,116,105,117,94" hai2="97,36,76,8,19,126,77,33,71,53,111,88,104" hai3="7,89,10,60,128,106,72,68,115,27,54,130,21"/><U109/><E121/><V26/><F36/><W11/><G115/><T34/><D134/><U6/><E69/><V93/><F71/><W59/><G72/><T133/><D133/><U16/><E105/><V80/><F111/><N who="1" m="42505" /><E42/><V49/><F126/><W81/><G106/><T5/><D129/><N who="3" m="49769" /><G68/><T40/><D34/><U124/><E124/><V70/><F70/><W39/><G39/><T50/><D67/><U107/><E107/><V132/><F33/><W9/><G89/><T75/><D5/><U108/><E13/><N who="2" m="7591" /><F104/><W65/><G81/><T37/><D83/><U91/><E6/><V46/><F132/><W23/><G7/><T118/><D118/><N who="1" m="45675" /><E108/><V112/><F112/><W55/><G23/><AGARI ba="0,0" hai="2,3,15,16,23,91,94,96" m="45675,42505" machi="23" ten="30,11600,0" yaku="14,1,10,1,52,1,54,1" doraHai="18" who="1" fromWho="3" sc="173,0,250,116,250,0,327,-116" /><INIT seed="1,1,0,2,0,46" ten="173,366,250,211" oya="1" hai0="22,38,91,57,76,114,36,112,26,4,37,33,14" hai1="23,24,129,30,63,96,83,108,7,115,25,34,47" hai2="123,109,27,70,89,90,92,87,42,15,101,45,43" hai3="9,28,119,88,111,78,85,113,2,19,124,16,68"/><U106/><E115/><V11/><F70/><W44/><G68/><T60/><D76/><U84/><E129/><V126/><F123/><W102/><G102/><T105/><D105/><U6/><E108/><V125/><F109/><W41/><G113/><T61/><D33/><U80/><E106/><V75/><F75/><W77/><G111/><T48/><D91/><U86/><E96/><V93/><F101/><W116/><G124/><N who="2" m="47721" /><F27/><W54/><G54/><T29/><D114/><U13/><E63/><V110/><F110/><W135/><G28/><T17/><D112/><U39/><E39/><V49/><F43/><W133/><G2/><T79/><D79/><N who="3" m="30217" /><G9/><T104/><D104/><U127/><E127/><V98/><F15/><W40/><G40/><T65/><D4/><U120/><E13/><V132/><F11/><W12/><G12/><T122/><D122/><U81/><E120/><V35/><F35/><W55/><G55/><T72/><D72/><U0/><E0/><V10/><F10/><W99/><G99/><T82/><D82/><N who="1" m="31851" /><E34/><V95/><F95/><N who="3" m="54671" /><G44/><T71/><D14/><U18/><E47/><V134/><AGARI ba="1,0" hai="42,45,49,87,89,90,92,93,98,132,134" m="47721" machi="134" ten="30,2000,0" yaku="18,1,52,1" doraHai="46" who="2" fromWho="2" sc="173,-6,366,-11,250,23,211,-6" /><INIT seed="2,0,0,1,4,89" ten="167,355,273,205" oya="2" hai0="13,107,72,92,86,2,119,102,94,33,117,67,76" hai1="16,20,15,73,9,14,75,108,28,7,91,60,104" hai2="88,82,10,85,30,68,124,26,63,98,18,62,17" hai3="11,61,130,87,66,27,84,109,106,90,126,4,133"/><V47/><F68/><W37/><G37/><T122/><D2/><U25/><E108/><V112/><F112/><W116/><G116/><N who="0" m="44619" /><D33/><U121/><E121/><V55/><F98/><W57/><G109/><T42/><D122/><U36/><E36/><V95/><F124/><W81/><G126/><T69/><D42/><U23/><E104/><V43/><F55/><W3/><G130/><T115/><D115/><U111/><E111/><V58/><F82/><W131/><G131/><T129/><D129/><U74/><E91/><V134/><F10/><W135/><G106/><T56/><D69/><U40/><E40/><V22/><F134/><W64/><G64/><T97/><D13/><U118/><E118/><V99/><F62/><W41/><G41/><T123/><D72/><U48/><E48/><V53/><F99/><W29/><REACH who="3" step="1"/><G87/><REACH who="3" ten="167,355,273,195" step="2"/><T34/><D123/><U127/><E127/><V44/><F43/><W103/><G103/><T83/><D34/><AGARI ba="0,1" hai="3,4,11,27,29,34,57,61,66,81,84,90,133,135" machi="34" ten="40,2600,0" yaku="1,1,53,1" doraHai="89" doraHaiUra="79" who="3" fromWho="0" sc="167,-26,355,0,273,0,195,36" /><INIT seed="3,0,0,3,0,23" ten="141,355,273,231" oya="3" hai0="4,106,7,30,114,133,58,104,65,89,6,83,91" hai1="32,88,120,62,86,134,49,34,22,128,132,75,72" hai2="82,124,55,94,122,45,101,16,126,112,105,39,123" hai3="115,109,119,131,66,84,60,95,96,52,35,47,107"/><W130/><G115/><T74/><D114/><U118/><E120/><N who="2" m="46123" /><F105/><W46/><G119/><T77/><D133/><N who="1" m="51307" /><E128/><N who="3" m="49194" /><G35/><N who="1" m="13354" /><E118/><V71/><F71/><N who="3" m="42439" /><G109/><T14/><D30/><U59/><E22/><V0/><F82/><W117/><G117/><T41/><D41/><U67/><E49/><N who="2" m="29103" /><F0/><W127/><G127/><T63/><REACH who="0" step="1"/><D14/><REACH who="0" ten="131,355,273,231" step="2"/><U64/><E64/><V57/><F112/><W48/><G107/><AGARI ba="0,1" hai="4,6,7,58,63,65,74,77,83,89,91,104,106,107" machi="107" ten="40,2600,0" yaku="1,1,2,1,53,0" doraHai="23" doraHaiUra="113" who="0" fromWho="3" sc="131,36,355,0,273,0,231,-26" owari="167,-33.3,355,45.5,273,7.3,205,-19.5" /></mjloggm>