<mjloggm ver="2.3"><GO type="225" lobby="0"/><UN n0="%E3%81%86%E3%82%8C%E3%81%9F%E3%82%93%E6%9E%95" n1="%74%61%6B%65%2D%79%6F%75" n2="%E3%81%82%E3%81%99%E3%81%AB%E3%82%83%E3%82%80" n3="%53%61%63%68%69%30%34" dan="16,17,16,16" rate="2112.97,2129.23,2062.49,2075.92" sx="F,M,F,M"/><TAIKYOKU oya="0"/><INIT seed="0,0,0,2,4,67" ten="250,250,250,250" oya="0" hai0="103,59,49,73,61,40,51,56,55,0,76,35,8" hai1="10,57,82,131,83,119,12,18,53,38,33,133,26" hai2="2,95,105,52,64,25,30,65,109,110,14,115,96" hai3="121,101,98,123,104,116,15,90,45,80,19,44,97"/><T34/><D103/><U93/><E119/><V9/><F2/><W62/><G116/><T77/><D40/><U58/><E131/><V128/><F105/><W84/><G97/><T79/><D73/><U86/><E38/><V100/><F128/><W78/><G78/><T5/><REACH who="0" step="1"/><D49/><REACH who="0" ten="240,250,250,250" step="2"/><U37/><E37/><V6/><F115/><W17/><G121/><T23/><D23/><U134/><E33/><V46/><F109/><W31/><G101/><T113/><D113/><U99/><E133/><V85/><F110/><W16/><G123/><T24/><D24/><U41/><E26/><V91/><F25/><W71/><G104/><T48/><D48/><U124/><E41/><V63/><F30/><W70/><G45/><T94/><D94/><U68/><E93/><N who="2" m="58383" /><F46/><W66/><G44/><T127/><D127/><U108/><E124/><V32/><F32/><W129/><G80/><T114/><D114/><U22/><E83/><V3/><F3/><W72/><G31/><T20/><D20/><U102/><E82/><V39/><F39/><W81/><G72/><T132/><D132/><U130/><E22/><V92/><F95/><W135/><G135/><T54/><AGARI ba="0,1" hai="0,5,8,34,35,51,54,55,56,59,61,76,77,79" machi="54" ten="30,3000,0" yaku="1,1,0,1,53,0" doraHai="67" doraHaiUra="13" who="0" fromWho="0" sc="240,40,250,-10,250,-10,250,-10" /><INIT seed="0,1,0,0,2,35" ten="280,240,240,240" oya="0" hai0="101,22,109,58,108,26,97,104,131,62,91,59,63" hai1="53,34,19,38,93,21,49,74,16,51,115,3,71" hai2="54,127,52,106,77,134,28,133,73,24,76,44,61" hai3="72,57,40,67,105,122,83,120,23,88,130,119,95"/><T56/><D131/><U55/><E115/><V48/><F106/><W80/><G119/><T69/><D91/><U60/><E38/><V20/><F127/><W13/><G105/><T14/><D14/><U41/><E34/><V68/><F73/><W78/><G130/><T1/><D1/><U117/><E117/><V90/><F90/><W84/><G40/><T66/><REACH who="0" step="1"/><D63/><REACH who="0" ten="270,240,240,240" step="2"/><U99/><E60/><V46/><F61/><W123/><G13/><T39/><D39/><U2/><E49/><V82/><F76/><W126/><G78/><T118/><D118/><U128/><E51/><V103/><F48/><W8/><G88/><T98/><D98/><U112/><E99/><V10/><F77/><W79/><G79/><T0/><D0/><U30/><E2/><V113/><F24/><W42/><G122/><T27/><D27/><U85/><E3/><V50/><F50/><W12/><G123/><T86/><D86/><U116/><E85/><V45/><F44/><W124/><G84/><T17/><AGARI ba="1,1" hai="17,22,26,56,58,59,62,66,69,97,101,104,108,109" machi="17" ten="30,3000,0" yaku="1,1,0,1,53,0" doraHai="35" doraHaiUra="87" who="0" fromWho="0" sc="270,43,240,-11,240,-11,240,-11" /><INIT seed="0,2,0,1,0,81" ten="313,229,229,229" oya="0" hai0="130,25,132,117,126,28,112,38,127,77,55,66,63" hai1="89,4,108,96,68,118,18,72,58,15,115,103,9" hai2="43,94,31,39,54,79,121,7,129,52,100,88,36" hai3="82,32,105,44,67,19,6,5,69,123,87,45,3"/><T33/><D117/><U21/><E118/><V120/><F100/><W29/><G105/><T76/><D112/><U42/><E68/><V114/><F114/><W34/><G123/><T22/><D130/><U124/><E115/><V80/><F129/><W91/><G19/><T70/><D132/><U57/><E108/><V86/><F7/><W128/><G128/><T46/><D33/><U98/><E72/><V106/><F106/><W113/><G113/><T13/><D13/><U53/><E124/><N who="0" m="47657" /><D55/><U99/><E42/><AGARI ba="2,0" hai="22,25,28,38,42,46,63,66,70,76,77" m="47657" machi="42" ten="30,1500,0" yaku="18,1" doraHai="81" who="0" fromWho="1" sc="313,21,229,-21,229,0,229,0" /><INIT seed="0,3,0,4,5,115" ten="334,208,229,229" oya="0" hai0="121,58,108,82,117,20,64,75,55,33,89,74,119" hai1="27,43,112,91,85,36,69,123,30,93,114,40,102" hai2="7,54,38,5,80,79,34,51,100,84,104,78,107" hai3="28,70,13,116,88,105,118,92,19,0,132,17,130"/><T96/><D121/><U6/><E123/><V133/><F38/><W86/><G0/><T39/><D33/><U120/><E120/><V87/><F34/><W73/><G70/><T2/><D39/><U31/><E69/><V26/><F133/><W46/><G73/><T42/><D42/><U57/><E6/><V35/><F100/><W44/><G105/><T24/><D2/><U47/><E43/><V81/><F104/><W76/><G132/><T126/><D64/><U65/><E102/><V11/><F107/><W15/><G28/><T111/><D126/><U53/><E65/><V41/><F41/><W101/><G101/><T23/><D23/><U77/><E77/><V103/><F11/><W14/><G76/><N who="0" m="44311" /><D96/><U83/><E83/><V60/><F60/><W22/><G130/><T16/><D89/><U62/><REACH who="1" step="1"/><E27/><REACH who="1" ten="334,198,229,229" step="2"/><V124/><F103/><W94/><G94/><T122/><D75/><U29/><AGARI ba="3,1" hai="29,30,31,36,40,47,53,57,62,85,91,93,112,114" machi="29" ten="30,4000,0" yaku="1,1,2,1,0,1,53,0" doraHai="115" doraHaiUra="125" who="1" fromWho="1" sc="334,-23,198,59,229,-13,229,-13" /><INIT seed="1,0,0,0,3,133" ten="311,257,216,216" oya="1" hai0="21,81,53,106,102,92,22,0,18,62,85,50,134" hai1="118,86,13,122,128,119,76,130,1,8,14,24,101" hai2="47,41,29,31,103,104,95,91,108,107,114,40,5" hai3="109,20,99,48,30,7,63,88,111,32,67,25,80"/><U94/><E122/><V19/><F108/><N who="3" m="41547" /><G7/><T6/><D134/><U124/><E124/><V52/><F5/><W35/><G48/><T49/><D106/><U9/><E24/><V23/><F114/><W34/><G80/><T68/><D0/><U105/><E1/><V64/><F64/><W117/><G117/><N who="1" m="44554" /><E105/><V26/><F103/><W45/><G45/><T79/><D6/><U42/><E42/><N who="2" m="16491" /><F107/><W93/><G34/><T113/><D113/><U120/><E120/><V27/><F27/><W71/><AGARI ba="0,0" hai="20,25,30,32,35,63,67,71,88,93,99" m="41547" machi="71" ten="30,2000,0" yaku="14,1,54,1" doraHai="133" who="3" fromWho="3" sc="311,-5,257,-10,216,-5,216,20" /><INIT seed="2,0,0,3,2,26" ten="306,247,211,236" oya="2" hai0="135,8,108,6,69,99,65,111,114,51,87,29,47" hai1="18,20,124,24,72,25,109,121,34,50,95,59,54" hai2="62,100,17,90,13,66,97,92,16,9,106,115,127" hai3="68,83,64,23,101,36,96,71,31,112,10,120,94"/><V0/><F127/><W30/><G120/><T130/><D130/><U35/><E124/><V110/><F115/><W98/><G36/><T88/><D135/><U84/><E121/><V27/><F0/><W39/><G39/><T78/><D29/><U41/><E109/><N who="0" m="42057" /><D114/><U52/><E72/><V21/><F110/><W122/><G122/><T2/><D78/><U73/><E73/><V91/><REACH who="2" step="1"/><F106/><REACH who="2" ten="306,247,201,236" step="2"/><W32/><G112/><T58/><D69/><AGARI ba="0,1" hai="9,13,16,17,21,27,62,66,69,90,91,92,97,100" machi="69" ten="30,11600,0" yaku="1,1,2,1,7,1,54,1,53,0" doraHai="26" doraHaiUra="119" who="2" fromWho="0" sc="306,-116,247,0,201,126,236,0" /><INIT seed="2,1,0,3,5,60" ten="190,247,327,236" oya="2" hai0="0,14,39,32,105,52,112,12,64,66,130,93,47" hai1="44,36,53,42,80,24,122,118,95,27,74,75,90" hai2="119,125,72,13,121,109,63,103,99,69,18,111,87" hai3="101,51,98,1,132,6,78,127,100,70,131,128,120"/><V83/><F119/><W134/><G70/><T114/><D105/><U49/><E118/><V17/><F72/><W46/><G120/><T126/><D32/><U31/><E122/><V117/><F121/><W37/><G37/><T82/><D0/><U67/><E67/><N who="0" m="25641" /><D39/><U91/><E80/><V5/><F63/><W9/><G78/><T30/><D114/><U104/><E104/><V34/><F69/><W85/><G127/><T35/><D35/><U2/><E2/><V135/><F125/><W3/><G3/><T4/><D126/><U48/><E36/><V86/><F34/><W79/><G131/><T61/><D112/><U84/><E75/><V133/><F117/><W16/><G128/><T115/><D115/><U38/><E74/><V65/><F65/><W25/><G101/><T62/><D130/><U71/><E38/><V97/><F103/><W41/><G132/><N who="2" m="50761" /><F5/><W88/><G134/><T107/><D107/><U54/><E71/><V19/><F13/><N who="0" m="5226" /><D4/><U68/><E68/><V113/><F113/><W76/><G6/><T123/><D123/><U50/><E42/><V28/><F28/><W96/><G1/><T21/><D82/><U33/><E33/><V7/><F83/><N who="3" m="49215" /><G9/><T108/><D108/><N who="2" m="41546" /><F7/><W124/><G124/><T116/><D116/><U26/><E31/><V89/><F17/><W45/><G16/><T22/><D93/><U94/><E94/><V55/><F18/><W57/><G25/><N who="0" m="16687" /><D22/><U20/><E20/><V11/><F19/><W10/><G10/><T58/><D62/><U73/><E95/><V43/><F11/><W59/><G51/><RYUUKYOKU ba="1,0" sc="190,30,247,-10,327,-10,236,-10" hai0="47,52,58,61" /><INIT seed="3,2,0,1,2,15" ten="220,237,317,226" oya="3" hai0="46,105,29,31,47,7,125,53,16,58,70,124,88" hai1="68,77,25,37,40,122,39,45,129,114,113,61,123" hai2="90,133,30,71,86,9,48,22,121,60,24,132,79" hai3="95,128,102,82,52,99,50,130,89,35,69,92,131"/><W118/><G118/><T84/><D70/><U119/><E77/><V67/><F121/><N who="1" m="46089" /><E25/><V0/><F48/><W20/><G35/><T23/><D105/><U62/><E119/><V28/><F79/><W18/><G69/><T36/><D7/><U51/><E129/><V127/><F127/><N who="0" m="48714" /><D36/><N who="1" m="13899" /><E68/><V59/><F71/><W80/><G89/><T97/><D97/><U134/><E134/><N who="2" m="51819" /><F0/><W27/><G95/><N who="0" m="54663" /><D31/><U87/><E87/><V117/><F117/><W94/><G94/><T8/><D8/><U13/><E113/><V3/><F9/><W64/><G64/><T126/><N who="0" m="48722" /><T85/><DORA hai="12" /><D85/><U63/><E114/><V74/><F74/><W4/><G4/><T43/><D43/><U78/><E40/><V14/><F3/><W112/><G112/><T5/><D29/><U42/><E42/><V65/><F30/><W109/><G109/><T44/><D5/><U108/><E108/><V10/><F86/><W26/><G26/><N who="0" m="14695" /><D58/><AGARI ba="2,0" hai="18,20,27,50,52,58,80,82,92,99,102,128,130,131" machi="58" ten="40,12000,1" yaku="19,1,52,2,54,1" doraHai="15,12" who="3" fromWho="0" sc="220,-126,237,0,317,0,226,126" owari="94,-40.6,237,-16.3,317,11.7,352,45.2" /></mjloggm>