<mjloggm ver="2.3"><GO type="225" lobby="0"/><UN n0="%43%6F%66%66%65%65" n1="%33%74%72%65%65" n2="%28%EF%BF%A3%E2%96%BD%EF%BF%A3%29%CE%B4%E2%8C%92%E3%83%BB" n3="%77%72%77%72%77%72%77%72" dan="17,16,16,17" rate="2162.34,2197.02,2133.72,2158.98" sx="F,F,M,M"/><TAIKYOKU oya="0"/><INIT seed="0,0,0,5,0,110" ten="250,250,250,250" oya="0" hai0="56,11,26,123,127,95,63,57,122,132,107,75,60" hai1="68,19,32,121,48,17,73,50,62,16,49,1,100" hai2="8,116,91,85,24,18,38,134,7,43,29,97,66" hai3="4,59,126,72,45,106,108,117,89,79,23,131,47"/><T74/><BYE who="3" /><D107/><U83/><E121/><V33/><F116/><W124/><G124/><T125/><D95/><UN n3="%77%72%77%72%77%72%77%72" /><U133/><E133/><V103/><F134/><W42/><G126/><N who="0" m="48139" /><D26/><U44/><E1/><V12/><F66/><W119/><G106/><T0/><D11/><U80/><E32/><V76/><F76/><W37/><G108/><T36/><D36/><U115/><E115/><V96/><F103/><W86/><G131/><T39/><D39/><U55/><E100/><V65/><F65/><W120/><G120/><N who="0" m="46123" /><D0/><U41/><E73/><N who="0" m="27657" /><D132/><U111/><E111/><V20/><F43/><W90/><G42/><T71/><D71/><U5/><E68/><V58/><F38/><W34/><G37/><T82/><D82/><N who="1" m="31275" /><E5/><V114/><F58/><AGARI ba="0,0" hai="56,57,58,60,63" m="27657,46123,48139" machi="58" ten="40,7700,0" yaku="28,2,18,1" doraHai="110" who="0" fromWho="2" sc="250,77,250,0,250,-77,250,0" /><AGARI ba="0,0" hai="16,17,19,41,44,48,49,50,55,58,62" m="31275" machi="58" ten="30,2000,0" yaku="8,1,54,1" doraHai="110" who="1" fromWho="2" sc="327,0,250,20,173,-20,250,0" /><INIT seed="0,1,0,2,4,42" ten="327,270,153,250" oya="0" hai0="127,40,36,95,108,47,132,66,33,57,62,22,92" hai1="89,110,105,63,76,114,70,39,29,104,83,109,71" hai2="30,80,21,32,45,7,56,85,52,106,119,130,84" hai3="98,9,88,131,121,135,81,94,20,122,73,8,53"/><T60/><D33/><U6/><E114/><V64/><F106/><N who="1" m="41065" /><E39/><V31/><F32/><W34/><G34/><T65/><D127/><U49/><E29/><V46/><F119/><W61/><G131/><T13/><D132/><U67/><E6/><V10/><F64/><W116/><G116/><T75/><D75/><N who="1" m="43423" /><E89/><N who="2" m="51335" /><F85/><W17/><G135/><T14/><D108/><N who="1" m="41579" /><E49/><N who="2" m="30735" /><F130/><W107/><G107/><T38/><D38/><U28/><E28/><N who="2" m="10795" /><F21/><W44/><G73/><T74/><D74/><U43/><E43/><V0/><F0/><W125/><G125/><T99/><D22/><U90/><E90/><V12/><AGARI ba="1,0" hai="7,10,12,45,46" m="10795,30735,51335" machi="12" ten="30,7900,0" yaku="8,1,52,2,54,1" doraHai="42" who="2" fromWho="2" sc="327,-40,270,-21,153,82,250,-21" /><INIT seed="1,0,0,4,3,99" ten="287,249,235,229" oya="1" hai0="60,92,8,96,121,63,33,122,16,5,12,6,50" hai1="93,97,15,38,9,31,103,107,34,65,1,66,58" hai2="13,32,112,101,68,113,130,43,94,118,104,129,78" hai3="53,108,61,56,110,51,27,37,45,10,18,7,132"/><U83/><E38/><V86/><F68/><W55/><G37/><T76/><D33/><U17/><E1/><V131/><F32/><W128/><G128/><T114/><D114/><N who="2" m="44138" /><F43/><W70/><G132/><T39/><D39/><U46/><E46/><V82/><F13/><W48/><G18/><T26/><D76/><U85/><E58/><V98/><F118/><W87/><G87/><T20/><D50/><U123/><E123/><N who="0" m="47113" /><D5/><U2/><E2/><V24/><F24/><W19/><G19/><T109/><D109/><N who="3" m="42089" /><G27/><T79/><D79/><U91/><E34/><V29/><F29/><W22/><G22/><T135/><D135/><U73/><E31/><V105/><AGARI ba="0,0" hai="78,82,86,94,98,101,104,105,129,130,131" m="44138" machi="105" ten="40,8000,1" yaku="19,1,11,1,34,2,52,1" doraHai="99" who="2" fromWho="2" sc="287,-20,249,-40,235,80,229,-20" /><INIT seed="2,0,0,5,3,56" ten="267,209,315,209" oya="2" hai0="2,71,97,96,28,72,18,24,110,120,82,9,123" hai1="65,63,29,135,75,108,37,26,81,112,36,102,6" hai2="0,55,5,67,4,87,12,41,50,54,68,134,58" hai3="13,14,84,27,57,126,83,11,92,111,39,22,38"/><V98/><F0/><W17/><G111/><T86/><D72/><U109/><E112/><V127/><F127/><W90/><G126/><T106/><D110/><N who="1" m="42603" /><E135/><V20/><F134/><W113/><G113/><T23/><D71/><N who="1" m="42431" /><E6/><N who="2" m="2667" /><F68/><W60/><G83/><T1/><D1/><U8/><E8/><V45/><F98/><W77/><G77/><T130/><D130/><U117/><E117/><V43/><F87/><W15/><REACH who="3" step="1"/><G11/><REACH who="3" ten="267,209,315,199" step="2"/><T53/><D9/><U118/><E118/><V107/><F107/><W47/><G47/><T21/><D106/><U74/><E81/><V95/><F95/><W91/><G91/><T133/><D82/><U114/><E114/><V128/><F128/><W25/><G25/><T79/><D24/><U100/><E100/><V122/><F45/><W105/><G105/><T73/><D79/><U59/><E102/><V46/><F46/><W7/><G7/><T101/><D101/><U30/><E26/><V48/><F12/><W89/><G89/><T42/><D2/><U124/><E124/><V44/><F44/><W35/><G35/><T3/><D3/><U104/><E104/><V19/><F43/><W66/><AGARI ba="0,1" hai="13,14,15,17,22,27,38,39,57,60,66,84,90,92" machi="66" ten="30,4000,0" yaku="1,1,0,1,52,1,53,0" doraHai="56" doraHaiUra="121" who="3" fromWho="3" sc="267,-10,209,-10,315,-20,199,50" /><INIT seed="3,0,0,3,5,90" ten="257,199,295,249" oya="3" hai0="133,3,119,134,39,108,107,79,34,114,118,124,29" hai1="53,72,46,129,58,8,19,96,41,102,12,33,130" hai2="25,35,123,60,111,62,103,122,31,54,5,24,18" hai3="71,32,2,98,113,66,75,68,56,92,17,27,21"/><W38/><G113/><T44/><RYUUKYOKU type="yao9" ba="0,0" sc="257,0,199,0,295,0,249,0" hai0="3,29,34,39,44,79,107,108,114,118,119,124,133,134" /><INIT seed="3,1,0,1,3,50" ten="257,199,295,249" oya="3" hai0="95,128,8,81,86,68,22,14,13,98,39,3,112" hai1="99,122,30,60,52,53,67,120,10,109,0,85,18" hai2="96,91,134,80,106,56,111,82,124,9,17,37,110" hai3="6,71,108,129,115,121,55,104,40,45,49,64,28"/><W87/><G104/><T133/><D68/><U84/><E30/><V62/><F37/><W102/><G115/><T118/><D118/><U94/><E109/><N who="2" m="41483" /><F134/><W31/><G121/><T59/><D39/><U116/><E116/><V25/><F124/><W70/><G108/><T63/><D3/><U61/><E122/><V5/><F17/><W34/><G129/><T90/><D128/><U38/><E38/><V11/><F25/><W77/><G102/><T79/><D133/><U47/><E120/><V125/><F125/><W51/><G6/><T113/><D22/><U130/><E130/><V97/><F11/><W127/><G127/><T15/><REACH who="0" step="1"/><D8/><REACH who="0" ten="247,199,295,249" step="2"/><U20/><E10/><V48/><F9/><W74/><G71/><T135/><D135/><U19/><E0/><V103/><F5/><W105/><G70/><T65/><AGARI ba="1,1" hai="13,14,15,59,63,65,79,81,86,90,95,98,112,113" machi="65" ten="30,2000,0" yaku="1,1,0,1,53,0" doraHai="50" doraHaiUra="107" who="0" fromWho="0" sc="247,33,199,-6,295,-6,249,-11" /><INIT seed="4,0,0,0,1,55" ten="280,193,289,238" oya="0" hai0="1,74,56,90,117,20,97,51,125,22,72,76,101" hai1="69,121,119,43,4,75,32,60,118,50,131,33,13" hai2="29,134,79,124,126,120,122,10,99,25,36,63,112" hai3="9,123,47,54,31,0,19,57,62,52,130,27,64"/><T111/><D117/><U83/><E121/><V58/><F36/><W53/><G123/><T81/><D1/><U35/><E131/><V82/><F112/><W103/><G130/><T5/><D5/><U48/><E4/><V46/><F46/><W65/><G103/><T88/><D74/><U86/><E75/><N who="2" m="43391" /><F99/><W17/><G0/><T93/><D125/><N who="2" m="48234" /><F10/><W7/><G7/><T100/><D111/><U92/><E43/><V89/><F89/><W106/><G106/><T61/><D51/><U11/><E118/><V59/><F59/><N who="3" m="36959" /><G9/><T71/><D71/><U87/><E119/><V113/><F134/><W49/><G65/><T107/><D90/><U95/><E69/><V16/><F16/><N who="3" m="6219" /><G47/><T12/><D12/><U132/><E132/><V102/><F102/><W39/><G39/><T80/><D101/><U26/><E11/><V3/><F3/><W109/><G109/><T24/><D81/><U108/><E108/><V110/><F113/><W21/><AGARI ba="0,0" hai="21,27,31,49,52,53,54,57" m="6219,36959" machi="21" ten="30,8000,1" yaku="8,1,52,2,54,2" doraHai="55" who="3" fromWho="3" sc="280,-40,193,-20,289,-20,238,80" owari="240,-16.0,173,-32.7,269,6.9,318,41.8" /></mjloggm>