<mjloggm ver="2.3"><GO type="225" lobby="0"/><UN n0="%6D%75%75%6D%75%72%61" n1="%E6%B8%A9%E2%98%85%E6%83%85%E2%98%85%E6%8E%AA%E2%98%85%E7%BD%AE" n2="%E5%B0%8F%E9%B3%A5%E9%81%8A%E7%B7%B4%E7%84%A1%32%31%E6%AD%B3" n3="%E5%8D%A0%E3%81%84%E5%B8%AB%E8%A3%8F%E3%81%AA%E3%81%84%E3%81%97" dan="17,16,16,17" rate="2168.88,2170.72,2182.28,2184.45" sx="F,M,F,M"/><TAIKYOKU oya="0"/><INIT seed="0,0,0,3,0,13" ten="250,250,250,250" oya="0" hai0="134,87,36,34,85,59,126,6,76,114,32,48,51" hai1="54,103,22,98,58,73,41,110,86,5,39,105,133" hai2="64,84,23,96,124,113,88,130,14,56,7,74,91" hai3="108,69,80,92,40,50,104,111,42,129,100,62,120"/><T35/><D114/><U93/><E110/><N who="3" m="42026" /><G104/><T97/><D36/><U127/><E133/><V53/><F74/><W18/><G129/><T20/><D134/><U45/><E127/><V82/><F124/><W90/><G120/><T78/><D126/><U29/><E73/><V47/><F113/><W72/><G100/><T37/><D37/><U101/><E5/><V43/><F130/><W99/><G50/><T44/><D6/><U31/><E22/><V3/><F64/><N who="3" m="41111" /><G18/><T55/><D97/><U12/><E12/><V106/><F3/><W52/><G52/><T67/><D20/><U21/><E21/><V79/><F7/><W66/><G66/><T71/><D71/><U38/><E39/><V63/><F43/><W24/><G24/><T68/><D68/><U95/><E105/><V9/><F47/><W123/><G123/><T102/><D102/><U33/><E103/><V122/><F122/><W16/><G16/><T57/><D67/><U109/><E109/><V8/><F106/><W117/><G117/><T116/><D116/><U70/><E70/><V132/><F132/><W4/><G4/><T15/><D15/><U119/><E33/><V112/><F112/><W2/><G2/><T1/><D1/><U83/><E119/><V118/><F118/><W17/><G17/><T28/><D28/><N who="1" m="10827" /><E54/><V75/><F8/><W60/><G60/><T19/><D19/><U25/><E58/><N who="0" m="22025" /><D48/><U94/><E25/><V27/><F9/><W30/><G30/><T107/><D107/><U89/><E38/><V11/><F11/><W115/><G115/><T46/><D46/><RYUUKYOKU ba="0,0" sc="250,10,250,10,250,-30,250,10" hai0="32,34,35,44,51,55,76,78,85,87" hai1="41,45,83,86,89,93,94,95,98,101" hai3="40,42,72,80,90,92,99" /><INIT seed="0,1,0,2,5,27" ten="260,260,220,260" oya="0" hai0="80,47,14,58,66,93,40,122,74,64,52,39,19" hai1="72,1,63,67,71,43,45,46,82,79,91,90,29" hai2="85,128,13,37,133,77,120,69,134,73,38,99,10" hai3="24,116,117,28,125,124,96,12,20,104,30,3,23"/><T9/><D122/><U89/><E1/><V59/><F120/><W60/><G3/><T108/><D108/><U68/><E68/><V57/><F69/><W118/><G60/><T7/><D93/><U87/><E29/><N who="3" m="11370" /><G12/><T2/><D80/><U44/><REACH who="1" step="1"/><E43/><REACH who="1" ten="260,250,220,260" step="2"/><V129/><F133/><W75/><G75/><AGARI ba="1,1" hai="44,45,46,63,67,71,72,75,79,82,87,89,90,91" machi="75" ten="40,2600,0" yaku="1,1,2,1,53,0" doraHai="27" doraHaiUra="111" who="1" fromWho="3" sc="260,0,250,39,220,0,260,-29" /><INIT seed="1,0,0,3,2,38" ten="260,289,220,231" oya="1" hai0="40,70,90,122,97,128,37,3,39,110,95,105,86" hai1="134,131,29,31,100,65,28,32,34,108,67,98,30" hai2="51,129,23,83,44,4,130,27,106,14,88,47,21" hai3="43,81,82,10,133,119,41,92,36,80,62,124,101"/><U71/><E134/><V55/><F106/><W57/><G36/><T19/><D110/><U111/><E131/><N who="2" m="50187" /><F27/><W94/><G124/><T112/><D112/><U121/><E121/><V18/><F4/><W118/><G133/><T15/><D128/><U24/><E34/><V78/><F44/><W85/><G10/><T59/><D122/><U75/><E75/><V8/><F78/><W109/><G109/><N who="1" m="42058" /><E71/><V96/><F96/><N who="3" m="59527" /><G94/><AGARI ba="0,0" hai="24,28,29,30,31,32,65,67,94,98,100" m="42058" machi="94" ten="30,2900,0" yaku="14,1,10,1" doraHai="38" who="1" fromWho="3" sc="260,0,289,29,220,0,231,-29" /><INIT seed="1,1,0,5,0,21" ten="260,318,220,202" oya="1" hai0="55,113,37,101,1,26,109,45,125,111,44,80,53" hai1="56,36,94,2,58,54,100,4,135,33,75,24,89" hai2="129,69,115,50,82,42,134,107,18,64,127,32,60" hai3="79,120,97,74,88,71,39,119,124,105,9,67,23"/><U121/><E121/><V112/><F32/><W103/><G120/><T10/><D113/><N who="2" m="43594" /><F127/><W46/><G124/><T5/><D125/><U78/><E36/><V96/><F129/><W114/><G114/><T128/><D128/><U3/><E100/><N who="2" m="62855" /><F82/><W70/><G119/><T17/><D101/><U51/><E135/><V102/><F102/><W19/><G9/><T62/><D80/><U25/><E33/><V99/><F99/><W59/><G79/><T73/><D73/><U65/><E78/><V15/><F50/><W116/><G74/><T22/><D62/><U0/><E75/><V16/><F42/><W110/><G110/><N who="0" m="41995" /><D37/><U76/><E76/><V90/><F90/><W84/><G116/><T92/><D92/><U31/><E89/><V63/><F134/><W35/><G35/><T14/><D1/><U95/><E3/><V68/><F15/><W85/><G85/><T93/><D93/><U108/><E2/><V38/><F38/><W30/><G39/><T34/><D34/><N who="1" m="20839" /><E95/><V86/><F86/><W52/><G46/><AGARI ba="1,0" hai="5,10,14,17,22,26,44,45,46,53,55" m="41995" machi="46" ten="30,2000,0" yaku="14,1,52,1" doraHai="21" who="0" fromWho="3" sc="260,23,318,0,220,0,202,-23" /><INIT seed="2,0,0,2,1,100" ten="283,318,220,179" oya="2" hai0="50,93,73,60,91,10,58,44,59,108,41,5,35" hai1="97,96,92,84,77,129,61,105,40,0,122,39,45" hai2="107,130,53,83,80,54,26,16,123,48,31,127,56" hai3="47,132,110,29,4,33,6,28,65,34,12,21,111"/><V70/><F123/><W37/><G65/><T7/><D73/><U82/><E122/><V42/><F70/><W63/><G63/><T20/><D108/><N who="3" m="41513" /><G47/><T102/><D35/><N who="3" m="13321" /><G37/><T55/><D102/><U69/><E129/><V116/><F116/><W106/><G132/><T104/><D104/><U114/><E0/><V49/><F31/><N who="3" m="11851" /><G106/><T51/><D20/><U117/><E117/><V121/><F121/><W27/><G12/><T118/><D10/><U124/><E105/><V119/><F119/><W112/><G112/><T101/><D101/><U71/><E114/><V90/><F42/><W131/><G131/><T1/><D1/><U30/><E40/><V14/><F130/><W98/><G98/><N who="0" m="57663" /><D118/><U15/><E97/><V22/><F107/><W115/><G115/><T66/><AGARI ba="0,0" hai="5,7,41,44,50,51,55,58,59,60,66" m="57663" machi="66" ten="30,1100,0" yaku="8,1" doraHai="100" who="0" fromWho="0" sc="283,11,318,-3,220,-5,179,-3" /><INIT seed="3,0,0,4,5,133" ten="294,315,215,176" oya="3" hai0="117,58,83,31,69,60,128,49,73,95,63,12,132" hai1="59,16,111,92,78,109,41,7,120,91,103,29,135" hai2="113,121,33,34,102,42,76,22,74,99,77,52,26" hai3="87,61,72,67,129,70,127,122,23,39,88,38,55"/><W89/><G72/><T84/><D117/><U51/><E120/><V110/><F110/><N who="1" m="41993" /><E135/><V27/><F42/><W36/><G122/><T115/><D73/><U108/><E108/><V71/><F71/><W43/><G129/><T56/><D128/><U11/><E29/><V97/><F113/><W20/><G43/><T79/><D49/><U32/><E32/><V105/><F121/><W25/><G20/><T30/><D95/><U66/><E78/><V123/><F123/><W28/><G127/><T101/><D12/><N who="1" m="7199" /><E7/><V0/><F0/><W53/><REACH who="3" step="1"/><G89/><REACH who="3" ten="294,315,215,166" step="2"/><T90/><D90/><U118/><E118/><V40/><F40/><W57/><G57/><T37/><D56/><U2/><E41/><V65/><F74/><W124/><G124/><T14/><D58/><U45/><E91/><V85/><F22/><W82/><AGARI ba="0,1" hai="23,25,28,36,38,39,53,55,61,67,70,82,87,88" machi="82" ten="30,6000,0" yaku="1,1,0,1,54,1,53,0" doraHai="133" doraHaiUra="134" who="3" fromWho="3" sc="294,-20,315,-20,215,-20,166,70" /><INIT seed="3,1,0,2,2,5" ten="274,295,195,236" oya="3" hai0="98,116,129,9,2,26,39,68,75,65,13,46,59" hai1="56,49,45,82,114,67,21,84,83,113,4,72,17" hai2="106,44,11,25,73,94,36,119,92,115,32,31,40" hai3="60,18,107,81,86,79,96,62,80,42,66,89,112"/><W0/><G112/><T51/><D116/><U29/><E72/><V63/><F119/><W14/><G0/><T122/><D122/><U128/><E128/><V15/><F106/><W54/><G42/><T90/><D129/><U97/><E4/><V22/><F73/><W132/><G132/><T8/><D75/><U27/><E113/><V43/><F115/><W70/><G107/><T111/><D111/><U110/><E110/><V126/><F126/><W120/><G120/><T10/><D2/><U35/><E97/><V53/><F40/><W76/><G96/><T101/><D39/><U78/><E83/><V23/><F53/><W48/><G62/><N who="0" m="38111" /><D68/><U33/><E114/><V88/><F63/><W30/><G30/><T130/><D101/><U103/><E103/><V58/><F92/><W127/><G80/><T34/><D26/><U109/><E109/><V102/><F58/><W57/><REACH who="3" step="1"/><G127/><REACH who="3" ten="274,295,195,226" step="2"/><T121/><D121/><U3/><E3/><V123/><F123/><W12/><G12/><T104/><D104/><U38/><E29/><V64/><F64/><W74/><G74/><T93/><D130/><U117/><E117/><V41/><F41/><W61/><G61/><T125/><D125/><U16/><E67/><V85/><REACH who="2" step="1"/><F102/><REACH who="2" ten="274,295,185,226" step="2"/><W91/><G91/><T71/><D90/><N who="1" m="51479" /><E38/><V6/><AGARI ba="1,2" hai="6,11,15,22,23,25,31,32,36,43,44,85,88,94" machi="6" ten="20,12000,2" yaku="1,1,0,1,7,1,52,1,54,1,53,1" doraHai="5" doraHaiUra="37" who="2" fromWho="2" sc="274,-31,295,-31,185,143,226,-61" owari="243,-15.7,264,6.4,328,42.8,165,-33.5" /></mjloggm>