<mjloggm ver="2.3"><GO type="225" lobby="0"/><UN n0="%E3%81%AF%E3%82%88%E3%81%8A%E3%81%98%E3%81%95%E3%82%93" n1="%E6%B0%B7%E5%B7%9D%E9%87%8C%E5%A5%88" n2="%E3%81%A9%E3%82%8F%E3%82%93%E3%81%94" n3="%E3%82%80%E3%81%97%E6%AD%AF" dan="17,16,16,16" rate="2195.45,2144.97,2090.53,2078.77" sx="M,F,M,M"/><TAIKYOKU oya="0"/><INIT seed="0,0,0,4,4,121" ten="250,250,250,250" oya="0" hai0="49,44,79,8,18,123,117,74,50,100,68,134,135" hai1="34,72,21,46,97,55,127,112,119,124,75,9,87" hai2="126,0,43,40,96,101,95,53,105,128,28,13,93" hai3="73,71,115,3,130,64,11,24,98,85,17,111,90"/><T32/><D123/><U1/><E119/><V52/><F0/><W62/><G115/><T83/><D117/><U102/><E34/><V133/><F128/><W15/><G73/><T108/><D32/><U110/><E112/><V56/><F133/><N who="0" m="50698" /><D68/><U22/><E87/><V2/><F2/><W16/><G130/><T88/><D100/><U27/><E75/><V125/><F28/><W14/><G3/><T81/><D108/><U76/><E110/><V10/><F40/><W41/><G41/><T78/><D78/><U26/><E76/><V91/><F43/><W5/><G111/><T51/><D18/><U69/><E72/><V60/><F53/><W67/><G67/><T104/><D104/><U82/><E69/><V120/><F120/><W92/><G24/><T61/><D61/><U54/><E102/><V80/><F80/><W132/><G132/><T86/><D8/><U129/><E9/><V7/><REACH who="2" step="1"/><F105/><REACH who="2" ten="250,250,240,250" step="2"/><W57/><G14/><T70/><D70/><U116/><E1/><V6/><F6/><W37/><G71/><T106/><D106/><U23/><E129/><V47/><F47/><AGARI ba="0,1" hai="44,47,49,50,51,74,79,81,83,86,88" m="50698" machi="47" ten="30,2900,0" yaku="20,1,54,1" doraHai="121" who="0" fromWho="2" sc="250,39,250,0,240,-29,250,0" /><INIT seed="0,1,0,1,0,5" ten="289,250,211,250" oya="0" hai0="119,19,3,21,116,43,24,7,126,48,132,53,12" hai1="57,128,99,20,75,30,29,26,22,54,114,108,97" hai2="34,113,78,55,107,98,81,61,129,104,67,39,9" hai3="79,122,125,40,6,106,92,50,0,45,49,15,80"/><T100/><D3/><U115/><E75/><V36/><F113/><W73/><G125/><T47/><D126/><U127/><E127/><V93/><F129/><W42/><G106/><T56/><D132/><U60/><E108/><V41/><F55/><W111/><G111/><T120/><D120/><U51/><E128/><V33/><F104/><W133/><G133/><T37/><D100/><U82/><E82/><V31/><F107/><W134/><G134/><T8/><AGARI ba="1,0" hai="7,8,12,19,21,24,37,43,47,48,53,56,116,119" machi="8" ten="30,3000,0" yaku="0,1,52,1" doraHai="5" who="0" fromWho="0" sc="289,33,250,-11,211,-11,250,-11" /><INIT seed="0,2,0,3,2,86" ten="322,239,200,239" oya="0" hai0="101,121,111,58,91,15,106,54,39,78,19,93,89" hai1="20,133,115,56,55,33,21,48,77,40,44,127,53" hai2="68,98,66,51,113,62,112,85,70,64,129,80,120" hai3="105,130,99,57,135,4,46,1,109,52,10,38,116"/><T84/><D39/><U126/><E33/><V97/><F120/><W92/><G116/><T0/><D121/><U71/><E71/><V132/><F132/><W60/><G135/><T125/><D0/><U94/><E133/><V14/><F129/><W88/><G130/><T23/><D125/><N who="1" m="47627" /><E115/><V128/><F128/><W63/><G109/><T74/><D111/><U103/><E77/><V25/><F25/><W76/><G76/><T122/><D122/><U119/><E55/><V18/><F51/><W12/><G105/><T72/><D78/><U6/><E6/><V65/><F113/><W29/><G29/><T2/><D2/><U50/><E119/><V95/><F112/><W26/><G26/><T36/><D36/><U41/><E41/><V117/><F117/><W16/><G38/><T73/><D106/><U69/><E69/><V96/><F70/><W108/><G108/><T134/><D134/><U27/><E27/><V11/><REACH who="2" step="1"/><F95/><REACH who="2" ten="322,239,190,239" step="2"/><W17/><G46/><T30/><D30/><U49/><E49/><V5/><F5/><W37/><G37/><T24/><D24/><U7/><E7/><V124/><F124/><W114/><G114/><T131/><D131/><U31/><E31/><V61/><F61/><W107/><G107/><T28/><D28/><U104/><E104/><V75/><F75/><W45/><G45/><T110/><D110/><U87/><E44/><V47/><F47/><W22/><G17/><T102/><D72/><U42/><E50/><AGARI ba="2,1" hai="1,4,10,12,16,22,50,52,57,60,63,88,92,99" machi="50" ten="30,8000,1" yaku="7,1,52,1,54,3" doraHai="86" who="3" fromWho="1" sc="322,0,239,-86,190,0,239,96" /><INIT seed="1,0,0,2,1,119" ten="322,153,190,335" oya="1" hai0="15,103,44,21,104,40,33,85,114,90,69,84,94" hai1="59,60,58,22,43,76,13,108,63,14,20,1,39" hai2="101,70,115,113,16,122,8,96,11,9,97,80,51" hai3="86,30,112,102,19,107,91,124,129,56,47,57,0"/><U65/><E1/><V18/><F70/><W52/><G112/><N who="2" m="43081" /><F80/><W7/><G124/><T99/><D33/><U3/><E3/><V133/><F133/><W2/><G129/><T105/><D69/><U23/><E76/><V109/><F109/><W106/><G30/><T132/><D132/><U98/><E108/><V120/><F51/><W89/><G102/><T100/><D114/><U126/><E126/><V95/><F97/><W128/><G128/><T123/><D123/><AGARI ba="0,0" hai="8,9,11,16,18,95,96,101,120,122,123" m="43081" machi="123" ten="40,8000,1" yaku="11,1,52,3,54,1" doraHai="119" who="2" fromWho="0" sc="322,-80,153,0,190,80,335,0" /><INIT seed="2,0,0,3,1,47" ten="242,153,270,335" oya="2" hai0="74,37,5,53,79,58,107,17,25,48,99,111,13" hai1="32,52,67,50,135,14,127,113,45,78,69,121,98" hai2="97,118,3,19,15,131,76,21,49,39,132,128,81" hai3="116,31,84,9,65,126,72,24,43,36,71,117,86"/><V30/><F118/><W28/><G72/><T110/><D37/><U35/><E113/><V59/><F39/><W33/><G126/><T18/><D79/><U122/><E127/><V57/><F3/><W27/><G9/><N who="0" m="4271" /><D74/><U96/><E78/><V62/><F132/><W0/><G0/><T40/><D40/><U6/><E135/><V133/><F133/><W46/><G71/><T124/><D124/><U44/><E67/><V8/><F97/><W61/><G61/><T34/><D34/><U83/><E69/><V73/><F49/><W22/><G65/><T92/><D107/><U23/><E83/><V56/><F30/><W120/><G120/><N who="1" m="46186" /><E44/><V2/><F2/><W60/><G60/><T82/><D25/><U41/><E41/><V130/><REACH who="2" step="1"/><F8/><REACH who="2" ten="242,153,260,335" step="2"/><W129/><G129/><T94/><D99/><N who="1" m="37931" /><E23/><V112/><F112/><W4/><G117/><T85/><D110/><U70/><E70/><V80/><F80/><W63/><G116/><T51/><D111/><U109/><E109/><V64/><AGARI ba="0,1" hai="15,19,21,56,57,59,62,64,73,76,81,128,130,131" machi="64" ten="30,6000,0" yaku="1,1,0,1,19,1,53,0" doraHai="47" doraHaiUra="29" who="2" fromWho="2" sc="242,-20,153,-20,260,70,335,-20" /><INIT seed="2,1,0,2,2,55" ten="222,133,330,315" oya="2" hai0="24,39,62,82,60,1,65,104,32,41,94,5,74" hai1="70,93,98,14,95,71,113,21,124,16,20,6,69" hai2="133,88,58,110,91,53,125,73,0,127,44,119,120" hai3="61,115,90,7,114,80,97,121,130,135,126,72,47"/><V66/><F120/><W129/><G7/><T85/><D104/><U63/><E113/><N who="3" m="43018" /><G47/><N who="0" m="23999" /><D65/><U68/><E124/><N who="2" m="47691" /><F119/><W92/><G126/><T118/><D118/><U33/><E33/><V123/><F123/><W3/><G3/><T10/><D85/><U46/><N who="1" m="17408" /><DORA hai="2" /><U22/><E46/><V112/><F112/><W18/><G61/><T38/><D94/><U109/><E109/><V86/><F73/><W31/><G121/><T48/><D48/><U8/><E63/><N who="2" m="38263" /><F110/><W134/><G31/><N who="0" m="19559" /><D38/><U19/><REACH who="1" step="1"/><E93/><REACH who="1" ten="222,123,330,315" step="2"/><V57/><F44/><W102/><G92/><T89/><D89/><AGARI ba="1,1" hai="6,8,14,16,19,20,21,22,89,95,98" m="17408" machi="89" ten="70,8000,1" yaku="1,1,2,1,52,1,54,1,53,0" doraHai="55,2" doraHaiUra="106,56" who="1" fromWho="0" sc="222,-83,123,93,330,0,315,0" /><INIT seed="3,0,0,0,4,43" ten="139,216,330,315" oya="3" hai0="125,7,75,10,20,77,124,30,18,113,115,126,131" hai1="45,22,94,71,73,103,14,91,109,0,102,133,19" hai2="85,33,11,54,114,37,87,128,97,120,65,6,52" hai3="98,90,123,74,50,21,58,116,132,17,55,76,47"/><W69/><G116/><T61/><D61/><U72/><E0/><V117/><F114/><N who="0" m="43530" /><D77/><U26/><E71/><V15/><F37/><W70/><G123/><T95/><D95/><U104/><E104/><V53/><F33/><W105/><G132/><T89/><D89/><U24/><E133/><V36/><F36/><W130/><G130/><T119/><D75/><U66/><E66/><V44/><F128/><W129/><G129/><T34/><D131/><U63/><E63/><V35/><F35/><W112/><G112/><T122/><D34/><U39/><E72/><V38/><F120/><W28/><G76/><T111/><D122/><U99/><E73/><V42/><F65/><W3/><G74/><T48/><D48/><U59/><E59/><V40/><F40/><W92/><G105/><T82/><D82/><U60/><E60/><V51/><F117/><W108/><G3/><N who="0" m="383" /><D119/><U64/><E64/><V110/><F38/><W118/><G118/><T13/><D30/><U84/><E103/><V93/><F87/><W46/><G28/><T27/><D111/><U101/><E109/><V31/><F110/><W49/><G108/><T68/><D68/><U121/><E121/><V23/><F85/><W62/><G50/><T57/><D57/><U134/><E102/><N who="2" m="60719" /><F31/><W127/><G70/><T4/><D4/><U9/><E39/><V67/><F67/><W12/><G69/><T1/><D1/><U83/><E101/><V135/><F51/><W56/><G56/><T78/><D78/><U16/><E84/><V80/><F80/><W32/><G62/><T86/><D86/><RYUUKYOKU ba="0,0" sc="139,30,216,-10,330,-10,315,-10" hai0="13,18,20,27,124,125,126" owari="169,-33.1,206,-19.4,320,42.0,305,10.5" /></mjloggm>