<mjloggm ver="2.3"><GO type="225" lobby="0"/><UN n0="%E3%81%9F%E3%81%93%E2%98%86%E7%84%BC%E3%81%8D" n1="%E6%98%93%E5%88%A9%E8%96%A9%E4%BC%AF" n2="%E3%81%A1%E3%82%85%E3%81%86%E3%81%A9%E3%81%8F%E8%B1%A1%E3%81%95%E3%82%93" n3="%E3%83%B4%E3%83%A0%EF%BC%99%E3%81%A6" dan="16,16,17,17" rate="2103.98,2153.09,2212.98,2158.06" sx="M,F,M,M"/><TAIKYOKU oya="0"/><INIT seed="0,0,0,0,4,72" ten="250,250,250,250" oya="0" hai0="59,41,24,105,54,77,63,68,20,131,61,52,118" hai1="116,17,18,8,82,19,50,21,0,108,49,28,5" hai2="37,42,91,35,83,106,126,67,12,124,10,121,30" hai3="80,132,48,94,100,117,11,119,112,43,129,114,86"/><T70/><D118/><N who="3" m="45065" /><G48/><N who="0" m="31111" /><D105/><U69/><E116/><V120/><F106/><W93/><G43/><T34/><D34/><U51/><E69/><N who="0" m="26729" /><D77/><U22/><E108/><V36/><F67/><W38/><G38/><N who="2" m="14953" /><F42/><W115/><G11/><T33/><D20/><U16/><N who="1" m="4096" /><DORA hai="101" /><U135/><E135/><V87/><F12/><W55/><G55/><T78/><D78/><U74/><E74/><V97/><F10/><W26/><G26/><T133/><D33/><U88/><REACH who="1" step="1"/><E28/><REACH who="1" ten="250,240,250,250" step="2"/><V122/><F30/><W4/><G132/><T3/><D133/><U127/><E127/><N who="2" m="48683" /><F35/><W60/><G112/><T130/><D24/><U75/><E75/><V27/><F27/><W23/><G114/><T92/><D41/><U89/><E89/><V125/><F125/><W57/><G115/><T64/><D3/><U110/><E110/><V32/><F32/><W107/><G4/><T76/><D76/><U14/><E14/><V39/><F39/><W7/><G7/><T81/><D64/><U6/><E6/><V71/><F71/><W58/><G58/><T98/><D54/><U99/><E99/><AGARI ba="0,1" hai="83,87,91,97,99,120,121,122" m="48683,14953" machi="99" ten="40,1300,0" yaku="18,1" doraHai="72,101" who="2" fromWho="1" sc="250,0,240,-13,250,23,250,0" /><INIT seed="1,0,0,2,1,15" ten="250,227,273,250" oya="1" hai0="72,91,38,129,67,7,78,37,108,94,112,97,92" hai1="104,88,100,68,47,79,13,14,9,49,4,18,30" hai2="48,46,52,28,5,6,17,74,80,2,21,56,115" hai3="32,120,1,122,118,85,10,77,121,31,61,134,33"/><U135/><E135/><V44/><F28/><W105/><G105/><T3/><D112/><U113/><E113/><V29/><F29/><W35/><G61/><T89/><D108/><U22/><E68/><V83/><F115/><W90/><G77/><T51/><D129/><U132/><E132/><V69/><F69/><W25/><G134/><T133/><D67/><U84/><E30/><V106/><F106/><W19/><G90/><T34/><D34/><N who="3" m="13417" /><G85/><T55/><D133/><U53/><E104/><V131/><F131/><W27/><G118/><T39/><D7/><N who="2" m="2570" /><F2/><W111/><G111/><T119/><D119/><U107/><E107/><V126/><F126/><W95/><G95/><T54/><D3/><U43/><E100/><V75/><F75/><W102/><G102/><T16/><D78/><U73/><E73/><V50/><F74/><W123/><G123/><T42/><D42/><U41/><E79/><V65/><F65/><W101/><G101/><T130/><D130/><U8/><E22/><V62/><F50/><W114/><G114/><T70/><D70/><U58/><E58/><V117/><F117/><W24/><G1/><T98/><D72/><U124/><E124/><V0/><F0/><W57/><G57/><T40/><D40/><U128/><E128/><V127/><F127/><W66/><G66/><T26/><D51/><U86/><E86/><V93/><F93/><AGARI ba="0,0" hai="4,8,9,13,14,18,41,43,47,49,53,84,88,93" machi="93" ten="30,11600,0" yaku="7,1,8,1,52,1,54,1" doraHai="15" who="1" fromWho="2" sc="250,0,227,116,273,-116,250,0" /><INIT seed="1,1,0,0,0,54" ten="250,343,157,250" oya="1" hai0="89,72,127,65,82,104,130,68,113,17,112,45,96" hai1="74,32,49,4,34,0,48,87,18,13,105,134,126" hai2="98,36,64,124,7,52,122,107,73,63,62,20,43" hai3="88,108,26,103,123,44,125,90,115,116,79,111,60"/><U71/><E74/><V21/><F122/><W55/><G123/><T47/><D130/><U33/><E71/><V132/><F73/><W39/><G115/><T135/><D127/><U37/><E37/><V94/><F107/><W133/><G125/><T69/><D135/><U102/><E134/><V16/><F124/><W75/><G133/><T19/><D104/><U66/><E66/><V67/><F132/><W15/><G103/><T70/><D72/><U129/><E129/><V40/><F7/><W51/><G116/><T29/><D29/><U46/><E0/><V61/><F36/><W131/><G131/><T28/><D28/><U50/><E4/><V59/><F20/><W86/><G39/><T30/><D30/><U6/><E6/><V58/><F63/><W57/><G26/><T110/><D110/><N who="3" m="42025" /><G15/><T41/><D45/><U93/><E105/><V119/><F119/><W95/><G75/><T91/><D65/><U97/><E87/><V10/><F10/><W53/><G90/><T31/><D31/><U22/><REACH who="1" step="1"/><E126/><REACH who="1" ten="250,333,157,250" step="2"/><V106/><F106/><W27/><G27/><T114/><D68/><U11/><E11/><V83/><F64/><W81/><G79/><T100/><D69/><U92/><E92/><AGARI ba="1,1" hai="44,51,53,55,57,60,81,86,88,92,95" m="42025" machi="92" ten="30,3900,0" yaku="14,1,52,1,54,1" doraHai="54" who="3" fromWho="1" sc="250,0,333,-42,157,0,250,52" /><INIT seed="2,0,0,4,1,101" ten="250,291,157,302" oya="2" hai0="21,8,69,24,100,27,106,99,93,22,45,52,0" hai1="81,82,48,108,113,60,18,90,58,29,61,118,23" hai2="76,39,10,115,51,132,41,11,111,79,86,119,5" hai3="15,54,2,38,36,71,85,91,12,102,97,16,74"/><V4/><F115/><W87/><G74/><T125/><D69/><U59/><E113/><V130/><F119/><W73/><G73/><T121/><D125/><U28/><E118/><V3/><F130/><W135/><G2/><T105/><D121/><U122/><E108/><V126/><F39/><W40/><G71/><T120/><D8/><U34/><E48/><V129/><F129/><W72/><G72/><T83/><D0/><U128/><E34/><V84/><F111/><W20/><G135/><T25/><D83/><N who="1" m="31755" /><E122/><V134/><F126/><W33/><G33/><T42/><D120/><U131/><E90/><V50/><REACH who="2" step="1"/><F3/><REACH who="2" ten="250,291,147,302" step="2"/><W80/><G38/><T67/><D42/><AGARI ba="0,1" hai="4,5,10,11,41,42,50,51,76,79,84,86,132,134" machi="42" ten="25,9600,0" yaku="1,1,2,1,22,2,53,0" doraHai="101" doraHaiUra="19" who="2" fromWho="0" sc="250,-96,291,0,147,106,302,0" /><INIT seed="2,1,0,1,1,33" ten="154,291,253,302" oya="2" hai0="53,18,41,90,23,63,81,11,99,135,107,96,20" hai1="50,98,89,19,3,45,115,0,85,5,13,57,40" hai2="17,95,111,14,102,101,92,105,4,128,108,116,126" hai3="76,54,28,66,44,120,100,113,132,130,36,22,62"/><V78/><F116/><W87/><G120/><T9/><D135/><U64/><E115/><V46/><F78/><W35/><G132/><T59/><D107/><U73/><E73/><V91/><F4/><W29/><G35/><T104/><D41/><U129/><E98/><N who="0" m="37417" /><D104/><U48/><E5/><V58/><F126/><W109/><G100/><N who="2" m="38505" /><F105/><W24/><G113/><T122/><D122/><U82/><E129/><V7/><F7/><W80/><G130/><T94/><D81/><U2/><E64/><V55/><F46/><W121/><G121/><T60/><D20/><U52/><E3/><V124/><F124/><W43/><G54/><T8/><D94/><U79/><E79/><V1/><F1/><W67/><G67/><T61/><D90/><U12/><E12/><AGARI ba="1,0" hai="8,9,11,12,18,23,53,59,60,61,63" m="37417" machi="12" ten="30,1000,0" yaku="8,1" doraHai="33" who="0" fromWho="1" sc="154,13,291,-13,253,0,302,0" /><INIT seed="3,0,0,0,4,62" ten="167,278,253,302" oya="3" hai0="5,74,71,46,1,85,91,120,39,95,93,83,134" hai1="53,47,128,31,59,37,75,11,70,19,100,107,68" hai2="9,88,96,132,23,3,14,36,115,126,30,49,12" hai3="56,13,50,112,130,84,58,7,98,33,135,99,102"/><W78/><G112/><T21/><D71/><U17/><E75/><V82/><F115/><W129/><G33/><T55/><D120/><U16/><E31/><V131/><F36/><W28/><G28/><T25/><D134/><U111/><E111/><V29/><F132/><W26/><G26/><T63/><D74/><U44/><E107/><V90/><F126/><W43/><G135/><T109/><D109/><U72/><E72/><V15/><F131/><N who="3" m="50187" /><G43/><T24/><D25/><U77/><E77/><V0/><F49/><W42/><G42/><N who="0" m="22879" /><D5/><U118/><E70/><V2/><F9/><N who="3" m="4287" /><G50/><T34/><D1/><U45/><E68/><V121/><F121/><W94/><G99/><T92/><D34/><U52/><E37/><V97/><F82/><AGARI ba="0,0" hai="56,58,78,82,84,94,98,102" m="4287,50187" machi="82" ten="30,1500,0" yaku="19,1" doraHai="62" who="3" fromWho="2" sc="167,0,278,0,253,-15,302,15" owari="167,-33.3,278,7.8,238,-16.2,317,41.7" /></mjloggm>