<mjloggm ver="2.3"><GO type="225" lobby="0"/><UN n0="%E3%82%BC%E3%83%AB%E3%83%80%E3%81%AE%E4%BC%9D%E8%AA%AC" n1="%E3%81%BE%E3%81%8B%E3%81%B7%E3%82%93" n2="%28%EF%BF%A3%E2%96%BD%EF%BF%A3%29%CE%B4%E2%8C%92%E3%83%BB" n3="%E3%83%8F%E3%83%B3%E3%83%89%E3%83%A9%E3%83%BC%E3%83%BB%E3%83%AF%E3%83%B3" dan="17,16,17,17" rate="2151.82,2062.11,2263.40,2192.75" sx="M,M,M,M"/><TAIKYOKU oya="0"/><INIT seed="0,0,0,3,1,63" ten="250,250,250,250" oya="0" hai0="126,86,7,109,133,65,47,17,106,45,74,134,88" hai1="14,87,58,116,50,44,128,4,71,2,24,3,130" hai2="67,46,37,80,94,62,40,85,54,107,38,103,113" hai3="105,114,23,52,53,108,119,51,0,110,121,18,69"/><T26/><D74/><U96/><E116/><V115/><F107/><W98/><G114/><T29/><D106/><U8/><E71/><V132/><F37/><W22/><G119/><T13/><D7/><U25/><E96/><V99/><F54/><W39/><G39/><T35/><D126/><U118/><E58/><V90/><REACH who="2" step="1"/><F132/><REACH who="2" ten="250,250,240,250" step="2"/><N who="0" m="50794" /><D109/><U79/><E118/><V73/><F73/><W89/><G53/><T131/><D131/><N who="1" m="50219" /><E2/><V60/><F60/><W43/><G0/><T59/><D65/><U19/><E3/><V9/><F9/><W5/><G110/><T125/><D125/><U91/><E4/><V48/><F48/><W81/><G5/><T32/><D32/><U120/><E120/><V1/><F1/><W36/><G51/><T72/><D72/><U101/><E50/><V30/><F30/><W102/><G36/><T135/><D135/><U56/><E8/><V57/><AGARI ba="0,1" hai="38,40,46,57,62,67,80,85,90,94,99,103,113,115" machi="57" ten="20,5200,0" yaku="1,1,0,1,7,1,52,1,53,0" doraHai="63" doraHaiUra="104" who="2" fromWho="2" sc="250,-26,250,-13,240,62,250,-13" /><INIT seed="1,0,0,3,5,95" ten="224,237,302,237" oya="1" hai0="0,98,134,116,89,53,64,78,105,68,93,43,72" hai1="47,70,135,18,74,132,84,67,128,16,14,87,110" hai2="50,54,121,129,38,34,59,114,29,33,10,103,100" hai3="96,112,75,11,51,28,30,82,97,4,22,91,127"/><U17/><E74/><V2/><F38/><W27/><G112/><T36/><D116/><U119/><E119/><V61/><F114/><W52/><G30/><T108/><D108/><U8/><E110/><V133/><F121/><W60/><G60/><T76/><D134/><N who="1" m="51243" /><E128/><V56/><F133/><W31/><G31/><T63/><D0/><U44/><E67/><V113/><F113/><W123/><G123/><T92/><D105/><U55/><E70/><V69/><F69/><W80/><G127/><T88/><D72/><U107/><E107/><V13/><F2/><W32/><G32/><T49/><D43/><U25/><E25/><V20/><F129/><W6/><G75/><T5/><D5/><N who="3" m="2153" /><G11/><T115/><D36/><U106/><E106/><V42/><F34/><W12/><G12/><T35/><D35/><U24/><E24/><N who="2" m="16519" /><F33/><W81/><G91/><T40/><D40/><U15/><E55/><N who="2" m="31863" /><F42/><W46/><AGARI ba="0,0" hai="22,27,28,46,51,52,80,81,82,96,97" m="2153" machi="46" ten="30,7900,0" yaku="8,1,52,2,54,1" doraHai="95" who="3" fromWho="3" sc="224,-20,237,-39,302,-20,237,79" /><INIT seed="2,0,0,2,1,90" ten="204,198,282,316" oya="2" hai0="16,41,60,124,116,126,81,9,53,89,111,11,109" hai1="88,34,105,128,99,5,76,23,91,3,82,14,51" hai2="85,32,2,63,77,72,36,122,134,64,4,48,26" hai3="96,123,15,45,40,65,110,79,106,129,102,71,92"/><V1/><F36/><W52/><G123/><T6/><D41/><U49/><E34/><V24/><F72/><W29/><G110/><N who="0" m="41995" /><D116/><U86/><E128/><V47/><F134/><W80/><G129/><T57/><D6/><U117/><E117/><V87/><F122/><W101/><G29/><T132/><D132/><U17/><E3/><V62/><F32/><W31/><G31/><T127/><D81/><U55/><E5/><V112/><F112/><W56/><G15/><N who="0" m="7279" /><D89/><U7/><E7/><V42/><F4/><W84/><G71/><T8/><AGARI ba="0,0" hai="8,11,53,57,60,124,126,127" m="7279,41995" machi="8" ten="40,5200,0" yaku="18,1,14,1,54,1" doraHai="90" who="0" fromWho="0" sc="204,52,198,-13,282,-26,316,-13" /><INIT seed="3,0,0,1,3,87" ten="256,185,256,303" oya="3" hai0="101,130,10,44,51,133,94,49,3,20,90,45,5" hai1="30,99,81,106,39,127,42,38,110,79,19,29,21" hai2="77,12,52,84,58,27,65,107,114,0,22,71,108" hai3="92,26,98,41,60,88,109,68,6,113,86,32,63"/><W123/><G123/><T75/><D75/><U46/><E110/><V93/><F0/><W62/><G113/><T118/><D118/><U116/><E116/><V47/><F107/><W13/><G109/><T105/><D133/><U24/><E127/><V54/><F108/><W36/><G36/><T100/><D130/><U96/><E39/><V103/><F114/><W102/><G41/><T1/><D105/><U134/><E134/><V97/><F71/><W120/><G120/><T33/><D33/><U35/><E106/><V132/><F12/><W37/><G37/><T125/><D125/><U78/><E78/><V83/><F47/><W128/><G128/><T69/><D69/><U18/><E30/><N who="2" m="17783" /><F132/><W23/><G32/><T7/><D20/><U104/><E104/><V14/><F14/><W66/><G13/><T48/><D45/><U73/><REACH who="1" step="1"/><E18/><REACH who="1" ten="256,175,256,303" step="2"/><V57/><F57/><W31/><G6/><T95/><D44/><U129/><E129/><V122/><F122/><W135/><G135/><T64/><D5/><U115/><E115/><V55/><F58/><W80/><AGARI ba="0,1" hai="23,26,31,60,62,63,66,68,80,86,88,92,98,102" machi="80" ten="20,7800,0" yaku="0,1,7,1,52,1,54,1" doraHai="87" who="3" fromWho="3" sc="256,-26,175,-26,256,-26,303,88" owari="230,3.0,149,-35.1,230,-17.0,391,49.1" /></mjloggm>