<mjloggm ver="2.3"><GO type="225" lobby="0"/><UN n0="%6B%79%6F%6E%6B%6F%31%31" n1="%72%69%6F%75%63%68%61%6E" n2="%E3%81%95%E3%81%8D%E3%81%9F%E3%81%BE%E6%9E%97%E6%AA%8E" n3="%E3%81%9F%E3%81%93%E2%98%86%E7%84%BC%E3%81%8D" dan="17,16,16,16" rate="2205.15,2163.38,2113.01,2087.14" sx="M,M,M,M"/><TAIKYOKU oya="0"/><INIT seed="0,0,0,2,5,93" ten="250,250,250,250" oya="0" hai0="124,125,42,41,60,30,84,127,69,47,20,79,90" hai1="112,21,75,65,104,6,77,108,61,128,102,116,38" hai2="56,131,55,120,68,122,100,110,107,22,86,57,119" hai3="101,105,4,45,88,8,51,74,87,29,18,132,126"/><T63/><D79/><U133/><E116/><V14/><F110/><W35/><G132/><T123/><D123/><U2/><E108/><V81/><F131/><W71/><G71/><T43/><D69/><U82/><E133/><V64/><F68/><W85/><G74/><T115/><D47/><U67/><E128/><V3/><F3/><W54/><G87/><T106/><D106/><U5/><E112/><V91/><F64/><W34/><G126/><T78/><D78/><U1/><E38/><V17/><F119/><W11/><G29/><T76/><D76/><U9/><E21/><V103/><F57/><W26/><G26/><N who="0" m="16711" /><D115/><U62/><E67/><V36/><F36/><W66/><G66/><T95/><AGARI ba="0,0" hai="41,42,43,60,63,84,90,95,124,125,127" m="16711" machi="95" ten="40,2100,0" yaku="18,1" doraHai="93" who="0" fromWho="0" sc="250,21,250,-7,250,-7,250,-7" /><INIT seed="0,1,0,2,1,101" ten="271,243,243,243" oya="0" hai0="44,4,111,97,45,25,52,35,54,93,28,94,86" hai1="65,88,23,87,128,48,43,107,102,46,57,134,83" hai2="19,117,71,99,133,8,78,70,5,7,82,127,39" hai3="2,26,67,27,69,34,81,118,60,32,123,30,42"/><T59/><D4/><U124/><E128/><V89/><F39/><W125/><G118/><T122/><D122/><U132/><E124/><V31/><F127/><W16/><G125/><T79/><D111/><U106/><E102/><V108/><F108/><W126/><G126/><T55/><D59/><U72/><E72/><V131/><F131/><W84/><G2/><T98/><D79/><U10/><E10/><V61/><F31/><W21/><G42/><T75/><D75/><U36/><E23/><V63/><F133/><N who="1" m="51305" /><E48/><V80/><F19/><W58/><G123/><T103/><REACH who="0" step="1"/><D86/><REACH who="0" ten="261,243,243,243" step="2"/><U119/><E119/><V33/><F78/><W110/><G110/><T100/><AGARI ba="1,1" hai="25,28,35,44,45,52,54,55,93,94,97,98,100,103" machi="100" ten="30,18000,2" yaku="1,1,2,1,0,1,9,1,54,1,53,2" doraHai="101" doraHaiUra="92" who="0" fromWho="0" sc="261,193,243,-61,243,-61,243,-61" /><INIT seed="0,2,0,3,0,4" ten="454,182,182,182" oya="0" hai0="80,100,123,128,66,33,59,121,132,27,115,98,9" hai1="134,109,23,76,84,87,95,52,0,12,37,48,42" hai2="82,39,69,116,78,96,106,3,15,47,89,133,21" hai3="72,92,35,70,108,45,49,14,131,101,32,103,124"/><T64/><D115/><U34/><E109/><V54/><F133/><W22/><G108/><T16/><D132/><U68/><E134/><V105/><F3/><W53/><G72/><T38/><D38/><U44/><E34/><V125/><F125/><W57/><G70/><T8/><D121/><U18/><E0/><V79/><F69/><W71/><G71/><T107/><D123/><U112/><E112/><V117/><F79/><W62/><G124/><T90/><D128/><U102/><E68/><V118/><F89/><W2/><G2/><T75/><D75/><U7/><E7/><V86/><F96/><W114/><G131/><T43/><D43/><U120/><E120/><V81/><F81/><W24/><G14/><T104/><D104/><U19/><E76/><V55/><F55/><W56/><G56/><T67/><D59/><U135/><E135/><V63/><F63/><W88/><G32/><T10/><D33/><U77/><E77/><V41/><F54/><W129/><G35/><T85/><REACH who="0" step="1"/><D27/><REACH who="0" ten="444,182,182,182" step="2"/><N who="1" m="14839" /><E42/><V31/><F106/><W74/><G74/><T46/><D46/><U25/><E25/><N who="2" m="16815" /><F105/><W119/><G114/><T61/><D61/><U40/><E40/><V6/><F118/><W26/><G119/><T5/><D5/><U30/><E37/><V51/><F39/><W127/><G24/><T93/><D93/><U1/><E44/><V13/><F6/><W111/><G129/><T20/><D20/><U11/><E95/><V50/><F50/><W36/><G36/><T17/><AGARI ba="2,1" hai="8,9,10,16,17,64,66,67,80,85,90,98,100,107" machi="17" ten="40,24000,3" yaku="1,1,0,1,52,3,54,1,53,3" doraHai="4" doraHaiUra="60" who="0" fromWho="0" sc="444,256,182,-82,182,-82,182,-82" /><INIT seed="0,3,0,3,2,78" ten="700,100,100,100" oya="0" hai0="50,17,68,93,65,48,83,24,30,115,74,8,33" hai1="106,121,100,97,38,14,73,105,1,133,55,112,20" hai2="129,18,22,49,84,103,12,0,25,45,71,41,131" hai3="56,81,110,87,96,6,88,89,123,61,119,40,122"/><T91/><D115/><U52/><E121/><N who="3" m="46090" /><G6/><T109/><D109/><U29/><E1/><V69/><F0/><W80/><G40/><T104/><D104/><U21/><E112/><V13/><F103/><W42/><G42/><T19/><D65/><U11/><E133/><V31/><F129/><W10/><G10/><T54/><D68/><U124/><E124/><V77/><F131/><W117/><G110/><T15/><D19/><U4/><E38/><V5/><F12/><W57/><G57/><T39/><D39/><U47/><E73/><V108/><F108/><W94/><G56/><T125/><D125/><U27/><E106/><V132/><F132/><W107/><G61/><T2/><D2/><U79/><E79/><V82/><REACH who="2" step="1"/><F5/><REACH who="2" ten="700,100,90,100" step="2"/><W135/><G135/><T66/><D66/><U134/><E134/><V128/><F128/><W86/><G107/><T126/><D126/><U98/><E98/><V44/><F44/><W28/><G28/><T7/><D7/><U37/><E47/><V75/><F75/><W120/><G120/><T95/><D74/><U3/><REACH who="1" step="1"/><E37/><REACH who="1" ten="700,90,90,100" step="2"/><V58/><F58/><W53/><G53/><T43/><D43/><U70/><E70/><V99/><F99/><W60/><G60/><T114/><D114/><U85/><E85/><V72/><F72/><W35/><G96/><T9/><D54/><U118/><E118/><V116/><F116/><W63/><G119/><T127/><D127/><U64/><E64/><V26/><F26/><W16/><G63/><T32/><D24/><U113/><E113/><V102/><F102/><W92/><G117/><RYUUKYOKU ba="3,2" sc="700,-15,90,15,90,15,100,-15" hai1="3,4,11,14,20,21,27,29,52,55,97,100,105" hai2="13,18,22,25,31,41,45,49,69,71,77,82,84" /><INIT seed="1,4,2,1,3,93" ten="685,105,105,85" oya="1" hai0="101,33,100,40,134,12,97,19,113,116,108,133,82" hai1="42,51,89,119,73,45,57,46,11,102,115,25,53" hai2="6,66,20,85,43,124,103,80,128,130,107,52,31" hai3="95,16,81,37,109,135,99,21,114,5,3,79,78"/><U90/><E115/><V88/><F124/><W34/><G114/><T23/><D113/><U14/><E119/><V67/><F43/><W76/><G37/><T50/><D116/><U47/><E73/><V74/><F74/><W18/><G34/><T110/><D33/><U7/><E42/><V36/><F36/><W126/><G126/><T87/><D50/><U68/><E68/><V17/><F31/><W83/><G109/><N who="0" m="42091" /><D40/><U65/><E65/><V2/><F2/><W92/><G3/><T129/><D129/><N who="2" m="49770" /><F6/><W10/><G135/><N who="0" m="51723" /><D97/><U56/><E57/><V54/><F107/><W1/><G95/><T123/><D123/><U4/><E4/><V13/><F103/><W132/><G132/><T32/><D32/><U71/><E71/><V105/><F105/><W0/><G0/><T69/><D69/><U30/><REACH who="1" step="1"/><E102/><REACH who="1" ten="685,95,105,85" step="2"/><V58/><F54/><W72/><G72/><T131/><D131/><U44/><N who="1" m="11264" /><DORA hai="55" /><U122/><E122/><V104/><F104/><W35/><G35/><AGARI ba="4,3" hai="7,11,14,25,30,35,51,53,56,89,90" m="11264" machi="35" ten="50,4800,0" yaku="1,1,52,1,53,0" doraHai="93,55" doraHaiUra="117,112" who="1" fromWho="3" sc="685,0,95,90,105,0,85,-60" /><INIT seed="1,5,0,1,2,67" ten="685,185,105,25" oya="1" hai0="57,118,44,76,41,90,127,98,116,7,42,19,101" hai1="108,61,92,120,79,8,11,65,34,2,50,85,103" hai2="68,132,29,133,24,87,135,106,121,100,77,131,1" hai3="80,104,15,26,32,45,113,18,128,47,55,9,31"/><U102/><E120/><V107/><F121/><W58/><G113/><T62/><D127/><U97/><E34/><V54/><F131/><W71/><G104/><T60/><D76/><U56/><E108/><V70/><F1/><W126/><G126/><T64/><D7/><U22/><E2/><V95/><F54/><W5/><G128/><T46/><D90/><U112/><E112/><V49/><F49/><W69/><G80/><T96/><D19/><U51/><E103/><V10/><F10/><W119/><G119/><T37/><D98/><U3/><E22/><V36/><F36/><W78/><G78/><T17/><D17/><U14/><E3/><V72/><F72/><W114/><G114/><T81/><D81/><N who="1" m="47295" /><E8/><V21/><F77/><W129/><G129/><T130/><D130/><U86/><E86/><V12/><F12/><W110/><G110/><T83/><D83/><U88/><E102/><V105/><REACH who="2" step="1"/><F87/><REACH who="2" ten="685,185,95,25" step="2"/><W134/><G134/><T91/><D118/><U123/><E123/><V84/><F84/><W109/><G109/><T66/><D116/><U75/><E75/><V6/><F6/><AGARI ba="5,1" hai="6,11,14,50,51,56,61,65,88,92,97" m="47295" machi="6" ten="30,2900,0" yaku="8,1,54,1" doraHai="67" who="1" fromWho="2" sc="685,0,185,54,95,-44,25,0" /><INIT seed="1,6,0,5,4,97" ten="685,239,51,25" oya="1" hai0="50,24,70,87,101,108,0,44,86,69,115,59,3" hai1="125,10,124,118,134,96,28,120,39,99,36,26,2" hai2="85,129,8,15,68,46,132,30,47,75,61,63,131" hai3="76,106,48,20,128,88,83,73,74,92,42,32,34"/><U40/><E118/><V9/><F75/><W105/><G73/><T72/><D72/><U119/><E119/><V62/><F132/><W71/><G71/><T102/><D115/><U21/><E120/><V93/><F68/><W67/><G67/><T64/><D70/><U41/><E134/><V6/><F30/><W127/><G127/><N who="1" m="48714" /><E40/><V103/><F9/><W135/><G128/><N who="2" m="49225" /><F85/><W111/><G111/><T113/><D69/><U45/><E36/><V79/><F79/><W123/><G123/><T4/><D0/><U49/><E39/><V17/><F6/><AGARI ba="6,0" hai="2,6,10,21,26,28,41,45,49,96,99" m="48714" machi="6" ten="30,1500,0" yaku="18,1" doraHai="97" who="1" fromWho="2" sc="685,0,239,33,51,-33,25,0" /><INIT seed="1,7,0,2,2,23" ten="685,272,18,25" oya="1" hai0="114,56,45,12,13,51,6,44,129,34,105,68,36" hai1="133,0,128,115,125,49,73,31,67,98,63,20,19" hai2="130,134,70,89,26,7,8,11,121,77,53,132,131" hai3="10,17,64,24,81,112,102,4,75,69,15,37,61"/><U120/><E115/><V48/><F121/><W80/><G112/><T5/><D56/><U109/><E120/><V135/><F70/><W71/><G37/><T40/><D68/><U95/><E0/><V113/><F113/><W107/><G69/><T62/><D62/><U92/><E73/><V39/><F39/><W74/><G80/><T87/><D87/><U96/><E125/><V1/><F77/><W94/><G94/><T27/><D12/><U54/><E128/><V85/><F11/><W66/><G64/><T28/><D105/><U2/><E2/><V30/><F85/><W79/><G75/><T99/><D129/><U72/><E72/><V16/><F16/><W100/><G107/><T29/><D29/><U35/><E133/><V76/><F76/><W9/><REACH who="3" step="1"/><G24/><REACH who="3" ten="685,272,18,15" step="2"/><T86/><D114/><U110/><E95/><V65/><F65/><W88/><G88/><T32/><D27/><N who="1" m="18943" /><E92/><V43/><F89/><W111/><G111/><N who="1" m="42506" /><E67/><V108/><F108/><W3/><AGARI ba="7,1" hai="3,4,9,10,15,17,61,66,71,74,79,81,100,102" machi="3" ten="20,2700,0" yaku="1,1,0,1,7,1,53,0" doraHai="23" doraHaiUra="93" who="3" fromWho="3" sc="685,-14,272,-20,18,-14,15,58" /><INIT seed="2,0,0,4,3,85" ten="671,252,4,73" oya="2" hai0="10,117,109,26,71,23,103,93,16,34,0,96,72" hai1="63,56,73,13,48,36,49,94,111,60,62,35,51" hai2="53,107,99,108,57,20,123,135,115,105,17,45,84" hai3="102,9,116,43,88,74,4,127,78,15,87,77,104"/><V59/><F115/><W68/><G68/><T52/><D72/><U118/><E118/><V58/><F123/><W89/><G116/><T110/><D117/><U7/><E73/><V12/><F135/><W90/><G43/><T14/><D71/><U83/><E36/><V75/><F75/><W98/><G77/><T21/><D52/><U3/><E3/><V69/><F69/><W44/><G44/><T22/><REACH who="0" step="1"/><D0/><REACH who="0" ten="661,252,4,73" step="2"/><U106/><E63/><V134/><F134/><W40/><G40/><T79/><D79/><U122/><E60/><V39/><F108/><W114/><G114/><T29/><AGARI ba="0,1" hai="10,14,16,21,22,23,26,29,34,93,96,103,109,110" machi="29" ten="30,4000,0" yaku="1,1,0,1,54,1,53,0" doraHai="85" doraHaiUra="54" who="0" fromWho="0" sc="661,50,252,-10,4,-20,73,-10" owari="711,81.1,242,4.2,-16,-51.6,63,-33.7" /></mjloggm>