<mjloggm ver="2.3"><GO type="225" lobby="0"/><UN n0="%E2%91%A3%E9%81%BF%E9%81%8A%E6%88%AF%E3%80%90%E6%9D%B1%E5%8D%97%E3%80%91" n1="%E3%81%A8%E3%82%93%E3%81%A8%E3%81%93%E3%81%A8%E3%82%93" n2="%E3%81%BF%E3%81%BF%E3%81%9A" n3="%E3%82%BC%E3%83%AB%E3%83%80%E3%81%AE%E4%BC%9D%E8%AA%AC" dan="16,16,16,17" rate="2064.19,2104.33,2133.05,2145.31" sx="M,F,M,M"/><TAIKYOKU oya="0"/><INIT seed="0,0,0,4,5,71" ten="250,250,250,250" oya="0" hai0="1,124,131,69,83,75,92,89,28,19,121,106,78" hai1="135,86,72,62,9,88,33,108,82,40,96,126,73" hai2="24,6,31,122,85,21,74,43,99,55,23,27,65" hai3="90,116,97,10,132,102,38,35,67,104,81,12,125"/><T112/><D106/><U133/><E33/><V91/><F74/><W68/><G116/><T128/><D69/><U50/><E108/><V8/><F122/><W5/><G125/><T49/><D1/><U117/><E117/><V57/><F43/><W32/><G132/><N who="1" m="50762" /><E62/><V118/><F118/><W66/><G38/><T7/><D121/><U45/><E126/><V41/><F41/><W80/><G90/><T34/><D124/><U130/><E130/><V101/><F65/><W59/><G59/><T64/><D112/><U2/><E96/><V42/><F42/><W70/><G32/><T22/><D64/><U54/><E40/><V17/><F101/><W60/><G35/><T30/><D34/><U134/><N who="1" m="50770" /><U103/><DORA hai="63" /><E103/><V51/><F99/><W110/><G110/><T4/><D49/><U98/><E98/><V107/><F107/><W16/><G5/><AGARI ba="0,0" hai="2,5,9,45,50,54,72,73,82,86,88" m="50770" machi="5" ten="40,2600,0" yaku="20,1,54,1" doraHai="71,63" who="1" fromWho="3" sc="250,0,250,26,250,0,250,-26" /><INIT seed="1,0,0,3,3,17" ten="250,276,250,224" oya="1" hai0="134,90,2,30,106,31,130,53,93,92,10,89,135" hai1="4,33,96,133,73,108,128,58,68,47,99,103,121" hai2="67,45,22,44,77,9,27,65,113,0,129,11,84" hai3="23,5,48,6,105,63,79,8,112,59,76,131,86"/><U98/><E68/><V1/><F1/><W55/><G131/><T34/><D106/><U42/><E121/><V36/><F129/><W74/><G112/><T85/><D130/><U60/><E128/><V114/><F77/><W51/><G105/><T70/><D70/><U19/><E33/><V21/><F84/><W20/><G74/><T41/><D41/><U39/><E73/><V61/><F0/><W16/><G76/><T24/><D31/><U66/><E133/><V15/><F15/><N who="3" m="7271" /><G48/><T57/><D10/><U125/><E125/><V104/><F104/><W100/><G100/><T127/><D2/><U50/><E108/><V64/><F64/><N who="3" m="39039" /><G6/><T56/><D127/><U72/><E72/><V13/><F13/><W102/><G102/><T78/><D78/><U14/><E4/><V101/><F101/><W120/><G5/><T126/><D126/><U95/><REACH who="1" step="1"/><E39/><REACH who="1" ten="250,266,250,224" step="2"/><V37/><F61/><W87/><G120/><T122/><D122/><U97/><E97/><V32/><F32/><W118/><G118/><T38/><D38/><U12/><E12/><V26/><AGARI ba="0,1" hai="9,11,21,22,26,27,36,37,44,45,65,67,113,114" machi="26" ten="25,8000,1" yaku="0,1,22,2,52,2" doraHai="17" who="2" fromWho="2" sc="250,-20,266,-40,250,90,224,-20" /><INIT seed="2,0,0,3,4,5" ten="230,226,340,204" oya="2" hai0="116,80,77,100,75,85,123,131,95,129,14,72,65" hai1="101,71,13,130,61,109,120,19,134,49,90,42,32" hai2="73,39,84,18,69,121,93,91,104,88,110,76,10" hai3="29,55,63,81,26,54,106,92,87,60,105,115,17"/><V86/><F69/><W83/><G115/><T52/><D65/><U1/><E1/><V57/><F39/><W114/><G114/><T66/><D66/><U135/><E32/><V107/><F57/><W34/><G92/><T117/><D14/><U97/><E109/><V74/><F18/><W68/><G68/><T23/><D23/><U24/><E130/><N who="0" m="49673" /><D52/><U9/><E120/><V99/><F10/><W44/><G17/><T128/><N who="0" m="49681" /><T79/><DORA hai="98" /><D123/><U50/><E90/><V67/><F67/><W70/><G70/><T127/><D127/><U53/><E24/><V40/><F40/><W21/><G34/><T4/><D4/><U125/><E125/><V35/><F35/><W36/><G55/><T58/><D58/><N who="1" m="35023" /><E71/><V89/><F121/><W82/><G87/><N who="2" m="33321" /><F110/><W103/><G106/><N who="2" m="40489" /><F76/><W7/><G7/><T38/><D38/><U122/><E42/><V15/><F15/><W59/><G60/><T48/><D48/><U119/><E122/><V124/><F124/><W118/><G36/><T16/><D16/><U12/><E13/><V20/><F20/><W2/><G2/><T113/><D113/><U31/><E31/><V111/><F111/><W11/><G11/><T132/><D79/><U27/><E9/><V6/><F6/><W37/><G37/><T64/><D64/><U43/><E43/><V33/><F33/><W126/><G126/><T108/><D108/><U78/><E78/><V41/><F41/><W133/><G29/><T30/><D30/><U62/><E19/><V96/><F93/><W112/><G112/><T56/><D95/><RYUUKYOKU ba="0,0" sc="230,-10,226,-10,340,30,204,-10" hai2="73,74,88,89,91,96,99" /><INIT seed="2,1,0,0,3,9" ten="220,216,370,194" oya="2" hai0="46,16,17,100,86,135,111,3,108,55,33,112,24" hai1="91,81,104,2,14,128,5,129,114,123,101,7,120" hai2="50,52,44,39,63,90,72,61,13,18,69,94,121" hai3="59,19,40,82,62,87,48,27,12,79,96,85,98"/><V113/><F113/><W49/><G27/><T93/><D3/><U89/><E2/><V58/><F121/><N who="1" m="46665" /><E114/><V38/><F72/><W74/><G74/><T134/><D112/><U57/><E57/><V22/><F69/><W53/><G87/><T43/><D55/><U0/><E0/><V70/><F70/><W127/><G127/><T76/><D100/><U107/><E81/><V88/><F63/><W42/><G49/><T1/><D1/><U83/><E83/><V132/><F132/><N who="0" m="50730" /><D76/><U67/><E67/><V64/><REACH who="2" step="1"/><F88/><REACH who="2" ten="220,216,360,194" step="2"/><W20/><G62/><T15/><D86/><AGARI ba="1,1" hai="13,18,22,38,39,44,50,52,58,61,64,86,90,94" machi="86" ten="30,18000,2" yaku="1,1,2,1,7,1,52,1,54,1,53,1" doraHai="9" doraHaiUra="11" who="2" fromWho="0" sc="220,-183,216,0,360,193,194,0" /><INIT seed="2,2,0,2,2,24" ten="37,216,553,194" oya="2" hai0="105,57,84,22,54,61,104,108,86,77,28,65,56" hai1="131,39,17,3,38,117,34,132,101,64,134,51,0" hai2="31,21,20,30,103,5,46,116,123,32,9,124,98" hai3="7,73,75,68,15,81,112,58,29,44,14,8,95"/><V129/><F116/><W42/><G68/><T78/><D108/><U122/><E117/><V2/><F123/><W88/><G112/><T85/><D105/><U45/><E34/><V10/><F124/><W49/><G81/><T96/><D104/><U13/><E64/><V118/><F118/><W52/><G15/><T109/><D109/><U36/><E101/><V71/><F71/><W107/><G29/><T135/><D135/><N who="1" m="51755" /><E131/><V130/><F46/><W100/><G100/><T114/><D114/><U111/><E122/><V80/><F80/><W43/><G107/><T93/><D57/><U16/><E111/><V76/><F76/><W40/><REACH who="3" step="1"/><G44/><REACH who="3" ten="37,216,553,184" step="2"/><T69/><D69/><U59/><E59/><V23/><F32/><W89/><G89/><T11/><D11/><N who="1" m="6207" /><E17/><V115/><F115/><W19/><G19/><T18/><D28/><U27/><E27/><V92/><F10/><W66/><G66/><T35/><D65/><U127/><E127/><V26/><F26/><W97/><AGARI ba="2,1" hai="7,8,14,40,42,43,49,52,58,73,75,88,95,97" machi="97" ten="30,8000,1" yaku="1,1,0,1,54,2,53,1" doraHai="24" doraHaiUra="55" who="3" fromWho="3" sc="37,-22,216,-22,553,-42,184,96" /><INIT seed="3,0,0,3,3,133" ten="15,194,511,280" oya="3" hai0="30,75,29,95,87,106,70,117,59,45,10,110,56" hai1="126,77,31,63,4,112,13,89,114,49,35,73,65" hai2="12,54,51,57,34,42,32,58,48,88,72,7,15" hai3="19,99,22,113,66,71,40,43,38,1,96,55,16"/><W80/><G1/><T134/><D95/><U91/><E126/><V101/><F72/><W107/><G113/><T26/><D87/><U78/><E35/><V52/><F101/><W60/><G80/><T135/><D45/><U6/><E31/><V74/><F74/><W103/><G38/><T84/><D84/><U27/><E27/><V9/><F42/><W94/><G55/><T98/><D75/><U122/><E49/><V20/><F88/><W130/><G130/><T108/><D98/><U47/><E122/><V53/><F53/><W18/><G22/><T61/><D10/><U123/><E123/><V17/><AGARI ba="0,0" hai="7,9,12,15,17,20,32,34,48,51,52,54,57,58" machi="17" ten="30,4000,0" yaku="0,1,9,1,54,1" doraHai="133" who="2" fromWho="2" sc="15,-10,194,-10,511,40,280,-20" owari="5,-49.5,184,-21.6,551,65.1,260,6.0" /></mjloggm>