<mjloggm ver="2.3"><GO type="225" lobby="0"/><UN n0="%E6%81%A5%E6%99%92%E3%81%97" n1="%E5%A4%9C%E3%81%AE%E3%82%AC%E3%82%B9%E3%83%91%E3%83%BC%E3%83%AB" n2="%33%74%72%65%65" n3="%E3%82%B2%E3%82%B9%E8%8C%82%E5%8B%9D" dan="16,17,16,16" rate="2163.96,2219.43,2109.53,2118.70" sx="M,M,F,F"/><TAIKYOKU oya="0"/><INIT seed="0,0,0,2,0,113" ten="250,250,250,250" oya="0" hai0="108,43,7,3,72,55,112,86,88,14,99,71,24" hai1="56,44,114,16,26,94,97,8,135,121,106,134,48" hai2="76,123,78,65,42,68,110,10,29,9,32,70,91" hai3="131,95,51,21,90,40,11,115,36,69,57,102,92"/><T39/><D112/><U28/><E114/><V60/><F123/><W124/><G131/><T13/><D71/><U96/><E121/><V80/><F110/><W98/><G124/><T64/><D108/><U19/><E56/><V54/><F70/><W82/><G115/><T34/><D64/><U66/><E66/><V61/><F42/><W2/><G69/><T31/><D55/><U4/><E106/><V118/><F118/><W125/><G125/><T46/><D99/><U101/><E97/><V85/><F32/><W128/><G128/><T22/><D72/><U120/><E120/><V58/><F29/><W47/><G82/><T93/><REACH who="0" step="1"/><D22/><REACH who="0" ten="240,250,250,250" step="2"/><U53/><E134/><V117/><F117/><W37/><G21/><T1/><D1/><U109/><E135/><V45/><F68/><W18/><G2/><T33/><D33/><U38/><E109/><V62/><F65/><W103/><G103/><T23/><D23/><U84/><E101/><V73/><F73/><W25/><G102/><T49/><D49/><U129/><E96/><V20/><F20/><W87/><G36/><T59/><D59/><U50/><E129/><V83/><F58/><W79/><G57/><T107/><D107/><U0/><E38/><V15/><F54/><W75/><G37/><T89/><D89/><N who="1" m="53543" /><E50/><V30/><F91/><N who="3" m="53375" /><G75/><T81/><D81/><U111/><E111/><V41/><F83/><W104/><G104/><T27/><D27/><U116/><E116/><V126/><F80/><W52/><G25/><T12/><D12/><U74/><E74/><V105/><F126/><W35/><G35/><AGARI ba="0,1" hai="0,4,8,16,19,26,28,35,44,48,53" m="53543" machi="35" ten="30,2000,0" yaku="6,1,54,1" doraHai="113" who="1" fromWho="3" sc="240,0,250,30,250,0,250,-20" /><INIT seed="1,0,0,2,5,44" ten="240,280,250,230" oya="1" hai0="26,128,41,76,81,74,51,9,13,39,35,119,86" hai1="102,73,42,124,50,61,77,15,134,45,85,59,71" hai2="117,123,25,56,103,133,79,78,20,0,16,29,57" hai3="98,127,1,62,69,99,21,68,125,60,93,31,88"/><U113/><E113/><V28/><F117/><W131/><G131/><T112/><D128/><U67/><E73/><V49/><F123/><W12/><G1/><T55/><D119/><U48/><E124/><N who="3" m="47690" /><G99/><T118/><D118/><U47/><E134/><V38/><F38/><W40/><G40/><T100/><D112/><U94/><E71/><N who="3" m="27210" /><G31/><N who="2" m="11849" /><F0/><W66/><G66/><T75/><D26/><U122/><E122/><V14/><F133/><W108/><G108/><T10/><D35/><U7/><E102/><V92/><F25/><W24/><G24/><T2/><D100/><U115/><E115/><V135/><F135/><W36/><G36/><T8/><D2/><U114/><E114/><V110/><F110/><W30/><G30/><T87/><D75/><U64/><E64/><V34/><F34/><W23/><G23/><T120/><D120/><U106/><E106/><V27/><F27/><W33/><G33/><T89/><D39/><U3/><E3/><V91/><F103/><W84/><G98/><T130/><D41/><U83/><E42/><V46/><F78/><W109/><G109/><T5/><D130/><U116/><E116/><V11/><F79/><W111/><G111/><T72/><D74/><U95/><E15/><V82/><F20/><W32/><G32/><T4/><D72/><U54/><E77/><V96/><F82/><W129/><G129/><T65/><D65/><U101/><E101/><V80/><F80/><W105/><G105/><T63/><D13/><U22/><E67/><V19/><F19/><AGARI ba="0,0" hai="12,19,21,60,62,84,88,93" m="27210,47690" machi="19" ten="30,2000,0" yaku="18,1,54,1" doraHai="44" who="3" fromWho="2" sc="240,0,280,0,250,-20,230,20" /><INIT seed="2,0,0,3,5,49" ten="240,280,230,250" oya="2" hai0="84,31,106,61,123,95,113,54,32,4,129,127,2" hai1="115,100,14,107,20,118,125,101,82,50,44,19,48" hai2="99,105,39,53,47,121,38,69,91,119,97,66,108" hai3="98,63,46,76,78,36,109,26,111,28,128,21,25"/><V70/><F119/><W85/><G128/><T71/><D113/><U65/><E115/><V86/><F121/><W59/><G98/><T40/><D123/><U74/><E118/><V83/><F108/><N who="3" m="41547" /><G85/><T13/><D106/><U67/><E125/><V112/><F112/><W133/><G133/><T122/><D122/><U93/><E107/><V89/><F99/><W116/><G116/><T30/><D2/><U42/><E50/><V80/><F105/><W12/><G12/><T27/><D40/><U56/><E74/><V104/><F104/><W58/><G58/><N who="0" m="35031" /><D32/><U81/><E93/><V9/><F9/><W117/><G117/><T124/><D71/><U6/><E6/><V3/><F3/><W11/><G11/><N who="0" m="4327" /><D27/><U52/><E67/><V72/><F66/><N who="3" m="39295" /><G25/><T94/><D129/><U41/><E65/><V55/><F72/><W130/><G130/><T88/><D95/><U64/><E64/><V110/><F110/><W135/><G135/><T90/><D90/><U79/><E79/><V131/><F131/><W18/><G28/><T51/><D51/><N who="1" m="30751" /><E42/><AGARI ba="0,0" hai="18,21,26,36,42,46,76,78" m="39295,41547" machi="42" ten="30,1000,0" yaku="14,1" doraHai="49" who="3" fromWho="1" sc="240,0,280,-10,230,0,250,10" /><INIT seed="3,0,0,1,4,61" ten="240,270,230,260" oya="3" hai0="115,71,111,47,75,73,118,41,60,1,33,56,97" hai1="128,65,85,129,39,44,52,124,31,21,6,67,99" hai2="26,63,48,133,81,102,123,57,2,95,34,74,116" hai3="96,23,42,49,28,40,43,32,79,76,51,83,110"/><W108/><G32/><T53/><D118/><U36/><E124/><V101/><F116/><W104/><G28/><T22/><D33/><U8/><E99/><V46/><F2/><W0/><G0/><T64/><D1/><N who="1" m="79" /><E85/><V54/><F123/><W84/><G23/><T92/><D111/><N who="3" m="42537" /><G76/><T93/><D115/><U132/><E132/><V106/><F106/><W119/><G119/><T13/><D93/><U30/><E30/><V29/><F133/><W125/><G125/><T117/><D117/><U14/><E52/><V19/><F95/><W91/><G91/><T130/><D130/><N who="1" m="50283" /><E44/><V3/><F3/><W126/><G126/><T12/><D75/><U15/><E31/><V98/><F98/><W72/><G72/><T24/><D73/><U62/><E62/><V38/><F38/><N who="1" m="14377" /><E15/><V103/><F19/><AGARI ba="0,0" hai="14,19,21,65,67" m="14377,50283,79" machi="19" ten="30,3900,0" yaku="19,1,52,2" doraHai="61" who="1" fromWho="2" sc="240,0,270,39,230,-39,260,0" owari="240,-16.0,309,40.9,191,-30.9,260,6.0" /></mjloggm>