<mjloggm ver="2.3"><GO type="225" lobby="0"/><UN n0="%E3%81%82%E3%81%B9%E3%81%99%E3%81%91" n1="%E3%82%B2%E3%82%B9%E8%8C%82%E5%8B%9D" n2="%E3%81%99%E3%81%84%E3%81%BE%E3%81%9B%E3%83%BC%E3%82%93" n3="%E7%B4%94%E6%BD%94%E3%83%94%E3%83%A9%E3%83%8B%E3%82%A2" dan="16,16,17,16" rate="2108.84,2132.72,2258.14,2171.46" sx="M,F,M,M"/><TAIKYOKU oya="0"/><INIT seed="0,0,0,4,1,16" ten="250,250,250,250" oya="0" hai0="21,7,103,42,78,117,70,57,38,3,15,115,71" hai1="127,0,47,37,19,119,36,101,74,91,49,59,118" hai2="45,14,109,80,58,75,33,124,102,100,86,81,17" hai3="125,60,52,92,32,69,128,55,116,122,11,72,99"/><T83/><D115/><U73/><E0/><V134/><F124/><W79/><G32/><T44/><D117/><U110/><E127/><V89/><F109/><W30/><G30/><T67/><D103/><U56/><E101/><V24/><F134/><W114/><G114/><T65/><D65/><U76/><E91/><V34/><F34/><W96/><G96/><T120/><D120/><U112/><E19/><V68/><F68/><W135/><G135/><T1/><D57/><U39/><E112/><V18/><F58/><W93/><G93/><T20/><D15/><U61/><E110/><V48/><F33/><W28/><G28/><T132/><D3/><U35/><E35/><V4/><F4/><W88/><G128/><T104/><D104/><U27/><E76/><V113/><F113/><W63/><G69/><N who="0" m="26123" /><D67/><U50/><E37/><V105/><F105/><W46/><G125/><T54/><D54/><U62/><E47/><V95/><F102/><W8/><G116/><T107/><D107/><U66/><E66/><V97/><F24/><AGARI ba="0,0" hai="24,27,36,39,49,50,56,59,61,62,73,74,118,119" machi="24" ten="25,1600,0" yaku="22,2" doraHai="16" who="1" fromWho="2" sc="250,0,250,16,250,-16,250,0" /><INIT seed="1,0,0,5,1,128" ten="250,266,234,250" oya="1" hai0="14,73,75,115,79,132,93,98,90,44,68,21,131" hai1="114,63,10,0,6,52,127,135,31,125,26,81,50" hai2="1,13,65,129,51,101,70,71,80,34,7,119,36" hai3="97,16,37,91,103,9,23,35,85,83,122,60,116"/><U42/><E114/><V28/><F36/><W41/><G35/><T59/><D68/><U61/><E81/><V40/><F119/><W96/><G116/><T118/><D115/><U39/><E42/><V45/><F1/><W43/><G122/><T27/><D118/><U88/><E39/><V57/><F129/><W99/><G9/><T56/><D44/><U62/><E88/><V84/><F101/><W22/><G22/><T4/><D131/><U130/><E130/><V102/><F102/><W58/><G103/><T29/><D132/><U120/><E120/><V47/><F47/><W94/><G83/><T53/><D79/><U33/><REACH who="1" step="1"/><E135/><REACH who="1" ten="250,256,234,250" step="2"/><V86/><F80/><W124/><G37/><T66/><D90/><U18/><E18/><V78/><F40/><W112/><G112/><T95/><D93/><U30/><E30/><V54/><F28/><W133/><G133/><T11/><D95/><U38/><E38/><V100/><F100/><W92/><G94/><T5/><D29/><U74/><E74/><V25/><F78/><W109/><G43/><T69/><D75/><U8/><E8/><V17/><F86/><W49/><G41/><T15/><D73/><U20/><E20/><N who="2" m="13455" /><F84/><W108/><G85/><T2/><D11/><U82/><E82/><V89/><F89/><W105/><G91/><T48/><D98/><U55/><E55/><V77/><F77/><W24/><G92/><T76/><D76/><U104/><E104/><V72/><F72/><W12/><G105/><T113/><D113/><U111/><E111/><V110/><F110/><W64/><G108/><RYUUKYOKU ba="0,1" sc="250,-10,256,30,234,-10,250,-10" hai1="0,6,10,26,31,33,50,52,61,62,63,125,127" /><INIT seed="1,1,1,4,0,29" ten="240,286,224,240" oya="1" hai0="127,115,3,100,103,30,79,105,92,38,21,87,117" hai1="60,48,2,9,15,22,119,111,28,23,75,109,18" hai2="20,34,123,10,128,39,67,59,24,37,95,1,70" hai3="134,54,86,94,6,33,13,126,44,106,40,82,62"/><U122/><E119/><V36/><F123/><W76/><G106/><T132/><D115/><U47/><E75/><V35/><F70/><W4/><G126/><T31/><D3/><U129/><E122/><V91/><F128/><W56/><G134/><T71/><D38/><U72/><E72/><V130/><F130/><W133/><G133/><T113/><D113/><U50/><E129/><V16/><F1/><W114/><G114/><T17/><D71/><U42/><E60/><V83/><F83/><W125/><G125/><T41/><D41/><U68/><E68/><V116/><F10/><W135/><G135/><T65/><D65/><U121/><E121/><V52/><F67/><W55/><G33/><T43/><D105/><U78/><E78/><V96/><REACH who="2" step="1"/><F116/><REACH who="2" ten="240,286,214,240" step="2"/><W99/><G54/><T45/><D117/><U77/><E2/><V51/><AGARI ba="1,2" hai="16,20,24,34,35,36,37,39,51,52,59,91,95,96" machi="51" ten="30,16000,3" yaku="1,1,2,1,0,1,52,2,54,2,53,1" doraHai="29" doraHaiUra="88" who="2" fromWho="2" sc="240,-41,286,-81,214,183,240,-41" /><INIT seed="2,0,0,4,3,117" ten="199,205,397,199" oya="2" hai0="45,67,68,49,64,57,126,121,84,6,114,74,118" hai1="53,107,13,43,26,11,17,2,92,24,122,124,116" hai2="97,72,36,86,81,91,8,44,12,37,88,56,110" hai3="93,103,128,20,23,46,75,58,33,54,47,87,39"/><V101/><F72/><W65/><G75/><T99/><D74/><U60/><E107/><V27/><F110/><W21/><G33/><T59/><D99/><U104/><E104/><V1/><F1/><W134/><G128/><T111/><D6/><U14/><E116/><V83/><F56/><N who="0" m="21578" /><D84/><U9/><E2/><V52/><F27/><W51/><G134/><T55/><D114/><U89/><E124/><V77/><F83/><W79/><G39/><T69/><D118/><U19/><E43/><V105/><F37/><W3/><G3/><T30/><D30/><U42/><E42/><V135/><F135/><W63/><G46/><T73/><D73/><U28/><E28/><V82/><F82/><W98/><G87/><T90/><D90/><U18/><E18/><V115/><F115/><W76/><AGARI ba="0,0" hai="20,21,23,47,51,54,58,63,65,76,79,93,98,103" machi="76" ten="30,2000,0" yaku="0,1,8,1" doraHai="117" who="3" fromWho="3" sc="199,-5,205,-5,397,-10,199,20" /><INIT seed="3,0,0,4,4,109" ten="194,200,387,219" oya="3" hai0="51,49,39,90,24,27,44,26,52,119,65,42,41" hai1="102,128,66,13,8,56,47,114,4,20,129,98,116" hai2="131,135,5,6,61,1,46,14,104,101,16,132,122" hai3="124,77,112,75,103,57,68,72,117,83,3,110,40"/><W0/><G68/><T92/><D119/><U63/><E114/><V36/><F131/><N who="1" m="50249" /><E116/><V113/><F113/><W127/><G117/><T21/><D65/><U93/><E20/><V11/><F122/><W2/><G112/><T23/><D39/><U120/><E47/><V29/><F29/><W96/><G110/><T73/><D73/><U95/><E120/><V86/><F86/><W54/><G40/><N who="0" m="15467" /><D51/><U108/><E108/><V15/><F61/><W71/><G71/><T69/><D69/><U81/><E81/><V53/><F36/><W18/><G72/><T105/><D105/><AGARI ba="0,0" hai="4,8,13,56,63,66,93,95,98,102,105" m="50249" machi="105" ten="30,1000,0" yaku="19,1" doraHai="109" who="1" fromWho="0" sc="194,-10,200,10,387,0,219,0" owari="184,-31.6,210,-19.0,387,48.7,219,1.9" /></mjloggm>