<mjloggm ver="2.3"><GO type="225" lobby="0"/><UN n0="%E7%89%B9%E6%9D%B1%E3%81%AF%E4%B8%96%E7%95%8C%E3%82%92%E6%95%91%E3%81%86" n1="%E7%A7%8B%E6%9C%88%E7%9C%9F%E7%90%86%E4%BA%9E" n2="%4E%49%4A%49%49%52%4F" n3="%E3%81%99%E3%81%84%E3%81%BE%E3%81%9B%E3%83%BC%E3%82%93" dan="16,16,17,16" rate="2081.52,2133.09,2223.02,2203.60" sx="M,M,M,M"/><TAIKYOKU oya="0"/><INIT seed="0,0,0,0,1,52" ten="250,250,250,250" oya="0" hai0="109,43,15,117,30,3,132,27,101,57,135,67,47" hai1="0,4,110,40,78,54,20,69,126,25,19,59,31" hai2="124,62,119,46,7,37,102,13,24,41,9,49,55" hai3="123,128,85,95,114,121,129,94,90,11,88,28,118"/><T23/><D117/><U75/><E69/><V63/><F124/><W34/><G28/><T80/><D3/><U89/><E126/><V103/><F119/><W77/><G34/><T106/><D109/><U65/><E110/><V72/><F72/><W125/><G11/><T113/><D113/><U38/><E65/><V36/><F36/><W45/><G45/><T87/><D106/><U56/><E89/><V32/><F32/><W97/><G125/><T99/><D15/><U12/><E54/><V51/><F24/><W68/><G68/><T120/><D120/><N who="3" m="46153" /><G118/><T133/><D67/><U53/><E53/><V58/><REACH who="2" step="1"/><F37/><REACH who="2" ten="250,250,240,250" step="2"/><W1/><G114/><T100/><D135/><U92/><E38/><V105/><F105/><W81/><G1/><T98/><D133/><U26/><E26/><V14/><F14/><W70/><G70/><T107/><D132/><U86/><E25/><V76/><F76/><W22/><G22/><T130/><D23/><U84/><E78/><V10/><F10/><W134/><G134/><T17/><D27/><U33/><E75/><AGARI ba="0,1" hai="75,77,81,85,88,90,94,95,97,128,129" m="46153" machi="75" ten="30,7700,0" yaku="13,1,34,2,54,1" doraHai="52" who="3" fromWho="1" sc="250,0,250,-77,240,0,250,87" /><INIT seed="1,0,0,2,3,84" ten="250,173,240,337" oya="1" hai0="125,11,102,50,133,27,24,40,78,73,115,83,22" hai1="56,17,129,90,35,46,15,66,6,63,47,34,38" hai2="77,14,69,28,91,86,54,134,104,29,55,121,85" hai3="92,32,64,42,36,80,23,30,72,126,31,61,110"/><U65/><E129/><V109/><F69/><W119/><G110/><T127/><D115/><U101/><E101/><V118/><F109/><W60/><G126/><N who="0" m="48139" /><D133/><U53/><E6/><V75/><F104/><W111/><G111/><T8/><D102/><U98/><E35/><V123/><F118/><W96/><G32/><T76/><D76/><U94/><E34/><V39/><F39/><W52/><G119/><T112/><D112/><U58/><E38/><V114/><F114/><W0/><G0/><T122/><D122/><U5/><E5/><V71/><F71/><W25/><G31/><N who="0" m="17815" /><D27/><U41/><E41/><V19/><F77/><W100/><G42/><T44/><AGARI ba="0,0" hai="8,11,40,44,50,73,78,83" m="17815,48139" machi="44" ten="30,1100,0" yaku="18,1" doraHai="84" who="0" fromWho="0" sc="250,11,173,-5,240,-3,337,-3" /><INIT seed="2,0,0,1,2,77" ten="261,168,237,334" oya="2" hai0="47,127,122,96,114,41,70,19,49,103,27,30,112" hai1="102,78,94,125,133,43,55,53,35,32,17,18,37" hai2="69,110,91,36,87,118,13,126,54,116,23,45,113" hai3="121,3,75,11,28,57,108,22,130,48,39,135,98"/><V109/><F113/><W46/><G121/><T115/><D122/><U81/><E125/><V107/><F107/><W104/><G75/><T5/><D70/><U56/><E133/><V15/><F69/><W44/><G135/><T4/><D19/><U10/><E43/><V93/><F126/><W40/><G108/><N who="2" m="41577" /><F23/><W86/><G130/><T79/><D79/><U59/><E37/><V50/><F36/><W124/><G57/><T14/><D14/><AGARI ba="0,0" hai="13,14,15,45,50,54,87,91,93,116,118" m="41577" machi="14" ten="30,2900,0" yaku="14,1,10,1" doraHai="77" who="2" fromWho="0" sc="261,-29,168,0,237,29,334,0" /><INIT seed="2,1,0,1,2,23" ten="232,168,266,334" oya="2" hai0="40,73,78,77,56,70,121,58,104,106,63,92,53" hai1="87,101,117,47,122,68,17,88,0,26,9,16,114" hai2="49,3,82,118,51,39,116,79,20,120,127,67,50" hai3="125,126,41,34,22,13,7,129,115,44,93,25,21"/><V24/><F120/><W75/><G75/><T14/><D121/><U61/><E122/><V72/><F127/><N who="3" m="48651" /><G129/><T94/><D70/><U46/><E114/><V130/><F130/><W30/><G115/><T105/><D40/><U71/><E117/><V112/><F112/><W123/><G123/><T28/><D28/><U65/><E71/><V32/><F32/><W42/><G42/><T1/><D1/><U103/><E103/><V35/><F39/><N who="3" m="21567" /><G93/><T131/><D131/><U95/><E101/><V59/><F3/><W43/><G43/><T55/><D14/><U31/><E46/><V98/><F35/><W81/><G81/><T66/><D66/><U128/><E47/><V100/><F67/><W69/><G69/><T6/><D6/><U135/><E128/><V84/><F72/><W86/><G86/><T85/><D73/><U12/><E0/><V111/><F111/><W132/><G132/><T133/><D133/><U18/><E135/><V52/><F116/><W99/><G99/><T107/><D107/><U29/><E29/><V89/><F118/><W134/><G134/><T97/><D85/><U19/><E19/><N who="2" m="12319" /><F100/><W33/><G33/><AGARI ba="1,0" hai="9,12,16,17,18,26,31,33,61,65,68,87,88,95" machi="33" ten="30,7700,0" yaku="7,1,52,1,54,2" doraHai="23" who="1" fromWho="3" sc="232,0,168,80,266,0,334,-80" /><INIT seed="3,0,0,2,1,118" ten="232,248,266,254" oya="3" hai0="57,108,83,12,121,25,3,5,109,24,22,90,72" hai1="95,15,135,65,130,43,127,14,45,129,71,67,28" hai2="2,88,82,27,30,110,69,53,52,92,86,50,35" hai3="132,63,37,49,40,99,74,36,58,96,119,116,32"/><W56/><G32/><T21/><D72/><U13/><E127/><V51/><F69/><W60/><G74/><T134/><D134/><U112/><E112/><V7/><F110/><N who="0" m="42602" /><D57/><N who="3" m="22121" /><G99/><T77/><D77/><U133/><E28/><V9/><F51/><W98/><G98/><T85/><D3/><U79/><E79/><V75/><F75/><W84/><G84/><T122/><D5/><U10/><E95/><V102/><F50/><W62/><G96/><T55/><D55/><U114/><E114/><V41/><F41/><W113/><G113/><T73/><D12/><U76/><E76/><V93/><F102/><W97/><G97/><T123/><D73/><U78/><E78/><V20/><F35/><W4/><G4/><T18/><D123/><U66/><E10/><V89/><F82/><W81/><G81/><T100/><D100/><U1/><E1/><V26/><F26/><W61/><N who="3" m="15360" /><DORA hai="38" /><W0/><G0/><T128/><D128/><N who="1" m="49259" /><E71/><V19/><F30/><AGARI ba="0,0" hai="18,21,22,24,25,30,83,85,90,121,122" m="42602" machi="30" ten="30,3900,0" yaku="14,1,52,2" doraHai="118,38" who="0" fromWho="2" sc="232,39,248,0,266,-39,254,0" /><INIT seed="4,0,0,2,5,5" ten="271,248,227,254" oya="0" hai0="2,61,135,18,131,107,52,76,96,98,12,49,93" hai1="128,82,3,38,6,101,110,69,39,31,42,4,43" hai2="125,85,104,133,14,77,16,7,84,95,88,56,66" hai3="30,40,109,78,47,73,65,45,20,23,106,117,13"/><T71/><D2/><U105/><E110/><V26/><F104/><W97/><G109/><T118/><D118/><U122/><E122/><V111/><F111/><W17/><G117/><T46/><D131/><U24/><E69/><V89/><F133/><W102/><G65/><T99/><D107/><U32/><E128/><V116/><F125/><W60/><G60/><T41/><D76/><U123/><E123/><V53/><F116/><W48/><G47/><T80/><D80/><U113/><E113/><V134/><F134/><W86/><G73/><T62/><D135/><U130/><E130/><V103/><F103/><W74/><G74/><T28/><D28/><U75/><E43/><V100/><F100/><W64/><G64/><T54/><D93/><U37/><E42/><V44/><F66/><W19/><G30/><T124/><D124/><U27/><E27/><V112/><F77/><W121/><G121/><T55/><D71/><U22/><E22/><AGARI ba="0,0" hai="12,18,22,41,46,49,52,54,55,61,62,96,98,99" machi="22" ten="40,3900,0" yaku="8,1,54,1" doraHai="5" who="0" fromWho="1" sc="271,39,248,-39,227,0,254,0" owari="310,41.0,209,-29.1,227,-17.3,254,5.4" /></mjloggm>