<mjloggm ver="2.3"><GO type="225" lobby="0"/><UN n0="%E3%81%A1%E3%82%85%E3%81%86%E3%81%A9%E3%81%8F%E8%B1%A1%E3%81%95%E3%82%93" n1="%E6%A0%B9%E5%85%83%E3%81%8B%E3%82%89%E5%90%B9%E3%81%A3%E9%A3%9B%E3%81%B6" n2="%E6%9D%BE%E6%9C%AC%E5%81%A5%E7%94%B7" n3="%66%67%67%68%68%64%66" dan="17,16,16,16" rate="2190.86,2156.40,2129.30,2066.71" sx="M,F,M,M"/><TAIKYOKU oya="0"/><INIT seed="0,0,0,5,0,95" ten="250,250,250,250" oya="0" hai0="105,85,76,111,128,109,89,49,1,103,39,60,78" hai1="57,22,17,25,102,14,101,132,6,108,65,77,5" hai2="30,63,118,127,106,67,52,27,56,62,31,119,81" hai3="34,130,80,125,29,16,48,7,69,51,94,120,104"/><T13/><D1/><U126/><E108/><N who="0" m="41545" /><D39/><U9/><E126/><V10/><F127/><W135/><G104/><T110/><N who="0" m="41553" /><T75/><DORA hai="23" /><D128/><U43/><E132/><V42/><F106/><W19/><G69/><T123/><D123/><U131/><E131/><V21/><F42/><W88/><G120/><T53/><D60/><N who="1" m="38031" /><E77/><N who="0" m="29801" /><D13/><N who="1" m="5295" /><E43/><V121/><F121/><W99/><G130/><T35/><D35/><U32/><E32/><V8/><F81/><W117/><G117/><N who="2" m="44553" /><F31/><W92/><G135/><T45/><D75/><U98/><E98/><V115/><F115/><W79/><G125/><T124/><D124/><U112/><E112/><V3/><F3/><W133/><G133/><T46/><D46/><U83/><E83/><V12/><F12/><W61/><G80/><N who="0" m="49319" /><D105/><U68/><E68/><AGARI ba="0,0" hai="8,10,21,27,30,52,56,62,63,67,68" m="44553" machi="68" ten="30,3900,0" yaku="12,1,52,1,54,1" doraHai="95,23" who="2" fromWho="1" sc="250,0,250,-39,250,39,250,0" /><INIT seed="1,0,0,1,4,64" ten="250,211,289,250" oya="1" hai0="55,69,117,96,52,124,120,73,95,7,24,75,4" hai1="27,16,36,94,37,87,40,6,38,82,135,103,129" hai2="133,8,3,88,83,49,43,5,59,84,48,79,54" hai3="28,32,114,62,45,105,113,77,57,29,2,46,68"/><U121/><E121/><V130/><F130/><W76/><G2/><T41/><D117/><U71/><E129/><V26/><F133/><W60/><G57/><T109/><D41/><U50/><E135/><V98/><F26/><W39/><G105/><T21/><D109/><U44/><E6/><V72/><F98/><W85/><G85/><T90/><D124/><U22/><E103/><V10/><F10/><W15/><G15/><T42/><D42/><U115/><E115/><V67/><F67/><W118/><G32/><T97/><D69/><U81/><REACH who="1" step="1"/><E71/><REACH who="1" ten="250,201,289,250" step="2"/><V0/><F0/><W131/><G131/><T92/><D120/><U53/><E53/><V65/><F65/><W51/><G68/><T19/><D4/><U61/><E61/><V104/><F104/><W110/><G62/><T12/><D55/><U14/><E14/><V31/><F31/><W112/><G60/><T18/><D7/><U35/><E35/><V1/><F1/><W127/><G114/><T9/><D52/><U134/><E134/><V34/><F34/><W126/><G28/><T20/><REACH who="0" step="1"/><D9/><REACH who="0" ten="240,201,289,250" step="2"/><U78/><E78/><V33/><F43/><W107/><G113/><T122/><D122/><U23/><E23/><V128/><F128/><W102/><G112/><T56/><D56/><U91/><AGARI ba="0,2" hai="16,22,27,36,37,38,40,44,50,81,82,87,91,94" machi="91" ten="40,12000,1" yaku="1,1,0,1,54,1,53,1" doraHai="64" doraHaiUra="80" who="1" fromWho="1" sc="240,-40,201,140,289,-40,250,-40" /><INIT seed="1,1,0,1,1,57" ten="200,341,249,210" oya="1" hai0="31,87,49,2,16,61,94,111,88,55,50,79,13" hai1="122,56,51,45,29,70,121,24,92,42,18,62,126" hai2="85,97,7,100,78,68,53,119,69,38,5,23,1" hai3="65,6,107,22,60,17,83,116,114,4,118,40,20"/><U120/><E126/><V103/><F119/><N who="3" m="45611" /><G114/><T128/><D2/><U135/><E135/><V123/><F123/><W89/><G107/><T64/><D111/><U41/><E70/><V91/><F38/><W134/><G134/><T77/><D128/><U76/><E76/><N who="0" m="29257" /><D31/><U72/><E72/><V66/><F78/><W47/><G89/><T129/><D129/><U130/><E130/><V58/><F66/><W44/><G83/><T101/><D101/><U74/><E74/><V109/><F109/><W54/><G54/><T108/><D108/><U81/><E81/><V90/><F103/><W67/><G67/><T26/><D26/><U21/><E92/><V14/><F69/><N who="3" m="42151" /><G22/><N who="0" m="11535" /><D64/><U98/><E121/><V124/><F68/><W28/><G28/><T127/><D127/><U73/><E29/><V9/><F124/><W63/><G63/><T27/><D27/><U0/><E73/><V59/><F100/><W36/><G47/><T3/><D3/><U131/><E0/><V39/><F1/><W35/><G35/><T43/><D43/><U113/><E42/><V34/><F34/><W99/><G99/><T110/><D110/><U95/><E131/><V112/><F97/><W46/><G46/><T12/><D12/><AGARI ba="1,0" hai="4,6,12,17,20,36,40,44" m="42151,45611" machi="12" ten="30,2000,0" yaku="12,1,52,1" doraHai="57" who="3" fromWho="0" sc="200,-23,341,0,249,0,210,23" /><INIT seed="2,0,0,4,2,70" ten="177,341,249,233" oya="2" hai0="67,110,72,131,108,115,76,18,42,4,25,74,32" hai1="33,30,52,118,2,85,17,91,21,125,62,126,112" hai2="133,117,121,43,95,5,134,47,98,51,71,12,1" hai3="82,49,83,38,63,109,119,35,66,78,101,16,81"/><V73/><F117/><W24/><G119/><T29/><D115/><U14/><E112/><V34/><F121/><W28/><G109/><T113/><D113/><U103/><E103/><V105/><F71/><W88/><G38/><T48/><D67/><U10/><E118/><V8/><F34/><W60/><G101/><T61/><D61/><U111/><E52/><V120/><F120/><W40/><G78/><T22/><D4/><N who="1" m="1303" /><E62/><V129/><F73/><W130/><G130/><T97/><D97/><U106/><E106/><V44/><F129/><W123/><G123/><T9/><D9/><U69/><E69/><V11/><F105/><W107/><G107/><T46/><D131/><U127/><E111/><V114/><F47/><W128/><G128/><T37/><D72/><U93/><E30/><V26/><F26/><W102/><G102/><T27/><REACH who="0" step="1"/><D48/><REACH who="0" ten="167,341,249,233" step="2"/><U84/><E84/><V0/><F114/><W96/><G66/><T116/><D116/><U90/><E85/><V65/><F65/><W92/><G63/><T53/><D53/><U99/><E99/><V31/><F8/><W75/><G60/><T87/><D87/><U94/><E126/><V58/><F98/><W79/><G49/><T23/><D23/><U59/><E21/><V20/><F20/><N who="3" m="13319" /><G40/><T80/><AGARI ba="0,1" hai="18,22,25,27,29,32,37,42,46,74,76,80,108,110" machi="80" ten="30,7900,0" yaku="1,1,0,1,52,1,53,1" doraHai="70" doraHaiUra="36" who="0" fromWho="0" sc="167,89,341,-20,249,-39,233,-20" /><INIT seed="3,0,0,2,1,33" ten="256,321,210,213" oya="3" hai0="38,54,124,105,8,101,42,49,34,21,100,23,52" hai1="130,64,77,17,111,30,99,110,79,13,112,115,86" hai2="39,98,69,68,119,95,109,74,45,41,121,37,18" hai3="89,40,4,35,11,6,0,117,61,60,2,85,28"/><W71/><G117/><T114/><D34/><U106/><E130/><V84/><F119/><W128/><G40/><T9/><D38/><U73/><E30/><V51/><F74/><W88/><G128/><T113/><D42/><U131/><E64/><V103/><F109/><N who="1" m="41481" /><E73/><V22/><F121/><W122/><G122/><T116/><D116/><U97/><E131/><V3/><F3/><W118/><G118/><T75/><D75/><U7/><E7/><V14/><REACH who="2" step="1"/><F84/><REACH who="2" ten="256,321,200,213" step="2"/><W10/><G71/><AGARI ba="0,1" hai="14,18,22,37,39,41,45,51,68,69,71,95,98,103" machi="71" ten="40,2600,0" yaku="1,1,2,1,53,0" doraHai="33" doraHaiUra="104" who="2" fromWho="3" sc="256,0,321,0,200,36,213,-26" owari="256,5.6,321,42.1,236,-16.4,187,-31.3" /></mjloggm>