<mjloggm ver="2.3"><GO type="225" lobby="0"/><UN n0="%E4%BF%BA%E3%81%A8%E5%A6%96%E5%A4%A2" n1="%E3%83%A2%E3%83%B3%E3%82%AD%E3%83%BC%E3%83%88%E3%83%AA%E3%83%83%E3%82%AF" n2="%E3%81%82%E3%81%99%E3%81%AB%E3%82%83%E3%82%80" n3="%E5%B8%86%E7%AB%8B%E5%A4%8F%E8%A1%A3" dan="16,16,16,17" rate="2144.12,2160.68,2204.23,2164.29" sx="F,M,F,M"/><TAIKYOKU oya="0"/><INIT seed="0,0,0,1,3,109" ten="250,250,250,250" oya="0" hai0="83,27,15,131,53,10,122,45,90,6,120,0,80" hai1="134,18,88,37,48,92,124,133,51,118,4,128,107" hai2="20,132,64,78,41,47,70,111,66,57,14,26,21" hai3="129,96,43,31,50,62,126,17,108,68,25,135,22"/><T12/><D131/><U102/><E118/><V86/><F111/><W35/><G108/><T97/><D120/><U58/><E37/><V123/><F70/><W91/><G129/><T72/><D122/><U9/><E128/><V84/><F132/><N who="1" m="50793" /><E124/><V115/><F115/><W103/><G135/><T2/><D27/><U125/><E125/><V52/><F14/><W79/><G126/><T28/><D28/><U1/><E102/><V130/><F20/><W110/><G110/><T8/><D72/><U99/><E107/><V19/><F130/><W16/><G91/><T81/><D97/><U55/><E18/><V74/><F74/><W75/><G79/><T36/><D90/><U105/><E105/><V67/><F78/><W54/><G75/><T85/><D85/><U98/><E98/><V61/><REACH who="2" step="1"/><F123/><REACH who="2" ten="250,250,240,250" step="2"/><W33/><G22/><T49/><REACH who="0" step="1"/><D36/><AGARI ba="0,1" hai="19,21,26,36,41,47,52,57,61,64,66,67,84,86" machi="36" ten="40,5200,0" yaku="1,1,2,1,54,1,53,0" doraHai="109" doraHaiUra="113" who="2" fromWho="0" sc="250,-52,250,0,240,62,250,0" /><INIT seed="1,0,0,0,5,105" ten="198,250,302,250" oya="1" hai0="111,125,12,16,10,106,20,117,43,8,94,23,42" hai1="98,112,101,24,118,14,2,91,21,62,93,131,53" hai2="70,96,38,41,22,58,133,0,64,79,72,29,46" hai3="34,123,3,15,54,103,71,124,104,31,97,48,121"/><U75/><E118/><V81/><F133/><W129/><G3/><T78/><D117/><U115/><E131/><V6/><F58/><W27/><G129/><T63/><D106/><U19/><E2/><V87/><F87/><W55/><G124/><T45/><D125/><U89/><E75/><V127/><F127/><W47/><G55/><T128/><D128/><U73/><E73/><V92/><F22/><W110/><G110/><T113/><D113/><U67/><E53/><V120/><F29/><W65/><REACH who="3" step="1"/><G15/><REACH who="3" ten="198,250,302,240" step="2"/><T33/><D111/><U51/><E115/><V122/><F64/><W7/><G7/><T76/><D42/><U40/><E112/><V1/><F0/><W4/><G4/><T60/><D43/><U135/><E135/><V114/><F114/><W82/><G82/><T44/><D12/><U52/><E40/><V56/><F70/><W107/><G107/><T130/><D130/><U90/><E14/><V83/><F81/><W18/><G18/><T100/><D16/><U85/><E67/><V99/><F56/><W109/><G109/><T39/><D94/><N who="1" m="58583" /><E62/><AGARI ba="0,1" hai="27,31,34,47,48,54,62,65,71,97,103,104,121,123" machi="62" ten="40,5200,0" yaku="1,1,25,2,53,0" doraHai="105" doraHaiUra="84" who="3" fromWho="1" sc="198,0,250,-52,302,0,240,62" /><INIT seed="2,0,0,2,2,132" ten="198,198,302,302" oya="2" hai0="125,17,100,22,50,95,40,44,23,128,54,42,76" hai1="20,56,62,10,5,79,21,15,14,29,31,60,2" hai2="63,88,36,75,121,3,101,34,96,47,8,66,104" hai3="58,38,0,26,77,51,86,74,6,9,106,55,129"/><V61/><F121/><W52/><G129/><T73/><D128/><U11/><E79/><V92/><F75/><W116/><G116/><T39/><D76/><U4/><E56/><V93/><F34/><W84/><G106/><T85/><D73/><U37/><E37/><V120/><F120/><W12/><G38/><T131/><D131/><U27/><E60/><V90/><F66/><W126/><G126/><T117/><D117/><U94/><E94/><V82/><F82/><W18/><G26/><T80/><D39/><U83/><E62/><V7/><F47/><W111/><G111/><T16/><D125/><U107/><E83/><V135/><F135/><W48/><G77/><T127/><D127/><U118/><E118/><V33/><F33/><W98/><G98/><N who="0" m="59487" /><D23/><U87/><E87/><N who="3" m="33322" /><G0/><T103/><D103/><U109/><E107/><V71/><F71/><W65/><G74/><T69/><D69/><U45/><E45/><V113/><F113/><W112/><G112/><T89/><D17/><N who="1" m="10295" /><E109/><V97/><REACH who="2" step="1"/><F36/><REACH who="2" ten="198,198,292,302" step="2"/><W81/><G81/><T46/><D44/><U53/><E53/><N who="3" m="20554" /><G65/><T28/><D54/><U130/><E130/><V57/><F57/><W133/><G58/><T35/><D35/><U99/><E99/><AGARI ba="0,1" hai="3,7,8,61,63,88,90,92,93,96,97,99,101,104" machi="99" ten="30,11600,0" yaku="1,1,7,1,9,1,54,1,53,0" doraHai="132" doraHaiUra="115" who="2" fromWho="1" sc="198,0,198,-116,292,126,302,0" /><INIT seed="2,1,0,5,4,114" ten="198,82,418,302" oya="2" hai0="17,124,49,99,92,120,48,87,39,123,38,118,59" hai1="69,127,88,77,83,107,23,14,32,113,64,2,5" hai2="115,43,34,122,15,56,66,26,117,35,103,54,94" hai3="16,81,131,9,104,73,22,78,109,21,112,53,37"/><V51/><F115/><W68/><G112/><T1/><D1/><U72/><E113/><V82/><F122/><W57/><G109/><T13/><D124/><U79/><E32/><V19/><F117/><W121/><G131/><T108/><D108/><U28/><E107/><V61/><F43/><W12/><G121/><T129/><D129/><U125/><E2/><V105/><F105/><W133/><G133/><T65/><D87/><U110/><E110/><V52/><F82/><W116/><G116/><T55/><D118/><U33/><E33/><V67/><F26/><W74/><G74/><T20/><D65/><U46/><E46/><V40/><F40/><W60/><G37/><T24/><D13/><U8/><E79/><V71/><F71/><W134/><G134/><T119/><D119/><U106/><E106/><V70/><F70/><W135/><G135/><T0/><D0/><U75/><E75/><V80/><F80/><W42/><G42/><T130/><D130/><U98/><E64/><V91/><F103/><W90/><G104/><T29/><D29/><U128/><E69/><V44/><F34/><W93/><G68/><T84/><D84/><AGARI ba="1,0" hai="9,12,16,21,22,53,57,60,73,78,81,84,90,93" machi="84" ten="30,2000,0" yaku="7,1,54,1" doraHai="114" who="3" fromWho="0" sc="198,-23,82,0,418,0,302,23" /><INIT seed="3,0,0,3,1,91" ten="175,82,418,325" oya="3" hai0="0,118,94,54,92,127,57,23,132,19,50,74,26" hai1="120,46,77,93,39,16,42,72,12,35,68,106,76" hai2="111,3,47,44,5,73,124,119,65,1,45,110,49" hai3="2,43,116,114,66,15,14,11,29,113,70,67,18"/><W89/><G116/><T10/><D74/><U25/><E68/><V28/><F73/><W37/><G2/><N who="2" m="521" /><F5/><W117/><G117/><T38/><D118/><U20/><E106/><V104/><F104/><W55/><G29/><T126/><D38/><U108/><E108/><N who="2" m="41515" /><F119/><W75/><G75/><T86/><D86/><U31/><E120/><V134/><F134/><W90/><G70/><T71/><D71/><U99/><REACH who="1" step="1"/><E72/><REACH who="1" ten="175,72,418,325" step="2"/><V17/><F124/><N who="0" m="47658" /><D132/><U61/><E61/><V112/><F112/><W63/><G114/><T130/><D130/><U59/><E59/><V131/><F131/><W22/><G113/><T58/><D57/><U53/><E53/><V27/><F65/><N who="3" m="24587" /><G37/><T85/><D85/><U100/><AGARI ba="0,1" hai="12,16,20,25,31,35,39,42,46,76,77,93,99,100" machi="100" ten="20,12000,2" yaku="1,1,0,1,7,1,52,1,54,1,53,1" doraHai="91" doraHaiUra="95" who="1" fromWho="1" sc="175,-30,72,130,418,-30,325,-60" owari="145,-35.5,202,-19.8,388,48.8,265,6.5" /></mjloggm>