<mjloggm ver="2.3"><GO type="225" lobby="0"/><UN n0="%E3%81%BF%E3%81%BF%E3%81%9A" n1="%E8%B6%85%E7%B4%9A%E9%B3%B3%E5%87%B0" n2="%6D%75%75%6D%75%72%61" n3="%72%69%6F%75%63%68%61%6E" dan="16,16,16,17" rate="2125.06,2151.21,2119.77,2129.00" sx="M,M,F,M"/><TAIKYOKU oya="0"/><INIT seed="0,0,0,5,5,104" ten="250,250,250,250" oya="0" hai0="61,93,89,134,117,33,122,106,114,129,112,125,18" hai1="15,115,100,5,95,51,38,49,88,43,82,55,77" hai2="120,46,108,130,20,113,64,45,28,133,29,91,39" hai3="62,123,10,135,32,53,25,76,116,110,92,72,37"/><T66/><D106/><U41/><E115/><V60/><F113/><W71/><G116/><T30/><D117/><U24/><E100/><V73/><F120/><W40/><G123/><T75/><D122/><U96/><E38/><V107/><F108/><W17/><G110/><T44/><D125/><U126/><E126/><V83/><F107/><W111/><G111/><T19/><D75/><U27/><E15/><V54/><F130/><W84/><G135/><T14/><D129/><U78/><E5/><V81/><F133/><W36/><G40/><T131/><D131/><U79/><E82/><V21/><F39/><W80/><G32/><T56/><D19/><U23/><E24/><V132/><F91/><W118/><G118/><T103/><D103/><U63/><E63/><V34/><F34/><W11/><G11/><T87/><D134/><U50/><REACH who="1" step="1"/><E55/><REACH who="1" ten="250,240,250,250" step="2"/><V90/><F132/><W74/><G53/><T97/><D114/><U31/><AGARI ba="0,1" hai="23,27,31,41,43,49,50,51,77,78,79,88,95,96" machi="31" ten="30,8000,1" yaku="1,1,2,1,0,1,8,1,54,1,53,0" doraHai="104" doraHaiUra="65" who="1" fromWho="1" sc="250,-40,240,90,250,-20,250,-20" /><INIT seed="1,0,0,4,1,38" ten="210,330,230,230" oya="1" hai0="123,85,27,120,79,10,118,82,61,33,110,83,45" hai1="5,37,51,48,111,77,12,101,131,127,109,28,43" hai2="96,89,80,72,90,24,3,60,91,66,14,117,15" hai3="17,26,8,86,50,103,2,63,47,75,44,97,119"/><U95/><E131/><V133/><F117/><W106/><G119/><T134/><D118/><U29/><E127/><V108/><F3/><W98/><G75/><T58/><D110/><N who="1" m="41995" /><E37/><V114/><F108/><W87/><G44/><T11/><D134/><U128/><E128/><V102/><F133/><W67/><G98/><T16/><D83/><U7/><E77/><V93/><F114/><W130/><G130/><T34/><D45/><N who="1" m="25663" /><E51/><V124/><F124/><W56/><G26/><T70/><D70/><U64/><E64/><V9/><F72/><W23/><G8/><T121/><D10/><N who="1" m="4175" /><E7/><V105/><F80/><W20/><G2/><T112/><D112/><U116/><E116/><V68/><F9/><W52/><REACH who="3" step="1"/><G23/><REACH who="3" ten="210,330,230,220" step="2"/><N who="0" m="13799" /><D11/><U62/><E62/><V18/><F60/><W21/><G21/><T54/><AGARI ba="0,1" hai="33,34,54,58,61,79,82,85,120,121,123" m="13799" machi="54" ten="30,2000,0" yaku="13,1,54,1" doraHai="38" who="0" fromWho="0" sc="210,30,330,-10,230,-5,220,-5" /><INIT seed="2,0,0,4,5,83" ten="240,320,225,215" oya="2" hai0="68,71,75,87,17,80,97,67,20,72,107,100,46" hai1="58,77,49,52,53,15,27,25,64,50,42,106,12" hai2="33,63,110,123,113,127,109,40,2,84,66,5,26" hai3="102,60,134,90,31,132,9,78,57,36,59,13,69"/><V11/><F113/><W92/><G36/><T131/><D131/><U29/><E106/><V48/><F123/><W85/><G31/><T121/><D121/><U96/><E77/><V115/><F115/><W89/><G102/><T135/><D135/><N who="3" m="51753" /><G78/><T86/><D46/><N who="1" m="25815" /><E64/><V118/><F118/><W19/><G89/><T124/><D124/><U119/><E119/><V54/><F127/><W116/><G116/><T56/><D56/><N who="3" m="21577" /><G69/><T45/><D45/><N who="1" m="27855" /><E29/><V93/><F40/><W62/><AGARI ba="0,0" hai="9,13,19,60,62,85,90,92" m="21577,51753" machi="62" ten="30,2000,0" yaku="20,1,52,1" doraHai="83" who="3" fromWho="3" sc="240,-5,320,-5,225,-10,215,20" /><INIT seed="3,0,0,3,5,109" ten="235,315,215,235" oya="3" hai0="29,129,57,13,45,121,25,79,52,56,96,72,12" hai1="117,91,106,36,126,31,97,6,68,35,99,8,87" hai2="62,37,10,114,118,32,122,74,59,86,81,75,70" hai3="98,66,73,23,112,40,39,80,16,127,30,2,76"/><W89/><G112/><T67/><D121/><U95/><E36/><V90/><F114/><W47/><G127/><T78/><D129/><U83/><E68/><V125/><F118/><W48/><G2/><T24/><D72/><U115/><E126/><V22/><F125/><W113/><G113/><T44/><D96/><U55/><E115/><V64/><F32/><W46/><G66/><T104/><D104/><U41/><E41/><V4/><F122/><W28/><G89/><T133/><D133/><U17/><E117/><V100/><F37/><W9/><G9/><T53/><D67/><U92/><E17/><V120/><F120/><W131/><G98/><T54/><D54/><U111/><E111/><V102/><F70/><W50/><G131/><T0/><D0/><U49/><E35/><V27/><F75/><W116/><G116/><T3/><D3/><U110/><E31/><AGARI ba="0,0" hai="12,13,24,25,29,31,44,45,52,53,56,57,78,79" machi="31" ten="25,6400,0" yaku="22,2,8,1,54,1" doraHai="109" who="0" fromWho="1" sc="235,64,315,-64,215,0,235,0" /><INIT seed="4,0,0,2,1,46" ten="299,251,215,235" oya="0" hai0="59,107,58,50,69,95,21,23,115,28,110,63,48" hai1="104,88,75,106,133,92,47,37,33,80,122,126,103" hai2="29,60,36,10,30,116,77,94,97,119,89,96,111" hai3="91,18,6,112,62,38,57,0,19,109,78,7,16"/><T22/><D107/><U117/><E117/><N who="2" m="45131" /><F111/><W83/><G109/><T8/><D110/><U79/><E122/><V49/><F36/><W93/><G112/><T71/><D115/><U82/><E33/><V90/><F77/><W61/><G38/><T65/><D71/><U125/><E133/><V5/><F60/><W34/><G34/><T134/><D134/><U12/><E12/><N who="2" m="5199" /><F49/><N who="0" m="19050" /><D69/><U135/><E135/><V132/><F132/><W123/><G123/><T54/><D8/><U68/><E68/><V13/><F13/><W66/><G0/><T43/><D43/><U101/><E37/><V74/><F74/><W15/><G15/><T127/><D127/><N who="1" m="48651" /><E47/><V128/><F128/><W1/><G1/><T4/><D4/><U105/><E80/><V26/><F26/><W53/><G83/><T20/><D95/><AGARI ba="0,0" hai="29,30,89,90,94,95,96,97" m="5199,45131" machi="95" ten="30,1000,0" yaku="12,1" doraHai="46" who="2" fromWho="0" sc="299,-10,251,0,215,10,235,0" /><INIT seed="5,0,0,3,4,133" ten="289,251,225,235" oya="1" hai0="129,39,85,11,104,1,9,131,14,50,94,13,2" hai1="99,15,25,82,32,5,36,84,61,31,107,114,52" hai2="88,17,46,123,37,48,29,86,43,108,118,8,66" hai3="44,3,38,102,18,97,73,60,91,28,64,126,0"/><U92/><E107/><V47/><F118/><W68/><G73/><T116/><D39/><U106/><E106/><V45/><F123/><W78/><G78/><T16/><D104/><U122/><E122/><V12/><F108/><W121/><G121/><T71/><D71/><U101/><E36/><V53/><F66/><W111/><G111/><T57/><D116/><U20/><E114/><V109/><F109/><W119/><G119/><T6/><D85/><U23/><E5/><V40/><F29/><W7/><G126/><T65/><D94/><U74/><E74/><V80/><REACH who="2" step="1"/><F46/><REACH who="2" ten="289,251,215,235" step="2"/><W76/><G28/><T125/><D65/><U67/><E67/><V100/><F100/><W26/><G102/><T79/><D125/><U93/><E31/><V69/><F69/><W90/><G64/><T22/><D131/><U128/><E128/><V58/><F58/><W134/><G68/><T72/><D129/><U105/><E101/><V75/><F75/><W4/><G44/><T112/><D57/><U42/><E84/><V41/><AGARI ba="0,1" hai="8,12,17,37,40,41,43,45,47,48,53,80,86,88" machi="41" ten="30,8000,1" yaku="1,1,0,1,25,2,54,1,53,0" doraHai="133" doraHaiUra="124" who="2" fromWho="2" sc="289,-20,251,-40,215,90,235,-20" owari="269,6.9,211,-28.9,305,40.5,215,-18.5" /></mjloggm>