<mjloggm ver="2.3"><GO type="225" lobby="0"/><UN n0="%E7%89%B9%E6%9D%B1%E3%81%AF%E4%B8%96%E7%95%8C%E3%82%92%E6%95%91%E3%81%86" n1="%E3%81%BF%E3%81%BF%E3%81%9A" n2="%77%72%77%72%77%72%77%72" n3="%E3%81%B2%E3%81%AA%E3%81%AE%E3%82%8A%E3%81%8F" dan="16,18,17,17" rate="2188.29,2245.60,2178.95,2204.42" sx="M,M,M,M"/><TAIKYOKU oya="0"/><INIT seed="0,0,0,2,3,2" ten="250,250,250,250" oya="0" hai0="12,23,98,73,103,14,60,51,61,81,115,16,101" hai1="88,86,111,41,47,42,80,122,129,128,109,127,95" hai2="131,106,78,30,65,52,133,121,8,82,100,36,114" hai3="59,72,90,24,83,79,112,34,6,38,135,118,37"/><T75/><D115/><U91/><E122/><V64/><F114/><W57/><G112/><T55/><D103/><U5/><E127/><V130/><F121/><W27/><G118/><T31/><D31/><U124/><E124/><V3/><F36/><W9/><G135/><T46/><D14/><U13/><E13/><V113/><F113/><W26/><G34/><T105/><REACH who="0" step="1"/><D81/><REACH who="0" ten="240,250,250,250" step="2"/><U71/><E129/><V68/><F30/><W102/><G102/><T56/><D56/><U120/><E128/><V97/><F130/><W17/><G59/><T108/><D108/><U96/><E120/><V29/><F29/><W4/><G57/><T67/><D67/><U126/><E126/><V89/><F131/><W35/><G35/><T15/><D15/><U107/><E71/><V87/><F68/><W22/><G27/><T33/><D33/><U93/><E111/><V85/><F133/><W11/><G26/><T76/><D76/><U99/><E109/><V110/><F110/><W48/><G79/><T84/><D84/><U132/><E132/><V116/><F116/><W92/><G83/><T54/><D54/><U18/><E80/><V50/><F87/><W32/><G32/><T40/><D40/><U119/><E42/><V25/><F25/><W10/><G72/><AGARI ba="0,1" hai="12,16,23,46,51,55,60,61,72,73,75,98,101,105" machi="72" ten="40,12000,1" yaku="1,1,54,1,53,2" doraHai="2" doraHaiUra="58" who="0" fromWho="3" sc="240,130,250,0,250,0,250,-120" /><INIT seed="0,1,0,1,3,67" ten="370,250,250,130" oya="0" hai0="129,52,40,135,113,130,33,111,15,34,121,127,131" hai1="124,107,27,61,51,92,91,93,11,13,49,90,5" hai2="53,35,42,32,134,120,106,78,73,65,128,17,118" hai3="116,10,37,57,89,133,47,4,18,68,7,75,122"/><T58/><D113/><U77/><E107/><V60/><F120/><W86/><G116/><T105/><D121/><U123/><E123/><V76/><F118/><W59/><G122/><T82/><D135/><U22/><E124/><V119/><F119/><W36/><G75/><T9/><D127/><U103/><E77/><V79/><F134/><W50/><G133/><T125/><D125/><U83/><E83/><V98/><F128/><W39/><G68/><T84/><D40/><U63/><E103/><V100/><F42/><W31/><G31/><T117/><D105/><U74/><E74/><V102/><F102/><W64/><G18/><T1/><D1/><U109/><E109/><V14/><F53/><W72/><G72/><T38/><D38/><U95/><E49/><V108/><F108/><W96/><G96/><T45/><D45/><U69/><E51/><V81/><F76/><W3/><G64/><T0/><D0/><U88/><REACH who="1" step="1"/><E69/><REACH who="1" ten="370,240,250,130" step="2"/><V29/><F78/><W97/><G97/><T55/><D111/><U28/><AGARI ba="1,1" hai="5,11,13,22,27,28,61,63,88,90,91,92,93,95" machi="28" ten="30,12000,2" yaku="1,1,2,1,0,1,8,1,54,1,53,1" doraHai="67" doraHaiUra="25" who="1" fromWho="1" sc="370,-61,240,133,250,-31,130,-31" /><INIT seed="1,0,0,3,5,6" ten="309,373,219,99" oya="1" hai0="39,125,42,15,111,93,128,82,40,117,131,65,69" hai1="53,102,92,120,25,126,97,83,80,74,11,129,24" hai2="20,114,79,113,19,86,59,122,64,27,49,116,0" hai3="34,26,81,78,77,105,51,101,90,44,91,94,68"/><U56/><E120/><V2/><F116/><W46/><G68/><T118/><D82/><U112/><E112/><N who="2" m="43115" /><F122/><W107/><G34/><T106/><D106/><U110/><E126/><V13/><F64/><W58/><G26/><T9/><D125/><U7/><E129/><N who="0" m="49737" /><D93/><U32/><E110/><V60/><F49/><W18/><G58/><T28/><D28/><U72/><E72/><V132/><F132/><W130/><G130/><T85/><D85/><U12/><E32/><V95/><F27/><N who="1" m="10313" /><E74/><V99/><F86/><W35/><G35/><T84/><D84/><U1/><E1/><V43/><F43/><N who="0" m="16426" /><D39/><U8/><E8/><V73/><F79/><W29/><G29/><T54/><D54/><U87/><E87/><V133/><F133/><W14/><G105/><T71/><D111/><U41/><E41/><V45/><F73/><W63/><G107/><T88/><D71/><U103/><E102/><V38/><F38/><W17/><G101/><T21/><D69/><U48/><AGARI ba="0,0" hai="7,11,12,48,53,56,80,83,92,97,103" m="10313" machi="48" ten="30,3000,0" yaku="8,1,52,1" doraHai="6" who="1" fromWho="1" sc="309,-10,373,30,219,-10,99,-10" /><INIT seed="1,1,0,5,4,120" ten="299,403,209,89" oya="1" hai0="45,81,127,75,5,44,48,87,53,50,13,106,35" hai1="116,62,124,19,101,30,33,64,23,4,74,76,128" hai2="1,54,98,77,114,52,26,108,99,55,105,110,117" hai3="42,96,20,59,133,84,100,126,0,46,131,67,34"/><U115/><E115/><V107/><F114/><W132/><G34/><T121/><D35/><U38/><E116/><V63/><F117/><W61/><G0/><T3/><D106/><N who="2" m="40458" /><F1/><W69/><G126/><T15/><D75/><U113/><E101/><V18/><F77/><W123/><G123/><T134/><D127/><U93/><E124/><V78/><F78/><W97/><G131/><T83/><D121/><U16/><E38/><V22/><F63/><W85/><G69/><T129/><D129/><U102/><E128/><V9/><F9/><W89/><G20/><T28/><D28/><U41/><E113/><V6/><F6/><W112/><G112/><T49/><D49/><U47/><E4/><V21/><F22/><W79/><G79/><T125/><D125/><U14/><E74/><V92/><F92/><W60/><G100/><T24/><D5/><U25/><E76/><V71/><F71/><W11/><G11/><T119/><D3/><U103/><E93/><V57/><F57/><W95/><G61/><T10/><D10/><U32/><E32/><V56/><F56/><W17/><G17/><T31/><D31/><U8/><E62/><V36/><F36/><N who="3" m="21831" /><G97/><T65/><D50/><U130/><E130/><V68/><F68/><W72/><G72/><T88/><D48/><U118/><E118/><V111/><AGARI ba="1,0" hai="18,21,26,52,54,55,98,99,108,110,111" m="40458" machi="111" ten="40,8000,1" yaku="14,1,52,3,54,1" doraHai="120" who="2" fromWho="2" sc="299,-21,403,-41,209,83,89,-21" /><INIT seed="2,0,0,3,4,124" ten="278,362,292,68" oya="2" hai0="116,84,14,77,22,98,47,125,73,112,8,57,132" hai1="9,23,103,115,95,69,28,70,15,87,63,39,0" hai2="45,41,130,128,106,74,92,109,58,66,107,101,34" hai3="117,93,133,2,91,48,86,40,37,56,71,94,97"/><V21/><F34/><W1/><G117/><T62/><D112/><U19/><E39/><V11/><F74/><W64/><G133/><T104/><D132/><U118/><E115/><V60/><F11/><W100/><G71/><T17/><D125/><U46/><E118/><V99/><F109/><W89/><G37/><T54/><D116/><U122/><E122/><V51/><REACH who="2" step="1"/><F21/><REACH who="2" ten="278,362,282,68" step="2"/><W24/><G48/><T7/><D73/><U111/><E23/><V50/><F50/><W29/><G40/><T129/><D22/><U33/><E9/><V3/><F3/><W25/><G25/><T26/><D8/><U114/><E0/><V16/><F16/><W120/><G120/><T6/><D17/><U35/><E19/><V36/><F36/><W32/><REACH who="3" step="1"/><G100/><REACH who="3" ten="278,362,282,58" step="2"/><T61/><D26/><U75/><E103/><V38/><F38/><W127/><G127/><T43/><D43/><U113/><E113/><V27/><F27/><W12/><G12/><T4/><D14/><U131/><E114/><V90/><F90/><W65/><G65/><T123/><D123/><U121/><E121/><V5/><F5/><W82/><G82/><T78/><D6/><U102/><E102/><V88/><F88/><W80/><G80/><T134/><D4/><U18/><E15/><V108/><F108/><W67/><G67/><T42/><D7/><U49/><E111/><V44/><F44/><W119/><G119/><T55/><D134/><U85/><E46/><V20/><F20/><W10/><G10/><T105/><D42/><U52/><E35/><V110/><F110/><W81/><G81/><RYUUKYOKU ba="0,2" sc="278,-15,362,-15,282,15,58,15" hai2="41,45,51,58,60,66,92,99,101,106,107,128,130" hai3="1,2,24,29,32,56,64,86,89,91,93,94,97" /><INIT seed="2,1,2,1,2,15" ten="263,347,297,73" oya="2" hai0="95,33,85,10,104,18,68,1,60,41,4,108,107" hai1="105,72,75,73,7,116,81,64,103,117,9,101,84" hai2="38,122,96,31,59,119,62,127,11,66,29,45,126" hai3="8,34,76,24,93,92,39,16,44,88,113,99,19"/><V42/><F119/><N who="1" m="45641" /><E64/><V30/><F122/><W0/><G76/><T135/><D33/><U129/><E9/><V134/><F134/><W58/><G113/><T74/><D74/><U54/><E54/><V35/><F96/><W26/><G58/><T36/><D135/><U78/><E7/><V124/><REACH who="2" step="1"/><F11/><REACH who="2" ten="263,347,287,73" step="2"/><W86/><G8/><T17/><D10/><U110/><E129/><V47/><F47/><W3/><G44/><T125/><D107/><U22/><E105/><V61/><F61/><W57/><G57/><T37/><D104/><U6/><E6/><V14/><F14/><W133/><G133/><T111/><D4/><U123/><E123/><V49/><F49/><W46/><G46/><T102/><D60/><U28/><E110/><V23/><F23/><W20/><G20/><T115/><D111/><U67/><E22/><V52/><F52/><W56/><G56/><T130/><D108/><U131/><E131/><V121/><F121/><W27/><G34/><AGARI ba="1,3" hai="29,30,31,34,35,38,42,45,59,62,66,124,126,127" machi="34" ten="50,12000,1" yaku="1,1,18,1,53,3" doraHai="15" doraHaiUra="25" who="2" fromWho="3" sc="263,0,347,0,287,153,73,-123" owari="263,-13.7,347,14.7,440,54.0,-50,-55.0" /></mjloggm>