<mjloggm ver="2.3"><GO type="225" lobby="0"/><UN n0="%E3%81%86%E3%81%A3%E3%81%97%E3%83%BC%30%30" n1="%E9%80%86%E9%80%A3%E5%B8%AF%E3%81%AE%E9%AC%BC" n2="%E3%81%8F%E3%82%8A%E3%83%94%E3%83%BC" n3="%E5%A4%8F%E9%88%B4%E9%88%B4%E5%A4%8F" dan="16,16,16,16" rate="2082.76,2175.77,2107.99,2124.69" sx="M,M,M,M"/><TAIKYOKU oya="0"/><INIT seed="0,0,0,2,1,3" ten="250,250,250,250" oya="0" hai0="37,49,131,39,1,20,66,60,92,112,86,16,89" hai1="74,62,13,18,129,31,44,113,130,61,57,128,64" hai2="77,76,30,97,104,34,88,126,133,96,9,106,81" hai3="28,103,58,48,52,122,78,24,69,75,46,87,2"/><T59/><D112/><U110/><E74/><V21/><F34/><W111/><G75/><T80/><D1/><U116/><E113/><V51/><F51/><W35/><G69/><T47/><D131/><U45/><E110/><V67/><F67/><W107/><G111/><T127/><D80/><U100/><E116/><V10/><F21/><W25/><G2/><T118/><D127/><U6/><E31/><V43/><F43/><W108/><G108/><T42/><REACH who="0" step="1"/><D118/><REACH who="0" ten="240,250,250,250" step="2"/><U83/><E83/><V134/><F126/><W11/><G78/><T29/><D29/><U90/><E129/><V56/><F30/><W15/><G28/><T98/><D98/><U40/><E130/><V17/><F81/><W117/><G117/><T26/><AGARI ba="0,1" hai="16,20,26,37,39,42,47,49,59,60,66,86,89,92" machi="26" ten="20,7800,0" yaku="1,1,0,1,7,1,54,1,53,0" doraHai="3" doraHaiUra="4" who="0" fromWho="0" sc="240,88,250,-26,250,-26,250,-26" /><INIT seed="0,1,0,3,0,122" ten="328,224,224,224" oya="0" hai0="30,107,98,90,111,4,31,68,41,32,72,128,43" hai1="66,93,20,51,127,40,95,16,104,2,94,71,27" hai2="12,117,120,115,46,15,39,101,81,28,18,64,74" hai3="88,23,49,97,125,59,52,57,130,53,42,45,114"/><T116/><D90/><U96/><E127/><V11/><F115/><W118/><G118/><T56/><D56/><N who="3" m="21577" /><G114/><T84/><D84/><U14/><E2/><V87/><F117/><W8/><G125/><T50/><D50/><U123/><E123/><V61/><F74/><W124/><G124/><T85/><D85/><U25/><E71/><V113/><F113/><W44/><G130/><T10/><D10/><U69/><E69/><V29/><F101/><W134/><G134/><T112/><D98/><U75/><E66/><V35/><F35/><W60/><G60/><T79/><D4/><U133/><E75/><V3/><F3/><W67/><G67/><T5/><D5/><U47/><REACH who="1" step="1"/><E133/><REACH who="1" ten="328,214,224,224" step="2"/><V6/><F64/><W135/><G135/><T22/><D68/><U78/><E78/><V89/><F120/><W103/><G103/><AGARI ba="1,1" hai="14,16,20,25,27,40,47,51,93,94,95,96,103,104" machi="103" ten="40,5200,0" yaku="1,1,54,1,53,1" doraHai="122" doraHaiUra="13" who="1" fromWho="3" sc="328,0,214,65,224,0,224,-55" /><INIT seed="1,0,0,4,5,15" ten="328,279,224,169" oya="1" hai0="0,92,126,1,74,27,72,55,38,64,66,113,112" hai1="7,134,97,21,47,17,131,127,68,106,30,83,107" hai2="25,132,46,104,59,60,6,100,20,29,105,67,79" hai3="57,23,58,93,8,37,118,77,42,120,32,18,110"/><U53/><E134/><V87/><F132/><W117/><G120/><T40/><D92/><U75/><E131/><V14/><F104/><W43/><G32/><T39/><D55/><U52/><E68/><V10/><F105/><W129/><G129/><T28/><D27/><U124/><E7/><V31/><F46/><W35/><G35/><T56/><D56/><N who="3" m="21609" /><G37/><T26/><D26/><U24/><E30/><V2/><F2/><W76/><G8/><T80/><D80/><U71/><E71/><V41/><F41/><N who="3" m="15371" /><G93/><T123/><D40/><U49/><E53/><V63/><F63/><W3/><G3/><T19/><D123/><U116/><E116/><N who="3" m="44650" /><G110/><T48/><D39/><U13/><E107/><V54/><F100/><W130/><G130/><T5/><D38/><U96/><E106/><V94/><F29/><W61/><G61/><T69/><D28/><U81/><E75/><V103/><F54/><W91/><G91/><T102/><D74/><U128/><E128/><V12/><F12/><AGARI ba="0,0" hai="12,18,23,76,77" m="44650,15371,21609" machi="12" ten="30,2000,0" yaku="12,1,52,1" doraHai="15" who="3" fromWho="2" sc="328,0,279,0,224,-20,169,20" /><INIT seed="2,0,0,4,3,30" ten="328,279,204,189" oya="2" hai0="13,5,69,128,100,57,79,17,4,66,20,116,124" hai1="23,10,52,103,88,127,16,68,99,26,56,24,8" hai2="55,11,25,36,110,98,50,27,70,126,76,134,122" hai3="108,135,106,44,78,48,29,49,2,33,19,14,114"/><V102/><F122/><W58/><G108/><T6/><D69/><U112/><E68/><V77/><F36/><W45/><G106/><T125/><D128/><U113/><E127/><N who="0" m="48713" /><D79/><U120/><E120/><V75/><F70/><W38/><G2/><T109/><D100/><U65/><E65/><V53/><F134/><W18/><G18/><T94/><D94/><U101/><E26/><V131/><F131/><W7/><G7/><T123/><D123/><U34/><E34/><V43/><F110/><W59/><G38/><T105/><D105/><U71/><E71/><V81/><F77/><W87/><G135/><T82/><D82/><U80/><E113/><V37/><F11/><W97/><G97/><T90/><D90/><U31/><E112/><V73/><F73/><W47/><G114/><T32/><D32/><U117/><E117/><V129/><F129/><W104/><G104/><T0/><D109/><U95/><E31/><V74/><F74/><W62/><G29/><T22/><D22/><U12/><E80/><V130/><F130/><W121/><G33/><T42/><D42/><U92/><E92/><N who="2" m="58695" /><F37/><W119/><G119/><T67/><D116/><U9/><E12/><V15/><F15/><W84/><G121/><T107/><D107/><U1/><REACH who="1" step="1"/><E1/><REACH who="1" ten="328,269,204,189" step="2"/><V41/><F126/><W46/><N who="3" m="11264" /><DORA hai="89" /><W83/><G83/><T72/><D0/><U40/><E40/><N who="2" m="15435" /><F53/><W35/><G35/><T85/><D67/><U91/><E91/><V133/><F133/><W63/><G14/><T115/><D13/><U111/><E111/><V51/><F55/><W86/><G78/><RYUUKYOKU ba="0,1" sc="328,-15,269,15,204,15,189,-15" hai1="8,9,10,16,23,24,52,56,88,95,99,101,103" hai2="25,27,50,51,75,76,81" /><INIT seed="2,1,1,4,3,129" ten="313,284,219,174" oya="2" hai0="57,75,81,37,68,18,55,105,19,59,3,92,27" hai1="72,21,47,106,79,48,64,89,38,67,83,51,22" hai2="61,82,116,77,95,6,8,119,112,120,90,126,118" hai3="66,25,130,0,111,14,29,44,23,50,56,54,65"/><V103/><F112/><W107/><G111/><T132/><D105/><U128/><E128/><V35/><F35/><W98/><G0/><T99/><D68/><U11/><E106/><V78/><F61/><W46/><G130/><T43/><D3/><U26/><E38/><V73/><F8/><W42/><G46/><T17/><D132/><U40/><E51/><V13/><F13/><W30/><G30/><T1/><D1/><U52/><E11/><V117/><F6/><W15/><G107/><T16/><D59/><U100/><E100/><V101/><N who="2" m="29696" /><DORA hai="49" /><V134/><F120/><W135/><G98/><T70/><D70/><U113/><E113/><V12/><F12/><N who="3" m="4651" /><G135/><T127/><D19/><U74/><E74/><N who="2" m="43319" /><F126/><W28/><G28/><T133/><D127/><U76/><E40/><V104/><F134/><W34/><G34/><T115/><D43/><U97/><E21/><V91/><F104/><W60/><AGARI ba="1,1" hai="23,25,29,42,44,50,54,56,60,65,66" m="4651" machi="60" ten="30,2000,0" yaku="8,1,52,1" doraHai="129,49" who="3" fromWho="3" sc="313,-6,284,-6,219,-11,174,33" /><INIT seed="3,0,0,0,4,114" ten="307,278,208,207" oya="3" hai0="12,130,129,49,71,1,39,85,104,81,9,33,87" hai1="66,112,63,31,72,126,53,118,52,48,124,105,55" hai2="111,14,17,119,18,62,21,25,64,117,3,92,115" hai3="89,110,65,6,73,86,120,135,69,106,96,45,26"/><W75/><G6/><T80/><D39/><U125/><E72/><N who="3" m="27722" /><G45/><T82/><D1/><U47/><E112/><V84/><F3/><W30/><G86/><T108/><D104/><U40/><E105/><V121/><F121/><W60/><G89/><T51/><D71/><N who="1" m="42463" /><E31/><V68/><F115/><W35/><G120/><T7/><D33/><U13/><E13/><V116/><F111/><W70/><G110/><T5/><D108/><U90/><E90/><V88/><REACH who="2" step="1"/><F117/><AGARI ba="0,0" hai="40,47,48,52,53,55,117,118,124,125,126" m="42463" machi="117" ten="40,12000,2" yaku="18,1,34,2,52,2,54,1" doraHai="114" who="1" fromWho="2" sc="307,0,278,120,208,-120,207,0" owari="307,10.7,398,49.8,88,-41.2,207,-19.3" /></mjloggm>