<mjloggm ver="2.3"><GO type="225" lobby="0"/><UN n0="%6D%75%75%6D%75%72%61" n1="%E9%A2%A8%E3%81%A7%E9%B3%B4%E3%81%8F" n2="%E3%81%AA%E3%81%A1%30%39%32%37" n3="%E5%8D%A0%E3%81%84%E5%B8%AB%E8%A3%8F%E3%81%AA%E3%81%84%E3%81%97" dan="17,16,16,17" rate="2180.29,2144.87,2071.48,2153.77" sx="F,M,M,M"/><TAIKYOKU oya="0"/><INIT seed="0,0,0,4,0,3" ten="250,250,250,250" oya="0" hai0="39,1,73,35,53,62,21,58,112,54,25,64,76" hai1="124,10,52,113,6,88,5,122,132,100,102,69,14" hai2="23,106,51,0,131,20,38,33,65,95,91,19,79" hai3="50,93,29,135,24,84,77,101,44,80,107,55,2"/><T108/><D112/><U121/><E113/><V125/><F38/><W120/><G135/><T85/><D108/><U66/><E132/><V46/><F131/><W45/><G120/><T92/><D35/><U130/><E130/><V27/><F125/><W109/><G109/><T57/><D39/><U104/><E124/><V49/><F106/><W94/><G2/><T59/><D1/><U119/><E119/><V86/><F0/><W126/><G126/><T4/><D73/><U15/><E104/><V114/><F114/><W30/><G30/><T98/><D4/><U115/><E115/><V90/><F33/><W8/><G8/><T34/><D34/><U11/><E69/><V70/><F79/><W36/><G107/><T31/><D53/><U47/><E66/><V74/><F74/><W123/><G101/><N who="0" m="60615" /><D54/><U71/><E71/><V116/><F116/><W118/><G118/><T28/><D28/><U103/><E88/><N who="2" m="53655" /><F70/><W26/><G123/><T9/><D9/><U99/><E99/><V83/><F83/><AGARI ba="0,0" hai="21,25,31,57,58,59,62,64,76,83,85" m="60615" machi="83" ten="30,2900,0" yaku="25,1,8,1" doraHai="3" who="0" fromWho="2" sc="250,29,250,0,250,-29,250,0" /><INIT seed="0,1,0,5,1,19" ten="279,250,221,250" oya="0" hai0="66,13,103,93,88,77,18,105,36,134,62,122,64" hai1="82,47,6,45,100,96,130,65,2,40,60,71,38" hai2="50,94,55,106,78,32,5,111,80,76,53,69,20" hai3="9,4,108,112,12,128,97,81,33,115,75,98,7"/><T42/><D122/><U8/><E47/><V123/><F123/><W84/><G75/><T61/><D134/><U102/><E130/><V118/><F32/><W43/><G33/><T54/><D77/><U121/><E121/><V114/><F114/><W126/><G128/><T22/><D36/><U17/><E17/><V23/><F106/><W49/><G108/><T26/><D42/><U79/><REACH who="1" step="1"/><E96/><REACH who="1" ten="279,240,221,250" step="2"/><V91/><F111/><W58/><G115/><T119/><D119/><U57/><E57/><V35/><F118/><W46/><G112/><T129/><D129/><U39/><E39/><V74/><F69/><W83/><G126/><T85/><D105/><U133/><E133/><V117/><F117/><W120/><G120/><T63/><D103/><U131/><E131/><V99/><F5/><W95/><G4/><T113/><D113/><U132/><E132/><V104/><F104/><W24/><G98/><T44/><D26/><U73/><AGARI ba="1,1" hai="2,6,8,38,40,45,60,65,71,73,79,82,100,102" machi="73" ten="20,8000,1" yaku="1,1,0,1,7,1,25,2,53,0" doraHai="19" doraHaiUra="52" who="1" fromWho="1" sc="279,-41,240,93,221,-21,250,-21" /><INIT seed="1,0,0,0,2,89" ten="238,333,200,229" oya="1" hai0="62,96,44,55,122,4,131,63,103,48,127,100,30" hai1="59,52,106,118,27,37,57,22,12,18,40,123,73" hai2="13,42,24,34,54,99,70,97,53,110,107,2,26" hai3="16,125,74,85,5,111,101,121,50,88,104,21,112"/><U102/><E73/><V135/><F2/><W19/><G121/><T3/><D122/><U8/><E123/><V58/><F110/><W25/><G74/><T76/><D131/><U115/><E115/><V109/><F109/><W105/><G112/><T32/><D127/><U10/><E118/><V129/><F129/><W79/><G125/><T66/><D76/><U64/><E64/><V38/><F135/><W116/><G116/><T114/><D114/><U14/><E59/><V69/><F13/><W91/><G111/><T43/><D3/><U9/><E102/><V92/><F42/><W0/><G79/><T80/><D4/><U51/><REACH who="1" step="1"/><E106/><REACH who="1" ten="238,323,200,229" step="2"/><V87/><F58/><W84/><G101/><T41/><D66/><U11/><N who="1" m="2048" /><DORA hai="15" /><U36/><E36/><V86/><F107/><W90/><G104/><T39/><D39/><U33/><E33/><V45/><F38/><W94/><G105/><T75/><D103/><U68/><E68/><V1/><F34/><W78/><G0/><T83/><D75/><U77/><E77/><V134/><F1/><W49/><G5/><T72/><D72/><U117/><E117/><V35/><F35/><W120/><G120/><T128/><D100/><U56/><E56/><V81/><F134/><W124/><G124/><T29/><D32/><U28/><E28/><V82/><F45/><AGARI ba="0,1" hai="12,14,18,22,27,37,40,45,51,52,57" m="2048" machi="45" ten="50,9600,0" yaku="1,1,52,1,54,1,53,0" doraHai="89,15" doraHaiUra="130,95" who="1" fromWho="2" sc="238,0,323,106,200,-96,229,0" /><INIT seed="1,1,0,0,3,87" ten="238,429,104,229" oya="1" hai0="38,67,105,88,132,2,34,57,19,86,43,24,42" hai1="81,50,97,118,68,18,62,82,103,66,133,79,27" hai2="0,22,39,116,47,124,70,100,110,20,8,46,93" hai3="13,75,45,127,35,3,108,36,60,101,59,11,84"/><U125/><E118/><V129/><F110/><W112/><G112/><T72/><D72/><U51/><E125/><V126/><F116/><W52/><G127/><T74/><D74/><U135/><E18/><V83/><F83/><N who="1" m="31753" /><E27/><V25/><F93/><W64/><G75/><T32/><D105/><N who="1" m="63727" /><E79/><V29/><F129/><W1/><G108/><T12/><D132/><AGARI ba="1,0" hai="50,51,62,66,68,132,133,135" m="63727,31753" machi="132" ten="30,1500,0" yaku="20,1" doraHai="87" who="1" fromWho="0" sc="238,-18,429,18,104,0,229,0" /><INIT seed="1,2,0,2,0,87" ten="220,447,104,229" oya="1" hai0="36,77,67,40,13,22,28,38,63,86,113,21,104" hai1="1,37,43,9,17,12,53,107,97,95,19,131,103" hai2="124,71,114,74,51,81,84,89,46,55,52,56,29" hai3="121,82,125,25,69,62,23,20,75,105,70,133,7"/><U34/><E34/><V57/><F124/><W132/><G121/><T112/><D104/><U42/><E131/><V48/><F114/><W60/><G105/><T106/><D106/><U41/><E37/><V61/><F74/><W116/><G125/><T3/><D3/><U65/><E65/><V30/><REACH who="2" step="1"/><F71/><REACH who="2" ten="220,447,94,229" step="2"/><W92/><G69/><T90/><D112/><U0/><E0/><V11/><F11/><W16/><G70/><T94/><D113/><U27/><E1/><V120/><F120/><W98/><G132/><T110/><D36/><U31/><E107/><V2/><F2/><W115/><G75/><T50/><D38/><U79/><E79/><V45/><F45/><W59/><G115/><T85/><D77/><U39/><E39/><V93/><F93/><W14/><G92/><T96/><D94/><U101/><E101/><V83/><F83/><W8/><G82/><T78/><D78/><U73/><E73/><V91/><F91/><W126/><G126/><T127/><D90/><U10/><E10/><V118/><F118/><W129/><G133/><T111/><D127/><U68/><E68/><V99/><F99/><W119/><G98/><T117/><D96/><U64/><E95/><V58/><F58/><W122/><G122/><T26/><D117/><U6/><E97/><V4/><F4/><W33/><G59/><N who="0" m="37375" /><D86/><U123/><E103/><V5/><F5/><W18/><G119/><T76/><D85/><U47/><E123/><V35/><F35/><W88/><G33/><T66/><D76/><U128/><E6/><V109/><F109/><W15/><G116/><RYUUKYOKU ba="2,1" sc="220,-10,447,-10,94,30,229,-10" hai2="29,30,46,48,51,52,55,56,57,61,81,84,89" /><INIT seed="2,3,1,0,1,112" ten="210,437,124,219" oya="2" hai0="61,123,132,24,80,36,25,72,91,33,124,54,20" hai1="75,127,12,0,28,105,121,79,106,37,22,29,101" hai2="42,88,57,41,52,56,68,11,46,86,118,64,129" hai3="66,94,115,119,100,65,120,51,133,70,130,17,30"/><V13/><F118/><W93/><G120/><T60/><D123/><U27/><E0/><V9/><F129/><W53/><G119/><T4/><D36/><U48/><E37/><V87/><F68/><W96/><G133/><T108/><D132/><U59/><E121/><V8/><F13/><W15/><G130/><T21/><D108/><U92/><E127/><V32/><F32/><W16/><G30/><N who="0" m="17671" /><D33/><U38/><E38/><V18/><F18/><W134/><G70/><T44/><D72/><U49/><E28/><V35/><F35/><W31/><G31/><N who="0" m="17839" /><D4/><U55/><E48/><N who="2" m="30727" /><F46/><N who="3" m="27895" /><G134/><T104/><D104/><U89/><E101/><V47/><F47/><W23/><G115/><T82/><D124/><U102/><E102/><V3/><F3/><W126/><G126/><T39/><D39/><U113/><E113/><V76/><F76/><W26/><G94/><T116/><D116/><U77/><E75/><V125/><F125/><W109/><G109/><T135/><D135/><U67/><E105/><V58/><F86/><W97/><G97/><T34/><D34/><U73/><E106/><V6/><F6/><W83/><G83/><N who="0" m="31787" /><D91/><U99/><E73/><V40/><F64/><W114/><G114/><T1/><D1/><U14/><E67/><V81/><AGARI ba="3,1" hai="8,9,11,40,41,42,57,58,81,87,88" m="30727" machi="81" ten="30,6000,0" yaku="8,1,54,2" doraHai="112" who="2" fromWho="2" sc="210,-23,437,-23,124,79,219,-23" /><INIT seed="2,4,0,2,4,93" ten="187,414,203,196" oya="2" hai0="14,61,28,21,128,84,62,88,96,129,104,17,80" hai1="85,125,46,130,7,45,52,100,110,102,131,82,132" hai2="38,1,75,127,72,43,12,44,81,8,56,95,10" hai3="73,94,60,63,86,71,119,4,32,121,70,64,29"/><V126/><F1/><W34/><G73/><T23/><D28/><U36/><E110/><V48/><F38/><W76/><G119/><T51/><D51/><N who="1" m="28783" /><E125/><N who="2" m="47627" /><F81/><W42/><G121/><T69/><D23/><U16/><E7/><N who="2" m="3103" /><F56/><W19/><G4/><T98/><D104/><U107/><E107/><V15/><F95/><W9/><G42/><T6/><D6/><AGARI ba="4,0" hai="6,10,15,43,44,48,72,75" m="3103,47627" machi="6" ten="30,1500,0" yaku="18,1" doraHai="93" who="2" fromWho="0" sc="187,-27,414,0,203,27,196,0" /><INIT seed="2,5,0,5,5,0" ten="160,414,230,196" oya="2" hai0="79,113,78,103,28,18,51,24,60,17,92,47,46" hai1="98,52,85,128,21,132,83,8,14,104,6,15,31" hai2="96,67,127,53,45,71,54,65,20,109,130,89,70" hai3="11,86,101,117,10,33,12,122,76,99,23,27,119"/><V84/><F130/><W39/><G39/><T58/><D113/><U56/><E128/><V9/><F20/><W82/><G33/><T77/><D103/><U7/><E132/><V72/><F96/><W94/><G122/><T111/><D92/><U73/><E73/><V62/><F72/><W42/><G42/><T1/><D1/><U5/><E104/><V87/><F9/><W114/><G114/><T2/><D2/><U63/><E98/><V38/><F89/><W43/><G43/><T134/><D111/><U32/><E32/><V13/><F13/><W125/><G125/><T106/><D106/><U100/><E100/><V35/><F35/><W69/><G69/><T93/><D93/><U19/><E31/><V91/><F91/><AGARI ba="5,0" hai="5,6,7,8,14,15,19,21,52,56,63,83,85,91" machi="91" ten="30,12000,2" yaku="7,1,8,1,52,3,54,1" doraHai="0" who="1" fromWho="2" sc="160,0,414,135,230,-135,196,0" /><INIT seed="3,0,0,4,2,110" ten="160,549,95,196" oya="3" hai0="106,118,48,63,22,41,33,124,121,70,92,102,25" hai1="9,79,75,114,98,65,43,129,15,20,115,6,56" hai2="83,0,133,10,34,2,84,134,62,96,74,119,90" hai3="32,29,117,36,57,58,94,66,55,122,135,35,14"/><W21/><G36/><T132/><D121/><U24/><E43/><V101/><F119/><W77/><G117/><T85/><D118/><U18/><E129/><V87/><F34/><W123/><G77/><T120/><D120/><U47/><E47/><V89/><F62/><W71/><G71/><T60/><D124/><U30/><E98/><V54/><F10/><W17/><G135/><N who="2" m="51721" /><F54/><W78/><G78/><T31/><D70/><U49/><E79/><N who="2" m="44535" /><F2/><W44/><G55/><T109/><D33/><U108/><E75/><V67/><F67/><W40/><G66/><T39/><D63/><U86/><E86/><N who="2" m="32811" /><F0/><W7/><G32/><T45/><D60/><U125/><E125/><V1/><F1/><W88/><G35/><T73/><D22/><U61/><E108/><V113/><F113/><W53/><G7/><T104/><D109/><U91/><E91/><V116/><F116/><W72/><G29/><T4/><D31/><U95/><E95/><V80/><F80/><W69/><G69/><T42/><D42/><U81/><E81/><V131/><F131/><W3/><G3/><T28/><D28/><U112/><E49/><V46/><F46/><W19/><G19/><T76/><D45/><U107/><E107/><V128/><F128/><W37/><G57/><T68/><D48/><U126/><E126/><V38/><F38/><W59/><G59/><T27/><D39/><U5/><AGARI ba="0,0" hai="5,6,9,15,18,20,24,30,56,61,65,112,114,115" machi="5" ten="40,8000,1" yaku="0,1,52,3" doraHai="110" who="1" fromWho="1" sc="160,-20,549,80,95,-20,196,-40" owari="140,-26.0,629,72.9,75,-42.5,156,-4.4" /></mjloggm>