<mjloggm ver="2.3"><GO type="225" lobby="0"/><UN n0="%E6%98%93%E5%88%A9%E8%96%A9%E4%BC%AF" n1="%E3%81%86%E3%81%A9%E3%82%93%E3%81%93" n2="%E3%81%AF%E3%82%88%E3%81%8A%E3%81%98%E3%81%95%E3%82%93" n3="%6D%75%75%73%61%6E%6D%75" dan="16,16,17,17" rate="2117.58,2114.95,2133.92,2160.28" sx="F,M,M,F"/><TAIKYOKU oya="0"/><BYE who="2" /><UN n2="%E3%81%AF%E3%82%88%E3%81%8A%E3%81%98%E3%81%95%E3%82%93" /><INIT seed="0,0,0,3,4,17" ten="250,250,250,250" oya="0" hai0="118,85,13,80,4,89,46,82,69,133,24,77,74" hai1="86,111,49,29,48,16,108,20,37,26,84,126,1" hai2="122,15,44,70,33,97,98,36,100,52,60,94,92" hai3="30,32,116,61,76,47,119,79,67,43,19,68,66"/><T53/><D133/><U57/><E37/><V56/><F122/><W35/><G67/><T42/><D69/><U93/><E1/><V113/><F113/><W121/><G121/><T6/><D118/><U129/><E129/><V45/><F33/><W23/><G116/><T115/><D115/><U87/><E126/><V5/><F70/><W21/><G119/><T51/><D42/><U65/><E93/><V9/><REACH who="2" step="1"/><F36/><REACH who="2" ten="250,250,240,250" step="2"/><W102/><G35/><T107/><D107/><U72/><E72/><V114/><F114/><W130/><G130/><T38/><D38/><U18/><E108/><V112/><F112/><W54/><G32/><T105/><D105/><U25/><E111/><V0/><F0/><W124/><G124/><T132/><D132/><U106/><E106/><V59/><F59/><W75/><G68/><T40/><D40/><U12/><E57/><V128/><F128/><W134/><G134/><T91/><D91/><AGARI ba="0,1" hai="5,9,15,44,45,52,56,60,91,92,94,97,98,100" machi="91" ten="30,12000,2" yaku="1,1,7,1,8,1,54,1,53,2" doraHai="17" doraHaiUra="95" who="2" fromWho="0" sc="250,-120,250,0,240,130,250,0" /><INIT seed="1,0,0,5,1,116" ten="130,250,370,250" oya="1" hai0="131,21,36,45,7,129,5,87,32,106,118,49,0" hai1="111,3,8,79,57,72,110,26,113,130,23,13,35" hai2="41,61,95,48,105,92,54,68,31,50,100,59,2" hai3="14,69,28,114,1,77,85,70,101,38,84,63,24"/><U4/><E79/><V37/><F2/><W91/><G1/><T42/><D32/><U93/><E72/><V128/><F31/><W51/><G38/><T11/><D118/><U126/><E93/><V47/><F128/><W18/><G114/><T98/><D7/><U107/><E107/><V124/><F124/><W83/><G101/><T17/><D36/><U133/><E57/><V88/><F105/><W60/><G69/><T62/><D87/><U29/><E130/><V20/><F20/><W16/><G51/><T56/><D98/><U66/><E66/><N who="2" m="41039" /><F48/><W55/><G70/><T33/><D33/><U80/><E80/><V10/><F10/><W115/><G115/><T78/><D78/><U81/><E81/><V44/><F44/><W43/><G43/><T135/><D135/><U90/><E90/><V99/><F95/><W52/><G28/><T82/><D82/><U40/><E40/><V22/><F22/><N who="3" m="13383" /><G84/><T75/><D75/><U121/><E113/><V122/><F100/><W53/><G77/><T108/><D106/><U120/><E133/><V102/><F102/><W71/><G71/><T65/><REACH who="0" step="1"/><D108/><REACH who="0" ten="120,250,370,250" step="2"/><N who="1" m="41515" /><E126/><V97/><F99/><W15/><G15/><AGARI ba="0,1" hai="0,5,11,15,17,21,42,45,49,56,62,65,129,131" machi="15" ten="40,1300,0" yaku="1,1,53,0" doraHai="116" doraHaiUra="104" who="0" fromWho="3" sc="120,23,250,0,370,0,250,-13" /><INIT seed="2,0,0,3,2,33" ten="143,250,370,237" oya="2" hai0="97,112,64,31,107,32,15,79,118,66,9,19,123" hai1="120,38,8,13,59,11,41,84,69,63,44,3,104" hai2="87,57,4,73,119,25,109,67,28,101,12,34,125" hai3="106,68,83,72,75,16,117,54,86,5,98,26,56"/><V50/><F73/><W58/><G68/><T51/><D123/><U21/><E120/><V70/><F119/><W105/><G117/><T53/><D112/><U113/><E113/><V42/><F125/><W102/><G105/><T43/><D118/><U40/><E104/><V124/><F124/><W49/><G5/><T37/><D79/><U24/><E69/><V45/><F109/><W133/><G133/><T108/><D108/><U126/><E126/><V82/><F70/><W130/><G130/><T115/><D37/><U65/><E40/><V61/><F101/><W103/><G103/><T131/><D43/><U77/><E3/><V22/><F4/><W78/><G56/><T39/><D39/><U128/><E128/><V17/><F34/><W99/><G99/><T114/><D131/><U89/><E13/><V62/><F61/><W47/><G58/><T116/><D116/><U100/><E100/><V111/><F111/><W85/><G72/><T6/><D97/><U27/><E77/><V14/><REACH who="2" step="1"/><F28/><REACH who="2" ten="143,250,360,237" step="2"/><W94/><G106/><T23/><D107/><U35/><E35/><V29/><F29/><W92/><G75/><T18/><D115/><U93/><E27/><V52/><F52/><W132/><G102/><T121/><D114/><U122/><E122/><V134/><F134/><W7/><G132/><T46/><D121/><U135/><E135/><V88/><AGARI ba="0,1" hai="12,14,17,22,25,42,45,50,57,62,67,82,87,88" machi="88" ten="20,12000,1" yaku="1,1,0,1,7,1,8,1,54,1,53,0" doraHai="33" doraHaiUra="0" who="2" fromWho="2" sc="143,-40,250,-40,360,130,237,-40" /><INIT seed="2,1,0,2,3,94" ten="103,210,490,197" oya="2" hai0="99,54,18,110,36,107,38,30,83,109,20,126,114" hai1="91,72,3,32,93,117,103,46,100,68,79,0,131" hai2="120,48,90,115,34,16,111,13,25,52,1,88,105" hai3="45,80,101,19,70,96,31,132,44,63,65,47,9"/><V57/><F1/><W4/><G132/><T42/><D114/><U28/><E117/><V33/><F120/><W23/><G31/><T21/><D126/><U106/><E68/><V49/><F115/><W112/><G80/><T53/><D83/><U15/><E131/><V133/><F105/><W67/><G67/><T37/><D42/><U51/><E15/><V60/><F133/><W102/><G112/><T27/><D30/><U73/><E106/><V97/><F111/><N who="0" m="42506" /><D21/><U71/><E71/><V59/><F25/><W61/><G70/><T123/><D123/><U69/><E69/><V129/><F129/><W12/><G65/><T6/><D6/><U56/><E56/><V81/><F33/><W39/><G39/><N who="0" m="9987" /><T121/><DORA hai="127" /><D121/><U2/><E79/><V40/><F34/><W85/><G23/><T118/><D118/><U128/><E128/><V76/><F40/><W92/><G4/><T130/><D130/><U77/><E77/><V135/><F135/><W95/><G102/><AGARI ba="1,0" hai="18,20,27,53,54,99,102,107" m="9987,42506" machi="102" ten="50,3200,0" yaku="14,1,52,1" doraHai="94,127" who="0" fromWho="3" sc="103,35,210,0,490,0,197,-35" /><INIT seed="3,0,0,5,4,77" ten="138,210,490,162" oya="3" hai0="101,98,103,88,19,1,73,0,47,15,81,34,120" hai1="57,92,65,53,75,116,4,52,5,131,123,128,133" hai2="18,72,90,28,114,107,95,21,36,45,70,80,79" hai3="74,62,106,108,102,14,117,134,11,105,121,20,125"/><W59/><G117/><T58/><D34/><U50/><E123/><V71/><F107/><W82/><G121/><T17/><D120/><U64/><E133/><V104/><F104/><W12/><G134/><T55/><D47/><N who="1" m="27743" /><E75/><V109/><F114/><W112/><G125/><T68/><D68/><U94/><E116/><V122/><F122/><W41/><G112/><T84/><D73/><U135/><E135/><V91/><F28/><W87/><G74/><T63/><D19/><U100/><E64/><V38/><F91/><W13/><G105/><T27/><D27/><U119/><E65/><V6/><F6/><N who="1" m="2665" /><E100/><V42/><F36/><W26/><G106/><T130/><D130/><N who="1" m="49707" /><E119/><V67/><F67/><N who="3" m="39391" /><G108/><T78/><D1/><U110/><E110/><V8/><F109/><W16/><G102/><T44/><D0/><U22/><E22/><V35/><F35/><W10/><G41/><T32/><D32/><U2/><E2/><V43/><F42/><W118/><G118/><T96/><D44/><U86/><E86/><V23/><F70/><W113/><G113/><T48/><D63/><AGARI ba="0,0" hai="53,57,63,92,94" m="49707,2665,27743" machi="63" ten="30,2000,0" yaku="19,1,54,1" doraHai="77" who="1" fromWho="0" sc="138,-20,210,20,490,0,162,0" owari="118,-38.2,230,3.0,490,59.0,162,-23.8" /></mjloggm>