<mjloggm ver="2.3"><GO type="225" lobby="0"/><UN n0="%63%68%78%62%64" n1="%E3%81%AA%E3%81%A1%30%39%32%37" n2="%E5%8F%AF%E5%85%90%E9%82%A3%E7%94%B1%E5%A4%9A" n3="%EF%BC%AE%EF%BC%A1%EF%BC%AF%33%33%39" dan="16,16,17,16" rate="2150.72,2099.22,2241.62,2054.11" sx="M,M,F,M"/><TAIKYOKU oya="0"/><INIT seed="0,0,0,3,1,127" ten="250,250,250,250" oya="0" hai0="107,84,51,42,132,27,39,62,1,106,87,102,105" hai1="76,71,28,55,120,100,129,134,79,36,16,123,53" hai2="110,50,47,12,23,44,67,26,58,81,95,13,133" hai3="37,119,74,65,78,77,21,85,43,97,131,63,32"/><T118/><D118/><U24/><E36/><V4/><F110/><W57/><G32/><T121/><D121/><U104/><E71/><V41/><F133/><W101/><G74/><T113/><D113/><U86/><E134/><V15/><F81/><W2/><G2/><T10/><D39/><U7/><E7/><V19/><F47/><W90/><G119/><T116/><D116/><U14/><E104/><V88/><F67/><W99/><G43/><T0/><D102/><U73/><E100/><V38/><F38/><W109/><G109/><T75/><D75/><U40/><E73/><V30/><F58/><W17/><G37/><T45/><D62/><U83/><E40/><V11/><REACH who="2" step="1"/><F4/><REACH who="2" ten="250,250,240,250" step="2"/><W31/><G57/><T96/><D132/><U130/><E123/><V117/><F117/><W35/><G65/><T3/><D10/><N who="1" m="6231" /><E120/><V128/><F128/><N who="1" m="49257" /><E76/><V98/><AGARI ba="0,1" hai="11,12,13,15,19,23,26,30,41,44,50,88,95,98" machi="98" ten="20,12000,2" yaku="1,1,0,1,7,1,8,1,54,1,53,1" doraHai="127" doraHaiUra="93" who="2" fromWho="2" sc="250,-60,250,-30,240,130,250,-30" /><INIT seed="1,0,0,2,5,128" ten="190,220,370,220" oya="1" hai0="49,2,53,82,56,111,102,85,66,22,35,113,60" hai1="47,21,46,4,120,54,27,72,103,105,20,16,10" hai2="96,69,24,135,127,74,83,40,23,112,64,76,90" hai3="75,57,0,30,48,134,36,38,51,7,9,58,119"/><U68/><E120/><V44/><F127/><W1/><G75/><T42/><D35/><U33/><E72/><V31/><F112/><W130/><G30/><T109/><D113/><U81/><E33/><V97/><F90/><W43/><G130/><T107/><D2/><U26/><E68/><V77/><F77/><W19/><G19/><T121/><D121/><U100/><E81/><V108/><F108/><N who="0" m="41546" /><D102/><U50/><E47/><V28/><F28/><W55/><G119/><T11/><D107/><U34/><E34/><V132/><F64/><W115/><G115/><T124/><D124/><U91/><E91/><V84/><F69/><W94/><G1/><T70/><D11/><U63/><E63/><V32/><F84/><W110/><G110/><T92/><D92/><U5/><E105/><V106/><F23/><W93/><G93/><T116/><D116/><U3/><REACH who="1" step="1"/><E4/><REACH who="1" ten="190,210,370,220" step="2"/><V78/><F78/><W87/><G7/><T61/><D60/><U41/><E41/><V86/><F74/><W65/><G43/><T133/><D42/><U126/><E126/><V45/><F45/><W37/><G94/><T62/><D61/><U17/><AGARI ba="0,1" hai="3,5,10,16,17,20,21,26,27,46,50,54,100,103" machi="17" ten="20,12000,1" yaku="1,1,0,1,7,1,9,1,54,1,53,0" doraHai="128" doraHaiUra="73" who="1" fromWho="1" sc="190,-40,210,130,370,-40,220,-40" /><INIT seed="1,1,0,2,2,41" ten="150,340,330,180" oya="1" hai0="35,89,18,104,59,73,69,67,75,38,10,95,82" hai1="12,54,44,65,8,46,112,80,72,28,4,86,71" hai2="30,84,97,129,124,53,106,122,49,87,94,79,102" hai3="14,51,43,91,62,100,81,58,9,135,128,121,108"/><U118/><E112/><V50/><F122/><W2/><G2/><T83/><D38/><U111/><E118/><V1/><F1/><W31/><G121/><T132/><D104/><U116/><E116/><V134/><F124/><W117/><G117/><T39/><D39/><U98/><E72/><V32/><F129/><W42/><G100/><T90/><D69/><U3/><E28/><V126/><F126/><W96/><G31/><T88/><D35/><U17/><E111/><V64/><F134/><W66/><G128/><T56/><D95/><U105/><E54/><V45/><F64/><W109/><G135/><T21/><D10/><U92/><E105/><V27/><F79/><W20/><G20/><T55/><D67/><U119/><E119/><V47/><REACH who="2" step="1"/><F106/><REACH who="2" ten="150,340,320,180" step="2"/><W123/><G123/><T131/><D132/><U70/><E65/><V60/><F60/><W16/><G108/><T26/><D131/><U19/><E71/><V85/><F85/><N who="3" m="50607" /><G109/><T113/><D113/><U76/><E70/><V133/><F133/><W74/><G74/><T40/><D75/><U120/><E120/><V125/><F125/><W23/><G96/><T57/><D73/><U25/><E3/><V77/><F77/><W13/><G51/><T36/><REACH who="0" step="1"/><D55/><AGARI ba="1,1" hai="27,30,32,45,47,49,50,53,55,84,87,94,97,102" machi="55" ten="30,12000,2" yaku="1,1,7,1,9,1,52,2,53,1" doraHai="41" doraHaiUra="99" who="2" fromWho="0" sc="150,-123,340,0,320,133,180,0" /><INIT seed="2,0,0,3,2,104" ten="27,340,453,180" oya="2" hai0="81,109,105,70,30,108,43,99,48,95,31,92,98" hai1="55,86,47,113,135,36,19,94,17,102,7,35,15" hai2="112,120,107,123,20,11,61,32,78,5,65,0,27" hai3="133,25,4,41,64,60,79,85,6,53,127,130,52"/><V73/><F112/><W29/><G41/><T50/><D70/><U49/><E113/><V33/><F107/><W114/><G114/><T121/><D105/><U77/><E135/><V67/><F67/><W132/><G79/><T51/><D43/><U125/><E125/><V71/><F20/><W90/><G127/><T46/><D46/><U16/><E35/><N who="2" m="13387" /><F27/><W28/><G25/><T9/><D9/><N who="1" m="4543" /><E36/><V103/><F103/><W62/><G64/><T124/><D81/><AGARI ba="0,0" hai="0,5,11,61,65,71,73,78,81,120,123" m="13387" machi="81" ten="30,2900,0" yaku="23,1,52,1" doraHai="104" who="2" fromWho="0" sc="27,-29,340,0,453,29,180,0" owari="-2,-50.2,340,14.0,482,58.2,180,-22.0" /></mjloggm>