<mjloggm ver="2.3"><GO type="225" lobby="0"/><UN n0="%72%69%6F%75%63%68%61%6E" n1="%E3%81%BF%E3%81%BF%E3%81%9A" n2="%4B%2E%32%2E%4B%2E" n3="%E3%82%A2%E3%83%A1%E3%82%A2%E3%83%A9%E3%83%AC" dan="16,18,17,16" rate="2170.45,2245.88,2190.12,2124.67" sx="M,M,M,M"/><TAIKYOKU oya="0"/><INIT seed="0,0,0,0,4,84" ten="250,250,250,250" oya="0" hai0="95,96,111,65,39,38,56,101,47,42,66,113,78" hai1="134,60,62,11,135,64,114,57,94,13,6,129,58" hai2="15,61,19,52,125,27,85,119,30,106,68,53,71" hai3="41,124,2,43,82,17,115,50,59,69,93,5,7"/><T88/><D113/><U128/><E114/><V0/><F0/><W28/><G69/><T9/><D111/><U12/><E94/><V20/><F106/><W32/><G115/><T123/><D123/><U35/><E35/><V92/><F125/><W103/><G124/><T130/><D130/><U105/><E105/><V116/><F71/><W100/><G28/><T67/><D78/><U108/><E108/><V34/><F68/><W21/><G32/><T87/><D9/><U49/><E49/><V97/><F85/><W91/><G82/><T29/><D29/><U51/><E51/><V31/><F31/><W25/><G2/><T45/><D45/><U109/><E12/><V73/><F73/><W46/><G41/><T76/><D76/><U1/><E109/><V110/><F110/><W133/><G59/><T54/><D38/><U89/><E89/><N who="2" m="55439" /><F61/><W55/><G43/><T112/><D112/><U23/><E23/><V75/><F75/><W127/><G133/><N who="1" m="50698" /><E1/><V122/><F122/><W14/><G127/><T44/><D44/><U98/><E98/><V126/><F126/><W24/><G24/><T90/><REACH who="0" step="1"/><D87/><REACH who="0" ten="240,250,250,250" step="2"/><U132/><N who="1" m="50706" /><U37/><DORA hai="104" /><E37/><V117/><AGARI ba="0,1" hai="15,19,20,27,30,34,52,53,116,117,119" m="55439" machi="117" ten="30,4000,0" yaku="12,1,52,1,54,1" doraHai="84,104" who="2" fromWho="2" sc="240,-20,250,-10,250,50,250,-10" /><INIT seed="1,0,0,5,0,80" ten="220,240,300,240" oya="1" hai0="47,12,59,46,34,31,122,62,21,112,6,93,32" hai1="107,135,69,2,36,25,52,16,66,41,27,29,91" hai2="68,4,96,45,18,22,117,28,86,56,57,98,131" hai3="126,26,94,119,5,99,127,115,61,105,65,134,88"/><U50/><E107/><V30/><F68/><W74/><G115/><T3/><D112/><U35/><E2/><V77/><F117/><W128/><G119/><T79/><D122/><U1/><E1/><V124/><F4/><W7/><G134/><T76/><D3/><U102/><E102/><V60/><F124/><N who="3" m="47659" /><G128/><T87/><D32/><U20/><E135/><V116/><F116/><W132/><G132/><T133/><D133/><U39/><E41/><V82/><F45/><N who="0" m="16906" /><D34/><U10/><E10/><V0/><F56/><N who="3" m="37031" /><G74/><T48/><D48/><U125/><E125/><V130/><F0/><W19/><G105/><T15/><D31/><N who="2" m="11818" /><F131/><W71/><G71/><T89/><D21/><AGARI ba="0,0" hai="5,7,19,21,26,88,94,99" m="37031,47659" machi="21" ten="30,2000,0" yaku="18,1,54,1" doraHai="80" who="3" fromWho="0" sc="220,-20,240,0,300,0,240,20" /><INIT seed="2,0,0,0,5,32" ten="200,240,300,260" oya="2" hai0="89,7,101,33,102,114,68,0,116,123,128,113,65" hai1="132,41,26,84,131,58,112,9,24,105,121,1,11" hai2="96,34,12,43,4,5,56,27,74,126,90,91,57" hai3="79,62,59,8,133,69,80,22,17,6,94,42,39"/><V75/><F126/><W2/><G69/><T120/><D33/><U30/><E112/><N who="0" m="43113" /><D89/><U104/><E41/><V13/><F43/><W88/><G133/><T40/><D40/><U14/><E132/><V28/><F96/><W67/><G42/><T72/><D72/><U60/><E121/><N who="0" m="46665" /><D65/><U110/><E110/><V78/><F78/><W63/><G63/><T107/><D68/><U46/><E46/><V37/><F37/><W117/><G117/><T36/><D36/><U97/><E131/><V119/><F119/><W51/><G51/><T135/><D116/><U54/><E84/><V48/><F48/><W99/><G39/><T44/><D44/><U82/><E82/><V25/><F28/><W23/><REACH who="3" step="1"/><G17/><REACH who="3" ten="200,240,300,250" step="2"/><T61/><D135/><U127/><E60/><V87/><F34/><W111/><G111/><T125/><D61/><U100/><E127/><V64/><F64/><W106/><G106/><T86/><D125/><U129/><E105/><V81/><F57/><W77/><G77/><T16/><D107/><U53/><E58/><V10/><F56/><W35/><G35/><T83/><D128/><U70/><E129/><V108/><F108/><W19/><G19/><T85/><D16/><N who="1" m="8271" /><E30/><V73/><F91/><W31/><G31/><T45/><D45/><U47/><E70/><V3/><F90/><W122/><G122/><T49/><D49/><N who="1" m="28863" /><E54/><V55/><F55/><W95/><G95/><T50/><D50/><U38/><E38/><V15/><F81/><W93/><G93/><T103/><D83/><U134/><E134/><V115/><F115/><W109/><G109/><RYUUKYOKU ba="0,1" sc="200,10,240,10,300,-30,250,10" hai0="0,7,85,86,101,102,103" hai1="1,11,24,26,97,100,104" hai3="2,6,8,22,23,59,62,67,79,80,88,94,99" /><INIT seed="3,1,1,3,2,40" ten="210,250,270,260" oya="3" hai0="4,99,82,113,29,83,108,134,133,119,45,46,117" hai1="78,69,129,93,118,8,16,20,85,49,12,102,70" hai2="90,57,58,9,67,76,109,14,111,66,112,92,128" hai3="101,18,5,125,22,41,3,42,53,120,81,107,80"/><W65/><G120/><T135/><D108/><N who="2" m="41546" /><F112/><W75/><G125/><T84/><D113/><U44/><E129/><V62/><F128/><W27/><G65/><N who="2" m="24585" /><F76/><W131/><G131/><T89/><D29/><U56/><E56/><V23/><F23/><W1/><G1/><T97/><D4/><N who="1" m="3079" /><E118/><N who="0" m="45065" /><D82/><N who="1" m="47319" /><E102/><V105/><F62/><W126/><G126/><T115/><D115/><U100/><E100/><V52/><F105/><W47/><G5/><T28/><D28/><U43/><E93/><V121/><F52/><W122/><G122/><T104/><D104/><U123/><E123/><V116/><F116/><W17/><G107/><T60/><D60/><U68/><E68/><V98/><F121/><W15/><G101/><T114/><D114/><U71/><E71/><V2/><F2/><W103/><G3/><T87/><D87/><U86/><E86/><V6/><AGARI ba="1,1" hai="6,9,14,57,58,90,92,98" m="24585,41546" machi="6" ten="30,1100,0" yaku="14,1" doraHai="40" who="2" fromWho="2" sc="210,-4,250,-4,270,24,260,-6" /><INIT seed="4,0,0,5,1,0" ten="206,246,294,254" oya="0" hai0="95,9,126,87,100,85,1,58,79,122,78,83,50" hai1="15,63,57,12,73,111,91,44,45,88,13,41,75" hai2="34,51,110,132,55,128,48,10,47,11,92,118,2" hai3="5,114,96,116,31,56,130,49,69,59,46,23,99"/><T76/><D122/><U25/><E111/><V22/><F110/><W53/><G69/><T37/><D37/><U125/><E125/><V29/><F34/><W106/><G116/><T40/><D126/><U3/><E3/><V70/><F70/><W135/><G114/><T124/><D124/><U36/><E44/><V20/><F118/><W134/><G130/><T101/><D95/><U74/><REACH who="1" step="1"/><E25/><REACH who="1" ten="206,236,294,254" step="2"/><N who="2" m="16551" /><F2/><W14/><G134/><T17/><D1/><U112/><E112/><V97/><F132/><W80/><G46/><N who="0" m="25927" /><D58/><U33/><E33/><V108/><F108/><W90/><G59/><T89/><D85/><U42/><E42/><V82/><F128/><W21/><G135/><T26/><D26/><U77/><E77/><N who="0" m="19713" /><T6/><DORA hai="107" /><D6/><U131/><E131/><V60/><F47/><W117/><G5/><T123/><D123/><U133/><E133/><V81/><F92/><W68/><G68/><T4/><D4/><U28/><E28/><V67/><F82/><W62/><G117/><T18/><D18/><U7/><E7/><V109/><F81/><W105/><G31/><T120/><D120/><U66/><AGARI ba="0,1" hai="12,13,15,36,41,45,57,63,66,73,74,75,88,91" machi="66" ten="40,12000,2" yaku="1,1,0,1,52,3,54,1,53,1" doraHai="0,107" doraHaiUra="54,127" who="1" fromWho="1" sc="206,-60,236,130,294,-30,254,-30" owari="146,-35.4,366,46.6,264,6.4,224,-17.6" /></mjloggm>