<mjloggm ver="2.3"><GO type="225" lobby="0"/><UN n0="%E3%80%90%E3%83%88%E3%83%AA%E3%83%A5%E3%83%95%E3%80%91" n1="%E6%98%93%E5%88%A9%E8%96%A9%E4%BC%AF" n2="%6D%75%75%73%61%6E%6D%75" n3="%E9%B4%A8%4E%45%47%49" dan="16,16,17,16" rate="2084.13,2113.06,2177.30,2126.84" sx="M,F,F,M"/><TAIKYOKU oya="0"/><INIT seed="0,0,0,5,4,1" ten="250,250,250,250" oya="0" hai0="96,110,131,32,58,135,38,134,95,89,20,48,18" hai1="126,90,13,104,75,91,111,109,83,34,61,11,26" hai2="14,92,81,84,114,25,19,122,30,23,52,80,51" hai3="85,77,74,5,44,119,73,105,37,12,97,45,0"/><T62/><D32/><U72/><E104/><V3/><F122/><W22/><G119/><T31/><D38/><U107/><E107/><V99/><F3/><W7/><G73/><T63/><D131/><U50/><E126/><V133/><F133/><N who="0" m="50698" /><D31/><U117/><E117/><V88/><F114/><W60/><G74/><T78/><D78/><U70/><E50/><V4/><F4/><N who="3" m="1611" /><G0/><T67/><D110/><U36/><E36/><V123/><F123/><W59/><G37/><T24/><D63/><U100/><E100/><V113/><F113/><W116/><G105/><T9/><D48/><U82/><E61/><V127/><F127/><W86/><G97/><T41/><D9/><U10/><E13/><V49/><F49/><W53/><G116/><T132/><N who="0" m="50706" /><T29/><DORA hai="125" /><D29/><U112/><E26/><V40/><F99/><W27/><G12/><T33/><D33/><U102/><E34/><V15/><F40/><AGARI ba="0,0" hai="18,20,24,40,41,58,62,67,89,95,96" m="50706" machi="40" ten="40,2000,0" yaku="20,1" doraHai="1,125" who="0" fromWho="2" sc="250,20,250,0,250,-20,250,0" /><INIT seed="0,1,0,1,5,0" ten="270,250,230,250" oya="0" hai0="49,89,52,27,94,124,112,7,4,131,47,129,38" hai1="5,28,26,88,82,32,40,123,128,83,67,6,117" hai2="70,1,74,114,45,44,23,77,71,53,33,86,62" hai3="116,16,21,18,61,8,97,41,109,96,85,100,130"/><T12/><D112/><U108/><E117/><V34/><F74/><W24/><G116/><T59/><D124/><U30/><E123/><V80/><F114/><W55/><G109/><T132/><D132/><U90/><E108/><V79/><F1/><W29/><G130/><N who="0" m="49675" /><D12/><U14/><E128/><V102/><F79/><W48/><G85/><N who="0" m="52527" /><D27/><U127/><E127/><V126/><F126/><W76/><G76/><T134/><D134/><U50/><E67/><V91/><F102/><W104/><G97/><T36/><D36/><U125/><E125/><V3/><F3/><W115/><G115/><T22/><D22/><N who="1" m="15447" /><E14/><V43/><F77/><W35/><G8/><T95/><D95/><U42/><E30/><V107/><F107/><W58/><G21/><T39/><D39/><U17/><E17/><V13/><F34/><W113/><G113/><T87/><D87/><N who="1" m="50295" /><E32/><V98/><F33/><W37/><G37/><T110/><D110/><U57/><E90/><V135/><F135/><W2/><G2/><T19/><D19/><U120/><E83/><V84/><F80/><W92/><G92/><T103/><D103/><U133/><E120/><V63/><F13/><W122/><G122/><T9/><D9/><U56/><E133/><V118/><F23/><W69/><G41/><AGARI ba="1,0" hai="4,7,38,41,47,49,52,59" m="52527,49675" machi="41" ten="30,11600,0" yaku="19,1,52,2,54,1" doraHai="0" who="0" fromWho="3" sc="270,119,250,0,230,0,250,-119" /><INIT seed="0,2,0,1,4,23" ten="389,250,230,131" oya="0" hai0="84,89,44,73,67,105,48,39,88,104,13,102,38" hai1="108,28,85,32,57,22,109,45,134,0,77,101,49" hai2="29,112,76,30,52,7,1,126,34,91,59,79,124" hai3="3,69,116,107,47,36,110,87,40,75,74,11,127"/><T62/><D73/><U68/><E68/><V37/><F112/><W20/><G116/><T132/><D132/><U5/><E32/><V118/><F37/><W33/><G20/><T4/><D89/><U19/><E101/><V97/><F118/><W66/><G87/><T42/><D39/><U41/><E28/><N who="2" m="10859" /><F34/><W135/><G135/><T65/><D38/><U83/><E134/><V119/><F119/><W111/><G33/><T96/><D62/><U10/><REACH who="1" step="1"/><E57/><REACH who="1" ten="389,240,230,131" step="2"/><V16/><F59/><W60/><G127/><T95/><REACH who="0" step="1"/><D105/><REACH who="0" ten="379,240,230,131" step="2"/><U9/><E9/><AGARI ba="2,2" hai="4,9,13,42,44,48,65,67,84,88,95,96,102,104" machi="9" ten="40,7700,0" yaku="1,1,2,1,54,1,53,0" doraHai="23" doraHaiUra="123" who="0" fromWho="1" sc="379,103,240,-83,230,0,131,0" /><INIT seed="0,3,0,0,3,18" ten="482,157,230,131" oya="0" hai0="91,111,127,27,64,14,6,90,38,10,46,98,0" hai1="67,119,80,124,108,129,131,92,51,116,122,128,29" hai2="114,115,28,102,55,3,99,120,132,84,20,60,78" hai3="1,96,105,58,32,56,113,135,8,4,31,24,37"/><T86/><D127/><U70/><E80/><V83/><F3/><W19/><G135/><T15/><D27/><U126/><E122/><V117/><F120/><W21/><G113/><T109/><D64/><U101/><E29/><V57/><F132/><W69/><G69/><T62/><D62/><N who="1" m="40311" /><E92/><V45/><F117/><N who="1" m="45129" /><E101/><V54/><F45/><W97/><G37/><T107/><D107/><U47/><E108/><N who="0" m="41545" /><D98/><U43/><AGARI ba="3,0" hai="43,47,51,124,126,128,129,131" m="45129,40311" machi="43" ten="40,5200,0" yaku="19,1,34,2" doraHai="18" who="1" fromWho="1" sc="482,-29,157,61,230,-16,131,-16" /><INIT seed="1,0,0,3,0,58" ten="453,218,214,115" oya="1" hai0="124,105,56,51,65,37,17,34,70,131,69,9,118" hai1="135,128,76,29,125,109,123,107,92,75,26,113,8" hai2="87,98,62,49,103,86,32,97,110,78,89,102,112" hai3="7,3,25,71,30,15,82,129,121,2,39,96,80"/><U72/><E113/><V46/><F32/><W66/><G39/><T77/><D118/><U83/><E123/><V95/><F112/><W14/><G121/><T99/><D37/><U57/><E107/><V5/><F110/><W40/><G129/><T42/><D77/><U88/><E128/><V43/><F5/><W12/><G40/><T41/><D34/><U132/><E125/><V52/><F78/><W127/><G127/><T13/><D69/><U38/><E38/><V20/><F20/><W31/><G96/><N who="2" m="36969" /><F87/><W100/><G100/><T16/><D105/><U64/><E8/><V85/><F85/><W10/><G71/><T115/><D115/><U90/><E75/><V59/><AGARI ba="0,0" hai="43,46,49,52,59,62,86,89,95,102,103" m="36969" machi="59" ten="30,4000,0" yaku="8,1,52,1,54,1" doraHai="58" who="2" fromWho="2" sc="453,-10,218,-20,214,40,115,-10" /><INIT seed="2,0,0,3,1,63" ten="443,198,254,105" oya="2" hai0="16,13,34,40,97,115,83,31,58,81,89,46,127" hai1="28,24,96,119,60,130,125,134,85,53,88,126,30" hai2="123,37,112,91,66,12,0,2,10,11,70,118,7" hai3="22,56,43,36,45,23,74,107,117,99,122,86,57"/><V9/><F37/><W44/><G74/><T129/><D115/><U32/><E119/><V4/><F112/><W76/><G122/><T72/><D129/><U103/><E130/><V50/><F123/><W133/><G133/><T61/><D127/><U75/><E75/><V84/><F118/><W39/><G117/><T5/><D34/><U69/><E30/><V95/><F50/><W110/><G110/><T80/><D31/><U121/><E134/><V79/><F79/><W6/><G107/><T14/><D5/><U67/><E53/><V51/><F51/><W132/><G99/><T26/><D72/><U104/><REACH who="1" step="1"/><E121/><REACH who="1" ten="443,188,254,105" step="2"/><V1/><F7/><W19/><G132/><T49/><D97/><U42/><E42/><V73/><F73/><W15/><G6/><T124/><D124/><U116/><E116/><V62/><AGARI ba="0,1" hai="0,1,2,4,9,10,11,12,62,66,70,84,91,95" machi="62" ten="40,3900,0" yaku="0,1,52,1" doraHai="63" who="2" fromWho="2" sc="443,-13,188,-13,254,49,105,-13" /><INIT seed="2,1,0,2,1,81" ten="430,175,303,92" oya="2" hai0="115,29,130,122,107,134,31,127,47,133,65,131,53" hai1="92,68,34,71,14,16,4,72,110,128,59,89,66" hai2="78,32,10,17,54,7,102,82,73,84,64,46,43" hai3="39,61,79,69,104,101,100,113,42,116,48,106,15"/><V91/><F32/><W56/><G116/><T1/><D107/><U109/><E34/><V126/><F126/><W3/><G3/><T120/><D1/><U70/><E72/><V112/><F112/><W97/><G113/><T62/><D115/><U22/><E4/><V117/><F117/><W83/><G69/><N who="0" m="42167" /><D127/><U38/><E38/><V85/><F64/><W63/><G39/><T30/><D53/><U80/><E80/><N who="2" m="49543" /><F102/><W75/><G15/><T94/><D47/><U108/><E128/><N who="0" m="49193" /><D94/><U11/><E11/><V25/><F73/><W9/><G9/><T90/><D90/><U44/><E44/><V58/><F46/><W18/><G18/><T60/><D60/><N who="1" m="38175" /><E71/><V5/><F43/><W36/><G36/><T111/><D120/><U125/><E125/><V124/><F124/><W55/><REACH who="3" step="1"/><G42/><REACH who="3" ten="430,175,303,82" step="2"/><T12/><D122/><U96/><AGARI ba="1,1" hai="14,16,22,68,70,89,92,96,108,109,110" m="38175" machi="96" ten="30,2000,0" yaku="14,1,54,1" doraHai="81" who="1" fromWho="1" sc="430,-6,175,33,303,-11,82,-6" /><INIT seed="3,0,0,5,3,56" ten="424,208,292,76" oya="3" hai0="57,54,58,75,124,60,30,77,35,33,79,110,122" hai1="115,69,131,70,23,71,2,113,91,63,90,128,29" hai2="22,67,32,0,68,86,6,81,88,48,27,50,106" hai3="129,80,10,120,44,126,31,105,66,116,134,25,76"/><W64/><G120/><T78/><D110/><U17/><E2/><V21/><F106/><W117/><G105/><T14/><D124/><U47/><E29/><V8/><F32/><W133/><G126/><T121/><D75/><U92/><E47/><V4/><F4/><W85/><G129/><N who="1" m="49738" /><E63/><V46/><F68/><W123/><G10/><T118/><D118/><N who="3" m="45673" /><G44/><T83/><D83/><U125/><E125/><V5/><F67/><N who="3" m="25643" /><G123/><T13/><D58/><U109/><E109/><V36/><F6/><W19/><G19/><T112/><D33/><U82/><E71/><V114/><F114/><W11/><G11/><T41/><D112/><U130/><E130/><V127/><F127/><W72/><G72/><T89/><D121/><U15/><E70/><V20/><F36/><W100/><G100/><T1/><D1/><U104/><E104/><V40/><REACH who="2" step="1"/><F48/><REACH who="2" ten="424,208,282,76" step="2"/><W7/><G7/><T98/><D122/><U37/><E69/><V73/><F73/><W103/><G103/><T107/><D107/><U55/><E37/><V12/><F12/><W28/><G25/><AGARI ba="0,1" hai="0,5,8,20,21,22,25,27,40,46,50,81,86,88" machi="25" ten="40,2600,0" yaku="1,1,54,1,53,0" doraHai="56" doraHaiUra="95" who="2" fromWho="3" sc="424,0,208,0,282,36,76,-26" owari="424,52.4,208,-19.2,318,11.8,50,-45.0" /></mjloggm>