<mjloggm ver="2.3"><GO type="225" lobby="0"/><UN n0="%E5%B0%8F%E9%B3%A5%E9%81%8A%E7%B7%B4%E7%84%A1%32%31%E6%AD%B3" n1="%E3%81%86%E3%83%BC%E3%81%B1%E3%83%BC" n2="%6D%75%75%6D%75%72%61" n3="%E5%86%B7%E5%87%8D%E3%82%AE%E3%83%A7%E3%83%BC%E3%82%B6" dan="16,17,17,16" rate="2186.42,2145.94,2136.27,2143.24" sx="F,F,F,M"/><TAIKYOKU oya="0"/><INIT seed="0,0,0,4,1,74" ten="250,250,250,250" oya="0" hai0="39,54,80,86,18,44,2,5,98,130,91,84,7" hai1="66,47,132,110,68,17,78,77,99,65,100,19,125" hai2="134,97,108,79,29,55,52,57,35,128,51,90,31" hai3="113,104,112,21,70,48,27,75,101,41,107,30,36"/><T129/><D2/><U20/><E110/><V32/><F108/><W69/><G36/><T0/><D0/><U26/><E132/><V25/><F134/><W4/><G4/><T76/><D18/><U92/><E125/><V42/><F128/><N who="0" m="49258" /><D98/><U102/><E100/><V96/><F42/><W61/><G75/><T46/><D39/><U94/><E94/><V24/><F79/><N who="1" m="30217" /><E68/><V56/><REACH who="2" step="1"/><F90/><REACH who="2" ten="250,250,240,250" step="2"/><W38/><G41/><T43/><D43/><U72/><E72/><V62/><AGARI ba="0,1" hai="24,25,29,31,32,35,51,52,55,56,57,62,96,97" machi="62" ten="20,12000,2" yaku="1,1,2,1,0,1,7,1,9,1,54,1,53,0" doraHai="74" doraHaiUra="127" who="2" fromWho="2" sc="250,-60,250,-30,240,130,250,-30" /><INIT seed="1,0,0,4,2,65" ten="190,220,370,220" oya="1" hai0="48,21,50,25,128,135,124,73,16,106,63,32,47" hai1="125,108,86,64,98,75,100,133,19,15,60,91,34" hai2="24,101,134,46,67,41,71,117,126,14,102,112,17" hai3="105,43,56,53,49,97,42,0,66,11,38,18,131"/><U26/><E133/><V129/><F117/><W82/><G131/><T9/><D73/><U119/><E125/><V130/><F126/><W93/><G105/><T76/><D106/><U29/><E75/><V39/><F134/><W95/><G38/><T94/><D128/><N who="2" m="49258" /><F24/><W33/><G33/><T12/><D124/><U84/><E91/><V69/><F112/><W83/><G66/><T89/><D76/><U37/><E37/><V115/><F115/><W87/><G93/><T79/><D79/><U7/><E7/><V77/><F77/><W81/><G87/><T40/><D32/><U62/><E62/><N who="2" m="40183" /><F71/><W23/><G0/><T61/><D48/><U80/><E80/><V72/><F72/><W22/><G11/><AGARI ba="0,0" hai="11,14,17,39,41,46,101,102" m="40183,49258" machi="11" ten="30,2000,0" yaku="19,1,52,1" doraHai="65" who="2" fromWho="3" sc="190,0,220,0,370,20,220,-20" /><INIT seed="2,0,0,3,4,118" ten="190,220,390,200" oya="2" hai0="14,133,121,114,36,120,110,130,99,106,64,86,62" hai1="10,50,134,3,80,52,7,109,125,20,22,26,123" hai2="73,135,74,21,61,60,131,55,56,28,88,91,70" hai3="44,57,63,54,68,23,101,16,42,65,87,111,8"/><V75/><F135/><W112/><G111/><T96/><D114/><U0/><E0/><V100/><F131/><W31/><G112/><T46/><D96/><U19/><E134/><V32/><F32/><W69/><G101/><N who="0" m="62783" /><D86/><U49/><E109/><V76/><F76/><W17/><G31/><T113/><D113/><U1/><E1/><V6/><F6/><W92/><G8/><T58/><D110/><U127/><E123/><N who="0" m="47177" /><D14/><U78/><E22/><V48/><F100/><W83/><G92/><T27/><D58/><U30/><E19/><V47/><F21/><W103/><G103/><T132/><D27/><U117/><E117/><V15/><F75/><W29/><G29/><T102/><D102/><U95/><E95/><V85/><F74/><W51/><G17/><T104/><D104/><U66/><E66/><V90/><F73/><W39/><G68/><N who="0" m="42007" /><D130/><U59/><E50/><V115/><F15/><W116/><G116/><T35/><D35/><U71/><E71/><V67/><F115/><W108/><G108/><T94/><D94/><U45/><E59/><V97/><F97/><W43/><G43/><AGARI ba="0,0" hai="36,43,46,132,133" m="42007,47177,62783" machi="43" ten="30,7700,0" yaku="23,1,52,3" doraHai="118" who="0" fromWho="3" sc="190,77,220,0,390,0,200,-77" /><INIT seed="3,0,0,2,3,93" ten="267,220,390,123" oya="3" hai0="17,113,9,106,20,84,74,0,82,95,48,119,80" hai1="102,14,78,85,123,44,24,75,81,126,77,38,28" hai2="103,132,62,90,118,99,19,4,11,50,40,61,91" hai3="89,35,114,18,87,31,33,109,59,54,66,42,101"/><W34/><G114/><T57/><D119/><U86/><E123/><V115/><F118/><W56/><G109/><T27/><D106/><U121/><E121/><V3/><F132/><W73/><G73/><T36/><D36/><U88/><E126/><V45/><F115/><W133/><G133/><T2/><D74/><U128/><E128/><V131/><F19/><W55/><G42/><T29/><D0/><U64/><E64/><V108/><F108/><W22/><G31/><T41/><D2/><U23/><E102/><V53/><F131/><W8/><G8/><T65/><D41/><U13/><E38/><V5/><F5/><W63/><G101/><T7/><D29/><U92/><E44/><V70/><F62/><W97/><G56/><T69/><D69/><U12/><REACH who="1" step="1"/><E78/><REACH who="1" ten="267,210,390,123" step="2"/><V94/><F40/><W112/><G112/><T25/><D65/><U49/><E49/><V58/><F70/><W107/><G107/><T30/><D48/><U135/><E135/><V52/><AGARI ba="0,1" hai="3,4,11,45,50,52,53,58,61,90,91,94,99,103" machi="52" ten="20,5200,0" yaku="0,1,7,1,52,1,54,1" doraHai="93" who="2" fromWho="2" sc="267,-13,210,-13,390,62,123,-26" owari="254,5.4,197,-20.3,452,55.2,97,-40.3" /></mjloggm>