<mjloggm ver="2.3"><GO type="225" lobby="0"/><UN n0="%74%61%6B%65%2D%79%6F%75" n1="%E8%A8%88%E7%AE%97%E6%A9%9F%E8%87%AA%E7%84%B6" n2="%45%6C%79%73%69%75%6D" n3="%72%69%6F%75%63%68%61%6E" dan="17,17,17,17" rate="2145.66,2192.80,2152.74,2275.62" sx="M,M,F,M"/><TAIKYOKU oya="0"/><INIT seed="0,0,0,1,5,94" ten="250,250,250,250" oya="0" hai0="28,116,72,87,14,71,129,46,81,103,75,111,134" hai1="6,20,83,125,114,69,102,36,51,16,76,5,49" hai2="82,89,65,67,121,123,4,27,8,29,107,66,11" hai3="117,126,53,130,52,88,92,60,85,70,91,58,26"/><T9/><D116/><U55/><E36/><V118/><F118/><W43/><G117/><T62/><D129/><U57/><E69/><V10/><F4/><W40/><G130/><T44/><D134/><U33/><E33/><V108/><F108/><W7/><G126/><T50/><D111/><U25/><E125/><V96/><F82/><W109/><G109/><T106/><D28/><U24/><E114/><V127/><F127/><W63/><G7/><T73/><D71/><U1/><E1/><V132/><F132/><W47/><G26/><T119/><D119/><U45/><E102/><V120/><F89/><W18/><G18/><T21/><D21/><U100/><E100/><V84/><F84/><W93/><G47/><T135/><D135/><U79/><E24/><V48/><F48/><W54/><G70/><T39/><D62/><N who="3" m="23593" /><G58/><T2/><D44/><U56/><E57/><V110/><F110/><W37/><G37/><T78/><D39/><U30/><E30/><V74/><F74/><W34/><G34/><T97/><D2/><U101/><E101/><N who="2" m="62887" /><F27/><W128/><G128/><T38/><D38/><U12/><E25/><V13/><F13/><W104/><G104/><T133/><D133/><U64/><E64/><V17/><F17/><W124/><G124/><T23/><D23/><U98/><E20/><V42/><F42/><W77/><G77/><T122/><D122/><U35/><E76/><V99/><F29/><W32/><G32/><T68/><D68/><U115/><E79/><V95/><F121/><W90/><G90/><T80/><D73/><U61/><E35/><RYUUKYOKU ba="0,0" sc="250,-15,250,-15,250,15,250,15" hai2="8,10,11,65,66,67,95,99,120,123" hai3="40,43,52,53,54,85,88,91,92,93" /><INIT seed="1,1,0,1,0,51" ten="235,235,265,265" oya="1" hai0="75,100,128,86,110,61,102,91,105,122,67,89,24" hai1="134,33,119,3,114,111,133,132,63,120,115,125,131" hai2="34,93,54,44,83,129,81,28,69,112,130,42,47" hai3="84,9,29,77,53,62,98,48,135,0,20,80,66"/><U113/><E33/><V71/><F112/><W38/><G135/><T26/><D110/><U56/><E3/><V43/><F93/><W70/><G38/><T68/><D128/><U39/><E119/><V76/><F28/><W64/><G66/><T16/><D122/><U58/><E120/><V95/><F95/><W40/><G40/><T73/><D91/><U85/><E85/><V35/><REACH who="2" step="1"/><F76/><REACH who="2" ten="235,235,255,265" step="2"/><W32/><G29/><T21/><D105/><U117/><E113/><V97/><F97/><W2/><G98/><T90/><D102/><U7/><E114/><V124/><F124/><W52/><G32/><T25/><D100/><U74/><E115/><V19/><F19/><W92/><G92/><T104/><D104/><U50/><E125/><V87/><F87/><W108/><G108/><T41/><D89/><U126/><E126/><V57/><F57/><W12/><G84/><T101/><D101/><U14/><E111/><V36/><F36/><W99/><G99/><T65/><D90/><U106/><E39/><V11/><F11/><W72/><G20/><T55/><D86/><U96/><E106/><V59/><F59/><W6/><REACH who="3" step="1"/><G48/><REACH who="3" ten="235,235,255,255" step="2"/><T37/><D21/><U123/><E132/><V118/><F118/><W15/><G15/><T22/><D22/><U49/><E117/><V10/><F10/><W17/><G17/><T8/><D16/><U88/><E133/><V13/><F13/><W79/><G79/><T18/><D8/><N who="1" m="4383" /><E134/><V27/><F27/><N who="0" m="10314" /><D37/><U5/><E56/><V30/><F30/><W116/><G116/><T1/><D26/><U109/><E109/><RYUUKYOKU ba="1,2" sc="235,-15,235,-15,255,15,255,15" hai2="34,35,42,43,44,47,54,69,71,81,83,129,130" hai3="0,2,6,9,12,52,53,62,64,70,72,77,80" /><INIT seed="2,2,2,2,1,41" ten="220,220,270,270" oya="2" hai0="118,5,77,42,53,58,84,10,19,102,31,62,29" hai1="88,22,73,26,43,86,100,16,6,54,70,66,89" hai2="95,44,45,78,1,135,115,106,27,125,96,13,47" hai3="74,9,0,36,21,122,132,25,11,34,38,75,113"/><V23/><F1/><W99/><G122/><T33/><D118/><U87/><E73/><V79/><F115/><W60/><G113/><T48/><D33/><U120/><E120/><V94/><F106/><W127/><G127/><T97/><D19/><U82/><E43/><V109/><F125/><W2/><G132/><T116/><D116/><U28/><E6/><V98/><F135/><W18/><G34/><T49/><D77/><N who="2" m="29194" /><F13/><W134/><G134/><T71/><D84/><U133/><E133/><V56/><F56/><W107/><G60/><T72/><D72/><N who="3" m="27689" /><G99/><N who="2" m="37929" /><F109/><W65/><G107/><T69/><D69/><U52/><E100/><V111/><F111/><W124/><G124/><T93/><D71/><U131/><E70/><V35/><F35/><W39/><G65/><T105/><D105/><U83/><E66/><V130/><F130/><W90/><G90/><T17/><D102/><U7/><E131/><V64/><F64/><W51/><G51/><T8/><D49/><U3/><E3/><AGARI ba="2,2" hai="0,2,3,9,11,18,21,25,36,38,39" m="27689" machi="3" ten="40,2600,0" yaku="26,2" doraHai="41" who="3" fromWho="1" sc="220,0,220,-32,270,0,270,52" /><INIT seed="3,0,0,1,2,69" ten="220,188,270,322" oya="3" hai0="32,42,65,99,123,51,78,7,9,64,108,114,77" hai1="113,85,102,133,3,105,91,68,55,135,80,87,11" hai2="126,16,35,122,132,101,82,110,24,79,106,104,86" hai3="84,125,59,76,124,28,38,75,119,18,20,57,5"/><W88/><G119/><T44/><D123/><U120/><E68/><V39/><F110/><W130/><G38/><T1/><D108/><U115/><E55/><V53/><F132/><N who="1" m="50761" /><E11/><V33/><F126/><N who="3" m="48747" /><G130/><T8/><D114/><N who="1" m="43531" /><E3/><V37/><F122/><W34/><G76/><T49/><D32/><U109/><E109/><V4/><F4/><W54/><G75/><T52/><D9/><U121/><E87/><V90/><F53/><W103/><G5/><T58/><REACH who="0" step="1"/><D99/><AGARI ba="0,0" hai="80,85,91,99,102,105,120,121" m="43531,50761" machi="99" ten="30,3900,0" yaku="20,1,34,2" doraHai="69" who="1" fromWho="0" sc="220,-39,188,39,270,0,322,0" owari="181,-31.9,227,-17.3,270,7.0,322,42.2" /></mjloggm>