<mjloggm ver="2.3"><GO type="225" lobby="0"/><UN n0="%E3%81%B5%E3%81%98%E3%81%8B%E3%81%A4" n1="%E3%81%AF%E3%82%88%E3%81%8A%E3%81%98%E3%81%95%E3%82%93" n2="%E3%81%A0%E3%81%8A" n3="%E5%B8%86%E7%AB%8B%E5%A4%8F%E8%A1%A3" dan="16,17,16,16" rate="2113.88,2236.11,2024.11,2107.75" sx="M,M,M,M"/><TAIKYOKU oya="0"/><INIT seed="0,0,0,0,4,73" ten="250,250,250,250" oya="0" hai0="111,78,117,102,124,88,0,24,40,99,21,14,48" hai1="89,126,74,116,118,4,114,9,33,123,46,20,5" hai2="54,87,93,32,51,7,43,79,107,37,129,56,65" hai3="108,101,81,72,70,53,6,15,77,58,128,61,105"/><T103/><D117/><U29/><E74/><V19/><F32/><W1/><G108/><T90/><D0/><U38/><E89/><V17/><F107/><W134/><G128/><T83/><D124/><U26/><E46/><V71/><F129/><W52/><G134/><T59/><D14/><U95/><E95/><V133/><F133/><W127/><G127/><T91/><D111/><U110/><E38/><V104/><F104/><W109/><G109/><T82/><D82/><U125/><E110/><V75/><F7/><W41/><G70/><T115/><D99/><U135/><E135/><V34/><F34/><W42/><G1/><T44/><D59/><U36/><E36/><V49/><F65/><W86/><G53/><T100/><D115/><U50/><E50/><V55/><F71/><W84/><G72/><T113/><D113/><U122/><E114/><V96/><F75/><W92/><G105/><T45/><D45/><U63/><E63/><V12/><F37/><W57/><G57/><T67/><D67/><U28/><E33/><V121/><F56/><W39/><G39/><T11/><D11/><U132/><E132/><V64/><F64/><W23/><G6/><N who="1" m="2666" /><E28/><V25/><F121/><N who="1" m="46089" /><E9/><V18/><F43/><W80/><G92/><T2/><D2/><U35/><E35/><V10/><F93/><W97/><G97/><T8/><D8/><U30/><E29/><V60/><F96/><W47/><G47/><T85/><D91/><U22/><E20/><V98/><F98/><W131/><G131/><T76/><D90/><U112/><E112/><V69/><F69/><RYUUKYOKU ba="0,0" sc="250,15,250,15,250,-15,250,-15" hai0="21,24,40,44,48,76,78,83,85,88,100,102,103" hai1="22,26,30,116,118,125,126" /><INIT seed="0,1,0,1,5,77" ten="265,265,235,235" oya="0" hai0="38,46,44,31,10,47,12,97,26,91,112,7,32" hai1="72,42,39,109,22,58,131,106,111,20,81,74,49" hai2="108,62,0,34,132,96,113,24,25,8,105,55,70" hai3="17,36,88,76,14,45,57,80,100,68,114,129,18"/><T90/><D112/><U92/><E106/><V102/><F113/><W110/><G114/><T115/><D115/><U104/><E104/><V50/><F108/><N who="1" m="41545" /><E131/><V1/><F132/><W52/><G110/><T127/><D127/><U122/><E122/><V86/><F86/><N who="3" m="50247" /><G68/><T116/><D116/><U19/><E39/><V124/><F124/><W67/><G36/><T13/><D38/><U40/><E92/><V37/><F37/><W4/><G76/><T27/><D97/><U84/><E58/><V95/><F95/><W2/><G2/><T60/><D60/><U98/><E98/><V29/><F25/><W28/><G28/><T51/><D27/><N who="1" m="14751" /><E22/><V41/><F8/><N who="3" m="4359" /><G129/><T63/><D63/><U117/><E117/><V87/><F62/><N who="3" m="38351" /><G100/><T82/><D13/><U119/><E119/><V5/><F102/><W30/><G30/><T53/><REACH who="0" step="1"/><D91/><REACH who="0" ten="255,265,235,235" step="2"/><N who="1" m="51599" /><E49/><AGARI ba="1,1" hai="17,18,45,49,52" m="38351,4359,50247" machi="49" ten="30,7700,0" yaku="8,1,52,1,54,2" doraHai="77" who="3" fromWho="1" sc="255,0,265,-80,235,0,235,90" /><INIT seed="1,0,0,5,4,93" ten="255,185,235,325" oya="1" hai0="62,80,97,112,8,102,108,91,82,69,95,5,103" hai1="1,41,114,19,29,47,34,92,17,132,89,115,32" hai2="71,125,48,122,130,86,99,90,45,126,50,37,83" hai3="39,111,28,124,74,18,72,10,94,2,57,117,27"/><U70/><E70/><V15/><F122/><W77/><G39/><T64/><D112/><U87/><E1/><V84/><F71/><W107/><G107/><T131/><D131/><U67/><E132/><V88/><F130/><W79/><G79/><T53/><D53/><U52/><E67/><V26/><F37/><W127/><G117/><T54/><D108/><U9/><E52/><N who="2" m="29711" /><F50/><W31/><G111/><T7/><D7/><U118/><E118/><V116/><F116/><W20/><G77/><T35/><D35/><U11/><E115/><V23/><F15/><W135/><G135/><T110/><D54/><U55/><E55/><V6/><F6/><N who="3" m="1367" /><G57/><T101/><REACH who="0" step="1"/><D110/><REACH who="0" ten="245,185,235,325" step="2"/><U66/><E114/><V22/><F126/><N who="3" m="48171" /><G94/><T43/><D43/><U51/><E66/><V75/><F125/><W133/><G133/><T100/><N who="0" m="25600" /><DORA hai="58" /><T104/><D104/><U96/><E32/><V73/><F83/><W109/><G109/><T81/><D81/><U3/><E3/><AGARI ba="0,1" hai="3,5,8,62,64,69,80,82,91,95,97" m="25600" machi="3" ten="50,6400,0" yaku="1,1,52,2,53,0" doraHai="93,58" doraHaiUra="120,128" who="0" fromWho="1" sc="245,74,185,-64,235,0,325,0" /><INIT seed="2,0,0,4,1,22" ten="319,121,235,325" oya="2" hai0="4,101,67,130,34,83,61,9,49,111,69,54,3" hai1="131,75,28,96,78,6,74,65,33,11,70,119,95" hai2="23,109,44,84,27,60,21,126,38,135,19,128,115" hai3="125,52,120,40,12,117,118,58,57,85,47,80,25"/><V134/><F115/><W35/><G120/><T46/><D130/><U110/><E119/><V102/><F128/><W108/><G108/><T1/><D111/><U129/><E110/><V132/><F109/><W56/><G125/><T94/><D34/><U133/><E133/><V90/><F126/><W100/><G118/><T114/><D114/><U113/><E113/><V50/><F38/><W88/><G117/><T64/><D64/><U7/><E131/><V93/><F102/><W15/><G100/><T116/><D116/><U41/><E129/><V13/><F60/><W59/><G35/><T42/><D83/><U45/><E65/><V82/><F82/><W71/><G25/><T89/><D101/><U2/><E6/><V43/><REACH who="2" step="1"/><F23/><REACH who="2" ten="319,121,225,325" step="2"/><W53/><G71/><T0/><D42/><U20/><E70/><V39/><F39/><W77/><G77/><T68/><D68/><U123/><E78/><V26/><AGARI ba="0,1" hai="13,19,21,26,27,43,44,50,84,90,93,132,134,135" machi="26" ten="40,12000,1" yaku="1,1,0,1,20,1,52,2,53,0" doraHai="22" doraHaiUra="30" who="2" fromWho="2" sc="319,-40,121,-40,225,130,325,-40" /><INIT seed="2,1,0,5,4,65" ten="279,81,355,285" oya="2" hai0="29,91,77,104,52,108,86,58,119,114,89,66,106" hai1="123,73,0,72,134,117,57,61,49,37,120,32,112" hai2="10,124,46,103,4,113,45,102,24,87,19,43,126" hai3="38,118,122,79,135,85,76,127,35,90,69,121,110"/><V59/><F113/><W128/><RYUUKYOKU type="yao9" ba="1,0" sc="279,0,81,0,355,0,285,0" hai3="35,38,69,76,79,85,90,110,118,121,122,127,128,135" /><INIT seed="2,2,0,0,4,64" ten="279,81,355,285" oya="2" hai0="14,109,113,75,57,32,110,55,49,50,20,81,135" hai1="114,7,83,58,106,24,118,29,84,23,47,85,19" hai2="37,134,70,0,15,42,66,129,45,25,80,79,120" hai3="111,88,116,39,4,73,1,10,72,52,8,96,89"/><V90/><F0/><W54/><G116/><T31/><D113/><U127/><E127/><V35/><F120/><W122/><G122/><T67/><D135/><U126/><E126/><V76/><F129/><W98/><G39/><T51/><D67/><U17/><E106/><V2/><F2/><W95/><G111/><N who="0" m="42507" /><D32/><U65/><E114/><V128/><F128/><W112/><G112/><T46/><D46/><U36/><E118/><V119/><F134/><W130/><G130/><T27/><D14/><U34/><E7/><V69/><F15/><W117/><G117/><T71/><D71/><U40/><E84/><V60/><F69/><W38/><G38/><T121/><D121/><U3/><E3/><V5/><F5/><W101/><G10/><T132/><D132/><U82/><E82/><V102/><F102/><W44/><G89/><T100/><D100/><U123/><E123/><V107/><F107/><W92/><REACH who="3" step="1"/><G44/><REACH who="3" ten="279,81,355,275" step="2"/><T105/><D105/><U63/><REACH who="1" step="1"/><E34/><REACH who="1" ten="279,71,355,275" step="2"/><V103/><F35/><W125/><G125/><T6/><D6/><U41/><E41/><V56/><F42/><W74/><AGARI ba="2,2" hai="1,4,8,52,54,72,73,74,88,92,95,96,98,101" machi="74" ten="30,7900,0" yaku="1,1,0,1,54,2,53,0" doraHai="64" doraHaiUra="26" who="3" fromWho="3" sc="279,-22,71,-22,355,-41,275,105" /><INIT seed="3,0,0,1,3,91" ten="257,49,314,380" oya="3" hai0="53,69,13,81,39,26,9,19,102,133,56,63,79" hai1="6,52,113,33,84,55,98,108,4,85,114,27,94" hai2="76,3,135,72,120,10,1,15,118,65,31,44,116" hai3="28,128,83,127,107,60,92,66,46,49,16,131,35"/><W75/><G107/><T57/><D133/><U121/><E121/><V87/><F135/><W24/><G127/><T77/><D39/><U68/><E68/><V47/><F120/><W106/><G106/><T86/><D69/><U74/><E74/><V64/><F72/><W124/><G124/><T119/><D119/><U17/><E108/><V71/><F71/><W104/><G104/><T42/><D42/><U80/><E113/><V12/><F87/><W20/><G83/><T30/><D102/><U38/><E38/><V103/><F103/><W125/><G75/><T122/><D122/><U96/><E114/><V21/><F21/><W109/><G109/><T111/><D111/><U132/><E132/><V88/><F10/><W25/><G125/><T22/><REACH who="0" step="1"/><D57/><REACH who="0" ten="247,49,314,380" step="2"/><U90/><E33/><V89/><REACH who="2" step="1"/><F31/><REACH who="2" ten="247,49,304,380" step="2"/><W2/><G28/><T129/><D129/><U51/><E4/><V117/><F117/><W115/><G131/><T97/><D97/><U123/><E6/><V7/><F7/><W62/><G128/><T54/><D54/><U59/><E123/><V101/><F101/><W130/><G130/><T93/><D93/><U36/><E36/><V58/><F58/><W5/><G92/><T105/><D105/><U95/><E55/><V8/><F8/><W70/><G115/><T134/><D134/><U110/><E110/><V67/><F67/><W100/><G66/><T29/><D29/><U23/><REACH who="1" step="1"/><E80/><REACH who="1" ten="247,39,304,380" step="2"/><V61/><F61/><W99/><G62/><T78/><AGARI ba="0,3" hai="9,13,19,22,26,30,53,56,63,77,78,79,81,86" machi="78" ten="20,8000,1" yaku="1,1,0,1,7,1,8,1,53,1" doraHai="91" doraHaiUra="11" who="0" fromWho="0" sc="247,110,39,-20,304,-20,380,-40" owari="357,45.7,19,-48.1,284,-11.6,340,14.0" /></mjloggm>