<mjloggm ver="2.3"><GO type="225" lobby="0"/><UN n0="%E3%81%BF%E3%81%BF%E3%81%9A" n1="%E6%97%A5%E5%A5%88%E6%A3%AE%E3%81%82%E3%82%80" n2="%33%74%72%65%65" n3="%E3%80%93%E3%81%97%E3%83%BC%E3%82%89%E3%80%93" dan="18,17,16,16" rate="2240.36,2134.09,2156.80,2163.00" sx="M,F,F,M"/><TAIKYOKU oya="0"/><INIT seed="0,0,0,2,3,26" ten="250,250,250,250" oya="0" hai0="13,86,85,23,28,11,64,46,14,59,60,132,81" hai1="20,16,2,31,37,19,45,58,7,0,54,125,105" hai2="99,41,111,120,36,50,108,130,98,68,5,44,27" hai3="123,43,97,15,9,80,134,3,1,119,104,12,61"/><T10/><D132/><U24/><E105/><V79/><F120/><W76/><G123/><T73/><D73/><U40/><E125/><V67/><F130/><W70/><G134/><T131/><D131/><U65/><E65/><V42/><F79/><W49/><G15/><T25/><D46/><U110/><E110/><N who="2" m="42027" /><F5/><W124/><G124/><T109/><D109/><U94/><E94/><V103/><F68/><W56/><G70/><T91/><D86/><U121/><E121/><V129/><F67/><W89/><G119/><T75/><D75/><U115/><E115/><V102/><F129/><W116/><G116/><T83/><D83/><U39/><E39/><V63/><F63/><W113/><G113/><T117/><D117/><U122/><E122/><V84/><F84/><W127/><G127/><T33/><D33/><U47/><E47/><N who="2" m="23975" /><F27/><W21/><G80/><T100/><D100/><AGARI ba="0,0" hai="42,44,50,98,99,100,102,103" m="23975,42027" machi="100" ten="30,1000,0" yaku="14,1" doraHai="26" who="2" fromWho="0" sc="250,-10,250,0,250,10,250,0" /><INIT seed="1,0,0,3,0,45" ten="240,250,260,250" oya="1" hai0="9,132,91,36,108,31,111,118,4,90,64,74,110" hai1="20,113,67,29,127,84,54,15,77,63,32,37,66" hai2="103,121,52,100,58,41,120,117,93,7,55,92,10" hai3="83,89,73,88,123,78,57,119,61,39,124,82,14"/><U133/><E113/><V85/><F117/><W122/><G39/><T25/><D118/><U22/><E37/><V96/><F41/><W126/><G119/><T30/><D132/><U26/><E127/><N who="3" m="48682" /><G14/><N who="0" m="5415" /><D36/><U128/><E128/><V97/><F85/><N who="3" m="50231" /><G89/><N who="0" m="33803" /><D64/><AGARI ba="0,0" hai="57,61,64,73,78,83,122,123" m="50231,48682" machi="64" ten="30,2000,0" yaku="18,1,54,1" doraHai="45" who="3" fromWho="0" sc="240,-20,250,0,260,0,250,20" /><INIT seed="2,0,0,0,5,68" ten="220,250,260,270" oya="2" hai0="59,54,93,16,23,42,26,48,1,32,47,117,49" hai1="107,10,51,79,119,3,17,97,74,73,112,98,55" hai2="38,52,37,8,33,82,70,91,56,50,21,102,124" hai3="135,121,41,132,40,90,72,20,122,18,100,6,31"/><V19/><F33/><W133/><G72/><T39/><D117/><U57/><E112/><V94/><F70/><W9/><G100/><T14/><D1/><U67/><E119/><V85/><F8/><W123/><G90/><T11/><D93/><U96/><E107/><V131/><F131/><W134/><N who="3" m="33792" /><DORA hai="115" /><W36/><G31/><T0/><D0/><U95/><E95/><V99/><REACH who="2" step="1"/><F124/><REACH who="2" ten="220,250,250,270" step="2"/><W104/><G122/><T15/><D32/><U12/><E3/><V62/><F62/><W120/><G121/><T78/><D78/><U106/><E106/><V13/><AGARI ba="0,1" hai="13,19,21,37,38,50,52,56,82,85,91,94,99,102" machi="13" ten="20,24000,3" yaku="1,1,0,1,7,1,52,2,54,1,53,2" doraHai="68,115" doraHaiUra="86,46" who="2" fromWho="2" sc="220,-80,250,-80,250,250,270,-80" /><INIT seed="2,1,0,0,0,59" ten="140,170,500,190" oya="2" hai0="85,88,10,24,9,17,120,55,100,72,68,126,49" hai1="74,13,54,29,89,34,83,45,22,116,3,96,84" hai2="2,38,7,36,33,48,109,47,11,73,103,104,125" hai3="39,14,64,0,98,105,117,106,41,35,95,101,131"/><V76/><F125/><W77/><G0/><T75/><D120/><U20/><E3/><V111/><F33/><W91/><G35/><T122/><D68/><U8/><E116/><V27/><F27/><W132/><G117/><T124/><D122/><U30/><E74/><V21/><F21/><N who="1" m="8297" /><E34/><V82/><F48/><W65/><G77/><T123/><D100/><U99/><E45/><V97/><REACH who="2" step="1"/><F47/><REACH who="2" ten="140,170,490,190" step="2"/><W51/><G51/><T1/><D123/><U12/><E30/><V63/><F63/><W130/><G130/><T114/><D24/><U110/><E29/><V133/><F133/><W31/><G132/><T92/><D124/><U121/><E121/><V127/><F127/><W28/><G31/><T42/><D126/><U19/><E110/><AGARI ba="1,1" hai="2,7,11,36,38,73,76,82,97,103,104,109,110,111" machi="110" ten="40,12000,1" yaku="1,1,14,1,10,1,23,2,53,0" doraHai="59" doraHaiUra="44" who="2" fromWho="1" sc="140,0,170,-123,490,133,190,0" /><INIT seed="2,2,0,2,5,66" ten="140,47,623,190" oya="2" hai0="55,25,69,50,3,18,83,6,80,81,107,33,115" hai1="121,95,135,43,79,132,59,13,124,64,108,57,0" hai2="113,91,2,31,48,126,105,38,68,19,104,44,82" hai3="112,46,28,1,96,22,78,67,24,73,125,49,98"/><V36/><F113/><W21/><G1/><T8/><D107/><U58/><E0/><V114/><F114/><W29/><G112/><T90/><D115/><U75/><E108/><V72/><F31/><W111/><G111/><T131/><D131/><U20/><E121/><V76/><F126/><W15/><G125/><T7/><D69/><U52/><E124/><V99/><F68/><W117/><G117/><T101/><D101/><U53/><E95/><V85/><F19/><N who="3" m="10495" /><G73/><T14/><D3/><U128/><E128/><V118/><F105/><W5/><G5/><N who="0" m="1547" /><D33/><U74/><E43/><V84/><F84/><W37/><G37/><T134/><D134/><N who="1" m="51243" /><E79/><V89/><F89/><W116/><G78/><T62/><D62/><U54/><E64/><V60/><F60/><W61/><G116/><T70/><D70/><U92/><E92/><N who="2" m="54383" /><F2/><W56/><G29/><T127/><D127/><U63/><E63/><V4/><F4/><W9/><G9/><T17/><D17/><AGARI ba="2,0" hai="13,17,20,52,53,54,57,58,59,74,75" m="51243" machi="17" ten="40,2600,0" yaku="20,1,54,1" doraHai="66" who="1" fromWho="0" sc="140,-32,47,32,623,0,190,0" /><INIT seed="3,0,0,2,1,33" ten="108,79,623,190" oya="3" hai0="103,48,20,78,98,29,27,128,63,113,125,11,56" hai1="58,131,66,87,91,90,127,10,117,31,30,2,46" hai2="53,102,8,32,7,41,28,65,120,133,112,35,106" hai3="37,88,17,38,45,74,119,83,73,82,62,13,115"/><W105/><G62/><T39/><D39/><U49/><E127/><V22/><F22/><W97/><G45/><T92/><D125/><U64/><E131/><V70/><F53/><W95/><G115/><T86/><D128/><U59/><E117/><V108/><F108/><W79/><G119/><T9/><D48/><U107/><E107/><V67/><F67/><W100/><G83/><N who="0" m="47479" /><D113/><U93/><E10/><V61/><F133/><W68/><G68/><T6/><D6/><U89/><E2/><N who="2" m="119" /><F120/><W4/><G4/><T23/><D23/><U118/><E118/><V124/><F124/><W16/><G74/><T40/><D40/><U122/><E122/><V81/><F81/><W5/><G5/><T12/><D12/><U54/><E87/><V19/><F35/><W114/><G114/><T111/><D111/><U104/><E104/><V72/><F72/><W76/><G76/><T96/><D96/><U25/><E93/><V21/><F61/><W130/><G130/><T116/><D116/><U99/><E99/><V36/><F70/><W84/><G17/><T34/><D34/><U55/><E46/><V121/><F32/><W14/><G14/><T24/><D24/><U132/><E132/><V1/><F19/><W42/><G42/><T51/><D51/><U57/><E49/><V109/><F41/><W60/><G60/><T15/><D15/><U50/><E50/><V80/><F112/><W126/><G126/><T52/><AGARI ba="0,0" hai="9,11,20,27,29,52,56,63,92,98,103" m="47479" machi="52" ten="30,2000,0" yaku="8,1,54,1" doraHai="33" who="0" fromWho="0" sc="108,20,79,-5,623,-5,190,-10" owari="128,-27.2,74,-42.6,618,71.8,180,-2.0" /></mjloggm>