<mjloggm ver="2.3"><GO type="225" lobby="0"/><UN n0="%E3%81%9F%E3%81%8C%E3%82%84%E3%81%99" n1="%6D%75%75%6D%75%72%61" n2="%E6%A0%B9%E5%85%83%E3%81%8B%E3%82%89%E5%90%B9%E3%81%A3%E9%A3%9B%E3%81%B6" n3="%E5%8F%AF%E5%85%90%E9%82%A3%E7%94%B1%E5%A4%9A" dan="17,16,17,16" rate="2184.19,2156.32,2230.19,2149.10" sx="M,F,F,F"/><TAIKYOKU oya="0"/><INIT seed="0,0,0,5,1,21" ten="250,250,250,250" oya="0" hai0="68,96,41,24,78,118,0,20,122,36,45,62,16" hai1="25,65,52,132,112,67,116,135,76,47,73,17,3" hai2="98,131,44,42,35,81,117,92,75,32,1,46,87" hai3="33,129,58,39,31,28,57,114,95,8,109,4,119"/><T128/><D0/><U5/><E116/><V104/><F131/><W72/><G119/><T102/><D118/><U38/><E112/><V107/><F1/><W94/><G114/><T80/><D122/><U49/><E38/><V121/><F121/><W79/><G39/><T37/><D128/><U51/><E73/><V12/><F117/><W10/><G129/><T15/><D37/><U27/><E76/><N who="2" m="44191" /><F44/><W11/><G109/><T29/><D62/><U7/><E17/><V9/><F9/><W125/><G125/><T54/><D54/><U100/><E100/><N who="2" m="62487" /><F12/><W88/><G72/><T130/><D68/><U105/><E105/><V99/><F46/><W2/><G79/><T56/><D56/><U113/><E113/><V115/><F42/><W53/><G58/><T60/><D60/><U86/><E3/><V22/><F22/><W63/><G95/><T93/><D130/><U103/><E103/><N who="2" m="62975" /><F115/><W40/><G40/><T82/><REACH who="0" step="1"/><D78/><REACH who="0" ten="240,250,250,250" step="2"/><U133/><E49/><V84/><F35/><AGARI ba="0,1" hai="15,16,20,24,29,35,36,41,45,80,82,93,96,102" machi="35" ten="30,18000,2" yaku="1,1,2,1,7,1,52,1,54,1,53,1" doraHai="21" doraHaiUra="19" who="0" fromWho="2" sc="240,190,250,0,250,-180,250,0" /><INIT seed="0,1,0,1,4,109" ten="430,250,70,250" oya="0" hai0="86,135,0,81,89,75,110,123,30,134,32,100,107" hai1="13,27,59,8,96,3,52,126,15,35,48,106,44" hai2="92,117,70,90,87,133,94,124,14,22,99,128,91" hai3="127,58,84,78,85,102,36,118,62,55,42,46,64"/><T2/><D30/><U1/><E126/><V80/><F70/><W5/><G118/><T39/><D32/><U34/><E44/><V73/><F14/><W130/><G127/><T71/><D2/><U108/><E108/><V33/><F22/><W69/><G130/><T68/><D0/><U47/><E35/><V12/><F12/><W19/><G5/><T111/><D39/><U61/><E34/><V83/><F33/><W77/><G102/><T79/><D68/><U9/><E27/><V23/><F23/><W53/><G53/><T26/><D71/><U131/><E131/><V43/><F43/><W45/><G45/><T105/><D26/><U7/><E96/><N who="2" m="57367" /><F133/><N who="0" m="50698" /><D123/><U65/><REACH who="1" step="1"/><E106/><REACH who="1" ten="430,240,70,250" step="2"/><N who="0" m="40457" /><D100/><U72/><E72/><V129/><F124/><W60/><REACH who="3" step="1"/><G19/><AGARI ba="1,1" hai="1,3,7,8,9,13,15,19,47,48,52,59,61,65" machi="19" ten="30,3900,0" yaku="1,1,7,1,54,1,53,0" doraHai="109" doraHaiUra="93" who="1" fromWho="3" sc="430,0,240,52,70,0,250,-42" /><INIT seed="1,0,0,3,5,113" ten="430,292,70,208" oya="1" hai0="111,40,96,78,3,118,33,109,73,1,92,80,65" hai1="105,54,110,94,120,22,66,56,63,13,79,127,18" hai2="38,7,72,10,49,103,4,132,37,90,130,30,71" hai3="121,75,2,135,9,52,101,28,82,91,11,42,99"/><U133/><E120/><V114/><F72/><W46/><G121/><T12/><D33/><U124/><E105/><V131/><F71/><W24/><G135/><T86/><D118/><U31/><E133/><V95/><F132/><W87/><G75/><T84/><D65/><U81/><E110/><N who="0" m="41993" /><D40/><U43/><E43/><V93/><F30/><W89/><G89/><N who="0" m="55311" /><D12/><U107/><E107/><V15/><F114/><W35/><G2/><AGARI ba="0,0" hai="1,2,3,73,78,80,84,86" m="55311,41993" machi="2" ten="30,1000,0" yaku="14,1" doraHai="113" who="0" fromWho="3" sc="430,10,292,0,70,0,208,-10" /><INIT seed="2,0,0,5,3,78" ten="440,292,70,198" oya="2" hai0="130,46,10,28,48,70,116,108,82,41,27,115,76" hai1="134,25,23,132,30,87,123,1,133,77,128,45,36" hai2="39,135,131,112,88,97,84,6,72,104,3,111,53" hai3="32,19,4,114,37,109,68,83,51,21,2,73,15"/><V49/><F112/><W124/><G37/><T86/><D70/><U16/><E1/><V34/><F34/><W94/><G68/><T119/><D115/><U106/><E106/><V67/><F39/><W59/><G114/><T60/><D60/><U50/><E36/><V113/><F113/><W89/><G109/><T9/><D108/><U101/><E101/><N who="2" m="62511" /><F111/><W74/><G32/><N who="0" m="20511" /><D130/><U13/><E128/><V92/><F131/><W120/><G120/><T22/><D22/><U64/><E123/><V26/><F26/><W105/><G105/><T11/><D11/><U100/><E100/><V47/><F67/><W8/><G83/><T129/><D129/><U24/><E64/><V42/><F6/><W12/><G2/><T98/><D98/><U81/><E30/><V56/><F3/><W29/><G29/><T44/><D44/><U62/><E62/><V93/><F72/><W122/><G122/><T80/><D9/><U18/><E18/><V57/><F92/><W0/><G0/><T90/><D10/><U95/><E95/><V103/><F103/><W127/><G74/><T69/><D69/><U118/><E118/><N who="0" m="45097" /><D76/><U65/><E65/><V126/><F126/><W102/><G102/><T5/><D5/><U7/><E7/><V33/><F33/><W75/><G75/><T14/><D14/><U79/><E79/><V17/><F17/><W58/><G73/><T54/><D41/><AGARI ba="0,0" hai="13,16,23,24,25,41,45,50,77,81,87,132,133,134" machi="41" ten="40,5200,0" yaku="20,1,52,1,54,1" doraHai="78" who="1" fromWho="0" sc="440,-52,292,52,70,0,198,0" /><INIT seed="3,0,0,2,2,28" ten="388,344,70,198" oya="3" hai0="92,118,17,88,9,81,134,36,60,30,126,56,39" hai1="110,79,70,21,104,53,123,131,71,37,13,29,116" hai2="133,130,8,45,1,84,119,103,2,96,27,86,34" hai3="25,95,127,69,46,65,108,106,7,14,24,20,49"/><W121/><G121/><T44/><D30/><U57/><E123/><V23/><F119/><W0/><G106/><T73/><D118/><U12/><E116/><V67/><F130/><W120/><G120/><T80/><D126/><U61/><E131/><V4/><F133/><W129/><G129/><T117/><D117/><U98/><E37/><V62/><F45/><W38/><G38/><T63/><D63/><U93/><E104/><V68/><F23/><W89/><G0/><T52/><D134/><U51/><E110/><V11/><F84/><W122/><G122/><T18/><D39/><U109/><E109/><V75/><F86/><W35/><G35/><T16/><D73/><U94/><E79/><V26/><F26/><W54/><G108/><T19/><D44/><U101/><E93/><V87/><F87/><W82/><G127/><T125/><D36/><U90/><E101/><V114/><F114/><W31/><G25/><T97/><D125/><U66/><E71/><V77/><F8/><W128/><G128/><T5/><N who="0" m="4096" /><DORA hai="85" /><T58/><REACH who="0" step="1"/><D56/><REACH who="0" ten="378,344,70,198" step="2"/><U72/><REACH who="1" step="1"/><E72/><REACH who="1" ten="378,334,70,198" step="2"/><V41/><F41/><W113/><G69/><T135/><D135/><U83/><E83/><V47/><F47/><W50/><G46/><T124/><D124/><U59/><E59/><V48/><F48/><W132/><G49/><T105/><D105/><U43/><E43/><V6/><F75/><W15/><G50/><T102/><D102/><U91/><E91/><V115/><F103/><W112/><G112/><T74/><D74/><U111/><E111/><V32/><F115/><W78/><G113/><RYUUKYOKU ba="0,2" sc="378,15,334,15,70,-15,198,-15" hai0="5,9,52,58,60,80,81,88,92,97" hai1="12,13,21,29,51,53,57,61,66,70,90,94,98" owari="413,51.3,349,14.9,55,-44.5,183,-21.7" /></mjloggm>