<mjloggm ver="2.3"><GO type="225" lobby="0"/><UN n0="%E6%9D%B1%E9%A2%A8%E3%81%AE%E3%81%8D%E3%82%83%E3%81%B7%E3%81%95%E3%82%93" n1="%33%74%72%65%65" n2="%E4%BF%BA%E3%81%A8%E5%A6%96%E5%A4%A2" n3="%E3%81%86%E3%81%A3%E3%81%97%E3%83%BC%30%30" dan="17,16,17,17" rate="2178.91,2137.67,2174.29,2195.52" sx="M,F,F,M"/><TAIKYOKU oya="0"/><INIT seed="0,0,0,1,1,18" ten="250,250,250,250" oya="0" hai0="73,125,69,28,54,83,24,120,106,27,17,67,134" hai1="22,31,5,66,13,114,61,11,59,15,113,105,82" hai2="76,8,97,119,16,20,109,124,48,50,64,79,55" hai3="62,41,102,70,74,26,37,129,116,88,107,0,84"/><T10/><D106/><U58/><E105/><V104/><F109/><W7/><G74/><T122/><D134/><U53/><E82/><V127/><F119/><W51/><G37/><T98/><D125/><N who="2" m="48202" /><F64/><W80/><G116/><T108/><D98/><U130/><E130/><V30/><F30/><W36/><G36/><T89/><D108/><U126/><E126/><V14/><F8/><W91/><G91/><T93/><D54/><U12/><E113/><V52/><F50/><W115/><G7/><T35/><D67/><U86/><E114/><V117/><F117/><W39/><G0/><T123/><D69/><U46/><E46/><N who="2" m="27671" /><F55/><W90/><G51/><T40/><D40/><U118/><E118/><V77/><F77/><W81/><G41/><T3/><D3/><U103/><E53/><V110/><F110/><W72/><G62/><T42/><D42/><U43/><E43/><V75/><F75/><W60/><G60/><T63/><D63/><U132/><E58/><V57/><F57/><W111/><G72/><T128/><D128/><U96/><E132/><V33/><F33/><W133/><G133/><T65/><D65/><U131/><E131/><V23/><F23/><W112/><G111/><T2/><D2/><U32/><E32/><V34/><F34/><W6/><G129/><T25/><D10/><U49/><E49/><V4/><F4/><W78/><G39/><T95/><D17/><U92/><E86/><V68/><F68/><W135/><G115/><T29/><D35/><U9/><E9/><V87/><F87/><W38/><G112/><T56/><D122/><RYUUKYOKU ba="0,0" sc="250,-15,250,15,250,15,250,-15" hai1="5,11,12,13,15,22,31,59,61,66,92,96,103" hai2="14,16,20,76,79,97,104" /><INIT seed="1,1,0,0,3,92" ten="235,265,265,235" oya="1" hai0="40,127,21,49,13,89,18,6,24,9,69,88,27" hai1="28,120,39,126,54,104,10,0,3,82,5,33,105" hai2="99,109,4,23,66,62,87,91,68,129,128,16,112" hai3="117,115,135,97,124,50,108,17,51,81,85,103,65"/><U118/><E118/><V47/><F109/><W76/><G115/><T133/><D133/><U44/><BYE who="0" /><E120/><UN n0="%E6%9D%B1%E9%A2%A8%E3%81%AE%E3%81%8D%E3%82%83%E3%81%B7%E3%81%95%E3%82%93" /><V42/><F112/><W80/><G80/><T116/><BYE who="3" /><D69/><U53/><E126/><V61/><F4/><W132/><G132/><T22/><D116/><U119/><E119/><V34/><F34/><W41/><G41/><T56/><D127/><U38/><E0/><V1/><F1/><W73/><G73/><T32/><D32/><U25/><E39/><V36/><F62/><W45/><G45/><T8/><D8/><U70/><E70/><UN n3="%E3%81%86%E3%81%A3%E3%81%97%E3%83%BC%30%30" /><V106/><F106/><W110/><G135/><T43/><D56/><U134/><E134/><V20/><F99/><W102/><G102/><T96/><D49/><U107/><REACH who="1" step="1"/><E82/><REACH who="1" ten="235,255,265,235" step="2"/><V79/><F36/><W37/><G81/><T95/><REACH who="0" step="1"/><D89/><REACH who="0" ten="225,255,265,235" step="2"/><U123/><E123/><V114/><F91/><W57/><G117/><T74/><D74/><U60/><E60/><V67/><F61/><W131/><G124/><T48/><D48/><U26/><E26/><N who="2" m="14599" /><F68/><W2/><G51/><T113/><D113/><U46/><E46/><V94/><F114/><W125/><G50/><T83/><D83/><U63/><E63/><V29/><F47/><W19/><G37/><T98/><D98/><U78/><E78/><V71/><F71/><W77/><G77/><T31/><AGARI ba="1,2" hai="6,9,13,18,21,22,24,27,31,40,43,88,95,96" machi="31" ten="20,12000,2" yaku="1,1,0,1,7,1,8,1,52,1,54,1,53,1" doraHai="92" doraHaiUra="93" who="0" fromWho="0" sc="225,143,255,-61,265,-31,235,-31" /><INIT seed="2,0,0,3,2,59" ten="368,194,234,204" oya="2" hai0="64,71,33,5,65,38,3,75,67,114,98,11,15" hai1="83,122,101,131,132,93,48,111,60,77,20,4,13" hai2="102,68,62,89,47,96,135,121,100,42,21,104,1" hai3="16,57,29,46,31,72,109,134,18,6,95,17,116"/><V127/><F121/><W129/><G116/><T87/><D114/><U27/><E122/><V113/><F113/><W120/><G120/><T99/><D75/><U51/><E111/><V12/><F1/><W107/><G107/><T55/><D33/><U25/><E131/><V63/><F135/><W124/><G109/><T35/><D35/><U94/><E132/><V7/><F127/><W103/><G103/><BYE who="3" /><T40/><D71/><U130/><E130/><V123/><F123/><W128/><G128/><T73/><D73/><U24/><E83/><UN n3="%E3%81%86%E3%81%A3%E3%81%97%E3%83%BC%30%30" /><V74/><F74/><W66/><G72/><T2/><D87/><U19/><E77/><V54/><F54/><W50/><G124/><T80/><D80/><U28/><E28/><V125/><F68/><W84/><G6/><T119/><D119/><U34/><E34/><V37/><F102/><W110/><G110/><T88/><D55/><U112/><E112/><V108/><F125/><W45/><G45/><T105/><D105/><U97/><E4/><V22/><F108/><W49/><G49/><N who="1" m="19018" /><E93/><V115/><F115/><W58/><G58/><T39/><D40/><U44/><E44/><V69/><F69/><W126/><G134/><T36/><D99/><U78/><E78/><V30/><F89/><N who="3" m="53671" /><G129/><T133/><D133/><U41/><E41/><V118/><F118/><W43/><G126/><T10/><D10/><U82/><E82/><V9/><REACH who="2" step="1"/><F30/><REACH who="2" ten="368,194,224,204" step="2"/><W76/><G76/><T52/><D52/><U14/><E101/><V0/><F0/><W106/><G106/><T91/><D91/><U8/><E19/><V86/><F86/><RYUUKYOKU ba="0,1" sc="368,10,194,-30,224,10,204,10" hai0="2,3,5,11,15,36,38,39,64,65,67,88,98" hai2="7,9,12,21,22,37,42,47,62,63,96,100,104" hai3="16,17,18,29,31,43,46,50,57,66" /><INIT seed="2,1,1,0,2,112" ten="378,164,234,214" oya="2" hai0="49,102,57,68,67,4,50,21,90,45,33,92,132" hai1="22,5,117,127,131,79,135,75,66,35,120,55,19" hai2="17,48,89,37,87,11,10,94,93,72,99,63,88" hai3="60,125,44,114,100,78,40,18,30,65,3,116,86"/><V61/><F37/><W7/><G114/><T39/><D33/><U29/><E66/><V26/><F72/><W98/><G125/><T54/><D102/><U126/><E79/><V130/><F130/><W124/><G124/><N who="1" m="47658" /><E75/><V109/><F109/><W53/><G53/><T58/><D132/><U62/><E131/><V133/><F133/><W97/><G30/><T15/><D39/><U69/><E135/><V95/><F95/><W6/><G18/><T80/><D80/><U71/><E120/><V42/><F26/><W113/><G3/><T46/><D68/><N who="1" m="26187" /><E5/><V81/><F81/><W34/><G7/><T91/><D67/><U74/><E74/><V8/><REACH who="2" step="1"/><F17/><REACH who="2" ten="378,164,224,214" step="2"/><W129/><G129/><T41/><D4/><U1/><E117/><V59/><F59/><N who="0" m="22538" /><D92/><U121/><E121/><V83/><F83/><W16/><G116/><T13/><D13/><N who="1" m="9583" /><E1/><V31/><F31/><W51/><G113/><T104/><D104/><U115/><E115/><V23/><F23/><W106/><G106/><T73/><D73/><U122/><E122/><V101/><F101/><W119/><G100/><T36/><D36/><U77/><E29/><V43/><F43/><W118/><G40/><T105/><D105/><U47/><E35/><V28/><F28/><W110/><G34/><T14/><D14/><U0/><E0/><V12/><F12/><W76/><G6/><T70/><D70/><U123/><E123/><V24/><F24/><W111/><G119/><T2/><D2/><U9/><E9/><V134/><F134/><W84/><G118/><T82/><D82/><U56/><E77/><RYUUKYOKU ba="1,2" sc="378,10,164,10,224,10,214,-30" hai0="15,21,41,45,46,49,50,54,90,91" hai1="47,55,56,62" hai2="8,10,11,42,48,61,63,87,88,89,93,94,99" /><INIT seed="2,2,2,0,1,103" ten="388,174,234,184" oya="2" hai0="41,78,17,128,116,11,96,98,24,119,21,28,55" hai1="35,14,123,13,87,18,104,66,90,105,106,120,84" hai2="0,118,32,67,10,37,25,30,122,68,125,7,135" hai3="40,63,64,113,56,73,94,117,42,36,61,39,45"/><V89/><F118/><N who="0" m="45098" /><D128/><U133/><E133/><V23/><F122/><N who="1" m="46633" /><E35/><V8/><F37/><W101/><G73/><T22/><D41/><U88/><E66/><V43/><F43/><W110/><G117/><T54/><D78/><U107/><N who="1" m="26624" /><DORA hai="44" /><U97/><E97/><N who="0" m="37481" /><D11/><N who="2" m="4138" /><F23/><W38/><G42/><T93/><D93/><N who="1" m="54407" /><E18/><V114/><F67/><W9/><G64/><T29/><D29/><U16/><E16/><V26/><F30/><W92/><G39/><T49/><D49/><U127/><E127/><V83/><F32/><W6/><G38/><T131/><D131/><U86/><E86/><V60/><F125/><W71/><G36/><T91/><D91/><U77/><E77/><V115/><F89/><W58/><G71/><T85/><D85/><U108/><E108/><V132/><F68/><W48/><G110/><T57/><D57/><U50/><E50/><V3/><F132/><W62/><G58/><T112/><D112/><U109/><E109/><V100/><F135/><W70/><G56/><T79/><D79/><U1/><E1/><V33/><F0/><W15/><G113/><T74/><D74/><U46/><E46/><V5/><F3/><W19/><G70/><T129/><D129/><U47/><E47/><V20/><F33/><W65/><G65/><T27/><AGARI ba="2,2" hai="17,21,22,24,27,28,54,55" m="37481,45098" machi="27" ten="30,1100,0" yaku="12,1" doraHai="103,44" who="0" fromWho="0" sc="388,37,174,-5,234,-7,184,-5" /><INIT seed="3,0,0,1,0,70" ten="425,169,227,179" oya="3" hai0="9,99,52,127,134,31,67,15,43,126,46,100,11" hai1="51,21,79,62,40,3,13,132,115,23,22,48,50" hai2="34,125,20,1,130,92,30,89,12,112,120,2,19" hai3="105,81,18,72,117,14,75,103,58,76,114,85,65"/><W57/><G114/><T45/><D67/><U29/><E3/><V77/><F112/><W83/><G117/><T101/><D31/><U122/><E122/><V121/><F130/><W33/><G33/><T91/><D134/><U56/><E115/><V42/><F77/><W124/><G124/><N who="0" m="47659" /><D9/><U107/><E132/><V7/><F42/><W74/><G81/><T116/><D116/><U54/><E107/><V16/><F19/><W133/><G133/><T64/><D64/><U90/><E79/><V35/><F125/><W37/><G37/><N who="0" m="21743" /><D91/><U47/><E29/><V80/><F30/><W128/><G128/><T78/><D78/><U26/><E26/><V113/><F113/><W104/><G65/><T36/><D99/><U38/><REACH who="1" step="1"/><E90/><REACH who="1" ten="425,159,227,179" step="2"/><V5/><F1/><W60/><G76/><T4/><D36/><U24/><E24/><V96/><F2/><W27/><G27/><T123/><D123/><U97/><E97/><V111/><F121/><W93/><G75/><T49/><AGARI ba="0,1" hai="4,11,15,46,49,52,100,101" m="21743,47659" machi="49" ten="30,4000,0" yaku="18,1,52,1,54,1" doraHai="70" who="0" fromWho="0" sc="425,50,159,-10,227,-10,179,-20" owari="475,57.5,149,-35.1,217,1.7,159,-24.1" /></mjloggm>