<mjloggm ver="2.3"><GO type="225" lobby="0"/><UN n0="%E8%83%83%E3%81%A8%E8%85%B8" n1="%E3%81%BF%E3%81%BF%E3%81%9A" n2="%E3%80%93%E3%81%97%E3%83%BC%E3%82%89%E3%80%93" n3="%E3%81%B5%E3%81%98%E3%81%8B%E3%81%A4" dan="17,17,16,16" rate="2175.52,2245.80,2076.92,2207.64" sx="M,M,M,M"/><TAIKYOKU oya="0"/><INIT seed="0,0,0,0,0,23" ten="250,250,250,250" oya="0" hai0="42,125,85,60,40,66,52,4,116,114,113,41,133" hai1="25,71,124,28,109,51,110,55,59,115,54,99,101" hai2="100,88,73,121,94,95,104,69,7,13,84,58,106" hai3="11,68,36,118,16,49,108,92,127,50,0,126,131"/><T112/><D116/><U67/><E124/><N who="3" m="47658" /><G118/><T61/><D125/><U18/><E18/><V78/><F69/><W75/><G36/><T77/><D133/><U129/><E129/><V128/><F58/><W32/><G131/><T38/><D4/><U45/><E115/><V10/><F128/><W82/><G68/><N who="0" m="42055" /><D85/><U98/><E67/><V8/><F121/><W33/><G92/><T119/><D77/><U76/><E76/><V130/><F130/><W57/><G82/><T80/><D80/><U19/><E19/><V87/><F73/><W117/><G75/><T102/><D102/><U74/><E71/><V89/><F78/><W62/><G50/><T5/><D5/><U1/><E1/><V81/><F81/><W26/><G49/><T37/><D119/><U34/><E74/><V46/><F100/><W27/><G117/><T53/><D61/><N who="1" m="36087" /><E101/><V103/><F103/><W63/><G108/><AGARI ba="0,0" hai="25,28,34,45,51,55,98,99,108,109,110" m="36087" machi="108" ten="30,2000,0" yaku="14,1,52,1" doraHai="23" who="1" fromWho="3" sc="250,0,250,20,250,0,250,-20" /><INIT seed="1,0,0,1,0,78" ten="250,270,250,230" oya="1" hai0="81,68,75,97,6,63,12,131,87,134,15,119,74" hai1="8,121,115,103,22,127,111,85,104,125,33,17,108" hai2="1,133,69,107,49,45,34,5,65,93,109,50,54" hai3="55,135,98,130,91,124,39,10,100,71,62,123,59"/><U105/><E33/><V101/><F107/><N who="1" m="41033" /><E103/><V90/><F101/><W0/><G123/><T77/><D97/><U11/><E121/><V128/><F34/><W13/><G124/><N who="1" m="47690" /><E115/><V27/><F27/><W53/><G135/><T52/><D134/><U35/><E35/><V23/><F133/><W61/><G130/><T132/><D131/><U3/><E85/><V114/><F23/><W106/><G0/><T118/><D132/><U129/><E129/><V37/><F128/><W29/><G29/><T92/><D68/><U67/><E67/><V9/><F114/><W47/><G71/><T126/><D126/><U51/><E51/><V32/><F32/><W76/><G39/><T31/><D31/><U40/><E40/><V38/><F65/><W86/><G86/><T89/><D74/><U46/><E46/><V44/><F69/><W2/><G47/><T102/><D102/><U95/><E95/><V83/><F93/><W117/><G106/><T56/><REACH who="0" step="1"/><D6/><REACH who="0" ten="240,270,250,230" step="2"/><N who="1" m="1119" /><E11/><V21/><F9/><W30/><G10/><T48/><D48/><U110/><E22/><V122/><F21/><W112/><G100/><T20/><D20/><U25/><E17/><V113/><F50/><W88/><G112/><T66/><D66/><U116/><E25/><V82/><F113/><W80/><G30/><T4/><D4/><U36/><E36/><V43/><F38/><W58/><G98/><T7/><D7/><U84/><E84/><V14/><F122/><W99/><G99/><T16/><D16/><U73/><E73/><V64/><F37/><W42/><G42/><T18/><D18/><RYUUKYOKU ba="0,1" sc="240,15,270,15,250,-15,230,-15" hai0="12,15,52,56,63,75,77,81,87,89,92,118,119" hai1="108,110,111,116" /><INIT seed="1,1,1,5,2,126" ten="255,285,235,215" oya="1" hai0="58,96,23,133,83,103,37,98,135,15,76,34,116" hai1="102,71,72,43,48,82,125,3,117,90,67,63,7" hai2="108,44,68,10,86,18,100,79,52,12,42,27,93" hai3="124,56,31,110,123,4,35,118,60,65,0,51,134"/><U113/><E113/><V120/><F68/><W36/><G123/><T22/><D34/><U107/><E117/><V38/><F120/><W39/><G118/><T24/><D116/><U122/><E122/><V131/><F108/><W111/><G124/><T64/><D37/><U132/><E125/><V81/><F131/><W99/><G134/><N who="0" m="51211" /><D15/><U26/><E132/><V47/><F27/><N who="3" m="18943" /><G99/><N who="0" m="37931" /><D103/><U88/><E107/><V109/><F109/><N who="3" m="41483" /><G51/><T30/><D23/><U91/><E102/><V121/><F121/><W128/><G128/><T29/><D64/><U97/><E26/><V70/><F70/><W20/><G20/><T57/><D30/><U89/><E97/><N who="2" m="59439" /><F38/><W9/><AGARI ba="1,1" hai="0,4,9,36,39,56,60,65" m="41483,18943" machi="9" ten="30,1100,0" yaku="14,1" doraHai="126" who="3" fromWho="3" sc="255,-4,285,-6,235,-4,215,24" /><INIT seed="2,0,0,3,2,122" ten="251,279,231,239" oya="2" hai0="75,40,62,114,14,125,116,46,3,6,105,77,135" hai1="2,11,38,81,76,92,64,124,9,103,100,87,79" hai2="93,43,118,84,130,97,29,128,65,132,44,21,123" hai3="133,15,127,37,95,113,4,5,25,107,117,45,69"/><V134/><F123/><W56/><G117/><T51/><D114/><U47/><E124/><V94/><F118/><W22/><G113/><T108/><D116/><U129/><E129/><N who="2" m="49771" /><F65/><W7/><G69/><T70/><D125/><U72/><E64/><V30/><F84/><W88/><G107/><T13/><D105/><U71/><E71/><V27/><F30/><W101/><G127/><T58/><D70/><U109/><E109/><V28/><F28/><N who="3" m="17463" /><G37/><T78/><D135/><N who="2" m="51754" /><F97/><N who="3" m="57575" /><G133/><T60/><D75/><U91/><E79/><V52/><F52/><W63/><G101/><T10/><D78/><U57/><E57/><V102/><F102/><W26/><G26/><T121/><D77/><U53/><E53/><V131/><N who="2" m="49779" /><V98/><DORA hai="18" /><F98/><W68/><G45/><T120/><D58/><U106/><E103/><V8/><F8/><N who="3" m="4487" /><G68/><T31/><D31/><U99/><E11/><V66/><F66/><AGARI ba="0,0" hai="5,7,56,63,66" m="4487,57575,17463" machi="66" ten="30,3900,0" yaku="8,1,52,1,54,1" doraHai="122,18" who="3" fromWho="2" sc="251,0,279,0,231,-39,239,39" /><INIT seed="3,0,0,0,0,85" ten="251,279,192,278" oya="3" hai0="88,5,74,91,106,112,75,0,33,84,45,40,20" hai1="10,130,41,117,95,100,53,131,78,72,19,79,24" hai2="76,39,63,133,81,32,70,46,47,135,27,69,110" hai3="38,98,125,124,22,60,29,9,7,43,3,73,108"/><W21/><G73/><T57/><D33/><U107/><E41/><N who="2" m="22847" /><F27/><N who="3" m="16623" /><G60/><T127/><D106/><U109/><E109/><V14/><F14/><W31/><G98/><T104/><D104/><U59/><E107/><V116/><F32/><W132/><G43/><T87/><D127/><N who="3" m="48713" /><G38/><T58/><D112/><U61/><E72/><V49/><F81/><W128/><G108/><T94/><D74/><U2/><E117/><V97/><F97/><W66/><G66/><T90/><D75/><U67/><E67/><N who="2" m="41215" /><F76/><W118/><G118/><T35/><D35/><U120/><E78/><V121/><F116/><W13/><G132/><N who="2" m="50761" /><F110/><W28/><G128/><T93/><D20/><U89/><E130/><V54/><F70/><W15/><G3/><T113/><D113/><U83/><E100/><V71/><F71/><W8/><G22/><T23/><D23/><N who="1" m="13439" /><E2/><V77/><F77/><W96/><G96/><T102/><D102/><U48/><E79/><V119/><F119/><W50/><G50/><N who="0" m="26919" /><D0/><U105/><E48/><V123/><AGARI ba="0,0" hai="47,49,54,121,123" m="50761,41215,22847" machi="123" ten="30,4000,0" yaku="20,1,34,2" doraHai="85" who="2" fromWho="2" sc="251,-10,279,-10,192,40,278,-20" /><INIT seed="4,0,0,2,4,16" ten="241,269,232,258" oya="0" hai0="24,14,120,31,92,27,53,36,79,114,134,51,82" hai1="8,6,88,3,124,101,22,39,37,34,78,44,30" hai2="128,52,135,111,85,55,11,95,125,74,131,35,69" hai3="65,5,17,58,87,62,32,4,76,89,43,107,2"/><T100/><D120/><U127/><E101/><V115/><F35/><W84/><G107/><T12/><D36/><U61/><E34/><V20/><F74/><W26/><G32/><T15/><D114/><U49/><E78/><V19/><F115/><W73/><G73/><T102/><D134/><U90/><E61/><V105/><F105/><W98/><G43/><T1/><D1/><U42/><E39/><V64/><F11/><W21/><G2/><T38/><D38/><U104/><E104/><V116/><F135/><W57/><G98/><T94/><D102/><U126/><E37/><V103/><F111/><W71/><G71/><T68/><D68/><U40/><E40/><V99/><F85/><W33/><G33/><T118/><D118/><U109/><E109/><V67/><F125/><W108/><G108/><T130/><D130/><N who="2" m="49706" /><F116/><W59/><G76/><T63/><D63/><U75/><E75/><V45/><F69/><W72/><G72/><T113/><D113/><U96/><E96/><V93/><F93/><N who="0" m="35946" /><D100/><U48/><E48/><N who="2" m="28687" /><F55/><W50/><G50/><T121/><D121/><U66/><E66/><V122/><F122/><W86/><G89/><T54/><D54/><U0/><E3/><V77/><F77/><W29/><G65/><T106/><D106/><U129/><E129/><V56/><F56/><W28/><G62/><T112/><D112/><U18/><E90/><V23/><F23/><N who="3" m="15455" /><G29/><T81/><D31/><U10/><E88/><V80/><F80/><N who="0" m="30826" /><D79/><U47/><E30/><V25/><AGARI ba="0,0" hai="19,20,25,64,67,95,99,103" m="28687,49706" machi="25" ten="30,4000,0" yaku="19,1,52,1,54,1" doraHai="16" who="2" fromWho="2" sc="241,-20,269,-10,232,40,258,-10" /><INIT seed="5,0,0,0,0,11" ten="221,259,272,248" oya="1" hai0="39,63,111,50,102,118,96,123,9,46,51,4,29" hai1="20,69,116,92,107,43,112,44,97,110,133,2,74" hai2="117,14,37,26,60,83,45,73,22,128,49,31,55" hai3="41,36,119,8,7,5,64,129,27,84,86,127,56"/><U90/><E116/><V66/><F128/><W62/><G119/><T131/><D118/><U89/><E2/><V48/><F117/><W132/><G129/><T19/><D131/><U15/><E69/><V59/><F37/><W18/><G127/><T95/><D111/><U88/><E74/><V130/><F130/><W24/><G132/><T32/><D123/><U87/><E110/><V54/><F73/><W100/><G100/><T94/><D19/><N who="1" m="10367" /><E107/><V93/><F83/><W52/><G5/><T81/><D81/><N who="1" m="49263" /><E112/><V13/><F93/><W106/><G106/><T58/><D94/><U80/><E133/><V126/><F126/><W35/><G35/><T134/><D134/><U101/><E80/><V25/><F25/><W79/><G27/><T28/><D39/><U65/><E65/><V68/><AGARI ba="0,0" hai="13,14,22,26,31,45,48,49,54,55,59,60,66,68" machi="68" ten="20,5200,0" yaku="0,1,7,1,52,2" doraHai="11" who="2" fromWho="2" sc="221,-13,259,-26,272,52,248,-13" owari="208,-29.2,233,-16.7,324,42.4,235,3.5" /></mjloggm>