<mjloggm ver="2.3"><GO type="225" lobby="0"/><UN n0="%E9%95%B7%E5%B7%9E%E3%81%AE%E5%85%8B" n1="%4B%2E%32%2E%4B%2E" n2="%E5%8D%A0%E3%81%84%E5%B8%AB%E8%A3%8F%E3%81%AA%E3%81%84%E3%81%97" n3="%E9%BB%99%E8%81%B4%E3%81%AE%E3%81%99%E3%82%9D%E3%82%81" dan="16,17,17,16" rate="2065.66,2199.44,2197.07,2131.21" sx="M,M,M,M"/><TAIKYOKU oya="0"/><INIT seed="0,0,0,0,4,104" ten="250,250,250,250" oya="0" hai0="131,128,97,43,124,106,78,6,22,110,62,26,126" hai1="9,13,61,29,34,119,76,132,5,31,7,27,90" hai2="28,70,89,18,44,127,87,23,2,121,103,129,17" hai3="77,42,125,30,60,10,135,86,12,39,48,88,75"/><T92/><D106/><U68/><E119/><V35/><F121/><W57/><G39/><T53/><D43/><U14/><E132/><V59/><F70/><W120/><G125/><N who="0" m="48235" /><D78/><U45/><E76/><V8/><F127/><W63/><G135/><T112/><D6/><U101/><E101/><V102/><F129/><W16/><G30/><T107/><D107/><U98/><E45/><V74/><F44/><W115/><G115/><T40/><D40/><U73/><E68/><V79/><F35/><W117/><G117/><T69/><D112/><U36/><E61/><V54/><F2/><W99/><G120/><T3/><D3/><U81/><E36/><V65/><F65/><W80/><G99/><T51/><D69/><U25/><E98/><V93/><F28/><W50/><G42/><T105/><D105/><U0/><E90/><V55/><F55/><W64/><G63/><T4/><D4/><N who="1" m="1159" /><E81/><AGARI ba="0,0" hai="10,12,16,48,50,57,60,64,75,77,80,81,86,88" machi="81" ten="30,7700,0" yaku="7,1,52,1,54,2" doraHai="104" who="3" fromWho="1" sc="250,0,250,-77,250,0,250,77" /><INIT seed="1,0,0,5,5,86" ten="250,173,250,327" oya="1" hai0="93,101,126,17,94,14,67,59,97,49,80,57,88" hai1="35,123,55,117,60,129,107,1,69,22,134,92,81" hai2="47,7,108,20,13,33,61,37,21,58,68,66,118" hai3="76,45,99,91,11,119,95,84,32,54,65,16,124"/><U53/><E123/><V133/><F118/><W132/><G32/><T28/><D126/><U115/><E117/><V82/><F33/><W64/><G132/><T89/><D28/><U128/><E115/><V109/><F133/><W122/><G122/><T41/><D67/><N who="1" m="41191" /><E35/><V25/><F68/><W44/><G124/><T27/><D27/><U10/><E134/><V36/><F47/><N who="3" m="17995" /><G54/><N who="1" m="20490" /><E107/><V87/><F7/><W29/><G29/><T130/><D130/><N who="1" m="50283" /><E22/><V116/><F13/><N who="3" m="7231" /><G119/><T79/><D41/><U131/><N who="1" m="50291" /><U50/><DORA hai="78" /><E50/><V63/><F116/><W75/><G75/><T2/><D49/><U46/><E46/><V24/><F20/><W9/><G9/><T85/><D2/><U113/><E113/><V42/><F42/><W83/><AGARI ba="0,0" hai="64,65,76,83,84,91,95,99" m="7231,17995" machi="83" ten="30,7900,0" yaku="8,1,52,2,54,1" doraHai="86,78" who="3" fromWho="3" sc="250,-20,173,-39,250,-20,327,79" /><INIT seed="2,0,0,4,4,76" ten="230,134,230,406" oya="2" hai0="23,49,62,128,67,111,103,28,89,90,74,37,54" hai1="4,57,83,64,102,40,88,38,71,5,15,116,13" hai2="106,82,22,110,85,17,96,133,26,109,65,44,27" hai3="14,69,42,132,108,94,24,87,77,121,39,129,115"/><V50/><F133/><W55/><G121/><T33/><D33/><U70/><E116/><V122/><F122/><W25/><G69/><T134/><D37/><U86/><E38/><V125/><F65/><W11/><G108/><N who="2" m="41577" /><F125/><W8/><G39/><T104/><D128/><U130/><E130/><V131/><F131/><W79/><G42/><T113/><D134/><U19/><E40/><N who="2" m="24839" /><F96/><W120/><G120/><T18/><D113/><U91/><E71/><V92/><F92/><W107/><G107/><T118/><D28/><U47/><E47/><V48/><F48/><W2/><G132/><T114/><D118/><U119/><E119/><V16/><F106/><W124/><G124/><T29/><D114/><U58/><E70/><V93/><F93/><W7/><G115/><T112/><D112/><U117/><E117/><V30/><F26/><W1/><G94/><T80/><D111/><U135/><E135/><V73/><F73/><W61/><G25/><T84/><D74/><U46/><E46/><V123/><F123/><W127/><G24/><T59/><D104/><U45/><E45/><V20/><F22/><W95/><G95/><T31/><D103/><U105/><E64/><V9/><F9/><W21/><G21/><T100/><D100/><U3/><E102/><V52/><F52/><W126/><G129/><T72/><D72/><U75/><E75/><V99/><F99/><W51/><G127/><T12/><D90/><AGARI ba="0,0" hai="16,17,20,27,30,82,85,90" m="24839,41577" machi="90" ten="30,11600,0" yaku="14,1,10,1,52,1,54,1" doraHai="76" who="2" fromWho="0" sc="230,-116,134,0,230,116,406,0" /><INIT seed="2,1,0,2,0,62" ten="114,134,346,406" oya="2" hai0="110,118,41,63,125,23,119,92,32,24,31,48,95" hai1="59,81,122,84,99,19,108,89,13,88,102,76,126" hai2="75,43,44,132,124,49,134,72,25,3,61,93,9" hai3="105,51,54,133,10,46,55,123,109,21,6,97,11"/><V79/><F25/><W94/><G105/><T65/><D110/><U91/><E108/><V66/><F124/><W116/><G116/><T50/><D125/><U1/><E126/><V78/><F93/><W82/><G123/><T35/><D95/><N who="1" m="58751" /><E1/><V67/><F78/><W14/><G133/><N who="2" m="51305" /><F61/><W111/><G82/><T57/><D35/><U4/><E122/><V115/><F115/><W96/><G96/><T100/><D32/><U53/><E76/><V60/><F60/><W15/><G21/><T114/><D114/><U40/><E91/><V39/><F49/><W58/><G111/><T27/><D27/><U2/><E89/><V56/><F56/><W77/><G77/><T117/><REACH who="0" step="1"/><D41/><REACH who="0" ten="104,134,346,406" step="2"/><U7/><E40/><V129/><F129/><W37/><G109/><T121/><D121/><U29/><E29/><V68/><F68/><W0/><G94/><T85/><D85/><U42/><E42/><V70/><F70/><W127/><G127/><T52/><D52/><U98/><E98/><AGARI ba="1,1" hai="23,24,31,48,50,57,63,65,92,98,100,117,118,119" machi="98" ten="40,8000,1" yaku="1,1,25,2,12,1,52,1,53,0" doraHai="62" doraHaiUra="107" who="0" fromWho="1" sc="104,93,134,-83,346,0,406,0" /><INIT seed="3,0,0,0,1,113" ten="197,51,346,406" oya="3" hai0="63,130,129,111,30,121,106,52,21,123,108,32,65" hai1="87,107,110,128,114,100,54,98,4,74,35,68,125" hai2="66,13,126,112,25,45,69,73,132,15,85,49,14" hai3="38,135,2,71,7,105,103,19,117,23,122,33,57"/><W44/><G71/><T101/><D32/><U12/><E12/><V70/><F112/><W36/><G33/><T131/><D106/><U94/><E4/><V9/><F73/><W6/><G103/><T58/><D101/><U79/><E54/><V34/><F132/><W118/><G57/><T133/><D30/><U75/><E68/><V8/><F126/><W93/><G93/><T80/><D80/><U86/><E35/><V53/><F69/><W84/><G84/><T81/><D81/><U18/><E18/><V96/><F96/><W3/><G44/><T27/><D27/><U55/><E55/><V76/><F34/><W116/><G122/><T82/><D82/><U11/><E11/><V120/><F120/><W83/><G83/><T39/><D21/><U5/><E5/><V10/><F76/><W42/><G105/><T47/><D133/><U29/><E29/><V0/><F85/><W17/><G117/><T97/><D97/><U24/><E24/><V64/><F0/><W77/><G77/><T37/><D123/><U50/><E50/><V26/><F70/><W134/><G42/><T46/><D121/><U61/><E61/><V43/><F43/><W51/><G23/><T89/><D89/><U104/><E125/><V92/><F92/><W40/><G40/><T127/><D127/><U95/><E114/><V41/><REACH who="2" step="1"/><F41/><REACH who="2" ten="197,51,336,406" step="2"/><W115/><G115/><T1/><D1/><U72/><E128/><V91/><F91/><W99/><G99/><T102/><D102/><U78/><E110/><N who="0" m="42025" /><D65/><AGARI ba="0,1" hai="8,9,10,13,14,15,25,26,45,49,53,64,65,66" machi="65" ten="40,2600,0" yaku="1,1,8,1,53,0" doraHai="113" doraHaiUra="59" who="2" fromWho="0" sc="197,-26,51,0,336,36,406,0" owari="171,-22.9,51,-44.9,372,17.2,406,50.6" /></mjloggm>