<mjloggm ver="2.3"><GO type="225" lobby="0"/><UN n0="%E3%81%AF%E3%82%88%E3%81%8A%E3%81%98%E3%81%95%E3%82%93" n1="%E3%81%8D%E3%82%85%E3%81%86" n2="%E3%81%BF%E3%81%BF%E3%81%9A" n3="%E3%81%B5%E3%81%98%E3%81%8B%E3%81%A4" dan="17,16,17,16" rate="2178.23,2080.36,2272.19,2191.59" sx="M,M,M,M"/><TAIKYOKU oya="0"/><INIT seed="0,0,0,3,3,39" ten="250,250,250,250" oya="0" hai0="110,73,55,31,107,101,60,100,35,65,53,1,2" hai1="54,37,57,128,104,93,124,83,74,90,15,67,64" hai2="48,5,126,32,114,19,94,86,88,68,111,20,40" hai3="109,25,119,112,106,76,85,77,49,63,122,135,9"/><T123/><D123/><U118/><E118/><V84/><F114/><W117/><G122/><T4/><D73/><U30/><E104/><V69/><F32/><W116/><G112/><T131/><D131/><U82/><E124/><V80/><F126/><W3/><G106/><T81/><D110/><U24/><E37/><V47/><F111/><W21/><G109/><T89/><D31/><U78/><E83/><V10/><F20/><W120/><G120/><T41/><D35/><U43/><E15/><V71/><F19/><W134/><G85/><N who="0" m="50351" /><D41/><U70/><E70/><V125/><F125/><W0/><G63/><T50/><D50/><U18/><E18/><V59/><F59/><W66/><G49/><T79/><D79/><U33/><E43/><V22/><F22/><W56/><G66/><T132/><D132/><N who="3" m="50729" /><G56/><T42/><D42/><U14/><E14/><V91/><REACH who="2" step="1"/><F69/><REACH who="2" ten="250,250,240,250" step="2"/><W38/><G9/><T99/><D4/><U16/><E128/><V61/><F61/><W27/><G27/><T44/><D44/><U97/><E16/><V13/><AGARI ba="0,1" hai="5,10,13,40,47,48,68,71,80,84,86,88,91,94" machi="13" ten="20,12000,2" yaku="1,1,0,1,7,1,52,1,54,1,53,1" doraHai="39" doraHaiUra="6" who="2" fromWho="2" sc="250,-60,250,-30,240,130,250,-30" /><INIT seed="1,0,0,0,4,77" ten="190,220,370,220" oya="1" hai0="3,24,70,120,86,43,85,9,4,11,105,106,22" hai1="62,45,5,16,96,108,15,72,26,41,100,0,91" hai2="84,110,48,124,78,52,95,50,46,58,17,80,59" hai3="63,94,56,83,32,18,53,113,104,31,35,118,67"/><U122/><E122/><V36/><F110/><W112/><G118/><T116/><D116/><U97/><E72/><V126/><F36/><W30/><G104/><T61/><D120/><U114/><E114/><V55/><F17/><W71/><G94/><T65/><D43/><U10/><E108/><V37/><F95/><W25/><G18/><T109/><D109/><U93/><E62/><V111/><F111/><W127/><G127/><T82/><D86/><U47/><E26/><V99/><F99/><W75/><G75/><T69/><D9/><U29/><E29/><V115/><F115/><W64/><G64/><T60/><D60/><U66/><E66/><V33/><F33/><W6/><G6/><T117/><D70/><U51/><E47/><V13/><F13/><W57/><G57/><T38/><D38/><U2/><REACH who="1" step="1"/><E5/><REACH who="1" ten="190,210,370,220" step="2"/><V123/><F123/><W40/><G113/><T76/><REACH who="0" step="1"/><D117/><REACH who="0" ten="180,210,370,220" step="2"/><U130/><E130/><V121/><F121/><W98/><G63/><T103/><D103/><U49/><E49/><V102/><F102/><W129/><G129/><T27/><D27/><U12/><E12/><V88/><F37/><W23/><G25/><T34/><D34/><U73/><E73/><V87/><F46/><W107/><G35/><T1/><D1/><U92/><AGARI ba="0,2" hai="0,2,10,15,16,41,45,51,91,92,93,96,97,100" machi="92" ten="20,12000,1" yaku="1,1,0,1,7,1,54,1,53,1" doraHai="77" doraHaiUra="8" who="1" fromWho="1" sc="180,-40,210,140,370,-40,220,-40" /><INIT seed="1,1,0,2,5,18" ten="140,350,330,180" oya="1" hai0="21,29,107,79,35,90,9,10,26,133,106,51,66" hai1="46,36,8,61,92,67,121,43,64,32,119,117,52" hai2="62,105,37,87,48,42,39,83,80,65,14,98,40" hai3="24,82,95,2,60,120,91,23,56,124,13,78,17"/><U70/><E121/><V3/><F3/><W50/><G124/><T112/><D112/><U96/><E32/><V111/><F111/><W130/><G130/><T129/><D129/><U97/><E67/><V49/><F98/><W104/><G104/><T12/><D133/><U44/><E8/><V27/><F14/><W131/><G131/><T38/><D38/><U63/><E97/><V33/><F27/><W19/><G2/><T34/><D79/><U4/><E4/><V15/><F15/><W57/><G120/><T99/><D66/><U102/><REACH who="1" step="1"/><E46/><REACH who="1" ten="140,340,330,180" step="2"/><V81/><F33/><W100/><G100/><T108/><D9/><U6/><E6/><V69/><F105/><W135/><G135/><T123/><D123/><U89/><E89/><V71/><F71/><W7/><G7/><T55/><D106/><U127/><E127/><V53/><F69/><W68/><G68/><T1/><D1/><U126/><E126/><V31/><F65/><W109/><G91/><T113/><D108/><U59/><AGARI ba="1,1" hai="36,43,44,52,59,61,63,64,70,92,96,102,117,119" machi="59" ten="30,11700,0" yaku="1,1,0,1,54,1,53,1" doraHai="18" doraHaiUra="41" who="1" fromWho="1" sc="140,-40,340,130,330,-40,180,-40" /><INIT seed="1,2,0,0,1,27" ten="100,470,290,140" oya="1" hai0="122,118,131,73,78,111,90,54,109,21,17,115,0" hai1="1,69,92,76,93,30,83,60,32,66,28,40,9" hai2="47,7,124,80,81,119,72,133,107,49,135,18,67" hai3="102,68,4,120,44,87,24,5,11,15,56,129,110"/><U88/><E32/><V48/><F119/><W117/><G120/><T63/><D118/><U96/><E40/><V99/><F124/><W94/><G117/><T104/><D115/><U20/><E20/><V45/><F7/><W12/><G68/><T58/><D0/><U134/><E134/><N who="2" m="51211" /><F67/><W125/><G125/><T14/><D122/><U41/><E41/><N who="2" m="24623" /><F72/><W39/><G39/><T22/><D104/><U123/><E123/><V126/><F18/><W6/><G44/><T62/><D131/><U37/><E37/><V70/><F70/><W42/><G42/><T43/><D43/><U38/><E38/><V116/><F116/><W77/><G129/><T33/><D33/><U75/><REACH who="1" step="1"/><E93/><REACH who="1" ten="100,460,290,140" step="2"/><V100/><F126/><W112/><G94/><T55/><D21/><U26/><E26/><V98/><F98/><W2/><G24/><T51/><D22/><U79/><E79/><V59/><F47/><W103/><G77/><T31/><D78/><U61/><E61/><V114/><F114/><W113/><G112/><T57/><D63/><U46/><E46/><V65/><F49/><W50/><G50/><T97/><D97/><U74/><E74/><V52/><F99/><W127/><G127/><T36/><D73/><U108/><E108/><V64/><F107/><W128/><G110/><T82/><D36/><U25/><E25/><V86/><F86/><W71/><G87/><N who="0" m="50551" /><D31/><U121/><E121/><V8/><F8/><W105/><G113/><T84/><D84/><U89/><E89/><V53/><F100/><N who="3" m="38443" /><G128/><T95/><D95/><U101/><E101/><V35/><F35/><RYUUKYOKU ba="2,1" sc="100,15,460,15,290,-15,140,-15" hai0="14,17,51,54,55,57,58,62,109,111" hai1="1,9,28,30,60,66,69,75,76,83,88,92,96" /><INIT seed="1,3,1,1,4,21" ten="115,475,275,125" oya="1" hai0="128,104,6,17,122,90,117,54,50,53,3,14,133" hai1="112,69,42,32,24,22,36,99,55,125,131,19,25" hai2="71,83,44,66,72,98,135,4,111,120,119,26,100" hai3="35,62,113,105,56,130,5,102,73,1,94,76,68"/><U91/><E112/><V103/><F119/><W46/><G113/><T106/><D117/><U39/><E69/><V95/><F120/><W93/><G68/><T124/><D122/><U37/><E131/><V57/><F135/><W16/><G130/><T10/><D128/><U77/><E125/><V9/><F111/><W18/><G35/><T59/><D133/><U47/><E55/><V8/><F71/><W92/><G46/><T23/><D124/><U30/><REACH who="1" step="1"/><E77/><REACH who="1" ten="115,465,275,125" step="2"/><V80/><F66/><W126/><G76/><T118/><D118/><U7/><E7/><V2/><F4/><W34/><G126/><T74/><D74/><U75/><E75/><V107/><F72/><W89/><G73/><T60/><REACH who="0" step="1"/><D90/><REACH who="0" ten="105,465,275,125" step="2"/><U97/><E97/><V134/><F98/><W123/><G89/><T79/><D79/><U15/><E15/><V65/><F134/><W64/><G123/><T29/><D29/><U115/><E115/><V88/><F88/><W85/><G1/><T0/><D0/><U52/><E52/><V28/><F2/><W70/><G102/><T121/><D121/><U20/><E20/><V116/><F103/><W13/><G34/><T27/><D27/><U132/><E132/><V41/><F100/><W84/><G13/><T58/><AGARI ba="3,3" hai="3,6,10,14,17,23,50,53,54,58,59,60,104,106" machi="58" ten="20,2700,0" yaku="1,1,0,1,7,1,53,0" doraHai="21" doraHaiUra="67" who="0" fromWho="0" sc="105,66,465,-16,275,-10,125,-10" /><INIT seed="2,0,0,4,1,111" ten="171,449,265,115" oya="2" hai0="68,104,108,99,89,30,73,131,118,31,39,90,100" hai1="50,42,74,96,112,95,132,28,65,105,23,114,10" hai2="134,119,120,87,21,6,27,125,61,126,115,22,48" hai3="9,12,97,55,40,43,64,44,56,109,14,51,0"/><V26/><F119/><W29/><G109/><T133/><D108/><U116/><E74/><V35/><F61/><W33/><G33/><T92/><D39/><U36/><E36/><V49/><F6/><W77/><G29/><T72/><D68/><U79/><E79/><V7/><F7/><W4/><G97/><T82/><D118/><U37/><E37/><V135/><F87/><W46/><G77/><T3/><D3/><U57/><E105/><V76/><F76/><W129/><G64/><T18/><D131/><U13/><E42/><V117/><F117/><W81/><G81/><T113/><D113/><U128/><E132/><V34/><REACH who="2" step="1"/><F120/><REACH who="2" ten="171,449,255,115" step="2"/><W110/><G110/><T11/><D72/><U69/><E116/><V83/><F83/><W67/><G129/><T78/><D133/><U94/><E128/><V88/><F88/><W45/><G67/><T101/><D90/><U52/><E65/><V62/><F62/><W8/><REACH who="3" step="1"/><G0/><REACH who="3" ten="171,449,255,105" step="2"/><T102/><D82/><U5/><E69/><V106/><F106/><W127/><G127/><T86/><D104/><U122/><E122/><V2/><F2/><W1/><G1/><T98/><D73/><U41/><E95/><V123/><F123/><W53/><G53/><T16/><D78/><U107/><E107/><V25/><F25/><W32/><G32/><T17/><D86/><U60/><E94/><V91/><F91/><W19/><AGARI ba="0,2" hai="4,8,9,12,14,19,40,43,44,45,46,51,55,56" machi="19" ten="30,4000,0" yaku="1,1,0,1,8,1,53,0" doraHai="111" doraHaiUra="59" who="3" fromWho="3" sc="171,-10,449,-10,255,-20,105,60" /><INIT seed="3,0,0,5,1,43" ten="161,439,235,165" oya="3" hai0="96,5,99,85,31,98,124,40,45,119,70,15,2" hai1="61,110,92,104,42,55,128,33,76,87,30,11,111" hai2="114,28,130,38,72,50,52,106,21,103,26,34,117" hai3="39,90,100,16,51,7,81,86,132,80,25,101,133"/><W12/><G39/><T125/><D119/><U62/><E104/><V36/><F117/><W67/><G67/><T60/><D2/><U9/><E42/><V89/><F114/><W77/><G7/><T58/><D70/><U17/><E128/><V68/><F72/><W32/><G32/><T105/><D105/><U10/><E17/><V6/><F130/><W121/><G25/><T35/><D85/><U57/><E62/><V131/><F68/><W107/><G107/><T126/><D35/><U78/><E92/><V91/><F131/><W97/><G121/><T122/><D122/><U108/><E87/><V29/><F6/><W4/><G4/><T65/><D31/><U118/><E118/><V69/><F69/><W48/><G97/><T19/><D5/><U18/><E18/><V112/><F112/><W41/><G41/><T24/><D24/><AGARI ba="0,0" hai="9,10,11,24,30,33,55,57,61,76,78,108,110,111" machi="24" ten="50,1600,0" yaku="14,1" doraHai="43" who="1" fromWho="0" sc="161,-16,439,16,235,0,165,0" owari="145,-35.5,455,55.5,235,3.5,165,-23.5" /></mjloggm>