<mjloggm ver="2.3"><GO type="225" lobby="0"/><UN n0="%E5%8D%A0%E3%81%84%E5%B8%AB%E8%A3%8F%E3%81%AA%E3%81%84%E3%81%97" n1="%E6%A1%9C%E8%8A%B1%E9%96%83%E3%80%85" n2="%E3%83%A9%E3%82%A4%E3%83%B3%E3%81%AE%E8%99%8E" n3="%72%69%6F%75%63%68%61%6E" dan="17,17,16,16" rate="2199.69,2215.85,2099.59,2213.82" sx="M,M,M,M"/><TAIKYOKU oya="0"/><INIT seed="0,0,0,0,5,65" ten="250,250,250,250" oya="0" hai0="37,16,126,35,86,22,4,125,77,94,90,18,82" hai1="118,39,30,116,112,128,17,47,7,134,53,110,111" hai2="114,113,62,63,109,123,49,99,8,107,108,57,15" hai3="32,5,6,120,121,122,9,59,20,100,96,2,79"/><T68/><D35/><U131/><E30/><V54/><F107/><W3/><G32/><T38/><D4/><U85/><E7/><V12/><F99/><W27/><G79/><T71/><D37/><U83/><E17/><N who="0" m="6761" /><D22/><U103/><E53/><N who="2" m="34095" /><F12/><N who="3" m="5167" /><G59/><T127/><D38/><U115/><E103/><V0/><F15/><W67/><G67/><T48/><D48/><U55/><E55/><V58/><F8/><W75/><G75/><AGARI ba="0,0" hai="68,71,75,77,82,86,90,94,125,126,127" m="6761" machi="75" ten="30,11600,0" yaku="18,1,52,2,54,1" doraHai="65" who="0" fromWho="3" sc="250,116,250,0,250,0,250,-116" /><INIT seed="0,1,0,4,2,87" ten="366,250,250,134" oya="0" hai0="132,89,2,85,44,80,74,117,79,126,95,31,51" hai1="29,41,131,93,50,21,42,40,28,23,54,33,111" hai2="102,18,72,83,108,101,49,1,118,58,91,88,37" hai3="55,123,14,19,9,17,96,4,100,61,46,64,135"/><T6/><D117/><U67/><E111/><V39/><F1/><W114/><G114/><T77/><D132/><U15/><E131/><V48/><F108/><W97/><G135/><T16/><D126/><U11/><E67/><V127/><F127/><W125/><G125/><T66/><D31/><N who="1" m="11851" /><E93/><V134/><F134/><W92/><G123/><T90/><D66/><U113/><E33/><V119/><F18/><W73/><G73/><T0/><D6/><N who="1" m="3575" /><E113/><V24/><F24/><W130/><G130/><T20/><D2/><U122/><E122/><V104/><F104/><W30/><G30/><T56/><D56/><AGARI ba="1,0" hai="21,23,40,41,42,50,54,56" m="3575,11851" machi="56" ten="30,1000,0" yaku="8,1" doraHai="87" who="1" fromWho="0" sc="366,-13,250,13,250,0,134,0" /><INIT seed="1,0,0,4,2,3" ten="353,263,250,134" oya="1" hai0="7,52,27,1,34,60,53,15,95,107,64,91,38" hai1="18,29,100,39,61,44,98,104,48,26,110,12,30" hai2="89,63,81,32,35,117,123,11,28,124,70,108,17" hai3="87,0,71,14,13,42,109,122,54,76,125,99,23"/><U58/><E110/><V120/><F117/><W128/><G125/><T135/><D107/><U8/><E39/><V94/><F124/><W105/><G128/><T72/><D72/><U102/><E102/><V31/><F81/><W65/><G109/><T73/><D73/><U56/><E61/><V92/><F108/><W112/><G112/><T43/><D1/><U9/><E9/><V75/><F75/><W78/><G122/><T111/><D111/><U59/><REACH who="1" step="1"/><E26/><REACH who="1" ten="353,253,250,134" step="2"/><V5/><F11/><W22/><G0/><T130/><D27/><U2/><E2/><V131/><F63/><N who="3" m="40383" /><G13/><T115/><D15/><U62/><E62/><V97/><F123/><W40/><G14/><T106/><D60/><U121/><E121/><V103/><F120/><W41/><G22/><T74/><D38/><U127/><E127/><V19/><F103/><W55/><G23/><T68/><D68/><U84/><E84/><V66/><F70/><W49/><G87/><T4/><D64/><U133/><E133/><V93/><F66/><W77/><G49/><T101/><D135/><U24/><E24/><V57/><F32/><W67/><G67/><T46/><D34/><U16/><E16/><V20/><F19/><W37/><G37/><T86/><D101/><U116/><E116/><V50/><F17/><W51/><G51/><T10/><D10/><U114/><E114/><V69/><F20/><W79/><N who="3" m="19456" /><DORA hai="25" /><W85/><G85/><T82/><D86/><U80/><E80/><V36/><F69/><W119/><G119/><T88/><D115/><U47/><E47/><V83/><F36/><RYUUKYOKU ba="0,1" sc="353,-15,253,15,250,-15,134,15" hai1="8,12,18,29,30,44,48,56,58,59,98,100,104" hai3="40,41,42,54,55,99,105" /><INIT seed="1,1,1,2,2,12" ten="338,268,235,149" oya="1" hai0="96,84,61,131,94,73,46,75,76,8,34,43,69" hai1="60,4,78,1,71,35,9,65,38,67,48,59,86" hai2="98,66,117,116,87,10,103,6,83,80,11,133,31" hai3="64,16,111,105,113,28,92,128,5,68,19,114,106"/><U89/><E38/><V115/><F133/><W57/><G68/><T104/><D34/><U18/><E35/><V25/><F115/><W110/><G128/><T62/><D104/><N who="3" m="40041" /><G28/><T81/><D131/><U23/><E78/><V37/><F37/><W29/><G29/><T125/><D125/><U82/><E48/><V7/><F66/><W107/><N who="3" m="40049" /><W120/><DORA hai="13" /><G5/><T42/><D42/><U33/><E33/><V55/><F55/><W2/><G2/><T70/><D8/><U95/><E82/><V79/><F80/><W22/><G120/><T39/><D69/><U0/><E0/><V97/><F103/><W109/><G92/><T63/><REACH who="0" step="1"/><D70/><REACH who="0" ten="328,268,235,149" step="2"/><U74/><E71/><V20/><F10/><W100/><G100/><AGARI ba="1,2" hai="39,43,46,61,62,63,73,75,76,81,84,94,96,100" machi="100" ten="40,5200,0" yaku="1,1,2,1,53,1" doraHai="12,13" doraHaiUra="91,102" who="0" fromWho="3" sc="328,75,268,0,235,0,149,-55" /><INIT seed="2,0,0,3,3,105" ten="403,268,235,94" oya="2" hai0="14,65,79,51,91,54,119,27,59,108,85,129,19" hai1="84,8,73,24,92,39,35,109,49,120,75,89,47" hai2="17,5,56,43,34,0,58,69,81,48,114,64,103" hai3="60,118,67,33,13,10,86,97,25,53,127,93,125"/><V37/><F114/><W106/><G118/><T88/><D119/><U16/><E39/><V102/><F34/><W71/><G86/><T126/><D108/><U23/><E109/><V83/><F17/><W96/><G53/><T68/><D129/><U29/><E8/><V104/><F37/><W70/><G71/><T78/><D126/><U72/><E120/><V6/><F69/><W130/><G130/><T128/><D128/><U32/><REACH who="1" step="1"/><E29/><REACH who="1" ten="403,258,235,94" step="2"/><V52/><F43/><AGARI ba="0,1" hai="16,23,24,32,35,43,47,49,72,73,75,84,89,92" machi="43" ten="40,12000,2" yaku="1,1,2,1,52,3,54,1,53,0" doraHai="105" doraHaiUra="9" who="1" fromWho="2" sc="403,0,258,130,235,-120,94,0" /><INIT seed="3,0,0,1,4,36" ten="403,388,115,94" oya="3" hai0="95,119,49,9,117,37,48,82,28,121,79,40,54" hai1="123,58,0,44,52,43,130,77,131,12,62,20,46" hai2="120,47,13,102,106,22,8,134,96,35,113,99,57" hai3="104,107,110,97,61,63,4,11,21,31,103,85,3"/><W29/><G107/><T94/><D121/><U124/><E123/><V93/><F35/><W55/><G110/><T114/><D37/><U34/><E124/><V66/><F120/><W16/><G85/><N who="0" m="48351" /><D119/><U50/><E0/><V127/><F127/><W5/><G5/><T70/><D70/><U132/><E132/><V111/><F111/><W45/><G63/><T87/><D28/><U116/><E34/><V109/><F109/><W64/><G45/><N who="0" m="25639" /><D114/><U108/><E108/><V91/><F134/><W92/><G55/><T19/><D117/><U101/><E101/><V84/><F47/><W71/><REACH who="3" step="1"/><G104/><REACH who="3" ten="403,388,115,84" step="2"/><T56/><D87/><U53/><E116/><V75/><F113/><W81/><G81/><T59/><D94/><U72/><E72/><V112/><F75/><W86/><G86/><T73/><D95/><U24/><E77/><V39/><F112/><W65/><G65/><T17/><D73/><U25/><E53/><V88/><F66/><W18/><G18/><T76/><D76/><U74/><E74/><V126/><F126/><W78/><G78/><T60/><D17/><N who="1" m="10279" /><E46/><V30/><F84/><W98/><G98/><T23/><D60/><U133/><E133/><V90/><F106/><W10/><G10/><T14/><D9/><U89/><E89/><V26/><F99/><W41/><G41/><T80/><D80/><U7/><E7/><N who="2" m="3231" /><F57/><AGARI ba="0,1" hai="14,19,23,49,54,56,57,59" m="25639,48351" machi="57" ten="30,2000,0" yaku="8,1,52,1" doraHai="36" who="0" fromWho="2" sc="403,30,388,0,115,-20,84,0" owari="433,53.3,388,18.8,95,-30.5,84,-41.6" /></mjloggm>