<mjloggm ver="2.3"><GO type="225" lobby="0"/><UN n0="%E3%82%B2%E3%82%B9%E8%8C%82%E5%8B%9D" n1="%63%68%78%62%64" n2="%E4%BE%BF%E6%89%80" n3="%E7%89%B9%E6%9D%B1%E3%81%AF%E4%B8%96%E7%95%8C%E3%82%92%E6%95%91%E3%81%86" dan="16,16,16,16" rate="2054.29,2155.12,2061.02,2103.92" sx="F,M,M,M"/><TAIKYOKU oya="0"/><INIT seed="0,0,0,0,0,12" ten="250,250,250,250" oya="0" hai0="68,47,124,21,16,76,40,116,36,73,105,96,87" hai1="38,14,127,72,29,95,58,86,55,100,60,35,45" hai2="85,114,131,117,115,71,132,31,19,2,92,13,113" hai3="0,122,66,61,126,82,83,37,42,123,112,49,44"/><T57/><D116/><U10/><E72/><V27/><F71/><W4/><G112/><T89/><D68/><U75/><E75/><V51/><F117/><W41/><G4/><T59/><D124/><U34/><E127/><V6/><F131/><W28/><G0/><T3/><D3/><U101/><E29/><V134/><F51/><W111/><G126/><T46/><D46/><U30/><E30/><V128/><F128/><W81/><G111/><T104/><D76/><U121/><E121/><N who="3" m="46090" /><G28/><T32/><D73/><U11/><E11/><N who="2" m="2519" /><F92/><W106/><G106/><T79/><D79/><U24/><E24/><V80/><F80/><W52/><G37/><T56/><D32/><U64/><E34/><N who="2" m="20863" /><F85/><W103/><G103/><T74/><D74/><U25/><E35/><V1/><F1/><W97/><G97/><T99/><D104/><U67/><E25/><V91/><F91/><W129/><G129/><T70/><D70/><AGARI ba="0,0" hai="41,42,44,49,52,61,66,70,81,82,83" m="46090" machi="70" ten="30,2000,0" yaku="13,1,54,1" doraHai="12" who="3" fromWho="0" sc="250,-20,250,0,250,0,250,20" /><INIT seed="1,0,0,3,3,123" ten="230,250,250,270" oya="1" hai0="92,32,73,77,86,59,62,26,67,17,9,34,124" hai1="4,39,63,118,31,99,24,70,19,28,47,51,103" hai2="27,43,126,53,37,14,78,54,84,129,81,8,18" hai3="57,85,49,116,65,35,23,30,29,91,80,89,64"/><U83/><E39/><V117/><F117/><W42/><G35/><T76/><D124/><U52/><E118/><V66/><F126/><W6/><G116/><T41/><D41/><U33/><E4/><V115/><F129/><W107/><G107/><T122/><D122/><U50/><E31/><V82/><F115/><W44/><G6/><T58/><D58/><U46/><E19/><V113/><F113/><W72/><G72/><T102/><D73/><U13/><E13/><V10/><F66/><W11/><G11/><T105/><D105/><U36/><E36/><V114/><F114/><W125/><G125/><T0/><D34/><U22/><E83/><V90/><F27/><N who="3" m="16639" /><G30/><T96/><D86/><U16/><E70/><V127/><F127/><W25/><G25/><T108/><D0/><U56/><E33/><V93/><F81/><W130/><G130/><T40/><D40/><N who="1" m="24903" /><E28/><V109/><F8/><W48/><G80/><T135/><D32/><U1/><E1/><V97/><F43/><W79/><G42/><T100/><D9/><U69/><E69/><V61/><F37/><W106/><G106/><T95/><D17/><U98/><E103/><V7/><F18/><W68/><G68/><T38/><D38/><U88/><E88/><V20/><F20/><W21/><G21/><T71/><D71/><U120/><E120/><V112/><F112/><W104/><G104/><T119/><D119/><U134/><E134/><V3/><F3/><W133/><G133/><T45/><D135/><U55/><AGARI ba="0,0" hai="16,22,24,47,51,52,55,56,63,98,99" m="24903" machi="55" ten="30,6000,0" yaku="8,1,54,2" doraHai="123" who="1" fromWho="1" sc="230,-20,250,60,250,-20,270,-20" /><INIT seed="1,1,0,3,5,130" ten="210,310,230,250" oya="1" hai0="102,8,50,125,30,28,76,68,59,61,1,129,81" hai1="23,44,43,79,75,52,4,118,120,24,117,10,123" hai2="92,132,78,115,42,91,29,64,63,119,106,74,37" hai3="77,0,56,97,15,66,53,86,100,121,73,46,84"/><U90/><E90/><V35/><F119/><W32/><G121/><T114/><D129/><U60/><E120/><V45/><F106/><W51/><G0/><T31/><D125/><U111/><E123/><V98/><F115/><W39/><G32/><T112/><D102/><U2/><E111/><V95/><F35/><W69/><G15/><T6/><D50/><U89/><E89/><V71/><F29/><W85/><G73/><T49/><D49/><U127/><E127/><V14/><F14/><W107/><G77/><T124/><D68/><U38/><E60/><V80/><REACH who="2" step="1"/><F95/><REACH who="2" ten="210,310,220,250" step="2"/><W113/><G113/><T34/><D34/><U99/><E117/><V47/><F47/><W7/><G46/><T58/><D124/><U70/><E118/><V104/><F104/><W17/><G107/><T116/><D116/><U13/><E13/><V20/><F20/><W93/><G93/><T22/><D22/><U11/><E11/><V9/><F9/><W134/><G7/><T101/><D112/><U94/><E23/><V109/><F109/><W96/><G17/><T27/><D114/><U48/><E24/><V108/><F108/><W26/><G26/><T72/><D27/><U133/><E94/><V110/><F110/><W57/><G96/><T21/><D21/><U12/><E99/><V83/><F83/><W126/><G126/><T62/><D101/><U105/><E105/><V41/><F41/><W55/><G100/><T88/><D31/><U65/><E12/><V135/><AGARI ba="1,1" hai="37,42,45,63,64,71,74,78,80,91,92,98,132,135" machi="135" ten="30,7900,0" yaku="1,1,0,1,52,2,53,0" doraHai="130" doraHaiUra="25" who="2" fromWho="2" sc="210,-21,310,-40,220,92,250,-21" /><INIT seed="2,0,0,4,3,112" ten="189,270,312,229" oya="2" hai0="69,39,18,123,3,92,132,111,32,128,33,56,10" hai1="74,107,88,105,97,8,129,102,126,86,99,122,65" hai2="84,79,23,26,62,64,76,77,100,124,40,31,131" hai3="1,98,133,4,44,36,108,61,49,109,19,51,57"/><V35/><F131/><W6/><G36/><T68/><D56/><U113/><E113/><V95/><F124/><W58/><G133/><T9/><D92/><N who="1" m="54295" /><E8/><V48/><F35/><W91/><G19/><T83/><D83/><U82/><E65/><V89/><F100/><W119/><G91/><T53/><D53/><U37/><E37/><V103/><F103/><W80/><G80/><T22/><D69/><U30/><E30/><V114/><F114/><W118/><G44/><T120/><D39/><U20/><E20/><V21/><F21/><W116/><G98/><N who="1" m="37386" /><E126/><V24/><F24/><W75/><G75/><T17/><D68/><U15/><E15/><V55/><F40/><W52/><G1/><T25/><D128/><U29/><E29/><V93/><F93/><W47/><G49/><T90/><D90/><U60/><E60/><V104/><F104/><N who="1" m="40009" /><E129/><V117/><F62/><W50/><G51/><T125/><D125/><U11/><E11/><V67/><F67/><N who="3" m="39343" /><G58/><T66/><D66/><U2/><E2/><V85/><F64/><W34/><G34/><T5/><D3/><U71/><E71/><V94/><F48/><W54/><G54/><T63/><D63/><U72/><E102/><V106/><F55/><W13/><G13/><T16/><D5/><U27/><E27/><V101/><F101/><W135/><G135/><T96/><D132/><U130/><E130/><V70/><F70/><W78/><G4/><T0/><D0/><U59/><E59/><V12/><F106/><W42/><G6/><T45/><D33/><U115/><E115/><V127/><F127/><RYUUKYOKU ba="0,0" sc="189,0,270,0,312,0,229,0" /><INIT seed="3,1,0,5,4,104" ten="189,270,312,229" oya="3" hai0="73,30,80,89,6,42,125,40,38,56,96,37,131" hai1="8,123,119,59,26,7,13,57,66,0,85,18,86" hai2="65,109,35,82,51,71,75,126,112,41,107,28,2" hai3="127,117,72,46,67,68,14,45,69,77,130,58,110"/><W11/><G117/><T17/><D30/><U122/><E119/><V48/><F112/><W22/><G130/><T24/><D131/><U94/><E94/><V63/><F109/><W4/><G110/><T10/><D125/><U54/><E66/><V88/><F126/><W62/><G127/><T5/><D37/><U99/><E99/><V78/><F88/><W27/><G46/><T120/><D120/><U31/><E59/><V105/><F51/><W129/><G129/><T9/><D38/><U49/><E122/><V53/><F41/><N who="0" m="15978" /><D73/><U83/><E83/><V95/><F95/><W44/><G44/><T116/><D116/><U32/><E123/><V25/><F2/><W70/><G45/><AGARI ba="1,0" hai="25,28,35,45,48,53,63,65,71,75,78,82,105,107" machi="45" ten="30,2000,0" yaku="7,1,52,1" doraHai="104" who="2" fromWho="3" sc="189,0,270,0,312,23,229,-23" owari="189,-31.1,270,7.0,335,43.5,206,-19.4" /></mjloggm>