<mjloggm ver="2.3"><GO type="225" lobby="0"/><UN n0="%E6%B4%BE%E9%81%A3%E3%81%AE%E3%82%B8%E3%83%A3%E3%83%83%E3%82%AF" n1="%E3%82%88%E3%82%8D%E3%81%97%E3%81%8F%E3%81%A7%E3%81%99%E2%99%AA" n2="%E6%A1%9C%E8%8A%B1%E9%96%83%E3%80%85" n3="%E8%BE%9B%E5%8F%A3%E3%82%AB%E3%83%AC%E3%83%BC%E3%83%A9%E3%82%A4%E3%82%B9" dan="17,16,16,18" rate="2192.60,2130.09,2208.31,2239.47" sx="M,F,M,M"/><TAIKYOKU oya="0"/><INIT seed="0,0,0,4,2,81" ten="250,250,250,250" oya="0" hai0="10,11,112,41,57,92,19,6,14,16,60,74,102" hai1="116,103,71,48,96,109,42,93,43,72,100,125,108" hai2="119,59,97,13,2,129,106,44,113,117,17,20,94" hai3="115,38,25,63,101,53,8,50,77,76,49,5,69"/><T89/><D112/><U95/><E116/><N who="2" m="44619" /><F113/><W40/><G115/><T104/><D74/><U21/><E71/><V32/><F129/><W82/><G101/><T134/><D134/><U7/><E72/><V27/><F2/><W128/><G128/><T0/><D41/><U84/><E125/><V90/><F106/><W45/><G25/><T73/><D73/><U18/><E7/><V111/><F111/><N who="1" m="42569" /><E48/><V83/><F44/><W29/><G29/><T64/><D104/><U87/><E103/><V135/><F135/><W68/><G50/><T30/><D30/><U132/><E132/><V121/><F121/><W85/><G76/><T46/><D46/><U22/><E93/><V75/><F59/><N who="3" m="35311" /><G38/><T1/><D102/><U66/><E66/><V114/><F114/><W98/><G98/><T62/><D62/><U105/><E105/><V36/><F36/><W91/><G91/><T110/><D110/><U79/><E79/><N who="2" m="44543" /><F32/><W24/><G24/><AGARI ba="0,0" hai="13,17,20,24,27,90,94,97" m="44543,44619" machi="24" ten="30,1000,0" yaku="12,1" doraHai="81" who="2" fromWho="3" sc="250,0,250,0,250,10,250,-10" /><INIT seed="1,0,0,0,0,6" ten="250,250,260,240" oya="1" hai0="100,92,109,112,12,125,34,76,45,26,19,30,113" hai1="107,104,83,68,18,69,134,59,131,42,127,46,99" hai2="35,133,17,55,106,50,57,80,89,58,14,75,44" hai3="7,84,90,111,32,20,63,126,38,70,24,36,33"/><U93/><E131/><V117/><F117/><W102/><G111/><T116/><D109/><U1/><E134/><V122/><F122/><W22/><G126/><T13/><D116/><U74/><E127/><V97/><F35/><W49/><G102/><T129/><D125/><U86/><E59/><V105/><F133/><W10/><G49/><T120/><D129/><U64/><E1/><V15/><F15/><W128/><G128/><T23/><D76/><U29/><E29/><V0/><F0/><W2/><G63/><T25/><D45/><U39/><E18/><V124/><F124/><W4/><G70/><T110/><D110/><U67/><E68/><V96/><F105/><W47/><G7/><T51/><D51/><U61/><E67/><V65/><F106/><W108/><G22/><N who="0" m="13535" /><D92/><U78/><REACH who="1" step="1"/><E74/><REACH who="1" ten="250,240,260,240" step="2"/><V60/><F57/><W56/><G56/><T118/><D118/><U77/><E77/><V91/><F75/><W37/><G108/><T73/><D73/><U72/><E72/><V71/><F71/><W115/><G115/><T9/><D120/><U87/><E87/><N who="2" m="50407" /><F91/><AGARI ba="0,1" hai="39,42,46,61,64,69,78,83,86,91,93,99,104,107" machi="91" ten="30,2900,0" yaku="1,1,7,1,53,0" doraHai="6" doraHaiUra="132" who="1" fromWho="2" sc="250,0,240,39,260,-29,240,0" /><INIT seed="1,1,0,2,1,117" ten="250,279,231,240" oya="1" hai0="93,120,13,129,132,78,89,130,79,52,45,25,19" hai1="63,119,34,92,42,108,83,57,16,20,72,30,105" hai2="112,49,41,47,75,66,73,40,0,7,76,46,114" hai3="102,96,97,70,28,11,39,4,71,59,133,64,17"/><U82/><E119/><V44/><F66/><W3/><G39/><T10/><D132/><U55/><E105/><V15/><F15/><W56/><G133/><T26/><D120/><U135/><E135/><V12/><F12/><W9/><G28/><T60/><D129/><U121/><E121/><V58/><F58/><W22/><G11/><T67/><D67/><U85/><E72/><N who="2" m="27723" /><F76/><N who="0" m="29226" /><D130/><U110/><E42/><N who="2" m="16491" /><F7/><W14/><G97/><N who="0" m="57519" /><D45/><U101/><E30/><V37/><F49/><W100/><G100/><T62/><D62/><U111/><E34/><V32/><F32/><W35/><G35/><T107/><D107/><U69/><E69/><V2/><F37/><W33/><G33/><T128/><D128/><U134/><E134/><V122/><F122/><W29/><G29/><T113/><D60/><U48/><E63/><V95/><F95/><W99/><G64/><T88/><D25/><N who="1" m="14471" /><E101/><V86/><F86/><W106/><REACH who="3" step="1"/><G99/><REACH who="3" ten="250,279,231,230" step="2"/><T125/><D10/><U84/><E85/><V53/><F53/><W77/><G77/><T1/><D52/><U91/><AGARI ba="1,1" hai="48,55,57,82,83,84,91,92,108,110,111" m="14471" machi="91" ten="40,7800,0" yaku="14,1,10,1,54,1" doraHai="117" who="1" fromWho="1" sc="250,-27,279,91,231,-27,230,-27" /><INIT seed="1,2,0,5,4,60" ten="223,370,204,203" oya="1" hai0="42,95,127,21,129,61,55,106,88,8,107,43,130" hai1="17,96,13,114,6,75,57,0,93,79,77,31,82" hai2="133,80,36,41,99,71,125,128,7,72,124,23,50" hai3="24,90,102,117,81,92,74,67,5,123,38,1,20"/><U48/><E114/><V109/><F23/><W53/><G123/><T51/><D127/><N who="2" m="48714" /><F109/><W84/><G38/><T132/><D132/><U14/><E79/><N who="2" m="44135" /><F133/><W115/><G115/><T100/><D8/><U63/><E31/><V112/><F112/><W110/><G110/><T30/><D100/><U91/><E0/><V85/><F128/><N who="0" m="49258" /><D61/><U9/><E48/><V2/><F85/><W78/><G117/><T37/><D37/><U98/><E98/><V105/><F50/><W15/><G1/><T135/><D135/><U46/><E46/><N who="2" m="23847" /><F71/><W97/><G53/><T126/><D126/><U111/><E111/><V25/><F25/><W10/><G67/><T32/><D21/><U134/><E134/><V104/><F99/><W11/><G11/><AGARI ba="2,0" hai="2,7,11,104,105" m="23847,44135,48714" machi="11" ten="30,3900,0" yaku="25,1,18,1,23,1" doraHai="60" who="2" fromWho="3" sc="223,0,370,0,204,45,203,-45" /><INIT seed="2,0,0,4,5,75" ten="223,370,249,158" oya="2" hai0="44,54,8,128,119,112,76,77,55,96,0,1,89" hai1="25,18,56,94,106,42,80,6,79,71,50,9,105" hai2="22,124,84,93,57,131,20,122,52,43,102,34,135" hai3="101,109,125,120,26,91,31,11,23,29,33,17,74"/><V127/><F122/><W126/><G74/><T117/><D112/><U63/><E71/><V97/><F34/><W92/><G101/><T41/><D128/><U61/><E94/><V48/><F131/><W39/><G39/><T68/><D68/><U95/><E95/><V58/><F135/><W10/><G91/><T14/><D89/><U32/><E32/><V88/><F43/><W132/><G92/><T81/><D96/><U53/><E42/><V12/><F58/><W115/><G120/><T65/><D65/><U103/><E103/><V108/><F108/><W130/><G130/><T7/><D81/><U110/><E110/><V3/><F3/><N who="0" m="1098" /><D41/><U49/><E63/><V35/><F35/><W60/><G60/><T100/><D100/><U4/><E61/><V82/><REACH who="2" step="1"/><F12/><REACH who="2" ten="223,370,239,158" step="2"/><N who="3" m="9639" /><G109/><T2/><D2/><U72/><E56/><V113/><F113/><W87/><G115/><T121/><D121/><U37/><E37/><V15/><F15/><W85/><G132/><T66/><D66/><U98/><E49/><V24/><F24/><W90/><G26/><T99/><D54/><U118/><E53/><V30/><F30/><W129/><G31/><T69/><D55/><U38/><E50/><V40/><F40/><W51/><G29/><T67/><D44/><U64/><E38/><V36/><F36/><W111/><G129/><T46/><D46/><U86/><E64/><V107/><F107/><W27/><G111/><T104/><D67/><U78/><E106/><V116/><F116/><N who="0" m="44618" /><D69/><U5/><E118/><V62/><F62/><W16/><G33/><T133/><D133/><RYUUKYOKU ba="0,1" sc="223,15,370,-15,239,15,158,-15" hai0="7,8,14,76,77,99,104" hai2="20,22,48,52,57,82,84,88,93,97,102,124,127" /><INIT seed="2,1,1,2,5,22" ten="238,355,254,143" oya="2" hai0="17,65,35,66,85,115,9,29,123,3,107,33,82" hai1="52,38,110,28,103,135,2,26,67,62,54,24,100" hai2="5,105,39,102,25,13,56,40,133,78,76,95,93" hai3="36,21,112,32,55,30,8,80,94,88,114,0,79"/><V1/><F1/><W70/><G70/><T11/><D115/><N who="3" m="44073" /><G36/><T20/><D107/><U130/><E38/><V111/><F133/><W96/><G32/><T31/><D123/><U37/><E37/><V128/><F105/><W116/><G116/><T44/><D44/><U58/><E2/><V97/><F128/><W84/><G55/><T106/><D106/><U89/><E110/><V98/><F111/><W77/><G0/><T12/><D35/><U75/><E75/><V15/><F40/><W23/><G8/><N who="0" m="3147" /><D33/><U7/><E7/><V68/><F68/><W42/><G42/><T57/><D3/><U126/><E126/><V49/><F39/><W108/><G108/><T113/><D113/><U34/><E135/><V16/><F49/><W118/><G118/><T45/><D45/><U27/><E130/><V81/><F56/><W53/><G53/><N who="1" m="20586" /><E34/><V83/><F5/><W127/><G127/><T50/><D50/><U121/><E121/><V125/><F125/><W91/><G23/><T117/><D117/><U87/><E28/><N who="0" m="10825" /><D57/><U14/><E14/><V60/><F13/><W6/><G6/><T10/><N who="0" m="3155" /><T101/><DORA hai="72" /><D101/><U41/><E41/><V109/><F15/><W74/><G74/><T129/><D129/><U119/><E119/><V90/><F109/><W43/><G43/><T63/><D63/><U69/><E69/><V4/><F60/><W73/><G73/><T19/><D12/><U124/><E124/><V48/><F48/><W46/><G46/><T18/><D20/><U134/><E134/><V120/><F120/><W132/><G132/><RYUUKYOKU ba="1,1" sc="238,10,355,10,254,-30,143,10" hai0="17,18,19,65,66,82,85" hai1="24,26,27,58,62,67,87,89,100,103" hai3="21,30,77,79,80,84,88,91,94,96" /><INIT seed="3,2,1,0,0,11" ten="248,365,224,153" oya="3" hai0="67,86,31,74,127,130,27,77,90,71,24,58,14" hai1="103,83,106,19,65,50,57,5,108,100,116,7,1" hai2="52,42,93,47,118,132,22,48,102,95,119,96,79" hai3="115,73,109,122,56,54,2,3,134,41,18,75,30"/><W87/><G115/><T114/><D71/><U59/><E108/><V107/><F132/><W124/><G122/><T133/><D133/><U129/><E129/><V81/><F22/><W12/><G134/><T62/><D127/><U112/><E112/><V128/><F128/><W13/><G124/><T4/><D114/><U92/><E106/><V43/><F107/><W39/><G30/><T110/><D110/><U82/><E116/><V117/><REACH who="2" step="1"/><F95/><REACH who="2" ten="248,365,214,153" step="2"/><W63/><G109/><T89/><D130/><U72/><E92/><V70/><F70/><W68/><G68/><T34/><D27/><U17/><E83/><V91/><F91/><W25/><G87/><AGARI ba="2,2" hai="42,43,47,48,52,79,81,87,93,96,102,117,118,119" machi="87" ten="40,8000,1" yaku="1,1,54,1,53,2" doraHai="11" doraHaiUra="38" who="2" fromWho="3" sc="248,0,365,0,214,106,153,-86" owari="248,-15.2,365,46.5,320,12.0,67,-43.3" /></mjloggm>