<mjloggm ver="2.3"><GO type="225" lobby="0"/><UN n0="%43%68%65" n1="%6D%75%75%6D%75%72%61" n2="%E3%81%BE%E3%81%A8%E3%81%9F" n3="%E6%80%AA%E3%81%97%E3%81%99%E3%81%8E%E3%82%8B%E3%83%81%E3%83%BC" dan="16,16,16,16" rate="2166.87,2159.35,2169.31,2141.59" sx="M,F,M,M"/><TAIKYOKU oya="0"/><INIT seed="0,0,0,1,1,0" ten="250,250,250,250" oya="0" hai0="132,64,99,12,83,46,53,68,65,128,108,92,38" hai1="18,31,39,82,106,87,41,13,115,135,7,67,117" hai2="123,56,8,33,86,54,102,40,51,57,90,97,17" hai3="118,24,91,101,11,2,32,73,121,79,105,116,25"/><T74/><D132/><U34/><E117/><V72/><F33/><W119/><G91/><T71/><D128/><U133/><E106/><V126/><F72/><W80/><G121/><T131/><D131/><U66/><E115/><V55/><F126/><W3/><G25/><T21/><D108/><U26/><E39/><V98/><F40/><W5/><G3/><T78/><D71/><U52/><E41/><V16/><F123/><W49/><G49/><T95/><D68/><U110/><E110/><V114/><F114/><W59/><G59/><T36/><D92/><U76/><E7/><V70/><F70/><W45/><G45/><T81/><D81/><U100/><E100/><V23/><F8/><W84/><G84/><T20/><D38/><U125/><E125/><V10/><F10/><W127/><G127/><T130/><D130/><U113/><E52/><V1/><F1/><W44/><G44/><T94/><D94/><U42/><E42/><V19/><F23/><W30/><REACH who="3" step="1"/><G116/><REACH who="3" ten="250,250,250,240" step="2"/><T4/><D46/><U22/><REACH who="1" step="1"/><E113/><REACH who="1" ten="250,240,250,240" step="2"/><V129/><F129/><W50/><G50/><T103/><D36/><U124/><E124/><V29/><F102/><W63/><G63/><T89/><D103/><U60/><E60/><N who="2" m="35863" /><F29/><W61/><G61/><T9/><REACH who="0" step="1"/><D53/><REACH who="0" ten="240,240,250,240" step="2"/><U28/><E28/><V85/><F55/><W27/><G27/><T37/><D37/><U107/><E107/><V69/><F69/><W109/><G109/><T58/><D58/><U15/><E15/><V14/><F14/><W88/><G88/><T96/><D96/><AGARI ba="0,3" hai="2,5,11,24,30,32,73,79,80,96,101,105,118,119" machi="96" ten="40,8000,1" yaku="1,1,23,2,52,1,53,0" doraHai="0" doraHaiUra="47" who="3" fromWho="0" sc="240,-80,240,0,250,0,240,110" /><INIT seed="1,0,0,2,1,82" ten="160,240,250,350" oya="1" hai0="9,122,130,15,94,89,128,47,1,32,116,95,51" hai1="85,42,20,121,59,44,117,84,108,34,63,107,100" hai2="115,61,13,18,83,64,0,43,92,98,75,24,66" hai3="53,2,60,135,3,127,70,48,109,110,17,88,56"/><U99/><E117/><V119/><F119/><W28/><G127/><T80/><D116/><U101/><E34/><V50/><F0/><W55/><G135/><T102/><D32/><U16/><E121/><V26/><F75/><W77/><G28/><T112/><D1/><U120/><E101/><V41/><F115/><W65/><G77/><T81/><D112/><U35/><E35/><V38/><F38/><W131/><G131/><N who="0" m="50219" /><D122/><U11/><E11/><V68/><F66/><W40/><G40/><N who="0" m="25063" /><D102/><U27/><E108/><N who="3" m="41578" /><G17/><N who="0" m="8431" /><D95/><U69/><E69/><V19/><F83/><W118/><G118/><T21/><D21/><U57/><E120/><V71/><F71/><W129/><G129/><T97/><AGARI ba="0,0" hai="80,81,89,94,97" m="8431,25063,50219" machi="97" ten="30,1100,0" yaku="19,1" doraHai="82" who="0" fromWho="0" sc="160,11,240,-5,250,-3,350,-3" /><INIT seed="2,0,0,0,4,38" ten="171,235,247,347" oya="2" hai0="118,79,20,82,83,85,129,49,90,45,119,15,46" hai1="61,63,12,103,51,27,114,97,37,11,124,76,41" hai2="96,135,32,106,23,17,9,133,131,7,77,21,81" hai3="115,59,102,55,95,113,126,6,91,42,94,53,117"/><V71/><F32/><W127/><G42/><T24/><D129/><U29/><E114/><N who="3" m="43530" /><G6/><T78/><D15/><U121/><E37/><V99/><F71/><W80/><G117/><T50/><D90/><U87/><E124/><N who="3" m="47658" /><G102/><T40/><D20/><N who="2" m="7754" /><F17/><W107/><G107/><T19/><D19/><U109/><E109/><V14/><F131/><W132/><G132/><N who="2" m="50761" /><F106/><W52/><G59/><T54/><REACH who="0" step="1"/><D24/><REACH who="0" ten="161,235,247,347" step="2"/><U70/><E27/><V67/><F67/><W134/><G134/><T104/><D104/><U16/><E12/><V22/><F22/><W5/><G5/><T111/><D111/><U31/><E16/><V47/><F47/><W108/><G108/><T48/><D48/><U25/><E51/><V4/><F4/><W28/><G28/><T75/><AGARI ba="0,1" hai="40,45,46,49,50,54,75,78,79,82,83,85,118,119" machi="75" ten="30,4000,0" yaku="1,1,0,1,52,1,53,0" doraHai="38" doraHaiUra="130" who="0" fromWho="0" sc="161,50,235,-10,247,-20,347,-10" /><INIT seed="3,0,0,5,1,99" ten="211,225,227,337" oya="3" hai0="67,48,32,62,96,70,97,36,112,27,44,63,49" hai1="115,93,11,28,83,76,92,135,55,82,106,57,75" hai2="69,66,80,38,39,4,3,117,2,16,8,47,21" hai3="1,51,50,114,128,13,31,81,35,45,78,33,73"/><W105/><G105/><T12/><D112/><U132/><E115/><V22/><F2/><W24/><G1/><T68/><D36/><U10/><E106/><V134/><F117/><W89/><G128/><T20/><D32/><U71/><E71/><V30/><F134/><N who="1" m="51241" /><E28/><V87/><F47/><W129/><G33/><T122/><D122/><U52/><E83/><V72/><F72/><W86/><G129/><T74/><D74/><U95/><E52/><V17/><F30/><W125/><G125/><T56/><D12/><U61/><AGARI ba="0,0" hai="10,11,55,57,61,75,76,82,92,93,95" m="51241" machi="61" ten="30,1100,0" yaku="20,1" doraHai="99" who="1" fromWho="1" sc="211,-3,225,11,227,-3,337,-5" owari="208,-29.2,236,3.6,224,-17.6,332,43.2" /></mjloggm>