<mjloggm ver="2.3"><GO type="225" lobby="0"/><UN n0="%E6%9D%B1%E9%A2%A8%E3%81%AE%E3%81%8D%E3%82%83%E3%81%B7%E3%81%95%E3%82%93" n1="%E5%8D%A0%E3%81%84%E5%B8%AB%E8%A3%8F%E3%81%AA%E3%81%84%E3%81%97" n2="%E5%A4%9C%E3%81%AE%E3%82%AC%E3%82%B9%E3%83%91%E3%83%BC%E3%83%AB" n3="%E3%83%AD%E3%83%83%E3%83%86%E9%9B%80%E7%90%83" dan="17,17,17,16" rate="2160.74,2177.96,2218.09,2167.04" sx="M,M,M,M"/><TAIKYOKU oya="0"/><INIT seed="0,0,0,2,5,13" ten="250,250,250,250" oya="0" hai0="19,53,81,106,38,107,95,57,104,17,99,110,41" hai1="66,83,91,126,128,60,70,84,43,67,127,50,134" hai2="111,135,72,114,73,58,1,74,62,61,96,125,123" hai3="89,29,68,54,37,3,63,113,32,8,55,90,22"/><T80/><D38/><U23/><E128/><V49/><F114/><W21/><G37/><T27/><D41/><U119/><E119/><V78/><F123/><W109/><G113/><T51/><D110/><U18/><E66/><V12/><F1/><W30/><G32/><T6/><D6/><U86/><E134/><V20/><F111/><W122/><G109/><T79/><D27/><U56/><E84/><V31/><F125/><W75/><G75/><T132/><D132/><U26/><E43/><V42/><F78/><W48/><G68/><T7/><D7/><U33/><E33/><V64/><F135/><W65/><G8/><T71/><D71/><U92/><REACH who="1" step="1"/><E83/><REACH who="1" ten="250,240,250,250" step="2"/><V115/><F115/><W28/><G65/><T45/><D45/><U9/><E9/><V121/><F64/><W14/><G122/><T77/><D80/><U44/><E44/><V0/><F74/><W35/><G35/><T87/><REACH who="0" step="1"/><D79/><REACH who="0" ten="240,240,250,250" step="2"/><U103/><E103/><AGARI ba="0,2" hai="17,19,51,53,57,77,81,87,95,99,103,104,106,107" machi="103" ten="40,12000,1" yaku="1,1,2,1,52,2,53,0" doraHai="13" doraHaiUra="16" who="0" fromWho="1" sc="240,140,240,-120,250,0,250,0" /><INIT seed="0,1,0,3,1,25" ten="380,120,250,250" oya="0" hai0="129,41,107,132,40,79,9,38,124,121,109,114,85" hai1="91,130,123,63,117,118,112,18,113,72,10,133,12" hai2="98,90,102,6,8,105,131,44,59,92,73,87,21" hai3="110,101,128,65,115,77,97,70,86,134,22,78,19"/><T125/><D107/><U53/><E72/><V17/><F131/><W56/><G115/><N who="1" m="44106" /><E123/><V57/><F73/><W34/><G110/><T0/><D85/><U94/><E130/><V111/><F111/><W74/><G134/><T43/><D79/><U50/><E63/><V67/><F44/><W106/><G34/><T104/><D104/><U37/><E37/><V2/><REACH who="2" step="1"/><F67/><REACH who="2" ten="380,120,240,250" step="2"/><W95/><G65/><T14/><D129/><U48/><E133/><V108/><F108/><W15/><G74/><T33/><D109/><U81/><E81/><V23/><F23/><W93/><G22/><T27/><D114/><U71/><E71/><V68/><F68/><W11/><G70/><T64/><D132/><U100/><E100/><V32/><F32/><W127/><G128/><T119/><D64/><U3/><E3/><V83/><F83/><W75/><G75/><T126/><D33/><U55/><E55/><V99/><F99/><W20/><G97/><T47/><D0/><U76/><E76/><V39/><F39/><W24/><G101/><T61/><D38/><U30/><E53/><V31/><F31/><W13/><G78/><T135/><D135/><U42/><E30/><V62/><F62/><W88/><G77/><T58/><D61/><U52/><E42/><V7/><F7/><W66/><G66/><T103/><D41/><U80/><E80/><V4/><F4/><W49/><G20/><T1/><D43/><U60/><E60/><V82/><F82/><W120/><G120/><T84/><D121/><U5/><E5/><V29/><F29/><W122/><G122/><RYUUKYOKU ba="1,1" sc="380,-10,120,-10,240,30,250,-10" hai2="2,6,8,17,21,57,59,87,90,92,98,102,105" /><INIT seed="1,2,1,0,3,62" ten="370,110,270,240" oya="1" hai0="134,24,111,8,50,39,80,92,2,105,45,103,112" hai1="46,69,19,130,79,10,132,125,32,86,128,95,129" hai2="3,27,77,84,43,42,59,60,22,38,119,124,121" hai3="107,118,66,78,35,36,40,57,20,58,73,16,65"/><U61/><E32/><V41/><F121/><W30/><G107/><T113/><D105/><U102/><E132/><V26/><F119/><W133/><G118/><T120/><D39/><U97/><E125/><V85/><F3/><W108/><G133/><T100/><D134/><U114/><E114/><V131/><F38/><W70/><G108/><T47/><D120/><U81/><E46/><V37/><F37/><W90/><G70/><T6/><D111/><U1/><E19/><V135/><F135/><W5/><G5/><T98/><D103/><U101/><E101/><V126/><F131/><W68/><G68/><T21/><D80/><U18/><E18/><N who="2" m="12631" /><F77/><W72/><G30/><T71/><D71/><U56/><E69/><V82/><F27/><W29/><G29/><T33/><D33/><U64/><E1/><V23/><F23/><W53/><G90/><T104/><D104/><U91/><REACH who="1" step="1"/><E102/><REACH who="1" ten="370,100,270,240" step="2"/><V15/><F124/><W11/><G16/><T34/><D34/><U17/><E17/><V83/><F126/><W49/><G35/><T28/><D45/><U106/><E106/><V99/><F15/><W74/><G20/><T76/><D112/><U7/><E7/><V75/><F43/><W94/><G40/><N who="0" m="24935" /><D113/><U54/><E54/><V109/><F109/><W51/><G53/><T127/><D127/><U88/><E88/><V9/><F42/><W0/><G0/><T14/><D2/><U123/><E123/><V89/><F41/><W4/><G4/><T117/><D117/><U93/><E93/><V13/><F89/><W122/><G122/><T63/><D76/><RYUUKYOKU ba="2,2" sc="370,15,100,15,270,-15,240,-15" hai0="6,8,14,21,24,28,63,92,98,100" hai1="10,56,61,64,79,81,86,91,95,97,128,129,130" /><INIT seed="1,3,2,1,2,55" ten="385,115,255,225" oya="1" hai0="29,101,126,116,77,99,93,22,52,127,57,68,106" hai1="65,100,50,34,76,70,54,3,121,43,105,118,124" hai2="69,98,92,84,0,1,71,18,96,42,13,129,97" hai3="132,30,10,45,78,59,120,112,40,135,41,67,5"/><U24/><E118/><V27/><F129/><W107/><G120/><T83/><D68/><U73/><E121/><V49/><F27/><W102/><G112/><T63/><D116/><U103/><E124/><N who="0" m="47657" /><D22/><U110/><E3/><V133/><F133/><N who="3" m="51275" /><G78/><T37/><D29/><N who="1" m="19751" /><E100/><V12/><F42/><W28/><G107/><T17/><D17/><U125/><E125/><V130/><F130/><W122/><G102/><T82/><D37/><U14/><E14/><V38/><F38/><N who="3" m="21655" /><G41/><T32/><D32/><U131/><E131/><V8/><F13/><N who="3" m="5327" /><G122/><T25/><D25/><U86/><E43/><V108/><F1/><W46/><G46/><T36/><D36/><U109/><E73/><V39/><F0/><W7/><G7/><T87/><D82/><U31/><E31/><V56/><F39/><W114/><G114/><T90/><D106/><U113/><E113/><V9/><F12/><W104/><G104/><T19/><D19/><U123/><E123/><V35/><F18/><W47/><G47/><T11/><D11/><U4/><E4/><V88/><F35/><W85/><G85/><T48/><D101/><U111/><E86/><V21/><F21/><W15/><G15/><T89/><D77/><U66/><E76/><V6/><F6/><W75/><G75/><T58/><D63/><AGARI ba="3,2" hai="28,30,59,63,67" m="5327,21655,51275" machi="63" ten="30,2000,0" yaku="20,1,52,1" doraHai="55" who="3" fromWho="0" sc="385,-29,115,0,255,0,225,49" /><INIT seed="2,0,0,3,4,73" ten="356,115,255,274" oya="2" hai0="17,53,22,62,76,122,119,131,99,111,25,20,88" hai1="102,71,117,61,97,18,21,134,78,87,41,47,129" hai2="10,69,96,89,135,94,132,80,14,90,98,4,57" hai3="77,124,29,74,127,66,2,32,42,51,30,112,39"/><V9/><F69/><W15/><G2/><T55/><D131/><U101/><E117/><V33/><F33/><W92/><G39/><T107/><D119/><U70/><E134/><N who="2" m="51243" /><F57/><W48/><G112/><T19/><D122/><U126/><E126/><V123/><F123/><W115/><G115/><T49/><D111/><U86/><E129/><V46/><F46/><W58/><G92/><N who="0" m="56711" /><D107/><U103/><E97/><N who="2" m="57551" /><F10/><W11/><G11/><T108/><D108/><U106/><E106/><V0/><F0/><W85/><G58/><N who="0" m="35151" /><D76/><U28/><E28/><V116/><F116/><W35/><G30/><N who="0" m="17703" /><D22/><U43/><E43/><V23/><F23/><W34/><G42/><T44/><AGARI ba="0,0" hai="17,19,44,49,55" m="17703,35151,56711" machi="44" ten="30,2000,0" yaku="8,1,54,1" doraHai="73" who="0" fromWho="0" sc="356,20,115,-5,255,-10,274,-5" /><INIT seed="3,0,0,4,5,38" ten="376,110,245,269" oya="3" hai0="12,16,19,118,134,94,26,21,132,48,42,120,133" hai1="73,20,77,72,75,32,43,106,99,126,125,71,7" hai2="104,135,81,62,33,88,17,40,37,59,2,64,49" hai3="25,79,122,129,63,96,86,3,69,8,57,90,39"/><W131/><G69/><T4/><D120/><U80/><E20/><V56/><F2/><W116/><G116/><T28/><D118/><U58/><E58/><V110/><F104/><W109/><G122/><T68/><D68/><U100/><E7/><V82/><F110/><W0/><G39/><T124/><D94/><U87/><E32/><V13/><F33/><W1/><G109/><T50/><D124/><U10/><E10/><N who="2" m="6327" /><F37/><W103/><G79/><T91/><D91/><U23/><E23/><V113/><F113/><W30/><G8/><N who="0" m="4103" /><D48/><U92/><E43/><V41/><F135/><W93/><G25/><T130/><D130/><U95/><E71/><V9/><F9/><W54/><REACH who="3" step="1"/><G30/><REACH who="3" ten="376,110,245,259" step="2"/><T121/><D121/><U65/><REACH who="1" step="1"/><E65/><REACH who="1" ten="376,100,245,259" step="2"/><V31/><F64/><W115/><G115/><T98/><D134/><U6/><E6/><V76/><F31/><W29/><G29/><T27/><D133/><U89/><E89/><V18/><F88/><W47/><G47/><N who="0" m="25975" /><D132/><U107/><E107/><AGARI ba="0,2" hai="0,1,3,54,57,63,86,90,93,96,103,107,129,131" machi="107" ten="40,2000,0" yaku="1,1,53,0" doraHai="38" doraHaiUra="24" who="3" fromWho="1" sc="376,0,100,-20,245,0,259,40" /><INIT seed="3,1,0,1,0,56" ten="376,80,245,299" oya="3" hai0="133,118,40,33,106,96,51,102,25,89,115,129,66" hai1="99,11,57,110,128,3,103,59,90,132,72,4,127" hai2="134,74,73,26,62,78,61,75,112,85,93,5,20" hai3="55,49,107,28,46,108,123,8,91,63,10,71,69"/><W116/><G116/><T80/><D118/><U7/><E110/><V41/><F112/><W88/><G123/><T58/><D129/><U92/><E72/><V104/><F104/><W105/><G108/><T24/><D133/><U65/><E128/><V130/><F130/><W64/><G71/><T131/><D131/><U23/><E132/><V14/><F134/><W42/><G28/><T36/><D115/><U82/><E127/><V6/><F41/><W109/><G109/><T15/><D33/><U126/><E126/><V53/><F53/><W16/><G107/><T45/><D15/><U94/><E3/><V32/><F32/><W100/><G100/><T76/><D89/><N who="3" m="34377" /><G105/><T87/><D36/><U1/><E82/><V54/><F54/><W34/><G34/><T68/><D68/><U135/><E135/><V21/><F93/><W17/><G64/><T124/><D124/><U22/><E4/><V83/><F14/><W98/><G69/><T12/><D12/><U79/><E79/><V60/><REACH who="2" step="1"/><F21/><REACH who="2" ten="376,80,235,299" step="2"/><W9/><G98/><T77/><D96/><U37/><E37/><V47/><F47/><W125/><G125/><T44/><D44/><U29/><E29/><AGARI ba="1,1" hai="5,6,20,26,29,60,61,62,73,74,75,78,83,85" machi="29" ten="50,8000,1" yaku="1,1,52,3,53,0" doraHai="56" doraHaiUra="43" who="2" fromWho="1" sc="376,0,80,-83,235,93,299,0" owari="376,47.6,-3,-50.3,328,12.8,299,-10.1" /></mjloggm>