<mjloggm ver="2.3"><GO type="225" lobby="0"/><UN n0="%E3%83%AB%E3%83%9B%E3%83%B3%E3%83%87%E3%82%A3%E3%82%A8" n1="%E3%81%A9%E3%82%8F%E3%82%93%E3%81%94" n2="%E3%83%97%E3%83%AC%E3%83%B4%E3%82%A1%E3%83%86%E3%82%A3" n3="%E3%82%82%E3%82%93%E3%81%8D%E3%82%93%E3%81%90" dan="17,16,16,16" rate="2178.23,2033.35,2085.73,2075.41" sx="M,M,F,M"/><TAIKYOKU oya="0"/><INIT seed="0,0,0,1,5,130" ten="250,250,250,250" oya="0" hai0="79,58,124,108,65,31,62,84,121,4,103,81,37" hai1="131,109,24,69,127,5,27,78,48,117,113,6,125" hai2="92,87,9,119,77,17,114,59,54,30,133,120,34" hai3="95,75,12,93,101,94,7,46,68,28,91,20,115"/><T98/><D121/><U83/><E69/><V2/><F120/><W104/><G68/><T35/><D124/><N who="1" m="47691" /><E117/><V106/><F114/><W44/><G75/><T45/><D108/><U85/><E109/><V60/><F106/><W42/><G115/><T107/><D4/><N who="1" m="1643" /><E131/><V11/><F119/><W16/><G104/><T3/><D3/><U57/><E113/><V40/><F2/><W123/><G101/><T71/><D58/><U134/><E134/><V90/><F133/><W118/><G118/><T100/><D100/><U55/><AGARI ba="0,0" hai="24,27,48,55,57,78,83,85" m="1643,47691" machi="55" ten="30,1100,0" yaku="18,1" doraHai="130" who="1" fromWho="1" sc="250,-5,250,11,250,-3,250,-3" /><INIT seed="1,0,0,4,5,8" ten="245,261,247,247" oya="1" hai0="88,108,95,113,127,107,24,91,28,77,48,93,39" hai1="20,92,12,23,101,10,31,76,97,85,81,80,49" hai2="64,2,59,73,11,22,70,50,74,123,126,25,98" hai3="78,82,17,5,3,105,89,66,46,18,96,1,45"/><U69/><E69/><V84/><F123/><W122/><G66/><T124/><D39/><U43/><E81/><V79/><F126/><N who="0" m="48170" /><D113/><U61/><E61/><V63/><F84/><W58/><G58/><T54/><D107/><U27/><E27/><V56/><F79/><W37/><G122/><T13/><D77/><U21/><E31/><V102/><F2/><W75/><G1/><T26/><D108/><U42/><REACH who="1" step="1"/><E49/><REACH who="1" ten="245,251,247,247" step="2"/><V132/><F70/><W47/><G82/><T112/><D28/><U103/><E103/><V6/><F132/><W104/><G37/><T14/><D24/><U15/><E15/><N who="2" m="5623" /><F50/><W117/><G3/><T121/><D26/><U32/><E32/><V115/><F115/><W60/><G60/><T29/><D29/><U40/><E40/><V53/><F73/><W114/><G75/><T55/><D48/><U34/><E34/><V109/><F74/><W119/><G114/><T57/><D112/><U99/><E99/><V38/><F38/><W83/><G96/><T110/><D13/><U0/><E0/><V51/><F109/><W44/><G83/><T135/><D14/><U86/><E86/><V94/><F25/><W129/><G105/><T90/><D110/><U35/><E35/><V41/><F41/><W33/><G104/><T52/><D121/><U68/><E68/><V9/><F9/><W16/><G33/><T133/><D57/><U72/><E72/><V4/><F22/><W71/><G71/><T134/><AGARI ba="0,1" hai="52,54,55,88,90,91,93,95,133,134,135" m="48170" machi="134" ten="50,16000,3" yaku="29,2,28,2,20,1,18,1,54,2" doraHai="8" who="0" fromWho="0" sc="245,170,251,-80,247,-40,247,-40" /><INIT seed="2,0,0,4,3,69" ten="415,171,207,207" oya="2" hai0="17,78,44,88,32,7,49,15,114,135,95,62,100" hai1="71,51,90,87,60,11,113,41,57,21,118,42,68" hai2="10,23,6,64,20,117,36,1,98,119,105,103,55" hai3="128,83,99,29,74,9,93,63,82,8,110,123,34"/><V35/><F35/><W84/><G123/><T59/><D32/><U130/><E11/><V40/><F55/><W0/><G110/><T107/><D78/><U39/><E21/><V124/><F64/><W33/><G128/><T104/><D7/><U115/><E87/><V129/><F129/><W4/><G74/><T18/><D100/><U24/><E24/><V13/><F23/><W61/><G9/><T26/><D26/><U131/><E90/><V80/><F20/><W2/><G2/><T52/><D135/><U125/><E118/><V108/><F13/><W101/><G83/><T70/><D70/><N who="1" m="26667" /><E51/><V58/><F58/><W112/><G112/><N who="1" m="43082" /><E125/><V25/><F25/><W43/><G29/><T109/><D114/><U67/><E42/><V120/><F124/><W50/><G33/><T89/><D89/><U106/><E106/><V81/><F120/><W54/><G43/><T102/><D102/><U127/><E127/><V116/><REACH who="2" step="1"/><F108/><REACH who="2" ten="415,171,197,207" step="2"/><W37/><G34/><T46/><D109/><U16/><E16/><V19/><F19/><W73/><G0/><T92/><D17/><U28/><E28/><V111/><F111/><W30/><G30/><T48/><D18/><U14/><E14/><V121/><F121/><W53/><G8/><T47/><D15/><U133/><E133/><V12/><F12/><W72/><G4/><T86/><D59/><U38/><E41/><V122/><F122/><W79/><G54/><T134/><D52/><U5/><E5/><V77/><F77/><W126/><G126/><T22/><D134/><U97/><E97/><V65/><F65/><RYUUKYOKU ba="0,1" sc="415,-15,171,15,197,15,207,-15" hai1="38,39,57,60,67,130,131" hai2="1,6,10,36,40,80,81,98,103,105,116,117,119" /><INIT seed="2,1,1,1,0,71" ten="400,186,212,192" oya="2" hai0="60,84,51,130,114,70,92,89,3,39,133,79,50" hai1="120,2,127,99,111,58,6,96,82,38,16,91,83" hai2="28,23,12,35,118,4,73,22,19,56,78,121,77" hai3="98,62,86,42,122,117,95,9,131,18,80,10,36"/><V7/><F118/><W15/><G122/><T20/><D3/><U101/><E38/><V32/><F121/><W5/><G131/><T123/><D39/><U45/><E120/><V110/><F73/><W65/><G117/><T59/><D70/><U125/><E111/><V63/><F110/><W102/><G42/><T26/><D114/><U66/><E45/><V8/><F78/><W57/><G36/><T67/><D133/><U29/><E29/><V85/><F85/><W54/><G65/><T72/><D130/><U46/><E46/><V27/><F77/><W40/><G40/><T100/><D100/><U0/><E16/><N who="2" m="10503" /><F56/><W68/><G68/><T69/><D69/><U17/><E17/><V116/><F63/><W33/><G33/><N who="2" m="12873" /><F116/><W132/><G132/><T112/><D112/><U13/><E91/><V52/><F52/><W126/><G5/><T76/><D123/><U81/><E66/><V107/><F107/><W21/><REACH who="3" step="1"/><G126/><REACH who="3" ten="400,186,212,182" step="2"/><N who="1" m="48138" /><E58/><V44/><F44/><W24/><G24/><T25/><D26/><U134/><E134/><V113/><F113/><W124/><G124/><T1/><D59/><U88/><E6/><V135/><F135/><W105/><G105/><T104/><D25/><U49/><E49/><V74/><F74/><W106/><G106/><T115/><D50/><U128/><E128/><V48/><F48/><W90/><AGARI ba="1,2" hai="9,10,15,18,21,54,57,62,80,86,90,95,98,102" machi="90" ten="20,5200,0" yaku="1,1,0,1,7,1,8,1,53,0" doraHai="71" doraHaiUra="129" who="3" fromWho="3" sc="400,-14,186,-14,212,-27,182,75" /><INIT seed="3,0,0,0,3,53" ten="386,172,185,257" oya="3" hai0="54,131,71,46,23,44,130,94,52,112,45,99,107" hai1="128,126,22,37,29,41,50,72,13,89,79,21,132" hai2="84,77,69,62,43,1,15,65,116,80,28,4,32" hai3="113,119,115,61,75,82,60,122,70,129,26,48,63"/><W57/><G75/><T111/><D107/><U127/><E37/><V38/><F116/><W7/><G7/><T121/><D71/><U95/><E132/><V103/><F1/><W120/><G82/><T16/><D121/><U117/><E117/><V8/><F103/><W24/><G70/><T49/><D111/><U100/><E100/><V10/><F10/><W31/><G119/><T125/><D125/><N who="1" m="47627" /><E128/><N who="0" m="49193" /><D54/><U85/><E29/><V110/><F110/><W39/><G39/><T66/><D66/><U3/><E3/><V5/><F32/><W87/><G129/><T67/><D67/><U59/><E13/><V91/><F28/><W133/><G133/><T42/><D42/><U20/><E41/><V0/><F0/><W93/><G120/><T106/><D106/><U108/><E108/><V6/><F38/><W33/><G24/><N who="0" m="14439" /><D112/><U98/><E72/><V124/><F43/><W118/><G118/><T30/><D30/><U9/><E9/><V101/><F124/><W90/><G122/><T14/><D14/><U109/><E109/><V12/><F12/><W19/><G19/><T97/><D97/><U86/><E79/><V35/><F35/><W25/><G25/><T34/><D34/><U135/><E135/><V56/><F69/><W96/><G96/><T88/><AGARI ba="0,0" hai="44,45,46,49,52,88,94,99" m="14439,49193" machi="88" ten="30,7900,0" yaku="19,1,54,3" doraHai="53" who="0" fromWho="0" sc="386,79,172,-20,185,-20,257,-39" owari="465,56.5,152,-34.8,165,-23.5,218,1.8" /></mjloggm>