<mjloggm ver="2.3"><GO type="225" lobby="0"/><UN n0="%E5%8D%A0%E3%81%84%E5%B8%AB%E8%A3%8F%E3%81%AA%E3%81%84%E3%81%97" n1="%E3%80%90%E3%83%88%E3%83%AA%E3%83%A5%E3%83%95%E3%80%91" n2="%E6%B8%A9%E2%98%85%E6%83%85%E2%98%85%E6%8E%AA%E2%98%85%E7%BD%AE" n3="%E7%AB%8B%E7%9B%B4%E5%A5%BD%E6%A3%92%40%E5%BF%98" dan="17,16,17,17" rate="2202.51,2122.94,2157.81,2116.23" sx="M,M,M,M"/><TAIKYOKU oya="0"/><INIT seed="0,0,0,4,2,43" ten="250,250,250,250" oya="0" hai0="51,0,111,8,58,92,50,106,37,63,34,7,114" hai1="108,19,59,93,132,135,47,24,126,112,121,68,41" hai2="11,101,95,49,33,10,14,90,96,77,53,66,86" hai3="130,2,82,48,102,18,122,26,113,94,99,69,62"/><T76/><D114/><U38/><E121/><V9/><F33/><W3/><G113/><T54/><D106/><U56/><E93/><V1/><F1/><W123/><G130/><T78/><D37/><U72/><E72/><V67/><F77/><W125/><G125/><T133/><D34/><U118/><E112/><V81/><REACH who="2" step="1"/><F14/><REACH who="2" ten="250,250,240,250" step="2"/><W21/><G2/><T124/><D124/><U20/><E126/><V36/><F36/><W129/><G3/><T44/><D133/><U80/><E132/><V17/><F17/><W70/><G129/><T22/><D111/><U85/><E108/><V105/><F105/><W110/><G110/><T84/><D22/><U45/><E135/><V5/><F5/><W28/><G18/><T97/><D84/><U31/><E118/><V32/><F32/><W131/><G131/><T117/><D117/><U46/><E19/><V25/><F25/><W52/><G122/><T104/><D104/><U64/><E68/><V83/><F83/><W61/><G123/><T79/><D79/><U128/><E128/><V29/><F29/><W60/><REACH who="3" step="1"/><G82/><REACH who="3" ten="250,250,240,240" step="2"/><T35/><D0/><U4/><E80/><V116/><F116/><W13/><G13/><T55/><D7/><U40/><E4/><V65/><F65/><W23/><G23/><T6/><D6/><U115/><E115/><V39/><F39/><W42/><G42/><T119/><D119/><U16/><E16/><V15/><F15/><W134/><G134/><T98/><D35/><U12/><E12/><V103/><F103/><W74/><G74/><T87/><D8/><U100/><E38/><RYUUKYOKU ba="0,2" sc="250,-15,250,-15,240,15,240,15" hai2="9,10,11,49,53,66,67,81,86,90,95,96,101" hai3="21,26,28,48,52,60,61,62,69,70,94,99,102" /><INIT seed="1,1,2,4,1,47" ten="235,235,255,255" oya="1" hai0="88,100,49,122,132,94,54,59,18,45,6,0,57" hai1="36,25,97,119,112,41,3,129,31,113,70,19,56" hai2="102,111,108,27,7,55,87,69,50,13,34,32,4" hai3="46,126,107,8,83,1,51,116,104,12,80,38,98"/><U77/><E119/><V78/><F69/><W96/><G1/><T130/><D130/><U89/><E70/><V52/><F102/><W118/><G38/><T60/><D132/><U53/><E3/><V71/><F71/><W11/><G126/><T79/><D122/><U58/><E129/><V37/><F37/><W33/><G33/><N who="2" m="12905" /><F27/><W103/><G98/><T24/><D79/><U40/><E112/><V29/><F29/><W68/><G107/><T73/><D73/><U10/><E113/><V95/><F55/><W91/><G68/><T121/><D121/><U128/><E77/><V9/><F13/><W90/><G83/><T92/><D6/><U15/><E58/><V75/><F9/><W99/><G8/><T62/><D0/><U28/><E36/><V76/><F76/><W101/><G101/><T133/><D133/><U81/><E128/><V39/><F39/><W115/><G115/><T86/><D59/><U61/><E31/><V22/><F22/><W120/><G120/><T63/><D18/><U123/><E123/><V93/><F75/><W65/><G65/><N who="0" m="39055" /><D24/><U14/><E14/><V135/><F135/><W23/><G23/><T82/><D82/><U124/><E81/><N who="2" m="47543" /><F4/><N who="3" m="3175" /><G80/><T134/><D134/><U85/><E85/><V17/><F17/><W35/><G35/><T26/><D26/><U16/><E28/><V114/><F7/><W72/><G72/><T106/><D106/><U125/><E125/><V110/><F114/><W5/><G5/><T67/><D67/><U20/><E124/><V127/><F127/><W109/><G104/><T21/><D21/><RYUUKYOKU ba="1,2" sc="235,10,235,10,255,10,255,-30" hai0="45,49,54,62,63,86,88,92,94,100" hai1="10,15,16,19,20,25,40,41,53,56,61,89,97" hai2="50,52,93,95,108,110,111" /><INIT seed="1,2,2,2,0,97" ten="245,245,265,225" oya="1" hai0="123,120,73,104,105,113,74,78,35,94,110,132,66" hai1="111,99,62,87,70,77,76,116,14,133,54,114,91" hai2="48,46,25,103,2,11,92,36,20,29,64,42,117" hai3="135,56,108,86,67,28,50,128,24,93,7,101,30"/><U41/><E114/><V26/><F117/><W107/><G108/><T118/><D113/><U88/><E116/><V131/><F131/><W125/><G128/><T69/><D118/><U33/><E33/><V72/><F72/><N who="0" m="27754" /><D35/><U43/><E70/><V12/><F2/><W37/><G37/><T18/><D110/><U82/><E14/><V3/><F3/><W79/><G125/><T121/><D78/><N who="1" m="30315" /><E133/><V109/><F109/><W124/><G124/><T16/><D132/><U90/><E111/><V80/><F64/><W63/><G135/><T55/><D55/><U59/><E99/><N who="2" m="59879" /><F36/><W22/><G7/><T1/><D94/><U51/><E41/><V89/><F26/><W127/><G127/><T53/><D53/><U31/><E31/><V126/><F126/><W0/><G0/><T34/><D34/><U60/><E43/><V6/><F80/><N who="3" m="47391" /><G107/><N who="0" m="41035" /><D1/><U134/><E134/><V44/><F44/><W84/><G30/><T129/><D129/><U13/><E13/><V57/><F57/><W68/><G68/><T71/><D71/><U58/><E51/><V9/><F9/><W39/><G39/><T119/><D119/><U52/><AGARI ba="2,2" hai="52,54,58,59,60,62,82,87,88,90,91" m="30315" machi="52" ten="30,6000,0" yaku="8,1,54,2" doraHai="97" who="1" fromWho="1" sc="245,-22,245,86,265,-22,225,-22" /><INIT seed="1,3,0,0,5,108" ten="223,331,243,203" oya="1" hai0="51,56,54,132,62,49,64,16,59,5,116,34,9" hai1="18,30,53,135,130,10,38,32,82,72,31,41,68" hai2="65,37,26,90,111,88,58,8,77,52,109,124,102" hai3="114,2,113,98,47,33,4,19,55,91,84,112,43"/><U97/><E130/><V22/><F37/><W105/><G33/><T110/><D116/><U104/><E135/><V123/><F123/><W127/><G127/><T101/><D34/><U60/><E53/><V15/><F124/><W93/><G55/><T29/><D29/><U74/><E30/><N who="2" m="17751" /><F77/><W69/><G69/><T14/><D132/><U28/><E28/><V128/><F102/><W117/><G117/><T131/><D110/><N who="2" m="41994" /><F65/><W3/><G19/><T11/><D131/><U121/><E121/><V35/><F35/><W1/><G4/><T119/><D119/><U81/><E74/><V79/><F79/><W50/><REACH who="3" step="1"/><G105/><REACH who="3" ten="223,331,243,193" step="2"/><T118/><D118/><U95/><E104/><V13/><F128/><W48/><G48/><T96/><D51/><U27/><E68/><V46/><F46/><W92/><G92/><N who="0" m="58503" /><D5/><U71/><E71/><V106/><F106/><W122/><G122/><T6/><D6/><U94/><E38/><V76/><F15/><W99/><AGARI ba="3,1" hai="1,2,3,43,47,50,84,91,93,98,99,112,113,114" machi="99" ten="40,8000,1" yaku="1,1,0,1,52,3,53,0" doraHai="108" doraHaiUra="133" who="3" fromWho="3" sc="223,-23,331,-43,243,-23,193,99" /><INIT seed="2,0,0,0,2,48" ten="200,288,220,292" oya="2" hai0="0,49,77,114,67,17,58,28,129,122,88,22,72" hai1="130,15,91,50,6,81,78,75,24,59,64,100,109" hai2="99,13,127,97,102,9,131,121,80,84,5,45,104" hai3="27,108,3,8,134,101,132,135,16,113,39,105,36"/><V56/><F131/><W120/><G120/><T19/><D122/><U38/><E130/><V71/><F121/><W41/><G108/><T32/><D129/><U106/><E109/><V68/><F127/><W47/><G113/><T18/><D0/><U33/><E38/><V86/><F97/><N who="3" m="61615" /><G39/><T126/><D114/><U96/><E6/><V69/><F45/><W46/><G46/><T21/><D126/><U61/><E50/><V10/><F80/><W110/><G110/><T95/><D72/><U111/><E111/><V70/><N who="2" m="17408" /><DORA hai="98" /><V85/><F56/><W118/><G118/><T60/><D77/><U4/><E4/><V14/><REACH who="2" step="1"/><F86/><REACH who="2" ten="200,288,210,292" step="2"/><W66/><G47/><T119/><D119/><U31/><E75/><V128/><F128/><W79/><G134/><T107/><D107/><U112/><E112/><V90/><F90/><W82/><G82/><T34/><D88/><U26/><E91/><V73/><F73/><W65/><G132/><T57/><D95/><U55/><E81/><V51/><F51/><W62/><G36/><T125/><D125/><U40/><E96/><V76/><F76/><W11/><G79/><T1/><D49/><U2/><E78/><V20/><F20/><W52/><G135/><T87/><D87/><U123/><E59/><V43/><F43/><W54/><G41/><T117/><D57/><U93/><E40/><V83/><F83/><W35/><G62/><T44/><D44/><U53/><E61/><V7/><AGARI ba="0,1" hai="5,7,9,10,13,14,84,85,99,102,104" m="17408" machi="7" ten="60,12000,1" yaku="1,1,0,1,9,1,52,1,53,0" doraHai="48,98" doraHaiUra="116,42" who="2" fromWho="2" sc="200,-40,288,-40,210,130,292,-40" /><INIT seed="2,1,0,3,4,49" ten="160,248,340,252" oya="2" hai0="30,91,120,71,41,61,13,42,38,37,132,70,2" hai1="25,107,50,19,85,43,101,22,100,81,58,60,36" hai2="10,95,99,63,67,27,54,53,64,114,35,108,45" hai3="116,117,39,118,73,12,126,16,98,51,17,7,74"/><V135/><F114/><W68/><G39/><T96/><D2/><U125/><E125/><V11/><F35/><W109/><G68/><T1/><D120/><U106/><E36/><V77/><F77/><W9/><G126/><T133/><D1/><U103/><E50/><N who="2" m="28879" /><F27/><W0/><G109/><T75/><D13/><U20/><E43/><V122/><F122/><W112/><G112/><T89/><D96/><U8/><E8/><N who="2" m="3115" /><F135/><W32/><G32/><T31/><REACH who="0" step="1"/><D61/><REACH who="0" ten="150,248,340,252" step="2"/><U90/><REACH who="1" step="1"/><E22/><REACH who="1" ten="150,238,340,252" step="2"/><V87/><F108/><W130/><G0/><T104/><D104/><U59/><E59/><N who="2" m="35319" /><F87/><W65/><G117/><T28/><D28/><U47/><E47/><V66/><F66/><AGARI ba="1,2" hai="19,20,25,58,60,66,81,85,90,100,101,103,106,107" machi="66" ten="40,2600,0" yaku="1,1,53,1" doraHai="49" doraHaiUra="52" who="1" fromWho="2" sc="150,0,238,49,340,-29,252,0" /><INIT seed="3,0,0,2,4,112" ten="150,287,311,252" oya="3" hai0="9,5,130,106,120,64,132,11,116,114,131,128,69" hai1="117,22,121,87,40,115,24,44,71,101,33,18,110" hai2="62,30,79,127,100,73,17,37,1,134,93,85,2" hai3="49,90,6,68,133,109,89,0,104,81,13,19,99"/><W50/><G68/><T122/><D106/><U23/><E115/><V70/><F37/><W21/><G133/><T10/><D114/><U48/><E121/><N who="0" m="46697" /><D64/><U58/><E110/><V76/><F30/><W82/><G109/><T27/><D69/><U83/><E71/><V16/><F73/><W124/><G124/><T52/><D132/><U57/><E33/><V55/><F134/><W28/><G104/><T43/><D43/><U53/><E117/><V15/><F2/><W95/><G28/><T39/><D39/><U51/><E101/><V59/><F1/><W14/><G0/><N who="0" m="167" /><D52/><U107/><E107/><V8/><F127/><W60/><G60/><T61/><D61/><U42/><E42/><V86/><F17/><N who="3" m="10415" /><G6/><T97/><D97/><U77/><REACH who="1" step="1"/><E23/><REACH who="1" ten="150,277,311,252" step="2"/><V129/><F70/><W75/><G75/><T29/><D116/><U31/><E31/><V78/><F100/><W25/><G90/><T67/><D67/><U66/><E66/><V92/><F78/><W26/><G82/><T4/><D4/><U119/><E119/><V54/><F79/><W36/><G81/><T34/><AGARI ba="0,1" hai="10,11,27,29,34,128,130,131" m="167,46697" machi="34" ten="40,5200,0" yaku="19,1,34,2" doraHai="112" who="0" fromWho="0" sc="150,62,277,-13,311,-13,252,-26" /><INIT seed="4,0,0,1,2,32" ten="212,264,298,226" oya="0" hai0="87,94,43,108,128,51,124,50,53,79,8,36,49" hai1="15,109,66,114,96,29,30,40,86,75,4,89,13" hai2="22,55,46,80,11,70,44,20,133,105,41,72,60" hai3="28,84,101,118,119,134,106,38,57,56,78,85,92"/><T98/><D124/><U83/><E109/><V16/><F105/><W102/><G38/><T58/><D128/><U127/><E127/><V95/><F133/><W26/><G106/><T131/><D131/><U110/><E110/><V112/><F112/><W0/><G134/><T104/><D108/><U121/><E121/><V132/><F132/><W6/><G78/><T130/><D130/><U91/><E75/><V100/><F70/><W71/><G71/><T61/><D104/><U19/><E66/><V93/><F80/><W129/><G129/><T113/><D113/><U10/><E40/><V34/><F34/><W116/><G26/><T82/><D36/><U103/><E91/><V45/><F41/><W73/><G28/><T115/><D115/><U18/><E4/><V68/><F72/><W59/><G73/><T17/><D43/><U48/><E48/><V99/><F93/><W25/><G25/><T23/><D8/><U37/><E37/><V67/><F55/><W81/><G92/><T39/><D39/><U122/><E122/><V12/><AGARI ba="0,0" hai="11,12,16,20,22,44,45,46,60,67,68,95,99,100" machi="12" ten="30,2000,0" yaku="0,1,54,1" doraHai="32" who="2" fromWho="2" sc="212,-10,264,-5,298,20,226,-5" owari="202,-29.8,259,5.9,318,41.8,221,-17.9" /></mjloggm>