<mjloggm ver="2.3"><GO type="225" lobby="0"/><UN n0="%E3%81%BF%E3%81%BF%E3%81%9A" n1="%77%72%77%72%77%72%77%72" n2="%E3%83%81%E3%83%AF%E3%83%AF%E9%9A%8A%E9%95%B7" n3="%72%65%6E%6B%75%6E" dan="18,17,16,17" rate="2262.38,2191.81,2090.22,2200.18" sx="M,M,M,M"/><TAIKYOKU oya="0"/><INIT seed="0,0,0,1,2,112" ten="250,250,250,250" oya="0" hai0="105,94,23,39,75,73,13,33,20,124,61,109,31" hai1="65,7,126,121,97,32,133,74,25,90,52,85,48" hai2="99,16,36,19,29,106,87,134,46,15,113,24,57" hai3="35,9,120,118,2,96,49,50,47,14,123,21,81"/><T53/><D105/><U26/><E121/><N who="3" m="46666" /><G35/><T92/><D39/><U77/><E133/><V45/><F113/><W83/><G2/><T4/><D33/><U3/><E126/><V104/><F134/><W27/><G96/><T86/><D124/><U101/><E32/><V1/><F1/><W40/><G49/><T51/><D61/><U91/><E65/><V60/><F87/><W8/><G118/><T58/><D109/><U79/><E3/><V5/><F5/><N who="3" m="3343" /><G9/><T54/><D75/><U59/><E7/><V93/><F36/><W135/><G135/><T43/><D73/><U70/><E74/><V100/><F106/><W88/><G88/><N who="1" m="33834" /><E70/><V69/><F104/><W114/><G114/><T102/><D102/><U62/><E48/><V111/><F69/><W80/><G83/><T71/><D71/><U42/><E42/><V34/><F111/><W107/><G107/><T125/><D125/><U64/><E79/><V130/><F34/><W78/><G78/><T82/><D43/><U30/><E97/><V128/><F99/><W17/><AGARI ba="0,0" hai="17,21,27,40,47,50,80,81" m="3343,46666" machi="17" ten="30,1100,0" yaku="13,1" doraHai="112" who="3" fromWho="3" sc="250,-5,250,-3,250,-3,250,11" /><INIT seed="1,0,0,1,0,103" ten="245,247,247,261" oya="1" hai0="75,2,6,80,29,104,63,14,39,98,90,22,110" hai1="79,99,134,3,69,48,37,33,93,92,17,28,16" hai2="58,112,27,86,135,24,84,121,51,9,125,13,47" hai3="106,72,0,43,4,126,49,70,38,119,15,66,36"/><U45/><E37/><V83/><F121/><W130/><G49/><T118/><D118/><U12/><E3/><V122/><F122/><W129/><G15/><T78/><D39/><N who="3" m="14889" /><G43/><T19/><D110/><U74/><E69/><V32/><F112/><W115/><G115/><T88/><D29/><U56/><E56/><V54/><F125/><W30/><G30/><T7/><D63/><U57/><E57/><V55/><F135/><W44/><G44/><T91/><REACH who="0" step="1"/><D2/><REACH who="0" ten="235,247,247,261" step="2"/><U117/><E117/><V108/><F108/><W60/><G119/><T77/><D77/><U41/><E28/><V100/><F51/><W107/><G126/><T97/><D97/><U59/><E33/><V10/><F32/><W35/><G35/><T5/><D5/><U102/><E134/><V21/><F100/><AGARI ba="0,1" hai="6,7,14,19,22,75,78,80,88,90,91,98,100,104" machi="100" ten="40,5200,0" yaku="1,1,52,1,54,1,53,0" doraHai="103" doraHaiUra="64" who="0" fromWho="2" sc="235,62,247,0,247,-52,261,0" /><INIT seed="2,0,0,2,5,19" ten="297,247,195,261" oya="2" hai0="10,52,128,122,135,45,24,116,33,86,30,95,39" hai1="131,12,6,51,73,101,4,11,14,42,123,69,60" hai2="110,75,126,67,66,102,31,41,5,82,79,111,44" hai3="18,37,28,71,1,81,68,85,61,56,38,20,36"/><V27/><F126/><W112/><G1/><T22/><D122/><U77/><E123/><V80/><F5/><W9/><G9/><T93/><D128/><U15/><E131/><V62/><F102/><W97/><G97/><T55/><D135/><U48/><E101/><V13/><F13/><W115/><G28/><T90/><D116/><U127/><E127/><V125/><F82/><W8/><G8/><T59/><D10/><U118/><E118/><V63/><F125/><W106/><G106/><T84/><D33/><U132/><E132/><V21/><F62/><W70/><G56/><T76/><D76/><U58/><E69/><V103/><F103/><W17/><G61/><N who="0" m="36071" /><D39/><U46/><E48/><V72/><F72/><W65/><G65/><T25/><D25/><U100/><E100/><V78/><F78/><W7/><G7/><T124/><D124/><U23/><E23/><V50/><REACH who="2" step="1"/><F66/><REACH who="2" ten="297,247,185,261" step="2"/><W120/><G120/><T133/><D133/><U99/><E4/><V49/><F49/><W40/><G37/><T43/><D95/><U53/><E73/><V54/><F54/><W129/><G38/><T96/><D43/><U16/><E77/><V34/><F34/><W2/><G129/><T83/><D83/><U3/><E3/><V35/><F35/><W87/><G81/><T26/><D26/><U74/><E74/><V130/><F130/><W117/><G36/><T108/><D108/><U104/><E6/><V105/><F105/><W134/><G134/><T29/><D55/><N who="1" m="33887" /><E42/><V64/><F64/><W47/><G40/><T57/><D24/><U89/><E104/><RYUUKYOKU ba="0,1" sc="297,-15,247,15,185,15,261,-15" hai1="11,12,14,15,16,46,51,53,89,99" hai2="21,27,31,41,44,50,63,67,75,79,80,110,111" /><INIT seed="2,1,1,0,0,124" ten="282,262,200,246" oya="2" hai0="117,129,92,101,52,26,55,11,118,134,65,54,1" hai1="86,34,49,20,32,19,41,94,105,103,75,78,62" hai2="10,109,71,24,40,25,79,114,119,112,16,131,83" hai3="95,108,72,7,96,31,127,113,5,63,28,125,135"/><V22/><F71/><W69/><G72/><T77/><D134/><U98/><E62/><V39/><F119/><N who="0" m="45578" /><D129/><U50/><E41/><V8/><F131/><W132/><G113/><T70/><D77/><U73/><E73/><V88/><F109/><W9/><G108/><T45/><D26/><U110/><E110/><V91/><F114/><W130/><G130/><T15/><D1/><U121/><E121/><V47/><F112/><W33/><G69/><T80/><D80/><N who="1" m="45151" /><E34/><V60/><F60/><W116/><G63/><N who="0" m="40255" /><D45/><U122/><E32/><V111/><F111/><W81/><G81/><T3/><D3/><U38/><E38/><V30/><F8/><W27/><G31/><T58/><D92/><U85/><E122/><V99/><F99/><W90/><G116/><T84/><D84/><U17/><E85/><V123/><F123/><W115/><G115/><T59/><D101/><U48/><E20/><V82/><F10/><W37/><G37/><T93/><D93/><U21/><E21/><V76/><F76/><W120/><G120/><T128/><D128/><U46/><E46/><V89/><REACH who="2" step="1"/><F79/><REACH who="2" ten="282,262,190,246" step="2"/><W133/><REACH who="3" step="1"/><G9/><REACH who="3" ten="282,262,190,236" step="2"/><T102/><D102/><U106/><E106/><V14/><F14/><W42/><G42/><T56/><D11/><U126/><E105/><V12/><F12/><AGARI ba="1,3" hai="12,15,52,54,55,56,58,59" m="40255,45578" machi="12" ten="40,2600,0" yaku="12,1,54,1" doraHai="124" who="0" fromWho="2" sc="282,59,262,0,190,-29,236,0" /><INIT seed="3,0,0,4,4,56" ten="341,262,161,236" oya="3" hai0="99,41,18,43,16,102,33,111,107,77,89,95,87" hai1="112,129,35,69,21,52,11,135,130,86,92,100,38" hai2="76,93,30,34,31,127,78,19,49,39,62,20,67" hai3="27,73,53,108,14,96,131,9,23,124,104,32,123"/><W58/><G73/><T64/><D111/><U44/><E35/><V42/><F39/><W37/><G123/><T22/><D33/><U3/><E112/><V46/><F127/><W88/><G37/><T15/><D64/><U103/><E69/><V28/><F34/><W24/><G32/><T6/><D6/><N who="1" m="1503" /><E135/><V90/><F93/><N who="3" m="56359" /><G104/><T5/><D5/><U51/><E38/><V109/><F109/><W10/><G124/><T72/><D18/><U61/><E21/><V116/><F116/><W79/><G79/><T65/><D65/><U63/><E86/><V133/><F90/><W2/><G2/><T119/><D119/><U113/><E113/><V59/><REACH who="2" step="1"/><F133/><REACH who="2" ten="341,262,151,236" step="2"/><W1/><G131/><N who="1" m="50186" /><E92/><V91/><F91/><W48/><G108/><T57/><D77/><U125/><E125/><V7/><F7/><N who="3" m="3423" /><G1/><T70/><D89/><U17/><E103/><V36/><F36/><W128/><G128/><T115/><D95/><U105/><E100/><V26/><AGARI ba="0,1" hai="19,20,26,28,30,31,42,46,49,59,62,67,76,78" machi="26" ten="30,8000,1" yaku="1,1,0,1,8,1,52,1,53,1" doraHai="56" doraHaiUra="12" who="2" fromWho="2" sc="341,-20,262,-20,151,90,236,-40" owari="321,42.1,242,4.2,241,-15.9,196,-30.4" /></mjloggm>