<mjloggm ver="2.3"><GO type="225" lobby="0"/><UN n0="%E3%81%9F%E3%81%93%E2%98%86%E7%84%BC%E3%81%8D" n1="%70%68%65%6E%6F%6D%65" n2="%E3%81%A1%E3%82%85%E3%81%86%E3%81%A9%E3%81%8F%E8%B1%A1%E3%81%95%E3%82%93" n3="%72%69%6F%75%63%68%61%6E" dan="16,17,16,16" rate="2069.27,2174.99,2163.21,2143.07" sx="M,M,M,M"/><TAIKYOKU oya="0"/><INIT seed="0,0,0,0,4,108" ten="250,250,250,250" oya="0" hai0="98,8,134,103,94,9,5,74,76,125,53,35,6" hai1="120,19,123,40,100,78,68,79,119,81,36,22,2" hai2="52,43,115,51,54,109,124,20,64,116,21,84,27" hai3="95,29,130,23,99,10,1,71,26,56,7,133,17"/><T57/><D35/><U97/><E68/><V106/><F106/><W129/><G133/><T55/><D134/><U37/><E119/><V12/><F109/><W38/><G71/><T70/><D70/><U89/><E2/><V117/><F124/><W122/><G38/><T75/><D125/><U73/><E79/><V102/><F102/><W41/><G41/><T44/><D44/><U48/><E48/><V33/><F64/><W60/><G122/><T85/><D75/><U59/><E59/><V28/><F43/><W30/><G30/><T82/><D74/><U132/><E89/><V77/><F115/><W90/><REACH who="3" step="1"/><G29/><REACH who="3" ten="250,250,250,240" step="2"/><T118/><D118/><U135/><E120/><V105/><F117/><W127/><G127/><T46/><D46/><U11/><E123/><V24/><F116/><W25/><G25/><T96/><D57/><U128/><E37/><V86/><F28/><W131/><G131/><T107/><D55/><AGARI ba="0,1" hai="1,7,10,17,23,26,55,56,60,90,95,99,129,130" machi="55" ten="40,8000,1" yaku="1,1,25,2,53,1" doraHai="108" doraHaiUra="32" who="3" fromWho="0" sc="250,-80,250,0,250,0,240,90" /><INIT seed="1,0,0,2,2,8" ten="170,250,250,330" oya="1" hai0="125,101,62,25,130,126,2,82,85,80,76,24,119" hai1="100,17,70,117,48,31,51,21,102,74,35,20,71" hai2="30,26,14,9,77,10,49,27,5,54,58,134,45" hai3="37,107,132,111,127,16,38,19,123,0,13,118,67"/><U34/><E31/><V61/><F134/><W60/><G123/><T84/><D2/><U12/><E17/><V63/><F77/><W75/><G0/><T81/><D119/><U89/><E89/><V69/><F69/><W88/><G75/><T57/><D130/><U114/><E74/><V104/><F104/><W108/><G127/><T15/><D101/><U135/><E135/><V7/><F30/><W72/><G132/><T73/><D73/><U33/><E33/><V64/><REACH who="2" step="1"/><F61/><REACH who="2" ten="170,250,240,330" step="2"/><W52/><G107/><T115/><D126/><U116/><REACH who="1" step="1"/><E114/><REACH who="1" ten="170,240,240,330" step="2"/><V40/><F40/><W87/><G72/><T99/><D115/><U110/><E110/><V68/><F68/><W59/><G118/><T78/><D125/><U43/><E43/><V79/><F79/><W47/><G111/><T1/><D78/><U90/><E90/><V94/><F94/><W42/><G108/><T93/><D76/><U39/><E39/><V91/><F91/><W32/><G32/><T41/><D41/><U46/><E46/><V28/><F28/><W103/><G37/><T122/><D93/><U11/><E11/><V98/><F98/><W29/><G29/><T44/><D99/><U133/><E133/><V106/><F106/><W3/><G38/><T65/><D44/><U112/><E112/><V129/><F129/><W97/><G47/><T4/><D122/><U105/><E105/><V50/><F50/><W56/><G42/><T109/><D109/><U83/><E83/><V92/><F92/><W22/><G88/><T53/><D82/><U120/><E120/><V96/><F96/><RYUUKYOKU ba="0,2" sc="170,-15,240,15,240,15,330,-15" hai1="12,20,21,34,35,48,51,70,71,100,102,116,117" hai2="5,7,9,10,14,26,27,45,49,54,58,63,64" /><INIT seed="1,1,2,4,0,17" ten="155,255,255,315" oya="1" hai0="79,20,67,39,104,103,75,29,126,69,66,109,121" hai1="49,31,64,89,26,86,130,14,122,22,73,23,124" hai2="15,105,1,41,82,107,127,65,76,118,77,94,96" hai3="21,28,61,16,135,63,9,18,125,54,87,78,47"/><U74/><E122/><V80/><F1/><W95/><G125/><T51/><D39/><U11/><E124/><V40/><F15/><N who="3" m="7279" /><G135/><T38/><D38/><U101/><E130/><V120/><F127/><W58/><G28/><T4/><D4/><U92/><E64/><V27/><F65/><W115/><G115/><T53/><D109/><U12/><E101/><V100/><F27/><N who="3" m="14775" /><G47/><T30/><D121/><U131/><E131/><V98/><F120/><W43/><G43/><T55/><D55/><U24/><E14/><V46/><F118/><W13/><G13/><T112/><D112/><U116/><E116/><V68/><F68/><W6/><G6/><T33/><D33/><U10/><E10/><V37/><F40/><W5/><G5/><T60/><D67/><U59/><E12/><V123/><F123/><W129/><G129/><T111/><D111/><U84/><E11/><V91/><REACH who="2" step="1"/><F105/><REACH who="2" ten="155,255,245,315" step="2"/><W93/><G61/><T85/><D104/><U45/><E26/><V62/><F62/><W70/><G70/><T110/><D126/><U36/><E24/><V106/><F106/><W52/><G54/><T48/><D53/><U72/><E31/><V132/><F132/><W88/><G78/><AGARI ba="1,3" hai="37,41,46,76,77,78,80,82,91,94,96,98,100,107" machi="78" ten="40,1300,0" yaku="1,1,53,0" doraHai="17" doraHaiUra="2" who="2" fromWho="3" sc="155,0,255,0,245,46,315,-16" /><INIT seed="2,0,0,5,4,108" ten="155,255,291,299" oya="2" hai0="92,55,7,115,78,16,67,95,99,18,31,110,126" hai1="51,11,131,3,94,79,20,1,13,29,127,74,87" hai2="90,35,106,33,30,23,39,116,103,58,102,128,4" hai3="125,111,75,97,96,60,121,57,26,45,12,113,53"/><V122/><F116/><W118/><G118/><T34/><D110/><U69/><E69/><V54/><F39/><W36/><G121/><T41/><D7/><U62/><E127/><V43/><F122/><W19/><G111/><T8/><D126/><U25/><E62/><V88/><F43/><W38/><G125/><T2/><D78/><U46/><E131/><V83/><F4/><W27/><G75/><T64/><D2/><U50/><E74/><V22/><F128/><W77/><G77/><T32/><D41/><U114/><E114/><V84/><F90/><W59/><G36/><T0/><D0/><U119/><E51/><V10/><F10/><W49/><G38/><T107/><D107/><U14/><E14/><V82/><F82/><W72/><G72/><T37/><D37/><U47/><E47/><V48/><F106/><W15/><G113/><T123/><D123/><U104/><E104/><V117/><F117/><W65/><G45/><T130/><D130/><U129/><E129/><V42/><F42/><W44/><G12/><T81/><D81/><N who="1" m="47551" /><E94/><V91/><F91/><W135/><G135/><T70/><D115/><U100/><E100/><N who="2" m="38443" /><F35/><N who="0" m="13354" /><D55/><N who="1" m="30167" /><E119/><V109/><F109/><W86/><G86/><T5/><D99/><N who="3" m="37961" /><G44/><T73/><D31/><U112/><E112/><V124/><F124/><W66/><G65/><N who="0" m="25163" /><D70/><U68/><E68/><V40/><F40/><W17/><G17/><N who="0" m="6763" /><D73/><U93/><E93/><N who="0" m="35913" /><D5/><N who="1" m="3311" /><E1/><V132/><F132/><W6/><G6/><T80/><D80/><U56/><E3/><V89/><F89/><W134/><G134/><T61/><D8/><AGARI ba="0,0" hai="8,15,19,26,27,49,53,57,59,60,66" m="37961" machi="8" ten="30,1000,0" yaku="8,1" doraHai="108" who="3" fromWho="0" sc="155,-10,255,0,291,0,299,10" /><INIT seed="3,0,0,0,3,51" ten="145,255,291,309" oya="3" hai0="59,52,84,90,41,99,33,9,8,127,119,32,122" hai1="21,132,57,107,130,109,106,56,102,79,63,135,36" hai2="78,111,3,124,45,108,81,85,71,48,96,118,97" hai3="28,37,64,40,101,49,105,121,6,20,17,31,24"/><W75/><G121/><T2/><D119/><U100/><E36/><V1/><F118/><W110/><G37/><T83/><D122/><U47/><E47/><V76/><F71/><W43/><G75/><T77/><D127/><U116/><E116/><V91/><F124/><W39/><G39/><T35/><D41/><U86/><E21/><V30/><F30/><W94/><G105/><T72/><D2/><U117/><E117/><V34/><F34/><W54/><G110/><N who="2" m="42025" /><F76/><W0/><G64/><T12/><D99/><N who="2" m="37962" /><F78/><W129/><G129/><T80/><REACH who="0" step="1"/><D12/><REACH who="0" ten="135,255,291,309" step="2"/><U98/><E109/><V19/><F19/><W22/><G17/><T29/><D29/><U62/><E98/><V5/><F5/><W104/><G6/><T18/><D18/><U87/><E130/><V44/><F1/><W27/><G0/><T26/><D26/><U115/><E107/><V113/><F3/><W95/><G104/><T65/><D65/><U73/><E106/><V123/><F123/><W61/><G101/><T93/><D93/><U4/><E4/><V66/><F66/><W55/><G95/><T11/><D11/><U60/><E102/><V133/><F113/><W134/><G94/><T10/><D10/><U14/><E115/><V70/><F70/><W92/><G92/><T42/><D42/><U13/><E100/><V46/><F133/><N who="1" m="51273" /><E13/><V58/><F81/><W89/><G134/><T120/><D120/><U126/><E14/><V103/><F103/><W25/><G25/><T88/><D88/><U114/><E114/><V112/><F112/><W53/><G89/><T38/><D38/><RYUUKYOKU ba="0,1" sc="135,30,255,-10,291,-10,309,-10" hai0="8,9,32,33,35,52,59,72,77,80,83,84,90" /><INIT seed="4,1,1,0,1,109" ten="165,245,281,299" oya="0" hai0="110,87,124,6,98,122,82,73,41,19,56,132,92" hai1="61,79,80,57,37,35,103,123,0,17,93,30,24" hai2="40,46,85,114,36,51,12,75,54,22,23,71,69" hai3="91,63,95,58,86,16,21,13,89,117,25,31,130"/><T48/><D122/><U101/><E123/><V90/><F75/><W32/><G130/><T125/><D73/><U14/><E37/><V129/><F114/><W111/><G111/><T47/><D110/><U112/><E0/><V83/><F129/><W126/><G126/><T28/><D132/><U64/><E93/><V39/><F39/><W88/><G117/><T133/><D133/><U113/><E101/><V94/><F83/><W134/><G134/><T18/><D28/><U27/><E27/><V9/><F22/><W121/><G121/><T100/><D6/><U42/><E103/><V104/><F23/><W4/><G4/><T20/><D56/><U127/><E42/><V26/><F26/><W34/><G34/><T131/><D131/><U81/><E127/><N who="0" m="48713" /><D20/><N who="1" m="11319" /><E79/><AGARI ba="1,1" hai="18,19,41,47,48,79,82,87,92,98,100" m="48713" machi="79" ten="30,1500,0" yaku="18,1" doraHai="109" who="0" fromWho="1" sc="165,28,245,-18,281,0,299,0" /><INIT seed="4,2,0,4,4,79" ten="193,227,281,299" oya="0" hai0="45,27,83,134,18,68,23,57,121,59,2,104,89" hai1="82,86,14,13,4,48,3,67,105,61,37,72,120" hai2="56,125,22,40,64,34,28,111,69,135,62,65,29" hai3="74,31,123,43,131,88,47,126,100,17,115,15,76"/><T122/><D104/><U95/><E37/><V102/><F111/><W26/><G115/><T84/><D68/><U112/><E120/><V11/><F40/><W101/><G123/><T63/><D2/><U103/><E112/><V113/><F113/><W39/><G126/><T85/><D134/><U33/><E33/><V1/><F135/><W19/><G131/><T42/><D84/><U81/><E3/><V24/><F125/><W124/><G124/><T96/><D96/><N who="1" m="59807" /><E72/><V35/><F28/><W20/><G19/><T93/><D93/><U16/><E105/><V7/><F102/><W50/><G39/><T10/><D10/><N who="1" m="4295" /><E86/><V118/><F118/><W0/><G0/><T128/><D128/><U108/><E108/><V38/><F38/><W94/><G76/><T30/><D30/><U87/><E87/><V98/><F98/><N who="3" m="57671" /><G74/><T55/><REACH who="0" step="1"/><D59/><REACH who="0" ten="183,227,281,299" step="2"/><N who="1" m="37311" /><E48/><AGARI ba="2,1" hai="18,23,27,42,45,48,55,57,63,83,85,89,121,122" machi="48" ten="30,5800,0" yaku="1,1,7,1,52,1,53,0" doraHai="79" doraHaiUra="127" who="0" fromWho="1" sc="183,74,227,-64,281,0,299,0" /><INIT seed="4,3,0,5,4,77" ten="257,163,281,299" oya="0" hai0="119,111,61,112,89,106,76,105,31,54,134,32,81" hai1="63,4,74,26,93,18,21,5,109,104,6,80,13" hai2="84,100,110,0,35,15,38,127,108,129,101,12,23" hai3="133,14,29,47,9,79,28,62,99,10,16,87,135"/><T91/><D119/><U60/><E104/><N who="0" m="40041" /><D31/><N who="3" m="11849" /><G99/><T44/><D32/><U22/><E109/><V45/><F35/><W97/><G97/><T36/><D61/><U40/><E40/><V120/><F120/><W11/><G47/><T83/><D54/><U42/><E42/><V59/><F0/><W50/><G50/><T46/><D36/><U73/><E93/><V27/><F45/><N who="0" m="17514" /><D111/><U52/><E80/><N who="0" m="30793" /><D76/><U132/><E132/><N who="3" m="50762" /><G62/><T55/><D134/><U122/><E122/><V72/><F38/><W71/><G71/><T58/><D55/><U103/><E103/><V124/><F101/><W90/><G79/><T128/><D112/><U64/><E63/><V3/><F108/><W70/><G70/><T56/><D128/><U78/><E78/><V37/><F129/><W130/><G130/><T85/><D85/><U33/><E33/><V86/><F37/><W41/><G41/><T24/><D24/><U88/><E88/><AGARI ba="3,0" hai="56,58,88,89,91" m="30793,17514,40041" machi="88" ten="30,18000,2" yaku="28,2,52,3,54,1" doraHai="77" who="0" fromWho="1" sc="257,189,163,-189,281,0,299,0" owari="446,54.6,-26,-52.6,281,-11.9,299,9.9" /></mjloggm>