<mjloggm ver="2.3"><GO type="225" lobby="0"/><UN n0="%E3%81%BF%E3%81%BF%E3%81%9A" n1="%E7%99%BD%E6%97%A5%E9%9B%AA%E8%8F%9C" n2="%E5%84%AA%40%41%42%43" n3="%77%72%77%72%77%72%77%72" dan="16,17,17,16" rate="2140.76,2225.49,2141.37,2228.86" sx="M,M,M,M"/><TAIKYOKU oya="0"/><INIT seed="0,0,0,3,5,73" ten="250,250,250,250" oya="0" hai0="104,14,133,127,42,35,20,11,52,132,135,71,116" hai1="131,2,110,74,58,0,69,54,68,125,16,113,45" hai2="43,60,38,82,59,15,112,27,48,40,21,32,101" hai3="19,39,17,4,18,63,81,53,47,117,105,5,108"/><T77/><D116/><U94/><E74/><V118/><F112/><W9/><G117/><T102/><D35/><U122/><E122/><V83/><F38/><W62/><G105/><T29/><D127/><U120/><E120/><V103/><F32/><W87/><G108/><T23/><D71/><U41/><E110/><V36/><F36/><W124/><G124/><T89/><D42/><N who="2" m="15914" /><F48/><N who="3" m="28831" /><G39/><T111/><D111/><U70/><E125/><V107/><F15/><N who="3" m="5543" /><G5/><T106/><D89/><AGARI ba="0,0" hai="17,18,19,62,63,81,87,89" m="5543,28831" machi="89" ten="30,1000,0" yaku="8,1" doraHai="73" who="3" fromWho="0" sc="250,-10,250,0,250,0,250,10" /><INIT seed="1,0,0,4,3,57" ten="240,250,250,260" oya="1" hai0="74,112,36,90,21,129,44,117,92,110,123,33,50" hai1="9,52,10,122,49,109,23,22,7,102,75,84,54" hai2="66,56,26,47,82,83,6,104,31,89,14,42,46" hai3="97,85,48,20,67,24,16,37,11,108,113,25,5"/><U95/><E122/><V53/><F104/><W91/><G37/><T39/><D33/><U4/><E75/><V116/><F66/><W120/><G113/><T118/><D112/><U68/><E68/><V0/><F0/><W115/><G115/><T8/><D74/><U124/><E124/><V18/><F6/><N who="1" m="2089" /><E109/><V76/><F89/><W17/><G108/><T15/><D110/><U64/><E64/><V40/><F116/><W35/><G67/><T135/><D123/><U55/><E49/><V29/><F46/><W105/><G48/><T93/><D129/><U78/><E78/><V99/><F99/><W13/><G13/><T58/><D15/><U96/><E84/><N who="2" m="48199" /><F83/><W133/><G97/><T103/><D50/><U43/><E43/><N who="2" m="16427" /><F26/><W1/><G120/><T80/><D39/><U28/><E28/><V86/><F86/><W127/><G105/><T34/><D117/><U100/><E100/><V101/><F47/><W3/><G85/><T126/><D118/><U73/><E73/><V88/><F88/><W94/><G91/><T41/><D34/><U132/><E132/><V69/><F101/><W130/><G133/><T131/><D135/><U98/><E96/><V81/><F81/><W111/><G127/><T12/><D126/><U121/><E121/><V119/><F69/><W63/><G111/><T30/><D103/><U61/><E61/><N who="2" m="35983" /><F119/><W72/><G72/><T77/><D80/><U134/><E134/><V87/><F87/><W107/><G107/><T59/><D36/><U62/><E62/><V32/><F32/><W51/><G35/><T114/><D114/><RYUUKYOKU ba="0,0" sc="240,-15,250,15,250,15,260,-15" hai1="9,10,22,23,52,54,55,95,98,102" hai2="14,18,29,31" /><INIT seed="1,1,0,1,2,94" ten="225,265,265,245" oya="1" hai0="14,111,119,117,87,76,58,60,75,129,112,74,120" hai1="22,126,18,61,78,48,34,51,27,17,52,37,83" hai2="42,2,107,71,105,130,46,84,108,72,23,4,98" hai3="3,6,95,38,80,43,20,50,62,47,85,89,86"/><U73/><E37/><N who="2" m="21839" /><F23/><W124/><G124/><T39/><D112/><U59/><E126/><V55/><F55/><W56/><G38/><T29/><D39/><U11/><E34/><V128/><F84/><W109/><G109/><T53/><D111/><U93/><E18/><V21/><F21/><W104/><G104/><T66/><D120/><U131/><E131/><N who="2" m="50219" /><F108/><W57/><G20/><T91/><D129/><U19/><REACH who="1" step="1"/><E93/><REACH who="1" ten="225,255,265,245" step="2"/><V116/><F107/><W63/><G95/><T10/><D29/><U30/><E30/><V54/><F105/><W7/><G6/><T70/><D119/><U64/><E64/><V16/><F16/><W97/><G7/><T132/><D117/><U67/><E67/><V35/><F35/><W5/><G5/><T33/><D33/><U32/><E32/><V90/><F116/><W82/><G3/><T9/><D66/><U133/><E133/><V118/><F118/><W24/><G24/><T99/><D132/><U13/><AGARI ba="1,1" hai="11,13,17,19,22,27,48,51,52,59,61,73,78,83" machi="13" ten="30,12000,1" yaku="1,1,0,1,54,1,53,2" doraHai="94" doraHaiUra="45" who="1" fromWho="1" sc="225,-41,255,133,265,-41,245,-41" /><INIT seed="1,2,0,0,2,79" ten="184,388,224,204" oya="1" hai0="7,85,50,11,35,135,121,16,133,47,66,75,89" hai1="78,43,52,39,112,56,74,57,119,109,27,9,63" hai2="65,91,90,26,33,0,126,30,3,49,59,111,69" hai3="106,72,99,95,32,93,19,38,71,100,120,103,124"/><U130/><E112/><V58/><F111/><W34/><G120/><T37/><D75/><U17/><E119/><V107/><F126/><W68/><G124/><T14/><D35/><U73/><E130/><V81/><F107/><W20/><G38/><T127/><D127/><U21/><E109/><V122/><F122/><W46/><G72/><T48/><D121/><U70/><E70/><V13/><F69/><W1/><G1/><T6/><D66/><U116/><E116/><V83/><F0/><W132/><G132/><N who="0" m="50763" /><D37/><U82/><E73/><V5/><F3/><W18/><G20/><T36/><D36/><U96/><E39/><V129/><F129/><W2/><G2/><T108/><D108/><U125/><E43/><V128/><F128/><W110/><G110/><T45/><D50/><U62/><E125/><V40/><F59/><W23/><G23/><T115/><D115/><U101/><E9/><N who="2" m="4271" /><F33/><W76/><G46/><N who="0" m="17419" /><D48/><U54/><E96/><V113/><F40/><W15/><G99/><T24/><D24/><U22/><E22/><N who="2" m="15703" /><F113/><W104/><G15/><T29/><D29/><U42/><E42/><V28/><F28/><W31/><G31/><T55/><D55/><U118/><E118/><V64/><F64/><W88/><G71/><T98/><D98/><U105/><E105/><V44/><F44/><W97/><G68/><T84/><D84/><U41/><E41/><V4/><F49/><W12/><G97/><T114/><D114/><U134/><E134/><V10/><F65/><W25/><G32/><T131/><D131/><U80/><E101/><V8/><F58/><RYUUKYOKU ba="2,0" sc="184,15,388,15,224,-15,204,-15" hai0="6,7,11,14,16,85,89" hai1="17,21,27,52,54,56,57,62,63,74,78,80,82" /><INIT seed="1,3,0,2,0,44" ten="199,403,209,189" oya="1" hai0="23,69,121,35,119,54,60,36,84,105,73,128,5" hai1="53,99,40,3,120,101,131,57,59,118,18,134,81" hai2="31,42,46,129,94,37,43,12,108,103,65,82,7" hai3="92,39,38,71,27,76,100,72,135,11,77,87,51"/><U114/><E118/><V30/><F108/><W125/><G72/><T28/><D23/><U96/><E114/><V49/><F129/><W88/><G71/><T50/><D5/><U4/><E120/><V63/><F37/><W133/><G125/><T16/><D73/><U107/><E40/><V83/><F42/><W33/><G100/><T74/><D74/><U14/><E134/><N who="3" m="51210" /><G11/><T78/><D36/><N who="3" m="13865" /><G51/><T48/><D48/><U104/><E131/><V116/><F116/><W8/><G8/><T6/><D50/><U66/><E3/><V20/><F7/><W10/><G10/><T98/><D6/><U47/><E4/><V29/><F103/><W26/><G26/><T25/><D128/><U113/><E113/><V89/><F12/><W85/><G87/><T1/><D1/><U91/><E14/><V56/><F20/><W122/><G122/><T68/><D121/><U64/><E101/><V45/><F45/><W102/><G102/><N who="0" m="62679" /><D119/><U110/><E47/><V67/><F65/><W117/><G117/><T21/><D54/><U130/><E66/><V124/><F124/><W126/><G126/><T111/><D111/><U115/><E53/><V79/><F79/><W22/><G33/><T32/><D60/><U9/><E115/><V41/><F43/><W70/><G70/><T127/><D127/><U13/><E107/><V123/><F123/><W24/><G24/><N who="0" m="14375" /><D32/><U58/><E104/><V75/><F75/><W0/><G0/><T17/><D17/><AGARI ba="3,0" hai="17,22,27,76,77,85,88,92" m="13865,51210" machi="17" ten="30,2000,0" yaku="20,1,54,1" doraHai="44" who="3" fromWho="0" sc="199,-29,403,0,209,0,189,29" /><INIT seed="2,0,0,1,3,28" ten="170,403,209,218" oya="2" hai0="27,128,115,134,112,95,31,29,69,122,108,117,2" hai1="130,39,102,77,101,109,126,56,62,44,42,131,37" hai2="99,48,68,53,47,71,11,58,132,85,7,103,25" hai3="12,89,124,32,63,133,97,84,66,98,43,16,3"/><V72/><F72/><W6/><G32/><N who="0" m="20543" /><D95/><U114/><E114/><N who="0" m="43561" /><D69/><U70/><E109/><V127/><F127/><W96/><G124/><T118/><D108/><U55/><E126/><V67/><F132/><W49/><G133/><T82/><D134/><U4/><E37/><V30/><F85/><W79/><G79/><T21/><D82/><U20/><E4/><V74/><F74/><W91/><G3/><T46/><D46/><U17/><E77/><V87/><F87/><W83/><G6/><T60/><D60/><U113/><E113/><V41/><F67/><W54/><G43/><T120/><D2/><U107/><E70/><V61/><F99/><W8/><G63/><T76/><D76/><U59/><E59/><V123/><F103/><W78/><REACH who="3" step="1"/><G66/><REACH who="3" ten="170,403,209,208" step="2"/><T80/><D128/><U81/><E130/><V50/><F61/><W22/><G22/><T5/><D5/><U121/><E131/><V9/><F9/><W116/><G116/><N who="0" m="44651" /><D80/><U92/><E81/><V40/><F41/><W10/><G10/><T73/><D73/><U51/><E42/><V135/><F135/><W1/><G1/><T65/><D65/><U57/><E62/><V38/><F38/><W100/><G100/><T106/><D106/><U23/><E107/><V26/><F11/><W34/><G34/><T119/><N who="0" m="44659" /><T19/><DORA hai="125" /><D31/><U15/><E102/><V33/><F7/><W13/><G13/><AGARI ba="0,1" hai="13,19,21,120,122" m="44659,43561,20543" machi="13" ten="40,8000,1" yaku="12,1,34,2,52,1" doraHai="28,125" who="0" fromWho="3" sc="170,90,403,0,209,0,208,-80" /><INIT seed="3,0,0,5,5,63" ten="260,403,209,128" oya="3" hai0="61,22,10,55,104,91,35,95,53,27,135,26,87" hai1="7,33,121,60,130,81,90,30,43,123,85,80,18" hai2="11,118,78,68,101,134,122,59,73,111,110,24,128" hai3="105,45,49,36,83,23,131,127,70,82,58,100,129"/><W119/><G119/><T13/><D104/><U4/><E130/><N who="3" m="49674" /><G70/><T28/><D61/><U89/><E43/><V93/><F68/><W106/><G127/><T52/><D135/><U74/><E18/><V0/><F73/><W41/><G23/><T126/><D126/><U51/><E51/><V42/><F11/><W76/><G100/><T34/><REACH who="0" step="1"/><D27/><REACH who="0" ten="250,403,209,128" step="2"/><N who="1" m="18655" /><E60/><V67/><F134/><W71/><G71/><T3/><D3/><U48/><E123/><V125/><F122/><W37/><G82/><T15/><D15/><U79/><E121/><V9/><F125/><W66/><G106/><T46/><D46/><U56/><E81/><V21/><F128/><W2/><G105/><T109/><D109/><U94/><E80/><V20/><F110/><W47/><G2/><T99/><D99/><U38/><E94/><V116/><F0/><W117/><G117/><T114/><D114/><U17/><E74/><V124/><F111/><W40/><G66/><T108/><D108/><U57/><E85/><V16/><F124/><W25/><G25/><T29/><D29/><U69/><E69/><V98/><F118/><W115/><G115/><T102/><D102/><U8/><E57/><V19/><F116/><W32/><G32/><T107/><D107/><U84/><E56/><V31/><F101/><W132/><G132/><T54/><N who="0" m="13312" /><DORA hai="86" /><T97/><D97/><U39/><E84/><V77/><F67/><W92/><G92/><T1/><D1/><U12/><E39/><V120/><F93/><W62/><G62/><T72/><D72/><U6/><E38/><V5/><F120/><RYUUKYOKU ba="0,1" sc="250,30,403,-10,209,-10,128,-10" hai0="10,13,22,26,28,34,35,87,91,95" owari="280,8.0,403,50.3,199,-20.1,118,-38.2" /></mjloggm>