<mjloggm ver="2.3"><GO type="225" lobby="0"/><UN n0="%43%68%65" n1="%E9%BB%92%E9%89%84%E7%8F%A0%E9%9B%AB" n2="%E8%A8%88%E7%AE%97%E6%A9%9F%E8%87%AA%E7%84%B6" n3="%E5%A0%80%E5%B7%9D%E9%9B%B7%E9%BC%93" dan="16,16,17,16" rate="2137.34,2169.24,2188.71,2091.96" sx="M,F,M,F"/><TAIKYOKU oya="0"/><INIT seed="0,0,0,5,5,9" ten="250,250,250,250" oya="0" hai0="3,53,90,84,80,67,54,122,0,61,70,134,125" hai1="100,72,30,64,28,123,22,7,34,85,36,86,101" hai2="78,118,131,62,39,96,66,110,102,109,49,10,55" hai3="104,15,76,42,17,75,11,56,93,79,16,94,124"/><T129/><D122/><U92/><E72/><V8/><F39/><W83/><G104/><T133/><D125/><U130/><E123/><V14/><F78/><W41/><G124/><T29/><D29/><U95/><E36/><V105/><F131/><W37/><G79/><T32/><D32/><U27/><E130/><V20/><F118/><W112/><G112/><T115/><D115/><U69/><E7/><V81/><F81/><W24/><G56/><T13/><D129/><U89/><E69/><V120/><F120/><W60/><G60/><T26/><D26/><U111/><E111/><N who="2" m="42507" /><F20/><W59/><G59/><T18/><D3/><U97/><E34/><V45/><F14/><W126/><G126/><T108/><D0/><U98/><E64/><V4/><F4/><W74/><G74/><T31/><D31/><U65/><E65/><V58/><AGARI ba="0,0" hai="8,10,45,49,55,58,62,66,96,102,105" m="42507" machi="58" ten="30,1100,0" yaku="14,1" doraHai="9" who="2" fromWho="2" sc="250,-5,250,-3,250,11,250,-3" /><INIT seed="1,0,0,5,5,24" ten="245,247,261,247" oya="1" hai0="38,122,103,124,29,96,102,109,55,129,132,105,75" hai1="58,53,110,41,66,10,73,26,72,133,0,78,7" hai2="106,67,32,121,69,120,62,37,46,71,116,134,13" hai3="79,16,36,123,101,52,44,57,131,112,74,68,21"/><U31/><E133/><V20/><F32/><W43/><G123/><N who="2" m="47177" /><F20/><W84/><G112/><T98/><D122/><U22/><E110/><V115/><F13/><W65/><G131/><T59/><D129/><U130/><E130/><V49/><F106/><W42/><G74/><T60/><D124/><U113/><E113/><V135/><F115/><W97/><G43/><T63/><D109/><U11/><E41/><N who="2" m="22831" /><F116/><W39/><G39/><T107/><D38/><U5/><E66/><N who="2" m="41175" /><F49/><W127/><G127/><T30/><D132/><U33/><E78/><V56/><F56/><W93/><G79/><T119/><D119/><U83/><E83/><V12/><F12/><W47/><G84/><T126/><D126/><U114/><E33/><V76/><F76/><W50/><G68/><T70/><D75/><U34/><E34/><V104/><F104/><W87/><G87/><T92/><D92/><U118/><E118/><V35/><F35/><W88/><G101/><T17/><D17/><U128/><E114/><V108/><F108/><W80/><G80/><T40/><D40/><U89/><E89/><V77/><F77/><W81/><G81/><T117/><D117/><U90/><E90/><V86/><F86/><W6/><G6/><T100/><D100/><U99/><E99/><V1/><F1/><W9/><G9/><T14/><D14/><N who="1" m="5455" /><E128/><V51/><F51/><W61/><REACH who="3" step="1"/><G21/><REACH who="3" ten="245,247,261,237" step="2"/><T28/><D70/><U64/><E73/><V45/><F45/><W23/><G23/><T91/><D91/><U85/><E72/><V8/><F8/><W18/><AGARI ba="0,1" hai="16,18,36,42,44,47,50,52,57,61,65,88,93,97" machi="18" ten="30,8000,1" yaku="1,1,0,1,54,3,53,0" doraHai="24" doraHaiUra="4" who="3" fromWho="3" sc="245,-20,247,-40,261,-20,237,90" /><INIT seed="2,0,0,1,5,107" ten="225,207,241,327" oya="2" hai0="96,59,15,25,116,43,104,48,91,131,12,132,58" hai1="20,32,125,54,56,18,76,37,128,117,97,40,84" hai2="33,65,73,52,36,80,60,24,5,69,99,130,72" hai3="98,39,21,110,88,83,114,13,61,75,27,53,55"/><V29/><F36/><W46/><G110/><T9/><D132/><U133/><E117/><V3/><F130/><W129/><G129/><T78/><D131/><U118/><E128/><V101/><F80/><W121/><G121/><T120/><D120/><U2/><E32/><V86/><F86/><N who="3" m="50271" /><G75/><T17/><D116/><U63/><E2/><V81/><F81/><W19/><G39/><T57/><D78/><U113/><E118/><V10/><REACH who="2" step="1"/><F52/><REACH who="2" ten="225,207,231,327" step="2"/><W34/><G55/><T6/><D96/><U41/><E84/><V7/><F7/><W67/><G53/><T64/><D6/><U49/><E97/><V1/><F1/><W38/><G38/><T77/><D77/><U68/><E76/><V42/><F42/><W100/><G98/><T112/><D43/><U94/><E41/><V74/><F74/><W85/><G85/><T124/><D48/><U28/><E37/><V126/><F126/><W62/><G46/><T0/><D124/><U35/><E125/><V79/><F79/><W50/><G50/><T92/><D0/><U4/><E4/><V87/><F87/><W93/><G62/><T127/><D127/><U106/><E40/><V11/><F11/><W109/><G61/><T30/><D9/><U45/><E45/><V115/><F115/><W31/><G114/><T51/><D51/><U47/><E113/><V82/><F82/><W108/><G108/><T90/><D112/><U111/><E111/><V119/><F119/><W134/><G109/><T71/><D64/><U14/><E47/><V70/><F70/><W26/><G67/><T103/><D71/><RYUUKYOKU ba="0,1" sc="225,-10,207,-10,231,30,327,-10" hai2="3,5,10,24,29,33,60,65,69,72,73,99,101" /><INIT seed="2,1,1,3,5,96" ten="215,197,261,317" oya="2" hai0="80,45,127,57,16,30,111,67,63,116,108,129,55" hai1="19,54,90,52,21,6,130,61,71,50,106,114,115" hai2="34,4,103,88,28,82,5,2,11,125,69,23,87" hai3="17,41,44,92,77,93,7,60,119,59,46,133,85"/><V26/><F125/><W134/><G119/><T124/><D30/><U91/><E6/><V12/><F69/><W14/><G7/><T1/><D1/><U25/><E106/><V121/><F121/><W126/><G126/><N who="0" m="48171" /><D80/><U36/><E36/><V24/><F103/><W86/><G77/><T110/><D16/><U120/><E120/><V81/><F4/><W107/><G107/><T47/><D116/><U97/><E130/><V117/><F117/><W0/><G0/><T15/><D15/><U70/><E70/><V113/><F113/><W18/><G59/><N who="0" m="37375" /><D129/><U49/><E71/><V64/><F64/><W37/><G60/><AGARI ba="1,1" hai="45,47,55,57,60,108,110,111" m="37375,48171" machi="60" ten="40,8000,1" yaku="14,1,18,1,34,2" doraHai="96" who="0" fromWho="3" sc="215,93,197,0,261,0,317,-83" /><INIT seed="3,0,0,2,2,4" ten="308,197,261,234" oya="3" hai0="68,99,47,55,31,85,115,113,10,66,92,46,74" hai1="76,89,38,36,60,121,8,86,78,117,11,33,105" hai2="64,70,130,1,109,126,108,67,124,97,131,120,22" hai3="103,26,5,71,132,133,114,28,15,80,129,123,18"/><W90/><G71/><T45/><D74/><U81/><E121/><V27/><F1/><W100/><G123/><T57/><D31/><U21/><E33/><V73/><F73/><W44/><G5/><T122/><D122/><U17/><E105/><V102/><F120/><W134/><G114/><N who="0" m="43531" /><D68/><U52/><E38/><V119/><F119/><W14/><G129/><N who="2" m="49161" /><F22/><N who="3" m="15447" /><G44/><T53/><D10/><N who="1" m="3627" /><E36/><V77/><F77/><N who="1" m="29801" /><E117/><V19/><F27/><W88/><G18/><T72/><D85/><U91/><E91/><N who="3" m="34858" /><G80/><T63/><D72/><U30/><E30/><V34/><F19/><W37/><G37/><T127/><D127/><N who="2" m="48682" /><F34/><W128/><G128/><T40/><D40/><U135/><E135/><N who="3" m="34562" /><W125/><DORA hai="107" /><G125/><T25/><D25/><N who="1" m="14511" /><E60/><V106/><F70/><W95/><G95/><T43/><D43/><U3/><E3/><V35/><F35/><W87/><G87/><T96/><D96/><U51/><E51/><V23/><F23/><W101/><AGARI ba="0,0" hai="14,15,100,101,103" m="34562,34858,15447" machi="101" ten="50,4800,0" yaku="20,1,54,1" doraHai="4,107" who="3" fromWho="3" sc="308,-16,197,-16,261,-16,234,48" /><INIT seed="3,1,0,1,3,62" ten="292,181,245,282" oya="3" hai0="58,70,25,76,43,78,112,133,72,45,14,10,46" hai1="63,128,6,65,48,42,59,34,13,57,1,29,68" hai2="39,73,0,117,77,36,35,100,49,4,11,110,116" hai3="27,105,93,101,33,19,120,135,108,64,92,132,60"/><W75/><G75/><T69/><D46/><U61/><E1/><V71/><F49/><W114/><G114/><T47/><D47/><N who="1" m="25719" /><E34/><V83/><F110/><W109/><G120/><T26/><D112/><U80/><E29/><V21/><F21/><N who="3" m="13759" /><G33/><T8/><D58/><U17/><E68/><V54/><F54/><W12/><G12/><T15/><D45/><U99/><E128/><V119/><F100/><W104/><G93/><T106/><D72/><U2/><E2/><V111/><F111/><N who="3" m="42571" /><G92/><T123/><D123/><U127/><E127/><V126/><F126/><W55/><G55/><T122/><D122/><U95/><E6/><V51/><F35/><W50/><G50/><T32/><D32/><U118/><E118/><V129/><F51/><W52/><G52/><T130/><D130/><U94/><E80/><V89/><F129/><W40/><G40/><T28/><D43/><U22/><E99/><V97/><F117/><W113/><G113/><T124/><D124/><U134/><E134/><N who="3" m="51242" /><G101/><T103/><D103/><U102/><E102/><V67/><F116/><W7/><G7/><T79/><D133/><U84/><E84/><V87/><F119/><W90/><G90/><T121/><D121/><U9/><E22/><V85/><F85/><W66/><G66/><AGARI ba="1,0" hai="9,13,17,57,59,61,63,65,66,94,95" m="25719" machi="66" ten="30,3900,0" yaku="8,1,52,2" doraHai="62" who="1" fromWho="3" sc="292,0,181,42,245,0,282,-42" /><INIT seed="4,0,0,5,3,37" ten="292,223,245,240" oya="0" hai0="90,132,87,64,93,2,21,134,58,113,47,107,105" hai1="0,23,63,133,66,43,80,29,76,61,79,1,117" hai2="82,52,17,32,85,106,38,69,72,126,130,27,97" hai3="28,101,10,30,13,68,124,4,104,121,41,51,62"/><T55/><D113/><U114/><E117/><V11/><F69/><W110/><G110/><T3/><D47/><U119/><E119/><V22/><F130/><W60/><G124/><T12/><D64/><U100/><E133/><N who="0" m="51305" /><D12/><U7/><E114/><V88/><F32/><W127/><G127/><T40/><D40/><U45/><E100/><V5/><F72/><W75/><G75/><T54/><D21/><U125/><E125/><V86/><F38/><W36/><G36/><T70/><D70/><U115/><E115/><V67/><F67/><W15/><G121/><T74/><D74/><U59/><E63/><N who="3" m="24106" /><G104/><N who="0" m="40011" /><D58/><U122/><E122/><V35/><F35/><W39/><G39/><T49/><D49/><U83/><E7/><V103/><F126/><W25/><G68/><T34/><D34/><U123/><E123/><V89/><F5/><N who="3" m="3279" /><G25/><T71/><D71/><U129/><E129/><V57/><F27/><W42/><G51/><T116/><D116/><U48/><E0/><AGARI ba="0,0" hai="0,2,3,54,55,87,90,93" m="40011,51305" machi="0" ten="40,2000,0" yaku="20,1" doraHai="37" who="0" fromWho="1" sc="292,20,223,-20,245,0,240,0" owari="312,41.2,203,-29.7,245,4.5,240,-16.0" /></mjloggm>