<mjloggm ver="2.3"><GO type="225" lobby="0"/><UN n0="%6D%75%75%6D%75%72%61" n1="%E4%B8%8B%E6%AE%B5%E3%83%81%E3%82%A7%E3%83%AA%E3%83%BC" n2="%E3%81%9F%E3%81%A3%E3%81%A1%E3%82%87" n3="%73%75%7A%75%72%61%6E%65" dan="16,16,16,16" rate="2082.43,2127.40,2095.84,2062.57" sx="F,M,M,M"/><TAIKYOKU oya="0"/><INIT seed="0,0,0,0,4,41" ten="250,250,250,250" oya="0" hai0="114,107,108,29,37,48,18,42,50,109,67,56,6" hai1="113,127,69,34,30,13,125,46,64,68,83,81,104" hai2="80,90,19,36,93,61,103,65,106,124,95,23,39" hai3="89,45,14,119,77,105,20,128,88,35,71,120,21"/><T27/><D114/><U17/><E104/><V32/><F32/><W129/><G119/><T28/><D107/><U54/><E113/><V110/><F110/><N who="0" m="42602" /><D6/><U87/><E30/><V43/><F124/><N who="1" m="47689" /><E34/><V0/><F0/><W97/><G35/><T123/><D123/><U63/><E69/><V74/><F106/><W22/><G71/><T38/><D18/><U91/><E83/><V62/><F62/><W60/><G60/><N who="0" m="38279" /><D50/><N who="1" m="29015" /><E13/><V4/><F36/><N who="0" m="13930" /><D27/><U75/><E75/><V98/><F4/><W121/><G77/><T33/><D33/><U100/><E100/><V112/><F112/><W2/><G2/><T51/><D51/><U130/><E130/><N who="3" m="50282" /><G14/><T53/><D42/><U52/><E52/><V47/><F19/><AGARI ba="0,0" hai="17,19,63,64,68,81,87,91" m="29015,47689" machi="19" ten="30,2000,0" yaku="18,1,52,1" doraHai="41" who="1" fromWho="2" sc="250,0,250,20,250,-20,250,0" /><INIT seed="1,0,0,2,2,25" ten="250,270,230,250" oya="1" hai0="8,85,74,46,7,123,31,64,107,73,53,127,121" hai1="15,51,88,50,129,62,32,124,38,66,119,102,101" hai2="60,6,126,1,3,17,41,49,61,82,75,52,48" hai3="111,65,116,5,94,81,11,40,96,9,18,37,57"/><U87/><E38/><V43/><F126/><W118/><G111/><T23/><D127/><U19/><E124/><V4/><F17/><W109/><G109/><T21/><D107/><U24/><E119/><N who="3" m="45610" /><G18/><T91/><D64/><U30/><E129/><V20/><F20/><W133/><G133/><T97/><D97/><U42/><E102/><V76/><F1/><W120/><G120/><N who="0" m="46155" /><D53/><U131/><E101/><V16/><F3/><W135/><G135/><T58/><D58/><U128/><E128/><V2/><F2/><W113/><G113/><T80/><D46/><U130/><E130/><V108/><F16/><W36/><G81/><T79/><D79/><U90/><E131/><V110/><F76/><W86/><G86/><T67/><D67/><U92/><E90/><V14/><F82/><W125/><G125/><T59/><D59/><U68/><REACH who="1" step="1"/><E42/><REACH who="1" ten="250,260,230,250" step="2"/><V106/><F106/><W44/><G37/><T63/><D91/><U26/><E26/><V54/><REACH who="2" step="1"/><F14/><REACH who="2" ten="250,260,220,250" step="2"/><W134/><G134/><T84/><D80/><U34/><E34/><V104/><F104/><W0/><G0/><T29/><D74/><AGARI ba="0,2" hai="4,6,41,43,48,49,52,54,60,61,74,75,108,110" machi="74" ten="25,6400,0" yaku="1,1,22,2,54,1,53,0" doraHai="25" doraHaiUra="71" who="2" fromWho="0" sc="250,-64,260,0,220,84,250,0" /><INIT seed="2,0,0,5,0,110" ten="186,260,304,250" oya="2" hai0="128,67,16,38,134,6,108,101,60,120,48,80,37" hai1="11,14,4,119,70,44,129,87,32,103,76,43,3" hai2="5,121,115,23,100,45,42,85,130,49,50,68,34" hai3="19,109,54,92,56,102,51,118,106,63,104,78,74"/><V125/><F115/><W7/><G118/><T75/><D120/><U36/><E119/><V132/><F121/><W84/><G109/><T55/><D108/><U33/><E70/><V77/><F34/><W0/><G74/><T79/><D6/><U15/><E129/><V99/><F68/><W65/><G19/><T124/><D134/><U86/><E103/><V10/><F132/><W22/><G22/><T126/><D101/><U18/><E3/><V47/><F125/><W26/><G26/><T1/><D1/><U123/><E123/><V127/><F127/><W88/><G78/><T52/><D128/><U2/><E2/><V111/><F111/><W12/><G12/><T31/><D31/><U17/><E4/><V133/><F133/><W20/><G20/><T81/><D81/><U40/><E40/><V122/><F23/><W71/><REACH who="3" step="1"/><G102/><REACH who="3" ten="186,260,304,240" step="2"/><T105/><D126/><U112/><E76/><V62/><F122/><W72/><G72/><T114/><D124/><U61/><E33/><V27/><F130/><W29/><G29/><T95/><D16/><U135/><E32/><V9/><F27/><W69/><G69/><T66/><D75/><U83/><E135/><V97/><F100/><W28/><G28/><T21/><D79/><U107/><E15/><V116/><F116/><W24/><G24/><T96/><D21/><U59/><E18/><V39/><F5/><W30/><G30/><T64/><D37/><U82/><E36/><V58/><F39/><W25/><G25/><T35/><D38/><U117/><E17/><V94/><F77/><W93/><G93/><RYUUKYOKU ba="0,1" sc="186,-10,260,-10,304,-10,240,30" hai3="0,7,51,54,56,63,65,71,84,88,92,104,106" /><INIT seed="3,1,1,0,2,21" ten="176,250,294,270" oya="3" hai0="11,92,18,43,44,121,64,119,85,9,40,34,13" hai1="97,96,91,94,46,42,38,17,127,63,113,25,61" hai2="104,8,93,111,50,95,58,56,20,75,112,57,0" hai3="108,74,27,79,128,68,86,47,81,80,7,16,77"/><W45/><G68/><T107/><D119/><U55/><E113/><V23/><F112/><W52/><G108/><T54/><D121/><U39/><E39/><V30/><F104/><W114/><G114/><T89/><D107/><U122/><E122/><V120/><F75/><W131/><G7/><T33/><D64/><U125/><E96/><V65/><F120/><W36/><G52/><T1/><D54/><U83/><E83/><V37/><F37/><W123/><G123/><T2/><D43/><U51/><E38/><V132/><F132/><W103/><G103/><T5/><REACH who="0" step="1"/><D1/><REACH who="0" ten="166,250,294,270" step="2"/><U116/><E116/><V105/><F105/><W133/><G133/><T10/><D10/><U76/><E76/><V29/><F8/><W69/><G69/><T26/><D26/><U72/><E61/><N who="2" m="38055" /><F0/><W62/><G62/><T124/><D124/><U24/><E127/><V98/><F111/><W90/><G79/><T110/><D110/><U102/><E125/><V73/><F57/><W14/><G27/><N who="1" m="10314" /><E72/><V70/><F73/><W4/><G45/><T109/><D109/><U134/><E134/><V22/><F70/><W99/><G47/><T82/><D82/><U67/><E67/><V126/><F126/><W100/><G81/><T35/><D35/><U32/><E32/><V78/><F78/><W66/><G66/><T135/><D135/><U60/><E42/><V19/><F58/><W41/><G41/><T130/><D130/><N who="3" m="49705" /><G77/><T129/><D129/><U49/><E55/><V106/><F106/><N who="3" m="63775" /><G74/><T84/><D84/><U87/><E87/><V48/><F98/><W53/><G86/><RYUUKYOKU ba="1,2" sc="166,30,250,-10,294,-10,270,-10" hai0="2,5,9,11,13,18,33,34,40,44,85,89,92" /><INIT seed="4,2,2,0,0,37" ten="196,240,284,260" oya="0" hai0="118,62,126,110,123,101,57,43,26,111,50,10,92" hai1="122,30,64,102,115,86,82,41,121,3,63,130,119" hai2="24,8,78,40,4,124,71,55,89,9,74,105,132" hai3="14,91,107,79,75,72,23,25,2,61,133,129,87"/><T128/><D118/><U13/><E3/><V94/><F105/><W52/><G2/><T16/><D123/><U69/><E119/><V114/><F71/><W6/><G107/><T56/><D126/><U31/><E102/><V32/><F124/><W96/><G129/><T97/><D128/><U7/><E130/><V76/><F114/><W112/><G112/><T83/><D83/><U53/><E115/><V49/><F74/><W135/><G96/><T12/><D26/><U36/><E31/><V18/><F32/><W0/><G0/><T39/><D39/><U42/><E30/><V117/><F40/><W116/><G116/><T85/><D85/><U19/><E7/><V59/><F132/><N who="3" m="50763" /><G79/><N who="2" m="30249" /><F4/><W21/><G21/><T134/><D134/><U120/><E53/><V28/><F28/><N who="3" m="17471" /><G14/><T73/><D73/><U47/><E41/><V98/><F117/><W44/><G6/><T58/><REACH who="0" step="1"/><D62/><REACH who="0" ten="186,240,284,260" step="2"/><U81/><REACH who="1" step="1"/><E86/><REACH who="1" ten="186,230,284,260" step="2"/><V34/><F34/><W100/><G72/><T84/><D84/><U33/><E33/><V5/><F98/><W103/><G75/><T45/><AGARI ba="2,4" hai="10,12,16,43,45,50,56,57,58,92,97,101,110,111" machi="45" ten="30,11700,0" yaku="1,1,0,1,52,1,54,1,53,0" doraHai="37" doraHaiUra="66" who="0" fromWho="0" sc="186,163,230,-41,284,-41,260,-41" owari="349,44.9,189,-31.1,243,4.3,219,-18.1" /></mjloggm>