<mjloggm ver="2.3"><GO type="225" lobby="0"/><UN n0="%47%32%E9%BE%8D%E9%96%80" n1="%E6%80%AA%E3%81%97%E3%81%99%E3%81%8E%E3%82%8B%E3%83%81%E3%83%BC" n2="%6D%75%75%6D%75%72%61" n3="%E3%82%B7%E3%83%B3%E5%A4%AA%E6%9C%97" dan="16,16,16,16" rate="2105.77,2069.39,2129.50,2150.51" sx="M,M,F,M"/><TAIKYOKU oya="0"/><INIT seed="0,0,0,3,4,58" ten="250,250,250,250" oya="0" hai0="10,120,49,116,80,19,101,39,65,23,94,97,98" hai1="21,115,60,103,87,67,11,53,15,8,56,96,66" hai2="5,64,95,119,6,45,110,135,40,48,27,93,51" hai3="124,125,50,86,46,90,7,100,107,79,114,102,62"/><T104/><D116/><U72/><E72/><V54/><F110/><W83/><G114/><T123/><D39/><U43/><E115/><V24/><F135/><W92/><G7/><N who="2" m="2569" /><F64/><W112/><G112/><T122/><D10/><U35/><E35/><V85/><F119/><W63/><G107/><T38/><D38/><U130/><E130/><V76/><F76/><W32/><G32/><T34/><D34/><U78/><E43/><V41/><F41/><W33/><G33/><T133/><D133/><U4/><E21/><V31/><F31/><W55/><G124/><T81/><D49/><U105/><REACH who="1" step="1"/><E11/><REACH who="1" ten="250,240,250,250" step="2"/><V75/><F75/><W128/><G128/><T88/><REACH who="0" step="1"/><D65/><REACH who="0" ten="240,240,250,250" step="2"/><U22/><E22/><V111/><F111/><W69/><G125/><T73/><D73/><U20/><E20/><V9/><F9/><W59/><G69/><T74/><D74/><U127/><E127/><V82/><F40/><W12/><G50/><T30/><D30/><U17/><E17/><V70/><F48/><W16/><G16/><T0/><D0/><U13/><E13/><AGARI ba="0,2" hai="13,19,23,80,81,88,94,97,98,101,104,120,122,123" machi="13" ten="40,3900,0" yaku="1,1,54,1,53,0" doraHai="58" doraHaiUra="44" who="0" fromWho="1" sc="240,59,240,-39,250,0,250,0" /><INIT seed="0,1,0,4,3,45" ten="299,201,250,250" oya="0" hai0="16,52,59,8,88,117,104,122,121,96,25,114,80" hai1="46,127,102,24,108,22,47,73,13,76,62,97,118" hai2="83,34,133,57,65,1,107,86,58,135,87,79,103" hai3="66,4,126,53,134,18,72,71,20,32,9,85,5"/><T106/><D114/><U43/><E118/><V42/><F34/><W35/><G72/><T68/><D68/><U17/><E108/><V100/><F1/><W92/><G126/><T27/><D117/><U77/><E127/><V2/><F2/><W54/><G134/><N who="2" m="51209" /><F107/><W56/><G4/><T99/><D8/><U105/><E73/><V6/><F6/><W48/><G71/><T33/><D33/><U23/><E62/><N who="2" m="38095" /><F42/><W36/><G66/><T119/><D119/><U81/><E46/><V12/><F12/><W132/><G132/><T19/><D59/><U125/><E81/><N who="2" m="47423" /><F58/><W129/><G36/><T28/><D80/><U41/><E125/><V78/><AGARI ba="1,0" hai="78,83,87,100,103" m="47423,38095,51209" machi="78" ten="30,1100,0" yaku="20,1" doraHai="45" who="2" fromWho="2" sc="299,-6,201,-4,250,14,250,-4" /><INIT seed="1,0,0,5,4,4" ten="293,197,264,246" oya="1" hai0="114,76,73,58,48,133,128,112,40,119,34,15,13" hai1="104,111,106,102,18,60,0,44,98,129,45,46,20" hai2="83,31,67,125,19,2,124,89,81,121,56,77,29" hai3="88,41,116,97,21,92,27,24,79,82,61,69,38"/><U42/><E129/><V35/><F121/><W132/><G132/><T50/><D119/><U5/><E111/><V75/><F2/><W49/><G116/><T9/><D34/><U51/><E104/><V64/><F19/><W107/><G38/><T101/><D133/><U84/><E60/><N who="2" m="37895" /><F67/><W10/><G107/><T134/><D134/><U1/><E84/><N who="2" m="50319" /><F35/><W63/><G69/><T16/><D101/><U109/><E109/><V36/><F36/><W65/><G65/><T68/><D68/><U39/><E5/><V117/><F117/><W57/><G27/><T118/><D118/><U85/><E85/><V25/><F25/><W47/><G57/><T80/><D128/><U127/><E127/><AGARI ba="0,0" hai="29,31,75,77,83,124,125,127" m="50319,37895" machi="127" ten="30,1000,0" yaku="18,1" doraHai="4" who="2" fromWho="1" sc="293,0,197,-10,264,10,246,0" /><INIT seed="2,0,0,5,1,43" ten="293,187,274,246" oya="2" hai0="135,95,90,120,58,79,21,38,96,88,78,80,105" hai1="40,5,103,11,60,89,109,76,66,49,7,24,94" hai2="26,6,32,113,115,100,31,129,0,73,74,65,62" hai3="53,44,37,117,72,121,25,87,34,61,33,42,18"/><V114/><F129/><W2/><G117/><T71/><D120/><U47/><E109/><V92/><F92/><W13/><G72/><T106/><D71/><U22/><E76/><N who="0" m="29225" /><D58/><U133/><E133/><V28/><F100/><W124/><G2/><T4/><D21/><U59/><E11/><V122/><F122/><W9/><G124/><T82/><D4/><U16/><E103/><V111/><F111/><W97/><G121/><T126/><D38/><U15/><E15/><V12/><F12/><W51/><G61/><T19/><D19/><U64/><E66/><V77/><F28/><W86/><G97/><AGARI ba="0,0" hai="5,7,16,22,24,40,47,49,59,60,64,89,94,97" machi="97" ten="30,7700,0" yaku="7,1,8,1,52,1,54,1" doraHai="43" who="1" fromWho="3" sc="293,0,187,77,274,0,246,-77" /><INIT seed="3,0,0,2,3,91" ten="293,264,274,169" oya="3" hai0="108,83,88,111,44,68,50,75,78,61,17,124,2" hai1="40,13,85,18,24,15,87,70,26,6,104,45,59" hai2="48,54,128,121,98,38,64,30,51,71,134,14,20" hai3="100,90,57,27,65,28,114,119,29,1,5,103,58"/><W113/><G119/><T22/><D2/><U131/><E70/><V123/><F38/><W34/><G28/><T25/><D124/><U130/><E104/><V3/><F3/><W120/><G120/><T107/><D107/><U9/><E59/><V55/><F128/><N who="1" m="49193" /><E24/><V109/><F109/><N who="0" m="42058" /><D88/><U101/><E26/><V46/><F134/><W49/><G5/><T92/><D92/><U35/><E101/><V53/><F30/><W122/><G1/><T36/><D36/><N who="1" m="21639" /><E35/><V43/><F71/><W106/><G122/><T67/><D50/><U99/><E99/><V69/><F48/><W112/><G106/><T77/><D78/><U110/><E110/><V4/><F98/><W41/><G90/><T66/><D66/><U133/><E133/><V94/><F64/><W7/><G7/><T11/><D44/><U63/><E63/><V79/><F79/><W62/><REACH who="3" step="1"/><G57/><REACH who="3" ten="293,264,274,159" step="2"/><T39/><D68/><U32/><E32/><V81/><F69/><W93/><G93/><T84/><D17/><U132/><E132/><V21/><F94/><W125/><G125/><T72/><D77/><U74/><E74/><V37/><F121/><W12/><G12/><T33/><D75/><U76/><E76/><V47/><F14/><W42/><G42/><T117/><D72/><U60/><E15/><V135/><F123/><W8/><G8/><T52/><D11/><U102/><E6/><V0/><F135/><W97/><G97/><T95/><D95/><U127/><E127/><V116/><F116/><W56/><G56/><T89/><D117/><U118/><E118/><V80/><F0/><RYUUKYOKU ba="0,1" sc="293,-10,264,-10,274,-10,159,30" hai3="27,29,34,41,49,58,62,65,100,103,112,113,114" /><INIT seed="3,1,1,4,5,39" ten="283,254,264,189" oya="3" hai0="54,72,45,83,11,87,46,134,57,44,79,28,114" hai1="51,3,109,40,127,21,88,64,47,131,41,58,110" hai2="24,97,95,89,90,52,117,85,96,115,101,82,98" hai3="132,122,15,76,62,105,106,19,100,128,37,36,118"/><W50/><G118/><T6/><D134/><U48/><E131/><V135/><F117/><W32/><G122/><T0/><D114/><U63/><E127/><V81/><F115/><W123/><G123/><T12/><D28/><U14/><E3/><V35/><F135/><W4/><G32/><T60/><REACH who="0" step="1"/><D0/><REACH who="0" ten="273,254,264,189" step="2"/><U34/><E109/><V61/><F35/><W5/><G132/><T119/><D119/><U17/><E110/><V99/><F24/><W92/><G128/><T78/><D78/><U25/><E34/><V30/><F30/><W38/><G76/><T53/><D53/><U33/><E33/><V102/><F89/><W84/><G105/><T121/><D121/><U125/><E88/><V49/><F101/><W66/><G106/><T26/><D26/><U55/><E125/><V69/><F102/><W91/><G100/><T20/><D20/><U73/><E25/><V75/><F90/><W43/><G43/><T116/><D116/><U10/><E21/><V111/><F111/><W56/><REACH who="3" step="1"/><G50/><REACH who="3" ten="273,254,264,179" step="2"/><T18/><D18/><U8/><E40/><V13/><F49/><W80/><G80/><T112/><D112/><U67/><E41/><V59/><F81/><W133/><G133/><T71/><D71/><U124/><E48/><V31/><F82/><W2/><G2/><T16/><D16/><U94/><E17/><V1/><F69/><W86/><G86/><AGARI ba="1,3" hai="6,11,12,44,45,46,54,57,60,72,79,83,86,87" machi="86" ten="40,2600,0" yaku="1,1,53,1" doraHai="39" doraHaiUra="104" who="0" fromWho="3" sc="273,59,254,0,264,0,179,-29" owari="332,43.2,254,-14.6,264,6.4,150,-35.0" /></mjloggm>