<mjloggm ver="2.3"><GO type="225" lobby="0"/><UN n0="%E6%B4%BE%E9%81%A3%E3%81%AE%E3%82%B8%E3%83%A3%E3%83%83%E3%82%AF" n1="%E4%BA%95%E5%B8%AF" n2="%4B%69%74%61%6D%75%72%61" n3="%E3%81%B5%E3%81%98%E3%81%8B%E3%81%A4" dan="17,16,17,16" rate="2168.23,2047.27,2166.15,2185.82" sx="M,M,F,M"/><TAIKYOKU oya="0"/><INIT seed="0,0,0,0,5,14" ten="250,250,250,250" oya="0" hai0="4,54,94,110,62,23,24,131,101,124,109,113,20" hai1="103,37,2,130,99,43,53,93,118,44,35,133,116" hai2="56,82,60,19,25,21,87,115,129,7,81,77,40" hai3="1,67,102,29,122,18,33,128,5,0,58,85,79"/><T10/><D113/><U45/><E130/><V73/><F129/><W105/><G102/><T3/><D131/><U49/><E133/><V12/><F115/><W106/><G128/><T76/><D76/><U78/><E2/><V120/><F120/><W9/><G67/><T52/><D124/><U80/><REACH who="1" step="1"/><E35/><REACH who="1" ten="250,240,250,250" step="2"/><V11/><F40/><W114/><G33/><T126/><D126/><U71/><E71/><V47/><F47/><W135/><G114/><T134/><D134/><U46/><E46/><V17/><F73/><AGARI ba="0,1" hai="37,43,44,45,49,53,73,78,80,93,99,103,116,118" machi="73" ten="30,2000,0" yaku="1,1,7,1,53,0" doraHai="14" doraHaiUra="61" who="1" fromWho="2" sc="250,0,240,30,250,-20,250,0" /><INIT seed="1,0,0,2,1,122" ten="250,270,230,250" oya="1" hai0="2,26,3,134,37,17,117,125,79,110,23,105,28" hai1="72,71,30,131,42,76,31,86,22,106,89,54,113" hai2="97,63,24,59,13,1,5,11,18,95,132,38,130" hai3="0,77,93,44,52,88,75,29,61,83,6,32,48"/><U96/><E113/><V91/><F132/><W98/><G32/><T64/><D37/><U100/><E131/><V107/><F130/><W121/><G121/><T65/><D105/><U82/><E71/><V15/><F38/><W33/><G0/><T68/><D117/><U80/><E42/><V66/><F107/><W55/><G6/><T35/><D79/><U128/><E128/><V124/><F124/><W123/><G123/><T40/><D40/><U47/><REACH who="1" step="1"/><E22/><REACH who="1" ten="250,260,230,250" step="2"/><V41/><F41/><W102/><G33/><T46/><D68/><U53/><E53/><V34/><F34/><W115/><G115/><T118/><D35/><U73/><E73/><V36/><F36/><W49/><G61/><T90/><D23/><U133/><E133/><V58/><F63/><W92/><G29/><T111/><D28/><U21/><E21/><V81/><F66/><W99/><G49/><AGARI ba="0,1" hai="30,31,47,49,54,72,76,80,82,86,89,96,100,106" machi="49" ten="40,2000,0" yaku="1,1,53,0" doraHai="122" doraHaiUra="114" who="1" fromWho="3" sc="250,0,260,30,230,0,250,-20" /><INIT seed="1,1,0,0,0,48" ten="250,290,230,230" oya="1" hai0="53,123,15,94,60,45,115,108,116,107,21,109,89" hai1="26,120,38,85,79,5,99,96,58,118,83,1,77" hai2="128,127,87,70,22,54,63,92,0,132,6,122,105" hai3="4,35,74,56,82,88,33,7,80,31,95,113,14"/><U81/><E120/><V68/><F122/><W23/><G113/><T75/><D123/><U64/><E118/><V110/><F105/><W135/><G135/><T71/><D107/><U34/><E38/><V65/><F132/><W117/><G117/><T91/><D75/><U101/><E1/><V106/><F106/><W125/><G125/><T32/><D32/><U51/><E5/><V55/><F127/><W44/><G35/><T119/><D115/><U111/><E111/><N who="0" m="42569" /><D71/><U28/><E101/><V30/><F70/><W121/><G121/><T131/><D131/><U16/><E16/><V78/><F110/><W12/><G33/><T8/><D21/><U29/><E28/><V49/><F49/><W18/><G44/><T114/><D91/><U25/><E26/><V46/><F46/><W98/><G74/><T59/><D45/><U43/><E43/><V39/><F39/><W40/><G40/><T130/><D130/><U102/><E102/><V9/><F128/><W62/><G31/><T134/><D114/><U50/><E50/><V24/><REACH who="2" step="1"/><F92/><REACH who="2" ten="250,290,220,230" step="2"/><W103/><G103/><T52/><D134/><U36/><E36/><V129/><F129/><W69/><G69/><T17/><D116/><U86/><REACH who="1" step="1"/><E51/><REACH who="1" ten="250,280,220,230" step="2"/><V2/><F2/><W13/><G7/><T72/><D119/><U76/><E76/><V66/><F66/><N who="3" m="39239" /><G4/><T20/><D17/><U61/><AGARI ba="1,2" hai="25,29,34,58,61,64,77,79,81,83,85,86,96,99" machi="61" ten="30,12000,1" yaku="1,1,0,1,9,1,53,2" doraHai="48" doraHaiUra="73" who="1" fromWho="1" sc="250,-41,280,143,220,-41,230,-41" /><INIT seed="1,2,0,0,2,41" ten="209,423,179,189" oya="1" hai0="0,114,52,99,38,92,81,37,2,46,64,65,76" hai1="11,15,55,87,47,33,66,121,98,18,101,94,25" hai2="91,6,103,109,116,44,129,118,80,69,14,134,79" hai3="48,54,68,4,42,111,131,62,113,107,70,56,59"/><U8/><E121/><V26/><F69/><N who="3" m="26731" /><G107/><T74/><D114/><U9/><E66/><V71/><F71/><W130/><G4/><T3/><D65/><U35/><E87/><V43/><F109/><W83/><G83/><T96/><D64/><U100/><E101/><V16/><F103/><W40/><G113/><T132/><D132/><U20/><REACH who="1" step="1"/><E25/><REACH who="1" ten="209,413,179,189" step="2"/><V34/><F26/><W51/><G111/><T28/><D28/><U86/><E86/><V89/><F134/><W29/><G29/><T104/><D104/><U17/><E17/><V112/><F112/><W78/><G78/><T57/><D96/><U135/><E135/><V93/><F16/><W7/><G7/><T84/><D84/><U122/><E122/><V97/><F79/><W10/><G131/><T95/><D99/><U30/><E30/><V124/><F129/><W63/><G130/><T128/><D128/><U126/><E126/><V120/><F124/><W119/><G119/><T24/><D24/><U102/><E102/><V36/><F120/><W88/><G88/><T39/><REACH who="0" step="1"/><D46/><REACH who="0" ten="199,413,179,189" step="2"/><U13/><E13/><V32/><F118/><W5/><G59/><T90/><D90/><U58/><E58/><V45/><F116/><W31/><G56/><T125/><D125/><U21/><E21/><V133/><F133/><W127/><G31/><T12/><D12/><U27/><E27/><V106/><F106/><W110/><G110/><T49/><AGARI ba="2,2" hai="0,2,3,37,38,39,49,52,57,74,76,81,92,95" machi="49" ten="40,5200,0" yaku="1,1,0,1,54,1,53,0" doraHai="41" doraHaiUra="22" who="0" fromWho="0" sc="199,78,413,-28,179,-15,189,-15" /><INIT seed="2,0,0,5,3,8" ten="277,385,164,174" oya="2" hai0="49,88,60,36,17,10,74,64,77,113,134,39,95" hai1="27,11,124,102,108,83,90,44,9,110,82,135,84" hai2="70,29,79,1,33,123,3,87,115,111,63,85,2" hai3="47,22,94,32,130,109,24,117,106,131,53,96,58"/><V112/><F123/><W132/><G117/><T42/><D113/><U48/><E124/><V107/><F107/><W128/><G106/><T57/><D134/><U101/><E27/><V89/><F111/><N who="1" m="42537" /><E82/><V45/><F79/><W116/><G109/><T86/><D49/><U122/><E135/><V114/><F45/><W30/><G132/><T119/><D119/><U93/><E122/><V126/><F126/><W127/><G127/><T51/><D51/><U46/><E44/><V20/><F33/><W65/><G116/><T62/><D62/><U72/><E72/><V26/><REACH who="2" step="1"/><F89/><REACH who="2" ten="277,385,154,174" step="2"/><N who="3" m="55375" /><G47/><T75/><D77/><N who="1" m="46191" /><E102/><V4/><F4/><W56/><G32/><T12/><REACH who="0" step="1"/><D42/><REACH who="0" ten="267,385,154,174" step="2"/><N who="1" m="24663" /><E101/><V50/><F50/><N who="3" m="30775" /><G131/><T15/><D15/><U104/><E104/><V41/><F41/><W100/><G100/><T78/><D78/><U69/><E69/><V129/><F129/><W61/><G130/><T121/><D121/><U59/><E59/><V103/><F103/><W98/><G128/><T118/><D118/><U25/><E25/><V43/><F43/><W28/><G28/><T97/><D97/><AGARI ba="0,2" hai="9,11,90,93,97" m="24663,46191,42537" machi="97" ten="30,1000,0" yaku="14,1" doraHai="8" who="1" fromWho="0" sc="267,-10,385,30,154,0,174,0" /><AGARI ba="0,0" hai="22,24,30,58,61,65,97,98" m="30775,55375" machi="97" ten="30,1000,0" yaku="8,1" doraHai="8" who="3" fromWho="0" sc="257,-10,415,0,154,0,174,10" /><INIT seed="3,0,0,1,4,131" ten="247,415,154,184" oya="3" hai0="132,55,51,128,46,94,4,61,126,43,15,133,3" hai1="75,0,30,34,78,50,22,68,72,110,40,83,37" hai2="42,23,57,53,104,44,28,119,101,120,100,27,54" hai3="79,31,56,127,87,107,41,20,47,112,77,115,25"/><W16/><G127/><T18/><D128/><U52/><E22/><V24/><F119/><W5/><G107/><T116/><D116/><U45/><E110/><V48/><F120/><W124/><G124/><T71/><D126/><U103/><E68/><V65/><F104/><W134/><G5/><T109/><D109/><U29/><E75/><V97/><F65/><W95/><G134/><N who="0" m="51819" /><D94/><U123/><E123/><V35/><F97/><W7/><G7/><T38/><D3/><U6/><E103/><V73/><F73/><W98/><G112/><T1/><D1/><U89/><E89/><V14/><F14/><W118/><G118/><T82/><D82/><U19/><E19/><V66/><F66/><W67/><G87/><T90/><D90/><U11/><E34/><V21/><F35/><W49/><G31/><T125/><D125/><U96/><E96/><V76/><F76/><W13/><G13/><T86/><D86/><U108/><E108/><V117/><F117/><W92/><G92/><T60/><D71/><U135/><E135/><V74/><F74/><W9/><G115/><T33/><D33/><U17/><E17/><V122/><F122/><W91/><G9/><N who="0" m="6511" /><D4/><U26/><E26/><V111/><F111/><W106/><G106/><T130/><D130/><U36/><E36/><V32/><F32/><W58/><G79/><T8/><D8/><U12/><E12/><V10/><F10/><W121/><G121/><T88/><D88/><U114/><E114/><V99/><F99/><W84/><G67/><T64/><D64/><U93/><E93/><V69/><F69/><RYUUKYOKU ba="0,0" sc="247,10,415,10,154,-30,184,10" hai0="38,43,46,51,55,60,61" hai1="0,6,11,29,30,37,40,45,50,52,72,78,83" hai3="16,20,25,41,47,49,56,58,77,84,91,95,98" /><INIT seed="3,1,0,5,5,45" ten="257,425,124,194" oya="3" hai0="67,110,117,121,126,43,44,4,26,103,94,20,60" hai1="52,113,107,35,108,3,135,105,72,41,99,28,111" hai2="71,91,12,88,27,102,83,75,9,128,90,58,14" hai3="104,56,61,32,81,31,65,106,112,34,100,21,86"/><W49/><G112/><T70/><D117/><U22/><E113/><V116/><F116/><W119/><G119/><T73/><D73/><U133/><E35/><V23/><F71/><W25/><G104/><N who="1" m="40010" /><E72/><V122/><F128/><W96/><REACH who="3" step="1"/><G49/><REACH who="3" ten="257,425,124,184" step="2"/><T38/><D121/><U47/><E135/><V30/><F122/><W130/><G130/><T57/><D38/><U98/><E133/><V89/><F102/><W39/><G39/><T17/><D103/><U78/><E111/><V93/><F75/><W15/><G15/><T79/><D110/><U2/><E108/><V76/><F93/><W59/><G59/><T1/><D57/><U92/><E2/><V37/><F37/><W63/><G63/><T53/><D60/><U50/><E3/><V5/><N who="2" m="22528" /><DORA hai="55" /><V127/><F127/><W36/><G36/><T54/><D94/><U131/><E131/><V82/><F58/><W68/><G68/><T97/><D1/><U6/><E92/><V77/><REACH who="2" step="1"/><F14/><REACH who="2" ten="257,425,114,184" step="2"/><W80/><G80/><AGARI ba="1,2" hai="5,9,12,23,27,30,76,77,80,82,83" m="22528" machi="80" ten="50,16000,3" yaku="1,1,2,1,8,1,54,1,53,5" doraHai="45,55" doraHaiUra="18,87" who="2" fromWho="3" sc="257,0,425,0,114,183,184,-163" owari="257,-14.3,425,52.5,297,9.7,21,-47.9" /></mjloggm>