<mjloggm ver="2.3"><GO type="225" lobby="0"/><UN n0="%E5%B0%8F%37%34" n1="%E3%81%BF%E3%81%BF%E3%81%9A" n2="%6D%75%75%6D%75%72%61" n3="%E6%B8%A1%E5%A4%A9%E8%97%8D" dan="16,16,16,16" rate="2099.05,2145.57,2095.17,2124.07" sx="M,M,F,M"/><TAIKYOKU oya="0"/><INIT seed="0,0,0,5,1,45" ten="250,250,250,250" oya="0" hai0="133,18,5,73,2,86,64,122,85,93,47,87,112" hai1="35,43,103,92,27,72,135,105,127,118,111,40,11" hai2="123,99,63,22,49,131,81,61,41,58,71,33,9" hai3="106,4,116,7,23,124,30,53,14,83,29,128,26"/><T44/><D122/><U66/><E118/><V70/><F33/><W88/><G106/><T78/><D112/><U91/><E111/><V59/><F123/><W55/><G116/><T90/><D133/><U75/><E135/><V95/><F131/><W39/><G39/><T110/><D110/><U20/><E127/><V38/><F38/><W48/><G128/><T32/><D32/><U134/><E134/><V15/><F81/><W3/><G3/><T50/><D44/><U89/><E35/><V54/><F22/><W108/><G108/><T37/><D37/><U104/><E66/><V132/><F41/><W1/><G1/><T42/><D64/><U74/><E11/><V120/><F120/><W19/><G124/><T119/><D119/><U84/><E91/><V21/><F21/><N who="3" m="15567" /><G55/><T13/><D2/><U114/><E114/><V82/><F82/><W80/><G80/><T125/><D5/><U109/><E105/><V6/><F132/><W98/><G30/><T69/><D125/><U16/><REACH who="1" step="1"/><E109/><REACH who="1" ten="250,240,250,250" step="2"/><V0/><F0/><W102/><G102/><T76/><D69/><U51/><E51/><V100/><REACH who="2" step="1"/><F61/><REACH who="2" ten="250,240,240,250" step="2"/><W121/><G121/><T31/><D73/><U97/><AGARI ba="0,2" hai="16,20,27,40,43,72,74,75,84,89,92,97,103,104" machi="97" ten="40,8000,1" yaku="1,1,0,1,54,1,53,1" doraHai="45" doraHaiUra="17" who="1" fromWho="1" sc="250,-40,240,100,240,-20,250,-20" /><INIT seed="1,0,0,2,4,126" ten="210,340,220,230" oya="1" hai0="114,95,15,98,46,21,88,94,58,128,25,18,92" hai1="122,117,28,49,130,53,67,115,91,65,61,47,110" hai2="23,119,55,16,0,31,20,59,27,116,127,79,44" hai3="30,69,86,64,97,81,43,5,26,132,89,101,87"/><U120/><E28/><V38/><F127/><W9/><G132/><T71/><D71/><U121/><E115/><V105/><F0/><W22/><G43/><T103/><D114/><U52/><E117/><V76/><F105/><W11/><G69/><T63/><D46/><U134/><E91/><V96/><F96/><W50/><G64/><N who="1" m="24650" /><E134/><V12/><F116/><W102/><G50/><T74/><D74/><U70/><E130/><V85/><F119/><W42/><G42/><T45/><D45/><U29/><E29/><V60/><REACH who="2" step="1"/><F85/><REACH who="2" ten="210,340,210,230" step="2"/><W33/><G86/><T118/><D118/><U125/><E125/><V6/><F6/><W80/><G5/><T133/><D133/><U51/><E110/><V35/><F35/><W54/><G33/><T107/><D107/><U124/><E124/><V66/><F66/><W77/><G101/><T13/><D103/><U75/><E75/><V135/><F135/><W108/><G108/><T100/><D100/><U113/><E113/><V8/><F8/><W3/><G3/><T129/><D94/><U72/><E72/><V56/><F56/><W83/><G83/><T82/><D95/><U78/><E70/><V19/><F19/><W41/><G81/><T17/><D82/><U68/><E68/><V2/><F2/><W131/><G80/><T7/><D17/><U40/><E78/><V1/><F1/><W109/><G77/><T99/><D7/><U36/><E53/><V123/><F123/><W57/><G54/><N who="0" m="34263" /><D98/><U39/><E121/><V104/><F104/><W106/><G106/><T10/><D10/><U24/><E122/><RYUUKYOKU ba="0,1" sc="210,15,340,-15,210,15,230,-15" hai0="13,15,18,21,25,88,92,99,128,129" hai2="12,16,20,23,27,31,38,44,55,59,60,76,79" /><INIT seed="2,1,1,2,5,28" ten="225,325,225,215" oya="2" hai0="104,19,31,109,55,95,45,36,41,86,51,88,1" hai1="39,133,47,35,44,93,53,100,64,110,18,48,96" hai2="134,83,59,79,128,8,4,123,94,87,12,68,7" hai3="119,6,106,78,73,14,112,62,129,2,113,67,0"/><V60/><F123/><W58/><G106/><T81/><D104/><U70/><E110/><V89/><F128/><W22/><G119/><T127/><D109/><U13/><E133/><V17/><F134/><W34/><G34/><T107/><D107/><U27/><E70/><V135/><F68/><W50/><G129/><T3/><D127/><U61/><E39/><V126/><F126/><W56/><G78/><T116/><D116/><U33/><E27/><V115/><F115/><N who="3" m="44107" /><G73/><T38/><D31/><U32/><E64/><V99/><REACH who="2" step="1"/><F135/><REACH who="2" ten="225,325,215,215" step="2"/><W75/><G75/><T9/><D36/><U15/><E61/><V84/><F84/><W90/><G62/><T77/><D38/><U117/><E117/><V105/><F105/><W74/><G74/><T11/><D86/><U130/><E130/><V5/><F5/><W122/><G6/><T125/><D125/><U65/><E65/><AGARI ba="1,2" hai="4,7,8,12,17,59,60,65,79,83,87,89,94,99" machi="65" ten="30,5800,0" yaku="1,1,7,1,8,1,53,0" doraHai="28" doraHaiUra="111" who="2" fromWho="1" sc="225,0,325,-61,215,81,215,0" /><INIT seed="2,2,0,5,2,33" ten="225,264,296,215" oya="2" hai0="45,40,71,65,126,125,129,62,2,7,36,134,56" hai1="86,88,19,14,13,76,29,67,116,58,114,127,55" hai2="81,70,34,105,51,87,8,99,39,133,89,48,94" hai3="53,42,135,73,27,110,119,1,60,78,9,128,47"/><V108/><F39/><W28/><G119/><T35/><D35/><U91/><E114/><V132/><F70/><W50/><G110/><T26/><D26/><U10/><E116/><V103/><F34/><W41/><G128/><T115/><D115/><U93/><E127/><N who="0" m="48649" /><D7/><U122/><E122/><V130/><F130/><W3/><G9/><T80/><D80/><U23/><E67/><V104/><F108/><W21/><G135/><N who="2" m="51785" /><F8/><W68/><G78/><T72/><D72/><U20/><E76/><V54/><F54/><W16/><G73/><T37/><D134/><U52/><E91/><V111/><F111/><W101/><G101/><T18/><D18/><N who="1" m="10319" /><E58/><V64/><F64/><W61/><G68/><T22/><D129/><U95/><E95/><V77/><F105/><W79/><G79/><T96/><D37/><U121/><E121/><V0/><F0/><W123/><G123/><T131/><D131/><U30/><E30/><V84/><AGARI ba="2,0" hai="48,51,77,81,84,87,89,94,99,103,104" m="51785" machi="84" ten="30,1500,0" yaku="20,1" doraHai="33" who="2" fromWho="2" sc="225,-7,264,-7,296,21,215,-7" /><INIT seed="2,3,0,4,4,104" ten="218,257,317,208" oya="2" hai0="77,79,15,65,99,102,90,39,132,98,131,59,75" hai1="58,16,115,89,4,24,8,53,5,121,100,78,50" hai2="129,107,95,56,40,97,46,9,35,133,22,69,114" hai3="23,86,60,41,11,122,7,74,51,19,42,55,116"/><V33/><F114/><W18/><G74/><T57/><D39/><U72/><E115/><V76/><F69/><W68/><G116/><T87/><D131/><U106/><E121/><V20/><F107/><W13/><G122/><T67/><D132/><U134/><E134/><V0/><F133/><W17/><G68/><T27/><D75/><U84/><E106/><V82/><F129/><W88/><G60/><T14/><D27/><U80/><E100/><V2/><F56/><W52/><G23/><T73/><D73/><U63/><E63/><V120/><F120/><W105/><G105/><T81/><D102/><U48/><E48/><V135/><F135/><W1/><G1/><T28/><D28/><U96/><E96/><V92/><F9/><W111/><G111/><T83/><D87/><U30/><E8/><V45/><F97/><W119/><G119/><T29/><D29/><U3/><E16/><N who="3" m="4098" /><W103/><DORA hai="127" /><G103/><T49/><D49/><U43/><E43/><N who="3" m="16394" /><G51/><T128/><D128/><U44/><E44/><V21/><F21/><W126/><G126/><T70/><D70/><U32/><REACH who="1" step="1"/><E3/><REACH who="1" ten="218,247,317,208" step="2"/><V109/><F40/><W117/><G117/><T130/><D130/><U6/><E6/><V112/><F112/><W10/><G11/><T108/><D108/><U124/><E124/><V123/><F109/><W61/><G61/><T91/><AGARI ba="3,1" hai="14,15,57,59,65,67,77,79,81,83,90,91,98,99" machi="91" ten="25,6400,0" yaku="0,1,22,2,8,1" doraHai="104,127" who="0" fromWho="0" sc="218,83,247,-19,317,-35,208,-19" /><INIT seed="3,0,0,2,2,82" ten="301,228,282,189" oya="3" hai0="111,122,2,61,23,105,58,109,40,103,99,91,37" hai1="79,42,6,69,26,134,22,56,7,34,49,70,32" hai2="15,133,13,47,118,44,66,124,18,51,25,83,36" hai3="60,1,114,9,59,54,97,30,10,129,3,131,31"/><W88/><G114/><T41/><D122/><U100/><E100/><V45/><F118/><W68/><G68/><T130/><D130/><N who="3" m="49673" /><G10/><T75/><D75/><U86/><E134/><V95/><F133/><W12/><G1/><T46/><D40/><U63/><E70/><V71/><F124/><W55/><G55/><T92/><D2/><U20/><E69/><V101/><F71/><W43/><G43/><T135/><D23/><U0/><E32/><V104/><F36/><W16/><G3/><T123/><D135/><U33/><E34/><V65/><F51/><W85/><G97/><T78/><D123/><U119/><E33/><V113/><F113/><W107/><G107/><T64/><D78/><U126/><E20/><N who="2" m="13463" /><F104/><W84/><G84/><T121/><D121/><U21/><E22/><V24/><F66/><W110/><G110/><N who="0" m="41995" /><D105/><U11/><E126/><V29/><F65/><W19/><G19/><T53/><D64/><N who="1" m="39015" /><E119/><V117/><F117/><W57/><G59/><T17/><D17/><N who="1" m="12591" /><E0/><V102/><F45/><W115/><G115/><T80/><D103/><U52/><E42/><V76/><F102/><W106/><G106/><T89/><D89/><U4/><E11/><V39/><F39/><W72/><G72/><T116/><D116/><U62/><E79/><V50/><F47/><W112/><G112/><T48/><D37/><U90/><E62/><V8/><F8/><W28/><G28/><T132/><D132/><U73/><E73/><N who="2" m="43407" /><F44/><W5/><G5/><N who="1" m="1282" /><U94/><DORA hai="108" /><E49/><V35/><F50/><W96/><G96/><T81/><AGARI ba="0,0" hai="41,46,48,53,58,61,80,81,91,92,99" m="41995" machi="81" ten="30,1100,0" yaku="14,1" doraHai="82,108" who="0" fromWho="0" sc="301,11,228,-3,282,-3,189,-5" owari="312,41.2,225,-17.5,279,7.9,184,-31.6" /></mjloggm>