<mjloggm ver="2.3"><GO type="225" lobby="0"/><UN n0="%E3%81%BF%E3%81%BF%E3%81%9A" n1="%E8%A8%88%E7%AE%97%E6%A9%9F%E8%87%AA%E7%84%B6" n2="%E3%83%AD%E3%83%83%E3%83%86%E9%9B%80%E7%90%83" n3="%47%68%6F%73%74%55%30" dan="18,17,16,17" rate="2247.40,2179.10,2177.47,2121.79" sx="M,M,M,M"/><TAIKYOKU oya="0"/><INIT seed="0,0,0,4,5,81" ten="250,250,250,250" oya="0" hai0="83,69,97,71,68,39,115,118,30,84,38,43,106" hai1="58,54,74,66,31,67,70,63,55,131,52,99,112" hai2="20,50,23,110,24,72,53,28,98,34,7,40,128" hai3="129,95,44,125,126,124,135,123,94,42,49,22,73"/><T8/><D115/><U79/><E74/><V9/><F72/><W91/><G73/><T21/><D118/><U17/><E79/><V89/><F110/><W111/><G111/><T119/><D119/><U104/><E31/><V127/><F127/><W64/><G135/><T92/><D106/><U114/><E17/><V87/><F128/><W15/><G129/><T86/><D8/><U122/><E99/><V51/><F40/><W41/><G64/><T130/><D130/><U85/><E104/><V65/><F65/><W57/><G57/><T29/><D83/><U33/><E33/><V46/><F51/><W2/><G2/><T103/><D29/><U0/><E0/><V14/><REACH who="2" step="1"/><F98/><REACH who="2" ten="250,250,240,250" step="2"/><W59/><G42/><T10/><D43/><U35/><E131/><V36/><F36/><W48/><G48/><T4/><D38/><U96/><E96/><V88/><F88/><W82/><G82/><AGARI ba="0,1" hai="7,9,14,20,23,24,28,34,46,50,53,82,87,89" machi="82" ten="30,3900,0" yaku="1,1,7,1,52,1,53,0" doraHai="81" doraHaiUra="117" who="2" fromWho="3" sc="250,0,250,0,240,49,250,-39" /><INIT seed="1,0,0,5,3,83" ten="250,250,289,211" oya="1" hai0="92,34,81,25,54,31,90,58,38,23,124,70,19" hai1="72,78,21,49,82,100,121,62,88,97,26,0,93" hai2="59,43,80,42,10,39,28,37,47,46,110,22,65" hai3="84,71,123,133,67,16,8,130,99,20,27,91,96"/><U85/><E0/><V116/><F116/><W48/><G123/><T2/><D70/><U36/><E36/><V101/><F110/><W63/><G130/><T94/><D124/><U127/><E127/><V109/><F109/><W86/><G133/><T75/><D2/><U131/><E131/><V44/><F101/><W107/><G107/><T68/><D38/><U117/><E117/><V77/><F46/><W73/><G73/><T17/><D68/><U15/><E121/><V51/><F10/><W1/><G48/><T66/><D66/><U128/><E128/><V87/><F51/><W79/><G79/><T74/><D94/><U18/><E49/><V50/><F50/><W89/><G1/><T40/><D40/><U12/><REACH who="1" step="1"/><E62/><REACH who="1" ten="250,240,289,211" step="2"/><V6/><F39/><W57/><G71/><T55/><D75/><U118/><E118/><V61/><F37/><W95/><G8/><T113/><D74/><U104/><AGARI ba="0,1" hai="12,15,18,21,26,72,78,82,85,88,93,97,100,104" machi="104" ten="20,24000,3" yaku="1,1,0,1,7,1,24,2,52,1,54,1,53,1" doraHai="83" doraHaiUra="106" who="1" fromWho="1" sc="250,-80,240,250,289,-80,211,-80" /><INIT seed="1,1,0,1,1,18" ten="170,490,209,131" oya="1" hai0="69,102,25,79,118,51,52,135,130,42,19,57,73" hai1="63,133,82,47,12,131,122,14,27,126,71,37,28" hai2="65,1,24,35,64,66,4,99,124,109,34,81,70" hai3="107,101,59,89,20,80,50,95,134,5,30,60,76"/><U120/><E131/><V56/><F70/><W29/><G134/><T113/><D113/><U62/><E82/><V0/><F56/><W46/><G5/><T83/><D118/><U26/><E28/><V72/><F109/><W128/><G128/><T6/><D135/><U44/><E133/><V54/><F54/><W43/><G107/><T17/><D130/><U68/><REACH who="1" step="1"/><E37/><REACH who="1" ten="170,480,209,131" step="2"/><V36/><F81/><W77/><G30/><T115/><D83/><U10/><E10/><V119/><F36/><W61/><G80/><T3/><D79/><U123/><E123/><V8/><F8/><W91/><G77/><T90/><D73/><U9/><E9/><V100/><F72/><W16/><G29/><T11/><D11/><U21/><E21/><V22/><F22/><W104/><G76/><T48/><D6/><U96/><E96/><V108/><F99/><N who="3" m="59647" /><G104/><T32/><D32/><U49/><E49/><V40/><F35/><W105/><G105/><T39/><D48/><U87/><E87/><V7/><F34/><W116/><G116/><T127/><D51/><U67/><E67/><V78/><F119/><W75/><G75/><T98/><D39/><U106/><E106/><V55/><F78/><W97/><G97/><T112/><D98/><U23/><E23/><V53/><F7/><W31/><G31/><T38/><D38/><U132/><E132/><V121/><F4/><W110/><G110/><T58/><D102/><U94/><E94/><V15/><F100/><W85/><G85/><T111/><D111/><U92/><E92/><V129/><F108/><W103/><G103/><RYUUKYOKU ba="1,1" sc="170,-10,480,30,209,-10,131,-10" hai1="12,14,26,27,44,47,62,63,68,71,120,122,126" /><INIT seed="1,2,1,5,2,106" ten="160,510,199,121" oya="1" hai0="97,43,68,36,121,125,53,16,6,81,44,34,38" hai1="104,122,93,95,94,82,126,63,134,0,45,75,87" hai2="47,54,78,11,52,23,124,100,14,79,1,56,28" hai3="131,58,42,99,90,49,30,4,86,64,110,92,88"/><U2/><E104/><V102/><F124/><W98/><G110/><T7/><D125/><U31/><E31/><V67/><F1/><W71/><G131/><T13/><D34/><U107/><E107/><V19/><F67/><W85/><G71/><T29/><D29/><U69/><E45/><V109/><F109/><W25/><G4/><T132/><D132/><U40/><E40/><V60/><F54/><W103/><G42/><T8/><D121/><U108/><E93/><V89/><F89/><W61/><G49/><T117/><D117/><U112/><E94/><V73/><F47/><W3/><G3/><T135/><D135/><U101/><E82/><V32/><F32/><W77/><G77/><N who="2" m="29193" /><F73/><W10/><G10/><T116/><D68/><U17/><E75/><V84/><F84/><N who="3" m="32363" /><G99/><T113/><D36/><U127/><E0/><V24/><AGARI ba="2,1" hai="11,14,19,23,24,28,52,56,60,100,102" m="29193" machi="24" ten="30,2000,0" yaku="8,1,54,1" doraHai="106" who="2" fromWho="2" sc="160,-7,510,-12,199,36,121,-7" /><INIT seed="2,0,0,4,5,125" ten="153,498,235,114" oya="2" hai0="26,90,61,64,117,40,28,42,119,133,101,110,4" hai1="30,100,96,114,25,32,93,87,2,11,113,80,115" hai2="39,77,17,76,36,111,45,20,44,105,62,84,43" hai3="134,33,118,58,104,65,106,8,102,85,69,128,31"/><V13/><F105/><W73/><G118/><N who="0" m="45067" /><D110/><U91/><REACH who="1" step="1"/><E11/><REACH who="1" ten="153,488,235,114" step="2"/><V54/><F111/><W122/><G8/><T81/><D133/><U67/><E67/><V50/><F36/><W98/><G134/><T37/><D64/><U71/><E71/><V109/><F109/><W15/><G69/><T132/><D37/><U126/><E126/><V5/><F5/><W29/><G65/><T34/><D4/><U129/><E129/><V48/><F39/><W89/><G128/><T57/><D132/><U52/><E52/><N who="2" m="29703" /><F84/><W18/><G85/><T10/><D10/><U41/><E41/><V22/><F22/><W95/><G122/><T66/><D101/><U123/><E123/><V47/><F47/><W74/><G102/><T130/><D130/><U46/><E46/><V135/><F135/><W120/><G120/><T16/><D40/><U124/><E124/><V9/><F9/><W108/><G108/><T53/><D42/><U86/><E86/><V12/><F12/><W21/><G58/><AGARI ba="0,1" hai="13,17,20,43,45,50,54,58,62,76,77" m="29703" machi="58" ten="30,2900,0" yaku="8,1,54,1" doraHai="125" who="2" fromWho="3" sc="153,0,488,0,235,39,114,-29" /><INIT seed="2,1,0,5,1,120" ten="153,488,274,85" oya="2" hai0="78,68,64,26,93,17,114,119,67,35,23,81,117" hai1="31,59,50,43,83,102,75,84,52,85,70,5,2" hai2="10,92,51,39,131,63,122,113,24,79,128,44,7" hai3="108,36,55,134,99,3,123,49,16,121,58,1,34"/><V89/><F122/><W13/><G36/><T105/><D114/><U18/><E70/><V133/><F113/><W94/><G34/><T72/><D105/><U14/><E2/><V9/><F39/><W95/><G134/><T101/><D68/><U130/><E5/><V87/><F133/><W62/><G121/><T19/><D35/><U22/><E130/><V28/><F79/><W116/><G116/><N who="0" m="44619" /><D17/><U20/><E75/><V125/><F125/><W129/><G129/><N who="2" m="49737" /><F63/><W53/><G123/><T60/><D60/><U107/><E107/><V61/><F61/><W48/><G108/><T74/><D74/><U135/><E135/><V80/><F80/><W109/><G109/><T25/><D25/><N who="1" m="16807" /><E83/><V124/><F124/><W111/><G111/><T21/><D21/><U37/><E37/><V15/><F15/><W77/><G77/><T65/><D93/><U106/><E106/><V69/><F7/><W4/><G4/><T56/><D56/><U27/><E14/><V46/><F69/><W76/><G76/><T82/><D81/><U91/><E50/><V30/><F30/><W41/><G95/><T97/><D101/><U12/><E12/><V54/><F46/><N who="3" m="25679" /><G62/><T33/><D33/><AGARI ba="1,0" hai="9,10,24,28,33,44,51,54,87,89,92" m="49737" machi="33" ten="30,1500,0" yaku="19,1" doraHai="120" who="2" fromWho="0" sc="153,-18,488,0,274,18,85,0" /><INIT seed="2,2,0,0,0,116" ten="135,488,292,85" oya="2" hai0="35,46,20,28,40,29,109,45,134,111,27,14,74" hai1="131,68,117,59,133,123,77,100,129,78,6,9,31" hai2="105,70,32,25,110,103,24,85,108,19,53,92,30" hai3="15,39,106,12,16,72,87,75,17,124,2,121,122"/><V81/><F105/><W34/><G106/><T135/><D74/><U66/><E117/><V97/><F70/><W113/><G2/><T61/><D61/><N who="1" m="38207" /><E68/><V47/><F47/><N who="0" m="17930" /><D40/><U13/><E100/><V48/><F48/><W76/><G34/><T22/><D14/><U26/><E123/><V73/><F53/><W101/><G101/><T132/><D35/><N who="1" m="20983" /><E133/><V33/><F73/><W62/><G62/><T71/><D71/><U41/><E41/><V60/><F60/><W55/><G55/><T54/><D54/><U94/><E94/><V57/><F57/><W114/><G39/><T69/><D69/><U88/><E88/><V125/><F125/><W91/><G124/><T84/><D84/><U63/><E63/><V127/><F127/><W90/><G87/><T89/><D89/><U36/><E36/><V49/><F49/><W18/><G18/><T119/><D119/><U64/><E64/><V3/><F3/><W130/><REACH who="3" step="1"/><G76/><REACH who="3" ten="135,488,292,75" step="2"/><T21/><D27/><N who="2" m="10314" /><F19/><W95/><G95/><T10/><D10/><U83/><E83/><V7/><F33/><W38/><G38/><T99/><D99/><U43/><E43/><V102/><F32/><W5/><G5/><T126/><D126/><U8/><E8/><V128/><F7/><W56/><G56/><T107/><D107/><U50/><E50/><V112/><F103/><W65/><G65/><T93/><D93/><U120/><E9/><V86/><F86/><W58/><G58/><T51/><D51/><U67/><E67/><V118/><F85/><W1/><G1/><T11/><D11/><U42/><E42/><RYUUKYOKU ba="2,1" sc="135,15,488,-15,292,-15,75,15" hai0="20,21,22,28,29,109,111,132,134,135" hai3="12,15,16,17,72,75,90,91,113,114,121,122,130" /><INIT seed="3,3,1,5,2,42" ten="150,473,277,90" oya="3" hai0="106,41,121,39,97,107,5,112,7,37,21,46,83" hai1="132,62,130,38,17,12,81,92,68,55,116,9,85" hai2="109,64,86,36,96,51,99,59,134,11,28,52,56" hai3="88,19,25,70,18,35,43,26,101,114,125,119,127"/><W104/><G114/><T69/><D121/><U100/><E38/><V105/><F109/><W29/><G70/><T111/><D69/><U10/><E130/><V61/><F134/><W44/><G119/><T89/><D111/><U98/><E132/><V91/><F36/><W58/><G58/><T67/><D67/><U76/><E116/><V102/><F28/><W126/><G26/><T50/><D112/><U40/><E40/><V93/><F11/><W63/><G63/><T115/><D115/><U94/><E94/><V24/><F24/><W47/><G88/><T95/><D37/><U20/><E68/><V33/><F33/><W54/><G54/><T123/><D39/><U66/><E66/><V3/><F3/><W45/><G43/><T4/><D123/><U117/><E117/><V128/><F128/><W108/><G108/><T122/><D122/><U32/><E32/><V118/><F118/><W23/><G35/><T135/><D135/><U2/><E2/><V49/><F99/><AGARI ba="3,1" hai="18,19,23,25,29,44,45,47,99,101,104,125,126,127" machi="99" ten="50,12000,1" yaku="18,1,52,3" doraHai="42" who="3" fromWho="2" sc="150,0,473,0,277,-129,90,139" /><INIT seed="3,4,0,3,4,119" ten="150,473,148,229" oya="3" hai0="60,80,13,111,81,32,20,48,17,116,99,76,92" hai1="74,93,3,19,106,1,22,46,127,83,98,39,52" hai2="71,85,54,84,53,44,121,125,77,56,45,0,91" hai3="128,103,8,26,65,6,2,117,16,87,66,73,134"/><W105/><G73/><T90/><D116/><U131/><E106/><V14/><F0/><W109/><G117/><T10/><D111/><U133/><E131/><V97/><F71/><W62/><G109/><T72/><D32/><U7/><E7/><V58/><F125/><W59/><G128/><T124/><D124/><U28/><E28/><V21/><F121/><W108/><G134/><T110/><D110/><U86/><E127/><V78/><F97/><W36/><G36/><T63/><D48/><U88/><E133/><V70/><F70/><W122/><G122/><T4/><REACH who="0" step="1"/><D81/><REACH who="0" ten="140,473,148,229" step="2"/><U79/><E98/><V96/><F96/><W30/><G108/><T35/><D35/><U31/><E31/><V95/><F21/><W29/><G29/><T41/><D41/><U135/><E1/><AGARI ba="4,1" hai="1,4,10,13,17,20,60,63,72,76,80,90,92,99" machi="1" ten="30,3900,0" yaku="1,1,7,1,53,1" doraHai="119" doraHaiUra="104" who="0" fromWho="1" sc="140,61,473,-51,148,0,229,0" owari="201,-19.9,422,52.2,148,-35.2,229,2.9" /></mjloggm>