<mjloggm ver="2.3"><GO type="225" lobby="0"/><UN n0="%E3%81%A1%E3%82%85%E3%81%86%E3%81%A9%E3%81%8F%E8%B1%A1%E3%81%95%E3%82%93" n1="%4D%50%43%32%38%30%30" n2="%E3%81%86%E3%82%8C%E3%81%9F%E3%82%93%E6%9E%95" n3="%E6%97%A5%E6%9B%9C%E6%97%A5%E3%82%88%E3%82%8A%E3%81%AE%E4%BD%BF%E8%80%85" dan="16,16,16,17" rate="2146.83,2167.34,2123.92,2156.16" sx="M,M,F,M"/><TAIKYOKU oya="0"/><INIT seed="0,0,0,5,2,23" ten="250,250,250,250" oya="0" hai0="62,81,102,6,106,4,24,93,35,18,58,54,2" hai1="120,72,64,127,28,111,90,40,101,9,135,100,103" hai2="134,63,43,76,117,32,73,12,130,110,113,26,36" hai3="19,10,13,25,83,114,30,79,107,55,97,11,133"/><T121/><D121/><U86/><E120/><V49/><F49/><W70/><G70/><T98/><D2/><U129/><E72/><V87/><F87/><W75/><G114/><T115/><D115/><U126/><E40/><V21/><F12/><W92/><G133/><T7/><D81/><U46/><E46/><N who="2" m="23911" /><F21/><W78/><G78/><T51/><D18/><U44/><E44/><V124/><F63/><W8/><G107/><T22/><D35/><U131/><E64/><V125/><F113/><W109/><G55/><T128/><D128/><N who="1" m="49227" /><E28/><N who="2" m="19479" /><F130/><W57/><G57/><T20/><D106/><U45/><E45/><V61/><F61/><W3/><G3/><T0/><D0/><U37/><E9/><V68/><F68/><W112/><G112/><T39/><D39/><U56/><E56/><V47/><F47/><W91/><REACH who="3" step="1"/><G109/><REACH who="3" ten="250,250,250,240" step="2"/><T119/><D119/><U94/><E111/><V33/><F110/><W105/><G105/><T48/><REACH who="0" step="1"/><D22/><AGARI ba="0,1" hai="8,10,11,13,19,22,25,30,75,79,83,91,92,97" machi="22" ten="30,7700,0" yaku="1,1,7,1,52,1,53,1" doraHai="23" doraHaiUra="77" who="3" fromWho="0" sc="250,-77,250,0,250,0,240,87" /><INIT seed="1,0,0,4,5,57" ten="173,250,250,327" oya="1" hai0="69,84,51,35,131,78,71,100,64,76,5,81,44" hai1="42,135,56,46,125,32,66,63,77,123,18,89,24" hai2="50,98,113,91,94,16,117,37,38,124,26,67,7" hai3="48,130,97,68,92,127,14,30,28,132,128,112,19"/><U120/><E135/><V52/><F117/><W82/><G112/><T0/><D131/><N who="3" m="50217" /><G132/><T83/><D35/><U1/><E1/><V102/><F113/><W115/><G115/><T9/><D100/><U104/><E125/><V118/><F118/><W72/><G127/><T25/><D25/><U47/><E104/><V114/><F114/><W121/><G48/><T41/><REACH who="0" step="1"/><D64/><REACH who="0" ten="163,250,250,327" step="2"/><U129/><E129/><V23/><F124/><W33/><G33/><T62/><D62/><U108/><E32/><V58/><F67/><W101/><G101/><T54/><D54/><U22/><E108/><V103/><F102/><W70/><G121/><T93/><D93/><U122/><E42/><V111/><F111/><W134/><G92/><T6/><D6/><U109/><E109/><V40/><F40/><W45/><G134/><T43/><D43/><U105/><E105/><V55/><F55/><W110/><G110/><T79/><D79/><U73/><E89/><V39/><F103/><W10/><G82/><T2/><D2/><U60/><E77/><V88/><F91/><W126/><G126/><T34/><D34/><U119/><E119/><V99/><REACH who="2" step="1"/><F7/><REACH who="2" ten="163,250,240,327" step="2"/><W17/><G17/><T49/><D49/><U86/><E123/><V8/><F8/><W13/><G19/><T36/><D36/><U106/><E122/><V61/><F61/><W21/><G10/><T85/><AGARI ba="0,2" hai="0,5,9,41,44,51,69,71,76,78,81,83,84,85" machi="85" ten="20,5200,0" yaku="1,1,0,1,7,1,9,1,53,0" doraHai="57" doraHaiUra="12" who="0" fromWho="0" sc="163,72,250,-26,240,-13,327,-13" /><INIT seed="2,0,0,3,3,119" ten="235,224,227,314" oya="2" hai0="41,87,78,29,60,89,48,49,19,113,123,22,116" hai1="2,97,120,73,4,131,108,24,15,51,43,3,23" hai2="6,35,80,64,12,102,8,76,88,61,90,68,62" hai3="50,65,25,39,30,124,31,111,93,96,10,112,128"/><V20/><F35/><W55/><G39/><T0/><D113/><U21/><E73/><V14/><F102/><W110/><G112/><T94/><D123/><U134/><E108/><N who="3" m="41514" /><G124/><T118/><D0/><U9/><E97/><V114/><F114/><W95/><G128/><T45/><D29/><N who="3" m="10761" /><G65/><T52/><D78/><U130/><E43/><V33/><F33/><W86/><G25/><T32/><D32/><U46/><E134/><V121/><F121/><W59/><G86/><T11/><D11/><U44/><E51/><V13/><F62/><W16/><G96/><T117/><D60/><U18/><E46/><V47/><F47/><W54/><G54/><T82/><D82/><U1/><E44/><V40/><F40/><W135/><G135/><T105/><D105/><U98/><E98/><V63/><F61/><W77/><G77/><T38/><REACH who="0" step="1"/><D52/><REACH who="0" ten="225,224,227,314" step="2"/><U74/><E74/><V79/><F79/><W132/><G132/><T107/><D107/><U83/><E83/><V27/><F76/><W67/><G67/><T71/><D71/><U70/><E70/><V42/><F42/><W34/><G34/><T104/><D104/><U92/><E92/><V125/><F125/><W101/><G95/><T57/><D57/><U99/><E120/><V26/><F80/><W126/><G126/><T109/><D109/><U133/><E133/><V17/><REACH who="2" step="1"/><F27/><AGARI ba="0,1" hai="19,22,27,38,41,45,48,49,87,89,94,116,117,118" machi="27" ten="40,2600,0" yaku="1,1,12,1,53,0" doraHai="119" doraHaiUra="127" who="0" fromWho="2" sc="225,36,224,0,227,-26,314,0" /><INIT seed="3,0,0,5,5,6" ten="261,224,201,314" oya="3" hai0="131,14,84,30,112,85,41,79,66,90,116,118,2" hai1="53,117,54,67,121,15,82,86,64,47,48,39,125" hai2="27,55,42,69,107,111,16,123,72,132,52,91,18" hai3="127,8,62,95,135,12,124,35,115,60,9,4,45"/><W108/><G115/><T100/><D2/><U119/><E121/><V71/><F72/><W99/><G35/><T120/><D120/><U31/><E39/><V94/><F123/><W113/><G113/><T5/><D112/><U114/><E114/><V83/><F107/><W17/><G108/><T134/><D100/><U21/><E125/><N who="3" m="48202" /><G45/><T58/><D30/><U126/><E126/><V101/><F111/><W96/><G135/><T65/><D41/><U20/><E20/><V56/><F42/><W19/><G19/><T93/><D131/><U110/><E110/><V29/><F132/><W28/><G28/><T130/><D130/><U51/><E117/><V89/><F71/><W1/><G99/><T104/><D134/><U92/><E92/><V24/><F69/><W88/><AGARI ba="0,0" hai="1,4,8,9,12,17,60,62,88,95,96" m="48202" machi="88" ten="30,11700,0" yaku="18,1,52,2,54,1" doraHai="6" who="3" fromWho="3" sc="261,-39,224,-39,201,-39,314,117" owari="222,2.2,185,-21.5,162,-33.8,431,53.1" /></mjloggm>