<mjloggm ver="2.3"><GO type="225" lobby="0"/><UN n0="%E3%81%A1%E3%82%85%E3%81%86%E3%81%A9%E3%81%8F%E8%B1%A1%E3%81%95%E3%82%93" n1="%E6%80%AA%E3%81%97%E3%81%99%E3%81%8E%E3%82%8B%E3%83%81%E3%83%BC" n2="%54%4F%52" n3="%E6%A1%9C%E8%8A%B1%E9%96%83%E3%80%85" dan="16,17,17,18" rate="2075.92,2171.02,2246.46,2212.83" sx="M,M,M,M"/><TAIKYOKU oya="0"/><INIT seed="0,0,0,2,3,121" ten="250,250,250,250" oya="0" hai0="53,49,60,28,13,8,70,2,100,29,21,132,114" hai1="80,57,25,86,24,33,130,69,64,9,83,27,14" hai2="91,101,67,58,1,115,38,63,52,17,95,120,6" hai3="65,62,103,36,129,125,32,119,85,35,128,39,31"/><T135/><D114/><U0/><E0/><V77/><F120/><W111/><G119/><T84/><D2/><U48/><E130/><N who="3" m="50282" /><G125/><T5/><D100/><U81/><E69/><V59/><F115/><W102/><G85/><T34/><D34/><N who="3" m="12841" /><G31/><T4/><D84/><U40/><E33/><V117/><F117/><W106/><G111/><T124/><D124/><U71/><E71/><V22/><F38/><N who="3" m="14379" /><G106/><T127/><D127/><U116/><E116/><V11/><F77/><W46/><G46/><T110/><D110/><U18/><E40/><V79/><F79/><W89/><G89/><T78/><D78/><N who="1" m="46359" /><E64/><V99/><F91/><W108/><G108/><T112/><D112/><U45/><E45/><V23/><REACH who="2" step="1"/><F17/><REACH who="2" ten="250,250,240,250" step="2"/><W55/><G55/><AGARI ba="0,1" hai="9,14,18,24,25,27,48,55,57,81,83" m="46359" machi="55" ten="30,1000,0" yaku="8,1" doraHai="121" who="1" fromWho="3" sc="250,0,250,20,240,0,250,-10" /><INIT seed="1,0,0,1,3,18" ten="250,270,240,240" oya="1" hai0="14,90,52,69,45,3,130,120,12,0,39,84,24" hai1="116,27,48,10,93,85,59,73,128,104,11,51,31" hai2="81,64,35,80,25,19,40,26,30,103,109,42,15" hai3="7,41,1,79,43,76,29,108,89,5,61,100,110"/><U86/><E73/><V113/><F109/><N who="3" m="42091" /><G100/><T92/><D69/><U57/><E104/><V49/><F113/><W16/><G29/><T106/><D106/><U28/><E116/><V17/><F103/><W74/><G74/><T44/><D120/><U66/><E27/><V77/><F64/><W112/><G112/><T99/><D130/><U58/><E66/><V121/><F121/><W72/><G61/><T68/><D68/><U135/><E93/><V83/><F77/><N who="3" m="29771" /><G72/><T119/><D119/><U50/><E135/><V126/><F126/><W98/><G1/><T37/><D0/><U46/><E46/><V22/><REACH who="2" step="1"/><F49/><REACH who="2" ten="250,270,230,240" step="2"/><W63/><G63/><T33/><D37/><U23/><E128/><V53/><F53/><W94/><G43/><T114/><D52/><U117/><E117/><V115/><F115/><W87/><G41/><T125/><D114/><U88/><E48/><V71/><F71/><W4/><G98/><T54/><D99/><U133/><E50/><V38/><F38/><W2/><G2/><T105/><D3/><U102/><E51/><V97/><F97/><W47/><G47/><T21/><D45/><U96/><E133/><V118/><F118/><W95/><G89/><T127/><D39/><U32/><E88/><V129/><F129/><W111/><G111/><T91/><D90/><U13/><E96/><V34/><F34/><W70/><G70/><T6/><D33/><U67/><E102/><V9/><AGARI ba="0,1" hai="9,15,17,19,22,25,26,30,35,40,42,80,81,83" machi="9" ten="30,4000,0" yaku="1,1,0,1,52,1,53,0" doraHai="18" doraHaiUra="132" who="2" fromWho="2" sc="250,-10,270,-20,230,50,240,-10" /><INIT seed="2,0,0,0,1,75" ten="240,250,280,230" oya="2" hai0="103,133,50,9,21,87,6,64,53,115,67,97,8" hai1="81,130,24,46,126,123,92,23,31,86,34,20,89" hai2="35,118,69,113,100,47,135,76,42,37,25,0,39" hai3="27,57,54,119,82,66,72,68,48,77,73,26,80"/><V108/><F113/><W121/><G119/><T22/><D115/><U128/><E126/><V14/><F118/><W29/><G121/><T19/><D87/><U70/><E70/><V83/><F135/><W125/><G125/><T98/><D133/><U93/><E123/><V107/><F14/><W129/><G129/><N who="1" m="49770" /><E46/><V63/><F108/><W17/><G17/><T102/><D19/><U5/><E5/><V90/><F90/><W61/><G29/><T33/><D6/><U49/><E49/><V109/><F109/><W96/><G96/><T85/><D85/><N who="1" m="52271" /><E93/><V74/><F37/><W132/><G132/><T78/><D50/><U99/><E99/><N who="2" m="61855" /><F0/><W44/><G44/><T65/><D65/><U28/><E28/><N who="2" m="19855" /><F63/><W51/><G51/><T134/><D134/><U41/><E41/><BYE who="1" /><V79/><F79/><AGARI ba="0,0" hai="26,27,48,54,57,61,66,68,72,73,77,79,80,82" machi="79" ten="40,5200,0" yaku="9,1,52,2" doraHai="75" who="3" fromWho="2" sc="240,0,250,0,280,-52,230,52" /><INIT seed="3,0,0,5,3,98" ten="240,250,228,282" oya="3" hai0="74,30,25,133,78,60,16,92,17,57,123,9,96" hai1="106,105,49,93,29,117,4,67,95,23,88,99,41" hai2="24,102,46,129,58,121,36,0,83,71,128,21,12" hai3="10,135,77,103,113,50,48,86,65,82,47,15,87"/><W97/><G113/><T109/><D123/><U91/><E91/><V26/><F0/><W32/><G135/><T125/><D109/><U13/><E13/><V54/><F71/><W14/><G32/><UN n1="%E6%80%AA%E3%81%97%E3%81%99%E3%81%8E%E3%82%8B%E3%83%81%E3%83%BC" /><T80/><D133/><U20/><E117/><V5/><F121/><W51/><G65/><T45/><D45/><U61/><E4/><V31/><F83/><W56/><G56/><T132/><D132/><U63/><E95/><V120/><F120/><W112/><G112/><T134/><D134/><U130/><E130/><N who="2" m="50283" /><F26/><W127/><G127/><T122/><D122/><U75/><E75/><V107/><F5/><N who="3" m="3407" /><G15/><T35/><D9/><U115/><E67/><V53/><F12/><W59/><G87/><T110/><D110/><U52/><E115/><V38/><F46/><W70/><G59/><T33/><D33/><U119/><E119/><V3/><F3/><W8/><G70/><T1/><D1/><U7/><E7/><V101/><F107/><N who="3" m="63983" /><G8/><T94/><D125/><U39/><E105/><V116/><F116/><W18/><G18/><T43/><D43/><AGARI ba="0,0" hai="43,47,48,50,51,77,82,86" m="63983,3407" machi="43" ten="30,2900,0" yaku="25,1,52,1" doraHai="98" who="3" fromWho="0" sc="240,-29,250,0,228,0,282,29" owari="211,-28.9,250,5.0,228,-17.2,311,41.1" /></mjloggm>