<mjloggm ver="2.3"><GO type="225" lobby="0"/><UN n0="%E3%81%88%E3%81%8C%E3%82%8F%E3%82%8A%E3%81%8A" n1="%E3%81%95%E3%81%8D%E3%81%9F%E3%81%BE%E6%9E%97%E6%AA%8E" n2="%E3%81%AF%E3%82%88%E3%81%8A%E3%81%98%E3%81%95%E3%82%93" n3="%72%69%6F%75%63%68%61%6E" dan="16,16,16,16" rate="2097.03,2063.84,2106.46,2184.59" sx="M,M,M,M"/><TAIKYOKU oya="0"/><INIT seed="0,0,0,4,0,106" ten="250,250,250,250" oya="0" hai0="67,91,1,100,7,37,122,10,33,83,60,94,39" hai1="43,4,63,119,38,112,96,115,117,97,81,34,2" hai2="45,101,3,87,27,105,20,11,41,75,125,78,77" hai3="59,65,66,134,84,70,110,42,69,79,57,133,58"/><T132/><D122/><U8/><E34/><V51/><F125/><W73/><G84/><T90/><D33/><U21/><E21/><V135/><F135/><N who="3" m="51723" /><G79/><T126/><D132/><U14/><E2/><V18/><F75/><W25/><G25/><T56/><D126/><U124/><E124/><V19/><F105/><W82/><G82/><T40/><D40/><U44/><E63/><V88/><F101/><W121/><G73/><T118/><D118/><U53/><E53/><V30/><F3/><W54/><G121/><T128/><D128/><U127/><E81/><V120/><F120/><W32/><G32/><T47/><D47/><U24/><E24/><V68/><F68/><N who="3" m="26219" /><G110/><T89/><REACH who="0" step="1"/><D83/><REACH who="0" ten="240,250,250,250" step="2"/><U103/><E127/><V98/><F41/><W28/><G42/><T131/><D131/><U111/><E111/><V46/><F45/><W15/><G28/><T36/><D36/><U13/><E38/><V71/><F30/><W108/><G108/><T92/><D92/><U35/><E35/><V95/><F95/><W50/><G15/><T104/><D104/><N who="1" m="63591" /><E14/><V52/><F27/><W29/><G29/><T12/><D12/><U102/><E43/><V49/><F46/><AGARI ba="0,1" hai="46,50,54,57,58,59,65,66" m="26219,51723" machi="46" ten="40,5200,0" yaku="20,1,34,2" doraHai="106" who="3" fromWho="2" sc="240,0,250,0,250,-52,250,62" /><INIT seed="1,0,0,1,3,19" ten="240,250,198,312" oya="1" hai0="47,129,44,12,40,106,95,107,87,130,76,109,69" hai1="120,119,4,14,1,60,122,33,37,78,114,15,85" hai2="63,38,102,91,0,105,62,89,96,92,116,30,25" hai3="49,32,93,13,57,81,42,10,72,112,2,21,68"/><U56/><E114/><V54/><F116/><W134/><G112/><T61/><D109/><U128/><E119/><V65/><F0/><W127/><G68/><T113/><D113/><U98/><E37/><V17/><F38/><W70/><G70/><T41/><D12/><U31/><E128/><N who="0" m="49257" /><D95/><U27/><E1/><V3/><F3/><W6/><G127/><T86/><D61/><U135/><E135/><V75/><F75/><W118/><G134/><T34/><D34/><U55/><E98/><V11/><F54/><W66/><G118/><T124/><D69/><U35/><E35/><V77/><F77/><W22/><G32/><T74/><D74/><U58/><E15/><N who="2" m="7423" /><F105/><N who="0" m="39946" /><D76/><U111/><E111/><V18/><F63/><N who="3" m="38255" /><G72/><T125/><D87/><U26/><E4/><V7/><F7/><W9/><G2/><T51/><D86/><U132/><E132/><V73/><F73/><W46/><G9/><T48/><AGARI ba="0,0" hai="40,41,44,47,48,51,124,125" m="39946,49257" machi="48" ten="40,1500,0" yaku="19,1" doraHai="19" who="0" fromWho="0" sc="240,15,250,-7,198,-4,312,-4" /><INIT seed="2,0,0,5,2,80" ten="255,243,194,308" oya="2" hai0="99,23,64,18,58,119,95,83,65,21,110,35,60" hai1="14,66,10,125,126,96,45,30,52,25,8,12,107" hai2="74,4,122,85,26,87,106,116,57,132,115,61,9" hai3="42,135,49,19,38,5,100,37,51,102,120,11,134"/><V108/><F122/><W86/><G120/><T94/><D110/><U59/><E45/><V68/><F115/><W89/><G19/><T43/><D119/><U34/><E66/><V62/><F116/><W127/><G127/><N who="1" m="48650" /><E107/><V70/><F74/><W39/><G100/><T20/><D35/><U48/><E96/><V63/><F106/><W76/><G102/><T7/><D7/><U133/><E133/><N who="3" m="50698" /><G76/><T44/><D64/><U81/><E81/><V3/><F132/><W73/><G73/><T13/><D83/><U91/><E91/><V111/><F57/><W53/><G42/><T117/><D117/><U27/><E27/><V97/><F26/><W71/><G71/><N who="2" m="27177" /><F97/><W69/><G69/><T47/><D47/><U31/><E31/><V24/><F24/><W50/><G53/><T129/><D129/><U1/><E1/><V29/><F29/><W130/><G130/><T93/><REACH who="0" step="1"/><D99/><REACH who="0" ten="245,243,194,308" step="2"/><U77/><E77/><V56/><F56/><W114/><G114/><T118/><D118/><U84/><E84/><V67/><F67/><W101/><G86/><T36/><AGARI ba="0,1" hai="13,18,20,21,23,36,43,44,58,60,65,93,94,95" machi="36" ten="30,4000,0" yaku="1,1,0,1,53,1" doraHai="80" doraHaiUra="15" who="0" fromWho="0" sc="245,50,243,-10,194,-20,308,-10" /><INIT seed="3,0,0,3,3,79" ten="295,233,174,298" oya="3" hai0="131,102,126,33,41,97,89,86,132,28,130,46,120" hai1="70,68,26,72,51,56,117,48,123,113,84,10,85" hai2="107,119,24,78,63,88,100,90,125,129,53,4,76" hai3="91,65,83,14,37,135,23,8,110,6,69,35,3"/><W7/><G35/><T15/><D120/><U27/><E113/><V54/><F119/><W13/><G37/><T124/><D132/><U96/><E123/><V25/><F107/><W0/><G135/><T75/><D75/><U73/><E117/><V60/><F125/><N who="0" m="48234" /><D15/><U127/><E127/><V134/><F134/><W32/><G32/><T62/><D62/><U40/><E56/><V103/><REACH who="2" step="1"/><F4/><REACH who="2" ten="295,233,164,298" step="2"/><W43/><G6/><T93/><D131/><AGARI ba="0,1" hai="24,25,53,54,60,63,76,78,88,90,100,103,129,131" machi="131" ten="25,8000,1" yaku="1,1,2,1,22,2,54,1,53,0" doraHai="79" doraHaiUra="39" who="2" fromWho="0" sc="295,-80,233,0,164,90,298,0" /><INIT seed="4,0,0,2,1,117" ten="215,233,254,298" oya="0" hai0="72,1,5,73,41,79,35,109,100,134,83,29,36" hai1="9,70,93,130,31,81,63,85,43,90,32,101,91" hai2="67,112,56,69,65,7,6,27,49,92,114,14,30" hai3="60,77,17,21,104,87,10,116,26,11,46,119,121"/><T2/><D134/><U124/><E124/><V120/><F120/><W96/><G121/><T38/><D109/><U86/><E130/><V15/><F69/><W106/><G106/><T110/><D110/><U57/><E70/><V53/><F92/><W75/><G75/><T40/><D100/><U28/><E32/><V34/><F15/><W76/><G119/><T50/><D35/><U107/><E107/><V108/><F108/><W0/><G0/><T113/><D29/><U118/><E118/><V125/><F125/><W48/><G116/><T19/><D113/><N who="2" m="43626" /><F14/><W126/><G126/><T127/><D127/><U94/><E43/><V44/><F56/><W84/><G60/><T98/><D98/><U89/><E9/><N who="3" m="3082" /><G96/><T74/><D19/><U68/><E68/><V78/><F78/><N who="3" m="30315" /><G104/><T103/><D103/><U52/><REACH who="1" step="1"/><E101/><REACH who="1" ten="215,223,254,298" step="2"/><V97/><F34/><W45/><G45/><T13/><D40/><AGARI ba="0,1" hai="17,21,26,40,46,48,84,87" m="30315,3082" machi="40" ten="30,1000,0" yaku="8,1" doraHai="117" who="3" fromWho="0" sc="215,-10,223,0,254,0,298,20" owari="205,-29.5,223,-17.7,254,5.4,318,41.8" /></mjloggm>