<mjloggm ver="2.3"><GO type="225" lobby="0"/><UN n0="%28%EF%BF%A3%E2%96%BD%EF%BF%A3%29%CE%B4%E2%8C%92%E3%83%BB" n1="%E8%B6%85%E7%B4%9A%E9%B3%B3%E5%87%B0" n2="%E3%81%86%E3%81%A9%E3%82%93%E3%81%93" n3="%E3%82%A2%E3%82%A4%E3%82%B9%E3%83%86%E3%82%A3%E3%83%BC%E3%81%82%E3%81%B9" dan="16,16,16,16" rate="2095.71,2152.96,2153.17,2133.62" sx="M,M,M,M"/><TAIKYOKU oya="0"/><INIT seed="0,0,0,0,2,67" ten="250,250,250,250" oya="0" hai0="43,87,9,77,89,38,86,106,55,20,95,123,49" hai1="125,92,52,121,15,5,85,94,13,62,126,98,8" hai2="107,69,101,11,96,124,45,59,7,134,32,36,53" hai3="99,76,56,130,80,60,0,70,46,81,91,28,68"/><T47/><D106/><U113/><E121/><V115/><F115/><W34/><G0/><T14/><D123/><U79/><E113/><V120/><F120/><W19/><G130/><T133/><D133/><U104/><E104/><V102/><F32/><W40/><G28/><T110/><D110/><U73/><E73/><V6/><F134/><W64/><G34/><T82/><D20/><U118/><E118/><V18/><F102/><W27/><G27/><T16/><REACH who="0" step="1"/><D38/><REACH who="0" ten="240,250,250,250" step="2"/><U23/><E23/><V17/><F36/><W128/><G128/><T29/><D29/><U111/><E111/><V35/><F107/><W132/><G132/><T54/><AGARI ba="0,1" hai="9,14,16,43,47,49,54,55,77,82,86,87,89,95" machi="54" ten="30,11700,0" yaku="1,1,0,1,8,1,54,1,53,0" doraHai="67" doraHaiUra="114" who="0" fromWho="0" sc="240,127,250,-39,250,-39,250,-39" /><INIT seed="0,1,0,3,4,12" ten="367,211,211,211" oya="0" hai0="19,112,56,81,5,79,99,123,82,29,97,48,2" hai1="91,128,64,35,98,100,73,59,107,39,4,115,104" hai2="127,86,52,74,26,38,7,93,108,20,41,84,131" hai3="76,83,1,43,106,46,111,57,70,121,125,18,15"/><T89/><D123/><U66/><E73/><V96/><F74/><W105/><G111/><T28/><D112/><U25/><E39/><V124/><F108/><W8/><G70/><T134/><D2/><U122/><E122/><V0/><F131/><W17/><G125/><N who="2" m="48201" /><F52/><W102/><G102/><T51/><D5/><U95/><E128/><V61/><F61/><W130/><G130/><T13/><D134/><U77/><E115/><V87/><F7/><N who="3" m="3487" /><G1/><T109/><D109/><U63/><E4/><V68/><F68/><W114/><G114/><T62/><D79/><U85/><E77/><V40/><F38/><W129/><G129/><T42/><D29/><U80/><E35/><V14/><F14/><W3/><G3/><T101/><D28/><U103/><E66/><V117/><F117/><W50/><G121/><T23/><D101/><U58/><E103/><N who="2" m="60815" /><F0/><W11/><G11/><T6/><D6/><U49/><E49/><N who="0" m="19017" /><D42/><U118/><E118/><V60/><F60/><W65/><G106/><T32/><D32/><U34/><E34/><V9/><F9/><W72/><G72/><T110/><D110/><U55/><E25/><V90/><F90/><W69/><G69/><T67/><D89/><U71/><E71/><V33/><F33/><W88/><G76/><T92/><D92/><U44/><E44/><V24/><F20/><W94/><G83/><AGARI ba="1,0" hai="13,19,23,56,62,67,81,82,83,97,99" m="19017" machi="83" ten="30,2900,0" yaku="8,1,52,1" doraHai="12" who="0" fromWho="3" sc="367,32,211,0,211,0,211,-32" /><INIT seed="0,2,0,2,4,33" ten="399,211,211,179" oya="0" hai0="6,68,69,13,1,45,41,112,55,40,95,132,20" hai1="7,99,64,62,127,61,104,71,101,126,24,56,65" hai2="49,50,87,14,16,19,35,66,23,113,79,38,67" hai3="48,43,31,9,53,47,135,96,100,92,42,72,18"/><T121/><D112/><U22/><REACH who="1" step="1"/><E7/><REACH who="1" ten="399,201,211,179" step="2"/><V63/><F113/><W124/><G124/><T26/><D6/><U84/><E84/><V4/><F4/><W15/><G72/><T8/><D121/><U94/><E94/><V3/><F87/><W86/><G135/><T117/><D95/><U130/><E130/><V54/><F67/><W25/><REACH who="3" step="1"/><G86/><REACH who="3" ten="399,201,211,169" step="2"/><T110/><D132/><U77/><E77/><V81/><F79/><W120/><G120/><T82/><D117/><U93/><E93/><V128/><F81/><W108/><G108/><T76/><D110/><U134/><E134/><V122/><F122/><W59/><G59/><T32/><D82/><U85/><E85/><V36/><F128/><W97/><G97/><T125/><D76/><U115/><E115/><V30/><F66/><W105/><G105/><T44/><D69/><U27/><E27/><V80/><F80/><W29/><G29/><AGARI ba="2,2" hai="22,24,29,56,61,62,64,65,71,99,101,104,126,127" machi="29" ten="40,2600,0" yaku="21,2,53,0" doraHai="33" doraHaiUra="129" who="1" fromWho="3" sc="399,0,201,52,211,0,169,-32" /><INIT seed="1,0,0,2,0,1" ten="399,253,211,137" oya="1" hai0="98,31,132,18,19,128,36,57,22,63,16,127,7" hai1="73,100,81,125,84,29,58,15,113,13,134,83,40" hai2="51,124,8,126,54,76,115,129,17,27,90,109,80" hai3="72,55,52,44,122,79,38,117,65,49,46,3,133"/><U66/><E113/><V105/><F115/><W39/><G3/><T48/><D36/><N who="3" m="13865" /><G72/><T123/><D123/><U60/><E125/><N who="2" m="48235" /><F105/><W23/><G23/><T99/><D127/><U112/><E112/><V74/><F109/><W26/><G26/><N who="0" m="16855" /><D132/><U21/><E134/><V41/><F41/><N who="3" m="24719" /><G79/><T9/><D48/><U20/><E40/><V5/><F90/><W87/><G87/><T104/><D128/><U101/><E73/><V135/><F135/><W71/><G133/><T89/><D89/><U114/><E114/><V108/><F108/><W118/><G122/><T24/><D24/><U12/><E83/><V0/><F129/><W85/><G85/><T77/><D77/><U56/><E29/><V6/><F27/><W32/><G32/><T82/><D104/><U68/><E101/><V67/><F67/><W10/><G10/><T121/><D82/><U25/><E100/><V45/><F0/><W62/><G46/><T59/><D121/><U93/><E25/><V70/><F70/><W92/><G92/><T42/><D9/><U69/><E93/><V106/><F106/><W116/><AGARI ba="0,0" hai="52,55,62,65,71,116,117,118" m="24719,13865" machi="116" ten="40,8000,1" yaku="12,1,34,2,54,1" doraHai="1" who="3" fromWho="3" sc="399,-20,253,-40,211,-20,137,80" /><INIT seed="2,0,0,4,5,131" ten="379,213,191,217" oya="2" hai0="50,115,23,31,27,39,98,72,21,34,49,132,35" hai1="2,73,13,117,78,16,103,25,59,128,127,64,69" hai2="118,61,121,90,24,43,10,84,55,18,97,109,111" hai3="71,12,30,81,45,110,53,46,26,102,95,86,8"/><V57/><F118/><W125/><G110/><N who="2" m="41993" /><F121/><W28/><G71/><T79/><D39/><U63/><E117/><V3/><F97/><N who="3" m="59711" /><G125/><T9/><D79/><U104/><E2/><V41/><F24/><W92/><G92/><T36/><D27/><U123/><E128/><V107/><F107/><W77/><G53/><T87/><D98/><U38/><E38/><V58/><F58/><W88/><G77/><T51/><D36/><U68/><E127/><V1/><F18/><N who="3" m="8455" /><G26/><T89/><D31/><AGARI ba="0,0" hai="28,30,31,45,46,81,86,88" m="8455,59711" machi="31" ten="30,2000,0" yaku="8,1,54,1" doraHai="131" who="3" fromWho="0" sc="379,-20,213,0,191,0,217,20" /><INIT seed="3,0,0,5,2,82" ten="359,213,191,237" oya="3" hai0="133,61,2,30,120,118,63,75,89,68,126,11,42" hai1="92,51,109,36,93,127,94,113,110,131,3,26,32" hai2="55,25,18,114,117,106,5,104,70,105,50,40,49" hai3="33,102,0,111,29,123,47,62,71,95,83,115,57"/><W87/><G123/><T77/><D42/><U72/><E113/><V85/><F114/><W98/><G0/><T66/><D89/><U7/><E36/><V65/><F117/><W22/><G115/><T38/><D77/><U64/><E72/><V128/><F128/><W45/><G33/><T13/><D126/><U86/><E131/><V91/><F5/><W96/><G71/><T99/><D133/><U121/><E121/><V48/><F40/><W103/><G111/><N who="1" m="42506" /><E127/><V130/><F130/><W135/><G135/><T90/><D63/><U44/><E64/><V9/><F65/><N who="3" m="39119" /><G98/><T21/><D68/><U129/><E129/><V81/><F70/><W24/><G103/><T17/><D99/><U88/><E3/><V125/><F125/><W101/><G102/><T59/><D2/><U15/><E7/><V116/><F116/><W46/><G46/><T119/><D118/><U122/><E15/><V108/><F108/><W60/><G60/><T43/><D61/><U41/><E122/><V56/><REACH who="2" step="1"/><F25/><REACH who="2" ten="359,213,181,237" step="2"/><W12/><G12/><AGARI ba="0,1" hai="9,12,18,48,49,50,55,56,81,85,91,104,105,106" machi="12" ten="40,8000,1" yaku="1,1,2,1,52,1,53,1" doraHai="82" doraHaiUra="4" who="2" fromWho="3" sc="359,0,213,0,181,90,237,-80" owari="359,45.9,213,-18.7,271,7.1,157,-34.3" /></mjloggm>