<mjloggm ver="2.3"><GO type="225" lobby="0"/><UN n0="%E3%81%B5%E3%81%98%E3%81%8B%E3%81%A4" n1="%E3%80%93%E3%81%97%E3%83%BC%E3%82%89%E3%80%93" n2="%E7%B4%94%E6%BD%94%E3%83%94%E3%83%A9%E3%83%8B%E3%82%A2" n3="%72%65%6E%6B%75%6E" dan="16,16,16,17" rate="2190.06,2077.79,2199.19,2221.02" sx="M,M,M,M"/><TAIKYOKU oya="0"/><INIT seed="0,0,0,2,2,42" ten="250,250,250,250" oya="0" hai0="6,28,113,102,130,74,135,89,59,21,112,63,111" hai1="16,69,61,7,23,95,48,19,121,109,127,103,81" hai2="44,70,107,47,88,72,123,53,105,56,114,55,85" hai3="68,82,80,26,116,134,12,25,108,18,17,9,35"/><T11/><D74/><U98/><E121/><V84/><F72/><W71/><G108/><T24/><D102/><U125/><E109/><V27/><F70/><W96/><G116/><T5/><D111/><U93/><E7/><V124/><F114/><W101/><G134/><T87/><D135/><U50/><E81/><V41/><F123/><W52/><G35/><T36/><D6/><U60/><E93/><V2/><F2/><W46/><G68/><T131/><D36/><U115/><E115/><V119/><F41/><W128/><G71/><T4/><D5/><U99/><E99/><V33/><F33/><W110/><G110/><T65/><D131/><U76/><E76/><V120/><F120/><W14/><G128/><T30/><D30/><U83/><E83/><N who="3" m="31786" /><G96/><T34/><D34/><U97/><E98/><V49/><F56/><W75/><G75/><T91/><D130/><U57/><E69/><V86/><F124/><N who="1" m="47689" /><E61/><V38/><F38/><W32/><G101/><T104/><D104/><U54/><E19/><V40/><F40/><W118/><G118/><T94/><REACH who="0" step="1"/><D91/><REACH who="0" ten="240,250,250,250" step="2"/><U0/><E0/><AGARI ba="0,1" hai="0,4,11,21,24,28,59,63,65,87,89,94,112,113" machi="0" ten="30,5800,0" yaku="1,1,2,1,7,1,53,0" doraHai="42" doraHaiUra="126" who="0" fromWho="1" sc="240,68,250,-58,250,0,250,0" /><INIT seed="0,1,0,2,2,54" ten="308,192,250,250" oya="0" hai0="113,87,81,47,126,110,14,105,62,36,102,85,29" hai1="22,2,31,56,68,134,53,117,71,114,63,51,93" hai2="95,49,39,38,86,121,70,11,116,129,46,66,89" hai3="130,128,100,123,118,52,17,33,41,8,103,65,108"/><T73/><D113/><U120/><E2/><V42/><F121/><W112/><G33/><T125/><D29/><U72/><E72/><V45/><F129/><W12/><G112/><T79/><D14/><U127/><E114/><V34/><F34/><W75/><G75/><T6/><D6/><U48/><E120/><V90/><F116/><W26/><G123/><T57/><D36/><U44/><E117/><V18/><F70/><W37/><G65/><N who="0" m="39119" /><D47/><U115/><E115/><V82/><F66/><W58/><G118/><T88/><D110/><U55/><E134/><V4/><F18/><W97/><G26/><T83/><D105/><U20/><E127/><N who="0" m="48649" /><D102/><U3/><E3/><V27/><F27/><W25/><G25/><T10/><D10/><U78/><E78/><V23/><F23/><W7/><G7/><T107/><D107/><U76/><E76/><V21/><F21/><W30/><G30/><T5/><D5/><U9/><E9/><V0/><REACH who="2" step="1"/><F45/><REACH who="2" ten="308,192,240,250" step="2"/><W74/><G17/><T109/><D109/><U64/><E31/><V91/><F91/><W19/><G108/><T60/><D73/><U77/><E77/><V67/><F67/><W59/><G74/><T101/><D101/><U24/><E24/><V133/><F133/><W84/><G103/><T28/><D28/><U135/><E135/><V99/><AGARI ba="1,1" hai="0,4,11,38,39,42,46,49,82,86,89,90,95,99" machi="99" ten="20,5200,0" yaku="1,1,0,1,7,1,53,1" doraHai="54" doraHaiUra="1" who="2" fromWho="2" sc="308,-27,192,-14,240,65,250,-14" /><INIT seed="1,0,0,5,4,40" ten="281,178,305,236" oya="1" hai0="132,134,66,81,107,78,85,80,88,120,92,91,19" hai1="9,98,83,33,102,15,135,93,0,47,60,82,5" hai2="35,28,41,103,16,96,20,11,97,124,68,67,13" hai3="51,123,63,79,1,62,116,110,130,104,74,26,10"/><U118/><E33/><V90/><F124/><W6/><G123/><T100/><D66/><U86/><E118/><V24/><F90/><W55/><G104/><T72/><D19/><U12/><E135/><N who="0" m="51753" /><D120/><U49/><E60/><V73/><F73/><W77/><G116/><T128/><D128/><U113/><E113/><V23/><F67/><W56/><G130/><T38/><D38/><U4/><E4/><V125/><F68/><W95/><G110/><T76/><D107/><U37/><E37/><V127/><F41/><W58/><G51/><T25/><D25/><U129/><E129/><V50/><F50/><W121/><G121/><T75/><D91/><U101/><E101/><AGARI ba="0,0" hai="72,75,76,78,80,81,85,88,92,100,101" m="51753" machi="101" ten="30,7700,0" yaku="20,1,34,2,54,1" doraHai="40" who="0" fromWho="1" sc="281,77,178,-77,305,0,236,0" /><INIT seed="2,0,0,4,0,81" ten="358,101,305,236" oya="2" hai0="108,75,59,5,7,134,111,101,45,35,57,67,4" hai1="15,52,46,12,19,38,47,64,31,127,109,40,37" hai2="56,33,116,49,106,102,27,112,115,51,16,92,2" hai3="113,90,91,133,84,50,85,41,28,21,72,8,131"/><V25/><F116/><W120/><G72/><T42/><D75/><U107/><E107/><V69/><F69/><W119/><G120/><T54/><D35/><U103/><E103/><V105/><F2/><W110/><G119/><T13/><D101/><U94/><E127/><V43/><F33/><W11/><G110/><N who="0" m="42027" /><D134/><U130/><E109/><V74/><F74/><W73/><G73/><T104/><D104/><U58/><E130/><V70/><F70/><W117/><G117/><T89/><D89/><N who="3" m="33801" /><G133/><T98/><D98/><U86/><E64/><V39/><F39/><W62/><G62/><N who="0" m="38367" /><D13/><U77/><E31/><V83/><F102/><W26/><G131/><T126/><D126/><U87/><E94/><V78/><F92/><W20/><G113/><T95/><D95/><U10/><E77/><V128/><F128/><W118/><G118/><T3/><D3/><U29/><E29/><V99/><F56/><W9/><G21/><T24/><D24/><U68/><E68/><V71/><F71/><W65/><G65/><T96/><D96/><U76/><E76/><V53/><F78/><W32/><G32/><T44/><D42/><U88/><E88/><V48/><F99/><W30/><G30/><T82/><D82/><U36/><E15/><V135/><F83/><W60/><G60/><AGARI ba="0,0" hai="4,5,7,44,45,54,57,60" m="38367,42027" machi="60" ten="30,1000,0" yaku="14,1" doraHai="81" who="0" fromWho="3" sc="358,10,101,0,305,0,236,-10" /><INIT seed="3,0,0,3,5,3" ten="368,101,305,226" oya="3" hai0="111,95,57,74,17,19,68,30,48,39,49,124,16" hai1="43,0,69,87,64,82,84,28,41,36,56,109,122" hai2="121,86,130,116,88,103,61,47,106,13,52,105,76" hai3="70,83,31,22,12,32,11,115,21,45,89,2,44"/><W107/><G107/><T75/><D68/><U63/><E0/><V10/><F116/><W34/><G70/><T14/><D39/><U54/><E122/><V1/><F1/><W104/><G104/><T94/><D124/><U40/><E109/><V100/><F121/><W85/><G115/><T114/><D30/><U113/><E113/><V53/><F76/><W67/><G67/><T51/><D114/><U78/><E28/><V110/><F110/><W5/><G21/><T108/><D57/><U101/><E101/><N who="2" m="38987" /><F130/><W80/><G80/><T8/><D8/><U102/><E102/><V98/><F98/><W59/><G59/><T37/><D14/><U55/><E87/><V97/><F97/><W58/><G58/><T71/><D37/><U133/><E133/><V119/><F106/><W73/><G73/><N who="0" m="27659" /><D71/><U79/><E79/><V123/><F105/><W24/><REACH who="3" step="1"/><G34/><REACH who="3" ten="368,101,305,216" step="2"/><T91/><D108/><U127/><E127/><V131/><F123/><W65/><G65/><T23/><D111/><U135/><E135/><V42/><F119/><W6/><G6/><T128/><D128/><U117/><E117/><V81/><F131/><W77/><G77/><T126/><D23/><U4/><E4/><N who="2" m="3271" /><F61/><W125/><G125/><T93/><D126/><U60/><REACH who="1" step="1"/><E55/><REACH who="1" ten="368,91,305,216" step="2"/><V20/><F20/><W134/><G134/><T9/><D9/><U90/><E90/><AGARI ba="0,2" hai="16,17,19,48,49,51,90,91,93,94,95" m="27659" machi="90" ten="40,8000,1" yaku="29,2,28,2,54,1" doraHai="3" who="0" fromWho="1" sc="368,100,91,-80,305,0,216,0" owari="468,56.8,11,-48.9,305,10.5,216,-18.4" /></mjloggm>