<mjloggm ver="2.3"><GO type="225" lobby="0"/><UN n0="%4C%4F%4C%49%54%41" n1="%6D%75%75%6D%75%72%61" n2="%72%69%6F%75%63%68%61%6E" n3="%E5%AF%82%E5%AF%9E%E3%82%AE%E3%83%8D%E3%82%B9%E3%83%93%E3%83%BC%E3%83%AB" dan="16,16,17,16" rate="2176.85,2130.90,2151.31,2146.80" sx="F,F,M,M"/><TAIKYOKU oya="0"/><INIT seed="0,0,0,0,5,88" ten="250,250,250,250" oya="0" hai0="131,23,74,28,0,8,67,112,84,102,57,91,27" hai1="103,85,115,128,71,35,111,81,100,124,108,51,70" hai2="122,72,13,59,53,14,116,121,60,26,21,64,31" hai3="18,65,87,9,95,20,15,30,48,56,11,52,4"/><T78/><D112/><U42/><E35/><V133/><F133/><W17/><G65/><T7/><D131/><U12/><E128/><V69/><F72/><W107/><G107/><T29/><D102/><N who="1" m="38955" /><E115/><V118/><F13/><W38/><G38/><T132/><D132/><U75/><E75/><V94/><F14/><W43/><G43/><T68/><D74/><U76/><E124/><V93/><F122/><W77/><G11/><T47/><D78/><U119/><E119/><N who="2" m="45611" /><F121/><W90/><G77/><T37/><D68/><U117/><E117/><V54/><F54/><W34/><G34/><T63/><D47/><N who="1" m="26103" /><E12/><V129/><F129/><W41/><G41/><T40/><D40/><U5/><E5/><V58/><F69/><W16/><G30/><T80/><REACH who="0" step="1"/><D37/><REACH who="0" ten="240,250,250,250" step="2"/><U6/><E6/><V36/><F36/><W86/><REACH who="3" step="1"/><G87/><REACH who="3" ten="240,250,250,240" step="2"/><T1/><D1/><AGARI ba="0,2" hai="1,4,9,15,16,17,18,20,48,52,56,86,90,95" machi="1" ten="30,16000,3" yaku="1,1,2,1,7,1,25,2,52,1,54,2,53,0" doraHai="88" doraHaiUra="120" who="3" fromWho="0" sc="240,-160,250,0,250,0,240,180" /><INIT seed="1,0,0,4,5,117" ten="80,250,250,420" oya="1" hai0="86,33,18,68,15,52,106,69,57,79,130,94,42" hai1="89,80,13,100,49,108,22,119,132,19,95,35,91" hai2="114,75,3,10,110,64,44,17,99,34,31,66,111" hai3="101,54,56,9,47,78,82,55,65,134,29,62,103"/><U133/><E119/><V41/><F114/><W48/><G134/><N who="1" m="51818" /><E35/><V21/><F75/><W39/><G29/><T131/><D106/><U102/><E108/><N who="2" m="41515" /><F99/><W8/><G39/><T51/><D33/><U16/><E80/><V97/><F97/><W53/><G9/><T123/><D42/><U73/><E73/><V120/><F120/><W45/><G8/><T6/><D6/><U107/><E107/><V43/><F31/><W67/><G67/><N who="2" m="25641" /><F34/><W109/><G109/><T93/><D93/><U26/><E95/><V27/><F44/><W32/><G32/><T98/><D123/><U30/><E19/><V77/><F77/><W28/><G28/><T124/><D79/><U5/><E5/><AGARI ba="0,0" hai="3,5,10,17,21,27,41,43" m="25641,41515" machi="5" ten="30,1000,0" yaku="14,1" doraHai="117" who="2" fromWho="1" sc="80,0,250,-10,250,10,420,0" /><INIT seed="2,0,0,2,4,106" ten="80,240,260,420" oya="2" hai0="22,42,53,33,20,96,39,66,121,43,36,92,11" hai1="88,101,69,9,108,41,107,113,21,83,52,110,5" hai2="128,54,117,131,80,64,28,115,119,74,133,23,104" hai3="98,10,29,3,31,55,68,76,37,2,130,0,70"/><V84/><F115/><W127/><G37/><T109/><D121/><U72/><E113/><V82/><F64/><W103/><G76/><T126/><D33/><U59/><E69/><V49/><F133/><W40/><G40/><T89/><D109/><N who="1" m="42091" /><E41/><V18/><F104/><W24/><G130/><N who="2" m="49705" /><F28/><W86/><G86/><T77/><D126/><U63/><E21/><V67/><F67/><W60/><G10/><T16/><D66/><U134/><E134/><V132/><F132/><W47/><G31/><T51/><D36/><U12/><E107/><V17/><F74/><W58/><G47/><T102/><D39/><U94/><E72/><V79/><F80/><W62/><G127/><T93/><D77/><U91/><E83/><V25/><F17/><W61/><G70/><T81/><D81/><U97/><AGARI ba="0,0" hai="5,9,12,52,59,63,88,91,94,97,101" m="42091" machi="97" ten="30,4000,0" yaku="14,1,54,2" doraHai="106" who="1" fromWho="1" sc="80,-10,240,40,260,-20,420,-10" /><INIT seed="3,0,0,1,1,53" ten="70,280,240,410" oya="3" hai0="28,115,106,116,37,127,61,67,95,43,48,75,73" hai1="66,94,39,69,98,101,103,97,112,22,123,85,74" hai2="58,64,108,47,117,99,20,38,30,89,96,68,122" hai3="128,121,132,3,102,33,18,1,100,23,70,92,84"/><W88/><G33/><T11/><D28/><U31/><E74/><V40/><F117/><W25/><G121/><T129/><D95/><U34/><E34/><V87/><F122/><W133/><G70/><T12/><D12/><U24/><E39/><V56/><F108/><W114/><G128/><T90/><D11/><U35/><E123/><V15/><F68/><W125/><G125/><T26/><D26/><U118/><E112/><V91/><F64/><W13/><G114/><T79/><D79/><U27/><E118/><V36/><F36/><W104/><G13/><T113/><D90/><U19/><E85/><V55/><F91/><W110/><G110/><T60/><D106/><U8/><E8/><V32/><F32/><W71/><G71/><T10/><D10/><U2/><E2/><N who="3" m="522" /><G104/><T9/><D9/><U45/><E45/><V21/><F21/><W78/><G78/><T14/><D14/><U16/><E69/><V41/><F41/><W65/><G65/><T51/><D75/><U131/><E131/><V81/><F56/><W105/><G105/><T77/><D77/><U49/><E66/><V6/><F6/><W62/><G62/><T135/><D73/><U80/><E49/><V107/><F107/><W59/><G59/><T0/><D0/><U57/><E57/><V52/><F55/><W63/><G63/><T4/><D116/><U120/><E120/><V46/><F46/><W54/><G54/><T29/><D129/><U119/><E119/><V72/><F72/><W7/><G7/><T126/><D115/><U130/><E130/><V17/><F30/><RYUUKYOKU ba="0,0" sc="70,-15,280,-15,240,15,410,15" hai2="15,17,20,38,40,47,52,58,81,87,89,96,99" hai3="18,23,25,84,88,92,100,102,132,133" owari="55,-44.5,265,6.5,255,-14.5,425,52.5" /></mjloggm>