<mjloggm ver="2.3"><GO type="225" lobby="0"/><UN n0="%E3%82%B4%E3%83%AA%E3%83%91%E3%83%A9" n1="%E3%81%A9%E3%82%8F%E3%82%93%E3%81%94" n2="%E9%B3%B3%E6%9D%B1%E3%81%AE%E3%81%86%E3%81%95%E3%81%8E%E3%81%95%E3%82%93" n3="%E3%81%B5%E3%81%98%E3%81%8B%E3%81%A4" dan="16,16,17,16" rate="2134.19,2076.07,2265.69,2211.35" sx="M,M,M,M"/><TAIKYOKU oya="0"/><INIT seed="0,0,0,5,1,76" ten="250,250,250,250" oya="0" hai0="48,125,25,42,80,85,133,50,57,10,98,66,12" hai1="51,30,134,29,62,54,118,49,95,119,113,13,67" hai2="6,72,77,5,111,110,22,105,63,1,35,96,27" hai3="122,123,87,75,52,41,93,101,53,107,88,104,74"/><T131/><D125/><U117/><E134/><V92/><F105/><N who="3" m="40523" /><G41/><T38/><D131/><U33/><E113/><V89/><F35/><W121/><G101/><T79/><D133/><U43/><E33/><V81/><F63/><W3/><G3/><T60/><D38/><U39/><E13/><V58/><F58/><W65/><G65/><T120/><D120/><U124/><E95/><V114/><F114/><W24/><G24/><T128/><D128/><U46/><E124/><V4/><REACH who="2" step="1"/><F1/><REACH who="2" ten="250,250,240,250" step="2"/><W115/><G115/><T34/><D42/><U135/><E135/><V20/><F20/><W69/><G69/><T91/><D34/><U59/><REACH who="1" step="1"/><E49/><REACH who="1" ten="250,240,240,250" step="2"/><V47/><F47/><AGARI ba="0,2" hai="29,30,39,43,46,47,51,54,59,62,67,117,118,119" machi="47" ten="40,2600,0" yaku="1,1,2,1,53,0" doraHai="76" doraHaiUra="90" who="1" fromWho="2" sc="250,0,240,46,240,-26,250,0" /><INIT seed="1,0,0,0,3,2" ten="250,286,214,250" oya="1" hai0="68,17,128,96,67,9,16,5,119,37,121,97,31" hai1="81,53,20,60,54,75,22,62,83,27,18,52,85" hai2="107,6,34,132,65,106,26,115,84,131,74,82,108" hai3="51,117,41,29,113,114,10,98,72,48,45,133,14"/><U63/><E75/><V1/><F131/><W39/><G117/><T21/><D119/><U43/><E43/><V77/><F132/><W80/><G133/><T12/><D37/><U30/><REACH who="1" step="1"/><E85/><REACH who="1" ten="250,276,214,250" step="2"/><V8/><F84/><W112/><G72/><T99/><D128/><U94/><E94/><V71/><F115/><W73/><G98/><T32/><D121/><U93/><E93/><V42/><F42/><W78/><REACH who="3" step="1"/><G29/><REACH who="3" ten="250,276,214,240" step="2"/><T90/><D31/><U120/><E120/><V69/><F74/><W0/><G0/><T38/><D97/><U13/><AGARI ba="0,2" hai="13,18,20,22,27,30,52,53,54,60,62,63,81,83" machi="13" ten="30,11700,0" yaku="1,1,0,1,8,1,54,1,53,0" doraHai="2" doraHaiUra="103" who="1" fromWho="1" sc="250,-39,276,137,214,-39,240,-39" /><INIT seed="1,1,0,4,2,19" ten="211,413,175,201" oya="1" hai0="124,1,100,7,58,106,27,3,87,107,71,41,98" hai1="50,101,111,35,75,119,127,65,103,12,55,21,67" hai2="85,28,32,129,83,36,80,105,47,112,62,110,46" hai3="10,33,77,14,135,97,17,30,45,37,102,93,38"/><U6/><E119/><V48/><F129/><W108/><G135/><T25/><D124/><U120/><E35/><V44/><F110/><W90/><G108/><T86/><D71/><U8/><E75/><V79/><F112/><W26/><G77/><T125/><D125/><U104/><E120/><V29/><F105/><W117/><G117/><T20/><D27/><U115/><E115/><V84/><F36/><W66/><G66/><N who="1" m="25098" /><E104/><V56/><F48/><W23/><G45/><T4/><D41/><U31/><E111/><V16/><F32/><W128/><G128/><T121/><D107/><U22/><E127/><V116/><F116/><W49/><G49/><T133/><D133/><U11/><E11/><V5/><F5/><W59/><G59/><T73/><D73/><U53/><E31/><V69/><F69/><W81/><G81/><T24/><D121/><U126/><E126/><V89/><REACH who="2" step="1"/><F16/><REACH who="2" ten="211,413,165,201" step="2"/><W78/><G38/><T113/><D4/><U42/><E50/><V109/><F109/><W13/><G37/><T57/><D7/><U99/><E42/><V130/><F130/><W2/><G33/><T74/><D106/><U118/><E118/><V40/><F40/><W9/><G17/><T64/><D113/><U114/><E114/><V43/><F43/><W82/><G2/><T18/><D1/><U91/><E6/><V88/><F88/><W132/><G90/><T95/><D3/><U68/><E91/><V39/><F39/><W122/><G122/><T54/><D18/><U52/><E68/><V15/><F15/><N who="3" m="5643" /><G132/><T94/><D24/><U0/><E0/><RYUUKYOKU ba="1,1" sc="211,-15,413,-15,165,15,201,15" hai2="28,29,44,46,47,56,62,79,80,83,84,85,89" hai3="9,10,23,26,30,78,82,93,97,102" /><INIT seed="2,2,1,5,5,0" ten="196,398,180,216" oya="2" hai0="1,81,89,121,49,112,104,96,107,16,131,129,117" hai1="125,105,39,86,122,83,23,35,108,29,58,64,7" hai2="92,111,66,67,113,93,135,55,21,120,18,130,85" hai3="8,14,116,56,127,60,126,12,5,13,109,32,25"/><V61/><F113/><W9/><G116/><T53/><D112/><U48/><E105/><V71/><F120/><W28/><G109/><T20/><D121/><U106/><E39/><V47/><F111/><W42/><G42/><T87/><D117/><U50/><E106/><V115/><F115/><W84/><G84/><T52/><D1/><U30/><E35/><V80/><F130/><N who="0" m="49674" /><D96/><U27/><E122/><V102/><F135/><W73/><G73/><T114/><D53/><U70/><E70/><V11/><F11/><N who="3" m="4207" /><G56/><N who="0" m="32783" /><D114/><U76/><E108/><V119/><F119/><W65/><G60/><T99/><D99/><U95/><E64/><N who="2" m="24619" /><F71/><W97/><G65/><T134/><D134/><U31/><E50/><N who="2" m="29151" /><F102/><W72/><G72/><T15/><AGARI ba="2,1" hai="15,16,20,81,87,89,104,107" m="32783,49674" machi="15" ten="30,4000,0" yaku="19,1,54,2" doraHai="0" who="0" fromWho="0" sc="196,56,398,-12,180,-22,216,-12" /><INIT seed="3,0,0,5,0,127" ten="252,386,158,204" oya="3" hai0="122,110,94,113,106,112,55,79,99,81,88,67,31" hai1="34,63,77,92,12,16,78,2,57,100,114,134,119" hai2="105,52,73,86,83,14,103,19,132,65,1,42,20" hai3="25,36,45,93,51,95,126,118,3,107,21,115,50"/><W85/><G118/><T41/><D110/><U76/><E114/><V33/><F132/><W11/><G115/><T56/><D122/><U30/><E2/><V84/><F33/><W58/><G107/><T13/><D67/><U108/><E108/><V123/><F123/><W53/><G126/><T29/><D41/><U28/><E134/><V66/><F1/><W43/><G36/><T124/><D124/><U62/><E34/><V82/><F73/><W4/><REACH who="3" step="1"/><G85/><REACH who="3" ten="252,386,158,194" step="2"/><T98/><D106/><U71/><E119/><V74/><F74/><W121/><G121/><T128/><D113/><U125/><E125/><V7/><F105/><W70/><G70/><T40/><D112/><U104/><E104/><V64/><F42/><W117/><G117/><T68/><D40/><U102/><E71/><V91/><F103/><W97/><G97/><T46/><D68/><U15/><E102/><V130/><F130/><W54/><G54/><T101/><D99/><U75/><E75/><V37/><F37/><W90/><G90/><T18/><D101/><U44/><E100/><V96/><F96/><W10/><G10/><T116/><D128/><U0/><E78/><N who="2" m="46167" /><F7/><W133/><G133/><T135/><D135/><U47/><E77/><V35/><F52/><W49/><G49/><T6/><D116/><U24/><E76/><V17/><F35/><W60/><G60/><T61/><D6/><U38/><E63/><V22/><F65/><W5/><G5/><T131/><D131/><U48/><E38/><V39/><F39/><W120/><G120/><T9/><D79/><U129/><E129/><RYUUKYOKU ba="0,1" sc="252,-15,386,-15,158,15,194,15" hai2="14,17,19,20,22,64,66,83,86,91" hai3="3,4,11,21,25,43,45,50,51,53,58,93,95" /><INIT seed="3,1,1,5,1,112" ten="237,371,173,209" oya="3" hai0="101,52,91,126,127,108,1,21,133,11,66,106,27" hai1="69,48,104,14,75,55,79,58,78,17,41,77,59" hai2="62,36,89,33,103,25,13,83,84,31,65,45,82" hai3="125,71,122,29,74,44,102,107,81,94,51,98,70"/><W19/><G122/><T93/><D108/><U117/><E104/><V18/><F103/><W135/><G135/><T54/><D133/><U113/><E69/><V128/><F128/><W132/><G125/><N who="0" m="47627" /><D66/><U16/><E113/><V68/><F36/><W110/><G132/><T20/><D101/><U99/><E41/><V9/><REACH who="2" step="1"/><F45/><REACH who="2" ten="237,371,163,209" step="2"/><W123/><G123/><T0/><D106/><U88/><E75/><V86/><F86/><W26/><G110/><T121/><D121/><U116/><E99/><V72/><F72/><W85/><G107/><T39/><D39/><U115/><E115/><V118/><F118/><W95/><G74/><T119/><D119/><U10/><E117/><V7/><F7/><W57/><G102/><T53/><D0/><U64/><E116/><V130/><F130/><W8/><G44/><T61/><D1/><U109/><E109/><V40/><F40/><W134/><G85/><T42/><D42/><U37/><E37/><V105/><F105/><W43/><G43/><T38/><D38/><U46/><E46/><V3/><F3/><W92/><G134/><T35/><D54/><U67/><E55/><V50/><F50/><W124/><G51/><T114/><D52/><U12/><E48/><V100/><F100/><W73/><G73/><T129/><D129/><U2/><E2/><V30/><F30/><W15/><G29/><T23/><D114/><U131/><E131/><V120/><F120/><W49/><G49/><T5/><D5/><U111/><E111/><V87/><F87/><W96/><G124/><T60/><D53/><U34/><E17/><RYUUKYOKU ba="1,2" sc="237,-10,371,-10,163,30,209,-10" hai2="9,13,18,25,31,33,62,65,68,82,83,84,89" owari="227,2.7,381,48.1,193,-30.7,199,-20.1" /></mjloggm>