<mjloggm ver="2.3"><GO type="225" lobby="0"/><UN n0="%E5%A4%96%E5%B7%9D%E7%AB%9C%E6%88%90" n1="%E3%83%89%E3%83%A9%E3%81%8F%E3%82%8C" n2="%E3%83%9D%E3%83%B3%E3%83%9D%E3%82%B3%E5%95%86%E4%BA%8B" n3="%E5%A4%9C%E3%81%AE%E3%82%AC%E3%82%B9%E3%83%91%E3%83%BC%E3%83%AB" dan="16,16,16,16" rate="2111.60,2234.86,2145.60,2146.71" sx="M,M,M,M"/><TAIKYOKU oya="0"/><INIT seed="0,0,0,4,5,131" ten="250,250,250,250" oya="0" hai0="74,26,93,14,33,110,18,85,84,132,39,41,42" hai1="70,8,55,36,113,72,75,88,130,97,87,82,95" hai2="67,78,111,61,51,106,63,13,23,107,90,47,124" hai3="71,10,129,1,134,0,115,96,114,9,40,5,89"/><T81/><D74/><U54/><E36/><V29/><F111/><W105/><G71/><T28/><D110/><U122/><E122/><V48/><F124/><W135/><G40/><T59/><D39/><U104/><E70/><V46/><F78/><W58/><G58/><T12/><D12/><U53/><E130/><V35/><F35/><W109/><G109/><T20/><D85/><U24/><E113/><N who="3" m="43018" /><G129/><T4/><D93/><U44/><E104/><V77/><F77/><W119/><G119/><T66/><D4/><U57/><E44/><V86/><F106/><W49/><G49/><T3/><D3/><U38/><E38/><V102/><F102/><N who="3" m="62663" /><G89/><T62/><REACH who="0" step="1"/><D132/><REACH who="0" ten="240,250,250,250" step="2"/><N who="3" m="50729" /><G10/><T116/><D116/><U50/><E8/><V73/><F107/><W118/><G118/><T34/><D34/><U91/><E24/><V65/><F13/><AGARI ba="0,1" hai="0,1,5,9,13" m="50729,62663,43018" machi="13" ten="30,7700,0" yaku="20,1,52,3" doraHai="131" who="3" fromWho="2" sc="240,0,250,0,250,-77,250,87" /><INIT seed="1,0,0,2,1,84" ten="240,250,173,337" oya="1" hai0="88,24,6,89,4,117,59,86,14,114,54,8,123" hai1="130,79,118,132,75,33,82,55,104,42,34,40,31" hai2="65,15,96,97,58,9,52,87,62,115,81,78,5" hai3="17,93,53,107,12,124,70,72,16,98,133,64,69"/><U39/><E118/><V90/><F115/><W29/><G72/><T119/><D114/><U11/><E104/><V128/><F128/><W127/><G107/><T1/><D123/><U37/><E130/><V73/><REACH who="2" step="1"/><F65/><REACH who="2" ten="240,250,163,337" step="2"/><W92/><G64/><T103/><D119/><U120/><E120/><V99/><F99/><W112/><G112/><T3/><D117/><U66/><E66/><V27/><F27/><W85/><G98/><T56/><D24/><U36/><E132/><V129/><F129/><W95/><G133/><T125/><D125/><U50/><E31/><V21/><F21/><W101/><G29/><T30/><D30/><U113/><E113/><V108/><F108/><W105/><G124/><T67/><D67/><U47/><REACH who="1" step="1"/><E11/><REACH who="1" ten="240,240,163,337" step="2"/><V122/><F122/><W135/><G127/><T74/><D8/><U38/><N who="1" m="9216" /><DORA hai="22" /><U134/><E134/><V10/><F10/><W19/><G135/><T7/><D1/><U18/><E18/><V46/><F46/><W110/><G16/><T116/><D3/><U23/><E23/><V102/><F102/><W91/><G19/><T80/><D103/><U131/><E131/><V106/><F106/><W109/><G105/><T76/><D116/><U45/><E45/><V44/><F44/><W13/><G101/><T60/><D56/><U0/><E0/><V43/><F43/><AGARI ba="0,2" hai="33,34,40,42,43,47,50,55,75,79,82" m="9216" machi="43" ten="70,6800,0" yaku="1,1,53,1" doraHai="84,22" doraHaiUra="20,51" who="1" fromWho="2" sc="240,0,240,88,163,-68,337,0" /><INIT seed="1,1,0,1,1,35" ten="240,328,95,337" oya="1" hai0="74,42,98,124,121,3,13,27,95,84,38,40,29" hai1="83,47,89,18,96,76,65,94,92,36,9,67,26" hai2="109,118,101,32,77,100,73,8,108,23,130,104,30" hai3="81,53,46,4,87,28,91,19,31,117,120,99,6"/><U25/><E36/><V61/><F32/><W37/><G120/><T20/><D74/><U131/><E131/><V50/><F118/><W39/><G117/><T24/><D121/><U16/><E47/><V110/><F130/><W119/><G119/><T64/><D124/><U41/><E41/><V134/><F134/><W71/><G71/><T112/><D112/><U114/><E114/><V128/><F128/><W115/><G115/><T132/><D38/><U72/><E94/><V79/><F61/><W102/><G39/><T80/><D3/><U93/><E93/><V44/><F8/><W60/><G37/><T57/><D24/><U10/><E18/><V14/><F73/><W1/><G19/><T125/><D13/><U0/><E26/><V62/><F62/><W107/><G6/><T55/><D64/><U15/><REACH who="1" step="1"/><E25/><REACH who="1" ten="240,318,95,337" step="2"/><V129/><F129/><W116/><G46/><T97/><D95/><U22/><E22/><V58/><F44/><W17/><G17/><T82/><D42/><U54/><E54/><N who="2" m="32087" /><F104/><W90/><G116/><T2/><D40/><U48/><E48/><V127/><F30/><W68/><G31/><T63/><D29/><U106/><E106/><V123/><F123/><W85/><G28/><T133/><D20/><U52/><E52/><V34/><F34/><W69/><G53/><T75/><D27/><U5/><AGARI ba="1,1" hai="0,5,9,10,15,16,65,67,72,76,83,89,92,96" machi="5" ten="30,11700,0" yaku="1,1,0,1,52,1,54,1,53,0" doraHai="35" doraHaiUra="122" who="1" fromWho="1" sc="240,-40,318,130,95,-40,337,-40" /><INIT seed="1,2,0,4,4,81" ten="200,448,55,297" oya="1" hai0="100,14,126,20,21,25,121,38,34,41,110,64,128" hai1="12,105,124,19,70,119,106,118,103,27,86,129,9" hai2="43,96,47,85,28,79,84,75,111,56,52,8,134" hai3="60,77,90,59,88,87,15,31,2,125,78,95,132"/><U89/><E70/><V18/><F111/><W58/><G2/><T36/><D41/><U83/><E129/><V135/><F75/><W11/><G125/><T37/><D100/><U65/><E124/><V53/><F79/><W113/><G113/><T123/><D126/><U97/><E65/><V74/><F74/><W94/><G31/><N who="0" m="19823" /><D64/><U67/><E67/><V22/><F96/><W114/><G114/><T82/><D110/><U120/><E120/><N who="0" m="46153" /><D128/><U104/><REACH who="1" step="1"/><E27/><REACH who="1" ten="200,438,55,297" step="2"/><V115/><F115/><W122/><G122/><T3/><D3/><U6/><E6/><V45/><F134/><W127/><G127/><T108/><D108/><U32/><E32/><V39/><F135/><W98/><G132/><T109/><D109/><U133/><E133/><V93/><F28/><W72/><G72/><T99/><D14/><U57/><E57/><N who="3" m="21514" /><G60/><T42/><D36/><U54/><E54/><V62/><F53/><W29/><G29/><T10/><D37/><U26/><E26/><N who="2" m="14679" /><F39/><W35/><G35/><T102/><D38/><U40/><E40/><V80/><F43/><W61/><G61/><T92/><D42/><U107/><AGARI ba="2,1" hai="9,12,19,83,86,89,97,103,104,105,106,107,118,119" machi="107" ten="30,6000,0" yaku="1,1,0,1,52,1,53,0" doraHai="81" doraHaiUra="1" who="1" fromWho="1" sc="200,-22,438,76,55,-22,297,-22" /><INIT seed="1,3,0,2,5,54" ten="178,514,33,275" oya="1" hai0="63,3,19,0,119,104,93,59,92,46,82,94,127" hai1="70,76,35,84,24,30,123,132,109,38,66,108,133" hai2="68,41,128,73,22,114,51,106,97,80,83,56,126" hai3="113,26,135,18,99,71,28,75,100,86,65,20,36"/><U11/><E38/><V34/><F34/><W13/><G113/><T115/><D115/><U107/><E107/><V67/><F114/><W32/><G75/><T103/><D119/><U49/><E49/><V60/><F126/><W110/><G36/><T118/><D118/><U55/><E55/><V25/><F128/><W111/><G135/><N who="1" m="51786" /><E84/><V78/><F83/><W43/><G43/><T48/><D127/><U62/><E76/><V130/><F130/><W4/><G4/><T16/><D0/><U50/><E50/><V53/><F41/><W39/><G86/><T98/><D3/><U45/><E45/><V64/><F64/><W79/><G79/><T58/><D82/><U90/><E90/><V2/><F2/><W120/><G120/><T12/><D63/><U112/><E112/><V116/><F116/><W87/><G87/><T129/><D129/><U81/><E81/><V15/><F15/><W40/><G40/><N who="0" m="24647" /><D104/><U27/><E123/><V47/><F106/><N who="3" m="63775" /><G39/><T74/><D74/><U6/><E27/><V96/><REACH who="2" step="1"/><F47/><REACH who="2" ten="178,514,23,275" step="2"/><W37/><G65/><T125/><D125/><U42/><E42/><V29/><AGARI ba="3,1" hai="22,25,29,51,53,56,60,67,68,73,78,80,96,97" machi="29" ten="20,12000,2" yaku="1,1,2,1,0,1,7,1,52,1,53,1" doraHai="54" doraHaiUra="23" who="2" fromWho="2" sc="178,-33,514,-63,23,139,275,-33" /><INIT seed="2,0,0,3,0,53" ten="145,451,162,242" oya="2" hai0="65,60,99,85,11,26,133,3,93,113,18,48,32" hai1="15,88,49,43,70,63,29,78,35,39,40,110,14" hai2="77,103,87,12,126,1,123,17,79,117,50,31,41" hai3="118,81,86,72,134,92,108,7,6,111,28,127,94"/><V23/><F117/><W8/><G118/><T22/><D113/><U120/><E78/><V58/><F123/><W76/><G127/><T38/><D38/><U109/><E39/><V46/><F1/><W71/><G71/><T21/><D133/><U90/><E120/><V132/><F126/><W129/><G134/><T59/><D32/><U56/><E70/><V73/><F73/><W20/><G129/><T52/><D85/><U114/><E114/><V61/><F132/><W2/><G7/><T64/><D3/><U89/><E29/><V82/><F103/><W112/><G112/><T25/><D11/><U19/><E35/><V131/><F131/><W62/><G62/><T69/><D48/><U104/><E49/><V98/><F98/><W13/><G72/><T44/><D44/><U51/><E51/><V125/><F125/><W37/><G37/><T128/><D69/><U83/><E83/><V55/><REACH who="2" step="1"/><F31/><REACH who="2" ten="145,451,152,242" step="2"/><W95/><G28/><N who="0" m="17455" /><D128/><U101/><E101/><AGARI ba="0,1" hai="18,22,26,52,59,60,64,65,93,99,101" m="17455" machi="101" ten="30,3900,0" yaku="8,1,52,1,54,1" doraHai="53" who="0" fromWho="1" sc="145,49,451,-39,152,0,242,0" /><INIT seed="3,0,0,1,1,29" ten="194,412,152,242" oya="3" hai0="99,58,32,0,40,113,49,102,105,14,12,103,27" hai1="121,123,91,55,2,3,62,34,78,30,108,37,50" hai2="25,42,72,66,1,53,61,9,89,24,122,96,117" hai3="119,86,68,110,47,33,8,28,75,4,109,67,44"/><W112/><G112/><T31/><D0/><U18/><E37/><V90/><F117/><W101/><G75/><T20/><D113/><U115/><E78/><V22/><F122/><W11/><G119/><T111/><D111/><N who="3" m="42505" /><G101/><T35/><D103/><U81/><E115/><V46/><F72/><W128/><G128/><T84/><D84/><U100/><E62/><V129/><F129/><W26/><G86/><T131/><D131/><U130/><E100/><V98/><F53/><W5/><G67/><T124/><D124/><U39/><E55/><V41/><F1/><N who="3" m="15" /><G68/><T85/><D85/><U15/><E130/><V48/><F9/><W127/><G127/><T64/><D12/><AGARI ba="0,0" hai="5,11,12,26,28,33,44,47" m="15,42505" machi="12" ten="30,5800,0" yaku="14,1,10,1,52,1" doraHai="29" who="3" fromWho="0" sc="194,-58,412,0,152,0,242,58" /><INIT seed="3,1,0,1,3,48" ten="136,412,152,300" oya="3" hai0="130,121,78,27,123,2,25,35,61,6,129,53,97" hai1="84,56,98,71,101,125,128,55,39,7,8,72,91" hai2="60,99,120,127,67,34,0,59,88,92,132,86,10" hai3="31,57,38,112,124,94,131,1,106,111,100,76,47"/><W40/><G112/><T46/><D78/><U64/><E72/><V134/><F120/><N who="0" m="46154" /><D35/><U83/><E128/><N who="0" m="49257" /><D97/><U81/><E125/><V18/><F127/><W23/><G131/><T63/><D6/><U96/><E39/><V62/><F34/><W22/><G124/><T114/><D114/><U51/><E83/><V108/><F108/><W102/><G111/><T26/><D2/><U9/><E98/><V15/><F0/><W104/><G1/><T95/><D95/><U33/><E33/><V11/><F11/><W42/><G76/><T118/><D118/><U37/><E37/><V87/><F62/><N who="0" m="23562" /><D53/><U43/><E7/><V20/><F10/><W54/><G94/><T52/><D52/><U45/><E96/><V82/><REACH who="2" step="1"/><F86/><REACH who="2" ten="136,412,142,300" step="2"/><W107/><G23/><T126/><D126/><U19/><E9/><V119/><F119/><W21/><G21/><T89/><D89/><AGARI ba="1,1" hai="15,18,20,59,60,67,82,87,88,89,92,99,132,134" machi="89" ten="40,2600,0" yaku="1,1,54,1,53,0" doraHai="48" doraHaiUra="29" who="2" fromWho="0" sc="136,-29,412,0,142,39,300,0" owari="107,-39.3,412,51.2,181,-21.9,300,10.0" /></mjloggm>