<mjloggm ver="2.3"><GO type="225" lobby="0"/><UN n0="%E7%99%BD%E8%8F%9C%E6%9D%A5%E6%89%93%E9%BA%BB%E5%B0%86%E4%BA%86" n1="%E6%A0%B9%E5%85%83%E3%81%8B%E3%82%89%E5%90%B9%E3%81%A3%E9%A3%9B%E3%81%B6" n2="%E3%82%B7%E3%83%B3%E5%A4%AA%E6%9C%97" n3="%6D%75%75%6D%75%72%61" dan="16,16,16,16" rate="2103.70,2172.67,2156.78,2114.51" sx="F,F,M,F"/><TAIKYOKU oya="0"/><INIT seed="0,0,0,3,5,42" ten="250,250,250,250" oya="0" hai0="107,38,36,125,85,89,43,66,51,20,109,69,0" hai1="40,127,52,14,90,8,2,94,130,110,70,18,131" hai2="86,22,114,45,83,80,95,44,124,71,93,49,106" hai3="134,30,23,34,116,27,25,121,65,100,7,73,74"/><T76/><D107/><U92/><E110/><V15/><F114/><W113/><G116/><T54/><D125/><U46/><E127/><V99/><F71/><W128/><G113/><T53/><D0/><U48/><E70/><V12/><F106/><W123/><G128/><N who="1" m="49194" /><E2/><V132/><F132/><W57/><G134/><T13/><D76/><U62/><E62/><V58/><F124/><W79/><G100/><T21/><D109/><U3/><E3/><V77/><F83/><W59/><G7/><T118/><D118/><U60/><E60/><V88/><F12/><W29/><G65/><T126/><D66/><U9/><E9/><V117/><F117/><W50/><G79/><T1/><D1/><U68/><E68/><V6/><F95/><N who="1" m="36393" /><E40/><V4/><F22/><W64/><G64/><T17/><D69/><U75/><E90/><V39/><F39/><W35/><G23/><N who="0" m="8779" /><D38/><U119/><E119/><V72/><F72/><AGARI ba="0,0" hai="8,14,18,46,48,52,72,75" m="36393,49194" machi="72" ten="30,3900,0" yaku="19,1,52,1,54,1" doraHai="42" who="1" fromWho="2" sc="250,0,250,39,250,-39,250,0" /><INIT seed="1,0,0,5,1,9" ten="250,289,211,250" oya="1" hai0="3,98,0,131,58,135,93,89,114,33,107,101,84" hai1="117,67,125,108,35,2,61,130,1,55,124,132,103" hai2="48,76,95,19,91,109,5,37,71,97,81,36,62" hai3="45,85,16,121,113,32,39,11,4,57,133,82,44"/><U12/><E117/><V96/><F109/><W128/><G121/><T129/><D33/><U29/><E108/><V53/><F5/><W73/><G113/><T90/><D114/><U102/><E130/><N who="0" m="49673" /><D58/><U54/><E132/><V70/><F97/><W111/><G128/><T28/><D28/><U42/><E42/><V24/><F71/><W60/><G32/><T69/><D69/><U77/><E77/><V56/><F48/><W7/><G73/><T13/><D135/><U26/><E55/><V21/><REACH who="2" step="1"/><F70/><REACH who="2" ten="250,289,201,250" step="2"/><W123/><G111/><T104/><D104/><U122/><E122/><V18/><F18/><W66/><G123/><T94/><D107/><U34/><E125/><V106/><F106/><W88/><G133/><T51/><D51/><U87/><E124/><V25/><F25/><W17/><G4/><T105/><D105/><U92/><E26/><V127/><F127/><W6/><G6/><T79/><D98/><U100/><E29/><V8/><F8/><W116/><G116/><T63/><D63/><U52/><E61/><V22/><F22/><W30/><G30/><T20/><D20/><U38/><E35/><V72/><AGARI ba="0,1" hai="19,21,24,36,37,53,56,62,72,76,81,91,95,96" machi="72" ten="20,12000,2" yaku="1,1,0,1,7,1,25,2,53,1" doraHai="9" doraHaiUra="74" who="2" fromWho="2" sc="250,-30,289,-60,201,130,250,-30" /><INIT seed="2,0,0,0,2,34" ten="220,229,331,220" oya="2" hai0="69,64,82,80,131,24,17,29,85,35,100,102,99" hai1="62,61,84,41,53,117,0,70,104,71,76,72,16" hai2="30,83,108,26,50,58,103,52,28,105,77,63,6" hai3="11,51,59,31,20,49,122,44,12,78,96,74,90"/><V93/><F105/><W101/><G122/><T128/><D102/><U14/><E117/><V56/><F108/><W47/><G59/><T95/><D17/><U114/><E114/><V21/><F6/><W79/><G90/><T97/><D97/><U2/><E104/><V3/><F3/><N who="1" m="1065" /><E84/><V25/><F93/><W81/><G78/><T15/><D15/><U36/><E53/><V68/><F68/><N who="1" m="26153" /><E16/><N who="2" m="12455" /><F103/><W112/><G112/><T43/><D43/><U55/><E55/><N who="2" m="34207" /><F26/><W116/><G116/><T124/><D85/><AGARI ba="0,0" hai="28,30,50,52,58,77,83,85" m="34207,12455" machi="85" ten="30,5800,0" yaku="8,1,54,2" doraHai="34" who="2" fromWho="0" sc="220,-58,229,0,331,58,220,0" /><INIT seed="2,1,0,3,2,52" ten="162,229,389,220" oya="2" hai0="101,54,72,56,111,28,78,30,67,133,134,119,125" hai1="53,49,16,90,132,43,93,135,58,37,63,2,107" hai2="3,70,117,87,47,118,64,33,50,46,95,51,120" hai3="74,68,75,41,131,17,96,92,109,122,36,104,123"/><V61/><F33/><W114/><G104/><T89/><D111/><U31/><E2/><V66/><F3/><W94/><G109/><T113/><D113/><U86/><E31/><V5/><F5/><W82/><G114/><T32/><D119/><N who="2" m="45578" /><F95/><W62/><G131/><T127/><D67/><U91/><E107/><V84/><F87/><W19/><G92/><T98/><D89/><U77/><E37/><V9/><F9/><W116/><G116/><T4/><D4/><U121/><E121/><V126/><F84/><W25/><G82/><N who="0" m="45383" /><D32/><U100/><E100/><V35/><F35/><W102/><G75/><T42/><D42/><U83/><E43/><N who="2" m="24927" /><F126/><N who="0" m="48138" /><D98/><U105/><E105/><V12/><F12/><W27/><G74/><T79/><D101/><U45/><E91/><V7/><F7/><W13/><G102/><T10/><D79/><U97/><REACH who="1" step="1"/><E16/><REACH who="1" ten="162,219,389,220" step="2"/><V81/><F120/><W0/><G19/><T23/><D10/><U22/><E22/><V29/><F29/><N who="0" m="11370" /><D23/><U11/><E11/><V15/><F15/><W24/><G13/><T59/><D54/><U60/><E60/><V99/><F61/><W40/><G62/><T14/><D14/><U124/><E124/><V115/><F115/><W128/><G122/><T26/><D26/><U76/><E76/><V44/><F51/><W38/><G24/><T48/><D48/><U65/><AGARI ba="1,1" hai="45,49,53,58,63,65,77,83,86,90,93,97,132,135" machi="65" ten="30,8000,1" yaku="1,1,0,1,52,1,53,2" doraHai="52" doraHaiUra="129" who="1" fromWho="1" sc="162,-21,219,93,389,-41,220,-21" /><INIT seed="3,0,0,3,3,90" ten="141,312,348,199" oya="3" hai0="121,115,93,116,2,1,16,43,100,50,70,41,82" hai1="20,83,59,104,26,31,30,124,69,132,39,10,129" hai2="15,49,99,55,61,109,57,48,96,35,33,68,76" hai3="40,80,108,25,85,38,42,22,128,7,36,88,91"/><W72/><G72/><T98/><D116/><U27/><E69/><V14/><F109/><W84/><G108/><T65/><D121/><U118/><E118/><V34/><F76/><W92/><G7/><T64/><D115/><U73/><E39/><V45/><F48/><W102/><G128/><T111/><D111/><U44/><E129/><V19/><F68/><W130/><G130/><T46/><D41/><U97/><E132/><V18/><F14/><W29/><G38/><T0/><D70/><U135/><E124/><V123/><F18/><W24/><G36/><T12/><REACH who="0" step="1"/><D82/><REACH who="0" ten="131,312,348,199" step="2"/><U120/><E120/><V60/><F123/><W126/><G126/><T6/><D6/><U114/><E114/><V122/><F122/><W81/><G25/><T134/><D134/><U52/><E135/><V101/><F35/><W9/><G9/><AGARI ba="0,1" hai="0,1,2,9,12,16,43,46,50,64,65,93,98,100" machi="9" ten="40,8000,1" yaku="1,1,52,1,54,1,53,2" doraHai="90" doraHaiUra="63" who="0" fromWho="3" sc="131,90,312,0,348,0,199,-80" owari="221,-17.9,312,11.2,348,44.8,119,-38.1" /></mjloggm>