<mjloggm ver="2.3"><GO type="225" lobby="0"/><UN n0="%6D%75%75%73%61%6E%6D%75" n1="%E5%8F%AF%E5%85%90%E9%82%A3%E7%94%B1%E5%A4%9A" n2="%E5%B8%86%E7%AB%8B%E5%A4%8F%E8%A1%A3" n3="%6D%61%74%69%67%75%73%61" dan="16,16,17,17" rate="2050.06,2119.54,2178.60,2156.66" sx="F,F,M,M"/><TAIKYOKU oya="0"/><INIT seed="0,0,0,0,4,15" ten="250,250,250,250" oya="0" hai0="100,133,86,5,0,62,116,48,93,9,73,71,25" hai1="104,3,103,19,113,91,52,114,44,67,41,6,16" hai2="130,74,76,88,89,135,101,102,118,111,58,49,47" hai3="31,98,66,18,2,17,83,33,124,99,132,61,21"/><T110/><D116/><U59/><E67/><V121/><F121/><W43/><G2/><T65/><D73/><U96/><E91/><N who="2" m="34891" /><F74/><W57/><G33/><T63/><D110/><U127/><E127/><V75/><F75/><W131/><G124/><T126/><D133/><U79/><E79/><V94/><F76/><W112/><G112/><N who="1" m="43114" /><E6/><V105/><F105/><W53/><G43/><T84/><D126/><U8/><E8/><V117/><F135/><W51/><G83/><T39/><D39/><N who="1" m="21567" /><E3/><V11/><F11/><W45/><G131/><T119/><D119/><N who="2" m="45578" /><F130/><W120/><G120/><T26/><D9/><U92/><E104/><V56/><F111/><W68/><G68/><T36/><D36/><U108/><E108/><V115/><F115/><W32/><G32/><T72/><D72/><U13/><E13/><V35/><F35/><W123/><G123/><T82/><D0/><U97/><E97/><N who="3" m="36874" /><G132/><T7/><D82/><U12/><E12/><V14/><F14/><W10/><G10/><T122/><D122/><U60/><AGARI ba="0,0" hai="16,19,52,59,60,92,96,103" m="21567,43114" machi="60" ten="30,8000,1" yaku="11,1,52,2,54,2" doraHai="15" who="1" fromWho="1" sc="250,-40,250,80,250,-20,250,-20" /><INIT seed="1,0,0,0,3,20" ten="210,330,230,230" oya="1" hai0="55,24,100,38,112,67,33,56,54,77,116,85,79" hai1="135,39,47,41,64,76,93,74,51,8,119,32,104" hai2="89,97,83,30,107,22,71,11,44,48,37,117,62" hai3="66,128,88,9,108,134,2,99,31,113,45,58,118"/><U131/><E104/><V111/><F117/><W106/><G113/><T4/><D116/><U18/><E119/><V23/><F111/><W12/><G118/><T69/><D38/><U78/><E32/><V105/><F37/><W82/><G2/><T126/><D112/><U16/><E131/><V86/><F11/><W50/><G108/><T35/><D126/><U98/><E135/><V122/><F122/><W1/><G1/><T81/><D69/><U90/><E64/><V0/><F0/><W13/><G128/><T25/><D4/><U133/><E133/><V84/><F84/><W121/><G121/><T21/><D100/><U6/><E39/><V123/><F123/><W114/><G114/><T14/><D35/><U60/><E60/><V94/><F62/><W124/><G31/><T28/><D14/><N who="1" m="5399" /><E74/><V7/><F71/><W10/><G106/><T95/><D67/><U72/><E72/><V127/><F127/><W43/><G134/><T70/><D70/><U129/><E129/><V110/><F110/><W36/><G124/><T80/><D95/><U102/><E102/><N who="2" m="60727" /><F7/><W29/><G36/><T115/><D115/><U120/><E120/><V68/><F68/><W87/><G10/><T42/><D42/><U40/><E40/><N who="2" m="24583" /><F23/><W96/><G9/><T15/><D55/><U101/><E101/><V57/><F107/><W73/><G73/><T91/><D15/><N who="3" m="5705" /><G29/><N who="0" m="17551" /><D80/><U59/><E59/><V3/><F3/><W75/><G75/><T125/><D125/><U92/><E92/><N who="2" m="54327" /><F105/><W130/><G130/><T27/><D27/><U26/><E26/><N who="2" m="16727" /><F57/><W61/><AGARI ba="0,0" hai="43,45,50,58,61,66,82,87,88,96,99" m="5705" machi="61" ten="30,4000,0" yaku="5,1,8,1,54,1" doraHai="20" who="3" fromWho="3" sc="210,-10,330,-20,230,-10,230,40" /><INIT seed="2,0,0,1,2,106" ten="200,310,220,270" oya="2" hai0="0,117,101,34,88,58,81,11,107,75,96,105,39" hai1="2,32,68,135,13,10,114,103,42,77,45,67,92" hai2="40,66,132,109,84,78,43,64,47,87,20,134,108" hai3="65,118,35,54,94,38,1,89,119,44,12,51,91"/><V5/><F5/><W16/><G1/><T104/><D34/><U69/><E114/><V33/><F20/><W4/><G35/><T8/><D39/><U127/><E32/><V23/><F23/><W82/><G4/><T86/><D117/><U116/><E116/><V121/><F33/><W41/><G65/><N who="2" m="25193" /><F121/><W52/><G118/><T24/><D0/><U60/><E2/><V113/><F113/><W50/><G119/><T48/><D24/><U57/><E77/><V90/><F78/><W110/><G110/><N who="2" m="42601" /><F47/><W28/><G28/><T70/><D75/><U53/><E45/><V126/><F126/><W95/><G38/><T80/><D70/><U63/><E127/><V73/><F73/><W46/><G41/><N who="2" m="15945" /><F90/><W131/><G89/><T62/><D11/><U123/><E123/><V76/><F76/><W61/><G91/><T98/><D8/><U3/><E10/><V129/><F129/><W83/><G131/><T111/><D111/><U25/><E3/><V59/><F59/><W22/><G22/><T112/><D112/><U19/><E57/><V130/><F130/><W15/><G16/><T124/><D124/><U93/><E19/><V102/><F102/><W79/><G79/><T128/><D128/><U9/><E103/><V17/><F17/><W71/><G71/><T99/><D101/><U30/><E9/><V27/><F27/><W122/><G122/><T72/><D72/><U97/><E68/><V120/><F120/><W125/><G125/><T55/><D81/><U7/><E69/><V21/><F21/><W31/><G31/><T100/><D100/><RYUUKYOKU ba="0,0" sc="200,10,310,-30,220,10,270,10" hai0="48,55,58,62,80,86,88,96,98,99,104,105,107" hai2="84,87,132,134" hai3="12,15,44,46,50,51,52,54,61,82,83,94,95" /><INIT seed="2,1,0,3,1,103" ten="210,280,230,280" oya="2" hai0="45,101,107,84,21,4,28,100,37,131,46,6,104" hai1="129,117,0,126,55,78,120,98,43,118,122,67,106" hai2="76,47,79,14,69,38,10,60,24,130,27,85,80" hai3="7,95,39,44,77,110,90,87,9,89,74,35,36"/><V63/><F130/><W115/><G35/><T56/><D131/><U105/><E0/><V135/><F135/><W108/><G115/><T88/><D56/><U112/><E129/><V57/><F38/><W71/><G71/><T11/><D100/><U5/><E5/><V29/><F47/><W75/><G90/><T51/><D45/><U134/><E112/><V91/><F69/><W68/><G68/><T132/><D37/><U59/><E43/><V26/><F29/><W123/><G123/><N who="1" m="47146" /><E67/><N who="2" m="39311" /><F63/><W81/><G75/><T86/><D132/><U31/><E134/><V16/><AGARI ba="1,0" hai="10,14,16,24,26,27,76,79,80,85,91" m="39311" machi="16" ten="30,3000,0" yaku="8,1,54,1" doraHai="103" who="2" fromWho="2" sc="210,-11,280,-11,230,33,280,-11" /><INIT seed="2,2,0,4,1,87" ten="199,269,263,269" oya="2" hai0="88,98,105,112,57,104,15,59,36,72,116,128,125" hai1="49,85,66,62,100,43,90,35,5,54,44,23,65" hai2="71,70,114,94,113,78,48,74,115,50,117,32,20" hai3="118,106,63,69,6,75,76,10,25,33,77,52,107"/><V109/><F117/><W31/><G118/><T14/><D116/><U4/><E35/><V82/><F32/><W45/><G69/><T110/><D72/><U101/><E43/><V81/><F109/><W46/><G46/><T30/><D112/><U73/><E73/><V41/><F94/><W39/><G63/><T96/><D36/><U129/><E129/><V126/><F126/><W99/><G99/><T111/><D30/><U122/><E122/><V1/><F1/><W55/><G55/><T40/><D40/><U80/><E66/><V47/><F81/><W123/><G123/><T67/><D67/><U133/><E133/><V131/><F131/><W13/><G39/><T95/><D128/><U21/><E21/><V37/><REACH who="2" step="1"/><F20/><REACH who="2" ten="199,269,253,269" step="2"/><W92/><G92/><N who="0" m="56327" /><D125/><U134/><E23/><V19/><F19/><W11/><G33/><T60/><D105/><U38/><E134/><V18/><F18/><W121/><G107/><T29/><D104/><U93/><E93/><V27/><F27/><W103/><G25/><T79/><D29/><U17/><E17/><V3/><F3/><W16/><G31/><T22/><D22/><U89/><E80/><V34/><F34/><W28/><G28/><T56/><D60/><U42/><E62/><V8/><F8/><W0/><G121/><T2/><D2/><U124/><E124/><V9/><F9/><W58/><G0/><T83/><D110/><U26/><E26/><V130/><F130/><W108/><G108/><T97/><D111/><U102/><E4/><V84/><F84/><W61/><G106/><T12/><D95/><RYUUKYOKU ba="2,1" sc="199,15,269,-15,253,15,269,-15" hai0="12,14,15,56,57,59,79,83,97,98" hai2="37,41,47,48,50,70,71,74,78,82,113,114,115" /><INIT seed="2,3,1,4,1,39" ten="214,254,268,254" oya="2" hai0="35,116,75,45,105,51,129,90,94,119,70,4,31" hai1="19,0,17,87,56,36,120,78,117,99,132,89,37" hai2="83,15,12,69,135,121,103,48,134,122,109,93,80" hai3="79,29,3,92,95,125,74,25,124,38,114,11,44"/><V32/><F69/><W97/><G114/><T24/><D105/><U9/><E117/><V67/><F67/><W57/><G57/><T104/><D104/><U102/><E132/><N who="2" m="50731" /><F32/><W21/><G74/><T107/><D107/><U71/><E71/><V101/><F48/><W123/><G79/><T40/><D75/><U118/><E118/><V52/><F52/><W98/><G123/><N who="2" m="47113" /><F109/><W6/><G38/><T131/><D70/><U62/><E37/><V46/><F46/><W20/><G44/><T23/><D35/><U65/><E36/><V8/><F8/><W66/><G66/><T91/><D116/><U47/><E47/><V82/><F93/><W73/><G95/><T41/><D119/><U72/><E120/><V96/><F96/><W100/><G97/><T84/><D41/><U60/><E99/><V22/><F22/><W61/><G21/><T85/><REACH who="0" step="1"/><D4/><REACH who="0" ten="204,254,268,254" step="2"/><U18/><E65/><V33/><F33/><W126/><G6/><T55/><D55/><U30/><E62/><V54/><F54/><W59/><G61/><T133/><D133/><U34/><E60/><V49/><F49/><W63/><G63/><T2/><D2/><U106/><E0/><V7/><F7/><W113/><G3/><T112/><D112/><U14/><E106/><V26/><F103/><W111/><G100/><T13/><D13/><N who="2" m="5194" /><F101/><W77/><G113/><T115/><D115/><U58/><E102/><V86/><F26/><W76/><G25/><T53/><D53/><U43/><E43/><V42/><F42/><W10/><G124/><T50/><D50/><U130/><E14/><RYUUKYOKU ba="3,2" sc="204,15,254,-15,268,15,254,-15" hai0="23,24,31,40,45,51,84,85,90,91,94,129,131" hai2="80,82,83,86" /><INIT seed="2,4,2,1,1,68" ten="219,239,283,239" oya="2" hai0="107,3,11,133,7,82,47,13,111,56,120,134,75" hai1="49,79,129,15,130,128,41,80,106,23,29,64,38" hai2="18,89,36,20,6,31,117,50,30,95,57,135,44" hai3="33,86,63,65,39,100,59,104,85,77,53,94,115"/><V32/><F117/><W113/><G33/><T25/><D120/><U26/><E106/><V45/><F135/><N who="0" m="51722" /><D107/><U78/><E64/><V90/><F6/><W19/><G104/><T88/><D111/><U112/><E112/><N who="3" m="43082" /><G39/><T103/><D103/><U17/><E49/><V16/><F32/><W42/><G42/><T119/><D119/><U108/><E108/><V0/><F0/><W122/><G122/><T12/><D47/><N who="2" m="17994" /><F36/><W101/><G19/><N who="2" m="7209" /><F20/><W8/><G8/><T48/><D25/><U96/><E96/><N who="2" m="57455" /><F90/><N who="3" m="53583" /><G65/><T4/><D4/><U93/><E41/><V116/><F116/><W98/><G98/><T114/><D114/><U83/><E38/><V34/><F34/><W14/><G14/><T99/><D99/><U46/><E15/><V52/><AGARI ba="4,2" hai="30,31,50,52,57" m="57455,7209,17994" machi="52" ten="30,6000,0" yaku="8,1,54,2" doraHai="68" who="2" fromWho="2" sc="219,-24,239,-24,283,92,239,-24" /><INIT seed="2,5,0,1,2,135" ten="195,215,375,215" oya="2" hai0="25,122,79,117,33,14,55,87,131,93,16,50,48" hai1="96,71,53,88,108,36,120,18,94,30,116,112,28" hai2="62,47,95,57,63,85,115,78,123,70,66,19,134" hai3="86,27,23,60,100,84,35,3,102,4,124,34,77"/><V2/><F123/><W7/><G60/><T110/><D122/><U72/><E120/><V103/><F115/><W52/><G77/><T29/><D110/><U119/><E112/><V129/><F2/><W59/><G3/><T0/><D0/><U101/><E71/><V81/><F129/><W51/><G34/><T12/><D131/><U90/><E36/><V22/><F134/><W114/><G35/><T49/><D117/><U65/><E72/><V121/><F121/><W58/><G114/><T92/><D14/><U11/><E65/><V44/><F103/><N who="3" m="39467" /><G59/><T26/><D26/><U24/><E108/><V133/><F95/><W61/><G61/><T107/><D107/><U68/><E68/><V42/><F42/><W13/><G124/><T8/><REACH who="0" step="1"/><D55/><REACH who="0" ten="185,215,375,215" step="2"/><U106/><E106/><V54/><F133/><W45/><G13/><AGARI ba="5,1" hai="13,19,22,44,47,54,57,62,63,66,70,78,81,85" machi="13" ten="30,1500,0" yaku="7,1" doraHai="135" who="2" fromWho="3" sc="185,0,215,0,375,40,215,-30" /><INIT seed="2,6,0,0,5,89" ten="185,215,415,185" oya="2" hai0="10,113,94,71,36,24,135,82,7,67,54,31,12" hai1="32,81,3,75,87,13,112,125,70,8,88,92,99" hai2="98,61,97,16,25,26,114,45,52,58,56,130,20" hai3="100,5,118,6,78,107,33,55,30,123,18,93,44"/><V2/><F114/><W76/><G107/><T65/><D113/><U69/><E112/><V83/><F130/><W95/><G118/><T47/><D71/><U43/><E32/><V27/><F2/><W80/><G123/><T1/><D82/><U91/><E3/><V126/><F126/><W50/><G100/><T68/><D68/><U109/><E125/><V106/><F83/><W120/><G120/><T51/><D135/><U40/><E75/><V62/><F45/><W77/><G80/><T73/><D73/><U42/><REACH who="1" step="1"/><E109/><REACH who="1" ten="185,205,415,185" step="2"/><V4/><F4/><AGARI ba="6,1" hai="4,8,13,40,42,43,69,70,81,87,88,91,92,99" machi="4" ten="40,8000,1" yaku="1,1,2,1,52,1,54,1,53,0" doraHai="89" doraHaiUra="110" who="1" fromWho="2" sc="185,0,205,108,415,-98,185,0" /><INIT seed="3,0,0,5,2,90" ten="185,313,317,185" oya="3" hai0="60,34,134,19,86,80,87,71,39,29,126,82,12" hai1="28,55,15,120,92,41,94,116,17,110,97,112,58" hai2="38,130,122,31,114,18,24,81,14,106,36,98,85" hai3="7,135,91,74,79,42,22,66,33,69,49,108,1"/><W8/><G33/><T50/><D39/><U117/><E120/><V30/><F114/><W26/><G135/><T9/><D134/><U67/><E112/><V96/><F122/><W75/><G79/><T2/><D126/><U25/><E110/><V0/><F0/><W124/><G124/><T61/><D71/><U127/><E41/><V118/><F118/><N who="1" m="45673" /><E67/><V21/><F130/><W113/><G113/><T64/><D64/><U10/><E97/><N who="2" m="37483" /><F38/><W101/><G101/><T45/><D2/><U89/><E89/><N who="2" m="51375" /><F106/><W102/><G102/><T131/><D34/><N who="1" m="20751" /><E127/><V53/><F36/><W27/><G108/><T46/><D131/><U103/><E103/><V100/><F100/><W72/><G91/><T62/><D86/><U13/><E13/><V76/><F76/><W11/><G75/><T5/><D87/><U88/><E88/><V77/><F77/><W23/><G74/><T51/><D80/><U83/><E83/><V123/><F123/><W115/><G72/><T107/><D82/><U63/><AGARI ba="0,0" hai="10,15,17,55,58,63,92,94" m="20751,45673" machi="63" ten="30,4000,0" yaku="12,1,52,2" doraHai="90" who="1" fromWho="1" sc="185,-10,313,40,317,-10,185,-20" owari="175,-22.5,353,45.3,307,10.7,165,-33.5" /></mjloggm>