<mjloggm ver="2.3"><GO type="225" lobby="0"/><UN n0="%E3%82%B7%E3%83%B3%E5%A4%AA%E6%9C%97" n1="%E5%A4%9C%E3%81%AE%E3%82%AC%E3%82%B9%E3%83%91%E3%83%BC%E3%83%AB" n2="%EF%BC%94%36" n3="%E3%82%A2%E3%83%A1%E3%82%A2%E3%83%A9%E3%83%AC" dan="16,17,16,16" rate="2167.93,2186.52,2046.28,2152.90" sx="M,M,M,M"/><TAIKYOKU oya="0"/><INIT seed="0,0,0,3,2,55" ten="250,250,250,250" oya="0" hai0="70,80,87,91,86,117,68,34,82,21,54,123,116" hai1="58,88,12,94,16,97,36,7,77,120,106,134,45" hai2="122,59,38,102,105,69,5,10,92,67,31,48,44" hai3="132,22,76,11,56,40,18,4,25,3,15,128,37"/><T43/><D123/><U61/><E120/><V99/><F122/><W50/><G132/><T81/><D43/><U41/><E134/><V35/><F38/><W84/><G128/><T46/><D34/><U39/><E77/><V103/><F103/><W114/><G114/><T85/><D91/><U79/><E79/><V115/><F115/><W63/><G37/><T100/><D100/><U53/><E106/><V52/><F69/><W23/><G50/><T14/><D46/><U19/><REACH who="1" step="1"/><E39/><REACH who="1" ten="250,240,250,250" step="2"/><V2/><F105/><W112/><G112/><T0/><D0/><U118/><E118/><V96/><F96/><W51/><G76/><T135/><D135/><U107/><E107/><V125/><F125/><W83/><G84/><T20/><D116/><U75/><E75/><V73/><F73/><W9/><G83/><T6/><D117/><U78/><E78/><V24/><REACH who="2" step="1"/><F67/><REACH who="2" ten="250,240,240,250" step="2"/><W130/><G130/><T62/><D70/><U127/><E127/><V90/><F90/><W110/><G110/><T71/><D68/><U47/><E47/><AGARI ba="0,2" hai="2,5,10,24,31,35,44,47,48,52,59,92,99,102" machi="47" ten="40,8000,1" yaku="1,1,52,1,54,1,53,1" doraHai="55" doraHaiUra="30" who="2" fromWho="1" sc="250,0,240,-80,240,100,250,0" /><INIT seed="1,0,0,0,1,29" ten="250,160,340,250" oya="1" hai0="131,84,110,107,5,20,125,28,54,8,18,50,62" hai1="43,41,70,134,100,79,82,0,109,116,26,133,81" hai2="19,17,75,9,126,96,69,90,49,35,38,93,111" hai3="67,7,76,1,10,37,99,102,129,89,57,66,42"/><U122/><E116/><V11/><F38/><W115/><G115/><T103/><D110/><U95/><E122/><V53/><F69/><W23/><G129/><T121/><D131/><U52/><E0/><V58/><F35/><W13/><G89/><T4/><D125/><U135/><E109/><V88/><F75/><W94/><G57/><T72/><D72/><U60/><E26/><V3/><F126/><W105/><G76/><T6/><D121/><U33/><E33/><V64/><F64/><W127/><G127/><T68/><D28/><U108/><E108/><V31/><F31/><W32/><G32/><T132/><D84/><N who="1" m="48191" /><E82/><V130/><F130/><W15/><G105/><T51/><D132/><N who="1" m="33795" /><U47/><DORA hai="87" /><E70/><V118/><F118/><W46/><G1/><T112/><D112/><U16/><E16/><N who="2" m="6219" /><F3/><W65/><G15/><T44/><D8/><N who="2" m="3146" /><F111/><W25/><REACH who="3" step="1"/><G66/><REACH who="3" ten="250,160,340,240" step="2"/><T92/><D68/><U73/><E73/><V101/><AGARI ba="0,1" hai="49,53,58,88,90,93,96,101" m="3146,6219" machi="101" ten="30,8000,1" yaku="8,1,52,2,54,2" doraHai="29,87" who="2" fromWho="2" sc="250,-20,160,-40,340,90,240,-20" /><INIT seed="2,0,0,4,1,43" ten="230,120,430,220" oya="2" hai0="101,23,117,0,124,32,74,5,4,38,103,73,102" hai1="48,7,6,87,60,99,63,22,70,27,62,120,132" hai2="112,54,80,56,37,89,17,123,49,9,29,126,84" hai3="15,78,110,75,91,19,125,96,97,133,41,122,88"/><V94/><F37/><W111/><G41/><T71/><D71/><U106/><E70/><V61/><F123/><W105/><G122/><T34/><D38/><U11/><E120/><V44/><F112/><W25/><G25/><T95/><D124/><U82/><E132/><V109/><F126/><W119/><G125/><T55/><D117/><U134/><E134/><V135/><F109/><N who="3" m="41483" /><G119/><T115/><D115/><U69/><E69/><V52/><F135/><W65/><G65/><T36/><D36/><U3/><E106/><V68/><F29/><W18/><G18/><T28/><D55/><U81/><E99/><N who="3" m="37962" /><G105/><T46/><D95/><U47/><E7/><V20/><F9/><N who="3" m="6639" /><G133/><T66/><D66/><U33/><E33/><V108/><F108/><W45/><G45/><T13/><D46/><U92/><E92/><V58/><F68/><W128/><G128/><T39/><D39/><U85/><E82/><AGARI ba="0,0" hai="75,78,82,88,91" m="6639,37962,41483" machi="82" ten="30,2000,0" yaku="14,1,54,1" doraHai="43" who="3" fromWho="1" sc="230,0,120,-20,430,0,220,20" /><INIT seed="3,0,0,3,3,66" ten="230,100,430,240" oya="3" hai0="81,89,98,117,73,76,52,80,68,116,125,19,69" hai1="72,94,15,59,39,65,20,36,75,78,108,60,53" hai2="92,10,126,23,100,57,103,49,91,32,128,107,86" hai3="14,2,123,122,85,119,45,50,38,25,54,3,104"/><W132/><G119/><T82/><D117/><U130/><E78/><V40/><F32/><W17/><G104/><T62/><D116/><U110/><E94/><V63/><F126/><W97/><G132/><T127/><D98/><U79/><E79/><V87/><F128/><W35/><G38/><T129/><D129/><U111/><E15/><V106/><F106/><W88/><G97/><T135/><D135/><U131/><E20/><V101/><F107/><W71/><G71/><T16/><D89/><U34/><E34/><V9/><F23/><W83/><G25/><T5/><D5/><U99/><E99/><V124/><F87/><W96/><G35/><T6/><D6/><U47/><E75/><V12/><F124/><N who="0" m="47690" /><D73/><U28/><E28/><V56/><F9/><N who="3" m="6351" /><G96/><T42/><D42/><U0/><E0/><AGARI ba="0,0" hai="0,2,3,45,50,54,83,85,88,122,123" m="6351" machi="0" ten="30,2900,0" yaku="25,1,54,1" doraHai="66" who="3" fromWho="1" sc="230,0,100,-29,430,0,240,29" /><INIT seed="3,1,0,3,2,124" ten="230,71,430,269" oya="3" hai0="0,21,104,2,3,125,87,34,19,134,102,55,62" hai1="90,9,103,49,60,88,29,116,24,11,77,126,95" hai2="114,120,1,23,50,69,123,20,12,35,118,54,48" hai3="57,117,96,80,39,119,52,42,135,31,25,22,70"/><W37/><G70/><T131/><D125/><U40/><E126/><V6/><F35/><W108/><G135/><T51/><D134/><U10/><E116/><V16/><F114/><W86/><G108/><T44/><D34/><U112/><E112/><V121/><F69/><W72/><G72/><T28/><D28/><U113/><E113/><V105/><F105/><W97/><G117/><T58/><D87/><U64/><E77/><V33/><F33/><W67/><G67/><T89/><D89/><U74/><E74/><V32/><F32/><W84/><G84/><T30/><D30/><U79/><E79/><V66/><F66/><W56/><G56/><T133/><D133/><U46/><E46/><V107/><F107/><W68/><G68/><T47/><D47/><U43/><E49/><V45/><F118/><W15/><G119/><T122/><D102/><U93/><E43/><V110/><F110/><W111/><G111/><T106/><D122/><U8/><N who="1" m="2048" /><DORA hai="91" /><U127/><E40/><V99/><F20/><W71/><G71/><T4/><D4/><U73/><E73/><V26/><F1/><W27/><G15/><T76/><D76/><U109/><E109/><V59/><F99/><W85/><G85/><T100/><D3/><U132/><E127/><V65/><F65/><W13/><G42/><N who="0" m="24983" /><D2/><U78/><E132/><V129/><F129/><W36/><G13/><N who="0" m="9455" /><D0/><U63/><E78/><V5/><F12/><W41/><G41/><AGARI ba="1,0" hai="5,6,16,23,26,41,45,48,50,54,59,120,121,123" machi="41" ten="40,2600,0" yaku="13,1,54,1" doraHai="124,91" who="2" fromWho="3" sc="230,0,71,0,430,29,269,-29" owari="230,-17.0,71,-42.9,459,55.9,240,4.0" /></mjloggm>