<mjloggm ver="2.3"><GO type="225" lobby="0"/><UN n0="%E5%AF%82%E5%AF%9E%E3%82%AE%E3%83%8D%E3%82%B9%E3%83%93%E3%83%BC%E3%83%AB" n1="%E3%83%B4%E3%82%A3%E3%83%AF%E3%82%B3%E3%82%B0%E3%83%8B" n2="%E5%A4%96%E5%B7%9D%E7%AB%9C%E6%88%90" n3="%6D%75%75%6D%75%72%61" dan="16,16,16,16" rate="2186.28,2130.62,2214.64,2214.27" sx="M,M,M,F"/><TAIKYOKU oya="0"/><INIT seed="0,0,0,5,5,110" ten="250,250,250,250" oya="0" hai0="18,7,112,111,27,134,57,79,9,109,32,48,12" hai1="28,132,31,17,63,121,6,51,92,15,67,55,36" hai2="120,86,119,40,130,47,66,95,107,3,45,101,76" hai3="54,21,108,83,13,72,41,77,8,50,75,60,102"/><T52/><D134/><U118/><E118/><V128/><F120/><W24/><G108/><N who="0" m="41547" /><D79/><U90/><E36/><V22/><F119/><W105/><G41/><T29/><D7/><U96/><E121/><V82/><F3/><W122/><G122/><T43/><D43/><U30/><E6/><V97/><F66/><W125/><G125/><T74/><D74/><U115/><E115/><AGARI ba="0,0" hai="9,12,18,27,29,32,48,52,57,112,115" m="41547" machi="115" ten="30,12000,1" yaku="14,1,10,1,52,2,54,1" doraHai="110" who="0" fromWho="1" sc="250,120,250,-120,250,0,250,0" /><INIT seed="0,1,0,0,1,120" ten="370,130,250,250" oya="0" hai0="22,54,57,21,66,60,131,25,37,76,20,65,84" hai1="24,102,86,61,19,115,113,3,56,35,95,14,128" hai2="38,1,135,62,17,105,80,58,90,87,99,122,42" hai3="39,89,96,30,83,79,8,59,28,27,74,32,40"/><T81/><D37/><U11/><E128/><V13/><F1/><W91/><G30/><T53/><D131/><U7/><E102/><V15/><F15/><W70/><G70/><T64/><REACH who="0" step="1"/><D54/><REACH who="0" ten="360,130,250,250" step="2"/><U130/><E130/><V127/><F38/><W118/><G39/><T71/><D71/><U51/><E115/><V46/><F122/><W16/><G40/><T68/><D68/><U34/><E113/><V97/><F42/><W33/><G59/><T126/><D126/><U73/><E51/><V124/><F127/><W107/><G118/><T110/><D110/><U121/><E121/><V133/><F124/><W103/><G33/><T44/><D44/><U93/><E34/><V9/><F46/><W2/><G2/><T108/><D108/><U0/><E0/><V85/><F135/><W10/><G32/><T125/><D125/><U88/><E35/><V94/><F133/><W109/><G109/><T92/><D92/><N who="1" m="54295" /><E3/><V29/><F105/><W18/><G107/><T78/><D78/><U6/><E73/><V77/><REACH who="2" step="1"/><F29/><AGARI ba="1,1" hai="20,21,22,25,29,53,57,60,64,65,66,76,81,84" machi="29" ten="40,7700,0" yaku="1,1,8,1,53,1" doraHai="120" doraHaiUra="48" who="0" fromWho="2" sc="360,90,130,0,250,-80,250,0" /><INIT seed="0,2,0,5,1,7" ten="450,130,170,250" oya="0" hai0="22,64,91,104,10,50,62,41,89,107,11,31,80" hai1="129,52,55,84,133,116,8,26,103,79,99,98,43" hai2="106,33,25,75,15,56,97,13,28,130,87,5,73" hai3="42,54,23,47,59,117,39,3,102,68,86,119,114"/><T124/><D124/><U36/><E116/><V27/><F130/><W88/><G68/><T65/><D107/><U121/><E121/><V38/><F38/><W19/><G114/><T45/><D104/><U132/><E129/><V134/><F134/><N who="1" m="51817" /><E26/><V78/><F56/><W6/><G102/><T66/><D62/><U81/><E36/><V74/><F25/><W101/><G101/><T92/><D31/><U70/><E43/><V122/><F122/><W29/><G29/><T128/><D22/><U113/><E113/><V127/><F127/><W48/><G6/><T0/><D0/><U90/><E70/><V118/><F118/><W67/><G67/><T53/><D41/><U95/><E8/><N who="0" m="3113" /><D128/><U93/><AGARI ba="2,0" hai="52,55,79,81,84,90,93,95,98,99,103" m="51817" machi="93" ten="30,2000,0" yaku="20,1,54,1" doraHai="7" who="1" fromWho="1" sc="450,-12,130,26,170,-7,250,-7" /><INIT seed="1,0,0,5,1,77" ten="438,156,163,243" oya="1" hai0="96,133,9,107,72,129,25,81,38,75,63,117,80" hai1="10,120,93,32,79,65,7,14,6,76,23,20,45" hai2="40,82,111,28,50,66,64,16,131,53,21,90,89" hai3="69,52,102,84,134,19,0,44,37,78,31,61,130"/><U22/><E32/><V33/><F111/><W27/><G0/><T92/><D38/><U5/><E120/><V1/><F1/><W99/><G130/><T103/><D63/><U39/><E65/><V113/><F131/><W122/><G134/><T36/><D36/><U100/><E39/><V73/><F40/><W124/><G124/><T123/><D25/><U121/><E45/><V104/><F104/><W46/><G19/><T51/><D9/><U85/><E121/><V98/><F33/><W35/><G122/><T54/><D123/><U83/><REACH who="1" step="1"/><E76/><REACH who="1" ten="438,146,163,243" step="2"/><V60/><F64/><N who="3" m="41103" /><G37/><T74/><D129/><U128/><E128/><V116/><F66/><W135/><G135/><T119/><D133/><U115/><E115/><V86/><F113/><W17/><G52/><T41/><D41/><U125/><E125/><V106/><F53/><W47/><G47/><T24/><D54/><U94/><E94/><V110/><F110/><W127/><G127/><T70/><D92/><U2/><E2/><V97/><F106/><N who="3" m="63839" /><G44/><T3/><D3/><U91/><E91/><V34/><F90/><W109/><G46/><T87/><D107/><U13/><E13/><V57/><F89/><W71/><G71/><T26/><D70/><U118/><E118/><V88/><F116/><W58/><G58/><T67/><D67/><U105/><E105/><V4/><F57/><W95/><G95/><T108/><D119/><U30/><E30/><V49/><F28/><W43/><G43/><T62/><D117/><U132/><E132/><V126/><F126/><W42/><G42/><T29/><D29/><RYUUKYOKU ba="0,1" sc="438,-10,146,30,163,-10,243,-10" hai1="5,6,7,10,14,20,22,23,79,83,85,93,100" /><INIT seed="1,1,1,5,0,19" ten="428,176,153,233" oya="1" hai0="96,48,26,10,116,54,17,110,58,83,126,20,133" hai1="34,115,135,90,14,105,129,13,74,80,113,121,124" hai2="102,25,63,98,72,45,21,125,69,65,68,93,12" hai3="52,56,23,97,38,131,92,109,127,118,75,78,101"/><U61/><E105/><V76/><F125/><W59/><G127/><T62/><D126/><U49/><E124/><V50/><F12/><W44/><G109/><T24/><D116/><U114/><E121/><V29/><F76/><W7/><G118/><T9/><D110/><U88/><E34/><V120/><F72/><W95/><G131/><T41/><D133/><U1/><E1/><V77/><F77/><W70/><G70/><T64/><D41/><U112/><E112/><V60/><F120/><W43/><G7/><T86/><D96/><U117/><E117/><V100/><F100/><W30/><G95/><T42/><D42/><U55/><E135/><V99/><F99/><W108/><G108/><T35/><D26/><U94/><E129/><V107/><F107/><W18/><G30/><T66/><D35/><U33/><E33/><V57/><F60/><W128/><G128/><T82/><D82/><U85/><E61/><V67/><F67/><N who="0" m="25642" /><D62/><U46/><REACH who="1" step="1"/><E74/><REACH who="1" ten="428,166,153,233" step="2"/><V27/><REACH who="2" step="1"/><F27/><REACH who="2" ten="428,166,143,233" step="2"/><W81/><G75/><T106/><D106/><U22/><E22/><V91/><F91/><AGARI ba="1,3" hai="9,10,17,20,24,48,54,58,83,86,91" m="25642" machi="91" ten="30,2000,0" yaku="8,1,52,1" doraHai="19" who="0" fromWho="2" sc="428,53,166,0,143,-23,233,0" /><INIT seed="2,0,0,3,1,73" ten="481,166,120,233" oya="2" hai0="2,107,6,28,134,54,25,50,4,114,82,68,69" hai1="10,74,86,14,9,123,124,113,26,95,34,135,119" hai2="45,21,81,126,132,105,22,24,51,98,59,46,56" hai3="37,47,30,110,58,62,117,64,53,102,133,122,39"/><V49/><F126/><W78/><G117/><T19/><D114/><U129/><E113/><V116/><F116/><W42/><G122/><T72/><D107/><U41/><E119/><V18/><F132/><W17/><G110/><T87/><D72/><U75/><E123/><V108/><F108/><W115/><G115/><T121/><D19/><U97/><E74/><V63/><F105/><W118/><G118/><T100/><D100/><U77/><E75/><V65/><F98/><W67/><G133/><T96/><D96/><U55/><E41/><V23/><F81/><W57/><G78/><T83/><D83/><U89/><E129/><V91/><F91/><W80/><G80/><T0/><D0/><U70/><E70/><V106/><F106/><W35/><G17/><T130/><D130/><U103/><E77/><V99/><F99/><W38/><G30/><T90/><D134/><U111/><E111/><V60/><F51/><N who="3" m="27127" /><G35/><T52/><D54/><U5/><E124/><V16/><F49/><N who="3" m="30895" /><G102/><T101/><D101/><U94/><E55/><AGARI ba="0,0" hai="37,38,39,55,58,62,64,67" m="30895,27127" machi="55" ten="30,8000,1" yaku="35,5" doraHai="73" who="3" fromWho="1" sc="481,0,166,-80,120,0,233,80" /><INIT seed="3,0,0,5,5,121" ten="481,86,120,313" oya="3" hai0="110,82,111,117,118,132,38,36,5,88,85,41,25" hai1="37,56,77,22,1,100,102,95,134,84,64,112,65" hai2="46,9,73,119,49,120,69,101,133,43,14,33,29" hai3="76,135,57,126,99,94,128,113,68,59,19,62,72"/><W4/><G113/><T0/><D132/><U116/><E112/><V78/><F119/><N who="0" m="45578" /><D41/><U27/><E134/><V61/><F120/><W114/><G114/><T75/><D25/><U51/><E116/><V115/><F115/><W48/><G135/><T66/><D66/><U10/><E37/><V86/><F133/><W15/><G126/><T39/><D88/><U32/><E32/><V83/><F101/><W47/><G128/><T131/><D85/><U34/><E34/><V54/><F29/><W8/><G68/><T60/><D60/><U89/><E77/><V122/><F33/><W55/><G72/><T127/><D131/><U109/><E109/><N who="0" m="41481" /><D127/><U125/><E125/><V74/><F122/><W96/><G76/><N who="0" m="44319" /><D5/><U53/><E102/><V45/><F61/><W17/><G62/><T40/><D40/><U2/><E100/><V92/><F43/><W30/><G30/><T93/><D0/><U58/><E58/><N who="3" m="22026" /><G99/><T52/><D93/><U123/><E123/><V3/><F92/><W67/><G67/><T24/><D24/><U70/><E70/><V104/><F3/><W106/><G106/><T31/><D31/><U124/><E124/><V11/><F104/><W91/><AGARI ba="0,0" hai="4,8,15,17,19,47,48,55,91,94,96" m="22026" machi="91" ten="30,1500,0" yaku="8,1" doraHai="121" who="3" fromWho="3" sc="481,-5,86,-5,120,-5,313,15" /><INIT seed="3,1,0,4,3,43" ten="476,81,115,328" oya="3" hai0="85,23,49,86,95,111,127,83,27,103,17,116,96" hai1="107,45,134,112,40,26,3,81,19,70,114,18,126" hai2="39,113,56,79,47,123,31,91,8,46,52,131,32" hai3="100,48,88,118,87,37,11,4,105,41,132,63,121"/><W10/><G118/><T119/><D111/><U25/><E107/><V33/><F113/><W129/><G121/><T130/><D127/><U109/><E70/><V84/><F123/><W104/><G37/><T60/><D130/><U6/><E109/><V15/><F131/><W101/><G129/><T82/><D60/><U2/><E126/><V1/><F1/><W72/><G72/><T90/><D49/><U75/><E134/><V38/><F79/><AGARI ba="1,0" hai="17,23,27,79,82,83,85,86,90,95,96,103,116,119" machi="79" ten="30,1000,0" yaku="7,1" doraHai="43" who="0" fromWho="2" sc="476,13,81,0,115,-13,328,0" owari="489,58.9,81,-41.9,102,-29.8,328,12.8" /></mjloggm>