<mjloggm ver="2.3"><GO type="225" lobby="0"/><UN n0="%48%61%61%61%6C%61%6E%64" n1="%E3%83%AB%E3%83%9B%E3%83%B3%E3%83%87%E3%82%A3%E3%82%A8" n2="%E9%80%9F%E6%B0%B4%E5%87%9B%E9%A6%99" n3="%E9%B3%B3%E6%9D%B1%E3%81%AE%E3%81%86%E3%81%95%E3%81%8E%E3%81%95%E3%82%93" dan="17,16,17,16" rate="2160.97,2141.68,2154.44,2136.80" sx="M,M,F,M"/><TAIKYOKU oya="0"/><INIT seed="0,0,0,1,3,43" ten="250,250,250,250" oya="0" hai0="81,87,85,73,132,111,57,19,84,68,61,24,59" hai1="110,122,30,101,88,129,67,28,60,16,89,32,114" hai2="15,50,65,70,11,98,27,1,96,37,63,94,118" hai3="76,91,135,108,117,116,93,133,26,34,102,48,38"/><T53/><D132/><N who="3" m="50761" /><G38/><T123/><D123/><U90/><E122/><V66/><F37/><W82/><G34/><T49/><D68/><U128/><E110/><V75/><F75/><N who="3" m="43295" /><G48/><T22/><D111/><U79/><E114/><V103/><F1/><W92/><G108/><T134/><D134/><U41/><E101/><V86/><F118/><N who="3" m="45675" /><G26/><T78/><REACH who="0" step="1"/><D73/><REACH who="0" ten="240,250,250,250" step="2"/><U71/><E128/><V127/><F70/><W72/><G72/><T2/><D2/><U7/><E129/><V112/><F112/><W20/><G20/><T54/><AGARI ba="0,1" hai="19,22,24,49,53,54,57,59,61,78,81,84,85,87" machi="54" ten="20,12000,1" yaku="1,1,0,1,7,1,8,1,53,1" doraHai="43" doraHaiUra="18" who="0" fromWho="0" sc="240,130,250,-40,250,-40,250,-40" /><INIT seed="0,1,0,0,3,78" ten="370,210,210,210" oya="0" hai0="76,104,13,42,109,83,5,132,21,96,114,125,72" hai1="92,81,22,25,127,91,15,69,117,36,134,93,64" hai2="85,100,12,32,44,51,19,77,58,9,129,11,67" hai3="33,38,123,88,97,3,56,43,63,53,49,6,89"/><T126/><D114/><U52/><E117/><V80/><F32/><W50/><G33/><T8/><D132/><U106/><E36/><V103/><F129/><W17/><G123/><T90/><D42/><U124/><E106/><V57/><F9/><W135/><G135/><T20/><D109/><U45/><E15/><V107/><F107/><W102/><G3/><T73/><D73/><U7/><E7/><V34/><F34/><W14/><G38/><T99/><D99/><U94/><E69/><V65/><F58/><W113/><G6/><T0/><D90/><N who="3" m="34921" /><G43/><T62/><D62/><U128/><E64/><N who="2" m="24651" /><F57/><W16/><G113/><T116/><D116/><U110/><E110/><V31/><F31/><W74/><G74/><T24/><D0/><U122/><E128/><V60/><F60/><W95/><G17/><T41/><D104/><U26/><E122/><V4/><F19/><W70/><G70/><T18/><D18/><U61/><E134/><V101/><F101/><W131/><G131/><T1/><D1/><U35/><E35/><V55/><AGARI ba="1,0" hai="4,11,12,44,51,55,77,80,85,100,103" m="24651" machi="55" ten="30,2000,0" yaku="8,1,52,1" doraHai="78" who="2" fromWho="2" sc="370,-11,210,-6,210,23,210,-6" /><INIT seed="1,0,0,4,0,112" ten="359,204,233,204" oya="1" hai0="106,12,7,22,27,15,90,135,52,36,87,31,56" hai1="100,30,38,107,20,14,24,37,0,34,109,39,23" hai2="68,130,101,81,54,121,89,49,51,74,105,114,75" hai3="98,91,126,94,33,129,32,113,84,64,25,95,35"/><U58/><E0/><V4/><F68/><W69/><G113/><T19/><D135/><U108/><E107/><V59/><F121/><W99/><G129/><T80/><D36/><U72/><E72/><V124/><F114/><W66/><G126/><T85/><D106/><U53/><E100/><V41/><F4/><W92/><G25/><T76/><D7/><U125/><E125/><V70/><F70/><W1/><G1/><T131/><D131/><U9/><E9/><V119/><F119/><W42/><G42/><T122/><D122/><U50/><REACH who="1" step="1"/><E14/><REACH who="1" ten="359,194,233,204" step="2"/><V65/><F124/><W60/><REACH who="3" step="1"/><G66/><REACH who="3" ten="359,194,233,194" step="2"/><T123/><D123/><U63/><E63/><V86/><F65/><W116/><G116/><T73/><D12/><U3/><E3/><V8/><F130/><W104/><G104/><T82/><D15/><U102/><E102/><V83/><F101/><W88/><G88/><T115/><D115/><U26/><E26/><V62/><F105/><W103/><G103/><T16/><D73/><U13/><E13/><V46/><F75/><W21/><G21/><AGARI ba="0,2" hai="20,21,23,24,30,34,37,38,39,50,53,58,108,109" machi="21" ten="50,12000,1" yaku="1,1,53,3" doraHai="112" doraHaiUra="71" who="1" fromWho="3" sc="359,0,194,140,233,0,194,-120" /><INIT seed="1,1,0,2,0,28" ten="359,334,233,74" oya="1" hai0="127,130,93,100,67,50,72,3,77,115,60,51,118" hai1="8,122,6,104,21,29,30,57,85,68,20,123,12" hai2="58,24,74,98,105,91,31,119,5,134,109,103,66" hai3="39,86,4,48,37,75,128,10,63,65,34,113,41"/><U64/><E104/><V0/><F119/><W59/><G75/><T55/><D118/><U73/><E73/><V107/><F74/><W81/><G128/><T126/><D3/><U53/><E68/><V62/><F109/><W33/><G113/><T46/><D115/><U96/><E64/><V45/><F134/><W117/><G117/><T125/><D130/><U23/><E96/><V78/><F78/><W133/><G133/><T76/><D72/><U7/><E85/><V114/><F114/><W56/><G37/><T2/><D2/><U13/><E57/><V32/><F45/><W40/><G39/><T116/><D116/><U71/><E53/><V54/><F5/><N who="1" m="1545" /><E8/><V92/><F0/><W26/><G41/><T61/><D67/><U79/><E79/><V18/><F105/><W9/><G9/><T112/><D112/><U131/><E71/><V97/><F18/><W49/><G56/><N who="0" m="32887" /><D77/><U89/><E89/><V99/><F99/><W80/><G40/><N who="0" m="25031" /><D76/><U124/><E124/><V42/><F42/><W44/><G44/><T70/><D70/><U11/><E11/><V84/><F54/><W94/><G10/><T110/><D110/><U25/><E131/><V14/><F14/><N who="1" m="5737" /><E25/><V82/><F107/><W43/><G43/><T101/><D101/><U36/><E36/><V108/><F108/><W87/><G4/><T16/><D100/><U135/><E135/><V83/><F103/><W121/><G65/><T132/><D132/><U120/><AGARI ba="1,0" hai="20,21,23,29,30,120,122,123" m="5737,1545" machi="120" ten="40,12000,1" yaku="28,2,34,2" doraHai="28" who="1" fromWho="1" sc="359,-41,334,123,233,-41,74,-41" /><INIT seed="1,2,0,4,5,21" ten="318,457,192,33" oya="1" hai0="45,60,47,124,111,16,121,99,93,98,55,122,22" hai1="112,44,135,79,132,116,83,24,52,25,32,0,125" hai2="26,97,131,3,80,29,11,38,2,4,27,92,67" hai3="66,84,28,17,71,19,70,76,68,43,51,106,120"/><U85/><E116/><V134/><F38/><W91/><G120/><N who="0" m="46187" /><D111/><U18/><E0/><V53/><F134/><N who="1" m="51241" /><E112/><V10/><F131/><W6/><G106/><T15/><D124/><U13/><E32/><V104/><F67/><W62/><G6/><T69/><D99/><U37/><E125/><V57/><F104/><W128/><G76/><T89/><D69/><U1/><E1/><V42/><F42/><W108/><G28/><T81/><D81/><U86/><E86/><V9/><F80/><W63/><G108/><T72/><D72/><U115/><E115/><V5/><F10/><W7/><G7/><T49/><D60/><U90/><E90/><V58/><F29/><W20/><G63/><T31/><D31/><U105/><E105/><V126/><F126/><W102/><G128/><T130/><D130/><U56/><E44/><AGARI ba="2,0" hai="15,16,22,44,45,47,49,55,89,93,98" m="46187" machi="44" ten="30,2000,0" yaku="13,1,54,1" doraHai="21" who="0" fromWho="1" sc="318,26,457,-26,192,0,33,0" /><INIT seed="2,0,0,2,1,121" ten="344,431,192,33" oya="2" hai0="28,32,38,127,93,62,133,92,6,24,91,67,29" hai1="49,41,84,37,43,129,42,100,8,106,56,47,80" hai2="27,86,118,11,99,135,75,19,125,57,0,18,113" hai3="124,30,22,74,66,1,63,45,69,14,12,112,44"/><V46/><F118/><W107/><G1/><T31/><D38/><U82/><E106/><V60/><F75/><W87/><G74/><T9/><D127/><U114/><E100/><V59/><F113/><W34/><G124/><T25/><D133/><U68/><E68/><V105/><F135/><W119/><G119/><T88/><D93/><U120/><E82/><V58/><F125/><W16/><G112/><T7/><D92/><U103/><E103/><V83/><F105/><W104/><G12/><T128/><D128/><U26/><E26/><V40/><F99/><W23/><G34/><T65/><D29/><U96/><E96/><V102/><F102/><W111/><G104/><T122/><D122/><U5/><E37/><V70/><F70/><W73/><G73/><T51/><D51/><U123/><E129/><V131/><F131/><W126/><G126/><T101/><D101/><U72/><E56/><V2/><F2/><W54/><G107/><T95/><D95/><U39/><E72/><V36/><F27/><W108/><G87/><T77/><D77/><N who="1" m="46095" /><E114/><V3/><F60/><W110/><G54/><T33/><REACH who="0" step="1"/><D62/><REACH who="0" ten="334,431,192,33" step="2"/><U50/><E39/><V81/><F81/><W79/><G79/><T20/><D20/><N who="3" m="7721" /><G30/><T76/><D76/><U117/><E117/><V90/><F36/><W85/><G85/><T10/><AGARI ba="0,1" hai="6,7,9,10,24,25,28,31,32,33,65,67,88,91" machi="10" ten="25,8000,1" yaku="1,1,0,1,22,2,54,1,53,0" doraHai="121" doraHaiUra="13" who="0" fromWho="0" sc="334,90,431,-20,192,-40,33,-20" /><INIT seed="3,0,0,4,5,9" ten="424,411,152,13" oya="3" hai0="16,10,79,111,127,124,19,135,87,44,130,24,59" hai1="40,23,128,45,107,18,85,61,112,91,17,3,82" hai2="110,88,77,39,104,51,95,103,102,7,100,108,60" hai3="27,98,96,46,93,47,36,131,13,32,116,41,122"/><W129/><G116/><T34/><D111/><N who="2" m="42538" /><F39/><W126/><G122/><T76/><D130/><N who="3" m="49673" /><G126/><N who="0" m="48171" /><D135/><U117/><E107/><V20/><F77/><N who="0" m="29770" /><D87/><U21/><E3/><V63/><F7/><W106/><G106/><T105/><D105/><U43/><E128/><V11/><F11/><W109/><G109/><T62/><D44/><U58/><E45/><V65/><F104/><W66/><G66/><N who="0" m="39263" /><D10/><U42/><E112/><V12/><F51/><N who="3" m="27087" /><G93/><T132/><D132/><U115/><E115/><V22/><F65/><W86/><G86/><T64/><D64/><N who="1" m="38967" /><E117/><V29/><F95/><W75/><G75/><T68/><D68/><U31/><E31/><AGARI ba="0,0" hai="16,19,24,31,34" m="39263,29770,48171" machi="31" ten="30,2000,0" yaku="18,1,54,1" doraHai="9" who="0" fromWho="1" sc="424,20,411,-20,152,0,13,0" owari="444,54.4,391,19.1,152,-24.8,13,-48.7" /></mjloggm>