<mjloggm ver="2.3"><GO type="225" lobby="0"/><UN n0="%E5%A4%9C%E3%81%AE%E3%82%AC%E3%82%B9%E3%83%91%E3%83%BC%E3%83%AB" n1="%E6%A0%B9%E5%85%83%E3%81%8B%E3%82%89%E5%90%B9%E3%81%A3%E9%A3%9B%E3%81%B6" n2="%E3%81%B5%E3%81%98%E3%81%8B%E3%81%A4" n3="%E3%81%BF%E3%81%BF%E3%81%9A" dan="16,17,16,17" rate="2135.79,2194.94,2146.79,2269.66" sx="M,F,M,M"/><TAIKYOKU oya="0"/><INIT seed="0,0,0,1,5,40" ten="250,250,250,250" oya="0" hai0="46,78,90,108,126,128,38,6,105,13,64,66,59" hai1="55,96,89,2,28,103,118,48,10,19,77,92,37" hai2="43,127,119,11,20,100,116,115,123,135,121,7,85" hai3="114,61,21,8,33,84,30,117,4,82,111,99,72"/><T56/><D105/><U65/><E118/><N who="2" m="45099" /><F100/><W34/><G117/><T88/><D126/><U31/><E37/><V129/><F85/><W104/><G72/><T95/><D128/><U47/><E77/><V133/><F43/><W109/><G114/><T124/><D124/><U91/><E65/><V17/><F127/><W44/><G61/><T106/><D106/><U120/><E120/><N who="2" m="46155" /><F129/><W110/><G104/><T98/><D78/><U130/><E130/><V58/><F58/><W51/><G99/><T76/><D76/><U60/><E60/><V101/><F101/><W42/><G21/><T16/><D6/><U69/><E69/><V27/><F115/><W81/><G30/><N who="1" m="11306" /><E2/><AGARI ba="0,0" hai="2,7,11,17,20,27,133,135" m="46155,45099" machi="2" ten="30,3900,0" yaku="12,1,34,2" doraHai="40" who="2" fromWho="1" sc="250,0,250,-39,250,39,250,0" /><INIT seed="1,0,0,3,5,112" ten="250,211,289,250" oya="1" hai0="1,56,28,40,123,4,135,119,107,8,41,24,67" hai1="114,88,18,113,6,29,7,134,72,94,14,75,101" hai2="52,45,33,69,58,13,130,91,102,44,118,132,35" hai3="106,70,111,3,78,61,124,17,54,117,79,64,89"/><U99/><E134/><V76/><F132/><W133/><G133/><T85/><D135/><U127/><E127/><V126/><F118/><W74/><G124/><T68/><D107/><U60/><E29/><V15/><F126/><W20/><G106/><T103/><D68/><U38/><E38/><V10/><F130/><W129/><G3/><T65/><D103/><U97/><E60/><V19/><F69/><W37/><G37/><T115/><D115/><U30/><E30/><V71/><F71/><W104/><G104/><T5/><D123/><U81/><E114/><V57/><F102/><W62/><G74/><T46/><D119/><U42/><E113/><V84/><F76/><W82/><G117/><T105/><D105/><U131/><E131/><V95/><F33/><W36/><G36/><T34/><D5/><U2/><E42/><V120/><F35/><W16/><G129/><T86/><D41/><U92/><E2/><V9/><F58/><N who="3" m="35031" /><G111/><T39/><D56/><U121/><E121/><V27/><F27/><N who="3" m="14727" /><G17/><T21/><D34/><U122/><E122/><V109/><F109/><W23/><G23/><T128/><D128/><U22/><REACH who="1" step="1"/><E75/><REACH who="1" ten="250,201,289,250" step="2"/><V51/><F120/><W96/><G62/><T31/><D31/><U59/><E59/><V125/><F125/><W49/><G49/><T93/><D28/><U73/><E73/><V0/><F0/><W48/><G48/><T47/><D39/><U25/><E25/><V110/><F110/><W77/><G70/><T50/><D40/><U116/><E116/><V83/><F95/><N who="3" m="56431" /><G64/><T12/><D1/><U43/><E43/><RYUUKYOKU ba="0,1" sc="250,-30,201,10,289,10,250,10" hai1="6,7,14,18,22,72,81,88,92,94,97,99,101" hai2="9,10,13,15,19,44,45,51,52,57,83,84,91" hai3="77,78,79,82" /><INIT seed="1,1,1,2,4,41" ten="220,211,299,260" oya="1" hai0="59,19,16,74,104,100,134,17,132,90,53,60,64" hai1="27,125,48,101,65,89,30,63,129,94,97,121,135" hai2="9,47,55,106,5,112,128,119,96,62,46,34,84" hai3="1,99,35,26,81,85,71,116,38,18,52,11,124"/><U86/><E125/><V127/><F119/><W58/><G71/><T37/><D74/><U51/><E129/><V2/><F112/><W115/><G115/><T43/><D100/><U61/><E135/><N who="0" m="51753" /><D104/><U0/><E0/><V72/><F127/><W21/><G124/><T87/><D43/><U40/><E121/><V114/><F128/><W42/><G116/><T33/><D37/><U31/><E40/><V77/><F114/><W122/><G122/><T70/><D33/><U7/><E7/><V25/><F72/><W67/><G67/><T36/><D36/><U28/><E27/><V22/><F34/><W66/><G66/><T91/><D87/><U113/><E113/><V6/><F106/><W105/><G35/><T78/><D78/><U49/><REACH who="1" step="1"/><E65/><REACH who="1" ten="220,201,299,260" step="2"/><V4/><F2/><W93/><G42/><T107/><D107/><AGARI ba="1,2" hai="28,30,31,48,49,51,61,63,86,89,94,97,101,107" machi="107" ten="40,3900,0" yaku="1,1,2,1,53,0" doraHai="41" doraHaiUra="32" who="1" fromWho="0" sc="220,-42,201,62,299,0,260,0" /><INIT seed="1,2,0,1,1,63" ten="178,263,299,260" oya="1" hai0="115,91,64,15,2,89,111,110,68,122,120,8,109" hai1="20,78,66,130,129,25,0,134,104,40,119,14,28" hai2="48,127,74,56,59,12,75,47,88,87,54,90,131" hai3="24,100,4,125,113,55,51,98,70,133,112,126,71"/><U85/><E119/><V108/><F108/><W62/><G4/><T92/><D2/><U13/><E104/><V49/><F127/><N who="3" m="48651" /><G24/><T69/><D115/><N who="3" m="44105" /><G62/><N who="0" m="39959" /><D69/><U11/><E40/><V23/><F131/><N who="1" m="50185" /><E134/><V124/><F124/><W34/><G34/><T17/><D92/><U105/><E105/><V41/><F59/><N who="3" m="33279" /><G133/><T73/><D73/><U30/><E30/><V29/><F90/><AGARI ba="2,0" hai="8,15,17,89,90,91,109,110,111,120,122" m="39959" machi="90" ten="40,2600,0" yaku="14,1,52,1" doraHai="63" who="0" fromWho="2" sc="178,32,263,0,299,-32,260,0" /><INIT seed="2,0,0,3,4,67" ten="210,263,267,260" oya="2" hai0="47,91,79,45,82,108,60,65,71,22,96,29,126" hai1="68,130,9,8,112,26,73,23,0,55,43,122,103" hai2="105,94,72,7,28,115,53,4,10,119,133,12,80" hai3="20,25,32,134,120,24,113,92,128,84,109,33,90"/><V39/><F119/><W135/><G120/><T42/><D108/><U111/><E111/><V75/><F115/><W30/><G109/><T21/><D126/><U132/><E112/><V18/><F105/><W129/><G113/><T101/><D91/><U36/><E73/><V6/><F39/><W85/><G85/><T48/><D47/><U127/><E127/><V131/><F133/><N who="3" m="50699" /><G25/><T11/><D11/><U27/><E130/><AGARI ba="0,0" hai="20,24,30,32,33,84,90,92,128,129,130" m="50699" machi="130" ten="30,2000,0" yaku="19,1,20,1" doraHai="67" who="3" fromWho="1" sc="210,0,263,-20,267,0,260,20" /><INIT seed="3,0,0,0,3,44" ten="210,243,267,280" oya="3" hai0="116,23,122,19,97,75,105,98,79,59,58,107,40" hai1="27,66,126,130,76,115,71,119,1,88,24,54,17" hai2="67,33,73,0,3,37,128,63,47,60,93,95,55" hai3="49,94,101,35,135,114,64,127,36,131,80,61,16"/><W110/><G114/><T57/><D116/><U106/><E115/><V43/><F73/><W123/><G36/><T134/><D122/><U103/><E1/><V65/><F33/><W129/><G123/><T104/><D134/><U7/><E7/><V62/><F128/><N who="3" m="49227" /><G127/><T117/><D117/><U125/><E119/><V111/><F111/><W12/><G35/><T81/><REACH who="0" step="1"/><D40/><REACH who="0" ten="200,243,267,280" step="2"/><U69/><E126/><V4/><F43/><W18/><G135/><T56/><N who="0" m="14336" /><DORA hai="52" /><T22/><D22/><U92/><E125/><V96/><F67/><W15/><G64/><T14/><AGARI ba="0,1" hai="14,19,23,75,79,81,97,98,104,105,107" m="14336" machi="14" ten="50,12000,2" yaku="1,1,0,1,52,4,53,1" doraHai="44,52" doraHaiUra="13,39" who="0" fromWho="0" sc="200,130,243,-30,267,-30,280,-60" owari="330,43.0,213,-28.7,237,3.7,220,-18.0" /></mjloggm>