<mjloggm ver="2.3"><GO type="225" lobby="0"/><UN n0="%E3%81%BF%E3%81%BF%E3%81%9A" n1="%E7%89%B9%E6%9D%B1%E3%81%AF%E4%B8%96%E7%95%8C%E3%82%92%E6%95%91%E3%81%86" n2="%E3%83%81%E3%83%AF%E3%83%AF%E9%9A%8A%E9%95%B7" n3="%E3%81%99%E3%81%84%E3%81%BE%E3%81%9B%E3%83%BC%E3%82%93" dan="18,16,17,18" rate="2258.01,2166.38,2176.55,2268.93" sx="M,M,M,M"/><TAIKYOKU oya="0"/><INIT seed="0,0,0,3,1,18" ten="250,250,250,250" oya="0" hai0="79,75,62,4,61,35,134,63,105,22,41,85,3" hai1="55,50,82,68,98,65,44,132,32,71,72,73,124" hai2="0,57,24,119,19,78,135,89,27,77,66,8,2" hai3="112,40,100,84,94,117,30,38,86,122,16,106,33"/><T31/><D134/><U21/><E32/><V87/><F135/><W64/><G112/><T9/><D105/><U114/><E132/><V25/><F119/><W99/><G117/><T48/><D75/><U111/><E114/><V91/><F0/><W108/><G108/><T29/><D35/><U15/><E111/><V12/><F2/><W92/><G64/><T53/><D41/><U70/><E124/><V20/><F91/><W97/><G30/><T88/><D79/><N who="2" m="30218" /><F66/><W13/><G33/><T46/><REACH who="0" step="1"/><D22/><REACH who="0" ten="240,250,250,250" step="2"/><U109/><E109/><V45/><F20/><W43/><G106/><T90/><D90/><U11/><E21/><V123/><F89/><W81/><G43/><T28/><D28/><U102/><E73/><V101/><F123/><W6/><G122/><T76/><D76/><U7/><E72/><V5/><F101/><W39/><G40/><T121/><D121/><U1/><E102/><V52/><F24/><W96/><G100/><T56/><D56/><U107/><E107/><V54/><F25/><W51/><G99/><T17/><D17/><U23/><E98/><V80/><F27/><W103/><G103/><T95/><AGARI ba="0,1" hai="3,4,9,29,31,46,48,53,61,62,63,85,88,95" machi="95" ten="30,6000,0" yaku="1,1,0,1,54,1,53,0" doraHai="18" doraHaiUra="74" who="0" fromWho="0" sc="240,70,250,-20,250,-20,250,-20" /><INIT seed="0,1,0,5,2,91" ten="310,230,230,230" oya="0" hai0="0,24,11,62,48,135,116,17,80,53,99,119,29" hai1="15,107,10,33,26,60,89,106,58,67,8,45,127" hai2="1,61,4,44,32,2,87,22,42,96,123,16,41" hai3="97,102,27,43,40,85,49,105,112,111,118,13,23"/><T50/><D135/><U46/><E127/><V109/><F123/><W25/><G112/><T81/><D62/><U84/><E10/><V5/><F32/><W73/><G73/><T63/><D63/><U36/><E33/><V98/><F109/><W56/><G118/><T93/><D48/><U126/><E26/><V122/><F122/><W104/><G104/><T114/><D114/><U90/><E90/><V34/><F34/><W38/><G38/><T7/><D17/><U31/><E31/><V54/><F87/><W79/><G111/><T47/><D116/><U75/><E75/><V128/><F128/><W129/><G129/><T117/><D119/><U103/><E126/><V113/><F113/><W21/><G13/><T100/><REACH who="0" step="1"/><D117/><REACH who="0" ten="300,230,230,230" step="2"/><U65/><E65/><V94/><F61/><W59/><G49/><T64/><D64/><U18/><E36/><V20/><F16/><W95/><G43/><T133/><D133/><U110/><E110/><V69/><F41/><W51/><G40/><T70/><D70/><U6/><E18/><V108/><F69/><W134/><G134/><T83/><D83/><U35/><E67/><V71/><F71/><W78/><G51/><T125/><D125/><U30/><E60/><V74/><F108/><W57/><G25/><T120/><D120/><U52/><E45/><V19/><F44/><W66/><G66/><T77/><D77/><N who="3" m="29193" /><G27/><T92/><D92/><N who="1" m="54311" /><E46/><V37/><F37/><W3/><G57/><T72/><D72/><U115/><E115/><V12/><F74/><W14/><G56/><T55/><D55/><U86/><E52/><RYUUKYOKU ba="1,1" sc="300,30,230,-10,230,-10,230,-10" hai0="0,7,11,24,29,47,50,53,80,81,93,99,100" /><INIT seed="0,2,1,4,3,55" ten="330,220,220,220" oya="0" hai0="74,94,38,75,103,116,100,105,30,93,65,18,59" hai1="86,29,122,85,90,49,14,109,112,83,125,101,111" hai2="107,6,42,72,89,22,44,60,108,92,82,61,63" hai3="117,39,66,134,33,80,13,81,77,78,87,43,9"/><T104/><D116/><U70/><E122/><V11/><F107/><W12/><G117/><T15/><D38/><U76/><E125/><V91/><F108/><N who="1" m="41545" /><E70/><V135/><F135/><W71/><G33/><T46/><D30/><U99/><E29/><V24/><F92/><W133/><G43/><T32/><D32/><U128/><E14/><V41/><F41/><W62/><G39/><T68/><D68/><U36/><E49/><V34/><F34/><W20/><G20/><T126/><D46/><U51/><E51/><N who="2" m="27031" /><F72/><W37/><G37/><T2/><D2/><U5/><E36/><V4/><F82/><W110/><G110/><T115/><D15/><U0/><E0/><V48/><F48/><W35/><G35/><T114/><D18/><U52/><E112/><V64/><F64/><W40/><G40/><T121/><D65/><U124/><E124/><V130/><F130/><W31/><G31/><T45/><D45/><U67/><E67/><V73/><F73/><W88/><G13/><T118/><D126/><U120/><E120/><V10/><F10/><W127/><G127/><T27/><D118/><U106/><E128/><V17/><F11/><W79/><REACH who="3" step="1"/><G81/><REACH who="3" ten="330,220,220,210" step="2"/><T113/><D113/><U54/><E5/><AGARI ba="2,2" hai="4,5,6,17,22,24,60,61,63,89,91" m="27031" machi="5" ten="30,1000,0" yaku="8,1" doraHai="55" who="2" fromWho="1" sc="330,0,220,-16,220,36,210,0" /><AGARI ba="2,0" hai="5,9,12,62,66,71,77,78,79,80,87,88,133,134" machi="5" ten="40,5200,0" yaku="1,1,2,1,54,1,53,0" doraHai="55" doraHaiUra="21" who="3" fromWho="1" sc="330,0,204,-52,256,0,210,52" /><INIT seed="1,0,0,3,2,66" ten="330,152,256,262" oya="1" hai0="49,103,93,128,132,80,83,69,121,62,75,16,23" hai1="50,102,17,1,85,82,48,104,32,36,38,43,46" hai2="77,31,115,26,29,117,73,129,107,45,101,58,114" hai3="113,56,108,90,106,95,134,120,11,81,30,76,96"/><U3/><E32/><V91/><F117/><W27/><G120/><T119/><D119/><U71/><E71/><V130/><F31/><W9/><G113/><N who="2" m="43017" /><F45/><W10/><G108/><T18/><D121/><U64/><E64/><V13/><F13/><W39/><G39/><T123/><D128/><U40/><E17/><V99/><F91/><W118/><G118/><T53/><D132/><U135/><E135/><V88/><F58/><W24/><G106/><T0/><D0/><U79/><E102/><V111/><F111/><W42/><G134/><T89/><D103/><U63/><E104/><V47/><F47/><W112/><G112/><T15/><D75/><U98/><E98/><N who="2" m="61879" /><F77/><W87/><G30/><T55/><D123/><U124/><E63/><V116/><F73/><W2/><G2/><T92/><D92/><U44/><REACH who="1" step="1"/><E124/><REACH who="1" ten="330,142,256,262" step="2"/><V41/><F116/><W127/><G127/><T60/><D69/><U68/><E68/><V78/><F99/><W126/><G126/><T4/><D62/><U21/><E21/><V97/><F97/><W5/><G96/><N who="0" m="57391" /><D18/><U86/><E86/><V100/><F130/><W12/><G87/><T52/><D60/><U20/><E20/><V25/><F129/><W37/><G11/><N who="0" m="4583" /><D49/><AGARI ba="0,1" hai="1,3,36,38,40,43,44,46,48,49,50,79,82,85" machi="49" ten="40,3900,0" yaku="1,1,9,1,53,0" doraHai="66" doraHaiUra="51" who="1" fromWho="0" sc="330,-39,142,49,256,0,262,0" /><INIT seed="1,1,0,1,2,20" ten="291,191,256,262" oya="1" hai0="105,119,68,90,79,84,45,56,29,93,33,103,114" hai1="52,107,110,14,35,8,94,1,54,19,128,24,104" hai2="25,11,6,92,133,4,108,115,129,124,132,34,123" hai3="42,30,28,116,120,41,43,72,23,60,91,10,77"/><U39/><E128/><V102/><F92/><W36/><G120/><T5/><D68/><U113/><E113/><V3/><F102/><W38/><G116/><T46/><D114/><U61/><E39/><V126/><F115/><W51/><G38/><T109/><D119/><U74/><E74/><V66/><F66/><W85/><G36/><T55/><D109/><U62/><E1/><N who="2" m="399" /><F123/><W9/><G60/><N who="1" m="23146" /><E107/><V73/><F73/><W32/><G32/><T118/><D118/><U111/><E104/><V71/><F71/><W13/><G77/><T76/><D5/><U87/><E94/><V135/><F108/><N who="1" m="41513" /><E87/><V37/><F37/><W122/><G122/><T75/><D105/><U44/><E44/><V98/><F129/><W130/><G72/><T26/><D103/><U134/><E134/><V89/><F98/><W121/><G130/><T47/><REACH who="0" step="1"/><D75/><REACH who="0" ten="281,191,256,262" step="2"/><U0/><E0/><V27/><F3/><W127/><G121/><T95/><D95/><U101/><E101/><V2/><F2/><W97/><G97/><T131/><D131/><U50/><E50/><AGARI ba="1,1" hai="26,29,33,45,46,47,50,55,56,76,79,84,90,93" machi="50" ten="40,5200,0" yaku="1,1,52,1,53,1" doraHai="20" doraHaiUra="53" who="0" fromWho="1" sc="281,65,191,-55,256,0,262,0" /><INIT seed="2,0,0,1,5,133" ten="346,136,256,262" oya="2" hai0="2,81,61,14,124,119,78,123,56,116,41,9,94" hai1="24,63,118,103,45,27,110,65,30,67,115,80,131" hai2="100,85,82,120,113,39,122,5,121,69,130,64,77" hai3="18,4,20,129,75,135,1,99,12,16,98,97,26"/><V92/><F113/><W112/><G135/><T102/><D124/><U37/><E110/><V43/><F130/><W23/><G129/><T125/><D125/><U33/><E131/><V96/><F5/><W126/><G112/><T76/><D123/><U40/><E115/><V31/><F31/><W6/><G126/><T10/><D41/><U71/><E118/><N who="0" m="45097" /><D2/><U83/><E67/><V105/><F105/><W55/><G75/><N who="0" m="43167" /><D78/><U34/><E34/><V88/><F77/><W90/><G1/><T134/><D134/><U3/><E27/><V44/><REACH who="2" step="1"/><F64/><REACH who="2" ten="346,136,246,262" step="2"/><W15/><G4/><T25/><D25/><U106/><REACH who="1" step="1"/><E3/><REACH who="1" ten="346,126,246,262" step="2"/><V46/><F46/><W17/><G26/><T79/><D14/><U58/><E58/><V57/><F57/><W36/><G15/><T89/><D56/><U74/><E74/><V114/><F114/><W28/><G12/><T11/><D79/><U73/><E73/><V107/><F107/><W8/><G28/><T7/><D7/><U0/><E0/><V93/><F93/><W50/><G6/><T87/><D94/><U127/><E127/><V19/><F19/><W48/><G18/><T91/><D9/><U84/><E84/><V51/><F51/><W109/><G8/><T117/><D10/><U13/><E13/><V60/><F60/><W32/><G17/><T108/><D11/><U111/><E111/><V53/><F53/><W101/><G109/><T49/><D108/><U22/><E22/><V128/><F128/><W35/><G23/><T132/><D61/><U86/><E86/><V52/><F52/><W68/><G55/><RYUUKYOKU ba="0,2" sc="346,-15,126,15,246,15,262,-15" hai1="24,30,33,37,40,45,63,65,71,80,83,103,106" hai2="39,43,44,69,82,85,88,92,96,100,120,121,122" /><INIT seed="2,1,2,0,5,112" ten="331,141,261,247" oya="2" hai0="109,34,36,126,127,13,58,86,114,92,105,52,4" hai1="10,48,16,62,41,121,101,24,98,14,134,33,116" hai2="88,85,35,70,103,53,37,11,29,133,19,67,122" hai3="0,93,80,32,39,3,55,76,87,45,123,49,115"/><V104/><F122/><W28/><G123/><T40/><D114/><U66/><E134/><V1/><F37/><W5/><G115/><T56/><D105/><U128/><E128/><V131/><F131/><W65/><G5/><T59/><D34/><U95/><E121/><V9/><F133/><W106/><G106/><T6/><D109/><U100/><E41/><V12/><F53/><W89/><G39/><T68/><D68/><U113/><E48/><V2/><F9/><W117/><G117/><T20/><D36/><U75/><E75/><V64/><F64/><W78/><G78/><T72/><D72/><U21/><E33/><V27/><F67/><W8/><G8/><T44/><D40/><U7/><E113/><V42/><F70/><W47/><G47/><T61/><D20/><U102/><REACH who="1" step="1"/><E116/><REACH who="1" ten="331,131,261,247" step="2"/><V17/><F42/><W54/><G49/><N who="0" m="28711" /><D127/><U108/><E108/><V111/><F111/><W43/><G43/><T22/><D126/><U84/><E84/><V132/><F132/><W81/><G87/><T18/><D61/><U90/><E90/><AGARI ba="1,3" hai="4,6,13,18,22,56,58,59,86,90,92" m="28711" machi="90" ten="30,2000,0" yaku="8,1,54,1" doraHai="112" who="0" fromWho="1" sc="331,53,131,-23,261,0,247,0" /><INIT seed="3,0,0,1,2,89" ten="384,108,261,247" oya="3" hai0="15,62,115,0,34,42,66,64,99,122,70,82,117" hai1="111,21,86,134,93,121,87,33,77,128,48,12,63" hai2="109,3,94,97,35,72,19,45,129,23,106,116,103" hai3="36,119,29,112,108,40,123,32,55,130,110,11,31"/><W54/><G112/><T83/><D0/><U76/><E121/><V10/><F116/><W4/><G119/><T92/><D34/><U124/><E33/><V28/><F72/><W96/><G123/><T90/><D117/><U46/><E111/><N who="3" m="42538" /><G40/><T24/><D122/><U133/><E128/><V135/><F109/><W5/><G36/><T81/><D24/><U30/><E124/><V27/><F129/><W100/><G130/><T26/><D26/><U8/><E63/><V113/><F113/><W22/><G22/><T74/><D115/><U75/><E75/><V9/><F135/><W50/><G55/><T126/><D126/><U78/><E133/><V17/><F23/><W18/><G18/><T104/><D42/><U2/><E2/><V61/><F35/><W16/><G16/><T37/><D37/><U43/><E134/><V80/><F19/><W105/><G32/><T14/><D66/><U85/><E21/><V95/><F17/><W53/><G53/><T91/><D74/><U1/><E1/><V7/><F3/><N who="3" m="415" /><G5/><T79/><D14/><U59/><E30/><V51/><F28/><W60/><G60/><T44/><D15/><U68/><E12/><V67/><F7/><W56/><AGARI ba="0,0" hai="29,31,50,54,56,96,100,105" m="415,42538" machi="56" ten="30,3000,0" yaku="14,1,10,1" doraHai="89" who="3" fromWho="3" sc="384,-10,108,-10,261,-10,247,30" /><INIT seed="3,1,0,0,5,54" ten="374,98,251,277" oya="3" hai0="73,53,64,57,110,9,35,103,93,7,71,14,36" hai1="62,30,67,97,135,68,4,37,134,121,133,3,58" hai2="55,83,49,94,52,79,56,23,74,17,82,69,42" hai3="100,120,89,81,38,63,34,114,40,21,131,112,130"/><W101/><G120/><T66/><D73/><U88/><E121/><V10/><F69/><W99/><G34/><T15/><D35/><U80/><E37/><V126/><F126/><W78/><G40/><T70/><D36/><U113/><E113/><V124/><F124/><W8/><G8/><N who="0" m="4383" /><D70/><U31/><E4/><V47/><F10/><W61/><G21/><T48/><D71/><U104/><E3/><V65/><F82/><W19/><G19/><N who="0" m="8687" /><D110/><U76/><E104/><V24/><REACH who="2" step="1"/><F94/><REACH who="2" ten="374,98,241,277" step="2"/><W50/><G81/><T86/><D86/><U0/><E0/><V72/><F72/><W39/><G114/><T60/><D93/><U6/><E6/><V129/><F129/><W115/><G115/><T5/><D5/><U122/><E122/><V18/><F18/><W20/><G112/><T95/><D95/><N who="1" m="56551" /><E80/><V45/><F45/><W22/><G131/><T12/><D103/><U108/><E76/><V118/><F118/><W127/><G127/><T128/><D128/><U29/><E108/><V116/><F116/><W27/><G130/><T92/><D92/><U33/><E33/><V90/><F90/><W26/><G89/><T85/><D85/><U25/><E25/><V2/><F2/><W111/><G111/><T107/><D12/><U77/><E77/><V28/><F28/><N who="1" m="7169" /><U51/><DORA hai="117" /><E51/><V96/><F96/><W46/><G50/><T32/><D32/><U16/><E16/><V105/><F105/><W41/><G99/><T132/><D107/><U125/><E125/><V44/><F44/><W109/><G109/><T43/><D48/><U98/><E68/><RYUUKYOKU ba="1,1" sc="374,-15,98,15,241,15,277,-15" hai1="58,62,67,98,133,134,135" hai2="17,23,24,42,47,49,52,55,56,65,74,79,83" owari="369,46.9,113,-38.7,256,-14.4,262,6.2" /></mjloggm>