<mjloggm ver="2.3"><GO type="225" lobby="0"/><UN n0="%67%61%79%75%6E%79" n1="%E3%81%9F%E3%81%A3%E3%81%A1%E3%82%87" n2="%E5%AE%AE%E4%BF%9D%E9%B6%8F%E8%82%89" n3="%E3%83%A1%E3%82%AC%E3%83%87%E3%82%B8" dan="16,16,16,16" rate="2116.48,2061.43,2149.80,2105.29" sx="M,M,M,F"/><TAIKYOKU oya="0"/><INIT seed="0,0,0,2,3,114" ten="250,250,250,250" oya="0" hai0="31,87,39,101,56,63,88,92,78,67,1,53,122" hai1="93,24,58,33,130,72,16,62,57,119,117,13,132" hai2="96,104,64,34,90,55,102,84,123,97,99,82,18" hai3="106,48,133,32,6,95,108,103,111,15,51,94,22"/><T85/><D39/><U14/><E72/><V116/><F34/><W113/><G32/><T83/><D1/><U100/><E57/><V105/><F64/><W47/><G113/><T43/><D43/><U17/><E132/><V28/><F28/><W115/><G115/><T37/><D37/><U10/><E130/><V5/><F5/><W112/><G51/><T120/><D101/><U118/><E100/><N who="2" m="62471" /><F18/><N who="3" m="10591" /><G6/><T38/><D38/><U79/><E79/><N who="2" m="46175" /><F55/><W40/><G133/><T54/><REACH who="0" step="1"/><D31/><REACH who="0" ten="240,250,250,250" step="2"/><U45/><E117/><V9/><F123/><AGARI ba="0,1" hai="53,54,56,63,67,78,83,85,87,88,92,120,122,123" machi="123" ten="40,7700,0" yaku="1,1,2,1,54,1,53,0" doraHai="114" doraHaiUra="26" who="0" fromWho="2" sc="240,87,250,0,250,-77,250,0" /><INIT seed="0,1,0,3,4,103" ten="327,250,173,250" oya="0" hai0="88,120,117,27,57,62,70,47,39,132,16,51,13" hai1="15,108,112,9,52,119,6,90,1,79,66,126,113" hai2="124,44,105,91,59,35,22,104,14,58,123,69,71" hai3="56,19,8,0,95,46,36,43,20,77,67,92,82"/><T80/><D120/><U65/><E108/><V11/><F123/><W110/><G110/><T32/><D117/><U60/><E119/><V115/><F115/><N who="1" m="44105" /><E79/><V135/><F35/><W17/><G67/><T12/><D132/><U111/><E111/><V33/><F33/><W98/><G56/><T30/><D39/><U125/><E90/><V118/><F118/><W4/><G98/><T96/><D70/><U134/><E134/><V116/><F116/><W40/><G40/><T94/><D80/><U83/><E83/><V129/><F135/><W2/><G2/><T74/><D74/><U24/><E24/><V87/><F129/><W100/><G100/><T31/><D31/><U29/><E29/><V84/><F124/><N who="1" m="47721" /><E1/><V42/><F22/><W23/><G20/><T48/><D13/><U3/><E3/><V93/><F71/><W55/><G55/><T85/><D85/><U99/><E99/><V127/><F69/><W21/><G19/><T131/><D131/><U114/><N who="1" m="44113" /><U72/><DORA hai="109" /><E72/><V86/><F127/><W18/><G17/><T41/><D12/><U81/><E81/><V63/><F86/><W38/><G23/><T128/><D128/><U121/><E121/><V50/><F87/><W45/><G82/><T7/><D16/><U54/><E66/><V107/><REACH who="2" step="1"/><F63/><REACH who="2" ten="327,250,163,250" step="2"/><W101/><G21/><T64/><D62/><U89/><E89/><V102/><F102/><W26/><G101/><T122/><D88/><U25/><E25/><V68/><F68/><AGARI ba="1,1" hai="6,9,15,52,54,60,65,68" m="47721,44113" machi="68" ten="40,12000,2" yaku="11,1,18,1,52,4,54,1" doraHai="103,109" who="1" fromWho="2" sc="327,0,250,133,163,-123,250,0" /><INIT seed="1,0,0,4,0,3" ten="327,383,40,250" oya="1" hai0="95,126,19,46,6,54,0,5,25,59,1,55,56" hai1="128,44,99,53,41,82,135,96,79,65,35,4,39" hai2="16,28,91,15,10,129,7,88,12,63,134,78,13" hai3="21,73,72,9,27,49,90,106,17,115,69,131,113"/><U48/><E128/><V47/><F129/><W86/><G131/><T117/><D117/><U45/><E35/><V11/><F134/><W100/><G69/><T103/><D126/><U119/><E119/><V93/><F78/><W60/><G60/><T67/><D46/><U33/><E33/><V34/><F47/><W22/><G49/><T132/><D67/><U122/><E122/><V101/><F63/><W125/><G125/><T111/><D111/><U109/><E135/><V40/><F40/><W70/><G70/><T42/><D42/><U64/><E109/><V76/><F76/><W23/><G73/><T24/><D132/><U83/><E83/><V52/><F52/><N who="0" m="20010" /><D0/><U123/><E123/><V94/><F13/><W38/><G72/><T58/><D1/><U68/><E64/><V8/><F11/><W50/><G50/><T32/><D32/><U108/><E108/><V37/><F37/><W80/><G38/><T61/><D61/><U110/><E110/><V62/><F62/><W124/><G124/><T14/><D25/><U20/><E65/><V30/><F101/><W66/><G66/><T74/><D24/><U71/><E71/><V57/><F57/><W118/><G118/><T43/><D43/><U130/><E130/><V112/><F112/><W120/><G27/><T116/><D74/><U107/><E68/><V26/><REACH who="2" step="1"/><F30/><REACH who="2" ten="327,383,30,250" step="2"/><W77/><G120/><T75/><D116/><U89/><E39/><V104/><F104/><W102/><G77/><T18/><D75/><U31/><E107/><V92/><AGARI ba="0,1" hai="7,8,10,12,15,16,26,28,34,88,91,92,93,94" machi="92" ten="30,12000,2" yaku="1,1,0,1,52,1,54,2,53,1" doraHai="3" doraHaiUra="29" who="2" fromWho="2" sc="327,-30,383,-60,30,130,250,-30" /><INIT seed="2,0,0,3,2,38" ten="297,323,160,220" oya="2" hai0="77,83,85,131,13,84,47,115,29,33,80,50,104" hai1="75,59,15,11,46,114,61,51,23,16,53,109,43" hai2="90,72,71,118,128,22,92,35,122,36,88,9,111" hai3="126,102,26,18,70,5,30,121,34,67,19,66,132"/><V100/><F118/><W65/><G121/><T21/><D104/><U64/><E75/><V63/><F122/><W52/><G132/><T117/><D117/><U79/><E109/><V0/><F35/><W124/><G70/><T82/><D131/><U57/><E114/><V86/><F72/><W89/><G102/><T97/><D115/><U116/><E79/><V119/><F119/><W108/><G108/><T7/><D33/><U73/><E73/><V62/><F128/><W28/><G28/><T10/><D97/><U93/><E93/><V123/><F123/><W20/><G5/><T127/><D85/><U2/><E116/><V40/><F111/><W91/><G18/><T130/><D127/><N who="3" m="48681" /><G52/><N who="0" m="29791" /><D130/><U99/><E99/><V60/><F71/><W14/><AGARI ba="0,0" hai="14,19,20,26,30,34,65,66,67,89,91" m="48681" machi="14" ten="30,1100,0" yaku="18,1" doraHai="38" who="3" fromWho="3" sc="297,-3,323,-3,160,-5,220,11" /><INIT seed="3,0,0,4,5,60" ten="294,320,155,231" oya="3" hai0="127,99,131,53,67,13,63,129,101,96,41,117,12" hai1="74,16,2,30,112,73,75,17,118,92,78,133,24" hai2="98,1,113,31,110,59,58,66,32,120,87,21,15" hai3="114,48,0,64,82,69,10,134,5,93,116,49,72"/><W83/><G114/><T56/><D117/><U122/><E122/><V38/><F113/><W107/><G107/><T45/><D127/><U91/><E112/><V100/><F120/><W20/><G116/><T28/><D28/><U8/><E118/><V86/><F110/><W25/><G134/><T105/><D99/><U35/><E78/><V106/><F38/><W36/><G36/><T50/><REACH who="0" step="1"/><D41/><REACH who="0" ten="284,320,155,231" step="2"/><U22/><E133/><V29/><F1/><W19/><G0/><T6/><D6/><U43/><E43/><V54/><F59/><W61/><G5/><T103/><D103/><U40/><E40/><V76/><F54/><W88/><G72/><T3/><D3/><U27/><E73/><V128/><F128/><AGARI ba="0,1" hai="12,13,45,50,53,56,63,67,96,101,105,128,129,131" machi="128" ten="40,5200,0" yaku="1,1,19,1,52,1,53,0" doraHai="60" doraHaiUra="130" who="0" fromWho="2" sc="284,62,320,0,155,-52,231,0" owari="346,44.6,320,12.0,103,-39.7,231,-16.9" /></mjloggm>