<mjloggm ver="2.3"><GO type="225" lobby="0"/><UN n0="%E7%AD%89%E3%80%85%E5%8A%9B%E5%8A%87%E5%A0%B4" n1="%6D%75%75%6D%75%72%61" n2="%E3%81%AF%E3%82%88%E3%81%8A%E3%81%98%E3%81%95%E3%82%93" n3="%E7%B4%94%E6%BD%94%E3%83%94%E3%83%A9%E3%83%8B%E3%82%A2" dan="16,16,17,18" rate="2141.98,2115.41,2215.15,2288.49" sx="M,F,M,M"/><TAIKYOKU oya="0"/><INIT seed="0,0,0,1,3,3" ten="250,250,250,250" oya="0" hai0="28,94,51,122,35,66,41,57,95,32,92,20,86" hai1="62,58,108,105,17,132,79,78,129,97,27,56,18" hai2="112,101,33,114,124,55,127,80,67,76,4,68,0" hai3="104,77,125,36,64,54,21,81,89,6,60,31,22"/><T10/><D122/><U38/><E108/><V88/><F33/><W50/><G36/><T75/><D75/><U52/><E129/><V113/><F101/><W102/><G89/><T23/><D35/><U44/><E132/><V61/><F55/><W15/><G102/><T119/><D119/><U74/><E74/><N who="2" m="43031" /><F88/><W99/><G99/><T25/><D86/><U65/><E105/><V47/><F47/><W19/><G104/><T90/><D90/><U59/><E97/><V49/><F49/><W72/><G125/><N who="2" m="48201" /><F0/><W93/><G93/><T100/><D100/><U5/><E38/><V7/><AGARI ba="0,0" hai="4,7,61,67,68,112,113,114" m="48201,43031" machi="7" ten="40,5200,0" yaku="18,1,52,2" doraHai="3" who="2" fromWho="2" sc="250,-26,250,-13,250,52,250,-13" /><INIT seed="1,0,0,3,5,41" ten="224,237,302,237" oya="1" hai0="47,87,8,133,86,107,69,76,40,58,98,15,50" hai1="6,5,119,42,61,74,45,73,75,7,64,62,84" hai2="121,103,96,111,127,37,43,120,117,97,95,49,108" hai3="123,65,126,67,1,102,59,39,20,30,18,99,130"/><U36/><E119/><V12/><F117/><W114/><G114/><T88/><D69/><U34/><E34/><V38/><F127/><W129/><G126/><T23/><D133/><U13/><E13/><V131/><F131/><N who="3" m="50187" /><G1/><T54/><D76/><U91/><REACH who="1" step="1"/><E64/><REACH who="1" ten="224,227,302,237" step="2"/><V128/><F128/><W22/><G67/><T80/><D23/><U21/><E21/><V60/><F12/><N who="3" m="9287" /><G22/><T52/><D15/><U14/><E14/><V81/><F120/><W85/><G123/><T132/><D8/><U109/><E109/><V83/><F121/><W115/><G115/><T55/><D132/><U28/><E28/><V57/><F108/><W104/><G30/><T17/><D17/><U0/><E0/><V112/><F111/><W68/><G68/><T94/><D107/><U16/><E16/><V19/><F19/><W32/><G32/><T51/><D58/><U90/><E90/><V56/><F57/><W118/><G59/><T72/><D88/><U77/><E77/><V46/><F112/><W101/><G65/><T92/><D72/><U26/><E26/><V89/><F56/><W135/><G135/><T66/><D66/><U27/><E27/><V25/><F25/><W35/><G35/><T3/><D3/><U44/><E44/><V125/><F125/><W70/><G70/><T71/><D47/><U31/><E31/><V11/><F11/><W106/><G118/><T53/><D71/><U48/><E48/><V122/><F122/><W105/><G39/><N who="2" m="14857" /><F60/><W9/><G9/><T100/><D51/><U10/><E10/><V82/><F89/><W113/><G113/><RYUUKYOKU ba="0,1" sc="224,-15,227,15,302,15,237,-15" hai1="5,6,7,36,42,45,61,62,73,74,75,84,91" hai2="43,46,49,81,82,83,95,96,97,103" /><INIT seed="1,1,1,5,3,92" ten="209,242,317,222" oya="1" hai0="50,100,73,84,59,58,79,51,66,93,90,120,82" hai1="16,48,57,14,86,7,42,34,26,124,60,64,30" hai2="11,2,131,4,29,10,1,44,24,95,28,23,132" hai3="106,27,71,49,111,91,110,127,12,83,33,70,74"/><U98/><E124/><V117/><F44/><W87/><G127/><T19/><D120/><U52/><E42/><V54/><F54/><W40/><G106/><T61/><D58/><U123/><E123/><V76/><F76/><W21/><G74/><T113/><D113/><U5/><E86/><V17/><F95/><W114/><G114/><T67/><D67/><U31/><E31/><V96/><F96/><W37/><G37/><T18/><D100/><U118/><E98/><V130/><F117/><W63/><G12/><T77/><D77/><U65/><E65/><V109/><F109/><N who="3" m="41483" /><G63/><T62/><D62/><U8/><REACH who="1" step="1"/><E118/><REACH who="1" ten="209,232,317,222" step="2"/><V104/><F29/><N who="3" m="17647" /><G33/><T13/><D73/><U108/><E108/><V119/><F119/><W115/><G115/><T81/><D84/><U6/><E6/><N who="2" m="1359" /><F104/><W25/><G40/><T125/><D125/><U41/><E41/><V15/><F132/><W133/><G133/><T46/><D66/><U134/><E134/><V39/><F39/><W45/><G87/><T88/><D81/><U97/><E97/><V126/><F126/><W38/><G83/><T43/><D82/><U89/><E89/><V122/><F122/><W105/><G91/><T102/><D88/><U36/><E36/><V116/><F116/><W94/><G38/><T0/><D90/><U47/><AGARI ba="1,2" hai="5,7,8,14,16,26,30,34,47,48,52,57,60,64" machi="47" ten="20,12000,1" yaku="1,1,0,1,7,1,54,2,53,0" doraHai="92" doraHaiUra="69" who="1" fromWho="1" sc="209,-41,232,143,317,-41,222,-41" /><INIT seed="1,2,0,3,3,68" ten="168,375,276,181" oya="1" hai0="14,46,120,4,7,130,122,30,111,11,75,127,106" hai1="110,6,89,108,51,88,69,41,36,96,12,39,22" hai2="131,123,50,25,37,113,117,135,103,97,90,95,124" hai3="0,8,79,93,23,128,10,62,2,107,24,15,52"/><U82/><E69/><V47/><F123/><W13/><G107/><T21/><D75/><U19/><E6/><V27/><F117/><W78/><G128/><T20/><D106/><U5/><E5/><V48/><F124/><W76/><G93/><T64/><D64/><U119/><E119/><V18/><F131/><W91/><G91/><N who="1" m="34890" /><E96/><V74/><F74/><W3/><G62/><T29/><D130/><U98/><E98/><V116/><F116/><W121/><G121/><N who="0" m="46699" /><D46/><N who="1" m="26063" /><E82/><V1/><F1/><W85/><G85/><T31/><D111/><AGARI ba="2,0" hai="12,19,22,36,39,108,110,111" m="26063,34890" machi="111" ten="30,12000,1" yaku="14,1,10,1,52,2,54,1" doraHai="68" who="1" fromWho="0" sc="168,-126,375,126,276,0,181,0" /><INIT seed="1,3,0,0,5,83" ten="42,501,276,181" oya="1" hai0="71,117,129,20,122,95,54,135,127,105,32,126,108" hai1="29,81,45,35,24,72,77,128,124,51,31,69,119" hai2="133,76,49,27,21,56,70,90,65,110,7,96,14" hai3="22,55,103,8,74,102,116,131,130,25,111,33,112"/><U11/><E119/><V82/><F110/><W3/><G111/><T17/><D54/><U57/><E69/><V104/><F133/><W60/><G74/><T9/><D17/><U109/><E109/><V41/><F70/><W34/><G112/><T98/><D20/><U118/><E118/><V68/><F68/><W47/><G8/><T87/><D9/><U99/><E124/><V85/><F104/><W75/><G75/><T114/><D87/><U5/><E128/><N who="3" m="49194" /><G3/><T63/><D95/><U10/><E31/><V6/><F14/><W107/><G116/><T53/><D53/><U52/><E5/><V100/><F76/><W50/><G60/><T43/><D43/><U18/><E18/><V73/><F73/><W26/><G26/><T1/><D98/><U66/><E99/><V93/><F41/><W89/><G89/><T58/><D58/><U40/><REACH who="1" step="1"/><E66/><REACH who="1" ten="42,491,276,181" step="2"/><V28/><F65/><W13/><G107/><T0/><D127/><U16/><E16/><V88/><F6/><W91/><G33/><T84/><D84/><U38/><AGARI ba="3,1" hai="10,11,24,29,35,38,40,45,51,52,57,72,77,81" machi="38" ten="20,7800,0" yaku="1,1,0,1,7,1,54,1,53,0" doraHai="83" doraHaiUra="15" who="1" fromWho="1" sc="42,-29,491,97,276,-29,181,-29" /><INIT seed="1,4,0,1,1,71" ten="13,588,247,152" oya="1" hai0="15,16,30,121,72,10,27,76,11,106,115,89,84" hai1="29,105,88,12,8,102,111,75,93,61,26,131,114" hai2="7,79,54,109,57,45,122,62,108,39,103,37,19" hai3="14,56,112,107,134,92,28,113,100,43,68,78,118"/><U87/><E114/><V97/><F122/><W65/><G68/><T82/><D115/><U32/><E75/><V41/><F7/><W42/><G107/><T130/><D130/><U104/><E131/><V0/><F0/><W74/><G118/><T86/><D121/><U60/><E111/><N who="2" m="42571" /><F79/><W22/><G134/><T49/><D106/><U6/><REACH who="1" step="1"/><E104/><REACH who="1" ten="13,578,247,152" step="2"/><N who="2" m="63599" /><F19/><W129/><G74/><T24/><D72/><U48/><E48/><AGARI ba="4,1" hai="37,39,41,45,48,54,57,62" m="63599,42571" machi="48" ten="30,3900,0" yaku="14,1,52,2" doraHai="71" who="2" fromWho="1" sc="13,0,578,-51,247,61,152,0" /><INIT seed="2,0,0,4,0,116" ten="13,527,308,152" oya="2" hai0="41,4,121,64,120,30,13,110,34,53,106,31,28" hai1="19,23,25,44,101,86,98,62,112,5,72,69,129" hai2="68,114,27,93,50,128,18,99,105,94,88,83,26" hai3="17,9,56,75,100,65,123,38,7,58,61,15,126"/><V55/><F114/><W51/><G75/><T22/><D106/><U89/><E72/><V131/><F105/><W54/><G38/><T60/><D34/><U76/><E76/><V74/><F68/><W32/><G32/><T124/><D110/><U104/><E129/><N who="2" m="49739" /><F18/><W96/><G123/><T6/><D41/><U119/><E119/><V87/><F74/><W43/><G43/><T57/><D124/><U10/><E112/><V8/><F8/><W36/><G36/><T45/><D45/><U122/><E122/><V108/><F108/><W71/><G126/><T103/><D103/><U33/><E10/><V0/><F0/><W24/><G24/><N who="2" m="9257" /><F99/><W37/><G37/><T80/><D80/><U47/><E98/><V91/><F91/><W135/><G135/><T117/><D117/><U133/><E89/><V1/><F1/><W134/><G134/><T107/><D107/><U78/><E19/><V109/><F109/><W63/><G17/><T21/><D64/><U35/><E104/><V79/><F79/><W84/><G84/><T113/><D113/><U14/><E86/><V11/><F11/><W42/><G71/><T81/><D81/><U97/><E78/><V115/><F115/><W46/><G96/><T130/><D130/><U48/><E69/><V77/><F77/><W70/><G70/><T59/><D30/><U16/><E133/><V49/><F49/><W20/><G100/><T29/><D29/><U2/><E48/><V102/><F102/><W67/><G20/><T52/><D13/><U132/><E14/><V125/><F125/><W82/><G82/><RYUUKYOKU ba="0,0" sc="13,10,527,-30,308,10,152,10" hai0="4,6,21,22,28,31,52,53,57,59,60,120,121" hai2="50,55,83,87,88,93,94" hai3="7,9,15,42,46,51,54,56,58,61,63,65,67" /><INIT seed="2,1,0,1,3,48" ten="23,497,318,162" oya="2" hai0="83,129,103,65,131,42,89,73,47,11,29,24,116" hai1="1,22,85,117,5,6,21,71,106,124,97,77,74" hai2="64,96,51,9,86,62,49,102,66,133,50,126,39" hai3="87,7,58,28,95,14,52,12,0,118,114,41,31"/><V81/><F126/><W125/><G118/><T88/><D103/><U122/><E74/><V56/><F133/><W4/><G125/><T99/><D65/><U78/><E117/><V79/><F39/><W84/><G41/><T26/><D116/><U25/><E71/><V94/><F9/><W63/><G114/><T53/><D11/><U59/><E122/><V36/><F36/><W40/><G40/><T112/><D112/><U135/><E1/><V67/><AGARI ba="1,0" hai="49,50,51,56,62,64,66,67,79,81,86,94,96,102" machi="67" ten="30,3000,0" yaku="0,1,8,1" doraHai="48" who="2" fromWho="2" sc="23,-11,497,-11,318,33,162,-11" /><INIT seed="2,2,0,1,3,25" ten="12,486,351,151" oya="2" hai0="9,46,95,135,0,123,7,120,127,133,32,11,37" hai1="23,91,66,78,80,48,83,88,17,52,86,131,2" hai2="49,102,59,74,64,82,70,56,14,87,73,30,12" hai3="34,96,81,111,132,61,54,84,126,10,42,22,99"/><V130/><F70/><W51/><G34/><T60/><D95/><U107/><E2/><V6/><F130/><W134/><G111/><T103/><D103/><U13/><E107/><V89/><F102/><W50/><G126/><T121/><D60/><U116/><E116/><V3/><F3/><W58/><G10/><T18/><D46/><N who="1" m="27671" /><E131/><V55/><F74/><W57/><G22/><T39/><D32/><U15/><E66/><V67/><F73/><W71/><G71/><T47/><D47/><U21/><E83/><V92/><F82/><W65/><G42/><T27/><D39/><U108/><E108/><V29/><F6/><W5/><G5/><T93/><D37/><U63/><E63/><N who="2" m="37991" /><F67/><W119/><G51/><T4/><D93/><U43/><E43/><V35/><F35/><W76/><G119/><T112/><D112/><U20/><E13/><AGARI ba="2,0" hai="12,13,14,29,30,49,55,59,87,89,92" m="37991" machi="13" ten="30,5800,0" yaku="8,1,52,2" doraHai="25" who="2" fromWho="1" sc="12,0,486,-64,351,64,151,0" /><INIT seed="2,3,0,5,5,42" ten="12,422,415,151" oya="2" hai0="85,26,122,19,58,36,66,63,6,1,21,120,51" hai1="15,44,84,90,78,41,127,50,32,113,7,68,83" hai2="43,96,100,61,33,98,29,109,24,118,99,117,60" hai3="115,131,81,35,31,116,49,9,37,14,64,93,75"/><V40/><F100/><W94/><G37/><T124/><D36/><U34/><E113/><V4/><F4/><W76/><G116/><T69/><D124/><U17/><E127/><V8/><F8/><W119/><G119/><T107/><D107/><U70/><E7/><V2/><F2/><W104/><G104/><T105/><D105/><U56/><E56/><V23/><F118/><W52/><G115/><T86/><D1/><U10/><REACH who="1" step="1"/><E78/><REACH who="1" ten="12,412,415,151" step="2"/><V130/><F117/><W79/><G76/><T54/><D6/><U18/><E18/><V3/><F3/><W134/><G79/><T12/><D26/><U82/><E82/><V65/><F130/><W39/><G81/><T91/><REACH who="0" step="1"/><D86/><REACH who="0" ten="2,412,415,151" step="2"/><U55/><E55/><V25/><F24/><W38/><G52/><T110/><D110/><U0/><E0/><V114/><F109/><W112/><G131/><T5/><D5/><U11/><E11/><V48/><F114/><W62/><G112/><T22/><D22/><U89/><E89/><V30/><F23/><W92/><G9/><T16/><D16/><U101/><E101/><V103/><F103/><W53/><G53/><T102/><D102/><U126/><E126/><V111/><F111/><W27/><G27/><T45/><D45/><U13/><E13/><V123/><F25/><W125/><G14/><T57/><D57/><U97/><E97/><V121/><F98/><W72/><G125/><T59/><D59/><U47/><E47/><V106/><F106/><W46/><G46/><T128/><D128/><U74/><E74/><V71/><F99/><W95/><G72/><RYUUKYOKU ba="3,2" sc="2,15,412,15,415,-15,151,-15" hai0="12,19,21,51,54,58,63,66,69,85,91,120,122" hai1="10,15,17,32,34,41,44,50,68,70,83,84,90" /><INIT seed="3,4,2,0,2,44" ten="17,427,400,136" oya="3" hai0="123,63,42,57,22,66,111,23,46,97,68,61,52" hai1="29,84,112,55,127,108,30,121,12,27,81,5,48" hai2="134,7,40,9,104,96,88,62,4,20,90,17,98" hai3="36,18,103,83,50,77,41,92,131,95,75,99,105"/><W1/><G1/><T73/><D73/><U60/><E121/><V35/><F35/><W82/><G36/><T100/><D111/><U85/><E112/><V39/><F39/><W120/><G120/><T33/><D33/><U116/><E108/><V89/><F104/><W132/><G131/><T113/><D123/><U59/><E127/><V78/><F134/><W13/><G132/><T126/><D126/><U74/><E74/><V71/><F71/><W109/><G83/><T128/><D128/><U125/><E125/><V19/><F40/><W76/><G76/><T114/><D114/><U117/><E60/><V119/><F119/><N who="1" m="45641" /><E27/><N who="2" m="14735" /><F78/><W15/><G15/><T69/><D69/><U38/><E38/><V56/><F19/><W47/><G109/><T28/><D28/><N who="1" m="10859" /><E81/><V80/><F80/><W107/><REACH who="3" step="1"/><G105/><REACH who="3" ten="17,427,400,126" step="2"/><T10/><D113/><U110/><E110/><V11/><F4/><W58/><G58/><T118/><D118/><U51/><E5/><V102/><F7/><W106/><G106/><T79/><D79/><U94/><E12/><V14/><F14/><W91/><G91/><T49/><REACH who="0" step="1"/><D10/><AGARI ba="4,3" hai="10,13,18,41,47,50,75,77,82,92,95,99,103,107" machi="10" ten="30,11600,0" yaku="1,1,7,1,52,1,53,1" doraHai="44" doraHaiUra="37" who="3" fromWho="0" sc="17,-128,427,0,400,0,126,158" owari="-111,-61.1,427,52.7,400,20.0,284,-11.6" /></mjloggm>