<mjloggm ver="2.3"><GO type="225" lobby="0"/><UN n0="%E3%83%A9%E3%82%B9%E7%8E%87%EF%BC%93%E5%89%B2" n1="%38%63%E3%81%AF%E3%81%A3%E3%81%97%E3%83%BC" n2="%68%6F%72%69%30%39%30%31" n3="%6D%75%75%6D%75%72%61" dan="16,16,16,16" rate="2158.33,2120.91,2047.72,2153.35" sx="F,M,M,F"/><TAIKYOKU oya="0"/><INIT seed="0,0,0,4,3,11" ten="250,250,250,250" oya="0" hai0="48,77,13,120,66,98,43,46,38,87,104,84,69" hai1="32,28,94,20,68,91,73,51,99,24,70,63,49" hai2="45,135,27,59,15,55,19,6,23,128,53,134,132" hai3="133,42,29,130,109,44,116,115,18,125,123,2,85"/><T41/><D120/><U50/><E73/><V12/><F128/><W76/><G29/><T108/><D108/><U30/><E30/><V3/><F3/><W22/><G85/><T1/><D1/><U81/><E81/><V34/><F6/><W47/><G76/><T39/><D77/><U124/><E124/><V14/><F34/><W65/><G22/><T72/><D72/><U78/><E78/><V0/><F0/><W75/><G18/><T92/><D104/><U5/><E5/><V7/><F7/><W101/><G101/><T83/><D83/><U80/><E80/><V26/><F45/><W36/><G47/><T21/><D43/><U57/><REACH who="1" step="1"/><E32/><REACH who="1" ten="250,240,250,250" step="2"/><V119/><F119/><W64/><G125/><T131/><D131/><U61/><E61/><N who="2" m="36079" /><F55/><AGARI ba="0,1" hai="20,24,28,49,50,51,55,57,63,68,70,91,94,99" machi="55" ten="40,1300,0" yaku="1,1,53,0" doraHai="11" doraHaiUra="97" who="1" fromWho="2" sc="250,0,240,23,250,-13,250,0" /><INIT seed="1,0,0,0,4,8" ten="250,263,237,250" oya="1" hai0="92,59,16,129,90,81,72,123,28,50,55,12,109" hai1="11,95,100,107,78,89,58,32,67,97,57,133,124" hai2="44,86,38,62,106,0,82,39,36,85,103,35,115" hai3="104,54,121,64,34,120,5,68,53,18,132,20,22"/><U17/><E32/><V9/><F35/><W52/><G34/><T3/><D3/><U6/><E124/><V83/><F115/><W46/><G132/><T21/><D109/><U70/><E133/><V99/><F62/><W49/><G104/><T119/><D119/><U125/><E125/><V40/><F85/><W30/><G5/><T26/><D129/><U42/><E42/><V41/><F41/><W45/><G64/><T63/><D123/><U131/><E131/><V48/><REACH who="2" step="1"/><F86/><REACH who="2" ten="250,263,227,250" step="2"/><W51/><G120/><T105/><D63/><U56/><E67/><V27/><F27/><N who="3" m="16743" /><G121/><T111/><D111/><U74/><E74/><V118/><F118/><W25/><G68/><T130/><D130/><U71/><E71/><V29/><F29/><W47/><AGARI ba="0,1" hai="18,22,25,45,46,47,49,51,52,53,54" m="16743" machi="47" ten="30,2000,0" yaku="8,1,54,1" doraHai="8" who="3" fromWho="3" sc="250,-5,263,-10,227,-5,250,30" /><INIT seed="2,0,0,3,5,105" ten="245,253,222,280" oya="2" hai0="46,113,106,132,77,115,18,41,44,25,96,127,135" hai1="129,128,13,32,70,84,103,76,22,52,86,63,39" hai2="55,59,28,68,0,9,6,11,12,81,3,62,108" hai3="110,109,50,114,100,94,16,8,79,42,123,116,4"/><V21/><F108/><N who="3" m="41579" /><G116/><T119/><D119/><U122/><E32/><V57/><F68/><W19/><G123/><T73/><D18/><U38/><E103/><V35/><F35/><W10/><G114/><N who="0" m="43531" /><D25/><U126/><E122/><V95/><F95/><W78/><G42/><T37/><D46/><U49/><E63/><V104/><F104/><W43/><G43/><T92/><D127/><U14/><E70/><V26/><F9/><N who="3" m="3691" /><G50/><T85/><D85/><U101/><E86/><V48/><REACH who="2" step="1"/><F81/><REACH who="2" ten="245,253,212,280" step="2"/><W15/><G94/><T47/><D92/><U1/><E126/><V17/><F17/><W29/><G19/><T51/><D106/><U58/><E128/><V69/><F69/><W45/><G16/><T24/><D24/><U93/><E129/><V99/><F99/><W53/><G4/><T7/><D7/><U131/><E131/><V120/><F120/><W2/><G29/><T23/><D96/><U97/><E22/><V125/><F125/><W74/><G100/><T67/><D23/><U118/><E118/><V83/><F83/><W64/><G15/><T89/><D135/><U60/><E14/><V75/><F75/><W40/><G74/><T134/><D132/><U82/><E13/><V121/><F121/><W56/><G2/><T91/><D134/><U102/><E1/><V66/><AGARI ba="0,1" hai="0,3,6,11,12,21,26,28,48,55,57,59,62,66" machi="66" ten="20,12000,1" yaku="1,1,0,1,7,1,53,2" doraHai="105" doraHaiUra="33" who="2" fromWho="2" sc="245,-40,253,-40,212,130,280,-40" /><INIT seed="2,1,0,4,1,93" ten="205,213,342,240" oya="2" hai0="26,72,109,99,11,132,55,71,31,91,51,7,66" hai1="107,83,126,30,17,81,68,128,127,101,21,29,122" hai2="2,15,35,94,125,39,113,117,33,23,104,79,32" hai3="102,50,110,121,84,62,112,59,63,96,87,28,64"/><V52/><F39/><W131/><G121/><T124/><D72/><U40/><E68/><V1/><F104/><W25/><G110/><T56/><D109/><U61/><E122/><V130/><F117/><W114/><G131/><T34/><D132/><U19/><E40/><V12/><F113/><N who="3" m="43627" /><G50/><T14/><D124/><U69/><E61/><V0/><F79/><W86/><G62/><T5/><D66/><U57/><E57/><V37/><F37/><W77/><G77/><T46/><D71/><U134/><E69/><V74/><F74/><W45/><G45/><T119/><D119/><U27/><E128/><V133/><F52/><W95/><G84/><T18/><REACH who="0" step="1"/><D46/><REACH who="0" ten="195,213,342,240" step="2"/><U118/><E134/><V135/><F133/><W36/><G36/><T22/><D22/><AGARI ba="1,1" hai="22,25,28,59,63,64,86,87,95,96,102" m="43627" machi="22" ten="30,3900,0" yaku="25,1,11,1,52,1" doraHai="93" who="3" fromWho="0" sc="195,-42,213,0,342,0,240,52" /><INIT seed="3,0,0,1,2,92" ten="153,213,342,292" oya="3" hai0="109,28,105,104,79,44,4,99,98,97,0,89,75" hai1="132,37,53,65,95,7,78,131,18,64,122,73,112" hai2="55,57,70,71,19,93,111,54,114,67,41,9,2" hai3="115,103,21,72,69,74,29,94,118,50,38,36,26"/><W48/><G115/><T66/><D28/><U17/><E112/><V49/><F114/><W134/><G118/><T24/><D24/><U87/><E37/><V88/><F111/><W107/><G107/><N who="0" m="41035" /><D4/><U6/><E53/><V86/><F67/><W46/><G69/><T110/><D44/><U20/><E87/><V82/><F41/><W56/><G134/><T52/><D52/><U106/><E106/><V5/><F19/><W96/><G56/><T59/><D0/><U76/><E132/><V3/><F3/><W51/><REACH who="3" step="1"/><G36/><REACH who="3" ten="153,213,342,282" step="2"/><T101/><D59/><U128/><E128/><V120/><F120/><W133/><G133/><T25/><D66/><U30/><E131/><V39/><F39/><W13/><G13/><T11/><D25/><U15/><E15/><V27/><F27/><W58/><G58/><T84/><D11/><U32/><E122/><V43/><F71/><W23/><G23/><T135/><D135/><U22/><E22/><V100/><F70/><W124/><G124/><T42/><D42/><AGARI ba="0,1" hai="21,26,29,38,42,46,48,50,51,72,74,94,96,103" machi="42" ten="40,7700,0" yaku="1,1,52,1,53,1" doraHai="92" doraHaiUra="90" who="3" fromWho="0" sc="153,-77,213,0,342,0,282,87" owari="76,-42.4,213,-18.7,342,14.2,369,46.9" /></mjloggm>