<mjloggm ver="2.3"><GO type="225" lobby="0"/><UN n0="%E3%81%AA%E3%82%81%E3%81%93%E9%9B%80%E5%A3%AB" n1="%E5%B8%86%E7%AB%8B%E5%A4%8F%E8%A1%A3" n2="%E3%81%95%E3%81%8D%E3%81%9F%E3%81%BE%E6%9E%97%E6%AA%8E" n3="%E9%80%86%E9%80%A3%E5%B8%AF%E3%81%AE%E9%AC%BC" dan="16,16,16,17" rate="2028.53,2183.75,2064.69,2153.80" sx="M,M,M,M"/><TAIKYOKU oya="0"/><INIT seed="0,0,0,2,2,21" ten="250,250,250,250" oya="0" hai0="55,93,49,119,7,30,91,62,122,76,123,135,24" hai1="43,33,134,75,60,47,4,85,77,81,20,2,6" hai2="9,125,130,65,102,44,38,13,22,121,87,40,99" hai3="67,103,128,94,110,48,97,17,133,29,90,83,115"/><T92/><D119/><U84/><E134/><V88/><F121/><W19/><G133/><T28/><D135/><U41/><E33/><V15/><F130/><W11/><G128/><T68/><D76/><U63/><E43/><V54/><F125/><W89/><G115/><T36/><D36/><U69/><E6/><V100/><F65/><W12/><G110/><T109/><D7/><U16/><E69/><V95/><F54/><W98/><G29/><T78/><D78/><U107/><E107/><V118/><F118/><W42/><G67/><T129/><D129/><U31/><E31/><V0/><F0/><W39/><G39/><T25/><D109/><U57/><E63/><V73/><F73/><W116/><G116/><T71/><D62/><U58/><E58/><V117/><F117/><W51/><G42/><T126/><D55/><U59/><E59/><V26/><F9/><W105/><G19/><T14/><D14/><U79/><E79/><V111/><F102/><W34/><G34/><T61/><D61/><U108/><E108/><V5/><F5/><W52/><G52/><T45/><D45/><U86/><E4/><V10/><F10/><W96/><G83/><T56/><D56/><U1/><E57/><V106/><REACH who="2" step="1"/><F111/><REACH who="2" ten="250,250,240,250" step="2"/><W131/><G131/><T23/><D126/><U46/><E60/><V101/><F101/><W66/><G66/><T35/><D91/><U27/><REACH who="1" step="1"/><E47/><REACH who="1" ten="250,240,240,250" step="2"/><V112/><F112/><W80/><G105/><T132/><D132/><U114/><E114/><V37/><F37/><AGARI ba="0,2" hai="1,2,16,20,27,37,41,46,75,77,81,84,85,86" machi="37" ten="40,12000,2" yaku="1,1,52,1,54,1,53,3" doraHai="21" doraHaiUra="82" who="1" fromWho="2" sc="250,0,240,140,240,-120,250,0" /><INIT seed="1,0,0,3,5,52" ten="250,380,120,250" oya="1" hai0="87,107,41,76,24,112,84,125,133,22,131,46,50" hai1="44,75,86,29,28,30,27,106,18,57,26,25,100" hai2="33,108,80,3,117,6,85,94,49,130,58,12,110" hai3="114,2,56,118,101,0,1,83,31,128,40,78,53"/><U43/><E75/><V69/><F117/><W105/><G118/><T55/><D112/><U35/><E106/><V64/><F33/><W21/><G114/><T129/><D107/><U39/><E100/><V81/><F69/><W59/><G128/><N who="0" m="49227" /><D76/><U48/><E35/><V8/><F130/><W96/><G40/><T70/><D70/><U36/><E86/><V119/><F119/><W72/><REACH who="3" step="1"/><G53/><REACH who="3" ten="250,380,120,240" step="2"/><T122/><D41/><N who="1" m="24591" /><E39/><V91/><F110/><W67/><G67/><T104/><D55/><U42/><E36/><V60/><F108/><W65/><G65/><T62/><D122/><U134/><E43/><V34/><F34/><W88/><G88/><T13/><D133/><U77/><E42/><V4/><F49/><W132/><G132/><T17/><D50/><U38/><E38/><V11/><AGARI ba="0,1" hai="3,4,6,8,11,12,58,60,64,80,81,85,91,94" machi="11" ten="30,2000,0" yaku="0,1,52,1" doraHai="52" who="2" fromWho="2" sc="250,-5,380,-10,120,30,240,-5" /><INIT seed="2,0,0,0,2,93" ten="245,370,150,235" oya="2" hai0="118,113,82,67,97,47,65,99,107,60,35,37,108" hai1="74,23,120,13,119,122,59,21,114,34,25,127,96" hai2="124,121,44,28,39,57,51,54,10,50,42,130,29" hai3="3,7,5,53,132,4,49,115,83,16,14,56,63"/><V98/><F121/><N who="1" m="46697" /><E114/><V8/><F130/><W100/><G132/><T88/><D113/><U73/><E119/><V27/><F124/><W79/><G115/><T62/><D35/><U129/><E129/><V15/><F39/><W134/><G134/><T52/><D108/><U84/><E127/><V55/><F42/><W66/><G100/><T104/><D37/><U48/><E84/><V75/><F75/><W1/><G83/><T30/><D30/><N who="1" m="17711" /><E34/><V71/><F71/><W61/><G79/><T128/><D128/><U95/><E13/><V36/><F36/><W80/><G80/><T70/><D118/><U64/><E23/><N who="2" m="15487" /><F29/><W102/><G102/><T41/><D41/><U131/><E131/><V76/><F76/><W32/><G32/><T101/><D107/><U125/><E125/><V92/><F15/><W26/><G26/><T6/><D6/><U89/><E48/><V112/><F112/><W33/><G33/><T110/><D110/><U87/><E87/><V69/><F69/><W45/><REACH who="3" step="1"/><G63/><AGARI ba="0,0" hai="59,63,64,73,74,89,95,96" m="17711,46697" machi="63" ten="30,2000,0" yaku="13,1,52,1" doraHai="93" who="1" fromWho="3" sc="245,0,370,20,150,0,235,-20" /><INIT seed="3,0,0,2,2,71" ten="245,390,150,215" oya="3" hai0="92,30,75,117,56,112,60,13,76,116,87,52,42" hai1="108,85,132,3,90,94,59,57,16,125,72,100,82" hai2="37,45,53,91,98,74,26,10,17,22,14,55,24" hai3="133,66,68,110,102,84,58,99,105,18,127,109,28"/><W119/><G119/><T27/><D112/><U65/><E3/><V120/><F74/><W33/><G133/><T134/><D75/><U128/><E108/><N who="3" m="41578" /><G127/><T107/><D107/><U50/><E125/><V101/><F120/><W1/><G1/><T104/><D104/><U78/><E128/><V115/><F115/><W111/><N who="3" m="41586" /><W79/><DORA hai="5" /><G58/><T64/><D42/><U32/><E32/><V126/><F126/><W19/><G79/><T73/><D134/><U29/><E29/><V95/><F24/><N who="3" m="18567" /><G84/><T113/><D113/><U7/><E85/><V70/><F70/><W88/><G88/><T11/><D73/><U118/><E90/><V123/><F123/><W83/><G83/><T25/><D117/><U131/><E118/><V96/><F45/><W89/><G89/><N who="0" m="53311" /><D76/><U23/><E78/><V44/><F44/><W61/><AGARI ba="0,0" hai="18,19,61,66,68,99,102,105" m="18567,41586" machi="61" ten="40,7800,0" yaku="25,1,14,1,10,1" doraHai="71,5" who="3" fromWho="3" sc="245,-26,390,-26,150,-26,215,78" /><INIT seed="3,1,0,2,4,5" ten="219,364,124,293" oya="3" hai0="100,20,94,23,134,53,52,97,113,88,30,101,98" hai1="61,124,37,33,36,7,117,24,13,125,115,63,92" hai2="44,112,129,77,35,38,4,95,118,59,119,74,80" hai3="102,26,81,71,32,73,91,16,48,69,79,21,31"/><W128/><G128/><T132/><D113/><U67/><E115/><V127/><F112/><W122/><G122/><T11/><D11/><N who="1" m="4351" /><E117/><V126/><F129/><W18/><G102/><T29/><D94/><U121/><E121/><V60/><F95/><W2/><G2/><T50/><D50/><U57/><E63/><V96/><F96/><W86/><G48/><T46/><D46/><U56/><E57/><V89/><F89/><AGARI ba="1,0" hai="20,23,29,30,52,53,88,89,97,98,100,101,132,134" machi="89" ten="25,6400,0" yaku="22,2,54,2" doraHai="5" who="0" fromWho="2" sc="219,67,364,0,124,-67,293,0" owari="286,-11.4,364,46.4,57,-44.3,293,9.3" /></mjloggm>