<mjloggm ver="2.3"><GO type="225" lobby="0"/><UN n0="%E3%81%86%E3%81%A9%E3%82%93%E3%81%93" n1="%E5%8D%A0%E3%81%84%E5%B8%AB%E8%A3%8F%E3%81%AA%E3%81%84%E3%81%97" n2="%E5%B8%86%E7%AB%8B%E5%A4%8F%E8%A1%A3" n3="%E3%83%A9%E3%82%A4%E3%83%B3%E3%81%AE%E8%99%8E" dan="16,17,17,16" rate="2127.67,2220.85,2215.91,2091.49" sx="M,M,M,M"/><TAIKYOKU oya="0"/><INIT seed="0,0,0,5,1,4" ten="250,250,250,250" oya="0" hai0="125,19,93,50,80,75,103,49,63,32,71,51,102" hai1="41,124,83,89,0,61,62,65,135,77,31,14,37" hai2="116,86,78,85,43,27,128,120,134,72,66,70,123" hai3="114,129,96,115,22,68,108,113,92,74,55,15,52"/><T46/><D125/><U119/><E0/><V99/><F43/><W73/><G108/><T117/><D117/><U45/><E119/><V48/><F48/><W3/><G3/><T118/><D118/><U87/><E135/><V5/><F5/><W17/><G68/><T34/><D46/><U95/><E124/><V133/><F27/><W109/><G109/><T64/><D19/><U44/><E44/><V79/><F66/><W91/><REACH who="3" step="1"/><G129/><REACH who="3" ten="250,250,250,240" step="2"/><T94/><D103/><U6/><E31/><V53/><F70/><W122/><G122/><T47/><D47/><U107/><E107/><V39/><F116/><W36/><G36/><T38/><D38/><U12/><E6/><V2/><F39/><W54/><AGARI ba="0,1" hai="15,17,22,52,54,55,73,74,91,92,96,113,114,115" machi="54" ten="40,5200,0" yaku="1,1,0,1,54,1,53,0" doraHai="4" doraHaiUra="82" who="3" fromWho="3" sc="250,-26,250,-13,250,-13,240,62" /><INIT seed="1,0,0,5,0,67" ten="224,237,237,302" oya="1" hai0="53,52,31,87,119,56,29,7,14,58,94,75,107" hai1="62,72,5,34,101,63,86,95,105,125,128,0,104" hai2="41,32,114,79,21,42,60,27,49,71,133,98,35" hai3="111,68,39,82,100,73,115,135,65,51,57,33,36"/><U20/><E34/><V19/><F133/><W43/><G33/><T17/><D107/><U30/><E72/><V64/><F114/><W127/><G100/><T126/><D75/><U84/><E128/><V38/><F79/><W85/><G73/><T12/><D119/><U92/><E125/><V113/><F113/><W81/><G115/><T66/><D66/><U69/><E20/><V134/><F134/><W97/><G97/><T24/><D126/><U108/><E30/><N who="0" m="11273" /><D24/><U3/><E5/><V123/><F123/><W131/><G65/><T78/><D7/><U26/><E26/><V47/><F42/><W18/><G18/><T76/><D94/><U80/><E108/><V48/><F48/><W37/><G51/><N who="0" m="30751" /><D87/><U25/><E25/><V50/><F50/><W129/><G85/><T16/><D12/><U54/><E54/><V40/><REACH who="2" step="1"/><F98/><REACH who="2" ten="224,237,227,302" step="2"/><W124/><G135/><T93/><D93/><U1/><E80/><V28/><F28/><W117/><G82/><T122/><D122/><U120/><E120/><V55/><F55/><W45/><G81/><T77/><D14/><U132/><E132/><V6/><F6/><W121/><G121/><T103/><D103/><U10/><E0/><V116/><F116/><W99/><G124/><T13/><D13/><U90/><E101/><V9/><F9/><W46/><G127/><T83/><D83/><U44/><E10/><V23/><F23/><W61/><G117/><T15/><D15/><U4/><E4/><V59/><F59/><W109/><G57/><T118/><D118/><U2/><E1/><V70/><F70/><RYUUKYOKU ba="0,1" sc="224,15,237,-15,227,15,302,-15" hai0="16,17,53,58,76,77,78" hai2="19,21,27,32,35,38,40,41,47,49,60,64,71" /><INIT seed="2,1,1,0,2,107" ten="239,222,242,287" oya="2" hai0="117,31,109,118,113,66,0,47,88,24,112,133,43" hai1="83,25,128,39,135,120,35,111,74,26,37,16,3" hai2="72,14,49,6,19,122,86,54,45,48,44,23,2" hai3="119,60,95,103,12,29,90,30,67,9,94,22,98"/><V55/><F122/><W34/><G119/><N who="0" m="45579" /><D109/><U85/><E111/><V127/><F127/><W20/><G20/><N who="0" m="15751" /><D0/><U96/><E3/><V40/><F72/><W75/><G75/><T64/><D133/><U59/><E120/><V108/><F108/><W61/><G34/><T57/><D88/><U63/><E135/><V52/><REACH who="2" step="1"/><F86/><REACH who="2" ten="239,222,232,287" step="2"/><W105/><G98/><T8/><D8/><AGARI ba="1,2" hai="2,6,8,14,19,23,40,44,45,48,49,52,54,55" machi="8" ten="40,7700,0" yaku="1,1,2,1,54,1,53,0" doraHai="107" doraHaiUra="82" who="2" fromWho="0" sc="239,-80,222,0,232,100,287,0" /><INIT seed="2,2,0,0,5,0" ten="159,222,332,287" oya="2" hai0="101,37,56,31,2,29,81,127,103,124,129,117,128" hai1="59,26,45,14,85,52,109,33,42,91,71,95,99" hai2="106,78,53,39,19,97,123,83,10,118,68,70,21" hai3="130,9,113,38,119,35,74,11,15,24,102,131,13"/><V8/><F118/><W79/><G38/><T75/><D37/><U96/><E71/><V54/><F39/><W47/><G47/><T46/><D46/><U3/><E3/><V58/><F123/><W43/><G43/><T27/><D56/><U80/><E109/><V126/><F126/><N who="0" m="48170" /><D2/><U23/><E33/><V122/><F122/><W7/><G102/><N who="0" m="38923" /><D27/><U6/><E42/><V82/><F106/><W57/><G57/><T40/><D40/><U41/><E41/><V60/><F70/><W30/><G119/><T104/><D117/><U100/><E96/><V89/><F68/><W132/><G132/><T25/><D25/><U72/><E72/><V17/><F54/><W28/><G113/><T88/><D104/><U12/><E45/><V134/><F134/><W112/><G112/><T55/><D55/><U16/><E6/><V64/><F64/><W111/><G30/><N who="0" m="11275" /><D75/><U133/><E133/><V5/><F53/><W63/><G63/><AGARI ba="2,0" hai="12,14,16,23,26,52,59,63,80,85,91,95,99,100" machi="63" ten="30,7700,0" yaku="7,1,8,1,54,2" doraHai="0" who="1" fromWho="3" sc="159,0,222,83,332,0,287,-83" /><INIT seed="3,0,0,1,2,42" ten="159,305,332,204" oya="3" hai0="111,121,24,20,66,35,79,36,133,63,77,134,122" hai1="90,48,125,22,97,106,89,118,49,102,78,31,80" hai2="21,110,8,45,64,47,53,101,51,5,54,69,108" hai3="132,127,52,15,99,104,96,75,129,12,43,73,76"/><W100/><G127/><T88/><D35/><U120/><E120/><V57/><F101/><W30/><G129/><T56/><D36/><U85/><E125/><V46/><F21/><W32/><G43/><T83/><D111/><N who="2" m="42538" /><F64/><W103/><G132/><T11/><D11/><U105/><E105/><V119/><F69/><W74/><G76/><T14/><D121/><U37/><E37/><V95/><F95/><W13/><G30/><T115/><D122/><U72/><E118/><V60/><F119/><W113/><G32/><T123/><D123/><U4/><E4/><V0/><AGARI ba="0,0" hai="0,5,8,45,46,47,51,53,54,57,60" m="42538" machi="0" ten="30,7900,0" yaku="14,1,52,3" doraHai="42" who="2" fromWho="2" sc="159,-20,305,-20,332,79,204,-39" owari="139,-36.1,285,8.5,411,51.1,165,-23.5" /></mjloggm>