<mjloggm ver="2.3"><GO type="225" lobby="0"/><UN n0="%77%72%77%72%77%72%77%72" n1="%E3%81%AF%E3%82%88%E3%81%8A%E3%81%98%E3%81%95%E3%82%93" n2="%E5%82%8D%E8%8B%A5%E7%84%A1%E4%BA%BA%35%31" n3="%E5%B8%86%E7%AB%8B%E5%A4%8F%E8%A1%A3" dan="17,17,16,16" rate="2204.84,2178.63,2112.43,2175.21" sx="M,M,M,M"/><TAIKYOKU oya="0"/><INIT seed="0,0,0,4,3,2" ten="250,250,250,250" oya="0" hai0="70,63,82,108,13,53,5,35,0,117,71,43,54" hai1="97,88,38,85,49,51,114,119,80,22,121,128,111" hai2="79,42,25,20,8,109,19,3,69,4,12,6,36" hai3="14,16,64,28,107,44,90,78,39,124,62,55,17"/><T56/><D117/><U50/><E121/><V29/><F69/><W30/><G124/><T65/><D35/><U31/><E119/><V41/><F109/><W37/><G107/><T74/><D108/><U130/><E111/><V45/><F41/><W9/><G78/><T91/><D0/><U11/><E38/><V66/><F66/><W27/><G30/><T57/><D43/><U15/><E114/><V120/><F120/><W126/><G126/><T68/><D56/><U125/><E125/><V93/><F79/><W23/><G90/><T33/><D33/><U118/><E118/><V101/><REACH who="2" step="1"/><F3/><REACH who="2" ten="250,250,240,250" step="2"/><W77/><G77/><T58/><D65/><U34/><E130/><V81/><F81/><W122/><G122/><T83/><D74/><U7/><E128/><V104/><F104/><W73/><G73/><T102/><D71/><U76/><E34/><V67/><F67/><W94/><G94/><T47/><D68/><U103/><E76/><V84/><F84/><W46/><G64/><T113/><D70/><U132/><E132/><V26/><F26/><N who="3" m="16479" /><G39/><T129/><D129/><U18/><E80/><V92/><F92/><W110/><G37/><T133/><D133/><U1/><E85/><V21/><F21/><N who="3" m="13735" /><G110/><T59/><D82/><U123/><E123/><V10/><F10/><W89/><G89/><T86/><D113/><U135/><E88/><V105/><F105/><W134/><G134/><T32/><D32/><U131/><E135/><V96/><AGARI ba="0,1" hai="4,6,8,12,19,20,25,29,36,42,45,93,96,101" machi="96" ten="30,7900,0" yaku="1,1,0,1,52,2,53,0" doraHai="2" doraHaiUra="116" who="2" fromWho="2" sc="250,-39,250,-20,240,89,250,-20" /><BYE who="3" /><INIT seed="1,0,0,3,0,82" ten="211,230,329,230" oya="1" hai0="48,98,63,61,46,6,114,113,110,42,130,132,109" hai1="87,19,36,100,93,57,77,35,22,85,134,90,112" hai2="99,119,11,29,27,13,118,104,97,44,102,47,9" hai3="91,32,12,105,124,45,89,75,40,131,25,107,20"/><U86/><E112/><N who="0" m="43113" /><D6/><U72/><E36/><V94/><F118/><W21/><G21/><T53/><D98/><N who="1" m="59471" /><E35/><V26/><F119/><W127/><G127/><T73/><D73/><U121/><E72/><V37/><F37/><W68/><G68/><T95/><D95/><N who="1" m="54735" /><E121/><V123/><F123/><W58/><G58/><N who="0" m="33063" /><D130/><U31/><E134/><UN n3="%E5%B8%86%E7%AB%8B%E5%A4%8F%E8%A1%A3" /><V23/><F27/><W92/><G75/><T8/><D8/><U79/><E57/><V66/><F66/><W116/><G131/><T78/><D78/><N who="1" m="29707" /><E31/><V28/><F29/><W2/><G116/><T1/><D1/><U30/><E30/><V60/><F60/><N who="0" m="23114" /><D132/><U69/><E69/><V50/><F11/><W51/><G2/><T133/><D133/><U4/><E4/><V106/><F47/><W59/><G32/><T67/><D67/><U14/><AGARI ba="0,0" hai="14,19,22,86,87" m="29707,54735,59471" machi="14" ten="30,11700,0" yaku="8,1,52,3" doraHai="82" who="1" fromWho="1" sc="211,-39,230,117,329,-39,230,-39" /><INIT seed="1,1,0,1,3,93" ten="172,347,290,191" oya="1" hai0="81,4,55,20,101,109,114,65,124,3,68,22,28" hai1="92,45,119,14,62,71,27,82,80,115,110,60,42" hai2="51,25,95,5,8,29,33,43,78,38,134,135,10" hai3="118,99,91,113,70,59,122,47,50,64,21,84,116"/><U107/><E107/><V44/><F78/><W111/><G113/><T104/><D114/><U74/><E119/><N who="3" m="45610" /><G122/><T41/><D109/><U16/><E115/><V49/><F95/><N who="3" m="56831" /><G111/><T53/><D124/><U66/><E110/><V125/><F125/><W7/><G7/><T48/><D3/><U100/><E74/><V24/><F25/><W127/><G127/><T90/><D4/><U128/><E128/><V0/><REACH who="2" step="1"/><F10/><REACH who="2" ten="172,347,280,191" step="2"/><W32/><G32/><T26/><D26/><U108/><E27/><V31/><F31/><W1/><G21/><T106/><D28/><U133/><E108/><V57/><F57/><W86/><G59/><T39/><D20/><U83/><E92/><V73/><F73/><W34/><G34/><T63/><D22/><U96/><E83/><V105/><F105/><W37/><G86/><N who="0" m="50511" /><D106/><U123/><E123/><V79/><F79/><W36/><G84/><T56/><D104/><N who="1" m="63495" /><E82/><V77/><F77/><W11/><G11/><T126/><D126/><U67/><E80/><V17/><F17/><W15/><G1/><T98/><D101/><U13/><E16/><V121/><F121/><W132/><G15/><T6/><D6/><U75/><E75/><V129/><F129/><W9/><G9/><T117/><D117/><U88/><E13/><V112/><F112/><W76/><G76/><T131/><D131/><U72/><E14/><V58/><F58/><W87/><G87/><T102/><D102/><U120/><E72/><V35/><F35/><W85/><G85/><T97/><D55/><U19/><E19/><V18/><F18/><W54/><G132/><AGARI ba="1,1" hai="0,5,8,24,29,33,38,43,44,49,51,132,134,135" machi="132" ten="40,5200,0" yaku="1,1,6,1,20,1,53,0" doraHai="93" doraHaiUra="103" who="2" fromWho="3" sc="172,0,347,0,280,65,191,-55" /><INIT seed="2,0,0,0,3,126" ten="172,347,345,136" oya="2" hai0="98,50,48,110,82,112,36,81,39,94,76,40,73" hai1="65,89,46,11,31,99,13,7,135,42,132,28,115" hai2="8,32,61,130,33,23,86,17,122,66,52,51,72" hai3="80,57,128,131,29,93,83,78,20,117,97,88,58"/><V92/><F72/><W108/><G117/><T15/><D112/><U5/><E115/><V25/><F130/><N who="3" m="49707" /><G108/><T90/><D110/><U21/><E5/><V41/><F122/><W116/><G116/><T100/><D40/><U101/><E89/><V71/><F41/><W62/><G83/><T109/><D109/><U102/><E65/><V119/><F119/><W3/><G3/><T84/><REACH who="0" step="1"/><D15/><REACH who="0" ten="162,347,345,136" step="2"/><U22/><E13/><V105/><F105/><W70/><G70/><T120/><D120/><U118/><E42/><V47/><F8/><W53/><G58/><T12/><D12/><U133/><E118/><V69/><F69/><W54/><G29/><T129/><D129/><U125/><E46/><V14/><F14/><W91/><G20/><T123/><D123/><U96/><E125/><V37/><F37/><AGARI ba="0,1" hai="36,37,39,48,50,73,76,81,82,84,90,94,98,100" machi="37" ten="40,1300,0" yaku="1,1,53,0" doraHai="126" doraHaiUra="113" who="0" fromWho="2" sc="162,23,347,0,345,-13,136,0" /><INIT seed="3,0,0,5,4,43" ten="185,347,332,136" oya="3" hai0="101,74,65,1,58,94,6,111,57,110,2,131,107" hai1="7,62,105,50,59,26,97,47,16,3,19,34,121" hai2="106,71,8,122,129,79,115,128,134,55,73,127,125" hai3="96,11,66,32,12,0,48,109,84,31,51,42,68"/><W75/><G0/><T9/><D74/><U123/><E3/><V78/><F115/><W22/><G75/><T23/><D1/><U13/><E7/><V52/><F122/><W63/><G109/><N who="0" m="41483" /><D131/><N who="2" m="50250" /><F134/><W5/><G32/><T91/><D65/><U33/><E33/><V24/><F106/><W77/><G42/><T61/><D23/><N who="1" m="13671" /><E105/><V27/><F71/><W44/><G96/><N who="0" m="61863" /><D61/><U116/><E34/><V114/><F114/><W102/><G102/><T25/><D25/><N who="2" m="9802" /><F8/><W37/><G31/><T130/><D130/><U98/><E116/><V36/><F36/><W92/><G22/><T45/><D45/><U30/><E30/><V72/><F73/><W124/><G124/><N who="2" m="47689" /><F72/><W90/><REACH who="3" step="1"/><G77/><AGARI ba="0,0" hai="52,55,77,78,79" m="47689,9802,50250" machi="77" ten="40,8000,1" yaku="28,2,19,1,18,1,54,1" doraHai="43" who="2" fromWho="3" sc="185,0,347,0,332,80,136,-80" owari="185,-21.5,347,14.7,412,51.2,56,-44.4" /></mjloggm>