<mjloggm ver="2.3"><GO type="225" lobby="0"/><UN n0="%E3%80%93%E3%81%97%E3%83%BC%E3%82%89%E3%80%93" n1="%E3%83%8B%E3%83%BC%E3%83%88%E3%81%AE%E7%8E%8B" n2="%E3%81%B5%E3%81%98%E3%81%8B%E3%81%A4" n3="%E4%BF%BA%E3%81%A8%E5%A6%96%E5%A4%A2" dan="16,16,17,17" rate="2170.70,2049.10,2211.77,2180.77" sx="M,M,M,F"/><TAIKYOKU oya="0"/><INIT seed="0,0,0,1,3,79" ten="250,250,250,250" oya="0" hai0="125,21,44,74,0,38,127,115,133,46,16,65,56" hai1="84,70,72,102,114,134,24,32,96,98,29,33,126" hai2="53,37,30,105,15,130,94,101,26,80,111,58,1" hai3="4,128,81,9,20,22,116,129,49,28,17,10,63"/><T107/><D0/><U108/><E108/><V48/><F1/><W67/><G116/><T52/><D107/><U11/><E72/><V60/><F111/><W35/><G49/><N who="0" m="30735" /><D115/><U87/><E126/><N who="0" m="48137" /><D38/><U7/><E134/><V92/><F130/><N who="3" m="50283" /><G63/><T104/><D104/><U50/><E114/><V99/><F37/><W36/><G67/><T13/><D133/><U19/><E33/><V135/><F15/><N who="3" m="7407" /><G36/><T77/><D65/><U31/><E31/><V78/><F135/><W120/><G81/><AGARI ba="0,0" hai="13,16,21,44,46,74,77,81" m="48137,30735" machi="81" ten="30,11600,0" yaku="18,1,52,1,54,2" doraHai="79" who="0" fromWho="3" sc="250,116,250,0,250,0,250,-116" /><INIT seed="0,1,0,3,1,10" ten="366,250,250,134" oya="0" hai0="18,82,117,76,130,100,15,27,125,26,0,102,33" hai1="77,85,9,35,52,2,95,132,54,70,73,64,127" hai2="116,34,107,87,65,80,120,134,3,92,23,88,41" hai3="55,42,96,25,90,45,109,122,115,13,84,14,38"/><T49/><D0/><U67/><E35/><V108/><F120/><W29/><G115/><T37/><D37/><U104/><E104/><V21/><F3/><W20/><G122/><T1/><D1/><U113/><E113/><V93/><F34/><W131/><G109/><T98/><D117/><U129/><E129/><V91/><F65/><W32/><G131/><T71/><D71/><U4/><E127/><V121/><F41/><W62/><G32/><T61/><D130/><U83/><E132/><V7/><F107/><W81/><REACH who="3" step="1"/><G96/><REACH who="3" ten="366,250,250,124" step="2"/><T78/><D33/><U6/><E70/><V128/><F121/><W114/><G114/><T60/><D98/><U16/><E73/><V86/><F108/><W123/><G123/><T50/><D125/><U126/><E126/><V74/><F74/><W69/><G69/><T72/><D72/><U135/><E135/><V97/><F134/><W47/><G47/><T46/><D46/><U101/><E6/><V56/><F116/><W43/><G43/><T111/><D111/><U105/><E4/><V103/><F7/><W36/><G36/><T66/><D102/><U39/><E101/><V53/><REACH who="2" step="1"/><F128/><REACH who="2" ten="366,250,240,124" step="2"/><W119/><G119/><T24/><D100/><U133/><E133/><V31/><F31/><W110/><G110/><T106/><D106/><U11/><E105/><V48/><AGARI ba="1,2" hai="21,23,48,53,56,80,86,87,88,91,92,93,97,103" machi="48" ten="20,8000,1" yaku="1,1,0,1,7,1,8,1,54,1,53,0" doraHai="10" doraHaiUra="63" who="2" fromWho="2" sc="366,-41,250,-21,240,103,124,-21" /><INIT seed="1,0,0,0,5,40" ten="325,229,343,103" oya="1" hai0="125,3,114,132,111,56,64,110,18,77,12,82,121" hai1="17,26,126,98,131,85,59,34,61,48,134,70,118" hai2="96,84,6,1,29,14,116,115,108,113,51,120,76" hai3="109,95,55,37,7,112,35,119,20,66,74,79,39"/><U73/><E118/><V60/><F96/><W122/><G35/><T2/><D114/><U99/><E73/><V23/><F84/><W88/><G112/><N who="2" m="43081" /><F76/><W46/><G122/><T43/><D121/><U105/><E131/><V27/><F60/><W135/><G119/><T92/><D92/><U86/><E126/><V9/><F116/><W53/><G109/><T13/><D125/><U107/><E134/><V83/><F83/><W22/><G135/><T68/><D68/><U33/><E70/><V87/><F87/><W63/><G7/><T28/><D82/><U41/><E41/><V21/><F51/><W42/><G37/><T36/><D77/><U133/><E133/><V45/><F45/><W52/><G79/><T127/><D36/><U49/><E61/><V62/><F108/><W93/><G74/><T44/><D127/><U104/><E59/><V129/><F62/><W103/><G103/><T0/><D132/><U94/><E94/><V81/><F81/><W106/><G95/><T71/><D110/><U11/><E104/><V100/><F100/><W128/><G128/><T69/><D69/><U91/><E91/><V25/><F120/><W16/><G106/><T58/><D71/><U5/><E5/><V123/><F123/><W101/><G101/><T124/><D124/><U90/><E90/><V72/><F72/><W102/><G102/><T89/><D89/><U30/><E86/><V31/><F129/><W8/><G8/><T80/><D80/><U57/><E85/><V50/><F50/><N who="1" m="19561" /><E57/><V32/><F32/><W65/><G63/><N who="0" m="37991" /><D111/><U117/><E34/><RYUUKYOKU ba="0,0" sc="325,-10,229,-10,343,30,103,-10" hai2="1,6,9,14,21,23,25,27,29,31" /><INIT seed="2,1,0,0,1,28" ten="315,219,373,93" oya="2" hai0="115,9,129,130,24,125,68,82,104,110,77,78,20" hai1="25,4,35,87,102,2,97,10,66,51,73,30,46" hai2="59,60,7,27,34,85,57,18,114,106,22,31,65" hai3="117,56,112,109,91,131,54,89,1,133,53,11,111"/><V127/><F127/><W52/><G117/><T33/><D68/><U67/><E73/><V5/><F114/><W86/><G112/><T72/><D104/><U75/><E87/><V16/><F106/><W122/><G122/><T38/><D115/><U103/><E75/><V14/><F85/><W69/><G69/><T95/><D38/><U74/><E74/><V96/><F96/><W101/><G133/><T17/><D78/><U88/><E102/><V123/><F123/><W8/><G131/><T12/><D125/><U64/><E88/><N who="3" m="33866" /><G101/><T120/><D95/><U105/><REACH who="1" step="1"/><E66/><REACH who="1" ten="315,209,373,93" step="2"/><V124/><F124/><W0/><G86/><T29/><D120/><U21/><E21/><V32/><F65/><W99/><G99/><T40/><D110/><N who="3" m="41993" /><G56/><T79/><D79/><U41/><AGARI ba="1,1" hai="2,4,10,25,30,35,41,46,51,64,67,97,103,105" machi="41" ten="20,5200,0" yaku="1,1,0,1,7,1,52,1,53,0" doraHai="28" doraHaiUra="49" who="1" fromWho="1" sc="315,-14,209,65,373,-27,93,-14" /><INIT seed="3,0,0,4,0,105" ten="301,274,346,79" oya="3" hai0="16,64,26,97,0,125,130,80,7,78,11,131,121" hai1="39,21,48,126,62,82,95,53,55,30,73,112,6" hai2="12,65,28,2,92,114,45,129,110,20,90,22,68" hai3="133,99,14,36,49,124,89,76,40,3,72,107,122"/><W23/><G122/><T60/><D125/><U119/><E112/><V58/><F2/><W9/><G124/><T101/><D121/><U103/><E126/><V52/><F129/><W33/><G33/><T127/><D127/><U94/><E39/><V59/><F68/><W88/><G133/><T27/><D131/><U86/><E73/><V79/><F79/><W116/><G116/><T104/><D16/><U69/><E69/><V117/><F110/><W70/><G70/><T43/><D43/><U61/><E6/><V57/><F65/><W44/><G49/><T34/><D34/><U47/><E119/><V29/><F114/><W118/><G118/><T17/><D17/><U135/><E135/><V98/><F117/><W84/><G23/><N who="2" m="8745" /><F12/><W18/><G3/><T120/><D130/><U81/><E81/><V42/><F42/><W91/><G107/><T115/><D115/><U74/><E74/><V93/><F93/><W4/><G99/><T75/><REACH who="0" step="1"/><D120/><REACH who="0" ten="291,274,346,79" step="2"/><U5/><E5/><V85/><F29/><W24/><G4/><T87/><D87/><U113/><E113/><V134/><F134/><W32/><G32/><T50/><D50/><U71/><E71/><AGARI ba="0,1" hai="0,7,11,26,27,60,64,71,75,78,80,97,101,104" machi="71" ten="30,3900,0" yaku="1,1,7,1,52,1,53,0" doraHai="105" doraHaiUra="38" who="0" fromWho="1" sc="291,49,274,-39,346,0,79,0" owari="340,14.0,235,-16.5,346,44.6,79,-42.1" /></mjloggm>