<mjloggm ver="2.3"><GO type="225" lobby="0"/><UN n0="%E3%81%BF%E3%81%BF%E3%81%9A" n1="%54%4F%52" n2="%72%69%6F%75%63%68%61%6E" n3="%E6%A1%9C%E8%8A%B1%E9%96%83%E3%80%85" dan="16,17,16,16" rate="2152.72,2238.00,2117.96,2048.25" sx="M,M,M,M"/><TAIKYOKU oya="0"/><INIT seed="0,0,0,4,5,30" ten="250,250,250,250" oya="0" hai0="15,86,59,40,39,3,103,74,76,21,106,12,91" hai1="107,119,61,56,110,132,8,43,77,26,5,116,84" hai2="69,50,120,100,42,19,111,10,92,135,97,16,133" hai3="71,13,38,115,112,35,55,2,44,54,64,128,41"/><T53/><D3/><U24/><E107/><V14/><F111/><W78/><G13/><T36/><D76/><U81/><E110/><V95/><F120/><W1/><G78/><T23/><D74/><U73/><E132/><N who="2" m="50763" /><F69/><W131/><G35/><T32/><D32/><U134/><E134/><V108/><F108/><W49/><G1/><T62/><D103/><U17/><E43/><V31/><F31/><W122/><G2/><T58/><D106/><U127/><E127/><V65/><F65/><W27/><G27/><T82/><D40/><U85/><E85/><V52/><F42/><W67/><G55/><N who="0" m="34143" /><D39/><U117/><E17/><N who="2" m="8407" /><F92/><W87/><G87/><T98/><D36/><U113/><E73/><V89/><F100/><W63/><G67/><T46/><D46/><AGARI ba="0,0" hai="16,19,46,50,52,89,95,97" m="8407,50763" machi="46" ten="30,3900,0" yaku="20,1,54,2" doraHai="30" who="2" fromWho="0" sc="250,-39,250,0,250,39,250,0" /><INIT seed="1,0,0,3,4,135" ten="211,250,289,250" oya="1" hai0="61,68,54,94,22,120,66,45,56,79,48,134,58" hai1="104,70,103,122,85,87,63,75,101,119,125,11,1" hai2="5,42,40,52,41,44,127,2,49,128,92,25,76" hai3="102,107,97,115,36,117,62,88,9,112,108,6,34"/><U106/><E119/><V60/><F127/><W20/><G34/><T17/><D134/><U19/><E122/><V91/><F128/><W3/><G108/><T16/><D120/><U43/><E75/><V73/><F2/><W21/><G36/><T118/><D118/><U23/><E43/><V109/><F109/><W90/><G117/><T74/><D94/><U113/><E113/><V10/><F25/><W67/><G112/><T111/><D111/><U51/><E51/><V32/><F32/><W33/><G33/><T27/><REACH who="0" step="1"/><D17/><REACH who="0" ten="201,250,289,250" step="2"/><U18/><E125/><V89/><F92/><W31/><G115/><T126/><D126/><U123/><E123/><V78/><F60/><W98/><G98/><T13/><D13/><U8/><E1/><V38/><F38/><W24/><REACH who="3" step="1"/><G21/><REACH who="3" ten="201,250,289,240" step="2"/><T82/><AGARI ba="0,2" hai="16,22,27,45,48,54,56,58,61,66,68,74,79,82" machi="82" ten="30,4000,0" yaku="1,1,0,1,54,1,53,0" doraHai="135" doraHaiUra="132" who="0" fromWho="0" sc="201,60,250,-20,289,-10,240,-10" /><INIT seed="2,0,0,1,1,71" ten="261,230,279,230" oya="2" hai0="58,17,79,128,110,133,14,26,101,87,38,69,50" hai1="120,63,94,18,7,21,20,76,122,52,106,99,68" hai2="30,114,13,57,73,85,127,91,66,1,121,132,118" hai3="10,45,86,131,93,0,37,109,83,16,126,9,53"/><V113/><F118/><W75/><G109/><T33/><D69/><U95/><E76/><V55/><F121/><N who="1" m="46697" /><E7/><V51/><F1/><W135/><G135/><T64/><D110/><U65/><E106/><V105/><F132/><W124/><G131/><T112/><D133/><U88/><E18/><V40/><F127/><N who="3" m="48683" /><G75/><T36/><D101/><N who="1" m="60663" /><E52/><V2/><F2/><W39/><G93/><T130/><D112/><U111/><E111/><V104/><F73/><W6/><G53/><N who="0" m="32055" /><D64/><U72/><E72/><V31/><F66/><W3/><G45/><T117/><D117/><U89/><E89/><V97/><F105/><W5/><G16/><T44/><D44/><U19/><E19/><V108/><F108/><W107/><G107/><T22/><D79/><AGARI ba="0,0" hai="0,3,5,6,9,10,37,39,79,83,86" m="48683" machi="79" ten="30,3900,0" yaku="18,1,52,2" doraHai="71" who="3" fromWho="0" sc="261,-39,230,0,279,0,230,39" /><INIT seed="3,0,0,3,0,25" ten="222,230,279,269" oya="3" hai0="23,50,108,32,130,85,67,100,7,131,51,93,125" hai1="124,66,132,128,106,2,43,24,53,6,92,117,98" hai2="119,120,64,56,83,72,79,39,15,13,104,121,94" hai3="90,5,82,62,96,114,101,37,73,12,21,11,71"/><W60/><G114/><T58/><D32/><U134/><E106/><V8/><F119/><W34/><G34/><T89/><D108/><U47/><E117/><V78/><F104/><W127/><G127/><T87/><D7/><U41/><E124/><V27/><F39/><W88/><G37/><T40/><D125/><U59/><E128/><N who="0" m="49193" /><D100/><U102/><E66/><V95/><F79/><W49/><G49/><T19/><D40/><U110/><E110/><V54/><F64/><W38/><G38/><T97/><D51/><U35/><E6/><V76/><F76/><W46/><G46/><T16/><D19/><U57/><E2/><V0/><F0/><W113/><G113/><T52/><D67/><U133/><E47/><V30/><F13/><AGARI ba="0,0" hai="13,16,23,50,52,58,85,87,89,93,97" m="49193" machi="13" ten="30,3900,0" yaku="19,1,54,2" doraHai="25" who="0" fromWho="2" sc="222,39,230,0,279,-39,269,0" /><INIT seed="4,0,0,1,3,133" ten="261,230,240,269" oya="0" hai0="127,126,55,47,129,77,1,61,74,52,119,113,85" hai1="91,112,98,41,32,128,101,24,130,40,14,6,68" hai2="39,81,110,96,134,99,27,2,107,100,84,78,94" hai3="0,57,29,66,12,92,45,20,36,106,46,90,65"/><T88/><D119/><U124/><E112/><V15/><F2/><W33/><G106/><T83/><D1/><U54/><E68/><V67/><F39/><W105/><G105/><T121/><D121/><U31/><E91/><V123/><F67/><W120/><G0/><T4/><D4/><U111/><E111/><V132/><F123/><W16/><G120/><T48/><D129/><N who="1" m="49771" /><E54/><V70/><F70/><W93/><G93/><T7/><D7/><U118/><E118/><V23/><F15/><W82/><G82/><T53/><D113/><U10/><E124/><N who="0" m="47657" /><D61/><U63/><E63/><V13/><F13/><W135/><G135/><N who="2" m="51753" /><F110/><W114/><G114/><T38/><D38/><U19/><E6/><V26/><F23/><W22/><G22/><T58/><D58/><U18/><E18/><V108/><F108/><W117/><G16/><T86/><D88/><AGARI ba="0,0" hai="26,27,78,81,84,88,94,96,99,100,107" m="51753" machi="88" ten="30,2000,0" yaku="20,1,54,1" doraHai="133" who="2" fromWho="0" sc="261,-20,230,0,240,20,269,0" /><INIT seed="5,0,0,1,1,73" ten="241,230,260,269" oya="1" hai0="23,110,13,75,8,132,85,128,5,21,4,1,10" hai1="60,11,71,46,91,133,35,22,7,130,76,97,6" hai2="83,3,47,42,55,116,48,127,121,28,16,30,113" hai3="101,36,134,94,57,112,106,108,31,77,111,66,53"/><U34/><E133/><V39/><F116/><W44/><G106/><T26/><D75/><U115/><E115/><V41/><F121/><W14/><G112/><T93/><D110/><U50/><E130/><V79/><F113/><W120/><G120/><T104/><D104/><U15/><E6/><V92/><F3/><W65/><G31/><T109/><D109/><U12/><E76/><V43/><F39/><W18/><G134/><T72/><D72/><U98/><E71/><V54/><F127/><W88/><G101/><T33/><D132/><U129/><E129/><V19/><F55/><W61/><G77/><T119/><D119/><U63/><E35/><V123/><F123/><W49/><G36/><T117/><D117/><U29/><E34/><V124/><F124/><W122/><G122/><T45/><D45/><U86/><E98/><V20/><F92/><W32/><G32/><T56/><D56/><U2/><E97/><V100/><F100/><W118/><G118/><T87/><D128/><U126/><E126/><V96/><F96/><N who="3" m="57415" /><G111/><T74/><D74/><U51/><E2/><V125/><F125/><W89/><G89/><T9/><D93/><N who="1" m="54519" /><E50/><V80/><F80/><W81/><G81/><T131/><D131/><U17/><E22/><N who="0" m="8201" /><D87/><U135/><E29/><N who="2" m="11371" /><F20/><N who="3" m="11351" /><G108/><T24/><D33/><U103/><E135/><V95/><F95/><W78/><G78/><T0/><D85/><AGARI ba="0,0" hai="16,19,41,42,43,47,48,54,79,83,85" m="11371" machi="85" ten="30,3900,0" yaku="8,1,52,1,54,1" doraHai="73" who="2" fromWho="0" sc="241,-39,230,0,260,39,269,0" /><INIT seed="6,0,0,0,5,53" ten="202,230,299,269" oya="2" hai0="21,41,45,107,123,33,116,105,71,19,113,110,14" hai1="95,64,10,121,74,94,79,48,135,131,16,60,102" hai2="35,90,37,97,98,42,93,104,0,124,1,15,73" hai3="103,133,56,89,17,119,108,43,77,96,4,134,3"/><V8/><F35/><W46/><G108/><T24/><D110/><U6/><E135/><V106/><F73/><W58/><G119/><T132/><D123/><U30/><E131/><V11/><F124/><W47/><G77/><T28/><D116/><U34/><E121/><V25/><F25/><W128/><G89/><T76/><D132/><N who="3" m="50793" /><G17/><T112/><D71/><U88/><E34/><V9/><F15/><W109/><G128/><T120/><D120/><U7/><E30/><V86/><F97/><W100/><G47/><T13/><D76/><U27/><E79/><V52/><F52/><W62/><G62/><T44/><D44/><U12/><E74/><V18/><F18/><W87/><G87/><T99/><D13/><U36/><E36/><V51/><F37/><N who="3" m="21871" /><G109/><T49/><REACH who="0" step="1"/><D99/><REACH who="0" ten="192,230,299,269" step="2"/><N who="1" m="59767" /><E27/><V66/><F98/><W84/><G84/><T55/><D55/><U63/><E48/><V54/><F66/><W72/><G72/><T85/><D85/><N who="1" m="52623" /><E63/><V31/><F42/><W32/><G103/><T68/><D68/><U61/><E60/><V29/><F54/><W67/><G67/><T38/><D38/><U26/><E26/><V57/><F51/><W101/><G101/><T117/><D117/><U5/><E61/><V126/><F86/><W20/><G100/><T65/><D65/><AGARI ba="0,1" hai="5,6,7,10,12,16,64,65" m="52623,59767" machi="65" ten="30,3900,0" yaku="8,1,54,2" doraHai="53" who="1" fromWho="0" sc="192,-39,230,49,299,0,269,0" /><INIT seed="7,0,0,0,5,14" ten="153,279,299,269" oya="3" hai0="22,18,72,41,5,6,71,53,81,66,79,4,115" hai1="12,67,111,54,82,73,45,36,23,31,95,113,8" hai2="61,55,74,101,1,132,130,64,76,123,94,107,105" hai3="59,128,75,117,58,96,32,62,100,86,85,7,28"/><W44/><G117/><T24/><D41/><U131/><E111/><V84/><F1/><W92/><G128/><T30/><D115/><U10/><E113/><V98/><F130/><W27/><G75/><T48/><D66/><U34/><E34/><V2/><F2/><W57/><G7/><T129/><D71/><U124/><E67/><V63/><F132/><W15/><G15/><T91/><D129/><U118/><E131/><V19/><F123/><W116/><G116/><T126/><D126/><U0/><E118/><V89/><F107/><W70/><REACH who="3" step="1"/><G44/><REACH who="3" ten="153,279,299,259" step="2"/><T135/><D135/><U39/><E124/><V114/><F114/><W52/><G52/><T20/><D91/><U134/><E134/><V109/><F109/><W122/><G122/><T37/><D37/><U83/><E39/><V26/><F64/><AGARI ba="0,1" hai="27,28,32,57,58,59,62,64,70,85,86,92,96,100" machi="64" ten="40,2000,0" yaku="1,1,53,0" doraHai="14" doraHaiUra="78" who="3" fromWho="2" sc="153,0,279,0,299,-20,259,30" /><INIT seed="7,1,0,2,5,82" ten="153,279,279,289" oya="3" hai0="36,123,67,12,115,50,4,61,116,76,24,37,45" hai1="110,124,59,11,88,100,81,40,122,64,58,57,16" hai2="80,33,105,5,102,19,95,109,43,8,3,87,34" hai3="74,55,28,126,39,42,56,97,60,98,46,70,89"/><W94/><G126/><T32/><D116/><U10/><E110/><V119/><F109/><W9/><G74/><T101/><D123/><U121/><E124/><V132/><F119/><W113/><G113/><T129/><D129/><U44/><E121/><V120/><F120/><W23/><G70/><T17/><D115/><U135/><E122/><V96/><F132/><W131/><G131/><T25/><D4/><U90/><E135/><V93/><F43/><W1/><G97/><T128/><D128/><U77/><E100/><V41/><F41/><W133/><G133/><T7/><D7/><U92/><E64/><V29/><F19/><W15/><G1/><T117/><D117/><U83/><E90/><V127/><F127/><W38/><G23/><T78/><D101/><U27/><E10/><V6/><F6/><W18/><G28/><T106/><D106/><U30/><E77/><V99/><F29/><W66/><G66/><T85/><D37/><AGARI ba="1,0" hai="9,15,18,37,38,39,42,46,55,56,60,89,94,98" machi="37" ten="30,1500,0" yaku="7,1" doraHai="82" who="3" fromWho="0" sc="153,-18,279,0,279,0,289,18" owari="135,-36.5,279,7.9,279,-12.1,307,40.7" /></mjloggm>