<mjloggm ver="2.3"><GO type="225" lobby="0"/><UN n0="%E4%B8%AD%E5%B9%B4%E3%81%AE%E5%8D%B1%E6%A9%9F" n1="%E6%B8%A9%E2%98%85%E6%83%85%E2%98%85%E6%8E%AA%E2%98%85%E7%BD%AE" n2="%E3%81%BF%E3%81%BF%E3%81%9A" n3="%E7%89%B9%E6%9D%B1%E3%81%AF%E4%B8%96%E7%95%8C%E3%82%92%E6%95%91%E3%81%86" dan="17,16,17,16" rate="2180.84,2163.42,2204.63,2142.24" sx="M,M,M,M"/><TAIKYOKU oya="0"/><INIT seed="0,0,0,2,2,64" ten="250,250,250,250" oya="0" hai0="41,110,106,117,15,90,111,81,50,96,25,43,99" hai1="61,24,26,9,13,94,6,39,69,21,85,28,29" hai2="98,116,122,84,86,95,104,100,87,16,62,72,126" hai3="75,17,68,49,37,27,10,12,2,82,32,0,56"/><T113/><D117/><U30/><E39/><V73/><F122/><W31/><G37/><T109/><D113/><U112/><E112/><V108/><F116/><W127/><G127/><T133/><D133/><U57/><E69/><V52/><F126/><W44/><G56/><T54/><D25/><U80/><E94/><V65/><F108/><N who="0" m="27650" /><T93/><DORA hai="71" /><D81/><U67/><REACH who="1" step="1"/><E24/><REACH who="1" ten="250,240,250,250" step="2"/><V91/><F104/><W34/><G68/><T66/><D66/><U121/><E121/><V5/><F65/><W76/><REACH who="3" step="1"/><G34/><REACH who="3" ten="250,240,250,240" step="2"/><T3/><D3/><U101/><E101/><V19/><F100/><W131/><G131/><T53/><D15/><U123/><E123/><V132/><F132/><W22/><G22/><T48/><D106/><U59/><E59/><V130/><F130/><W35/><G35/><T119/><D119/><U42/><E42/><AGARI ba="0,2" hai="0,2,10,12,17,27,31,32,42,44,49,75,76,82" machi="42" ten="30,3900,0" yaku="1,1,7,1,53,1" doraHai="64,71" doraHaiUra="18,7" who="3" fromWho="1" sc="250,0,240,-39,250,0,240,59" /><INIT seed="1,0,0,3,0,85" ten="250,201,250,299" oya="1" hai0="88,7,123,132,121,94,129,76,59,3,74,126,58" hai1="55,24,33,131,48,135,8,116,81,68,115,109,45" hai2="20,30,16,134,105,72,70,21,63,47,98,91,44" hai3="46,113,35,80,133,62,118,117,49,103,0,51,29"/><U67/><E115/><V56/><F72/><W87/><G113/><T110/><D110/><U120/><E116/><N who="3" m="44650" /><G133/><T28/><D132/><U100/><E135/><V82/><F70/><W106/><G0/><T1/><D28/><U23/><E120/><N who="0" m="46153" /><D126/><U57/><E109/><V83/><F134/><W89/><G62/><T112/><D112/><U26/><E131/><V84/><F105/><W6/><G6/><T25/><D25/><U60/><E33/><V79/><F21/><W36/><G103/><T93/><D93/><U9/><E100/><V10/><F10/><W32/><G106/><T43/><D43/><U90/><E68/><V19/><F30/><W128/><G128/><T34/><D34/><N who="3" m="12841" /><G29/><T38/><D129/><U78/><E78/><V40/><F40/><AGARI ba="0,0" hai="36,40,46,49,51,80,87,89" m="12841,44650" machi="40" ten="30,2000,0" yaku="12,1,52,1" doraHai="85" who="3" fromWho="2" sc="250,0,201,0,250,-20,299,20" /><INIT seed="2,0,0,0,2,126" ten="250,201,230,319" oya="2" hai0="35,131,67,38,134,101,27,92,11,6,70,12,36" hai1="72,19,48,51,33,63,129,105,74,94,58,47,109" hai2="108,125,16,54,122,84,97,1,88,7,128,118,82" hai3="132,50,81,103,123,0,4,30,44,107,78,31,46"/><V102/><F118/><W15/><G0/><T9/><D134/><U106/><E33/><V21/><F122/><W41/><G123/><T85/><D131/><U120/><E120/><V39/><F125/><W77/><G132/><T76/><D70/><U69/><E69/><V55/><F39/><W26/><G46/><T22/><D35/><U83/><E94/><V10/><F128/><W116/><G116/><T111/><D111/><U29/><E29/><V117/><F117/><W96/><G26/><T40/><D67/><U89/><E129/><V133/><F133/><W17/><G4/><T24/><D38/><U2/><E2/><V114/><F114/><W71/><G77/><T61/><D61/><U99/><E109/><V130/><F130/><W119/><G71/><T56/><D56/><U42/><E19/><V32/><F32/><W115/><G115/><T34/><D40/><U25/><E25/><V8/><F8/><W14/><G14/><N who="0" m="5431" /><D22/><U37/><E74/><V113/><F113/><W66/><G66/><T28/><D36/><U53/><E72/><V49/><F49/><W3/><G3/><T127/><D127/><U79/><E51/><V18/><F108/><W95/><G107/><T43/><D43/><U20/><E20/><V60/><F60/><W91/><G119/><T80/><D27/><U110/><E37/><V59/><F59/><W65/><G50/><T57/><D57/><U90/><E110/><V5/><F5/><W112/><G112/><T23/><D34/><U100/><E106/><N who="2" m="63823" /><F21/><W93/><G44/><T98/><D11/><U121/><E121/><RYUUKYOKU ba="0,0" sc="250,10,201,10,230,10,319,-30" hai0="12,23,24,28,76,80,85,92,98,101" hai1="42,47,48,53,58,63,79,83,89,90,99,100,105" hai2="1,7,10,16,18,54,55,82,84,88" /><INIT seed="2,1,0,0,3,103" ten="260,211,240,289" oya="2" hai0="56,24,89,5,74,8,129,29,112,92,65,79,118" hai1="134,98,44,113,70,40,126,60,45,131,75,6,1" hai2="0,38,133,23,42,73,83,77,121,62,102,125,51" hai3="58,37,111,57,48,93,41,130,66,19,52,35,85"/><V3/><F121/><W2/><G2/><T108/><D112/><U104/><E113/><V15/><F133/><W4/><G35/><T11/><D118/><U97/><E134/><V55/><F125/><W25/><G4/><T110/><D129/><U53/><E126/><V88/><F62/><W115/><G115/><T27/><D79/><U59/><E131/><V127/><F127/><W78/><G111/><N who="0" m="42539" /><D74/><U84/><E75/><V33/><F33/><W54/><G66/><T100/><D100/><U105/><E84/><V49/><F49/><W94/><G19/><T91/><D11/><U99/><E70/><V109/><F109/><W90/><G25/><N who="0" m="9803" /><D92/><U18/><E18/><V117/><F117/><W120/><G78/><T72/><D72/><U106/><REACH who="1" step="1"/><E40/><REACH who="1" ten="260,201,240,289" step="2"/><V46/><F42/><W64/><G41/><T17/><D17/><U22/><E22/><V80/><F23/><W39/><G130/><T36/><D29/><U47/><E47/><V124/><F124/><W135/><G135/><T71/><D71/><U31/><E31/><V21/><F21/><W30/><G30/><T101/><D8/><AGARI ba="1,1" hai="1,6,8,44,45,53,59,60,97,98,99,104,105,106" machi="8" ten="50,8000,1" yaku="1,1,52,3,53,0" doraHai="103" doraHaiUra="86" who="1" fromWho="0" sc="260,-83,201,93,240,0,289,0" /><INIT seed="3,0,0,0,2,54" ten="177,294,240,289" oya="3" hai0="102,97,77,88,116,34,82,27,46,35,60,121,111" hai1="100,107,99,56,62,73,50,114,124,132,120,66,44" hai2="72,2,93,18,75,37,26,42,4,23,15,41,0" hai3="74,131,49,98,84,63,108,45,32,85,127,30,36"/><W51/><G74/><T47/><D121/><U58/><E120/><V1/><F72/><W64/><G36/><T3/><D3/><U53/><E114/><V10/><F75/><W130/><G108/><T12/><D111/><U17/><E132/><V129/><F37/><W133/><G127/><T16/><D116/><U67/><E124/><V123/><F123/><W109/><G109/><T6/><D6/><U70/><E73/><V135/><F135/><W43/><G49/><T68/><D77/><U91/><E67/><V11/><F93/><W83/><G133/><T134/><D134/><U81/><REACH who="1" step="1"/><E17/><REACH who="1" ten="177,284,240,289" step="2"/><N who="2" m="12655" /><F42/><W128/><G64/><T25/><D35/><U105/><E105/><V22/><F41/><W52/><G128/><T126/><D126/><U106/><E106/><V21/><F129/><W28/><G32/><T55/><D68/><U80/><E80/><V61/><F61/><W65/><G43/><T57/><D34/><U122/><E122/><V20/><AGARI ba="0,1" hai="0,1,2,4,10,11,15,18,20,21,22" m="12655" machi="20" ten="30,8000,1" yaku="35,5" doraHai="54" who="2" fromWho="2" sc="177,-20,284,-20,240,90,289,-40" owari="157,-34.3,264,6.4,330,43.0,249,-15.1" /></mjloggm>