<mjloggm ver="2.3"><GO type="225" lobby="0"/><UN n0="%E3%82%B2%E3%82%B9%E8%8C%82%E5%8B%9D" n1="%4C%4F%4C%49%54%41" n2="%E4%BA%95%E5%B8%AF" n3="%6A%79%75%6E%6F%68" dan="16,16,16,16" rate="2128.20,2177.55,2057.85,2122.18" sx="F,F,M,M"/><TAIKYOKU oya="0"/><INIT seed="0,0,0,2,0,22" ten="250,250,250,250" oya="0" hai0="64,123,29,99,2,110,54,114,7,102,62,33,131" hai1="81,20,108,31,86,89,74,71,46,73,120,105,4" hai2="115,77,100,72,40,135,57,60,35,116,28,34,6" hai3="50,121,83,98,94,84,128,32,47,124,97,52,5"/><T96/><D114/><U132/><E120/><V18/><F6/><W21/><G121/><T122/><D131/><U106/><E71/><V113/><F40/><W36/><G32/><T44/><D7/><U103/><E4/><V10/><F100/><W109/><G128/><T48/><D2/><U82/><E46/><V37/><F37/><W66/><G109/><T67/><D110/><U0/><E0/><V53/><F135/><W9/><G9/><T51/><BYE who="3" /><D51/><U65/><E65/><V1/><F116/><W112/><G112/><T126/><D126/><U80/><E20/><V79/><F34/><W91/><G91/><T8/><D8/><U12/><E12/><UN n3="%6A%79%75%6E%6F%68" /><V56/><F1/><W87/><G124/><T63/><D64/><U92/><E31/><V43/><F43/><W13/><G36/><T129/><D129/><U25/><E25/><V26/><F57/><W24/><G66/><T45/><D45/><U3/><E3/><V42/><F42/><W119/><G119/><T95/><D96/><N who="3" m="36969" /><G94/><T68/><REACH who="0" step="1"/><D63/><REACH who="0" ten="240,250,250,250" step="2"/><U125/><E108/><V93/><F60/><W27/><G5/><T19/><D19/><U117/><E125/><V17/><F18/><N who="3" m="10447" /><G83/><N who="1" m="31818" /><E117/><V23/><F10/><W49/><G49/><T90/><D90/><N who="1" m="51543" /><E132/><V15/><F115/><W111/><G111/><T59/><D59/><U39/><E39/><V75/><F113/><W107/><G107/><N who="1" m="40970" /><E103/><V118/><F118/><W134/><G134/><T76/><D76/><N who="2" m="29258" /><F56/><W14/><G47/><T30/><D30/><U101/><E101/><V58/><F58/><W70/><G50/><T85/><D85/><AGARI ba="0,1" hai="73,74,85,89,92" m="40970,51543,31818" machi="85" ten="30,12000,2" yaku="6,1,35,5" doraHai="22" who="1" fromWho="0" sc="240,-120,250,130,250,0,250,0" /><INIT seed="1,0,0,3,3,18" ten="120,380,250,250" oya="1" hai0="37,89,24,93,35,107,21,103,15,1,59,98,134" hai1="48,8,63,117,42,129,55,69,44,67,51,132,30" hai2="110,97,86,126,17,70,74,10,114,105,92,47,6" hai3="57,121,75,2,41,118,100,40,72,19,53,113,94"/><U108/><E30/><V34/><F70/><W82/><G2/><T3/><D134/><U73/><E73/><V101/><F34/><W111/><G111/><T112/><D112/><U109/><E117/><V71/><F71/><W81/><G113/><T88/><D37/><U27/><E27/><V120/><F120/><W78/><G121/><T91/><D35/><U80/><E80/><V13/><F126/><W5/><G5/><T9/><D59/><N who="1" m="33255" /><E8/><V25/><F110/><N who="1" m="42601" /><E129/><V79/><F25/><W135/><G118/><T4/><REACH who="0" step="1"/><D107/><REACH who="0" ten="110,380,250,250" step="2"/><U20/><E132/><V49/><F114/><W68/><G135/><T28/><AGARI ba="0,1" hai="1,3,4,9,15,21,24,28,88,89,91,93,98,103" machi="28" ten="30,8000,1" yaku="1,1,2,1,0,1,52,1,54,1,53,0" doraHai="18" doraHaiUra="62" who="0" fromWho="0" sc="110,90,380,-40,250,-20,250,-20" /><INIT seed="2,0,0,3,3,91" ten="200,340,230,230" oya="2" hai0="114,118,101,98,76,59,8,11,126,1,123,72,111" hai1="29,122,30,3,88,34,52,25,57,53,108,12,7" hai2="55,37,90,97,93,129,84,5,13,39,119,83,32" hai3="104,14,127,100,24,49,110,130,4,50,107,31,20"/><V38/><F119/><W82/><G110/><T26/><D111/><U68/><E108/><V103/><F129/><W2/><G130/><T99/><D114/><U87/><E68/><V21/><F32/><W131/><G131/><T106/><D126/><U6/><E3/><V40/><F55/><W120/><G120/><T60/><D118/><U33/><E122/><V86/><F86/><W80/><G2/><T62/><D123/><U132/><E132/><V115/><F115/><W67/><G67/><T22/><D76/><U79/><E79/><V46/><REACH who="2" step="1"/><F21/><REACH who="2" ten="200,340,220,230" step="2"/><W74/><G74/><T51/><D72/><U17/><E53/><V95/><F95/><W75/><G75/><T105/><D106/><U121/><E33/><V78/><F78/><W128/><G107/><T81/><D81/><U70/><E34/><V43/><F43/><W45/><G128/><T36/><D98/><U69/><E121/><V48/><F48/><W109/><G49/><T35/><D36/><U9/><E87/><V85/><F85/><W134/><G109/><T66/><D35/><U125/><E52/><V58/><F58/><W96/><G82/><T54/><D66/><U0/><E57/><V77/><F77/><W124/><G80/><T135/><D135/><U133/><E133/><V117/><F117/><W44/><G134/><T56/><D59/><U71/><E69/><V73/><F73/><W113/><G113/><T89/><D56/><U116/><E71/><V63/><F63/><W41/><G41/><T92/><D62/><U102/><E70/><V28/><F28/><W94/><G31/><RYUUKYOKU ba="0,1" sc="200,-10,340,-10,220,30,230,-10" hai2="5,13,37,38,39,40,46,83,84,90,93,97,103" /><INIT seed="2,1,1,5,2,50" ten="190,330,250,220" oya="2" hai0="135,92,29,87,14,80,71,2,96,65,133,23,26" hai1="45,19,98,36,95,103,60,5,20,57,48,109,4" hai2="132,112,74,116,61,83,15,67,93,108,128,62,77" hai3="54,73,99,28,58,110,113,66,81,53,90,0,129"/><V47/><F116/><W78/><G0/><T42/><D2/><U118/><E109/><V37/><F112/><W89/><G110/><T130/><D130/><U97/><E36/><V107/><F107/><W21/><G129/><T82/><D42/><N who="1" m="24631" /><E98/><V91/><F128/><W12/><G113/><T72/><D72/><U125/><E125/><V127/><F127/><W39/><G39/><T59/><D71/><U117/><E118/><V40/><F108/><W94/><G89/><T8/><D59/><U43/><E43/><V52/><F132/><N who="0" m="50762" /><D87/><U46/><E46/><V104/><F104/><W49/><G28/><T33/><D65/><N who="1" m="39055" /><E117/><V64/><F15/><AGARI ba="1,1" hai="4,5,15,19,20,95,97,103" m="39055,24631" machi="15" ten="30,1000,0" yaku="8,1" doraHai="50" who="1" fromWho="2" sc="190,0,330,23,250,-13,220,0" /><INIT seed="3,0,0,3,2,78" ten="190,353,237,220" oya="3" hai0="16,27,28,120,39,126,114,117,83,87,44,38,121" hai1="66,96,21,35,50,85,79,71,76,45,101,135,91" hai2="133,64,84,88,36,93,34,26,3,82,112,124,37" hai3="43,61,125,69,48,128,25,99,68,1,33,41,77"/><W95/><G1/><T7/><D117/><U59/><E35/><V75/><F112/><W132/><G77/><T118/><D118/><U32/><E32/><V130/><F3/><W54/><G125/><T134/><D126/><U81/><E71/><V63/><F130/><W57/><G132/><T72/><D72/><U123/><E123/><V108/><F108/><W2/><G2/><T15/><D134/><U67/><E135/><V42/><F42/><W111/><G128/><T105/><D105/><U129/><E67/><V116/><F116/><W29/><G111/><T115/><D7/><U46/><E46/><V40/><F40/><W22/><G33/><N who="0" m="20639" /><D44/><U70/><E70/><V104/><F104/><W11/><G11/><N who="0" m="6271" /><D120/><U119/><E129/><V127/><F133/><W14/><G14/><T52/><D52/><U80/><E45/><V103/><F75/><W98/><G69/><T20/><D20/><U86/><E21/><V109/><F109/><W107/><G107/><T13/><D13/><U9/><E66/><V100/><F127/><W0/><G0/><T24/><D24/><U12/><E119/><V89/><F26/><W49/><G98/><T73/><D73/><U30/><E96/><N who="2" m="57383" /><F34/><W97/><G97/><T60/><D60/><U55/><E55/><V51/><F124/><W47/><G68/><T19/><D19/><U113/><E76/><V31/><F63/><W106/><G106/><T90/><D121/><U110/><E110/><V17/><F17/><W23/><G23/><T53/><D53/><U5/><E79/><V56/><F64/><N who="3" m="38959" /><G49/><T94/><D94/><RYUUKYOKU ba="0,0" sc="190,15,353,-15,237,-15,220,15" hai0="38,39,83,87,90,114,115" hai3="22,25,29,41,43,47,48,54,95,99" /><INIT seed="3,1,0,3,4,88" ten="205,338,222,235" oya="3" hai0="11,53,111,125,82,23,12,44,41,6,29,30,120" hai1="117,118,42,79,21,28,38,54,3,45,9,58,63" hai2="135,15,83,110,56,4,69,107,5,112,48,22,67" hai3="119,50,20,10,124,51,68,19,85,98,39,104,95"/><W7/><G119/><N who="1" m="45578" /><E79/><V77/><F107/><W90/><G39/><T91/><D120/><U115/><E115/><V34/><F34/><W132/><G68/><T61/><D111/><U76/><E76/><V122/><F112/><W80/><G104/><T24/><D125/><U114/><E114/><V72/><F110/><W78/><G132/><T126/><D126/><U16/><E28/><V134/><F69/><W26/><REACH who="3" step="1"/><G124/><REACH who="3" ten="205,338,222,225" step="2"/><T71/><D71/><U128/><E128/><V93/><F135/><W35/><G35/><T74/><D74/><U100/><E100/><V73/><F134/><W66/><G66/><T70/><D70/><U113/><E113/><V121/><F72/><W25/><G25/><T60/><D53/><U116/><E116/><V46/><F122/><W102/><G102/><T101/><D101/><U0/><E9/><V31/><F121/><W106/><G106/><T96/><D24/><AGARI ba="1,1" hai="0,3,16,21,24,38,42,45,54,58,63" m="45578" machi="24" ten="30,2000,0" yaku="12,1,54,1" doraHai="88" who="1" fromWho="0" sc="205,-23,338,33,222,0,225,0" owari="182,-31.8,371,47.1,222,-17.8,225,2.5" /></mjloggm>