<mjloggm ver="2.3"><GO type="225" lobby="0"/><UN n0="%E6%81%AC%E6%B7%A1%E5%AF%82%E5%AF%9E" n1="%E6%98%93%E5%88%A9%E8%96%A9%E4%BC%AF" n2="%E8%81%B7%E6%A5%AD%E3%80%81%E9%A2%A8%32" n3="%6D%75%75%6D%75%72%61" dan="16,16,16,16" rate="2106.88,2113.58,2144.69,2092.33" sx="M,F,M,F"/><TAIKYOKU oya="0"/><INIT seed="0,0,0,1,3,60" ten="250,250,250,250" oya="0" hai0="93,28,135,52,115,119,61,11,30,12,117,32,104" hai1="68,18,50,105,6,58,90,35,78,73,57,83,79" hai2="27,118,134,56,92,71,63,53,88,94,95,62,4" hai3="75,106,23,25,124,13,49,20,1,24,110,8,16"/><T15/><D104/><U121/><E105/><V123/><F123/><W36/><G36/><T40/><D115/><U129/><E121/><V37/><F37/><W48/><G75/><T69/><D40/><U29/><E68/><V7/><F134/><W103/><G110/><T74/><D74/><U38/><E38/><V101/><F118/><W47/><G124/><T98/><D135/><U109/><E109/><V45/><F101/><W81/><G81/><T131/><D131/><U2/><E79/><V85/><F27/><W116/><G116/><T96/><D32/><U125/><E125/><V87/><F45/><W113/><G113/><T26/><D26/><U82/><E129/><V0/><F0/><W46/><G1/><T33/><D33/><U89/><E29/><V122/><F122/><W9/><G106/><T59/><D69/><U72/><E35/><V112/><F112/><W54/><G103/><T67/><D52/><U5/><E18/><V108/><F108/><W21/><REACH who="3" step="1"/><G8/><REACH who="3" ten="250,250,250,240" step="2"/><T77/><D11/><U39/><E39/><V31/><F31/><W91/><G91/><T43/><D30/><U14/><E2/><V3/><F3/><W84/><G84/><T22/><D28/><U64/><E78/><V76/><F76/><W97/><G97/><T51/><D98/><U80/><E80/><N who="2" m="49191" /><F87/><W114/><G114/><T102/><D77/><U107/><E107/><V99/><F99/><W66/><G66/><T86/><D86/><U41/><E64/><N who="2" m="41367" /><F95/><W130/><G130/><T120/><D120/><U55/><E73/><V17/><F17/><W132/><G132/><RYUUKYOKU ba="0,1" sc="250,-15,250,-15,250,15,240,15" hai2="4,7,53,56,63,92,94" hai3="9,13,16,20,21,23,24,25,46,47,48,49,54" /><INIT seed="1,1,1,1,0,36" ten="235,235,265,255" oya="1" hai0="116,100,132,87,51,128,57,60,122,89,41,81,68" hai1="1,54,52,63,88,76,77,70,129,111,38,127,24" hai2="75,109,14,42,25,12,110,91,64,71,56,30,126" hai3="130,98,85,104,121,125,113,47,124,17,96,59,40"/><U69/><E1/><V67/><F75/><W20/><G121/><T44/><D116/><U114/><E114/><V4/><F71/><W6/><G113/><T107/><D122/><U66/><E127/><N who="3" m="48714" /><G130/><T15/><D128/><U23/><E129/><V0/><F126/><W55/><G6/><T65/><D132/><U19/><E111/><N who="2" m="42507" /><F0/><W99/><G104/><T29/><D29/><U39/><E70/><V83/><F4/><W31/><G31/><T53/><D15/><N who="2" m="5674" /><F56/><W106/><G85/><T37/><D100/><U10/><E10/><V135/><F135/><W8/><G8/><T45/><D45/><U90/><E39/><V43/><F91/><W5/><G5/><T33/><D107/><U11/><E11/><V97/><F97/><W115/><G115/><T74/><D74/><U35/><E38/><V93/><F93/><W22/><G106/><T50/><D50/><U108/><E35/><AGARI ba="1,1" hai="33,35,37,41,44,51,53,57,60,65,68,81,87,89" machi="35" ten="40,5200,0" yaku="24,2,52,1" doraHai="36" who="0" fromWho="1" sc="235,65,235,-55,265,0,255,0" /><INIT seed="2,0,0,0,2,61" ten="300,180,265,255" oya="2" hai0="7,51,4,19,17,47,37,25,70,107,112,124,100" hai1="90,109,46,32,26,43,48,57,66,24,52,1,127" hai2="130,35,34,67,75,71,79,42,59,83,84,133,95" hai3="117,50,54,15,135,18,45,99,30,97,12,21,58"/><V69/><F130/><W116/><G135/><T38/><D112/><U73/><E109/><V74/><F133/><W63/><G30/><T89/><D70/><U125/><E1/><V88/><F75/><W80/><G80/><T118/><D89/><U91/><E73/><V55/><F42/><W5/><G5/><T120/><D100/><U113/><E113/><V2/><F2/><W65/><REACH who="3" step="1"/><G12/><REACH who="3" ten="300,180,265,245" step="2"/><T39/><D7/><U78/><E78/><V41/><F34/><W76/><G76/><T128/><D4/><U86/><E32/><V8/><F35/><W77/><G77/><T131/><D131/><U104/><E26/><V23/><F83/><W14/><G14/><T72/><D25/><U68/><E24/><V0/><F79/><W94/><G94/><T93/><D93/><U85/><E104/><V20/><F95/><W33/><G33/><T132/><D107/><U102/><E102/><V11/><F0/><W96/><AGARI ba="0,1" hai="15,18,21,45,50,54,58,63,65,96,97,99,116,117" machi="96" ten="30,8000,1" yaku="1,1,0,1,52,1,53,2" doraHai="61" doraHaiUra="114" who="3" fromWho="3" sc="300,-20,180,-20,265,-40,245,90" /><INIT seed="3,0,0,3,1,50" ten="280,160,225,335" oya="3" hai0="73,94,68,110,111,103,30,65,64,58,76,10,1" hai1="88,120,77,112,5,40,113,47,32,26,16,35,59" hai2="7,122,24,121,105,12,69,52,132,28,4,92,23" hai3="8,27,125,81,74,115,25,117,44,53,130,67,0"/><W14/><G115/><T95/><D30/><U2/><E120/><N who="2" m="46187" /><F105/><W15/><G117/><T33/><D33/><U57/><E77/><V9/><F69/><W116/><G125/><T126/><D68/><U104/><E104/><V17/><F92/><W78/><G130/><T3/><D76/><U37/><E113/><V80/><F80/><W36/><G0/><T93/><D103/><U128/><E128/><V99/><F99/><W84/><G67/><T66/><D73/><U51/><E112/><V106/><F106/><W114/><G15/><T86/><D86/><U75/><E75/><V119/><F119/><W46/><G36/><T85/><D85/><U39/><E39/><V60/><F132/><W71/><G71/><T45/><D45/><U107/><E107/><V21/><F21/><W19/><G44/><T89/><D89/><U87/><E2/><N who="0" m="521" /><D10/><U129/><E5/><V135/><F135/><W98/><G8/><T97/><D58/><AGARI ba="0,0" hai="4,7,9,12,17,23,24,28,52,58,60" m="46187" machi="58" ten="30,3900,0" yaku="13,1,52,1,54,1" doraHai="50" who="2" fromWho="0" sc="280,-39,160,0,225,39,335,0" owari="241,-15.9,160,-34.0,264,6.4,335,43.5" /></mjloggm>