<mjloggm ver="2.3"><GO type="225" lobby="0"/><UN n0="%E5%80%89%E6%A9%8B%EF%BC%A0%E4%BA%8B%E5%8B%99" n1="%E7%9C%9F%E4%B8%80" n2="%73%6C%69%63%6B%33%31%39" n3="%43%68%65" dan="16,17,17,16" rate="2107.23,2232.73,2176.61,2123.05" sx="M,M,M,M"/><TAIKYOKU oya="0"/><INIT seed="0,0,0,3,4,109" ten="250,250,250,250" oya="0" hai0="2,54,82,33,74,96,120,8,132,63,116,93,22" hai1="31,43,117,83,89,20,85,90,37,97,78,111,128" hai2="102,124,58,3,0,9,76,68,61,106,72,23,28" hai3="115,112,5,24,50,26,100,1,105,16,69,7,30"/><T114/><D33/><U81/><E117/><V55/><F124/><W113/><G69/><T88/><D116/><U99/><E111/><V84/><F72/><W21/><G1/><T65/><D120/><U34/><E34/><V77/><F68/><W107/><G50/><T44/><D132/><U95/><E37/><V13/><F102/><W32/><REACH who="3" step="1"/><G100/><REACH who="3" ten="250,250,250,240" step="2"/><T75/><D2/><U110/><E110/><V133/><F0/><W40/><G40/><T103/><D103/><U118/><E43/><V79/><F3/><W87/><G87/><T29/><D74/><U53/><E85/><V122/><F84/><W10/><G10/><T73/><D8/><U48/><E48/><V41/><F41/><W94/><G94/><T35/><D73/><U17/><E95/><V80/><F133/><W14/><G14/><T11/><D11/><U59/><E118/><V18/><F122/><W119/><G119/><T70/><D93/><U125/><E125/><V64/><F106/><AGARI ba="0,1" hai="5,7,16,21,24,26,30,32,105,106,107,112,113,115" machi="106" ten="50,12000,2" yaku="1,1,52,3,54,1,53,1" doraHai="109" doraHaiUra="27" who="3" fromWho="2" sc="250,0,250,0,250,-120,240,130" /><INIT seed="1,0,0,5,0,102" ten="250,250,130,370" oya="1" hai0="93,16,18,39,45,44,54,31,120,84,104,30,128" hai1="51,95,79,56,114,112,62,37,80,132,63,6,108" hai2="107,91,3,67,98,78,1,123,96,87,99,81,19" hai3="124,75,9,21,83,35,71,88,10,17,46,28,115"/><U48/><E6/><V106/><F123/><W133/><G115/><T43/><D120/><U117/><E37/><V40/><F40/><W72/><G71/><T103/><D128/><U113/><E117/><V69/><F1/><W25/><G124/><T70/><D70/><U11/><E11/><V76/><F3/><W135/><G46/><T131/><D131/><U24/><E132/><N who="3" m="50762" /><G88/><T65/><D65/><U100/><E24/><V42/><F42/><W85/><G85/><T116/><D116/><U29/><E95/><V125/><F125/><W68/><G68/><T73/><D73/><N who="3" m="28233" /><G83/><T0/><D84/><U22/><E80/><V86/><F19/><W109/><G109/><T110/><D110/><U121/><E108/><V57/><F69/><W47/><G47/><T97/><D93/><U58/><E121/><V36/><F36/><W129/><G129/><T92/><D92/><U2/><E113/><V127/><F127/><W14/><AGARI ba="0,0" hai="9,10,14,17,21,25,28,35" m="28233,50762" machi="14" ten="30,1100,0" yaku="20,1" doraHai="102" who="3" fromWho="3" sc="250,-3,250,-5,130,-3,370,11" /><INIT seed="2,0,0,4,2,109" ten="247,245,127,381" oya="2" hai0="20,39,62,101,45,67,18,31,4,119,53,57,16" hai1="56,80,25,99,22,43,49,52,77,29,63,84,73" hai2="134,15,82,102,112,37,95,132,5,88,110,72,69" hai3="85,118,6,71,7,76,120,94,83,103,19,127,111"/><V117/><F69/><W133/><G118/><T86/><D119/><U61/><E73/><V33/><F33/><W116/><G71/><T105/><D4/><U55/><E43/><V113/><F117/><W8/><G111/><T9/><D105/><U100/><REACH who="1" step="1"/><E55/><REACH who="1" ten="247,235,127,381" step="2"/><V27/><F110/><W41/><G116/><T35/><D53/><U104/><AGARI ba="0,1" hai="22,25,29,49,52,56,61,63,77,80,84,99,100,104" machi="104" ten="20,12000,2" yaku="1,1,2,1,0,1,7,1,54,1,53,1" doraHai="109" doraHaiUra="93" who="1" fromWho="1" sc="247,-30,235,130,127,-60,381,-30" /><INIT seed="3,0,0,2,0,35" ten="217,365,67,351" oya="3" hai0="15,124,23,130,67,31,116,117,70,92,111,129,13" hai1="74,14,86,62,82,105,59,26,25,8,47,38,17" hai2="78,132,68,134,48,108,21,40,114,50,37,45,88" hai3="79,123,128,127,32,119,94,58,6,103,51,73,61"/><W19/><G119/><T133/><D92/><U115/><E105/><V110/><F21/><W5/><G123/><T81/><D81/><U42/><E74/><V33/><F88/><W122/><G122/><T9/><D67/><U7/><E17/><V57/><F78/><W30/><G127/><T85/><D85/><U107/><E107/><V10/><F10/><W102/><G128/><T0/><D70/><U53/><E115/><V125/><F33/><W28/><G73/><T20/><D124/><U66/><E66/><V12/><F12/><W63/><G79/><AGARI ba="0,0" hai="7,8,14,25,26,38,42,47,53,59,62,79,82,86" machi="79" ten="30,1000,0" yaku="7,1" doraHai="35" who="1" fromWho="3" sc="217,0,365,10,67,0,351,-10" owari="217,-18.3,375,47.5,67,-43.3,341,14.1" /></mjloggm>