<mjloggm ver="2.3"><GO type="225" lobby="0"/><UN n0="%E3%81%BF%E3%81%BF%E3%81%9A" n1="%E3%81%B5%E3%81%98%E3%81%8B%E3%81%A4" n2="%48%61%61%61%6C%61%6E%64" n3="%61%67%65%48%61" dan="17,16,18,16" rate="2244.00,2201.62,2253.21,2116.32" sx="M,M,M,M"/><TAIKYOKU oya="0"/><INIT seed="0,0,0,0,2,125" ten="250,250,250,250" oya="0" hai0="74,41,62,92,87,119,27,99,58,91,28,124,1" hai1="98,59,106,71,130,5,117,21,32,121,6,11,83" hai2="110,132,113,123,57,29,15,55,78,79,114,111,9" hai3="30,133,65,45,51,102,131,129,4,64,14,35,118"/><T47/><D119/><U89/><E117/><V2/><F2/><W23/><G118/><T61/><D124/><U44/><E71/><V120/><F29/><W24/><G133/><T16/><D74/><U18/><E32/><V90/><F90/><W39/><G39/><T101/><D1/><U96/><E121/><N who="2" m="46667" /><F132/><W122/><G122/><T12/><D27/><U54/><E130/><N who="3" m="49674" /><G102/><T84/><D28/><U36/><E106/><V33/><F33/><W68/><G68/><T31/><D31/><U69/><E69/><V67/><F67/><W116/><G116/><T105/><D87/><U88/><E6/><N who="2" m="3511" /><F114/><W46/><G35/><T135/><D58/><U63/><E59/><V115/><F115/><W77/><G77/><T75/><D75/><U126/><E89/><V103/><F103/><W73/><G73/><T3/><D3/><U112/><E88/><V56/><F113/><W37/><G37/><T60/><D135/><U19/><E112/><V72/><F72/><W85/><G85/><T7/><D7/><U82/><E5/><V25/><F79/><W52/><G46/><T107/><D84/><U53/><E44/><V76/><F76/><W100/><G100/><T17/><D101/><U48/><E36/><V43/><F78/><W8/><AGARI ba="0,0" hai="4,8,14,23,24,30,45,51,52,64,65" m="49674" machi="8" ten="30,8000,1" yaku="19,1,52,3,54,1" doraHai="125" who="3" fromWho="3" sc="250,-40,250,-20,250,-20,250,80" /><INIT seed="1,0,0,2,3,30" ten="210,230,230,330" oya="1" hai0="16,15,0,38,52,28,42,56,135,45,33,48,11" hai1="114,23,53,115,109,126,22,97,127,122,133,3,7" hai2="119,2,106,96,74,9,37,63,25,88,59,62,129" hai3="6,36,98,72,132,121,75,73,89,46,78,113,65"/><U118/><E97/><V51/><F37/><W128/><G6/><T35/><D135/><U71/><E53/><V54/><F74/><W77/><G65/><T4/><REACH who="0" step="1"/><D28/><REACH who="0" ten="200,230,230,330" step="2"/><U21/><E133/><V67/><F119/><W85/><G132/><T83/><D83/><U100/><E118/><V134/><F134/><W26/><G113/><T84/><D84/><U34/><E115/><V44/><F129/><W12/><G128/><T87/><D87/><U20/><E114/><V47/><F96/><W93/><G121/><T8/><AGARI ba="0,1" hai="0,4,8,11,15,16,33,35,38,42,45,48,52,56" machi="8" ten="20,12000,2" yaku="1,1,0,1,7,1,52,2,54,2,53,0" doraHai="30" doraHaiUra="95" who="0" fromWho="0" sc="200,130,230,-60,230,-30,330,-30" /><INIT seed="2,0,0,0,3,10" ten="330,170,200,300" oya="2" hai0="6,31,52,37,112,75,27,133,25,43,72,0,30" hai1="20,110,15,33,54,96,4,8,78,46,61,129,35" hai2="115,76,5,79,86,132,38,85,48,122,40,21,90" hai3="127,135,69,22,39,34,126,11,23,89,81,28,128"/><V42/><F38/><W36/><G69/><T71/><D112/><U19/><E110/><V59/><F115/><W1/><G39/><T93/><D71/><U58/><E129/><V18/><F5/><N who="3" m="1455" /><G36/><T130/><D6/><U12/><E78/><N who="2" m="29739" /><F132/><W104/><G89/><T111/><D133/><U7/><E7/><V82/><F85/><W41/><G81/><T67/><D67/><U74/><E74/><V117/><F117/><W124/><G41/><T29/><D0/><U134/><E134/><V26/><F122/><W125/><G104/><T120/><D130/><U92/><REACH who="1" step="1"/><E46/><REACH who="1" ten="330,160,200,300" step="2"/><V131/><F131/><W91/><G135/><T94/><D111/><U119/><E119/><V113/><F113/><W55/><G128/><T63/><D72/><U88/><AGARI ba="0,1" hai="4,8,12,15,19,20,33,35,54,58,61,88,92,96" machi="88" ten="20,12000,2" yaku="1,1,0,1,7,1,52,2,54,1,53,0" doraHai="10" doraHaiUra="105" who="1" fromWho="1" sc="330,-30,160,130,200,-60,300,-30" /><INIT seed="3,0,0,5,4,103" ten="300,290,140,270" oya="3" hai0="71,83,99,40,67,90,2,89,76,60,11,26,10" hai1="52,50,114,24,33,51,12,110,86,87,70,53,38" hai2="4,44,106,45,13,28,72,27,59,8,14,7,23" hai3="79,18,104,65,81,55,134,96,105,94,25,68,41"/><W56/><G68/><T64/><D40/><U3/><E3/><V77/><F106/><W63/><G41/><T47/><D47/><N who="1" m="27743" /><E70/><V6/><F72/><N who="3" m="43239" /><G65/><T125/><D125/><U108/><E33/><V39/><F77/><W129/><G134/><T95/><D2/><U29/><E38/><V9/><F39/><W48/><G48/><T122/><D122/><U46/><E114/><V101/><F101/><W15/><G15/><T62/><D26/><U112/><E112/><V93/><F6/><W130/><G18/><T22/><D22/><N who="1" m="15511" /><E12/><V5/><F5/><W75/><G25/><T123/><D123/><U121/><E121/><V36/><F36/><W31/><G31/><T43/><D43/><U107/><E107/><V19/><F93/><W85/><G75/><T80/><D64/><U37/><E37/><V74/><F74/><W118/><G85/><N who="0" m="50343" /><D62/><U133/><E133/><V135/><F135/><W128/><G118/><T97/><D97/><U111/><AGARI ba="0,0" hai="46,51,53,86,87,108,110,111" m="15511,27743" machi="111" ten="30,2000,0" yaku="14,1,54,1" doraHai="103" who="1" fromWho="1" sc="300,-5,290,20,140,-5,270,-10" owari="295,9.5,310,41.0,135,-36.5,260,-14.0" /></mjloggm>