<mjloggm ver="2.3"><GO type="225" lobby="0"/><UN n0="%E9%A6%AC%E4%BA%86%E9%9A%94%E5%A3%81" n1="%72%65%6E%6B%75%6E" n2="%E3%83%A9%E3%83%BC%E3%83%A1%E3%83%B3%E4%BA%94%E9%83%8E" n3="%E6%A1%9C%E8%8A%B1%E9%96%83%E3%80%85" dan="18,17,16,16" rate="2220.94,2202.60,2099.45,2147.73" sx="M,M,M,M"/><TAIKYOKU oya="0"/><INIT seed="0,0,0,5,5,108" ten="250,250,250,250" oya="0" hai0="52,79,26,74,121,130,134,54,38,75,123,81,2" hai1="15,124,30,57,18,3,100,70,95,72,90,60,7" hai2="37,5,105,86,24,17,103,96,10,127,88,44,93" hai3="36,116,66,92,133,8,23,104,87,45,41,80,71"/><T126/><D2/><U99/><E72/><V13/><F127/><W91/><G116/><T135/><D38/><U33/><E70/><V31/><F44/><W53/><G104/><T59/><D126/><U11/><E124/><V112/><F37/><W117/><G117/><T28/><D130/><U0/><E33/><V1/><F112/><W106/><G106/><T48/><D75/><U113/><E30/><V58/><F58/><W131/><G133/><N who="0" m="50699" /><D54/><U129/><E129/><V50/><F50/><W73/><G131/><T111/><D111/><U83/><E113/><V114/><F114/><W35/><G35/><AGARI ba="0,0" hai="26,28,35,48,52,59,74,79,81,121,123" m="50699" machi="35" ten="30,2900,0" yaku="20,1,54,1" doraHai="108" who="0" fromWho="3" sc="250,29,250,0,250,0,250,-29" /><INIT seed="0,1,0,1,2,96" ten="279,250,250,221" oya="0" hai0="124,72,65,11,53,6,57,71,107,77,83,18,74" hai1="1,40,94,3,16,5,76,32,122,88,55,14,134" hai2="86,30,0,133,36,130,41,35,97,135,127,29,48" hai3="52,67,25,75,4,15,12,43,110,93,115,68,8"/><T22/><D124/><U51/><E32/><V91/><F127/><W54/><G115/><T69/><D107/><U90/><E122/><V10/><F36/><W98/><G110/><T114/><D114/><U113/><E134/><N who="2" m="51211" /><F130/><W106/><G106/><T99/><D65/><U81/><E113/><V126/><F126/><W103/><G75/><T23/><D74/><U13/><E40/><V59/><F97/><W100/><G43/><T95/><D22/><U38/><E38/><V20/><F35/><W132/><G132/><T26/><D11/><U50/><E50/><V60/><F48/><W119/><G119/><T34/><D6/><U62/><E62/><V66/><F41/><W21/><G15/><T45/><D45/><U112/><E112/><V104/><F104/><W117/><G117/><T27/><D27/><U31/><E31/><V87/><F20/><W19/><REACH who="3" step="1"/><G103/><REACH who="3" ten="279,250,250,211" step="2"/><T24/><D24/><U118/><E118/><V63/><F0/><W82/><G82/><T101/><REACH who="0" step="1"/><D34/><REACH who="0" ten="269,250,250,211" step="2"/><U123/><E1/><V85/><F10/><W39/><G39/><T44/><D44/><U58/><E3/><V70/><F66/><W128/><G128/><T47/><D47/><U78/><E13/><V46/><F46/><W125/><G125/><T92/><D92/><U108/><E14/><V42/><F42/><W64/><G64/><T102/><D102/><U116/><E94/><V121/><F121/><W79/><G79/><T28/><D28/><U111/><E123/><V17/><F29/><W37/><G37/><T109/><D109/><U105/><E111/><V80/><F30/><RYUUKYOKU ba="1,2" sc="269,15,250,-15,250,-15,211,15" hai0="18,23,26,53,57,69,71,72,77,83,95,99,101" hai3="4,8,12,19,21,25,52,54,67,68,93,98,100" /><INIT seed="0,2,2,1,2,98" ten="284,235,235,226" oya="0" hai0="54,77,31,85,79,23,8,108,46,115,6,59,118" hai1="84,29,102,103,41,60,64,43,106,78,107,99,53" hai2="91,67,32,39,58,28,95,55,26,88,17,71,76" hai3="117,135,9,131,124,111,113,100,30,22,12,34,51"/><T73/><D115/><U127/><E127/><V52/><F39/><W33/><G113/><T10/><D118/><U69/><E29/><V56/><F71/><W61/><G117/><T104/><D104/><U47/><E53/><V11/><F76/><N who="0" m="29258" /><D73/><U50/><E43/><V81/><F67/><W5/><G111/><T70/><D70/><U42/><E42/><V25/><F11/><N who="0" m="4138" /><D6/><U116/><E116/><V94/><F81/><W132/><G61/><T62/><D108/><U110/><E110/><V2/><F2/><W37/><G51/><T57/><D85/><U123/><E123/><V120/><F120/><W48/><G48/><N who="0" m="28951" /><D62/><U112/><E112/><V87/><F32/><W27/><G37/><T0/><D0/><U128/><E128/><V68/><F68/><W96/><G131/><T16/><D31/><U40/><E40/><V129/><F28/><W49/><G49/><T101/><D101/><U74/><E74/><V21/><F129/><W4/><G4/><T83/><D83/><U133/><E133/><N who="3" m="51274" /><G124/><T121/><D121/><U66/><E66/><V134/><F134/><W93/><AGARI ba="2,2" hai="5,9,12,22,27,30,33,34,93,96,100" m="51274" machi="93" ten="30,2000,0" yaku="20,1,52,1" doraHai="98" who="3" fromWho="3" sc="284,-12,235,-7,235,-7,226,46" /><INIT seed="1,0,0,2,0,115" ten="272,228,228,272" oya="1" hai0="119,30,96,112,35,69,37,38,98,58,36,7,134" hai1="131,67,34,91,54,76,126,66,125,74,102,31,52" hai2="78,44,63,41,128,133,42,11,75,60,95,79,129" hai3="100,135,25,121,122,6,84,57,13,48,12,33,47"/><U62/><E131/><N who="2" m="50251" /><F133/><W103/><G135/><T77/><D112/><U56/><E102/><V55/><F95/><W88/><G121/><T50/><D69/><U10/><E34/><V61/><F11/><N who="3" m="4215" /><G33/><T108/><D7/><U32/><E32/><V40/><F75/><W51/><G25/><T8/><D8/><U111/><E31/><V2/><F2/><W114/><G122/><T43/><D77/><N who="2" m="29194" /><F55/><N who="3" m="31999" /><G13/><T16/><D134/><U99/><E10/><V81/><F81/><N who="3" m="49167" /><G114/><T23/><D35/><U3/><E3/><V39/><AGARI ba="0,0" hai="39,40,41,42,44,60,61,63" m="29194,50251" machi="39" ten="40,1500,0" yaku="19,1" doraHai="115" who="2" fromWho="2" sc="272,-4,228,-7,228,15,272,-4" /><INIT seed="2,0,0,5,2,25" ten="268,221,243,268" oya="2" hai0="41,49,23,96,39,62,83,72,84,59,57,61,52" hai1="74,97,17,70,12,117,1,82,5,123,91,114,68" hai2="71,55,54,6,89,77,58,4,93,29,112,113,105" hai3="134,118,73,104,92,122,24,80,28,33,127,21,86"/><V66/><F105/><W35/><G118/><T109/><D109/><U106/><E114/><V78/><F71/><W99/><G122/><T37/><D72/><U69/><E117/><V76/><F112/><W19/><G134/><T11/><D11/><U38/><E38/><V110/><F113/><W50/><G127/><T124/><D124/><U44/><E123/><V8/><F110/><W20/><G73/><T107/><D23/><U67/><E44/><V126/><F126/><W90/><G104/><T40/><D37/><U46/><E46/><V100/><F100/><W10/><G10/><T81/><D39/><U34/><E34/><V85/><F29/><W119/><G50/><T26/><D26/><U87/><E1/><V48/><F66/><W129/><G129/><T111/><D111/><U47/><E47/><N who="2" m="27935" /><F8/><W45/><G45/><T0/><D0/><U75/><E5/><V88/><F89/><W32/><G119/><T15/><D107/><U128/><E67/><V9/><F9/><W95/><REACH who="3" step="1"/><G99/><REACH who="3" ten="268,221,243,258" step="2"/><T94/><D96/><U43/><E128/><V120/><F120/><W3/><G3/><T31/><D41/><U22/><REACH who="1" step="1"/><E43/><REACH who="1" ten="268,211,243,258" step="2"/><V14/><F14/><AGARI ba="0,2" hai="14,19,20,21,24,28,32,33,35,80,86,90,92,95" machi="14" ten="40,2600,0" yaku="1,1,52,1,53,0" doraHai="25" doraHaiUra="102" who="3" fromWho="2" sc="268,0,211,0,243,-26,258,46" /><INIT seed="3,0,0,5,1,134" ten="268,211,217,304" oya="3" hai0="67,77,54,16,12,101,112,2,11,120,31,109,130" hai1="9,115,25,104,124,113,111,79,105,97,81,59,121" hai2="6,52,61,19,66,22,117,129,114,110,68,23,135" hai3="53,26,56,95,43,106,69,119,65,73,32,7,35"/><W84/><G119/><T5/><D120/><U1/><E121/><V91/><F114/><W46/><G73/><T93/><D112/><U30/><E111/><V131/><F117/><W125/><G125/><T82/><D109/><U85/><E124/><V99/><F110/><W108/><G106/><T55/><D130/><N who="2" m="49674" /><F135/><W88/><G7/><T83/><D31/><U127/><E127/><V27/><F6/><W60/><G26/><T51/><D67/><U20/><E105/><V96/><F91/><W86/><G86/><T28/><D28/><U70/><E70/><V36/><F36/><N who="3" m="21863" /><G108/><T98/><D51/><AGARI ba="0,0" hai="32,35,51,53,56,60,65,69,84,88,95" m="21863" machi="51" ten="30,2900,0" yaku="24,1,54,1" doraHai="134" who="3" fromWho="0" sc="268,-29,211,0,217,0,304,29" owari="239,3.9,211,-28.9,217,-18.3,333,43.3" /></mjloggm>