<mjloggm ver="2.3"><GO type="225" lobby="0"/><UN n0="%6D%75%75%6D%75%72%61" n1="%E3%81%9D%E3%81%8A%E3%81%9D%E3%81%9D" n2="%E3%83%A2%E3%82%B0%E3%83%9E%E3%83%AA%E3%83%A2" n3="%E5%8D%A0%E3%81%84%E5%B8%AB%E8%A3%8F%E3%81%AA%E3%81%84%E3%81%97" dan="16,16,16,17" rate="2153.57,2089.76,2102.32,2174.70" sx="F,M,M,M"/><TAIKYOKU oya="0"/><INIT seed="0,0,0,5,1,8" ten="250,250,250,250" oya="0" hai0="81,62,18,118,12,29,36,106,50,111,83,73,91" hai1="120,42,75,58,95,54,52,32,10,27,31,65,80" hai2="0,72,88,26,15,113,112,28,77,20,57,110,37" hai3="11,19,47,44,56,7,82,63,121,135,13,108,40"/><T125/><D118/><U70/><E70/><V41/><F110/><W46/><G108/><T89/><D125/><U43/><E120/><V126/><F126/><W127/><G135/><T96/><D111/><U123/><E123/><V38/><F0/><W30/><G121/><T132/><D36/><U25/><E25/><V14/><F57/><W2/><G30/><T99/><D132/><U45/><E43/><V84/><F77/><W33/><G33/><T60/><D29/><U71/><E71/><V101/><F101/><W76/><G127/><T6/><D6/><U134/><E134/><V55/><F55/><W109/><G109/><T131/><D50/><U100/><E75/><V34/><F72/><W79/><G40/><T78/><D131/><U74/><E80/><N who="0" m="30793" /><D78/><U133/><E31/><V128/><F128/><W16/><G2/><T90/><D106/><U93/><E32/><V17/><F15/><N who="3" m="5631" /><G82/><T9/><D73/><U21/><E74/><V116/><F116/><W129/><G19/><T67/><D67/><U5/><E65/><V97/><F97/><AGARI ba="0,0" hai="9,12,18,60,62,89,90,91,96,97,99" m="30793" machi="97" ten="30,2900,0" yaku="8,1,52,1" doraHai="8" who="0" fromWho="2" sc="250,29,250,0,250,-29,250,0" /><INIT seed="0,1,0,5,0,8" ten="279,250,221,250" oya="0" hai0="111,39,52,64,47,76,92,84,74,23,65,3,41" hai1="68,51,31,5,100,17,30,116,29,102,63,6,13" hai2="134,91,69,82,4,7,121,120,131,37,83,44,36" hai3="130,45,129,108,71,114,81,18,55,87,20,66,42"/><T11/><D111/><U58/><E51/><V19/><F69/><W16/><G114/><T10/><D23/><N who="1" m="11695" /><E68/><V9/><F131/><N who="3" m="50187" /><G108/><T32/><D32/><U26/><E26/><V124/><F124/><W53/><G66/><T24/><D24/><U133/><E133/><V93/><F134/><W128/><N who="3" m="50195" /><W38/><DORA hai="12" /><G38/><T35/><D35/><U103/><E116/><V60/><F60/><W57/><G71/><T88/><D11/><U25/><E25/><V106/><F106/><W0/><G0/><T85/><D74/><U56/><E56/><V28/><F28/><W86/><G20/><T62/><D52/><AGARI ba="1,0" hai="5,6,29,30,31,52,58,63,100,102,103" m="11695" machi="52" ten="30,7700,0" yaku="8,1,52,2,54,1" doraHai="8,12" who="1" fromWho="0" sc="279,-80,250,80,221,0,250,0" /><INIT seed="1,0,0,3,4,129" ten="199,330,221,250" oya="1" hai0="17,106,32,67,59,122,74,11,64,21,82,50,112" hai1="131,31,72,19,108,27,46,60,28,134,57,92,48" hai2="37,110,128,100,47,7,45,35,9,126,63,68,114" hai3="3,96,123,56,89,78,58,34,70,66,79,20,125"/><U6/><E131/><V115/><F128/><W51/><G34/><T124/><D112/><N who="2" m="43050" /><F110/><W97/><G123/><T41/><D122/><U62/><E72/><V22/><F126/><W5/><G70/><T73/><D124/><U1/><E19/><V65/><F35/><W117/><G125/><T38/><D32/><U130/><E57/><V4/><F100/><W55/><G3/><T127/><D127/><U85/><E31/><V13/><F37/><W109/><G5/><N who="2" m="2121" /><F22/><W90/><G117/><T18/><D106/><U83/><E92/><V43/><F43/><W44/><G109/><T16/><D38/><U103/><E103/><V98/><F98/><W0/><G0/><T12/><D18/><AGARI ba="0,0" hai="9,13,18,45,47,63,65,68" m="2121,43050" machi="18" ten="30,1000,0" yaku="11,1" doraHai="129" who="2" fromWho="0" sc="199,-10,330,0,221,10,250,0" /><INIT seed="2,0,0,4,1,101" ten="189,330,231,250" oya="2" hai0="60,91,130,82,112,103,119,52,98,59,107,58,35" hai1="123,108,94,45,47,53,48,30,4,113,65,46,110" hai2="89,73,86,62,55,15,132,32,128,92,20,67,118" hai3="69,12,88,87,3,29,0,71,129,54,43,28,68"/><V50/><F118/><W66/><G129/><T25/><D112/><U26/><E113/><V57/><F128/><W38/><G66/><T105/><D130/><U124/><E124/><V97/><F132/><W83/><G12/><T75/><D119/><U6/><E94/><V117/><F117/><W7/><G54/><T16/><D59/><U109/><E65/><V61/><F73/><W135/><G135/><T49/><D49/><U76/><E76/><V40/><F32/><W131/><G131/><T34/><D107/><U13/><E123/><V134/><F134/><W24/><G7/><N who="1" m="2602" /><E13/><V2/><F2/><W122/><G122/><T33/><D75/><U44/><E44/><V56/><F40/><W99/><G99/><T78/><D78/><U104/><E104/><V106/><F106/><W9/><G9/><T95/><D82/><U18/><E18/><N who="2" m="10335" /><F61/><W1/><REACH who="3" step="1"/><G24/><REACH who="3" ten="189,330,231,240" step="2"/><T8/><D8/><U115/><E115/><V81/><F81/><W90/><G90/><T19/><REACH who="0" step="1"/><D25/><REACH who="0" ten="179,330,231,240" step="2"/><U85/><E26/><V80/><F80/><W96/><G96/><AGARI ba="0,2" hai="16,19,33,34,35,52,58,60,91,95,96,98,103,105" machi="96" ten="40,8000,1" yaku="1,1,2,1,52,1,54,2,53,0" doraHai="101" doraHaiUra="21" who="0" fromWho="3" sc="179,100,330,0,231,0,240,-80" /><AGARI ba="0,0" hai="50,55,56,57,62,67,86,89,92,96,97" m="10335" machi="96" ten="30,2900,0" yaku="25,1,8,1" doraHai="101" who="2" fromWho="3" sc="279,0,330,0,231,29,160,-29" /><INIT seed="2,1,0,5,2,68" ten="279,330,260,131" oya="2" hai0="16,15,38,115,47,19,66,133,56,25,34,30,128" hai1="127,72,31,36,42,65,94,112,84,87,97,86,53" hai2="17,88,9,113,58,24,1,90,125,2,45,46,20" hai3="11,44,79,85,104,132,32,23,29,61,134,124,121"/><V93/><F113/><W120/><G104/><T51/><D115/><U74/><E112/><V69/><F69/><W73/><G73/><T27/><D128/><U106/><E106/><V117/><F117/><W126/><G61/><T49/><D133/><N who="3" m="51305" /><G85/><T96/><D96/><U108/><E65/><V78/><F125/><N who="3" m="48235" /><G79/><T8/><D66/><U82/><E87/><V18/><F78/><W83/><G83/><T116/><D116/><U26/><E84/><V39/><F58/><W57/><G57/><T13/><D56/><U28/><E86/><V111/><F111/><W122/><G44/><T37/><D27/><U41/><E82/><V131/><F131/><W50/><G50/><T99/><D99/><U4/><E97/><V62/><F62/><W123/><N who="3" m="30720" /><DORA hai="100" /><W22/><G11/><T107/><D107/><U59/><E59/><V6/><F90/><W75/><G75/><T71/><D71/><U63/><E63/><V101/><F46/><W70/><G70/><T102/><D51/><U114/><E74/><V105/><F105/><W81/><G81/><T48/><D48/><U21/><E72/><V110/><F88/><W76/><G76/><T5/><D102/><U67/><E127/><V89/><F89/><W12/><G12/><T80/><D80/><U103/><E103/><V92/><F101/><W7/><G7/><T118/><D118/><U10/><E4/><N who="2" m="1167" /><F93/><W43/><G43/><N who="0" m="24831" /><D5/><U35/><E42/><N who="2" m="22751" /><F92/><W77/><G77/><T52/><D52/><U55/><E53/><V54/><F54/><W40/><G40/><T135/><D135/><U98/><E41/><RYUUKYOKU ba="1,0" sc="279,15,330,-15,260,-15,131,15" hai0="8,13,15,16,19,25,30,34,37,38" hai3="22,23,29,32" /><INIT seed="3,2,0,0,3,101" ten="294,315,245,146" oya="3" hai0="130,10,109,54,89,104,46,124,94,23,90,27,61" hai1="52,62,29,93,125,26,55,100,69,22,128,50,5" hai2="32,135,129,58,123,76,133,65,122,21,73,118,120" hai3="71,1,31,15,86,81,99,35,79,70,80,68,60"/><W77/><G1/><T108/><D104/><U126/><E128/><V24/><F129/><W64/><G15/><T83/><D130/><U134/><E134/><N who="2" m="51211" /><F118/><W16/><G16/><N who="0" m="12775" /><D124/><U107/><E107/><V49/><F32/><W95/><G95/><T28/><D28/><U98/><E5/><V34/><F34/><W4/><G4/><T33/><D33/><U111/><E111/><N who="0" m="42569" /><D94/><U48/><E48/><V85/><F73/><W131/><G131/><T114/><D114/><U88/><E100/><V18/><F76/><W57/><G99/><T115/><D115/><U72/><E72/><V37/><F37/><W25/><REACH who="3" step="1"/><G70/><REACH who="3" ten="294,315,245,136" step="2"/><T11/><D11/><U82/><E69/><V59/><F85/><AGARI ba="2,1" hai="25,31,35,57,60,64,68,71,77,79,80,81,85,86" machi="85" ten="30,11600,0" yaku="1,1,2,1,7,1,9,1,53,0" doraHai="101" doraHaiUra="17" who="3" fromWho="2" sc="294,0,315,0,245,-122,136,132" /><INIT seed="3,3,0,5,5,76" ten="294,315,123,268" oya="3" hai0="117,70,129,73,32,7,97,107,106,121,28,124,46" hai1="5,101,24,63,49,35,13,105,21,39,22,17,44" hai2="134,38,50,115,104,41,131,120,82,93,36,68,86" hai3="29,108,128,3,87,75,113,34,8,118,42,27,56"/><W83/><G113/><T127/><D121/><U130/><E39/><V88/><F115/><W110/><G118/><T33/><D117/><U48/><E35/><N who="0" m="13385" /><D28/><U135/><E130/><V12/><F131/><W81/><G128/><T67/><D129/><U119/><E119/><V133/><F120/><W25/><G75/><T96/><D7/><U30/><E5/><V59/><F68/><W19/><G42/><T62/><D46/><U37/><E135/><V47/><F104/><N who="0" m="39978" /><D73/><U4/><E4/><V10/><F93/><W74/><G3/><T90/><D90/><U72/><E72/><V52/><REACH who="2" step="1"/><F36/><REACH who="2" ten="294,315,113,268" step="2"/><W95/><G95/><T114/><D114/><U111/><E37/><V109/><F109/><W18/><G110/><T57/><D70/><U65/><E111/><V51/><F51/><W64/><G108/><T125/><AGARI ba="3,1" hai="57,62,67,96,97,124,125,127" m="39978,13385" machi="125" ten="40,1500,0" yaku="18,1" doraHai="76" who="0" fromWho="0" sc="294,34,315,-7,113,-7,268,-10" owari="328,42.8,308,10.8,106,-39.4,258,-14.2" /></mjloggm>