<mjloggm ver="2.3"><GO type="225" lobby="0"/><UN n0="%72%69%6F%75%63%68%61%6E" n1="%72%61%6B%33" n2="%E8%B7%AF%E9%9C%B8" n3="%E9%80%9F%E6%B0%B4%E5%87%9B%E9%A6%99" dan="17,16,17,16" rate="2249.00,2162.73,2194.69,2074.39" sx="M,M,M,F"/><TAIKYOKU oya="0"/><INIT seed="0,0,0,1,2,26" ten="250,250,250,250" oya="0" hai0="1,36,81,90,65,75,45,111,19,131,80,99,16" hai1="55,94,85,17,122,44,126,130,96,112,3,117,124" hai2="35,109,59,63,91,135,29,12,34,33,68,66,106" hai3="54,5,0,51,13,49,134,89,105,14,48,72,82"/><T108/><D131/><U38/><E117/><V9/><F109/><N who="0" m="42058" /><D1/><U58/><E122/><V32/><F106/><W69/><G69/><T46/><D65/><U95/><E130/><V110/><F110/><W50/><G105/><T2/><D2/><U67/><E3/><V60/><F135/><W84/><G134/><T101/><D90/><U10/><E112/><V4/><N who="2" m="8192" /><DORA hai="103" /><V113/><F113/><W40/><G40/><N who="0" m="22663" /><D46/><U120/><E67/><V104/><F104/><W6/><G72/><T71/><D71/><U83/><E44/><V28/><REACH who="2" step="1"/><F91/><REACH who="2" ten="250,250,240,250" step="2"/><W100/><G100/><T56/><D56/><U11/><E58/><V127/><F127/><W98/><N who="3" m="12288" /><DORA hai="74" /><W92/><G89/><T30/><D30/><U21/><E126/><V133/><F133/><W53/><G0/><T107/><D80/><U77/><E83/><V97/><F97/><W7/><G98/><T73/><D75/><U87/><E96/><V79/><F79/><AGARI ba="0,1" hai="16,19,73,79,81,99,101,107" m="22663,42058" machi="79" ten="30,12000,1" yaku="14,1,10,1,52,2,54,1" doraHai="26,103,74" who="0" fromWho="2" sc="250,130,250,0,240,-120,250,0" /><INIT seed="0,1,0,0,4,124" ten="380,250,120,250" oya="0" hai0="50,62,64,97,118,53,45,15,119,75,116,133,111" hai1="52,86,125,90,76,13,63,27,31,58,18,132,38" hai2="94,106,85,60,67,34,129,102,29,26,24,126,108" hai3="10,9,73,14,128,40,93,46,122,11,57,109,100"/><T130/><D130/><U49/><E125/><V96/><F108/><W87/><G73/><T77/><D133/><U17/><E132/><V20/><F126/><W33/><G33/><T99/><D111/><U43/><E76/><V12/><F129/><W115/><G109/><T103/><D15/><U56/><E38/><V59/><F12/><W35/><G35/><T114/><D114/><U28/><E27/><V22/><F26/><W5/><G128/><T42/><D42/><U72/><E72/><V95/><F106/><W47/><G115/><T123/><D123/><U39/><E39/><V110/><F110/><W69/><G69/><T21/><D21/><U32/><E32/><V83/><REACH who="2" step="1"/><F94/><REACH who="2" ten="380,250,110,250" step="2"/><W41/><G122/><T6/><D6/><U88/><E13/><V16/><F16/><W2/><G14/><T82/><REACH who="0" step="1"/><D103/><REACH who="0" ten="370,250,110,250" step="2"/><U0/><E0/><V134/><F134/><W3/><G5/><T66/><D66/><U98/><E18/><V19/><F19/><W80/><G2/><T89/><D89/><AGARI ba="1,2" hai="20,22,24,29,34,59,60,67,83,85,89,95,96,102" machi="89" ten="30,2000,0" yaku="1,1,7,1,53,0" doraHai="124" doraHaiUra="127" who="2" fromWho="0" sc="370,-23,250,0,110,43,250,0" /><INIT seed="1,0,0,0,1,15" ten="347,250,153,250" oya="1" hai0="97,114,27,93,84,3,98,105,60,130,104,46,106" hai1="51,34,79,75,58,7,103,83,42,4,41,66,91" hai2="64,11,35,22,110,53,125,1,26,59,32,44,113" hai3="67,40,39,49,117,28,76,134,73,55,65,19,92"/><U23/><E34/><V38/><F110/><W111/><G28/><T54/><D114/><U135/><E135/><V87/><F113/><W89/><G76/><T62/><D3/><U47/><E42/><V94/><F125/><W85/><G73/><T57/><D130/><U48/><E103/><V129/><F129/><W108/><G134/><T29/><D60/><U74/><E74/><V5/><F64/><W100/><G117/><T0/><D0/><U50/><E91/><V30/><F94/><W131/><G100/><T95/><D46/><U81/><E81/><V8/><F87/><W61/><G131/><T14/><D14/><U120/><E120/><V126/><F126/><W24/><G40/><T127/><D127/><U80/><E80/><V31/><F38/><W77/><G77/><T56/><D56/><U68/><E68/><V132/><F44/><W20/><G39/><T6/><D6/><U13/><E7/><V122/><F122/><W124/><G124/><T86/><D95/><U118/><E118/><V99/><F99/><W109/><REACH who="3" step="1"/><G61/><REACH who="3" ten="347,250,153,240" step="2"/><T16/><D29/><U82/><E75/><V36/><F132/><W107/><G107/><T121/><D121/><U115/><E79/><V101/><F36/><W37/><G37/><T63/><D62/><N who="1" m="38231" /><E115/><V88/><F101/><W45/><AGARI ba="0,1" hai="19,20,24,45,49,55,65,67,85,89,92,108,109,111" machi="45" ten="30,7900,0" yaku="1,1,0,1,14,1,52,1,53,0" doraHai="15" doraHaiUra="116" who="3" fromWho="3" sc="347,-20,250,-39,153,-20,240,89" /><INIT seed="2,0,0,2,1,2" ten="327,211,133,329" oya="2" hai0="108,50,33,64,109,135,35,27,103,38,45,8,57" hai1="134,79,97,122,127,56,49,92,55,29,102,98,132" hai2="3,72,128,121,93,116,80,14,0,133,25,59,5" hai3="86,22,13,10,53,129,84,39,23,114,42,28,34"/><V83/><F121/><W19/><G39/><T43/><D135/><U44/><E122/><V20/><F116/><W113/><G42/><T124/><D124/><U74/><E127/><V78/><F133/><W106/><G106/><T68/><D103/><U101/><E29/><V123/><F123/><W99/><G99/><T62/><D8/><U52/><E74/><V89/><F128/><W51/><G129/><T125/><D125/><U9/><E79/><V107/><F107/><W32/><G32/><N who="0" m="12363" /><D27/><U11/><E134/><V17/><F83/><W73/><G73/><T12/><D12/><U87/><E87/><N who="3" m="33322" /><G34/><T75/><D75/><U96/><E132/><V26/><F59/><N who="3" m="33215" /><G28/><T105/><D105/><U24/><E24/><V112/><F112/><AGARI ba="0,0" hai="10,13,19,22,23,112,113,114" m="33215,33322" machi="112" ten="30,1000,0" yaku="11,1" doraHai="2" who="3" fromWho="2" sc="327,0,211,0,133,-10,329,10" /><INIT seed="3,0,0,5,1,27" ten="327,211,123,339" oya="3" hai0="109,120,48,57,12,67,26,29,64,54,102,112,82" hai1="53,49,44,107,77,114,61,60,92,56,52,10,88" hai2="15,132,104,3,83,51,65,34,87,9,50,36,18" hai3="39,1,115,25,7,5,37,119,20,117,66,121,0"/><W41/><G121/><T84/><D120/><U69/><E114/><V128/><F36/><W11/><G115/><T130/><D112/><U129/><E129/><V96/><F132/><W99/><G66/><T58/><D130/><U116/><E116/><V108/><F128/><W123/><G123/><T43/><D109/><U23/><E107/><V70/><F108/><W46/><G99/><T80/><D102/><U38/><E38/><V118/><F118/><W95/><G95/><T111/><D111/><U86/><E69/><V22/><F3/><W73/><G73/><T97/><D97/><U110/><E110/><V79/><F34/><W14/><G39/><T75/><D43/><U93/><E77/><V4/><F104/><W30/><G14/><T131/><D131/><U94/><E10/><AGARI ba="0,0" hai="0,1,5,7,10,11,20,25,30,37,41,46,117,119" machi="10" ten="40,3900,0" yaku="9,1,52,1" doraHai="27" who="3" fromWho="1" sc="327,0,211,-39,123,0,339,39" owari="327,12.7,172,-22.8,123,-37.7,378,47.8" /></mjloggm>