<mjloggm ver="2.3"><GO type="225" lobby="0"/><UN n0="%E3%82%B3%E3%83%90%E3%83%AC%E3%82%A4" n1="%E7%9A%AE%E3%80%85" n2="%E5%8F%AF%E5%85%90%E9%82%A3%E7%94%B1%E5%A4%9A" n3="%72%69%6F%75%63%68%61%6E" dan="16,16,16,16" rate="2179.19,2078.95,2093.41,2194.99" sx="M,F,F,M"/><TAIKYOKU oya="0"/><INIT seed="0,0,0,4,1,12" ten="250,250,250,250" oya="0" hai0="80,112,68,33,123,89,96,100,5,16,37,17,4" hai1="88,52,1,93,64,115,38,133,118,61,125,110,60" hai2="42,124,72,120,102,3,55,51,119,95,109,29,126" hai3="30,101,24,22,40,87,27,67,20,10,90,108,48"/><T41/><D68/><U25/><E118/><V98/><F120/><W113/><G113/><T130/><D33/><U36/><E115/><V8/><F119/><W114/><G114/><T45/><D112/><U104/><E104/><V66/><F72/><W128/><G108/><T106/><D123/><U99/><E1/><V79/><F79/><W131/><G101/><T0/><D130/><U78/><E110/><V62/><F42/><W28/><G67/><T81/><D81/><U65/><E78/><V105/><F109/><W117/><G117/><T129/><D129/><N who="3" m="49737" /><G10/><T94/><D80/><U7/><E7/><V34/><F8/><W58/><G58/><T73/><D73/><U116/><E116/><V70/><F95/><N who="3" m="54751" /><G48/><T44/><D44/><U15/><E36/><V56/><REACH who="2" step="1"/><F3/><REACH who="2" ten="250,250,240,250" step="2"/><W111/><G111/><T57/><D0/><U92/><E38/><V86/><F86/><W14/><G14/><T84/><D5/><U54/><E15/><V135/><F135/><W19/><G40/><T50/><REACH who="0" step="1"/><D4/><REACH who="0" ten="240,250,240,250" step="2"/><U18/><E133/><V35/><F35/><W11/><G11/><T9/><D9/><U46/><E46/><V97/><F97/><W32/><G32/><T31/><D31/><AGARI ba="0,2" hai="19,20,22,24,27,28,30,31" m="54751,49737" machi="31" ten="30,2000,0" yaku="19,1,52,1" doraHai="12" who="3" fromWho="0" sc="240,-20,250,0,240,0,250,40" /><INIT seed="1,0,0,3,2,76" ten="220,250,240,290" oya="1" hai0="91,15,0,27,9,134,54,1,44,133,104,82,107" hai1="120,10,72,113,13,93,122,116,17,46,78,132,50" hai2="11,6,74,35,36,123,24,81,20,64,5,23,110" hai3="61,125,119,52,48,4,53,75,124,103,45,101,59"/><U25/><E116/><V62/><F123/><W29/><G119/><T127/><D27/><U68/><E68/><V66/><F36/><W7/><G75/><T105/><D127/><N who="3" m="48713" /><G29/><T73/><D54/><U106/><E106/><V109/><F35/><W86/><G86/><T41/><D91/><U108/><E113/><V2/><F5/><AGARI ba="0,0" hai="4,5,7,45,48,52,53,59,61,101,103" m="48713" machi="5" ten="30,2000,0" yaku="18,1,54,1" doraHai="76" who="3" fromWho="2" sc="220,0,250,0,240,-20,290,20" /><INIT seed="2,0,0,5,5,55" ten="220,250,220,310" oya="2" hai0="66,68,19,43,30,90,18,50,1,127,74,27,41" hai1="95,59,21,72,82,44,96,31,26,98,37,22,12" hai2="6,49,62,5,39,48,122,14,69,132,32,109,64" hai3="16,134,78,129,75,11,38,89,20,80,133,54,71"/><V121/><F32/><W24/><G129/><T61/><D1/><U63/><E72/><V107/><F107/><W10/><G71/><T112/><D74/><U9/><E37/><V102/><F102/><W128/><G128/><T0/><D0/><U29/><E82/><V123/><F39/><W81/><G38/><T93/><D112/><U3/><E3/><V104/><F104/><W120/><G120/><T91/><D90/><U116/><E116/><V106/><F106/><W33/><G33/><T84/><D127/><U45/><E96/><V13/><F132/><N who="3" m="50795" /><G54/><T86/><D84/><AGARI ba="0,0" hai="10,11,16,20,24,75,78,80,81,84,89" m="50795" machi="84" ten="30,2000,0" yaku="20,1,54,1" doraHai="55" who="3" fromWho="0" sc="220,-20,250,0,220,0,310,20" /><INIT seed="3,0,0,3,3,6" ten="200,250,220,330" oya="3" hai0="10,55,128,27,44,100,13,41,126,117,104,45,30" hai1="12,68,73,42,88,115,134,11,25,107,121,112,83" hai2="7,79,110,17,51,116,23,26,21,94,87,118,106" hai3="24,111,76,101,81,54,93,114,58,0,132,86,119"/><W123/><G114/><T102/><D117/><U64/><E121/><V28/><F106/><W77/><G119/><T56/><D126/><U70/><E107/><V5/><F110/><W82/><G123/><T2/><D2/><U29/><E42/><V109/><F109/><W46/><G0/><T103/><D104/><U97/><E73/><V22/><F118/><W33/><G132/><T34/><D128/><U122/><E122/><V57/><F116/><W67/><G111/><T9/><D13/><U80/><E134/><V43/><F22/><W19/><G67/><T124/><D124/><U129/><E129/><V40/><F40/><W60/><G46/><T16/><D41/><U75/><E64/><V113/><F113/><W72/><G33/><T32/><D32/><U37/><E37/><V47/><F57/><W8/><G24/><T130/><D130/><U61/><E25/><N who="2" m="14511" /><F94/><W131/><G131/><T14/><REACH who="0" step="1"/><D10/><REACH who="0" ten="190,250,220,330" step="2"/><U69/><E11/><V49/><F49/><AGARI ba="0,1" hai="9,14,16,27,30,34,44,45,49,55,56,100,102,103" machi="49" ten="40,8000,1" yaku="1,1,2,1,52,1,54,1,53,0" doraHai="6" doraHaiUra="36" who="0" fromWho="2" sc="190,90,250,0,220,-80,330,0" owari="280,8.0,250,-15.0,140,-36.0,330,43.0" /></mjloggm>