<mjloggm ver="2.3"><GO type="225" lobby="0"/><UN n0="%E6%A1%9C%E8%8A%B1%E9%96%83%E3%80%85" n1="%E5%B0%8F%E7%81%AB%E4%BA%BA%73%73" n2="%E3%81%A9%E3%82%93%E3%82%88%E3%81%8F%4D%6B%2E%32" n3="%6D%75%75%6D%75%72%61" dan="17,16,16,16" rate="2119.69,2051.74,2184.50,2138.17" sx="M,M,M,F"/><TAIKYOKU oya="0"/><INIT seed="0,0,0,1,3,84" ten="250,250,250,250" oya="0" hai0="60,56,103,96,65,134,79,63,59,32,123,86,34" hai1="30,92,116,35,131,17,0,75,98,24,115,91,89" hai2="10,31,64,40,2,53,20,109,69,4,46,74,99" hai3="77,49,21,117,22,105,120,118,25,43,113,61,127"/><T50/><D134/><U121/><E116/><V110/><F74/><W108/><G113/><T83/><D123/><U3/><E121/><V18/><F31/><W45/><G120/><T33/><D50/><U82/><E115/><V47/><F53/><W38/><G108/><N who="2" m="41577" /><F40/><W94/><G105/><T12/><D12/><U104/><E104/><V87/><F99/><W68/><G127/><T58/><REACH who="0" step="1"/><D65/><REACH who="0" ten="240,250,250,250" step="2"/><U81/><E131/><V6/><F64/><W71/><G49/><T11/><D11/><U28/><E3/><V23/><F10/><W100/><G117/><T73/><D73/><U95/><E0/><V51/><F51/><W129/><G118/><T8/><D8/><U124/><E75/><V132/><F2/><W85/><G129/><T42/><D42/><U14/><E124/><V55/><F132/><W57/><G43/><T26/><D26/><U67/><E67/><V48/><F48/><W128/><G128/><T62/><D62/><U15/><E15/><V114/><F114/><W7/><G25/><T54/><D54/><U9/><REACH who="1" step="1"/><E30/><REACH who="1" ten="240,240,250,250" step="2"/><V19/><F47/><W66/><G45/><T78/><D78/><U29/><E29/><V97/><F46/><W101/><G77/><T39/><D39/><U107/><E107/><AGARI ba="0,2" hai="32,33,34,56,58,59,60,63,79,83,86,96,103,107" machi="107" ten="50,2400,0" yaku="1,1,53,0" doraHai="84" doraHaiUra="36" who="0" fromWho="1" sc="240,44,240,-24,250,0,250,0" /><INIT seed="0,1,0,0,3,48" ten="284,216,250,250" oya="0" hai0="0,39,123,89,35,84,22,92,109,17,50,128,105" hai1="135,80,2,126,79,55,67,26,76,14,117,110,66" hai2="114,54,88,69,83,106,6,121,96,101,30,51,98" hai3="133,120,19,103,42,11,12,61,85,99,24,100,21"/><T29/><D123/><U127/><E2/><V32/><F69/><W60/><G133/><T10/><D39/><U68/><E117/><V33/><F121/><W44/><G120/><T41/><D128/><U118/><E118/><V71/><F71/><W7/><G85/><T104/><D109/><U5/><E110/><V57/><F114/><W102/><REACH who="3" step="1"/><G99/><REACH who="3" ten="284,216,250,240" step="2"/><T134/><D134/><U59/><E135/><V38/><F98/><W70/><G70/><T78/><D78/><U4/><E68/><V82/><F96/><W49/><AGARI ba="1,1" hai="7,11,12,19,21,24,42,44,49,60,61,100,102,103" machi="49" ten="30,7900,0" yaku="1,1,0,1,8,1,53,1" doraHai="48" doraHaiUra="9" who="3" fromWho="3" sc="284,-40,216,-21,250,-21,240,92" /><INIT seed="1,0,0,3,4,12" ten="244,195,229,332" oya="1" hai0="71,91,114,118,22,7,40,64,108,86,130,50,123" hai1="16,38,127,21,18,32,120,102,54,75,107,96,113" hai2="49,3,93,67,104,115,11,116,47,19,1,133,122" hai3="26,52,4,34,89,92,51,135,42,33,31,60,9"/><U30/><E120/><V129/><F104/><W37/><G135/><T88/><D114/><U134/><E113/><V55/><F115/><W126/><G126/><T58/><D118/><U14/><E75/><V121/><F116/><W97/><G34/><T62/><D108/><U23/><E38/><V72/><F72/><W99/><G60/><T83/><D130/><U17/><E127/><V48/><F129/><W110/><G110/><T100/><D100/><U65/><E134/><V28/><F28/><W27/><G27/><T2/><D2/><U41/><E41/><V45/><F133/><W103/><G37/><T78/><D7/><U111/><E111/><V8/><F67/><W87/><G42/><T29/><D123/><U77/><E77/><V132/><F132/><W70/><G70/><T76/><D76/><U125/><E125/><V90/><F121/><W13/><G103/><T59/><D71/><U124/><E124/><V36/><F36/><W80/><G92/><T98/><D98/><U128/><E128/><V69/><F69/><W6/><G6/><T101/><D101/><U94/><E65/><V119/><F119/><W53/><G53/><N who="0" m="32055" /><D40/><U66/><E66/><V46/><F122/><W73/><G73/><T109/><D109/><U117/><E117/><V24/><F1/><W25/><G25/><AGARI ba="0,0" hai="22,25,29,59,62,64,78,83,86,88,91" m="32055" machi="25" ten="30,2000,0" yaku="8,1,54,1" doraHai="12" who="0" fromWho="3" sc="244,20,195,0,229,0,332,-20" /><INIT seed="2,0,0,0,1,104" ten="264,195,229,312" oya="2" hai0="67,77,107,68,82,58,120,60,81,64,92,63,46" hai1="31,66,96,3,26,12,14,5,73,65,6,32,41" hai2="2,10,61,24,11,106,98,123,122,43,103,91,15" hai3="131,74,23,27,124,114,13,99,53,133,33,30,50"/><V0/><F43/><W80/><G131/><T62/><D107/><U108/><E41/><V125/><F125/><W93/><G124/><T70/><D120/><U20/><E96/><V126/><F126/><W117/><G117/><T57/><D92/><U72/><E108/><V116/><F116/><W48/><G133/><T1/><D1/><U19/><E14/><V130/><F130/><W97/><G114/><T59/><D46/><U22/><E22/><V86/><F24/><W102/><G97/><T21/><D21/><U36/><E36/><V88/><F91/><W85/><G74/><N who="1" m="28778" /><E6/><V109/><F109/><W87/><G53/><T39/><D39/><U4/><E4/><V75/><F75/><W45/><G45/><T76/><REACH who="0" step="1"/><D62/><REACH who="0" ten="254,195,229,312" step="2"/><U118/><E118/><V40/><F61/><W49/><G23/><T121/><D121/><U115/><E115/><V17/><F0/><W71/><G93/><T18/><D18/><U95/><E95/><V79/><F2/><W83/><G33/><T100/><D100/><U132/><E132/><V129/><F123/><W42/><G102/><T47/><D47/><U89/><E89/><V7/><F122/><W111/><G111/><T44/><D44/><U113/><E113/><V134/><F129/><W84/><G83/><AGARI ba="0,1" hai="57,58,59,60,63,64,67,68,70,76,77,81,82,83" machi="83" ten="40,2600,0" yaku="1,1,9,1,53,0" doraHai="104" doraHaiUra="112" who="0" fromWho="3" sc="254,36,195,0,229,0,312,-26" /><INIT seed="3,0,0,1,4,78" ten="290,195,229,286" oya="3" hai0="6,38,43,81,113,5,79,90,108,86,93,85,51" hai1="27,80,107,83,129,101,56,32,57,123,58,8,72" hai2="92,125,37,63,74,31,55,28,132,121,62,131,60" hai3="97,71,22,105,40,84,48,99,10,103,21,64,115"/><W124/><G115/><T61/><D108/><U118/><E123/><V2/><F74/><W67/><G124/><T18/><D38/><U13/><E72/><V134/><F37/><W100/><G10/><T98/><D113/><U53/><E53/><V52/><F2/><W16/><G84/><T120/><D120/><U4/><E129/><V76/><F121/><W111/><G71/><T7/><D61/><U77/><E77/><V91/><F76/><W41/><G111/><T122/><D122/><U49/><E49/><V70/><F70/><W112/><G112/><T87/><D18/><U88/><E118/><V29/><F125/><W102/><G105/><T44/><AGARI ba="0,0" hai="5,6,7,43,44,51,79,81,85,86,87,90,93,98" machi="44" ten="30,4000,0" yaku="0,1,8,1,52,1" doraHai="78" who="0" fromWho="0" sc="290,40,195,-10,229,-10,286,-20" owari="330,43.0,185,-31.5,219,-18.1,266,6.6" /></mjloggm>