<mjloggm ver="2.3"><GO type="225" lobby="0"/><UN n0="%6E%69%63%6F%6E%74%6F" n1="%E9%B3%B3%E5%8D%97%E3%81%AE%E3%82%B4%E3%83%9F%E6%8E%83%E9%99%A4%E4%BF%82" n2="%E5%B8%86%E7%AB%8B%E5%A4%8F%E8%A1%A3" n3="%72%61%6B%33" dan="17,17,16,16" rate="2123.57,2160.74,2109.12,2088.45" sx="M,M,M,M"/><TAIKYOKU oya="0"/><INIT seed="0,0,0,3,2,68" ten="250,250,250,250" oya="0" hai0="127,59,77,107,47,101,41,10,115,97,81,35,49" hai1="31,46,75,87,62,109,102,44,93,89,4,16,21" hai2="2,122,72,29,28,37,80,39,27,100,74,45,99" hai3="55,118,71,57,123,69,132,60,33,3,53,30,90"/><T78/><D127/><U133/><E109/><V36/><F122/><W116/><G3/><T88/><D115/><U22/><E133/><V83/><F2/><W40/><G33/><T14/><D35/><U117/><E117/><V114/><F114/><W96/><G30/><T34/><D34/><U38/><E75/><V112/><F112/><W5/><G5/><T92/><D59/><U124/><E124/><V98/><F45/><W0/><G0/><T79/><D107/><U111/><E111/><V126/><F126/><W15/><G15/><T82/><REACH who="0" step="1"/><D101/><REACH who="0" ten="240,250,250,250" step="2"/><U121/><E121/><V129/><F100/><W11/><G123/><T134/><D134/><U1/><E102/><V12/><F129/><W120/><G132/><T70/><D70/><U131/><E131/><V135/><F135/><W56/><G120/><T67/><D67/><U64/><E64/><V63/><F74/><W76/><G69/><T130/><D130/><U23/><E22/><V84/><F72/><W51/><G116/><T7/><AGARI ba="0,1" hai="7,10,14,41,47,49,77,78,79,81,82,88,92,97" machi="7" ten="30,12000,1" yaku="1,1,0,1,8,1,54,1,53,1" doraHai="68" doraHaiUra="6" who="0" fromWho="0" sc="240,130,250,-40,250,-40,250,-40" /><INIT seed="0,1,0,4,2,63" ten="370,210,210,210" oya="0" hai0="6,95,32,75,69,60,24,39,88,62,50,131,17" hai1="109,12,124,57,48,123,79,115,103,47,94,130,78" hai2="5,8,113,70,100,104,3,1,49,106,105,102,40" hai3="23,96,68,67,7,14,128,85,25,80,72,22,29"/><T93/><D131/><U90/><E130/><V59/><F113/><W31/><G128/><T38/><D75/><U41/><E123/><V119/><F119/><W98/><G72/><T86/><D6/><U89/><E109/><V54/><F3/><W42/><G42/><T64/><D50/><U83/><E124/><V135/><F135/><W26/><G68/><T112/><D112/><U65/><E115/><V21/><F40/><W116/><G116/><T11/><D62/><N who="1" m="38095" /><E12/><V56/><F56/><W30/><G67/><T15/><REACH who="0" step="1"/><D95/><REACH who="0" ten="360,210,210,210" step="2"/><U9/><E94/><V121/><F5/><W35/><G35/><T55/><D55/><U20/><E48/><V77/><F49/><W18/><G7/><T108/><D108/><U87/><E41/><V107/><F107/><W82/><G82/><T51/><D51/><U74/><E83/><V76/><F106/><W125/><G125/><T122/><D122/><U118/><E74/><V10/><F105/><W84/><G84/><T19/><D19/><U46/><E87/><V16/><F104/><W73/><G73/><T127/><D127/><U91/><E118/><V99/><F121/><W126/><G126/><T134/><D134/><U133/><E133/><V114/><F114/><W36/><G36/><T43/><D43/><U13/><E46/><V33/><F54/><W129/><G129/><T61/><D61/><U34/><E47/><V4/><F4/><W71/><G80/><T27/><D27/><U0/><E0/><V66/><F1/><W97/><G85/><T132/><D132/><U92/><E92/><V58/><F16/><RYUUKYOKU ba="1,1" sc="360,30,210,-10,210,-10,210,-10" hai0="11,15,17,24,32,38,39,60,64,69,86,88,93" /><INIT seed="0,2,1,3,0,69" ten="390,200,200,200" oya="0" hai0="16,41,89,131,110,62,39,25,15,49,83,115,93" hai1="113,51,78,64,109,135,114,127,102,111,92,37,17" hai2="125,7,73,105,32,55,132,13,50,19,1,106,122" hai3="26,65,11,28,38,4,60,30,9,116,81,10,5"/><T6/><D115/><N who="1" m="44043" /><E135/><V75/><F122/><W126/><G116/><T133/><D133/><U118/><E127/><V54/><F132/><W56/><G126/><T58/><D131/><U20/><E118/><V48/><F32/><W72/><G30/><T57/><D110/><N who="1" m="41995" /><E64/><V27/><F27/><W123/><G123/><T130/><D39/><U99/><E78/><V128/><F125/><W108/><G108/><T104/><D104/><U35/><E35/><V0/><F13/><W77/><REACH who="3" step="1"/><G38/><REACH who="3" ten="390,200,200,190" step="2"/><T43/><D130/><U8/><E37/><V107/><F128/><W53/><G53/><N who="0" m="31919" /><D83/><U100/><E51/><V101/><F50/><W3/><G3/><T66/><D6/><U90/><E8/><V47/><F1/><W31/><G31/><T74/><D74/><U29/><E29/><V44/><F0/><W34/><AGARI ba="2,2" hai="4,5,9,10,11,26,28,34,56,60,65,72,77,81" machi="34" ten="30,2000,0" yaku="1,1,0,1,53,0" doraHai="69" doraHaiUra="18" who="3" fromWho="3" sc="390,-12,200,-7,200,-7,190,46" /><INIT seed="1,0,0,2,1,105" ten="378,193,193,236" oya="1" hai0="94,116,134,89,54,50,126,56,65,85,75,28,129" hai1="109,3,82,58,121,8,76,39,107,2,100,96,118" hai2="55,122,43,17,86,48,9,52,14,99,90,97,61" hai3="106,102,32,131,5,111,21,37,20,104,35,84,71"/><U22/><E118/><V19/><F122/><W49/><G49/><T13/><D129/><U60/><E121/><V128/><F128/><W112/><G84/><T29/><D134/><U42/><E109/><V1/><F1/><W44/><G44/><T101/><D126/><U63/><E22/><V77/><F77/><W68/><G131/><T67/><D75/><U7/><E2/><V73/><F73/><W10/><G102/><T15/><D116/><U46/><E58/><N who="2" m="35015" /><F19/><W93/><G93/><T57/><D101/><U74/><AGARI ba="0,0" hai="3,7,8,39,42,46,60,63,74,76,82,96,100,107" machi="74" ten="20,12000,1" yaku="0,1,7,1,25,2,52,1" doraHai="105" who="1" fromWho="1" sc="378,-40,193,120,193,-40,236,-40" /><INIT seed="1,1,0,2,3,86" ten="338,313,153,196" oya="1" hai0="29,61,133,21,116,34,0,92,129,72,75,51,19" hai1="96,122,89,120,62,117,36,38,79,74,57,85,31" hai2="98,82,32,26,73,63,7,68,109,77,12,28,126" hai3="9,53,112,5,60,49,88,90,16,97,4,59,87"/><U10/><E117/><V102/><F109/><W113/><G112/><T54/><D116/><U13/><E31/><V95/><F126/><W81/><G113/><T99/><D129/><U100/><E74/><V125/><F125/><W80/><G49/><T47/><D133/><U3/><E3/><V121/><F121/><W33/><G33/><T67/><D0/><U103/><E38/><V20/><F7/><W40/><G40/><T107/><D107/><U44/><E36/><V83/><F83/><W24/><G81/><T114/><D114/><U76/><E44/><V127/><F127/><W58/><G58/><T91/><D29/><U35/><E35/><V17/><F63/><W105/><G105/><T1/><D1/><U70/><E70/><V42/><F42/><W123/><G123/><T56/><REACH who="0" step="1"/><D34/><REACH who="0" ten="328,313,153,196" step="2"/><U27/><E122/><V55/><REACH who="2" step="1"/><F68/><REACH who="2" ten="328,313,143,196" step="2"/><W110/><G110/><T115/><D115/><U37/><E120/><V50/><F50/><W65/><G60/><T101/><D101/><U46/><E103/><V104/><F104/><W66/><G4/><T71/><D71/><U52/><E37/><V2/><F2/><W8/><G5/><T11/><D11/><U124/><E10/><V132/><F132/><W39/><G8/><T131/><D131/><U69/><E69/><V6/><F6/><W23/><G9/><T41/><D41/><U84/><E100/><V15/><F15/><AGARI ba="1,2" hai="15,19,21,47,51,54,56,61,67,72,75,91,92,99" machi="15" ten="30,7700,0" yaku="1,1,7,1,52,1,53,1" doraHai="86" doraHaiUra="93" who="0" fromWho="2" sc="328,100,313,0,143,-80,196,0" /><INIT seed="2,0,0,5,2,99" ten="428,313,63,196" oya="2" hai0="57,66,30,103,87,11,93,106,114,133,85,25,54" hai1="135,4,47,61,78,24,38,26,55,62,42,35,64" hai2="20,73,104,16,53,95,112,8,105,113,28,86,97" hai3="63,34,101,59,33,134,119,120,56,67,21,90,1"/><V98/><F73/><W124/><G119/><T12/><D133/><U45/><E135/><V88/><F28/><W49/><G134/><T110/><D110/><U60/><E78/><V13/><F105/><W58/><G120/><T102/><D114/><U14/><E35/><V118/><F118/><W23/><G1/><T108/><D66/><U121/><E121/><V77/><F8/><W15/><G124/><T129/><D129/><U6/><E64/><V68/><F68/><W27/><G90/><N who="0" m="53455" /><D87/><U18/><E55/><V36/><F36/><W51/><G15/><T127/><D106/><U22/><E47/><V83/><REACH who="2" step="1"/><F53/><REACH who="2" ten="428,313,53,196" step="2"/><W92/><G33/><T132/><D132/><U131/><E131/><V123/><F123/><W65/><G34/><T122/><D122/><U72/><E72/><V89/><F89/><W91/><G91/><T81/><D127/><U2/><E38/><V115/><F115/><W111/><G23/><N who="0" m="15679" /><D81/><U19/><E22/><V17/><F17/><W7/><G21/><T79/><D79/><U96/><E18/><V48/><F48/><W39/><G49/><N who="0" m="30927" /><D108/><U117/><E117/><V41/><F41/><W10/><G10/><T82/><D82/><U3/><E19/><AGARI ba="0,1" hai="11,12,19,102,103" m="30927,15679,53455" machi="19" ten="30,3900,0" yaku="8,1,52,2" doraHai="99" who="0" fromWho="1" sc="428,49,313,-39,53,0,196,0" /><INIT seed="3,0,0,1,0,129" ten="477,274,53,196" oya="3" hai0="133,72,121,122,77,84,42,23,52,111,38,58,19" hai1="76,5,117,14,87,63,126,47,128,43,95,107,93" hai2="26,103,18,64,44,127,105,0,25,120,49,124,24" hai3="31,9,112,15,33,2,118,51,39,69,40,36,131"/><W53/><G112/><T83/><D133/><U108/><E107/><V16/><F105/><W94/><G118/><T71/><D111/><U11/><E108/><V132/><F103/><W75/><G131/><T59/><D71/><U134/><E128/><V98/><F98/><W97/><G75/><T89/><D42/><U3/><E134/><V55/><F64/><W65/><G2/><T135/><D135/><U8/><E126/><V114/><F132/><W70/><G31/><T91/><D38/><U57/><E117/><V1/><F114/><W22/><G22/><T13/><D59/><U28/><E28/><V96/><F96/><W86/><G86/><T73/><D91/><U110/><E110/><V27/><N who="2" m="6144" /><DORA hai="48" /><V125/><REACH who="2" step="1"/><F120/><REACH who="2" ten="477,274,43,196" step="2"/><W32/><G65/><T80/><D73/><U99/><E99/><V100/><F100/><W41/><G97/><T34/><D34/><U130/><E130/><V85/><F85/><W6/><G33/><T92/><D83/><U78/><E87/><V7/><F7/><W119/><G32/><T74/><D74/><U21/><E5/><V123/><F123/><W54/><G6/><T101/><D101/><U12/><E95/><V20/><F20/><W10/><G94/><T4/><D4/><U37/><E21/><V68/><F68/><W60/><G70/><T17/><D17/><AGARI ba="0,1" hai="0,1,16,17,18,44,49,55,124,125,127" m="6144" machi="17" ten="60,12000,2" yaku="1,1,18,1,52,1,54,1,53,2" doraHai="129,48" doraHaiUra="90,35" who="2" fromWho="0" sc="477,-120,274,0,43,130,196,0" owari="357,45.7,274,7.4,173,-32.7,196,-20.4" /></mjloggm>