<mjloggm ver="2.3"><GO type="225" lobby="0"/><UN n0="%61%74%73%75%74%6F%64%6F" n1="%E3%83%B4%E3%83%A0%EF%BC%99%E3%81%A6" n2="%E3%83%AC%E3%82%A4%E3%83%88%E3%83%B3%E5%87%86%E6%95%99%E6%8E%88" n3="%E6%98%93%E5%88%A9%E8%96%A9%E4%BC%AF" dan="16,16,18,16" rate="2091.79,2142.17,2237.13,2121.62" sx="M,M,M,F"/><TAIKYOKU oya="0"/><INIT seed="0,0,0,4,5,88" ten="250,250,250,250" oya="0" hai0="116,19,44,84,37,61,1,6,36,43,9,48,24" hai1="112,109,77,121,127,14,22,52,86,30,101,51,78" hai2="42,124,132,70,56,103,54,81,90,32,46,45,82" hai3="29,12,27,100,60,0,50,41,13,65,120,118,123"/><T133/><D116/><U25/><E121/><N who="3" m="46666" /><G0/><T67/><D133/><U34/><E109/><V91/><F132/><W31/><G118/><T3/><D3/><U15/><E127/><V5/><F70/><W105/><G41/><T7/><D7/><U129/><E129/><V83/><F32/><N who="3" m="20543" /><G31/><T21/><REACH who="0" step="1"/><D84/><REACH who="0" ten="240,250,250,250" step="2"/><U40/><E86/><V104/><F5/><W47/><G105/><T28/><D28/><U73/><E30/><V71/><F104/><W95/><G47/><T69/><AGARI ba="0,1" hai="1,6,9,19,21,24,36,37,43,44,48,61,67,69" machi="69" ten="20,3900,0" yaku="1,1,0,1,7,1,53,0" doraHai="88" doraHaiUra="108" who="0" fromWho="0" sc="240,49,250,-13,250,-13,250,-13" /><INIT seed="0,1,0,2,5,128" ten="289,237,237,237" oya="0" hai0="22,30,62,51,125,121,73,41,32,115,92,75,16" hai1="1,46,21,135,86,24,119,26,126,82,19,33,81" hai2="78,84,55,61,111,124,11,56,102,59,31,36,122" hai3="57,0,10,109,66,5,104,103,85,89,47,50,108"/><T34/><D115/><U60/><E119/><V114/><F114/><W120/><G120/><T106/><D106/><U129/><E1/><V107/><F122/><W53/><G104/><T76/><D121/><U25/><E129/><V93/><F111/><W99/><G103/><T74/><D76/><U54/><E126/><V134/><F36/><W8/><G99/><T18/><D30/><U68/><E68/><V91/><F124/><W39/><G10/><T95/><D62/><U112/><E112/><V87/><F31/><W37/><G66/><T27/><D125/><U28/><E25/><V130/><F130/><W6/><G6/><T15/><D41/><U71/><E71/><V116/><F116/><W133/><G133/><T58/><D58/><U49/><E60/><N who="2" m="35871" /><F11/><W132/><G132/><T79/><D51/><U67/><E67/><N who="2" m="39359" /><F107/><W98/><G98/><T96/><D79/><U13/><E135/><V35/><F35/><W127/><G127/><T44/><D44/><U7/><E7/><V14/><F102/><W42/><REACH who="3" step="1"/><G39/><REACH who="3" ten="289,237,237,227" step="2"/><T118/><D118/><U40/><E33/><V77/><F134/><W101/><G101/><T72/><N who="0" m="18432" /><DORA hai="43" /><T12/><D96/><U48/><E28/><V90/><F14/><W63/><G63/><T113/><D12/><U64/><E64/><V110/><F110/><W70/><G70/><T83/><D113/><U117/><E117/><V20/><F20/><W45/><G45/><T52/><D22/><U97/><E13/><V105/><F105/><W2/><G2/><T4/><D34/><U38/><E21/><V69/><F69/><RYUUKYOKU ba="1,1" sc="289,-15,237,-15,237,15,227,15" hai2="77,78,84,87,90,91,93" hai3="0,5,8,37,42,47,50,53,57,85,89,108,109" /><INIT seed="1,2,1,3,0,82" ten="274,222,252,242" oya="1" hai0="15,93,0,13,80,37,70,29,122,115,113,100,61" hai1="135,21,2,119,81,123,117,66,36,60,108,85,43" hai2="129,52,5,33,65,6,48,92,96,106,99,116,40" hai3="22,125,59,45,28,98,23,110,124,78,30,74,84"/><U57/><E123/><V121/><F121/><W47/><G74/><T95/><D0/><U11/><E135/><V17/><F116/><W130/><G98/><T62/><D37/><U120/><E120/><V97/><F106/><W91/><G78/><T58/><D122/><U51/><E36/><V105/><F105/><W55/><G110/><T75/><D29/><N who="3" m="11369" /><G130/><T118/><D70/><U35/><E35/><V26/><F33/><W25/><G125/><T114/><D118/><U44/><E21/><N who="3" m="7690" /><G25/><T112/><D115/><U89/><REACH who="1" step="1"/><E108/><REACH who="1" ten="274,212,252,242" step="2"/><V63/><F129/><W134/><G134/><T90/><D113/><U42/><E42/><V102/><F40/><W72/><G124/><T1/><D114/><U133/><E133/><V16/><F26/><W19/><G72/><T103/><D75/><U71/><E71/><V77/><F102/><W88/><G19/><T83/><D112/><U39/><E39/><V18/><F16/><W128/><G128/><T132/><D132/><U131/><E131/><V101/><F17/><W76/><G76/><T127/><D127/><U104/><E104/><V126/><F18/><W56/><G91/><T31/><D31/><U67/><E67/><V68/><F77/><W32/><G32/><T87/><D90/><U41/><E41/><V24/><F126/><W79/><G79/><T53/><D103/><U20/><E20/><V86/><F24/><W49/><G47/><T34/><D100/><U111/><E111/><V64/><F65/><W38/><G38/><T54/><D34/><U46/><E46/><N who="2" m="27671" /><F101/><W12/><G12/><T27/><D27/><RYUUKYOKU ba="2,2" sc="274,-30,212,10,252,10,242,10" hai1="2,11,43,44,51,57,60,66,81,85,89,117,119" hai2="5,6,63,64,68,86,92,96,97,99" hai3="45,49,55,56,59,84,88" /><INIT seed="1,3,2,1,0,12" ten="244,222,262,252" oya="1" hai0="122,125,2,28,40,18,45,7,74,19,133,0,77" hai1="54,113,100,80,92,59,25,5,130,14,42,43,85" hai2="88,66,96,97,103,69,60,23,121,116,126,13,20" hai3="87,76,61,57,86,112,8,110,31,124,6,114,30"/><U51/><E113/><V47/><F116/><W17/><G110/><T21/><D125/><U132/><E130/><V127/><F121/><W70/><G70/><T102/><D102/><U62/><E132/><V55/><F47/><W39/><G39/><N who="0" m="21663" /><D0/><U81/><E25/><V115/><F115/><W27/><G124/><N who="2" m="47657" /><F55/><W134/><G134/><T89/><D89/><N who="1" m="53295" /><E100/><V93/><F13/><W129/><G129/><T15/><D133/><U120/><E120/><V1/><F1/><W36/><G36/><T107/><D107/><AGARI ba="3,2" hai="20,23,60,66,69,88,93,96,97,103,107" m="47657" machi="107" ten="30,2000,0" yaku="18,1,54,1" doraHai="12" who="2" fromWho="0" sc="244,-29,222,0,262,49,252,0" /><INIT seed="2,0,0,1,1,40" ten="215,222,311,252" oya="2" hai0="88,28,6,30,111,50,131,48,17,87,32,118,18" hai1="72,52,91,94,76,49,67,130,20,114,62,129,69" hai2="120,24,66,107,58,135,126,127,59,35,14,81,22" hai3="42,101,0,82,23,84,92,89,100,96,86,26,5"/><V1/><F120/><W53/><G86/><T41/><D111/><U56/><E114/><V80/><F1/><W108/><G108/><T15/><D131/><U45/><E20/><V55/><F107/><W70/><G70/><T95/><D118/><U113/><E113/><V109/><F135/><W128/><G128/><N who="1" m="49258" /><E76/><V78/><F14/><W25/><G25/><T27/><D30/><U65/><E72/><V117/><F35/><W134/><G134/><T54/><D41/><N who="1" m="24751" /><E69/><V112/><F112/><W21/><G21/><T4/><D50/><U8/><E8/><V10/><F10/><W103/><G42/><T19/><REACH who="0" step="1"/><D15/><REACH who="0" ten="205,222,311,252" step="2"/><U43/><E43/><V121/><F117/><W115/><G115/><T47/><AGARI ba="0,1" hai="4,6,17,18,19,27,28,32,47,48,54,87,88,95" machi="47" ten="30,8000,1" yaku="1,1,2,1,0,1,52,1,54,1,53,0" doraHai="40" doraHaiUra="119" who="0" fromWho="0" sc="205,90,222,-20,311,-40,252,-20" /><INIT seed="3,0,0,4,2,99" ten="295,202,271,232" oya="3" hai0="129,107,56,112,115,66,133,53,13,31,27,34,119" hai1="22,124,6,102,71,58,77,60,44,59,23,28,118" hai2="122,117,81,82,75,127,61,110,113,30,98,94,134" hai3="70,29,15,131,20,11,76,108,54,123,18,41,46"/><W67/><G123/><T78/><D107/><U64/><E124/><V17/><F113/><N who="0" m="43594" /><D133/><U0/><E118/><V42/><F117/><W92/><G131/><T97/><D97/><U33/><E77/><V10/><F122/><W135/><G135/><T52/><D129/><U32/><E44/><V63/><F110/><W101/><G108/><T86/><D13/><U3/><E71/><V8/><F42/><W9/><G54/><N who="0" m="21099" /><D119/><U80/><E60/><V88/><F127/><W87/><G11/><T84/><D78/><U83/><E6/><V19/><F98/><W16/><G76/><T121/><D121/><U7/><E7/><V111/><F111/><W93/><G29/><T96/><D96/><U43/><E43/><V14/><F30/><W1/><G1/><T90/><D90/><U120/><E120/><V48/><F14/><W62/><G101/><T114/><D114/><U126/><E28/><V104/><F88/><W73/><G73/><T26/><D27/><U72/><E126/><V103/><F103/><W5/><G87/><T130/><D130/><U57/><E102/><V39/><F75/><W12/><REACH who="3" step="1"/><G5/><REACH who="3" ten="295,202,271,222" step="2"/><T91/><D91/><U25/><E72/><V40/><F134/><W51/><AGARI ba="0,1" hai="9,12,15,16,18,20,41,46,51,62,67,70,92,93" machi="51" ten="20,12000,1" yaku="1,1,2,1,0,1,7,1,54,1,53,0" doraHai="99" doraHaiUra="21" who="3" fromWho="3" sc="295,-40,202,-40,271,-40,222,130" owari="255,5.5,162,-33.8,231,-16.9,352,45.2" /></mjloggm>