<mjloggm ver="2.3"><GO type="225" lobby="0"/><UN n0="%E3%81%9F%E3%81%8C%E3%82%84%E3%81%99" n1="%4B%2E%32%2E%4B%2E" n2="%E7%89%B9%E6%9D%B1%E3%81%AF%E4%B8%96%E7%95%8C%E3%82%92%E6%95%91%E3%81%86" n3="%E3%81%B2%E3%81%AA%E3%81%AE%E3%82%8A%E3%81%8F" dan="16,17,16,17" rate="2169.92,2165.41,2103.40,2154.57" sx="M,M,M,M"/><TAIKYOKU oya="0"/><INIT seed="0,0,0,1,3,123" ten="250,250,250,250" oya="0" hai0="25,105,35,55,96,17,24,119,38,72,8,46,62" hai1="73,133,21,54,57,60,128,0,99,94,115,12,52" hai2="118,32,78,120,81,97,100,29,3,19,47,4,43" hai3="63,117,90,27,88,20,53,102,23,69,77,65,45"/><T50/><D72/><U87/><E73/><V14/><F120/><W16/><G117/><T112/><D112/><U59/><E0/><V7/><F118/><W91/><G77/><T42/><D119/><U82/><E115/><V95/><F3/><W71/><G102/><T122/><D122/><U40/><E128/><V110/><F29/><W101/><G101/><T48/><D105/><U104/><E104/><V31/><F31/><W68/><REACH who="3" step="1"/><G23/><REACH who="3" ten="250,250,250,240" step="2"/><T51/><D35/><U126/><E21/><V80/><F32/><W116/><G116/><T30/><D24/><U134/><E126/><V98/><F78/><W1/><G1/><T109/><D25/><U129/><E129/><V13/><F100/><W79/><G79/><T135/><D135/><U44/><E133/><V22/><F22/><W106/><G106/><T10/><D10/><U107/><E107/><V64/><F13/><W6/><G6/><T93/><D8/><U26/><E26/><V67/><F4/><W125/><G125/><T49/><N who="0" m="12288" /><DORA hai="18" /><T76/><D76/><N who="1" m="46535" /><E12/><V37/><F7/><W86/><G86/><T58/><D96/><U2/><E2/><V75/><F98/><W36/><G36/><T41/><D38/><U113/><E134/><V121/><F121/><W111/><G111/><T103/><D109/><U15/><E15/><V28/><F110/><W84/><G84/><T61/><D103/><N who="1" m="60919" /><E113/><V83/><F75/><W85/><G85/><T89/><D89/><U74/><E74/><V108/><F108/><W92/><G92/><T130/><D130/><U66/><E44/><N who="2" m="23663" /><F97/><W131/><G131/><RYUUKYOKU ba="0,1" sc="250,-10,250,-10,250,-10,240,30" hai3="16,20,27,45,53,63,65,68,69,71,88,90,91" /><INIT seed="1,1,1,2,1,51" ten="240,240,240,270" oya="1" hai0="63,59,60,31,128,77,27,40,89,81,53,3,114" hai1="76,73,118,74,111,101,7,131,62,103,123,14,85" hai2="46,13,12,50,115,36,86,75,9,99,1,20,79" hai3="71,49,69,0,72,107,17,30,32,98,33,124,90"/><U109/><E118/><V130/><F75/><N who="1" m="28681" /><E62/><V133/><F36/><W52/><G72/><T96/><D3/><U54/><E14/><V95/><F115/><W61/><G0/><T38/><D114/><U93/><E7/><V66/><F130/><W45/><G124/><T18/><D128/><U43/><E43/><V80/><F133/><W87/><G17/><T15/><D77/><U25/><E25/><V10/><F66/><W37/><G37/><T4/><D4/><U102/><E131/><V122/><F122/><W132/><G132/><T58/><D40/><U65/><E65/><V5/><F20/><W127/><G61/><T97/><D38/><U91/><E54/><V100/><REACH who="2" step="1"/><F9/><REACH who="2" ten="240,240,230,270" step="2"/><W125/><G125/><T47/><D31/><U121/><E76/><V64/><F64/><W104/><G127/><T84/><D27/><U23/><E23/><V94/><F94/><W78/><G78/><T6/><D6/><U105/><E105/><V2/><F2/><W135/><G135/><T113/><D113/><U41/><E41/><AGARI ba="1,2" hai="1,5,10,12,13,41,46,50,79,80,86,95,99,100" machi="41" ten="30,3900,0" yaku="1,1,7,1,53,1" doraHai="51" doraHaiUra="35" who="2" fromWho="1" sc="240,0,240,-42,230,62,270,0" /><INIT seed="2,0,0,1,5,33" ten="240,198,292,270" oya="2" hai0="5,45,22,44,119,110,54,57,25,13,8,71,40" hai1="126,30,6,63,104,59,38,26,10,70,64,51,12" hai2="130,87,55,49,4,81,124,106,113,76,68,24,17" hai3="27,18,41,88,97,89,123,74,135,19,66,95,107"/><V96/><F113/><W134/><G123/><T103/><D71/><U14/><E104/><V67/><F130/><W60/><G107/><T47/><D110/><U37/><E126/><V23/><F124/><W108/><G108/><T1/><D119/><U65/><E14/><V73/><F68/><W3/><G74/><T109/><D109/><U53/><REACH who="1" step="1"/><E65/><REACH who="1" ten="240,188,292,270" step="2"/><V78/><F67/><W94/><G66/><T115/><D115/><U100/><E100/><V114/><F114/><W98/><G134/><T46/><D103/><U61/><E61/><V86/><F106/><W72/><G60/><T52/><N who="0" m="11264" /><DORA hai="112" /><T34/><D40/><U85/><E85/><V120/><F87/><W9/><G41/><T101/><D101/><U118/><E118/><V122/><F86/><W90/><G135/><T121/><D121/><U50/><E50/><V131/><F49/><W77/><G72/><T111/><D111/><U31/><E31/><V21/><F73/><W132/><G132/><T92/><D13/><U91/><E91/><V20/><F122/><W32/><G90/><T116/><D116/><U16/><E16/><V15/><F17/><W83/><G97/><T48/><D48/><U128/><E128/><V82/><F96/><W56/><G98/><T0/><D5/><U79/><E79/><V127/><F131/><W42/><G77/><T93/><D25/><U102/><E102/><V2/><F24/><W84/><G27/><T133/><D133/><U69/><E69/><V39/><F127/><W11/><G42/><T7/><D7/><U43/><E43/><V129/><F4/><RYUUKYOKU ba="0,1" sc="240,-10,188,30,292,-10,270,-10" hai1="6,10,12,26,30,37,38,51,53,59,63,64,70" /><INIT seed="3,1,1,2,5,120" ten="230,218,282,260" oya="3" hai0="33,98,49,38,132,84,53,66,73,130,45,19,30" hai1="72,77,16,124,119,11,67,42,75,63,36,74,22" hai2="93,88,99,123,32,46,69,18,95,76,118,68,113" hai3="59,56,134,34,21,110,82,111,40,10,91,9,94"/><W37/><G34/><T0/><D73/><U28/><E124/><V48/><F113/><W3/><G82/><T2/><D132/><U1/><E119/><V35/><F118/><W50/><G134/><T62/><D130/><U71/><E28/><V52/><F76/><W81/><G81/><T12/><D84/><U65/><E65/><V89/><F123/><W29/><G37/><T43/><D98/><U100/><E100/><V135/><F135/><W92/><G40/><T64/><D64/><U26/><E42/><V115/><F115/><W57/><G50/><T8/><D30/><U83/><REACH who="1" step="1"/><E36/><REACH who="1" ten="230,208,282,260" step="2"/><V106/><F35/><W39/><G39/><T17/><D33/><U96/><E96/><V27/><F32/><W112/><G112/><T122/><D122/><U55/><E55/><V128/><F52/><W23/><G29/><T54/><D54/><U129/><E129/><V5/><F128/><W20/><G3/><T104/><D0/><U127/><E127/><V85/><F99/><N who="3" m="57759" /><G94/><T41/><D2/><U70/><E70/><V107/><F69/><W133/><G133/><T97/><D38/><U61/><E61/><V51/><F68/><W31/><G31/><T60/><D60/><U90/><E90/><V116/><F116/><W126/><G126/><T125/><D125/><U44/><E44/><V13/><F46/><W7/><G7/><AGARI ba="1,2" hai="1,7,11,16,22,26,63,67,71,72,74,75,77,83" machi="7" ten="40,2600,0" yaku="1,1,54,1,53,0" doraHai="120" doraHaiUra="103" who="1" fromWho="3" sc="230,0,208,49,282,0,260,-29" /><INIT seed="4,0,0,4,4,107" ten="230,257,282,231" oya="0" hai0="112,102,36,80,33,7,10,49,77,90,43,32,18" hai1="133,3,54,113,12,122,51,76,114,118,9,40,21" hai2="81,93,29,82,92,34,15,46,96,117,119,23,110" hai3="6,5,116,103,8,35,98,4,45,104,89,72,26"/><T83/><D36/><U0/><E118/><V63/><F110/><W66/><G116/><N who="2" m="44617" /><F34/><W70/><G72/><T41/><D112/><N who="1" m="43115" /><E122/><V130/><F130/><W25/><G89/><T84/><D102/><U128/><E128/><V57/><F46/><W16/><G45/><T87/><D18/><N who="1" m="8463" /><E40/><V85/><F85/><W124/><G124/><T37/><D37/><U86/><E21/><V42/><F42/><W65/><G65/><T67/><D67/><U24/><E24/><N who="2" m="16543" /><F15/><W69/><G26/><T61/><D61/><U125/><E133/><V27/><F27/><W28/><REACH who="3" step="1"/><G66/><REACH who="3" ten="230,257,282,221" step="2"/><T127/><D127/><U22/><E125/><V38/><F38/><W135/><G135/><T44/><D43/><U101/><E101/><V71/><F82/><W129/><G129/><T48/><D48/><U131/><E131/><V62/><F81/><W31/><G31/><T20/><REACH who="0" step="1"/><D20/><REACH who="0" ten="220,257,282,221" step="2"/><U109/><E22/><V30/><F63/><W2/><G2/><AGARI ba="0,2" hai="2,7,10,32,33,41,44,49,77,80,83,84,87,90" machi="2" ten="30,5800,0" yaku="1,1,2,1,7,1,53,0" doraHai="107" doraHaiUra="123" who="0" fromWho="3" sc="220,78,257,0,282,0,221,-58" /><INIT seed="4,1,0,2,1,111" ten="298,257,282,163" oya="0" hai0="128,123,93,31,88,27,86,80,121,70,61,34,44" hai1="21,75,109,18,28,57,114,90,53,113,66,50,83" hai2="81,77,15,102,17,67,11,35,4,117,62,30,22" hai3="19,68,64,60,106,92,41,110,38,0,82,12,9"/><T16/><D44/><U104/><E109/><V133/><F133/><W101/><G110/><T14/><D128/><U52/><E104/><V24/><F102/><W84/><G0/><T29/><D29/><U119/><E119/><V127/><F127/><W131/><G131/><T87/><D61/><U107/><E107/><V105/><F105/><W59/><G106/><T13/><D70/><U23/><E28/><V51/><F51/><W36/><G41/><T98/><D86/><N who="1" m="50527" /><E75/><V56/><F117/><W120/><G120/><T130/><D13/><N who="1" m="9423" /><E23/><V26/><F26/><W42/><G42/><T97/><D97/><U135/><E135/><V94/><F94/><W58/><G38/><T71/><D71/><U132/><E132/><V125/><F125/><W69/><G36/><T1/><D1/><U6/><E6/><V89/><F89/><W47/><G69/><T37/><D37/><U32/><E32/><V8/><REACH who="2" step="1"/><F4/><REACH who="2" ten="298,257,272,163" step="2"/><W122/><G122/><T129/><D129/><U3/><E3/><V10/><F10/><W118/><G118/><T103/><D130/><U85/><E85/><AGARI ba="1,1" hai="8,11,15,17,22,24,30,35,56,62,67,77,81,85" machi="85" ten="30,2000,0" yaku="1,1,7,1,53,0" doraHai="111" doraHaiUra="39" who="2" fromWho="1" sc="298,0,257,-23,272,33,163,0" owari="298,9.8,234,-16.6,305,40.5,163,-33.7" /></mjloggm>