<mjloggm ver="2.3"><GO type="225" lobby="0"/><UN n0="%E5%8C%97%E6%AC%A7%E3%81%AE%E3%82%82%E3%81%93%E3%81%86" n1="%E6%A1%9C%E8%8A%B1%E9%96%83%E3%80%85" n2="%E3%81%9F%E3%81%8C%E3%82%84%E3%81%99" n3="%E7%B4%94%E6%BD%94%E3%83%94%E3%83%A9%E3%83%8B%E3%82%A2" dan="17,18,16,17" rate="2147.62,2195.77,2186.94,2229.62" sx="M,M,M,M"/><TAIKYOKU oya="0"/><INIT seed="0,0,0,0,0,135" ten="250,250,250,250" oya="0" hai0="11,108,45,134,76,58,18,94,47,28,104,92,71" hai1="5,38,95,124,24,85,126,131,8,56,20,122,1" hai2="79,109,77,40,26,110,106,21,123,16,91,129,7" hai3="15,41,98,80,57,35,42,33,82,86,75,78,89"/><T97/><D71/><U74/><E122/><V22/><F106/><W55/><G15/><N who="0" m="7551" /><D104/><U49/><E74/><V83/><F123/><W120/><G120/><T69/><D69/><U103/><E38/><V88/><F129/><W52/><G55/><T44/><D134/><U67/><E131/><V100/><F100/><W14/><G14/><T6/><D6/><U113/><E113/><V31/><F40/><W43/><REACH who="3" step="1"/><G98/><REACH who="3" ten="250,250,250,240" step="2"/><T23/><D97/><U105/><E67/><V37/><F7/><W27/><G27/><N who="0" m="16511" /><D108/><U130/><E130/><V116/><F110/><W87/><G87/><T62/><D76/><U117/><E5/><V3/><F79/><W65/><G65/><AGARI ba="0,1" hai="44,45,47,58,62,65,92,94" m="16511,7551" machi="65" ten="30,1500,0" yaku="8,1" doraHai="135" who="0" fromWho="3" sc="250,25,250,0,250,0,240,-15" /><INIT seed="0,1,0,2,4,18" ten="275,250,250,225" oya="0" hai0="107,47,5,45,51,2,129,6,75,40,37,72,116" hai1="119,126,54,70,33,16,4,130,65,68,90,99,88" hai2="118,135,101,12,44,17,59,127,106,128,98,42,14" hai3="19,103,113,56,117,122,125,110,87,92,43,29,73"/><T21/><D116/><U10/><E119/><V7/><F7/><W36/><G29/><T95/><D107/><U104/><E33/><V131/><F118/><W82/><G43/><T112/><D112/><U69/><E130/><V79/><F79/><W84/><G56/><T35/><D35/><U55/><E65/><V91/><F127/><W48/><G48/><T66/><D129/><U28/><E28/><V38/><F135/><W121/><G19/><T39/><D95/><U0/><E126/><V76/><F76/><W9/><G9/><T24/><D66/><U8/><E104/><V60/><F12/><W78/><G36/><T32/><D32/><U23/><E10/><V34/><F91/><W109/><G113/><T132/><D132/><U96/><E90/><V120/><F120/><N who="3" m="46187" /><G125/><T111/><D37/><U27/><REACH who="1" step="1"/><E88/><REACH who="1" ten="275,240,250,225" step="2"/><V86/><F34/><W62/><G117/><T11/><D11/><U63/><E63/><V133/><F133/><W15/><G62/><T49/><D111/><N who="3" m="42505" /><G15/><T26/><D5/><U85/><E85/><V57/><F86/><W74/><G87/><T46/><D6/><U94/><E94/><V123/><F123/><W41/><G41/><T124/><D40/><U102/><E102/><V89/><F60/><W114/><G114/><T77/><D124/><U58/><E58/><N who="2" m="22027" /><F131/><W80/><G80/><T93/><D93/><U115/><E115/><V22/><F128/><W52/><G52/><AGARI ba="1,1" hai="0,4,8,16,23,27,52,54,55,68,69,70,96,99" machi="52" ten="40,8000,1" yaku="1,1,52,1,54,2,53,0" doraHai="18" doraHaiUra="100" who="1" fromWho="3" sc="275,0,240,93,250,0,225,-83" /><INIT seed="1,0,0,5,4,38" ten="275,333,250,142" oya="1" hai0="73,22,103,77,35,23,102,121,18,96,119,9,8" hai1="135,28,2,30,41,11,15,6,97,5,21,1,125" hai2="105,130,118,92,64,106,98,7,17,25,60,37,133" hai3="14,59,80,100,10,61,126,56,128,86,24,82,120"/><U116/><E97/><V88/><F7/><N who="1" m="2569" /><E41/><V13/><F118/><W67/><G120/><T29/><D35/><U20/><E116/><V39/><F25/><W87/><G126/><T117/><D121/><U16/><E135/><V75/><F75/><W43/><G128/><T69/><D69/><U85/><E85/><V71/><F130/><W91/><G100/><T129/><D129/><U58/><E58/><V111/><F111/><W54/><G24/><T52/><D73/><U84/><E84/><V55/><F133/><W94/><G43/><T134/><D77/><U99/><E99/><V32/><F32/><W44/><G44/><T114/><D134/><U109/><E125/><V115/><F115/><W74/><G74/><T104/><D103/><U47/><E47/><V65/><F65/><W4/><REACH who="3" step="1"/><G86/><REACH who="3" ten="275,333,250,132" step="2"/><T12/><D117/><U124/><E124/><V79/><F39/><W93/><G93/><T42/><D42/><U62/><E109/><V51/><F37/><W89/><G89/><T70/><D119/><U45/><E45/><V36/><F36/><W53/><G53/><T3/><D52/><U48/><E30/><V27/><F79/><W68/><G68/><T72/><D70/><U0/><E28/><V33/><F27/><W113/><G113/><T131/><D114/><U19/><E0/><V108/><F92/><W76/><G76/><T40/><D131/><U132/><E2/><V95/><F108/><W26/><G26/><N who="0" m="16599" /><D3/><U49/><E1/><V90/><F90/><W81/><G81/><T63/><D72/><U46/><E132/><V50/><F55/><RYUUKYOKU ba="0,1" sc="275,-10,333,-10,250,-10,132,30" hai3="4,10,14,54,56,59,61,67,80,82,87,91,94" /><INIT seed="2,1,1,3,1,36" ten="265,323,240,162" oya="2" hai0="101,97,90,19,69,20,118,40,41,34,102,114,76" hai1="130,43,79,23,126,89,24,12,119,123,50,107,109" hai2="57,104,45,0,32,60,83,48,132,52,95,55,27" hai3="72,65,71,121,13,117,47,70,22,8,131,100,63"/><V74/><F104/><W88/><G121/><T78/><D34/><U31/><E119/><V5/><F132/><W11/><G117/><T103/><D69/><U26/><E123/><V93/><F0/><W96/><G131/><T112/><D118/><U135/><E130/><V66/><F5/><W15/><G72/><T49/><D114/><U39/><E39/><V67/><F74/><W134/><G134/><T91/><D49/><U92/><E107/><V94/><REACH who="2" step="1"/><F83/><REACH who="2" ten="265,323,230,162" step="2"/><W116/><G116/><T127/><D112/><U59/><E135/><V81/><F81/><W128/><G128/><T9/><D127/><U54/><E126/><V7/><F7/><W6/><G6/><T62/><D76/><U33/><E79/><V115/><F115/><W61/><G15/><T75/><D78/><U133/><E12/><V68/><F68/><W120/><G13/><T17/><D75/><U3/><E3/><V25/><F25/><W85/><G120/><T84/><D17/><U30/><E133/><V98/><F98/><W73/><G73/><T122/><D97/><U2/><E2/><V42/><F42/><W44/><G96/><T125/><D122/><U28/><E43/><V18/><F18/><W37/><G71/><T4/><D125/><U113/><E113/><V58/><F58/><W111/><G70/><T108/><D40/><U129/><E129/><V35/><F35/><W106/><G106/><T64/><D41/><U16/><E33/><V56/><F56/><W86/><G86/><T29/><D84/><N who="1" m="52263" /><E24/><V82/><F82/><W46/><G85/><T14/><D14/><RYUUKYOKU ba="1,2" sc="265,-15,323,15,230,15,162,-15" hai1="16,23,26,28,30,31,50,54,59,109" hai2="27,32,45,48,52,55,57,60,66,67,93,94,95" /><INIT seed="2,2,2,3,2,67" ten="250,338,245,147" oya="2" hai0="16,22,25,103,93,109,75,82,134,6,7,126,87" hai1="70,37,108,94,135,51,106,92,4,119,28,115,77" hai2="104,111,59,56,58,0,23,97,68,61,122,5,133" hai3="14,62,29,121,12,107,55,32,21,118,48,116,100"/><V98/><F0/><W47/><G121/><T128/><D109/><U36/><E70/><V95/><F122/><W20/><G107/><T113/><D113/><U43/><E106/><V88/><F5/><W2/><G2/><T83/><D128/><U45/><E119/><V105/><F133/><W42/><G100/><T91/><D126/><U17/><E115/><V110/><F23/><W41/><G32/><T49/><D134/><U52/><E28/><V24/><F24/><W18/><G62/><T65/><D75/><U130/><E4/><N who="0" m="1577" /><D65/><U125/><E37/><V114/><F114/><W64/><G64/><T132/><D132/><U127/><E108/><N who="2" m="41515" /><F68/><W44/><G55/><T46/><D103/><U84/><E17/><V63/><F105/><W66/><G66/><T99/><D99/><N who="2" m="37898" /><F104/><W129/><G129/><T89/><D89/><U102/><E135/><V86/><AGARI ba="2,2" hai="56,58,59,61,63,86,88,95" m="37898,41515" machi="86" ten="40,7800,0" yaku="14,1,10,1,54,1" doraHai="67" who="2" fromWho="2" sc="250,-28,338,-28,245,104,147,-28" /><INIT seed="2,3,0,0,2,59" ten="222,310,349,119" oya="2" hai0="128,60,18,32,34,44,113,123,134,92,2,79,55" hai1="56,38,101,111,102,84,54,28,126,53,100,103,78" hai2="66,16,104,115,70,91,131,72,135,41,67,80,125" hai3="5,73,107,112,61,15,12,132,85,122,94,133,1"/><V3/><F3/><W63/><G73/><T27/><D113/><U39/><E111/><V119/><F104/><W129/><G107/><T6/><D123/><U42/><E126/><V89/><F41/><W52/><G122/><T99/><D128/><U37/><E28/><V71/><F119/><W118/><G118/><T8/><D134/><N who="3" m="51817" /><G1/><T87/><D79/><U105/><N who="1" m="25600" /><DORA hai="76" /><U97/><E97/><V47/><F47/><W83/><G129/><T21/><D87/><U96/><E96/><V40/><F40/><W14/><G94/><T46/><D44/><U4/><E4/><V88/><F135/><W81/><G112/><T36/><D36/><U95/><E105/><V50/><F50/><W62/><G5/><T30/><D46/><U124/><E124/><V106/><F106/><W23/><G85/><T127/><D127/><U13/><E13/><N who="3" m="5226" /><G52/><T22/><D22/><U86/><E95/><V9/><F125/><W26/><N who="3" m="5234" /><W25/><DORA hai="110" /><G25/><T11/><D11/><U43/><E54/><V20/><F9/><W57/><G57/><N who="0" m="34879" /><D30/><AGARI ba="3,0" hai="23,26,30,61,62,63,81,83" m="5234,51817" machi="30" ten="40,12000,2" yaku="20,1,52,5" doraHai="59,76,110" who="3" fromWho="0" sc="222,-129,310,0,349,0,119,129" /><INIT seed="3,0,0,1,5,65" ten="93,310,349,248" oya="3" hai0="127,110,116,109,63,98,128,11,6,16,39,130,52" hai1="97,46,50,29,125,111,118,104,100,81,124,54,131" hai2="25,76,135,82,99,56,73,64,129,30,71,87,17" hai3="42,60,89,36,19,43,59,13,31,12,40,66,88"/><W117/><G31/><T126/><D98/><U108/><E131/><N who="0" m="50217" /><D39/><U79/><E29/><V38/><F71/><W85/><G117/><T103/><D103/><U24/><E24/><V95/><F135/><W23/><G36/><T94/><D94/><U8/><E8/><V28/><F73/><W72/><G72/><T74/><D74/><U96/><E118/><V22/><F38/><W70/><G12/><N who="0" m="7199" /><D63/><U47/><E47/><V34/><F34/><W58/><REACH who="3" step="1"/><G89/><REACH who="3" ten="93,310,349,238" step="2"/><T61/><D116/><U18/><E18/><V10/><F129/><W37/><G37/><T121/><D6/><U44/><E97/><V92/><F99/><W33/><G33/><T4/><D4/><U35/><E35/><V49/><F30/><W9/><G9/><T93/><D121/><U132/><E132/><V105/><F28/><W55/><G55/><T102/><D102/><U75/><REACH who="1" step="1"/><E46/><REACH who="1" ten="93,300,349,238" step="2"/><V5/><F10/><W3/><G3/><T123/><D123/><U78/><E78/><V20/><F76/><W57/><G57/><N who="0" m="34983" /><D93/><AGARI ba="0,2" hai="13,19,23,40,42,43,58,59,60,66,70,85,88,93" machi="93" ten="40,12000,1" yaku="1,1,52,1,54,1,53,1" doraHai="65" doraHaiUra="62" who="3" fromWho="0" sc="93,-120,300,0,349,0,238,140" owari="-27,-52.7,300,-10.0,349,14.9,378,47.8" /></mjloggm>