<mjloggm ver="2.3"><GO type="225" lobby="0"/><UN n0="%E7%99%BD%E6%97%A5%E9%9B%AA%E8%8F%9C" n1="%E3%82%B2%E3%82%B9%E8%8C%82%E5%8B%9D" n2="%48%61%61%61%6C%61%6E%64" n3="%E8%A6%9A%E9%86%92%E3%81%97%E3%81%9F%E3%81%A8%E3%81%BE%E3%81%A8" dan="16,16,18,17" rate="2200.03,2103.56,2224.79,2137.51" sx="M,F,M,M"/><TAIKYOKU oya="0"/><INIT seed="0,0,0,5,3,117" ten="250,250,250,250" oya="0" hai0="62,101,30,77,65,48,28,126,49,33,78,29,103" hai1="106,55,96,100,61,59,2,121,94,69,21,98,75" hai2="82,113,42,105,17,27,97,8,9,24,122,115,3" hai3="10,0,104,15,60,125,32,72,37,79,93,108,43"/><T14/><D126/><U63/><E2/><V89/><F42/><W133/><G125/><T102/><D33/><U90/><E75/><V46/><F46/><W19/><G104/><T18/><D62/><U58/><E69/><V41/><F41/><W51/><G108/><T127/><D65/><U111/><E111/><V128/><F128/><W131/><G133/><T73/><D127/><U5/><E5/><V20/><F122/><W50/><G131/><T35/><D35/><U95/><E21/><V6/><F9/><W57/><G0/><T80/><REACH who="0" step="1"/><D77/><REACH who="0" ten="240,250,250,250" step="2"/><U26/><E106/><V116/><F115/><W71/><G79/><T99/><D99/><U74/><E74/><V123/><F113/><W70/><G60/><T130/><D130/><U124/><E124/><V76/><F76/><W53/><G32/><T64/><D64/><U23/><E121/><V134/><F123/><W110/><G72/><T45/><D45/><U47/><E47/><V118/><F105/><W132/><G132/><T31/><N who="0" m="7168" /><DORA hai="13" /><T135/><D135/><U85/><E59/><V88/><F134/><W54/><G110/><T68/><D68/><U84/><REACH who="1" step="1"/><E63/><REACH who="1" ten="240,240,250,250" step="2"/><V87/><F116/><W92/><G71/><T4/><D4/><U40/><E40/><V129/><F118/><W12/><G70/><T86/><D86/><U119/><E119/><V91/><F129/><W83/><G57/><T114/><D114/><U36/><E36/><V107/><F107/><W120/><G43/><T11/><AGARI ba="0,2" hai="11,14,18,48,49,73,78,80,101,102,103" m="7168" machi="11" ten="50,9600,0" yaku="1,1,0,1,52,1,53,0" doraHai="117,13" doraHaiUra="34,66" who="0" fromWho="0" sc="240,116,240,-32,250,-32,250,-32" /><INIT seed="0,1,0,0,0,34" ten="356,208,218,218" oya="0" hai0="81,0,108,125,110,4,105,112,122,14,62,121,32" hai1="67,38,93,5,26,90,36,128,35,114,70,43,124" hai2="18,118,11,54,131,27,59,85,82,24,37,89,73" hai3="42,13,15,64,106,74,58,87,79,120,80,10,69"/><T56/><D112/><U7/><E124/><V22/><F131/><W55/><G106/><T1/><D105/><U61/><E128/><V48/><F118/><W83/><G120/><T52/><D125/><U134/><E134/><V53/><F37/><W20/><G42/><T16/><D32/><U99/><E114/><V113/><F113/><W12/><G20/><T50/><D81/><U111/><E111/><N who="0" m="42537" /><D62/><U132/><E132/><V96/><F73/><W6/><G64/><T75/><D75/><U71/><E71/><V126/><F126/><W41/><G41/><T65/><D65/><U116/><E116/><V100/><F53/><W2/><G69/><T103/><D103/><U104/><E104/><V130/><F130/><W107/><G107/><T44/><D4/><U29/><REACH who="1" step="1"/><E36/><REACH who="1" ten="356,198,218,218" step="2"/><V97/><F100/><W21/><G21/><N who="0" m="11415" /><D56/><U117/><E117/><V33/><REACH who="2" step="1"/><F11/><REACH who="2" ten="356,198,208,218" step="2"/><W25/><G10/><T109/><D109/><U31/><E31/><AGARI ba="1,2" hai="18,22,24,27,31,33,48,54,59,82,85,89,96,97" machi="31" ten="40,2600,0" yaku="1,1,2,1,53,0" doraHai="34" doraHaiUra="9" who="2" fromWho="1" sc="356,0,198,-29,208,49,218,0" /><INIT seed="1,0,0,4,1,130" ten="356,169,257,218" oya="1" hai0="90,108,46,80,13,131,38,56,42,54,64,70,134" hai1="4,8,52,76,126,49,29,11,5,78,17,96,32" hai2="91,57,129,24,83,117,63,21,12,68,114,7,118" hai3="95,116,107,93,72,69,87,66,9,133,2,16,33"/><U27/><E126/><V92/><F129/><W113/><G107/><T48/><D131/><U71/><E71/><V62/><F114/><W22/><G113/><T44/><D108/><U115/><E115/><V25/><F83/><W47/><G72/><T53/><D134/><U103/><E17/><V50/><F68/><W41/><G133/><T101/><D101/><U82/><E8/><N who="2" m="4127" /><F118/><W98/><G33/><T84/><D13/><U81/><E82/><V85/><F117/><W104/><G116/><T58/><REACH who="0" step="1"/><D54/><REACH who="0" ten="346,169,257,218" step="2"/><U61/><E11/><V34/><F34/><W105/><G9/><T35/><D35/><U74/><E76/><V51/><F25/><W43/><G2/><T28/><D28/><U59/><REACH who="1" step="1"/><E61/><AGARI ba="0,1" hai="38,42,44,46,48,53,56,58,61,64,70,80,84,90" machi="61" ten="40,1300,0" yaku="1,1,53,0" doraHai="130" doraHaiUra="26" who="0" fromWho="1" sc="346,23,169,-13,257,0,218,0" /><INIT seed="2,0,0,3,4,57" ten="369,156,257,218" oya="2" hai0="98,1,38,132,31,24,29,123,112,42,118,2,13" hai1="66,135,63,35,40,32,83,88,58,81,19,127,6" hai2="69,105,111,91,44,27,53,16,15,28,37,93,134" hai3="101,34,121,119,10,100,55,84,61,110,131,85,71"/><V74/><F105/><W80/><G119/><T9/><D112/><U79/><E135/><V94/><F134/><W23/><G121/><T113/><D123/><U52/><E127/><V36/><F69/><W20/><G34/><T43/><D113/><U103/><E103/><V130/><F74/><W128/><G110/><T11/><D132/><U129/><E129/><N who="3" m="49738" /><G10/><T48/><D38/><U126/><E126/><V108/><F130/><W116/><G116/><T73/><D73/><U45/><E6/><V65/><F65/><N who="3" m="41391" /><G55/><T21/><D31/><U75/><E66/><V14/><F53/><W90/><G85/><T96/><D11/><U22/><E83/><V51/><F108/><W49/><G49/><T47/><D42/><U77/><E79/><V82/><F36/><W106/><G100/><T3/><REACH who="0" step="1"/><D118/><REACH who="0" ten="359,156,257,218" step="2"/><U5/><E5/><AGARI ba="0,1" hai="1,2,3,5,9,13,21,24,29,43,47,48,96,98" machi="5" ten="40,2600,0" yaku="1,1,2,1,53,0" doraHai="57" doraHaiUra="67" who="0" fromWho="1" sc="359,36,156,-26,257,0,218,0" /><INIT seed="3,0,0,0,1,36" ten="395,130,257,218" oya="3" hai0="32,24,41,131,43,31,97,135,122,40,118,106,51" hai1="18,45,105,3,113,79,17,103,72,78,132,107,44" hai2="20,59,0,101,80,38,61,57,134,34,27,9,116" hai3="125,35,49,87,99,112,111,37,65,58,70,100,127"/><W54/><G112/><T48/><D118/><U123/><E103/><V19/><F116/><W8/><G35/><T55/><D122/><U114/><E3/><V23/><F34/><W26/><G26/><T74/><D74/><U82/><E82/><V93/><F38/><W95/><G111/><T108/><D108/><U33/><E33/><V91/><F134/><W81/><G37/><T73/><D73/><U62/><E62/><V83/><F101/><W12/><G65/><T89/><D131/><U128/><E72/><V22/><F0/><W68/><G127/><T77/><D77/><U129/><REACH who="1" step="1"/><E132/><REACH who="1" ten="395,120,257,218" step="2"/><V4/><F61/><W124/><G125/><T16/><D135/><U50/><E50/><V92/><F83/><W13/><G124/><T90/><D51/><U15/><E15/><V104/><F80/><W7/><G13/><T94/><D48/><U86/><E86/><V46/><F104/><W29/><G29/><T133/><D106/><U121/><AGARI ba="0,1" hai="17,18,44,45,78,79,105,107,113,114,121,123,128,129" machi="121" ten="25,6400,0" yaku="1,1,0,1,22,2,53,0" doraHai="36" doraHaiUra="69" who="1" fromWho="1" sc="395,-16,120,74,257,-16,218,-32" owari="379,47.9,194,-20.6,241,4.1,186,-31.4" /></mjloggm>