<mjloggm ver="2.3"><GO type="225" lobby="0"/><UN n0="%E3%82%BC%E3%83%AB%E3%83%80%E3%81%AE%E4%BC%9D%E8%AA%AC" n1="%E6%A1%9C%E8%8A%B1%E9%96%83%E3%80%85" n2="%72%69%6F%75%63%68%61%6E" n3="%E9%97%98%E5%B0%86%E3%81%A0%E3%82%93%E3%81%A7%E3%81%83" dan="17,16,16,16" rate="2232.69,2195.39,2246.41,2126.19" sx="M,M,M,M"/><TAIKYOKU oya="0"/><INIT seed="0,0,0,3,4,100" ten="250,250,250,250" oya="0" hai0="69,43,0,52,89,71,48,131,7,91,39,26,13" hai1="11,78,53,116,30,72,67,77,134,68,40,36,82" hai2="3,70,115,135,128,66,133,80,75,76,54,112,29" hai3="45,105,64,113,93,114,61,17,50,37,90,104,87"/><T46/><D0/><U119/><E134/><N who="2" m="51211" /><F3/><W83/><G37/><T9/><D131/><U74/><E53/><V117/><F29/><W31/><G31/><T41/><D41/><U2/><E30/><V58/><F128/><W102/><G114/><T33/><D33/><U38/><E67/><V22/><F117/><W107/><G113/><T106/><D106/><U49/><E49/><N who="2" m="31055" /><F22/><W98/><G17/><T10/><D26/><U109/><E68/><V60/><AGARI ba="0,0" hai="60,66,70,75,76,80,112,115" m="31055,51211" machi="60" ten="30,1100,0" yaku="20,1" doraHai="100" who="2" fromWho="2" sc="250,-5,250,-3,250,11,250,-3" /><INIT seed="1,0,0,1,2,89" ten="245,247,261,247" oya="1" hai0="25,26,71,124,1,92,107,114,97,103,40,65,61" hai1="130,132,101,115,55,45,100,48,44,63,112,74,0" hai2="8,28,68,98,60,5,83,129,135,22,20,84,86" hai3="133,76,35,53,33,78,123,16,91,79,47,59,108"/><U94/><E130/><V128/><F135/><W27/><G133/><T19/><D114/><U32/><E132/><V64/><F98/><W52/><G108/><T122/><D1/><U131/><E131/><N who="2" m="50251" /><F28/><W4/><G4/><T120/><D124/><U37/><E0/><N who="2" m="39" /><F86/><W2/><G2/><T82/><D40/><U13/><E74/><V106/><F106/><W66/><G123/><N who="0" m="47147" /><D82/><U6/><E32/><V57/><F68/><W119/><G119/><T17/><D107/><U125/><E125/><V102/><F102/><W110/><G110/><T116/><D116/><U104/><E104/><V109/><F109/><W73/><G73/><T127/><D127/><U14/><E101/><V29/><F29/><W126/><G126/><T117/><D117/><U111/><E111/><V51/><F51/><N who="3" m="28799" /><G35/><T72/><D72/><U75/><E75/><V12/><F12/><W87/><G33/><T56/><D71/><U31/><E31/><V80/><F80/><W69/><G69/><T21/><D17/><U24/><E112/><V113/><F113/><W7/><G7/><T18/><D19/><U9/><E115/><V99/><F99/><W67/><G16/><T11/><D11/><U85/><E14/><AGARI ba="0,0" hai="14,18,21,25,26,56,61,65,92,97,103" m="47147" machi="14" ten="30,2000,0" yaku="13,1,52,1" doraHai="89" who="0" fromWho="1" sc="245,20,247,-20,261,0,247,0" /><INIT seed="2,0,0,1,4,39" ten="265,227,261,247" oya="2" hai0="1,52,59,14,88,98,113,4,0,5,45,112,118" hai1="122,90,28,69,25,101,37,54,44,105,72,135,116" hai2="80,32,83,13,49,92,24,74,94,97,27,62,108" hai3="33,119,81,110,77,11,102,82,46,79,120,104,124"/><V100/><F108/><W109/><G33/><T16/><D118/><U129/><E116/><V31/><F74/><N who="3" m="43191" /><G119/><T65/><D0/><U2/><E72/><V55/><F62/><W134/><G11/><N who="0" m="6239" /><D1/><U10/><E129/><V8/><F92/><W47/><G47/><T93/><D113/><U86/><E135/><V58/><REACH who="2" step="1"/><F27/><REACH who="2" ten="265,227,251,247" step="2"/><W128/><G110/><T51/><D112/><U115/><E25/><V133/><F133/><W106/><G109/><T38/><D38/><U19/><E37/><V23/><F23/><W15/><G134/><T131/><D131/><U75/><E115/><V111/><F111/><W61/><G128/><T99/><D99/><U36/><E75/><V95/><F95/><W48/><G61/><AGARI ba="0,1" hai="4,5,45,51,52,59,61,65,88,93,98" m="6239" machi="61" ten="30,7700,0" yaku="8,1,54,3" doraHai="39" who="0" fromWho="3" sc="265,87,227,0,251,0,247,-77" /><INIT seed="3,0,0,2,0,52" ten="352,227,251,170" oya="3" hai0="19,85,100,83,104,9,71,45,113,115,77,62,129" hai1="23,43,123,53,101,37,118,69,130,51,135,72,56" hai2="64,41,11,35,44,126,0,65,120,94,121,1,132" hai3="70,68,25,127,8,5,58,33,40,128,124,39,60"/><W47/><G128/><T114/><D129/><U81/><E130/><V116/><F116/><W17/><G17/><T50/><D100/><U117/><E123/><N who="2" m="47179" /><F35/><W108/><G108/><T90/><D104/><U61/><E101/><V29/><F29/><W31/><G124/><T24/><D77/><N who="1" m="44199" /><E23/><V76/><F132/><W131/><G131/><T92/><D92/><U46/><E135/><V74/><F126/><W30/><G30/><T32/><D32/><U3/><E3/><N who="2" m="1099" /><F11/><W88/><G127/><T10/><D24/><U134/><E134/><V86/><F74/><W106/><G106/><T87/><D87/><U63/><E63/><V99/><F86/><W122/><G122/><T75/><D75/><U42/><E42/><V105/><F76/><W66/><REACH who="3" step="1"/><G88/><REACH who="3" ten="352,227,251,160" step="2"/><T21/><D19/><U22/><E22/><V48/><F105/><W133/><G133/><T28/><D28/><U20/><E20/><V34/><F34/><W103/><G103/><AGARI ba="0,1" hai="41,44,48,64,65,94,99,103" m="1099,47179" machi="103" ten="30,1000,0" yaku="13,1" doraHai="52" who="2" fromWho="3" sc="352,0,227,0,251,20,160,-10" owari="352,45.2,227,-17.3,271,7.1,150,-35.0" /></mjloggm>