<mjloggm ver="2.3"><GO type="225" lobby="0"/><UN n0="%E5%A4%8F%E9%88%B4%E9%88%B4%E5%A4%8F" n1="%E3%81%BF%E3%81%BF%E3%81%9A" n2="%E3%83%AB%E3%83%9B%E3%83%B3%E3%83%87%E3%82%A3%E3%82%A8" n3="%E8%B6%85%E7%B4%9A%E9%B3%B3%E5%87%B0" dan="16,16,17,16" rate="2135.20,2166.72,2179.42,2185.58" sx="M,M,M,M"/><TAIKYOKU oya="0"/><INIT seed="0,0,0,4,3,43" ten="250,250,250,250" oya="0" hai0="34,124,54,1,127,131,39,97,20,45,91,90,134" hai1="25,10,23,72,128,80,113,35,4,122,51,0,30" hai2="33,16,114,38,22,64,57,63,24,60,81,53,126" hai3="132,104,69,58,88,74,79,116,86,19,82,5,101"/><T110/><D34/><U70/><E122/><V11/><F126/><N who="0" m="48170" /><D1/><U102/><E128/><V77/><F38/><W130/><G116/><T93/><D131/><U61/><E113/><V2/><F114/><W118/><G118/><T41/><D134/><U129/><E129/><V111/><F111/><W49/><G130/><T27/><D54/><U26/><E102/><V68/><F33/><W99/><G69/><T78/><D78/><U44/><E80/><V6/><F81/><W65/><G132/><T59/><D59/><U135/><E72/><V21/><F21/><W96/><G5/><T83/><D110/><U28/><E135/><V3/><F77/><W14/><G99/><T48/><D39/><U89/><E89/><V8/><F8/><W107/><G107/><T40/><D40/><U112/><E112/><V55/><F55/><W84/><G49/><T106/><D106/><U67/><REACH who="1" step="1"/><E51/><REACH who="1" ten="250,240,250,250" step="2"/><V42/><F42/><W7/><G74/><T76/><D90/><U121/><E121/><V29/><REACH who="2" step="1"/><F2/><REACH who="2" ten="250,240,240,250" step="2"/><W50/><G79/><T109/><D109/><U15/><E15/><V36/><F36/><W117/><G14/><T56/><D83/><U98/><E98/><V71/><F71/><W9/><G82/><T13/><D76/><U92/><E92/><V46/><F46/><AGARI ba="0,2" hai="0,4,10,23,25,26,28,30,35,44,46,61,67,70" machi="46" ten="40,5200,0" yaku="1,1,52,2,53,0" doraHai="43" doraHaiUra="85" who="1" fromWho="2" sc="250,0,240,72,240,-52,250,0" /><INIT seed="1,0,0,0,5,73" ten="250,312,188,250" oya="1" hai0="113,49,54,7,106,77,5,122,114,53,109,59,36" hai1="46,51,125,70,72,52,111,26,130,22,61,88,71" hai2="64,100,76,79,35,96,93,104,68,83,107,30,65" hai3="112,94,29,126,67,9,124,97,40,16,92,74,128"/><U34/><E125/><N who="3" m="48234" /><G112/><T105/><D36/><U69/><E130/><V15/><F15/><N who="3" m="7279" /><G74/><T21/><D109/><U131/><E131/><V116/><F116/><W133/><G128/><T135/><D135/><U2/><E111/><V19/><F19/><W0/><G133/><T4/><D122/><U20/><E2/><V58/><F104/><W10/><G40/><T3/><D3/><U98/><E72/><V28/><F68/><W75/><G75/><T120/><D120/><U103/><E61/><N who="2" m="37943" /><F65/><W123/><G123/><T63/><D106/><U56/><E56/><V102/><F35/><W50/><G67/><T110/><D105/><U55/><E55/><V81/><F102/><W108/><G108/><T134/><D110/><U38/><E103/><V48/><F48/><W78/><G29/><N who="2" m="11369" /><F107/><W37/><G37/><T127/><D134/><U27/><E38/><V32/><F32/><W23/><G23/><T12/><D127/><U87/><E34/><V129/><F129/><W31/><G31/><T45/><D113/><U42/><E42/><V85/><F83/><W118/><G118/><T95/><D114/><U18/><E22/><V117/><F117/><W47/><G0/><T66/><D66/><U60/><E60/><V115/><F115/><W14/><G14/><T43/><D43/><U91/><E27/><V33/><F33/><W11/><G50/><T1/><D1/><U119/><E119/><V13/><F13/><W121/><G121/><T82/><D21/><U90/><REACH who="1" step="1"/><E98/><REACH who="1" ten="250,302,188,250" step="2"/><V62/><F62/><W44/><G97/><T57/><D63/><U41/><E41/><RYUUKYOKU ba="0,1" sc="250,-15,302,15,188,15,250,-15" hai1="18,20,26,46,51,52,69,70,71,87,88,90,91" hai2="76,79,81,85,93,96,100" /><INIT seed="1,1,1,5,3,14" ten="235,317,203,235" oya="1" hai0="126,37,107,20,108,51,135,95,111,34,86,113,103" hai1="15,98,35,23,81,32,73,53,119,96,1,65,62" hai2="85,67,22,83,3,122,102,133,47,59,16,27,121" hai3="70,25,127,100,69,9,50,118,105,33,26,36,134"/><U91/><E119/><V90/><F3/><W101/><G36/><T60/><D34/><U116/><E1/><V7/><F7/><W17/><G118/><T114/><D37/><U11/><E116/><V125/><F125/><W104/><G127/><T120/><D126/><U115/><E115/><V29/><F133/><W110/><G134/><T5/><D135/><U0/><E23/><N who="2" m="15615" /><F122/><W75/><G75/><T79/><D5/><U42/><E42/><V10/><F121/><W93/><G110/><T31/><D120/><U12/><E12/><N who="2" m="7191" /><F102/><W74/><G74/><T61/><D107/><U72/><E0/><V76/><F47/><W58/><G104/><T52/><D113/><U41/><E41/><V30/><F67/><W131/><G131/><T117/><D114/><U84/><E73/><V39/><F59/><W21/><G33/><T99/><D117/><U92/><E72/><V123/><F39/><W97/><G69/><T132/><D132/><U6/><E53/><V2/><F2/><W57/><G70/><T129/><D129/><U46/><E46/><V40/><F40/><W43/><G105/><T45/><D108/><U24/><E24/><N who="2" m="16663" /><F123/><W106/><G106/><T28/><D111/><U130/><E130/><V49/><F49/><W66/><G66/><T89/><BYE who="3" /><D103/><U64/><E64/><V19/><F19/><W13/><G13/><T112/><D112/><UN n3="%E8%B6%85%E7%B4%9A%E9%B3%B3%E5%87%B0" /><U44/><E44/><V88/><AGARI ba="1,1" hai="76,83,85,88,90" m="16663,7191,15615" machi="88" ten="30,7900,0" yaku="8,1,52,1,54,2" doraHai="14" who="2" fromWho="2" sc="235,-21,317,-40,203,92,235,-21" /><INIT seed="2,0,0,1,0,104" ten="214,277,295,214" oya="2" hai0="91,20,0,116,62,35,127,38,94,107,39,98,121" hai1="45,99,102,61,108,119,10,44,19,73,71,64,111" hai2="47,6,42,31,51,132,34,76,83,68,7,100,67" hai3="90,56,86,32,16,9,82,59,60,30,69,93,65"/><V81/><BYE who="3" /><F132/><UN n3="%E8%B6%85%E7%B4%9A%E9%B3%B3%E5%87%B0" /><W27/><G27/><T129/><BYE who="3" /><D35/><U97/><E119/><V5/><F34/><UN n3="%E8%B6%85%E7%B4%9A%E9%B3%B3%E5%87%B0" /><W124/><G124/><T46/><D121/><U89/><E89/><V70/><F31/><W133/><G133/><T101/><D0/><U11/><E73/><V33/><F33/><W135/><G135/><T57/><D127/><U12/><E10/><V53/><F100/><W92/><G30/><T103/><D116/><U130/><E130/><V23/><F23/><W14/><REACH who="3" step="1"/><G32/><REACH who="3" ten="214,277,295,204" step="2"/><T54/><D129/><U134/><E134/><V52/><F70/><W43/><G43/><T84/><D103/><U131/><E131/><V88/><F68/><W22/><G22/><T96/><D20/><U120/><E120/><V8/><F8/><W123/><G123/><T114/><D114/><U74/><E102/><V50/><F42/><W63/><G63/><T21/><D21/><U24/><E24/><V37/><F37/><W128/><G128/><T29/><D29/><U66/><E61/><V2/><F51/><W25/><G25/><T113/><D113/><U105/><E71/><V118/><F50/><W115/><G115/><T125/><D125/><U55/><E11/><V117/><F118/><W13/><G13/><T17/><D38/><U1/><E12/><V109/><F117/><W95/><AGARI ba="0,1" hai="9,14,16,56,59,60,65,69,82,86,90,92,93,95" machi="95" ten="30,7900,0" yaku="1,1,0,1,54,1,53,1" doraHai="104" doraHaiUra="79" who="3" fromWho="3" sc="214,-20,277,-20,295,-39,204,89" /><INIT seed="3,0,0,0,0,10" ten="194,257,256,293" oya="3" hai0="53,29,131,120,36,39,1,86,115,8,19,133,102" hai1="76,90,56,118,134,128,80,121,34,16,54,74,15" hai2="28,27,17,78,11,58,92,101,5,109,48,88,37" hai3="135,114,4,123,77,98,22,73,2,117,100,82,126"/><W32/><G123/><T112/><D120/><U97/><E121/><V64/><F37/><W3/><G117/><T44/><D131/><U94/><E118/><V116/><F116/><W24/><G32/><T60/><D133/><U55/><E134/><V132/><F132/><W91/><G135/><T89/><D102/><U65/><E128/><V66/><F78/><W130/><G130/><T75/><D29/><U122/><E34/><V45/><F101/><W107/><G114/><N who="0" m="43563" /><D75/><U108/><E108/><V46/><F17/><W129/><G126/><T103/><D103/><U9/><REACH who="1" step="1"/><E122/><REACH who="1" ten="194,247,256,293" step="2"/><V7/><F109/><W119/><G119/><T26/><D1/><U79/><E79/><V52/><F66/><W59/><G129/><T51/><D60/><AGARI ba="0,1" hai="9,15,16,54,55,56,60,65,74,76,80,90,94,97" machi="60" ten="40,5200,0" yaku="1,1,52,1,54,1,53,0" doraHai="10" doraHaiUra="110" who="1" fromWho="0" sc="194,-52,247,62,256,0,293,0" owari="142,-35.8,309,40.9,256,-14.4,293,9.3" /></mjloggm>