<mjloggm ver="2.3"><GO type="225" lobby="0"/><UN n0="%45%6C%79%73%69%75%6D" n1="%E7%A7%8B%E6%9C%88%E7%9C%9F%E7%90%86%E4%BA%9E" n2="%E3%81%A8%E3%82%93%E3%81%A8%E3%81%93%E3%81%A8%E3%82%93" n3="%E6%AB%BB%E4%BA%95%E5%A5%8F" dan="17,16,16,17" rate="2121.32,2133.68,2106.73,2217.72" sx="F,M,M,M"/><TAIKYOKU oya="0"/><INIT seed="0,0,0,0,2,18" ten="250,250,250,250" oya="0" hai0="32,66,4,123,99,133,77,76,33,102,56,65,113" hai1="20,74,26,101,50,58,91,105,107,19,94,131,5" hai2="78,7,79,61,83,24,22,63,42,28,30,59,39" hai3="0,98,13,68,10,84,55,17,51,8,111,34,115"/><T116/><D123/><U70/><E70/><V40/><F39/><W97/><G68/><T12/><D113/><U114/><E74/><V14/><F30/><W75/><G34/><T86/><D116/><U135/><E114/><V36/><F36/><W132/><G75/><T126/><D133/><U43/><E135/><V89/><F89/><W119/><G115/><T129/><D129/><U118/><E118/><V96/><F96/><W21/><G111/><T128/><D126/><U2/><E101/><V53/><F78/><W15/><G119/><T64/><D56/><U125/><E125/><V49/><F7/><W3/><G132/><T6/><D128/><U37/><E37/><V71/><F14/><W103/><G84/><T130/><D130/><U23/><E131/><V93/><F93/><W9/><G98/><T110/><D110/><U80/><E80/><V121/><F121/><W92/><REACH who="3" step="1"/><G15/><REACH who="3" ten="250,250,250,240" step="2"/><T25/><D86/><U127/><E127/><V106/><F71/><W90/><G90/><T1/><D12/><U35/><E35/><V16/><F106/><W73/><G73/><T67/><D33/><U120/><E120/><V62/><REACH who="2" step="1"/><F28/><REACH who="2" ten="250,250,240,240" step="2"/><W124/><G124/><T38/><D102/><U54/><E105/><V69/><F69/><W46/><AGARI ba="0,2" hai="0,3,8,9,10,13,17,21,46,51,55,92,97,103" machi="46" ten="30,4000,0" yaku="1,1,0,1,52,1,53,0" doraHai="18" doraHaiUra="87" who="3" fromWho="3" sc="250,-20,250,-10,240,-10,240,60" /><INIT seed="1,0,0,5,1,82" ten="230,240,230,300" oya="1" hai0="64,24,3,55,122,94,101,46,70,75,65,99,29" hai1="51,49,14,47,59,73,115,39,123,96,90,25,100" hai2="120,5,8,22,85,103,112,134,40,76,36,2,69" hai3="20,12,16,19,104,114,68,11,79,1,56,116,17"/><U48/><E115/><V105/><F120/><W67/><G114/><T30/><D75/><U50/><E123/><V7/><F112/><W81/><G104/><T53/><D122/><U118/><E118/><V102/><F69/><W126/><G116/><T128/><D3/><U32/><E73/><V74/><F134/><W135/><G68/><T111/><D111/><U113/><E113/><V89/><F105/><W130/><G126/><T110/><D110/><U60/><E39/><V129/><F22/><W44/><G130/><T80/><D128/><U37/><E37/><V108/><F7/><W95/><G135/><T93/><D70/><U132/><E132/><V71/><F71/><W97/><G44/><T107/><D80/><U28/><E90/><V87/><F129/><W6/><G56/><T117/><D117/><U38/><E14/><V125/><F125/><W61/><G61/><T83/><D83/><U127/><E38/><V133/><F133/><W45/><G67/><T41/><D64/><U23/><E127/><V63/><F63/><W72/><REACH who="3" step="1"/><G45/><REACH who="3" ten="230,240,230,290" step="2"/><T98/><D65/><U4/><E60/><V121/><F121/><W26/><G26/><T78/><D107/><U86/><E47/><N who="2" m="23943" /><F108/><W124/><G124/><T92/><D46/><U119/><E119/><V131/><F131/><W88/><AGARI ba="0,1" hai="1,6,11,12,16,17,19,20,72,79,81,88,95,97" machi="88" ten="20,12000,2" yaku="1,1,0,1,7,1,54,2,53,1" doraHai="82" doraHaiUra="18" who="3" fromWho="3" sc="230,-30,240,-60,230,-30,290,130" /><INIT seed="2,0,0,1,0,98" ten="200,180,200,420" oya="2" hai0="88,122,112,32,97,31,69,54,83,5,73,111,52" hai1="34,63,123,68,125,93,51,130,10,114,107,135,61" hai2="71,105,30,95,16,132,79,75,90,78,12,24,65" hai3="1,9,57,70,3,45,100,74,50,23,67,42,91"/><V72/><F105/><W101/><G74/><T128/><D112/><U76/><E114/><V126/><F126/><W127/><G127/><T118/><D122/><U46/><E125/><V66/><F132/><W35/><G35/><T2/><D69/><U121/><E107/><V36/><F36/><W4/><G1/><T40/><D32/><U133/><E34/><V22/><F75/><W86/><G70/><T38/><D31/><U53/><E76/><N who="2" m="29227" /><F72/><W106/><G106/><T102/><D73/><U129/><E10/><N who="2" m="6167" /><F71/><W14/><G3/><T48/><D38/><U21/><E21/><V117/><F117/><W84/><G23/><T29/><D118/><U113/><E93/><V92/><F92/><N who="3" m="54375" /><G86/><AGARI ba="0,0" hai="22,24,30,65,66,86,90,95" m="6167,29227" machi="86" ten="30,2900,0" yaku="8,1,54,1" doraHai="98" who="2" fromWho="3" sc="200,0,180,0,200,29,420,-29" /><INIT seed="2,1,0,1,5,106" ten="200,180,229,391" oya="2" hai0="132,36,9,107,87,63,24,74,45,133,69,7,27" hai1="82,77,20,57,103,17,51,62,135,98,85,37,64" hai2="59,50,28,16,119,121,129,35,29,40,60,2,96" hai3="25,43,89,52,108,1,66,32,19,102,14,97,26"/><V117/><F121/><W76/><G1/><T39/><D107/><U73/><E37/><V78/><F2/><W13/><G108/><T116/><D116/><U54/><E135/><N who="0" m="51785" /><D87/><U122/><E122/><V100/><F129/><W70/><G43/><N who="0" m="22759" /><D39/><U48/><E85/><V124/><F124/><W130/><G130/><T84/><D84/><U42/><E42/><V18/><F35/><W95/><G76/><T12/><D74/><U68/><E51/><V4/><F78/><W111/><G13/><T123/><D123/><U10/><E10/><V65/><F4/><W47/><G32/><T88/><D88/><U81/><E81/><V115/><F115/><W92/><G66/><AGARI ba="1,0" hai="7,9,12,24,27,63,66,69" m="22759,51785" machi="66" ten="30,1000,0" yaku="20,1" doraHai="106" who="0" fromWho="3" sc="200,13,180,0,229,0,391,-13" /><INIT seed="3,0,0,1,4,112" ten="213,180,229,378" oya="3" hai0="62,61,116,42,78,123,26,104,15,38,58,109,22" hai1="8,89,99,131,11,113,95,18,49,80,85,51,98" hai2="28,65,125,81,6,5,128,96,117,4,130,53,94" hai3="115,77,126,91,1,70,32,90,64,79,43,72,30"/><W97/><G1/><T37/><D123/><U29/><E113/><V76/><F117/><W120/><G120/><T63/><D104/><U69/><E69/><V84/><F125/><W23/><G32/><T2/><D2/><U21/><E131/><V56/><F28/><W106/><G115/><T92/><D116/><U105/><E105/><V20/><F20/><W46/><G126/><T88/><D109/><U24/><E99/><V39/><F39/><W9/><G9/><T14/><D78/><U3/><E3/><V134/><F65/><W40/><G64/><T34/><D34/><U44/><E29/><V93/><F134/><W100/><G90/><T19/><D38/><U36/><E36/><V74/><F74/><W25/><G43/><T87/><D42/><U12/><E24/><V73/><F73/><W52/><G70/><T0/><D0/><U54/><REACH who="1" step="1"/><E51/><REACH who="1" ten="213,170,229,378" step="2"/><N who="2" m="30783" /><F96/><W75/><G97/><T33/><D37/><U41/><E41/><V10/><F128/><W48/><G40/><T114/><D114/><U67/><E67/><V50/><F130/><W45/><G106/><T66/><D33/><U110/><E110/><V129/><F129/><W118/><G30/><N who="0" m="17751" /><D14/><U47/><E47/><V60/><F50/><W108/><G48/><T111/><D111/><U101/><AGARI ba="0,1" hai="8,11,12,18,21,44,49,54,80,85,89,95,98,101" machi="101" ten="20,8000,1" yaku="1,1,0,1,7,1,8,1,53,1" doraHai="112" doraHaiUra="86" who="1" fromWho="1" sc="213,-20,170,90,229,-20,378,-40" owari="193,-30.7,260,6.0,209,-19.1,338,43.8" /></mjloggm>