<mjloggm ver="2.3"><GO type="225" lobby="0"/><UN n0="%E3%81%86%E3%81%A9%E3%82%93%E3%81%93" n1="%E3%82%A2%E3%83%BC%E3%83%A2%E3%83%AD%E3%83%BC%E3%83%B4%E3%82%A1" n2="%E3%81%8B%E3%82%8F%E3%81%A1%E3%82%83%E3%82%93%35%38" n3="%E3%81%B2%E3%81%AA%E3%81%AE%E3%82%8A%E3%81%8F" dan="16,16,16,17" rate="2132.98,2200.04,2176.35,2234.16" sx="M,M,M,M"/><TAIKYOKU oya="0"/><INIT seed="0,0,0,2,2,55" ten="250,250,250,250" oya="0" hai0="10,131,46,115,100,85,9,44,4,83,125,8,1" hai1="11,14,93,31,82,49,38,65,57,135,27,92,43" hai2="37,120,0,53,3,30,5,89,108,133,24,40,74" hai3="36,22,18,130,70,126,124,109,23,111,21,101,110"/><T41/><D115/><U116/><E116/><V69/><F69/><W118/><G70/><T81/><D131/><U132/><E82/><V25/><F74/><W88/><G36/><T95/><D125/><N who="3" m="48233" /><G101/><T51/><D83/><U56/><E38/><V29/><F40/><W26/><G88/><T68/><D68/><U98/><E65/><V12/><F37/><W106/><G106/><T94/><D46/><N who="1" m="25823" /><E92/><V39/><F39/><W119/><G130/><T63/><D63/><U107/><E107/><V42/><F42/><W123/><G123/><T90/><D100/><N who="1" m="60495" /><E135/><V80/><F80/><W54/><G54/><T72/><REACH who="0" step="1"/><D95/><REACH who="0" ten="240,250,250,250" step="2"/><U75/><E132/><V61/><F133/><W79/><G79/><AGARI ba="0,1" hai="1,4,8,9,10,41,44,51,72,79,81,85,90,94" machi="79" ten="40,3900,0" yaku="1,1,2,1,53,0" doraHai="55" doraHaiUra="114" who="0" fromWho="3" sc="240,49,250,0,250,0,250,-39" /><INIT seed="0,1,0,0,0,15" ten="289,250,250,211" oya="0" hai0="109,120,129,5,82,24,118,116,13,58,119,3,103" hai1="117,67,86,106,121,124,78,134,54,70,89,104,36" hai2="83,72,107,113,17,128,68,35,4,65,30,1,77" hai3="94,135,21,51,23,38,96,112,123,69,41,114,85"/><T87/><D120/><U18/><E121/><V53/><F113/><W98/><G123/><T130/><D3/><U126/><E117/><V64/><F128/><N who="0" m="49258" /><D103/><U75/><E36/><V28/><F107/><W16/><G38/><T44/><D44/><U46/><E134/><V110/><F110/><W92/><G69/><T50/><D24/><U73/><E104/><V26/><F68/><W55/><G135/><T32/><D32/><U127/><E106/><V42/><F28/><W37/><G37/><T31/><D31/><U101/><E101/><V90/><F42/><W122/><G41/><T27/><D27/><U10/><E78/><V79/><F79/><W115/><G122/><T40/><D109/><U9/><E67/><V105/><F105/><W34/><G34/><T66/><D66/><U91/><E70/><V39/><F39/><W47/><G23/><T102/><D102/><U131/><E9/><V14/><F53/><W95/><REACH who="3" step="1"/><G85/><REACH who="3" ten="289,250,250,201" step="2"/><T100/><D40/><U63/><E131/><V56/><F72/><W0/><G0/><T125/><D87/><U12/><E86/><V45/><F1/><W62/><G62/><T11/><D118/><U2/><E2/><V108/><F108/><W81/><G81/><T61/><D61/><U29/><E63/><V99/><F83/><W25/><AGARI ba="1,1" hai="16,21,25,47,51,55,92,94,95,96,98,112,114,115" machi="25" ten="40,8000,1" yaku="1,1,0,1,52,1,54,1,53,1" doraHai="15" doraHaiUra="19" who="3" fromWho="3" sc="289,-41,250,-21,250,-21,201,93" /><INIT seed="1,0,0,5,2,74" ten="248,229,229,294" oya="1" hai0="16,108,119,54,118,107,86,104,84,105,134,28,66" hai1="88,36,46,100,33,47,72,127,124,44,114,49,53" hai2="24,56,79,18,98,43,109,30,5,17,67,75,87" hai3="14,8,83,57,50,116,99,64,130,90,58,29,71"/><U113/><E33/><V68/><F68/><W94/><G130/><T11/><D66/><U97/><E72/><V0/><F75/><W80/><G71/><T27/><D108/><U38/><E88/><V23/><F109/><W93/><G29/><T92/><D134/><U131/><E97/><V123/><F123/><W102/><G116/><T9/><D54/><U59/><E100/><V122/><F122/><W120/><G120/><T1/><D1/><U41/><E131/><V45/><F98/><N who="3" m="57655" /><G50/><T12/><D9/><U7/><E7/><V55/><F67/><W35/><G35/><T3/><D3/><U85/><E85/><V63/><F5/><N who="3" m="3343" /><G58/><T37/><D37/><N who="1" m="14443" /><E41/><V19/><F0/><W133/><G133/><T21/><REACH who="0" step="1"/><D92/><REACH who="0" ten="238,229,229,294" step="2"/><U101/><E101/><V2/><F2/><W112/><G112/><AGARI ba="0,1" hai="44,46,47,49,53,59,112,113,114,124,127" m="14443" machi="112" ten="40,3900,0" yaku="34,2" doraHai="74" who="1" fromWho="3" sc="238,0,229,49,229,0,294,-39" /><INIT seed="1,1,0,5,4,20" ten="238,278,229,255" oya="1" hai0="98,129,35,93,27,3,18,99,97,34,19,132,6" hai1="111,72,28,68,38,58,127,42,89,134,86,78,118" hai2="135,45,113,51,76,88,14,54,102,0,115,116,2" hai3="74,32,104,110,95,25,125,48,29,131,67,53,60"/><U40/><E118/><V56/><F135/><W59/><G74/><T100/><D132/><U52/><E134/><V24/><F116/><W121/><G121/><T7/><D129/><U12/><E68/><V13/><F76/><W47/><G110/><T50/><D50/><U63/><E111/><V71/><F71/><W81/><G131/><T43/><D43/><U91/><E127/><V17/><F102/><W46/><G104/><T22/><D19/><U31/><E72/><V23/><F45/><W4/><G125/><T117/><D117/><U109/><E109/><V11/><F14/><W69/><G81/><T15/><D34/><U94/><E78/><V65/><F65/><W87/><REACH who="3" step="1"/><G4/><REACH who="3" ten="238,278,229,245" step="2"/><T57/><D7/><U90/><E38/><V105/><F105/><W37/><G37/><T73/><D73/><U8/><E94/><V112/><REACH who="2" step="1"/><F88/><AGARI ba="1,1" hai="25,29,32,46,47,48,53,59,60,67,69,87,88,95" machi="88" ten="40,5200,0" yaku="1,1,52,1,54,1,53,0" doraHai="20" doraHaiUra="77" who="3" fromWho="2" sc="238,0,278,0,229,-55,245,65" /><INIT seed="2,0,0,2,3,13" ten="238,278,174,310" oya="2" hai0="8,92,131,102,7,94,108,79,61,106,16,63,120" hai1="78,31,45,47,11,34,38,133,88,33,56,123,36" hai2="49,110,99,85,55,32,9,122,101,82,39,23,64" hai3="19,126,48,107,29,26,115,93,97,68,58,10,117"/><V125/><F122/><W135/><G117/><T89/><D120/><U128/><E123/><V53/><F39/><W52/><G107/><T51/><D106/><U18/><E78/><V20/><F32/><W127/><G68/><T81/><D108/><U80/><E56/><V12/><F64/><W24/><G135/><T112/><D112/><U43/><E133/><V74/><F74/><W119/><G119/><T121/><D121/><U87/><E128/><V130/><F130/><W104/><G104/><T132/><D132/><U22/><E11/><V37/><F37/><W28/><G115/><T67/><D7/><U27/><E31/><N who="3" m="11850" /><G10/><T76/><D51/><U30/><E30/><V91/><F125/><N who="3" m="47627" /><G19/><T44/><D8/><U113/><E113/><V114/><F114/><W25/><G25/><T72/><D16/><U57/><E57/><V1/><F1/><W124/><G124/><T46/><D46/><U15/><E27/><V96/><F110/><W5/><G5/><T103/><D44/><U84/><E87/><V83/><F83/><W50/><G48/><T98/><D81/><U4/><E4/><N who="2" m="3111" /><F53/><W65/><G65/><T73/><D67/><U14/><E14/><V95/><F99/><W35/><G35/><T77/><D131/><U69/><E69/><V66/><F66/><W40/><G40/><AGARI ba="0,0" hai="15,18,22,33,34,36,38,40,43,45,47,80,84,88" machi="40" ten="40,5200,0" yaku="9,1,52,1,54,1" doraHai="13" who="1" fromWho="3" sc="238,0,278,52,174,0,310,-52" /><INIT seed="3,0,0,0,4,40" ten="238,330,174,258" oya="3" hai0="55,63,11,83,32,132,76,99,1,89,101,70,7" hai1="114,28,54,88,44,31,5,73,122,53,86,23,96" hai2="95,119,69,9,94,66,90,91,61,26,35,87,72" hai3="84,98,19,13,113,125,29,100,25,37,107,2,103"/><W34/><G113/><T120/><D120/><U15/><E73/><V42/><F119/><W131/><G131/><T60/><D132/><U111/><E111/><V117/><F117/><W129/><G129/><T41/><D89/><U82/><E122/><V50/><F72/><W105/><G2/><T4/><D4/><U14/><E114/><V39/><F39/><W59/><G125/><T123/><D123/><U12/><E5/><V74/><F74/><W78/><G37/><T65/><D41/><U56/><E23/><V22/><F35/><W6/><G6/><T133/><D133/><U33/><E33/><V8/><F42/><W0/><G0/><T3/><D3/><U81/><E81/><V48/><F8/><W18/><G59/><T121/><D121/><U36/><E96/><V126/><F9/><W109/><G109/><T43/><D43/><U10/><E10/><V49/><F126/><W75/><G75/><N who="0" m="43423" /><D55/><U62/><E36/><V127/><F127/><W77/><G84/><T112/><D63/><U67/><E44/><V57/><F69/><W135/><G135/><T21/><D21/><U27/><E27/><V106/><F106/><W38/><G38/><T58/><D112/><U85/><E85/><V102/><F102/><W20/><G19/><T45/><D45/><U47/><E47/><V51/><N who="2" m="12288" /><DORA hai="30" /><V134/><F134/><W46/><G46/><T115/><D115/><U24/><E24/><V17/><REACH who="2" step="1"/><F91/><REACH who="2" ten="238,330,164,258" step="2"/><W93/><G107/><N who="0" m="63935" /><D32/><U52/><AGARI ba="0,1" hai="12,14,15,28,31,52,53,54,56,62,67,82,86,88" machi="52" ten="30,7900,0" yaku="0,1,8,1,54,2" doraHai="40,30" who="1" fromWho="1" sc="238,-20,330,89,164,-20,258,-39" owari="218,-18.2,419,51.9,144,-35.6,219,1.9" /></mjloggm>