<mjloggm ver="2.3"><GO type="225" lobby="0"/><UN n0="%E6%80%AA%E3%81%97%E3%81%99%E3%81%8E%E3%82%8B%E3%83%81%E3%83%BC" n1="%E3%81%8F%E3%81%BE%E3%81%96%E3%82%8F" n2="%72%61%6B%33" n3="%6D%75%75%6D%75%72%61" dan="16,16,16,17" rate="2146.53,2061.08,2171.99,2203.46" sx="M,M,M,F"/><TAIKYOKU oya="0"/><INIT seed="0,0,0,1,0,30" ten="250,250,250,250" oya="0" hai0="75,45,10,12,86,5,133,132,11,53,135,3,57" hai1="126,1,78,52,6,67,29,17,20,18,93,97,111" hai2="89,99,50,60,24,55,131,26,102,59,104,100,109" hai3="73,62,90,2,119,107,84,31,122,33,16,127,43"/><T32/><D75/><U58/><E111/><V95/><F109/><W76/><G119/><T96/><D96/><U39/><E39/><V113/><F113/><W120/><G2/><T77/><D45/><U81/><E1/><V80/><F131/><W19/><G107/><T64/><D64/><U56/><E6/><V22/><F104/><W115/><G115/><T36/><D36/><U41/><E41/><V112/><F112/><W54/><G127/><T9/><D32/><U38/><E38/><V68/><F68/><W34/><G76/><T74/><D74/><U83/><E58/><V40/><F80/><N who="1" m="30793" /><E78/><V87/><F87/><W42/><G73/><T63/><D86/><U27/><E67/><V98/><F98/><W103/><G103/><T69/><D77/><U70/><E70/><V79/><F79/><W15/><G31/><T37/><D37/><U124/><E126/><V91/><F91/><W61/><G90/><T125/><D125/><U28/><E28/><N who="2" m="17431" /><F26/><W0/><G0/><T123/><D123/><N who="3" m="47145" /><G84/><T85/><D85/><U130/><E130/><V72/><F72/><W8/><G19/><T49/><D3/><U7/><E7/><V51/><F40/><N who="3" m="15403" /><G54/><N who="0" m="34231" /><D69/><U23/><E124/><V14/><F14/><W117/><G117/><T116/><D116/><U118/><E118/><V35/><F35/><AGARI ba="0,0" hai="8,15,16,33,34,35,61,62" m="15403,47145" machi="35" ten="30,8000,1" yaku="13,1,52,3,54,1" doraHai="30" who="3" fromWho="2" sc="250,0,250,0,250,-80,250,80" /><INIT seed="1,0,0,3,4,32" ten="250,250,170,330" oya="1" hai0="135,96,17,130,35,7,121,76,73,125,28,114,62" hai1="8,50,87,48,111,21,82,31,46,106,127,108,105" hai2="19,84,67,101,98,65,86,94,54,5,18,43,4" hai3="24,26,79,119,52,41,33,110,37,88,116,20,128"/><U117/><E117/><N who="3" m="45130" /><G79/><T57/><D114/><U6/><E31/><V42/><F94/><W107/><G107/><T15/><D130/><U69/><E21/><V63/><F63/><W56/><G128/><T132/><D125/><U122/><E69/><V3/><F3/><W123/><G123/><T9/><D121/><U71/><E71/><V134/><F134/><N who="0" m="51242" /><D96/><U131/><E50/><V58/><F98/><W77/><G77/><T126/><D126/><U83/><E131/><V27/><F58/><W104/><G104/><N who="1" m="40042" /><E127/><V60/><F60/><N who="3" m="35847" /><G33/><T66/><D35/><U12/><E122/><V99/><F99/><W39/><G41/><T113/><D113/><U49/><E87/><V91/><F54/><W75/><G75/><T97/><D28/><U72/><E72/><V92/><F92/><W45/><G45/><T59/><D97/><U102/><E46/><V36/><F36/><N who="3" m="13899" /><G20/><T23/><D76/><U78/><E78/><V53/><F53/><W109/><G88/><T30/><D73/><U112/><E112/><V90/><REACH who="2" step="1"/><F27/><AGARI ba="0,0" hai="24,26,27,109,110" m="13899,35847,45130" machi="27" ten="40,2600,0" yaku="12,1,54,1" doraHai="32" who="3" fromWho="2" sc="250,0,250,0,170,-26,330,26" /><INIT seed="2,0,0,4,4,77" ten="250,250,144,356" oya="2" hai0="48,72,71,47,0,22,132,133,32,129,20,74,92" hai1="15,26,58,56,120,23,34,52,57,86,95,126,46" hai2="21,127,111,9,128,121,10,73,59,123,103,62,99" hai3="30,51,124,13,35,101,50,49,18,4,88,17,87"/><V122/><F127/><W110/><G124/><T130/><D32/><U108/><E126/><V83/><F128/><N who="0" m="49258" /><D92/><U11/><E108/><V27/><F111/><W118/><G110/><T94/><D94/><U66/><E34/><V135/><F135/><N who="0" m="51786" /><D71/><U104/><E104/><V109/><F109/><W75/><G75/><N who="0" m="28715" /><D0/><U37/><E66/><V117/><F117/><W134/><G118/><T70/><D70/><U33/><E33/><V43/><F43/><AGARI ba="0,0" hai="20,22,43,47,48" m="28715,51786,49258" machi="43" ten="40,2600,0" yaku="19,1,20,1" doraHai="77" who="0" fromWho="2" sc="250,26,250,0,144,-26,356,0" /><INIT seed="3,0,0,1,5,24" ten="276,250,118,356" oya="3" hai0="18,46,83,52,109,107,29,108,59,36,39,70,131" hai1="127,3,93,122,92,104,55,111,74,1,133,106,85" hai2="56,82,103,101,65,68,12,79,69,110,75,11,50" hai3="132,129,37,16,86,0,64,22,81,98,116,25,71"/><W78/><G116/><T32/><D107/><U13/><E74/><V100/><F110/><N who="0" m="42602" /><D70/><U80/><E13/><V76/><F75/><W94/><G129/><T38/><D131/><U14/><E14/><V54/><F69/><W88/><G132/><T23/><D83/><U43/><E43/><V113/><F113/><W115/><G115/><T130/><D130/><U90/><E55/><V114/><F114/><W97/><G37/><T72/><D72/><U102/><E1/><V48/><F68/><W19/><G0/><T33/><D29/><U6/><E6/><V119/><F119/><W87/><G71/><T21/><D46/><U20/><E20/><N who="0" m="7753" /><D18/><N who="3" m="6697" /><G64/><T73/><D73/><U40/><E40/><V45/><F82/><W66/><G66/><T77/><D77/><N who="1" m="46223" /><E3/><V5/><REACH who="2" step="1"/><F65/><REACH who="2" ten="276,250,108,356" step="2"/><W123/><G123/><T27/><D38/><U89/><E122/><V47/><F47/><W44/><G44/><T128/><D36/><U118/><E118/><V17/><F17/><AGARI ba="0,1" hai="17,22,25,78,81,86,87,88,94,97,98" m="6697" machi="17" ten="30,5800,0" yaku="8,1,54,2" doraHai="24" who="3" fromWho="2" sc="276,0,250,0,108,-58,356,68" owari="276,7.6,250,-15.0,50,-45.0,424,52.4" /></mjloggm>