<mjloggm ver="2.3"><GO type="225" lobby="0"/><UN n0="%E3%81%8F%E3%81%BE%E3%81%96%E3%82%8F" n1="%E8%A8%88%E7%AE%97%E6%A9%9F%E8%87%AA%E7%84%B6" n2="%E5%A4%96%E5%B7%9D%E7%AB%9C%E6%88%90" n3="%73%6C%69%63%6B%33%31%39" dan="16,17,16,16" rate="2048.70,2193.97,2122.57,2155.30" sx="M,M,M,M"/><TAIKYOKU oya="0"/><INIT seed="0,0,0,4,3,97" ten="250,250,250,250" oya="0" hai0="71,29,55,104,93,69,75,23,70,116,59,129,128" hai1="57,111,62,72,122,49,79,92,12,54,85,28,89" hai2="120,87,60,109,105,5,80,13,1,108,124,114,133" hai3="4,46,86,132,77,127,22,35,41,91,76,66,51"/><T134/><D104/><U26/><E111/><N who="2" m="42571" /><F1/><W78/><G35/><T96/><D116/><U130/><E130/><N who="0" m="50281" /><D75/><U30/><E122/><V99/><F120/><W50/><G127/><T113/><D113/><U40/><E72/><V95/><F114/><W0/><G132/><T126/><D134/><U112/><E112/><V27/><F133/><W44/><G66/><T39/><D39/><U123/><E123/><V8/><F27/><W82/><G0/><T117/><D117/><U58/><E79/><N who="2" m="46495" /><F60/><W64/><G4/><T31/><D23/><U110/><E110/><V65/><F65/><W118/><G64/><T32/><D32/><U106/><E106/><V15/><F105/><W98/><G22/><T21/><D21/><U17/><E26/><V56/><F56/><W125/><G125/><T38/><D38/><U2/><E2/><N who="2" m="55" /><F124/><W119/><REACH who="3" step="1"/><G98/><REACH who="3" ten="250,250,250,240" step="2"/><T83/><D126/><U100/><E28/><V81/><F81/><W88/><G88/><AGARI ba="0,1" hai="13,15,88,95,99" m="55,46495,42571" machi="88" ten="30,2000,0" yaku="14,1,54,1" doraHai="97" who="2" fromWho="3" sc="250,0,250,0,250,30,240,-20" /><INIT seed="1,0,0,0,2,49" ten="250,250,280,220" oya="1" hai0="131,126,32,54,57,37,67,98,74,62,113,20,21" hai1="25,34,125,109,66,23,44,88,10,42,16,0,11" hai2="77,6,41,118,31,130,129,61,40,120,55,63,85" hai3="127,108,24,72,86,38,45,15,84,64,5,107,133"/><U102/><E102/><V97/><F118/><W43/><G72/><T132/><D113/><U76/><E76/><V48/><F120/><W46/><G107/><T101/><D126/><U30/><E125/><V106/><F6/><W105/><G105/><T116/><D116/><U60/><E109/><V99/><F31/><W81/><G127/><T29/><D131/><N who="2" m="50186" /><F85/><W87/><G108/><T73/><D37/><U28/><E0/><V59/><F77/><W96/><G133/><T94/><D132/><U56/><E88/><V122/><F122/><W110/><G110/><T58/><D32/><U13/><REACH who="1" step="1"/><E28/><REACH who="1" ten="250,240,280,220" step="2"/><V111/><F111/><W78/><G78/><T7/><D73/><U128/><E128/><V112/><F112/><W75/><G75/><T36/><D74/><U27/><E27/><V1/><F1/><W17/><G24/><T35/><D29/><U115/><E115/><V26/><F26/><W89/><G89/><T103/><D103/><U53/><E53/><N who="2" m="34031" /><F97/><W12/><G96/><T51/><D98/><U83/><E83/><V124/><F124/><W91/><G81/><T65/><D101/><U68/><E68/><V114/><F114/><W80/><G80/><T82/><D82/><U69/><E69/><V14/><F99/><W39/><G91/><T135/><D135/><U134/><E134/><V90/><F90/><W8/><G64/><T52/><D67/><U47/><E47/><N who="3" m="17930" /><G43/><T9/><D65/><U3/><E3/><V92/><F106/><W2/><G2/><T95/><D95/><U22/><E22/><V104/><F104/><W71/><G71/><RYUUKYOKU ba="0,1" sc="250,-15,240,15,280,-15,220,15" hai1="10,11,13,16,23,25,30,34,42,44,56,60,66" hai3="5,8,12,15,17,38,39,84,86,87" /><INIT seed="1,1,1,3,2,82" ten="235,255,265,235" oya="1" hai0="86,50,119,39,1,28,64,23,14,122,91,125,99" hai1="123,81,74,45,94,67,120,98,9,131,100,58,53" hai2="17,13,38,71,88,18,46,132,103,54,5,8,20" hai3="112,92,24,57,33,87,77,116,113,95,51,6,133"/><U30/><E131/><V126/><F71/><W68/><G68/><T29/><D119/><U106/><E30/><V89/><F126/><W97/><G116/><T26/><D39/><U115/><E115/><V85/><F132/><W117/><G117/><T31/><D125/><U73/><E67/><V104/><F104/><W65/><G133/><T102/><D1/><U108/><E45/><V0/><F103/><W129/><G129/><T84/><D122/><U34/><E34/><V127/><F127/><W134/><G134/><T11/><D64/><U27/><E27/><V52/><F89/><W62/><G6/><T93/><D50/><U80/><E9/><V109/><F109/><W56/><G33/><T96/><D96/><U35/><E35/><V75/><F75/><N who="1" m="28681" /><E53/><V78/><F78/><W21/><G56/><T44/><D44/><U43/><E43/><V40/><F17/><W79/><G51/><T4/><REACH who="0" step="1"/><D86/><REACH who="0" ten="225,255,265,235" step="2"/><U135/><E135/><V66/><F66/><W41/><G113/><T130/><D130/><U128/><E128/><V3/><F0/><W25/><G112/><T105/><AGARI ba="1,2" hai="4,11,14,23,26,28,29,31,84,91,93,99,102,105" machi="105" ten="20,5200,0" yaku="1,1,0,1,7,1,52,1,53,0" doraHai="82" doraHaiUra="69" who="0" fromWho="0" sc="225,75,255,-27,265,-14,235,-14" /><INIT seed="2,0,0,3,2,61" ten="300,228,251,221" oya="2" hai0="50,16,126,101,35,86,20,107,14,135,65,8,96" hai1="106,116,121,119,13,98,68,25,81,22,82,31,12" hai2="122,128,75,95,104,9,83,66,124,40,1,27,131" hai3="32,134,38,133,59,74,88,41,45,24,15,108,130"/><V129/><F122/><W113/><G74/><T99/><D126/><U70/><E121/><V94/><F104/><W77/><G77/><T97/><D135/><N who="3" m="51721" /><G108/><T93/><D35/><U30/><E98/><V52/><F124/><W80/><G130/><T118/><D118/><U49/><E49/><V79/><F40/><W102/><G113/><T6/><D86/><U69/><E106/><V91/><F27/><W92/><G15/><N who="1" m="5706" /><E22/><V53/><F66/><W48/><G80/><N who="1" m="30826" /><E25/><V76/><F76/><W36/><G102/><T71/><D107/><U21/><E21/><V127/><F127/><W5/><G5/><T112/><D112/><U100/><E100/><V47/><F47/><W54/><G24/><T125/><D125/><U120/><E120/><V17/><F17/><W72/><G72/><T105/><D105/><U26/><E26/><V87/><REACH who="2" step="1"/><F95/><REACH who="2" ten="300,228,241,221" step="2"/><W11/><G32/><T46/><D46/><U78/><E78/><V103/><F103/><W67/><G67/><T33/><D65/><U4/><E4/><AGARI ba="0,1" hai="1,4,9,52,53,75,79,83,87,91,94,128,129,131" machi="4" ten="40,7700,0" yaku="1,1,19,1,54,1,53,0" doraHai="61" doraHaiUra="64" who="2" fromWho="1" sc="300,0,228,-77,241,87,221,0" /><INIT seed="2,1,0,1,5,89" ten="300,151,328,221" oya="2" hai0="98,114,24,110,22,71,2,130,58,125,62,102,61" hai1="121,43,124,66,56,39,31,4,134,68,96,34,65" hai2="6,104,97,94,16,69,109,7,46,23,67,100,59" hai3="70,1,87,55,119,78,49,32,50,85,30,27,115"/><V63/><F109/><W35/><G119/><T123/><D123/><U86/><E121/><V0/><F0/><W132/><G1/><T103/><D114/><U95/><E124/><V93/><F69/><W131/><G70/><T36/><D125/><U10/><E134/><V25/><F46/><W52/><G132/><T38/><D2/><U20/><E34/><V5/><AGARI ba="1,0" hai="5,6,7,16,23,25,59,63,67,93,94,97,100,104" machi="5" ten="30,11700,0" yaku="0,1,52,2,54,1" doraHai="89" who="2" fromWho="2" sc="300,-40,151,-40,328,120,221,-40" /><INIT seed="2,2,0,5,3,33" ten="260,111,448,181" oya="2" hai0="71,40,80,108,128,30,44,18,97,133,31,113,95" hai1="27,85,42,5,120,55,129,111,83,130,57,72,107" hai2="24,22,118,92,28,96,84,106,36,20,59,52,11" hai3="12,50,70,9,123,58,53,23,98,114,16,32,87"/><V38/><F118/><W112/><G123/><T99/><D113/><N who="3" m="43625" /><G32/><T56/><D71/><U17/><E107/><V125/><F125/><W2/><G70/><T135/><D108/><U75/><E42/><V54/><F54/><W46/><G98/><T116/><D128/><N who="1" m="49259" /><E111/><V14/><F22/><W21/><G2/><T103/><D116/><U61/><E120/><V4/><F84/><W6/><G6/><T66/><D80/><U90/><E5/><V3/><F14/><W124/><G124/><T73/><D73/><N who="1" m="28235" /><E27/><V102/><F106/><W117/><G117/><T62/><D99/><U65/><E17/><V60/><AGARI ba="2,0" hai="3,4,11,20,24,28,36,38,52,59,60,92,96,102" machi="60" ten="20,7800,0" yaku="0,1,7,1,52,1,54,1" doraHai="33" who="2" fromWho="2" sc="260,-28,111,-28,448,84,181,-28" /><INIT seed="2,3,0,3,0,118" ten="232,83,532,153" oya="2" hai0="25,65,119,52,24,110,50,89,5,108,92,126,105" hai1="113,7,40,34,99,12,117,0,55,123,75,91,47" hai2="103,26,128,30,20,131,127,9,64,31,28,80,95" hai3="8,27,45,29,85,66,102,67,83,2,100,35,19"/><V13/><F64/><W82/><G82/><T21/><D105/><U73/><E117/><V58/><F58/><W114/><G114/><T43/><D119/><U22/><E113/><V17/><F80/><W32/><G32/><T54/><D126/><U120/><E34/><V46/><F46/><W14/><G66/><T37/><D5/><U84/><E0/><V115/><F115/><W11/><G67/><T49/><D37/><U78/><E55/><V132/><F132/><W129/><G129/><N who="2" m="49737" /><F95/><W15/><G45/><T53/><D65/><U23/><E99/><V133/><F103/><W111/><G2/><T36/><D36/><U76/><E75/><V56/><F56/><W1/><G1/><T134/><D134/><U104/><E104/><V33/><F133/><W38/><G38/><T90/><D92/><U16/><E73/><V6/><F127/><W72/><G72/><T71/><D71/><U86/><E7/><V98/><F98/><W130/><G130/><T61/><D54/><U57/><E57/><V79/><F79/><N who="1" m="30249" /><E91/><V124/><F124/><W42/><G42/><T116/><D116/><U97/><E97/><V122/><F122/><N who="1" m="46633" /><E22/><V51/><F51/><AGARI ba="3,0" hai="12,16,23,40,47,51,84,86" m="46633,30249" machi="51" ten="30,8000,1" yaku="13,1,52,3,54,1" doraHai="118" who="1" fromWho="2" sc="232,0,83,89,532,-89,153,0" /><INIT seed="3,0,0,3,0,119" ten="232,172,443,153" oya="3" hai0="55,5,88,129,67,79,73,22,105,77,109,50,37" hai1="117,58,11,68,0,9,90,53,1,71,21,100,84" hai2="43,4,46,133,103,19,33,130,104,93,76,114,95" hai3="38,29,62,99,52,7,6,39,101,121,113,8,63"/><W111/><G113/><T42/><D109/><U106/><E117/><V108/><F95/><W91/><G121/><T102/><D129/><U40/><E40/><V30/><F93/><N who="3" m="58607" /><G38/><T78/><D73/><U128/><E128/><V83/><F83/><W59/><G39/><T122/><D122/><U10/><E21/><V26/><F76/><W72/><G72/><T34/><D34/><U61/><E100/><V28/><F103/><W89/><G111/><T86/><D5/><N who="3" m="1545" /><G8/><T94/><D67/><U135/><E106/><V35/><F104/><W15/><G15/><T57/><D22/><U132/><E68/><V2/><F108/><W16/><G16/><T14/><D14/><U65/><E65/><V87/><F87/><W126/><G126/><T3/><D3/><U64/><E64/><V25/><F114/><W81/><G29/><T24/><D24/><U12/><E71/><V75/><F75/><W125/><G125/><T134/><D105/><U112/><E12/><V23/><F130/><W82/><G62/><T115/><D115/><U123/><E112/><V49/><F4/><W51/><G63/><T27/><D27/><U120/><E123/><V66/><F66/><W110/><G110/><T116/><D116/><U31/><E31/><V36/><F2/><N who="1" m="1129" /><E120/><V44/><F19/><W41/><G41/><T20/><D20/><U32/><E32/><V131/><F131/><W60/><G60/><T127/><D127/><U107/><E107/><V56/><F35/><W92/><G89/><T70/><D70/><U80/><E90/><V54/><F133/><N who="1" m="51273" /><E9/><V96/><F96/><AGARI ba="0,0" hai="51,52,59,81,82,91,92,96" m="1545,58607" machi="96" ten="30,5800,0" yaku="6,1,8,1,54,1" doraHai="119" who="3" fromWho="2" sc="232,0,172,0,443,-58,153,58" /><INIT seed="3,1,0,4,3,4" ten="232,172,385,211" oya="3" hai0="17,129,60,14,43,59,61,47,130,134,28,94,30" hai1="45,12,40,123,109,6,99,126,114,98,46,119,84" hai2="104,113,105,110,77,131,97,24,63,27,76,117,2" hai3="95,32,93,58,81,101,37,75,80,92,38,11,121"/><W44/><G32/><T89/><D134/><U9/><E123/><V73/><F2/><W23/><G121/><T26/><D14/><U35/><E114/><V57/><F24/><W18/><G101/><T90/><D17/><U53/><E35/><V122/><F27/><W55/><G75/><T103/><D103/><U71/><E71/><V22/><F22/><W7/><G44/><T108/><D108/><U85/><E109/><V96/><F57/><W65/><G65/><N who="0" m="39071" /><D61/><U15/><E126/><V29/><F29/><W56/><G37/><N who="0" m="21999" /><D94/><U51/><E119/><V62/><F63/><W54/><G38/><T83/><D83/><N who="3" m="31817" /><G7/><T21/><D30/><U39/><REACH who="1" step="1"/><E12/><REACH who="1" ten="232,162,385,211" step="2"/><V116/><F73/><W5/><G5/><T36/><D26/><U120/><E120/><V8/><F122/><W107/><G107/><T74/><D130/><U42/><E42/><V112/><F131/><W128/><G128/><T31/><D129/><U41/><E41/><V106/><F106/><W87/><G55/><T82/><D74/><U69/><E69/><V67/><F110/><W111/><G111/><T48/><D28/><U19/><E19/><V125/><F116/><W91/><G54/><T20/><D31/><U50/><E50/><V70/><F117/><W88/><G18/><T49/><D48/><U25/><E25/><V102/><F112/><W66/><G66/><T13/><D49/><U115/><E115/><V127/><F113/><W78/><G87/><AGARI ba="1,1" hai="6,9,15,39,40,45,46,51,53,84,85,87,98,99" machi="87" ten="40,2600,0" yaku="1,1,52,1,53,0" doraHai="4" doraHaiUra="16" who="1" fromWho="3" sc="232,0,162,39,385,0,211,-29" owari="232,3.2,201,-19.9,385,48.5,182,-31.8" /></mjloggm>