<mjloggm ver="2.3"><GO type="225" lobby="0"/><UN n0="%E3%83%9E%E3%82%AB%E3%83%92%E3%82%AD" n1="%48%61%61%61%6C%61%6E%64" n2="%E4%B8%89%E5%86%A0%E7%8E%8B%E3%83%BB%E5%B1%B1%E7%94%B0%E5%93%B2%E4%BA%BA" n3="%E3%81%A9%E3%82%8F%E3%82%93%E3%81%94" dan="16,17,16,16" rate="2098.13,2155.27,2151.78,2214.06" sx="M,M,M,M"/><TAIKYOKU oya="0"/><INIT seed="0,0,0,5,5,48" ten="250,250,250,250" oya="0" hai0="84,12,27,108,133,120,6,89,129,24,116,25,102" hai1="104,10,72,40,2,8,17,54,123,11,1,71,4" hai2="67,33,73,14,86,115,30,31,47,45,106,78,128" hai3="28,13,7,57,37,51,114,110,81,3,88,94,22"/><T90/><D120/><U53/><E123/><V117/><F106/><W50/><G114/><T44/><D116/><U74/><E104/><V118/><F73/><W42/><G3/><T127/><D129/><U101/><E101/><V95/><F115/><W132/><G132/><T65/><D133/><U99/><E99/><V76/><F67/><W29/><G110/><T130/><D130/><U112/><E112/><V26/><F128/><W126/><G126/><T96/><D127/><U32/><E71/><V82/><F78/><W83/><G37/><T9/><D108/><U21/><E32/><V134/><F134/><W66/><G42/><T111/><D111/><U38/><E40/><V39/><F31/><N who="3" m="11851" /><G22/><T5/><D5/><U77/><E38/><V80/><F39/><W20/><G20/><T61/><D44/><U35/><E35/><V68/><F68/><W63/><G83/><T85/><D85/><U41/><E41/><V58/><F82/><W122/><G81/><T105/><REACH who="0" step="1"/><D84/><REACH who="0" ten="240,250,250,250" step="2"/><U70/><E74/><V52/><F117/><W93/><G122/><T75/><D75/><U62/><E72/><V60/><F118/><W0/><G0/><T91/><D91/><U100/><E1/><V55/><F86/><N who="3" m="52375" /><G94/><T107/><D107/><U36/><E2/><V97/><F80/><W124/><G124/><T23/><D23/><U64/><E21/><V98/><F95/><W34/><G34/><T125/><D125/><U103/><E10/><AGARI ba="0,1" hai="7,10,13,50,51,57,63,66" m="52375,11851" machi="10" ten="30,2000,0" yaku="8,1,54,1" doraHai="48" who="3" fromWho="1" sc="240,0,250,-20,250,0,250,30" /><INIT seed="1,0,0,1,5,69" ten="240,230,250,280" oya="1" hai0="99,116,89,92,59,75,32,101,3,24,81,57,86" hai1="33,45,126,62,48,49,70,47,20,73,107,98,52" hai2="22,96,38,42,84,71,67,100,19,28,12,105,65" hai3="79,122,128,114,112,80,17,90,4,104,34,46,83"/><U68/><E33/><V91/><F71/><W113/><G34/><T2/><D116/><U63/><E73/><V64/><F28/><W131/><G4/><T117/><D117/><U119/><E119/><V35/><F35/><W9/><G46/><T53/><D59/><U7/><E126/><V94/><REACH who="2" step="1"/><F42/><REACH who="2" ten="240,230,240,280" step="2"/><W93/><G114/><T25/><D32/><U27/><E70/><V55/><F55/><W72/><G113/><T123/><D123/><U97/><E68/><V77/><F77/><W16/><G122/><T120/><D120/><U125/><E125/><V95/><F95/><W132/><G112/><T61/><D3/><U134/><E134/><V50/><F50/><W31/><G132/><T111/><D2/><U15/><E107/><V74/><F74/><W18/><G31/><T44/><D111/><U121/><E121/><V118/><F118/><W51/><G51/><N who="0" m="28903" /><D75/><U26/><E52/><AGARI ba="0,1" hai="24,25,52,57,61,81,86,89,92,99,101" m="28903" machi="52" ten="30,2000,0" yaku="8,1,54,1" doraHai="69" who="0" fromWho="1" sc="240,30,230,-20,240,0,280,0" /><INIT seed="2,0,0,0,4,75" ten="270,210,240,280" oya="2" hai0="35,100,51,110,132,77,115,122,70,66,48,8,18" hai1="79,86,129,65,89,130,13,120,128,133,85,19,36" hai2="76,114,26,40,32,61,43,38,3,111,30,49,131" hai3="25,6,60,134,116,53,84,45,107,1,68,11,123"/><V121/><F38/><W17/><G123/><T98/><D115/><U39/><E120/><V64/><F121/><W10/><G116/><T41/><D110/><U94/><E65/><V81/><F114/><W57/><G107/><T124/><D35/><U102/><E102/><V21/><F111/><W135/><G68/><T46/><D132/><N who="3" m="50729" /><G45/><T9/><D124/><U126/><E133/><V28/><F3/><W104/><G104/><T92/><D122/><U106/><E106/><V90/><F131/><W5/><G84/><T97/><D70/><U2/><E2/><V52/><F90/><W95/><G95/><T31/><D66/><U109/><E109/><V33/><F30/><W4/><G1/><T15/><D31/><U105/><E105/><V69/><F33/><W44/><G44/><T22/><D98/><U73/><E73/><V29/><F29/><W99/><G99/><T78/><D51/><U55/><E55/><V127/><F127/><W93/><G93/><T108/><D108/><U47/><E126/><V20/><F43/><W103/><G103/><T96/><D97/><U87/><E47/><V34/><F40/><W71/><G71/><T63/><D63/><U118/><E118/><V16/><F52/><W50/><G60/><T72/><D72/><U54/><E54/><V101/><F49/><W37/><G37/><N who="1" m="14410" /><E79/><AGARI ba="0,0" hai="8,9,15,18,22,41,46,48,77,78,79,92,96,100" machi="79" ten="40,8000,1" yaku="8,1,52,3" doraHai="75" who="0" fromWho="1" sc="270,80,210,-80,240,0,280,0" /><INIT seed="3,0,0,3,0,78" ten="350,130,240,280" oya="3" hai0="100,68,22,96,32,130,36,120,79,25,72,8,125" hai1="29,92,18,113,85,124,30,19,59,93,71,121,122" hai2="87,16,9,17,62,75,82,99,111,15,11,7,34" hai3="89,98,66,45,37,108,24,107,26,52,103,70,80"/><W23/><G70/><T28/><D120/><U132/><E59/><V49/><F75/><W91/><G66/><T4/><D125/><U123/><E85/><V81/><F34/><W94/><G108/><T74/><D130/><U44/><E44/><V3/><F111/><W61/><G37/><T109/><D109/><U129/><E71/><V53/><F62/><W63/><G107/><N who="0" m="63879" /><D22/><U50/><E50/><V83/><F99/><W38/><G38/><T20/><D20/><U114/><E123/><V95/><F95/><W73/><G73/><T97/><D79/><U57/><E57/><V131/><F131/><W21/><G21/><T65/><D97/><U6/><E129/><V105/><F105/><W76/><G76/><T116/><D36/><U33/><E6/><V118/><F118/><W40/><G40/><T134/><D134/><U84/><E84/><V47/><F17/><N who="3" m="12399" /><G26/><T1/><D116/><U43/><E33/><V64/><F64/><W104/><G104/><T42/><D42/><U101/><E43/><V77/><AGARI ba="0,0" hai="3,7,9,11,15,16,47,49,53,77,81,82,83,87" machi="77" ten="20,12000,2" yaku="0,1,7,1,52,3,54,1" doraHai="78" who="2" fromWho="2" sc="350,-30,130,-30,240,120,280,-60" owari="320,12.0,100,-40.0,360,46.0,220,-18.0" /></mjloggm>