<mjloggm ver="2.3"><GO type="225" lobby="0"/><UN n0="%E5%AF%82%E5%AF%9E%E3%82%AE%E3%83%8D%E3%82%B9%E3%83%93%E3%83%BC%E3%83%AB" n1="%72%61%6B%33" n2="%4C%C3%97%57%C3%97%4C" n3="%E3%82%A2%E3%83%9E%E3%83%9D%EF%BD%9E%EF%BD%9E%E3%83%A9" dan="16,18,18,17" rate="2148.57,2252.38,2155.19,2191.64" sx="M,M,M,M"/><TAIKYOKU oya="0"/><INIT seed="0,0,0,2,4,51" ten="250,250,250,250" oya="0" hai0="27,88,63,28,107,45,54,118,8,53,2,124,50" hai1="101,16,56,62,123,134,31,57,132,84,90,111,119" hai2="117,18,92,17,69,93,74,21,64,103,70,114,22" hai3="76,46,133,127,82,75,26,89,44,59,86,78,58"/><T65/><D118/><U29/><E119/><V87/><F117/><W99/><G127/><T131/><D124/><U39/><E123/><V120/><F120/><W121/><G133/><T52/><D107/><U91/><E39/><V79/><F74/><W98/><G26/><T40/><D131/><U49/><E111/><V4/><F4/><W95/><G121/><T41/><D41/><U130/><E101/><V77/><F103/><W126/><G126/><T12/><D2/><U66/><E130/><V116/><F116/><W105/><G99/><T96/><D88/><N who="1" m="33835" /><E84/><V85/><REACH who="2" step="1"/><F64/><REACH who="2" ten="250,250,240,250" step="2"/><W1/><G75/><T15/><D96/><U100/><E100/><V81/><F81/><W60/><G82/><T32/><REACH who="0" step="1"/><D8/><REACH who="0" ten="240,250,240,250" step="2"/><U115/><E134/><V67/><F67/><W109/><G98/><T6/><D6/><U97/><E97/><V38/><F38/><W113/><G105/><T36/><D36/><U13/><E132/><V80/><F80/><W128/><G128/><T61/><D61/><U129/><E129/><V68/><F68/><AGARI ba="0,2" hai="12,15,27,28,32,40,45,50,52,53,54,63,65,68" machi="68" ten="40,18000,2" yaku="1,1,52,3,54,1,53,1" doraHai="51" doraHaiUra="43" who="0" fromWho="2" sc="240,200,250,0,240,-180,250,0" /><INIT seed="0,1,0,2,1,109" ten="440,250,60,250" oya="0" hai0="62,28,44,18,54,130,105,108,135,125,53,24,72" hai1="111,23,115,78,22,33,68,120,110,59,6,104,2" hai2="46,122,27,36,5,32,71,107,38,114,132,11,123" hai3="129,79,86,90,60,124,49,126,17,40,85,89,20"/><T1/><D72/><U127/><E59/><V0/><F132/><W116/><G129/><T97/><D1/><U55/><E55/><V51/><F107/><W57/><G116/><T74/><D74/><U29/><E78/><V95/><F71/><W8/><G8/><T37/><D130/><U67/><E67/><V118/><F118/><W45/><G126/><T39/><D18/><U12/><E68/><V7/><F7/><W76/><G86/><T106/><D135/><U15/><E104/><V77/><F95/><W70/><G70/><T4/><D4/><U30/><E127/><V47/><F77/><W50/><G50/><T9/><D9/><U48/><E48/><V63/><F63/><W96/><G96/><T14/><D97/><U66/><E66/><V119/><F119/><W80/><G79/><T58/><D44/><U84/><E84/><V117/><F117/><W3/><G3/><T101/><D53/><U128/><E128/><V25/><F51/><W92/><G92/><T113/><D54/><U121/><E6/><V13/><F0/><W82/><G82/><T16/><D105/><U69/><E69/><V100/><F100/><W65/><G124/><T87/><D101/><U134/><E2/><V94/><F94/><W19/><G19/><T34/><D106/><U93/><E93/><V103/><F103/><W42/><G42/><T73/><D73/><U10/><E134/><V43/><F32/><W21/><G21/><T41/><D34/><U102/><E102/><V83/><F83/><W91/><G76/><T75/><D125/><U26/><E33/><RYUUKYOKU ba="1,0" sc="440,-10,250,-10,60,-10,250,30" hai3="17,20,40,45,49,57,60,65,80,85,89,90,91" /><INIT seed="1,2,0,1,1,111" ten="430,240,50,280" oya="1" hai0="8,133,84,76,113,31,42,105,20,75,102,44,7" hai1="77,97,86,93,39,33,72,9,65,46,17,129,118" hai2="103,120,123,52,15,53,2,25,12,127,58,43,90" hai3="95,126,51,99,66,6,68,29,134,132,60,27,18"/><U64/><E118/><V54/><F2/><W122/><G126/><T0/><D133/><N who="3" m="51305" /><G122/><T114/><D84/><U78/><E33/><V56/><F127/><W104/><G6/><T73/><D20/><U30/><E30/><V69/><F103/><W89/><G104/><T125/><D31/><U116/><E116/><V110/><F25/><W85/><G51/><T88/><D88/><U5/><E86/><V41/><F90/><W91/><G18/><T128/><D128/><U81/><E77/><V48/><F110/><W57/><G68/><T83/><D73/><U62/><E17/><V21/><F21/><N who="3" m="15599" /><G89/><T55/><D55/><N who="2" m="21066" /><F12/><W130/><G130/><T4/><D4/><U80/><E129/><V124/><F15/><W1/><G1/><T87/><D125/><U61/><E5/><V28/><F28/><W96/><AGARI ba="2,0" hai="57,60,66,85,91,95,96,99" m="15599,51305" machi="96" ten="30,1100,0" yaku="20,1" doraHai="111" who="3" fromWho="3" sc="430,-5,240,-7,50,-5,280,17" /><INIT seed="2,0,0,4,3,66" ten="425,233,45,297" oya="2" hai0="78,86,64,24,91,77,124,19,106,92,4,58,2" hai1="40,132,103,18,28,117,23,31,88,89,43,67,98" hai2="50,45,128,47,110,75,30,26,130,15,116,13,9" hai3="105,133,115,76,44,11,72,52,5,35,83,129,123"/><V82/><F116/><W22/><G123/><T34/><D106/><U131/><E117/><V101/><F101/><W65/><G35/><T3/><D124/><U81/><E131/><N who="2" m="50219" /><F110/><W95/><G105/><T93/><D2/><U14/><E132/><V111/><F111/><W61/><G115/><T122/><D3/><U79/><E40/><N who="2" m="24871" /><F47/><W74/><G133/><T20/><D4/><U96/><E43/><V33/><F9/><W37/><G129/><T49/><D34/><U107/><E67/><V10/><F10/><W48/><G37/><T70/><D122/><U85/><E96/><V99/><F99/><W54/><G22/><T12/><D93/><U17/><REACH who="1" step="1"/><E18/><REACH who="1" ten="425,223,45,297" step="2"/><V42/><F42/><W46/><G65/><T113/><D64/><U73/><E73/><V8/><F8/><W59/><G74/><T125/><D19/><U102/><E102/><V119/><F119/><W55/><G11/><T135/><D135/><U60/><E60/><V108/><F108/><W53/><G61/><T126/><D126/><U134/><E134/><V21/><F33/><W97/><G5/><T127/><D125/><U25/><E25/><V36/><F36/><W32/><G32/><T100/><D24/><U80/><E80/><V63/><F63/><W90/><AGARI ba="0,1" hai="44,46,48,52,53,54,55,59,72,76,83,90,95,97" machi="90" ten="30,2000,0" yaku="0,1,54,1" doraHai="66" who="3" fromWho="3" sc="425,-5,223,-5,45,-10,297,30" /><INIT seed="3,0,0,1,5,111" ten="420,218,35,327" oya="3" hai0="124,40,22,31,5,62,53,97,63,135,73,19,33" hai1="126,20,121,122,78,106,66,17,8,25,132,24,117" hai2="107,38,64,1,59,55,113,69,65,74,116,72,127" hai3="45,27,110,14,80,112,89,56,99,133,100,88,42"/><W35/><G110/><T67/><D73/><U41/><E106/><V7/><F7/><W119/><G119/><T87/><D124/><U79/><E66/><V3/><F55/><W131/><G131/><T13/><D135/><U129/><E41/><V50/><F59/><W94/><G133/><T84/><D40/><U11/><E132/><V60/><F50/><W102/><G112/><T12/><D33/><U34/><E129/><V21/><F21/><W95/><G80/><T93/><D31/><U51/><E51/><V86/><F86/><N who="0" m="32810" /><D53/><U83/><E126/><V58/><F60/><N who="0" m="23082" /><D67/><U71/><E117/><V6/><F58/><W120/><G56/><T23/><D5/><U49/><E49/><V68/><F6/><W130/><G130/><T47/><D47/><U91/><E20/><N who="0" m="7721" /><D19/><U85/><E85/><V18/><F18/><W46/><G120/><T90/><AGARI ba="0,0" hai="12,13,90,93,97" m="7721,23082,32810" machi="90" ten="30,1100,0" yaku="8,1" doraHai="111" who="0" fromWho="0" sc="420,11,218,-3,35,-3,327,-5" owari="431,53.1,215,-18.5,32,-46.8,322,12.2" /></mjloggm>