<mjloggm ver="2.3"><GO type="225" lobby="0"/><UN n0="%E3%81%95%E3%81%8D%E3%81%9F%E3%81%BE%E6%9E%97%E6%AA%8E" n1="%E9%80%9F%E6%B0%B4%E5%87%9B%E9%A6%99" n2="%E4%BF%BA%E3%81%A8%E5%A6%96%E5%A4%A2" n3="%E3%81%82%E3%83%BC%E3%81%97" dan="16,17,17,16" rate="2149.58,2152.15,2194.04,2105.97" sx="M,F,F,M"/><TAIKYOKU oya="0"/><INIT seed="0,0,0,1,3,87" ten="250,250,250,250" oya="0" hai0="98,60,5,93,128,25,19,129,132,26,119,1,7" hai1="108,96,126,109,95,115,84,53,121,27,105,47,117" hai2="81,17,102,90,64,35,68,130,0,69,51,30,44" hai3="78,107,80,120,50,74,34,21,31,62,70,32,91"/><T14/><D119/><U113/><E27/><N who="0" m="10249" /><D60/><U71/><E71/><V2/><F30/><W114/><G107/><T16/><D1/><U103/><E47/><V122/><F35/><W22/><G114/><N who="1" m="43530" /><E53/><V110/><F122/><W133/><G31/><T65/><D65/><U73/><E73/><V134/><F110/><N who="1" m="42601" /><E126/><V40/><F64/><W15/><G120/><T85/><D85/><U77/><E121/><V101/><F69/><W89/><G50/><T118/><D118/><U106/><E117/><V61/><F61/><W92/><G92/><T11/><D132/><U9/><E9/><V66/><F134/><W131/><G133/><T94/><D94/><U48/><E48/><V49/><F51/><W55/><G70/><T82/><D82/><AGARI ba="0,0" hai="77,82,84,95,96,103,105,106" m="42601,43530" machi="82" ten="30,7700,0" yaku="11,1,14,1,34,2" doraHai="87" who="1" fromWho="0" sc="250,-77,250,77,250,0,250,0" /><INIT seed="1,0,0,3,2,124" ten="173,327,250,250" oya="1" hai0="45,7,16,104,88,80,95,118,65,29,8,39,1" hai1="19,37,42,46,48,91,71,86,77,103,135,108,0" hai2="94,12,14,121,122,128,113,31,98,93,54,115,83" hai3="22,85,20,40,72,5,64,13,60,123,24,61,70"/><U120/><E120/><N who="2" m="46187" /><F54/><W25/><G72/><T119/><D104/><U110/><E0/><V58/><F58/><W15/><G123/><T78/><D65/><U35/><E35/><V111/><F31/><W17/><G40/><T32/><D32/><U105/><E71/><V126/><F126/><W79/><G5/><T132/><D132/><U130/><E77/><V23/><F23/><W30/><REACH who="3" step="1"/><G61/><REACH who="3" ten="173,327,250,240" step="2"/><T99/><D29/><U127/><E127/><V27/><F115/><W102/><G102/><T89/><D16/><U11/><E19/><V76/><F113/><W81/><AGARI ba="0,1" hai="13,15,17,20,22,24,25,30,60,64,70,79,81,85" machi="81" ten="30,4000,0" yaku="1,1,0,1,53,1" doraHai="124" doraHaiUra="82" who="3" fromWho="3" sc="173,-10,327,-20,250,-10,240,50" /><INIT seed="2,0,0,3,1,127" ten="163,307,240,290" oya="2" hai0="42,35,47,32,115,13,69,41,59,98,62,78,135" hai1="4,119,56,123,118,28,83,112,8,1,77,51,110" hai2="49,23,39,10,100,134,124,97,36,130,26,46,86" hai3="116,82,50,6,79,104,129,55,94,24,71,108,103"/><V91/><F124/><W117/><G71/><T81/><D115/><U40/><E112/><V109/><F134/><W29/><G6/><T88/><D135/><U126/><E126/><V31/><F109/><W54/><G104/><T132/><D132/><U9/><E110/><V17/><F10/><W18/><G18/><T19/><D69/><U120/><E28/><V87/><F31/><W92/><G108/><T114/><D114/><U2/><E2/><V25/><F25/><W27/><G103/><T125/><D125/><U106/><E106/><V122/><F122/><N who="1" m="46633" /><E8/><V85/><F91/><W63/><G63/><T107/><D35/><U30/><E30/><V57/><F57/><W73/><G27/><T61/><D32/><U33/><E33/><V37/><F130/><W5/><G55/><T128/><D128/><U0/><E0/><V111/><F111/><W15/><G129/><T3/><D3/><U90/><E90/><V74/><F74/><W121/><G121/><T105/><D105/><U21/><E21/><V53/><REACH who="2" step="1"/><F37/><REACH who="2" ten="163,307,230,290" step="2"/><W22/><G117/><T84/><D59/><U96/><E56/><V44/><F44/><N who="3" m="27975" /><G116/><T64/><D64/><U66/><E66/><V72/><F72/><W16/><G5/><T45/><D45/><N who="1" m="26023" /><E96/><V65/><F65/><W113/><G113/><T34/><D47/><U80/><E118/><V101/><F101/><W102/><G102/><N who="0" m="62935" /><D88/><U38/><E38/><V68/><F68/><W12/><G29/><T14/><D34/><U76/><E119/><V48/><F48/><W70/><G70/><T7/><D7/><U60/><E60/><RYUUKYOKU ba="0,1" sc="163,-30,307,10,230,10,290,10" hai1="1,4,9,76,77,80,83" hai2="17,23,26,36,39,46,49,53,85,86,87,97,100" hai3="12,15,16,22,24,73,79,82,92,94" /><INIT seed="2,1,1,1,1,38" ten="133,317,240,300" oya="2" hai0="85,14,112,130,45,127,84,23,31,54,12,75,114" hai1="90,21,125,101,13,115,113,92,134,46,124,28,81" hai2="0,62,37,40,123,118,3,49,42,30,35,102,41" hai3="117,120,26,119,27,97,98,36,128,18,8,103,110"/><V86/><F118/><W133/><G36/><T80/><D75/><U88/><E134/><V11/><F123/><W122/><G103/><T4/><D127/><N who="1" m="48715" /><E101/><V5/><F37/><W108/><G133/><T77/><D130/><U132/><E132/><V6/><F102/><W44/><G44/><T82/><D114/><U53/><E81/><V131/><F131/><W67/><G67/><T32/><D112/><U106/><E106/><V121/><F121/><N who="3" m="46699" /><G97/><T73/><D73/><U47/><E90/><V20/><F35/><W69/><G98/><T99/><D99/><U71/><E71/><V83/><F62/><W33/><G69/><T70/><D70/><U78/><E78/><V48/><F3/><W96/><G96/><T74/><D74/><U72/><E72/><V39/><F39/><W89/><G89/><N who="0" m="51335" /><D32/><U43/><E47/><V79/><REACH who="2" step="1"/><F5/><REACH who="2" ten="133,317,230,300" step="2"/><W65/><G128/><T56/><D4/><U63/><E63/><V104/><F104/><W107/><G107/><T64/><D64/><U16/><E115/><V129/><F129/><W60/><G60/><N who="0" m="35863" /><D45/><U24/><E113/><V25/><AGARI ba="1,2" hai="0,6,11,20,25,30,40,41,42,48,49,79,83,86" machi="25" ten="30,12000,1" yaku="1,1,0,1,52,3,53,0" doraHai="38" doraHaiUra="29" who="2" fromWho="2" sc="133,-41,317,-41,230,143,300,-41" /><INIT seed="2,2,0,5,3,32" ten="92,276,373,259" oya="2" hai0="133,113,63,131,0,53,13,75,82,21,129,84,114" hai1="31,81,67,88,50,125,115,111,8,45,47,57,71" hai2="19,38,1,107,96,86,64,79,92,93,70,109,41" hai3="116,15,73,78,85,17,134,119,9,89,97,117,126"/><V128/><F107/><W2/><G134/><T11/><D53/><U34/><E115/><N who="0" m="44041" /><D63/><U69/><E111/><V83/><F109/><W68/><G68/><T27/><D84/><U56/><E125/><V42/><F128/><N who="0" m="49226" /><D82/><U4/><E31/><V132/><F132/><W51/><G126/><T106/><D106/><U29/><E34/><V28/><F28/><W37/><G37/><T105/><D105/><U112/><E29/><V6/><F19/><W10/><G97/><T120/><D75/><U60/><E112/><V72/><F86/><W127/><G127/><T76/><D76/><U24/><E24/><V12/><F92/><W54/><G78/><T98/><D98/><U26/><E26/><V5/><F64/><W62/><G62/><T130/><N who="0" m="49234" /><T91/><DORA hai="52" /><D91/><U103/><E103/><V123/><F70/><W39/><G39/><T94/><D94/><U43/><E71/><V95/><F42/><W48/><G73/><T124/><D124/><U35/><E35/><V40/><F40/><W33/><G54/><T30/><D133/><U80/><E47/><V66/><F66/><W55/><G55/><T102/><D102/><U135/><E135/><V58/><F41/><W65/><G65/><T22/><D120/><U74/><E81/><V108/><F83/><N who="3" m="49343" /><G33/><N who="0" m="20703" /><D13/><N who="1" m="5255" /><E74/><V23/><F72/><W16/><G51/><T61/><D61/><U99/><E99/><V14/><F38/><W49/><G49/><T122/><D122/><U3/><E69/><V20/><F96/><W90/><G48/><T59/><D59/><U110/><E80/><V100/><F123/><RYUUKYOKU ba="2,0" sc="92,30,276,-10,373,-10,259,-10" hai0="0,11,21,22" /><INIT seed="3,3,0,4,0,2" ten="122,266,363,249" oya="3" hai0="101,11,13,17,116,59,36,8,28,74,10,15,30" hai1="55,111,29,60,103,33,83,125,49,91,119,38,124" hai2="107,126,48,53,106,50,85,21,9,64,84,76,81" hai3="72,23,97,134,37,112,73,114,20,63,34,117,130"/><W0/><G37/><T24/><D74/><U132/><E103/><V89/><F126/><N who="1" m="48745" /><E38/><V135/><F135/><W5/><G117/><T18/><D36/><U58/><E111/><V12/><F21/><W35/><G97/><T86/><D101/><U42/><E132/><V6/><F64/><W40/><G134/><T43/><D43/><U133/><E133/><V82/><F50/><W79/><G63/><T94/><D59/><AGARI ba="3,0" hai="6,9,12,48,53,59,76,81,82,84,85,89,106,107" machi="59" ten="30,2000,0" yaku="7,1,52,1" doraHai="2" who="2" fromWho="0" sc="122,-29,266,0,363,29,249,0" owari="93,-40.7,266,6.6,392,49.2,249,-15.1" /></mjloggm>