<mjloggm ver="2.3"><GO type="225" lobby="0"/><UN n0="%E3%81%AF%E3%82%88%E3%81%8A%E3%81%98%E3%81%95%E3%82%93" n1="%43%68%65" n2="%E5%84%AA%40%41%42%43" n3="%77%72%77%72%77%72%77%72" dan="16,16,17,16" rate="2171.31,2140.55,2227.24,2106.78" sx="M,M,M,M"/><TAIKYOKU oya="0"/><INIT seed="0,0,0,1,0,21" ten="250,250,250,250" oya="0" hai0="3,7,47,58,44,109,72,83,60,2,28,5,27" hai1="126,70,99,61,38,41,103,39,17,97,119,134,75" hai2="127,54,62,46,124,107,74,11,76,51,33,101,115" hai3="49,23,57,63,9,84,45,92,29,52,123,133,67"/><T13/><D109/><U89/><E119/><V53/><F115/><W131/><G131/><T40/><D72/><U125/><E75/><V80/><F33/><W95/><G133/><T135/><D135/><U120/><E134/><V79/><F79/><W59/><G123/><T37/><D44/><U102/><E89/><V4/><F101/><W10/><G45/><T78/><D13/><U86/><E86/><V87/><F107/><W55/><G67/><T117/><D117/><U118/><E17/><V12/><F74/><W128/><G128/><T110/><D110/><U36/><E118/><V66/><REACH who="2" step="1"/><F53/><REACH who="2" ten="250,250,240,250" step="2"/><W24/><G92/><T96/><D78/><U48/><E103/><V106/><F106/><W91/><AGARI ba="0,1" hai="9,10,23,24,29,49,52,55,57,59,63,84,91,95" machi="91" ten="30,7900,0" yaku="0,1,8,1,52,1,54,1" doraHai="21" who="3" fromWho="3" sc="250,-39,250,-20,240,-20,250,89" /><INIT seed="1,0,0,1,1,92" ten="211,230,220,339" oya="1" hai0="17,105,110,109,4,85,57,34,114,120,18,72,32" hai1="98,53,60,97,86,22,45,16,96,52,31,27,15" hai2="91,88,65,90,113,48,58,19,36,29,128,56,35" hai3="51,7,119,8,59,43,94,5,24,38,102,77,64"/><U133/><E133/><V25/><F36/><W93/><G119/><T131/><D72/><U28/><E28/><V2/><F128/><W87/><G38/><T126/><D114/><U13/><E13/><V103/><F2/><W66/><G24/><T117/><D117/><U106/><E106/><V6/><F6/><W41/><G102/><T125/><D105/><U80/><E45/><V81/><F113/><W132/><G132/><T78/><D4/><U30/><E60/><V74/><F65/><N who="3" m="25195" /><G7/><T70/><D70/><U75/><E75/><V123/><F123/><W37/><G37/><T76/><D57/><U82/><E31/><V134/><F134/><W54/><G8/><T130/><REACH who="0" step="1"/><D85/><REACH who="0" ten="201,230,220,339" step="2"/><U118/><E118/><V124/><F58/><W40/><G5/><T21/><D21/><N who="1" m="15727" /><E82/><AGARI ba="0,1" hai="40,41,43,51,54,59,77,82,87,93,94" m="25195" machi="82" ten="30,1000,0" yaku="8,1" doraHai="92" who="3" fromWho="1" sc="201,0,230,-10,220,0,339,20" /><INIT seed="2,0,0,3,0,1" ten="201,220,220,359" oya="2" hai0="117,87,84,102,111,25,41,54,14,76,119,53,73" hai1="78,97,118,115,108,129,101,81,48,10,24,40,36" hai2="77,104,43,125,35,28,59,42,31,114,5,93,126" hai3="13,55,38,127,132,17,57,3,16,96,56,27,49"/><V11/><F104/><W51/><G38/><T33/><D73/><U98/><E115/><V7/><F114/><W122/><G122/><T9/><D111/><U89/><E118/><N who="0" m="45065" /><D41/><N who="2" m="15370" /><F35/><W74/><G3/><T67/><D67/><U71/><E71/><V44/><F44/><W62/><G96/><T50/><D102/><U63/><E36/><V79/><F11/><W30/><G17/><T130/><D130/><U4/><E108/><V95/><F59/><W72/><G56/><N who="0" m="32823" /><D76/><N who="2" m="29258" /><F93/><W52/><G57/><T109/><D109/><U123/><E129/><V61/><F95/><W100/><G100/><T80/><D80/><U110/><E81/><V133/><F61/><W107/><G62/><T106/><D106/><U46/><E63/><V18/><F18/><W58/><G16/><N who="0" m="8271" /><D54/><U94/><E110/><V66/><F66/><W103/><G55/><T20/><D33/><U37/><E78/><V90/><F90/><W82/><G103/><T116/><N who="0" m="45073" /><T105/><DORA hai="83" /><D105/><U0/><E101/><V75/><F75/><W69/><G72/><T70/><D70/><U91/><E91/><V34/><F133/><W88/><G74/><T68/><D68/><U92/><E92/><V99/><F99/><W6/><G69/><T112/><D112/><U8/><E98/><V60/><F60/><W26/><G107/><T39/><D39/><U15/><E37/><V32/><F32/><W29/><G132/><T22/><D22/><U19/><E123/><V121/><F121/><W113/><G113/><T47/><D47/><U86/><E97/><V21/><F34/><N who="3" m="20791" /><G58/><T85/><D20/><RYUUKYOKU ba="0,0" sc="201,15,220,15,220,-15,359,-15" hai0="25,84,85,87" hai1="0,4,8,10,15,19,24,40,46,48,86,89,94" /><INIT seed="3,1,0,2,4,74" ten="216,235,205,344" oya="3" hai0="128,28,67,43,29,20,39,129,114,78,91,12,11" hai1="22,105,99,97,113,37,10,86,23,52,17,72,60" hai2="0,98,15,55,35,115,104,18,106,79,2,122,90" hai3="103,118,65,56,124,80,95,101,4,82,54,19,48"/><W100/><G118/><T133/><D133/><U1/><E72/><V21/><F115/><W119/><G119/><T68/><D114/><U125/><E113/><V64/><F35/><W126/><G4/><T30/><D78/><U111/><E37/><V135/><F104/><W84/><G65/><T76/><D76/><U46/><E105/><V81/><F135/><W50/><G50/><T26/><D91/><U9/><E111/><V13/><F64/><W112/><G112/><T93/><D93/><U83/><E125/><N who="3" m="48234" /><G19/><T85/><D85/><U109/><E109/><V8/><F55/><W123/><G123/><T36/><D67/><U134/><E134/><V58/><F58/><W107/><G107/><T3/><D3/><U89/><E1/><V73/><F122/><W61/><G48/><T25/><D68/><U110/><E110/><V34/><F34/><W94/><G80/><T24/><D20/><N who="1" m="7723" /><E17/><V44/><F44/><W33/><G33/><T16/><D43/><U69/><E69/><V7/><REACH who="2" step="1"/><F106/><REACH who="2" ten="216,235,195,344" step="2"/><W121/><G121/><T120/><D120/><U42/><E42/><V5/><F5/><W63/><G63/><T49/><REACH who="0" step="1"/><D49/><REACH who="0" ten="206,235,195,344" step="2"/><N who="1" m="28727" /><E60/><V57/><F57/><W27/><G56/><T71/><D71/><U53/><E53/><V92/><AGARI ba="1,2" hai="0,2,7,8,13,15,18,21,73,79,81,90,92,98" machi="92" ten="30,4000,0" yaku="1,1,0,1,52,1,53,0" doraHai="74" doraHaiUra="130" who="2" fromWho="2" sc="206,-11,235,-11,195,63,344,-21" owari="195,-30.5,224,-17.6,258,5.8,323,42.3" /></mjloggm>