<mjloggm ver="2.3"><GO type="225" lobby="0"/><UN n0="%72%69%6F%75%63%68%61%6E" n1="%E5%A4%9C%E5%85%89%E5%A4%A9%E6%A5%BC" n2="%E3%81%A8%E3%82%93%E3%81%A8%E3%81%93%E3%81%A8%E3%82%93" n3="%E6%A0%B9%E5%85%83%E3%81%8B%E3%82%89%E5%90%B9%E3%81%A3%E9%A3%9B%E3%81%B6" dan="16,16,16,17" rate="2198.35,2116.32,2121.52,2166.07" sx="M,F,F,F"/><TAIKYOKU oya="0"/><INIT seed="0,0,0,2,3,79" ten="250,250,250,250" oya="0" hai0="111,40,55,6,2,61,35,25,100,105,63,101,46" hai1="43,54,75,9,56,10,74,93,110,51,82,113,32" hai2="94,112,38,132,19,133,15,62,70,48,39,12,8" hai3="22,71,14,85,102,78,81,3,41,77,11,122,115"/><T96/><D111/><U87/><E110/><V33/><F112/><W88/><G115/><T127/><D127/><U120/><E113/><V126/><F33/><W45/><G71/><T86/><D101/><U64/><E32/><V129/><F129/><W95/><G122/><T27/><D2/><U26/><E120/><V114/><F114/><W68/><G68/><T17/><D6/><U21/><E75/><V108/><F108/><W90/><G102/><T84/><D25/><U116/><E93/><V60/><F126/><W131/><G131/><T118/><D118/><U97/><E97/><V69/><F48/><N who="3" m="26671" /><G22/><T67/><D55/><U29/><E74/><V49/><F49/><W59/><G59/><T130/><D130/><U5/><E116/><V134/><F94/><W125/><G3/><T4/><D4/><U58/><E43/><V92/><F92/><W119/><G119/><T109/><D109/><U66/><E58/><V89/><F89/><W107/><G107/><T30/><D17/><U0/><REACH who="1" step="1"/><E9/><REACH who="1" ten="250,240,250,250" step="2"/><N who="2" m="6543" /><F70/><W50/><G125/><T99/><D99/><U44/><E44/><V13/><F69/><W123/><G123/><T104/><D104/><U28/><E28/><V83/><F8/><W7/><G50/><N who="0" m="26951" /><D61/><N who="2" m="23658" /><F83/><W117/><G117/><T135/><D63/><U128/><E128/><V31/><F31/><W80/><G81/><T1/><D67/><U37/><E37/><AGARI ba="0,1" hai="13,15,37,38,39,132,133,134" m="23658,6543" machi="37" ten="40,1300,0" yaku="20,1" doraHai="79" who="2" fromWho="1" sc="250,0,240,-13,250,23,250,0" /><INIT seed="1,0,0,0,0,99" ten="250,227,273,250" oya="1" hai0="122,95,132,16,52,110,100,0,68,111,108,66,48" hai1="64,82,21,63,67,37,3,93,72,129,32,117,105" hai2="113,96,10,41,83,2,22,60,118,6,38,131,54" hai3="128,13,40,31,43,25,4,53,18,69,112,49,80"/><U1/><E117/><V34/><F34/><W12/><G112/><T75/><D75/><U7/><E32/><V107/><F118/><W89/><G69/><T23/><D132/><U29/><E105/><V26/><F131/><W94/><G128/><T61/><D0/><U57/><E37/><V55/><F113/><W121/><G121/><T104/><D104/><U47/><E129/><V87/><F41/><W5/><G80/><T46/><D122/><U120/><E120/><V123/><F38/><W134/><G134/><T114/><D114/><U8/><E47/><V88/><F60/><W124/><G124/><T125/><D125/><U106/><E106/><V97/><F123/><W44/><G40/><T9/><D9/><U119/><E93/><V36/><F36/><W91/><G43/><T98/><REACH who="0" step="1"/><D110/><REACH who="0" ten="240,227,273,250" step="2"/><U62/><E3/><V30/><REACH who="2" step="1"/><F107/><REACH who="2" ten="240,227,263,250" step="2"/><W27/><G49/><T84/><D84/><U50/><E50/><V42/><F42/><W15/><G4/><T45/><D45/><U65/><E63/><V19/><F19/><W102/><G5/><T33/><D33/><U70/><E119/><V115/><F115/><W74/><G18/><T58/><D58/><U28/><E57/><V85/><F85/><W20/><G44/><T90/><D90/><U81/><E72/><V11/><F11/><W103/><G74/><T92/><D92/><U101/><E8/><V71/><F71/><W127/><G127/><T116/><D116/><U76/><E70/><V56/><F56/><W59/><G91/><T51/><D51/><U77/><E62/><V78/><F78/><RYUUKYOKU ba="0,2" sc="240,15,227,-15,263,15,250,-15" hai0="16,23,46,48,52,61,66,68,95,98,100,108,111" hai2="2,6,10,22,26,30,54,55,83,87,88,96,97" /><INIT seed="2,1,2,2,2,33" ten="255,212,278,235" oya="2" hai0="56,122,129,52,79,119,90,1,72,5,133,98,12" hai1="130,78,9,23,36,50,0,66,57,99,94,51,21" hai2="100,19,49,28,71,11,128,42,83,116,7,62,96" hai3="37,135,132,80,44,55,40,127,4,10,27,13,31"/><V85/><F116/><W46/><G127/><T105/><D122/><U30/><E36/><V41/><F128/><W48/><REACH who="3" step="1"/><G80/><REACH who="3" ten="255,212,278,225" step="2"/><T69/><D119/><U6/><E130/><V117/><F117/><W65/><G65/><T63/><D129/><U95/><E66/><V89/><F83/><W14/><G14/><T73/><D12/><U92/><E78/><V67/><F67/><W97/><G97/><T84/><D79/><U103/><E95/><V108/><F96/><W35/><AGARI ba="1,3" hai="4,10,13,27,31,35,37,40,44,46,48,55,132,135" machi="35" ten="30,2000,0" yaku="1,1,0,1,53,0" doraHai="33" doraHaiUra="60" who="3" fromWho="3" sc="255,-6,212,-6,278,-11,225,53" /><INIT seed="3,0,0,0,0,58" ten="249,206,267,278" oya="3" hai0="27,10,57,124,53,74,80,96,1,4,97,63,66" hai1="130,106,105,83,41,6,133,2,26,51,45,92,34" hai2="77,13,108,100,101,33,12,64,82,24,5,18,37" hai3="21,85,7,70,23,55,61,115,56,60,76,128,123"/><W71/><G115/><T32/><D124/><U93/><E130/><V42/><F108/><W20/><G123/><T122/><D122/><U102/><E133/><V125/><F125/><W68/><G128/><T75/><D80/><U50/><E83/><V25/><F5/><W99/><G7/><T127/><D127/><U62/><E6/><V69/><F37/><W39/><G39/><T84/><D84/><U14/><E14/><V73/><F42/><W86/><G76/><T46/><D46/><U109/><E2/><V22/><F12/><W91/><G99/><T67/><D97/><U31/><E109/><V94/><F94/><W15/><G15/><T65/><REACH who="0" step="1"/><D96/><REACH who="0" ten="239,206,267,278" step="2"/><U79/><E79/><V59/><F69/><W111/><G111/><T9/><D9/><U40/><E102/><V19/><F82/><W48/><G86/><T107/><D107/><U72/><E72/><V3/><F73/><W8/><G8/><T95/><D95/><U129/><E105/><V87/><F100/><W28/><REACH who="3" step="1"/><G28/><AGARI ba="0,1" hai="1,4,10,27,28,32,53,57,63,65,66,67,74,75" machi="28" ten="40,5200,0" yaku="1,1,52,1,53,1" doraHai="58" doraHaiUra="30" who="0" fromWho="3" sc="239,62,206,0,267,0,278,-52" owari="301,40.1,206,-29.4,267,6.7,226,-17.4" /></mjloggm>