<mjloggm ver="2.3"><GO type="225" lobby="0"/><UN n0="%E3%81%B5%E3%81%98%E3%81%8B%E3%81%A4" n1="%6E%69%63%6F%6E%74%6F" n2="%73%73%6B%5F%66%72%65%65" n3="%E3%81%BF%E3%81%BF%E3%81%9A" dan="17,16,16,18" rate="2207.05,2088.19,2105.55,2243.71" sx="M,M,M,M"/><TAIKYOKU oya="0"/><INIT seed="0,0,0,4,4,95" ten="250,250,250,250" oya="0" hai0="97,131,37,60,126,119,38,102,63,6,132,100,3" hai1="54,47,68,127,27,5,66,14,122,87,57,48,104" hai2="55,30,24,90,88,50,118,58,99,79,129,113,116" hai3="75,125,82,130,120,46,121,107,94,1,86,133,20"/><T83/><D119/><N who="2" m="45610" /><F113/><W93/><G1/><T45/><D126/><U56/><E122/><N who="3" m="47210" /><G125/><T124/><D124/><U108/><E104/><V21/><F129/><W73/><G20/><T84/><D131/><U96/><E127/><V64/><F64/><W69/><G130/><T23/><D132/><U34/><E108/><V40/><F40/><W114/><G69/><T13/><D102/><U91/><E68/><V103/><F79/><N who="3" m="46431" /><G46/><T65/><D3/><U109/><E109/><V41/><F41/><W11/><G11/><T115/><D115/><U128/><E128/><V17/><F17/><W117/><G114/><T32/><D32/><U106/><E34/><V18/><F18/><W33/><G33/><T19/><D6/><U16/><E27/><V111/><F111/><W12/><G12/><T70/><D63/><U22/><E5/><V15/><F15/><W7/><G7/><T71/><D45/><U98/><E106/><AGARI ba="0,0" hai="21,24,30,50,55,58,88,90,99,103,106" m="45610" machi="106" ten="30,3900,0" yaku="12,1,52,1,54,1" doraHai="95" who="2" fromWho="1" sc="250,0,250,-39,250,39,250,0" /><INIT seed="1,0,0,0,2,31" ten="250,211,289,250" oya="1" hai0="44,22,129,7,74,94,0,36,12,126,106,95,66" hai1="83,133,14,71,132,82,2,115,119,4,103,122,87" hai2="85,52,130,91,121,113,131,35,75,68,46,39,51" hai3="69,32,18,111,73,125,79,3,65,33,88,62,53"/><U49/><E115/><V11/><F121/><W114/><G114/><T120/><D106/><U100/><E119/><V84/><F75/><W30/><G30/><T108/><D74/><U45/><E122/><V1/><F113/><W105/><G105/><T97/><D66/><U28/><E71/><V43/><F68/><W58/><G111/><T80/><D120/><U47/><E28/><V15/><F35/><W104/><G104/><T17/><D80/><U20/><E2/><V41/><F1/><W110/><G110/><T63/><D108/><U59/><E59/><V98/><F98/><W42/><G125/><T55/><D126/><U107/><E107/><V5/><F85/><W81/><G3/><T67/><D129/><N who="2" m="49162" /><F39/><W13/><G42/><T57/><D97/><U38/><E38/><V116/><F116/><W78/><G78/><T135/><D135/><N who="1" m="51787" /><E83/><AGARI ba="0,0" hai="5,11,15,41,43,46,51,52,83,84,91" m="49162" machi="83" ten="30,2000,0" yaku="19,1,54,1" doraHai="31" who="2" fromWho="1" sc="250,0,211,-20,289,20,250,0" /><INIT seed="2,0,0,5,5,67" ten="250,191,309,250" oya="2" hai0="44,6,65,5,134,3,103,59,68,56,72,84,31" hai1="4,63,17,128,27,52,109,43,92,99,69,66,127" hai2="76,47,51,0,118,97,123,105,45,126,98,91,111" hai3="107,85,112,104,35,11,20,120,60,40,37,15,100"/><V129/><F118/><W88/><G120/><T75/><D134/><U29/><E109/><V108/><F123/><W82/><G35/><T124/><D124/><U125/><E128/><V12/><F129/><W13/><G112/><T24/><D44/><U28/><E4/><V23/><F0/><W83/><G100/><T115/><D103/><U39/><E39/><V71/><F76/><W95/><G37/><T101/><D101/><U22/><E43/><V122/><F105/><W55/><G40/><T50/><D115/><U26/><E127/><V54/><F71/><W114/><G114/><T41/><D68/><U21/><E125/><V113/><F113/><W36/><G36/><T18/><D18/><U79/><E79/><V106/><F106/><W94/><G107/><T116/><D116/><U42/><E42/><V73/><F73/><W7/><G104/><T14/><D14/><U96/><E92/><V33/><F33/><W117/><G95/><T77/><D3/><U48/><REACH who="1" step="1"/><E17/><REACH who="1" ten="250,181,309,250" step="2"/><N who="2" m="10663" /><F126/><W19/><G117/><T49/><D5/><U70/><E70/><V135/><BYE who="1" /><F122/><W86/><REACH who="3" step="1"/><G86/><REACH who="3" ten="250,181,309,240" step="2"/><T16/><D84/><U1/><E1/><V110/><F111/><W80/><G80/><T93/><D75/><U38/><E38/><V119/><F110/><W32/><G32/><T89/><D93/><U132/><E132/><V130/><F135/><W121/><G121/><T74/><D74/><U30/><E30/><V34/><F108/><W61/><G61/><T81/><D72/><U133/><E133/><V57/><F34/><W9/><G9/><T8/><D31/><RYUUKYOKU ba="0,2" sc="250,-15,181,15,309,-15,240,15" hai1="21,22,26,27,28,29,48,52,63,66,69,96,99" hai3="7,11,13,15,19,20,55,60,82,83,85,88,94" /><INIT seed="3,1,2,5,3,18" ten="235,196,294,255" oya="3" hai0="58,119,116,97,131,2,118,117,113,75,85,69,66" hai1="32,43,42,95,124,9,47,92,110,65,33,38,39" hai2="0,53,52,133,128,61,36,71,84,11,86,3,115" hai3="130,127,68,5,100,87,16,62,125,82,44,123,27"/><W40/><G123/><UN n1="%6E%69%63%6F%6E%74%6F" /><T48/><D2/><U129/><E110/><V102/><F115/><W37/><G5/><T91/><D75/><U8/><E65/><V135/><F36/><W60/><G100/><T24/><D113/><U55/><E55/><N who="2" m="21067" /><F102/><W134/><G130/><T21/><D131/><U19/><E129/><V74/><F74/><W98/><G98/><T45/><D69/><U77/><E19/><V90/><F86/><W94/><G94/><T83/><D97/><U56/><E56/><V80/><F11/><W46/><G46/><T41/><D119/><U111/><E111/><V59/><F71/><W70/><G134/><N who="2" m="51209" /><F128/><W10/><G70/><T7/><D7/><U15/><E15/><V31/><F31/><W17/><G68/><T28/><D117/><U112/><E112/><V14/><F14/><N who="3" m="7255" /><G27/><T101/><D101/><U23/><E47/><V72/><F72/><W96/><G96/><T4/><D4/><U88/><E77/><V35/><F35/><W13/><G13/><T57/><D57/><U122/><E122/><V107/><F107/><W78/><G17/><T26/><D26/><U20/><REACH who="1" step="1"/><E88/><REACH who="1" ten="235,186,294,255" step="2"/><V63/><F59/><W103/><G103/><T106/><D118/><U1/><E1/><AGARI ba="1,3" hai="0,1,3,61,63,80,84,90" m="51209,21067" machi="1" ten="30,2000,0" yaku="20,1,54,1" doraHai="18" who="2" fromWho="1" sc="235,0,186,-23,294,53,255,0" owari="235,-16.5,163,-33.7,347,44.7,255,5.5" /></mjloggm>