<mjloggm ver="2.3"><GO type="225" lobby="0"/><UN n0="%E7%89%B9%E6%9D%B1%E3%81%AF%E4%B8%96%E7%95%8C%E3%82%92%E6%95%91%E3%81%86" n1="%E3%81%AF%E3%82%88%E3%81%8A%E3%81%98%E3%81%95%E3%82%93" n2="%E3%81%BF%E3%81%BF%E3%81%9A" n3="%E3%83%A9%E3%83%BC%E3%83%A1%E3%83%B3%E4%BA%94%E9%83%8E" dan="16,17,18,16" rate="2169.11,2143.57,2223.73,2121.52" sx="M,M,M,M"/><TAIKYOKU oya="0"/><INIT seed="0,0,0,1,4,73" ten="250,250,250,250" oya="0" hai0="114,59,106,88,62,91,126,131,121,22,49,113,112" hai1="23,120,130,3,57,48,12,127,28,77,74,56,8" hai2="64,53,42,98,55,95,108,96,20,33,13,83,107" hai3="68,50,17,124,34,26,119,66,40,4,7,105,90"/><T16/><D121/><U19/><E120/><V103/><F33/><W36/><G119/><T37/><D37/><U115/><E127/><V9/><F108/><W134/><G124/><T5/><D126/><U47/><E130/><V30/><F42/><W15/><G36/><T65/><D131/><U87/><E74/><V76/><F64/><W31/><G134/><T70/><D106/><U111/><E115/><V54/><F20/><W51/><G105/><T123/><D5/><U135/><E111/><V118/><F30/><W84/><G68/><T29/><D29/><U63/><E135/><V81/><F118/><W2/><G66/><T38/><D38/><U102/><E102/><V41/><F41/><W69/><G69/><T27/><REACH who="0" step="1"/><D123/><REACH who="0" ten="240,250,250,250" step="2"/><U45/><E3/><V97/><F107/><W58/><G7/><T78/><D78/><U80/><E28/><V116/><F116/><W132/><G4/><T24/><D24/><U1/><E1/><V122/><F122/><W71/><G2/><T82/><D82/><N who="2" m="31242" /><F76/><W93/><G31/><T100/><D100/><U109/><E109/><V14/><F14/><W110/><G110/><T101/><D101/><U99/><E12/><V44/><F44/><W52/><G15/><T60/><D60/><U86/><E63/><V18/><AGARI ba="0,1" hai="9,13,18,53,54,55,95,96,97,98,103" m="31242" machi="18" ten="30,1100,0" yaku="8,1" doraHai="73" who="2" fromWho="2" sc="240,-5,250,-3,250,21,250,-3" /><INIT seed="1,0,0,2,2,19" ten="235,247,271,247" oya="1" hai0="92,108,48,24,99,26,105,73,34,86,12,131,75" hai1="101,74,57,68,22,114,122,123,111,132,9,43,62" hai2="127,50,112,83,77,96,124,15,89,27,47,81,7" hai3="23,30,64,110,29,115,109,107,84,76,56,128,0"/><U37/><E74/><V17/><F112/><W120/><G115/><T46/><D108/><N who="3" m="41577" /><G120/><T135/><D131/><U52/><E114/><V5/><F96/><W41/><G128/><T70/><D70/><U28/><E111/><V31/><F89/><W129/><G129/><T93/><D135/><U39/><E101/><V133/><F133/><W95/><G107/><T125/><D125/><N who="2" m="48202" /><F17/><W3/><G41/><T18/><D105/><U59/><E132/><V119/><F119/><W117/><G117/><T61/><D93/><U100/><E100/><V21/><F15/><W35/><G35/><T116/><D99/><U14/><E68/><V54/><F83/><N who="3" m="47207" /><G95/><T4/><D92/><U60/><E43/><V88/><F88/><W49/><G30/><T55/><D116/><U90/><E90/><V118/><F118/><W91/><G91/><T53/><D18/><N who="1" m="8527" /><E123/><V25/><F27/><N who="3" m="16639" /><G64/><T113/><D113/><U97/><E97/><V36/><F36/><W13/><G13/><T98/><D12/><U85/><E85/><AGARI ba="0,0" hai="5,7,21,25,31,47,50,54,77,81,85" m="48202" machi="85" ten="30,2000,0" yaku="18,1,52,1" doraHai="19" who="2" fromWho="1" sc="235,0,247,-20,271,20,247,0" /><INIT seed="2,0,0,1,2,45" ten="235,227,291,247" oya="2" hai0="123,43,74,36,9,89,111,84,57,126,101,26,61" hai1="20,66,109,90,33,23,56,121,97,86,10,65,52" hai2="27,44,80,32,107,5,68,59,25,78,110,42,14" hai3="11,118,38,4,79,104,21,112,39,37,91,22,55"/><V64/><F107/><W3/><G118/><T69/><D123/><U108/><E33/><V51/><F110/><N who="1" m="42601" /><E97/><V94/><F94/><W85/><G104/><T87/><D111/><U129/><E10/><N who="2" m="4431" /><F68/><W49/><G79/><T63/><D9/><U125/><E125/><V77/><F32/><W1/><G1/><T48/><D87/><U18/><E129/><V35/><F35/><W16/><G112/><T114/><D84/><U8/><E8/><V60/><F80/><W120/><G120/><T47/><D114/><U102/><E102/><V130/><F130/><W73/><G73/><T95/><D101/><U50/><E121/><V34/><F34/><W71/><G71/><T127/><D74/><U53/><E53/><V46/><F44/><W119/><G119/><T6/><D127/><U133/><E133/><V70/><F70/><W40/><G40/><T15/><D126/><U82/><E20/><V62/><F60/><W128/><G128/><T0/><D61/><U75/><E75/><V113/><F113/><W30/><G30/><T41/><D63/><U7/><E7/><V29/><F29/><W13/><G22/><T88/><D41/><U105/><E105/><V98/><F98/><W93/><G38/><T132/><D43/><U96/><E96/><V103/><F103/><W58/><AGARI ba="0,0" hai="3,4,11,13,16,21,37,39,49,55,58,85,91,93" machi="58" ten="20,12000,2" yaku="0,1,7,1,25,2,52,1,54,1" doraHai="45" who="3" fromWho="3" sc="235,-30,227,-30,291,-60,247,120" /><INIT seed="3,0,0,0,4,51" ten="205,197,231,367" oya="3" hai0="90,93,119,4,61,112,26,122,48,0,66,126,96" hai1="69,86,25,15,87,11,100,71,89,98,31,23,54" hai2="94,120,123,12,88,83,33,103,30,63,7,24,133" hai3="99,116,17,80,13,62,108,43,2,102,113,37,32"/><W73/><G32/><T68/><D119/><U34/><E34/><V129/><F133/><W78/><G108/><T81/><D122/><N who="2" m="46634" /><F129/><W72/><G72/><T19/><D126/><U36/><E36/><V56/><F103/><W74/><G74/><T41/><D112/><U49/><E89/><V106/><F83/><W118/><G2/><T95/><D4/><U97/><E69/><V52/><F106/><W47/><G113/><T76/><D0/><U39/><E39/><V44/><F44/><W42/><G62/><T10/><D93/><N who="1" m="58415" /><E98/><N who="2" m="57671" /><F12/><W64/><G13/><T127/><D127/><U55/><E71/><V3/><F7/><W5/><G5/><T135/><D81/><U28/><E31/><V18/><F18/><W124/><G17/><T58/><D76/><U9/><E54/><V45/><F45/><W6/><G47/><N who="0" m="25711" /><D135/><U53/><E55/><V50/><F50/><W105/><G124/><T67/><D68/><U104/><E104/><V128/><F128/><W101/><G118/><T16/><D67/><U114/><E114/><V115/><F115/><W107/><G64/><T38/><D38/><U70/><E70/><V110/><F110/><W22/><G37/><T60/><D60/><U121/><E121/><V117/><F117/><W109/><G116/><T65/><D65/><U77/><E77/><V111/><F111/><W57/><G109/><T20/><D19/><N who="1" m="8687" /><E11/><AGARI ba="0,0" hai="10,11,16,20,26,58,61,66,90,95,96" m="25711" machi="11" ten="30,2000,0" yaku="8,1,54,1" doraHai="51" who="0" fromWho="1" sc="205,20,197,-20,231,0,367,0" owari="225,-17.5,177,-32.3,231,3.1,367,46.7" /></mjloggm>