<mjloggm ver="2.3"><GO type="225" lobby="0"/><UN n0="%6E%69%63%6F%6E%74%6F" n1="%E3%81%93%E3%81%91%E6%A4%8D%E7%89%A9" n2="%77%72%77%72%77%72%77%72" n3="%E7%89%B9%E6%9D%B1%E3%81%AF%E4%B8%96%E7%95%8C%E3%82%92%E6%95%91%E3%81%86" dan="16,17,17,16" rate="2139.10,2127.92,2231.02,2133.68" sx="M,M,M,M"/><TAIKYOKU oya="0"/><INIT seed="0,0,0,3,2,56" ten="250,250,250,250" oya="0" hai0="106,115,99,46,66,82,64,118,50,35,29,96,20" hai1="78,95,48,135,9,112,126,61,13,17,81,12,41" hai2="92,28,130,5,22,91,71,34,45,0,102,83,104" hai3="93,100,27,114,37,75,88,59,21,16,73,85,84"/><T15/><D115/><U18/><E126/><V74/><F71/><W8/><G114/><T31/><D118/><U39/><E39/><V116/><F34/><W94/><G37/><T2/><D2/><U52/><E135/><V7/><F0/><W87/><G8/><T131/><D131/><U86/><E112/><V43/><F130/><W108/><G108/><T68/><D68/><U107/><E107/><V77/><F116/><W63/><G100/><T123/><D123/><U10/><E95/><V25/><F102/><W72/><REACH who="3" step="1"/><G93/><REACH who="3" ten="250,250,250,240" step="2"/><T122/><D122/><U67/><E41/><V117/><F104/><W134/><G134/><T103/><D103/><U6/><E6/><V40/><F117/><W44/><G44/><T70/><D106/><U38/><E38/><V120/><F120/><W57/><G57/><T33/><D70/><U55/><E48/><V19/><F40/><W60/><G60/><T69/><D69/><AGARI ba="0,1" hai="9,10,12,13,17,18,52,55,61,67,69,78,81,86" machi="69" ten="30,7700,0" yaku="7,1,9,1,52,1,54,1" doraHai="56" who="1" fromWho="0" sc="250,-77,250,87,250,0,240,0" /><INIT seed="1,0,0,1,4,3" ten="173,337,250,240" oya="1" hai0="67,88,103,110,86,7,80,81,93,135,97,9,69" hai1="39,126,19,109,24,32,94,55,107,37,64,73,65" hai2="43,113,57,114,95,84,79,29,23,17,25,77,71" hai3="124,44,76,117,16,133,14,115,83,131,0,127,11"/><U119/><E107/><V104/><F104/><W38/><G115/><N who="2" m="44041" /><F71/><W51/><G117/><T13/><D110/><U92/><E73/><V120/><F120/><W2/><G38/><T100/><D135/><U18/><E55/><V50/><F43/><W89/><G133/><T99/><D69/><U123/><E24/><V70/><F70/><W1/><G131/><T98/><D67/><U108/><E32/><V35/><F95/><W132/><G132/><T82/><AGARI ba="0,0" hai="7,9,13,80,81,82,86,88,93,97,98,99,100,103" machi="82" ten="30,7900,0" yaku="0,1,8,1,52,1,54,1" doraHai="3" who="0" fromWho="0" sc="173,79,337,-39,250,-20,240,-20" /><INIT seed="2,0,0,2,0,91" ten="252,298,230,220" oya="2" hai0="12,118,40,61,55,116,17,42,131,87,35,126,92" hai1="96,76,97,74,84,135,62,70,102,8,75,3,9" hai2="16,18,52,129,33,25,101,120,44,117,21,56,13" hai3="53,4,34,134,58,85,123,30,73,2,38,99,103"/><V45/><F117/><N who="0" m="45162" /><D131/><U88/><E135/><V69/><F120/><W71/><G123/><T0/><D0/><U106/><E97/><V14/><F129/><W51/><G73/><T19/><D35/><U57/><E70/><V132/><F132/><W94/><G134/><T65/><D55/><U122/><E122/><V72/><F72/><W49/><G38/><T50/><D50/><U78/><E75/><V127/><F69/><W115/><G71/><N who="0" m="42415" /><D126/><U86/><E86/><V107/><F127/><W133/><G133/><T125/><D125/><U63/><E63/><V31/><F101/><W23/><G34/><T1/><D1/><U124/><E124/><V105/><F105/><W93/><G115/><T20/><D19/><U37/><E37/><V128/><F107/><W112/><G112/><T10/><D10/><U113/><E113/><V5/><F5/><W39/><G39/><T67/><D67/><U66/><E3/><V68/><F68/><W119/><G119/><T79/><D79/><U109/><E109/><V110/><F110/><W77/><G2/><T89/><AGARI ba="0,0" hai="12,17,20,40,42,87,89,92" m="42415,45162" machi="89" ten="30,2000,0" yaku="12,1,52,1" doraHai="91" who="0" fromWho="0" sc="252,20,298,-5,230,-10,220,-5" /><INIT seed="3,0,0,4,3,98" ten="272,293,220,215" oya="3" hai0="39,34,49,45,133,19,129,74,62,29,108,68,12" hai1="0,22,50,55,134,17,102,126,10,132,16,101,106" hai2="53,72,67,104,37,113,120,20,51,21,47,109,75" hai3="14,107,86,8,38,131,52,80,35,60,103,77,15"/><W6/><G131/><T27/><D74/><U11/><E106/><V33/><F113/><W118/><G118/><T1/><D129/><U40/><E126/><V83/><F33/><W96/><G35/><T24/><D133/><N who="1" m="51307" /><E40/><V3/><F3/><W81/><G38/><T115/><D108/><U43/><E43/><V128/><F104/><W58/><REACH who="3" step="1"/><G81/><REACH who="3" ten="272,293,220,205" step="2"/><T61/><D39/><U127/><E127/><V36/><F128/><W2/><AGARI ba="0,1" hai="2,6,8,14,15,52,58,60,77,80,86,96,103,107" machi="2" ten="20,18000,2" yaku="1,1,2,1,0,1,7,1,52,1,54,1,53,1" doraHai="98" doraHaiUra="82" who="3" fromWho="3" sc="272,-60,293,-60,220,-60,205,190" owari="212,-18.8,233,3.3,160,-34.0,395,49.5" /></mjloggm>