<mjloggm ver="2.3"><GO type="225" lobby="0"/><UN n0="%E5%B8%86%E7%AB%8B%E5%A4%8F%E8%A1%A3" n1="%33%74%72%65%65" n2="%E3%83%97%E3%83%AC%E3%83%B4%E3%82%A1%E3%83%86%E3%82%A3" n3="%E7%A7%8B%E6%9C%88%E7%9C%9F%E7%90%86%E4%BA%9E" dan="16,16,16,16" rate="2111.43,2143.87,2165.79,2134.12" sx="M,F,F,M"/><TAIKYOKU oya="0"/><INIT seed="0,0,0,2,5,0" ten="250,250,250,250" oya="0" hai0="5,102,34,95,107,33,92,85,44,3,51,19,82" hai1="56,2,101,46,48,90,98,124,116,47,23,131,59" hai2="86,8,97,132,105,68,61,103,119,74,78,80,125" hai3="65,11,7,1,111,108,63,60,70,112,93,134,113"/><T16/><D107/><U77/><E116/><V79/><F119/><W54/><G134/><T127/><D127/><U26/><E124/><V81/><F125/><W45/><G93/><N who="0" m="35915" /><D3/><U106/><E90/><V109/><F132/><W25/><G25/><T100/><D34/><U135/><E135/><V43/><F43/><W99/><G99/><T120/><D33/><U88/><E77/><V14/><F109/><N who="3" m="42059" /><G45/><T64/><D64/><U50/><E88/><V76/><F68/><W35/><G35/><T62/><D62/><U41/><E2/><V110/><F61/><W87/><G87/><T21/><D5/><U96/><E96/><V24/><F24/><W91/><G91/><N who="0" m="51639" /><D120/><U118/><E118/><V117/><F110/><W36/><G36/><T12/><D19/><U104/><E104/><V18/><F117/><W133/><G133/><T55/><AGARI ba="0,0" hai="12,16,21,44,51,55,100,102" m="51639,35915" machi="55" ten="30,3000,0" yaku="8,1,54,1" doraHai="0" who="0" fromWho="0" sc="250,30,250,-10,250,-10,250,-10" /><INIT seed="0,1,0,0,0,121" ten="280,240,240,240" oya="0" hai0="16,103,69,70,99,0,56,68,9,20,117,122,65" hai1="82,67,129,125,132,12,110,134,54,105,124,62,80" hai2="128,92,59,94,83,45,1,75,104,40,133,44,21" hai3="38,15,3,73,17,74,135,112,35,34,49,26,107"/><T96/><D117/><U108/><E105/><V4/><F104/><W51/><G112/><T61/><D122/><U13/><E54/><V48/><F128/><W118/><G118/><T57/><D57/><U50/><E50/><V81/><F133/><N who="1" m="51305" /><E129/><V116/><F116/><W18/><G3/><T72/><D72/><U25/><E25/><V101/><F21/><W63/><G107/><T32/><D32/><U22/><E80/><V106/><F59/><W14/><G135/><T76/><D76/><U97/><E97/><V8/><F106/><W114/><G26/><T19/><D103/><U33/><E82/><V85/><F101/><W87/><G87/><T53/><D53/><U24/><E33/><V55/><F83/><W98/><G63/><T119/><D119/><U2/><E2/><V10/><F10/><W64/><G114/><T126/><D126/><N who="1" m="48747" /><E12/><V66/><F66/><W100/><G100/><T113/><D113/><U77/><E13/><V60/><F60/><W47/><G64/><T27/><REACH who="0" step="1"/><D19/><REACH who="0" ten="270,240,240,240" step="2"/><N who="1" m="12383" /><E77/><V71/><F71/><AGARI ba="1,1" hai="62,67,71,108,110" m="12383,48747,51305" machi="71" ten="30,7700,0" yaku="20,1,18,1,52,2" doraHai="121" who="1" fromWho="2" sc="270,0,240,90,240,-80,240,0" /><INIT seed="1,0,0,4,5,5" ten="270,330,160,240" oya="1" hai0="56,25,6,119,9,36,64,20,99,107,127,15,23" hai1="61,51,62,49,13,52,121,31,101,76,80,129,73" hai2="43,7,71,30,75,50,91,47,74,28,98,16,29" hai3="116,45,3,123,33,102,48,63,108,89,131,35,66"/><U124/><E121/><V104/><F71/><W126/><G123/><T53/><D127/><U8/><E124/><V86/><F7/><W85/><G126/><T113/><D113/><U130/><E31/><V133/><F133/><W94/><G108/><T120/><D120/><U2/><E2/><V40/><F40/><W60/><G131/><N who="1" m="50186" /><E49/><V106/><F16/><W70/><G3/><T37/><D119/><U14/><E14/><V65/><F65/><W105/><G116/><T134/><D64/><U118/><E101/><V59/><F59/><W87/><G60/><T135/><D23/><U100/><E100/><V97/><F97/><W57/><G70/><T17/><D107/><U122/><E122/><V109/><F109/><W4/><G4/><T82/><D99/><U125/><E125/><V24/><F24/><W84/><G102/><T46/><D46/><N who="1" m="27767" /><E118/><V128/><F98/><W18/><G105/><T41/><D41/><U55/><E55/><V11/><F128/><W88/><G35/><T44/><D44/><U10/><E13/><V96/><F106/><W132/><G33/><T12/><D12/><U27/><E27/><V115/><F115/><W72/><G45/><T19/><D6/><U21/><E21/><V0/><F104/><W95/><G48/><N who="0" m="30759" /><D135/><U83/><E83/><N who="2" m="49631" /><F96/><N who="3" m="57415" /><G132/><T103/><D134/><U42/><E42/><V81/><F81/><W22/><G72/><N who="2" m="27689" /><F0/><W58/><G58/><T110/><D110/><U69/><E69/><V1/><F1/><W39/><G39/><N who="0" m="14923" /><D103/><U34/><E34/><V112/><F112/><W26/><AGARI ba="0,0" hai="18,22,26,57,63,66,84,85,87,89,95" m="57415" machi="26" ten="30,2000,0" yaku="8,1,54,1" doraHai="5" who="3" fromWho="3" sc="270,-5,330,-10,160,-5,240,20" /><INIT seed="2,0,0,3,4,4" ten="265,320,155,260" oya="2" hai0="130,114,124,82,70,69,86,38,77,16,40,122,74" hai1="61,109,100,115,19,89,127,94,118,67,62,71,59" hai2="60,18,102,99,28,27,68,12,126,7,80,13,132" hai3="119,121,78,112,44,125,93,101,8,103,131,21,14"/><V135/><F126/><W34/><G119/><T113/><D122/><U51/><E115/><N who="0" m="44041" /><D86/><U0/><E118/><V105/><F80/><W85/><G34/><T90/><D90/><U33/><E109/><V48/><F48/><W45/><G121/><T11/><D16/><U47/><E127/><V50/><F50/><W22/><G131/><T128/><D124/><U43/><E33/><N who="2" m="20639" /><F7/><N who="3" m="3359" /><G112/><T6/><D130/><U52/><E19/><V107/><F107/><W111/><G111/><T64/><D64/><U25/><E25/><V20/><F12/><W83/><G125/><T23/><D23/><N who="3" m="8713" /><G103/><T9/><D9/><U63/><E100/><V120/><F120/><W2/><G2/><N who="0" m="471" /><D128/><U36/><E0/><V81/><F81/><W91/><G101/><T15/><D15/><U79/><E79/><V73/><F73/><W10/><G10/><T5/><D5/><U87/><AGARI ba="0,0" hai="36,43,47,51,52,59,61,62,63,67,71,87,89,94" machi="87" ten="20,8000,1" yaku="0,1,7,1,24,2,54,1" doraHai="4" who="1" fromWho="1" sc="265,-20,320,80,155,-40,260,-20" /><INIT seed="3,0,0,3,2,119" ten="245,400,115,240" oya="3" hai0="61,71,32,116,123,33,77,87,82,132,97,28,3" hai1="56,44,21,79,51,52,131,14,63,73,34,54,118" hai2="85,101,102,5,125,40,88,83,133,1,105,72,31" hai3="117,59,29,17,74,96,86,130,12,45,126,98,80"/><W110/><G117/><T76/><D123/><U4/><E118/><V99/><F31/><W94/><G74/><T8/><D116/><U106/><E34/><V90/><F40/><W11/><G130/><T37/><D132/><U115/><E131/><V62/><F1/><W100/><G126/><T127/><D127/><U55/><E106/><V9/><F9/><W69/><G69/><T112/><D37/><U122/><E122/><V107/><F5/><W113/><G113/><T114/><D77/><U16/><E4/><V121/><F62/><W43/><G110/><T20/><D97/><U128/><E115/><N who="0" m="44073" /><D8/><U67/><E128/><V26/><F26/><W93/><G59/><T78/><D78/><U111/><E111/><V57/><F57/><W95/><G29/><T108/><D3/><U36/><E36/><V47/><F47/><W30/><G30/><T15/><D108/><U7/><E7/><V120/><F125/><W19/><G19/><N who="0" m="10367" /><D28/><U23/><E23/><V0/><F0/><W104/><G98/><T89/><D76/><U92/><E92/><V58/><F133/><W25/><G25/><T49/><D49/><U2/><E2/><V10/><F10/><W46/><G43/><T38/><D38/><U109/><E109/><V91/><F58/><W75/><G75/><T39/><D39/><U84/><E73/><V64/><F64/><AGARI ba="0,0" hai="32,33,61,64,71,82,87,89" m="10367,44073" machi="64" ten="30,1000,0" yaku="11,1" doraHai="119" who="0" fromWho="2" sc="245,10,400,0,115,-10,240,0" owari="255,5.5,400,50.0,105,-39.5,240,-16.0" /></mjloggm>