<mjloggm ver="2.3"><GO type="225" lobby="0"/><UN n0="%E6%9D%B1%E9%A2%A8%E3%81%AE%E3%81%8D%E3%82%83%E3%81%B7%E3%81%95%E3%82%93" n1="%65%6B%61%72%75%74%65" n2="%E3%81%B5%E3%81%98%E3%81%8B%E3%81%A4" n3="%E6%A1%9C%E8%8A%B1%E9%96%83%E3%80%85" dan="17,16,17,16" rate="2201.09,2157.86,2214.45,2209.64" sx="M,M,M,M"/><TAIKYOKU oya="0"/><INIT seed="0,0,0,2,0,134" ten="250,250,250,250" oya="0" hai0="50,8,133,33,128,91,60,64,103,2,104,73,71" hai1="12,29,89,63,100,87,34,66,92,106,114,20,59" hai2="31,120,32,17,36,81,6,85,131,82,79,52,121" hai3="95,78,55,10,23,39,80,24,19,77,72,83,16"/><T115/><D73/><U119/><E119/><V38/><F131/><W105/><G105/><T43/><D133/><U3/><E114/><V97/><F6/><W37/><G95/><T49/><D115/><U4/><E106/><V13/><F97/><W98/><G98/><T0/><D128/><U41/><E41/><V122/><F82/><W47/><G55/><T67/><D67/><U45/><E45/><V110/><F110/><W88/><G47/><T44/><D33/><U7/><E3/><V117/><F117/><W54/><G54/><T101/><D101/><U135/><E135/><V84/><F84/><W86/><REACH who="3" step="1"/><G78/><REACH who="3" ten="250,250,250,240" step="2"/><T70/><D104/><U53/><E53/><V75/><F52/><W26/><G26/><T58/><D44/><U9/><E100/><V94/><F94/><W125/><G125/><T126/><D103/><U25/><REACH who="1" step="1"/><E34/><REACH who="1" ten="250,240,250,240" step="2"/><V96/><F32/><W127/><G127/><T76/><D126/><U21/><E21/><V102/><F102/><W62/><G62/><T124/><D60/><U113/><E113/><V74/><F121/><W93/><G93/><T65/><D124/><U108/><E108/><V35/><F122/><W99/><G99/><T22/><D22/><U51/><E51/><V5/><F96/><W48/><G48/><T15/><D49/><U11/><E11/><N who="2" m="6335" /><F120/><W56/><G56/><T109/><D50/><U40/><E40/><V111/><F111/><W42/><G42/><T14/><D43/><U112/><E112/><V130/><F130/><W132/><G132/><T69/><D109/><U1/><E1/><V116/><F116/><RYUUKYOKU ba="0,2" sc="250,-15,240,15,250,-15,240,15" hai1="4,7,9,12,20,25,29,59,63,66,87,89,92" hai3="10,16,19,23,24,37,39,72,77,80,83,86,88" /><INIT seed="1,1,2,4,3,119" ten="235,255,235,255" oya="1" hai0="121,127,89,50,117,108,0,64,76,62,81,38,58" hai1="79,37,6,72,63,105,112,26,54,118,39,83,48" hai2="115,70,98,107,44,126,104,10,122,33,85,4,84" hai3="40,73,18,8,13,123,16,66,101,103,1,120,57"/><U61/><E112/><V106/><F70/><W27/><G73/><T35/><D35/><U15/><E118/><V55/><F33/><W49/><G1/><T12/><D0/><U91/><E105/><V29/><F115/><W11/><G27/><T5/><D127/><U23/><E91/><V20/><F126/><W102/><G40/><T135/><D135/><U42/><E15/><V90/><F98/><W56/><G49/><T46/><D38/><U9/><E39/><V31/><F122/><W3/><G57/><T32/><D32/><U74/><E74/><V25/><F29/><W77/><G77/><T130/><D130/><U41/><E37/><V95/><F85/><W2/><G2/><T28/><D28/><U109/><E42/><V124/><F124/><W52/><G52/><N who="0" m="29783" /><D117/><U134/><E41/><V100/><F55/><W88/><G88/><T53/><D108/><U51/><E51/><V99/><F44/><W71/><G71/><T24/><D24/><U87/><E72/><V45/><F45/><W131/><G131/><T94/><D64/><U19/><E134/><V80/><F107/><W82/><G82/><T78/><D81/><U114/><E114/><V116/><F116/><W68/><G68/><T93/><D93/><U67/><E67/><V21/><F21/><W14/><G3/><AGARI ba="1,2" hai="3,4,10,20,25,31,80,84,90,95,99,100,104,106" machi="3" ten="30,1000,0" yaku="7,1" doraHai="119" who="2" fromWho="3" sc="235,0,255,0,235,33,255,-13" /><INIT seed="2,0,0,1,5,95" ten="235,255,268,242" oya="2" hai0="92,100,106,31,16,54,19,11,116,132,96,24,25" hai1="83,74,26,76,10,70,68,111,61,131,21,78,104" hai2="49,36,98,87,18,53,23,67,2,12,55,80,86" hai3="33,128,17,51,91,105,28,35,38,114,72,134,62"/><V130/><F36/><W125/><G38/><T119/><D132/><U123/><E111/><V135/><F2/><W22/><G72/><T59/><D106/><U1/><E131/><V121/><F135/><W40/><G134/><T110/><D110/><U84/><E123/><V0/><F0/><W63/><G128/><T66/><D66/><U8/><E104/><V133/><F133/><W75/><G75/><T85/><D85/><U5/><E10/><V34/><F34/><W101/><G125/><T94/><D94/><U77/><E74/><V4/><F4/><W60/><G91/><T44/><D44/><U90/><REACH who="1" step="1"/><E61/><REACH who="1" ten="235,245,268,242" step="2"/><V39/><F121/><W79/><G62/><N who="0" m="36215" /><D11/><U56/><E56/><V20/><F130/><W45/><G105/><T81/><D81/><U102/><E102/><V37/><F80/><W120/><G101/><T41/><D41/><U122/><E122/><V107/><F107/><W113/><G120/><T65/><D65/><U108/><E108/><V71/><F67/><W42/><G42/><T47/><D47/><U43/><E43/><V99/><F71/><W50/><G40/><T46/><D46/><U88/><E88/><V124/><F39/><W48/><G45/><T129/><D129/><U112/><E112/><V126/><F37/><W7/><G113/><T32/><D24/><U14/><E14/><V82/><F82/><W73/><G114/><T89/><D100/><U118/><E118/><AGARI ba="0,1" hai="16,19,25,31,32,89,92,96,116,118,119" m="36215" machi="118" ten="30,3900,0" yaku="12,1,52,1,54,1" doraHai="95" who="0" fromWho="1" sc="235,49,245,-39,268,0,242,0" /><INIT seed="3,0,0,5,5,59" ten="284,206,268,242" oya="3" hai0="4,69,32,121,6,102,35,8,126,20,2,24,112" hai1="53,104,84,16,115,83,72,7,109,22,49,117,79" hai2="94,118,14,82,60,19,107,39,105,27,0,111,5" hai3="108,51,128,17,132,73,92,44,11,133,33,43,30"/><W113/><G113/><T42/><D69/><U88/><E109/><V90/><F39/><W21/><G73/><T61/><D42/><U62/><E115/><V110/><F82/><W70/><G128/><T40/><D112/><U50/><E104/><V65/><F27/><N who="3" m="18655" /><G70/><T66/><D121/><U116/><E7/><V78/><F5/><W67/><G67/><T85/><D126/><U47/><E50/><V74/><F78/><W64/><G64/><T131/><D6/><U89/><E62/><V31/><F31/><W97/><G11/><T13/><D2/><U1/><E1/><V134/><F74/><W3/><G3/><T23/><D23/><U56/><E47/><V52/><F0/><W76/><G76/><T58/><D40/><U48/><E48/><V98/><F65/><W122/><G122/><T15/><D15/><U9/><E9/><N who="2" m="6607" /><F105/><W34/><G34/><T101/><D131/><U106/><E106/><V130/><F118/><N who="1" m="45673" /><E72/><V93/><F107/><W119/><G119/><T120/><D120/><U77/><E77/><V81/><F130/><W129/><G129/><T29/><D35/><U12/><AGARI ba="0,0" hai="12,16,22,49,53,56,79,83,84,88,89" m="45673" machi="12" ten="30,4000,0" yaku="12,1,54,2" doraHai="59" who="1" fromWho="1" sc="284,-10,206,40,268,-10,242,-20" /><INIT seed="4,0,0,2,4,62" ten="274,246,258,222" oya="0" hai0="5,43,38,56,81,101,2,53,57,121,12,87,83" hai1="61,113,55,78,50,44,123,112,122,71,102,105,127" hai2="42,91,10,115,75,94,52,20,29,72,98,118,106" hai3="125,60,104,130,77,45,76,133,80,58,18,1,41"/><T7/><D121/><N who="1" m="46091" /><E78/><V31/><F42/><W129/><G133/><T49/><D2/><U35/><E102/><V126/><F106/><W89/><G1/><T114/><D114/><N who="1" m="44139" /><E35/><V90/><F115/><W3/><G3/><T86/><D101/><U73/><E73/><V11/><F126/><W111/><G111/><T33/><D33/><U117/><E105/><V100/><F118/><W95/><G104/><T68/><D68/><U128/><E127/><V103/><F20/><W99/><G18/><T23/><D38/><U66/><E128/><N who="3" m="49258" /><G80/><T47/><D81/><U69/><E69/><V131/><F131/><W25/><G25/><T93/><D93/><U108/><E108/><V34/><F94/><W39/><G125/><T24/><D12/><U67/><E67/><AGARI ba="0,0" hai="39,41,45,58,60,67,76,77,89,95,99" m="49258" machi="67" ten="30,2000,0" yaku="19,1,52,1" doraHai="62" who="3" fromWho="1" sc="274,0,246,-20,258,0,222,20" /><INIT seed="5,0,0,1,3,72" ten="274,226,258,242" oya="1" hai0="80,134,6,45,106,19,99,49,71,129,107,86,66" hai1="67,82,125,44,135,7,18,119,28,105,47,128,95" hai2="68,30,22,15,132,116,93,38,110,17,36,37,70" hai3="4,54,10,0,55,118,9,77,14,74,2,1,122"/><U81/><E119/><V58/><F116/><W63/><G122/><T32/><D6/><U11/><E105/><V103/><F110/><W52/><G118/><T8/><D32/><U108/><E125/><V27/><F132/><W126/><G126/><T94/><D134/><U111/><E135/><V57/><F103/><W79/><G74/><T26/><D129/><U39/><E128/><V42/><F42/><W53/><N who="3" m="13312" /><DORA hai="51" /><W31/><G31/><T124/><D124/><U33/><E67/><V59/><REACH who="2" step="1"/><F93/><REACH who="2" ten="274,226,248,242" step="2"/><W16/><REACH who="3" step="1"/><G63/><REACH who="3" ten="274,226,248,232" step="2"/><N who="0" m="40415" /><D107/><U127/><E127/><V75/><F75/><W112/><G112/><T5/><D106/><U133/><E133/><V101/><F101/><W12/><AGARI ba="0,2" hai="0,1,2,4,9,10,12,14,16,77,79" m="13312" machi="12" ten="50,16000,3" yaku="1,1,0,1,52,6,54,2,53,0" doraHai="72,51" doraHaiUra="78,46" who="3" fromWho="3" sc="274,-40,226,-80,248,-40,232,180" owari="234,3.4,146,-35.4,208,-19.2,412,51.2" /></mjloggm>