<mjloggm ver="2.3"><GO type="225" lobby="0"/><UN n0="%E8%80%81%E6%A5%BD" n1="%6E%69%63%6B%6C%6F%77" n2="%E3%81%BF%E3%81%BF%E3%81%9A" n3="%E7%89%B9%E6%9D%B1%E3%81%AF%E4%B8%96%E7%95%8C%E3%82%92%E6%95%91%E3%81%86" dan="16,16,17,16" rate="2098.30,2092.90,2188.96,2115.64" sx="M,F,M,M"/><TAIKYOKU oya="0"/><INIT seed="0,0,0,4,3,102" ten="250,250,250,250" oya="0" hai0="53,50,18,109,70,128,82,22,37,32,52,63,91" hai1="124,41,97,127,34,98,122,14,115,43,59,23,74" hai2="57,111,7,65,125,38,95,6,114,4,9,104,78" hai3="49,135,16,54,17,81,0,51,90,56,96,130,35"/><T72/><D37/><U33/><E74/><V113/><F38/><W85/><G130/><T77/><D32/><U89/><E122/><V44/><F44/><W100/><G135/><T2/><D2/><U84/><E59/><V116/><F9/><W67/><G0/><T123/><D123/><U118/><E118/><V58/><F116/><W46/><G35/><T107/><D128/><U36/><E36/><V13/><F13/><W3/><G3/><T75/><D109/><U112/><E14/><V131/><F131/><W103/><G103/><T92/><D75/><U26/><E84/><V88/><F78/><W39/><G39/><T83/><D83/><U99/><E89/><V5/><F5/><W12/><G12/><T68/><D107/><U108/><E108/><V93/><F104/><W55/><REACH who="3" step="1"/><G67/><REACH who="3" ten="250,250,250,240" step="2"/><T66/><D70/><U101/><E101/><V80/><F111/><W69/><G69/><T27/><REACH who="0" step="1"/><D50/><REACH who="0" ten="240,250,250,240" step="2"/><U42/><E34/><V87/><F113/><N who="1" m="43593" /><E33/><V29/><F114/><W25/><G25/><T73/><D73/><U79/><E79/><V28/><F65/><W129/><G129/><T134/><D134/><U133/><E133/><V20/><F80/><W76/><G76/><T8/><D8/><U30/><AGARI ba="0,2" hai="23,26,30,41,42,43,97,98,99,124,127" m="43593" machi="30" ten="40,1500,0" yaku="11,1" doraHai="102" who="1" fromWho="1" sc="240,-7,250,35,250,-4,240,-4" /><INIT seed="1,0,0,4,5,81" ten="233,285,246,236" oya="1" hai0="30,129,47,96,84,23,108,79,10,115,103,20,51" hai1="50,86,116,42,37,52,48,127,26,64,31,0,22" hai2="112,4,121,44,77,40,62,133,125,90,61,89,131" hai3="57,109,107,122,28,9,63,54,68,99,56,73,58"/><U114/><E114/><V134/><F121/><W60/><G122/><T6/><D115/><U93/><E116/><V113/><F125/><W1/><G73/><T130/><D108/><U27/><E37/><V78/><F4/><W111/><G28/><T92/><D129/><U82/><E127/><V14/><F44/><W3/><G68/><T106/><D130/><U76/><E0/><N who="3" m="74" /><G9/><T69/><D69/><U70/><E70/><V53/><F131/><W135/><G135/><T102/><D30/><U13/><E64/><V2/><F2/><W41/><G41/><N who="0" m="25071" /><D103/><U132/><E132/><V7/><F7/><W39/><G39/><T29/><D29/><U38/><E38/><V75/><F14/><W36/><G36/><T83/><D106/><U97/><E48/><V16/><F53/><W117/><G117/><T128/><D128/><U91/><E42/><V32/><F40/><W110/><G54/><T71/><D71/><U80/><E80/><V65/><F75/><W19/><G19/><T126/><D126/><U18/><E31/><V119/><F119/><W24/><G24/><T59/><D59/><AGARI ba="0,0" hai="13,18,22,26,27,50,52,59,76,82,86,91,93,97" machi="59" ten="30,11600,0" yaku="7,1,8,1,52,1,54,1" doraHai="81" who="1" fromWho="0" sc="233,-116,285,116,246,0,236,0" /><INIT seed="1,1,0,3,5,15" ten="117,401,246,236" oya="1" hai0="21,70,2,50,107,22,93,113,46,130,65,4,91" hai1="112,92,48,19,129,133,39,115,72,16,69,118,23" hai2="127,9,58,120,104,8,57,117,36,79,64,75,101" hai3="134,67,14,27,42,32,10,99,47,6,125,38,31"/><U28/><E39/><V54/><F117/><W44/><G134/><T81/><D113/><U71/><E118/><V0/><F120/><W41/><G125/><T29/><D107/><U34/><E72/><V74/><F36/><W131/><G67/><T126/><D126/><U116/><E116/><V49/><F127/><W43/><G131/><T80/><D130/><U86/><E129/><V5/><F9/><W62/><G62/><T30/><D70/><U135/><E34/><V73/><F79/><W78/><G47/><T100/><D65/><U12/><E28/><N who="0" m="10857" /><D4/><U61/><E61/><V84/><F84/><W60/><G60/><T97/><D2/><U102/><E48/><V63/><F101/><W24/><G78/><T82/><D100/><U132/><E19/><V20/><F104/><W98/><G24/><T105/><D105/><U3/><E3/><V11/><F11/><W76/><G76/><T56/><D56/><U53/><E53/><V108/><F20/><W95/><REACH who="3" step="1"/><G98/><REACH who="3" ten="117,401,246,226" step="2"/><T123/><D123/><U77/><E77/><V18/><F74/><W37/><G37/><T94/><D94/><U68/><E86/><V83/><F73/><W26/><G26/><T33/><D33/><U52/><E52/><AGARI ba="1,1" hai="21,22,46,50,52,80,81,82,91,93,97" m="10857" machi="52" ten="30,2000,0" yaku="8,1,54,1" doraHai="15" who="0" fromWho="1" sc="117,33,401,-23,246,0,226,0" /><INIT seed="2,0,0,2,1,128" ten="150,378,246,226" oya="2" hai0="2,102,133,58,25,22,4,51,131,10,62,111,118" hai1="91,55,79,54,33,82,119,80,14,96,98,88,66" hai2="38,29,129,47,85,77,107,81,43,21,15,63,49" hai3="113,112,45,3,110,73,108,86,116,97,92,37,31"/><V42/><F129/><W78/><G3/><T8/><D131/><U76/><E33/><V9/><F107/><W0/><G0/><T34/><D111/><N who="3" m="42537" /><G31/><T1/><D118/><U6/><E119/><V135/><F135/><W44/><G116/><T65/><D34/><U114/><E114/><N who="3" m="44138" /><G37/><T20/><D102/><U132/><E66/><V59/><F42/><W28/><G28/><T74/><D74/><U13/><E6/><V99/><F99/><W27/><G27/><T41/><D25/><U106/><E106/><V67/><F38/><W125/><G125/><T68/><D133/><AGARI ba="0,0" hai="13,14,54,55,76,79,80,82,88,91,96,98,132,133" machi="133" ten="25,8000,1" yaku="22,2,52,2,54,1" doraHai="128" who="1" fromWho="0" sc="150,-80,378,80,246,0,226,0" /><INIT seed="3,0,0,0,1,119" ten="70,458,246,226" oya="3" hai0="56,27,75,109,118,108,83,60,22,82,46,64,76" hai1="23,67,131,20,63,45,134,54,80,78,72,57,34" hai2="70,102,62,31,85,73,95,97,132,52,122,117,50" hai3="3,93,59,32,61,58,6,100,99,129,113,10,16"/><W7/><G129/><T19/><D118/><U13/><E34/><V42/><F73/><W115/><G32/><T79/><REACH who="0" step="1"/><D46/><REACH who="0" ten="60,458,246,226" step="2"/><U35/><E131/><V68/><F117/><W84/><G115/><T11/><D11/><U47/><E35/><V96/><F70/><W18/><G113/><T2/><D2/><U29/><E134/><V104/><F68/><W74/><G3/><T125/><D125/><U36/><E36/><V94/><F132/><W87/><G10/><T40/><D40/><U9/><E29/><V110/><F42/><W120/><G59/><T69/><D69/><U49/><E45/><V111/><F31/><W4/><G58/><T44/><D44/><U124/><E124/><V28/><F28/><W1/><G1/><T105/><D105/><U101/><E101/><V103/><F104/><W133/><G133/><T116/><D116/><U65/><E65/><V15/><F103/><W89/><G100/><T0/><D0/><U112/><E112/><V8/><F102/><W128/><G128/><T92/><D92/><U37/><E37/><V21/><F94/><W53/><G93/><T127/><D127/><U90/><E90/><V51/><F95/><W33/><G89/><T88/><D88/><U5/><AGARI ba="0,1" hai="5,9,13,20,23,47,49,54,57,63,67,72,78,80" machi="5" ten="20,1500,0" yaku="0,1,7,1" doraHai="119" who="1" fromWho="1" sc="60,-4,458,25,246,-4,226,-7" owari="56,-44.4,483,58.3,242,4.2,219,-18.1" /></mjloggm>