<mjloggm ver="2.3"><GO type="225" lobby="0"/><UN n0="%E3%81%82%E3%81%84%E3%81%82%E3%81%8A%E3%81%84" n1="%E5%B8%86%E7%AB%8B%E5%A4%8F%E8%A1%A3" n2="%E4%B8%89%E5%86%A0%E7%8E%8B%E3%83%BB%E5%B1%B1%E7%94%B0%E5%93%B2%E4%BA%BA" n3="%E5%A4%8F%E9%88%B4%E9%88%B4%E5%A4%8F" dan="18,16,16,16" rate="2191.90,2112.09,2140.69,2128.92" sx="M,M,M,M"/><TAIKYOKU oya="0"/><INIT seed="0,0,0,4,3,52" ten="250,250,250,250" oya="0" hai0="10,97,25,123,103,29,32,132,57,134,61,40,96" hai1="65,66,13,131,119,3,71,99,91,26,83,95,31" hai2="53,92,117,9,14,47,120,63,7,34,121,84,60" hai3="33,101,49,93,16,39,70,11,105,15,130,42,23"/><T22/><D123/><U81/><E3/><V58/><F117/><W124/><G33/><T72/><D72/><U27/><E119/><V89/><F34/><W111/><G70/><T76/><D76/><U24/><E131/><V0/><F47/><W43/><G105/><T17/><D40/><U116/><E116/><V114/><F114/><W127/><G39/><T30/><D10/><U126/><E126/><N who="3" m="48170" /><G130/><T102/><D97/><U50/><E31/><V118/><F118/><W106/><G106/><T68/><D68/><U107/><E107/><V128/><F128/><W54/><G111/><T125/><D125/><U21/><E71/><V104/><F104/><W4/><G93/><N who="0" m="58639" /><D103/><U77/><E50/><V20/><REACH who="2" step="1"/><F63/><REACH who="2" ten="250,250,240,250" step="2"/><W37/><G37/><T55/><D32/><U35/><E35/><V100/><F100/><W110/><G101/><T90/><D134/><U8/><E21/><V41/><F41/><W5/><G110/><T2/><D132/><U82/><REACH who="1" step="1"/><E77/><REACH who="1" ten="250,240,240,250" step="2"/><V129/><F129/><W51/><G51/><T18/><D2/><U94/><E94/><V45/><F45/><N who="3" m="27951" /><G23/><N who="0" m="13551" /><D90/><U78/><E78/><V135/><F135/><W112/><G112/><T85/><D22/><U133/><E133/><V109/><F109/><W12/><G43/><T87/><D61/><U38/><E38/><V59/><F59/><W64/><G42/><T48/><D57/><U98/><E98/><V86/><F86/><W19/><G11/><T56/><D87/><U79/><E79/><V46/><F46/><W6/><G15/><T1/><D85/><U69/><E69/><V88/><F88/><RYUUKYOKU ba="0,2" sc="250,-15,240,15,240,15,250,-15" hai1="8,13,24,26,27,65,66,81,82,83,91,95,99" hai2="0,7,9,14,20,53,58,60,84,89,92,120,121" /><INIT seed="1,1,2,4,3,132" ten="235,255,255,235" oya="1" hai0="68,45,13,101,9,21,52,90,63,123,109,100,89" hai1="42,61,103,28,124,107,85,43,14,54,34,5,75" hai2="95,111,131,37,72,1,12,58,7,70,29,135,102" hai3="33,56,53,78,88,115,66,47,99,74,23,127,44"/><U133/><E75/><V65/><F135/><W120/><G33/><T129/><D109/><U69/><E133/><V82/><F70/><W76/><G120/><T25/><D129/><U71/><E85/><V55/><F37/><W91/><G115/><T18/><D123/><U104/><E5/><V77/><F1/><W51/><G127/><T79/><D79/><N who="3" m="30249" /><G74/><T49/><D68/><U92/><E14/><V62/><F111/><W130/><G130/><T16/><REACH who="0" step="1"/><D63/><REACH who="0" ten="225,255,255,235" step="2"/><U36/><E61/><V60/><F60/><N who="3" m="38151" /><G99/><T24/><D24/><U84/><E69/><V6/><F131/><W94/><G94/><T41/><D41/><U80/><E43/><V10/><F95/><W112/><G112/><T38/><D38/><U31/><E42/><V93/><F93/><W122/><G122/><T87/><D87/><U113/><E36/><V86/><F72/><W106/><G106/><T73/><D73/><U105/><E124/><V26/><F86/><W39/><G39/><T22/><D22/><U20/><E113/><V117/><F62/><W118/><G118/><T67/><D67/><U11/><E71/><V19/><F65/><W57/><G23/><T119/><D119/><U114/><E114/><V35/><F117/><W96/><G96/><T110/><D110/><U8/><E107/><V0/><F77/><W17/><G51/><T83/><D83/><U48/><E105/><V121/><F82/><W2/><G53/><T126/><D126/><U98/><E104/><V116/><F116/><W15/><G15/><T30/><D30/><N who="1" m="11307" /><E20/><V40/><F121/><W97/><G97/><RYUUKYOKU ba="1,3" sc="225,30,255,-10,255,-10,235,-10" hai0="9,13,16,18,21,25,45,49,52,89,90,100,101" /><INIT seed="2,2,3,4,2,74" ten="255,245,245,225" oya="2" hai0="75,51,108,23,33,47,135,39,113,19,15,4,83" hai1="8,101,52,92,25,11,10,27,96,129,36,72,60" hai2="91,98,44,119,130,79,115,118,100,67,46,134,105" hai3="53,61,18,87,116,48,63,126,95,76,56,55,97"/><V3/><F115/><W42/><G126/><T84/><D113/><U6/><E129/><V30/><F130/><W64/><G116/><T112/><D112/><U109/><E109/><V20/><F3/><W89/><G42/><T14/><D108/><U117/><E117/><V9/><F134/><W13/><G64/><T29/><D135/><U90/><E36/><V114/><F114/><W34/><G34/><T78/><D39/><U111/><E111/><V88/><F118/><W31/><G31/><T32/><D29/><U110/><E72/><V124/><F119/><W127/><G127/><T69/><D69/><U80/><E6/><V2/><F67/><W123/><G123/><T103/><D103/><U81/><E110/><V71/><F71/><W17/><G13/><T49/><D49/><U73/><E73/><V58/><F58/><N who="3" m="33063" /><G63/><T131/><D75/><U66/><E66/><V57/><F57/><W133/><G133/><T59/><D59/><N who="1" m="34919" /><E101/><V93/><F124/><W104/><G104/><T28/><D28/><U85/><E96/><V37/><F105/><W125/><G125/><T35/><D131/><U120/><E120/><V45/><F37/><W16/><G76/><T68/><D68/><U22/><E27/><N who="2" m="16743" /><F79/><W132/><G132/><T43/><D33/><U86/><E86/><AGARI ba="2,3" hai="16,17,18,55,56,61,86,87,89,95,97" m="33063" machi="86" ten="30,2000,0" yaku="8,1,54,1" doraHai="74" who="3" fromWho="1" sc="255,0,245,-26,245,0,225,56" /><INIT seed="3,0,0,5,4,0" ten="255,219,245,281" oya="3" hai0="68,22,104,123,107,31,59,87,71,29,40,53,65" hai1="102,56,93,119,37,8,44,21,126,46,70,67,2" hai2="36,110,124,118,48,27,80,63,122,75,25,135,41" hai3="19,38,76,117,129,57,28,132,109,125,24,95,112"/><W16/><G112/><T98/><D123/><U1/><E119/><V51/><F36/><W54/><G117/><T42/><D87/><U43/><E126/><V62/><F118/><W91/><G38/><T128/><D128/><U85/><E70/><V106/><F106/><W89/><G125/><T97/><D59/><U50/><E21/><V74/><F124/><W32/><G129/><T72/><D22/><U134/><E134/><V83/><F110/><W86/><G76/><T121/><D121/><U131/><E131/><V15/><F122/><W39/><G39/><T10/><D10/><U4/><E2/><V26/><F15/><W3/><G3/><T101/><D53/><U9/><E9/><V17/><F17/><W64/><G64/><T113/><D101/><U58/><E67/><V49/><F41/><W130/><G130/><T108/><D65/><U61/><E61/><N who="2" m="23051" /><F135/><W77/><G77/><T111/><REACH who="0" step="1"/><D113/><REACH who="0" ten="245,219,245,281" step="2"/><U88/><E102/><V115/><F115/><W47/><G57/><T92/><D92/><U23/><E23/><V34/><F34/><W127/><G127/><T84/><D84/><U20/><E20/><V82/><AGARI ba="0,1" hai="25,26,27,48,49,51,74,75,80,82,83" m="23051" machi="82" ten="40,8000,1" yaku="29,2,28,2" doraHai="0" who="2" fromWho="2" sc="245,-20,219,-20,245,90,281,-40" owari="225,-17.5,199,-30.1,335,43.5,241,4.1" /></mjloggm>