<mjloggm ver="2.3"><GO type="225" lobby="0"/><UN n0="%E3%80%90%E3%83%88%E3%83%AA%E3%83%A5%E3%83%95%E3%80%91" n1="%E8%BE%9B%E5%8F%A3%E3%82%AB%E3%83%AC%E3%83%BC%E3%83%A9%E3%82%A4%E3%82%B9" n2="%E6%98%93%E5%88%A9%E8%96%A9%E4%BC%AF" n3="%6C%61%6D%62" dan="16,17,16,16" rate="2049.37,2240.34,2089.84,2183.48" sx="M,M,F,M"/><TAIKYOKU oya="0"/><INIT seed="0,0,0,0,2,124" ten="250,250,250,250" oya="0" hai0="38,5,55,65,42,31,9,102,21,91,10,40,64" hai1="7,129,58,46,19,0,20,8,106,119,121,73,24" hai2="14,113,110,100,123,71,3,83,85,32,105,35,99" hai3="51,53,11,128,34,104,66,15,27,95,43,47,33"/><T93/><D102/><U45/><E119/><V67/><F123/><W86/><G104/><T98/><D38/><U22/><E121/><V112/><F3/><W132/><G66/><N who="0" m="25707" /><D5/><U79/><E106/><V52/><F110/><W12/><G12/><T133/><D133/><U30/><E129/><V97/><F97/><W13/><G13/><T114/><D55/><U28/><E28/><V61/><F14/><W90/><G132/><T49/><D114/><U69/><E69/><V29/><F52/><W54/><G128/><T94/><D94/><U50/><E58/><V75/><F85/><W36/><G27/><N who="0" m="16879" /><D49/><U18/><E30/><V77/><F35/><W109/><G53/><T89/><D91/><U126/><E126/><V62/><REACH who="2" step="1"/><F61/><REACH who="2" ten="250,250,240,250" step="2"/><W17/><REACH who="3" step="1"/><G109/><REACH who="3" ten="250,250,240,240" step="2"/><T2/><D2/><U25/><E0/><V107/><F107/><W41/><G41/><AGARI ba="0,2" hai="9,10,40,41,42,89,93,98" m="16879,25707" machi="41" ten="30,1500,0" yaku="8,1" doraHai="124" who="0" fromWho="3" sc="250,35,250,0,240,0,240,-15" /><INIT seed="0,1,0,5,2,109" ten="285,250,240,225" oya="0" hai0="10,108,88,4,78,38,64,71,127,41,13,117,61" hai1="24,65,5,16,35,123,25,105,52,72,114,51,69" hai2="96,115,121,29,129,17,131,23,75,50,8,106,70" hai3="89,18,56,37,32,15,9,39,48,90,43,102,118"/><T20/><D117/><U53/><E123/><V120/><F70/><W97/><G118/><T28/><D108/><U124/><E72/><V42/><F75/><W0/><G32/><T68/><D127/><U76/><E105/><V116/><F116/><W30/><G30/><T111/><D111/><U7/><E124/><V3/><F106/><W107/><G0/><T31/><D78/><U44/><E76/><V79/><F96/><W134/><G134/><T126/><D126/><U34/><E69/><V86/><F42/><W67/><G67/><T98/><D20/><U130/><E65/><V128/><F50/><W132/><G132/><T2/><D2/><U83/><E83/><V59/><F59/><W27/><G27/><T113/><D113/><U93/><E130/><V49/><F49/><W33/><G33/><T82/><D71/><U66/><E66/><V92/><F92/><W94/><G90/><T84/><REACH who="0" step="1"/><D98/><REACH who="0" ten="275,250,240,225" step="2"/><U60/><E114/><V133/><F115/><W55/><REACH who="3" step="1"/><G43/><REACH who="3" ten="275,250,240,215" step="2"/><T74/><D74/><U125/><E125/><V112/><F112/><W77/><G77/><T22/><D22/><U85/><E35/><V101/><F79/><W91/><G91/><T99/><D99/><AGARI ba="1,2" hai="9,15,18,37,39,48,55,56,89,94,97,99,102,107" machi="99" ten="30,2000,0" yaku="1,1,7,1,53,0" doraHai="109" doraHaiUra="58" who="3" fromWho="0" sc="275,-23,250,0,240,0,215,43" /><INIT seed="1,0,0,2,1,5" ten="252,250,240,258" oya="1" hai0="86,133,114,134,103,37,39,24,78,58,26,56,108" hai1="116,84,124,23,65,81,73,130,94,28,59,14,2" hai2="64,113,120,79,88,40,106,48,51,115,44,82,70" hai3="67,68,55,97,109,30,35,129,9,111,8,85,91"/><U118/><E2/><V34/><F106/><W4/><G97/><T41/><D103/><U54/><E124/><V12/><F34/><W121/><G121/><T61/><D114/><U71/><E130/><V17/><F120/><W77/><G77/><T132/><D108/><N who="3" m="41545" /><G129/><T38/><D41/><U127/><E127/><V29/><F29/><W72/><G72/><T74/><D74/><U47/><E47/><V3/><F3/><W45/><G4/><T92/><D56/><U75/><E65/><V32/><F32/><W62/><G30/><T123/><D123/><U7/><E71/><V69/><F51/><N who="3" m="29167" /><G35/><T66/><REACH who="0" step="1"/><D92/><AGARI ba="0,0" hai="8,9,62,67,68,85,91,92" m="29167,41545" machi="92" ten="30,3900,0" yaku="14,1,52,2" doraHai="5" who="3" fromWho="0" sc="252,-39,250,0,240,0,258,39" /><INIT seed="2,0,0,1,3,29" ten="213,250,240,297" oya="2" hai0="69,130,125,51,110,7,111,75,123,48,52,61,34" hai1="49,24,70,30,5,97,80,13,81,128,120,33,50" hai2="83,101,103,27,18,121,89,67,63,45,11,60,94" hai3="119,44,78,39,131,112,14,66,37,115,82,109,8"/><V71/><F121/><W85/><G119/><T41/><D123/><U93/><E120/><V42/><F83/><W79/><G109/><N who="0" m="41483" /><D75/><U74/><E70/><V84/><F63/><W90/><G66/><N who="0" m="41167" /><D7/><U134/><E128/><V99/><F84/><W122/><G122/><T116/><D125/><U129/><E129/><V59/><F71/><W65/><G65/><T40/><D130/><U38/><E38/><V96/><F96/><W106/><G106/><T98/><D98/><U107/><E107/><V43/><F43/><N who="0" m="16458" /><D116/><U53/><E74/><V22/><REACH who="2" step="1"/><F11/><REACH who="2" ten="213,250,230,297" step="2"/><W114/><G131/><T64/><D64/><U4/><E81/><V102/><F102/><W23/><G8/><T73/><D73/><U25/><E80/><V16/><F16/><N who="3" m="10647" /><G37/><AGARI ba="0,1" hai="18,22,27,37,42,45,59,60,67,89,94,99,101,103" machi="37" ten="30,2900,0" yaku="1,1,7,1,53,0" doraHai="29" doraHaiUra="105" who="2" fromWho="3" sc="213,0,250,0,230,39,297,-29" /><INIT seed="2,1,0,1,2,89" ten="213,250,269,268" oya="2" hai0="133,119,21,129,112,73,10,97,41,91,57,92,110" hai1="105,50,124,95,51,68,121,53,126,42,122,30,52" hai2="18,48,88,109,63,116,28,56,37,58,135,59,98" hai3="69,0,13,96,20,12,25,38,75,117,9,49,102"/><V101/><F37/><W31/><G38/><T22/><D112/><U134/><E105/><V81/><F116/><W128/><G69/><T131/><D73/><U65/><E30/><V94/><F135/><W79/><G117/><T64/><D133/><U103/><E103/><V36/><F36/><W82/><G128/><N who="0" m="49227" /><D10/><U71/><E95/><N who="2" m="58591" /><F81/><W77/><G77/><T72/><D72/><U125/><E42/><V4/><F109/><W62/><G62/><N who="0" m="37967" /><D41/><U6/><E6/><V17/><F28/><W1/><G49/><N who="1" m="18442" /><E134/><V40/><F4/><W23/><G23/><N who="0" m="8715" /><D119/><U115/><E115/><V26/><F26/><W3/><REACH who="3" step="1"/><G9/><REACH who="3" ten="213,250,269,258" step="2"/><T113/><D113/><U107/><E71/><V39/><F39/><W61/><G61/><T132/><D132/><U87/><E68/><V127/><F63/><W93/><AGARI ba="1,1" hai="0,1,3,12,13,20,25,31,75,79,82,93,96,102" machi="93" ten="30,8000,1" yaku="1,1,0,1,52,1,53,2" doraHai="89" doraHaiUra="11" who="3" fromWho="3" sc="213,-21,250,-21,269,-41,258,93" /><INIT seed="3,0,0,3,0,13" ten="192,229,228,351" oya="3" hai0="101,15,119,58,105,45,41,25,80,30,31,81,61" hai1="12,97,5,26,54,125,17,42,38,63,21,88,50" hai2="20,111,107,89,104,116,27,91,66,4,55,32,34" hai3="44,108,106,46,16,130,9,78,64,122,33,132,99"/><W134/><G122/><T40/><D119/><U98/><E125/><V65/><F4/><W67/><G33/><N who="2" m="12905" /><F20/><W71/><G78/><T49/><D25/><U112/><E112/><V114/><F55/><W129/><G9/><T14/><D105/><N who="2" m="40522" /><F27/><W37/><G106/><T23/><D23/><U95/><E38/><V22/><F22/><W48/><G37/><T0/><D0/><U51/><E98/><V24/><F24/><W110/><G99/><T128/><D128/><U39/><E39/><V109/><F114/><W28/><G46/><T113/><D113/><U1/><E1/><V52/><F52/><W72/><G44/><T93/><D45/><N who="1" m="25911" /><E63/><V94/><F94/><W117/><G67/><N who="2" m="25609" /><F116/><W29/><G64/><T102/><D93/><U131/><E131/><V86/><F86/><W96/><G96/><T73/><D49/><U115/><E115/><V92/><F92/><W18/><G48/><T7/><D7/><U47/><E5/><V123/><F123/><W36/><G117/><T90/><D61/><U43/><E26/><V126/><F126/><W79/><G36/><T56/><D73/><U76/><E54/><V69/><F69/><W82/><G72/><T133/><D133/><U6/><E6/><V8/><F8/><W10/><G71/><T53/><D53/><U103/><E76/><V121/><F121/><W74/><G79/><T120/><D120/><U118/><E118/><V100/><F100/><AGARI ba="0,0" hai="12,17,21,43,47,51,88,95,97,100,103" m="25911" machi="100" ten="30,3900,0" yaku="8,1,52,1,54,1" doraHai="13" who="1" fromWho="2" sc="192,0,229,39,228,-39,351,0" owari="192,-20.8,268,6.8,189,-31.1,351,45.1" /></mjloggm>