<mjloggm ver="2.3"><GO type="225" lobby="0"/><UN n0="%E3%81%A1%E3%82%85%E3%81%86%E3%81%A9%E3%81%8F%E8%B1%A1%E3%81%95%E3%82%93" n1="%E3%81%8F%E3%81%BE%E3%81%96%E3%82%8F" n2="%E3%81%95%E3%81%8D%E3%81%9F%E3%81%BE%E6%9E%97%E6%AA%8E" n3="%E7%9C%9F%E4%B8%80" dan="17,16,16,17" rate="2119.95,2063.89,2128.81,2232.65" sx="M,M,M,M"/><TAIKYOKU oya="0"/><INIT seed="0,0,0,0,2,106" ten="250,250,250,250" oya="0" hai0="81,2,62,118,105,90,72,69,130,115,53,19,109" hai1="111,34,108,14,82,29,79,36,124,28,112,83,60" hai2="74,103,17,84,123,67,38,3,59,43,117,110,135" hai3="94,107,66,132,50,44,41,9,122,40,13,12,1"/><T51/><D118/><U96/><E124/><V102/><F110/><N who="1" m="42025" /><E36/><V54/><F123/><W68/><G122/><T8/><D109/><U20/><E34/><V91/><F67/><W46/><G132/><T114/><D105/><U61/><E112/><V32/><F32/><W48/><G107/><T33/><D33/><U37/><E37/><V92/><F3/><W133/><G133/><T98/><D130/><U25/><E96/><V6/><F6/><W89/><G68/><T7/><D19/><N who="1" m="10359" /><E83/><V120/><F120/><W100/><G100/><T71/><D98/><U76/><E79/><V78/><F135/><W56/><G1/><T128/><D128/><U73/><E25/><V97/><F117/><W75/><G75/><T45/><D90/><U10/><E10/><V126/><F74/><W31/><G31/><AGARI ba="0,0" hai="28,29,31,60,61,73,76,82" m="10359,42025" machi="31" ten="30,2000,0" yaku="14,1,52,1" doraHai="106" who="1" fromWho="3" sc="250,0,250,20,250,0,250,-20" /><INIT seed="1,0,0,5,4,91" ten="250,270,250,230" oya="1" hai0="17,56,16,81,63,119,53,39,116,36,128,59,8" hai1="52,41,97,102,121,78,84,114,20,74,129,18,7" hai2="106,104,94,98,126,58,45,62,92,79,88,69,105" hai3="109,40,54,75,110,123,118,46,43,22,29,19,30"/><U44/><E114/><V134/><F69/><W132/><G123/><T31/><D128/><U0/><E121/><V6/><F6/><W47/><G75/><T12/><D31/><U103/><E74/><V42/><F79/><W135/><G54/><T66/><D81/><U2/><E129/><V76/><F76/><W10/><G10/><T13/><D116/><U1/><E7/><V133/><F126/><W27/><G118/><T93/><D93/><U80/><E52/><N who="2" m="34119" /><F45/><W3/><G3/><T100/><D100/><U101/><E44/><V15/><F15/><W89/><G19/><T11/><REACH who="0" step="1"/><D119/><REACH who="0" ten="240,270,250,230" step="2"/><U25/><REACH who="1" step="1"/><E41/><REACH who="1" ten="240,260,250,230" step="2"/><V34/><F42/><W50/><G43/><T125/><D125/><U48/><E48/><AGARI ba="0,2" hai="8,11,12,13,16,17,36,39,48,53,56,59,63,66" machi="48" ten="30,7700,0" yaku="1,1,7,1,9,1,54,1,53,0" doraHai="91" doraHaiUra="117" who="0" fromWho="1" sc="240,97,260,-77,250,0,230,0" /><INIT seed="2,0,0,5,3,30" ten="337,183,250,230" oya="2" hai0="50,82,117,121,78,115,106,52,124,79,28,134,63" hai1="24,16,36,113,91,73,43,111,3,57,59,6,8" hai2="104,13,56,81,80,42,61,100,39,5,133,20,46" hai3="125,70,4,71,105,33,122,132,128,135,92,65,26"/><V11/><F133/><N who="3" m="51275" /><G122/><T97/><D79/><U95/><E113/><V14/><F104/><W66/><G105/><T96/><D63/><U48/><E73/><V44/><F100/><W102/><G4/><T60/><D60/><U15/><E111/><V114/><F114/><W85/><G128/><T27/><D115/><U32/><E36/><V19/><REACH who="2" step="1"/><F44/><REACH who="2" ten="337,183,240,230" step="2"/><W84/><G102/><T54/><D106/><U38/><E38/><V62/><F62/><W22/><G71/><T7/><D134/><U34/><E57/><V123/><F123/><W49/><G70/><T37/><D37/><U69/><E69/><V94/><F94/><W98/><G49/><T103/><D50/><U131/><E131/><V41/><F41/><W76/><G92/><T75/><D103/><U107/><E107/><V10/><F10/><W64/><G66/><AGARI ba="0,1" hai="5,11,13,14,19,20,39,42,46,56,61,66,80,81" machi="66" ten="30,5800,0" yaku="1,1,7,1,53,1" doraHai="30" doraHaiUra="18" who="2" fromWho="3" sc="337,0,183,0,240,68,230,-58" /><INIT seed="2,1,0,5,0,39" ten="337,183,308,172" oya="2" hai0="107,9,92,80,91,47,126,94,63,51,114,81,3" hai1="36,79,89,62,122,108,125,14,115,58,133,57,74" hai2="82,130,70,38,15,110,68,96,5,69,27,97,84" hai3="0,111,24,64,66,6,77,37,134,120,87,124,71"/><V52/><F130/><W60/><G120/><T16/><D114/><U25/><E115/><V10/><F38/><W59/><G111/><T76/><D107/><U26/><E122/><V55/><F110/><W31/><G134/><T128/><D128/><U72/><E108/><V43/><F27/><W98/><G124/><T117/><D117/><U7/><E36/><V132/><F43/><W49/><G37/><T106/><D106/><U73/><E79/><V34/><F34/><W85/><G77/><T56/><D126/><U8/><E125/><V28/><F28/><W109/><G109/><T116/><D3/><U22/><E133/><V101/><F132/><W50/><G50/><T42/><D76/><U113/><E113/><V90/><REACH who="2" step="1"/><F96/><REACH who="2" ten="337,183,298,172" step="2"/><W41/><G98/><N who="0" m="57631" /><D116/><U135/><E135/><V105/><AGARI ba="1,1" hai="5,10,15,52,55,68,69,70,82,84,90,97,101,105" machi="105" ten="30,6000,0" yaku="1,1,0,1,54,1,53,0" doraHai="39" doraHaiUra="46" who="2" fromWho="2" sc="337,-21,183,-21,298,73,172,-21" /><INIT seed="2,2,0,2,0,109" ten="316,162,371,151" oya="2" hai0="17,42,14,65,96,101,55,130,83,52,84,79,54" hai1="116,69,119,6,100,47,41,134,92,1,9,88,12" hai2="103,127,126,97,115,114,5,107,23,68,16,122,80" hai3="64,35,48,60,50,59,120,10,77,40,105,112,39"/><V117/><F68/><W91/><G120/><T106/><D130/><U51/><E134/><V75/><F117/><W28/><G105/><T46/><D65/><U29/><E69/><V73/><F5/><W72/><G35/><T128/><D128/><U82/><E29/><V24/><F122/><W11/><G28/><T98/><D98/><U27/><E27/><V0/><F0/><W110/><G110/><T26/><D26/><U3/><E100/><V66/><F66/><W61/><G91/><T129/><D129/><U125/><E125/><N who="2" m="47627" /><F80/><W113/><G61/><T123/><D123/><U62/><E62/><V45/><F45/><N who="3" m="23711" /><G77/><T43/><REACH who="0" step="1"/><D46/><REACH who="0" ten="306,162,371,151" step="2"/><U124/><E124/><V63/><F63/><W90/><G60/><T34/><D34/><U57/><E119/><V4/><F4/><W71/><G64/><T21/><AGARI ba="2,1" hai="14,17,21,42,43,52,54,55,79,83,84,96,101,106" machi="21" ten="30,4000,0" yaku="1,1,0,1,54,1,53,0" doraHai="109" doraHaiUra="33" who="0" fromWho="0" sc="306,56,162,-12,371,-22,151,-12" /><INIT seed="3,0,0,1,2,54" ten="362,150,349,139" oya="3" hai0="115,101,132,32,55,73,5,35,119,111,68,113,120" hai1="16,118,126,15,110,66,127,37,89,56,91,81,98" hai2="46,44,14,27,11,77,79,42,59,60,64,63,29" hai3="10,94,84,31,30,121,135,96,65,123,38,85,75"/><W61/><G75/><T76/><D120/><U2/><E2/><V108/><F108/><W57/><G38/><T99/><D132/><U72/><E37/><V19/><F63/><W50/><G135/><T1/><D119/><U114/><E114/><N who="0" m="43529" /><D68/><U58/><E110/><V131/><F131/><W74/><G74/><T70/><D70/><U39/><E39/><V6/><F6/><W90/><G123/><T26/><D26/><U9/><E118/><V124/><F124/><N who="1" m="47657" /><E66/><V51/><F46/><W106/><G121/><T4/><D55/><U21/><E9/><V80/><F80/><W49/><G10/><N who="0" m="2319" /><D5/><U0/><E0/><V92/><F92/><W47/><G106/><N who="0" m="63807" /><D111/><U52/><E52/><V93/><F93/><W130/><G130/><T128/><D128/><U8/><E8/><V105/><F105/><W134/><G134/><T95/><D95/><N who="1" m="56687" /><E91/><V33/><AGARI ba="0,0" hai="11,14,19,27,29,33,42,44,51,59,60,64,77,79" machi="33" ten="20,2700,0" yaku="0,1,7,1,52,1" doraHai="54" who="2" fromWho="2" sc="362,-7,150,-7,349,27,139,-13" owari="355,15.5,143,-25.7,376,47.6,126,-37.4" /></mjloggm>