<mjloggm ver="2.3"><GO type="225" lobby="0"/><UN n0="%E3%83%AD%E3%83%83%E3%83%86%E9%9B%80%E7%90%83" n1="%4D%50%43%32%38%30%30" n2="%72%69%6F%75%63%68%61%6E" n3="%33%74%72%65%65" dan="17,16,17,17" rate="2130.51,2145.04,2227.39,2197.44" sx="M,M,M,F"/><TAIKYOKU oya="0"/><INIT seed="0,0,0,2,5,74" ten="250,250,250,250" oya="0" hai0="70,28,95,56,114,40,2,69,116,71,85,16,1" hai1="39,23,57,20,25,83,131,32,14,31,98,127,44" hai2="125,60,49,5,67,64,78,63,73,128,24,130,117" hai3="91,100,7,10,104,94,0,59,106,42,6,53,35"/><T121/><D114/><U27/><E131/><N who="2" m="50219" /><F125/><W113/><G113/><T82/><D116/><U22/><E127/><V8/><F117/><W103/><G35/><T18/><D121/><U105/><E14/><V12/><F24/><W30/><G30/><T118/><D95/><U66/><E39/><V76/><F73/><W65/><G7/><T134/><D134/><U77/><E44/><V19/><F49/><W133/><G133/><T51/><D28/><U92/><E105/><V50/><F50/><W55/><G42/><T36/><D36/><U97/><E27/><V4/><F60/><W126/><G126/><T99/><D99/><U61/><REACH who="1" step="1"/><E92/><REACH who="1" ten="250,240,250,250" step="2"/><V62/><F4/><W81/><G106/><T46/><D118/><U86/><AGARI ba="0,1" hai="20,22,23,25,31,32,57,61,66,77,83,86,97,98" machi="86" ten="30,7900,0" yaku="1,1,2,1,0,1,52,1,53,0" doraHai="74" doraHaiUra="110" who="1" fromWho="1" sc="250,-39,240,89,250,-20,250,-20" /><INIT seed="1,0,0,5,1,39" ten="211,329,230,230" oya="1" hai0="100,50,97,16,51,104,65,120,79,89,8,98,96" hai1="112,116,72,34,10,49,30,20,23,1,26,82,73" hai2="25,114,58,43,11,56,6,40,117,35,119,41,24" hai3="5,57,19,63,31,101,75,133,99,103,123,71,90"/><U52/><E112/><V93/><F114/><W0/><G123/><T111/><D111/><U59/><E116/><V69/><F69/><W102/><G133/><T74/><D120/><U54/><E73/><V13/><F93/><W95/><G71/><T86/><D65/><U128/><E128/><V88/><F88/><W132/><G132/><T48/><D74/><U109/><E109/><V33/><F117/><W18/><G75/><T84/><D79/><U36/><E36/><V42/><F119/><W38/><G38/><T44/><D86/><U92/><E92/><V131/><F131/><W27/><G5/><T21/><D8/><U47/><E1/><V130/><F130/><W66/><REACH who="3" step="1"/><G0/><REACH who="3" ten="211,329,230,220" step="2"/><T76/><D76/><U125/><E72/><V134/><F134/><W53/><G53/><N who="0" m="29831" /><D100/><U126/><E54/><V45/><F33/><AGARI ba="0,1" hai="18,19,27,31,33,57,63,66,90,95,99,101,102,103" machi="33" ten="40,1300,0" yaku="1,1,53,0" doraHai="39" doraHaiUra="64" who="3" fromWho="2" sc="211,0,329,0,230,-13,220,23" /><INIT seed="2,0,0,4,3,106" ten="211,329,217,243" oya="2" hai0="48,57,62,118,22,132,64,0,55,45,7,84,133" hai1="59,93,2,89,26,6,28,70,27,61,108,29,49" hai2="19,74,120,13,130,102,90,65,71,21,129,30,52" hai3="39,86,78,100,99,69,38,40,31,124,97,115,85"/><V117/><F117/><W47/><G115/><T111/><D118/><U98/><E108/><V88/><F120/><W54/><G124/><T56/><D22/><U23/><E70/><V43/><F74/><W8/><G69/><T41/><D84/><U35/><E6/><V68/><F43/><W125/><G125/><T112/><D7/><U4/><E4/><V96/><F30/><W60/><G8/><T25/><D25/><U82/><E82/><V72/><F72/><W37/><G31/><T58/><D0/><U1/><E49/><V42/><F42/><W15/><G15/><T127/><D127/><U109/><E109/><V80/><F68/><W3/><G3/><T20/><D20/><U103/><E89/><V119/><F119/><W51/><G97/><T18/><D18/><U32/><E32/><V14/><F14/><W92/><G78/><T107/><D107/><U75/><E75/><V9/><F9/><W67/><G67/><AGARI ba="0,0" hai="1,2,23,26,27,28,29,35,59,61,67,93,98,103" machi="67" ten="30,3900,0" yaku="7,1,25,2" doraHai="106" who="1" fromWho="3" sc="211,0,329,39,217,0,243,-39" /><INIT seed="3,0,0,1,1,55" ten="211,368,217,204" oya="3" hai0="58,115,100,101,64,53,102,106,28,119,8,114,62" hai1="10,41,26,47,56,12,87,60,92,97,98,96,29" hai2="79,120,43,2,63,121,24,95,9,59,25,38,88" hai3="3,14,32,1,33,85,34,40,110,68,19,54,4"/><W77/><G68/><T11/><D119/><U130/><E130/><V109/><F109/><W75/><G75/><T15/><D106/><U127/><E127/><V44/><F79/><W84/><G40/><T46/><D28/><U131/><E131/><V116/><F116/><W91/><G110/><T72/><D72/><U107/><E107/><V134/><F134/><W37/><G37/><T67/><D8/><U111/><E111/><V105/><F105/><W123/><G123/><N who="2" m="47177" /><F9/><W133/><G133/><T70/><D46/><U71/><E71/><V125/><F2/><W30/><G30/><T89/><D89/><U6/><E87/><N who="2" m="52639" /><F125/><W23/><G4/><N who="0" m="3559" /><D70/><U49/><E26/><V73/><F73/><W61/><G77/><T81/><D81/><U42/><E29/><V16/><F16/><W0/><REACH who="3" step="1"/><G91/><REACH who="3" ten="211,368,217,194" step="2"/><T66/><D115/><U82/><E42/><V83/><F83/><W69/><G69/><T35/><D114/><U51/><E82/><V80/><F80/><W108/><G108/><T74/><D74/><U129/><E129/><V20/><F20/><W122/><G122/><T99/><D35/><U113/><E113/><V128/><F128/><W126/><G126/><T135/><D135/><U104/><E41/><V78/><F78/><W17/><G17/><T117/><D117/><U57/><E6/><V90/><F90/><W124/><G124/><T22/><D22/><U21/><E21/><V65/><AGARI ba="0,1" hai="24,25,38,43,44,59,63,65" m="52639,47177" machi="65" ten="30,4000,0" yaku="13,1,52,1,54,1" doraHai="55" who="2" fromWho="2" sc="211,-10,368,-10,217,50,194,-20" owari="201,-19.9,358,45.8,267,6.7,174,-32.6" /></mjloggm>