<mjloggm ver="2.3"><GO type="225" lobby="0"/><UN n0="%E4%BF%BA%E3%81%A8%E5%A6%96%E5%A4%A2" n1="%48%61%61%61%6C%61%6E%64" n2="%E3%81%99%E3%81%84%E3%81%BE%E3%81%9B%E3%83%BC%E3%82%93" n3="%E3%81%BF%E3%81%BF%E3%81%9A" dan="17,18,18,18" rate="2182.41,2177.18,2198.88,2261.79" sx="F,M,M,M"/><TAIKYOKU oya="0"/><INIT seed="0,0,0,0,2,100" ten="250,250,250,250" oya="0" hai0="19,31,3,42,95,127,14,30,75,1,22,79,12" hai1="16,35,40,62,89,61,118,17,87,91,20,4,96" hai2="125,83,129,56,49,23,57,78,73,107,113,2,24" hai3="7,41,81,84,11,53,93,94,123,97,80,109,130"/><T27/><D75/><U33/><E118/><V114/><F125/><W60/><G109/><T54/><D79/><U128/><E128/><V5/><F129/><W39/><G130/><T26/><D42/><U104/><E4/><V21/><F107/><W55/><G123/><T92/><D54/><U15/><E40/><V9/><F23/><W51/><G39/><T68/><D68/><U44/><E44/><V85/><F73/><W50/><G41/><T28/><D95/><N who="1" m="56431" /><E33/><V45/><F114/><W37/><G37/><T69/><D92/><N who="1" m="54399" /><E35/><V63/><F113/><W86/><G60/><T52/><D52/><N who="3" m="20041" /><G11/><T70/><D70/><U36/><E36/><V6/><F63/><W131/><G7/><T67/><D67/><U126/><E104/><V98/><F6/><W124/><G124/><T116/><D69/><U29/><E126/><V110/><F5/><W119/><G119/><T115/><D116/><U46/><E46/><V32/><F45/><W103/><G93/><T133/><D115/><U48/><E48/><N who="3" m="18474" /><G131/><T134/><D127/><U102/><E61/><V120/><F32/><W47/><G47/><T25/><D14/><U82/><E15/><V88/><F49/><W99/><G99/><T135/><AGARI ba="0,0" hai="1,3,12,19,22,25,26,27,28,30,31,133,134,135" machi="135" ten="40,18000,2" yaku="0,1,29,2,20,1,34,3" doraHai="100" who="0" fromWho="0" sc="250,180,250,-60,250,-60,250,-60" /><INIT seed="0,1,0,5,4,57" ten="430,190,190,190" oya="0" hai0="61,15,11,27,107,52,92,120,87,18,62,16,116" hai1="80,3,119,84,75,113,2,59,85,7,0,31,58" hai2="5,96,106,26,91,82,22,20,41,54,68,12,9" hai3="132,108,76,69,127,39,126,125,19,114,88,35,47"/><T46/><D116/><U130/><E119/><V112/><F112/><W83/><G114/><T134/><D120/><U21/><E113/><V77/><F68/><W71/><G35/><T115/><D115/><U133/><E7/><V13/><F41/><N who="3" m="22975" /><G108/><T93/><D107/><U65/><E130/><V56/><F13/><W40/><G132/><T38/><D38/><U122/><E122/><V111/><F111/><W14/><G40/><T44/><D134/><U67/><E133/><V49/><F26/><W33/><G33/><T98/><D87/><U4/><E4/><V102/><REACH who="2" step="1"/><F91/><REACH who="2" ten="430,190,180,190" step="2"/><W101/><G88/><N who="0" m="55559" /><D93/><U129/><E0/><V17/><F17/><W109/><G109/><T55/><D18/><U43/><E2/><V53/><F53/><N who="0" m="20554" /><D27/><U90/><E3/><V100/><F100/><W97/><G19/><T123/><D123/><U131/><E129/><V70/><F70/><W66/><G14/><T128/><D128/><U25/><E131/><V117/><F117/><W81/><G69/><T124/><D124/><U104/><E25/><V32/><F32/><W99/><G101/><T48/><D46/><U30/><E90/><V34/><F34/><W50/><G71/><T1/><D1/><U110/><E110/><V79/><F79/><W118/><G76/><T72/><D72/><AGARI ba="1,1" hai="5,9,12,20,22,49,54,56,72,77,82,96,102,106" machi="72" ten="30,3900,0" yaku="1,1,7,1,53,1" doraHai="57" doraHaiUra="78" who="2" fromWho="0" sc="430,-42,190,0,180,52,190,0" /><INIT seed="1,0,0,4,2,58" ten="388,190,232,190" oya="1" hai0="108,131,43,107,87,68,55,85,11,21,104,106,112" hai1="80,116,34,56,9,37,110,49,89,123,51,39,52" hai2="93,40,45,77,50,124,129,62,12,127,33,61,71" hai3="27,48,111,63,100,125,53,47,78,2,15,67,35"/><U86/><E116/><V99/><F129/><W74/><G2/><T54/><D112/><U128/><E123/><V121/><F121/><W69/><G111/><T66/><D108/><U23/><E34/><V88/><F33/><W135/><G125/><N who="2" m="48201" /><F71/><W114/><G114/><T73/><D73/><U122/><E122/><V44/><F77/><W36/><G135/><T102/><D102/><U4/><E110/><V41/><F12/><W96/><G15/><T0/><D43/><U101/><E128/><V76/><F76/><W95/><G78/><T29/><D11/><U79/><E101/><V32/><F32/><W28/><G36/><AGARI ba="0,0" hai="36,40,41,44,45,50,61,62,88,93,99" m="48201" machi="36" ten="30,7700,0" yaku="18,1,52,2,54,1" doraHai="58" who="2" fromWho="3" sc="388,0,190,0,232,77,190,-77" /><INIT seed="2,0,0,3,2,131" ten="388,190,309,113" oya="2" hai0="96,31,56,11,25,110,112,120,60,72,3,69,117" hai1="84,122,12,22,7,88,119,54,36,48,42,34,38" hai2="74,114,41,127,81,46,29,94,116,85,45,5,16" hai3="39,125,67,43,18,79,80,128,20,33,87,65,4"/><V9/><F114/><W14/><G128/><T115/><D120/><U92/><E34/><V99/><F116/><W58/><G125/><T82/><D117/><U77/><E119/><V100/><F127/><W135/><G33/><T86/><D69/><U10/><E122/><V1/><F74/><W13/><G39/><T78/><D110/><U133/><E133/><V49/><F29/><W111/><G111/><T101/><D72/><U123/><E123/><V50/><F16/><W105/><G105/><T47/><D47/><U89/><E42/><V104/><F104/><W23/><G135/><T62/><D3/><U76/><E38/><V107/><F107/><W2/><G2/><T75/><D11/><U70/><E70/><V126/><F126/><W97/><G97/><T63/><D75/><U26/><E89/><V40/><F85/><W113/><G113/><T61/><D61/><U98/><E84/><V44/><F44/><W103/><G103/><T134/><D134/><U32/><E36/><V109/><F81/><W30/><G43/><T28/><D28/><N who="1" m="17495" /><E32/><V19/><F19/><W132/><G132/><T90/><D78/><U118/><E118/><V130/><F130/><W15/><G4/><T129/><D129/><U91/><E91/><V37/><F37/><W73/><G73/><T51/><D115/><U55/><E55/><V124/><F124/><W66/><REACH who="3" step="1"/><G58/><AGARI ba="0,0" hai="7,10,12,48,54,58,76,77,88,92,98" m="17495" machi="58" ten="30,2000,0" yaku="8,1,54,1" doraHai="131" who="1" fromWho="3" sc="388,0,190,20,309,0,113,-20" /><INIT seed="3,0,0,2,2,90" ten="388,210,309,93" oya="3" hai0="122,7,21,111,92,112,120,80,88,99,50,5,106" hai1="115,126,6,116,134,27,127,38,118,78,48,2,70" hai2="12,104,123,1,124,86,101,20,45,65,29,19,54" hai3="66,61,18,110,71,32,25,14,83,74,13,31,24"/><W77/><REACH who="3" step="1"/><G110/><REACH who="3" ten="388,210,309,83" step="2"/><T47/><D111/><U81/><E118/><V0/><F123/><W55/><G55/><T22/><D122/><U133/><E116/><V42/><F54/><W35/><G35/><T9/><D120/><U119/><E119/><V131/><F0/><W114/><G114/><T109/><D109/><U51/><E115/><V130/><F1/><W95/><G95/><T89/><D112/><U26/><E2/><V67/><F131/><W64/><G64/><T68/><D106/><U11/><E127/><V94/><F130/><W34/><G34/><T76/><D68/><U82/><E70/><V46/><F124/><W33/><G33/><T129/><D129/><U107/><E126/><V72/><F67/><W98/><G98/><T41/><D99/><U62/><E107/><V10/><F65/><W135/><G135/><T132/><D92/><U23/><E133/><V43/><F104/><W28/><G28/><T4/><D132/><U39/><E134/><V103/><F29/><W121/><G121/><T36/><D36/><U53/><E38/><V40/><F94/><W113/><G113/><T8/><D80/><U30/><E39/><V3/><F3/><W84/><G84/><T15/><D41/><U93/><E93/><V85/><F85/><W57/><G57/><T69/><D69/><U87/><E82/><V100/><F86/><W96/><G96/><T16/><D76/><U52/><E53/><V59/><F59/><W102/><G102/><T58/><D58/><U60/><E52/><V44/><F72/><W128/><G128/><T75/><D75/><RYUUKYOKU ba="0,1" sc="388,-15,210,-15,309,15,83,15" hai2="10,12,19,20,40,42,43,44,45,46,100,101,103" hai3="13,14,18,24,25,31,32,61,66,71,74,77,83" /><INIT seed="3,1,1,4,5,35" ten="373,195,324,98" oya="3" hai0="64,117,9,36,124,99,70,25,125,91,57,100,107" hai1="53,60,41,108,74,134,37,81,113,52,48,5,101" hai2="50,84,86,98,44,92,123,66,95,33,24,82,21" hai3="72,51,135,109,94,20,110,17,16,30,76,111,78"/><W119/><G119/><T132/><D117/><U77/><E113/><V19/><F123/><W69/><G135/><T11/><D132/><U61/><E134/><V7/><F33/><W128/><G128/><T106/><D70/><U42/><E108/><N who="3" m="27650" /><W18/><DORA hai="71" /><G72/><T68/><D68/><U40/><E37/><V1/><F66/><W63/><G51/><T22/><D36/><U90/><E101/><V62/><F62/><W29/><G94/><T67/><D91/><U127/><E127/><N who="0" m="48713" /><D107/><U126/><E126/><V28/><F95/><W116/><G116/><T80/><D80/><U105/><E105/><V13/><F82/><W56/><G69/><T55/><D64/><U97/><E48/><V130/><F130/><W129/><G129/><T83/><D67/><U43/><E60/><V115/><F92/><W65/><G20/><T14/><D83/><U39/><E61/><V73/><F73/><W75/><G75/><T103/><D103/><U46/><E90/><V54/><F50/><W88/><G88/><T0/><D100/><U38/><E38/><V133/><F133/><W15/><G15/><T32/><D106/><U10/><REACH who="1" step="1"/><E97/><REACH who="1" ten="373,185,324,98" step="2"/><V122/><F98/><W23/><G23/><T112/><D99/><U79/><E79/><AGARI ba="1,2" hai="16,17,18,29,30,56,63,65,76,78,79" m="27650" machi="79" ten="50,9600,0" yaku="14,1,10,1,54,1" doraHai="35,71" who="3" fromWho="1" sc="373,0,185,-99,324,0,98,119" /><INIT seed="3,2,0,2,2,133" ten="373,86,324,217" oya="3" hai0="103,4,48,97,41,60,55,12,54,116,129,25,36" hai1="83,47,44,93,77,67,110,92,78,2,125,50,13" hai2="45,106,123,109,94,112,23,74,53,29,46,70,115" hai3="15,24,117,40,130,107,28,35,128,101,120,82,111"/><W127/><G117/><T104/><D116/><U62/><E2/><V132/><F106/><W1/><G120/><T18/><D129/><N who="3" m="49769" /><G1/><T16/><D36/><U38/><E110/><V100/><F109/><W108/><G40/><T9/><D41/><U102/><E38/><V17/><F74/><W7/><G82/><T56/><D25/><U26/><E26/><V59/><F70/><W81/><G81/><T42/><D42/><U66/><E102/><V20/><F123/><W22/><G107/><T73/><D73/><U89/><E83/><V34/><F34/><W105/><G105/><T39/><D39/><U68/><E68/><V31/><F132/><W113/><G101/><T99/><D99/><U96/><E96/><V5/><F100/><W134/><G134/><T69/><D69/><U91/><E50/><V11/><F94/><W33/><G113/><T3/><D3/><U64/><E62/><V118/><F118/><W98/><G98/><T65/><D65/><U126/><REACH who="1" step="1"/><E66/><REACH who="1" ten="373,76,324,217" step="2"/><V61/><F61/><W122/><G108/><T135/><D135/><U114/><E114/><V76/><F115/><W21/><G111/><T131/><D131/><U75/><E75/><V85/><F112/><W10/><G122/><T37/><D37/><U95/><E95/><V72/><F72/><W58/><G24/><T124/><D97/><U32/><E32/><V71/><F71/><W30/><G33/><T57/><D103/><U84/><E84/><V43/><F85/><W121/><G35/><T52/><D104/><U119/><E119/><V19/><F76/><W51/><G121/><RYUUKYOKU ba="2,1" sc="373,-10,76,30,324,-10,217,-10" hai1="13,44,47,64,67,77,78,89,91,92,93,125,126" owari="373,47.3,106,-39.4,314,11.4,207,-19.3" /></mjloggm>