<mjloggm ver="2.3"><GO type="225" lobby="0"/><UN n0="%E3%81%82%E3%82%93%E3%81%AA%E3%81%A4" n1="%E3%83%8F%E3%82%AC%E3%82%BF%E3%82%AB%E3%81%AE%E3%81%88%E3%81%98%E3%81%8D" n2="%6E%65%6F%E3%82%BD%E3%83%83%E3%82%AF%E3%82%B9%E2%99%AA" n3="%E3%81%A1%E3%82%85%E3%81%86%E3%81%A9%E3%81%8F%E8%B1%A1%E3%81%95%E3%82%93" dan="16,16,16,16" rate="2122.21,2131.38,2162.39,2098.86" sx="M,M,M,M"/><TAIKYOKU oya="0"/><INIT seed="0,0,0,5,0,53" ten="250,250,250,250" oya="0" hai0="24,16,130,17,79,62,18,101,52,114,73,135,69" hai1="64,134,66,25,33,40,87,27,65,120,115,41,23" hai2="92,88,71,5,111,104,123,28,127,48,89,30,77" hai3="116,10,117,122,74,26,59,107,57,98,63,85,7"/><T1/><D114/><U95/><E120/><V118/><F123/><W54/><G74/><T21/><D1/><U60/><E115/><V94/><F104/><W45/><G122/><T126/><D135/><U44/><E134/><V22/><F111/><W32/><G45/><T51/><D126/><U36/><E41/><V103/><F71/><W43/><G43/><T12/><D130/><U58/><E33/><V125/><F103/><W29/><G85/><T132/><D132/><U100/><E27/><V86/><F118/><W34/><G34/><T121/><D121/><U31/><REACH who="1" step="1"/><E87/><REACH who="1" ten="250,240,250,250" step="2"/><N who="2" m="52255" /><F127/><W6/><G116/><T35/><D35/><U55/><E55/><V14/><F125/><W8/><G117/><T39/><D24/><U97/><AGARI ba="0,1" hai="23,25,31,36,40,44,58,60,64,65,66,95,97,100" machi="97" ten="30,12000,2" yaku="1,1,0,1,25,2,52,1,53,1" doraHai="53" doraHaiUra="99" who="1" fromWho="1" sc="250,-60,240,130,250,-30,250,-30" /><INIT seed="1,0,0,2,3,29" ten="190,370,220,220" oya="1" hai0="46,89,111,79,51,35,128,31,108,110,106,27,13" hai1="105,87,12,59,93,64,47,7,78,18,10,63,52" hai2="80,125,21,30,91,109,24,19,81,48,25,102,73" hai3="50,70,131,96,77,14,114,61,88,122,17,56,120"/><U116/><E105/><V66/><F109/><W103/><G114/><T121/><D128/><U4/><E116/><V60/><F125/><W68/><G77/><T23/><D121/><U54/><E93/><V75/><F48/><W118/><G118/><T43/><D106/><U124/><E124/><V6/><F6/><N who="1" m="2089" /><E47/><V69/><F102/><W133/><G131/><T57/><D79/><U119/><E119/><V117/><F117/><W72/><G72/><T130/><D130/><U113/><E113/><V74/><REACH who="2" step="1"/><F91/><REACH who="2" ten="190,370,210,220" step="2"/><W49/><G88/><T104/><D89/><U127/><E127/><V15/><F15/><W34/><G49/><T82/><D104/><U44/><E44/><V99/><F99/><W65/><G50/><T55/><D13/><U71/><E71/><V40/><F40/><W86/><G70/><T129/><D129/><U22/><E10/><V0/><F0/><W126/><G68/><T90/><D90/><U62/><E62/><V83/><F83/><AGARI ba="0,1" hai="12,18,22,52,54,59,63,64,78,83,87" m="2089" machi="83" ten="30,2900,0" yaku="8,1,54,1" doraHai="29" who="1" fromWho="2" sc="190,0,370,39,210,-29,220,0" /><INIT seed="1,1,0,0,2,3" ten="190,409,181,220" oya="1" hai0="49,29,35,131,76,92,20,121,88,23,103,101,34" hai1="86,135,33,31,105,74,28,10,85,132,100,19,96" hai2="71,117,21,42,44,11,122,43,120,107,114,4,90" hai3="53,50,109,110,17,40,82,54,93,126,30,16,46"/><U87/><E74/><V6/><F117/><W8/><G30/><T61/><D131/><U14/><REACH who="1" step="1"/><E33/><REACH who="1" ten="190,399,181,220" step="2"/><V65/><F122/><W104/><G110/><T77/><D121/><U1/><E1/><V118/><F120/><W119/><G109/><T128/><D35/><U129/><E129/><V57/><F118/><W113/><G119/><T78/><D128/><U51/><E51/><V66/><F114/><W133/><G50/><T81/><D49/><U123/><E123/><V130/><F130/><W99/><G113/><T83/><D34/><U106/><E106/><V134/><F107/><W13/><G104/><T15/><D61/><U127/><E127/><V112/><F112/><W70/><G126/><T37/><D37/><U58/><E58/><V102/><F57/><W0/><G0/><T73/><D73/><U27/><E27/><V52/><F42/><W95/><G40/><T63/><D63/><U80/><E80/><V26/><F43/><W79/><G82/><T41/><D41/><U64/><E64/><V67/><F66/><W60/><G60/><T45/><D83/><U32/><E32/><V69/><F67/><W25/><G25/><N who="0" m="16551" /><D81/><U38/><E38/><V59/><F65/><W39/><G39/><T98/><D45/><U108/><E108/><V125/><F44/><W97/><G46/><T12/><D15/><U47/><E47/><V55/><F125/><W62/><G62/><T56/><D56/><U24/><E24/><V36/><F26/><W2/><G13/><T115/><D115/><U94/><E94/><V91/><F36/><W84/><G2/><RYUUKYOKU ba="1,1" sc="190,15,399,15,181,-15,220,-15" hai0="12,23,76,77,78,88,92,98,101,103" hai1="10,14,19,28,31,85,86,87,96,100,105,132,135" /><INIT seed="1,2,1,5,2,110" ten="205,414,166,205" oya="1" hai0="2,12,38,112,49,4,73,33,76,66,92,18,126" hai1="40,101,128,15,131,5,68,74,115,91,113,102,96" hai2="55,25,108,16,17,6,7,35,84,87,83,64,78" hai3="97,34,39,44,62,48,61,88,125,114,106,1,20"/><U118/><E68/><V50/><F108/><W123/><G123/><T27/><D126/><U31/><E40/><V52/><F64/><W37/><G34/><T60/><D38/><U80/><E31/><V77/><F35/><W116/><G1/><T71/><D49/><U3/><E3/><V53/><F50/><W26/><G125/><T120/><D92/><N who="1" m="56351" /><E5/><N who="2" m="1547" /><F25/><W98/><G116/><T124/><D73/><U42/><E15/><V32/><F32/><W95/><G114/><N who="1" m="43530" /><E42/><V90/><F87/><W65/><G98/><T109/><D109/><U105/><E118/><V9/><F17/><W23/><G106/><T82/><D18/><U8/><E8/><V43/><F43/><W86/><G97/><T130/><D2/><U121/><E121/><V119/><F119/><W100/><G100/><N who="1" m="38506" /><E105/><V129/><F129/><W117/><G117/><T134/><D130/><U30/><E30/><V41/><F41/><W93/><G37/><T89/><D120/><U135/><E135/><V36/><F36/><W56/><G39/><T104/><D134/><U94/><E94/><V99/><F99/><W11/><G95/><T13/><D104/><U133/><E133/><V46/><F46/><W75/><G11/><T132/><D132/><U58/><E58/><V28/><F28/><N who="3" m="17479" /><G23/><T107/><D107/><U29/><E29/><V81/><F9/><W0/><G0/><T72/><D112/><U24/><E24/><V85/><F16/><W45/><G62/><T67/><D60/><U70/><E70/><V111/><F111/><W69/><G69/><T19/><D71/><U47/><E47/><RYUUKYOKU ba="2,1" sc="205,-15,414,15,166,15,205,-15" hai1="74,80,128,131" hai2="52,53,55,77,78,81,83,84,85,90" /><INIT seed="1,3,1,5,4,57" ten="190,429,181,190" oya="1" hai0="28,8,119,55,17,22,68,82,25,102,130,5,16" hai1="132,37,60,42,114,88,32,40,4,10,21,91,92" hai2="89,108,24,53,118,113,12,3,59,107,106,74,110" hai3="72,27,50,41,48,33,95,87,115,70,80,83,71"/><U75/><E75/><V67/><F118/><W79/><G115/><T81/><D130/><U7/><E32/><V23/><F3/><W129/><G129/><T96/><D68/><U111/><E114/><V34/><F74/><W51/><G95/><N who="0" m="58655" /><D119/><U78/><E78/><V94/><F113/><W35/><G41/><N who="1" m="15978" /><E37/><V6/><F67/><W135/><G135/><T109/><D109/><N who="2" m="42090" /><F34/><W133/><G133/><T62/><D5/><U134/><E132/><V99/><F12/><W98/><G98/><T45/><D45/><U2/><E2/><V105/><F6/><W13/><G13/><N who="0" m="7207" /><D28/><U30/><E134/><V69/><F69/><W61/><G71/><T93/><D93/><U124/><E124/><V126/><F126/><W1/><G1/><T116/><D116/><U117/><E117/><V38/><F38/><W20/><G33/><T121/><D121/><U47/><E47/><V97/><F97/><W90/><G35/><T128/><D128/><U63/><E7/><V77/><F77/><W11/><G11/><T36/><D36/><U112/><E112/><V26/><F23/><W120/><G120/><T104/><D104/><U56/><E111/><V15/><F15/><W122/><G122/><T125/><D125/><U49/><E10/><V29/><F29/><N who="3" m="17639" /><G70/><T85/><D85/><U66/><E4/><V101/><F101/><W127/><G127/><T52/><D55/><U9/><E9/><V123/><F123/><W14/><G14/><T84/><D84/><U18/><E30/><V100/><F100/><W64/><G64/><T58/><AGARI ba="3,1" hai="17,22,25,52,58,62,81,82" m="7207,58655" machi="58" ten="30,7900,0" yaku="8,1,52,1,54,2" doraHai="57" who="0" fromWho="0" sc="190,98,429,-42,181,-23,190,-23" /><INIT seed="2,0,0,0,1,62" ten="288,387,158,167" oya="2" hai0="131,135,58,8,106,98,122,105,26,4,49,133,78" hai1="129,65,45,6,42,23,56,102,80,86,69,103,55" hai2="17,108,25,60,2,5,121,18,39,128,15,44,63" hai3="50,27,51,70,91,76,99,115,84,66,127,52,93"/><V19/><F121/><W28/><G127/><T87/><D122/><U130/><E6/><V104/><F128/><N who="1" m="49257" /><E23/><V101/><F108/><W36/><G36/><T94/><D87/><U88/><E65/><V33/><F15/><W125/><G125/><T35/><D49/><N who="1" m="30831" /><E69/><V120/><F120/><W21/><G115/><T107/><D94/><U132/><E132/><V82/><F82/><N who="3" m="47175" /><G70/><T116/><D78/><U29/><E29/><V109/><F109/><W92/><G92/><T53/><D26/><U81/><E81/><V73/><F2/><W11/><G11/><T22/><D98/><U38/><AGARI ba="0,0" hai="38,42,45,80,86,88,102,103" m="30831,49257" machi="38" ten="30,2000,0" yaku="19,1,54,1" doraHai="62" who="1" fromWho="1" sc="288,-5,387,20,158,-10,167,-5" /><INIT seed="3,0,0,0,5,107" ten="283,407,148,162" oya="3" hai0="55,92,121,25,12,45,126,104,47,44,1,61,62" hai1="132,77,129,74,84,19,57,3,38,106,41,116,119" hai2="34,54,108,21,130,97,58,52,68,20,6,63,80" hai3="70,86,122,53,103,51,37,118,14,93,131,40,133"/><W18/><G122/><T4/><D121/><U95/><E106/><V98/><F34/><W65/><G118/><N who="1" m="45098" /><E3/><V94/><F68/><W30/><G30/><T29/><D1/><U11/><E132/><V109/><F130/><W22/><G37/><T39/><D55/><N who="2" m="21034" /><F6/><W75/><G40/><T111/><D62/><U127/><E127/><V16/><F80/><W88/><G75/><T7/><D4/><U5/><E19/><V60/><F58/><N who="3" m="33087" /><G133/><T82/><D25/><U56/><E74/><V105/><F105/><W81/><G70/><T102/><D92/><U0/><E129/><V73/><F73/><W91/><G131/><T87/><D39/><U89/><E77/><V50/><F50/><W123/><G123/><T110/><D104/><U27/><E27/><N who="2" m="14727" /><F21/><W66/><G103/><T17/><D102/><U101/><E101/><N who="2" m="60599" /><F98/><AGARI ba="0,0" hai="14,18,22,65,66,81,86,88,91,93,98" m="33087" machi="98" ten="30,2900,0" yaku="8,1,54,1" doraHai="107" who="3" fromWho="2" sc="283,0,407,0,148,-29,162,29" /><INIT seed="3,1,0,4,5,93" ten="283,407,119,191" oya="3" hai0="66,130,124,60,40,11,96,85,103,116,91,99,88" hai1="19,123,62,113,29,45,101,135,2,3,17,13,44" hai2="56,52,70,107,108,90,58,43,110,74,76,98,100" hai3="42,67,57,47,104,131,79,73,4,75,68,41,27"/><W21/><G104/><T120/><D116/><U86/><E123/><V0/><F70/><W134/><G68/><T118/><D118/><U87/><E29/><V72/><F0/><W89/><G134/><T36/><D120/><U55/><E113/><V129/><F129/><W133/><G133/><T16/><D130/><U126/><E126/><V102/><F56/><W53/><G67/><T105/><D124/><U46/><E135/><V111/><F76/><W54/><G4/><T112/><D112/><U22/><E101/><V33/><F33/><W69/><G69/><T23/><D11/><U81/><E87/><V8/><F43/><W84/><G54/><T7/><D85/><U10/><E62/><V121/><F121/><W51/><G79/><T50/><D36/><U77/><REACH who="1" step="1"/><E55/><REACH who="1" ten="283,397,119,191" step="2"/><V64/><F64/><W61/><G42/><T24/><D103/><U94/><E94/><V32/><F32/><W18/><G131/><T49/><D105/><U80/><E80/><AGARI ba="1,1" hai="18,21,27,41,47,51,53,57,61,73,75,80,84,89" machi="80" ten="30,1500,0" yaku="7,1" doraHai="93" who="3" fromWho="1" sc="283,0,397,-18,119,0,191,28" /><INIT seed="3,2,0,3,3,64" ten="283,379,119,219" oya="3" hai0="13,22,126,125,85,62,16,20,35,32,108,78,36" hai1="106,7,10,95,86,15,99,37,26,72,27,116,9" hai2="12,40,18,94,59,81,14,0,93,61,48,52,63" hai3="104,74,134,128,50,120,129,110,88,21,17,105,122"/><W49/><G74/><T41/><D108/><U119/><E72/><V39/><F0/><W83/><G134/><T130/><D130/><N who="3" m="50281" /><G110/><T101/><D101/><N who="1" m="62783" /><E37/><V98/><F39/><W3/><G3/><T66/><D22/><U79/><E10/><V42/><F14/><N who="3" m="9399" /><G105/><T43/><D85/><U92/><E92/><V69/><F81/><W56/><G104/><T103/><D78/><U57/><E57/><V60/><F69/><W24/><G24/><T123/><D103/><U127/><E127/><N who="0" m="48649" /><D123/><N who="3" m="47145" /><G56/><N who="0" m="37191" /><D36/><U31/><E31/><V87/><F87/><AGARI ba="2,0" hai="49,50,83,87,88" m="47145,9399,50281" machi="87" ten="30,2900,0" yaku="19,1,54,1" doraHai="64" who="3" fromWho="2" sc="283,0,379,0,119,-35,219,35" /><INIT seed="3,3,0,1,0,134" ten="283,379,84,254" oya="3" hai0="37,24,59,97,67,60,55,53,44,132,73,100,81" hai1="115,1,32,35,126,69,133,90,58,128,130,72,4" hai2="111,135,2,29,47,123,45,87,25,77,70,12,41" hai3="113,105,104,112,98,13,92,85,122,119,62,118,84"/><W65/><G13/><T8/><D132/><U17/><E126/><V6/><F135/><W103/><G62/><T131/><D131/><N who="1" m="50219" /><E133/><V68/><F2/><W88/><G65/><T96/><D8/><N who="1" m="2063" /><E69/><V89/><F111/><W16/><G16/><T93/><D97/><U40/><E72/><V83/><F123/><W66/><G66/><T11/><D11/><U82/><E115/><N who="3" m="44106" /><G122/><T94/><D94/><U28/><E28/><V0/><F0/><W27/><G27/><T19/><D37/><U86/><E40/><V116/><F116/><N who="3" m="44587" /><G84/><T3/><D44/><U129/><E129/><V79/><F47/><W107/><AGARI ba="3,0" hai="85,88,92,98,103,104,105,107" m="44587,44106" machi="107" ten="40,7800,0" yaku="34,2,54,1" doraHai="134" who="3" fromWho="3" sc="283,-29,379,-29,84,-29,254,87" /><INIT seed="3,4,0,2,3,43" ten="254,350,55,341" oya="3" hai0="10,56,16,95,102,50,51,98,49,44,41,54,132" hai1="123,118,58,115,81,121,79,29,7,97,59,42,30" hai2="84,48,36,39,109,38,100,114,1,17,28,66,15" hai3="19,134,75,135,21,32,103,119,113,62,0,64,129"/><W77/><G113/><T108/><D108/><U89/><E115/><V87/><F114/><W71/><G119/><T128/><D132/><N who="3" m="50729" /><G129/><T40/><D128/><U130/><E130/><V107/><F1/><W93/><G32/><T125/><D125/><U14/><E118/><V25/><F48/><W37/><G37/><T104/><D104/><U46/><E123/><V55/><F55/><W86/><G0/><T6/><D41/><U4/><E121/><V99/><F109/><W76/><G75/><T111/><D111/><U80/><E58/><V82/><F15/><N who="3" m="9471" /><G86/><T13/><REACH who="0" step="1"/><D50/><REACH who="0" ten="244,350,55,341" step="2"/><U9/><E42/><V92/><F17/><AGARI ba="4,1" hai="6,10,13,16,17,40,44,49,51,54,56,95,98,102" machi="17" ten="40,8000,1" yaku="1,1,2,1,8,1,52,1,54,1,53,0" doraHai="43" doraHaiUra="60" who="0" fromWho="2" sc="244,102,350,0,55,-92,341,0" owari="346,14.6,350,45.0,-37,-53.7,341,-5.9" /></mjloggm>