<mjloggm ver="2.3"><GO type="225" lobby="0"/><UN n0="%EF%BC%B3%E3%81%9E%E3%81%88%E2%98%86" n1="%72%69%6F%75%63%68%61%6E" n2="%E3%81%8B%E3%82%8F%E3%81%A1%E3%82%83%E3%82%93%35%38" n3="%E3%81%BE%E3%81%A8%E3%81%9F" dan="16,16,17,16" rate="2089.61,2217.91,2185.35,2155.46" sx="F,M,M,M"/><TAIKYOKU oya="0"/><INIT seed="0,0,0,5,4,78" ten="250,250,250,250" oya="0" hai0="2,121,130,14,10,125,129,116,131,112,28,11,42" hai1="119,25,101,4,87,132,26,107,6,73,122,81,94" hai2="17,40,120,36,13,99,60,15,109,111,7,43,24" hai3="102,117,54,133,128,98,115,39,35,69,21,58,118"/><T18/><D42/><U68/><E119/><V83/><F120/><W33/><G115/><T30/><D112/><U105/><E122/><V80/><F24/><N who="1" m="9321" /><E68/><V32/><F32/><W49/><G39/><T27/><D121/><U57/><E132/><V86/><F86/><W93/><G128/><T59/><D116/><U45/><E73/><V75/><F75/><W96/><G69/><T41/><D41/><N who="2" m="15946" /><F36/><W70/><G70/><T37/><D59/><U12/><E105/><V52/><F7/><W124/><G124/><T29/><D37/><U9/><E107/><V22/><F99/><W1/><G1/><T50/><D50/><U64/><E45/><V85/><F85/><W53/><G33/><N who="0" m="20639" /><D125/><U126/><E126/><V90/><F90/><W65/><G35/><T71/><D71/><U92/><E101/><V97/><F97/><W104/><G98/><T79/><D79/><N who="1" m="46527" /><E4/><AGARI ba="0,0" hai="2,4,10,11,14,18,29,30,129,130,131" m="20639" machi="4" ten="30,5800,0" yaku="19,1,34,2" doraHai="78" who="0" fromWho="1" sc="250,58,250,-58,250,0,250,0" /><INIT seed="0,1,0,1,1,95" ten="308,192,250,250" oya="0" hai0="94,2,77,96,10,47,135,17,30,28,105,0,117" hai1="63,86,107,101,114,26,81,128,45,65,5,127,129" hai2="72,113,134,37,15,25,97,24,111,67,91,99,84" hai3="52,44,4,6,35,131,116,32,108,40,104,48,109"/><T106/><D117/><U46/><E127/><V1/><F1/><W110/><G116/><T115/><D115/><U13/><E114/><V38/><F113/><W126/><G126/><T36/><D2/><U102/><E26/><N who="2" m="10347" /><F72/><W133/><G133/><T119/><D119/><U125/><E125/><V3/><F3/><W20/><G20/><T59/><D77/><U89/><E5/><V22/><F38/><W83/><G131/><N who="1" m="50250" /><E13/><V92/><F37/><W61/><G104/><T120/><D106/><U7/><E7/><N who="3" m="2602" /><G83/><T66/><D105/><U124/><E124/><V42/><F134/><W75/><G75/><T54/><D66/><U79/><E79/><V21/><F111/><W39/><G61/><T57/><D36/><U29/><E29/><V53/><F42/><W80/><G80/><T43/><D43/><U69/><E102/><V14/><F67/><W68/><G68/><T93/><D30/><U41/><E41/><V70/><F70/><W12/><G12/><N who="2" m="4649" /><F53/><W55/><G55/><T78/><D54/><U71/><E69/><V51/><F51/><W62/><G62/><T98/><D28/><U16/><E16/><V73/><F73/><W74/><G74/><T8/><D17/><U87/><E107/><V58/><F58/><AGARI ba="1,0" hai="32,35,39,40,44,48,52,58,108,109,110" m="2602" machi="58" ten="30,2000,0" yaku="14,1,54,1" doraHai="95" who="3" fromWho="2" sc="308,0,192,0,250,-23,250,23" /><INIT seed="1,0,0,1,4,59" ten="308,192,227,273" oya="1" hai0="43,73,93,135,64,6,101,100,11,131,98,128,65" hai1="114,122,133,10,132,79,49,13,60,34,58,27,36" hai2="71,52,80,29,45,106,115,33,24,117,5,46,82" hai3="111,97,99,96,120,123,72,124,88,35,104,108,22"/><U74/><E114/><V3/><F117/><W2/><G35/><T30/><D135/><N who="1" m="51787" /><E122/><N who="3" m="46634" /><G2/><T76/><D30/><N who="1" m="19807" /><E36/><V113/><F106/><W50/><G22/><T121/><D43/><U44/><E79/><V92/><F71/><W9/><G9/><T77/><D121/><U21/><E74/><V105/><F105/><W91/><G50/><T25/><D25/><U103/><E103/><V68/><F68/><W81/><G124/><T47/><D47/><N who="2" m="17930" /><F92/><W118/><G104/><T125/><D125/><U4/><E21/><V110/><F110/><N who="3" m="42027" /><G118/><T107/><D107/><U54/><E44/><V42/><F42/><W51/><G51/><AGARI ba="0,0" hai="4,10,13,49,51,54,58,60" m="19807,51787" machi="51" ten="30,2900,0" yaku="20,1,52,1" doraHai="59" who="1" fromWho="3" sc="308,0,192,29,227,0,273,-29" /><INIT seed="1,1,0,1,4,8" ten="308,221,227,244" oya="1" hai0="17,117,124,45,12,34,82,46,20,79,126,23,78" hai1="130,9,92,97,25,21,99,58,81,112,113,68,115" hai2="44,10,39,19,102,90,61,37,5,100,119,85,110" hai3="131,127,133,77,109,57,106,108,86,48,74,67,94"/><U66/><E68/><V14/><F119/><W60/><G127/><N who="0" m="48683" /><D34/><U91/><E130/><V29/><F110/><W16/><G131/><T32/><D32/><U38/><E38/><V6/><F39/><W33/><G33/><T3/><D3/><U116/><E116/><V121/><F121/><W65/><G106/><T11/><D117/><U59/><E66/><V13/><F29/><W135/><G74/><N who="0" m="43351" /><D79/><U51/><E97/><V53/><F37/><W64/><G48/><T35/><D35/><U105/><E105/><V56/><F44/><AGARI ba="1,0" hai="11,12,17,20,23,44,45,46" m="43351,48683" machi="44" ten="30,2000,0" yaku="18,1,52,1" doraHai="8" who="0" fromWho="2" sc="308,23,221,0,227,-23,244,0" /><INIT seed="2,0,0,3,4,123" ten="331,221,204,244" oya="2" hai0="48,4,103,95,76,102,72,112,119,17,74,121,20" hai1="36,7,46,5,108,15,68,117,92,9,75,44,18" hai2="28,77,132,125,22,104,12,57,65,43,109,3,30" hai3="13,0,16,114,40,85,129,2,60,91,38,133,23"/><V113/><F104/><W128/><G133/><T82/><D112/><U107/><E108/><V63/><F113/><W62/><G40/><T86/><D119/><U51/><E117/><V32/><F3/><N who="3" m="1067" /><G38/><T110/><D4/><U47/><E107/><V118/><F118/><W93/><G114/><T111/><D48/><U98/><E68/><V27/><F132/><W39/><G39/><T97/><D121/><U25/><E75/><N who="0" m="28713" /><D20/><N who="1" m="13463" /><E36/><V90/><F125/><W127/><G127/><T89/><D17/><N who="1" m="8431" /><E51/><V26/><F77/><W101/><G101/><AGARI ba="0,0" hai="76,82,86,89,95,97,101,102,103,110,111" m="28713" machi="101" ten="30,7700,0" yaku="34,2,52,2" doraHai="123" who="0" fromWho="3" sc="331,77,221,0,204,0,244,-77" /><AGARI ba="0,0" hai="5,7,44,46,47,92,98,101" m="8431,13463" machi="101" ten="30,1000,0" yaku="8,1" doraHai="123" who="1" fromWho="3" sc="408,0,221,10,204,0,167,-10" /><INIT seed="3,0,0,3,2,81" ten="408,231,204,157" oya="3" hai0="39,97,14,45,88,101,121,115,103,65,130,32,86" hai1="126,67,89,41,83,123,49,11,58,51,36,114,109" hai2="127,12,48,60,35,128,23,133,6,2,135,1,63" hai3="56,69,129,42,90,78,50,119,110,40,71,0,118"/><W16/><G0/><T99/><D32/><U122/><E114/><V92/><F35/><W15/><G129/><T61/><D115/><U8/><E109/><V107/><F107/><W5/><G110/><T82/><D130/><U7/><E126/><V134/><F128/><W84/><G78/><T113/><D113/><U47/><E11/><N who="2" m="4215" /><F127/><W100/><G100/><T104/><D121/><U53/><E67/><V124/><F124/><W68/><G5/><T87/><D39/><U132/><E132/><V46/><F23/><W70/><N who="3" m="17408" /><DORA hai="24" /><W31/><G31/><T94/><D45/><U74/><E49/><V106/><F106/><W34/><G34/><T62/><D14/><U13/><E89/><V26/><F26/><W9/><G119/><T98/><D65/><U75/><REACH who="1" step="1"/><E74/><REACH who="1" ten="408,221,204,157" step="2"/><V57/><F48/><W120/><G120/><T111/><D111/><U4/><E4/><V96/><F134/><W25/><G118/><T95/><D62/><U38/><E38/><V43/><F63/><W76/><G76/><AGARI ba="0,1" hai="7,8,13,36,41,47,51,53,58,75,76,83,122,123" machi="76" ten="40,2600,0" yaku="1,1,53,1" doraHai="81,24" doraHaiUra="93,77" who="1" fromWho="3" sc="408,0,221,36,204,0,157,-26" owari="408,50.8,257,5.7,204,-19.6,131,-36.9" /></mjloggm>