<mjloggm ver="2.3"><GO type="225" lobby="0"/><UN n0="%72%61%6B%33" n1="%E3%81%82%E3%81%99%E3%81%AB%E3%82%83%E3%82%80" n2="%E3%81%86%E3%81%A9%E3%82%93%E3%81%93" n3="%E3%83%A9%E3%83%BC%E3%83%A1%E3%83%B3%E4%BA%94%E9%83%8E" dan="16,16,16,16" rate="2093.63,2109.48,2170.85,2092.83" sx="M,F,M,M"/><TAIKYOKU oya="0"/><INIT seed="0,0,0,1,2,93" ten="250,250,250,250" oya="0" hai0="81,47,56,126,73,61,131,38,116,79,88,130,53" hai1="123,60,34,66,2,77,127,74,35,6,26,133,117" hai2="49,99,0,89,97,21,39,109,129,59,43,120,87" hai3="90,44,14,86,128,78,82,125,95,122,54,3,119"/><T83/><D116/><U98/><E117/><V80/><F0/><W68/><G119/><T51/><D38/><U121/><E133/><V17/><F120/><W76/><G3/><T67/><REACH who="0" step="1"/><D126/><REACH who="0" ten="240,250,250,250" step="2"/><U16/><E127/><V12/><F129/><W40/><G125/><T37/><D37/><U110/><E123/><V85/><F109/><W15/><G122/><T132/><D132/><U96/><E110/><V65/><F39/><W55/><G128/><T112/><D112/><U103/><E121/><V27/><F43/><W94/><G40/><T31/><D31/><U29/><E29/><V84/><F84/><AGARI ba="0,1" hai="47,51,53,56,61,67,73,79,81,83,84,88,130,131" machi="84" ten="40,7700,0" yaku="1,1,54,1,53,1" doraHai="93" doraHaiUra="58" who="0" fromWho="2" sc="240,87,250,0,250,-77,250,0" /><INIT seed="0,1,0,3,2,3" ten="327,250,173,250" oya="0" hai0="74,17,23,105,55,60,49,86,52,114,100,33,57" hai1="129,84,75,24,81,125,115,85,19,4,90,109,127" hai2="46,65,40,32,83,7,36,8,112,69,10,116,2" hai3="45,14,78,31,122,133,106,132,39,88,27,51,12"/><T102/><D33/><U53/><E109/><V119/><F112/><W47/><G122/><T20/><D74/><U117/><E117/><V42/><F42/><N who="3" m="22751" /><G106/><T0/><D114/><U21/><E115/><V70/><F32/><N who="3" m="20607" /><G88/><T92/><D0/><U38/><E38/><V61/><F69/><W113/><G78/><T98/><D86/><U89/><E75/><V76/><REACH who="2" step="1"/><F10/><REACH who="2" ten="327,250,163,250" step="2"/><W77/><G113/><T54/><D20/><U108/><E108/><V128/><F128/><W107/><G133/><T126/><D126/><U79/><E129/><V37/><F37/><W95/><G132/><T67/><D105/><U63/><E125/><V41/><F41/><W72/><G107/><T28/><D28/><U50/><E127/><V11/><F11/><W30/><G30/><T135/><D135/><U62/><E79/><V44/><F44/><W26/><G77/><T5/><D23/><U73/><E73/><AGARI ba="1,1" hai="2,7,8,36,40,46,61,65,70,73,76,83,116,119" machi="73" ten="40,12000,2" yaku="1,1,25,2,23,2,52,1,53,0" doraHai="3" doraHaiUra="93" who="2" fromWho="1" sc="327,0,250,-123,163,133,250,0" /><INIT seed="1,0,0,2,5,118" ten="327,127,296,250" oya="1" hai0="31,58,124,39,101,123,64,79,43,27,131,114,67" hai1="65,117,91,62,38,107,12,13,82,7,59,96,93" hai2="115,72,83,126,134,98,41,20,94,52,105,121,75" hai3="129,17,36,40,109,135,4,76,28,61,44,125,100"/><U132/><BYE who="0" /><E117/><UN n0="%72%61%6B%33" /><V50/><F121/><W30/><G109/><T49/><D114/><U86/><E38/><V23/><F115/><W92/><G125/><T2/><D2/><U45/><E132/><V37/><F126/><W71/><G135/><T85/><D131/><U95/><E107/><V35/><F105/><W106/><G106/><T63/><D39/><U122/><E122/><V69/><F35/><W84/><G129/><T22/><D123/><U128/><E128/><V14/><F69/><W33/><G4/><T73/><D73/><U77/><E7/><V5/><F134/><W54/><G33/><T113/><D113/><U51/><REACH who="1" step="1"/><E93/><REACH who="1" ten="327,117,296,250" step="2"/><V29/><F94/><W57/><G92/><T66/><D124/><U6/><E6/><V70/><F37/><W32/><G36/><T56/><D67/><U97/><E97/><V26/><F98/><W48/><G30/><T42/><D66/><U81/><E81/><V9/><F83/><W112/><G28/><T47/><D64/><U21/><E21/><V18/><F70/><W25/><G112/><T80/><D22/><U90/><E90/><V15/><REACH who="2" step="1"/><F41/><AGARI ba="0,1" hai="12,13,41,45,51,59,62,65,77,82,86,91,95,96" machi="41" ten="30,5800,0" yaku="1,1,7,1,8,1,53,0" doraHai="118" doraHaiUra="119" who="1" fromWho="2" sc="327,0,117,68,296,-58,250,0" /><INIT seed="1,1,0,4,2,108" ten="327,185,238,250" oya="1" hai0="35,50,135,105,62,88,116,22,79,36,27,47,70" hai1="104,98,9,66,94,81,87,45,83,1,127,75,102" hai2="15,134,119,117,86,132,131,77,118,129,109,24,31" hai3="26,25,123,17,37,101,64,56,6,41,89,3,71"/><U74/><E127/><V63/><F63/><W18/><G123/><T68/><D116/><U2/><E66/><V32/><F77/><W38/><G71/><T125/><D35/><U130/><E45/><V128/><F86/><W42/><G101/><T55/><D105/><U59/><E59/><V110/><REACH who="2" step="1"/><F15/><REACH who="2" ten="327,185,228,250" step="2"/><W13/><G13/><T11/><D62/><U113/><E74/><V82/><F82/><W112/><G3/><T103/><D79/><U5/><E1/><V34/><F34/><W30/><G25/><T60/><D27/><U72/><E75/><V7/><F7/><W44/><G6/><T40/><D60/><U23/><E72/><V69/><F69/><W33/><G33/><T53/><D70/><U92/><E83/><V96/><F96/><W58/><G26/><T4/><D4/><U0/><E2/><V99/><F99/><W21/><G64/><T73/><D73/><U122/><E87/><V90/><F90/><W29/><G89/><T8/><D88/><U39/><E81/><V133/><AGARI ba="1,1" hai="24,31,32,109,110,117,118,119,128,129,131,132,133,134" machi="133" ten="50,24000,4" yaku="1,1,0,1,29,2,19,1,20,1,23,2,34,3,53,0" doraHai="108" doraHaiUra="111" who="2" fromWho="2" sc="327,-61,185,-121,228,253,250,-61" /><INIT seed="2,0,0,1,1,54" ten="266,64,481,189" oya="2" hai0="65,120,83,35,131,43,106,114,115,16,11,69,74" hai1="95,90,76,12,47,88,0,42,48,68,32,2,13" hai2="112,3,73,78,37,126,9,81,123,70,52,25,27" hai3="26,98,109,34,14,87,89,19,59,53,119,7,5"/><V10/><F70/><W124/><G119/><T80/><D120/><U103/><E32/><V63/><F112/><W77/><G109/><T79/><D131/><U99/><E68/><V50/><F37/><W92/><G124/><T31/><D43/><U116/><E116/><V129/><F123/><W62/><G34/><T22/><D106/><U51/><E0/><V113/><F113/><W56/><G26/><T128/><D128/><U17/><E2/><V135/><F126/><W122/><G122/><T23/><D35/><U118/><E118/><V85/><F129/><W38/><G38/><T110/><D11/><U94/><E76/><V6/><F135/><W75/><G75/><T24/><D110/><U58/><E12/><V66/><F73/><W93/><G59/><T8/><D8/><U4/><E4/><V44/><REACH who="2" step="1"/><F9/><REACH who="2" ten="266,64,471,189" step="2"/><N who="3" m="6607" /><G77/><T71/><D71/><U97/><E103/><AGARI ba="0,1" hai="5,7,53,56,62,87,89,92,93,98,103" m="6607" machi="103" ten="30,2000,0" yaku="8,1,52,1" doraHai="54" who="3" fromWho="1" sc="266,0,64,-20,471,0,189,30" /><INIT seed="3,0,0,5,1,12" ten="266,44,471,219" oya="3" hai0="8,86,34,90,24,106,16,118,97,78,54,135,36" hai1="114,133,98,26,1,117,101,29,96,61,15,2,38" hai2="124,42,6,110,69,75,105,99,30,122,132,84,92" hai3="23,7,119,13,59,20,94,43,4,48,68,73,130"/><W37/><G119/><T82/><D135/><U28/><E38/><V127/><F6/><W131/><G73/><T32/><D118/><U51/><E51/><V44/><F30/><W116/><G116/><T10/><D36/><U46/><E117/><V35/><F84/><W121/><G121/><T39/><D39/><U125/><E15/><V128/><F92/><W41/><G68/><T66/><D66/><U120/><E120/><V62/><F99/><W91/><G37/><T100/><D10/><U102/><E133/><V40/><F75/><W64/><G64/><T87/><D54/><U53/><E26/><V63/><F105/><W113/><G113/><T80/><D8/><U65/><E65/><V14/><F14/><W50/><G13/><T58/><D58/><U129/><E114/><V60/><F35/><W103/><G59/><T85/><D85/><U109/><E53/><V70/><F122/><W17/><G91/><T56/><D56/><U123/><E123/><V49/><F132/><W134/><G134/><T83/><D83/><U22/><E22/><V93/><F93/><W25/><G94/><T11/><D11/><U76/><E109/><V9/><F9/><W79/><G25/><T104/><D104/><U55/><E55/><N who="2" m="30119" /><F110/><W45/><G103/><T31/><D32/><U74/><E74/><V57/><F57/><W52/><G52/><T108/><D108/><U71/><E71/><N who="2" m="27147" /><F128/><W67/><G45/><T21/><D34/><U77/><E129/><V3/><F3/><W72/><G72/><T112/><D112/><U126/><E46/><V5/><F62/><RYUUKYOKU ba="0,0" sc="266,15,44,15,471,-15,219,-15" hai0="16,21,24,31,78,80,82,86,87,90,97,100,106" hai1="1,2,28,29,61,76,77,96,98,101,102,125,126" owari="281,8.1,59,-44.1,456,55.6,204,-19.6" /></mjloggm>