<mjloggm ver="2.3"><GO type="225" lobby="0"/><UN n0="%E3%81%A1%E3%82%85%E3%81%86%E3%81%A9%E3%81%8F%E8%B1%A1%E3%81%95%E3%82%93" n1="%6D%69%6B%75%36%31%38" n2="%E6%80%AA%E3%81%97%E3%81%99%E3%81%8E%E3%82%8B%E3%83%81%E3%83%BC" n3="%E5%80%89%E6%A9%8B%EF%BC%A0%E4%BA%8B%E5%8B%99" dan="17,16,16,16" rate="2215.71,2064.62,2153.58,2102.20" sx="M,M,M,M"/><TAIKYOKU oya="0"/><INIT seed="0,0,0,4,2,90" ten="250,250,250,250" oya="0" hai0="44,75,99,95,132,68,85,105,12,122,112,108,130" hai1="133,109,60,118,36,54,39,0,53,70,73,52,103" hai2="57,110,102,33,117,45,107,135,28,15,24,78,119" hai3="64,59,48,83,37,18,26,41,80,128,127,42,43"/><T93/><D122/><U124/><E118/><N who="2" m="45067" /><F110/><W92/><G37/><T38/><D112/><U46/><E0/><V72/><F135/><W77/><G128/><T71/><D75/><U67/><E73/><V35/><F35/><W106/><G106/><T6/><D130/><U21/><E109/><V82/><F57/><W114/><G114/><T76/><D108/><U23/><E133/><V5/><F45/><W125/><G77/><T89/><D132/><U131/><E131/><V98/><F15/><W61/><G48/><T96/><D105/><U63/><E103/><V11/><F11/><W51/><G51/><T40/><D76/><U111/><E111/><V121/><F5/><W86/><G26/><T34/><D34/><U97/><E97/><V31/><F31/><W94/><G18/><T2/><D2/><U116/><E116/><V126/><F126/><N who="3" m="48139" /><G83/><T113/><D85/><U50/><E124/><V74/><F74/><W19/><G19/><T4/><D113/><U91/><E23/><V104/><F104/><W20/><G20/><T81/><D81/><U7/><E21/><V8/><F8/><W47/><G47/><T32/><D32/><U69/><E7/><N who="0" m="2601" /><D12/><U120/><E120/><AGARI ba="0,0" hai="24,28,33,72,78,82,98,102,107,120,121" m="45067" machi="120" ten="30,2000,0" yaku="12,1,23,1" doraHai="90" who="2" fromWho="1" sc="250,0,250,-20,250,20,250,0" /><INIT seed="1,0,0,4,5,118" ten="250,230,270,250" oya="1" hai0="123,14,108,64,60,47,9,131,93,109,63,132,76" hai1="13,54,80,69,94,95,99,77,79,17,32,26,49" hai2="96,56,46,7,133,45,107,42,44,70,111,59,12" hai3="33,11,50,113,127,75,130,8,90,87,114,35,28"/><U53/><E69/><V20/><F70/><W115/><G75/><T57/><D132/><U89/><E95/><V91/><F133/><W117/><G117/><T1/><D1/><U71/><E71/><V40/><F111/><N who="0" m="42570" /><D76/><U3/><E3/><V62/><F107/><W97/><G97/><T81/><D81/><U105/><E105/><V2/><F2/><W104/><G104/><T122/><D131/><U21/><E54/><N who="2" m="34071" /><F59/><W88/><G130/><T100/><D60/><U30/><REACH who="1" step="1"/><E80/><REACH who="1" ten="250,220,270,250" step="2"/><V10/><F40/><W83/><G83/><T31/><D47/><AGARI ba="0,1" hai="13,17,21,26,30,32,47,49,53,77,79,89,94,99" machi="47" ten="30,5800,0" yaku="1,1,2,1,7,1,53,0" doraHai="118" doraHaiUra="68" who="1" fromWho="0" sc="250,-58,220,68,270,0,250,0" /><INIT seed="1,1,0,2,0,33" ten="192,288,270,250" oya="1" hai0="127,30,18,130,111,42,22,69,3,72,104,97,68" hai1="102,44,85,91,75,71,15,112,23,86,119,27,62" hai2="79,29,56,113,52,14,46,41,37,103,47,45,31" hai3="49,105,115,109,25,120,132,34,88,116,117,100,99"/><U83/><E119/><N who="3" m="45642" /><G120/><T77/><D42/><U43/><E112/><V13/><F113/><W2/><G115/><T78/><D30/><N who="2" m="11274" /><F37/><W74/><G34/><T70/><D111/><U101/><E75/><V81/><F41/><W57/><G25/><T133/><D133/><U89/><E15/><N who="2" m="5643" /><F103/><W53/><G74/><T8/><D130/><U108/><E108/><V134/><F134/><W131/><G132/><T4/><D127/><U93/><E62/><N who="2" m="36103" /><F81/><W39/><G39/><T38/><D38/><U28/><REACH who="1" step="1"/><E71/><REACH who="1" ten="192,278,270,250" step="2"/><V92/><F92/><N who="3" m="56711" /><G109/><T16/><D72/><U90/><E90/><V80/><F80/><W55/><G131/><T35/><D35/><U106/><E106/><V128/><F128/><W6/><G105/><T51/><D51/><AGARI ba="1,1" hai="23,27,28,43,44,51,83,85,86,89,91,93,101,102" machi="51" ten="30,11600,0" yaku="1,1,7,1,8,1,53,1" doraHai="33" doraHaiUra="21" who="1" fromWho="0" sc="192,-119,278,129,270,0,250,0" /><INIT seed="1,2,0,2,5,29" ten="73,407,270,250" oya="1" hai0="65,101,45,98,19,124,110,73,26,127,41,0,44" hai1="7,54,95,72,92,31,118,105,11,21,38,61,46" hai2="71,60,39,33,93,55,69,1,133,16,122,123,30" hai3="5,109,62,12,10,94,70,58,42,66,17,88,53"/><U104/><E118/><V13/><F1/><W89/><G109/><T117/><D117/><U102/><E72/><V74/><F39/><W77/><G77/><T126/><D0/><U34/><E21/><V84/><F74/><W68/><G42/><T87/><D73/><U134/><E134/><V78/><F133/><W76/><G76/><T107/><D110/><U83/><E83/><V100/><F100/><W135/><G135/><T114/><D114/><U35/><E95/><V25/><F71/><W96/><G89/><T82/><D65/><U6/><E6/><V49/><F60/><W56/><REACH who="3" step="1"/><G5/><REACH who="3" ten="73,407,270,240" step="2"/><T130/><D130/><U40/><E7/><V51/><F122/><W113/><G113/><T125/><N who="0" m="31744" /><DORA hai="24" /><T59/><D41/><U8/><E40/><V9/><F123/><W91/><G91/><T112/><D112/><U43/><E43/><V15/><F78/><W81/><G81/><T119/><D119/><U22/><E38/><V52/><F69/><W108/><G108/><T128/><D128/><U20/><E102/><V37/><F37/><W64/><G64/><T67/><D82/><U18/><E54/><V3/><F55/><W90/><G90/><T2/><D87/><U28/><E105/><V80/><F52/><W75/><G75/><T97/><D97/><U120/><E120/><V86/><F80/><W63/><AGARI ba="2,1" hai="10,12,17,53,56,58,62,63,66,68,70,88,94,96" machi="63" ten="20,5200,0" yaku="1,1,0,1,7,1,54,1,53,0" doraHai="29,24" doraHaiUra="116,106" who="3" fromWho="3" sc="73,-15,407,-28,270,-15,240,68" /><INIT seed="2,0,0,4,5,88" ten="58,379,255,308" oya="2" hai0="85,71,110,39,42,10,119,132,41,118,70,84,100" hai1="48,114,27,113,25,19,44,75,11,60,89,134,63" hai2="93,108,66,15,99,69,96,124,72,90,53,4,36" hai3="52,47,7,111,37,112,79,58,2,120,65,3,109"/><V51/><F36/><W31/><G120/><T107/><D10/><U135/><E75/><V77/><F124/><W32/><G79/><T106/><D100/><U131/><E131/><V126/><F126/><W5/><G112/><T98/><D98/><U95/><E27/><V121/><F121/><W59/><G65/><T78/><D78/><U45/><E45/><V49/><F108/><N who="3" m="41547" /><G32/><T74/><D110/><U127/><E127/><V35/><F35/><W87/><G31/><T115/><D39/><U43/><E63/><V9/><F96/><W62/><G87/><T18/><D18/><U17/><E60/><V50/><F66/><N who="3" m="39255" /><G47/><T46/><D46/><U128/><E114/><V12/><F69/><W92/><G92/><T116/><D74/><U97/><E113/><V80/><REACH who="2" step="1"/><F15/><REACH who="2" ten="58,379,245,308" step="2"/><W8/><G37/><T102/><D115/><U13/><E97/><V0/><F0/><N who="3" m="39" /><G7/><T117/><N who="0" m="29696" /><DORA hai="123" /><T22/><D132/><U125/><E125/><V94/><F94/><W29/><G29/><T28/><D107/><U91/><E95/><V40/><F40/><W68/><G68/><T103/><D70/><U23/><E135/><V83/><F83/><W76/><G76/><T30/><D71/><U57/><E134/><V104/><F104/><W38/><G38/><T33/><D106/><U86/><E43/><N who="0" m="16393" /><D33/><U82/><E82/><V34/><F34/><W61/><AGARI ba="0,1" hai="2,3,52,59,61" m="39,39255,41547" machi="61" ten="30,8000,1" yaku="14,1,52,3,54,1" doraHai="88,123" who="3" fromWho="3" sc="58,-20,379,-20,245,-40,308,90" /><INIT seed="3,0,0,2,5,113" ten="38,359,205,398" oya="3" hai0="116,117,80,93,57,114,94,4,56,76,121,38,55" hai1="5,133,95,112,60,27,135,24,11,22,88,77,75" hai2="8,26,42,51,12,16,126,131,40,123,72,36,3" hai3="49,53,18,0,25,92,2,100,107,134,17,101,110"/><W15/><G107/><T99/><D121/><U82/><E112/><V59/><F123/><W14/><G25/><T54/><D114/><U118/><E118/><V96/><F72/><W37/><G37/><T10/><D38/><U83/><E83/><V87/><F131/><W120/><G120/><T32/><D32/><U21/><E60/><V35/><F3/><W122/><G134/><N who="1" m="51210" /><E27/><V61/><F51/><W74/><G74/><T105/><D105/><U71/><E71/><V90/><F96/><W115/><G115/><T124/><D124/><U79/><E79/><V9/><F9/><W85/><G122/><T47/><D47/><U104/><E24/><V127/><F36/><W28/><G28/><T34/><D34/><U67/><E67/><V44/><F44/><N who="3" m="27815" /><G110/><T102/><D94/><U39/><E104/><V1/><F1/><W70/><G70/><T128/><D128/><U29/><E29/><V48/><F48/><W69/><G69/><T73/><D56/><U62/><E62/><V20/><F35/><W30/><G30/><T65/><D65/><U130/><E130/><V43/><F59/><W125/><G125/><T81/><D81/><U109/><E109/><V41/><F61/><W64/><G64/><T13/><REACH who="0" step="1"/><D57/><REACH who="0" ten="28,359,205,398" step="2"/><U66/><E66/><V63/><F126/><W50/><G92/><T31/><D31/><U97/><E39/><V58/><F127/><W89/><G101/><T84/><D84/><U106/><E106/><V45/><F58/><W119/><G100/><T111/><D111/><U86/><E86/><V91/><F45/><W78/><G85/><RYUUKYOKU ba="0,1" sc="28,15,359,15,205,-15,398,-15" hai0="4,10,13,54,55,73,76,80,93,99,102,116,117" hai1="5,11,21,22,75,77,82,88,95,97" owari="43,-45.7,374,17.4,190,-21.0,393,49.3" /></mjloggm>