<mjloggm ver="2.3"><GO type="225" lobby="0"/><UN n0="%72%69%6F%75%63%68%61%6E" n1="%E4%BF%BA%E3%81%A8%E5%A6%96%E5%A4%A2" n2="%63%68%78%62%64" n3="%E6%B4%BE%E9%81%A3%E3%81%AE%E3%82%B8%E3%83%A3%E3%83%83%E3%82%AF" dan="16,17,16,17" rate="2127.39,2242.29,2135.93,2179.80" sx="M,F,M,M"/><TAIKYOKU oya="0"/><INIT seed="0,0,0,1,0,11" ten="250,250,250,250" oya="0" hai0="50,96,33,70,78,132,74,77,134,97,92,116,31" hai1="102,107,127,106,103,37,131,39,5,38,118,48,2" hai2="8,100,98,128,93,0,27,63,10,49,16,68,58" hai3="13,4,125,119,57,105,80,45,59,51,90,129,85"/><T64/><D116/><U135/><E118/><V87/><F128/><W79/><G105/><T94/><D70/><U111/><E131/><V124/><F124/><W123/><G119/><T114/><D64/><U89/><E127/><V91/><F68/><W14/><G129/><T88/><D114/><U25/><E111/><V9/><F49/><W72/><G125/><T35/><D50/><U40/><E135/><N who="0" m="51753" /><D31/><U6/><E89/><V47/><F47/><W54/><G123/><T52/><D52/><U133/><E133/><V1/><F1/><W67/><G4/><N who="1" m="1642" /><E48/><V84/><F0/><W65/><G65/><T3/><D3/><U28/><E40/><V112/><F112/><W53/><G67/><T19/><D19/><U22/><E2/><V62/><F87/><N who="3" m="48543" /><G45/><T12/><D12/><N who="3" m="4713" /><G72/><T71/><D71/><U23/><E25/><V113/><F113/><W36/><G36/><T21/><D21/><N who="1" m="7691" /><E28/><V55/><F16/><W126/><G126/><T122/><D122/><U99/><E99/><V108/><F108/><W115/><G115/><T110/><D110/><U43/><E43/><V69/><F69/><W130/><G130/><T83/><D77/><U42/><E42/><V66/><F66/><W24/><G24/><T29/><D29/><U41/><E41/><V30/><F27/><W95/><G51/><T32/><D33/><U46/><E46/><V44/><F44/><W76/><G76/><T101/><AGARI ba="0,0" hai="32,35,74,78,83,88,92,94,96,97,101" m="51753" machi="101" ten="30,3000,0" yaku="20,1,54,1" doraHai="11" who="0" fromWho="0" sc="250,30,250,-10,250,-10,250,-10" /><INIT seed="0,1,0,2,4,31" ten="280,240,240,240" oya="0" hai0="48,8,55,65,4,13,3,18,40,17,16,103,109" hai1="73,61,23,42,19,12,121,41,64,93,125,101,53" hai2="49,50,62,89,104,44,20,21,116,127,128,52,72" hai3="69,85,5,11,102,106,32,74,6,78,84,37,75"/><T99/><D109/><U81/><E121/><V124/><F72/><W97/><G69/><T59/><D40/><U80/><E125/><N who="2" m="48203" /><F128/><W14/><G37/><T107/><REACH who="0" step="1"/><D65/><REACH who="0" ten="270,240,240,240" step="2"/><U47/><E41/><V117/><F117/><W63/><G74/><T113/><D113/><U43/><E43/><V100/><F116/><W87/><G75/><T115/><D115/><U56/><E73/><V132/><F132/><W34/><G78/><T122/><D122/><U112/><E64/><V105/><F52/><W10/><REACH who="3" step="1"/><G63/><REACH who="3" ten="270,240,240,230" step="2"/><T30/><D30/><U7/><E112/><V51/><F62/><W129/><G129/><T123/><D123/><U28/><E28/><V0/><F51/><W46/><G46/><T38/><D38/><U111/><E111/><V88/><F50/><W35/><G35/><T58/><D58/><U68/><E47/><V9/><F49/><W76/><G76/><T98/><D98/><N who="1" m="59599" /><E68/><V15/><F44/><W27/><G27/><T86/><D86/><U91/><E61/><V114/><F114/><W60/><G60/><T82/><D82/><U39/><E80/><V36/><F36/><W71/><G71/><T118/><D118/><U2/><E56/><V54/><F54/><W120/><G120/><T22/><AGARI ba="1,2" hai="3,4,8,13,16,17,18,22,48,55,59,99,103,107" machi="22" ten="20,7800,0" yaku="1,1,0,1,7,1,54,1,53,0" doraHai="31" doraHaiUra="24" who="0" fromWho="0" sc="270,101,240,-27,240,-27,230,-27" /><INIT seed="0,2,0,3,0,68" ten="371,213,213,203" oya="0" hai0="4,75,13,83,61,111,106,65,50,122,104,100,38" hai1="14,73,21,54,105,27,20,87,128,45,84,33,58" hai2="101,133,79,76,62,26,69,132,97,135,86,123,35" hai3="134,80,131,6,118,46,57,107,48,64,126,12,129"/><T71/><D122/><U49/><E73/><V7/><F123/><W41/><G107/><T47/><D111/><U94/><E105/><V117/><F117/><W66/><G118/><T85/><D75/><U19/><E128/><N who="3" m="49226" /><G126/><T60/><D38/><U99/><E45/><V9/><F86/><W3/><G3/><T15/><D61/><U1/><E33/><V18/><F62/><W74/><G134/><T16/><D4/><U23/><E1/><N who="2" m="239" /><F69/><W110/><G110/><T37/><D37/><U39/><E39/><V112/><F112/><W115/><G57/><T5/><D5/><U70/><E70/><V81/><F81/><W11/><G115/><T59/><D71/><U116/><E116/><V96/><F18/><W40/><G40/><T78/><D100/><U31/><REACH who="1" step="1"/><E21/><REACH who="1" ten="371,203,213,203" step="2"/><V89/><F35/><W10/><G10/><T25/><D106/><U103/><AGARI ba="2,1" hai="14,19,20,23,27,31,49,54,58,84,87,94,99,103" machi="103" ten="20,12000,2" yaku="1,1,2,1,0,1,7,1,8,1,53,1" doraHai="68" doraHaiUra="8" who="1" fromWho="1" sc="371,-62,203,136,213,-32,203,-32" /><INIT seed="1,0,0,5,0,35" ten="309,339,181,171" oya="1" hai0="15,129,94,112,24,81,93,32,37,98,87,14,124" hai1="11,85,52,18,20,56,109,54,70,62,25,67,82" hai2="55,58,41,132,83,120,125,118,130,13,48,5,34" hai3="110,4,10,101,22,102,46,79,105,30,47,80,69"/><U97/><E109/><V12/><F120/><W111/><G69/><T27/><D112/><U90/><E70/><V6/><F118/><W92/><G105/><T31/><D124/><U3/><REACH who="1" step="1"/><E97/><REACH who="1" ten="309,329,181,171" step="2"/><V128/><F125/><W113/><G110/><T61/><D98/><U95/><E95/><V76/><F130/><W28/><G111/><T103/><D94/><U131/><E131/><V51/><F128/><W42/><G92/><T8/><D93/><U17/><E17/><V2/><F132/><W134/><G134/><T72/><D129/><U64/><E64/><V53/><F83/><W36/><G113/><T77/><D103/><U50/><E50/><V60/><F51/><W107/><G101/><T49/><D49/><U44/><E44/><V40/><F48/><W119/><G119/><T106/><D37/><U78/><E78/><V0/><F58/><W117/><G117/><T21/><D106/><U38/><E38/><V116/><F116/><W65/><G65/><T114/><D114/><U99/><E99/><V29/><F29/><W26/><G46/><T115/><D115/><U7/><AGARI ba="0,1" hai="3,7,11,18,20,25,52,54,56,62,67,82,85,90" machi="7" ten="30,11700,0" yaku="1,1,0,1,52,1,54,1,53,0" doraHai="35" doraHaiUra="100" who="1" fromWho="1" sc="309,-39,329,127,181,-39,171,-39" /><INIT seed="1,1,0,1,5,125" ten="270,456,142,132" oya="1" hai0="128,127,46,57,90,98,41,93,120,7,72,132,94" hai1="28,40,31,24,58,11,117,20,131,26,25,53,91" hai2="68,97,135,59,122,102,69,48,116,106,51,75,123" hai3="96,38,74,82,118,100,55,133,5,37,71,101,60"/><U119/><E40/><V115/><F75/><W78/><G133/><T47/><D128/><U112/><E131/><V1/><F135/><W83/><G118/><T43/><D132/><U81/><E112/><V114/><F116/><W45/><G82/><T126/><D120/><U33/><E25/><V85/><F1/><W22/><G5/><T35/><D35/><U21/><E33/><V77/><F122/><W79/><G79/><T80/><D7/><U76/><E91/><V10/><F123/><W8/><G8/><T124/><D57/><U6/><E58/><V18/><F18/><W9/><G9/><T70/><D70/><U52/><E117/><V73/><F10/><W17/><G100/><N who="0" m="60495" /><D41/><U56/><E56/><V61/><F73/><W88/><G71/><T13/><D43/><U65/><E65/><V54/><F68/><W19/><G101/><T62/><D62/><U36/><E36/><V15/><F15/><N who="3" m="9535" /><G60/><T86/><D13/><U3/><E119/><V111/><F111/><W66/><G66/><T107/><D107/><U110/><E110/><V23/><F69/><W29/><G37/><T89/><D72/><AGARI ba="1,0" hai="3,6,11,20,21,24,26,28,31,52,53,72,76,81" machi="72" ten="30,5800,0" yaku="7,1,9,1,54,1" doraHai="125" who="1" fromWho="0" sc="270,-61,456,61,142,0,132,0" /><INIT seed="1,2,0,5,1,89" ten="209,517,142,132" oya="1" hai0="74,102,44,51,77,71,123,132,62,34,46,106,84" hai1="57,8,18,130,85,10,4,20,3,97,124,82,118" hai2="19,115,14,38,28,78,55,39,68,64,90,96,113" hai3="2,80,33,37,103,52,23,73,63,116,45,72,110"/><U91/><E118/><V134/><F134/><W112/><G112/><T69/><D132/><U101/><E130/><V95/><F78/><W135/><G135/><T120/><D34/><U53/><E124/><V105/><F105/><W119/><G33/><T29/><D74/><U100/><E8/><V40/><F28/><W1/><G23/><T47/><D29/><U0/><E0/><V66/><F55/><W7/><G110/><T41/><D106/><U126/><E97/><V79/><F79/><W81/><G103/><T43/><D102/><U94/><E82/><N who="3" m="31850" /><G37/><T27/><D84/><U104/><E126/><V54/><F54/><W125/><G125/><T93/><D77/><U24/><REACH who="1" step="1"/><E104/><REACH who="1" ten="209,507,142,132" step="2"/><V67/><F68/><W22/><G1/><T122/><D71/><U6/><E6/><V48/><F113/><W92/><G7/><T9/><D9/><U86/><E86/><V98/><F115/><W109/><G2/><T30/><D69/><U16/><E16/><V111/><F98/><W21/><G72/><T131/><D131/><U128/><E128/><V59/><F111/><W88/><G73/><T114/><D114/><U26/><E26/><V129/><F129/><W17/><G17/><T121/><D121/><U31/><E31/><V13/><F19/><W127/><G109/><T25/><D30/><U87/><E87/><V108/><F108/><W65/><G127/><T60/><D123/><U107/><E107/><V50/><F14/><W35/><G116/><T117/><D122/><U133/><E133/><V58/><F13/><W32/><G119/><T49/><D120/><RYUUKYOKU ba="2,1" sc="209,-10,507,30,142,-10,132,-10" hai1="3,4,10,18,20,24,53,57,85,91,94,100,101" /><INIT seed="1,3,1,2,4,71" ten="199,537,132,122" oya="1" hai0="125,30,34,21,24,13,106,22,69,121,110,90,107" hai1="108,67,43,124,115,84,123,87,79,58,51,95,117" hai2="74,127,7,135,0,130,131,50,105,118,17,98,45" hai3="61,40,48,23,81,82,119,33,54,6,38,53,3"/><U60/><E115/><V62/><F118/><W93/><G33/><T73/><D110/><U10/><E117/><V49/><F74/><W132/><G119/><T68/><D73/><U42/><E123/><V19/><F127/><W77/><G132/><T72/><D72/><U129/><E124/><V112/><F135/><W31/><G93/><T85/><D125/><U63/><E108/><V39/><F112/><W55/><G61/><T18/><D121/><U29/><E129/><N who="2" m="49163" /><F62/><W92/><G92/><T102/><D34/><U94/><E29/><V14/><F7/><W70/><G70/><T25/><D107/><U75/><E75/><V80/><F80/><W116/><G116/><T126/><D126/><U103/><E63/><V37/><F0/><W5/><G3/><T89/><D89/><U28/><E28/><V1/><F1/><W41/><G38/><N who="2" m="14345" /><F14/><W11/><G5/><T47/><D13/><U111/><E111/><V97/><F49/><W35/><G48/><T36/><D36/><U12/><E51/><V32/><F32/><W101/><G35/><T109/><D109/><U113/><E113/><V96/><F105/><W91/><G81/><T76/><D106/><U56/><E60/><V100/><F100/><W88/><G101/><T2/><D102/><U16/><E103/><V9/><F9/><W4/><G11/><T46/><D2/><U52/><E10/><V64/><F64/><W26/><G4/><T78/><D68/><U66/><E66/><V44/><F44/><N who="0" m="16938" /><D69/><U120/><E67/><V57/><F57/><W27/><G6/><T122/><D122/><RYUUKYOKU ba="3,1" sc="199,15,537,-15,132,15,122,-15" hai0="18,21,22,24,25,30,76,78,85,90" hai2="17,19,45,50,96,97,98" /><INIT seed="2,4,1,5,5,87" ten="214,522,147,107" oya="2" hai0="51,60,115,29,33,122,55,13,63,39,84,31,44" hai1="83,130,78,101,123,56,99,69,11,70,37,61,91" hai2="30,66,124,74,117,38,12,80,20,86,68,72,23" hai3="75,32,107,57,71,67,2,1,15,62,5,131,65"/><V85/><F117/><W96/><G75/><T82/><D122/><U118/><E118/><V103/><F38/><W129/><G32/><T95/><D115/><U102/><E37/><V93/><F124/><W64/><G15/><T100/><D39/><U24/><E123/><V45/><F45/><W88/><G107/><T21/><D33/><U16/><E130/><N who="3" m="49674" /><G5/><T132/><D132/><U98/><E69/><V3/><F3/><N who="3" m="1035" /><G71/><T90/><D100/><U105/><E70/><V41/><F41/><W49/><G49/><T47/><D44/><U79/><E83/><V53/><F68/><W48/><G48/><T28/><D95/><AGARI ba="4,1" hai="57,62,64,65,67,88,95,96" m="1035,49674" machi="95" ten="30,3900,0" yaku="19,1,52,1,54,1" doraHai="87" who="3" fromWho="0" sc="214,-51,522,0,147,0,107,61" /><INIT seed="3,0,0,1,0,115" ten="163,522,147,168" oya="3" hai0="99,90,118,84,14,35,51,76,135,74,31,81,42" hai1="54,80,2,125,111,28,113,11,1,70,92,25,37" hai2="47,106,66,12,16,9,132,107,34,56,121,10,63" hai3="105,52,94,60,129,59,108,116,46,67,22,120,102"/><W50/><G120/><T78/><D118/><U6/><E37/><V49/><F132/><W122/><G116/><T131/><D135/><U77/><E113/><V117/><F117/><W97/><G122/><T44/><D131/><U134/><E134/><V103/><F121/><W19/><G129/><T8/><D99/><U65/><E92/><V93/><F34/><W61/><G108/><T95/><D76/><U29/><E29/><V5/><F93/><W89/><G61/><T100/><D100/><U40/><E40/><V3/><F103/><W98/><G22/><T62/><D62/><U17/><E65/><V114/><REACH who="2" step="1"/><F114/><REACH who="2" ten="163,522,137,168" step="2"/><W7/><G7/><T72/><D35/><U27/><E17/><V55/><AGARI ba="0,1" hai="3,5,9,10,12,16,47,49,55,56,63,66,106,107" machi="55" ten="20,8000,1" yaku="1,1,2,1,0,1,7,1,54,1,53,0" doraHai="115" doraHaiUra="119" who="2" fromWho="2" sc="163,-20,522,-20,137,90,168,-40" owari="143,-25.7,502,60.2,227,2.7,128,-37.2" /></mjloggm>