<mjloggm ver="2.3"><GO type="225" lobby="0"/><UN n0="%E5%84%AA%40%41%42%43" n1="%E5%86%B7%E5%87%8D%E3%82%AE%E3%83%A7%E3%83%BC%E3%82%B6" n2="%E3%81%AF%E3%82%88%E3%81%8A%E3%81%98%E3%81%95%E3%82%93" n3="%72%69%6F%75%63%68%61%6E" dan="17,17,17,16" rate="2157.15,2201.74,2179.44,2248.95" sx="M,M,M,M"/><TAIKYOKU oya="0"/><INIT seed="0,0,0,5,2,82" ten="250,250,250,250" oya="0" hai0="27,61,125,86,99,121,4,84,10,44,129,101,21" hai1="65,15,23,62,114,14,100,1,25,42,20,50,135" hai2="71,5,88,118,31,112,110,74,131,113,46,66,24" hai3="34,111,16,93,126,43,60,29,70,18,35,104,0"/><T53/><D121/><U37/><E1/><V75/><F110/><W40/><G111/><T109/><D109/><U117/><E117/><V9/><F118/><W6/><G126/><T67/><D125/><U85/><E37/><V33/><F131/><W130/><G130/><T91/><D129/><U7/><E135/><V102/><F102/><W63/><G104/><T124/><D124/><U39/><E39/><V41/><F88/><W80/><G93/><N who="0" m="56767" /><D67/><U47/><E114/><V8/><F8/><W98/><G98/><T69/><D101/><U79/><E7/><V57/><F57/><W95/><G95/><T32/><D32/><U51/><E51/><V73/><F66/><W58/><G70/><T133/><D69/><U56/><E100/><V97/><F97/><W28/><G6/><T81/><D81/><N who="1" m="47295" /><E23/><V83/><F83/><W78/><G80/><T89/><D89/><U22/><E20/><V76/><F76/><W13/><G78/><T77/><D77/><U103/><E103/><V26/><F71/><W116/><G0/><N who="0" m="263" /><D44/><U11/><E11/><V68/><F68/><W90/><G90/><T45/><D45/><U115/><E115/><V12/><REACH who="2" step="1"/><F24/><REACH who="2" ten="250,250,240,250" step="2"/><W64/><G116/><T106/><D106/><U128/><E128/><V72/><N who="2" m="18432" /><DORA hai="122" /><V94/><F94/><W54/><G64/><T105/><D105/><U127/><E127/><V2/><F2/><W36/><G58/><N who="0" m="35023" /><D133/><U49/><E49/><AGARI ba="0,1" hai="5,9,12,26,31,33,41,46,49,112,113" m="18432" machi="49" ten="70,2300,0" yaku="1,1,53,0" doraHai="82,122" doraHaiUra="48,52" who="2" fromWho="1" sc="250,0,250,-23,240,33,250,0" /><INIT seed="1,0,0,4,5,35" ten="250,227,273,250" oya="1" hai0="15,84,12,8,73,58,128,124,17,104,68,19,23" hai1="102,38,40,9,47,33,72,130,16,30,43,97,77" hai2="2,39,3,126,93,28,32,87,129,107,53,78,37" hai3="132,71,63,89,67,7,75,105,82,100,46,64,66"/><U103/><E130/><V29/><F107/><W98/><G132/><T134/><D73/><U57/><E43/><V101/><F129/><W85/><G7/><T22/><D68/><U99/><E57/><V13/><F126/><W106/><G105/><T48/><D128/><U36/><E36/><V83/><F13/><W25/><G25/><T18/><D104/><U111/><E111/><V44/><F53/><W11/><G11/><T108/><D124/><U62/><E62/><V127/><F127/><W92/><REACH who="3" step="1"/><G46/><REACH who="3" ten="250,227,273,240" step="2"/><T123/><D134/><U31/><E9/><V69/><F44/><W115/><G115/><T70/><D8/><U20/><E33/><V118/><F32/><W42/><G42/><T0/><D22/><U121/><E121/><V133/><F133/><W131/><G131/><T86/><D23/><U116/><E116/><V49/><F118/><W88/><G88/><T109/><D123/><U10/><E10/><V1/><F101/><W41/><G41/><T5/><D15/><U59/><E103/><V74/><F1/><W113/><G113/><T45/><D12/><U112/><E102/><V51/><F2/><W91/><G91/><T76/><D5/><U24/><E112/><V135/><F3/><W119/><G119/><T27/><D0/><U90/><E90/><N who="2" m="53471" /><F135/><W52/><G52/><N who="0" m="32007" /><D27/><U117/><E117/><V110/><F110/><W96/><G96/><T65/><D45/><U114/><E99/><V79/><F28/><N who="1" m="10793" /><E97/><V34/><F29/><W4/><G4/><T54/><D109/><U26/><E114/><V55/><F34/><W21/><G21/><RYUUKYOKU ba="0,1" sc="250,-10,227,-10,273,-10,240,30" hai3="63,64,66,67,71,75,82,85,89,92,98,100,106" /><INIT seed="2,1,1,2,5,64" ten="240,217,263,270" oya="2" hai0="105,81,108,26,116,102,28,41,118,38,77,20,40" hai1="92,48,80,32,101,103,109,12,7,71,63,58,90" hai2="88,110,54,76,2,73,1,97,9,119,114,8,35" hai3="51,65,100,52,57,83,46,123,24,30,36,78,16"/><V133/><F119/><N who="0" m="45610" /><D38/><U125/><E109/><V33/><F114/><W27/><G123/><T135/><D108/><U37/><E37/><V107/><F110/><W61/><G100/><T131/><D131/><U34/><E125/><V66/><F133/><W113/><G113/><T121/><D135/><U56/><E71/><V120/><F120/><W18/><G36/><T79/><D121/><U0/><E0/><V17/><F66/><W82/><G82/><T96/><D77/><U21/><E80/><V3/><F76/><W62/><G62/><T67/><D67/><N who="1" m="39399" /><E32/><V25/><F73/><AGARI ba="1,1" hai="20,26,28,40,41,73,79,81,96,102,105" m="45610" machi="73" ten="30,1000,0" yaku="12,1" doraHai="64" who="0" fromWho="2" sc="240,23,217,0,263,-13,270,0" /><INIT seed="3,0,0,2,1,16" ten="263,217,250,270" oya="3" hai0="82,5,32,61,118,131,30,115,125,28,38,106,86" hai1="59,68,50,8,60,45,33,29,23,15,34,14,85" hai2="36,62,92,96,75,129,103,0,128,93,101,130,76" hai3="77,71,109,27,111,51,48,47,120,69,26,19,112"/><W121/><G77/><T84/><D38/><U3/><E68/><N who="3" m="26186" /><G112/><T41/><D106/><U53/><E3/><V24/><F36/><W31/><G19/><T55/><D55/><U1/><E1/><V12/><F0/><W13/><G13/><T99/><D125/><U97/><E97/><N who="2" m="59559" /><F62/><W102/><G102/><T104/><D131/><U43/><E85/><V66/><F66/><W119/><G119/><T117/><D41/><U100/><E100/><V79/><F12/><W54/><G26/><T10/><D61/><U39/><E39/><V91/><BYE who="1" /><F24/><W95/><G95/><T81/><D115/><UN n1="%E5%86%B7%E5%87%8D%E3%82%AE%E3%83%A7%E3%83%BC%E3%82%B6" /><U78/><E78/><N who="2" m="29739" /><F103/><W44/><G31/><T94/><D30/><U105/><E105/><V17/><F17/><W56/><G27/><T88/><D28/><U114/><E114/><V80/><F80/><N who="0" m="30826" /><D104/><U72/><E72/><AGARI ba="0,0" hai="72,75,91,93,96,128,129,130" m="29739,59559" machi="72" ten="40,5200,0" yaku="19,1,34,2" doraHai="16" who="2" fromWho="1" sc="263,0,217,-52,250,52,270,0" owari="263,-13.7,165,-33.5,302,40.2,270,7.0" /></mjloggm>