<mjloggm ver="2.3"><GO type="225" lobby="0"/><UN n0="%E4%BA%95%E5%B8%AF" n1="%E3%81%B2%E3%81%AA%E3%81%AE%E3%82%8A%E3%81%8F" n2="%E3%81%B5%E3%81%98%E3%81%8B%E3%81%A4" n3="%E6%B8%A9%E2%98%85%E6%83%85%E2%98%85%E6%8E%AA%E2%98%85%E7%BD%AE" dan="16,17,16,17" rate="2044.94,2205.03,2133.39,2207.75" sx="M,M,M,M"/><TAIKYOKU oya="0"/><INIT seed="0,0,0,1,5,3" ten="250,250,250,250" oya="0" hai0="88,95,8,127,10,22,2,121,16,48,45,42,71" hai1="13,104,108,30,122,90,64,103,27,58,20,5,54" hai2="31,112,63,125,107,28,39,51,50,117,80,26,55" hai3="110,62,109,17,119,126,113,83,79,52,60,92,32"/><T97/><D121/><U25/><E122/><V100/><F112/><W133/><G113/><T33/><D127/><U44/><E108/><N who="3" m="41578" /><G126/><T56/><D71/><U66/><E104/><V41/><F125/><W101/><G133/><T9/><D33/><U87/><E103/><V18/><F117/><W12/><G32/><T111/><D111/><U21/><E44/><N who="2" m="25871" /><F107/><W19/><G119/><T132/><D132/><U96/><E96/><V29/><F39/><W24/><G24/><T130/><D130/><U129/><E129/><V14/><F100/><W78/><G19/><T46/><D46/><U47/><E47/><N who="2" m="28159" /><F80/><W81/><G81/><T73/><D73/><U120/><E120/><V11/><F63/><N who="3" m="24107" /><G83/><T4/><D56/><U0/><E0/><V34/><F34/><W123/><G123/><T98/><D98/><U23/><E58/><V85/><F85/><W82/><G82/><T75/><D75/><U106/><E87/><V36/><F36/><W49/><G92/><T74/><D74/><U115/><E115/><V61/><F61/><W76/><G101/><T128/><D128/><U7/><E106/><V105/><F105/><W116/><G116/><T67/><D67/><U114/><E66/><V86/><F86/><W70/><G70/><T6/><D2/><U118/><E64/><V131/><F131/><W135/><G135/><T94/><D94/><U65/><E114/><V40/><F40/><W89/><G79/><T37/><D37/><U99/><E118/><V91/><F91/><W102/><G78/><T84/><D84/><U38/><E65/><V35/><AGARI ba="0,0" hai="11,14,18,26,28,29,31,35" m="28159,25871" machi="35" ten="30,1100,0" yaku="5,1" doraHai="3" who="2" fromWho="2" sc="250,-5,250,-3,250,11,250,-3" /><INIT seed="1,0,0,3,3,126" ten="245,247,261,247" oya="1" hai0="76,114,130,39,87,85,78,0,92,72,123,7,105" hai1="65,61,62,35,1,48,67,82,12,94,110,47,104" hai2="56,44,32,117,6,10,22,53,58,84,111,57,20" hai3="16,2,49,77,108,96,115,33,73,121,42,41,134"/><U86/><E104/><V17/><F117/><W3/><G33/><T101/><D39/><U30/><E1/><V83/><F111/><W64/><G115/><T118/><D7/><U102/><E110/><V99/><F32/><W40/><G108/><T109/><D0/><U18/><E35/><V113/><F113/><W128/><G121/><T51/><D51/><U46/><E30/><V71/><F71/><W116/><G64/><N who="1" m="24650" /><E94/><V8/><F99/><W52/><G116/><T69/><D69/><U90/><E102/><V14/><F8/><W25/><G134/><T54/><D92/><U81/><E81/><V68/><F68/><W37/><G128/><T132/><D101/><U124/><E124/><V9/><F9/><W95/><G37/><T60/><D130/><U97/><E97/><V100/><F100/><W98/><G98/><T29/><D105/><U131/><E131/><V63/><F44/><N who="1" m="16937" /><E48/><V135/><F135/><W91/><G73/><T34/><D29/><U80/><E80/><V66/><F66/><W15/><G3/><T107/><D72/><U13/><E13/><N who="2" m="5335" /><F22/><AGARI ba="0,0" hai="12,18,22,61,62,82,86,90" m="16937,24650" machi="22" ten="30,1500,0" yaku="8,1" doraHai="126" who="1" fromWho="2" sc="245,0,247,15,261,-15,247,0" /><INIT seed="1,1,0,1,1,101" ten="245,262,246,247" oya="1" hai0="39,64,35,38,3,75,43,118,67,4,94,84,93" hai1="109,77,0,5,32,63,96,1,24,13,48,119,66" hai2="112,61,11,126,42,120,21,9,71,98,131,10,26" hai3="78,31,102,74,133,8,110,111,99,116,80,85,95"/><U107/><E119/><V44/><F120/><W47/><G31/><T6/><D75/><U92/><E107/><V58/><F126/><W56/><G47/><T62/><D84/><U132/><E132/><V104/><F131/><W76/><G56/><T37/><D43/><U106/><E106/><V18/><F71/><W91/><G8/><T81/><D81/><U129/><E129/><V30/><F112/><W52/><G52/><T135/><D135/><U34/><E77/><N who="3" m="29802" /><G133/><T113/><D113/><U125/><E125/><V40/><F44/><W19/><G19/><T83/><D83/><U14/><E109/><N who="3" m="41482" /><G74/><T130/><D130/><U36/><E36/><V70/><F70/><W117/><AGARI ba="1,0" hai="80,85,91,95,99,102,116,117" m="41482,29802" machi="117" ten="40,5200,0" yaku="14,1,34,2" doraHai="101" who="3" fromWho="3" sc="245,-14,262,-27,246,-14,247,55" /><INIT seed="2,0,0,3,0,74" ten="231,235,232,302" oya="2" hai0="123,110,34,94,32,105,69,14,39,113,7,134,121" hai1="83,85,117,109,92,60,65,86,128,54,115,119,19" hai2="23,12,89,126,91,20,41,73,30,64,116,84,18" hai3="48,72,96,2,97,78,76,55,47,56,3,13,15"/><V108/><F116/><W71/><G71/><T61/><D113/><U95/><E115/><V112/><F112/><W70/><G70/><T58/><D105/><U103/><E109/><V44/><F73/><W79/><G72/><T135/><D69/><U99/><E128/><V67/><F126/><W129/><G129/><T6/><D39/><U40/><E40/><V87/><F87/><W75/><G75/><T59/><D94/><U111/><E111/><V62/><F108/><W21/><G3/><T31/><D110/><U26/><E54/><V38/><F62/><N who="3" m="36127" /><G2/><T82/><D82/><U66/><E92/><V122/><F122/><W16/><G15/><T35/><D31/><U125/><E125/><V101/><F101/><W102/><G102/><T49/><D49/><U4/><E4/><N who="0" m="1577" /><D61/><U37/><E37/><V10/><F91/><W130/><G130/><T114/><D14/><U77/><E86/><V104/><F104/><W81/><G81/><T33/><D114/><U127/><E127/><V80/><REACH who="2" step="1"/><F23/><REACH who="2" ten="231,235,222,302" step="2"/><W88/><G88/><T22/><D22/><N who="1" m="13663" /><E119/><V52/><F52/><AGARI ba="0,1" hai="13,16,21,47,48,52,76,78,79,96,97" m="36127" machi="52" ten="30,12000,2" yaku="8,1,52,3,54,2" doraHai="74" who="3" fromWho="2" sc="231,0,235,0,222,-120,302,130" /><INIT seed="3,0,0,2,1,41" ten="231,235,102,432" oya="3" hai0="4,92,94,0,96,12,87,111,38,5,46,10,1" hai1="89,71,53,34,3,73,102,77,68,25,18,104,125" hai2="2,99,47,95,91,79,114,133,63,115,113,56,88" hai3="75,58,74,65,28,83,108,127,43,59,132,67,20"/><W51/><G28/><T123/><D123/><U15/><E3/><V21/><F2/><W106/><G20/><T24/><D111/><U48/><E125/><V7/><F7/><W131/><G83/><T101/><D24/><U13/><E77/><V11/><F133/><W105/><G51/><T129/><D129/><U26/><E73/><V110/><F110/><W135/><G43/><T45/><D38/><U42/><E42/><V90/><F11/><W118/><G108/><T109/><D109/><U93/><E102/><V121/><F79/><W134/><G134/><T103/><D1/><U97/><E104/><V36/><F121/><W128/><G118/><T70/><D70/><U33/><E13/><V16/><F36/><W31/><G31/><T60/><D60/><U54/><E54/><V116/><F116/><W6/><G6/><N who="0" m="3159" /><D0/><U8/><E71/><V126/><F126/><AGARI ba="0,0" hai="58,59,65,67,74,75,105,106,126,127,128,131,132,135" machi="126" ten="25,2400,0" yaku="22,2" doraHai="41" who="3" fromWho="2" sc="231,0,235,0,102,-24,432,24" owari="231,-16.9,235,3.5,78,-42.2,456,55.6" /></mjloggm>