<mjloggm ver="2.3"><GO type="225" lobby="0"/><UN n0="%E3%83%B4%E3%82%A3%E3%83%AF%E3%82%B3%E3%82%B0%E3%83%8B" n1="%E7%B4%94%E6%BD%94%E3%83%94%E3%83%A9%E3%83%8B%E3%82%A2" n2="%E9%B3%B3%E6%9D%B1%E3%81%AE%E3%81%86%E3%81%95%E3%81%8E%E3%81%95%E3%82%93" n3="%E3%83%A1%E3%82%AC%E3%83%87%E3%82%B8" dan="16,18,17,16" rate="2121.61,2298.51,2271.25,2077.03" sx="M,M,M,F"/><TAIKYOKU oya="0"/><INIT seed="0,0,0,4,0,105" ten="250,250,250,250" oya="0" hai0="113,63,18,127,118,62,48,17,119,43,15,13,65" hai1="56,52,85,134,28,38,46,87,25,9,20,122,92" hai2="101,89,103,0,102,26,24,7,82,14,32,1,61" hai3="132,33,21,39,108,72,86,94,76,30,112,6,47"/><T91/><D113/><U16/><E122/><V109/><F109/><W69/><G112/><T98/><D127/><U74/><E74/><V75/><F61/><W71/><G21/><N who="0" m="11439" /><D65/><U68/><E68/><V99/><F99/><W107/><G108/><T128/><D128/><U37/><E134/><V123/><F123/><W57/><G57/><T84/><D98/><U111/><E111/><V121/><F121/><W114/><G132/><T133/><D119/><U90/><E46/><V29/><F24/><N who="3" m="18631" /><G94/><N who="0" m="54631" /><D118/><U130/><E130/><V54/><F54/><W27/><G86/><T78/><D78/><U95/><E85/><V11/><REACH who="2" step="1"/><F89/><REACH who="2" ten="250,250,240,250" step="2"/><W77/><G114/><T117/><D133/><U124/><E124/><V12/><F12/><W50/><G71/><T131/><D131/><U110/><E110/><V44/><F44/><W79/><G47/><N who="0" m="25727" /><D117/><U31/><E92/><V4/><F4/><W45/><G6/><T55/><D55/><U35/><E52/><V116/><F116/><W73/><G69/><T60/><D63/><U22/><E95/><V100/><N who="2" m="25600" /><DORA hai="66" /><V2/><F2/><W23/><G107/><T135/><D135/><U106/><E90/><V53/><F53/><N who="3" m="29903" /><G39/><T125/><D125/><U34/><E38/><V10/><F10/><AGARI ba="0,1" hai="10,15,18,60,62" m="25727,54631,11439" machi="10" ten="30,1500,0" yaku="8,1" doraHai="105,66" who="0" fromWho="2" sc="250,25,250,0,240,-15,250,0" /><INIT seed="0,1,0,3,1,6" ten="275,250,225,250" oya="0" hai0="61,126,42,8,44,73,62,37,91,87,28,56,75" hai1="69,48,99,125,27,58,40,11,66,46,131,112,26" hai2="67,83,41,68,29,101,55,100,14,38,77,50,122" hai3="32,20,90,4,95,105,24,130,47,39,33,124,120"/><T103/><D126/><U16/><E125/><V19/><F122/><W64/><G105/><T116/><D116/><U123/><E123/><V1/><F1/><W107/><G107/><T80/><D28/><U86/><E69/><V7/><F7/><W93/><G120/><T15/><D103/><U104/><E104/><V89/><F29/><W98/><G124/><T53/><REACH who="0" step="1"/><D62/><REACH who="0" ten="265,250,225,250" step="2"/><N who="1" m="38231" /><E112/><V2/><F101/><W65/><G33/><T18/><AGARI ba="1,1" hai="8,15,18,37,42,44,53,56,61,73,75,80,87,91" machi="18" ten="20,12000,1" yaku="1,1,0,1,7,1,52,1,53,1" doraHai="6" doraHaiUra="13" who="0" fromWho="0" sc="265,133,250,-41,225,-41,250,-41" /><INIT seed="0,2,0,1,3,61" ten="398,209,184,209" oya="0" hai0="22,13,33,68,104,50,30,69,43,21,83,94,118" hai1="12,109,62,82,106,115,1,38,126,55,92,102,93" hai2="26,52,97,130,3,9,119,65,111,64,80,96,76" hai3="14,41,8,73,91,11,108,31,58,42,29,20,60"/><T34/><D104/><U135/><E1/><V57/><F111/><W72/><G108/><T74/><D118/><U53/><E38/><V127/><F119/><W66/><G73/><T45/><D21/><U90/><E115/><V121/><F121/><W117/><G72/><T75/><D75/><U37/><E37/><V134/><F130/><W54/><G117/><T48/><D94/><U85/><E135/><V81/><F134/><W4/><G91/><T86/><D74/><U27/><E126/><V77/><F127/><W103/><G103/><T100/><D100/><U15/><E109/><V71/><F71/><W10/><G54/><N who="1" m="20490" /><E106/><V6/><F26/><N who="3" m="16583" /><G31/><T40/><D68/><U131/><E131/><V113/><F113/><W125/><G125/><T122/><D122/><U87/><E62/><V23/><F23/><W105/><G105/><T18/><D30/><U70/><E27/><V0/><F52/><W5/><G14/><T7/><D7/><AGARI ba="2,0" hai="4,5,7,8,10,11,41,42,58,60,66" m="16583" machi="7" ten="30,2000,0" yaku="8,1,52,1" doraHai="61" who="3" fromWho="0" sc="398,-26,209,0,184,0,209,26" /><INIT seed="1,0,0,2,0,96" ten="372,209,184,235" oya="1" hai0="47,43,108,19,123,72,63,18,5,10,76,33,118" hai1="26,109,7,61,78,135,15,113,49,46,122,25,42" hai2="120,32,127,99,91,20,98,40,23,70,38,126,35" hai3="0,54,132,4,24,89,60,129,90,95,64,37,106"/><U104/><E122/><V128/><F70/><W77/><G106/><T36/><D33/><N who="2" m="12874" /><F120/><W29/><G37/><T93/><D118/><U83/><E104/><V71/><F71/><W17/><G29/><T50/><D108/><U125/><E109/><V114/><F91/><W30/><G30/><T6/><D6/><U115/><E125/><N who="2" m="47627" /><F128/><W68/><G77/><T124/><D124/><U85/><E135/><V88/><F114/><W65/><G132/><T112/><D112/><N who="1" m="43083" /><E61/><V116/><F116/><W16/><G90/><T84/><D63/><U73/><E73/><V13/><F13/><W94/><G89/><N who="0" m="53415" /><D50/><U55/><E55/><V39/><F98/><W81/><G60/><T27/><D27/><U53/><E53/><V80/><F80/><W74/><G81/><N who="0" m="45191" /><D123/><U119/><E119/><V97/><F40/><W12/><G24/><T82/><D82/><U52/><E52/><V62/><F62/><W79/><G68/><T66/><D66/><U131/><E131/><V2/><F39/><W69/><G69/><T92/><D92/><U22/><E22/><N who="2" m="8235" /><F38/><W134/><G54/><T1/><AGARI ba="0,0" hai="1,5,10,18,19,36,43,47" m="45191,53415" machi="1" ten="30,1100,0" yaku="25,1" doraHai="96" who="0" fromWho="0" sc="372,11,209,-5,184,-3,235,-3" /><INIT seed="2,0,0,2,2,93" ten="383,204,181,232" oya="2" hai0="81,119,44,56,71,79,46,9,57,70,95,123,127" hai1="45,26,30,13,75,133,16,100,87,20,27,121,102" hai2="118,72,14,92,82,12,39,19,40,125,5,132,3" hai3="108,2,22,25,105,115,103,96,112,69,61,59,32"/><V88/><F118/><W120/><G120/><T17/><D123/><U24/><E75/><V129/><F129/><W43/><G108/><T107/><D107/><U89/><E121/><V60/><F132/><W6/><G43/><T124/><D119/><U48/><E133/><V55/><F125/><W97/><G97/><T4/><D17/><U33/><E33/><V131/><F131/><W49/><G49/><T78/><D9/><U86/><E30/><V130/><F130/><W64/><G59/><T91/><D4/><U83/><REACH who="1" step="1"/><E86/><REACH who="1" ten="383,194,181,232" step="2"/><V80/><F72/><W42/><G32/><T23/><D127/><U53/><AGARI ba="0,1" hai="13,16,20,24,26,27,45,48,53,83,87,89,100,102" machi="53" ten="30,8000,1" yaku="1,1,2,1,0,1,8,1,54,1,53,0" doraHai="93" doraHaiUra="68" who="1" fromWho="1" sc="383,-20,194,90,181,-40,232,-20" /><INIT seed="3,0,0,2,4,82" ten="363,284,141,212" oya="3" hai0="67,77,114,56,50,97,53,63,71,79,127,83,8" hai1="101,34,46,4,74,121,57,10,86,59,108,25,92" hai2="109,40,33,13,24,52,116,39,55,130,115,20,14" hai3="18,15,11,47,81,12,91,76,36,60,16,125,43"/><W105/><G125/><T6/><D127/><U129/><E74/><V17/><F130/><W98/><G60/><T135/><D135/><U118/><E129/><V48/><F109/><W72/><G91/><T22/><D114/><U134/><E108/><V38/><F116/><W75/><G75/><T23/><D97/><U37/><E121/><V112/><F40/><W45/><G45/><T84/><D77/><U19/><E134/><V132/><F132/><W41/><G41/><T31/><D31/><U110/><E110/><V54/><F48/><W0/><G0/><AGARI ba="0,0" hai="0,6,8,22,23,50,53,56,63,67,71,79,83,84" machi="0" ten="30,2000,0" yaku="7,1,52,1" doraHai="82" who="0" fromWho="3" sc="363,20,284,0,141,0,212,-20" owari="383,48.3,284,8.4,141,-35.9,192,-20.8" /></mjloggm>