<mjloggm ver="2.3"><GO type="225" lobby="0"/><UN n0="%E3%83%97%E3%83%92" n1="%E3%81%AF%E3%82%88%E3%81%8A%E3%81%98%E3%81%95%E3%82%93" n2="%E6%B8%A9%E2%98%85%E6%83%85%E2%98%85%E6%8E%AA%E2%98%85%E7%BD%AE" n3="%E5%8D%A0%E3%81%84%E5%B8%AB%E8%A3%8F%E3%81%AA%E3%81%84%E3%81%97" dan="17,17,17,16" rate="2159.33,2175.58,2219.20,2172.01" sx="M,M,M,M"/><TAIKYOKU oya="0"/><INIT seed="0,0,0,5,5,81" ten="250,250,250,250" oya="0" hai0="130,61,42,28,117,23,96,76,43,116,24,112,132" hai1="94,38,122,89,129,103,104,20,16,111,118,128,39" hai2="105,26,87,5,108,4,25,83,21,48,84,125,51" hai3="106,54,52,19,29,80,124,45,133,15,93,12,18"/><T92/><D112/><U65/><E118/><V97/><F108/><W56/><G106/><T70/><D130/><N who="1" m="50283" /><E122/><V82/><F105/><W90/><G133/><T41/><D132/><U113/><E111/><V120/><F120/><W40/><G29/><T109/><D109/><U77/><E113/><V59/><F97/><W123/><G80/><N who="2" m="30761" /><F125/><W135/><G124/><T55/><D76/><U7/><E77/><V101/><F101/><W58/><G40/><T6/><D6/><N who="2" m="2666" /><F59/><W115/><G115/><T126/><D126/><U67/><E103/><V2/><F2/><W63/><G45/><T75/><D75/><U9/><E104/><V119/><F119/><W62/><G123/><T0/><D0/><N who="1" m="231" /><E38/><V49/><F26/><W1/><G1/><T47/><D47/><U114/><E39/><V68/><F68/><W36/><G36/><T72/><D72/><U98/><E114/><V3/><F3/><W74/><G74/><T34/><D34/><U27/><AGARI ba="0,0" hai="16,20,27,65,67,89,94,98" m="231,50283" machi="27" ten="30,2000,0" yaku="19,1,54,1" doraHai="81" who="1" fromWho="1" sc="250,-10,250,20,250,-5,250,-5" /><INIT seed="1,0,0,4,5,112" ten="240,270,245,245" oya="1" hai0="126,110,13,21,39,129,70,16,86,123,82,65,118" hai1="74,115,7,109,35,47,104,15,6,114,1,63,90" hai2="24,19,127,38,60,26,5,10,18,76,122,48,111" hai3="75,120,97,128,27,113,133,32,72,89,36,57,33"/><U92/><E104/><V66/><F38/><W106/><G113/><T49/><D39/><U83/><E35/><V81/><F122/><W56/><G120/><T125/><D123/><U40/><E7/><V105/><F105/><W130/><G36/><T71/><D110/><U22/><E109/><V93/><F111/><W43/><G133/><T132/><D132/><U25/><E15/><V99/><F48/><W4/><G4/><T29/><D129/><U8/><E63/><V102/><F127/><N who="0" m="48650" /><D65/><U54/><E54/><V20/><F26/><W101/><G43/><T14/><D29/><U119/><E119/><V11/><F19/><W134/><G134/><T124/><D124/><U59/><E59/><N who="3" m="22602" /><G89/><N who="0" m="51415" /><D118/><U42/><E42/><V84/><REACH who="2" step="1"/><F5/><REACH who="2" ten="240,270,235,245" step="2"/><W108/><G108/><T0/><D49/><N who="1" m="26855" /><E25/><V117/><F117/><W73/><G27/><N who="0" m="14759" /><D0/><U3/><E1/><V34/><F34/><W52/><G32/><T77/><D14/><U23/><E115/><V135/><F135/><W45/><G33/><T94/><D13/><U80/><E114/><V116/><F116/><W91/><G128/><T12/><D12/><U103/><E3/><V2/><F2/><W53/><G130/><T98/><D77/><N who="1" m="44087" /><E6/><V78/><F78/><W88/><G45/><T61/><D61/><U107/><E8/><V46/><F46/><W95/><G106/><T58/><D58/><AGARI ba="0,1" hai="10,11,18,20,24,58,60,66,76,81,84,93,99,102" machi="58" ten="30,3900,0" yaku="1,1,7,1,8,1,53,0" doraHai="112" doraHaiUra="37" who="2" fromWho="0" sc="240,-39,270,0,235,49,245,0" /><INIT seed="2,0,0,3,4,119" ten="201,270,284,245" oya="2" hai0="125,109,39,63,91,64,10,122,110,57,103,83,129" hai1="67,48,128,56,33,45,92,75,68,44,106,74,112" hai2="96,132,135,93,101,107,70,36,59,16,98,41,53" hai3="79,42,28,20,1,89,34,26,37,84,0,46,118"/><V55/><F70/><W124/><G118/><T133/><D39/><U9/><E106/><V60/><F41/><W72/><G124/><T54/><D125/><U80/><E112/><V77/><F36/><W62/><G20/><T2/><D133/><N who="2" m="51274" /><F77/><W90/><G90/><T19/><D103/><U102/><E68/><V76/><F76/><W108/><G108/><T65/><D129/><U32/><E45/><V23/><F55/><W120/><G62/><T31/><D31/><U5/><E56/><V78/><F78/><W30/><G30/><T21/><D10/><U49/><E80/><V25/><F98/><W116/><G116/><T97/><D2/><N who="3" m="1129" /><G84/><T113/><D113/><U27/><E67/><V111/><F111/><W22/><G22/><T3/><D3/><U115/><E75/><V71/><F71/><W100/><G100/><T114/><D114/><U47/><E74/><V123/><F93/><W15/><G89/><T13/><D110/><U58/><E128/><V85/><F85/><W7/><G79/><T69/><D109/><U52/><E115/><V86/><F86/><W82/><G82/><T99/><D65/><U29/><E92/><V11/><F11/><N who="3" m="4607" /><G72/><T104/><D104/><U6/><E102/><V121/><AGARI ba="0,0" hai="16,23,25,53,59,60,96,101,107,121,123" m="51274" machi="121" ten="30,11700,0" yaku="20,1,52,2,54,1" doraHai="119" who="2" fromWho="2" sc="201,-39,270,-39,284,117,245,-39" /><INIT seed="2,1,0,5,2,107" ten="162,231,401,206" oya="2" hai0="63,34,35,13,87,97,116,54,16,46,4,115,26" hai1="124,57,29,126,69,70,49,118,79,51,132,82,71" hai2="93,83,50,8,55,86,101,62,23,18,106,74,76" hai3="105,98,40,121,123,66,111,61,42,31,119,88,15"/><V24/><F106/><W7/><G119/><T92/><D115/><U60/><E29/><V103/><F62/><W25/><G111/><T17/><D116/><U109/><E118/><V95/><F8/><W96/><G96/><T91/><D4/><U131/><E109/><V58/><REACH who="2" step="1"/><F74/><REACH who="2" ten="162,231,391,206" step="2"/><W113/><G105/><T37/><D63/><U39/><E60/><V19/><F19/><W120/><G61/><T2/><D17/><U78/><E70/><V80/><F80/><W33/><G121/><T104/><D104/><U84/><E82/><V21/><F21/><W94/><G120/><T1/><D35/><U10/><E10/><V20/><F20/><W30/><G123/><T125/><D34/><U9/><E9/><V6/><F6/><W5/><G5/><T44/><D16/><U75/><E75/><V28/><F28/><W27/><G7/><T122/><D122/><U110/><E71/><V48/><F48/><W89/><G33/><T135/><D1/><U3/><E49/><V47/><F47/><W56/><G30/><T112/><D2/><U52/><E51/><V77/><F77/><W11/><G31/><T41/><D44/><U127/><E78/><V114/><F114/><W14/><G113/><T81/><D112/><U117/><E79/><V0/><F0/><W99/><G11/><T36/><D81/><U64/><E3/><V67/><F67/><W90/><G66/><T68/><D46/><U43/><E64/><V85/><F85/><W133/><G99/><T129/><D68/><U102/><E69/><V108/><F108/><W32/><G32/><RYUUKYOKU ba="1,1" sc="162,-10,231,-10,391,30,206,-10" hai2="18,23,24,50,55,58,76,83,86,93,95,101,103" /><INIT seed="2,2,1,4,3,2" ten="152,221,421,196" oya="2" hai0="112,103,85,102,101,6,120,78,5,124,27,34,35" hai1="56,128,98,118,36,113,53,38,66,48,33,92,32" hai2="73,51,64,44,0,117,59,95,54,47,61,82,30" hai3="91,7,135,129,111,17,14,21,42,28,41,84,4"/><V100/><F117/><W75/><G75/><T62/><D120/><U68/><E113/><V131/><F131/><W79/><G129/><T132/><D112/><U43/><E118/><V130/><F130/><W3/><G3/><T49/><D132/><U110/><E128/><V76/><F0/><W123/><G123/><T39/><D39/><U40/><E110/><V72/><F30/><W121/><G121/><T9/><D124/><U58/><E58/><V23/><F23/><W108/><G79/><T90/><D62/><N who="1" m="40023" /><E40/><N who="3" m="15466" /><G28/><T65/><D65/><U106/><E106/><V133/><F133/><W93/><G135/><T19/><D49/><U126/><E126/><V50/><F73/><W71/><G71/><T52/><D78/><U37/><E37/><V10/><F10/><W119/><G119/><T122/><D122/><U46/><E36/><V74/><F74/><W24/><G24/><T70/><D70/><U63/><E63/><V104/><F104/><W45/><G45/><T20/><D52/><U69/><E69/><V29/><F29/><W86/><G86/><T13/><REACH who="0" step="1"/><D5/><REACH who="0" ten="142,221,421,196" step="2"/><U114/><E114/><V96/><F51/><W25/><G111/><T125/><D125/><U8/><E38/><V26/><F47/><W18/><G108/><T55/><D55/><U11/><E46/><V105/><F44/><W80/><G80/><AGARI ba="2,2" hai="6,9,13,19,20,27,34,35,80,85,90,101,102,103" machi="80" ten="40,2600,0" yaku="1,1,52,1,53,0" doraHai="2" doraHaiUra="127" who="0" fromWho="3" sc="142,52,221,0,421,0,196,-32" /><INIT seed="3,0,0,5,3,128" ten="194,221,421,164" oya="3" hai0="32,55,99,125,88,133,9,134,51,41,110,119,81" hai1="103,86,117,123,82,6,109,0,15,118,13,25,114" hai2="112,104,67,68,62,122,28,54,120,58,89,42,3" hai3="87,60,127,75,135,98,131,22,4,130,77,26,132"/><W36/><G36/><T97/><D119/><N who="1" m="45579" /><E109/><V107/><F112/><W126/><G75/><T16/><D110/><U95/><E114/><V56/><F3/><W129/><G4/><T27/><D41/><U19/><E123/><N who="2" m="47147" /><F28/><N who="3" m="17495" /><G98/><N who="0" m="37387" /><D125/><N who="3" m="47625" /><G60/><T108/><D108/><U34/><E95/><V61/><F42/><W94/><G94/><T14/><D27/><U21/><E103/><V8/><F68/><W48/><G48/><T69/><D32/><U44/><E34/><V38/><F38/><W64/><G64/><T101/><D101/><U18/><E0/><V96/><F96/><W102/><G102/><T115/><D69/><U20/><E6/><V105/><F105/><W111/><G111/><T72/><D72/><U52/><E20/><V70/><F70/><W11/><G11/><T63/><D63/><U47/><E18/><V76/><F8/><W85/><G77/><T10/><D115/><U12/><E13/><V93/><F76/><W1/><G1/><T45/><D9/><U23/><E23/><V90/><F93/><W124/><N who="3" m="47633" /><W91/><DORA hai="2" /><G91/><T92/><D92/><U5/><E5/><V79/><F79/><W106/><G106/><N who="2" m="40489" /><F90/><W53/><G53/><T100/><D100/><U24/><E52/><N who="2" m="33927" /><F89/><W66/><G66/><AGARI ba="0,0" hai="54,58,62,66,67" m="33927,40489,47147" machi="66" ten="30,2000,0" yaku="13,1,54,1" doraHai="128,2" who="2" fromWho="3" sc="194,0,221,0,421,20,164,-20" owari="194,-20.6,221,2.1,441,54.1,144,-35.6" /></mjloggm>