<mjloggm ver="2.3"><GO type="225" lobby="0"/><UN n0="%E3%81%A8%E3%82%93%E3%81%A8%E3%81%93%E3%81%A8%E3%82%93" n1="%63%68%78%62%64" n2="%E7%99%BD%E6%97%A5%E9%9B%AA%E8%8F%9C" n3="%28%EF%BF%A3%E2%96%BD%EF%BF%A3%29%CE%B4%E2%8C%92%E3%83%BB" dan="16,16,16,16" rate="2112.58,2133.91,2201.98,2088.24" sx="F,M,M,M"/><TAIKYOKU oya="0"/><INIT seed="0,0,0,3,2,35" ten="250,250,250,250" oya="0" hai0="66,60,68,130,105,75,30,1,115,104,84,120,103" hai1="47,53,25,26,97,134,77,37,52,10,123,40,70" hai2="94,73,19,55,98,33,109,74,8,5,36,87,50" hai3="121,122,128,80,22,86,49,113,6,34,62,17,92"/><T65/><D75/><U38/><E70/><V106/><F36/><W9/><G34/><T41/><D115/><U61/><E134/><V127/><F33/><W102/><G113/><T3/><D120/><U20/><E123/><V100/><F109/><W83/><G128/><T57/><D130/><U125/><E125/><V96/><F87/><W56/><G49/><T28/><D41/><U43/><E77/><V12/><F19/><W48/><G48/><T78/><D84/><U15/><E97/><V108/><F108/><W16/><G17/><T71/><D78/><U135/><E135/><V44/><REACH who="2" step="1"/><F127/><REACH who="2" ten="250,250,240,250" step="2"/><W67/><G122/><T2/><D30/><U59/><E38/><V101/><AGARI ba="0,1" hai="5,8,12,44,50,55,73,74,94,96,98,100,101,106" machi="101" ten="20,5200,0" yaku="1,1,2,1,0,1,7,1,53,0" doraHai="35" doraHaiUra="72" who="2" fromWho="2" sc="250,-26,250,-13,240,62,250,-13" /><INIT seed="1,0,0,5,4,31" ten="224,237,302,237" oya="1" hai0="97,43,65,16,39,53,34,72,29,24,85,132,60" hai1="100,96,69,81,108,9,133,123,47,15,1,135,110" hai2="7,45,56,114,109,84,11,68,20,78,71,102,131" hai3="55,118,116,125,120,8,10,67,101,13,119,63,37"/><U54/><E1/><V89/><F109/><N who="1" m="42089" /><E69/><V3/><F131/><W64/><G37/><T14/><D72/><U73/><E123/><V105/><F114/><W0/><G120/><T93/><D132/><N who="1" m="50763" /><E54/><V88/><F78/><W128/><G128/><T46/><D53/><U94/><E47/><V27/><F45/><W92/><G125/><T77/><D77/><N who="1" m="44207" /><E15/><V4/><F71/><W17/><G0/><T111/><D111/><U12/><E12/><V41/><F68/><W22/><G55/><T2/><D2/><U32/><E9/><N who="3" m="3690" /><G63/><T48/><D39/><U83/><E32/><V61/><F27/><W82/><G82/><AGARI ba="0,0" hai="82,83,94,96,100" m="44207,50763,42089" machi="82" ten="30,12000,1" yaku="14,1,10,1,20,1,34,2" doraHai="31" who="1" fromWho="3" sc="224,0,237,120,302,0,237,-120" /><INIT seed="1,1,0,3,5,96" ten="224,357,302,117" oya="1" hai0="128,108,66,120,72,49,47,116,19,33,76,4,82" hai1="5,77,39,92,7,74,16,65,71,124,51,15,123" hai2="78,46,91,101,20,11,36,63,31,14,99,61,54" hai3="103,95,131,68,22,23,10,26,50,62,42,9,100"/><U8/><E123/><V85/><F78/><W132/><G132/><T13/><D116/><U56/><E39/><V27/><F36/><W127/><G127/><T113/><D113/><U34/><E34/><V105/><F54/><W60/><G131/><T1/><D33/><U25/><E124/><V59/><F46/><N who="3" m="25943" /><G68/><T114/><D114/><U111/><E71/><V112/><F59/><W40/><G40/><T73/><D108/><U81/><E25/><V89/><F89/><W97/><G23/><T58/><D128/><U70/><E70/><V119/><F119/><W43/><G43/><T24/><D120/><U98/><E111/><V57/><F57/><W109/><G109/><T32/><D72/><U117/><E117/><V3/><F3/><W0/><G0/><T80/><D58/><U79/><E79/><V86/><F86/><W38/><G38/><T44/><D1/><U69/><E69/><V126/><F126/><W93/><G62/><T134/><D134/><U55/><REACH who="1" step="1"/><E65/><REACH who="1" ten="224,347,302,117" step="2"/><V107/><F112/><W30/><G60/><T133/><D133/><U75/><E75/><V48/><F48/><W121/><G121/><T28/><D49/><U122/><E122/><V12/><F63/><W106/><G106/><T90/><D73/><U83/><E83/><N who="2" m="49599" /><F61/><W18/><G30/><T102/><D28/><U17/><E17/><N who="2" m="8351" /><F107/><W135/><G135/><T125/><D125/><U52/><E52/><V88/><F105/><W67/><G67/><T21/><D66/><U37/><E37/><V87/><F31/><W6/><G6/><T118/><D4/><U94/><E94/><RYUUKYOKU ba="1,1" sc="224,-15,347,15,302,-15,117,15" hai1="5,7,8,15,16,51,55,56,74,77,81,92,98" hai3="9,10,18,22,26,93,95,97,100,103" /><INIT seed="1,2,1,5,3,70" ten="209,362,287,132" oya="1" hai0="39,86,58,117,15,67,19,59,37,102,71,105,109" hai1="17,132,45,116,56,16,113,85,2,74,118,129,111" hai2="90,72,96,99,91,23,120,18,53,81,21,134,0" hai3="97,48,34,135,65,29,133,47,13,20,93,63,114"/><U106/><E85/><V3/><F120/><W52/><G34/><T57/><D117/><U44/><E56/><V95/><F134/><W11/><G114/><T122/><D122/><U98/><E113/><V26/><F53/><W110/><G110/><T78/><D109/><U31/><E111/><V115/><F115/><W131/><G131/><T61/><D105/><U9/><E31/><V80/><F72/><W76/><G76/><T36/><D102/><U10/><E74/><V121/><F121/><W130/><G130/><T73/><D73/><U4/><E129/><V82/><F23/><W103/><G20/><T28/><D28/><U12/><E132/><V119/><F119/><W51/><G51/><T66/><D66/><U49/><E17/><V43/><F43/><W30/><G135/><T33/><D33/><U46/><REACH who="1" step="1"/><E49/><REACH who="1" ten="209,352,287,132" step="2"/><V125/><F125/><W68/><REACH who="3" step="1"/><G133/><REACH who="3" ten="209,352,287,122" step="2"/><T55/><D39/><U83/><E83/><V35/><F35/><W112/><G112/><T75/><D37/><U60/><E60/><V69/><F69/><W42/><G42/><T5/><D36/><U87/><E87/><V6/><F82/><W22/><G22/><N who="0" m="11647" /><D75/><U50/><E50/><V92/><F81/><W123/><G123/><T14/><D71/><U104/><E104/><V84/><F80/><W126/><G126/><T25/><D86/><U40/><E40/><V94/><F84/><W107/><G107/><T108/><D108/><U101/><AGARI ba="2,3" hai="2,4,9,10,12,16,44,45,46,98,101,106,116,118" machi="101" ten="30,6000,0" yaku="1,1,0,1,54,1,53,0" doraHai="70" doraHaiUra="27" who="1" fromWho="1" sc="209,-22,352,96,287,-22,122,-22" /><INIT seed="1,3,0,1,4,115" ten="187,448,265,100" oya="1" hai0="91,58,37,90,79,68,14,92,60,127,26,13,34" hai1="15,73,93,42,85,109,48,123,74,1,95,96,133" hai2="134,65,110,24,108,89,75,124,77,62,19,126,44" hai3="94,131,22,51,8,31,16,27,0,5,70,86,10"/><U129/><E1/><V11/><F75/><W72/><G70/><T121/><D68/><U97/><E15/><N who="2" m="7679" /><F77/><W116/><G72/><T100/><D37/><U105/><E48/><V107/><F107/><W21/><G51/><T56/><D127/><N who="2" m="48682" /><F134/><W32/><G86/><T114/><D114/><U30/><E30/><V38/><F89/><W69/><G94/><T61/><D121/><U113/><E42/><N who="2" m="22615" /><F24/><W80/><G80/><T99/><D79/><U52/><E133/><V4/><F4/><N who="3" m="1031" /><G69/><AGARI ba="3,0" hai="62,65,69,108,110" m="22615,48682,7679" machi="69" ten="30,1000,0" yaku="18,1" doraHai="115" who="2" fromWho="3" sc="187,0,448,0,265,19,100,-19" /><INIT seed="2,0,0,1,0,102" ten="187,448,284,81" oya="2" hai0="59,106,3,104,133,9,90,10,80,111,19,14,129" hai1="87,116,99,73,78,28,55,48,110,44,91,126,45" hai2="46,40,42,24,83,69,11,12,76,101,125,53,8" hai3="108,85,98,93,97,131,16,22,4,127,5,29,95"/><V115/><F115/><W51/><G127/><T21/><D111/><U107/><E116/><V132/><F69/><W88/><G108/><T25/><D129/><U119/><E110/><V89/><F125/><W31/><G131/><T50/><D133/><U18/><E126/><V74/><F132/><W96/><G95/><T36/><D36/><U68/><E68/><V70/><F70/><W2/><G2/><T114/><D114/><U37/><E28/><V113/><F113/><W105/><G105/><T67/><D3/><U27/><E119/><V38/><F42/><W71/><G71/><T62/><D50/><U47/><E18/><V43/><F43/><W58/><G31/><T56/><D59/><U17/><E17/><V57/><F101/><W60/><G29/><T109/><D109/><U84/><E27/><V30/><F89/><W61/><G51/><T130/><D130/><U66/><E66/><V123/><F12/><W86/><G86/><T39/><D39/><U75/><E37/><V134/><F123/><W64/><REACH who="3" step="1"/><G61/><REACH who="3" ten="187,448,284,71" step="2"/><T94/><D94/><U23/><E84/><V117/><F134/><W13/><AGARI ba="0,1" hai="4,5,13,16,22,58,60,64,85,88,93,96,97,98" machi="13" ten="30,12000,2" yaku="1,1,2,1,0,1,8,1,54,2,53,0" doraHai="102" doraHaiUra="34" who="3" fromWho="3" sc="187,-30,448,-30,284,-60,71,130" /><INIT seed="3,0,0,4,2,33" ten="157,418,224,201" oya="3" hai0="106,74,84,69,86,9,102,119,97,103,52,89,5" hai1="54,0,42,41,21,75,25,118,127,39,34,48,7" hai2="91,128,108,64,129,31,59,78,32,57,124,109,96" hai3="38,100,36,121,107,16,92,29,3,56,85,104,131"/><W19/><G121/><T24/><D119/><U98/><E34/><V132/><F132/><W123/><G123/><T43/><D69/><U2/><E127/><V73/><F124/><W27/><G3/><T23/><D74/><U28/><E118/><V88/><F32/><W47/><G131/><N who="2" m="50249" /><F31/><W50/><G56/><N who="2" m="21577" /><F64/><W45/><G45/><T65/><D43/><U61/><E98/><V83/><F96/><W11/><G100/><T30/><D65/><U115/><E115/><V120/><F120/><W62/><G92/><T79/><D79/><U101/><E101/><V134/><F134/><W12/><G85/><T126/><D126/><U70/><E48/><V105/><F105/><W95/><G19/><T116/><D116/><U72/><E21/><V81/><F91/><W15/><G95/><T14/><D103/><U80/><E80/><V6/><F6/><W93/><G93/><T4/><D5/><U20/><E25/><V77/><F88/><W71/><G15/><T44/><REACH who="0" step="1"/><D89/><REACH who="0" ten="147,418,224,201" step="2"/><U82/><E7/><V90/><F90/><W40/><G71/><T51/><AGARI ba="0,1" hai="4,9,14,23,24,30,44,51,52,84,86,97,102,106" machi="51" ten="30,8000,1" yaku="1,1,2,1,0,1,54,1,53,1" doraHai="33" doraHaiUra="10" who="0" fromWho="0" sc="147,90,418,-20,224,-20,201,-40" owari="237,3.7,398,49.8,204,-19.6,161,-33.9" /></mjloggm>