<mjloggm ver="2.3"><GO type="225" lobby="0"/><UN n0="%68%6F%72%69%30%39%30%31" n1="%E3%81%99%E3%81%84%E3%81%BE%E3%81%9B%E3%83%BC%E3%82%93" n2="%E3%83%97%E3%83%AC%E3%83%B4%E3%82%A1%E3%83%86%E3%82%A3" n3="%77%72%77%72%77%72%77%72" dan="16,17,16,16" rate="2116.79,2240.16,2063.85,2231.25" sx="M,M,F,M"/><TAIKYOKU oya="0"/><INIT seed="0,0,0,1,1,15" ten="250,250,250,250" oya="0" hai0="35,5,3,113,17,14,82,10,41,24,18,0,60" hai1="21,7,91,120,64,29,89,90,87,99,102,12,49" hai2="123,95,48,56,126,88,81,105,2,74,38,121,80" hai3="57,13,115,11,19,103,118,46,119,100,45,101,84"/><T112/><D41/><U76/><E120/><V8/><F38/><W72/><G72/><T51/><D51/><U92/><E64/><V62/><F126/><W127/><G127/><T30/><D60/><U58/><E76/><V108/><F105/><W109/><G115/><N who="0" m="44107" /><D82/><U98/><E98/><V43/><F108/><W128/><G109/><T39/><D39/><U122/><E122/><V32/><F32/><W4/><G128/><T93/><D93/><U94/><E7/><V106/><F106/><W31/><G31/><T50/><D50/><U124/><E124/><V67/><F74/><W96/><G96/><T117/><D117/><U129/><E129/><V135/><F135/><W79/><G57/><T111/><D111/><U73/><E73/><V53/><F43/><W85/><G85/><T33/><D33/><U42/><E29/><V71/><F123/><W28/><G28/><T25/><D25/><U61/><E61/><V40/><F40/><W69/><G69/><T36/><D36/><U86/><E86/><V66/><F66/><W131/><G131/><T34/><D34/><U54/><REACH who="1" step="1"/><E42/><REACH who="1" ten="250,240,250,250" step="2"/><V75/><F75/><W22/><G84/><T1/><AGARI ba="0,1" hai="0,1,3,5,10,14,17,18,24,30,35" m="44107" machi="1" ten="40,12000,1" yaku="34,2,52,2" doraHai="15" who="0" fromWho="0" sc="250,130,240,-40,250,-40,250,-40" /><INIT seed="0,1,0,1,4,53" ten="380,200,210,210" oya="0" hai0="131,48,59,6,110,25,5,20,54,99,80,1,76" hai1="135,39,130,94,97,7,34,85,92,91,24,16,8" hai2="129,124,64,32,58,117,121,0,125,77,87,72,27" hai3="90,47,36,17,81,114,40,112,82,2,18,115,106"/><T49/><D131/><U37/><E130/><V102/><F129/><W10/><G106/><T65/><D110/><U73/><E73/><V41/><F72/><W23/><G90/><T21/><D21/><U133/><E34/><V29/><F0/><W132/><G132/><N who="1" m="50762" /><E24/><V42/><F117/><W31/><G31/><T57/><D1/><N who="1" m="111" /><E16/><V11/><F121/><W108/><G108/><T15/><D99/><U22/><E22/><V52/><F11/><W84/><G84/><N who="0" m="48135" /><D15/><U71/><E71/><V50/><F102/><AGARI ba="1,0" hai="37,39,85,91,92,94,97,102" m="111,50762" machi="102" ten="30,1000,0" yaku="20,1" doraHai="53" who="1" fromWho="2" sc="380,0,200,13,210,-13,210,0" /><INIT seed="1,0,0,4,5,110" ten="380,213,197,210" oya="1" hai0="9,111,7,97,29,2,32,1,47,53,41,16,114" hai1="79,88,133,44,22,64,0,40,69,6,43,12,135" hai2="72,33,87,121,26,106,134,4,48,37,115,80,122" hai3="19,34,39,59,8,96,127,18,116,103,56,15,93"/><U95/><E79/><V123/><F106/><W104/><G127/><T46/><D111/><U82/><E82/><V50/><F37/><W63/><G116/><T78/><D114/><U132/><E0/><V66/><F72/><W91/><G39/><T117/><D78/><U124/><E124/><V131/><F131/><W57/><G34/><T70/><D70/><U51/><E64/><V73/><F73/><W120/><G120/><T125/><D53/><N who="1" m="29927" /><E69/><V28/><F134/><W17/><REACH who="3" step="1"/><G63/><REACH who="3" ten="380,213,197,200" step="2"/><T42/><D32/><U105/><E135/><V83/><F115/><W23/><G23/><T30/><D117/><U109/><E109/><V67/><F4/><W49/><G49/><T71/><D7/><U5/><E133/><V74/><F50/><W58/><N who="3" m="14336" /><DORA hai="20" /><W102/><G102/><T65/><D125/><U27/><E132/><V86/><F48/><W126/><G126/><T3/><D71/><U24/><E5/><V13/><F74/><W14/><G14/><T119/><D65/><U68/><E68/><V38/><F13/><W112/><G112/><T98/><D119/><U85/><E6/><V101/><F101/><W92/><G92/><T89/><D1/><U118/><E105/><V31/><F38/><W130/><G130/><T108/><D108/><U113/><E113/><V11/><F122/><W61/><G61/><T76/><D2/><U99/><E118/><V60/><F60/><W84/><AGARI ba="0,1" hai="8,15,17,18,19,84,91,93,96,103,104" m="14336" machi="84" ten="40,12000,2" yaku="1,1,0,1,53,5" doraHai="110,20" doraHaiUra="54,81" who="3" fromWho="3" sc="380,-30,213,-60,197,-30,200,130" /><INIT seed="2,0,0,3,1,134" ten="350,153,167,330" oya="2" hai0="44,89,9,76,96,131,26,20,121,75,79,49,30" hai1="106,46,129,126,56,98,80,66,120,19,17,5,59" hai2="23,73,28,48,51,40,57,38,14,25,53,60,21" hai3="103,95,32,114,91,71,107,133,92,24,116,37,81"/><V99/><F73/><W58/><G116/><T43/><D121/><U110/><E120/><V41/><F38/><W94/><G71/><T61/><D131/><U7/><E129/><V127/><F127/><W84/><G37/><T93/><D75/><U117/><E117/><V87/><F99/><W36/><G36/><T132/><D132/><U125/><E110/><V2/><F2/><W118/><G133/><T124/><D124/><N who="1" m="47723" /><E46/><V47/><F87/><W39/><G39/><T130/><D130/><U64/><E80/><V111/><F111/><W122/><G118/><T67/><D9/><U3/><E98/><V15/><F21/><W35/><G122/><T11/><D11/><N who="1" m="2495" /><E7/><V112/><F112/><W65/><G114/><T45/><D45/><AGARI ba="0,0" hai="14,15,23,25,28,40,41,45,47,48,51,53,57,60" machi="45" ten="40,3900,0" yaku="9,1,8,1" doraHai="134" who="2" fromWho="0" sc="350,-39,153,0,167,39,330,0" /><INIT seed="2,1,0,4,3,16" ten="311,153,206,330" oya="2" hai0="100,121,7,105,21,77,113,89,8,63,38,26,104" hai1="19,98,25,110,70,118,117,4,108,20,103,23,17" hai2="119,129,76,130,62,15,125,66,102,106,22,5,32" hai3="112,49,69,53,58,120,45,11,31,133,39,86,83"/><V12/><F32/><W134/><G120/><T50/><D38/><U33/><E70/><V115/><F119/><W10/><G69/><T41/><D113/><U18/><E4/><V55/><F115/><W93/><G112/><T24/><D77/><U57/><E57/><V99/><F125/><W124/><G124/><T54/><D26/><U68/><E68/><V135/><F135/><N who="3" m="51723" /><G93/><T43/><D89/><U92/><E33/><V28/><F76/><N who="3" m="46439" /><G31/><T88/><D63/><U37/><E37/><V36/><F36/><W2/><G2/><T64/><D88/><U79/><E79/><V44/><F5/><W85/><G85/><T35/><D64/><U52/><E52/><V0/><F0/><W122/><G122/><T78/><D78/><U114/><E114/><V109/><F109/><N who="1" m="42089" /><E17/><V34/><F34/><W61/><G39/><T96/><D35/><U101/><E103/><V90/><F90/><W132/><G132/><T128/><D105/><U65/><E65/><AGARI ba="1,0" hai="10,11,45,49,53,58,61,65" m="46439,51723" machi="65" ten="30,1000,0" yaku="20,1" doraHai="16" who="3" fromWho="1" sc="311,0,153,-13,206,0,330,13" /><INIT seed="3,0,0,4,4,43" ten="311,140,206,343" oya="3" hai0="10,66,110,45,120,131,68,70,18,26,133,91,12" hai1="126,7,119,125,29,72,75,117,114,112,69,28,14" hai2="27,103,15,128,57,122,85,134,130,104,4,127,21" hai3="111,82,23,30,62,102,49,41,80,71,35,95,13"/><W106/><G106/><T0/><D120/><U96/><E69/><V56/><F122/><W83/><G35/><T84/><D110/><U16/><E96/><N who="2" m="61543" /><F85/><W129/><G129/><N who="2" m="49769" /><F127/><N who="1" m="48649" /><E7/><V135/><F4/><W60/><G71/><T105/><D105/><U90/><E90/><V39/><F15/><W31/><G111/><T38/><D131/><U94/><E94/><V89/><F39/><W3/><G3/><T63/><D133/><N who="2" m="50698" /><F89/><W100/><G13/><T2/><D70/><U86/><E86/><V58/><F58/><W55/><G102/><T48/><D26/><U42/><E42/><V97/><F97/><W73/><G41/><T32/><D32/><U79/><E79/><V11/><F11/><W93/><G100/><T98/><D98/><U113/><E75/><V108/><F108/><W115/><G73/><T9/><D38/><U65/><E72/><V92/><F92/><W123/><G123/><T81/><REACH who="0" step="1"/><D9/><REACH who="0" ten="301,140,206,343" step="2"/><N who="1" m="6223" /><E65/><V52/><F27/><W77/><G30/><AGARI ba="0,1" hai="28,29,30,112,113,114,117,119" m="6223,48649" machi="30" ten="40,8000,1" yaku="18,1,34,2,54,1" doraHai="43" who="1" fromWho="3" sc="301,0,140,90,206,0,343,-80" owari="301,40.1,230,-17.0,206,-29.4,263,6.3" /></mjloggm>