<mjloggm ver="2.3"><GO type="225" lobby="0"/><UN n0="%E3%81%8D%E3%82%83%E3%83%BC%E3%82%8D%E3%82%93" n1="%E6%A1%9C%E8%8A%B1%E9%96%83%E3%80%85" n2="%E3%82%A2%E3%83%A1%E3%82%A2%E3%83%A9%E3%83%AC" n3="%E3%81%A4%E3%81%A3%E3%81%B1%E3%82%8A%E3%83%9D%E3%83%BC%E3%83%AB" dan="16,16,16,17" rate="2105.29,2184.21,2177.21,2185.13" sx="M,M,M,M"/><TAIKYOKU oya="0"/><INIT seed="0,0,0,4,1,90" ten="250,250,250,250" oya="0" hai0="93,3,30,38,33,11,74,135,59,127,104,7,83" hai1="78,126,79,77,55,43,72,112,12,89,73,57,20" hai2="97,60,34,61,85,54,82,115,111,105,53,133,13" hai3="14,113,92,35,116,21,123,129,41,28,122,75,44"/><T131/><D93/><U51/><E126/><V6/><F111/><W42/><G113/><T114/><D59/><U66/><E112/><V128/><F115/><W64/><G116/><T88/><D114/><U56/><E43/><V22/><F34/><W1/><G1/><T37/><D88/><U58/><E73/><V50/><F54/><W23/><G75/><T27/><D127/><U117/><E72/><V69/><F69/><W101/><G64/><T25/><D25/><U86/><E117/><V5/><F128/><W132/><G129/><T62/><D62/><N who="2" m="24170" /><F97/><N who="3" m="59559" /><G132/><T94/><D94/><N who="1" m="54583" /><E66/><V31/><F105/><W98/><G98/><T67/><D67/><U125/><E125/><V95/><F133/><W107/><G107/><T18/><D135/><U45/><E45/><N who="2" m="27855" /><F95/><W91/><G35/><T24/><D131/><U8/><E20/><V10/><F22/><W76/><G23/><T87/><D104/><U70/><E70/><V100/><F100/><W109/><G42/><T102/><D102/><U130/><E130/><V16/><F31/><W0/><G28/><T99/><D99/><U63/><E63/><V48/><F48/><N who="3" m="26639" /><G123/><T26/><D74/><U46/><E58/><V108/><F108/><W52/><G109/><T119/><D119/><U81/><E81/><V110/><F110/><W32/><G32/><T103/><D103/><U96/><E96/><V84/><F84/><W29/><G122/><T36/><D30/><U80/><E80/><V15/><F82/><W124/><G29/><T39/><N who="0" m="9216" /><DORA hai="17" /><T121/><D121/><U47/><E57/><V49/><F85/><RYUUKYOKU ba="0,0" sc="250,-10,250,30,250,-10,250,-10" hai1="8,12,46,47,51,55,56,77,78,79" /><INIT seed="1,1,0,3,4,24" ten="240,280,240,240" oya="1" hai0="99,94,0,87,66,4,91,132,134,22,61,60,13" hai1="92,78,82,36,125,21,28,17,80,84,121,62,116" hai2="37,105,68,26,119,76,18,110,93,130,97,14,2" hai3="3,35,73,113,72,98,25,10,1,120,7,27,67"/><U95/><E116/><V126/><F119/><W112/><G67/><T102/><D0/><N who="3" m="73" /><G98/><T50/><D50/><U29/><E121/><V114/><F2/><N who="3" m="375" /><G27/><T54/><D54/><U41/><E125/><V75/><F26/><W104/><G104/><T32/><D32/><U117/><E117/><V5/><F105/><W128/><G120/><T58/><D61/><U88/><E62/><V8/><F68/><W44/><G44/><T59/><D59/><U47/><E92/><V124/><F93/><W23/><G23/><T11/><REACH who="0" step="1"/><D22/><REACH who="0" ten="230,280,240,240" step="2"/><U42/><E42/><V122/><F122/><W55/><G55/><T79/><D79/><U6/><E6/><V89/><F5/><W39/><G39/><T64/><D64/><U135/><E135/><V108/><F37/><W34/><G34/><T85/><D85/><U69/><E69/><V103/><F76/><W45/><G45/><T15/><D15/><U133/><E133/><V100/><F14/><W129/><G73/><T106/><AGARI ba="1,1" hai="4,11,13,58,60,66,87,91,94,99,102,106,132,134" machi="106" ten="30,2000,0" yaku="1,1,0,1,53,0" doraHai="24" doraHaiUra="20" who="0" fromWho="0" sc="230,33,280,-11,240,-6,240,-6" /><INIT seed="2,0,0,5,3,89" ten="263,269,234,234" oya="2" hai0="130,35,107,18,63,99,79,26,128,32,133,24,14" hai1="109,56,80,114,47,117,4,20,19,5,118,108,9" hai2="65,74,46,23,66,113,25,58,121,81,36,39,92" hai3="105,70,125,6,55,84,44,27,110,50,119,28,54"/><V129/><F113/><W2/><G119/><N who="1" m="45578" /><E56/><V135/><F121/><W83/><G110/><N who="1" m="42602" /><E47/><V75/><F135/><W102/><G125/><T106/><D133/><U126/><E80/><V101/><F129/><N who="0" m="49770" /><D63/><U0/><E126/><V37/><F46/><W122/><G70/><T16/><D79/><U90/><E90/><V98/><F81/><W15/><G2/><T61/><D61/><U123/><E114/><V64/><REACH who="2" step="1"/><F58/><REACH who="2" ten="263,269,224,234" step="2"/><W42/><G122/><T116/><D116/><U132/><E132/><V13/><F13/><W100/><G15/><T53/><D14/><N who="1" m="9335" /><E5/><V124/><F124/><W72/><G6/><T115/><D115/><U78/><E78/><V131/><F131/><W112/><G112/><T1/><D1/><U22/><E22/><V48/><F48/><W86/><G50/><T97/><D26/><U103/><E123/><V85/><F85/><W57/><G86/><T82/><D82/><U40/><E40/><V68/><F68/><W87/><G87/><T96/><D96/><U45/><E45/><V30/><AGARI ba="0,1" hai="23,25,30,36,37,39,64,65,66,74,75,92,98,101" machi="30" ten="40,7800,0" yaku="1,1,0,1,52,1,53,0" doraHai="89" doraHaiUra="34" who="2" fromWho="2" sc="263,-26,269,-26,224,88,234,-26" /><INIT seed="2,1,0,2,2,26" ten="237,243,312,208" oya="2" hai0="114,116,122,59,22,119,129,123,23,33,134,57,21" hai1="101,79,29,37,54,128,55,11,17,82,35,64,98" hai2="28,49,27,18,106,40,30,75,12,63,25,32,112" hai3="65,103,5,80,77,87,115,90,84,70,121,13,97"/><V0/><F112/><W24/><G121/><N who="0" m="46091" /><D33/><U8/><E37/><V9/><F75/><W88/><G115/><T96/><D114/><U105/><E128/><V36/><F106/><W124/><G124/><T111/><D96/><U117/><E117/><N who="0" m="45129" /><D129/><U76/><E64/><V85/><F0/><W58/><G70/><T131/><D131/><U1/><E79/><V89/><F36/><W45/><G45/><T10/><D111/><U130/><E130/><V44/><F63/><N who="3" m="38135" /><G87/><T118/><D118/><U78/><E78/><V43/><F43/><W16/><G5/><T31/><D134/><U14/><E8/><V62/><F62/><W110/><G24/><N who="2" m="9289" /><F32/><W69/><G69/><T102/><D10/><U107/><E107/><V66/><F66/><W99/><G110/><T15/><D102/><U108/><E108/><V133/><F133/><W113/><G113/><T120/><D120/><U125/><E35/><V109/><F109/><W47/><G47/><T50/><D15/><U74/><E1/><V6/><F6/><W52/><G103/><T68/><D68/><U73/><E101/><V100/><F100/><W56/><G99/><T42/><D42/><U46/><E98/><V7/><F7/><W93/><G97/><T34/><D50/><N who="1" m="29015" /><E105/><V48/><F49/><N who="3" m="30735" /><G93/><AGARI ba="1,0" hai="9,12,18,28,30,40,44,48,85,89,93" m="9289" machi="93" ten="30,5800,0" yaku="8,1,52,2" doraHai="26" who="2" fromWho="3" sc="237,0,243,0,312,61,208,-61" /><INIT seed="2,2,0,4,4,56" ten="237,243,373,147" oya="2" hai0="25,89,28,113,21,133,119,106,61,126,95,51,123" hai1="73,121,66,79,108,90,44,130,4,36,20,125,107" hai2="67,13,83,122,101,86,8,71,97,5,134,118,104" hai3="39,29,124,99,57,46,103,52,105,35,72,129,110"/><V75/><F118/><W109/><G72/><T40/><D113/><U85/><E107/><V34/><F122/><W32/><G129/><T1/><D106/><U94/><E130/><V93/><F34/><W38/><G124/><T70/><D123/><U74/><E121/><V30/><F30/><W53/><G53/><T114/><D1/><U115/><E115/><V3/><F134/><W7/><G7/><T14/><D114/><U69/><E125/><V102/><F102/><W15/><G15/><T48/><D126/><U100/><E108/><N who="3" m="41578" /><G46/><T96/><D133/><U117/><E4/><V47/><F47/><W98/><G98/><T17/><D40/><U59/><E74/><V63/><F3/><W128/><G128/><T6/><D6/><U55/><E55/><V91/><REACH who="2" step="1"/><F75/><REACH who="2" ten="237,243,363,147" step="2"/><W58/><G29/><T12/><D119/><U33/><E73/><V22/><F22/><W49/><G35/><T27/><D21/><U18/><E33/><V23/><F23/><W43/><G32/><T54/><D28/><U10/><E20/><V68/><F68/><W112/><G112/><T11/><D70/><U111/><E69/><V120/><F120/><W76/><G58/><N who="0" m="35031" /><D14/><U127/><E111/><V19/><F19/><W60/><G76/><T80/><D27/><U81/><E79/><V45/><F45/><N who="3" m="25791" /><G39/><T135/><D25/><U84/><E36/><V41/><F41/><W37/><AGARI ba="2,1" hai="37,38,52,57,60,99,103,105" m="25791,41578" machi="37" ten="30,4000,0" yaku="14,1,52,1,54,1" doraHai="56" who="3" fromWho="3" sc="237,-12,243,-12,363,-22,147,56" /><INIT seed="3,0,0,3,2,51" ten="225,231,341,203" oya="3" hai0="44,124,10,115,69,20,132,23,29,96,127,80,110" hai1="7,43,56,0,68,67,6,129,126,2,31,58,42" hai2="26,35,114,17,119,64,100,38,24,36,71,88,15" hai3="73,13,128,133,74,62,117,22,63,41,21,76,8"/><W50/><G117/><T87/><D69/><U49/><E68/><V77/><F100/><W91/><G133/><T19/><D110/><U34/><E34/><V82/><F114/><W109/><G109/><T83/><D132/><U94/><E31/><V130/><F130/><W25/><G128/><T48/><D115/><U107/><E107/><V40/><F40/><W39/><G39/><T79/><D96/><U1/><E129/><V131/><F26/><W84/><G76/><T55/><D83/><U66/><E94/><V123/><F123/><W57/><G74/><T86/><D86/><U89/><E89/><V46/><F46/><N who="3" m="25935" /><G73/><T11/><D29/><U95/><E95/><V14/><F38/><W81/><G25/><T60/><D60/><N who="3" m="23081" /><G57/><N who="1" m="22122" /><E49/><V9/><F36/><W112/><G112/><T134/><D134/><U105/><E105/><V18/><F119/><W78/><G91/><T54/><D54/><U125/><E43/><V90/><F131/><W33/><G33/><T135/><D135/><U12/><E42/><V97/><F71/><W53/><G53/><T52/><D55/><U61/><E61/><V98/><F35/><W120/><G120/><T122/><D122/><U111/><E111/><V30/><F77/><W65/><G65/><N who="1" m="24586" /><E12/><V4/><F64/><W16/><AGARI ba="0,0" hai="8,13,16,21,22,78,81,84" m="23081,25935" machi="16" ten="30,3000,0" yaku="8,1,54,1" doraHai="51" who="3" fromWho="3" sc="225,-10,231,-10,341,-10,203,30" /><INIT seed="3,1,0,5,3,73" ten="215,221,331,233" oya="3" hai0="112,110,77,118,34,85,50,25,89,14,27,28,21" hai1="6,31,106,67,7,81,129,88,92,36,66,86,32" hai2="51,37,52,102,57,97,133,107,120,18,35,29,8" hai3="55,82,44,16,17,63,13,42,103,5,101,123,19"/><W3/><G3/><T95/><D118/><U9/><E106/><V15/><F133/><W61/><G123/><T79/><D110/><U45/><E129/><V126/><F120/><W124/><G124/><T132/><D132/><U59/><E32/><V11/><F37/><W99/><G82/><T119/><D119/><U75/><E31/><V23/><F126/><W96/><G5/><N who="1" m="1546" /><E36/><V60/><F35/><W41/><G13/><T90/><D112/><U83/><E75/><V38/><F38/><W117/><G117/><T4/><D50/><U0/><E0/><V135/><F29/><W134/><G55/><T72/><D72/><U122/><E122/><V24/><F24/><W49/><G134/><T91/><D34/><U39/><E9/><V128/><F128/><W12/><G12/><T54/><D27/><U76/><E59/><V74/><F74/><W2/><G2/><T104/><D104/><U121/><E121/><V22/><F8/><W56/><G42/><T26/><D26/><U108/><E108/><V131/><F131/><W70/><G70/><T105/><D105/><U30/><E30/><V40/><F135/><W71/><G71/><T116/><D116/><U111/><E111/><V68/><F68/><W65/><G61/><T46/><D4/><U98/><E83/><V43/><F43/><W94/><G19/><T20/><D20/><U115/><E115/><V10/><F10/><W48/><G48/><N who="0" m="28951" /><D14/><U53/><E39/><V125/><F125/><W87/><G87/><T100/><D85/><U33/><E33/><V58/><F40/><W93/><AGARI ba="1,0" hai="16,17,41,44,49,56,63,65,93,94,96,99,101,103" machi="93" ten="20,18000,2" yaku="5,1,0,1,7,1,9,1,8,1,54,1" doraHai="73" who="3" fromWho="3" sc="215,-61,221,-61,331,-61,233,183" owari="154,-34.6,160,-24.0,270,7.0,416,51.6" /></mjloggm>