<mjloggm ver="2.3"><GO type="225" lobby="0"/><UN n0="%37%2F%32%E3%81%AB%E7%94%9F%E3%81%BE%E3%82%8C%E3%81%A6" n1="%E5%AF%82%E5%AF%9E%E3%82%AE%E3%83%8D%E3%82%B9%E3%83%93%E3%83%BC%E3%83%AB" n2="%E6%97%A5%E6%9B%9C%E6%97%A5%E3%82%88%E3%82%8A%E3%81%AE%E4%BD%BF%E8%80%85" n3="%E4%B8%AD%E5%B9%B4%E3%81%AE%E5%8D%B1%E6%A9%9F" dan="17,16,17,16" rate="2169.75,2152.41,2139.24,2150.43" sx="M,M,M,M"/><TAIKYOKU oya="0"/><INIT seed="0,0,0,5,5,2" ten="250,250,250,250" oya="0" hai0="14,37,42,106,38,68,103,66,89,83,99,41,132" hai1="127,85,98,7,100,97,77,30,114,84,35,19,32" hai2="9,90,126,73,23,54,25,39,91,10,122,47,57" hai3="105,0,5,129,50,64,113,86,112,29,27,34,104"/><T80/><D132/><U12/><E127/><V72/><F122/><W119/><G50/><T63/><D42/><U15/><E114/><N who="3" m="44138" /><G86/><T45/><D38/><U69/><E69/><V21/><F126/><W130/><G64/><T4/><REACH who="0" step="1"/><D89/><REACH who="0" ten="240,250,250,250" step="2"/><U95/><E77/><V43/><F91/><W70/><G119/><T110/><D110/><U40/><E40/><V8/><F90/><W61/><G70/><T125/><D125/><U46/><E35/><V11/><N who="2" m="2048" /><DORA hai="118" /><V31/><REACH who="2" step="1"/><F21/><REACH who="2" ten="240,250,240,250" step="2"/><N who="3" m="15599" /><G0/><T58/><D58/><U26/><E32/><V28/><F28/><W108/><G34/><T22/><D22/><U124/><E30/><V131/><F131/><W87/><G129/><T16/><D16/><U18/><E124/><V117/><F117/><W82/><G130/><T36/><D36/><U88/><E88/><V111/><F111/><W75/><G108/><T56/><D56/><U51/><E19/><V52/><F52/><W13/><G82/><T102/><D102/><U96/><E100/><V60/><AGARI ba="0,2" hai="23,25,31,39,43,47,54,57,60,72,73" m="2048" machi="60" ten="40,5200,0" yaku="1,1,0,1,53,1" doraHai="2,118" doraHaiUra="49,78" who="2" fromWho="2" sc="240,-26,250,-13,240,72,250,-13" /><INIT seed="1,0,0,5,5,76" ten="214,237,312,237" oya="1" hai0="133,107,58,128,48,79,30,104,118,31,92,23,121" hai1="44,32,103,11,47,10,14,125,110,89,37,43,16" hai2="65,57,52,108,24,113,134,122,83,114,111,100,60" hai3="102,84,46,112,9,81,70,116,87,5,39,119,105"/><U77/><E125/><V80/><F122/><W17/><G70/><T64/><D118/><N who="3" m="45097" /><G112/><N who="2" m="43113" /><F134/><W63/><G63/><T82/><D133/><U54/><E32/><V67/><F100/><W97/><G17/><T123/><D92/><U42/><E103/><V3/><F3/><N who="3" m="191" /><G81/><N who="2" m="31305" /><F24/><W51/><G39/><T86/><D128/><U50/><E110/><AGARI ba="0,0" hai="52,57,60,65,67,108,110,111" m="31305,43113" machi="110" ten="30,12000,2" yaku="14,1,11,1,52,3,54,1" doraHai="76" who="2" fromWho="1" sc="214,0,237,-120,312,120,237,0" /><INIT seed="2,0,0,4,2,123" ten="214,117,432,237" oya="2" hai0="126,75,104,93,117,56,64,111,121,55,37,35,76" hai1="82,61,57,23,20,28,38,31,3,105,81,2,122" hai2="33,127,88,99,26,52,65,47,32,66,73,129,91" hai3="72,46,133,21,119,39,18,62,19,84,87,89,36"/><V59/><F73/><W50/><G72/><T4/><D121/><U120/><E61/><V41/><F127/><W43/><G119/><T12/><D104/><U108/><E105/><V77/><F129/><W15/><G133/><T85/><D37/><U51/><E51/><V13/><F77/><W1/><G1/><T110/><D35/><U22/><E22/><V134/><F134/><W17/><G36/><T107/><D107/><U10/><E57/><V92/><F13/><W98/><G39/><T97/><D64/><U102/><E38/><V68/><F68/><W78/><G62/><N who="0" m="36127" /><D75/><U0/><E0/><V101/><F33/><W67/><G67/><N who="2" m="25609" /><F32/><W49/><G49/><T71/><D71/><U106/><E106/><V29/><F47/><W63/><G63/><T54/><D54/><U27/><E27/><V7/><F7/><W135/><G135/><T124/><D117/><U42/><E42/><V112/><F41/><W128/><G128/><T130/><D130/><U95/><E10/><V53/><F112/><W83/><REACH who="3" step="1"/><G98/><REACH who="3" ten="214,117,432,227" step="2"/><T69/><D69/><U14/><E122/><V40/><F40/><W9/><G9/><N who="0" m="4135" /><D85/><U118/><E120/><V116/><F116/><W94/><AGARI ba="0,1" hai="15,17,18,19,21,43,46,50,78,83,84,87,89,94" machi="94" ten="20,8000,1" yaku="1,1,0,1,7,1,8,1,53,1" doraHai="123" doraHaiUra="74" who="3" fromWho="3" sc="214,-20,117,-20,432,-40,227,90" /><INIT seed="3,0,0,5,2,30" ten="194,97,392,317" oya="3" hai0="73,16,98,42,57,92,38,84,1,33,45,97,125" hai1="100,87,74,121,133,77,75,20,44,19,128,34,65" hai2="114,72,69,91,134,50,70,53,126,48,56,123,25" hai3="113,58,67,131,62,66,95,94,3,39,60,7,12"/><W59/><G113/><T81/><D1/><U85/><E121/><V80/><F114/><W49/><G39/><T52/><D125/><U2/><E128/><V36/><F36/><W82/><G82/><T37/><BYE who="3" /><D37/><U11/><E133/><V13/><F126/><UN n3="%E4%B8%AD%E5%B9%B4%E3%81%AE%E5%8D%B1%E6%A9%9F" /><W89/><G131/><T24/><D73/><U120/><E120/><V115/><F115/><W22/><G3/><T96/><D92/><U31/><E65/><V35/><F123/><W51/><G94/><T116/><D116/><U127/><E100/><V41/><F35/><W63/><G63/><T10/><D10/><U130/><E130/><V76/><F25/><W90/><G90/><T79/><D33/><U29/><E127/><V135/><F13/><W104/><G104/><T117/><D117/><U129/><E31/><V43/><F91/><W9/><REACH who="3" step="1"/><G22/><REACH who="3" ten="194,97,392,307" step="2"/><T93/><D93/><U32/><E129/><V71/><REACH who="2" step="1"/><F50/><REACH who="2" ten="194,97,382,307" step="2"/><W68/><G68/><T108/><D38/><U102/><E34/><V107/><F107/><W47/><G47/><T78/><D45/><U0/><E44/><V99/><F99/><AGARI ba="0,2" hai="7,9,12,49,51,58,59,60,62,66,67,89,95,99" machi="99" ten="30,18000,2" yaku="1,1,7,1,9,1,8,1,53,2" doraHai="30" doraHaiUra="61" who="3" fromWho="2" sc="194,0,97,0,382,-180,307,200" owari="194,-20.6,97,-40.3,202,0.2,507,60.7" /></mjloggm>