<mjloggm ver="2.3"><GO type="225" lobby="0"/><UN n0="%E5%B0%8F%37%34" n1="%E6%A2%B6%E7%94%B0%E7%90%B4%E7%90%86%E6%B0%B8%E4%B8%96%E5%85%AD%E6%AE%B5" n2="%E3%81%99%E3%81%84%E3%81%BE%E3%81%9B%E3%83%BC%E3%82%93" n3="%E5%B0%8F%E9%B3%A5%E9%81%8A%E7%B7%B4%E7%84%A1%32%31%E6%AD%B3" dan="16,16,17,16" rate="2159.34,2013.40,2248.32,2137.16" sx="M,M,M,F"/><TAIKYOKU oya="0"/><INIT seed="0,0,0,2,0,18" ten="250,250,250,250" oya="0" hai0="26,50,58,115,111,23,46,71,82,69,61,113,13" hai1="5,125,99,132,17,6,63,44,88,32,110,57,86" hai2="30,135,38,106,107,36,45,120,29,109,33,68,14" hai3="95,0,117,15,11,48,100,39,133,112,3,40,96"/><T89/><D111/><U98/><E32/><V28/><F120/><W16/><G117/><T87/><D13/><U78/><E132/><V94/><F33/><W84/><G112/><T65/><D113/><U52/><E110/><V7/><F68/><W97/><G39/><T59/><D69/><U41/><E78/><V21/><F135/><W12/><G133/><T76/><D115/><U81/><E125/><V90/><F38/><W64/><G64/><T123/><D76/><U121/><E121/><V105/><F109/><W108/><G108/><T83/><D83/><U101/><E17/><V67/><F67/><W114/><G114/><T116/><D116/><U75/><E75/><V2/><F2/><W60/><G60/><T54/><REACH who="0" step="1"/><D123/><REACH who="0" ten="240,250,250,250" step="2"/><U20/><E20/><V47/><F21/><W24/><G12/><T49/><D49/><N who="1" m="26767" /><E101/><V77/><F36/><W103/><G0/><T128/><D128/><U31/><E31/><AGARI ba="0,1" hai="23,26,31,46,50,54,58,59,61,65,71,82,87,89" machi="31" ten="30,11600,0" yaku="1,1,7,1,52,1,53,1" doraHai="18" doraHaiUra="79" who="0" fromWho="1" sc="240,126,250,-116,250,0,250,0" /><INIT seed="0,1,0,3,0,20" ten="366,134,250,250" oya="0" hai0="31,21,126,54,101,60,91,51,117,50,74,99,71" hai1="13,55,47,17,67,113,127,102,49,9,6,66,116" hai2="120,35,85,37,68,33,61,19,83,97,39,107,59" hai3="40,131,56,121,111,114,112,94,32,11,104,80,89"/><T75/><D117/><U58/><E116/><V132/><F120/><W0/><G121/><T125/><D91/><U16/><E127/><N who="0" m="48649" /><D51/><U72/><E72/><V34/><F68/><W36/><G104/><T15/><D71/><U106/><E113/><V122/><F122/><W135/><G135/><T38/><D60/><U44/><E106/><V129/><F132/><W57/><G111/><T118/><D38/><U4/><E102/><V8/><F129/><W23/><G32/><T10/><D118/><U133/><E133/><V24/><F39/><W115/><G131/><T95/><D21/><U86/><E86/><V69/><F37/><W1/><G80/><T53/><D31/><U78/><E78/><V52/><F69/><W73/><G73/><N who="0" m="27659" /><D50/><U48/><E17/><AGARI ba="1,0" hai="10,15,17,53,54,95,99,101" m="27659,48649" machi="17" ten="30,1500,0" yaku="18,1" doraHai="20" who="0" fromWho="1" sc="366,18,134,-18,250,0,250,0" /><INIT seed="0,2,0,5,1,77" ten="384,116,250,250" oya="0" hai0="42,89,110,101,32,113,105,19,100,82,75,44,84" hai1="127,80,64,67,90,96,45,17,14,129,58,4,86" hai2="126,76,130,131,107,74,20,94,62,40,128,88,104" hai3="120,135,31,15,87,125,108,121,97,114,22,39,5"/><T119/><D119/><U11/><E129/><V35/><F35/><W33/><G39/><T122/><D113/><U30/><E127/><V21/><F126/><W111/><G97/><T65/><D122/><N who="3" m="47209" /><G87/><T43/><D32/><U29/><E96/><N who="2" m="57415" /><F40/><W79/><G79/><T37/><D42/><U41/><E17/><V59/><F76/><W116/><G125/><T54/><D105/><N who="2" m="40522" /><F74/><W73/><G73/><T27/><D75/><U124/><E124/><V92/><F92/><W93/><G93/><T1/><D1/><U49/><REACH who="1" step="1"/><E58/><REACH who="1" ten="384,106,250,250" step="2"/><V68/><F68/><W25/><G114/><T16/><D19/><U36/><E36/><V99/><F99/><W103/><G116/><T13/><D16/><U83/><E83/><V28/><F28/><AGARI ba="2,1" hai="4,11,14,28,29,30,41,45,49,64,67,80,86,90" machi="28" ten="40,8000,1" yaku="1,1,8,1,52,1,53,1" doraHai="77" doraHaiUra="2" who="1" fromWho="2" sc="384,0,106,96,250,-86,250,0" /><INIT seed="1,0,0,3,5,121" ten="384,202,164,250" oya="1" hai0="101,15,62,80,93,94,127,79,126,86,27,33,67" hai1="13,40,76,97,63,64,74,52,28,21,107,124,5" hai2="18,114,98,8,70,48,29,14,88,131,119,68,37" hai3="58,91,6,105,31,78,87,43,54,47,45,110,90"/><U66/><E124/><N who="0" m="47657" /><D101/><U56/><E40/><V22/><F37/><W1/><G105/><T59/><D15/><U2/><E2/><V118/><F131/><W75/><G31/><AGARI ba="0,0" hai="27,31,33,59,62,67,79,80,86,93,94" m="47657" machi="31" ten="30,1000,0" yaku="18,1" doraHai="121" who="0" fromWho="3" sc="384,10,202,0,164,0,250,-10" /><INIT seed="2,0,0,1,4,59" ten="394,202,164,240" oya="2" hai0="132,7,2,110,73,89,52,31,47,85,12,13,15" hai1="11,57,51,37,42,87,127,28,115,58,80,135,82" hai2="66,9,20,107,61,49,27,114,4,44,92,122,124" hai3="24,18,14,23,99,39,88,62,68,117,46,109,69"/><V60/><F114/><W10/><G109/><T98/><D73/><U112/><E127/><V40/><F107/><W134/><G134/><T5/><D110/><U130/><E130/><V100/><F122/><W64/><G117/><T16/><D2/><U121/><E135/><V34/><F34/><W129/><G129/><T50/><D132/><U78/><E121/><V65/><F124/><W77/><G77/><T94/><D31/><U19/><E28/><V131/><F131/><W36/><G69/><T101/><REACH who="0" step="1"/><D16/><REACH who="0" ten="384,202,164,240" step="2"/><U55/><E19/><N who="2" m="12703" /><F4/><W125/><G125/><T26/><D26/><U104/><E115/><V126/><F9/><W128/><G128/><T123/><D123/><U91/><E11/><V0/><F0/><W63/><G10/><T108/><D108/><U90/><E112/><V106/><F126/><W38/><G24/><T133/><D133/><U105/><E105/><AGARI ba="0,1" hai="5,7,12,13,15,47,50,52,85,89,94,98,101,105" machi="105" ten="40,5200,0" yaku="1,1,54,1,53,1" doraHai="59" doraHaiUra="83" who="0" fromWho="1" sc="384,62,202,-52,164,0,240,0" /><INIT seed="3,0,0,5,5,29" ten="446,150,164,240" oya="3" hai0="131,91,101,2,122,35,79,9,120,68,10,62,25" hai1="26,117,13,0,46,15,77,3,23,17,28,42,84" hai2="124,128,66,73,65,20,51,11,134,47,16,45,52" hai3="22,81,129,88,44,69,80,94,7,34,121,21,123"/><W30/><G7/><T61/><D131/><U108/><E117/><V5/><F73/><W49/><G69/><T98/><D79/><U33/><E108/><V63/><F128/><W130/><G21/><T118/><D118/><U126/><E126/><V24/><F124/><W75/><G22/><T6/><D10/><U48/><REACH who="1" step="1"/><E15/><REACH who="1" ten="446,140,164,240" step="2"/><N who="2" m="5615" /><F134/><W92/><G129/><T95/><D120/><U64/><E64/><N who="2" m="24683" /><F63/><W114/><G130/><T50/><D61/><U27/><E27/><V89/><F89/><W55/><G88/><T87/><D25/><U76/><E76/><V18/><F47/><W93/><G44/><T8/><D62/><U36/><E36/><V70/><F70/><W14/><G123/><T54/><D68/><U60/><E60/><V105/><F105/><W109/><G121/><T19/><D91/><U133/><E133/><V72/><F72/><W82/><G75/><T12/><D122/><U85/><E85/><V112/><F112/><W113/><G109/><T127/><D87/><U37/><E37/><V32/><F32/><W107/><G114/><T125/><D35/><U132/><E132/><V56/><F45/><W102/><G113/><T115/><D115/><U100/><E100/><V31/><AGARI ba="0,1" hai="16,18,20,24,31,51,52,56" m="24683,5615" machi="31" ten="30,4000,0" yaku="8,1,54,2" doraHai="29" who="2" fromWho="2" sc="446,-10,140,-10,164,50,240,-20" owari="436,53.6,130,-37.0,214,-18.6,220,2.0" /></mjloggm>