<mjloggm ver="2.3"><GO type="225" lobby="0"/><UN n0="%54%4F%52" n1="%E2%91%A3%E9%81%BF%E9%81%8A%E6%88%AF%E3%80%90%E6%9D%B1%E5%8D%97%E3%80%91" n2="%E6%A1%9C%E8%8A%B1%E9%96%83%E3%80%85" n3="%E5%B8%86%E7%AB%8B%E5%A4%8F%E8%A1%A3" dan="17,16,17,16" rate="2244.06,2103.17,2214.52,2110.35" sx="M,M,M,M"/><TAIKYOKU oya="0"/><INIT seed="0,0,0,2,4,117" ten="250,250,250,250" oya="0" hai0="3,102,98,60,115,99,48,79,34,30,51,17,88" hai1="127,112,124,0,100,58,68,107,106,70,4,11,23" hai2="86,42,20,56,87,49,77,26,21,134,25,39,122" hai3="64,82,19,61,69,94,130,36,126,95,53,1,110"/><T121/><D115/><U35/><E112/><V6/><F134/><W90/><G110/><T33/><D3/><U101/><E35/><V105/><F105/><W45/><G126/><T9/><D79/><U76/><E76/><V84/><F39/><W52/><G130/><T5/><D17/><U83/><E83/><V14/><F77/><W114/><G114/><T111/><D111/><U57/><E23/><N who="2" m="8779" /><F122/><W46/><G19/><T32/><D30/><U78/><E78/><V119/><F119/><W104/><G104/><T85/><D121/><U81/><E81/><V89/><F89/><W47/><G36/><T116/><D116/><U97/><E58/><V22/><N who="2" m="8787" /><V65/><DORA hai="27" /><F42/><W29/><G29/><T135/><D135/><U41/><E57/><V72/><F72/><W71/><G71/><N who="1" m="27178" /><E41/><V67/><F14/><W7/><G82/><T37/><D37/><U24/><E24/><N who="2" m="9323" /><F6/><W63/><G90/><T108/><D108/><U62/><E62/><V55/><AGARI ba="0,0" hai="49,55,56,65,67,84,86,87" m="9323,8787" machi="55" ten="40,1500,0" yaku="8,1" doraHai="117,27" who="2" fromWho="2" sc="250,-7,250,-4,250,15,250,-4" /><INIT seed="1,0,0,4,3,30" ten="243,246,265,246" oya="1" hai0="129,92,82,53,68,56,71,24,46,18,87,132,26" hai1="100,48,33,11,27,8,45,134,19,76,114,124,39" hai2="70,88,12,4,23,25,111,63,127,64,79,112,7" hai3="104,117,86,17,38,121,115,10,97,72,122,107,44"/><U106/><E39/><V84/><F111/><W74/><G17/><T14/><D132/><U51/><E134/><V1/><F1/><W9/><G44/><T20/><D129/><U55/><E124/><V61/><F127/><W6/><G38/><T34/><D46/><U15/><E114/><V126/><F126/><W40/><G40/><T116/><D116/><U133/><E133/><V102/><F112/><W98/><G115/><T108/><D92/><U125/><E125/><V37/><F79/><W60/><G60/><T135/><D108/><U103/><E106/><V47/><F102/><W83/><G117/><T62/><D135/><U113/><E113/><V16/><F63/><W69/><G69/><T41/><D41/><U50/><E76/><V119/><F119/><W80/><REACH who="3" step="1"/><G86/><REACH who="3" ten="243,246,265,236" step="2"/><T21/><D68/><U28/><E8/><V128/><F128/><W43/><G43/><T3/><D71/><U73/><E73/><V67/><F47/><W52/><G52/><T131/><D131/><U29/><E45/><V99/><F67/><W75/><G75/><T58/><D53/><U85/><E55/><V94/><F37/><W96/><G96/><T36/><D36/><U101/><E85/><V89/><REACH who="2" step="1"/><F25/><REACH who="2" ten="243,246,255,236" step="2"/><W118/><G118/><T81/><D62/><U0/><E0/><V5/><F5/><AGARI ba="0,2" hai="5,6,9,10,72,74,80,83,97,98,104,107,121,122" machi="5" ten="25,3200,0" yaku="1,1,22,2,53,0" doraHai="30" doraHaiUra="110" who="3" fromWho="2" sc="243,0,246,0,255,-32,236,52" /><INIT seed="2,0,0,1,4,109" ten="243,246,223,288" oya="2" hai0="2,117,0,100,11,90,78,5,111,29,71,96,65" hai1="56,121,35,110,63,80,104,126,15,64,42,31,120" hai2="101,13,1,93,16,33,81,20,28,84,49,18,54" hai3="79,10,17,131,91,86,38,129,61,70,115,134,62"/><V44/><F1/><W53/><G134/><T25/><D111/><U92/><E110/><V72/><F72/><W6/><G38/><T99/><D117/><U52/><E104/><V122/><F122/><W127/><G127/><T40/><D2/><U46/><E126/><V128/><F128/><N who="3" m="49227" /><G79/><T45/><D78/><U108/><E108/><V60/><F33/><W57/><G17/><T97/><D90/><U68/><E15/><V75/><F75/><W4/><G115/><T9/><D9/><U107/><E107/><V26/><F60/><N who="3" m="35887" /><G70/><T3/><D3/><U102/><E80/><V21/><F28/><W114/><G114/><T82/><D82/><U98/><E31/><V30/><F30/><W130/><G130/><T76/><D76/><U95/><E92/><V112/><F112/><W59/><G10/><T32/><D65/><U116/><E35/><V43/><F81/><N who="3" m="49615" /><G62/><T106/><REACH who="0" step="1"/><D71/><REACH who="0" ten="233,246,223,288" step="2"/><U74/><E116/><V88/><REACH who="2" step="1"/><F101/><REACH who="2" ten="233,246,213,288" step="2"/><W14/><G61/><T125/><D125/><U87/><E120/><V119/><F119/><W23/><G59/><T12/><D12/><U73/><E121/><V41/><AGARI ba="0,2" hai="13,16,18,20,21,26,41,43,44,49,54,84,88,93" machi="41" ten="30,18000,2" yaku="1,1,0,1,8,1,54,2,53,1" doraHai="109" doraHaiUra="50" who="2" fromWho="2" sc="233,-60,246,-60,213,200,288,-60" /><INIT seed="2,1,0,5,5,90" ten="173,186,413,228" oya="2" hai0="21,14,78,43,54,74,59,46,82,76,86,88,55" hai1="30,85,102,9,70,119,130,42,81,27,23,67,109" hai2="3,56,69,48,120,83,113,115,91,8,123,108,12" hai3="87,127,101,121,58,64,99,62,89,35,98,17,11"/><V31/><F3/><W95/><G127/><T129/><D129/><U133/><E119/><V61/><F31/><W24/><G121/><T100/><D100/><U125/><E130/><V4/><F69/><W96/><G35/><T134/><D134/><U51/><E125/><V52/><F108/><W16/><G24/><T84/><D74/><U116/><E133/><V25/><F25/><W36/><G36/><T49/><D84/><U41/><E116/><V126/><F126/><W106/><G11/><T110/><D110/><U112/><E109/><V122/><REACH who="2" step="1"/><F61/><REACH who="2" ten="173,186,403,228" step="2"/><W80/><REACH who="3" step="1"/><G106/><REACH who="3" ten="173,186,403,218" step="2"/><T105/><D105/><U44/><E112/><V103/><F103/><W135/><G135/><T131/><D131/><U94/><E102/><V104/><F104/><W124/><G124/><T20/><D14/><U10/><E27/><V66/><F66/><W72/><G72/><T13/><D13/><U15/><E67/><V118/><F118/><W107/><G107/><T40/><D20/><U32/><E15/><V22/><F22/><W1/><G1/><T68/><D21/><U128/><E23/><V75/><F75/><W0/><G0/><T63/><D68/><U33/><E70/><V7/><F7/><W6/><G6/><T45/><D63/><U60/><E60/><V117/><F117/><W65/><G65/><T28/><D28/><U77/><E30/><V38/><F38/><W73/><G73/><T79/><D55/><U114/><E128/><V57/><F57/><W19/><AGARI ba="1,2" hai="16,17,19,58,62,64,80,87,89,95,96,98,99,101" machi="19" ten="30,8000,1" yaku="1,1,0,1,8,1,52,1,54,1,53,0" doraHai="90" doraHaiUra="5" who="3" fromWho="3" sc="173,-21,186,-21,403,-41,218,103" /><INIT seed="3,0,0,0,4,104" ten="152,165,362,321" oya="3" hai0="99,12,130,40,108,36,11,86,79,9,129,42,134" hai1="21,2,34,50,24,56,37,8,6,4,76,46,133" hai2="27,70,106,112,131,38,117,52,110,13,125,33,35" hai3="85,77,127,95,97,64,72,96,100,78,135,65,107"/><W84/><G65/><T80/><D108/><U28/><E133/><V53/><RYUUKYOKU type="yao9" ba="0,0" sc="152,0,165,0,362,0,321,0" hai2="13,27,33,35,38,52,53,70,106,110,112,117,125,131" /><INIT seed="3,1,0,1,4,106" ten="152,165,362,321" oya="3" hai0="119,19,105,55,18,23,26,100,83,92,93,16,90" hai1="2,52,56,0,59,3,10,104,71,43,117,22,91" hai2="73,127,51,130,94,11,116,21,1,82,8,103,72" hai3="42,28,17,47,129,4,45,128,61,121,99,124,39"/><W36/><G121/><T46/><D119/><U79/><E71/><V66/><F116/><W132/><G28/><N who="0" m="17503" /><D105/><U60/><E117/><V134/><F134/><W13/><G132/><T74/><D74/><U15/><E104/><V6/><F127/><W63/><G4/><T112/><D112/><U14/><E43/><V76/><F130/><N who="3" m="50283" /><G99/><N who="0" m="59495" /><D83/><U85/><E79/><V109/><F109/><W95/><G95/><T135/><D135/><U122/><E122/><V123/><F123/><W27/><G27/><T125/><D125/><U54/><E22/><V57/><F21/><N who="3" m="11439" /><G124/><T97/><D46/><N who="3" m="17417" /><G42/><T108/><D108/><U88/><E85/><V70/><F94/><W77/><G77/><T115/><D115/><U89/><E10/><V86/><F103/><W80/><G80/><T35/><D35/><U49/><AGARI ba="1,0" hai="0,2,3,14,15,49,52,54,56,59,60,88,89,91" machi="49" ten="40,5200,0" yaku="0,1,54,2" doraHai="106" who="1" fromWho="1" sc="152,-14,165,55,362,-14,321,-27" owari="138,-36.2,220,-18.0,348,44.8,294,9.4" /></mjloggm>