<mjloggm ver="2.3"><GO type="225" lobby="0"/><UN n0="%E3%81%AE%E3%81%AA%E3%82%81%E3%83%BC%E3%82%93" n1="%E7%B4%94%E6%BD%94%E3%83%94%E3%83%A9%E3%83%8B%E3%82%A2" n2="%E5%B8%86%E7%AB%8B%E5%A4%8F%E8%A1%A3" n3="%E3%82%8C%E3%81%99%E3%81%93" dan="16,17,17,17" rate="2090.99,2205.80,2163.53,2268.88" sx="M,M,M,F"/><TAIKYOKU oya="0"/><INIT seed="0,0,0,4,3,47" ten="250,250,250,250" oya="0" hai0="68,25,75,64,23,76,1,10,30,100,12,24,85" hai1="50,117,60,103,59,11,28,51,79,8,56,0,44" hai2="129,111,2,107,119,27,114,43,115,80,36,53,78" hai3="86,70,65,94,128,77,39,55,112,126,133,125,109"/><T37/><D37/><U91/><E117/><V58/><F119/><W99/><G112/><T19/><D75/><U18/><E0/><V7/><F107/><W135/><G39/><T88/><D76/><U15/><E79/><V22/><F111/><W63/><G109/><T110/><D110/><U93/><E103/><V101/><F101/><N who="3" m="60663" /><G55/><T41/><D41/><U102/><E102/><V48/><F129/><W72/><G72/><T127/><D127/><N who="3" m="48649" /><G128/><T9/><D100/><U130/><E130/><V21/><F43/><W108/><G108/><T33/><D68/><U96/><E44/><V131/><F36/><W82/><AGARI ba="0,0" hai="63,65,70,77,82,86,133,135" m="48649,60663" machi="82" ten="30,1100,0" yaku="18,1" doraHai="47" who="3" fromWho="3" sc="250,-5,250,-3,250,-3,250,11" /><INIT seed="1,0,0,2,2,24" ten="245,247,247,261" oya="1" hai0="14,124,11,97,53,30,132,12,134,42,50,89,39" hai1="25,47,69,4,113,13,102,38,95,80,79,51,101" hai2="128,127,19,10,133,123,111,112,126,94,32,49,64" hai3="77,119,92,100,118,23,9,67,83,37,90,44,66"/><U56/><E69/><V57/><F32/><W125/><G100/><T41/><D124/><N who="2" m="47658" /><F123/><W46/><G125/><T84/><D97/><U105/><E105/><V22/><F133/><N who="0" m="51306" /><D30/><U65/><E113/><V20/><F111/><W45/><G37/><T93/><D39/><U81/><E38/><V15/><F128/><W18/><G9/><T54/><D54/><U129/><E129/><V43/><F112/><W108/><G108/><T115/><D115/><U40/><E25/><V75/><F75/><W72/><G67/><T36/><D36/><U27/><E27/><V1/><F1/><W117/><G66/><T103/><D103/><N who="1" m="39435" /><E95/><V120/><F94/><W26/><REACH who="3" step="1"/><G45/><REACH who="3" ten="245,247,247,251" step="2"/><N who="0" m="27855" /><D11/><N who="1" m="4327" /><E79/><V5/><F64/><W71/><G71/><T110/><D110/><U6/><E6/><V31/><F5/><W16/><G16/><T0/><D0/><U73/><E73/><V59/><F19/><W28/><G28/><T33/><D33/><U96/><E96/><AGARI ba="0,1" hai="18,23,26,44,46,72,77,83,90,92,96,117,118,119" machi="96" ten="40,2600,0" yaku="1,1,12,1,53,0" doraHai="24" doraHaiUra="29" who="3" fromWho="1" sc="245,0,247,-26,247,0,251,36" /><INIT seed="2,0,0,3,0,56" ten="245,221,247,287" oya="2" hai0="124,49,22,12,118,58,116,16,108,50,14,26,91" hai1="112,17,115,76,92,72,21,60,68,54,61,89,42" hai2="80,48,19,133,2,84,106,130,110,15,125,98,105" hai3="45,90,101,120,131,107,33,20,73,37,95,123,114"/><V104/><F2/><W59/><G33/><T97/><D108/><U126/><E42/><V51/><F110/><W122/><G131/><T94/><D124/><U23/><E126/><V4/><F125/><W100/><G107/><T128/><D128/><U53/><E72/><V30/><F130/><W39/><G73/><T52/><REACH who="0" step="1"/><D50/><REACH who="0" ten="235,221,247,287" step="2"/><U35/><E35/><V74/><F51/><W88/><G37/><T64/><D64/><U5/><E5/><V27/><F48/><W71/><G39/><T11/><D11/><U78/><E17/><V86/><F4/><W113/><G123/><T6/><D6/><U46/><E46/><V117/><F19/><W36/><G36/><T121/><D121/><U8/><E8/><V41/><F133/><W82/><G122/><T127/><D127/><U0/><E0/><V34/><F117/><AGARI ba="0,1" hai="12,14,16,22,26,49,52,58,91,94,97,116,117,118" machi="117" ten="40,8000,1" yaku="1,1,12,1,54,2,53,0" doraHai="56" doraHaiUra="40" who="0" fromWho="2" sc="235,90,221,0,247,-80,287,0" /><INIT seed="3,0,0,3,5,134" ten="325,221,167,287" oya="3" hai0="38,18,122,41,69,12,96,35,27,108,70,109,67" hai1="57,53,37,43,45,125,62,55,117,58,113,5,46" hai2="80,10,82,56,36,23,48,123,107,19,51,119,86" hai3="72,99,94,77,3,75,16,84,32,89,2,79,132"/><W78/><G32/><T104/><D122/><U25/><E5/><V111/><F123/><W42/><G132/><T120/><D120/><U133/><E25/><V76/><F36/><W121/><G121/><T126/><D126/><U88/><E88/><V97/><F111/><N who="0" m="42570" /><D41/><N who="1" m="22703" /><E133/><V66/><F119/><W1/><G42/><T83/><D38/><N who="1" m="21879" /><E117/><V30/><F107/><W115/><G115/><T73/><D67/><N who="1" m="39375" /><E125/><V118/><F118/><W34/><G34/><T17/><D83/><U93/><E93/><V26/><F97/><W71/><G99/><T9/><D73/><U102/><E102/><V103/><F103/><W39/><G39/><T61/><D61/><U128/><E128/><V100/><F100/><W33/><G33/><T4/><D104/><U98/><E98/><V22/><F10/><W87/><G87/><T8/><D96/><U40/><E113/><V65/><F82/><W85/><G85/><T44/><D35/><U49/><E58/><V29/><F29/><W24/><G75/><T112/><D112/><U64/><E64/><V124/><F124/><W13/><G72/><T11/><D27/><U50/><E40/><V15/><REACH who="2" step="1"/><F51/><AGARI ba="0,0" hai="49,50,51,53,55" m="39375,21879,22703" machi="51" ten="30,8000,1" yaku="35,5" doraHai="134" who="1" fromWho="2" sc="325,0,221,80,167,-80,287,0" owari="325,42.5,301,10.1,87,-41.3,287,-11.3" /></mjloggm>