<mjloggm ver="2.3"><GO type="225" lobby="0"/><UN n0="%E3%82%89%E3%81%84%E3%81%B5%E3%81%8C%E3%83%BC%E3%81%A9%E3%81%99%E3%81%8D" n1="%E3%82%B3%E3%83%90%E3%83%AC%E3%82%A4" n2="%47%68%6F%73%74%55%30" n3="%E6%81%A5%E6%99%92%E3%81%97" dan="17,16,17,16" rate="2170.79,2094.20,2117.23,2118.72" sx="M,M,F,M"/><TAIKYOKU oya="0"/><INIT seed="0,0,0,5,5,41" ten="250,250,250,250" oya="0" hai0="122,89,123,2,114,4,60,110,10,27,58,36,82" hai1="0,15,108,18,131,74,66,84,78,62,20,47,124" hai2="8,135,46,115,38,65,30,11,99,128,113,29,86" hai3="57,102,133,24,87,88,35,5,48,25,103,106,16"/><T101/><D114/><U59/><E0/><V12/><F65/><W63/><G133/><T61/><D36/><U109/><E131/><V98/><F12/><W92/><G5/><T21/><D110/><U81/><E124/><V117/><F86/><W94/><G106/><T6/><D6/><U79/><E78/><V83/><F83/><N who="3" m="49279" /><G35/><T69/><D101/><N who="3" m="38409" /><G25/><T17/><D69/><U37/><REACH who="1" step="1"/><E74/><REACH who="1" ten="250,240,250,250" step="2"/><V33/><F128/><W125/><G125/><T43/><D123/><U97/><E97/><V42/><F99/><W53/><G63/><T32/><D122/><U1/><E1/><V126/><F98/><W129/><G129/><T7/><D61/><U64/><E64/><V3/><F126/><W112/><G112/><T127/><D127/><U44/><E44/><V85/><F3/><W50/><G50/><T107/><D60/><U121/><E121/><V90/><F115/><W52/><G53/><T39/><D2/><U23/><E23/><AGARI ba="0,1" hai="16,23,24,48,52,57,92,94" m="38409,49279" machi="23" ten="30,7700,0" yaku="8,1,54,3" doraHai="41" who="3" fromWho="1" sc="250,0,240,-77,250,0,250,87" /><INIT seed="1,0,0,5,4,93" ten="250,163,250,337" oya="1" hai0="34,134,83,53,63,46,51,23,78,88,94,92,40" hai1="17,49,81,120,117,26,77,30,118,38,128,39,102" hai2="70,22,125,27,13,116,110,5,72,6,87,126,21" hai3="18,10,19,33,3,114,68,97,62,24,54,29,12"/><U85/><E120/><V67/><F72/><W31/><G114/><T111/><D111/><U113/><E113/><V105/><F116/><W132/><G132/><T32/><D134/><U109/><E109/><V84/><F105/><W65/><G54/><T55/><D94/><U7/><E7/><N who="2" m="2571" /><F110/><W75/><G75/><T48/><D63/><U44/><E128/><V0/><F0/><W123/><G123/><T131/><D23/><N who="2" m="8714" /><F13/><W89/><G3/><T45/><D40/><U69/><E69/><V79/><F79/><W4/><REACH who="3" step="1"/><G31/><REACH who="3" ten="250,163,250,327" step="2"/><T124/><D131/><U101/><E118/><V11/><F67/><W58/><G58/><T64/><D64/><U52/><E117/><V36/><F70/><W9/><G9/><T15/><D124/><U57/><E57/><V115/><F11/><W56/><G56/><T135/><D135/><U8/><E30/><V47/><F115/><W112/><G112/><T103/><D55/><U107/><E26/><V96/><F27/><W95/><AGARI ba="0,1" hai="4,10,12,18,19,24,29,33,62,65,68,89,95,97" machi="95" ten="30,4000,0" yaku="1,1,0,1,52,1,53,0" doraHai="93" doraHaiUra="73" who="3" fromWho="3" sc="250,-10,163,-20,250,-10,327,50" /><INIT seed="2,0,0,2,0,58" ten="240,143,240,377" oya="2" hai0="54,62,114,31,56,83,39,92,97,44,47,73,109" hai1="16,20,124,102,118,67,84,13,82,105,125,7,86" hai2="129,18,99,100,17,69,106,130,49,42,34,55,23" hai3="10,9,132,28,43,51,133,103,96,71,26,45,89"/><V119/><F119/><W117/><G117/><T15/><D114/><U25/><E118/><V81/><F34/><N who="3" m="20759" /><G89/><T76/><D109/><U3/><E3/><V111/><F69/><W90/><G90/><T120/><D120/><U131/><E131/><N who="2" m="50187" /><F111/><W127/><G71/><T93/><D39/><U64/><E105/><V78/><F42/><W57/><G57/><T68/><D68/><U14/><E102/><V52/><F23/><W48/><G48/><T0/><D0/><U1/><E1/><V4/><F4/><W115/><G127/><T22/><D93/><U6/><E20/><V8/><F8/><W88/><G88/><T116/><D116/><U38/><E38/><V46/><F55/><W122/><G122/><T50/><D54/><U63/><E25/><V61/><F61/><W59/><G59/><T134/><D62/><U36/><E36/><V112/><F112/><W24/><G24/><T101/><D56/><U21/><E21/><V91/><F91/><W87/><G87/><AGARI ba="0,0" hai="17,18,46,49,52,78,81,87,99,100,106" m="50187" machi="87" ten="30,2900,0" yaku="19,1,54,1" doraHai="58" who="2" fromWho="3" sc="240,0,143,0,240,29,377,-29" /><INIT seed="2,1,0,1,1,116" ten="240,143,269,348" oya="2" hai0="57,108,36,55,68,22,39,13,40,50,102,99,129" hai1="118,24,70,104,130,91,60,31,103,28,132,61,113" hai2="5,64,12,48,10,110,47,101,79,80,20,82,62" hai3="21,45,46,0,127,135,89,27,59,117,54,44,49"/><V88/><F110/><W122/><G117/><T67/><D129/><U63/><E118/><V93/><F101/><W97/><G0/><T58/><D108/><U125/><E130/><V121/><F121/><W72/><G72/><T43/><D22/><U78/><E113/><V23/><F80/><W56/><G127/><T18/><D13/><U90/><E125/><V107/><F107/><W81/><G135/><T19/><D19/><U9/><E132/><V75/><F48/><W16/><G122/><T2/><D18/><U100/><E9/><V53/><F53/><N who="3" m="31791" /><G97/><T111/><D99/><U124/><E124/><V33/><F47/><W35/><G35/><T96/><D96/><U77/><E70/><V26/><F33/><W65/><G65/><T134/><D2/><U112/><E112/><V106/><F106/><W84/><G46/><N who="0" m="28119" /><D102/><U14/><E14/><V114/><F114/><W17/><G17/><T66/><D111/><U120/><E61/><AGARI ba="1,0" hai="16,21,27,44,45,54,59,61,81,84,89" m="31791" machi="61" ten="30,2000,0" yaku="8,1,54,1" doraHai="116" who="3" fromWho="1" sc="240,0,143,-23,269,0,348,23" /><INIT seed="3,0,0,4,0,84" ten="240,120,269,371" oya="3" hai0="98,61,28,11,27,121,102,34,13,1,73,127,47" hai1="66,90,63,0,57,59,76,111,46,92,12,65,31" hai2="118,40,55,93,32,64,6,82,108,21,50,128,112" hai3="2,95,45,15,62,107,70,41,135,22,105,80,115"/><W52/><G2/><T5/><D127/><U132/><E0/><V60/><F32/><W123/><G22/><T100/><D121/><U54/><E132/><V110/><F112/><W131/><G95/><T88/><D73/><U4/><E76/><V14/><F40/><W42/><G41/><T122/><D122/><U26/><E111/><V10/><F128/><W39/><G80/><T43/><D61/><U25/><E31/><V17/><F118/><W56/><G131/><T101/><D1/><U117/><E117/><V71/><F82/><W75/><G135/><T69/><D69/><U106/><E106/><V134/><F93/><W119/><G119/><T96/><REACH who="0" step="1"/><D88/><REACH who="0" ten="230,120,269,371" step="2"/><U109/><E109/><N who="2" m="42091" /><F134/><W23/><G123/><T58/><D58/><U85/><E46/><N who="2" m="28119" /><F6/><W130/><G75/><T113/><D113/><U77/><E77/><V114/><F114/><W53/><G115/><T124/><D124/><U49/><REACH who="1" step="1"/><E66/><REACH who="1" ten="230,110,269,371" step="2"/><V81/><F64/><W99/><G130/><T103/><N who="0" m="25600" /><DORA hai="33" /><T78/><D78/><U48/><E48/><AGARI ba="0,2" hai="5,11,13,27,28,34,43,47,48,96,98" m="25600" machi="48" ten="50,1600,0" yaku="1,1,53,0" doraHai="84,33" doraHaiUra="18,91" who="0" fromWho="1" sc="230,36,110,-16,269,0,371,0" owari="266,-13.4,94,-40.6,269,6.9,371,47.1" /></mjloggm>