<mjloggm ver="2.3"><GO type="225" lobby="0"/><UN n0="%E6%A1%9C%E8%8A%B1%E9%96%83%E3%80%85" n1="%E6%98%93%E5%88%A9%E8%96%A9%E4%BC%AF" n2="%E3%81%86%E3%81%A9%E3%82%93%E3%81%93" n3="%E3%81%A1%E3%82%85%E3%81%86%E3%81%A9%E3%81%8F%E8%B1%A1%E3%81%95%E3%82%93" dan="17,16,16,17" rate="2247.56,2118.42,2170.75,2248.55" sx="M,F,M,M"/><TAIKYOKU oya="0"/><INIT seed="0,0,0,0,3,131" ten="250,250,250,250" oya="0" hai0="55,104,99,45,109,133,86,94,41,59,116,33,7" hai1="60,0,101,125,42,76,88,79,82,71,30,22,135" hai2="66,107,36,64,48,13,129,11,80,49,68,118,123" hai3="52,15,111,34,70,21,87,9,46,6,105,102,23"/><T24/><D116/><U121/><E121/><V89/><F107/><W132/><G70/><T18/><D104/><U77/><E0/><V26/><F36/><W100/><G34/><T120/><D120/><U113/><E113/><V56/><F123/><W20/><G111/><T92/><D7/><U57/><E71/><V27/><F68/><W51/><G105/><T84/><D94/><U19/><E125/><V40/><F129/><W119/><G119/><T16/><D109/><U130/><E130/><V1/><F1/><W54/><G132/><T117/><D133/><U31/><E101/><V44/><F118/><W39/><G39/><T10/><D18/><U38/><E42/><V28/><F49/><W75/><G75/><T14/><D24/><N who="2" m="9258" /><F56/><W53/><REACH who="3" step="1"/><G87/><REACH who="3" ten="250,250,250,240" step="2"/><T8/><D33/><U25/><E38/><V5/><F28/><W110/><G110/><T106/><D106/><U108/><E108/><V2/><F2/><W126/><G126/><T32/><D32/><U58/><E135/><V72/><F72/><W122/><G122/><T112/><D117/><U115/><E115/><V114/><F114/><W43/><AGARI ba="0,1" hai="6,9,15,20,21,23,43,46,51,52,53,54,100,102" machi="43" ten="30,7900,0" yaku="1,1,0,1,8,1,54,1,53,0" doraHai="131" doraHaiUra="74" who="3" fromWho="3" sc="250,-39,250,-20,250,-20,240,89" /><INIT seed="1,0,0,0,3,95" ten="211,230,230,329" oya="1" hai0="100,90,20,5,66,83,86,126,3,8,78,112,72" hai1="69,124,53,73,40,110,14,39,57,98,114,134,96" hai2="6,92,61,54,27,60,76,21,19,50,93,23,42" hai3="48,84,105,41,94,62,109,117,28,135,29,116,89"/><U123/><E114/><V79/><F42/><W7/><G105/><T121/><D112/><U1/><E123/><V63/><F6/><W2/><G109/><T58/><D121/><U51/><E1/><V35/><F35/><W97/><G62/><T106/><D126/><U81/><E124/><V127/><F127/><W9/><G135/><T133/><D133/><U30/><E134/><V15/><F79/><W24/><G84/><T26/><D58/><U99/><E69/><V38/><F76/><W113/><G113/><T128/><D66/><U37/><E73/><V120/><F38/><W33/><REACH who="3" step="1"/><G29/><REACH who="3" ten="211,230,230,319" step="2"/><T46/><D106/><U77/><E110/><V12/><F120/><W47/><AGARI ba="0,1" hai="2,7,9,24,28,33,41,47,48,89,94,97,116,117" machi="47" ten="30,7900,0" yaku="1,1,2,1,0,1,52,1,53,0" doraHai="95" doraHaiUra="122" who="3" fromWho="3" sc="211,-20,230,-39,230,-20,319,89" /><INIT seed="2,0,0,3,5,107" ten="191,191,210,408" oya="2" hai0="126,123,95,34,76,96,82,130,115,102,52,8,74" hai1="131,98,94,113,69,43,90,47,17,104,132,81,84" hai2="133,29,65,46,68,103,0,77,89,112,5,25,127" hai3="91,105,100,51,57,55,42,15,48,7,28,22,23"/><V111/><F112/><W3/><G3/><T53/><D123/><U9/><E113/><V116/><F116/><W101/><G91/><T80/><D115/><U18/><E131/><V44/><F133/><W30/><G105/><T21/><D34/><U11/><E69/><V70/><F103/><W85/><G85/><T27/><D130/><U88/><E104/><V71/><F65/><W93/><G93/><T67/><D126/><U19/><REACH who="1" step="1"/><E132/><REACH who="1" ten="191,181,210,408" step="2"/><V12/><F70/><W16/><G30/><T35/><D35/><U135/><E135/><V110/><F68/><W97/><G28/><T64/><D8/><U32/><E32/><V56/><F71/><W1/><G23/><T128/><D128/><U108/><E108/><V20/><F127/><W40/><G22/><T73/><D67/><U129/><E129/><V24/><F111/><W87/><G1/><T119/><D64/><U78/><E78/><V45/><F110/><W79/><G79/><T114/><D114/><U2/><E2/><V118/><F0/><W117/><G117/><T75/><D119/><U6/><E6/><V60/><F77/><W62/><G7/><T13/><D13/><U54/><E54/><N who="0" m="21097" /><D76/><U121/><E121/><V134/><F118/><W83/><G15/><T59/><D59/><U49/><AGARI ba="0,1" hai="9,11,17,18,19,43,47,49,81,84,88,90,94,98" machi="49" ten="30,7900,0" yaku="1,1,0,1,8,1,54,1,53,0" doraHai="107" doraHaiUra="31" who="1" fromWho="1" sc="191,-20,181,89,210,-39,408,-20" /><INIT seed="3,0,0,0,3,48" ten="171,270,171,388" oya="3" hai0="58,104,38,62,26,106,111,67,61,121,70,55,45" hai1="89,114,135,131,0,9,18,6,49,56,20,66,44" hai2="32,23,21,24,107,12,5,112,109,43,96,47,108" hai3="71,122,25,63,54,41,22,69,87,120,102,133,27"/><W65/><G25/><T16/><D121/><U83/><E131/><V124/><F124/><W123/><G41/><T78/><D78/><U79/><E135/><V17/><F112/><W36/><G36/><T77/><D77/><U92/><E114/><V116/><F116/><W110/><G102/><T91/><D111/><N who="2" m="42570" /><F5/><W117/><G71/><T85/><D38/><U30/><E30/><N who="2" m="19527" /><F96/><W8/><G117/><T105/><D45/><U34/><E56/><V39/><F107/><W125/><G69/><T11/><D11/><AGARI ba="0,0" hai="11,12,17,21,23,39,43,47" m="19527,42570" machi="11" ten="30,1000,0" yaku="14,1" doraHai="48" who="2" fromWho="0" sc="171,-10,270,0,171,10,388,0" owari="161,-33.9,270,7.0,181,-21.9,388,48.8" /></mjloggm>