<mjloggm ver="2.3"><GO type="225" lobby="0"/><UN n0="%E3%82%BF%E3%83%BC%E3%83%90%E3%83%B3%E9%87%8E%E5%8F%A3" n1="%E9%B3%B3%E6%9D%B1%E3%81%AE%E3%81%BF%E3%81%91%E3%81%AB%E3%82%83%E3%82%93" n2="%E3%83%97%E3%83%AC%E3%83%B4%E3%82%A1%E3%83%86%E3%82%A3" n3="%E3%83%94%E3%83%B3%E3%82%B5%E3%83%AD%E5%BA%97%E5%93%A1" dan="16,17,16,16" rate="2132.07,2159.33,2079.47,2154.91" sx="M,F,F,M"/><TAIKYOKU oya="0"/><INIT seed="0,0,0,4,5,80" ten="250,250,250,250" oya="0" hai0="54,44,23,79,60,15,7,40,3,10,71,83,69" hai1="53,33,110,29,112,4,122,99,107,37,65,106,32" hai2="98,133,135,47,123,59,70,103,73,49,131,124,66" hai3="128,121,13,119,43,25,72,127,27,31,62,51,76"/><T55/><D23/><U12/><E122/><V87/><F123/><W111/><G119/><T16/><D16/><U118/><E118/><V84/><F73/><W117/><G117/><T100/><D100/><U17/><E65/><V61/><F70/><W88/><G121/><T34/><D34/><U52/><E37/><V11/><F124/><W18/><G111/><T5/><D5/><U91/><E4/><V57/><F11/><W108/><G108/><T22/><D22/><U6/><E6/><V114/><F114/><W126/><G128/><T134/><D134/><N who="2" m="51210" /><F59/><W105/><G105/><T28/><D28/><U67/><E110/><V46/><F131/><W125/><G62/><T129/><D129/><U90/><E67/><V38/><F38/><W20/><G76/><T21/><D21/><U78/><E78/><V116/><F116/><W35/><G72/><T1/><D1/><U74/><E74/><V68/><F68/><W36/><G36/><T9/><D9/><U58/><E112/><V19/><F19/><W77/><G77/><T2/><D2/><U86/><E29/><V92/><F46/><N who="3" m="26079" /><G88/><N who="1" m="33834" /><E106/><V85/><F47/><W113/><G113/><T41/><D3/><U132/><E132/><V48/><AGARI ba="0,0" hai="48,49,57,61,66,84,85,87,92,98,103" m="51210" machi="48" ten="40,8000,1" yaku="20,1,52,3" doraHai="80" who="2" fromWho="2" sc="250,-40,250,-20,250,80,250,-20" /><INIT seed="1,0,0,1,2,59" ten="210,230,330,230" oya="1" hai0="10,85,99,80,79,125,87,41,49,130,65,74,21" hai1="15,73,12,58,30,90,77,22,94,67,119,72,39" hai2="11,51,116,114,26,96,62,132,106,60,53,38,98" hai3="115,17,104,113,71,13,122,75,34,76,107,40,32"/><U35/><E119/><V133/><F38/><W68/><G17/><T112/><D112/><N who="3" m="43081" /><G13/><T78/><D130/><U7/><E39/><V0/><F114/><W128/><G40/><T93/><D125/><U45/><E35/><N who="3" m="13354" /><G122/><T86/><D10/><U108/><E45/><V126/><F116/><W44/><G44/><T111/><D65/><U28/><E77/><V110/><F126/><W16/><G16/><T81/><D21/><U84/><E72/><V91/><F110/><W14/><G14/><T66/><D66/><U48/><E73/><V109/><F109/><W23/><G23/><T33/><D33/><U25/><E30/><V127/><F127/><W31/><G31/><T102/><D111/><U4/><E108/><V37/><F37/><W54/><G54/><T6/><D6/><N who="1" m="2091" /><E48/><V5/><F26/><W64/><G128/><T19/><D19/><U55/><E55/><V120/><F120/><W47/><G47/><T95/><D49/><U100/><E100/><V88/><F106/><N who="3" m="40491" /><G64/><T105/><D41/><U82/><E94/><AGARI ba="0,0" hai="74,78,79,80,81,85,86,87,93,94,95,99,102,105" machi="94" ten="40,12000,2" yaku="35,6" doraHai="59" who="0" fromWho="1" sc="210,120,230,-120,330,0,230,0" /><INIT seed="2,0,0,1,5,96" ten="330,110,330,230" oya="2" hai0="45,106,66,98,19,10,118,133,3,37,55,109,134" hai1="46,111,9,82,83,35,100,121,87,32,5,129,115" hai2="18,72,61,4,64,102,77,2,67,30,105,27,56" hai3="97,51,29,26,126,95,39,31,59,85,94,117,13"/><V41/><F41/><W80/><G39/><T107/><D66/><U40/><E115/><V21/><F72/><W11/><G117/><T28/><D109/><U38/><E111/><V103/><F77/><W15/><G126/><T65/><D118/><U44/><E129/><V24/><F105/><N who="0" m="39946" /><D65/><U93/><E121/><V84/><F67/><W130/><G130/><T110/><D98/><U25/><E44/><V122/><F122/><W131/><G131/><T108/><D28/><N who="3" m="10825" /><G26/><T101/><D101/><N who="2" m="38410" /><F2/><W0/><G97/><T42/><D55/><U34/><E25/><N who="2" m="16687" /><F4/><N who="3" m="3303" /><G15/><N who="0" m="7671" /><D3/><U1/><E100/><V8/><F84/><W73/><G73/><T60/><D60/><U68/><E87/><V128/><F128/><W89/><G0/><T76/><D76/><U79/><E79/><V112/><F112/><W125/><G125/><T90/><D90/><U58/><E1/><V116/><F116/><W17/><G17/><T81/><D108/><U92/><E68/><V54/><F64/><W135/><G135/><N who="0" m="51723" /><D110/><U120/><E120/><V62/><F62/><W71/><G71/><T52/><D52/><AGARI ba="0,0" hai="51,52,59,80,85,89,94,95" m="3303,10825" machi="52" ten="30,2000,0" yaku="8,1,54,1" doraHai="96" who="3" fromWho="0" sc="330,-20,110,0,330,0,230,20" /><INIT seed="3,0,0,2,2,72" ten="310,110,330,250" oya="3" hai0="10,8,0,34,6,44,68,89,1,54,80,111,63" hai1="106,24,117,74,26,38,75,60,61,97,77,110,95" hai2="48,134,41,25,125,31,123,22,100,129,115,23,62" hai3="13,55,105,120,126,116,12,109,40,92,14,33,46"/><W36/><G116/><T82/><D34/><U90/><E38/><V93/><F115/><W65/><G120/><T84/><D111/><U98/><E110/><V132/><F123/><W85/><G109/><T21/><D21/><U122/><E122/><V94/><F125/><W127/><G105/><T70/><D80/><U96/><E117/><V29/><F129/><W113/><G33/><T43/><D54/><U130/><E130/><V47/><F100/><W102/><G113/><T59/><D59/><U67/><E106/><V3/><F3/><W53/><G65/><T32/><D32/><U66/><E95/><V57/><F132/><W69/><G69/><T50/><REACH who="0" step="1"/><D63/><REACH who="0" ten="300,110,330,250" step="2"/><U37/><E37/><V27/><F134/><W104/><G104/><T16/><D16/><U20/><E20/><V73/><F73/><W45/><G55/><AGARI ba="0,1" hai="22,23,25,27,29,31,41,47,48,55,57,62,93,94" machi="55" ten="30,3900,0" yaku="7,1,9,1,8,1" doraHai="72" who="2" fromWho="3" sc="300,0,110,0,330,49,250,-39" owari="300,10.0,110,-39.0,379,47.9,211,-18.9" /></mjloggm>