<mjloggm ver="2.3"><GO type="225" lobby="0"/><UN n0="%E5%8F%AF%E5%85%90%E9%82%A3%E7%94%B1%E5%A4%9A" n1="%63%68%78%62%64" n2="%E3%81%A8%E3%82%93%E3%81%A8%E3%81%93%E3%81%A8%E3%82%93" n3="%72%69%6F%75%63%68%61%6E" dan="17,16,16,17" rate="2169.22,2125.79,2112.87,2222.66" sx="F,M,F,M"/><TAIKYOKU oya="0"/><INIT seed="0,0,0,0,3,111" ten="250,250,250,250" oya="0" hai0="81,104,4,54,78,7,52,125,28,96,127,45,129" hai1="122,1,41,128,63,51,77,108,99,101,76,67,74" hai2="37,3,29,83,44,19,53,114,2,66,107,133,86" hai3="119,21,26,131,135,40,25,65,36,59,120,72,57"/><T94/><D104/><U20/><E108/><V132/><F107/><W33/><G119/><T75/><D129/><U70/><E128/><V8/><F29/><W6/><G131/><T84/><D75/><U5/><E74/><V85/><F66/><W9/><G135/><N who="2" m="51785" /><F114/><W69/><G120/><T58/><D28/><U56/><E122/><V95/><F95/><W16/><G72/><T121/><D121/><U13/><E1/><N who="2" m="11" /><F83/><W61/><G33/><T124/><D45/><U109/><E109/><V48/><F37/><W80/><G80/><T90/><REACH who="0" step="1"/><D54/><REACH who="0" ten="240,250,250,250" step="2"/><U15/><E67/><V27/><F27/><W97/><G25/><T126/><N who="0" m="31744" /><DORA hai="24" /><T22/><D22/><U91/><E20/><V87/><F8/><W32/><G32/><T39/><D39/><U17/><E41/><V18/><AGARI ba="0,1" hai="18,19,44,48,53,85,86,87" m="11,51785" machi="18" ten="40,1500,0" yaku="20,1" doraHai="111,24" who="2" fromWho="2" sc="240,-7,250,-4,250,25,250,-4" /><INIT seed="1,0,0,3,3,135" ten="233,246,275,246" oya="1" hai0="23,6,70,130,33,121,102,64,54,92,51,46,11" hai1="16,47,77,45,110,28,126,75,85,73,41,76,34" hai2="80,86,87,109,14,108,112,32,9,101,57,74,122" hai3="62,107,31,105,71,10,88,59,79,18,83,19,20"/><U29/><E110/><N who="2" m="42603" /><F122/><W104/><G71/><T98/><D33/><U65/><E65/><V128/><F32/><W131/><G131/><T99/><D130/><U43/><E34/><V119/><F119/><W39/><G39/><T30/><D121/><U44/><E85/><V21/><F128/><W78/><G10/><T89/><D70/><U5/><E5/><V120/><F120/><W35/><G35/><T36/><D36/><U69/><E69/><V114/><F101/><W42/><G42/><N who="1" m="15882" /><E16/><N who="2" m="10391" /><F9/><W94/><G31/><N who="1" m="11850" /><E126/><V56/><F74/><AGARI ba="0,0" hai="44,45,47,73,74,75,76,77" m="11850,15882" machi="74" ten="40,3900,0" yaku="28,2" doraHai="135" who="1" fromWho="2" sc="233,0,246,39,275,-39,246,0" /><INIT seed="1,1,0,5,3,101" ten="233,285,236,246" oya="1" hai0="117,39,104,106,79,35,108,129,98,53,11,13,8" hai1="66,89,9,0,4,130,60,112,17,107,42,6,26" hai2="62,123,7,113,95,109,97,96,103,83,90,46,127" hai3="110,14,121,132,1,58,81,30,77,5,37,55,119"/><U94/><E112/><V115/><F123/><W87/><G121/><T47/><D117/><U48/><E107/><V44/><F109/><W111/><G1/><T122/><D35/><U2/><E130/><V120/><F120/><W61/><G132/><T38/><D122/><U16/><E26/><V43/><F127/><W93/><G119/><T64/><D64/><U88/><E89/><V99/><F7/><W69/><G37/><T80/><D108/><N who="3" m="41513" /><G30/><T85/><D129/><U51/><E42/><V92/><F83/><W24/><G24/><T22/><D22/><U33/><E33/><V82/><F82/><W91/><G69/><T131/><D131/><U28/><E28/><V70/><F97/><W31/><G31/><T65/><D65/><U126/><E126/><V105/><F70/><W15/><G5/><T76/><D76/><U34/><E34/><V72/><F72/><AGARI ba="1,0" hai="14,15,55,58,61,72,77,81,87,91,93" m="41513" machi="72" ten="30,1000,0" yaku="14,1" doraHai="101" who="3" fromWho="2" sc="233,0,285,0,236,-13,246,13" /><INIT seed="2,0,0,5,4,16" ten="233,285,223,259" oya="2" hai0="122,57,87,104,96,129,18,25,17,85,5,24,110" hai1="53,45,103,65,112,73,72,67,19,43,35,97,131" hai2="75,98,69,36,114,21,1,91,106,6,22,94,64" hai3="11,51,130,78,30,34,76,55,49,12,9,120,115"/><V121/><F121/><W84/><G120/><T60/><D110/><U41/><E35/><V68/><F114/><W62/><G115/><T127/><D122/><U125/><E112/><V27/><F75/><W47/><G130/><T81/><D129/><U118/><E131/><V42/><F106/><W105/><G105/><T37/><D37/><U54/><E118/><V7/><F36/><W126/><G126/><T74/><D74/><U123/><E125/><V132/><F42/><W101/><G101/><T15/><D127/><U33/><E33/><V82/><F132/><W102/><G102/><T40/><D40/><U4/><E4/><V63/><F82/><W32/><G62/><T58/><D104/><U86/><E103/><V100/><F69/><W29/><G84/><T48/><D96/><U124/><E97/><V128/><F128/><W113/><G113/><T14/><D5/><U44/><E86/><V107/><F1/><W71/><G71/><T56/><D48/><U46/><E124/><V109/><F109/><W52/><G12/><T31/><D31/><U79/><E123/><V93/><F107/><W23/><G47/><T61/><D57/><U77/><E45/><V66/><F64/><W50/><G50/><T10/><D81/><U39/><E39/><V26/><F26/><W83/><G83/><T111/><D111/><U38/><E38/><V133/><F133/><W28/><G28/><T108/><D108/><U8/><E8/><AGARI ba="0,0" hai="8,10,14,15,17,18,24,25,56,58,60,61,85,87" machi="8" ten="25,3200,0" yaku="22,2,8,1" doraHai="16" who="0" fromWho="1" sc="233,32,285,-32,223,0,259,0" /><INIT seed="3,0,0,1,1,129" ten="265,253,223,259" oya="3" hai0="77,8,38,133,43,45,86,121,72,118,9,32,27" hai1="74,56,78,125,107,11,16,109,36,106,65,116,130" hai2="131,113,2,4,35,62,23,112,134,46,75,87,40" hai3="28,94,12,54,123,33,101,52,80,10,119,122,135"/><W110/><G135/><T95/><D118/><U1/><E109/><V41/><F23/><W124/><G119/><T90/><D121/><U7/><E125/><V15/><F15/><W83/><G124/><T103/><D133/><U21/><E116/><V71/><F134/><W89/><G110/><T64/><D64/><U22/><E36/><N who="2" m="21767" /><F87/><W84/><G123/><T98/><D32/><U14/><E130/><V67/><F131/><W59/><G122/><T55/><D27/><U30/><E30/><V20/><F20/><W88/><G101/><T69/><D69/><U108/><E22/><V79/><F41/><W99/><G80/><T44/><D77/><U93/><E108/><V128/><F35/><W61/><G33/><T82/><D72/><U102/><E78/><V53/><F53/><N who="3" m="34031" /><G28/><T18/><D18/><AGARI ba="0,0" hai="10,12,18,52,54,83,84,88,89,94,99" m="34031" machi="18" ten="30,5800,0" yaku="8,1,54,2" doraHai="129" who="3" fromWho="0" sc="265,-58,253,0,223,0,259,58" owari="207,-29.3,253,5.3,223,-17.7,317,41.7" /></mjloggm>