<mjloggm ver="2.3"><GO type="225" lobby="0"/><UN n0="%E5%B8%86%E7%AB%8B%E5%A4%8F%E8%A1%A3" n1="%E3%82%B7%E3%83%B3%E5%A4%AA%E6%9C%97" n2="%E3%82%82%E3%81%90%E3%82%89" n3="%72%61%6B%33" dan="16,16,17,16" rate="2129.65,2187.86,2187.20,2113.80" sx="M,M,F,M"/><TAIKYOKU oya="0"/><INIT seed="0,0,0,0,4,112" ten="250,250,250,250" oya="0" hai0="7,65,41,34,102,119,26,9,81,101,47,15,8" hai1="50,109,135,77,126,100,17,83,107,94,127,24,125" hai2="39,16,48,49,121,86,114,84,134,56,0,73,4" hai3="98,91,63,70,12,131,42,18,37,64,111,14,72"/><T67/><D119/><U124/><E109/><V128/><F114/><W52/><G131/><T33/><D67/><U20/><E135/><V85/><F121/><W23/><G111/><T123/><D123/><U32/><E107/><V122/><F122/><W68/><G72/><T44/><D65/><U66/><E66/><V57/><F39/><W88/><G70/><T99/><D81/><U93/><E100/><V30/><F128/><W59/><G98/><T11/><D11/><U132/><E132/><V76/><F30/><W97/><G97/><T25/><D99/><U53/><E32/><V46/><F49/><N who="3" m="31119" /><G14/><T116/><D15/><U89/><E89/><V31/><F31/><W62/><G62/><T120/><D120/><U13/><E13/><V117/><F117/><W75/><G75/><T103/><D103/><U79/><E79/><V2/><F76/><W130/><G130/><T129/><D129/><U90/><E90/><V21/><F73/><W82/><G82/><T87/><D116/><U106/><E106/><V58/><F134/><W3/><G3/><T40/><REACH who="0" step="1"/><D7/><REACH who="0" ten="240,250,250,250" step="2"/><U108/><E108/><V51/><F4/><W95/><G95/><T27/><D27/><U71/><E127/><V60/><F2/><W74/><G74/><T10/><D10/><U133/><E133/><V69/><F0/><W6/><G6/><T28/><D28/><U61/><E83/><V104/><F69/><W105/><G105/><T110/><D110/><U5/><E5/><V96/><F104/><W118/><G118/><T115/><D115/><U36/><E126/><V113/><F113/><RYUUKYOKU ba="0,1" sc="240,15,250,-15,250,-15,250,15" hai0="8,9,25,26,33,34,40,41,44,47,87,101,102" hai3="12,18,23,37,42,63,64,68,88,91" /><INIT seed="0,1,1,5,0,76" ten="255,235,235,265" oya="0" hai0="69,131,124,31,36,10,104,55,130,121,105,32,118" hai1="14,52,1,92,49,13,100,46,40,85,4,33,79" hai2="3,29,24,99,129,114,20,98,96,89,101,58,23" hai3="44,19,35,70,37,16,30,117,17,109,88,67,21"/><T87/><D121/><U127/><E33/><V51/><F114/><W39/><G117/><T93/><D118/><U9/><E127/><V107/><F3/><W47/><G35/><T5/><D124/><U28/><E28/><V22/><F129/><N who="0" m="49162" /><D69/><U0/><E100/><V45/><F58/><W56/><G70/><T95/><D36/><U2/><E14/><V61/><F61/><N who="3" m="38311" /><G37/><T128/><N who="0" m="49170" /><T63/><DORA hai="34" /><D63/><U65/><E65/><V59/><F59/><W66/><G39/><T94/><D87/><U80/><REACH who="1" step="1"/><E92/><REACH who="1" ten="255,225,235,265" step="2"/><V77/><F101/><W38/><G66/><T110/><D110/><U7/><E7/><V48/><F107/><W126/><G109/><T26/><D55/><AGARI ba="1,2" hai="0,1,2,4,9,13,40,46,49,52,55,79,80,85" machi="55" ten="40,16000,3" yaku="1,1,25,2,52,4,54,1,53,1" doraHai="76,34" doraHaiUra="74,115" who="1" fromWho="0" sc="255,-163,225,183,235,0,265,0" /><INIT seed="1,0,0,1,4,83" ten="92,408,235,265" oya="1" hai0="93,104,88,13,3,52,119,62,47,39,115,123,11" hai1="109,70,71,26,19,1,68,45,67,4,85,90,24" hai2="25,64,72,23,65,29,38,118,86,102,31,92,58" hai3="27,41,20,78,107,10,114,54,112,129,61,124,7"/><U132/><E132/><V40/><F118/><W48/><G107/><T34/><D115/><U117/><E117/><V22/><F72/><W5/><G124/><T21/><D123/><U84/><E109/><V55/><F38/><W95/><G129/><T100/><D119/><U43/><E67/><V35/><F40/><W50/><G78/><T126/><D126/><U8/><E19/><V91/><F102/><W106/><G106/><T0/><D34/><U12/><E1/><V116/><F116/><W32/><G32/><T56/><D21/><U99/><E99/><V122/><F122/><W2/><G7/><T28/><D28/><U57/><E57/><V51/><F35/><W44/><G61/><T96/><D47/><U63/><E63/><V89/><F89/><W60/><G60/><T49/><D62/><U128/><E128/><V37/><F37/><W131/><G95/><T130/><D39/><U87/><REACH who="1" step="1"/><E90/><REACH who="1" ten="92,398,235,265" step="2"/><V127/><F127/><W103/><G131/><T82/><D130/><U81/><E81/><V33/><F33/><W133/><G133/><T125/><D82/><U36/><AGARI ba="0,1" hai="4,8,12,24,26,36,43,45,68,70,71,84,85,87" machi="36" ten="40,12000,1" yaku="1,1,0,1,52,3,53,0" doraHai="83" doraHaiUra="98" who="1" fromWho="1" sc="92,-40,398,130,235,-40,265,-40" /><INIT seed="1,1,0,3,0,130" ten="52,528,195,225" oya="1" hai0="42,53,46,64,74,135,57,10,55,14,108,9,33" hai1="29,125,56,18,51,48,70,0,73,63,112,43,15" hai2="119,30,66,96,123,75,26,120,90,19,72,79,115" hai3="60,111,44,54,6,23,127,83,129,132,98,122,12"/><U37/><E112/><V1/><F119/><W101/><G111/><T134/><D74/><U89/><E0/><V61/><F1/><W27/><G127/><T93/><D108/><U4/><E70/><V3/><F3/><W39/><G39/><T85/><D33/><U81/><E4/><V97/><F115/><W35/><G83/><T102/><D64/><U78/><E125/><V32/><F19/><W69/><G44/><T24/><D24/><U47/><E29/><V38/><F38/><W91/><G91/><N who="0" m="53487" /><D102/><U16/><E89/><V107/><F97/><W65/><G35/><T94/><D94/><U7/><E7/><V126/><F126/><W100/><G100/><T50/><D14/><U21/><REACH who="1" step="1"/><E18/><REACH who="1" ten="52,518,195,225" step="2"/><V76/><F90/><W124/><G124/><T104/><D104/><U52/><AGARI ba="1,1" hai="15,16,21,37,43,47,48,51,52,56,63,73,78,81" machi="52" ten="20,18000,2" yaku="1,1,2,1,0,1,7,1,54,2,53,0" doraHai="130" doraHaiUra="28" who="1" fromWho="1" sc="52,-61,518,193,195,-61,225,-61" owari="-9,-50.9,711,81.1,134,-26.6,164,-3.6" /></mjloggm>