<mjloggm ver="2.3"><GO type="225" lobby="0"/><UN n0="%E5%AF%82%E5%AF%9E%E3%82%AE%E3%83%8D%E3%82%B9%E3%83%93%E3%83%BC%E3%83%AB" n1="%E8%BE%9B%E5%8F%A3%E3%82%AB%E3%83%AC%E3%83%BC%E3%83%A9%E3%82%A4%E3%82%B9" n2="%6D%75%75%6D%75%72%61" n3="%38%63%E3%81%AF%E3%81%A3%E3%81%97%E3%83%BC" dan="16,16,16,16" rate="2119.47,2206.22,2148.19,2110.06" sx="M,M,F,M"/><TAIKYOKU oya="0"/><INIT seed="0,0,0,2,1,109" ten="250,250,250,250" oya="0" hai0="22,58,130,33,117,82,65,122,135,72,115,6,17" hai1="55,69,37,75,2,107,25,134,120,98,31,11,16" hai2="124,34,40,7,42,97,23,18,61,121,24,132,73" hai3="67,119,116,56,85,62,113,44,108,126,93,128,114"/><T101/><D33/><U131/><E120/><V74/><F121/><W76/><G108/><T71/><D122/><U39/><E69/><V47/><F132/><W94/><G128/><T0/><D117/><U41/><E131/><V99/><F124/><W105/><G105/><T29/><D71/><U46/><E134/><V26/><F7/><W106/><G106/><T27/><D135/><U32/><E75/><V30/><F61/><W79/><G44/><T100/><D130/><U104/><E37/><V4/><F4/><W81/><G79/><T53/><D65/><U64/><E64/><V86/><F86/><W77/><G77/><T95/><D115/><U20/><E98/><V38/><REACH who="2" step="1"/><F42/><REACH who="2" ten="250,250,240,250" step="2"/><W8/><G126/><T60/><D6/><U89/><E2/><V78/><F78/><W123/><G123/><T50/><D0/><U125/><E125/><V96/><AGARI ba="0,1" hai="18,23,24,26,30,34,38,40,47,73,74,96,97,99" machi="96" ten="30,2000,0" yaku="1,1,0,1,53,0" doraHai="109" doraHaiUra="49" who="2" fromWho="2" sc="250,-10,250,-5,240,30,250,-5" /><INIT seed="1,0,0,0,3,52" ten="240,245,270,245" oya="1" hai0="97,64,103,114,106,116,60,122,40,133,94,76,123" hai1="86,80,77,121,74,134,32,26,0,78,46,23,105" hai2="61,13,59,95,83,57,87,18,89,117,25,2,54" hai3="81,29,39,37,113,11,16,31,128,44,55,47,49"/><U28/><E121/><N who="0" m="46089" /><D114/><U100/><E0/><V65/><F117/><W111/><G113/><T33/><D116/><U45/><E134/><V125/><F2/><W63/><G111/><T3/><D3/><U8/><E8/><N who="2" m="6439" /><F125/><W48/><G128/><T126/><D33/><U42/><E105/><V6/><F25/><W7/><G63/><T131/><D131/><U98/><E32/><V9/><F9/><W56/><G7/><T99/><D40/><U132/><E132/><V118/><F118/><W109/><G109/><T50/><D50/><U14/><E14/><V58/><F6/><W21/><G11/><T104/><D133/><U35/><E35/><V102/><F54/><W127/><G127/><T71/><D126/><U20/><E20/><V92/><F92/><W124/><G124/><T17/><D76/><U112/><E112/><V36/><F36/><W107/><G107/><N who="0" m="63983" /><D17/><U69/><E69/><V79/><F102/><AGARI ba="0,0" hai="60,64,71,94,99,102,104,106" m="63983,46089" machi="102" ten="30,1000,0" yaku="13,1" doraHai="52" who="0" fromWho="2" sc="240,10,245,0,270,-10,245,0" /><INIT seed="2,0,0,5,1,20" ten="250,245,260,245" oya="2" hai0="12,85,49,60,122,119,18,44,124,76,105,112,68" hai1="81,114,32,65,109,118,125,132,36,98,111,131,126" hai2="100,86,79,53,31,129,82,77,103,92,93,59,56" hai3="74,41,46,121,110,123,13,30,2,34,51,15,55"/><V115/><F115/><W4/><G74/><T80/><D122/><U120/><RYUUKYOKU type="yao9" ba="0,0" sc="250,0,245,0,260,0,245,0" hai1="32,36,65,81,98,109,111,114,118,120,125,126,131,132" /><INIT seed="2,1,0,2,2,107" ten="250,245,260,245" oya="2" hai0="60,100,41,127,111,95,16,84,123,65,105,89,90" hai1="25,87,35,70,76,19,133,12,46,9,120,119,6" hai2="94,17,88,96,75,37,121,115,116,55,57,53,109" hai3="43,22,130,28,131,117,67,104,33,80,124,13,113"/><V39/><F115/><W34/><G67/><T45/><D123/><U103/><E119/><V134/><F116/><W71/><G43/><T122/><D122/><U132/><E120/><V49/><F121/><W101/><G80/><T92/><D111/><U81/><E70/><V5/><F109/><W48/><G48/><T108/><D108/><U85/><E103/><V52/><F134/><N who="1" m="51817" /><E46/><V83/><F5/><W59/><G59/><T62/><D127/><U30/><E6/><V64/><F17/><W0/><G71/><T98/><D65/><U112/><E112/><V86/><F75/><AGARI ba="1,0" hai="9,12,19,25,30,35,75,76,81,85,87" m="51817" machi="75" ten="30,2000,0" yaku="20,1,52,1" doraHai="107" who="1" fromWho="2" sc="250,0,245,23,260,-23,245,0" /><INIT seed="3,0,0,3,2,2" ten="250,268,237,245" oya="3" hai0="25,30,112,130,95,101,31,106,79,5,32,104,75" hai1="132,27,116,109,94,61,39,83,127,129,111,35,80" hai2="49,123,0,125,7,119,114,22,24,57,13,88,92" hai3="81,113,6,84,43,68,38,133,23,46,11,4,98"/><W41/><G113/><T91/><D130/><U48/><E39/><V100/><F114/><W72/><G133/><T122/><D122/><U9/><E129/><V108/><F119/><W59/><G68/><T37/><D37/><U67/><E132/><V36/><F36/><W128/><G43/><T70/><D112/><U42/><E127/><V86/><F125/><W50/><G128/><T15/><D70/><U58/><E116/><V115/><F115/><W89/><G72/><T63/><D101/><U45/><E94/><V74/><F74/><W110/><G110/><N who="1" m="41994" /><E9/><N who="2" m="4287" /><F0/><W19/><G11/><T18/><D31/><AGARI ba="0,0" hai="27,31,35,42,45,48,58,61,67,80,83" m="41994" machi="31" ten="30,1000,0" yaku="14,1" doraHai="2" who="1" fromWho="0" sc="250,-10,268,10,237,0,245,0" /><INIT seed="4,0,0,0,4,118" ten="240,278,237,245" oya="0" hai0="90,58,110,67,106,4,102,68,129,62,89,52,11" hai1="8,14,70,48,61,134,91,114,46,115,97,119,41" hai2="81,63,130,6,21,108,22,99,24,55,9,74,23" hai3="76,56,27,101,32,65,131,133,105,15,109,42,94"/><T85/><D129/><U75/><E119/><V38/><F130/><W126/><G105/><T45/><D110/><U53/><E75/><V33/><F108/><W49/><G76/><T10/><D45/><U29/><E29/><V86/><F38/><W59/><G15/><T121/><D121/><U87/><E134/><V16/><F74/><W116/><G94/><T47/><D47/><U120/><E97/><V71/><F33/><W28/><G101/><T54/><D106/><U112/><E120/><V78/><F99/><W5/><G5/><T20/><D102/><U12/><E8/><N who="0" m="3113" /><D68/><U3/><E3/><V92/><F92/><W95/><G95/><N who="0" m="54703" /><D4/><U50/><E61/><V60/><F71/><W104/><G104/><T117/><D117/><U43/><E70/><V96/><F96/><W57/><G116/><T103/><D103/><U83/><E41/><V135/><F63/><W31/><G42/><T30/><D90/><U80/><E80/><V124/><F135/><W34/><G34/><T125/><D125/><U25/><E25/><AGARI ba="0,0" hai="20,25,30,52,54,58,62,67" m="54703,3113" machi="25" ten="30,2900,0" yaku="8,1,54,1" doraHai="118" who="0" fromWho="1" sc="240,29,278,-29,237,0,245,0" /><INIT seed="4,1,0,5,4,70" ten="269,249,237,245" oya="0" hai0="21,113,82,0,10,78,131,101,89,114,7,132,45" hai1="23,127,134,65,36,110,8,130,54,5,51,92,81" hai2="91,2,128,57,66,12,135,96,93,67,64,56,123" hai3="98,41,95,40,88,32,19,42,37,13,3,60,58"/><T100/><D131/><U68/><E110/><V48/><F123/><W34/><G3/><T116/><D116/><U6/><E130/><V129/><F2/><W61/><G61/><T86/><D132/><U55/><E134/><V102/><F135/><W75/><G75/><N who="0" m="43359" /><D21/><U121/><E121/><V90/><F128/><W118/><G118/><T4/><D4/><U16/><E127/><V39/><F39/><W17/><G37/><T84/><D45/><U31/><E36/><V107/><F129/><W53/><REACH who="3" step="1"/><G19/><REACH who="3" ten="269,249,237,235" step="2"/><T18/><D18/><U26/><E68/><V59/><F48/><W117/><G117/><T108/><D108/><U97/><E65/><V94/><F67/><W50/><G50/><T11/><D0/><U52/><E51/><V30/><F64/><W14/><G14/><T9/><D7/><U115/><E115/><N who="0" m="44041" /><D84/><U119/><E119/><V77/><F66/><W112/><G112/><T62/><D62/><U76/><E5/><V71/><F12/><W27/><G27/><T25/><D25/><U1/><E6/><V33/><F71/><W20/><AGARI ba="1,1" hai="13,17,20,32,34,40,41,42,53,58,60,88,95,98" machi="20" ten="30,4000,0" yaku="1,1,0,1,54,1,53,0" doraHai="70" doraHaiUra="35" who="3" fromWho="3" sc="269,-21,249,-11,237,-11,235,53" /><INIT seed="5,0,0,1,4,135" ten="248,238,226,288" oya="1" hai0="123,119,69,24,47,2,132,129,4,44,3,30,58" hai1="39,83,25,21,71,107,86,78,121,15,87,126,109" hai2="122,130,124,46,66,131,103,34,59,9,88,17,76" hai3="133,53,98,100,95,43,41,18,120,128,14,101,12"/><U62/><E121/><V31/><F122/><W5/><G120/><T67/><D123/><RYUUKYOKU type="kaze4" ba="0,0" sc="248,0,238,0,226,0,288,0" /><INIT seed="5,1,0,2,0,44" ten="248,238,226,288" oya="1" hai0="23,104,121,55,6,126,33,2,115,42,99,96,31" hai1="32,16,5,108,30,122,91,43,133,7,4,46,49" hai2="123,1,69,58,114,64,62,21,106,116,61,81,70" hai3="35,34,83,77,113,65,120,84,130,105,74,25,82"/><U76/><E122/><V78/><F123/><W14/><G120/><T98/><D121/><RYUUKYOKU type="kaze4" ba="1,0" sc="248,0,238,0,226,0,288,0" /><INIT seed="5,2,0,3,5,75" ten="248,238,226,288" oya="1" hai0="33,86,53,24,81,113,100,91,52,30,48,8,74" hai1="20,119,104,133,7,117,110,5,64,109,22,36,88" hai2="44,4,61,106,114,134,62,9,122,34,32,72,94" hai3="50,6,131,101,15,70,69,127,26,89,111,10,77"/><U3/><E104/><V46/><F106/><W27/><G111/><N who="1" m="42506" /><E36/><V19/><F122/><W59/><G131/><T16/><D113/><U93/><E64/><V54/><F114/><W95/><G127/><T118/><D118/><N who="1" m="45067" /><E133/><V78/><F134/><W83/><G101/><T107/><D74/><U49/><E49/><V135/><F135/><W60/><G50/><T76/><D48/><U121/><E121/><V112/><F112/><W73/><G70/><T58/><D58/><U43/><E43/><V1/><F94/><W38/><G69/><T108/><D108/><U120/><E120/><V56/><F62/><W102/><G102/><T71/><D71/><U21/><E3/><V35/><REACH who="2" step="1"/><F19/><REACH who="2" ten="248,238,216,288" step="2"/><W66/><G38/><T90/><D107/><U84/><AGARI ba="2,1" hai="5,7,20,21,22,84,88,93" m="45067,42506" machi="84" ten="40,3900,0" yaku="10,1,54,1" doraHai="75" who="1" fromWho="1" sc="248,-15,238,55,216,-15,288,-15" /><INIT seed="5,3,0,4,0,107" ten="233,293,201,273" oya="1" hai0="8,100,46,1,127,117,49,36,130,121,15,20,77" hai1="75,22,14,125,123,37,134,102,33,91,38,28,76" hai2="114,17,58,47,95,104,16,128,86,18,11,115,73" hai3="65,111,118,132,59,83,68,9,26,51,13,126,24"/><U78/><E123/><V10/><F104/><W108/><G118/><T87/><D117/><U35/><E102/><V135/><F135/><W43/><G68/><T12/><D36/><U99/><E134/><V94/><F128/><W23/><G132/><T120/><D130/><U44/><E75/><V63/><F47/><N who="3" m="26111" /><G126/><T31/><D100/><U82/><E37/><V60/><F73/><W131/><G131/><T106/><D106/><U84/><E38/><V92/><F86/><W41/><G41/><N who="0" m="24783" /><D127/><U29/><E33/><V54/><REACH who="2" step="1"/><F63/><REACH who="2" ten="233,293,191,273" step="2"/><N who="3" m="38143" /><G111/><T2/><D121/><U97/><E125/><V74/><F74/><W112/><G108/><T96/><D120/><U129/><E129/><V113/><AGARI ba="3,1" hai="10,11,16,17,18,54,58,60,92,94,95,113,114,115" machi="113" ten="40,12000,2" yaku="1,1,0,1,29,2,15,1,11,1,54,1,53,0" doraHai="107" doraHaiUra="124" who="2" fromWho="2" sc="233,-33,293,-63,191,139,273,-33" owari="200,-30.0,230,-17.0,330,43.0,240,4.0" /></mjloggm>