<mjloggm ver="2.3"><GO type="225" lobby="0"/><UN n0="%72%69%6F%75%63%68%61%6E" n1="%6D%75%75%6D%75%72%61" n2="%E5%A4%96%E5%B7%9D%E7%AB%9C%E6%88%90" n3="%E6%80%AA%E3%81%97%E3%81%99%E3%81%8E%E3%82%8B%E3%83%81%E3%83%BC" dan="17,16,16,16" rate="2191.99,2218.28,2235.98,2154.16" sx="M,F,M,M"/><TAIKYOKU oya="0"/><INIT seed="0,0,0,1,5,107" ten="250,250,250,250" oya="0" hai0="23,91,66,17,34,67,49,51,44,48,97,21,114" hai1="80,69,77,102,85,64,88,98,127,119,108,132,90" hai2="110,45,104,96,74,121,105,60,50,1,28,68,63" hai3="94,55,25,117,59,41,12,2,31,16,40,58,118"/><T128/><D128/><U46/><E119/><V89/><F121/><W42/><G2/><T18/><D114/><U101/><E108/><V26/><F1/><W20/><G94/><N who="0" m="56543" /><D34/><U3/><E127/><V61/><F68/><W95/><G95/><T13/><D44/><U111/><E111/><V115/><F115/><W75/><G75/><T38/><D38/><U14/><E3/><V123/><F123/><W56/><REACH who="3" step="1"/><G55/><REACH who="3" ten="250,250,250,240" step="2"/><T11/><D11/><AGARI ba="0,1" hai="11,12,16,20,25,31,40,41,42,56,58,59,117,118" machi="11" ten="40,5200,0" yaku="1,1,2,1,54,1,53,0" doraHai="107" doraHaiUra="76" who="3" fromWho="0" sc="250,-52,250,0,250,0,240,62" /><INIT seed="1,0,0,0,4,29" ten="198,250,250,302" oya="1" hai0="53,104,127,55,14,106,119,88,135,95,92,61,82" hai1="86,8,79,75,50,91,73,89,65,47,22,84,58" hai2="10,80,102,60,133,42,67,125,11,116,70,46,28" hai3="68,57,34,130,120,121,16,112,94,52,72,9,97"/><U129/><E129/><V132/><F116/><W76/><G34/><T111/><D119/><U128/><E128/><V59/><F125/><W43/><G68/><T20/><D135/><N who="2" m="51786" /><F102/><W7/><G112/><T25/><D111/><U118/><E118/><V96/><F96/><W122/><G43/><T36/><D127/><U109/><E109/><V41/><F28/><W110/><G110/><T45/><D14/><U63/><E79/><V48/><F80/><W101/><G130/><T85/><D36/><U74/><E22/><V69/><F10/><W40/><G40/><N who="2" m="15465" /><F11/><W87/><G72/><T77/><D95/><U100/><E100/><V39/><F39/><W83/><G16/><N who="0" m="12423" /><D106/><U1/><E1/><V24/><F24/><W49/><REACH who="3" step="1"/><G121/><REACH who="3" ten="198,250,250,292" step="2"/><T78/><D104/><U32/><E32/><V21/><F21/><W81/><G81/><T64/><D82/><U2/><E75/><V99/><F70/><W12/><AGARI ba="0,1" hai="7,9,12,49,52,57,76,83,87,94,97,101,120,122" machi="12" ten="20,8000,1" yaku="1,1,0,1,7,1,54,1,53,1" doraHai="29" doraHaiUra="98" who="3" fromWho="3" sc="198,-20,250,-40,250,-20,292,90" /><INIT seed="2,0,0,4,3,37" ten="178,210,230,382" oya="2" hai0="22,66,108,24,13,28,134,71,56,20,31,57,10" hai1="93,67,23,102,16,120,68,17,104,79,44,109,91" hai2="63,127,99,106,8,111,46,19,74,100,112,61,58" hai3="121,94,114,95,110,77,129,78,69,41,25,11,35"/><V122/><F112/><W130/><G114/><T38/><D108/><U117/><E109/><V29/><F122/><W75/><G69/><T9/><D134/><U125/><E117/><V89/><F74/><W124/><G124/><T87/><D38/><U90/><E125/><V97/><F111/><W132/><G41/><T55/><D87/><U84/><E120/><V36/><F29/><N who="3" m="19887" /><G132/><T118/><D118/><U26/><E104/><V131/><F131/><N who="3" m="50187" /><G121/><T7/><D55/><U33/><E33/><V113/><F58/><W98/><G75/><T47/><D47/><U34/><E34/><V126/><F113/><W14/><G110/><T51/><D51/><U105/><E105/><V3/><F106/><W32/><G32/><T86/><D86/><U83/><E44/><V59/><F99/><W70/><G70/><T52/><D52/><U15/><E68/><V60/><F97/><W123/><G123/><T80/><D71/><U6/><E6/><V72/><F72/><W18/><G94/><T30/><D66/><U107/><E107/><V42/><F127/><W73/><G73/><T49/><D49/><U50/><E50/><V27/><F126/><W133/><G133/><T45/><D45/><U43/><E43/><V85/><F46/><W65/><G65/><T4/><D80/><U48/><E48/><V1/><F42/><W21/><G11/><T119/><D119/><U12/><E67/><V2/><F36/><W96/><G96/><T103/><D103/><AGARI ba="0,0" hai="14,18,21,77,78,95,98,103" m="50187,19887" machi="103" ten="30,1000,0" yaku="19,1" doraHai="37" who="3" fromWho="0" sc="178,-10,210,0,230,0,382,10" /><INIT seed="3,0,0,5,3,2" ten="168,210,230,392" oya="3" hai0="53,20,79,3,135,16,132,50,8,78,123,134,133" hai1="12,124,35,69,1,93,15,128,59,4,41,27,129" hai2="76,60,7,65,42,104,92,61,39,116,25,97,118" hai3="17,75,90,120,71,26,86,49,34,57,111,85,74"/><W11/><G49/><T106/><N who="0" m="33792" /><DORA hai="21" /><T81/><D123/><U46/><E69/><V87/><F60/><W28/><G57/><N who="0" m="32951" /><D106/><U109/><E109/><V103/><F42/><W77/><G90/><T62/><D62/><U58/><E124/><V5/><F39/><W94/><G85/><T88/><D3/><U127/><E1/><V112/><F112/><W36/><G17/><T80/><D8/><N who="1" m="4103" /><E15/><V64/><F61/><W121/><G111/><T32/><D32/><U96/><E127/><V115/><F115/><W89/><G34/><T51/><D51/><N who="1" m="27087" /><E27/><V131/><F25/><W73/><G26/><N who="0" m="14599" /><D88/><N who="1" m="55335" /><E35/><V43/><F104/><W0/><G120/><T29/><D29/><U66/><E66/><V56/><F65/><W98/><G28/><T22/><D22/><U72/><E72/><V82/><F64/><W6/><G73/><T110/><D110/><U40/><E40/><V14/><F43/><W100/><G74/><T10/><D10/><U33/><E33/><V70/><F14/><W31/><G75/><T101/><D101/><U44/><E44/><V13/><F13/><W108/><G100/><T107/><D107/><U23/><E23/><V95/><F103/><W99/><G0/><T130/><D130/><AGARI ba="0,0" hai="58,59,128,129,130" m="55335,27087,4103" machi="130" ten="30,3900,0" yaku="19,1,52,1,54,1" doraHai="2,21" who="1" fromWho="0" sc="168,-39,210,39,230,0,392,0" owari="129,-37.1,249,4.9,230,-17.0,392,49.2" /></mjloggm>