<mjloggm ver="2.3"><GO type="225" lobby="0"/><UN n0="%E3%81%95%E3%81%8D%E3%81%9F%E3%81%BE%E6%9E%97%E6%AA%8E" n1="%70%68%65%6E%6F%6D%65" n2="%65%2D%73%65%70%65%6E%3B" n3="%E9%B3%B3%E6%9D%B1%E3%81%AE%E3%81%86%E3%81%95%E3%81%8E%E3%81%95%E3%82%93" dan="16,17,17,16" rate="2130.55,2169.88,2158.22,2159.96" sx="M,M,M,M"/><TAIKYOKU oya="0"/><INIT seed="0,0,0,4,5,36" ten="250,250,250,250" oya="0" hai0="47,5,112,121,114,118,50,131,17,126,20,109,6" hai1="34,122,115,71,53,32,87,102,10,65,77,26,119" hai2="83,43,44,110,30,24,8,56,74,75,12,55,21" hai3="58,28,18,81,61,46,105,72,1,19,4,51,15"/><T0/><D118/><U82/><E119/><V64/><F64/><W80/><G105/><T124/><D121/><U13/><E122/><V31/><F31/><W11/><G28/><T48/><D48/><U38/><E115/><V103/><F103/><W2/><G2/><T125/><D0/><U84/><E38/><V16/><F110/><W68/><G68/><T91/><D91/><U76/><E102/><V86/><F56/><W67/><G72/><T70/><D70/><U29/><E53/><V96/><F55/><W73/><G73/><T45/><D45/><U25/><E71/><V62/><F96/><W9/><REACH who="3" step="1"/><G18/><REACH who="3" ten="250,250,250,240" step="2"/><T111/><D131/><U3/><E3/><V7/><F30/><W99/><G99/><T116/><D116/><U93/><E29/><V79/><REACH who="2" step="1"/><F62/><REACH who="2" ten="250,250,240,240" step="2"/><W35/><G35/><T129/><D114/><U98/><E32/><V134/><F134/><W63/><G63/><T54/><D112/><U85/><E34/><V106/><F106/><W39/><G39/><AGARI ba="0,2" hai="7,8,12,16,21,24,39,43,44,74,75,79,83,86" machi="39" ten="30,8000,1" yaku="1,1,7,1,52,1,54,1,53,1" doraHai="36" doraHaiUra="22" who="2" fromWho="3" sc="250,0,250,0,240,100,240,-80" /><INIT seed="1,0,0,0,2,96" ten="250,250,340,160" oya="1" hai0="132,73,33,77,14,48,111,0,106,130,134,59,80" hai1="16,36,30,12,32,53,98,122,110,13,27,8,58" hai2="10,25,74,83,65,116,128,71,119,102,125,24,15" hai3="67,114,35,117,100,38,49,54,81,62,95,104,43"/><U42/><E122/><V118/><F125/><W45/><G114/><T23/><D111/><U109/><E42/><V126/><F126/><W28/><G117/><T34/><D130/><U4/><E36/><V75/><F128/><W90/><G81/><T1/><D106/><U97/><E98/><V5/><F71/><W78/><G78/><T9/><D23/><U52/><E97/><V103/><F65/><W91/><G104/><T124/><D124/><U20/><REACH who="1" step="1"/><E53/><REACH who="1" ten="250,240,340,160" step="2"/><V127/><F127/><W133/><G43/><T6/><D134/><U105/><E105/><V18/><F75/><W120/><G38/><T17/><D132/><U21/><E21/><V57/><F74/><W86/><G120/><T68/><D73/><U19/><E19/><V72/><F18/><W50/><G133/><T115/><D17/><U93/><E93/><V29/><F29/><W76/><G28/><T66/><D34/><U92/><E92/><V47/><F72/><W55/><G35/><T135/><D33/><U44/><E44/><V60/><F47/><N who="3" m="27967" /><G100/><T87/><D135/><U46/><E46/><V26/><F83/><N who="3" m="47463" /><G95/><T82/><D82/><U11/><E11/><V101/><F118/><W85/><G85/><T99/><D9/><U84/><E84/><V40/><F40/><W94/><G94/><T131/><D87/><U56/><E56/><AGARI ba="0,1" hai="45,50,55,56,62,67,90,91" m="47463,27967" machi="56" ten="30,1000,0" yaku="8,1" doraHai="96" who="3" fromWho="1" sc="250,0,240,-10,340,0,160,20" /><INIT seed="2,0,0,2,5,49" ten="250,230,340,180" oya="2" hai0="75,87,98,105,62,40,94,29,103,92,15,43,55" hai1="60,16,56,58,22,17,50,2,32,78,99,112,133" hai2="72,51,47,21,33,135,100,67,89,102,114,31,118" hai3="24,65,91,23,115,74,69,37,28,81,4,20,84"/><V66/><F118/><W5/><G37/><T90/><D29/><U96/><E32/><V30/><F33/><W131/><G131/><T38/><D38/><U108/><E112/><V95/><F72/><W1/><G115/><T41/><D75/><U113/><E113/><V52/><F114/><W36/><G36/><T119/><D119/><U39/><E39/><V7/><F7/><W9/><G74/><T130/><D130/><U45/><E2/><V107/><F107/><W57/><G69/><T93/><D15/><U11/><E108/><V122/><F122/><W34/><G65/><N who="2" m="24585" /><F135/><W35/><G4/><T126/><D126/><U123/><E133/><V3/><F3/><W61/><REACH who="3" step="1"/><G35/><REACH who="3" ten="250,230,340,170" step="2"/><T25/><D25/><N who="1" m="14535" /><E123/><V6/><F6/><W125/><G125/><T8/><D8/><U68/><E68/><V104/><F21/><W71/><G71/><T44/><D44/><U111/><E111/><V124/><F124/><W128/><G128/><T59/><AGARI ba="0,1" hai="40,41,43,55,59,62,87,90,92,93,94,98,103,105" machi="59" ten="30,2000,0" yaku="0,1,52,1" doraHai="49" who="0" fromWho="0" sc="250,30,230,-5,340,-10,170,-5" /><INIT seed="3,0,0,2,4,64" ten="280,225,330,165" oya="3" hai0="101,32,31,128,21,117,88,78,97,130,119,129,59" hai1="62,134,99,6,27,65,40,15,35,66,23,47,131" hai2="53,108,18,58,109,17,93,118,54,67,37,87,86" hai3="79,95,4,0,69,103,77,30,81,92,1,25,26"/><W125/><G125/><T29/><D32/><U43/><E131/><V111/><F37/><W113/><G113/><T80/><D59/><N who="1" m="37087" /><E35/><V102/><F118/><N who="0" m="45066" /><D21/><U135/><E66/><V110/><F110/><W104/><G104/><N who="0" m="63535" /><D88/><U20/><E99/><N who="2" m="59759" /><F67/><W12/><G103/><T121/><D121/><U71/><E47/><V115/><F115/><W38/><G38/><T107/><D107/><U56/><E20/><V127/><F127/><W98/><G98/><T55/><D55/><N who="2" m="21002" /><F58/><W51/><G51/><T105/><D105/><U116/><E15/><V48/><F48/><W85/><G69/><T83/><D83/><U94/><E94/><N who="3" m="35882" /><G0/><T41/><D41/><U5/><E71/><V45/><F45/><W91/><G1/><T120/><D120/><U3/><E3/><V68/><F68/><W33/><G33/><T46/><D46/><U16/><E116/><V39/><F39/><W28/><G25/><T100/><D100/><U73/><E56/><V49/><F49/><W60/><G60/><T106/><D106/><U122/><E122/><V90/><F90/><W24/><G26/><T82/><D82/><U84/><E40/><V22/><F22/><N who="3" m="15383" /><G30/><T50/><D50/><U74/><E27/><V63/><F63/><W126/><G126/><T2/><D2/><U13/><E23/><V133/><F109/><W52/><G52/><T132/><D132/><U34/><E43/><V114/><F133/><W11/><AGARI ba="0,0" hai="4,11,12,77,79,81,85,91" m="15383,35882" machi="11" ten="30,1500,0" yaku="8,1" doraHai="64" who="3" fromWho="3" sc="280,-5,225,-5,330,-5,165,15" /><INIT seed="3,1,0,5,4,135" ten="275,220,325,180" oya="3" hai0="21,9,90,35,33,13,50,31,106,85,72,77,114" hai1="40,65,111,70,15,51,66,52,23,25,99,58,54" hai2="36,86,80,8,53,101,118,94,132,10,124,98,4" hai3="126,32,78,24,134,107,68,34,97,96,41,103,39"/><W133/><G68/><T19/><D106/><U12/><E111/><V116/><F36/><W22/><G78/><T88/><D114/><U6/><E40/><V117/><F132/><N who="3" m="50795" /><G96/><T83/><D50/><N who="1" m="30999" /><E70/><V62/><F124/><W104/><G107/><T37/><D37/><U38/><E38/><V11/><F4/><W81/><G81/><T100/><D100/><U129/><E129/><V56/><REACH who="2" step="1"/><F118/><REACH who="2" ten="275,220,315,180" step="2"/><W45/><G126/><T109/><D109/><U47/><E6/><V79/><AGARI ba="1,1" hai="8,10,11,53,56,62,79,80,86,94,98,101,116,117" machi="79" ten="30,8000,1" yaku="1,1,2,1,0,1,53,2" doraHai="135" doraHaiUra="113" who="2" fromWho="2" sc="275,-21,220,-21,315,93,180,-41" owari="254,5.4,199,-20.1,408,50.8,139,-36.1" /></mjloggm>