<mjloggm ver="2.3"><GO type="225" lobby="0"/><UN n0="%72%61%6B%33" n1="%67%61%79%75%6E%79" n2="%47%48%4F%53%54" n3="%6D%75%75%6D%75%72%61" dan="18,16,17,16" rate="2261.70,2139.05,2253.82,2129.07" sx="M,M,M,F"/><TAIKYOKU oya="0"/><INIT seed="0,0,0,5,2,22" ten="250,250,250,250" oya="0" hai0="45,72,74,88,76,56,9,60,62,95,19,61,79" hai1="90,105,81,35,97,10,118,4,112,119,129,54,104" hai2="34,20,93,124,109,135,6,39,117,116,28,134,13" hai3="14,25,40,125,26,108,114,98,5,23,120,67,115"/><T2/><D45/><U0/><E35/><V52/><F39/><W86/><G108/><T53/><D74/><U27/><E129/><V71/><F71/><W70/><G125/><T107/><D107/><U77/><E112/><V100/><F109/><W46/><G120/><T102/><D102/><U66/><E66/><V85/><F124/><W32/><G98/><T21/><D9/><U64/><E64/><V48/><F34/><W106/><G106/><T29/><D29/><U87/><E54/><V131/><F131/><W30/><G86/><T103/><D103/><U55/><E55/><V82/><F93/><W37/><G14/><T132/><D2/><U17/><E105/><V69/><F100/><W68/><G5/><T43/><D43/><U99/><E104/><V44/><F69/><W24/><G68/><T84/><D132/><N who="2" m="50730" /><F6/><W121/><G121/><T38/><D38/><U75/><E118/><N who="2" m="45675" /><F13/><W59/><G70/><T92/><D92/><U128/><E119/><V11/><F11/><W96/><G96/><T8/><D8/><U122/><E128/><V12/><F12/><W33/><G33/><T133/><D133/><U50/><E122/><V111/><F111/><W31/><REACH who="3" step="1"/><G26/><REACH who="3" ten="250,250,250,240" step="2"/><N who="0" m="14655" /><D72/><U42/><E75/><V89/><F20/><W78/><G78/><AGARI ba="0,1" hai="53,56,60,61,62,76,78,79,84,88,95" m="14655" machi="78" ten="30,5800,0" yaku="8,1,52,1,54,1" doraHai="22" who="0" fromWho="3" sc="250,68,250,0,250,0,240,-58" /><INIT seed="0,1,0,0,2,0" ten="318,250,250,182" oya="0" hai0="26,19,16,70,40,63,94,91,82,25,37,123,51" hai1="110,29,5,133,104,50,99,64,58,47,87,86,2" hai2="75,11,124,4,22,100,21,38,127,114,54,15,85" hai3="69,28,84,44,89,68,103,74,111,24,119,109,36"/><T105/><D105/><U131/><E133/><V46/><F75/><W57/><G74/><T76/><D123/><U48/><E131/><V7/><F114/><W33/><G119/><T59/><D37/><U92/><E104/><V125/><F100/><W79/><G79/><T130/><D130/><U107/><E107/><V56/><F85/><W53/><G103/><T12/><D70/><U108/><E29/><V113/><F113/><W1/><G1/><T6/><D40/><U81/><E2/><V134/><F134/><W41/><G109/><N who="1" m="42090" /><E5/><N who="2" m="2123" /><F11/><W60/><REACH who="3" step="1"/><G111/><REACH who="3" ten="318,250,250,172" step="2"/><T27/><D76/><N who="1" m="46375" /><E87/><V34/><F127/><W135/><G135/><T97/><D82/><AGARI ba="1,1" hai="24,28,33,36,41,44,53,57,60,68,69,82,84,89" machi="82" ten="30,2000,0" yaku="1,1,7,1,53,0" doraHai="0" doraHaiUra="13" who="3" fromWho="0" sc="318,-23,250,0,250,0,172,33" /><INIT seed="1,0,0,4,0,12" ten="295,250,250,205" oya="1" hai0="62,26,115,46,34,135,79,49,7,129,66,35,54" hai1="38,0,104,10,19,95,63,13,11,133,131,21,59" hai2="103,71,61,69,20,18,75,27,101,68,14,43,118" hai3="92,77,50,48,94,97,4,127,93,56,99,37,45"/><U57/><E104/><V110/><F118/><W8/><G127/><T44/><D115/><U53/><E38/><V111/><F75/><W1/><G77/><T91/><D135/><U42/><E42/><V39/><F61/><W98/><REACH who="3" step="1"/><G56/><REACH who="3" ten="295,250,250,195" step="2"/><T102/><D79/><U51/><E133/><V74/><F74/><W86/><G86/><T52/><D129/><U24/><E131/><V9/><F111/><W73/><G73/><T105/><D34/><U58/><E58/><V126/><F110/><W84/><G84/><T90/><D35/><U125/><E125/><V108/><F108/><W29/><G29/><T16/><D105/><U128/><E128/><V72/><F72/><W120/><G120/><T41/><D102/><U30/><E95/><V40/><F126/><W96/><N who="3" m="24576" /><DORA hai="117" /><W76/><G76/><T123/><D123/><U33/><REACH who="1" step="1"/><E0/><REACH who="1" ten="295,240,250,195" step="2"/><V36/><F71/><W116/><G116/><T31/><D91/><U60/><E60/><V25/><F69/><W47/><G47/><T106/><D90/><U81/><E81/><V5/><F68/><W89/><G89/><T100/><D106/><U124/><E124/><V83/><F83/><W78/><G78/><T134/><D44/><U15/><E15/><N who="2" m="5551" /><F103/><W80/><G80/><T22/><D100/><U85/><E85/><V109/><F101/><W88/><G88/><T32/><D134/><U67/><AGARI ba="0,2" hai="10,11,13,19,21,24,30,33,51,53,57,59,63,67" machi="67" ten="20,18000,2" yaku="1,1,0,1,7,1,52,1,53,2" doraHai="12,117" doraHaiUra="113,6" who="1" fromWho="1" sc="295,-60,240,200,250,-60,195,-60" /><INIT seed="1,1,0,2,1,71" ten="235,440,190,135" oya="1" hai0="79,118,27,7,8,6,91,86,18,92,116,23,97" hai1="22,58,89,85,88,129,4,131,43,50,66,125,32" hai2="49,19,45,80,106,17,112,31,90,54,48,75,73" hai3="81,40,95,63,64,57,16,84,11,55,123,115,124"/><U44/><E32/><V5/><F112/><W34/><G115/><T102/><D79/><U128/><E125/><V38/><F106/><W109/><G123/><T28/><D28/><U121/><E121/><V65/><F31/><W29/><G124/><T21/><D21/><U36/><E4/><V113/><F113/><W132/><G109/><T101/><D101/><U134/><E134/><V20/><F65/><W87/><G132/><T108/><D108/><U104/><E104/><V100/><F100/><W47/><G34/><T0/><REACH who="0" step="1"/><D7/><REACH who="0" ten="225,440,190,135" step="2"/><U117/><E22/><V103/><F20/><W12/><G29/><T46/><D46/><U24/><E43/><V15/><F5/><W74/><G95/><AGARI ba="1,1" hai="0,6,8,18,23,27,86,91,92,95,97,102,116,118" machi="95" ten="30,2000,0" yaku="1,1,7,1,53,0" doraHai="71" doraHaiUra="30" who="0" fromWho="3" sc="225,33,440,0,190,0,135,-23" /><INIT seed="2,0,0,4,3,131" ten="258,440,190,112" oya="2" hai0="64,101,33,90,49,60,44,123,24,19,127,80,8" hai1="53,6,125,2,93,110,46,89,107,82,73,130,41" hai2="72,3,23,94,56,132,47,91,88,34,70,76,133" hai3="115,22,13,128,119,1,4,92,118,135,26,114,12"/><V108/><F34/><W106/><G106/><T105/><D127/><U65/><E107/><V83/><F70/><W27/><G92/><T67/><D123/><U21/><E125/><V9/><F108/><W42/><G42/><T11/><D105/><U52/><E65/><V84/><F23/><W66/><G66/><T0/><D101/><U18/><E130/><V104/><F104/><W10/><G128/><T5/><D33/><U28/><E28/><V68/><F68/><W117/><G135/><N who="2" m="51785" /><F56/><W78/><G78/><T71/><D71/><U54/><E21/><V62/><F62/><W16/><REACH who="3" step="1"/><G1/><REACH who="3" ten="258,440,190,102" step="2"/><T17/><D0/><U74/><E2/><V45/><F91/><W99/><G99/><T112/><D90/><U69/><E89/><V95/><F94/><W96/><G96/><T39/><D80/><U63/><E93/><V51/><F51/><W32/><G32/><T79/><D60/><U35/><E110/><V87/><F72/><W31/><G31/><T129/><D49/><U103/><E74/><V75/><F75/><W59/><G59/><T48/><D48/><U37/><E73/><V122/><F122/><W25/><AGARI ba="0,1" hai="4,10,12,13,16,22,25,26,27,114,115,117,118,119" machi="25" ten="40,12000,2" yaku="1,1,0,1,34,3,54,1,53,1" doraHai="131" doraHaiUra="15" who="3" fromWho="3" sc="258,-30,440,-30,190,-60,102,130" /><INIT seed="3,0,0,1,5,28" ten="228,410,130,232" oya="3" hai0="74,37,36,61,8,134,108,129,78,79,40,75,11" hai1="33,94,132,107,24,0,123,93,121,127,92,41,62" hai2="44,76,102,110,90,14,98,59,128,48,112,5,77" hai3="38,27,22,23,116,68,119,32,3,81,34,26,10"/><W69/><G38/><T120/><D61/><U53/><E107/><V19/><F112/><W87/><G87/><T16/><D16/><U29/><E0/><V118/><F128/><W95/><G95/><T60/><D60/><U73/><E73/><V124/><F124/><W115/><G3/><T97/><D97/><U9/><E132/><V13/><F110/><W54/><G54/><T91/><D91/><U56/><E127/><V42/><F118/><W46/><G10/><T51/><D51/><U135/><E135/><V122/><F122/><W7/><G7/><T126/><D134/><U80/><E80/><V100/><F5/><W6/><G6/><T1/><D1/><U117/><E117/><V82/><F59/><W86/><G86/><T49/><D49/><U4/><E41/><V130/><F130/><W84/><G84/><T64/><D129/><U47/><E47/><V25/><F25/><W103/><G46/><T85/><D85/><U72/><E72/><V18/><F82/><W66/><G81/><T30/><D126/><U104/><E4/><V57/><F57/><W12/><G115/><T31/><D108/><U50/><E9/><N who="2" m="6447" /><F90/><W35/><G35/><T67/><D40/><U133/><E133/><V17/><F17/><W114/><G114/><T99/><D120/><N who="1" m="46155" /><E104/><N who="2" m="63511" /><F102/><W39/><G103/><T106/><D99/><U105/><E105/><AGARI ba="0,0" hai="8,11,30,31,36,37,64,67,74,75,78,79,105,106" machi="105" ten="25,1600,0" yaku="22,2" doraHai="28" who="0" fromWho="1" sc="228,16,410,-16,130,0,232,0" owari="244,4.4,394,49.4,130,-37.0,232,-16.8" /></mjloggm>