<mjloggm ver="2.3"><GO type="225" lobby="0"/><UN n0="%E3%83%8F%E3%82%AC%E3%82%BF%E3%82%AB%E3%81%AE%E3%81%88%E3%81%98%E3%81%8D" n1="%E3%82%82%E3%81%90%E3%82%89" n2="%E7%88%86%E8%A3%82%E9%83%BD%E5%B8%82%EF%BD%9E" n3="%47%32%E9%BE%8D%E9%96%80" dan="16,16,16,16" rate="2144.60,2202.74,2126.91,2107.09" sx="M,M,M,M"/><TAIKYOKU oya="0"/><INIT seed="0,0,0,0,3,43" ten="250,250,250,250" oya="0" hai0="14,123,127,50,94,124,93,135,24,59,8,85,115" hai1="97,5,106,55,61,33,35,134,130,17,69,116,18" hai2="31,49,47,53,132,92,76,56,38,84,122,46,52" hai3="107,29,71,26,78,101,75,13,41,120,82,40,28"/><T96/><D115/><U11/><E116/><V73/><F122/><W90/><G120/><T119/><D123/><U22/><E130/><V105/><F105/><W9/><G71/><T108/><D119/><U64/><E134/><V128/><F128/><W87/><G101/><T83/><D135/><U74/><E74/><V77/><F132/><W15/><G107/><T4/><D108/><U88/><E55/><V63/><F73/><W39/><G15/><T27/><D59/><U68/><E68/><V112/><F112/><W0/><G0/><T66/><D66/><U45/><E45/><N who="2" m="27695" /><F31/><W95/><G39/><T42/><D93/><U25/><E18/><V117/><F38/><W37/><G37/><T126/><D50/><U98/><E106/><V133/><F133/><W131/><G29/><T80/><D80/><U51/><E51/><V1/><F1/><W86/><G75/><T114/><D42/><U111/><E111/><V60/><F117/><W20/><REACH who="3" step="1"/><G131/><REACH who="3" ten="250,250,250,240" step="2"/><T44/><D114/><U79/><E69/><V91/><F63/><W23/><G23/><T19/><D124/><U129/><E22/><V118/><F118/><W34/><G34/><T110/><D126/><U65/><E61/><V102/><F102/><W32/><G32/><T58/><D127/><U100/><E100/><V81/><F81/><W67/><G67/><T121/><D83/><U70/><E70/><V2/><F2/><W103/><G103/><T99/><D121/><U16/><E35/><V113/><F113/><W36/><G36/><T48/><D110/><U104/><E104/><V57/><F77/><RYUUKYOKU ba="0,1" sc="250,-10,250,-10,250,-10,240,30" hai3="9,13,20,26,28,40,41,78,82,86,87,90,95" /><INIT seed="1,1,1,2,4,119" ten="240,240,240,270" oya="1" hai0="89,126,56,54,38,98,43,102,53,48,64,22,2" hai1="121,131,113,40,100,34,109,12,3,124,116,27,9" hai2="25,35,91,94,17,4,85,103,80,47,49,66,58" hai3="52,108,60,45,18,83,92,7,19,74,23,127,20"/><U79/><E121/><V112/><F112/><W114/><G114/><T36/><D2/><U105/><E113/><V106/><F4/><W13/><G108/><T111/><D111/><U77/><E116/><V99/><F66/><W11/><G127/><T32/><D32/><U115/><E115/><V101/><F58/><N who="3" m="34887" /><G74/><T76/><D76/><U81/><E109/><V120/><F120/><W15/><G83/><T44/><D89/><U33/><E79/><V132/><F132/><W59/><G45/><T39/><D22/><N who="3" m="8233" /><G15/><T96/><D126/><U73/><E12/><V133/><F133/><W72/><G72/><T95/><D64/><U130/><E40/><V41/><F106/><W84/><G59/><T30/><D56/><U57/><E57/><V88/><F35/><W50/><G50/><T97/><D30/><N who="1" m="19679" /><E34/><V69/><F69/><W78/><G78/><T71/><D71/><U122/><E122/><V86/><F25/><W55/><G55/><T1/><D1/><U68/><E68/><V21/><F21/><W51/><G51/><T5/><D53/><U90/><E124/><V70/><F70/><W87/><G92/><T123/><D123/><U134/><E134/><V61/><F61/><W24/><G24/><T0/><D54/><U67/><E67/><V118/><F118/><W28/><G28/><T31/><D31/><U62/><E62/><V42/><F42/><W135/><G135/><T37/><D37/><U46/><E46/><V117/><F117/><W6/><G6/><T10/><AGARI ba="1,1" hai="0,5,10,36,38,39,43,44,48,95,96,97,98,102" machi="10" ten="40,1500,0" yaku="0,1" doraHai="119" who="0" fromWho="0" sc="240,28,240,-8,240,-5,270,-5" /><INIT seed="2,0,0,4,1,85" ten="268,232,235,265" oya="2" hai0="37,76,43,3,87,24,49,99,8,19,38,126,4" hai1="6,135,129,63,98,132,34,93,127,50,125,78,77" hai2="17,118,121,124,9,45,113,36,75,94,72,21,5" hai3="25,41,27,119,30,108,67,115,15,133,105,23,111"/><V83/><F118/><W90/><G119/><T84/><D126/><N who="1" m="48139" /><E34/><V92/><F121/><W54/><G105/><T86/><D76/><N who="1" m="29291" /><E6/><V97/><F124/><W61/><G133/><N who="1" m="51274" /><E63/><V69/><F113/><W2/><G2/><T65/><D4/><U70/><E50/><V101/><F69/><W22/><G61/><T82/><D49/><U66/><E66/><V56/><F56/><W16/><G67/><T26/><D65/><U7/><E7/><V123/><F123/><W96/><G41/><T95/><D43/><U20/><E20/><V62/><F62/><W12/><G54/><T117/><D117/><U42/><E42/><V39/><F45/><W134/><G134/><T58/><D38/><U59/><E59/><V47/><F47/><W1/><G1/><T79/><D58/><U51/><E51/><V31/><F31/><W130/><G30/><T11/><D37/><U57/><E57/><V131/><F39/><W44/><G23/><N who="0" m="13439" /><D3/><U102/><E70/><V55/><F36/><W80/><G22/><T109/><D8/><U120/><E120/><V74/><F5/><W52/><G44/><T18/><D11/><U73/><E73/><V91/><F9/><W122/><G122/><T10/><D10/><U81/><E81/><V46/><F21/><W89/><G80/><T68/><D68/><U48/><E48/><N who="2" m="29079" /><F17/><W60/><G16/><T116/><D116/><U88/><E102/><V110/><F83/><W103/><G60/><T64/><D18/><U104/><E104/><V29/><F29/><W40/><G40/><T53/><D82/><U0/><E0/><RYUUKYOKU ba="0,0" sc="268,-10,232,30,235,-10,265,-10" hai1="88,93,98,129" /><INIT seed="3,1,0,4,3,93" ten="258,262,225,255" oya="3" hai0="57,88,60,67,72,0,55,63,2,5,86,22,37" hai1="7,47,98,45,25,29,44,76,123,70,117,125,54" hai2="28,66,84,42,62,129,134,39,65,135,49,61,73" hai3="128,31,34,96,8,99,13,127,120,74,19,79,18"/><W3/><G120/><T126/><D72/><U97/><E123/><V50/><F73/><W6/><G128/><T46/><D126/><U109/><E70/><N who="2" m="42287" /><F28/><W4/><G127/><T122/><D122/><U41/><E125/><V101/><F84/><W59/><G6/><T133/><D5/><U24/><E109/><V78/><F78/><W53/><G79/><T40/><D22/><N who="1" m="15511" /><E117/><V106/><F129/><W85/><G74/><T9/><D9/><U77/><E41/><V35/><F35/><W81/><G31/><T33/><D33/><U58/><E25/><V89/><F89/><N who="3" m="51375" /><G3/><T32/><D133/><N who="2" m="50698" /><F101/><W108/><G34/><T100/><D100/><U130/><E130/><V52/><F106/><W75/><G108/><T112/><D112/><U38/><E38/><V105/><F105/><W20/><G75/><T43/><D43/><U115/><E115/><V26/><F26/><N who="3" m="14615" /><G4/><T64/><D32/><U56/><E7/><V103/><F103/><W102/><G102/><T91/><D91/><U132/><E132/><V82/><F82/><W104/><G104/><T116/><D116/><U23/><E23/><V107/><F107/><W51/><AGARI ba="1,0" hai="8,13,19,51,53,59,96,99" m="14615,51375" machi="51" ten="30,6000,0" yaku="8,1,52,2" doraHai="93" who="3" fromWho="3" sc="258,-21,262,-21,225,-21,255,63" owari="237,-16.3,241,4.1,204,-29.6,318,41.8" /></mjloggm>