<mjloggm ver="2.3"><GO type="225" lobby="0"/><UN n0="%73%6C%69%63%6B%33%31%39" n1="%E9%89%A2%E5%B7%BB%E3%82%AC%E3%83%96" n2="%E3%81%B2%E3%81%AA%E3%81%AE%E3%82%8A%E3%81%8F" n3="%37%2F%32%E3%81%AB%E7%94%9F%E3%81%BE%E3%82%8C%E3%81%A6" dan="16,16,17,17" rate="2160.98,2058.28,2173.01,2152.34" sx="M,M,M,M"/><TAIKYOKU oya="0"/><INIT seed="0,0,0,0,3,6" ten="250,250,250,250" oya="0" hai0="55,17,20,14,83,29,22,7,86,125,0,1,23" hai1="111,76,66,89,25,78,99,65,52,15,3,92,27" hai2="39,129,30,53,59,40,43,46,84,118,115,21,56" hai3="70,47,122,19,58,49,124,13,37,98,75,132,126"/><T117/><D117/><U101/><E3/><N who="0" m="1097" /><D55/><U113/><E111/><V26/><F115/><W74/><G70/><T93/><D93/><U108/><E108/><V2/><F129/><W44/><G132/><T41/><D86/><U82/><E113/><V85/><F118/><W127/><G122/><T33/><D83/><U54/><E89/><V69/><F69/><W10/><G98/><T67/><D41/><U134/><E134/><V62/><F43/><N who="3" m="22639" /><G58/><T24/><D67/><N who="1" m="25611" /><E15/><V71/><F71/><W90/><G90/><T123/><D123/><U104/><E104/><V18/><F2/><W97/><G97/><T5/><D125/><N who="3" m="32001" /><W107/><DORA hai="57" /><G107/><T119/><D119/><U106/><E106/><V112/><F112/><W50/><G50/><T87/><D87/><N who="1" m="48583" /><E78/><V114/><F114/><W77/><G77/><T34/><D34/><U116/><E116/><V8/><F59/><W131/><G131/><T94/><D94/><U63/><E54/><AGARI ba="0,0" hai="10,13,19,47,49,54,74,75" m="32001,22639" machi="54" ten="40,2600,0" yaku="18,1,52,1" doraHai="6,57" who="3" fromWho="1" sc="250,0,250,-26,250,0,250,26" /><INIT seed="1,0,0,4,2,50" ten="250,224,250,276" oya="1" hai0="70,12,7,63,30,98,44,58,99,131,47,43,95" hai1="80,0,116,49,22,83,118,13,9,124,112,18,115" hai2="125,86,46,76,93,52,79,90,34,23,71,82,3" hai3="5,21,122,85,113,73,53,35,128,54,74,69,32"/><U26/><E49/><V16/><F34/><W78/><G122/><T84/><D70/><U42/><E42/><V62/><F125/><W75/><G113/><N who="1" m="43594" /><E83/><V39/><F3/><W67/><G128/><T19/><D131/><U94/><E94/><V111/><F111/><W72/><G5/><T77/><D30/><N who="1" m="17751" /><E80/><V104/><F104/><W57/><G21/><T97/><D7/><N who="1" m="1255" /><E124/><V129/><F129/><W10/><G10/><AGARI ba="0,0" hai="10,13,18,116,118" m="1255,17751,43594" machi="10" ten="30,2900,0" yaku="34,2" doraHai="50" who="1" fromWho="3" sc="250,0,224,29,250,0,276,-29" /><INIT seed="1,1,0,0,3,12" ten="250,253,250,247" oya="1" hai0="31,17,93,92,26,42,118,97,125,76,64,94,16" hai1="48,81,130,43,71,7,133,41,59,75,2,119,56" hai2="57,121,55,34,36,108,87,90,50,9,78,88,128" hai3="11,68,101,21,131,5,95,109,106,126,51,46,14"/><U23/><E119/><V127/><F121/><W35/><G35/><T112/><D112/><U91/><E71/><V103/><F108/><W99/><G109/><T79/><D118/><U28/><E130/><V73/><F36/><W70/><G126/><T24/><D125/><U111/><E133/><V49/><F127/><W84/><G131/><T96/><D42/><U58/><E111/><V8/><F34/><W67/><G67/><T19/><D64/><U116/><E116/><V124/><F128/><W32/><G32/><T27/><D31/><U100/><E100/><V37/><F37/><W82/><G21/><T53/><D53/><U129/><E2/><V98/><F73/><W123/><G106/><T122/><D122/><U33/><E33/><V80/><F50/><W61/><G61/><T25/><N who="0" m="6144" /><DORA hai="134" /><T15/><D15/><U132/><E7/><V115/><F115/><W62/><G62/><T120/><D120/><U47/><E43/><V4/><F124/><W117/><G123/><T107/><D107/><U89/><E129/><V29/><F29/><W85/><G85/><T54/><D54/><U45/><E45/><V3/><REACH who="2" step="1"/><F9/><REACH who="2" ten="250,253,240,247" step="2"/><W83/><G117/><T65/><D65/><U1/><E132/><V39/><F39/><W105/><G70/><T63/><D63/><U0/><E28/><V113/><F113/><W40/><G68/><T74/><D74/><U44/><E75/><V13/><F13/><W69/><G69/><T52/><D52/><U20/><E48/><V30/><F30/><W60/><G60/><T77/><AGARI ba="1,1" hai="16,17,19,76,77,79,92,93,94,96,97" m="6144" machi="77" ten="50,32000,5" yakuman="40" doraHai="12,134" who="0" fromWho="0" sc="250,333,253,-161,240,-81,247,-81" /><INIT seed="2,0,0,2,2,27" ten="583,92,159,166" oya="2" hai0="42,62,16,33,103,124,105,2,119,120,135,114,36" hai1="61,113,92,97,22,133,70,56,13,24,117,123,26" hai2="98,75,21,52,51,115,87,7,73,72,100,55,30" hai3="104,99,128,50,41,84,39,116,10,43,118,102,3"/><V15/><F115/><W127/><G50/><T29/><RYUUKYOKU type="yao9" ba="0,0" sc="583,0,92,0,159,0,166,0" hai0="2,16,29,33,36,42,62,103,105,114,119,120,124,135" /><INIT seed="2,1,0,2,0,13" ten="583,92,159,166" oya="2" hai0="65,112,72,56,1,78,94,40,106,70,16,99,131" hai1="17,21,67,41,0,88,97,89,57,82,107,30,38" hai2="25,28,35,37,19,22,3,8,39,96,116,33,79" hai3="126,2,59,50,60,20,27,91,86,4,98,92,113"/><V134/><F116/><W54/><G126/><T68/><D1/><U10/><E38/><V135/><F79/><W83/><G113/><T34/><D34/><U55/><E41/><V80/><F80/><W49/><G4/><T84/><D112/><U101/><E67/><V130/><F130/><W120/><G2/><T32/><D32/><U45/><E45/><V128/><F128/><W132/><G120/><T123/><D40/><U81/><E30/><V26/><F35/><W29/><REACH who="3" step="1"/><G132/><REACH who="3" ten="583,92,159,156" step="2"/><N who="2" m="50729" /><F96/><W5/><G5/><AGARI ba="1,1" hai="3,5,8,19,22,25,26,28,33,37,39" m="50729" machi="5" ten="30,2900,0" yaku="20,1,52,1" doraHai="13" who="2" fromWho="3" sc="583,0,92,0,159,42,156,-32" /><INIT seed="2,2,0,0,3,4" ten="583,92,201,124" oya="2" hai0="52,20,63,85,79,60,26,84,47,32,109,129,89" hai1="95,117,102,128,81,10,57,83,96,15,74,48,65" hai2="116,39,78,14,49,7,105,121,92,9,73,33,99" hai3="134,29,64,18,31,103,122,135,94,72,101,125,44"/><V68/><F39/><W110/><G72/><T113/><D113/><U87/><E128/><V132/><F105/><W111/><G44/><T6/><D32/><U27/><E117/><V50/><F116/><W17/><G94/><T127/><D129/><U106/><E27/><V71/><F121/><W0/><G64/><T30/><D6/><U28/><E28/><N who="3" m="10826" /><G122/><T133/><D109/><N who="3" m="41481" /><G0/><T88/><D127/><U41/><E74/><V54/><F78/><W108/><N who="3" m="41489" /><W70/><DORA hai="21" /><G70/><T130/><D79/><U82/><E106/><V25/><F71/><W58/><G58/><T91/><D130/><U93/><E93/><V45/><F68/><W42/><G42/><T123/><D60/><N who="1" m="38031" /><E41/><V5/><F50/><W13/><G13/><T100/><D100/><N who="3" m="38473" /><G125/><T53/><D63/><U118/><E48/><V131/><F49/><W22/><G22/><T124/><D124/><U98/><E98/><V11/><F99/><W46/><G46/><T75/><D47/><U126/><E126/><V114/><F45/><W97/><G97/><T59/><D123/><U76/><E118/><V36/><F92/><W90/><G90/><T1/><D88/><U104/><E104/><V35/><F131/><W66/><G66/><T119/><D89/><U43/><E43/><V37/><F73/><W24/><G24/><T80/><D91/><U107/><E107/><V38/><F25/><W62/><G62/><T77/><D26/><U61/><E61/><V16/><F38/><W69/><G69/><T12/><D75/><U120/><E120/><V23/><F37/><W51/><G51/><RYUUKYOKU ba="2,0" sc="583,-15,92,15,201,-15,124,15" hai1="10,15,76,81,82,83,87,95,96,102" hai3="17,18,134,135" /><INIT seed="3,3,0,2,2,69" ten="568,107,186,139" oya="3" hai0="8,6,71,59,70,15,60,91,53,45,21,17,40" hai1="63,112,121,76,61,22,118,72,39,56,31,129,30" hai2="84,28,115,95,20,108,68,82,50,66,65,116,122" hai3="117,97,87,81,127,0,106,73,25,78,29,92,2"/><W128/><G117/><T98/><D98/><U62/><E121/><V12/><F116/><W104/><G127/><T54/><D91/><U89/><E112/><V64/><F108/><W18/><G18/><T101/><D54/><U7/><E118/><V33/><F33/><W77/><G128/><T43/><D101/><U1/><E129/><V52/><F115/><W19/><G19/><T58/><D58/><U10/><E56/><V109/><F109/><W48/><G48/><T16/><D16/><U3/><E3/><V85/><F12/><W100/><G106/><T135/><D135/><U14/><E14/><V99/><F68/><W27/><G78/><T37/><D43/><U114/><E114/><V41/><F41/><W107/><G107/><T80/><D80/><U125/><E125/><V36/><F82/><W46/><G46/><T96/><D96/><U133/><E133/><V67/><F67/><W34/><REACH who="3" step="1"/><G27/><AGARI ba="3,0" hai="6,8,15,17,21,27,37,40,45,53,59,60,70,71" machi="27" ten="30,2000,0" yaku="7,1,52,1" doraHai="69" who="0" fromWho="3" sc="568,29,107,0,186,0,139,-29" owari="597,69.7,107,-39.3,186,-1.4,110,-29.0" /></mjloggm>