<mjloggm ver="2.3"><GO type="225" lobby="0"/><UN n0="%6D%75%75%6D%75%72%61" n1="%E3%81%95%E3%81%8D%E3%81%9F%E3%81%BE%E6%9E%97%E6%AA%8E" n2="%E3%81%88%E3%81%8C%E3%82%8F%E3%82%8A%E3%81%8A" n3="%E3%83%A9%E3%83%96%E3%83%AC%E3%83%BC" dan="16,16,16,17" rate="2130.40,2175.31,2112.70,2200.64" sx="F,M,M,M"/><TAIKYOKU oya="0"/><INIT seed="0,0,0,2,2,88" ten="250,250,250,250" oya="0" hai0="21,18,102,132,121,78,103,36,62,127,31,24,89" hai1="113,37,80,71,43,101,96,93,4,74,124,85,53" hai2="109,100,92,15,13,12,79,35,2,116,115,134,135" hai3="58,94,51,39,91,69,8,128,20,28,110,83,105"/><T48/><D121/><U119/><E119/><V17/><F115/><W1/><G105/><T133/><D36/><U5/><E124/><V16/><F116/><W45/><G69/><T32/><D127/><U75/><E71/><V97/><F109/><W23/><G110/><T19/><D78/><U87/><E87/><V26/><F79/><W42/><G28/><T77/><D77/><U67/><E67/><V104/><F2/><W86/><G128/><T99/><D62/><U60/><E113/><V84/><F35/><W34/><G34/><T63/><D63/><U73/><E43/><V9/><F26/><W95/><G23/><T65/><D48/><U108/><E37/><V72/><F72/><W130/><G20/><T118/><D65/><U129/><E129/><V41/><F41/><W126/><G126/><T68/><D68/><U112/><E112/><V123/><F123/><W55/><REACH who="3" step="1"/><G130/><REACH who="3" ten="250,250,250,240" step="2"/><T30/><D30/><U107/><E107/><V59/><F59/><W10/><G10/><T76/><D118/><U50/><E108/><V52/><F9/><W29/><G29/><T122/><D32/><U22/><E22/><V82/><F104/><W120/><G120/><T49/><D122/><U106/><E106/><V131/><F131/><W64/><G64/><T3/><D31/><U117/><E117/><V57/><F134/><W56/><G56/><T38/><D133/><U25/><E25/><V111/><F135/><W11/><G11/><T47/><D132/><U6/><E60/><N who="2" m="35879" /><F111/><W14/><G14/><T70/><D24/><U66/><E66/><V7/><F7/><AGARI ba="0,1" hai="1,7,8,39,42,45,51,55,58,83,86,91,94,95" machi="7" ten="40,12000,2" yaku="1,1,6,1,52,2,53,2" doraHai="88" doraHaiUra="90" who="3" fromWho="2" sc="250,0,250,0,250,-120,240,130" /><INIT seed="1,0,0,3,4,2" ten="250,250,130,370" oya="1" hai0="85,61,48,123,76,18,35,114,113,122,67,55,59" hai1="88,31,86,108,130,11,19,127,5,107,111,34,97" hai2="134,92,27,4,50,12,21,112,28,131,63,69,101" hai3="96,29,8,74,125,70,132,7,46,13,15,64,42"/><U82/><E127/><V79/><F134/><W99/><G74/><T87/><D35/><U30/><E130/><V62/><F131/><W81/><G132/><T10/><D18/><U23/><E34/><V40/><F112/><W84/><G29/><T77/><D10/><U89/><E19/><V75/><F75/><W104/><G104/><T26/><D26/><U60/><E60/><V115/><F79/><N who="0" m="30282" /><D87/><U124/><E124/><V57/><F69/><W109/><G70/><T32/><D85/><U102/><E89/><V80/><F80/><W56/><G109/><N who="1" m="42058" /><E23/><V120/><F120/><N who="0" m="46122" /><D32/><U51/><E51/><V98/><F115/><W129/><G15/><AGARI ba="0,0" hai="5,11,15,30,31,82,86,88,97,102,107" m="42058" machi="15" ten="30,11600,0" yaku="14,1,10,1,52,1,54,1" doraHai="2" who="1" fromWho="3" sc="250,0,250,116,130,0,370,-116" /><INIT seed="1,1,0,2,2,45" ten="250,366,130,254" oya="1" hai0="92,79,18,40,63,13,36,33,51,12,123,41,7" hai1="31,89,119,14,111,72,47,49,55,3,112,8,61" hai2="68,84,126,39,0,11,27,56,10,60,38,25,52" hai3="28,17,43,121,100,116,135,59,2,106,78,108,80"/><U101/><E112/><V95/><F126/><W132/><G121/><T128/><D36/><U117/><E3/><V50/><F38/><W93/><G106/><T15/><D123/><U29/><E72/><V110/><F110/><W124/><G2/><T98/><D33/><U44/><E101/><V97/><F39/><W9/><G28/><T73/><D128/><U114/><E114/><V127/><F127/><W134/><G124/><T76/><D73/><U35/><E111/><V5/><F11/><W32/><G32/><T87/><D63/><U19/><E61/><V22/><F84/><N who="3" m="48151" /><G43/><T69/><D69/><U102/><E102/><V37/><F37/><W70/><G70/><T104/><D104/><U133/><E133/><V30/><F27/><W64/><G116/><T57/><D41/><U129/><E129/><V99/><REACH who="2" step="1"/><F95/><REACH who="2" ten="250,366,120,254" step="2"/><W91/><G108/><T58/><D87/><U21/><E8/><V105/><F105/><W81/><G93/><T86/><D86/><U103/><E117/><V66/><AGARI ba="1,1" hai="0,5,10,22,25,30,50,52,56,60,66,68,97,99" machi="66" ten="30,7900,0" yaku="1,1,0,1,52,1,54,1,53,0" doraHai="45" doraHaiUra="130" who="2" fromWho="2" sc="250,-21,366,-40,120,92,254,-21" /><INIT seed="2,0,0,2,0,8" ten="229,326,212,233" oya="2" hai0="75,80,52,3,73,47,33,36,108,87,57,114,61" hai1="117,43,115,6,133,98,49,131,60,65,95,129,34" hai2="9,66,89,42,96,22,17,91,94,19,35,123,41" hai3="64,4,107,14,113,82,72,21,124,62,20,79,77"/><V128/><F123/><W10/><G107/><T102/><D114/><U13/><E115/><V101/><F35/><W106/><G106/><T0/><D108/><U86/><E117/><V83/><F128/><W31/><G113/><T122/><D122/><U93/><E133/><V59/><F9/><W78/><G124/><T27/><D102/><U51/><E34/><V84/><F89/><W109/><G109/><T38/><D73/><U55/><E86/><V2/><F2/><W39/><G39/><T32/><D75/><U1/><E1/><V126/><F17/><W48/><G48/><T29/><D33/><U40/><E40/><V88/><F91/><W130/><G130/><T121/><D121/><U53/><E43/><V103/><F103/><W67/><G67/><T15/><D38/><U12/><E65/><V5/><F5/><W26/><REACH who="3" step="1"/><G21/><REACH who="3" ten="229,326,212,223" step="2"/><T46/><D36/><U99/><E60/><N who="2" m="38175" /><F126/><W11/><G11/><T112/><D112/><U50/><E50/><V18/><F18/><W85/><G85/><T132/><D87/><U54/><E51/><V37/><F37/><W71/><AGARI ba="0,1" hai="4,10,14,20,26,31,62,64,71,72,77,78,79,82" machi="71" ten="20,5200,0" yaku="1,1,0,1,7,1,52,1,53,0" doraHai="8" doraHaiUra="92" who="3" fromWho="3" sc="229,-13,326,-13,212,-26,223,62" /><INIT seed="3,0,0,3,3,8" ten="216,313,186,285" oya="3" hai0="114,129,38,15,128,54,16,107,12,63,28,50,130" hai1="134,58,89,48,6,57,21,125,41,83,113,74,96" hai2="69,111,49,1,93,116,122,105,33,10,88,72,123" hai3="39,60,112,30,115,24,62,109,87,37,35,7,11"/><W44/><G109/><T91/><D38/><U108/><E108/><V20/><F116/><W3/><G39/><T133/><D133/><U36/><E113/><V53/><F111/><W19/><G62/><T13/><D114/><U56/><E36/><V45/><F33/><W40/><G87/><T79/><D107/><U90/><E134/><V22/><F105/><W85/><G85/><T5/><D28/><U117/><E74/><V67/><F72/><W34/><G34/><T135/><D135/><U32/><E32/><V71/><F71/><W31/><G31/><T0/><D79/><U17/><E6/><V131/><F131/><W65/><REACH who="3" step="1"/><G19/><REACH who="3" ten="216,313,186,275" step="2"/><T103/><D63/><U59/><E17/><V70/><F70/><AGARI ba="0,1" hai="3,7,11,24,30,35,37,40,44,60,65,70,112,115" machi="70" ten="30,12000,1" yaku="1,1,2,1,7,1,23,2,53,0" doraHai="8" doraHaiUra="82" who="3" fromWho="2" sc="216,0,313,0,186,-120,275,130" owari="216,-18.4,313,11.3,66,-43.4,405,50.5" /></mjloggm>