<mjloggm ver="2.3"><GO type="225" lobby="0"/><UN n0="%E3%83%B4%E3%82%A3%E3%83%AF%E3%82%B3%E3%82%B0%E3%83%8B" n1="%61%74%73%75%74%6F%64%6F" n2="%E9%B4%A8%4E%45%47%49" n3="%72%69%6F%75%63%68%61%6E" dan="16,16,16,16" rate="2194.78,2094.50,2125.80,2203.54" sx="M,M,M,M"/><TAIKYOKU oya="0"/><INIT seed="0,0,0,3,5,117" ten="250,250,250,250" oya="0" hai0="115,129,63,52,38,92,116,33,114,29,90,100,103" hai1="70,8,78,128,112,6,48,39,55,34,43,84,69" hai2="89,47,98,134,5,135,124,93,19,28,71,46,119" hai3="31,130,96,64,66,26,82,85,42,4,10,118,11"/><T59/><D116/><U57/><E34/><V58/><F71/><W113/><G130/><T75/><D129/><U18/><E128/><V67/><F119/><W132/><G132/><N who="2" m="50729" /><F5/><W23/><G113/><T108/><D75/><U110/><E110/><V80/><F124/><W41/><G118/><T0/><D0/><U86/><E18/><V21/><F28/><W105/><G105/><T7/><D7/><U1/><E112/><V54/><F67/><N who="3" m="25643" /><G96/><T60/><D38/><U30/><E30/><V111/><F80/><W120/><G120/><T37/><D37/><U77/><E77/><V127/><F127/><W68/><G68/><T131/><D131/><U2/><E2/><V123/><F123/><W45/><G45/><T22/><D33/><U9/><E70/><V122/><F111/><W12/><G11/><T35/><D35/><U72/><E8/><V17/><F17/><W3/><G3/><T14/><D108/><U101/><E101/><N who="0" m="38985" /><D115/><U56/><E56/><V13/><F122/><W133/><G133/><T74/><D74/><U49/><E69/><V27/><F13/><W20/><G23/><T24/><D114/><U97/><E39/><V125/><F125/><W83/><G83/><T65/><D14/><U25/><E1/><V88/><F89/><AGARI ba="0,0" hai="4,10,12,20,26,31,41,42,82,85,89" m="25643" machi="89" ten="30,1000,0" yaku="8,1" doraHai="117" who="3" fromWho="2" sc="250,0,250,0,250,-10,250,10" /><INIT seed="1,0,0,5,0,65" ten="250,250,240,260" oya="1" hai0="80,124,90,17,118,41,0,76,37,33,117,55,8" hai1="123,75,40,87,73,135,132,130,6,110,12,44,101" hai2="13,134,43,67,22,79,52,122,14,113,2,1,58" hai3="104,81,112,30,84,91,27,46,54,34,121,125,39"/><U111/><E123/><V83/><F122/><W119/><G125/><T61/><D124/><U15/><E130/><V109/><F109/><N who="1" m="41481" /><E101/><V4/><F134/><N who="1" m="51241" /><E87/><V36/><F67/><W24/><G112/><T20/><D33/><U18/><E6/><V126/><F22/><W32/><G121/><T45/><D90/><U63/><E63/><V59/><F59/><W28/><G104/><T64/><D118/><U16/><E15/><V97/><F97/><W9/><G119/><T19/><D117/><U38/><E18/><V120/><F120/><W71/><G71/><T31/><D17/><U26/><E26/><V42/><F13/><W60/><G60/><T25/><D19/><U29/><E29/><V116/><F116/><W62/><G62/><T51/><D61/><U50/><E38/><V115/><F36/><W57/><G39/><T102/><D64/><U3/><E3/><N who="2" m="1035" /><F126/><W66/><G66/><T99/><D0/><U107/><E107/><V94/><F14/><W82/><G9/><AGARI ba="0,0" hai="9,12,16,40,44,50,73,75" m="51241,41481" machi="9" ten="30,11600,0" yaku="14,1,10,1,20,1,54,1" doraHai="65" who="1" fromWho="3" sc="250,0,250,116,240,0,260,-116" /><INIT seed="1,1,0,5,3,34" ten="250,366,240,144" oya="1" hai0="4,17,51,5,130,59,79,31,94,57,22,64,103" hai1="125,62,42,54,115,6,47,66,117,131,114,28,87" hai2="72,133,99,123,55,126,109,63,128,134,70,14,25" hai3="39,65,77,27,44,124,75,20,10,71,58,61,0"/><U52/><E28/><V13/><F99/><W91/><G124/><T56/><D130/><U48/><E131/><V102/><F102/><W122/><G122/><T11/><D64/><U88/><E117/><V9/><F25/><W21/><G91/><T121/><D121/><U108/><E6/><V93/><F93/><W78/><G71/><T1/><D79/><U81/><E125/><V112/><F14/><W84/><G84/><T18/><D4/><U120/><E120/><V101/><F13/><W19/><G75/><T49/><D31/><U24/><E24/><V132/><F9/><W36/><G44/><T73/><D73/><U100/><E100/><V15/><F15/><W41/><G41/><T33/><D33/><U74/><E74/><V3/><F101/><W119/><G119/><T46/><D22/><U8/><E8/><V89/><F89/><W80/><G20/><T95/><D49/><U30/><E30/><V127/><F55/><W83/><G78/><T53/><REACH who="0" step="1"/><D103/><REACH who="0" ten="240,366,240,144" step="2"/><U113/><REACH who="1" step="1"/><E108/><REACH who="1" ten="240,356,240,144" step="2"/><V82/><F127/><W107/><G10/><T104/><D104/><U129/><E129/><V12/><F134/><W32/><G107/><T110/><D110/><U90/><E90/><V96/><F133/><W2/><G77/><T69/><D69/><AGARI ba="1,2" hai="42,47,48,52,54,62,66,69,81,87,88,113,114,115" machi="69" ten="40,12000,1" yaku="1,1,54,2,53,1" doraHai="34" doraHaiUra="37" who="1" fromWho="0" sc="240,-123,356,143,240,0,144,0" /><INIT seed="1,2,0,0,5,9" ten="117,499,240,144" oya="1" hai0="107,123,129,101,25,1,69,74,42,80,5,103,111" hai1="59,53,36,22,70,15,87,60,21,81,83,54,49" hai2="102,79,61,12,2,67,126,57,99,120,114,51,14" hai3="118,45,43,64,91,7,58,108,4,29,50,35,88"/><U106/><E106/><V44/><F120/><W119/><G108/><T73/><D111/><U47/><E36/><V94/><F2/><W56/><G29/><T0/><D25/><U124/><E124/><V127/><F114/><W97/><G35/><T109/><D109/><U82/><E70/><V98/><F79/><W78/><G78/><T24/><D24/><U95/><E95/><V6/><F6/><N who="3" m="2091" /><G97/><N who="0" m="61871" /><D103/><U134/><E134/><V104/><F127/><W85/><G64/><T112/><D80/><U11/><REACH who="1" step="1"/><E87/><REACH who="1" ten="117,489,240,144" step="2"/><V130/><F126/><W32/><G32/><T128/><D69/><U65/><E65/><V66/><F66/><W76/><G119/><T96/><D0/><U122/><E122/><V110/><F110/><W28/><G118/><T92/><D123/><U115/><E115/><V30/><F130/><W48/><G85/><T75/><D112/><U19/><AGARI ba="2,1" hai="11,15,19,21,22,47,49,53,54,59,60,81,82,83" machi="19" ten="30,12000,1" yaku="1,1,0,1,8,1,52,1,53,1" doraHai="9" doraHaiUra="46" who="1" fromWho="1" sc="117,-42,489,136,240,-42,144,-42" /><INIT seed="1,3,0,2,1,40" ten="75,625,198,102" oya="1" hai0="119,72,5,51,115,122,123,2,105,86,95,110,91" hai1="46,21,83,0,60,8,90,81,48,132,3,56,25" hai2="42,79,6,29,126,120,34,107,134,106,44,39,102" hai3="88,109,9,24,57,26,4,118,100,87,67,97,49"/><U55/><E132/><V82/><F120/><N who="0" m="46122" /><D115/><U37/><E37/><V52/><F134/><W78/><G109/><T71/><D119/><U33/><E33/><V127/><F6/><W16/><G118/><T43/><D110/><U131/><E131/><V35/><F52/><N who="3" m="31887" /><G67/><T77/><D71/><U94/><E3/><V133/><F133/><W135/><G135/><T93/><D105/><N who="2" m="39946" /><F102/><W11/><G78/><T70/><D70/><U84/><E8/><N who="3" m="3146" /><G4/><T31/><D5/><U108/><E108/><V30/><F30/><W101/><G97/><T17/><D2/><U74/><E74/><N who="2" m="43383" /><F29/><W121/><G121/><T53/><D31/><N who="1" m="17839" /><E0/><V18/><F18/><W89/><G89/><T58/><D17/><U75/><E75/><V64/><F64/><AGARI ba="3,0" hai="46,48,55,56,60,64,81,83,84,90,94" m="17839" machi="64" ten="30,2900,0" yaku="8,1,52,1" doraHai="40" who="1" fromWho="2" sc="75,0,625,38,198,-38,102,0" /><INIT seed="1,4,0,1,2,73" ten="75,663,160,102" oya="1" hai0="112,11,49,30,100,82,16,3,18,92,76,135,20" hai1="42,94,104,12,134,57,40,35,66,132,107,95,60" hai2="96,36,101,102,6,121,29,111,83,117,52,9,108" hai3="61,54,65,87,122,75,90,55,72,84,126,97,22"/><U26/><E12/><V59/><F117/><W62/><G122/><T88/><D112/><U39/><E95/><V78/><F121/><W7/><G126/><T0/><D100/><U109/><E94/><V1/><F36/><W43/><G43/><T10/><D135/><N who="1" m="51755" /><E109/><N who="2" m="42059" /><F29/><W64/><G7/><T113/><D113/><U124/><E124/><V23/><F23/><W89/><G22/><T41/><D0/><U34/><E26/><V86/><F96/><AGARI ba="4,0" hai="54,55,61,62,64,65,72,75,84,87,89,90,96,97" machi="96" ten="25,1600,0" yaku="22,2" doraHai="73" who="3" fromWho="2" sc="75,0,663,0,160,-28,102,28" /><INIT seed="2,0,0,1,5,91" ten="75,663,132,130" oya="2" hai0="22,81,64,115,50,68,114,110,102,12,39,20,69" hai1="18,1,93,70,51,34,130,0,125,3,5,66,44" hai2="98,124,107,120,132,17,82,97,123,38,133,131,118" hai3="128,112,16,77,113,71,92,94,86,111,62,55,10"/><V52/><F38/><W72/><G111/><T54/><D39/><U21/><E34/><V45/><F118/><W42/><G128/><T83/><D102/><U116/><E130/><V63/><F131/><W134/><G134/><N who="2" m="51817" /><F17/><W25/><G72/><T29/><D50/><U37/><E37/><V36/><F36/><W26/><G42/><T8/><D8/><U108/><E108/><V9/><F9/><W11/><G77/><T58/><D110/><U48/><E5/><V28/><F124/><W43/><G43/><T95/><D58/><U33/><E116/><V6/><F6/><W13/><G86/><T109/><D109/><U24/><E125/><V87/><F107/><W96/><G10/><T27/><D54/><U7/><E7/><V99/><F28/><W105/><G105/><T75/><D75/><U85/><E0/><V46/><F63/><W101/><G92/><T129/><D129/><U89/><E1/><V135/><N who="2" m="51825" /><V67/><DORA hai="61" /><F67/><N who="3" m="41463" /><G55/><T23/><D95/><U14/><E3/><V40/><F40/><W122/><G122/><N who="2" m="46633" /><F52/><W88/><G101/><T84/><D64/><U60/><E48/><V49/><F49/><W78/><G78/><AGARI ba="0,0" hai="45,46,78,82,87,97,98,99" m="46633,51825" machi="78" ten="50,2400,0" yaku="20,1" doraHai="91,61" who="2" fromWho="3" sc="75,0,663,0,132,24,130,-24" /><INIT seed="2,1,0,2,0,4" ten="75,663,156,106" oya="2" hai0="119,91,17,29,89,133,132,116,5,52,101,42,121" hai1="56,78,122,135,23,90,115,85,103,126,84,43,28" hai2="2,114,31,50,120,41,98,18,6,55,27,57,80" hai3="35,83,102,48,36,76,79,16,81,58,96,37,53"/><V131/><F120/><W99/><G35/><T106/><D121/><U74/><E115/><V34/><F114/><W65/><G65/><T104/><D42/><U64/><E74/><V44/><F131/><W3/><G3/><T109/><D109/><U25/><E126/><V13/><F80/><N who="3" m="30795" /><G36/><T66/><D66/><U110/><E110/><V19/><F98/><N who="3" m="37419" /><G37/><T124/><D124/><U49/><E103/><V113/><F113/><W71/><G71/><T59/><D29/><U105/><E105/><N who="0" m="40553" /><D101/><U45/><E135/><N who="0" m="51785" /><D17/><U39/><E78/><N who="3" m="29738" /><G102/><T108/><D5/><U47/><E122/><V92/><F2/><W117/><G117/><N who="0" m="45131" /><D108/><U12/><E12/><V60/><F6/><W46/><G16/><T30/><D30/><U51/><E39/><V70/><F19/><W9/><G9/><T123/><D123/><U20/><E20/><V125/><F70/><W15/><G15/><T75/><D75/><U1/><E1/><V33/><F33/><W68/><G68/><T24/><D24/><U129/><E64/><V14/><F14/><W0/><G0/><T87/><D87/><U26/><E25/><V62/><F18/><W97/><N who="3" m="37427" /><W7/><DORA hai="93" /><G7/><T100/><D100/><U11/><E11/><V63/><F13/><W77/><N who="3" m="29746" /><W61/><DORA hai="54" /><G46/><T69/><D69/><U8/><E8/><V128/><F27/><W38/><G38/><T32/><D32/><U95/><E26/><V40/><F34/><W82/><N who="3" m="30803" /><W130/><DORA hai="22" /><G130/><T134/><D134/><U21/><E28/><V111/><F128/><W94/><G94/><RYUUKYOKU ba="1,0" sc="75,15,663,-15,156,-15,106,15" hai0="52,59,89,91" hai3="48,53,58,61" /><INIT seed="3,2,0,4,0,98" ten="90,648,141,121" oya="3" hai0="3,103,109,81,134,13,12,115,55,90,38,58,41" hai1="123,71,127,82,68,37,105,85,94,74,133,15,36" hai2="104,35,106,46,96,23,50,20,132,7,73,66,131" hai3="72,78,53,99,26,111,4,107,67,63,17,118,51"/><W0/><G118/><T86/><D134/><U9/><E105/><V112/><F35/><W42/><G111/><T93/><D109/><U79/><E123/><V69/><F132/><W76/><G72/><T89/><D3/><U97/><E133/><V29/><F112/><W108/><G108/><T59/><D115/><U45/><E85/><V88/><F73/><W75/><G75/><T48/><D38/><U65/><E127/><V64/><F7/><W124/><G124/><T122/><D122/><U70/><E65/><V121/><F69/><W114/><G114/><T119/><D119/><U27/><E27/><V125/><F66/><W56/><G42/><T28/><D41/><U80/><E80/><V54/><F64/><W30/><G17/><T100/><D28/><U101/><REACH who="1" step="1"/><E45/><REACH who="1" ten="90,638,141,121" step="2"/><V110/><F110/><W2/><G107/><T10/><D59/><U87/><E87/><V95/><F106/><W39/><G56/><T77/><D12/><U33/><E33/><V8/><F104/><W128/><G0/><T83/><D83/><U31/><E31/><V34/><F121/><W21/><G30/><T40/><D40/><U32/><E32/><V113/><F125/><W52/><G2/><T92/><D77/><U1/><E1/><V11/><F113/><W62/><G78/><T102/><D89/><U25/><E25/><V18/><F29/><W126/><G26/><T57/><D58/><U84/><E84/><V60/><F34/><W129/><G126/><T19/><AGARI ba="2,1" hai="10,13,19,48,55,57,81,86,90,92,93,100,102,103" machi="19" ten="30,8000,1" yaku="0,1,8,1,52,3" doraHai="98" who="0" fromWho="0" sc="90,96,638,-22,141,-22,121,-42" owari="186,-1.4,616,71.6,119,-28.1,79,-42.1" /></mjloggm>