<mjloggm ver="2.3"><GO type="225" lobby="0"/><UN n0="%E3%81%AF%E3%82%88%E3%81%8A%E3%81%98%E3%81%95%E3%82%93" n1="%E3%81%8C%E3%81%9F" n2="%72%69%6F%75%63%68%61%6E" n3="%E3%81%95%E3%81%8D%E3%81%9F%E3%81%BE%E6%9E%97%E6%AA%8E" dan="16,16,16,16" rate="2080.86,2135.51,2159.81,2159.63" sx="M,F,M,M"/><TAIKYOKU oya="0"/><INIT seed="0,0,0,0,4,81" ten="250,250,250,250" oya="0" hai0="121,38,75,34,32,78,76,35,116,115,4,80,125" hai1="77,5,118,112,104,72,88,29,89,127,123,129,21" hai2="67,120,26,49,0,102,92,124,39,18,25,17,95" hai3="87,7,59,53,101,96,2,12,41,106,94,103,105"/><T40/><D115/><U14/><E118/><V84/><F120/><W111/><G111/><T91/><D116/><U126/><E123/><V117/><F39/><W83/><G2/><T131/><D121/><U114/><E104/><V44/><F117/><W66/><G41/><T108/><D108/><U22/><E129/><V50/><F0/><W37/><G37/><T61/><D131/><U109/><E109/><V69/><F124/><N who="1" m="47657" /><E72/><V134/><F134/><W130/><G130/><T79/><D125/><U48/><E77/><V110/><F110/><W52/><G105/><T51/><D38/><U1/><E1/><V132/><F132/><W62/><G103/><T23/><D4/><U19/><E48/><N who="2" m="18539" /><F67/><W15/><G106/><T30/><D61/><U20/><E5/><V122/><F69/><W33/><G33/><T71/><D71/><U90/><E29/><V57/><F57/><W68/><G68/><T58/><D58/><U74/><E74/><V65/><F65/><W56/><G7/><T135/><D135/><U63/><E63/><V45/><F122/><W24/><G24/><N who="2" m="9321" /><F102/><W60/><G66/><T28/><D28/><U10/><AGARI ba="0,0" hai="10,14,19,20,21,22,88,89,90,112,114" m="47657" machi="10" ten="40,2700,0" yaku="18,1,54,1" doraHai="81" who="1" fromWho="1" sc="250,-13,250,27,250,-7,250,-7" /><INIT seed="1,0,0,5,5,92" ten="237,277,243,243" oya="1" hai0="74,83,22,77,102,114,121,15,30,129,93,45,57" hai1="98,75,34,108,37,41,46,80,50,69,42,11,58" hai2="35,76,40,95,8,2,103,132,47,56,109,38,18" hai3="53,16,48,123,72,128,90,21,71,61,117,55,14"/><U44/><E34/><V85/><F109/><W116/><G123/><T127/><D114/><U101/><E69/><V1/><F132/><W81/><G128/><T100/><D129/><U84/><E108/><V36/><F35/><W27/><G72/><T125/><D121/><U130/><E130/><V106/><F38/><W110/><G110/><T59/><D45/><U4/><E58/><V7/><F18/><W10/><G71/><T67/><D57/><U31/><E31/><V113/><F113/><W52/><G61/><N who="0" m="38335" /><D15/><U39/><E75/><V65/><F106/><W118/><G90/><T91/><D22/><U9/><E50/><V24/><F24/><W89/><G89/><T33/><D30/><U97/><E101/><V60/><F1/><W124/><G124/><N who="0" m="47691" /><D33/><U64/><E64/><V54/><F65/><W96/><G81/><T104/><D104/><U62/><E62/><V99/><REACH who="2" step="1"/><F85/><AGARI ba="0,0" hai="74,77,83,85,91,93,100,102" m="47691,38335" machi="85" ten="30,1000,0" yaku="18,1" doraHai="92" who="0" fromWho="2" sc="237,10,277,0,243,-10,243,0" /><INIT seed="2,0,0,1,1,62" ten="247,277,233,243" oya="2" hai0="111,90,76,4,51,131,11,6,86,20,88,129,12" hai1="10,15,83,47,63,91,73,94,132,44,30,52,41" hai2="29,87,16,124,36,122,61,80,125,119,27,18,59" hai3="42,0,117,113,115,8,43,69,54,77,68,71,89"/><V60/><F119/><W112/><G77/><T26/><D111/><U49/><E132/><V5/><F122/><W23/><G117/><T14/><D51/><U82/><E30/><V116/><F116/><W65/><G89/><T45/><D45/><U107/><E107/><V135/><F36/><W58/><G23/><T79/><D12/><U56/><E44/><V31/><F5/><W118/><G118/><T75/><D4/><N who="1" m="3527" /><E73/><V92/><F92/><W109/><G8/><T37/><D37/><U133/><E133/><V46/><F46/><W81/><G81/><T67/><D67/><U25/><E25/><V39/><F39/><W64/><G0/><T74/><D90/><U19/><E19/><N who="2" m="7211" /><F135/><W7/><G7/><T114/><D114/><U120/><E120/><V72/><F72/><N who="0" m="27690" /><D20/><U70/><E70/><V95/><F95/><W21/><G21/><T53/><D26/><U35/><E35/><V48/><F48/><N who="3" m="31047" /><G109/><T102/><D102/><U1/><E1/><V78/><F27/><W134/><G134/><T38/><D38/><U28/><E28/><N who="2" m="10827" /><F59/><W100/><G100/><T33/><D33/><U106/><E106/><V2/><F2/><W101/><G101/><T97/><D6/><U9/><E9/><V96/><F96/><AGARI ba="0,0" hai="41,47,49,52,56,63,82,83,91,94,96" m="3527" machi="96" ten="30,2000,0" yaku="8,1,54,1" doraHai="62" who="1" fromWho="2" sc="247,0,277,20,233,-20,243,0" /><INIT seed="3,0,0,5,2,59" ten="247,297,213,243" oya="3" hai0="13,113,29,63,100,1,42,124,62,69,89,56,98" hai1="9,26,107,10,71,95,40,51,65,44,20,35,108" hai2="34,58,25,36,46,84,86,76,49,33,61,74,8" hai3="81,72,0,101,82,60,126,106,55,52,117,5,3"/><W92/><G117/><T119/><D1/><U123/><E107/><V17/><F36/><W88/><G72/><T118/><D42/><U27/><E123/><V97/><F74/><W127/><G106/><T30/><D89/><U91/><E108/><V133/><F133/><W80/><G101/><T16/><D69/><U78/><E78/><V99/><F34/><W11/><G0/><T102/><D102/><U128/><E128/><V57/><F33/><W112/><G112/><T2/><D2/><U103/><E35/><V83/><F84/><N who="3" m="52231" /><G60/><T68/><D68/><U110/><E110/><V129/><F129/><W41/><G41/><T104/><D124/><AGARI ba="0,0" hai="3,5,11,52,55,80,81,82,124,126,127" m="52231" machi="124" ten="30,5800,0" yaku="18,1,54,2" doraHai="59" who="3" fromWho="0" sc="247,-58,297,0,213,0,243,58" owari="189,-31.1,297,9.7,213,-18.7,301,40.1" /></mjloggm>