<mjloggm ver="2.3"><GO type="225" lobby="0"/><UN n0="%E6%9D%B1%E9%A2%A8%E3%81%AE%E3%81%8D%E3%82%83%E3%81%B7%E3%81%95%E3%82%93" n1="%6D%75%75%73%61%6E%6D%75" n2="%E5%A4%9C%E3%81%AE%E3%82%AC%E3%82%B9%E3%83%91%E3%83%BC%E3%83%AB" n3="%E3%81%99%E3%81%84%E3%81%BE%E3%81%9B%E3%83%BC%E3%82%93" dan="17,16,16,18" rate="2197.67,2122.61,2135.87,2168.97" sx="M,F,M,M"/><TAIKYOKU oya="0"/><INIT seed="0,0,0,5,1,14" ten="250,250,250,250" oya="0" hai0="63,39,78,13,18,96,112,131,119,51,43,30,4" hai1="83,105,25,81,27,41,55,67,129,92,17,122,36" hai2="118,124,121,1,109,80,3,73,19,38,87,9,128" hai3="91,5,23,64,115,16,134,107,75,116,74,106,21"/><T40/><D119/><U50/><E105/><V52/><F121/><W49/><G116/><T59/><D112/><U2/><E122/><V125/><F118/><W7/><G115/><T57/><D131/><U66/><E129/><V10/><F128/><W68/><G134/><T71/><D78/><U45/><E2/><V44/><F109/><W54/><G91/><T58/><D30/><U53/><E92/><V15/><F73/><W104/><G23/><T46/><D4/><U123/><E123/><V98/><F98/><W33/><G33/><T65/><D96/><U47/><E55/><V6/><F3/><W69/><G5/><T130/><D130/><U12/><E25/><V11/><F11/><W61/><G69/><T86/><D86/><U133/><E27/><V8/><F8/><W70/><G70/><T20/><REACH who="0" step="1"/><D40/><REACH who="0" ten="240,250,250,250" step="2"/><U26/><E133/><V88/><REACH who="2" step="1"/><F38/><AGARI ba="0,1" hai="13,18,20,38,39,43,46,51,57,58,59,63,65,71" machi="38" ten="40,7700,0" yaku="1,1,2,1,52,1,53,0" doraHai="14" doraHaiUra="102" who="0" fromWho="2" sc="240,87,250,0,250,-77,250,0" /><INIT seed="0,1,0,0,2,28" ten="327,250,173,250" oya="0" hai0="103,86,32,116,133,55,112,4,50,7,84,23,36" hai1="114,45,18,72,44,34,79,113,70,58,95,43,19" hai2="53,104,109,107,74,65,101,21,49,73,60,56,63" hai3="29,25,0,22,92,9,26,97,48,6,126,17,33"/><T51/><D36/><U127/><E70/><V68/><F109/><W88/><REACH who="3" step="1"/><G48/><REACH who="3" ten="327,250,173,240" step="2"/><T12/><D50/><U35/><E113/><V120/><F49/><W128/><G128/><T66/><D51/><U62/><E114/><V80/><F120/><W40/><G40/><T39/><D39/><U131/><E43/><V5/><F63/><W59/><G59/><T129/><D129/><U42/><E58/><V89/><F56/><W52/><G52/><T11/><D55/><U24/><E62/><V38/><F53/><W31/><G31/><T115/><D115/><U93/><E42/><V30/><F38/><W122/><G122/><T67/><D112/><U8/><E131/><V90/><F60/><W106/><G106/><T78/><D66/><U130/><E130/><V2/><F65/><W85/><G85/><T87/><D87/><U77/><E45/><V16/><F68/><W118/><G118/><T132/><D86/><U125/><E44/><V15/><F30/><W110/><G110/><T20/><D84/><U61/><E61/><V108/><F108/><W111/><G111/><T135/><D67/><U54/><E54/><V71/><F71/><W117/><G117/><T98/><D116/><U69/><E69/><V96/><F107/><W46/><G46/><T13/><D133/><U1/><E125/><AGARI ba="1,1" hai="0,6,9,17,22,25,26,29,33,88,92,97,125,126" machi="125" ten="40,8000,1" yaku="21,2,52,1,54,1,53,0" doraHai="28" doraHaiUra="100" who="3" fromWho="1" sc="327,0,250,-83,173,0,240,93" /><INIT seed="1,0,0,4,0,56" ten="327,167,173,333" oya="1" hai0="54,102,5,62,92,38,20,112,65,81,97,104,30" hai1="113,115,11,110,12,55,24,47,34,27,118,4,39" hai2="25,93,124,26,105,99,108,107,16,82,125,85,64" hai3="32,116,58,35,60,61,6,111,49,94,13,106,89"/><U33/><E39/><V135/><F108/><W41/><G111/><T1/><D38/><U18/><E47/><V86/><F135/><W79/><G106/><T19/><D112/><N who="1" m="43083" /><E55/><V84/><F82/><W9/><G116/><T40/><D40/><U52/><E52/><V31/><F64/><W71/><G71/><T126/><D54/><U109/><E118/><V0/><F0/><W66/><G79/><T63/><D65/><U7/><E110/><V73/><F73/><W90/><G90/><T74/><D104/><U42/><E42/><V45/><F45/><N who="3" m="25775" /><G35/><N who="1" m="13322" /><E109/><V122/><F107/><W134/><G32/><T123/><D74/><U101/><E101/><N who="2" m="60655" /><F105/><W17/><G134/><T95/><D102/><U119/><E119/><V132/><F132/><W121/><G121/><T131/><D123/><U103/><E103/><V50/><F50/><W98/><G61/><T53/><D53/><U57/><E57/><V69/><F69/><W44/><G44/><T91/><D62/><U128/><E128/><V23/><F122/><W117/><G117/><T114/><D63/><U78/><E78/><V70/><F70/><W29/><G29/><T67/><D67/><U36/><E36/><V28/><F28/><W8/><G66/><T133/><D131/><U96/><E96/><V43/><F43/><W15/><G60/><T129/><D97/><U75/><E75/><V76/><F76/><W3/><G58/><T21/><D129/><U127/><E127/><N who="2" m="48715" /><F31/><W14/><G98/><T77/><D77/><U72/><E72/><V37/><F37/><W87/><G87/><T68/><D126/><RYUUKYOKU ba="0,0" sc="327,-30,167,10,173,10,333,10" hai1="4,7,11,12,18,24,27" hai2="16,23,25,26,84,85,86" hai3="3,6,8,9,13,14,15,17,89,94" /><INIT seed="1,1,0,3,1,30" ten="297,177,183,343" oya="1" hai0="56,17,19,39,35,26,20,0,130,116,65,100,92" hai1="4,66,131,42,2,129,63,74,3,72,134,89,18" hai2="85,112,6,21,77,96,99,71,90,110,128,125,106" hai3="133,120,67,86,103,61,36,97,123,8,83,64,33"/><U121/><E121/><V7/><F71/><W23/><G33/><T73/><D39/><U102/><E134/><V14/><F110/><W69/><G36/><T118/><D73/><N who="1" m="28267" /><E42/><V109/><F109/><W104/><G133/><T15/><D0/><U12/><E4/><V27/><F77/><W28/><G67/><T79/><D79/><U80/><E102/><V114/><F125/><W81/><G81/><T84/><D130/><N who="1" m="49675" /><E89/><V9/><F128/><W43/><G43/><T108/><D108/><U88/><E88/><V55/><F7/><W13/><G86/><T34/><D100/><U52/><E80/><N who="2" m="49447" /><F55/><W38/><G83/><T78/><D92/><U37/><E37/><V11/><F11/><W16/><G38/><T101/><D101/><U98/><E98/><V47/><F47/><W53/><G53/><T127/><D84/><U59/><E66/><V41/><F41/><W24/><AGARI ba="1,0" hai="8,13,16,23,24,28,61,64,69,97,103,104,120,123" machi="24" ten="30,2000,0" yaku="0,1,54,1" doraHai="30" who="3" fromWho="3" sc="297,-6,177,-11,183,-6,343,23" /><INIT seed="2,0,0,1,5,10" ten="291,166,177,366" oya="2" hai0="96,87,118,3,8,58,78,22,127,41,19,47,134" hai1="14,108,120,84,83,40,45,67,107,52,109,16,55" hai2="106,119,66,115,46,98,90,99,44,104,26,89,113" hai3="18,28,34,130,75,123,126,97,6,82,61,54,1"/><V86/><F119/><W35/><G123/><T102/><D118/><U101/><E67/><V76/><F66/><W20/><G126/><T56/><D134/><U23/><E101/><V117/><F117/><W85/><G75/><T27/><D127/><U57/><E107/><V33/><F26/><W7/><G130/><T36/><D3/><U111/><E57/><V38/><F33/><W74/><G74/><T103/><D103/><U42/><E120/><V62/><F62/><W124/><G97/><T65/><D65/><U125/><E125/><V131/><F76/><W24/><G1/><T79/><D8/><U128/><E128/><V37/><REACH who="2" step="1"/><F86/><REACH who="2" ten="291,166,167,366" step="2"/><W48/><G61/><T129/><D129/><AGARI ba="0,1" hai="37,38,44,46,89,90,98,99,104,106,113,115,129,131" machi="129" ten="25,9600,0" yaku="1,1,2,1,22,2,53,0" doraHai="10" doraHaiUra="116" who="2" fromWho="0" sc="291,-96,166,0,167,106,366,0" /><INIT seed="2,1,0,0,3,17" ten="195,166,273,366" oya="2" hai0="96,85,112,125,109,34,19,98,135,99,46,127,117" hai1="6,66,22,92,114,57,128,68,35,123,74,122,49" hai2="94,81,134,131,64,14,95,12,97,42,70,79,93" hai3="7,75,62,121,39,59,83,103,3,51,77,63,88"/><V55/><F131/><W28/><G121/><T26/><D112/><U102/><E35/><V101/><F134/><W65/><G39/><T10/><D135/><U23/><E114/><V37/><F64/><W126/><G126/><N who="0" m="48139" /><D109/><U60/><E74/><V21/><F70/><W27/><G103/><T18/><D46/><U15/><E128/><V43/><F55/><W76/><G63/><T73/><D73/><U69/><E6/><V56/><F56/><W11/><G51/><T47/><D47/><U9/><E9/><V4/><F4/><W31/><G77/><T48/><D48/><U107/><E107/><V0/><F0/><W91/><G28/><N who="0" m="19735" /><D117/><U45/><E15/><V25/><F14/><W40/><G40/><N who="2" m="15401" /><F12/><W1/><G1/><T90/><D10/><U33/><E33/><AGARI ba="1,0" hai="3,7,11,27,31,33,59,62,65,75,76,83,88,91" machi="33" ten="30,2000,0" yaku="7,1,54,1" doraHai="17" who="3" fromWho="1" sc="195,0,166,-23,273,0,366,23" /><INIT seed="3,0,0,4,2,23" ten="195,143,273,389" oya="3" hai0="42,57,5,118,125,63,117,38,84,61,15,55,71" hai1="50,76,19,111,79,25,40,75,90,133,98,17,4" hai2="14,128,53,28,39,35,0,89,95,85,129,122,104" hai3="110,119,12,114,70,124,66,20,92,115,62,73,107"/><W96/><G119/><T9/><D84/><U10/><E111/><V131/><F122/><W100/><G73/><T120/><D120/><U77/><E75/><V30/><F0/><W132/><G110/><T97/><D97/><U102/><E133/><V8/><F39/><W109/><G109/><T49/><D125/><U60/><E90/><V135/><F135/><W103/><G124/><T88/><D88/><U54/><E60/><V46/><F104/><W134/><G134/><T24/><D24/><U51/><E40/><V113/><F35/><W126/><G126/><T64/><D61/><U87/><E87/><V43/><F113/><W112/><G132/><T86/><D86/><U37/><E37/><N who="2" m="21871" /><F53/><W22/><G12/><T101/><D101/><U13/><E54/><V99/><F99/><W69/><G69/><T72/><D72/><U58/><E58/><V127/><F127/><W3/><G3/><T52/><D55/><U21/><REACH who="1" step="1"/><E17/><AGARI ba="0,0" hai="8,14,17,28,30,85,89,95,128,129,131" m="21871" machi="17" ten="30,1000,0" yaku="19,1" doraHai="23" who="2" fromWho="1" sc="195,0,143,-10,273,10,389,0" owari="195,-20.5,133,-36.7,283,8.3,389,48.9" /></mjloggm>