<mjloggm ver="2.3"><GO type="225" lobby="0"/><UN n0="%E3%81%B2%E3%81%AA%E3%81%AE%E3%82%8A%E3%81%8F" n1="%E3%81%AF%E3%82%88%E3%81%8A%E3%81%98%E3%81%95%E3%82%93" n2="%E3%81%82%E3%81%84%E3%81%82%E3%81%8A%E3%81%84" n3="%E6%98%93%E5%88%A9%E8%96%A9%E4%BC%AF" dan="16,16,18,16" rate="2081.70,2079.38,2230.56,2102.80" sx="M,M,M,F"/><TAIKYOKU oya="0"/><INIT seed="0,0,0,4,0,39" ten="250,250,250,250" oya="0" hai0="7,24,117,31,93,60,44,134,50,49,68,94,11" hai1="58,26,130,92,34,33,81,135,106,5,103,119,79" hai2="21,98,109,96,104,8,75,118,48,108,99,88,89" hai3="51,61,121,82,73,131,114,30,3,80,36,56,13"/><T35/><D117/><U90/><E119/><V18/><F75/><W95/><G114/><T6/><D134/><U115/><E135/><V63/><F118/><W78/><G3/><T14/><D7/><U54/><E130/><V0/><F104/><W102/><G36/><T84/><D50/><U70/><E70/><V133/><F133/><W57/><G121/><T111/><D111/><N who="2" m="42570" /><F63/><W9/><G30/><T40/><REACH who="0" step="1"/><D84/><REACH who="0" ten="240,250,250,250" step="2"/><N who="1" m="52295" /><E5/><N who="2" m="1063" /><F48/><W46/><G131/><T41/><D41/><U126/><E115/><V1/><F1/><W52/><G80/><T120/><D120/><U87/><E81/><V100/><F100/><W23/><G102/><T129/><D129/><U12/><E103/><V65/><F65/><AGARI ba="0,1" hai="6,11,14,24,31,35,40,44,49,60,65,68,93,94" machi="65" ten="40,3900,0" yaku="1,1,52,1,53,0" doraHai="39" doraHaiUra="125" who="0" fromWho="2" sc="240,49,250,0,250,-39,250,0" /><INIT seed="0,1,0,2,2,8" ten="289,250,211,250" oya="0" hai0="44,45,115,107,86,1,118,43,48,76,69,106,122" hai1="0,39,123,127,14,60,11,84,65,82,109,25,21" hai2="15,62,26,134,57,10,135,91,100,40,71,78,4" hai3="6,66,97,38,128,90,56,116,85,77,110,101,47"/><T22/><D118/><U41/><E109/><V113/><F113/><W132/><G116/><T24/><D115/><U68/><E127/><V28/><F71/><W96/><G110/><T2/><D69/><U32/><E123/><V23/><F78/><W49/><G128/><T12/><D122/><U95/><E32/><V87/><F40/><W74/><G132/><T29/><D45/><U89/><E0/><V70/><F70/><W37/><G6/><T36/><D36/><U17/><E41/><V3/><F100/><W124/><G124/><T18/><D76/><U111/><E111/><V79/><F79/><W63/><G97/><T93/><D93/><U53/><E53/><V99/><F99/><W27/><G27/><T121/><D86/><U20/><E39/><V114/><F114/><W51/><G51/><T103/><D121/><U35/><E35/><V16/><F91/><W31/><G31/><T88/><D88/><U133/><E133/><V75/><F87/><W81/><G49/><T30/><D103/><U117/><E117/><V98/><F98/><W61/><G61/><T119/><D30/><U52/><E52/><N who="2" m="34087" /><F75/><W105/><REACH who="3" step="1"/><G47/><REACH who="3" ten="289,250,211,240" step="2"/><T5/><D119/><U129/><E129/><V33/><AGARI ba="1,1" hai="3,4,10,15,16,23,26,28,33,134,135" m="34087" machi="33" ten="30,7900,0" yaku="24,1,52,1,54,2" doraHai="8" who="2" fromWho="2" sc="289,-40,250,-21,211,92,240,-21" /><INIT seed="1,0,0,4,5,119" ten="249,229,303,219" oya="1" hai0="87,90,1,26,109,104,9,57,62,91,123,50,125" hai1="8,18,13,132,6,43,133,59,17,116,21,27,126" hai2="45,70,88,11,60,72,73,93,41,47,56,76,32" hai3="24,55,110,2,68,112,46,124,4,106,51,86,61"/><U23/><E43/><V121/><F70/><W108/><G112/><T20/><D104/><U77/><E77/><V82/><F32/><W118/><G106/><T103/><D103/><U127/><E59/><V19/><F73/><W66/><G118/><T40/><D109/><U35/><E35/><V99/><F121/><W128/><G128/><T53/><D125/><N who="1" m="47627" /><E116/><V113/><F113/><W98/><G98/><T34/><D34/><U102/><E102/><V89/><F89/><W58/><G124/><T12/><D123/><U25/><AGARI ba="0,0" hai="6,8,13,17,18,21,23,25,27,132,133" m="47627" machi="25" ten="30,6000,0" yaku="18,1,34,2" doraHai="119" who="1" fromWho="1" sc="249,-20,229,60,303,-20,219,-20" /><INIT seed="1,1,0,1,1,43" ten="229,289,283,199" oya="1" hai0="125,6,19,131,39,62,127,119,42,29,57,40,5" hai1="45,30,71,123,129,28,17,9,97,21,37,53,59" hai2="24,91,48,76,3,79,93,94,26,25,33,116,115" hai3="124,47,111,113,86,46,38,101,128,75,8,61,117"/><U35/><E123/><V121/><F116/><W104/><G75/><T74/><D119/><U108/><E71/><V10/><F121/><W56/><G117/><T54/><D74/><U73/><E73/><V102/><F33/><W109/><G113/><T126/><D131/><U85/><E129/><V12/><F3/><W60/><G128/><T118/><D118/><U18/><E35/><V114/><F102/><W69/><G8/><T14/><D29/><U51/><E108/><N who="3" m="41546" /><G124/><T130/><D130/><U23/><E37/><V99/><F94/><W55/><G38/><T100/><D100/><U63/><E97/><V2/><F2/><W32/><G32/><T134/><D134/><U92/><E85/><V98/><F99/><N who="3" m="61503" /><G86/><T70/><D70/><U89/><E9/><V84/><F84/><W81/><G81/><T50/><D39/><U36/><E36/><V82/><F82/><W135/><G135/><T11/><REACH who="0" step="1"/><D62/><REACH who="0" ten="219,289,283,199" step="2"/><U120/><E120/><V13/><F114/><W0/><G0/><T87/><D87/><N who="1" m="52287" /><E30/><V133/><F115/><W7/><G7/><AGARI ba="1,1" hai="5,6,7,11,14,19,40,42,50,54,57,125,126,127" machi="7" ten="40,2600,0" yaku="1,1,18,1,53,0" doraHai="43" doraHaiUra="106" who="0" fromWho="3" sc="219,39,289,0,283,0,199,-29" /><INIT seed="2,0,0,4,2,86" ten="258,289,283,170" oya="2" hai0="87,59,40,75,25,109,107,110,71,58,67,108,95" hai1="21,38,44,88,129,130,120,28,100,34,35,8,9" hai2="52,70,105,118,103,128,18,125,4,55,127,81,69" hai3="48,115,96,50,133,126,92,19,134,47,135,90,20"/><V26/><F118/><W46/><G126/><N who="2" m="48137" /><F4/><W54/><G115/><T11/><D75/><U1/><E100/><V12/><F26/><W117/><G117/><T79/><D107/><U119/><E119/><V51/><F128/><N who="1" m="49257" /><E120/><V10/><F81/><W83/><G83/><T49/><D71/><N who="2" m="27146" /><F51/><W2/><G2/><T101/><D79/><U5/><E44/><V15/><F15/><W66/><G66/><T42/><D25/><N who="1" m="16431" /><E38/><V16/><F18/><W36/><G36/><T114/><D114/><U65/><E65/><V94/><F105/><W99/><G99/><AGARI ba="0,0" hai="10,12,16,52,55,94,99,103" m="27146,48137" machi="99" ten="30,5800,0" yaku="18,1,54,2" doraHai="86" who="2" fromWho="3" sc="258,0,289,0,283,58,170,-58" /><INIT seed="2,1,0,2,4,48" ten="258,289,341,112" oya="2" hai0="79,1,72,93,102,76,112,60,62,91,85,80,66" hai1="74,28,39,67,106,70,50,7,82,23,81,22,110" hai2="123,134,73,57,63,10,21,59,55,27,11,54,44" hai3="71,94,38,24,95,105,114,77,20,130,75,135,64"/><V33/><F123/><W98/><G130/><T128/><D112/><U49/><E39/><V5/><F33/><W12/><G135/><T25/><D128/><U90/><E106/><V125/><F73/><W116/><G116/><T86/><D1/><U87/><E7/><V51/><F125/><W78/><G38/><T65/><D102/><U8/><E8/><V83/><F134/><W56/><G71/><T36/><D36/><U111/><E67/><V42/><F83/><W109/><G109/><N who="1" m="41482" /><E70/><V41/><F5/><W103/><G114/><T14/><D14/><U124/><E124/><V107/><F107/><W31/><G12/><T58/><D25/><N who="1" m="16439" /><E23/><V132/><F132/><W30/><G30/><T97/><REACH who="0" step="1"/><D76/><AGARI ba="1,0" hai="49,50,74,76,81,82,87,90" m="16439,41482" machi="76" ten="30,1000,0" yaku="14,1" doraHai="48" who="1" fromWho="0" sc="258,-13,289,13,341,0,112,0" /><INIT seed="3,0,0,1,5,9" ten="245,302,341,112" oya="3" hai0="33,0,54,81,88,106,18,70,79,62,96,120,112" hai1="115,30,8,27,111,32,53,75,3,28,125,15,40" hai2="56,108,63,61,10,1,19,60,135,131,39,45,86" hai3="6,85,82,113,122,2,71,23,46,99,83,94,7"/><W17/><G113/><T84/><D33/><U123/><E75/><V110/><F135/><W21/><G122/><T57/><D0/><U51/><E111/><N who="2" m="42539" /><F131/><W76/><G71/><T58/><D120/><U20/><E123/><V14/><F1/><W74/><G2/><T134/><D134/><U50/><E125/><V130/><F130/><W107/><G46/><T102/><D70/><U87/><E115/><V31/><F31/><W116/><G116/><T26/><D112/><U49/><E30/><V129/><F129/><W101/><G23/><T36/><D36/><U126/><E126/><V109/><F109/><W66/><G66/><T127/><D58/><U98/><E40/><N who="2" m="22687" /><F86/><W34/><G34/><T117/><D127/><U44/><E98/><V24/><F24/><W68/><G68/><T41/><D41/><U78/><E32/><V52/><AGARI ba="0,0" hai="10,14,19,52,56,60,61,63" m="22687,42539" machi="52" ten="30,4000,0" yaku="14,1,52,1,54,1" doraHai="9" who="2" fromWho="2" sc="245,-10,302,-10,341,40,112,-20" owari="235,-16.5,292,9.2,381,48.1,92,-40.8" /></mjloggm>