<mjloggm ver="2.3"><GO type="225" lobby="0"/><UN n0="%65%6B%61%72%75%74%65" n1="%E3%81%BF%E3%81%BF%E3%81%9A" n2="%E9%80%9F%E6%B0%B4%E5%87%9B%E9%A6%99" n3="%E7%AD%89%E3%80%85%E5%8A%9B%E5%8A%87%E5%A0%B4" dan="16,17,16,16" rate="2166.64,2229.96,2095.34,2144.97" sx="M,M,F,M"/><TAIKYOKU oya="0"/><INIT seed="0,0,0,4,1,53" ten="250,250,250,250" oya="0" hai0="45,48,106,134,18,13,69,26,58,135,78,29,89" hai1="117,64,83,71,92,123,52,129,30,99,3,100,5" hai2="62,51,127,6,121,60,56,14,104,101,42,110,73" hai3="74,24,132,7,126,8,119,63,90,97,125,109,82"/><T1/><D106/><U124/><E117/><V23/><F121/><W88/><G119/><T55/><D69/><U33/><E123/><V122/><F73/><W50/><G109/><T76/><D1/><U22/><E129/><V12/><F122/><W131/><G132/><N who="0" m="50731" /><D89/><U79/><E124/><V85/><F110/><W108/><G108/><T81/><D81/><U103/><E33/><V19/><F127/><N who="3" m="48651" /><G131/><T16/><D45/><U98/><E64/><V31/><F31/><W2/><G97/><T43/><D43/><U40/><E71/><V57/><F104/><W84/><G74/><T38/><D38/><U49/><E40/><V133/><F101/><W15/><G2/><T28/><D28/><U17/><E30/><V10/><F133/><W96/><G96/><T36/><D36/><U91/><E5/><V35/><F35/><W47/><G90/><T66/><D66/><U112/><E112/><V128/><F128/><W94/><G82/><T95/><D95/><U25/><E3/><V9/><F9/><W41/><G8/><N who="0" m="6183" /><D18/><U114/><E99/><V27/><F85/><W118/><G84/><T75/><D75/><U72/><REACH who="1" step="1"/><E114/><REACH who="1" ten="250,240,250,250" step="2"/><V120/><F120/><W115/><G115/><T54/><D55/><U80/><E80/><V116/><F116/><W68/><G118/><T111/><D111/><U37/><E37/><V11/><F11/><W107/><G7/><T59/><D59/><AGARI ba="0,1" hai="17,22,25,49,52,59,72,79,83,91,92,98,100,103" machi="59" ten="30,8000,1" yaku="1,1,7,1,52,1,54,1,53,1" doraHai="53" doraHaiUra="44" who="1" fromWho="0" sc="250,-80,240,90,250,0,250,0" /><INIT seed="1,0,0,5,1,69" ten="170,330,250,250" oya="1" hai0="127,59,102,103,68,95,8,62,122,133,96,81,117" hai1="104,82,90,7,41,98,46,32,56,94,1,5,38" hai2="110,89,20,114,17,134,121,88,115,44,111,10,120" hai3="70,107,57,26,11,72,23,4,128,79,132,25,93"/><U61/><E32/><V53/><F53/><W48/><G70/><T66/><D117/><U29/><E1/><V16/><F44/><W39/><G107/><T116/><D116/><U129/><E129/><V80/><F80/><W71/><G71/><T100/><D127/><U126/><E126/><V91/><F10/><W99/><G132/><T45/><D133/><U50/><E29/><V28/><F28/><W73/><G128/><T113/><D113/><N who="2" m="43018" /><F134/><W109/><G109/><N who="2" m="41481" /><F20/><W30/><G79/><T31/><D122/><AGARI ba="0,0" hai="16,17,88,89,91,120,121,122" m="41481,43018" machi="122" ten="40,12000,2" yaku="28,2,11,1,14,1,54,2" doraHai="69" who="2" fromWho="0" sc="170,-120,330,0,250,120,250,0" /><INIT seed="2,0,0,1,5,65" ten="50,330,370,250" oya="2" hai0="12,123,35,2,94,128,26,78,24,10,18,79,96" hai1="57,84,30,92,130,95,133,40,39,22,41,131,20" hai2="71,50,14,120,42,37,115,98,60,88,114,74,109" hai3="87,48,118,89,62,103,27,121,44,81,119,43,80"/><V6/><F74/><W86/><G121/><T117/><D128/><N who="1" m="49195" /><E133/><V125/><F120/><W75/><G75/><T16/><D117/><U82/><E57/><V54/><F125/><W99/><G27/><T21/><D123/><U85/><E30/><V73/><F73/><W32/><G32/><T19/><D2/><U13/><E13/><V34/><F34/><W101/><G101/><T107/><D107/><U111/><E111/><V108/><F14/><W129/><G129/><T76/><D35/><U116/><E116/><V93/><F6/><W51/><G51/><T8/><D8/><U67/><E67/><N who="2" m="41447" /><F115/><W97/><G62/><T17/><REACH who="0" step="1"/><D21/><REACH who="0" ten="40,330,370,250" step="2"/><N who="1" m="8299" /><E39/><V91/><F37/><W15/><G119/><T47/><D47/><U53/><E53/><V5/><F54/><W66/><G44/><T46/><D46/><U38/><E38/><V68/><F109/><W58/><G118/><T72/><D72/><U83/><E92/><V33/><F93/><W61/><G43/><N who="1" m="16458" /><E95/><V90/><F42/><W126/><G126/><T100/><AGARI ba="0,1" hai="10,12,16,17,18,19,24,26,76,78,79,94,96,100" machi="100" ten="30,8000,1" yaku="1,1,0,1,8,1,54,1,53,1" doraHai="65" doraHaiUra="11" who="0" fromWho="0" sc="40,90,330,-20,370,-40,250,-20" /><INIT seed="3,0,0,5,0,56" ten="130,310,330,230" oya="3" hai0="95,15,23,93,89,18,58,57,17,7,24,125,19" hai1="41,65,102,115,30,134,50,32,37,69,5,78,0" hai2="80,79,28,91,31,94,64,66,48,47,21,76,75" hai3="36,22,70,6,120,68,3,96,73,105,81,83,117"/><W59/><G117/><T33/><D125/><U2/><E50/><V126/><F126/><W119/><G119/><T88/><D33/><U84/><E84/><V92/><F79/><W12/><G120/><T60/><D7/><U25/><E115/><V124/><F124/><W85/><G36/><T104/><D104/><U62/><E134/><V99/><F92/><W63/><G3/><T114/><D114/><U97/><E78/><V116/><F116/><W55/><G81/><T131/><D131/><U90/><E90/><V4/><F4/><W43/><G73/><T20/><D19/><U74/><E5/><V129/><F129/><W135/><G43/><T87/><REACH who="0" step="1"/><D60/><REACH who="0" ten="120,310,330,230" step="2"/><U45/><E74/><V113/><F113/><W26/><G105/><AGARI ba="0,1" hai="0,2,25,30,32,37,41,45,62,65,69,97,102,105" machi="105" ten="30,12000,2" yaku="7,1,25,2,33,3,52,1" doraHai="56" who="1" fromWho="3" sc="120,0,310,130,330,0,230,-120" owari="120,-28.0,440,54.0,330,13.0,110,-39.0" /></mjloggm>