<mjloggm ver="2.3"><GO type="225" lobby="0"/><UN n0="%E3%81%A4%E3%81%A3%E3%81%B1%E3%82%8A%E3%83%9D%E3%83%BC%E3%83%AB" n1="%72%69%6F%75%63%68%61%6E" n2="%E6%81%A5%E6%99%92%E3%81%97" n3="%E5%A4%96%E5%B7%9D%E7%AB%9C%E6%88%90" dan="16,17,16,16" rate="2082.18,2169.32,2120.44,2070.71" sx="M,M,M,M"/><TAIKYOKU oya="0"/><INIT seed="0,0,0,2,3,49" ten="250,250,250,250" oya="0" hai0="62,32,124,122,71,47,112,131,67,37,3,55,87" hai1="33,40,8,134,129,82,54,118,30,80,38,133,84" hai2="114,89,121,52,11,0,109,119,116,68,10,20,81" hai3="22,120,111,91,108,27,65,16,69,77,93,78,5"/><T86/><D112/><U28/><E118/><N who="2" m="45099" /><F114/><W25/><G5/><T102/><D122/><U13/><E129/><V56/><F121/><W99/><G120/><T113/><D113/><U110/><E110/><N who="3" m="42026" /><G65/><T127/><D131/><U1/><E1/><V96/><F109/><W72/><G69/><T53/><D32/><U45/><E54/><N who="0" m="20489" /><D102/><U85/><E84/><N who="2" m="50319" /><F68/><W7/><G7/><T135/><D3/><U90/><E80/><V76/><F0/><W105/><G72/><T34/><D34/><U29/><REACH who="1" step="1"/><E33/><REACH who="1" ten="250,240,250,250" step="2"/><V31/><F96/><N who="3" m="57407" /><G27/><T21/><D135/><U64/><E64/><V63/><F76/><W70/><G70/><T104/><D67/><U117/><E117/><V130/><F130/><W12/><G25/><AGARI ba="0,1" hai="10,11,20,25,31,52,56,63" m="50319,45099" machi="25" ten="30,3900,0" yaku="12,1,52,1,54,1" doraHai="49" who="2" fromWho="3" sc="250,0,240,0,250,49,250,-39" /><INIT seed="1,0,0,5,5,67" ten="250,240,299,211" oya="1" hai0="34,123,99,16,3,62,26,96,124,64,120,69,25" hai1="126,135,104,128,20,97,54,108,31,92,44,110,85" hai2="35,79,84,91,29,30,53,21,83,131,42,80,88" hai3="86,2,18,103,107,14,73,87,106,28,55,117,13"/><U61/><E126/><V22/><F131/><W46/><G2/><T134/><D3/><U98/><E135/><V101/><F42/><W15/><G73/><T109/><D134/><U68/><E128/><V17/><F35/><W95/><G117/><T115/><D115/><U12/><E104/><V59/><F101/><W56/><G46/><T75/><D75/><U6/><E85/><V48/><F22/><W66/><G66/><T116/><D116/><U36/><E31/><N who="2" m="11787" /><F83/><W63/><G28/><N who="0" m="19727" /><D124/><U71/><E97/><V81/><F81/><W105/><REACH who="3" step="1"/><G18/><REACH who="3" ten="250,240,299,201" step="2"/><T74/><D74/><U49/><E6/><V51/><F51/><W119/><G119/><T43/><D16/><N who="1" m="10247" /><E36/><V93/><F17/><W39/><G39/><T11/><D123/><U10/><E61/><V9/><F48/><W94/><G94/><T65/><D120/><U118/><E118/><V37/><F93/><W24/><G24/><T129/><D26/><U4/><E92/><V76/><F37/><W112/><G112/><T90/><D62/><U77/><E98/><AGARI ba="0,1" hai="13,14,15,55,56,63,86,87,95,98,103,105,106,107" machi="98" ten="50,1600,0" yaku="1,1,53,0" doraHai="67" doraHaiUra="133" who="3" fromWho="1" sc="250,0,240,-16,299,0,201,26" /><INIT seed="2,0,0,4,3,46" ten="250,224,299,227" oya="2" hai0="134,1,79,57,42,121,13,55,127,54,59,49,34" hai1="91,17,75,50,130,28,64,89,38,66,65,133,16" hai2="22,10,18,135,101,118,4,108,70,109,117,37,114" hai3="56,15,0,43,115,51,88,80,132,32,53,126,112"/><V111/><F37/><W52/><G0/><T124/><D1/><U92/><E38/><V84/><F70/><W93/><G126/><N who="0" m="48171" /><D34/><U103/><E75/><V20/><F101/><W102/><G132/><T31/><D31/><U25/><E133/><V2/><F135/><W104/><G32/><T39/><D134/><U21/><E130/><V94/><F114/><N who="3" m="43563" /><G80/><T90/><D79/><U61/><E61/><V12/><F94/><W95/><G43/><T96/><D13/><U8/><E50/><V113/><F113/><W85/><G104/><T62/><D90/><N who="1" m="34315" /><E8/><N who="2" m="2071" /><F84/><W87/><G15/><T41/><D96/><AGARI ba="0,0" hai="16,17,21,25,28,64,65,66,92,96,103" m="34315" machi="96" ten="30,2000,0" yaku="8,1,54,1" doraHai="46" who="1" fromWho="0" sc="250,-20,224,20,299,0,227,0" /><INIT seed="3,0,0,0,2,101" ten="230,244,299,227" oya="3" hai0="102,96,109,49,62,84,80,82,125,81,66,100,85" hai1="119,46,27,91,12,35,40,64,88,3,41,28,24" hai2="90,4,134,32,97,87,73,68,123,56,60,18,5" hai3="72,133,16,43,59,48,107,92,86,11,58,131,129"/><W69/><G69/><T57/><D109/><U19/><E3/><V103/><F123/><W34/><G34/><T1/><D1/><U29/><E119/><V135/><F68/><W6/><G72/><T83/><D125/><U127/><E127/><V128/><F73/><W8/><G133/><N who="2" m="50697" /><F32/><W112/><G112/><T9/><D9/><N who="3" m="3657" /><G6/><T71/><N who="0" m="20480" /><DORA hai="36" /><T95/><REACH who="0" step="1"/><D102/><REACH who="0" ten="220,244,299,227" step="2"/><U22/><E64/><V21/><F103/><W61/><G131/><T23/><D23/><U51/><E40/><V122/><F21/><AGARI ba="0,1" hai="12,19,21,22,24,27,28,29,35,41,46,51,88,91" machi="21" ten="30,3900,0" yaku="7,1,52,1,54,1" doraHai="101,36" who="1" fromWho="2" sc="220,0,244,49,299,-39,227,0" /><INIT seed="4,0,0,2,0,50" ten="220,293,260,227" oya="0" hai0="19,84,6,2,67,16,81,53,126,47,92,37,60" hai1="41,20,57,95,24,74,130,135,38,116,114,10,104" hai2="94,0,97,31,35,52,118,128,108,51,75,83,90" hai3="34,64,131,73,11,27,21,42,33,8,107,93,71"/><T102/><D126/><U133/><E116/><V62/><F0/><W9/><G107/><T134/><D134/><N who="1" m="51211" /><E104/><V119/><F108/><W12/><G73/><T59/><D6/><U68/><E68/><V100/><F128/><W45/><G131/><T124/><D2/><U98/><E74/><V36/><F36/><W26/><G64/><T18/><D124/><U121/><E114/><V109/><F109/><W76/><G71/><T122/><D122/><U113/><E113/><V15/><F15/><W112/><G76/><N who="0" m="46119" /><D37/><U63/><E121/><V106/><F62/><W105/><G105/><T13/><D47/><N who="1" m="23991" /><E10/><N who="3" m="4202" /><G112/><T80/><D80/><U48/><E48/><V30/><F35/><N who="3" m="13323" /><G93/><T61/><D61/><U89/><E130/><V14/><F14/><W78/><G45/><T111/><D111/><U86/><E86/><N who="2" m="52567" /><F118/><W46/><G46/><T88/><D13/><U54/><E24/><N who="3" m="9258" /><G42/><T117/><D117/><U4/><E4/><V49/><F49/><W66/><G21/><AGARI ba="0,0" hai="20,21,54,57,63,89,95,98" m="23991,51211" machi="21" ten="30,2000,0" yaku="20,1,52,1" doraHai="50" who="1" fromWho="3" sc="220,0,293,20,260,0,227,-20" owari="220,-18.0,313,41.3,260,6.0,207,-29.3" /></mjloggm>