<mjloggm ver="2.3"><GO type="225" lobby="0"/><UN n0="%E8%A8%88%E7%AE%97%E6%A9%9F%E8%87%AA%E7%84%B6" n1="%E3%81%9F%E3%81%A3%E3%81%A1%E3%82%87" n2="%E3%83%AD%E3%83%83%E3%83%86%E9%9B%80%E7%90%83" n3="%6B%79%6F%6E%6B%6F%31%31" dan="17,16,17,17" rate="2199.39,2085.07,2145.82,2173.70" sx="M,M,M,M"/><TAIKYOKU oya="0"/><INIT seed="0,0,0,4,0,49" ten="250,250,250,250" oya="0" hai0="88,87,66,125,111,59,127,29,79,7,105,115,109" hai1="58,92,65,0,73,89,57,116,76,75,10,14,25" hai2="21,6,61,45,18,113,26,34,132,86,110,11,122" hai3="94,42,97,114,9,36,8,133,52,118,129,82,106"/><T24/><D115/><U47/><E116/><V117/><F122/><W72/><G118/><T77/><D105/><U35/><E0/><V56/><F110/><N who="0" m="41994" /><D7/><U51/><E73/><V16/><F132/><W101/><G133/><T20/><D66/><U55/><E75/><V98/><F34/><W2/><G114/><T74/><D59/><U60/><E76/><N who="0" m="29257" /><D74/><U131/><E131/><V50/><F117/><W120/><G129/><T3/><D3/><U30/><E58/><V63/><F113/><W130/><G130/><T104/><D104/><U64/><E65/><V102/><F86/><W1/><G120/><T13/><D13/><U12/><REACH who="1" step="1"/><E10/><REACH who="1" ten="250,240,250,250" step="2"/><V67/><F56/><W43/><G8/><T70/><D70/><U90/><E90/><V19/><F67/><W123/><G9/><T32/><D32/><U85/><AGARI ba="0,1" hai="12,14,25,30,35,47,51,55,57,60,64,85,89,92" machi="85" ten="20,5200,0" yaku="1,1,0,1,7,1,52,1,53,0" doraHai="49" doraHaiUra="37" who="1" fromWho="1" sc="250,-26,240,62,250,-13,250,-13" /><INIT seed="1,0,0,4,1,111" ten="224,302,237,237" oya="1" hai0="56,129,72,90,39,67,119,107,14,28,85,6,64" hai1="122,125,91,22,33,7,29,108,92,10,75,34,66" hai2="121,20,116,63,16,120,42,44,58,50,88,43,61" hai3="18,2,130,24,68,30,86,133,11,40,59,112,36"/><U69/><E122/><V127/><F127/><W21/><G68/><T9/><D119/><U84/><E75/><V41/><F116/><W94/><G130/><T95/><D39/><U103/><E125/><V134/><F134/><W96/><G133/><T83/><D129/><U123/><E123/><V99/><F121/><W26/><G86/><T0/><D107/><U38/><E38/><V47/><F120/><W4/><G59/><T98/><D72/><U55/><E108/><V115/><F115/><W19/><G112/><T12/><D28/><U32/><E103/><V79/><F79/><W113/><G113/><T82/><D82/><U106/><E106/><V3/><F3/><W49/><G49/><T102/><D0/><U53/><E66/><N who="2" m="39223" /><F63/><W128/><G128/><T25/><D25/><U126/><E69/><V118/><F50/><W109/><G109/><T105/><D105/><U65/><E65/><V45/><F118/><W35/><G40/><T54/><REACH who="0" step="1"/><D12/><REACH who="0" ten="214,302,237,237" step="2"/><U100/><E126/><V80/><F80/><W62/><G36/><T71/><D71/><U87/><E29/><V17/><F20/><W31/><REACH who="3" step="1"/><G62/><AGARI ba="0,1" hai="6,9,14,54,56,62,64,67,83,85,90,95,98,102" machi="62" ten="30,7700,0" yaku="1,1,7,1,8,1,53,1" doraHai="111" doraHaiUra="78" who="0" fromWho="3" sc="214,87,302,0,237,0,237,-77" /><INIT seed="2,0,0,5,4,125" ten="301,302,237,160" oya="2" hai0="2,71,62,64,24,35,91,70,12,122,108,59,90" hai1="118,39,30,19,67,50,104,114,97,115,65,109,133" hai2="77,9,121,10,23,16,100,76,61,78,116,134,130" hai3="135,81,112,84,96,83,126,103,124,5,18,25,37"/><V60/><F130/><W14/><G37/><T57/><D2/><U41/><E118/><V48/><F121/><W13/><G112/><T8/><D122/><U7/><E30/><V32/><F134/><W53/><G135/><T106/><D106/><U29/><E29/><V101/><F32/><W69/><G69/><T111/><D24/><U95/><E104/><V6/><F116/><W38/><G38/><T33/><D90/><U49/><E7/><V107/><F48/><W74/><G74/><T4/><D91/><U3/><E3/><V47/><F47/><W31/><G5/><T86/><D86/><U17/><E109/><N who="0" m="42057" /><D57/><U26/><E26/><N who="2" m="14695" /><F107/><W34/><G53/><T94/><D94/><U82/><E95/><V27/><F27/><W93/><G13/><T75/><D75/><U120/><E120/><V128/><F128/><W127/><REACH who="3" step="1"/><G84/><REACH who="3" ten="301,302,237,150" step="2"/><T102/><D70/><U119/><E133/><V113/><F113/><W22/><AGARI ba="0,1" hai="14,18,22,25,31,34,81,83,93,96,103,124,126,127" machi="22" ten="30,7900,0" yaku="1,1,2,1,0,1,18,1,53,0" doraHai="125" doraHaiUra="36" who="3" fromWho="3" sc="301,-20,302,-20,237,-39,150,89" /><INIT seed="3,0,0,0,0,16" ten="281,282,198,239" oya="3" hai0="87,128,36,12,28,111,22,120,57,58,110,129,117" hai1="108,48,78,135,98,60,126,45,44,94,0,76,77" hai2="105,92,81,75,24,13,8,40,95,37,62,80,61" hai3="52,133,72,103,50,6,99,30,89,7,106,84,56"/><W86/><G72/><T63/><D117/><U88/><E108/><N who="0" m="41513" /><D120/><U25/><E126/><V116/><F116/><W112/><G112/><T38/><D87/><U64/><E0/><V21/><F105/><W41/><G133/><T115/><D115/><U104/><E104/><V97/><F40/><W73/><G73/><T125/><D57/><N who="1" m="36879" /><E135/><V53/><F37/><N who="0" m="14442" /><D125/><U10/><E10/><V107/><F107/><W54/><G41/><T101/><D101/><U34/><E34/><V33/><F33/><W29/><G86/><T11/><D11/><U26/><E44/><V132/><F132/><W114/><G114/><T17/><D28/><U47/><E47/><V39/><F39/><W82/><REACH who="3" step="1"/><G54/><AGARI ba="0,0" hai="12,17,22,54,58,63,128,129" m="14442,41513" machi="54" ten="30,2000,0" yaku="14,1,52,1" doraHai="16" who="0" fromWho="3" sc="281,20,282,0,198,0,239,-20" /><AGARI ba="0,0" hai="25,26,45,48,54,76,77,78,88,94,98" m="36879" machi="54" ten="30,2000,0" yaku="8,1,54,1" doraHai="16" who="1" fromWho="3" sc="301,0,282,20,198,0,219,-20" owari="301,10.1,302,40.2,198,-30.2,199,-20.1" /></mjloggm>