<mjloggm ver="2.3"><GO type="225" lobby="0"/><UN n0="%6B%69%6D%38" n1="%E3%81%82%E3%81%99%E3%81%AB%E3%82%83%E3%82%80" n2="%E7%AD%89%E3%80%85%E5%8A%9B%E5%8A%87%E5%A0%B4" n3="%6D%75%75%6D%75%72%61" dan="18,16,16,16" rate="2183.57,2163.53,2117.82,2209.52" sx="M,F,M,F"/><TAIKYOKU oya="0"/><INIT seed="0,0,0,0,3,64" ten="250,250,250,250" oya="0" hai0="56,95,105,73,21,84,8,61,7,96,135,106,46" hai1="119,75,52,12,58,38,113,11,130,129,0,55,110" hai2="40,97,50,47,23,102,81,94,30,34,134,76,6" hai3="103,10,67,123,1,54,101,80,72,35,92,74,82"/><T111/><D73/><U88/><E75/><V91/><F134/><W70/><G35/><T5/><D135/><U14/><E38/><V109/><F109/><W68/><G67/><T125/><D125/><U93/><E110/><V3/><F34/><W48/><G123/><T83/><D111/><U77/><E77/><V71/><F71/><W49/><G92/><T28/><D46/><U65/><E119/><V51/><F3/><W115/><G1/><T2/><D5/><U131/><E113/><V100/><F6/><W122/><G122/><T43/><D43/><U86/><E0/><V87/><F51/><W29/><G54/><N who="1" m="20522" /><E11/><V117/><F117/><W107/><G10/><T127/><D56/><U9/><E9/><V33/><F33/><W44/><G44/><T22/><D61/><AGARI ba="0,0" hai="12,14,58,61,65,86,88,93,129,130,131" m="20522" machi="61" ten="40,5200,0" yaku="19,1,54,2" doraHai="64" who="1" fromWho="0" sc="250,-52,250,52,250,0,250,0" /><INIT seed="1,0,0,3,2,106" ten="198,302,250,250" oya="1" hai0="27,18,14,32,113,95,94,4,96,72,101,100,110" hai1="7,24,74,65,129,23,22,112,71,58,19,91,17" hai2="119,92,70,102,50,135,108,48,80,81,52,3,9" hai3="10,2,73,28,98,60,97,134,131,77,122,127,68"/><U39/><E39/><V63/><F119/><W121/><G127/><T20/><D113/><U124/><E112/><V56/><F108/><W5/><G131/><T109/><D72/><U111/><E74/><V26/><F135/><W84/><G134/><T16/><D4/><U82/><E129/><V55/><F70/><W85/><G28/><T128/><D128/><U116/><E116/><V117/><F63/><W130/><G130/><T53/><D53/><U11/><E124/><V8/><F26/><W107/><G85/><T43/><D43/><U45/><E45/><V0/><F92/><W76/><G84/><T62/><D62/><U59/><E111/><V40/><F56/><W104/><G97/><T103/><D32/><U79/><E65/><V41/><F117/><W86/><G86/><T89/><REACH who="0" step="1"/><D95/><REACH who="0" ten="188,302,250,250" step="2"/><U133/><E7/><V69/><F41/><W54/><G54/><T90/><D90/><U29/><E91/><V125/><F40/><W15/><G107/><T120/><D120/><U126/><E126/><V132/><F125/><W34/><G34/><T42/><D42/><U57/><E133/><V12/><F132/><W115/><G115/><T6/><D6/><U83/><E79/><N who="3" m="30282" /><G73/><T51/><D51/><U49/><E49/><V118/><F118/><W46/><G2/><T87/><D87/><U38/><E38/><V36/><F36/><W75/><G75/><T61/><D61/><U47/><E47/><V1/><F1/><W33/><G46/><T44/><D44/><U123/><E123/><V31/><F0/><W21/><G122/><T105/><D105/><RYUUKYOKU ba="0,1" sc="188,30,302,-10,250,-10,250,-10" hai0="14,16,18,20,27,89,94,96,100,101,103,109,110" /><INIT seed="2,1,1,4,3,118" ten="218,292,240,240" oya="2" hai0="52,123,102,134,0,92,25,33,47,42,62,113,58" hai1="6,135,76,86,30,79,39,91,105,53,100,26,77" hai2="107,125,110,17,89,75,93,99,80,61,81,98,111" hai3="96,88,69,130,108,46,85,101,5,34,16,8,4"/><V68/><F17/><W3/><G69/><T36/><D113/><U32/><E39/><V82/><F68/><W45/><G34/><T103/><D134/><U132/><E6/><N who="3" m="2666" /><G3/><T18/><D0/><U106/><E53/><V109/><F61/><W20/><G108/><T87/><D123/><U7/><E7/><V66/><F66/><W126/><G130/><T28/><REACH who="0" step="1"/><D18/><REACH who="0" ten="208,292,240,240" step="2"/><U131/><E131/><V48/><F111/><W64/><G16/><T14/><D14/><U44/><E132/><V21/><F110/><W11/><G11/><T15/><D15/><U121/><E121/><V119/><F109/><W9/><G9/><T59/><D59/><U22/><E135/><V72/><F119/><W23/><G8/><T29/><D29/><U124/><E30/><V41/><F125/><W50/><G126/><T51/><D51/><U27/><E124/><V65/><F48/><W19/><G50/><T35/><D35/><U117/><E32/><V2/><F2/><W70/><G19/><T10/><D10/><U104/><E117/><V1/><F1/><W43/><G20/><T55/><D55/><U128/><E22/><V78/><F21/><W84/><G23/><T71/><D71/><U94/><E128/><V116/><F116/><W129/><G129/><T13/><D13/><U12/><E12/><V97/><F65/><W74/><G64/><T114/><D114/><U122/><E122/><V57/><F57/><W56/><G56/><T67/><D67/><U95/><E44/><V127/><F127/><W112/><G112/><T60/><D60/><U133/><E133/><RYUUKYOKU ba="1,2" sc="208,15,292,15,240,-15,240,-15" hai0="25,28,33,36,42,47,52,58,62,87,92,102,103" hai1="26,27,76,77,79,86,91,94,95,100,104,105,106" /><INIT seed="3,2,2,4,0,28" ten="223,307,225,225" oya="3" hai0="43,66,109,53,41,20,77,46,118,100,81,92,13" hai1="94,39,99,60,15,23,75,114,7,76,10,38,54" hai2="72,62,12,98,115,51,31,104,129,101,79,65,32" hai3="83,22,88,102,25,133,57,95,26,27,78,33,89"/><W93/><G33/><T74/><D118/><U103/><E76/><V48/><F115/><W128/><G128/><T71/><D109/><U67/><E54/><V50/><F129/><W134/><G102/><T84/><D71/><U113/><E75/><V58/><F12/><W117/><G117/><T112/><D112/><U119/><E119/><V17/><F17/><W1/><G1/><T11/><D20/><U0/><E39/><V80/><F31/><W30/><G93/><T96/><D74/><U6/><E38/><V3/><F3/><W120/><G120/><T110/><D66/><U69/><E7/><V61/><F32/><W107/><G107/><T124/><D110/><U40/><E40/><V34/><F34/><W116/><G116/><T9/><D124/><U108/><E108/><V16/><F16/><N who="3" m="12487" /><G57/><T47/><D9/><U135/><E135/><N who="3" m="51722" /><G30/><T91/><D100/><U97/><E97/><V5/><F5/><W64/><G64/><T87/><D96/><U131/><E131/><V85/><F98/><N who="3" m="57703" /><G89/><T21/><D21/><U18/><AGARI ba="2,2" hai="0,6,10,15,18,23,60,67,69,94,99,103,113,114" machi="18" ten="30,1100,0" yaku="0,1" doraHai="28" who="1" fromWho="1" sc="223,-5,307,37,225,-5,225,-7" owari="218,-18.2,344,44.4,220,2.0,218,-28.2" /></mjloggm>