<mjloggm ver="2.3"><GO type="225" lobby="0"/><UN n0="%E5%A4%9C%E5%85%89%E5%A4%A9%E6%A5%BC" n1="%E3%80%93%E3%81%97%E3%83%BC%E3%82%89%E3%80%93" n2="%E3%81%B5%E3%81%98%E3%81%8B%E3%81%A4" n3="%E6%9D%B1%E9%A2%A8%E3%81%AE%E3%81%8D%E3%82%83%E3%81%B7%E3%81%95%E3%82%93" dan="16,16,17,17" rate="2118.81,2123.03,2204.03,2191.27" sx="F,M,M,M"/><TAIKYOKU oya="0"/><INIT seed="0,0,0,5,0,61" ten="250,250,250,250" oya="0" hai0="23,55,43,79,18,1,29,54,0,4,38,84,112" hai1="71,133,123,5,82,26,58,95,122,110,86,49,88" hai2="92,2,121,103,37,106,120,53,30,97,31,126,9" hai3="90,20,85,78,35,68,93,22,74,50,6,39,73"/><T104/><D112/><U46/><E71/><V7/><F126/><W75/><G68/><T89/><D104/><U13/><E133/><V76/><F76/><W81/><G39/><T47/><D79/><U11/><E110/><V62/><F37/><W80/><G35/><T96/><D29/><U124/><E124/><V42/><F42/><W8/><G50/><T24/><D96/><U94/><E58/><V99/><F53/><W14/><REACH who="3" step="1"/><G81/><REACH who="3" ten="250,250,250,240" step="2"/><T107/><D38/><U111/><E111/><V109/><F109/><W10/><G10/><T67/><D43/><U77/><E95/><V16/><F121/><W113/><G113/><T135/><D107/><U127/><E127/><V134/><F120/><W28/><G28/><T100/><D135/><U108/><E108/><V63/><F134/><W70/><G70/><T87/><D47/><U36/><E36/><V101/><F31/><W33/><G33/><T114/><D114/><U102/><E123/><V132/><F30/><W52/><G52/><T98/><D55/><U91/><E122/><V105/><F132/><W48/><G48/><T40/><D54/><U65/><E49/><V17/><F92/><W125/><G125/><T51/><D51/><U25/><E46/><V116/><F116/><W72/><AGARI ba="0,1" hai="6,8,14,20,22,72,73,74,75,78,80,85,90,93" machi="72" ten="30,7900,0" yaku="1,1,0,1,53,2" doraHai="61" doraHaiUra="19" who="3" fromWho="3" sc="250,-39,250,-20,250,-20,240,89" /><INIT seed="1,0,0,0,4,55" ten="211,230,230,329" oya="1" hai0="10,74,43,70,81,19,126,84,61,14,9,65,120" hai1="106,68,100,76,115,108,123,69,56,4,50,39,96" hai2="30,29,90,119,3,2,75,128,133,27,111,25,40" hai3="79,78,63,72,87,121,93,34,98,129,21,132,6"/><U130/><E39/><V97/><F75/><W23/><G34/><T35/><D126/><U53/><E123/><V73/><F73/><W113/><G121/><T33/><D120/><U28/><E115/><V31/><F119/><W0/><G113/><T47/><D10/><U44/><E76/><V109/><F40/><W20/><G132/><T36/><REACH who="0" step="1"/><D74/><REACH who="0" ten="201,230,230,329" step="2"/><U41/><E130/><V46/><F128/><W57/><G129/><T42/><D42/><U107/><E108/><N who="2" m="41547" /><F133/><W102/><G72/><T122/><D122/><U54/><E41/><V103/><F46/><W59/><G0/><N who="2" m="41" /><F90/><AGARI ba="0,1" hai="9,14,19,33,35,36,43,47,61,65,70,81,84,90" machi="90" ten="30,2000,0" yaku="1,1,7,1,53,0" doraHai="55" doraHaiUra="112" who="0" fromWho="2" sc="201,30,230,0,230,-20,329,0" /><INIT seed="2,0,0,3,0,115" ten="231,230,210,329" oya="2" hai0="8,45,74,14,23,135,47,103,30,121,21,0,26" hai1="68,85,10,134,40,95,124,94,50,127,80,110,59" hai2="16,44,70,35,73,101,46,51,7,122,29,107,34" hai3="114,64,13,32,18,82,1,22,42,62,65,98,111"/><V132/><F122/><W31/><G111/><T17/><D74/><U61/><E110/><V49/><F70/><W6/><G114/><T2/><D121/><U39/><E134/><V11/><F73/><W77/><G42/><T100/><D135/><U81/><E68/><V12/><F132/><W3/><G98/><T112/><D112/><U57/><E39/><V99/><F29/><W25/><G6/><N who="0" m="3351" /><D2/><U58/><E61/><V109/><F109/><W108/><G108/><T41/><D0/><U118/><E10/><V52/><REACH who="2" step="1"/><F7/><REACH who="2" ten="231,230,200,329" step="2"/><W33/><G33/><T113/><D113/><U72/><E72/><V84/><F84/><W55/><G1/><T92/><D41/><AGARI ba="0,1" hai="11,12,16,34,35,41,44,46,49,51,52,99,101,107" machi="41" ten="30,11600,0" yaku="1,1,7,1,54,2,53,0" doraHai="115" doraHaiUra="66" who="2" fromWho="0" sc="231,-116,230,0,200,126,329,0" /><INIT seed="2,1,0,0,4,37" ten="115,230,326,329" oya="2" hai0="103,125,15,34,48,30,122,108,22,78,91,54,126" hai1="46,84,60,135,11,13,127,1,63,45,90,98,132" hai2="19,92,58,85,94,17,40,55,65,109,97,81,79" hai3="114,77,39,86,70,14,105,124,51,7,12,116,106"/><V119/><F119/><W129/><G70/><T89/><D122/><U121/><E1/><V62/><F109/><W41/><G39/><T53/><D108/><U56/><E98/><V88/><F40/><W117/><G14/><T118/><D103/><U27/><E27/><V43/><F43/><W10/><G114/><T93/><D118/><N who="3" m="45673" /><G124/><T18/><D78/><U23/><E23/><V87/><REACH who="2" step="1"/><F65/><REACH who="2" ten="115,230,316,329" step="2"/><W28/><G129/><T42/><D42/><U64/><E64/><V8/><F8/><W76/><G28/><T82/><D125/><U16/><E127/><V112/><F112/><W104/><G76/><T66/><D126/><U80/><E121/><V69/><F69/><W110/><G110/><T72/><D66/><U101/><E11/><V131/><F131/><W49/><G41/><T130/><D130/><U68/><E68/><V24/><F24/><W35/><G10/><T96/><D30/><U75/><E132/><V95/><F95/><W44/><G77/><T36/><D36/><U59/><E135/><V5/><F5/><W33/><G7/><T4/><D4/><U67/><E67/><V57/><F57/><W128/><G128/><T133/><D133/><U38/><E59/><V26/><F26/><W25/><G25/><T100/><D54/><U61/><E56/><V99/><F99/><W74/><G106/><T73/><D34/><U71/><E38/><V3/><F3/><W83/><G105/><T6/><D6/><U31/><E31/><V29/><F29/><W52/><G35/><T134/><D134/><U21/><E71/><V113/><F113/><RYUUKYOKU ba="1,1" sc="115,-10,230,-10,316,30,329,-10" hai2="17,19,55,58,62,79,81,85,87,88,92,94,97" /><INIT seed="2,2,1,4,2,116" ten="105,220,346,319" oya="2" hai0="107,73,43,74,106,45,6,24,22,5,26,79,128" hai1="42,100,39,82,12,66,13,4,30,71,94,92,64" hai2="85,126,10,80,130,134,51,55,99,124,132,104,81" hai3="111,83,58,70,113,41,131,108,87,20,115,135,32"/><V84/><F10/><W89/><G32/><T33/><D33/><U75/><E71/><V69/><F69/><W56/><G70/><T47/><D22/><U88/><E39/><V91/><F51/><W34/><G34/><T50/><D50/><U95/><E100/><N who="2" m="62495" /><F55/><W105/><G105/><T61/><D79/><U46/><E75/><V78/><F130/><W3/><G3/><T2/><D128/><U21/><E46/><V18/><F18/><W62/><G131/><T17/><D2/><U57/><E42/><V19/><F19/><W60/><G20/><T49/><D17/><N who="1" m="10407" /><E30/><V112/><F112/><N who="3" m="43083" /><G135/><AGARI ba="2,1" hai="78,80,81,84,85,91,124,126,132,134,135" m="62495" machi="135" ten="30,5800,0" yaku="20,1,34,2" doraHai="116" who="2" fromWho="3" sc="105,0,220,0,346,74,319,-64" /><INIT seed="2,3,0,4,1,111" ten="105,220,420,255" oya="2" hai0="25,131,42,84,67,23,6,35,95,8,15,53,98" hai1="79,123,94,93,114,32,120,48,113,72,22,119,118" hai2="27,58,41,121,63,116,11,108,78,92,82,97,101" hai3="96,52,49,47,12,107,5,57,61,73,54,81,133"/><V18/><F121/><N who="1" m="46665" /><E32/><V19/><F116/><N who="1" m="44585" /><E48/><V20/><F108/><W46/><G133/><T16/><D131/><U132/><E22/><V134/><F134/><W68/><G68/><T106/><D106/><U69/><E69/><V50/><F50/><W3/><G3/><T128/><D128/><U56/><E56/><V37/><F37/><W64/><G96/><T24/><D35/><U124/><E132/><V100/><F100/><W90/><G107/><T115/><D42/><U44/><E44/><V59/><F41/><W43/><G46/><T80/><D67/><U126/><E79/><V38/><F38/><W127/><G127/><N who="1" m="48682" /><E72/><V110/><F58/><W17/><G5/><T77/><D115/><AGARI ba="3,0" hai="93,94,113,114,115" m="48682,44585,46665" machi="115" ten="40,16000,3" yaku="28,2,13,1,18,1,34,2,52,3" doraHai="111" who="1" fromWho="0" sc="105,-169,220,169,420,0,255,0" owari="-64,-56.4,389,18.9,420,52.0,255,-14.5" /></mjloggm>