<mjloggm ver="2.3"><GO type="225" lobby="0"/><UN n0="%74%2E%6F%2E%6F%2E%73" n1="%E3%83%A9%E3%82%A4%E3%83%B3%E3%81%AE%E8%99%8E" n2="%E3%81%A4%E3%81%A3%E3%81%B1%E3%82%8A%E3%83%9D%E3%83%BC%E3%83%AB" n3="%6D%75%75%73%61%6E%6D%75" dan="18,16,17,17" rate="2155.79,2064.48,2203.21,2143.97" sx="M,M,M,F"/><TAIKYOKU oya="0"/><INIT seed="0,0,0,2,1,112" ten="250,250,250,250" oya="0" hai0="103,18,42,128,61,88,90,60,76,13,9,16,124" hai1="0,27,94,11,92,32,126,48,58,131,3,39,108" hai2="38,15,51,97,55,99,4,35,68,5,37,127,98" hai3="8,40,54,102,34,73,44,119,2,22,46,116,12"/><T89/><D128/><U80/><E39/><V24/><F127/><W93/><G34/><T74/><D124/><U75/><E126/><V1/><F68/><W33/><G33/><T123/><D123/><U113/><E108/><V122/><F1/><W69/><G73/><T77/><D103/><U30/><E131/><V84/><F122/><W91/><G69/><T63/><D42/><U121/><E121/><V117/><F84/><W114/><G114/><T115/><D115/><U36/><E0/><V19/><F38/><W125/><G125/><T72/><D72/><U134/><E134/><V120/><F37/><W100/><G2/><T118/><D118/><U49/><E49/><V45/><F120/><W43/><G22/><T133/><D133/><U78/><E113/><V70/><F70/><W47/><G54/><T130/><D130/><U96/><E36/><V87/><F117/><W57/><G57/><T106/><D106/><U50/><E58/><V71/><F71/><W132/><G132/><T25/><D74/><U26/><E26/><V129/><F87/><W10/><G46/><T28/><REACH who="0" step="1"/><D18/><REACH who="0" ten="240,250,250,250" step="2"/><U29/><E75/><V66/><F129/><W6/><G6/><T86/><D86/><U81/><E96/><V59/><F5/><W110/><G110/><T135/><D135/><U21/><E30/><N who="2" m="19911" /><F4/><W83/><G91/><T105/><D105/><U17/><E17/><V101/><F101/><W7/><G7/><T14/><D14/><U95/><E29/><V64/><F19/><W23/><G12/><T82/><D82/><N who="1" m="31851" /><E3/><V85/><F15/><W109/><G83/><RYUUKYOKU ba="0,1" sc="240,30,250,-10,250,-10,250,-10" hai0="9,13,16,25,28,60,61,63,76,77,88,89,90" /><INIT seed="0,1,1,4,5,80" ten="270,240,240,240" oya="0" hai0="17,124,38,60,5,105,4,14,108,28,103,110,41" hai1="90,19,128,111,29,2,20,50,82,40,27,22,73" hai2="55,77,116,89,129,83,68,69,104,39,84,114,70" hai3="12,52,127,93,94,57,91,34,130,49,10,92,44"/><T18/><D105/><U61/><E111/><N who="0" m="42537" /><D103/><U118/><E128/><V123/><F114/><W109/><G109/><T13/><D60/><U115/><E115/><V85/><F123/><W122/><G34/><T102/><D102/><U98/><E2/><V1/><F39/><W107/><G107/><T37/><D41/><U79/><E118/><V65/><F1/><W135/><G130/><T71/><D71/><U99/><E90/><V16/><F104/><W96/><G135/><T121/><D121/><U26/><E73/><V72/><F129/><W81/><G122/><T8/><D124/><U3/><E3/><V117/><F65/><W76/><G127/><T134/><D134/><U30/><E19/><N who="0" m="7177" /><D28/><U75/><E61/><V47/><F16/><N who="3" m="8215" /><G76/><T36/><D8/><U31/><E29/><V126/><F126/><W45/><G96/><T25/><D25/><U88/><E88/><V43/><F89/><W42/><G42/><T51/><D51/><U48/><E48/><N who="2" m="29087" /><F43/><W87/><AGARI ba="1,1" hai="44,45,49,52,57,81,87,91,92,93,94" m="8215" machi="87" ten="30,7900,0" yaku="8,1,52,1,54,2" doraHai="80" who="3" fromWho="3" sc="270,-40,240,-21,240,-21,240,92" /><INIT seed="1,0,0,4,5,116" ten="230,219,219,332" oya="1" hai0="9,101,58,97,64,122,51,44,43,20,48,120,39" hai1="47,62,83,118,42,123,45,99,133,132,89,91,25" hai2="95,88,17,46,11,33,2,130,92,134,61,1,38" hai3="19,96,30,81,106,119,14,29,98,28,110,112,90"/><U23/><E118/><V82/><F33/><W86/><G119/><T49/><D9/><U100/><E62/><V111/><F111/><W65/><G110/><T41/><D41/><U16/><E47/><V53/><F134/><N who="1" m="51817" /><E83/><V18/><F130/><W69/><G112/><T22/><D64/><U77/><E77/><V128/><F128/><W125/><G125/><T40/><D58/><U80/><E80/><V12/><F2/><W129/><G129/><T135/><D40/><U74/><E74/><V5/><F18/><W124/><G124/><T70/><D70/><U131/><E131/><V21/><F38/><W115/><G115/><T107/><REACH who="0" step="1"/><D135/><REACH who="0" ten="220,219,219,332" step="2"/><U60/><E60/><V87/><REACH who="2" step="1"/><F61/><REACH who="2" ten="220,219,209,332" step="2"/><W54/><G69/><T102/><D102/><U34/><E100/><V56/><F56/><W35/><G35/><T113/><D113/><U24/><E45/><V15/><F15/><W63/><G14/><T26/><D26/><U57/><E25/><V117/><F117/><W66/><G63/><T50/><N who="0" m="12288" /><DORA hai="52" /><T67/><D67/><U93/><E34/><V105/><F105/><W27/><G106/><T32/><D32/><U126/><E126/><V94/><F94/><W36/><G65/><T84/><D84/><U76/><E42/><V68/><F68/><W114/><G66/><T13/><D13/><U75/><E57/><V85/><F85/><W78/><G114/><T0/><D0/><U55/><E24/><V71/><F71/><W103/><G27/><T79/><D79/><U109/><E76/><V108/><F108/><W72/><G78/><T10/><D10/><RYUUKYOKU ba="0,2" sc="220,15,219,-15,209,15,332,-15" hai0="20,22,39,43,44,97,101,107,120,122" hai2="1,5,11,12,17,21,46,53,82,87,88,92,95" /><INIT seed="2,1,2,0,1,34" ten="235,204,224,317" oya="2" hai0="96,102,42,45,35,18,99,28,117,41,87,73,20" hai1="16,123,93,19,66,84,101,51,76,0,60,29,8" hai2="122,13,129,4,49,92,21,95,31,71,78,2,135" hai3="17,57,126,100,103,26,81,9,72,32,11,7,64"/><V74/><F122/><W134/><G126/><T115/><D73/><U22/><E123/><V48/><F71/><W120/><G120/><T46/><D115/><U121/><E121/><V67/><F135/><W108/><G134/><T23/><D35/><U111/><E111/><V10/><F129/><W110/><G64/><T97/><D117/><U14/><E51/><V6/><F67/><W40/><G57/><T12/><D102/><U131/><E131/><V63/><F63/><W70/><G40/><N who="0" m="15467" /><D87/><U1/><E76/><V25/><F78/><W58/><G72/><T47/><D28/><U119/><E119/><V82/><F82/><W68/><G81/><T112/><D112/><U5/><E5/><V89/><F74/><W114/><G17/><T50/><D23/><U85/><E85/><V127/><F95/><W55/><G114/><T88/><D50/><U105/><E105/><V30/><F30/><W113/><G32/><T62/><D62/><U39/><E39/><V27/><F127/><W43/><G113/><T54/><D54/><U37/><E37/><V104/><F104/><W69/><G43/><T65/><D65/><U132/><E132/><V52/><F52/><W56/><G69/><T98/><D98/><N who="1" m="59599" /><E84/><N who="2" m="52263" /><F31/><W90/><G55/><T36/><D36/><U116/><E116/><V86/><F86/><W118/><G118/><T125/><D125/><U75/><E75/><V107/><F107/><W3/><G3/><N who="1" m="1098" /><E29/><V133/><F133/><W15/><G110/><T91/><AGARI ba="1,2" hai="12,18,20,45,46,47,88,91,96,97,99" m="15467" machi="91" ten="40,2700,0" yaku="8,1,54,1" doraHai="34" who="0" fromWho="0" sc="235,50,204,-8,224,-14,317,-8" /><INIT seed="3,0,0,1,2,70" ten="285,196,210,309" oya="3" hai0="109,82,64,1,81,42,95,130,105,26,125,124,100" hai1="127,97,134,103,56,104,15,69,17,99,47,119,49" hai2="78,112,52,121,93,60,51,39,126,18,38,75,48" hai3="123,57,2,77,118,4,92,0,66,98,115,133,76"/><W128/><G115/><T54/><D1/><U16/><E69/><V22/><F112/><W23/><G118/><T79/><D64/><U21/><E127/><V11/><F126/><N who="0" m="48746" /><D26/><U61/><E134/><V59/><F121/><W71/><G71/><T36/><D54/><U67/><E119/><V3/><F78/><W27/><G123/><T108/><D95/><U13/><E103/><V31/><F75/><W33/><G33/><T72/><D82/><U30/><E30/><V25/><F93/><W68/><G68/><T83/><D83/><U50/><E104/><V84/><F3/><W35/><G35/><T40/><D130/><U131/><E131/><V6/><F84/><W74/><G128/><T24/><D24/><U65/><E65/><V20/><F31/><W63/><G133/><T5/><D5/><U14/><E50/><V111/><F22/><W96/><G92/><T117/><D117/><U120/><E120/><V102/><F102/><W9/><G2/><T101/><D42/><N who="1" m="24823" /><E14/><N who="2" m="5495" /><F38/><W10/><G4/><T8/><D8/><AGARI ba="0,0" hai="8,13,15,16,17,21,56,61,67,97,99" m="24823" machi="8" ten="30,2000,0" yaku="8,1,54,1" doraHai="70" who="1" fromWho="0" sc="285,-20,196,20,210,0,309,0" owari="265,6.5,216,-18.4,210,-29.0,309,40.9" /></mjloggm>