<mjloggm ver="2.3"><GO type="225" lobby="0"/><UN n0="%E6%97%A5%E6%9B%9C%E6%97%A5%E3%82%88%E3%82%8A%E3%81%AE%E4%BD%BF%E8%80%85" n1="%48%61%61%61%6C%61%6E%64" n2="%E3%81%BF%E3%81%BF%E3%81%9A" n3="%72%69%6F%75%63%68%61%6E" dan="17,18,16,16" rate="2130.87,2219.82,2181.13,2171.72" sx="M,M,M,M"/><TAIKYOKU oya="0"/><INIT seed="0,0,0,3,5,135" ten="250,250,250,250" oya="0" hai0="30,67,55,84,0,29,92,33,11,43,39,13,94" hai1="105,87,24,81,58,110,66,126,12,36,131,21,5" hai2="120,41,130,108,3,71,100,19,18,52,93,97,2" hai3="127,125,128,115,23,109,45,31,59,25,98,123,46"/><T40/><D0/><U134/><E134/><V112/><F120/><W121/><G115/><T44/><D33/><U79/><E131/><V116/><F112/><W111/><G128/><T68/><D68/><U118/><E118/><V107/><F108/><N who="3" m="41547" /><G59/><T1/><D1/><U63/><E110/><V122/><F71/><W4/><G4/><N who="0" m="3303" /><D67/><U102/><E36/><V74/><F41/><N who="0" m="15946" /><D39/><U99/><E5/><V61/><F52/><W133/><G133/><T57/><D44/><N who="3" m="17001" /><G98/><T54/><D54/><U91/><E66/><V38/><F97/><W60/><G60/><N who="0" m="35903" /><D84/><U86/><E63/><V78/><F74/><W9/><G9/><T7/><D7/><U72/><E58/><V35/><F38/><W6/><G6/><T22/><D22/><U106/><E86/><V32/><F35/><W15/><G15/><T8/><D8/><U73/><E12/><V50/><F32/><W65/><G65/><T48/><D48/><U51/><E51/><V37/><F50/><W124/><AGARI ba="0,0" hai="23,25,31,121,123,124,125,127" m="17001,41547" machi="124" ten="40,8000,1" yaku="18,1,14,1,52,3" doraHai="135" who="3" fromWho="3" sc="250,-40,250,-20,250,-20,250,80" /><INIT seed="1,0,0,3,3,58" ten="210,230,230,330" oya="1" hai0="16,66,88,114,78,15,38,98,64,80,101,105,96" hai1="14,30,120,2,116,122,93,26,108,79,92,59,4" hai2="25,49,75,12,46,132,109,41,118,91,51,113,13" hai3="19,23,6,119,82,20,81,124,8,57,1,34,7"/><U27/><E116/><V48/><F118/><W129/><G119/><T128/><D38/><U72/><E2/><V87/><F75/><W135/><G34/><T29/><D29/><U90/><E108/><V42/><F109/><W0/><G129/><T55/><D55/><U133/><E133/><V63/><F132/><W18/><G135/><T94/><D128/><U89/><E72/><V71/><F113/><W123/><G124/><T65/><D114/><U40/><E79/><V74/><F74/><W22/><G57/><T70/><D70/><U99/><E40/><V17/><F71/><W100/><G100/><T9/><REACH who="0" step="1"/><D65/><REACH who="0" ten="200,230,230,330" step="2"/><U67/><E30/><V45/><F49/><W112/><G112/><T62/><D62/><N who="1" m="38367" /><E122/><V60/><F25/><W36/><G36/><T102/><D102/><U53/><E120/><V68/><F68/><W130/><G130/><T106/><D106/><U61/><E26/><V97/><F97/><W104/><G104/><T85/><AGARI ba="0,1" hai="9,15,16,64,66,78,80,85,88,94,96,98,101,105" machi="85" ten="20,8000,1" yaku="1,1,0,1,7,1,54,2,53,0" doraHai="58" doraHaiUra="69" who="0" fromWho="0" sc="200,90,230,-40,230,-20,330,-20" /><INIT seed="2,0,0,0,2,77" ten="290,190,210,310" oya="2" hai0="113,67,107,6,41,16,116,74,12,36,75,30,93" hai1="129,46,39,73,40,49,94,132,18,133,117,19,114" hai2="45,68,122,109,96,85,128,101,43,78,112,21,13" hai3="31,60,50,24,69,47,54,17,66,86,52,98,81"/><V34/><F122/><W32/><G17/><T91/><D107/><U5/><E114/><V104/><F34/><W110/><G110/><T118/><D6/><U64/><E117/><N who="0" m="45161" /><D30/><U87/><E73/><V14/><F112/><W59/><G98/><N who="0" m="57663" /><D67/><U99/><E5/><V28/><F68/><W126/><G126/><T2/><D2/><U71/><E129/><V38/><F128/><W4/><G4/><T61/><D61/><N who="1" m="40335" /><E39/><V58/><F109/><W55/><REACH who="3" step="1"/><G69/><REACH who="3" ten="290,190,210,300" step="2"/><T82/><D113/><U63/><E18/><V7/><F7/><W27/><G27/><T42/><D36/><U65/><E19/><V103/><F103/><W95/><G95/><T33/><D33/><U25/><E25/><V3/><F28/><W8/><G8/><N who="0" m="6151" /><D74/><U134/><E99/><V9/><F21/><W102/><G102/><T35/><D35/><U70/><E94/><V53/><F9/><W130/><G130/><T121/><D121/><U124/><E87/><V89/><F104/><W76/><AGARI ba="0,1" hai="24,31,32,47,50,52,54,55,59,60,66,76,81,86" machi="76" ten="20,12000,2" yaku="1,1,0,1,7,1,52,1,54,1,53,1" doraHai="77" doraHaiUra="72" who="3" fromWho="3" sc="290,-30,190,-30,210,-60,300,130" /><INIT seed="3,0,0,5,0,88" ten="260,160,150,430" oya="3" hai0="19,3,18,107,22,75,98,26,116,89,134,58,57" hai1="120,44,90,62,41,65,13,49,12,71,14,7,31" hai2="33,113,122,109,70,130,94,102,11,56,117,27,85" hai3="114,36,76,74,124,135,125,82,6,96,61,81,105"/><W35/><G114/><T17/><D3/><U103/><E120/><V32/><F117/><W73/><G35/><T0/><D0/><U106/><E31/><V77/><F113/><W10/><G36/><T21/><D75/><U95/><E103/><V111/><F70/><W2/><G135/><T1/><D1/><U97/><REACH who="1" step="1"/><E106/><REACH who="1" ten="260,150,150,430" step="2"/><V67/><F122/><W40/><G105/><T99/><D107/><U66/><E66/><V5/><F130/><W54/><G40/><T121/><D121/><U69/><E69/><V110/><F27/><W91/><G96/><T30/><D99/><U112/><E112/><V34/><F102/><W64/><G54/><T80/><D98/><U51/><E51/><V24/><F24/><W104/><G104/><T133/><D30/><U15/><E15/><V45/><F45/><W78/><G91/><T4/><D26/><U46/><E46/><V79/><F56/><AGARI ba="0,1" hai="2,6,10,56,61,64,73,74,76,78,81,82,124,125" machi="56" ten="40,2000,0" yaku="9,1" doraHai="88" who="3" fromWho="2" sc="260,0,150,0,150,-20,430,30" owari="260,6.0,150,-25.0,130,-37.0,460,56.0" /></mjloggm>