<mjloggm ver="2.3"><GO type="225" lobby="0"/><UN n0="%E7%99%BD%E6%97%A5%E9%9B%AA%E8%8F%9C" n1="%E5%8D%A0%E3%81%84%E5%B8%AB%E8%A3%8F%E3%81%AA%E3%81%84%E3%81%97" n2="%72%69%6F%75%63%68%61%6E" n3="%E3%81%8B%E3%82%8F%E3%81%A1%E3%82%83%E3%82%93%35%38" dan="17,17,16,17" rate="2180.70,2199.77,2214.58,2207.69" sx="M,M,M,M"/><TAIKYOKU oya="0"/><INIT seed="0,0,0,0,2,122" ten="250,250,250,250" oya="0" hai0="132,126,19,46,125,74,3,65,81,124,32,20,36" hai1="58,127,103,121,35,2,108,123,61,56,40,43,83" hai2="52,24,115,113,6,105,45,4,78,47,118,101,77" hai3="51,38,110,67,26,82,70,60,84,11,17,91,27"/><T22/><D32/><U64/><E2/><V90/><F118/><W7/><G38/><T117/><D117/><U72/><E35/><V63/><F24/><W120/><G120/><T92/><D3/><U112/><E127/><V80/><F90/><W16/><G26/><T37/><D132/><U44/><E103/><V134/><F134/><W104/><G104/><T86/><D65/><U93/><E93/><V89/><F89/><W73/><G73/><T111/><D74/><U42/><E112/><V29/><F29/><W85/><G85/><T21/><D92/><U95/><E108/><V96/><F115/><W135/><G135/><T41/><D111/><U130/><E95/><V129/><F129/><W33/><G51/><T97/><D97/><U1/><E1/><V116/><F116/><W5/><G110/><T14/><REACH who="0" step="1"/><D37/><REACH who="0" ten="240,250,250,250" step="2"/><U59/><E72/><V128/><F113/><W107/><G107/><T0/><D0/><U39/><E83/><V79/><F80/><W114/><G114/><T75/><D75/><U9/><E123/><V71/><F128/><W88/><G33/><T10/><D10/><U69/><E9/><V119/><F119/><W15/><REACH who="3" step="1"/><G91/><AGARI ba="0,1" hai="14,19,20,21,22,36,41,46,81,86,91,124,125,126" machi="91" ten="40,7700,0" yaku="1,1,18,1,53,1" doraHai="122" doraHaiUra="87" who="0" fromWho="3" sc="240,87,250,0,250,0,250,-77" /><INIT seed="0,1,0,5,2,49" ten="327,250,250,173" oya="0" hai0="111,131,12,60,122,78,108,52,0,77,29,39,38" hai1="45,8,91,100,121,69,46,114,25,56,90,1,74" hai2="35,129,31,65,34,119,88,112,120,51,103,36,37" hai3="54,30,98,4,97,10,126,68,62,6,32,7,70"/><T105/><D0/><U18/><E69/><V83/><F120/><W48/><G126/><T50/><D122/><U86/><E121/><V64/><F112/><W104/><G10/><T96/><D131/><U20/><E74/><V89/><F103/><W117/><G117/><T95/><D105/><U110/><E110/><N who="0" m="42025" /><D29/><U47/><E100/><V92/><F129/><W87/><G87/><T133/><D133/><U13/><E1/><V102/><F119/><W132/><G132/><T42/><D60/><U113/><E56/><V23/><F35/><W28/><G28/><T58/><D12/><U109/><E109/><V124/><F34/><W128/><G128/><T80/><D42/><U21/><E21/><V3/><F3/><W79/><G79/><N who="0" m="30219" /><D80/><U85/><E85/><N who="2" m="50239" /><F124/><W130/><G130/><T15/><D15/><U40/><E86/><N who="2" m="52279" /><F102/><AGARI ba="1,0" hai="38,39,50,52,58,95,96,102" m="30219,42025" machi="102" ten="30,11600,0" yaku="14,1,10,1,52,1,54,1" doraHai="49" who="0" fromWho="2" sc="327,119,250,0,250,-119,173,0" /><INIT seed="0,2,0,3,5,38" ten="446,250,131,173" oya="0" hai0="50,67,132,27,40,96,22,102,73,33,75,13,52" hai1="24,14,129,126,99,21,81,77,97,44,6,10,0" hai2="90,26,112,109,39,5,131,34,133,2,107,111,63" hai3="64,41,4,121,58,84,1,100,69,87,105,23,118"/><T72/><D132/><U51/><E126/><V28/><F112/><W53/><G118/><T116/><D116/><U49/><E0/><V94/><F107/><W95/><G105/><T29/><D67/><U54/><E49/><V117/><F117/><W36/><G121/><T35/><D40/><U122/><E129/><V125/><F125/><W86/><G1/><T114/><D13/><U19/><REACH who="1" step="1"/><E122/><REACH who="1" ten="446,240,131,173" step="2"/><V110/><F2/><W30/><G36/><T106/><REACH who="0" step="1"/><D114/><REACH who="0" ten="436,240,131,173" step="2"/><U57/><E57/><AGARI ba="2,2" hai="22,27,29,33,35,50,52,57,72,73,75,96,102,106" machi="57" ten="40,12000,1" yaku="1,1,2,1,54,1,53,1" doraHai="38" doraHaiUra="103" who="0" fromWho="1" sc="436,146,240,-126,131,0,173,0" /><INIT seed="0,3,0,2,3,85" ten="582,114,131,173" oya="0" hai0="104,82,111,134,32,64,58,51,84,71,98,24,40" hai1="22,8,0,35,6,13,34,114,28,18,21,45,49" hai2="30,43,14,10,4,20,59,52,81,107,117,92,67" hai3="101,124,62,16,132,26,11,66,99,50,97,25,5"/><T83/><D134/><U128/><E49/><V100/><F107/><W105/><G124/><T131/><D131/><U36/><E45/><V60/><F117/><W113/><G113/><T80/><D71/><U57/><E57/><V121/><F121/><W120/><G132/><T122/><D122/><U53/><E53/><V23/><F43/><W41/><G120/><T31/><D111/><U78/><E78/><V135/><F135/><W115/><G115/><T86/><D64/><U38/><E38/><V39/><F39/><W68/><G99/><T89/><D40/><U3/><E36/><V118/><F118/><W9/><G25/><T76/><D76/><U119/><E119/><V2/><F2/><N who="1" m="553" /><E128/><V54/><F81/><W96/><G96/><T15/><D15/><N who="1" m="5527" /><E114/><V47/><F30/><W77/><G77/><T109/><D104/><U75/><E75/><V133/><F133/><W129/><G129/><T73/><D73/><U123/><E123/><V27/><F47/><W42/><G50/><T125/><D51/><U69/><E69/><V106/><F106/><W110/><G110/><T127/><D109/><U37/><E37/><V112/><F112/><W65/><G65/><T130/><D58/><U93/><E93/><V17/><F23/><N who="3" m="13671" /><G11/><T7/><D130/><U74/><E74/><V79/><F79/><W87/><G87/><T103/><D86/><U88/><E88/><V70/><F70/><W1/><G42/><T63/><D84/><U102/><E102/><V95/><F100/><N who="3" m="62607" /><G41/><T116/><D116/><U55/><E55/><AGARI ba="3,0" hai="4,10,14,17,20,27,52,54,55,59,60,67,92,95" machi="55" ten="40,2600,0" yaku="8,1,54,1" doraHai="85" who="2" fromWho="1" sc="582,0,114,-35,131,35,173,0" /><INIT seed="1,0,0,0,5,39" ten="582,79,166,173" oya="1" hai0="45,71,126,26,99,16,50,101,5,52,18,92,84" hai1="54,87,22,69,32,63,4,116,135,90,58,127,46" hai2="130,118,68,20,24,6,100,62,85,102,78,105,124" hai3="91,66,88,36,73,80,79,117,2,29,38,13,75"/><U19/><E116/><V21/><F118/><W65/><G2/><T109/><D71/><U34/><E69/><V61/><F124/><W114/><G117/><T104/><D126/><U56/><E127/><V119/><F119/><W129/><G29/><T17/><D5/><U82/><E135/><V122/><F122/><W9/><G114/><T47/><D109/><U131/><E131/><V37/><F130/><W12/><G129/><T128/><D128/><U10/><E56/><V108/><F108/><W94/><G94/><T125/><D125/><U1/><REACH who="1" step="1"/><E46/><REACH who="1" ten="582,69,166,173" step="2"/><V53/><F68/><W72/><G65/><T55/><D45/><U106/><E106/><V97/><F105/><W120/><G66/><T70/><D70/><U3/><E3/><V25/><F62/><W74/><G120/><T43/><D104/><U115/><E115/><V35/><F61/><W132/><G132/><T49/><D47/><U44/><E44/><V76/><F35/><W31/><G74/><T113/><D113/><U96/><E96/><V112/><F97/><W60/><G75/><T57/><D57/><U103/><E103/><V28/><F102/><W111/><G73/><T15/><D101/><U98/><E98/><V95/><F100/><W42/><G72/><T93/><D99/><U83/><E83/><V30/><F112/><W133/><G133/><T27/><D93/><U64/><E64/><V41/><F95/><W67/><G67/><T89/><D92/><U81/><E81/><V33/><F33/><W23/><G80/><T51/><D51/><U7/><E7/><V11/><F6/><RYUUKYOKU ba="0,1" sc="582,-10,69,30,166,-10,173,-10" hai1="1,4,10,19,22,32,34,54,58,63,82,87,90" /><INIT seed="1,1,1,4,3,108" ten="572,99,156,163" oya="1" hai0="69,50,113,120,84,89,41,43,49,5,110,18,26" hai1="10,122,132,36,104,86,23,103,123,65,105,2,29" hai2="47,134,129,72,112,21,87,16,13,130,24,81,83" hai3="45,32,106,78,116,77,70,31,0,102,71,124,59"/><U67/><E36/><V35/><F134/><W20/><G0/><T9/><D69/><U96/><E132/><V127/><F127/><W82/><G32/><T19/><D110/><U76/><E104/><V27/><F35/><W61/><G124/><T60/><D60/><U126/><E126/><V55/><F72/><W95/><G116/><T33/><D120/><U14/><E2/><V92/><F92/><W91/><G106/><T46/><D113/><U97/><E123/><V94/><F94/><W99/><G102/><T48/><D26/><N who="2" m="9770" /><F87/><W66/><G20/><T115/><D115/><U111/><E122/><V109/><F109/><W85/><G31/><T80/><D33/><U74/><E74/><V7/><F7/><W73/><REACH who="3" step="1"/><G45/><REACH who="3" ten="572,99,156,153" step="2"/><T135/><D46/><U17/><E111/><V34/><F34/><W51/><G51/><T119/><D119/><U1/><E105/><V79/><F112/><W39/><G39/><T28/><D28/><U93/><E29/><V131/><F79/><W68/><G68/><T22/><D22/><U63/><E63/><V3/><F3/><W90/><G90/><T88/><D89/><U101/><E101/><V6/><F6/><W57/><G57/><T42/><D135/><U117/><E117/><V53/><F47/><W4/><G4/><T30/><D30/><U25/><E1/><V100/><F100/><W64/><G64/><N who="1" m="24650" /><E103/><V75/><F75/><W44/><G44/><T62/><D62/><U52/><E52/><AGARI ba="1,2" hai="13,16,21,52,53,55,81,83,129,130,131" m="9770" machi="52" ten="40,5200,0" yaku="19,1,54,2" doraHai="108" who="2" fromWho="1" sc="572,0,99,-55,156,75,153,0" /><INIT seed="2,0,0,3,4,16" ten="572,44,231,153" oya="2" hai0="69,12,0,30,34,78,44,55,9,18,8,120,81" hai1="43,63,32,4,82,74,102,53,11,86,87,112,73" hai2="94,133,71,36,70,110,35,68,5,27,23,77,64" hai3="103,125,128,40,91,37,106,46,10,49,13,116,38"/><V65/><F133/><W97/><G116/><T72/><D120/><U76/><E112/><V19/><F36/><W90/><G125/><T100/><D69/><U25/><E43/><V7/><F110/><W126/><G126/><T59/><D100/><U22/><E32/><V58/><F35/><W29/><G128/><T98/><D98/><U48/><E102/><V1/><F77/><W132/><G132/><T121/><D44/><U95/><E63/><V2/><F94/><W42/><G29/><T114/><D114/><U127/><E127/><V85/><F85/><W57/><G57/><T79/><D79/><U129/><E129/><V41/><F41/><W89/><REACH who="3" step="1"/><G42/><REACH who="3" ten="572,44,231,143" step="2"/><T124/><D124/><U3/><E95/><V54/><F65/><W21/><G21/><T107/><D121/><U15/><E74/><V93/><F64/><W119/><G119/><T88/><D30/><U92/><E92/><V113/><F113/><W96/><G96/><T108/><D107/><U52/><E3/><V134/><F134/><W130/><G130/><T111/><D34/><U131/><E131/><V45/><F1/><W17/><AGARI ba="0,1" hai="10,13,17,37,38,40,46,49,89,90,91,97,103,106" machi="17" ten="30,2000,0" yaku="1,1,0,1,53,0" doraHai="16" doraHaiUra="60" who="3" fromWho="3" sc="572,-5,44,-5,231,-10,143,30" /><INIT seed="3,0,0,3,4,2" ten="567,39,221,173" oya="3" hai0="93,71,108,83,36,109,94,77,1,100,80,22,40" hai1="114,3,82,28,7,32,39,67,85,31,88,130,20" hai2="37,123,38,133,15,21,112,69,135,59,127,14,121" hai3="132,97,45,48,12,5,90,111,63,89,86,95,118"/><W107/><G107/><T42/><D71/><U24/><E114/><V17/><F69/><W87/><G87/><BYE who="3" /><T30/><D1/><U43/><E130/><V78/><F112/><W49/><G49/><T55/><D36/><N who="2" m="13930" /><F78/><W29/><G29/><T72/><D55/><U117/><E117/><V92/><F127/><W131/><G131/><T116/><D116/><U74/><E67/><V96/><F59/><W26/><G26/><T62/><D62/><U64/><E64/><V65/><F14/><W68/><G68/><T105/><D30/><U27/><E74/><V119/><F119/><W73/><G73/><T103/><D72/><U120/><E120/><N who="2" m="46155" /><F65/><W126/><G126/><T129/><D77/><U81/><E81/><V54/><F54/><W46/><G46/><T6/><D105/><U58/><E58/><V41/><F41/><W122/><G122/><T125/><D125/><U102/><E102/><AGARI ba="0,0" hai="15,17,21,92,96,102,133,135" m="46155,13930" machi="102" ten="30,1000,0" yaku="13,1" doraHai="2" who="2" fromWho="1" sc="567,0,39,-10,221,10,173,0" owari="567,66.7,29,-47.1,231,3.1,173,-22.7" /></mjloggm>