<mjloggm ver="2.3"><GO type="225" lobby="0"/><UN n0="%E7%9C%BC%E7%A7%91%E5%8C%BB" n1="%E4%BF%BA%E3%81%A8%E5%A6%96%E5%A4%A2" n2="%77%72%77%72%77%72%77%72" n3="%E7%89%B9%E6%9D%B1%E3%81%AF%E4%B8%96%E7%95%8C%E3%82%92%E6%95%91%E3%81%86" dan="16,17,17,16" rate="2099.29,2213.64,2232.00,2138.08" sx="M,F,M,M"/><TAIKYOKU oya="0"/><INIT seed="0,0,0,2,1,35" ten="250,250,250,250" oya="0" hai0="55,98,41,16,66,43,95,87,88,21,113,36,131" hai1="32,69,54,79,26,100,71,33,75,97,7,104,129" hai2="18,83,112,101,5,14,64,61,29,58,48,65,119" hai3="121,84,102,31,72,63,128,50,30,34,56,6,110"/><T1/><D113/><U91/><E129/><V86/><F112/><W116/><G72/><T85/><D131/><U42/><E42/><N who="0" m="15881" /><D1/><U47/><E79/><V28/><F119/><W92/><G128/><T8/><D36/><U77/><E77/><V93/><F5/><W114/><G114/><T38/><D38/><U108/><E75/><V68/><F68/><W39/><G39/><T78/><D66/><U109/><E91/><V118/><F118/><W76/><G121/><T81/><D55/><U60/><E7/><V80/><F64/><W17/><G34/><T46/><D46/><U4/><E4/><V111/><F48/><W23/><G6/><T59/><D59/><N who="1" m="34935" /><E47/><V82/><F111/><N who="1" m="42569" /><E33/><V117/><F117/><W90/><G116/><T130/><D130/><U44/><E44/><V105/><F105/><W115/><G115/><T125/><D125/><U51/><E51/><V89/><REACH who="2" step="1"/><F101/><REACH who="2" ten="250,250,240,250" step="2"/><W12/><G50/><T74/><D74/><U3/><E3/><V11/><AGARI ba="0,1" hai="11,14,18,28,29,58,61,65,80,82,83,86,89,93" machi="11" ten="30,7900,0" yaku="1,1,2,1,0,1,8,1,53,0" doraHai="35" doraHaiUra="96" who="2" fromWho="2" sc="250,-39,250,-20,240,89,250,-20" /><INIT seed="1,0,0,3,4,53" ten="211,230,329,230" oya="1" hai0="122,65,27,113,78,47,124,93,110,5,4,77,56" hai1="73,10,38,35,3,28,72,103,118,132,131,13,100" hai2="97,25,16,105,31,17,119,42,20,60,102,92,46" hai3="107,76,6,80,0,7,135,115,128,112,79,89,1"/><U88/><E118/><V74/><F119/><W12/><G107/><T45/><D113/><U15/><E38/><V81/><F105/><W108/><G89/><T84/><D110/><U43/><E43/><V116/><F116/><W34/><G34/><T70/><D70/><U82/><E3/><V59/><F81/><W2/><G108/><T71/><D71/><U32/><E131/><V101/><F74/><W66/><G66/><T63/><D124/><U87/><E132/><V68/><F68/><W75/><G128/><T64/><D64/><U24/><E35/><V120/><F102/><W96/><G96/><T50/><D122/><U57/><E13/><V41/><F120/><W30/><G30/><T21/><D47/><U90/><E90/><V23/><F46/><W29/><G29/><T67/><D67/><U95/><E57/><V98/><F98/><W69/><G69/><T104/><D104/><U55/><E55/><N who="2" m="33919" /><F31/><W40/><G40/><N who="0" m="24871" /><D93/><U49/><E49/><V8/><F8/><N who="3" m="4127" /><G135/><T22/><D22/><U99/><REACH who="1" step="1"/><E103/><REACH who="1" ten="211,220,329,230" step="2"/><V129/><F129/><W134/><G134/><T109/><D109/><U51/><E51/><V37/><F37/><W18/><G115/><T83/><D78/><U62/><E62/><V26/><AGARI ba="0,1" hai="16,17,20,23,25,26,41,42,92,97,101" m="33919" machi="26" ten="30,4000,0" yaku="8,1,52,1,54,1" doraHai="53" who="2" fromWho="2" sc="211,-10,220,-20,329,50,230,-10" /><INIT seed="2,0,0,4,2,97" ten="201,200,379,220" oya="2" hai0="29,2,5,58,61,108,70,55,114,120,135,86,59" hai1="40,80,75,26,74,22,34,109,18,126,83,36,43" hai2="112,106,102,134,16,81,63,124,113,94,10,99,30" hai3="65,60,67,33,41,98,133,84,71,104,32,123,25"/><V49/><F30/><W105/><G123/><T51/><D120/><U85/><E109/><V50/><F134/><W9/><G133/><T4/><D135/><U44/><E126/><V122/><F124/><W128/><G128/><T20/><D114/><U89/><E34/><V131/><F131/><W111/><G111/><T56/><D108/><U130/><E130/><V27/><F122/><W37/><G65/><T12/><D2/><U73/><REACH who="1" step="1"/><E43/><REACH who="1" ten="201,190,379,220" step="2"/><V66/><F113/><W88/><G33/><T19/><D29/><U121/><E121/><V90/><F112/><W52/><G32/><T68/><D86/><U107/><E107/><V38/><F106/><W1/><G41/><T24/><D68/><U101/><E101/><V54/><F102/><W100/><G105/><T17/><D70/><U57/><E57/><V11/><F66/><W72/><G67/><N who="0" m="39335" /><D59/><U103/><E103/><V8/><F38/><W115/><G37/><T119/><D119/><U69/><E69/><V45/><F45/><W125/><G71/><T132/><D132/><U53/><E53/><V87/><F54/><W13/><G125/><T62/><D62/><U42/><E42/><V77/><F63/><W96/><G115/><T35/><D35/><U47/><E47/><V95/><F50/><W23/><G104/><T15/><D15/><U118/><E118/><V93/><F49/><W48/><G60/><T91/><D91/><U28/><E28/><V14/><F14/><W46/><G88/><T39/><D39/><U3/><E3/><V31/><F31/><N who="3" m="17855" /><G1/><T64/><D64/><U6/><E6/><RYUUKYOKU ba="0,1" sc="201,10,190,10,379,10,220,-30" hai0="4,5,12,17,19,20,24,51,55,58" hai1="18,22,26,36,40,44,73,74,75,80,83,85,89" hai2="8,10,11,16,27,77,81,87,90,93,94,95,99" /><INIT seed="2,1,1,5,4,4" ten="211,200,389,190" oya="2" hai0="79,20,21,27,68,56,59,63,10,108,120,135,7" hai1="67,47,8,16,76,124,72,14,132,127,69,83,123" hai2="130,22,81,62,84,46,61,12,114,29,101,78,53" hai3="96,91,17,117,24,40,116,73,34,128,18,64,41"/><V85/><F114/><W80/><G64/><T86/><D120/><U57/><E123/><V70/><F70/><W37/><G128/><T93/><D108/><U13/><E69/><V23/><F130/><W25/><G117/><T15/><D135/><U126/><E132/><V33/><F33/><W58/><G116/><T118/><D118/><U65/><E57/><V3/><F3/><W88/><G73/><T104/><D104/><U77/><E77/><V95/><F29/><W55/><G37/><T106/><D106/><U44/><REACH who="1" step="1"/><E14/><REACH who="1" ten="211,190,389,190" step="2"/><V82/><F12/><W94/><G41/><T112/><D68/><U115/><E115/><V11/><F78/><W107/><G40/><T133/><D59/><U51/><E51/><V89/><F61/><N who="3" m="36063" /><G107/><T19/><D133/><U129/><E129/><V28/><F62/><W97/><G34/><T100/><D112/><U71/><E71/><V122/><F122/><W2/><G2/><T49/><D49/><U125/><N who="1" m="31744" /><DORA hai="9" /><U32/><E32/><V110/><F110/><W119/><G119/><T102/><D79/><U103/><E103/><V43/><F101/><W74/><G74/><T111/><D111/><U109/><E109/><V105/><F43/><W42/><G42/><T0/><D56/><U39/><E39/><V38/><F38/><W36/><G36/><T99/><D63/><U6/><E6/><V66/><F105/><W90/><G91/><T26/><D100/><U30/><E30/><V31/><F28/><W50/><G50/><T48/><D48/><U131/><E131/><V134/><F31/><W5/><G5/><RYUUKYOKU ba="1,2" sc="211,-10,190,30,389,-10,190,-10" hai1="8,13,16,44,47,65,67,72,76,83" /><INIT seed="3,2,2,1,2,87" ten="201,220,379,180" oya="3" hai0="114,60,81,79,126,18,93,71,130,70,129,28,8" hai1="44,85,10,14,22,95,111,30,3,33,109,53,116" hai2="9,84,2,26,73,103,7,89,98,51,75,55,5" hai3="48,88,76,67,12,37,1,49,23,41,121,74,128"/><W47/><G121/><T97/><D126/><U110/><E116/><V134/><F7/><W24/><G1/><T86/><D28/><U20/><E3/><V62/><F62/><W50/><G128/><N who="0" m="49259" /><D114/><U58/><E44/><V113/><F134/><W82/><G67/><T11/><D60/><N who="1" m="35919" /><E85/><V54/><F54/><W91/><REACH who="3" step="1"/><G12/><REACH who="3" ten="201,220,379,170" step="2"/><N who="0" m="7431" /><D11/><U120/><E120/><V19/><F2/><W66/><G66/><T45/><D45/><U27/><E95/><V125/><F125/><W123/><G123/><T43/><D43/><U107/><E107/><V31/><F113/><W65/><G65/><T59/><D59/><U68/><E68/><V29/><F55/><W64/><G64/><T78/><D78/><U16/><AGARI ba="2,3" hai="10,14,16,20,22,27,30,33,109,110,111" m="35919" machi="16" ten="30,2000,0" yaku="14,1,54,1" doraHai="87" who="1" fromWho="1" sc="201,-7,220,56,379,-7,170,-12" owari="194,-20.6,276,7.6,372,47.2,158,-34.2" /></mjloggm>