<mjloggm ver="2.3"><GO type="225" lobby="0"/><UN n0="%73%6C%69%63%6B%33%31%39" n1="%E3%81%A1%E3%82%85%E3%81%86%E3%81%A9%E3%81%8F%E8%B1%A1%E3%81%95%E3%82%93" n2="%E5%B8%86%E7%AB%8B%E5%A4%8F%E8%A1%A3" n3="%E3%83%9E%E3%82%AB%E3%83%92%E3%82%AD" dan="17,17,17,16" rate="2207.51,2198.03,2146.90,2089.90" sx="M,M,M,M"/><TAIKYOKU oya="0"/><INIT seed="0,0,0,3,4,44" ten="250,250,250,250" oya="0" hai0="87,104,49,131,110,55,3,78,128,96,98,7,1" hai1="67,127,111,24,79,9,109,130,26,86,4,57,77" hai2="135,56,129,66,32,58,23,47,120,21,122,108,8" hai3="14,97,89,38,117,40,10,115,59,37,41,88,70"/><T107/><D87/><U28/><E130/><N who="0" m="49705" /><D78/><U27/><E28/><V35/><F129/><W25/><G115/><T116/><D116/><U45/><E127/><V73/><F73/><W124/><G124/><T133/><D133/><U19/><E19/><V106/><F106/><N who="0" m="40490" /><D110/><N who="1" m="41995" /><E86/><V101/><F108/><W2/><G70/><T39/><D39/><U81/><E45/><V64/><F47/><W134/><G134/><T42/><D42/><U102/><E102/><V75/><F75/><W16/><G2/><N who="0" m="523" /><D7/><U80/><E4/><V36/><F36/><W76/><G117/><T84/><D84/><N who="1" m="48143" /><E9/><V52/><F8/><W72/><G38/><T113/><D113/><U71/><E71/><V132/><REACH who="2" step="1"/><F101/><REACH who="2" ten="250,250,240,250" step="2"/><W82/><G37/><T22/><D22/><U93/><E24/><V91/><F91/><W68/><G89/><T13/><D13/><U61/><E26/><V18/><F18/><W125/><G125/><T30/><D30/><U46/><E27/><V6/><F6/><W74/><G74/><T54/><D49/><U43/><E46/><V5/><F5/><W121/><G88/><T53/><AGARI ba="0,1" hai="53,54,55,96,98" m="523,40490,49705" machi="53" ten="40,7800,0" yaku="28,2,19,1" doraHai="44" who="0" fromWho="0" sc="250,88,250,-26,240,-26,250,-26" /><INIT seed="0,1,0,4,3,67" ten="338,224,214,224" oya="0" hai0="43,54,121,36,88,100,78,99,98,60,27,92,41" hai1="50,12,87,42,25,32,23,46,131,9,105,129,85" hai2="30,118,113,84,4,72,125,34,55,74,28,3,114" hai3="115,83,22,31,101,1,107,11,126,17,64,19,122"/><T120/><D27/><U33/><E105/><V6/><F125/><W57/><G115/><T134/><D54/><U63/><E63/><V79/><F55/><W58/><G126/><T133/><D60/><U62/><E62/><V94/><F118/><W76/><G31/><T77/><D36/><U47/><E23/><V109/><F94/><W75/><G122/><N who="0" m="47211" /><D41/><U123/><E123/><V14/><F84/><W71/><G107/><N who="0" m="63895" /><D43/><U70/><E70/><V65/><F65/><W35/><G101/><T51/><D51/><U16/><E47/><V102/><F102/><W69/><G35/><N who="1" m="13386" /><E25/><V90/><F34/><W21/><G1/><T52/><D52/><U97/><E97/><V73/><F3/><W130/><G11/><T10/><D10/><U95/><E95/><V81/><F30/><W39/><G39/><T89/><D89/><U49/><E49/><V128/><F90/><W82/><G58/><T24/><D24/><U5/><E5/><V86/><F28/><W80/><G57/><T132/><AGARI ba="1,0" hai="77,78,88,92,99,132,133,134" m="63895,47211" machi="132" ten="40,12000,1" yaku="20,1,34,2,54,1" doraHai="67" who="0" fromWho="0" sc="338,123,224,-41,214,-41,224,-41" /><INIT seed="0,2,0,0,3,23" ten="461,183,173,183" oya="0" hai0="91,28,13,77,106,57,2,25,67,123,135,54,73" hai1="72,43,55,130,113,76,39,101,12,115,64,126,95" hai2="22,3,17,1,58,35,41,5,124,119,53,46,84" hai3="125,105,110,75,128,111,102,62,59,80,29,112,79"/><T49/><D123/><U132/><E76/><V15/><F124/><W71/><G112/><T30/><D2/><U98/><E72/><V7/><F119/><W10/><G125/><T85/><D106/><U81/><E81/><V129/><F129/><W78/><G128/><T87/><D135/><U107/><E126/><V0/><F35/><W11/><G79/><T99/><D73/><U20/><E130/><V103/><F103/><W127/><G127/><T88/><D77/><U32/><E32/><V44/><F84/><W86/><G86/><T14/><D99/><U36/><E64/><V68/><F68/><W4/><G71/><T42/><D42/><U63/><E107/><V96/><F44/><W45/><G45/><T48/><D67/><U131/><E131/><V109/><F96/><W117/><G117/><T134/><D134/><U27/><E12/><V34/><F34/><W74/><G29/><T9/><D49/><U70/><E43/><V18/><F18/><W94/><G105/><T16/><D14/><U133/><E55/><V24/><F15/><W121/><G74/><T51/><D51/><U61/><E70/><V33/><F33/><W92/><G121/><T60/><D60/><N who="1" m="23115" /><E133/><V118/><F118/><W108/><G102/><T83/><D25/><U56/><E56/><V40/><F40/><W114/><G114/><N who="1" m="43530" /><E132/><V6/><F41/><W100/><G100/><T122/><D122/><U37/><E39/><V66/><F66/><N who="3" m="39263" /><G11/><T21/><D9/><U38/><E37/><V19/><F46/><W120/><G120/><T69/><D69/><U89/><E101/><RYUUKYOKU ba="2,0" sc="461,10,183,10,173,-30,183,10" hai0="13,16,21,28,30,48,54,57,83,85,87,88,91" hai1="20,27,36,38,89,95,98" hai3="4,10,75,78,80,92,94,108,110,111" /><INIT seed="0,3,0,2,5,60" ten="471,193,143,193" oya="0" hai0="45,119,44,1,22,132,38,102,58,79,32,93,91" hai1="65,62,85,54,28,63,114,108,19,18,105,61,69" hai2="127,24,101,75,77,72,134,3,37,111,118,106,104" hai3="7,41,94,125,97,70,27,98,90,46,35,110,81"/><T131/><D119/><U25/><E108/><V48/><F111/><W103/><G110/><T56/><D32/><U67/><E114/><V57/><F37/><W82/><G125/><T36/><D1/><U100/><E85/><V6/><F118/><W88/><G70/><T40/><D102/><U129/><E129/><V130/><F127/><W107/><G7/><T99/><D131/><U86/><E86/><V76/><F134/><W80/><G35/><T0/><D0/><U49/><E62/><V68/><F68/><W55/><G27/><T121/><D121/><U96/><E54/><V52/><F130/><W47/><G55/><T5/><D132/><U21/><E49/><V31/><F76/><W15/><G15/><T59/><D5/><U113/><E113/><V26/><F26/><W128/><G128/><T83/><D22/><U71/><AGARI ba="3,0" hai="18,19,21,25,28,61,63,65,67,69,71,96,100,105" machi="71" ten="20,8000,1" yaku="0,1,7,1,9,1,52,2" doraHai="60" who="1" fromWho="1" sc="471,-43,193,89,143,-23,193,-23" /><INIT seed="1,0,0,0,3,86" ten="428,282,120,170" oya="1" hai0="76,74,36,107,98,63,29,111,88,99,94,40,112" hai1="125,4,116,67,109,122,42,133,26,55,115,79,118" hai2="20,103,38,17,71,70,15,62,92,135,124,105,33" hai3="119,2,23,51,134,68,96,14,49,24,129,120,57"/><U64/><E79/><V18/><F124/><W100/><G2/><T16/><D112/><U11/><E26/><V25/><F135/><W65/><G120/><T130/><D29/><U44/><E11/><V41/><F38/><W48/><G134/><T117/><D117/><N who="1" m="45163" /><E4/><V6/><F41/><W101/><G129/><T27/><D130/><U43/><E133/><V50/><F50/><W8/><G68/><T81/><D16/><U87/><E87/><V7/><F92/><W80/><G80/><T97/><D27/><U123/><E115/><V69/><F62/><N who="3" m="38095" /><G96/><T37/><D98/><U72/><E72/><V91/><F105/><W108/><G108/><T13/><D111/><U3/><E3/><V126/><F103/><W84/><G84/><T77/><D77/><U21/><E21/><V95/><F126/><W132/><G132/><T83/><D13/><U66/><E109/><V47/><F33/><W19/><G119/><T106/><D94/><U114/><E114/><V85/><REACH who="2" step="1"/><F47/><REACH who="2" ten="428,282,110,170" step="2"/><W9/><G9/><AGARI ba="0,1" hai="6,7,9,15,17,18,20,25,69,70,71,85,91,95" machi="9" ten="40,5200,0" yaku="1,1,2,1,52,1,53,0" doraHai="86" doraHaiUra="54" who="2" fromWho="3" sc="428,0,282,0,110,62,170,-52" /><INIT seed="2,0,0,2,0,69" ten="428,282,172,118" oya="2" hai0="104,90,16,112,99,124,80,7,21,75,29,78,26" hai1="40,81,125,67,121,97,4,51,110,28,76,52,43" hai2="39,0,61,128,131,56,101,59,8,17,117,100,120" hai3="53,123,127,33,46,68,98,83,108,86,13,44,113"/><V107/><F117/><W38/><G123/><T103/><D112/><U42/><E110/><V114/><F114/><W64/><G113/><T36/><D36/><U94/><E121/><V35/><F35/><W25/><G108/><T82/><D124/><U105/><E105/><V48/><F120/><W118/><G118/><T134/><D134/><U109/><E109/><V32/><F32/><W96/><G127/><T87/><REACH who="0" step="1"/><D7/><REACH who="0" ten="418,282,172,118" step="2"/><U14/><E125/><V24/><F39/><W85/><G38/><T93/><D93/><U2/><E4/><V106/><F106/><W116/><G116/><T111/><D111/><U23/><E2/><V20/><F107/><W15/><G83/><T57/><D57/><N who="1" m="32927" /><E67/><N who="2" m="39335" /><F0/><W37/><G37/><T45/><D45/><U12/><E81/><V11/><F131/><W77/><G46/><T3/><D3/><U63/><E76/><V55/><F128/><W65/><G44/><T102/><D102/><AGARI ba="0,1" hai="8,11,17,20,24,48,55,59,100,101,102" m="39335" machi="102" ten="30,1500,0" yaku="8,1" doraHai="69" who="2" fromWho="0" sc="418,-15,282,0,172,25,118,0" /><INIT seed="2,1,0,1,5,53" ten="403,282,197,118" oya="2" hai0="12,70,131,97,118,109,115,88,105,24,129,72,57" hai1="22,63,84,14,73,6,27,17,67,16,31,126,45" hai2="60,62,104,37,111,103,99,107,106,96,81,13,119" hai3="32,44,82,108,128,29,39,116,125,41,68,11,28"/><V132/><F119/><W110/><G116/><T50/><D70/><U3/><E73/><V122/><F122/><W92/><G125/><T100/><D118/><U75/><E75/><V65/><F37/><W15/><G128/><N who="0" m="49227" /><D109/><N who="3" m="42089" /><G68/><T98/><D72/><U77/><E126/><V9/><F111/><W56/><G32/><T26/><D115/><U79/><E45/><V94/><F132/><W89/><G82/><T51/><D12/><U19/><E84/><V71/><F81/><W25/><G25/><N who="0" m="9835" /><D57/><N who="1" m="37359" /><E3/><V69/><F69/><W66/><G56/><T95/><AGARI ba="1,0" hai="50,51,88,95,97,98,100,105" m="9835,49227" machi="95" ten="30,2000,0" yaku="19,1,54,1" doraHai="53" who="0" fromWho="0" sc="403,23,282,-6,197,-11,118,-6" /><INIT seed="3,0,0,5,5,36" ten="426,276,186,112" oya="3" hai0="58,57,76,121,130,94,77,91,28,18,107,119,45" hai1="47,60,90,80,66,133,63,55,131,126,15,49,40" hai2="20,95,112,128,68,105,39,83,101,24,114,53,25" hai3="42,113,17,50,93,72,89,44,37,79,61,27,103"/><W8/><G113/><T52/><D107/><U134/><E15/><V62/><F39/><W23/><G103/><T84/><D119/><U34/><E90/><V19/><F105/><W10/><G72/><T96/><D121/><U48/><E80/><V12/><F128/><W86/><G79/><T54/><D130/><U75/><E34/><V21/><F83/><W22/><G37/><T4/><D4/><U118/><E75/><V65/><F53/><W30/><REACH who="3" step="1"/><G61/><REACH who="3" ten="426,276,186,102" step="2"/><T129/><D77/><U88/><E131/><V110/><F114/><W74/><G74/><T120/><D76/><U3/><E60/><V14/><F112/><W117/><G117/><T7/><D129/><U78/><E118/><V123/><F123/><W127/><G127/><T11/><D120/><U132/><E78/><V64/><F110/><W116/><G116/><T9/><D91/><U104/><E126/><V70/><F62/><W98/><G98/><T41/><D96/><U16/><E88/><V43/><F101/><W100/><G100/><T56/><D9/><U32/><E133/><V109/><F109/><W106/><G106/><T31/><D11/><U2/><E104/><V111/><F111/><W92/><G92/><T124/><D94/><U108/><E108/><V82/><F95/><W59/><G59/><T97/><D97/><U85/><E134/><V135/><F135/><W99/><G99/><T115/><D57/><U6/><E132/><V38/><F38/><W71/><G71/><T13/><D58/><U1/><E63/><V122/><F122/><W0/><G0/><T125/><D124/><RYUUKYOKU ba="0,1" sc="426,-10,276,-10,186,-10,102,30" hai3="8,10,17,22,23,27,30,42,44,50,86,89,93" /><INIT seed="3,1,1,5,4,57" ten="416,266,176,132" oya="3" hai0="122,124,107,62,29,98,10,106,60,118,3,111,34" hai1="81,26,80,86,129,50,130,131,17,33,67,11,59" hai2="69,19,51,16,97,115,41,82,71,27,8,12,127" hai3="30,14,104,42,56,126,112,38,123,0,46,99,117"/><W113/><G117/><T72/><D72/><U94/><E33/><V70/><F115/><W28/><G0/><T133/><D118/><U36/><E36/><V24/><F127/><W20/><G123/><T4/><D122/><U89/><E26/><N who="2" m="9771" /><F71/><W85/><G126/><T66/><D124/><U58/><E58/><V105/><F105/><W79/><G113/><T91/><D111/><U6/><E17/><N who="2" m="8327" /><F70/><W7/><G112/><T132/><D29/><U37/><E37/><V125/><F69/><W52/><G79/><T83/><D34/><U68/><E68/><V96/><F82/><W64/><G64/><T119/><D119/><U55/><E67/><V31/><F31/><W2/><G2/><AGARI ba="1,1" hai="2,6,11,50,55,59,80,81,86,89,94,129,130,131" machi="2" ten="40,1300,0" yaku="19,1" doraHai="57" who="1" fromWho="3" sc="416,0,266,26,176,0,132,-16" owari="416,51.6,292,9.2,176,-22.4,116,-38.4" /></mjloggm>