<mjloggm ver="2.3"><GO type="225" lobby="0"/><UN n0="%6D%75%75%6D%75%72%61" n1="%E3%83%B4%E3%82%A3%E3%83%AF%E3%82%B3%E3%82%B0%E3%83%8B" n2="%4C%4F%4C%49%54%41" n3="%E3%83%AC%E3%82%A4%E3%83%88%E3%83%B3%E5%87%86%E6%95%99%E6%8E%88" dan="17,16,16,18" rate="2187.39,2182.89,2143.56,2255.69" sx="F,M,F,M"/><TAIKYOKU oya="0"/><INIT seed="0,0,0,1,3,46" ten="250,250,250,250" oya="0" hai0="112,38,18,50,57,67,8,45,133,135,25,119,120" hai1="69,82,22,29,79,89,12,24,13,104,81,94,55" hai2="71,118,106,39,3,134,96,109,113,110,83,20,9" hai3="6,114,26,90,102,117,77,66,76,121,130,21,97"/><T122/><BYE who="3" /><D112/><U56/><E104/><V27/><F113/><W78/><G78/><T28/><D119/><U131/><E69/><V34/><F71/><W92/><G92/><T31/><D38/><U72/><E131/><V32/><F39/><W105/><G105/><T41/><D67/><U40/><E40/><V33/><F83/><W93/><G93/><T116/><D116/><U84/><REACH who="1" step="1"/><E81/><REACH who="1" ten="250,240,250,250" step="2"/><V14/><F106/><W36/><G36/><T132/><D120/><U80/><E80/><V64/><F118/><W108/><G108/><T60/><D122/><U88/><E88/><V5/><F110/><W99/><G99/><T30/><D135/><U47/><E47/><V43/><F43/><W2/><G2/><T59/><D133/><U23/><E23/><V35/><F96/><W65/><G65/><UN n3="%E3%83%AC%E3%82%A4%E3%83%88%E3%83%B3%E5%87%86%E6%95%99%E6%8E%88" /><T107/><D132/><U103/><E103/><V49/><F134/><W127/><G130/><T62/><D107/><U1/><E1/><V100/><F100/><W15/><G102/><T91/><D91/><U75/><E75/><V51/><F33/><W37/><G121/><T129/><D129/><U111/><E111/><V4/><F109/><W17/><G90/><T128/><D128/><U11/><E11/><N who="2" m="4455" /><F64/><W115/><G66/><T48/><D8/><U54/><E54/><V123/><F123/><W85/><G117/><T10/><D10/><U74/><E74/><V0/><F0/><W101/><G115/><T98/><D98/><U95/><E95/><V16/><F3/><W42/><G97/><T61/><D41/><U86/><E86/><V73/><F73/><RYUUKYOKU ba="0,1" sc="250,-15,240,15,250,15,250,-15" hai1="12,13,22,24,29,55,56,72,79,82,84,89,94" hai2="5,9,16,20,27,32,34,35,49,51" /><INIT seed="1,1,1,4,0,53" ten="235,255,265,235" oya="1" hai0="23,13,128,12,105,50,21,123,35,29,59,85,8" hai1="118,110,121,113,83,48,58,7,56,22,61,28,103" hai2="46,62,114,31,33,77,43,94,4,72,66,26,88" hai3="126,64,34,39,19,96,133,47,45,117,93,65,76"/><U125/><E113/><V108/><F108/><W129/><G129/><T63/><D105/><U15/><E118/><V67/><F114/><W134/><G117/><T32/><D128/><U73/><E121/><V11/><F77/><W87/><G34/><T95/><D123/><U124/><E110/><V111/><F72/><W120/><G120/><T52/><D35/><U18/><E103/><V14/><F62/><W38/><G19/><N who="0" m="10471" /><D32/><U92/><E7/><V75/><F75/><W122/><G126/><N who="1" m="48746" /><E92/><V119/><F111/><W57/><G122/><T37/><D37/><U131/><E131/><V44/><F119/><W101/><G39/><T24/><D95/><U27/><E48/><V80/><F80/><N who="3" m="47495" /><G38/><T10/><D85/><U106/><E106/><V98/><REACH who="2" step="1"/><F46/><REACH who="2" ten="235,255,255,235" step="2"/><W3/><G47/><N who="0" m="27743" /><D13/><U70/><E61/><V51/><AGARI ba="1,2" hai="4,11,14,26,31,33,43,44,51,66,67,88,94,98" machi="51" ten="20,5200,0" yaku="1,1,0,1,7,1,54,1,53,0" doraHai="53" doraHaiUra="49" who="2" fromWho="2" sc="235,-14,255,-27,255,75,235,-14" /><INIT seed="2,0,0,4,2,5" ten="221,228,330,221" oya="2" hai0="41,78,35,112,103,31,11,113,40,115,119,135,104" hai1="10,94,106,93,72,19,6,68,85,109,17,43,4" hai2="124,123,96,24,70,64,67,108,60,3,111,86,63" hai3="59,92,32,21,84,134,18,75,55,100,117,38,20"/><V53/><F3/><W69/><G117/><T13/><D119/><U80/><E106/><V45/><F96/><W133/><G75/><T74/><D135/><N who="3" m="51721" /><G32/><T128/><D128/><U42/><E68/><V16/><F86/><W66/><G38/><T110/><D110/><N who="2" m="42026" /><F124/><W95/><G100/><T56/><D56/><U122/><E109/><V77/><F77/><W2/><G2/><T25/><D104/><U14/><E4/><V83/><F83/><W76/><G66/><T126/><D103/><U22/><E72/><V23/><F123/><W81/><G69/><T99/><D99/><U44/><E122/><V57/><F45/><W9/><G20/><T48/><D126/><U47/><E80/><V33/><F64/><W1/><G1/><T34/><D34/><AGARI ba="0,0" hai="16,23,24,33,34,53,57,60,63,67,70" m="42026" machi="34" ten="30,5800,0" yaku="14,1,10,1,54,1" doraHai="5" who="2" fromWho="0" sc="221,-58,228,0,330,58,221,0" /><INIT seed="2,1,0,1,5,40" ten="163,228,388,221" oya="2" hai0="74,131,88,32,23,35,48,63,8,46,57,91,44" hai1="38,98,60,106,108,94,27,123,112,115,20,126,85" hai2="47,122,104,49,76,109,93,83,67,70,124,95,99" hai3="87,52,101,33,90,66,135,54,117,31,64,111,11"/><V103/><F122/><W14/><G117/><T79/><D35/><U125/><E38/><V39/><F39/><W96/><G111/><T4/><D32/><U58/><E108/><V56/><F70/><W9/><G135/><T132/><D132/><U86/><E106/><V43/><F124/><N who="1" m="47721" /><E123/><V61/><REACH who="2" step="1"/><F109/><REACH who="2" ten="163,228,378,221" step="2"/><W25/><G64/><N who="0" m="39023" /><D131/><U22/><E112/><V73/><AGARI ba="1,1" hai="43,47,49,56,61,67,73,76,83,93,95,99,103,104" machi="73" ten="20,7800,0" yaku="1,1,0,1,7,1,52,1,53,0" doraHai="40" doraHaiUra="5" who="2" fromWho="2" sc="163,-27,228,-27,378,91,221,-27" /><INIT seed="2,2,0,1,5,46" ten="136,201,469,194" oya="2" hai0="94,14,110,116,20,61,131,34,108,83,29,73,40" hai1="77,3,13,109,134,43,88,11,99,105,103,102,12" hai2="129,84,71,48,58,44,121,118,63,70,75,33,9" hai3="132,31,0,114,56,27,57,15,10,87,101,5,130"/><V65/><F75/><W32/><G130/><T19/><D131/><U119/><E119/><V104/><F129/><W21/><G132/><T113/><D113/><U69/><E69/><V35/><F121/><W17/><G114/><T25/><D116/><U123/><E77/><V80/><F104/><W111/><G111/><T97/><D40/><U92/><E109/><V23/><F71/><W125/><G125/><T81/><D61/><U66/><E66/><V51/><F9/><W115/><G115/><T45/><D45/><U86/><E134/><V41/><F23/><W38/><G38/><T107/><D107/><U100/><E123/><V54/><REACH who="2" step="1"/><F118/><REACH who="2" ten="136,201,459,194" step="2"/><W68/><G68/><T55/><D73/><U26/><E11/><V79/><AGARI ba="2,1" hai="33,35,41,44,48,51,54,58,63,65,70,79,80,84" machi="79" ten="20,18000,2" yaku="1,1,2,1,0,1,7,1,52,2,53,0" doraHai="46" doraHaiUra="98" who="2" fromWho="2" sc="136,-62,201,-62,459,196,194,-62" /><INIT seed="2,3,0,3,2,32" ten="74,139,655,132" oya="2" hai0="81,117,100,134,129,28,132,36,0,55,119,90,7" hai1="74,42,14,79,6,125,8,130,106,72,40,70,25" hai2="102,98,126,63,92,49,29,111,124,78,17,41,65" hai3="91,11,73,60,85,10,115,75,71,62,87,3,95"/><V21/><F29/><W99/><G115/><T19/><D36/><U38/><E106/><V123/><F123/><W4/><G10/><N who="0" m="2407" /><D129/><U112/><E112/><V66/><F111/><W84/><REACH who="3" step="1"/><G71/><REACH who="3" ten="74,139,655,122" step="2"/><T24/><D134/><U27/><E70/><V50/><F126/><W2/><G2/><T44/><D132/><U35/><E125/><V131/><F124/><W20/><G20/><T103/><D119/><U58/><E130/><V133/><F21/><W101/><G101/><T16/><D117/><U120/><E8/><V114/><F102/><W59/><G59/><T93/><D103/><U83/><E58/><V54/><F114/><W82/><G82/><T1/><D100/><U43/><E83/><V110/><F131/><W51/><G51/><T76/><D1/><U128/><E128/><V26/><F50/><W121/><G121/><T104/><D104/><U13/><E120/><V105/><F49/><W109/><G109/><T69/><D69/><U53/><E38/><V37/><F105/><W94/><G94/><T77/><D81/><U116/><E116/><V45/><F92/><W23/><G23/><T31/><D93/><U127/><E127/><V96/><F110/><W34/><G34/><T39/><D39/><U18/><E35/><V12/><F133/><W113/><G113/><T47/><D47/><U33/><E33/><V57/><F45/><W107/><G107/><T89/><D44/><U135/><E135/><V56/><F37/><W5/><G5/><T80/><D80/><U15/><E6/><V48/><F57/><W122/><G122/><T9/><D9/><RYUUKYOKU ba="3,1" sc="74,-10,139,-10,655,-10,122,30" hai3="3,4,11,60,62,73,75,84,85,87,91,95,99" /><INIT seed="3,4,1,5,5,65" ten="64,129,645,152" oya="3" hai0="21,29,37,11,114,71,39,33,17,128,38,85,132" hai1="98,129,45,94,103,78,122,90,75,69,96,112,97" hai2="31,86,16,105,125,87,116,76,115,100,80,74,15" hai3="106,92,25,40,107,82,20,89,81,7,104,72,59"/><W46/><G7/><T133/><D128/><U52/><E122/><V18/><F115/><W120/><G120/><T8/><D114/><U41/><E112/><V51/><F116/><W4/><G4/><T34/><D85/><U131/><E69/><V14/><F125/><W53/><G72/><T1/><D1/><U108/><E52/><V126/><F126/><W113/><G46/><T30/><D17/><U9/><E9/><N who="0" m="3657" /><D21/><U47/><E108/><V48/><F31/><N who="0" m="11786" /><D71/><U91/><E75/><V101/><F105/><W88/><G40/><T62/><D62/><U56/><E41/><V49/><F86/><W57/><G20/><T19/><D19/><N who="2" m="7210" /><F74/><W61/><G107/><T12/><D12/><AGARI ba="4,1" hai="12,14,15,48,49,51,76,80,87,100,101" m="7210" machi="12" ten="30,2000,0" yaku="8,1,54,1" doraHai="65" who="2" fromWho="0" sc="64,-32,129,0,645,42,152,0" owari="32,-46.8,129,-27.1,687,78.7,152,-4.8" /></mjloggm>