<mjloggm ver="2.3"><GO type="225" lobby="0"/><UN n0="%E3%81%8B%E3%82%8F%E3%81%A1%E3%82%83%E3%82%93%35%38" n1="%E3%81%BF%E3%81%BF%E3%81%9A" n2="%33%74%72%65%65" n3="%E3%83%A9%E3%83%BC%E3%83%A1%E3%83%B3%E4%BA%94%E9%83%8E" dan="16,18,16,16" rate="2111.90,2249.45,2104.19,2104.46" sx="M,M,F,M"/><TAIKYOKU oya="0"/><INIT seed="0,0,0,1,3,82" ten="250,250,250,250" oya="0" hai0="65,32,70,19,129,94,120,104,69,40,51,109,46" hai1="96,44,6,54,95,124,1,21,116,35,72,14,126" hai2="97,117,61,110,118,16,66,133,127,67,62,11,134" hai3="45,37,106,3,7,59,63,28,41,99,10,107,49"/><T58/><D120/><U101/><E116/><N who="2" m="44651" /><F97/><W60/><G28/><T112/><D112/><U87/><E72/><V121/><F121/><W4/><G4/><T29/><D104/><U75/><E75/><V30/><F30/><W15/><G3/><T108/><D19/><U23/><E35/><V0/><F0/><W39/><G63/><N who="2" m="24073" /><F110/><N who="0" m="42602" /><D129/><U76/><E1/><V71/><F71/><N who="0" m="27146" /><D94/><U105/><E105/><V111/><F111/><W130/><G130/><T114/><D114/><U68/><E68/><V132/><F127/><N who="1" m="48681" /><E14/><AGARI ba="0,0" hai="11,14,16,66,67,132,133,134" m="24073,44651" machi="14" ten="40,5200,0" yaku="20,1,12,1,54,1" doraHai="82" who="2" fromWho="1" sc="250,0,250,-52,250,52,250,0" /><INIT seed="1,0,0,3,2,54" ten="250,198,302,250" oya="1" hai0="85,99,46,106,95,82,5,27,70,64,40,128,97" hai1="53,31,17,109,71,91,67,1,57,90,25,18,132" hai2="114,65,38,9,115,52,63,66,92,84,127,130,101" hai3="74,21,83,122,94,4,87,126,68,10,23,37,110"/><U120/><E120/><V75/><F75/><W93/><G122/><T45/><D128/><U134/><E1/><V113/><F130/><W111/><G37/><T73/><D73/><U88/><E67/><V124/><F38/><W123/><G68/><T55/><D106/><U76/><E76/><V14/><F52/><W24/><G123/><T131/><D131/><U108/><E71/><N who="2" m="42431" /><F66/><W3/><G74/><T16/><D5/><U6/><E6/><N who="2" m="3383" /><F84/><W107/><G107/><T62/><D55/><U112/><E112/><V119/><F119/><W118/><G118/><T102/><D97/><AGARI ba="0,0" hai="92,97,101,113,114,115,124,127" m="3383,42431" machi="97" ten="40,1300,0" yaku="11,1" doraHai="54" who="2" fromWho="0" sc="250,-13,198,0,302,13,250,0" /><INIT seed="2,0,0,3,1,22" ten="237,198,315,250" oya="2" hai0="88,58,1,101,77,56,106,66,46,78,102,47,31" hai1="54,74,109,104,12,17,27,75,2,116,120,40,121" hai2="20,0,65,94,90,33,19,95,24,53,30,110,42" hai3="71,98,38,8,60,48,112,9,99,15,61,96,59"/><V11/><F110/><W45/><G38/><T67/><D1/><U85/><E116/><V13/><F42/><W126/><G126/><T70/><D106/><U4/><E104/><V41/><F41/><N who="3" m="24623" /><G71/><T103/><D70/><U69/><E69/><V39/><F39/><W57/><G112/><T111/><D111/><U55/><E40/><V81/><F65/><N who="0" m="24586" /><D31/><U64/><E64/><V5/><F53/><N who="1" m="19977" /><E2/><V32/><F32/><W100/><G100/><N who="0" m="25603" /><T122/><DORA hai="125" /><D122/><N who="1" m="47211" /><E109/><V10/><F10/><N who="3" m="4203" /><G15/><T132/><D132/><U80/><E12/><V97/><F94/><W25/><G25/><T134/><D134/><U62/><E62/><AGARI ba="0,0" hai="57,59,60,61,62,96,98,99" m="4203,24623" machi="62" ten="30,1000,0" yaku="8,1" doraHai="22,125" who="3" fromWho="1" sc="237,0,198,-10,315,0,250,10" /><INIT seed="3,0,0,5,5,105" ten="237,188,315,260" oya="3" hai0="73,30,44,18,78,135,84,23,104,41,45,83,50" hai1="71,106,81,119,130,92,120,59,27,124,129,68,102" hai2="6,8,24,85,29,7,75,62,31,86,70,116,101" hai3="88,96,95,125,11,67,109,99,89,112,58,123,16"/><W12/><G112/><T49/><D104/><U126/><E106/><V3/><F116/><W117/><G117/><T131/><D131/><N who="1" m="50187" /><E119/><V56/><F75/><W40/><G123/><T35/><D135/><U15/><E27/><V14/><F70/><N who="1" m="26665" /><E102/><V60/><F101/><W2/><G2/><T21/><D35/><U118/><E118/><V94/><F94/><N who="3" m="56399" /><G125/><N who="1" m="48234" /><E92/><V38/><F3/><W33/><G33/><T5/><D30/><U69/><N who="1" m="26673" /><U63/><DORA hai="10" /><E15/><V91/><F29/><W133/><G12/><T122/><D122/><U134/><E81/><V17/><F14/><W13/><G95/><T108/><D83/><U65/><E120/><V115/><F24/><W107/><G107/><T32/><D32/><U72/><E72/><V42/><F31/><W25/><G25/><T103/><D73/><U128/><N who="1" m="50195" /><U100/><DORA hai="39" /><E100/><V90/><F6/><W97/><G13/><T19/><D5/><U0/><E0/><V26/><F7/><W47/><G11/><T114/><D103/><U98/><E98/><V46/><F8/><W132/><G99/><T57/><D21/><U51/><E51/><V54/><F26/><W61/><G97/><T37/><D23/><U110/><E110/><V80/><F80/><W22/><G22/><T87/><D108/><U64/><E134/><V77/><F86/><W121/><G109/><T4/><D4/><U28/><E28/><V76/><F85/><W48/><G121/><T79/><D84/><U1/><E1/><V20/><F20/><W53/><G133/><T93/><D87/><U36/><E65/><RYUUKYOKU ba="0,0" sc="237,-10,188,30,315,-10,260,-10" hai1="36,59,63,64" owari="227,-17.3,218,-28.2,305,40.5,250,5.0" /></mjloggm>