<mjloggm ver="2.3"><GO type="225" lobby="0"/><UN n0="%E3%81%BF%E3%81%BF%E3%81%9A" n1="%E6%A1%9C%E8%8A%B1%E9%96%83%E3%80%85" n2="%E7%99%BD%E6%97%A5%E9%9B%AA%E8%8F%9C" n3="%74%61%6B%75%61%6B%61" dan="17,16,17,16" rate="2323.15,2143.66,2210.70,2094.92" sx="M,M,M,M"/><TAIKYOKU oya="0"/><INIT seed="0,0,0,4,4,43" ten="250,250,250,250" oya="0" hai0="91,54,129,24,78,66,5,52,110,104,80,106,70" hai1="32,127,55,1,61,60,21,107,17,19,77,102,50" hai2="12,114,10,120,112,59,133,88,23,58,72,75,122" hai3="79,103,36,115,9,105,3,113,93,37,82,83,51"/><T4/><D91/><U128/><E32/><V90/><F23/><W18/><G105/><T46/><D24/><U134/><E134/><V63/><F12/><W85/><G36/><T65/><D129/><U123/><E123/><V73/><F10/><W27/><G37/><T69/><D110/><U6/><E128/><V26/><F26/><W117/><G117/><T41/><D41/><U42/><E42/><V67/><F133/><W11/><G83/><T16/><D80/><U98/><E127/><V74/><F74/><W111/><G111/><T30/><D16/><U44/><E77/><V39/><F39/><W13/><G27/><T135/><D135/><U131/><E131/><V121/><REACH who="2" step="1"/><F59/><REACH who="2" ten="250,250,240,250" step="2"/><W100/><G9/><T81/><D30/><U2/><E2/><V48/><F48/><W68/><G3/><T89/><D70/><U31/><E31/><V35/><F35/><W62/><G68/><T45/><D69/><U125/><E21/><V76/><F76/><W28/><G51/><T96/><D78/><U71/><E71/><V108/><F108/><W130/><G130/><T33/><D33/><U84/><E1/><V99/><F99/><W86/><G79/><T57/><D96/><U40/><E98/><V116/><F116/><W56/><G11/><T126/><D57/><U0/><E0/><V14/><F14/><W119/><G13/><T25/><D25/><U15/><E15/><V20/><F20/><W49/><G56/><T53/><D126/><U29/><E125/><V124/><F124/><W64/><G49/><T101/><D4/><U109/><E6/><RYUUKYOKU ba="0,1" sc="250,-10,250,-10,240,30,250,-10" hai2="58,63,67,72,73,75,88,90,112,114,120,121,122" /><INIT seed="1,1,1,2,3,116" ten="240,240,270,240" oya="1" hai0="113,35,51,120,3,118,78,67,122,24,46,31,36" hai1="18,133,106,28,57,43,60,123,126,53,99,50,115" hai2="100,16,101,81,124,34,8,17,4,98,38,63,108" hai3="84,94,25,69,11,62,42,40,103,41,128,134,10"/><U32/><E115/><V73/><F38/><W76/><G128/><T89/><D113/><U74/><E74/><V75/><F34/><W12/><G134/><T22/><D118/><U55/><E133/><V130/><F108/><W132/><G132/><T49/><D3/><U54/><E126/><V7/><F130/><W14/><G25/><T59/><D78/><U82/><E82/><V105/><F101/><W30/><G30/><T2/><D2/><U92/><E106/><V102/><F100/><W91/><G76/><T112/><D112/><U114/><E123/><N who="0" m="47145" /><D35/><U33/><E114/><V77/><F73/><W45/><G45/><T37/><D89/><N who="1" m="55695" /><E28/><V79/><F77/><W26/><G103/><T70/><D70/><U65/><E33/><V5/><F124/><W20/><G69/><T23/><D22/><U88/><E32/><V29/><F29/><W48/><G20/><T117/><D117/><U15/><E43/><V83/><F8/><W96/><G40/><N who="0" m="22791" /><D37/><U56/><E88/><V39/><F39/><W131/><G91/><T95/><D95/><U21/><AGARI ba="1,1" hai="15,18,21,50,53,54,55,56,57,60,65" m="55695" machi="21" ten="30,1500,0" yaku="8,1" doraHai="116" who="1" fromWho="1" sc="240,-6,240,28,270,-6,240,-6" /><INIT seed="1,2,0,3,2,28" ten="234,268,264,234" oya="1" hai0="59,77,57,46,61,45,71,29,33,127,67,109,34" hai1="17,125,95,117,93,102,83,62,100,32,116,0,94" hai2="120,23,3,128,80,65,63,98,84,26,19,15,123" hai3="60,39,37,129,70,49,114,111,7,25,54,56,90"/><U24/><E0/><V79/><F3/><W75/><G75/><T6/><D6/><U96/><E125/><V99/><F128/><W69/><G114/><T89/><D77/><U118/><E62/><V43/><F43/><W78/><G78/><T106/><D106/><U13/><E83/><V16/><F120/><W115/><G115/><T8/><D8/><U104/><E100/><V101/><F101/><W107/><G107/><T132/><D127/><U2/><E2/><V14/><F26/><W112/><G7/><T52/><D109/><U4/><E4/><V85/><F84/><W31/><G112/><T9/><D9/><U97/><E97/><V40/><F40/><W131/><G111/><T130/><D130/><N who="3" m="49673" /><G90/><T92/><D132/><U38/><E38/><N who="3" m="14346" /><G60/><T86/><D71/><U21/><REACH who="1" step="1"/><E24/><REACH who="1" ten="234,258,264,234" step="2"/><V5/><F5/><W48/><G48/><T27/><D33/><AGARI ba="2,1" hai="13,17,21,32,33,93,94,95,96,102,104,116,117,118" machi="33" ten="50,12000,1" yaku="1,1,2,1,52,2,53,0" doraHai="28" doraHaiUra="74" who="1" fromWho="0" sc="234,-126,258,136,264,0,234,0" /><AGARI ba="2,0" hai="25,31,33,49,54,56,69,70" m="14346,49673" machi="33" ten="30,2000,0" yaku="19,1,52,1" doraHai="28" who="3" fromWho="0" sc="108,-20,394,0,264,0,234,20" /><INIT seed="1,3,0,0,3,65" ten="88,394,264,254" oya="1" hai0="53,8,21,87,105,16,56,25,17,101,121,91,31" hai1="128,42,107,15,35,38,80,27,129,130,51,72,131" hai2="134,104,102,110,96,120,135,3,108,26,5,127,84" hai3="118,85,14,9,126,82,117,114,73,94,19,69,109"/><U55/><E107/><V90/><F26/><W46/><G114/><T74/><D74/><U41/><E38/><V20/><F20/><W77/><G109/><N who="2" m="42089" /><F5/><W12/><G126/><T24/><D121/><U45/><N who="1" m="32768" /><DORA hai="68" /><U103/><E103/><V43/><F3/><W13/><G69/><T95/><D105/><U28/><REACH who="1" step="1"/><E15/><REACH who="1" ten="88,384,264,254" step="2"/><V33/><F120/><W78/><G13/><T60/><D101/><U88/><E88/><V7/><F90/><W123/><G123/><T71/><D8/><U83/><E83/><V124/><F102/><W11/><G12/><T115/><D115/><U37/><E37/><V100/><F100/><W32/><G9/><T92/><D71/><U30/><E30/><V99/><F104/><W59/><G82/><T79/><D79/><AGARI ba="3,1" hai="27,28,35,41,42,45,51,55,72,79,80" m="32768" machi="79" ten="70,6800,0" yaku="1,1,19,1,53,0" doraHai="65,68" doraHaiUra="63,18" who="1" fromWho="0" sc="88,-77,384,87,264,0,254,0" /><INIT seed="1,4,0,2,0,108" ten="11,471,264,254" oya="1" hai0="123,113,2,32,74,76,128,83,48,36,99,85,73" hai1="100,88,53,98,9,5,23,24,71,37,16,129,66" hai2="112,44,86,87,52,15,135,62,28,95,21,13,1" hai3="10,55,43,122,115,130,46,12,79,133,67,3,57"/><U96/><E129/><V56/><F1/><W90/><G122/><T17/><D36/><U20/><E37/><V31/><F135/><W65/><G3/><T89/><D2/><U70/><E53/><V91/><F112/><W118/><G115/><T49/><D32/><U18/><E88/><N who="2" m="53655" /><F44/><W25/><G133/><T125/><D113/><U30/><E96/><V58/><F58/><W103/><G130/><T72/><D128/><U77/><E77/><V132/><F132/><W7/><G118/><T94/><D125/><U51/><E51/><V64/><F64/><W42/><G79/><T8/><REACH who="0" step="1"/><D123/><REACH who="0" ten="1,471,264,254" step="2"/><U114/><E114/><V6/><F6/><W92/><G7/><T29/><D29/><N who="2" m="11338" /><F21/><W40/><G10/><T19/><D19/><U27/><E30/><V80/><AGARI ba="4,1" hai="13,15,52,56,62,80,87,91" m="11338,53655" machi="80" ten="30,4000,0" yaku="8,1,54,2" doraHai="108" who="2" fromWho="2" sc="1,-14,471,-24,264,62,254,-14" owari="-13,-51.3,447,54.7,326,12.6,240,-16.0" /></mjloggm>