<mjloggm ver="2.3"><GO type="225" lobby="0"/><UN n0="%6D%75%75%73%61%6E%6D%75" n1="%E5%84%AA%40%41%42%43" n2="%E3%81%86%E3%81%A9%E3%82%93%E3%81%93" n3="%E6%A1%9C%E8%8A%B1%E9%96%83%E3%80%85" dan="16,17,16,16" rate="2076.68,2159.16,2141.97,2210.95" sx="F,M,M,M"/><TAIKYOKU oya="0"/><BYE who="0" /><UN n0="%6D%75%75%73%61%6E%6D%75" /><INIT seed="0,0,0,5,0,98" ten="250,250,250,250" oya="0" hai0="88,21,103,127,66,3,49,126,31,25,63,32,86" hai1="35,2,40,135,65,50,77,89,55,130,23,37,112" hai2="7,44,94,17,113,124,114,134,123,78,93,118,14" hai3="90,119,76,80,92,116,38,122,108,125,87,107,131"/><T0/><D32/><U39/><E35/><V101/><F123/><W48/><G38/><T60/><D49/><U54/><E2/><V99/><F124/><N who="0" m="47658" /><D103/><U95/><E77/><V97/><F134/><W82/><G125/><T19/><D31/><U111/><E135/><V79/><F7/><W4/><G4/><T9/><D9/><U13/><E95/><V104/><F118/><W81/><G48/><T27/><D27/><U30/><E89/><V52/><F104/><W51/><G51/><T68/><D63/><U85/><E30/><V57/><F44/><W34/><G34/><T102/><D102/><U72/><E50/><N who="2" m="30871" /><F114/><W133/><G133/><T10/><D10/><U53/><E112/><V73/><F73/><W67/><G119/><T18/><D18/><U105/><E72/><V1/><F1/><W58/><G116/><T15/><D25/><U128/><E105/><V75/><F75/><W96/><G107/><T84/><D84/><U61/><E85/><V29/><F29/><W129/><G87/><T24/><D24/><U6/><E40/><V106/><F106/><W41/><G41/><T69/><D69/><N who="1" m="42159" /><E37/><V117/><F113/><W8/><G8/><T20/><D20/><U100/><E39/><V59/><F59/><W115/><G58/><T43/><D43/><U28/><E28/><V5/><F117/><W47/><G115/><T11/><D21/><U33/><E100/><N who="2" m="60463" /><F5/><W83/><G47/><T16/><D19/><N who="1" m="10735" /><E6/><V46/><F46/><W26/><N who="3" m="20480" /><DORA hai="132" /><W71/><G71/><T64/><D64/><U109/><E33/><V62/><F62/><RYUUKYOKU ba="0,0" sc="250,10,250,10,250,10,250,-30" hai0="0,3,11,15,16,60,66,68,86,88" hai1="53,54,55,109,111,128,130" hai2="14,17,78,79,94,99,101" /><INIT seed="0,1,0,1,1,82" ten="260,260,260,220" oya="0" hai0="89,59,84,134,133,135,118,28,12,14,127,79,75" hai1="115,55,40,110,123,39,128,48,99,130,7,64,43" hai2="45,122,93,131,83,26,107,4,18,6,69,3,16" hai3="36,21,96,34,44,87,68,22,129,47,0,97,9"/><T71/><D71/><U32/><E32/><V19/><F107/><W121/><G34/><T11/><D118/><U37/><E7/><V80/><F122/><W85/><G68/><T94/><D127/><U92/><E123/><V35/><F69/><W56/><G121/><T113/><D113/><U54/><E64/><V124/><F124/><W30/><G129/><N who="1" m="49770" /><E110/><V38/><F131/><W73/><G73/><T111/><D111/><U104/><E104/><V67/><F67/><W62/><G9/><T74/><D28/><U33/><E33/><V70/><F70/><W29/><G0/><T5/><D59/><N who="1" m="33223" /><E115/><V78/><F93/><W98/><G36/><N who="1" m="13898" /><E55/><V105/><F105/><W109/><G109/><T51/><D51/><U61/><E61/><V2/><F35/><W77/><G30/><T31/><D31/><U15/><E15/><N who="0" m="5673" /><D79/><U46/><E46/><N who="3" m="17450" /><G77/><T106/><D106/><U8/><E8/><V25/><F78/><W132/><G132/><N who="0" m="33795" /><T24/><DORA hai="119" /><D24/><N who="2" m="9322" /><F83/><W60/><G29/><T58/><D58/><U117/><E117/><V20/><F80/><W112/><G112/><T86/><D86/><N who="3" m="32777" /><G60/><T52/><D52/><AGARI ba="1,0" hai="21,22,52,56,62,96,97,98" m="32777,17450" machi="52" ten="30,8000,1" yaku="8,1,52,3,54,1" doraHai="82,119" who="3" fromWho="0" sc="260,-83,260,0,260,0,220,83" /><INIT seed="1,0,0,5,3,17" ten="177,260,260,303" oya="1" hai0="76,7,56,26,135,104,3,85,91,105,23,57,103" hai1="107,110,73,90,35,115,78,118,129,64,9,6,83" hai2="16,86,48,36,29,69,131,65,74,32,94,133,80" hai3="117,5,111,88,79,61,121,81,49,53,95,8,128"/><U59/><E115/><V72/><F36/><W50/><G121/><T60/><D135/><U77/><E118/><V123/><F123/><W109/><G117/><T19/><D76/><U124/><E124/><V21/><F133/><W93/><G128/><T116/><D116/><U84/><E129/><V58/><F69/><W63/><G93/><T33/><D33/><U24/><E110/><N who="3" m="41994" /><G81/><T119/><D119/><U11/><E107/><V62/><F131/><W4/><G79/><T92/><D56/><U27/><E9/><V89/><F32/><W122/><G122/><T96/><D3/><U40/><E40/><V42/><F29/><W82/><G82/><T14/><D7/><N who="3" m="2633" /><G8/><T54/><REACH who="0" step="1"/><D104/><REACH who="0" ten="167,260,260,303" step="2"/><U101/><E35/><V51/><F74/><W55/><G63/><T2/><D2/><U102/><E78/><V15/><F72/><W47/><G61/><T38/><D38/><U44/><E77/><N who="2" m="46351" /><F42/><N who="3" m="24823" /><G50/><T134/><D134/><U100/><E73/><V97/><AGARI ba="0,1" hai="15,16,21,48,51,58,62,65,89,94,97" m="46351" machi="97" ten="30,4000,0" yaku="8,1,52,1,54,1" doraHai="17" who="2" fromWho="2" sc="167,-10,260,-20,260,50,303,-10" /><INIT seed="2,0,0,3,2,74" ten="157,240,310,293" oya="2" hai0="99,51,119,133,100,3,71,103,108,11,135,83,130" hai1="6,16,96,66,40,90,57,21,101,18,88,54,27" hai2="45,127,5,132,24,111,93,33,56,104,50,9,29" hai3="0,59,106,62,10,26,113,55,7,17,117,124,126"/><V105/><F111/><W12/><G117/><T39/><D39/><U1/><E1/><V131/><F131/><W47/><G106/><T129/><D71/><U84/><E6/><V22/><F132/><N who="0" m="50762" /><D51/><U112/><E112/><V115/><F115/><W58/><G113/><T78/><D11/><U80/><E40/><V107/><F127/><N who="3" m="48683" /><G47/><T122/><D3/><U30/><E90/><V123/><F123/><W114/><G114/><T72/><D119/><U125/><E125/><V14/><F93/><W97/><G97/><T102/><D108/><U15/><E15/><V13/><F56/><N who="3" m="35103" /><G26/><T65/><D65/><U76/><E76/><V134/><F134/><W82/><G82/><T8/><D8/><AGARI ba="0,0" hai="0,7,8,10,12,17,58,59" m="35103,48683" machi="8" ten="30,1000,0" yaku="18,1" doraHai="74" who="3" fromWho="0" sc="157,-10,240,0,310,0,293,10" /><INIT seed="3,0,0,4,4,93" ten="147,240,310,303" oya="3" hai0="68,77,33,59,36,56,88,28,92,24,110,81,29" hai1="123,114,5,84,113,82,70,43,83,8,98,94,34" hai2="100,42,57,35,102,61,135,87,129,1,101,133,73" hai3="121,80,16,4,104,27,39,91,13,76,64,85,20"/><W46/><G121/><T45/><D68/><U71/><E123/><V0/><F73/><W72/><G104/><T9/><D110/><U122/><E122/><V67/><F35/><W134/><G134/><N who="2" m="51209" /><F129/><W10/><G64/><T2/><D29/><U95/><E34/><V105/><F105/><W50/><G39/><T106/><D106/><U12/><E43/><V63/><F42/><N who="3" m="24919" /><G72/><T44/><D36/><U69/><E95/><V54/><F87/><W125/><G125/><T22/><D33/><U14/><E14/><V97/><F97/><W124/><G124/><T90/><D44/><U118/><E118/><V41/><F41/><W7/><G76/><T62/><D45/><U32/><E32/><V17/><F17/><AGARI ba="0,0" hai="4,7,10,13,16,17,20,27,80,85,91" m="24919" machi="17" ten="30,2900,0" yaku="8,1,54,1" doraHai="93" who="3" fromWho="2" sc="147,0,240,0,310,-29,303,29" owari="147,-35.3,240,-16.0,281,8.1,332,43.2" /></mjloggm>