<mjloggm ver="2.3"><GO type="225" lobby="0"/><UN n0="%E7%89%B9%E6%9D%B1%E3%81%AF%E4%B8%96%E7%95%8C%E3%82%92%E6%95%91%E3%81%86" n1="%77%72%77%72%77%72%77%72" n2="%E6%B4%BE%E9%81%A3%E3%81%AE%E3%82%B8%E3%83%A3%E3%83%83%E3%82%AF" n3="%E3%80%93%E3%81%97%E3%83%BC%E3%82%89%E3%80%93" dan="16,17,17,16" rate="2135.20,2195.93,2226.73,2162.70" sx="M,M,M,M"/><TAIKYOKU oya="0"/><INIT seed="0,0,0,3,3,105" ten="250,250,250,250" oya="0" hai0="0,58,65,8,94,59,18,135,91,78,14,100,72" hai1="116,11,131,87,107,82,73,33,10,29,76,123,22" hai2="16,39,45,56,133,19,24,53,13,86,124,119,55" hai3="25,68,49,122,106,2,80,89,74,4,99,63,23"/><T77/><D135/><U134/><E116/><V41/><F133/><W32/><G32/><T61/><D0/><U81/><E134/><V95/><F119/><W5/><G122/><T109/><D100/><U9/><E123/><V92/><F124/><W115/><G2/><T130/><D130/><U44/><E131/><V40/><F40/><W121/><G115/><T38/><D38/><U113/><E113/><V67/><F67/><W21/><G21/><T62/><D72/><U79/><E107/><V26/><F19/><W17/><G121/><T34/><D34/><U104/><E104/><V93/><F86/><W27/><G27/><T31/><D31/><U46/><REACH who="1" step="1"/><E33/><REACH who="1" ten="250,240,250,250" step="2"/><V125/><F125/><W118/><G106/><T52/><REACH who="0" step="1"/><D109/><REACH who="0" ten="240,240,250,250" step="2"/><U120/><E120/><V69/><F69/><W66/><G118/><T102/><D102/><U7/><E7/><V75/><F75/><W36/><G4/><T51/><D51/><U128/><E128/><V110/><F110/><W129/><G5/><T54/><D54/><U101/><E101/><V37/><F37/><W90/><G49/><T126/><D126/><U85/><E85/><AGARI ba="0,2" hai="8,14,18,52,58,59,61,62,65,77,78,85,91,94" machi="85" ten="30,11600,0" yaku="1,1,7,1,8,1,54,1,53,0" doraHai="105" doraHaiUra="43" who="0" fromWho="1" sc="240,136,240,-116,250,0,250,0" /><INIT seed="0,1,0,4,2,7" ten="376,124,250,250" oya="0" hai0="72,3,17,128,101,19,24,63,9,119,23,27,106" hai1="14,43,54,32,44,56,85,111,82,4,16,131,93" hai2="38,47,48,73,125,36,103,91,96,109,42,132,108" hai3="2,102,70,68,84,21,100,29,51,66,55,115,33"/><T87/><D72/><U31/><E111/><N who="2" m="42571" /><F73/><W121/><G33/><T83/><D119/><U78/><E131/><V65/><F125/><W15/><G2/><T26/><D128/><U98/><E4/><V40/><F132/><W1/><G1/><T94/><D106/><U133/><E133/><V11/><F65/><W53/><G121/><T30/><D63/><U105/><E105/><N who="2" m="63719" /><F42/><W126/><G66/><T18/><D3/><U45/><E31/><V110/><N who="2" m="42579" /><V76/><DORA hai="22" /><F76/><W46/><G115/><T120/><D120/><U113/><E32/><V134/><F134/><W64/><G64/><T116/><D9/><U97/><E97/><V62/><F62/><W61/><G70/><T129/><D116/><U60/><E43/><V75/><F75/><W10/><G68/><T79/><D129/><U34/><E34/><V122/><F122/><W127/><G84/><T39/><D39/><N who="2" m="14890" /><F91/><W112/><G112/><T13/><D13/><U6/><E113/><V8/><AGARI ba="1,0" hai="8,11,40,47,48" m="14890,63719,42579" machi="8" ten="50,6400,0" yaku="14,1,52,2" doraHai="7,22" who="2" fromWho="2" sc="376,-33,124,-17,250,67,250,-17" /><INIT seed="1,0,0,2,4,24" ten="343,107,317,233" oya="1" hai0="105,101,52,68,65,41,46,123,38,78,86,83,22" hai1="74,26,14,6,59,30,28,44,134,93,102,97,107" hai2="23,8,13,73,96,16,116,122,126,106,76,121,20" hai3="62,7,42,33,110,63,50,108,57,89,87,91,81"/><U9/><E74/><V18/><F116/><W0/><G33/><T129/><D129/><U19/><E134/><V35/><F35/><W92/><G0/><T3/><D3/><U17/><E107/><V27/><F76/><W117/><G7/><T58/><D123/><N who="2" m="47114" /><F96/><W31/><G31/><N who="1" m="11818" /><E26/><N who="2" m="14599" /><F106/><W60/><G117/><T47/><D22/><U109/><E109/><N who="3" m="42090" /><G42/><T45/><D101/><U67/><E44/><V4/><F73/><W75/><G75/><T115/><D105/><U48/><E48/><V34/><F34/><W53/><G50/><N who="0" m="30999" /><D115/><U56/><E56/><V98/><F98/><AGARI ba="0,0" hai="53,57,60,62,63,81,87,89,91,92,98" m="42090" machi="98" ten="30,1000,0" yaku="14,1" doraHai="24" who="3" fromWho="2" sc="343,0,107,0,317,-10,233,10" /><INIT seed="2,0,0,4,4,38" ten="343,107,307,243" oya="2" hai0="119,66,74,111,14,8,44,33,63,71,39,134,126" hai1="31,58,20,129,26,96,76,28,40,51,45,88,46" hai2="4,53,115,35,16,43,116,120,72,75,5,42,30" hai3="106,132,102,25,103,124,131,15,73,22,6,65,55"/><V64/><F120/><W21/><G73/><T109/><D74/><U95/><E129/><V1/><F116/><W67/><G106/><T13/><D119/><U61/><E76/><V121/><F121/><W113/><G132/><T59/><D134/><U52/><REACH who="1" step="1"/><E46/><REACH who="1" ten="343,97,307,243" step="2"/><V130/><F130/><W98/><G131/><T9/><D44/><U101/><E101/><V92/><F115/><W85/><G103/><T110/><D110/><U127/><E127/><V86/><F72/><W125/><G102/><T50/><D126/><U70/><E70/><V41/><F75/><W32/><G125/><T77/><D77/><U94/><E94/><V60/><F92/><W93/><G93/><T29/><D109/><U108/><E108/><V84/><F1/><W82/><G124/><T107/><D111/><U123/><E123/><V62/><F35/><W83/><G113/><T19/><D71/><U27/><E27/><V36/><F36/><W79/><G25/><T81/><D39/><U78/><E78/><V87/><F87/><W7/><G85/><T97/><D33/><U2/><E2/><V128/><F128/><W10/><G32/><T11/><D107/><U80/><E80/><V37/><F37/><W57/><G83/><T133/><D81/><U69/><E69/><V118/><F84/><W54/><G82/><T99/><D133/><U23/><E23/><V68/><F86/><W100/><G79/><T89/><D13/><U34/><E34/><V91/><F68/><W56/><G15/><T117/><D14/><U17/><AGARI ba="0,1" hai="17,20,26,28,31,40,45,51,52,58,61,88,95,96" machi="17" ten="20,16000,3" yaku="1,1,0,1,7,1,25,2,8,1,52,1,54,2,53,0" doraHai="38" doraHaiUra="3" who="1" fromWho="1" sc="343,-40,97,170,307,-80,243,-40" /><INIT seed="3,0,0,1,5,87" ten="303,267,227,203" oya="3" hai0="69,35,131,55,65,95,132,63,111,107,116,70,7" hai1="10,134,66,121,18,118,89,56,43,50,71,81,40" hai2="113,13,120,41,11,52,104,53,109,61,110,88,67" hai3="129,82,128,6,14,97,108,38,99,102,112,58,122"/><W77/><G38/><T12/><D116/><U28/><E121/><V93/><F104/><W19/><G6/><T83/><D107/><U130/><E118/><V80/><F41/><W9/><G122/><T100/><D35/><U106/><E106/><V86/><F113/><W85/><G112/><T49/><D83/><U135/><E71/><N who="2" m="42479" /><F80/><W84/><G108/><N who="2" m="41577" /><F120/><W8/><G8/><T103/><D70/><U42/><E28/><V119/><F119/><W31/><G31/><T133/><D95/><U105/><E105/><V36/><F36/><W21/><G9/><N who="0" m="4159" /><D111/><U72/><E130/><N who="3" m="50282" /><G102/><T124/><D131/><U75/><E10/><V33/><F33/><W68/><G68/><T64/><D133/><N who="1" m="50699" /><E18/><AGARI ba="0,0" hai="11,13,18,52,53,86,88,93" m="41577,42479" machi="18" ten="30,7700,0" yaku="14,1,52,1,54,2" doraHai="87" who="2" fromWho="1" sc="303,0,267,-77,227,77,203,0" owari="303,10.3,190,-31.0,304,40.4,203,-19.7" /></mjloggm>