<mjloggm ver="2.3"><GO type="225" lobby="0"/><UN n0="%E3%80%93%E3%81%97%E3%83%BC%E3%82%89%E3%80%93" n1="%E6%9D%B1%E9%A2%A8%E3%81%AE%E3%81%8D%E3%82%83%E3%81%B7%E3%81%95%E3%82%93" n2="%E7%89%B9%E6%9D%B1%E3%81%AF%E4%B8%96%E7%95%8C%E3%82%92%E6%95%91%E3%81%86" n3="%E3%83%81%E3%83%AF%E3%83%AF%E9%9A%8A%E9%95%B7" dan="16,17,16,17" rate="2173.53,2206.55,2169.25,2217.48" sx="M,M,M,M"/><TAIKYOKU oya="0"/><INIT seed="0,0,0,1,5,58" ten="250,250,250,250" oya="0" hai0="24,33,55,111,21,56,75,106,108,41,28,130,2" hai1="110,34,19,81,13,71,113,30,25,26,77,62,43" hai2="89,10,48,80,82,60,0,72,12,91,67,97,126" hai3="115,85,101,70,63,44,74,40,54,47,42,59,8"/><T50/><D75/><U123/><E26/><V76/><F0/><W14/><G74/><T120/><D106/><U4/><E4/><V61/><F126/><W118/><G115/><T105/><D105/><U87/><E43/><N who="3" m="16426" /><G118/><T36/><D120/><U32/><E110/><N who="0" m="42025" /><D2/><U37/><E34/><V124/><F124/><W7/><G70/><T49/><D130/><U79/><E37/><V98/><F48/><W133/><G133/><T127/><D127/><U84/><E123/><V103/><F82/><W38/><G38/><T45/><D33/><U100/><E100/><V135/><F135/><W3/><G3/><T134/><D134/><U83/><E113/><V86/><F72/><W35/><G35/><T90/><D90/><N who="2" m="34314" /><F67/><W104/><G104/><T22/><D22/><U1/><E1/><V17/><F103/><W73/><G73/><T125/><D125/><U112/><E112/><V102/><F102/><W68/><G68/><T29/><D36/><U109/><E109/><V122/><F122/><W15/><G101/><T64/><D64/><U114/><E114/><V57/><F57/><W27/><G59/><T129/><D129/><U11/><E71/><V93/><F93/><W18/><G47/><T132/><D132/><U78/><E78/><V117/><F117/><W51/><G44/><T99/><D99/><AGARI ba="0,0" hai="10,12,17,60,61,76,80,86,97,98,99" m="34314" machi="99" ten="30,3900,0" yaku="8,1,52,2" doraHai="58" who="2" fromWho="0" sc="250,-39,250,0,250,39,250,0" /><INIT seed="1,0,0,5,5,123" ten="211,250,289,250" oya="1" hai0="122,134,20,118,135,107,125,90,115,95,105,70,23" hai1="77,28,121,131,46,101,33,36,109,103,127,55,86" hai2="110,27,16,56,111,39,49,43,108,80,78,22,47" hai3="17,114,44,35,132,117,106,75,10,68,98,85,76"/><U66/><E66/><V112/><F112/><W82/><G114/><T100/><D70/><U7/><E7/><V69/><F69/><W0/><G35/><T34/><D34/><U74/><E74/><N who="2" m="43095" /><F56/><W94/><G68/><T51/><D115/><U25/><E131/><V91/><F91/><N who="3" m="53615" /><G117/><T57/><D122/><U54/><E127/><V79/><F79/><W52/><G132/><N who="0" m="50731" /><D125/><U81/><E121/><V102/><F102/><N who="3" m="62807" /><G0/><T3/><D3/><U58/><E36/><AGARI ba="0,0" hai="16,22,27,36,39,43,47,49,108,110,111" m="43095" machi="36" ten="30,8000,1" yaku="14,1,52,3,54,1" doraHai="123" who="2" fromWho="1" sc="211,0,250,-80,289,80,250,0" /><INIT seed="2,0,0,3,1,133" ten="211,170,369,250" oya="2" hai0="102,22,42,132,131,93,16,122,95,35,107,56,19" hai1="94,91,67,79,28,59,49,32,89,117,46,3,97" hai2="119,17,134,64,7,9,118,20,129,78,25,103,53" hai3="54,50,37,104,106,66,115,41,44,63,113,23,70"/><V72/><F134/><W43/><G43/><T5/><D35/><U126/><E117/><V99/><F129/><W82/><G82/><T86/><D132/><U13/><E3/><V14/><F64/><W27/><G115/><T114/><D114/><U105/><E105/><V21/><F78/><W87/><G87/><T71/><D71/><U80/><E91/><V38/><F72/><W76/><G76/><T55/><D122/><U4/><E32/><V61/><F38/><W34/><G34/><T6/><D131/><U90/><E28/><V135/><F135/><W40/><G40/><T0/><D42/><N who="1" m="24791" /><E89/><V98/><F98/><W51/><G51/><N who="0" m="30847" /><D0/><U33/><E59/><V120/><F120/><W121/><G121/><T130/><D107/><U88/><E90/><V39/><F39/><W123/><G123/><T116/><D116/><U111/><E67/><V65/><F53/><W92/><G113/><T110/><D130/><U101/><E33/><V24/><F99/><W10/><G106/><T96/><D110/><U112/><E111/><V36/><F103/><W125/><G104/><T81/><D95/><U68/><E68/><V124/><F36/><W8/><G92/><T127/><D86/><N who="1" m="48415" /><E112/><V31/><F119/><W47/><G37/><T2/><D2/><U62/><E101/><V73/><F73/><W26/><G41/><T52/><D102/><U15/><E62/><V12/><F118/><W69/><G69/><T100/><D100/><U83/><E83/><V128/><F128/><W109/><G109/><T85/><D81/><U77/><E77/><V84/><F61/><RYUUKYOKU ba="0,0" sc="211,0,170,0,369,0,250,0" /><INIT seed="3,1,0,4,1,0" ten="211,170,369,250" oya="3" hai0="19,56,21,5,10,2,84,61,85,125,92,96,51" hai1="1,13,12,101,32,49,52,90,4,7,35,126,123" hai2="98,86,20,80,15,48,22,124,103,55,8,129,29" hai3="54,72,59,18,118,83,117,131,122,91,69,106,100"/><W95/><G122/><T120/><D51/><U39/><E39/><V74/><F74/><W130/><G69/><T57/><D125/><U71/><E71/><V60/><F60/><W30/><G30/><T58/><D120/><U135/><E123/><V104/><F29/><W76/><G18/><T50/><D50/><U16/><E126/><V27/><F27/><W3/><G3/><T82/><D82/><U134/><E101/><V62/><F62/><W105/><G54/><T119/><D119/><N who="3" m="45577" /><G59/><T11/><D11/><N who="1" m="2447" /><E90/><V107/><F124/><W109/><G109/><T111/><D111/><U28/><E28/><V93/><F22/><W67/><G67/><T81/><D81/><U114/><E114/><V79/><F20/><W17/><G17/><T63/><D85/><U45/><E7/><V33/><F33/><N who="1" m="12873" /><E16/><V94/><F15/><W65/><G65/><T26/><REACH who="0" step="1"/><D84/><REACH who="0" ten="201,170,369,250" step="2"/><U88/><E88/><AGARI ba="1,1" hai="2,5,10,19,21,26,56,57,58,61,63,88,92,96" machi="88" ten="40,8000,1" yaku="1,1,2,1,52,1,54,1,53,0" doraHai="0" doraHaiUra="44" who="0" fromWho="1" sc="201,93,170,-83,369,0,250,0" owari="294,9.4,87,-41.3,369,46.9,250,-15.0" /></mjloggm>