<mjloggm ver="2.3"><GO type="225" lobby="0"/><UN n0="%E3%80%93%E3%81%97%E3%83%BC%E3%82%89%E3%80%93" n1="%E3%82%A2%E3%83%BC%E3%83%A2%E3%83%AD%E3%83%BC%E3%83%B4%E3%82%A1" n2="%E4%BA%95%E5%B8%AF" n3="%E9%87%8E%E3%80%85%E5%AE%AE%E8%97%8D" dan="16,16,16,17" rate="2077.52,2127.16,2048.62,2172.85" sx="M,M,M,F"/><TAIKYOKU oya="0"/><INIT seed="0,0,0,4,1,46" ten="250,250,250,250" oya="0" hai0="67,63,9,107,116,61,31,131,98,58,10,56,11" hai1="108,86,54,39,125,45,65,48,37,79,21,94,96" hai2="92,52,119,111,77,19,83,84,42,81,93,122,105" hai3="8,25,53,123,16,22,23,76,49,91,15,33,26"/><T66/><D131/><U1/><E1/><V74/><F122/><W124/><G123/><T28/><REACH who="0" step="1"/><D116/><REACH who="0" ten="240,250,250,250" step="2"/><U62/><E125/><V102/><F119/><W35/><G124/><T133/><D133/><U29/><E108/><V127/><F111/><W82/><G91/><T97/><D97/><U43/><E96/><V6/><F127/><W135/><G135/><T17/><D17/><U103/><E103/><AGARI ba="0,1" hai="9,10,11,28,31,56,58,61,63,66,67,98,103,107" machi="103" ten="40,3900,0" yaku="1,1,9,1,53,0" doraHai="46" doraHaiUra="106" who="0" fromWho="1" sc="240,49,250,-39,250,0,250,0" /><INIT seed="0,1,0,5,5,114" ten="289,211,250,250" oya="0" hai0="39,124,54,134,49,70,106,130,69,29,57,48,91" hai1="90,7,67,108,86,97,133,8,111,26,112,76,73" hai2="6,2,5,77,128,79,38,102,75,36,59,66,52" hai3="131,37,126,61,12,11,51,53,20,65,30,62,117"/><T34/><D106/><U28/><E112/><V121/><F66/><W18/><G37/><T135/><D29/><U60/><E133/><N who="0" m="50697" /><D34/><N who="1" m="20759" /><E86/><V33/><F33/><W107/><G107/><T83/><D91/><U17/><E17/><V89/><F102/><W99/><G126/><T15/><D83/><N who="1" m="45455" /><E90/><V87/><F121/><W50/><G131/><T46/><D15/><U72/><E97/><V103/><F103/><W47/><G99/><T115/><D115/><U127/><E72/><V58/><F128/><W0/><G0/><T123/><D130/><U122/><E122/><V24/><F24/><W95/><G95/><T101/><D101/><U9/><E127/><V22/><F75/><W84/><G84/><T80/><D80/><U19/><E19/><V88/><F87/><W43/><G30/><T93/><D93/><U109/><E7/><V16/><F2/><W41/><G18/><T104/><D104/><U14/><E14/><V56/><F56/><AGARI ba="1,0" hai="8,9,56,60,67,108,109,111" m="45455,20759" machi="56" ten="30,1000,0" yaku="14,1" doraHai="114" who="1" fromWho="2" sc="289,0,211,13,250,-13,250,0" /><INIT seed="1,0,0,4,2,44" ten="289,224,237,250" oya="1" hai0="54,28,130,99,107,50,22,93,113,51,114,124,134" hai1="47,83,98,122,79,78,4,102,106,89,67,18,8" hai2="65,60,133,53,37,21,35,73,2,49,43,108,3" hai3="56,29,71,127,25,96,14,115,95,123,10,94,111"/><U27/><E122/><V70/><F35/><W30/><G71/><T40/><D107/><U11/><E67/><V97/><F73/><W20/><G115/><T104/><D104/><U59/><E59/><V112/><F108/><W77/><G111/><T100/><D130/><U9/><E89/><V132/><F97/><W91/><G123/><T48/><D40/><U36/><E4/><V80/><F80/><W15/><G127/><T125/><D54/><U1/><E1/><V45/><F21/><W7/><G77/><T103/><D103/><U72/><E79/><V109/><F109/><W74/><G74/><T105/><D105/><U12/><REACH who="1" step="1"/><E27/><REACH who="1" ten="289,214,237,250" step="2"/><V118/><F112/><W16/><G15/><T101/><D101/><U110/><E110/><V41/><F2/><W46/><G46/><T39/><D134/><N who="2" m="51818" /><F3/><W81/><G56/><T126/><D39/><U34/><E34/><V24/><F24/><AGARI ba="0,1" hai="22,24,28,48,50,51,93,99,100,113,114,124,125,126" machi="24" ten="50,8000,1" yaku="18,1,52,3" doraHai="44" who="0" fromWho="2" sc="289,90,214,0,237,-80,250,0" /><INIT seed="2,0,0,3,2,113" ten="379,214,157,250" oya="2" hai0="91,34,40,111,36,129,6,98,33,43,29,71,48" hai1="106,14,135,132,51,7,63,80,110,121,107,20,77" hai2="24,15,54,53,133,72,55,86,19,57,26,12,39" hai3="103,23,122,31,27,131,108,65,1,60,134,114,66"/><V21/><F72/><W22/><G122/><T18/><D71/><U126/><E110/><V69/><F133/><N who="1" m="51273" /><E126/><V130/><F69/><W123/><G123/><T50/><D111/><U102/><E121/><V128/><F39/><W118/><G108/><T96/><D6/><U76/><E102/><V25/><F57/><W74/><G74/><T10/><D18/><N who="1" m="10327" /><E7/><V37/><F37/><W28/><G1/><T9/><D91/><U42/><E63/><V104/><F104/><N who="1" m="39977" /><E80/><V52/><N who="2" m="13312" /><DORA hai="117" /><V5/><REACH who="2" step="1"/><F86/><REACH who="2" ten="379,214,147,250" step="2"/><W11/><G134/><T120/><D36/><U56/><E56/><V88/><F88/><W68/><G68/><T125/><D120/><U82/><E82/><V17/><F17/><W79/><G60/><T115/><D115/><U73/><E73/><V30/><F30/><W87/><G114/><T62/><D62/><U116/><E116/><V35/><F35/><W124/><G118/><T44/><D29/><U58/><E58/><V90/><F90/><W78/><G31/><T89/><D89/><U93/><E93/><V100/><F100/><W32/><G103/><T0/><D34/><U47/><AGARI ba="0,1" hai="42,47,51,76,77" m="39977,10327,51273" machi="47" ten="40,1500,0" yaku="20,1" doraHai="113,117" who="1" fromWho="1" sc="379,-4,214,25,147,-7,250,-4" /><INIT seed="3,0,0,4,4,69" ten="375,239,140,246" oya="3" hai0="118,80,95,2,34,128,29,99,92,90,17,53,12" hai1="126,13,6,11,8,97,85,84,73,49,35,82,134" hai2="93,20,43,117,10,87,22,26,91,133,44,32,75" hai3="78,63,62,48,76,113,5,42,15,66,67,130,24"/><W132/><G113/><T72/><D2/><U131/><E35/><V102/><F117/><W58/><G130/><T41/><D118/><U60/><E131/><V61/><F133/><W18/><G5/><T38/><D128/><U19/><E134/><V96/><F75/><W50/><G24/><T1/><D1/><U122/><E122/><V107/><F10/><W68/><G132/><T45/><D29/><U14/><E126/><V112/><F112/><W105/><G105/><T98/><D34/><U104/><E60/><V25/><F61/><W51/><REACH who="3" step="1"/><G42/><REACH who="3" ten="375,239,140,236" step="2"/><T108/><D41/><U77/><E104/><V125/><F125/><W16/><G16/><T111/><D17/><U30/><E30/><V86/><F26/><W64/><G64/><T70/><D12/><U94/><E49/><V46/><F46/><W74/><G74/><T123/><D45/><U124/><E124/><V47/><F47/><W114/><G114/><T101/><D72/><U103/><AGARI ba="0,1" hai="6,8,11,13,14,19,73,77,82,84,85,94,97,103" machi="103" ten="20,1500,0" yaku="0,1,7,1" doraHai="69" who="1" fromWho="1" sc="375,-4,239,25,140,-4,236,-7" owari="371,47.1,264,6.4,136,-36.4,229,-17.1" /></mjloggm>