<mjloggm ver="2.3"><GO type="225" lobby="0"/><UN n0="%E3%81%95%E3%81%8D%E3%81%9F%E3%81%BE%E6%9E%97%E6%AA%8E" n1="%E7%B4%94%E6%BD%94%E3%83%94%E3%83%A9%E3%83%8B%E3%82%A2" n2="%E3%81%B2%E3%81%AA%E3%81%AE%E3%82%8A%E3%81%8F" n3="%72%65%6E%6B%75%6E" dan="16,16,17,17" rate="2061.56,2132.02,2144.42,2274.03" sx="M,M,M,M"/><TAIKYOKU oya="0"/><INIT seed="0,0,0,5,0,16" ten="250,250,250,250" oya="0" hai0="91,76,121,89,12,1,125,79,69,105,73,0,7" hai1="25,31,135,116,19,87,33,81,32,83,126,97,6" hai2="109,84,123,117,64,42,115,9,95,3,130,129,57" hai3="107,20,103,44,86,37,47,82,2,48,98,17,51"/><T66/><D121/><U24/><E116/><V131/><F123/><W49/><G2/><T124/><D105/><U28/><E126/><V96/><F115/><W88/><REACH who="3" step="1"/><G37/><REACH who="3" ten="250,250,250,240" step="2"/><T133/><D0/><U39/><E39/><V78/><F3/><W41/><G41/><T102/><D1/><U100/><E135/><V120/><F42/><W50/><N who="3" m="12288" /><DORA hai="92" /><W122/><G122/><T101/><D133/><U45/><E45/><V119/><F120/><W40/><G40/><T111/><D124/><U60/><E60/><V35/><F119/><W27/><AGARI ba="0,1" hai="17,20,27,44,47,82,86,88,98,103,107" m="12288" machi="27" ten="40,8000,1" yaku="1,1,0,1,52,2,54,1,53,0" doraHai="16,92" doraHaiUra="34,106" who="3" fromWho="3" sc="250,-40,250,-20,250,-20,240,90" /><INIT seed="1,0,0,4,4,103" ten="210,230,230,330" oya="1" hai0="58,62,1,113,135,42,84,25,59,70,8,44,30" hai1="0,28,109,85,89,45,53,29,19,41,34,81,12" hai2="107,78,16,47,37,100,7,91,79,3,118,104,33" hai3="127,23,124,64,92,49,110,15,31,22,27,20,2"/><U130/><E130/><V123/><F123/><W117/><G2/><T87/><D113/><U54/><E0/><V129/><F33/><N who="3" m="20735" /><G64/><T74/><D74/><U82/><E109/><V116/><F129/><W122/><G122/><T94/><D135/><U40/><E82/><V99/><F107/><W133/><G110/><T67/><D70/><U114/><E114/><V115/><F115/><W50/><G133/><T11/><D59/><U108/><E108/><V128/><F128/><W48/><G92/><T75/><D75/><U111/><E111/><V98/><F7/><W51/><N who="3" m="12288" /><DORA hai="119" /><W21/><G117/><T18/><D94/><U121/><E121/><V57/><F3/><W77/><G77/><T105/><D105/><U88/><E89/><V46/><F57/><W5/><G5/><T95/><D95/><U66/><E66/><V83/><F91/><W65/><G65/><T39/><D11/><N who="1" m="6559" /><E45/><V132/><F132/><W68/><G68/><T69/><D69/><U120/><E34/><V101/><F37/><W90/><G90/><T134/><D134/><U38/><E38/><V26/><F116/><W60/><G60/><T17/><D1/><U80/><E80/><V61/><F61/><W112/><G112/><T126/><D126/><N who="3" m="48169" /><G23/><N who="0" m="15679" /><D8/><U93/><E120/><V102/><F118/><W76/><G76/><N who="2" m="29225" /><F104/><W55/><G55/><N who="1" m="21002" /><E81/><V97/><F83/><W43/><G43/><AGARI ba="0,0" hai="28,29,40,41,43,85,88,93" m="21002,6559" machi="43" ten="30,2900,0" yaku="8,1,54,1" doraHai="103,119" who="1" fromWho="3" sc="210,0,230,29,230,0,330,-29" /><INIT seed="1,1,0,5,2,87" ten="210,259,230,301" oya="1" hai0="32,52,131,70,12,27,120,132,126,40,34,29,74" hai1="118,50,43,51,14,65,37,112,35,41,110,80,76" hai2="91,121,61,59,84,103,30,18,54,19,5,42,88" hai3="72,21,100,102,89,62,122,123,23,24,111,38,105"/><U16/><E112/><V108/><F121/><W129/><G38/><T9/><D74/><U116/><E35/><V58/><F108/><W92/><G72/><T78/><D34/><U94/><E65/><V49/><F30/><W0/><G0/><T3/><D3/><U25/><E25/><V77/><F103/><W63/><G111/><T33/><D33/><U64/><E64/><N who="2" m="38975" /><F42/><W109/><G109/><T134/><D120/><U82/><E110/><V114/><F5/><W128/><G62/><T17/><D126/><U13/><E94/><V60/><F60/><W73/><G63/><T6/><D131/><N who="3" m="50249" /><G73/><T93/><D70/><U101/><E76/><V119/><F119/><W11/><G11/><T97/><D40/><U4/><E4/><V69/><F69/><W2/><G2/><T127/><D78/><U75/><E75/><V22/><F114/><W107/><G23/><T68/><D68/><U36/><REACH who="1" step="1"/><E101/><REACH who="1" ten="210,249,230,301" step="2"/><N who="3" m="39018" /><G123/><T124/><D127/><U133/><E133/><V86/><F77/><W83/><G122/><T44/><D124/><U46/><E46/><V130/><F130/><W85/><G92/><T47/><D47/><U45/><E45/><V125/><F125/><W90/><G90/><N who="2" m="34345" /><F19/><AGARI ba="1,1" hai="19,21,24,83,85,89,105,107" m="39018,50249" machi="19" ten="30,2000,0" yaku="19,1,52,1" doraHai="87" who="3" fromWho="2" sc="210,0,249,0,230,-23,301,33" /><AGARI ba="1,0" hai="13,14,16,19,36,37,41,43,50,51,80,82,116,118" machi="19" ten="25,9600,0" yaku="1,1,22,2,54,1,53,0" doraHai="87" doraHaiUra="56" who="1" fromWho="2" sc="210,0,249,96,207,-96,334,0" /><INIT seed="1,2,0,0,1,125" ten="210,345,111,334" oya="1" hai0="54,128,89,119,86,47,110,103,115,73,64,58,129" hai1="84,48,126,97,93,120,42,118,32,16,65,0,55" hai2="113,122,88,75,109,92,72,38,51,77,36,34,111" hai3="100,3,44,50,106,132,1,101,43,7,91,61,11"/><U37/><E126/><V23/><F34/><W104/><G132/><T45/><D110/><U20/><E118/><V13/><F122/><W79/><G79/><T2/><D2/><U68/><E120/><V39/><F113/><W53/><G3/><T123/><D123/><U107/><E0/><V124/><F124/><W57/><REACH who="3" step="1"/><G91/><REACH who="3" ten="210,345,111,324" step="2"/><T90/><D90/><U71/><E32/><V83/><F75/><W69/><G69/><T5/><D89/><U135/><E135/><V81/><F81/><W12/><G12/><T82/><D73/><U35/><E35/><V49/><F111/><W133/><G133/><T14/><D82/><U6/><E68/><V59/><F109/><W70/><G70/><T33/><D33/><U85/><E71/><V62/><F13/><W87/><G87/><T24/><D86/><U60/><E84/><V121/><F121/><W127/><G127/><T105/><D14/><N who="1" m="9239" /><E85/><V17/><F72/><W67/><G67/><T52/><D64/><U66/><E66/><V8/><F77/><W21/><G21/><T74/><D74/><U27/><E27/><V131/><F23/><W108/><G108/><T46/><D24/><U18/><E65/><V41/><F83/><W15/><G15/><T29/><D115/><U9/><E9/><V28/><F8/><W117/><G117/><T30/><D119/><U25/><E25/><V40/><F88/><W95/><G95/><T112/><D112/><U76/><E76/><V10/><F92/><W94/><G94/><T98/><D105/><AGARI ba="2,1" hai="1,7,11,43,44,50,53,57,61,100,101,104,105,106" machi="105" ten="40,1300,0" yaku="1,1,53,0" doraHai="125" doraHaiUra="26" who="3" fromWho="0" sc="210,-19,345,0,111,0,324,29" /><INIT seed="2,0,0,0,4,39" ten="191,345,111,353" oya="2" hai0="111,17,135,66,32,40,73,56,13,128,88,115,87" hai1="38,61,71,60,24,77,1,131,68,42,80,93,109" hai2="30,4,64,95,105,84,97,50,125,114,43,112,104" hai3="129,132,74,28,72,53,19,107,130,55,29,59,45"/><V100/><F125/><W7/><G107/><T0/><D115/><U51/><E1/><V123/><F123/><W110/><G7/><T41/><D73/><N who="3" m="28265" /><G110/><T86/><D0/><U6/><E109/><V57/><F4/><W9/><G45/><T69/><D69/><U63/><E6/><V94/><F30/><N who="3" m="11883" /><G59/><T23/><D32/><U15/><E38/><V108/><F108/><W25/><G9/><T67/><D111/><U127/><E131/><N who="3" m="50186" /><G132/><T20/><D135/><U21/><E127/><V91/><F64/><N who="0" m="24618" /><D86/><N who="1" m="48399" /><E68/><V65/><F65/><W133/><G133/><T14/><D56/><U2/><E2/><V83/><F57/><W118/><G118/><T75/><D75/><U11/><E71/><V116/><F116/><W76/><G76/><T78/><D78/><U27/><E21/><AGARI ba="0,0" hai="19,21,25,53,55" m="50186,11883,28265" machi="21" ten="40,1300,0" yaku="19,1" doraHai="39" who="3" fromWho="1" sc="191,0,345,-13,111,0,353,13" /><INIT seed="3,0,0,1,2,87" ten="191,332,111,366" oya="3" hai0="58,125,52,3,45,41,35,96,36,11,63,22,135" hai1="120,103,74,80,5,28,91,92,118,70,16,14,53" hai2="19,51,9,56,105,67,31,71,98,102,37,101,88" hai3="113,34,115,42,50,127,76,10,129,90,83,7,121"/><W4/><G34/><T6/><D135/><U81/><E120/><V69/><F37/><W15/><G121/><T94/><D125/><U20/><E70/><V89/><F31/><W57/><G127/><T106/><D106/><U119/><E103/><V33/><F33/><W0/><G129/><T84/><D84/><N who="1" m="52327" /><E74/><V131/><F131/><W17/><G90/><T60/><D35/><U104/><E104/><V77/><F77/><W73/><G7/><T123/><D123/><U100/><E100/><V32/><F32/><W39/><G57/><T99/><D22/><U110/><E110/><V38/><F38/><W55/><G55/><T112/><D112/><U26/><E53/><V79/><F79/><W25/><G50/><T46/><D46/><U48/><E48/><V59/><F51/><W68/><G25/><T12/><D3/><U95/><E95/><V43/><F105/><W117/><G68/><T1/><D1/><U134/><E5/><V62/><F62/><W44/><G117/><N who="1" m="44554" /><E134/><V128/><F128/><W40/><G40/><T130/><D130/><U78/><E78/><V86/><F43/><W124/><G124/><T97/><D63/><U133/><E133/><V29/><F29/><W72/><G72/><T109/><D109/><U108/><E108/><V54/><F54/><W93/><G93/><T61/><D61/><U85/><E85/><V111/><F111/><W126/><G126/><T8/><D60/><U114/><E114/><V65/><F86/><W107/><G107/><T27/><D41/><U18/><E14/><V82/><F82/><AGARI ba="0,0" hai="16,18,20,26,28,80,81,82" m="44554,52327" machi="82" ten="30,3900,0" yaku="12,1,52,1,54,1" doraHai="87" who="1" fromWho="2" sc="191,0,332,39,111,-39,366,0" owari="191,-20.9,371,47.1,72,-42.8,366,16.6" /></mjloggm>