<mjloggm ver="2.3"><GO type="225" lobby="0"/><UN n0="%E7%82%BA%E4%BA%86%E6%89%93%E6%95%97%E7%94%B7%E5%8F%8B%E7%9A%84" n1="%E3%83%97%E3%83%92" n2="%E5%8D%A0%E3%81%84%E5%B8%AB%E8%A3%8F%E3%81%AA%E3%81%84%E3%81%97" n3="%73%6C%69%63%6B%33%31%39" dan="16,17,16,16" rate="2057.67,2208.86,2153.24,2101.83" sx="F,M,M,M"/><TAIKYOKU oya="0"/><INIT seed="0,0,0,2,2,48" ten="250,250,250,250" oya="0" hai0="32,68,5,13,44,50,106,69,70,94,52,87,122" hai1="79,11,127,66,26,135,19,29,34,57,47,56,12" hai2="46,114,27,1,128,133,49,42,110,78,7,123,9" hai3="33,75,21,60,15,58,81,72,0,109,91,6,129"/><T22/><D122/><U43/><E127/><V62/><F123/><W55/><G33/><T98/><D32/><U38/><E135/><V103/><F114/><W86/><G109/><T17/><D5/><U65/><E79/><V2/><F110/><W30/><G129/><T84/><REACH who="0" step="1"/><D106/><REACH who="0" ten="240,250,250,250" step="2"/><U130/><E130/><V95/><F128/><W132/><G132/><T111/><D111/><U102/><E102/><AGARI ba="0,1" hai="13,17,22,44,50,52,68,69,70,84,87,94,98,102" machi="102" ten="40,7700,0" yaku="1,1,52,1,54,1,53,0" doraHai="48" doraHaiUra="112" who="0" fromWho="1" sc="240,87,250,-77,250,0,250,0" /><INIT seed="0,1,0,3,3,85" ten="327,173,250,250" oya="0" hai0="36,93,41,42,66,114,29,113,76,9,99,102,130" hai1="90,87,24,8,78,39,123,48,127,28,33,10,3" hai2="135,23,105,107,44,72,125,20,19,83,45,98,134" hai3="31,67,52,128,56,89,38,16,7,118,119,13,30"/><T57/><D130/><U91/><E123/><V60/><F125/><W84/><G38/><T100/><D100/><U65/><E127/><V0/><F0/><W53/><G128/><T117/><D117/><U131/><E39/><V109/><F109/><W97/><G97/><T35/><D76/><U27/><E131/><V43/><F60/><N who="3" m="38279" /><G119/><T17/><D29/><N who="3" m="10761" /><G7/><T120/><D35/><U108/><E108/><V112/><F112/><W82/><G118/><T14/><D120/><U61/><E24/><V69/><F69/><W51/><G51/><T5/><D5/><U101/><E101/><V2/><F2/><W103/><G103/><T133/><D36/><U58/><E48/><V4/><F4/><W126/><G126/><T74/><D74/><U1/><E3/><V18/><F98/><W116/><G116/><T64/><D114/><U34/><E34/><V95/><F72/><W96/><G96/><T111/><D111/><U12/><E1/><V62/><F62/><W121/><G121/><T132/><D113/><U11/><REACH who="1" step="1"/><E12/><REACH who="1" ten="327,163,250,250" step="2"/><V54/><F107/><W124/><G124/><T59/><D102/><U49/><E49/><V47/><F105/><W15/><G13/><T70/><D14/><U46/><E46/><V40/><F45/><W110/><G110/><T77/><D133/><U80/><AGARI ba="1,1" hai="8,10,11,27,28,33,58,61,65,78,80,87,90,91" machi="80" ten="30,8000,1" yaku="1,1,0,1,52,2,53,1" doraHai="85" doraHaiUra="26" who="1" fromWho="1" sc="327,-41,163,93,250,-21,250,-21" /><INIT seed="1,0,0,1,2,27" ten="286,256,229,229" oya="1" hai0="68,73,108,51,32,132,87,109,70,38,42,119,59" hai1="134,130,100,35,40,41,110,106,96,34,117,54,114" hai2="56,116,53,22,13,64,76,120,135,105,89,46,65" hai3="102,111,12,128,99,3,95,31,21,28,16,43,104"/><U113/><E117/><V26/><F116/><W23/><G3/><T57/><D119/><U52/><E134/><V36/><F120/><W112/><G112/><T29/><D73/><U92/><E130/><V69/><F135/><W83/><G128/><T122/><D132/><U101/><E110/><N who="0" m="42601" /><D38/><U63/><E92/><V129/><F129/><W115/><G115/><T8/><D8/><U77/><E63/><V125/><F125/><W97/><G111/><T67/><D67/><U98/><REACH who="1" step="1"/><E77/><REACH who="1" ten="286,246,229,229" step="2"/><V84/><F76/><W124/><G124/><T78/><D78/><U88/><E88/><V118/><F89/><W49/><G83/><T126/><D126/><U60/><E60/><V72/><F118/><W47/><G21/><T11/><D122/><U14/><E14/><V30/><F13/><W86/><G86/><T85/><D85/><U58/><E58/><V71/><F84/><W91/><AGARI ba="0,1" hai="12,16,23,28,31,43,47,49,91,95,97,99,102,104" machi="91" ten="20,8000,1" yaku="0,1,7,1,52,2,54,1" doraHai="27" who="3" fromWho="3" sc="286,-20,246,-40,229,-20,229,90" /><INIT seed="2,0,0,2,0,0" ten="266,206,209,319" oya="2" hai0="33,117,68,19,85,76,25,99,38,42,22,70,134" hai1="7,8,122,115,73,75,79,37,94,110,86,67,59" hai2="16,103,74,24,96,89,133,30,44,51,26,131,78" hai3="17,64,82,48,21,125,92,83,43,124,61,58,118"/><V88/><F74/><W47/><G118/><T60/><D134/><U55/><E115/><V120/><F120/><W104/><G104/><T81/><D117/><U14/><E122/><V106/><F133/><W31/><G31/><T35/><D99/><U105/><E105/><V12/><F78/><W13/><REACH who="3" step="1"/><G92/><REACH who="3" ten="266,206,209,309" step="2"/><T127/><D127/><AGARI ba="0,1" hai="13,17,21,43,47,48,58,61,64,82,83,124,125,127" machi="127" ten="40,5200,0" yaku="1,1,2,1,18,1,53,0" doraHai="0" doraHaiUra="3" who="3" fromWho="0" sc="266,-52,206,0,209,0,309,62" /><INIT seed="3,0,0,0,0,133" ten="214,206,209,371" oya="3" hai0="94,6,115,68,82,52,66,130,95,37,134,54,69" hai1="110,118,19,109,8,91,114,55,92,53,131,28,16" hai2="132,127,70,12,5,29,84,97,89,1,15,72,71" hai3="83,2,9,113,31,65,43,20,77,38,34,35,47"/><W50/><G113/><T63/><D134/><U75/><E114/><V60/><F132/><W86/><G65/><T25/><D37/><U49/><E75/><V4/><F72/><W18/><G31/><T112/><D130/><U80/><E131/><V125/><F29/><W67/><G67/><T101/><D69/><N who="2" m="26122" /><F60/><W135/><G135/><T121/><D121/><U126/><E80/><N who="2" m="49287" /><F97/><W105/><G105/><T93/><D101/><U124/><E28/><V0/><F5/><W27/><G50/><T76/><D6/><U122/><E122/><V58/><F58/><W45/><G47/><T102/><D102/><U56/><E55/><V17/><F4/><W99/><G99/><T104/><D104/><U59/><E56/><V106/><F106/><W96/><G96/><T81/><D115/><U123/><E118/><V98/><F98/><W73/><G86/><T30/><D82/><U11/><E123/><V119/><F15/><W116/><G116/><T33/><REACH who="0" step="1"/><D112/><REACH who="0" ten="204,206,209,371" step="2"/><U24/><E92/><V21/><F119/><W100/><G100/><T87/><AGARI ba="0,1" hai="25,30,33,52,54,63,66,68,76,81,87,93,94,95" machi="87" ten="30,7900,0" yaku="1,1,2,1,0,1,54,1,53,0" doraHai="133" doraHaiUra="7" who="0" fromWho="0" sc="204,89,206,-20,209,-20,371,-39" owari="293,9.3,186,-31.4,189,-21.1,332,43.2" /></mjloggm>