<mjloggm ver="2.3"><GO type="225" lobby="0"/><UN n0="%E3%81%8B%E3%82%8F%E3%81%A1%E3%82%83%E3%82%93%35%38" n1="%E4%BF%BA%E3%81%A8%E5%A6%96%E5%A4%A2" n2="%E9%97%98%E5%B0%86%E3%81%A0%E3%82%93%E3%81%A7%E3%81%83" n3="%E3%81%AF%E3%82%88%E3%81%8A%E3%81%98%E3%81%95%E3%82%93" dan="17,17,16,17" rate="2171.25,2180.49,2132.75,2171.02" sx="M,F,M,M"/><TAIKYOKU oya="0"/><INIT seed="0,0,0,1,0,5" ten="250,250,250,250" oya="0" hai0="11,48,119,19,81,94,39,125,121,55,14,75,120" hai1="63,104,115,64,51,99,4,7,90,29,131,109,33" hai2="133,38,28,0,132,110,74,127,96,8,129,20,102" hai3="53,26,76,126,135,10,50,93,82,61,130,103,52"/><T118/><D94/><U47/><E109/><V83/><F38/><W117/><G117/><N who="0" m="44555" /><D81/><U71/><E131/><V116/><F129/><W86/><G130/><T68/><D48/><U25/><E115/><V77/><F127/><W44/><G126/><T31/><D55/><U13/><E13/><V18/><F110/><W30/><G135/><N who="2" m="51785" /><F116/><W73/><G103/><T88/><D88/><U95/><REACH who="1" step="1"/><E104/><REACH who="1" ten="250,240,250,250" step="2"/><N who="2" m="63559" /><F28/><W128/><G128/><T66/><D31/><U134/><E134/><V57/><F0/><W59/><G10/><T6/><D11/><U3/><E3/><V16/><F8/><W65/><G93/><T69/><D125/><U78/><E78/><V35/><F35/><W40/><REACH who="3" step="1"/><G73/><REACH who="3" ten="250,240,250,240" step="2"/><T113/><D75/><U43/><AGARI ba="0,2" hai="4,7,25,29,33,43,47,51,63,64,71,90,95,99" machi="43" ten="20,2700,0" yaku="1,1,0,1,7,1,53,0" doraHai="5" doraHaiUra="54" who="1" fromWho="1" sc="250,-13,240,47,250,-7,240,-7" /><INIT seed="1,0,0,0,2,58" ten="237,287,243,233" oya="1" hai0="123,27,115,116,121,8,88,54,71,57,51,85,111" hai1="95,79,28,7,43,63,33,0,9,10,53,91,1" hai2="92,78,37,3,131,29,113,124,83,135,11,76,102" hai3="48,12,130,18,26,93,42,34,65,30,107,41,94"/><U133/><E133/><V25/><F37/><W14/><G107/><T5/><D115/><U77/><E43/><V108/><F135/><W49/><G130/><T59/><D116/><U21/><E33/><V104/><F104/><W89/><G65/><T86/><D71/><U36/><E36/><V16/><F131/><W112/><G112/><T125/><D111/><U32/><E32/><V2/><F113/><W119/><G119/><T117/><D117/><U87/><E28/><V109/><F124/><W80/><G80/><T45/><D86/><U96/><E21/><N who="2" m="15535" /><F92/><W23/><G94/><T101/><D101/><U20/><E20/><V70/><F70/><W98/><G12/><T128/><D128/><U110/><E110/><N who="2" m="42603" /><F102/><W35/><G35/><T46/><D27/><U132/><E132/><V118/><F118/><W120/><G120/><N who="0" m="46155" /><D46/><U67/><E53/><V38/><F38/><W81/><G81/><N who="0" m="49199" /><D125/><U50/><E87/><V13/><F76/><W73/><G73/><AGARI ba="0,0" hai="2,3,11,13,16,73,78,83" m="42603,15535" machi="73" ten="30,2000,0" yaku="14,1,54,1" doraHai="58" who="2" fromWho="3" sc="237,0,287,0,243,20,233,-20" /><INIT seed="2,0,0,0,4,127" ten="237,287,263,213" oya="2" hai0="60,32,91,76,7,15,83,94,79,111,99,85,2" hai1="128,102,27,47,1,96,105,64,39,45,103,119,59" hai2="100,120,75,36,114,8,12,98,115,68,84,90,126" hai3="26,28,132,33,73,18,121,14,58,110,5,29,61"/><V118/><F68/><W71/><G110/><T51/><D111/><U43/><E119/><V67/><F36/><W107/><G132/><T20/><D32/><U40/><E1/><V81/><F67/><W134/><G134/><T89/><D2/><U21/><E102/><V11/><F120/><W23/><G121/><T95/><D60/><U56/><E64/><V122/><F122/><W113/><G113/><T130/><D130/><U125/><E125/><V13/><F118/><W10/><G73/><T25/><D51/><U54/><E54/><V50/><F126/><W9/><G107/><T116/><D116/><U24/><E128/><V123/><F123/><W104/><G104/><T80/><D15/><U77/><E77/><N who="0" m="29769" /><D7/><U31/><REACH who="1" step="1"/><E27/><REACH who="1" ten="237,277,263,213" step="2"/><V65/><F65/><W93/><G71/><T72/><D72/><U19/><E19/><AGARI ba="0,1" hai="19,20,25,80,83,85,89,91,94,95,99" m="29769" machi="19" ten="30,1000,0" yaku="8,1" doraHai="127" who="0" fromWho="1" sc="237,20,277,-10,263,0,213,0" /><INIT seed="3,0,0,1,5,89" ten="257,267,263,213" oya="3" hai0="103,42,88,99,131,128,38,17,114,36,11,116,92" hai1="95,72,135,73,97,5,52,34,7,60,12,19,47" hai2="50,122,13,120,132,32,79,57,16,33,91,134,109" hai3="44,40,62,25,70,86,3,107,61,112,23,0,101"/><W49/><G112/><T98/><D116/><U81/><E34/><V24/><F109/><W39/><G39/><T110/><D110/><U59/><E135/><N who="2" m="51755" /><F79/><W105/><G86/><T2/><D114/><U119/><E119/><V84/><F57/><W10/><G101/><T48/><D48/><U63/><E47/><V64/><F64/><W69/><G62/><T90/><D90/><U129/><E129/><N who="0" m="49737" /><D42/><U74/><E81/><V93/><F50/><W102/><G102/><T22/><D11/><U100/><REACH who="1" step="1"/><E63/><REACH who="1" ten="257,257,263,213" step="2"/><V46/><F46/><W111/><G111/><T75/><D75/><U35/><E35/><N who="2" m="13387" /><F24/><W66/><G69/><T71/><D71/><U20/><AGARI ba="0,1" hai="5,7,12,19,20,52,59,60,72,73,74,95,97,100" machi="20" ten="30,7900,0" yaku="1,1,0,1,52,1,54,1,53,0" doraHai="89" doraHaiUra="41" who="1" fromWho="1" sc="257,-20,257,89,263,-20,213,-39" owari="237,-16.3,346,44.6,243,4.3,174,-32.6" /></mjloggm>