<mjloggm ver="2.3"><GO type="225" lobby="0"/><UN n0="%E3%82%A2%E3%82%A4%E3%82%B9%E3%83%86%E3%82%A3%E3%83%BC%E3%81%82%E3%81%B9" n1="%E3%81%86%E3%83%BC%E3%81%B1%E3%83%BC" n2="%E5%BA%83%E7%80%AC%E5%BA%B7%E4%B8%80" n3="%E3%81%BE%E3%81%A8%E3%81%9F" dan="16,17,16,16" rate="2067.31,2166.07,2121.19,2082.37" sx="M,F,M,M"/><TAIKYOKU oya="0"/><INIT seed="0,0,0,3,5,17" ten="250,250,250,250" oya="0" hai0="56,66,16,33,63,78,29,44,18,55,68,7,81" hai1="15,40,61,75,109,59,84,50,27,79,89,8,24" hai2="102,42,54,31,96,135,116,86,21,14,98,70,2" hai3="43,104,3,113,111,67,123,105,76,13,57,1,64"/><T69/><D7/><U126/><E109/><V74/><F74/><W38/><G76/><T130/><D130/><U115/><E126/><V72/><F72/><W99/><G99/><T28/><D44/><N who="1" m="25863" /><E75/><V112/><F112/><W37/><G57/><T4/><D4/><N who="1" m="3463" /><E79/><V95/><F2/><W80/><G43/><T85/><D69/><U51/><E51/><V71/><F42/><W122/><G80/><T93/><D93/><N who="1" m="54439" /><E115/><V101/><F71/><W52/><G113/><T11/><D11/><U119/><E119/><V36/><F36/><W60/><G60/><T127/><D127/><U124/><E124/><V45/><F70/><W118/><G111/><T10/><D10/><U25/><E25/><V103/><F116/><W100/><G118/><T87/><D85/><U110/><E110/><V46/><F86/><W97/><G97/><T9/><D9/><U90/><E90/><V26/><F98/><W117/><G117/><T114/><D114/><U107/><E107/><V39/><F39/><W125/><G125/><T73/><D73/><U128/><E128/><V32/><F103/><W83/><G100/><T121/><D33/><U35/><E35/><V47/><F102/><W12/><G83/><T19/><REACH who="0" step="1"/><D121/><REACH who="0" ten="240,250,250,250" step="2"/><U134/><E134/><V108/><F135/><W34/><G34/><T48/><AGARI ba="0,1" hai="16,18,19,28,29,48,55,56,63,66,68,78,81,87" machi="48" ten="30,12000,1" yaku="1,1,2,1,0,1,54,1,53,1" doraHai="17" doraHaiUra="65" who="0" fromWho="0" sc="240,130,250,-40,250,-40,250,-40" /><INIT seed="0,1,0,4,5,23" ten="370,210,210,210" oya="0" hai0="128,45,113,58,9,38,61,8,26,25,126,81,30" hai1="127,125,1,34,4,35,93,119,90,29,98,80,87" hai2="10,103,70,41,99,5,120,133,75,79,63,56,110" hai3="37,100,94,7,53,16,124,131,72,44,118,14,84"/><T19/><D113/><U74/><E119/><V3/><F120/><W60/><G118/><T89/><D126/><N who="1" m="48139" /><E74/><V65/><F110/><W114/><G124/><T62/><D128/><U28/><E4/><V96/><F133/><W91/><G72/><T112/><D112/><U107/><E107/><V68/><F41/><W39/><G114/><T104/><D104/><U48/><E48/><V52/><F103/><W106/><G7/><T121/><D121/><U54/><E54/><V129/><F129/><W83/><G106/><T50/><D38/><U97/><E1/><V135/><F135/><W21/><G131/><T51/><D30/><N who="1" m="11883" /><E98/><V27/><F70/><W18/><G18/><T43/><D51/><U36/><E36/><V2/><F2/><W122/><G122/><T42/><D43/><U32/><E32/><V12/><F3/><W6/><G6/><T64/><D62/><U69/><E69/><V47/><F96/><W22/><G39/><T67/><D64/><U76/><AGARI ba="1,0" hai="34,35,76,80,87,90,93,97" m="11883,48139" machi="76" ten="30,1100,0" yaku="18,1" doraHai="23" who="1" fromWho="1" sc="370,-6,210,14,210,-4,210,-4" /><INIT seed="1,0,0,1,1,15" ten="364,224,206,206" oya="1" hai0="108,90,21,71,3,119,13,76,11,70,128,86,98" hai1="104,14,101,116,6,115,16,125,24,30,49,48,135" hai2="46,38,36,73,109,74,113,77,102,22,32,39,130" hai3="50,88,7,17,131,57,8,127,45,92,66,111,114"/><U107/><E115/><V43/><F32/><W124/><G114/><T61/><D108/><U87/><E116/><V134/><F113/><W54/><G111/><T117/><D128/><U28/><E125/><N who="3" m="48202" /><G131/><T20/><D3/><U79/><E135/><V60/><F109/><W37/><G37/><T118/><D76/><U97/><E104/><V105/><F130/><W80/><G80/><T89/><D98/><U96/><E6/><V9/><F134/><W95/><G95/><T68/><D61/><U2/><E2/><V81/><F73/><W72/><G72/><T78/><D78/><U126/><E126/><V34/><F34/><W93/><G93/><T40/><D40/><U56/><E96/><V121/><F121/><W83/><G83/><T64/><D64/><U58/><E87/><V53/><F9/><W12/><G66/><T63/><D63/><U122/><E79/><V26/><F105/><W106/><G106/><T91/><D86/><U67/><E122/><V5/><F102/><W1/><G1/><T123/><D123/><U120/><E120/><V0/><F0/><W62/><G62/><T65/><D65/><U112/><E112/><V35/><F36/><W129/><G129/><T59/><D59/><N who="1" m="22571" /><E67/><V110/><F38/><W69/><G69/><T25/><D25/><U132/><E132/><V19/><F110/><W94/><G57/><T84/><D84/><U85/><E85/><V33/><F60/><W41/><G88/><T18/><AGARI ba="0,0" hai="11,13,18,20,21,68,70,71,89,90,91,117,118,119" machi="18" ten="50,8000,1" yaku="0,1,29,2,52,1" doraHai="15" who="0" fromWho="0" sc="364,80,224,-40,206,-20,206,-20" /><INIT seed="2,0,0,3,3,21" ten="444,184,186,186" oya="2" hai0="63,113,20,28,47,110,109,134,23,130,52,49,80" hai1="60,81,68,32,111,66,56,131,82,43,77,31,126" hai2="41,15,11,93,9,79,0,16,106,129,69,104,132" hai3="55,26,33,58,59,96,100,90,39,89,10,72,124"/><V107/><F129/><W88/><G72/><T13/><D113/><U37/><E131/><V86/><F132/><W62/><G39/><T34/><D130/><U121/><E111/><N who="0" m="42505" /><D134/><U18/><E126/><V108/><F108/><W46/><G124/><T2/><D2/><U83/><E121/><V70/><F41/><W122/><G122/><T128/><D128/><U6/><E18/><V27/><F27/><W22/><G46/><T12/><D80/><U45/><E6/><V99/><F86/><W97/><G33/><T50/><D63/><U91/><E91/><V103/><REACH who="2" step="1"/><F79/><REACH who="2" ten="444,184,176,186" step="2"/><W135/><G135/><T123/><D123/><U48/><E77/><V75/><F75/><W51/><G100/><T4/><D34/><U29/><E32/><V116/><F116/><W119/><G119/><T115/><D115/><U78/><E78/><V65/><F65/><N who="3" m="39127" /><G10/><T87/><D87/><U24/><E24/><V14/><F14/><W36/><G36/><T73/><D13/><U71/><E71/><V112/><F112/><W98/><G90/><T127/><D12/><U125/><E125/><V118/><F118/><W53/><G53/><AGARI ba="0,1" hai="29,31,37,43,45,48,53,56,60,66,68,81,82,83" machi="53" ten="40,2600,0" yaku="24,2" doraHai="21" who="1" fromWho="3" sc="444,0,184,36,176,0,186,-26" /><INIT seed="3,0,0,1,5,90" ten="444,220,176,160" oya="3" hai0="92,51,26,134,23,94,17,102,122,117,78,133,41" hai1="50,19,123,32,68,76,79,52,100,22,18,91,4" hai2="85,112,67,127,107,40,8,124,121,7,128,89,2" hai3="96,95,36,27,114,126,74,54,29,60,109,6,66"/><W12/><G114/><T59/><D122/><U64/><E32/><V16/><F112/><W72/><G36/><T15/><D78/><U69/><E100/><V37/><F121/><W62/><G126/><N who="2" m="48169" /><F107/><W1/><G1/><T25/><D102/><U63/><E68/><V77/><F67/><W108/><G54/><N who="0" m="32223" /><D41/><U48/><E4/><V71/><F71/><N who="3" m="42439" /><G62/><T130/><D117/><U132/><E48/><V75/><F16/><W44/><G44/><T9/><D130/><U131/><E22/><V81/><F128/><W45/><G45/><T3/><D3/><U70/><E79/><V73/><F77/><W84/><G84/><T5/><D26/><U105/><E63/><V119/><F119/><W65/><G65/><T104/><D104/><U20/><E64/><V30/><F30/><W82/><G12/><T47/><D47/><AGARI ba="0,0" hai="2,7,8,37,40,47,73,75,81,85,89" m="48169" machi="47" ten="30,1000,0" yaku="18,1" doraHai="90" who="2" fromWho="0" sc="444,-10,220,0,176,10,160,0" owari="434,53.4,220,2.0,186,-21.4,160,-34.0" /></mjloggm>