<mjloggm ver="2.3"><GO type="225" lobby="0"/><UN n0="%33%74%72%65%65" n1="%E6%97%A5%E6%9B%9C%E6%97%A5%E3%82%88%E3%82%8A%E3%81%AE%E4%BD%BF%E8%80%85" n2="%E3%81%A8%E3%82%93%E3%81%A8%E3%81%93%E3%81%A8%E3%82%93" n3="%E5%8F%AF%E5%85%90%E9%82%A3%E7%94%B1%E5%A4%9A" dan="16,17,16,17" rate="2128.64,2121.69,2119.04,2231.15" sx="F,M,M,F"/><TAIKYOKU oya="0"/><INIT seed="0,0,0,5,5,67" ten="250,250,250,250" oya="0" hai0="85,63,100,127,105,111,20,103,45,125,68,37,17" hai1="62,27,110,59,113,134,60,28,84,51,99,76,12" hai2="77,61,122,23,0,93,57,106,3,15,79,52,54" hai3="50,133,74,16,38,4,48,89,123,5,118,130,101"/><T25/><D111/><U29/><E134/><V119/><F106/><W26/><G118/><T86/><D37/><U131/><E131/><V102/><F122/><W70/><G38/><T108/><D45/><U115/><E12/><V39/><F39/><W36/><G36/><T98/><D103/><U66/><E110/><V92/><F119/><W43/><G74/><T55/><D108/><U116/><E116/><V33/><F33/><W126/><G130/><T21/><D21/><U1/><E1/><V40/><F40/><W109/><G109/><T121/><D121/><U107/><E51/><V132/><F132/><W97/><G123/><T49/><D63/><U64/><E84/><V6/><F6/><W91/><G133/><T82/><D68/><N who="1" m="41991" /><E76/><V80/><F0/><W44/><G50/><T83/><D49/><U87/><E87/><N who="2" m="48527" /><F79/><W7/><G70/><T129/><D129/><U2/><E2/><V18/><F3/><W78/><G78/><T112/><D112/><N who="1" m="43083" /><E27/><V95/><F102/><AGARI ba="0,0" hai="28,29,59,62,66,99,102,107" m="43083,41991" machi="102" ten="30,2000,0" yaku="11,1,52,1" doraHai="67" who="1" fromWho="2" sc="250,0,250,20,250,-20,250,0" /><INIT seed="1,0,0,3,1,34" ten="250,270,230,250" oya="1" hai0="20,126,61,30,2,80,24,128,14,120,32,78,68" hai1="125,6,82,47,50,12,18,35,29,48,23,63,11" hai2="115,98,121,135,79,99,134,5,94,56,28,109,100" hai3="91,75,13,96,129,9,124,131,60,64,7,74,102"/><U127/><E63/><V97/><F28/><W101/><G91/><T41/><D128/><N who="3" m="49225" /><G124/><N who="1" m="47690" /><E82/><V113/><F5/><W112/><G112/><N who="2" m="43081" /><F56/><N who="3" m="36871" /><G102/><T27/><D126/><U19/><E19/><V17/><F17/><W42/><G42/><T133/><D41/><U16/><E18/><V71/><F71/><W119/><G119/><T81/><D68/><U31/><E35/><V15/><F121/><W89/><G89/><T123/><D32/><U43/><E50/><V106/><F79/><W53/><G53/><T122/><D78/><U104/><E104/><AGARI ba="0,0" hai="7,9,13,74,75,96,101,104" m="36871,49225" machi="104" ten="30,1000,0" yaku="19,1" doraHai="34" who="3" fromWho="1" sc="250,0,270,-10,230,0,250,10" /><INIT seed="2,0,0,4,5,27" ten="250,260,230,260" oya="2" hai0="56,43,46,57,119,116,15,44,31,81,103,126,63" hai1="75,28,74,24,123,85,6,58,39,107,133,67,66" hai2="97,130,37,95,114,61,102,19,117,35,96,76,7" hai3="42,34,68,26,1,83,41,14,49,87,128,122,54"/><V36/><F114/><W135/><G122/><T86/><D126/><U53/><E39/><V59/><F117/><N who="0" m="45130" /><D103/><U48/><E107/><V71/><F71/><W131/><G1/><T120/><D120/><U124/><E124/><V25/><F130/><N who="3" m="49707" /><G68/><T108/><D108/><U70/><E133/><V22/><F7/><W11/><G135/><T38/><D31/><U10/><E85/><V29/><F97/><W111/><G111/><T72/><D72/><U73/><E70/><V79/><F37/><W132/><G132/><T82/><D44/><U8/><E123/><V78/><F36/><W55/><G26/><T69/><D15/><U52/><E53/><N who="3" m="19978" /><G34/><T115/><D115/><U32/><REACH who="1" step="1"/><E10/><REACH who="1" ten="250,250,230,260" step="2"/><V101/><F101/><W12/><G11/><T89/><D82/><U20/><E20/><V33/><REACH who="2" step="1"/><F19/><REACH who="2" ten="250,250,220,260" step="2"/><W23/><G42/><T2/><D69/><U80/><E80/><V93/><F93/><W110/><G110/><T18/><D81/><U60/><E60/><V47/><F47/><N who="3" m="25839" /><G23/><T16/><D43/><U84/><E84/><V100/><F100/><W129/><G129/><T62/><D86/><U106/><E106/><V50/><F50/><W9/><G9/><T13/><D38/><U99/><E99/><V17/><F17/><W94/><G94/><T91/><D16/><U113/><E113/><V98/><F98/><W134/><G134/><T65/><D18/><U104/><E104/><V112/><F112/><W118/><G87/><T88/><D63/><U40/><E40/><V90/><F90/><N who="0" m="23042" /><T5/><DORA hai="109" /><D62/><U125/><E125/><V4/><F4/><RYUUKYOKU ba="0,2" sc="250,-15,250,15,220,15,260,-15" hai1="6,8,24,28,32,48,52,58,66,67,73,74,75" hai2="22,25,29,33,35,59,61,76,78,79,95,96,102" /><INIT seed="2,1,2,5,1,120" ten="235,265,235,245" oya="2" hai0="62,11,66,78,132,86,76,82,73,15,83,53,97" hai1="70,22,69,47,51,30,125,54,60,58,29,2,87" hai2="33,24,77,12,46,39,124,114,96,84,129,116,7" hai3="49,91,0,131,36,85,126,100,92,41,64,55,115"/><V14/><F114/><W32/><G0/><T102/><D132/><U75/><E75/><V99/><F116/><W74/><G32/><T110/><D110/><U128/><E2/><V134/><F134/><W38/><G74/><T90/><D53/><U63/><E125/><V6/><F124/><W72/><G72/><T79/><D66/><U35/><E35/><V10/><F39/><W127/><G131/><T67/><D97/><U118/><E118/><V61/><F46/><W45/><G115/><T18/><REACH who="0" step="1"/><D102/><REACH who="0" ten="225,265,235,245" step="2"/><U119/><E119/><V26/><F129/><W89/><G100/><T23/><D23/><U5/><E22/><V56/><F33/><W95/><G64/><T21/><D21/><U27/><E128/><V57/><F10/><W81/><G127/><T122/><D122/><U130/><E54/><V133/><F133/><W98/><G126/><T37/><D37/><U28/><E130/><V19/><F61/><W50/><G36/><T80/><D80/><U104/><E63/><V44/><F44/><N who="3" m="28103" /><G38/><T34/><D34/><U1/><E60/><V94/><F99/><W106/><G106/><T40/><D40/><U121/><E104/><V108/><F96/><W13/><G81/><T20/><D20/><U93/><E47/><V43/><F108/><W109/><G109/><T4/><D4/><U59/><E121/><V8/><F43/><W135/><G135/><T25/><D25/><U31/><E27/><V17/><F26/><W88/><G91/><T65/><D65/><U101/><E101/><V9/><F24/><W123/><G123/><T112/><D112/><RYUUKYOKU ba="1,3" sc="225,15,265,-15,235,-15,245,15" hai0="11,15,18,62,67,73,76,78,79,82,83,86,90" hai3="13,41,45,49,85,88,89,92,95,98" /><INIT seed="3,2,3,2,4,120" ten="240,250,220,260" oya="3" hai0="75,35,80,29,125,100,34,118,123,46,83,49,102" hai1="70,90,42,130,113,10,99,56,27,72,26,64,55" hai2="98,91,0,117,124,87,2,65,48,111,24,33,92" hai3="15,52,88,79,58,67,93,12,1,106,13,127,71"/><W116/><G116/><T47/><D49/><U50/><E72/><V129/><F117/><W78/><G106/><T36/><D118/><U81/><E113/><V121/><F65/><W22/><G1/><T84/><D75/><U112/><E112/><V51/><F124/><W61/><G127/><T37/><D125/><U131/><E42/><V94/><F129/><N who="1" m="49161" /><E10/><V103/><F121/><W28/><G71/><T105/><D123/><U134/><E134/><V62/><F62/><W114/><G67/><T104/><REACH who="0" step="1"/><D84/><REACH who="0" ten="230,250,220,260" step="2"/><N who="1" m="50447" /><E99/><V21/><F111/><W9/><G114/><T73/><D73/><U122/><E122/><V20/><F51/><W60/><G60/><AGARI ba="2,4" hai="26,27,50,55,56,60,64,70" m="50447,49161" machi="60" ten="30,1000,0" yaku="19,1" doraHai="120" who="1" fromWho="3" sc="230,0,250,56,220,0,260,-16" owari="230,-17.0,306,40.6,220,-28.0,244,4.4" /></mjloggm>