<mjloggm ver="2.3"><GO type="225" lobby="0"/><UN n0="%72%69%6F%75%63%68%61%6E" n1="%E5%A4%9C%E5%85%89%E5%A4%A9%E6%A5%BC" n2="%E5%BA%97%E9%95%B7%4D" n3="%E5%B8%86%E7%AB%8B%E5%A4%8F%E8%A1%A3" dan="16,17,16,16" rate="2241.94,2205.69,2100.33,2138.57" sx="M,M,M,M"/><TAIKYOKU oya="0"/><INIT seed="0,0,0,3,0,107" ten="250,250,250,250" oya="0" hai0="95,93,92,51,52,18,12,63,85,39,46,135,118" hai1="98,126,81,48,32,28,115,76,30,80,123,105,125" hai2="84,14,65,26,35,111,22,19,53,16,68,113,47" hai3="132,109,108,100,8,44,120,122,27,25,41,36,130"/><T99/><D118/><U75/><E123/><N who="3" m="47146" /><G100/><T74/><D135/><U56/><E115/><V83/><F113/><W87/><G132/><T133/><D133/><U37/><E37/><V110/><F68/><W67/><G67/><T69/><D74/><U119/><E81/><V13/><F65/><W64/><G64/><T77/><D69/><U21/><E32/><V66/><F66/><W86/><G8/><T101/><D39/><U45/><E56/><V2/><F2/><W94/><G130/><T104/><D63/><U117/><E98/><V61/><F35/><W50/><G36/><T72/><D72/><U5/><E105/><V121/><F121/><W49/><G49/><T34/><D34/><U71/><E71/><V79/><F26/><N who="3" m="9739" /><G94/><T124/><D124/><N who="1" m="47723" /><E21/><V70/><F70/><W114/><G114/><T1/><D1/><U33/><E33/><V96/><F96/><W91/><G91/><T54/><D54/><N who="1" m="29967" /><E5/><V38/><F38/><W102/><G102/><T11/><REACH who="0" step="1"/><D77/><REACH who="0" ten="240,250,250,250" step="2"/><U106/><E119/><V112/><F112/><W17/><G17/><T88/><AGARI ba="0,1" hai="11,12,18,46,51,52,85,88,92,93,95,99,101,104" machi="88" ten="30,18000,2" yaku="1,1,2,1,0,1,54,2,53,1" doraHai="107" doraHaiUra="9" who="0" fromWho="0" sc="240,190,250,-60,250,-60,250,-60" /><INIT seed="0,1,0,0,3,83" ten="430,190,190,190" oya="0" hai0="109,100,35,2,80,128,93,5,37,133,131,3,121" hai1="19,39,38,78,123,135,4,47,120,130,85,24,110" hai2="76,46,67,65,42,112,0,49,90,96,92,56,57" hai3="27,26,30,23,71,77,33,114,32,118,16,55,59"/><T116/><D116/><U91/><E110/><V101/><F0/><W22/><G118/><T107/><D121/><U132/><E78/><V20/><F112/><W82/><G114/><T48/><D133/><N who="1" m="51275" /><E4/><V64/><F76/><W1/><G71/><T73/><D35/><U134/><N who="1" m="51283" /><U74/><DORA hai="25" /><E74/><V115/><F115/><W102/><G102/><T105/><D93/><N who="1" m="54511" /><E130/><V99/><REACH who="2" step="1"/><F20/><REACH who="2" ten="430,190,180,190" step="2"/><W52/><G1/><T28/><D2/><U127/><E127/><V126/><F126/><W129/><G129/><T9/><D3/><U61/><E120/><V11/><F11/><W89/><G33/><T7/><D9/><U40/><E123/><V18/><F18/><W60/><G32/><T117/><D131/><U62/><E39/><V41/><F41/><W36/><G36/><T122/><D37/><U79/><E79/><V50/><F50/><W94/><G77/><T104/><D48/><U10/><E10/><V44/><F44/><W15/><G15/><T124/><D124/><U95/><E19/><V31/><F31/><W103/><G16/><T6/><D28/><U21/><E21/><V29/><F29/><W84/><G23/><T13/><D122/><U72/><E72/><V111/><F111/><W14/><G14/><T8/><D109/><U45/><E45/><V53/><F53/><N who="3" m="33903" /><G27/><T75/><D128/><U12/><E24/><V98/><F98/><AGARI ba="1,1" hai="22,26,30,52,55,82,84,89,94,98,103" m="33903" machi="98" ten="30,7700,0" yaku="8,1,52,2,54,1" doraHai="83,25" who="3" fromWho="2" sc="430,0,190,0,180,-80,190,90" /><INIT seed="1,0,0,1,3,57" ten="430,190,100,280" oya="1" hai0="79,89,16,60,81,63,36,135,0,8,116,48,54" hai1="43,96,26,70,15,28,134,133,71,38,101,97,122" hai2="58,75,17,115,41,76,18,13,110,119,126,19,121" hai3="6,47,80,87,31,130,82,92,69,5,30,44,99"/><U118/><E122/><V109/><F121/><W21/><G69/><T112/><D116/><U132/><E118/><V64/><F119/><W46/><G130/><T93/><D36/><U22/><E96/><V23/><F126/><W117/><G117/><T24/><D112/><U33/><E43/><V61/><F115/><W74/><G74/><T88/><D135/><U3/><E3/><V39/><F39/><W65/><G65/><T14/><D0/><U102/><E38/><V53/><F41/><W11/><G21/><N who="0" m="13351" /><D79/><U103/><E97/><V32/><F32/><W9/><G87/><N who="0" m="52383" /><D81/><N who="3" m="31337" /><G92/><T127/><D89/><U108/><E108/><N who="2" m="41579" /><F64/><W10/><G99/><T35/><D35/><U100/><N who="1" m="25600" /><DORA hai="50" /><U25/><REACH who="1" step="1"/><E15/><REACH who="1" ten="430,180,100,280" step="2"/><V49/><F76/><W78/><G78/><T105/><D127/><U7/><E7/><AGARI ba="0,1" hai="5,6,7,9,10,11,30,31,44,46,47" m="31337" machi="7" ten="40,8000,1" yaku="28,2,26,2,8,1" doraHai="57,50" who="3" fromWho="1" sc="430,0,180,-80,100,0,280,90" /><INIT seed="2,0,0,5,0,15" ten="430,100,100,370" oya="2" hai0="96,122,4,127,42,67,105,56,74,26,3,100,129" hai1="54,91,70,125,31,131,103,0,99,126,50,86,48" hai2="36,97,22,13,72,133,29,71,61,73,34,121,1" hai3="65,17,120,90,115,53,102,114,128,2,83,37,49"/><V32/><F121/><W46/><G120/><T7/><D122/><U44/><E131/><V117/><F36/><W51/><G2/><T124/><D129/><U16/><E0/><V79/><F1/><W24/><G128/><T38/><D74/><U5/><E5/><V85/><F117/><W39/><G65/><T19/><D42/><U40/><E31/><V8/><F133/><W111/><G102/><T35/><D38/><U25/><E70/><V80/><F97/><W77/><G90/><T93/><D93/><U82/><E50/><V110/><F110/><W108/><G51/><T11/><D4/><U60/><E60/><V57/><F71/><W18/><G39/><T64/><D19/><N who="3" m="7177" /><G24/><T116/><D116/><U95/><REACH who="1" step="1"/><E40/><REACH who="1" ten="430,90,100,370" step="2"/><V84/><F73/><N who="3" m="43439" /><G37/><T123/><D123/><U62/><E62/><V112/><F112/><AGARI ba="0,1" hai="46,49,53,108,111,112,114,115" m="43439,7177" machi="112" ten="30,7700,0" yaku="11,1,52,3" doraHai="15" who="3" fromWho="2" sc="430,0,90,0,100,-77,370,87" /><INIT seed="3,0,0,3,1,94" ten="430,90,23,457" oya="3" hai0="44,1,36,67,39,15,68,109,50,126,10,14,80" hai1="41,42,60,125,66,33,3,130,91,110,6,79,13" hai2="58,97,132,123,81,76,57,118,25,18,69,92,121" hai3="24,8,32,55,115,34,49,128,122,93,129,75,131"/><W120/><G75/><T119/><D119/><U105/><E13/><V72/><F69/><W7/><G115/><T35/><D35/><N who="3" m="13353" /><G24/><T52/><D109/><U2/><E110/><V85/><F118/><W38/><G93/><T29/><D29/><U17/><E130/><V65/><F65/><W83/><G83/><T21/><D126/><U53/><E33/><V84/><F58/><N who="3" m="33135" /><G38/><T98/><D80/><U64/><E105/><V22/><F57/><W133/><G133/><T73/><D73/><U88/><E79/><V104/><F132/><W54/><G54/><T47/><D98/><U9/><E17/><V62/><F62/><W77/><G77/><T63/><D44/><U26/><E3/><AGARI ba="0,0" hai="3,7,8,120,122,128,129,131" m="33135,13353" machi="3" ten="40,2000,0" yaku="19,1" doraHai="94" who="3" fromWho="1" sc="430,0,90,-20,23,0,457,20" owari="430,23.0,70,-33.0,23,-47.7,477,57.7" /></mjloggm>