<mjloggm ver="2.3"><GO type="225" lobby="0"/><UN n0="%E5%A4%9C%E5%85%89%E5%A4%A9%E6%A5%BC" n1="%E8%B6%85%E7%B4%9A%E9%B3%B3%E5%87%B0" n2="%E3%82%A2%E3%83%BC%E3%83%A2%E3%83%AD%E3%83%BC%E3%83%B4%E3%82%A1" n3="%4E%55%44%41" dan="17,17,16,16" rate="2150.78,2164.58,2097.88,2159.83" sx="F,F,M,M"/><TAIKYOKU oya="0"/><INIT seed="0,0,0,2,3,87" ten="250,250,250,250" oya="0" hai0="76,62,57,133,53,58,86,75,61,118,45,90,123" hai1="23,5,82,47,7,130,94,80,24,8,60,93,2" hai2="14,52,119,103,17,13,50,40,121,11,128,48,64" hai3="21,71,83,27,55,109,3,127,106,63,122,132,116"/><T29/><D118/><U92/><E130/><V36/><F121/><W107/><G116/><T16/><D123/><U37/><E7/><N who="2" m="3327" /><F36/><W12/><G122/><T125/><D125/><U10/><E10/><N who="2" m="6359" /><F128/><W49/><G3/><T9/><D9/><U44/><E60/><V59/><F119/><W65/><G127/><T26/><D133/><U46/><REACH who="1" step="1"/><E37/><REACH who="1" ten="250,240,250,250" step="2"/><V98/><F64/><W89/><G65/><T113/><D62/><U134/><E134/><V124/><F124/><W6/><G63/><T91/><D61/><U66/><E66/><V99/><F103/><W81/><G132/><T70/><D113/><U108/><E108/><V34/><F34/><W30/><G109/><T43/><D70/><U100/><E100/><V32/><F32/><W126/><G71/><T18/><D18/><AGARI ba="0,1" hai="2,5,8,18,23,24,44,46,47,80,82,92,93,94" machi="18" ten="40,2600,0" yaku="1,1,53,1" doraHai="87" doraHaiUra="33" who="1" fromWho="0" sc="250,-26,240,36,250,0,250,0" /><INIT seed="1,0,0,3,4,65" ten="224,276,250,250" oya="1" hai0="70,135,19,77,110,107,81,116,29,79,31,17,0" hai1="134,47,26,27,87,34,73,46,64,35,92,8,44" hai2="118,111,76,23,56,74,126,37,7,30,114,14,6" hai3="128,106,93,61,122,55,28,41,69,88,54,127,104"/><U102/><E73/><V82/><F118/><W39/><G122/><T86/><D116/><U2/><E134/><V33/><F37/><W115/><G115/><T5/><D107/><U3/><E64/><V98/><F114/><W50/><G127/><T109/><D135/><U113/><E113/><V10/><F126/><W131/><G28/><N who="0" m="10827" /><D79/><U45/><N who="1" m="11264" /><DORA hai="97" /><U94/><E94/><V105/><F111/><N who="0" m="42506" /><D70/><U1/><E8/><AGARI ba="0,0" hai="0,5,8,17,19,77,81,86" m="42506,10827" machi="8" ten="30,1000,0" yaku="14,1" doraHai="65,97" who="0" fromWho="1" sc="224,10,276,-10,250,0,250,0" /><INIT seed="2,0,0,5,3,78" ten="234,266,250,250" oya="2" hai0="31,47,83,130,127,67,85,95,114,122,92,22,60" hai1="106,12,48,27,79,30,118,103,125,20,21,25,101" hai2="128,74,119,120,89,100,113,49,15,91,40,41,69" hai3="132,19,108,28,116,109,102,64,56,96,17,4,104"/><V70/><F113/><W14/><G116/><T11/><D122/><U54/><E118/><V1/><F119/><W36/><G36/><T86/><D114/><U35/><E125/><V34/><F120/><W16/><G132/><T33/><D33/><U99/><E101/><V123/><F123/><W82/><G28/><T5/><D86/><U90/><E79/><V42/><F1/><W39/><G39/><T57/><D47/><U76/><E76/><V13/><F34/><W88/><G64/><T38/><D38/><U66/><E66/><V134/><F134/><W24/><G56/><T26/><D130/><U111/><E111/><N who="3" m="42570" /><G24/><T23/><D23/><U58/><E90/><N who="2" m="34315" /><F49/><W0/><G0/><T77/><REACH who="0" step="1"/><D127/><REACH who="0" ten="224,266,250,250" step="2"/><U32/><REACH who="1" step="1"/><E12/><AGARI ba="0,1" hai="5,11,12,22,26,31,57,60,67,77,83,85,92,95" machi="12" ten="30,8000,1" yaku="1,1,2,1,7,1,8,1,52,1,53,0" doraHai="78" doraHaiUra="110" who="0" fromWho="1" sc="224,90,266,-80,250,0,250,0" /><INIT seed="3,0,0,0,2,50" ten="314,186,250,250" oya="3" hai0="107,10,124,20,48,47,86,52,53,96,37,19,112" hai1="81,61,71,110,79,100,40,121,89,43,83,56,30" hai2="82,45,103,11,76,44,99,4,123,125,129,114,130" hai3="77,80,57,55,78,128,32,1,39,87,58,31,66"/><W85/><G39/><T75/><D75/><U98/><E121/><V13/><F125/><W7/><G128/><N who="2" m="49257" /><F114/><W119/><G119/><T22/><D37/><U3/><E3/><V135/><F135/><W118/><G118/><T115/><D124/><U133/><E133/><V113/><F113/><N who="0" m="43594" /><D53/><U73/><E110/><V131/><N who="2" m="49265" /><V97/><DORA hai="5" /><F123/><W84/><G32/><T104/><D86/><U24/><E71/><V116/><F116/><W92/><G31/><T34/><D34/><U91/><E83/><V46/><F103/><W102/><G66/><T60/><D60/><U111/><E111/><V2/><F2/><W26/><G26/><T62/><D62/><U16/><E43/><V70/><F70/><W65/><G65/><T90/><D90/><U134/><E40/><V74/><AGARI ba="0,0" hai="4,11,13,44,45,46,74,76,82,97,99" m="49265" machi="74" ten="50,3200,0" yaku="19,1,52,1" doraHai="50,5" who="2" fromWho="2" sc="314,-8,186,-8,250,32,250,-16" owari="306,40.6,178,-32.2,282,8.2,234,-16.6" /></mjloggm>