<mjloggm ver="2.3"><GO type="225" lobby="0"/><UN n0="%E6%A1%9C%E8%8A%B1%E9%96%83%E3%80%85" n1="%E6%98%93%E5%88%A9%E8%96%A9%E4%BC%AF" n2="%E3%81%8B%E3%82%8F%E3%81%A1%E3%82%83%E3%82%93%35%38" n3="%E4%B8%89%E5%88%86%E5%B0%8F%E5%83%A7" dan="17,16,16,16" rate="2188.12,2098.58,2158.28,2100.12" sx="M,F,M,M"/><TAIKYOKU oya="0"/><INIT seed="0,0,0,3,1,117" ten="250,250,250,250" oya="0" hai0="124,108,46,81,110,63,29,67,49,11,132,84,118" hai1="78,123,113,116,131,17,51,68,109,98,112,61,0" hai2="101,55,38,107,69,5,47,75,44,60,7,28,120" hai3="65,52,106,119,111,91,134,45,76,3,62,125,128"/><T2/><D118/><U86/><E0/><V100/><F28/><W79/><G119/><T126/><D29/><U99/><E116/><V127/><F60/><W12/><G3/><T26/><D26/><U34/><E34/><V97/><F97/><W85/><G106/><T25/><D25/><U129/><E51/><V77/><F77/><W121/><G111/><N who="0" m="42539" /><D11/><U41/><E41/><V122/><F55/><W20/><G125/><N who="0" m="48235" /><D2/><U58/><E109/><V82/><F127/><W96/><G128/><T53/><D132/><U21/><E21/><V87/><F107/><W92/><G134/><T16/><D16/><U6/><E17/><V1/><F1/><W104/><G20/><T18/><D18/><U50/><E6/><V56/><F5/><W40/><G12/><T15/><D15/><U89/><E131/><V80/><F7/><W115/><G79/><N who="0" m="46143" /><D63/><U93/><E61/><V9/><F9/><W54/><G76/><T32/><D67/><U31/><E31/><V94/><F75/><W19/><G19/><T59/><D59/><U72/><E58/><V70/><F56/><W48/><G65/><T133/><D133/><U23/><E23/><V36/><F70/><W24/><G62/><T105/><D105/><U130/><E68/><V39/><F69/><W103/><G24/><T4/><D4/><U102/><E130/><V83/><F47/><W22/><G22/><T95/><D95/><U90/><E93/><V42/><F44/><W57/><G57/><T88/><D88/><U8/><E90/><V37/><N who="2" m="9216" /><DORA hai="27" /><V73/><F94/><W66/><G92/><RYUUKYOKU ba="0,0" sc="250,30,250,-10,250,-10,250,-10" hai0="32,46,49,53" /><INIT seed="0,1,0,1,2,117" ten="280,240,240,240" oya="0" hai0="2,71,107,135,69,50,82,134,101,41,43,95,72" hai1="112,31,61,65,118,9,90,46,126,114,104,16,86" hai2="18,27,123,130,75,14,52,108,121,64,93,12,49" hai3="6,84,131,13,128,89,8,4,120,55,124,35,17"/><T133/><D95/><U70/><E118/><V57/><F75/><W74/><G74/><T87/><D2/><U5/><E104/><V1/><F1/><W40/><G40/><N who="0" m="15435" /><D50/><U30/><E46/><V23/><F130/><N who="3" m="49707" /><G35/><T62/><D72/><U100/><E100/><V66/><F108/><W53/><G124/><T79/><D62/><U54/><E54/><N who="3" m="20490" /><G120/><T105/><D101/><U80/><E126/><V98/><F66/><W22/><G22/><T60/><D60/><U73/><E73/><V20/><F64/><W58/><G58/><T25/><D25/><U34/><E34/><V59/><F59/><W103/><G103/><T15/><D15/><N who="1" m="7279" /><E5/><V56/><F56/><W0/><G0/><T26/><D26/><U111/><E111/><V83/><F83/><AGARI ba="1,0" hai="4,6,8,13,17,83,84,89" m="20490,49707" machi="83" ten="30,1000,0" yaku="19,1" doraHai="117" who="3" fromWho="2" sc="280,0,240,0,240,-13,240,13" /><INIT seed="1,0,0,4,2,119" ten="280,240,227,253" oya="1" hai0="80,25,89,135,73,9,131,101,92,0,74,26,62" hai1="91,125,54,82,34,1,94,19,78,83,47,15,42" hai2="98,20,118,84,28,88,6,128,75,55,49,112,109" hai3="124,44,56,2,39,97,122,113,117,96,70,50,63"/><U23/><E125/><V10/><F75/><W107/><G113/><T111/><D111/><U99/><E34/><V12/><F118/><W22/><G117/><T17/><D135/><U36/><E1/><V72/><F72/><W116/><G116/><T102/><D74/><U31/><E31/><V129/><F109/><W69/><G2/><T76/><D131/><N who="2" m="50250" /><F112/><W120/><G124/><T60/><D60/><U108/><E108/><V33/><F33/><W95/><G107/><T130/><D62/><U24/><E15/><V38/><F38/><W57/><G39/><T106/><D130/><U67/><E67/><V43/><F43/><W123/><G22/><T45/><D45/><U79/><REACH who="1" step="1"/><E54/><REACH who="1" ten="280,230,227,253" step="2"/><V134/><F134/><W93/><G44/><T110/><D110/><U58/><E58/><V46/><F28/><W114/><G114/><T115/><D115/><U132/><E132/><V30/><F30/><W71/><G63/><T53/><D53/><U126/><E126/><V86/><F20/><W51/><G70/><T61/><D61/><U59/><E59/><V21/><F21/><W29/><G122/><T64/><D64/><U127/><E127/><V65/><F65/><W100/><G29/><T4/><D26/><U7/><E7/><V48/><F48/><W66/><G66/><T32/><D32/><U41/><E41/><V85/><F88/><W16/><G16/><T8/><D25/><U11/><E11/><V104/><F104/><W35/><G35/><T133/><D106/><U5/><E5/><V90/><F90/><W121/><G121/><T18/><D133/><RYUUKYOKU ba="0,1" sc="280,-30,230,10,227,10,253,10" hai1="19,23,24,36,42,47,78,79,82,83,91,94,99" hai2="6,10,12,46,49,55,84,85,86,98" hai3="50,51,56,57,69,71,93,95,96,97,100,120,123" /><INIT seed="1,1,1,1,3,97" ten="250,240,237,263" oya="1" hai0="93,98,125,9,56,22,31,81,78,122,67,34,10" hai1="108,16,33,91,64,17,26,38,0,86,111,110,106" hai2="47,116,119,101,131,20,32,80,28,59,66,4,120" hai3="99,15,40,134,96,70,25,102,82,126,121,112,53"/><U6/><E38/><V5/><F80/><W123/><G112/><T90/><D34/><U100/><E64/><V54/><F66/><W75/><G70/><T74/><D125/><U48/><E0/><V88/><F47/><W129/><G126/><T51/><D122/><U43/><E6/><V89/><F32/><W73/><G129/><T130/><D130/><U103/><E33/><V61/><F131/><W23/><G134/><T49/><D49/><U27/><E106/><V109/><F120/><W117/><G117/><T7/><D51/><U37/><E37/><V36/><F36/><W85/><G15/><T104/><D7/><N who="2" m="2634" /><F101/><N who="1" m="38985" /><E27/><N who="2" m="16487" /><F109/><W68/><G68/><T35/><D104/><U30/><E30/><V44/><F44/><W2/><G2/><T105/><D105/><U113/><E113/><V69/><F69/><W114/><G114/><T55/><D35/><U13/><E26/><V77/><F77/><W42/><G25/><T87/><D67/><U62/><E62/><V45/><F45/><W132/><G123/><T57/><D74/><U65/><E65/><V133/><F133/><W1/><G75/><T124/><D57/><U24/><E24/><V52/><F54/><W3/><G53/><T60/><D124/><U84/><E43/><V19/><F19/><N who="1" m="7241" /><E13/><V72/><F72/><W79/><G73/><T118/><D118/><U50/><E86/><V127/><F127/><W94/><G85/><T21/><D31/><U71/><E71/><V29/><F29/><W135/><G121/><T63/><D63/><U107/><E107/><V8/><F8/><AGARI ba="1,1" hai="8,9,10,21,22,55,56,60,78,81,87,90,93,98" machi="8" ten="40,1300,0" yaku="8,1" doraHai="97" who="0" fromWho="2" sc="250,26,240,0,237,-16,263,0" /><INIT seed="2,0,0,1,0,86" ten="276,240,221,263" oya="2" hai0="19,4,64,24,13,60,103,17,63,110,21,9,48" hai1="39,66,122,121,42,0,80,28,38,26,72,133,85" hai2="11,52,62,126,58,34,120,96,134,7,35,129,32" hai3="106,40,1,74,107,18,104,56,55,95,111,89,5"/><V45/><F120/><N who="1" m="46185" /><E0/><V23/><F129/><W8/><G74/><T113/><D113/><U75/><E66/><V127/><F134/><W36/><G111/><T119/><D110/><U135/><E72/><V117/><F117/><W97/><G18/><T94/><D119/><U124/><E75/><V123/><F123/><W27/><G27/><T44/><D64/><U125/><E42/><V109/><F109/><W31/><G31/><T47/><D47/><U84/><E84/><V20/><F96/><W82/><G82/><T77/><D77/><N who="1" m="46223" /><E39/><V10/><F10/><W98/><G36/><T51/><D4/><U101/><E38/><V37/><F45/><W2/><G40/><N who="0" m="24583" /><D51/><U59/><E59/><V68/><F68/><W99/><REACH who="3" step="1"/><G1/><REACH who="3" ten="276,240,221,253" step="2"/><T54/><D19/><U91/><E26/><V114/><F37/><W100/><G100/><T25/><D25/><U81/><E28/><V67/><F114/><W108/><G108/><T12/><D24/><U33/><E101/><V3/><REACH who="2" step="1"/><F67/><REACH who="2" ten="276,240,211,253" step="2"/><W83/><G83/><T118/><D118/><U71/><E81/><V29/><F29/><W22/><G22/><AGARI ba="0,2" hai="3,7,11,20,22,23,32,34,35,52,58,62,126,127" machi="22" ten="50,4800,0" yaku="1,1,54,1,53,0" doraHai="86" doraHaiUra="79" who="2" fromWho="3" sc="276,0,240,0,211,68,253,-48" /><INIT seed="2,1,0,4,2,31" ten="276,240,279,205" oya="2" hai0="39,122,25,40,2,70,106,12,63,123,95,58,62" hai1="0,6,72,21,42,56,57,19,14,82,115,28,29" hai2="94,49,84,18,93,119,36,131,127,22,4,102,111" hai3="104,75,51,92,103,86,32,113,15,133,135,134,116"/><V13/><F127/><W69/><G116/><T74/><D12/><U91/><E115/><V132/><F119/><W112/><G69/><T128/><D95/><U90/><E42/><V7/><F36/><W105/><G51/><T89/><D89/><U10/><E72/><V124/><F124/><W76/><G15/><T99/><D25/><U17/><E17/><V48/><F131/><W101/><G32/><T81/><D2/><U52/><E57/><V98/><F132/><W100/><G75/><T37/><D58/><U78/><E78/><V118/><F118/><W117/><G117/><T35/><D35/><U66/><E66/><V59/><F111/><W27/><G27/><T126/><D63/><U11/><E11/><V23/><F23/><W43/><G43/><T114/><D114/><N who="3" m="44137" /><G76/><N who="0" m="44183" /><D126/><U121/><E121/><N who="0" m="46089" /><D40/><U47/><E47/><V97/><F84/><W77/><G77/><T109/><D109/><U68/><E68/><V71/><F71/><W60/><G60/><T83/><D128/><U120/><E120/><V110/><F110/><W55/><G55/><T79/><D62/><U130/><E130/><V96/><F96/><W5/><G5/><N who="2" m="2121" /><F59/><W108/><G108/><T44/><D70/><U65/><E65/><V107/><F107/><N who="3" m="41035" /><G86/><N who="0" m="48511" /><D44/><U54/><E56/><V20/><F20/><W45/><G45/><T9/><D9/><U33/><E10/><V87/><F87/><W30/><G30/><T26/><D26/><U67/><E29/><V64/><F64/><W1/><G1/><T38/><D38/><U85/><E67/><V129/><F129/><W34/><G34/><RYUUKYOKU ba="1,0" sc="276,10,240,-30,279,10,205,10" hai0="37,39,99,106" hai2="13,18,22,48,49,93,94,97,98,102" hai3="92,100,101,103,133,134,135" /><INIT seed="2,2,0,5,3,92" ten="286,210,289,215" oya="2" hai0="131,52,104,91,102,9,71,76,116,10,12,107,89" hai1="34,124,85,100,118,75,24,18,51,130,94,112,32" hai2="121,38,17,70,13,26,78,109,77,123,11,66,43" hai3="36,129,19,3,37,68,0,41,101,108,45,120,99"/><V106/><F106/><N who="3" m="63807" /><G19/><T82/><D71/><U111/><E112/><V53/><F70/><W125/><G120/><T135/><D135/><U22/><E118/><V95/><F66/><W42/><G108/><T65/><D65/><U16/><E75/><V93/><F53/><W28/><G125/><T20/><D131/><U58/><E111/><V117/><F109/><W79/><G129/><T84/><D116/><U23/><E130/><V64/><F64/><W6/><G68/><T134/><D134/><U90/><E100/><V72/><F117/><W30/><G30/><T63/><D102/><U122/><E122/><V35/><F95/><W113/><G113/><T48/><D63/><U40/><E124/><V7/><F93/><W59/><G59/><N who="0" m="33159" /><D107/><U60/><E51/><V8/><F123/><W5/><G28/><T25/><D104/><U1/><E1/><N who="3" m="586" /><G79/><T128/><D9/><U15/><REACH who="1" step="1"/><E40/><REACH who="1" ten="286,200,289,215" step="2"/><V33/><F43/><W55/><G42/><T86/><D128/><U132/><E132/><V87/><F121/><W74/><G74/><T27/><D86/><U114/><E114/><V105/><F105/><W61/><G41/><T83/><D84/><U54/><AGARI ba="2,1" hai="15,16,18,22,23,24,32,34,54,58,60,85,90,94" machi="54" ten="20,12000,2" yaku="1,1,0,1,7,1,54,1,53,2" doraHai="92" doraHaiUra="29" who="1" fromWho="1" sc="286,-32,200,136,289,-62,215,-32" /><INIT seed="3,0,0,3,0,107" ten="254,336,227,183" oya="3" hai0="105,110,31,36,0,106,120,133,101,85,78,2,89" hai1="8,97,103,87,130,26,129,134,10,15,104,94,29" hai2="114,53,72,20,126,82,67,35,12,1,51,58,109" hai3="28,98,61,117,24,5,19,42,49,57,95,118,124"/><W9/><G124/><T102/><D31/><U125/><E134/><V77/><F114/><W99/><G19/><T50/><D36/><U33/><E125/><V40/><F1/><W92/><G42/><T65/><D65/><U39/><E39/><V3/><F3/><W37/><G37/><T91/><D50/><U32/><E32/><V113/><F113/><W70/><G70/><T81/><D0/><U75/><E75/><V123/><F126/><W96/><G49/><T52/><D52/><U74/><E74/><V83/><F35/><W55/><G118/><T34/><D2/><U66/><E66/><V62/><F123/><W76/><G117/><T45/><D45/><U43/><E43/><V128/><F109/><W48/><G76/><T59/><D59/><U69/><E10/><V132/><F128/><W27/><G61/><T4/><D34/><U21/><E33/><V23/><F23/><N who="3" m="15391" /><G27/><T112/><D112/><U127/><E69/><V121/><F121/><W18/><G18/><T16/><D16/><U22/><E22/><V131/><F131/><W14/><AGARI ba="0,0" hai="5,9,14,48,55,57,92,95,96,98,99" m="15391" machi="14" ten="30,1500,0" yaku="8,1" doraHai="107" who="3" fromWho="3" sc="254,-5,336,-5,227,-5,183,15" /><INIT seed="3,1,0,5,0,101" ten="249,331,222,198" oya="3" hai0="33,12,86,37,55,123,114,29,88,35,32,46,109" hai1="16,51,111,77,125,24,5,94,28,118,80,73,127" hai2="22,70,8,26,25,44,14,134,49,47,126,43,60" hai3="102,120,124,122,10,9,74,78,65,107,75,53,54"/><W1/><G124/><T81/><D123/><U129/><E111/><V40/><F126/><W3/><G102/><T64/><D109/><U2/><E129/><V30/><F134/><W133/><G65/><T27/><D114/><U45/><E118/><V119/><F25/><W56/><G56/><T93/><D64/><U41/><E16/><V59/><F70/><W131/><G78/><T11/><D93/><U87/><E94/><V62/><F119/><W82/><G82/><T116/><D116/><U104/><E87/><V91/><F91/><W21/><G21/><T105/><D105/><U68/><E104/><V7/><F60/><W99/><G99/><T130/><D130/><U83/><E83/><V89/><F89/><W19/><G19/><N who="0" m="8607" /><D37/><U38/><E51/><AGARI ba="1,0" hai="27,29,32,33,35,46,51,55,81,86,88" m="8607" machi="51" ten="30,2000,0" yaku="25,1,54,1" doraHai="101" who="0" fromWho="1" sc="249,23,331,-23,222,0,198,0" owari="272,7.2,308,40.8,222,-17.8,198,-30.2" /></mjloggm>