<mjloggm ver="2.3"><GO type="225" lobby="0"/><UN n0="%E5%AF%82%E5%AF%9E%E3%82%AE%E3%83%8D%E3%82%B9%E3%83%93%E3%83%BC%E3%83%AB" n1="%E6%A1%9C%E8%8A%B1%E9%96%83%E3%80%85" n2="%72%69%6F%75%63%68%61%6E" n3="%E9%89%A2%E5%B7%BB%E3%82%AC%E3%83%96" dan="16,17,17,16" rate="2131.79,2147.69,2157.32,2054.06" sx="M,M,M,M"/><TAIKYOKU oya="0"/><INIT seed="0,0,0,1,2,84" ten="250,250,250,250" oya="0" hai0="16,26,50,83,135,68,9,110,94,89,66,15,57" hai1="126,114,73,21,51,75,93,112,41,32,111,49,106" hai2="129,54,80,27,40,18,115,29,7,95,97,43,59" hai3="105,42,71,124,118,85,91,53,44,34,99,0,13"/><T108/><D135/><U10/><E106/><V5/><F129/><W38/><G0/><T101/><D101/><U132/><E32/><V2/><F115/><W48/><G118/><T82/><D68/><U90/><E132/><V76/><F18/><W78/><G71/><T130/><D130/><U72/><E111/><N who="0" m="42537" /><D26/><U102/><E102/><V36/><F36/><W6/><G34/><T70/><D70/><U131/><E131/><V122/><F122/><W60/><G124/><T120/><D120/><U92/><E21/><N who="2" m="15599" /><F2/><W119/><G119/><T123/><D123/><U14/><E92/><V11/><F80/><W47/><G105/><T109/><D109/><U31/><E31/><V79/><F76/><W52/><G78/><T133/><D133/><U104/><E104/><V24/><F79/><W22/><G99/><N who="0" m="57807" /><D50/><U125/><E51/><N who="2" m="31199" /><F24/><W74/><G74/><T65/><D65/><U116/><E116/><V4/><F11/><W103/><G103/><AGARI ba="0,0" hai="4,5,7,40,43,95,97,103" m="31199,15599" machi="103" ten="30,1000,0" yaku="8,1" doraHai="84" who="2" fromWho="3" sc="250,0,250,0,250,10,250,-10" /><INIT seed="1,0,0,1,3,87" ten="250,250,260,240" oya="1" hai0="77,99,108,39,50,66,46,64,49,65,78,14,85" hai1="94,74,134,23,59,72,6,60,17,9,131,90,86" hai2="81,18,67,130,38,19,117,28,47,91,35,56,61" hai3="33,107,96,116,53,70,128,36,79,12,118,112,76"/><U11/><E131/><V32/><F130/><W135/><G112/><T120/><D108/><U41/><E134/><V44/><F117/><N who="3" m="45163" /><G70/><T2/><D2/><U101/><E41/><V40/><F47/><W45/><G33/><T57/><D39/><U97/><E74/><V15/><F28/><W110/><G110/><T1/><D1/><U103/><E72/><V24/><F24/><W43/><G128/><T123/><D99/><U132/><E132/><V95/><F81/><W121/><G121/><N who="0" m="46667" /><D14/><U51/><E51/><N who="0" m="19465" /><D46/><U26/><E6/><V34/><REACH who="2" step="1"/><F15/><REACH who="2" ten="250,250,250,240" step="2"/><W82/><G12/><T8/><D8/><N who="1" m="3147" /><E97/><AGARI ba="0,1" hai="18,19,32,34,35,38,40,44,56,61,67,91,95,97" machi="97" ten="40,2600,0" yaku="1,1,52,1,53,0" doraHai="87" doraHaiUra="4" who="2" fromWho="1" sc="250,0,250,-26,250,36,240,0" /><INIT seed="2,0,0,2,4,114" ten="250,224,286,240" oya="2" hai0="54,132,72,89,76,39,111,133,56,38,93,45,88" hai1="128,102,9,49,127,61,120,84,62,117,6,66,82" hai2="58,63,131,2,106,51,69,99,110,59,65,53,27" hai3="26,57,64,119,40,75,91,18,23,35,21,71,34"/><V55/><F131/><W116/><G75/><T46/><D111/><U94/><E128/><V8/><F110/><W15/><G71/><T42/><D76/><U43/><E127/><V83/><F27/><W90/><G40/><N who="0" m="22679" /><D72/><U47/><E120/><V17/><F83/><W12/><G64/><T44/><D93/><U92/><E117/><V25/><F25/><W77/><G77/><T134/><D46/><U1/><E102/><V97/><F106/><W13/><G57/><T112/><D112/><U79/><REACH who="1" step="1"/><E61/><AGARI ba="0,0" hai="39,42,44,54,56,61,88,89,132,133,134" m="22679" machi="61" ten="30,2000,0" yaku="20,1,54,1" doraHai="114" who="0" fromWho="1" sc="250,20,224,-20,286,0,240,0" /><INIT seed="3,0,0,0,2,85" ten="270,204,286,240" oya="3" hai0="56,111,11,84,110,88,17,60,117,86,13,39,67" hai1="4,105,7,96,26,27,133,45,100,80,107,124,47" hai2="41,73,70,94,106,120,82,103,131,18,99,123,59" hai3="34,54,93,122,28,23,91,108,21,8,37,38,46"/><W43/><G122/><N who="2" m="46633" /><F70/><W119/><G119/><T24/><D117/><U112/><E112/><V89/><F131/><W121/><G121/><T129/><D129/><U35/><E133/><V65/><F41/><W114/><G114/><T36/><D84/><U78/><E124/><V115/><F115/><W32/><G37/><T51/><D51/><U109/><E109/><N who="0" m="41481" /><D24/><U12/><E107/><V116/><F116/><W79/><G79/><T87/><D87/><U102/><E102/><V104/><F18/><W48/><G8/><T101/><D101/><U81/><E81/><AGARI ba="0,0" hai="11,13,17,36,39,56,60,67,81,86,88" m="41481" machi="81" ten="30,3900,0" yaku="14,1,52,1,54,1" doraHai="85" who="0" fromWho="1" sc="270,39,204,-39,286,0,240,0" owari="309,40.9,165,-33.5,286,8.6,240,-16.0" /></mjloggm>