<mjloggm ver="2.3"><GO type="225" lobby="0"/><UN n0="%E3%82%A2%E3%82%A4%E3%82%B9%E3%83%86%E3%82%A3%E3%83%BC%E3%81%82%E3%81%B9" n1="%6D%75%75%6D%75%72%61" n2="%45%6C%79%73%69%75%6D" n3="%E5%82%8D%E8%8B%A5%E7%84%A1%E4%BA%BA%35%31" dan="16,16,17,16" rate="2092.60,2141.19,2127.63,2094.98" sx="M,F,F,M"/><TAIKYOKU oya="0"/><INIT seed="0,0,0,0,3,96" ten="250,250,250,250" oya="0" hai0="15,106,109,119,47,72,90,69,5,64,38,44,132" hai1="20,28,52,75,104,71,13,32,65,118,11,63,34" hai2="53,58,76,74,114,68,91,121,115,70,2,123,59" hai3="98,110,133,92,85,23,17,86,62,16,66,84,94"/><T1/><D15/><U25/><E118/><V29/><F2/><W54/><G110/><T43/><D90/><U100/><E75/><V45/><F29/><W55/><G133/><T80/><D119/><U122/><E122/><N who="2" m="46603" /><F91/><W9/><G9/><N who="0" m="2223" /><D47/><U130/><E130/><V101/><F101/><N who="3" m="60615" /><G94/><T78/><D132/><U6/><REACH who="1" step="1"/><E52/><REACH who="1" ten="250,240,250,250" step="2"/><N who="3" m="20010" /><G23/><T39/><D109/><U31/><E31/><V107/><F74/><W103/><G103/><T7/><D39/><U14/><E14/><V131/><F131/><W40/><G40/><T77/><D43/><U33/><E33/><V36/><F36/><W81/><G81/><T60/><D38/><U120/><E120/><V135/><F135/><W99/><G99/><AGARI ba="0,1" hai="6,11,13,20,25,28,32,34,63,65,71,99,100,104" machi="99" ten="40,5200,0" yaku="1,1,52,1,53,1" doraHai="96" doraHaiUra="26" who="1" fromWho="3" sc="250,0,240,62,250,0,250,-52" /><INIT seed="1,0,0,5,5,15" ten="250,302,250,198" oya="1" hai0="86,106,71,8,114,4,91,9,102,10,31,133,43" hai1="118,89,57,35,51,37,117,23,87,99,82,129,39" hai2="130,81,90,54,6,123,65,111,1,88,101,78,83" hai3="96,49,40,34,3,77,60,53,14,127,120,116,107"/><U0/><E35/><V38/><F123/><W28/><G3/><T33/><D114/><U50/><E0/><V132/><F38/><W131/><G120/><T69/><D133/><U63/><E129/><V18/><F130/><W61/><G116/><T108/><D108/><U42/><E39/><V32/><F32/><W48/><G127/><T73/><D73/><U56/><E37/><V59/><F132/><W121/><G77/><T67/><D4/><U122/><E122/><V66/><F111/><W29/><G121/><T47/><D67/><U79/><E56/><V135/><F101/><W115/><G115/><T125/><D125/><U134/><E134/><V112/><F112/><W11/><G107/><T41/><D41/><U113/><E113/><V13/><F135/><W12/><G96/><T109/><D109/><U52/><E50/><N who="2" m="31191" /><F6/><W58/><G131/><T103/><D31/><N who="3" m="11849" /><G34/><T19/><D33/><U22/><E117/><V85/><F1/><W5/><G14/><N who="0" m="7623" /><D71/><U2/><E2/><V27/><F27/><W24/><G24/><T94/><D106/><U104/><E118/><V128/><F128/><W26/><G26/><T70/><D69/><U93/><E104/><V36/><F36/><W44/><AGARI ba="0,0" hai="5,11,12,40,44,48,49,53,58,60,61" m="11849" machi="44" ten="30,1100,0" yaku="8,1" doraHai="15" who="3" fromWho="3" sc="250,-3,302,-5,250,-3,198,11" /><INIT seed="2,0,0,1,0,126" ten="247,297,247,209" oya="2" hai0="63,119,108,134,45,120,95,61,112,13,3,52,56" hai1="123,59,39,72,19,57,86,33,132,42,32,51,1" hai2="47,76,20,78,115,2,99,44,117,105,60,5,101" hai3="93,23,16,96,122,27,130,30,92,40,68,100,26"/><V127/><F115/><W21/><G122/><T106/><D108/><U82/><E1/><V64/><F117/><W113/><G68/><T14/><D106/><U135/><E123/><V55/><F127/><W4/><G113/><T24/><D120/><U71/><E71/><V41/><F55/><W121/><G121/><T81/><D112/><U9/><E72/><V28/><F5/><W125/><G125/><T114/><D114/><U22/><E9/><V70/><F2/><W91/><G40/><T69/><D3/><U8/><E8/><V17/><F28/><W128/><REACH who="3" step="1"/><G4/><REACH who="3" ten="247,297,247,199" step="2"/><T48/><D69/><U74/><E42/><V104/><F104/><W84/><AGARI ba="0,1" hai="16,21,23,26,27,30,84,91,92,93,96,100,128,130" machi="84" ten="30,12000,2" yaku="1,1,2,1,0,1,52,2,54,1,53,1" doraHai="126" doraHaiUra="97" who="3" fromWho="3" sc="247,-30,297,-30,247,-60,199,130" /><INIT seed="3,0,0,0,0,33" ten="217,267,187,329" oya="3" hai0="46,2,4,50,9,68,92,11,110,131,60,134,117" hai1="132,54,105,101,99,83,76,123,8,15,30,77,12" hai2="107,111,3,27,116,24,114,128,38,130,81,109,80" hai3="35,72,28,64,25,10,58,85,29,66,42,48,17"/><W108/><G72/><T34/><D110/><N who="2" m="41994" /><F107/><W43/><G29/><T75/><D117/><U95/><E123/><V52/><F38/><W70/><G70/><T106/><D34/><U135/><E105/><V57/><F116/><W90/><G108/><T16/><D106/><U115/><E115/><V7/><F114/><W100/><G100/><T113/><D75/><U5/><E30/><V18/><F81/><W103/><G103/><T82/><D82/><U79/><E83/><V93/><F80/><W32/><G32/><T6/><D16/><U62/><E62/><N who="2" m="36135" /><F93/><W49/><G35/><T26/><D26/><N who="2" m="9770" /><F18/><W121/><G17/><T55/><D113/><U87/><E87/><V112/><F112/><W125/><G85/><T53/><D92/><U122/><E122/><V120/><F120/><W44/><G121/><T78/><D78/><U133/><E54/><V127/><F127/><W59/><G125/><T96/><D96/><U19/><E19/><V67/><F67/><W129/><G66/><N who="0" m="41031" /><D55/><U41/><E41/><V20/><F20/><W23/><G43/><T73/><D73/><U102/><E102/><V13/><F13/><AGARI ba="0,0" hai="5,8,12,13,15,76,77,79,95,99,101,132,133,135" machi="13" ten="50,1600,0" yaku="20,1" doraHai="33" who="1" fromWho="2" sc="217,0,267,16,187,-16,329,0" owari="217,-18.3,283,8.3,171,-32.9,329,42.9" /></mjloggm>