<mjloggm ver="2.3"><GO type="225" lobby="0"/><UN n0="%E3%80%93%E3%81%97%E3%83%BC%E3%82%89%E3%80%93" n1="%E3%81%AF%E3%82%88%E3%81%8A%E3%81%98%E3%81%95%E3%82%93" n2="%6D%75%75%73%61%6E%6D%75" n3="%E3%81%A9%E3%82%93%E3%82%88%E3%81%8F%4D%6B%2E%32" dan="16,17,16,16" rate="2158.11,2192.13,2141.99,2168.85" sx="M,M,F,M"/><TAIKYOKU oya="0"/><INIT seed="0,0,0,2,2,101" ten="250,250,250,250" oya="0" hai0="108,26,133,70,132,32,109,27,78,73,75,35,128" hai1="28,16,0,18,51,34,94,97,100,50,113,83,58" hai2="15,85,96,129,14,69,107,12,99,19,13,5,20" hai3="2,57,74,119,45,93,47,4,123,59,48,110,130"/><T46/><BYE who="1" /><D70/><UN n1="%E3%81%AF%E3%82%88%E3%81%8A%E3%81%98%E3%81%95%E3%82%93" /><U88/><E113/><V25/><F129/><W7/><G123/><T43/><D128/><U63/><E0/><V11/><F69/><W134/><G130/><T95/><D95/><U30/><E34/><N who="0" m="12841" /><D78/><U9/><E83/><V120/><F120/><W121/><G74/><N who="0" m="28171" /><D46/><U122/><E122/><V55/><F107/><W42/><G121/><T60/><D60/><U33/><E100/><V8/><F8/><W44/><G119/><T127/><D43/><U49/><E33/><V103/><F103/><W72/><G72/><T22/><D127/><U31/><E9/><V112/><F112/><W21/><G42/><T64/><D64/><AGARI ba="0,0" hai="16,18,28,30,31,49,50,51,58,63,64,88,94,97" machi="64" ten="40,5200,0" yaku="8,1,54,2" doraHai="101" who="1" fromWho="0" sc="250,-52,250,52,250,0,250,0" /><INIT seed="1,0,0,2,5,81" ten="198,302,250,250" oya="1" hai0="58,57,38,28,40,115,103,128,71,72,31,50,109" hai1="95,119,114,75,85,104,76,39,13,101,132,35,11" hai2="53,118,48,116,70,1,19,60,62,10,94,2,98" hai3="106,129,49,16,123,102,27,46,17,23,82,107,126"/><U30/><E114/><V99/><F19/><W83/><G123/><T113/><D72/><U133/><E119/><V73/><F73/><W134/><G134/><N who="1" m="51818" /><E39/><V65/><F62/><W20/><G126/><T108/><D103/><U84/><E104/><V87/><F116/><W117/><G117/><T5/><D5/><U15/><E15/><V66/><F66/><W90/><G129/><T12/><D12/><U7/><E76/><V41/><F41/><W47/><G102/><T77/><D77/><U96/><E75/><V97/><F118/><W105/><G90/><T135/><D128/><U45/><E45/><V22/><F22/><W51/><G106/><T21/><D21/><U18/><E18/><V54/><F10/><W112/><REACH who="3" step="1"/><G27/><AGARI ba="0,0" hai="7,11,13,27,30,35,84,85,95,96,101" m="51818" machi="27" ten="30,5800,0" yaku="20,1,52,2" doraHai="81" who="1" fromWho="3" sc="198,0,302,58,250,0,250,-58" /><INIT seed="1,1,0,2,5,133" ten="198,360,250,192" oya="1" hai0="77,118,69,37,96,111,62,9,82,107,67,109,134" hai1="64,127,26,17,3,113,121,11,106,84,68,53,100" hai2="29,98,91,87,23,45,115,12,19,63,75,13,132" hai3="70,95,110,54,86,5,129,8,83,61,97,1,49"/><U39/><E113/><V52/><F115/><W35/><G35/><T51/><D134/><U33/><E121/><V114/><F114/><W88/><G129/><T56/><D118/><U78/><E39/><V124/><F132/><W101/><G110/><N who="0" m="41995" /><D37/><U131/><E131/><V66/><F75/><W30/><G30/><T108/><N who="0" m="42003" /><T102/><DORA hai="42" /><D9/><U117/><E117/><V81/><F29/><W58/><REACH who="3" step="1"/><G70/><REACH who="3" ten="198,360,250,182" step="2"/><T16/><D69/><U43/><E68/><V15/><F66/><W27/><G27/><T93/><D107/><U32/><E26/><V122/><F122/><W85/><G85/><N who="0" m="48335" /><D51/><AGARI ba="1,1" hai="1,5,8,49,51,54,58,61,83,86,88,95,97,101" machi="51" ten="40,2600,0" yaku="1,1,54,1,53,0" doraHai="133,42" doraHaiUra="36,112" who="3" fromWho="0" sc="198,-29,360,0,250,0,182,39" /><INIT seed="2,0,0,1,3,2" ten="169,360,250,221" oya="2" hai0="127,105,34,16,22,96,107,75,114,47,4,30,74" hai1="60,18,131,84,58,91,98,108,88,12,134,67,32" hai2="57,93,52,62,36,125,28,40,61,5,14,94,0" hai3="133,49,41,115,124,48,112,37,24,33,19,83,7"/><V76/><F0/><W87/><G37/><T53/><D114/><U109/><E32/><V21/><F36/><W86/><G124/><T72/><D127/><U6/><E131/><V15/><F125/><W44/><G133/><T111/><D111/><N who="1" m="42571" /><E134/><V8/><F40/><W63/><G63/><T56/><D47/><U101/><E84/><V66/><F76/><W43/><G33/><T103/><D30/><U29/><E29/><V102/><F102/><W77/><G24/><T113/><D34/><U135/><E6/><V55/><F28/><W69/><G69/><T35/><D35/><U39/><E39/><V106/><F106/><W95/><G19/><T128/><D128/><U68/><E68/><V71/><REACH who="2" step="1"/><F55/><REACH who="2" ten="169,360,240,221" step="2"/><W70/><G77/><T10/><D113/><U46/><E135/><V121/><F121/><W50/><G43/><T119/><D107/><N who="1" m="63927" /><E46/><V42/><F42/><W65/><G41/><T85/><D119/><U26/><E26/><V82/><F82/><W122/><G83/><T117/><D117/><U64/><E67/><V1/><F1/><W54/><G44/><T120/><D120/><U3/><E3/><V25/><F25/><W118/><G122/><T31/><D31/><U27/><E27/><V99/><F99/><W80/><G118/><T11/><D53/><U126/><E126/><V130/><F130/><W132/><G54/><T78/><D96/><U81/><E81/><V13/><F13/><W45/><G45/><T89/><D78/><U17/><E12/><V110/><F110/><W129/><G132/><T20/><D74/><U104/><E104/><RYUUKYOKU ba="0,1" sc="169,-15,360,15,240,15,221,-15" hai1="17,18,58,60,64,88,91" hai2="5,8,14,15,21,52,57,61,62,66,71,93,94" /><INIT seed="2,1,1,5,4,41" ten="154,375,255,206" oya="2" hai0="104,109,122,87,28,105,58,19,80,74,75,1,132" hai1="83,84,40,24,76,30,82,68,61,12,32,72,99" hai2="79,102,7,85,46,29,11,70,65,36,88,100,26" hai3="34,9,33,96,47,95,114,13,50,48,56,111,98"/><V23/><F79/><W69/><G111/><T59/><D1/><U124/><E124/><V27/><F65/><W81/><G69/><T133/><D28/><U86/><E40/><V53/><F70/><W126/><G126/><T119/><D19/><U127/><E127/><V0/><F27/><W134/><G114/><T113/><D58/><U112/><E112/><V125/><F125/><W2/><G2/><T117/><D59/><U63/><E68/><V51/><REACH who="2" step="1"/><F36/><REACH who="2" ten="154,375,245,206" step="2"/><W131/><G131/><T77/><D113/><U71/><E71/><V37/><F37/><W16/><G134/><N who="0" m="51819" /><D109/><U6/><E72/><N who="0" m="27689" /><D122/><U128/><E128/><V55/><F55/><W8/><G34/><T57/><D57/><U44/><E32/><V35/><F35/><W97/><G33/><T43/><D43/><U110/><E110/><V101/><F101/><W3/><G56/><T18/><D18/><U25/><E24/><V52/><F52/><W39/><G16/><T60/><D60/><U118/><E61/><V42/><F42/><W108/><G108/><T90/><D77/><U120/><E76/><V54/><F54/><W62/><G62/><T121/><D121/><U73/><E120/><V38/><F38/><W130/><G39/><T115/><D115/><U31/><E63/><V21/><F21/><W116/><G50/><T93/><D80/><AGARI ba="1,2" hai="0,7,11,23,26,29,46,51,53,80,85,88,100,102" machi="80" ten="30,11600,0" yaku="1,1,7,1,52,1,54,1,53,0" doraHai="41" doraHaiUra="103" who="2" fromWho="0" sc="154,-119,375,0,245,139,206,0" /><INIT seed="2,2,0,3,4,64" ten="35,375,384,206" oya="2" hai0="65,117,57,132,112,22,51,83,39,130,93,96,66" hai1="135,70,30,27,15,33,41,124,43,25,1,7,126" hai2="103,56,60,78,49,82,134,34,88,85,26,17,86" hai3="3,81,122,40,87,75,92,32,97,84,131,113,45"/><V129/><F129/><W9/><G122/><T106/><D39/><U37/><E135/><V4/><F134/><W38/><G32/><T54/><D106/><U115/><E115/><V46/><F103/><W10/><G131/><T47/><D132/><U116/><E116/><V114/><F114/><W42/><G113/><T99/><D112/><U101/><E1/><V48/><F4/><W91/><G42/><T63/><D117/><U110/><E110/><V23/><F34/><W19/><G10/><T14/><D130/><U76/><E70/><V53/><REACH who="2" step="1"/><F46/><REACH who="2" ten="35,375,374,206" step="2"/><W5/><REACH who="3" step="1"/><G19/><REACH who="3" ten="35,375,374,196" step="2"/><T95/><D66/><U68/><E33/><V20/><F20/><W105/><G105/><T0/><D22/><U31/><E30/><V73/><F73/><W13/><G13/><T36/><D14/><U102/><E31/><V50/><F50/><W127/><G127/><T123/><D51/><U18/><E15/><V29/><F29/><W111/><G111/><T11/><D65/><U8/><E18/><V59/><F59/><W69/><G69/><T55/><D57/><U77/><E68/><V133/><F133/><W28/><G28/><T61/><D11/><U74/><E8/><V104/><F104/><W119/><G119/><T94/><D47/><U2/><E74/><V98/><F98/><W67/><G67/><T109/><D99/><U24/><E25/><V128/><F128/><W80/><G80/><AGARI ba="2,2" hai="17,23,26,48,49,53,56,60,78,80,82,85,86,88" machi="80" ten="30,12000,1" yaku="1,1,7,1,8,1,54,1,53,1" doraHai="64" doraHaiUra="12" who="2" fromWho="3" sc="35,0,375,0,374,146,196,-126" /><INIT seed="2,3,0,3,4,63" ten="35,375,520,70" oya="2" hai0="65,36,67,108,130,10,92,52,99,96,97,44,33" hai1="16,77,7,118,59,11,117,51,78,132,76,93,48" hai2="124,128,116,18,109,61,91,35,21,70,43,122,53" hai3="73,127,100,4,26,135,49,5,85,47,110,29,71"/><V27/><F116/><W64/><G73/><T129/><D33/><U19/><E132/><V56/><F122/><W79/><G100/><T134/><D134/><U20/><E93/><V24/><F124/><W9/><G135/><T81/><D108/><U86/><E86/><V23/><F109/><W58/><G110/><T69/><D69/><U57/><E7/><V25/><F128/><N who="0" m="49258" /><D81/><U42/><E11/><V66/><F43/><W39/><G39/><T80/><D80/><U89/><E89/><V40/><F40/><W101/><G101/><T8/><D92/><U95/><E95/><V75/><F75/><W30/><G71/><T98/><N who="0" m="24576" /><DORA hai="115" /><T60/><D36/><U41/><E78/><V120/><F120/><W104/><G104/><T17/><D17/><U106/><REACH who="1" step="1"/><E20/><REACH who="1" ten="35,365,520,70" step="2"/><V114/><F91/><W102/><G79/><T28/><D10/><U37/><E37/><V131/><F131/><W125/><G9/><T34/><D8/><U105/><AGARI ba="3,1" hai="16,19,41,42,48,51,57,59,76,77,105,106,117,118" machi="105" ten="25,16000,3" yaku="1,1,0,1,22,2,52,2,54,1,53,2" doraHai="63,115" doraHaiUra="12,0" who="1" fromWho="1" sc="35,-43,365,179,520,-83,70,-43" owari="-8,-50.8,544,64.4,437,23.7,27,-37.3" /></mjloggm>