<mjloggm ver="2.3"><GO type="225" lobby="0"/><UN n0="%E6%81%A5%E6%99%92%E3%81%97" n1="%72%69%6F%75%63%68%61%6E" n2="%4B%2E%32%2E%4B%2E" n3="%E3%82%B2%E3%82%B9%E8%8C%82%E5%8B%9D" dan="16,16,16,16" rate="2114.37,2174.03,2152.84,2127.32" sx="M,M,M,F"/><TAIKYOKU oya="0"/><INIT seed="0,0,0,4,5,71" ten="250,250,250,250" oya="0" hai0="50,73,30,108,125,38,69,72,74,114,133,21,9" hai1="100,112,101,17,62,7,82,33,15,58,120,27,110" hai2="135,103,87,32,55,85,113,25,83,26,49,99,13" hai3="119,44,96,22,79,117,39,118,2,129,60,76,70"/><T116/><D114/><U36/><E120/><V5/><F113/><W123/><G129/><T19/><D116/><U45/><E112/><V77/><F135/><W67/><G2/><T1/><D133/><U0/><E110/><V107/><F87/><W34/><G34/><T23/><D69/><U78/><E7/><V48/><F32/><W11/><G123/><T52/><D125/><U91/><E0/><V121/><F121/><W6/><G22/><T95/><D108/><U86/><E78/><V131/><F131/><W61/><G61/><T88/><D38/><U24/><E45/><V18/><F5/><W56/><G70/><T41/><D41/><U75/><E75/><V10/><REACH who="2" step="1"/><F48/><REACH who="2" ten="250,250,240,250" step="2"/><W65/><G117/><T47/><D30/><U84/><E33/><V54/><F54/><W46/><G118/><T124/><D124/><U35/><E35/><V89/><F89/><W43/><G119/><T66/><D66/><N who="1" m="39255" /><E36/><V132/><F132/><W106/><G67/><T29/><D29/><U63/><E84/><V37/><F37/><W105/><G39/><T14/><REACH who="0" step="1"/><D1/><REACH who="0" ten="240,250,240,250" step="2"/><U104/><E104/><V57/><AGARI ba="0,2" hai="10,13,18,25,26,49,55,57,77,83,85,99,103,107" machi="57" ten="20,2700,0" yaku="1,1,0,1,7,1,53,0" doraHai="71" doraHaiUra="130" who="2" fromWho="2" sc="240,-13,250,-7,240,47,250,-7" /><INIT seed="1,0,0,2,2,33" ten="227,243,287,243" oya="1" hai0="109,100,124,97,65,8,29,13,59,107,56,130,54" hai1="20,48,24,55,77,43,98,70,63,14,53,91,45" hai2="104,41,120,75,9,27,37,87,96,118,69,28,131" hai3="129,49,26,102,46,110,0,62,86,21,112,39,115"/><U121/><E121/><V66/><F87/><W36/><G102/><T88/><D109/><U58/><E77/><V11/><F11/><W12/><G110/><T89/><D124/><U16/><E70/><V126/><F120/><W32/><G32/><T6/><D130/><U5/><E5/><V116/><F9/><W34/><G34/><T72/><D72/><U125/><E125/><V132/><F75/><W61/><G12/><T7/><D29/><U47/><E14/><V60/><F132/><W3/><G86/><T103/><D7/><U122/><E122/><V23/><F131/><W4/><G4/><T90/><D65/><U22/><E22/><V25/><F25/><W128/><G49/><T106/><REACH who="0" step="1"/><D54/><REACH who="0" ten="217,243,287,243" step="2"/><N who="1" m="34263" /><E47/><N who="2" m="23983" /><F126/><W71/><G46/><T84/><D84/><U67/><E67/><V68/><F66/><W42/><G71/><T64/><D64/><U78/><E78/><V17/><F69/><W18/><G128/><T38/><D38/><U114/><E114/><V44/><F68/><W105/><G129/><T74/><D74/><U79/><E79/><V135/><F135/><W35/><G36/><T93/><D93/><AGARI ba="0,1" hai="16,20,24,43,45,48,53,55,91,93,98" m="34263" machi="93" ten="30,5800,0" yaku="25,1,8,1,54,1" doraHai="33" who="1" fromWho="0" sc="217,-58,243,68,287,0,243,0" /><INIT seed="1,1,0,2,5,5" ten="159,311,287,243" oya="1" hai0="18,103,88,45,54,32,63,43,52,9,104,87,73" hai1="82,132,128,38,122,57,50,78,39,77,41,34,130" hai2="83,71,44,67,55,23,17,109,121,15,120,96,115" hai3="98,35,25,76,85,62,116,60,70,28,3,8,64"/><U2/><E122/><V134/><F109/><W33/><G116/><T1/><D73/><U14/><E2/><V29/><F134/><W94/><G60/><T131/><D32/><U123/><E123/><V19/><F115/><W75/><G75/><T0/><D131/><N who="1" m="50219" /><E34/><V51/><F29/><W36/><G36/><N who="1" m="13866" /><E132/><V10/><F96/><W27/><G76/><N who="1" m="29290" /><E82/><V7/><F83/><W119/><G119/><T69/><D43/><U106/><E106/><V118/><F118/><W4/><G85/><T89/><D1/><U91/><E91/><V129/><F129/><W113/><G113/><T66/><D0/><U101/><E101/><V47/><F120/><W127/><G33/><T125/><D89/><U12/><E57/><V126/><F121/><W95/><G27/><T108/><D103/><U49/><E41/><V81/><F81/><W46/><G94/><T105/><D108/><U97/><E97/><V59/><F59/><W42/><G42/><T22/><D104/><U74/><E74/><V65/><F71/><W84/><G98/><T53/><D105/><U92/><E92/><V114/><F114/><W24/><G95/><T6/><D88/><U26/><E26/><N who="2" m="14703" /><F67/><W30/><G46/><T79/><D45/><U13/><AGARI ba="1,0" hai="12,13,14,49,50" m="29290,13866,50219" machi="13" ten="40,7800,0" yaku="28,2,19,1" doraHai="5" who="1" fromWho="1" sc="159,-27,311,81,287,-27,243,-27" /><INIT seed="1,2,0,1,1,83" ten="132,392,260,216" oya="1" hai0="7,118,111,84,58,132,107,103,17,96,69,74,59" hai1="44,45,66,82,12,134,32,27,64,40,101,88,29" hai2="85,47,129,124,49,0,63,5,108,68,23,55,34" hai3="52,87,79,106,24,6,43,112,37,71,81,127,113"/><U13/><E134/><V25/><F108/><W116/><G116/><T22/><D118/><U18/><E101/><V73/><F73/><W62/><G127/><T78/><D111/><U41/><E12/><V60/><F124/><W122/><G122/><T15/><D132/><U125/><E125/><V131/><F34/><W114/><G106/><T31/><D74/><U11/><E44/><V95/><F5/><W100/><G100/><T120/><D120/><U110/><E110/><V50/><F50/><W10/><G24/><T72/><D69/><U57/><E57/><V133/><F0/><W121/><G121/><T16/><D31/><U36/><REACH who="1" step="1"/><E41/><REACH who="1" ten="132,382,260,216" step="2"/><V86/><F133/><W123/><G123/><T38/><D15/><U80/><E80/><V117/><F117/><W48/><G71/><T26/><D58/><U89/><E89/><V14/><F14/><W30/><G112/><T98/><D59/><U65/><E65/><V61/><F68/><W9/><G113/><T33/><D103/><U90/><E90/><V126/><F126/><W91/><G114/><T70/><D70/><U75/><E75/><V76/><F131/><W54/><G43/><T4/><D72/><U8/><E8/><V53/><F129/><W56/><G10/><T119/><D119/><U104/><E104/><V77/><F47/><N who="3" m="27679" /><G91/><T128/><D128/><U1/><E1/><V130/><F130/><W39/><G9/><T94/><D107/><U115/><E115/><V21/><F77/><W28/><G6/><T20/><D78/><U109/><E109/><V3/><F3/><W102/><G102/><RYUUKYOKU ba="2,1" sc="132,-15,382,15,260,-15,216,15" hai1="11,13,18,27,29,32,36,40,45,64,66,82,88" hai3="28,30,37,39,54,56,62,79,81,87" /><INIT seed="1,3,1,5,2,75" ten="117,397,245,231" oya="1" hai0="64,39,14,98,113,63,102,0,104,37,129,5,11" hai1="121,89,61,52,74,95,33,66,116,101,17,48,2" hai2="20,21,34,70,88,128,112,78,28,46,55,32,53" hai3="8,115,47,27,72,16,50,93,117,26,15,29,94"/><U83/><E116/><V30/><F70/><W59/><G115/><T54/><D113/><U130/><E121/><V69/><F112/><W77/><G117/><T57/><D129/><U7/><E130/><V19/><F128/><W111/><G111/><T134/><D134/><U84/><E33/><V125/><F69/><W99/><G59/><T108/><D108/><U68/><E17/><V22/><F125/><W45/><G45/><T40/><D40/><U132/><E132/><V109/><F109/><W90/><G93/><T120/><D120/><U73/><E2/><V58/><F19/><W92/><G94/><T105/><D105/><U9/><E101/><V13/><F13/><W127/><G127/><T44/><D44/><U41/><E41/><V23/><F23/><W43/><REACH who="3" step="1"/><G29/><REACH who="3" ten="117,397,245,221" step="2"/><T97/><D97/><U42/><E95/><V71/><F28/><W35/><G35/><T123/><D123/><U3/><E42/><V31/><F32/><W25/><G25/><T82/><D0/><U110/><E110/><V1/><F1/><W24/><G24/><T135/><D135/><U118/><E118/><V6/><F34/><W60/><G60/><T76/><REACH who="0" step="1"/><D64/><REACH who="0" ten="107,397,245,221" step="2"/><U86/><E3/><V122/><F30/><W38/><G38/><T107/><D107/><U100/><E66/><V10/><F31/><W56/><G56/><T126/><D126/><U4/><E68/><V103/><F58/><W79/><G79/><T67/><D67/><U91/><E91/><V12/><F78/><W96/><G96/><T85/><AGARI ba="3,3" hai="5,11,14,37,39,54,57,63,76,82,85,98,102,104" machi="85" ten="20,5200,0" yaku="1,1,0,1,7,1,52,1,53,0" doraHai="75" doraHaiUra="65" who="0" fromWho="0" sc="107,91,397,-29,245,-16,221,-16" /><INIT seed="2,0,0,2,5,18" ten="198,368,229,205" oya="2" hai0="53,108,29,39,5,19,125,20,118,92,55,77,78" hai1="96,25,128,52,44,121,105,64,45,94,2,98,124" hai2="28,50,107,104,62,9,103,106,67,27,123,126,101" hai3="90,14,117,68,46,115,35,89,30,76,119,4,8"/><V63/><F123/><W110/><G68/><T57/><D108/><U99/><E2/><V16/><F126/><W13/><G110/><T40/><D125/><U34/><E124/><V95/><F50/><W71/><G71/><T51/><D118/><U17/><E121/><V0/><F62/><W56/><G115/><T129/><D129/><U26/><E128/><V1/><F1/><W58/><G76/><T32/><D5/><U69/><E105/><V48/><F48/><W132/><G132/><T85/><D39/><U33/><E94/><V97/><F0/><W59/><G46/><T114/><D114/><U24/><E17/><V47/><F47/><W22/><G35/><T102/><D32/><U73/><E73/><V12/><F63/><W112/><G112/><T21/><D40/><U60/><REACH who="1" step="1"/><E44/><REACH who="1" ten="198,358,229,205" step="2"/><V116/><F107/><W83/><G119/><T42/><D19/><U135/><E135/><V122/><F122/><W84/><G117/><T23/><D29/><U109/><E109/><V120/><F120/><W49/><G49/><AGARI ba="0,1" hai="24,25,26,33,34,45,49,52,60,64,69,96,98,99" machi="49" ten="40,2600,0" yaku="1,1,54,1,53,0" doraHai="18" doraHaiUra="38" who="1" fromWho="3" sc="198,0,358,36,229,0,205,-26" /><INIT seed="3,0,0,3,3,67" ten="198,394,229,179" oya="3" hai0="129,51,94,72,15,98,11,128,95,7,19,74,4" hai1="37,63,29,28,106,103,50,26,109,20,5,85,107" hai2="34,130,125,120,108,82,31,8,10,119,27,86,22" hai3="100,123,57,48,126,111,117,69,114,59,118,58,18"/><W127/><G100/><T0/><D51/><U21/><E37/><V70/><F119/><N who="3" m="45579" /><G18/><T17/><D0/><U135/><E103/><V2/><F22/><W79/><G79/><T99/><D15/><U76/><E5/><V92/><F92/><W41/><G114/><T35/><REACH who="0" step="1"/><D11/><REACH who="0" ten="188,394,229,179" step="2"/><U6/><E50/><V16/><F10/><W45/><G123/><T122/><D122/><U91/><E91/><V49/><F8/><W77/><G77/><T115/><D115/><U60/><E85/><V56/><F120/><W40/><G111/><T68/><D68/><U105/><E21/><V131/><F108/><W65/><G40/><T52/><D52/><U9/><E28/><V83/><F31/><W23/><G23/><T110/><D110/><U64/><E6/><V25/><F86/><W14/><G14/><T36/><D36/><U33/><E107/><V134/><F2/><W121/><G121/><T1/><D1/><U124/><E26/><V132/><F27/><W12/><G12/><T104/><D104/><U42/><E76/><V101/><F25/><W54/><G41/><T87/><D87/><U89/><E89/><V62/><F16/><W96/><G96/><T13/><D13/><U73/><E42/><V66/><F34/><AGARI ba="0,1" hai="4,7,17,19,34,35,72,74,94,95,98,99,128,129" machi="34" ten="25,3200,0" yaku="1,1,22,2,53,0" doraHai="67" doraHaiUra="102" who="0" fromWho="2" sc="188,42,394,0,229,-32,179,0" owari="230,3.0,394,49.4,197,-20.3,179,-32.1" /></mjloggm>