<mjloggm ver="2.3"><GO type="225" lobby="0"/><UN n0="%68%6F%72%69%30%39%30%31" n1="%E3%82%B2%E3%82%B9%E8%8C%82%E5%8B%9D" n2="%63%68%78%62%64" n3="%E3%82%82%E3%82%93%E3%81%8D%E3%82%93%E3%81%90" dan="16,16,16,16" rate="2160.86,2126.23,2154.28,2070.31" sx="M,F,M,M"/><TAIKYOKU oya="0"/><INIT seed="0,0,0,3,0,44" ten="250,250,250,250" oya="0" hai0="1,25,3,107,67,38,129,118,2,121,41,112,47" hai1="113,82,71,115,26,40,119,72,24,128,29,75,51" hai2="50,39,27,14,133,63,125,56,127,10,120,68,79" hai3="21,90,13,42,126,103,65,4,105,8,124,116,6"/><T110/><D118/><U102/><E119/><V86/><F120/><W130/><G116/><T55/><D121/><U81/><E102/><V96/><F39/><W76/><G65/><T94/><D112/><U0/><E0/><V122/><F122/><W83/><G90/><T80/><D94/><U135/><E29/><V98/><F133/><W53/><G130/><T5/><D129/><U132/><E40/><V32/><F68/><W91/><G91/><T33/><D55/><U69/><REACH who="1" step="1"/><E51/><REACH who="1" ten="250,240,250,250" step="2"/><V66/><F50/><W101/><G103/><T28/><D107/><U15/><E15/><V74/><F14/><W134/><G42/><T95/><D110/><U87/><E87/><V20/><F86/><W93/><G105/><T117/><D117/><U108/><E108/><V85/><F85/><W64/><G101/><T99/><D1/><U62/><E62/><V61/><F63/><W88/><G13/><T22/><D2/><U37/><E37/><V7/><F74/><W31/><G31/><T60/><D80/><U59/><E59/><V70/><F56/><W89/><G83/><T36/><D36/><U45/><E45/><V19/><F61/><W12/><G12/><T23/><D3/><U111/><E111/><V9/><F70/><W100/><G100/><N who="0" m="60543" /><D5/><U48/><E48/><V18/><F7/><W35/><G4/><T54/><D67/><U58/><E58/><V46/><F66/><W78/><G64/><T114/><D114/><U92/><E92/><V104/><F46/><W106/><G6/><T30/><D30/><U52/><E52/><V17/><F104/><RYUUKYOKU ba="0,1" sc="250,15,240,15,250,-15,250,-15" hai0="22,23,25,28,33,38,41,47,54,60" hai1="24,26,69,71,72,75,81,82,113,115,128,132,135" /><INIT seed="0,1,1,1,5,64" ten="265,255,235,235" oya="0" hai0="115,40,117,51,24,18,79,54,60,27,114,16,76" hai1="102,101,14,135,23,31,50,58,21,36,131,8,68" hai2="93,25,70,90,91,107,37,83,104,56,43,66,72" hai3="13,26,118,7,12,123,39,133,109,132,105,28,55"/><T130/><D117/><U122/><E122/><V41/><F56/><W87/><G105/><T17/><D40/><U74/><E36/><V10/><F10/><W77/><G39/><T22/><D130/><U129/><E74/><V125/><F125/><W103/><G103/><N who="1" m="39434" /><E135/><V110/><F37/><W134/><G118/><T35/><D115/><U4/><E31/><V48/><F110/><W97/><G97/><T59/><D114/><U2/><E2/><V47/><F41/><W100/><G100/><T33/><D33/><U69/><E23/><V128/><F128/><N who="1" m="49225" /><E21/><V46/><F25/><N who="0" m="9802" /><D35/><U96/><E96/><V42/><F72/><W9/><G109/><T126/><D126/><U19/><E4/><V116/><F116/><W53/><G123/><T120/><D120/><U80/><E80/><V95/><F83/><N who="3" m="47599" /><G13/><T71/><D71/><N who="1" m="27211" /><E58/><V84/><F70/><W30/><G30/><T98/><D98/><U94/><E50/><V89/><F48/><W62/><G62/><T121/><D121/><U29/><E29/><V34/><F34/><AGARI ba="1,1" hai="7,9,12,26,28,34,53,55,132,133,134" m="47599" machi="34" ten="30,1000,0" yaku="20,1" doraHai="64" who="3" fromWho="2" sc="265,0,255,0,235,-13,235,23" /><INIT seed="1,0,0,5,1,55" ten="265,255,222,258" oya="1" hai0="123,63,2,94,41,51,82,127,27,16,86,87,80" hai1="84,10,64,47,65,50,52,117,9,57,58,46,7" hai2="113,71,81,122,14,102,1,54,38,29,130,23,115" hai3="11,36,18,119,92,75,70,13,107,48,72,40,126"/><U15/><E117/><V103/><F122/><W118/><G107/><T78/><D2/><U112/><E112/><N who="2" m="43083" /><F1/><W39/><G70/><T133/><D123/><U37/><E84/><V26/><F38/><W131/><G131/><T62/><D133/><U134/><E134/><V121/><F121/><W4/><G126/><T83/><D94/><U49/><E37/><V100/><F71/><W128/><G128/><T77/><D82/><U12/><E52/><V111/><F130/><W129/><G129/><T8/><D127/><U3/><E3/><V76/><F111/><W21/><G39/><T85/><D85/><U43/><REACH who="1" step="1"/><E7/><REACH who="1" ten="265,245,222,258" step="2"/><V132/><F132/><W19/><G36/><T116/><D116/><U120/><E120/><V74/><F54/><W106/><G4/><T69/><D69/><U68/><E68/><V66/><F66/><W61/><G119/><T42/><D62/><U5/><E5/><V67/><F67/><W33/><G61/><T25/><D63/><U28/><E28/><V110/><F110/><W125/><G125/><T59/><D51/><U45/><E45/><V60/><F60/><W88/><G48/><T109/><D109/><U34/><E34/><V6/><F6/><W24/><G33/><T98/><D41/><AGARI ba="0,1" hai="9,10,12,15,41,43,46,47,49,50,57,58,64,65" machi="41" ten="25,18000,2" yaku="1,1,22,2,8,1,52,2,53,0" doraHai="55" doraHaiUra="91" who="1" fromWho="0" sc="265,-180,245,190,222,0,258,0" /><INIT seed="1,1,0,0,5,63" ten="85,435,222,258" oya="1" hai0="104,14,57,116,94,19,103,126,118,125,78,102,7" hai1="74,69,27,105,91,11,6,115,134,24,37,9,26" hai2="109,58,106,64,88,81,80,30,3,32,131,110,17" hai3="48,66,76,119,93,87,120,82,50,100,28,111,31"/><U85/><E74/><V43/><F3/><W5/><G111/><N who="2" m="42505" /><F106/><W12/><G120/><T96/><D78/><U42/><E115/><V72/><F131/><W39/><G39/><T36/><D36/><U121/><E121/><V98/><F72/><W75/><G119/><T92/><D7/><U114/><E114/><V133/><F133/><W25/><G31/><T127/><D57/><U46/><E134/><V56/><F43/><W70/><G5/><T113/><D113/><U55/><E105/><V0/><F0/><W18/><G70/><T71/><D71/><U97/><E97/><V108/><N who="2" m="42513" /><V62/><DORA hai="117" /><F56/><W2/><G2/><T89/><D19/><U83/><E69/><V130/><F130/><W90/><G100/><N who="0" m="62471" /><D14/><U35/><E35/><V86/><F98/><W1/><G1/><T107/><D107/><U47/><REACH who="1" step="1"/><E6/><REACH who="1" ten="85,425,222,258" step="2"/><V67/><F32/><W124/><G75/><T84/><D103/><U129/><E129/><V16/><F30/><W38/><G28/><T8/><D8/><U41/><E41/><V99/><F99/><AGARI ba="1,1" hai="84,89,92,94,99,102,116,118,125,126,127" m="62471" machi="99" ten="30,3900,0" yaku="18,1,34,2" doraHai="63,117" who="0" fromWho="2" sc="85,52,425,0,222,-42,258,0" /><INIT seed="2,0,0,4,4,88" ten="137,425,180,258" oya="2" hai0="33,42,53,55,62,93,47,54,0,96,114,89,113" hai1="64,3,37,109,39,52,112,129,26,131,98,13,38" hai2="20,84,125,1,30,116,130,15,29,104,120,61,87" hai3="77,105,35,72,31,69,135,65,126,45,101,75,123"/><V102/><F120/><W24/><G123/><T46/><D0/><U22/><E3/><V71/><F116/><W50/><G135/><T14/><D33/><U51/><E112/><V95/><F1/><W2/><G2/><T68/><D14/><U124/><E109/><V49/><F130/><N who="1" m="49673" /><E124/><V9/><F125/><W19/><G19/><T80/><D47/><N who="1" m="27775" /><E64/><V76/><F104/><W85/><G85/><T74/><D68/><U6/><E98/><N who="2" m="59743" /><F71/><W91/><G91/><T67/><D74/><U25/><E22/><V36/><F36/><W56/><G56/><T59/><REACH who="0" step="1"/><D80/><REACH who="0" ten="127,425,180,258" step="2"/><U60/><E13/><V86/><F76/><W100/><G77/><T122/><D122/><U11/><E6/><V83/><F83/><W8/><G75/><T16/><D16/><U92/><E11/><V27/><F30/><W81/><G8/><T43/><D43/><U70/><E25/><V133/><F133/><W21/><G81/><T63/><D63/><U40/><E26/><V99/><F61/><W73/><G72/><T82/><D82/><U78/><E40/><V103/><F15/><W23/><G73/><T108/><D108/><U58/><E70/><V41/><F41/><W107/><G126/><T48/><AGARI ba="0,1" hai="42,46,48,53,54,55,59,62,67,89,93,96,113,114" machi="48" ten="30,4000,0" yaku="1,1,0,1,52,1,53,0" doraHai="88" doraHaiUra="132" who="0" fromWho="0" sc="127,50,425,-10,180,-20,258,-10" /><INIT seed="3,0,0,4,4,87" ten="177,415,160,248" oya="3" hai0="79,88,101,3,134,106,51,92,9,116,0,58,129" hai1="86,17,112,82,78,119,12,126,4,80,117,103,44" hai2="102,105,34,53,65,110,19,111,109,120,131,75,10" hai3="55,16,1,128,132,100,30,133,2,27,98,115,36"/><W121/><G121/><T43/><D116/><N who="1" m="44619" /><E126/><V68/><F131/><W8/><G115/><T118/><D79/><N who="1" m="46367" /><E112/><V59/><F34/><W107/><G36/><T70/><D70/><U45/><E103/><V124/><F124/><W114/><G114/><T91/><D106/><U84/><E4/><V90/><F75/><W113/><G113/><T81/><D81/><U123/><E123/><V63/><F120/><W130/><G55/><T29/><D29/><U38/><E38/><V71/><F90/><W49/><G49/><T18/><D91/><U99/><E99/><N who="2" m="61663" /><F53/><W77/><G77/><T122/><D101/><U33/><E33/><V31/><F31/><W93/><G107/><T25/><D122/><U69/><E69/><N who="2" m="26699" /><F19/><W60/><G60/><T20/><D129/><N who="3" m="49769" /><G16/><T7/><D118/><U46/><E46/><V127/><F127/><W47/><G47/><T50/><D0/><N who="3" m="105" /><G8/><AGARI ba="0,0" hai="8,12,17,44,45,78,82,84" m="46367,44619" machi="8" ten="30,1000,0" yaku="12,1" doraHai="87" who="1" fromWho="3" sc="177,0,415,10,160,0,248,-10" owari="177,-22.3,425,52.5,160,-34.0,238,3.8" /></mjloggm>