<mjloggm ver="2.3"><GO type="225" lobby="0"/><UN n0="%73%6C%69%63%6B%33%31%39" n1="%E3%83%A9%E3%83%BC%E3%83%A1%E3%83%B3%E4%BA%94%E9%83%8E" n2="%E9%89%A2%E5%B7%BB%E3%82%AC%E3%83%96" n3="%6E%69%63%6B%6C%6F%77" dan="16,16,16,16" rate="2166.64,2046.88,2066.95,2138.65" sx="M,M,M,F"/><TAIKYOKU oya="0"/><INIT seed="0,0,0,0,1,115" ten="250,250,250,250" oya="0" hai0="3,103,34,66,29,12,78,104,26,2,81,73,95" hai1="7,13,116,90,94,134,125,25,99,72,75,4,102" hai2="83,131,35,82,110,40,10,68,112,36,41,109,43" hai3="135,92,118,126,38,8,129,111,113,62,19,55,64"/><T16/><D104/><U98/><E125/><V132/><F35/><W57/><G113/><T1/><D66/><U124/><E124/><V101/><F112/><W14/><G126/><T5/><D103/><U39/><E39/><V84/><F101/><W96/><G38/><T0/><D95/><U45/><E134/><V60/><F10/><W107/><G111/><N who="2" m="42505" /><F132/><W91/><G129/><T80/><D80/><U58/><E45/><V122/><F122/><W23/><G135/><T117/><D117/><U63/><E116/><V50/><F131/><W22/><G107/><T119/><D119/><U17/><E25/><V59/><F82/><W24/><G118/><T33/><D33/><U49/><E49/><V31/><F31/><W133/><G133/><T61/><D61/><U79/><E4/><V51/><F84/><W69/><G69/><T53/><D53/><U71/><E7/><V52/><F83/><W9/><REACH who="3" step="1"/><G64/><REACH who="3" ten="250,250,250,240" step="2"/><T86/><D73/><U48/><E71/><V54/><F36/><W130/><G130/><T106/><D106/><U18/><E72/><V100/><F68/><W120/><G120/><T11/><REACH who="0" step="1"/><D0/><REACH who="0" ten="240,250,250,240" step="2"/><U28/><E75/><V44/><F100/><W97/><G97/><T105/><D105/><U65/><E98/><V108/><F108/><W85/><G85/><T128/><D128/><U67/><E102/><V42/><F42/><W15/><G15/><T70/><D70/><U47/><E13/><V89/><F89/><W56/><G56/><AGARI ba="0,2" hai="40,41,43,44,50,51,52,54,56,59,60" m="42505" machi="56" ten="30,7700,0" yaku="14,1,34,2,54,1" doraHai="115" who="2" fromWho="3" sc="240,0,250,0,250,97,240,-77" /><INIT seed="1,0,0,4,4,5" ten="240,250,347,163" oya="1" hai0="64,58,95,40,126,52,93,84,8,36,28,26,55" hai1="57,130,109,74,31,76,122,73,120,110,2,4,90" hai2="3,35,96,115,116,0,133,100,23,16,10,65,78" hai3="119,59,53,60,111,20,62,68,87,48,103,33,17"/><U42/><E130/><V66/><F116/><W70/><G33/><T79/><D126/><U108/><E31/><V135/><F35/><W91/><G111/><T34/><D64/><U86/><E42/><V77/><F65/><W131/><G131/><T9/><D79/><U85/><E57/><V112/><F66/><W39/><G119/><T47/><D55/><U123/><E76/><V1/><F77/><W11/><G39/><T132/><D132/><N who="2" m="50762" /><F78/><W114/><G114/><T46/><D47/><U102/><E102/><V81/><F81/><W105/><G105/><T72/><D72/><N who="1" m="27755" /><E90/><V94/><F10/><AGARI ba="0,0" hai="2,4,10,85,86,108,109,110,120,122,123" m="27755" machi="10" ten="50,9600,0" yaku="14,1,10,1,52,1" doraHai="5" who="1" fromWho="2" sc="240,0,250,96,347,-96,163,0" /><INIT seed="1,1,0,5,0,57" ten="240,346,251,163" oya="1" hai0="41,99,94,64,126,65,128,39,95,20,61,76,1" hai1="38,109,11,16,81,5,63,101,52,26,40,131,133" hai2="84,127,107,105,122,104,116,22,130,6,56,87,58" hai3="17,34,112,73,31,35,98,134,45,91,25,14,115"/><U66/><E131/><V36/><F116/><W55/><G73/><T110/><D1/><U21/><E133/><V121/><F36/><W7/><G134/><T92/><D128/><U71/><E109/><V124/><F130/><W80/><G34/><T12/><D110/><U97/><E81/><V75/><F75/><W62/><G7/><T2/><D2/><U89/><E89/><V83/><F6/><W23/><G45/><T102/><D126/><N who="2" m="48170" /><F22/><W69/><G55/><T90/><D76/><U0/><E52/><V86/><F83/><W103/><G91/><T93/><D41/><U135/><E135/><V37/><F37/><W111/><G80/><T85/><D39/><U106/><E38/><V42/><F42/><W29/><G29/><T114/><D114/><U132/><E132/><V118/><F118/><W70/><G70/><T74/><D74/><U3/><E40/><V59/><AGARI ba="1,0" hai="56,58,59,84,86,87,104,105,107,121,122" m="48170" machi="59" ten="50,8000,1" yaku="29,2,28,2,18,1" doraHai="57" who="2" fromWho="2" sc="240,-21,346,-41,251,83,163,-21" /><INIT seed="2,0,0,5,1,55" ten="219,305,334,142" oya="2" hai0="12,29,114,56,28,121,109,65,135,20,116,5,112" hai1="94,46,127,131,64,0,37,35,72,63,43,41,44" hai2="50,2,98,88,49,14,81,54,119,52,57,99,73" hai3="75,31,80,22,90,68,124,118,130,42,86,77,120"/><V62/><F119/><W102/><G120/><T132/><D65/><U51/><E0/><V125/><F2/><W100/><G118/><T10/><D56/><N who="1" m="36967" /><E35/><V106/><F125/><W17/><G124/><T34/><D116/><U6/><E94/><V107/><F107/><W69/><G130/><T47/><D47/><N who="1" m="23983" /><E6/><V3/><F3/><W60/><G42/><T85/><D85/><U103/><E103/><V117/><F117/><W24/><G102/><T83/><D83/><U59/><E72/><V30/><F106/><W32/><G100/><T48/><D48/><N who="2" m="18538" /><F30/><W67/><G69/><T97/><D97/><N who="2" m="36874" /><F73/><W27/><G75/><T123/><D34/><U76/><E76/><V66/><F14/><W36/><REACH who="3" step="1"/><G36/><REACH who="3" ten="219,305,334,132" step="2"/><T104/><D104/><U23/><E127/><V19/><F19/><W91/><AGARI ba="0,1" hai="17,22,24,27,31,32,60,67,68,77,80,86,90,91" machi="91" ten="30,4000,0" yaku="1,1,2,1,0,1,53,0" doraHai="55" doraHaiUra="101" who="3" fromWho="3" sc="219,-10,305,-10,334,-20,132,50" /><INIT seed="3,0,0,1,4,105" ten="209,295,314,182" oya="3" hai0="119,53,34,41,93,76,66,82,135,0,47,78,50" hai1="1,100,49,21,92,61,111,72,129,7,5,107,2" hai2="13,31,60,114,9,113,48,27,116,109,134,24,86" hai3="65,81,79,71,54,118,132,51,52,42,35,19,88"/><W23/><G118/><T39/><D34/><U128/><E111/><V20/><F116/><W121/><G121/><T46/><D119/><U22/><E107/><V68/><F109/><W117/><G132/><T97/><D135/><U110/><E110/><V26/><F134/><W44/><G35/><T130/><D130/><N who="1" m="50283" /><E49/><V126/><F126/><W8/><G117/><T89/><D0/><N who="1" m="107" /><E61/><V32/><F86/><N who="3" m="50255" /><G71/><T99/><D66/><U102/><E72/><V67/><F48/><N who="3" m="26647" /><G65/><T133/><D133/><U3/><E3/><V56/><F68/><W17/><G79/><T95/><D82/><U18/><E92/><V123/><F123/><W84/><G84/><T29/><D29/><U37/><E37/><V112/><REACH who="2" step="1"/><F32/><REACH who="2" ten="209,295,304,182" step="2"/><W74/><G74/><T94/><D94/><U33/><E33/><V58/><F58/><W83/><G83/><T55/><D95/><U77/><E77/><V59/><F59/><W91/><G51/><N who="0" m="28919" /><D78/><U104/><E104/><V98/><F98/><W57/><G57/><N who="0" m="33015" /><D76/><U38/><E38/><V63/><F63/><W12/><G91/><T103/><D97/><U101/><E22/><V43/><F43/><W90/><G90/><T16/><D89/><U6/><E5/><AGARI ba="0,1" hai="5,9,13,20,24,26,27,31,56,60,67,112,113,114" machi="5" ten="40,1300,0" yaku="1,1,53,0" doraHai="105" doraHaiUra="125" who="2" fromWho="1" sc="209,0,295,-13,304,23,182,0" owari="209,-19.1,282,8.2,327,42.7,182,-31.8" /></mjloggm>