<mjloggm ver="2.3"><GO type="225" lobby="0"/><UN n0="%4C%4F%4C%49%54%41" n1="%E3%83%99%E3%83%AB%E3%83%A2%E3%83%83%E3%83%88" n2="%E5%B0%8F%E9%B3%A5%E9%81%8A%E7%B7%B4%E7%84%A1%32%31%E6%AD%B3" n3="%E4%BA%95%E5%B8%AF" dan="16,16,16,16" rate="2149.09,2109.51,2161.00,2075.25" sx="F,M,F,M"/><TAIKYOKU oya="0"/><INIT seed="0,0,0,1,5,48" ten="250,250,250,250" oya="0" hai0="107,56,33,125,133,23,4,29,124,83,8,129,32" hai1="71,20,47,105,81,74,116,65,69,62,66,78,115" hai2="34,60,94,91,134,1,2,120,126,75,97,43,76" hai3="93,109,26,122,118,22,127,18,77,135,132,51,46"/><T100/><D100/><U82/><E115/><V88/><F120/><W35/><G118/><T44/><D107/><U64/><E116/><V3/><F34/><W121/><G77/><T79/><D133/><N who="3" m="51273" /><G109/><T40/><D129/><U53/><E105/><V42/><F134/><W11/><G35/><T130/><D130/><U102/><E102/><V55/><F126/><N who="0" m="48746" /><D23/><U73/><E20/><V52/><F60/><W37/><G37/><N who="0" m="21519" /><D29/><U28/><E28/><V31/><F31/><W57/><G11/><T131/><D56/><U85/><E81/><V123/><F123/><W41/><G127/><T92/><D92/><U110/><E110/><V70/><F70/><W16/><G93/><T108/><D131/><U90/><E74/><V7/><F75/><W38/><G18/><T5/><D5/><U24/><E24/><V112/><F7/><W45/><G57/><T39/><D39/><U128/><E128/><V17/><F17/><W12/><G26/><T21/><D21/><U15/><E15/><V58/><F58/><W72/><G72/><N who="0" m="43495" /><D108/><U103/><E103/><V111/><F111/><W98/><G98/><T101/><D101/><U87/><E73/><V67/><F97/><W68/><G68/><T63/><D63/><U13/><E71/><V89/><F94/><W50/><G38/><T10/><D10/><U59/><E69/><V113/><F76/><W117/><G117/><T6/><D6/><U84/><E13/><AGARI ba="0,0" hai="4,8,13,32,33" m="43495,21519,48746" machi="13" ten="30,1500,0" yaku="18,1" doraHai="48" who="0" fromWho="1" sc="250,15,250,-15,250,0,250,0" /><INIT seed="0,1,0,3,5,128" ten="265,235,250,250" oya="0" hai0="53,91,61,30,11,132,98,71,68,0,90,120,72" hai1="54,5,94,99,85,38,92,108,21,93,3,127,111" hai2="75,48,124,123,87,134,1,70,117,34,35,110,58" hai3="115,9,101,103,80,63,131,40,81,109,133,26,13"/><T67/><D72/><U69/><E69/><V64/><RYUUKYOKU type="yao9" ba="1,0" sc="265,0,235,0,250,0,250,0" hai2="1,34,35,48,58,64,70,75,87,110,117,123,124,134" /><INIT seed="0,2,0,3,0,133" ten="265,235,250,250" oya="0" hai0="51,12,50,64,55,74,93,40,88,10,82,103,35" hai1="26,56,33,7,83,25,91,70,135,6,99,131,38" hai2="87,31,47,114,124,80,3,126,20,36,68,108,121" hai3="62,44,4,95,53,96,24,101,76,9,43,89,13"/><T58/><D35/><U117/><E70/><V65/><F114/><W37/><G76/><T11/><D103/><U119/><E38/><V45/><F3/><W16/><G62/><T21/><D74/><U112/><E135/><V128/><F121/><W15/><G24/><T67/><D82/><U42/><E42/><V32/><F32/><W107/><G53/><T78/><D21/><U34/><E56/><V41/><F45/><W84/><REACH who="3" step="1"/><G13/><REACH who="3" ten="265,235,250,240" step="2"/><T57/><D78/><U71/><E112/><V116/><F65/><W134/><G134/><T90/><D12/><U54/><E54/><V49/><F68/><W86/><G86/><T109/><D55/><U0/><E71/><V100/><F87/><W92/><G92/><T113/><D93/><U66/><E66/><V29/><F29/><W81/><G81/><T122/><D113/><U102/><E83/><V110/><F80/><W5/><AGARI ba="2,1" hai="4,5,9,15,16,37,43,44,84,89,95,96,101,107" machi="5" ten="30,4000,0" yaku="1,1,0,1,54,1,53,0" doraHai="133" doraHaiUra="129" who="3" fromWho="3" sc="265,-22,235,-12,250,-12,240,56" /><INIT seed="1,0,0,4,5,76" ten="243,223,238,296" oya="1" hai0="73,124,119,7,55,101,18,65,113,60,84,123,72" hai1="86,23,22,14,79,59,30,133,28,107,69,132,95" hai2="92,94,34,98,116,20,108,83,114,50,89,106,85" hai3="103,125,41,27,104,64,56,120,43,19,54,75,135"/><U115/><E69/><V131/><F34/><W44/><G120/><T47/><D113/><U61/><E107/><V17/><F116/><W90/><G75/><T74/><D119/><U42/><E115/><V82/><F108/><W126/><G103/><T5/><D124/><U21/><E42/><V25/><F106/><W68/><G68/><T16/><D101/><U80/><E14/><V37/><F37/><W102/><G90/><T46/><D123/><U2/><E2/><V6/><F131/><W105/><G64/><T66/><D73/><U78/><E95/><V91/><F114/><W13/><G27/><T32/><D84/><U38/><E38/><V11/><REACH who="2" step="1"/><F50/><REACH who="2" ten="243,223,228,296" step="2"/><W33/><G33/><T36/><D32/><U24/><E24/><V48/><F48/><W121/><G105/><T52/><D36/><U96/><E96/><V40/><F40/><W109/><G41/><T99/><D60/><U10/><E10/><V71/><F71/><W62/><G109/><T127/><D127/><U58/><E58/><V57/><F57/><W29/><G56/><T111/><D111/><U93/><E93/><V49/><F49/><W26/><G104/><T134/><D99/><U12/><E12/><AGARI ba="0,1" hai="6,11,12,17,20,25,82,83,85,89,91,92,94,98" machi="12" ten="30,12000,2" yaku="1,1,7,1,8,1,52,2,53,1" doraHai="76" doraHaiUra="1" who="2" fromWho="1" sc="243,0,223,-120,228,130,296,0" /><INIT seed="2,0,0,1,5,97" ten="243,103,358,296" oya="2" hai0="2,40,102,94,35,90,20,13,91,126,51,22,109" hai1="81,114,27,43,68,108,113,86,49,62,58,121,132" hai2="46,104,14,7,82,117,66,25,12,67,59,75,9" hai3="89,133,98,73,69,101,50,100,103,123,42,47,23"/><V39/><F117/><W111/><G123/><T57/><D2/><U87/><E121/><V74/><F104/><W78/><G69/><T6/><D35/><U10/><E68/><V107/><F107/><W92/><G111/><T29/><D126/><U32/><E108/><V77/><F74/><W128/><G128/><T24/><D109/><U37/><E37/><V127/><F127/><W30/><G133/><T120/><D120/><U21/><E132/><V44/><F44/><W106/><G73/><T135/><D135/><U99/><E32/><V19/><F67/><W122/><G122/><T55/><D40/><U8/><E113/><V76/><F76/><W34/><G34/><T3/><D3/><U48/><E114/><V93/><F93/><W15/><G106/><T116/><D116/><U80/><E43/><N who="2" m="22911" /><F59/><W52/><G78/><T88/><D102/><U17/><E49/><V33/><F66/><W63/><G63/><T125/><D125/><U124/><E124/><V36/><F36/><W56/><G15/><T134/><D134/><U0/><E0/><N who="2" m="231" /><F19/><W79/><G79/><T54/><D55/><U83/><E48/><V130/><F130/><W110/><G110/><T61/><D61/><U129/><E129/><V70/><F70/><W60/><G23/><T45/><D45/><U26/><E26/><V119/><F119/><W84/><G84/><N who="1" m="32298" /><E99/><V115/><F115/><W18/><G18/><N who="0" m="10319" /><D6/><U11/><E58/><V28/><AGARI ba="0,0" hai="12,14,25,28,33,75,77,82" m="231,22911" machi="28" ten="30,1500,0" yaku="25,1" doraHai="97" who="2" fromWho="2" sc="243,-5,103,-5,358,15,296,-5" /><INIT seed="2,1,0,5,2,64" ten="238,98,373,291" oya="2" hai0="98,84,93,132,41,74,111,47,130,99,126,108,9" hai1="81,89,96,78,110,48,50,125,106,107,85,131,61" hai2="76,25,20,32,71,83,109,134,7,102,19,33,67" hai3="2,116,52,80,11,37,123,45,114,82,73,21,3"/><V43/><F134/><W0/><G123/><T15/><D74/><U22/><E22/><V42/><F7/><W54/><G116/><T26/><D130/><U16/><E61/><V8/><F102/><W79/><G114/><T77/><D126/><U86/><E16/><V28/><F109/><N who="0" m="42058" /><D26/><U60/><E60/><V124/><F124/><W97/><G97/><T30/><D30/><U112/><E50/><V118/><F118/><W39/><G82/><N who="0" m="47183" /><D93/><N who="1" m="54447" /><E48/><V49/><F49/><W59/><G21/><T29/><D29/><U128/><E110/><V23/><F8/><W1/><G45/><T91/><D132/><U87/><E125/><V65/><F32/><W119/><G119/><T40/><D47/><U14/><E14/><V17/><F33/><W92/><G0/><T113/><D41/><U103/><E112/><V36/><F28/><W70/><G1/><T18/><D40/><U129/><E87/><V94/><F42/><W10/><G2/><T69/><D113/><U6/><E6/><V115/><F43/><W121/><G3/><T5/><D18/><U127/><E127/><V75/><F115/><W133/><G37/><T35/><D35/><U12/><E12/><V56/><F36/><W34/><G39/><T95/><D69/><U46/><E46/><V100/><F71/><W122/><G70/><T24/><D24/><U4/><E4/><V57/><F65/><W120/><G34/><T51/><D51/><U44/><E44/><V105/><F67/><W38/><G38/><T55/><D55/><N who="3" m="21033" /><G59/><T104/><D5/><U117/><E107/><V63/><F105/><RYUUKYOKU ba="1,0" sc="238,-10,98,30,373,-10,291,-10" hai1="78,81,86,96,103,106,117,128,129,131" /><INIT seed="3,2,0,3,0,81" ten="228,128,363,281" oya="3" hai0="13,65,132,74,114,135,19,64,127,42,50,25,8" hai1="110,60,105,5,18,109,99,91,23,86,22,108,52" hai2="49,26,118,103,126,78,10,102,0,48,90,63,6" hai3="34,121,128,29,27,33,71,97,59,21,106,98,39"/><W61/><G121/><T43/><D74/><U35/><E35/><V70/><F118/><W4/><G128/><T89/><D127/><U120/><E120/><V125/><F78/><W46/><G4/><T31/><D114/><U119/><E119/><V111/><F111/><W101/><G98/><T82/><D64/><U7/><E23/><V95/><F26/><W32/><G71/><T129/><D65/><U53/><E99/><V75/><F75/><W41/><REACH who="3" step="1"/><G33/><REACH who="3" ten="228,128,363,271" step="2"/><T2/><D129/><U44/><E105/><V92/><F70/><W130/><G130/><T67/><D135/><U94/><E53/><AGARI ba="2,1" hai="21,27,29,32,34,39,41,46,53,59,61,97,101,106" machi="53" ten="30,5800,0" yaku="1,1,7,1,53,1" doraHai="81" doraHaiUra="54" who="3" fromWho="1" sc="228,0,128,-64,363,0,271,74" /><INIT seed="3,3,0,4,1,23" ten="228,64,363,345" oya="3" hai0="106,115,10,0,123,3,116,15,22,16,28,99,75" hai1="38,63,13,96,77,102,117,8,67,14,17,30,127" hai2="46,109,101,12,26,128,103,45,120,6,62,125,60" hai3="74,47,59,131,21,58,76,61,133,94,9,88,33"/><W118/><G118/><T71/><D75/><U114/><E114/><V50/><F128/><W69/><G33/><T92/><D106/><U111/><E111/><V19/><F109/><W121/><G121/><T54/><D71/><U104/><E117/><V65/><F125/><W41/><G131/><T64/><D64/><U84/><E127/><V90/><F120/><W98/><G133/><T42/><D116/><U51/><E51/><V73/><F73/><W68/><G58/><T107/><D107/><U78/><E14/><V134/><F90/><W83/><G21/><T2/><D123/><U5/><E84/><V86/><F86/><W108/><G9/><T32/><D115/><U113/><E113/><V49/><F6/><W56/><G56/><T97/><D42/><U100/><E100/><V43/><F65/><W7/><G7/><T25/><D54/><U52/><E5/><V57/><F57/><W20/><G20/><T129/><D129/><U36/><E36/><V11/><F103/><W132/><G132/><T87/><D87/><U27/><E38/><V91/><F101/><W24/><G24/><T48/><D48/><U39/><E39/><V81/><F26/><W44/><G108/><T79/><D79/><U130/><E52/><N who="2" m="29743" /><F134/><W29/><G29/><T95/><REACH who="0" step="1"/><D32/><REACH who="0" ten="218,64,363,345" step="2"/><U112/><E112/><V89/><F43/><W37/><G44/><T53/><D53/><AGARI ba="3,1" hai="37,41,47,53,59,61,68,69,74,76,83,88,94,98" machi="53" ten="30,2900,0" yaku="7,1,54,1" doraHai="23" who="3" fromWho="0" sc="218,-38,64,0,363,0,345,48" owari="180,-22.0,64,-43.6,363,16.3,393,49.3" /></mjloggm>