<mjloggm ver="2.3"><GO type="225" lobby="0"/><UN n0="%E9%81%85%E5%88%BB%E3%81%AE%E3%83%97%E3%83%AA%E3%83%B3%E3%82%B9%E2%99%AA" n1="%48%61%61%61%6C%61%6E%64" n2="%E3%81%AF%E3%82%88%E3%81%8A%E3%81%98%E3%81%95%E3%82%93" n3="%6D%75%75%6D%75%72%61" dan="16,17,16,16" rate="2161.46,2227.80,2197.57,2093.45" sx="F,M,M,F"/><TAIKYOKU oya="0"/><INIT seed="0,0,0,2,3,106" ten="250,250,250,250" oya="0" hai0="30,15,116,9,103,23,79,129,37,122,62,4,75" hai1="57,21,10,33,123,80,41,92,6,2,16,7,100" hai2="31,0,24,43,14,29,132,74,73,69,5,18,109" hai3="36,105,89,65,131,104,78,13,60,121,44,56,95"/><T58/><D116/><U63/><E123/><V94/><F69/><W102/><G121/><T20/><D122/><U117/><E117/><V59/><F43/><W28/><G131/><T17/><D37/><U52/><E33/><V88/><F31/><W26/><G78/><T84/><D129/><U39/><E7/><V46/><F46/><W32/><G13/><T3/><D103/><U8/><E8/><N who="2" m="2087" /><F59/><W34/><G34/><T118/><D118/><U67/><E80/><V47/><F47/><W19/><G19/><T113/><D113/><U83/><E83/><V38/><F38/><W110/><G110/><T55/><D84/><U108/><E108/><V111/><F111/><W42/><REACH who="3" step="1"/><G102/><REACH who="3" ten="250,250,250,240" step="2"/><T124/><D124/><U130/><E130/><V40/><F109/><W133/><G133/><T1/><D1/><U101/><E101/><V134/><F134/><W11/><G11/><T71/><D71/><U85/><E100/><V35/><F132/><W27/><G27/><T86/><D30/><U68/><E16/><V114/><F114/><W97/><AGARI ba="0,1" hai="26,28,32,36,42,44,56,60,65,89,95,97,104,105" machi="97" ten="20,5200,0" yaku="1,1,0,1,7,1,53,1" doraHai="106" doraHaiUra="61" who="3" fromWho="3" sc="250,-26,250,-13,250,-13,240,62" /><INIT seed="1,0,0,5,4,32" ten="224,237,237,302" oya="1" hai0="16,134,29,102,24,71,87,117,129,80,27,36,4" hai1="109,13,99,79,92,101,40,85,95,125,67,22,77" hai2="56,5,26,30,124,131,70,74,33,97,114,75,21" hai3="110,123,81,1,126,60,15,38,28,122,73,10,39"/><U104/><E125/><V72/><F70/><W57/><G126/><T107/><D117/><U105/><E67/><V88/><F124/><W47/><G110/><T45/><D71/><U51/><E109/><V130/><F114/><W48/><G28/><T63/><D129/><N who="2" m="49162" /><F5/><W89/><G38/><T78/><D134/><U82/><E77/><V76/><F56/><W52/><G39/><T86/><D4/><U18/><REACH who="1" step="1"/><E105/><REACH who="1" ten="224,227,237,302" step="2"/><V19/><F76/><W61/><G122/><T12/><D107/><U68/><E68/><V0/><F72/><W35/><G123/><T11/><D78/><U90/><E90/><V132/><F132/><W49/><G73/><T119/><D119/><U112/><E112/><V55/><F75/><W17/><G89/><T37/><D102/><U121/><E121/><V6/><F74/><W66/><G66/><T23/><D37/><U62/><E62/><V42/><F88/><W96/><G61/><T9/><D63/><U128/><E128/><V20/><F55/><W64/><G64/><T115/><D115/><U135/><E135/><V44/><F42/><W69/><G69/><T53/><D36/><U59/><E59/><V113/><F113/><W103/><G60/><T41/><D41/><U43/><E43/><V91/><F91/><W8/><G57/><T133/><D133/><U7/><E7/><V106/><F106/><W118/><G118/><T84/><D53/><U93/><E93/><V98/><F6/><W94/><G52/><T120/><D120/><U2/><E2/><V58/><F58/><W54/><G54/><T111/><D111/><RYUUKYOKU ba="0,1" sc="224,-10,227,30,237,-10,302,-10" hai1="13,18,22,40,51,79,82,85,92,95,99,101,104" /><INIT seed="1,1,1,0,3,76" ten="214,257,227,292" oya="1" hai0="27,22,28,5,20,10,56,50,123,84,55,131,31" hai1="112,102,79,86,37,90,116,125,66,62,106,53,45" hai2="73,16,72,130,51,98,26,39,132,65,71,12,63" hai3="75,80,110,34,99,100,83,92,11,96,101,42,1"/><U111/><E112/><V118/><F39/><W93/><G110/><T69/><D69/><U108/><E116/><V8/><F118/><W17/><G34/><T44/><D131/><U94/><E125/><V41/><F130/><W103/><G75/><T68/><D68/><U88/><E79/><V18/><F132/><W81/><G42/><T24/><D123/><U9/><E9/><V48/><F98/><N who="3" m="37419" /><G1/><T107/><D107/><U13/><E13/><AGARI ba="1,1" hai="11,13,17,80,81,83,92,93,100,101,103" m="37419" machi="13" ten="40,8000,1" yaku="8,1,52,3" doraHai="76" who="3" fromWho="1" sc="214,0,257,-83,227,0,292,93" /><INIT seed="2,0,0,4,1,61" ten="214,174,227,385" oya="2" hai0="68,15,91,123,57,33,102,6,48,116,69,19,118" hai1="0,10,101,129,45,27,54,111,32,37,18,29,80" hai2="73,88,14,30,83,58,4,87,98,99,124,119,60" hai3="92,36,39,28,59,109,63,120,108,135,132,2,115"/><V62/><F119/><N who="0" m="45610" /><D33/><U84/><E111/><N who="3" m="42570" /><G2/><T24/><D123/><U66/><E129/><V49/><F73/><W7/><G7/><T21/><D102/><U86/><E101/><V34/><F124/><W1/><G1/><T126/><D126/><U71/><E54/><N who="2" m="32079" /><F34/><W112/><G28/><T134/><D134/><N who="3" m="51241" /><G92/><T107/><D107/><U40/><E80/><V133/><F30/><W16/><G16/><N who="0" m="12327" /><D6/><U56/><E71/><V51/><F133/><W90/><G90/><T81/><D91/><U43/><E43/><V78/><F14/><W100/><G100/><T20/><D81/><U47/><E0/><V55/><F4/><W89/><G89/><T13/><D13/><U94/><E94/><N who="2" m="56647" /><F99/><W50/><G50/><T122/><D122/><U114/><E86/><V75/><F75/><W128/><G128/><T11/><D11/><U52/><E84/><V74/><F74/><W26/><G26/><T125/><D125/><U130/><E130/><V76/><F78/><W106/><G106/><T22/><D22/><U70/><E10/><V46/><AGARI ba="0,0" hai="46,51,55,60,62,76,83,87" m="56647,32079" machi="46" ten="30,3000,0" yaku="8,1,54,1" doraHai="61" who="2" fromWho="2" sc="214,-10,174,-10,227,30,385,-10" /><INIT seed="2,1,0,4,4,39" ten="204,164,257,375" oya="2" hai0="20,9,117,134,4,84,15,111,3,79,82,11,65" hai1="23,32,80,55,95,1,129,26,36,69,7,85,75" hai2="52,28,72,89,41,58,67,25,96,19,35,130,115" hai3="107,47,59,97,5,33,119,126,125,60,56,110,6"/><V63/><F115/><W73/><G119/><T68/><D117/><U103/><E129/><V81/><F130/><W64/><G110/><T0/><D111/><U112/><E112/><V30/><F72/><W124/><G73/><T86/><D134/><U14/><E69/><V93/><F81/><W62/><G33/><T40/><D20/><U22/><E1/><V90/><F41/><W17/><G17/><T16/><D40/><U10/><E36/><V66/><F30/><W29/><G47/><T123/><D123/><U88/><E55/><V132/><F132/><W108/><G29/><T12/><REACH who="0" step="1"/><D84/><REACH who="0" ten="194,164,257,375" step="2"/><U49/><E32/><V106/><F35/><W44/><G108/><T98/><D98/><N who="1" m="59871" /><E75/><V91/><F28/><W37/><G97/><T48/><D48/><U74/><E74/><V50/><F106/><W78/><G107/><T45/><D45/><U53/><E26/><V61/><F61/><AGARI ba="1,1" hai="0,3,4,9,11,12,15,16,61,65,68,79,82,86" machi="61" ten="40,2600,0" yaku="1,1,54,1,53,0" doraHai="39" doraHaiUra="18" who="0" fromWho="2" sc="194,39,164,0,257,-29,375,0" /><INIT seed="3,0,0,4,2,53" ten="233,164,228,375" oya="3" hai0="43,67,112,20,69,68,0,52,37,106,48,13,114" hai1="71,66,46,9,23,99,59,22,130,57,44,135,34" hai2="28,36,74,85,82,58,26,93,103,16,15,105,6" hai3="50,73,54,97,107,88,62,101,115,77,12,120,128"/><W90/><G128/><T64/><D106/><U126/><E34/><V123/><F36/><W109/><G120/><T42/><D0/><U27/><E130/><V134/><F105/><W89/><G115/><N who="0" m="44075" /><D37/><U111/><E111/><V87/><F74/><W21/><G109/><T14/><D20/><U94/><E135/><V32/><F6/><W60/><G77/><T7/><D7/><U110/><E110/><V70/><F70/><N who="0" m="27242" /><D13/><U30/><E126/><V96/><F123/><W24/><G12/><T56/><D14/><U29/><E71/><V129/><F129/><W39/><G39/><T41/><AGARI ba="0,0" hai="41,42,43,48,52,56,64,67" m="27242,44075" machi="41" ten="40,8000,1" yaku="11,1,34,2,52,1,54,1" doraHai="53" who="0" fromWho="0" sc="233,80,164,-20,228,-20,375,-40" owari="313,11.3,144,-35.6,208,-19.2,335,43.5" /></mjloggm>