<mjloggm ver="2.3"><GO type="225" lobby="0"/><UN n0="%E6%B4%BE%E9%81%A3%E3%81%AE%E3%82%B8%E3%83%A3%E3%83%83%E3%82%AF" n1="%E3%83%81%E3%83%AF%E3%83%AF%E9%9A%8A%E9%95%B7" n2="%72%65%6E%6B%75%6E" n3="%E6%A1%9C%E8%8A%B1%E9%96%83%E3%80%85" dan="17,16,17,16" rate="2238.46,2173.83,2217.38,2134.05" sx="M,M,M,M"/><TAIKYOKU oya="0"/><INIT seed="0,0,0,0,0,41" ten="250,250,250,250" oya="0" hai0="109,46,5,47,99,33,3,96,77,135,93,100,73" hai1="37,63,44,79,50,6,88,117,68,76,57,120,75" hai2="27,60,118,116,131,132,119,71,54,113,38,82,39" hai3="78,85,134,15,20,66,14,0,128,45,121,84,17"/><T129/><D33/><U51/><E117/><V31/><F113/><W10/><G128/><T126/><D129/><U9/><E120/><V26/><F131/><W102/><G121/><T112/><D112/><U28/><E68/><V40/><F132/><W123/><G123/><T13/><D3/><N who="1" m="223" /><E28/><V72/><F40/><W114/><G0/><T32/><D32/><U95/><E76/><N who="2" m="44295" /><F54/><W105/><G114/><T74/><D74/><U130/><E130/><V67/><F27/><W127/><G127/><T34/><D34/><AGARI ba="0,0" hai="26,31,34,38,39,60,67,71,116,118,119" m="44295" machi="34" ten="30,2000,0" yaku="12,1,23,1" doraHai="41" who="2" fromWho="0" sc="250,-20,250,0,250,20,250,0" /><INIT seed="1,0,0,5,2,89" ten="230,250,270,250" oya="1" hai0="114,116,27,34,14,33,54,84,67,65,68,97,96" hai1="7,123,43,98,131,5,110,44,132,24,102,82,134" hai2="39,48,118,55,119,121,30,57,113,93,91,56,103" hai3="23,87,73,41,127,16,80,47,92,18,22,66,88"/><U78/><E123/><V86/><F121/><W79/><G127/><T115/><D116/><U111/><E24/><V8/><F39/><W74/><G66/><T11/><D84/><U9/><E131/><V106/><F113/><W6/><G6/><T94/><D54/><U69/><E69/><V101/><F30/><W29/><G74/><T108/><D108/><N who="1" m="41515" /><E82/><V0/><F56/><W129/><G129/><T31/><D33/><U60/><E60/><V104/><F103/><W135/><G135/><N who="1" m="51754" /><E78/><V50/><F118/><W2/><G2/><T62/><D67/><U38/><E9/><V117/><F117/><W45/><G29/><T124/><D124/><U109/><N who="1" m="41523" /><U112/><DORA hai="63" /><E112/><V20/><F20/><W59/><G23/><T125/><D125/><U130/><E130/><V52/><F119/><W85/><G22/><T71/><D71/><U15/><E15/><V75/><F8/><W26/><G26/><T133/><D133/><U37/><E37/><V95/><F0/><W76/><G76/><T49/><D49/><U1/><E1/><V122/><F122/><W51/><G73/><T72/><D72/><U99/><E99/><V19/><F75/><W4/><G79/><T64/><D97/><U70/><E70/><V21/><F50/><N who="3" m="26927" /><G80/><T100/><REACH who="0" step="1"/><D65/><REACH who="0" ten="220,250,270,250" step="2"/><U53/><E53/><V25/><F55/><N who="3" m="32255" /><G85/><T77/><D77/><U126/><E126/><V40/><F40/><W120/><G120/><T12/><D12/><U3/><E3/><V32/><F32/><W28/><G87/><T81/><D81/><U13/><E13/><V42/><F42/><RYUUKYOKU ba="0,1" sc="220,10,250,10,270,10,250,-30" hai0="11,14,27,31,34,62,64,68,94,96,100,114,115" hai1="5,7,38,43,44,98,102" hai2="19,21,25,48,52,57,86,91,93,95,101,104,106" /><INIT seed="1,1,1,5,5,24" ten="230,260,280,220" oya="1" hai0="72,120,93,126,6,89,103,57,66,114,71,68,59" hai1="133,92,60,135,52,56,38,65,101,8,86,82,9" hai2="91,28,84,74,90,113,33,41,11,15,12,45,32" hai3="128,48,54,62,96,61,98,64,131,75,76,49,109"/><U78/><E38/><V97/><F74/><W79/><G54/><T5/><D72/><U30/><E30/><V16/><F113/><W94/><G75/><T10/><D114/><U44/><E101/><V22/><F97/><W42/><G94/><T7/><D103/><U2/><E92/><V87/><F87/><W95/><G95/><T99/><D126/><U119/><E119/><V53/><F53/><W34/><G64/><T105/><D105/><U124/><E124/><V80/><F91/><W19/><G19/><T88/><D120/><U36/><E2/><V20/><F20/><W35/><REACH who="3" step="1"/><G109/><REACH who="3" ten="230,260,280,210" step="2"/><T51/><D68/><U55/><E55/><V13/><F28/><W29/><G29/><T77/><D71/><U25/><E65/><V118/><F118/><W4/><G4/><T50/><D66/><U21/><E52/><V112/><F112/><W3/><G3/><T104/><D104/><U115/><E115/><V83/><F83/><W18/><G18/><T106/><D106/><U100/><E82/><V130/><F32/><W107/><G107/><T102/><D102/><U27/><E100/><V37/><F33/><W31/><G31/><T58/><D93/><U39/><E86/><V122/><F80/><W73/><G73/><T127/><D127/><U17/><E17/><V117/><F84/><W0/><G0/><T116/><D116/><U67/><E67/><V70/><F16/><W132/><G132/><T108/><D108/><U23/><E135/><V69/><F117/><W129/><G129/><T47/><D5/><U43/><E133/><V85/><F130/><RYUUKYOKU ba="1,2" sc="230,-10,260,-10,280,-10,210,30" hai3="34,35,42,48,49,61,62,76,79,96,98,128,131" /><INIT seed="2,2,2,4,0,75" ten="220,250,270,240" oya="2" hai0="117,36,5,41,25,112,99,34,39,55,90,93,33" hai1="54,97,35,127,118,12,13,57,91,58,70,31,52" hai2="128,116,24,22,42,132,61,108,0,83,101,2,16" hai3="59,38,96,103,134,130,74,92,62,37,63,3,125"/><V29/><F116/><W44/><G125/><T85/><D112/><U67/><E118/><V64/><F128/><W84/><G74/><T40/><D117/><U110/><E127/><V21/><F132/><W32/><G130/><T121/><D121/><U51/><E110/><V7/><F108/><W81/><G134/><T11/><D55/><U1/><E1/><V47/><F101/><W106/><G3/><T68/><D68/><U8/><E70/><V120/><F120/><W43/><G32/><T69/><D69/><U82/><E67/><V105/><F105/><W53/><G37/><T73/><D73/><U19/><E35/><V109/><F7/><W27/><G27/><T88/><D5/><U87/><E31/><V9/><F9/><W77/><REACH who="3" step="1"/><G106/><REACH who="3" ten="220,250,270,230" step="2"/><T80/><D25/><U46/><E13/><N who="2" m="9359" /><F109/><W123/><G123/><T107/><D107/><U111/><E111/><V89/><F2/><W50/><AGARI ba="2,3" hai="38,43,44,50,53,59,62,63,77,81,84,92,96,103" machi="50" ten="20,5200,0" yaku="1,1,0,1,7,1,52,1,53,0" doraHai="75" doraHaiUra="10" who="3" fromWho="3" sc="220,-15,250,-15,270,-28,230,88" /><INIT seed="3,0,0,0,0,0" ten="205,235,242,318" oya="3" hai0="89,25,101,110,72,63,15,29,21,76,121,130,90" hai1="62,2,100,38,97,3,114,8,103,83,66,96,47" hai2="112,70,134,85,53,34,36,128,92,44,105,61,64" hai3="48,87,81,4,52,117,16,9,33,31,71,28,131"/><W12/><G117/><T14/><D121/><U123/><E123/><V43/><F105/><W79/><G71/><T104/><D110/><U80/><E114/><V84/><F34/><W115/><G115/><T65/><D130/><U50/><E38/><V116/><F112/><W60/><G131/><T41/><D41/><U17/><E2/><V19/><F128/><W11/><G60/><T27/><D72/><U45/><E45/><V98/><F116/><W124/><G124/><T107/><D76/><U42/><E3/><V133/><F19/><W111/><G33/><T108/><D108/><U109/><E109/><V56/><F133/><W22/><G111/><T93/><D101/><N who="1" m="38987" /><E62/><V132/><F98/><N who="1" m="37993" /><E66/><V7/><F7/><W74/><G74/><T35/><D104/><U118/><E118/><V75/><F75/><W10/><G4/><T57/><D107/><U69/><E69/><V30/><F30/><W55/><G55/><T106/><D106/><U5/><E5/><V37/><F37/><W32/><G32/><T13/><REACH who="0" step="1"/><D93/><REACH who="0" ten="195,235,242,318" step="2"/><U126/><E126/><V68/><F92/><W119/><G119/><T51/><D51/><U122/><E122/><V127/><F127/><W88/><G79/><T59/><D59/><AGARI ba="0,1" hai="9,10,11,12,16,22,28,31,48,52,59,81,87,88" machi="59" ten="40,12000,1" yaku="8,1,54,3" doraHai="0" who="3" fromWho="0" sc="195,-120,235,0,242,0,318,130" owari="75,-42.5,235,-16.5,242,4.2,448,54.8" /></mjloggm>