<mjloggm ver="2.3"><GO type="225" lobby="0"/><UN n0="%4B%2E%32%2E%4B%2E" n1="%E4%BF%BA%E3%81%A8%E5%A6%96%E5%A4%A2" n2="%E9%80%86%E9%80%A3%E5%B8%AF%E3%81%AE%E9%AC%BC" n3="%E5%8D%A0%E3%81%84%E5%B8%AB%E8%A3%8F%E3%81%AA%E3%81%84%E3%81%97" dan="16,17,16,17" rate="2127.51,2183.95,2172.80,2209.09" sx="M,F,M,M"/><TAIKYOKU oya="0"/><INIT seed="0,0,0,0,3,124" ten="250,250,250,250" oya="0" hai0="44,120,96,9,15,122,78,87,121,37,56,24,48" hai1="10,25,52,65,105,118,132,32,0,85,42,3,117" hai2="29,39,20,86,64,128,43,51,80,82,53,75,74" hai3="115,81,123,12,116,63,33,66,92,19,26,31,4"/><T23/><D37/><U84/><E105/><V59/><F128/><W35/><G115/><T60/><D96/><U89/><E42/><V133/><F133/><W70/><G116/><T95/><D95/><U2/><E132/><V94/><F64/><W83/><G33/><T38/><D38/><U47/><E65/><V13/><F94/><W88/><G4/><T104/><D104/><U54/><E10/><V111/><F111/><W7/><G7/><T71/><D87/><U93/><E84/><V97/><F97/><W72/><G72/><T131/><D78/><U77/><E77/><V1/><F1/><W102/><G102/><T108/><D108/><U34/><E34/><V76/><F82/><W135/><G123/><T110/><D110/><U90/><E90/><V79/><F79/><W46/><G46/><T36/><D36/><U62/><E62/><V69/><F69/><W22/><REACH who="3" step="1"/><G135/><REACH who="3" ten="250,250,250,240" step="2"/><T100/><D100/><U16/><E47/><V58/><F75/><W68/><G68/><T126/><D71/><U6/><E32/><V91/><F74/><W129/><G129/><T127/><D131/><U17/><E6/><V73/><F73/><W41/><G41/><T18/><D44/><U5/><E5/><V14/><F43/><W55/><G55/><T101/><D101/><U130/><E130/><V49/><F53/><W50/><G50/><T98/><D48/><U40/><E40/><V11/><F51/><W125/><G125/><T28/><REACH who="0" step="1"/><D98/><AGARI ba="0,1" hai="12,19,22,26,31,35,63,66,70,81,83,88,92,98" machi="98" ten="30,7700,0" yaku="1,1,7,1,54,1,53,1" doraHai="124" doraHaiUra="27" who="3" fromWho="0" sc="250,-77,250,0,250,0,240,87" /><INIT seed="1,0,0,2,2,30" ten="173,250,250,327" oya="1" hai0="42,53,15,65,43,104,100,134,80,92,71,28,125" hai1="110,45,33,82,12,41,79,94,122,56,108,133,89" hai2="63,107,26,20,64,3,62,5,75,14,36,55,97" hai3="48,40,87,8,19,96,61,113,23,44,10,129,46"/><U91/><E133/><V116/><F116/><W106/><G113/><T13/><D104/><U130/><E122/><V88/><F75/><W78/><G129/><T38/><D134/><U74/><E130/><V4/><F36/><W31/><G31/><T121/><D121/><U22/><E56/><V0/><F55/><W119/><G119/><T58/><D125/><U68/><E68/><V93/><F107/><W54/><G96/><T102/><D38/><U39/><E89/><V52/><F52/><W105/><G105/><T9/><D65/><U77/><E77/><V126/><F126/><W120/><G106/><T70/><D28/><U51/><E39/><V131/><F131/><W115/><G115/><T21/><D21/><U76/><E76/><V111/><F111/><N who="1" m="42537" /><E22/><V24/><F63/><W98/><G61/><T85/><D70/><U95/><E12/><V73/><F73/><W103/><G78/><N who="0" m="46231" /><D71/><U66/><E66/><V7/><F0/><W109/><G109/><T17/><D15/><U49/><E49/><V37/><F3/><W16/><G120/><T114/><D114/><U118/><E118/><V112/><F37/><W35/><G23/><T60/><D102/><U117/><E117/><V57/><F112/><W101/><G48/><T67/><D67/><U25/><E91/><V11/><REACH who="2" step="1"/><F20/><REACH who="2" ten="173,250,240,327" step="2"/><W18/><G101/><T124/><D124/><U47/><E47/><V135/><F135/><W127/><G46/><T86/><D60/><U132/><E132/><V2/><F2/><W99/><G127/><T90/><D42/><U27/><E27/><AGARI ba="0,1" hai="4,5,7,11,14,24,26,27,57,62,64,88,93,97" machi="27" ten="40,5200,0" yaku="1,1,8,1,54,1,53,0" doraHai="30" doraHaiUra="69" who="2" fromWho="1" sc="173,0,250,-52,240,62,327,0" /><INIT seed="2,0,0,1,1,93" ten="173,198,302,327" oya="2" hai0="116,71,126,104,28,118,4,70,61,125,72,43,124" hai1="130,133,111,85,86,92,52,33,79,102,82,6,45" hai2="11,97,5,15,109,91,69,51,80,58,77,48,8" hai3="110,31,54,64,121,37,27,25,42,47,101,74,41"/><V50/><F69/><W29/><G121/><T128/><D72/><U113/><E113/><V35/><F35/><W114/><G110/><T99/><D128/><U0/><E33/><V83/><F109/><W38/><G74/><T68/><D61/><U119/><E111/><V132/><F132/><W66/><G54/><T19/><D4/><U7/><E133/><V26/><F26/><W1/><G101/><N who="0" m="62527" /><D43/><U59/><E130/><V24/><F24/><W63/><G1/><T36/><D36/><U10/><E6/><V12/><F58/><W13/><G13/><T44/><D44/><U120/><E120/><V112/><F112/><W21/><G114/><T34/><D19/><U95/><E45/><V103/><F91/><W81/><G81/><T73/><D73/><U96/><E85/><V23/><F23/><W67/><G63/><T123/><D123/><U53/><E53/><V22/><F22/><W17/><G25/><AGARI ba="0,0" hai="25,28,34,68,70,71,116,118,124,125,126" m="62527" machi="25" ten="40,5200,0" yaku="18,1,23,1,52,1" doraHai="93" who="0" fromWho="3" sc="173,52,198,0,302,0,327,-52" /><INIT seed="3,0,0,5,1,121" ten="225,198,302,275" oya="3" hai0="101,82,85,97,135,57,119,33,134,78,46,18,102" hai1="90,6,116,77,80,28,131,50,112,14,86,7,118" hai2="54,115,24,111,117,107,132,42,43,47,100,126,36" hai3="48,27,103,83,81,79,87,114,31,3,9,70,15"/><W129/><G114/><T71/><D71/><U39/><E112/><V23/><F117/><N who="1" m="45161" /><E39/><V56/><F115/><W16/><G3/><T51/><D119/><U4/><E131/><V89/><F132/><N who="0" m="50730" /><D33/><U94/><E28/><V122/><F126/><W19/><G70/><T66/><D97/><N who="1" m="57559" /><E50/><V64/><F122/><W44/><G129/><T106/><D106/><U127/><E127/><V58/><F107/><W93/><G103/><T68/><D68/><U63/><E63/><V109/><F100/><W32/><G93/><T11/><D57/><U12/><AGARI ba="0,0" hai="4,6,7,12,14,77,80,86" m="57559,45161" machi="12" ten="40,1500,0" yaku="12,1" doraHai="121" who="1" fromWho="1" sc="225,-4,198,15,302,-4,275,-7" /><INIT seed="4,0,0,5,3,40" ten="221,213,298,268" oya="0" hai0="42,91,88,100,39,99,87,119,97,63,90,105,6" hai1="116,120,0,89,10,48,93,3,21,109,12,74,50" hai2="23,22,18,29,96,19,95,111,45,17,28,59,69" hai3="78,117,37,1,113,53,65,67,107,61,66,129,92"/><T79/><D119/><U7/><E120/><V4/><F69/><W112/><G107/><T76/><D6/><U55/><E116/><V54/><F111/><W125/><G117/><T33/><D33/><U133/><E109/><V86/><F4/><W38/><G1/><T110/><D110/><U51/><E74/><V32/><F86/><W26/><G78/><N who="0" m="29739" /><D63/><U56/><E133/><V124/><F124/><W85/><G125/><T106/><D42/><U34/><E34/><V81/><F81/><W73/><G73/><T71/><D39/><N who="3" m="14857" /><G26/><T68/><D68/><U60/><REACH who="1" step="1"/><E21/><REACH who="1" ten="221,203,298,268" step="2"/><V123/><F32/><W77/><G113/><T134/><D134/><U49/><N who="1" m="12288" /><DORA hai="14" /><U30/><E30/><V84/><F23/><W58/><G112/><T108/><D108/><U127/><E127/><V16/><F29/><W114/><G114/><T98/><D71/><U25/><E25/><V128/><F28/><W9/><G61/><T118/><D118/><U46/><E46/><V64/><F22/><W57/><G57/><T122/><D122/><U132/><E132/><V104/><F45/><W115/><G58/><T126/><D126/><U103/><E103/><V135/><F59/><W44/><G44/><T13/><D13/><U47/><E47/><V27/><F123/><W15/><G15/><T5/><D5/><U2/><E2/><V52/><F27/><W82/><G115/><T8/><D8/><U75/><E75/><V24/><F24/><W94/><G9/><T11/><D11/><U31/><E31/><V80/><N who="2" m="4096" /><DORA hai="36" /><V62/><F135/><W83/><G77/><RYUUKYOKU ba="0,1" sc="221,-10,203,30,298,-10,268,-10" hai1="0,3,7,10,12,55,56,60,89,93" /><INIT seed="5,1,1,1,0,121" ten="211,233,288,258" oya="1" hai0="45,108,86,112,91,66,93,116,10,128,69,16,82" hai1="125,113,34,80,106,51,5,117,1,131,28,76,0" hai2="133,21,47,102,72,77,88,95,74,7,87,65,37" hai3="84,22,101,35,107,120,17,64,130,67,42,54,11"/><U114/><E117/><V4/><F133/><W94/><G120/><T85/><D116/><U52/><E106/><V60/><F102/><W75/><G35/><T15/><D112/><N who="1" m="43115" /><E5/><V78/><F74/><W41/><G75/><T26/><D128/><U31/><E131/><V2/><F21/><W134/><G134/><T40/><D108/><U43/><E43/><N who="3" m="16394" /><G107/><T63/><D26/><N who="1" m="18711" /><E31/><V135/><F135/><W122/><G122/><T103/><D103/><U111/><E125/><V50/><F37/><W115/><G130/><T20/><D10/><U129/><E129/><V97/><F72/><W127/><G127/><T62/><D62/><U55/><E111/><V119/><F119/><W89/><G115/><T39/><REACH who="0" step="1"/><D82/><REACH who="0" ten="201,233,288,258" step="2"/><U132/><E132/><V118/><F118/><W61/><G11/><T58/><D58/><N who="1" m="33055" /><E55/><V56/><F60/><W109/><G109/><T104/><D104/><U99/><E99/><AGARI ba="1,2" hai="15,16,20,39,40,45,63,66,69,85,86,91,93,99" machi="99" ten="30,7700,0" yaku="1,1,7,1,54,1,53,1" doraHai="121" doraHaiUra="13" who="0" fromWho="1" sc="201,100,233,-80,288,0,258,0" owari="301,40.1,153,-34.7,288,8.8,258,-14.2" /></mjloggm>