<mjloggm ver="2.3"><GO type="225" lobby="0"/><UN n0="%E4%BE%BF%E6%89%80" n1="%E9%B3%B3%E6%9D%B1%E3%81%AE%E3%81%86%E3%81%95%E3%81%8E%E3%81%95%E3%82%93" n2="%E3%81%86%E3%83%BC%E3%81%B1%E3%83%BC" n3="%E3%82%BC%E3%83%AB%E3%83%80%E3%81%AE%E4%BC%9D%E8%AA%AC" dan="16,17,17,17" rate="2051.64,2188.03,2164.12,2241.56" sx="M,M,F,M"/><TAIKYOKU oya="0"/><INIT seed="0,0,0,0,1,44" ten="250,250,250,250" oya="0" hai0="102,51,135,99,107,58,40,103,52,28,125,3,56" hai1="57,104,79,111,21,8,134,49,97,110,55,59,10" hai2="24,95,11,89,47,88,39,1,22,114,12,124,101" hai3="123,54,5,82,121,87,65,73,109,100,43,32,6"/><T128/><D3/><U106/><E134/><V116/><F114/><W76/><G109/><N who="1" m="41482" /><E79/><V108/><F108/><W18/><G32/><T0/><D0/><U85/><E85/><V86/><F1/><W19/><G43/><T69/><D69/><U113/><E113/><V48/><F39/><W126/><G126/><T90/><D125/><U30/><E57/><V37/><F37/><W83/><G65/><T63/><D135/><U119/><E119/><V36/><F36/><W133/><G133/><T115/><D115/><U64/><E64/><V127/><F116/><W29/><G29/><T31/><D128/><U77/><E77/><V117/><F117/><W71/><G54/><N who="0" m="34199" /><D40/><U23/><E23/><V78/><F78/><N who="3" m="44367" /><G100/><N who="0" m="38443" /><D107/><N who="1" m="41003" /><E97/><N who="2" m="59583" /><F86/><W50/><G71/><T112/><D112/><U53/><E53/><N who="2" m="29855" /><F127/><W96/><G96/><T72/><D72/><U4/><E4/><N who="2" m="3175" /><F124/><W130/><G130/><T91/><D91/><U93/><E93/><AGARI ba="0,0" hai="28,31,51,52,58,90,93,99" m="38443,34199" machi="93" ten="30,5800,0" yaku="8,1,52,1,54,1" doraHai="44" who="0" fromWho="1" sc="250,58,250,-58,250,0,250,0" /><INIT seed="0,1,0,5,5,76" ten="308,192,250,250" oya="0" hai0="8,74,9,89,43,73,20,79,51,96,11,42,121" hai1="114,37,90,64,133,87,46,59,10,81,28,123,80" hai2="83,36,77,30,91,135,12,93,116,19,106,57,125" hai3="68,41,5,122,71,119,34,14,16,38,55,128,62"/><T120/><D20/><U44/><E123/><N who="0" m="47177" /><D79/><U86/><E133/><V109/><F36/><W47/><G122/><T94/><D51/><U101/><E114/><V100/><F135/><W88/><G119/><T60/><D60/><N who="1" m="37919" /><E37/><V17/><F30/><W58/><G128/><T111/><D94/><U110/><E110/><V132/><F109/><W35/><G5/><T29/><D89/><N who="1" m="51399" /><E28/><V113/><F93/><W99/><G99/><T67/><D96/><U126/><E126/><V118/><F125/><W63/><G88/><T129/><D29/><U78/><E101/><V104/><F100/><W25/><G25/><T117/><D67/><U4/><E78/><V85/><F77/><W92/><G92/><T50/><D50/><U105/><E105/><V84/><F104/><W22/><REACH who="3" step="1"/><G62/><REACH who="3" ten="308,192,250,240" step="2"/><T103/><D111/><U31/><E31/><V97/><F106/><W124/><G124/><T18/><D117/><U65/><E65/><V127/><F116/><W107/><G107/><T48/><D129/><U39/><E39/><V134/><F118/><W95/><G95/><T82/><D103/><U61/><E61/><V13/><F127/><W108/><G108/><T56/><D48/><U75/><E75/><V21/><F97/><W52/><G52/><T32/><D73/><U98/><E98/><V70/><F132/><W15/><G15/><AGARI ba="1,1" hai="4,10,15,44,46,81,87,90" m="51399,37919" machi="15" ten="30,3900,0" yaku="8,1,52,2" doraHai="76" who="1" fromWho="3" sc="308,0,192,52,250,0,240,-42" /><INIT seed="1,0,0,5,0,55" ten="308,244,250,198" oya="1" hai0="129,60,108,14,39,73,8,110,32,72,117,118,130" hai1="120,34,4,2,45,44,87,15,36,51,111,86,105" hai2="58,81,52,93,91,89,125,126,43,134,83,61,33" hai3="42,75,68,71,24,90,66,113,69,85,99,135,50"/><U47/><E120/><V37/><F33/><W80/><G113/><T78/><D39/><U19/><E105/><V54/><F134/><W64/><G135/><T3/><D3/><U35/><E36/><V102/><F102/><W122/><G122/><T63/><D32/><U20/><E111/><N who="0" m="42537" /><D14/><U77/><E51/><V41/><F37/><W128/><G128/><N who="0" m="49259" /><D8/><U56/><E34/><V6/><F6/><W109/><G109/><T22/><D22/><U13/><E2/><V101/><F101/><W96/><G24/><T57/><D78/><U67/><E35/><V11/><F11/><W100/><G68/><T0/><D0/><U74/><E4/><V5/><F5/><W53/><G69/><T116/><D63/><U29/><E13/><V97/><F54/><AGARI ba="0,0" hai="54,57,60,72,73,116,117,118" m="49259,42537" machi="54" ten="40,5200,0" yaku="14,1,19,1,52,1" doraHai="55" who="0" fromWho="2" sc="308,52,244,0,250,-52,198,0" /><INIT seed="2,0,0,4,2,43" ten="360,244,198,198" oya="2" hai0="79,119,46,115,51,47,56,99,21,84,44,72,40" hai1="32,41,130,63,83,22,17,42,92,124,94,110,82" hai2="111,37,55,75,23,54,106,121,9,0,128,135,85" hai3="97,108,96,30,4,14,58,104,105,8,69,100,36"/><V49/><F121/><W12/><G108/><T60/><D115/><U103/><E32/><V86/><F75/><W123/><G123/><T24/><D72/><U90/><E110/><V98/><F111/><W11/><G69/><T2/><D2/><U134/><E130/><V132/><F37/><W62/><G36/><T26/><D99/><N who="1" m="59895" /><E134/><N who="2" m="51243" /><F128/><W120/><G120/><T53/><D119/><U52/><E124/><V70/><F70/><W57/><G30/><N who="0" m="17679" /><D26/><N who="1" m="14671" /><E41/><V114/><F114/><W61/><REACH who="3" step="1"/><G100/><REACH who="3" ten="360,244,198,188" step="2"/><T6/><D6/><AGARI ba="0,1" hai="4,6,8,11,12,14,57,58,61,62,96,97,104,105" machi="6" ten="25,12000,2" yaku="1,1,2,1,22,2,53,2" doraHai="43" doraHaiUra="10" who="3" fromWho="0" sc="360,-120,244,0,198,0,188,130" /><INIT seed="3,0,0,0,1,12" ten="240,244,198,318" oya="3" hai0="94,52,97,40,129,51,59,36,120,113,34,82,109" hai1="55,126,72,48,64,102,17,11,7,63,19,32,124" hai2="33,9,69,116,73,132,112,107,27,100,76,90,110" hai3="92,10,133,70,23,78,2,128,0,87,60,85,4"/><W121/><G121/><T115/><D120/><U57/><E72/><V41/><F112/><N who="0" m="43082" /><D34/><U86/><E102/><V111/><F116/><W8/><G133/><T15/><D109/><N who="2" m="41482" /><F90/><W98/><G128/><T123/><D123/><U101/><E101/><V104/><F41/><W22/><G60/><T119/><D119/><U5/><E32/><V49/><F49/><W134/><G70/><T58/><D129/><U118/><E118/><V14/><F69/><W66/><G66/><T127/><D127/><N who="1" m="48683" /><E86/><V31/><F100/><W54/><G87/><T83/><D59/><N who="1" m="33255" /><E5/><N who="2" m="3375" /><F132/><W13/><G85/><T96/><D15/><AGARI ba="0,0" hai="7,11,15,17,19,57,63,64" m="33255,48683" machi="15" ten="30,3900,0" yaku="18,1,52,2" doraHai="12" who="1" fromWho="0" sc="240,-39,244,39,198,0,318,0" owari="201,-19.9,283,8.3,198,-30.2,318,41.8" /></mjloggm>