<mjloggm ver="2.3"><GO type="225" lobby="0"/><UN n0="%E7%89%B9%E6%9D%B1%E3%81%AF%E4%B8%96%E7%95%8C%E3%82%92%E6%95%91%E3%81%86" n1="%E3%81%95%E3%81%8D%E3%81%9F%E3%81%BE%E6%9E%97%E6%AA%8E" n2="%E3%81%86%E3%82%8B%E3%81%8A%E3%81%A1%E3%82%83" n3="%E3%83%A1%E3%82%AC%E3%83%87%E3%82%B8" dan="16,16,16,16" rate="2157.81,2132.60,2105.98,2097.35" sx="M,M,F,F"/><TAIKYOKU oya="0"/><INIT seed="0,0,0,3,4,7" ten="250,250,250,250" oya="0" hai0="105,0,50,130,48,98,70,101,87,112,126,89,53" hai1="94,122,4,55,83,25,51,37,19,104,26,45,65" hai2="60,116,111,106,79,3,22,132,8,66,80,15,44" hai3="23,108,120,43,39,96,59,73,5,32,9,90,117"/><T2/><D112/><U115/><E122/><V133/><F106/><W82/><G32/><T24/><D70/><U135/><E104/><V97/><F3/><W109/><G117/><T72/><D72/><U17/><E135/><N who="2" m="51787" /><F111/><N who="3" m="42571" /><G96/><T123/><D123/><U41/><E115/><V71/><F44/><N who="3" m="23679" /><G120/><T81/><D130/><U67/><E4/><N who="2" m="3463" /><F97/><W102/><G102/><T14/><D126/><U62/><E94/><V18/><F116/><W29/><G59/><T31/><D14/><U28/><E83/><V119/><F119/><W110/><G110/><T93/><D105/><U57/><E67/><V134/><N who="2" m="51795" /><V127/><DORA hai="129" /><F127/><W63/><G63/><T1/><REACH who="0" step="1"/><D53/><REACH who="0" ten="240,250,250,250" step="2"/><U99/><E26/><N who="2" m="14679" /><F80/><W95/><G82/><T6/><D6/><U85/><E45/><V12/><F79/><W36/><G73/><T86/><D86/><U30/><E85/><V113/><F113/><W10/><G5/><T61/><D61/><U47/><E62/><V91/><F12/><W54/><G36/><T125/><D125/><U11/><E37/><V68/><F91/><W52/><G90/><T20/><AGARI ba="0,1" hai="0,1,2,20,24,31,48,50,81,87,89,93,98,101" machi="20" ten="30,3000,0" yaku="1,1,0,1,53,0" doraHai="7,129" doraHaiUra="118,103" who="0" fromWho="0" sc="240,40,250,-10,250,-10,250,-10" /><INIT seed="0,1,0,3,0,101" ten="280,240,240,240" oya="0" hai0="130,4,15,13,126,33,118,88,128,72,132,29,54" hai1="119,46,121,44,22,26,122,76,27,98,17,45,110" hai2="47,21,96,59,74,87,100,82,68,39,80,95,113" hai3="41,38,79,135,53,62,117,24,12,131,28,1,81"/><T70/><D72/><U127/><E110/><V48/><F68/><W104/><G117/><T8/><D70/><U61/><E127/><V94/><F113/><W124/><G124/><T75/><D75/><U14/><E119/><V43/><F21/><W107/><G135/><T114/><D118/><U9/><E76/><V56/><F39/><W83/><G83/><N who="2" m="31785" /><F74/><N who="3" m="43255" /><G12/><T133/><D126/><U106/><E61/><V115/><F115/><W20/><G20/><T7/><D54/><U58/><E58/><N who="2" m="22059" /><F95/><W10/><G53/><T23/><D88/><U129/><E129/><N who="0" m="49769" /><D33/><U102/><REACH who="1" step="1"/><E27/><REACH who="1" ten="280,230,240,240" step="2"/><V51/><F51/><W71/><G131/><T84/><D114/><U134/><E134/><V111/><F111/><W91/><G62/><T31/><D133/><U49/><E49/><V66/><F66/><W30/><G71/><T16/><D132/><U112/><E112/><V5/><F87/><W65/><G65/><T42/><D84/><U57/><E57/><V97/><F97/><W2/><G24/><T69/><D69/><U19/><AGARI ba="1,1" hai="9,14,17,19,22,26,44,45,46,98,102,106,121,122" machi="19" ten="30,4000,0" yaku="1,1,0,1,52,1,53,0" doraHai="101" doraHaiUra="109" who="1" fromWho="1" sc="280,-21,230,53,240,-11,240,-11" /><INIT seed="1,0,0,1,4,41" ten="259,283,229,229" oya="1" hai0="123,120,32,94,109,52,105,119,66,48,82,49,13" hai1="84,54,114,58,46,89,17,100,27,110,99,125,96" hai2="3,65,19,98,115,50,51,83,116,81,124,30,122" hai3="20,38,97,127,112,28,36,9,133,14,64,101,37"/><U2/><E114/><V78/><F3/><W33/><G112/><T18/><D119/><U63/><E125/><V80/><F65/><W70/><G127/><T62/><D105/><U24/><E2/><V21/><F30/><W1/><G20/><T15/><D32/><U75/><E75/><V7/><F7/><N who="3" m="1263" /><G14/><T90/><D82/><N who="2" m="31850" /><F122/><N who="0" m="46634" /><D109/><U104/><E99/><V31/><F31/><W61/><G133/><T34/><D34/><U71/><E71/><V56/><F116/><W103/><G103/><T129/><D129/><U59/><E110/><V79/><F98/><W35/><G28/><T87/><D52/><N who="1" m="34247" /><E104/><AGARI ba="0,0" hai="33,35,36,37,38,61,64,70,97,101,104" m="1263" machi="104" ten="30,2000,0" yaku="33,2" doraHai="41" who="3" fromWho="1" sc="259,0,283,-20,229,0,229,20" /><INIT seed="2,0,0,4,0,119" ten="259,263,229,249" oya="2" hai0="106,131,107,103,12,126,48,7,133,89,25,43,22" hai1="98,93,71,94,50,35,30,92,34,90,99,73,60" hai2="53,67,78,68,115,23,105,83,64,32,95,91,116" hai3="21,101,0,18,14,134,8,75,26,51,70,31,49"/><V24/><F105/><W37/><G134/><T84/><D133/><U2/><E73/><V47/><F32/><W109/><G109/><T3/><D3/><U113/><E113/><V121/><F68/><W13/><G0/><T40/><D131/><U81/><E2/><V82/><F116/><W124/><G124/><T110/><D110/><U27/><E81/><N who="2" m="30731" /><F121/><W72/><G37/><T100/><D126/><U46/><E35/><V123/><F123/><W11/><G70/><T58/><D107/><U65/><REACH who="1" step="1"/><E98/><REACH who="1" ten="259,253,229,249" step="2"/><N who="2" m="57727" /><F115/><W118/><G118/><T44/><D84/><U132/><E132/><V80/><F78/><W17/><G101/><T52/><D100/><U41/><AGARI ba="0,1" hai="27,30,34,41,46,50,60,65,71,90,92,93,94,99" machi="41" ten="20,5200,0" yaku="1,1,0,1,7,1,53,1" doraHai="119" doraHaiUra="87" who="1" fromWho="1" sc="259,-13,253,62,229,-26,249,-13" /><INIT seed="3,0,0,1,5,6" ten="246,315,203,236" oya="3" hai0="61,56,79,4,106,87,82,55,15,73,98,110,10" hai1="69,108,75,70,57,95,47,130,117,88,27,17,43" hai2="126,37,129,9,38,21,19,133,116,25,35,84,33" hai3="124,40,81,7,80,14,20,26,1,44,50,72,132"/><W89/><G132/><T128/><D110/><U68/><E108/><V113/><F84/><W28/><G124/><T115/><D128/><U64/><E75/><V23/><F38/><W51/><G72/><T24/><D115/><U5/><E130/><V104/><F104/><W74/><G74/><T114/><D114/><U42/><E117/><V102/><F102/><W12/><G1/><T49/><D73/><U32/><E5/><V78/><F78/><W107/><G107/><T92/><D24/><U41/><E57/><V109/><F37/><W3/><G3/><T125/><D125/><U22/><E32/><N who="2" m="12363" /><F113/><W58/><G89/><N who="0" m="55567" /><D106/><U120/><E120/><V118/><F129/><W99/><G99/><T65/><D49/><U135/><E135/><V13/><F126/><W67/><G51/><T45/><D45/><U2/><E2/><V54/><F54/><AGARI ba="0,0" hai="4,10,15,54,55,56,61,65,79,82,87" m="55567" machi="54" ten="30,2000,0" yaku="8,1,52,1" doraHai="6" who="0" fromWho="2" sc="246,20,315,0,203,-20,236,0" owari="266,6.6,315,41.5,183,-31.7,236,-16.4" /></mjloggm>