<mjloggm ver="2.3"><GO type="225" lobby="0"/><UN n0="%E4%BF%BA%E3%81%A8%E5%A6%96%E5%A4%A2" n1="%E3%82%B7%E3%83%B3%E5%A4%AA%E6%9C%97" n2="%E3%81%A9%E3%82%8F%E3%82%93%E3%81%94" n3="%E3%81%8C%E3%81%9F" dan="17,16,16,16" rate="2207.45,2160.95,2154.30,2143.82" sx="F,M,M,F"/><TAIKYOKU oya="0"/><INIT seed="0,0,0,2,2,84" ten="250,250,250,250" oya="0" hai0="131,80,59,92,44,78,14,126,43,109,45,42,24" hai1="9,49,5,95,29,119,31,58,18,83,94,61,129" hai2="91,77,22,0,47,72,101,98,28,88,50,15,4" hai3="34,103,2,104,118,67,121,110,117,112,33,52,54"/><T26/><D131/><U37/><E37/><V132/><F0/><W115/><G2/><T70/><D70/><U130/><E119/><V23/><F132/><W125/><G67/><T102/><D126/><U46/><E83/><V113/><F113/><W65/><G65/><T133/><D59/><U10/><E18/><V107/><F72/><W106/><G103/><T25/><D14/><U27/><E95/><V56/><F77/><W108/><REACH who="3" step="1"/><G121/><REACH who="3" ten="250,250,250,240" step="2"/><T90/><D102/><U75/><E130/><V35/><F101/><W36/><G36/><T127/><D133/><U128/><E129/><V134/><F134/><W85/><G85/><N who="0" m="48279" /><D127/><AGARI ba="0,1" hai="33,34,52,54,104,106,108,110,112,115,117,118,125,127" machi="127" ten="25,6400,0" yaku="1,1,22,2,54,1,53,0" doraHai="84" doraHaiUra="79" who="3" fromWho="0" sc="250,-64,250,0,250,0,240,74" /><INIT seed="1,0,0,5,4,65" ten="186,250,250,314" oya="1" hai0="34,118,90,127,7,82,67,12,25,93,113,122,42" hai1="116,58,55,74,79,1,115,45,13,89,48,133,56" hai2="52,120,16,81,50,125,69,2,131,71,11,37,5" hai3="15,135,17,44,60,114,3,78,26,39,99,121,29"/><U59/><E116/><V24/><F120/><W70/><G121/><T36/><D122/><U9/><E1/><V19/><F37/><W10/><G114/><T28/><D113/><U119/><E119/><V80/><F131/><W87/><G135/><T108/><D118/><U46/><E115/><V6/><F6/><W77/><G3/><T41/><D108/><U105/><E105/><V33/><F125/><W107/><G87/><T47/><D127/><U27/><E133/><V104/><F104/><W88/><G39/><T112/><D82/><U76/><E74/><V35/><F81/><W4/><G44/><T132/><D132/><U130/><E130/><V123/><F80/><W64/><G4/><T38/><D67/><U68/><E68/><V109/><F109/><W134/><G134/><T21/><D112/><U57/><E27/><V91/><F91/><W61/><G61/><T103/><D103/><U94/><E45/><V101/><F101/><N who="3" m="62911" /><G88/><T62/><D62/><U129/><E129/><V53/><F123/><W85/><G85/><T95/><D90/><U66/><E66/><V106/><F106/><W98/><G98/><T97/><D97/><N who="1" m="57551" /><E46/><V40/><F40/><N who="0" m="15466" /><D47/><U51/><E51/><V117/><F117/><W126/><G126/><T72/><D72/><U124/><E124/><V14/><F50/><W110/><G110/><T100/><D100/><U111/><E111/><V92/><F92/><N who="0" m="35402" /><D34/><AGARI ba="0,0" hai="10,15,17,26,29,34,60,64,70,77,78" m="62911" machi="34" ten="30,2000,0" yaku="25,1,52,1" doraHai="65" who="3" fromWho="0" sc="186,-20,250,0,250,0,314,20" /><INIT seed="2,0,0,4,1,44" ten="166,250,250,334" oya="2" hai0="124,116,15,89,50,132,121,49,94,100,62,30,99" hai1="42,55,20,86,27,51,64,66,109,90,95,92,17" hai2="39,75,47,117,78,23,107,120,134,12,122,13,2" hai3="97,93,67,128,6,8,70,35,76,81,88,73,74"/><V118/><F107/><W32/><G128/><T36/><D121/><N who="2" m="46698" /><F78/><W22/><G74/><T69/><D36/><U106/><E106/><V33/><F75/><W25/><G67/><T21/><D132/><U16/><E109/><V108/><F47/><W0/><REACH who="3" step="1"/><G70/><REACH who="3" ten="166,250,250,324" step="2"/><T130/><D130/><U29/><E66/><V104/><F108/><W133/><G133/><T40/><D69/><U103/><E64/><V71/><F71/><W101/><G101/><T112/><D112/><U110/><E110/><V84/><F134/><W24/><G24/><N who="0" m="16655" /><D124/><U41/><E103/><V77/><F118/><W10/><G10/><T60/><D116/><U63/><E63/><N who="0" m="24105" /><D40/><N who="1" m="15467" /><E95/><V123/><F117/><W26/><G26/><T131/><D131/><U19/><E29/><AGARI ba="0,1" hai="0,6,8,22,25,29,32,35,73,76,81,88,93,97" machi="29" ten="30,3900,0" yaku="1,1,7,1,54,1,53,0" doraHai="44" doraHaiUra="111" who="3" fromWho="1" sc="166,0,250,-39,250,0,324,49" /><INIT seed="3,0,0,5,0,4" ten="166,211,250,373" oya="3" hai0="65,24,127,81,33,70,79,88,107,50,1,83,105" hai1="109,28,42,95,103,6,15,52,123,67,122,121,104" hai2="85,49,17,37,18,124,16,32,94,108,54,87,77" hai3="51,91,66,74,120,13,63,44,61,86,73,78,125"/><W23/><G120/><T43/><D1/><U99/><E109/><V12/><F108/><W41/><G125/><T113/><D127/><U106/><E67/><V115/><F115/><W89/><G74/><T5/><D113/><U130/><E130/><V128/><F37/><W131/><G73/><T102/><D65/><U62/><E28/><V110/><F32/><W97/><G131/><T53/><D70/><U29/><E29/><V39/><F39/><W98/><G78/><T19/><D43/><U129/><E42/><V135/><F135/><W101/><G89/><T93/><D33/><U35/><E35/><V126/><F110/><W48/><G48/><T40/><D40/><U58/><REACH who="1" step="1"/><E129/><REACH who="1" ten="166,201,250,373" step="2"/><V22/><F128/><W0/><G66/><T60/><D5/><U72/><E72/><V57/><F126/><W34/><G34/><T2/><D2/><U133/><E133/><V3/><F124/><W84/><G84/><T116/><D116/><U118/><E118/><V11/><F3/><W75/><G0/><T36/><D36/><U111/><E111/><V46/><F87/><W82/><G75/><T68/><D68/><U27/><E27/><V30/><F30/><W59/><G98/><N who="0" m="57639" /><D107/><U100/><E100/><V20/><F85/><W69/><G86/><N who="0" m="48447" /><D105/><U38/><E38/><V21/><F77/><W64/><G69/><T90/><D102/><U71/><E71/><V132/><F132/><W80/><G101/><T76/><D90/><U92/><E92/><V119/><F94/><W9/><G91/><T7/><D76/><U26/><E26/><V25/><F119/><RYUUKYOKU ba="0,1" sc="166,-10,201,30,250,-10,373,-10" hai1="6,15,52,58,62,95,99,103,104,106,121,122,123" owari="156,-34.4,231,-16.9,240,4.0,373,47.3" /></mjloggm>