<mjloggm ver="2.3"><GO type="225" lobby="0"/><UN n0="%E8%A8%88%E7%AE%97%E6%A9%9F%E8%87%AA%E7%84%B6" n1="%72%61%6B%33" n2="%73%61%6E%64%69%72%69%73" n3="%67%61%79%75%6E%79" dan="17,18,16,16" rate="2226.61,2266.38,2181.71,2146.07" sx="M,M,M,M"/><TAIKYOKU oya="0"/><INIT seed="0,0,0,4,0,82" ten="250,250,250,250" oya="0" hai0="29,108,56,127,8,101,60,89,107,110,33,1,130" hai1="117,102,45,123,0,91,59,21,124,13,58,129,20" hai2="135,81,31,128,73,93,53,24,64,22,44,131,104" hai3="95,57,90,133,116,38,87,122,121,113,92,14,76"/><T30/><D130/><N who="2" m="49706" /><F104/><W51/><G113/><T52/><D127/><U28/><E117/><V15/><F135/><W5/><G38/><T97/><D89/><U98/><E0/><V125/><F125/><W132/><G76/><T55/><D55/><U84/><E123/><N who="3" m="47114" /><G116/><T106/><D106/><U46/><E124/><V35/><F64/><W79/><G79/><T96/><D96/><U74/><E74/><V103/><F81/><W36/><G36/><T49/><D60/><U134/><E134/><N who="3" m="51818" /><G95/><T94/><D107/><U100/><E129/><V10/><F73/><W27/><G27/><T65/><D65/><U62/><E28/><V71/><F93/><W37/><G37/><T86/><D86/><U80/><E80/><V61/><F103/><W112/><G112/><T43/><D43/><U2/><E84/><V4/><F71/><W88/><G90/><T12/><D1/><U69/><E2/><V105/><F105/><W18/><G5/><N who="0" m="3087" /><D33/><U47/><E91/><V50/><F61/><W34/><G34/><AGARI ba="0,0" hai="4,10,15,22,24,31,34,35,44,50,53" m="49706" machi="34" ten="30,1000,0" yaku="19,1" doraHai="82" who="2" fromWho="3" sc="250,0,250,0,250,10,250,-10" /><INIT seed="1,0,0,4,4,29" ten="250,250,260,240" oya="1" hai0="57,119,122,36,71,45,75,102,111,96,132,127,86" hai1="69,21,67,61,7,54,5,35,106,118,78,66,64" hai2="117,24,32,121,74,84,51,44,103,77,90,115,91" hai3="27,13,114,134,129,109,72,58,131,50,79,16,53"/><U108/><E118/><V65/><F117/><W62/><G114/><T83/><D119/><U28/><E78/><V47/><F121/><W31/><G134/><T38/><D71/><U87/><E87/><V60/><F115/><W22/><G109/><T10/><D111/><U2/><E108/><V8/><F103/><W70/><G70/><T107/><D132/><U82/><E82/><V40/><F74/><W89/><G89/><T48/><D127/><U123/><E123/><V112/><F112/><W99/><G99/><T59/><D75/><U116/><E116/><V85/><F8/><W55/><G72/><T101/><D101/><U110/><E106/><V128/><F128/><N who="3" m="49227" /><G79/><T20/><D122/><U26/><E110/><V105/><F105/><W19/><G13/><T124/><D124/><U52/><E21/><V135/><F77/><W37/><G37/><T34/><D20/><U17/><E17/><V30/><F135/><W18/><G18/><T130/><D130/><U25/><E25/><V9/><F91/><W100/><G100/><T126/><D126/><U56/><E69/><V15/><F90/><W88/><G88/><N who="0" m="51295" /><D36/><U73/><E73/><V11/><F47/><AGARI ba="0,0" hai="16,19,22,27,31,47,50,53,55,58,62" m="49227" machi="47" ten="30,2000,0" yaku="19,1,54,1" doraHai="29" who="3" fromWho="2" sc="250,0,250,0,260,-20,240,20" /><INIT seed="2,0,0,5,5,17" ten="250,250,240,260" oya="2" hai0="126,15,60,10,59,36,131,62,70,103,105,34,98" hai1="97,45,6,4,128,16,67,37,64,23,63,80,1" hai2="3,38,89,31,21,76,2,18,12,110,109,115,87" hai3="24,104,83,35,86,25,22,108,134,8,102,11,113"/><V93/><F38/><W79/><G134/><T85/><D36/><U112/><E112/><V72/><F115/><W123/><G113/><T33/><D131/><U29/><E128/><V0/><F31/><W58/><G123/><T14/><D126/><U48/><E37/><V44/><F44/><W61/><G108/><N who="2" m="41577" /><F76/><W20/><G35/><T56/><D70/><U117/><E117/><V73/><AGARI ba="0,0" hai="0,2,3,12,18,21,72,73,87,89,93" m="41577" machi="73" ten="40,7800,0" yaku="14,1,10,1,52,1" doraHai="17" who="2" fromWho="2" sc="250,-26,250,-26,240,78,260,-26" /><INIT seed="2,1,0,3,1,40" ten="224,224,318,234" oya="2" hai0="69,90,106,70,64,110,54,88,83,63,98,80,126" hai1="76,47,109,14,105,113,135,5,57,7,99,71,10" hai2="117,123,127,107,119,38,53,29,28,81,16,30,102" hai3="35,77,25,131,51,94,4,31,103,43,62,114,22"/><V97/><F123/><W84/><G131/><T72/><D110/><U125/><E71/><V112/><F112/><W36/><G36/><T121/><D121/><U85/><E113/><V11/><F127/><W116/><G116/><T96/><D126/><U32/><E32/><V50/><F38/><W18/><G114/><T0/><D0/><U9/><E109/><V86/><F11/><W132/><G132/><T134/><D134/><U74/><E74/><V78/><REACH who="2" step="1"/><F16/><REACH who="2" ten="224,224,308,234" step="2"/><W55/><G18/><T65/><D72/><U37/><E37/><V120/><F120/><W48/><G4/><T27/><D27/><U124/><E5/><V108/><F108/><W46/><G25/><T21/><D21/><U130/><E7/><V52/><F52/><W67/><G55/><T42/><D54/><U73/><E73/><V33/><F33/><W3/><G35/><T2/><D42/><U24/><E24/><V17/><F17/><W26/><G43/><T56/><D2/><U1/><E1/><V115/><F115/><W58/><G3/><T68/><D64/><U61/><E125/><V92/><F92/><W15/><G15/><T100/><REACH who="0" step="1"/><D96/><REACH who="0" ten="214,224,308,234" step="2"/><U104/><E99/><V122/><F122/><W111/><G111/><T45/><D45/><AGARI ba="1,2" hai="28,29,30,45,50,53,78,81,86,97,102,107,117,119" machi="45" ten="40,7700,0" yaku="1,1,52,1,53,1" doraHai="40" doraHaiUra="101" who="2" fromWho="0" sc="214,-80,224,0,308,100,234,0" /><INIT seed="2,2,0,2,4,9" ten="134,224,408,234" oya="2" hai0="104,114,106,43,131,47,124,119,125,70,39,80,76" hai1="69,55,122,32,96,24,11,12,34,133,48,30,20" hai2="88,60,102,79,109,61,135,35,38,18,121,59,85" hai3="71,25,86,27,46,67,22,130,45,51,113,111,15"/><V56/><F121/><W33/><G111/><T21/><D114/><U63/><E122/><V91/><F38/><W92/><G113/><T129/><D70/><U108/><E108/><V120/><F35/><W87/><G130/><N who="0" m="49675" /><D21/><U23/><E133/><V49/><F135/><W78/><G33/><T57/><D57/><U99/><E32/><V42/><F102/><W17/><G71/><T127/><D119/><U77/><E77/><V10/><F79/><W58/><G46/><T82/><D82/><U112/><E112/><V36/><F36/><W7/><G87/><T44/><D44/><U89/><E69/><V3/><F109/><W28/><G28/><T126/><N who="0" m="31744" /><DORA hai="105" /><T2/><D2/><U123/><E123/><V8/><F3/><W1/><G58/><T117/><D117/><U98/><E23/><V95/><F59/><W134/><G22/><T93/><D93/><U64/><E34/><V41/><F95/><W14/><G92/><T116/><D116/><U72/><E20/><V5/><F56/><W19/><G1/><T115/><D115/><U52/><E30/><V0/><F120/><W118/><G45/><T83/><D83/><U53/><E24/><V84/><F0/><W90/><G27/><T54/><D54/><U4/><E53/><V66/><F61/><W6/><G25/><T97/><D97/><U103/><E99/><V13/><F60/><W81/><G118/><T50/><D50/><U107/><E48/><V110/><F49/><W75/><G51/><T65/><D65/><U40/><E63/><V16/><F110/><W100/><G81/><RYUUKYOKU ba="2,0" sc="134,30,224,-10,408,-10,234,-10" hai0="39,43,47,76,80,104,106" /><INIT seed="3,3,0,5,2,41" ten="164,214,398,224" oya="3" hai0="62,82,85,45,14,32,25,2,111,69,53,88,19" hai1="66,16,135,115,9,74,28,44,126,33,34,110,61" hai2="91,71,17,87,128,107,132,86,29,5,13,123,98" hai3="26,49,60,48,112,6,15,59,125,24,22,31,127"/><W70/><G112/><T10/><D111/><U12/><E115/><V42/><F71/><W55/><G70/><T90/><D2/><U124/><E74/><V117/><F117/><W104/><G104/><T3/><D3/><U52/><E110/><V63/><F132/><W72/><G72/><T78/><D69/><N who="1" m="42191" /><E28/><V7/><F128/><W93/><G26/><T96/><D96/><U131/><E131/><V133/><F133/><W67/><G93/><T46/><D32/><U121/><E121/><V100/><F123/><W43/><G43/><T64/><D25/><U38/><E135/><V84/><F29/><W68/><G48/><N who="0" m="28815" /><D46/><U116/><E116/><V105/><F42/><W11/><AGARI ba="3,0" hai="6,11,15,22,24,31,49,55,59,60,67,68,125,127" machi="11" ten="30,1500,0" yaku="0,1" doraHai="41" who="3" fromWho="3" sc="164,-8,214,-8,398,-8,224,24" /><INIT seed="3,4,0,4,0,39" ten="156,206,390,248" oya="3" hai0="29,81,52,133,96,126,66,110,131,119,77,75,79" hai1="70,43,123,59,6,42,92,51,20,122,68,34,80" hai2="5,13,90,7,74,37,85,4,27,65,54,46,100" hai3="25,22,60,95,44,103,62,93,64,72,38,89,11"/><W132/><G72/><T108/><D66/><U82/><E20/><V102/><F74/><W86/><G132/><T16/><D29/><U9/><E92/><N who="2" m="54351" /><F37/><W124/><G124/><T57/><D119/><U116/><E51/><N who="2" m="29047" /><F65/><W32/><G32/><T135/><D77/><U58/><E9/><N who="2" m="4263" /><F27/><W114/><G11/><T113/><D126/><U107/><E6/><AGARI ba="4,0" hai="5,6,7,100,102" m="4263,29047,54351" machi="6" ten="30,1000,0" yaku="8,1" doraHai="39" who="2" fromWho="1" sc="156,0,206,-22,390,22,248,0" owari="156,-34.4,184,-21.6,412,51.2,248,4.8" /></mjloggm>