<mjloggm ver="2.3"><GO type="225" lobby="0"/><UN n0="%E7%9C%9F%E4%B8%80" n1="%E3%81%BF%E3%81%BF%E3%81%9A" n2="%E6%80%AA%E3%81%97%E3%81%99%E3%81%8E%E3%82%8B%E3%83%81%E3%83%BC" n3="%6D%75%75%6D%75%72%61" dan="17,17,16,16" rate="2200.44,2189.78,2147.71,2207.81" sx="M,M,M,F"/><TAIKYOKU oya="0"/><INIT seed="0,0,0,5,3,74" ten="250,250,250,250" oya="0" hai0="133,110,29,82,109,15,27,103,69,68,57,22,119" hai1="51,65,124,101,125,99,11,23,14,71,9,61,87" hai2="126,10,84,102,93,107,75,76,34,32,67,21,50" hai3="36,8,39,105,54,131,127,90,38,100,129,134,47"/><T91/><D119/><U16/><E87/><V122/><F126/><N who="1" m="48745" /><E51/><V95/><F122/><W0/><G127/><T37/><D37/><U106/><AGARI ba="0,0" hai="9,11,14,16,23,61,65,71,99,101,106" m="48745" machi="106" ten="30,2000,0" yaku="18,1,54,1" doraHai="74" who="1" fromWho="1" sc="250,-10,250,20,250,-5,250,-5" /><INIT seed="1,0,0,3,5,59" ten="240,270,245,245" oya="1" hai0="72,132,26,114,79,17,36,112,121,119,118,21,97" hai1="62,93,34,15,60,68,8,73,92,27,78,10,24" hai2="11,89,128,129,94,66,19,28,131,1,108,109,58" hai3="23,63,115,61,70,32,6,82,117,2,51,64,99"/><U13/><E73/><V90/><F28/><W101/><G115/><N who="0" m="44075" /><D72/><U80/><E68/><V96/><F89/><W130/><G32/><T88/><D79/><U95/><E34/><V18/><F1/><W135/><G135/><T123/><D88/><U44/><E44/><V125/><F125/><W71/><G130/><T31/><D97/><U0/><E0/><V9/><F58/><W106/><G117/><N who="0" m="44555" /><D36/><U4/><E80/><V5/><F66/><W56/><G82/><T111/><D132/><U40/><E40/><V74/><F74/><W49/><G23/><T77/><D77/><U54/><E54/><V29/><F29/><W75/><G75/><T134/><D134/><U126/><E126/><V41/><F41/><W87/><G87/><T124/><D124/><U110/><E78/><V67/><F67/><W25/><G71/><T45/><D45/><U16/><E110/><N who="2" m="42603" /><F5/><W103/><G103/><T65/><D65/><U81/><E81/><V86/><F86/><W43/><G43/><T120/><D111/><U22/><E27/><V42/><F42/><W133/><G25/><T14/><D14/><U53/><E53/><V39/><F39/><W98/><G133/><T12/><D12/><U122/><E122/><N who="0" m="31233" /><T127/><DORA hai="38" /><D127/><U50/><REACH who="1" step="1"/><E50/><REACH who="1" ten="240,260,245,245" step="2"/><V107/><F131/><W113/><G113/><T104/><D104/><U84/><E84/><V69/><F107/><W52/><G99/><T7/><D31/><AGARI ba="0,1" hai="4,8,10,13,15,16,22,24,31,60,62,92,93,95" machi="31" ten="40,18000,2" yaku="1,1,8,1,52,2,54,1,53,2" doraHai="59,38" doraHaiUra="48,57" who="1" fromWho="0" sc="240,-180,260,190,245,0,245,0" /><INIT seed="1,1,0,3,5,129" ten="60,450,245,245" oya="1" hai0="135,97,56,91,44,57,130,46,15,98,107,50,7" hai1="119,122,80,5,32,108,52,33,81,78,124,84,43" hai2="70,96,127,63,55,89,42,53,31,104,47,6,20" hai3="101,29,36,116,131,0,10,38,58,94,109,62,67"/><U88/><E119/><V92/><F127/><W1/><G131/><T30/><D130/><U59/><E122/><V51/><F104/><W68/><G116/><T93/><D107/><U17/><E124/><V25/><F6/><W114/><G114/><T73/><D73/><U105/><E105/><V26/><F70/><W95/><G109/><T128/><D128/><U65/><E108/><V8/><F8/><W133/><G133/><T54/><D30/><U35/><E43/><V83/><F63/><W18/><G29/><T39/><D39/><U87/><E5/><V75/><F75/><W40/><G68/><T132/><D98/><U123/><E123/><V111/><F111/><W49/><G101/><T66/><D7/><U99/><E65/><V112/><F112/><W2/><G49/><T23/><D66/><U41/><E41/><V24/><F83/><W110/><G110/><T106/><D57/><U28/><E17/><V34/><F26/><W37/><REACH who="3" step="1"/><G40/><REACH who="3" ten="60,450,245,235" step="2"/><T76/><D106/><U90/><E28/><AGARI ba="1,1" hai="20,24,25,28,31,34,42,47,51,53,55,89,92,96" machi="28" ten="30,1000,0" yaku="7,1" doraHai="129" who="2" fromWho="1" sc="60,0,450,-13,245,23,235,0" /><INIT seed="2,0,0,5,4,39" ten="60,437,268,235" oya="2" hai0="97,26,2,86,32,93,52,61,71,19,87,114,133" hai1="111,128,74,123,78,34,101,24,80,56,110,92,64" hai2="62,75,94,107,72,65,112,50,31,30,98,109,53" hai3="66,68,73,1,89,105,126,104,11,55,35,124,58"/><V135/><F112/><W108/><G108/><N who="1" m="41514" /><E128/><V18/><F107/><W88/><G73/><T10/><D133/><U27/><E34/><V54/><F135/><W60/><G35/><T33/><D114/><U67/><E123/><V20/><F75/><W44/><G44/><T49/><D33/><U103/><E92/><V43/><F72/><W90/><G1/><T70/><D32/><U5/><E5/><V99/><F99/><W95/><G95/><T63/><D2/><U132/><E132/><V57/><F43/><W82/><G11/><T37/><D37/><U59/><E59/><N who="2" m="33207" /><F65/><N who="1" m="25161" /><E56/><V130/><F130/><W14/><G82/><T76/><D71/><U120/><E120/><V127/><F127/><N who="3" m="48683" /><G14/><T3/><D3/><U16/><E24/><N who="2" m="14359" /><F109/><W106/><G106/><T21/><D70/><U36/><E36/><V13/><F13/><W117/><G117/><T48/><D10/><U118/><E118/><V125/><F125/><W9/><G9/><T121/><D121/><U115/><E115/><V23/><F23/><AGARI ba="0,0" hai="16,23,27,74,78,80,101,103" m="25161,41514" machi="23" ten="30,2000,0" yaku="14,1,54,1" doraHai="39" who="1" fromWho="2" sc="60,0,437,20,268,-20,235,0" /><INIT seed="3,0,0,4,3,101" ten="60,457,248,235" oya="3" hai0="96,86,120,0,17,9,93,23,6,33,115,51,58" hai1="79,81,132,98,64,97,19,94,62,56,73,69,66" hai2="43,50,127,124,53,70,74,26,116,105,39,22,112" hai3="12,20,131,121,135,126,49,92,128,55,27,108,41"/><W59/><G121/><T89/><D120/><U65/><E132/><V134/><F105/><W31/><G135/><T95/><D115/><U48/><E98/><V78/><F112/><W83/><G126/><N who="2" m="48169" /><F116/><W47/><G108/><T118/><D33/><U52/><E19/><N who="2" m="12639" /><F70/><W29/><G29/><T99/><D118/><U54/><E54/><V84/><F134/><W113/><G113/><T5/><D0/><U103/><AGARI ba="0,0" hai="48,52,56,62,64,65,66,69,73,79,81,94,97,103" machi="103" ten="20,2700,0" yaku="0,1,7,1,54,1" doraHai="101" who="1" fromWho="1" sc="60,-7,457,27,248,-7,235,-13" owari="53,-44.7,484,58.4,241,4.1,222,-17.8" /></mjloggm>