<mjloggm ver="2.3"><GO type="225" lobby="0"/><UN n0="%E9%89%A2%E5%B7%BB%E3%82%AC%E3%83%96" n1="%E3%82%A2%E3%83%9E%E3%83%9D%EF%BD%9E%EF%BD%9E%E3%83%A9" n2="%67%61%79%75%6E%79" n3="%E8%A8%88%E7%AE%97%E6%A9%9F%E8%87%AA%E7%84%B6" dan="16,17,16,17" rate="2095.43,2174.15,2123.56,2235.55" sx="M,M,M,M"/><TAIKYOKU oya="0"/><INIT seed="0,0,0,4,5,116" ten="250,250,250,250" oya="0" hai0="68,106,85,57,89,113,7,51,58,109,30,115,46" hai1="127,78,56,129,134,64,11,76,91,132,95,59,38" hai2="124,40,3,122,23,41,19,79,100,71,50,118,33" hai3="34,31,61,82,121,133,36,25,45,94,125,29,2"/><T28/><D106/><U32/><E38/><V52/><F33/><W22/><G2/><T1/><D68/><U24/><E11/><V20/><F3/><W83/><G125/><T104/><D104/><U16/><E129/><V119/><F71/><W13/><G133/><N who="1" m="51306" /><E127/><V63/><F124/><W107/><G107/><T90/><D1/><U98/><E32/><V0/><F0/><W27/><G94/><T128/><D7/><U18/><E24/><V21/><F63/><W99/><G99/><T103/><D128/><U54/><E59/><V93/><F79/><N who="1" m="30249" /><E64/><V80/><F80/><W86/><G13/><T87/><D57/><U9/><E9/><V102/><F19/><W66/><G82/><T74/><D58/><U81/><E81/><V49/><F23/><W111/><G36/><T53/><D30/><U131/><E131/><V60/><F60/><AGARI ba="0,0" hai="16,18,54,56,60,91,95,98" m="30249,51306" machi="60" ten="30,2000,0" yaku="20,1,54,1" doraHai="116" who="1" fromWho="2" sc="250,0,250,20,250,-20,250,0" /><INIT seed="1,0,0,2,2,110" ten="250,270,230,250" oya="1" hai0="14,125,81,114,12,3,53,44,57,47,68,123,49" hai1="39,90,132,82,80,102,106,111,16,73,11,103,70" hai2="94,58,33,66,93,48,92,55,45,89,83,113,107" hai3="38,129,91,77,78,9,61,124,17,135,29,19,108"/><U1/><E70/><V105/><F33/><W59/><G38/><T18/><D3/><U0/><E111/><V50/><F113/><W97/><G108/><T101/><D68/><U20/><E39/><V118/><F118/><W63/><G129/><T131/><D125/><U4/><E0/><V26/><F107/><W115/><G124/><T85/><D101/><U8/><E8/><V6/><F105/><W95/><G135/><T41/><D47/><U76/><E132/><V71/><F71/><W34/><G61/><T69/><D69/><U54/><E54/><V31/><F6/><W104/><G104/><T109/><D123/><U74/><E106/><V37/><F37/><W40/><G40/><T96/><D96/><U51/><E51/><V22/><F83/><W15/><G115/><T7/><D109/><U79/><E90/><V56/><F56/><W88/><G29/><T99/><D99/><U117/><E117/><V28/><F28/><W23/><G91/><T43/><D131/><U32/><E32/><V133/><F133/><W127/><G34/><T98/><D98/><U62/><E62/><V112/><F112/><W72/><G72/><T65/><D114/><U116/><E116/><V130/><F130/><W87/><G97/><T13/><D7/><U75/><E75/><V27/><F27/><AGARI ba="0,0" hai="1,4,11,16,20,27,73,74,76,79,80,82,102,103" machi="27" ten="30,5800,0" yaku="7,1,9,1,54,1" doraHai="110" who="1" fromWho="2" sc="250,0,270,58,230,-58,250,0" /><INIT seed="1,1,0,2,1,74" ten="250,328,172,250" oya="1" hai0="90,17,1,36,107,51,124,46,85,16,52,84,54" hai1="125,26,104,114,73,20,59,132,50,127,78,45,102" hai2="63,57,97,32,123,15,71,120,2,43,122,75,35" hai3="91,29,25,0,134,27,61,6,105,40,66,80,56"/><U131/><E114/><V9/><F43/><W121/><G121/><T11/><D107/><U87/><E73/><V44/><F2/><W70/><G105/><T38/><D124/><U47/><E132/><V79/><F71/><W30/><G134/><T53/><D1/><U111/><E131/><V101/><F44/><W68/><G40/><T64/><D64/><U99/><E111/><V113/><F113/><W129/><G129/><T60/><D17/><U42/><E59/><V126/><F126/><N who="1" m="48137" /><E47/><V37/><F37/><W112/><G112/><T130/><D130/><U72/><E72/><V67/><F75/><W116/><G116/><T28/><D38/><U58/><E58/><V22/><F22/><W96/><G68/><T95/><D36/><U62/><E62/><V5/><REACH who="2" step="1"/><F79/><REACH who="2" ten="250,328,162,250" step="2"/><W31/><G70/><T98/><D46/><U7/><E20/><V34/><F34/><W103/><G0/><T94/><D11/><U110/><E78/><V49/><F49/><W133/><G133/><T82/><D51/><U23/><E50/><V77/><F77/><W10/><G61/><T83/><D60/><U65/><E23/><V24/><F24/><W115/><G115/><T93/><D53/><U100/><E26/><V92/><AGARI ba="1,1" hai="5,9,15,32,35,57,63,67,92,97,101,120,122,123" machi="92" ten="30,2000,0" yaku="1,1,0,1,53,0" doraHai="74" doraHaiUra="41" who="2" fromWho="2" sc="250,-6,328,-11,162,33,250,-6" /><INIT seed="2,0,0,4,1,20" ten="244,317,195,244" oya="2" hai0="43,64,52,11,0,23,81,29,21,105,2,50,48" hai1="69,77,66,46,53,55,94,9,74,128,109,4,95" hai2="16,99,72,58,133,114,22,54,135,32,80,3,18" hai3="108,87,124,86,121,118,71,34,106,42,70,27,103"/><V82/><F32/><W122/><G118/><T83/><D105/><U131/><E109/><V40/><F3/><W31/><G86/><T104/><D104/><U127/><E127/><V6/><F6/><W98/><G108/><T37/><D37/><U107/><E107/><V1/><F1/><W79/><G124/><T68/><D43/><U78/><E66/><V116/><F116/><W51/><G51/><T84/><D48/><N who="1" m="28823" /><E69/><V93/><F114/><W101/><G101/><T13/><D81/><U132/><E55/><V39/><F40/><W134/><G134/><N who="2" m="51209" /><F39/><W26/><G42/><T100/><D100/><U120/><E120/><V65/><F65/><W61/><G26/><T57/><D21/><U5/><E5/><V63/><F72/><W73/><G87/><T24/><D64/><U129/><E132/><V111/><F18/><W10/><G10/><T90/><REACH who="0" step="1"/><D68/><REACH who="0" ten="234,317,195,244" step="2"/><N who="3" m="26153" /><G61/><T14/><D14/><N who="1" m="5415" /><E74/><V113/><F113/><W112/><G112/><T28/><D28/><U15/><E15/><N who="2" m="9503" /><F111/><W89/><G121/><T88/><D88/><AGARI ba="0,1" hai="54,58,63,80,82,88,93,99" m="9503,51209" machi="88" ten="30,5800,0" yaku="20,1,54,2" doraHai="20" who="2" fromWho="0" sc="234,-58,317,0,195,68,244,0" /><INIT seed="2,1,0,4,4,96" ten="176,317,263,244" oya="2" hai0="100,119,77,55,45,35,133,8,51,101,59,44,79" hai1="10,128,11,67,39,50,116,103,92,97,121,113,135" hai2="17,48,29,80,6,31,23,24,1,22,2,19,12" hai3="95,40,72,114,33,112,32,0,3,74,18,7,37"/><V78/><F48/><W123/><G18/><T122/><D122/><U5/><E39/><V120/><F120/><W4/><G123/><T63/><D133/><U88/><E113/><N who="3" m="43626" /><G95/><T14/><D35/><N who="3" m="13385" /><G40/><T89/><D119/><U21/><E135/><V109/><F109/><W83/><G37/><T28/><D28/><N who="2" m="10826" /><F80/><W62/><G62/><T91/><D79/><U124/><E92/><V131/><F78/><W94/><G94/><T81/><D89/><U9/><E88/><V34/><F131/><W57/><G57/><T36/><D36/><U27/><E128/><V86/><F86/><W90/><G90/><T70/><D70/><U38/><E38/><V129/><F129/><W134/><G134/><T54/><D45/><U127/><E116/><V61/><F61/><W43/><G43/><T41/><D41/><U98/><E121/><V25/><F34/><W47/><G47/><T15/><D91/><U125/><E125/><V76/><F76/><W106/><G106/><T118/><D118/><U20/><E124/><V105/><F105/><W58/><G58/><T60/><D60/><U49/><E127/><V117/><F117/><W71/><G71/><T68/><D68/><U87/><E87/><V42/><F42/><W65/><G65/><T107/><D107/><U69/><E69/><V64/><F64/><W104/><G104/><T46/><D46/><U52/><E67/><V126/><F126/><W73/><G83/><T84/><D15/><U108/><E50/><V75/><F75/><W30/><G30/><T93/><D93/><N who="1" m="58799" /><E49/><V111/><F111/><W53/><G53/><RYUUKYOKU ba="1,0" sc="176,10,317,-30,263,10,244,10" hai0="8,14,44,51,54,55,59,63,77,81,84,100,101" hai2="1,2,6,12,17,19,22,23,24,25" hai3="0,3,4,7,72,73,74" /><INIT seed="2,2,0,4,4,129" ten="186,287,273,254" oya="2" hai0="135,128,11,134,96,7,12,46,87,68,75,111,72" hai1="8,67,29,91,45,104,48,60,15,44,102,25,112" hai2="93,9,103,19,86,97,27,85,13,64,41,121,2" hai3="39,50,106,63,122,28,58,20,35,94,81,61,126"/><V115/><F115/><W55/><G106/><T36/><D128/><U76/><E76/><V49/><F121/><W110/><G39/><T105/><D68/><N who="1" m="42087" /><E91/><V82/><F2/><W52/><G35/><T113/><D113/><U24/><E24/><V3/><F3/><W107/><G107/><T54/><D111/><U32/><E48/><V98/><F64/><W70/><G126/><T43/><D54/><U31/><E31/><V34/><F97/><W88/><G122/><T118/><D87/><U74/><E74/><V80/><F34/><W92/><G110/><T84/><D84/><N who="2" m="32362" /><F27/><N who="3" m="16487" /><G70/><T90/><D118/><U117/><E117/><V123/><F123/><W51/><G81/><T73/><REACH who="0" step="1"/><D105/><REACH who="0" ten="176,287,273,254" step="2"/><U127/><E112/><V10/><F80/><W42/><G42/><T22/><D22/><U14/><E104/><V17/><F82/><W78/><G78/><T120/><D120/><U1/><E32/><V79/><F79/><W26/><G92/><AGARI ba="2,1" hai="7,11,12,36,43,46,72,73,75,90,92,96,134,135" machi="92" ten="50,6400,0" yaku="1,1,52,2,53,0" doraHai="129" doraHaiUra="65" who="0" fromWho="3" sc="176,80,287,0,273,0,254,-70" /><INIT seed="3,0,0,1,0,104" ten="256,287,273,184" oya="3" hai0="113,94,5,37,25,115,83,128,106,99,70,7,91" hai1="60,121,48,29,103,123,16,36,19,20,40,117,86" hai2="73,17,49,78,57,34,74,92,51,24,63,89,129" hai3="120,93,124,81,127,119,38,15,10,101,42,1,87"/><W50/><G119/><T134/><D70/><U0/><E0/><V26/><F129/><W71/><G120/><T30/><D37/><U75/><E75/><V107/><F107/><W21/><G38/><T76/><D128/><U82/><E36/><V27/><F34/><W35/><G35/><T23/><D106/><U43/><E103/><V133/><F133/><W6/><G71/><T28/><D28/><U109/><E109/><V55/><F17/><W62/><G62/><T56/><D134/><U122/><E60/><V110/><F110/><W97/><G1/><T31/><D31/><U41/><E48/><V88/><F89/><W33/><G33/><T116/><D56/><U12/><E117/><V9/><F9/><W54/><G21/><T64/><D64/><U52/><E52/><V61/><F61/><W66/><G66/><T8/><D116/><U3/><E3/><V108/><F108/><W11/><G11/><T85/><REACH who="0" step="1"/><D8/><REACH who="0" ten="246,287,273,184" step="2"/><U65/><E65/><V72/><REACH who="2" step="1"/><F78/><REACH who="2" ten="246,287,263,184" step="2"/><N who="3" m="46519" /><G54/><T125/><D125/><U79/><E29/><V22/><F22/><W45/><AGARI ba="0,2" hai="6,10,15,42,45,50,93,97,101,124,127" m="46519" machi="45" ten="30,1500,0" yaku="25,1" doraHai="104" who="3" fromWho="3" sc="246,-5,287,-5,263,-5,184,35" /><INIT seed="3,1,0,0,5,127" ten="241,282,258,219" oya="3" hai0="61,115,27,51,67,20,110,25,10,3,22,135,130" hai1="19,116,54,53,85,120,7,33,114,100,40,35,45" hai2="21,125,34,106,66,124,29,91,17,98,95,94,83" hai3="4,37,101,88,126,63,69,80,43,57,103,42,113"/><W121/><G113/><T77/><D110/><U44/><E120/><V18/><F106/><W71/><G121/><T109/><D109/><U86/><E19/><V14/><F66/><W133/><G126/><N who="2" m="48745" /><F18/><W72/><G133/><T79/><D135/><U102/><E116/><V6/><F6/><W11/><G69/><T26/><D115/><U68/><E7/><V96/><F83/><W129/><G71/><T99/><D10/><U78/><E78/><V8/><F34/><W104/><G104/><T74/><D3/><U132/><E68/><V52/><F52/><N who="3" m="34215" /><G129/><T117/><D117/><U108/><E108/><V1/><F1/><W9/><G37/><T56/><D130/><U31/><E132/><V55/><F55/><W38/><G38/><T36/><D36/><U123/><E123/><V97/><F94/><W28/><G28/><T89/><D51/><U92/><E92/><V111/><F111/><W48/><G72/><T50/><D50/><U12/><E31/><V59/><F59/><W47/><G42/><T82/><D77/><U73/><E73/><V13/><F13/><N who="3" m="5287" /><G11/><T5/><D5/><U70/><E70/><V49/><F49/><W128/><G128/><T41/><D41/><U23/><E40/><V2/><F2/><W39/><G39/><T76/><D76/><U81/><E114/><V24/><AGARI ba="1,0" hai="8,14,17,21,24,29,91,95,96,97,98" m="48745" machi="24" ten="30,1100,0" yaku="18,1" doraHai="127" who="2" fromWho="2" sc="241,-4,282,-4,258,14,219,-6" /><INIT seed="4,0,0,0,2,88" ten="237,278,272,213" oya="0" hai0="113,37,95,47,45,108,89,69,55,114,16,83,117" hai1="94,11,42,131,68,39,125,106,58,51,100,1,4" hai2="119,76,115,133,23,66,110,9,5,77,70,43,41" hai3="73,90,101,10,36,0,57,111,134,123,118,33,127"/><T12/><D117/><U25/><E125/><V91/><F110/><W21/><RYUUKYOKU type="yao9" ba="0,0" sc="237,0,278,0,272,0,213,0" hai3="0,10,21,33,36,57,73,90,101,111,118,123,127,134" /><INIT seed="4,1,0,1,4,4" ten="237,278,272,213" oya="0" hai0="102,25,132,115,27,130,129,104,47,92,64,53,42" hai1="48,72,67,77,5,39,38,15,80,7,117,8,100" hai2="22,76,108,62,94,14,90,50,20,58,63,0,6" hai3="55,123,16,113,110,40,118,120,112,83,98,37,24"/><T73/><D73/><U2/><E117/><V89/><F108/><W71/><G110/><T19/><D115/><N who="3" m="44105" /><G118/><T31/><D132/><U86/><E100/><V93/><F0/><W60/><G98/><T68/><D53/><U134/><E134/><V133/><F76/><W57/><G83/><T119/><D92/><U122/><E122/><N who="3" m="46634" /><G71/><T12/><D102/><U61/><E48/><V106/><F106/><W121/><N who="3" m="46642" /><W88/><DORA hai="69" /><G88/><N who="2" m="33897" /><F133/><W103/><G103/><T91/><D91/><U135/><E72/><V125/><F125/><W74/><G74/><T59/><D104/><U21/><E135/><V107/><F107/><W128/><G128/><N who="0" m="49259" /><D68/><U34/><E77/><V97/><F97/><W43/><G37/><N who="0" m="21967" /><D31/><U54/><E80/><V75/><F75/><W41/><G40/><T1/><D1/><U81/><E2/><V101/><F101/><W49/><G49/><T126/><D126/><U111/><E39/><V96/><F96/><W105/><G105/><T26/><D119/><U82/><E82/><V28/><F94/><W13/><G24/><T79/><D79/><U36/><E81/><V9/><F93/><W99/><G99/><T29/><D29/><U95/><E95/><V84/><F84/><W30/><G30/><T51/><D51/><U109/><E38/><V78/><F78/><W18/><G18/><T124/><D124/><U116/><E36/><V87/><F87/><W3/><G3/><T32/><D26/><U17/><E86/><V65/><F28/><W45/><G45/><T46/><D46/><U131/><E116/><V10/><F50/><RYUUKYOKU ba="1,0" sc="237,-10,278,-10,272,-10,213,30" hai3="13,16,41,43,55,57,60" /><INIT seed="5,2,0,1,0,117" ten="227,268,262,243" oya="1" hai0="122,123,20,0,5,35,81,37,36,49,45,12,128" hai1="15,48,121,32,64,18,10,28,83,113,76,94,14" hai2="58,132,66,99,4,30,56,119,46,54,87,23,42" hai3="77,110,84,65,13,92,86,26,100,105,106,61,78"/><U25/><E121/><N who="0" m="46089" /><D35/><U124/><E113/><V70/><F119/><W130/><G110/><T59/><D128/><U29/><E29/><V95/><F132/><W120/><G120/><T102/><D102/><U68/><E124/><V47/><F4/><W126/><G126/><T8/><D59/><U31/><E31/><V39/><F47/><W90/><G130/><T96/><D96/><U17/><E48/><V27/><F87/><W115/><G115/><T72/><D81/><U7/><E94/><V51/><F58/><N who="3" m="37047" /><G106/><T109/><D109/><U21/><E68/><V50/><F70/><W73/><G105/><T34/><D34/><U80/><E80/><V97/><F97/><N who="3" m="59431" /><G73/><T108/><D108/><U93/><E93/><V33/><F33/><W60/><G60/><T91/><D91/><U82/><E82/><V125/><F125/><W104/><G104/><T79/><D79/><N who="3" m="30217" /><G90/><T111/><D111/><U6/><E64/><V75/><F75/><AGARI ba="2,0" hai="6,7,10,14,15,17,18,21,25,28,32,75,76,83" machi="75" ten="30,1500,0" yaku="7,1" doraHai="117" who="1" fromWho="2" sc="227,0,268,21,262,-21,243,0" /><INIT seed="5,3,0,5,3,0" ten="227,289,241,243" oya="1" hai0="135,7,24,76,45,40,133,8,109,107,129,117,37" hai1="89,12,78,120,60,71,9,122,116,84,15,34,69" hai2="93,73,30,79,90,22,55,36,19,18,28,47,102" hai3="23,108,86,29,66,44,50,131,57,3,121,126,13"/><U63/><E34/><V94/><F73/><W112/><G121/><T39/><D109/><U81/><E116/><V128/><F79/><W31/><G3/><T105/><D117/><U62/><E78/><V124/><F128/><W114/><G108/><T16/><D129/><U65/><E15/><V56/><F124/><W26/><G131/><T17/><D39/><U25/><E25/><V42/><F19/><W4/><G126/><T6/><D76/><U118/><E118/><V123/><F94/><W95/><G29/><T75/><D75/><U52/><E63/><V41/><F102/><W87/><G114/><T68/><D68/><U91/><E89/><V130/><F42/><W82/><G112/><T80/><D80/><U85/><E85/><V92/><F92/><W27/><G95/><T88/><D88/><U59/><E71/><V67/><F67/><W98/><G27/><T134/><D17/><AGARI ba="3,0" hai="9,12,17,52,59,60,62,65,69,81,84,91,120,122" machi="17" ten="30,2900,0" yaku="7,1,54,1" doraHai="0" who="1" fromWho="0" sc="227,-38,289,38,241,0,243,0" owari="189,-31.1,327,42.7,241,-15.9,243,4.3" /></mjloggm>