<mjloggm ver="2.3"><GO type="225" lobby="0"/><UN n0="%77%72%77%72%77%72%77%72" n1="%E9%B3%B3%E6%9D%B1%E3%81%AE%E3%81%86%E3%81%95%E3%81%8E%E3%81%95%E3%82%93" n2="%E3%81%A9%E3%82%8F%E3%82%93%E3%81%94" n3="%E3%81%B5%E3%81%98%E3%81%8B%E3%81%A4" dan="16,17,16,16" rate="2218.38,2270.84,2084.75,2199.61" sx="M,M,M,M"/><TAIKYOKU oya="0"/><INIT seed="0,0,0,2,0,106" ten="250,250,250,250" oya="0" hai0="71,120,102,95,37,79,116,21,33,49,135,68,65" hai1="74,12,101,89,15,56,108,75,17,103,3,43,123" hai2="111,60,29,112,61,39,16,125,69,119,76,97,126" hai3="122,9,2,110,94,93,10,20,127,83,48,88,114"/><T51/><D116/><U80/><E3/><V44/><F112/><W13/><G114/><T72/><D120/><U96/><E123/><V134/><F119/><W50/><G127/><N who="2" m="48649" /><F111/><W42/><G122/><T34/><D37/><U78/><E108/><V18/><F29/><W70/><G70/><T105/><D105/><U99/><E43/><N who="2" m="22655" /><F134/><W40/><G110/><T92/><D21/><U73/><E56/><V5/><F5/><W22/><G2/><T32/><D79/><U59/><E59/><V41/><F41/><N who="3" m="15979" /><G83/><T14/><D14/><U6/><E12/><V131/><F131/><W129/><G129/><T85/><D85/><N who="1" m="48279" /><E17/><N who="2" m="6763" /><F69/><W58/><G13/><T7/><D32/><U62/><E6/><V54/><F76/><W26/><G26/><T28/><D7/><U31/><E31/><V113/><F113/><W90/><G58/><T36/><D28/><U128/><E15/><V47/><F97/><N who="1" m="37449" /><E128/><V24/><F24/><W77/><G77/><T46/><D36/><U66/><E66/><V86/><F86/><N who="3" m="52375" /><G20/><T8/><D65/><U132/><E132/><V107/><F107/><W104/><G104/><T130/><D135/><U4/><E4/><V27/><F27/><W19/><G22/><T87/><D130/><U64/><E64/><V124/><F124/><W30/><G30/><T91/><D8/><N who="3" m="3177" /><G19/><T52/><D49/><AGARI ba="0,0" hai="47,49,54,60,61" m="6763,22655,48649" machi="49" ten="30,2000,0" yaku="18,1,54,1" doraHai="106" who="2" fromWho="0" sc="250,-20,250,0,250,20,250,0" /><INIT seed="1,0,0,0,4,75" ten="230,250,270,250" oya="1" hai0="62,97,115,18,65,16,122,27,128,133,40,47,46" hai1="113,119,54,68,116,72,51,87,42,125,6,14,100" hai2="71,13,21,55,24,92,15,56,130,59,43,90,1" hai3="69,45,67,106,104,23,37,38,19,35,135,95,25"/><U132/><E72/><V57/><F130/><W94/><G135/><T7/><D115/><U126/><E100/><V52/><F1/><W98/><G35/><T70/><D128/><U96/><E96/><V61/><F71/><W33/><G94/><T63/><D133/><U88/><E132/><V53/><F43/><W121/><G121/><T31/><D122/><U107/><E107/><V39/><F39/><W102/><G33/><T109/><D109/><U79/><E68/><V123/><F123/><W11/><G11/><T60/><D7/><U114/><E42/><V4/><F4/><W34/><G34/><T110/><D110/><U48/><E6/><V93/><F93/><W74/><G74/><T73/><D73/><U101/><E14/><V10/><F10/><W118/><G118/><N who="1" m="45098" /><E101/><V44/><F44/><W76/><G45/><T64/><D97/><U50/><E79/><V12/><F61/><W17/><G76/><T80/><D70/><U0/><E0/><V129/><F129/><W81/><G37/><T131/><D131/><U83/><E54/><V29/><REACH who="2" step="1"/><F53/><REACH who="2" ten="230,250,260,250" step="2"/><W20/><G38/><T105/><D105/><U22/><E114/><V99/><AGARI ba="0,1" hai="12,13,15,21,24,29,52,55,56,57,59,90,92,99" machi="99" ten="30,8000,1" yaku="1,1,2,1,0,1,8,1,54,1,53,0" doraHai="75" doraHaiUra="103" who="2" fromWho="2" sc="230,-20,250,-40,260,90,250,-20" /><INIT seed="2,0,0,1,4,128" ten="210,210,350,230" oya="2" hai0="52,25,51,81,71,133,99,119,43,87,3,86,63" hai1="116,29,100,93,127,28,49,75,123,22,9,26,66" hai2="105,24,129,69,16,20,80,120,96,135,56,7,65" hai3="8,67,46,106,40,77,32,17,70,21,44,107,4"/><V13/><F120/><W33/><G77/><T41/><D3/><U85/><E116/><V88/><F69/><W48/><G70/><T132/><D119/><U6/><E75/><V68/><F129/><W115/><G67/><T92/><D25/><U35/><E123/><V78/><F68/><W14/><G115/><T84/><D81/><U91/><E127/><V124/><F105/><W110/><G110/><T30/><D30/><U10/><E66/><V50/><F78/><W11/><G11/><N who="1" m="4106" /><E35/><V73/><F73/><W64/><G64/><T79/><D79/><U122/><E122/><V1/><F1/><W2/><G33/><T121/><D63/><U101/><E6/><V76/><F76/><W104/><G32/><T27/><D27/><U111/><E111/><V125/><F7/><W5/><G5/><T47/><D71/><U89/><E28/><V23/><F125/><W61/><G61/><T126/><D121/><U0/><E0/><V114/><F124/><W98/><REACH who="3" step="1"/><G46/><REACH who="3" ten="210,210,350,220" step="2"/><T15/><D126/><U74/><E74/><V39/><F114/><W130/><G130/><T18/><D133/><U57/><E89/><V53/><F135/><W42/><G42/><T59/><D132/><U36/><E36/><V19/><F39/><W62/><G62/><T97/><D43/><U94/><E49/><V108/><F108/><W112/><G112/><T103/><D41/><U45/><E45/><V83/><F65/><W58/><G58/><T118/><D47/><U82/><E57/><V113/><F113/><W102/><AGARI ba="0,1" hai="2,4,8,14,17,21,40,44,48,98,102,104,106,107" machi="102" ten="30,4000,0" yaku="1,1,0,1,53,1" doraHai="128" doraHaiUra="38" who="3" fromWho="3" sc="210,-10,210,-10,350,-20,220,50" /><INIT seed="3,0,0,0,1,68" ten="200,200,330,270" oya="3" hai0="6,118,127,5,13,64,73,1,55,98,100,37,54" hai1="114,90,23,108,2,22,48,124,96,38,27,66,80" hai2="50,105,72,69,91,109,79,31,123,75,62,53,34" hai3="95,134,19,17,126,41,46,131,20,106,45,94,130"/><W97/><G126/><T111/><D118/><U135/><E114/><V4/><F105/><W125/><G125/><T3/><D37/><U43/><E124/><V47/><F4/><W44/><G134/><T71/><D127/><U116/><E38/><V107/><F107/><W8/><G106/><T25/><D73/><U87/><E2/><V15/><F79/><W60/><G60/><T89/><D89/><U29/><E135/><V85/><F15/><N who="3" m="7399" /><G41/><T103/><D25/><N who="1" m="16567" /><E108/><V61/><F109/><W99/><G95/><T74/><D74/><U51/><E116/><V26/><F123/><W59/><G59/><T24/><D111/><U115/><E115/><V120/><F120/><W101/><G99/><T14/><D24/><U21/><E66/><V77/><F62/><W121/><G121/><T117/><D117/><U7/><E7/><V84/><F77/><W104/><G104/><T9/><D64/><U110/><E110/><V128/><F75/><W0/><G0/><T30/><D71/><U58/><E96/><V12/><F72/><W92/><G92/><T10/><D98/><U93/><E93/><V42/><F69/><W65/><G65/><T76/><D76/><U88/><E43/><V122/><F122/><W32/><G32/><T82/><D82/><N who="1" m="49271" /><E58/><V33/><F34/><W35/><G35/><T36/><D36/><U52/><E52/><V113/><F33/><W56/><G56/><T40/><D40/><U16/><E23/><V49/><F42/><W132/><G132/><T70/><D70/><U102/><E102/><V67/><F67/><W83/><G83/><RYUUKYOKU ba="0,0" sc="200,10,200,10,330,-30,270,10" hai0="1,3,5,6,9,10,13,14,30,54,55,100,103" hai1="16,21,27,48,51,80,90" hai3="19,20,44,45,46,94,97,101,130,131" /><INIT seed="3,1,0,0,5,45" ten="210,210,300,280" oya="3" hai0="52,131,126,94,68,75,8,103,56,53,38,47,61" hai1="5,92,59,10,20,50,25,71,135,28,27,98,86" hai2="78,118,122,110,134,84,117,99,24,64,54,22,104" hai3="60,128,19,74,2,106,42,79,100,29,87,127,93"/><W96/><G2/><T69/><D75/><U43/><E135/><V130/><F64/><W73/><G42/><T105/><D105/><U18/><E71/><V132/><F110/><W72/><G29/><T0/><D131/><U37/><E37/><V81/><F130/><W11/><G60/><T6/><D126/><U119/><E86/><V113/><F113/><W33/><G33/><T116/><D116/><U123/><E123/><V77/><F77/><W62/><G62/><T85/><D53/><U115/><E119/><N who="2" m="45579" /><F54/><W114/><G19/><T3/><D3/><U51/><E59/><V9/><F9/><W125/><G11/><T108/><D108/><U40/><E115/><V66/><F66/><W129/><G114/><T12/><D0/><U65/><E65/><V101/><F22/><W21/><G21/><T102/><D69/><U57/><E57/><V44/><F44/><W112/><G112/><T4/><D68/><U39/><E39/><V32/><F24/><W109/><G109/><T90/><D38/><U58/><E58/><V15/><F15/><W107/><G107/><T46/><D46/><U14/><E27/><V82/><F32/><W83/><G106/><T48/><D47/><U111/><E111/><V55/><F55/><W23/><G23/><T70/><D70/><U35/><E35/><V133/><F122/><W26/><G26/><T89/><D61/><U80/><E28/><V88/><F134/><W67/><G67/><T7/><D90/><N who="1" m="55575" /><E80/><V13/><F13/><W91/><G91/><T95/><D95/><U120/><E120/><V31/><F31/><RYUUKYOKU ba="1,0" sc="210,0,210,0,300,0,280,0" hai0="4,6,7,8,12,48,52,56,85,89,94,102,103" hai1="5,10,14,18,20,25,40,43,50,51" hai2="78,81,82,84,88,99,101,104,132,133" hai3="72,73,74,79,83,87,93,96,100,125,127,128,129" /><INIT seed="3,2,0,0,5,89" ten="210,210,300,280" oya="3" hai0="96,0,94,109,67,86,73,44,90,123,112,11,27" hai1="77,129,102,2,19,33,135,10,61,106,120,37,78" hai2="85,7,97,22,59,48,108,40,16,104,63,125,122" hai3="113,71,41,30,76,8,31,17,1,51,66,92,49"/><W57/><G113/><T79/><D123/><U5/><E120/><V45/><F122/><W58/><G1/><T105/><D112/><U124/><E37/><V81/><F108/><W101/><G76/><T128/><D109/><U93/><E106/><V82/><F125/><W80/><G80/><N who="0" m="45167" /><D67/><U103/><E33/><V87/><F7/><W54/><G71/><T39/><D27/><U134/><E124/><V107/><F97/><N who="3" m="59559" /><G41/><N who="0" m="22591" /><D128/><U65/><E129/><V99/><F99/><W126/><G126/><T119/><D119/><U50/><E50/><N who="3" m="18954" /><G66/><T111/><D111/><U35/><E35/><V36/><F36/><W24/><G58/><T117/><D117/><U84/><E19/><V29/><F107/><W23/><G8/><T95/><D105/><U14/><E2/><V131/><F104/><W114/><G114/><T70/><D70/><N who="1" m="42287" /><E78/><V52/><F131/><W26/><G26/><T68/><D68/><U115/><E115/><V62/><F59/><W72/><G72/><T47/><D47/><U133/><E93/><V43/><F45/><W64/><G64/><T83/><D96/><U56/><E56/><V118/><F118/><W9/><G9/><T13/><D13/><U132/><N who="1" m="33792" /><DORA hai="34" /><U42/><E42/><V46/><F43/><W60/><AGARI ba="2,0" hai="17,23,24,30,31,54,57,60" m="18954,59559" machi="60" ten="30,3000,0" yaku="8,1,52,1" doraHai="89,34" who="3" fromWho="3" sc="210,-12,210,-12,300,-12,280,36" owari="198,-20.2,198,-30.2,288,8.8,316,41.6" /></mjloggm>