<mjloggm ver="2.3"><GO type="225" lobby="0"/><UN n0="%E3%81%AF%E3%82%88%E3%81%8A%E3%81%98%E3%81%95%E3%82%93" n1="%E9%89%A2%E5%B7%BB%E3%82%AC%E3%83%96" n2="%72%61%6B%33" n3="%4B%2E%32%2E%4B%2E" dan="17,16,18,16" rate="2211.50,2084.57,2242.45,2073.06" sx="M,M,M,M"/><TAIKYOKU oya="0"/><INIT seed="0,0,0,5,5,73" ten="250,250,250,250" oya="0" hai0="70,5,7,84,126,29,25,0,36,8,32,68,14" hai1="27,134,15,28,116,114,125,52,131,83,60,119,63" hai2="23,87,46,71,127,47,18,53,26,130,112,39,107" hai3="64,58,34,37,12,17,120,62,99,50,40,55,59"/><T76/><D36/><U33/><E125/><V128/><F112/><W117/><G117/><T79/><D126/><U113/><E131/><V21/><F127/><W45/><G120/><T102/><D102/><U4/><E134/><V92/><F107/><W89/><G34/><T94/><D5/><U104/><E104/><V65/><F53/><W43/><G99/><T6/><D7/><U3/><E3/><V19/><F65/><W72/><G72/><T24/><D25/><U108/><E108/><V103/><F71/><N who="3" m="42391" /><G89/><T22/><D94/><U80/><E119/><V20/><F39/><N who="3" m="21663" /><G12/><T97/><D97/><U122/><E63/><V1/><F1/><W135/><G17/><N who="0" m="10551" /><D84/><U82/><E122/><V85/><F103/><W95/><G95/><T67/><D67/><U69/><E69/><AGARI ba="0,0" hai="0,6,8,24,29,32,68,69,70,76,79" m="10551" machi="69" ten="30,5800,0" yaku="24,1,52,2" doraHai="73" who="0" fromWho="1" sc="250,58,250,-58,250,0,250,0" /><INIT seed="0,1,0,5,4,96" ten="308,192,250,250" oya="0" hai0="38,105,39,106,31,122,98,76,9,113,119,81,40" hai1="52,121,5,41,22,99,135,25,26,110,111,35,107" hai2="55,33,28,71,109,95,87,42,21,29,57,80,70" hai3="127,30,66,56,4,17,62,54,60,134,132,47,8"/><T124/><D31/><N who="1" m="19959" /><E41/><V77/><F109/><N who="1" m="41481" /><E121/><V32/><F42/><W112/><G112/><T133/><D113/><U92/><E107/><V116/><F116/><W1/><G127/><T61/><D119/><U58/><E5/><V13/><F71/><W63/><G30/><T20/><D122/><U6/><E6/><V0/><F70/><W48/><REACH who="3" step="1"/><G17/><REACH who="3" ten="308,192,250,240" step="2"/><T85/><D124/><U125/><E125/><V89/><F28/><W90/><G90/><T129/><D129/><U97/><E135/><AGARI ba="1,1" hai="1,4,8,47,48,54,56,60,62,63,66,132,134,135" machi="135" ten="40,2600,0" yaku="1,1,20,1,53,0" doraHai="96" doraHaiUra="72" who="3" fromWho="1" sc="308,0,192,-29,250,0,240,39" /><INIT seed="1,0,0,3,2,48" ten="308,163,250,279" oya="1" hai0="95,74,63,85,117,126,29,61,28,102,113,83,56" hai1="60,106,119,41,7,9,31,49,38,39,22,107,12" hai2="58,122,104,4,65,73,89,125,24,40,1,111,51" hai3="37,47,79,64,36,16,87,114,30,132,21,72,13"/><U46/><E119/><V54/><F122/><W81/><G114/><T68/><D113/><U33/><E33/><V66/><F104/><W18/><G132/><T80/><D117/><U99/><E106/><V32/><F73/><W20/><G30/><T112/><D112/><U67/><E31/><V133/><F111/><W0/><G0/><T34/><D126/><U135/><E22/><V108/><F108/><W69/><G47/><T17/><D17/><U90/><E135/><V115/><F125/><W78/><G78/><N who="0" m="44119" /><D61/><U98/><E98/><V97/><F133/><W96/><G72/><T105/><D68/><U15/><E15/><V120/><F120/><W71/><G96/><N who="0" m="61639" /><D83/><U109/><E109/><V35/><F35/><W57/><G57/><T26/><D26/><U59/><REACH who="1" step="1"/><E90/><REACH who="1" ten="308,153,250,279" step="2"/><V131/><F89/><W130/><G130/><T11/><D34/><U53/><E53/><V124/><F131/><W118/><G118/><T10/><D28/><U70/><E70/><V88/><F115/><W121/><G121/><T19/><D29/><U86/><E86/><V123/><F123/><W14/><G71/><T6/><D85/><U134/><E134/><V8/><F124/><W75/><G87/><T23/><D23/><U50/><E50/><V116/><F116/><W77/><G69/><T84/><D84/><U27/><E27/><V94/><REACH who="2" step="1"/><F40/><REACH who="2" ten="308,153,240,279" step="2"/><W101/><G75/><T25/><D25/><U91/><E91/><V110/><F110/><W100/><G100/><AGARI ba="0,2" hai="7,9,12,38,39,41,46,49,59,60,67,99,100,107" machi="100" ten="40,3900,0" yaku="1,1,53,1" doraHai="48" doraHaiUra="62" who="1" fromWho="3" sc="308,0,153,59,240,0,279,-39" /><INIT seed="1,1,0,3,2,17" ten="308,212,240,240" oya="1" hai0="46,36,0,130,60,101,52,18,34,9,31,12,92" hai1="6,73,118,83,115,16,49,74,96,111,13,30,8" hai2="78,99,24,120,77,104,63,10,128,51,47,50,95" hai3="124,14,71,105,87,106,84,97,113,1,59,69,126"/><U2/><E115/><V56/><F128/><W66/><G113/><T58/><D130/><U81/><E118/><V80/><F104/><N who="3" m="40043" /><G1/><T67/><D0/><U4/><E96/><V91/><F120/><W116/><G97/><N who="0" m="59559" /><D34/><U103/><E103/><V55/><F10/><W19/><G59/><N who="0" m="37279" /><D36/><U107/><E107/><V54/><F80/><W57/><G57/><T61/><D31/><U109/><E30/><V44/><REACH who="2" step="1"/><F24/><REACH who="2" ten="308,212,230,240" step="2"/><W32/><G116/><T86/><D9/><N who="1" m="6191" /><E81/><V102/><F102/><W125/><G125/><T98/><D12/><U25/><E83/><V33/><F33/><W20/><G126/><T127/><D127/><U23/><E8/><V132/><F132/><W35/><G124/><T29/><D29/><N who="1" m="17599" /><E2/><V38/><F38/><W39/><G39/><T76/><D76/><U79/><E79/><V65/><AGARI ba="1,1" hai="44,47,50,51,54,55,56,63,65,77,78,91,95,99" machi="65" ten="20,12000,2" yaku="1,1,0,1,7,1,9,1,8,1,53,1" doraHai="17" doraHaiUra="93" who="2" fromWho="2" sc="308,-31,212,-61,230,133,240,-31" /><INIT seed="2,0,0,4,0,67" ten="277,151,363,209" oya="2" hai0="47,83,23,105,32,44,123,1,100,68,63,37,107" hai1="27,42,84,80,82,73,115,128,114,91,86,33,22" hai2="61,9,16,117,126,55,66,5,49,92,70,51,88" hai3="30,77,127,45,81,24,85,62,110,132,26,106,103"/><V134/><F126/><W96/><G127/><T112/><D112/><U133/><E33/><V50/><F134/><W54/><G132/><T56/><D32/><U19/><E133/><V2/><F117/><W79/><G110/><T4/><D123/><U121/><E121/><V130/><F130/><W97/><G97/><T129/><D68/><U14/><E128/><V124/><F124/><W0/><G0/><T48/><D37/><U31/><E73/><V120/><F120/><W76/><G24/><T46/><D48/><U108/><E108/><V135/><F135/><W90/><G45/><T3/><D129/><U21/><REACH who="1" step="1"/><E42/><REACH who="1" ten="277,141,363,209" step="2"/><V40/><F40/><W17/><G17/><T18/><D18/><U52/><E52/><V72/><F72/><W10/><G10/><T71/><D23/><U131/><E131/><V8/><F8/><W118/><G118/><T94/><D4/><U41/><E41/><V29/><F16/><W74/><G54/><T122/><D122/><U95/><E95/><V59/><F29/><W43/><G43/><T111/><D94/><U93/><E93/><V34/><F34/><W119/><G119/><T99/><D111/><U104/><E104/><V35/><F35/><W125/><G125/><T7/><D105/><U109/><E109/><V25/><F25/><W78/><G74/><T20/><D7/><U102/><E102/><V87/><AGARI ba="0,1" hai="2,5,9,49,50,51,55,59,61,66,70,87,88,92" machi="87" ten="20,7800,0" yaku="0,1,7,1,52,1,54,1" doraHai="67" who="2" fromWho="2" sc="277,-26,141,-26,363,88,209,-26" /><INIT seed="2,1,0,4,2,39" ten="251,115,451,183" oya="2" hai0="44,117,3,89,109,23,107,110,54,0,11,102,37" hai1="131,113,90,85,79,88,9,99,26,7,30,112,40" hai2="115,50,28,72,29,21,55,86,36,52,33,71,56" hai3="116,4,130,8,83,62,121,96,12,2,134,84,95"/><V51/><F72/><W133/><G116/><T41/><D117/><U126/><E126/><V78/><F36/><W73/><G73/><T5/><D89/><U25/><E131/><V64/><F33/><W13/><G130/><T46/><D23/><U101/><E79/><V135/><F135/><N who="3" m="51723" /><G121/><T128/><D128/><U1/><E40/><V108/><F108/><W123/><G62/><T57/><D44/><U80/><E90/><V81/><F115/><W132/><G132/><T49/><D0/><U98/><E26/><V59/><F21/><W60/><G60/><AGARI ba="1,0" hai="28,29,50,51,52,55,56,59,60,64,71,78,81,86" machi="60" ten="40,3900,0" yaku="9,1,54,1" doraHai="39" who="2" fromWho="3" sc="251,0,115,0,451,42,183,-42" /><INIT seed="2,2,0,0,2,64" ten="251,115,493,141" oya="2" hai0="132,79,28,117,53,15,99,73,78,33,1,109,14" hai1="104,16,48,6,65,119,126,50,121,112,21,100,22" hai2="63,91,49,2,103,120,98,10,87,66,70,72,58" hai3="110,13,59,41,134,128,27,67,44,76,122,38,88"/><V35/><F72/><W0/><G122/><T26/><D1/><U93/><E119/><V74/><F74/><W124/><G0/><T80/><D117/><U9/><E112/><V125/><F35/><W52/><G110/><T115/><D115/><U40/><E104/><V47/><F125/><W62/><G124/><T101/><D109/><U45/><E126/><V116/><F120/><W135/><G128/><T113/><D113/><U129/><E129/><V68/><F116/><W19/><G76/><T90/><D132/><N who="3" m="50729" /><G27/><T42/><D78/><U61/><E50/><V8/><F8/><N who="3" m="6567" /><G88/><T30/><D90/><U54/><E40/><V36/><F36/><W96/><G96/><T3/><D3/><U17/><E121/><V12/><F2/><W57/><G52/><T86/><D73/><U60/><E93/><V29/><F29/><W20/><G20/><T94/><D42/><U84/><E84/><V23/><F23/><W102/><G102/><T130/><D130/><U5/><E100/><V32/><F32/><W77/><G77/><T71/><D28/><U69/><E61/><V46/><F46/><W111/><G111/><T123/><D123/><U89/><E89/><V31/><F31/><W133/><N who="3" m="50737" /><W25/><DORA hai="83" /><G25/><T82/><D80/><U24/><E9/><V108/><F108/><W85/><G85/><T97/><D99/><U7/><REACH who="1" step="1"/><E22/><REACH who="1" ten="251,105,493,141" step="2"/><V39/><F87/><W11/><G11/><T92/><D94/><U56/><E56/><AGARI ba="2,1" hai="38,41,44,56,57,59,62,67" m="6567,50737" machi="56" ten="40,1300,0" yaku="20,1" doraHai="64,83" who="3" fromWho="1" sc="251,0,105,-19,493,0,141,29" /><INIT seed="3,0,0,2,4,39" ten="251,86,493,170" oya="3" hai0="127,7,62,128,2,5,71,4,121,0,28,41,75" hai1="77,24,59,61,88,104,105,95,115,49,102,32,15" hai2="64,86,83,66,56,45,124,117,107,37,27,14,40" hai3="54,51,33,58,35,9,109,18,55,16,92,53,98"/><W10/><G109/><T85/><D75/><U3/><E115/><V67/><F107/><W101/><G33/><T63/><D121/><U118/><E3/><V44/><F117/><W74/><G74/><T79/><D28/><U122/><E122/><V87/><F124/><W23/><G35/><T47/><D127/><U126/><E126/><V100/><F100/><W108/><G108/><T68/><D128/><U130/><E130/><V50/><F27/><W97/><G97/><T46/><D85/><U65/><E118/><V106/><F14/><N who="3" m="7503" /><G10/><T120/><D79/><U114/><E114/><V38/><F106/><W73/><G73/><T119/><D120/><U123/><E123/><V134/><F134/><W132/><G132/><T90/><D90/><U70/><E77/><V8/><F8/><W20/><G20/><T17/><D17/><U110/><E104/><V96/><F96/><W80/><G80/><T36/><D119/><U89/><E105/><V72/><F72/><W26/><AGARI ba="0,0" hai="16,23,26,51,53,54,55,58,92,98,101" m="7503" machi="26" ten="30,3000,0" yaku="8,1,54,1" doraHai="39" who="3" fromWho="3" sc="251,-10,86,-10,493,-10,170,30" /><INIT seed="3,1,0,3,2,26" ten="241,76,483,200" oya="3" hai0="43,60,110,78,86,133,11,103,33,44,112,57,35" hai1="128,116,97,122,18,119,84,13,83,85,126,41,46" hai2="53,107,27,129,36,12,90,123,81,105,74,31,23" hai3="55,121,75,64,111,21,125,2,59,24,108,132,16"/><W22/><G121/><T0/><D110/><N who="3" m="42025" /><G75/><T109/><D109/><U17/><E122/><V39/><F129/><W8/><G125/><T101/><D133/><U52/><E128/><V87/><F123/><W9/><G132/><T88/><D78/><U48/><E126/><V4/><F74/><W134/><G134/><T130/><D130/><U76/><E116/><V106/><F53/><W45/><G2/><T10/><D33/><U89/><E119/><V131/><F131/><W65/><G45/><T51/><D35/><U7/><E97/><V127/><F127/><W96/><G96/><T117/><D112/><U1/><E1/><V42/><F42/><W71/><G21/><T80/><D117/><U61/><E61/><V93/><F36/><W63/><G65/><T58/><D58/><U34/><E34/><V5/><F39/><W99/><G99/><T6/><D10/><U100/><E100/><V91/><F106/><W14/><G14/><T82/><D80/><U25/><E25/><V114/><F107/><W70/><G70/><T113/><D113/><U67/><E67/><AGARI ba="1,0" hai="0,6,11,43,44,51,57,60,67,82,86,88,101,103" machi="67" ten="30,2000,0" yaku="7,1,54,1" doraHai="26" who="0" fromWho="1" sc="241,23,76,-23,483,0,200,0" owari="264,6.4,53,-44.7,483,58.3,200,-20.0" /></mjloggm>