<mjloggm ver="2.3"><GO type="225" lobby="0"/><UN n0="%E3%81%A1%E3%82%85%E3%81%86%E3%81%A9%E3%81%8F%E8%B1%A1%E3%81%95%E3%82%93" n1="%E3%81%86%E3%81%A1%E3%83%BC" n2="%72%69%6F%75%63%68%61%6E" n3="%E5%BE%80%E5%B9%B4%E3%81%AE%E3%82%B4%E3%83%AA%E3%83%A9" dan="16,17,17,16" rate="2156.67,2159.34,2155.27,2103.70" sx="M,M,M,M"/><TAIKYOKU oya="0"/><INIT seed="0,0,0,0,5,21" ten="250,250,250,250" oya="0" hai0="57,55,18,85,5,78,60,48,45,97,87,111,103" hai1="114,16,30,107,128,72,37,120,11,58,83,9,4" hai2="70,92,36,61,132,123,68,122,10,66,27,77,15" hai3="86,43,63,40,106,1,28,126,24,14,73,112,2"/><T81/><D111/><U82/><E120/><V80/><F132/><W95/><G73/><T74/><D5/><U121/><E121/><V90/><F36/><W0/><G106/><T130/><D130/><U104/><E37/><V133/><F133/><W91/><G112/><T134/><D18/><U108/><E108/><V84/><F70/><W6/><G126/><T99/><D134/><U101/><E30/><V94/><F27/><W65/><G14/><T96/><REACH who="0" step="1"/><D103/><REACH who="0" ten="240,250,250,250" step="2"/><U44/><E16/><V22/><F123/><W31/><G6/><T115/><D115/><U125/><E101/><V135/><F122/><W41/><REACH who="3" step="1"/><G24/><REACH who="3" ten="240,250,250,240" step="2"/><T131/><D131/><U116/><E4/><V75/><F135/><W64/><G64/><AGARI ba="0,2" hai="45,48,55,57,60,64,74,78,81,85,87,96,97,99" machi="64" ten="40,2000,0" yaku="1,1,53,0" doraHai="21" doraHaiUra="110" who="0" fromWho="3" sc="240,40,250,0,250,0,240,-20" /><INIT seed="0,1,0,2,2,45" ten="280,250,250,220" oya="0" hai0="11,15,19,18,8,46,97,89,54,63,111,104,93" hai1="26,2,133,108,122,20,75,72,38,85,62,105,4" hai2="86,95,92,115,109,130,78,100,116,3,0,39,119" hai3="21,69,66,42,118,99,110,129,68,106,101,52,114"/><T7/><D104/><U123/><E108/><V6/><F109/><W41/><G110/><T40/><D111/><U44/><E105/><V36/><F115/><W107/><G114/><T10/><D63/><U102/><E133/><V17/><F130/><W56/><G129/><T80/><D54/><U82/><E102/><V16/><F6/><W121/><G118/><N who="2" m="45097" /><F100/><W13/><G107/><T125/><D125/><U96/><E96/><V65/><F65/><W79/><G79/><T64/><D64/><U51/><E38/><N who="2" m="14379" /><F78/><W98/><G98/><T22/><D80/><U117/><E4/><V73/><F86/><W126/><G126/><T76/><D76/><U135/><E2/><N who="2" m="555" /><F73/><W37/><G37/><T57/><D57/><U87/><E87/><V12/><F12/><W91/><G66/><T131/><D131/><U70/><E117/><V34/><F34/><W47/><G101/><T128/><D128/><U50/><E72/><V14/><F14/><W49/><G106/><T127/><D127/><U30/><E75/><V48/><F48/><W74/><G74/><T53/><D53/><N who="1" m="29895" /><E51/><V29/><F29/><W61/><G69/><T60/><D60/><U58/><E70/><V71/><F71/><W120/><G68/><T134/><D7/><U59/><E123/><V113/><F113/><W43/><G121/><T55/><D55/><N who="1" m="34143" /><E122/><V90/><F90/><W84/><G120/><T25/><D134/><U132/><E59/><V81/><F81/><N who="3" m="49551" /><G99/><T35/><D35/><U94/><E82/><V24/><F24/><W5/><G5/><T27/><D27/><U9/><E9/><RYUUKYOKU ba="1,0" sc="280,0,250,0,250,0,220,0" hai0="8,10,11,15,18,19,22,25,40,46,89,93,97" hai1="20,26,30,85,94,132,135" hai2="16,17,92,95" hai3="13,21,41,42,43,47,49,52,56,61" /><INIT seed="0,2,0,3,5,28" ten="280,250,250,220" oya="0" hai0="112,90,83,129,7,15,53,81,19,95,32,54,12" hai1="24,105,70,16,45,130,80,89,0,134,109,67,60" hai2="36,61,121,3,58,52,57,133,103,51,41,17,27" hai3="102,131,69,132,56,88,11,65,8,25,122,62,125"/><T34/><D112/><U37/><E109/><V63/><F121/><W92/><G122/><T87/><D7/><U46/><E105/><V75/><F75/><W42/><G132/><T13/><D129/><U114/><E130/><V107/><F3/><W14/><G131/><T49/><D19/><U77/><E0/><V79/><F133/><W30/><G125/><T100/><D53/><U119/><E119/><V55/><F79/><W10/><G42/><T96/><REACH who="0" step="1"/><D81/><REACH who="0" ten="270,250,250,220" step="2"/><U9/><E16/><V82/><F82/><W44/><G14/><T71/><D71/><U33/><E70/><V128/><F128/><W97/><G69/><T35/><D35/><U6/><E33/><V106/><F17/><W59/><G59/><AGARI ba="2,1" hai="12,13,15,32,34,49,54,59,83,87,90,95,96,100" machi="59" ten="40,12000,1" yaku="1,1,52,2,53,1" doraHai="28" doraHaiUra="47" who="0" fromWho="3" sc="270,136,250,0,250,0,220,-126" /><INIT seed="0,3,0,0,4,1" ten="406,250,250,94" oya="0" hai0="101,42,53,113,126,94,52,106,10,38,127,82,23" hai1="132,37,2,128,39,56,6,81,46,59,93,66,129" hai2="14,85,114,115,92,131,107,119,4,91,65,95,47" hai3="51,133,9,83,7,62,88,36,8,68,54,122,50"/><T21/><D106/><U109/><E109/><V18/><F107/><W25/><G36/><T87/><D113/><U84/><E132/><V70/><F131/><N who="1" m="50249" /><E93/><V89/><F119/><W61/><G133/><T105/><D105/><U125/><E125/><N who="0" m="47625" /><D10/><N who="1" m="2391" /><E46/><V12/><F47/><W44/><G122/><T29/><D42/><U96/><E96/><V57/><F70/><W60/><G68/><T33/><D38/><N who="1" m="14347" /><E66/><V28/><F28/><W48/><G25/><N who="0" m="18607" /><D101/><U67/><E67/><V124/><F124/><W63/><N who="3" m="15360" /><DORA hai="26" /><W130/><G130/><T0/><D0/><U41/><E41/><V43/><F65/><W79/><G9/><T102/><D102/><U31/><E31/><V40/><F57/><W34/><G34/><T20/><D94/><U78/><AGARI ba="3,0" hai="56,59,78,81,84" m="14347,2391,50249" machi="78" ten="30,2000,0" yaku="19,1,52,1" doraHai="1,26" who="1" fromWho="1" sc="406,-13,250,29,250,-8,94,-8" /><INIT seed="1,0,0,4,0,113" ten="393,279,242,86" oya="1" hai0="122,54,45,127,66,125,96,27,115,31,119,135,40" hai1="62,63,98,112,55,51,64,131,41,19,21,133,88" hai2="109,94,38,10,6,128,33,95,90,123,99,47,25" hai3="121,12,46,32,11,81,56,75,9,117,118,106,110"/><U0/><E112/><V34/><F109/><W82/><G121/><T67/><D115/><U71/><E0/><V77/><F123/><W84/><G110/><T100/><D122/><U22/><E133/><V79/><F128/><W83/><G32/><N who="0" m="20607" /><D54/><U124/><E124/><N who="0" m="47689" /><D135/><U114/><E114/><V17/><F33/><W60/><G106/><N who="0" m="63751" /><D119/><N who="3" m="45577" /><G46/><T86/><D86/><U111/><E131/><V26/><F34/><W70/><G70/><T130/><D130/><U89/><E71/><V35/><F35/><W120/><G120/><T42/><D42/><U97/><E41/><V126/><F126/><W68/><G68/><T1/><D1/><U23/><E111/><V5/><F47/><W50/><G50/><AGARI ba="0,0" hai="40,45,50,66,67" m="63751,47689,20607" machi="50" ten="30,1000,0" yaku="18,1" doraHai="113" who="0" fromWho="3" sc="393,10,279,0,242,0,86,-10" /><INIT seed="2,0,0,2,4,61" ten="403,279,242,76" oya="2" hai0="128,104,23,70,113,11,110,14,7,5,124,103,69" hai1="33,30,6,76,64,40,59,120,115,94,78,34,97" hai2="121,45,47,63,89,127,106,132,131,53,9,19,108" hai3="77,125,126,26,88,102,119,65,107,15,95,96,135"/><V16/><F121/><W42/><G42/><T20/><D113/><U54/><E115/><V52/><F106/><W105/><G15/><T134/><D134/><U55/><E6/><V27/><F132/><W8/><G8/><T21/><D110/><U90/><E40/><V118/><F118/><W99/><G135/><T72/><D72/><U62/><E120/><V12/><F108/><W117/><G26/><T48/><D48/><U111/><E111/><V68/><F127/><N who="3" m="48651" /><G65/><T22/><D128/><U80/><E78/><V38/><F131/><W66/><G66/><T112/><D112/><U57/><E30/><V50/><F68/><W86/><G107/><T43/><D14/><U123/><E55/><V116/><F116/><W46/><G46/><T67/><D11/><U31/><E31/><V25/><F19/><W35/><G35/><T133/><D103/><U82/><E82/><AGARI ba="0,0" hai="77,82,86,88,95,96,99,102,105,117,119" m="48651" machi="82" ten="30,7700,0" yaku="18,1,34,2,54,1" doraHai="61" who="3" fromWho="1" sc="403,0,279,-77,242,0,76,77" /><INIT seed="3,0,0,5,2,21" ten="403,202,242,153" oya="3" hai0="4,74,129,15,10,0,79,16,26,13,125,98,95" hai1="7,63,9,132,2,14,23,67,104,45,66,29,53" hai2="43,39,92,75,17,69,78,110,107,3,85,48,117" hai3="111,34,24,42,103,109,113,134,122,76,70,131,135"/><W30/><G113/><T18/><D129/><U57/><E104/><V99/><F110/><N who="3" m="41995" /><G131/><T58/><D125/><U96/><E132/><N who="3" m="50730" /><G122/><T112/><D79/><U11/><E96/><V124/><F99/><W38/><G70/><T94/><D74/><U62/><E45/><V27/><F78/><W120/><G120/><T37/><D37/><U100/><E100/><V93/><F39/><W56/><G76/><T77/><D77/><U119/><E119/><V35/><F117/><W130/><G130/><T19/><D58/><U87/><E87/><V101/><F75/><W31/><G56/><T55/><D98/><U50/><E62/><V41/><F85/><W1/><G1/><T64/><D0/><U52/><E53/><V126/><F3/><W84/><G84/><T81/><D55/><U46/><E66/><V116/><F116/><W133/><N who="3" m="50738" /><W6/><DORA hai="54" /><G6/><T121/><D64/><U22/><E29/><V80/><F126/><W127/><G127/><T12/><D112/><U5/><AGARI ba="0,0" hai="2,5,7,9,11,14,22,23,46,50,52,57,63,67" machi="5" ten="20,5200,0" yaku="0,1,7,1,52,1,54,1" doraHai="21,54" who="1" fromWho="1" sc="403,-13,202,52,242,-13,153,-26" owari="390,49.0,254,5.4,229,-17.1,127,-37.3" /></mjloggm>