<mjloggm ver="2.3"><GO type="225" lobby="0"/><UN n0="%E7%BD%AA%E5%88%91%E6%B3%95%E5%AE%9A%E4%B8%BB%E7%BE%A9" n1="%E9%A2%A8%E3%81%A7%E9%B3%B4%E3%81%8F" n2="%E3%82%B8%E3%83%A3%E3%82%B9%E3%83%88%E3%81%B3%E3%81%83" n3="%48%61%61%61%6C%61%6E%64" dan="16,16,16,17" rate="2169.64,2126.79,2089.33,2240.37" sx="M,M,M,M"/><TAIKYOKU oya="0"/><INIT seed="0,0,0,3,5,54" ten="250,250,250,250" oya="0" hai0="81,127,50,102,75,9,93,74,15,80,21,96,51" hai1="39,88,119,89,35,36,62,111,42,43,68,65,10" hai2="130,38,27,116,86,28,44,101,108,30,113,123,97" hai3="14,52,83,122,1,98,71,128,67,91,107,109,129"/><T40/><D127/><U121/><E119/><V82/><F113/><W117/><G117/><T31/><D75/><U70/><E35/><V115/><F115/><W23/><G1/><T33/><D33/><U0/><E121/><V34/><F123/><W72/><G122/><T95/><D95/><U78/><E78/><V53/><F30/><W56/><G109/><T64/><D64/><U63/><E0/><V46/><F108/><W106/><G71/><T99/><D99/><U59/><E111/><V12/><F130/><N who="3" m="50283" /><G67/><T49/><D40/><U92/><E10/><V16/><F38/><W3/><G3/><T58/><D74/><U17/><E17/><V61/><F116/><W87/><G72/><T69/><D69/><U118/><E118/><V13/><F13/><W73/><G73/><T29/><D58/><U47/><E63/><V19/><F44/><W48/><G98/><T18/><REACH who="0" step="1"/><D9/><REACH who="0" ten="240,250,250,250" step="2"/><U79/><E68/><V104/><F46/><W25/><G107/><T41/><D41/><U94/><E70/><V77/><REACH who="2" step="1"/><F12/><REACH who="2" ten="240,250,240,250" step="2"/><W134/><G14/><T120/><D120/><U76/><E47/><V8/><F8/><W126/><G126/><T84/><D84/><U45/><E45/><V7/><F7/><W66/><G87/><T22/><D22/><U112/><E43/><V5/><F5/><W11/><G11/><T57/><D57/><AGARI ba="0,2" hai="16,19,27,28,34,53,57,61,77,82,86,97,101,104" machi="57" ten="40,5200,0" yaku="1,1,52,1,54,1,53,0" doraHai="54" doraHaiUra="131" who="2" fromWho="0" sc="240,-52,250,0,240,72,250,0" /><INIT seed="1,0,0,0,0,48" ten="188,250,312,250" oya="1" hai0="42,18,104,91,6,132,133,8,2,13,55,77,59" hai1="80,19,56,107,134,24,20,36,26,71,16,75,17" hai2="119,102,25,92,128,70,84,100,34,49,51,89,115" hai3="88,38,64,101,52,58,81,97,23,113,62,45,83"/><U30/><E71/><V112/><F119/><W135/><G113/><N who="2" m="43593" /><F70/><W47/><G135/><N who="0" m="51787" /><D104/><U96/><E36/><V125/><F128/><W127/><G127/><T95/><D77/><U73/><E134/><V117/><F125/><W57/><G23/><N who="0" m="11727" /><D42/><U65/><E26/><V31/><F117/><W63/><G38/><T66/><D66/><U85/><E96/><V122/><F122/><W11/><G11/><T1/><D8/><U43/><E43/><V90/><F90/><W126/><G126/><T99/><D6/><U7/><E7/><V40/><F40/><W68/><G68/><T41/><D41/><U108/><E108/><V21/><F34/><W10/><G10/><T29/><D29/><U61/><REACH who="1" step="1"/><E107/><REACH who="1" ten="188,240,312,250" step="2"/><V54/><F49/><AGARI ba="0,1" hai="1,2,49,55,59,91,95,99" m="11727,51787" machi="49" ten="30,2000,0" yaku="20,1,52,1" doraHai="48" who="0" fromWho="2" sc="188,30,240,0,312,-20,250,0" /><INIT seed="2,0,0,5,3,91" ten="218,240,292,250" oya="2" hai0="56,16,55,15,102,54,69,4,82,31,80,1,128" hai1="43,70,134,92,125,68,122,104,57,127,60,86,46" hai2="7,53,129,18,112,50,116,99,94,109,97,33,75" hai3="34,44,27,0,118,66,88,87,26,93,48,103,67"/><V89/><F112/><W106/><G118/><T42/><D69/><U40/><E104/><V96/><F116/><W111/><G0/><T84/><D42/><U22/><E122/><V8/><F129/><W13/><G111/><T95/><D128/><U38/><E43/><V12/><F75/><W124/><G124/><T121/><D121/><U78/><E134/><V101/><F33/><W36/><G36/><T98/><D31/><U14/><E78/><V6/><F109/><W74/><G74/><T5/><D1/><U28/><E86/><V130/><F130/><W62/><G13/><T51/><D54/><U52/><E92/><N who="2" m="56335" /><F101/><W58/><G34/><T120/><D120/><U79/><E79/><V81/><F81/><N who="0" m="31338" /><D84/><U135/><E135/><V20/><F8/><AGARI ba="0,0" hai="4,5,8,15,16,51,55,56,95,98,102" m="31338" machi="8" ten="30,3900,0" yaku="8,1,52,1,54,1" doraHai="91" who="0" fromWho="2" sc="218,39,240,0,292,-39,250,0" /><INIT seed="3,0,0,1,4,134" ten="257,240,253,250" oya="3" hai0="40,105,38,112,9,14,76,108,66,71,102,97,104" hai1="18,37,118,57,33,36,79,124,89,125,88,82,13" hai2="103,4,2,24,101,21,0,135,91,41,15,26,72" hai3="63,43,42,8,68,119,69,87,23,3,122,32,111"/><W85/><G32/><T35/><D108/><U10/><E33/><V67/><F72/><W52/><G119/><T54/><D105/><U1/><E118/><V99/><F135/><W27/><G122/><T120/><D120/><U50/><E1/><V73/><F73/><W80/><G111/><T5/><D76/><U45/><E57/><V83/><F41/><W51/><G3/><T127/><D35/><U58/><E58/><V129/><F67/><W47/><G8/><T39/><D54/><N who="1" m="30031" /><E79/><V109/><F109/><W114/><G114/><T22/><D112/><U11/><E11/><N who="2" m="4583" /><F129/><W93/><G69/><T115/><D115/><U61/><E61/><V29/><F0/><W59/><G68/><T121/><D121/><U62/><E62/><V100/><F2/><W53/><G93/><T130/><D130/><U19/><E19/><V34/><F34/><W49/><G63/><N who="0" m="40415" /><D22/><U123/><E123/><V126/><F26/><W78/><G87/><T16/><D5/><U116/><E116/><V106/><F106/><W90/><G78/><T77/><D77/><U30/><E30/><AGARI ba="0,0" hai="23,27,30,42,43,47,49,51,52,53,59,80,85,90" machi="30" ten="30,5800,0" yaku="7,1,8,1,54,1" doraHai="134" who="3" fromWho="1" sc="257,0,240,-58,253,0,250,58" owari="257,5.7,182,-31.8,253,-14.7,308,40.8" /></mjloggm>