<mjloggm ver="2.3"><GO type="225" lobby="0"/><UN n0="%65%76%61%63%61%6E%69%61" n1="%E5%86%B7%E5%87%8D%E3%82%AE%E3%83%A7%E3%83%BC%E3%82%B6" n2="%E6%97%A5%E6%9B%9C%E6%97%A5%E3%82%88%E3%82%8A%E3%81%AE%E4%BD%BF%E8%80%85" n3="%E5%8F%AF%E5%85%90%E9%82%A3%E7%94%B1%E5%A4%9A" dan="16,16,17,16" rate="2149.03,2145.16,2120.32,2205.64" sx="M,M,M,F"/><TAIKYOKU oya="0"/><INIT seed="0,0,0,4,4,123" ten="250,250,250,250" oya="0" hai0="99,82,19,78,128,94,132,6,9,27,90,53,74" hai1="117,8,65,95,86,121,46,131,108,73,34,89,17" hai2="36,16,119,88,130,31,66,32,133,71,64,116,4" hai3="60,44,42,58,21,26,0,134,80,135,39,15,97"/><T115/><D115/><U28/><E117/><N who="2" m="45131" /><F36/><W3/><G15/><T101/><D128/><U23/><E121/><V106/><F106/><W107/><G80/><T110/><D132/><N who="3" m="50729" /><G97/><T12/><D110/><U72/><E131/><V11/><F130/><W92/><G92/><T40/><D40/><U18/><E108/><V35/><F133/><W79/><G79/><T105/><D53/><U96/><E65/><N who="2" m="25195" /><F71/><W81/><G81/><T63/><D63/><U1/><E34/><V125/><F125/><W7/><G7/><T129/><D129/><U51/><E28/><V54/><F31/><N who="3" m="17871" /><G107/><T57/><D57/><U113/><E113/><V62/><F4/><W93/><G93/><T5/><REACH who="0" step="1"/><D27/><REACH who="0" ten="240,250,250,250" step="2"/><U37/><E46/><V85/><F54/><AGARI ba="0,1" hai="0,3,39,42,44,54,58,60" m="17871,50729" machi="54" ten="30,1000,0" yaku="20,1" doraHai="123" who="3" fromWho="2" sc="240,0,250,0,250,-10,250,20" /><INIT seed="1,0,0,4,3,13" ten="240,250,240,270" oya="1" hai0="89,25,91,36,62,107,22,106,31,26,77,8,15" hai1="65,46,66,44,118,35,60,131,56,32,86,49,28" hai2="73,38,88,17,128,51,85,20,43,18,110,75,58" hai3="47,93,42,112,29,92,80,124,23,84,27,41,71"/><U5/><E118/><V82/><F110/><W108/><G112/><T76/><D36/><U68/><E131/><V98/><F128/><W120/><G120/><T133/><D133/><U55/><E66/><V14/><F38/><W53/><G71/><T24/><D106/><U9/><E86/><V45/><F58/><W4/><G108/><T39/><D39/><U11/><E11/><V0/><F0/><W12/><G124/><T3/><D107/><U74/><E74/><V109/><F109/><W57/><G47/><T121/><D121/><U123/><E123/><V95/><REACH who="2" step="1"/><F18/><REACH who="2" ten="240,250,230,270" step="2"/><W100/><G57/><T90/><D62/><U129/><E129/><V52/><F52/><W72/><G53/><T54/><D54/><U61/><E44/><V119/><F119/><W1/><G1/><T113/><D3/><U2/><E28/><V103/><AGARI ba="0,1" hai="14,17,20,43,45,51,73,75,82,85,88,95,98,103" machi="103" ten="20,8000,1" yaku="1,1,0,1,7,1,52,1,54,1,53,0" doraHai="13" doraHaiUra="21" who="2" fromWho="2" sc="240,-20,250,-40,230,90,270,-20" /><INIT seed="2,0,0,4,1,67" ten="220,210,320,250" oya="2" hai0="32,117,6,60,125,74,122,87,48,69,114,132,47" hai1="11,37,73,52,101,38,63,25,130,72,55,23,95" hai2="91,24,66,99,89,42,115,20,88,83,59,104,106" hai3="113,110,0,22,98,26,134,111,65,56,86,92,1"/><V41/><F115/><W135/><G113/><T12/><D74/><U100/><E130/><V36/><F36/><W102/><G86/><T85/><D122/><U58/><E55/><V82/><F106/><W30/><G56/><T33/><D114/><U129/><E129/><V34/><F34/><W71/><G65/><T39/><D39/><U131/><E131/><V17/><F104/><W93/><G93/><T27/><D125/><U84/><E38/><V109/><F99/><W68/><G0/><T105/><D105/><U9/><E37/><V103/><F103/><N who="1" m="39497" /><E73/><V13/><F109/><N who="3" m="41483" /><G1/><T120/><D120/><U28/><E72/><V50/><F13/><W124/><G124/><T46/><D12/><U121/><E121/><V90/><F82/><W96/><G96/><T81/><D81/><U51/><E63/><N who="2" m="38271" /><F50/><W8/><G8/><T77/><D48/><U29/><E29/><V112/><F112/><W15/><G15/><T133/><D33/><U31/><E31/><V119/><F119/><W49/><G49/><T44/><D32/><U123/><E123/><V16/><F17/><W10/><G10/><T76/><D117/><U14/><E14/><V80/><F83/><W108/><G108/><T70/><D60/><U107/><E107/><V35/><F35/><W19/><G19/><T40/><D40/><U64/><E64/><V53/><F53/><W61/><G61/><T5/><D46/><U79/><E79/><V118/><F118/><W94/><G94/><T4/><D4/><U62/><E62/><V57/><F57/><W54/><G54/><T116/><D116/><RYUUKYOKU ba="0,0" sc="220,0,210,0,320,0,250,0" hai0="5,6,27,44,47,69,70,76,77,85,87,132,133" hai1="9,11,23,25,28,51,52,58,84,95" hai2="16,20,24,41,42,80,88,89,90,91" hai3="22,26,30,68,71,92,98,102,134,135" /><INIT seed="2,1,0,4,4,58" ten="220,210,320,250" oya="2" hai0="81,41,118,16,19,130,132,18,97,134,26,87,73" hai1="28,6,82,8,60,93,35,59,124,116,27,1,32" hai2="78,102,46,22,29,77,114,56,44,15,109,7,67" hai3="64,135,68,115,88,4,113,108,33,85,89,0,34"/><V75/><F75/><W120/><G120/><T21/><D73/><U53/><E116/><V47/><F114/><N who="3" m="43531" /><G108/><T123/><D123/><U79/><E124/><V61/><F109/><W86/><G135/><N who="0" m="51755" /><D118/><U131/><E131/><V125/><F125/><W37/><G37/><T121/><D121/><U117/><E117/><V30/><F102/><W107/><G107/><T119/><D119/><U100/><E35/><N who="3" m="13322" /><G4/><T25/><D130/><U112/><E112/><V20/><F7/><W48/><G0/><T63/><D41/><U84/><E93/><V127/><F127/><W128/><G128/><T90/><D97/><U3/><REACH who="1" step="1"/><E100/><REACH who="1" ten="220,200,320,250" step="2"/><V91/><F91/><N who="3" m="34891" /><G48/><T10/><D10/><U111/><E111/><V36/><F36/><W98/><G98/><T70/><D21/><U65/><E65/><AGARI ba="1,1" hai="16,18,19,25,26,63,65,70,81,87,90" m="51755" machi="65" ten="30,3900,0" yaku="20,1,52,1,54,1" doraHai="58" who="0" fromWho="1" sc="220,52,200,-42,320,0,250,0" /><INIT seed="3,0,0,2,1,121" ten="272,158,320,250" oya="3" hai0="24,12,120,99,60,19,118,124,98,72,8,63,90" hai1="58,64,35,115,70,82,4,61,22,46,37,107,117" hai2="80,129,5,40,18,96,97,73,36,50,127,75,81" hai3="103,54,132,126,93,119,88,14,20,110,67,78,48"/><W52/><G119/><T53/><D120/><U130/><E35/><V44/><F36/><W92/><G132/><T135/><D118/><U122/><E107/><V65/><F65/><W105/><G105/><T62/><D72/><U111/><E82/><N who="2" m="31851" /><F75/><W83/><G126/><T100/><D135/><U0/><E122/><V123/><F73/><W104/><G67/><T10/><D124/><U21/><E117/><V131/><F127/><W114/><G114/><T91/><D24/><U7/><E115/><V42/><F123/><W71/><G71/><T17/><D53/><U76/><E76/><V57/><F5/><W68/><G68/><T79/><D79/><U89/><E130/><N who="2" m="49675" /><F57/><W23/><G104/><T134/><D134/><U6/><E0/><V45/><F18/><N who="0" m="6666" /><D100/><U27/><E70/><V108/><F108/><W109/><G103/><T86/><D86/><U85/><E37/><V30/><F30/><W11/><G78/><T49/><D49/><U84/><E84/><V95/><F95/><N who="3" m="36427" /><G83/><T25/><D25/><U102/><E102/><V13/><F13/><W1/><G1/><T51/><D51/><U55/><E27/><V9/><F97/><N who="0" m="36874" /><D12/><U112/><E112/><V28/><F96/><W3/><G3/><T47/><D47/><U69/><E46/><V56/><F28/><W31/><G88/><AGARI ba="0,0" hai="8,10,60,62,63,88,90,91" m="36874,6666" machi="88" ten="30,7700,0" yaku="28,2,8,1,54,1" doraHai="121" who="0" fromWho="3" sc="272,77,158,0,320,0,250,-77" owari="349,44.9,158,-34.2,320,12.0,173,-22.7" /></mjloggm>