<mjloggm ver="2.3"><GO type="225" lobby="0"/><UN n0="%E4%BF%BA%E3%81%A8%E5%A6%96%E5%A4%A2" n1="%77%72%77%72%77%72%77%72" n2="%E3%83%81%E3%83%AF%E3%83%AF%E9%9A%8A%E9%95%B7" n3="%E7%A9%BA%E9%A3%9B%E3%81%B6%E8%8A%8B%E7%85%AE%E4%BC%9A" dan="17,17,16,16" rate="2204.17,2255.29,2184.58,2087.42" sx="F,M,M,F"/><TAIKYOKU oya="0"/><INIT seed="0,0,0,5,2,4" ten="250,250,250,250" oya="0" hai0="26,46,32,110,22,20,35,73,5,39,48,55,103" hai1="34,123,45,47,90,49,71,75,106,57,109,28,17" hai2="79,78,54,129,6,29,101,38,87,134,77,9,15" hai3="105,104,59,2,8,119,41,83,61,66,131,56,18"/><T127/><D73/><U133/><E123/><V43/><F129/><W14/><G119/><T52/><D127/><U99/><E71/><V70/><F70/><W72/><G131/><T97/><D39/><U64/><E75/><V113/><F113/><W126/><G126/><T80/><D110/><U7/><E109/><V132/><F29/><W51/><G2/><T40/><D80/><U121/><E121/><V92/><F54/><W118/><G118/><T88/><D20/><U94/><E133/><N who="2" m="51307" /><F101/><W98/><G98/><T96/><D96/><U67/><E106/><V116/><F116/><W12/><G41/><T107/><D5/><U0/><E17/><V117/><F117/><W53/><REACH who="3" step="1"/><G14/><REACH who="3" ten="250,250,250,240" step="2"/><T115/><D115/><U50/><E0/><V31/><F43/><W81/><G81/><T13/><D13/><U124/><E124/><V125/><F125/><W33/><G33/><T24/><D35/><U120/><E34/><V102/><F15/><W76/><AGARI ba="0,1" hai="8,12,18,51,53,56,59,61,66,72,76,83,104,105" machi="76" ten="30,4000,0" yaku="1,1,0,1,52,1,53,0" doraHai="4" doraHaiUra="93" who="3" fromWho="3" sc="250,-20,250,-10,250,-10,240,50" /><INIT seed="1,0,0,3,5,42" ten="230,240,240,290" oya="1" hai0="46,56,34,76,19,123,16,111,26,85,41,95,105" hai1="70,68,11,125,97,131,7,83,102,112,80,8,75" hai2="132,30,5,17,37,110,33,35,119,118,79,4,126" hai3="100,50,115,12,129,127,36,107,45,87,81,40,44"/><U0/><E112/><V23/><F79/><W21/><G115/><T114/><D114/><U91/><E131/><V59/><F37/><W18/><G129/><T73/><D105/><U57/><E125/><V69/><F59/><W10/><G127/><T84/><D111/><U101/><E57/><V124/><F69/><W62/><G62/><T58/><D123/><U31/><E31/><V3/><F110/><W52/><G100/><T94/><D34/><N who="2" m="12810" /><F30/><W78/><G107/><T14/><D73/><U133/><E75/><V66/><F66/><W93/><G93/><N who="0" m="35339" /><D26/><U27/><E27/><V24/><F132/><W106/><G106/><T88/><D76/><U13/><E70/><V55/><F55/><W48/><G36/><T67/><D19/><U82/><E68/><V134/><F134/><W71/><G71/><T108/><D108/><U60/><E60/><V61/><F61/><W51/><G51/><N who="0" m="27087" /><D67/><U77/><E133/><V92/><F5/><W104/><G104/><T109/><D109/><U29/><E29/><V135/><F135/><W2/><G2/><T39/><D39/><U6/><E77/><V96/><F3/><W1/><G1/><T64/><D64/><U32/><E32/><V116/><F4/><W25/><G40/><T65/><D65/><U90/><E102/><N who="2" m="60679" /><F126/><W86/><G50/><T117/><D117/><U53/><E53/><V122/><F124/><W121/><G121/><T98/><D98/><U72/><E72/><V54/><F122/><W74/><G45/><T89/><D58/><U120/><E120/><V9/><F54/><W130/><G130/><RYUUKYOKU ba="0,0" sc="230,-30,240,10,240,10,290,10" hai1="0,6,7,8,11,13,80,82,83,90,91,97,101" hai2="9,17,23,24,116,118,119" hai3="10,12,18,21,25,44,48,52,74,78,81,86,87" /><INIT seed="1,1,0,3,3,53" ten="200,250,250,300" oya="1" hai0="109,26,94,72,52,57,38,39,129,27,111,54,47" hai1="58,114,11,78,8,32,34,92,16,61,49,98,101" hai2="112,132,35,5,107,79,17,51,56,103,45,24,22" hai3="44,0,2,125,116,40,122,68,99,76,36,95,46"/><U69/><E114/><V96/><F112/><W70/><G122/><T133/><D72/><U64/><E78/><V89/><F132/><W97/><G97/><T121/><D133/><U3/><E3/><V12/><F79/><W126/><G116/><T29/><D121/><U62/><E49/><V37/><F37/><W41/><G76/><T104/><D104/><U18/><E8/><V117/><F117/><W23/><G23/><T130/><D94/><U80/><E80/><V15/><F89/><W50/><G125/><T127/><D47/><U67/><REACH who="1" step="1"/><E11/><REACH who="1" ten="200,240,250,300" step="2"/><V55/><F51/><W115/><G126/><T13/><BYE who="3" /><D127/><U106/><E106/><V25/><F107/><W86/><G86/><T19/><D39/><U105/><E105/><UN n3="%E7%A9%BA%E9%A3%9B%E3%81%B6%E8%8A%8B%E7%85%AE%E4%BC%9A" /><V83/><F83/><W119/><G119/><T60/><D38/><U74/><E74/><V123/><F123/><W48/><G115/><T1/><D1/><U82/><E82/><V30/><F96/><W33/><G36/><T91/><D111/><U87/><E87/><V4/><F4/><W90/><G33/><AGARI ba="1,1" hai="16,18,32,33,34,58,61,62,64,67,69,92,98,101" machi="33" ten="40,7700,0" yaku="1,1,52,1,54,1,53,0" doraHai="53" doraHaiUra="108" who="1" fromWho="3" sc="200,0,240,90,250,0,300,-80" /><INIT seed="1,2,0,1,3,35" ten="200,330,250,220" oya="1" hai0="9,24,18,53,68,63,48,26,0,45,109,59,79" hai1="8,130,84,65,31,43,14,52,91,99,67,82,94" hai2="124,4,47,78,29,107,40,86,90,120,77,19,51" hai3="115,17,101,103,108,118,102,132,60,44,70,98,54"/><U105/><E130/><V21/><F120/><W80/><G132/><T127/><D109/><U83/><E43/><V57/><F107/><W134/><G134/><T22/><BYE who="3" /><D68/><U16/><E105/><V106/><F106/><W37/><G37/><T27/><D127/><U113/><E113/><V92/><F124/><W30/><G30/><T11/><D79/><U58/><E31/><V39/><F29/><W15/><G15/><T112/><D112/><U97/><E97/><V111/><F111/><W93/><G93/><T123/><D123/><U87/><E87/><V88/><F4/><W110/><G110/><T73/><D73/><U117/><E117/><V5/><F5/><W25/><G25/><N who="0" m="14551" /><D0/><U2/><E2/><V121/><F121/><W72/><G72/><T71/><D71/><U23/><E8/><V46/><F90/><W122/><G122/><T129/><D129/><U7/><E7/><V89/><F89/><W3/><G3/><T131/><D131/><U119/><E119/><V33/><F33/><W41/><G41/><AGARI ba="2,0" hai="9,11,24,26,27,41,45,48,53,59,63" m="14551" machi="41" ten="30,1000,0" yaku="8,1" doraHai="35" who="0" fromWho="3" sc="200,16,330,0,250,0,220,-16" /><INIT seed="2,0,0,0,4,42" ten="216,330,250,204" oya="2" hai0="122,72,83,129,113,111,134,87,90,105,70,73,84" hai1="32,101,106,78,20,10,93,115,91,112,38,88,104" hai2="65,71,40,41,77,8,98,34,82,66,58,119,94" hai3="25,46,54,1,60,44,55,50,100,130,45,57,67"/><V52/><F119/><W29/><G29/><T95/><D70/><U107/><E20/><V24/><F71/><W62/><G62/><T36/><D36/><U2/><E32/><V121/><F121/><W132/><G132/><T56/><D122/><U109/><E10/><V103/><F34/><W86/><G86/><T135/><D56/><U28/><E28/><V13/><F24/><W99/><G99/><T47/><D113/><N who="1" m="43595" /><E38/><V92/><F92/><W117/><G117/><T49/><D105/><N who="1" m="40555" /><E2/><V21/><F21/><W74/><G74/><T35/><D35/><U126/><E109/><V31/><F31/><W81/><G81/><T79/><D111/><U12/><E12/><V61/><F65/><W5/><G5/><T102/><D102/><U43/><E43/><V125/><F66/><W23/><G23/><T15/><D15/><U27/><E107/><V18/><REACH who="2" step="1"/><F125/><REACH who="2" ten="216,330,240,204" step="2"/><W3/><G3/><T76/><D134/><U53/><E27/><V19/><F19/><W63/><G63/><T127/><D135/><U80/><E126/><UN n3="%E7%A9%BA%E9%A3%9B%E3%81%B6%E8%8A%8B%E7%85%AE%E4%BC%9A" /><V97/><F97/><W123/><G1/><T64/><D64/><U133/><E133/><V16/><F16/><W89/><G25/><T11/><D127/><U85/><E93/><V7/><F7/><W14/><G123/><T30/><D30/><U0/><E0/><V9/><F9/><W51/><G67/><T108/><D108/><U69/><E69/><V120/><F120/><W116/><G116/><T22/><D11/><U37/><E80/><V59/><F59/><W48/><G14/><T131/><D22/><U4/><E4/><RYUUKYOKU ba="0,1" sc="216,-10,330,-10,240,30,204,-10" hai2="8,13,18,40,41,52,58,61,77,82,94,98,103" /><INIT seed="2,1,1,4,1,3" ten="206,320,270,194" oya="2" hai0="101,49,2,66,61,9,104,44,74,103,87,15,109" hai1="99,132,76,85,36,100,94,38,54,117,86,53,123" hai2="125,75,72,59,83,121,93,95,31,47,102,52,65" hai3="119,62,82,129,8,51,70,135,113,35,115,30,22"/><V111/><F121/><W21/><G119/><T28/><D2/><U1/><E117/><V98/><F125/><W77/><G135/><T25/><D74/><U33/><E33/><V12/><F111/><W39/><G39/><T81/><D104/><U118/><E1/><V105/><F31/><W122/><G122/><T40/><D109/><U55/><E123/><V108/><F108/><W71/><G35/><T127/><D127/><U43/><E118/><V57/><F47/><W27/><G129/><T48/><D48/><U64/><E132/><V133/><F133/><W58/><G51/><T67/><D25/><U112/><E112/><N who="3" m="43082" /><G22/><T41/><D28/><U116/><E116/><V16/><F65/><N who="0" m="24586" /><D61/><U106/><E64/><V32/><F32/><W130/><G130/><T79/><D40/><U26/><E43/><V110/><F110/><W37/><G37/><T4/><AGARI ba="1,1" hai="4,9,15,41,44,49,79,81,87,101,103" m="24586" machi="4" ten="30,4000,0" yaku="25,1,8,1,52,1" doraHai="3" who="0" fromWho="0" sc="206,53,320,-11,270,-21,194,-11" /><INIT seed="3,0,0,3,2,104" ten="259,309,249,183" oya="3" hai0="43,82,96,76,10,105,115,75,92,63,54,118,29" hai1="73,87,69,39,134,55,48,62,77,84,98,41,22" hai2="3,121,40,11,24,13,89,71,57,51,61,59,26" hai3="44,94,106,80,116,42,67,97,64,129,83,93,130"/><W6/><G106/><T70/><D118/><U38/><E98/><V109/><F3/><W14/><G116/><T53/><D115/><U112/><E112/><V33/><F71/><W4/><G97/><T124/><D124/><U28/><E28/><V9/><F121/><W81/><G14/><T17/><D29/><U35/><E35/><V21/><F109/><W65/><G44/><T107/><D43/><U37/><E22/><V7/><F33/><W100/><G42/><T56/><D70/><U102/><E102/><V66/><F11/><W32/><G100/><T103/><D54/><U1/><E1/><V127/><F127/><W72/><G72/><T86/><D86/><U125/><E134/><V114/><F114/><W113/><G32/><T30/><D30/><U31/><E31/><V117/><F117/><W135/><G135/><T27/><D10/><U8/><E8/><V126/><F126/><W133/><G133/><T110/><D110/><U128/><E128/><N who="3" m="49258" /><G113/><T2/><D2/><U15/><E15/><V36/><F13/><W119/><G119/><T79/><D79/><U74/><E77/><V46/><F7/><AGARI ba="0,0" hai="4,6,7,64,65,67,80,81,83,93,94" m="49258" machi="7" ten="40,7700,0" yaku="28,2,19,1" doraHai="104" who="3" fromWho="2" sc="259,0,309,0,249,-77,183,77" /><INIT seed="3,1,0,3,5,40" ten="259,309,172,260" oya="3" hai0="73,1,98,43,57,29,61,95,48,42,26,32,13" hai1="106,4,86,128,125,28,35,71,36,58,8,39,89" hai2="85,65,76,3,132,31,27,92,80,116,37,135,60" hai3="75,118,117,22,121,97,62,96,119,67,38,129,10"/><W120/><G75/><T110/><D1/><U25/><E71/><V103/><F116/><W91/><G129/><T108/><D73/><U59/><E106/><V5/><F37/><W44/><G10/><T21/><D32/><U66/><E128/><V123/><F123/><W78/><G78/><T115/><D13/><U33/><E33/><V88/><F103/><W124/><G124/><T131/><D115/><U14/><E125/><V107/><F107/><W20/><G91/><T69/><D69/><U83/><E58/><V133/><F3/><W34/><G34/><T15/><D15/><U9/><E9/><V7/><F27/><W111/><G111/><N who="0" m="42539" /><D48/><U49/><E49/><V64/><F31/><W0/><G0/><T100/><D131/><U127/><E127/><V56/><REACH who="2" step="1"/><F64/><AGARI ba="1,0" hai="21,26,29,42,43,57,61,64,95,98,100" m="42539" machi="64" ten="30,2000,0" yaku="25,1,14,1" doraHai="40" who="0" fromWho="2" sc="259,23,309,0,172,-23,260,0" owari="282,8.2,309,40.9,149,-35.1,260,-14.0" /></mjloggm>