<mjloggm ver="2.3"><GO type="225" lobby="0"/><UN n0="%E3%81%B5%E3%81%98%E3%81%8B%E3%81%A4" n1="%E6%9D%B1%E9%A2%A8%E3%81%AE%E3%81%8D%E3%82%83%E3%81%B7%E3%81%95%E3%82%93" n2="%E3%82%BC%E3%83%AB%E3%83%80%E3%81%AE%E4%BC%9D%E8%AA%AC" n3="%E3%82%A2%E3%83%BC%E3%83%A2%E3%83%AD%E3%83%BC%E3%83%B4%E3%82%A1" dan="16,17,17,16" rate="2155.10,2173.14,2242.80,2101.47" sx="M,M,M,M"/><TAIKYOKU oya="0"/><INIT seed="0,0,0,5,1,54" ten="250,250,250,250" oya="0" hai0="8,53,80,45,52,109,132,108,124,76,119,24,73" hai1="90,99,98,94,120,0,28,42,134,39,6,5,87" hai2="38,75,48,82,50,27,26,68,61,22,89,84,112" hai3="95,103,106,18,91,3,63,101,65,36,62,78,107"/><T93/><D119/><U60/><E120/><V117/><F38/><W79/><G36/><T59/><D124/><U67/><E134/><V43/><F112/><W12/><G3/><T131/><D132/><U116/><E116/><V105/><F105/><W127/><G127/><T97/><D131/><U129/><E129/><V135/><F135/><W29/><G29/><T72/><D8/><U96/><E28/><V16/><F117/><W55/><G55/><T126/><D126/><U102/><E0/><V110/><F110/><N who="0" m="42602" /><D24/><U118/><E102/><N who="3" m="38922" /><G107/><T19/><D19/><U9/><E9/><V21/><F43/><W41/><G41/><T10/><D53/><U121/><E121/><V66/><F75/><W7/><G7/><T64/><D64/><U33/><E33/><V128/><F128/><W111/><G106/><T133/><D133/><U100/><E100/><V81/><F81/><W56/><G63/><N who="0" m="36327" /><D10/><U71/><REACH who="1" step="1"/><E118/><REACH who="1" ten="250,240,250,250" step="2"/><V17/><AGARI ba="0,1" hai="16,17,21,22,26,27,48,50,61,66,68,82,84,89" machi="17" ten="20,5200,0" yaku="0,1,7,1,9,1,54,1" doraHai="54" who="2" fromWho="2" sc="250,-26,240,-13,250,62,250,-13" /><INIT seed="1,0,0,3,2,3" ten="224,227,312,237" oya="1" hai0="53,83,61,106,13,27,119,39,60,12,21,74,0" hai1="97,80,2,59,102,32,109,5,126,115,42,85,127" hai2="98,51,29,113,108,56,104,45,125,90,35,57,75" hai3="55,99,63,88,50,79,24,9,8,54,89,114,17"/><U7/><E32/><V19/><F75/><W64/><G114/><T95/><D119/><U44/><E115/><V87/><F113/><W118/><G79/><T67/><D106/><N who="1" m="63823" /><E59/><V65/><F108/><W81/><G118/><T101/><D0/><U28/><E28/><V25/><F125/><N who="1" m="47625" /><E2/><V26/><F65/><W123/><G123/><T92/><D39/><N who="1" m="21599" /><E109/><V37/><F37/><W135/><G64/><T105/><D105/><U72/><E72/><V122/><F122/><W110/><G110/><T52/><D101/><U129/><E129/><V43/><F104/><W1/><G1/><T66/><D74/><U48/><E48/><V10/><F98/><W131/><G50/><T70/><D83/><U33/><E33/><V15/><F26/><W82/><G131/><T47/><D47/><U128/><E128/><V58/><F56/><W69/><G24/><T11/><D95/><AGARI ba="0,0" hai="10,15,19,25,29,35,43,45,51,57,58,87,90,95" machi="95" ten="30,1000,0" yaku="7,1" doraHai="3" who="2" fromWho="0" sc="224,-10,227,0,312,10,237,0" /><INIT seed="2,0,0,4,5,36" ten="214,227,322,237" oya="2" hai0="100,26,104,3,42,25,63,74,90,44,69,29,11" hai1="105,64,129,68,4,2,56,120,13,128,6,124,20" hai2="81,65,38,107,87,57,58,89,47,19,51,61,103" hai3="111,80,48,62,39,121,16,54,23,84,101,18,88"/><V108/><F108/><W118/><G118/><T10/><D90/><U102/><E68/><V52/><F19/><W125/><G121/><T95/><D95/><U55/><E64/><V75/><F75/><W8/><G125/><T85/><D85/><U106/><E120/><V41/><F103/><W122/><G39/><N who="0" m="21599" /><D25/><U78/><E78/><V45/><REACH who="2" step="1"/><F107/><REACH who="2" ten="214,227,312,237" step="2"/><W1/><G111/><T35/><D74/><U82/><E102/><V60/><F60/><W94/><G62/><T127/><D127/><U113/><E124/><V43/><F43/><W86/><G122/><T70/><D100/><U93/><E106/><V0/><F0/><W134/><G101/><T126/><D104/><U116/><E2/><V98/><F98/><W99/><G1/><T9/><D126/><U33/><E105/><V5/><F5/><W37/><G99/><T14/><D63/><U76/><E4/><V67/><F67/><W7/><G7/><N who="0" m="1279" /><D70/><AGARI ba="0,1" hai="38,41,45,47,51,52,57,58,61,65,70,81,87,89" machi="70" ten="30,11600,0" yaku="1,1,7,1,52,1,54,1,53,0" doraHai="36" doraHaiUra="32" who="2" fromWho="0" sc="214,-116,227,0,312,126,237,0" /><INIT seed="2,1,0,2,1,15" ten="98,227,438,237" oya="2" hai0="123,59,117,118,46,18,85,93,83,55,33,7,38" hai1="13,6,133,119,26,103,107,79,3,126,44,112,43" hai2="120,135,71,86,105,80,36,72,17,74,102,127,57" hai3="14,116,114,92,131,41,84,132,73,54,0,22,19"/><V81/><F71/><W99/><G116/><N who="0" m="44651" /><D123/><U53/><E53/><V110/><F36/><W90/><G132/><T45/><D33/><U68/><E26/><V8/><F57/><W1/><G131/><T37/><D7/><U35/><E13/><N who="2" m="7335" /><F86/><W128/><G128/><T88/><D83/><U101/><E101/><V113/><F81/><W23/><G73/><T30/><D30/><U25/><E68/><V104/><F113/><W27/><G114/><T40/><D46/><U64/><E112/><V24/><F135/><W130/><G130/><T65/><D65/><U82/><E64/><V100/><F24/><W39/><G27/><T60/><D37/><U31/><E133/><V67/><F67/><W94/><G39/><T97/><D85/><U49/><E119/><V76/><F76/><W70/><G70/><T16/><AGARI ba="1,0" hai="16,18,38,40,45,55,59,60,88,93,97" m="44651" machi="16" ten="30,8000,1" yaku="12,1,52,2,54,2" doraHai="15" who="0" fromWho="0" sc="98,83,227,-21,438,-41,237,-21" /><INIT seed="3,0,0,1,5,111" ten="181,206,397,216" oya="3" hai0="100,4,125,87,133,104,58,64,119,95,54,94,129" hai1="89,134,50,93,33,112,124,102,115,2,37,88,97" hai2="76,18,74,53,84,27,48,68,72,85,121,57,63" hai3="30,43,29,116,34,83,96,26,105,67,90,131,3"/><W106/><G116/><T36/><D119/><U107/><E37/><V8/><F121/><W77/><G131/><T5/><D36/><U19/><E2/><V31/><F74/><W120/><G120/><T45/><D125/><U110/><E33/><V13/><F72/><W46/><G3/><T92/><D129/><U35/><E35/><V79/><F68/><W51/><G30/><T82/><D133/><U24/><E134/><V108/><F108/><W44/><G67/><T98/><D64/><U59/><E110/><V73/><F63/><W66/><G66/><T75/><D45/><U117/><E124/><V130/><F130/><W42/><G90/><T49/><REACH who="0" step="1"/><D75/><REACH who="0" ten="171,206,397,216" step="2"/><U60/><E117/><V52/><F73/><W123/><G123/><T109/><D109/><U132/><E132/><V135/><F135/><W22/><G46/><T7/><D7/><U47/><E112/><V55/><F76/><W61/><G77/><T65/><D65/><N who="1" m="39071" /><E115/><V56/><F79/><W9/><G44/><T71/><D71/><U0/><E0/><V69/><F69/><W20/><G43/><T122/><D122/><U78/><E78/><V81/><F57/><W14/><G42/><T41/><D41/><N who="1" m="24943" /><E107/><V21/><F81/><W16/><G83/><T11/><D11/><U1/><E1/><V103/><F103/><W114/><G9/><T12/><D12/><U86/><E86/><AGARI ba="0,1" hai="8,13,18,21,27,31,48,52,53,55,56,84,85,86" machi="86" ten="40,2600,0" yaku="8,1,54,1" doraHai="111" who="2" fromWho="1" sc="171,0,206,-26,397,36,216,0" owari="171,-32.9,180,-22.0,433,53.3,216,1.6" /></mjloggm>