<mjloggm ver="2.3"><GO type="225" lobby="0"/><UN n0="%33%74%72%65%65" n1="%E6%98%93%E5%88%A9%E8%96%A9%E4%BC%AF" n2="%E3%81%8B%E3%82%8F%E3%81%A1%E3%82%83%E3%82%93%35%38" n3="%E6%81%A5%E6%99%92%E3%81%97" dan="16,16,17,16" rate="2115.84,2110.99,2197.62,2108.18" sx="F,F,M,M"/><TAIKYOKU oya="0"/><INIT seed="0,0,0,5,0,26" ten="250,250,250,250" oya="0" hai0="105,25,81,101,60,63,132,16,112,34,8,56,127" hai1="22,59,109,29,64,77,58,108,68,57,39,80,66" hai2="46,71,122,69,54,95,65,128,100,120,110,119,12" hai3="53,21,61,91,124,118,106,5,62,135,67,40,30"/><T133/><D112/><U23/><E39/><V36/><F12/><W41/><G118/><T37/><D37/><U55/><E55/><V70/><F95/><W111/><G111/><N who="1" m="42570" /><E68/><N who="2" m="26219" /><F100/><W76/><G106/><T121/><D121/><U35/><E35/><V7/><F7/><W126/><G76/><T92/><D105/><U50/><E50/><V130/><F110/><W131/><G5/><T87/><D60/><U84/><E29/><V97/><F97/><W73/><G67/><AGARI ba="0,0" hai="22,23,57,58,59,64,66,67,77,80,84" m="42570" machi="67" ten="30,1000,0" yaku="14,1" doraHai="26" who="1" fromWho="3" sc="250,0,250,10,250,0,250,-10" /><INIT seed="1,0,0,2,2,41" ten="250,260,250,240" oya="1" hai0="37,20,3,100,31,19,118,59,30,60,75,45,110" hai1="102,135,18,93,43,70,97,104,28,108,115,36,21" hai2="35,33,55,12,56,14,85,117,130,9,27,128,82" hai3="81,112,23,38,132,72,10,53,17,62,11,1,126"/><U25/><E115/><V125/><F117/><W8/><G112/><T134/><D118/><U0/><E135/><V44/><F125/><W127/><G38/><T39/><D39/><U69/><E0/><V15/><F9/><W46/><G132/><T91/><D3/><U129/><E129/><N who="2" m="49771" /><F27/><W90/><G1/><T109/><D75/><U29/><E108/><N who="0" m="41577" /><D100/><U40/><E104/><V121/><F121/><W99/><G72/><T48/><D91/><U119/><E43/><V87/><F44/><W16/><G81/><T22/><D37/><U78/><E78/><N who="2" m="46295" /><F87/><W122/><G122/><T107/><D107/><U103/><E119/><V106/><F106/><W83/><G83/><T63/><D134/><U6/><E6/><V50/><AGARI ba="0,0" hai="12,14,15,33,35,50,55,56" m="46295,49771" machi="50" ten="30,1100,0" yaku="19,1" doraHai="41" who="2" fromWho="2" sc="250,-3,260,-5,250,11,240,-3" /><INIT seed="2,0,0,0,3,81" ten="247,255,261,237" oya="2" hai0="49,130,112,55,37,18,50,82,15,5,118,0,23" hai1="103,46,58,39,63,111,99,28,67,113,57,71,76" hai2="60,19,47,80,133,115,108,33,56,53,124,83,11" hai3="3,54,74,36,126,22,51,69,65,17,40,4,87"/><V107/><F115/><W102/><G74/><T2/><D112/><U110/><E113/><V95/><F107/><W34/><G34/><T92/><D37/><U1/><E1/><V85/><F33/><W129/><G126/><T29/><D130/><U116/><E116/><V59/><F124/><W91/><G102/><T86/><D118/><U41/><E76/><V78/><F133/><W10/><G129/><T14/><D29/><U27/><E58/><V123/><F123/><W97/><G97/><T84/><D49/><U45/><E45/><V134/><F134/><W125/><G125/><T90/><D5/><U101/><E57/><V6/><F108/><W24/><G36/><T109/><D109/><N who="1" m="41483" /><E99/><V64/><F19/><W62/><G40/><T43/><D43/><U35/><AGARI ba="0,0" hai="27,28,35,39,41,46,63,67,71,101,103" m="41483" machi="35" ten="30,1100,0" yaku="14,1" doraHai="81" who="1" fromWho="1" sc="247,-3,255,11,261,-5,237,-3" /><INIT seed="3,0,0,2,4,48" ten="244,266,256,234" oya="3" hai0="112,98,71,20,95,120,55,62,110,76,51,70,67" hai1="11,34,83,86,59,39,130,10,102,44,23,89,106" hai2="84,15,104,75,50,21,68,64,109,124,65,2,36" hai3="73,99,79,25,105,126,14,24,116,46,42,56,22"/><W97/><G116/><T19/><D120/><U9/><E34/><V7/><F36/><W49/><G126/><T6/><D110/><U30/><E130/><V16/><F75/><W80/><G105/><T77/><D71/><U12/><E106/><V92/><F104/><W52/><G14/><T131/><D6/><U53/><E102/><V128/><F68/><W91/><G91/><T35/><D35/><U69/><E69/><V33/><F33/><W17/><REACH who="3" step="1"/><G25/><REACH who="3" ten="244,266,256,224" step="2"/><T0/><D131/><U103/><E103/><V66/><F124/><W93/><G93/><T107/><D107/><U61/><E12/><V121/><F128/><W28/><G28/><T87/><D112/><U132/><E30/><V123/><F109/><W32/><G32/><T115/><D115/><U8/><E89/><N who="2" m="53287" /><F2/><W40/><G40/><T1/><D1/><U5/><E5/><V122/><F7/><W82/><G82/><T27/><D0/><U31/><E83/><V135/><F135/><W101/><G101/><T37/><D37/><AGARI ba="0,1" hai="17,22,24,37,42,46,49,52,56,73,79,80,97,99" machi="37" ten="30,11600,0" yaku="1,1,7,1,52,1,54,1,53,0" doraHai="48" doraHaiUra="63" who="3" fromWho="0" sc="244,-116,266,0,256,0,224,126" owari="128,-37.2,266,6.6,256,-14.4,350,45.0" /></mjloggm>