<mjloggm ver="2.3"><GO type="225" lobby="0"/><UN n0="%E8%80%81%E6%A5%BD" n1="%E5%A4%8F%E9%88%B4%E9%88%B4%E5%A4%8F" n2="%E5%8F%AF%E5%85%90%E9%82%A3%E7%94%B1%E5%A4%9A" n3="%E5%B0%8F%E9%B3%A5%E9%81%8A%E7%B7%B4%E7%84%A1%32%31%E6%AD%B3" dan="16,16,17,16" rate="2078.18,2124.67,2174.50,2181.95" sx="M,M,F,F"/><TAIKYOKU oya="0"/><INIT seed="0,0,0,0,1,65" ten="250,250,250,250" oya="0" hai0="111,25,125,35,49,81,74,86,88,90,22,73,131" hai1="59,92,29,98,17,11,130,9,2,50,105,82,116" hai2="30,39,93,6,27,101,37,110,32,42,94,54,51" hai3="41,66,78,132,64,99,80,100,118,124,113,75,44"/><T45/><D35/><U77/><E105/><V18/><F110/><W103/><G124/><T34/><D34/><U47/><E116/><V12/><F6/><W115/><G118/><T91/><D125/><U135/><E135/><V95/><F101/><W26/><G103/><T19/><D131/><U127/><E29/><V107/><F42/><W61/><G26/><T69/><D69/><U13/><E130/><V123/><F107/><N who="3" m="63903" /><G64/><T76/><REACH who="0" step="1"/><D111/><REACH who="0" ten="240,250,250,250" step="2"/><U89/><E127/><V119/><F119/><W72/><G132/><T85/><D85/><N who="1" m="48335" /><E2/><V109/><F109/><W122/><G75/><T7/><D7/><U31/><E31/><V134/><F134/><W121/><G115/><T133/><D133/><U84/><E84/><V43/><F123/><W15/><G113/><T3/><D3/><U52/><E59/><V96/><F96/><W14/><G122/><T33/><D33/><U55/><E55/><AGARI ba="0,1" hai="19,22,25,45,49,55,73,74,76,81,86,88,90,91" machi="55" ten="40,3900,0" yaku="1,1,54,1,53,0" doraHai="65" doraHaiUra="24" who="0" fromWho="1" sc="240,49,250,-39,250,0,250,0" /><INIT seed="0,1,0,1,2,92" ten="289,211,250,250" oya="0" hai0="71,132,96,123,62,102,33,80,73,41,131,67,63" hai1="75,20,35,72,106,64,69,15,48,128,87,17,66" hai2="101,82,28,59,124,103,53,120,18,90,114,5,52" hai3="13,126,115,105,43,95,45,21,37,50,2,30,86"/><T108/><D123/><U88/><E128/><V32/><F120/><W56/><G2/><T65/><D33/><U60/><E35/><V129/><F114/><W57/><G105/><T76/><D132/><U44/><E66/><V1/><F129/><W29/><G126/><T79/><D131/><U55/><REACH who="1" step="1"/><E106/><REACH who="1" ten="289,201,250,250" step="2"/><V109/><F32/><W127/><G115/><T135/><D67/><U97/><E97/><V70/><F124/><W113/><G127/><T26/><D96/><U14/><E14/><V19/><F1/><W122/><G122/><T22/><D65/><U110/><E110/><V100/><F109/><W7/><G113/><T42/><D108/><U77/><E77/><V74/><F70/><W49/><G13/><T125/><D79/><U118/><E118/><V10/><F74/><W119/><G119/><T111/><D76/><U117/><E117/><V27/><F27/><W130/><G130/><T89/><D26/><U23/><E23/><V81/><F10/><W91/><G21/><T84/><D22/><U78/><E78/><V104/><F104/><W54/><G7/><T9/><D73/><U98/><E98/><V16/><F5/><W83/><G83/><AGARI ba="1,1" hai="15,17,20,44,48,55,60,64,69,72,75,83,87,88" machi="83" ten="30,3900,0" yaku="1,1,7,1,54,1,53,0" doraHai="92" doraHaiUra="36" who="1" fromWho="3" sc="289,0,201,52,250,0,250,-42" /><INIT seed="1,0,0,4,2,36" ten="289,253,250,208" oya="1" hai0="80,100,129,20,114,52,56,61,43,110,82,98,3" hai1="26,60,72,108,59,66,2,57,40,23,48,69,102" hai2="85,97,62,24,116,44,51,107,42,106,30,118,64" hai3="6,95,33,46,35,123,9,19,16,86,63,8,45"/><U74/><E2/><V84/><F84/><W58/><G123/><T32/><D114/><U17/><E108/><V34/><F85/><W111/><G111/><T119/><D32/><U15/><E102/><V124/><F124/><W25/><G35/><T0/><D119/><U104/><E104/><V1/><F1/><W49/><G33/><T21/><D0/><U31/><E69/><V81/><F81/><W4/><G25/><T105/><D3/><U112/><E112/><V27/><F27/><W132/><G132/><T131/><D110/><U13/><E13/><V12/><F12/><W87/><G95/><T70/><D70/><U53/><REACH who="1" step="1"/><E40/><REACH who="1" ten="289,243,250,208" step="2"/><V5/><F107/><W38/><G4/><T103/><D103/><U41/><E41/><V22/><F5/><W76/><G6/><T75/><D43/><U93/><E93/><V117/><F106/><W122/><G122/><T10/><D105/><U109/><E109/><V28/><F117/><W127/><G127/><T54/><D100/><U101/><E101/><V134/><F118/><W47/><G38/><T18/><D131/><U91/><E91/><V90/><F116/><W133/><G76/><T125/><D129/><U99/><E99/><V55/><F42/><W94/><G94/><T37/><D98/><U79/><E79/><V83/><F97/><W78/><G78/><T65/><D37/><U14/><E14/><V128/><F128/><W11/><G87/><T135/><D125/><U29/><E29/><V68/><F28/><W88/><G86/><T120/><D120/><U92/><E92/><V126/><F126/><RYUUKYOKU ba="0,1" sc="289,-10,243,30,250,-10,208,-10" hai1="15,17,23,26,31,48,53,57,59,60,66,72,74" /><INIT seed="1,1,1,0,0,8" ten="279,273,240,198" oya="1" hai0="47,56,24,97,69,17,31,0,64,18,29,16,93" hai1="131,99,92,101,119,15,127,72,128,95,70,107,87" hai2="76,61,91,35,30,89,25,54,74,60,50,40,53" hai3="11,102,105,36,27,34,98,52,123,1,71,124,26"/><U126/><E70/><V122/><F122/><W13/><G123/><T32/><D0/><U44/><E44/><V114/><F114/><W96/><G36/><T120/><D120/><U65/><E65/><V85/><F74/><W100/><G124/><N who="1" m="47658" /><E72/><V117/><F117/><W75/><G75/><T67/><D69/><U103/><E119/><V112/><F112/><W132/><G1/><T130/><D130/><N who="1" m="49707" /><E101/><V115/><F115/><W6/><G34/><T66/><D29/><U12/><E87/><V22/><F40/><W41/><G41/><T84/><D84/><U23/><E23/><V48/><F35/><W49/><G71/><T109/><D47/><U78/><E78/><V43/><F76/><W3/><G3/><T90/><REACH who="0" step="1"/><D109/><REACH who="0" ten="269,273,240,198" step="2"/><U104/><E95/><V21/><F85/><W28/><G28/><T108/><D108/><U111/><E111/><V94/><F30/><W59/><REACH who="3" step="1"/><G132/><REACH who="3" ten="269,273,240,188" step="2"/><T63/><AGARI ba="1,3" hai="16,17,18,24,31,32,56,63,64,66,67,90,93,97" machi="63" ten="30,4000,0" yaku="1,1,0,1,54,1,53,0" doraHai="8" doraHaiUra="106" who="0" fromWho="0" sc="269,73,273,-21,240,-11,188,-11" /><INIT seed="2,0,0,4,3,74" ten="342,252,229,177" oya="2" hai0="130,61,4,99,132,28,24,67,111,123,53,105,119" hai1="22,94,88,45,103,55,71,134,59,122,37,127,100" hai2="116,11,124,126,82,30,2,112,41,107,78,129,120" hai3="54,16,44,133,32,77,135,42,38,47,10,56,68"/><V50/><F107/><W73/><G32/><T48/><D4/><U106/><E71/><V60/><F112/><W46/><G68/><T87/><D87/><U33/><E33/><V19/><F116/><W25/><G42/><T89/><D89/><U98/><E134/><V70/><F120/><W115/><G38/><T91/><D132/><N who="3" m="50761" /><G115/><T20/><D61/><U14/><E127/><N who="2" m="48683" /><F30/><W3/><G3/><T6/><D28/><U18/><E122/><V5/><F129/><W95/><G95/><T90/><D105/><U39/><E45/><N who="2" m="25903" /><F19/><W83/><G56/><T0/><D130/><U58/><E58/><V117/><F117/><W23/><G10/><T125/><D125/><U131/><E131/><V69/><F60/><W51/><AGARI ba="0,0" hai="16,23,25,44,46,47,51,54,73,77,83" m="50761" machi="51" ten="30,4000,0" yaku="20,1,52,1,54,1" doraHai="74" who="3" fromWho="3" sc="342,-10,252,-10,229,-20,177,40" /><INIT seed="3,0,0,4,5,83" ten="332,242,209,217" oya="3" hai0="6,99,34,40,43,121,135,23,111,75,25,116,2" hai1="46,88,106,115,73,101,39,64,68,127,98,62,32" hai2="131,74,109,89,57,51,96,117,119,56,103,63,9" hai3="1,91,41,125,30,118,47,92,133,72,4,10,70"/><W20/><G118/><T86/><D40/><N who="1" m="22815" /><E88/><V29/><F74/><W59/><G70/><T0/><D135/><U82/><E127/><V12/><F109/><W52/><G133/><T78/><D0/><U42/><E42/><V14/><F131/><W77/><G125/><T93/><D78/><N who="1" m="44367" /><E32/><V13/><F29/><W44/><G20/><T94/><D6/><U36/><E36/><V31/><F31/><W108/><G30/><T7/><D7/><U16/><E16/><N who="2" m="8207" /><F119/><W54/><G108/><T87/><D111/><U33/><E33/><V17/><F117/><W71/><G71/><T90/><D2/><U65/><E65/><N who="2" m="39143" /><F17/><W49/><G44/><T28/><D116/><U128/><E115/><V35/><F35/><W129/><G129/><AGARI ba="0,0" hai="62,64,68,98,101,106,128,129" m="44367,22815" machi="129" ten="30,1000,0" yaku="23,1" doraHai="83" who="1" fromWho="3" sc="332,0,242,10,209,0,217,-10" owari="332,43.2,252,5.2,209,-19.1,207,-29.3" /></mjloggm>