<mjloggm ver="2.3"><GO type="225" lobby="0"/><UN n0="%72%61%6B%33" n1="%61%69%73%79%6F" n2="%E3%82%BC%E3%83%AB%E3%83%80%E3%81%AE%E4%BC%9D%E8%AA%AC" n3="%E6%A0%B9%E5%85%83%E3%81%8B%E3%82%89%E5%90%B9%E3%81%A3%E9%A3%9B%E3%81%B6" dan="18,17,16,17" rate="2248.57,2193.62,2173.05,2194.70" sx="M,M,M,F"/><TAIKYOKU oya="0"/><INIT seed="0,0,0,2,5,68" ten="250,250,250,250" oya="0" hai0="39,19,50,98,108,107,111,35,58,79,14,112,65" hai1="100,59,106,102,34,7,18,114,45,15,63,90,94" hai2="124,10,119,92,48,125,104,91,120,87,131,2,44" hai3="75,4,55,83,71,95,41,82,99,6,134,101,132"/><T27/><D112/><U117/><E117/><V135/><F120/><W110/><G110/><N who="0" m="42027" /><D79/><U60/><E114/><V36/><F119/><W126/><G71/><T78/><D78/><U77/><E34/><V13/><F104/><W57/><G41/><T11/><D107/><U3/><E106/><V49/><F2/><W24/><G126/><N who="2" m="48745" /><F135/><N who="3" m="51755" /><G24/><T88/><D65/><U62/><E3/><V1/><F1/><W22/><G22/><T38/><D98/><U25/><E77/><V26/><F131/><W37/><G37/><N who="0" m="13835" /><D88/><U69/><E90/><V23/><F36/><W130/><G130/><T17/><D35/><U61/><E100/><V105/><F105/><W40/><G75/><T80/><D80/><U129/><E94/><V133/><F133/><W86/><G83/><T47/><D58/><U52/><E102/><V42/><F92/><W56/><G82/><T67/><D67/><U89/><E89/><V21/><F91/><W12/><G99/><T43/><D27/><U0/><E25/><V16/><F87/><W29/><G86/><T122/><D122/><U46/><E69/><V28/><F48/><W96/><G95/><T128/><D128/><U53/><E129/><V5/><F49/><W32/><G96/><T93/><D93/><U20/><E59/><V8/><F26/><W64/><G56/><T116/><D19/><U74/><E74/><V109/><F109/><W127/><G57/><T30/><D30/><U73/><E73/><V123/><F28/><W97/><G29/><T85/><D116/><U115/><N who="1" m="15360" /><DORA hai="72" /><U81/><E81/><V121/><F121/><RYUUKYOKU ba="0,0" sc="250,30,250,-10,250,-10,250,-10" hai0="11,14,17,43,47,50,85" /><INIT seed="0,1,0,1,5,103" ten="280,240,240,240" oya="0" hai0="40,44,124,131,21,4,27,59,11,67,84,81,104" hai1="5,79,94,121,80,37,50,54,39,118,9,128,14" hai2="127,42,129,114,123,132,64,48,134,115,10,85,17" hai3="7,102,51,45,72,68,111,95,101,120,58,24,52"/><T6/><D104/><U47/><E118/><V66/><F10/><W18/><G111/><T28/><D124/><U1/><E128/><V82/><F17/><W73/><G120/><T93/><D131/><U34/><E34/><V29/><F29/><W38/><G7/><T110/><D110/><U65/><E121/><V60/><F129/><W15/><G68/><T116/><D116/><U133/><E133/><N who="2" m="51307" /><F123/><W108/><G24/><T71/><D71/><U112/><E112/><N who="2" m="43051" /><F127/><W90/><G108/><T92/><D59/><U53/><E65/><N who="2" m="25195" /><F60/><W22/><G73/><T109/><D67/><U83/><E1/><V77/><F48/><W117/><G72/><T122/><D109/><U26/><E37/><V61/><F61/><W62/><G117/><T89/><D122/><U3/><E39/><V31/><F31/><W2/><G2/><T113/><D113/><U75/><E3/><V91/><F42/><N who="3" m="25015" /><G38/><T70/><D70/><U13/><E26/><V8/><F8/><W100/><G100/><T105/><D6/><U0/><E53/><V56/><F56/><W20/><G20/><T99/><D11/><U63/><E63/><V97/><F97/><AGARI ba="1,0" hai="15,18,22,52,58,62,90,95,97,101,102" m="25015" machi="97" ten="30,2000,0" yaku="8,1,54,1" doraHai="103" who="3" fromWho="2" sc="280,0,240,0,240,-23,240,23" /><INIT seed="1,0,0,3,0,104" ten="280,240,217,263" oya="1" hai0="50,113,67,121,8,87,125,61,77,93,86,79,120" hai1="33,70,96,119,22,5,41,71,30,49,32,42,75" hai2="28,83,16,128,38,76,11,134,84,23,108,19,55" hai3="7,127,130,99,14,110,69,95,131,4,60,26,92"/><U54/><E119/><V3/><F38/><W45/><G110/><T68/><D113/><U36/><E5/><V80/><F108/><W101/><G127/><T85/><D125/><U20/><E96/><V112/><F112/><W46/><G26/><T40/><D93/><U98/><E98/><V118/><F118/><W24/><G24/><T91/><D91/><U10/><E10/><V59/><F134/><W72/><G92/><T89/><D89/><U115/><E115/><V48/><F128/><N who="3" m="49195" /><G14/><T90/><D90/><U39/><E54/><V62/><F28/><W97/><G97/><T105/><D105/><U6/><E49/><V47/><F23/><W58/><G69/><T111/><D111/><U122/><E6/><N who="3" m="2090" /><G72/><T88/><D88/><U64/><E30/><V57/><F3/><W65/><AGARI ba="0,0" hai="45,46,58,60,65,95,99,101" m="2090,49195" machi="65" ten="30,1100,0" yaku="19,1" doraHai="104" who="3" fromWho="3" sc="280,-3,240,-5,217,-3,263,11" /><INIT seed="2,0,0,5,0,7" ten="277,235,214,274" oya="2" hai0="37,116,101,82,36,27,108,17,56,91,94,117,0" hai1="113,60,42,50,65,13,100,30,59,72,88,52,26" hai2="19,62,125,114,21,89,135,128,6,48,49,66,130" hai3="133,16,129,79,132,98,40,61,75,99,96,86,112"/><V25/><F114/><W2/><G2/><T3/><D101/><U105/><E113/><V67/><F125/><W71/><G40/><T95/><D82/><U84/><E72/><V97/><F135/><N who="3" m="51787" /><G112/><T34/><D56/><U68/><E13/><V69/><F67/><N who="3" m="41455" /><G75/><T29/><D17/><U90/><E42/><V31/><F6/><W4/><G4/><T87/><D95/><U81/><E100/><V38/><F38/><N who="0" m="14954" /><D108/><U93/><E105/><V51/><REACH who="2" step="1"/><F31/><REACH who="2" ten="277,235,204,274" step="2"/><W8/><G129/><T12/><D29/><U121/><E121/><V32/><F32/><W33/><G33/><T119/><D34/><U58/><E30/><V35/><F35/><W126/><G126/><T76/><D119/><U22/><E22/><V106/><F106/><W63/><G63/><T1/><D117/><U85/><REACH who="1" step="1"/><E26/><REACH who="1" ten="277,225,204,274" step="2"/><V134/><F134/><W78/><G8/><T111/><D27/><U9/><E9/><V53/><F53/><W46/><G16/><T77/><D116/><U127/><E127/><V124/><F124/><W110/><G110/><T92/><D111/><U123/><E123/><V5/><F5/><W15/><G15/><T47/><D12/><U80/><E80/><V131/><F131/><W41/><G41/><T104/><D104/><U39/><E39/><V102/><F102/><W120/><G120/><T24/><D24/><U18/><E18/><V54/><F54/><W64/><G64/><T55/><D3/><U28/><E28/><V20/><F20/><W118/><G118/><T115/><D115/><U45/><AGARI ba="0,2" hai="45,50,52,58,59,60,65,68,81,84,85,88,90,93" machi="45" ten="20,8000,1" yaku="1,1,0,1,7,1,54,2,53,0" doraHai="7" doraHaiUra="23" who="1" fromWho="1" sc="277,-20,225,100,204,-40,274,-20" /><INIT seed="3,0,0,0,3,17" ten="257,325,164,254" oya="3" hai0="7,10,134,135,76,111,59,133,105,113,107,1,40" hai1="6,12,69,9,106,29,32,85,115,103,90,61,2" hai2="8,38,66,65,130,84,4,64,41,16,110,43,127" hai3="21,5,27,89,13,22,132,93,62,23,128,116,30"/><W58/><G128/><T99/><D111/><U94/><E115/><V50/><F110/><W31/><G132/><T79/><D113/><U87/><E32/><V33/><F127/><W92/><G116/><T52/><D40/><U131/><E29/><N who="3" m="10762" /><G27/><T20/><D20/><U24/><E24/><V46/><F130/><W101/><G101/><N who="0" m="62655" /><D107/><U109/><E109/><V47/><F33/><W74/><G74/><T88/><D88/><U26/><E26/><V86/><REACH who="2" step="1"/><F4/><REACH who="2" ten="257,325,154,254" step="2"/><W56/><G5/><T48/><AGARI ba="0,1" hai="1,7,10,48,52,59,76,79,133,134,135" m="62655" machi="48" ten="30,2000,0" yaku="20,1,54,1" doraHai="17" who="0" fromWho="0" sc="257,30,325,-5,154,-5,254,-10" owari="287,8.7,320,42.0,149,-35.1,244,-15.6" /></mjloggm>