<mjloggm ver="2.3"><GO type="225" lobby="0"/><UN n0="%E8%90%BD%E6%97%A5" n1="%E3%81%BF%E3%81%BF%E3%81%9A" n2="%72%69%6F%75%63%68%61%6E" n3="%E3%81%99%E3%81%84%E3%81%BE%E3%81%9B%E3%83%BC%E3%82%93" dan="17,17,16,18" rate="2195.84,2284.37,2162.39,2188.65" sx="F,M,M,M"/><TAIKYOKU oya="0"/><INIT seed="0,0,0,0,1,134" ten="250,250,250,250" oya="0" hai0="64,26,56,60,53,58,97,119,44,129,72,86,47" hai1="94,31,82,121,88,109,8,57,113,36,52,11,21" hai2="25,55,95,29,6,126,5,91,30,89,63,77,120" hai3="70,71,133,96,24,37,45,122,13,3,67,46,104"/><T23/><D72/><U99/><E121/><V116/><F126/><W115/><G3/><T78/><D119/><U33/><E33/><V100/><F120/><W131/><G122/><T79/><D129/><U93/><E36/><V68/><F116/><W105/><G96/><T90/><D97/><N who="1" m="57511" /><E113/><V20/><F77/><W50/><G37/><T112/><D112/><U59/><E82/><V14/><F29/><W84/><G115/><T51/><D79/><U18/><E31/><V103/><F89/><W110/><G84/><T0/><D0/><U73/><E73/><V19/><F68/><W34/><G34/><T83/><REACH who="0" step="1"/><D78/><REACH who="0" ten="240,250,250,250" step="2"/><U17/><E109/><V1/><F1/><W28/><G131/><T81/><D81/><U128/><E128/><V114/><F114/><W135/><G110/><T10/><D10/><U125/><E125/><V117/><F117/><W61/><G135/><T2/><D2/><U38/><E11/><V7/><F103/><W130/><G130/><T62/><D62/><U127/><E127/><V98/><F100/><W49/><G61/><T124/><D124/><U4/><E8/><N who="2" m="6599" /><F63/><W15/><G133/><T69/><D69/><U40/><E99/><V39/><F39/><W118/><G118/><T16/><AGARI ba="0,1" hai="16,23,26,44,47,51,53,56,58,60,64,83,86,90" machi="16" ten="20,12000,1" yaku="1,1,0,1,7,1,8,1,54,1,53,0" doraHai="134" doraHaiUra="101" who="0" fromWho="0" sc="240,130,250,-40,250,-40,250,-40" /><INIT seed="0,1,0,4,0,111" ten="370,210,210,210" oya="0" hai0="22,28,76,66,79,51,103,83,69,112,5,6,65" hai1="63,12,114,18,30,21,90,74,77,59,97,117,16" hai2="120,98,60,46,130,25,71,85,132,78,53,94,49" hai3="135,0,64,57,17,32,36,125,7,86,43,104,33"/><T109/><D103/><U52/><E117/><V62/><F120/><W45/><G104/><T67/><D69/><U39/><E39/><V4/><F130/><W107/><G107/><T54/><D109/><U131/><E131/><V29/><F132/><W95/><G135/><T9/><D112/><U129/><E129/><V24/><F4/><W27/><G125/><T123/><D123/><U115/><E30/><V44/><F46/><W40/><G40/><T41/><D41/><U68/><E68/><V87/><F71/><W126/><G126/><T110/><D110/><U73/><E77/><N who="0" m="29769" /><D83/><U19/><E19/><V127/><F127/><W37/><G37/><T20/><D9/><U99/><E18/><V100/><F24/><W92/><G17/><T91/><D91/><U105/><E105/><V81/><REACH who="2" step="1"/><F85/><REACH who="2" ten="370,210,200,210" step="2"/><W42/><G27/><N who="0" m="16487" /><D22/><AGARI ba="1,1" hai="22,25,29,44,49,53,60,62,78,81,87,94,98,100" machi="22" ten="30,3900,0" yaku="1,1,7,1,8,1,53,0" doraHai="111" doraHaiUra="35" who="2" fromWho="0" sc="370,-42,210,0,200,52,210,0" /><INIT seed="1,0,0,0,1,96" ten="328,210,252,210" oya="1" hai0="115,83,68,19,94,82,102,81,55,65,130,104,121" hai1="70,1,133,21,100,31,0,43,56,62,59,131,91" hai2="113,39,8,126,54,32,5,109,27,67,101,30,11" hai3="69,118,128,135,106,10,12,78,111,49,114,117,29"/><U120/><E120/><V71/><F109/><W129/><G111/><T61/><D115/><U63/><E70/><V97/><F113/><W48/><G114/><T26/><D121/><U15/><E131/><N who="3" m="50250" /><G69/><T37/><D37/><U73/><E73/><V25/><F126/><W2/><G135/><T105/><D55/><U7/><E133/><V24/><F39/><W84/><G2/><T103/><D130/><U16/><E43/><V64/><F54/><W42/><G106/><T79/><D79/><U58/><E31/><V124/><F124/><W46/><G29/><T88/><D105/><U89/><E100/><V74/><F74/><W40/><G48/><T123/><D104/><U41/><E41/><V6/><F6/><N who="3" m="3159" /><G42/><T47/><D47/><U90/><REACH who="1" step="1"/><E7/><REACH who="1" ten="328,200,252,210" step="2"/><V17/><F5/><W53/><G40/><T3/><D123/><U75/><E75/><V119/><F71/><W95/><G118/><T14/><D103/><U86/><E86/><V18/><F119/><W45/><G117/><T20/><D102/><U99/><E99/><V23/><F30/><W57/><G78/><T110/><D110/><U60/><AGARI ba="0,1" hai="0,1,15,16,21,56,58,59,60,62,63,89,90,91" machi="60" ten="40,12000,1" yaku="1,1,0,1,29,2,54,1,53,0" doraHai="96" doraHaiUra="72" who="1" fromWho="1" sc="328,-40,200,130,252,-40,210,-40" /><INIT seed="1,1,0,2,1,81" ten="288,330,212,170" oya="1" hai0="115,55,24,132,58,30,105,52,113,86,57,96,59" hai1="85,77,133,83,44,97,26,65,130,121,74,41,46" hai2="10,36,67,103,21,6,80,42,37,11,88,70,40" hai3="99,79,7,108,0,4,5,51,94,3,114,34,45"/><U19/><E121/><V126/><F126/><W111/><G114/><T90/><D132/><U53/><E133/><V2/><F103/><W18/><G34/><T1/><D1/><U66/><E130/><V68/><F21/><W76/><G18/><T23/><D96/><U9/><E74/><V123/><F123/><W98/><G51/><T102/><D102/><U78/><E78/><N who="3" m="29738" /><G45/><T120/><D105/><U84/><E97/><N who="3" m="36874" /><G94/><T119/><D119/><U118/><E118/><V61/><F70/><W117/><G117/><T135/><D135/><U93/><E41/><V104/><F104/><W87/><G87/><T107/><D107/><U89/><E44/><V31/><F31/><W128/><G128/><T101/><D101/><U129/><E129/><V127/><F127/><W73/><G73/><T100/><D100/><U64/><E26/><V22/><F22/><W95/><G95/><T17/><D120/><U8/><E19/><V29/><F29/><W20/><G20/><T33/><D115/><U122/><E122/><V13/><F40/><W56/><G56/><T14/><REACH who="0" step="1"/><D113/><REACH who="0" ten="278,330,212,170" step="2"/><U25/><E25/><V72/><F72/><W62/><G0/><T12/><D12/><U125/><E125/><V63/><F13/><W124/><G3/><T106/><D106/><U39/><E39/><V75/><F36/><W43/><G124/><T116/><D116/><U15/><E15/><V49/><F37/><W92/><G111/><T112/><D112/><U48/><AGARI ba="1,1" hai="8,9,46,48,53,64,65,66,77,83,84,85,89,93" machi="48" ten="30,11700,0" yaku="0,1,8,1,52,2" doraHai="81" who="1" fromWho="1" sc="278,-40,330,130,212,-40,170,-40" /><INIT seed="1,2,0,4,3,3" ten="238,460,172,130" oya="1" hai0="13,114,134,42,31,43,92,70,124,85,33,53,133" hai1="77,7,90,61,25,102,56,76,46,81,104,123,86" hai2="39,82,23,127,9,54,111,63,132,28,105,10,117" hai3="107,125,73,94,89,118,66,88,131,115,119,50,120"/><U67/><E123/><V2/><F117/><N who="3" m="44555" /><G120/><T108/><D114/><U60/><E46/><V32/><F105/><W121/><G121/><T75/><D75/><U109/><E109/><V97/><F32/><W78/><G66/><T12/><D70/><U65/><E25/><N who="2" m="16447" /><F39/><W51/><G115/><T22/><D108/><U21/><E21/><V45/><F111/><W126/><G107/><T29/><D33/><U128/><E128/><V26/><F2/><W11/><G131/><T79/><D124/><N who="3" m="47721" /><G11/><T44/><D53/><U59/><E7/><V95/><F127/><W129/><G129/><T106/><D106/><U96/><AGARI ba="2,0" hai="56,59,60,61,65,67,76,77,81,86,90,96,102,104" machi="96" ten="30,3000,0" yaku="0,1,9,1" doraHai="3" who="1" fromWho="1" sc="238,-12,460,36,172,-12,130,-12" /><INIT seed="1,3,0,1,5,23" ten="226,496,160,118" oya="1" hai0="121,49,128,97,108,42,46,55,14,103,129,40,133" hai1="32,117,27,22,26,75,30,57,132,89,3,63,17" hai2="20,74,6,109,12,54,67,86,73,90,81,107,80" hai3="88,116,51,50,48,135,82,38,93,85,130,65,78"/><U33/><E117/><V105/><F67/><W44/><G116/><T127/><D108/><U114/><E114/><V72/><F109/><W29/><G130/><N who="0" m="50283" /><D121/><U36/><E36/><V53/><F80/><W7/><G135/><T87/><D133/><U83/><E3/><V99/><F99/><W28/><G7/><T100/><D127/><U124/><E124/><V52/><REACH who="2" step="1"/><F20/><REACH who="2" ten="226,496,150,118" step="2"/><W96/><REACH who="3" step="1"/><G65/><REACH who="3" ten="226,496,150,108" step="2"/><T76/><D97/><U34/><E132/><V8/><AGARI ba="3,2" hai="6,8,12,52,53,54,72,73,74,81,86,90,105,107" machi="8" ten="40,8000,1" yaku="1,1,2,1,0,1,54,1,53,1" doraHai="23" doraHaiUra="0" who="2" fromWho="2" sc="226,-23,496,-43,150,109,108,-23" /><INIT seed="2,0,0,4,4,54" ten="203,453,259,85" oya="2" hai0="128,132,72,49,106,9,0,28,55,105,71,134,118" hai1="121,131,115,95,34,96,104,75,99,6,48,27,94" hai2="5,122,112,125,8,19,21,91,93,78,32,15,65" hai3="120,12,13,66,90,2,98,73,117,130,36,67,70"/><V18/><F112/><W11/><G117/><T33/><D55/><U60/><E115/><V69/><F122/><W41/><G120/><T64/><D49/><U135/><E75/><V81/><F125/><W82/><G130/><T127/><D64/><U16/><E131/><V100/><F32/><W109/><G109/><T74/><D28/><U113/><E135/><V39/><F39/><W83/><G2/><T38/><D9/><U84/><E6/><V126/><F126/><W57/><G70/><T124/><D71/><U46/><E104/><N who="0" m="40041" /><D0/><U26/><E113/><V103/><F18/><W97/><G41/><T80/><D38/><U76/><E121/><V14/><F65/><W108/><G36/><T40/><D40/><U51/><E60/><V111/><F111/><W107/><G108/><T3/><D3/><U31/><E76/><V4/><F69/><W59/><G107/><T133/><D33/><U79/><E79/><V37/><F37/><W85/><G11/><T43/><D43/><U114/><E114/><V62/><F62/><W1/><G1/><T58/><D128/><U53/><E51/><V68/><F68/><W63/><G63/><T92/><D118/><U25/><E16/><V42/><F42/><W119/><G119/><T10/><D10/><U52/><E53/><V20/><F20/><W17/><G17/><T123/><D123/><U24/><REACH who="1" step="1"/><E84/><REACH who="1" ten="203,443,259,85" step="2"/><N who="2" m="48183" /><F4/><W47/><G67/><T88/><D74/><U23/><E23/><V101/><F91/><W45/><G66/><T35/><D124/><U29/><E29/><V102/><F102/><W116/><G116/><RYUUKYOKU ba="0,1" sc="203,-15,443,15,259,15,85,-15" hai1="24,25,26,27,31,34,46,48,52,94,95,96,99" hai2="5,8,14,15,19,21,93,100,101,103" /><INIT seed="2,1,1,5,4,87" ten="188,458,274,70" oya="2" hai0="28,46,62,21,54,68,33,38,22,88,24,120,61" hai1="74,69,18,130,31,9,80,47,71,96,57,70,117" hai2="41,97,122,116,36,48,35,103,125,27,98,76,99" hai3="119,118,73,106,102,86,85,100,135,129,105,40,49"/><V3/><F116/><W82/><G40/><T7/><D120/><U93/><E117/><N who="3" m="44554" /><G49/><T66/><D7/><U17/><E130/><V34/><F122/><W12/><G12/><T132/><D132/><U77/><E31/><V134/><F36/><W56/><G56/><T101/><D101/><N who="3" m="39017" /><G135/><T89/><D62/><U121/><E121/><V78/><F125/><W45/><G45/><T113/><D113/><U60/><E47/><N who="2" m="25711" /><F34/><W79/><G129/><T26/><D33/><U104/><E104/><AGARI ba="1,1" hai="73,79,82,85,86,104,105,106" m="39017,44554" machi="104" ten="30,2000,0" yaku="34,2" doraHai="87" who="3" fromWho="1" sc="188,0,458,-23,274,0,70,33" /><INIT seed="3,0,0,3,4,5" ten="188,435,274,103" oya="3" hai0="50,35,27,20,94,127,129,130,19,134,24,111,100" hai1="107,86,59,68,7,84,87,42,66,120,31,103,101" hai2="82,1,126,88,117,73,10,119,67,79,53,12,18" hai3="63,2,98,17,95,96,124,14,102,25,36,99,91"/><W76/><G124/><T125/><D50/><U72/><E72/><V71/><F126/><N who="0" m="48138" /><D94/><U118/><E118/><V28/><F28/><W13/><G2/><T54/><D54/><U62/><E31/><V0/><F53/><W113/><G113/><T78/><D78/><U32/><E32/><V121/><F121/><W83/><G36/><T135/><D100/><U61/><E120/><V108/><F108/><W115/><G115/><T60/><D60/><U81/><E42/><V30/><F30/><W40/><G40/><T114/><D114/><U85/><E107/><V75/><F73/><W105/><G63/><T38/><D38/><U23/><E23/><V41/><F41/><W44/><G44/><T22/><D111/><U21/><E21/><V47/><F47/><W52/><G52/><T49/><D49/><U11/><E62/><V109/><F109/><W104/><G104/><T97/><D97/><U74/><E74/><V131/><F67/><W43/><G98/><T132/><D35/><U4/><E68/><V46/><F71/><W122/><G43/><T57/><D57/><U55/><E66/><V6/><F46/><W90/><G122/><T65/><D65/><U128/><E128/><N who="0" m="49257" /><D22/><U56/><E56/><V92/><F131/><W64/><G64/><T37/><D37/><U26/><E26/><AGARI ba="0,0" hai="19,20,24,26,27,132,134,135" m="49257,48138" machi="26" ten="40,32000,5" yakuman="39" doraHai="5" who="0" fromWho="1" sc="188,320,435,-320,274,0,103,0" owari="508,60.8,115,-28.5,274,7.4,103,-39.7" /></mjloggm>