<mjloggm ver="2.3"><GO type="225" lobby="0"/><UN n0="%4B%2E%32%2E%4B%2E" n1="%E6%80%AA%E3%81%97%E3%81%99%E3%81%8E%E3%82%8B%E3%83%81%E3%83%BC" n2="%E6%A0%B9%E5%85%83%E3%81%8B%E3%82%89%E5%90%B9%E3%81%A3%E9%A3%9B%E3%81%B6" n3="%73%75%7A%75%6D%65%33" dan="16,16,17,17" rate="2106.24,2181.58,2198.43,2240.95" sx="M,M,F,M"/><TAIKYOKU oya="0"/><INIT seed="0,0,0,4,3,82" ten="250,250,250,250" oya="0" hai0="76,10,91,43,118,71,114,98,87,38,109,25,49" hai1="37,133,135,100,123,72,113,70,20,74,31,50,104" hai2="93,46,68,77,0,54,61,66,16,12,22,1,121" hai3="122,78,52,69,60,9,41,32,81,11,26,128,2"/><T85/><D38/><U35/><E37/><V7/><F121/><W36/><G122/><T24/><D114/><U57/><E123/><V39/><F77/><W56/><G128/><T53/><D118/><U63/><E70/><V132/><F132/><N who="1" m="50761" /><E35/><V119/><F119/><W130/><G130/><T103/><D71/><U23/><E50/><V79/><F79/><W84/><G2/><T15/><D43/><U115/><E100/><V18/><F7/><W131/><G131/><T99/><D76/><U90/><E90/><V19/><F19/><W42/><G69/><T117/><D103/><U102/><E102/><V59/><F93/><W94/><G36/><T101/><D101/><U14/><E104/><V127/><F127/><W111/><G111/><T88/><D109/><U33/><E14/><V65/><F65/><W73/><G73/><N who="1" m="28266" /><E33/><V80/><F80/><W129/><G129/><T51/><D117/><U21/><E31/><V45/><F45/><W55/><G94/><N who="0" m="54639" /><D49/><U62/><E62/><V4/><F4/><W3/><G3/><T13/><D13/><U107/><E107/><V48/><F18/><W28/><REACH who="3" step="1"/><G55/><AGARI ba="0,0" hai="20,21,23,55,57,63,113,115" m="28266,50761" machi="55" ten="40,1300,0" yaku="20,1" doraHai="82" who="1" fromWho="3" sc="250,0,250,13,250,0,250,-13" /><INIT seed="1,0,0,5,1,2" ten="250,263,250,237" oya="1" hai0="89,127,103,64,135,126,21,9,94,14,76,90,73" hai1="54,52,111,115,119,95,123,130,92,75,85,4,91" hai2="42,10,18,37,17,53,29,65,128,116,32,7,93" hai3="96,131,121,117,43,110,49,36,15,48,19,33,47"/><U59/><E115/><V125/><F116/><W98/><G117/><T82/><D135/><U11/><E75/><V34/><F125/><N who="0" m="47626" /><D64/><U104/><E119/><V109/><F109/><W31/><G110/><T56/><D56/><U71/><E111/><V84/><F128/><W23/><G131/><T5/><D21/><U86/><E130/><V50/><F65/><W74/><G74/><T22/><D22/><U97/><E71/><V122/><F122/><W24/><G121/><T81/><D81/><U107/><E123/><V62/><F62/><W39/><REACH who="3" step="1"/><G49/><REACH who="3" ten="250,263,250,227" step="2"/><T30/><D30/><U114/><E114/><V112/><F29/><W88/><G88/><T45/><D45/><U58/><E91/><V26/><F50/><W118/><G118/><T44/><D44/><U61/><E61/><V124/><F124/><W28/><G28/><T0/><D0/><U46/><E46/><V67/><F112/><W57/><G57/><T12/><D90/><U20/><E58/><V77/><F32/><W100/><G100/><T55/><D103/><U38/><E59/><V63/><F34/><W134/><G134/><T6/><D89/><U72/><E72/><V113/><F63/><W35/><G35/><T108/><D108/><U16/><E86/><V25/><F113/><W129/><G129/><T101/><D101/><U99/><E85/><V78/><F67/><W102/><G102/><T105/><D105/><U40/><E104/><V41/><F84/><W68/><G68/><T8/><D94/><U60/><E107/><V120/><F93/><W66/><G66/><T3/><D3/><RYUUKYOKU ba="0,1" sc="250,15,263,-15,250,-15,227,15" hai0="5,6,8,9,12,14,55,73,76,82" hai3="15,19,23,24,31,33,36,39,43,47,48,96,98" /><INIT seed="2,1,1,0,2,108" ten="265,248,235,242" oya="2" hai0="85,103,40,75,122,74,80,1,132,56,11,88,27" hai1="87,97,19,135,55,18,106,119,59,70,65,95,62" hai2="73,110,68,8,42,45,71,2,118,12,115,47,100" hai3="124,61,38,83,78,21,28,104,116,130,14,34,53"/><V129/><F118/><W44/><G116/><T29/><D122/><U57/><E119/><V82/><F110/><W17/><G104/><T25/><D132/><U49/><E135/><V31/><F100/><W9/><G130/><T58/><D103/><U37/><E106/><V4/><F129/><W10/><G124/><T111/><D111/><U7/><E37/><N who="2" m="21711" /><F31/><W54/><G38/><T64/><D40/><U126/><E126/><V6/><F47/><W121/><G121/><T24/><D29/><U107/><E107/><V16/><F6/><W51/><G34/><T39/><D39/><U81/><E7/><V77/><F115/><W102/><G102/><T113/><D113/><U26/><E26/><V90/><F90/><W79/><G28/><T48/><D48/><U93/><E70/><V15/><F15/><W117/><G117/><T60/><REACH who="0" step="1"/><D56/><REACH who="0" ten="255,248,235,242" step="2"/><U105/><E57/><V32/><F32/><W98/><G51/><T63/><D63/><U94/><E59/><V30/><F30/><W3/><G61/><T20/><D20/><AGARI ba="1,2" hai="2,4,8,12,16,20,68,71,73,77,82" m="21711" machi="20" ten="30,2900,0" yaku="25,1,54,1" doraHai="108" who="2" fromWho="0" sc="255,-32,248,0,235,52,242,0" /><INIT seed="2,2,0,1,3,41" ten="223,248,287,242" oya="2" hai0="111,91,55,63,53,99,96,31,42,33,61,56,47" hai1="123,62,85,25,46,45,131,30,38,57,103,32,50" hai2="90,130,89,5,104,21,48,26,124,34,83,74,15" hai3="19,12,134,86,121,92,87,39,28,51,1,115,108"/><V66/><F124/><W102/><G39/><T23/><D33/><U118/><E118/><V133/><F130/><W3/><G121/><T80/><D111/><U27/><E131/><V113/><F104/><W128/><G108/><T84/><D42/><U135/><E123/><V35/><F113/><W73/><G73/><T76/><D76/><U17/><E38/><V0/><F133/><W7/><G128/><T13/><D13/><U95/><E135/><V67/><F5/><W132/><G115/><T98/><D47/><N who="1" m="17931" /><E32/><V8/><F0/><W9/><G28/><T37/><D37/><U125/><E50/><V59/><F15/><W77/><G51/><T119/><D119/><U109/><E109/><V112/><F8/><W110/><G110/><T64/><REACH who="0" step="1"/><D63/><REACH who="0" ten="213,248,287,242" step="2"/><U122/><E62/><N who="2" m="38239" /><F34/><W6/><G134/><T75/><D75/><U72/><E122/><V29/><F74/><W120/><G132/><T105/><D105/><U20/><E72/><V78/><F35/><W4/><G120/><T43/><D43/><U114/><E114/><V68/><F78/><W127/><G1/><T101/><D101/><U79/><E103/><V11/><F112/><W58/><G3/><T22/><D22/><N who="1" m="15671" /><E125/><V44/><F44/><W117/><G127/><T49/><D49/><U10/><E79/><V60/><F48/><W52/><G77/><T65/><D65/><U71/><E10/><V40/><F11/><W100/><G117/><T14/><D14/><U69/><E57/><V81/><F40/><W106/><G106/><T93/><D93/><U116/><E116/><V54/><F67/><RYUUKYOKU ba="2,1" sc="213,15,248,15,287,-15,242,-15" hai0="23,31,53,55,56,61,64,80,84,91,96,98,99" hai1="17,20,27,69,71,85,95" /><INIT seed="3,3,1,2,2,90" ten="228,263,272,227" oya="3" hai0="79,21,18,15,104,42,10,38,108,0,107,73,133" hai1="85,95,82,102,43,115,7,65,130,72,1,67,109" hai2="77,123,96,51,28,122,24,88,83,121,4,126,119" hai3="9,29,8,91,40,58,34,50,49,75,78,94,45"/><W80/><G34/><T25/><D108/><U62/><E115/><V33/><F119/><W89/><G89/><T61/><D133/><U70/><E109/><V110/><F126/><W116/><G29/><T74/><D0/><U132/><E132/><V19/><F4/><W5/><G116/><T13/><D13/><U125/><E130/><V76/><F110/><W86/><G58/><T113/><D113/><U57/><E125/><V55/><F19/><W11/><REACH who="3" step="1"/><G50/><REACH who="3" ten="228,263,272,217" step="2"/><T23/><D61/><U37/><E57/><V134/><F134/><W20/><G20/><T46/><D21/><U106/><E62/><V59/><F51/><W66/><G66/><T63/><D63/><U54/><E65/><V3/><F59/><W14/><AGARI ba="3,2" hai="5,8,9,11,14,40,45,49,75,78,80,86,91,94" machi="14" ten="20,7800,0" yaku="1,1,0,1,7,1,52,1,53,0" doraHai="90" doraHaiUra="135" who="3" fromWho="3" sc="228,-29,263,-29,272,-29,217,107" owari="199,-30.1,234,-16.6,243,4.3,324,42.4" /></mjloggm>