<mjloggm ver="2.3"><GO type="225" lobby="0"/><UN n0="%54%4F%52" n1="%E9%80%9F%E6%B0%B4%E5%87%9B%E9%A6%99" n2="%E3%81%AA%E3%81%A1%30%39%32%37" n3="%E3%81%9D%E3%81%8A%E3%81%9D%E3%81%9D" dan="17,16,16,16" rate="2227.76,2123.13,2051.16,2083.67" sx="M,F,M,M"/><TAIKYOKU oya="0"/><INIT seed="0,0,0,0,2,71" ten="250,250,250,250" oya="0" hai0="88,98,133,48,135,107,46,94,82,78,11,70,58" hai1="57,99,75,36,87,8,106,100,102,126,23,52,103" hai2="2,13,32,69,81,37,109,22,101,105,65,74,115" hai3="114,31,86,110,3,40,61,93,73,34,119,12,118"/><T95/><D70/><U96/><E75/><V43/><F115/><W28/><G73/><N who="0" m="43343" /><D58/><U9/><E126/><V122/><F13/><W41/><G86/><N who="0" m="52503" /><D11/><N who="1" m="4171" /><E106/><V64/><F22/><W128/><G93/><T42/><D95/><U90/><E36/><V84/><F32/><W83/><G61/><T19/><D19/><U66/><E66/><V35/><F35/><W62/><G62/><T60/><D60/><N who="1" m="35879" /><E23/><V29/><F64/><W113/><G3/><T91/><D91/><U7/><E7/><V1/><F65/><W104/><G34/><T44/><D44/><U72/><E72/><V120/><F74/><W26/><G26/><T108/><D108/><U67/><E67/><V129/><F109/><W132/><G110/><T123/><D123/><U63/><E63/><V47/><F69/><W55/><G12/><T33/><D33/><U117/><E117/><V125/><F2/><W112/><G119/><T121/><D121/><U45/><E45/><V30/><F1/><W56/><G118/><T80/><D80/><AGARI ba="0,0" hai="80,87,90,96,99,100,102,103" m="35879,4171" machi="80" ten="30,2000,0" yaku="8,1,54,1" doraHai="71" who="1" fromWho="0" sc="250,-20,250,20,250,0,250,0" /><INIT seed="1,0,0,5,4,60" ten="230,270,250,250" oya="1" hai0="18,33,5,90,69,91,122,29,82,8,102,12,106" hai1="7,53,112,15,81,93,126,113,92,135,34,40,127" hai2="77,9,4,14,57,31,41,23,1,97,52,133,84" hai3="114,3,66,62,42,25,67,38,99,36,44,116,123"/><U73/><E34/><V49/><F133/><W21/><G123/><T61/><D122/><U76/><E40/><V98/><F1/><W27/><G114/><N who="1" m="44138" /><E53/><V30/><F41/><W48/><G3/><T24/><D82/><U74/><E15/><V86/><F23/><W17/><G116/><T110/><D110/><U55/><E55/><V131/><F131/><W111/><G111/><T70/><D70/><U10/><E10/><V19/><F19/><W47/><G47/><T115/><D115/><U128/><E7/><V39/><F39/><W96/><G27/><T125/><D125/><N who="1" m="47627" /><E135/><V88/><F86/><W6/><G6/><T89/><D5/><U132/><E132/><V46/><F77/><W32/><G32/><T79/><D79/><U121/><E121/><V87/><F87/><W100/><G38/><T50/><D50/><U80/><E128/><V120/><F120/><W0/><G0/><T107/><REACH who="0" step="1"/><D102/><REACH who="0" ten="220,270,250,250" step="2"/><U11/><E81/><N who="2" m="49167" /><F46/><W16/><G44/><T117/><D117/><U134/><E134/><V51/><F51/><W129/><G48/><T65/><AGARI ba="0,1" hai="8,12,18,24,29,33,61,65,69,89,90,91,106,107" machi="65" ten="30,7900,0" yaku="1,1,0,1,52,1,53,1" doraHai="60" doraHaiUra="22" who="0" fromWho="0" sc="220,89,270,-39,250,-20,250,-20" /><INIT seed="2,0,0,2,5,84" ten="309,231,230,230" oya="2" hai0="99,118,101,26,92,53,6,93,55,88,61,14,112" hai1="0,1,102,94,18,12,82,86,122,49,121,29,109" hai2="135,125,27,85,39,59,81,47,62,42,104,133,97" hai3="11,75,106,103,115,34,90,54,7,41,9,64,126"/><V48/><F125/><W57/><G34/><T66/><D112/><U114/><E29/><V40/><F104/><W43/><G64/><T113/><D113/><U23/><E114/><V132/><F97/><W19/><G75/><T89/><D118/><U24/><E24/><V58/><F27/><W79/><G79/><T65/><D26/><U71/><E71/><V127/><F127/><W52/><G106/><T16/><D6/><U77/><E109/><V46/><REACH who="2" step="1"/><F62/><REACH who="2" ten="309,231,220,230" step="2"/><W2/><G126/><T31/><D101/><U68/><E122/><V51/><F51/><W60/><G103/><T4/><D61/><U30/><E121/><V3/><F3/><W73/><G60/><T130/><D99/><U36/><E49/><V13/><F13/><W20/><G2/><T134/><D14/><U91/><E0/><V87/><F87/><W110/><G115/><T10/><D31/><U78/><E1/><V96/><F96/><W108/><G110/><T105/><D105/><U44/><E30/><V95/><F95/><W56/><G108/><T124/><D124/><U15/><E102/><V83/><F83/><W25/><G25/><T131/><D92/><U72/><E94/><V116/><F116/><W8/><G73/><T123/><D93/><U21/><E72/><V129/><F129/><W17/><G90/><AGARI ba="0,1" hai="39,40,42,46,47,48,58,59,81,85,90,132,133,135" machi="90" ten="40,7700,0" yaku="1,1,20,1,52,1,53,0" doraHai="84" doraHaiUra="28" who="2" fromWho="3" sc="309,0,231,0,220,87,230,-77" /><INIT seed="2,1,0,0,4,85" ten="309,231,307,153" oya="2" hai0="110,96,4,124,127,101,83,126,12,34,2,114,82" hai1="106,102,119,98,128,112,53,81,122,71,31,107,131" hai2="45,17,5,14,88,91,66,62,109,78,132,117,16" hai3="13,87,27,40,111,46,129,7,115,121,49,72,18"/><V134/><F117/><W19/><G72/><T33/><D2/><U67/><E31/><V135/><F109/><W125/><G111/><T43/><D110/><U73/><E67/><V30/><F78/><W42/><G121/><T104/><D114/><U22/><E22/><N who="2" m="11543" /><F30/><W63/><G115/><T50/><D82/><U116/><E71/><N who="2" m="42455" /><F5/><W100/><G129/><N who="1" m="49738" /><E53/><V99/><F99/><W38/><G125/><T92/><D83/><U123/><E112/><V60/><F60/><W55/><G38/><T105/><D4/><U11/><E11/><V9/><F45/><W1/><G1/><T61/><D12/><AGARI ba="1,0" hai="9,12,17,88,91,132,134,135" m="42455,11543" machi="12" ten="30,12000,1" yaku="20,1,52,2,54,2" doraHai="85" who="2" fromWho="0" sc="309,-123,231,0,307,123,153,0" /><INIT seed="2,2,0,2,5,19" ten="186,231,430,153" oya="2" hai0="46,92,124,68,110,48,34,11,70,102,5,39,118" hai1="98,26,8,33,62,2,38,42,45,97,87,133,121" hai2="86,103,129,80,130,53,61,116,56,100,22,83,135" hai3="31,36,43,40,119,14,60,107,23,89,44,52,82"/><V113/><F113/><W91/><G119/><T71/><D118/><U63/><E133/><V73/><F116/><W132/><G132/><T95/><D34/><U109/><E109/><V49/><F135/><W94/><G107/><T4/><D110/><U122/><E87/><V134/><F134/><W57/><G43/><T104/><D39/><U114/><E114/><V126/><F126/><W7/><G82/><T28/><D28/><N who="1" m="19607" /><E2/><V85/><F73/><W15/><G7/><T64/><D64/><U112/><E8/><V90/><F61/><N who="1" m="23049" /><E112/><V35/><F35/><W72/><G72/><T21/><D124/><U69/><E69/><V79/><REACH who="2" step="1"/><F22/><REACH who="2" ten="186,231,420,153" step="2"/><W115/><G115/><T84/><D21/><U51/><E38/><V50/><F50/><W9/><G23/><T1/><D48/><U32/><E32/><V66/><F66/><W20/><G20/><T30/><D70/><U58/><E58/><V75/><F75/><W13/><G57/><T125/><D68/><U27/><E51/><V18/><F18/><W76/><G36/><T6/><D71/><U65/><E65/><V25/><F25/><W128/><G31/><T12/><D30/><U101/><E27/><V105/><F105/><W17/><G17/><T106/><D125/><U37/><E37/><V81/><F81/><W59/><G59/><T127/><D127/><U96/><E45/><V99/><F99/><W16/><G44/><T111/><D46/><U88/><E101/><AGARI ba="2,1" hai="49,53,56,79,80,83,85,86,90,100,101,103,129,130" machi="101" ten="40,2000,0" yaku="1,1,53,0" doraHai="19" doraHaiUra="67" who="2" fromWho="1" sc="186,0,231,-26,420,36,153,0" /><INIT seed="2,3,0,5,5,122" ten="186,205,456,153" oya="2" hai0="17,74,109,67,42,48,46,78,105,0,101,64,93" hai1="82,97,47,124,39,19,94,99,121,29,50,35,34" hai2="95,32,6,127,15,117,68,63,69,103,85,88,129" hai3="9,33,66,110,114,91,123,2,3,102,119,83,49"/><V10/><F117/><W7/><G119/><T37/><D105/><U89/><E39/><V106/><F32/><W40/><G123/><T13/><D0/><U96/><E124/><V28/><F127/><W51/><G33/><T70/><D37/><U14/><E121/><V56/><F129/><W44/><G114/><T131/><D131/><U43/><E29/><V41/><F28/><W11/><G102/><T98/><D70/><U134/><E134/><V5/><F41/><W27/><G66/><T55/><D42/><U86/><REACH who="1" step="1"/><E82/><REACH who="1" ten="186,195,456,153" step="2"/><V21/><F69/><W120/><G83/><T58/><D109/><U65/><E65/><V132/><F68/><W54/><G110/><T38/><D38/><U25/><E25/><V76/><F132/><W4/><G27/><T23/><D67/><U73/><E73/><V100/><F100/><W71/><G71/><T75/><D75/><U128/><E128/><V115/><F103/><W77/><G120/><T26/><D64/><U92/><E92/><V20/><F95/><W118/><G118/><T31/><D74/><U133/><E133/><V61/><F106/><W24/><G24/><T126/><D126/><U1/><E1/><V104/><F104/><W111/><G111/><T113/><D26/><U125/><E125/><V90/><F15/><W45/><G2/><T30/><D31/><U36/><E36/><V52/><F115/><W8/><G3/><T62/><D30/><U57/><E57/><V135/><F56/><W81/><G81/><T87/><D113/><U108/><E108/><V60/><F135/><W116/><G116/><RYUUKYOKU ba="3,1" sc="186,-10,195,30,456,-10,153,-10" hai1="14,19,34,35,43,47,50,86,89,94,96,97,99" /><INIT seed="3,4,1,5,5,128" ten="176,225,446,143" oya="3" hai0="109,57,34,37,59,29,1,132,92,66,121,52,87" hai1="55,20,82,12,31,112,71,119,130,26,0,95,4" hai2="105,133,104,83,8,73,77,49,58,100,127,117,84" hai3="51,39,9,89,74,76,113,125,111,24,47,75,14"/><W41/><G113/><T46/><D121/><U80/><E71/><V70/><F70/><W122/><G122/><T91/><D1/><U88/><E112/><V124/><F133/><W72/><G125/><N who="2" m="48201" /><F117/><W123/><G123/><T108/><D132/><U103/><E130/><V13/><F100/><W36/><G76/><T63/><D29/><U28/><E0/><V33/><F33/><W134/><G134/><T68/><D34/><U120/><E31/><V35/><F35/><W25/><G89/><T53/><D59/><U90/><E90/><V50/><F73/><W102/><G102/><T107/><D107/><N who="2" m="41034" /><F58/><W85/><G85/><T10/><D10/><N who="1" m="4167" /><E119/><V116/><F116/><W86/><G86/><T23/><D23/><U27/><E27/><V131/><F131/><W110/><G25/><T135/><D135/><U32/><E55/><V97/><F97/><W67/><G24/><T16/><D16/><AGARI ba="4,1" hai="8,13,16,49,50,77,83,84" m="41034,48201" machi="16" ten="30,2000,0" yaku="18,1,54,1" doraHai="128" who="2" fromWho="0" sc="176,-32,225,0,446,42,143,0" owari="144,-25.6,225,2.5,488,58.8,143,-35.7" /></mjloggm>