<mjloggm ver="2.3"><GO type="225" lobby="0"/><UN n0="%E6%98%93%E5%88%A9%E8%96%A9%E4%BC%AF" n1="%E5%84%AA%40%41%42%43" n2="%6D%75%75%6D%75%72%61" n3="%72%69%6F%75%63%68%61%6E" dan="16,17,17,17" rate="2084.17,2173.18,2147.36,2186.04" sx="F,M,F,M"/><TAIKYOKU oya="0"/><INIT seed="0,0,0,2,1,63" ten="250,250,250,250" oya="0" hai0="76,40,115,121,82,45,51,36,68,50,19,21,48" hai1="90,20,2,8,1,35,92,133,28,11,61,95,5" hai2="135,41,18,29,99,24,93,4,89,132,58,81,87" hai3="80,86,22,0,34,33,38,119,26,25,123,7,73"/><T124/><D115/><U60/><E133/><V71/><F71/><W102/><G119/><T108/><D121/><U130/><E130/><V44/><F4/><W113/><G113/><T37/><D124/><U13/><E92/><V3/><F3/><W109/><G109/><T49/><D68/><U77/><E77/><V32/><F18/><W39/><G73/><T127/><D127/><U72/><E72/><V101/><REACH who="2" step="1"/><F58/><REACH who="2" ten="250,250,240,250" step="2"/><W42/><G7/><T97/><D108/><U126/><E126/><V85/><F85/><W65/><G86/><T98/><D97/><U104/><E1/><V75/><F75/><W131/><G0/><T57/><D98/><U66/><E2/><V14/><F14/><W110/><G110/><T88/><D57/><U84/><E5/><V107/><F107/><W120/><G120/><T106/><D106/><U100/><E13/><V62/><F62/><W27/><G123/><T52/><D19/><U59/><E60/><V69/><F69/><W103/><G131/><T94/><D45/><U54/><E104/><V114/><F114/><W70/><G70/><T91/><D40/><U16/><E16/><V17/><F17/><W55/><G42/><T125/><D125/><U128/><E128/><V74/><F74/><W43/><G43/><T79/><D37/><AGARI ba="0,1" hai="24,29,32,37,41,44,81,87,89,93,99,101,132,135" machi="37" ten="40,2600,0" yaku="1,1,53,1" doraHai="63" doraHaiUra="83" who="2" fromWho="0" sc="250,-26,250,0,240,36,250,0" /><INIT seed="1,0,0,2,4,54" ten="224,250,276,250" oya="1" hai0="87,44,53,24,50,104,96,72,56,127,17,14,57" hai1="88,21,58,115,80,116,67,34,11,66,86,93,112" hai2="6,111,13,64,77,7,59,123,89,82,29,70,25" hai3="103,106,133,27,129,128,81,18,4,32,15,46,78"/><U113/><E34/><V74/><F123/><W135/><G4/><T45/><D72/><U60/><E116/><V2/><F2/><W28/><G46/><T30/><D127/><U5/><E21/><V131/><F70/><W114/><G114/><T69/><D69/><U52/><REACH who="1" step="1"/><E80/><REACH who="1" ten="224,240,276,250" step="2"/><V49/><F82/><W19/><G81/><T79/><D79/><U117/><E117/><V108/><F77/><W12/><G78/><T83/><D83/><U8/><E8/><V91/><F108/><W48/><G32/><T47/><D87/><U65/><E65/><V84/><F64/><W130/><G130/><T40/><D40/><U105/><E105/><V125/><F84/><W94/><G106/><T20/><D104/><U9/><E9/><V3/><F111/><W31/><G129/><T76/><D76/><U61/><E61/><V100/><F131/><W71/><G128/><T33/><REACH who="0" step="1"/><D96/><REACH who="0" ten="214,240,276,250" step="2"/><U132/><E132/><V68/><F74/><W26/><G135/><T36/><D36/><U37/><E37/><V92/><F125/><W16/><G133/><T23/><D23/><U41/><E41/><V95/><F95/><W102/><G94/><T43/><D43/><U121/><E121/><V73/><F92/><W97/><G97/><T38/><D38/><U98/><E98/><V39/><F39/><W75/><G75/><T119/><D119/><U101/><E101/><V0/><F73/><W63/><G103/><T35/><D35/><U90/><E90/><V85/><F100/><W126/><G102/><T99/><D99/><U42/><E42/><V107/><F89/><RYUUKYOKU ba="0,2" sc="214,15,240,15,276,-15,250,-15" hai0="14,17,20,24,30,33,44,45,47,50,53,56,57" hai1="5,11,52,58,60,66,67,86,88,93,112,113,115" /><INIT seed="1,1,2,0,3,98" ten="229,255,261,235" oya="1" hai0="124,39,63,17,53,90,104,107,60,27,70,68,32" hai1="131,77,118,67,56,38,24,117,71,120,15,1,72" hai2="13,127,78,82,119,116,126,49,41,33,4,64,35" hai3="52,103,94,19,75,85,109,108,101,55,37,69,50"/><U34/><E15/><V125/><F64/><W76/><G37/><T10/><D39/><U21/><E21/><V2/><F2/><W81/><G69/><T25/><D10/><U62/><E56/><V112/><F112/><W123/><G123/><T46/><D46/><U133/><E120/><V57/><F4/><W29/><G29/><T66/><D90/><U110/><E131/><V100/><F13/><W113/><G113/><T5/><D53/><N who="3" m="20553" /><G50/><T0/><D0/><U102/><E133/><V83/><F57/><W61/><G61/><T36/><D36/><U122/><E122/><V9/><F9/><W3/><G3/><T8/><D8/><U54/><E54/><V106/><F49/><W111/><G19/><T12/><D12/><U51/><E51/><V87/><F41/><W65/><G65/><T105/><D5/><U132/><E132/><V7/><F7/><W92/><G92/><T130/><D107/><U42/><E1/><V74/><F35/><W79/><G76/><T59/><D59/><U84/><E42/><V26/><F26/><W31/><G31/><T14/><D14/><U48/><E38/><V6/><F33/><W129/><G129/><T20/><D130/><U135/><E48/><V114/><F6/><W45/><G45/><T134/><D134/><U97/><E135/><V47/><F47/><W28/><G28/><T89/><D32/><U115/><E115/><V88/><F114/><W91/><AGARI ba="1,2" hai="75,79,81,85,91,94,101,103,108,109,111" m="20553" machi="91" ten="40,8000,1" yaku="14,1,52,2,54,1" doraHai="98" who="3" fromWho="3" sc="229,-21,255,-41,261,-21,235,103" /><INIT seed="2,0,0,3,4,50" ten="208,214,240,338" oya="2" hai0="28,20,121,43,64,18,14,112,15,109,101,131,41" hai1="77,49,55,119,12,113,35,86,52,53,100,56,90" hai2="79,99,84,78,96,83,54,10,9,88,118,132,39" hai3="127,98,30,7,62,102,81,26,69,0,2,71,89"/><V104/><F118/><W47/><G127/><T22/><D121/><U63/><E119/><V17/><F39/><W93/><G47/><T130/><D112/><U115/><E35/><V91/><F104/><W106/><G81/><T66/><D101/><U19/><E100/><V38/><F38/><W70/><G62/><T59/><D59/><N who="1" m="35303" /><E77/><N who="2" m="29195" /><F132/><W87/><REACH who="3" step="1"/><G7/><REACH who="3" ten="208,214,240,328" step="2"/><T110/><REACH who="0" step="1"/><D18/><REACH who="0" ten="198,214,240,328" step="2"/><U122/><E115/><V6/><F17/><W33/><AGARI ba="0,2" hai="0,2,26,30,33,69,70,71,87,89,93,98,102,106" machi="33" ten="30,4000,0" yaku="1,1,2,1,0,1,53,0" doraHai="50" doraHaiUra="111" who="3" fromWho="3" sc="198,-10,214,-10,240,-20,328,60" /><INIT seed="3,0,0,0,2,13" ten="188,204,220,388" oya="3" hai0="105,31,87,109,52,120,21,40,36,111,128,10,37" hai1="9,44,62,41,125,70,49,93,130,39,51,84,103" hai2="101,67,79,95,88,25,26,1,133,61,71,81,117" hai3="43,72,122,83,12,23,50,24,6,75,28,69,17"/><W56/><G69/><T0/><D120/><U3/><E125/><V29/><F117/><W121/><G6/><N who="0" m="1351" /><D105/><U14/><E3/><V66/><F133/><W86/><G75/><T129/><D40/><U131/><E70/><V58/><F1/><W33/><G72/><T94/><D94/><U96/><E84/><N who="2" m="48191" /><F71/><W102/><G102/><T74/><D87/><U112/><E62/><V65/><F101/><W38/><G38/><T134/><D74/><U35/><E35/><V48/><F48/><W47/><G56/><T114/><D114/><U118/><E118/><V34/><F34/><W57/><G57/><T127/><D134/><U22/><E22/><N who="2" m="15543" /><F26/><W100/><G100/><T15/><D127/><U115/><E51/><V77/><F77/><AGARI ba="0,0" hai="12,17,23,24,28,33,43,47,50,77,83,86,121,122" machi="77" ten="30,2900,0" yaku="7,1,52,1" doraHai="13" who="3" fromWho="2" sc="188,0,204,0,220,-29,388,29" owari="188,-31.2,204,0.4,191,-20.9,417,51.7" /></mjloggm>