<mjloggm ver="2.3"><GO type="225" lobby="0"/><UN n0="%61%6D%65%6B%69" n1="%E3%83%81%E3%83%AF%E3%83%AF%E9%9A%8A%E9%95%B7" n2="%E6%9D%B1%E9%A2%A8%E3%81%AE%E3%81%8D%E3%82%83%E3%81%B7%E3%81%95%E3%82%93" n3="%E5%A4%9C%E3%81%AE%E3%82%AC%E3%82%B9%E3%83%91%E3%83%BC%E3%83%AB" dan="16,17,17,17" rate="2088.70,2190.93,2180.03,2188.41" sx="M,M,M,M"/><TAIKYOKU oya="0"/><INIT seed="0,0,0,5,2,127" ten="250,250,250,250" oya="0" hai0="56,22,15,18,36,112,25,103,46,123,45,58,106" hai1="34,53,92,97,13,41,95,8,37,119,31,27,14" hai2="44,20,0,60,79,90,80,17,11,66,4,28,117" hai3="98,6,113,47,87,69,61,1,133,121,130,33,109"/><T59/><D112/><U3/><E119/><V49/><F117/><W102/><G113/><T71/><D71/><U62/><E3/><V32/><F90/><W104/><G109/><T134/><D123/><U16/><E37/><V23/><F32/><W38/><G87/><T129/><D36/><U73/><E73/><V57/><F28/><W67/><G133/><T54/><D134/><U132/><E132/><V68/><F68/><W39/><G121/><T99/><D54/><U75/><E75/><V7/><F17/><W12/><G12/><T100/><D100/><U135/><E135/><V91/><F91/><W21/><G21/><T118/><D118/><U115/><E115/><V78/><F7/><W19/><G19/><T35/><REACH who="0" step="1"/><D129/><REACH who="0" ten="240,250,250,250" step="2"/><U116/><E116/><V30/><F30/><AGARI ba="0,1" hai="15,18,22,25,30,35,45,46,56,58,59,99,103,106" machi="30" ten="40,3900,0" yaku="1,1,2,1,53,0" doraHai="127" doraHaiUra="50" who="0" fromWho="2" sc="240,49,250,0,250,-39,250,0" /><INIT seed="0,1,0,0,5,9" ten="289,250,211,250" oya="0" hai0="59,98,133,84,14,92,0,13,96,110,101,100,23" hai1="48,118,41,64,38,49,29,20,78,97,70,62,58" hai2="77,54,27,73,30,115,33,128,26,87,63,7,71" hai3="106,35,111,32,68,36,123,21,121,74,122,57,85"/><T95/><D0/><U18/><E118/><V61/><F115/><W11/><G111/><T86/><D110/><U16/><E78/><V80/><F128/><W53/><G68/><T109/><D109/><U19/><E70/><V2/><F26/><W69/><G69/><T34/><D34/><U46/><REACH who="1" step="1"/><E97/><REACH who="1" ten="289,240,211,250" step="2"/><V103/><F71/><W119/><G119/><T130/><D130/><U12/><E12/><N who="0" m="4713" /><D133/><U117/><E117/><V131/><F131/><W108/><G108/><T52/><D23/><U37/><E37/><V66/><F77/><W135/><G135/><T89/><D101/><U39/><E39/><V10/><F103/><W105/><G36/><T25/><D25/><AGARI ba="1,1" hai="16,18,19,20,25,29,38,41,46,48,49,58,62,64" machi="25" ten="40,2600,0" yaku="1,1,54,1,53,0" doraHai="9" doraHaiUra="91" who="1" fromWho="0" sc="289,-29,240,39,211,0,250,0" /><INIT seed="1,0,0,3,2,78" ten="260,279,211,250" oya="1" hai0="5,42,106,135,120,55,86,4,37,98,13,43,117" hai1="25,70,30,17,90,51,110,46,108,9,131,121,72" hai2="100,82,77,64,130,104,2,19,57,85,44,47,61" hai3="99,32,87,62,29,41,76,122,3,54,24,27,115"/><U113/><E121/><V118/><F118/><W134/><G122/><T34/><D34/><U60/><E113/><V88/><F130/><W73/><G115/><T75/><D75/><U112/><E112/><V63/><F2/><W129/><G73/><T23/><D117/><U15/><E131/><V111/><F111/><N who="1" m="42537" /><E72/><V80/><F104/><W83/><G134/><T124/><D135/><U18/><E90/><V128/><F100/><W67/><G129/><T123/><D124/><U48/><E17/><V127/><F127/><W68/><G3/><T79/><D120/><U39/><E39/><V20/><F128/><W74/><G74/><T94/><D37/><U16/><E18/><V81/><F61/><W114/><G114/><T56/><D106/><U65/><E46/><N who="2" m="17451" /><F77/><W53/><G41/><N who="0" m="15371" /><D23/><AGARI ba="0,0" hai="9,15,16,23,25,30,48,51,60,65,70" m="42537" machi="23" ten="30,5800,0" yaku="14,1,10,1,54,1" doraHai="78" who="1" fromWho="0" sc="260,-58,279,58,211,0,250,0" /><INIT seed="1,1,0,0,3,16" ten="202,337,211,250" oya="1" hai0="113,45,7,93,14,73,72,42,88,122,128,129,10" hai1="83,86,31,53,8,124,68,22,96,74,67,135,76" hai2="37,108,28,5,106,94,17,104,121,44,27,120,59" hai3="132,6,112,56,1,36,71,134,20,40,125,49,60"/><U41/><E124/><V63/><F5/><W115/><G6/><T55/><D113/><N who="3" m="43593" /><G1/><T80/><D122/><U57/><E135/><N who="3" m="51754" /><G20/><T111/><D111/><U66/><E68/><V15/><F108/><W102/><G102/><T103/><D55/><U79/><E41/><V29/><F94/><W9/><G9/><T50/><D103/><U3/><E96/><V4/><F4/><W99/><G99/><T85/><REACH who="0" step="1"/><D93/><REACH who="0" ten="192,337,211,250" step="2"/><U109/><E53/><N who="2" m="34287" /><F121/><W33/><G125/><T18/><D18/><U65/><E109/><V12/><F120/><W97/><G40/><T92/><D92/><U81/><E31/><N who="2" m="11851" /><F106/><W117/><G117/><T26/><D26/><U118/><E118/><V119/><F104/><W64/><G64/><T34/><D34/><U19/><E65/><V0/><F119/><W69/><G33/><T77/><D77/><U95/><E66/><V131/><F131/><AGARI ba="1,1" hai="7,10,14,42,45,50,72,73,80,85,88,128,129,131" machi="131" ten="40,8000,1" yaku="1,1,19,1,54,1,53,2" doraHai="16" doraHaiUra="107" who="0" fromWho="2" sc="192,93,337,0,211,-83,250,0" /><INIT seed="2,0,0,1,4,100" ten="285,337,128,250" oya="2" hai0="91,111,5,119,117,22,90,110,118,96,6,123,121" hai1="82,57,78,40,85,47,81,64,26,45,21,54,71" hai2="72,95,70,25,115,12,66,27,75,107,46,24,17" hai3="98,30,133,48,105,135,14,58,112,77,124,132,116"/><V55/><F115/><W2/><G2/><T109/><D22/><U44/><E71/><V35/><F35/><W59/><G116/><T23/><D23/><U83/><E64/><V86/><F107/><W13/><G112/><T130/><D130/><U87/><E40/><V20/><F70/><W79/><G124/><T33/><D33/><U62/><REACH who="1" step="1"/><E78/><REACH who="1" ten="285,327,128,250" step="2"/><V65/><F75/><W51/><G79/><T29/><D29/><AGARI ba="0,1" hai="21,26,29,44,45,47,54,57,62,81,82,83,85,87" machi="29" ten="40,5200,0" yaku="1,1,2,1,8,1,53,0" doraHai="100" doraHaiUra="37" who="1" fromWho="0" sc="285,-52,327,62,128,0,250,0" /><INIT seed="3,0,0,4,0,52" ten="233,389,128,250" oya="3" hai0="95,60,0,119,16,118,107,82,123,111,100,122,63" hai1="128,44,102,76,134,84,115,106,50,112,34,125,120" hai2="55,23,32,11,57,8,70,10,88,83,132,6,56" hai3="68,80,86,21,98,30,9,127,24,101,94,110,48"/><W38/><G127/><T99/><D0/><U109/><E120/><N who="0" m="46121" /><D63/><U73/><E34/><V78/><F70/><W31/><G38/><T114/><D60/><U12/><E73/><V75/><F32/><W91/><G68/><T47/><D47/><U117/><E125/><V72/><F72/><W135/><G135/><T66/><D66/><U65/><E134/><V71/><F71/><W15/><G110/><T108/><D16/><U129/><E109/><N who="0" m="42057" /><D114/><U46/><E65/><V33/><F33/><W25/><G48/><T89/><D82/><U62/><E62/><V22/><F132/><W131/><G131/><T124/><D124/><U51/><E129/><V27/><F6/><N who="3" m="3511" /><G25/><T67/><D67/><U96/><E128/><V90/><F55/><W3/><G3/><T61/><D61/><U26/><E112/><V105/><F105/><W77/><G31/><T74/><D74/><U1/><E115/><V69/><F69/><W64/><G64/><T17/><D17/><U20/><E1/><V5/><F5/><W116/><G30/><T103/><D103/><U42/><E102/><V39/><F39/><W85/><G101/><T37/><D37/><U59/><E50/><V28/><REACH who="2" step="1"/><F22/><REACH who="2" ten="233,389,118,250" step="2"/><W58/><G21/><T81/><D107/><U43/><E106/><V87/><F87/><AGARI ba="0,1" hai="81,87,89,95,99,100,118,119" m="42057,46121" machi="87" ten="30,3900,0" yaku="14,1,34,2" doraHai="52" who="0" fromWho="2" sc="233,49,389,0,118,-39,250,0" owari="282,8.2,389,48.9,79,-42.1,250,-15.0" /></mjloggm>