<mjloggm ver="2.3"><GO type="225" lobby="0"/><UN n0="%E3%81%82%E3%83%BC%E3%81%97" n1="%E3%81%8F%E3%81%BE%E3%81%96%E3%82%8F" n2="%6D%75%75%6D%75%72%61" n3="%33%74%72%65%65" dan="16,16,17,17" rate="2097.89,2038.11,2223.06,2222.32" sx="M,M,F,F"/><TAIKYOKU oya="0"/><INIT seed="0,0,0,3,5,80" ten="250,250,250,250" oya="0" hai0="105,59,77,48,12,1,123,103,66,135,114,70,52" hai1="83,28,45,87,131,109,41,11,126,124,121,49,84" hai2="112,85,96,107,73,75,47,26,78,61,4,56,57" hai3="89,101,88,54,119,31,120,30,62,99,104,127,97"/><T58/><D123/><U14/><E121/><V0/><F112/><W129/><G120/><T23/><D1/><U33/><E109/><V108/><F108/><W22/><G119/><T118/><D114/><U27/><E131/><V72/><F47/><W38/><G129/><T46/><D118/><U95/><E95/><V81/><F26/><W50/><G38/><T8/><D23/><U63/><E63/><V67/><F0/><W134/><G134/><T51/><D77/><U113/><E113/><V37/><F4/><W110/><G110/><T100/><D105/><U16/><REACH who="1" step="1"/><E87/><REACH who="1" ten="250,240,250,250" step="2"/><V35/><F72/><W7/><G62/><N who="0" m="38231" /><D135/><U19/><E19/><V115/><F73/><W106/><G106/><T94/><D94/><U64/><E64/><V53/><F115/><W93/><G93/><T43/><D70/><U2/><E2/><V90/><F75/><W5/><G104/><T42/><D42/><U79/><AGARI ba="0,1" hai="11,14,16,27,28,33,41,45,49,79,83,84,124,126" machi="79" ten="30,7900,0" yaku="1,1,0,1,52,1,54,1,53,0" doraHai="80" doraHaiUra="60" who="1" fromWho="1" sc="250,-39,240,89,250,-20,250,-20" /><INIT seed="1,0,0,2,2,84" ten="211,329,230,230" oya="1" hai0="124,101,53,65,80,13,56,105,68,39,45,23,100" hai1="11,76,113,33,118,88,92,109,121,24,35,54,34" hai2="94,122,73,4,127,93,128,48,61,120,21,72,71" hai3="107,7,1,10,27,5,30,66,83,135,6,3,51"/><U112/><E118/><V52/><F127/><W58/><G107/><T108/><D124/><U18/><E121/><V102/><F128/><W86/><G135/><T69/><D108/><U106/><E106/><V25/><F4/><W132/><G132/><T28/><D65/><U79/><E109/><V32/><F32/><W82/><G82/><T47/><D68/><U59/><E112/><V17/><F73/><W91/><G1/><T119/><D69/><U19/><E19/><V130/><F130/><W16/><G16/><N who="0" m="10639" /><D39/><U74/><E74/><V38/><F38/><W60/><REACH who="3" step="1"/><G51/><REACH who="3" ten="211,329,230,220" step="2"/><N who="0" m="30783" /><D105/><U90/><E113/><V40/><F122/><W31/><G31/><T87/><D28/><U42/><E18/><V104/><F120/><W125/><G125/><T75/><D75/><U55/><E11/><V129/><F72/><W2/><G2/><T103/><D119/><U22/><E24/><V36/><F104/><W43/><G43/><T110/><D110/><U70/><E42/><V97/><F129/><W123/><G123/><T29/><D29/><U49/><E49/><V44/><F36/><W20/><AGARI ba="0,1" hai="3,5,6,7,10,20,27,30,58,60,66,83,86,91" machi="20" ten="20,8000,1" yaku="1,1,0,1,7,1,52,1,53,1" doraHai="84" doraHaiUra="81" who="3" fromWho="3" sc="211,-20,329,-40,230,-20,220,90" /><INIT seed="2,0,0,4,4,8" ten="191,289,210,310" oya="2" hai0="86,111,82,21,24,76,15,79,44,91,51,58,85" hai1="34,124,43,95,83,135,5,46,61,36,101,56,130" hai2="71,112,35,121,54,106,117,103,80,18,105,94,116" hai3="102,39,128,68,93,14,57,122,110,92,45,31,16"/><V123/><F71/><W11/><G122/><N who="2" m="46601" /><F35/><W69/><G110/><T131/><D111/><U127/><E34/><V70/><F70/><W50/><G128/><T4/><D131/><U63/><E130/><V38/><F38/><W109/><G109/><T32/><D32/><U74/><E5/><V23/><F54/><W1/><G1/><T49/><D58/><U108/><E108/><V72/><F23/><W0/><G31/><T30/><D51/><U17/><E17/><V129/><F18/><W42/><G0/><T10/><D86/><U115/><E63/><V89/><F129/><W100/><G69/><T2/><REACH who="0" step="1"/><D2/><REACH who="0" ten="181,289,210,310" step="2"/><U13/><E56/><V87/><F112/><W84/><G68/><T114/><D114/><U25/><E115/><V119/><F72/><W73/><G73/><T55/><AGARI ba="0,1" hai="4,10,15,21,24,30,44,49,55,76,79,82,85,91" machi="55" ten="20,8000,1" yaku="1,1,0,1,7,1,8,1,52,1,53,0" doraHai="8" doraHaiUra="104" who="0" fromWho="0" sc="181,90,289,-20,210,-40,310,-20" /><INIT seed="3,0,0,4,2,24" ten="271,269,170,290" oya="3" hai0="22,117,37,41,60,34,73,95,114,102,33,115,124" hai1="0,93,96,69,81,121,112,12,76,111,6,25,67" hai2="58,109,52,61,99,15,43,74,92,91,71,27,29" hai3="106,78,16,18,89,104,13,82,1,5,134,118,135"/><W77/><G118/><T38/><D73/><U21/><E121/><V65/><F109/><W55/><G89/><T19/><D117/><U79/><E112/><N who="0" m="43049" /><D41/><U105/><E105/><N who="3" m="40554" /><G55/><T17/><D60/><U107/><E107/><V97/><F43/><W119/><G119/><T83/><D83/><U56/><E69/><V7/><F74/><N who="3" m="43319" /><G1/><T44/><D44/><U59/><E0/><V128/><F128/><W42/><G42/><T70/><D70/><U35/><E35/><N who="0" m="13321" /><D124/><U20/><E111/><V127/><F127/><W130/><G78/><T46/><D46/><U48/><E79/><V75/><F75/><W100/><G100/><T132/><D132/><N who="3" m="50729" /><G130/><T68/><D68/><U3/><E3/><V72/><F72/><W87/><G87/><T28/><D102/><N who="1" m="60687" /><E76/><V108/><F108/><W120/><G120/><T123/><D95/><U110/><E81/><V2/><F2/><W88/><G88/><T45/><D45/><U4/><E59/><V116/><F116/><W101/><G101/><T32/><D123/><U103/><E103/><V40/><F40/><W129/><G129/><T8/><D8/><AGARI ba="0,0" hai="5,8,13,16,18" m="50729,43319,40554" machi="8" ten="30,2900,0" yaku="20,1,54,1" doraHai="24" who="3" fromWho="0" sc="271,-29,269,0,170,0,290,29" owari="242,-15.8,269,6.9,170,-33.0,319,41.9" /></mjloggm>