<mjloggm ver="2.3"><GO type="225" lobby="0"/><UN n0="%E5%91%A8%E6%9D%B1" n1="%E8%B6%85%E7%B4%9A%E9%B3%B3%E5%87%B0" n2="%E3%81%99%E3%81%84%E3%81%BE%E3%81%9B%E3%83%BC%E3%82%93" n3="%E7%99%BD%E5%92%B2%E8%8A%B1%E3%81%A1%E3%82%83%E3%82%93" dan="17,16,18,16" rate="2228.63,2234.47,2230.59,2163.06" sx="M,F,M,F"/><TAIKYOKU oya="0"/><INIT seed="0,0,0,2,5,30" ten="250,250,250,250" oya="0" hai0="63,29,101,109,37,89,131,91,45,78,13,18,135" hai1="15,17,27,28,65,84,6,53,12,120,121,46,127" hai2="117,116,36,3,62,114,92,48,75,112,47,115,103" hai3="130,111,125,87,38,77,54,14,31,39,86,64,61"/><T122/><D122/><U82/><E127/><V96/><F3/><W81/><G125/><T118/><D118/><N who="2" m="45674" /><F75/><W100/><G111/><T4/><D4/><U1/><E65/><V20/><F62/><W93/><G130/><T52/><D131/><U19/><E1/><V71/><F71/><W22/><G54/><T40/><D109/><U72/><E72/><V79/><F79/><W124/><G124/><T9/><D135/><U104/><E104/><V88/><F20/><W128/><G128/><T68/><D78/><U7/><E46/><V119/><N who="2" m="45682" /><V70/><DORA hai="108" /><F70/><W83/><G100/><T51/><D101/><U102/><E102/><V25/><F25/><W74/><G74/><T35/><D63/><U56/><E27/><V99/><F36/><W95/><G39/><T50/><D68/><U80/><E28/><V97/><F103/><W123/><G38/><T90/><D29/><U76/><E76/><V41/><AGARI ba="0,0" hai="41,47,48,88,92,96,97,99,112,114,115" m="45682" machi="41" ten="50,8000,1" yaku="12,1,52,3,54,1" doraHai="30,108" who="2" fromWho="2" sc="250,-40,250,-20,250,80,250,-20" /><INIT seed="1,0,0,5,3,99" ten="210,230,330,230" oya="1" hai0="128,58,55,122,64,100,78,42,97,80,20,91,106" hai1="5,96,71,21,116,134,44,0,7,121,90,16,32" hai2="132,107,61,45,39,118,135,117,56,109,104,1,14" hai3="129,133,22,103,28,95,35,4,105,15,131,112,101"/><U30/><E116/><V17/><F109/><W47/><G112/><T108/><D122/><U81/><E121/><V89/><F1/><W2/><G105/><T51/><D108/><U115/><E115/><V63/><F89/><W12/><G133/><N who="2" m="51273" /><F63/><W43/><G35/><T110/><D110/><U119/><E134/><V98/><F45/><W72/><G72/><T94/><D128/><N who="3" m="49225" /><G2/><T9/><D42/><U3/><E119/><N who="2" m="45579" /><F98/><W10/><G95/><T13/><D20/><U34/><E71/><V24/><F24/><N who="3" m="16407" /><G15/><T50/><D64/><U82/><E96/><V38/><F107/><W8/><G8/><T87/><D51/><AGARI ba="0,0" hai="4,10,12,43,47,51,101,103" m="16407,49225" machi="51" ten="30,3900,0" yaku="19,1,52,2" doraHai="99" who="3" fromWho="0" sc="210,-39,230,0,330,0,230,39" /><INIT seed="2,0,0,1,3,13" ten="171,230,330,269" oya="2" hai0="22,95,67,72,134,96,50,81,79,122,116,27,42" hai1="60,7,4,120,104,8,86,29,91,16,52,31,112" hai2="70,92,55,59,84,0,45,129,11,133,54,49,21" hai3="5,43,131,58,57,3,51,82,18,24,111,78,88"/><V103/><F129/><W94/><G131/><T37/><D122/><U74/><E112/><V108/><F70/><W128/><G128/><T14/><D116/><U53/><E74/><V63/><F133/><W17/><G111/><T132/><D37/><U26/><E104/><V97/><F108/><W83/><G3/><T65/><D14/><U62/><E120/><V41/><F84/><N who="3" m="48215" /><G5/><T75/><D75/><U30/><E26/><V2/><F11/><W101/><G101/><T110/><D110/><U12/><E62/><V56/><REACH who="2" step="1"/><F21/><REACH who="2" ten="171,230,320,269" step="2"/><W124/><G124/><T66/><D134/><U93/><E53/><V47/><F47/><N who="3" m="26111" /><G83/><T77/><D132/><U20/><E20/><V107/><F107/><W46/><G46/><N who="0" m="25943" /><D81/><U135/><E135/><V90/><F90/><W98/><G24/><T71/><D71/><U10/><E10/><V25/><F25/><W6/><G6/><T61/><D72/><U35/><E35/><V87/><F87/><W15/><G15/><T44/><D44/><U114/><E114/><V80/><F80/><W28/><G28/><N who="0" m="17527" /><D79/><U113/><E113/><V105/><F105/><W100/><G100/><T1/><D77/><U126/><E126/><V32/><F32/><W127/><G127/><T36/><D1/><U64/><E7/><V123/><F123/><W119/><G119/><T39/><D39/><AGARI ba="0,1" hai="0,2,39,41,45,49,54,55,56,59,63,92,97,103" machi="39" ten="30,11600,0" yaku="1,1,7,1,53,2" doraHai="13" doraHaiUra="34" who="2" fromWho="0" sc="171,-116,230,0,320,126,269,0" /><INIT seed="2,1,0,2,4,50" ten="55,230,446,269" oya="2" hai0="80,23,128,89,87,109,9,122,108,43,49,19,59" hai1="78,53,57,61,99,45,24,123,18,62,34,40,120" hai2="29,116,27,22,73,83,71,2,94,88,46,130,98" hai3="63,85,91,12,3,65,8,81,103,16,135,104,90"/><V11/><F116/><W82/><G135/><T118/><D118/><U36/><E78/><V70/><F130/><W121/><G121/><N who="1" m="46666" /><E99/><V41/><F73/><W93/><G3/><T14/><D122/><U20/><E34/><V119/><F119/><W28/><G28/><T26/><D128/><U68/><E68/><V0/><F83/><W134/><G134/><T30/><REACH who="0" step="1"/><D43/><REACH who="0" ten="45,230,446,269" step="2"/><U124/><E124/><V132/><F132/><W111/><G111/><T133/><D133/><U58/><E58/><V117/><F117/><W101/><G104/><T125/><D125/><U69/><E69/><V47/><F71/><W97/><G81/><T92/><D92/><U96/><E96/><V107/><F70/><AGARI ba="1,1" hai="8,12,16,63,65,70,82,85,90,91,93,97,101,103" machi="70" ten="30,2000,0" yaku="7,1,54,1" doraHai="50" who="3" fromWho="2" sc="45,0,230,0,446,-23,269,33" /><INIT seed="3,0,0,3,4,80" ten="45,230,423,302" oya="3" hai0="87,98,0,33,77,53,113,49,35,51,66,117,41" hai1="71,105,124,22,57,122,58,24,85,59,93,133,86" hai2="17,4,121,104,100,63,36,92,109,9,101,52,37" hai3="75,94,73,129,97,64,55,119,106,10,32,114,30"/><W91/><G114/><T42/><D0/><U54/><E122/><V90/><F109/><W25/><G119/><T56/><D117/><U130/><E105/><V20/><F121/><W50/><G129/><T131/><D131/><U44/><E130/><V65/><F104/><W11/><G64/><T126/><D113/><U61/><E124/><V96/><F37/><W48/><G106/><T46/><D126/><U108/><E108/><V14/><F36/><W16/><G50/><T47/><D98/><U95/><E71/><V134/><F134/><W13/><REACH who="3" step="1"/><G11/><REACH who="3" ten="45,230,423,292" step="2"/><T112/><D112/><U74/><E133/><V125/><F125/><W18/><G18/><T78/><D66/><U21/><E74/><V40/><F40/><W127/><G127/><T81/><D35/><U7/><E7/><V99/><F52/><W89/><G89/><T34/><REACH who="0" step="1"/><D78/><REACH who="0" ten="35,230,423,292" step="2"/><U29/><E22/><V72/><F72/><W8/><G8/><T115/><D115/><U3/><E3/><V39/><F39/><W116/><G116/><T28/><D28/><U6/><E21/><V118/><F118/><W27/><G27/><T128/><D128/><U76/><E76/><V23/><F23/><W107/><G107/><T69/><D69/><U111/><E24/><V2/><F2/><W79/><G79/><T110/><D110/><U120/><E111/><V68/><F20/><W88/><G88/><T102/><D102/><U67/><E29/><V38/><F38/><W83/><G83/><T62/><AGARI ba="0,2" hai="33,34,41,42,46,47,49,51,53,56,62,77,81,87" machi="62" ten="20,12000,2" yaku="1,1,0,1,7,1,9,1,52,1,53,2" doraHai="80" doraHaiUra="43" who="0" fromWho="0" sc="35,140,230,-30,423,-30,292,-60" owari="175,-32.5,200,-20.0,393,49.3,232,3.2" /></mjloggm>