<mjloggm ver="2.3"><GO type="225" lobby="0"/><UN n0="%6C%61%6D%62" n1="%4B%2E%32%2E%4B%2E" n2="%6D%75%75%73%61%6E%6D%75" n3="%E6%81%A5%E6%99%92%E3%81%97" dan="16,16,16,16" rate="2162.12,2095.87,2137.85,2113.29" sx="M,M,F,M"/><TAIKYOKU oya="0"/><INIT seed="0,0,0,3,1,100" ten="250,250,250,250" oya="0" hai0="38,61,135,35,7,16,69,63,118,36,1,49,107" hai1="73,124,27,6,10,33,102,106,105,28,53,116,80" hai2="40,45,46,78,37,62,22,11,132,17,52,117,43" hai3="47,97,70,95,82,114,54,2,108,121,133,131,41"/><T71/><D35/><U74/><E116/><V84/><F117/><W56/><G114/><T4/><D118/><U65/><E53/><V90/><F132/><W126/><G133/><T89/><D135/><U115/><E124/><V79/><F11/><W60/><G126/><T44/><D1/><N who="1" m="335" /><E115/><V113/><F113/><W93/><G108/><T64/><D107/><N who="1" m="40971" /><E102/><V110/><F110/><W129/><G121/><T5/><D89/><U104/><N who="1" m="40979" /><U19/><DORA hai="86" /><E19/><V94/><F62/><W96/><G2/><T88/><D88/><U8/><E8/><V20/><F52/><W12/><G95/><T83/><D83/><U23/><E23/><V123/><F123/><W67/><G93/><T0/><D0/><U31/><E31/><V109/><F109/><W68/><G54/><T101/><D101/><U75/><E65/><V32/><F32/><W34/><G67/><T134/><D134/><U21/><E21/><V103/><F22/><W122/><G122/><T13/><D13/><U91/><E91/><V18/><F103/><W125/><G12/><T30/><D16/><U112/><E112/><V119/><F119/><W9/><G9/><T3/><D3/><U85/><E85/><V92/><F92/><W120/><G125/><T87/><D87/><U55/><E55/><V66/><F66/><W25/><G120/><T50/><D30/><U81/><E81/><V111/><F111/><W130/><G82/><T14/><D14/><U128/><E128/><V26/><F17/><W15/><G129/><T51/><D44/><U72/><E72/><V57/><F57/><RYUUKYOKU ba="0,0" sc="250,10,250,10,250,10,250,-30" hai0="4,5,7,36,38,49,50,51,61,63,64,69,71" hai1="27,28,33,73,74,75,80" hai2="18,20,26,37,40,43,45,46,78,79,84,90,94" /><INIT seed="0,1,0,5,2,105" ten="260,260,260,220" oya="0" hai0="17,30,102,45,83,3,128,25,100,27,125,85,14" hai1="53,126,8,109,78,35,97,29,60,13,108,1,23" hai2="9,56,115,62,72,55,31,66,129,107,44,113,98" hai3="89,96,74,112,88,95,106,122,110,118,19,39,93"/><T4/><D128/><U34/><E126/><V134/><F129/><W87/><G39/><T90/><D125/><U111/><E1/><V94/><F134/><W130/><G130/><T38/><D3/><U12/><E97/><V47/><F107/><W75/><G19/><T21/><D4/><U5/><E78/><V131/><F131/><W71/><G71/><T114/><D114/><U2/><E53/><V104/><F104/><W103/><G112/><T37/><D27/><N who="1" m="16639" /><E60/><V132/><F132/><W69/><G69/><T82/><D38/><U42/><E42/><V28/><F72/><N who="3" m="27691" /><G110/><T11/><REACH who="0" step="1"/><D83/><REACH who="0" ten="250,260,260,220" step="2"/><U52/><E52/><N who="2" m="34055" /><F115/><W10/><G10/><T22/><D22/><U65/><E65/><V16/><F113/><W18/><G18/><T119/><D119/><U61/><E35/><V36/><F66/><W54/><G54/><T48/><D48/><U63/><E34/><V121/><F36/><W77/><G118/><T24/><D24/><U80/><E80/><V79/><F55/><W64/><G64/><T20/><D20/><U49/><E49/><V68/><F31/><W124/><G124/><T117/><D117/><U59/><E2/><V26/><F28/><W6/><G6/><T120/><D120/><U73/><E5/><V81/><F121/><W58/><G122/><T46/><D46/><U76/><E111/><V32/><F26/><W51/><G51/><T57/><D57/><U70/><E70/><V43/><F68/><W15/><G58/><T127/><D127/><U92/><E109/><V133/><F32/><W33/><G33/><T91/><D91/><RYUUKYOKU ba="1,1" sc="250,30,260,-10,260,-10,220,-10" hai0="11,14,17,21,25,30,37,45,82,85,90,100,102" /><INIT seed="0,2,1,4,4,114" ten="280,250,250,210" oya="0" hai0="13,113,124,106,86,62,63,34,27,75,117,112,9" hai1="126,93,88,97,7,80,49,121,55,44,103,105,72" hai2="92,53,26,30,54,131,41,32,15,33,115,70,84" hai3="8,90,119,25,5,14,102,58,64,24,99,101,28"/><T61/><D75/><U89/><E126/><V78/><F115/><W132/><G132/><T46/><D106/><U23/><E121/><V1/><F1/><W95/><G119/><T104/><D104/><U18/><E7/><V100/><F70/><W2/><G2/><T107/><D107/><U108/><E108/><V39/><F131/><W31/><G25/><T17/><D124/><U56/><E105/><V10/><F33/><W35/><REACH who="3" step="1"/><G31/><REACH who="3" ten="280,250,250,200" step="2"/><T125/><D117/><U111/><E111/><V76/><F26/><W29/><G29/><T37/><D125/><U98/><E98/><V85/><F30/><W74/><G74/><T47/><D112/><U94/><E72/><V91/><F84/><W43/><G43/><T38/><D113/><U22/><E80/><V12/><F41/><W48/><G48/><T87/><D27/><U110/><E110/><V118/><F118/><W50/><G50/><T123/><D37/><U122/><E122/><V65/><F39/><W45/><G45/><N who="0" m="16907" /><D38/><U0/><E0/><V82/><F82/><W42/><G42/><T127/><D123/><U134/><E134/><V120/><F120/><W83/><G83/><T11/><D127/><U133/><E133/><V6/><F85/><N who="0" m="32266" /><D34/><U51/><E94/><V67/><F32/><W4/><G4/><T52/><D62/><AGARI ba="2,2" hai="5,8,14,24,28,35,58,62,64,90,95,99,101,102" machi="62" ten="40,1300,0" yaku="1,1,53,0" doraHai="114" doraHaiUra="36" who="3" fromWho="0" sc="280,-19,250,0,250,0,200,39" /><INIT seed="1,0,0,5,3,63" ten="261,250,250,239" oya="1" hai0="65,106,8,132,47,55,93,46,3,20,49,82,81" hai1="102,56,83,53,68,19,76,134,58,61,30,127,39" hai2="130,12,57,62,43,96,116,85,41,107,28,15,121" hai3="37,101,95,48,16,89,133,92,91,32,98,45,135"/><U79/><E39/><V87/><F116/><W66/><G37/><T64/><D106/><U88/><E127/><V54/><F121/><W6/><G32/><T34/><D34/><U118/><E68/><V100/><F130/><W104/><G6/><T60/><D132/><N who="3" m="50761" /><G104/><T97/><D3/><U99/><E118/><V122/><F122/><W18/><G66/><N who="0" m="25707" /><D8/><U31/><E134/><V108/><F108/><W75/><G75/><T50/><D60/><U119/><E58/><V115/><F115/><W5/><G5/><T24/><D49/><U59/><E56/><V35/><F35/><W126/><G101/><N who="0" m="60591" /><D47/><U114/><E114/><V78/><F62/><W26/><G126/><T0/><D0/><U129/><E129/><V23/><F107/><W124/><G124/><T4/><D4/><U27/><E102/><V38/><F100/><W103/><G103/><T42/><D42/><U10/><E10/><V22/><F38/><W11/><G11/><T112/><D112/><U52/><E119/><V123/><F123/><W29/><G48/><T94/><D94/><N who="1" m="56775" /><E53/><V131/><F54/><W2/><G2/><T69/><D69/><U14/><E61/><V117/><F131/><W71/><G45/><T77/><D77/><U74/><E79/><V17/><F117/><W33/><G71/><T128/><D128/><U21/><E52/><V86/><F78/><W9/><G9/><T51/><D51/><U72/><E72/><V125/><F125/><W109/><G109/><T36/><D36/><U111/><E111/><V80/><F57/><W120/><G120/><T105/><D105/><RYUUKYOKU ba="0,0" sc="261,15,250,-15,250,-15,239,15" hai0="20,24,46,50,55,81,82" hai3="16,18,26,29,33,89,91,92,95,98" /><INIT seed="2,1,0,1,3,118" ten="276,235,235,254" oya="2" hai0="131,59,71,97,126,94,101,89,5,11,124,120,36" hai1="95,23,75,103,111,40,88,115,53,22,45,128,78" hai2="7,65,21,122,117,66,27,72,37,57,63,52,133" hai3="29,92,12,14,4,67,48,99,112,81,0,70,38"/><V110/><F117/><W10/><G38/><T91/><D71/><U39/><E115/><V2/><F122/><W80/><G112/><T31/><D36/><U102/><E111/><V90/><F37/><W3/><G29/><T24/><D131/><U62/><E128/><V16/><F72/><W17/><G48/><T116/><D116/><U34/><E34/><V119/><F119/><W130/><G130/><T47/><D47/><U9/><E75/><V76/><F110/><W25/><G25/><T20/><D120/><U35/><E35/><V109/><F109/><W55/><G55/><T33/><D33/><U83/><E9/><V86/><F133/><W43/><G43/><T85/><D59/><U41/><E41/><V84/><F2/><W104/><G104/><T98/><D91/><U123/><E123/><V44/><F7/><W100/><G70/><T26/><D26/><U74/><E102/><V42/><F42/><W113/><G67/><N who="2" m="25609" /><F76/><W107/><G107/><T30/><D30/><U49/><E103/><V46/><F86/><W58/><G58/><T54/><D54/><U135/><E62/><V61/><F61/><W15/><G113/><T127/><REACH who="0" step="1"/><D101/><REACH who="0" ten="266,235,235,254" step="2"/><U106/><E39/><V6/><F6/><W51/><G4/><T28/><D28/><U114/><E114/><V125/><F125/><W19/><G100/><T87/><D87/><U56/><E74/><V73/><F73/><W79/><G0/><AGARI ba="1,1" hai="0,5,11,20,24,31,85,89,94,97,98,124,126,127" machi="0" ten="40,2600,0" yaku="1,1,18,1,53,0" doraHai="118" doraHaiUra="13" who="0" fromWho="3" sc="266,39,235,0,235,0,254,-29" /><INIT seed="3,0,0,3,2,81" ten="305,235,235,225" oya="3" hai0="85,130,108,11,99,59,10,77,113,115,122,0,8" hai1="54,29,38,25,18,51,95,49,103,12,74,129,33" hai2="106,128,55,6,120,65,126,88,68,89,44,119,97" hai3="118,7,36,45,111,4,56,134,98,112,39,109,31"/><W53/><G118/><T84/><D122/><U19/><E74/><V132/><F119/><W72/><G134/><T48/><D0/><U104/><E104/><V125/><F132/><W23/><G112/><N who="0" m="43083" /><D108/><N who="3" m="41545" /><G72/><T73/><D130/><U67/><E38/><N who="3" m="14378" /><G45/><T50/><D99/><U91/><E67/><V86/><F128/><W27/><G98/><T93/><D93/><U121/><E33/><V42/><F120/><W61/><AGARI ba="0,0" hai="4,7,23,27,31,53,56,61" m="14378,41545" machi="61" ten="30,3000,0" yaku="14,1,10,1" doraHai="81" who="3" fromWho="3" sc="305,-10,235,-10,235,-10,225,30" /><INIT seed="3,1,0,3,2,50" ten="295,225,225,255" oya="3" hai0="70,18,85,39,38,8,117,96,93,115,116,75,97" hai1="3,12,78,135,33,125,81,92,133,19,17,69,124" hai2="83,2,24,111,36,113,101,63,79,80,76,105,84" hai3="10,118,87,126,32,60,54,14,99,107,59,102,48"/><W56/><G118/><T66/><D75/><U120/><E69/><V34/><F113/><W51/><G126/><N who="1" m="48746" /><E3/><V89/><F111/><W114/><G32/><T94/><D70/><U7/><E92/><V41/><F2/><W130/><G130/><T90/><D66/><U45/><E45/><V44/><F63/><W43/><G43/><T110/><D110/><U134/><E120/><V30/><REACH who="2" step="1"/><F83/><REACH who="2" ten="295,225,215,255" step="2"/><W64/><G60/><T98/><D115/><U72/><E33/><V131/><F131/><W13/><G114/><T68/><D116/><U109/><E109/><V46/><F46/><W61/><G61/><T65/><D117/><U27/><E27/><V132/><F132/><N who="1" m="33793" /><U31/><DORA hai="71" /><E31/><V121/><F121/><W40/><G14/><T74/><D68/><U29/><E29/><V6/><F6/><W119/><G13/><T122/><D122/><U25/><E25/><V91/><F91/><W88/><G88/><T82/><D90/><U49/><E49/><V86/><F86/><W37/><G87/><T52/><D85/><U35/><E35/><V55/><F55/><W67/><G51/><T0/><D52/><U47/><E47/><V22/><F22/><W128/><G119/><T42/><D0/><U57/><E57/><V15/><F15/><W127/><G127/><T95/><D82/><U108/><E108/><V129/><F129/><W5/><G128/><T106/><D42/><U112/><E112/><V20/><F20/><W26/><G59/><T58/><D58/><U16/><E7/><V1/><F1/><N who="3" m="303" /><G26/><T62/><D62/><U11/><AGARI ba="1,1" hai="11,12,16,17,19,72,78,81" m="33793,48746" machi="11" ten="50,8000,1" yaku="5,1,18,1,20,1,54,1" doraHai="50,71" who="1" fromWho="1" sc="295,-21,225,93,215,-21,255,-41" owari="274,7.4,318,41.8,194,-30.6,214,-18.6" /></mjloggm>