<mjloggm ver="2.3"><GO type="225" lobby="0"/><UN n0="%E7%99%BD%E6%97%A5%E9%9B%AA%E8%8F%9C" n1="%E3%81%BF%E3%81%BF%E3%81%9A" n2="%77%72%77%72%77%72%77%72" n3="%47%68%6F%73%74%55%30" dan="16,16,16,17" rate="2178.24,2175.15,2192.44,2176.93" sx="M,M,M,M"/><TAIKYOKU oya="0"/><INIT seed="0,0,0,5,3,26" ten="250,250,250,250" oya="0" hai0="99,128,40,31,119,50,93,49,112,96,124,0,80" hai1="14,35,30,85,72,69,36,38,118,78,58,122,55" hai2="75,116,83,48,24,33,105,126,130,76,10,61,108" hai3="27,43,52,121,79,11,32,92,71,18,64,125,95"/><T114/><D119/><U101/><E118/><V62/><F116/><W12/><G121/><T2/><D124/><U113/><E122/><V110/><F126/><W98/><G125/><T111/><D128/><U86/><E69/><V89/><F130/><W77/><G43/><T63/><D111/><N who="2" m="42538" /><F105/><W90/><G71/><T39/><D39/><U51/><E113/><V120/><F120/><W29/><G64/><T60/><D93/><U13/><E72/><V133/><F133/><W23/><G32/><T117/><D117/><U45/><E101/><V7/><F48/><W42/><G42/><T132/><D40/><U106/><E106/><V68/><F89/><W66/><G66/><T94/><D94/><U70/><E70/><V87/><F75/><W53/><G92/><T34/><D34/><U102/><E102/><V115/><F68/><W56/><G53/><T28/><REACH who="0" step="1"/><D80/><REACH who="0" ten="240,250,250,250" step="2"/><U81/><E36/><V21/><F33/><W123/><G123/><T3/><D3/><U5/><E38/><V91/><F115/><W135/><G135/><AGARI ba="0,1" hai="0,2,28,31,49,50,60,63,96,99,112,114,132,135" machi="135" ten="25,12000,1" yaku="1,1,22,2,52,2,53,0" doraHai="26" doraHaiUra="20" who="0" fromWho="3" sc="240,130,250,0,250,0,250,-120" /><INIT seed="0,1,0,0,1,112" ten="370,250,250,130" oya="0" hai0="19,127,134,41,40,94,106,12,45,111,70,130,79" hai1="22,71,103,60,18,118,58,5,101,57,53,7,76" hai2="99,13,31,73,59,87,2,46,65,66,122,16,68" hai3="38,121,110,1,75,85,47,21,25,132,84,24,100"/><T30/><D106/><U35/><E35/><V88/><F122/><W109/><G1/><T129/><D70/><U56/><E118/><V96/><F73/><W17/><G75/><T15/><D134/><U55/><E71/><V36/><F2/><W91/><G132/><T14/><D127/><U102/><E76/><V48/><F36/><W93/><G121/><T44/><D30/><U98/><E98/><N who="2" m="37419" /><F31/><W90/><G100/><T51/><D111/><U9/><E9/><N who="2" m="6191" /><F59/><W6/><G6/><T52/><D79/><U120/><E120/><V128/><F128/><N who="0" m="49258" /><D94/><U43/><E43/><N who="0" m="16457" /><D44/><U105/><E105/><V92/><F68/><W39/><G47/><T82/><D82/><U37/><E37/><V124/><F124/><W29/><G109/><T117/><D117/><U20/><E18/><AGARI ba="1,0" hai="12,14,15,18,19,45,51,52" m="16457,49258" machi="18" ten="40,3900,0" yaku="19,1,54,1" doraHai="112" who="0" fromWho="1" sc="370,42,250,-42,250,0,130,0" /><INIT seed="0,2,0,1,3,49" ten="412,208,250,130" oya="0" hai0="14,31,86,67,19,61,63,112,128,119,89,109,42" hai1="134,54,8,87,48,27,97,96,57,52,129,25,53" hai2="5,74,114,2,117,118,104,59,69,113,65,135,21" hai3="100,10,99,64,93,23,28,35,77,7,1,91,37"/><T111/><D112/><N who="2" m="43114" /><F21/><W76/><G37/><T33/><D119/><N who="2" m="45578" /><F59/><W131/><G131/><T121/><D128/><U66/><E129/><V124/><F124/><W126/><G126/><T0/><D0/><U84/><E134/><V107/><F135/><W110/><G110/><T85/><D33/><U101/><E8/><N who="2" m="2103" /><F74/><W88/><G35/><T44/><D109/><U73/><E73/><V51/><F51/><W11/><G11/><T56/><D111/><U68/><E68/><V71/><F65/><W132/><G132/><T82/><D56/><U94/><E97/><V92/><F92/><W47/><G64/><T3/><D67/><U105/><E48/><V95/><F95/><W32/><G32/><T43/><D82/><U29/><E105/><AGARI ba="2,0" hai="69,71,104,105,107" m="2103,45578,43114" machi="105" ten="40,2600,0" yaku="12,1,23,1" doraHai="49" who="2" fromWho="1" sc="412,0,208,-32,250,32,130,0" /><INIT seed="1,0,0,4,5,28" ten="412,176,282,130" oya="1" hai0="9,90,51,132,11,5,112,38,52,74,45,30,87" hai1="94,92,116,62,2,118,12,96,93,131,104,57,128" hai2="72,60,47,44,27,31,123,34,88,15,84,50,85" hai3="37,33,109,66,7,61,69,115,21,105,107,65,98"/><U73/><E2/><V99/><F123/><W16/><G115/><T86/><D74/><U22/><E12/><V97/><F72/><W63/><G109/><T26/><D112/><U100/><E22/><V83/><F60/><W75/><G75/><T135/><D38/><U127/><E57/><V23/><F34/><W101/><G37/><T32/><D86/><U48/><E48/><V79/><F15/><W106/><G7/><T4/><D4/><U95/><E62/><V121/><F121/><W113/><G113/><T40/><D40/><U70/><E70/><V1/><F1/><W56/><REACH who="3" step="1"/><G33/><REACH who="3" ten="412,176,282,120" step="2"/><T120/><D120/><U29/><E29/><V42/><REACH who="2" step="1"/><F44/><REACH who="2" ten="412,176,272,120" step="2"/><W76/><G76/><T71/><D45/><U43/><E73/><V80/><AGARI ba="0,2" hai="23,27,31,42,47,50,79,80,83,84,85,88,97,99" machi="80" ten="20,12000,2" yaku="1,1,2,1,0,1,7,1,8,1,54,1,53,0" doraHai="28" doraHaiUra="103" who="2" fromWho="2" sc="412,-30,176,-60,272,140,120,-30" /><INIT seed="2,0,0,5,5,98" ten="382,116,412,90" oya="2" hai0="11,3,37,72,110,126,124,107,9,57,114,24,115" hai1="46,13,125,51,71,2,42,120,113,77,106,59,109" hai2="40,21,38,16,15,128,79,73,69,6,103,44,122" hai3="26,85,8,35,68,104,27,64,10,82,119,80,99"/><V94/><F122/><W108/><G119/><T111/><D72/><U34/><E2/><V78/><F69/><W25/><G108/><N who="0" m="41515" /><D37/><U86/><E71/><V33/><F33/><W130/><G35/><T36/><D36/><U28/><E106/><V19/><F73/><W96/><G130/><T133/><D107/><U83/><E109/><V134/><F134/><W23/><G68/><T65/><D133/><U12/><E113/><N who="0" m="43017" /><D57/><U90/><E125/><N who="0" m="48233" /><D65/><U95/><E120/><V31/><F128/><W52/><G64/><T127/><N who="0" m="48241" /><T22/><DORA hai="62" /><D3/><U30/><E59/><V101/><F31/><AGARI ba="0,0" hai="9,11,22,24,31" m="48241,43017,41515" machi="31" ten="50,8000,1" yaku="14,1,18,1,34,2" doraHai="98,62" who="0" fromWho="2" sc="382,80,116,0,412,-80,90,0" /><INIT seed="3,0,0,2,1,2" ten="462,116,332,90" oya="3" hai0="64,40,19,90,72,54,102,25,46,50,126,39,130" hai1="66,70,63,134,9,21,121,115,104,62,41,76,105" hai2="131,100,26,32,83,133,71,114,11,29,89,132,4" hai3="7,61,117,108,0,94,23,88,112,75,36,86,57"/><W43/><G117/><T109/><D72/><U73/><E121/><V34/><F114/><W51/><G112/><T56/><D109/><U42/><E115/><V16/><F71/><W106/><G108/><T77/><D77/><U67/><E134/><N who="2" m="51819" /><F131/><W38/><G75/><T103/><D130/><U81/><E21/><N who="2" m="15567" /><F16/><W69/><G106/><T6/><D126/><U8/><E41/><V30/><F30/><W15/><G0/><T59/><D6/><U3/><E42/><V65/><F65/><N who="3" m="39087" /><G69/><T35/><D90/><U96/><E96/><V5/><F100/><W18/><G38/><T87/><D87/><U14/><E3/><N who="2" m="415" /><F5/><W74/><G36/><T20/><D59/><U78/><E78/><V116/><F116/><W85/><G74/><T127/><D64/><U45/><E45/><V80/><F80/><W60/><G60/><T24/><D39/><U31/><E31/><V44/><F44/><N who="3" m="26015" /><G7/><T101/><D50/><U123/><E123/><V33/><F33/><W119/><G119/><T10/><D35/><U22/><E105/><V93/><F83/><W1/><G1/><T135/><D135/><U110/><E104/><V92/><F92/><W95/><G95/><T118/><D118/><U120/><E110/><V68/><F68/><W27/><G15/><T37/><D37/><U128/><E120/><V113/><F113/><W52/><G52/><T53/><D54/><U28/><E128/><V98/><AGARI ba="0,0" hai="32,34,89,93,98" m="415,15567,51819" machi="98" ten="30,2000,0" yaku="20,1,52,1" doraHai="2" who="2" fromWho="2" sc="462,-5,116,-5,332,20,90,-10" owari="457,55.7,111,-28.9,352,15.2,80,-42.0" /></mjloggm>