<mjloggm ver="2.3"><GO type="225" lobby="0"/><UN n0="%E6%AF%9B%E8%8D%92%E3%82%8C%E3%83%BB%E3%82%B9%E3%83%9F%E3%82%B9" n1="%E9%8A%80%E3%81%B0%E3%81%95%E3%81%BF" n2="%E3%83%97%E3%83%AC%E3%83%B4%E3%82%A1%E3%83%86%E3%82%A3" n3="%4B%2E%32%2E%4B%2E" dan="16,17,16,17" rate="2012.79,2186.48,2129.43,2194.74" sx="F,M,F,M"/><TAIKYOKU oya="0"/><INIT seed="0,0,0,3,4,93" ten="250,250,250,250" oya="0" hai0="24,128,120,29,77,35,66,23,86,10,64,47,42" hai1="38,97,133,121,52,84,56,5,22,124,81,117,82" hai2="54,131,96,18,114,6,130,14,73,135,98,12,102" hai3="115,2,99,100,7,67,4,21,71,105,16,57,72"/><T83/><D128/><N who="2" m="49194" /><F73/><W32/><G115/><T79/><D120/><U106/><E121/><V118/><F114/><W90/><G71/><T3/><D79/><U80/><E117/><V92/><F118/><W30/><G72/><T119/><D119/><U15/><E38/><V116/><F116/><W134/><G2/><T111/><D111/><U132/><E124/><V43/><F43/><W31/><G90/><T27/><D3/><U41/><E41/><V13/><F6/><W68/><G57/><T69/><D10/><U101/><E84/><V60/><F60/><N who="3" m="40039" /><G134/><N who="1" m="51818" /><E5/><V89/><F54/><W11/><G30/><T62/><D66/><U33/><E33/><V127/><F135/><W91/><G91/><T112/><D112/><U74/><E74/><V63/><F63/><W46/><G46/><T59/><D69/><U70/><E70/><V34/><F34/><W65/><G11/><T87/><D86/><U50/><E81/><V58/><F58/><W104/><G104/><T108/><D108/><U113/><E113/><V88/><F127/><W0/><G65/><T49/><REACH who="0" step="1"/><D27/><REACH who="0" ten="240,250,250,250" step="2"/><U129/><E129/><V8/><F89/><W126/><G126/><T26/><D26/><U17/><AGARI ba="0,1" hai="15,17,22,50,52,56,80,82,97,101,106" m="51818" machi="17" ten="30,4000,0" yaku="20,1,52,1,54,1" doraHai="93" who="1" fromWho="1" sc="240,-20,250,50,250,-10,250,-10" /><INIT seed="1,0,0,5,1,115" ten="220,300,240,240" oya="1" hai0="38,16,106,63,114,132,36,20,2,68,119,10,127" hai1="60,43,67,76,133,73,69,125,116,88,46,110,18" hai2="98,55,113,111,22,122,99,130,40,87,1,120,4" hai3="15,49,19,123,118,6,25,79,29,57,30,94,78"/><U11/><E116/><V90/><F113/><W45/><G123/><T108/><RYUUKYOKU type="yao9" ba="0,0" sc="220,0,300,0,240,0,240,0" hai0="2,10,16,20,36,38,63,68,106,108,114,119,127,132" /><INIT seed="1,1,0,5,5,77" ten="220,300,240,240" oya="1" hai0="123,39,22,31,65,109,29,54,10,101,3,122,80" hai1="88,95,68,104,102,111,126,119,96,103,44,15,9" hai2="72,41,74,116,42,118,106,71,86,51,89,114,133" hai3="124,20,61,82,98,132,134,63,78,25,11,52,2"/><U121/><E119/><V117/><F71/><W28/><G98/><T46/><D109/><U75/><E121/><N who="0" m="46089" /><D101/><U129/><E68/><V19/><F106/><W90/><G90/><T26/><D65/><U0/><E0/><V108/><F108/><W14/><G2/><T131/><D131/><U58/><E111/><V99/><F99/><W97/><G97/><T135/><D135/><N who="3" m="51753" /><G124/><T83/><D29/><U57/><E129/><V55/><F133/><W105/><G52/><T36/><D54/><U27/><E75/><V49/><F114/><W24/><G24/><T81/><D46/><U79/><E126/><V38/><F38/><W70/><G105/><T127/><D127/><U107/><E79/><V67/><F67/><W110/><G110/><T76/><D76/><U8/><E107/><V62/><F62/><W113/><G113/><T18/><D18/><N who="1" m="8551" /><E104/><V1/><F1/><W73/><G70/><T48/><D48/><U125/><E125/><V35/><F35/><W21/><G20/><T56/><D56/><N who="1" m="21611" /><E27/><V7/><F7/><AGARI ba="1,0" hai="7,11,14,21,25,28,61,63,73,78,82" m="51753" machi="7" ten="30,2000,0" yaku="20,1,52,1" doraHai="77" who="3" fromWho="2" sc="220,0,300,0,240,-23,240,23" /><AGARI ba="1,0" hai="3,7,10,22,26,31,36,39,80,81,83" m="46089" machi="7" ten="30,7700,0" yaku="13,1,52,3" doraHai="77" who="0" fromWho="2" sc="220,77,300,0,217,-77,263,0" /><INIT seed="2,0,0,0,0,66" ten="297,300,140,263" oya="2" hai0="128,55,26,23,99,9,104,7,53,57,125,11,52" hai1="60,45,56,82,33,134,4,95,62,101,126,14,96" hai2="30,133,36,40,127,100,85,38,97,24,129,2,69" hai3="10,106,84,73,102,46,64,75,68,103,20,117,122"/><V1/><F85/><W59/><G117/><T50/><D125/><U72/><E33/><N who="2" m="20679" /><F127/><W76/><G122/><T58/><D128/><U13/><E126/><V16/><F129/><W114/><G114/><T91/><D104/><U32/><E32/><V120/><F120/><W121/><G121/><T74/><D74/><U39/><E134/><V37/><F40/><W28/><G10/><T3/><D9/><U6/><E39/><V15/><F133/><W110/><G59/><T115/><D115/><U92/><E45/><V41/><F41/><W21/><G28/><T18/><REACH who="0" step="1"/><D50/><REACH who="0" ten="287,300,140,263" step="2"/><U112/><E72/><V105/><F15/><W89/><G106/><T22/><D22/><U90/><E112/><V35/><F35/><W42/><G20/><T51/><D51/><U31/><E13/><V132/><F132/><W48/><G21/><T34/><D34/><U94/><E14/><V61/><F16/><W47/><G48/><T17/><D17/><U131/><E131/><V71/><F61/><W67/><G75/><T80/><D80/><U135/><E135/><V29/><F29/><W27/><G73/><T119/><D119/><U12/><E31/><V63/><F63/><W88/><G46/><T49/><D49/><U86/><E62/><V123/><F123/><W54/><G47/><T70/><D70/><AGARI ba="0,1" hai="1,2,36,37,38,69,70,71,97,100,105" m="20679" machi="70" ten="40,12000,1" yaku="33,2,52,3" doraHai="66" who="2" fromWho="0" sc="287,-120,300,0,140,130,263,0" /><INIT seed="2,1,0,3,4,29" ten="167,300,270,263" oya="2" hai0="33,77,3,115,87,109,15,114,96,6,89,112,71" hai1="53,63,78,59,35,134,58,98,49,30,97,12,106" hai2="126,24,85,4,28,44,5,92,20,123,72,60,101" hai3="83,82,84,70,39,57,9,11,26,129,107,40,104"/><V108/><F123/><W110/><G70/><T127/><D109/><U34/><E134/><V91/><F108/><W124/><G110/><T68/><D3/><U42/><E78/><V69/><F72/><W27/><G57/><T0/><D0/><U125/><E125/><V66/><F126/><W22/><G124/><T64/><D127/><U56/><E42/><V130/><F130/><W75/><G75/><T55/><D64/><U1/><E1/><V111/><F111/><W80/><G84/><T17/><D6/><U2/><E2/><V21/><F44/><W48/><G48/><T79/><D33/><U37/><E37/><V50/><F50/><W14/><G40/><T118/><D118/><U65/><E30/><V105/><F21/><W18/><G39/><T133/><D133/><U94/><E59/><V7/><F105/><W95/><G95/><T51/><D96/><U102/><E12/><V121/><F121/><W43/><G43/><T61/><D61/><U45/><E45/><V25/><F101/><AGARI ba="1,0" hai="34,35,49,53,56,58,63,65,94,97,98,101,102,106" machi="101" ten="30,3900,0" yaku="7,1,52,2" doraHai="29" who="1" fromWho="2" sc="167,0,300,42,270,-42,263,0" /><INIT seed="3,0,0,2,2,104" ten="167,342,228,263" oya="3" hai0="77,97,43,118,88,61,59,56,107,103,34,109,78" hai1="127,85,135,87,128,49,6,133,99,116,3,38,5" hai2="57,58,1,30,8,12,42,62,89,132,16,98,55" hai3="64,36,37,126,124,74,76,131,53,84,94,75,71"/><W90/><G76/><T93/><D118/><U101/><E38/><N who="3" m="14954" /><G53/><T27/><D109/><U86/><E116/><V106/><F132/><N who="1" m="50761" /><E128/><V119/><F119/><W130/><G64/><T83/><D43/><U32/><E127/><N who="3" m="48682" /><G71/><T24/><D34/><U51/><E32/><V73/><F42/><W10/><G10/><T129/><D129/><AGARI ba="0,0" hai="74,75,84,90,94,129,130,131" m="48682,14954" machi="129" ten="40,12000,1" yaku="19,1,18,1,52,2" doraHai="104" who="3" fromWho="0" sc="167,-120,342,0,228,0,263,120" owari="47,-45.3,342,14.2,228,-17.2,383,48.3" /></mjloggm>