<mjloggm ver="2.3"><GO type="225" lobby="0"/><UN n0="%E3%81%9F%E3%81%93%E2%98%86%E7%84%BC%E3%81%8D" n1="%E3%81%95%E3%81%8D%E3%81%9F%E3%81%BE%E6%9E%97%E6%AA%8E" n2="%6D%75%75%6D%75%72%61" n3="%72%69%6F%75%63%68%61%6E" dan="16,16,16,16" rate="2076.86,2115.59,2154.90,2135.28" sx="M,M,F,M"/><TAIKYOKU oya="0"/><INIT seed="0,0,0,1,3,58" ten="250,250,250,250" oya="0" hai0="74,109,11,52,118,37,111,8,79,112,24,68,86" hai1="134,99,36,19,47,9,30,7,106,18,107,108,114" hai2="1,0,59,130,49,53,121,84,101,33,126,89,100" hai3="5,51,45,82,132,66,95,76,65,80,12,31,103"/><T64/><D37/><U22/><E108/><N who="0" m="41545" /><D112/><U34/><E134/><V26/><F121/><W38/><G38/><T116/><D74/><U48/><E36/><V94/><F130/><W113/><G113/><T129/><D24/><U72/><E72/><V90/><F126/><W92/><G132/><T46/><D129/><U125/><E34/><V128/><F128/><W42/><G31/><T23/><D23/><U117/><E117/><N who="0" m="45161" /><D79/><U17/><E125/><V4/><F89/><W54/><G54/><T16/><D86/><U20/><E20/><V105/><F105/><W10/><G80/><T32/><D32/><U123/><E22/><V110/><F110/><W93/><REACH who="3" step="1"/><G103/><REACH who="3" ten="250,250,250,240" step="2"/><T88/><D52/><U50/><E114/><V97/><F100/><W73/><AGARI ba="0,1" hai="5,10,12,42,45,51,65,66,73,76,82,92,93,95" machi="73" ten="30,4000,0" yaku="1,1,2,1,0,1,53,0" doraHai="58" doraHaiUra="71" who="3" fromWho="3" sc="250,-20,250,-10,250,-10,240,50" /><INIT seed="1,0,0,5,3,65" ten="230,240,240,290" oya="1" hai0="51,41,64,80,110,27,26,78,21,14,89,18,76" hai1="113,87,38,62,109,20,132,92,122,8,107,66,112" hai2="6,83,117,7,36,63,40,129,45,98,25,100,59" hai3="34,71,47,48,55,119,73,35,95,106,61,31,99"/><U50/><E122/><V101/><F129/><W91/><G119/><T52/><D110/><U56/><E107/><V12/><F117/><W10/><G73/><T9/><D41/><U32/><E32/><V81/><F25/><W60/><G106/><T1/><D1/><U111/><E38/><V127/><F127/><W86/><G71/><T97/><D64/><U4/><E132/><V58/><F58/><W103/><G10/><T116/><D27/><U114/><E20/><V135/><F135/><W105/><REACH who="3" step="1"/><G35/><REACH who="3" ten="230,240,240,280" step="2"/><T74/><D74/><U67/><E113/><V128/><F128/><W30/><G30/><T123/><D123/><U104/><E104/><V72/><F72/><W108/><G108/><T118/><D116/><U134/><E134/><V3/><F6/><W33/><G33/><T120/><D120/><U0/><E114/><V37/><F7/><W133/><G133/><T53/><D118/><U39/><E112/><V11/><F11/><W23/><G23/><T82/><D21/><U2/><E8/><V94/><F3/><W68/><G68/><T42/><D9/><U15/><E4/><V70/><F70/><W46/><G46/><T102/><D18/><U69/><E69/><V19/><F45/><W13/><G13/><T88/><D14/><U16/><E2/><V29/><F29/><W49/><G49/><T43/><D51/><U24/><E0/><V131/><F131/><W79/><G79/><T5/><D5/><U125/><E109/><V115/><F115/><W44/><G44/><T57/><D78/><U121/><E111/><V96/><F12/><RYUUKYOKU ba="0,1" sc="230,-10,240,-10,240,-10,280,30" hai3="31,34,47,48,55,60,61,86,91,95,99,103,105" /><INIT seed="2,1,1,5,2,33" ten="220,230,230,310" oya="2" hai0="90,113,38,9,95,34,47,118,10,31,68,13,81" hai1="98,15,127,126,21,83,18,48,75,107,87,123,104" hai2="100,66,91,71,6,111,17,56,32,70,88,46,77" hai3="0,8,28,54,22,135,99,36,115,57,14,58,42"/><V51/><F32/><W122/><G122/><T114/><D118/><U27/><E75/><V40/><F111/><W94/><G135/><T19/><D68/><U131/><E131/><V69/><F77/><W53/><G115/><T73/><D34/><U52/><E123/><V39/><F100/><W117/><G117/><T93/><D31/><U86/><E27/><V78/><F78/><W20/><G0/><T129/><D129/><U60/><E60/><V2/><F17/><W89/><G42/><T29/><D29/><U49/><E49/><V74/><F74/><W79/><G36/><T67/><D67/><U112/><E87/><V3/><F6/><W43/><G43/><T92/><D47/><N who="1" m="27679" /><E98/><V62/><REACH who="2" step="1"/><F39/><REACH who="2" ten="220,230,220,310" step="2"/><W102/><G79/><T85/><D38/><U55/><E112/><V110/><F110/><W132/><G102/><T59/><D73/><U134/><E134/><V133/><F133/><W82/><G132/><T24/><D114/><U61/><E107/><V124/><F124/><W72/><G72/><T130/><D130/><U80/><E104/><V109/><F109/><W103/><G103/><T65/><D113/><U5/><E5/><V105/><F105/><W35/><G35/><T84/><D90/><AGARI ba="1,2" hai="2,3,40,46,51,56,62,66,69,70,71,88,90,91" machi="90" ten="40,12000,1" yaku="1,1,52,2,54,1,53,0" doraHai="33" doraHaiUra="96" who="2" fromWho="0" sc="220,-123,230,0,220,143,310,0" /><INIT seed="2,2,0,2,5,11" ten="97,230,363,310" oya="2" hai0="43,87,39,57,10,55,114,14,1,89,2,96,80" hai1="12,88,135,18,63,81,28,115,97,16,112,106,56" hai2="5,65,25,54,134,109,111,93,104,84,42,82,121" hai3="34,36,46,45,132,130,67,58,15,123,94,79,86"/><V53/><F121/><W61/><G123/><T22/><D114/><U30/><E106/><V48/><F104/><W78/><G34/><T108/><D108/><N who="2" m="41546" /><F65/><W64/><G130/><T133/><D133/><U35/><E35/><V74/><F74/><W101/><G132/><T50/><D96/><U129/><E129/><V100/><F5/><W75/><G75/><T24/><D43/><U17/><E135/><V19/><F93/><W9/><G64/><T131/><D39/><U47/><E115/><V125/><F100/><W90/><G101/><T27/><D131/><U33/><E33/><V124/><F134/><W7/><REACH who="3" step="1"/><G36/><REACH who="3" ten="97,230,363,300" step="2"/><T40/><D40/><U92/><E112/><V128/><F128/><W21/><G21/><T119/><D119/><U95/><E81/><V23/><F42/><W127/><G127/><T38/><D38/><U8/><E95/><V41/><F41/><W0/><G0/><T62/><D2/><U13/><E47/><AGARI ba="2,1" hai="7,9,15,45,46,47,58,61,67,78,79,86,90,94" machi="47" ten="40,5200,0" yaku="1,1,8,1,52,1,53,0" doraHai="11" doraHaiUra="99" who="3" fromWho="1" sc="97,0,230,-58,363,0,300,68" /><INIT seed="3,0,0,3,1,131" ten="97,172,363,368" oya="3" hai0="89,117,132,60,12,123,64,7,86,15,134,84,39" hai1="98,20,0,6,9,76,103,16,75,5,88,46,95" hai2="28,57,77,52,120,47,97,22,93,4,29,51,72" hai3="79,1,17,68,85,129,8,101,124,62,81,109,67"/><W94/><G129/><T110/><D39/><U130/><E130/><V91/><F72/><W3/><G109/><T115/><D110/><U126/><E126/><V38/><F38/><W119/><G124/><T59/><D117/><U96/><E6/><V35/><F35/><W61/><G119/><T26/><D123/><U54/><E75/><V2/><F2/><W113/><G113/><T30/><D115/><U11/><E76/><V102/><F120/><W40/><G40/><T53/><D7/><U104/><E11/><V21/><F77/><W80/><G62/><T14/><D64/><U71/><E71/><V56/><F102/><W44/><G44/><T114/><D114/><U100/><E54/><N who="2" m="30079" /><F4/><W27/><G81/><T31/><D31/><N who="2" m="11850" /><F57/><W112/><G112/><T74/><D74/><U49/><E49/><AGARI ba="0,0" hai="21,22,49,52,56,91,93,97" m="11850,30079" machi="49" ten="30,2000,0" yaku="8,1,54,1" doraHai="131" who="2" fromWho="1" sc="97,0,172,-20,363,20,368,0" owari="97,-40.3,152,-24.8,383,48.3,368,16.8" /></mjloggm>