<mjloggm ver="2.3"><GO type="225" lobby="0"/><UN n0="%E3%81%9F%E3%81%93%E2%98%86%E7%84%BC%E3%81%8D" n1="%E3%81%99%E3%81%84%E3%81%BE%E3%81%9B%E3%83%BC%E3%82%93" n2="%E3%81%95%E3%81%8D%E3%81%9F%E3%81%BE%E6%9E%97%E6%AA%8E" n3="%E9%80%9F%E6%B0%B4%E5%87%9B%E9%A6%99" dan="16,16,16,16" rate="2110.38,2155.41,2125.33,2158.39" sx="M,M,M,F"/><TAIKYOKU oya="0"/><INIT seed="0,0,0,1,0,135" ten="250,250,250,250" oya="0" hai0="45,40,51,49,70,30,17,46,126,58,32,116,132" hai1="124,62,36,3,107,123,115,119,100,15,20,14,22" hai2="12,26,109,34,63,75,113,61,39,78,118,47,127" hai3="87,131,38,48,82,52,111,102,101,59,76,79,67"/><T64/><D32/><U23/><E119/><V66/><F109/><W110/><G38/><N who="0" m="21655" /><D30/><U77/><E36/><V133/><F113/><W74/><G131/><T86/><D86/><U114/><E123/><V97/><F133/><W129/><G129/><T21/><D21/><U53/><E3/><V5/><F118/><W4/><G4/><T33/><D17/><U6/><E77/><V128/><F128/><W65/><G76/><T25/><D25/><U98/><E124/><V10/><F75/><W71/><G74/><T80/><D80/><U28/><E28/><V106/><F78/><W94/><G71/><T108/><D33/><U105/><E105/><V73/><F73/><W122/><G122/><T0/><D0/><U88/><E6/><V7/><F7/><W54/><G111/><T1/><D1/><U60/><E88/><V99/><F61/><N who="1" m="23657" /><E53/><V96/><F127/><W57/><G110/><T42/><D116/><U121/><E121/><V120/><F120/><W90/><G79/><T125/><D132/><U117/><E117/><V2/><F2/><W35/><G35/><T134/><D134/><U29/><E29/><N who="2" m="19767" /><F106/><W16/><G16/><T69/><D64/><N who="3" m="24649" /><G82/><T103/><D103/><U31/><E31/><V41/><F99/><W19/><G19/><T55/><D108/><U85/><E85/><V50/><F39/><W130/><G130/><T81/><D81/><U56/><E56/><N who="2" m="37223" /><F97/><W91/><G91/><T72/><D72/><U37/><E37/><V8/><F96/><W44/><G44/><T112/><D112/><AGARI ba="0,0" hai="14,15,20,22,23,98,100,107,112,114,115" m="23657" machi="112" ten="30,1000,0" yaku="11,1" doraHai="135" who="1" fromWho="0" sc="250,-10,250,10,250,0,250,0" /><INIT seed="1,0,0,1,2,93" ten="240,260,250,250" oya="1" hai0="86,127,84,6,65,100,20,107,58,135,102,33,112" hai1="103,73,118,83,61,129,128,77,60,11,49,12,114" hai2="28,94,24,82,116,13,97,4,75,121,48,40,31" hai3="85,9,1,26,106,131,39,74,110,92,8,90,45"/><U17/><E114/><V32/><F116/><W19/><G110/><T66/><D33/><U98/><E118/><V14/><F121/><W81/><G131/><N who="1" m="50250" /><E49/><V99/><F75/><W96/><G1/><T0/><D135/><U122/><E122/><V79/><F94/><AGARI ba="0,0" hai="11,12,17,60,61,73,77,83,94,98,103" m="50250" machi="94" ten="30,2900,0" yaku="19,1,52,1" doraHai="93" who="1" fromWho="2" sc="240,0,260,29,250,-29,250,0" /><INIT seed="1,1,0,4,2,39" ten="240,289,221,250" oya="1" hai0="63,114,46,104,94,110,128,132,23,22,99,1,8" hai1="5,59,70,75,48,26,125,19,21,85,82,115,97" hai2="102,17,14,108,57,36,88,100,33,90,3,111,25" hai3="42,68,96,65,81,51,86,40,13,4,45,18,126"/><U67/><E115/><V134/><F3/><W32/><G32/><T7/><D110/><N who="2" m="42026" /><F134/><W87/><G126/><T20/><D128/><U6/><E75/><V66/><F36/><W127/><G127/><T37/><D132/><U58/><E125/><V124/><F124/><W71/><G71/><T109/><D109/><U9/><E97/><V30/><F57/><W78/><G4/><T123/><D63/><N who="1" m="38391" /><E70/><V34/><F34/><W122/><G122/><T129/><D129/><U12/><E59/><V130/><F66/><W74/><G65/><T52/><D123/><U121/><E48/><V53/><F53/><N who="3" m="29935" /><G74/><T35/><D35/><U120/><E120/><V0/><F0/><W98/><G87/><T113/><D104/><U95/><E121/><V2/><F2/><W118/><G68/><T72/><D72/><U101/><E101/><N who="2" m="39019" /><F130/><W76/><G76/><T16/><D114/><U64/><E64/><V15/><F15/><W10/><G118/><T133/><D133/><U93/><E5/><V131/><F131/><W11/><G11/><AGARI ba="1,0" hai="11,14,17,25,30,33,88,90" m="39019,42026" machi="11" ten="30,2000,0" yaku="14,1,54,1" doraHai="39" who="2" fromWho="3" sc="240,0,289,0,221,23,250,-23" /><INIT seed="2,0,0,0,5,130" ten="240,289,244,227" oya="2" hai0="12,104,7,10,38,77,78,33,126,110,28,19,17" hai1="93,70,107,129,92,65,116,37,66,95,48,29,76" hai2="71,89,43,47,81,101,109,125,62,69,4,3,96" hai3="57,80,46,24,55,133,52,117,14,108,84,2,103"/><V35/><F125/><W94/><G2/><T72/><D38/><U42/><E116/><V124/><F124/><W115/><G117/><T122/><D104/><U91/><E107/><N who="2" m="63911" /><F89/><W60/><G108/><T73/><D122/><U54/><E129/><V61/><F61/><W27/><G133/><T123/><D123/><U9/><E70/><V113/><F113/><W119/><G119/><T82/><D110/><U114/><E76/><V15/><F15/><W40/><G55/><T22/><D33/><U132/><E132/><V102/><F102/><W0/><G0/><T111/><D111/><U100/><E100/><V11/><F62/><W13/><G115/><T63/><D63/><U21/><E114/><V90/><F90/><W30/><G94/><T79/><D126/><U118/><E118/><V50/><F109/><W49/><G103/><T67/><D67/><U86/><E95/><V64/><F64/><W121/><G121/><T120/><D120/><U97/><E93/><V34/><F81/><W83/><G83/><T135/><D135/><U74/><E97/><V56/><F56/><W1/><G1/><T36/><D36/><U41/><E37/><V87/><F87/><W58/><G58/><T53/><D53/><U127/><E127/><V105/><F105/><W32/><REACH who="3" step="1"/><G24/><REACH who="3" ten="240,289,244,217" step="2"/><T75/><D82/><U26/><E92/><V134/><F134/><W112/><G112/><T131/><D131/><U39/><E65/><V31/><F71/><W18/><G18/><T106/><REACH who="0" step="1"/><D106/><REACH who="0" ten="230,289,244,217" step="2"/><U98/><E66/><V16/><F69/><W51/><G51/><T8/><D8/><RYUUKYOKU ba="0,2" sc="230,15,289,-15,244,-15,217,15" hai0="7,10,12,17,19,22,28,72,73,75,77,78,79" hai3="13,14,27,30,32,40,46,49,52,57,60,80,84" /><INIT seed="3,1,2,3,2,73" ten="245,274,229,232" oya="3" hai0="56,103,118,8,107,86,25,89,94,96,23,111,106" hai1="31,32,65,12,71,115,79,130,46,97,72,129,125" hai2="3,133,9,110,44,1,67,80,116,126,49,4,24" hai3="37,66,10,74,43,27,51,29,124,120,45,134,13"/><W127/><G74/><T26/><D111/><U82/><E115/><V81/><F116/><W20/><G120/><T83/><D118/><U16/><E125/><N who="3" m="48202" /><G134/><T54/><D8/><U131/><E46/><V2/><F126/><W0/><G66/><T58/><D56/><U93/><E31/><V69/><F110/><W41/><G0/><T84/><D25/><U87/><E32/><V101/><F133/><W91/><G91/><T61/><D86/><U59/><E71/><V14/><F101/><W77/><G77/><T48/><D48/><U117/><E117/><V30/><F67/><W55/><G37/><T63/><D63/><N who="1" m="38143" /><E72/><V38/><F38/><W70/><G70/><T40/><D40/><U135/><E135/><V92/><F69/><W35/><G35/><T52/><D54/><U15/><E16/><AGARI ba="1,2" hai="10,13,16,20,27,29,41,43,45,51,55" m="48202" machi="16" ten="30,2900,0" yaku="18,1,54,1" doraHai="73" who="3" fromWho="1" sc="245,0,274,-32,229,0,232,52" /><AGARI ba="1,0" hai="16,23,26,52,58,61,83,84,89,94,96,103,106,107" machi="16" ten="30,3900,0" yaku="7,1,54,2" doraHai="73" who="0" fromWho="1" sc="245,39,242,-39,229,0,284,0" /><INIT seed="3,2,0,2,3,115" ten="284,203,229,284" oya="3" hai0="73,51,46,122,81,88,78,117,42,63,33,10,39" hai1="110,103,123,59,56,26,31,24,9,128,29,94,48" hai2="124,86,61,6,53,84,27,13,126,43,4,74,30" hai3="32,3,5,93,95,17,28,50,83,90,105,135,82"/><W44/><G105/><T107/><D33/><U57/><E123/><V47/><F74/><W0/><G0/><T131/><D107/><U75/><E75/><V133/><F133/><W92/><G3/><T69/><D131/><U14/><E128/><V1/><F1/><W38/><G38/><T111/><D111/><U55/><E110/><V70/><F86/><W40/><G5/><T100/><D10/><U18/><E103/><V85/><F85/><W72/><G72/><T36/><D100/><U8/><E94/><N who="3" m="36458" /><G28/><N who="1" m="10826" /><E8/><V106/><F106/><W76/><G32/><T80/><D117/><U98/><E98/><V62/><F84/><N who="3" m="52679" /><G135/><T67/><D122/><U37/><E37/><V71/><F71/><W64/><G64/><T119/><D119/><U21/><E9/><N who="2" m="4263" /><F6/><W7/><G7/><T22/><D81/><N who="3" m="30729" /><G17/><T120/><D120/><U97/><E97/><V66/><F70/><W114/><G114/><T23/><D36/><U34/><E34/><N who="2" m="20831" /><F66/><W45/><G45/><AGARI ba="2,0" hai="14,18,21,24,26,45,48,55,56,57,59" m="10826" machi="45" ten="30,1000,0" yaku="8,1" doraHai="115" who="1" fromWho="3" sc="284,0,203,16,229,0,284,-16" /><INIT seed="4,0,0,0,5,92" ten="284,219,229,268" oya="0" hai0="76,31,66,42,6,52,114,77,123,22,115,19,63" hai1="17,39,61,44,79,49,69,130,34,8,93,99,89" hai2="134,62,75,27,113,96,13,74,81,86,85,135,102" hai3="83,51,90,53,73,129,133,128,25,26,56,67,88"/><T5/><D123/><U35/><E130/><N who="3" m="50282" /><G133/><N who="2" m="50697" /><F13/><W64/><G73/><N who="2" m="27657" /><F27/><N who="3" m="10251" /><G83/><T18/><D42/><U14/><E39/><V7/><F7/><N who="0" m="2570" /><D52/><U29/><E79/><N who="0" m="30281" /><D31/><U117/><E117/><V32/><F32/><W54/><G54/><T121/><D22/><U1/><E1/><V101/><F62/><N who="3" m="37959" /><G88/><T124/><D124/><U125/><E125/><V4/><F4/><W55/><G90/><T132/><D121/><U45/><E29/><V116/><F116/><W112/><G55/><T37/><D37/><U80/><E80/><V122/><F122/><W2/><G2/><T97/><D132/><U43/><REACH who="1" step="1"/><E45/><REACH who="1" ten="284,209,229,268" step="2"/><V15/><F81/><W57/><G112/><T100/><D114/><U111/><E111/><V40/><F113/><W21/><G67/><AGARI ba="0,1" hai="8,14,17,34,35,43,44,49,61,67,69,89,93,99" machi="67" ten="40,5200,0" yaku="1,1,52,1,53,1" doraHai="92" doraHaiUra="11" who="1" fromWho="3" sc="284,0,209,62,229,0,268,-52" /><INIT seed="5,0,0,3,0,70" ten="284,271,229,216" oya="1" hai0="133,109,56,100,118,31,21,120,106,132,38,68,79" hai1="44,13,75,77,22,103,60,129,8,123,67,90,71" hai2="66,115,24,53,82,41,58,130,126,83,43,51,89" hai3="113,135,26,116,42,37,99,40,23,69,76,25,3"/><U36/><E123/><V17/><F130/><W47/><G69/><T112/><D68/><U12/><E129/><V74/><F126/><W10/><G3/><T11/><D79/><U4/><E103/><V50/><F74/><W114/><G76/><T29/><D109/><U45/><E90/><V55/><F66/><W2/><G135/><T111/><D111/><U0/><E44/><V33/><F33/><W78/><G78/><T16/><D118/><U9/><E22/><V35/><F35/><W20/><G99/><T101/><D38/><U97/><E97/><V96/><F115/><N who="3" m="44043" /><G116/><T125/><D125/><U91/><E91/><V48/><F96/><W63/><G63/><T30/><D120/><U110/><E9/><V86/><F83/><W28/><G40/><T119/><D11/><U127/><E110/><V128/><F128/><W87/><G87/><T18/><D106/><U124/><E124/><V61/><REACH who="2" step="1"/><F55/><REACH who="2" ten="284,271,219,216" step="2"/><W104/><G104/><T117/><D112/><U108/><E127/><V57/><F57/><W1/><G10/><T62/><D117/><U59/><E108/><V88/><F88/><W5/><G5/><T95/><D119/><U102/><E71/><V54/><F54/><W93/><G93/><T98/><D133/><U92/><E92/><V105/><F105/><W122/><G122/><T7/><D132/><U84/><E102/><V15/><F15/><W73/><G73/><T14/><D101/><U52/><E75/><V131/><F131/><W72/><G72/><T49/><D100/><U27/><E0/><V121/><F121/><W39/><G39/><RYUUKYOKU ba="0,1" sc="284,-15,271,-15,219,15,216,15" hai2="17,24,41,43,48,50,51,53,58,61,82,86,89" hai3="1,2,20,23,25,26,28,37,42,47" /><INIT seed="6,1,1,5,0,130" ten="269,256,234,231" oya="2" hai0="19,56,42,37,36,128,99,82,78,38,114,48,10" hai1="33,129,1,120,62,2,95,75,3,65,63,87,24" hai2="41,53,111,34,16,121,125,117,45,132,21,85,6" hai3="107,122,83,106,50,104,55,108,61,51,105,77,96"/><V90/><F117/><W0/><G0/><T119/><D128/><U126/><E75/><V14/><F121/><W23/><G122/><T64/><D114/><U60/><E129/><V94/><F132/><W97/><G108/><T5/><D99/><U49/><E120/><V84/><F125/><W115/><N who="3" m="26624" /><DORA hai="39" /><W89/><G115/><T8/><D10/><U102/><E126/><V29/><F111/><W131/><G131/><T43/><D19/><U88/><E102/><V71/><F71/><W52/><G23/><T31/><D31/><U92/><E49/><V72/><F72/><W46/><G61/><T127/><D119/><U113/><E113/><V109/><F109/><W81/><G89/><T76/><D76/><U57/><REACH who="1" step="1"/><E95/><REACH who="1" ten="269,246,234,231" step="2"/><V68/><F68/><W40/><G40/><T79/><D48/><U70/><E70/><V124/><F124/><W59/><REACH who="3" step="1"/><G83/><REACH who="3" ten="269,246,234,221" step="2"/><T44/><D82/><U112/><E112/><V12/><F41/><W7/><G7/><T58/><D127/><U35/><E35/><V25/><F6/><W103/><G103/><T20/><D37/><U17/><E17/><V47/><F34/><W118/><G118/><T73/><D36/><U98/><E98/><V101/><F101/><W13/><G13/><T134/><D38/><U15/><E15/><V86/><F12/><W91/><G91/><T123/><D123/><U30/><AGARI ba="1,3" hai="1,2,3,24,30,33,57,60,62,63,65,87,88,92" machi="30" ten="40,8000,1" yaku="1,1,0,1,54,1,53,2" doraHai="130,39" doraHaiUra="26,27" who="1" fromWho="1" sc="269,-21,246,113,234,-41,221,-21" owari="248,4.8,359,45.9,193,-30.7,200,-20.0" /></mjloggm>