<mjloggm ver="2.3"><GO type="225" lobby="0"/><UN n0="%72%69%6F%75%63%68%61%6E" n1="%E3%83%A9%E3%83%BC%E3%83%A1%E3%83%B3%E4%BA%94%E9%83%8E" n2="%4B%69%74%61%6D%75%72%61" n3="%E3%83%8F%E3%83%B3%E3%83%89%E3%83%A9%E3%83%BC%E3%83%BB%E3%83%AF%E3%83%B3" dan="16,16,17,16" rate="2150.73,2091.90,2163.58,2173.74" sx="M,M,F,M"/><TAIKYOKU oya="0"/><INIT seed="0,0,0,4,5,30" ten="250,250,250,250" oya="0" hai0="103,98,90,20,36,108,126,51,58,9,69,24,54" hai1="48,27,106,75,110,45,134,53,101,22,55,100,113" hai2="18,42,67,34,84,117,0,33,43,112,46,81,109" hai3="56,124,38,130,102,17,47,123,65,115,19,13,73"/><T76/><D126/><U31/><E110/><V125/><F112/><W44/><G115/><T114/><D114/><U87/><E113/><V88/><F0/><W127/><G73/><T32/><D108/><U49/><E134/><V72/><F109/><W66/><G130/><T116/><D116/><U128/><E75/><V85/><F72/><W28/><G102/><T120/><D120/><U105/><E128/><V68/><F125/><N who="3" m="48203" /><G123/><T122/><D122/><U79/><E105/><V82/><F117/><W21/><G38/><T12/><D69/><U62/><E62/><V132/><F132/><W25/><G19/><T93/><D36/><U96/><E101/><V92/><F18/><W129/><G129/><T107/><D32/><U41/><REACH who="1" step="1"/><E49/><REACH who="1" ten="250,240,250,250" step="2"/><V40/><F68/><W80/><G66/><T39/><D39/><U6/><E6/><V57/><F67/><W29/><G29/><N who="0" m="17543" /><D107/><U11/><E11/><V99/><F57/><W77/><G56/><T91/><D76/><U63/><E63/><V131/><F131/><W3/><G65/><T95/><D93/><U135/><E135/><V64/><F64/><W1/><G77/><T70/><D70/><U37/><E37/><V74/><F74/><W5/><G5/><AGARI ba="0,1" hai="5,9,12,51,54,58,90,91,95,98,103" m="17543" machi="5" ten="30,1500,0" yaku="8,1" doraHai="30" who="0" fromWho="3" sc="250,25,240,0,250,0,250,-15" /><INIT seed="0,1,0,0,3,95" ten="275,240,250,235" oya="0" hai0="108,67,41,33,58,27,91,69,92,0,16,64,90" hai1="43,23,119,3,54,79,65,40,10,94,114,18,110" hai2="83,68,74,24,132,115,39,66,125,29,122,22,124" hai3="12,4,13,7,44,31,62,86,46,37,85,25,6"/><T63/><D0/><U60/><E119/><V134/><F122/><W50/><G37/><T130/><D130/><U126/><E110/><V5/><F39/><W101/><G101/><T8/><D108/><U9/><E126/><N who="2" m="48747" /><F66/><W45/><G62/><T128/><D128/><U89/><E114/><V19/><F68/><W26/><G50/><T133/><D133/><N who="2" m="51306" /><F83/><W11/><G31/><T35/><D41/><U106/><E65/><V113/><F74/><W120/><G120/><T87/><D91/><U97/><E89/><V59/><F59/><W107/><G107/><T53/><D67/><U88/><E106/><V135/><N who="2" m="51314" /><V109/><DORA hai="34" /><F109/><W118/><G118/><T111/><D111/><U78/><E78/><V61/><F61/><W99/><G99/><T14/><REACH who="0" step="1"/><D27/><REACH who="0" ten="265,240,250,235" step="2"/><N who="3" m="10249" /><G13/><T57/><D57/><U52/><E3/><V129/><F129/><W36/><G36/><T49/><AGARI ba="1,1" hai="8,14,16,33,35,49,53,58,63,64,69,87,90,92" machi="49" ten="20,18000,2" yaku="1,1,0,1,7,1,54,1,53,3" doraHai="95,34" doraHaiUra="48,30" who="0" fromWho="0" sc="265,193,240,-61,250,-61,235,-61" /><INIT seed="0,2,0,4,4,67" ten="458,179,189,174" oya="0" hai0="48,114,12,35,19,75,91,85,52,50,117,119,61" hai1="72,65,101,2,16,39,6,9,104,27,103,51,134" hai2="0,17,18,70,116,118,56,124,79,36,109,129,99" hai3="5,47,84,125,127,10,92,81,93,60,57,113,71"/><T20/><D114/><U83/><E134/><V121/><F121/><W54/><G113/><T25/><D75/><U80/><E39/><V49/><F36/><W3/><G47/><T66/><D48/><U32/><E104/><V45/><F0/><W94/><REACH who="3" step="1"/><G71/><REACH who="3" ten="458,179,189,164" step="2"/><T30/><D66/><U82/><E65/><V90/><F70/><W87/><G87/><T28/><D61/><U24/><E72/><V105/><F45/><W131/><G131/><T21/><D35/><U89/><E32/><V107/><F129/><W73/><G73/><T34/><D34/><U112/><E112/><V8/><F118/><W62/><G62/><T55/><D55/><U43/><E43/><V11/><F116/><W42/><G42/><T40/><D40/><U38/><E38/><V98/><F49/><W128/><G128/><T77/><D77/><AGARI ba="2,1" hai="3,5,10,54,57,60,77,81,84,92,93,94,125,127" machi="77" ten="40,1300,0" yaku="1,1,53,0" doraHai="67" doraHaiUra="95" who="3" fromWho="0" sc="458,-19,179,0,189,0,164,29" /><INIT seed="1,0,0,1,2,111" ten="439,179,189,193" oya="1" hai0="22,118,46,78,60,35,21,119,82,59,101,30,126" hai1="65,11,135,125,80,113,52,105,86,128,55,102,129" hai2="130,42,34,96,84,25,61,47,17,32,18,134,110" hai3="41,121,72,107,79,2,85,87,23,33,127,62,63"/><U112/><E135/><V122/><F110/><W7/><G33/><T45/><D126/><U44/><E125/><V71/><F130/><N who="1" m="50281" /><E65/><V69/><F122/><W40/><G107/><T38/><D35/><U93/><E105/><V58/><F134/><W77/><G72/><T103/><D119/><U49/><E11/><V97/><F84/><N who="3" m="32331" /><G2/><T39/><D118/><U98/><E55/><V120/><F120/><W26/><G7/><T19/><D38/><U28/><E28/><V91/><F71/><W16/><G121/><T133/><D30/><U3/><E3/><V29/><F69/><W31/><G31/><T13/><D133/><U43/><E43/><N who="3" m="16458" /><G127/><T37/><D37/><U0/><E0/><V100/><F34/><W24/><G24/><T70/><D70/><U89/><AGARI ba="0,0" hai="44,49,52,80,86,89,93,98,102,112,113" m="50281" machi="89" ten="30,11700,0" yaku="19,1,52,2,54,1" doraHai="111" who="1" fromWho="1" sc="439,-39,179,117,189,-39,193,-39" /><INIT seed="1,1,0,3,5,67" ten="400,296,150,154" oya="1" hai0="73,37,94,76,58,60,101,39,7,29,2,113,70" hai1="21,15,45,132,57,99,11,84,130,18,82,26,129" hai2="77,71,61,109,44,72,6,40,19,13,23,116,93" hai3="64,22,5,3,17,54,51,88,55,83,46,103,79"/><U8/><E132/><V111/><F116/><W66/><G103/><T92/><D113/><U78/><E57/><V86/><F72/><W85/><G3/><T100/><D70/><U118/><E118/><V42/><F6/><W62/><G5/><T107/><D107/><U27/><E99/><V91/><F77/><W117/><G117/><T48/><D29/><U134/><E134/><V12/><F12/><W106/><G106/><T122/><D122/><U53/><E53/><V24/><F13/><W32/><G32/><T68/><D94/><U135/><E135/><V34/><F34/><W124/><G124/><T20/><D20/><U114/><E45/><V120/><F120/><W96/><G55/><T105/><D105/><U56/><E56/><V16/><F19/><W104/><G62/><T110/><D60/><U59/><E59/><V33/><F33/><W43/><G43/><T90/><D58/><U112/><E112/><V126/><F126/><W28/><G28/><T95/><D101/><U102/><E102/><V50/><REACH who="2" step="1"/><F40/><REACH who="2" ten="400,296,140,154" step="2"/><W98/><G79/><T65/><D76/><U75/><E114/><V14/><F14/><N who="3" m="9527" /><G104/><T10/><D73/><U1/><E75/><V47/><F47/><W0/><G0/><T123/><D2/><U125/><E125/><V36/><F36/><W49/><G49/><T80/><D39/><U41/><E41/><V108/><F108/><W30/><G30/><T9/><D110/><U31/><E26/><V119/><F119/><W89/><G89/><T52/><D90/><U97/><E1/><V25/><F25/><W81/><G81/><RYUUKYOKU ba="1,1" sc="400,-15,296,-15,140,15,154,15" hai2="16,23,24,42,44,50,61,71,86,91,93,109,111" hai3="46,51,54,64,66,83,85,88,96,98" /><INIT seed="2,2,1,0,0,92" ten="385,281,155,169" oya="2" hai0="71,44,128,113,32,36,5,47,95,99,120,21,112" hai1="109,90,93,52,63,74,53,81,27,48,108,116,107" hai2="129,57,133,43,96,49,72,3,12,87,34,33,6" hai3="124,15,94,115,38,123,75,77,127,64,10,45,82"/><V62/><F72/><W16/><G123/><T114/><D32/><U7/><E116/><V85/><F3/><W1/><G115/><T56/><D71/><U111/><E107/><V104/><F34/><W39/><G64/><T135/><D120/><U119/><E119/><V78/><F33/><W42/><G38/><T61/><D36/><U22/><E7/><V69/><F69/><W0/><REACH who="3" step="1"/><G94/><REACH who="3" ten="385,281,155,159" step="2"/><T28/><D112/><U17/><E93/><V41/><F133/><W117/><G117/><T31/><D135/><U66/><E109/><V19/><F129/><W126/><AGARI ba="2,2" hai="0,1,10,15,16,39,42,45,75,77,82,124,126,127" machi="126" ten="30,7900,0" yaku="1,1,0,1,18,1,54,1,53,0" doraHai="92" doraHaiUra="55" who="3" fromWho="3" sc="385,-22,281,-22,155,-41,159,105" /><INIT seed="3,0,0,1,2,2" ten="363,259,114,264" oya="3" hai0="124,9,56,4,30,3,37,65,63,99,112,44,75" hai1="86,66,41,32,48,64,81,91,103,51,100,20,130" hai2="1,23,95,105,101,31,62,125,109,77,135,61,119" hai3="89,118,122,53,128,79,42,35,39,131,21,71,123"/><W60/><G35/><T34/><D124/><U46/><E32/><V55/><F125/><W22/><G79/><T80/><D112/><U43/><E130/><N who="3" m="49706" /><G118/><T127/><D127/><U113/><E113/><V17/><F119/><W13/><G89/><T38/><D99/><U102/><E20/><N who="3" m="7786" /><G13/><T104/><D104/><U94/><E94/><V15/><F105/><W6/><G6/><T40/><D37/><U5/><E5/><V96/><F1/><W93/><G93/><T87/><D87/><U92/><E92/><V11/><F77/><W57/><G71/><T18/><D18/><U133/><E133/><V74/><F74/><W107/><G107/><T7/><D7/><U121/><E121/><V8/><F135/><W16/><G16/><T69/><D56/><U110/><E110/><V97/><F109/><W70/><G70/><T111/><D111/><U12/><E12/><V68/><F68/><W26/><G26/><N who="0" m="18775" /><D80/><U0/><E0/><V83/><F83/><W98/><G98/><T116/><D75/><U106/><E106/><V108/><F108/><W132/><G132/><T114/><D114/><U84/><E86/><V129/><F129/><W115/><G115/><T59/><D59/><U67/><E64/><V50/><F97/><W47/><AGARI ba="0,0" hai="39,42,47,53,57,60,122,123" m="7786,49706" machi="47" ten="30,1500,0" yaku="19,1" doraHai="2" who="3" fromWho="3" sc="363,-5,259,-5,114,-5,264,15" /><INIT seed="3,1,0,2,3,71" ten="358,254,109,279" oya="3" hai0="50,5,29,35,134,23,63,14,3,135,2,53,28" hai1="18,74,119,52,117,80,88,124,47,10,82,75,42" hai2="90,21,94,19,30,46,20,121,123,16,39,24,86" hai3="131,66,109,93,33,15,38,99,70,96,27,13,101"/><W49/><G131/><T37/><D37/><U98/><E124/><V0/><F0/><N who="0" m="42" /><D35/><U22/><E10/><V61/><F61/><W58/><G109/><T72/><D72/><N who="1" m="27691" /><E52/><V115/><F115/><W81/><G38/><T31/><D63/><U51/><E98/><V110/><F110/><W91/><G70/><T77/><D77/><U59/><E59/><V60/><F60/><W83/><G33/><T32/><D32/><U95/><E22/><V17/><F123/><W87/><G27/><N who="0" m="16511" /><D50/><U40/><E18/><V89/><F121/><W132/><G132/><N who="0" m="50731" /><D53/><U108/><E40/><V79/><F79/><W104/><G83/><T100/><D100/><U25/><E25/><V62/><F62/><W1/><G1/><T6/><D14/><U84/><E108/><V26/><F39/><W67/><G58/><T7/><AGARI ba="1,0" hai="5,6,7,29,31" m="50731,16511,42" machi="7" ten="40,5200,0" yaku="20,1,34,2" doraHai="71" who="0" fromWho="0" sc="358,55,254,-14,109,-14,279,-27" owari="413,51.3,240,-16.0,95,-40.5,252,5.2" /></mjloggm>