<mjloggm ver="2.3"><GO type="225" lobby="0"/><UN n0="%6D%75%75%6D%75%72%61" n1="%E3%83%AC%E3%82%A4%E3%83%88%E3%83%B3%E5%87%86%E6%95%99%E6%8E%88" n2="%E5%8F%AF%E5%85%90%E9%82%A3%E7%94%B1%E5%A4%9A" n3="%72%69%6F%75%63%68%61%6E" dan="17,18,16,17" rate="2170.38,2260.10,2196.01,2251.38" sx="F,M,F,M"/><TAIKYOKU oya="0"/><INIT seed="0,0,0,4,3,43" ten="250,250,250,250" oya="0" hai0="3,123,79,16,26,21,53,78,103,117,38,80,23" hai1="69,88,125,77,134,50,34,10,62,114,70,87,4" hai2="48,55,86,22,54,40,19,56,47,73,45,37,110" hai3="111,32,120,96,68,60,51,101,65,109,59,74,31"/><T83/><D117/><U99/><E134/><V30/><F73/><W25/><G74/><T11/><D123/><U129/><E34/><V107/><F110/><W121/><G59/><T35/><D35/><U15/><E125/><V119/><F119/><W63/><G60/><T61/><D38/><U90/><E129/><V127/><F127/><W71/><G68/><T100/><D3/><U6/><E114/><V9/><F107/><N who="3" m="63911" /><G51/><T118/><D118/><U72/><E72/><V7/><F30/><W36/><G36/><T98/><D11/><U81/><E6/><V89/><F22/><W52/><G52/><T94/><D100/><U128/><E128/><V64/><F19/><W5/><G5/><T2/><D2/><U106/><E50/><V24/><F24/><W133/><G133/><T102/><D102/><U130/><E130/><V85/><F64/><W49/><G49/><T113/><D23/><U29/><E106/><V8/><F8/><W41/><G41/><T108/><D108/><AGARI ba="0,0" hai="25,31,32,63,65,71,108,109,111,120,121" m="63911" machi="108" ten="30,3900,0" yaku="25,1,14,1,23,1" doraHai="43" who="3" fromWho="0" sc="250,-39,250,0,250,0,250,39" /><INIT seed="1,0,0,2,3,13" ten="211,250,250,289" oya="1" hai0="45,80,93,54,36,98,39,60,40,114,53,135,62" hai1="68,89,63,49,132,71,66,29,47,133,91,5,130" hai2="117,28,101,126,81,70,43,78,103,30,61,52,57" hai3="105,97,99,6,111,74,0,42,18,109,23,20,129"/><U90/><E130/><V38/><F117/><W134/><G134/><N who="1" m="51818" /><E29/><V12/><F126/><W113/><G129/><T83/><D135/><U17/><E5/><V110/><F110/><N who="3" m="41995" /><G113/><T34/><D114/><U127/><E127/><V121/><F121/><W115/><G115/><T10/><D36/><U86/><E17/><V19/><F70/><W33/><G74/><T95/><D34/><U7/><E7/><V88/><F38/><W120/><G33/><T124/><D124/><U37/><E37/><V106/><F43/><W102/><G120/><T84/><D10/><U25/><E25/><V64/><F64/><W72/><G72/><T11/><D11/><U22/><E22/><N who="2" m="11623" /><F78/><W51/><G6/><T24/><D24/><U104/><E104/><V85/><F106/><W48/><G0/><T76/><D83/><N who="1" m="49375" /><E71/><V112/><F112/><W21/><G42/><AGARI ba="0,0" hai="42,47,49,63,66,68,90,91" m="49375,51818" machi="42" ten="30,1500,0" yaku="20,1" doraHai="13" who="1" fromWho="3" sc="211,0,250,15,250,0,289,-15" /><INIT seed="1,1,0,4,4,9" ten="211,265,250,274" oya="1" hai0="82,101,25,61,73,13,50,44,14,132,99,45,95" hai1="12,37,113,77,2,134,57,63,130,17,19,21,112" hai2="28,47,102,98,66,36,7,31,105,97,51,71,119" hai3="20,23,27,88,6,100,41,92,120,125,22,131,24"/><U111/><E37/><V106/><F119/><W42/><G125/><T76/><D132/><U56/><E134/><V70/><F36/><W1/><G131/><T91/><D25/><U108/><E130/><V35/><F7/><W123/><G100/><T75/><D75/><U68/><E2/><V55/><F35/><W29/><G20/><T39/><D61/><U87/><E68/><V26/><F66/><W38/><G6/><T30/><D30/><U65/><E57/><V0/><F0/><W116/><G1/><T58/><D58/><U3/><E3/><V16/><F31/><W60/><G116/><T11/><D11/><U78/><E17/><V128/><F128/><W10/><G10/><T135/><D135/><U79/><REACH who="1" step="1"/><E87/><REACH who="1" ten="211,255,250,274" step="2"/><V59/><F59/><W96/><G38/><T46/><D39/><U49/><E49/><V72/><F72/><W80/><G60/><T107/><REACH who="0" step="1"/><D50/><REACH who="0" ten="201,255,250,274" step="2"/><U64/><E64/><V84/><F70/><W32/><G29/><T127/><D127/><U93/><E93/><V18/><F71/><W62/><G92/><T83/><D83/><U8/><E8/><V15/><F28/><W5/><G80/><T69/><D69/><U103/><E103/><V126/><F126/><W85/><G32/><T81/><D81/><U67/><E67/><V94/><F102/><W90/><G23/><T104/><D104/><U121/><E121/><V54/><F105/><W109/><G123/><T48/><D48/><U114/><AGARI ba="1,2" hai="12,19,21,56,63,65,77,78,79,108,111,112,113,114" machi="114" ten="40,7800,0" yaku="1,1,0,1,52,1,53,0" doraHai="9" doraHaiUra="43" who="1" fromWho="1" sc="201,-27,255,101,250,-27,274,-27" /><INIT seed="1,2,0,0,5,99" ten="174,356,223,247" oya="1" hai0="91,115,30,58,59,8,135,44,53,98,41,15,119" hai1="121,88,63,108,87,25,131,36,75,9,56,85,7" hai2="73,0,116,95,84,101,81,96,39,20,54,126,21" hai3="55,76,22,42,123,118,11,134,80,77,50,94,65"/><U14/><E121/><V74/><F116/><W107/><G134/><T16/><D119/><U71/><E75/><V124/><F0/><W61/><G123/><T3/><D135/><U79/><E131/><V33/><F33/><W29/><G107/><T40/><D115/><U12/><E71/><V4/><F39/><W104/><G104/><T24/><D3/><U86/><E36/><V111/><F4/><W109/><G109/><T60/><D44/><U82/><E25/><V129/><F54/><W43/><G118/><T106/><D59/><U132/><E108/><V48/><F48/><W120/><G120/><T130/><D130/><U1/><E86/><V64/><F64/><W6/><G94/><T78/><D78/><U49/><E49/><V13/><F111/><W70/><G77/><T125/><D125/><N who="2" m="48234" /><F129/><W52/><G55/><T112/><D112/><U32/><E32/><V67/><F67/><W133/><G133/><T110/><D110/><U31/><E31/><V27/><F13/><W10/><G6/><T35/><REACH who="0" step="1"/><D91/><REACH who="0" ten="164,356,223,247" step="2"/><U69/><E132/><V128/><F128/><W28/><G76/><T37/><D37/><U122/><E122/><V68/><F68/><W46/><G70/><T90/><D90/><U18/><E69/><V5/><F5/><W2/><G2/><T26/><D26/><U93/><E1/><V113/><F113/><W66/><G46/><T34/><D34/><U57/><E57/><V62/><F27/><W114/><G114/><T127/><D127/><U103/><E56/><V17/><F62/><W38/><G61/><T100/><AGARI ba="2,1" hai="8,15,16,24,30,35,40,41,53,58,60,98,100,106" machi="100" ten="30,12000,2" yaku="1,1,5,1,0,1,52,1,54,1,53,1" doraHai="99" doraHaiUra="23" who="0" fromWho="0" sc="164,136,356,-62,223,-32,247,-32" /><INIT seed="2,0,0,0,4,11" ten="300,294,191,215" oya="2" hai0="46,86,51,42,124,18,103,44,30,21,32,125,126" hai1="92,63,26,66,133,41,79,74,69,99,78,84,13" hai2="27,128,3,17,58,116,39,55,62,106,36,47,90" hai3="7,89,9,135,16,96,65,76,95,93,72,34,22"/><V91/><F116/><W122/><G122/><T40/><D103/><U29/><E74/><V15/><F3/><W68/><G135/><T5/><D5/><U71/><E133/><V0/><F0/><W19/><G34/><T53/><D86/><U33/><E41/><V98/><F128/><W56/><G68/><T20/><D46/><U107/><E71/><V120/><F120/><W49/><G22/><N who="0" m="8811" /><D18/><U61/><E61/><V37/><F27/><AGARI ba="0,0" hai="27,30,32,40,42,44,51,53,124,125,126" m="8811" machi="27" ten="40,1300,0" yaku="18,1" doraHai="11" who="0" fromWho="2" sc="300,13,294,0,191,-13,215,0" /><INIT seed="3,0,0,4,2,124" ten="313,294,178,215" oya="3" hai0="19,86,127,57,26,77,107,103,61,72,36,4,50" hai1="49,58,0,112,81,73,23,21,99,32,63,41,3" hai2="98,123,126,62,91,102,82,14,89,31,54,80,42" hai3="69,20,18,134,70,22,130,29,17,59,85,135,6"/><W9/><G130/><T64/><D36/><U114/><E32/><V128/><F126/><W104/><G104/><T97/><D72/><U74/><E99/><V56/><F123/><W93/><G29/><T55/><D127/><U83/><E49/><V94/><F128/><W35/><G35/><T10/><D77/><U87/><E87/><V125/><F125/><W12/><G59/><T2/><D86/><U7/><E58/><V133/><F133/><N who="3" m="50699" /><G20/><N who="1" m="7754" /><E63/><V116/><F116/><W43/><G43/><T96/><D96/><U88/><E88/><V110/><F110/><W122/><G122/><T46/><REACH who="0" step="1"/><D19/><REACH who="0" ten="303,294,178,215" step="2"/><N who="3" m="7177" /><G22/><T37/><D37/><U117/><E117/><V78/><F31/><W40/><G40/><T106/><D106/><U108/><E41/><V121/><F121/><W105/><G105/><T45/><D45/><U84/><E108/><V44/><F14/><W24/><G24/><AGARI ba="0,1" hai="2,4,10,24,26,46,50,55,57,61,64,97,103,107" machi="24" ten="40,1300,0" yaku="1,1,53,0" doraHai="124" doraHaiUra="65" who="0" fromWho="3" sc="303,23,294,0,178,0,215,-13" owari="326,42.6,294,9.4,178,-32.2,202,-19.8" /></mjloggm>