<mjloggm ver="2.3"><GO type="225" lobby="0"/><UN n0="%E3%81%99%E3%81%84%E3%81%BE%E3%81%9B%E3%83%BC%E3%82%93" n1="%72%69%6F%75%63%68%61%6E" n2="%E3%81%B5%E3%81%98%E3%81%8B%E3%81%A4" n3="%E4%BF%BA%E3%81%A8%E5%A6%96%E5%A4%A2" dan="18,17,16,17" rate="2199.09,2205.17,2193.93,2170.99" sx="M,M,M,F"/><TAIKYOKU oya="0"/><INIT seed="0,0,0,4,0,3" ten="250,250,250,250" oya="0" hai0="52,84,131,49,98,129,45,62,50,69,41,77,96" hai1="55,106,46,44,91,90,72,120,57,63,16,8,130" hai2="122,11,126,83,17,23,60,43,75,95,99,103,78" hai3="97,21,34,33,101,112,13,9,14,115,18,2,100"/><T48/><D77/><U104/><E120/><V4/><F122/><W79/><G79/><T128/><D84/><U116/><E116/><V32/><F126/><W123/><G123/><T56/><REACH who="0" step="1"/><D69/><REACH who="0" ten="240,250,250,250" step="2"/><U68/><E68/><V109/><F32/><W70/><G70/><T31/><D31/><U76/><E76/><V124/><F109/><W94/><G34/><T64/><D64/><U38/><E72/><V73/><F124/><W133/><G33/><T102/><D102/><U53/><E90/><V39/><F75/><W24/><G101/><T58/><D58/><U15/><E91/><V125/><F125/><W7/><G133/><T25/><D25/><U117/><E117/><V113/><F113/><W85/><G85/><T66/><D66/><U92/><E92/><V26/><F73/><W35/><G13/><T6/><D6/><U127/><E127/><V105/><F105/><W20/><REACH who="3" step="1"/><G35/><REACH who="3" ten="240,250,250,240" step="2"/><T51/><AGARI ba="0,2" hai="41,45,48,49,50,51,52,56,62,96,98,128,129,131" machi="51" ten="40,12000,1" yaku="1,1,0,1,19,1,54,1,53,1" doraHai="3" doraHaiUra="36" who="0" fromWho="0" sc="240,140,250,-40,250,-40,240,-40" /><INIT seed="0,1,0,5,5,36" ten="380,210,210,200" oya="0" hai0="118,70,53,121,88,0,3,120,46,78,76,127,17" hai1="32,134,8,35,43,68,30,103,94,110,86,13,67" hai2="28,31,73,122,58,51,82,100,48,52,47,39,124" hai3="93,34,75,45,129,84,91,10,99,37,106,27,132"/><T19/><D70/><U104/><E110/><V2/><F122/><W126/><G75/><T57/><D118/><U85/><E134/><V16/><F124/><W62/><G126/><T113/><D113/><U114/><E114/><V59/><F2/><W135/><G129/><T26/><D46/><U81/><E43/><V112/><F112/><W40/><G10/><T20/><D127/><U24/><E32/><V61/><F100/><W18/><G62/><T54/><D19/><U71/><E94/><V14/><F39/><W125/><G125/><T42/><D42/><U60/><E71/><V128/><F128/><W74/><G74/><T89/><D0/><U12/><E81/><V49/><F73/><W66/><G66/><T77/><D3/><U95/><E95/><V9/><F82/><W98/><G106/><T115/><D115/><U15/><REACH who="1" step="1"/><E8/><REACH who="1" ten="380,200,210,200" step="2"/><V1/><F1/><W72/><G135/><T108/><D108/><U6/><E6/><V65/><REACH who="2" step="1"/><F51/><REACH who="2" ten="380,200,200,200" step="2"/><W111/><G111/><T80/><D80/><U92/><E92/><V107/><F107/><W83/><G132/><T133/><D133/><U41/><E41/><AGARI ba="1,2" hai="9,14,16,28,31,41,47,48,49,52,58,59,61,65" machi="41" ten="30,12000,2" yaku="1,1,7,1,8,1,52,1,54,2,53,0" doraHai="36" doraHaiUra="90" who="2" fromWho="1" sc="380,0,200,-123,200,143,200,0" /><INIT seed="1,0,0,0,0,87" ten="380,77,343,200" oya="1" hai0="14,15,100,38,96,111,93,32,115,1,0,90,86" hai1="107,65,128,8,123,63,119,104,101,102,31,120,64" hai2="117,6,48,36,50,53,92,68,121,73,74,54,94" hai3="132,42,56,3,109,62,51,77,2,12,23,47,21"/><U28/><E8/><V30/><F36/><W4/><G109/><T45/><D115/><U59/><E59/><V39/><F68/><W112/><G112/><T58/><D32/><U80/><E80/><V18/><F39/><W103/><G132/><T130/><D130/><U22/><E63/><V97/><F121/><N who="1" m="46665" /><E22/><V125/><F117/><W5/><G77/><T19/><D111/><U133/><E119/><V7/><F125/><W122/><G122/><T82/><D58/><U43/><E43/><V46/><F30/><N who="1" m="11305" /><E133/><V69/><F18/><W11/><G103/><N who="1" m="39434" /><E128/><V84/><F84/><W13/><G2/><T34/><D34/><U9/><E9/><V57/><F69/><W118/><G118/><T41/><D15/><U29/><N who="1" m="11313" /><U37/><DORA hai="49" /><E37/><V20/><F20/><AGARI ba="0,0" hai="0,1,14,19,20,38,41,45,82,86,90,93,96,100" machi="20" ten="30,2000,0" yaku="7,1,52,1" doraHai="87,49" who="0" fromWho="2" sc="380,20,77,0,343,-20,200,0" /><INIT seed="2,0,0,4,2,124" ten="400,77,323,200" oya="2" hai0="50,53,90,51,109,46,101,17,57,82,26,111,129" hai1="127,121,85,27,22,126,5,68,116,58,44,39,130" hai2="118,10,100,98,87,13,119,59,105,84,97,81,66" hai3="48,115,67,91,62,78,80,38,89,52,95,4,74"/><V0/><F0/><W114/><G38/><T73/><D129/><U96/><E68/><V30/><F30/><W3/><G3/><T99/><D17/><U107/><E116/><V37/><F37/><W45/><G4/><T103/><D26/><U63/><E121/><V110/><F110/><N who="0" m="41994" /><D73/><U79/><E5/><V113/><F113/><N who="3" m="43019" /><G95/><N who="0" m="56823" /><D82/><N who="1" m="47327" /><E107/><V77/><F97/><W83/><G83/><T43/><AGARI ba="0,0" hai="43,46,50,51,53,57,101,103" m="56823,41994" machi="43" ten="30,1100,0" yaku="14,1" doraHai="124" who="0" fromWho="0" sc="400,11,77,-3,323,-5,200,-3" /><INIT seed="3,0,0,3,3,38" ten="411,74,318,197" oya="3" hai0="127,75,134,72,9,106,131,111,44,79,5,84,82" hai1="55,97,126,56,14,125,17,61,50,103,34,46,40" hai2="53,22,11,4,110,115,29,118,28,128,81,41,42" hai3="7,32,13,6,99,59,109,87,98,83,49,0,26"/><W132/><G0/><T90/><D111/><U51/><E34/><V52/><F115/><W92/><G109/><T124/><D134/><U37/><E126/><N who="0" m="48169" /><D106/><U19/><E125/><V54/><F118/><W30/><G132/><T16/><D131/><U35/><E35/><V47/><F128/><W18/><G59/><T31/><D31/><N who="2" m="11850" /><F110/><W133/><G49/><T123/><D123/><U120/><E120/><V23/><F47/><W78/><G133/><T67/><D67/><U60/><E37/><V104/><F104/><W74/><G74/><T1/><D16/><U105/><E19/><V114/><F114/><W36/><G36/><T107/><D107/><U89/><E89/><V65/><F65/><W129/><G129/><T96/><D44/><U63/><E17/><V91/><F91/><W66/><G66/><T116/><D116/><U69/><E69/><V122/><F81/><W77/><G77/><T119/><D119/><U121/><E121/><V8/><F122/><W80/><G80/><T135/><D135/><U57/><REACH who="1" step="1"/><E14/><REACH who="1" ten="411,64,318,197" step="2"/><N who="2" m="5383" /><F11/><W117/><G18/><T45/><D9/><U27/><E27/><V15/><F15/><W102/><G13/><T62/><D1/><U112/><E112/><V33/><F33/><W94/><G117/><T76/><D5/><U3/><E3/><V21/><AGARI ba="0,1" hai="21,22,23,41,42,52,53,54" m="5383,11850" machi="21" ten="40,8000,1" yaku="8,1,52,2,54,1" doraHai="38" who="2" fromWho="2" sc="411,-20,64,-20,318,90,197,-40" owari="391,19.1,44,-45.6,408,50.8,157,-24.3" /></mjloggm>