<mjloggm ver="2.3"><GO type="225" lobby="0"/><UN n0="%E9%A2%A8%E3%81%A7%E9%B3%B4%E3%81%8F" n1="%48%61%61%61%6C%61%6E%64" n2="%E6%98%93%E5%88%A9%E8%96%A9%E4%BC%AF" n3="%4D%50%43%32%38%30%30" dan="16,17,16,16" rate="2133.17,2240.29,2158.99,2162.91" sx="M,M,F,M"/><TAIKYOKU oya="0"/><INIT seed="0,0,0,5,2,39" ten="250,250,250,250" oya="0" hai0="44,70,121,112,72,2,123,111,26,31,63,122,113" hai1="13,29,103,98,101,71,108,28,45,1,135,24,89" hai2="57,32,58,120,27,129,94,91,49,74,47,116,66" hai3="131,42,65,106,95,22,133,51,81,80,134,126,90"/><T11/><D72/><U53/><E1/><V97/><F120/><W56/><G106/><T83/><D83/><U8/><E71/><V48/><F74/><W78/><G78/><T105/><D105/><U124/><E108/><V76/><F129/><W40/><G131/><T0/><D44/><U55/><E124/><V125/><F125/><W60/><G126/><T5/><D0/><U18/><E135/><N who="3" m="51722" /><G51/><T38/><D38/><U34/><E28/><V6/><F76/><W62/><G22/><T104/><D104/><U20/><E34/><V23/><F32/><W64/><G81/><T16/><D111/><U100/><REACH who="1" step="1"/><E45/><REACH who="1" ten="250,240,250,250" step="2"/><V117/><F47/><W85/><G80/><T107/><D107/><U33/><E33/><V59/><F117/><W67/><G67/><T41/><D31/><U10/><E10/><V114/><F66/><W37/><G37/><T35/><D35/><U25/><E25/><V96/><F116/><W87/><G87/><T79/><D70/><AGARI ba="0,1" hai="40,42,56,60,62,64,65,70,85,90,95" m="51722" machi="70" ten="30,3900,0" yaku="20,1,52,2" doraHai="39" who="3" fromWho="0" sc="250,-39,240,0,250,0,250,49" /><INIT seed="1,0,0,5,0,80" ten="211,240,250,299" oya="1" hai0="82,25,119,126,123,127,52,0,104,27,100,42,134" hai1="50,18,6,28,125,112,22,14,12,103,77,95,135" hai2="116,70,33,34,67,93,56,15,74,59,43,13,84" hai3="71,97,17,58,64,122,47,4,110,89,45,24,115"/><U87/><E112/><V57/><F74/><W117/><G115/><T44/><D0/><U36/><E36/><V11/><F116/><W109/><G71/><T76/><D119/><U69/><E69/><V73/><F73/><W92/><G122/><T3/><D3/><U2/><E125/><N who="0" m="47625" /><D134/><U8/><E135/><V40/><F67/><W61/><G117/><T51/><D123/><U65/><E65/><V120/><F70/><W98/><G98/><N who="0" m="61463" /><D42/><U128/><E128/><V49/><F15/><W1/><G4/><T5/><D5/><U66/><E66/><V111/><F111/><N who="3" m="42507" /><G1/><T30/><D30/><U32/><E14/><V94/><F34/><W38/><G38/><T83/><D83/><N who="1" m="47599" /><E50/><V108/><F49/><W29/><G17/><T19/><D19/><U114/><E114/><V105/><F105/><W107/><G107/><T129/><D129/><U7/><E7/><V86/><F33/><AGARI ba="0,0" hai="24,29,33,45,47,58,61,64,89,92,97" m="42507" machi="33" ten="30,1000,0" yaku="14,1" doraHai="80" who="3" fromWho="2" sc="211,0,240,0,250,-10,299,10" /><INIT seed="2,0,0,4,2,56" ten="211,240,240,309" oya="2" hai0="38,95,72,24,10,109,73,118,108,51,68,88,127" hai1="99,11,123,40,46,21,62,37,49,71,47,112,53" hai2="35,110,132,7,36,85,60,101,76,122,26,120,2" hai3="14,115,74,104,55,25,50,131,89,59,96,84,128"/><V125/><F36/><W3/><G3/><T20/><D38/><U83/><E112/><V13/><F2/><W58/><G74/><T16/><D127/><U135/><E135/><V33/><F132/><W31/><G14/><T77/><D118/><U121/><E83/><V124/><F101/><W97/><G115/><T0/><D68/><U65/><E21/><V70/><F76/><W42/><G42/><T18/><D51/><N who="1" m="28919" /><E99/><V114/><F85/><W15/><G15/><N who="0" m="7287" /><D0/><U29/><E29/><N who="2" m="19639" /><F114/><W129/><G59/><T28/><D77/><U133/><E11/><N who="2" m="4351" /><F35/><N who="3" m="20975" /><G104/><T103/><D28/><U61/><E133/><V64/><F110/><N who="0" m="42602" /><D103/><U27/><E27/><V126/><AGARI ba="0,0" hai="60,64,70,120,122,124,125,126" m="4351,19639" machi="126" ten="30,3000,0" yaku="18,1,52,1" doraHai="56" who="2" fromWho="2" sc="211,-10,240,-10,240,30,309,-10" /><INIT seed="2,1,0,4,1,15" ten="201,230,270,299" oya="2" hai0="110,73,91,115,26,129,126,23,119,50,98,9,135" hai1="57,92,24,34,33,95,5,4,84,76,75,103,122" hai2="105,125,63,7,59,3,43,16,69,14,116,108,47" hai3="2,52,101,10,17,13,51,102,86,56,32,107,54"/><V78/><F116/><W1/><G32/><T99/><D73/><U60/><E122/><V77/><F105/><W22/><G107/><T124/><D115/><U114/><E114/><V67/><F125/><N who="0" m="48234" /><D119/><U38/><E38/><V6/><F108/><W111/><G111/><T81/><D110/><U80/><E95/><V96/><F69/><W31/><G2/><T106/><D129/><U127/><E127/><V20/><F96/><W30/><G1/><T39/><D39/><U72/><E72/><V21/><F21/><W64/><G64/><T25/><D135/><U97/><E75/><V62/><F63/><N who="3" m="36231" /><G86/><N who="0" m="50639" /><D26/><U0/><E0/><V29/><F29/><N who="3" m="10763" /><G10/><T35/><D9/><U74/><E33/><V65/><F65/><W104/><G104/><T68/><D68/><U61/><E34/><V118/><F118/><W94/><G94/><T49/><D35/><U53/><E74/><V133/><F133/><W66/><G66/><T117/><D117/><U19/><E60/><V12/><F3/><W55/><G55/><T130/><D130/><U134/><E134/><V42/><F42/><W85/><G85/><T36/><D36/><U93/><E92/><V18/><F43/><W88/><G88/><T41/><D41/><U89/><E89/><V8/><F47/><AGARI ba="1,0" hai="13,17,22,47,51,54,101,102" m="10763,36231" machi="47" ten="30,3900,0" yaku="8,1,52,1,54,1" doraHai="15" who="3" fromWho="2" sc="201,0,230,0,270,-42,299,42" /><INIT seed="3,0,0,3,5,67" ten="201,230,228,341" oya="3" hai0="104,39,25,106,135,19,69,59,42,81,26,108,5" hai1="29,28,132,80,63,61,133,109,53,82,17,9,72" hai2="94,113,12,128,8,49,27,11,122,85,89,90,77" hai3="31,71,93,73,57,37,33,22,114,64,97,75,83"/><W15/><G37/><T116/><D116/><U124/><E109/><V103/><F113/><W126/><G71/><T43/><D108/><U18/><E124/><V24/><F128/><W65/><G93/><T86/><D69/><U2/><E53/><V55/><F122/><W119/><G97/><T131/><D131/><U36/><E36/><V56/><F11/><W47/><G22/><T91/><D135/><N who="1" m="51787" /><E18/><N who="2" m="8455" /><F103/><W98/><G31/><N who="1" m="11850" /><E17/><V38/><F38/><W95/><G33/><T7/><D39/><U130/><E130/><V78/><F90/><W70/><G126/><T14/><D106/><U127/><E127/><V1/><F1/><W51/><G75/><T117/><D104/><U6/><E72/><V125/><F125/><W88/><G73/><T3/><D117/><U60/><AGARI ba="0,0" hai="2,6,9,60,61,63,80,82" m="11850,51787" machi="60" ten="40,1500,0" yaku="20,1" doraHai="67" who="1" fromWho="1" sc="201,-4,230,15,228,-4,341,-7" owari="197,-30.3,245,4.5,224,-17.6,334,43.4" /></mjloggm>