<mjloggm ver="2.3"><GO type="225" lobby="0"/><UN n0="%E7%B4%94%E6%BD%94%E3%83%94%E3%83%A9%E3%83%8B%E3%82%A2" n1="%E3%83%B4%E3%83%A0%EF%BC%99%E3%81%A6" n2="%E3%81%82%E3%82%93%E3%81%AA%E3%81%A4" n3="%E3%83%AD%E3%83%83%E3%83%86%E9%9B%80%E7%90%83" dan="17,17,17,17" rate="2265.43,2207.45,2155.98,2254.88" sx="M,M,M,M"/><TAIKYOKU oya="0"/><INIT seed="0,0,0,2,2,26" ten="250,250,250,250" oya="0" hai0="134,96,102,34,51,25,19,54,10,53,57,113,133" hai1="108,80,39,6,3,65,97,62,56,20,0,99,95" hai2="52,13,117,130,43,55,92,74,14,36,50,64,42" hai3="135,33,125,31,112,71,59,12,87,29,70,93,132"/><T38/><D38/><U41/><E108/><V107/><F107/><W114/><G33/><T2/><D113/><N who="3" m="43625" /><G59/><T77/><D77/><U47/><E6/><V118/><F74/><W75/><G75/><T85/><D85/><U128/><E128/><V73/><F73/><W111/><G12/><N who="2" m="4713" /><F130/><W94/><G87/><T120/><D120/><U83/><E97/><V44/><F64/><W16/><G16/><T24/><D54/><U104/><E104/><V32/><F32/><W11/><G11/><T21/><D24/><U63/><E63/><V131/><F131/><W1/><G1/><T9/><D34/><U121/><E121/><V28/><F92/><N who="3" m="35435" /><G111/><T23/><D23/><U61/><E20/><V22/><F55/><W90/><G90/><T98/><D9/><U109/><E109/><V88/><F88/><W72/><G72/><T86/><D86/><U69/><E0/><V89/><F89/><W66/><G66/><T123/><D123/><U5/><E61/><V84/><F84/><W126/><G71/><T15/><D2/><U79/><E69/><V122/><F122/><W46/><G46/><T7/><REACH who="0" step="1"/><D96/><REACH who="0" ten="240,250,250,250" step="2"/><U110/><E110/><V45/><F52/><W105/><G105/><AGARI ba="0,1" hai="7,10,15,19,21,25,51,53,57,98,102,105,133,134" machi="105" ten="40,7700,0" yaku="1,1,2,1,53,1" doraHai="26" doraHaiUra="103" who="0" fromWho="3" sc="240,87,250,0,250,0,250,-77" /><INIT seed="0,1,0,5,5,10" ten="327,250,250,173" oya="0" hai0="54,134,86,103,72,100,40,99,67,7,76,8,92" hai1="119,22,32,4,34,17,18,79,43,109,42,126,93" hai2="129,49,96,123,108,51,48,89,2,115,35,62,82" hai3="68,23,70,3,95,121,83,44,59,127,45,124,61"/><T88/><D134/><U12/><E119/><V21/><F123/><W125/><G3/><T77/><D103/><U94/><E109/><V63/><F35/><W117/><G95/><T110/><D110/><U102/><E126/><N who="3" m="32258" /><W71/><DORA hai="46" /><G83/><T135/><D135/><U27/><E4/><V16/><F108/><W122/><G23/><T85/><D40/><U19/><E79/><V120/><F120/><N who="3" m="46187" /><G117/><T1/><D67/><AGARI ba="1,0" hai="44,45,59,61,67,68,70,71" m="46187,32258" machi="67" ten="50,8000,1" yaku="18,1,13,1,34,2" doraHai="10,46" who="3" fromWho="0" sc="327,-83,250,0,250,0,173,83" /><INIT seed="1,0,0,2,2,84" ten="244,250,250,256" oya="1" hai0="20,114,127,125,21,83,95,63,8,60,115,45,26" hai1="44,49,62,10,98,128,9,13,135,24,86,70,102" hai2="88,66,55,72,18,12,43,52,4,5,0,78,112" hai3="93,87,28,124,31,99,35,41,58,97,14,71,74"/><U11/><E135/><V22/><F112/><N who="0" m="43050" /><D83/><U113/><E113/><V32/><F32/><W6/><G124/><N who="0" m="47691" /><D45/><U68/><E128/><V92/><F78/><W116/><G116/><T94/><D8/><U133/><E133/><V90/><F72/><W2/><G71/><T81/><D81/><U23/><E13/><V82/><F0/><W118/><G14/><T104/><D104/><U53/><E62/><N who="0" m="23593" /><D26/><U121/><E68/><V64/><F43/><W50/><G41/><T85/><D85/><U51/><E70/><V54/><F82/><W34/><G87/><T7/><D7/><N who="2" m="2634" /><F90/><W89/><G6/><T80/><D80/><U42/><E86/><AGARI ba="0,0" hai="12,18,22,52,54,55,64,66,86,88,92" m="2634" machi="86" ten="30,7700,0" yaku="8,1,52,1,54,2" doraHai="84" who="2" fromWho="1" sc="244,0,250,-77,250,77,256,0" /><INIT seed="2,0,0,5,0,40" ten="244,173,327,256" oya="2" hai0="111,37,88,109,0,67,110,79,58,50,130,98,2" hai1="125,122,70,91,41,1,66,19,131,101,17,30,135" hai2="31,22,100,113,121,65,14,134,77,29,96,44,56" hai3="69,90,46,33,68,11,123,116,81,92,51,43,23"/><V104/><F113/><W120/><G33/><T16/><D37/><U35/><E1/><V27/><F121/><W106/><G106/><T103/><D130/><U124/><E131/><V10/><F134/><W34/><G34/><T83/><D67/><U32/><E135/><V61/><F77/><W99/><G116/><T45/><D58/><U82/><E122/><V12/><F29/><W87/><G123/><T5/><D5/><U117/><E117/><V7/><REACH who="2" step="1"/><F44/><REACH who="2" ten="244,173,317,256" step="2"/><W48/><G120/><T36/><D36/><U13/><E30/><V78/><F78/><W25/><G11/><T71/><D71/><U57/><E70/><V24/><F24/><W63/><G69/><T6/><D6/><U93/><E125/><V73/><F73/><W28/><G68/><T95/><D16/><U38/><E124/><V74/><F74/><W3/><G46/><T80/><D79/><U60/><E19/><V84/><F84/><W129/><G87/><N who="0" m="50279" /><D83/><U72/><E72/><V21/><F21/><W49/><G23/><T53/><AGARI ba="0,1" hai="0,2,45,50,53,95,98,103,109,110,111" m="50279" machi="53" ten="30,4000,0" yaku="14,1,52,1,54,1" doraHai="40" who="0" fromWho="0" sc="244,50,173,-10,317,-20,256,-10" /><INIT seed="3,0,0,4,3,65" ten="294,163,297,246" oya="3" hai0="125,29,23,24,68,35,38,80,21,130,92,77,53" hai1="131,5,107,85,58,20,8,63,60,73,7,88,82" hai2="13,96,93,42,48,54,3,102,44,74,120,103,109" hai3="78,67,10,115,95,105,113,124,72,61,34,4,87"/><W17/><G124/><T18/><D68/><U98/><E131/><V76/><F3/><W66/><G105/><T123/><D123/><U81/><E5/><V50/><F120/><W36/><G36/><T94/><D38/><U117/><E117/><V25/><F109/><W62/><G34/><T110/><D110/><U111/><E111/><V22/><F13/><W27/><G27/><N who="0" m="16623" /><D130/><U75/><E20/><V41/><F102/><W101/><G17/><T134/><D35/><U28/><E28/><N who="2" m="17463" /><F74/><W119/><G87/><N who="0" m="48527" /><D134/><U112/><E112/><V106/><F106/><W89/><G95/><N who="0" m="36395" /><D125/><U33/><E33/><V133/><F133/><W90/><G101/><T1/><D1/><U31/><E31/><V71/><F71/><N who="3" m="42447" /><G90/><T70/><D70/><U121/><E121/><V84/><F50/><W14/><G89/><T52/><AGARI ba="0,0" hai="18,23,24,52,53" m="36395,48527,16623" machi="52" ten="30,2000,0" yaku="8,1,54,1" doraHai="65" who="0" fromWho="0" sc="294,20,163,-5,297,-5,246,-10" owari="314,41.4,158,-34.2,292,9.2,236,-16.4" /></mjloggm>