<mjloggm ver="2.3"><GO type="225" lobby="0"/><UN n0="%72%61%6B%33" n1="%E7%BD%AA%E5%88%91%E6%B3%95%E5%AE%9A%E4%B8%BB%E7%BE%A9" n2="%E5%B8%86%E7%AB%8B%E5%A4%8F%E8%A1%A3" n3="%43%68%65" dan="16,16,17,16" rate="2195.14,2169.38,2158.91,2085.62" sx="M,M,M,M"/><TAIKYOKU oya="0"/><INIT seed="0,0,0,4,2,82" ten="250,250,250,250" oya="0" hai0="37,74,47,17,35,45,113,132,77,107,48,111,40" hai1="103,105,99,3,100,121,69,119,67,76,51,118,87" hai2="44,120,52,56,11,127,53,20,36,117,94,114,112" hai3="135,79,78,29,93,24,73,60,6,81,96,92,71"/><T31/><D113/><U115/><E121/><V123/><F117/><W129/><G135/><T80/><D132/><U7/><E115/><N who="2" m="44075" /><F20/><W110/><G110/><T32/><D111/><U46/><E103/><V84/><F11/><W22/><G129/><T134/><D134/><U75/><E75/><V2/><F2/><W63/><G79/><T16/><D107/><U72/><E72/><V1/><F1/><W9/><G71/><T19/><REACH who="0" step="1"/><D31/><REACH who="0" ten="240,250,250,250" step="2"/><U98/><E105/><V39/><F123/><W97/><G97/><T14/><D14/><U131/><E99/><V124/><F120/><W4/><G96/><T130/><D130/><U57/><E98/><V109/><F109/><W65/><G29/><T30/><D30/><U108/><E131/><V42/><F127/><W43/><G24/><T116/><D116/><U54/><E108/><V68/><F124/><W23/><G73/><T95/><D95/><U133/><E119/><V102/><F94/><W101/><G93/><T89/><D89/><U34/><E133/><V49/><F102/><W104/><G92/><T64/><D64/><U61/><E100/><V0/><F0/><W28/><G65/><T122/><D122/><U15/><E3/><V66/><F84/><W90/><G101/><T125/><D125/><U85/><E118/><V91/><F91/><W8/><G90/><T5/><D5/><U88/><E7/><V26/><F26/><W21/><G104/><T18/><N who="0" m="4096" /><DORA hai="55" /><T10/><D10/><U12/><E87/><V38/><F68/><W58/><G28/><T33/><D33/><U50/><E69/><RYUUKYOKU ba="0,1" sc="240,15,250,-15,250,15,250,-15" hai0="32,35,37,40,45,47,48,74,77,80" hai2="36,38,39,42,44,49,52,53,56,66" /><INIT seed="0,1,1,3,5,31" ten="255,235,265,235" oya="0" hai0="62,97,117,89,41,104,124,0,18,118,54,7,133" hai1="70,131,116,84,55,21,30,122,60,32,129,10,68" hai2="56,80,33,100,121,76,47,34,5,38,69,14,1" hai3="72,24,113,2,75,96,98,65,45,127,16,108,51"/><T82/><D124/><U20/><E116/><V134/><F14/><W128/><G113/><T12/><D133/><U15/><E122/><V37/><F56/><W106/><G2/><T46/><D7/><U87/><E55/><V25/><F25/><W135/><G127/><T49/><D0/><U112/><E112/><V44/><F121/><W35/><G135/><T115/><D115/><U130/><E32/><N who="2" m="12395" /><F47/><W94/><G65/><T132/><D132/><U63/><E30/><V29/><F29/><W88/><G108/><T11/><D104/><U17/><E63/><V102/><F134/><W91/><G128/><T9/><D9/><U50/><E50/><V26/><F26/><W95/><G106/><T83/><D117/><U90/><E84/><V36/><F69/><N who="1" m="26729" /><E60/><V126/><F126/><W43/><G35/><T109/><D118/><U48/><E48/><V111/><F111/><W74/><G74/><T101/><D109/><U73/><E73/><N who="2" m="43023" /><F37/><W93/><G93/><AGARI ba="1,1" hai="10,15,17,20,21,87,90,93,129,130,131" m="26729" machi="93" ten="40,1300,0" yaku="19,1" doraHai="31" who="1" fromWho="3" sc="255,0,235,26,265,0,235,-16" /><INIT seed="1,0,0,3,3,50" ten="255,261,265,219" oya="1" hai0="122,71,99,105,54,15,86,19,125,8,64,29,81" hai1="90,53,120,10,25,130,44,26,49,38,111,48,78" hai2="119,96,16,1,22,68,47,41,17,110,4,0,52" hai3="101,7,131,56,11,126,5,66,123,85,2,45,31"/><U124/><E120/><V95/><F68/><W115/><G123/><T62/><D122/><U30/><E124/><V129/><F119/><W104/><G115/><T65/><D125/><U60/><E38/><V114/><F114/><W134/><G126/><T6/><D29/><U133/><E133/><V37/><F110/><W87/><G134/><T109/><D109/><U9/><E130/><V59/><F129/><W63/><G131/><T76/><D105/><U93/><E78/><V113/><F113/><W73/><G73/><T84/><D99/><N who="1" m="57783" /><E111/><V3/><F4/><W57/><G31/><T91/><D6/><U40/><E60/><V12/><F17/><W75/><G75/><T89/><D76/><U18/><E18/><V43/><F43/><W21/><G21/><T121/><D121/><U108/><E108/><V97/><REACH who="2" step="1"/><F95/><REACH who="2" ten="255,261,255,219" step="2"/><W116/><G7/><T77/><D71/><U55/><E40/><V13/><F13/><W42/><G116/><T35/><D19/><U127/><E127/><V61/><AGARI ba="0,1" hai="0,1,3,12,16,22,37,41,47,52,59,61,96,97" machi="61" ten="30,8000,1" yaku="1,1,0,1,52,1,54,2,53,0" doraHai="50" doraHaiUra="132" who="2" fromWho="2" sc="255,-20,261,-40,255,90,219,-20" /><INIT seed="2,0,0,4,1,25" ten="235,221,345,199" oya="2" hai0="17,6,40,61,21,71,91,34,73,3,49,78,93" hai1="86,130,103,24,44,5,4,96,32,81,67,106,128" hai2="13,120,14,125,42,127,104,77,98,52,18,109,134" hai3="53,123,97,70,15,62,72,76,38,51,85,89,39"/><V102/><F120/><W22/><G123/><T65/><D34/><U118/><E118/><V8/><F42/><W41/><G97/><T87/><D3/><U12/><E67/><V48/><F77/><W95/><G41/><T133/><D133/><U74/><E74/><V36/><F36/><W19/><G62/><T126/><D126/><N who="2" m="48138" /><F134/><W16/><G70/><T33/><D33/><U79/><E44/><N who="2" m="27655" /><F14/><W119/><G119/><T29/><D78/><U94/><E106/><V124/><N who="2" m="48146" /><V110/><AGARI ba="0,0" hai="8,13,18,98,102,104,109,110" m="27655,48146" machi="110" ten="50,9600,0" yaku="4,1,18,1,54,1" doraHai="25" who="2" fromWho="2" sc="235,-32,221,-32,345,96,199,-32" /><INIT seed="2,1,0,4,0,13" ten="203,189,441,167" oya="2" hai0="115,15,5,63,59,78,27,8,95,22,58,126,134" hai1="16,61,56,20,82,105,44,130,133,39,131,80,53" hai2="32,87,117,28,6,99,129,23,103,110,111,50,36" hai3="118,76,90,135,102,94,85,69,112,4,30,25,41"/><V71/><F117/><W10/><G118/><T121/><D115/><U125/><E105/><V73/><F36/><W43/><G112/><T75/><D121/><U122/><E122/><V123/><F73/><W128/><G69/><T19/><D126/><U96/><E125/><V57/><F71/><W104/><G135/><T81/><D134/><U113/><E113/><V42/><F123/><W26/><G128/><N who="1" m="49194" /><E133/><V11/><F129/><W92/><G104/><T79/><D79/><U0/><E0/><V100/><F32/><W46/><G76/><T86/><D75/><U127/><E127/><V114/><F87/><W48/><G43/><T106/><D106/><U65/><E96/><V33/><F33/><W109/><G109/><N who="2" m="41481" /><F114/><W38/><G38/><T124/><D124/><U88/><E88/><V47/><F57/><W119/><G119/><T18/><D95/><U64/><E39/><V60/><F99/><W72/><G72/><T45/><D45/><U31/><E31/><V66/><F28/><W29/><G29/><N who="0" m="17655" /><D59/><U2/><E2/><N who="2" m="471" /><F103/><W34/><G102/><T68/><D68/><U17/><E44/><V98/><F98/><W24/><G94/><T84/><D84/><U67/><E20/><V107/><F23/><W101/><G101/><T54/><AGARI ba="1,0" hai="5,8,15,18,19,54,58,63,78,81,86" m="17655" machi="54" ten="30,4000,0" yaku="8,1,52,2" doraHai="13" who="0" fromWho="0" sc="203,43,189,-11,441,-21,167,-11" /><INIT seed="3,0,0,4,4,32" ten="246,178,420,156" oya="3" hai0="40,113,119,33,53,38,131,80,11,135,60,121,81" hai1="130,65,99,76,69,4,55,48,94,71,43,57,18" hai2="105,21,133,92,3,106,101,56,118,77,75,90,93" hai3="35,0,100,85,127,47,29,17,8,95,96,9,126"/><W34/><G47/><T36/><D11/><U23/><E76/><V14/><F3/><W123/><G123/><T120/><D33/><U25/><E130/><V70/><F70/><W13/><G85/><T45/><D81/><U20/><E4/><V89/><F118/><W52/><G29/><T117/><D80/><U128/><E128/><V72/><F133/><W51/><G9/><T7/><D7/><U2/><E2/><V111/><F111/><W82/><G82/><T107/><D107/><U46/><E23/><V97/><F56/><N who="3" m="32799" /><G0/><T49/><D131/><U28/><E65/><V129/><F129/><W79/><G79/><T84/><D84/><U98/><E98/><N who="2" m="57615" /><F21/><W109/><G109/><T103/><D45/><U10/><E10/><V132/><F132/><W24/><G24/><T64/><D135/><U108/><E108/><V12/><F75/><W87/><G87/><T73/><D73/><U31/><E71/><V50/><F106/><W86/><G86/><T102/><D120/><U116/><E69/><V44/><F72/><W15/><G13/><N who="2" m="5225" /><F77/><W134/><G134/><T83/><D83/><U115/><E116/><V39/><F39/><W1/><G1/><T125/><D121/><U19/><E19/><V62/><F105/><W78/><G78/><T6/><D119/><U30/><E115/><V124/><F93/><W37/><G37/><T122/><D117/><U16/><E18/><V41/><F44/><W114/><G114/><T88/><D113/><U59/><E43/><V27/><F41/><W104/><G104/><T54/><D122/><U66/><E66/><RYUUKYOKU ba="0,0" sc="246,-15,178,15,420,-15,156,15" hai1="16,20,25,28,30,31,46,48,55,57,59,94,99" hai3="8,15,17,34,35,95,96,100,126,127" /><INIT seed="3,1,0,0,3,92" ten="231,193,405,171" oya="3" hai0="93,57,60,8,80,11,103,104,131,123,81,112,83" hai1="26,62,52,99,27,88,38,28,30,41,71,102,117" hai2="32,115,85,29,13,14,5,58,51,67,7,34,47" hai3="113,77,54,127,44,10,78,73,101,114,19,20,48"/><W128/><G128/><T89/><D123/><U130/><E130/><V23/><F115/><W82/><G127/><T133/><D131/><U100/><E38/><V119/><F119/><W72/><G10/><N who="0" m="3627" /><D104/><U25/><E41/><N who="2" m="25071" /><F34/><W98/><G78/><T69/><D69/><U18/><E71/><V40/><F40/><W36/><G73/><T65/><D133/><U42/><E42/><V55/><F67/><W95/><REACH who="3" step="1"/><G36/><REACH who="3" ten="231,193,405,161" step="2"/><T122/><D122/><U108/><E117/><V110/><F5/><W105/><G105/><T91/><D112/><U116/><E116/><V79/><F7/><W45/><G45/><T118/><D118/><U129/><E129/><V125/><F79/><W0/><G0/><T49/><D49/><U134/><E134/><V109/><F125/><W15/><AGARI ba="1,1" hai="15,19,20,44,48,54,72,77,82,95,98,101,113,114" machi="15" ten="20,7800,0" yaku="1,1,0,1,7,1,52,1,53,0" doraHai="92" doraHaiUra="126" who="3" fromWho="3" sc="231,-27,193,-27,405,-27,161,91" /><INIT seed="3,2,0,1,3,74" ten="204,166,378,252" oya="3" hai0="121,70,125,11,27,87,69,72,82,6,31,88,21" hai1="90,133,63,99,66,29,78,19,119,34,33,113,45" hai2="26,55,115,126,12,116,105,10,1,46,5,18,103" hai3="79,94,101,73,122,2,86,102,22,124,130,109,65"/><W123/><G2/><T110/><D121/><U9/><E113/><V89/><F115/><W107/><G65/><T95/><D110/><U15/><E133/><V76/><F76/><W30/><G30/><T81/><D125/><U16/><E119/><V23/><F116/><W37/><G37/><T68/><REACH who="0" step="1"/><D72/><REACH who="0" ten="194,166,378,252" step="2"/><U59/><E29/><V4/><F126/><W98/><G124/><T85/><D85/><U62/><E78/><V108/><F108/><W7/><G109/><T38/><D38/><U112/><E112/><V0/><F0/><AGARI ba="2,1" hai="0,6,11,21,27,31,68,69,70,81,82,87,88,95" machi="0" ten="40,5200,0" yaku="1,1,54,1,53,1" doraHai="74" doraHaiUra="91" who="0" fromWho="2" sc="194,68,166,0,378,-58,252,0" owari="262,6.2,166,-33.4,320,42.0,252,-14.8" /></mjloggm>