<mjloggm ver="2.3"><GO type="225" lobby="0"/><UN n0="%E7%BD%AA%E5%88%91%E6%B3%95%E5%AE%9A%E4%B8%BB%E7%BE%A9" n1="%E3%82%B2%E3%82%B9%E8%8C%82%E5%8B%9D" n2="%E7%99%BD%E6%97%A5%E9%9B%AA%E8%8F%9C" n3="%E5%8D%A0%E3%81%84%E5%B8%AB%E8%A3%8F%E3%81%AA%E3%81%84%E3%81%97" dan="16,16,16,16" rate="2102.07,2077.21,2212.95,2136.85" sx="M,F,M,M"/><TAIKYOKU oya="0"/><INIT seed="0,0,0,3,3,58" ten="250,250,250,250" oya="0" hai0="51,127,71,72,85,55,68,1,104,124,134,133,13" hai1="12,25,35,18,73,29,0,53,36,79,59,90,39" hai2="32,24,33,74,122,10,21,80,112,17,120,30,106" hai3="70,23,86,62,8,83,114,14,125,87,93,95,116"/><T9/><D72/><U37/><E0/><V3/><F112/><W75/><G114/><T97/><D1/><U54/><E79/><V129/><F106/><W130/><G116/><T65/><D85/><U50/><E73/><V81/><F129/><W78/><G125/><N who="0" m="48203" /><D97/><U6/><E6/><V76/><F81/><W64/><G130/><T105/><D13/><U111/><E111/><V119/><F119/><W66/><G23/><T84/><D84/><U109/><E109/><V26/><REACH who="2" step="1"/><F32/><REACH who="2" ten="250,250,240,250" step="2"/><W77/><G75/><T121/><D105/><U38/><E35/><V101/><F101/><W100/><G100/><T34/><D34/><U135/><E90/><V91/><F91/><W22/><G78/><T52/><D104/><U27/><E135/><V4/><AGARI ba="0,1" hai="3,4,10,17,21,24,26,30,33,74,76,80,120,122" machi="4" ten="30,2000,0" yaku="1,1,0,1,53,0" doraHai="58" doraHaiUra="99" who="2" fromWho="2" sc="250,-10,250,-5,240,30,250,-5" /><INIT seed="1,0,0,5,4,12" ten="240,245,270,245" oya="1" hai0="128,49,15,20,118,29,19,0,8,90,67,122,2" hai1="54,24,71,76,42,80,56,73,66,23,18,40,75" hai2="99,112,123,36,39,111,91,116,82,96,103,105,52" hai3="114,79,11,34,101,87,102,1,133,64,6,85,27"/><U100/><E73/><V124/><F116/><W130/><G114/><T38/><D38/><U121/><E121/><V117/><F117/><W46/><G130/><T32/><D118/><U21/><E100/><V35/><F123/><W135/><G64/><T72/><D122/><U97/><E97/><V110/><F35/><W50/><G102/><T65/><D128/><U69/><E69/><V95/><F124/><W78/><G101/><T14/><D72/><U62/><REACH who="1" step="1"/><E23/><REACH who="1" ten="240,235,270,245" step="2"/><V59/><F112/><W93/><G85/><T60/><D20/><U109/><E109/><N who="2" m="41483" /><F82/><W125/><G87/><T83/><D32/><U44/><E44/><V13/><F99/><W30/><G125/><T86/><D86/><U131/><E131/><V84/><F103/><W31/><G93/><T45/><D45/><U77/><E77/><V106/><F96/><W104/><G104/><T98/><D98/><U4/><E4/><V81/><F106/><W129/><G129/><T5/><D5/><U22/><E22/><V47/><F105/><W70/><G70/><T17/><D83/><U134/><E134/><N who="3" m="51210" /><G31/><T108/><D29/><U48/><AGARI ba="0,1" hai="18,21,24,40,42,48,54,56,62,66,71,75,76,80" machi="48" ten="20,7800,0" yaku="1,1,0,1,7,1,52,1,53,0" doraHai="12" doraHaiUra="94" who="1" fromWho="1" sc="240,-26,235,88,270,-26,245,-26" /><INIT seed="1,1,0,1,1,83" ten="214,323,244,219" oya="1" hai0="30,92,26,21,114,123,29,0,18,90,39,5,115" hai1="122,16,73,77,31,62,68,110,22,63,52,112,79" hai2="81,116,117,88,19,85,23,80,100,28,40,98,105" hai3="102,109,131,96,25,41,13,53,15,7,74,33,66"/><U124/><E112/><V10/><F40/><W128/><G74/><T113/><D39/><U38/><E122/><V36/><F36/><W104/><G109/><T65/><D65/><U119/><E119/><V121/><F121/><W135/><G41/><T42/><D123/><U49/><E38/><V57/><F57/><W2/><G2/><T94/><D42/><U133/><E133/><V9/><F28/><N who="3" m="19599" /><G135/><T47/><D47/><U107/><E107/><V126/><F126/><W78/><G53/><T64/><D64/><U11/><E11/><V58/><F81/><W118/><G78/><T120/><D120/><U69/><E124/><V70/><F70/><W59/><G7/><T67/><D67/><U86/><E73/><V97/><F58/><W12/><G118/><T6/><D94/><U76/><E31/><V27/><F116/><W34/><G34/><T8/><REACH who="0" step="1"/><D6/><REACH who="0" ten="204,323,244,219" step="2"/><U61/><E69/><V1/><F117/><W43/><G43/><T14/><D14/><U4/><E68/><V45/><F45/><W32/><G66/><T130/><D130/><N who="3" m="49705" /><G59/><T37/><D37/><U129/><E129/><V50/><F1/><W75/><G75/><T3/><D3/><U17/><E4/><V51/><F105/><W55/><G55/><T71/><D71/><U84/><E52/><V95/><F98/><AGARI ba="1,1" hai="0,5,8,18,21,26,29,30,90,92,98,113,114,115" machi="98" ten="40,1300,0" yaku="1,1,53,0" doraHai="83" doraHaiUra="46" who="0" fromWho="2" sc="204,26,323,0,244,-16,219,0" /><INIT seed="2,0,0,2,3,1" ten="230,323,228,219" oya="2" hai0="50,65,35,122,4,123,88,94,15,68,53,7,89" hai1="128,78,49,57,63,73,98,14,129,86,75,80,85" hai2="87,0,45,121,61,107,95,29,93,135,47,25,110" hai3="91,134,70,124,32,127,67,17,76,46,71,10,18"/><V59/><F121/><W20/><G32/><T117/><D35/><U125/><E125/><N who="3" m="48202" /><G134/><T106/><D106/><U56/><E49/><V112/><F107/><W105/><G105/><T34/><D34/><U16/><E98/><V48/><F112/><W130/><G130/><N who="1" m="50282" /><E86/><V99/><F0/><W42/><G76/><T79/><D79/><U58/><E63/><V55/><F135/><W92/><G10/><AGARI ba="0,0" hai="10,14,16,56,57,58,73,75,78,80,85" m="50282" machi="10" ten="30,2000,0" yaku="19,1,54,1" doraHai="1" who="1" fromWho="3" sc="230,0,323,20,228,0,219,-20" /><INIT seed="3,0,0,0,2,69" ten="230,343,228,199" oya="3" hai0="53,4,117,98,86,55,135,7,60,101,97,28,123" hai1="58,108,79,126,29,61,84,25,54,34,39,106,85" hai2="127,111,70,0,10,12,83,88,16,45,134,63,94" hai3="42,32,121,24,13,125,90,110,15,75,8,130,92"/><W119/><G119/><T35/><D117/><U49/><E106/><V46/><F111/><W118/><G118/><T68/><D123/><U91/><E126/><V113/><F113/><W93/><G121/><T89/><D135/><U47/><E39/><V52/><F127/><W27/><G125/><T133/><D133/><U87/><E108/><V26/><F134/><W50/><G110/><T112/><D112/><U128/><E128/><V56/><F70/><W9/><G75/><T131/><D131/><U129/><E79/><V48/><F0/><W19/><G130/><T73/><D73/><U6/><E6/><V43/><F83/><W99/><G32/><T14/><D55/><U122/><E122/><V115/><F26/><W67/><G67/><N who="0" m="41063" /><D14/><U107/><E107/><V36/><F115/><W21/><G93/><N who="0" m="54455" /><D53/><U95/><E129/><V124/><F124/><W102/><G90/><T3/><D98/><U30/><E29/><V59/><F63/><W65/><G65/><AGARI ba="0,0" hai="25,30,34,47,49,54,58,61,65,84,85,87,91,95" machi="65" ten="30,1000,0" yaku="7,1" doraHai="69" who="1" fromWho="3" sc="230,0,343,10,228,0,199,-10" owari="230,3.0,353,45.3,228,-17.2,189,-31.1" /></mjloggm>