<mjloggm ver="2.3"><GO type="225" lobby="0"/><UN n0="%72%65%6E%6B%75%6E" n1="%72%69%6F%75%63%68%61%6E" n2="%E3%81%99%E3%81%84%E3%81%BE%E3%81%9B%E3%83%BC%E3%82%93" n3="%E6%97%A5%E6%9B%9C%E6%97%A5%E3%82%88%E3%82%8A%E3%81%AE%E4%BD%BF%E8%80%85" dan="17,16,17,17" rate="2208.76,2128.25,2255.21,2122.63" sx="M,M,M,M"/><TAIKYOKU oya="0"/><INIT seed="0,0,0,4,1,86" ten="250,250,250,250" oya="0" hai0="48,105,11,85,67,118,113,65,28,84,14,95,101" hai1="9,0,2,132,38,129,62,63,22,120,53,6,99" hai2="41,16,56,55,59,10,109,100,80,77,25,54,21" hai3="30,89,69,23,72,43,52,76,68,35,18,127,135"/><T119/><D113/><U12/><E120/><V24/><F109/><W112/><G112/><T116/><D28/><U58/><E129/><V37/><F100/><W131/><G43/><T57/><D105/><U97/><E132/><V40/><F37/><W17/><G76/><T128/><D128/><U13/><E38/><V8/><F25/><N who="3" m="16703" /><G72/><T19/><D85/><U29/><E63/><V92/><F92/><W47/><G35/><T50/><D101/><U44/><E44/><V111/><F111/><W107/><G107/><T87/><D87/><U122/><E122/><V66/><F66/><W34/><G34/><T26/><D26/><U42/><E42/><N who="2" m="16491" /><F80/><W102/><G102/><T39/><D39/><U130/><E130/><V49/><F77/><W79/><G79/><T110/><D110/><U32/><E32/><V4/><F4/><W15/><G69/><T104/><D104/><U94/><E99/><V60/><AGARI ba="0,0" hai="8,10,16,21,24,49,54,55,56,59,60" m="16491" machi="60" ten="30,2000,0" yaku="8,1,54,1" doraHai="86" who="2" fromWho="2" sc="250,-10,250,-5,250,20,250,-5" /><INIT seed="1,0,0,0,3,92" ten="240,245,270,245" oya="1" hai0="133,89,45,65,20,22,115,68,31,17,111,122,94" hai1="6,28,42,134,96,123,70,21,109,41,8,103,128" hai2="88,97,80,72,83,55,62,24,66,54,91,114,104" hai3="130,43,4,47,25,129,110,95,63,127,33,69,56"/><U105/><E123/><V46/><F114/><W26/><G69/><T82/><D115/><U2/><E128/><N who="3" m="49258" /><G110/><T73/><D111/><U102/><E109/><V14/><F24/><W11/><G33/><T99/><D122/><U23/><E134/><V113/><F113/><W93/><G127/><T79/><D133/><U40/><E70/><V52/><F46/><W53/><G26/><T77/><D77/><U5/><E28/><V90/><F72/><W51/><G25/><T120/><D120/><U19/><E6/><V100/><REACH who="2" step="1"/><F14/><AGARI ba="0,0" hai="4,11,14,43,47,51,53,56,63,93,95" m="49258" machi="14" ten="30,1000,0" yaku="19,1" doraHai="92" who="3" fromWho="2" sc="240,0,245,0,270,-10,245,10" /><INIT seed="2,0,0,3,2,130" ten="240,245,260,255" oya="2" hai0="95,16,79,30,15,49,22,134,55,50,125,97,87" hai1="64,46,27,67,112,31,26,3,59,20,38,108,62" hai2="89,36,73,120,6,18,23,19,32,56,11,118,96" hai3="111,61,131,106,132,100,107,47,52,114,39,17,92"/><V116/><F120/><W105/><G17/><T117/><D125/><U77/><E108/><V81/><F36/><W13/><G13/><T94/><D117/><U135/><E135/><V72/><F32/><W63/><G39/><T41/><D134/><U51/><E112/><V126/><F126/><W53/><G132/><T74/><D74/><U122/><E122/><V84/><F19/><W25/><G25/><T82/><D30/><U85/><E3/><V1/><F96/><W76/><G76/><T48/><D41/><U37/><E64/><V24/><F73/><W129/><G111/><T80/><D80/><U12/><E12/><V0/><F72/><W69/><G114/><T57/><REACH who="0" step="1"/><D95/><REACH who="0" ten="230,245,260,255" step="2"/><U101/><E101/><AGARI ba="0,1" hai="15,16,22,48,49,50,55,57,79,82,87,94,97,101" machi="101" ten="30,8000,1" yaku="1,1,2,1,7,1,8,1,54,1,53,0" doraHai="130" doraHaiUra="60" who="0" fromWho="1" sc="230,90,245,-80,260,0,255,0" /><INIT seed="3,0,0,2,0,69" ten="320,165,260,255" oya="3" hai0="114,130,11,80,89,29,87,91,72,0,97,52,42" hai1="10,39,67,76,126,113,90,127,75,51,58,50,134" hai2="108,65,62,129,95,47,116,14,20,45,106,122,66" hai3="37,21,24,121,102,34,8,6,35,59,112,60,71"/><W74/><G74/><T28/><D72/><U70/><E113/><V25/><F106/><W88/><G121/><T68/><D68/><U64/><E75/><V2/><F2/><W3/><G71/><T16/><D130/><U5/><E76/><V125/><F116/><W84/><G37/><T86/><D114/><U83/><E83/><V46/><F129/><W18/><G102/><T118/><D42/><U79/><E79/><V40/><F125/><N who="1" m="47625" /><E90/><V33/><F33/><W132/><G132/><T101/><D118/><U107/><E107/><V44/><F122/><W77/><G77/><T9/><D0/><U43/><E10/><N who="0" m="3593" /><D16/><U110/><E5/><V30/><F14/><W13/><G112/><T1/><D1/><U120/><E120/><V17/><F17/><W133/><G133/><T99/><D52/><N who="1" m="32023" /><E134/><V12/><F66/><N who="1" m="25129" /><E110/><V93/><F108/><W41/><G3/><T36/><D28/><U49/><E70/><V23/><F30/><W117/><G6/><T96/><D29/><U78/><E78/><V123/><F123/><W85/><G8/><T135/><D89/><U7/><E7/><V53/><F23/><W26/><G35/><T100/><D91/><U4/><E4/><V15/><F20/><W31/><G88/><T61/><D100/><U32/><E32/><V63/><N who="2" m="11264" /><DORA hai="104" /><V48/><F95/><W27/><G34/><T22/><D22/><U128/><E128/><V119/><F93/><W81/><G31/><T111/><D101/><U55/><E55/><V82/><F53/><N who="3" m="33903" /><G81/><T109/><D135/><U131/><E131/><V115/><F82/><RYUUKYOKU ba="0,0" sc="320,-10,165,30,260,-10,255,-10" hai1="39,43,49,51" owari="310,41.0,195,-30.5,250,5.0,245,-15.5" /></mjloggm>