<mjloggm ver="2.3"><GO type="225" lobby="0"/><UN n0="%28%EF%BF%A3%E2%96%BD%EF%BF%A3%29%CE%B4%E2%8C%92%E3%83%BB" n1="%E7%AB%8B%E7%9B%B4%E5%A5%BD%E6%A3%92%40%E5%BF%98" n2="%E3%82%A4%E3%83%A2%E3%82%BF%E3%83%AC" n3="%E3%83%A9%E3%82%A4%E3%83%B3%E3%81%AE%E8%99%8E" dan="17,17,17,16" rate="2250.62,2140.94,2175.00,2110.72" sx="M,M,F,M"/><TAIKYOKU oya="0"/><INIT seed="0,0,0,5,0,118" ten="250,250,250,250" oya="0" hai0="99,22,57,30,62,86,42,68,105,23,73,74,112" hai1="90,40,111,61,60,48,82,108,131,89,65,106,110" hai2="14,54,67,123,78,103,43,93,53,94,92,122,29" hai3="36,44,28,55,15,59,135,12,63,10,77,104,16"/><T24/><D112/><U41/><E106/><V79/><F103/><W27/><G135/><T47/><D68/><U83/><E48/><V20/><F67/><W101/><G77/><T4/><D4/><U132/><E65/><V17/><F43/><N who="1" m="16457" /><E131/><V121/><REACH who="2" step="1"/><F29/><REACH who="2" ten="250,250,240,250" step="2"/><W124/><G101/><T18/><D30/><U115/><E115/><V46/><F46/><W71/><G44/><T107/><D47/><U76/><E132/><V21/><F21/><W66/><G36/><T84/><D23/><U3/><E3/><V8/><F8/><W133/><G133/><T116/><D42/><U37/><E37/><V109/><F109/><W69/><G66/><T52/><D116/><U130/><E130/><V11/><F11/><W6/><G104/><T127/><D107/><U0/><E0/><V13/><F13/><W49/><G15/><T70/><D105/><U19/><E110/><V31/><F31/><W125/><G28/><T128/><D128/><U32/><E108/><V50/><F50/><W113/><G113/><T88/><D70/><U33/><E111/><V51/><F51/><W97/><G49/><T96/><D127/><U1/><E1/><V25/><F25/><W117/><G117/><T56/><D56/><U64/><E64/><V45/><F45/><W134/><G134/><T75/><REACH who="0" step="1"/><D86/><REACH who="0" ten="240,250,240,250" step="2"/><U91/><E33/><V5/><F5/><W87/><G87/><T102/><D102/><U120/><E32/><V81/><F81/><AGARI ba="0,2" hai="18,22,24,52,57,62,73,74,75,81,84,88,96,99" machi="81" ten="40,7700,0" yaku="1,1,54,2,53,0" doraHai="118" doraHaiUra="114" who="0" fromWho="2" sc="240,97,250,0,240,-77,250,0" /><INIT seed="0,1,0,3,4,0" ten="337,250,163,250" oya="0" hai0="41,93,124,56,7,101,97,17,76,88,31,59,34" hai1="37,79,35,103,117,5,98,90,10,3,128,78,129" hai2="44,18,85,104,119,108,106,22,86,50,127,49,123" hai3="13,47,64,2,73,38,105,109,133,51,81,9,84"/><T62/><D124/><U114/><E117/><V67/><F123/><W134/><G105/><T16/><D41/><U74/><E114/><V126/><F119/><W75/><G109/><T55/><D76/><U112/><E112/><V80/><F67/><W95/><G95/><N who="0" m="58559" /><D34/><U121/><E121/><V83/><F22/><W57/><G2/><T58/><D31/><U110/><E110/><V36/><F18/><N who="0" m="7274" /><D7/><U40/><E35/><V107/><F108/><W4/><G38/><T96/><AGARI ba="1,0" hai="55,56,58,59,62,88,93,96" m="7274,58559" machi="96" ten="30,6000,0" yaku="8,1,54,2" doraHai="0" who="0" fromWho="0" sc="337,63,250,-21,163,-21,250,-21" /><INIT seed="0,2,0,0,2,46" ten="400,229,142,229" oya="0" hai0="99,130,58,52,44,50,127,53,110,98,17,29,11" hai1="5,129,27,0,92,33,24,73,57,55,21,59,83" hai2="79,34,112,74,56,51,1,2,95,36,81,124,6" hai3="82,101,133,28,97,91,4,48,80,119,70,100,7"/><T60/><D127/><U77/><E129/><V115/><F36/><W45/><G70/><T14/><D130/><U41/><E33/><V20/><F34/><W84/><G119/><T125/><D125/><U87/><E41/><V9/><F2/><W89/><G28/><T106/><D106/><U108/><E108/><V71/><F71/><W62/><G62/><T75/><D75/><U3/><E24/><V26/><F95/><N who="3" m="56575" /><G82/><T8/><D110/><U13/><E57/><V19/><REACH who="2" step="1"/><F124/><REACH who="2" ten="400,229,132,229" step="2"/><W12/><G133/><T35/><D35/><U120/><E0/><V72/><F72/><W25/><G25/><T47/><D29/><U105/><E3/><V93/><F93/><W117/><G117/><T30/><D30/><U86/><E105/><V107/><F107/><W61/><G12/><N who="0" m="7303" /><D44/><U132/><E132/><V88/><F88/><W23/><G89/><T32/><D32/><U31/><E120/><V109/><F109/><W85/><G45/><T54/><D54/><AGARI ba="2,1" hai="1,6,9,19,20,26,51,54,56,74,79,81,112,115" machi="54" ten="40,2600,0" yaku="1,1,52,1,53,0" doraHai="46" doraHaiUra="118" who="2" fromWho="0" sc="400,-32,229,0,132,42,229,0" /><INIT seed="1,0,0,2,5,105" ten="368,229,174,229" oya="1" hai0="72,52,41,84,38,64,31,9,97,129,83,56,79" hai1="94,29,96,100,121,109,39,53,86,24,54,122,11" hai2="117,98,61,32,115,5,92,57,3,73,49,44,60" hai3="10,58,20,47,110,125,23,43,116,130,42,27,107"/><U111/><E39/><V59/><F117/><W93/><G107/><T26/><D129/><U55/><E11/><V65/><F32/><W91/><G110/><N who="1" m="41994" /><E86/><V7/><F115/><W128/><G116/><T118/><D118/><U88/><E100/><V85/><F73/><W133/><G10/><T21/><D9/><U82/><E82/><V120/><F85/><W4/><G4/><T1/><D97/><U131/><E131/><V70/><F3/><W69/><G128/><T16/><D1/><U19/><E19/><V28/><F28/><W0/><G0/><T81/><D31/><U114/><E114/><V30/><F30/><W119/><G119/><T34/><D34/><AGARI ba="0,0" hai="24,29,34,53,54,55,88,94,96,121,122" m="41994" machi="34" ten="30,5800,0" yaku="14,1,10,1,54,1" doraHai="105" who="1" fromWho="0" sc="368,-58,229,58,174,0,229,0" /><INIT seed="1,1,0,0,1,49" ten="310,287,174,229" oya="1" hai0="89,2,27,19,23,87,29,22,39,132,118,117,115" hai1="16,127,10,134,44,43,59,70,92,123,96,105,77" hai2="78,32,76,3,48,40,14,95,68,64,56,57,45" hai3="35,66,106,120,97,83,13,61,38,63,104,107,135"/><U119/><E70/><V6/><F32/><W85/><G120/><T31/><D39/><U11/><E119/><V80/><F3/><W12/><G38/><T81/><D2/><U82/><E105/><V84/><F68/><W75/><G75/><T42/><D42/><U125/><E123/><V111/><F111/><W62/><G35/><T28/><D115/><U131/><E131/><V71/><F95/><W36/><G36/><T33/><D33/><U130/><E130/><V26/><F26/><W41/><G41/><T1/><D1/><U52/><E134/><V114/><F78/><W133/><G97/><T37/><D37/><U99/><E44/><V103/><F103/><W122/><G66/><T18/><REACH who="0" step="1"/><D132/><REACH who="0" ten="300,287,174,229" step="2"/><N who="3" m="50761" /><G122/><T90/><D90/><AGARI ba="1,1" hai="12,13,61,62,63,83,85,90,104,106,107" m="50761" machi="90" ten="40,1300,0" yaku="20,1" doraHai="49" who="3" fromWho="0" sc="300,-16,287,0,174,0,229,26" /><INIT seed="2,0,0,1,2,77" ten="284,287,174,255" oya="2" hai0="43,60,118,96,28,85,15,49,94,56,126,5,135" hai1="12,89,116,24,119,41,22,59,98,65,40,114,71" hai2="115,93,121,52,69,87,117,37,11,21,29,67,55" hai3="107,111,92,95,128,72,64,80,75,79,27,44,25"/><V13/><F115/><W3/><G3/><T109/><D118/><U131/><E71/><V105/><F105/><W84/><G107/><T106/><D109/><U35/><E35/><V130/><F117/><W74/><G111/><T120/><D135/><U86/><E114/><V124/><F121/><W10/><G128/><T6/><D126/><U32/><E32/><V73/><F73/><W20/><G64/><T63/><D106/><U70/><E70/><V39/><F124/><W103/><G10/><T81/><D28/><U66/><E131/><V31/><F130/><W62/><G62/><N who="0" m="23595" /><D15/><U58/><E98/><V16/><F69/><W113/><G113/><T30/><D30/><N who="2" m="11274" /><F37/><W17/><G103/><N who="0" m="60823" /><D120/><U42/><E12/><N who="2" m="9351" /><F39/><W125/><G125/><T76/><D56/><N who="1" m="21547" /><E119/><V90/><F67/><N who="1" m="25609" /><E116/><V57/><F57/><W47/><REACH who="3" step="1"/><G27/><REACH who="3" ten="284,287,174,245" step="2"/><T48/><D43/><U14/><E24/><V53/><F53/><W34/><G34/><T91/><D91/><U54/><E54/><V8/><F8/><W19/><G19/><AGARI ba="0,1" hai="11,13,19,52,55,87,90,93" m="9351,11274" machi="19" ten="30,5800,0" yaku="8,1,54,2" doraHai="77" who="2" fromWho="3" sc="284,0,287,0,174,68,245,-58" /><INIT seed="2,1,0,1,3,49" ten="284,287,242,187" oya="2" hai0="134,88,23,52,99,104,71,119,4,90,3,115,72" hai1="39,62,82,12,78,123,98,103,2,26,120,8,45" hai2="7,75,87,131,37,130,110,51,106,42,47,22,111" hai3="96,33,121,6,24,74,85,17,41,91,38,76,59"/><V70/><F75/><W67/><G121/><T9/><D71/><U29/><E62/><V81/><F106/><W100/><G6/><T19/><D72/><N who="1" m="43335" /><E12/><V133/><F133/><W31/><G17/><T13/><D115/><U15/><E15/><V30/><F70/><W102/><G74/><T64/><D64/><U73/><E73/><V135/><F135/><W114/><G76/><T58/><D134/><U101/><E26/><N who="2" m="16727" /><F7/><W44/><G114/><T97/><D119/><U55/><E29/><V132/><F37/><W129/><G129/><N who="2" m="49161" /><F132/><W107/><G102/><T68/><D68/><U60/><E60/><V57/><F57/><W116/><G116/><T93/><D104/><N who="1" m="63543" /><E103/><V56/><F56/><W77/><G77/><AGARI ba="1,0" hai="42,47,51,77,81,87,110,111" m="49161,16727" machi="77" ten="30,1500,0" yaku="19,1" doraHai="49" who="2" fromWho="3" sc="284,0,287,0,242,18,187,-18" /><INIT seed="2,2,0,4,3,95" ten="284,287,260,169" oya="2" hai0="19,54,53,35,99,59,129,126,15,44,29,132,115" hai1="63,81,34,56,106,45,50,108,4,27,58,112,36" hai2="74,39,71,110,16,131,17,125,20,93,109,49,84" hai3="25,90,11,30,134,0,64,62,18,22,26,7,47"/><V28/><F39/><W114/><G134/><T123/><D115/><U88/><E112/><V13/><F74/><W75/><G114/><T65/><D123/><U124/><E36/><V21/><F71/><W14/><G75/><T87/><D132/><U3/><E106/><V12/><F125/><W91/><G47/><T82/><D126/><U107/><E107/><V8/><F49/><W105/><G105/><T80/><D35/><U101/><E101/><V32/><F84/><W2/><G25/><T42/><D29/><U51/><E124/><V73/><F73/><W135/><G0/><T119/><D82/><U130/><E130/><V76/><F76/><W77/><G77/><T48/><D119/><U41/><E108/><N who="2" m="41579" /><F93/><W61/><G61/><N who="0" m="38079" /><D129/><U79/><E79/><V1/><F131/><W78/><G78/><N who="0" m="46487" /><D99/><U31/><E50/><V68/><F68/><W92/><G92/><T9/><AGARI ba="2,0" hai="9,15,19,42,44,48,53,54" m="46487,38079" machi="9" ten="30,1100,0" yaku="8,1" doraHai="95" who="0" fromWho="0" sc="284,17,287,-5,260,-7,169,-5" /><INIT seed="3,0,0,5,5,26" ten="301,282,253,164" oya="3" hai0="77,119,90,46,31,37,111,78,17,68,32,16,56" hai1="12,123,134,126,73,135,109,115,94,39,41,120,99" hai2="92,124,29,43,118,51,8,40,81,49,105,28,98" hai3="75,57,129,52,22,91,15,35,104,62,121,131,93"/><W127/><G121/><N who="1" m="46666" /><E115/><V112/><F112/><W64/><G104/><T58/><D68/><U11/><E73/><V72/><F105/><W84/><G75/><T42/><D111/><U1/><E1/><V79/><F118/><W23/><G35/><T54/><D119/><U27/><E27/><V45/><F124/><W96/><G127/><T48/><D32/><U101/><E126/><V88/><F8/><W21/><G15/><T65/><D31/><U2/><E2/><V18/><F18/><N who="0" m="7274" /><D37/><U82/><E82/><V125/><F125/><W0/><G0/><T50/><D90/><U66/><E66/><V89/><F89/><W24/><G24/><T102/><D102/><U116/><E109/><V108/><F108/><W114/><G114/><T10/><D10/><U86/><E116/><V61/><F61/><AGARI ba="0,0" hai="42,46,48,50,54,56,58,61,65,77,78" m="7274" machi="61" ten="30,2000,0" yaku="8,1,54,1" doraHai="26" who="0" fromWho="2" sc="301,20,282,0,253,-20,164,0" owari="321,42.1,282,8.2,233,-16.7,164,-33.6" /></mjloggm>