<mjloggm ver="2.3"><GO type="225" lobby="0"/><UN n0="%E3%81%86%E3%83%BC%E3%81%B1%E3%83%BC" n1="%E7%99%BD%E5%92%B2%E8%8A%B1%E3%81%A1%E3%82%83%E3%82%93" n2="%E3%81%8C%E3%81%9F" n3="%E3%82%BF%E3%83%BC%E3%83%90%E3%83%B3%E9%87%8E%E5%8F%A3" dan="16,16,17,16" rate="2151.91,2094.74,2175.19,2133.85" sx="F,F,M,M"/><TAIKYOKU oya="0"/><INIT seed="0,0,0,3,2,130" ten="250,250,250,250" oya="0" hai0="52,45,128,105,69,11,101,100,107,62,60,29,103" hai1="119,133,17,14,131,82,37,66,10,57,135,117,84" hai2="113,1,15,35,76,18,40,110,55,92,12,89,4" hai3="16,31,96,120,90,94,114,49,44,0,41,75,78"/><T59/><D128/><U9/><E37/><V121/><F121/><W64/><G114/><T43/><D29/><U8/><E131/><V39/><F113/><W104/><G120/><T3/><D69/><U126/><E126/><V81/><F35/><W87/><G0/><T61/><D3/><U86/><E66/><V30/><F30/><W36/><G31/><T116/><D116/><N who="1" m="44619" /><E57/><V26/><F55/><W47/><G64/><T56/><D11/><N who="1" m="4171" /><E82/><V50/><F1/><W72/><G104/><T134/><D134/><AGARI ba="0,0" hai="10,14,17,84,86,133,134,135" m="4171,44619" machi="134" ten="30,7700,0" yaku="20,1,52,3" doraHai="130" who="1" fromWho="0" sc="250,-77,250,77,250,0,250,0" /><INIT seed="1,0,0,2,0,41" ten="173,327,250,250" oya="1" hai0="20,107,42,81,17,125,47,32,98,54,1,22,52" hai1="108,88,8,31,28,129,90,77,83,75,119,64,120" hai2="60,35,106,44,27,7,40,16,62,70,121,18,12" hai3="103,43,109,15,122,76,25,133,38,13,61,126,127"/><U94/><E119/><V6/><F121/><W101/><G122/><T105/><D125/><N who="3" m="47625" /><G109/><T79/><D32/><U128/><E120/><V56/><F106/><W30/><G133/><T115/><D1/><U69/><E108/><V21/><F70/><W14/><G76/><T87/><D22/><U73/><E73/><V78/><F78/><W102/><G61/><N who="2" m="23657" /><F56/><W99/><G43/><T51/><D115/><U85/><E64/><V123/><F35/><N who="3" m="20943" /><G38/><T93/><D107/><AGARI ba="0,0" hai="13,14,15,99,101,102,103,107" m="20943,47625" machi="107" ten="30,1000,0" yaku="18,1" doraHai="41" who="3" fromWho="0" sc="173,-10,327,0,250,0,250,10" /><INIT seed="2,0,0,5,0,46" ten="163,327,250,260" oya="2" hai0="45,44,94,123,112,4,129,105,100,16,55,74,21" hai1="135,8,30,7,1,115,51,5,118,14,126,116,84" hai2="87,80,9,15,11,71,125,40,39,114,134,101,27" hai3="79,26,0,12,61,131,56,109,111,88,104,60,17"/><V128/><F114/><W67/><G0/><T31/><D123/><U89/><E115/><V70/><F128/><W121/><G121/><T83/><D105/><U98/><E126/><V122/><F122/><W28/><G104/><T117/><D129/><U25/><E135/><V64/><F134/><W76/><G131/><T110/><D110/><N who="3" m="41993" /><G60/><T34/><D4/><U72/><E72/><V75/><F75/><W41/><G41/><T22/><D34/><U97/><E116/><V96/><F125/><W47/><G47/><T49/><D117/><U85/><E85/><V108/><F108/><W113/><G88/><T20/><D31/><U50/><E1/><V29/><F39/><W66/><G66/><T62/><D62/><U102/><E102/><V6/><F9/><N who="3" m="6287" /><G113/><T13/><D112/><U130/><E130/><V92/><F40/><W38/><G38/><T63/><D63/><U53/><E53/><V68/><F64/><W103/><G103/><T3/><D3/><U95/><E118/><V93/><F93/><W35/><AGARI ba="0,0" hai="26,28,35,56,61,67,76,79" m="6287,41993" machi="35" ten="30,1100,0" yaku="14,1" doraHai="46" who="3" fromWho="3" sc="163,-3,327,-3,250,-5,260,11" /><INIT seed="3,0,0,1,5,113" ten="160,324,245,271" oya="3" hai0="52,41,89,49,27,5,119,97,123,102,1,109,45" hai1="106,120,134,33,83,127,90,60,132,63,32,35,78" hai2="44,91,17,39,129,104,20,21,67,3,59,118,24" hai3="62,56,107,121,69,38,36,26,29,94,31,79,75"/><W13/><G121/><T16/><D109/><U108/><E120/><V7/><F104/><W115/><G115/><T51/><D123/><U9/><E108/><V100/><F100/><W47/><G107/><T95/><D1/><U0/><E106/><V8/><F129/><W58/><G69/><T135/><D135/><N who="1" m="51755" /><E90/><V131/><F131/><W125/><G125/><T18/><D5/><N who="1" m="1191" /><E127/><V101/><F101/><W23/><G75/><AGARI ba="0,0" hai="32,33,35,60,63,75,78,83" m="1191,51755" machi="75" ten="40,1300,0" yaku="20,1" doraHai="113" who="1" fromWho="3" sc="160,0,324,13,245,0,271,-13" owari="160,-34.0,337,43.7,245,-15.5,258,5.8" /></mjloggm>