<mjloggm ver="2.3"><GO type="225" lobby="0"/><UN n0="%E3%81%BF%E3%81%BF%E3%81%9A" n1="%72%65%6E%6B%75%6E" n2="%E5%B3%B6%E7%94%B0%E7%9C%9F%E5%A4%A2" n3="%E3%80%93%E3%81%97%E3%83%BC%E3%82%89%E3%80%93" dan="17,17,16,16" rate="2266.84,2179.07,2084.36,2119.38" sx="M,M,F,M"/><TAIKYOKU oya="0"/><INIT seed="0,0,0,5,4,36" ten="250,250,250,250" oya="0" hai0="18,14,77,126,59,61,9,2,11,103,68,74,56" hai1="107,72,108,23,86,26,124,112,90,54,101,1,83" hai2="33,21,111,118,133,121,135,114,50,34,115,43,42" hai3="39,96,38,24,65,27,102,28,119,58,35,85,122"/><T13/><D126/><U63/><E1/><V16/><F111/><W44/><G119/><T67/><D2/><U105/><E108/><V52/><F118/><W40/><G122/><T0/><D0/><U10/><E124/><V55/><F121/><W75/><G27/><T60/><D103/><U93/><E10/><V120/><F120/><W7/><G75/><T62/><D68/><U132/><E132/><N who="2" m="50763" /><F33/><W17/><G7/><T127/><D127/><U3/><E3/><V100/><F100/><W32/><G17/><T5/><REACH who="0" step="1"/><D67/><REACH who="0" ten="240,250,250,250" step="2"/><U109/><E109/><V82/><F115/><W29/><G65/><T131/><D131/><U15/><E112/><V12/><F114/><W78/><G102/><T8/><D8/><U30/><E101/><V45/><F34/><W22/><G35/><T129/><D129/><U97/><E107/><V91/><F55/><W88/><G32/><T66/><D66/><U31/><E105/><V128/><F128/><W71/><G71/><T20/><D20/><U99/><E54/><V130/><F130/><W104/><G104/><T95/><D95/><U47/><E93/><V117/><F117/><W106/><G106/><T53/><D53/><U25/><E23/><V134/><F134/><W80/><G22/><T113/><D113/><U110/><E110/><V125/><F125/><W94/><G94/><T6/><D6/><U51/><E31/><V19/><F19/><W4/><G29/><T116/><D116/><U70/><E30/><V37/><F37/><W46/><G28/><T89/><D89/><U57/><E70/><V79/><F91/><RYUUKYOKU ba="0,1" sc="240,15,250,-15,250,15,250,-15" hai0="5,9,11,13,14,18,56,59,60,61,62,74,77" hai2="12,16,21,42,43,45,50,52,79,82" /><INIT seed="0,1,1,0,2,126" ten="255,235,265,235" oya="0" hai0="44,134,51,130,59,27,53,26,54,129,37,6,15" hai1="125,17,122,74,41,68,116,112,78,91,119,77,94" hai2="49,115,111,65,97,10,102,38,118,58,36,108,42" hai3="89,75,2,25,18,19,56,100,103,11,1,14,8"/><T113/><D113/><U98/><E68/><V81/><F115/><W106/><G75/><T123/><D123/><U60/><E112/><V121/><F121/><W62/><G89/><T50/><D37/><U88/><E122/><V107/><F118/><W128/><G128/><N who="0" m="49259" /><D134/><U32/><E32/><V48/><F36/><W52/><G25/><T5/><D15/><U96/><E60/><V63/><F81/><W45/><G45/><T131/><N who="0" m="49267" /><T72/><DORA hai="124" /><D72/><U87/><E17/><V47/><REACH who="2" step="1"/><F10/><REACH who="2" ten="255,235,255,235" step="2"/><W93/><G11/><T92/><D92/><N who="1" m="56327" /><E125/><V114/><F114/><W105/><G93/><T4/><AGARI ba="1,2" hai="4,5,6,26,27,44,50,51,53,54,59" m="49267" machi="4" ten="50,24000,3" yaku="19,1,52,8" doraHai="126,124" who="0" fromWho="0" sc="255,263,235,-81,255,-81,235,-81" /><INIT seed="0,2,0,2,3,72" ten="518,154,174,154" oya="0" hai0="77,31,130,5,61,131,125,103,87,101,96,70,38" hai1="48,6,71,114,25,2,124,19,91,135,40,106,119" hai2="52,34,24,41,14,66,112,132,93,30,109,107,84" hai3="53,21,97,1,46,60,64,123,92,63,11,51,104"/><T18/><D38/><U89/><E106/><V122/><F107/><W54/><G123/><T121/><D121/><U56/><E71/><V105/><F122/><W43/><G104/><T3/><D31/><U28/><E119/><V36/><F112/><W88/><G1/><T83/><D125/><U116/><E116/><V67/><F105/><W13/><G21/><T85/><D18/><U110/><E19/><V50/><F132/><W108/><G108/><T0/><D96/><U65/><E65/><V120/><F120/><W16/><REACH who="3" step="1"/><G63/><REACH who="3" ten="518,154,174,144" step="2"/><T58/><D0/><U81/><E2/><V117/><F109/><W10/><G10/><T100/><D70/><AGARI ba="2,1" hai="11,13,16,43,46,51,53,54,60,64,70,88,92,97" machi="70" ten="30,7700,0" yaku="1,1,7,1,54,2,53,0" doraHai="72" doraHaiUra="129" who="3" fromWho="0" sc="518,-83,154,0,174,0,144,93" /><INIT seed="1,0,0,1,3,31" ten="435,154,174,237" oya="1" hai0="65,99,82,18,43,7,63,52,64,86,59,135,47" hai1="124,83,25,75,2,128,13,109,21,68,28,95,84" hai2="132,90,120,38,118,85,10,34,48,122,123,88,42" hai3="104,33,60,61,22,121,67,4,35,45,126,108,1"/><U55/><E2/><V100/><F118/><W9/><G121/><T69/><D135/><U114/><E114/><V106/><F38/><W94/><G104/><T76/><D7/><U66/><E128/><V103/><F132/><W11/><G108/><T102/><D18/><U26/><E109/><V19/><F34/><W96/><G126/><T116/><D69/><U30/><E124/><V115/><F115/><W27/><G11/><T12/><D12/><U91/><E13/><V97/><F103/><W125/><G45/><T98/><D116/><U72/><E55/><V113/><F113/><W70/><G61/><T119/><D119/><U110/><E110/><V62/><F62/><W111/><G111/><T53/><D53/><U32/><E66/><V71/><F71/><W79/><G79/><T16/><D16/><U81/><REACH who="1" step="1"/><E68/><REACH who="1" ten="435,144,174,237" step="2"/><V134/><F134/><W17/><G125/><T117/><D117/><U5/><E5/><V127/><F127/><W101/><AGARI ba="0,1" hai="1,4,9,17,22,27,33,35,60,67,70,94,96,101" machi="101" ten="20,5200,0" yaku="0,1,7,1,52,2" doraHai="31" who="3" fromWho="3" sc="435,-13,144,-26,174,-13,237,62" /><INIT seed="2,0,0,3,2,122" ten="422,118,161,299" oya="2" hai0="48,115,22,8,85,77,67,15,26,20,6,84,3" hai1="62,60,89,133,24,128,27,10,52,14,100,130,119" hai2="112,109,70,4,114,81,94,108,35,107,110,125,19" hai3="37,25,28,56,57,61,16,30,5,31,68,131,95"/><V11/><F70/><W18/><G37/><T106/><D115/><N who="2" m="44074" /><F107/><W69/><G131/><N who="1" m="50218" /><E119/><V53/><F35/><W92/><G5/><T82/><D106/><U12/><E133/><V78/><F125/><W121/><G121/><T21/><D67/><U132/><E132/><V126/><F126/><W2/><G2/><T39/><D39/><U51/><E100/><V79/><F19/><N who="3" m="7211" /><G61/><N who="1" m="23658" /><E89/><V87/><F53/><W111/><G25/><N who="1" m="9802" /><E10/><V66/><F66/><W101/><G101/><T88/><D48/><U43/><E43/><V23/><F23/><W0/><G0/><T117/><D117/><U58/><AGARI ba="0,0" hai="12,14,51,52,58" m="9802,23658,50218" machi="58" ten="30,2000,0" yaku="19,1,54,1" doraHai="122" who="1" fromWho="1" sc="422,-5,118,20,161,-10,299,-5" /><INIT seed="3,0,0,5,4,33" ten="417,138,151,294" oya="3" hai0="69,62,129,86,32,60,56,72,45,120,54,8,117" hai1="110,41,100,67,97,89,20,30,85,51,132,124,135" hai2="73,22,68,119,95,40,126,96,14,36,65,92,46" hai3="44,0,55,123,48,118,98,6,38,16,19,15,66"/><W17/><G118/><T111/><D72/><U4/><E67/><V52/><F119/><W81/><G123/><T37/><D32/><U107/><E110/><V21/><F73/><W9/><G38/><T105/><D105/><U103/><E103/><V28/><F126/><W49/><G66/><T1/><D1/><U24/><E124/><V76/><F76/><W125/><G125/><T42/><D8/><U50/><E4/><V39/><F39/><W128/><G128/><T121/><D86/><U71/><E71/><V108/><F108/><W87/><G98/><T99/><D99/><U77/><E77/><V63/><F52/><W131/><G49/><N who="0" m="30799" /><D111/><U70/><E70/><V114/><F114/><W112/><G131/><T3/><D3/><U122/><E122/><N who="0" m="47209" /><D129/><U7/><E7/><V90/><F28/><W130/><G130/><T79/><D79/><U102/><E102/><V61/><F14/><W94/><G94/><T115/><D117/><U58/><E58/><V133/><F95/><W84/><G112/><T101/><D101/><U91/><E91/><V12/><F12/><W34/><G34/><T59/><D69/><U74/><E74/><V127/><F127/><W10/><G87/><T47/><D115/><U43/><E51/><V64/><F22/><W80/><G80/><T134/><D134/><U2/><E2/><V53/><F21/><W82/><G82/><T88/><D88/><AGARI ba="0,0" hai="0,6,9,10,15,16,17,19,44,48,55,81,84,88" machi="88" ten="30,18000,2" yaku="7,1,25,2,52,1,54,2" doraHai="33" who="3" fromWho="0" sc="417,-180,138,0,151,0,294,180" owari="237,3.7,138,-36.2,151,-24.9,474,57.4" /></mjloggm>