<mjloggm ver="2.3"><GO type="225" lobby="0"/><UN n0="%E3%81%9F%E3%81%93%E2%98%86%E7%84%BC%E3%81%8D" n1="%E2%91%A3%E9%81%BF%E9%81%8A%E6%88%AF%E3%80%90%E6%9D%B1%E5%8D%97%E3%80%91" n2="%E3%81%95%E3%81%8D%E3%81%9F%E3%81%BE%E6%9E%97%E6%AA%8E" n3="%E6%98%93%E5%88%A9%E8%96%A9%E4%BC%AF" dan="16,16,16,16" rate="2107.96,2052.05,2093.92,2165.88" sx="M,M,M,F"/><TAIKYOKU oya="0"/><INIT seed="0,0,0,0,5,21" ten="250,250,250,250" oya="0" hai0="25,6,107,67,41,50,91,103,118,71,5,96,121" hai1="4,99,124,62,106,3,28,132,24,15,76,120,26" hai2="17,79,97,116,12,2,90,61,100,57,130,75,89" hai3="33,37,55,39,23,84,43,18,80,59,83,129,74"/><T95/><D95/><U131/><BYE who="0" /><E120/><V47/><F130/><W135/><G33/><T9/><D9/><UN n0="%E3%81%9F%E3%81%93%E2%98%86%E7%84%BC%E3%81%8D" /><U64/><E131/><V0/><F116/><W82/><G135/><T66/><D118/><U51/><E124/><V134/><F134/><W27/><G129/><T94/><D121/><U133/><E15/><V14/><F75/><W125/><G125/><T31/><D50/><U10/><E51/><V105/><F79/><W46/><G39/><T16/><D41/><U119/><E76/><V8/><F47/><W112/><G74/><T32/><D16/><U42/><E42/><V22/><F2/><W122/><G112/><T58/><D58/><U110/><E26/><V11/><F0/><W117/><G117/><T54/><D54/><U87/><E87/><V30/><F30/><W86/><REACH who="3" step="1"/><G122/><REACH who="3" ten="250,250,250,240" step="2"/><T114/><D114/><U102/><E119/><V52/><REACH who="2" step="1"/><F8/><REACH who="2" ten="250,250,240,240" step="2"/><W20/><G20/><T69/><D67/><U34/><REACH who="1" step="1"/><E110/><REACH who="1" ten="250,240,240,240" step="2"/><V38/><F38/><W104/><G104/><T53/><D66/><U36/><E36/><V29/><F29/><W128/><G128/><T109/><D109/><U93/><E93/><V70/><F70/><AGARI ba="0,3" hai="3,4,10,24,28,34,62,64,70,99,102,106,132,133" machi="70" ten="40,12000,2" yaku="1,1,25,2,23,2,52,1,53,0" doraHai="21" doraHaiUra="126" who="1" fromWho="2" sc="250,0,240,150,240,-120,240,0" /><INIT seed="1,0,0,1,3,47" ten="250,390,120,240" oya="1" hai0="60,102,55,128,89,9,87,35,43,12,99,16,39" hai1="71,112,42,18,114,7,4,95,29,26,66,17,70" hai2="72,119,19,106,83,62,15,38,125,110,86,94,126" hai3="8,59,52,97,113,49,131,37,53,91,31,107,122"/><U25/><E95/><V85/><F38/><W11/><G122/><T36/><D35/><U13/><E42/><V28/><F28/><W84/><G113/><T127/><D43/><U105/><E66/><V104/><F62/><W78/><G37/><T111/><D111/><U81/><E81/><V134/><F19/><W2/><G131/><T40/><D127/><N who="2" m="48650" /><F15/><W50/><G2/><T44/><D128/><U45/><E45/><V20/><F20/><W100/><G78/><T82/><D60/><U117/><E13/><V61/><F61/><W10/><G31/><T33/><D33/><U103/><E103/><V56/><F56/><W124/><G124/><T68/><D68/><U75/><E29/><V34/><F34/><W98/><G100/><T92/><REACH who="0" step="1"/><D40/><REACH who="0" ten="240,390,120,240" step="2"/><U65/><E71/><V51/><F110/><W74/><G107/><T135/><D135/><U64/><E105/><V96/><F134/><W116/><G116/><T101/><D101/><U93/><E117/><V109/><F119/><W48/><G74/><T67/><D67/><U129/><E75/><V63/><F109/><W90/><G90/><T3/><D3/><U30/><E70/><V69/><F72/><W24/><G24/><T77/><D77/><U22/><E129/><V21/><F106/><W27/><G27/><T23/><D23/><U32/><E65/><V46/><F21/><W1/><G1/><T108/><D108/><U58/><E64/><V132/><F104/><W79/><G79/><T80/><D80/><U0/><E32/><V57/><F69/><W118/><G118/><T120/><D120/><RYUUKYOKU ba="0,1" sc="240,30,390,-10,120,-10,240,-10" hai0="9,12,16,36,39,44,55,82,87,89,92,99,102" /><INIT seed="2,1,1,1,0,96" ten="270,380,110,230" oya="2" hai0="11,6,40,35,34,123,104,29,70,129,92,67,77" hai1="81,16,93,10,42,117,0,19,124,75,18,76,7" hai2="39,27,113,133,119,44,131,48,78,49,60,135,114" hai3="118,109,15,28,121,61,30,2,63,107,22,91,95"/><V80/><F27/><W128/><G118/><T36/><D92/><U94/><E117/><V134/><F80/><W25/><G2/><T9/><D77/><U24/><E124/><V112/><F78/><W56/><G121/><T55/><D55/><U122/><E122/><V83/><F83/><W71/><G109/><T64/><D40/><U85/><E85/><V43/><F119/><W127/><G107/><T69/><D6/><U108/><E108/><V32/><F32/><W88/><G128/><T53/><D53/><U100/><E100/><V3/><F3/><W37/><G37/><T23/><D104/><U5/><E5/><V38/><F131/><W126/><G30/><T14/><D14/><U66/><E66/><V31/><F31/><W68/><G15/><T1/><D1/><U72/><E72/><V59/><F39/><W82/><G82/><T103/><D36/><U13/><E13/><V132/><N who="2" m="33792" /><DORA hai="47" /><V130/><REACH who="2" step="1"/><F130/><REACH who="2" ten="270,380,100,230" step="2"/><W41/><G28/><T98/><D29/><U17/><E24/><V125/><F125/><W4/><G127/><T90/><D129/><U116/><E116/><V115/><N who="2" m="28672" /><DORA hai="74" /><V50/><F50/><W73/><G126/><T106/><D123/><U111/><E81/><V51/><F51/><W26/><G26/><T97/><D34/><U62/><E76/><V45/><F45/><W8/><G25/><T33/><D35/><U120/><E0/><V110/><F110/><W101/><G71/><T86/><D33/><U89/><E111/><V54/><AGARI ba="1,2" hai="38,43,44,48,49,54,59,60" m="28672,33792" machi="54" ten="90,24000,3" yaku="1,1,0,1,20,1,34,3,52,2,53,2" doraHai="96,47,74" doraHaiUra="99,46,87" who="2" fromWho="2" sc="270,-81,380,-81,100,263,230,-81" /><INIT seed="2,2,0,4,1,63" ten="189,299,363,149" oya="2" hai0="24,47,39,66,31,3,10,38,109,62,77,119,56" hai1="126,1,72,114,106,27,80,29,92,79,0,19,132" hai2="34,15,112,122,51,81,90,125,18,70,6,9,133" hai3="135,134,30,7,91,40,103,123,118,4,69,120,61"/><V131/><F112/><W83/><G30/><T84/><D109/><U71/><E106/><V130/><F122/><N who="3" m="46635" /><G7/><T58/><D119/><U88/><E114/><V36/><F36/><W35/><G4/><T98/><D47/><U99/><E71/><V43/><F34/><W105/><G35/><T117/><D117/><U12/><E132/><N who="3" m="50730" /><G40/><T129/><D129/><U121/><E126/><V23/><F125/><W96/><G61/><T16/><D98/><U2/><E121/><V48/><F133/><W127/><G69/><T68/><D3/><U73/><E72/><V101/><F101/><W116/><G127/><T60/><D68/><U45/><E45/><V74/><F43/><W49/><G49/><T20/><D10/><U102/><E102/><V95/><F70/><W53/><G53/><T59/><D58/><U108/><E108/><V32/><F32/><W65/><G65/><T42/><D31/><U57/><E57/><V86/><F51/><W97/><G97/><T52/><D42/><U111/><E111/><V37/><F48/><W28/><G28/><T64/><D52/><U113/><E113/><V128/><F37/><W124/><G124/><T93/><D38/><U54/><E54/><V55/><F55/><W14/><G14/><T89/><D39/><U13/><REACH who="1" step="1"/><E19/><REACH who="1" ten="189,289,363,149" step="2"/><V21/><F18/><W5/><G5/><T107/><D107/><U75/><E75/><V76/><AGARI ba="2,1" hai="6,9,15,21,23,74,76,81,86,90,95,128,130,131" machi="76" ten="40,3900,0" yaku="0,1,19,1" doraHai="63" who="2" fromWho="2" sc="189,-15,289,-15,363,55,149,-15" /><INIT seed="2,3,0,1,1,55" ten="174,274,418,134" oya="2" hai0="103,124,76,78,49,122,117,31,120,62,37,74,66" hai1="87,23,63,20,40,100,4,34,106,61,48,93,92" hai2="59,77,121,42,26,94,39,80,95,54,32,52,75" hai3="0,109,9,128,83,41,29,60,12,33,101,57,111"/><V50/><F121/><W134/><G128/><T6/><D37/><U67/><E34/><V127/><F127/><W84/><G134/><T126/><D103/><U85/><E106/><V13/><F39/><W114/><G114/><T45/><D6/><U28/><E4/><V131/><F42/><W71/><G0/><T81/><D31/><U98/><E63/><V43/><F43/><W65/><G101/><T90/><D117/><U97/><E48/><V24/><F131/><W72/><G72/><T3/><D76/><U119/><E40/><V110/><F110/><W51/><G29/><T1/><D90/><U35/><E35/><V47/><F13/><W104/><G104/><T123/><D49/><U125/><E125/><N who="0" m="48233" /><D45/><U132/><E132/><V10/><F32/><W14/><G33/><T2/><D2/><U135/><E135/><V107/><F107/><W108/><G9/><T116/><D116/><U79/><E79/><V69/><F10/><W99/><G99/><T64/><D64/><U25/><E20/><V53/><F53/><W112/><G112/><T8/><D8/><U115/><E115/><V5/><F5/><W16/><G16/><T130/><D130/><U21/><E21/><V7/><F7/><W56/><G41/><T36/><D36/><U113/><E113/><V96/><F77/><N who="3" m="46191" /><G51/><T133/><D133/><U70/><E119/><V22/><F50/><W30/><G30/><T86/><D86/><U88/><AGARI ba="3,0" hai="23,25,28,61,67,70,85,87,88,92,93,97,98,100" machi="88" ten="20,2700,0" yaku="0,1,7,1,54,1" doraHai="55" who="1" fromWho="1" sc="174,-10,274,36,418,-16,134,-10" /><INIT seed="3,0,0,1,4,10" ten="164,310,402,124" oya="3" hai0="56,9,46,43,23,77,95,105,65,16,6,15,57" hai1="87,132,121,38,42,13,27,101,131,50,1,17,32" hai2="33,12,66,97,80,119,107,82,24,129,76,8,63" hai3="134,4,113,54,124,78,20,14,18,104,116,51,117"/><W47/><G113/><T103/><D105/><U31/><E121/><V70/><F129/><W110/><G134/><T48/><D77/><U25/><E131/><V52/><F119/><W44/><G124/><T86/><D65/><U58/><E1/><V45/><F76/><W21/><G104/><T100/><D57/><U71/><E71/><V93/><F107/><W120/><G120/><T85/><D56/><U114/><E132/><V126/><F126/><W102/><G102/><T60/><D60/><U109/><E114/><V91/><F24/><W3/><G110/><T133/><D133/><U118/><E38/><V125/><F33/><W123/><G123/><T92/><D92/><U98/><E27/><V79/><F79/><W115/><G115/><T64/><D64/><U84/><E109/><V74/><F74/><W67/><G67/><T75/><D75/><U90/><E42/><V135/><F135/><W72/><G44/><T83/><D95/><U73/><E73/><V5/><F125/><W62/><G62/><T36/><D36/><U108/><E118/><V55/><F55/><W11/><REACH who="3" step="1"/><G21/><REACH who="3" ten="164,310,402,114" step="2"/><T59/><D103/><U130/><E108/><V19/><F45/><W40/><G40/><T111/><D100/><U37/><E101/><V122/><F122/><W0/><G0/><T88/><D111/><U22/><E22/><V99/><F63/><W41/><G41/><T28/><D43/><U96/><E130/><V39/><F66/><W2/><G2/><T49/><D46/><U127/><E127/><V112/><F112/><W34/><G34/><T61/><D61/><RYUUKYOKU ba="0,1" sc="164,-10,310,-10,402,-10,114,30" hai3="3,4,11,14,18,20,47,51,54,72,78,116,117" /><INIT seed="3,1,1,1,0,32" ten="154,300,392,144" oya="3" hai0="53,13,47,64,82,15,3,98,87,108,93,10,122" hai1="8,50,101,111,77,63,119,11,51,65,120,131,0" hai2="18,128,86,56,95,72,115,126,75,62,36,129,29" hai3="88,73,76,103,74,38,16,127,70,34,69,134,57"/><W43/><G34/><T17/><D122/><U104/><E120/><V30/><F126/><W37/><G103/><T79/><D108/><U109/><E77/><V121/><F121/><W94/><G127/><T4/><D64/><U125/><E125/><V31/><F36/><W6/><G134/><T46/><D13/><U42/><E119/><V107/><F107/><W48/><G37/><T91/><D53/><U2/><E131/><N who="2" m="50251" /><F115/><W49/><G6/><T96/><D96/><N who="1" m="61479" /><E51/><V68/><F68/><W71/><G38/><T23/><AGARI ba="1,1" hai="3,4,10,15,17,23,46,47,79,82,87,91,93,98" machi="23" ten="20,2700,0" yaku="0,1,7,1,52,1" doraHai="32" who="0" fromWho="0" sc="154,40,300,-8,392,-8,144,-14" owari="194,-20.6,292,9.2,384,48.4,130,-37.0" /></mjloggm>