<mjloggm ver="2.3"><GO type="225" lobby="0"/><UN n0="%72%69%6F%75%63%68%61%6E" n1="%6D%75%75%6D%75%72%61" n2="%E9%95%B7%E5%B3%B6%E3%83%B3%E3%82%AC%E3%83%B3" n3="%E9%80%9F%E6%B0%B4%E5%87%9B%E9%A6%99" dan="16,16,17,17" rate="2184.31,2127.73,2125.67,2177.96" sx="M,F,M,F"/><TAIKYOKU oya="0"/><INIT seed="0,0,0,5,4,99" ten="250,250,250,250" oya="0" hai0="32,54,34,60,44,57,13,8,129,42,126,70,35" hai1="125,18,114,88,36,29,9,111,52,28,76,16,98" hai2="105,30,93,10,55,63,1,116,101,0,67,62,4" hai3="53,39,24,37,118,91,120,123,133,89,72,14,71"/><T77/><BYE who="2" /><D126/><UN n2="%E9%95%B7%E5%B3%B6%E3%83%B3%E3%82%AC%E3%83%B3" /><U102/><E36/><N who="3" m="13898" /><G72/><T33/><D129/><U112/><E111/><V119/><F105/><W6/><G71/><T38/><D77/><U97/><E125/><V82/><F30/><N who="1" m="11881" /><E76/><V59/><F1/><W79/><G79/><T109/><D109/><U87/><E9/><V7/><F82/><W12/><G6/><T121/><D121/><N who="3" m="46665" /><G118/><N who="2" m="45097" /><F7/><W47/><G24/><T106/><D106/><N who="1" m="63823" /><E98/><N who="2" m="59599" /><F62/><W124/><G124/><T131/><D131/><U73/><E52/><AGARI ba="0,0" hai="0,4,10,52,55,59,63,67" m="59599,45097" machi="52" ten="30,3900,0" yaku="12,1,52,1,54,1" doraHai="99" who="2" fromWho="1" sc="250,0,250,-39,250,39,250,0" /><INIT seed="1,0,0,1,5,58" ten="250,211,289,250" oya="1" hai0="128,72,113,133,51,4,127,123,131,87,62,0,84" hai1="6,15,93,27,94,117,34,14,55,106,77,130,12" hai2="89,49,118,64,132,73,88,122,22,79,21,104,124" hai3="32,114,46,67,26,45,116,5,68,135,100,92,134"/><U11/><E106/><V112/><F104/><W96/><G5/><T10/><D113/><U65/><E117/><V47/><F122/><W50/><G114/><T18/><D123/><U91/><E130/><N who="0" m="49705" /><D72/><U125/><E125/><V13/><F112/><W29/><G116/><T86/><D133/><N who="3" m="50697" /><G50/><T101/><D101/><U111/><E77/><V20/><F64/><W35/><G35/><T43/><D127/><U57/><E65/><V42/><F124/><W85/><G85/><T44/><D18/><U108/><E34/><V16/><F132/><W66/><G66/><T121/><D121/><U110/><E27/><V69/><F69/><W40/><G40/><T54/><D43/><U74/><E74/><V17/><F118/><W98/><G98/><T36/><D36/><U39/><E39/><V129/><F129/><W99/><G99/><T19/><D19/><N who="2" m="7242" /><F73/><W30/><G30/><T71/><D71/><U81/><E81/><V126/><F126/><W105/><G92/><N who="1" m="35434" /><E91/><N who="2" m="34891" /><F79/><W83/><G83/><T107/><D107/><U109/><N who="1" m="27648" /><DORA hai="75" /><U61/><AGARI ba="0,0" hai="6,11,12,14,15,55,57,61" m="27648,35434" machi="61" ten="60,12000,1" yaku="4,1,14,1,10,1,52,1" doraHai="58,75" who="1" fromWho="1" sc="250,-40,211,120,289,-40,250,-40" /><INIT seed="1,1,0,1,0,114" ten="210,331,249,210" oya="1" hai0="101,52,65,57,69,60,46,78,36,92,134,30,113" hai1="122,67,3,128,103,95,131,48,33,16,35,120,100" hai2="11,40,135,28,61,53,24,70,13,90,81,105,50" hai3="56,1,6,9,17,10,124,88,23,27,54,38,12"/><U55/><E3/><V51/><F105/><W25/><G124/><T80/><D113/><U87/><E67/><V119/><F119/><W7/><G38/><T83/><D134/><U74/><E74/><V66/><F135/><W31/><G56/><T62/><D30/><U115/><E115/><V97/><F40/><W94/><G54/><T76/><D83/><U130/><E87/><V111/><F111/><W79/><G79/><T63/><D63/><U0/><E0/><V84/><F97/><W2/><REACH who="3" step="1"/><G31/><REACH who="3" ten="210,331,249,200" step="2"/><T125/><D125/><U18/><E122/><V112/><F112/><W72/><G72/><T86/><D78/><U64/><E120/><V8/><F53/><W118/><G118/><T117/><D117/><U99/><E64/><V58/><F58/><W77/><G77/><T127/><D127/><U91/><E35/><V29/><F29/><W104/><G104/><T85/><D36/><U108/><E33/><V107/><F107/><W132/><G132/><T123/><D123/><U68/><E108/><V45/><F28/><W37/><G37/><T96/><REACH who="0" step="1"/><D46/><REACH who="0" ten="200,331,249,200" step="2"/><N who="1" m="28055" /><E68/><V47/><F45/><W73/><G73/><AGARI ba="1,2" hai="52,57,60,62,65,69,73,76,80,85,86,92,96,101" machi="73" ten="30,3900,0" yaku="1,1,7,1,54,1,53,0" doraHai="114" doraHaiUra="110" who="0" fromWho="3" sc="200,62,331,0,249,0,200,-42" /><INIT seed="2,0,0,5,5,63" ten="262,331,249,158" oya="2" hai0="93,7,68,1,101,56,86,51,75,134,78,71,135" hai1="16,72,59,44,53,116,22,79,102,6,84,58,103" hai2="24,57,55,131,12,99,129,36,120,52,85,98,94" hai3="46,49,2,97,67,83,130,35,66,123,54,13,18"/><V77/><F120/><W47/><G123/><T11/><D75/><U10/><E72/><V95/><F36/><W117/><G117/><T81/><D56/><U113/><E113/><V105/><F105/><W90/><G35/><T45/><D93/><N who="2" m="35338" /><F24/><W106/><G2/><T132/><REACH who="0" step="1"/><D101/><REACH who="0" ten="252,331,249,158" step="2"/><U61/><E103/><V109/><F57/><W115/><G115/><T27/><D27/><U9/><E59/><V121/><F121/><W30/><G130/><T69/><D69/><U76/><E102/><V73/><F73/><W5/><G106/><T128/><D128/><U107/><E107/><V39/><F131/><W31/><G5/><T70/><D70/><U8/><E58/><V82/><F129/><W62/><G62/><T108/><D108/><U50/><E61/><V100/><F100/><W88/><G97/><T48/><D48/><U110/><E50/><V74/><F74/><W91/><G83/><T122/><D122/><U33/><E110/><V96/><F109/><W0/><G0/><T127/><D127/><U65/><E116/><V17/><F39/><W4/><G4/><T112/><D112/><U64/><E6/><V26/><F26/><W60/><G60/><T25/><D25/><U89/><E33/><V92/><F92/><W23/><REACH who="3" step="1"/><G47/><REACH who="3" ten="252,331,249,148" step="2"/><T15/><D15/><U114/><E44/><V19/><F12/><W42/><G42/><AGARI ba="0,2" hai="1,7,11,42,45,51,68,71,78,81,86,132,134,135" machi="42" ten="40,2600,0" yaku="1,1,20,1,53,0" doraHai="63" doraHaiUra="104" who="0" fromWho="3" sc="252,46,331,0,249,0,148,-26" /><INIT seed="3,0,0,3,4,4" ten="298,331,249,122" oya="3" hai0="74,88,112,42,45,60,85,94,52,46,8,115,97" hai1="49,21,28,113,27,5,128,15,101,53,81,23,108" hai2="17,93,65,48,11,103,36,73,9,66,119,58,90" hai3="51,57,44,16,79,32,78,100,1,38,117,13,129"/><W86/><G117/><T111/><D111/><U62/><E113/><N who="0" m="43593" /><D74/><U25/><E128/><V54/><F119/><W68/><G32/><T14/><D42/><U19/><E108/><V24/><F36/><W71/><G1/><T91/><D52/><U114/><E114/><V83/><F103/><W98/><G68/><T59/><D59/><U20/><E101/><V104/><F104/><W87/><G71/><T18/><D60/><U64/><E81/><AGARI ba="0,0" hai="8,14,18,45,46,81,85,88,91,94,97" m="43593" machi="81" ten="30,3900,0" yaku="11,1,52,1,54,1" doraHai="4" who="0" fromWho="1" sc="298,39,331,-39,249,0,122,0" owari="337,43.7,292,9.2,249,-15.1,122,-37.8" /></mjloggm>