<mjloggm ver="2.3"><GO type="225" lobby="0"/><UN n0="%6E%69%63%6F%6E%74%6F" n1="%E3%81%99%E3%81%84%E3%81%BE%E3%81%9B%E3%83%BC%E3%82%93" n2="%E3%81%95%E3%81%8D%E3%81%9F%E3%81%BE%E6%9E%97%E6%AA%8E" n3="%6D%75%75%6D%75%72%61" dan="17,16,16,17" rate="2161.19,2168.09,2160.01,2228.83" sx="M,M,M,F"/><TAIKYOKU oya="0"/><INIT seed="0,0,0,4,3,113" ten="250,250,250,250" oya="0" hai0="120,115,129,130,101,128,68,23,7,104,44,116,112" hai1="13,8,45,63,132,123,134,53,103,1,111,5,106" hai2="17,22,118,91,26,119,50,43,90,20,72,107,41" hai3="60,88,96,80,86,93,66,59,95,122,79,108,69"/><T57/><D68/><U9/><E123/><V65/><F72/><W98/><G108/><T42/><D120/><U85/><E111/><V82/><F107/><W40/><G122/><T99/><D7/><U37/><E103/><V51/><F65/><W47/><G69/><T133/><D133/><N who="1" m="51307" /><E106/><V25/><REACH who="2" step="1"/><F17/><REACH who="2" ten="250,250,240,250" step="2"/><W18/><G18/><T64/><D116/><U28/><E5/><V6/><F6/><W77/><G77/><T10/><D10/><U84/><E8/><V48/><F48/><N who="3" m="26727" /><G79/><T19/><D64/><U12/><E9/><V38/><F38/><W14/><G14/><N who="0" m="9719" /><D57/><U34/><E37/><AGARI ba="0,1" hai="37,42,44,99,101,104,112,115,128,129,130" m="9719" machi="37" ten="30,1500,0" yaku="19,1" doraHai="113" who="0" fromWho="1" sc="250,25,250,-15,240,0,250,0" /><INIT seed="0,1,0,4,5,81" ten="275,235,240,250" oya="0" hai0="7,107,82,97,124,100,64,73,86,68,61,59,91" hai1="41,103,12,77,33,29,2,23,35,134,38,31,57" hai2="98,58,8,62,128,92,39,65,90,56,117,120,28" hai3="135,4,127,101,89,48,113,20,18,114,21,1,116"/><T9/><D124/><U84/><E134/><V105/><F120/><W55/><G116/><T14/><REACH who="0" step="1"/><D73/><REACH who="0" ten="265,235,240,250" step="2"/><U40/><E33/><V126/><F126/><W132/><G127/><T36/><D36/><U83/><E38/><V74/><F39/><W34/><G34/><T133/><D133/><U129/><E35/><V119/><F74/><W6/><G132/><T69/><AGARI ba="1,1" hai="7,9,14,59,61,64,68,69,82,86,91,97,100,107" machi="69" ten="30,6000,0" yaku="1,1,0,1,52,1,53,0" doraHai="81" doraHaiUra="42" who="0" fromWho="0" sc="265,73,235,-21,240,-21,250,-21" /><INIT seed="0,2,0,3,0,113" ten="338,214,219,229" oya="0" hai0="68,114,134,119,24,46,72,126,65,54,106,73,41" hai1="117,91,111,135,1,133,61,79,28,62,13,121,105" hai2="82,31,40,71,108,84,95,97,132,102,22,100,90" hai3="92,83,5,25,32,94,103,69,48,64,109,107,27"/><T76/><D114/><U131/><E1/><V87/><F71/><W16/><G109/><T116/><D116/><U93/><BYE who="0" /><E121/><V20/><F40/><W96/><G5/><T118/><D118/><U129/><E105/><V130/><F108/><W67/><G48/><T89/><D89/><U78/><E117/><V14/><F132/><N who="1" m="50761" /><E28/><UN n0="%6E%69%63%6F%6E%74%6F" /><V127/><F130/><N who="1" m="49673" /><E13/><V33/><F127/><W6/><G6/><T57/><D119/><U42/><E42/><V115/><F115/><W80/><G27/><T10/><D126/><U124/><E111/><V110/><F110/><W58/><G32/><T18/><D106/><U0/><E0/><V21/><F33/><W8/><G107/><T11/><D134/><U99/><E124/><V3/><F3/><W128/><G128/><T112/><D112/><U74/><E74/><V104/><F31/><W85/><G69/><T9/><D73/><U36/><E36/><V7/><F104/><W34/><G34/><T55/><D72/><U98/><E99/><V81/><F14/><N who="3" m="7239" /><G25/><T53/><D24/><U29/><E29/><V77/><F7/><W122/><G122/><T70/><D18/><U123/><E123/><V2/><REACH who="2" step="1"/><F2/><REACH who="2" ten="338,214,209,229" step="2"/><W37/><G37/><T120/><D120/><U35/><E35/><V43/><F43/><W50/><G96/><T26/><D41/><U12/><E12/><V86/><F86/><W51/><G85/><T125/><D125/><U75/><E75/><V15/><F15/><W4/><G4/><T23/><D26/><U63/><AGARI ba="2,1" hai="61,62,63,78,79,91,93,98" m="49673,50761" machi="63" ten="40,2700,0" yaku="20,1,19,1" doraHai="113" who="1" fromWho="1" sc="338,-15,214,43,209,-9,229,-9" /><INIT seed="1,0,0,3,1,130" ten="323,257,200,220" oya="1" hai0="84,76,123,88,45,132,59,89,66,47,107,75,124" hai1="62,55,27,0,133,37,5,18,29,122,23,2,35" hai2="83,99,126,10,24,120,135,13,6,73,102,106,91" hai3="85,4,86,51,80,25,41,57,43,46,1,116,54"/><U44/><E122/><V15/><F126/><W111/><G111/><T58/><D123/><U48/><E133/><V129/><F129/><W114/><G114/><T36/><D107/><U109/><E109/><V31/><F120/><W110/><G110/><T33/><D33/><U9/><E37/><V34/><F15/><W72/><G116/><T125/><D132/><U134/><E134/><V40/><F135/><W118/><G118/><T93/><D75/><U65/><E0/><V87/><REACH who="2" step="1"/><F40/><REACH who="2" ten="323,257,190,220" step="2"/><W101/><G43/><T49/><D125/><U30/><REACH who="1" step="1"/><E35/><REACH who="1" ten="323,247,190,220" step="2"/><V92/><F92/><W7/><G1/><T131/><D93/><U94/><E94/><V69/><F69/><AGARI ba="0,2" hai="2,5,9,18,23,27,29,30,44,48,55,62,65,69" machi="69" ten="30,5800,0" yaku="1,1,7,1,53,1" doraHai="130" doraHaiUra="50" who="1" fromWho="2" sc="323,0,247,78,190,-58,220,0" /><INIT seed="1,1,0,1,3,10" ten="323,325,132,220" oya="1" hai0="16,134,12,27,98,103,85,24,45,36,99,33,34" hai1="73,86,74,39,95,17,3,97,121,115,83,15,117" hai2="81,6,25,82,7,104,80,106,126,18,20,35,90" hai3="9,64,113,118,132,109,52,71,78,53,67,59,93"/><U91/><E115/><V61/><F126/><W38/><G78/><T84/><D134/><U75/><E117/><V41/><F41/><W124/><G113/><T79/><D36/><U77/><E3/><V46/><F46/><W60/><G93/><N who="0" m="58831" /><D34/><U19/><E121/><V13/><F90/><W54/><G9/><N who="0" m="6159" /><D33/><U21/><E39/><V23/><F35/><W62/><G109/><T135/><D135/><U105/><REACH who="1" step="1"/><E19/><REACH who="1" ten="323,315,132,220" step="2"/><V125/><F125/><W120/><G124/><T130/><D130/><U32/><E32/><V114/><F114/><W57/><G132/><T111/><D111/><U56/><E56/><N who="3" m="21578" /><G120/><T49/><D99/><U123/><E123/><V44/><F44/><W128/><G118/><T129/><D129/><U4/><E4/><V96/><F7/><W88/><G128/><T87/><D79/><U22/><E22/><V68/><F6/><W48/><G38/><T65/><D65/><U70/><E70/><V14/><F68/><W92/><G71/><T40/><AGARI ba="1,1" hai="24,27,40,45,49,84,85,87" m="6159,58831" machi="40" ten="30,4000,0" yaku="8,1,52,1,54,1" doraHai="10" who="0" fromWho="0" sc="323,53,315,-21,132,-11,220,-11" /><INIT seed="2,0,0,4,4,20" ten="376,294,121,209" oya="2" hai0="34,7,126,125,66,28,75,0,41,70,36,40,46" hai1="16,63,4,84,17,90,38,35,134,13,51,47,87" hai2="99,8,116,37,33,95,119,21,69,71,85,100,1" hai3="83,98,32,78,80,29,86,22,27,23,3,129,61"/><V101/><F33/><W15/><G129/><T60/><D41/><U64/><E38/><V102/><F37/><W118/><G3/><T110/><D110/><U44/><E35/><V2/><F85/><W5/><G118/><T14/><D14/><U105/><E105/><V77/><F77/><W135/><G135/><T111/><D111/><U89/><E134/><V113/><F113/><W9/><G61/><T96/><D96/><U56/><E4/><V132/><F132/><W88/><G98/><T6/><D75/><AGARI ba="0,0" hai="5,9,15,22,23,27,29,32,75,78,80,83,86,88" machi="75" ten="30,3900,0" yaku="7,1,52,1,54,1" doraHai="20" who="3" fromWho="0" sc="376,-39,294,0,121,0,209,39" /><INIT seed="3,0,0,3,1,55" ten="337,294,121,248" oya="3" hai0="125,81,64,47,82,67,39,115,121,75,19,45,58" hai1="59,25,104,22,37,0,60,3,56,86,52,20,63" hai2="99,94,17,112,93,103,27,80,1,16,76,11,117" hai3="13,68,83,71,72,108,131,79,15,105,62,97,38"/><W46/><G131/><T4/><D121/><U9/><E37/><V122/><F112/><W132/><G132/><T42/><D125/><U128/><E104/><V43/><F117/><W78/><G78/><T118/><D115/><U29/><E128/><V30/><F122/><W24/><G108/><T106/><D106/><U10/><E86/><V34/><F43/><W5/><G5/><T91/><D118/><U100/><E100/><V2/><F2/><W40/><G24/><T89/><D19/><N who="1" m="12447" /><E0/><V70/><F94/><W31/><G31/><T33/><D33/><U102/><E102/><V23/><F70/><W61/><G61/><T69/><D69/><U50/><E3/><V120/><F120/><W111/><G71/><T28/><D28/><U12/><E63/><V129/><F129/><W109/><G97/><T95/><D75/><U124/><E124/><V49/><F34/><W35/><G105/><T114/><D91/><U7/><E9/><V96/><F96/><W130/><G35/><T57/><D39/><U14/><E12/><V65/><F65/><N who="0" m="25162" /><D42/><U21/><E29/><V87/><F1/><W77/><G130/><T133/><D133/><U126/><E126/><V88/><F11/><W85/><G68/><T84/><D114/><U92/><E92/><V107/><REACH who="2" step="1"/><F49/><REACH who="2" ten="337,294,111,248" step="2"/><N who="3" m="26823" /><G111/><T101/><D95/><U36/><E36/><V127/><F127/><W32/><G38/><T48/><D48/><U18/><E50/><V8/><F8/><W110/><G32/><T26/><D82/><U41/><E10/><V54/><F54/><W44/><G110/><T135/><D135/><RYUUKYOKU ba="0,1" sc="337,-10,294,-10,111,30,248,-10" hai2="16,17,23,27,30,76,80,87,88,93,99,103,107" owari="337,43.7,284,8.4,141,-35.9,238,-16.2" /></mjloggm>