<mjloggm ver="2.3"><GO type="225" lobby="0"/><UN n0="%E3%83%94%E3%83%B3%E3%82%B5%E3%83%AD%E5%BA%97%E5%93%A1" n1="%48%61%61%61%6C%61%6E%64" n2="%66%67%67%68%68%64%66" n3="%E7%B4%94%E6%BD%94%E3%83%94%E3%83%A9%E3%83%8B%E3%82%A2" dan="16,18,16,16" rate="2176.94,2280.27,2094.81,2107.10" sx="M,M,M,M"/><TAIKYOKU oya="0"/><INIT seed="0,0,0,0,1,99" ten="250,250,250,250" oya="0" hai0="6,66,95,28,75,25,41,86,114,104,83,89,9" hai1="105,47,122,116,5,20,39,121,111,87,135,109,103" hai2="27,13,10,97,93,49,26,0,55,69,67,91,23" hai3="24,68,125,61,77,34,72,64,18,22,57,76,38"/><T90/><D114/><U107/><E116/><V4/><F69/><W94/><G125/><T80/><D104/><U115/><E115/><V1/><BYE who="1" /><F67/><W110/><G110/><UN n1="%48%61%61%61%6C%61%6E%64" /><T128/><D128/><U59/><E135/><V42/><F42/><W2/><G2/><T71/><D41/><N who="1" m="22975" /><E20/><V100/><F91/><W63/><G38/><T130/><D130/><U35/><E59/><V133/><F133/><W131/><G131/><T31/><D75/><U30/><E87/><V85/><F85/><W113/><G72/><T65/><D71/><U36/><E5/><V14/><F0/><W11/><G113/><T84/><D95/><U16/><E16/><V112/><F27/><W15/><G34/><T126/><D126/><U119/><E36/><V73/><F73/><W78/><G94/><T118/><D118/><U54/><E54/><V101/><F101/><W106/><G106/><N who="1" m="40458" /><E103/><V3/><F14/><W92/><G92/><T79/><D79/><U43/><E43/><V129/><F129/><W40/><G40/><T50/><D50/><U81/><E81/><V56/><REACH who="2" step="1"/><F112/><REACH who="2" ten="250,250,240,250" step="2"/><W33/><G77/><T7/><D25/><N who="1" m="18895" /><E119/><V96/><F96/><W19/><G33/><T74/><D74/><U29/><E29/><AGARI ba="0,1" hai="1,3,4,10,13,23,26,29,49,55,56,93,97,100" machi="29" ten="30,3900,0" yaku="1,1,7,1,52,1,53,0" doraHai="99" doraHaiUra="37" who="2" fromWho="1" sc="250,0,250,-39,240,49,250,0" /><INIT seed="1,0,0,2,5,12" ten="250,211,289,250" oya="1" hai0="31,130,76,107,1,108,0,44,135,35,20,27,111" hai1="132,97,133,54,39,3,73,121,131,22,70,86,25" hai2="109,51,117,62,65,36,38,91,90,52,40,41,14" hai3="95,42,68,30,75,82,46,23,103,13,57,16,71"/><U64/><E73/><V11/><F117/><W28/><G68/><T48/><D107/><U123/><E131/><V58/><F109/><N who="0" m="42058" /><D130/><U78/><E3/><N who="0" m="1097" /><D76/><U85/><E39/><V99/><F38/><W9/><G71/><T60/><D60/><N who="1" m="40199" /><E97/><V106/><F106/><W6/><G57/><T92/><D92/><U87/><E54/><V105/><F105/><W32/><G32/><T19/><D135/><N who="1" m="51787" /><E78/><V18/><F36/><W56/><G56/><T17/><D35/><U67/><E67/><V110/><F110/><W126/><G82/><T116/><D116/><U61/><E61/><V43/><REACH who="2" step="1"/><F99/><REACH who="2" ten="250,211,279,250" step="2"/><N who="3" m="59903" /><G126/><T112/><D112/><U50/><E50/><V84/><F84/><N who="1" m="21505" /><U102/><DORA hai="127" /><E102/><V93/><F93/><W80/><G80/><T125/><D125/><U66/><E66/><V5/><F5/><W89/><G75/><T34/><D34/><U69/><E69/><AGARI ba="0,1" hai="11,14,18,40,41,43,51,52,58,62,65,69,90,91" machi="69" ten="40,8000,1" yaku="1,1,52,1,54,1,53,1" doraHai="12,127" doraHaiUra="24,8" who="2" fromWho="1" sc="250,0,211,-80,279,90,250,0" /><INIT seed="2,0,0,1,5,48" ten="250,131,369,250" oya="2" hai0="5,115,131,122,9,28,108,114,24,90,126,11,25" hai1="20,125,88,34,77,41,70,128,38,27,40,130,127" hai2="61,52,22,6,110,32,69,3,103,97,65,19,42" hai3="109,51,102,81,73,53,37,75,116,56,47,91,4"/><V64/><F32/><W112/><G116/><T50/><D90/><U46/><E70/><V89/><F42/><W17/><G112/><N who="0" m="43051" /><D50/><U49/><E34/><V57/><F110/><W66/><G109/><T59/><D59/><U111/><E111/><V29/><F29/><W23/><G4/><T132/><D108/><U98/><E77/><V133/><F133/><W94/><G102/><T16/><D122/><U14/><E14/><V105/><F89/><W58/><G37/><T71/><D71/><U119/><E119/><V18/><F18/><W36/><G36/><T101/><D101/><U8/><E8/><V123/><F123/><W83/><G75/><T79/><D79/><U82/><E40/><V30/><F30/><W60/><G73/><T63/><D63/><U78/><E38/><V124/><F69/><W135/><G135/><T107/><D107/><U62/><E62/><V44/><F44/><W86/><REACH who="3" step="1"/><G47/><REACH who="3" ten="250,131,369,240" step="2"/><T7/><D132/><U80/><E127/><V117/><F124/><W76/><G76/><T118/><D126/><U104/><E125/><V39/><F39/><W85/><G85/><T33/><D118/><U12/><E78/><V106/><F117/><W120/><G120/><T72/><D72/><U26/><E128/><V43/><F103/><W96/><G96/><T129/><D7/><U13/><E130/><N who="0" m="49673" /><D5/><U10/><E98/><V87/><F97/><W121/><G121/><T95/><D95/><U0/><E104/><V68/><F106/><W35/><G35/><T67/><D67/><N who="2" m="25674" /><F105/><W21/><G21/><AGARI ba="0,1" hai="9,11,16,21,24,25,28,33" m="49673,43051" machi="21" ten="30,7700,0" yaku="19,1,34,2,54,1" doraHai="48" who="0" fromWho="3" sc="250,87,131,0,369,0,240,-77" /><INIT seed="3,0,0,4,1,65" ten="337,131,369,163" oya="3" hai0="121,68,5,59,45,135,105,41,117,132,53,63,124" hai1="123,70,30,92,99,93,62,112,25,96,120,91,55" hai2="116,20,130,71,39,2,129,119,108,0,57,126,37" hai3="64,106,103,74,50,49,34,21,1,52,6,84,40"/><W16/><G74/><T83/><D105/><U7/><E112/><V82/><F71/><W113/><G34/><T104/><D104/><U134/><E134/><N who="0" m="51241" /><D5/><U4/><E120/><V58/><F20/><W73/><G73/><T87/><D87/><U15/><E123/><V125/><F82/><W9/><G113/><T102/><D102/><U69/><E55/><V46/><F46/><W36/><G36/><N who="0" m="21671" /><D83/><U35/><E62/><V54/><F54/><W51/><G40/><T24/><D24/><U80/><E80/><V115/><F115/><W76/><G64/><N who="0" m="40991" /><D121/><U38/><E38/><V47/><F47/><W78/><G84/><T75/><D75/><U66/><E66/><V44/><F44/><W81/><G81/><T27/><D27/><U131/><E131/><V33/><F108/><W86/><G86/><T118/><D124/><U127/><E127/><V60/><F60/><AGARI ba="0,0" hai="53,59,60,117,118" m="40991,21671,51241" machi="60" ten="30,7700,0" yaku="20,1,34,2,52,1" doraHai="65" who="0" fromWho="2" sc="337,77,131,0,369,-77,163,0" owari="414,51.4,131,-36.9,292,9.2,163,-23.7" /></mjloggm>