<mjloggm ver="2.3"><GO type="225" lobby="0"/><UN n0="%E3%83%8F%E3%83%B3%E3%83%89%E3%83%A9%E3%83%BC%E3%83%BB%E3%83%AF%E3%83%B3" n1="%E6%9D%B1%E9%A2%A8%E3%81%AE%E3%81%8D%E3%82%83%E3%81%B7%E3%81%95%E3%82%93" n2="%E6%A1%9C%E8%8A%B1%E9%96%83%E3%80%85" n3="%E3%81%BF%E3%81%BF%E3%81%9A" dan="17,16,17,18" rate="2167.10,2190.82,2172.10,2261.67" sx="M,M,M,M"/><TAIKYOKU oya="0"/><INIT seed="0,0,0,3,4,55" ten="250,250,250,250" oya="0" hai0="22,52,31,27,122,3,95,111,135,93,81,103,134" hai1="36,125,8,15,45,25,18,119,28,49,120,123,54" hai2="108,12,109,106,96,41,2,117,34,104,70,99,101" hai3="72,58,4,32,90,126,78,97,69,129,91,5,56"/><T84/><D122/><U1/><E119/><V44/><F2/><W114/><G69/><T30/><D3/><U131/><E125/><V113/><F113/><W128/><G32/><T29/><D111/><N who="2" m="42570" /><F117/><W39/><G39/><T40/><D40/><U76/><E131/><N who="3" m="50250" /><G114/><T59/><D135/><U14/><E1/><V9/><F34/><W68/><G68/><T0/><D0/><U37/><E76/><V130/><F70/><W132/><G126/><T7/><D7/><N who="3" m="2633" /><G132/><T66/><D66/><U24/><E15/><V87/><F87/><W46/><G46/><T77/><D134/><U64/><E64/><V6/><F130/><W57/><G97/><N who="2" m="37449" /><F101/><W13/><G13/><T65/><D65/><U86/><E86/><V71/><F71/><W124/><G124/><T88/><D103/><U115/><E115/><V20/><F20/><W121/><G121/><T61/><D95/><U19/><E123/><V94/><F94/><W133/><G133/><T102/><D102/><U26/><E120/><V92/><F92/><W82/><AGARI ba="0,0" hai="56,57,58,72,78,82,90,91" m="2633,50250" machi="82" ten="40,8000,1" yaku="19,1,52,3" doraHai="55" who="3" fromWho="3" sc="250,-40,250,-20,250,-20,250,80" /><INIT seed="1,0,0,0,0,97" ten="210,230,230,330" oya="1" hai0="20,85,71,41,0,126,17,75,28,104,119,23,8" hai1="63,5,92,96,38,111,129,87,64,108,79,113,130" hai2="101,78,123,84,106,77,53,76,133,66,31,49,70" hai3="117,51,59,45,124,16,3,128,88,114,100,112,73"/><U94/><E38/><V13/><F123/><W98/><G3/><T6/><D119/><U47/><E5/><V131/><F131/><N who="1" m="50185" /><E47/><V120/><F120/><W22/><G128/><T83/><D104/><U50/><E50/><V55/><F133/><W48/><G73/><T14/><D126/><U116/><E116/><V115/><F31/><W54/><G124/><T36/><D71/><U86/><E113/><V44/><F115/><W10/><G10/><T19/><D28/><U105/><E105/><V80/><F55/><W4/><G4/><T93/><D93/><N who="1" m="35947" /><E96/><V15/><F70/><W102/><G117/><T89/><D75/><U58/><E79/><V134/><F134/><W27/><G114/><T95/><D95/><U74/><E74/><V42/><F42/><N who="3" m="24631" /><G98/><T32/><D32/><U34/><E34/><V57/><F77/><W24/><G112/><T60/><D60/><U39/><E39/><V56/><F78/><W132/><G132/><T61/><D61/><U2/><E2/><V135/><F135/><W121/><G121/><T33/><D33/><U62/><E62/><N who="2" m="38223" /><F44/><W26/><G88/><T35/><D35/><U81/><E81/><V110/><F106/><W30/><G30/><T90/><D41/><U127/><E127/><V18/><F76/><W69/><G69/><T91/><REACH who="0" step="1"/><D36/><REACH who="0" ten="200,230,230,330" step="2"/><U72/><E72/><V9/><F49/><W67/><G67/><T109/><D109/><AGARI ba="0,1" hai="58,63,64,86,87,108,109,111" m="35947,50185" machi="109" ten="30,5800,0" yaku="14,1,10,1,19,1" doraHai="97" who="1" fromWho="0" sc="200,-58,230,68,230,0,330,0" /><INIT seed="1,1,0,0,0,52" ten="142,298,230,330" oya="1" hai0="16,97,111,94,44,17,4,20,131,45,98,1,134" hai1="115,101,132,65,72,15,48,80,38,86,11,58,84" hai2="59,109,103,88,46,7,60,85,62,6,14,90,24" hai3="30,116,96,28,112,102,32,73,124,78,95,26,39"/><U43/><E115/><V66/><F109/><W93/><G112/><T130/><D111/><U47/><E132/><V49/><F103/><W104/><G39/><T53/><D134/><U126/><E126/><V108/><F108/><W41/><G124/><T81/><D81/><U114/><E114/><V36/><F36/><W34/><G41/><T100/><D4/><N who="2" m="1578" /><F24/><W23/><G116/><T121/><D1/><U117/><E117/><V133/><F133/><W35/><REACH who="3" step="1"/><G30/><REACH who="3" ten="142,298,230,320" step="2"/><T56/><D121/><U12/><E38/><V2/><F2/><W0/><G0/><T105/><D131/><U42/><E42/><N who="2" m="24791" /><F14/><W25/><G25/><T91/><D130/><U127/><E15/><V92/><F62/><W55/><G55/><T3/><D3/><U129/><E127/><V50/><F50/><W79/><G79/><T71/><D71/><U122/><E129/><V57/><F90/><W118/><G118/><T68/><D68/><U74/><E101/><V27/><F27/><W69/><G69/><T8/><D53/><U10/><E12/><V21/><F60/><W135/><G135/><T31/><D31/><U125/><E125/><V110/><F110/><W61/><G61/><T54/><D54/><U63/><E43/><V18/><F66/><W51/><G51/><T29/><D29/><U75/><E48/><V33/><F33/><W64/><G64/><T37/><D37/><U9/><E65/><V13/><AGARI ba="1,1" hai="13,18,21,57,59,85,88,92" m="24791,1578" machi="13" ten="30,7900,0" yaku="8,1,52,2,54,1" doraHai="52" who="2" fromWho="2" sc="142,-21,298,-40,230,92,320,-21" /><INIT seed="2,0,0,5,2,133" ten="121,258,322,299" oya="2" hai0="76,40,129,126,14,74,71,5,118,117,116,44,67" hai1="32,131,20,52,78,57,112,47,89,7,16,62,26" hai2="24,60,8,6,79,94,85,13,114,128,28,48,41" hai3="54,120,135,121,123,102,97,34,65,33,70,73,99"/><V12/><F114/><W93/><G135/><T29/><D129/><U119/><E131/><V56/><F128/><W98/><G73/><T83/><D29/><U108/><E112/><V31/><F13/><W43/><G43/><T2/><D14/><U11/><E108/><V91/><F79/><W42/><G42/><T10/><D67/><U51/><E119/><V25/><F31/><W22/><G54/><T109/><D71/><U134/><E32/><V81/><F94/><W66/><G22/><T127/><REACH who="0" step="1"/><D109/><REACH who="0" ten="111,258,322,299" step="2"/><U72/><E134/><V92/><F28/><W63/><G66/><T19/><D19/><U23/><E23/><V18/><F18/><W46/><G34/><T106/><D106/><U21/><E21/><V90/><F25/><W9/><G33/><T80/><D80/><U104/><E104/><V17/><F24/><W64/><G64/><T3/><D3/><U107/><E107/><V50/><F17/><W84/><G9/><T27/><D27/><U82/><E11/><V105/><F105/><W115/><G115/><T35/><D35/><U100/><E7/><V113/><F113/><W130/><G130/><T59/><D59/><U69/><E69/><V55/><F81/><W36/><G121/><T125/><D125/><U87/><E20/><V101/><F12/><W58/><G70/><T111/><D111/><U77/><E26/><V61/><F8/><W110/><G110/><T1/><D1/><U38/><E16/><V124/><F124/><W37/><G120/><T103/><D103/><U88/><E57/><V49/><F6/><W86/><G123/><RYUUKYOKU ba="0,1" sc="111,30,258,-10,322,-10,299,-10" hai0="2,5,10,40,44,74,76,83,116,117,118,126,127" /><INIT seed="3,1,1,1,4,118" ten="141,248,312,289" oya="3" hai0="103,66,53,26,35,0,125,78,128,80,87,99,133" hai1="58,32,39,15,106,47,69,19,2,96,55,11,29" hai2="67,41,31,77,98,95,17,105,56,90,4,97,108" hai3="21,116,110,113,24,132,91,46,27,3,111,10,12"/><W101/><G113/><T120/><D120/><U89/><E69/><V63/><F108/><N who="3" m="41515" /><G116/><T60/><D128/><U94/><E106/><V123/><F123/><W119/><G119/><T5/><D125/><U72/><E72/><V13/><F31/><W49/><G132/><T114/><D133/><U127/><E127/><V109/><F109/><W82/><G101/><T129/><D129/><U65/><E2/><V50/><F77/><W130/><G130/><T68/><D53/><U121/><E121/><V135/><F4/><N who="3" m="1311" /><G91/><T6/><D114/><U81/><E81/><V86/><F105/><W122/><G122/><T40/><D40/><U18/><E65/><V88/><F90/><W45/><G82/><T28/><REACH who="0" step="1"/><D0/><REACH who="0" ten="131,248,312,289" step="2"/><U112/><E112/><V131/><F131/><W44/><G49/><T115/><D115/><U23/><E55/><V64/><F135/><W36/><G36/><T83/><D83/><U93/><E39/><V124/><F124/><W74/><G74/><T7/><D7/><U25/><E93/><V9/><F67/><W48/><G48/><T42/><D42/><U51/><E51/><V30/><F50/><W134/><G134/><T75/><D75/><U107/><E47/><V102/><F41/><W84/><G45/><T61/><D61/><U70/><E94/><V92/><F92/><W37/><G37/><T117/><D117/><U33/><E107/><V43/><F43/><W8/><G44/><T62/><D62/><U76/><E76/><V52/><F64/><W100/><G46/><T79/><D79/><U14/><E89/><V57/><F88/><RYUUKYOKU ba="1,2" sc="131,30,248,-10,312,-10,289,-10" hai0="5,6,26,28,35,60,66,68,78,80,87,99,103" owari="161,-33.9,238,-16.2,322,42.2,279,7.9" /></mjloggm>