<mjloggm ver="2.3"><GO type="225" lobby="0"/><UN n0="%E8%90%BD%E6%97%A5" n1="%E3%81%82%E3%83%BC%E3%81%97" n2="%E3%81%AF%E3%82%88%E3%81%8A%E3%81%98%E3%81%95%E3%82%93" n3="%E3%81%BF%E3%81%BF%E3%81%9A" dan="19,16,16,17" rate="2239.13,2106.61,2090.56,2238.83" sx="F,M,M,M"/><TAIKYOKU oya="0"/><INIT seed="0,0,0,2,1,34" ten="250,250,250,250" oya="0" hai0="97,131,39,115,74,28,101,40,122,104,52,35,85" hai1="15,42,46,64,93,129,73,102,95,8,33,53,111" hai2="3,51,86,82,50,126,83,25,29,44,1,114,87" hai3="38,18,69,100,22,31,112,48,9,14,75,62,110"/><T16/><D74/><U98/><E33/><V59/><F126/><W5/><G38/><T10/><D115/><U49/><E111/><V6/><F6/><W68/><G112/><T20/><D122/><U96/><E73/><V56/><F114/><W2/><G110/><T7/><D131/><U123/><E129/><V128/><F128/><W113/><G113/><T118/><D118/><U37/><E64/><V125/><F125/><W119/><G119/><T30/><D40/><U127/><E127/><V41/><F25/><W106/><G75/><T23/><D39/><U135/><E135/><V76/><F29/><W54/><G62/><T91/><D23/><U99/><E123/><V134/><F134/><W94/><G106/><T88/><D91/><U47/><REACH who="1" step="1"/><E95/><REACH who="1" ten="250,240,250,250" step="2"/><V4/><F4/><AGARI ba="0,1" hai="4,8,15,37,42,46,47,49,53,93,96,98,99,102" machi="4" ten="30,3900,0" yaku="1,1,2,1,7,1,53,0" doraHai="34" doraHaiUra="103" who="1" fromWho="2" sc="250,0,240,49,250,-39,250,0" /><BYE who="2" /><INIT seed="1,0,0,2,3,17" ten="250,289,211,250" oya="1" hai0="105,121,49,9,112,131,91,93,30,67,96,59,90" hai1="76,47,60,120,106,24,32,126,80,132,65,22,8" hai2="44,20,0,99,104,84,92,34,107,11,4,72,95" hai3="134,77,118,78,15,102,127,88,64,27,87,13,125"/><U50/><E120/><UN n2="%E3%81%AF%E3%82%88%E3%81%8A%E3%81%98%E3%81%95%E3%82%93" /><V122/><F122/><W109/><G109/><T28/><D121/><U101/><E32/><V53/><F72/><W21/><G102/><T94/><D112/><U66/><E132/><V63/><F34/><W37/><G64/><T46/><D105/><U57/><E8/><V61/><F84/><W124/><G37/><T129/><D9/><U119/><E126/><V82/><F82/><N who="3" m="49271" /><G134/><T123/><D123/><U110/><E119/><V38/><F95/><W16/><G118/><T79/><D79/><AGARI ba="0,0" hai="13,15,16,21,27,77,78,79,124,125,127" m="49271" machi="79" ten="30,7700,0" yaku="18,1,52,1,54,2" doraHai="17" who="3" fromWho="0" sc="250,-77,289,0,211,0,250,77" /><INIT seed="2,0,0,3,0,31" ten="173,289,211,327" oya="2" hai0="95,47,100,38,113,30,34,19,46,64,63,111,37" hai1="125,66,93,65,22,89,29,107,41,52,62,115,55" hai2="10,23,16,131,123,33,24,91,92,112,114,103,21" hai3="88,105,1,101,73,80,35,49,84,12,44,78,67"/><V26/><F123/><W106/><G1/><T76/><D113/><U6/><E107/><V72/><F72/><W27/><G67/><T2/><D111/><U4/><E115/><V102/><F131/><W42/><G12/><T7/><D76/><U0/><E41/><V90/><F10/><W94/><REACH who="3" step="1"/><G101/><REACH who="3" ten="173,289,211,317" step="2"/><T15/><D2/><U50/><E0/><V14/><F14/><W45/><G45/><T60/><D46/><N who="1" m="27735" /><E125/><V17/><F92/><W128/><G128/><T127/><D47/><U71/><E71/><V87/><F87/><W11/><G11/><T39/><D127/><U124/><E124/><V121/><F121/><W86/><G86/><T77/><D95/><U104/><E66/><V25/><F25/><W97/><G97/><T70/><D100/><U83/><E65/><V130/><F130/><W85/><G85/><T82/><D64/><U133/><E104/><V117/><F117/><W68/><G68/><T43/><D70/><U13/><E83/><V61/><F61/><W36/><G36/><T118/><D60/><U53/><E62/><V122/><F122/><W56/><G56/><T99/><D63/><U18/><E133/><V96/><F96/><W81/><G81/><T5/><D99/><N who="1" m="57775" /><E29/><AGARI ba="0,1" hai="27,29,35,42,44,49,73,78,80,84,88,94,105,106" machi="29" ten="40,8000,1" yaku="1,1,52,1,54,1,53,1" doraHai="31" doraHaiUra="79" who="3" fromWho="1" sc="173,0,289,-80,211,0,317,90" /><INIT seed="3,0,0,5,1,61" ten="173,209,211,407" oya="3" hai0="131,117,29,89,112,84,114,73,11,49,130,94,62" hai1="37,14,2,55,5,124,20,78,123,48,50,67,70" hai2="118,92,4,18,15,47,51,116,24,120,0,82,88" hai3="1,115,3,59,83,52,119,81,16,77,31,58,38"/><W34/><G115/><N who="0" m="44075" /><D29/><U60/><E123/><V110/><F120/><W100/><G119/><T10/><D117/><U128/><E37/><V44/><F44/><W23/><G38/><T75/><D49/><U57/><E2/><V109/><F24/><W93/><G34/><T87/><D11/><U68/><E78/><V71/><F71/><W19/><G1/><T64/><D10/><U30/><E70/><V102/><F102/><W65/><G3/><T85/><D62/><U97/><E128/><N who="0" m="49193" /><D64/><U111/><E111/><N who="2" m="42507" /><F82/><W105/><G105/><T46/><D46/><U45/><E68/><V40/><F4/><W35/><G35/><T36/><D36/><U122/><E122/><V99/><F0/><W28/><G65/><T56/><D56/><U113/><E113/><V101/><F101/><W96/><G19/><T106/><D106/><U90/><E50/><V21/><AGARI ba="0,0" hai="15,18,21,40,47,51,88,92,99,116,118" m="42507" machi="21" ten="30,2000,0" yaku="14,1,54,1" doraHai="61" who="2" fromWho="2" sc="173,-5,209,-5,211,20,407,-10" owari="168,-33.2,204,-19.6,231,3.1,397,49.7" /></mjloggm>