<mjloggm ver="2.3"><GO type="225" lobby="0"/><UN n0="%E6%B4%BE%E9%81%A3%E3%81%AE%E3%82%B8%E3%83%A3%E3%83%83%E3%82%AF" n1="%E5%8D%A0%E3%81%84%E5%B8%AB%E8%A3%8F%E3%81%AA%E3%81%84%E3%81%97" n2="%E5%91%A8%E6%9D%B1" n3="%E3%82%8C%E3%81%99%E3%81%93" dan="17,17,17,16" rate="2225.03,2126.48,2207.57,2091.72" sx="M,M,M,F"/><TAIKYOKU oya="0"/><INIT seed="0,0,0,2,4,35" ten="250,250,250,250" oya="0" hai0="124,69,20,80,8,111,85,70,0,27,67,40,104" hai1="100,134,92,63,78,6,4,52,103,91,24,112,107" hai2="77,131,132,22,74,84,50,89,57,51,29,83,60" hai3="117,102,53,42,101,119,30,127,90,48,5,105,11"/><T88/><D104/><U55/><E134/><V61/><F132/><W39/><G127/><T73/><D124/><U37/><E37/><V72/><F131/><W23/><G42/><T31/><D111/><U81/><E112/><V106/><F106/><W76/><G39/><T45/><D67/><U59/><E107/><V44/><F74/><W46/><G76/><T9/><D9/><U65/><E24/><N who="2" m="16535" /><F72/><W130/><G130/><T41/><D73/><U28/><E28/><V123/><F123/><W94/><G105/><T115/><D115/><U32/><E32/><V128/><F128/><W86/><G119/><T79/><D79/><U19/><E19/><V13/><F13/><N who="3" m="5359" /><G117/><T87/><D87/><N who="1" m="48567" /><E55/><N who="2" m="31999" /><F77/><W56/><G46/><T34/><D34/><U43/><E43/><AGARI ba="0,0" hai="43,44,50,60,61,83,84,89" m="31999,16535" machi="43" ten="30,1000,0" yaku="8,1" doraHai="35" who="2" fromWho="1" sc="250,0,250,-10,250,10,250,0" /><INIT seed="1,0,0,2,2,110" ten="250,240,260,250" oya="1" hai0="97,19,5,4,9,39,132,53,93,83,13,22,120" hai1="126,27,1,123,130,7,101,59,70,69,94,103,76" hai2="111,14,64,80,105,87,121,88,26,114,44,47,10" hai3="23,31,116,131,25,106,18,34,95,6,71,17,38"/><U21/><E123/><V128/><F105/><W84/><G106/><T37/><D132/><U125/><E130/><V57/><F121/><W92/><G38/><T100/><D120/><U86/><E7/><V117/><F111/><W0/><G71/><T122/><D122/><U104/><E1/><V62/><F128/><W124/><G131/><T43/><D5/><U107/><E76/><V73/><F117/><W96/><G116/><T78/><D53/><U102/><E59/><V99/><F114/><W12/><G124/><N who="1" m="47722" /><E107/><V33/><F73/><W50/><G18/><T40/><D39/><U119/><E104/><V3/><F3/><W49/><G84/><T29/><D29/><N who="1" m="17647" /><E119/><V74/><F74/><W32/><G32/><T129/><D37/><U11/><E11/><V81/><F81/><W85/><G85/><N who="0" m="48375" /><D129/><U15/><E15/><AGARI ba="0,0" hai="4,9,13,15,19,22,40,43,93,97,100" m="48375" machi="15" ten="30,1000,0" yaku="8,1" doraHai="110" who="0" fromWho="1" sc="250,10,240,-10,260,0,250,0" /><INIT seed="2,0,0,1,3,52" ten="260,230,260,250" oya="2" hai0="69,102,91,7,105,81,43,71,5,68,3,9,128" hai1="55,94,96,109,12,72,70,95,133,29,26,31,16" hai2="131,63,83,135,8,93,51,30,121,11,74,80,67" hai3="134,23,10,116,104,113,20,78,60,15,77,28,1"/><V101/><F121/><W44/><G116/><T103/><D128/><U132/><E72/><V115/><F115/><W14/><G104/><T108/><D108/><U85/><E109/><V53/><F131/><W73/><G1/><T47/><D7/><U58/><E70/><V129/><F129/><W126/><G126/><T118/><D118/><U124/><E124/><V0/><F135/><N who="1" m="51785" /><E85/><V38/><F30/><N who="1" m="11273" /><E26/><V35/><F38/><W117/><G117/><T6/><D6/><U18/><E12/><V64/><F35/><W82/><G134/><T123/><D123/><U120/><E120/><V65/><F0/><W110/><G110/><T114/><D114/><U59/><E95/><V25/><F25/><W27/><G113/><T66/><D105/><U24/><E24/><V92/><F74/><W17/><G78/><T13/><D3/><U54/><E54/><V106/><F106/><W130/><G130/><T32/><D66/><U39/><E39/><V87/><F93/><W22/><G15/><T56/><D32/><U89/><E58/><N who="2" m="33087" /><F63/><AGARI ba="0,0" hai="16,18,55,59,63,89,94,96" m="11273,51785" machi="63" ten="30,3900,0" yaku="20,1,52,1,54,1" doraHai="52" who="1" fromWho="2" sc="260,0,230,39,260,-39,250,0" /><INIT seed="3,0,0,0,1,83" ten="260,269,221,250" oya="3" hai0="48,52,14,107,130,3,57,95,120,89,110,60,112" hai1="126,122,8,68,87,79,67,63,65,131,118,105,66" hai2="70,56,18,74,73,9,80,40,47,127,33,101,50" hai3="36,38,117,10,26,58,75,129,61,82,53,77,113"/><W134/><G113/><T13/><D120/><U123/><E105/><V30/><F70/><W98/><G117/><T6/><D107/><U27/><E118/><V20/><F127/><W5/><G134/><T116/><D110/><U24/><E126/><V76/><F101/><W28/><G98/><T84/><D116/><U4/><E131/><V85/><F9/><W31/><G129/><T45/><D130/><U35/><E35/><V55/><F30/><W49/><G61/><T108/><D108/><U111/><E111/><V12/><REACH who="2" step="1"/><F33/><REACH who="2" ten="260,269,211,250" step="2"/><W19/><G31/><T106/><D112/><U39/><E68/><V102/><F102/><W43/><G19/><T78/><D106/><U114/><E114/><V59/><F59/><W15/><REACH who="3" step="1"/><G43/><REACH who="3" ten="260,269,211,240" step="2"/><T104/><D104/><U91/><E123/><V94/><F94/><W44/><G44/><T29/><D29/><U34/><E122/><V7/><F7/><W103/><G103/><T46/><D46/><U0/><E4/><V133/><F133/><W119/><G119/><T121/><D121/><U21/><E34/><AGARI ba="0,2" hai="5,10,15,26,28,34,36,38,49,53,58,75,77,82" machi="34" ten="30,2900,0" yaku="1,1,7,1,53,0" doraHai="83" doraHaiUra="92" who="3" fromWho="1" sc="260,0,269,-29,211,0,240,49" /><INIT seed="3,1,0,5,0,122" ten="260,240,211,289" oya="3" hai0="127,12,23,21,71,82,16,69,3,101,118,130,115" hai1="103,112,91,120,51,94,78,100,128,88,4,119,24" hai2="104,111,125,8,116,54,53,6,61,95,5,126,124" hai3="56,63,34,80,20,102,62,76,17,58,121,38,14"/><W39/><G34/><T42/><D118/><U47/><E120/><V123/><F104/><W0/><G121/><T2/><D101/><U18/><E112/><V84/><F116/><W40/><G0/><T106/><D106/><U70/><E70/><V46/><F123/><W134/><G134/><T114/><D42/><U37/><E37/><V74/><F74/><W25/><G102/><T86/><D127/><U110/><E119/><V135/><F135/><W108/><G25/><T90/><D130/><U7/><E78/><V36/><F111/><W11/><G108/><T32/><D32/><U50/><E128/><V68/><F6/><W59/><G20/><T44/><D44/><U66/><E66/><N who="2" m="41039" /><F46/><W26/><G26/><T99/><D99/><U73/><E73/><V97/><F84/><N who="3" m="48135" /><G39/><T93/><D93/><U35/><E35/><V22/><F22/><W92/><G38/><T45/><D45/><U13/><E24/><V87/><F87/><W96/><G40/><T79/><D79/><U19/><E110/><V129/><F36/><W15/><G15/><N who="0" m="9375" /><D71/><U109/><E109/><V10/><F129/><W83/><G83/><T30/><D69/><U75/><E75/><V65/><F65/><W41/><G41/><T29/><D3/><U85/><E47/><V113/><F113/><N who="0" m="43018" /><D2/><U31/><E31/><V105/><F105/><W131/><G131/><T81/><D81/><N who="1" m="49199" /><E4/><V28/><F28/><W52/><G63/><T48/><D48/><N who="1" m="18475" /><E7/><V98/><F98/><W64/><G64/><T60/><D60/><U77/><E77/><V27/><F27/><W133/><G133/><RYUUKYOKU ba="1,0" sc="260,15,240,-15,211,-15,289,15" hai0="12,23,29,30,82,86,90" hai3="11,14,17,52,56,58,59,62,92,96" owari="275,7.5,225,-17.5,196,-30.4,304,40.4" /></mjloggm>