<mjloggm ver="2.3"><GO type="225" lobby="0"/><UN n0="%E5%B0%8F%37%34" n1="%E3%81%86%E3%81%A3%E3%81%97%E3%83%BC%30%30" n2="%E3%81%82%E3%80%81%E8%B2%A0%E3%81%91%E3%81%BE%E3%81%97%E3%81%9F" n3="%E3%81%BF%E3%81%BF%E3%81%9A" dan="16,16,16,16" rate="2105.14,2134.27,2113.26,2149.38" sx="M,M,M,M"/><TAIKYOKU oya="0"/><INIT seed="0,0,0,4,0,79" ten="250,250,250,250" oya="0" hai0="124,120,64,71,82,72,35,33,90,47,70,9,130" hai1="73,50,67,60,132,55,14,123,44,75,1,114,95" hai2="52,41,108,30,103,49,46,134,97,61,68,4,102" hai3="119,83,106,23,86,58,77,118,7,31,8,43,65"/><T100/><D120/><U116/><E1/><V111/><F108/><W113/><G113/><T10/><D124/><U122/><E116/><V121/><F134/><W56/><G106/><T127/><D127/><U99/><E132/><V117/><F111/><W57/><G65/><T131/><D100/><U135/><E135/><V129/><F129/><N who="0" m="49162" /><D47/><U63/><E114/><V18/><F121/><W39/><G23/><T78/><D90/><U0/><E0/><V27/><F4/><W98/><G31/><T115/><D115/><U25/><E123/><V32/><F103/><W112/><G98/><T21/><D21/><U94/><E94/><V85/><F85/><W62/><G112/><T16/><D10/><U66/><E25/><V20/><F117/><W24/><G24/><T84/><D72/><U29/><E29/><V101/><F101/><W59/><N who="3" m="14336" /><DORA hai="88" /><W128/><G62/><N who="0" m="40215" /><D71/><U48/><E44/><V6/><F61/><W81/><G128/><T38/><D38/><U104/><E75/><V19/><F68/><W107/><G107/><T13/><AGARI ba="0,0" hai="9,13,16,33,35,78,82,84" m="40215,49162" machi="13" ten="30,6000,0" yaku="19,1,52,1,54,1" doraHai="79,88" who="0" fromWho="0" sc="250,60,250,-20,250,-20,250,-20" /><INIT seed="0,1,0,2,4,28" ten="310,230,230,230" oya="0" hai0="74,119,102,14,44,114,115,129,64,120,13,75,126" hai1="67,18,70,10,32,52,104,127,11,1,134,30,22" hai2="135,86,98,54,29,65,72,60,21,125,95,23,132" hai3="78,77,117,76,122,124,79,43,34,25,118,24,46"/><T87/><D119/><U81/><E104/><V66/><F72/><W16/><N who="3" m="19456" /><DORA hai="71" /><W55/><G124/><T101/><D87/><U93/><E81/><V100/><F125/><W111/><G111/><T61/><D44/><U8/><E70/><V19/><F54/><W96/><G122/><T57/><D126/><U31/><E67/><V5/><F5/><W0/><G0/><T85/><D120/><U6/><E127/><V49/><F49/><W88/><G55/><T40/><D40/><U99/><E134/><V38/><F38/><W7/><G7/><T39/><D39/><U131/><E131/><V69/><F86/><W62/><G62/><T63/><D85/><U113/><E113/><V42/><F42/><W20/><G25/><T90/><D57/><U59/><E32/><V130/><F65/><W108/><G34/><T84/><D84/><U133/><E133/><V56/><F69/><W116/><G108/><T33/><D33/><U68/><E68/><V112/><F112/><W53/><G53/><T26/><D64/><U73/><E73/><V91/><F91/><W4/><G4/><T107/><D26/><N who="1" m="14679" /><E1/><V2/><F2/><W17/><G17/><T82/><D107/><U45/><E45/><V50/><F130/><W36/><REACH who="3" step="1"/><G117/><REACH who="3" ten="310,230,230,220" step="2"/><T83/><D129/><U97/><E6/><V41/><F132/><W128/><G128/><T48/><D114/><U110/><E110/><V35/><F135/><W47/><G47/><T9/><D115/><U103/><E99/><V123/><F123/><W12/><G12/><T109/><D13/><U37/><E37/><RYUUKYOKU ba="1,1" sc="310,-15,230,15,230,-15,220,15" hai1="8,10,11,30,31,52,59,93,97,103" hai3="16,20,24,36,43,46,88,96,116,118" /><INIT seed="1,2,1,0,2,92" ten="295,245,215,235" oya="1" hai0="15,117,49,69,115,107,131,96,10,16,43,71,68" hai1="19,39,11,1,44,2,50,75,70,41,87,119,109" hai2="134,106,22,133,7,95,14,81,124,64,31,48,5" hai3="108,13,125,21,8,120,82,46,121,104,53,36,83"/><U127/><E119/><V100/><F106/><W102/><G108/><T113/><D117/><U54/><E75/><V105/><F105/><W56/><G125/><T122/><D122/><U132/><E127/><V33/><F124/><W0/><G0/><T79/><D131/><U38/><E132/><N who="2" m="50795" /><F64/><W78/><G21/><T32/><D32/><U112/><E112/><V103/><F81/><W65/><G65/><T37/><D37/><U4/><E70/><V110/><F110/><W88/><G46/><T40/><D79/><U85/><E1/><V52/><F33/><W98/><G36/><T84/><D84/><U129/><E39/><V66/><F66/><W76/><G76/><T12/><D113/><U118/><E118/><V9/><F7/><W23/><G23/><T74/><D74/><U80/><E129/><V93/><F100/><W25/><G25/><T47/><D115/><U42/><E80/><V20/><F103/><W126/><G126/><T128/><D128/><U86/><E109/><V57/><F22/><W27/><G82/><T17/><D107/><U72/><E72/><V60/><F60/><W30/><G78/><T35/><D35/><U3/><E3/><V55/><F55/><W24/><G120/><T62/><D62/><U116/><E116/><V67/><F67/><W114/><G121/><T94/><D40/><N who="1" m="15467" /><E38/><V26/><AGARI ba="2,1" hai="5,9,14,20,26,31,48,52,57,93,95" m="50795" machi="26" ten="30,2000,0" yaku="20,1,54,1" doraHai="92" who="2" fromWho="2" sc="295,-7,245,-12,215,36,235,-7" /><INIT seed="2,0,0,5,5,74" ten="288,233,251,228" oya="2" hai0="131,13,113,79,100,48,30,5,97,118,105,9,22" hai1="62,132,47,95,114,17,42,12,65,84,91,46,2" hai2="129,45,54,106,18,29,130,51,27,90,86,44,76" hai3="26,53,34,89,126,110,93,8,43,117,21,1,19"/><V37/><F106/><W70/><G117/><T20/><D113/><U41/><E132/><V49/><F37/><W67/><G110/><T24/><D118/><U15/><E2/><V88/><F18/><W96/><G126/><T102/><D131/><U80/><E114/><V121/><F121/><W98/><G43/><T94/><D48/><U83/><E42/><V4/><F4/><W14/><G53/><T116/><D116/><U73/><E15/><V78/><F27/><W61/><G34/><T63/><D63/><U36/><E47/><V31/><F86/><W33/><G33/><T28/><D105/><U120/><E73/><V38/><F38/><W23/><G1/><T35/><D35/><U92/><E83/><V108/><F54/><W11/><REACH who="3" step="1"/><G98/><REACH who="3" ten="288,233,251,218" step="2"/><T66/><D97/><U133/><E120/><V50/><F50/><W103/><G103/><T134/><D102/><U3/><E3/><V25/><F25/><W115/><G115/><T109/><D100/><U69/><REACH who="1" step="1"/><E133/><REACH who="1" ten="288,223,251,218" step="2"/><V39/><REACH who="2" step="1"/><F39/><REACH who="2" ten="288,223,241,218" step="2"/><W40/><G40/><T82/><D134/><U119/><E119/><V81/><F81/><W135/><G135/><T128/><D82/><U127/><E127/><V56/><F56/><W124/><G124/><T101/><D109/><AGARI ba="0,3" hai="29,31,44,45,49,51,76,78,88,90,108,109,129,130" machi="109" ten="25,18000,2" yaku="1,1,22,2,52,2,54,1,53,0" doraHai="74" doraHaiUra="58" who="2" fromWho="0" sc="288,-180,223,0,241,210,218,0" /><INIT seed="2,1,0,4,5,108" ten="108,223,451,218" oya="2" hai0="135,57,91,47,16,110,28,120,17,46,127,48,76" hai1="49,62,134,77,34,15,70,38,133,9,75,100,98" hai2="106,71,97,64,65,0,116,4,22,117,36,6,114" hai3="89,130,103,126,12,83,26,111,88,99,58,21,102"/><V131/><F131/><W19/><G111/><T32/><D110/><U60/><E38/><V59/><F36/><W68/><G68/><T67/><D120/><U43/><E34/><V2/><F59/><W3/><G3/><T52/><D127/><U118/><E118/><V5/><F22/><W124/><G130/><T109/><D109/><U20/><E20/><V105/><F97/><W113/><G113/><T56/><D135/><U51/><E77/><V50/><F50/><N who="1" m="18953" /><E75/><V44/><F44/><W73/><G58/><T39/><D76/><U86/><E86/><V8/><F8/><W53/><G53/><T93/><D39/><U35/><E35/><V41/><F41/><W94/><G26/><T95/><D32/><U37/><E70/><V119/><F114/><W82/><G73/><T29/><D93/><N who="1" m="58447" /><E43/><V107/><REACH who="2" step="1"/><F71/><REACH who="2" ten="108,223,441,218" step="2"/><W80/><G103/><T66/><D57/><U121/><E37/><V63/><F63/><W42/><G42/><T123/><D123/><U25/><E62/><V125/><F125/><AGARI ba="1,1" hai="12,19,21,80,82,83,88,89,94,99,102,124,125,126" machi="125" ten="40,2600,0" yaku="18,1,54,1" doraHai="108" who="3" fromWho="2" sc="108,0,223,0,441,-29,218,39" /><INIT seed="3,0,0,2,1,96" ten="108,223,412,257" oya="3" hai0="15,71,118,70,78,93,72,14,6,122,4,39,121" hai1="43,1,66,45,25,58,12,109,98,112,31,21,53" hai2="49,114,117,44,33,3,110,89,90,17,50,5,133" hai3="41,131,102,123,80,48,64,128,24,27,97,9,29"/><W2/><G123/><T125/><D93/><U32/><E112/><V100/><F110/><W85/><G64/><T82/><D82/><U26/><E109/><V13/><F33/><W37/><G37/><T52/><D78/><U22/><E1/><V104/><F114/><W126/><G2/><T99/><D99/><U63/><E12/><V20/><F133/><W55/><G41/><T101/><D39/><U81/><E81/><V47/><F117/><W69/><G69/><T129/><D129/><N who="3" m="49737" /><G9/><T36/><D36/><U113/><E113/><V7/><F3/><W134/><G126/><T105/><D105/><U57/><E98/><V107/><F20/><W10/><G10/><T35/><D35/><U115/><E115/><V19/><F13/><W84/><G134/><T16/><D72/><U11/><E11/><V92/><F92/><N who="3" m="58663" /><G80/><T94/><D94/><U42/><E45/><V73/><F73/><W120/><G27/><T8/><D8/><U76/><E76/><V75/><F75/><W54/><G54/><T60/><D118/><U56/><E56/><V61/><F61/><W79/><G120/><T95/><D95/><U65/><E65/><V124/><F124/><W86/><G79/><T59/><D125/><U103/><E103/><AGARI ba="0,0" hai="5,7,17,19,44,47,49,50,89,90,100,103,104,107" machi="103" ten="25,6400,0" yaku="22,2,52,2" doraHai="96" who="2" fromWho="1" sc="108,0,223,-64,412,64,257,0" owari="108,-39.2,159,-24.1,476,57.6,257,5.7" /></mjloggm>