<mjloggm ver="2.3"><GO type="225" lobby="0"/><UN n0="%E3%82%82%E3%81%90%E3%82%89" n1="%E3%81%AF%E3%82%88%E3%81%8A%E3%81%98%E3%81%95%E3%82%93" n2="%E3%81%95%E3%81%8D%E3%81%9F%E3%81%BE%E6%9E%97%E6%AA%8E" n3="%74%61%6B%75%61%6B%61" dan="16,16,16,17" rate="2224.91,2103.90,2086.32,2196.84" sx="M,M,M,M"/><TAIKYOKU oya="0"/><INIT seed="0,0,0,2,4,44" ten="250,250,250,250" oya="0" hai0="55,33,0,40,80,66,117,132,110,109,63,10,60" hai1="8,6,93,95,75,46,45,17,122,120,38,131,78" hai2="111,79,9,72,88,4,3,107,5,100,36,126,13" hai3="87,19,121,16,18,41,23,90,50,28,133,118,134"/><T48/><D117/><U108/><E108/><N who="0" m="41577" /><D33/><U26/><E131/><V81/><F111/><W96/><G118/><T67/><D80/><U12/><E78/><V51/><F126/><W35/><G35/><T135/><D0/><U99/><E75/><V128/><F128/><W89/><G121/><T105/><D105/><U86/><E86/><V29/><F29/><W73/><G73/><T14/><D10/><U114/><E114/><V56/><F36/><W92/><G28/><T32/><D14/><U1/><E26/><V62/><F107/><W104/><G23/><T20/><D20/><U27/><E27/><V76/><F100/><W53/><G41/><T22/><D22/><U97/><E38/><V84/><F72/><W42/><G42/><T47/><D32/><U101/><E122/><V77/><F3/><W102/><REACH who="3" step="1"/><G89/><REACH who="3" ten="250,250,250,240" step="2"/><T64/><D40/><U91/><E120/><V112/><F112/><W85/><G85/><T125/><D125/><U82/><E91/><V103/><F103/><W124/><G124/><T58/><D67/><U113/><E113/><V106/><F106/><W65/><G65/><T57/><AGARI ba="0,1" hai="47,48,55,57,58,60,63,64,66,132,135" m="41577" machi="57" ten="30,12000,1" yaku="14,1,10,1,34,2,52,1" doraHai="44" who="0" fromWho="0" sc="250,130,250,-40,250,-40,240,-40" /><INIT seed="0,1,0,4,4,26" ten="380,210,210,200" oya="0" hai0="39,67,81,17,110,32,108,102,76,48,132,5,85" hai1="72,20,134,68,90,123,61,41,96,52,12,31,36" hai2="1,104,34,27,24,87,101,62,86,122,120,6,3" hai3="74,56,77,51,65,78,33,106,7,125,55,100,19"/><T21/><D39/><U50/><E123/><V130/><F130/><W109/><G109/><N who="0" m="42091" /><D132/><U126/><E72/><V29/><F104/><W42/><G33/><T22/><D32/><U88/><E134/><V129/><F129/><W124/><G42/><T111/><D111/><U45/><E126/><V60/><F60/><W105/><G7/><T112/><D112/><U133/><BYE who="2" /><E133/><V91/><F91/><W98/><G106/><T38/><D38/><U70/><E96/><V4/><F4/><W57/><G19/><T107/><D5/><U95/><E95/><V25/><F25/><W84/><G74/><T58/><D17/><U9/><E68/><V80/><F80/><W54/><G65/><T23/><D48/><U119/><E119/><V131/><F131/><W113/><G113/><T16/><D58/><N who="1" m="35015" /><E70/><V135/><F135/><W44/><G44/><T83/><D83/><U46/><E46/><V35/><F35/><W69/><G69/><T116/><D67/><U71/><E71/><V14/><F14/><W43/><G43/><T10/><D116/><U93/><E93/><V92/><F92/><W82/><REACH who="3" step="1"/><G77/><REACH who="3" ten="380,210,210,190" step="2"/><T73/><D73/><U99/><E36/><V47/><F47/><W0/><G0/><T63/><D107/><U49/><E45/><V117/><F117/><W8/><G8/><T79/><D10/><U13/><E41/><V128/><F128/><W53/><G53/><T115/><D115/><U97/><E9/><V15/><F15/><W89/><G89/><N who="1" m="34410" /><E12/><V66/><F66/><W2/><G2/><T114/><D114/><U59/><E13/><RYUUKYOKU ba="1,1" sc="380,-10,210,-10,210,-10,190,30" hai3="51,54,55,56,57,78,82,84,98,100,105,124,125" /><INIT seed="1,2,1,1,1,5" ten="370,200,200,220" oya="1" hai0="11,30,131,114,90,64,99,10,101,117,31,34,135" hai1="36,108,54,21,96,100,60,40,79,121,2,94,88" hai2="27,95,45,0,47,67,85,72,62,80,35,84,92" hai3="37,15,122,24,127,103,102,52,130,12,9,86,78"/><U124/><E121/><V109/><F109/><W132/><G122/><T65/><D117/><U19/><E2/><V87/><F87/><W43/><G127/><T22/><D114/><U7/><E124/><V119/><F119/><W3/><G130/><T14/><D34/><U76/><E108/><V17/><F17/><W49/><G132/><T110/><D110/><U58/><E7/><V77/><F77/><W1/><G1/><T68/><D131/><U46/><REACH who="1" step="1"/><E100/><REACH who="1" ten="370,190,200,220" step="2"/><V39/><F39/><W71/><G3/><T126/><D101/><U38/><E38/><V48/><F48/><W128/><G103/><T69/><D126/><U18/><E18/><V123/><F123/><W33/><G102/><T111/><D111/><U28/><E28/><V13/><F13/><AGARI ba="2,2" hai="13,19,21,36,40,46,54,58,60,76,79,88,94,96" machi="13" ten="30,5800,0" yaku="1,1,7,1,54,1,53,0" doraHai="5" doraHaiUra="82" who="1" fromWho="2" sc="370,0,190,84,200,-64,220,0" /><INIT seed="1,3,0,2,3,110" ten="370,274,136,220" oya="1" hai0="78,0,88,40,49,56,123,59,73,109,55,75,7" hai1="5,128,13,62,94,14,34,127,79,20,38,80,119" hai2="93,58,74,63,12,100,97,130,114,113,135,25,37" hai3="92,76,45,30,101,111,65,1,103,17,99,85,52"/><U67/><E34/><V9/><F9/><W96/><G111/><T31/><D109/><U43/><E119/><V105/><F105/><W50/><G1/><T2/><D123/><U107/><E107/><V48/><F48/><W47/><G30/><T8/><D2/><U57/><E127/><V121/><F121/><W87/><G65/><T32/><D78/><U26/><E128/><V46/><F46/><W95/><G76/><T77/><D77/><U6/><E38/><V133/><F133/><W117/><G117/><T18/><D40/><U82/><E43/><V39/><F39/><W98/><G98/><T106/><D106/><U134/><E134/><V81/><F81/><N who="1" m="31337" /><E79/><V61/><F61/><W120/><G120/><T83/><D32/><U112/><E112/><V132/><F132/><W3/><G3/><T51/><D31/><N who="1" m="17863" /><E94/><V21/><F21/><W104/><G104/><T4/><D0/><U68/><E68/><V19/><F19/><W36/><REACH who="3" step="1"/><G17/><REACH who="3" ten="370,274,136,210" step="2"/><T64/><D18/><U116/><E116/><V15/><F15/><AGARI ba="3,1" hai="5,6,13,14,15,57,62,67" m="17863,31337" machi="15" ten="30,1500,0" yaku="8,1" doraHai="110" who="1" fromWho="2" sc="370,0,274,34,136,-24,210,0" /><INIT seed="1,4,0,0,0,63" ten="370,308,112,210" oya="1" hai0="6,45,56,80,103,33,55,126,116,89,28,85,92" hai1="96,132,65,24,39,40,73,3,100,5,105,81,26" hai2="78,82,62,44,115,114,32,42,36,112,90,2,122" hai3="29,41,95,101,10,110,9,104,131,102,12,111,27"/><U94/><E132/><V134/><F134/><W93/><G131/><T49/><D116/><U109/><E109/><N who="3" m="41482" /><G41/><T0/><D126/><U70/><E94/><N who="3" m="35850" /><G104/><T52/><D33/><U76/><E65/><V58/><F58/><W106/><G106/><T37/><D28/><U59/><E59/><V31/><F31/><W30/><G30/><T22/><D22/><U46/><REACH who="1" step="1"/><E70/><REACH who="1" ten="370,298,112,210" step="2"/><V113/><F113/><W15/><G9/><AGARI ba="4,1" hai="3,5,9,24,26,39,40,46,73,76,81,96,100,105" machi="9" ten="40,12000,1" yaku="1,1,2,1,25,2,53,1" doraHai="63" doraHaiUra="43" who="1" fromWho="3" sc="370,0,298,142,112,0,210,-132" /><INIT seed="1,5,0,5,2,46" ten="370,440,112,78" oya="1" hai0="41,77,51,123,67,2,50,53,125,6,61,38,65" hai1="76,89,91,87,34,128,1,13,62,81,49,73,24" hai2="83,26,18,4,79,113,43,17,133,55,3,109,19" hai3="108,120,80,20,131,21,103,104,130,124,121,54,22"/><U10/><E1/><V28/><F28/><W32/><G32/><T47/><D77/><U119/><E119/><V7/><F7/><W48/><G108/><T60/><D6/><U52/><E128/><N who="3" m="49194" /><G124/><T111/><D2/><U14/><E62/><N who="0" m="24169" /><D111/><U57/><E73/><V135/><F135/><W35/><G35/><T5/><D5/><U92/><E10/><V86/><F86/><W94/><G104/><T30/><D30/><U66/><E66/><N who="0" m="25097" /><D125/><U118/><E118/><V129/><F129/><W36/><G36/><T99/><D99/><N who="1" m="57743" /><E34/><V31/><F31/><W88/><G80/><T39/><D123/><N who="3" m="47177" /><G103/><T100/><D100/><U37/><E37/><V25/><F25/><W70/><G70/><T134/><D134/><U11/><E24/><V64/><F64/><W115/><G115/><T122/><D122/><U132/><E132/><V63/><F63/><W15/><G15/><N who="1" m="5642" /><E11/><V0/><F0/><W105/><G105/><T23/><D23/><U95/><E95/><V102/><F102/><W27/><G27/><T93/><D93/><U84/><E84/><V33/><F33/><W106/><G106/><T45/><AGARI ba="5,0" hai="38,39,41,45,47,50,51,53" m="25097,24169" machi="45" ten="30,12000,2" yaku="35,5,52,2" doraHai="46" who="0" fromWho="0" sc="370,135,440,-65,112,-35,78,-35" /><INIT seed="2,0,0,3,0,42" ten="505,375,77,43" oya="2" hai0="124,26,113,3,59,118,20,34,91,68,61,21,7" hai1="50,67,23,69,97,46,32,95,52,14,15,74,33" hai2="72,6,24,99,86,92,19,134,71,39,13,121,45" hai3="93,5,127,54,126,57,78,101,35,10,56,100,83"/><V111/><F111/><W109/><G35/><T90/><D113/><U17/><E74/><V11/><F11/><W9/><G109/><T133/><D34/><U41/><E69/><V123/><F123/><W29/><G29/><T122/><D68/><U110/><E110/><V75/><F75/><W82/><G93/><T103/><D122/><U96/><E67/><V18/><F18/><W130/><G130/><T89/><D133/><U2/><E2/><V4/><F4/><W107/><G5/><T8/><D124/><U128/><E128/><V76/><F76/><W73/><G73/><T27/><D103/><U28/><E28/><V120/><F120/><W53/><REACH who="3" step="1"/><G78/><REACH who="3" ten="505,375,77,33" step="2"/><T119/><D118/><U80/><E80/><V114/><F114/><W125/><G125/><T12/><D119/><U108/><E108/><V105/><F105/><AGARI ba="0,1" hai="9,10,53,54,56,57,82,83,100,101,105,107,126,127" machi="105" ten="25,3200,0" yaku="1,1,22,2,53,0" doraHai="42" doraHaiUra="37" who="3" fromWho="2" sc="505,0,375,0,77,-32,33,42" /><INIT seed="3,0,0,3,2,112" ten="505,375,45,75" oya="3" hai0="80,47,87,108,15,122,93,116,59,114,41,33,130" hai1="107,18,34,54,4,22,132,73,0,26,40,120,57" hai2="110,42,5,21,75,58,81,16,12,65,1,62,50" hai3="30,118,84,39,8,64,36,23,83,94,56,6,9"/><W49/><G118/><T129/><D116/><U28/><E132/><V37/><F37/><W70/><G70/><T20/><D122/><U45/><E120/><V99/><F99/><W133/><G133/><T100/><D33/><U38/><E107/><V106/><F106/><W25/><G94/><T101/><D108/><U121/><E73/><V89/><F89/><W2/><G9/><T134/><D114/><U85/><E121/><V103/><F103/><W86/><G86/><T135/><D59/><U51/><E85/><V53/><F53/><W60/><REACH who="3" step="1"/><G49/><REACH who="3" ten="505,375,45,65" step="2"/><N who="0" m="26863" /><D93/><U76/><E76/><AGARI ba="0,1" hai="2,6,8,23,25,30,36,39,56,60,64,76,83,84" machi="76" ten="30,2900,0" yaku="1,1,7,1,53,0" doraHai="112" doraHaiUra="97" who="3" fromWho="1" sc="505,0,375,-29,45,0,65,39" /><INIT seed="3,1,0,4,2,0" ten="505,346,45,104" oya="3" hai0="59,127,107,15,71,88,108,57,2,131,130,74,132" hai1="47,68,42,58,63,105,116,93,27,50,126,3,6" hai2="112,43,16,44,129,73,48,125,61,54,22,114,19" hai3="84,133,98,81,32,62,117,17,80,102,23,76,65"/><W97/><G117/><T5/><D107/><U78/><E105/><V120/><F120/><W36/><G32/><T85/><D74/><U66/><E126/><V45/><F45/><W41/><G133/><T111/><D71/><U123/><E116/><V21/><F21/><W11/><G36/><T1/><D127/><U109/><E109/><N who="0" m="42057" /><D2/><U13/><E123/><V92/><F92/><W60/><G41/><T37/><D1/><U31/><E3/><V89/><F89/><W35/><G35/><T91/><D37/><U95/><E78/><V103/><F103/><W20/><G80/><N who="0" m="49191" /><D91/><U104/><E104/><V55/><F55/><W128/><G128/><N who="0" m="49195" /><D132/><U46/><E46/><V29/><F29/><W77/><G77/><T110/><D110/><U4/><E68/><V118/><F118/><W51/><G76/><T24/><D24/><U28/><E28/><V14/><F14/><W38/><G38/><T124/><D124/><U122/><E122/><V134/><F134/><W34/><G102/><T8/><AGARI ba="1,0" hai="5,8,15,57,59" m="49195,49191,42057" machi="8" ten="40,8000,1" yaku="14,1,19,1,52,1,54,1" doraHai="0" who="0" fromWho="0" sc="505,83,346,-21,45,-21,104,-41" owari="588,68.8,325,12.5,24,-47.6,63,-33.7" /></mjloggm>