<mjloggm ver="2.3"><GO type="225" lobby="0"/><UN n0="%E3%83%B4%E3%83%A0%EF%BC%99%E3%81%A6" n1="%67%61%79%75%6E%79" n2="%E6%97%A5%E6%9B%9C%E6%97%A5%E3%82%88%E3%82%8A%E3%81%AE%E4%BD%BF%E8%80%85" n3="%E9%B3%B3%E6%9D%B1%E3%81%AE%E3%81%86%E3%81%95%E3%81%8E%E3%81%95%E3%82%93" dan="17,16,18,16" rate="2209.82,2130.40,2171.17,2261.72" sx="M,M,M,M"/><TAIKYOKU oya="0"/><INIT seed="0,0,0,4,3,74" ten="250,250,250,250" oya="0" hai0="85,96,51,3,34,61,133,99,116,50,83,53,88" hai1="43,80,1,10,28,97,113,112,92,17,4,24,59" hai2="120,20,76,47,72,84,135,54,70,27,86,109,118" hai3="75,71,12,23,56,124,19,26,45,38,69,40,126"/><T22/><D116/><U87/><E43/><V130/><F70/><W33/><G75/><T114/><D114/><N who="1" m="44139" /><E17/><V68/><F68/><W134/><G134/><T35/><D3/><U65/><E59/><V42/><F120/><W103/><G103/><T11/><D133/><U44/><E44/><V128/><F135/><W36/><G36/><T79/><D11/><U62/><E62/><V25/><F54/><W9/><G33/><T55/><D61/><U32/><E65/><V41/><F118/><W49/><G38/><T129/><D129/><N who="2" m="49770" /><F109/><W119/><G56/><N who="0" m="32823" /><D34/><U123/><E123/><V110/><F110/><W93/><G93/><N who="0" m="56359" /><D35/><U58/><E58/><V90/><F90/><W64/><G119/><T95/><D22/><U81/><E87/><N who="2" m="33323" /><F20/><W31/><G69/><T91/><D55/><U21/><E32/><V101/><F42/><W121/><G121/><T73/><D73/><U108/><E108/><V77/><F72/><W6/><G71/><T29/><D51/><U16/><E28/><AGARI ba="0,0" hai="28,29,79,83,85,91,95,99" m="56359,32823" machi="28" ten="30,5800,0" yaku="8,1,52,1,54,1" doraHai="74" who="0" fromWho="1" sc="250,58,250,-58,250,0,250,0" /><INIT seed="0,1,0,3,1,135" ten="308,192,250,250" oya="0" hai0="82,101,28,119,91,128,44,0,123,66,5,29,54" hai1="105,131,60,87,115,126,110,45,76,81,95,9,50" hai2="51,90,61,59,89,46,108,80,12,56,134,55,86" hai3="37,7,132,52,35,106,27,111,125,70,83,133,26"/><T4/><D119/><U68/><E105/><V38/><F134/><N who="3" m="51819" /><G111/><T20/><D123/><U130/><E110/><V22/><F108/><W40/><G106/><T1/><D128/><N who="1" m="49195" /><E115/><V124/><F124/><W13/><G70/><T112/><D112/><U30/><E30/><V2/><F2/><W121/><G121/><T93/><D66/><N who="1" m="41031" /><E9/><V94/><F38/><W74/><G125/><T47/><D101/><U24/><E24/><V113/><F113/><W104/><G104/><T114/><D114/><U109/><E95/><V71/><F71/><W57/><G35/><T39/><D93/><U62/><E62/><V122/><F122/><W42/><G7/><T25/><D29/><U6/><E6/><V127/><F127/><W84/><G13/><T99/><D0/><U17/><E17/><N who="2" m="10535" /><F61/><N who="3" m="36007" /><G74/><T116/><D1/><U16/><E126/><V65/><F65/><W48/><G37/><T120/><D120/><U10/><E109/><V34/><F34/><W129/><G129/><T98/><D4/><U58/><E16/><V41/><F41/><N who="3" m="15979" /><G48/><N who="0" m="28935" /><D5/><U102/><E50/><V100/><F100/><W15/><G15/><T18/><D18/><U63/><E102/><V97/><AGARI ba="1,0" hai="46,51,55,56,59,80,86,89,90,94,97" m="10535" machi="97" ten="30,1100,0" yaku="8,1" doraHai="135" who="2" fromWho="2" sc="308,-6,192,-4,250,14,250,-4" /><INIT seed="1,0,0,4,2,90" ten="302,188,264,246" oya="1" hai0="114,40,103,51,27,102,106,95,48,91,126,97,132" hai1="32,3,52,83,94,92,4,98,21,39,115,57,110" hai2="1,123,62,34,134,46,53,55,77,17,133,2,107" hai3="85,13,117,75,87,81,31,33,14,56,131,78,105"/><U135/><E32/><V10/><F123/><W79/><G105/><T6/><D114/><U44/><E115/><V73/><F34/><W66/><G117/><T74/><D74/><U43/><E135/><N who="2" m="51723" /><F107/><W58/><G131/><T45/><D132/><U84/><E110/><V121/><F121/><W8/><G75/><T25/><D126/><U111/><E111/><V19/><F62/><W116/><G116/><T22/><D6/><U96/><E21/><V70/><F70/><W54/><G33/><T72/><D72/><U38/><E38/><V26/><F46/><W108/><G31/><T30/><D106/><U16/><E16/><N who="2" m="6219" /><F26/><W50/><G108/><T23/><D23/><U20/><E20/><V36/><F36/><W7/><G13/><T15/><D15/><U125/><E125/><V37/><F37/><W67/><REACH who="3" step="1"/><G56/><REACH who="3" ten="302,188,264,236" step="2"/><T99/><D25/><U93/><E3/><N who="2" m="1035" /><F10/><W82/><AGARI ba="0,1" hai="7,8,14,50,54,58,66,67,78,79,81,82,85,87" machi="82" ten="30,7900,0" yaku="1,1,0,1,9,1,8,1,53,0" doraHai="90" doraHaiUra="101" who="3" fromWho="3" sc="302,-20,188,-39,264,-20,236,89" /><INIT seed="2,0,0,0,3,14" ten="282,149,244,325" oya="2" hai0="119,88,97,133,24,103,3,89,47,102,21,27,68" hai1="76,37,127,126,69,18,105,70,121,75,128,8,67" hai2="54,131,40,58,73,6,124,122,92,90,99,56,7" hai3="109,19,5,61,44,117,2,113,80,16,38,96,66"/><V42/><F122/><W95/><G117/><T36/><D68/><U51/><E105/><V32/><F73/><W59/><G109/><T135/><D3/><U129/><E76/><V43/><F32/><W101/><G113/><T1/><D1/><U115/><E75/><V130/><F124/><N who="1" m="47657" /><E8/><V29/><F29/><W78/><G2/><T28/><D119/><U65/><E18/><N who="3" m="6698" /><G38/><T62/><D62/><U35/><E35/><V111/><F111/><W60/><G60/><T93/><D27/><U25/><E25/><V10/><F10/><W87/><G44/><T20/><D20/><U15/><E15/><V26/><F26/><W12/><G12/><T132/><D102/><U52/><E37/><V100/><F100/><W53/><G5/><N who="2" m="1545" /><F54/><AGARI ba="0,0" hai="53,54,59,61,66,78,80,87,95,96,101" m="6698" machi="54" ten="30,8000,1" yaku="8,1,52,3,54,1" doraHai="14" who="3" fromWho="2" sc="282,0,149,0,244,-80,325,80" /><INIT seed="3,0,0,1,5,1" ten="282,149,164,405" oya="3" hai0="127,65,69,91,19,67,126,134,81,3,83,119,116" hai1="57,125,10,8,114,93,51,68,39,78,132,82,130" hai2="24,109,95,34,96,17,64,16,22,74,131,11,118" hai3="110,106,103,100,128,5,97,88,70,52,104,90,15"/><W55/><G70/><T27/><D3/><U37/><E68/><V41/><F118/><W122/><G122/><T28/><D28/><U66/><E114/><V59/><F74/><W92/><G128/><T62/><D134/><U49/><E132/><V54/><F34/><W76/><G76/><T48/><D48/><U107/><E107/><V94/><F131/><W30/><G30/><T50/><D50/><U61/><E130/><V86/><F109/><W79/><G79/><T75/><D69/><U85/><E125/><V25/><F64/><W108/><G5/><T33/><D75/><U26/><E37/><V133/><F133/><W14/><G92/><T32/><D27/><U112/><E39/><V35/><F41/><W0/><G0/><T13/><D13/><U6/><E112/><V84/><F35/><W89/><G89/><T31/><D31/><U58/><E58/><V45/><F45/><W123/><G123/><T38/><D38/><U101/><E26/><V36/><F36/><W77/><G77/><T18/><D91/><U9/><E6/><V29/><F29/><W105/><G105/><T63/><AGARI ba="0,0" hai="18,19,32,33,62,63,65,67,81,83,116,119,126,127" machi="63" ten="25,3200,0" yaku="0,1,22,2" doraHai="1" who="0" fromWho="0" sc="282,32,149,-8,164,-8,405,-16" owari="314,11.4,141,-35.9,156,-24.4,389,48.9" /></mjloggm>