<mjloggm ver="2.3"><GO type="225" lobby="0"/><UN n0="%E9%80%9F%E6%B0%B4%E5%87%9B%E9%A6%99" n1="%73%6C%69%63%6B%33%31%39" n2="%72%69%6F%75%63%68%61%6E" n3="%E3%83%AB%E3%83%9B%E3%83%B3%E3%83%87%E3%82%A3%E3%82%A8" dan="16,17,17,17" rate="2110.75,2158.63,2221.12,2183.38" sx="F,M,M,M"/><TAIKYOKU oya="0"/><INIT seed="0,0,0,5,1,8" ten="250,250,250,250" oya="0" hai0="21,129,108,113,114,69,7,18,62,117,22,43,52" hai1="54,24,120,98,100,4,38,99,15,110,23,73,88" hai2="90,135,111,77,67,13,37,81,126,20,128,79,25" hai3="44,46,27,61,82,11,127,68,96,64,112,123,106"/><T80/><D117/><U87/><E73/><V85/><F111/><W71/><G112/><T31/><D43/><U83/><E38/><V109/><F109/><W26/><G123/><T36/><D36/><U55/><E120/><V107/><F128/><W58/><G127/><T131/><D108/><U16/><E110/><V94/><F135/><W1/><G1/><T116/><D80/><U39/><E39/><V92/><F126/><W66/><G82/><T2/><D69/><U19/><E4/><V122/><F122/><W70/><G106/><T33/><D62/><U30/><E19/><V35/><F107/><W0/><G96/><T72/><D52/><N who="1" m="20011" /><E100/><V50/><F37/><W65/><G0/><T97/><D97/><U86/><E87/><V3/><F3/><W121/><G121/><T132/><D72/><U105/><E105/><V133/><F133/><W12/><G58/><T115/><D132/><U93/><E93/><N who="2" m="35947" /><F35/><W91/><G91/><T104/><D104/><U125/><E125/><V89/><F67/><W74/><G61/><T130/><D116/><U17/><E30/><N who="2" m="17703" /><F50/><W14/><G74/><T56/><D56/><U75/><E75/><V40/><F40/><W59/><G59/><T41/><D41/><U6/><E6/><V124/><F124/><W103/><G103/><T51/><D51/><U63/><E63/><V28/><F28/><W29/><G29/><T53/><D53/><U49/><E49/><V119/><F119/><W95/><G71/><T10/><D18/><U101/><E101/><V78/><F89/><W5/><G70/><T48/><D48/><RYUUKYOKU ba="0,0" sc="250,10,250,10,250,10,250,-30" hai0="2,7,10,21,22,31,33,113,114,115,129,130,131" hai1="15,16,17,23,24,83,86,88,98,99" hai2="13,77,78,79,81,85,90" /><INIT seed="0,1,0,5,3,64" ten="260,260,260,220" oya="0" hai0="104,7,90,17,14,107,40,58,1,54,94,53,49" hai1="109,119,55,15,41,39,116,57,78,25,47,127,130" hai2="27,113,121,77,13,122,33,5,46,29,123,60,81" hai3="108,129,84,71,101,89,128,44,52,133,36,20,115"/><T118/><D118/><U82/><E109/><V98/><F113/><W8/><G115/><T68/><D40/><U88/><E130/><N who="3" m="50282" /><G108/><T43/><D43/><U30/><E127/><V50/><F98/><W93/><G133/><T117/><D117/><U62/><E15/><V3/><F3/><W32/><G32/><T12/><D1/><U96/><E96/><V72/><F60/><W91/><G36/><T67/><D54/><U80/><E82/><V125/><F125/><W48/><G101/><T105/><D7/><U124/><E88/><N who="3" m="33866" /><G20/><T59/><D59/><U111/><E111/><V24/><F24/><W79/><G8/><T61/><REACH who="0" step="1"/><D17/><REACH who="0" ten="250,260,260,220" step="2"/><U120/><E124/><V95/><F123/><W37/><G37/><T103/><D103/><U0/><E0/><V42/><REACH who="2" step="1"/><F95/><REACH who="2" ten="250,260,250,220" step="2"/><W65/><G93/><T100/><D100/><U56/><E120/><V110/><F110/><W131/><G131/><T126/><D126/><U10/><E116/><V26/><F26/><W19/><G19/><T6/><D6/><U66/><E119/><V87/><F87/><AGARI ba="1,2" hai="12,14,49,53,58,61,67,68,87,90,94,104,105,107" machi="87" ten="40,3900,0" yaku="1,1,52,1,53,0" doraHai="64" doraHaiUra="38" who="0" fromWho="2" sc="250,62,260,0,250,-42,220,0" /><INIT seed="0,2,0,3,0,16" ten="312,260,208,220" oya="0" hai0="91,126,112,56,89,19,5,1,70,124,30,69,10" hai1="18,84,75,78,118,51,80,77,72,26,129,79,57" hai2="47,11,61,31,107,25,100,2,65,125,35,21,67" hai3="66,13,24,17,71,98,95,121,63,52,117,60,59"/><T103/><D103/><U9/><E118/><V113/><F113/><W116/><G121/><T41/><D41/><U94/><E129/><V85/><F125/><N who="0" m="48234" /><D112/><U39/><E39/><V53/><F85/><W92/><G92/><T29/><D56/><U54/><E94/><V97/><F35/><W133/><G133/><T82/><D19/><U120/><E120/><V83/><F83/><W87/><G87/><N who="0" m="50423" /><D91/><U104/><E104/><V37/><F37/><W8/><REACH who="3" step="1"/><G24/><REACH who="3" ten="312,260,208,210" step="2"/><T27/><D27/><U12/><REACH who="1" step="1"/><E26/><REACH who="1" ten="312,250,208,210" step="2"/><V15/><F25/><W81/><G81/><T28/><AGARI ba="2,2" hai="1,5,10,28,29,30,69,70" m="50423,48234" machi="28" ten="30,1500,0" yaku="18,1" doraHai="16" who="0" fromWho="0" sc="312,41,250,-7,208,-7,210,-7" /><INIT seed="0,3,0,2,2,70" ten="353,243,201,203" oya="0" hai0="87,78,24,62,43,97,114,44,125,54,52,48,123" hai1="80,53,134,127,85,39,37,63,11,38,67,102,61" hai2="79,16,106,108,7,9,4,131,115,88,59,117,29" hai3="49,35,20,74,86,126,31,69,121,91,3,0,26"/><T17/><D123/><U55/><E127/><V66/><F115/><W33/><G74/><T82/><D114/><U84/><E134/><V130/><F108/><W77/><G69/><T99/><D125/><U118/><E118/><V10/><F117/><W113/><G77/><T60/><D60/><U81/><E102/><V40/><F106/><W8/><G113/><T56/><D54/><U111/><E111/><V135/><F135/><W128/><G126/><T5/><D5/><U14/><E84/><V103/><F103/><W51/><G128/><N who="2" m="49193" /><F79/><W41/><G121/><T15/><REACH who="0" step="1"/><D24/><REACH who="0" ten="343,243,201,203" step="2"/><U47/><E63/><N who="2" m="38271" /><F40/><W133/><G41/><T75/><D75/><U27/><E27/><V76/><F4/><W92/><G26/><T2/><D2/><U45/><E53/><V50/><F7/><W32/><G0/><T122/><D122/><U101/><E55/><V30/><F30/><W132/><G3/><T23/><AGARI ba="3,1" hai="15,17,23,43,44,48,52,56,62,78,82,87,97,99" machi="23" ten="20,12000,1" yaku="1,1,0,1,7,1,8,1,54,1,53,0" doraHai="70" doraHaiUra="22" who="0" fromWho="0" sc="343,139,243,-43,201,-43,203,-43" /><INIT seed="0,4,0,4,2,102" ten="482,200,158,160" oya="0" hai0="67,131,87,74,31,115,95,109,125,1,119,114,11" hai1="104,20,29,57,106,117,99,75,40,13,94,41,18" hai2="54,48,80,35,76,133,45,23,79,30,15,100,32" hai3="50,37,36,28,56,123,120,49,118,77,81,39,105"/><T121/><D1/><U112/><E117/><V66/><F133/><W42/><G118/><T8/><D31/><U47/><E75/><V19/><F66/><W91/><G91/><T89/><D67/><U14/><E29/><V52/><F100/><W44/><G28/><T93/><D119/><U55/><E13/><V26/><F54/><N who="3" m="31823" /><G81/><T128/><D74/><U46/><E47/><V10/><REACH who="2" step="1"/><F76/><REACH who="2" ten="482,200,148,160" step="2"/><W96/><G77/><T24/><D115/><U65/><E65/><V9/><F9/><W62/><G120/><T4/><D8/><U132/><E132/><V110/><F110/><W97/><G123/><T92/><D11/><U129/><E112/><V78/><F78/><W12/><G42/><T113/><D109/><U33/><E41/><V85/><AGARI ba="4,1" hai="10,15,19,23,26,30,32,35,45,48,52,79,80,85" machi="85" ten="20,8000,1" yaku="1,1,0,1,7,1,54,1,53,1" doraHai="102" doraHaiUra="21" who="2" fromWho="2" sc="482,-44,200,-24,148,102,160,-24" /><INIT seed="1,0,0,0,5,0" ten="438,176,250,136" oya="1" hai0="13,19,22,71,81,96,111,16,55,56,118,20,11" hai1="3,6,73,70,90,85,8,12,44,117,130,36,17" hai2="98,132,75,104,49,59,126,23,103,25,39,129,21" hai3="62,76,116,94,54,52,92,69,108,57,125,10,91"/><U60/><E117/><V41/><F126/><W95/><G108/><T122/><D71/><U31/><E73/><V4/><F129/><W51/><G125/><T30/><D118/><U80/><E130/><V115/><F132/><W26/><G116/><T1/><D111/><U109/><E109/><V48/><F115/><W32/><G76/><T127/><D127/><U46/><E36/><V113/><F113/><W7/><G32/><T35/><D122/><U14/><E31/><V87/><F75/><W114/><G114/><T18/><D96/><U9/><E70/><V106/><F104/><W102/><G26/><N who="0" m="18903" /><D81/><U133/><E133/><V79/><F4/><W124/><G124/><T65/><D55/><U5/><E60/><V34/><F34/><W100/><G91/><T83/><D56/><U99/><REACH who="1" step="1"/><E99/><REACH who="1" ten="438,166,250,136" step="2"/><V38/><F38/><W86/><G69/><T61/><D61/><U131/><E131/><V123/><F39/><W119/><G119/><T82/><D22/><AGARI ba="0,1" hai="3,5,6,8,9,12,14,17,22,44,46,80,85,90" machi="22" ten="30,11600,0" yaku="1,1,7,1,52,2,53,0" doraHai="0" doraHaiUra="67" who="1" fromWho="0" sc="438,-116,166,126,250,0,136,0" /><INIT seed="1,1,0,4,3,103" ten="322,292,250,136" oya="1" hai0="35,102,37,69,24,70,7,93,104,114,49,97,11" hai1="100,127,45,1,129,33,55,92,78,40,64,134,95" hai2="128,79,20,72,57,73,32,14,62,122,48,101,98" hai3="36,67,6,42,118,80,59,105,81,43,29,116,56"/><U58/><E1/><V108/><F122/><W28/><G67/><T74/><D37/><U107/><E33/><V112/><F108/><W51/><G51/><T13/><D74/><U0/><E0/><V34/><F128/><W90/><G90/><T46/><D114/><U113/><E113/><V30/><F112/><W130/><G130/><T71/><D35/><U110/><E129/><V77/><F32/><W60/><G60/><T26/><REACH who="0" step="1"/><D93/><REACH who="0" ten="312,292,250,136" step="2"/><U61/><E95/><N who="2" m="58591" /><F34/><W133/><G36/><T21/><D21/><U75/><E92/><V23/><F73/><W132/><REACH who="3" step="1"/><G6/><REACH who="3" ten="312,292,250,126" step="2"/><T5/><D5/><U50/><E110/><V124/><F124/><W99/><G99/><T91/><D91/><U19/><E127/><V54/><F79/><W109/><G109/><T96/><D96/><U17/><E78/><V115/><F77/><W8/><G8/><T47/><D47/><U22/><E45/><V120/><F115/><W82/><G82/><T27/><D27/><U68/><E100/><V44/><F120/><W10/><G10/><T88/><D88/><U52/><E75/><V111/><F72/><W106/><AGARI ba="1,2" hai="28,29,42,43,56,59,80,81,105,106,116,118,132,133" machi="106" ten="25,12000,2" yaku="1,1,0,1,22,2,52,2,53,0" doraHai="103" doraHaiUra="2" who="3" fromWho="3" sc="312,-31,292,-61,250,-31,126,143" /><INIT seed="2,0,0,3,3,64" ten="281,231,219,269" oya="2" hai0="111,21,8,83,122,65,76,41,0,27,106,28,56" hai1="25,90,105,112,88,39,82,47,32,54,22,79,23" hai2="107,81,119,116,114,131,102,92,19,6,59,7,126" hai3="101,115,93,123,44,15,89,86,57,68,109,78,3"/><V94/><F114/><W43/><G3/><T72/><D122/><U91/><E112/><V51/><F126/><W38/><G115/><T33/><D41/><U104/><E32/><V11/><F131/><W63/><G109/><T13/><D106/><U108/><E108/><V36/><F36/><W48/><G78/><T61/><D111/><U50/><E39/><V49/><F107/><W134/><G134/><T87/><D0/><U62/><E62/><V125/><F125/><W121/><G101/><T85/><REACH who="0" step="1"/><D33/><REACH who="0" ten="271,231,219,269" step="2"/><U31/><REACH who="1" step="1"/><E22/><REACH who="1" ten="271,221,219,269" step="2"/><V1/><F119/><W84/><G121/><T5/><AGARI ba="0,2" hai="5,8,13,21,27,28,56,61,65,72,76,83,85,87" machi="5" ten="20,8000,1" yaku="1,1,2,1,0,1,7,1,53,1" doraHai="64" doraHaiUra="52" who="0" fromWho="0" sc="271,100,221,-20,219,-40,269,-20" /><INIT seed="3,0,0,4,1,43" ten="371,201,179,249" oya="3" hai0="68,112,57,42,79,58,24,47,84,70,85,97,29" hai1="77,128,30,109,119,50,46,5,40,62,54,86,99" hai2="11,126,21,75,114,122,69,25,94,107,31,63,120" hai3="134,61,78,26,15,127,64,132,44,8,101,124,1"/><W87/><G1/><T130/><D130/><U93/><E109/><V49/><F75/><W32/><G101/><T110/><D110/><U14/><E128/><V23/><F114/><W117/><G117/><T82/><D112/><U27/><E119/><V135/><F107/><W95/><G95/><T16/><D97/><U103/><E5/><V52/><F126/><N who="3" m="48171" /><G87/><T121/><D121/><N who="2" m="46698" /><F135/><N who="3" m="51755" /><G78/><T81/><D16/><U45/><E14/><V3/><F94/><W71/><G26/><T41/><D41/><U2/><E2/><V102/><F102/><W133/><G32/><T118/><D118/><U0/><E0/><V39/><F39/><W90/><G90/><T100/><D100/><U51/><E62/><V67/><F3/><W115/><G115/><T91/><D24/><U74/><E74/><V38/><F38/><W59/><G59/><T53/><D58/><U83/><E27/><V116/><F116/><W17/><G133/><T6/><D6/><U36/><E36/><V92/><F92/><W129/><G44/><T56/><D56/><U113/><E113/><V66/><F11/><W60/><G60/><T13/><D84/><U104/><E104/><V65/><F21/><W88/><G88/><T111/><D91/><U20/><E20/><V19/><F19/><W37/><G37/><T35/><D82/><U33/><E33/><V80/><F80/><W98/><G98/><T108/><D35/><U10/><E10/><V7/><F7/><W72/><G72/><T18/><D111/><U73/><E73/><V22/><F22/><W76/><G8/><T105/><D108/><RYUUKYOKU ba="0,0" sc="371,-15,201,15,179,15,249,-15" hai1="30,40,45,46,50,51,54,77,83,86,93,99,103" hai2="23,25,31,49,52,63,65,66,67,69" owari="356,45.6,216,-18.4,194,-30.6,234,3.4" /></mjloggm>