<mjloggm ver="2.3"><GO type="225" lobby="0"/><UN n0="%E3%81%86%E3%82%8B%E3%81%8A%E3%81%A1%E3%82%83" n1="%E5%8D%97%E5%9B%BD%E3%83%80%E3%83%B3%E3%82%B5%E3%83%BC" n2="%6D%75%75%6D%75%72%61" n3="%E3%81%86%E3%83%BC%E3%81%B1%E3%83%BC" dan="16,16,17,16" rate="2057.72,2094.22,2189.16,2147.61" sx="F,M,F,F"/><TAIKYOKU oya="0"/><INIT seed="0,0,0,5,1,97" ten="250,250,250,250" oya="0" hai0="20,95,62,126,111,120,1,86,85,17,99,63,104" hai1="79,4,132,60,32,10,25,34,82,121,76,48,87" hai2="16,118,91,56,52,65,0,6,122,114,123,33,68" hai3="46,18,50,77,105,93,49,98,61,31,125,103,94"/><T11/><D120/><U14/><E121/><V112/><F118/><W107/><G125/><T3/><D104/><U37/><E37/><V51/><F33/><W88/><G31/><T89/><D126/><U55/><E132/><V26/><F0/><W15/><G77/><T83/><D3/><U106/><E106/><V75/><F75/><W47/><G61/><T70/><D70/><U27/><E79/><V115/><F6/><W110/><G110/><T12/><D111/><U40/><E34/><V53/><F53/><W133/><G133/><T59/><D1/><U129/><E129/><V135/><F135/><W130/><G130/><T29/><D62/><U71/><E32/><V72/><F72/><W9/><G47/><T2/><D2/><U90/><E90/><V30/><F30/><W66/><G50/><T131/><D131/><U45/><E71/><V134/><F134/><W8/><G9/><T127/><D127/><U128/><E128/><V102/><F65/><W24/><G24/><N who="0" m="16519" /><D83/><U35/><E35/><V69/><F122/><W41/><REACH who="3" step="1"/><G66/><AGARI ba="0,0" hai="11,12,17,59,63,66,85,86,89,95,99" m="16519" machi="66" ten="30,1500,0" yaku="8,1" doraHai="97" who="0" fromWho="3" sc="250,15,250,0,250,0,250,-15" /><INIT seed="0,1,0,1,5,23" ten="265,250,250,235" oya="0" hai0="104,15,68,73,72,92,13,18,2,128,40,46,6" hai1="110,20,101,118,94,70,38,45,22,11,42,59,131" hai2="96,119,41,44,127,97,5,133,24,123,28,60,52" hai3="1,81,122,89,27,105,129,124,53,83,108,62,98"/><T54/><D104/><U78/><E118/><V115/><F115/><W26/><G1/><T102/><D68/><U95/><E70/><V4/><F123/><W116/><G116/><T35/><D2/><U77/><E110/><V106/><F119/><W12/><G108/><T117/><D35/><U69/><E69/><V87/><F127/><W126/><G129/><T16/><D128/><U79/><E22/><N who="2" m="15383" /><F106/><W39/><G39/><T93/><D73/><U25/><E11/><V121/><F133/><W76/><G12/><T19/><D72/><U0/><E0/><V49/><F121/><W82/><G76/><T58/><D93/><U57/><E131/><V64/><F87/><W8/><G8/><N who="0" m="4247" /><D40/><U29/><E101/><V85/><F85/><W10/><G10/><T34/><D34/><U75/><E75/><V50/><F64/><W21/><G21/><T66/><D66/><U111/><E111/><V51/><F60/><W47/><G122/><T80/><D80/><U48/><E38/><V14/><F50/><N who="3" m="28895" /><G62/><N who="0" m="36183" /><D46/><U134/><E134/><V107/><F107/><W3/><G3/><T43/><D117/><U65/><E65/><V9/><F5/><W61/><G61/><T36/><D36/><U17/><E59/><AGARI ba="1,0" hai="4,9,14,41,44,49,51,52,59,96,97" m="15383" machi="59" ten="30,3900,0" yaku="8,1,52,1,54,1" doraHai="23" who="2" fromWho="1" sc="265,0,250,-42,250,42,235,0" /><INIT seed="1,0,0,4,1,35" ten="265,208,292,235" oya="1" hai0="110,86,28,88,91,15,73,67,48,131,33,3,114" hai1="135,10,87,8,117,78,57,133,43,9,105,70,42" hai2="90,6,38,71,29,72,1,83,120,45,126,132,0" hai3="36,84,13,30,80,40,118,74,99,11,76,94,60"/><U51/><E105/><V93/><F120/><W81/><G118/><T121/><D73/><U115/><E117/><V69/><F132/><N who="1" m="50761" /><E70/><V104/><F104/><W129/><G129/><T119/><D3/><N who="2" m="1098" /><F6/><W75/><G30/><T127/><D33/><U116/><E116/><V107/><F93/><W5/><G60/><T89/><D28/><U53/><E115/><V31/><F31/><W24/><G24/><T46/><D67/><U16/><E16/><V124/><F107/><W113/><G113/><T56/><D114/><U123/><E123/><V79/><F90/><W108/><G40/><T68/><D68/><N who="2" m="26186" /><F29/><W111/><G36/><T112/><D56/><U32/><E32/><V59/><F59/><W66/><G66/><T2/><D121/><U77/><E87/><V109/><F109/><N who="3" m="42059" /><G80/><T21/><D110/><U97/><E97/><V65/><F65/><W27/><G27/><T44/><D112/><U49/><E49/><V95/><F95/><W52/><G52/><T92/><D119/><U134/><N who="1" m="50769" /><U101/><DORA hai="128" /><E101/><AGARI ba="0,0" hai="5,11,13,74,75,76,81,84,94,99,101" m="42059" machi="101" ten="30,1000,0" yaku="14,1" doraHai="35,128" who="3" fromWho="1" sc="265,0,208,-10,292,0,235,10" /><INIT seed="2,0,0,4,3,31" ten="265,198,292,245" oya="2" hai0="7,90,20,16,68,110,82,33,134,12,64,132,17" hai1="28,24,108,92,131,36,34,15,1,29,114,121,46" hai2="55,9,5,120,48,80,91,118,27,19,127,67,44" hai3="133,23,57,69,11,39,37,14,56,45,0,53,130"/><V22/><F118/><W129/><G69/><T128/><D33/><U21/><E114/><V3/><F127/><W62/><G133/><N who="0" m="51307" /><D110/><U6/><E108/><V50/><F120/><W99/><G0/><T43/><D43/><U41/><E131/><N who="3" m="50186" /><G45/><T60/><D128/><U125/><E125/><V102/><F67/><N who="3" m="39367" /><G99/><T117/><D117/><U126/><E126/><V77/><F102/><W115/><G23/><T25/><D7/><U85/><E121/><V58/><F91/><W87/><G87/><N who="0" m="50551" /><D17/><U72/><E72/><V109/><F109/><W88/><G88/><T98/><D98/><U40/><E40/><V8/><F8/><W119/><G115/><T71/><D71/><U112/><E112/><V13/><F3/><W35/><G119/><T94/><D94/><U79/><E1/><V84/><REACH who="2" step="1"/><F44/><REACH who="2" ten="265,198,282,245" step="2"/><W81/><G11/><T122/><D122/><U61/><E46/><V26/><F26/><AGARI ba="0,1" hai="12,16,20,25,26,60,64,68" m="50551,51307" machi="26" ten="30,2000,0" yaku="20,1,54,1" doraHai="31" who="0" fromWho="2" sc="265,30,198,0,282,-20,245,0" /><INIT seed="3,0,0,5,1,97" ten="295,198,262,245" oya="3" hai0="86,45,101,63,62,51,108,107,53,0,6,26,135" hai1="117,90,40,104,126,123,4,85,48,94,87,37,21" hai2="134,34,35,29,57,41,1,76,118,112,64,23,80" hai3="129,75,69,56,3,13,19,38,24,99,50,42,20"/><W130/><G3/><T132/><D108/><U92/><E123/><V67/><F112/><W55/><G75/><T46/><D26/><U103/><E37/><V49/><F118/><W83/><G69/><T119/><D119/><U95/><E4/><V111/><F111/><W114/><G114/><T43/><D86/><N who="1" m="32779" /><E21/><V2/><F134/><N who="0" m="51242" /><D101/><U73/><E40/><V61/><F64/><W47/><G83/><T54/><D107/><U74/><E48/><V116/><F34/><W44/><G47/><T10/><D54/><U100/><E126/><V115/><F115/><W65/><G65/><T18/><D18/><U88/><E117/><V89/><F116/><W102/><REACH who="3" step="1"/><G24/><REACH who="3" ten="295,198,262,235" step="2"/><T60/><D45/><U131/><E131/><V98/><F2/><W28/><G28/><T82/><D82/><U31/><E31/><V52/><F1/><W122/><G122/><T25/><D25/><U79/><E104/><AGARI ba="0,1" hai="13,19,20,38,42,44,50,55,56,99,102,104,129,130" machi="104" ten="40,3900,0" yaku="1,1,52,1,53,0" doraHai="97" doraHaiUra="121" who="3" fromWho="1" sc="295,0,198,-39,262,0,235,49" /><INIT seed="3,1,0,3,2,118" ten="295,159,262,284" oya="3" hai0="127,106,132,131,76,11,48,93,4,124,69,133,107" hai1="86,3,135,33,19,52,121,0,26,85,98,95,24" hai2="39,87,102,6,15,12,122,20,67,79,74,41,14" hai3="21,42,51,23,28,128,17,37,78,84,89,109,113"/><W45/><G113/><T59/><D69/><U22/><E135/><N who="0" m="51785" /><D131/><U120/><E33/><V70/><F74/><W29/><G128/><T46/><D59/><U119/><E52/><V61/><F102/><W25/><G109/><T100/><D93/><U54/><E54/><V94/><F6/><W58/><G37/><T71/><D76/><U35/><E35/><V38/><F41/><W91/><G58/><T2/><D71/><U72/><E72/><V9/><F9/><W90/><G23/><T81/><D81/><AGARI ba="1,0" hai="17,21,25,28,29,42,45,51,78,81,84,89,90,91" machi="81" ten="40,2000,0" yaku="8,1" doraHai="118" who="3" fromWho="0" sc="295,-23,159,0,262,0,284,23" owari="272,7.2,159,-34.1,262,-13.8,307,40.7" /></mjloggm>