<mjloggm ver="2.3"><GO type="225" lobby="0"/><UN n0="%E7%B4%94%E6%BD%94%E3%83%94%E3%83%A9%E3%83%8B%E3%82%A2" n1="%E3%83%9D%E3%82%B1%E3%83%83%E3%83%88" n2="%E4%BB%8A%E6%97%A5%E4%B8%80" n3="%6D%61%74%69%67%75%73%61" dan="17,16,17,17" rate="2241.75,2092.55,2232.42,2168.97" sx="M,M,M,M"/><TAIKYOKU oya="0"/><INIT seed="0,0,0,3,1,131" ten="250,250,250,250" oya="0" hai0="53,102,119,66,63,130,0,84,104,120,106,31,60" hai1="68,90,49,30,89,129,44,6,87,3,124,103,110" hai2="59,56,2,78,118,123,39,16,52,122,88,94,77" hai3="80,134,98,29,86,34,72,11,17,33,57,100,18"/><T65/><D0/><U4/><E129/><V82/><F118/><W27/><G72/><T107/><D130/><U10/><E68/><V38/><F2/><W75/><G75/><T22/><D119/><U43/><E110/><V79/><F82/><W71/><G71/><T7/><D7/><U62/><E124/><V5/><F5/><W97/><G33/><T74/><D74/><U73/><E73/><V45/><F59/><W95/><G11/><T109/><D120/><U12/><E103/><V19/><F122/><W41/><G41/><T125/><D125/><U132/><E30/><V14/><F45/><W85/><G85/><T26/><D109/><U116/><E116/><V58/><F58/><W35/><G34/><T81/><D102/><U13/><E132/><V37/><F14/><W40/><G134/><T93/><D93/><U20/><E62/><V135/><F135/><W101/><G57/><T121/><D53/><U54/><E6/><V23/><F23/><W108/><G40/><T126/><D121/><U99/><E20/><V28/><F28/><W21/><G35/><T50/><D50/><U8/><E8/><V83/><F83/><W36/><G36/><T1/><D1/><U128/><E128/><V64/><F64/><N who="0" m="24682" /><D126/><U69/><E69/><V133/><F123/><W48/><G48/><T61/><D61/><U25/><E43/><V112/><F112/><W55/><G55/><T42/><D42/><U47/><E47/><V96/><REACH who="2" step="1"/><F133/><REACH who="2" ten="250,250,240,250" step="2"/><W24/><G108/><T113/><D113/><U111/><E111/><V51/><AGARI ba="0,1" hai="16,19,37,38,39,51,52,56,77,78,79,88,94,96" machi="51" ten="40,12000,2" yaku="1,1,2,1,0,1,54,3,53,0" doraHai="131" doraHaiUra="32" who="2" fromWho="2" sc="250,-60,250,-30,240,130,250,-30" /><INIT seed="1,0,0,4,0,62" ten="190,220,370,220" oya="1" hai0="124,8,44,70,3,14,90,2,43,76,63,108,82" hai1="58,92,46,118,16,110,80,77,1,9,27,103,24" hai2="102,52,85,125,98,72,55,84,130,36,89,78,67" hai3="12,25,0,42,33,134,132,97,7,74,99,83,123"/><U106/><E118/><V50/><F36/><W133/><G123/><T68/><D90/><U51/><E106/><V37/><F37/><W5/><G42/><T114/><D108/><U96/><E110/><V86/><F125/><W107/><G0/><T11/><D124/><U57/><E1/><V66/><F55/><W6/><G12/><T115/><D82/><U105/><E105/><V41/><F41/><W121/><G121/><T122/><D43/><U53/><E24/><V126/><F130/><W18/><G107/><T59/><D14/><U28/><E9/><V26/><F126/><W56/><G56/><T38/><D59/><U65/><E65/><N who="2" m="24587" /><F72/><W71/><G71/><T40/><D40/><U32/><REACH who="1" step="1"/><E16/><REACH who="1" ten="190,210,370,220" step="2"/><V39/><F26/><W19/><G19/><T129/><D38/><U48/><E48/><V111/><F39/><W31/><G18/><T22/><D122/><U54/><E54/><V49/><F111/><W88/><G74/><AGARI ba="0,1" hai="27,28,32,46,51,53,57,58,74,77,80,92,96,103" machi="74" ten="30,2900,0" yaku="1,1,7,1,53,0" doraHai="62" doraHaiUra="60" who="1" fromWho="3" sc="190,0,210,39,370,0,220,-29" /><INIT seed="1,1,0,5,4,134" ten="190,249,370,191" oya="1" hai0="52,6,13,80,92,67,70,69,23,46,53,84,28" hai1="40,76,99,77,82,48,30,10,95,43,89,109,31" hai2="102,65,51,79,125,96,17,37,14,57,50,55,15" hai3="122,63,29,9,119,75,2,1,98,5,12,20,47"/><U49/><E109/><V105/><F125/><W36/><G75/><T58/><D70/><U44/><E10/><V110/><F37/><W38/><G122/><T121/><D69/><U118/><E118/><V101/><F101/><W81/><G119/><T106/><D106/><U45/><REACH who="1" step="1"/><E76/><REACH who="1" ten="190,239,370,191" step="2"/><V72/><F110/><W88/><G9/><T115/><D121/><U35/><E35/><V127/><F79/><W111/><G111/><T21/><D21/><U32/><E32/><V8/><F72/><AGARI ba="1,1" hai="30,31,40,43,44,45,48,49,72,77,82,89,95,99" machi="72" ten="30,5800,0" yaku="1,1,7,1,9,1,53,0" doraHai="134" doraHaiUra="108" who="1" fromWho="2" sc="190,0,239,71,370,-61,191,0" /><INIT seed="1,2,0,4,2,40" ten="190,310,309,191" oya="1" hai0="72,33,118,83,41,87,6,9,77,132,1,4,96" hai1="45,91,30,130,22,66,31,27,135,35,89,73,102" hai2="56,76,26,116,34,61,19,114,59,103,81,44,50" hai3="55,32,79,128,101,53,92,48,121,64,80,20,42"/><U100/><E73/><V120/><F116/><W113/><G32/><T88/><D118/><U111/><E130/><V65/><F120/><W67/><G121/><T117/><D117/><U25/><E135/><V18/><F114/><W51/><G113/><T28/><D132/><U123/><E123/><V74/><F103/><W37/><G128/><T125/><D125/><U97/><E111/><V82/><F82/><W29/><G37/><T124/><D124/><U134/><E134/><V3/><F3/><W16/><G29/><T58/><D4/><U54/><E66/><V46/><F56/><W2/><G42/><T131/><D131/><U57/><E45/><V115/><F115/><W85/><G2/><T13/><D58/><U126/><E126/><V90/><F90/><W86/><G48/><T112/><D112/><U39/><E39/><V78/><F78/><W69/><G55/><T127/><D127/><U68/><E68/><V63/><F63/><W133/><G69/><T106/><D41/><U105/><REACH who="1" step="1"/><E102/><REACH who="1" ten="190,300,309,191" step="2"/><V104/><F44/><N who="3" m="27879" /><G133/><T107/><D72/><U98/><E98/><V122/><F122/><W7/><G101/><T14/><D96/><U110/><E110/><V75/><F75/><W99/><G99/><T119/><D119/><U43/><E43/><V95/><F74/><W93/><G64/><T62/><D87/><U11/><E11/><V52/><F65/><W70/><G86/><T36/><D36/><U129/><E129/><V17/><F46/><W49/><G67/><T24/><D9/><U21/><E21/><V71/><F71/><W15/><G70/><RYUUKYOKU ba="2,1" sc="190,-10,300,30,309,-10,191,-10" hai1="22,25,27,30,31,35,54,57,89,91,97,100,105" /><INIT seed="1,3,1,0,5,37" ten="180,330,299,181" oya="1" hai0="115,6,50,10,125,85,106,119,87,33,86,98,81" hai1="41,26,116,69,96,4,104,23,13,128,118,121,134" hai2="127,113,100,56,129,109,132,48,60,53,94,20,124" hai3="45,90,38,112,31,22,52,30,65,29,72,32,67"/><U35/><E69/><V57/><F109/><W78/><G112/><T55/><D115/><U18/><E104/><V92/><F113/><W120/><G120/><T95/><D106/><U99/><E121/><V0/><F0/><W131/><G32/><T2/><D33/><U7/><E128/><V40/><F132/><W77/><G131/><T66/><D66/><N who="3" m="25097" /><G72/><T130/><D125/><N who="2" m="48202" /><F129/><W117/><G38/><T36/><D36/><U58/><E134/><V101/><F20/><W108/><G108/><T84/><D119/><U102/><E116/><V64/><F40/><W62/><G117/><T97/><D95/><AGARI ba="3,1" hai="48,53,56,57,60,64,92,94,95,100,101" m="48202" machi="95" ten="30,1000,0" yaku="18,1" doraHai="37" who="2" fromWho="0" sc="180,-19,330,0,299,29,181,0" /><INIT seed="2,0,0,4,4,119" ten="161,330,328,181" oya="2" hai0="37,25,75,113,46,103,19,17,89,124,82,47,1" hai1="78,33,112,7,34,21,27,120,86,35,129,26,2" hai2="24,52,28,130,91,64,122,110,69,13,132,71,105" hai3="81,77,10,104,93,63,73,29,9,95,49,62,125"/><V43/><F122/><W20/><G104/><T128/><D113/><U76/><E112/><V68/><F130/><W115/><G115/><T5/><D128/><U59/><E129/><V55/><F132/><W66/><G125/><T127/><D103/><U85/><E120/><V4/><F64/><W51/><G29/><T39/><D5/><U65/><E7/><V116/><F116/><W99/><G20/><T90/><D75/><U123/><E2/><V97/><F43/><W31/><G31/><T111/><D82/><U42/><E42/><V100/><F110/><W121/><G121/><T45/><D25/><U102/><E102/><V50/><F91/><N who="0" m="34826" /><D1/><U32/><E32/><V61/><F61/><W36/><G36/><N who="0" m="13899" /><D111/><U40/><E40/><V11/><REACH who="2" step="1"/><F50/><REACH who="2" ten="161,330,318,181" step="2"/><W8/><G63/><T70/><D70/><U79/><E123/><V83/><F83/><W16/><G62/><T109/><D109/><U53/><E65/><V135/><F135/><W18/><G66/><T74/><D74/><U101/><E78/><V58/><F58/><W92/><REACH who="3" step="1"/><G99/><REACH who="3" ten="161,330,318,171" step="2"/><T98/><D98/><U56/><E56/><V108/><F108/><W22/><G22/><AGARI ba="0,2" hai="4,11,13,22,24,28,52,55,68,69,71,97,100,105" machi="22" ten="40,3900,0" yaku="1,1,54,1,53,0" doraHai="119" doraHaiUra="80" who="2" fromWho="3" sc="161,0,330,0,318,59,171,-39" /><INIT seed="2,1,0,5,3,74" ten="161,330,377,132" oya="2" hai0="53,132,72,55,9,104,76,59,109,131,32,127,115" hai1="18,34,3,48,105,49,121,6,90,110,7,21,91" hai2="31,99,15,63,79,68,30,61,86,118,100,122,43" hai3="54,29,39,113,69,128,81,41,103,42,102,13,67"/><V20/><F122/><W117/><G117/><T130/><D115/><U37/><E37/><V50/><F118/><W112/><G29/><T83/><D32/><U123/><E105/><V60/><F68/><W26/><G26/><T47/><D104/><U12/><E110/><V8/><F43/><W78/><G54/><T23/><D109/><U38/><E38/><V11/><F50/><N who="1" m="19561" /><E34/><V97/><F11/><W124/><G13/><T62/><D127/><U129/><E129/><N who="0" m="49161" /><D132/><U73/><E73/><V101/><F99/><W44/><G42/><T52/><D47/><U45/><E45/><V85/><F85/><W35/><G35/><T17/><D9/><N who="1" m="2271" /><E7/><V133/><F133/><W125/><G128/><T71/><D71/><U114/><E114/><N who="3" m="44138" /><G67/><T46/><D46/><U33/><E33/><V84/><F84/><N who="3" m="48183" /><G69/><T96/><D96/><U1/><E1/><V56/><F97/><W19/><G19/><T27/><AGARI ba="1,0" hai="17,23,27,52,53,55,59,62,72,76,83" m="49161" machi="27" ten="30,4000,0" yaku="19,1,52,1,54,1" doraHai="74" who="0" fromWho="0" sc="161,43,330,-11,377,-21,132,-11" /><INIT seed="3,0,0,1,1,14" ten="204,319,356,121" oya="3" hai0="83,68,62,131,110,44,17,58,107,128,4,19,11" hai1="115,27,24,45,125,8,9,78,80,99,70,3,57" hai2="127,48,75,112,41,6,130,59,55,116,76,60,121" hai3="100,122,124,102,81,25,67,13,82,42,104,119,96"/><W71/><G119/><T56/><D107/><U51/><E70/><V12/><F112/><W95/><G122/><T97/><D110/><U103/><E125/><V73/><F116/><W64/><G124/><T37/><D97/><U33/><E115/><V39/><F127/><W133/><G42/><N who="0" m="22607" /><D83/><U53/><E33/><V85/><F130/><N who="0" m="49706" /><D68/><U31/><E45/><V111/><F75/><W113/><G113/><T35/><D35/><U65/><E65/><V49/><F73/><W86/><G133/><T94/><D94/><U129/><E129/><V38/><F76/><W90/><G102/><T120/><D120/><U47/><E47/><V52/><F85/><W54/><G54/><N who="0" m="34071" /><D58/><U106/><E3/><AGARI ba="0,0" hai="3,4,11,17,19" m="34071,49706,22607" machi="3" ten="30,3900,0" yaku="19,1,52,2" doraHai="14" who="0" fromWho="1" sc="204,39,319,-39,356,0,121,0" owari="243,-15.7,280,8.0,356,45.6,121,-37.9" /></mjloggm>