<mjloggm ver="2.3"><GO type="225" lobby="0"/><UN n0="%E3%81%BF%E3%81%BF%E3%81%9A" n1="%E3%81%8B%E3%82%8F%E3%81%A1%E3%82%83%E3%82%93%35%38" n2="%E3%81%B5%E3%81%98%E3%81%8B%E3%81%A4" n3="%E3%81%AA%E3%82%81%E3%81%93%E9%9B%80%E5%A3%AB" dan="18,17,16,16" rate="2264.08,2261.34,2172.03,2064.35" sx="M,M,M,M"/><TAIKYOKU oya="0"/><INIT seed="0,0,0,4,0,75" ten="250,250,250,250" oya="0" hai0="0,38,68,9,28,73,10,129,47,25,103,84,11" hai1="51,3,113,59,42,8,77,90,94,110,71,127,34" hai2="118,112,128,78,86,29,111,27,125,83,100,20,82" hai3="64,61,105,30,69,80,106,46,18,13,121,36,23"/><T126/><D73/><U96/><E71/><V89/><F112/><W122/><G30/><T102/><D68/><U5/><E34/><V49/><F125/><W130/><G130/><T1/><D126/><U97/><E127/><V98/><F128/><W66/><G66/><T56/><D129/><U45/><E110/><V12/><F111/><W124/><G124/><T26/><D56/><U16/><E113/><V50/><F118/><W55/><G80/><T134/><D134/><U95/><E59/><V120/><F12/><W24/><G13/><T107/><D84/><U101/><REACH who="1" step="1"/><E16/><REACH who="1" ten="250,240,250,250" step="2"/><V88/><F120/><N who="3" m="46187" /><G36/><T53/><D25/><U19/><E19/><V115/><F115/><W65/><G65/><T41/><D26/><U44/><E44/><V31/><F31/><W70/><G70/><T62/><D28/><U63/><E63/><V57/><F57/><W85/><G85/><T76/><D62/><U133/><E133/><V116/><F116/><W22/><G22/><T109/><D47/><U132/><E132/><V135/><F135/><W35/><G35/><T99/><D109/><U79/><AGARI ba="0,1" hai="3,5,8,42,45,51,77,79,90,94,95,96,97,101" machi="79" ten="30,7900,0" yaku="1,1,0,1,52,2,53,0" doraHai="75" doraHaiUra="52" who="1" fromWho="1" sc="250,-39,240,89,250,-20,250,-20" /><INIT seed="1,0,0,5,4,129" ten="211,329,230,230" oya="1" hai0="10,41,68,48,19,132,111,82,84,76,66,49,58" hai1="131,70,0,52,71,112,6,45,5,50,27,57,61" hai2="74,133,9,83,118,80,51,37,54,17,117,21,42" hai3="8,121,113,32,62,93,91,135,81,98,103,89,95"/><U56/><E112/><V18/><F9/><W16/><G113/><T38/><D111/><U127/><E131/><V86/><F37/><W105/><G32/><T99/><D38/><U77/><E127/><V7/><F42/><W64/><G121/><T97/><D68/><U92/><E77/><V15/><F7/><W104/><G81/><T47/><D132/><U3/><E27/><V75/><F133/><W36/><G36/><T28/><D28/><U4/><E57/><V72/><F18/><W25/><G135/><T23/><D10/><U65/><REACH who="1" step="1"/><E92/><REACH who="1" ten="211,319,230,230" step="2"/><V20/><F83/><W35/><G95/><T1/><D1/><AGARI ba="0,1" hai="0,1,3,4,5,6,45,50,52,56,61,65,70,71" machi="1" ten="40,7700,0" yaku="1,1,2,1,54,1,53,0" doraHai="129" doraHaiUra="24" who="1" fromWho="0" sc="211,-77,319,87,230,0,230,0" /><INIT seed="1,1,0,5,1,126" ten="134,406,230,230" oya="1" hai0="96,2,101,75,85,6,7,56,24,34,130,13,77" hai1="20,29,51,93,81,0,16,35,112,133,21,118,104" hai2="135,125,17,134,18,37,105,80,33,119,71,61,44" hai3="117,97,128,84,76,32,89,31,113,115,65,30,91"/><U27/><E104/><V72/><F125/><W69/><G117/><T1/><D75/><U36/><E36/><V67/><F119/><W111/><G111/><T106/><D56/><U38/><E38/><V122/><F122/><W66/><G76/><T120/><D120/><U55/><E118/><V102/><F33/><W15/><G15/><T108/><D108/><U114/><E133/><N who="2" m="50699" /><F72/><W132/><G132/><T94/><D77/><U74/><E21/><V54/><F80/><W40/><G40/><T43/><D43/><U46/><E74/><V49/><F37/><W100/><G84/><T64/><D64/><U88/><E81/><V4/><F4/><W86/><G86/><T83/><D106/><U87/><REACH who="1" step="1"/><E0/><REACH who="1" ten="134,396,230,230" step="2"/><V59/><F105/><W3/><G3/><T70/><D1/><U82/><E82/><V127/><F127/><W41/><G32/><T9/><D2/><U79/><E79/><V73/><F73/><W90/><G113/><T131/><D83/><U95/><E95/><V53/><F102/><W39/><G115/><T23/><D34/><U26/><AGARI ba="1,1" hai="16,20,26,27,29,35,46,51,55,87,88,93,112,114" machi="26" ten="20,12000,1" yaku="1,1,0,1,7,1,54,2,53,0" doraHai="126" doraHaiUra="116" who="1" fromWho="1" sc="134,-41,396,133,230,-41,230,-41" /><INIT seed="1,2,0,5,2,1" ten="93,529,189,189" oya="1" hai0="115,48,18,4,82,30,114,3,50,14,101,39,116" hai1="96,81,11,134,135,47,42,112,103,22,124,56,85" hai2="126,121,32,106,71,129,40,26,97,87,69,64,74" hai3="52,104,105,15,23,57,67,33,2,36,98,34,59"/><U94/><E112/><V41/><F121/><W44/><G2/><T16/><D116/><U113/><E113/><V21/><F126/><W10/><G23/><T72/><D39/><U127/><E56/><V19/><F129/><W7/><G67/><T46/><D3/><U133/><E22/><V73/><F32/><W91/><G59/><T51/><D114/><U128/><E11/><V79/><F106/><W125/><G125/><N who="1" m="48202" /><E47/><V131/><F131/><W31/><G105/><T83/><D115/><U122/><E42/><V45/><F97/><W49/><G91/><T5/><D46/><U88/><E122/><V130/><F130/><AGARI ba="2,0" hai="81,85,88,94,96,103,128,130,133,134,135" m="48202" machi="130" ten="40,18000,2" yaku="30,2,20,1,18,1,34,2,54,1" doraHai="1" who="1" fromWho="2" sc="93,0,529,186,189,-186,189,0" /><INIT seed="1,3,0,3,0,39" ten="93,715,3,189" oya="1" hai0="83,125,110,19,57,48,106,78,3,93,121,2,30" hai1="131,33,6,103,37,124,95,28,26,130,46,70,47" hai2="99,60,133,56,38,62,11,16,12,69,8,104,129" hai3="44,13,32,10,36,43,54,100,132,115,14,53,82"/><U71/><E124/><V119/><F119/><W72/><G115/><T113/><D106/><U135/><E135/><V73/><F133/><W76/><G132/><T23/><D113/><U58/><E6/><V51/><F129/><N who="1" m="49161" /><E58/><V90/><F73/><W98/><G14/><T59/><D110/><U0/><E0/><V61/><F104/><W126/><G32/><T21/><D121/><U77/><E77/><V84/><F69/><N who="1" m="26121" /><E37/><V107/><F38/><W35/><G35/><T97/><D59/><U112/><E112/><V128/><F128/><W87/><G72/><T114/><D57/><U111/><E111/><V55/><F107/><W64/><G64/><T91/><D78/><U50/><E50/><V134/><F134/><W127/><G126/><T89/><D48/><U116/><E116/><V45/><F99/><AGARI ba="3,0" hai="26,28,33,46,47,95,99,103" m="26121,49161" machi="99" ten="30,1500,0" yaku="19,1" doraHai="39" who="1" fromWho="2" sc="93,0,715,24,3,-24,189,0" owari="93,-30.7,739,83.9,-21,-52.1,189,-1.1" /></mjloggm>