<mjloggm ver="2.3"><GO type="225" lobby="0"/><UN n0="%E3%81%9F%E3%81%A3%E3%81%A1%E3%82%87" n1="%E3%81%82%E3%81%99%E3%81%AB%E3%82%83%E3%82%80" n2="%73%61%6E%64%69%72%69%73" n3="%E3%82%BC%E3%83%AB%E3%83%80%E3%81%AE%E4%BC%9D%E8%AA%AC" dan="16,16,16,16" rate="2080.00,2109.92,2148.36,2142.20" sx="M,F,M,M"/><TAIKYOKU oya="0"/><INIT seed="0,0,0,5,3,8" ten="250,250,250,250" oya="0" hai0="5,6,48,10,135,47,22,115,125,62,72,89,107" hai1="123,126,34,21,113,94,84,19,85,16,58,55,76" hai2="66,92,43,4,39,11,109,104,68,26,102,130,28" hai3="131,127,119,71,17,120,132,63,101,14,70,50,57"/><T129/><D115/><U61/><E34/><V122/><F92/><W134/><G119/><T96/><D72/><U100/><E123/><V40/><F122/><W95/><G120/><T53/><D125/><U75/><E126/><V1/><F109/><W59/><G127/><T51/><D129/><U87/><E113/><V7/><F7/><W44/><G101/><T105/><D135/><N who="3" m="51753" /><G95/><T67/><D105/><U111/><E111/><V110/><F130/><W64/><G59/><N who="0" m="37343" /><D107/><U106/><E106/><V15/><F1/><W114/><G114/><T60/><D96/><N who="1" m="59415" /><E75/><V133/><F39/><W52/><G131/><T112/><D112/><U23/><E76/><V90/><F90/><W49/><G49/><N who="0" m="28863" /><D60/><U24/><E87/><V12/><F110/><W97/><G97/><T73/><D73/><U117/><E117/><V25/><F133/><W32/><G32/><T116/><D116/><U45/><E45/><V38/><F38/><W86/><G86/><T2/><D2/><U108/><E108/><V27/><F104/><W9/><AGARI ba="0,0" hai="9,14,17,44,50,52,57,63,64,70,71" m="51753" machi="9" ten="30,4000,0" yaku="20,1,52,1,54,1" doraHai="8" who="3" fromWho="3" sc="250,-20,250,-10,250,-10,250,40" /><INIT seed="1,0,0,0,2,17" ten="230,240,240,290" oya="1" hai0="104,122,124,65,36,130,42,0,80,2,74,46,93" hai1="109,14,49,120,5,39,45,96,108,95,111,110,85" hai2="22,47,32,98,128,27,67,41,112,73,103,114,4" hai3="97,64,16,100,77,91,119,123,26,83,43,37,86"/><U18/><E120/><V34/><F73/><W87/><G123/><T79/><D122/><U44/><E5/><V134/><F4/><W8/><G119/><T15/><D124/><U126/><E126/><V24/><F67/><W131/><G131/><T70/><D130/><U127/><E127/><V56/><F56/><W10/><G64/><T69/><D93/><U31/><E31/><V106/><F134/><W52/><G43/><T58/><D58/><U55/><E85/><V68/><F68/><N who="0" m="26218" /><D65/><U125/><E125/><V13/><F13/><W72/><G37/><T25/><D15/><U59/><N who="1" m="27648" /><DORA hai="23" /><U29/><E29/><N who="2" m="17559" /><F27/><W135/><G135/><T12/><D12/><U19/><E19/><V1/><F1/><N who="0" m="618" /><D25/><U54/><E54/><V113/><F128/><W75/><G52/><T132/><D132/><U3/><E39/><AGARI ba="0,0" hai="32,34,39,41,47,98,103,106,112,113,114" m="17559" machi="39" ten="30,3900,0" yaku="11,1,52,2" doraHai="17,23" who="2" fromWho="1" sc="230,0,240,-39,240,39,290,0" /><INIT seed="2,0,0,1,2,83" ten="230,201,279,290" oya="2" hai0="9,106,126,118,18,100,45,54,33,75,90,10,76" hai1="43,80,24,84,64,66,42,77,50,20,99,38,103" hai2="5,30,26,53,112,67,2,37,111,101,6,41,35" hai3="93,13,134,116,72,15,29,56,82,122,1,92,70"/><V62/><F112/><W129/><G70/><T34/><D126/><U102/><E38/><V97/><F111/><W133/><G1/><T98/><D118/><U96/><E50/><V19/><F53/><W46/><G116/><T59/><D45/><U63/><E99/><V36/><F19/><W52/><G122/><T128/><D128/><U120/><E120/><V125/><F125/><W4/><G46/><T71/><D71/><U44/><E44/><V3/><F6/><W47/><G47/><T131/><D131/><U57/><E66/><V51/><F51/><N who="3" m="30751" /><G29/><T23/><D9/><U60/><E60/><V113/><F113/><W49/><G49/><T109/><D10/><U89/><E89/><V110/><F110/><W11/><G15/><T135/><D109/><U91/><E91/><V16/><F41/><W0/><G0/><T119/><D119/><U117/><E103/><V78/><F78/><N who="3" m="44359" /><G129/><T104/><D106/><U58/><E58/><V32/><F32/><W130/><G130/><T14/><D33/><U31/><REACH who="1" step="1"/><E117/><REACH who="1" ten="230,191,279,290" step="2"/><V124/><F62/><W85/><G93/><AGARI ba="0,1" hai="20,24,31,42,43,57,63,64,77,80,84,93,96,102" machi="93" ten="30,16000,3" yaku="1,1,2,1,7,1,25,2,8,1,52,1,53,1" doraHai="83" doraHaiUra="17" who="1" fromWho="3" sc="230,0,191,170,279,0,290,-160" /><INIT seed="3,0,0,5,2,77" ten="230,361,279,130" oya="3" hai0="126,106,98,133,42,17,50,19,123,122,130,23,1" hai1="118,38,135,120,91,30,54,4,132,119,43,2,113" hai2="29,75,73,78,96,86,52,102,134,125,44,5,111" hai3="129,49,92,63,34,69,28,16,22,31,93,117,37"/><W103/><G129/><T13/><D126/><U53/><E113/><V99/><F125/><W112/><G112/><T64/><D130/><U70/><E70/><V101/><F5/><W76/><G117/><N who="1" m="44554" /><E91/><V45/><F29/><W67/><G37/><T36/><D19/><U35/><E120/><V0/><F0/><W48/><G76/><T8/><D50/><U68/><E68/><V3/><F3/><W89/><G103/><T104/><D23/><U6/><E30/><V59/><F111/><W84/><G93/><T15/><D13/><U90/><E90/><V74/><F134/><W109/><G109/><T115/><D98/><U127/><E35/><V41/><F41/><W33/><G31/><T65/><D42/><U107/><E107/><V57/><F86/><W14/><REACH who="3" step="1"/><G33/><REACH who="3" ten="230,361,279,120" step="2"/><T80/><D36/><U26/><E38/><V47/><F78/><W27/><AGARI ba="0,1" hai="14,16,22,27,28,34,48,49,63,67,69,84,89,92" machi="27" ten="30,11700,0" yaku="1,1,2,1,0,1,54,1,53,0" doraHai="77" doraHaiUra="7" who="3" fromWho="3" sc="230,-39,361,-39,279,-39,120,127" /><INIT seed="3,1,0,0,1,91" ten="191,322,240,247" oya="3" hai0="2,74,108,131,57,56,49,129,60,28,38,16,18" hai1="26,77,113,66,6,71,59,23,114,64,132,133,127" hai2="90,73,33,25,9,70,45,72,92,46,62,7,27" hai3="20,82,31,85,3,126,52,12,68,79,128,84,104"/><W32/><G3/><T41/><D74/><U15/><E71/><V112/><F112/><W67/><G104/><T135/><D2/><U109/><E109/><V100/><F100/><W24/><G126/><T14/><D108/><U43/><E77/><V106/><F106/><W83/><G128/><T5/><D135/><N who="1" m="51787" /><E43/><V11/><F70/><W125/><G125/><T103/><D38/><U44/><E44/><V110/><F110/><W47/><G68/><T99/><D28/><U54/><E127/><V40/><F62/><W122/><G122/><T80/><D80/><U96/><E96/><V65/><F65/><N who="1" m="25193" /><E15/><V0/><F11/><W50/><G67/><N who="0" m="39303" /><D41/><U34/><E6/><V78/><F46/><W10/><G32/><T101/><D101/><U81/><E81/><N who="2" m="45255" /><F73/><W19/><G83/><T93/><D129/><U1/><E34/><V95/><F33/><W119/><G119/><T105/><D131/><U120/><E120/><V55/><F55/><W30/><G85/><T89/><D105/><U121/><E1/><V53/><F53/><W8/><G8/><N who="0" m="4367" /><D103/><U76/><E76/><V22/><F90/><W42/><G42/><T4/><D4/><AGARI ba="1,0" hai="4,10,12,19,20,24,30,31,47,50,52,79,82,84" machi="4" ten="30,5800,0" yaku="7,1,8,1,54,1" doraHai="91" who="3" fromWho="0" sc="191,-61,322,0,240,0,247,61" /><INIT seed="3,2,0,2,2,110" ten="130,322,240,308" oya="3" hai0="68,122,37,51,29,133,66,97,3,98,17,109,129" hai1="89,40,115,53,91,128,26,58,73,59,95,0,24" hai2="4,125,52,72,131,49,50,102,54,118,134,124,75" hai3="33,108,44,79,127,113,130,42,19,74,82,69,14"/><W78/><G113/><T123/><D51/><U135/><E0/><V93/><F4/><W7/><G69/><T99/><D29/><U83/><E115/><V84/><F118/><W31/><G108/><T11/><D17/><U32/><E32/><V112/><F112/><W85/><G127/><N who="2" m="48713" /><F134/><W39/><G130/><T62/><D11/><U90/><E128/><V43/><F43/><W38/><G31/><T103/><D62/><U70/><E70/><V9/><F9/><N who="3" m="4415" /><G33/><T28/><D28/><U116/><E116/><V13/><F13/><W34/><G34/><T25/><D25/><N who="1" m="9835" /><E73/><V30/><F30/><W120/><G120/><T101/><D68/><U46/><E135/><V104/><F104/><W16/><G79/><T21/><D133/><U65/><E65/><V132/><F131/><W100/><G100/><T71/><D129/><U114/><E114/><V77/><F132/><W87/><G87/><T126/><D71/><U56/><E83/><N who="2" m="47215" /><F93/><W67/><G74/><T60/><D126/><U12/><E95/><V88/><F88/><W57/><G39/><T2/><D37/><U55/><E12/><V81/><F81/><W64/><G64/><T63/><D66/><U45/><E40/><V10/><F10/><W121/><G121/><T48/><D97/><U96/><E96/><V36/><F36/><W111/><G111/><T47/><D109/><U15/><E15/><V61/><F61/><N who="3" m="38319" /><G38/><T105/><D48/><N who="2" m="18538" /><F102/><W92/><G92/><T5/><D47/><AGARI ba="2,0" hai="45,46,47,53,55,56,58,59,89,90,91" m="9835" machi="47" ten="40,5200,0" yaku="28,2,8,1" doraHai="110" who="1" fromWho="0" sc="130,-58,322,58,240,0,308,0" owari="72,-42.8,380,48.0,240,-16.0,308,10.8" /></mjloggm>