<mjloggm ver="2.3"><GO type="225" lobby="0"/><UN n0="%77%72%77%72%77%72%77%72" n1="%38%63%E3%81%AF%E3%81%A3%E3%81%97%E3%83%BC" n2="%E3%81%9F%E3%81%8C%E3%82%84%E3%81%99" n3="%E5%8F%AF%E5%85%90%E9%82%A3%E7%94%B1%E5%A4%9A" dan="16,16,17,16" rate="2104.08,2090.24,2190.47,2147.17" sx="M,M,M,F"/><TAIKYOKU oya="0"/><INIT seed="0,0,0,1,0,84" ten="250,250,250,250" oya="0" hai0="97,41,44,2,22,77,125,135,57,126,117,34,71" hai1="1,96,100,14,51,30,130,52,74,120,72,134,82" hai2="38,26,48,23,28,118,58,18,122,128,92,17,101" hai3="3,110,131,40,98,46,76,0,107,95,124,85,54"/><T29/><D117/><U75/><E1/><V73/><F38/><W83/><G110/><T39/><D71/><U36/><E36/><V43/><F73/><W129/><G124/><N who="0" m="47723" /><D135/><U67/><E120/><V70/><F70/><W132/><G132/><T31/><D2/><U99/><E134/><V114/><F114/><W111/><G111/><T63/><D34/><U90/><E130/><N who="3" m="49674" /><G107/><T81/><D97/><U105/><E67/><V68/><F68/><W45/><G54/><N who="0" m="34231" /><D22/><U108/><E108/><V12/><F128/><W21/><G21/><T109/><D109/><U91/><E30/><V37/><F118/><W65/><G65/><T112/><D112/><U79/><E14/><V8/><F122/><W93/><G45/><T104/><D104/><U69/><E69/><V115/><F115/><W7/><G98/><T106/><D106/><U64/><E64/><V127/><F127/><W47/><G47/><T56/><D56/><U49/><E96/><N who="2" m="59527" /><F37/><N who="3" m="21775" /><G3/><T11/><D11/><AGARI ba="0,0" hai="0,7,11,76,83,85,93,95" m="21775,49674" machi="11" ten="30,1000,0" yaku="19,1" doraHai="84" who="3" fromWho="0" sc="250,-10,250,0,250,0,250,10" /><INIT seed="1,0,0,3,2,90" ten="240,250,250,260" oya="1" hai0="66,38,27,84,130,0,70,108,24,101,71,89,67" hai1="117,72,8,128,94,91,18,68,99,33,92,58,23" hai2="74,9,45,20,26,36,83,118,62,12,7,85,11" hai3="40,133,21,29,80,110,34,49,47,107,1,2,54"/><U95/><E68/><V15/><F74/><W28/><G110/><T14/><D0/><U37/><E33/><V76/><F118/><W57/><G133/><T13/><D108/><U61/><E117/><V97/><F62/><W103/><G34/><T5/><D38/><U50/><E37/><V122/><F122/><W32/><G32/><T16/><D130/><U73/><E128/><V19/><F97/><W43/><G43/><T98/><D70/><U52/><E72/><V100/><F100/><W86/><G107/><T105/><D13/><N who="1" m="7463" /><E73/><V119/><F119/><W56/><G103/><T10/><D5/><U115/><E115/><V129/><F129/><W51/><G57/><T78/><D78/><U123/><E123/><V125/><F125/><W75/><G75/><T22/><D71/><U65/><E23/><V46/><REACH who="2" step="1"/><F36/><REACH who="2" ten="240,250,240,260" step="2"/><W112/><G112/><T3/><D3/><U93/><E65/><V48/><F48/><AGARI ba="0,1" hai="48,50,52,58,61,91,92,93,94,95,99" m="7463" machi="48" ten="30,18000,2" yaku="8,1,52,4,54,1" doraHai="90" who="1" fromWho="2" sc="240,0,250,190,240,-180,260,0" /><INIT seed="1,1,0,3,2,82" ten="240,440,60,260" oya="1" hai0="69,107,62,7,71,32,65,126,40,133,83,52,14" hai1="115,10,77,5,47,17,118,37,55,26,15,131,95" hai2="134,51,110,9,43,31,74,30,21,11,1,91,4" hai3="117,49,105,120,121,86,60,78,81,61,109,41,97"/><U0/><E118/><V96/><F74/><W114/><G114/><T128/><D107/><U34/><E115/><V80/><F110/><W19/><G117/><T3/><D32/><U35/><E131/><V85/><F134/><W39/><G39/><T44/><D128/><U93/><E77/><V113/><F113/><W56/><G109/><T33/><D33/><U111/><E111/><V84/><F96/><W67/><G61/><T79/><D133/><U18/><E35/><V99/><F99/><W124/><G124/><T54/><D71/><U50/><E37/><V104/><F104/><W70/><G19/><T25/><D25/><U94/><REACH who="1" step="1"/><E0/><REACH who="1" ten="240,430,60,260" step="2"/><V123/><F123/><W64/><G78/><T46/><D3/><U36/><E36/><V58/><F1/><W108/><G108/><T53/><D126/><U48/><E48/><V38/><F38/><W13/><G49/><T2/><D2/><U89/><E89/><V125/><F125/><W12/><G121/><T20/><D79/><U27/><E27/><V23/><F91/><W112/><G120/><T73/><D73/><U68/><E68/><V101/><F51/><W63/><G112/><T42/><D69/><U29/><AGARI ba="1,1" hai="5,10,15,17,18,26,29,34,47,50,55,93,94,95" machi="29" ten="30,3000,0" yaku="1,1,0,1,53,0" doraHai="82" doraHaiUra="127" who="1" fromWho="1" sc="240,-11,430,43,60,-11,260,-11" /><INIT seed="1,2,0,5,4,18" ten="229,473,49,249" oya="1" hai0="7,98,133,106,6,16,22,134,97,110,2,52,17" hai1="102,125,124,46,130,50,63,14,119,86,112,61,55" hai2="84,10,33,105,132,127,4,90,43,123,77,64,103" hai3="36,5,69,120,128,48,35,101,23,0,109,59,25"/><U93/><E119/><V53/><F33/><W41/><G120/><T28/><D110/><U57/><E112/><V30/><F123/><W118/><G69/><T73/><D73/><U32/><E32/><V71/><F132/><N who="0" m="50794" /><D106/><U42/><E130/><V94/><F127/><W51/><G109/><T111/><D111/><U74/><E74/><V117/><F117/><W76/><G35/><T40/><D40/><U34/><E34/><V11/><F43/><W75/><G118/><T12/><D28/><U78/><E63/><V65/><F71/><W60/><G101/><T29/><D29/><U107/><E107/><V104/><F104/><W26/><G128/><T131/><D2/><U89/><E102/><V19/><F30/><W87/><G75/><T113/><D113/><U82/><REACH who="1" step="1"/><E14/><REACH who="1" ten="229,463,49,249" step="2"/><V39/><F103/><W96/><G60/><T68/><D131/><U92/><E92/><V72/><F105/><W13/><G13/><T85/><D12/><U126/><E126/><V83/><F94/><W49/><G0/><T135/><D135/><U24/><E24/><V80/><F72/><W122/><G26/><T91/><D68/><U115/><E115/><V20/><F83/><W81/><G25/><T27/><D27/><U99/><AGARI ba="2,1" hai="42,46,50,55,57,61,78,82,86,89,93,99,124,125" machi="99" ten="30,6000,0" yaku="1,1,0,1,53,1" doraHai="18" doraHaiUra="95" who="1" fromWho="1" sc="229,-22,463,76,49,-22,249,-22" /><INIT seed="1,3,0,3,1,39" ten="207,539,27,227" oya="1" hai0="81,128,131,127,36,114,68,77,15,16,20,110,79" hai1="13,40,75,52,113,135,37,90,106,56,57,72,97" hai2="103,132,60,26,101,95,59,121,87,107,42,78,122" hai3="19,76,11,102,31,5,89,18,44,28,9,124,83"/><U45/><E113/><V46/><F107/><W27/><G124/><T54/><D114/><U51/><E135/><V82/><F132/><W109/><G109/><T55/><D110/><U33/><E33/><V30/><F122/><W69/><G69/><T24/><D127/><U12/><E57/><V70/><F70/><W25/><G102/><T6/><D36/><U66/><E66/><V32/><F121/><W92/><G44/><T104/><D104/><U85/><E97/><V112/><F112/><W133/><G133/><T58/><D68/><U17/><E106/><V73/><F73/><W134/><G134/><T0/><D0/><U8/><REACH who="1" step="1"/><E12/><REACH who="1" ten="207,529,27,227" step="2"/><V80/><F95/><AGARI ba="3,1" hai="8,13,17,37,40,45,51,52,56,72,75,85,90,95" machi="95" ten="30,12000,1" yaku="1,1,2,1,7,1,52,1,54,1,53,0" doraHai="39" doraHaiUra="117" who="1" fromWho="2" sc="207,0,529,139,27,-129,227,0" owari="207,-19.3,668,76.8,-102,-60.2,227,2.7" /></mjloggm>