<mjloggm ver="2.3"><GO type="225" lobby="0"/><UN n0="%77%72%77%72%77%72%77%72" n1="%E9%B3%B3%E6%9D%B1%E3%81%AE%E3%81%86%E3%81%95%E3%81%8E%E3%81%95%E3%82%93" n2="%E3%80%93%E3%81%97%E3%83%BC%E3%82%89%E3%80%93" n3="%E6%81%A5%E6%99%92%E3%81%97" dan="17,17,16,16" rate="2209.18,2235.45,2166.44,2123.29" sx="M,M,M,M"/><TAIKYOKU oya="0"/><INIT seed="0,0,0,0,3,80" ten="250,250,250,250" oya="0" hai0="92,49,89,32,97,24,100,58,115,99,7,2,116" hai1="86,105,34,22,87,0,44,112,17,12,134,70,129" hai2="88,120,56,121,126,75,10,38,119,101,42,14,106" hai3="130,128,54,94,96,51,11,93,135,48,31,9,78"/><T122/><D115/><U127/><E70/><V13/><F75/><W67/><G135/><T33/><D116/><U73/><E73/><V23/><F119/><W95/><G96/><T57/><D122/><U50/><E105/><V60/><F126/><W8/><G67/><T91/><D91/><U107/><E107/><V40/><F101/><W26/><G78/><T21/><D7/><U28/><E127/><V111/><F106/><W37/><G37/><T29/><D2/><U66/><E134/><V76/><F76/><W125/><G125/><T3/><D3/><U98/><E112/><V72/><F72/><W53/><G26/><T45/><D33/><U43/><E129/><N who="3" m="49770" /><G31/><T65/><D65/><U118/><E118/><V74/><F74/><W1/><G1/><T25/><D99/><U55/><E0/><V35/><F38/><W124/><G124/><T110/><D100/><U27/><E66/><N who="2" m="39175" /><F121/><W6/><G6/><T84/><D97/><U16/><E98/><V103/><F103/><W71/><G71/><T90/><D90/><U68/><E68/><V77/><F77/><W123/><G123/><T20/><D110/><U39/><E17/><N who="2" m="10671" /><F111/><W41/><G41/><N who="0" m="24751" /><D32/><U113/><E113/><V82/><F35/><W52/><AGARI ba="0,0" hai="8,9,11,48,51,52,53,54,93,94,95" m="49770" machi="52" ten="40,12000,2" yaku="29,2,28,2,19,1,54,1" doraHai="80" who="3" fromWho="3" sc="250,-60,250,-30,250,-30,250,120" /><INIT seed="1,0,0,5,3,57" ten="190,220,220,370" oya="1" hai0="96,117,17,100,106,120,35,122,22,133,50,33,104" hai1="32,132,73,8,42,72,110,126,93,13,91,24,75" hai2="59,64,4,49,16,66,125,102,84,2,124,119,20" hai3="48,56,18,135,128,80,95,30,81,127,55,82,12"/><U9/><E132/><V78/><F119/><W54/><G127/><N who="2" m="48713" /><F102/><W67/><G128/><T14/><D117/><U105/><E126/><V26/><F4/><W0/><G0/><T61/><D133/><U115/><E115/><V25/><F2/><W23/><G135/><T63/><D50/><U116/><E116/><V52/><F26/><N who="3" m="16735" /><G95/><T98/><D98/><U28/><E105/><V123/><F123/><N who="0" m="47146" /><D106/><U31/><E110/><V5/><F5/><W39/><G39/><T107/><D104/><U129/><E129/><V113/><F113/><W43/><G43/><T69/><D69/><U86/><E31/><V40/><F40/><W77/><G77/><T118/><D118/><U53/><E42/><V3/><F3/><W6/><G6/><T68/><D68/><U15/><REACH who="1" step="1"/><E53/><REACH who="1" ten="190,210,220,370" step="2"/><V79/><F79/><W41/><G41/><T71/><D71/><U27/><E27/><V60/><F49/><W51/><G51/><T90/><D90/><U112/><E112/><V37/><F37/><W87/><G48/><T109/><D109/><U38/><E38/><V19/><F19/><W99/><G18/><T101/><D101/><U29/><E29/><V36/><F36/><W89/><G55/><T45/><D45/><U76/><E76/><V10/><F10/><AGARI ba="0,1" hai="8,9,10,13,15,24,28,32,72,73,75,86,91,93" machi="10" ten="40,2000,0" yaku="1,1,53,0" doraHai="57" doraHaiUra="108" who="1" fromWho="2" sc="190,0,210,30,220,-20,370,0" /><INIT seed="1,1,0,2,2,71" ten="190,240,200,370" oya="1" hai0="97,122,123,8,32,116,106,78,102,50,38,99,51" hai1="40,126,21,47,53,88,27,1,64,89,84,120,79" hai2="113,23,130,46,30,127,16,98,133,73,134,7,44" hai3="132,76,63,5,34,17,72,59,67,118,124,95,2"/><U61/><E120/><N who="0" m="46121" /><D116/><U70/><E1/><V108/><F73/><W18/><G124/><T100/><D32/><U35/><E35/><V80/><F127/><W62/><G63/><T28/><D28/><U75/><E75/><V109/><F30/><W92/><G17/><T36/><D78/><U69/><E69/><V115/><F80/><W43/><G43/><T77/><D77/><U57/><E126/><V52/><F98/><W41/><G59/><T45/><D8/><U54/><E79/><V19/><F7/><W48/><G62/><T91/><D91/><U10/><E10/><V119/><F130/><W29/><G92/><N who="0" m="58407" /><D51/><N who="1" m="27111" /><E70/><V94/><F94/><W0/><G67/><T111/><D111/><N who="2" m="42570" /><F119/><W74/><G95/><T42/><AGARI ba="1,0" hai="36,38,42,45,50,99,102,106" m="58407,46121" machi="42" ten="30,4000,0" yaku="13,1,52,2" doraHai="71" who="0" fromWho="0" sc="190,43,240,-21,200,-11,370,-11" /><INIT seed="2,0,0,0,4,1" ten="233,219,189,359" oya="2" hai0="75,106,50,34,57,84,100,13,23,72,98,81,96" hai1="24,5,33,10,14,104,101,36,49,135,44,132,95" hai2="62,31,92,9,46,82,105,79,115,110,58,78,15" hai3="120,91,85,11,80,99,52,109,121,111,54,12,122"/><V127/><F105/><W69/><G99/><T107/><D34/><U134/><E104/><V65/><F115/><W87/><G69/><T29/><D57/><U66/><E36/><V133/><F127/><W40/><G40/><T55/><D29/><N who="1" m="19623" /><E66/><V103/><F133/><W108/><G87/><T131/><D131/><U90/><E101/><V42/><F110/><W35/><G35/><T20/><D98/><N who="1" m="57719" /><E49/><N who="2" m="26839" /><F31/><W67/><G67/><T7/><D107/><U18/><E44/><V25/><F25/><W126/><G126/><T51/><D51/><U0/><E0/><V118/><F118/><W116/><G116/><T2/><D2/><U114/><E114/><V38/><F38/><W60/><G60/><T94/><D106/><U43/><E43/><V22/><F22/><W28/><G28/><T125/><D72/><U102/><E102/><V113/><F113/><W39/><G39/><T70/><D75/><U37/><E37/><V26/><F26/><W77/><G77/><N who="2" m="29193" /><F82/><W53/><G120/><T32/><D32/><U76/><E76/><V21/><F21/><W73/><G73/><T128/><D70/><U93/><E93/><V89/><F103/><W124/><G124/><T4/><D125/><U97/><E97/><N who="2" m="57487" /><F15/><W130/><G130/><T83/><D128/><U88/><E88/><V71/><F71/><W117/><G117/><T41/><D41/><U74/><E74/><V27/><F27/><W8/><G12/><T86/><D83/><U119/><E119/><V3/><F3/><W56/><G121/><T19/><D20/><U129/><E129/><V123/><F123/><RYUUKYOKU ba="0,0" sc="233,-15,219,15,189,15,359,-15" hai1="5,10,14,18,132,134,135" hai2="9,58,62,65" /><INIT seed="2,1,0,3,2,74" ten="218,234,204,344" oya="2" hai0="13,73,130,67,3,119,131,27,46,111,15,129,89" hai1="11,126,65,71,72,45,59,79,1,118,39,6,106" hai2="7,78,115,51,28,108,41,84,112,116,63,99,24" hai3="127,44,123,14,52,21,34,128,12,104,2,54,53"/><V36/><F36/><W75/><G123/><T8/><D111/><U58/><E118/><V43/><F116/><W110/><G34/><T30/><D119/><U86/><E86/><V97/><F108/><W122/><G122/><T105/><D105/><U109/><E109/><V62/><F7/><W38/><G110/><T37/><D67/><U103/><E126/><V93/><F112/><W49/><G12/><T125/><D125/><U101/><E71/><V95/><F115/><W96/><G96/><N who="2" m="36937" /><F24/><W66/><G52/><T113/><D73/><U94/><E94/><N who="2" m="35851" /><F28/><W134/><G104/><T5/><D89/><U76/><E106/><V98/><N who="2" m="36945" /><V70/><DORA hai="80" /><F70/><W0/><G38/><T33/><D113/><U87/><E87/><V35/><F35/><W92/><G75/><T85/><D85/><U114/><E114/><V88/><F78/><W132/><G127/><T9/><D9/><U120/><E79/><V124/><F124/><W60/><G2/><T47/><D37/><U10/><E10/><V107/><F107/><W25/><G0/><T82/><D82/><N who="1" m="45319" /><E120/><V22/><F22/><W26/><G21/><T48/><D3/><U121/><E121/><V69/><F69/><W135/><G25/><T20/><D33/><U68/><E103/><V61/><F51/><W42/><G26/><T56/><D15/><U16/><E101/><V17/><F17/><W40/><G14/><T57/><D48/><U4/><E16/><V29/><F29/><W32/><G32/><T102/><D102/><U23/><E39/><V77/><F77/><W19/><G19/><RYUUKYOKU ba="1,0" sc="218,15,234,-15,204,15,344,-15" hai0="5,8,13,20,27,30,46,47,56,57,129,130,131" hai2="41,43,61,62,63,84,88" /><INIT seed="2,2,0,5,5,35" ten="233,219,219,329" oya="2" hai0="60,47,69,7,32,89,50,23,41,24,112,78,22" hai1="86,11,76,123,125,97,43,107,36,106,121,13,82" hai2="100,0,14,38,104,25,118,34,111,88,117,44,58" hai3="84,52,17,21,127,124,71,129,81,65,109,122,1"/><V54/><F0/><W102/><G109/><T53/><D112/><U83/><E125/><N who="3" m="48202" /><G129/><T116/><D116/><U119/><E119/><V135/><F111/><W31/><G1/><T8/><D78/><U92/><E83/><V105/><F135/><W30/><G122/><N who="1" m="46602" /><E43/><V131/><F131/><W57/><G102/><T9/><D89/><N who="1" m="55439" /><E36/><V59/><F104/><W70/><G30/><T68/><D32/><U133/><E133/><V37/><F37/><W132/><G31/><T113/><D22/><U103/><E103/><V96/><F25/><N who="3" m="14511" /><G65/><T80/><D113/><U5/><AGARI ba="2,0" hai="5,11,13,76,82,86,106,107" m="55439,46602" machi="5" ten="30,1100,0" yaku="13,1" doraHai="35" who="1" fromWho="1" sc="233,-5,219,17,219,-7,329,-5" /><INIT seed="3,0,0,0,3,67" ten="228,236,212,324" oya="3" hai0="108,80,112,62,101,119,73,50,40,52,54,28,35" hai1="24,87,109,38,115,37,18,47,20,76,65,77,6" hai2="13,133,79,59,110,1,32,123,85,58,10,88,68" hai3="56,55,82,21,17,41,15,92,125,70,93,102,71"/><W121/><G121/><T34/><D119/><U86/><E115/><V27/><F68/><W72/><G125/><T46/><D112/><U113/><E113/><V117/><F1/><W9/><G41/><T43/><D108/><U81/><E109/><V89/><F110/><W53/><G53/><T30/><D101/><U0/><E65/><V64/><F117/><W127/><G127/><T25/><D73/><U105/><E105/><V106/><F106/><W99/><G93/><T111/><D111/><U98/><E98/><V11/><F123/><W5/><G82/><T90/><D30/><U16/><E18/><N who="2" m="8503" /><F133/><W78/><G78/><T134/><D34/><U4/><E0/><V14/><F32/><W36/><G36/><T130/><D130/><U126/><E126/><V2/><F2/><W94/><G94/><T132/><D62/><U23/><E23/><V100/><F27/><W114/><G72/><T120/><D120/><U63/><E63/><N who="2" m="38007" /><F59/><W116/><G116/><T44/><D134/><U31/><E31/><V19/><F100/><W96/><G96/><T75/><D132/><U49/><E38/><V103/><F103/><W33/><G33/><T12/><D12/><U84/><E37/><V26/><F26/><W118/><G118/><T83/><D75/><U135/><E135/><V48/><F48/><W22/><G114/><T57/><D57/><U131/><E131/><V91/><F79/><N who="1" m="30281" /><E81/><AGARI ba="0,0" hai="11,14,19,81,85,88,89,91" m="38007,8503" machi="81" ten="30,2000,0" yaku="8,1,54,1" doraHai="67" who="2" fromWho="1" sc="228,0,236,-20,212,20,324,0" owari="228,-17.2,216,-28.4,232,3.2,324,42.4" /></mjloggm>