<mjloggm ver="2.3"><GO type="225" lobby="0"/><UN n0="%E3%81%99%E3%81%84%E3%81%BE%E3%81%9B%E3%83%BC%E3%82%93" n1="%E3%81%BF%E3%81%BF%E3%81%9A" n2="%72%69%6F%75%63%68%61%6E" n3="%E6%97%A5%E6%9B%9C%E6%97%A5%E3%82%88%E3%82%8A%E3%81%AE%E4%BD%BF%E8%80%85" dan="18,17,16,17" rate="2187.04,2274.20,2163.59,2134.25" sx="M,M,M,M"/><TAIKYOKU oya="0"/><INIT seed="0,0,0,5,2,31" ten="250,250,250,250" oya="0" hai0="125,55,95,14,115,52,117,72,34,70,17,20,13" hai1="90,127,93,42,24,26,7,102,121,9,15,104,92" hai2="48,131,19,1,23,91,133,94,99,108,11,69,66" hai3="134,35,57,105,75,49,16,21,12,88,68,96,61"/><T83/><D115/><U81/><E121/><V60/><F108/><W29/><G75/><T119/><D125/><U111/><E127/><V63/><F131/><W30/><G134/><T28/><D70/><U38/><E111/><V47/><F133/><W58/><G68/><T18/><D95/><U132/><E132/><V100/><F60/><W22/><G35/><T43/><D43/><U37/><E104/><V64/><F66/><W135/><G135/><T4/><D4/><U77/><E38/><V0/><F11/><W116/><G116/><T114/><D114/><U8/><E37/><V120/><F120/><W106/><G106/><T67/><D67/><U87/><E42/><V51/><F100/><W107/><G107/><T65/><D65/><U112/><E112/><V82/><F82/><W39/><G39/><T25/><D83/><U122/><E122/><V103/><F103/><W118/><G118/><T78/><D119/><U98/><REACH who="1" step="1"/><E9/><REACH who="1" ten="250,240,250,250" step="2"/><V6/><F6/><W126/><G126/><T46/><D117/><U45/><E45/><V50/><REACH who="2" step="1"/><F47/><REACH who="2" ten="250,240,240,250" step="2"/><W56/><G105/><T85/><D46/><U128/><E128/><V89/><F89/><W130/><G130/><T41/><D78/><U97/><AGARI ba="0,2" hai="7,8,15,24,26,77,81,87,90,92,93,97,98,102" machi="97" ten="20,5200,0" yaku="1,1,0,1,7,1,8,1,53,0" doraHai="31" doraHaiUra="129" who="1" fromWho="1" sc="250,-26,240,72,240,-13,250,-13" /><INIT seed="1,0,0,1,0,86" ten="224,312,227,237" oya="1" hai0="34,105,24,30,93,33,83,58,79,69,108,18,76" hai1="1,113,96,5,120,28,103,77,2,64,13,4,67" hai2="51,59,134,20,128,110,98,123,106,109,38,74,87" hai3="37,80,102,39,133,35,16,132,114,36,65,48,43"/><U41/><E113/><V82/><F123/><W89/><G35/><T101/><D69/><U6/><E120/><V12/><F38/><W104/><G65/><T40/><D105/><U14/><E28/><V19/><F74/><W130/><G114/><T122/><D122/><U60/><E77/><V45/><F128/><W85/><G130/><T111/><D34/><U129/><E129/><V47/><F134/><N who="3" m="51819" /><G102/><T117/><D117/><U95/><E41/><V73/><F73/><W8/><G104/><T126/><D126/><U115/><E67/><V107/><F59/><W56/><G56/><T72/><D79/><U3/><REACH who="1" step="1"/><E115/><REACH who="1" ten="224,302,227,237" step="2"/><V118/><F118/><W124/><G124/><T22/><D40/><U119/><E119/><V94/><F110/><W49/><G43/><T70/><D111/><U135/><E135/><V116/><F109/><W92/><G80/><T42/><D42/><U88/><E88/><V71/><F116/><W27/><G8/><T31/><D108/><U21/><E21/><AGARI ba="0,1" hai="16,21,27,36,37,39,48,49,85,89,92" m="51819" machi="21" ten="40,5200,0" yaku="20,1,52,1,54,1" doraHai="86" who="3" fromWho="1" sc="224,0,302,-52,227,0,237,62" /><INIT seed="2,0,0,1,0,102" ten="224,250,227,299" oya="2" hai0="30,121,1,33,74,34,101,68,36,48,52,92,82" hai1="20,115,94,98,35,8,83,5,112,16,125,86,113" hai2="26,28,87,21,23,85,24,134,116,32,43,107,6" hai3="133,111,124,66,47,93,96,19,65,46,119,69,38"/><V108/><F116/><W104/><G104/><T130/><D121/><U50/><E35/><V44/><F134/><W27/><G119/><T91/><D1/><U0/><E125/><V3/><F108/><W132/><G124/><T67/><D36/><U10/><E10/><V63/><F107/><W54/><G111/><T22/><D130/><U118/><E118/><V100/><F100/><N who="3" m="60431" /><G54/><T58/><D101/><U56/><E56/><V14/><F3/><W60/><G38/><T51/><D51/><U131/><E131/><V129/><F129/><W4/><G4/><T97/><D67/><U109/><E109/><V89/><F63/><W114/><G65/><T81/><D68/><U123/><E50/><N who="2" m="26911" /><F32/><W42/><G42/><T64/><D64/><U135/><E123/><V110/><F110/><W13/><G27/><N who="0" m="16759" /><D33/><U39/><E39/><V11/><F89/><W7/><G7/><T18/><D74/><U122/><E135/><N who="3" m="51786" /><G114/><T75/><D34/><U128/><E122/><V99/><F99/><W29/><G29/><AGARI ba="0,0" hai="6,11,14,21,23,24,26,28,29,85,87" m="26911" machi="29" ten="30,1500,0" yaku="8,1" doraHai="102" who="2" fromWho="3" sc="224,0,250,0,227,15,299,-15" /><INIT seed="2,1,0,5,0,115" ten="224,250,242,284" oya="2" hai0="4,25,94,68,30,56,62,55,24,46,84,83,37" hai1="8,16,90,27,76,17,121,61,39,20,54,125,22" hai2="133,45,15,66,50,124,112,59,31,116,102,13,53" hai3="29,60,122,18,73,6,134,127,98,33,64,2,113"/><V119/><F112/><W78/><G122/><T130/><D130/><U48/><E39/><V35/><F102/><W12/><G113/><T41/><D68/><U88/><E121/><V132/><F124/><W89/><G78/><T131/><D131/><U91/><E125/><V123/><F123/><W57/><G73/><T118/><D118/><N who="2" m="45098" /><F31/><W114/><G114/><T70/><D70/><U79/><E61/><N who="2" m="38207" /><F35/><W111/><G29/><T34/><D4/><U58/><E8/><V120/><F120/><W87/><G33/><T23/><D94/><U7/><E7/><V5/><F5/><W109/><G6/><T47/><D47/><U9/><E9/><V3/><F3/><W51/><G2/><T95/><D95/><U85/><E85/><V100/><F100/><W11/><G127/><T75/><D75/><U38/><E38/><V1/><F1/><W67/><G98/><T92/><D92/><U93/><E93/><V105/><F105/><W108/><G51/><T32/><REACH who="0" step="1"/><D25/><AGARI ba="1,0" hai="16,17,20,22,25,27,48,54,58,76,79,88,90,91" machi="25" ten="40,8000,1" yaku="9,1,8,1,54,2" doraHai="115" who="1" fromWho="0" sc="224,-83,250,83,242,0,284,0" /><INIT seed="3,0,0,3,0,8" ten="141,333,242,284" oya="3" hai0="12,21,3,20,83,94,103,118,74,132,34,127,101" hai1="41,89,0,31,93,6,75,60,125,35,81,123,65" hai2="47,88,134,18,95,114,13,90,7,1,25,42,86" hai3="68,57,100,73,77,129,38,55,39,44,10,102,63"/><W50/><G73/><T14/><D118/><U133/><E123/><V80/><F114/><W99/><G77/><T46/><D3/><U66/><E41/><V49/><F134/><W130/><G10/><T79/><D34/><U22/><E35/><V91/><F1/><W84/><G84/><T121/><D121/><U82/><E133/><V85/><F7/><W122/><G122/><T119/><D119/><U128/><E128/><N who="3" m="49258" /><G68/><T51/><D132/><U131/><E131/><V58/><F58/><W4/><G4/><T24/><D127/><U107/><E107/><V78/><F25/><W109/><G109/><T111/><D111/><U27/><E75/><V108/><F108/><W43/><G102/><T112/><D112/><U76/><E125/><V116/><F116/><W104/><AGARI ba="0,0" hai="38,39,43,44,50,55,57,63,99,100,104" m="49258" machi="104" ten="30,1500,0" yaku="19,1" doraHai="8" who="3" fromWho="3" sc="141,-5,333,-5,242,-5,284,15" /><INIT seed="3,1,0,4,5,69" ten="136,328,237,299" oya="3" hai0="66,63,57,82,55,79,64,28,68,9,38,52,33" hai1="45,59,85,24,73,88,77,14,37,50,53,108,126" hai2="65,20,71,124,0,36,134,118,125,16,10,117,47" hai3="34,90,78,80,121,109,114,40,105,29,43,96,104"/><W2/><G2/><T19/><D33/><U112/><E108/><V32/><F32/><W129/><G29/><T76/><D28/><U42/><E112/><V25/><F134/><W86/><G34/><T11/><D38/><U23/><E126/><N who="2" m="48747" /><F65/><W51/><G51/><T27/><D9/><U31/><E73/><V48/><F71/><W60/><G60/><T100/><D100/><U12/><E77/><V101/><F101/><W54/><G54/><T21/><D11/><U74/><E74/><V133/><F133/><W46/><G46/><T120/><D120/><U67/><E67/><V5/><F36/><W56/><G56/><T102/><D102/><U110/><E110/><V3/><F3/><W7/><G7/><T15/><D15/><U84/><E84/><V44/><F47/><W95/><G109/><T123/><D123/><U122/><E122/><V132/><F132/><W61/><G61/><T41/><D41/><AGARI ba="1,0" hai="0,5,10,16,20,25,41,44,48,117,118" m="48747" machi="41" ten="30,2000,0" yaku="18,1,54,1" doraHai="69" who="2" fromWho="0" sc="136,-23,328,0,237,23,299,0" owari="113,-38.7,328,42.8,260,-14.0,299,9.9" /></mjloggm>