<mjloggm ver="2.3"><GO type="225" lobby="0"/><UN n0="%E3%81%BE%E3%81%A8%E3%81%9F" n1="%E5%B8%86%E7%AB%8B%E5%A4%8F%E8%A1%A3" n2="%E6%B4%BE%E9%81%A3%E3%81%AE%E3%82%B8%E3%83%A3%E3%83%83%E3%82%AF" n3="%E8%90%BD%E6%97%A5" dan="17,16,17,16" rate="2225.35,2144.86,2238.38,2139.59" sx="M,M,M,F"/><TAIKYOKU oya="0"/><INIT seed="0,0,0,0,3,46" ten="250,250,250,250" oya="0" hai0="79,82,66,102,120,54,109,18,70,12,130,24,121" hai1="6,113,119,35,97,4,59,93,106,30,85,87,0" hai2="124,107,65,23,5,22,117,127,100,16,78,63,40" hai3="49,126,94,21,34,105,57,61,133,90,108,19,53"/><T91/><D130/><U111/><E119/><V115/><F115/><W89/><G108/><T80/><D109/><U88/><E111/><V92/><F107/><W104/><G133/><T118/><D118/><U17/><E113/><V45/><F78/><W123/><G34/><T33/><D102/><U8/><E35/><V99/><F5/><W135/><G135/><T3/><D3/><U81/><E30/><V26/><F23/><W42/><G126/><T116/><D116/><U132/><E132/><V114/><F114/><W51/><G123/><T38/><D38/><U128/><E128/><V125/><F117/><W96/><G90/><T62/><D54/><U67/><E106/><V101/><F101/><W74/><G74/><T29/><D91/><N who="1" m="51631" /><E0/><V48/><REACH who="2" step="1"/><F125/><REACH who="2" ten="250,250,240,250" step="2"/><W83/><G83/><T71/><D80/><U55/><E6/><V25/><F25/><N who="3" m="14527" /><G42/><T64/><D82/><U86/><E4/><V77/><F77/><W58/><G105/><T2/><D79/><U129/><E129/><V50/><F50/><N who="3" m="30903" /><G104/><T27/><D121/><U31/><E31/><V11/><F11/><W75/><G75/><T122/><D122/><U131/><E131/><V110/><F110/><W84/><G84/><N who="1" m="32298" /><E8/><V44/><F44/><W98/><G98/><T15/><D120/><U36/><E36/><V134/><F134/><W41/><G41/><T73/><D73/><U47/><E47/><V68/><AGARI ba="0,1" hai="16,22,26,40,45,48,63,65,68,92,99,100,124,127" machi="68" ten="30,7900,0" yaku="1,1,0,1,52,1,54,1,53,0" doraHai="46" doraHaiUra="1" who="2" fromWho="2" sc="250,-39,250,-20,240,89,250,-20" /><INIT seed="1,0,0,2,3,5" ten="211,230,329,230" oya="1" hai0="59,20,95,22,60,118,39,90,23,115,52,71,105" hai1="122,37,15,134,19,116,53,57,93,124,67,16,109" hai2="25,35,101,65,131,83,13,42,127,121,79,106,99" hai3="82,117,74,128,81,69,119,46,49,41,103,126,34"/><U7/><E116/><N who="3" m="44618" /><G126/><T32/><D115/><U55/><E122/><V108/><F108/><W66/><G128/><T12/><D32/><U27/><E124/><V10/><F127/><W4/><G34/><T91/><D105/><U113/><E37/><V2/><F131/><W8/><G103/><T129/><D129/><U21/><E113/><V92/><F121/><W51/><G74/><T72/><D72/><U58/><E7/><V14/><F42/><W78/><G78/><T104/><D104/><U125/><E134/><V76/><F65/><W38/><G66/><T48/><D39/><U1/><E1/><V94/><F79/><W3/><G69/><T80/><D118/><U28/><E109/><V130/><F130/><W6/><G6/><T75/><D71/><U17/><E125/><V87/><F2/><W64/><G64/><T86/><D75/><U100/><E15/><V96/><F14/><W102/><G102/><T135/><D135/><U29/><E29/><V112/><F112/><W54/><G51/><T0/><D0/><U45/><E67/><V114/><F114/><W107/><G107/><T133/><D133/><U88/><E100/><V123/><F123/><W50/><G50/><T61/><REACH who="0" step="1"/><D12/><REACH who="0" ten="201,230,329,230" step="2"/><U24/><E24/><V47/><F25/><W89/><G89/><T97/><AGARI ba="0,1" hai="20,22,23,48,52,59,60,61,80,86,90,91,95,97" machi="97" ten="30,8000,1" yaku="1,1,2,1,0,1,8,1,54,1,53,0" doraHai="5" doraHaiUra="70" who="0" fromWho="0" sc="201,90,230,-40,329,-20,230,-20" /><INIT seed="2,0,0,2,3,70" ten="291,190,309,210" oya="2" hai0="77,112,4,101,60,80,15,7,65,82,27,8,73" hai1="19,16,35,56,117,11,29,104,0,97,115,105,83" hai2="3,24,126,59,95,32,98,33,84,122,46,127,5" hai3="1,34,90,91,9,110,53,129,114,26,113,47,31"/><V106/><F122/><W109/><G53/><T81/><D112/><N who="3" m="43113" /><G47/><T22/><D101/><U45/><E115/><V64/><F106/><W42/><G42/><T23/><D4/><U40/><E117/><V36/><F84/><W121/><G91/><T134/><D134/><U131/><E131/><V57/><F57/><W93/><G121/><T102/><D102/><U43/><E43/><V63/><F24/><W107/><G107/><T86/><D27/><U135/><E135/><V118/><F118/><W108/><G90/><T78/><REACH who="0" step="1"/><D81/><REACH who="0" ten="281,190,309,210" step="2"/><U79/><E83/><V99/><F5/><N who="3" m="1199" /><G93/><T111/><D111/><U67/><E105/><V74/><F95/><W37/><G129/><T18/><D18/><U69/><E19/><V92/><F92/><W30/><G30/><T68/><AGARI ba="0,1" hai="7,8,15,22,23,60,65,68,73,77,78,80,82,86" machi="68" ten="20,5200,0" yaku="1,1,0,1,7,1,53,1" doraHai="70" doraHaiUra="66" who="0" fromWho="0" sc="281,62,190,-13,309,-26,210,-13" /><INIT seed="3,0,0,3,2,67" ten="343,177,283,197" oya="3" hai0="45,88,78,4,30,84,124,82,71,125,58,130,93" hai1="118,51,5,120,27,32,103,17,110,11,16,56,102" hai2="73,22,8,66,60,31,33,80,77,44,133,3,12" hai3="108,119,28,63,37,65,52,97,126,135,90,121,100"/><W29/><G119/><T76/><D71/><U127/><E120/><V74/><F133/><W19/><G121/><T116/><D116/><U40/><E118/><V35/><F74/><W91/><G37/><T53/><D30/><U49/><E32/><V106/><F106/><W14/><G135/><T96/><D130/><U59/><E110/><V131/><F131/><W38/><G38/><T15/><D45/><N who="1" m="25767" /><E127/><N who="0" m="48713" /><D15/><N who="1" m="5615" /><E59/><V48/><F3/><W1/><G1/><T99/><D4/><U86/><E86/><V128/><F128/><W23/><G126/><T87/><D76/><U25/><E25/><V42/><F22/><W123/><G123/><T70/><D70/><U41/><E41/><V0/><F31/><W115/><G115/><T101/><D101/><N who="1" m="38411" /><E27/><V9/><F9/><W72/><G72/><T95/><D95/><U114/><E114/><V54/><F42/><W112/><G112/><T2/><D2/><U75/><E75/><V117/><F0/><W109/><G29/><T24/><D24/><U83/><E83/><V85/><F73/><W98/><G28/><T18/><D18/><U61/><E51/><AGARI ba="0,0" hai="51,53,58,78,82,84,87,88,93,96,99" m="48713" machi="51" ten="30,2000,0" yaku="18,1,54,1" doraHai="67" who="0" fromWho="1" sc="343,20,177,-20,283,0,197,0" owari="363,46.3,157,-34.3,283,8.3,197,-20.3" /></mjloggm>