<mjloggm ver="2.3"><GO type="225" lobby="0"/><UN n0="%E3%83%97%E3%83%92" n1="%E5%8D%A0%E3%81%84%E5%B8%AB%E8%A3%8F%E3%81%AA%E3%81%84%E3%81%97" n2="%E3%81%99%E3%81%84%E3%81%BE%E3%81%9B%E3%83%BC%E3%82%93" n3="%E3%81%AF%E3%82%88%E3%81%8A%E3%81%98%E3%81%95%E3%82%93" dan="17,16,17,17" rate="2159.38,2160.27,2235.56,2169.03" sx="M,M,M,M"/><TAIKYOKU oya="0"/><INIT seed="0,0,0,5,1,28" ten="250,250,250,250" oya="0" hai0="104,1,116,46,111,121,73,15,89,79,117,95,16" hai1="12,50,30,100,135,76,87,8,98,43,66,4,134" hai2="75,52,64,0,61,110,22,115,44,53,130,38,47" hai3="26,3,55,122,125,86,48,67,24,120,108,57,83"/><T126/><D121/><N who="3" m="46697" /><G3/><T35/><D1/><U106/><E66/><V56/><F115/><W107/><G107/><T54/><D104/><U91/><E30/><V99/><F0/><W5/><G5/><T131/><D131/><U9/><E9/><V77/><F130/><W97/><G108/><T93/><D126/><U45/><REACH who="1" step="1"/><E91/><REACH who="1" ten="250,240,250,250" step="2"/><V94/><F64/><W21/><G67/><T128/><D89/><U102/><E102/><V71/><F110/><W96/><G125/><T13/><D111/><U2/><E2/><V49/><F71/><W85/><G21/><T58/><D128/><U19/><E19/><V10/><F22/><W6/><G6/><T123/><D16/><U81/><AGARI ba="0,1" hai="4,8,12,43,45,50,76,81,87,98,100,106,134,135" machi="81" ten="30,7900,0" yaku="1,1,0,1,25,2,53,0" doraHai="28" doraHaiUra="69" who="1" fromWho="1" sc="250,-39,240,89,250,-20,250,-20" /><INIT seed="1,0,0,5,0,34" ten="211,329,230,230" oya="1" hai0="42,61,24,26,115,22,41,109,107,5,39,87,3" hai1="7,54,77,11,53,72,14,36,134,35,31,15,100" hai2="83,64,117,121,93,33,116,38,20,120,13,76,68" hai3="12,75,108,57,90,37,110,4,105,47,92,103,32"/><U0/><E134/><V62/><F33/><W16/><G32/><T60/><D115/><U125/><E125/><V66/><F38/><W46/><G75/><T29/><D107/><U17/><E100/><V119/><F66/><W129/><G129/><T130/><D109/><N who="3" m="42089" /><G4/><T88/><D130/><U114/><E114/><V81/><F93/><W69/><G69/><T23/><D5/><U86/><E86/><V96/><F96/><N who="3" m="61671" /><G57/><T84/><D39/><U74/><E36/><V51/><F51/><W43/><G43/><T65/><D3/><U113/><E113/><V112/><F112/><W98/><G37/><T135/><D135/><U73/><E77/><V78/><F78/><W18/><G18/><T50/><D50/><U21/><E15/><V55/><F76/><W99/><G98/><T102/><D102/><U101/><E101/><V122/><F55/><W85/><G99/><T59/><D60/><U132/><E132/><V27/><REACH who="2" step="1"/><F13/><REACH who="2" ten="211,329,220,230" step="2"/><W8/><AGARI ba="0,1" hai="8,12,16,46,47,85,90,92" m="61671,42089" machi="8" ten="30,2000,0" yaku="14,1,54,1" doraHai="34" who="3" fromWho="3" sc="211,-5,329,-10,220,-5,230,30" /><INIT seed="2,0,0,5,0,109" ten="206,319,215,260" oya="2" hai0="106,3,77,14,0,55,36,1,11,110,133,98,46" hai1="103,84,68,54,57,113,40,19,134,120,88,63,118" hai2="116,114,10,42,132,62,112,43,31,73,37,101,72" hai3="129,8,30,20,128,5,92,52,127,47,122,29,81"/><V13/><F116/><W126/><G122/><T56/><D110/><U6/><E118/><V7/><F132/><W105/><G105/><T9/><D133/><U60/><E134/><V67/><F101/><W117/><G117/><T87/><D106/><U123/><E6/><V53/><F53/><W69/><G69/><T2/><D98/><U33/><E40/><V12/><F31/><N who="3" m="11787" /><G20/><T17/><D36/><U23/><E103/><V89/><F89/><W85/><G92/><T49/><N who="0" m="0" /><DORA hai="93" /><T99/><D99/><U27/><E33/><V90/><F90/><N who="3" m="51503" /><G8/><T59/><REACH who="0" step="1"/><D11/><REACH who="0" ten="196,319,215,260" step="2"/><U108/><E108/><V75/><F37/><W97/><G97/><T91/><D91/><U24/><E88/><V65/><F13/><W64/><G127/><T21/><D21/><U125/><E23/><V80/><F80/><AGARI ba="0,1" hai="9,14,17,46,49,55,56,59,77,80,87" m="0" machi="80" ten="70,2300,0" yaku="1,1,53,0" doraHai="109,93" doraHaiUra="25,102" who="0" fromWho="2" sc="196,33,319,0,215,-23,260,0" /><INIT seed="3,0,0,0,5,19" ten="229,319,192,260" oya="3" hai0="32,3,23,123,16,87,4,12,104,99,56,111,79" hai1="82,110,128,78,74,64,126,28,113,14,86,75,92" hai2="26,43,55,125,102,94,124,98,77,109,76,7,96" hai3="66,88,135,85,108,58,30,37,131,6,33,48,46"/><W106/><G106/><T35/><D123/><U93/><E113/><V91/><F7/><W133/><G131/><T117/><D117/><U60/><E128/><V41/><F26/><W119/><G119/><T53/><D111/><U13/><E110/><V127/><F55/><W130/><G130/><T0/><D104/><U72/><E28/><V47/><F109/><W38/><G108/><T134/><D99/><U116/><E116/><V54/><F54/><W80/><G6/><T70/><D70/><U5/><E126/><V51/><REACH who="2" step="1"/><F41/><REACH who="2" ten="229,319,182,260" step="2"/><N who="3" m="24655" /><G66/><T17/><D4/><U121/><E5/><V83/><F83/><W112/><G80/><T101/><D0/><U40/><E82/><V29/><F29/><W84/><G30/><T103/><D3/><U100/><E40/><V81/><F81/><W90/><G112/><T120/><D53/><U132/><E64/><V115/><F115/><W73/><G73/><T34/><D120/><U24/><E74/><V57/><F57/><W1/><G58/><T107/><D56/><U68/><E121/><V8/><F8/><W36/><G1/><T52/><D52/><U39/><E72/><V2/><F2/><W71/><G71/><T114/><D114/><U59/><E68/><V10/><F10/><W27/><G27/><T31/><D31/><U62/><E24/><V69/><F69/><W11/><G11/><T15/><D17/><U21/><E75/><V67/><F67/><W20/><G33/><T105/><D34/><U61/><E59/><V122/><F122/><W97/><G20/><T44/><D23/><U25/><E21/><RYUUKYOKU ba="0,1" sc="229,-10,319,-10,182,30,260,-10" hai2="43,47,51,76,77,91,94,96,98,102,124,125,127" owari="219,-18.1,319,41.9,212,-28.8,250,5.0" /></mjloggm>