<mjloggm ver="2.3"><GO type="225" lobby="0"/><UN n0="%E4%BA%95%E5%B8%AF" n1="%E3%81%BF%E3%81%BF%E3%81%9A" n2="%E3%81%B5%E3%81%98%E3%81%8B%E3%81%A4" n3="%E3%83%A9%E3%83%BC%E3%83%A1%E3%83%B3%E4%BA%94%E9%83%8E" dan="16,16,16,16" rate="2070.23,2155.90,2202.26,2053.65" sx="M,M,M,M"/><TAIKYOKU oya="0"/><INIT seed="0,0,0,4,3,92" ten="250,250,250,250" oya="0" hai0="113,127,86,70,53,41,77,16,114,34,10,69,67" hai1="74,132,129,35,1,93,109,126,121,42,65,38,98" hai2="81,26,83,100,20,95,78,0,118,124,45,28,14" hai3="133,71,117,123,88,110,131,75,3,97,30,68,80"/><T66/><D34/><U103/><RYUUKYOKU type="yao9" ba="0,0" sc="250,0,250,0,250,0,250,0" hai1="1,35,38,42,65,74,93,98,103,109,121,126,129,132" /><INIT seed="0,1,0,4,1,71" ten="250,250,250,250" oya="0" hai0="9,83,86,110,98,56,116,28,21,0,45,1,95" hai1="36,73,76,59,114,124,115,84,108,123,122,104,118" hai2="46,135,63,79,24,62,51,38,40,129,66,99,85" hai3="130,31,77,97,119,64,74,52,3,33,34,87,25"/><T10/><D116/><U7/><E7/><V92/><F135/><W49/><G119/><T48/><D56/><U91/><E118/><V42/><F129/><W75/><G130/><T23/><D1/><U120/><E59/><V126/><F126/><W35/><G3/><T111/><D0/><U54/><E54/><V8/><F8/><N who="0" m="3178" /><D95/><N who="1" m="54759" /><E36/><V61/><F24/><W15/><G15/><T43/><D98/><U131/><E131/><V82/><F42/><W30/><G64/><T109/><D28/><U13/><E13/><V103/><REACH who="2" step="1"/><F51/><REACH who="2" ten="250,250,240,250" step="2"/><W125/><G125/><T6/><D6/><U72/><E124/><V105/><F105/><W29/><G25/><T112/><D112/><N who="1" m="43051" /><E104/><V17/><F17/><W27/><G27/><T96/><D96/><U2/><E2/><V60/><F60/><W65/><G97/><T47/><D47/><U16/><E16/><V121/><F121/><W88/><G65/><AGARI ba="1,1" hai="38,40,46,61,62,63,65,66,79,82,85,92,99,103" machi="65" ten="40,5200,0" yaku="1,1,52,1,53,1" doraHai="71" doraHaiUra="94" who="2" fromWho="3" sc="250,0,250,0,240,65,250,-55" /><INIT seed="1,0,0,0,3,24" ten="250,250,305,195" oya="1" hai0="105,66,18,96,72,118,35,97,44,11,117,128,26" hai1="67,135,48,59,111,100,68,80,28,23,36,54,47" hai2="124,85,75,22,88,108,2,130,109,14,91,120,129" hai3="58,42,112,86,15,55,45,0,110,98,49,43,20"/><U76/><E135/><V46/><F2/><W119/><G110/><N who="2" m="42601" /><F120/><W65/><G112/><T38/><D72/><U104/><E111/><V60/><F75/><W87/><G0/><T134/><D97/><U132/><E132/><V53/><F124/><W89/><G119/><T10/><D10/><U79/><E104/><V5/><F85/><W73/><G73/><T95/><D105/><U61/><E100/><V1/><F1/><W131/><G131/><N who="2" m="50185" /><F60/><W57/><G98/><T8/><D96/><U39/><E80/><V40/><F53/><W94/><G86/><T64/><D66/><U127/><E127/><V51/><F5/><W74/><G74/><T13/><D64/><U92/><E92/><V6/><F6/><W9/><G20/><T32/><D32/><U121/><E121/><V90/><F22/><W77/><G77/><T52/><D35/><U7/><E7/><V107/><F107/><W116/><G116/><T17/><D134/><U41/><E36/><V21/><F21/><W103/><G103/><T29/><D38/><U125/><E125/><V123/><F123/><W99/><G87/><T50/><D128/><U4/><E4/><V37/><F14/><W93/><G65/><T12/><D95/><U19/><E19/><V31/><F37/><W113/><G93/><T84/><D84/><U3/><E3/><V78/><F78/><W101/><G99/><T122/><D122/><U82/><E82/><V69/><F69/><W115/><G94/><T34/><AGARI ba="0,0" hai="8,11,12,13,17,18,26,29,34,44,50,52,117,118" machi="34" ten="20,8000,1" yaku="0,1,7,1,9,1,52,1,54,1" doraHai="24" who="0" fromWho="0" sc="250,80,250,-40,305,-20,195,-20" /><INIT seed="2,0,0,1,5,107" ten="330,210,285,175" oya="2" hai0="70,111,35,62,103,80,101,128,120,29,51,122,127" hai1="100,6,25,81,12,21,73,110,46,84,50,23,22" hai2="92,3,68,19,77,59,135,90,112,115,82,94,116" hai3="33,108,53,2,36,71,58,1,117,8,20,121,17"/><V39/><F116/><W64/><G117/><T11/><D111/><U85/><E110/><V13/><F68/><W113/><G121/><T37/><D37/><U129/><E129/><V38/><F3/><W105/><G108/><T132/><D11/><N who="1" m="4215" /><E73/><V130/><F135/><W55/><G105/><T54/><D51/><U61/><E100/><V40/><F130/><W106/><G106/><T48/><D54/><N who="1" m="30039" /><E61/><V18/><F59/><W30/><G113/><T44/><D80/><U60/><E60/><V118/><F118/><W26/><G36/><T9/><D29/><N who="1" m="17583" /><E85/><V96/><F92/><W31/><G31/><T109/><D62/><U42/><E42/><V74/><F19/><W10/><G71/><T72/><D103/><U78/><AGARI ba="0,0" hai="22,23,78,81,84" m="17583,30039,4215" machi="78" ten="30,1100,0" yaku="8,1" doraHai="107" who="1" fromWho="1" sc="330,-3,210,11,285,-5,175,-3" /><INIT seed="3,0,0,2,2,14" ten="327,221,280,172" oya="3" hai0="11,86,95,97,131,18,16,27,99,103,66,5,2" hai1="45,85,133,117,58,4,8,75,70,39,135,41,77" hai2="51,59,91,43,20,60,6,52,28,57,46,111,100" hai3="83,47,82,120,92,132,26,24,0,113,89,110,49"/><W101/><G113/><T22/><D131/><U25/><E117/><V93/><F111/><W67/><G120/><T109/><D109/><U112/><E112/><V124/><F124/><W65/><G110/><T7/><D66/><N who="3" m="25097" /><G101/><T29/><D86/><U98/><E70/><V68/><F68/><W123/><G0/><T107/><D7/><U114/><E114/><V96/><F6/><W15/><G123/><T69/><D69/><U32/><E58/><V72/><F72/><W61/><G61/><T119/><D119/><U3/><E85/><V116/><F116/><W53/><G132/><T74/><D74/><U48/><E48/><V17/><F59/><W36/><G36/><T33/><D33/><U129/><E98/><V118/><F118/><W34/><G34/><T115/><D115/><U23/><E129/><V19/><F100/><AGARI ba="0,0" hai="2,5,11,16,18,22,27,29,95,97,99,100,103,107" machi="100" ten="30,7700,0" yaku="7,1,52,2,54,1" doraHai="14" who="0" fromWho="2" sc="327,77,221,0,280,-77,172,0" owari="404,50.4,221,2.1,203,-19.7,172,-32.8" /></mjloggm>