<mjloggm ver="2.3"><GO type="225" lobby="0"/><UN n0="%6D%75%75%6D%75%72%61" n1="%61%67%65%48%61" n2="%E8%81%B7%E6%A5%AD%E3%80%81%E9%A2%A8%32" n3="%E5%AF%82%E5%AF%9E%E3%82%AE%E3%83%8D%E3%82%B9%E3%83%93%E3%83%BC%E3%83%AB" dan="16,16,16,16" rate="2078.18,2048.81,2121.30,2135.57" sx="F,M,M,M"/><TAIKYOKU oya="0"/><INIT seed="0,0,0,1,2,86" ten="250,250,250,250" oya="0" hai0="116,111,120,19,18,105,32,84,42,23,117,39,69" hai1="3,133,100,83,135,127,106,96,108,62,63,31,7" hai2="91,89,132,98,30,76,55,6,27,57,2,8,109" hai3="128,34,29,104,123,66,35,37,129,81,80,97,72"/><T24/><D120/><U58/><E108/><V5/><F109/><W12/><G37/><T130/><D111/><U87/><E31/><V67/><F132/><N who="1" m="50761" /><E127/><V53/><F76/><W51/><G123/><T112/><D112/><U20/><E20/><V4/><F2/><W64/><G12/><T50/><D32/><U118/><E118/><V25/><F8/><W1/><G1/><T73/><D73/><U122/><E122/><V16/><F98/><W15/><G15/><T75/><D75/><U10/><E58/><V126/><F126/><W0/><G0/><T102/><D130/><U11/><E10/><V113/><F113/><W79/><G72/><T110/><D39/><U21/><E21/><N who="2" m="13479" /><F27/><W54/><G29/><T77/><D69/><U114/><E114/><V52/><F30/><W134/><G134/><T65/><D110/><U82/><E82/><V71/><F71/><W88/><G34/><T14/><D14/><U74/><E74/><V36/><F36/><W85/><G35/><T78/><D24/><U43/><E43/><V38/><F38/><W70/><G70/><T40/><D23/><U101/><E100/><V47/><F47/><N who="3" m="28031" /><G129/><T124/><D124/><U121/><E121/><V99/><F99/><W48/><G128/><T44/><D102/><U17/><E17/><V95/><F95/><N who="3" m="56551" /><G104/><T60/><D105/><U107/><E106/><V103/><F103/><W46/><G81/><N who="0" m="47151" /><D42/><AGARI ba="0,0" hai="42,46,48,64,66,79,80,85" m="56551,28031" machi="42" ten="30,3900,0" yaku="8,1,52,1,54,1" doraHai="86" who="3" fromWho="0" sc="250,-39,250,0,250,0,250,39" /><INIT seed="1,0,0,5,5,52" ten="211,250,250,289" oya="1" hai0="20,78,24,29,79,133,49,114,128,131,122,48,3" hai1="90,77,22,64,83,112,36,74,54,72,106,31,129" hai2="18,62,75,123,126,27,26,0,92,68,21,104,105" hai3="56,108,82,87,70,12,127,46,15,76,107,81,134"/><U71/><E112/><V116/><F123/><W35/><G70/><T85/><D114/><U28/><E106/><V33/><F116/><W93/><G107/><T103/><D3/><U130/><E36/><V17/><F75/><W96/><G35/><T117/><D117/><U50/><E90/><V32/><F0/><W6/><G108/><T13/><D122/><U7/><E7/><V119/><F126/><W125/><G134/><T47/><D133/><U94/><E94/><V40/><F119/><W111/><G111/><T39/><D39/><U101/><E101/><V25/><F40/><W89/><G46/><T91/><D103/><U43/><E43/><V34/><F104/><W42/><G42/><N who="0" m="24695" /><D49/><U65/><E74/><V113/><F105/><W16/><G81/><N who="0" m="49583" /><D13/><U99/><E99/><V37/><F37/><W11/><REACH who="3" step="1"/><G56/><REACH who="3" ten="211,250,250,279" step="2"/><T2/><D2/><U23/><E71/><V84/><F113/><W8/><AGARI ba="0,1" hai="6,8,11,12,15,16,76,82,87,89,93,96,125,127" machi="8" ten="30,8000,1" yaku="1,1,2,1,0,1,54,1,53,1" doraHai="52" doraHaiUra="73" who="3" fromWho="3" sc="211,-20,250,-40,250,-20,279,90" /><INIT seed="2,0,0,2,4,132" ten="191,210,230,369" oya="2" hai0="10,115,77,28,61,5,84,81,1,100,69,94,108" hai1="42,105,125,4,23,46,59,99,92,131,55,30,48" hai2="135,51,67,113,109,107,98,22,53,24,36,64,120" hai3="104,95,56,128,89,129,6,96,90,127,85,40,133"/><V86/><F120/><W19/><G127/><T2/><D115/><U130/><E105/><V106/><F113/><W74/><G133/><T37/><D108/><U49/><E4/><V121/><F121/><W102/><G6/><T57/><D69/><U103/><REACH who="1" step="1"/><E125/><REACH who="1" ten="191,200,230,369" step="2"/><V38/><F135/><W20/><G104/><T63/><D2/><U101/><E101/><V52/><F107/><W82/><G102/><T39/><D28/><U12/><E12/><V45/><F106/><W50/><G129/><T93/><D100/><U25/><AGARI ba="0,1" hai="23,25,30,42,46,48,49,55,59,92,99,103,130,131" machi="25" ten="30,2000,0" yaku="1,1,0,1,53,0" doraHai="132" doraHaiUra="35" who="1" fromWho="1" sc="191,-5,200,30,230,-10,369,-5" /><INIT seed="3,0,0,2,3,123" ten="186,230,220,364" oya="3" hai0="84,12,85,134,13,69,32,97,43,112,106,74,28" hai1="87,36,107,135,110,1,26,42,102,38,62,21,117" hai2="92,127,118,24,58,86,2,22,89,7,0,109,16" hai3="5,33,34,50,76,78,75,60,39,52,90,49,131"/><W108/><G39/><T111/><D74/><U71/><E110/><V29/><F118/><W124/><G90/><T66/><D134/><U96/><E1/><V83/><F109/><W23/><G60/><N who="0" m="40135" /><D112/><U125/><E135/><V20/><F127/><W128/><G5/><T19/><D43/><U72/><E72/><V59/><F2/><W56/><G56/><T45/><D45/><U122/><E122/><V100/><F0/><W81/><G52/><T4/><D85/><U10/><E10/><V73/><F7/><W114/><G124/><T18/><D4/><U41/><E125/><V132/><F132/><W46/><G34/><T9/><D84/><U77/><E117/><V120/><F73/><W105/><G105/><T51/><D51/><U79/><E41/><V93/><F120/><W115/><G33/><T116/><D116/><U53/><E42/><V88/><F100/><W3/><G3/><T70/><D70/><U65/><E53/><V113/><F113/><W103/><G115/><T31/><D13/><U82/><E79/><V133/><F133/><W17/><G78/><T126/><D126/><U55/><E55/><V129/><F129/><W63/><G76/><T61/><D61/><U25/><E25/><N who="2" m="16551" /><F93/><W91/><G75/><T15/><D32/><U121/><E121/><V67/><F67/><W64/><G114/><T47/><D47/><U80/><E82/><V95/><F92/><W101/><G81/><T30/><D111/><U6/><E6/><V11/><F11/><W8/><G108/><T98/><D106/><U44/><E44/><V37/><F37/><RYUUKYOKU ba="0,0" sc="186,10,230,10,220,10,364,-30" hai0="9,12,15,18,19,28,30,31,97,98" hai1="21,26,36,38,62,65,71,77,80,87,96,102,107" hai2="16,22,24,58,59,83,86,88,89,95" owari="196,-30.4,240,4.0,230,-17.0,334,43.4" /></mjloggm>