<mjloggm ver="2.3"><GO type="225" lobby="0"/><UN n0="%E3%81%8B%E3%82%8F%E3%81%A1%E3%82%83%E3%82%93%35%38" n1="%E6%B8%A9%E2%98%85%E6%83%85%E2%98%85%E6%8E%AA%E2%98%85%E7%BD%AE" n2="%6D%75%75%6D%75%72%61" n3="%E9%BB%92%E4%BA%BA%40%E3%81%8F%E3%82%8D%E3%82%93%E3%81%A1%E3%82%85" dan="16,17,16,17" rate="2119.48,2137.45,2162.10,2139.38" sx="M,M,F,M"/><TAIKYOKU oya="0"/><INIT seed="0,0,0,4,3,113" ten="250,250,250,250" oya="0" hai0="51,85,105,8,96,123,75,61,131,2,77,64,6" hai1="120,3,23,107,48,102,52,99,80,19,93,57,1" hai2="17,111,98,119,114,126,106,13,117,40,14,103,128" hai3="28,42,47,82,33,62,129,125,76,55,9,135,22"/><T36/><D123/><U7/><E120/><V21/><F114/><W29/><G33/><T122/><D122/><U56/><E7/><V100/><F111/><W63/><G125/><T132/><D85/><U78/><E107/><V84/><F126/><W60/><G135/><T12/><D12/><U32/><E32/><V46/><F128/><W45/><G129/><T118/><D51/><U83/><E57/><V43/><F100/><W58/><G9/><T31/><D31/><U127/><E127/><V26/><F84/><W34/><G34/><T71/><D131/><U24/><REACH who="1" step="1"/><E83/><REACH who="1" ten="250,240,250,250" step="2"/><V72/><F72/><AGARI ba="0,1" hai="1,3,19,23,24,48,52,56,72,78,80,93,99,102" machi="72" ten="30,8000,1" yaku="1,1,2,1,7,1,54,1,53,1" doraHai="113" doraHaiUra="94" who="1" fromWho="2" sc="250,0,240,90,250,-80,250,0" /><INIT seed="1,0,0,1,3,128" ten="250,330,170,250" oya="1" hai0="68,109,122,134,130,49,36,103,99,92,12,104,16" hai1="127,121,37,17,86,5,14,30,26,107,112,67,60" hai2="90,106,91,51,79,102,40,135,118,69,46,89,126" hai3="117,6,98,48,1,105,94,74,11,52,27,110,88"/><U43/><E112/><V2/><F118/><W66/><G117/><T54/><D36/><U13/><E107/><V53/><F126/><W119/><G119/><T0/><D0/><U10/><E121/><V35/><F69/><W34/><G110/><T22/><D109/><U76/><E127/><V7/><F35/><W73/><G66/><T31/><D130/><U77/><E43/><V116/><F116/><W84/><G34/><T61/><D122/><U28/><E37/><V95/><F79/><W23/><G98/><T64/><D31/><N who="1" m="11819" /><E26/><V114/><F114/><W41/><G41/><T56/><REACH who="0" step="1"/><D134/><REACH who="0" ten="240,330,170,250" step="2"/><U123/><E123/><V81/><F135/><W71/><G105/><AGARI ba="0,1" hai="12,16,22,49,54,56,61,64,68,92,99,103,104,105" machi="105" ten="40,5200,0" yaku="1,1,2,1,54,1,53,0" doraHai="128" doraHaiUra="4" who="0" fromWho="3" sc="240,62,330,0,170,0,250,-52" /><INIT seed="2,0,0,0,0,3" ten="302,330,170,198" oya="2" hai0="85,122,45,98,134,51,80,71,44,83,73,55,135" hai1="42,17,124,129,112,84,4,81,107,119,58,89,8" hai2="2,43,59,18,15,99,32,5,92,132,70,14,69" hai3="101,19,53,64,94,24,21,31,118,125,120,50,38"/><V105/><F132/><N who="0" m="50730" /><D122/><U116/><E112/><V66/><F32/><W111/><G118/><T10/><D71/><U102/><E129/><V115/><F115/><W23/><G120/><T29/><D29/><U96/><E124/><V47/><F105/><W27/><G38/><T61/><D61/><U133/><E133/><V54/><F2/><W79/><G111/><T34/><D34/><U68/><E68/><V1/><F1/><W117/><G117/><T0/><D98/><U108/><E108/><V86/><F86/><W76/><G64/><T87/><D45/><U7/><E42/><V40/><F66/><W95/><G125/><T60/><D60/><U110/><E110/><V104/><F104/><W106/><G106/><T74/><D85/><U113/><E113/><V63/><F47/><W57/><G101/><T67/><D67/><U33/><E33/><V72/><F72/><N who="0" m="27754" /><D87/><U28/><E28/><V82/><F82/><W90/><REACH who="3" step="1"/><G94/><REACH who="3" ten="302,330,170,188" step="2"/><T130/><D130/><U20/><E119/><V131/><F131/><W30/><G30/><T48/><D83/><U11/><E116/><V35/><F69/><W109/><G109/><T77/><D80/><U56/><E107/><V25/><F70/><W16/><G16/><T65/><D65/><U127/><E127/><V37/><F37/><W121/><G121/><T128/><D128/><U91/><E102/><N who="2" m="60775" /><F18/><W22/><G22/><T46/><D77/><U36/><E36/><V97/><F35/><W49/><G49/><T78/><D78/><U88/><E17/><V114/><F114/><W123/><G123/><T6/><D51/><RYUUKYOKU ba="0,1" sc="302,15,330,-15,170,-15,188,15" hai0="0,6,10,44,46,48,55" hai3="19,21,23,24,27,31,50,53,57,76,79,90,95" /><INIT seed="3,1,1,5,5,123" ten="317,315,155,203" oya="3" hai0="45,68,54,44,129,80,48,30,116,98,69,132,59" hai1="86,47,13,17,35,96,66,117,53,28,42,21,63" hai2="6,95,20,72,7,93,56,78,107,113,103,36,64" hai3="114,79,118,127,99,87,111,104,133,38,85,49,125"/><W23/><G38/><T11/><D116/><U73/><E73/><V52/><F36/><W57/><G114/><T19/><D30/><U135/><E117/><V39/><F113/><W100/><G118/><T76/><D69/><U115/><E115/><V82/><F39/><W122/><G122/><T4/><D68/><U62/><E135/><V121/><F121/><W71/><G71/><T102/><D19/><U55/><E35/><V94/><F64/><W60/><G133/><T77/><D77/><U27/><E96/><V29/><F107/><W109/><G49/><T81/><D81/><U126/><E126/><N who="3" m="48138" /><G23/><T131/><D132/><U91/><E42/><V16/><F103/><W120/><G120/><T90/><D90/><U130/><E130/><N who="0" m="49673" /><D80/><N who="1" m="49607" /><E66/><V89/><F29/><W128/><G128/><T34/><D76/><U8/><E47/><V5/><F89/><W9/><G9/><T40/><D34/><U58/><E55/><V106/><F106/><W0/><G0/><N who="0" m="391" /><D40/><U1/><E1/><V18/><REACH who="2" step="1"/><F20/><REACH who="2" ten="317,315,145,203" step="2"/><W124/><G124/><T83/><D83/><U26/><E26/><V119/><F119/><W25/><G79/><T75/><D75/><U2/><E2/><V112/><F112/><W110/><G25/><T97/><D97/><U43/><E43/><V105/><F105/><AGARI ba="1,2" hai="44,45,48,54,59,98,102,105" m="391,49673" machi="105" ten="30,1000,0" yaku="19,1" doraHai="123" who="0" fromWho="2" sc="317,33,315,0,145,-13,203,0" owari="350,45.0,315,11.5,132,-36.8,203,-19.7" /></mjloggm>