<mjloggm ver="2.3"><GO type="225" lobby="0"/><UN n0="%72%69%6F%75%63%68%61%6E" n1="%6D%75%75%6D%75%72%61" n2="%73%61%6E%64%69%72%69%73" n3="%E2%91%A3%E9%81%BF%E9%81%8A%E6%88%AF%E3%80%90%E6%9D%B1%E5%8D%97%E3%80%91" dan="16,16,16,16" rate="2204.73,2128.30,2109.86,2052.48" sx="M,F,M,M"/><TAIKYOKU oya="0"/><INIT seed="0,0,0,0,4,93" ten="250,250,250,250" oya="0" hai0="108,34,73,11,91,132,33,79,25,43,56,123,125" hai1="134,44,75,122,70,48,115,12,63,66,80,92,65" hai2="23,35,57,106,101,103,107,97,133,32,19,69,1" hai3="21,26,36,30,42,135,124,131,98,52,6,59,77"/><T102/><D123/><U62/><E122/><V55/><F69/><W121/><G121/><T17/><D125/><U126/><E126/><V117/><F1/><W15/><G124/><T41/><D132/><U58/><E134/><V16/><F133/><W111/><G135/><T109/><D102/><U45/><E115/><V127/><F127/><W104/><G77/><T61/><D91/><U76/><E48/><V31/><F31/><W82/><G82/><T64/><D11/><U39/><E39/><V51/><F117/><W2/><G2/><T84/><D73/><U99/><REACH who="1" step="1"/><E12/><REACH who="1" ten="250,240,250,250" step="2"/><V4/><F4/><W67/><G6/><T18/><D109/><U120/><E120/><V24/><F19/><W86/><G111/><T28/><D108/><U85/><E85/><V90/><F90/><AGARI ba="0,1" hai="44,45,58,62,63,65,66,70,75,76,80,90,92,99" machi="90" ten="30,3900,0" yaku="1,1,7,1,52,1,53,0" doraHai="93" doraHaiUra="68" who="1" fromWho="2" sc="250,0,240,49,250,-39,250,0" /><INIT seed="1,0,0,4,5,33" ten="250,289,211,250" oya="1" hai0="17,68,109,112,25,125,67,23,52,5,105,42,71" hai1="95,110,126,66,39,96,121,97,103,93,64,74,114" hai2="6,41,94,61,38,85,107,133,135,78,0,73,117" hai3="1,15,122,81,40,113,134,51,18,48,127,34,120"/><U77/><E39/><V119/><F61/><W56/><G113/><T45/><D109/><U104/><E114/><V118/><F107/><W131/><G34/><T53/><D125/><U16/><E121/><V88/><F78/><W132/><G127/><T31/><D112/><U124/><E110/><V3/><F73/><W90/><G40/><T28/><D105/><U44/><E104/><V76/><F76/><W8/><G131/><T98/><D5/><U70/><E44/><N who="2" m="23607" /><F6/><N who="3" m="1103" /><G81/><T46/><D98/><U101/><E77/><V43/><F43/><W62/><G90/><T11/><D46/><U99/><E99/><V2/><F118/><W123/><G62/><T80/><D80/><U50/><E50/><V75/><F75/><W10/><G56/><T115/><D115/><U14/><E74/><V89/><F89/><W91/><G91/><T9/><D9/><U49/><E49/><V82/><F82/><W63/><G63/><T84/><D84/><U92/><E92/><V100/><F100/><W19/><G19/><T20/><D11/><U130/><E130/><V69/><F69/><W55/><G55/><N who="0" m="21067" /><D67/><U13/><REACH who="1" step="1"/><E16/><REACH who="1" ten="250,279,211,250" step="2"/><V57/><F119/><W87/><G87/><T60/><D17/><U36/><E36/><V129/><F117/><W22/><G51/><N who="0" m="27063" /><D60/><U106/><E106/><V58/><F129/><W37/><G48/><T35/><D68/><AGARI ba="0,1" hai="13,14,64,66,68,70,93,95,96,97,101,103,124,126" machi="68" ten="25,4800,0" yaku="1,1,22,2,53,0" doraHai="33" doraHaiUra="29" who="1" fromWho="0" sc="250,-48,279,58,211,0,250,0" /><INIT seed="1,1,0,2,3,3" ten="202,337,211,250" oya="1" hai0="116,19,49,133,38,86,80,125,8,63,92,30,47" hai1="28,131,71,51,102,82,26,106,36,95,126,42,127" hai2="123,122,18,73,72,68,78,132,62,117,59,67,121" hai3="16,15,2,0,12,91,114,108,9,112,21,135,60"/><U33/><E71/><V104/><F117/><W97/><G60/><T4/><D116/><U29/><E131/><V83/><F132/><W37/><G37/><T115/><D115/><U76/><E36/><V39/><F39/><W94/><G135/><T100/><D125/><U79/><E106/><V45/><F104/><W111/><G91/><T84/><D133/><U13/><E29/><V55/><F18/><N who="3" m="10463" /><G94/><T61/><D38/><U120/><E120/><V17/><F17/><W35/><G35/><T77/><D30/><U1/><E1/><N who="3" m="618" /><G97/><N who="0" m="59431" /><D19/><U41/><E102/><V25/><F25/><W89/><G89/><T53/><D84/><U20/><E95/><V69/><F73/><W32/><G32/><T34/><D34/><U87/><E76/><V113/><F113/><AGARI ba="1,0" hai="9,12,16,108,111,112,113,114" m="618,10463" machi="113" ten="30,3900,0" yaku="34,2,54,1" doraHai="3" who="3" fromWho="2" sc="202,0,337,0,211,-42,250,42" /><INIT seed="2,0,0,3,4,56" ten="202,337,169,292" oya="2" hai0="127,118,104,112,126,6,64,5,17,37,4,21,78" hai1="29,103,55,62,113,66,7,125,33,77,134,122,135" hai2="25,107,101,110,88,97,133,129,98,128,76,14,54" hai3="100,130,38,91,73,1,23,43,82,102,105,51,85"/><V46/><F25/><W45/><G130/><N who="2" m="50281" /><F14/><W121/><G121/><T108/><D108/><U95/><E113/><V58/><F46/><W75/><G1/><T93/><D112/><U36/><E36/><V114/><F114/><W41/><G23/><T22/><D104/><U48/><E29/><V70/><F70/><W39/><G43/><T59/><D118/><U115/><E33/><V117/><F76/><W47/><G45/><T61/><D37/><U30/><E122/><V123/><F123/><W52/><G41/><T68/><D78/><U12/><E30/><V49/><F117/><W81/><G39/><T11/><D68/><U119/><E77/><V44/><F133/><W74/><G38/><T111/><D111/><U109/><E109/><V94/><F110/><W124/><G82/><T31/><D93/><U9/><E115/><V83/><F83/><W72/><G105/><T84/><D84/><U13/><E13/><V116/><F116/><W60/><G75/><T67/><D67/><U96/><E119/><V42/><F58/><W80/><G81/><T69/><D69/><U3/><E3/><V16/><F16/><W65/><REACH who="3" step="1"/><G124/><REACH who="3" ten="202,337,169,282" step="2"/><N who="0" m="47659" /><D31/><U32/><E125/><V20/><F20/><N who="0" m="7786" /><D17/><U87/><E32/><V99/><F42/><W86/><G86/><AGARI ba="0,1" hai="44,49,54,86,88,94,97,98,99,101,107" m="50281" machi="86" ten="30,2900,0" yaku="19,1,54,1" doraHai="56" who="2" fromWho="3" sc="202,0,337,0,169,39,282,-29" /><INIT seed="2,1,0,2,0,51" ten="202,337,208,253" oya="2" hai0="10,124,34,61,46,44,41,22,6,67,119,33,1" hai1="59,128,45,13,98,12,82,48,121,8,11,74,36" hai2="100,111,103,64,29,132,73,0,32,5,90,76,102" hai3="130,4,116,117,127,9,104,62,133,81,93,14,69"/><V18/><F132/><W107/><G133/><T83/><D124/><U43/><E128/><V26/><F111/><W56/><G127/><T89/><D119/><U16/><E121/><V101/><F64/><W50/><G130/><T86/><D22/><U23/><E98/><V85/><N who="2" m="25600" /><DORA hai="131" /><V15/><F73/><W114/><G114/><T80/><D80/><U7/><E36/><V77/><F5/><W72/><G69/><T106/><D106/><U108/><E108/><V68/><F0/><W122/><G122/><T96/><D96/><U71/><E71/><V84/><F68/><W125/><G125/><T20/><D20/><U37/><E37/><V66/><F66/><W75/><G50/><T35/><REACH who="0" step="1"/><D41/><REACH who="0" ten="192,337,208,253" step="2"/><U118/><E23/><V120/><F120/><W91/><G107/><T31/><D31/><U88/><E43/><V17/><F29/><W113/><G104/><T110/><D110/><U40/><E82/><V115/><F115/><W24/><G113/><T112/><D112/><U134/><E40/><V52/><F32/><W27/><G116/><T129/><D129/><U105/><E105/><V38/><F77/><N who="3" m="44199" /><G117/><T95/><D95/><U65/><E118/><V97/><F76/><W47/><G75/><T109/><D109/><U58/><E74/><V21/><F97/><W42/><G93/><T2/><D2/><U126/><E126/><V28/><F28/><W53/><G91/><T19/><D19/><U39/><E88/><V49/><F90/><W99/><G99/><T3/><D3/><U30/><E134/><V57/><F38/><N who="3" m="21975" /><G4/><T79/><D79/><RYUUKYOKU ba="1,1" sc="192,10,337,-30,208,10,253,10" hai0="1,6,10,33,34,35,44,46,61,67,83,86,89" hai2="15,17,18,21,26,49,52,57,84,85" hai3="9,14,24,27,53,56,62" /><INIT seed="2,2,1,4,2,126" ten="202,307,218,263" oya="2" hai0="27,81,130,20,74,57,117,31,106,77,1,116,49" hai1="14,54,118,63,95,122,10,34,12,30,9,26,96" hai2="25,93,56,62,88,70,44,134,23,125,80,24,128" hai3="101,109,55,84,83,85,52,13,108,35,41,107,79"/><V8/><F125/><W21/><G35/><T60/><D106/><U86/><E118/><N who="0" m="45673" /><D1/><U120/><E122/><V37/><F70/><W51/><G85/><T103/><D103/><U45/><E120/><V58/><F134/><W91/><G107/><T76/><D77/><U121/><E121/><V36/><F80/><W3/><G101/><T94/><D94/><U132/><E86/><V124/><F124/><W11/><G3/><T111/><D111/><N who="3" m="42569" /><G91/><T67/><D49/><U19/><E132/><V102/><F102/><W82/><G21/><T16/><D130/><U7/><E95/><V53/><F128/><W47/><G83/><T33/><D33/><U92/><E45/><V65/><F8/><W97/><G97/><T59/><D57/><U89/><E63/><V105/><F105/><W127/><G127/><T40/><D40/><U15/><E54/><V114/><F53/><W78/><G78/><T72/><D31/><U104/><E104/><V32/><F32/><W123/><G123/><T66/><D67/><U43/><E43/><V90/><F65/><W73/><G73/><AGARI ba="2,1" hai="16,20,27,59,60,66,72,73,74,76,81" m="45673" machi="73" ten="30,2000,0" yaku="12,1,54,1" doraHai="126" who="0" fromWho="3" sc="202,36,307,0,218,0,263,-26" /><INIT seed="3,0,0,2,0,124" ten="238,307,218,237" oya="3" hai0="135,56,24,121,49,28,36,130,67,69,81,72,95" hai1="33,59,43,125,53,9,6,23,65,55,18,104,2" hai2="115,22,88,123,7,106,13,93,96,103,75,128,11" hai3="78,35,62,134,110,112,68,0,90,47,34,98,79"/><W109/><G0/><T108/><D130/><U66/><E33/><N who="3" m="12298" /><G47/><T10/><D108/><N who="3" m="41577" /><G112/><T26/><D135/><U94/><E104/><V20/><F115/><W99/><G134/><T19/><D121/><U71/><E71/><V105/><F123/><W133/><G133/><T12/><D69/><U111/><E125/><V54/><F128/><W41/><G41/><T27/><D36/><U25/><E111/><V42/><F42/><W127/><G127/><T30/><D95/><U131/><E131/><V38/><F38/><W45/><G45/><T113/><D113/><U37/><E43/><V46/><F75/><W50/><G50/><T17/><D17/><U16/><E53/><V84/><F106/><W116/><G116/><T57/><D49/><U114/><E37/><V126/><F126/><W32/><N who="3" m="12306" /><W70/><DORA hai="132" /><G70/><T117/><D117/><U8/><E94/><N who="2" m="54535" /><F105/><W14/><G14/><T87/><D72/><U102/><E114/><V3/><F3/><W63/><G68/><T101/><D101/><U52/><E102/><V118/><F118/><W119/><G119/><T31/><REACH who="0" step="1"/><D67/><REACH who="0" ten="228,307,218,237" step="2"/><U44/><E66/><V92/><F92/><N who="3" m="56599" /><G99/><T51/><D51/><AGARI ba="0,1" hai="7,11,13,20,22,46,51,54,93,96,103" m="54535" machi="51" ten="30,2000,0" yaku="8,1,54,1" doraHai="124,132" who="2" fromWho="0" sc="228,-20,307,0,218,30,237,0" owari="208,-29.2,307,40.7,248,4.8,237,-16.3" /></mjloggm>