<mjloggm ver="2.3"><GO type="225" lobby="0"/><UN n0="%4B%69%74%61%6D%75%72%61" n1="%E3%81%86%E3%83%BC%E3%81%B1%E3%83%BC" n2="%E5%AE%AE%E4%BF%9D%E9%B6%8F%E8%82%89" n3="%E7%89%B9%E6%9D%B1%E3%81%AF%E4%B8%96%E7%95%8C%E3%82%92%E6%95%91%E3%81%86" dan="18,17,16,16" rate="2204.90,2152.43,2163.63,2107.54" sx="F,M,M,M"/><TAIKYOKU oya="0"/><INIT seed="0,0,0,2,3,20" ten="250,250,250,250" oya="0" hai0="101,116,114,16,22,68,124,28,33,41,93,78,1" hai1="92,37,99,58,24,40,60,123,84,122,95,36,42" hai2="79,18,31,62,34,110,47,121,89,107,113,3,90" hai3="5,98,100,80,104,25,2,38,117,17,67,75,119"/><T19/><D114/><U30/><E37/><V4/><F121/><W65/><G17/><T70/><D116/><U56/><E36/><V10/><F113/><W133/><G65/><T132/><D1/><U126/><E126/><V69/><F110/><W15/><G15/><T106/><D106/><U115/><E115/><V83/><F107/><W29/><G67/><T96/><D124/><U73/><E73/><V130/><F130/><W131/><G133/><T94/><D132/><U13/><E13/><V112/><F112/><W14/><G14/><T111/><D41/><U59/><E60/><V46/><F18/><W6/><G38/><T57/><D111/><U54/><E54/><V66/><F47/><W77/><G6/><T53/><D78/><U129/><E129/><V128/><F46/><W102/><G102/><T134/><D134/><U43/><E84/><V127/><F128/><W39/><G39/><T76/><D76/><U35/><REACH who="1" step="1"/><E95/><REACH who="1" ten="250,240,250,250" step="2"/><V109/><F127/><W91/><G131/><T23/><D94/><U86/><E86/><V11/><F109/><W26/><G119/><T61/><D70/><U55/><E55/><V12/><F12/><W125/><G117/><T72/><D72/><U118/><E118/><V32/><F10/><N who="3" m="2359" /><G125/><T9/><D68/><U135/><E135/><V105/><F105/><W49/><G104/><T52/><D53/><U21/><E21/><N who="0" m="7689" /><D9/><U103/><AGARI ba="0,1" hai="24,30,35,40,42,43,56,58,59,92,99,103,122,123" machi="103" ten="30,4000,0" yaku="1,1,0,1,52,1,53,0" doraHai="20" doraHaiUra="74" who="1" fromWho="1" sc="250,-20,240,50,250,-10,250,-10" /><INIT seed="1,0,0,1,2,36" ten="230,290,240,240" oya="1" hai0="110,100,123,32,11,47,0,60,63,134,126,38,115" hai1="84,29,42,66,64,132,27,53,119,118,131,72,62" hai2="114,58,71,98,39,103,125,73,89,97,76,85,54" hai3="14,112,31,77,70,5,90,55,23,52,61,41,107"/><U93/><E72/><V49/><F39/><W104/><G112/><T19/><D115/><U91/><E132/><V74/><F71/><W106/><G77/><T4/><D134/><U21/><E131/><V80/><F114/><W9/><G41/><T95/><D32/><U33/><E33/><V18/><F125/><W122/><G122/><T79/><D126/><U109/><E109/><V2/><F2/><W13/><G90/><T99/><D110/><U30/><E30/><V92/><REACH who="2" step="1"/><F18/><REACH who="2" ten="230,290,230,240" step="2"/><W34/><G70/><T15/><D123/><U8/><E119/><V135/><F135/><W75/><G31/><T69/><D69/><U130/><E118/><V12/><F12/><W121/><G121/><T37/><D37/><U45/><E130/><V22/><F22/><W67/><G34/><T17/><D17/><U108/><E108/><V20/><F20/><W117/><G117/><T88/><D19/><U86/><E8/><V133/><F133/><W24/><G13/><T7/><D0/><U44/><E21/><V56/><F56/><W105/><G23/><T120/><D120/><U124/><E124/><V111/><F111/><W101/><G14/><T28/><D28/><U65/><E29/><V51/><F51/><W116/><G116/><T46/><D38/><N who="1" m="21591" /><E27/><V87/><F87/><W94/><G24/><T83/><D11/><U35/><E35/><V127/><F127/><W113/><G113/><T40/><D15/><U3/><E3/><V10/><F10/><W96/><G9/><T57/><D57/><N who="1" m="35119" /><E84/><V1/><F1/><W50/><N who="3" m="26624" /><DORA hai="129" /><W78/><G5/><RYUUKYOKU ba="0,1" sc="230,-15,290,15,230,15,240,-15" hai1="45,64,65,66,86,91,93" hai2="49,54,58,73,74,76,80,85,89,92,97,98,103" /><INIT seed="1,1,1,3,3,111" ten="215,305,245,225" oya="1" hai0="72,91,15,34,61,60,42,56,18,1,23,113,49" hai1="52,97,68,41,55,8,96,114,69,118,51,63,109" hai2="11,27,110,128,58,98,57,26,48,25,44,76,28" hai3="119,79,127,40,102,86,66,90,105,124,30,92,120"/><U64/><E118/><V5/><F110/><W7/><G120/><T54/><D72/><U108/><E41/><V101/><F128/><W131/><G131/><T112/><D34/><U29/><E29/><V65/><F76/><W31/><G119/><T32/><D32/><U3/><E114/><V70/><F70/><W129/><G129/><T134/><D1/><U43/><E43/><V2/><F28/><W71/><G7/><T132/><D91/><U19/><E3/><V33/><F33/><W37/><G79/><T100/><D100/><U38/><E38/><V121/><F65/><W39/><G105/><T122/><D122/><U107/><E68/><V116/><F116/><W80/><G66/><T12/><D12/><U22/><E55/><V87/><F87/><W47/><G37/><T133/><D42/><U74/><E8/><V85/><F85/><W20/><G71/><T35/><D35/><U6/><E97/><V14/><F2/><W89/><G102/><T62/><AGARI ba="1,1" hai="15,18,23,49,54,56,60,61,62,112,113,132,133,134" machi="62" ten="40,8000,1" yaku="0,1,20,1,52,2" doraHai="111" who="0" fromWho="0" sc="215,93,305,-41,245,-21,225,-21" /><INIT seed="2,0,0,5,5,132" ten="308,264,224,204" oya="2" hai0="70,121,16,20,96,88,122,102,1,93,30,100,47" hai1="109,25,22,114,41,107,45,103,54,126,68,31,65" hai2="112,10,46,29,62,84,98,61,34,5,17,127,101" hai3="49,76,87,79,104,99,113,9,116,0,7,67,82"/><V81/><F112/><W105/><G116/><T86/><D1/><U12/><E114/><V89/><F127/><W108/><G113/><T37/><D70/><U78/><E109/><V44/><F17/><W73/><G108/><T3/><D3/><U94/><E107/><V91/><F91/><W120/><G120/><T6/><D6/><U123/><E123/><V24/><F46/><W23/><G67/><T92/><D30/><U58/><E78/><V33/><F33/><W115/><G115/><T48/><D102/><U74/><E74/><V80/><F81/><W55/><G79/><T128/><D37/><U85/><E12/><V59/><F44/><W11/><G11/><T14/><D128/><U13/><E13/><V15/><REACH who="2" step="1"/><F59/><REACH who="2" ten="308,264,214,204" step="2"/><W50/><G82/><T8/><D20/><U130/><E126/><V2/><F2/><W124/><G23/><T57/><D57/><U117/><E117/><V125/><F125/><W28/><G124/><T40/><AGARI ba="0,1" hai="8,14,16,40,47,48,86,88,92,93,96,100,121,122" machi="40" ten="20,5200,0" yaku="0,1,7,1,54,2" doraHai="132" who="0" fromWho="0" sc="308,62,264,-13,214,-26,204,-13" /><INIT seed="3,0,0,5,1,96" ten="370,251,188,191" oya="3" hai0="85,119,73,122,98,115,114,14,44,80,128,11,3" hai1="101,60,33,13,23,84,4,27,91,47,59,87,9" hai2="72,75,81,5,129,0,133,121,120,39,62,82,26" hai3="89,124,58,67,110,30,105,15,103,130,45,34,68"/><W43/><G58/><T19/><D119/><U2/><E101/><V127/><F127/><W40/><G124/><T131/><D122/><N who="2" m="47210" /><F133/><W102/><G105/><T126/><D126/><U134/><E134/><V118/><F129/><N who="0" m="49738" /><D73/><N who="2" m="28234" /><F118/><W35/><G40/><T86/><D3/><U106/><E106/><V56/><F39/><W18/><G130/><T50/><D98/><U32/><E47/><V123/><N who="2" m="47218" /><V99/><DORA hai="54" /><F99/><W31/><G68/><T22/><D11/><U100/><E100/><N who="3" m="38442" /><G67/><T46/><D86/><U65/><E84/><V83/><F26/><W66/><G66/><T112/><D50/><U16/><E2/><V52/><F0/><W42/><G35/><T29/><D29/><N who="3" m="10761" /><G34/><T25/><D25/><U37/><E37/><V95/><F5/><W117/><G117/><T135/><D135/><U74/><E74/><V107/><F107/><W69/><G69/><T94/><D115/><U10/><E10/><V78/><F95/><AGARI ba="0,0" hai="4,9,13,16,23,27,32,33,59,60,65,87,91,95" machi="95" ten="30,3900,0" yaku="7,1,52,1,54,1" doraHai="96,54" who="1" fromWho="2" sc="370,0,251,39,188,-39,191,0" owari="370,47.0,290,9.0,149,-35.1,191,-20.9" /></mjloggm>