<mjloggm ver="2.3"><GO type="225" lobby="0"/><UN n0="%E3%81%8B%E3%82%8F%E3%81%A1%E3%82%83%E3%82%93%35%38" n1="%E6%9D%B1%E9%A2%A8%E3%81%AE%E3%81%8D%E3%82%83%E3%81%B7%E3%81%95%E3%82%93" n2="%77%72%77%72%77%72%77%72" n3="%E8%B6%85%E7%B4%9A%E9%B3%B3%E5%87%B0" dan="16,16,16,16" rate="2144.45,2131.92,2201.21,2117.93" sx="M,M,M,M"/><TAIKYOKU oya="0"/><INIT seed="0,0,0,2,0,15" ten="250,250,250,250" oya="0" hai0="103,81,22,14,97,17,1,113,63,62,133,100,35" hai1="128,112,107,38,50,61,18,86,42,54,21,120,2" hai2="67,134,65,5,93,68,85,69,40,129,4,127,73" hai3="56,135,8,27,122,116,31,43,79,71,105,11,119"/><T123/><D113/><U44/><E128/><V39/><F73/><W131/><G71/><T45/><D123/><U47/><E107/><V24/><F129/><W3/><G131/><T29/><D133/><U64/><E120/><V72/><F72/><W19/><G122/><T126/><D126/><U60/><E2/><V37/><F127/><W82/><G105/><T57/><D1/><U117/><E112/><V46/><F134/><W75/><G135/><T91/><D35/><U96/><E96/><V28/><F37/><W13/><G43/><T6/><D62/><U89/><E64/><V52/><F69/><W51/><G51/><T106/><D106/><U0/><E0/><V110/><F110/><W25/><G56/><T59/><D59/><U102/><E102/><V9/><F68/><W10/><G27/><N who="0" m="16631" /><D6/><U7/><E7/><V80/><F93/><W115/><G115/><T49/><D91/><U36/><E36/><V70/><F70/><W111/><G111/><T16/><D81/><U84/><E117/><V77/><F4/><W30/><G30/><T78/><D78/><U66/><E66/><V125/><F125/><W114/><G114/><T124/><D124/><U41/><E89/><V90/><F90/><W74/><G3/><T48/><D45/><U109/><E109/><V33/><F67/><W99/><G75/><T76/><D76/><U108/><E108/><V83/><F65/><W92/><G119/><T132/><D132/><U121/><E121/><V20/><F80/><W104/><G116/><T130/><D130/><U101/><E101/><N who="0" m="38985" /><D97/><U118/><E118/><RYUUKYOKU ba="0,0" sc="250,0,250,0,250,0,250,0" /><INIT seed="1,1,0,0,0,28" ten="250,250,250,250" oya="1" hai0="3,74,37,77,42,27,53,33,34,9,120,14,57" hai1="129,122,103,80,105,110,26,1,20,81,60,73,89" hai2="104,97,24,134,112,94,52,59,99,75,36,109,126" hai3="5,98,119,78,124,107,45,88,76,43,86,114,54"/><U44/><E1/><V96/><F104/><W71/><G114/><T2/><D57/><U0/><E122/><V121/><F121/><W31/><G71/><T102/><D53/><U82/><E0/><N who="0" m="41" /><D77/><U58/><E129/><V39/><F112/><W22/><G124/><T13/><D42/><U83/><E110/><V23/><F75/><W64/><G119/><T90/><D90/><U35/><E35/><N who="0" m="13321" /><D37/><U46/><E105/><V4/><F134/><W65/><G54/><T84/><D84/><N who="1" m="50311" /><E103/><V130/><F4/><W72/><G72/><T32/><D74/><U113/><E113/><V51/><F130/><W68/><G68/><T25/><D102/><U41/><E41/><V17/><F109/><W108/><G108/><T38/><D38/><U6/><E6/><V111/><F111/><W21/><G43/><T125/><D120/><U29/><E73/><V79/><F126/><W69/><G86/><T8/><D125/><U10/><E10/><N who="0" m="4201" /><D32/><U101/><E101/><V56/><F79/><W55/><G76/><T115/><D115/><U91/><E91/><N who="2" m="55391" /><F39/><W132/><G78/><T135/><D135/><U62/><E62/><V116/><F36/><W95/><G132/><T128/><D128/><U100/><E100/><V30/><F116/><W67/><G107/><T133/><D133/><U66/><AGARI ba="1,0" hai="20,26,29,44,46,58,60,66,81,82,83" m="50311" machi="66" ten="30,1500,0" yaku="8,1" doraHai="28" who="1" fromWho="1" sc="250,-6,250,18,250,-6,250,-6" /><INIT seed="1,2,0,4,3,82" ten="244,268,244,244" oya="1" hai0="58,134,63,54,125,27,47,53,102,107,90,10,72" hai1="68,80,135,14,40,81,130,126,117,78,44,8,131" hai2="51,37,91,115,30,124,110,106,93,59,69,62,66" hai3="88,75,84,87,96,83,100,20,35,31,7,121,112"/><U48/><E68/><V94/><F37/><W116/><G121/><T45/><D72/><U86/><E117/><V64/><F106/><W55/><G112/><T132/><D125/><U114/><E114/><V3/><F115/><W108/><G116/><T129/><D102/><U46/><E126/><V65/><F124/><W70/><G70/><T128/><D107/><U104/><E104/><V123/><F123/><W38/><G38/><T105/><D105/><U98/><E98/><V34/><F3/><W127/><G127/><T79/><D79/><U29/><E29/><V77/><F77/><W23/><G108/><T103/><D103/><U19/><E135/><N who="0" m="51753" /><D27/><U18/><E81/><V97/><F110/><W119/><G119/><T111/><D111/><U50/><REACH who="1" step="1"/><E18/><REACH who="1" ten="244,258,244,244" step="2"/><V85/><F30/><W122/><G31/><T25/><D129/><U21/><E21/><V99/><F34/><W39/><G20/><T0/><D128/><U76/><E76/><V33/><F33/><W5/><G23/><T73/><D10/><U22/><E22/><V118/><F118/><W24/><G35/><T43/><D25/><U101/><E101/><N who="2" m="60591" /><F99/><W42/><G24/><T9/><D9/><U32/><E32/><V4/><F69/><W16/><G100/><T49/><D90/><U13/><E13/><V109/><F109/><W92/><G122/><T113/><D113/><U56/><E56/><V74/><F74/><W89/><G75/><T12/><D73/><U61/><E61/><V28/><F28/><W2/><G89/><T15/><D0/><U95/><E95/><V17/><F94/><RYUUKYOKU ba="2,1" sc="244,15,258,15,244,-15,244,-15" hai0="12,15,43,45,47,49,53,54,58,63" hai1="8,14,19,40,44,46,48,50,78,80,86,130,131" /><INIT seed="1,3,1,2,1,1" ten="259,273,229,229" oya="1" hai0="23,128,114,33,106,70,122,110,132,10,47,92,101" hai1="32,111,72,76,86,64,90,135,107,40,6,126,91" hai2="78,34,7,116,46,82,74,51,119,56,131,12,100" hai3="127,3,31,61,129,123,45,54,102,25,36,50,11"/><U38/><E32/><V48/><F34/><W118/><G123/><T117/><RYUUKYOKU type="yao9" ba="3,1" sc="259,0,273,0,229,0,229,0" hai0="10,23,33,47,70,92,101,106,110,114,117,122,128,132" /><INIT seed="1,4,1,2,3,9" ten="259,273,229,229" oya="1" hai0="85,25,78,114,86,2,38,123,130,37,26,28,108" hai1="95,83,89,111,70,79,105,113,19,41,55,106,44" hai2="11,128,46,115,63,107,94,59,32,49,67,6,42" hai3="72,30,22,64,121,3,91,14,100,36,60,31,120"/><U102/><E70/><V13/><F128/><W27/><G3/><T34/><D2/><U93/><E113/><V97/><F115/><W84/><G72/><T23/><D114/><U21/><E111/><V69/><F32/><W135/><G36/><T129/><D108/><U110/><E55/><V50/><F107/><W125/><G125/><T58/><D58/><U98/><E110/><V75/><F75/><W15/><G135/><T87/><D78/><U54/><E54/><V47/><F69/><W131/><G131/><N who="0" m="50187" /><D123/><U82/><E106/><V48/><REACH who="2" step="1"/><F47/><REACH who="2" ten="259,273,219,229" step="2"/><W10/><G121/><T62/><D62/><U101/><E105/><V17/><F17/><AGARI ba="4,2" hai="17,23,25,26,28,34,37,38,85,86,87" m="50187" machi="17" ten="30,1000,0" yaku="19,1" doraHai="9" who="0" fromWho="2" sc="259,42,273,0,219,-22,229,0" /><INIT seed="2,0,0,0,4,58" ten="301,273,197,229" oya="2" hai0="102,134,1,113,11,21,105,130,73,10,123,56,76" hai1="39,132,35,51,82,120,124,9,95,104,44,52,116" hai2="19,100,6,68,47,128,94,93,115,32,79,54,96" hai3="122,38,53,112,72,80,5,60,107,59,12,89,121"/><V40/><F115/><W63/><G38/><T16/><D105/><U84/><E35/><V126/><F32/><W45/><G107/><T30/><D102/><U90/><E104/><V0/><F68/><W29/><G112/><T97/><D73/><U69/><E132/><V42/><F128/><W17/><G29/><T81/><D76/><U74/><E124/><V37/><F126/><W41/><G5/><T65/><D81/><U106/><E106/><V129/><F129/><W18/><G18/><T33/><D97/><U7/><E69/><V27/><F79/><W25/><G25/><T22/><D56/><U127/><E127/><V57/><F40/><W88/><G72/><T50/><D50/><U119/><E120/><V64/><F64/><W23/><G121/><T14/><D65/><U91/><E39/><V133/><F133/><W36/><G122/><T85/><D85/><U75/><E75/><V99/><F6/><W13/><G80/><T125/><D123/><U49/><E49/><V103/><F0/><W101/><G101/><T111/><D125/><U83/><E74/><V31/><F19/><W46/><G46/><T43/><D134/><U3/><REACH who="1" step="1"/><E82/><REACH who="1" ten="301,263,197,229" step="2"/><V78/><F78/><W114/><G114/><T135/><D135/><U118/><E118/><V92/><F92/><W87/><G36/><T71/><D113/><U108/><E108/><V109/><F109/><W86/><G41/><T34/><D43/><U131/><E131/><V28/><F27/><W110/><G110/><T20/><D111/><U4/><E4/><V26/><F26/><W117/><G117/><RYUUKYOKU ba="0,1" sc="301,-15,263,15,197,15,229,-15" hai1="3,7,9,44,51,52,83,84,90,91,95,116,119" hai2="28,31,37,42,47,54,57,93,94,96,99,100,103" /><INIT seed="2,1,1,4,5,22" ten="286,278,212,214" oya="2" hai0="10,92,99,8,15,84,16,122,111,58,135,51,113" hai1="98,93,97,18,39,52,61,4,50,125,44,56,37" hai2="32,94,76,71,64,115,54,82,23,67,27,9,105" hai3="65,57,77,107,28,38,45,13,117,42,2,35,40"/><V79/><F115/><W126/><G117/><T114/><D122/><U72/><E72/><V123/><F105/><W12/><G107/><T48/><D114/><U74/><E74/><V100/><F123/><W129/><G2/><T75/><D75/><U102/><E125/><V131/><F32/><W85/><G126/><T134/><D113/><U60/><E4/><V34/><F34/><W62/><G129/><T0/><D111/><U110/><E110/><V127/><F131/><W109/><G109/><T95/><D84/><U86/><E86/><N who="2" m="48455" /><F79/><W6/><G6/><N who="0" m="1095" /><D58/><U21/><E98/><N who="2" m="59479" /><F71/><W26/><REACH who="3" step="1"/><G42/><REACH who="3" ten="286,278,212,204" step="2"/><T55/><D135/><U118/><E118/><V66/><F127/><W132/><G132/><T112/><D134/><U89/><E102/><V11/><F54/><W24/><G24/><T47/><D55/><N who="1" m="33823" /><E61/><V121/><F121/><W81/><AGARI ba="1,2" hai="12,13,26,28,35,38,40,45,57,62,65,77,81,85" machi="81" ten="30,4000,0" yaku="1,1,0,1,52,1,53,0" doraHai="22" doraHaiUra="106" who="3" fromWho="3" sc="286,-11,278,-11,212,-21,204,63" /><INIT seed="3,0,0,5,2,53" ten="275,267,191,267" oya="3" hai0="100,25,20,122,71,39,124,23,67,82,11,121,75" hai1="99,22,92,83,78,45,77,58,6,35,65,50,129" hai2="4,51,49,68,31,62,3,101,55,132,57,107,36" hai3="89,133,131,98,91,115,90,32,74,61,135,80,69"/><W130/><G115/><T117/><D39/><U123/><E35/><V104/><F36/><W111/><G32/><T48/><D117/><U41/><E129/><N who="3" m="49162" /><G69/><T93/><D11/><U59/><E123/><V19/><F132/><N who="3" m="50763" /><G61/><T73/><D71/><U47/><E47/><V103/><F31/><W85/><G111/><T60/><D60/><U116/><E116/><V106/><F68/><W9/><G9/><T126/><D122/><U13/><E65/><V118/><F118/><W86/><G98/><T29/><D121/><U70/><E70/><V1/><F4/><W18/><G18/><T27/><D29/><U128/><E128/><V54/><F19/><W94/><G74/><T119/><D119/><U88/><E78/><AGARI ba="0,0" hai="78,80,85,86,89,90,91,94" m="50763,49162" machi="78" ten="30,11600,0" yaku="19,1,20,1,34,2" doraHai="53" who="3" fromWho="1" sc="275,0,267,-116,191,0,267,116" owari="275,7.5,151,-34.9,191,-20.9,383,48.3" /></mjloggm>