<mjloggm ver="2.3"><GO type="225" lobby="0"/><UN n0="%E3%83%97%E3%83%AC%E3%83%B4%E3%82%A1%E3%83%86%E3%82%A3" n1="%E5%B0%8F%E9%B3%A5%E9%81%8A%E7%B7%B4%E7%84%A1%32%31%E6%AD%B3" n2="%77%72%77%72%77%72%77%72" n3="%6D%75%75%6D%75%72%61" dan="16,16,16,16" rate="2138.21,2179.79,2170.47,2137.18" sx="F,F,M,F"/><TAIKYOKU oya="0"/><INIT seed="0,0,0,2,2,47" ten="250,250,250,250" oya="0" hai0="69,45,89,12,76,27,134,71,26,79,107,111,133" hai1="23,73,55,109,9,31,86,104,125,1,70,90,43" hai2="4,51,21,39,64,30,41,130,120,122,17,36,67" hai3="115,63,78,52,25,129,85,60,3,54,95,113,98"/><T135/><D107/><U116/><E73/><V15/><F4/><W121/><G3/><T93/><D12/><U22/><E116/><V62/><F130/><W42/><G129/><T68/><D45/><U75/><E70/><V106/><F106/><W72/><G72/><T103/><D103/><U131/><E75/><V88/><F30/><W11/><G42/><T127/><D127/><U87/><E125/><V84/><F39/><W44/><G115/><T13/><D13/><U112/><E109/><V101/><F36/><W58/><G11/><T117/><D117/><U49/><E43/><V16/><F101/><W8/><G8/><T10/><D10/><U2/><E131/><V46/><F17/><W77/><G85/><T119/><D119/><U108/><E86/><V0/><F0/><W96/><G25/><T57/><D57/><U5/><E1/><V94/><REACH who="2" step="1"/><F67/><REACH who="2" ten="250,250,240,250" step="2"/><W50/><G113/><T80/><D111/><U19/><E108/><V53/><F53/><W20/><G54/><T18/><D18/><U97/><E112/><V32/><F32/><W66/><G66/><T59/><D26/><U83/><E31/><V92/><F92/><W38/><G38/><T61/><D27/><U40/><E19/><V82/><F82/><W132/><G95/><T24/><D24/><U35/><E35/><V7/><F7/><W34/><G34/><T105/><D105/><U29/><E29/><V102/><F102/><W6/><G6/><T65/><D80/><U33/><E33/><V81/><F81/><W100/><G100/><T91/><D93/><U48/><E55/><RYUUKYOKU ba="0,1" sc="250,15,250,-15,240,15,250,-15" hai0="59,61,65,68,69,71,76,79,89,91,133,134,135" hai2="15,16,21,41,46,51,62,64,84,88,94,120,122" /><INIT seed="0,1,1,4,5,100" ten="265,235,255,235" oya="0" hai0="65,26,33,76,57,75,78,52,29,98,88,27,0" hai1="107,20,81,112,99,4,85,80,126,36,105,56,66" hai2="121,93,7,111,18,30,17,8,35,77,110,113,82" hai3="47,122,43,60,58,53,94,15,40,133,131,130,63"/><T97/><D0/><U86/><E36/><V117/><F113/><W74/><G74/><T128/><D128/><N who="3" m="49193" /><G94/><N who="0" m="56519" /><D75/><U115/><E4/><V14/><F121/><W48/><G15/><T13/><D33/><U44/><E44/><V41/><F117/><W19/><G19/><T3/><D3/><U127/><E20/><V31/><F93/><W73/><G73/><T103/><D65/><U134/><E56/><V34/><F41/><N who="3" m="15947" /><G133/><T37/><D37/><U5/><E5/><V38/><F38/><W104/><G104/><N who="1" m="40010" /><E66/><V92/><F92/><W68/><G122/><T108/><D108/><N who="2" m="41514" /><F77/><N who="0" m="29802" /><D29/><N who="2" m="10762" /><F82/><N who="1" m="31849" /><E134/><V51/><F51/><N who="3" m="31039" /><G68/><T9/><D98/><U25/><E99/><V61/><F61/><W124/><G124/><N who="1" m="47658" /><E25/><V21/><F18/><W125/><G125/><T119/><D103/><U109/><E109/><V24/><AGARI ba="1,1" hai="7,8,14,17,21,24,34,35" m="10762,41514" machi="24" ten="30,4000,0" yaku="14,1,34,2" doraHai="100" who="2" fromWho="2" sc="265,-21,235,-11,255,53,235,-11" /><INIT seed="1,0,0,3,4,2" ten="244,224,308,224" oya="1" hai0="56,92,124,135,9,105,44,66,101,93,20,133,38" hai1="129,1,75,78,82,61,26,89,13,3,95,103,30" hai2="108,84,21,47,77,65,79,119,53,88,122,36,51" hai3="49,42,72,74,131,64,117,109,111,115,23,104,55"/><U110/><E129/><V0/><F119/><W27/><G115/><T7/><D124/><U48/><E103/><V98/><F122/><W57/><G131/><T25/><D105/><U116/><E116/><V35/><F35/><W15/><G117/><T31/><D38/><U128/><E128/><V8/><F108/><N who="3" m="41547" /><G104/><T125/><D44/><U134/><E110/><V60/><F36/><W90/><G15/><T12/><D125/><U5/><E134/><N who="0" m="51209" /><D101/><U120/><E120/><V14/><F21/><W123/><G123/><T130/><D130/><U97/><E48/><V112/><F98/><W86/><G42/><T24/><D24/><U6/><E61/><AGARI ba="0,0" hai="7,9,12,20,25,31,56,61,66,92,93" m="51209" machi="61" ten="30,2000,0" yaku="20,1,52,1" doraHai="2" who="0" fromWho="1" sc="244,20,224,-20,308,0,224,0" /><INIT seed="2,0,0,2,5,47" ten="264,204,308,224" oya="2" hai0="38,68,135,0,97,33,120,98,40,11,42,121,27" hai1="4,107,114,101,15,132,79,106,21,44,25,61,52" hai2="8,104,85,66,39,58,88,57,129,86,89,126,87" hai3="130,49,82,3,110,90,127,23,43,72,31,32,20"/><V62/><F104/><W84/><G110/><T111/><D111/><U103/><E114/><V34/><F34/><W41/><G130/><T30/><D68/><U18/><E79/><V28/><F39/><W5/><G32/><T113/><D113/><U35/><E132/><V69/><F129/><W122/><G122/><T117/><D135/><U2/><E107/><V118/><F118/><W109/><G109/><T93/><D117/><U9/><E106/><V45/><F126/><W100/><G127/><T75/><D75/><U83/><E83/><V81/><F28/><W116/><G116/><T108/><D108/><U63/><E63/><V29/><F29/><W37/><G37/><T73/><D73/><U99/><E99/><V6/><F45/><W64/><G100/><T112/><D112/><U125/><E125/><V48/><F48/><W24/><G72/><T95/><D38/><U46/><E46/><V134/><F134/><W16/><G64/><T59/><D121/><U80/><E80/><V36/><F36/><W133/><G133/><T13/><D0/><U96/><E96/><V123/><F123/><W78/><G49/><T115/><D120/><U55/><E44/><V1/><F86/><W10/><REACH who="3" step="1"/><G78/><REACH who="3" ten="264,204,308,214" step="2"/><T102/><D115/><U76/><E76/><V70/><F70/><W65/><G65/><T22/><D33/><U92/><E103/><V94/><AGARI ba="0,1" hai="1,6,8,57,58,62,66,69,81,85,87,88,89,94" machi="94" ten="20,3900,0" yaku="0,1,7,1,54,1" doraHai="47" who="2" fromWho="2" sc="264,-13,204,-13,308,49,214,-13" /><INIT seed="2,1,0,2,5,62" ten="251,191,357,201" oya="2" hai0="11,131,26,134,94,119,18,100,82,0,108,115,38" hai1="71,104,9,59,84,106,35,64,133,95,127,102,90" hai2="109,13,69,6,135,61,39,56,29,45,89,120,103" hai3="87,93,129,2,32,66,130,20,5,85,42,21,60"/><V63/><F120/><W24/><G32/><T97/><D115/><U91/><E71/><V47/><F135/><W46/><G5/><T124/><D134/><U86/><E35/><V19/><F29/><W4/><G4/><T23/><D38/><U96/><E133/><V3/><F39/><W33/><G33/><T74/><D108/><U50/><E9/><V1/><F103/><W41/><G2/><T111/><D111/><U107/><E127/><V25/><F25/><W57/><G21/><T8/><D124/><U52/><REACH who="1" step="1"/><E64/><REACH who="1" ten="251,181,357,201" step="2"/><V55/><F69/><W16/><G129/><T92/><D131/><U58/><E58/><V117/><F56/><W49/><G130/><T77/><D0/><U116/><E116/><V105/><F117/><W54/><G93/><AGARI ba="1,1" hai="50,52,59,84,86,90,91,93,95,96,102,104,106,107" machi="93" ten="30,8000,1" yaku="1,1,7,1,9,1,54,1,53,1" doraHai="62" doraHaiUra="98" who="1" fromWho="3" sc="251,0,181,93,357,0,201,-83" /><INIT seed="3,0,0,3,5,76" ten="251,274,357,118" oya="3" hai0="47,97,125,25,129,55,111,63,83,27,99,56,93" hai1="128,109,102,78,32,62,49,132,3,53,113,87,20" hai2="119,73,5,81,18,13,98,110,77,41,17,54,68" hai3="123,94,11,88,14,105,95,89,74,106,59,51,50"/><W91/><G123/><T134/><D111/><U21/><E32/><V118/><F68/><W58/><G74/><T133/><D125/><U52/><E113/><V92/><F110/><W10/><G91/><T37/><D129/><U12/><E3/><V22/><F5/><W103/><REACH who="3" step="1"/><G14/><REACH who="3" ten="251,274,357,108" step="2"/><T130/><D130/><U90/><E12/><V135/><F73/><W6/><G6/><T39/><D25/><U67/><E90/><V116/><F13/><W35/><G35/><T120/><D27/><U131/><E109/><V28/><F119/><W2/><G2/><T104/><D120/><U75/><E75/><V85/><F118/><W100/><AGARI ba="0,1" hai="10,11,50,51,58,59,88,89,94,95,100,103,105,106" machi="100" ten="25,12000,1" yaku="1,1,0,1,22,2,54,1,53,0" doraHai="76" doraHaiUra="126" who="3" fromWho="3" sc="251,-40,274,-40,357,-40,108,130" /><INIT seed="3,1,0,4,4,102" ten="211,234,317,238" oya="3" hai0="27,120,42,101,130,56,124,98,58,104,95,32,60" hai1="59,73,45,75,55,33,81,111,82,106,51,110,11" hai2="114,108,107,5,35,72,99,67,28,54,93,57,37" hai3="14,8,38,113,13,62,109,112,78,129,84,48,100"/><W122/><G122/><T36/><D120/><U135/><E33/><V63/><F114/><W132/><G38/><T50/><D124/><U23/><E106/><V116/><F72/><N who="1" m="27721" /><E135/><V76/><F116/><W16/><G132/><T97/><D130/><U30/><E11/><V4/><F108/><N who="1" m="41513" /><E45/><V115/><F107/><W74/><G74/><T83/><D36/><U125/><E125/><V49/><F35/><W88/><G78/><T94/><D83/><U46/><E59/><V117/><F57/><W87/><G129/><T25/><D32/><U22/><E30/><V52/><F28/><W21/><G87/><T19/><D58/><U7/><E7/><V85/><F4/><W123/><G100/><T71/><D71/><U64/><E64/><V1/><F5/><W61/><G123/><T80/><D80/><AGARI ba="1,0" hai="22,23,46,51,55,80,81,82" m="41513,27721" machi="80" ten="30,1000,0" yaku="14,1" doraHai="102" who="1" fromWho="0" sc="211,-13,234,13,317,0,238,0" owari="198,-30.2,247,4.7,317,41.7,238,-16.2" /></mjloggm>