<mjloggm ver="2.3"><GO type="225" lobby="0"/><UN n0="%E5%AE%AE%E4%BF%9D%E9%B6%8F%E8%82%89" n1="%E3%81%82%E3%82%86%E3%81%AE%E9%A2%A8" n2="%6D%75%75%73%61%6E%6D%75" n3="%E3%81%A4%E3%81%A3%E3%81%B1%E3%82%8A%E3%83%9D%E3%83%BC%E3%83%AB" dan="16,16,17,17" rate="2134.94,2098.17,2163.00,2241.95" sx="M,M,F,M"/><TAIKYOKU oya="0"/><INIT seed="0,0,0,2,1,67" ten="250,250,250,250" oya="0" hai0="122,120,79,99,30,126,107,44,112,104,65,25,7" hai1="60,20,113,35,53,109,133,5,123,31,97,88,125" hai2="82,100,81,94,131,119,71,101,13,11,10,85,22" hai3="92,1,91,63,23,52,124,38,56,51,77,68,73"/><T102/><D112/><U17/><E123/><V41/><F131/><W9/><G124/><T130/><D126/><U69/><E125/><V29/><F119/><W75/><G38/><T115/><D115/><U128/><E109/><V95/><F71/><W42/><G77/><T87/><D130/><U0/><E133/><V45/><F29/><W111/><G111/><T21/><D107/><U33/><E31/><V78/><F22/><W14/><G1/><T86/><D7/><U96/><E96/><V90/><F82/><W36/><G23/><T70/><D44/><U28/><E28/><V18/><F11/><W46/><G36/><T89/><D79/><U2/><E128/><V26/><F26/><W135/><G68/><T116/><D87/><U49/><E113/><V32/><F94/><W80/><G80/><T59/><D59/><N who="1" m="34927" /><E49/><V6/><F18/><W93/><G135/><T58/><D58/><U76/><E76/><V37/><REACH who="2" step="1"/><F32/><REACH who="2" ten="250,250,240,250" step="2"/><W40/><G93/><T15/><D116/><U48/><E69/><V64/><F64/><N who="3" m="39015" /><G75/><AGARI ba="0,1" hai="6,10,13,37,41,45,75,78,81,85,90,95,100,101" machi="75" ten="30,2000,0" yaku="1,1,7,1,53,0" doraHai="67" doraHaiUra="54" who="2" fromWho="3" sc="250,0,250,0,240,30,250,-20" /><INIT seed="1,0,0,3,4,72" ten="250,250,270,230" oya="1" hai0="113,84,46,130,37,39,76,108,65,129,92,94,16" hai1="21,51,33,8,47,68,23,120,100,60,15,35,67" hai2="123,58,101,1,71,55,89,114,132,50,63,121,32" hai3="105,29,14,95,118,20,110,102,93,5,44,41,7"/><U124/><E120/><V87/><F132/><W54/><G110/><T107/><D108/><U18/><E124/><V97/><F32/><W109/><G109/><T69/><D107/><U2/><E100/><V135/><F1/><W22/><G118/><T34/><D34/><U30/><E23/><V26/><F26/><W13/><G105/><T43/><D39/><U112/><E112/><V106/><F135/><W117/><G117/><T36/><D37/><U28/><E28/><V86/><F114/><W128/><G54/><T116/><D65/><U131/><E131/><N who="0" m="50185" /><D69/><U6/><REACH who="1" step="1"/><E30/><REACH who="1" ten="250,240,270,230" step="2"/><V42/><F121/><W25/><G128/><T53/><D113/><U99/><E99/><V4/><F123/><W103/><G29/><T88/><D116/><U45/><E45/><V115/><F115/><W56/><G44/><T17/><D76/><U91/><E91/><V85/><F89/><W125/><G125/><T79/><D79/><U96/><E96/><V10/><F97/><W126/><G126/><T119/><D119/><U64/><E64/><V122/><F101/><W12/><G103/><T83/><D53/><AGARI ba="0,1" hai="2,6,8,15,18,21,33,35,47,51,53,60,67,68" machi="53" ten="30,5800,0" yaku="1,1,7,1,53,1" doraHai="72" doraHaiUra="66" who="1" fromWho="0" sc="250,-58,240,68,270,0,230,0" /><INIT seed="1,1,0,5,1,17" ten="192,308,270,230" oya="1" hai0="29,120,57,22,15,49,66,68,90,26,37,106,42" hai1="105,14,78,99,115,1,56,40,2,89,0,67,118" hai2="61,47,58,5,102,107,111,18,70,25,93,27,44" hai3="109,6,130,72,119,124,127,81,23,9,97,86,4"/><U135/><E115/><V98/><F111/><W11/><G109/><T104/><D120/><U100/><E135/><V114/><F114/><W46/><G72/><T108/><D108/><U76/><E118/><V55/><F5/><N who="3" m="2155" /><G119/><T95/><D68/><U13/><E89/><V50/><F107/><W73/><G73/><T101/><D101/><U69/><E69/><V132/><F132/><W59/><G130/><T53/><D66/><U116/><E40/><V92/><F70/><W3/><G3/><T133/><D133/><U128/><E128/><V77/><F77/><N who="3" m="46383" /><G46/><T10/><D37/><U28/><E116/><V96/><F44/><W35/><G35/><T63/><D42/><U71/><E71/><V32/><F32/><W85/><G85/><T113/><D113/><U122/><E122/><V7/><F7/><W31/><G97/><T43/><D43/><U117/><E117/><V52/><REACH who="2" step="1"/><F18/><REACH who="2" ten="192,308,260,230" step="2"/><W80/><G59/><T94/><D106/><U129/><E129/><V83/><F83/><W12/><G80/><T39/><D104/><U125/><E78/><V112/><F112/><W34/><G34/><T123/><D123/><U75/><E76/><V60/><F60/><W65/><G124/><T54/><D95/><U87/><E125/><V103/><AGARI ba="1,1" hai="25,27,47,50,52,55,58,61,92,93,96,98,102,103" machi="103" ten="20,16000,3" yaku="1,1,0,1,7,1,9,1,8,1,54,1,53,2" doraHai="17" doraHaiUra="51" who="2" fromWho="2" sc="192,-41,308,-81,260,173,230,-41" /><INIT seed="2,0,0,4,4,121" ten="151,227,433,189" oya="2" hai0="104,40,79,119,65,43,56,67,73,4,130,58,72" hai1="2,69,116,17,59,115,78,61,110,97,99,48,114" hai2="105,66,11,135,129,102,64,23,75,100,14,46,98" hai3="9,126,120,106,87,31,111,39,113,25,1,101,52"/><V131/><F75/><N who="0" m="28746" /><D4/><U6/><E78/><V41/><F135/><W13/><G39/><T123/><D79/><U12/><E116/><V50/><F100/><W0/><G0/><T134/><D123/><U96/><E69/><V93/><F23/><W122/><G113/><T94/><D94/><U51/><E6/><V57/><F93/><W16/><G1/><T55/><D55/><U91/><E91/><V30/><F30/><W125/><G87/><T33/><D104/><U62/><E2/><V92/><F92/><W42/><G42/><N who="0" m="15915" /><D33/><U86/><E86/><V71/><F105/><W47/><G52/><T83/><D83/><U35/><E35/><V28/><F28/><W3/><G3/><T90/><D90/><U21/><E114/><V80/><F80/><W70/><G106/><T10/><D10/><U108/><E115/><V37/><F11/><W89/><G89/><T32/><D32/><U117/><E117/><V68/><F41/><W22/><G101/><T63/><D119/><U81/><E81/><V38/><F38/><W27/><G70/><N who="0" m="42303" /><D134/><U36/><E36/><V54/><F54/><W118/><G118/><T5/><D130/><U128/><E128/><V20/><F37/><W24/><G47/><T109/><D109/><N who="1" m="42091" /><E62/><V95/><F129/><W132/><G111/><T88/><D5/><U82/><E82/><V19/><F131/><W112/><G112/><T84/><D67/><AGARI ba="0,0" hai="12,17,21,48,51,59,61,67,96,97,99" m="42091" machi="67" ten="30,7700,0" yaku="14,1,52,3" doraHai="121" who="1" fromWho="0" sc="151,-77,227,77,433,0,189,0" /><INIT seed="3,0,0,5,1,2" ten="74,304,433,189" oya="3" hai0="71,121,35,109,73,53,43,9,64,77,62,12,15" hai1="48,68,101,21,47,57,69,80,33,32,66,105,114" hai2="67,96,65,103,79,63,59,45,22,125,97,108,99" hai3="98,95,56,1,3,6,17,58,91,111,49,24,42"/><W81/><G111/><T83/><D121/><U88/><E114/><V50/><F108/><W135/><G135/><T18/><D109/><U130/><E21/><V54/><F125/><W76/><G3/><T61/><D35/><U51/><E130/><V132/><F132/><W36/><G36/><T39/><D39/><U8/><E8/><V87/><F22/><N who="3" m="13391" /><G1/><T75/><D43/><U37/><E101/><V55/><F103/><W40/><G56/><T11/><D75/><U106/><E57/><V14/><F14/><W4/><G81/><AGARI ba="0,0" hai="45,50,54,55,59,63,65,67,79,81,87,96,97,99" machi="81" ten="40,1300,0" yaku="8,1" doraHai="2" who="2" fromWho="3" sc="74,0,304,0,433,13,189,-13" owari="74,-42.6,304,10.4,446,54.6,176,-22.4" /></mjloggm>