<mjloggm ver="2.3"><GO type="225" lobby="0"/><UN n0="%E3%81%BF%E3%81%BF%E3%81%9A" n1="%48%61%61%61%6C%61%6E%64" n2="%E3%81%B5%E3%81%98%E3%81%8B%E3%81%A4" n3="%E3%81%99%E3%81%84%E3%81%BE%E3%81%9B%E3%83%BC%E3%82%93" dan="17,18,16,18" rate="2280.26,2264.97,2186.65,2228.61" sx="M,M,M,M"/><TAIKYOKU oya="0"/><INIT seed="0,0,0,4,4,19" ten="250,250,250,250" oya="0" hai0="11,127,71,121,120,73,40,59,2,8,6,110,60" hai1="16,61,102,101,39,88,123,70,4,83,36,81,50" hai2="122,103,10,106,5,109,32,51,119,27,128,125,28" hai3="49,93,86,78,58,13,131,55,3,1,30,7,31"/><T44/><D127/><U18/><E123/><V52/><F122/><W34/><G131/><T72/><D110/><U63/><E4/><V64/><F109/><W20/><G34/><T95/><D95/><U9/><E70/><V124/><F128/><W135/><G135/><T133/><D133/><U113/><E113/><V53/><F64/><W57/><G1/><T85/><D85/><N who="1" m="50223" /><E39/><V98/><F119/><W12/><G3/><T99/><D11/><U117/><E36/><V126/><REACH who="2" step="1"/><F51/><REACH who="2" ten="250,250,240,250" step="2"/><W62/><G49/><T80/><D120/><U96/><E50/><V105/><F105/><W56/><G62/><T38/><D121/><U115/><E117/><V0/><AGARI ba="0,1" hai="0,5,10,27,28,32,52,53,98,103,106,124,125,126" machi="0" ten="30,7900,0" yaku="1,1,0,1,18,1,54,1,53,0" doraHai="19" doraHaiUra="65" who="2" fromWho="2" sc="250,-39,250,-20,240,89,250,-20" /><INIT seed="1,0,0,4,5,6" ten="211,230,329,230" oya="1" hai0="39,22,15,52,11,12,9,133,130,64,19,113,71" hai1="4,69,26,41,1,121,7,49,110,14,98,0,89" hai2="76,55,81,129,82,84,59,5,131,105,74,44,70" hai3="80,46,42,63,53,97,102,67,29,48,33,128,31"/><U106/><E121/><V94/><F70/><W23/><G128/><N who="2" m="49225" /><F105/><W92/><G33/><T114/><D39/><U65/><E110/><V28/><F44/><W96/><G80/><T83/><D130/><U122/><E122/><V51/><F5/><W104/><G42/><T54/><D83/><U123/><E123/><V2/><F2/><W40/><G40/><T95/><D133/><U99/><E7/><V117/><F94/><W125/><G125/><T78/><D78/><U60/><E1/><V57/><F28/><W34/><G23/><T88/><D64/><U87/><E106/><V75/><F117/><W32/><G29/><T56/><D71/><U38/><E38/><V79/><F59/><W45/><G31/><T85/><D54/><U68/><E68/><V119/><F119/><W47/><G32/><T62/><D22/><U13/><E0/><V24/><F24/><W103/><G34/><T93/><D93/><U66/><E26/><V25/><F25/><W18/><G18/><AGARI ba="0,0" hai="9,11,12,15,18,19,52,56,62,85,88,95,113,114" machi="18" ten="30,12000,2" yaku="7,1,9,1,52,2,54,2" doraHai="6" who="0" fromWho="3" sc="211,120,230,0,329,0,230,-120" /><INIT seed="2,0,0,3,0,101" ten="331,230,329,110" oya="2" hai0="6,107,14,74,50,77,55,135,113,41,125,110,53" hai1="123,118,9,71,121,62,56,129,30,51,78,65,37" hai2="93,31,99,40,24,87,116,83,20,7,69,98,119" hai3="73,18,134,89,47,11,28,103,82,120,36,34,97"/><V63/><F40/><W66/><G120/><T102/><D113/><U104/><E37/><V132/><F132/><W43/><G134/><T10/><D135/><U130/><E78/><V117/><F7/><W21/><G66/><T92/><D125/><U49/><E9/><V4/><F4/><W96/><G11/><T106/><D110/><U17/><E17/><V124/><F124/><W72/><G28/><T38/><D38/><U128/><E30/><V44/><F44/><W57/><G34/><T27/><D41/><U61/><E104/><V91/><REACH who="2" step="1"/><F93/><REACH who="2" ten="331,230,319,110" step="2"/><W3/><G3/><T70/><D92/><U60/><E118/><V86/><F86/><W94/><G82/><T32/><D107/><U80/><E80/><V90/><F90/><W67/><G89/><T75/><D106/><U29/><E123/><V2/><F2/><W131/><G131/><T12/><D6/><U23/><E121/><V88/><F88/><W5/><G5/><T46/><D75/><U127/><E127/><V48/><F48/><W33/><G97/><T64/><D50/><U76/><E51/><V13/><F13/><W95/><G95/><T25/><D14/><U26/><E76/><V45/><F45/><W58/><G94/><T42/><D12/><U85/><E85/><V35/><F35/><W108/><G33/><T79/><D46/><U52/><AGARI ba="0,1" hai="23,26,29,49,52,56,60,61,62,65,71,128,129,130" machi="52" ten="40,5200,0" yaku="0,1,19,1,54,1" doraHai="101" who="1" fromWho="1" sc="331,-13,230,62,319,-26,110,-13" /><INIT seed="3,0,0,4,4,135" ten="318,292,293,97" oya="3" hai0="93,86,12,90,122,98,37,132,82,121,126,105,69" hai1="76,101,118,50,114,79,59,16,26,35,48,74,56" hai2="47,5,11,49,22,71,44,127,87,68,29,116,124" hai3="45,4,33,46,27,106,60,24,81,0,109,110,72"/><W85/><G72/><T64/><D37/><U17/><E114/><V21/><F116/><W115/><G115/><T38/><D38/><U80/><E118/><V78/><F44/><N who="3" m="17003" /><G106/><T108/><D126/><N who="2" m="48170" /><F78/><N who="3" m="46263" /><G33/><T94/><D132/><U77/><E101/><V9/><F87/><W34/><G34/><T19/><D105/><U67/><E74/><V131/><F131/><W30/><G30/><T10/><D94/><U66/><E80/><V53/><F9/><N who="3" m="2183" /><G60/><T13/><D122/><U39/><E39/><V95/><F95/><W100/><G100/><T58/><D121/><U129/><E129/><V103/><F103/><W57/><G57/><N who="1" m="22090" /><E35/><V104/><F104/><W40/><G40/><T62/><D69/><N who="2" m="26698" /><F29/><W107/><G107/><T14/><D93/><U111/><E77/><V23/><F23/><W91/><G91/><T2/><D90/><U120/><E79/><V36/><F36/><W54/><G54/><T96/><D86/><U99/><E76/><V125/><F125/><W117/><G117/><T133/><D133/><U112/><E112/><V3/><AGARI ba="0,0" hai="3,5,11,21,22,47,49,53" m="26698,48170" machi="3" ten="30,7900,0" yaku="18,1,52,3" doraHai="135" who="2" fromWho="2" sc="318,-20,292,-20,293,79,97,-39" owari="298,9.8,272,-12.8,372,47.2,58,-44.2" /></mjloggm>