<mjloggm ver="2.3"><GO type="225" lobby="0"/><UN n0="%6D%75%75%6D%75%72%61" n1="%E3%82%BC%E3%83%AB%E3%83%80%E3%81%AE%E4%BC%9D%E8%AA%AC" n2="%E3%81%86%E3%82%8B%E3%81%8A%E3%81%A1%E3%82%83" n3="%E3%81%AA%E3%81%A1%30%39%32%37" dan="17,17,16,16" rate="2189.90,2238.44,2054.31,2097.82" sx="F,M,F,M"/><TAIKYOKU oya="0"/><INIT seed="0,0,0,2,3,81" ten="250,250,250,250" oya="0" hai0="133,3,132,57,42,67,113,102,72,69,7,54,61" hai1="65,10,91,129,92,87,12,89,30,128,84,60,124" hai2="127,119,114,98,74,134,70,29,109,79,20,83,0" hai3="26,99,40,41,22,123,19,62,25,107,130,58,52"/><T75/><D113/><U1/><E124/><V108/><F114/><W95/><G130/><N who="1" m="50282" /><E1/><V64/><F0/><W15/><G107/><T8/><D102/><U73/><E30/><V66/><F127/><W77/><G123/><T126/><D42/><U59/><E73/><V50/><F70/><W120/><G120/><T125/><D125/><U37/><E37/><V118/><F98/><W45/><G77/><T14/><D3/><U131/><N who="1" m="50290" /><U36/><DORA hai="111" /><E36/><V110/><F50/><W17/><G45/><T106/><D106/><U6/><E89/><V24/><REACH who="2" step="1"/><F134/><REACH who="2" ten="250,250,240,250" step="2"/><N who="0" m="51818" /><D126/><U85/><AGARI ba="0,1" hai="6,10,12,59,60,65,84,85,87,91,92" m="50290" machi="85" ten="40,8000,1" yaku="19,1,52,3" doraHai="81,111" who="1" fromWho="1" sc="250,-40,250,90,240,-20,250,-20" /><INIT seed="1,0,0,2,0,5" ten="210,340,220,230" oya="1" hai0="97,118,69,40,6,33,30,38,130,90,103,44,32" hai1="9,39,91,26,135,120,20,101,61,131,43,60,80" hai2="53,78,89,98,45,125,115,86,108,18,17,117,84" hai3="102,99,50,31,63,132,111,24,92,35,112,95,114"/><U2/><E120/><V46/><F117/><W105/><G111/><T15/><D118/><U0/><E101/><V79/><F108/><W100/><G132/><T123/><D130/><U49/><E39/><V119/><F125/><W126/><G126/><T52/><D123/><U37/><E37/><V47/><F115/><W72/><G72/><T14/><D69/><U113/><E113/><V94/><F53/><W96/><G105/><T19/><D90/><U107/><E107/><V8/><F119/><W77/><G77/><N who="2" m="29193" /><F18/><W11/><G50/><T116/><D116/><U3/><E131/><V16/><F17/><W81/><G81/><T129/><D129/><U10/><E135/><V55/><F55/><W1/><REACH who="3" step="1"/><G63/><REACH who="3" ten="210,340,220,220" step="2"/><T58/><D38/><U127/><E60/><V51/><F51/><W34/><G34/><T22/><D33/><U41/><E61/><V87/><F87/><W82/><G82/><T83/><D83/><U74/><E49/><V13/><AGARI ba="0,1" hai="8,13,16,45,46,47,84,86,89,94,98" m="29193" machi="13" ten="30,4000,0" yaku="8,1,52,1,54,1" doraHai="5" who="2" fromWho="2" sc="210,-10,340,-20,220,50,220,-10" /><INIT seed="2,0,0,1,4,47" ten="200,320,270,210" oya="2" hai0="22,84,80,106,40,103,3,41,116,99,31,112,33" hai1="81,75,12,120,50,63,123,60,102,20,77,124,95" hai2="68,42,43,104,52,90,21,85,92,7,4,57,34" hai3="44,32,114,111,23,133,126,127,131,6,86,54,132"/><V119/><F34/><W64/><G32/><T35/><D112/><U71/><E124/><N who="3" m="47658" /><G114/><T96/><D3/><U61/><E71/><V30/><F104/><W73/><G73/><T65/><D116/><U118/><E118/><V37/><F68/><W101/><G111/><T88/><D35/><U10/><E20/><V8/><F37/><W107/><G6/><N who="2" m="2089" /><F8/><W29/><G64/><T128/><D33/><U89/><E102/><V78/><F78/><W18/><G29/><T39/><D39/><U48/><E12/><V53/><F53/><W56/><G44/><T97/><D65/><U91/><E10/><V13/><F119/><W25/><G86/><T11/><D11/><U100/><E100/><V17/><F30/><W121/><G121/><N who="1" m="46666" /><E91/><V45/><F45/><W14/><G14/><T26/><D128/><U125/><E125/><V113/><F113/><W46/><G46/><T115/><REACH who="0" step="1"/><D115/><REACH who="0" ten="190,320,270,210" step="2"/><U117/><E117/><V87/><F87/><AGARI ba="0,1" hai="48,50,60,61,63,75,77,81,87,89,95" m="46666" machi="87" ten="30,3900,0" yaku="13,1,52,2" doraHai="47" who="1" fromWho="2" sc="190,0,320,49,270,-39,210,0" /><INIT seed="3,0,0,4,3,1" ten="190,369,231,210" oya="3" hai0="124,115,82,52,123,27,67,120,62,97,34,85,101" hai1="84,90,106,46,65,18,29,99,77,50,70,36,21" hai2="43,17,41,109,12,25,75,103,30,26,91,24,78" hai3="104,32,114,49,28,87,79,0,40,64,125,80,37"/><W113/><G125/><T81/><D124/><U127/><E36/><V39/><F109/><W74/><G104/><T129/><D129/><U131/><E29/><V117/><F117/><W108/><G49/><T95/><D115/><U33/><E33/><V89/><F30/><W6/><G87/><T110/><D110/><U134/><E127/><V60/><F75/><W88/><G88/><N who="2" m="33865" /><F39/><W92/><G92/><T53/><D34/><U22/><E22/><V76/><F60/><W58/><G58/><T48/><D27/><U51/><E51/><V135/><F103/><W121/><G64/><T71/><D53/><U86/><E134/><V16/><F17/><W69/><G121/><T59/><REACH who="0" step="1"/><D85/><REACH who="0" ten="180,369,231,210" step="2"/><U4/><E86/><V73/><F135/><W11/><G69/><T96/><D96/><U31/><E99/><V100/><F73/><W9/><G108/><T13/><D13/><U111/><E84/><V57/><F26/><N who="3" m="18455" /><G11/><T23/><D23/><U56/><E21/><V14/><F25/><W112/><G112/><T63/><D63/><U93/><E111/><V8/><F24/><W42/><G42/><T107/><D107/><U132/><E106/><V130/><F43/><W19/><G19/><T83/><AGARI ba="0,1" hai="48,52,59,62,67,71,81,82,83,95,97,101,120,123" machi="83" ten="30,4000,0" yaku="1,1,0,1,54,1,53,0" doraHai="1" doraHaiUra="38" who="0" fromWho="0" sc="180,50,369,-10,231,-10,210,-20" owari="230,3.0,359,45.9,221,-17.9,190,-31.0" /></mjloggm>