<mjloggm ver="2.3"><GO type="225" lobby="0"/><UN n0="%E3%80%93%E3%81%97%E3%83%BC%E3%82%89%E3%80%93" n1="%E3%81%B5%E3%81%98%E3%81%8B%E3%81%A4" n2="%EF%BC%AE%EF%BC%A1%EF%BC%AF%33%33%39" n3="%E6%9D%B1%E9%A2%A8%E3%81%AE%E3%81%8D%E3%82%83%E3%81%B7%E3%81%95%E3%82%93" dan="16,17,17,17" rate="2101.83,2231.39,2170.18,2209.61" sx="M,M,M,M"/><TAIKYOKU oya="0"/><INIT seed="0,0,0,2,3,58" ten="250,250,250,250" oya="0" hai0="66,55,7,116,29,33,83,50,1,40,51,108,20" hai1="106,44,72,46,19,8,107,122,65,101,16,27,38" hai2="113,48,97,78,18,125,77,98,129,105,34,134,49" hai3="86,35,14,6,52,112,73,56,61,95,82,39,74"/><T76/><D116/><U130/><E122/><V93/><F34/><W123/><G112/><T109/><D33/><U67/><E72/><V30/><F30/><W41/><G123/><T10/><D40/><U119/><E8/><V71/><F71/><W118/><G35/><T89/><D89/><U127/><E101/><V92/><F105/><W69/><G69/><T62/><D29/><U15/><E15/><V36/><F36/><W84/><G118/><T0/><D20/><U42/><E119/><V91/><F113/><W111/><G111/><N who="0" m="42571" /><D55/><U53/><E127/><V135/><F125/><W25/><G25/><T59/><D0/><U103/><E103/><V32/><F32/><W99/><G41/><T17/><D17/><U64/><E130/><V121/><F18/><N who="1" m="6697" /><E27/><V57/><F121/><W12/><G39/><T60/><D60/><U115/><E42/><V128/><F91/><W120/><G120/><T45/><D45/><N who="1" m="17515" /><E38/><V3/><F3/><W26/><G26/><T68/><D68/><U31/><E31/><V131/><F131/><W37/><G37/><T4/><D4/><U85/><E115/><V9/><F57/><W96/><G6/><T114/><D114/><U88/><E53/><V126/><F126/><W100/><G12/><T94/><D94/><U124/><E124/><V117/><F117/><W102/><G14/><T70/><D70/><U63/><E88/><V87/><F9/><W104/><G84/><AGARI ba="0,0" hai="1,7,10,50,51,59,62,66,76,83,84" m="42571" machi="84" ten="30,5800,0" yaku="14,1,10,1,52,1" doraHai="58" who="0" fromWho="3" sc="250,58,250,0,250,0,250,-58" /><AGARI ba="0,0" hai="48,49,77,78,84,87,92,93,97,98,128,129,134,135" machi="84" ten="25,1600,0" yaku="22,2" doraHai="58" who="2" fromWho="3" sc="308,0,250,0,250,16,192,-16" /><INIT seed="0,1,0,2,3,92" ten="308,250,266,176" oya="0" hai0="7,68,5,114,81,105,53,69,24,11,57,2,63" hai1="88,96,117,54,25,40,113,65,48,129,39,110,61" hai2="32,85,52,80,71,56,79,127,82,133,38,29,126" hai3="109,4,93,106,45,84,51,60,16,89,1,9,64"/><T50/><D105/><U91/><E117/><V102/><F38/><W67/><G109/><T97/><D114/><U83/><E110/><V87/><F71/><W74/><G74/><T46/><D7/><U100/><E113/><V122/><F122/><W58/><G106/><T86/><D24/><U15/><E129/><V14/><F32/><W18/><REACH who="3" step="1"/><G67/><REACH who="3" ten="308,250,266,166" step="2"/><T112/><D112/><U13/><E65/><V19/><F127/><W66/><G66/><T125/><D125/><U44/><E61/><V128/><F126/><W55/><AGARI ba="1,1" hai="1,4,9,16,18,45,51,55,58,60,64,84,89,93" machi="55" ten="20,8000,1" yaku="1,1,0,1,7,1,54,1,53,1" doraHai="92" doraHaiUra="43" who="3" fromWho="3" sc="308,-41,250,-21,266,-21,166,93" /><INIT seed="1,0,0,2,2,97" ten="267,229,245,259" oya="1" hai0="84,122,77,6,51,23,104,95,53,40,28,30,64" hai1="31,13,33,15,54,25,99,118,11,45,89,55,26" hai2="129,81,124,48,42,39,62,128,22,60,24,68,37" hai3="131,78,44,90,114,135,72,75,21,88,91,92,50"/><U115/><E115/><V36/><F81/><W110/><G114/><T133/><D104/><U100/><E118/><V109/><F22/><W106/><G106/><T119/><D119/><U65/><E65/><V52/><F24/><W47/><G110/><T130/><D130/><N who="2" m="50282" /><F109/><W58/><G135/><T93/><D133/><U117/><E117/><V19/><F19/><W17/><G131/><T102/><D64/><U103/><E33/><V70/><F42/><W29/><G29/><T8/><D23/><N who="1" m="15807" /><E26/><V38/><N who="2" m="9216" /><DORA hai="120" /><V59/><F124/><W2/><G2/><T105/><D122/><U12/><E11/><V112/><F112/><W49/><G75/><T66/><D66/><U0/><E0/><V10/><F10/><W46/><G78/><T56/><D40/><U3/><E3/><V41/><F41/><W83/><G72/><T18/><D18/><U87/><E99/><V57/><F57/><W71/><G58/><T108/><D108/><U61/><E61/><AGARI ba="0,0" hai="48,52,59,60,61,62,68,70" m="9216,50282" machi="61" ten="60,8000,1" yaku="19,1,34,2,54,1" doraHai="97,120" who="2" fromWho="1" sc="267,0,229,-80,245,80,259,0" /><INIT seed="2,0,0,2,1,22" ten="267,149,325,259" oya="2" hai0="112,1,26,69,134,106,4,59,80,28,71,93,39" hai1="34,99,8,33,67,29,126,62,79,9,36,86,133" hai2="74,107,38,78,111,96,75,13,81,27,132,14,31" hai3="21,41,3,90,19,55,63,121,51,108,115,98,118"/><V44/><F75/><W83/><G3/><T114/><D106/><U58/><E126/><V0/><F0/><W66/><G108/><T56/><D39/><U40/><E133/><V87/><F132/><W124/><G124/><T76/><D134/><U60/><E99/><V102/><F111/><W57/><G121/><T116/><D116/><U7/><E9/><V94/><F38/><W72/><G118/><T17/><D17/><U95/><E36/><V30/><F44/><W18/><G115/><T127/><D127/><U24/><E40/><V101/><F31/><W35/><G35/><T92/><D4/><U128/><E128/><V73/><F73/><W54/><G18/><T70/><D1/><U131/><E131/><V25/><F102/><W135/><G135/><T104/><D104/><U129/><E129/><V88/><F27/><W117/><G117/><T46/><D46/><U12/><E62/><V85/><F85/><W23/><G23/><AGARI ba="0,0" hai="13,14,23,25,30,74,78,81,87,88,94,96,101,107" machi="23" ten="30,12000,1" yaku="7,1,24,2,52,1,54,1" doraHai="22" who="2" fromWho="3" sc="267,0,149,0,325,120,259,-120" /><INIT seed="2,1,0,2,0,89" ten="267,149,445,139" oya="2" hai0="5,7,132,90,121,112,73,38,113,54,9,108,92" hai1="53,103,56,126,61,4,20,65,85,46,39,70,118" hai2="45,57,67,107,59,22,134,102,114,42,41,100,16" hai3="84,96,74,97,66,40,37,76,64,71,127,3,44"/><V1/><F1/><W50/><G127/><T2/><D121/><U120/><E118/><V18/><F114/><W86/><G3/><T81/><D7/><U87/><E120/><V30/><F30/><W131/><G131/><T95/><D132/><U32/><E32/><V123/><F123/><W101/><G37/><T31/><D38/><U75/><E75/><V14/><F107/><W34/><G34/><T78/><D31/><U98/><E126/><V35/><F35/><W62/><G66/><T115/><D108/><U11/><E20/><V104/><F104/><W52/><G40/><T29/><D29/><U19/><E19/><V106/><F106/><W99/><REACH who="3" step="1"/><G101/><REACH who="3" ten="267,149,445,129" step="2"/><T36/><D36/><U68/><E39/><V6/><F67/><W122/><G122/><T10/><D54/><U105/><E70/><V21/><F42/><W93/><G93/><T129/><D129/><U48/><REACH who="1" step="1"/><E68/><REACH who="1" ten="267,139,445,129" step="2"/><V24/><F134/><W77/><G77/><T117/><D115/><U63/><E63/><V119/><F119/><W28/><G28/><T47/><D117/><U109/><E109/><V94/><F22/><W69/><G69/><T60/><D60/><U25/><E25/><V128/><F21/><W88/><G88/><T27/><D90/><U15/><AGARI ba="1,2" hai="4,11,15,46,48,53,56,61,65,85,87,98,103,105" machi="15" ten="20,8000,1" yaku="1,1,0,1,7,1,53,2" doraHai="89" doraHaiUra="83" who="1" fromWho="1" sc="267,-21,139,103,445,-41,129,-21" /><INIT seed="3,0,0,0,4,38" ten="246,242,404,108" oya="3" hai0="28,60,80,101,12,45,54,61,117,103,19,125,133" hai1="71,78,130,126,56,83,76,112,58,73,29,87,42" hai2="51,69,70,22,111,72,102,124,50,128,40,21,5" hai3="113,121,66,57,25,15,116,18,74,46,91,27,0"/><W33/><G74/><T75/><D117/><U26/><E112/><V88/><F72/><W108/><G113/><T93/><D125/><U106/><E71/><V131/><F102/><N who="0" m="38922" /><D75/><U44/><E106/><V47/><F5/><W97/><G116/><T96/><D133/><U135/><E126/><V30/><F124/><W65/><G0/><T17/><D28/><U100/><E135/><V32/><F32/><W79/><G121/><T107/><D80/><U85/><E100/><V24/><F111/><W4/><G108/><T35/><D35/><U110/><E130/><N who="2" m="49707" /><F88/><W98/><G33/><T119/><D107/><U48/><E110/><V36/><F22/><W99/><G79/><T2/><D2/><U43/><E73/><V127/><F127/><W37/><G4/><T109/><D119/><U1/><E1/><V95/><F95/><W84/><G46/><T86/><D96/><N who="3" m="24577" /><W41/><DORA hai="64" /><G41/><N who="1" m="15370" /><E87/><V122/><F122/><W123/><G37/><T62/><D109/><U7/><E7/><V94/><F94/><N who="3" m="54631" /><G123/><T104/><D104/><U105/><E105/><V92/><F92/><W53/><G66/><T90/><D12/><U10/><E76/><V114/><F114/><W67/><G67/><T11/><D11/><U129/><E10/><V63/><F70/><W20/><G65/><AGARI ba="0,0" hai="21,24,30,36,40,47,50,51,63,65,69" m="49707" machi="65" ten="30,3900,0" yaku="19,1,52,2" doraHai="38,64" who="2" fromWho="3" sc="246,0,242,0,404,39,108,-39" owari="246,4.6,242,-15.8,443,54.3,69,-43.1" /></mjloggm>