<mjloggm ver="2.3"><GO type="225" lobby="0"/><UN n0="%72%61%6B%33" n1="%E3%81%A9%E3%82%8F%E3%82%93%E3%81%94" n2="%E3%82%A2%E3%83%9E%E3%83%9D%EF%BD%9E%EF%BD%9E%E3%83%A9" n3="%E3%81%9F%E3%81%93%E2%98%86%E7%84%BC%E3%81%8D" dan="16,16,17,16" rate="2141.34,2210.32,2193.32,2094.16" sx="M,M,M,M"/><TAIKYOKU oya="0"/><INIT seed="0,0,0,3,0,55" ten="250,250,250,250" oya="0" hai0="109,19,54,43,36,62,101,81,123,107,1,131,52" hai1="33,69,8,127,79,66,44,42,38,122,96,59,51" hai2="5,121,63,90,31,47,53,112,65,82,111,64,84" hai3="20,15,16,12,24,73,128,75,48,108,106,34,50"/><T129/><D123/><U9/><E33/><V30/><F112/><W46/><G106/><T99/><D1/><U124/><E79/><V57/><F111/><W125/><G108/><T93/><D109/><U120/><E96/><V97/><F121/><N who="1" m="46697" /><E9/><V3/><F3/><W35/><G128/><N who="0" m="49227" /><D81/><U102/><E8/><V76/><F5/><W11/><G125/><N who="1" m="48202" /><E102/><V83/><F47/><W113/><G113/><T2/><D2/><U105/><E105/><V87/><F97/><W25/><G46/><N who="0" m="23911" /><D19/><U134/><E134/><V10/><F10/><W91/><G11/><T74/><D74/><U7/><E7/><V6/><F6/><W41/><G75/><T130/><N who="0" m="49235" /><T14/><DORA hai="104" /><D14/><U94/><E94/><V71/><REACH who="2" step="1"/><F65/><REACH who="2" ten="250,250,240,250" step="2"/><W133/><G133/><T118/><D107/><U39/><E69/><V116/><F116/><W61/><G35/><T28/><D118/><U100/><E100/><V49/><AGARI ba="0,1" hai="30,31,49,53,57,63,64,71,76,82,83,84,87,90" machi="49" ten="20,8000,1" yaku="1,1,0,1,7,1,52,1,53,1" doraHai="55,104" doraHaiUra="119,85" who="2" fromWho="2" sc="250,-40,250,-20,240,90,250,-20" /><INIT seed="1,0,0,0,0,124" ten="210,230,330,230" oya="1" hai0="99,50,56,51,79,25,96,64,33,7,85,16,39" hai1="70,53,58,52,34,95,72,54,73,80,41,77,40" hai2="113,101,4,97,38,83,20,84,14,123,75,49,114" hai3="47,78,62,69,135,126,5,3,21,37,122,11,17"/><U30/><E34/><V134/><F38/><W22/><G135/><T0/><D39/><U24/><E70/><V63/><F123/><W131/><G126/><T110/><D110/><U129/><E73/><V118/><F118/><W108/><G22/><T111/><D111/><U1/><E1/><V98/><F75/><W102/><G102/><T12/><D0/><U89/><E129/><V112/><F134/><W27/><G78/><T45/><D25/><U35/><REACH who="1" step="1"/><E58/><REACH who="1" ten="210,220,330,230" step="2"/><V88/><F113/><W82/><G131/><T66/><D33/><U55/><N who="1" m="13312" /><DORA hai="6" /><U104/><E104/><V94/><F114/><W8/><G69/><T81/><D56/><U116/><E116/><V2/><F2/><W120/><G3/><T67/><D45/><U100/><E100/><V91/><F112/><W15/><G47/><T105/><D105/><U59/><E59/><V107/><F101/><W106/><G106/><T48/><REACH who="0" step="1"/><D7/><REACH who="0" ten="200,220,330,230" step="2"/><U127/><E127/><V133/><F4/><W103/><G5/><T128/><D128/><U130/><E130/><V29/><F107/><W10/><G108/><T132/><D132/><U117/><E117/><V119/><F119/><W13/><G120/><T61/><D61/><U23/><E23/><AGARI ba="0,2" hai="12,16,23,48,50,51,64,66,67,79,81,85,96,99" machi="23" ten="40,5200,0" yaku="1,1,8,1,54,1,53,0" doraHai="124,6" doraHaiUra="90,109" who="0" fromWho="1" sc="200,72,220,-52,330,0,230,0" /><INIT seed="2,0,0,3,0,47" ten="272,168,330,230" oya="2" hai0="115,0,125,128,21,49,76,22,122,97,29,39,90" hai1="36,27,103,80,71,84,60,106,93,54,55,38,66" hai2="124,107,7,112,74,69,23,117,102,86,126,127,45" hai3="88,14,61,111,63,2,70,58,35,30,83,48,73"/><V75/><F112/><W42/><G2/><T105/><D39/><U99/><E38/><V9/><F117/><W43/><G73/><N who="2" m="27657" /><F23/><W82/><G35/><T81/><D122/><U92/><E36/><V62/><F86/><N who="3" m="50263" /><G70/><T95/><D0/><U25/><E93/><V44/><F102/><W13/><G111/><T31/><D125/><U108/><E108/><V96/><F96/><W101/><G30/><T46/><D128/><U16/><E106/><V135/><F135/><W65/><G83/><T51/><D115/><U11/><E27/><V52/><F107/><W120/><G101/><T6/><D6/><U89/><REACH who="1" step="1"/><E25/><REACH who="1" ten="272,158,330,230" step="2"/><V15/><F126/><W64/><G120/><T87/><D105/><U26/><E26/><V19/><F127/><W34/><G34/><T40/><D29/><U37/><E37/><V57/><F124/><W3/><G3/><T72/><D31/><U33/><E33/><V59/><F15/><AGARI ba="0,1" hai="11,15,16,54,55,60,66,71,80,84,89,92,99,103" machi="15" ten="40,5200,0" yaku="1,1,54,1,53,1" doraHai="47" doraHaiUra="98" who="1" fromWho="2" sc="272,0,158,62,330,-52,230,0" /><INIT seed="3,0,0,3,2,24" ten="272,220,278,230" oya="3" hai0="66,62,0,107,55,94,29,108,90,51,2,46,86" hai1="36,69,104,54,30,129,4,16,14,128,28,27,110" hai2="23,34,72,58,10,97,121,26,39,102,57,117,53" hai3="122,103,111,38,116,78,3,9,17,80,22,11,81"/><W96/><G38/><T118/><D118/><U49/><E104/><V37/><F72/><W77/><G116/><T33/><D108/><U92/><E36/><V132/><F132/><W93/><G122/><T83/><D107/><U88/><E69/><V124/><F124/><W35/><G35/><T40/><D40/><U95/><E110/><V114/><F34/><W19/><G3/><T115/><D115/><U13/><E4/><V119/><F121/><W64/><G64/><T5/><D5/><U47/><E95/><V113/><F10/><N who="3" m="3595" /><G111/><T76/><D33/><U63/><E63/><V68/><F68/><W105/><G105/><T48/><D48/><U50/><E50/><V15/><F15/><N who="1" m="5641" /><E16/><N who="3" m="6218" /><G22/><T20/><D20/><U21/><E21/><V70/><F70/><W12/><G12/><T71/><REACH who="0" step="1"/><D29/><REACH who="0" ten="262,220,278,230" step="2"/><U73/><E27/><V123/><F26/><W67/><G67/><T133/><D133/><U41/><E41/><V74/><F23/><W120/><G120/><T65/><D65/><U75/><E75/><AGARI ba="0,1" hai="0,2,46,51,55,62,66,71,75,76,83,86,90,94" machi="75" ten="30,2000,0" yaku="1,1,7,1,53,0" doraHai="24" doraHaiUra="31" who="0" fromWho="1" sc="262,30,220,-20,278,0,230,0" /><INIT seed="4,0,0,5,4,104" ten="292,200,278,230" oya="0" hai0="20,94,105,125,41,91,114,17,50,61,108,85,45" hai1="57,1,75,39,121,81,64,66,43,86,47,128,49" hai2="4,63,18,65,48,25,122,26,15,135,13,129,37" hai3="109,60,53,115,133,54,77,130,116,123,107,27,80"/><T9/><D105/><U59/><E128/><V98/><F37/><W88/><G109/><T14/><D108/><U21/><E121/><V89/><F122/><W78/><G116/><T127/><D114/><U95/><E1/><V52/><F129/><W31/><G107/><T111/><D111/><U73/><E95/><N who="2" m="56687" /><F63/><W106/><G106/><T12/><REACH who="0" step="1"/><D61/><REACH who="0" ten="282,200,278,230" step="2"/><U97/><E97/><V126/><F126/><W99/><G60/><T132/><D132/><U46/><E64/><V42/><F135/><W62/><G62/><T8/><D8/><U36/><E66/><V23/><F65/><W10/><G10/><T112/><D112/><U29/><E39/><V28/><F42/><W22/><G133/><T102/><D102/><U38/><E38/><V3/><F3/><W87/><G115/><T93/><D93/><U30/><E21/><V67/><F67/><W68/><G130/><T119/><D119/><U100/><E100/><V58/><F4/><AGARI ba="0,1" hai="4,9,12,14,17,20,41,45,50,85,91,94,125,127" machi="4" ten="40,2000,0" yaku="1,1,53,0" doraHai="104" doraHaiUra="76" who="0" fromWho="2" sc="282,30,200,0,278,-20,230,0" owari="312,41.2,200,-30.0,258,5.8,230,-17.0" /></mjloggm>