<mjloggm ver="2.3"><GO type="225" lobby="0"/><UN n0="%E3%81%BF%E3%81%BF%E3%81%9A" n1="%E3%81%AF%E3%82%88%E3%81%8A%E3%81%98%E3%81%95%E3%82%93" n2="%E3%81%B5%E3%81%98%E3%81%8B%E3%81%A4" n3="%E6%9D%B1%E9%A2%A8%E3%81%AE%E3%81%8D%E3%82%83%E3%81%B7%E3%81%95%E3%82%93" dan="17,17,16,17" rate="2284.89,2164.07,2175.77,2231.16" sx="M,M,M,M"/><TAIKYOKU oya="0"/><INIT seed="0,0,0,4,1,29" ten="250,250,250,250" oya="0" hai0="84,77,41,123,10,25,15,130,129,86,8,28,55" hai1="35,85,54,82,103,94,19,80,117,12,132,38,102" hai2="24,113,45,98,114,134,22,95,88,50,97,135,31" hai3="69,110,111,72,89,126,105,104,18,83,70,27,124"/><T57/><D123/><U87/><E117/><V43/><REACH who="2" step="1"/><F98/><REACH who="2" ten="250,250,240,250" step="2"/><W6/><G6/><T47/><D130/><U109/><E109/><V64/><F64/><W7/><G7/><T75/><D129/><U65/><E65/><V76/><F76/><W78/><G110/><T125/><D77/><U30/><E103/><V107/><F107/><N who="3" m="41035" /><G111/><T68/><D75/><U44/><E102/><V20/><F20/><N who="3" m="13719" /><G89/><T11/><D86/><U42/><E87/><V53/><F53/><W4/><G4/><T108/><D84/><U17/><E54/><V100/><F100/><W37/><G37/><T73/><D73/><U121/><E38/><V101/><F101/><W59/><G59/><T51/><D108/><U66/><E66/><V122/><F122/><W49/><G49/><T119/><D57/><U112/><E85/><V74/><F74/><W0/><G0/><T99/><D55/><U52/><E52/><V23/><F23/><W115/><G115/><AGARI ba="0,1" hai="22,24,31,43,45,50,88,95,97,113,114,115,134,135" machi="115" ten="40,5200,0" yaku="21,2,54,1,53,0" doraHai="29" doraHaiUra="13" who="2" fromWho="3" sc="250,0,250,0,240,62,250,-52" /><INIT seed="1,0,0,3,3,106" ten="250,250,302,198" oya="1" hai0="84,86,117,51,20,102,68,63,8,66,88,21,125" hai1="6,41,42,134,95,107,105,98,30,77,133,123,92" hai2="7,116,65,19,10,46,59,109,34,4,118,87,78" hai3="119,0,3,83,31,72,120,43,64,23,39,111,11"/><U18/><E123/><V9/><F34/><W90/><G120/><T126/><D117/><U80/><E6/><V33/><F33/><W61/><G119/><T135/><D102/><N who="1" m="60743" /><E18/><V22/><F109/><W82/><G111/><T122/><D122/><U100/><E30/><V50/><F118/><W104/><G104/><N who="1" m="40010" /><E41/><N who="2" m="24911" /><F7/><W127/><G127/><N who="0" m="48651" /><D135/><N who="1" m="51723" /><E42/><V56/><F116/><W71/><G23/><T114/><D114/><U97/><E80/><N who="2" m="47511" /><F65/><W108/><G108/><T115/><D115/><U121/><E121/><V73/><F4/><W49/><G31/><T53/><D8/><U99/><E99/><V89/><F9/><W60/><G11/><T12/><D12/><U40/><E40/><V94/><F10/><W37/><G82/><N who="0" m="49175" /><D53/><U62/><E62/><V45/><F19/><W17/><G17/><T13/><D51/><U91/><E77/><V67/><F22/><W113/><G113/><T38/><D38/><U44/><E44/><V132/><F45/><N who="3" m="25791" /><G37/><T27/><D13/><U124/><E124/><V54/><F132/><W15/><G39/><T29/><D29/><U85/><E85/><N who="2" m="52527" /><F67/><N who="3" m="41447" /><G15/><T58/><D27/><U2/><E2/><N who="3" m="554" /><G64/><T79/><D68/><U101/><AGARI ba="0,0" hai="91,95,97,100,101" m="51723,40010,60743" machi="101" ten="40,7800,0" yaku="20,1,34,2" doraHai="106" who="1" fromWho="1" sc="250,-26,250,78,302,-26,198,-26" /><INIT seed="1,1,0,1,2,23" ten="224,328,276,172" oya="1" hai0="82,31,14,68,83,72,47,111,44,56,59,24,112" hai1="54,69,87,120,91,26,57,125,2,17,113,43,132" hai2="123,131,84,20,61,0,108,9,8,62,130,135,10" hai3="115,19,51,89,101,12,80,100,65,128,117,48,104"/><U38/><E113/><V85/><F123/><W27/><G115/><T105/><D68/><U49/><E120/><V33/><F33/><W124/><G124/><T66/><D112/><U36/><E2/><V127/><F127/><W92/><G128/><N who="2" m="49193" /><F0/><W97/><G117/><T76/><D105/><U93/><E125/><V118/><F118/><W74/><G65/><T98/><D111/><U18/><E69/><V55/><F108/><W29/><G100/><T134/><D134/><U52/><E132/><V64/><F135/><W4/><G4/><T28/><D98/><U71/><E71/><N who="2" m="42383" /><F20/><W3/><G3/><T73/><D14/><U77/><E77/><V22/><F22/><W21/><G74/><T121/><D66/><U114/><E114/><V110/><F110/><W109/><G80/><T1/><D1/><U94/><E38/><V67/><F55/><W15/><G109/><T50/><D76/><U30/><E93/><V116/><F116/><W106/><G12/><T16/><D121/><U96/><E96/><V60/><F60/><W39/><G39/><T70/><D70/><AGARI ba="1,0" hai="8,9,10,62,67,70,84,85" m="42383,49193" machi="70" ten="30,1000,0" yaku="19,1" doraHai="23" who="2" fromWho="0" sc="224,-13,328,0,276,13,172,0" /><INIT seed="2,0,0,1,4,110" ten="211,328,289,172" oya="2" hai0="73,114,126,91,67,51,122,57,84,12,99,132,118" hai1="2,87,109,85,21,0,42,103,63,95,71,120,55" hai2="28,23,15,64,19,27,29,65,38,39,92,100,124" hai3="75,37,60,47,4,86,101,93,74,82,13,18,88"/><V58/><F124/><W97/><G4/><T34/><D73/><U113/><E113/><V90/><F29/><W20/><G37/><T111/><D34/><U77/><E109/><V72/><F72/><W70/><G47/><T17/><D122/><U7/><E120/><V129/><F129/><W78/><G70/><T43/><D111/><U125/><E125/><V26/><F26/><W105/><G74/><T5/><D5/><U117/><E117/><V16/><F100/><W123/><G60/><T11/><D126/><U6/><E42/><V115/><F115/><W69/><G69/><T59/><D114/><U3/><E21/><V10/><F19/><W112/><G112/><T46/><D132/><U79/><E0/><V116/><F116/><W40/><G40/><T22/><D67/><U135/><E71/><V53/><F39/><W80/><G80/><T8/><D99/><U49/><E63/><N who="2" m="36303" /><F38/><W30/><G30/><T107/><D107/><U36/><E36/><V102/><F102/><W9/><G123/><T31/><D118/><U66/><E103/><V32/><F32/><W128/><G128/><T14/><D31/><U98/><E135/><V83/><F83/><W61/><G61/><T106/><D106/><U76/><E2/><V133/><F133/><W44/><G44/><T50/><D50/><U108/><E3/><V33/><F33/><W35/><G35/><T119/><D119/><U81/><E81/><V54/><F54/><W130/><G130/><T121/><D121/><U127/><E127/><V48/><F48/><W25/><G25/><T62/><D46/><RYUUKYOKU ba="0,0" sc="211,-15,328,-15,289,15,172,15" hai2="10,15,16,23,27,28,64,65,90,92" hai3="9,13,18,20,75,78,82,86,88,93,97,101,105" /><INIT seed="2,1,0,3,0,125" ten="196,313,304,187" oya="2" hai0="70,90,46,132,75,127,5,35,32,37,44,8,100" hai1="111,89,21,30,42,34,81,94,0,101,45,91,131" hai2="126,103,78,48,20,82,6,68,120,96,39,67,123" hai3="88,7,52,112,9,1,124,43,116,121,130,13,134"/><V58/><F126/><W22/><G124/><T119/><D127/><U38/><E0/><V104/><F39/><W99/><G121/><T50/><D100/><U18/><E111/><V117/><F117/><W106/><G116/><T23/><D119/><U29/><E34/><V36/><F36/><W59/><G43/><T27/><D70/><U60/><E60/><V105/><F105/><W128/><G112/><T41/><D132/><U26/><E101/><V72/><F68/><W98/><G134/><T102/><D102/><U53/><E53/><V63/><F6/><W97/><G106/><T31/><D90/><U109/><E109/><V115/><F115/><W69/><G69/><T55/><REACH who="0" step="1"/><D75/><REACH who="0" ten="186,313,304,187" step="2"/><U73/><E91/><V108/><F108/><W28/><G88/><T47/><D47/><U74/><E74/><V40/><REACH who="2" step="1"/><F20/><REACH who="2" ten="186,313,294,187" step="2"/><W122/><G122/><T118/><D118/><U2/><E21/><V85/><F85/><W15/><G28/><T24/><D24/><U61/><E26/><V19/><F19/><W33/><G33/><T133/><D133/><U86/><E18/><V95/><F95/><W56/><G22/><T17/><D17/><U14/><E94/><V57/><F57/><W77/><G59/><T79/><D79/><U107/><E29/><V12/><F12/><AGARI ba="1,2" hai="5,8,12,23,27,31,32,35,37,41,44,46,50,55" machi="12" ten="30,2000,0" yaku="1,1,7,1,53,0" doraHai="125" doraHaiUra="87" who="0" fromWho="2" sc="186,43,313,0,294,-23,187,0" /><INIT seed="3,0,0,2,0,100" ten="229,313,271,187" oya="3" hai0="64,11,20,90,78,101,87,7,32,65,37,3,18" hai1="59,12,60,43,56,62,24,133,66,119,16,63,61" hai2="92,50,131,91,69,104,108,113,22,105,130,52,122" hai3="123,30,109,117,86,93,89,120,134,41,72,75,96"/><W33/><G33/><T46/><D32/><U94/><E133/><V35/><F35/><W14/><G14/><T36/><D78/><U28/><E119/><V5/><F113/><W125/><G30/><T85/><D85/><U8/><E43/><V77/><F108/><W34/><G34/><T31/><D31/><U27/><E28/><V97/><F122/><N who="3" m="46635" /><G41/><T26/><D46/><U39/><E39/><V6/><F69/><W128/><G125/><T44/><D44/><U1/><E1/><V95/><F77/><W82/><G128/><N who="2" m="49193" /><F22/><W2/><G2/><T49/><D49/><U124/><E124/><V0/><F95/><W71/><G71/><T110/><D110/><U84/><E59/><N who="2" m="33175" /><F0/><W88/><G109/><T57/><D65/><U73/><E73/><N who="3" m="28234" /><G134/><T21/><D21/><U29/><E29/><V67/><F67/><W48/><G48/><T106/><D57/><U102/><E24/><V121/><F121/><W23/><G23/><T129/><D64/><U47/><E27/><V112/><F112/><W114/><G114/><T135/><D129/><U13/><E12/><V80/><F80/><W51/><G51/><T45/><D45/><U10/><E47/><V126/><F126/><W127/><G127/><T76/><D135/><U132/><E132/><V74/><F74/><W116/><AGARI ba="0,0" hai="82,86,88,89,93,96,116,117" m="28234,46635" machi="116" ten="40,7800,0" yaku="34,2,54,1" doraHai="100" who="3" fromWho="3" sc="229,-26,313,-26,271,-26,187,78" /><INIT seed="3,1,0,3,3,50" ten="203,287,245,265" oya="3" hai0="81,91,98,37,90,115,135,105,36,24,94,84,71" hai1="58,82,46,123,86,78,33,70,31,114,83,16,65" hai2="51,62,89,130,74,131,93,9,44,116,21,134,32" hai3="12,43,56,85,26,45,67,30,6,76,8,19,118"/><W69/><G69/><T61/><D135/><U14/><E123/><V127/><F116/><W77/><G118/><T106/><D115/><U96/><E114/><V80/><F32/><W34/><G85/><T3/><D3/><U102/><E70/><V5/><F134/><W107/><G107/><T53/><D106/><U17/><E33/><V121/><F62/><W129/><G129/><N who="2" m="49161" /><F21/><W124/><G124/><T109/><D109/><U38/><E31/><V35/><F35/><W63/><REACH who="3" step="1"/><G6/><REACH who="3" ten="203,287,245,255" step="2"/><T68/><D68/><U87/><E86/><V52/><F127/><W99/><G99/><T113/><D113/><U60/><E96/><N who="2" m="57391" /><F121/><W4/><G4/><T10/><D105/><U73/><E87/><V28/><F74/><W122/><G122/><T18/><D71/><U55/><E73/><V108/><F108/><W0/><G0/><T103/><D103/><U110/><E102/><V1/><F80/><W104/><G104/><T66/><D66/><U75/><E83/><V7/><F5/><W88/><G88/><T128/><D128/><U40/><E110/><V39/><F39/><AGARI ba="1,1" hai="8,12,19,26,30,34,39,43,45,56,63,67,76,77" machi="39" ten="30,2900,0" yaku="1,1,7,1,53,0" doraHai="50" doraHaiUra="47" who="3" fromWho="2" sc="203,0,287,0,245,-32,255,42" /><INIT seed="3,2,0,5,5,56" ten="203,287,213,297" oya="3" hai0="93,50,53,35,17,98,48,38,61,36,90,23,83" hai1="6,42,63,94,95,21,44,20,80,16,2,119,85" hai2="28,65,37,118,130,116,66,106,43,45,79,5,113" hai3="72,7,10,84,105,123,76,124,96,81,41,67,11"/><W112/><G123/><T121/><D35/><U70/><E119/><V29/><F106/><W133/><G112/><T120/><D36/><U46/><E2/><V109/><F113/><W100/><G133/><T14/><D38/><U40/><E6/><V115/><F109/><W24/><G124/><T68/><D48/><U55/><E70/><V1/><F115/><W3/><G41/><N who="1" m="15978" /><E63/><V19/><F130/><W52/><G67/><T104/><D104/><U103/><E21/><V82/><F19/><W87/><G52/><T129/><D129/><U31/><E31/><V15/><F15/><W12/><G24/><T54/><D54/><U77/><E103/><V126/><F126/><W30/><G30/><T110/><D110/><U69/><E69/><V128/><F29/><W22/><G22/><T59/><REACH who="0" step="1"/><D83/><REACH who="0" ten="193,287,213,297" step="2"/><U49/><E44/><N who="2" m="23663" /><F128/><W86/><G72/><T88/><D88/><U89/><E89/><V39/><F118/><W101/><G101/><T9/><D9/><U51/><E49/><V75/><F116/><W97/><G105/><T57/><D57/><U13/><AGARI ba="2,1" hai="13,16,20,46,51,55,77,80,85,94,95" m="15978" machi="13" ten="30,2000,0" yaku="8,1,54,1" doraHai="56" who="1" fromWho="1" sc="193,-7,287,36,213,-7,297,-12" owari="186,-31.4,323,42.3,206,-19.4,285,8.5" /></mjloggm>