<mjloggm ver="2.3"><GO type="225" lobby="0"/><UN n0="%E3%81%82%E3%81%99%E3%81%AB%E3%82%83%E3%82%80" n1="%E3%81%AA%E3%82%81%E3%81%93%E9%9B%80%E5%A3%AB" n2="%74%2E%6F%2E%6F%2E%73" n3="%6D%75%75%73%61%6E%6D%75" dan="16,16,18,17" rate="2234.29,2019.62,2148.49,2170.55" sx="F,M,M,F"/><TAIKYOKU oya="0"/><INIT seed="0,0,0,1,5,133" ten="250,250,250,250" oya="0" hai0="84,120,63,14,91,92,107,21,27,16,96,38,88" hai1="135,62,49,19,60,97,75,110,109,114,24,30,61" hai2="83,126,31,98,0,68,51,10,18,15,43,112,113" hai3="80,9,59,111,77,116,32,102,46,67,99,118,73"/><T2/><D120/><U35/><E135/><V41/><F68/><W65/><G32/><T37/><D2/><U119/><E119/><V89/><F0/><W52/><G111/><T72/><D72/><U48/><E75/><V71/><F71/><W131/><G131/><T95/><D107/><U66/><E114/><V55/><F31/><W130/><G130/><T121/><D121/><U28/><E97/><V25/><F25/><W45/><G9/><T7/><D7/><U74/><E74/><V104/><F126/><W127/><G127/><T100/><D100/><U29/><E66/><V76/><F112/><W125/><G125/><T58/><D14/><U78/><E78/><V22/><F22/><W39/><G65/><AGARI ba="0,0" hai="16,21,27,37,38,58,63,65,84,88,91,92,95,96" machi="65" ten="30,5800,0" yaku="7,1,54,2" doraHai="133" who="0" fromWho="3" sc="250,58,250,0,250,0,250,-58" /><INIT seed="0,1,0,3,3,133" ten="308,250,250,192" oya="0" hai0="103,47,18,102,135,130,115,52,98,53,109,56,93" hai1="129,108,105,45,43,15,42,50,110,38,74,40,72" hai2="70,62,79,89,97,95,99,88,127,73,54,131,71" hai3="96,66,132,2,29,113,37,59,67,125,134,118,100"/><T128/><D115/><U13/><E105/><V11/><F131/><N who="0" m="50218" /><D135/><N who="3" m="51753" /><G113/><T85/><D109/><N who="1" m="42091" /><E129/><V91/><F127/><W48/><G118/><T69/><D69/><U116/><E116/><V83/><F11/><W60/><G37/><T46/><D103/><U114/><E114/><V87/><F71/><W78/><G2/><T57/><D18/><U107/><E107/><V20/><F20/><W0/><G0/><T10/><D10/><U4/><E38/><V24/><F24/><W65/><G29/><T84/><D84/><U121/><E121/><V122/><F122/><W55/><G78/><T80/><D56/><U112/><E112/><V1/><F1/><W14/><G14/><N who="1" m="5130" /><E4/><V111/><F111/><W81/><G81/><T36/><D36/><U76/><E76/><V64/><F73/><AGARI ba="1,0" hai="40,42,43,45,50,72,73,74" m="5130,42091" machi="73" ten="30,1000,0" yaku="14,1" doraHai="133" who="1" fromWho="2" sc="308,0,250,13,250,-13,192,0" /><INIT seed="1,0,0,1,5,49" ten="308,263,237,192" oya="1" hai0="79,89,119,26,93,87,86,51,10,5,19,124,76" hai1="74,132,96,77,99,24,53,60,9,54,127,61,128" hai2="69,41,16,122,0,14,108,92,3,80,114,36,118" hai3="106,102,94,72,63,126,75,100,78,112,40,117,52"/><U135/><E127/><V30/><F118/><W130/><G112/><T103/><D119/><U25/><E128/><V44/><F122/><W6/><G117/><T91/><D103/><U34/><E77/><V62/><F108/><W101/><G106/><T7/><D124/><U109/><E9/><V84/><F30/><W39/><G126/><T48/><D26/><U71/><E71/><V110/><F92/><W32/><G32/><T131/><D131/><U123/><E123/><V56/><F69/><W15/><G130/><T18/><D93/><U27/><E74/><V11/><F110/><W70/><G70/><T45/><D10/><U12/><E12/><V105/><F105/><W107/><G107/><T90/><D90/><U28/><E109/><V4/><F4/><W83/><G75/><T82/><D45/><U33/><E27/><V121/><F114/><W67/><G39/><T23/><D23/><U17/><E17/><V68/><F68/><W35/><G35/><T116/><D116/><U81/><E81/><AGARI ba="0,0" hai="5,7,18,19,48,51,76,79,81,82,86,87,89,91" machi="81" ten="25,3200,0" yaku="22,2,8,1" doraHai="49" who="0" fromWho="1" sc="308,32,263,-32,237,0,192,0" /><INIT seed="2,0,0,4,3,91" ten="340,231,237,192" oya="2" hai0="84,81,26,102,46,8,98,119,15,111,62,32,35" hai1="53,89,64,11,28,110,125,59,134,85,4,87,51" hai2="2,40,113,66,25,70,96,42,60,75,61,50,63" hai3="121,105,14,82,34,97,69,6,107,127,43,9,72"/><V0/><F75/><W117/><G121/><T126/><D111/><U86/><E110/><V90/><F113/><W124/><G117/><T95/><D126/><U68/><E125/><V19/><F70/><W57/><G69/><T132/><D132/><U13/><E134/><V1/><F66/><W56/><G34/><T79/><D26/><U47/><E28/><V44/><F40/><W109/><G109/><T99/><D99/><U130/><E130/><V3/><N who="2" m="0" /><DORA hai="83" /><V112/><F112/><W71/><G71/><T78/><D78/><U37/><E68/><V30/><F19/><W41/><G124/><T55/><D119/><U76/><E76/><V39/><F96/><W29/><G29/><T116/><D116/><U65/><E89/><V52/><F90/><W114/><G114/><T21/><D21/><U128/><E128/><V38/><REACH who="2" step="1"/><F42/><REACH who="2" ten="340,231,227,192" step="2"/><W74/><G127/><T27/><D79/><U131/><REACH who="1" step="1"/><E131/><REACH who="1" ten="340,221,227,192" step="2"/><V104/><F104/><W36/><G105/><T24/><D102/><U129/><E129/><V33/><AGARI ba="0,2" hai="25,30,33,38,39,44,50,52,60,61,63" m="0" machi="33" ten="60,12000,1" yaku="1,1,0,1,54,1,53,1" doraHai="91,83" doraHaiUra="18,49" who="2" fromWho="2" sc="340,-40,221,-40,227,140,192,-40" /><INIT seed="2,1,0,1,5,124" ten="300,181,367,152" oya="2" hai0="70,85,0,50,21,96,12,87,121,2,54,17,102" hai1="32,57,103,33,77,92,127,79,35,113,55,73,29" hai2="18,40,128,115,5,64,100,131,45,4,83,60,62" hai3="13,101,99,37,110,81,46,86,7,129,122,30,69"/><V106/><F115/><W75/><G69/><T42/><D70/><U132/><E113/><V23/><F83/><W47/><G122/><T3/><D42/><U24/><E127/><V84/><F84/><W109/><G75/><T20/><D20/><U126/><E126/><V93/><F106/><W63/><G30/><T26/><D26/><U134/><E73/><V27/><F93/><W10/><G63/><T78/><D78/><N who="1" m="29707" /><E103/><V51/><F100/><W88/><G129/><N who="2" m="49737" /><F60/><W61/><G61/><T114/><D121/><U66/><E66/><V19/><F18/><W76/><G76/><T41/><D41/><U67/><E92/><V108/><F108/><W90/><G90/><T105/><REACH who="0" step="1"/><D114/><REACH who="0" ten="290,181,367,152" step="2"/><U58/><E24/><V9/><F9/><W59/><G109/><T97/><D97/><U72/><E33/><V15/><F27/><W82/><G110/><T123/><D123/><U74/><E35/><V125/><F125/><W25/><G25/><T53/><D53/><U65/><E55/><V133/><F133/><N who="1" m="51305" /><E67/><V39/><F39/><W118/><G37/><T1/><N who="0" m="0" /><DORA hai="6" /><T11/><D11/><U52/><E65/><V89/><F89/><W116/><G99/><T38/><D38/><U68/><E32/><V71/><AGARI ba="1,1" hai="4,5,15,19,23,40,45,51,62,64,71" m="49737" machi="71" ten="30,11700,0" yaku="19,1,52,3" doraHai="124,6" who="2" fromWho="2" sc="290,-40,181,-40,367,130,152,-40" /><INIT seed="2,2,0,2,3,25" ten="250,141,497,112" oya="2" hai0="103,53,118,108,27,64,99,28,22,123,70,134,10" hai1="110,49,55,52,74,8,88,127,91,58,106,121,89" hai2="113,126,32,23,30,100,12,94,39,16,72,9,15" hai3="45,41,85,43,26,2,96,47,124,122,0,128,63"/><V78/><F39/><W117/><G117/><T75/><D123/><U84/><E74/><V46/><F113/><W67/><G122/><T120/><D120/><U65/><E106/><V109/><F46/><W104/><G124/><T68/><D108/><U7/><E121/><V130/><F126/><W112/><G112/><T101/><D118/><U14/><E127/><V66/><F130/><W56/><G128/><T86/><D75/><U38/><E38/><V107/><F107/><W114/><G114/><T57/><D64/><U18/><E110/><V31/><F66/><W5/><G104/><T50/><D103/><U83/><E65/><V59/><F32/><W81/><G96/><T87/><D10/><U44/><E7/><V60/><F109/><W11/><G2/><T115/><D134/><U132/><E132/><V3/><F3/><W129/><G129/><T20/><D20/><U29/><E29/><V21/><F78/><W119/><G119/><T62/><D62/><AGARI ba="2,0" hai="8,14,18,44,49,52,55,58,62,83,84,88,89,91" machi="62" ten="30,12000,2" yaku="7,1,25,2,8,1,54,2" doraHai="25" who="1" fromWho="0" sc="250,-126,141,126,497,0,112,0" /><INIT seed="3,0,0,3,2,12" ten="124,267,497,112" oya="3" hai0="134,70,104,132,121,113,98,128,25,42,99,26,64" hai1="109,117,97,44,20,41,91,112,15,73,131,0,53" hai2="2,106,87,10,31,23,100,75,94,81,76,56,135" hai3="65,54,43,133,79,22,96,122,17,68,114,48,40"/><W93/><G114/><T19/><D121/><U29/><E0/><V7/><F135/><N who="0" m="51754" /><D113/><U127/><E73/><V119/><F119/><W90/><G133/><T67/><D128/><U32/><E109/><V103/><F106/><W74/><G122/><T105/><D42/><U88/><E32/><V49/><F75/><W16/><G74/><T38/><D38/><U34/><E34/><V37/><F37/><W27/><G79/><T78/><D78/><U47/><E127/><V33/><F33/><W101/><G68/><T51/><D51/><U69/><E69/><V129/><F129/><W66/><G90/><T9/><D9/><U57/><E91/><V92/><F103/><W18/><G40/><T115/><D115/><U124/><E117/><V72/><F100/><W110/><G43/><T116/><D116/><U130/><E124/><V55/><F72/><W85/><G110/><T4/><D4/><U1/><E41/><V80/><F80/><W13/><G85/><T111/><D111/><U118/><E112/><V3/><F3/><W8/><G17/><T82/><D82/><U50/><E130/><V30/><F30/><W36/><G36/><T86/><D86/><U60/><E29/><V24/><AGARI ba="0,0" hai="2,7,10,23,24,31,49,55,56,76,81,87,92,94" machi="24" ten="30,1100,0" yaku="0,1" doraHai="12" who="2" fromWho="2" sc="124,-3,267,-3,497,11,112,-5" owari="121,-27.9,264,6.4,508,60.8,107,-39.3" /></mjloggm>