<mjloggm ver="2.3"><GO type="225" lobby="0"/><UN n0="%E5%88%9D%E5%8F%B7%E6%A9%9F%E3%81%A8%E4%BA%8C%E5%8F%B7%E6%A9%9F" n1="%E8%A8%88%E7%AE%97%E6%A9%9F%E8%87%AA%E7%84%B6" n2="%6D%75%75%6D%75%72%61" n3="%45%6C%79%73%69%75%6D" dan="17,17,17,18" rate="2176.70,2193.92,2208.12,2184.77" sx="M,M,F,F"/><TAIKYOKU oya="0"/><INIT seed="0,0,0,5,4,39" ten="250,250,250,250" oya="0" hai0="105,82,81,73,31,51,35,15,29,36,92,114,113" hai1="67,33,83,77,28,17,25,1,97,79,102,84,16" hai2="107,44,70,12,68,125,93,22,133,108,3,64,24" hai3="27,131,100,69,75,6,18,10,74,87,128,66,96"/><T103/><D36/><U20/><E1/><V42/><F3/><N who="3" m="351" /><G87/><T95/><D35/><U8/><E8/><V14/><F107/><N who="3" m="63879" /><G18/><T122/><D122/><U120/><E120/><V9/><F108/><W2/><G2/><T91/><D105/><U116/><E116/><V4/><F125/><W112/><G27/><T11/><D73/><N who="3" m="27657" /><G112/><T65/><D114/><U30/><E77/><V106/><F133/><W60/><AGARI ba="0,0" hai="60,66,69,128,131" m="27657,63879,351" machi="60" ten="30,1100,0" yaku="23,1" doraHai="39" who="3" fromWho="3" sc="250,-5,250,-3,250,-3,250,11" /><INIT seed="1,0,0,4,2,133" ten="245,247,247,261" oya="1" hai0="27,43,111,41,96,83,84,20,49,134,19,35,107" hai1="88,127,91,47,76,78,15,37,64,25,18,38,29" hai2="24,77,39,86,8,13,22,124,118,59,46,108,66" hai3="100,56,2,95,9,32,14,104,34,45,21,101,55"/><U131/><E131/><V135/><F118/><W62/><G104/><T61/><D134/><U71/><E71/><V94/><F135/><W89/><G32/><T99/><D111/><U102/><E64/><V119/><F119/><W75/><G75/><T50/><D35/><U113/><E113/><V110/><F124/><W97/><G34/><T120/><D61/><U33/><E102/><V105/><F105/><W79/><G79/><T98/><D107/><U63/><E63/><V126/><F126/><W58/><G2/><T132/><D120/><U106/><E106/><V112/><F112/><W130/><G130/><T11/><D11/><U17/><E127/><V30/><F59/><W51/><G58/><T4/><D4/><U12/><E33/><V92/><F66/><W68/><G21/><T114/><D114/><U42/><E25/><V67/><F67/><W73/><G73/><T28/><D28/><U5/><E5/><V54/><F92/><W103/><G68/><T3/><D3/><U52/><E29/><V48/><F39/><W44/><REACH who="3" step="1"/><G62/><REACH who="3" ten="245,247,247,251" step="2"/><T117/><D132/><U26/><E76/><V93/><F77/><W72/><G72/><T40/><D117/><U16/><E78/><AGARI ba="0,1" hai="19,20,27,40,41,43,49,50,78,83,84,96,98,99" machi="78" ten="40,1300,0" yaku="8,1" doraHai="133" who="0" fromWho="1" sc="245,23,247,-13,247,0,251,0" /><INIT seed="2,0,0,5,3,58" ten="268,234,247,251" oya="2" hai0="36,116,125,77,27,26,18,131,20,49,114,99,68" hai1="127,28,21,23,67,53,69,40,44,14,87,65,73" hai2="78,134,62,88,0,119,11,34,19,105,112,9,13" hai3="133,124,16,92,89,74,37,80,10,129,48,106,97"/><V103/><F112/><W47/><G129/><T123/><D114/><U17/><E73/><V45/><F119/><W57/><G133/><T100/><D131/><U102/><E127/><V120/><F34/><W66/><G124/><T4/><D36/><U94/><E53/><V60/><F120/><W24/><G37/><T117/><D125/><U122/><E122/><V84/><F134/><W46/><G106/><T82/><D68/><U108/><E108/><V56/><F105/><W70/><G70/><T63/><D49/><N who="1" m="26759" /><E69/><V25/><F103/><W81/><G74/><T132/><D4/><U90/><E102/><V93/><F78/><W1/><G1/><T38/><D38/><U104/><E104/><V101/><F101/><W110/><G110/><T118/><D123/><U42/><E42/><V6/><F25/><AGARI ba="0,0" hai="14,17,21,23,25,28,65,67,87,90,94" m="26759" machi="25" ten="30,1000,0" yaku="8,1" doraHai="58" who="1" fromWho="2" sc="268,0,234,10,247,-10,251,0" /><INIT seed="3,0,0,2,4,115" ten="268,244,237,251" oya="3" hai0="116,97,17,28,118,76,30,49,94,14,20,38,103" hai1="16,80,54,106,74,75,88,11,68,81,2,79,65" hai2="131,43,70,31,129,85,112,42,36,117,34,15,64" hai3="50,58,24,121,92,108,23,4,96,6,113,130,35"/><W107/><G121/><T46/><D38/><U132/><E106/><V87/><F112/><W109/><G113/><T40/><REACH who="0" step="1"/><D76/><REACH who="0" ten="258,244,237,251" step="2"/><U0/><E79/><V45/><F129/><W63/><G130/><T104/><D104/><U21/><E74/><V135/><F131/><W8/><G107/><T102/><D102/><U48/><E75/><V66/><F36/><W18/><G35/><T78/><D78/><U51/><E88/><V13/><F34/><W56/><G108/><T82/><D82/><U89/><E89/><V120/><F120/><W61/><G109/><T60/><D60/><U44/><E80/><V27/><F135/><W134/><G134/><T100/><D100/><U84/><E81/><V1/><F1/><W83/><G83/><T125/><D125/><U52/><E0/><V7/><F87/><W77/><G77/><T62/><D62/><U12/><E84/><V22/><F85/><W99/><G61/><T98/><D98/><U124/><E124/><V71/><F71/><W128/><G128/><T114/><D114/><U53/><E132/><V33/><F33/><W69/><G69/><T133/><D133/><U9/><E2/><V67/><F70/><W29/><G96/><T93/><D93/><U101/><E101/><V110/><F110/><W127/><G127/><T122/><D122/><U25/><E68/><V55/><F117/><AGARI ba="0,1" hai="14,17,20,28,30,40,46,49,94,97,103,116,117,118" machi="117" ten="40,8000,1" yaku="1,1,52,3,53,0" doraHai="115" doraHaiUra="119" who="0" fromWho="2" sc="258,90,244,0,237,-80,251,0" owari="348,44.8,244,-15.6,157,-34.3,251,5.1" /></mjloggm>