<mjloggm ver="2.3"><GO type="225" lobby="0"/><UN n0="%E3%81%AF%E3%82%88%E3%81%8A%E3%81%98%E3%81%95%E3%82%93" n1="%6D%61%74%69%67%75%73%61" n2="%E6%B4%BE%E9%81%A3%E3%81%AE%E3%82%B8%E3%83%A3%E3%83%83%E3%82%AF" n3="%E7%89%B9%E6%9D%B1%E3%81%AF%E4%B8%96%E7%95%8C%E3%82%92%E6%95%91%E3%81%86" dan="17,17,17,16" rate="2191.78,2191.67,2225.87,2143.72" sx="M,M,M,M"/><TAIKYOKU oya="0"/><INIT seed="0,0,0,4,2,25" ten="250,250,250,250" oya="0" hai0="56,135,68,115,108,117,77,85,75,94,27,102,57" hai1="112,23,131,90,65,47,7,82,126,109,111,76,80" hai2="54,71,134,78,104,34,84,50,92,36,103,21,127" hai3="64,110,28,1,70,51,113,5,120,83,122,14,69"/><T33/><D115/><U98/><E65/><V40/><F71/><W19/><G113/><T118/><D68/><U35/><E35/><V6/><F34/><W60/><G110/><T22/><D33/><U26/><E7/><V18/><F104/><W24/><G69/><T123/><D123/><N who="3" m="47145" /><G5/><T48/><D108/><U10/><E10/><V31/><F6/><W61/><G1/><T66/><D135/><U81/><E131/><V63/><F63/><N who="3" m="40223" /><G83/><T38/><D38/><U130/><E81/><V52/><F36/><W116/><G116/><T89/><D102/><U4/><E82/><N who="2" m="47191" /><F127/><W121/><G51/><T2/><D2/><U55/><E130/><V107/><F107/><W45/><G45/><T114/><D114/><U37/><E47/><N who="2" m="25959" /><F134/><W32/><N who="3" m="47153" /><W74/><DORA hai="53" /><G74/><T96/><D75/><U30/><E126/><V46/><F46/><W42/><G42/><T49/><D118/><U105/><E112/><V62/><F62/><W17/><G17/><T133/><D133/><U9/><E111/><V43/><F18/><W13/><G13/><T87/><D117/><U58/><E109/><V29/><F43/><W95/><G95/><T44/><D44/><U8/><E37/><V100/><F92/><W0/><G0/><T91/><D66/><U101/><E105/><V59/><F100/><W12/><G12/><T15/><D15/><U106/><E101/><V129/><F129/><W11/><AGARI ba="0,0" hai="11,14,19,24,28,32,60,61" m="40223,47153" machi="11" ten="40,2700,0" yaku="13,1,52,1" doraHai="25,53" who="3" fromWho="3" sc="250,-13,250,-7,250,-7,250,27" /><INIT seed="1,0,0,1,3,72" ten="237,243,243,277" oya="1" hai0="105,135,59,43,41,6,82,78,65,34,123,132,21" hai1="70,33,53,11,49,52,122,1,45,22,18,56,91" hai2="30,127,16,55,39,98,35,17,134,104,87,37,116" hai3="44,10,86,48,88,113,68,96,67,117,89,13,124"/><U28/><E122/><V93/><F116/><W111/><G113/><T108/><D34/><U66/><E70/><V73/><F73/><W20/><G117/><T107/><D123/><U133/><E133/><N who="0" m="51273" /><D108/><U112/><E112/><V25/><F134/><W100/><G124/><T38/><D6/><U71/><E71/><V102/><F127/><W32/><G32/><T3/><D3/><U61/><E33/><V120/><F120/><W125/><G111/><T4/><D4/><U84/><E1/><V0/><F0/><W90/><G20/><T36/><D21/><U115/><E115/><V74/><F74/><W76/><G125/><T80/><D59/><U131/><E131/><V57/><F39/><N who="0" m="14890" /><D65/><U46/><E28/><V94/><F37/><W14/><G67/><T5/><D5/><U99/><E99/><V9/><F9/><W83/><G10/><T15/><D15/><U29/><E29/><V31/><F31/><W54/><REACH who="3" step="1"/><G68/><REACH who="3" ten="237,243,243,267" step="2"/><T8/><D8/><U69/><E11/><V129/><F129/><W19/><G19/><T101/><D105/><AGARI ba="0,1" hai="13,14,44,48,54,76,83,86,88,89,90,96,100,105" machi="105" ten="40,8000,1" yaku="1,1,52,1,54,1,53,1" doraHai="72" doraHaiUra="40" who="3" fromWho="0" sc="237,-80,243,0,243,0,267,90" /><INIT seed="2,0,0,5,4,87" ten="157,243,243,357" oya="2" hai0="112,17,13,106,127,26,71,35,75,118,20,84,58" hai1="55,61,99,135,48,1,28,67,74,105,49,117,104" hai2="69,134,34,85,19,83,96,12,21,10,0,113,77" hai3="66,76,108,42,54,80,133,16,88,72,115,97,89"/><V120/><F120/><W24/><G108/><T27/><D75/><U44/><E117/><V86/><F113/><W130/><G115/><T38/><D112/><U51/><E1/><V22/><F69/><W60/><G130/><T65/><D71/><U131/><E74/><V102/><F34/><W50/><G42/><T91/><D106/><U107/><E135/><V33/><F33/><W53/><G133/><T95/><D38/><U90/><E28/><V126/><F134/><W40/><G40/><T31/><D127/><U8/><E8/><V23/><F126/><W41/><G41/><T79/><D118/><U93/><REACH who="1" step="1"/><E131/><REACH who="1" ten="157,233,243,357" step="2"/><V110/><F110/><W109/><G72/><T14/><REACH who="0" step="1"/><D79/><REACH who="0" ten="147,233,243,357" step="2"/><U123/><E123/><V4/><F77/><W52/><G76/><T29/><D29/><U64/><E64/><V11/><REACH who="2" step="1"/><F83/><REACH who="2" ten="147,233,233,357" step="2"/><W7/><G80/><T45/><D45/><U78/><E78/><V43/><F43/><W39/><G109/><T94/><D94/><AGARI ba="0,3" hai="0,4,10,11,12,19,21,22,23,85,86,94,96,102" machi="94" ten="40,3900,0" yaku="1,1,53,1" doraHai="87" doraHaiUra="92" who="2" fromWho="0" sc="147,-39,233,0,233,69,357,0" /><INIT seed="2,1,0,2,2,15" ten="108,233,302,357" oya="2" hai0="126,64,98,46,115,114,55,99,38,51,119,33,3" hai1="50,9,90,13,104,103,17,88,106,29,127,130,81" hai2="70,132,44,39,21,5,0,20,94,19,49,25,6" hai3="92,129,10,101,107,26,69,53,105,73,14,63,93"/><V112/><F112/><W28/><G73/><T27/><D3/><U22/><E130/><V56/><F70/><W4/><G129/><T43/><D126/><U58/><E127/><V89/><F132/><W131/><G131/><T76/><D119/><U124/><E124/><V111/><F111/><W52/><G93/><T1/><D1/><U36/><E36/><V48/><F39/><W23/><G92/><T37/><D37/><U79/><E106/><V85/><F0/><W41/><G41/><T54/><D64/><U122/><E122/><V110/><F110/><W95/><G95/><T11/><D11/><U40/><E103/><V61/><F21/><W100/><G100/><T16/><D76/><U66/><E104/><V91/><F91/><W84/><G84/><T74/><D74/><U116/><E116/><V78/><F78/><W134/><G134/><T102/><D33/><U57/><E29/><V67/><F48/><W42/><G42/><AGARI ba="1,0" hai="5,6,19,20,25,42,44,49,56,61,67,85,89,94" machi="42" ten="30,5800,0" yaku="7,1,8,1,52,1" doraHai="15" who="2" fromWho="3" sc="108,0,233,0,302,61,357,-61" /><INIT seed="2,2,0,0,1,75" ten="108,233,363,296" oya="2" hai0="45,125,28,42,69,67,54,18,119,49,130,58,11" hai1="93,35,123,86,131,88,8,127,2,48,52,60,133" hai2="61,68,105,91,114,6,22,65,83,82,102,84,121" hai3="26,30,96,129,47,56,1,33,66,94,25,21,12"/><V101/><F114/><W100/><G129/><T122/><D122/><U15/><E35/><V16/><F121/><W134/><G134/><T90/><D130/><U63/><E123/><V14/><F105/><W7/><G47/><T89/><D125/><U62/><E131/><V92/><F6/><W77/><G77/><T97/><D119/><U29/><E133/><V135/><F135/><W20/><G1/><T59/><D28/><U106/><E106/><V10/><F10/><N who="3" m="4191" /><G33/><T80/><D69/><U124/><E29/><V4/><F4/><W85/><G85/><T132/><D132/><U126/><E2/><V76/><REACH who="2" step="1"/><F83/><REACH who="2" ten="108,233,353,296" step="2"/><W112/><G112/><T74/><D80/><U98/><E8/><V118/><F118/><W24/><G30/><T27/><D11/><U95/><E15/><V19/><F19/><W51/><G20/><T111/><D18/><U110/><E110/><V103/><F103/><W99/><G21/><T120/><D111/><U32/><E32/><V71/><F71/><W40/><G100/><T108/><D120/><U79/><E79/><V64/><F64/><W116/><G116/><T113/><D67/><U31/><E31/><V55/><F55/><W107/><G107/><T72/><D108/><U104/><E104/><V43/><F43/><W115/><G115/><T73/><D113/><U9/><E9/><V87/><AGARI ba="2,1" hai="14,16,22,61,65,68,76,82,84,87,91,92,101,102" machi="87" ten="20,12000,1" yaku="1,1,0,1,7,1,52,1,54,1,53,0" doraHai="75" doraHaiUra="117" who="2" fromWho="2" sc="108,-42,233,-42,353,136,296,-42" /><INIT seed="2,3,0,1,2,116" ten="66,191,489,254" oya="2" hai0="24,85,65,41,93,113,36,70,29,63,100,88,3" hai1="7,86,48,59,83,5,111,90,31,122,95,15,89" hai2="66,105,11,132,117,49,25,73,130,27,120,43,2" hai3="10,44,101,53,51,19,54,106,46,124,12,60,26"/><V47/><F105/><W30/><G124/><T42/><D113/><U9/><E111/><V76/><F117/><W119/><G119/><T107/><D3/><U55/><E31/><V133/><F130/><W57/><G106/><T61/><D36/><U35/><E35/><V37/><F66/><W16/><G101/><T28/><D28/><U81/><E122/><V0/><F120/><W72/><G72/><T92/><D92/><U69/><E69/><V125/><F125/><W23/><REACH who="3" step="1"/><G46/><REACH who="3" ten="66,191,489,244" step="2"/><T103/><D103/><U108/><E108/><V80/><F47/><W50/><G50/><T98/><REACH who="0" step="1"/><D61/><REACH who="0" ten="56,191,489,244" step="2"/><U34/><E34/><AGARI ba="3,2" hai="24,29,34,41,42,63,65,70,85,88,93,98,100,107" machi="34" ten="30,12000,2" yaku="1,1,2,1,7,1,25,2,54,1,53,1" doraHai="116" doraHaiUra="91" who="0" fromWho="1" sc="56,149,191,-129,489,0,244,0" /><INIT seed="3,0,0,1,2,121" ten="205,62,489,244" oya="3" hai0="60,114,53,70,65,99,71,97,93,87,125,89,78" hai1="68,5,107,86,56,22,118,102,41,36,72,133,62" hai2="91,44,20,128,45,27,79,120,21,30,127,26,58" hai3="124,11,0,54,117,15,116,81,92,80,129,37,130"/><W119/><G0/><T95/><D125/><U9/><E86/><V77/><F127/><W39/><G124/><T100/><D114/><U113/><E22/><V28/><F128/><N who="3" m="49259" /><G54/><T51/><D70/><U18/><E18/><V14/><F120/><W34/><G34/><T131/><D131/><U7/><E7/><V123/><F123/><W59/><G59/><T112/><D112/><U52/><E113/><V90/><F58/><W66/><G66/><T73/><D73/><U38/><E72/><V94/><F94/><W8/><G92/><T61/><D61/><U17/><E17/><V96/><F96/><W134/><G134/><T105/><D78/><U1/><E133/><V103/><F103/><W110/><G110/><T135/><D135/><U55/><E118/><V25/><F25/><W31/><G31/><T57/><D99/><U83/><E83/><AGARI ba="0,0" hai="51,53,57,60,65,71,83,87,89,93,95,97,100,105" machi="83" ten="30,1000,0" yaku="7,1" doraHai="121" who="0" fromWho="1" sc="205,10,62,-10,489,0,244,0" owari="215,-18.5,52,-44.8,489,58.9,244,4.4" /></mjloggm>