<mjloggm ver="2.3"><GO type="225" lobby="0"/><UN n0="%6D%75%75%6D%75%72%61" n1="%E3%83%9F%E3%83%AA%E3%83%80%E3%81%97%E3%82%88" n2="%E7%BD%AA%E5%88%91%E6%B3%95%E5%AE%9A%E4%B8%BB%E7%BE%A9" n3="%E9%B3%B3%E6%9D%B1%E3%81%AE%E3%81%86%E3%81%95%E3%81%8E%E3%81%95%E3%82%93" dan="16,16,16,16" rate="2082.76,2053.14,2156.75,2214.73" sx="F,M,M,M"/><TAIKYOKU oya="0"/><INIT seed="0,0,0,1,3,82" ten="250,250,250,250" oya="0" hai0="117,15,121,107,114,65,27,68,34,88,127,12,132" hai1="87,48,125,1,133,60,111,128,2,36,79,47,105" hai2="55,38,0,92,39,104,25,8,16,96,30,11,50" hai3="67,109,19,69,22,103,134,61,51,129,4,72,101"/><T131/><RYUUKYOKU type="yao9" ba="0,0" sc="250,0,250,0,250,0,250,0" hai0="12,15,27,34,65,68,88,107,114,117,121,127,131,132" /><INIT seed="0,1,0,3,4,40" ten="250,250,250,250" oya="0" hai0="7,0,95,126,42,44,118,19,130,129,104,38,100" hai1="65,113,124,60,69,134,81,83,135,50,17,48,97" hai2="28,84,85,74,21,33,108,70,5,117,14,31,8" hai3="22,99,58,36,68,39,125,72,73,12,63,123,37"/><T88/><D118/><U56/><E124/><V128/><F74/><W62/><G125/><T55/><D126/><U112/><E17/><V54/><F117/><W79/><G123/><T1/><D104/><U45/><E97/><V111/><F70/><W132/><G132/><N who="1" m="50730" /><E81/><V26/><F54/><W47/><G68/><T2/><D100/><U91/><E91/><V13/><F85/><W119/><G119/><T43/><D7/><U61/><E83/><V89/><F128/><N who="0" m="49258" /><D19/><U59/><E69/><V96/><F96/><W93/><G99/><N who="0" m="57831" /><D42/><N who="1" m="24631" /><E50/><V18/><REACH who="2" step="1"/><F31/><REACH who="2" ten="250,250,240,250" step="2"/><W35/><G73/><T51/><D0/><U92/><E92/><AGARI ba="1,1" hai="5,8,13,14,18,21,26,28,33,84,89,92,108,111" machi="92" ten="40,5200,0" yaku="1,1,2,1,53,1" doraHai="40" doraHaiUra="29" who="2" fromWho="1" sc="250,0,250,-55,240,65,250,0" /><INIT seed="1,0,0,4,5,6" ten="250,195,305,250" oya="1" hai0="10,19,26,118,18,8,3,129,130,128,29,24,105" hai1="97,134,28,103,59,55,12,99,76,121,78,69,36" hai2="44,4,58,38,23,112,2,31,109,16,32,13,113" hai3="30,62,126,119,71,101,20,110,48,37,35,34,74"/><U68/><E121/><V77/><F109/><W46/><G74/><T17/><D105/><U106/><E134/><V131/><F131/><W1/><G37/><T116/><D3/><U100/><E36/><V90/><F77/><W39/><G39/><T11/><D24/><U64/><E28/><V84/><F58/><W43/><G110/><T88/><D88/><U33/><E33/><AGARI ba="0,0" hai="8,10,11,17,18,19,26,29,33,116,118,128,129,130" machi="33" ten="50,16000,3" yaku="29,2,19,1,34,3,52,3" doraHai="6" who="0" fromWho="1" sc="250,160,195,-160,305,0,250,0" /><INIT seed="2,0,0,4,2,130" ten="410,35,305,250" oya="2" hai0="110,8,93,29,85,94,21,15,42,78,88,72,3" hai1="2,30,109,10,28,118,115,44,51,70,129,106,56" hai2="19,46,134,37,123,131,77,34,53,69,7,45,107" hai3="74,55,48,49,127,82,35,57,108,95,38,101,120"/><V105/><F123/><W111/><G38/><T89/><D110/><N who="3" m="42025" /><G127/><T4/><D72/><U103/><E103/><V24/><F131/><W116/><G116/><T100/><D100/><U6/><E56/><V13/><F69/><W124/><G124/><T65/><D65/><U67/><E67/><V114/><F114/><W40/><G35/><T84/><D78/><U17/><E70/><V22/><F77/><N who="3" m="44343" /><G120/><T122/><D122/><U91/><E91/><V16/><F7/><W32/><G32/><T26/><D42/><U33/><E106/><V61/><F34/><W98/><G40/><T71/><D71/><U76/><E76/><V12/><F37/><W128/><G128/><T64/><D64/><U121/><E51/><AGARI ba="0,0" hai="48,49,51,55,57,95,98,101" m="44343,42025" machi="51" ten="30,1000,0" yaku="14,1" doraHai="130" who="3" fromWho="1" sc="410,0,35,-10,305,0,250,10" /><INIT seed="3,0,0,3,3,72" ten="410,25,305,260" oya="3" hai0="106,87,119,64,82,3,21,86,84,111,71,35,38" hai1="14,31,121,18,107,13,101,47,36,70,135,85,129" hai2="78,95,118,90,63,100,25,28,10,29,89,62,77" hai3="49,20,59,55,104,16,1,92,17,33,74,79,113"/><W122/><G113/><T42/><D35/><U50/><E121/><V51/><F118/><W56/><G104/><T131/><D106/><U48/><E70/><V108/><F108/><W43/><G33/><T2/><D111/><U67/><E67/><V53/><F10/><W40/><G122/><T112/><D131/><U123/><E123/><V110/><F100/><W83/><G1/><T34/><D34/><U57/><E31/><N who="2" m="11851" /><F25/><W7/><G7/><T93/><D119/><U115/><E115/><V114/><F114/><W91/><G56/><T103/><D21/><U41/><E135/><V46/><F90/><W98/><REACH who="3" step="1"/><G17/><REACH who="3" ten="410,25,305,250" step="2"/><T96/><D112/><U54/><E129/><V132/><F110/><W73/><G73/><T5/><D2/><U32/><E32/><V124/><F132/><W58/><G58/><T80/><D3/><U15/><E107/><V9/><F124/><W66/><G66/><T69/><D5/><U133/><E133/><V19/><F19/><W24/><AGARI ba="0,1" hai="16,20,24,40,43,49,55,59,74,79,83,91,92,98" machi="24" ten="20,12000,1" yaku="1,1,0,1,7,1,52,1,54,1,53,0" doraHai="72" doraHaiUra="102" who="3" fromWho="3" sc="410,-40,25,-40,305,-40,250,130" owari="370,17.0,-15,-51.5,265,-13.5,380,48.0" /></mjloggm>