<mjloggm ver="2.3"><GO type="225" lobby="0"/><UN n0="%73%61%6E%64%69%72%69%73" n1="%54%4F%52" n2="%E3%81%AF%E3%82%88%E3%81%8A%E3%81%98%E3%81%95%E3%82%93" n3="%E7%B4%94%E6%BD%94%E3%83%94%E3%83%A9%E3%83%8B%E3%82%A2" dan="16,17,17,16" rate="2188.17,2239.41,2230.80,2151.51" sx="M,M,M,M"/><TAIKYOKU oya="0"/><INIT seed="0,0,0,1,2,113" ten="250,250,250,250" oya="0" hai0="55,120,28,15,109,20,13,110,46,24,82,14,59" hai1="6,43,128,47,34,129,70,5,86,44,100,16,103" hai2="106,121,23,9,132,97,21,75,56,2,98,18,80" hai3="29,52,49,111,116,7,42,124,37,114,30,130,112"/><T67/><D120/><U69/><E34/><V33/><F33/><W91/><G7/><T81/><D67/><U22/><E86/><V126/><F121/><W77/><G77/><T90/><D46/><U89/><E89/><V71/><F71/><W122/><G42/><T25/><D25/><U127/><E127/><V17/><F126/><W88/><G49/><T63/><REACH who="0" step="1"/><D90/><REACH who="0" ten="240,250,250,250" step="2"/><U64/><E64/><V102/><F56/><W10/><G88/><T119/><D119/><U0/><E47/><V125/><F125/><W50/><G91/><T54/><D54/><U61/><E44/><V92/><F98/><W115/><G52/><T57/><D57/><U87/><E69/><V68/><F68/><W78/><G116/><T27/><D27/><U65/><E70/><V135/><F97/><W118/><G118/><T95/><D95/><U76/><E65/><V105/><F92/><W73/><G124/><T131/><D131/><U85/><E128/><V31/><F106/><W104/><G104/><T8/><D8/><U83/><E129/><V66/><F9/><W19/><G130/><T93/><D93/><U74/><E43/><V1/><F105/><W4/><G122/><T79/><D79/><U32/><E76/><V53/><F66/><W36/><G78/><T96/><D96/><U12/><E83/><AGARI ba="0,1" hai="13,14,15,20,24,28,55,59,63,81,82,83,109,110" machi="83" ten="40,2000,0" yaku="1,1,53,0" doraHai="113" doraHaiUra="133" who="0" fromWho="1" sc="240,30,250,-20,250,0,250,0" /><INIT seed="0,1,0,2,0,53" ten="270,230,250,250" oya="0" hai0="78,116,135,122,5,89,36,105,77,48,28,44,6" hai1="108,7,40,27,96,110,67,47,61,8,63,101,68" hai2="90,49,114,0,98,127,60,19,102,87,81,129,39" hai3="33,54,109,80,119,74,131,16,106,120,71,1,22"/><T17/><D116/><U75/><E75/><V24/><F39/><W15/><RYUUKYOKU type="yao9" ba="1,0" sc="270,0,230,0,250,0,250,0" hai3="1,15,16,22,33,54,71,74,80,106,109,119,120,131" /><INIT seed="0,2,0,4,2,12" ten="270,230,250,250" oya="0" hai0="3,68,13,56,134,18,111,16,130,69,66,115,131" hai1="78,25,75,103,83,82,59,49,1,127,84,107,113" hai2="52,117,33,28,132,24,20,17,38,80,26,119,94" hai3="57,44,96,14,114,55,63,106,125,101,50,36,27"/><T97/><D115/><U48/><E1/><V123/><F38/><W99/><G114/><T72/><D3/><U121/><E113/><V11/><F94/><W85/><G125/><T22/><D72/><U110/><E127/><V58/><F123/><W102/><G85/><T34/><D34/><U81/><E121/><V118/><F132/><W108/><G108/><T19/><D134/><U62/><E110/><V92/><F92/><W64/><G27/><T124/><D124/><U120/><E120/><V88/><F11/><W71/><G14/><T128/><D111/><U73/><E73/><V129/><F129/><W87/><G87/><T41/><D41/><U51/><E75/><V76/><F76/><W4/><G4/><T54/><D97/><U90/><E78/><V105/><F105/><W104/><REACH who="3" step="1"/><G36/><REACH who="3" ten="270,230,250,240" step="2"/><T6/><D6/><U37/><E37/><V60/><F80/><W7/><G7/><T0/><D0/><U126/><E126/><V116/><F116/><W45/><AGARI ba="2,1" hai="44,45,50,55,57,63,64,71,96,99,101,102,104,106" machi="45" ten="30,4000,0" yaku="1,1,0,1,9,1,53,0" doraHai="12" doraHaiUra="133" who="3" fromWho="3" sc="270,-22,230,-12,250,-12,240,56" /><INIT seed="1,0,0,4,0,38" ten="248,218,238,296" oya="1" hai0="76,107,73,13,87,124,127,6,106,97,123,30,114" hai1="47,16,46,126,109,19,78,135,21,12,104,103,122" hai2="70,58,67,63,49,55,8,92,66,77,71,110,115" hai3="81,20,83,89,56,37,118,4,72,85,120,128,18"/><U40/><E122/><V39/><F77/><W64/><G37/><T68/><D68/><N who="2" m="26154" /><F92/><W17/><G4/><T133/><D30/><U61/><E135/><V5/><F8/><W48/><G120/><T50/><D123/><U129/><E129/><V26/><F26/><W42/><G128/><T100/><D114/><U23/><E126/><N who="0" m="48169" /><D133/><U80/><E109/><V7/><F7/><W24/><G118/><T86/><D107/><U113/><E113/><V1/><F5/><W112/><G112/><T2/><D2/><U101/><E61/><V57/><F1/><W3/><G3/><T98/><D98/><U111/><E111/><V88/><F88/><W69/><G69/><T65/><D65/><N who="2" m="24586" /><F115/><W74/><G74/><T119/><D119/><U15/><E104/><V22/><F22/><W11/><G72/><T84/><D13/><U27/><E27/><V29/><F29/><W95/><G17/><T102/><D102/><U62/><E62/><V93/><F93/><W25/><G11/><T105/><D6/><U117/><E117/><V33/><F33/><W10/><G10/><T60/><D60/><U90/><E90/><V35/><F35/><W96/><G96/><T43/><D106/><U52/><E80/><V51/><F110/><W99/><G25/><T54/><D43/><U31/><E31/><V130/><F130/><W0/><G0/><T91/><D91/><U75/><E75/><V79/><F79/><W36/><G99/><T44/><D73/><U14/><E78/><AGARI ba="0,0" hai="44,50,54,76,78,84,86,87,97,100,105" m="48169" machi="78" ten="30,1000,0" yaku="18,1" doraHai="38" who="0" fromWho="1" sc="248,10,218,-10,238,0,296,0" /><INIT seed="2,0,0,1,4,31" ten="258,208,238,296" oya="2" hai0="109,128,101,95,76,66,23,53,132,3,112,135,38" hai1="19,130,92,133,98,44,33,25,60,83,52,34,16" hai2="103,122,22,123,11,124,129,30,62,26,36,2,57" hai3="121,47,93,68,117,27,39,94,56,43,1,50,63"/><V24/><F36/><W12/><G1/><T29/><D112/><U7/><E133/><V87/><F103/><W73/><G73/><T110/><D3/><U114/><E114/><V96/><F96/><W125/><G117/><T58/><D38/><U65/><E130/><V8/><F87/><W99/><G121/><N who="2" m="46089" /><F57/><W97/><G125/><T102/><D128/><U77/><E7/><N who="2" m="1143" /><F62/><W21/><G12/><T17/><D29/><U72/><E25/><V84/><F84/><W18/><G68/><T131/><D66/><U71/><E44/><V115/><F129/><W75/><G75/><T42/><D42/><U126/><E52/><V106/><F106/><W15/><G15/><N who="0" m="9663" /><D76/><U91/><REACH who="1" step="1"/><E126/><REACH who="1" ten="258,198,238,296" step="2"/><V81/><F124/><W10/><G27/><T59/><D53/><U78/><E78/><V35/><F115/><W116/><G47/><T82/><D131/><U134/><E134/><V107/><F24/><W104/><G63/><T5/><D5/><U64/><E64/><V9/><F26/><W70/><G43/><T0/><D135/><U100/><E100/><V14/><F30/><W111/><G39/><T118/><D102/><U120/><E120/><V113/><F113/><W48/><G50/><T119/><D101/><U46/><E46/><V105/><F105/><W85/><G48/><T51/><D51/><U80/><E80/><V69/><F107/><W37/><G104/><T55/><D55/><U41/><E41/><V127/><F127/><W79/><G79/><T45/><D45/><U40/><E40/><V89/><F81/><W54/><G37/><T74/><D132/><RYUUKYOKU ba="0,1" sc="258,-10,198,30,238,-10,296,-10" hai1="16,19,33,34,60,65,71,72,77,83,91,92,98" /><INIT seed="3,1,1,4,2,93" ten="248,228,228,286" oya="3" hai0="13,46,99,107,116,52,54,28,89,101,7,36,67" hai1="105,82,37,95,96,123,84,11,24,78,40,29,128" hai2="59,65,73,124,109,58,106,27,135,74,111,86,79" hai3="60,63,126,14,114,129,81,31,121,108,130,19,2"/><W38/><G2/><T94/><D116/><U66/><E123/><V41/><F106/><W6/><G121/><T119/><D119/><U8/><E128/><N who="3" m="49258" /><G114/><T131/><D131/><U98/><E66/><V104/><F104/><W115/><G115/><T70/><D28/><U110/><E110/><N who="2" m="41995" /><F124/><W55/><G108/><T21/><D67/><U83/><E83/><N who="2" m="47487" /><F135/><W44/><G6/><T113/><D70/><U76/><E76/><V12/><F41/><N who="3" m="22583" /><G31/><T32/><D113/><U87/><E87/><V125/><F125/><W49/><G81/><T57/><D7/><U33/><E40/><V118/><F118/><W134/><G134/><T133/><D133/><U42/><E42/><V88/><F27/><W77/><G77/><T103/><D36/><U25/><E37/><V132/><F132/><W10/><G126/><T56/><D13/><U0/><E25/><V47/><F47/><AGARI ba="1,1" hai="10,14,19,47,49,55,60,63" m="22583,49258" machi="47" ten="30,1500,0" yaku="19,1" doraHai="93" who="3" fromWho="2" sc="248,0,228,0,228,-18,286,28" owari="248,4.8,228,-17.2,210,-29.0,314,41.4" /></mjloggm>