<mjloggm ver="2.3"><GO type="225" lobby="0"/><UN n0="%E3%82%BC%E3%83%AB%E3%83%80%E3%81%AE%E4%BC%9D%E8%AA%AC" n1="%4C%4F%4C%49%54%41" n2="%6D%75%75%6D%75%72%61" n3="%E5%B8%86%E7%AB%8B%E5%A4%8F%E8%A1%A3" dan="16,16,16,16" rate="2198.68,2149.08,2155.11,2056.63" sx="M,F,F,M"/><TAIKYOKU oya="0"/><INIT seed="0,0,0,1,2,43" ten="250,250,250,250" oya="0" hai0="120,44,106,48,42,36,2,19,128,29,59,31,118" hai1="20,86,3,9,52,74,12,95,16,98,77,135,121" hai2="89,124,132,101,96,78,7,67,92,129,68,127,130" hai3="13,26,66,115,80,25,61,76,6,46,102,63,1"/><T27/><D118/><U28/><E121/><V93/><F68/><W11/><G115/><T35/><D120/><U39/><E39/><V110/><F67/><W84/><G102/><T17/><D128/><N who="2" m="49258" /><F7/><W5/><G63/><T60/><D106/><U18/><E74/><V99/><F110/><W133/><G133/><T56/><D2/><U87/><E135/><V113/><F113/><W108/><G108/><T104/><D104/><U72/><E28/><V47/><F132/><W34/><G34/><T55/><REACH who="0" step="1"/><D29/><REACH who="0" ten="240,250,250,250" step="2"/><U111/><E3/><V22/><F127/><W117/><G117/><T53/><AGARI ba="0,1" hai="17,19,27,31,35,36,42,44,48,53,55,56,59,60" machi="53" ten="20,18000,2" yaku="1,1,2,1,0,1,7,1,52,1,53,1" doraHai="43" doraHaiUra="45" who="0" fromWho="0" sc="240,190,250,-60,250,-60,250,-60" /><INIT seed="0,1,0,0,5,7" ten="430,190,190,190" oya="0" hai0="71,45,18,40,68,119,54,64,121,127,58,48,67" hai1="11,62,103,60,84,72,95,57,36,82,70,28,106" hai2="104,114,128,89,91,3,2,134,65,38,20,41,59" hai3="108,37,110,21,30,75,47,44,61,63,135,92,10"/><T93/><D119/><U86/><E36/><V13/><F114/><W15/><G75/><T111/><D93/><U118/><E118/><V117/><F117/><W94/><G135/><T35/><D35/><U19/><E106/><V33/><F33/><W129/><G129/><T131/><D18/><U130/><E130/><V66/><F104/><W132/><G132/><T126/><D131/><U17/><E28/><V87/><F128/><W79/><G79/><T12/><D12/><N who="1" m="7327" /><E70/><N who="0" m="26665" /><D121/><U133/><E72/><V4/><F134/><W81/><G81/><T55/><D55/><U53/><E133/><V23/><F38/><W83/><G37/><N who="0" m="21647" /><D111/><N who="3" m="42537" /><G83/><T80/><D80/><U115/><E115/><V9/><F41/><W39/><G39/><T73/><D73/><U25/><E19/><V97/><F97/><W124/><G94/><T116/><D116/><U109/><E109/><V85/><F59/><W78/><G92/><T1/><D1/><U120/><E120/><V8/><F13/><W96/><G96/><T77/><D77/><N who="1" m="46159" /><E25/><V50/><F4/><N who="3" m="3527" /><G78/><T101/><D101/><U125/><E103/><V31/><F31/><W90/><G90/><T46/><D58/><N who="1" m="34895" /><E95/><V76/><F76/><W74/><G74/><T107/><D107/><U0/><E0/><V14/><F14/><W113/><G113/><T24/><D24/><U69/><E69/><V51/><AGARI ba="1,0" hai="2,3,8,9,20,23,50,51,65,66,85,87,89,91" machi="51" ten="25,8000,1" yaku="0,1,22,2,52,2" doraHai="7" who="2" fromWho="2" sc="430,-41,190,-21,190,83,190,-21" /><INIT seed="1,0,0,4,3,104" ten="389,169,273,169" oya="1" hai0="26,134,11,118,98,79,81,16,82,111,59,127,19" hai1="17,51,77,12,73,117,38,62,129,37,60,15,120" hai2="67,78,24,56,106,48,97,0,30,112,122,23,42" hai3="108,57,103,18,2,8,22,54,21,96,75,83,123"/><U116/><E120/><V50/><F122/><W100/><G108/><T31/><D118/><U4/><E129/><V29/><F0/><W80/><G123/><T87/><D111/><U3/><E3/><V125/><F125/><W93/><G103/><T36/><D127/><U76/><E17/><V133/><F133/><W49/><G22/><T89/><D134/><U91/><E51/><V27/><F112/><W63/><G49/><T109/><D109/><U95/><E95/><V88/><F78/><W113/><G113/><T45/><D59/><U126/><E126/><V41/><F106/><W74/><G83/><T34/><D11/><U10/><E10/><V105/><F105/><W25/><REACH who="3" step="1"/><G80/><REACH who="3" ten="389,169,273,159" step="2"/><T71/><D82/><U28/><E91/><V35/><F50/><W130/><G130/><T13/><D81/><U66/><E28/><V64/><F48/><W84/><G84/><T65/><D87/><U90/><E90/><V119/><F88/><W58/><G58/><T124/><D89/><U92/><E77/><V110/><F110/><W46/><G46/><T69/><D45/><U102/><E76/><V53/><F56/><W70/><G70/><T9/><D79/><U40/><E102/><V131/><F131/><W68/><G68/><T43/><D124/><U20/><E20/><V132/><F132/><W55/><G55/><T44/><D71/><U39/><E117/><V47/><F119/><W61/><G61/><N who="0" m="40111" /><D98/><U121/><E116/><V135/><F23/><W101/><G101/><T7/><D44/><U128/><E121/><V72/><F135/><W33/><G33/><RYUUKYOKU ba="0,1" sc="389,15,169,-15,273,-15,159,15" hai0="7,9,13,16,19,26,31,34,36,43" hai3="2,8,18,21,25,54,57,63,74,75,93,96,100" /><INIT seed="2,1,1,4,2,67" ten="404,154,258,174" oya="2" hai0="112,21,40,97,0,30,103,11,36,120,131,125,38" hai1="61,111,74,126,133,113,24,121,130,72,25,41,6" hai2="104,68,107,95,50,32,63,134,55,42,23,123,4" hai3="102,110,100,65,93,45,87,16,76,92,124,10,46"/><V129/><F123/><W81/><G110/><T2/><D112/><U132/><E113/><V115/><F115/><W86/><G124/><T91/><D120/><U83/><E121/><V19/><F32/><W62/><G46/><T27/><D125/><U33/><E126/><V53/><F129/><W52/><G87/><T5/><D131/><U79/><E130/><V59/><F134/><N who="1" m="51817" /><E111/><V90/><F4/><W75/><G75/><T99/><D0/><U34/><E72/><V15/><F42/><W56/><G100/><T47/><D91/><U58/><E6/><V98/><REACH who="2" step="1"/><F68/><REACH who="2" ten="404,154,248,174" step="2"/><W18/><G102/><T127/><D127/><U116/><E41/><V119/><F119/><W57/><G45/><AGARI ba="1,2" hai="15,19,23,45,50,53,55,59,63,90,95,98,104,107" machi="45" ten="30,2900,0" yaku="1,1,7,1,53,0" doraHai="67" doraHaiUra="71" who="2" fromWho="3" sc="404,0,154,0,248,52,174,-32" /><INIT seed="2,2,0,2,1,57" ten="404,154,300,142" oya="2" hai0="94,69,110,19,54,86,56,41,8,135,23,87,52" hai1="26,117,44,113,13,29,121,36,49,22,78,85,63" hai2="65,9,115,38,116,25,24,105,27,90,108,131,59" hai3="74,64,30,128,53,34,18,102,45,42,15,61,37"/><V14/><F115/><W84/><G128/><T95/><D69/><U1/><E113/><V21/><F116/><W77/><G34/><T100/><D110/><U33/><E117/><V20/><F131/><W17/><G30/><T91/><D135/><U66/><E1/><V130/><F130/><W129/><G129/><T114/><D114/><U67/><E36/><V72/><F38/><W101/><G74/><T28/><D41/><U111/><E111/><V99/><F72/><W60/><G77/><T68/><D68/><U83/><E121/><V132/><F132/><W5/><G5/><T92/><D28/><U82/><E63/><N who="2" m="38143" /><F105/><W96/><G84/><N who="0" m="32299" /><D100/><U32/><E82/><V70/><F70/><W16/><G64/><T47/><D8/><U3/><E3/><V98/><F108/><W2/><G2/><T134/><D134/><U112/><E112/><V58/><F58/><W97/><G53/><N who="0" m="20587" /><D47/><U103/><E33/><V123/><F123/><W93/><REACH who="3" step="1"/><G15/><REACH who="3" ten="404,154,300,132" step="2"/><N who="0" m="9727" /><D56/><U62/><E32/><V79/><F79/><W104/><AGARI ba="2,1" hai="16,17,18,37,42,45,60,61,93,96,97,101,102,104" machi="104" ten="30,8000,1" yaku="1,1,0,1,52,2,54,1,53,0" doraHai="57" doraHaiUra="124" who="3" fromWho="3" sc="404,-22,154,-22,300,-42,132,96" /><INIT seed="3,0,0,4,2,3" ten="382,132,258,228" oya="3" hai0="47,97,114,43,19,41,61,28,130,70,103,0,119" hai1="26,111,135,36,1,37,46,89,51,59,13,25,66" hai2="65,32,124,79,34,117,54,109,132,50,69,106,42" hai3="86,7,73,92,24,21,84,116,80,93,49,99,107"/><W23/><G116/><T8/><D119/><U120/><E1/><V57/><F117/><W62/><G73/><T45/><D130/><U96/><E120/><V58/><F106/><W18/><G107/><T105/><D114/><U129/><E111/><V68/><F109/><W6/><G92/><T20/><D45/><U77/><E135/><V133/><F124/><W121/><G121/><T94/><D105/><U127/><E129/><V10/><F42/><W29/><G49/><T83/><D83/><U48/><E127/><V63/><F79/><N who="3" m="46111" /><G86/><T78/><D78/><U53/><E37/><V123/><F123/><W126/><G62/><T72/><D72/><U17/><E36/><V38/><F38/><W30/><G126/><T88/><D43/><U102/><E77/><V67/><F10/><W85/><G85/><T9/><D0/><U15/><E102/><V131/><F131/><W60/><G60/><T98/><D98/><U113/><E113/><V11/><F11/><W100/><G30/><T4/><D28/><U115/><E115/><V75/><F75/><W40/><G40/><T16/><D61/><U125/><E125/><V108/><F108/><W74/><G74/><T27/><D70/><N who="2" m="27242" /><F67/><W110/><G110/><T55/><D41/><N who="1" m="24655" /><E66/><V112/><F112/><W90/><G100/><T14/><D103/><U87/><E96/><V22/><F22/><W76/><G76/><T5/><D8/><N who="1" m="6311" /><E15/><AGARI ba="0,0" hai="6,7,15,18,21,23,24,29,90,93,99" m="46111" machi="15" ten="30,5800,0" yaku="8,1,52,2" doraHai="3" who="3" fromWho="1" sc="382,0,132,-58,258,0,228,58" /><INIT seed="3,1,0,3,5,42" ten="382,74,258,286" oya="3" hai0="55,89,101,68,60,99,41,59,91,73,10,112,75" hai1="96,61,45,71,113,133,121,20,86,33,98,100,123" hai2="54,12,76,16,57,128,58,35,135,90,31,131,62" hai3="82,108,44,79,52,74,9,134,120,38,70,13,30"/><W95/><G120/><T83/><D41/><U94/><E33/><V17/><F76/><W129/><G70/><T21/><D68/><U19/><E71/><V93/><F135/><W114/><G114/><T26/><D112/><U130/><E61/><V32/><F58/><W25/><G134/><T78/><D73/><U27/><E133/><V7/><F7/><W46/><G38/><T110/><D110/><U122/><E27/><V117/><F117/><W22/><G129/><N who="2" m="49737" /><F31/><W50/><G108/><T69/><D10/><U104/><E20/><N who="2" m="11271" /><F17/><W49/><G95/><T107/><D69/><U111/><E130/><V132/><F132/><W119/><G119/><T37/><D37/><U85/><E111/><V53/><F53/><W105/><G105/><T88/><D89/><U92/><E19/><AGARI ba="1,0" hai="19,21,26,55,59,60,75,78,83,88,91,99,101,107" machi="19" ten="30,2000,0" yaku="7,1,54,1" doraHai="42" who="0" fromWho="1" sc="382,23,74,-23,258,0,286,0" owari="405,50.5,51,-44.9,258,-14.2,286,8.6" /></mjloggm>