<mjloggm ver="2.3"><GO type="225" lobby="0"/><UN n0="%E3%81%A9%E3%82%93%E3%82%88%E3%81%8F%4D%6B%2E%32" n1="%E3%81%BE%E3%81%A8%E3%81%9F" n2="%E3%81%86%E3%83%BC%E3%81%B1%E3%83%BC" n3="%E3%81%95%E3%82%93%E3%81%84%E3%81%A1%E3%82%8D%E3%81%8F%E3%81%94" dan="16,16,16,18" rate="2191.69,2130.10,2208.87,2171.74" sx="M,M,F,M"/><TAIKYOKU oya="0"/><INIT seed="0,0,0,2,3,134" ten="250,250,250,250" oya="0" hai0="102,11,71,47,115,21,33,61,68,89,99,130,29" hai1="119,86,104,93,52,22,127,42,23,0,49,83,98" hai2="35,18,73,25,67,28,53,46,80,111,114,60,109" hai3="36,65,117,88,75,17,74,82,58,41,108,13,110"/><T96/><D115/><U121/><E119/><V79/><F114/><W124/><G117/><T120/><D120/><U122/><E104/><V105/><F18/><W128/><G128/><T40/><D130/><U14/><E0/><V24/><F25/><W39/><G65/><T103/><D89/><U38/><E122/><V97/><F46/><W30/><G30/><T19/><D11/><U100/><E121/><V76/><F53/><W54/><G41/><T107/><D29/><U133/><E133/><V77/><F109/><N who="3" m="42091" /><G74/><T101/><D33/><U90/><E127/><V131/><F131/><W27/><G27/><T78/><D78/><U20/><E38/><V132/><F132/><W85/><G75/><T51/><D61/><U1/><E1/><V72/><F111/><W12/><G12/><T15/><REACH who="0" step="1"/><D102/><REACH who="0" ten="240,250,250,250" step="2"/><U94/><E42/><V5/><F73/><W116/><G116/><T9/><D9/><U2/><E2/><V81/><F72/><W6/><G88/><T10/><D10/><U59/><E83/><V66/><F80/><W37/><G82/><T69/><D69/><U91/><E100/><N who="2" m="62607" /><F81/><W32/><G32/><T135/><D135/><U48/><E48/><V4/><F67/><W56/><G36/><T106/><AGARI ba="0,1" hai="15,19,21,40,47,51,68,71,96,99,101,103,106,107" machi="106" ten="20,12000,1" yaku="1,1,0,1,7,1,9,1,53,1" doraHai="134" doraHaiUra="8" who="0" fromWho="0" sc="240,130,250,-40,250,-40,250,-40" /><INIT seed="0,1,0,0,4,20" ten="370,210,210,210" oya="0" hai0="13,129,43,122,52,98,6,33,84,31,49,18,28" hai1="15,73,123,29,60,107,78,134,105,67,130,17,50" hai2="135,79,45,35,10,2,26,124,11,119,12,66,99" hai3="3,1,0,63,72,38,116,131,85,94,37,61,104"/><T42/><D122/><U24/><E123/><V58/><F2/><W110/><G116/><T95/><D129/><U69/><E130/><V121/><F121/><W47/><G104/><T82/><D6/><U80/><E134/><V27/><F35/><W39/><G72/><T103/><D33/><U36/><E36/><V114/><F114/><W125/><G131/><T71/><D71/><U106/><E50/><V113/><F113/><W51/><G110/><T100/><D100/><U74/><E74/><V111/><F135/><W75/><G75/><T68/><D68/><U102/><E15/><V101/><F111/><W108/><G125/><T115/><D115/><U126/><E17/><V96/><F124/><W88/><REACH who="3" step="1"/><G108/><REACH who="3" ten="370,210,210,200" step="2"/><T91/><D43/><AGARI ba="1,1" hai="0,1,3,37,38,39,43,47,51,61,63,85,88,94" machi="43" ten="50,6400,0" yaku="1,1,2,1,54,1,53,0" doraHai="20" doraHaiUra="97" who="3" fromWho="0" sc="370,-67,210,0,210,0,200,77" /><INIT seed="1,0,0,4,0,39" ten="303,210,210,277" oya="1" hai0="43,118,36,88,45,21,75,82,52,46,31,103,98" hai1="76,64,19,58,131,48,34,59,24,85,8,94,87" hai2="51,109,69,4,16,74,35,81,111,119,105,134,12" hai3="11,99,32,128,123,66,0,100,68,26,56,84,50"/><U5/><E131/><V133/><F105/><W97/><G123/><T110/><D118/><U10/><E64/><V113/><F69/><W28/><G99/><T122/><D122/><U14/><E34/><V67/><F67/><W15/><G84/><T121/><D121/><U120/><E120/><V106/><F106/><N who="3" m="63759" /><G128/><T13/><D110/><N who="2" m="41994" /><F119/><W9/><G15/><T125/><D125/><U96/><E24/><V2/><F35/><W135/><G135/><N who="2" m="51721" /><F51/><W6/><G50/><T41/><D52/><U115/><E115/><V7/><F113/><W132/><G132/><T55/><D55/><U108/><E108/><V90/><F2/><W95/><G66/><T27/><D13/><U72/><E48/><V22/><F90/><W124/><G0/><T112/><D112/><U17/><E76/><AGARI ba="0,0" hai="4,7,12,16,22,74,76,81" m="51721,41994" machi="76" ten="30,3900,0" yaku="14,1,20,1,54,1" doraHai="39" who="2" fromWho="1" sc="303,0,210,-39,210,39,277,0" /><INIT seed="2,0,0,3,0,26" ten="303,171,249,277" oya="2" hai0="124,55,43,102,47,0,90,103,41,8,6,114,93" hai1="11,52,63,111,38,57,4,101,29,81,83,87,19" hai2="128,30,118,27,106,64,70,82,74,46,78,96,2" hai3="12,65,134,31,126,130,36,120,15,98,35,16,39"/><V66/><F118/><W108/><G120/><T50/><D114/><U48/><E111/><V94/><F2/><W117/><G117/><T62/><D124/><U5/><E38/><V79/><F128/><W110/><G15/><T121/><D121/><U61/><E101/><V85/><F46/><W133/><G126/><T32/><D32/><U22/><E81/><V132/><F132/><N who="3" m="50795" /><G130/><T67/><D102/><U24/><E19/><V54/><F54/><W71/><G98/><T80/><D103/><U88/><REACH who="1" step="1"/><E4/><REACH who="1" ten="303,161,249,277" step="2"/><V127/><F127/><W125/><G125/><T45/><D80/><U7/><E7/><V75/><F79/><W99/><G36/><T23/><D6/><U109/><E109/><V89/><F75/><W59/><G39/><T9/><D41/><U34/><E34/><N who="2" m="20831" /><F70/><W122/><G71/><T113/><D43/><U10/><E10/><V129/><F129/><W56/><G108/><T112/><D9/><U77/><E77/><V58/><F74/><W123/><G110/><T20/><D8/><U104/><E104/><V72/><F106/><W135/><G135/><T107/><D107/><U42/><E42/><V131/><F131/><W28/><G35/><T100/><D100/><U25/><E25/><V33/><F33/><W69/><G122/><T14/><D113/><U105/><E105/><V40/><F72/><W44/><G123/><T73/><D73/><U53/><E53/><V119/><F40/><W86/><G69/><T18/><D55/><U91/><E91/><V49/><F119/><W51/><G16/><N who="0" m="10263" /><D112/><U3/><AGARI ba="0,1" hai="3,5,11,22,24,29,48,52,57,61,63,83,87,88" machi="3" ten="20,12000,2" yaku="1,1,0,1,7,1,52,1,54,2,53,0" doraHai="26" doraHaiUra="115" who="1" fromWho="1" sc="303,-30,161,130,249,-60,277,-30" /><INIT seed="3,0,0,2,1,123" ten="273,291,189,247" oya="3" hai0="79,61,93,58,132,91,100,15,117,120,20,89,69" hai1="53,96,14,32,125,128,78,21,2,119,52,106,98" hai2="95,130,115,107,51,3,36,103,134,70,73,131,126" hai3="88,83,17,60,111,124,101,31,72,27,82,127,86"/><W112/><G112/><T74/><D69/><U43/><E32/><V68/><RYUUKYOKU type="yao9" ba="0,0" sc="273,0,291,0,189,0,247,0" hai2="3,36,51,68,70,73,95,103,107,115,126,130,131,134" /><INIT seed="3,1,0,2,0,117" ten="273,291,189,247" oya="3" hai0="66,65,21,71,5,3,24,1,134,118,76,110,16" hai1="39,14,119,25,60,58,102,34,115,114,38,83,33" hai2="61,131,73,7,85,125,112,54,113,18,108,43,44" hai3="68,23,40,89,27,13,86,48,101,107,36,69,126"/><W105/><G36/><T99/><D118/><U130/><E119/><V81/><F108/><W47/><G126/><T32/><D110/><U11/><E102/><V97/><F125/><W116/><G116/><T12/><D134/><U98/><E98/><V0/><F131/><W63/><G13/><T2/><D76/><U100/><E100/><V31/><F97/><W74/><G74/><T51/><D71/><U77/><E130/><V78/><F31/><W8/><G8/><N who="0" m="2111" /><D51/><U49/><E49/><V22/><F85/><W67/><G101/><T123/><D99/><U59/><E59/><V91/><F91/><W129/><G69/><T42/><D42/><U15/><E15/><V37/><F54/><W53/><G53/><T6/><D66/><U26/><E34/><V94/><F94/><W93/><REACH who="3" step="1"/><G129/><REACH who="3" ten="273,291,189,237" step="2"/><T29/><D65/><U50/><E38/><V120/><F61/><W82/><G82/><T87/><D1/><U95/><E39/><V57/><F57/><W17/><AGARI ba="1,1" hai="17,23,27,40,47,48,63,67,68,86,89,93,105,107" machi="17" ten="20,3900,0" yaku="1,1,0,1,7,1,53,0" doraHai="117" doraHaiUra="4" who="3" fromWho="3" sc="273,-14,291,-14,189,-14,237,52" /><INIT seed="3,2,0,3,1,34" ten="259,277,175,289" oya="3" hai0="112,126,25,65,62,35,85,104,84,59,111,131,18" hai1="68,39,135,7,106,48,76,113,122,93,4,78,114" hai2="109,132,43,133,99,58,33,49,0,129,51,70,11" hai3="73,89,71,90,44,117,24,83,87,15,97,23,95"/><W29/><G71/><T19/><D104/><U100/><E106/><V81/><F33/><W9/><G73/><T42/><D111/><U69/><E39/><V28/><F28/><W60/><G117/><T91/><D126/><U67/><E122/><V102/><F70/><W57/><G44/><T66/><D131/><U47/><E135/><N who="2" m="51787" /><F129/><W36/><G36/><T40/><D112/><U116/><E116/><V52/><F109/><W61/><G57/><T63/><D35/><U20/><E20/><V105/><F81/><W86/><G97/><T16/><D25/><U80/><E93/><V121/><F121/><W123/><G123/><T8/><D8/><U82/><E47/><N who="2" m="25855" /><F11/><W72/><G72/><T13/><D13/><U27/><E27/><V54/><F54/><W77/><G77/><T103/><D103/><U10/><E10/><V128/><F128/><W74/><G74/><T55/><D55/><U45/><E45/><V64/><F64/><W5/><AGARI ba="2,0" hai="5,9,15,23,24,29,60,61,83,86,87,89,90,95" machi="5" ten="20,3900,0" yaku="0,1,7,1,8,1" doraHai="34" who="3" fromWho="3" sc="259,-15,277,-15,175,-15,289,45" owari="244,-15.6,262,6.2,160,-34.0,334,43.4" /></mjloggm>