<mjloggm ver="2.3"><GO type="225" lobby="0"/><UN n0="%E3%83%B4%E3%82%A3%E3%83%AF%E3%82%B3%E3%82%B0%E3%83%8B" n1="%E4%BA%95%E5%B8%AF" n2="%E6%B8%A9%E2%98%85%E6%83%85%E2%98%85%E6%8E%AA%E2%98%85%E7%BD%AE" n3="%48%61%61%61%6C%61%6E%64" dan="16,16,17,18" rate="2184.65,2041.82,2206.85,2229.21" sx="M,M,M,M"/><TAIKYOKU oya="0"/><INIT seed="0,0,0,0,5,105" ten="250,250,250,250" oya="0" hai0="102,46,83,93,40,98,100,69,73,25,72,71,109" hai1="99,58,3,76,49,52,59,28,56,67,68,104,106" hai2="87,38,51,81,12,15,20,13,1,30,62,114,17" hai3="86,36,84,111,121,77,47,23,89,70,130,96,39"/><T79/><D109/><U32/><E3/><V129/><F114/><W124/><G70/><T27/><D102/><N who="1" m="62559" /><E76/><V10/><F38/><W66/><G66/><T113/><D113/><U35/><E35/><V18/><F129/><W122/><G111/><T9/><D72/><U5/><E5/><V65/><F1/><W128/><G124/><T132/><D132/><U85/><E85/><N who="3" m="32874" /><G77/><T42/><D9/><U21/><E21/><V120/><F120/><N who="3" m="46187" /><G23/><T14/><D14/><U95/><E95/><V116/><F116/><W48/><G89/><T19/><D40/><U78/><E78/><V53/><F30/><W125/><G96/><T57/><D57/><U108/><E106/><V43/><F15/><W2/><G2/><T7/><D7/><U131/><E131/><N who="3" m="50218" /><G125/><T110/><D110/><U134/><E108/><V41/><F65/><W63/><G63/><T103/><D103/><U55/><E67/><V112/><F62/><W45/><G45/><T16/><D27/><U74/><E68/><V101/><F101/><W44/><G44/><T24/><D71/><U126/><E126/><V90/><F112/><W33/><G33/><T6/><D69/><U117/><E32/><V0/><F0/><W80/><G80/><T91/><D100/><U88/><E59/><AGARI ba="0,0" hai="10,12,13,17,18,20,41,43,51,53,59,81,87,90" machi="59" ten="30,2000,0" yaku="7,1,8,1" doraHai="105" who="2" fromWho="1" sc="250,0,250,-20,250,20,250,0" /><INIT seed="1,0,0,0,3,19" ten="250,230,270,250" oya="1" hai0="61,70,67,45,121,79,47,117,77,97,24,5,101" hai1="15,132,27,33,56,49,1,92,108,83,65,76,89" hai2="78,7,42,122,66,98,112,64,114,91,43,58,93" hai3="14,8,135,12,34,125,103,46,71,118,53,28,26"/><U120/><E120/><V60/><F122/><W84/><G71/><T23/><D121/><U74/><E1/><V41/><F78/><W88/><G125/><T72/><D117/><U2/><E2/><V55/><REACH who="2" step="1"/><F7/><REACH who="2" ten="250,230,260,250" step="2"/><W21/><G118/><T51/><D5/><U90/><E132/><V31/><F31/><W129/><G135/><T36/><D77/><U32/><E108/><V130/><F130/><W4/><G129/><T131/><D131/><U102/><E33/><V119/><F119/><W20/><G103/><T113/><D79/><U81/><E102/><V116/><F116/><W100/><G100/><T75/><D101/><U134/><E134/><V115/><AGARI ba="0,1" hai="41,42,43,55,58,60,64,66,91,93,98,112,114,115" machi="115" ten="40,5200,0" yaku="1,1,0,1,11,1,53,0" doraHai="19" doraHaiUra="40" who="2" fromWho="2" sc="250,-13,230,-26,260,62,250,-13" /><INIT seed="2,0,0,3,1,66" ten="237,204,322,237" oya="2" hai0="39,49,121,59,41,116,96,25,12,38,101,47,87" hai1="19,114,88,20,30,40,105,81,126,74,11,95,37" hai2="63,44,99,31,106,128,80,52,6,90,28,8,24" hai3="46,15,53,36,97,76,110,72,84,102,118,58,75"/><V124/><F124/><W55/><G118/><T98/><D121/><U61/><E114/><V57/><F128/><W7/><G110/><T54/><D116/><U9/><E105/><V125/><F125/><W120/><G120/><T85/><D38/><U77/><E126/><V48/><F106/><W104/><G84/><T92/><D12/><U70/><E30/><V60/><F60/><W65/><G65/><T93/><REACH who="0" step="1"/><D25/><REACH who="0" ten="227,204,322,237" step="2"/><U135/><E135/><V129/><F24/><W94/><G36/><T113/><D113/><U91/><E37/><V29/><F129/><W67/><G15/><T32/><D32/><U56/><E40/><V22/><F22/><W119/><G119/><T34/><D34/><U82/><E82/><V89/><F80/><W83/><G83/><T127/><D127/><U1/><E1/><V86/><F8/><W131/><G131/><T134/><D134/><U35/><E35/><V62/><F29/><W103/><G7/><T78/><D78/><U109/><E109/><V27/><F27/><W117/><G76/><T130/><D130/><U112/><E112/><V111/><F31/><W21/><G21/><T64/><D64/><N who="1" m="41231" /><E11/><V122/><F28/><W13/><G117/><T26/><D26/><N who="1" m="14623" /><E9/><V0/><F111/><W50/><G67/><T43/><D43/><U132/><E132/><V73/><F122/><W123/><G123/><T3/><D3/><U69/><E81/><V16/><F0/><W2/><G2/><T79/><D79/><U107/><E77/><V17/><F6/><W51/><G13/><T23/><D23/><U133/><E133/><RYUUKYOKU ba="0,1" sc="227,15,204,-15,322,-15,237,15" hai0="39,41,47,49,54,59,85,87,92,93,96,98,101" hai3="46,50,51,53,55,58,72,75,94,97,102,103,104" /><INIT seed="3,1,1,3,2,98" ten="242,189,307,252" oya="3" hai0="119,44,1,77,126,93,39,100,15,110,112,50,97" hai1="99,29,95,32,83,91,17,19,25,30,115,104,107" hai2="4,8,125,36,111,103,57,73,20,35,33,67,88" hai3="34,116,37,128,6,121,108,106,61,89,60,120,68"/><W123/><G34/><T72/><D119/><U102/><E115/><V24/><F36/><W66/><G116/><T11/><D110/><U114/><E114/><V74/><F103/><W92/><G106/><T90/><D126/><U16/><E30/><V48/><F74/><W10/><G37/><T12/><D112/><U130/><E130/><V18/><F73/><W45/><G128/><T80/><D90/><U43/><E43/><V49/><F35/><W70/><G45/><T76/><D76/><U0/><E0/><N who="2" m="7" /><F88/><W87/><G108/><T129/><D129/><U82/><REACH who="1" step="1"/><E82/><REACH who="1" ten="242,179,307,252" step="2"/><V55/><F111/><W31/><G31/><T135/><D135/><U3/><E3/><V96/><F125/><W14/><G121/><T124/><D124/><U118/><E118/><V101/><F33/><W51/><G120/><T69/><D69/><U131/><E131/><V86/><F55/><W63/><G123/><T21/><D1/><U132/><E132/><V52/><F52/><W56/><G70/><T2/><D2/><U78/><E78/><V75/><F75/><W81/><G81/><T7/><D80/><U133/><E133/><V58/><F67/><W41/><G68/><T105/><D77/><U53/><E53/><V79/><F79/><W109/><G109/><T94/><D72/><U42/><E42/><V85/><F57/><W84/><G66/><T23/><D44/><U65/><E65/><V47/><F58/><W117/><G117/><T46/><D46/><U13/><E13/><N who="2" m="9295" /><F47/><N who="3" m="26095" /><G56/><T122/><D122/><U26/><E26/><V59/><F24/><W22/><G14/><RYUUKYOKU ba="1,2" sc="242,-10,179,30,307,-10,252,-10" hai1="16,17,19,25,29,32,83,91,95,99,102,104,107" /><INIT seed="4,2,2,1,1,41" ten="232,209,297,242" oya="0" hai0="114,51,58,104,82,116,50,109,69,111,119,132,64" hai1="56,59,39,70,103,110,47,20,72,31,112,5,123" hai2="94,57,36,92,28,37,83,26,43,98,102,117,79" hai3="131,16,30,12,62,15,7,3,115,4,107,33,63"/><T134/><D104/><U61/><E123/><V97/><F117/><N who="0" m="45130" /><D82/><U88/><E72/><V29/><F43/><W100/><G115/><T42/><D69/><U74/><E110/><N who="0" m="41993" /><D114/><U122/><E112/><V135/><F57/><W34/><G107/><T120/><D120/><U99/><E122/><V86/><F135/><N who="0" m="51754" /><D42/><U11/><E74/><V54/><F54/><W53/><G53/><T95/><D95/><U90/><E39/><V106/><F106/><W1/><G100/><T85/><D85/><U126/><E70/><V91/><F29/><W21/><G30/><T108/><N who="0" m="42001" /><T32/><DORA hai="89" /><D32/><AGARI ba="2,2" hai="26,28,32,36,37,79,83,86,91,92,94,97,98,102" machi="32" ten="30,3900,0" yaku="7,1,52,2" doraHai="41,89" who="2" fromWho="0" sc="232,-45,209,0,297,65,242,0" owari="187,-31.3,209,-19.1,362,46.2,242,4.2" /></mjloggm>