<mjloggm ver="2.3"><GO type="225" lobby="0"/><UN n0="%E7%99%BD%E6%97%A5%E9%9B%AA%E8%8F%9C" n1="%E3%83%99%E3%83%AB%E3%83%A2%E3%83%83%E3%83%88" n2="%E5%B0%8F%E9%B3%A5%E9%81%8A%E7%B7%B4%E7%84%A1%32%31%E6%AD%B3" n3="%E5%84%AA%40%41%42%43" dan="17,16,16,17" rate="2230.52,2095.92,2151.37,2133.69" sx="M,M,F,M"/><TAIKYOKU oya="0"/><INIT seed="0,0,0,4,1,40" ten="250,250,250,250" oya="0" hai0="70,94,106,125,109,47,33,16,22,29,31,119,58" hai1="80,99,69,35,88,7,115,19,83,71,78,25,42" hai2="51,118,76,133,14,90,45,18,43,122,6,131,21" hai3="68,112,66,46,12,49,23,87,129,41,93,104,50"/><T134/><D119/><U67/><E115/><V113/><F122/><W30/><G112/><T110/><D106/><U128/><E7/><V72/><F113/><W75/><G75/><T77/><D70/><U1/><E1/><V126/><F131/><W52/><G104/><T101/><D125/><U15/><E128/><V81/><F126/><W82/><G129/><T44/><D134/><U62/><E71/><V56/><F118/><W124/><G124/><T26/><D77/><U2/><E2/><V132/><F6/><W121/><G121/><T39/><D58/><U123/><E123/><V105/><F105/><W38/><G38/><T95/><D39/><U79/><E35/><V34/><F34/><W55/><G93/><N who="0" m="35339" /><D101/><U135/><E99/><V63/><REACH who="2" step="1"/><F90/><REACH who="2" ten="250,250,240,250" step="2"/><N who="3" m="51575" /><G68/><T74/><D74/><U111/><E88/><V28/><F28/><N who="0" m="10826" /><D33/><U103/><E135/><V100/><F100/><W89/><G89/><T117/><D117/><U5/><E103/><V114/><F114/><W37/><G30/><T20/><D20/><U91/><E91/><V24/><F24/><W32/><G32/><T36/><D36/><U3/><E25/><V86/><F86/><W4/><G23/><T85/><D85/><U10/><E5/><V11/><F11/><W107/><G107/><T73/><D73/><U0/><E10/><V92/><F92/><W127/><G127/><T53/><D26/><U27/><E27/><V120/><F120/><W61/><G4/><T97/><D22/><U65/><E79/><V130/><F130/><W8/><G8/><T98/><D98/><U84/><E78/><RYUUKYOKU ba="0,1" sc="250,-10,250,-10,240,30,250,-10" hai2="14,18,21,43,45,51,56,63,72,76,81,132,133" /><INIT seed="1,1,1,0,5,56" ten="240,240,270,240" oya="1" hai0="40,77,87,85,124,113,76,57,74,24,83,123,64" hai1="21,86,120,131,97,134,1,92,105,84,73,47,82" hai2="49,2,91,61,132,53,46,31,18,32,122,3,107" hai3="38,66,79,128,125,20,4,115,116,109,72,26,33"/><U101/><E1/><V110/><F122/><W114/><G66/><T68/><D113/><U108/><E120/><V39/><F107/><W13/><G79/><T65/><D123/><U69/><E69/><V96/><F110/><W44/><G72/><T7/><D124/><U45/><E21/><V99/><F39/><W95/><G95/><T75/><D68/><U81/><E47/><V52/><F18/><N who="3" m="10319" /><G44/><T70/><D70/><U23/><E23/><V22/><F32/><W28/><G38/><T9/><D24/><U119/><E45/><V104/><F104/><W12/><G109/><T35/><D35/><U48/><E108/><V126/><F126/><W90/><G90/><T103/><D103/><U17/><E48/><V37/><F37/><W112/><G125/><T135/><D40/><U133/><E17/><V121/><F121/><W67/><G67/><T102/><D102/><U129/><E119/><V41/><F41/><W59/><G59/><T117/><D57/><U106/><E73/><V0/><F91/><W19/><G128/><N who="1" m="49226" /><E106/><V10/><F49/><W5/><G116/><T78/><D117/><U30/><E30/><V34/><F46/><W29/><G28/><T25/><D75/><U54/><E54/><V100/><F53/><W27/><G26/><T43/><D25/><U8/><E8/><AGARI ba="1,1" hai="4,5,8,12,19,27,29,33,112,114,115" m="10319" machi="8" ten="30,2000,0" yaku="34,2" doraHai="56" who="3" fromWho="1" sc="240,0,240,-23,270,0,240,33" /><INIT seed="2,0,0,2,4,135" ten="240,217,270,273" oya="2" hai0="83,102,134,101,69,24,125,9,57,131,127,96,100" hai1="99,104,12,84,133,61,66,63,46,112,10,123,48" hai2="76,8,80,81,13,74,121,31,119,38,116,21,108" hai3="54,79,77,5,89,47,128,16,50,3,98,87,129"/><V30/><F121/><W26/><G98/><T120/><D120/><U64/><E133/><V103/><F38/><W32/><G5/><T109/><D69/><U114/><E123/><V1/><F1/><W7/><G7/><T88/><D134/><U70/><E84/><V25/><F31/><W122/><G3/><T106/><D109/><U45/><E99/><V39/><F39/><W72/><G72/><T94/><D131/><N who="3" m="50249" /><G122/><T126/><D9/><U42/><E46/><V113/><F113/><W34/><G16/><T86/><D57/><U11/><E104/><V132/><F132/><W22/><G22/><T44/><D44/><U55/><E42/><V59/><F103/><N who="0" m="39498" /><D24/><U97/><E97/><V19/><F108/><W73/><G73/><T35/><D35/><N who="3" m="13353" /><G26/><T2/><D2/><U82/><E11/><V92/><F92/><AGARI ba="0,0" hai="47,50,54,77,79,87,89,92" m="13353,50249" machi="92" ten="30,1000,0" yaku="19,1" doraHai="135" who="3" fromWho="2" sc="240,0,217,0,270,-10,273,10" /><AGARI ba="0,0" hai="83,86,88,92,94,96,102,106,125,126,127" m="39498" machi="92" ten="40,12000,2" yaku="18,1,34,2,52,3,54,1" doraHai="135" who="0" fromWho="2" sc="240,120,217,0,260,-120,283,0" /><INIT seed="3,0,0,3,3,47" ten="360,217,140,283" oya="3" hai0="117,71,22,73,128,83,14,72,77,116,26,113,12" hai1="107,13,76,78,90,61,23,15,4,131,124,28,10" hai2="99,39,80,105,67,96,95,50,45,98,130,89,65" hai3="41,91,133,55,120,2,59,123,114,88,29,54,94"/><W93/><G2/><T85/><D71/><U111/><E107/><V129/><F39/><W32/><G114/><T75/><D128/><U109/><E61/><V79/><F105/><W3/><G3/><T7/><D113/><U132/><E90/><V82/><F65/><W34/><G41/><T64/><D64/><U42/><E42/><V87/><F67/><W102/><G29/><T112/><D112/><U110/><E78/><V86/><F86/><W100/><G133/><T121/><D121/><U35/><E76/><V20/><F20/><W101/><G100/><T40/><D40/><U1/><E124/><V0/><F0/><W66/><G66/><T84/><D84/><U69/><E69/><V51/><F45/><W104/><G104/><T46/><D46/><U11/><E131/><N who="2" m="50187" /><F79/><W21/><G21/><T19/><D7/><U119/><E119/><V108/><F108/><W56/><AGARI ba="0,0" hai="32,34,54,55,56,59,88,91,93,94,101,102,120,123" machi="56" ten="25,9600,0" yaku="0,1,22,2,54,1" doraHai="47" who="3" fromWho="3" sc="360,-32,217,-32,140,-32,283,96" owari="328,12.8,185,-21.5,108,-39.2,379,47.9" /></mjloggm>