<mjloggm ver="2.3"><GO type="225" lobby="0"/><UN n0="%E3%81%82%E3%81%99%E3%81%AB%E3%82%83%E3%82%80" n1="%E3%81%BF%E3%81%BF%E3%81%9A" n2="%E3%83%8F%E3%83%B3%E3%83%89%E3%83%A9%E3%83%BC%E3%83%BB%E3%83%AF%E3%83%B3" n3="%E3%82%BC%E3%83%AB%E3%83%80%E3%81%AE%E4%BC%9D%E8%AA%AC" dan="16,17,16,17" rate="2131.19,2221.09,2112.23,2174.11" sx="F,M,M,M"/><TAIKYOKU oya="0"/><INIT seed="0,0,0,5,5,84" ten="250,250,250,250" oya="0" hai0="45,3,15,108,102,41,132,103,59,14,129,119,98" hai1="92,95,94,12,66,62,63,115,35,20,82,118,107" hai2="70,60,0,38,33,88,52,81,77,99,17,16,4" hai3="40,126,104,48,67,109,37,111,112,61,29,130,26"/><T90/><D3/><U56/><E118/><V23/><F33/><W32/><G112/><T76/><D119/><U54/><E35/><V31/><F38/><W30/><G126/><T18/><D132/><U19/><E107/><V42/><F42/><W51/><G130/><T72/><D129/><U43/><E115/><V46/><F0/><W65/><G30/><T39/><D14/><U53/><E43/><V96/><F4/><W68/><G65/><T114/><D114/><U113/><E113/><V122/><F122/><W85/><G104/><T117/><D117/><U21/><E82/><V47/><F70/><W10/><G10/><T36/><D36/><U74/><E74/><V87/><F31/><W123/><G123/><T28/><D28/><U135/><E135/><V78/><F17/><W49/><REACH who="3" step="1"/><G85/><REACH who="3" ten="250,250,250,240" step="2"/><T105/><D108/><U120/><E120/><V57/><F99/><W89/><G89/><T75/><D90/><U101/><E101/><V128/><F128/><W79/><G79/><N who="2" m="30217" /><F96/><W34/><G34/><T73/><D103/><U110/><E110/><V93/><F81/><W125/><G125/><T24/><D76/><U5/><E66/><V71/><F71/><W127/><G127/><T8/><D75/><U116/><E116/><V97/><F87/><W83/><G83/><T121/><D121/><U11/><E19/><V13/><AGARI ba="0,1" hai="13,16,23,46,47,52,57,60,88,93,97" m="30217" machi="13" ten="30,8000,1" yaku="8,1,52,1,54,3" doraHai="84" who="2" fromWho="2" sc="250,-40,250,-20,250,90,240,-20" /><INIT seed="1,0,0,0,1,30" ten="210,230,340,220" oya="1" hai0="107,128,105,76,100,39,114,37,120,54,106,90,57" hai1="130,70,18,68,126,14,4,78,132,73,97,51,50" hai2="58,84,27,66,93,113,49,72,86,69,104,92,133" hai3="98,28,131,108,23,2,81,115,64,25,31,53,124"/><U55/><E126/><V82/><F104/><W117/><G115/><T34/><D114/><U127/><E127/><V83/><F72/><W36/><G124/><T13/><D128/><U94/><E4/><V43/><F69/><W116/><G131/><T15/><D120/><U59/><E130/><V42/><F113/><W62/><G108/><T87/><D76/><U3/><E3/><V123/><F123/><W46/><G2/><T38/><D100/><U19/><E19/><V20/><F133/><W1/><G1/><T75/><D75/><U7/><E7/><V103/><F66/><W21/><G81/><N who="2" m="30729" /><F58/><W77/><G77/><T129/><D129/><U17/><E73/><V95/><F103/><W33/><G98/><T40/><D40/><N who="2" m="15402" /><F49/><N who="3" m="28855" /><G28/><AGARI ba="0,0" hai="20,27,28,84,86,92,93,95" m="15402,30729" machi="28" ten="30,1000,0" yaku="8,1" doraHai="30" who="2" fromWho="3" sc="210,0,230,0,340,10,220,-10" /><INIT seed="2,0,0,2,3,62" ten="210,230,350,210" oya="2" hai0="118,67,42,41,74,45,87,0,11,103,75,13,106" hai1="30,115,93,46,48,61,71,29,51,128,2,109,54" hai2="55,112,44,23,125,88,97,57,50,66,100,73,60" hai3="91,37,36,15,124,5,69,81,68,76,17,133,38"/><V134/><F112/><W104/><G104/><T4/><D118/><U127/><E115/><V82/><F125/><W56/><G124/><T47/><D0/><U120/><E127/><V131/><F131/><W25/><G133/><T107/><D75/><U1/><E128/><V59/><F134/><W34/><G91/><T12/><D74/><U28/><E109/><V83/><F73/><W21/><G56/><T89/><D12/><U53/><E120/><V94/><F23/><W114/><G114/><T96/><D107/><U24/><E93/><N who="2" m="58415" /><F59/><W98/><G98/><AGARI ba="0,0" hai="44,50,55,57,60,66,82,83,88,94,98" m="58415" machi="98" ten="30,5800,0" yaku="8,1,52,1,54,1" doraHai="62" who="2" fromWho="3" sc="210,0,230,0,350,58,210,-58" /><INIT seed="2,1,0,4,4,51" ten="210,230,408,152" oya="2" hai0="88,87,49,67,74,33,97,58,70,72,78,99,56" hai1="126,11,46,135,85,43,59,7,75,52,124,47,5" hai2="55,29,63,2,84,94,8,102,104,92,48,60,93" hai3="64,79,100,37,122,34,4,83,80,119,120,77,9"/><V125/><F104/><W107/><G34/><T15/><D33/><U6/><E75/><V73/><F73/><W71/><G119/><T36/><D36/><U3/><E135/><V26/><F102/><W28/><G28/><T69/><D74/><U31/><E31/><V118/><F125/><N who="1" m="48233" /><E85/><V14/><F2/><W86/><G37/><T103/><D72/><U134/><E134/><V18/><F84/><N who="3" m="48143" /><G64/><T90/><D78/><U1/><E11/><V106/><F106/><W20/><G71/><T21/><D67/><U16/><E16/><N who="2" m="8263" /><F29/><W82/><G20/><T111/><D111/><U61/><E47/><N who="2" m="28063" /><F118/><W17/><G9/><T62/><D69/><U24/><E24/><V0/><F0/><W10/><G10/><T127/><D70/><U22/><E22/><AGARI ba="1,0" hai="18,22,26,60,63,92,93,94" m="28063,8263" machi="22" ten="30,5800,0" yaku="8,1,52,1,54,1" doraHai="51" who="2" fromWho="1" sc="210,0,230,-61,408,61,152,0" /><INIT seed="2,2,0,4,3,59" ten="210,169,469,152" oya="2" hai0="47,57,58,11,94,44,51,24,41,131,76,80,91" hai1="77,18,50,17,68,122,119,54,63,61,121,120,20" hai2="13,27,114,2,73,46,132,28,127,74,21,75,111" hai3="15,97,43,135,67,8,26,98,108,31,117,6,92"/><V102/><F114/><W81/><G117/><T110/><D110/><U30/><E119/><V134/><F2/><W118/><G118/><T40/><D131/><U62/><E77/><V22/><F127/><W133/><G108/><T72/><D24/><N who="1" m="16647" /><E68/><V126/><F126/><W4/><G43/><T12/><D44/><AGARI ba="2,0" hai="17,18,44,50,54,61,62,63,120,121,122" m="16647" machi="44" ten="40,8000,1" yaku="13,1,52,3" doraHai="59" who="1" fromWho="0" sc="210,-86,169,86,469,0,152,0" /><INIT seed="3,0,0,0,1,101" ten="124,255,469,152" oya="3" hai0="28,118,105,83,4,54,41,39,50,82,87,31,133" hai1="90,6,103,12,114,36,46,11,38,81,72,51,107" hai2="89,3,102,100,13,47,58,94,127,67,42,117,115" hai3="86,10,19,16,65,63,74,44,64,134,112,29,125"/><W126/><G74/><T99/><D118/><U95/><E114/><V131/><F3/><W52/><G112/><T5/><D133/><U33/><E33/><V62/><F117/><W22/><G134/><T129/><D129/><U132/><E107/><V23/><F115/><W61/><G86/><T17/><D39/><U8/><E103/><V78/><F78/><W77/><G77/><T40/><D99/><U124/><E124/><N who="3" m="47722" /><G29/><T88/><D105/><U25/><E132/><V9/><F23/><W68/><G10/><T55/><D87/><U18/><E81/><V113/><F131/><W106/><G106/><T97/><D97/><U79/><E79/><V66/><F113/><W7/><G7/><T60/><D50/><U14/><E25/><V128/><F128/><W109/><G109/><T21/><D21/><U76/><E76/><V84/><F127/><W110/><G110/><T26/><D26/><U121/><E121/><V30/><F30/><W130/><G130/><T15/><D15/><U80/><E80/><V120/><F120/><W43/><G22/><T122/><D122/><U96/><E72/><V135/><F135/><W48/><G43/><AGARI ba="0,0" hai="6,8,11,12,14,18,36,38,43,46,51,90,95,96" machi="43" ten="30,1000,0" yaku="7,1" doraHai="101" who="1" fromWho="3" sc="124,0,255,10,469,0,152,-10" owari="124,-37.6,265,6.5,469,56.9,142,-25.8" /></mjloggm>