<mjloggm ver="2.3"><GO type="225" lobby="0"/><UN n0="%E5%A4%9C%E3%81%AE%E3%82%AC%E3%82%B9%E3%83%91%E3%83%BC%E3%83%AB" n1="%E8%B6%85%E7%B4%9A%E9%B3%B3%E5%87%B0" n2="%E3%81%A4%E3%81%A3%E3%81%B1%E3%82%8A%E3%83%9D%E3%83%BC%E3%83%AB" n3="%E5%AD%90%E4%BE%9B%E4%BC%9A%E5%93%A1" dan="17,16,16,17" rate="2159.50,2182.83,2080.16,2132.55" sx="M,F,M,M"/><TAIKYOKU oya="0"/><INIT seed="0,0,0,1,2,115" ten="250,250,250,250" oya="0" hai0="90,24,43,106,51,26,76,52,59,134,78,123,39" hai1="133,114,130,62,57,63,96,98,35,28,132,124,30" hai2="13,46,37,91,86,47,81,44,100,116,87,19,109" hai3="88,12,119,71,72,7,1,54,99,53,83,84,111"/><T67/><D123/><U79/><E79/><N who="0" m="30249" /><D39/><U45/><E114/><V74/><F109/><W117/><G1/><T34/><D106/><U22/><E35/><V89/><F74/><W113/><G113/><T112/><D34/><U31/><E130/><V58/><F100/><W126/><G71/><T23/><D112/><U27/><E124/><V25/><F116/><W3/><G3/><T60/><D134/><N who="1" m="51819" /><E45/><V17/><F37/><W97/><G72/><T61/><D43/><U127/><E127/><V93/><F25/><W128/><G126/><T2/><D2/><U0/><E0/><V135/><F135/><W77/><G111/><T125/><D125/><U102/><E96/><N who="3" m="36938" /><G119/><T9/><D9/><U121/><E121/><V101/><F101/><W36/><G36/><T20/><D90/><U14/><E14/><V32/><F32/><W75/><G75/><T65/><D26/><U104/><E63/><N who="0" m="24137" /><D23/><U129/><E129/><V18/><F13/><W41/><G117/><T73/><D73/><U85/><E85/><V38/><F38/><W29/><G128/><T103/><D103/><U80/><E80/><V16/><N who="2" m="4096" /><DORA hai="8" /><V118/><F118/><W4/><G84/><T5/><D5/><U107/><E107/><V40/><F40/><W11/><G12/><T55/><D55/><AGARI ba="0,0" hai="22,27,28,30,31,55,57,62,98,102,104" m="51819" machi="55" ten="30,1000,0" yaku="20,1" doraHai="115,8" who="1" fromWho="0" sc="250,-10,250,10,250,0,250,0" /><INIT seed="1,0,0,3,4,76" ten="240,260,250,250" oya="1" hai0="40,115,7,33,32,128,16,78,94,37,102,99,119" hai1="95,111,30,124,45,43,88,0,61,66,38,20,15" hai2="9,35,4,34,77,116,51,72,103,104,48,126,93" hai3="12,64,23,90,117,41,106,5,81,134,79,54,74"/><U60/><E0/><V58/><F116/><W114/><G114/><T59/><D119/><U110/><E124/><V46/><F104/><W105/><G117/><T69/><D115/><U91/><E91/><V67/><F126/><W11/><G134/><T63/><D128/><U96/><E61/><V13/><F93/><W84/><G64/><T1/><D69/><U50/><E38/><V25/><F103/><W26/><G41/><T65/><D7/><U28/><E15/><V14/><F14/><W21/><G54/><T131/><D1/><U36/><E36/><V125/><F125/><W83/><REACH who="3" step="1"/><G21/><REACH who="3" ten="240,260,250,240" step="2"/><T19/><D131/><U100/><E20/><V70/><F67/><W2/><G2/><T98/><D40/><U39/><E39/><V73/><F35/><W135/><G135/><T42/><D42/><U8/><E43/><N who="2" m="24671" /><F34/><W107/><G107/><T56/><D37/><U55/><E66/><V68/><F68/><W123/><G123/><T129/><D129/><U71/><E71/><V101/><F70/><W18/><AGARI ba="0,1" hai="5,11,12,18,23,26,74,79,81,83,84,90,105,106" machi="18" ten="20,12000,2" yaku="1,1,0,1,7,1,52,2,53,1" doraHai="76" doraHaiUra="80" who="3" fromWho="3" sc="240,-30,260,-60,250,-30,240,130" /><INIT seed="2,0,0,5,1,79" ten="210,200,220,370" oya="2" hai0="134,25,56,82,100,63,135,51,40,113,78,59,28" hai1="72,35,130,30,47,109,15,2,106,32,43,117,133" hai2="102,70,18,103,62,5,44,58,55,76,121,68,66" hai3="19,99,16,125,89,96,101,24,21,61,74,118,131"/><V93/><F121/><W29/><G118/><T31/><D113/><U112/><RYUUKYOKU type="yao9" ba="0,0" sc="210,0,200,0,220,0,370,0" hai1="2,15,30,32,35,43,47,72,106,109,112,117,130,133" /><INIT seed="2,1,0,1,2,128" ten="210,200,220,370" oya="2" hai0="135,44,32,127,109,110,3,15,38,5,7,78,48" hai1="132,131,49,79,37,10,80,40,76,95,16,123,22" hai2="133,25,129,119,85,9,51,126,24,104,111,0,27" hai3="29,18,62,54,70,112,45,121,72,130,90,120,84"/><V61/><F119/><W122/><G72/><T23/><D32/><U31/><E131/><V6/><F129/><W26/><G130/><T113/><D113/><U28/><E123/><V117/><F117/><W4/><G4/><T13/><D38/><U81/><E37/><V1/><F104/><W60/><G18/><N who="0" m="10703" /><D3/><U134/><E10/><V34/><F126/><W35/><G112/><T21/><D127/><U8/><E8/><V103/><F103/><W115/><G115/><T101/><D135/><N who="1" m="51755" /><E95/><V74/><F74/><W33/><G33/><T96/><D78/><N who="1" m="29739" /><E40/><V57/><F0/><W116/><G116/><T64/><D64/><U88/><E49/><V39/><F39/><W114/><G114/><T12/><D7/><U58/><E58/><V59/><F133/><W108/><G70/><T17/><D5/><U89/><E81/><V93/><F59/><W118/><G118/><T107/><D48/><U55/><E55/><V2/><F51/><W106/><G54/><T30/><D44/><U100/><E100/><V99/><F1/><W91/><G45/><T73/><D73/><U83/><E83/><V14/><F2/><W63/><G122/><T46/><D46/><U94/><E80/><V102/><F57/><W47/><G121/><T125/><D125/><U36/><E36/><V82/><F61/><W65/><G63/><T68/><D68/><U11/><E11/><V67/><F67/><W98/><G62/><T92/><D92/><U42/><E42/><V66/><F66/><W105/><G47/><T77/><D77/><U50/><E50/><V86/><F93/><RYUUKYOKU ba="1,0" sc="210,0,200,0,220,0,370,0" /><INIT seed="3,2,0,2,4,13" ten="210,200,220,370" oya="3" hai0="98,51,109,18,115,84,72,111,64,102,9,25,61" hai1="10,20,85,79,21,49,103,15,46,77,50,66,93" hai2="17,126,113,28,53,34,36,129,95,83,76,78,133" hai3="125,6,108,96,56,14,130,91,65,69,2,127,37"/><W29/><G91/><T110/><D115/><U38/><E38/><V134/><F113/><W0/><G56/><N who="0" m="36903" /><D72/><U119/><E119/><V122/><F129/><W128/><G127/><T97/><D84/><U35/><E35/><V57/><F126/><W74/><G108/><T19/><D9/><U106/><E106/><V90/><F36/><W7/><G14/><T8/><D8/><U26/><E66/><V58/><F58/><W89/><G29/><T135/><D135/><N who="2" m="51722" /><F28/><W105/><G7/><T32/><D51/><U27/><E50/><N who="2" m="30903" /><F34/><W12/><G37/><T67/><D67/><U82/><E79/><V94/><F122/><W124/><G65/><T43/><D43/><N who="1" m="24799" /><E103/><V16/><F78/><W118/><G125/><T107/><D98/><U100/><E100/><V42/><F42/><W88/><G96/><T112/><D112/><U68/><E68/><V80/><F76/><W55/><G124/><T92/><D107/><U131/><E131/><V120/><F120/><W41/><G105/><T5/><D5/><N who="1" m="3535" /><E93/><V52/><F95/><W116/><G130/><T70/><D70/><U24/><AGARI ba="2,0" hai="20,21,24,26,27,77,82,85" m="3535,24799" machi="24" ten="30,2000,0" yaku="25,1,8,1" doraHai="13" who="1" fromWho="1" sc="210,-7,200,26,220,-7,370,-12" owari="203,-29.7,226,2.6,213,-18.7,358,45.8" /></mjloggm>