<mjloggm ver="2.3"><GO type="225" lobby="0"/><UN n0="%E3%81%A8%E3%82%93%E3%81%A8%E3%81%93%E3%81%A8%E3%82%93" n1="%E3%83%88%E3%83%A9%E3%83%9E%E3%83%AB" n2="%E3%82%B2%E3%82%B9%E8%8C%82%E5%8B%9D" n3="%72%69%6F%75%63%68%61%6E" dan="16,16,16,17" rate="2132.37,2082.43,2043.10,2209.32" sx="F,M,F,M"/><TAIKYOKU oya="0"/><INIT seed="0,0,0,2,3,47" ten="250,250,250,250" oya="0" hai0="2,122,36,129,86,83,92,120,118,39,133,17,74" hai1="18,64,84,9,1,62,71,134,85,37,50,34,135" hai2="38,51,125,77,25,31,54,82,27,12,13,114,100" hai3="113,30,61,22,115,105,66,59,33,111,40,63,52"/><T104/><D104/><U45/><E34/><V128/><F125/><W26/><G111/><T73/><D2/><U6/><E37/><V49/><F128/><W65/><G105/><T70/><D70/><U97/><E97/><V107/><F114/><W68/><G40/><T72/><D118/><U8/><E8/><V28/><F38/><W58/><REACH who="3" step="1"/><G33/><REACH who="3" ten="250,250,250,240" step="2"/><T87/><D129/><U132/><REACH who="1" step="1"/><E18/><REACH who="1" ten="250,240,250,240" step="2"/><V79/><F107/><W21/><G21/><T80/><D17/><U106/><E106/><V127/><F127/><W3/><G3/><T44/><D120/><U81/><E81/><V103/><F82/><W93/><G93/><T116/><D122/><U78/><E78/><V69/><F69/><W15/><G15/><T89/><D92/><U16/><E16/><V96/><F96/><W14/><G14/><T124/><D124/><U7/><E7/><V98/><F98/><W95/><G95/><T53/><D80/><U43/><AGARI ba="0,2" hai="1,6,9,43,45,50,62,64,71,84,85,132,134,135" machi="43" ten="30,7900,0" yaku="1,1,0,1,20,1,52,1,53,0" doraHai="47" doraHaiUra="20" who="1" fromWho="1" sc="250,-39,240,99,250,-20,240,-20" /><INIT seed="1,0,0,4,2,77" ten="211,339,230,220" oya="1" hai0="132,31,4,112,102,121,70,30,96,134,40,120,125" hai1="113,86,108,104,51,58,122,29,80,76,135,57,50" hai2="38,54,36,124,100,12,55,13,14,101,2,44,27" hai3="46,39,45,98,33,127,92,49,16,1,128,117,89"/><U71/><E71/><V116/><F116/><W87/><G117/><T43/><D70/><U52/><E113/><V26/><F2/><W60/><G1/><T56/><D4/><U10/><E122/><N who="0" m="47209" /><D56/><U126/><E104/><V93/><F93/><W103/><G128/><T114/><D96/><U15/><E126/><V74/><F44/><W97/><G127/><T107/><D102/><N who="2" m="39530" /><F124/><W24/><G39/><N who="2" m="14889" /><F74/><W131/><G131/><T119/><D107/><U75/><E135/><N who="0" m="51753" /><D119/><U7/><E108/><V106/><F106/><W99/><G60/><T63/><D63/><U123/><E123/><V69/><F69/><W73/><G73/><T41/><D125/><U21/><E75/><V129/><F129/><W28/><G16/><T62/><D62/><U72/><E72/><V17/><F17/><W78/><G103/><T0/><D0/><U109/><E109/><V115/><F115/><AGARI ba="0,0" hai="30,31,40,41,43,112,114,115" m="51753,47209" machi="115" ten="40,8000,1" yaku="28,2,13,1,20,1" doraHai="77" who="0" fromWho="2" sc="211,80,339,0,230,-80,220,0" /><INIT seed="2,0,0,1,0,42" ten="291,339,150,220" oya="2" hai0="8,59,5,35,46,15,82,25,129,134,21,4,3" hai1="102,49,123,53,98,26,89,70,100,47,124,43,126" hai2="63,72,115,27,51,65,113,122,96,105,20,13,103" hai3="14,10,85,128,107,41,73,6,116,90,81,34,38"/><V117/><F122/><W19/><G116/><T118/><D118/><U39/><E123/><V86/><F117/><W99/><G128/><T2/><D129/><U24/><E70/><V106/><F72/><W56/><G34/><T75/><D134/><U88/><E100/><V108/><F106/><W109/><G109/><T83/><D35/><U36/><E36/><V95/><F108/><W9/><G73/><T40/><D59/><U29/><E26/><V94/><F13/><W52/><G38/><T44/><D75/><U78/><E78/><V132/><F132/><W0/><G41/><T37/><D46/><N who="1" m="27831" /><E24/><V120/><F120/><W54/><REACH who="3" step="1"/><G56/><REACH who="3" ten="291,339,150,210" step="2"/><T64/><D40/><U104/><E29/><V22/><F113/><W97/><G97/><T111/><D37/><U48/><E39/><V76/><F115/><W80/><G80/><T28/><D82/><U12/><E12/><V87/><F105/><W92/><G92/><T93/><D93/><U16/><E98/><V33/><F94/><W32/><G32/><T84/><D83/><U130/><E104/><V18/><F33/><W131/><G131/><T1/><D111/><U58/><E58/><N who="2" m="37111" /><F76/><W69/><G69/><T91/><D15/><U23/><E130/><V11/><F11/><W110/><G110/><T71/><D8/><U127/><E102/><AGARI ba="0,1" hai="0,6,9,10,14,19,52,54,81,85,90,99,102,107" machi="102" ten="40,2600,0" yaku="1,1,54,1,53,0" doraHai="42" doraHaiUra="67" who="3" fromWho="1" sc="291,0,339,-26,150,0,210,36" /><INIT seed="3,0,0,4,3,33" ten="291,313,150,246" oya="3" hai0="66,64,43,124,118,18,71,120,47,130,49,41,17" hai1="65,39,94,127,51,26,76,82,129,68,74,52,59" hai2="30,133,5,10,115,29,3,27,98,1,79,34,132" hai3="99,42,125,19,32,101,84,16,24,128,123,63,35"/><W117/><G117/><T21/><D120/><U70/><E39/><V108/><F79/><W100/><G123/><T57/><D118/><U81/><E127/><V104/><F115/><W67/><G125/><T50/><D124/><U78/><E129/><V109/><F98/><W93/><G128/><T77/><D130/><U105/><E105/><V90/><F90/><W95/><G42/><T20/><D71/><U87/><E26/><N who="2" m="18743" /><F1/><W58/><G84/><T97/><D77/><U102/><REACH who="1" step="1"/><E65/><REACH who="1" ten="291,303,150,246" step="2"/><V122/><F104/><W44/><G44/><N who="0" m="25743" /><D97/><AGARI ba="0,1" hai="51,52,59,68,70,74,76,78,81,82,87,94,97,102" machi="97" ten="40,5200,0" yaku="1,1,54,1,53,1" doraHai="33" doraHaiUra="89" who="1" fromWho="0" sc="291,-52,303,62,150,0,246,0" owari="239,-16.1,365,46.5,150,-35.0,246,4.6" /></mjloggm>