<mjloggm ver="2.3"><GO type="225" lobby="0"/><UN n0="%E3%81%99%E3%81%84%E3%81%BE%E3%81%9B%E3%83%BC%E3%82%93" n1="%6D%75%75%6D%75%72%61" n2="%E6%A1%9C%E8%8A%B1%E9%96%83%E3%80%85" n3="%E4%B8%AD%E5%B9%B4%E3%81%AE%E5%8D%B1%E6%A9%9F" dan="16,16,18,16" rate="2115.63,2155.83,2301.38,2150.05" sx="M,F,M,M"/><TAIKYOKU oya="0"/><INIT seed="0,0,0,5,1,1" ten="250,250,250,250" oya="0" hai0="135,11,42,108,38,40,4,84,13,72,62,23,20" hai1="17,128,123,132,107,15,116,41,133,50,34,68,57" hai2="77,12,3,74,14,124,99,106,85,18,90,70,5" hai3="93,53,80,59,117,33,61,45,89,95,98,121,35"/><T29/><D72/><U131/><E68/><V25/><F70/><W21/><G117/><T83/><D135/><N who="1" m="51787" /><E116/><V51/><F124/><W134/><G134/><T44/><D108/><U71/><E71/><V82/><F51/><W78/><G121/><T66/><D42/><U119/><E119/><V2/><F25/><W54/><G95/><T24/><D23/><N who="1" m="11711" /><E107/><V113/><F113/><W101/><G89/><T79/><D62/><U126/><E123/><V26/><F26/><W27/><G45/><T97/><D97/><U19/><E34/><V122/><F12/><W87/><REACH who="3" step="1"/><G54/><REACH who="3" ten="250,250,250,240" step="2"/><T63/><REACH who="0" step="1"/><D63/><REACH who="0" ten="240,250,250,240" step="2"/><U55/><E55/><V0/><F122/><W58/><G58/><T109/><D109/><U67/><E57/><V129/><F99/><W105/><G105/><T56/><D56/><U120/><E120/><V81/><F106/><W49/><G49/><T52/><D52/><U47/><E50/><V73/><F73/><W43/><G43/><T125/><D125/><U86/><E126/><V8/><REACH who="2" step="1"/><F129/><REACH who="2" ten="240,250,240,240" step="2"/><W102/><G102/><T115/><D115/><U60/><E131/><V32/><F32/><W64/><G64/><AGARI ba="0,3" hai="4,11,13,20,24,29,38,40,44,64,66,79,83,84" machi="64" ten="40,3900,0" yaku="1,1,52,1,53,0" doraHai="1" doraHaiUra="110" who="0" fromWho="3" sc="240,69,250,0,240,0,240,-39" /><INIT seed="0,1,0,1,2,114" ten="309,250,240,201" oya="0" hai0="74,0,31,121,86,85,126,2,5,83,50,18,30" hai1="34,95,44,133,11,43,66,103,78,51,9,22,80" hai2="98,96,81,88,67,57,60,6,8,68,132,135,82" hai3="35,108,40,116,111,79,54,58,91,120,62,32,127"/><T76/><D121/><U118/><E34/><V124/><F68/><W20/><G120/><T115/><D115/><U12/><E133/><N who="2" m="51275" /><F124/><W59/><G127/><T102/><D126/><U37/><E118/><V117/><F117/><W61/><G116/><T29/><D102/><U10/><E66/><V104/><F104/><W3/><G3/><T112/><D112/><U7/><E37/><V131/><F131/><W69/><G69/><T64/><D64/><U24/><E103/><V122/><F122/><W70/><G70/><T52/><D18/><U19/><REACH who="1" step="1"/><E95/><REACH who="1" ten="309,240,240,201" step="2"/><N who="2" m="56423" /><F98/><W72/><G35/><T128/><D128/><U93/><E93/><V107/><F107/><W25/><G32/><T26/><D83/><U53/><E53/><V71/><F71/><W73/><G40/><T14/><D52/><U36/><E36/><V27/><F27/><W49/><G111/><T130/><D26/><U101/><E101/><V113/><F113/><W134/><G108/><T65/><D130/><U39/><E39/><V63/><F63/><W106/><G62/><T48/><D65/><U110/><E110/><V15/><AGARI ba="1,1" hai="6,8,15,57,60,67,81,82" m="56423,51275" machi="15" ten="30,2000,0" yaku="20,1,54,1" doraHai="114" who="2" fromWho="2" sc="309,-11,240,-6,240,33,201,-6" /><INIT seed="1,0,0,2,5,0" ten="298,234,273,195" oya="1" hai0="35,59,60,101,114,111,74,33,127,62,102,89,13" hai1="103,21,66,37,23,24,49,5,43,126,39,3,29" hai2="1,7,9,38,93,28,27,56,94,65,80,53,64" hai3="67,58,12,99,51,18,87,132,57,130,106,52,109"/><U128/><E128/><V76/><F38/><W36/><G36/><T135/><D114/><U120/><E120/><V25/><F65/><W16/><G130/><T15/><D74/><U83/><E126/><V123/><F64/><W97/><G132/><T104/><D127/><U113/><E113/><V11/><F11/><N who="3" m="6175" /><G106/><T115/><D115/><U6/><E3/><V32/><F25/><W46/><G109/><T31/><D31/><U8/><E39/><V75/><REACH who="2" step="1"/><F123/><REACH who="2" ten="298,234,263,195" step="2"/><W4/><G18/><T73/><D111/><U125/><E8/><V72/><F72/><W69/><G69/><T71/><D73/><U2/><E37/><V41/><F41/><W48/><G4/><T40/><D40/><U131/><E125/><V92/><F92/><W121/><G121/><T100/><D71/><U117/><E131/><V61/><AGARI ba="0,1" hai="1,7,9,27,28,32,53,56,61,75,76,80,93,94" machi="61" ten="20,5200,0" yaku="1,1,0,1,7,1,52,1,53,0" doraHai="0" doraHaiUra="70" who="2" fromWho="2" sc="298,-13,234,-26,263,62,195,-13" /><INIT seed="2,0,0,2,1,23" ten="285,208,325,182" oya="2" hai0="109,2,78,123,105,36,43,37,75,111,60,13,84" hai1="94,66,114,41,64,15,69,53,82,88,93,100,77" hai2="58,61,83,131,52,0,107,4,92,32,68,12,7" hai3="40,133,56,20,99,59,97,39,35,112,116,81,42"/><V10/><F107/><W67/><G35/><T47/><D2/><U118/><E118/><V95/><F131/><W70/><G116/><T87/><D123/><U25/><E114/><V62/><F32/><W129/><G129/><T17/><D105/><U51/><E69/><V31/><F31/><W26/><G112/><T132/><D132/><U45/><E25/><V89/><F0/><W29/><G133/><T18/><D37/><U28/><E28/><V27/><F27/><W126/><G126/><T8/><D60/><U38/><E100/><V63/><F4/><W54/><G70/><T86/><D18/><U80/><E15/><V117/><F117/><W124/><G124/><T119/><D119/><U74/><E80/><V9/><F9/><W6/><G6/><T122/><D122/><U34/><E93/><N who="2" m="35915" /><F68/><W57/><G39/><T103/><D103/><U71/><E34/><V102/><F102/><W101/><G67/><T3/><D3/><U14/><E14/><V98/><F98/><N who="3" m="37387" /><G101/><T1/><D1/><U21/><E71/><V65/><F65/><W125/><G125/><T121/><D121/><U85/><E21/><V44/><F44/><AGARI ba="0,0" hai="38,41,44,45,51,53,64,66,74,77,82,85,88,94" machi="44" ten="30,2000,0" yaku="7,1,54,1" doraHai="23" who="1" fromWho="2" sc="285,0,208,20,325,-20,182,0" /><INIT seed="3,0,0,2,4,80" ten="285,228,305,182" oya="3" hai0="50,111,74,46,38,130,129,8,14,12,112,0,52" hai1="75,123,115,66,110,40,96,128,7,86,31,53,9" hai2="89,35,126,34,117,118,49,73,85,61,69,24,135" hai3="97,64,120,93,32,67,63,20,15,94,132,4,68"/><W78/><G120/><T104/><D111/><U56/><E75/><V79/><F73/><W37/><G32/><T102/><D112/><U21/><E115/><V76/><F79/><W107/><G37/><T109/><D109/><U70/><E110/><V83/><F76/><W28/><G132/><T114/><D114/><U42/><E123/><V41/><F135/><W39/><G39/><T23/><D74/><U72/><E72/><V77/><F77/><W54/><G78/><T124/><D124/><U16/><E128/><N who="0" m="49257" /><D38/><U133/><E133/><V92/><F83/><W44/><G107/><T5/><D23/><U36/><E86/><V122/><F122/><W57/><G68/><T127/><D127/><U25/><E36/><V27/><F27/><N who="3" m="16487" /><G44/><T90/><D90/><U17/><E70/><V101/><F35/><W106/><G106/><T131/><D131/><U82/><E82/><V121/><F121/><W99/><G99/><AGARI ba="0,0" hai="0,5,8,12,14,46,50,52,99,102,104" m="49257" machi="99" ten="30,2000,0" yaku="19,1,54,1" doraHai="80" who="0" fromWho="3" sc="285,20,228,0,305,0,182,-20" owari="305,40.5,228,-17.2,305,10.5,162,-33.8" /></mjloggm>