<mjloggm ver="2.3"><GO type="225" lobby="0"/><UN n0="%73%61%6E%64%69%72%69%73" n1="%54%4F%52" n2="%E8%81%B7%E6%A5%AD%E3%80%81%E9%A2%A8%32" n3="%E6%97%A5%E6%9B%9C%E6%97%A5%E3%82%88%E3%82%8A%E3%81%AE%E4%BD%BF%E8%80%85" dan="16,17,16,17" rate="2158.53,2230.71,2117.91,2164.81" sx="M,M,M,M"/><TAIKYOKU oya="0"/><INIT seed="0,0,0,0,3,126" ten="250,250,250,250" oya="0" hai0="23,65,62,50,16,68,80,29,78,48,34,89,14" hai1="100,85,22,27,99,88,135,122,83,129,91,104,33" hai2="131,15,75,123,116,120,30,125,18,69,7,92,5" hai3="105,47,96,64,58,40,61,114,52,117,70,82,95"/><T28/><D89/><U42/><E122/><V9/><F69/><W51/><G114/><T66/><D66/><U46/><E135/><V109/><F75/><W56/><G117/><T35/><D29/><U13/><E129/><V73/><F73/><W41/><G105/><T0/><D0/><U17/><E33/><V57/><F116/><W94/><G82/><T21/><D21/><U2/><E2/><V37/><F37/><W54/><G95/><T74/><REACH who="0" step="1"/><D28/><REACH who="0" ten="240,250,250,250" step="2"/><U36/><REACH who="1" step="1"/><E91/><REACH who="1" ten="240,240,250,250" step="2"/><V77/><F120/><W108/><G108/><T134/><D134/><U10/><E10/><V110/><F123/><W71/><G71/><T98/><D98/><U107/><E107/><V72/><F9/><W12/><G70/><T81/><D81/><U97/><E97/><V26/><F110/><W102/><REACH who="3" step="1"/><G12/><AGARI ba="0,2" hai="12,13,17,22,27,36,42,46,83,85,88,99,100,104" machi="12" ten="40,2600,0" yaku="1,1,54,1,53,0" doraHai="126" doraHaiUra="128" who="1" fromWho="3" sc="240,0,240,46,250,0,250,-26" /><INIT seed="1,0,0,1,2,88" ten="240,286,250,224" oya="1" hai0="48,1,76,38,71,131,98,103,54,22,105,91,30" hai1="112,10,128,115,63,8,92,96,64,23,60,102,86" hai2="4,13,108,79,44,125,93,127,68,56,75,77,33" hai3="37,21,120,87,118,106,129,15,114,34,32,101,40"/><U12/><E128/><V0/><F68/><W26/><G114/><T65/><D38/><U135/><E135/><V55/><F108/><W5/><G120/><T124/><D1/><U7/><E115/><V25/><F0/><W80/><G40/><T132/><D124/><N who="2" m="47690" /><F75/><W85/><G37/><T73/><D131/><U58/><E112/><V17/><F44/><W109/><G101/><T14/><D76/><U104/><E104/><V28/><F93/><W90/><G106/><T133/><D73/><U74/><E74/><V53/><F4/><W122/><G122/><T3/><D3/><U78/><E10/><N who="2" m="6327" /><F53/><W2/><G2/><T20/><D71/><U107/><E63/><AGARI ba="0,0" hai="25,28,33,55,56,63,77,79" m="6327,47690" machi="63" ten="30,1000,0" yaku="18,1" doraHai="88" who="2" fromWho="1" sc="240,0,286,-10,250,10,224,0" /><INIT seed="2,0,0,4,4,83" ten="240,276,260,224" oya="2" hai0="132,60,104,99,11,135,109,23,64,118,72,130,121" hai1="49,128,31,97,94,74,34,122,80,39,123,87,96" hai2="127,85,55,1,107,79,76,103,17,32,90,33,57" hai3="125,114,106,19,12,50,65,78,5,68,70,119,89"/><V27/><F1/><W129/><G119/><T77/><D121/><N who="1" m="46091" /><E39/><V18/><F127/><W98/><G5/><T16/><D109/><U44/><E74/><V81/><F107/><W46/><G78/><N who="2" m="29737" /><F33/><W48/><G106/><T105/><D130/><U108/><E108/><V28/><F32/><W61/><G125/><T59/><D118/><U43/><E128/><V100/><F28/><W6/><G129/><T102/><D104/><U52/><E43/><V120/><F120/><W8/><G114/><T9/><D77/><N who="1" m="46479" /><E94/><V0/><F0/><W2/><G70/><T115/><D115/><U37/><E37/><V116/><F116/><W54/><G50/><T110/><D72/><U51/><E51/><N who="2" m="30975" /><F27/><AGARI ba="0,0" hai="27,31,34,44,49,52,96,97" m="46479,46091" machi="27" ten="30,3900,0" yaku="13,1,52,1,54,1" doraHai="83" who="1" fromWho="2" sc="240,0,276,39,260,-39,224,0" /><INIT seed="3,0,0,3,2,131" ten="240,315,221,224" oya="3" hai0="72,89,58,2,14,66,71,34,133,62,79,113,25" hai1="51,92,4,126,94,83,33,15,11,115,13,80,55" hai2="82,116,1,41,17,26,0,77,78,95,120,98,31" hai3="8,90,103,118,67,29,134,85,59,50,27,104,100"/><W60/><G118/><T107/><D2/><U23/><E33/><V38/><F116/><W39/><G39/><T40/><D113/><U127/><E115/><V69/><F69/><W114/><G114/><T12/><D40/><U125/><E83/><V49/><F38/><W128/><G128/><T81/><D133/><U24/><E15/><V93/><F120/><W117/><G117/><T22/><D34/><U132/><E80/><V54/><F41/><W35/><G104/><T16/><D107/><U121/><E132/><V36/><F36/><W44/><G8/><T61/><D89/><U37/><E37/><V110/><F17/><W76/><G76/><T63/><D63/><U111/><E111/><V68/><F68/><W70/><G70/><T86/><D72/><U46/><E121/><V112/><F110/><W53/><REACH who="3" step="1"/><G134/><REACH who="3" ten="240,315,221,214" step="2"/><T75/><D75/><U102/><E102/><N who="2" m="60751" /><F95/><AGARI ba="0,1" hai="27,29,35,44,50,53,59,60,67,85,90,95,100,103" machi="95" ten="30,2900,0" yaku="1,1,7,1,53,0" doraHai="131" doraHaiUra="130" who="3" fromWho="2" sc="240,0,315,0,221,-29,214,39" /><INIT seed="3,1,0,1,4,65" ten="240,315,192,253" oya="3" hai0="77,38,29,92,49,99,87,40,20,11,48,41,82" hai1="68,110,79,132,0,103,130,66,23,52,30,128,37" hai2="100,75,47,58,33,98,54,44,61,60,24,89,113" hai3="28,2,121,26,53,64,1,70,39,107,27,13,127"/><W7/><G121/><T46/><D41/><U18/><E0/><V45/><F75/><W134/><G39/><T4/><D29/><U43/><E110/><V9/><F113/><W35/><G53/><T67/><D20/><U8/><E132/><V106/><F89/><W131/><G64/><T3/><D67/><U115/><E115/><V85/><F85/><W15/><G70/><T69/><D69/><U108/><E108/><V36/><F9/><N who="3" m="4287" /><G107/><T83/><D83/><U22/><E79/><V76/><F76/><W97/><G97/><T78/><D78/><U91/><E103/><AGARI ba="1,0" hai="3,4,11,38,40,46,48,49,77,82,87,92,99,103" machi="103" ten="30,1000,0" yaku="7,1" doraHai="65" who="0" fromWho="1" sc="240,13,315,-13,192,0,253,0" owari="253,5.3,302,40.2,192,-30.8,253,-14.7" /></mjloggm>