<mjloggm ver="2.3"><GO type="225" lobby="0"/><UN n0="%63%68%78%62%64" n1="%72%61%6B%33" n2="%E3%81%A0%E3%81%8A" n3="%E3%81%B5%E3%81%98%E3%81%8B%E3%81%A4" dan="16,16,16,16" rate="2179.77,2045.11,2026.32,2089.62" sx="M,M,M,M"/><TAIKYOKU oya="0"/><INIT seed="0,0,0,4,4,79" ten="250,250,250,250" oya="0" hai0="13,59,35,121,69,22,6,48,82,101,20,103,75" hai1="118,119,81,134,33,18,112,17,115,0,66,16,37" hai2="15,91,14,77,105,120,100,99,50,85,124,29,72" hai3="5,97,80,76,129,62,135,9,28,36,24,46,74"/><T65/><D121/><U89/><E134/><V40/><F120/><W41/><G135/><T4/><D35/><U27/><E0/><V25/><F124/><W96/><G129/><T125/><D69/><U10/><E37/><V108/><F108/><W127/><G62/><T23/><D125/><U130/><E66/><V93/><F50/><W70/><G70/><T98/><D13/><U19/><E130/><V94/><F94/><W32/><REACH who="3" step="1"/><G127/><REACH who="3" ten="250,250,250,240" step="2"/><T42/><D65/><U78/><E119/><V60/><F60/><W109/><G109/><T128/><D128/><U31/><E118/><V92/><F40/><W56/><G56/><T47/><D59/><U114/><E89/><V61/><F61/><W21/><G21/><T38/><D101/><U49/><E49/><V113/><F91/><W43/><G43/><T2/><D48/><U55/><E55/><V133/><F100/><W88/><G88/><T7/><D2/><AGARI ba="0,1" hai="2,5,9,24,28,32,36,41,46,74,76,80,96,97" machi="2" ten="30,8000,1" yaku="1,1,7,1,25,2,52,1,53,0" doraHai="79" doraHaiUra="54" who="3" fromWho="0" sc="250,-80,250,0,250,0,240,90" /><INIT seed="1,0,0,0,0,124" ten="170,250,250,330" oya="1" hai0="129,20,45,22,67,85,79,12,117,62,65,97,19" hai1="27,25,16,125,70,41,90,32,17,99,135,106,46" hai2="31,131,134,74,58,3,35,57,54,113,21,101,115" hai3="38,14,107,7,15,50,81,42,89,102,39,120,68"/><U52/><E70/><V36/><F3/><W29/><G120/><T76/><D117/><U40/><E125/><V130/><F74/><W118/><G68/><T73/><D129/><N who="2" m="49162" /><F134/><W133/><G29/><T100/><D73/><U28/><E135/><V72/><F72/><W110/><G110/><T78/><D85/><U37/><E41/><V8/><F36/><W56/><G89/><T108/><D108/><U23/><E106/><V77/><F77/><W34/><G107/><T87/><D87/><U13/><E52/><V114/><F101/><W9/><G102/><T4/><D4/><U48/><E37/><V95/><F95/><W109/><G133/><T83/><D83/><U24/><REACH who="1" step="1"/><E17/><REACH who="1" ten="170,240,250,330" step="2"/><V126/><F126/><W33/><G39/><T63/><D45/><U51/><E51/><V111/><F54/><W61/><G38/><T0/><D65/><U71/><E71/><V53/><F53/><W116/><G109/><T2/><D63/><U103/><E103/><V128/><F128/><W26/><G50/><T43/><D43/><U49/><E49/><V86/><F113/><W104/><G42/><T47/><D47/><U98/><E98/><V18/><F115/><W122/><G104/><T93/><REACH who="0" step="1"/><D20/><REACH who="0" ten="160,240,250,330" step="2"/><U59/><E59/><AGARI ba="0,2" hai="0,2,12,19,22,59,62,67,76,78,79,93,97,100" machi="59" ten="40,2600,0" yaku="1,1,2,1,53,0" doraHai="124" doraHaiUra="132" who="0" fromWho="1" sc="160,46,240,-26,250,0,330,0" /><INIT seed="2,0,0,2,2,113" ten="206,214,250,330" oya="2" hai0="125,4,121,44,41,133,78,29,7,98,86,132,35" hai1="111,19,25,118,36,117,46,12,92,95,21,52,79" hai2="11,3,66,15,124,43,27,38,73,130,14,87,120" hai3="88,80,67,128,65,72,101,102,134,71,74,99,51"/><V115/><F73/><N who="3" m="28267" /><G71/><T20/><D121/><U23/><E111/><V13/><F124/><W69/><G69/><T47/><D35/><U60/><E79/><V54/><F130/><W70/><G70/><T53/><D125/><U90/><E36/><V119/><F115/><W24/><G24/><T18/><D29/><U123/><E123/><V114/><F87/><N who="3" m="50279" /><G51/><N who="0" m="28903" /><D98/><U30/><E95/><V97/><F97/><W108/><G65/><T122/><D122/><U42/><E42/><V81/><F81/><W59/><G59/><T45/><D86/><U9/><E9/><V16/><F120/><W33/><G67/><T100/><D100/><N who="3" m="38505" /><G33/><T131/><D78/><U82/><E82/><V94/><F66/><W22/><G108/><T55/><D131/><U34/><E34/><V112/><F114/><W68/><G68/><T5/><D55/><U96/><REACH who="1" step="1"/><E46/><REACH who="1" ten="206,204,250,330" step="2"/><V32/><F112/><W116/><G128/><T135/><D41/><U126/><E126/><V103/><F43/><W10/><G10/><T93/><D93/><U1/><E1/><V50/><F3/><W107/><G22/><T17/><D17/><U48/><E48/><V106/><F16/><W37/><G37/><T57/><D57/><AGARI ba="0,1" hai="12,19,21,23,25,30,52,57,60,90,92,96,117,118" machi="57" ten="40,8000,1" yaku="1,1,52,2,54,1,53,0" doraHai="113" doraHaiUra="0" who="1" fromWho="0" sc="206,-80,204,90,250,0,330,0" /><INIT seed="3,0,0,2,3,47" ten="126,294,250,330" oya="3" hai0="25,5,76,100,27,78,21,90,55,89,92,33,122" hai1="95,85,133,17,84,9,117,104,50,113,60,105,35" hai2="108,67,51,66,43,118,94,15,37,23,69,49,86" hai3="59,102,82,87,54,97,46,114,109,18,2,19,41"/><W115/><G2/><T83/><D122/><U127/><E35/><V112/><F112/><W75/><G75/><T61/><D5/><U10/><E113/><V22/><F118/><W1/><G1/><T65/><D55/><U99/><E117/><V48/><F108/><W4/><G4/><T70/><D78/><U120/><E120/><V74/><F74/><W131/><G131/><T58/><D70/><U110/><E110/><V134/><F134/><W38/><G109/><T124/><D124/><U121/><E121/><V52/><F69/><W39/><G39/><T79/><D33/><U81/><E133/><V77/><F37/><W34/><G34/><T103/><D27/><U116/><E127/><V135/><F43/><W63/><G114/><T3/><D3/><U125/><E125/><V119/><F119/><W101/><G101/><T106/><D106/><U64/><E105/><V28/><F135/><W32/><G32/><T93/><D79/><U14/><E9/><V6/><F6/><W36/><G36/><T126/><D126/><U11/><E10/><V12/><F23/><W132/><G132/><T0/><D0/><U130/><E104/><V40/><F40/><W24/><G24/><T107/><D107/><U68/><E130/><V123/><F123/><W72/><G115/><T80/><D76/><U16/><E17/><N who="2" m="10535" /><F28/><W128/><G128/><T30/><D100/><N who="1" m="60543" /><E116/><V98/><F77/><N who="3" m="46543" /><G72/><T7/><D7/><U96/><E68/><V56/><F15/><W129/><G129/><T42/><D42/><U45/><E14/><V31/><F31/><W73/><G73/><RYUUKYOKU ba="0,0" sc="126,-10,294,-10,250,-10,330,30" hai3="18,19,38,41,46,54,59,63,97,102" owari="116,-38.4,284,8.4,240,-16.0,360,46.0" /></mjloggm>