<mjloggm ver="2.3"><GO type="225" lobby="0"/><UN n0="%72%69%6F%75%63%68%61%6E" n1="%E7%AD%89%E3%80%85%E5%8A%9B%E5%8A%87%E5%A0%B4" n2="%E3%81%AF%E3%82%88%E3%81%8A%E3%81%98%E3%81%95%E3%82%93" n3="%E6%B4%BE%E9%81%A3%E3%81%AE%E3%82%B8%E3%83%A3%E3%83%83%E3%82%AF" dan="17,16,17,16" rate="2150.56,2129.46,2218.06,2177.12" sx="M,M,M,M"/><TAIKYOKU oya="0"/><INIT seed="0,0,0,5,2,4" ten="250,250,250,250" oya="0" hai0="57,10,3,20,37,77,45,83,82,27,18,117,90" hai1="51,40,54,35,65,107,122,75,131,36,42,22,47" hai2="34,1,102,103,70,39,6,108,101,58,109,123,69" hai3="46,118,79,106,17,91,11,125,64,104,121,63,9"/><T5/><D117/><U96/><E35/><V80/><F123/><W13/><G118/><T93/><D57/><U19/><E122/><V68/><F34/><W116/><G116/><T81/><D37/><U120/><E120/><V92/><F39/><W50/><G79/><T15/><D45/><U49/><E75/><V94/><F58/><W99/><G121/><T119/><D119/><U73/><E73/><V129/><F80/><W16/><G125/><T21/><D77/><U33/><E33/><V84/><F84/><W88/><G99/><T78/><D78/><U7/><E131/><V60/><F60/><W43/><G104/><T85/><REACH who="0" step="1"/><D81/><REACH who="0" ten="240,250,250,250" step="2"/><U31/><E47/><V134/><F129/><W66/><G106/><T55/><D55/><U130/><E54/><V95/><F134/><W41/><G41/><T113/><D113/><U72/><E42/><V86/><F86/><W67/><G63/><T26/><D26/><U29/><E40/><V132/><F132/><W126/><G126/><T52/><D52/><U53/><E53/><V48/><F48/><W124/><G124/><T97/><D97/><U74/><E96/><V105/><F105/><W30/><G30/><AGARI ba="0,1" hai="3,5,10,15,18,20,21,27,30,82,83,85,90,93" machi="30" ten="30,5800,0" yaku="1,1,7,1,52,1,53,0" doraHai="4" doraHaiUra="133" who="0" fromWho="3" sc="240,68,250,0,250,0,250,-58" /><INIT seed="0,1,0,0,1,73" ten="308,250,250,192" oya="0" hai0="124,37,39,109,112,58,52,129,134,55,92,90,28" hai1="67,21,26,125,83,35,87,121,15,19,36,64,70" hai2="56,68,49,22,89,7,9,115,24,29,48,101,77" hai3="113,116,85,91,126,110,82,114,40,69,84,105,61"/><T0/><D112/><U1/><E1/><V74/><F68/><W135/><G40/><T122/><D122/><U31/><E121/><V94/><F115/><W16/><G116/><T38/><D0/><U81/><E36/><V66/><F101/><W107/><G110/><T27/><D109/><U86/><E125/><V62/><F74/><W103/><G126/><T79/><D124/><U17/><E70/><V11/><F77/><W60/><G135/><T34/><D134/><U123/><E123/><V131/><F131/><W78/><G113/><T54/><D129/><U76/><REACH who="1" step="1"/><E19/><REACH who="1" ten="308,240,250,192" step="2"/><V51/><REACH who="2" step="1"/><F7/><REACH who="2" ten="308,240,240,192" step="2"/><W13/><G114/><T8/><D79/><AGARI ba="1,2" hai="15,17,21,26,31,35,64,67,76,79,81,83,86,87" machi="79" ten="30,12000,2" yaku="1,1,2,1,7,1,9,1,52,2,53,0" doraHai="73" doraHaiUra="128" who="1" fromWho="0" sc="308,-123,240,143,240,0,192,0" /><INIT seed="1,0,0,5,0,128" ten="185,383,240,192" oya="1" hai0="52,113,70,107,21,58,62,64,126,60,131,35,46" hai1="127,11,59,53,72,42,26,109,63,7,83,10,77" hai2="17,91,36,90,65,47,15,67,12,79,22,97,43" hai3="56,69,50,134,68,106,122,110,30,75,76,115,6"/><U54/><E127/><V111/><F111/><W38/><G122/><T121/><D113/><U114/><E114/><V103/><F79/><W45/><G115/><T119/><D35/><U29/><E109/><V82/><F12/><W78/><G106/><T74/><D119/><U86/><E42/><V18/><F18/><W71/><G110/><T28/><D107/><U24/><E72/><V66/><REACH who="2" step="1"/><F82/><REACH who="2" ten="185,383,230,192" step="2"/><W13/><G76/><T44/><D121/><U130/><E83/><V100/><F100/><W123/><G78/><T87/><D126/><U132/><E77/><V93/><AGARI ba="0,1" hai="15,17,22,36,43,47,65,66,67,90,91,93,97,103" machi="93" ten="30,2000,0" yaku="1,1,0,1,53,0" doraHai="128" doraHaiUra="120" who="2" fromWho="2" sc="185,-5,383,-10,230,30,192,-5" /><INIT seed="2,0,0,5,1,89" ten="180,373,260,187" oya="2" hai0="19,33,133,26,31,130,66,74,56,110,86,111,135" hai1="35,104,124,6,75,46,99,122,47,121,103,80,40" hai2="97,14,24,94,39,114,11,88,49,87,12,96,23" hai3="44,93,109,79,108,59,83,34,65,112,55,50,15"/><V61/><F39/><W8/><G34/><T2/><D74/><U125/><E35/><V127/><F114/><W119/><G119/><T107/><D107/><U30/><E30/><V120/><F120/><N who="1" m="46185" /><E6/><V123/><F123/><W98/><G112/><T21/><D130/><U115/><E115/><V85/><F127/><N who="1" m="48713" /><E40/><V95/><F49/><W126/><G126/><T27/><D2/><U41/><E41/><V0/><F61/><W1/><G1/><T67/><D86/><N who="2" m="32778" /><F11/><W58/><G65/><N who="0" m="24587" /><D56/><U29/><E29/><N who="2" m="17567" /><F0/><W3/><G3/><T17/><D19/><U25/><E25/><V68/><F68/><W78/><G59/><T73/><D73/><U117/><E117/><V51/><F51/><W113/><G58/><T45/><D45/><U60/><E60/><V84/><N who="2" m="32786" /><V76/><DORA hai="52" /><F76/><AGARI ba="0,0" hai="46,47,75,76,80,99,103,104" m="48713,46185" machi="76" ten="30,2000,0" yaku="13,1,18,1" doraHai="89,52" who="1" fromWho="2" sc="180,0,373,20,260,-20,187,0" /><INIT seed="3,0,0,5,2,53" ten="180,393,240,187" oya="3" hai0="67,115,36,49,21,61,135,94,64,17,43,54,32" hai1="75,37,70,22,31,29,78,71,41,39,48,128,126" hai2="101,15,3,20,13,59,24,121,8,65,10,97,14" hai3="56,132,46,26,124,76,16,79,11,95,110,113,66"/><W2/><G113/><T91/><D32/><U104/><E104/><V123/><F59/><W92/><G124/><T84/><D115/><U117/><E48/><V62/><F62/><N who="3" m="38215" /><G2/><T63/><D135/><U80/><E128/><V25/><F65/><N who="0" m="25162" /><D43/><U34/><E22/><V18/><F24/><W4/><G132/><T88/><D36/><U68/><E126/><V35/><F35/><W0/><G0/><T30/><D91/><U96/><E117/><V73/><F73/><W125/><G125/><T105/><D105/><U112/><E112/><V119/><F119/><W134/><G134/><T89/><D89/><U33/><E33/><V7/><REACH who="2" step="1"/><F10/><REACH who="2" ten="180,393,230,187" step="2"/><W12/><G110/><T108/><D108/><U83/><E34/><V50/><F50/><W82/><G46/><N who="0" m="27959" /><D30/><U111/><E29/><V52/><F52/><W40/><G40/><T90/><D90/><U6/><E31/><V60/><F60/><W106/><G106/><AGARI ba="0,1" hai="3,7,8,13,14,15,18,20,25,97,101,106,121,123" machi="106" ten="40,2600,0" yaku="1,1,53,1" doraHai="53" doraHaiUra="100" who="2" fromWho="3" sc="180,0,393,0,230,36,187,-26" owari="180,-22.0,393,49.3,266,6.6,161,-33.9" /></mjloggm>