<mjloggm ver="2.3"><GO type="225" lobby="0"/><UN n0="%61%67%65%48%61" n1="%E3%82%A2%E3%83%8A%E3%83%BC%E3%81%8D%E3%83%BC" n2="%E5%A4%96%E5%B7%9D%E7%AB%9C%E6%88%90" n3="%38%63%E3%81%AF%E3%81%A3%E3%81%97%E3%83%BC" dan="16,16,16,16" rate="2041.40,2097.67,2186.38,2094.25" sx="M,M,M,M"/><TAIKYOKU oya="0"/><INIT seed="0,0,0,1,4,69" ten="250,250,250,250" oya="0" hai0="134,43,50,22,47,117,37,2,84,61,112,45,76" hai1="51,133,91,8,129,21,38,132,123,63,103,35,33" hai2="36,82,18,23,115,110,74,65,13,49,126,122,58" hai3="44,46,98,95,28,54,40,11,56,121,67,90,41"/><T85/><D2/><U25/><E123/><V105/><F122/><W31/><G121/><T3/><D3/><U17/><E129/><V53/><F115/><W4/><G67/><T81/><D112/><U119/><E119/><V9/><F105/><W30/><G41/><T83/><D117/><U29/><E103/><V6/><F126/><W86/><G98/><T73/><D134/><N who="1" m="51819" /><E38/><V24/><F110/><W64/><G64/><T71/><D22/><N who="1" m="15543" /><E63/><V111/><F111/><W116/><G116/><T14/><D14/><N who="1" m="9399" /><E51/><V70/><F65/><W125/><G125/><T68/><D61/><U52/><E52/><V66/><F66/><W62/><REACH who="3" step="1"/><G40/><REACH who="3" ten="250,250,250,240" step="2"/><T102/><D71/><U114/><E114/><V1/><F70/><W42/><G42/><T131/><D68/><U130/><E130/><V128/><F128/><W15/><AGARI ba="0,1" hai="4,11,15,28,30,31,44,46,54,56,62,86,90,95" machi="15" ten="30,4000,0" yaku="1,1,0,1,8,1,53,0" doraHai="69" doraHaiUra="108" who="3" fromWho="3" sc="250,-20,250,-10,250,-10,240,50" /><INIT seed="1,0,0,3,0,68" ten="230,240,240,290" oya="1" hai0="102,126,13,120,18,22,39,26,97,0,85,25,132" hai1="4,134,64,54,75,32,77,113,108,40,60,1,127" hai2="63,55,70,28,56,61,46,111,95,73,89,105,51" hai3="59,131,110,57,42,7,17,99,119,130,80,62,27"/><U33/><E113/><V135/><F105/><W38/><G7/><T31/><D0/><U76/><E127/><V74/><F111/><W82/><G99/><T58/><D126/><U133/><E108/><V69/><F135/><N who="1" m="51721" /><E40/><V24/><F70/><W71/><G71/><T21/><D132/><U96/><E54/><V79/><F69/><W86/><G110/><T11/><D85/><U2/><E60/><V36/><F79/><N who="1" m="30281" /><E64/><V91/><F63/><W72/><G62/><T83/><D83/><U88/><E75/><V90/><F95/><W9/><G72/><T101/><D120/><U50/><E50/><V5/><F5/><W115/><G57/><T122/><D122/><U48/><E48/><V37/><F74/><W67/><G59/><T129/><D129/><U114/><E114/><V116/><F73/><W53/><G53/><T66/><D58/><U19/><E19/><V6/><F6/><W94/><G17/><T49/><D66/><U112/><E112/><V12/><F116/><W45/><G119/><T106/><D49/><U16/><E16/><V20/><REACH who="2" step="1"/><F12/><REACH who="2" ten="230,240,230,290" step="2"/><W43/><G115/><T93/><D106/><U14/><E14/><V121/><F121/><W125/><G125/><T52/><D13/><U103/><E103/><V23/><F23/><W118/><G118/><T107/><D11/><N who="1" m="2447" /><E2/><V44/><F44/><W30/><G45/><T124/><D124/><U34/><E34/><V98/><F98/><W84/><G9/><T47/><D101/><U117/><E117/><V10/><F10/><W92/><G131/><T104/><D52/><AGARI ba="0,1" hai="20,24,28,36,37,46,51,52,55,56,61,89,90,91" machi="52" ten="40,8000,1" yaku="1,1,52,2,54,1,53,1" doraHai="68" doraHaiUra="41" who="2" fromWho="0" sc="230,-80,240,0,230,90,290,0" /><INIT seed="2,0,0,1,0,88" ten="150,240,320,290" oya="2" hai0="112,76,28,24,116,108,73,82,23,22,105,74,114" hai1="109,18,11,100,102,101,50,51,125,133,71,41,62" hai2="9,111,94,92,81,103,64,87,93,122,29,83,107" hai3="10,60,134,19,44,90,31,96,110,89,52,99,132"/><V55/><F122/><W21/><G31/><T49/><D105/><U117/><E117/><V6/><F107/><W113/><G10/><T35/><D116/><U69/><E109/><V47/><F29/><W115/><G110/><T70/><D70/><U1/><E125/><V59/><F111/><W27/><G90/><T38/><D38/><U33/><E33/><V37/><F103/><W68/><G68/><T4/><D108/><U127/><E127/><V26/><F26/><W46/><G44/><T30/><D35/><U86/><E133/><N who="3" m="51306" /><G46/><T98/><D4/><U131/><E131/><V34/><F34/><W13/><G13/><T67/><D67/><U7/><E18/><V40/><F64/><W25/><G25/><T32/><D32/><U77/><E41/><V124/><F124/><W97/><G89/><T118/><D118/><U75/><E75/><V43/><F87/><W3/><G3/><T54/><D73/><U39/><E39/><V85/><F85/><W126/><G126/><T48/><D48/><U106/><E106/><V16/><F16/><W56/><AGARI ba="0,0" hai="19,21,27,52,56,60,96,97,99,113,115" m="51306" machi="56" ten="40,2700,0" yaku="20,1,54,1" doraHai="88" who="3" fromWho="3" sc="150,-7,240,-7,320,-13,290,27" /><INIT seed="3,0,0,4,5,112" ten="143,233,307,317" oya="3" hai0="16,19,129,91,75,14,52,12,57,131,59,3,82" hai1="133,8,62,30,31,107,92,99,49,117,27,90,88" hai2="96,26,116,100,86,47,23,38,32,113,58,44,89" hai3="51,126,128,33,28,54,72,35,37,84,24,29,7"/><W68/><G72/><T74/><D3/><U102/><E133/><V85/><F116/><W114/><G37/><T106/><D106/><U98/><E117/><V79/><F113/><W69/><G114/><T93/><D131/><U105/><E31/><V9/><F32/><W40/><G40/><T11/><D59/><U2/><E49/><V78/><F38/><W55/><G7/><T17/><D129/><U76/><E76/><N who="2" m="29227" /><F9/><W66/><G128/><T119/><D82/><U46/><E46/><N who="2" m="17451" /><F100/><W94/><G66/><T1/><D1/><U97/><E62/><V67/><F96/><W25/><G126/><T121/><D121/><U130/><E130/><V101/><F101/><W34/><G34/><T118/><D74/><U43/><E43/><V45/><F45/><W71/><G51/><T87/><D75/><U42/><E42/><V120/><F120/><W5/><G5/><T60/><D17/><U41/><E41/><V36/><F36/><W127/><G127/><T110/><D110/><U134/><E134/><V56/><F67/><W53/><G69/><T104/><D104/><U13/><E2/><V65/><F65/><W108/><G108/><T73/><D73/><U132/><E132/><V18/><F86/><W125/><G125/><T115/><D115/><U48/><E107/><V83/><AGARI ba="0,0" hai="18,23,26,56,58,83,85,89" m="17451,29227" machi="83" ten="30,1100,0" yaku="8,1" doraHai="112" who="2" fromWho="2" sc="143,-3,233,-3,307,11,317,-5" owari="140,-36.0,230,-17.0,318,41.8,312,11.2" /></mjloggm>