<mjloggm ver="2.3"><GO type="225" lobby="0"/><UN n0="%E5%8D%A0%E3%81%84%E5%B8%AB%E8%A3%8F%E3%81%AA%E3%81%84%E3%81%97" n1="%6D%75%75%6D%75%72%61" n2="%E5%B8%86%E7%AB%8B%E5%A4%8F%E8%A1%A3" n3="%E3%81%8B%E3%82%8F%E3%81%A1%E3%82%83%E3%82%93%35%38" dan="17,17,16,16" rate="2175.32,2156.58,2086.66,2171.48" sx="M,F,M,M"/><TAIKYOKU oya="0"/><INIT seed="0,0,0,5,0,84" ten="250,250,250,250" oya="0" hai0="134,56,63,68,95,57,4,42,90,106,55,65,15" hai1="13,126,94,47,102,114,31,12,17,67,39,73,8" hai2="116,9,66,52,81,70,83,11,85,100,51,59,113" hai3="108,29,21,69,40,79,32,10,60,6,117,58,88"/><T120/><D120/><U2/><E126/><V135/><F113/><W93/><G117/><T105/><D134/><U71/><E73/><V115/><F115/><W0/><G69/><T133/><D133/><U46/><E114/><V48/><F135/><W28/><G32/><T131/><D42/><U45/><E2/><V121/><F121/><W22/><G79/><T107/><D131/><U41/><E31/><V33/><F33/><W76/><G76/><T104/><N who="0" m="26624" /><DORA hai="128" /><T44/><D44/><U3/><E3/><V97/><F116/><W87/><G108/><T54/><D68/><U35/><E35/><V7/><F51/><W123/><G123/><T26/><D26/><U16/><E102/><V82/><F85/><W129/><G129/><T132/><D57/><U109/><E109/><V111/><F111/><W24/><G40/><T96/><REACH who="0" step="1"/><D132/><REACH who="0" ten="240,250,250,250" step="2"/><U99/><E71/><V53/><F70/><W125/><G125/><T75/><D75/><U77/><E45/><V34/><F59/><W14/><G0/><T91/><D91/><U122/><E46/><V27/><F27/><W64/><REACH who="3" step="1"/><G22/><REACH who="3" ten="240,250,250,240" step="2"/><T124/><D124/><U18/><E122/><V50/><F34/><W23/><G23/><T61/><D61/><U5/><E41/><V72/><F72/><W38/><G38/><T98/><D98/><U80/><E39/><V62/><F97/><W20/><G20/><T118/><D118/><U112/><E99/><V30/><F62/><W130/><G130/><T103/><D103/><U43/><E43/><V1/><F100/><W74/><G74/><T37/><D37/><RYUUKYOKU ba="0,2" sc="240,15,250,-15,250,-15,240,15" hai0="4,15,54,55,56,63,65,90,95,96" hai3="6,10,14,21,24,28,29,58,60,64,87,88,93" /><INIT seed="0,1,2,0,0,111" ten="255,235,235,255" oya="0" hai0="52,38,124,46,76,29,24,82,109,80,70,88,117" hai1="3,60,27,66,14,26,125,95,59,133,101,58,54" hai2="17,103,23,43,134,131,79,5,53,97,16,22,1" hai3="129,7,55,98,84,81,100,6,77,132,49,86,99"/><T69/><D117/><U25/><E3/><V102/><F134/><W73/><G132/><T18/><D109/><U42/><E133/><V83/><F131/><W51/><G129/><T71/><D124/><U108/><E125/><V37/><F37/><W13/><G73/><T33/><D18/><N who="2" m="7274" /><F1/><W48/><G55/><T47/><D38/><U11/><E108/><V4/><F43/><W90/><G13/><T112/><D112/><U50/><E42/><V21/><F53/><W105/><REACH who="3" step="1"/><G99/><REACH who="3" ten="255,235,235,245" step="2"/><T89/><D52/><U107/><E14/><V127/><F127/><W91/><G91/><T30/><D89/><U45/><E11/><V32/><F97/><W126/><G126/><T28/><D88/><U61/><E107/><V93/><F93/><AGARI ba="1,3" hai="6,7,48,49,51,77,81,84,86,90,93,98,100,105" machi="93" ten="40,1300,0" yaku="1,1,53,0" doraHai="111" doraHaiUra="122" who="3" fromWho="2" sc="255,0,235,0,235,-16,245,46" /><INIT seed="1,0,0,0,3,36" ten="255,235,219,291" oya="1" hai0="72,3,12,124,89,1,15,102,40,93,114,2,87" hai1="46,75,106,119,30,98,23,126,10,8,20,41,129" hai2="79,133,94,26,107,62,123,50,64,78,17,39,48" hai3="110,105,44,91,108,29,63,43,65,5,4,121,34"/><U90/><E119/><V55/><F107/><W97/><G121/><T96/><D114/><U103/><E129/><V19/><F39/><N who="3" m="21631" /><G29/><T33/><D33/><U58/><E126/><V25/><F133/><W9/><G34/><T88/><D72/><U51/><E75/><V52/><F123/><W109/><G9/><T24/><D124/><U0/><E90/><V68/><F94/><N who="3" m="56543" /><G105/><T85/><D24/><U71/><E71/><AGARI ba="0,0" hai="4,5,63,65,71,108,109,110" m="56543,21631" machi="71" ten="30,2000,0" yaku="14,1,52,1" doraHai="36" who="3" fromWho="1" sc="255,0,235,-20,219,0,291,20" /><INIT seed="2,0,0,2,3,39" ten="255,215,219,311" oya="2" hai0="129,21,37,113,25,106,112,132,59,84,10,64,101" hai1="114,130,32,92,73,76,128,48,45,104,70,52,41" hai2="90,123,7,36,100,116,2,46,74,27,3,4,61" hai3="28,34,12,121,98,111,82,43,8,109,126,133,77"/><V63/><F116/><W51/><G121/><T68/><D129/><N who="1" m="49771" /><E104/><V135/><F123/><W120/><G120/><T42/><D132/><U72/><E114/><V69/><F135/><W124/><G133/><T16/><D68/><U1/><E70/><V38/><F100/><W15/><G98/><T56/><D56/><N who="1" m="32775" /><E32/><V105/><F105/><W86/><G28/><T6/><D64/><U5/><E92/><V60/><F69/><W93/><G93/><T96/><D59/><U17/><E17/><V71/><F71/><W47/><G15/><T80/><D37/><N who="1" m="21679" /><E76/><V35/><F35/><W89/><G89/><T125/><D42/><U115/><E115/><V78/><F90/><W108/><G34/><T75/><D113/><U26/><E26/><V33/><F27/><W55/><G55/><T88/><D112/><U118/><E118/><V22/><F33/><W49/><G49/><T29/><D29/><U122/><E122/><V91/><F38/><W23/><G43/><T87/><D125/><U103/><E103/><V67/><F91/><W131/><G131/><T97/><D88/><U95/><E95/><V30/><F36/><W94/><G94/><T127/><D127/><U66/><E66/><V19/><F67/><W85/><G126/><T134/><D134/><U102/><E102/><V119/><F119/><W62/><G124/><T9/><D97/><U57/><E57/><V81/><F30/><W40/><G77/><N who="0" m="44095" /><D6/><U107/><E107/><V11/><F46/><W24/><G82/><T58/><D58/><U54/><E54/><V44/><F44/><W0/><G47/><RYUUKYOKU ba="0,0" sc="255,15,215,15,219,-15,311,-15" hai0="9,10,16,21,25,84,87,96,101,106" hai1="1,5,72,73" /><INIT seed="3,1,0,0,5,54" ten="270,230,204,296" oya="3" hai0="126,123,77,81,113,20,25,34,60,115,121,56,10" hai1="131,89,27,2,18,35,41,120,43,110,130,101,23" hai2="129,11,59,19,95,65,103,44,61,0,92,63,39" hai3="79,26,85,109,71,12,66,50,128,118,48,69,90"/><W99/><G118/><T102/><D34/><U125/><E120/><V72/><F129/><N who="1" m="49161" /><E110/><V106/><F72/><W111/><G128/><T53/><D102/><U88/><E125/><V36/><F106/><W107/><G79/><T83/><D10/><U68/><E68/><V57/><F0/><W24/><G12/><T21/><D81/><U9/><E101/><V52/><F44/><W70/><G66/><T74/><D20/><U133/><E35/><V82/><F82/><N who="3" m="49463" /><G99/><T86/><D74/><U31/><E133/><V80/><F80/><W73/><G73/><T55/><D126/><U3/><E31/><V4/><F4/><W135/><G107/><T98/><D98/><U33/><E33/><V97/><F92/><W17/><G135/><T64/><D121/><U117/><E117/><V94/><REACH who="2" step="1"/><F95/><REACH who="2" ten="270,230,194,296" step="2"/><W32/><G111/><T91/><D123/><U7/><E2/><V29/><F29/><W47/><G109/><T45/><D45/><U58/><E58/><V96/><F96/><W112/><G71/><T1/><D1/><U127/><E127/><V49/><F49/><W28/><G50/><T30/><D77/><U124/><E124/><V87/><F87/><W114/><G70/><T46/><D46/><U51/><E51/><V108/><F108/><W67/><G69/><T8/><D113/><N who="3" m="43625" /><G47/><T42/><D115/><U132/><E132/><V40/><F40/><AGARI ba="1,1" hai="3,7,9,18,23,27,40,41,43,88,89" m="49161" machi="40" ten="30,2000,0" yaku="19,1,54,1" doraHai="54" who="1" fromWho="2" sc="270,0,230,33,194,-23,296,0" /><INIT seed="4,0,0,2,1,124" ten="270,263,171,296" oya="0" hai0="101,73,43,52,72,27,42,77,96,131,35,102,109" hai1="92,76,64,59,63,7,80,26,112,99,74,15,24" hai2="79,29,22,30,113,116,104,6,44,120,75,34,125" hai3="106,41,122,117,20,100,70,3,97,119,9,108,82"/><T130/><D109/><U54/><E112/><V127/><F104/><W91/><G20/><T111/><D111/><U49/><E7/><V14/><F75/><N who="0" m="28746" /><D77/><U23/><E15/><V83/><F83/><W2/><G108/><T12/><D12/><U1/><E1/><V10/><F79/><W11/><G70/><T48/><D101/><U62/><E23/><V13/><F44/><W65/><G65/><T46/><D27/><U88/><REACH who="1" step="1"/><E62/><REACH who="1" ten="270,253,171,296" step="2"/><V134/><F113/><W93/><G2/><T39/><D35/><U128/><E128/><N who="0" m="49193" /><D39/><U86/><E86/><V8/><F34/><W40/><G3/><T85/><D85/><U114/><E114/><V25/><F125/><W56/><G119/><T5/><D5/><U17/><E17/><N who="2" m="8359" /><F127/><W78/><G117/><T107/><AGARI ba="0,1" hai="42,43,46,48,52,96,102,107" m="49193,28746" machi="107" ten="30,12000,1" yaku="19,1,52,3,54,1" doraHai="124" who="0" fromWho="0" sc="270,130,253,-40,171,-40,296,-40" owari="400,50.0,213,-18.7,131,-36.9,256,5.6" /></mjloggm>