<mjloggm ver="2.3"><GO type="225" lobby="0"/><UN n0="%E6%97%A5%E6%9B%9C%E6%97%A5%E3%82%88%E3%82%8A%E3%81%AE%E4%BD%BF%E8%80%85" n1="%E9%89%A2%E5%B7%BB%E3%82%AC%E3%83%96" n2="%31%50%E3%81%9F%E3%81%9D" n3="%E3%83%8F%E3%82%AC%E3%82%BF%E3%82%AB%E3%81%AE%E3%81%88%E3%81%98%E3%81%8D" dan="18,16,16,16" rate="2175.78,2074.83,2131.17,2153.38" sx="M,M,F,M"/><TAIKYOKU oya="0"/><INIT seed="0,0,0,5,0,121" ten="250,250,250,250" oya="0" hai0="68,60,75,131,2,1,84,48,14,135,10,35,82" hai1="78,120,117,96,67,34,115,57,125,69,16,70,104" hai2="97,118,17,58,76,72,41,100,81,55,80,113,36" hai3="44,105,86,12,43,24,123,4,66,26,124,59,47"/><T132/><D35/><U13/><E117/><V110/><F113/><W42/><G105/><T3/><D75/><U88/><E120/><V102/><F118/><W128/><G123/><T52/><D60/><U119/><E119/><V109/><F17/><W30/><G124/><T38/><D38/><U130/><E104/><V9/><F9/><N who="3" m="4135" /><G86/><T73/><D73/><U87/><E34/><V83/><F41/><N who="3" m="15371" /><G128/><T91/><D68/><U56/><E130/><V6/><F6/><W50/><G30/><T18/><REACH who="0" step="1"/><D131/><REACH who="0" ten="240,250,250,250" step="2"/><U127/><E70/><V77/><F36/><W95/><G66/><T63/><D63/><U122/><E69/><V92/><F100/><W99/><G50/><T126/><D126/><U53/><E67/><V27/><F27/><N who="3" m="10283" /><G59/><AGARI ba="0,1" hai="1,2,3,10,14,18,48,52,59,82,84,91,132,135" machi="59" ten="40,3900,0" yaku="1,1,54,1,53,0" doraHai="121" doraHaiUra="0" who="0" fromWho="3" sc="240,49,250,0,250,0,250,-39" /><INIT seed="0,1,0,3,0,131" ten="289,250,250,211" oya="0" hai0="34,9,133,22,13,18,52,10,107,49,58,72,110" hai1="114,122,28,33,19,69,12,113,126,31,87,64,46" hai2="119,86,61,11,65,40,81,20,36,97,15,130,96" hai3="108,135,41,0,132,78,134,88,37,45,116,124,1"/><T109/><D107/><U67/><E122/><V56/><F130/><W118/><G108/><N who="0" m="41579" /><D72/><U60/><E126/><V32/><F32/><W115/><G124/><T129/><D129/><U77/><E67/><V35/><F35/><W25/><G115/><N who="1" m="44042" /><E33/><V43/><F20/><W50/><G78/><T91/><D34/><U26/><E26/><V73/><F73/><W6/><G25/><T102/><D102/><U83/><E46/><V17/><F119/><N who="3" m="45611" /><G6/><T54/><D133/><U39/><E39/><V84/><F84/><W63/><G37/><T128/><D128/><U38/><E38/><V80/><F80/><W5/><G5/><T3/><D3/><U106/><E106/><V94/><F36/><W98/><G63/><N who="0" m="36295" /><D91/><U51/><E51/><V42/><REACH who="2" step="1"/><F94/><AGARI ba="1,0" hai="0,1,41,45,50,88,94,98,132,134,135" m="45611" machi="94" ten="40,8000,1" yaku="20,1,52,3,54,1" doraHai="131" who="3" fromWho="2" sc="289,0,250,0,250,-83,211,83" /><INIT seed="1,0,0,0,4,56" ten="289,250,167,294" oya="1" hai0="71,92,65,51,27,85,133,105,101,93,95,21,67" hai1="97,121,77,112,107,36,72,3,47,76,69,123,46" hai2="25,6,81,116,61,38,22,39,124,29,5,0,1" hai3="40,113,32,129,9,106,58,68,117,20,90,42,103"/><U100/><E112/><V28/><F116/><W88/><G68/><T128/><D105/><U31/><E31/><V86/><F124/><W13/><G32/><T84/><D71/><U54/><E54/><V26/><F86/><N who="0" m="33386" /><D128/><U108/><E77/><V89/><F22/><W73/><G73/><T23/><D133/><U104/><E47/><V64/><F64/><N who="0" m="24650" /><D101/><U17/><E17/><V125/><F125/><W50/><G113/><T126/><D126/><U114/><E69/><V74/><F74/><W87/><G129/><T135/><D135/><U119/><E107/><V10/><F10/><W53/><G117/><T49/><D21/><U14/><E14/><V15/><F15/><W78/><G20/><T57/><D57/><U110/><E3/><V45/><F45/><W127/><G103/><T82/><D82/><N who="1" m="45319" /><E114/><V109/><F89/><N who="3" m="34411" /><G106/><T120/><D120/><N who="1" m="46155" /><E119/><V12/><F12/><W122/><G127/><T66/><D66/><U99/><E99/><V132/><F132/><W91/><G78/><T75/><D75/><U34/><E34/><V134/><F134/><W94/><G122/><T24/><D23/><U62/><E46/><V11/><F11/><W96/><G96/><T70/><D70/><U41/><E36/><V7/><F1/><W102/><G102/><T16/><D16/><AGARI ba="0,0" hai="9,13,16,40,42,50,53,58,87,91,94" m="34411" machi="16" ten="30,3900,0" yaku="8,1,54,2" doraHai="56" who="3" fromWho="0" sc="289,-39,250,0,167,0,294,39" /><INIT seed="2,0,0,5,0,70" ten="250,250,167,333" oya="2" hai0="15,26,64,98,11,105,78,58,92,74,89,52,83" hai1="120,126,23,9,38,41,44,109,91,62,63,80,128" hai2="8,86,121,17,32,40,6,57,60,112,53,76,0" hai3="34,45,19,20,71,134,132,35,22,66,14,85,102"/><V68/><F112/><W82/><G102/><T51/><D64/><U113/><E113/><V122/><F68/><W59/><G71/><T27/><REACH who="0" step="1"/><D105/><REACH who="0" ten="240,250,167,333" step="2"/><U46/><E120/><V115/><F115/><W127/><G66/><T39/><D39/><U77/><E38/><V28/><F40/><W16/><G127/><T117/><D117/><U2/><E41/><V79/><F17/><AGARI ba="0,1" hai="11,15,17,26,27,51,52,58,74,78,83,89,92,98" machi="17" ten="30,7700,0" yaku="1,1,7,1,54,1,53,1" doraHai="70" doraHaiUra="5" who="0" fromWho="2" sc="240,87,250,0,167,-77,333,0" /><INIT seed="3,0,0,5,1,112" ten="327,250,90,333" oya="3" hai0="130,84,86,99,126,114,11,83,27,31,58,42,22" hai1="47,33,38,115,111,121,44,50,98,62,109,100,107" hai2="135,82,75,125,29,128,30,68,61,18,101,5,17" hai3="9,21,87,14,41,39,81,36,0,105,131,118,25"/><W2/><G105/><T54/><D126/><U7/><E121/><V12/><F61/><W103/><G118/><T89/><D114/><U57/><E115/><V66/><F66/><W51/><G131/><T74/><D130/><U129/><E33/><V19/><F101/><W48/><G103/><T80/><D74/><U34/><E34/><V55/><F55/><W116/><G116/><T15/><D42/><U35/><E35/><V56/><F56/><W104/><G104/><T46/><D46/><U20/><E7/><V4/><F82/><N who="0" m="31274" /><D89/><U6/><E6/><N who="2" m="2667" /><F68/><W67/><G67/><T10/><D99/><U64/><E129/><V8/><F128/><W97/><G97/><T124/><D124/><U32/><E32/><V45/><F45/><N who="3" m="25647" /><G51/><N who="0" m="31071" /><D15/><U95/><E107/><V110/><F75/><W132/><G132/><T92/><D92/><U91/><E38/><V90/><F90/><N who="3" m="51567" /><G39/><T78/><D78/><U43/><E47/><V93/><F93/><W102/><G102/><T134/><D134/><U72/><E72/><V70/><F125/><W127/><G36/><T40/><D40/><U49/><E49/><V59/><F135/><W65/><G65/><T26/><D26/><U117/><E91/><V122/><F70/><W113/><G113/><T123/><D123/><U60/><E60/><V77/><F77/><W106/><G106/><T16/><D31/><N who="2" m="11786" /><F122/><W94/><G94/><T73/><D73/><U28/><REACH who="1" step="1"/><E117/><REACH who="1" ten="327,240,90,333" step="2"/><V120/><F120/><W79/><G127/><T37/><D37/><U71/><E71/><V1/><F59/><W23/><G79/><T63/><D63/><RYUUKYOKU ba="0,1" sc="327,15,240,15,90,-15,333,-15" hai0="10,11,16,22,27,84,86" hai1="20,28,43,44,50,57,62,64,95,98,100,109,111" owari="352,45.2,255,-14.5,75,-42.5,318,11.8" /></mjloggm>