<mjloggm ver="2.3"><GO type="225" lobby="0"/><UN n0="%E3%81%AF%E3%82%88%E3%81%8A%E3%81%98%E3%81%95%E3%82%93" n1="%EF%BC%AE%EF%BC%A1%EF%BC%AF%33%33%39" n2="%E9%AC%BC%E7%95%9C%E7%B1%B3%E5%85%B5" n3="%E3%81%8B%E3%82%8F%E3%81%A1%E3%82%83%E3%82%93%35%38" dan="17,17,17,17" rate="2192.46,2140.07,2163.58,2229.25" sx="M,M,M,M"/><TAIKYOKU oya="0"/><INIT seed="0,0,0,0,0,57" ten="250,250,250,250" oya="0" hai0="50,24,4,29,51,19,107,113,131,27,133,59,58" hai1="36,116,6,45,71,40,55,90,73,126,119,42,100" hai2="127,102,78,20,30,86,16,96,15,13,80,25,34" hai3="87,69,12,91,123,17,85,114,88,101,21,106,135"/><T38/><D38/><U10/><E73/><V56/><F127/><W7/><G114/><T5/><D113/><U14/><E126/><V64/><F34/><W115/><G115/><T122/><D107/><U79/><E79/><V11/><F15/><W117/><G117/><T44/><D122/><U54/><E71/><V43/><F43/><W74/><G74/><T65/><D131/><U132/><E100/><V97/><F102/><W0/><G123/><T61/><D133/><U33/><E33/><V70/><F70/><W62/><G135/><T99/><D99/><U130/><E132/><V32/><F32/><W98/><G0/><T92/><D92/><U72/><E72/><V75/><F75/><W2/><G2/><T111/><D111/><U83/><E40/><V77/><F77/><W48/><G48/><T39/><D39/><U104/><E104/><V3/><F3/><W125/><G7/><N who="0" m="2635" /><D29/><U82/><E130/><V9/><F9/><W46/><G46/><T28/><D28/><U120/><E120/><V84/><F84/><W76/><G125/><T1/><D1/><U23/><E119/><V47/><F47/><W95/><G76/><T103/><D103/><U8/><E116/><V49/><F49/><W110/><G110/><T66/><D19/><U124/><E124/><V108/><F108/><W22/><G22/><T93/><D93/><U31/><E10/><V18/><F18/><W134/><G134/><T67/><D51/><U53/><E90/><N who="3" m="34346" /><G106/><T121/><D121/><U26/><AGARI ba="0,0" hai="6,8,14,23,26,31,36,42,45,53,54,55,82,83" machi="26" ten="30,1100,0" yaku="0,1" doraHai="57" who="1" fromWho="1" sc="250,-5,250,11,250,-3,250,-3" /><INIT seed="1,0,0,5,1,35" ten="245,261,247,247" oya="1" hai0="52,64,83,76,109,90,88,63,2,43,38,95,115" hai1="113,53,3,56,16,133,71,54,114,13,14,69,49" hai2="134,82,7,107,97,101,74,8,50,86,5,23,62" hai3="128,18,108,26,126,99,29,132,44,31,81,110,84"/><U80/><E133/><V131/><F134/><W65/><G132/><T61/><D115/><U36/><E36/><V45/><F131/><W48/><G128/><T79/><D109/><N who="3" m="42089" /><G126/><T117/><D117/><U32/><E32/><V20/><F74/><W105/><G65/><T37/><D2/><U112/><E3/><V87/><F62/><W98/><G18/><T72/><D79/><U57/><E80/><V100/><F100/><N who="3" m="62615" /><G99/><T22/><D43/><U10/><REACH who="1" step="1"/><E13/><REACH who="1" ten="245,251,247,247" step="2"/><V46/><F82/><W11/><G11/><T39/><D22/><U122/><E122/><V130/><F23/><W120/><G120/><T77/><D76/><U70/><E70/><V127/><F20/><W66/><G66/><T27/><D27/><U85/><E85/><V40/><F86/><W96/><G26/><T125/><D125/><U33/><E33/><V0/><F87/><W34/><G34/><T17/><D83/><U67/><E67/><V1/><F127/><W9/><G9/><T24/><D77/><U19/><E19/><V30/><F130/><W6/><G6/><T58/><D72/><U47/><E47/><V89/><F7/><W59/><G59/><N who="0" m="35047" /><D17/><U135/><E135/><V94/><F46/><W93/><G84/><N who="0" m="52615" /><D24/><U91/><E91/><V103/><F1/><W41/><G81/><T116/><D90/><AGARI ba="0,1" hai="29,31,41,44,48,90,93,96" m="62615,42089" machi="90" ten="30,1000,0" yaku="14,1" doraHai="35" who="3" fromWho="0" sc="245,-10,251,0,247,0,247,20" /><INIT seed="2,0,0,0,0,33" ten="235,251,247,267" oya="2" hai0="41,35,83,36,119,100,109,108,94,112,50,63,32" hai1="20,89,107,124,101,57,7,51,86,130,122,31,99" hai2="79,128,61,40,111,134,117,103,28,43,49,97,2" hai3="0,73,104,4,21,68,67,1,38,17,121,22,12"/><V96/><F117/><W135/><G73/><T64/><D112/><U88/><E130/><V55/><F128/><W3/><G104/><T72/><D36/><U29/><E124/><V105/><F134/><W78/><G38/><T53/><D41/><U93/><E122/><V110/><F79/><W92/><G78/><T95/><D119/><U16/><E7/><V42/><F28/><W5/><G92/><T114/><D114/><U65/><E89/><V126/><F126/><W8/><G67/><T62/><D83/><U69/><E69/><V59/><F96/><W75/><G68/><T125/><D72/><U39/><E39/><V118/><F118/><W123/><G75/><T25/><D125/><U11/><E11/><V44/><REACH who="2" step="1"/><F2/><REACH who="2" ten="235,251,237,267" step="2"/><W113/><G113/><T15/><D32/><U120/><E120/><N who="3" m="46154" /><G135/><T81/><D35/><U133/><E133/><V91/><F91/><W24/><G5/><T84/><D100/><U98/><E98/><V106/><F106/><W48/><G48/><T6/><D50/><U52/><REACH who="1" step="1"/><E65/><AGARI ba="0,1" hai="40,42,43,44,49,55,59,61,65,97,103,105,110,111" machi="65" ten="40,2000,0" yaku="1,1,53,0" doraHai="33" doraHaiUra="19" who="2" fromWho="1" sc="235,0,251,-20,237,30,267,0" /><INIT seed="2,1,0,2,2,89" ten="235,231,267,267" oya="2" hai0="18,74,77,10,34,60,61,107,15,114,86,59,37" hai1="128,132,129,100,88,124,47,42,48,68,84,70,5" hai2="57,0,127,75,19,35,120,71,53,41,65,51,121" hai3="85,93,80,72,113,135,108,130,125,30,73,126,64"/><V95/><F75/><N who="3" m="28747" /><G30/><T66/><D114/><U104/><E5/><V56/><F35/><W23/><G23/><T17/><D107/><U45/><E132/><V81/><F0/><W22/><G22/><T25/><D37/><U46/><E124/><N who="3" m="47722" /><G64/><T118/><D74/><U109/><E109/><V16/><F127/><W2/><G2/><T6/><D118/><U97/><E46/><V12/><F71/><W52/><G52/><T123/><D123/><U49/><E68/><V101/><F41/><W91/><G108/><T111/><D111/><U29/><E29/><V14/><F65/><W27/><G27/><T63/><D34/><U8/><E8/><V102/><F53/><W133/><G113/><T99/><D25/><U32/><E70/><V11/><F51/><W21/><G21/><T98/><D59/><U33/><E33/><V3/><F3/><W39/><G39/><T20/><D66/><U112/><E112/><V122/><F122/><W31/><G31/><T7/><D7/><U82/><REACH who="1" step="1"/><E32/><REACH who="1" ten="235,221,267,267" step="2"/><V119/><F120/><W90/><G130/><T62/><N who="0" m="15360" /><DORA hai="92" /><T134/><D134/><U105/><E105/><V1/><F121/><W24/><G24/><N who="0" m="14351" /><D6/><U43/><AGARI ba="1,1" hai="42,43,45,47,48,49,82,84,88,97,100,104,128,129" machi="43" ten="30,8000,1" yaku="1,1,0,1,9,1,52,1,54,1,53,0" doraHai="89,92" doraHaiUra="13,110" who="1" fromWho="1" sc="235,-21,221,93,267,-41,267,-21" /><INIT seed="3,0,0,1,2,8" ten="214,314,226,246" oya="3" hai0="37,51,44,107,69,80,14,114,25,26,50,72,36" hai1="35,85,130,96,73,129,20,62,83,87,100,77,56" hai2="67,89,10,12,29,109,104,84,64,9,5,108,76" hai3="18,127,70,24,91,118,112,94,42,0,40,92,54"/><W135/><G112/><T45/><D107/><U111/><E35/><V101/><F76/><W98/><G118/><T119/><D69/><U23/><E111/><N who="2" m="42571" /><F29/><W66/><G0/><T106/><D106/><U55/><E85/><V95/><F10/><W102/><G127/><T97/><D119/><U6/><E6/><V128/><F128/><N who="1" m="49257" /><E73/><V120/><F120/><W33/><G135/><T90/><D114/><U52/><E55/><V82/><F104/><AGARI ba="0,0" hai="20,23,52,56,62,77,83,87,96,100,104" m="49257" machi="104" ten="30,2000,0" yaku="19,1,54,1" doraHai="8" who="1" fromWho="2" sc="214,0,314,20,226,-20,246,0" owari="214,-18.6,334,43.4,206,-29.4,246,4.6" /></mjloggm>