<mjloggm ver="2.3"><GO type="225" lobby="0"/><UN n0="%E3%82%82%E3%81%90%E3%82%89" n1="%E2%91%A3%E9%81%BF%E9%81%8A%E6%88%AF%E3%80%90%E6%9D%B1%E5%8D%97%E3%80%91" n2="%72%69%6F%75%63%68%61%6E" n3="%6D%75%75%6D%75%72%61" dan="17,16,16,16" rate="2219.43,2055.34,2228.23,2134.12" sx="M,M,M,F"/><TAIKYOKU oya="0"/><INIT seed="0,0,0,5,4,4" ten="250,250,250,250" oya="0" hai0="132,14,72,105,10,53,22,100,9,18,127,113,108" hai1="125,37,104,85,31,59,92,6,2,90,26,52,79" hai2="21,19,73,119,16,35,129,45,87,115,51,101,33" hai3="93,89,29,97,60,56,11,96,43,5,77,130,99"/><T128/><D113/><U107/><E125/><V120/><F120/><W40/><G130/><T20/><D72/><U63/><E37/><V80/><F115/><W126/><G126/><T86/><D127/><U106/><E79/><V12/><F129/><W88/><G77/><T17/><D128/><U27/><REACH who="1" step="1"/><E31/><REACH who="1" ten="250,240,250,250" step="2"/><V54/><F119/><W95/><G29/><T24/><D132/><U61/><E61/><V116/><F116/><W67/><REACH who="3" step="1"/><G97/><REACH who="3" ten="250,240,250,240" step="2"/><T48/><D108/><U25/><E25/><V58/><F73/><W13/><AGARI ba="0,2" hai="5,11,13,40,43,56,60,67,88,89,93,95,96,99" machi="13" ten="20,16000,3" yaku="1,1,2,1,0,1,7,1,9,1,8,1,52,1,54,1,53,0" doraHai="4" doraHaiUra="32" who="3" fromWho="3" sc="250,-80,240,-40,250,-40,240,180" /><INIT seed="1,0,0,2,5,65" ten="170,200,210,420" oya="1" hai0="59,40,77,8,2,38,22,128,69,12,135,67,20" hai1="132,26,13,109,88,82,96,106,105,32,126,131,125" hai2="111,15,86,94,75,103,64,81,54,39,29,41,17" hai3="123,48,55,120,56,11,91,101,33,134,87,124,3"/><U45/><E45/><V18/><F111/><W6/><G134/><T78/><D135/><U62/><E132/><V102/><F75/><W95/><G124/><N who="1" m="47722" /><E131/><V58/><F64/><W51/><G33/><T49/><D2/><U129/><E129/><V104/><F104/><W113/><G113/><T46/><D128/><U52/><E13/><V92/><F29/><W14/><G101/><N who="2" m="38409" /><F41/><W53/><G3/><T117/><D78/><U16/><E32/><V114/><F39/><W60/><G60/><N who="0" m="40167" /><D77/><U47/><E109/><V107/><F107/><W93/><G93/><N who="2" m="35945" /><F114/><W97/><G97/><T118/><D118/><U42/><E96/><V25/><F25/><W30/><G30/><T10/><D117/><U112/><E112/><V23/><F23/><N who="0" m="8746" /><D12/><U130/><E130/><V71/><F71/><W61/><G61/><T108/><D108/><U83/><E26/><V43/><F43/><W5/><G5/><T127/><D127/><U0/><E0/><V21/><F21/><W119/><G119/><T73/><D73/><U100/><E100/><V63/><F15/><W99/><G99/><T90/><D90/><AGARI ba="0,0" hai="17,18,54,58,63,81,86,90" m="35945,38409" machi="90" ten="30,1000,0" yaku="8,1" doraHai="65" who="2" fromWho="0" sc="170,-10,200,0,210,10,420,0" /><INIT seed="2,0,0,1,0,106" ten="160,200,220,420" oya="2" hai0="48,43,127,26,128,15,8,100,129,35,25,12,4" hai1="97,107,126,24,47,55,102,75,121,38,132,89,120" hai2="64,3,124,60,115,63,111,49,57,109,80,2,72" hai3="67,31,29,85,118,83,44,119,32,79,17,105,62"/><V34/><F115/><W13/><G105/><T104/><D104/><U74/><E132/><V51/><F124/><W66/><G44/><T11/><D43/><U52/><E24/><V92/><F34/><W78/><G78/><T30/><D100/><U99/><E126/><V46/><F92/><W39/><G39/><T114/><D48/><U45/><E89/><V69/><F51/><W117/><G32/><T82/><D82/><U40/><E99/><V0/><F80/><W123/><G123/><N who="1" m="47178" /><E45/><V22/><F72/><AGARI ba="0,0" hai="38,40,47,52,55,72,74,75,97,102,107" m="47178" machi="72" ten="30,8000,1" yaku="13,1,52,3,54,1" doraHai="106" who="1" fromWho="2" sc="160,0,200,80,220,-80,420,0" /><INIT seed="3,0,0,2,2,61" ten="160,280,140,420" oya="3" hai0="117,97,30,17,41,77,66,45,89,48,64,32,129" hai1="12,44,8,78,68,72,62,49,25,130,3,131,122" hai2="31,135,59,11,114,134,19,126,4,86,113,51,54" hai3="128,33,96,73,74,39,28,58,103,91,22,55,5"/><W34/><G39/><T37/><D117/><U75/><E3/><V6/><F126/><W118/><G118/><T36/><D77/><U56/><E68/><V1/><F31/><W121/><G121/><T50/><D37/><U60/><E25/><V14/><F86/><W88/><G22/><T82/><D129/><N who="1" m="49163" /><E78/><V7/><REACH who="2" step="1"/><F1/><REACH who="2" ten="160,280,130,420" step="2"/><W80/><G28/><T18/><D30/><U92/><E122/><V65/><F65/><N who="0" m="25194" /><D36/><U76/><E76/><V112/><AGARI ba="0,1" hai="4,6,7,11,14,19,51,54,59,112,113,114,134,135" machi="112" ten="40,2700,0" yaku="1,1,0,1,53,0" doraHai="61" doraHaiUra="120" who="2" fromWho="2" sc="160,-7,280,-7,130,37,420,-13" owari="153,-34.7,273,7.3,167,-23.3,407,50.7" /></mjloggm>