<mjloggm ver="2.3"><GO type="225" lobby="0"/><UN n0="%E3%81%BF%E3%81%BF%E3%81%9A" n1="%E3%81%B5%E3%81%98%E3%81%8B%E3%81%A4" n2="%33%74%72%65%65" n3="%77%72%77%72%77%72%77%72" dan="18,17,16,17" rate="2254.54,2210.52,2157.99,2192.72" sx="M,M,F,M"/><TAIKYOKU oya="0"/><INIT seed="0,0,0,1,4,132" ten="250,250,250,250" oya="0" hai0="122,62,42,27,11,81,59,4,77,86,129,57,119" hai1="100,131,105,76,49,55,12,106,25,36,103,52,31" hai2="109,7,56,41,48,44,121,45,64,39,35,114,107" hai3="98,72,101,111,10,54,46,13,0,33,125,29,89"/><T110/><D119/><U2/><E36/><V108/><F35/><W90/><G72/><T58/><D122/><U113/><E2/><V47/><F107/><W40/><G0/><T92/><D129/><U14/><E76/><V43/><F7/><W23/><G111/><N who="2" m="42569" /><F121/><W75/><G75/><T1/><D110/><U124/><E131/><V18/><F18/><W120/><G33/><T102/><D42/><N who="2" m="15882" /><F114/><W135/><G135/><T118/><D118/><U51/><E113/><V112/><F112/><W130/><G130/><T95/><D102/><U116/><E116/><V16/><F16/><N who="3" m="8247" /><G125/><T96/><D96/><U71/><E25/><V8/><F8/><W73/><G73/><T66/><REACH who="0" step="1"/><D27/><REACH who="0" ten="240,250,250,250" step="2"/><U53/><E100/><V69/><F39/><W63/><G40/><T78/><D78/><U85/><E103/><V67/><F69/><AGARI ba="0,1" hai="1,4,11,57,58,59,62,66,69,77,81,86,92,95" machi="69" ten="40,3900,0" yaku="1,1,53,1" doraHai="132" doraHaiUra="83" who="0" fromWho="2" sc="240,49,250,0,250,-39,250,0" /><INIT seed="0,1,0,5,1,19" ten="289,250,211,250" oya="0" hai0="51,59,6,58,69,21,80,119,122,87,53,99,105" hai1="18,85,4,62,92,103,128,98,5,29,25,120,35" hai2="15,79,125,14,33,121,66,54,114,134,56,2,50" hai3="97,131,124,11,70,127,48,12,74,86,110,22,1"/><T82/><D119/><U116/><E128/><V49/><F114/><W101/><G74/><T65/><D122/><U16/><E116/><V78/><F121/><W123/><G123/><T72/><D69/><U39/><E39/><V81/><F2/><W68/><G131/><T104/><D6/><U84/><E120/><V93/><F125/><N who="3" m="48203" /><G110/><T88/><D99/><U24/><E62/><V8/><F33/><W96/><G86/><N who="1" m="33386" /><E35/><V76/><F81/><W109/><G109/><T126/><D126/><U130/><E130/><V100/><F66/><W28/><G48/><T111/><D111/><U10/><E29/><V32/><F32/><W115/><G115/><T42/><D42/><U61/><E61/><V40/><F8/><W64/><G64/><T55/><D65/><U36/><E36/><V23/><F49/><W26/><G97/><T106/><D72/><U9/><E9/><V89/><F50/><W112/><G1/><T71/><D71/><U90/><E103/><V47/><F100/><W83/><G83/><T46/><D80/><U107/><E107/><V20/><F78/><W3/><G3/><T52/><D51/><U117/><E117/><V30/><F76/><W31/><G31/><T77/><D77/><U13/><E24/><V57/><F79/><W34/><G34/><T37/><D37/><U0/><E0/><V41/><F41/><W7/><G112/><T113/><D113/><U94/><E94/><AGARI ba="1,0" hai="7,11,12,22,26,28,68,70,94,96,101" m="48203" machi="94" ten="30,2000,0" yaku="18,1,52,1" doraHai="19" who="3" fromWho="1" sc="289,0,250,-23,211,0,250,23" /><INIT seed="1,0,0,1,1,52" ten="289,227,211,273" oya="1" hai0="92,47,85,70,96,102,135,69,131,116,43,40,23" hai1="67,55,97,93,30,122,11,36,118,27,50,13,103" hai2="112,8,84,78,54,126,79,125,109,58,77,95,16" hai3="9,123,12,119,45,82,7,132,66,89,35,76,38"/><U105/><E122/><V37/><F37/><W22/><G123/><T88/><D116/><U33/><E118/><V28/><F28/><W26/><G119/><T101/><D131/><U6/><E36/><V134/><F109/><W94/><G132/><T98/><D135/><U57/><REACH who="1" step="1"/><E67/><REACH who="1" ten="289,217,211,273" step="2"/><V25/><F134/><W71/><G66/><T49/><D43/><U20/><E20/><N who="2" m="13447" /><F112/><W133/><G133/><T83/><REACH who="0" step="1"/><D23/><REACH who="0" ten="279,217,211,273" step="2"/><U1/><E1/><V10/><F126/><W44/><G22/><T117/><D117/><U48/><E48/><N who="2" m="31047" /><F125/><W110/><G38/><T111/><D111/><U72/><E72/><V108/><F108/><W129/><G110/><T17/><D17/><U120/><E120/><V59/><F10/><W99/><G9/><T0/><D0/><U3/><E3/><V80/><F8/><W106/><G129/><T34/><D34/><U5/><E5/><V65/><F95/><AGARI ba="0,2" hai="40,47,49,69,70,83,85,88,92,95,96,98,101,102" machi="95" ten="30,7700,0" yaku="1,1,7,1,9,1,54,1,53,0" doraHai="52" doraHaiUra="68" who="0" fromWho="2" sc="279,97,217,0,211,-77,273,0" /><AGARI ba="0,0" hai="6,11,13,27,30,33,50,55,57,93,95,97,103,105" machi="95" ten="40,3900,0" yaku="1,1,52,1,53,0" doraHai="52" doraHaiUra="68" who="1" fromWho="2" sc="376,0,217,39,134,-39,273,0" /><INIT seed="1,1,0,2,2,52" ten="376,256,95,273" oya="1" hai0="96,51,2,88,48,134,44,22,94,3,60,132,57" hai1="20,40,53,64,37,8,18,97,9,26,1,41,108" hai2="112,75,89,7,98,69,58,31,34,23,32,87,111" hai3="25,81,21,104,11,46,38,82,86,0,105,79,122"/><U107/><E108/><V39/><F69/><W115/><G115/><T71/><D71/><U120/><E64/><V56/><F75/><W19/><G122/><T66/><D22/><U133/><E120/><V78/><F39/><W99/><G99/><T45/><D48/><U84/><E133/><N who="0" m="51305" /><D44/><U117/><E117/><V92/><F111/><W16/><G81/><T17/><D17/><U14/><E84/><V100/><F112/><W54/><G0/><T130/><D130/><U43/><E37/><V28/><F78/><W135/><G135/><T123/><D123/><U103/><E1/><V47/><F7/><W15/><G54/><AGARI ba="1,0" hai="2,3,45,51,54,57,60,66,88,94,96" m="51305" machi="54" ten="30,3900,0" yaku="20,1,52,1,54,1" doraHai="52" who="0" fromWho="3" sc="376,42,256,0,95,0,273,-42" /><INIT seed="2,0,0,2,3,134" ten="418,256,95,231" oya="2" hai0="51,113,28,67,37,8,57,58,71,132,60,11,20" hai1="55,99,26,56,94,30,27,3,123,48,66,129,22" hai2="49,38,1,133,47,81,2,45,102,84,15,118,86" hai3="88,115,73,110,23,59,46,69,0,117,128,65,77"/><V39/><F118/><W121/><G117/><T85/><D113/><U43/><E129/><V52/><F133/><W19/><G121/><T91/><D132/><U79/><E3/><V130/><F130/><W95/><G128/><T42/><D37/><U131/><E131/><V25/><F102/><W18/><G0/><T29/><D71/><U98/><E123/><V76/><F38/><W135/><G69/><T119/><D119/><U106/><E106/><V92/><F25/><W24/><G115/><T89/><D89/><U97/><E79/><V126/><F126/><W111/><G135/><T87/><D87/><U108/><E108/><N who="3" m="41514" /><G46/><N who="0" m="26071" /><D57/><U70/><E70/><V101/><F15/><W5/><G5/><T40/><D40/><U54/><E43/><V124/><F124/><W21/><G77/><T10/><D20/><N who="1" m="15687" /><E66/><V127/><F127/><W14/><G73/><T13/><D13/><U44/><E44/><V61/><F45/><W96/><G59/><T78/><D78/><U103/><E55/><V120/><F39/><W72/><G72/><T31/><D29/><AGARI ba="0,0" hai="22,27,29,48,54,56,94,97,98,99,103" m="15687" machi="29" ten="30,1000,0" yaku="8,1" doraHai="134" who="1" fromWho="0" sc="418,-10,256,10,95,0,231,0" /><INIT seed="3,0,0,3,4,46" ten="408,266,95,231" oya="3" hai0="36,93,131,58,81,52,102,8,28,23,129,44,91" hai1="37,10,45,63,99,119,87,105,89,80,83,88,50" hai2="60,59,79,14,56,85,94,43,73,116,47,48,12" hai3="34,18,120,32,41,51,29,96,106,122,53,27,26"/><W68/><G68/><T1/><D81/><U21/><E119/><V74/><F116/><W92/><G106/><T112/><D102/><U64/><E21/><V126/><F126/><W38/><G41/><T71/><D71/><U4/><E37/><V11/><F74/><W103/><G38/><T57/><D112/><U108/><E105/><V114/><F114/><W127/><G127/><T82/><D82/><U134/><E108/><V70/><F70/><W124/><G124/><T7/><D28/><U75/><E134/><V25/><F73/><W86/><G86/><T77/><D23/><U2/><E99/><V16/><F79/><W101/><G101/><T20/><D20/><U104/><E104/><V55/><F56/><W76/><G76/><T19/><D19/><U98/><E98/><V110/><F110/><W100/><G100/><T62/><D77/><U128/><E128/><N who="0" m="49225" /><D58/><N who="1" m="36983" /><E75/><V13/><REACH who="2" step="1"/><F25/><REACH who="2" ten="408,266,85,231" step="2"/><W132/><G27/><T30/><D30/><U5/><E2/><V24/><F24/><W67/><G26/><T0/><D1/><U117/><E117/><V107/><F107/><W135/><G29/><T15/><D0/><U90/><E87/><V54/><F54/><W33/><G53/><T109/><D109/><U42/><E42/><V3/><F3/><W35/><G35/><T17/><D36/><U9/><E83/><V113/><F113/><W118/><G118/><T22/><D52/><N who="1" m="29775" /><E80/><V115/><F115/><W78/><G34/><T72/><D72/><U121/><E90/><AGARI ba="0,1" hai="11,12,13,14,16,43,47,48,55,59,60,85,90,94" machi="90" ten="40,8000,1" yaku="1,1,8,1,52,1,54,1,53,0" doraHai="46" doraHaiUra="69" who="2" fromWho="1" sc="408,0,266,-80,85,90,231,0" owari="408,50.8,186,-21.4,175,-32.5,231,3.1" /></mjloggm>