<mjloggm ver="2.3"><GO type="225" lobby="0"/><UN n0="%E2%91%A3%E9%81%BF%E9%81%8A%E6%88%AF%E3%80%90%E6%9D%B1%E5%8D%97%E3%80%91" n1="%43%68%65" n2="%E3%81%8F%E3%82%8A%E3%83%94%E3%83%BC" n3="%E3%81%AF%E3%82%88%E3%81%8A%E3%81%98%E3%81%95%E3%82%93" dan="16,16,16,16" rate="2142.87,2137.25,2093.96,2140.33" sx="M,M,M,M"/><TAIKYOKU oya="0"/><INIT seed="0,0,0,1,0,46" ten="250,250,250,250" oya="0" hai0="121,47,132,125,14,110,0,66,23,80,95,35,56" hai1="39,102,28,62,122,52,81,24,18,11,106,75,40" hai2="112,5,55,15,65,17,9,22,27,3,10,86,101" hai3="63,135,124,21,64,107,20,41,93,115,83,71,30"/><T60/><D121/><U116/><E122/><V72/><F72/><W38/><G107/><T8/><D125/><U26/><E116/><V96/><F112/><W19/><G115/><T133/><D35/><U73/><E26/><V103/><F65/><W68/><G68/><T53/><D0/><U49/><E62/><V134/><F134/><W114/><G114/><T54/><D110/><U34/><E81/><V119/><F119/><W1/><G1/><T105/><D105/><U32/><E32/><V90/><F96/><W131/><G135/><N who="0" m="51787" /><D23/><U104/><E40/><V44/><F55/><W4/><G4/><N who="0" m="3335" /><D95/><U29/><E29/><V57/><F57/><W89/><G124/><T113/><D113/><U78/><E106/><V37/><F44/><N who="3" m="23607" /><G21/><T2/><D2/><U127/><E127/><V99/><F37/><W92/><G30/><T42/><D80/><U69/><E28/><V74/><F74/><W13/><G131/><T91/><D91/><U88/><E88/><V48/><F90/><W59/><G71/><T61/><D61/><U85/><E69/><V130/><F22/><W118/><G118/><T16/><D16/><U67/><E75/><V77/><F17/><W97/><G93/><T126/><D126/><U12/><E73/><V108/><F3/><W109/><G83/><T128/><D128/><U123/><E123/><V58/><F130/><W94/><G94/><T98/><D98/><U129/><E129/><V79/><F99/><W87/><G97/><T25/><D25/><U82/><E104/><V117/><F117/><W6/><G109/><T31/><D31/><RYUUKYOKU ba="0,0" sc="250,15,250,-15,250,-15,250,15" hai0="42,47,53,54,56,60,66" hai3="6,13,19,20,59,63,64,87,89,92" /><INIT seed="0,1,0,1,0,44" ten="265,235,235,265" oya="0" hai0="30,51,66,61,123,121,15,117,132,72,77,133,124" hai1="82,122,3,115,2,40,131,106,128,76,86,49,80" hai2="5,25,53,105,68,95,16,10,85,109,58,70,59" hai3="1,63,13,92,14,127,32,60,101,130,28,118,34"/><T36/><D30/><U129/><E122/><N who="0" m="46601" /><D15/><U89/><E106/><V81/><F109/><W96/><G1/><T18/><D18/><U107/><E107/><V134/><F134/><N who="0" m="51818" /><D77/><U69/><E69/><V52/><F105/><W75/><G75/><T29/><D29/><U73/><REACH who="1" step="1"/><E115/><REACH who="1" ten="265,225,235,265" step="2"/><V87/><F70/><W99/><G118/><T108/><D117/><U93/><E93/><V56/><F68/><W57/><G92/><T88/><D108/><U103/><E103/><V27/><F95/><W21/><G101/><T112/><D112/><U41/><E41/><V23/><F27/><W84/><G34/><T39/><D124/><U111/><E111/><V0/><REACH who="2" step="1"/><F87/><REACH who="2" ten="265,225,225,265" step="2"/><W19/><G84/><T42/><D72/><U38/><E38/><V74/><F74/><W9/><G127/><T97/><D97/><U78/><E78/><AGARI ba="1,2" hai="0,5,10,16,23,25,52,53,56,58,59,78,81,85" machi="78" ten="40,8000,1" yaku="1,1,54,2,53,2" doraHai="44" doraHaiUra="50" who="2" fromWho="1" sc="265,0,225,-83,225,103,265,0" /><INIT seed="1,0,0,1,3,48" ten="265,142,328,265" oya="1" hai0="41,78,56,125,133,22,4,108,111,124,89,12,119" hai1="87,52,40,67,18,85,105,27,45,62,95,65,24" hai2="5,21,53,86,25,123,42,68,112,37,69,34,50" hai3="114,131,33,88,90,72,101,99,38,28,71,116,10"/><U128/><E105/><V47/><F34/><W49/><G38/><T0/><D78/><U31/><E128/><V29/><F123/><W16/><G114/><T23/><D89/><U100/><E18/><V70/><F112/><W113/><G113/><T73/><D73/><U84/><E40/><V35/><F5/><W64/><G72/><T135/><D41/><U91/><E100/><V120/><F120/><W54/><G131/><T39/><D39/><U8/><E8/><V107/><F107/><W19/><G116/><T44/><D44/><U129/><E129/><V104/><F104/><W77/><G77/><T126/><D56/><N who="1" m="35079" /><E45/><V127/><F127/><W102/><G28/><T97/><D97/><N who="1" m="57599" /><E31/><V58/><F35/><W66/><G33/><T15/><D119/><U106/><E106/><V13/><F69/><W74/><G74/><T7/><D125/><U6/><E6/><V11/><F70/><W80/><G71/><T109/><D111/><U1/><E1/><AGARI ba="0,0" hai="0,1,4,7,12,15,22,23,108,109,124,126,133,135" machi="1" ten="25,8000,1" yaku="22,2,34,3" doraHai="48" who="0" fromWho="1" sc="265,80,142,-80,328,0,265,0" /><INIT seed="2,0,0,5,2,48" ten="345,62,328,265" oya="2" hai0="113,62,22,19,56,104,36,95,99,126,119,88,1" hai1="85,89,24,67,105,44,28,31,107,79,26,50,41" hai2="30,118,76,14,109,86,98,115,123,127,10,121,40" hai3="108,2,33,12,37,60,134,59,92,74,27,129,4"/><V5/><F118/><W81/><G37/><T87/><D113/><U65/><E79/><V111/><F115/><W125/><G2/><T55/><D119/><U13/><E13/><V96/><F40/><W34/><G108/><N who="2" m="41545" /><F30/><W97/><G125/><T23/><D126/><U114/><E114/><V70/><F70/><W90/><G129/><T131/><D131/><U51/><E41/><V112/><F112/><W38/><G38/><T39/><D1/><U58/><E58/><V6/><F6/><W35/><G134/><T94/><D104/><U133/><E85/><V117/><F117/><W110/><G110/><T103/><D23/><U15/><E15/><AGARI ba="0,0" hai="15,19,22,36,39,55,56,62,87,88,94,95,99,103" machi="15" ten="30,3900,0" yaku="7,1,52,1,54,1" doraHai="48" who="0" fromWho="1" sc="345,39,62,-39,328,0,265,0" /><INIT seed="3,0,0,1,2,30" ten="384,23,328,265" oya="3" hai0="24,66,14,94,21,63,65,22,99,55,109,5,67" hai1="103,15,86,39,131,3,4,13,54,132,89,17,76" hai2="56,1,46,10,117,116,104,79,127,128,8,113,36" hai3="92,111,95,25,44,60,119,93,134,58,129,20,107"/><W124/><G119/><T33/><D109/><U85/><E3/><V102/><F113/><W7/><G107/><T31/><D5/><U74/><E74/><V81/><F127/><W40/><G124/><T49/><D14/><U32/><E39/><V6/><F128/><W19/><G129/><T90/><REACH who="0" step="1"/><D63/><REACH who="0" ten="374,23,328,265" step="2"/><U73/><E131/><V0/><F0/><W57/><G111/><T12/><D12/><U71/><E15/><V62/><F10/><W43/><G134/><T42/><D42/><U29/><E13/><V18/><F8/><W105/><G105/><T48/><D48/><U53/><E4/><V38/><F6/><W11/><G43/><T34/><D34/><U35/><E132/><V82/><F1/><W28/><G7/><T108/><D108/><U72/><E29/><V83/><F38/><W88/><G11/><T121/><D121/><U68/><E103/><V9/><F9/><W101/><G101/><T69/><D69/><U130/><E130/><V64/><F102/><W114/><G114/><T70/><D70/><U135/><E135/><V41/><F104/><W87/><G28/><T16/><D16/><U27/><E17/><V115/><F115/><W126/><G126/><T110/><D110/><U50/><E50/><V47/><F18/><W122/><G122/><T120/><D120/><U52/><E54/><V100/><F100/><W125/><G125/><T61/><D61/><U23/><E27/><V84/><F117/><W112/><G112/><T97/><D97/><U80/><E68/><V78/><F116/><W123/><G123/><T75/><D75/><RYUUKYOKU ba="0,1" sc="374,30,23,-10,328,-10,265,-10" hai0="21,22,24,31,33,49,55,65,66,67,90,94,99" owari="414,51.4,13,-48.7,318,11.8,255,-14.5" /></mjloggm>