<mjloggm ver="2.3"><GO type="225" lobby="0"/><UN n0="%28%EF%BF%A3%E2%96%BD%EF%BF%A3%29%CE%B4%E2%8C%92%E3%83%BB" n1="%6D%75%75%73%61%6E%6D%75" n2="%6D%61%74%69%67%75%73%61" n3="%E6%98%93%E5%88%A9%E8%96%A9%E4%BC%AF" dan="17,17,17,16" rate="2254.85,2172.04,2169.53,2083.69" sx="M,F,M,F"/><TAIKYOKU oya="0"/><INIT seed="0,0,0,4,2,121" ten="250,250,250,250" oya="0" hai0="67,110,72,125,38,89,86,65,120,43,97,0,115" hai1="16,26,7,73,70,31,58,85,122,48,123,33,64" hai2="129,119,74,62,27,39,24,50,106,15,51,12,19" hai3="14,134,111,116,80,61,45,91,28,11,22,52,128"/><T98/><D0/><U88/><E73/><V23/><F74/><W20/><G116/><T6/><D6/><U68/><E7/><V49/><F39/><W1/><G1/><T5/><D5/><U59/><E122/><V130/><F106/><W90/><G128/><N who="2" m="49257" /><F119/><W3/><G3/><T96/><D72/><U55/><E123/><V44/><F44/><W77/><G134/><T10/><D10/><U57/><E16/><N who="2" m="10631" /><F62/><W127/><G111/><T37/><D120/><U83/><REACH who="1" step="1"/><E64/><REACH who="1" ten="250,240,250,250" step="2"/><V8/><AGARI ba="0,1" hai="8,15,19,24,27,49,50,51" m="10631,49257" machi="8" ten="30,2000,0" yaku="19,1,54,1" doraHai="121" who="2" fromWho="2" sc="250,-10,240,-5,250,30,250,-5" /><INIT seed="1,0,0,0,2,32" ten="240,235,280,245" oya="1" hai0="41,109,16,73,132,127,79,48,56,118,75,38,44" hai1="121,74,43,122,51,55,90,124,91,54,78,29,85" hai2="26,133,69,77,88,86,80,108,5,93,35,12,99" hai3="53,0,58,101,9,64,126,134,31,1,84,22,50"/><U30/><E124/><V17/><F69/><W120/><G120/><T63/><D118/><U47/><E74/><V33/><F108/><W68/><G126/><T94/><D127/><U100/><E121/><V21/><F133/><W8/><G134/><T36/><D132/><U10/><E122/><V96/><F5/><W111/><G111/><T25/><D109/><U98/><E78/><V113/><F113/><W114/><G101/><T20/><D94/><U117/><E117/><V107/><REACH who="2" step="1"/><F12/><REACH who="2" ten="240,235,270,245" step="2"/><W60/><G114/><T7/><D7/><U89/><E85/><V59/><F59/><W6/><G84/><T115/><D115/><U52/><REACH who="1" step="1"/><E10/><REACH who="1" ten="240,225,270,245" step="2"/><V62/><F62/><W87/><G87/><T92/><D75/><U23/><E23/><V119/><F119/><W65/><G9/><T13/><D73/><U128/><E128/><V4/><F4/><W70/><G22/><T123/><D123/><U34/><E34/><V11/><F11/><W116/><G116/><T42/><D20/><U40/><E40/><V104/><F104/><AGARI ba="0,2" hai="29,30,43,47,51,52,54,55,89,90,91,98,100,104" machi="104" ten="40,3900,0" yaku="1,1,54,1,53,0" doraHai="32" doraHaiUra="105" who="1" fromWho="2" sc="240,0,225,59,270,-39,245,0" /><INIT seed="1,1,0,1,1,6" ten="240,284,231,245" oya="1" hai0="58,104,80,48,13,82,101,19,44,115,112,86,65" hai1="128,0,126,114,60,73,106,83,103,98,84,15,52" hai2="4,77,2,41,79,59,8,135,109,25,51,9,43" hai3="54,91,124,129,111,11,97,45,35,46,110,119,118"/><U24/><E114/><V49/><F109/><N who="3" m="41483" /><G35/><T122/><D122/><U67/><E0/><V28/><F135/><W76/><G76/><N who="2" m="29257" /><F2/><W40/><G97/><T57/><D104/><U1/><E1/><V95/><F4/><W92/><G92/><T134/><D101/><U39/><E73/><V125/><F125/><W72/><G72/><T42/><D134/><U69/><E39/><V71/><F71/><W89/><G54/><T53/><D65/><U96/><E126/><V81/><F81/><W37/><G46/><T93/><D58/><U130/><E98/><V12/><F12/><W3/><G124/><T56/><D56/><U113/><E113/><V99/><F25/><W100/><G100/><T63/><D115/><U36/><E24/><V38/><F38/><W121/><G121/><T120/><D120/><U16/><E36/><V31/><F43/><W17/><G129/><T62/><D62/><U55/><E83/><V88/><F41/><W68/><G68/><T22/><REACH who="0" step="1"/><D112/><REACH who="0" ten="230,284,231,245" step="2"/><U33/><E128/><V90/><F59/><W94/><G119/><T30/><D30/><N who="2" m="11306" /><F90/><AGARI ba="1,1" hai="13,19,22,42,44,48,53,57,63,80,82,86,90,93" machi="90" ten="40,2600,0" yaku="1,1,8,1,53,0" doraHai="6" doraHaiUra="61" who="0" fromWho="2" sc="230,39,284,0,231,-29,245,0" /><INIT seed="2,0,0,0,4,92" ten="269,284,202,245" oya="2" hai0="90,45,115,131,71,13,11,111,78,46,117,112,65" hai1="1,15,62,114,69,125,20,37,19,99,84,73,50" hai2="118,36,30,9,86,83,7,101,57,31,25,27,10" hai3="126,127,29,108,124,34,16,14,106,4,2,80,87"/><V47/><F118/><W70/><G70/><T43/><D117/><U81/><E37/><V67/><F101/><W18/><G106/><T41/><D78/><U119/><E119/><V49/><F36/><W55/><G108/><T21/><D21/><U26/><E114/><V94/><F94/><W74/><G74/><T68/><D111/><U116/><E116/><V63/><F30/><W72/><G72/><T60/><D90/><U88/><E1/><V3/><F9/><N who="3" m="2199" /><G55/><T35/><D35/><U28/><E125/><V107/><F107/><W105/><G105/><T123/><D123/><U33/><E73/><V128/><F31/><W132/><G132/><T5/><D71/><U82/><E69/><V134/><F134/><W85/><G80/><T17/><D17/><N who="3" m="6761" /><G14/><T40/><D40/><U0/><E81/><V6/><F6/><W135/><G135/><T121/><D115/><U51/><E0/><V122/><F122/><W59/><G59/><T120/><D112/><U77/><E62/><V38/><F38/><W53/><G53/><T104/><D104/><U39/><E39/><V95/><F95/><W66/><G66/><T102/><D65/><U91/><E77/><N who="2" m="46447" /><F27/><AGARI ba="0,0" hai="27,29,34,85,87,124,126,127" m="6761,2199" machi="27" ten="40,2600,0" yaku="18,1,54,1" doraHai="92" who="3" fromWho="2" sc="269,0,284,0,202,-26,245,26" /><INIT seed="3,0,0,3,5,100" ten="269,284,176,271" oya="3" hai0="27,94,38,1,21,98,115,50,96,31,79,78,73" hai1="88,61,3,87,24,99,36,104,119,41,34,93,0" hai2="112,107,29,130,54,67,46,92,14,72,111,32,120" hai3="15,133,39,95,118,13,10,68,33,77,82,60,43"/><W131/><G118/><T126/><D38/><U65/><E119/><V30/><F72/><W102/><G33/><T129/><D1/><U58/><E41/><V135/><F112/><W66/><G131/><T37/><D37/><U18/><E36/><V116/><F116/><W83/><G83/><T81/><D129/><U22/><E34/><V64/><F130/><W25/><G25/><T55/><D126/><U103/><AGARI ba="0,0" hai="0,3,18,22,24,58,61,65,87,88,93,99,103,104" machi="103" ten="30,4000,0" yaku="0,1,52,1,54,1" doraHai="100" who="1" fromWho="1" sc="269,-10,284,40,176,-10,271,-20" owari="259,5.9,324,42.4,166,-33.4,251,-14.9" /></mjloggm>