<mjloggm ver="2.3"><GO type="225" lobby="0"/><UN n0="%E3%82%A2%E3%83%BC%E3%83%A2%E3%83%AD%E3%83%BC%E3%83%B4%E3%82%A1" n1="%E6%B4%BE%E9%81%A3%E3%81%AE%E3%82%B8%E3%83%A3%E3%83%83%E3%82%AF" n2="%41%72%69%61" n3="%E3%81%BF%E3%81%BF%E3%81%9A" dan="16,17,18,17" rate="2101.03,2188.58,2200.24,2307.28" sx="M,M,F,M"/><TAIKYOKU oya="0"/><INIT seed="0,0,0,1,5,58" ten="250,250,250,250" oya="0" hai0="0,12,61,48,72,55,120,90,133,6,96,108,38" hai1="124,33,98,53,44,84,70,134,118,26,17,107,131" hai2="32,5,86,82,83,130,59,36,21,45,27,111,78" hai3="35,57,128,43,10,42,68,2,77,121,65,41,40"/><T64/><D120/><U52/><E118/><V79/><F111/><W24/><G121/><T60/><D38/><U76/><E70/><V103/><F130/><W100/><G128/><T46/><D0/><U47/><E131/><V135/><F135/><W112/><G112/><T109/><D72/><U14/><E134/><V73/><F103/><W105/><G77/><T69/><D133/><U51/><E124/><V4/><F32/><W89/><G57/><T71/><D6/><U18/><E107/><V126/><F126/><W97/><G89/><T123/><D12/><U8/><E98/><V74/><F86/><W9/><N who="3" m="10240" /><DORA hai="29" /><W39/><G2/><T92/><D123/><U94/><E76/><V119/><F45/><W23/><G39/><T104/><D104/><U93/><E84/><V7/><F36/><W22/><G23/><T50/><D50/><N who="1" m="28743" /><E33/><V132/><F132/><W110/><G110/><T13/><D13/><N who="1" m="7335" /><E26/><V85/><F85/><W49/><G49/><T28/><D28/><U25/><E25/><V87/><F87/><W101/><G35/><T37/><D37/><U106/><E106/><V116/><REACH who="2" step="1"/><F59/><REACH who="2" ten="250,250,240,250" step="2"/><W19/><G101/><T129/><D129/><U11/><AGARI ba="0,1" hai="11,14,18,47,51,53,93,94" m="7335,28743" machi="11" ten="30,2000,0" yaku="8,1,54,1" doraHai="58,29" who="1" fromWho="1" sc="250,-10,250,30,240,-5,250,-5" /><INIT seed="1,0,0,4,3,61" ten="240,280,235,245" oya="1" hai0="117,17,79,63,4,68,65,34,3,99,131,105,119" hai1="10,123,30,21,75,53,76,129,12,113,71,115,46" hai2="82,130,47,86,69,85,16,43,88,93,102,0,19" hai3="110,114,11,112,116,78,14,18,32,25,22,135,127"/><U20/><E123/><V48/><F130/><W5/><G78/><T95/><D131/><U44/><E129/><V52/><F0/><N who="3" m="423" /><G110/><T59/><D105/><U45/><E71/><V98/><F69/><W89/><G89/><T51/><D34/><U57/><E75/><V38/><F86/><W40/><G40/><T106/><D106/><U81/><E30/><V107/><F107/><W96/><G96/><T125/><D79/><U54/><E113/><V128/><F128/><W49/><G49/><T55/><D125/><U121/><E115/><N who="3" m="44074" /><G135/><T23/><D4/><N who="1" m="3143" /><E121/><V90/><F90/><W31/><G116/><T1/><D117/><U28/><E28/><V42/><F42/><W108/><G108/><T100/><REACH who="0" step="1"/><D119/><REACH who="0" ten="230,280,235,245" step="2"/><U72/><E76/><V26/><F26/><AGARI ba="0,1" hai="1,3,17,23,26,51,55,59,63,65,68,95,99,100" machi="26" ten="30,7700,0" yaku="1,1,2,1,7,1,52,1,53,0" doraHai="61" doraHaiUra="103" who="0" fromWho="2" sc="230,87,280,0,235,-77,245,0" /><INIT seed="2,0,0,4,5,20" ten="317,280,158,245" oya="2" hai0="63,18,122,110,78,5,19,9,54,128,87,94,74" hai1="77,39,35,32,109,43,118,15,12,51,27,92,44" hai2="33,7,58,46,95,133,75,70,134,26,17,120,62" hai3="113,56,98,93,112,37,85,49,124,65,55,0,129"/><V130/><F75/><W1/><G124/><T14/><D122/><U89/><E118/><V127/><F120/><W101/><G129/><T61/><D110/><U53/><E109/><V126/><F7/><W72/><G72/><T76/><D74/><U108/><E77/><N who="0" m="29801" /><D128/><U123/><E123/><V73/><F73/><W121/><G121/><T22/><D54/><U68/><E68/><V88/><F70/><W38/><G65/><T125/><D125/><N who="2" m="47626" /><F46/><W100/><G85/><T91/><D5/><U60/><E108/><V11/><F130/><W83/><G83/><T6/><D6/><U115/><E60/><V28/><F17/><W82/><G82/><T97/><D87/><U48/><E115/><N who="3" m="44106" /><G101/><T71/><D71/><U3/><E3/><AGARI ba="0,0" hai="0,1,3,37,38,49,55,56,93,98,100" m="44106" machi="3" ten="30,1000,0" yaku="11,1" doraHai="20" who="3" fromWho="1" sc="317,0,280,-10,158,0,245,10" /><INIT seed="3,0,0,1,4,65" ten="317,270,158,255" oya="3" hai0="85,125,135,1,53,70,37,24,55,64,30,4,112" hai1="23,128,103,74,97,84,87,38,29,12,93,51,115" hai2="80,61,27,82,90,59,35,133,73,126,5,62,75" hai3="58,114,94,123,129,127,22,36,0,45,19,15,124"/><W119/><G123/><T6/><D37/><U14/><E74/><V43/><F133/><W32/><G114/><T40/><D40/><U88/><E38/><V77/><F126/><W89/><G119/><T44/><D135/><U117/><E128/><V107/><F107/><W21/><G32/><T28/><D28/><U108/><E108/><V16/><F43/><N who="3" m="22759" /><G0/><T66/><D125/><N who="3" m="48201" /><G58/><T67/><D70/><U106/><E115/><V52/><F5/><W121/><G121/><T99/><D1/><U91/><E117/><V122/><F122/><W56/><G56/><T113/><D113/><U131/><E131/><V41/><F41/><W130/><G22/><N who="0" m="15639" /><D99/><AGARI ba="0,0" hai="15,19,21,89,94,99,129,130" m="48201,22759" machi="99" ten="30,1500,0" yaku="18,1" doraHai="65" who="3" fromWho="0" sc="317,-15,270,0,158,0,255,15" /><INIT seed="3,1,0,3,3,91" ten="302,270,158,270" oya="3" hai0="109,88,66,37,115,15,30,127,112,131,124,26,48" hai1="23,21,121,20,38,31,108,61,119,25,59,50,132" hai2="95,71,116,134,70,52,42,44,33,105,39,12,72" hai3="128,73,57,53,79,130,34,9,114,29,7,106,1"/><W126/><G114/><N who="0" m="43563" /><D109/><U86/><E108/><V78/><F116/><W54/><G106/><T83/><D131/><N who="3" m="50217" /><G126/><T8/><D37/><U46/><E121/><V60/><F105/><W67/><G29/><T76/><D66/><U24/><E38/><V27/><F134/><W80/><G34/><N who="0" m="20823" /><D88/><U117/><E132/><V45/><F72/><W125/><G125/><T43/><D48/><U16/><E23/><V62/><F78/><W113/><G113/><T32/><D43/><U18/><E31/><V129/><F129/><W98/><G98/><T10/><D32/><U122/><E86/><V100/><F62/><AGARI ba="1,0" hai="1,7,9,53,54,57,62,67,73,79,80" m="50217" machi="62" ten="30,1500,0" yaku="19,1" doraHai="91" who="3" fromWho="2" sc="302,0,270,0,158,-18,270,18" /><INIT seed="3,2,0,3,2,21" ten="302,270,140,288" oya="3" hai0="86,106,115,57,80,30,23,82,108,1,66,8,94" hai1="3,129,42,6,50,134,4,58,10,48,11,59,26" hai2="89,20,35,93,75,100,19,28,97,31,107,63,64" hai3="135,84,81,7,40,18,56,68,85,96,24,77,27"/><W116/><G68/><T53/><D106/><U90/><E129/><V124/><F124/><W51/><G116/><T123/><D123/><U102/><E102/><V130/><F130/><W71/><G71/><T15/><D108/><U88/><E134/><V114/><F114/><W103/><G135/><T60/><D1/><U67/><E42/><V79/><F35/><W76/><G7/><N who="0" m="3487" /><D115/><U83/><E26/><N who="3" m="9770" /><G18/><T132/><D23/><U65/><E83/><V33/><F33/><W112/><G112/><T101/><D30/><U41/><E41/><V119/><F119/><W78/><G85/><T45/><D132/><U72/><E72/><V133/><F133/><W52/><G40/><T74/><D74/><U95/><E95/><AGARI ba="2,0" hai="51,52,56,76,77,78,81,84,95,96,103" m="9770" machi="95" ten="30,12000,1" yaku="8,1,52,3,54,1" doraHai="21" who="3" fromWho="1" sc="302,0,270,-126,140,0,288,126" owari="302,10.2,144,-25.6,140,-36.0,414,51.4" /></mjloggm>