<mjloggm ver="2.3"><GO type="225" lobby="0"/><UN n0="%E5%B6%BA%E4%B8%8A%E5%92%B2" n1="%E7%99%BD%E9%9B%AA%E4%B9%83%E6%84%9B" n2="%E7%89%B9%E6%9D%B1%E3%81%AF%E4%B8%96%E7%95%8C%E3%82%92%E6%95%91%E3%81%86" n3="%63%68%78%62%64" dan="16,16,16,16" rate="2110.74,2096.03,2067.91,2147.32" sx="F,F,M,M"/><TAIKYOKU oya="0"/><INIT seed="0,0,0,1,0,133" ten="250,250,250,250" oya="0" hai0="49,7,77,46,126,36,10,82,56,6,78,61,108" hai1="119,125,42,128,28,121,52,87,122,9,34,135,20" hai2="4,38,105,131,76,39,24,109,26,101,27,51,90" hai3="13,95,66,74,59,53,35,69,14,22,45,50,93"/><T102/><D36/><U113/><E119/><V37/><F109/><W111/><G35/><T81/><D108/><U19/><E42/><V67/><F131/><W83/><G111/><T127/><D102/><U99/><E128/><V85/><F76/><W58/><G69/><T8/><D61/><U123/><E135/><V32/><F4/><W89/><G74/><T47/><D56/><U107/><E113/><V25/><F67/><W55/><G66/><T103/><D103/><U110/><E110/><V94/><F51/><AGARI ba="0,0" hai="6,7,8,10,46,47,49,51,77,78,81,82,126,127" machi="51" ten="25,9600,0" yaku="22,2,52,2" doraHai="133" who="0" fromWho="2" sc="250,96,250,0,250,-96,250,0" /><INIT seed="0,1,0,2,3,102" ten="346,250,154,250" oya="0" hai0="84,25,128,14,75,11,10,112,96,43,53,121,20" hai1="33,42,61,46,122,64,13,86,59,115,4,37,105" hai2="116,77,83,57,78,21,58,28,63,110,50,67,99" hai3="101,76,6,117,52,119,3,124,56,113,16,32,90"/><T2/><D112/><U70/><E122/><V107/><F110/><W104/><G113/><T47/><D75/><U12/><E115/><V41/><F116/><W82/><G90/><T1/><D121/><U0/><E33/><V73/><F78/><W40/><G32/><T92/><D128/><U31/><E31/><V114/><F114/><W66/><G66/><T68/><D68/><U9/><E86/><V15/><F41/><W24/><G40/><T69/><D69/><U100/><REACH who="1" step="1"/><E70/><REACH who="1" ten="346,240,154,250" step="2"/><V135/><F28/><W127/><G117/><T29/><D84/><U5/><E5/><V19/><F135/><W97/><G119/><T133/><D133/><U39/><E39/><V74/><F74/><W65/><G6/><T126/><D126/><U18/><E18/><V123/><F123/><W22/><G3/><T26/><D1/><U7/><E7/><V45/><F19/><W27/><G27/><T44/><D26/><U125/><E125/><V108/><F73/><W49/><REACH who="3" step="1"/><G65/><REACH who="3" ten="346,240,154,240" step="2"/><T94/><D2/><U34/><E34/><V132/><F67/><W62/><G62/><T55/><D43/><U81/><E81/><V30/><F63/><W134/><G134/><T54/><D14/><U87/><E87/><AGARI ba="1,2" hai="16,22,24,49,52,56,76,82,87,97,101,104,124,127" machi="87" ten="40,8000,1" yaku="1,1,52,1,54,2,53,0" doraHai="102" doraHaiUra="35" who="3" fromWho="1" sc="346,0,240,-83,154,0,240,103" /><INIT seed="1,0,0,4,1,68" ten="346,157,154,343" oya="1" hai0="55,70,104,60,66,109,80,13,3,57,107,124,134" hai1="114,79,64,116,17,47,89,65,120,91,61,88,63" hai2="110,36,121,7,106,78,25,16,127,52,27,5,73" hai3="100,99,85,135,8,50,132,129,10,128,115,133,15"/><U112/><E116/><V2/><F121/><W126/><G115/><T118/><D3/><U81/><E120/><V77/><F106/><N who="3" m="63775" /><G50/><T22/><D118/><U86/><E17/><V62/><F36/><W29/><G85/><T92/><D109/><U12/><E12/><V1/><F110/><W44/><G44/><T24/><D134/><U6/><E6/><N who="2" m="2059" /><F73/><W90/><G90/><T23/><D124/><U123/><E123/><V122/><F122/><W82/><G82/><T67/><D80/><U48/><E63/><V43/><F43/><W41/><G41/><T11/><D92/><U117/><E117/><V42/><F42/><W105/><G29/><N who="0" m="17559" /><D104/><U18/><E18/><V93/><F127/><W95/><G95/><T98/><D107/><U119/><E119/><V26/><F2/><W131/><G105/><T56/><D98/><U58/><REACH who="1" step="1"/><E64/><REACH who="1" ten="346,147,154,343" step="2"/><N who="0" m="24617" /><D70/><U9/><E9/><N who="3" m="3690" /><G15/><T14/><D14/><U31/><E31/><V96/><F1/><W51/><G51/><T0/><D0/><U19/><E19/><V32/><F32/><W101/><G101/><T111/><D111/><U74/><E74/><V72/><F72/><W53/><G53/><AGARI ba="0,1" hai="47,48,53,58,61,65,79,81,86,88,89,91,112,114" machi="53" ten="40,3900,0" yaku="1,1,54,1,53,0" doraHai="68" doraHaiUra="33" who="1" fromWho="3" sc="346,0,147,49,154,0,343,-39" /><INIT seed="1,1,0,2,2,43" ten="346,196,154,304" oya="1" hai0="45,40,59,133,23,12,110,37,36,89,104,60,68" hai1="108,26,27,29,115,123,106,62,5,119,88,13,54" hai2="22,10,97,85,2,130,65,28,61,94,128,41,127" hai3="132,47,8,102,16,55,90,69,109,76,42,92,122"/><U53/><E115/><V72/><F72/><W4/><G122/><T111/><D104/><U17/><E123/><V58/><F127/><W44/><G69/><T64/><D133/><U18/><E119/><V9/><F2/><W19/><G132/><T24/><D12/><U77/><E106/><V98/><F85/><W70/><G70/><T75/><D75/><U66/><E77/><V38/><F98/><W6/><G102/><T82/><D37/><U100/><E100/><V25/><F41/><W124/><G76/><T91/><D68/><U33/><E108/><N who="0" m="41513" /><D82/><U107/><E107/><V15/><F38/><W113/><G124/><T21/><D21/><U0/><E0/><V48/><F48/><N who="3" m="26647" /><G113/><T83/><D83/><U81/><E5/><N who="3" m="2154" /><G8/><T118/><D118/><U86/><E26/><V125/><F125/><W39/><G39/><T96/><D96/><U87/><E87/><V46/><F9/><W121/><G121/><T129/><D129/><U74/><E74/><V63/><F130/><W99/><G109/><T7/><D7/><U78/><E78/><V120/><F128/><W71/><G71/><T80/><D80/><U116/><E116/><V84/><F120/><W131/><G131/><T50/><D36/><U57/><REACH who="1" step="1"/><E18/><AGARI ba="1,0" hai="18,23,24,40,45,50,59,60,64,89,91" m="41513" machi="18" ten="30,2000,0" yaku="14,1,52,1" doraHai="43" who="0" fromWho="1" sc="346,23,196,-23,154,0,304,0" /><INIT seed="2,0,0,4,5,83" ten="369,173,154,304" oya="2" hai0="95,131,63,47,53,11,135,72,66,42,120,115,128" hai1="108,48,22,117,58,70,134,8,80,39,52,91,5" hai2="112,75,21,119,59,31,109,18,118,14,132,87,50" hai3="7,46,125,1,116,106,69,124,107,84,28,113,65"/><V29/><F75/><W0/><G116/><T36/><D72/><U51/><E117/><V78/><F112/><W35/><G113/><T98/><D115/><U12/><E39/><V10/><F119/><W24/><G46/><T123/><D11/><U32/><E70/><V86/><F118/><W49/><G49/><T97/><D135/><U89/><E32/><V45/><F132/><W100/><G84/><N who="2" m="32297" /><F109/><W79/><G79/><T110/><D110/><U3/><E134/><V60/><F78/><W104/><G100/><N who="0" m="60479" /><D53/><U82/><E108/><V127/><F10/><N who="3" m="2407" /><G1/><T23/><D23/><U93/><E48/><V37/><F37/><W81/><G81/><T105/><D98/><U74/><E74/><V133/><F133/><W62/><AGARI ba="0,0" hai="24,28,35,62,65,69,104,106,107,124,125" m="2407" machi="62" ten="40,1500,0" yaku="23,1" doraHai="83" who="3" fromWho="3" sc="369,-4,173,-4,154,-7,304,15" /><INIT seed="3,0,0,4,1,97" ten="365,169,147,319" oya="3" hai0="36,47,67,84,98,134,101,91,23,122,95,3,130" hai1="126,55,2,51,131,92,80,52,13,4,21,66,59" hai2="15,82,79,105,102,113,27,87,65,88,75,114,117" hai3="20,54,115,86,31,81,60,128,135,108,62,57,16"/><W116/><G115/><N who="2" m="44041" /><F15/><W10/><G116/><T107/><D130/><U78/><E131/><V61/><F27/><W5/><G128/><T123/><D134/><U28/><E126/><V46/><F46/><W25/><G135/><T109/><D3/><U129/><E129/><V24/><F24/><W118/><G118/><T68/><D109/><U70/><E2/><V11/><F11/><W71/><G108/><T125/><D125/><U38/><E38/><V41/><F41/><W119/><G119/><T0/><D0/><U110/><E110/><V18/><F18/><W93/><G93/><T7/><D7/><U111/><E111/><V104/><F117/><W90/><G31/><T133/><D84/><N who="1" m="48151" /><E70/><V89/><F61/><W63/><REACH who="3" step="1"/><G71/><REACH who="3" ten="365,169,147,309" step="2"/><T22/><D68/><U17/><E28/><V49/><F65/><W42/><G42/><T43/><D133/><U72/><E66/><V8/><F104/><W34/><G34/><T50/><D107/><U48/><E92/><V30/><F30/><W29/><G29/><T37/><D122/><U33/><E33/><V26/><F105/><W19/><G19/><T1/><D123/><U85/><E4/><V64/><F64/><W35/><G35/><T45/><D67/><U53/><E53/><V132/><F132/><W40/><G40/><T127/><D127/><U56/><E72/><V58/><F75/><W32/><G32/><T39/><D43/><U106/><E106/><V73/><F73/><W121/><G121/><T14/><D37/><U69/><E69/><V94/><F94/><W100/><G100/><T44/><D39/><RYUUKYOKU ba="0,1" sc="365,-15,169,15,147,-15,309,15" hai1="13,17,21,48,51,52,55,56,59,85" hai3="5,10,16,20,25,54,57,60,62,63,81,86,90" /><INIT seed="3,1,1,4,0,41" ten="350,184,132,324" oya="3" hai0="119,96,68,114,127,8,44,61,77,42,132,123,18" hai1="63,74,31,55,66,62,131,59,7,46,13,97,1" hai2="40,94,47,22,43,101,48,111,12,108,118,92,82" hai3="79,36,34,98,100,30,39,17,128,72,11,90,102"/><W81/><G128/><T6/><D119/><U57/><E74/><V23/><F118/><W88/><G34/><T20/><D123/><U25/><E1/><V5/><F101/><W135/><G30/><T51/><D132/><U29/><E131/><V16/><F5/><W109/><G109/><N who="2" m="42057" /><F43/><W120/><G120/><T67/><D127/><U78/><E78/><V117/><F117/><W60/><G135/><T71/><D96/><U105/><E105/><V56/><F23/><W19/><G100/><T113/><D77/><U64/><E97/><V9/><F9/><W99/><G99/><T84/><D84/><U21/><E31/><V130/><F130/><W37/><G60/><T26/><REACH who="0" step="1"/><D71/><REACH who="0" ten="340,184,132,324" step="2"/><U133/><E133/><V3/><F3/><AGARI ba="1,2" hai="3,6,8,18,20,26,42,44,51,61,67,68,113,114" machi="3" ten="40,5200,0" yaku="1,1,2,1,52,1,53,0" doraHai="41" doraHaiUra="126" who="0" fromWho="2" sc="340,75,184,0,132,-55,324,0" owari="415,51.5,184,-21.6,77,-42.3,324,12.4" /></mjloggm>