<mjloggm ver="2.3"><GO type="225" lobby="0"/><UN n0="%E5%AF%82%E5%AF%9E%E3%82%AE%E3%83%8D%E3%82%B9%E3%83%93%E3%83%BC%E3%83%AB" n1="%E6%80%AA%E3%81%97%E3%81%99%E3%81%8E%E3%82%8B%E3%83%81%E3%83%BC" n2="%E8%A8%88%E7%AE%97%E6%A9%9F%E8%87%AA%E7%84%B6" n3="%72%61%6B%33" dan="16,16,17,18" rate="2142.94,2126.09,2242.81,2275.44" sx="M,M,M,M"/><TAIKYOKU oya="0"/><INIT seed="0,0,0,1,5,72" ten="250,250,250,250" oya="0" hai0="119,42,134,24,115,12,128,86,33,98,21,57,84" hai1="67,61,120,1,6,54,130,28,27,76,43,116,113" hai2="10,99,62,29,25,64,26,82,45,95,97,121,88" hai3="94,58,39,80,17,135,131,78,71,77,87,13,5"/><T92/><D115/><U46/><E116/><V109/><F121/><W63/><G131/><T7/><D119/><U51/><E120/><V75/><F109/><W2/><G135/><T36/><D134/><U31/><E130/><V15/><F45/><W81/><G39/><T123/><D123/><U55/><E113/><V132/><F132/><W49/><G71/><T105/><D105/><U52/><E76/><N who="3" m="29290" /><G5/><T40/><D33/><U93/><E93/><V68/><F75/><W37/><G37/><T125/><D125/><U65/><E61/><V69/><F82/><W16/><G49/><T41/><D36/><U53/><N who="1" m="13312" /><DORA hai="101" /><U104/><E104/><V83/><F83/><N who="3" m="31819" /><G2/><T23/><D128/><U3/><E28/><V96/><F68/><W32/><G32/><T126/><D126/><U103/><E103/><V90/><F29/><W111/><G111/><T9/><D57/><U20/><REACH who="1" step="1"/><E3/><REACH who="1" ten="250,240,250,250" step="2"/><V34/><F34/><W129/><G129/><T73/><D73/><U112/><E112/><V70/><F70/><W18/><G63/><T50/><D50/><U124/><E124/><V108/><F108/><W74/><G74/><T11/><D92/><U106/><E106/><V44/><F95/><W102/><G58/><T118/><D118/><U59/><E59/><V79/><F79/><W100/><G100/><T60/><D60/><U0/><E0/><V14/><F62/><W56/><G56/><T133/><D133/><U22/><E22/><V4/><F69/><W66/><G102/><T122/><D122/><U38/><E38/><V19/><F96/><W110/><G110/><RYUUKYOKU ba="0,1" sc="250,-10,240,30,250,-10,250,-10" hai1="1,6,20,27,31,43,46,51,65,67" /><INIT seed="1,1,1,5,1,60" ten="240,270,240,240" oya="1" hai0="124,97,11,14,7,45,32,115,70,78,66,127,18" hai1="13,130,93,2,117,86,56,10,131,23,28,81,17" hai2="125,46,73,35,8,53,74,40,4,26,87,42,126" hai3="109,69,134,52,1,51,77,33,85,30,84,37,61"/><U114/><E114/><V133/><F53/><W113/><G113/><T57/><D115/><U103/><E117/><V132/><F87/><W98/><G1/><T122/><D32/><U128/><E56/><V48/><F40/><W9/><G37/><T62/><D122/><U55/><E55/><V0/><F26/><W123/><G123/><T102/><D78/><U34/><E34/><V54/><F35/><W106/><G9/><T95/><D45/><U65/><E65/><V43/><F43/><W59/><G109/><T99/><D7/><U118/><E118/><V110/><F110/><W71/><G134/><N who="2" m="51817" /><F54/><W24/><G77/><T49/><D49/><U107/><E28/><V22/><F22/><W120/><G120/><T111/><D111/><U72/><E23/><V19/><F19/><W79/><G79/><T101/><REACH who="0" step="1"/><D57/><REACH who="0" ten="230,270,240,240" step="2"/><U91/><E128/><V104/><F104/><AGARI ba="1,2" hai="11,14,18,62,66,70,95,97,99,101,102,104,124,127" machi="104" ten="40,5200,0" yaku="1,1,2,1,52,1,53,0" doraHai="60" doraHaiUra="83" who="0" fromWho="2" sc="230,75,270,0,240,-55,240,0" /><INIT seed="2,0,0,3,3,97" ten="305,270,185,240" oya="2" hai0="117,37,44,31,40,41,123,73,135,87,116,93,36" hai1="51,85,25,127,71,92,103,46,18,52,27,95,100" hai2="45,30,105,83,24,34,38,42,130,82,124,57,35" hai3="1,14,19,99,126,122,106,6,134,66,90,91,88"/><V96/><F130/><W77/><G122/><T29/><D123/><U39/><E71/><V80/><F124/><W61/><G126/><T59/><D73/><U84/><E39/><V76/><F57/><W56/><G134/><T60/><D135/><U64/><E127/><V108/><F108/><W104/><G77/><T12/><D12/><U33/><E33/><V50/><F34/><W17/><G1/><T4/><D4/><U75/><E75/><V94/><F105/><W0/><G0/><T54/><D87/><N who="1" m="33355" /><E64/><V125/><F125/><W69/><G69/><T20/><D93/><N who="1" m="35915" /><E18/><V28/><F28/><W74/><G74/><T129/><D129/><U110/><E110/><V120/><F120/><W21/><G6/><T32/><D32/><U89/><E89/><V115/><F115/><W49/><G17/><T101/><D31/><U10/><E10/><V113/><F113/><W131/><G131/><T48/><D29/><U23/><E23/><V132/><F132/><W112/><G112/><T68/><D20/><U16/><E16/><V67/><F67/><W102/><G106/><T63/><D68/><U109/><E109/><V47/><F76/><W58/><G91/><T3/><D3/><U62/><E62/><N who="0" m="23593" /><D101/><AGARI ba="0,0" hai="25,27,46,51,52,100,101,103" m="35915,33355" machi="101" ten="30,8000,1" yaku="8,1,52,3,54,1" doraHai="97" who="1" fromWho="0" sc="305,-80,270,80,185,0,240,0" /><INIT seed="3,0,0,0,3,86" ten="225,350,185,240" oya="3" hai0="16,117,132,111,2,40,121,42,6,34,107,120,45" hai1="100,103,78,46,102,123,55,57,38,29,32,91,68" hai2="87,124,122,92,11,135,58,130,101,4,96,53,113" hai3="18,110,128,70,54,17,69,82,83,36,25,27,81"/><W12/><G36/><T133/><D107/><U8/><E68/><V48/><F124/><W20/><G128/><T24/><D117/><U79/><E123/><N who="0" m="47177" /><D111/><U33/><E91/><V10/><F122/><W104/><G104/><T118/><D118/><U75/><E8/><V112/><F130/><W64/><G110/><T89/><D89/><U9/><E9/><V74/><F74/><W106/><G106/><T77/><D77/><U60/><E29/><V90/><F10/><W93/><G64/><T1/><D6/><U56/><E56/><V76/><F76/><W127/><G127/><T129/><D129/><U41/><REACH who="1" step="1"/><E79/><REACH who="1" ten="225,340,185,240" step="2"/><V44/><F135/><W30/><G70/><T67/><D133/><U14/><E14/><V125/><F125/><W5/><G69/><T7/><D132/><U47/><E47/><V80/><REACH who="2" step="1"/><F58/><REACH who="2" ten="225,340,175,240" step="2"/><W21/><G5/><T71/><D7/><U51/><E51/><V19/><F19/><W3/><G18/><T72/><D16/><U97/><E97/><V62/><F62/><W31/><G17/><T115/><D71/><U28/><E28/><V43/><F43/><W73/><G30/><T94/><D40/><U35/><E35/><V109/><F109/><W63/><G31/><T39/><D34/><U134/><E134/><V85/><F85/><W126/><G126/><T61/><D42/><U37/><E37/><V65/><F65/><W99/><G63/><T108/><D61/><U66/><E66/><V13/><AGARI ba="0,2" hai="4,11,13,44,48,53,80,87,90,92,96,101,112,113" machi="13" ten="20,5200,0" yaku="1,1,0,1,7,1,52,1,53,0" doraHai="86" doraHaiUra="114" who="2" fromWho="2" sc="225,-13,340,-13,175,72,240,-26" owari="212,-28.8,327,42.7,247,4.7,214,-18.6" /></mjloggm>