<mjloggm ver="2.3"><GO type="225" lobby="0"/><UN n0="%E3%81%8B%E3%82%8F%E3%81%A1%E3%82%83%E3%82%93%35%38" n1="%65%6B%61%72%75%74%65" n2="%E5%A4%9C%E3%81%AE%E3%82%AC%E3%82%B9%E3%83%91%E3%83%BC%E3%83%AB" n3="%72%69%6F%75%63%68%61%6E" dan="16,16,16,16" rate="2150.22,2147.57,2147.35,2180.47" sx="M,M,M,M"/><TAIKYOKU oya="0"/><INIT seed="0,0,0,2,4,41" ten="250,250,250,250" oya="0" hai0="120,110,126,40,135,95,82,39,18,70,38,100,134" hai1="105,133,33,64,29,7,84,13,10,60,128,58,30" hai2="127,121,42,85,88,51,14,65,91,62,50,3,61" hai3="73,89,132,16,76,20,86,12,77,93,34,52,118"/><T112/><D120/><U19/><E105/><V63/><F3/><W37/><G118/><T106/><D106/><U21/><E128/><V97/><F121/><W114/><G114/><T43/><D82/><U96/><E133/><N who="0" m="50697" /><D18/><U0/><E96/><V36/><F127/><W6/><G132/><T98/><D112/><U17/><E33/><V45/><F65/><W54/><G37/><N who="0" m="13835" /><D126/><U8/><REACH who="1" step="1"/><E84/><REACH who="1" ten="250,240,250,250" step="2"/><V131/><F131/><W57/><G34/><T92/><D110/><U113/><E113/><V115/><F115/><W83/><G77/><T15/><D70/><U28/><E28/><V24/><F97/><W75/><G73/><T78/><D78/><U44/><E44/><V104/><F104/><W99/><G57/><T90/><D15/><AGARI ba="0,1" hai="0,7,8,10,13,15,17,19,21,29,30,58,60,64" machi="15" ten="30,2000,0" yaku="1,1,7,1,53,0" doraHai="41" doraHaiUra="48" who="1" fromWho="0" sc="250,-20,240,30,250,0,250,0" /><INIT seed="1,0,0,4,3,63" ten="230,270,250,250" oya="1" hai0="67,45,26,131,126,65,36,129,21,12,124,83,32" hai1="115,55,84,42,48,77,72,41,103,76,108,112,69" hai2="99,33,128,56,106,35,120,113,57,114,39,93,62" hai3="11,127,71,95,90,2,105,54,102,109,52,121,104"/><U64/><E72/><V80/><F120/><W60/><G121/><T75/><D32/><U73/><E73/><V34/><F106/><W89/><G109/><T10/><D45/><U98/><E108/><V31/><F39/><W132/><G127/><N who="0" m="48683" /><D36/><U19/><E19/><V47/><F128/><N who="0" m="49226" /><D83/><U107/><E42/><V8/><F47/><W125/><G132/><T6/><D75/><U28/><E28/><AGARI ba="0,0" hai="6,10,12,21,26,28,65,67" m="49226,48683" machi="28" ten="30,7700,0" yaku="18,1,19,1,52,2" doraHai="63" who="0" fromWho="1" sc="230,77,270,-77,250,0,250,0" /><INIT seed="2,0,0,5,5,75" ten="307,193,250,250" oya="2" hai0="84,125,129,12,89,40,87,108,13,27,38,51,100" hai1="50,44,131,106,130,123,63,105,0,62,14,57,19" hai2="20,16,104,3,107,88,10,103,28,26,42,85,91" hai3="31,81,34,68,86,92,7,79,102,78,67,45,126"/><V25/><F42/><W114/><G126/><T48/><D38/><U133/><E133/><V60/><F60/><W39/><G114/><T135/><D100/><U43/><E0/><V1/><F91/><W53/><G7/><T82/><D125/><U80/><E123/><V72/><F72/><W93/><G102/><T121/><D121/><U36/><E36/><V119/><F119/><W97/><G34/><T33/><D33/><U47/><E47/><V90/><F90/><W124/><G31/><T128/><D27/><U109/><E109/><V18/><F103/><W76/><G124/><T59/><D108/><U35/><E63/><V113/><F113/><W23/><G23/><T122/><D122/><U110/><E35/><V24/><F28/><W54/><G68/><T58/><D89/><U56/><E56/><V32/><F32/><W111/><G111/><T132/><D82/><U127/><E110/><V95/><F18/><W11/><G11/><T112/><D40/><U49/><E49/><V71/><F71/><W9/><G9/><T69/><D69/><U61/><E61/><V17/><F17/><W21/><G21/><T46/><D46/><U8/><E80/><V65/><F65/><W116/><G67/><T70/><D70/><U22/><E22/><V99/><F99/><W37/><G45/><T64/><D64/><N who="1" m="38991" /><E127/><V55/><F55/><N who="3" m="21003" /><G116/><T118/><D112/><U66/><E66/><V96/><F3/><W134/><G134/><T94/><D118/><U120/><E120/><V117/><F117/><W30/><G37/><T73/><D73/><U101/><E101/><RYUUKYOKU ba="0,0" sc="307,15,193,15,250,-15,250,-15" hai0="12,13,48,51,58,59,84,87,94,128,129,132,135" hai1="8,14,19,43,44,50,105,106,130,131" /><INIT seed="3,1,0,3,1,134" ten="322,208,235,235" oya="3" hai0="74,12,0,131,124,10,40,7,11,4,42,128,132" hai1="108,87,81,126,37,39,62,52,29,93,6,119,129" hai2="44,82,63,69,8,83,85,78,46,61,22,19,91" hai3="23,45,2,18,14,68,49,5,35,120,9,89,84"/><W95/><G68/><T90/><D124/><U41/><E29/><V16/><F69/><W110/><G110/><T122/><D122/><U105/><E105/><V107/><F107/><W99/><G35/><T34/><D132/><U70/><E6/><V102/><F102/><W130/><G130/><N who="0" m="49707" /><D34/><U118/><E129/><V77/><F8/><W121/><REACH who="3" step="1"/><G99/><REACH who="3" ten="322,208,235,225" step="2"/><T32/><D32/><U88/><E108/><V38/><F78/><W28/><G28/><T51/><D74/><U25/><E126/><V36/><F77/><W48/><G48/><T59/><D51/><U58/><E70/><V98/><F98/><W66/><G66/><T94/><D59/><U113/><E113/><V67/><F67/><W111/><G111/><T101/><D101/><U47/><E39/><V112/><F112/><W60/><G60/><T92/><D92/><U33/><E33/><V133/><F133/><W20/><G20/><T96/><AGARI ba="1,1" hai="0,4,7,10,11,12,40,42,90,94,96" m="49707" machi="96" ten="30,1100,0" yaku="19,1" doraHai="134" who="0" fromWho="0" sc="322,24,208,-4,235,-4,225,-6" owari="346,44.6,204,-29.6,231,3.1,219,-18.1" /></mjloggm>