<mjloggm ver="2.3"><GO type="225" lobby="0"/><UN n0="%E3%83%89%E3%83%A9%E3%81%8F%E3%82%8C" n1="%E6%81%A5%E6%99%92%E3%81%97" n2="%E3%81%B5%E3%81%98%E3%81%8B%E3%81%A4" n3="%E8%B6%85%E7%B4%9A%E9%B3%B3%E5%87%B0" dan="17,16,16,16" rate="2302.11,2135.64,2174.12,2188.86" sx="M,M,M,F"/><TAIKYOKU oya="0"/><INIT seed="0,0,0,0,1,10" ten="250,250,250,250" oya="0" hai0="74,78,92,107,65,45,112,90,97,75,5,88,80" hai1="122,134,35,95,115,11,8,21,58,12,48,70,3" hai2="43,129,124,53,71,1,2,116,62,133,135,120,44" hai3="87,32,13,63,106,111,61,103,77,121,41,59,132"/><T50/><D112/><U109/><E122/><V9/><F120/><W64/><G121/><T46/><D65/><U127/><E70/><V26/><F124/><W94/><G32/><T83/><D5/><U102/><E115/><V123/><F123/><W84/><G111/><T125/><D125/><U72/><E127/><V82/><F129/><W25/><G132/><N who="2" m="50761" /><F116/><W37/><G106/><T69/><D69/><U89/><E72/><V117/><F117/><W126/><G126/><T113/><D113/><U56/><E35/><V16/><F82/><N who="3" m="47183" /><G37/><T14/><D14/><U131/><E131/><V39/><F71/><W93/><G41/><T6/><D6/><U118/><E109/><V60/><F53/><W7/><G25/><T30/><D30/><U86/><E118/><V85/><F85/><W15/><G63/><N who="2" m="24105" /><F26/><W105/><G105/><T31/><D107/><U33/><E134/><V79/><F79/><W119/><G7/><T47/><D31/><U114/><E114/><V91/><F91/><N who="3" m="53503" /><G119/><T40/><D90/><U110/><E89/><V73/><F73/><W100/><G100/><T29/><D29/><U57/><E102/><V0/><F0/><W20/><G20/><T34/><D34/><U42/><E33/><V4/><F4/><W52/><G64/><T130/><D130/><U128/><E128/><V51/><F39/><W28/><G28/><T24/><D24/><U67/><E3/><V19/><F19/><W99/><AGARI ba="0,0" hai="13,15,52,59,61,94,99,103" m="53503,47183" machi="99" ten="30,7900,0" yaku="8,1,52,2,54,1" doraHai="10" who="3" fromWho="3" sc="250,-39,250,-20,250,-20,250,79" /><INIT seed="1,0,0,5,5,77" ten="211,230,230,329" oya="1" hai0="12,94,38,61,42,52,105,100,51,82,133,63,88" hai1="33,92,36,75,34,28,26,110,59,87,131,18,123" hai2="99,14,76,114,21,130,62,49,129,73,24,106,135" hai3="47,27,85,6,79,90,7,68,121,117,83,70,64"/><U125/><E123/><V2/><F2/><W40/><G121/><T126/><D126/><U17/><E125/><V48/><F135/><W86/><G117/><T134/><D105/><U127/><E127/><V41/><F62/><W96/><G96/><T0/><D0/><U19/><E36/><V69/><F69/><W112/><G112/><T109/><D109/><U25/><E75/><V50/><F14/><W101/><G101/><T65/><D12/><U23/><E110/><V78/><F41/><W115/><G115/><T81/><D100/><U11/><E131/><N who="2" m="50187" /><F114/><W118/><G118/><T16/><D16/><N who="1" m="6251" /><E59/><V5/><F5/><W54/><G54/><T84/><D42/><U15/><E87/><V122/><F122/><W35/><G68/><T95/><D95/><U10/><E92/><V104/><F99/><W57/><G70/><N who="0" m="42287" /><D63/><U116/><E116/><V9/><F9/><W93/><G57/><N who="0" m="32927" /><D38/><U32/><E11/><V46/><F106/><W22/><G93/><T37/><D37/><U89/><E89/><V74/><F104/><W71/><G71/><T91/><D91/><U56/><E56/><V20/><F74/><W53/><G85/><T120/><D120/><U4/><AGARI ba="0,0" hai="4,10,15,19,23,25,26,28,32,33,34" m="6251" machi="4" ten="30,18000,2" yaku="35,5,54,1" doraHai="77" who="1" fromWho="1" sc="211,-60,230,180,230,-60,329,-60" /><INIT seed="1,1,0,3,5,87" ten="151,410,170,269" oya="1" hai0="130,6,68,119,63,121,123,59,36,33,15,22,66" hai1="61,46,111,71,135,75,0,105,12,83,86,35,124" hai2="37,92,134,5,129,4,88,3,77,10,54,93,132" hai3="117,79,131,8,64,32,65,58,125,122,99,73,100"/><U2/><E75/><V81/><F37/><W106/><G122/><N who="0" m="46603" /><D33/><U78/><E105/><V14/><F129/><W74/><G32/><T112/><D119/><U7/><E124/><V97/><F54/><W84/><G131/><T98/><D130/><U101/><E101/><V107/><F107/><W24/><G125/><T126/><D126/><U133/><E35/><V48/><F48/><W55/><G117/><T85/><D36/><U110/><E46/><V127/><F127/><W16/><G84/><T41/><D41/><U13/><E61/><V80/><F93/><W56/><G74/><T30/><D30/><U28/><E71/><V120/><F120/><W76/><G58/><T72/><D72/><U82/><E28/><V38/><F38/><W26/><G26/><T104/><D85/><U34/><E34/><V1/><F77/><W70/><G70/><T18/><D6/><U40/><E40/><V108/><F108/><N who="1" m="41513" /><E83/><N who="2" m="31819" /><F5/><W45/><G45/><T62/><D104/><U39/><E39/><V23/><F23/><W102/><G102/><T109/><BYE who="3" /><D109/><U116/><E116/><V9/><F9/><W27/><G27/><T43/><D43/><UN n3="%E8%B6%85%E7%B4%9A%E9%B3%B3%E5%87%B0" /><U53/><E53/><V31/><F31/><W49/><G24/><T17/><D68/><U118/><E118/><V51/><F51/><W20/><G73/><T94/><D63/><U91/><E78/><N who="3" m="29738" /><G20/><T57/><D62/><U103/><E103/><V67/><F67/><W113/><G113/><T44/><D112/><U90/><E7/><V96/><F96/><W42/><G42/><T29/><D66/><U50/><E82/><RYUUKYOKU ba="1,0" sc="151,-15,410,-15,170,15,269,15" hai2="1,3,4,10,14,88,92,97,132,134" hai3="8,16,49,55,56,64,65,99,100,106" /><INIT seed="2,2,0,0,4,91" ten="136,395,185,284" oya="2" hai0="64,6,79,132,17,21,80,133,8,99,22,113,123" hai1="2,105,110,58,0,1,84,63,135,72,87,109,83" hai2="126,70,114,59,104,34,11,100,78,37,50,108,56" hai3="107,118,86,125,88,43,128,97,95,73,131,77,74"/><V117/><F114/><W55/><G55/><T27/><D113/><U10/><E105/><V35/><F117/><W124/><G43/><T42/><D123/><U41/><E41/><V3/><F37/><W14/><G14/><T46/><D64/><U115/><E115/><V40/><F70/><W103/><G118/><T12/><D22/><U24/><E135/><V26/><F126/><N who="3" m="48747" /><G77/><T127/><D99/><U101/><E101/><V51/><F78/><W62/><G62/><T18/><D127/><U57/><E24/><V19/><F100/><W68/><G68/><T31/><D133/><U54/><E10/><V23/><F104/><W48/><G48/><T102/><D102/><U44/><E44/><V129/><F129/><AGARI ba="2,0" hai="73,74,86,88,95,97,103,107,128,129,131" m="48747" machi="129" ten="30,12000,2" yaku="19,1,18,1,34,2,52,1,54,1" doraHai="91" who="3" fromWho="2" sc="136,0,395,0,185,-126,284,126" /><INIT seed="3,0,0,2,2,34" ten="136,395,59,410" oya="3" hai0="84,82,19,44,100,25,88,99,91,133,39,68,104" hai1="96,105,3,41,16,93,8,26,29,66,1,6,115" hai2="56,28,120,69,57,110,101,78,106,117,135,4,12" hai3="121,14,125,48,21,50,85,92,113,32,23,75,107"/><W109/><G113/><T103/><D133/><U7/><E115/><V122/><F117/><W124/><G121/><T81/><D68/><U31/><E105/><V95/><F69/><W83/><G107/><T77/><D103/><N who="1" m="60815" /><E3/><V2/><F106/><W114/><G114/><T97/><D97/><U35/><E41/><V59/><F78/><W98/><G32/><T47/><D39/><U38/><E38/><V9/><F135/><W58/><G75/><T54/><D54/><U0/><E1/><V123/><F110/><W5/><G109/><T17/><D91/><U76/><E0/><V71/><F71/><W108/><G108/><T61/><D61/><U119/><E35/><V126/><F126/><N who="3" m="48747" /><G58/><T89/><D89/><U37/><E37/><V94/><F101/><N who="3" m="60615" /><G21/><T11/><D44/><U67/><E119/><V46/><F46/><W86/><G86/><T36/><D25/><U128/><E76/><V79/><F79/><N who="3" m="46335" /><G23/><T18/><D47/><U111/><E111/><V102/><F102/><W74/><G74/><T33/><D36/><U64/><E128/><V80/><F80/><W49/><G49/><T22/><D33/><U132/><E132/><V42/><F42/><W90/><G90/><T52/><D88/><U87/><E87/><V118/><F118/><W72/><G72/><T20/><D84/><U43/><E43/><V62/><F28/><N who="1" m="10825" /><E26/><V63/><REACH who="2" step="1"/><F12/><AGARI ba="0,0" hai="6,7,8,12,16,64,66,67" m="10825,60815" machi="12" ten="30,2000,0" yaku="8,1,54,1" doraHai="34" who="1" fromWho="2" sc="136,0,395,20,59,-20,410,0" owari="136,-26.4,415,51.5,39,-46.1,410,21.0" /></mjloggm>