<mjloggm ver="2.3"><GO type="225" lobby="0"/><UN n0="%E3%82%BC%E3%83%AB%E3%83%80%E3%81%AE%E4%BC%9D%E8%AA%AC" n1="%E3%81%86%E3%81%A9%E3%82%93%E3%81%93" n2="%E5%8F%AF%E5%85%90%E9%82%A3%E7%94%B1%E5%A4%9A" n3="%E3%83%97%E3%83%AC%E3%83%B4%E3%82%A1%E3%83%86%E3%82%A3" dan="17,16,17,16" rate="2145.19,2170.70,2171.31,2119.97" sx="M,M,F,F"/><TAIKYOKU oya="0"/><INIT seed="0,0,0,0,1,79" ten="250,250,250,250" oya="0" hai0="21,94,51,130,103,95,69,72,92,12,80,71,96" hai1="28,104,22,107,81,127,40,91,41,23,35,120,39" hai2="52,32,48,3,0,135,54,109,97,134,77,114,14" hai3="11,102,19,133,74,65,75,67,63,123,82,38,132"/><T89/><D130/><U20/><E120/><V62/><F114/><W50/><G123/><T55/><D21/><U99/><E127/><V98/><F32/><W9/><G38/><T83/><D72/><U46/><E41/><V44/><F109/><W119/><G119/><T59/><D12/><U117/><E117/><V31/><F31/><W124/><G124/><T129/><D129/><U6/><E6/><V56/><F14/><W101/><G50/><T1/><D1/><U112/><E112/><V42/><F77/><W88/><G19/><T90/><D90/><U121/><E121/><V13/><F13/><W126/><G126/><T61/><D94/><U43/><E43/><V78/><F78/><W15/><G15/><T29/><D29/><U10/><E10/><V4/><F4/><W100/><G63/><T113/><D113/><U16/><E16/><V111/><F111/><W36/><G36/><T26/><D26/><U131/><E131/><V125/><F125/><W2/><G2/><N who="2" m="553" /><F42/><W33/><G33/><T57/><D71/><U76/><E91/><V105/><F105/><W18/><G18/><T85/><D69/><U73/><REACH who="1" step="1"/><E99/><REACH who="1" ten="250,240,250,250" step="2"/><V70/><F70/><W37/><G37/><T27/><D27/><AGARI ba="0,1" hai="20,22,23,27,28,35,39,40,46,73,76,81,104,107" machi="27" ten="40,8000,1" yaku="1,1,2,1,52,1,53,1" doraHai="79" doraHaiUra="30" who="1" fromWho="0" sc="250,-80,240,90,250,0,250,0" /><INIT seed="1,0,0,3,0,121" ten="170,330,250,250" oya="1" hai0="47,115,117,37,104,59,61,109,43,30,41,45,119" hai1="128,65,52,124,93,130,99,10,64,49,105,86,72" hai2="58,129,9,98,73,62,46,13,135,25,40,36,133" hai3="75,18,34,91,81,56,131,70,31,103,114,2,19"/><U110/><E72/><V123/><F123/><W29/><G114/><T126/><D104/><U1/><E86/><V84/><F73/><W79/><G70/><T67/><D30/><U55/><E105/><V33/><F129/><N who="1" m="49769" /><E124/><V66/><F84/><W38/><G131/><T23/><D23/><U125/><E125/><V111/><F98/><W14/><G38/><N who="0" m="21687" /><D126/><U69/><E69/><V16/><F111/><W53/><G2/><T74/><D74/><U48/><E110/><V118/><REACH who="2" step="1"/><F118/><REACH who="2" ten="170,330,240,250" step="2"/><N who="0" m="45066" /><D115/><U51/><E99/><V21/><F21/><W112/><G34/><T132/><D109/><U88/><E64/><V120/><F120/><W101/><G112/><T108/><D108/><U24/><E65/><V116/><F116/><W35/><G35/><T20/><D20/><U12/><E1/><V106/><F106/><W54/><G75/><T6/><D6/><U7/><E24/><V100/><F100/><W44/><G79/><T92/><D92/><U27/><E27/><V42/><F42/><W4/><G4/><T15/><D15/><U113/><E113/><V78/><F78/><W5/><G5/><T134/><AGARI ba="0,1" hai="37,43,47,59,61,67,132,134" m="45066,21687" machi="134" ten="30,2000,0" yaku="34,2" doraHai="121" who="0" fromWho="0" sc="170,30,330,-10,240,-5,250,-5" /><INIT seed="2,0,0,0,1,82" ten="200,320,235,245" oya="2" hai0="127,122,60,20,50,43,67,128,38,66,44,51,55" hai1="106,42,48,73,2,15,59,107,90,74,105,111,71" hai2="25,96,56,37,97,9,32,84,54,53,17,129,64" hai3="45,125,4,57,18,81,14,135,29,91,102,10,130"/><V85/><F37/><W36/><G130/><T68/><D20/><U61/><E2/><V78/><F129/><W101/><G135/><T133/><D128/><U11/><E111/><V49/><F64/><W13/><G125/><T80/><D127/><U118/><E71/><V76/><F32/><W58/><G29/><T72/><D133/><U52/><E118/><V121/><F121/><W0/><G36/><T23/><D122/><U5/><REACH who="1" step="1"/><E90/><REACH who="1" ten="200,310,235,245" step="2"/><V86/><F76/><W93/><G0/><T108/><D108/><U24/><E24/><V100/><F78/><W19/><G102/><T77/><D67/><U1/><E1/><V88/><F100/><W7/><G101/><T63/><REACH who="0" step="1"/><D23/><REACH who="0" ten="190,310,235,245" step="2"/><U22/><E22/><N who="2" m="13519" /><F88/><W98/><G91/><T21/><D21/><U123/><E123/><V69/><F69/><W117/><G117/><T87/><D87/><U33/><E33/><V89/><F89/><W132/><G132/><T27/><D27/><U126/><E126/><V28/><F28/><W114/><G98/><T39/><D39/><U46/><AGARI ba="0,2" hai="5,11,15,42,46,48,52,59,61,73,74,105,106,107" machi="46" ten="40,5200,0" yaku="1,1,0,1,54,1,53,0" doraHai="82" doraHaiUra="109" who="1" fromWho="1" sc="190,-13,310,72,235,-26,245,-13" /><INIT seed="3,0,0,3,0,47" ten="177,382,209,232" oya="3" hai0="53,74,34,130,23,69,78,54,58,124,8,13,76" hai1="37,127,67,112,24,65,17,32,132,92,119,20,95" hai2="43,121,125,0,62,89,123,4,117,31,131,108,90" hai3="116,111,79,38,39,114,9,48,1,81,46,52,135"/><W49/><G114/><T42/><D34/><U16/><E37/><V30/><F117/><W134/><G116/><T128/><D69/><U12/><E112/><V55/><F108/><W14/><G111/><T105/><D105/><U21/><E119/><V66/><F43/><N who="3" m="24671" /><G1/><T103/><D103/><U122/><E122/><N who="2" m="46603" /><F55/><W63/><G63/><T59/><D23/><U118/><E118/><V70/><F125/><W6/><G39/><T29/><D29/><N who="2" m="10762" /><F131/><N who="0" m="50218" /><D42/><U18/><E127/><V72/><F72/><W35/><G35/><T80/><D124/><U107/><E107/><V104/><F104/><W19/><G19/><N who="0" m="8615" /><D80/><U126/><E18/><V10/><AGARI ba="0,0" hai="0,4,10,62,66,70,89,90" m="10762,46603" machi="10" ten="30,1100,0" yaku="13,1" doraHai="47" who="2" fromWho="2" sc="177,-3,382,-3,209,11,232,-5" owari="174,-32.6,379,47.9,220,-18.0,227,2.7" /></mjloggm>