<mjloggm ver="2.3"><GO type="225" lobby="0"/><UN n0="%E5%8F%AF%E5%85%90%E9%82%A3%E7%94%B1%E5%A4%9A" n1="%45%6C%79%73%69%75%6D" n2="%63%68%78%62%64" n3="%6D%75%75%6D%75%72%61" dan="16,17,16,17" rate="2203.23,2116.39,2138.38,2145.07" sx="F,F,M,F"/><TAIKYOKU oya="0"/><INIT seed="0,0,0,2,1,25" ten="250,250,250,250" oya="0" hai0="125,92,20,6,74,89,105,127,98,131,78,123,91" hai1="111,44,28,85,108,31,53,70,49,115,7,33,133" hai2="83,15,130,47,72,54,120,43,34,113,104,109,93" hai3="119,40,38,60,101,8,126,132,39,75,36,46,96"/><T81/><D6/><U102/><E70/><V97/><F113/><W107/><G119/><T57/><D20/><U27/><E115/><V122/><F104/><W66/><G126/><N who="0" m="48139" /><D57/><U69/><E69/><V80/><F34/><W99/><G132/><T68/><D68/><U94/><E133/><V95/><F109/><N who="1" m="42057" /><E7/><V26/><F130/><W1/><G1/><T63/><D63/><U45/><E45/><V129/><F54/><W118/><G118/><T55/><D55/><U110/><E110/><V134/><F72/><W117/><G8/><T64/><D64/><U51/><E51/><V35/><F134/><W24/><G117/><T56/><D56/><U86/><E31/><V21/><F129/><W32/><G75/><T16/><D131/><U48/><E48/><V22/><F47/><W121/><G121/><T73/><D123/><U58/><E58/><V12/><F122/><W4/><G4/><T88/><D73/><U84/><E102/><V62/><F62/><W100/><G60/><T29/><D29/><U67/><E67/><V2/><F43/><W128/><G66/><T18/><D105/><U37/><E37/><V19/><F19/><AGARI ba="0,0" hai="16,18,19,74,78,81,88,89,91,92,98" m="48139" machi="19" ten="30,5800,0" yaku="18,1,54,2" doraHai="25" who="0" fromWho="2" sc="250,58,250,0,250,-58,250,0" /><INIT seed="0,1,0,4,3,63" ten="308,250,192,250" oya="0" hai0="100,112,41,39,54,44,80,126,108,101,49,42,131" hai1="22,105,38,115,7,134,6,14,48,61,36,76,12" hai2="99,86,40,11,117,58,79,56,102,106,116,110,107" hai3="84,17,18,67,26,90,37,70,113,3,66,125,51"/><T15/><D112/><U31/><E105/><V94/><F40/><W53/><G37/><T88/><D126/><U20/><E48/><V132/><F11/><W59/><G113/><T103/><D131/><U98/><E98/><V72/><F110/><W127/><G70/><T35/><D35/><U69/><E61/><V124/><F124/><N who="3" m="47691" /><G3/><T50/><D39/><U96/><E96/><N who="2" m="61767" /><F56/><W29/><G17/><T25/><D108/><U13/><E13/><V16/><F16/><W52/><G18/><T135/><D135/><U45/><E45/><V74/><F58/><W19/><G19/><T60/><D60/><U1/><E134/><V30/><F30/><W89/><G53/><N who="0" m="29863" /><D25/><U47/><E115/><V75/><F107/><W85/><G85/><N who="0" m="50215" /><D15/><U62/><E62/><V73/><N who="2" m="18432" /><DORA hai="93" /><V64/><F64/><N who="3" m="24619" /><G84/><T120/><D41/><U121/><E69/><V104/><F132/><W130/><G130/><T0/><D42/><U122/><E1/><V87/><F104/><W91/><G90/><T71/><D71/><U78/><E31/><V95/><F95/><W92/><G92/><T57/><D0/><U33/><E38/><V43/><F43/><W97/><G97/><T10/><D10/><U28/><E36/><V9/><F9/><W109/><G109/><T119/><D101/><U4/><E28/><V8/><F8/><W65/><N who="3" m="24627" /><W55/><DORA hai="68" /><G55/><T27/><D103/><U128/><E128/><V123/><F123/><W2/><G2/><T34/><D100/><U111/><E121/><V46/><F86/><W82/><G82/><T24/><D120/><RYUUKYOKU ba="1,0" sc="308,-10,250,-10,192,-10,250,30" hai3="26,29,51,52,59,89,91" /><INIT seed="1,2,0,0,2,18" ten="298,240,182,280" oya="1" hai0="92,96,29,132,34,79,7,72,112,48,121,19,12" hai1="51,87,61,0,127,126,3,45,94,4,10,84,106" hai2="1,52,99,124,14,70,102,65,17,91,86,114,55" hai3="133,39,130,50,100,78,49,56,116,93,68,115,13"/><U33/><E106/><V58/><F1/><W109/><G115/><T118/><D112/><U128/><E33/><V98/><F70/><W54/><G68/><T134/><D118/><U82/><E128/><V104/><F124/><N who="1" m="47657" /><E61/><V74/><F99/><W97/><G39/><T90/><D121/><U73/><E0/><V31/><F74/><W129/><G109/><T131/><D131/><U103/><E103/><V35/><F114/><W47/><G116/><T8/><D29/><U5/><E5/><V27/><F65/><W71/><G71/><T76/><D34/><U75/><E94/><V107/><F107/><W85/><G133/><N who="0" m="51307" /><D72/><N who="1" m="27723" /><E82/><V38/><F38/><W44/><G129/><T37/><D37/><U20/><E20/><V2/><F2/><W122/><G122/><T43/><D7/><U60/><E60/><V32/><F32/><W11/><G130/><T15/><D15/><U81/><E81/><V21/><REACH who="2" step="1"/><F58/><REACH who="2" ten="298,240,172,280" step="2"/><W30/><G56/><T46/><AGARI ba="2,1" hai="8,12,19,43,46,48,76,79,90,92,96" m="51307" machi="46" ten="30,1100,0" yaku="20,1" doraHai="18" who="0" fromWho="0" sc="298,27,240,-7,172,-5,280,-5" /><INIT seed="2,0,0,3,2,38" ten="325,233,167,275" oya="2" hai0="23,7,4,48,111,80,130,94,18,49,107,121,57" hai1="93,116,45,52,42,71,105,127,114,77,22,5,32" hai2="9,0,83,102,54,78,123,34,26,21,108,3,20" hai3="53,6,100,14,126,109,131,92,8,13,1,11,40"/><V88/><F123/><W66/><G109/><T104/><D121/><U51/><E105/><V128/><F128/><W117/><G131/><T115/><D130/><U89/><E32/><V64/><F108/><W44/><G117/><T81/><D111/><U33/><E33/><V99/><F64/><W24/><G126/><T76/><D115/><U134/><E116/><V98/><F34/><W17/><G66/><T125/><D125/><U69/><E127/><V55/><F9/><W10/><G24/><T118/><D118/><U124/><E114/><V65/><F65/><W73/><G73/><T101/><D104/><U72/><E134/><V79/><F26/><W30/><G30/><T36/><D36/><U41/><E124/><V62/><F62/><W97/><G53/><N who="0" m="31911" /><D107/><U85/><E5/><N who="0" m="2121" /><D76/><U58/><E72/><V50/><F50/><N who="3" m="26887" /><G1/><T87/><D49/><N who="1" m="30991" /><E69/><V68/><F68/><W39/><G39/><T25/><D87/><N who="1" m="52415" /><E22/><AGARI ba="0,0" hai="6,8,10,11,13,14,17,22,92,97,100" m="26887" machi="22" ten="30,2000,0" yaku="8,1,52,1" doraHai="38" who="3" fromWho="1" sc="325,0,233,-20,167,0,275,20" /><INIT seed="3,0,0,4,3,72" ten="325,213,167,295" oya="3" hai0="127,3,43,117,22,110,92,31,116,25,129,90,78" hai1="124,57,65,27,98,105,28,87,17,108,85,112,10" hai2="93,95,46,111,68,15,84,47,77,130,132,69,100" hai3="55,64,42,71,24,125,121,6,53,107,83,30,34"/><W76/><G121/><T59/><D3/><U120/><E120/><V35/><F111/><W94/><G107/><T38/><D78/><U32/><E112/><V113/><F113/><W16/><G125/><T135/><D110/><U8/><E108/><V99/><F35/><W114/><G114/><T109/><D109/><U9/><E124/><V21/><F132/><W133/><G133/><T39/><D135/><U79/><E17/><V74/><F74/><W80/><G6/><T66/><D127/><U86/><E105/><V1/><F1/><W56/><G42/><T63/><D129/><U102/><E102/><V7/><F130/><W81/><G94/><T54/><D66/><U67/><E98/><V123/><F123/><W23/><G71/><T49/><D49/><U96/><E96/><V134/><F134/><W40/><G40/><T51/><D51/><U60/><REACH who="1" step="1"/><E65/><REACH who="1" ten="325,203,167,295" step="2"/><V52/><F69/><W20/><G64/><T106/><D106/><U36/><E36/><V45/><F68/><W13/><G34/><T82/><D38/><U62/><E62/><V75/><F75/><W103/><G103/><T2/><D39/><U4/><E4/><V26/><F52/><N who="3" m="20043" /><G56/><T14/><D43/><U11/><N who="1" m="2048" /><DORA hai="48" /><U91/><E91/><N who="2" m="53479" /><F7/><W115/><G115/><T0/><D59/><U18/><E18/><N who="2" m="12599" /><F15/><W88/><G88/><T126/><D14/><U29/><E29/><V44/><N who="2" m="11264" /><DORA hai="118" /><V131/><F131/><W104/><G104/><T122/><D122/><U70/><E70/><V119/><F119/><N who="0" m="45642" /><D126/><U73/><E73/><V58/><F58/><W5/><G5/><RYUUKYOKU ba="0,1" sc="325,-30,203,10,167,10,295,10" hai1="27,28,32,57,60,67,79,85,86,87" hai2="77,95,99,100" hai3="13,16,20,23,24,30,76,80,81,83" owari="295,9.5,213,-18.7,177,-32.3,315,41.5" /></mjloggm>