<mjloggm ver="2.3"><GO type="225" lobby="0"/><UN n0="%E8%A8%88%E7%AE%97%E6%A9%9F%E8%87%AA%E7%84%B6" n1="%E3%81%A1%E3%82%85%E3%81%86%E3%81%A9%E3%81%8F%E8%B1%A1%E3%81%95%E3%82%93" n2="%E3%81%99%E3%81%84%E3%81%BE%E3%81%9B%E3%83%BC%E3%82%93" n3="%72%69%6F%75%63%68%61%6E" dan="17,17,16,17" rate="2176.28,2128.09,2154.34,2237.67" sx="M,M,M,M"/><TAIKYOKU oya="0"/><INIT seed="0,0,0,5,3,88" ten="250,250,250,250" oya="0" hai0="15,126,104,105,87,112,120,20,24,23,32,51,17" hai1="100,2,65,4,116,82,58,64,129,97,84,117,59" hai2="6,27,1,79,7,89,93,10,36,46,91,108,21" hai3="34,26,77,73,40,41,39,131,19,48,71,29,0"/><T67/><D112/><U22/><E129/><V52/><F108/><W94/><G131/><T111/><D120/><U122/><E122/><V28/><F7/><W37/><G71/><T132/><D32/><U102/><E4/><V50/><F79/><W3/><G48/><T123/><D123/><U95/><E2/><V62/><F36/><W85/><G73/><T18/><D126/><U11/><E11/><V63/><REACH who="2" step="1"/><F89/><REACH who="2" ten="250,250,240,250" step="2"/><W47/><G37/><T110/><D111/><U115/><E115/><V38/><F38/><W45/><G77/><T113/><D113/><U135/><E117/><V54/><F54/><W8/><G39/><T96/><D110/><U69/><E116/><V90/><F90/><N who="3" m="53583" /><G0/><T9/><D87/><AGARI ba="0,1" hai="1,6,10,21,27,28,46,50,52,62,63,87,91,93" machi="87" ten="30,8000,1" yaku="1,1,7,1,52,1,54,1,53,1" doraHai="88" doraHaiUra="25" who="2" fromWho="0" sc="250,-80,250,0,240,90,250,0" /><INIT seed="1,0,0,2,4,75" ten="170,250,330,250" oya="1" hai0="126,44,84,108,35,28,6,72,23,43,73,66,47" hai1="61,41,82,3,37,131,0,36,112,94,78,86,10" hai2="13,110,85,59,101,51,81,124,123,134,132,58,91" hai3="116,8,12,5,129,9,77,60,30,121,7,15,32"/><U4/><E112/><V11/><F123/><W79/><G121/><T127/><D35/><U118/><E118/><V22/><F110/><W83/><G116/><T17/><D28/><U68/><E131/><V128/><F128/><W133/><G129/><T57/><D6/><U92/><E0/><V74/><F124/><N who="0" m="47658" /><D108/><U93/><REACH who="1" step="1"/><E41/><REACH who="1" ten="170,240,330,250" step="2"/><V40/><F40/><W2/><G2/><T111/><D111/><U19/><E19/><V16/><F16/><W45/><G133/><T104/><D43/><U103/><E103/><V1/><F101/><W14/><G5/><T50/><D17/><U25/><E25/><V87/><F1/><W55/><G7/><T46/><D46/><U114/><E114/><V39/><F134/><W33/><G45/><T48/><D44/><U107/><E107/><V56/><F132/><W119/><G119/><T24/><D104/><U54/><E54/><V88/><F13/><W98/><G14/><T89/><D47/><U34/><E34/><V31/><F31/><W130/><G130/><T20/><D24/><U62/><E62/><V100/><F100/><W64/><G30/><T63/><D48/><U97/><E97/><V80/><F51/><W105/><G98/><T125/><D50/><U49/><E49/><V18/><F18/><W135/><G105/><T65/><D125/><U120/><E120/><V102/><F102/><W95/><G135/><T113/><D113/><U90/><E90/><V117/><F117/><W122/><G122/><T38/><D89/><U115/><E115/><V106/><F106/><W52/><G12/><T42/><D42/><RYUUKYOKU ba="0,1" sc="170,-10,240,30,330,-10,250,-10" hai1="3,4,10,36,37,61,68,78,82,86,92,93,94" /><INIT seed="1,1,1,0,4,83" ten="160,270,320,240" oya="1" hai0="89,73,119,85,107,6,13,35,47,27,18,135,23" hai1="21,126,46,134,88,58,61,2,33,5,101,48,1" hai2="44,127,67,10,62,109,31,113,45,26,98,68,66" hai3="16,8,52,54,97,38,133,49,65,59,129,112,87"/><U120/><E120/><V39/><F109/><W118/><G112/><T75/><D119/><U20/><E33/><V77/><F113/><W0/><G118/><T29/><D135/><U92/><E134/><V28/><F127/><W9/><G133/><T25/><D107/><U106/><E126/><V36/><F67/><W56/><G38/><T94/><REACH who="0" step="1"/><D47/><REACH who="0" ten="150,270,320,240" step="2"/><U40/><E106/><V34/><F45/><W99/><G129/><T132/><D132/><U4/><E1/><V14/><F44/><W72/><G72/><T117/><D117/><U22/><E2/><V57/><F39/><W63/><G0/><T55/><D55/><N who="1" m="34015" /><E101/><V82/><F36/><W43/><G43/><T121/><D121/><U79/><E79/><V128/><F77/><W81/><G54/><T115/><D115/><U110/><E110/><V51/><F128/><W7/><G7/><T104/><D104/><U50/><E50/><V37/><F51/><W70/><G70/><T111/><D111/><U60/><E60/><V93/><F62/><W78/><G8/><AGARI ba="1,2" hai="6,8,13,18,23,25,27,29,35,73,75,85,89,94" machi="8" ten="40,5200,0" yaku="1,1,52,1,53,1" doraHai="83" doraHaiUra="84" who="0" fromWho="3" sc="150,75,270,0,320,0,240,-55" /><INIT seed="2,0,0,0,2,67" ten="225,270,320,185" oya="2" hai0="52,113,46,50,121,69,101,23,79,43,107,98,117" hai1="126,123,100,53,82,40,108,110,11,60,48,124,31" hai2="92,21,91,133,64,109,89,105,83,65,38,29,47" hai3="93,90,24,96,30,134,118,88,37,95,115,18,42"/><V12/><F105/><W51/><G37/><T72/><D121/><U120/><E100/><V125/><F125/><N who="1" m="48233" /><E31/><V70/><F133/><W39/><G39/><T16/><D113/><U112/><E82/><V35/><F83/><W17/><G118/><T119/><D79/><U73/><E73/><V71/><F35/><W6/><G134/><T132/><D72/><U0/><E0/><V75/><F75/><W1/><G115/><T20/><D132/><U3/><E3/><V104/><F104/><W63/><G63/><T85/><D85/><U87/><E87/><V8/><F29/><W49/><G42/><T2/><D2/><U19/><E19/><V14/><F21/><W56/><G51/><T74/><D74/><U102/><E11/><V26/><F8/><W27/><G6/><T55/><D20/><U15/><E15/><V32/><F14/><W135/><G1/><T131/><D69/><U106/><E112/><V41/><F71/><W59/><G135/><T86/><D86/><U129/><E129/><V57/><F70/><W61/><G49/><T77/><D77/><U103/><E60/><V68/><F32/><W128/><G128/><T34/><D34/><U45/><E40/><V62/><F62/><W78/><G78/><T7/><D7/><U80/><E80/><V111/><F41/><W114/><G114/><T97/><D97/><N who="1" m="61775" /><E103/><V36/><F36/><W99/><G61/><T127/><D131/><U4/><E4/><V81/><F38/><W94/><G94/><N who="0" m="58583" /><D127/><U25/><E25/><V9/><F26/><W44/><G30/><T5/><D5/><RYUUKYOKU ba="0,0" sc="225,-15,270,15,320,-15,185,15" hai1="45,48,53,108,110,120,123" hai3="17,18,24,27,44,56,59,88,90,93,95,96,99" /><INIT seed="3,1,0,2,0,6" ten="210,285,305,200" oya="3" hai0="24,21,112,132,72,71,101,86,9,81,93,98,77" hai1="38,129,59,103,56,66,100,108,95,29,120,65,20" hai2="92,85,32,63,105,130,41,111,91,28,27,67,46" hai3="117,88,115,109,64,14,82,44,53,7,124,126,110"/><W26/><G115/><T0/><D112/><U30/><E120/><V102/><F111/><N who="3" m="42507" /><G117/><T121/><D121/><U62/><E108/><V125/><F130/><W70/><G26/><T87/><D71/><U74/><E74/><V106/><F102/><N who="1" m="38953" /><E38/><V43/><F43/><W33/><G33/><T12/><D0/><U49/><E129/><V3/><F3/><W10/><G53/><T25/><D132/><U47/><E95/><V99/><F99/><W104/><G104/><T128/><D128/><U37/><E37/><V16/><F125/><N who="3" m="48235" /><G44/><T79/><D79/><U48/><E47/><V97/><F97/><W34/><G34/><T122/><D122/><U89/><E29/><V75/><F46/><W69/><G64/><T2/><D2/><U131/><E131/><V78/><F106/><W135/><G135/><T54/><D54/><U118/><E118/><V39/><F105/><W114/><G114/><T134/><D134/><U55/><E66/><V36/><F67/><W4/><G4/><T13/><D13/><U127/><E127/><V45/><F32/><W8/><G8/><T22/><D24/><N who="1" m="16647" /><E48/><V31/><F27/><W51/><G51/><T52/><D52/><U73/><E73/><V96/><F39/><W42/><G42/><T94/><D25/><U18/><E18/><V76/><F16/><W107/><G107/><T19/><D72/><U83/><E65/><V68/><F75/><W1/><G1/><T15/><D15/><U60/><E56/><V35/><F35/><W80/><G80/><T50/><D50/><U123/><E123/><V23/><F36/><RYUUKYOKU ba="1,0" sc="210,10,285,10,305,-30,200,10" hai0="9,12,19,21,22,77,81,86,87,93,94,98,101" hai1="49,55,59,60,62,83,89" hai3="7,10,14,69,70,82,88" /><INIT seed="3,2,0,1,4,54" ten="220,295,275,210" oya="3" hai0="107,48,63,64,62,43,93,109,98,117,128,44,92" hai1="60,119,46,3,103,4,1,13,72,38,113,12,41" hai2="112,26,118,39,24,30,108,22,126,89,52,75,122" hai3="55,133,59,124,37,131,25,97,31,61,132,21,45"/><W99/><G124/><T87/><D117/><U95/><E113/><V8/><F112/><W77/><G131/><T120/><D120/><U28/><E72/><V7/><F108/><W84/><G77/><T67/><D109/><U2/><E119/><V51/><F122/><W125/><G125/><T5/><D128/><U66/><E28/><V81/><F126/><W0/><G0/><T50/><D107/><U100/><E95/><V88/><F39/><W91/><G37/><T134/><D134/><N who="3" m="51817" /><G45/><T57/><D5/><U70/><REACH who="1" step="1"/><E12/><REACH who="1" ten="220,285,275,210" step="2"/><V116/><F75/><W11/><G11/><AGARI ba="2,1" hai="1,2,3,4,11,13,38,41,46,60,66,70,100,103" machi="11" ten="40,2600,0" yaku="1,1,2,1,53,0" doraHai="54" doraHaiUra="110" who="1" fromWho="3" sc="220,0,285,42,275,0,210,-32" owari="220,-18.0,327,42.7,275,7.5,178,-32.2" /></mjloggm>