<mjloggm ver="2.3"><GO type="225" lobby="0"/><UN n0="%E5%B8%86%E7%AB%8B%E5%A4%8F%E8%A1%A3" n1="%E3%83%97%E3%83%AC%E3%83%B4%E3%82%A1%E3%83%86%E3%82%A3" n2="%E3%81%BE%E3%81%8B%E3%81%B7%E3%82%93" n3="%E3%81%82%E3%80%81%E8%B2%A0%E3%81%91%E3%81%BE%E3%81%97%E3%81%9F" dan="16,16,16,16" rate="2116.13,2055.19,2115.34,2142.50" sx="M,F,M,M"/><TAIKYOKU oya="0"/><INIT seed="0,0,0,4,2,77" ten="250,250,250,250" oya="0" hai0="107,110,22,117,21,37,99,33,34,78,52,102,12" hai1="124,130,88,134,59,44,86,74,96,72,114,23,50" hai2="42,17,84,121,56,49,82,126,79,132,67,1,3" hai3="71,61,39,11,116,28,35,118,14,41,73,5,47"/><T95/><D117/><U120/><E120/><V69/><F121/><W30/><G30/><T57/><D37/><U18/><E114/><V54/><F132/><W135/><G135/><T43/><D43/><U20/><E134/><V9/><F126/><W123/><G123/><T115/><D115/><U38/><E130/><V13/><REACH who="2" step="1"/><F42/><REACH who="2" ten="250,250,240,250" step="2"/><W133/><G133/><T105/><D110/><U53/><E124/><V108/><F108/><W55/><G118/><T46/><D46/><U101/><E44/><V40/><F40/><W6/><G116/><T19/><D78/><U4/><E38/><V66/><F66/><W93/><G39/><T2/><D2/><U51/><E51/><V15/><F15/><W92/><G41/><T80/><D22/><U63/><E23/><V27/><F27/><W81/><G14/><T62/><REACH who="0" step="1"/><D80/><REACH who="0" ten="240,250,240,250" step="2"/><U76/><E76/><V111/><F111/><W89/><G81/><T8/><D8/><U129/><E129/><V60/><AGARI ba="0,2" hai="1,3,9,13,17,49,54,56,60,67,69,79,82,84" machi="60" ten="30,7900,0" yaku="1,1,0,1,52,1,53,1" doraHai="77" doraHaiUra="64" who="2" fromWho="2" sc="240,-39,250,-20,240,99,250,-20" /><INIT seed="1,0,0,4,4,0" ten="201,230,339,230" oya="1" hai0="11,49,95,64,87,65,16,109,27,96,56,108,57" hai1="83,58,114,38,63,85,105,30,68,92,34,39,45" hai2="37,101,74,8,75,99,5,126,18,52,42,94,35" hai3="80,121,100,73,55,51,62,104,46,24,28,106,115"/><U21/><E114/><V88/><F35/><W50/><G121/><T13/><D87/><U70/><E105/><V69/><F69/><W32/><G115/><T130/><D130/><U14/><E92/><V9/><F126/><W124/><G124/><T40/><D109/><U125/><E125/><V127/><F127/><W120/><G120/><T128/><D128/><U134/><E134/><V131/><F131/><W135/><G135/><T112/><D112/><U1/><E1/><V84/><F18/><W6/><G51/><T33/><D108/><U119/><E119/><V7/><F37/><W59/><G100/><T2/><D2/><U26/><E39/><V111/><F42/><W91/><G6/><N who="2" m="2057" /><F74/><W12/><G12/><T53/><D40/><U133/><E133/><V23/><F75/><W97/><G97/><T122/><D122/><U116/><E116/><V61/><F23/><W103/><G103/><T4/><D56/><U89/><E38/><V54/><F111/><W113/><G113/><T129/><D129/><U82/><E45/><V48/><F61/><W31/><G31/><T132/><D132/><U20/><E34/><V90/><F54/><W71/><G71/><T77/><D33/><U22/><E70/><V29/><F29/><W118/><G118/><T15/><D27/><U67/><E68/><V123/><F123/><W66/><G73/><T44/><D44/><U72/><E14/><V25/><F25/><BYE who="2" /><W41/><G41/><T43/><D77/><U98/><E98/><V110/><F110/><W81/><G81/><N who="1" m="30730" /><E72/><V117/><F117/><W10/><G10/><RYUUKYOKU ba="0,0" sc="201,-15,230,15,339,-15,230,15" hai1="20,21,22,26,30,58,63,67,85,89" hai3="24,28,32,46,50,55,59,62,66,80,91,104,106" /><INIT seed="1,1,0,1,2,73" ten="186,245,324,245" oya="1" hai0="87,123,124,109,66,21,24,26,111,125,13,119,53" hai1="15,42,17,86,79,56,75,9,2,39,91,85,74" hai2="78,110,129,114,65,90,105,27,115,77,18,3,113" hai3="81,134,49,7,48,10,0,8,131,62,29,19,70"/><U59/><E2/><V38/><F38/><W99/><G131/><UN n2="%E3%81%BE%E3%81%8B%E3%81%B7%E3%82%93" /><T63/><D53/><U122/><E122/><V121/><F121/><W41/><G134/><T60/><D123/><U64/><E39/><V16/><F3/><W88/><G29/><T20/><D63/><U117/><E117/><V14/><F129/><W44/><G10/><T72/><D72/><U104/><E42/><V4/><F110/><N who="0" m="41994" /><D60/><U32/><E32/><V71/><F105/><W43/><G19/><N who="2" m="7209" /><F27/><N who="0" m="10282" /><D87/><U80/><E104/><V118/><F118/><W128/><G128/><T116/><D66/><U54/><E64/><V35/><F35/><W23/><G23/><N who="0" m="8779" /><D13/><U106/><E106/><V127/><F65/><W51/><G62/><T132/><D132/><U1/><E59/><V36/><F71/><W112/><G70/><T30/><D30/><U11/><E74/><V92/><F36/><W55/><G43/><T84/><D84/><U33/><E75/><V120/><F120/><W45/><G49/><T57/><D57/><U133/><E133/><V46/><F46/><W28/><G28/><T89/><D89/><U52/><E33/><V108/><F108/><W83/><G48/><T58/><D58/><U98/><E56/><V100/><F100/><W6/><G45/><T96/><D96/><U37/><E98/><N who="2" m="57623" /><F127/><AGARI ba="1,0" hai="116,119,124,125,127" m="8779,10282,41994" machi="127" ten="40,12000,2" yaku="28,2,18,1,14,1,34,2" doraHai="73" who="0" fromWho="2" sc="186,123,245,0,324,-123,245,0" /><INIT seed="2,0,0,0,5,87" ten="309,245,201,245" oya="2" hai0="81,95,39,99,108,104,117,38,32,9,44,97,114" hai1="13,96,98,118,107,90,33,36,133,82,26,19,24" hai2="45,23,77,4,47,123,5,126,53,20,56,15,10" hai3="85,130,37,51,115,84,52,68,25,94,88,92,75"/><V62/><F123/><W12/><G37/><T40/><D114/><U42/><E118/><V0/><F126/><W110/><G110/><T132/><D108/><U17/><E133/><V7/><F77/><W91/><G130/><T134/><D32/><U14/><E36/><V111/><F111/><W67/><G115/><T93/><D117/><U109/><E42/><V124/><F124/><W128/><G128/><T105/><D81/><U64/><E109/><V89/><F0/><W50/><G75/><T106/><D9/><U80/><E33/><V6/><REACH who="2" step="1"/><F89/><REACH who="2" ten="309,245,191,245" step="2"/><W102/><G102/><T135/><D135/><U35/><E35/><V58/><F58/><W8/><G25/><T103/><D134/><U127/><E127/><V63/><F63/><W66/><G68/><T120/><D132/><U1/><E1/><V83/><F83/><W79/><G79/><T41/><D120/><U61/><E90/><V76/><F76/><W112/><G112/><T74/><D103/><U86/><E61/><V101/><F101/><W65/><G52/><T116/><D116/><U100/><E100/><V30/><F30/><W78/><G78/><T125/><D125/><U46/><E46/><AGARI ba="0,1" hai="4,5,6,7,10,15,20,23,45,46,47,53,56,62" machi="46" ten="40,3900,0" yaku="1,1,8,1,53,0" doraHai="87" doraHaiUra="71" who="2" fromWho="1" sc="309,0,245,-39,191,49,245,0" /><INIT seed="2,1,0,0,1,85" ten="309,206,240,245" oya="2" hai0="106,51,16,6,32,36,30,56,126,92,29,41,73" hai1="20,130,52,108,46,54,107,25,64,90,72,135,110" hai2="115,61,4,100,3,11,97,86,89,63,65,9,53" hai3="77,82,132,118,55,79,34,7,116,43,71,99,102"/><V134/><F134/><W48/><G71/><T127/><D106/><U10/><E107/><V38/><F115/><W98/><G34/><T120/><D120/><U21/><E72/><V83/><F38/><W101/><G43/><T58/><D73/><U121/><E135/><V8/><F53/><N who="1" m="20585" /><E46/><V131/><F131/><W70/><G70/><T88/><D36/><U37/><E37/><V0/><F0/><W80/><G7/><T24/><D6/><U5/><E64/><V112/><F112/><W113/><G48/><T84/><D30/><U129/><E121/><V67/><F67/><W87/><G55/><T45/><D58/><U62/><E62/><V1/><F1/><W95/><G113/><T105/><D105/><U57/><E57/><V22/><F22/><N who="1" m="8809" /><E25/><V39/><F39/><W128/><G132/><T125/><D56/><U117/><E117/><V40/><F40/><W50/><G50/><T19/><AGARI ba="1,0" hai="16,19,24,29,32,41,45,51,84,88,92,125,126,127" machi="19" ten="40,8000,1" yaku="0,1,18,1,52,1,54,2" doraHai="85" who="0" fromWho="0" sc="309,83,206,-21,240,-41,245,-21" /><INIT seed="3,0,0,4,1,10" ten="392,185,199,224" oya="3" hai0="20,95,78,42,63,56,24,113,15,61,19,25,52" hai1="8,130,17,123,121,58,124,129,31,77,99,66,22" hai2="93,100,87,39,114,67,135,74,7,16,92,122,85" hai3="64,108,38,27,117,60,3,18,131,81,104,84,119"/><W46/><G104/><T62/><D113/><U105/><E77/><V43/><F114/><W54/><G3/><T86/><D42/><U90/><E31/><V1/><F74/><W9/><G131/><N who="1" m="50186" /><E8/><N who="2" m="2159" /><F67/><W48/><G38/><T132/><D132/><U106/><E66/><V125/><F43/><W34/><G34/><T33/><D33/><U98/><E58/><V111/><F39/><W12/><G27/><N who="0" m="10315" /><D95/><N who="2" m="36426" /><F100/><W41/><G108/><T96/><D96/><N who="1" m="36907" /><E90/><V82/><F16/><W36/><G41/><T75/><D75/><U26/><E124/><V13/><F13/><W126/><G36/><T2/><D2/><U128/><N who="1" m="50194" /><U32/><DORA hai="59" /><E32/><V44/><F44/><W101/><G101/><T45/><D45/><U40/><E40/><V103/><F103/><W28/><G28/><T73/><D73/><U53/><E53/><V30/><F30/><W50/><G126/><T68/><D68/><U118/><E118/><V72/><F125/><W107/><G48/><T116/><D116/><U110/><E110/><V6/><F111/><W5/><G107/><N who="1" m="40970" /><E26/><V29/><F29/><W115/><G115/><T57/><D57/><U133/><E133/><V37/><F37/><W71/><G5/><T47/><D47/><U94/><E94/><V89/><F135/><W14/><G14/><T11/><D11/><U23/><E17/><V83/><F122/><AGARI ba="0,0" hai="22,23,121,122,123" m="40970,36907,50194" machi="122" ten="50,6400,0" yaku="28,2,19,1" doraHai="10,59" who="1" fromWho="2" sc="392,0,185,64,199,-64,224,0" owari="392,49.2,249,4.9,135,-36.5,224,-17.6" /></mjloggm>