<mjloggm ver="2.3"><GO type="225" lobby="0"/><UN n0="%47%48%4F%53%54" n1="%E3%82%BC%E3%83%AB%E3%83%80%E3%81%AE%E4%BC%9D%E8%AA%AC" n2="%E3%82%B2%E3%82%B9%E8%8C%82%E5%8B%9D" n3="%E7%99%BD%E9%9B%AA%E4%B9%83%E6%84%9B" dan="17,17,16,16" rate="2235.78,2196.91,2044.87,2092.53" sx="M,M,F,F"/><TAIKYOKU oya="0"/><INIT seed="0,0,0,4,3,114" ten="250,250,250,250" oya="0" hai0="46,45,41,7,90,110,113,76,93,86,38,117,129" hai1="44,69,89,39,52,109,107,21,64,37,106,50,83" hai2="25,32,71,72,53,101,63,88,133,40,84,132,70" hai3="77,92,75,111,102,121,78,57,43,59,60,34,2"/><T130/><D113/><U104/><E109/><V16/><F72/><W48/><G111/><T42/><D110/><U12/><E64/><V11/><F101/><W122/><G34/><T23/><D7/><U124/><E124/><V61/><F40/><W26/><G2/><T67/><D67/><U105/><E69/><V55/><F32/><W51/><G26/><T47/><D76/><U36/><N who="1" m="26624" /><DORA hai="99" /><U97/><E97/><V96/><F96/><N who="3" m="59655" /><G75/><T1/><D1/><U30/><E30/><V58/><F25/><W118/><G118/><T81/><D117/><U0/><E0/><V100/><F100/><W8/><G8/><T4/><D4/><U20/><REACH who="1" step="1"/><E12/><REACH who="1" ten="250,240,250,250" step="2"/><V6/><F70/><W62/><G122/><T3/><D3/><U54/><E54/><V112/><F71/><W74/><G121/><T125/><D125/><U91/><E91/><V17/><F112/><W29/><G29/><T35/><D42/><U82/><E82/><V49/><F53/><N who="3" m="33903" /><G43/><T56/><D41/><U116/><E116/><V73/><F55/><N who="3" m="34111" /><G74/><T80/><D38/><U13/><E13/><V135/><F73/><W128/><G128/><T10/><D130/><U95/><E95/><V24/><F132/><W18/><G18/><T98/><D93/><U65/><E65/><V9/><F133/><W131/><G131/><T115/><D129/><U94/><E94/><V15/><F17/><W19/><G19/><T28/><D115/><U66/><E66/><V33/><F16/><W79/><AGARI ba="0,1" hai="48,51,77,78,79" m="34111,33903,59655" machi="79" ten="30,2000,0" yaku="8,1,52,1" doraHai="114,99" who="3" fromWho="3" sc="250,-10,240,-5,250,-5,250,30" /><INIT seed="1,0,0,3,1,60" ten="240,235,245,280" oya="1" hai0="92,52,126,87,116,79,111,8,13,17,91,89,19" hai1="39,48,7,127,45,36,129,22,96,132,28,23,108" hai2="43,16,64,66,10,130,14,107,95,118,32,76,65" hai3="82,4,121,31,72,109,63,58,83,117,21,33,51"/><U69/><E127/><V84/><F118/><W40/><G121/><T50/><D111/><U55/><E108/><V44/><F107/><W110/><G33/><T134/><D134/><U106/><E132/><V67/><F130/><W71/><G117/><T12/><D126/><U100/><E129/><V54/><F32/><W25/><G4/><T37/><D37/><U26/><E69/><V75/><F75/><W124/><G124/><T78/><D91/><U49/><E7/><V35/><F35/><W68/><G110/><T61/><D61/><U133/><E133/><V29/><F29/><W128/><G128/><T27/><D27/><U85/><E22/><V24/><F24/><W70/><G72/><T120/><D120/><U99/><E85/><V97/><F54/><W38/><G38/><T11/><D116/><U94/><REACH who="1" step="1"/><E48/><REACH who="1" ten="240,225,245,280" step="2"/><N who="2" m="26655" /><F84/><W81/><G109/><T80/><REACH who="0" step="1"/><D80/><REACH who="0" ten="230,225,245,280" step="2"/><U101/><AGARI ba="0,2" hai="23,26,28,36,39,45,49,55,94,96,99,100,101,106" machi="101" ten="20,3900,0" yaku="1,1,0,1,7,1,53,0" doraHai="60" doraHaiUra="113" who="1" fromWho="1" sc="230,-13,225,59,245,-13,280,-13" /><INIT seed="1,1,0,2,1,25" ten="217,284,232,267" oya="1" hai0="85,1,95,0,21,93,33,54,32,126,68,76,47" hai1="51,98,129,39,133,134,37,81,11,30,100,115,70" hai2="58,118,65,125,55,3,107,82,31,63,16,101,106" hai3="83,119,123,135,6,42,110,64,26,48,34,127,45"/><U57/><E115/><V56/><F125/><W10/><G123/><T17/><D126/><U53/><E129/><V112/><F112/><W74/><G127/><T80/><D68/><U124/><E124/><V105/><F118/><W77/><G64/><T14/><D95/><U131/><E131/><V120/><F120/><W27/><G110/><T19/><D93/><U40/><E70/><V67/><F3/><W41/><G135/><N who="1" m="51722" /><E81/><V89/><F16/><W116/><G42/><T9/><D0/><U71/><E71/><V128/><F128/><W49/><G49/><T15/><REACH who="0" step="1"/><D1/><REACH who="0" ten="207,284,232,267" step="2"/><U113/><E113/><V22/><F105/><W73/><G119/><T66/><D66/><U43/><E37/><V97/><F107/><W20/><G116/><T72/><D72/><U111/><E39/><V46/><F67/><W69/><G74/><T7/><D7/><U28/><E111/><V130/><F130/><W79/><G69/><T87/><D87/><U117/><E117/><V52/><F106/><W90/><G73/><T18/><D18/><U121/><E121/><V102/><F65/><W122/><G122/><T91/><D91/><U12/><E98/><V99/><F97/><W23/><G90/><T114/><D114/><U84/><E84/><V96/><F99/><W50/><G6/><T92/><D92/><U24/><E100/><V2/><F2/><W109/><G109/><T78/><D78/><U62/><E62/><V5/><F96/><W36/><G79/><T132/><D132/><U8/><E51/><AGARI ba="1,1" hai="9,14,15,17,19,21,32,33,47,51,54,76,80,85" machi="51" ten="40,1300,0" yaku="1,1,53,0" doraHai="25" doraHaiUra="88" who="0" fromWho="1" sc="207,26,284,-16,232,0,267,0" /><INIT seed="2,0,0,2,1,20" ten="233,268,232,267" oya="2" hai0="36,58,3,51,92,76,34,45,71,7,15,128,131" hai1="104,105,27,68,110,64,81,122,117,10,127,99,91" hai2="6,33,134,24,16,101,12,26,121,1,18,135,118" hai3="124,49,11,97,67,120,113,39,89,14,59,30,74"/><V41/><F41/><W32/><G120/><T123/><D71/><U102/><E117/><V35/><F101/><W56/><G39/><T37/><D123/><U23/><E122/><V86/><F86/><W83/><G124/><T43/><D3/><U126/><E110/><V133/><F121/><W47/><G113/><T21/><D34/><N who="2" m="12810" /><F118/><W90/><G30/><T52/><D76/><U103/><E64/><V50/><F50/><W77/><G32/><T93/><D37/><U65/><E65/><V94/><F94/><W57/><G67/><T107/><D107/><U44/><E68/><V19/><F1/><W109/><G109/><T98/><D7/><U87/><E44/><V75/><F75/><W100/><G100/><T115/><D115/><U119/><E119/><V28/><F28/><W62/><G62/><T17/><REACH who="0" step="1"/><D98/><REACH who="0" ten="223,268,232,267" step="2"/><U88/><E104/><V80/><F80/><W72/><G97/><T42/><D42/><U70/><E70/><V84/><F84/><W66/><G83/><T106/><D106/><U129/><E105/><V69/><F69/><W108/><G72/><T40/><D40/><U29/><E99/><V116/><F116/><W4/><G74/><T8/><D8/><AGARI ba="0,1" hai="6,8,12,16,18,19,24,26,133,134,135" m="12810" machi="8" ten="40,18000,2" yaku="20,1,34,2,52,2,54,1" doraHai="20" who="2" fromWho="0" sc="223,-180,268,0,232,190,267,0" /><INIT seed="2,1,0,1,3,75" ten="43,268,422,267" oya="2" hai0="130,85,87,116,14,28,90,9,67,117,76,62,129" hai1="21,104,16,89,50,12,122,45,8,95,88,3,119" hai2="25,118,55,69,40,82,36,18,78,4,80,37,41" hai3="133,49,98,19,112,113,132,26,29,97,111,86,131"/><V64/><F118/><W77/><G111/><T5/><D76/><U93/><E119/><V43/><F4/><W96/><G19/><T7/><D28/><U15/><E104/><V47/><F64/><W106/><G49/><T38/><D38/><U83/><E3/><V105/><F69/><W65/><G65/><T134/><D134/><N who="3" m="51817" /><G106/><T58/><D7/><N who="1" m="3103" /><E122/><V13/><F105/><W114/><G131/><T73/><D73/><U46/><E83/><V61/><F25/><W72/><G72/><T53/><D67/><U23/><E23/><V11/><F82/><N who="3" m="47439" /><G26/><T20/><D20/><U71/><E71/><V125/><F125/><W102/><G29/><T31/><D31/><U54/><E46/><V108/><F108/><W100/><AGARI ba="1,0" hai="96,97,98,100,102,112,113,114" m="47439,51817" machi="100" ten="40,8000,1" yaku="11,1,20,1,34,2,52,1" doraHai="75" who="3" fromWho="3" sc="43,-21,268,-21,422,-41,267,83" /><INIT seed="3,0,0,4,2,22" ten="22,247,381,350" oya="3" hai0="87,109,13,88,126,68,100,19,26,28,130,54,64" hai1="83,82,16,117,74,122,77,69,30,128,18,37,34" hai2="86,99,120,32,118,0,92,85,131,79,134,73,106" hai3="115,114,76,125,38,97,12,121,72,50,90,7,51"/><W46/><G121/><T47/><D109/><U43/><E122/><V124/><RYUUKYOKU type="yao9" ba="0,0" sc="22,0,247,0,381,0,350,0" hai2="0,32,73,79,85,86,92,99,106,118,120,124,131,134" /><INIT seed="3,1,0,3,3,32" ten="22,247,381,350" oya="3" hai0="41,133,4,56,49,90,31,65,124,72,103,81,16" hai1="20,106,116,89,129,57,63,2,8,28,115,86,126" hai2="38,1,5,34,26,121,37,46,55,47,128,98,61" hai3="94,75,3,105,83,132,69,15,109,24,104,7,51"/><W91/><G69/><T88/><D72/><U130/><E106/><V92/><F128/><W118/><G118/><T120/><D120/><U14/><E115/><V123/><F5/><W77/><G15/><T80/><D133/><U134/><E134/><V11/><F11/><W44/><G132/><T117/><D124/><U125/><E57/><N who="2" m="35007" /><F1/><W101/><G24/><T18/><D117/><U108/><E63/><V60/><F60/><W54/><G109/><T17/><D103/><U79/><E86/><V67/><F67/><W102/><G105/><T23/><D4/><N who="1" m="1047" /><E89/><N who="2" m="55567" /><F38/><W119/><G119/><T50/><D65/><U13/><E79/><V107/><F107/><W97/><REACH who="3" step="1"/><G104/><REACH who="3" ten="22,247,381,340" step="2"/><T74/><D74/><U127/><E116/><V122/><F37/><W112/><G112/><T9/><D9/><AGARI ba="1,1" hai="3,7,9,44,51,54,75,77,83,91,94,97,101,102" machi="9" ten="40,7700,0" yaku="1,1,52,1,53,1" doraHai="32" doraHaiUra="43" who="3" fromWho="0" sc="22,-80,247,0,381,0,340,90" owari="-58,-55.8,247,-15.3,381,18.1,430,53.0" /></mjloggm>