<mjloggm ver="2.3"><GO type="225" lobby="0"/><UN n0="%E3%83%8F%E3%83%B3%E3%83%89%E3%83%A9%E3%83%BC%E3%83%BB%E3%83%AF%E3%83%B3" n1="%E8%B6%85%E7%B4%9A%E9%B3%B3%E5%87%B0" n2="%E3%82%BC%E3%83%AB%E3%83%80%E3%81%AE%E4%BC%9D%E8%AA%AC" n3="%E3%81%B5%E3%81%98%E3%81%8B%E3%81%A4" dan="17,17,18,16" rate="2254.70,2148.40,2206.71,2163.83" sx="M,F,M,M"/><TAIKYOKU oya="0"/><INIT seed="0,0,0,3,1,53" ten="250,250,250,250" oya="0" hai0="51,69,17,12,21,31,11,10,49,41,89,101,106" hai1="26,24,88,62,56,95,91,25,107,121,100,130,28" hai2="61,103,81,60,132,109,70,9,1,134,23,133,46" hai3="135,55,102,16,119,93,33,76,111,63,58,5,48"/><T92/><D69/><U40/><E121/><V117/><F109/><W112/><G119/><T123/><D123/><U38/><E130/><V37/><F117/><W80/><G111/><T44/><D106/><U30/><E107/><V97/><F23/><W47/><G135/><T36/><D101/><U15/><E38/><V59/><F70/><W20/><G33/><T19/><D31/><U114/><E114/><V0/><F81/><W4/><G93/><T127/><D127/><U78/><E40/><N who="2" m="22799" /><F9/><W98/><G98/><T79/><D79/><U86/><E100/><V35/><F35/><W18/><G102/><T115/><D115/><U122/><E122/><V108/><F108/><W57/><G112/><T6/><D11/><U83/><E15/><V118/><F118/><W14/><G18/><T129/><D19/><U124/><E124/><V104/><F61/><W71/><G71/><T131/><D131/><U3/><E3/><V72/><F72/><W64/><G47/><T65/><D65/><AGARI ba="0,0" hai="0,1,59,60,65,97,103,104,132,133,134" m="22799" machi="65" ten="30,2000,0" yaku="20,1,52,1" doraHai="53" who="2" fromWho="0" sc="250,-20,250,0,250,20,250,0" /><INIT seed="1,0,0,2,5,86" ten="230,250,270,250" oya="1" hai0="4,70,109,89,5,132,78,68,20,120,111,114,83" hai1="24,94,123,45,103,42,3,37,48,35,44,119,134" hai2="66,23,130,106,21,85,34,18,74,10,100,12,135" hai3="52,53,58,16,43,115,30,90,81,82,65,110,131"/><U125/><E123/><V41/><F74/><W27/><G115/><T38/><D114/><U71/><E119/><V67/><F34/><W63/><G110/><N who="0" m="41995" /><D38/><U75/><E75/><V108/><F108/><W121/><G131/><T31/><D132/><U99/><E3/><V2/><F135/><W14/><G121/><T8/><D120/><U92/><E134/><V47/><F130/><W32/><G43/><T127/><D127/><U36/><E71/><N who="0" m="27177" /><D8/><U101/><E125/><V76/><F106/><W97/><G81/><T124/><D124/><U61/><E61/><V87/><F100/><W91/><G82/><T107/><D107/><U95/><E101/><V116/><F116/><W73/><G73/><N who="0" m="43471" /><D89/><N who="3" m="33801" /><G32/><T80/><D80/><U22/><E35/><V98/><F76/><W29/><G97/><T93/><D93/><U84/><E84/><N who="2" m="32331" /><F98/><W49/><G27/><AGARI ba="0,0" hai="4,5,20,27,31" m="43471,27177,41995" machi="27" ten="30,1000,0" yaku="14,1" doraHai="86" who="0" fromWho="3" sc="230,10,250,0,270,0,250,-10" /><INIT seed="2,0,0,2,2,13" ten="240,250,270,240" oya="2" hai0="62,69,7,37,126,72,54,68,43,9,87,14,101" hai1="97,122,98,46,114,81,11,6,65,58,112,109,21" hai2="132,99,85,74,2,24,42,47,32,30,113,103,96" hai3="135,16,39,59,23,8,19,116,76,18,35,67,0"/><V27/><F113/><W51/><G116/><T95/><D72/><U57/><E109/><V93/><F74/><W120/><G135/><T129/><D129/><U4/><E122/><V52/><F132/><W107/><G120/><T127/><D43/><U5/><E11/><V82/><F2/><W118/><G107/><T44/><D37/><U17/><E46/><V79/><F24/><W100/><G118/><T41/><D41/><U102/><E81/><V104/><F52/><N who="3" m="32159" /><G35/><T90/><D101/><U38/><E38/><V125/><F125/><N who="0" m="47626" /><D44/><U91/><E91/><V121/><F121/><W88/><G0/><T20/><D20/><U133/><E133/><V31/><F31/><W66/><G39/><T119/><D119/><U12/><E98/><V131/><F131/><W71/><G71/><T106/><D106/><U40/><E40/><V70/><F70/><W111/><G111/><T33/><D33/><U130/><E130/><V56/><F56/><AGARI ba="0,0" hai="7,9,14,54,56,62,68,69,87,90,95" m="47626" machi="56" ten="30,1000,0" yaku="18,1" doraHai="13" who="0" fromWho="2" sc="240,10,250,0,270,-10,240,0" /><INIT seed="3,0,0,0,5,87" ten="250,250,260,240" oya="3" hai0="17,59,118,133,125,119,56,120,69,72,74,51,21" hai1="29,44,39,92,47,79,82,36,131,62,127,86,58" hai2="99,77,129,27,33,132,45,35,32,85,49,41,128" hai3="43,22,104,24,9,110,54,53,75,88,121,70,84"/><W97/><G121/><T20/><D69/><U91/><E131/><N who="2" m="50251" /><F132/><W117/><G117/><T1/><D1/><U94/><E127/><V50/><F99/><W96/><G70/><T78/><D120/><U18/><E29/><N who="2" m="19519" /><F50/><W63/><G75/><T106/><D106/><U134/><E134/><V23/><F23/><W114/><G114/><T105/><D105/><U42/><E18/><V6/><F6/><W122/><G122/><T135/><D51/><U48/><E44/><V123/><F123/><W126/><G126/><T124/><D17/><U60/><E92/><V93/><F93/><N who="3" m="54407" /><G104/><T89/><D78/><U113/><E60/><V10/><F10/><W98/><G110/><T73/><D73/><U100/><E100/><V8/><F8/><W67/><G9/><T80/><D80/><AGARI ba="0,0" hai="33,35,41,45,49,77,80,85" m="19519,50251" machi="80" ten="30,1000,0" yaku="19,1" doraHai="87" who="2" fromWho="0" sc="250,-10,250,0,260,10,240,0" /><INIT seed="4,0,0,4,4,125" ten="240,250,270,240" oya="0" hai0="42,25,60,17,80,77,102,129,84,122,68,72,67" hai1="50,40,53,10,101,133,6,121,127,32,103,106,65" hai2="100,47,66,7,61,56,59,16,18,62,115,54,117" hai3="109,112,118,88,41,123,64,128,105,38,69,134,5"/><T119/><D119/><U98/><E121/><V46/><F115/><W96/><RYUUKYOKU type="yao9" ba="0,0" sc="240,0,250,0,270,0,240,0" hai3="5,38,41,64,69,88,96,105,109,112,118,123,128,134" /><INIT seed="4,1,0,3,0,50" ten="240,250,270,240" oya="0" hai0="0,51,12,120,44,13,123,76,25,47,105,79,112" hai1="113,90,77,106,71,98,103,6,104,122,21,82,84" hai2="115,91,99,24,66,67,27,121,4,3,15,19,97" hai3="85,34,10,87,23,101,9,42,63,131,93,65,100"/><T75/><D0/><U70/><E122/><V54/><F121/><W96/><G34/><T48/><D25/><U118/><E118/><V43/><F43/><W11/><G131/><T127/><D105/><U86/><E6/><V33/><F115/><W64/><G42/><T35/><D35/><U133/><E133/><V58/><F3/><W37/><G37/><T52/><D75/><U73/><E113/><V28/><F4/><W117/><G117/><T26/><D26/><N who="2" m="9770" /><F28/><W17/><G101/><T59/><D112/><U89/><E21/><N who="2" m="11519" /><F33/><W126/><G126/><T22/><D22/><U125/><E125/><V8/><F8/><W92/><G92/><T16/><D127/><U108/><E108/><V57/><F57/><N who="3" m="36975" /><G65/><N who="2" m="24585" /><F91/><N who="1" m="34825" /><E70/><V111/><F111/><W14/><AGARI ba="1,0" hai="9,10,11,14,17,23,85,87,93,96,100" m="36975" machi="14" ten="30,1100,0" yaku="8,1" doraHai="50" who="3" fromWho="3" sc="240,-6,250,-4,270,-4,240,14" /><INIT seed="5,0,0,2,1,50" ten="234,246,266,254" oya="1" hai0="15,122,112,22,64,79,44,77,10,96,13,85,42" hai1="86,101,134,102,31,51,20,8,98,12,70,48,71" hai2="107,121,18,124,57,104,35,94,118,19,14,41,90" hai3="109,74,116,54,133,73,67,5,89,80,56,97,81"/><U6/><E134/><V29/><F121/><W92/><G109/><T95/><D112/><U3/><E101/><V68/><F68/><W55/><G5/><T46/><D122/><U21/><E70/><V128/><F118/><W126/><G116/><T4/><D64/><U45/><E71/><V24/><F124/><W84/><G126/><T1/><D46/><U120/><E120/><V9/><F128/><W115/><G115/><T36/><D85/><U105/><E48/><V117/><F41/><W16/><G74/><T26/><D79/><U119/><E119/><V125/><F125/><W91/><G133/><T106/><D77/><U100/><E100/><V75/><F75/><W32/><G32/><T83/><D83/><N who="3" m="31817" /><G73/><T43/><D43/><U72/><E72/><V103/><F103/><W0/><G0/><T40/><D40/><U2/><E86/><V135/><F135/><W78/><G16/><T30/><REACH who="0" step="1"/><D106/><REACH who="0" ten="224,246,266,254" step="2"/><U49/><E45/><V34/><F104/><W53/><G78/><T82/><D82/><U93/><E105/><V130/><F107/><W88/><G84/><T114/><D114/><U127/><E127/><V108/><F117/><W110/><G110/><T129/><D129/><U23/><E98/><V111/><F130/><W59/><G67/><T113/><D113/><U63/><E93/><V123/><F123/><W66/><G66/><T61/><D61/><U62/><E63/><V27/><F111/><W28/><G28/><T25/><D25/><U131/><E62/><V99/><F108/><W11/><G11/><T17/><D17/><N who="2" m="6154" /><F29/><W76/><G76/><RYUUKYOKU ba="0,1" sc="224,15,246,-15,266,-15,254,15" hai0="1,4,10,13,15,22,26,30,36,42,44,95,96" hai3="53,54,55,56,59,88,89,91,92,97" /><INIT seed="6,1,1,1,5,33" ten="239,231,251,269" oya="2" hai0="23,122,31,68,55,20,107,50,123,13,74,116,132" hai1="129,19,3,18,76,37,49,35,72,56,110,117,114" hai2="73,87,102,77,95,88,27,34,10,112,44,106,130" hai3="85,101,104,0,16,58,38,54,6,24,29,79,64"/><V135/><F112/><W59/><G38/><T41/><D107/><U100/><E110/><V97/><F135/><W53/><G64/><T28/><D74/><U115/><E117/><V71/><F130/><W75/><G75/><T83/><D68/><U61/><E37/><V125/><F125/><W84/><G101/><T99/><D132/><U89/><E35/><V46/><F71/><W17/><G104/><T57/><D116/><U43/><E129/><V63/><F63/><W48/><G0/><T126/><D126/><U47/><E100/><V113/><F113/><N who="1" m="43017" /><E3/><V118/><F10/><W134/><G6/><T93/><D83/><N who="1" m="45447" /><E89/><V133/><F133/><W124/><G134/><T39/><D39/><U67/><AGARI ba="1,1" hai="18,19,43,47,49,56,61,67" m="45447,43017" machi="67" ten="30,1100,0" yaku="15,1" doraHai="33" who="1" fromWho="1" sc="239,-4,231,24,251,-6,269,-4" /><INIT seed="7,0,0,5,5,86" ten="235,255,245,265" oya="3" hai0="45,58,6,87,60,73,15,10,93,44,63,118,94" hai1="88,124,120,104,66,91,51,128,16,129,105,38,40" hai2="122,34,74,49,11,43,1,61,103,95,42,84,55" hai3="23,24,29,53,106,64,130,47,110,111,98,123,80"/><W89/><G123/><T71/><D118/><U65/><E120/><V135/><F74/><W92/><G130/><N who="1" m="50282" /><E38/><V17/><F34/><W0/><G0/><T83/><D73/><U25/><E124/><V2/><F122/><W9/><G9/><T79/><D71/><U33/><E65/><V97/><F135/><W96/><G80/><T32/><D32/><U67/><E66/><V68/><F1/><W90/><G64/><N who="0" m="38935" /><D63/><U76/><E76/><V28/><F61/><W114/><G114/><T50/><D44/><N who="1" m="25991" /><E67/><V125/><F68/><W107/><G47/><T115/><D115/><U117/><E117/><V57/><F125/><W46/><G46/><T26/><D26/><U13/><E25/><V62/><F62/><W19/><G53/><AGARI ba="0,0" hai="6,10,15,45,50,53,79,83,87,93,94" m="38935" machi="53" ten="30,1000,0" yaku="8,1" doraHai="86" who="0" fromWho="3" sc="235,10,255,0,245,0,265,-10" owari="245,-15.5,255,35.5,245,-25.5,255,5.5" /></mjloggm>