<mjloggm ver="2.3"><GO type="225" lobby="0"/><UN n0="%E3%83%A9%E3%83%96%E3%83%AC%E3%83%BC" n1="%E3%81%86%E3%81%A9%E3%82%93%E3%81%93" n2="%E6%9D%B1%E9%A2%A8%E3%81%AE%E3%81%8D%E3%82%83%E3%81%B7%E3%81%95%E3%82%93" n3="%E5%B0%8F%E9%B3%A5%E9%81%8A%E7%B7%B4%E7%84%A1%32%31%E6%AD%B3" dan="18,16,16,16" rate="2189.28,2173.06,2131.67,2183.46" sx="M,M,M,F"/><TAIKYOKU oya="0"/><INIT seed="0,0,0,3,3,55" ten="250,250,250,250" oya="0" hai0="89,49,35,68,78,71,100,13,82,3,95,81,21" hai1="60,46,33,54,38,113,0,5,79,37,57,104,84" hai2="133,87,91,31,29,51,108,44,112,122,126,20,92" hai3="124,80,130,25,19,56,70,28,45,41,52,119,22"/><T47/><D35/><U83/><E113/><V134/><F108/><W24/><G119/><T59/><D3/><U135/><E104/><V6/><F122/><W32/><G70/><T16/><D100/><U125/><E135/><N who="2" m="51723" /><F6/><W77/><G130/><T127/><D127/><U8/><E125/><V102/><F112/><W4/><G4/><T76/><D71/><U101/><E101/><V26/><F102/><W118/><G118/><T17/><D17/><U97/><E97/><V132/><N who="2" m="51731" /><V65/><DORA hai="12" /><F65/><W96/><G96/><N who="0" m="57455" /><D47/><U7/><E33/><V90/><F126/><W67/><G67/><T58/><D49/><U117/><E117/><V109/><F91/><W14/><G124/><T121/><D68/><U115/><E115/><V15/><F15/><W36/><G14/><T23/><D23/><U72/><E7/><V1/><F1/><W43/><G45/><T40/><D40/><U85/><REACH who="1" step="1"/><E46/><REACH who="1" ten="250,240,250,250" step="2"/><V93/><F44/><W9/><G36/><AGARI ba="0,1" hai="0,5,8,36,37,38,54,57,60,72,79,83,84,85" machi="36" ten="40,8000,1" yaku="1,1,2,1,52,1,53,1" doraHai="55,12" doraHaiUra="18,105" who="1" fromWho="3" sc="250,0,240,90,250,0,250,-80" /><INIT seed="1,0,0,0,3,50" ten="250,330,250,170" oya="1" hai0="33,4,129,109,89,73,58,108,103,91,121,22,40" hai1="57,19,18,60,20,28,100,117,8,87,114,128,112" hai2="13,32,93,132,104,35,39,106,46,130,44,120,88" hai3="72,41,95,15,9,134,30,115,66,126,42,97,5"/><U98/><E117/><V1/><F120/><W12/><G115/><T90/><D33/><U75/><E75/><V34/><F1/><W65/><G72/><T61/><D73/><U21/><E128/><V54/><F130/><W113/><G134/><T116/><D116/><U122/><E8/><V62/><F132/><W82/><G126/><T37/><D103/><U76/><E28/><V102/><F13/><W36/><G82/><T119/><D4/><U25/><E122/><V47/><F39/><W56/><G30/><T131/><D119/><U107/><E87/><V69/><F102/><W68/><G68/><T67/><D121/><U11/><E11/><V94/><F94/><W16/><G113/><T24/><D40/><N who="3" m="15465" /><G56/><T110/><REACH who="0" step="1"/><D37/><REACH who="0" ten="240,330,250,170" step="2"/><U125/><E125/><V96/><REACH who="2" step="1"/><F69/><REACH who="2" ten="240,330,240,170" step="2"/><W85/><G36/><T118/><D118/><U99/><E112/><V124/><F124/><W0/><G0/><T17/><AGARI ba="0,2" hai="17,22,24,58,61,67,89,90,91,108,109,110,129,131" machi="17" ten="40,12000,2" yaku="1,1,0,1,14,1,53,3" doraHai="50" doraHaiUra="84" who="0" fromWho="0" sc="240,140,330,-60,240,-30,170,-30" /><INIT seed="2,0,0,3,0,63" ten="380,270,210,140" oya="2" hai0="89,6,16,9,101,108,126,61,45,51,48,40,119" hai1="57,33,35,39,17,78,52,75,91,106,94,80,65" hai2="77,47,0,4,99,73,130,1,103,54,134,123,15" hai3="5,31,14,111,116,46,96,81,83,107,30,129,32"/><V23/><F123/><W41/><G116/><T3/><D108/><U132/><E106/><V79/><F134/><W11/><G111/><T110/><D101/><U29/><E39/><V124/><F124/><W37/><G129/><T82/><D126/><U121/><E132/><V50/><F130/><W86/><G32/><T19/><D119/><U72/><E72/><V62/><F62/><W71/><G71/><T120/><D120/><U66/><E121/><V20/><F73/><W104/><G81/><T131/><D131/><U36/><E36/><V84/><F0/><W59/><G59/><T58/><D51/><U102/><E102/><V69/><F69/><W70/><G70/><T135/><D135/><U127/><E127/><V93/><F1/><W44/><G44/><T43/><D40/><U26/><E17/><V7/><F84/><W105/><REACH who="3" step="1"/><G96/><REACH who="3" ten="380,270,210,130" step="2"/><T114/><D58/><U122/><E35/><V22/><REACH who="2" step="1"/><F15/><REACH who="2" ten="380,270,200,130" step="2"/><W100/><G100/><T125/><D3/><U27/><E122/><V42/><F42/><W49/><G49/><T92/><D48/><U133/><E133/><V55/><F55/><W53/><G53/><T87/><D43/><U88/><E52/><V8/><F8/><W85/><G85/><T90/><D9/><U128/><E57/><V34/><F34/><W25/><G25/><T67/><D87/><U64/><E128/><V56/><F56/><W98/><G98/><T24/><D125/><U10/><E33/><V117/><F117/><W76/><AGARI ba="0,2" hai="5,11,14,30,31,37,41,46,76,83,86,104,105,107" machi="76" ten="30,2000,0" yaku="1,1,0,1,53,0" doraHai="63" doraHaiUra="109" who="3" fromWho="3" sc="380,-5,270,-5,200,-10,130,40" /><INIT seed="3,0,0,0,5,89" ten="375,265,190,170" oya="3" hai0="68,6,36,53,10,13,5,21,97,64,16,76,126" hai1="50,83,39,52,11,106,58,29,61,133,116,82,70" hai2="54,33,112,110,14,72,60,44,134,34,99,75,32" hai3="51,96,41,71,129,86,100,28,79,125,124,127,131"/><W102/><G71/><T80/><D36/><U56/><E70/><V66/><F14/><W47/><G28/><T7/><D126/><U27/><E39/><V77/><F99/><W17/><G17/><T119/><D119/><U67/><E116/><V30/><F112/><W0/><G0/><T15/><D64/><U132/><E106/><V4/><F4/><W120/><G120/><T121/><D68/><U48/><E48/><V26/><F44/><W43/><G43/><T69/><D69/><U103/><E103/><V18/><F54/><W114/><G114/><T90/><D76/><U2/><E11/><V130/><F18/><W62/><G62/><T65/><D65/><U113/><E2/><V93/><F60/><W91/><G79/><T115/><D121/><U46/><E58/><V20/><F66/><W98/><G98/><T57/><D115/><U1/><E1/><V55/><F77/><W118/><G118/><T73/><D73/><U23/><REACH who="1" step="1"/><E113/><REACH who="1" ten="375,255,190,170" step="2"/><V128/><F34/><W8/><G8/><N who="0" m="6183" /><D57/><U109/><E109/><V108/><F33/><W135/><G135/><AGARI ba="0,1" hai="23,27,29,46,50,52,56,61,67,82,83,132,133,135" machi="135" ten="40,5200,0" yaku="1,1,20,1,54,1,53,0" doraHai="89" doraHaiUra="9" who="1" fromWho="3" sc="375,0,255,62,190,0,170,-52" owari="375,47.5,317,11.7,190,-21.0,118,-38.2" /></mjloggm>