<mjloggm ver="2.3"><GO type="225" lobby="0"/><UN n0="%72%69%6F%75%63%68%61%6E" n1="%E9%89%A2%E5%B7%BB%E3%82%AC%E3%83%96" n2="%E7%AD%89%E3%80%85%E5%8A%9B%E5%8A%87%E5%A0%B4" n3="%6E%69%63%6B%6C%6F%77" dan="17,16,16,16" rate="2201.23,2097.16,2128.93,2116.39" sx="M,M,M,F"/><TAIKYOKU oya="0"/><INIT seed="0,0,0,4,0,56" ten="250,250,250,250" oya="0" hai0="35,34,113,2,22,18,14,15,80,38,97,0,48" hai1="45,54,119,11,83,70,32,124,23,123,42,12,41" hai2="99,63,89,82,64,101,57,59,17,58,106,135,9" hai3="90,121,77,74,102,47,134,127,1,108,46,40,115"/><T81/><D38/><U8/><E119/><V28/><F135/><W76/><G108/><T60/><D113/><U128/><E123/><V117/><F117/><W51/><G1/><N who="0" m="619" /><D48/><U16/><E32/><N who="0" m="12329" /><D97/><U61/><E124/><V20/><F9/><N who="1" m="3657" /><E128/><V39/><F28/><W49/><G134/><T105/><D105/><U118/><E118/><V114/><F39/><W132/><G132/><T111/><D111/><U110/><E110/><V30/><F30/><W52/><G102/><T85/><D85/><U5/><E5/><V79/><F89/><W36/><G74/><T95/><D95/><U109/><E70/><V129/><F114/><W21/><G115/><T53/><D53/><U92/><E83/><N who="0" m="31817" /><D22/><U103/><E109/><V69/><F129/><W13/><G127/><T130/><D130/><U44/><E92/><V72/><REACH who="2" step="1"/><F69/><REACH who="2" ten="250,250,240,250" step="2"/><W27/><G121/><T91/><D91/><U126/><E103/><V98/><F98/><W86/><G36/><T120/><D120/><U73/><E126/><V75/><F75/><W107/><G107/><T93/><D93/><U33/><E73/><V3/><F3/><W4/><G76/><T133/><D133/><U112/><E112/><V37/><F37/><W96/><G77/><T87/><D87/><U55/><E33/><V122/><F122/><W94/><G86/><T125/><D125/><U50/><E44/><V6/><F6/><W88/><G90/><T62/><D18/><U66/><E16/><V131/><F131/><W31/><G4/><T78/><D78/><U7/><E45/><V84/><F84/><W116/><G116/><RYUUKYOKU ba="0,1" sc="250,10,250,-30,240,10,250,10" hai0="14,15,60,62" hai2="17,20,57,58,59,63,64,72,79,82,99,101,106" hai3="13,21,27,31,40,46,47,49,51,52,88,94,96" /><INIT seed="0,1,1,0,4,132" ten="260,220,250,260" oya="0" hai0="76,10,133,27,77,92,52,94,97,41,17,124,38" hai1="7,48,126,40,83,57,119,34,100,24,102,87,53" hai2="113,45,86,62,109,47,127,61,39,69,93,2,117" hai3="59,5,135,64,3,31,29,103,14,28,43,37,42"/><T73/><D124/><U131/><E119/><V67/><F2/><W90/><G3/><T79/><D133/><U70/><E70/><V68/><F113/><W118/><G135/><T88/><D38/><U80/><E131/><V6/><F6/><W128/><G37/><T16/><D41/><U33/><E7/><V51/><F93/><W72/><G72/><T125/><D125/><U104/><E126/><V44/><F86/><W89/><G103/><N who="0" m="60839" /><D73/><U8/><E40/><N who="3" m="15402" /><G128/><T111/><D111/><U106/><E8/><V75/><F75/><W85/><G118/><T30/><D10/><U56/><E87/><V78/><F78/><W21/><G5/><T65/><D65/><U9/><E9/><V26/><F127/><W105/><G105/><T120/><D120/><U98/><E98/><V96/><F96/><W63/><G85/><N who="0" m="52495" /><D52/><U71/><E53/><V99/><F67/><W116/><G116/><T66/><D66/><U112/><E71/><V134/><F69/><W95/><G95/><T74/><D74/><U18/><E48/><V20/><F51/><W110/><G110/><T129/><D129/><U82/><E82/><V46/><F109/><W15/><G21/><AGARI ba="1,1" hai="16,17,21,27,30,76,77,79" m="52495,60839" machi="21" ten="30,5800,0" yaku="8,1,54,2" doraHai="132" who="0" fromWho="3" sc="260,71,220,0,250,0,260,-61" /><INIT seed="0,2,0,1,5,133" ten="331,220,250,199" oya="0" hai0="98,90,127,33,129,66,64,84,10,8,107,91,110" hai1="31,56,82,27,95,72,25,70,52,125,42,89,121" hai2="34,18,75,60,132,69,76,35,39,114,81,21,47" hai3="106,55,100,122,86,135,101,83,50,38,104,5,1"/><T26/><D127/><U36/><E121/><V109/><F114/><W9/><G135/><T45/><D129/><U59/><E70/><V105/><F132/><W53/><G122/><T99/><D110/><U14/><E125/><V13/><F105/><W12/><G38/><T80/><D45/><U96/><E42/><V62/><F109/><W126/><G126/><T130/><D130/><U0/><E0/><V7/><F7/><W115/><G115/><T22/><D33/><U37/><E14/><V29/><F62/><W41/><G1/><T24/><D107/><U23/><E25/><V65/><REACH who="2" step="1"/><F29/><REACH who="2" ten="331,220,240,199" step="2"/><W11/><G106/><T19/><D26/><U16/><E31/><V94/><F94/><W32/><G104/><T67/><D99/><U71/><E71/><V63/><F63/><W123/><G123/><T103/><D103/><U15/><E59/><V119/><F119/><W40/><G32/><T120/><D120/><U73/><E82/><V54/><F54/><W28/><G28/><T93/><AGARI ba="2,1" hai="8,10,19,22,24,64,66,67,80,84,90,91,93,98" machi="93" ten="30,3000,0" yaku="0,1,8,1" doraHai="133" who="0" fromWho="0" sc="331,46,220,-12,240,-12,199,-12" /><INIT seed="0,3,0,2,1,100" ten="377,208,228,187" oya="0" hai0="91,35,5,24,18,85,130,48,71,20,110,129,111" hai1="81,89,99,42,97,93,6,39,134,50,30,56,68" hai2="1,69,79,40,87,2,128,12,70,98,76,11,131" hai3="33,64,108,67,83,109,66,78,4,113,21,19,38"/><T90/><D71/><N who="2" m="27146" /><F87/><W47/><G113/><T17/><D35/><U58/><E134/><V43/><F11/><W94/><G33/><T10/><D48/><U25/><E68/><V31/><F12/><W122/><G4/><T49/><D49/><U121/><E121/><V132/><F98/><W32/><G32/><T80/><D91/><U65/><E39/><V29/><F132/><W59/><G122/><T95/><D80/><U16/><E6/><V104/><F104/><W63/><G94/><T15/><REACH who="0" step="1"/><D5/><REACH who="0" ten="367,208,228,187" step="2"/><U88/><E81/><V116/><F116/><W27/><G38/><T7/><D7/><U114/><E89/><V117/><F117/><W62/><G47/><T120/><D120/><U101/><E88/><V106/><F79/><W54/><REACH who="3" step="1"/><G63/><REACH who="3" ten="367,208,228,177" step="2"/><T73/><D73/><AGARI ba="3,2" hai="19,21,27,54,59,62,64,66,67,73,78,83,108,109" machi="73" ten="40,5200,0" yaku="1,1,2,1,53,1" doraHai="100" doraHaiUra="74" who="3" fromWho="0" sc="367,-61,208,0,228,0,177,81" /><INIT seed="1,0,0,2,4,121" ten="306,208,228,258" oya="1" hai0="9,42,60,75,40,112,122,126,54,82,94,129,128" hai1="117,102,91,31,48,32,1,133,17,35,2,104,29" hai2="114,46,81,78,93,0,70,116,6,23,67,34,98" hai3="135,11,97,62,51,80,134,5,110,72,33,12,50"/><U69/><E117/><V37/><F34/><W59/><G33/><T24/><D112/><U76/><E76/><V74/><F116/><W66/><G72/><T131/><D122/><U43/><E91/><V20/><F114/><W44/><G80/><T41/><D126/><U111/><E48/><V39/><F70/><W86/><G86/><T99/><D9/><U19/><E69/><V38/><F67/><W118/><G118/><T95/><D24/><U107/><E102/><V68/><F68/><W13/><G97/><T16/><D16/><U7/><E43/><V124/><F46/><W56/><G13/><T28/><D28/><U49/><E49/><V83/><F83/><W3/><G3/><T125/><D125/><U30/><E30/><V15/><F0/><W25/><G25/><T85/><D75/><U61/><E133/><N who="3" m="50698" /><G56/><N who="0" m="34839" /><D99/><U57/><E57/><V109/><F124/><W71/><G51/><T100/><D100/><U132/><E132/><V65/><F98/><W84/><G84/><T113/><D113/><U103/><E103/><V4/><F74/><W77/><G77/><AGARI ba="0,0" hai="40,41,42,77,82,85,94,95,128,129,131" m="34839" machi="77" ten="40,1300,0" yaku="19,1" doraHai="121" who="0" fromWho="3" sc="306,13,208,0,228,0,258,-13" /><INIT seed="2,0,0,4,4,76" ten="319,208,228,245" oya="2" hai0="74,14,41,45,51,86,2,66,36,116,34,83,7" hai1="75,63,102,47,22,135,69,4,44,20,108,3,125" hai2="50,24,118,10,59,105,100,72,27,88,73,103,94" hai3="46,133,107,104,85,35,87,110,16,93,33,60,30"/><V80/><F118/><W37/><G30/><T115/><D115/><U31/><E75/><V17/><F105/><W112/><G112/><T1/><D116/><U38/><E108/><V131/><F131/><W40/><G110/><T53/><D34/><U134/><E102/><N who="2" m="38955" /><F72/><W91/><G133/><N who="1" m="50698" /><E38/><V96/><F73/><W61/><G35/><T114/><D114/><U127/><E31/><V43/><F80/><W11/><G33/><T120/><D120/><U70/><E4/><V56/><F43/><W54/><G87/><T89/><D66/><U13/><E13/><N who="2" m="7351" /><F50/><W8/><G8/><T55/><D74/><U21/><E3/><V19/><F19/><W23/><G11/><N who="0" m="4479" /><D36/><U62/><E63/><V99/><F96/><W126/><G61/><T121/><D121/><U97/><E62/><V39/><F39/><W48/><G60/><T122/><D122/><U123/><E97/><V0/><F0/><W67/><G67/><T78/><D1/><U6/><E6/><V128/><F128/><W92/><G107/><T106/><D106/><U119/><E119/><V29/><F29/><W12/><G104/><T111/><D2/><U71/><E123/><V9/><F9/><W109/><G109/><T81/><D111/><U49/><E49/><V64/><F64/><W42/><G37/><T113/><D113/><U132/><N who="1" m="50706" /><U26/><DORA hai="84" /><E26/><AGARI ba="0,0" hai="24,26,27,56,59,88,94,99" m="7351,38955" machi="26" ten="30,5800,0" yaku="8,1,52,1,54,1" doraHai="76,84" who="2" fromWho="1" sc="319,0,208,-58,228,58,245,0" /><INIT seed="2,1,0,1,2,11" ten="319,150,286,245" oya="2" hai0="67,36,52,49,25,32,122,80,46,42,95,28,35" hai1="19,129,84,132,47,15,104,107,89,87,109,71,79" hai2="55,77,125,92,126,133,135,40,100,131,63,26,6" hai3="37,0,29,58,106,99,30,117,78,90,93,14,3"/><V12/><F40/><W72/><G117/><T73/><D122/><U74/><E109/><V34/><F77/><W13/><G37/><T45/><D67/><U98/><E129/><V115/><F100/><W83/><G106/><T101/><D73/><U7/><E132/><N who="2" m="50763" /><F92/><W116/><G116/><T124/><D124/><N who="2" m="47722" /><F55/><W105/><G105/><T76/><D32/><U64/><E107/><V56/><F56/><W118/><G118/><T48/><D36/><U85/><E79/><V86/><F86/><W120/><G120/><T41/><D52/><U91/><E74/><V96/><F63/><W61/><G0/><T22/><D35/><U33/><E33/><V69/><F96/><W57/><G3/><T114/><D114/><U82/><E98/><V123/><F69/><W62/><G57/><T70/><D70/><U112/><E87/><V127/><F127/><W50/><G50/><T121/><D121/><U16/><E71/><V119/><F123/><W130/><G130/><T134/><D134/><U53/><E112/><V59/><F59/><W20/><G62/><T81/><REACH who="0" step="1"/><D76/><REACH who="0" ten="309,150,286,245" step="2"/><U2/><E64/><V17/><F119/><W128/><G128/><T88/><D88/><U31/><E89/><V5/><F131/><W102/><G90/><T18/><D18/><U97/><E19/><V24/><F115/><W1/><G61/><T44/><D44/><U60/><E47/><V54/><F54/><W110/><G58/><T43/><D43/><U21/><E53/><V94/><F34/><W10/><G72/><T8/><D8/><U66/><E66/><V75/><F75/><RYUUKYOKU ba="1,1" sc="309,30,150,-10,286,-10,245,-10" hai0="22,25,28,41,42,45,46,48,49,80,81,95,101" /><INIT seed="3,2,1,4,3,134" ten="339,140,276,235" oya="3" hai0="113,130,83,94,110,56,84,82,127,77,53,132,64" hai1="126,108,20,92,28,42,135,96,98,19,43,79,115" hai2="68,52,89,14,85,36,47,39,58,125,51,9,128" hai3="78,21,122,33,81,102,93,32,105,13,118,16,119"/><W40/><G105/><T72/><D127/><U111/><E115/><V66/><F128/><W15/><G122/><T117/><D117/><U69/><E135/><V18/><F68/><W95/><G119/><T73/><D132/><U50/><E69/><V60/><F125/><W10/><G118/><T101/><D130/><U114/><E114/><V11/><F9/><W46/><G32/><T107/><D113/><U29/><E126/><V6/><F6/><W61/><G33/><T129/><D129/><U37/><E37/><V88/><F89/><W103/><G61/><T3/><D3/><U124/><E124/><V23/><F23/><W35/><G35/><T48/><D110/><U91/><E79/><V87/><F87/><W5/><G93/><AGARI ba="2,1" hai="11,14,18,36,39,47,51,52,58,60,66,85,88,93" machi="93" ten="30,3900,0" yaku="7,1,54,2" doraHai="134" who="2" fromWho="3" sc="339,0,140,0,276,55,235,-45" owari="339,43.9,140,-36.0,331,13.1,190,-21.0" /></mjloggm>