<mjloggm ver="2.3"><GO type="225" lobby="0"/><UN n0="%72%69%6F%75%63%68%61%6E" n1="%E7%89%B9%E6%9D%B1%E3%81%AF%E4%B8%96%E7%95%8C%E3%82%92%E6%95%91%E3%81%86" n2="%E3%81%A1%E3%82%85%E3%81%86%E3%81%A9%E3%81%8F%E8%B1%A1%E3%81%95%E3%82%93" n3="%E3%81%99%E3%81%84%E3%81%BE%E3%81%9B%E3%83%BC%E3%82%93" dan="17,16,16,16" rate="2254.95,2174.78,2120.02,2117.20" sx="M,M,M,M"/><TAIKYOKU oya="0"/><INIT seed="0,0,0,5,3,86" ten="250,250,250,250" oya="0" hai0="80,11,77,135,75,1,73,42,50,112,53,28,62" hai1="19,46,119,8,44,22,87,57,51,70,6,99,94" hai2="109,83,21,82,116,74,101,34,2,59,117,88,30" hai3="95,115,131,7,120,33,48,90,76,32,113,25,47"/><T13/><D112/><U65/><E119/><N who="2" m="45643" /><F2/><W66/><G131/><T69/><D135/><U68/><E87/><N who="2" m="50295" /><F109/><W24/><G120/><T16/><D28/><U114/><E114/><V124/><F124/><W64/><G76/><T43/><D75/><U126/><E126/><V84/><F101/><W93/><G115/><T67/><REACH who="0" step="1"/><D1/><REACH who="0" ten="240,250,250,250" step="2"/><U49/><E70/><V56/><F74/><W20/><G113/><T71/><D71/><U105/><E68/><V96/><F34/><W78/><G33/><T45/><AGARI ba="0,1" hai="11,13,16,42,43,45,50,53,62,67,69,73,77,80" machi="45" ten="20,12000,1" yaku="1,1,0,1,7,1,54,1,53,1" doraHai="86" doraHaiUra="14" who="0" fromWho="0" sc="240,130,250,-40,250,-40,250,-40" /><INIT seed="0,1,0,2,1,112" ten="370,210,210,210" oya="0" hai0="24,50,15,62,16,36,25,65,77,131,71,109,73" hai1="6,59,64,94,58,108,29,100,8,106,113,47,44" hai2="27,55,53,118,122,93,129,110,119,30,78,79,86" hai3="123,97,92,133,127,33,96,102,117,107,42,9,31"/><T1/><D36/><U80/><E106/><V103/><F122/><W89/><G123/><T56/><D131/><U74/><E113/><V34/><F129/><W7/><G127/><T121/><D121/><U114/><E114/><V13/><F110/><W85/><G133/><T48/><D1/><U124/><E124/><V52/><F13/><W125/><G125/><T22/><D109/><U0/><E108/><V40/><F40/><W54/><G42/><T14/><D14/><U28/><E74/><V101/><F93/><W37/><G37/><T23/><D15/><U45/><E80/><V26/><F26/><W98/><G117/><N who="2" m="44553" /><F86/><W126/><G126/><T68/><D77/><AGARI ba="1,0" hai="27,30,34,52,53,55,77,78,79,101,103" m="44553" machi="77" ten="30,8000,1" yaku="12,1,52,3,54,1" doraHai="112" who="2" fromWho="0" sc="370,-83,210,0,210,83,210,0" /><INIT seed="1,0,0,4,5,101" ten="287,210,293,210" oya="1" hai0="22,14,40,21,65,84,74,106,120,81,94,36,35" hai1="66,51,10,20,43,71,17,8,18,87,110,132,59" hai2="103,128,50,58,119,3,88,72,118,95,54,85,63" hai3="111,67,4,44,48,42,68,108,41,39,33,102,116"/><U104/><E71/><V89/><F72/><W92/><G33/><T13/><D35/><U56/><E132/><V109/><F3/><W30/><G30/><T73/><D120/><U31/><E104/><V32/><F32/><W60/><G116/><T25/><D106/><U27/><E110/><N who="3" m="42026" /><G4/><T100/><D65/><U86/><E43/><N who="3" m="16394" /><G92/><T91/><D73/><U29/><E20/><V127/><F109/><W123/><G102/><T124/><D124/><U130/><E66/><V133/><F133/><W131/><G123/><T83/><D74/><U79/><E130/><V115/><F115/><W114/><G131/><T122/><D122/><U15/><E51/><V135/><F135/><W11/><G11/><T7/><D100/><U75/><E75/><V78/><F128/><W9/><G9/><N who="0" m="4287" /><D40/><U96/><E15/><V5/><F5/><W70/><G39/><T45/><D36/><U125/><E125/><V34/><F34/><W105/><G105/><T117/><D117/><U107/><E107/><V113/><F113/><W57/><G114/><T19/><D45/><U76/><REACH who="1" step="1"/><E96/><REACH who="1" ten="287,200,293,210" step="2"/><N who="2" m="59807" /><F127/><W121/><G121/><T126/><D126/><U82/><E82/><N who="2" m="47319" /><F119/><W93/><G93/><T6/><D6/><U2/><E2/><V61/><F118/><W55/><AGARI ba="0,1" hai="44,48,55,57,60,67,68,70" m="16394,42026" machi="55" ten="30,4000,0" yaku="14,1,34,2" doraHai="101" who="3" fromWho="3" sc="287,-10,200,-20,293,-10,210,50" /><INIT seed="2,0,0,2,0,41" ten="277,180,283,260" oya="2" hai0="127,87,31,125,117,53,118,48,33,24,80,66,83" hai1="4,54,58,75,61,114,19,13,74,8,90,0,89" hai2="96,77,37,68,46,133,56,81,28,94,40,23,63" hai3="67,3,14,44,59,36,52,30,132,26,108,109,116"/><V113/><F133/><W62/><G3/><T122/><D66/><U126/><E126/><N who="0" m="48137" /><D122/><U69/><E114/><V49/><F113/><W17/><G116/><N who="0" m="44651" /><D87/><U99/><E69/><V120/><F120/><W105/><G105/><T70/><D70/><U124/><E124/><V57/><F68/><W22/><G132/><T51/><D51/><U39/><E39/><V16/><F28/><W25/><G25/><T115/><D115/><U102/><E75/><V50/><F57/><AGARI ba="0,0" hai="24,31,33,48,53,57,80,83" m="44651,48137" machi="57" ten="30,2000,0" yaku="18,1,12,1" doraHai="41" who="0" fromWho="2" sc="277,20,180,0,283,-20,260,0" /><INIT seed="3,0,0,4,3,32" ten="297,180,263,260" oya="3" hai0="88,115,42,20,46,5,57,39,124,51,134,67,27" hai1="113,12,8,118,40,93,130,16,86,87,117,25,111" hai2="28,85,69,48,70,50,17,73,74,63,128,112,122" hai3="90,114,47,102,26,1,79,62,54,23,37,35,10"/><W0/><G114/><T100/><D115/><U126/><E111/><V82/><F112/><W77/><G35/><T110/><D110/><U31/><E113/><V24/><F128/><W106/><G90/><T107/><D124/><U7/><E130/><V127/><F127/><W71/><G10/><T38/><D134/><U76/><E126/><V6/><F6/><W49/><G37/><T66/><D5/><U14/><E40/><V84/><F122/><W101/><G79/><T61/><D67/><U36/><E36/><V34/><F17/><W123/><G77/><T52/><D88/><U109/><E109/><V80/><F63/><W135/><G135/><T99/><D66/><U11/><E93/><V78/><F73/><W3/><G123/><T30/><AGARI ba="0,0" hai="20,27,30,38,39,42,46,51,52,57,61,99,100,107" machi="30" ten="20,2700,0" yaku="0,1,7,1,54,1" doraHai="32" who="0" fromWho="0" sc="297,27,180,-7,263,-7,260,-13" owari="324,42.4,173,-32.7,256,5.6,247,-15.3" /></mjloggm>