<mjloggm ver="2.3"><GO type="225" lobby="0"/><UN n0="%E5%A4%9C%E3%81%AE%E3%82%AC%E3%82%B9%E3%83%91%E3%83%BC%E3%83%AB" n1="%E6%A1%9C%E8%8A%B1%E9%96%83%E3%80%85" n2="%E7%89%B9%E6%9D%B1%E3%81%AF%E4%B8%96%E7%95%8C%E3%82%92%E6%95%91%E3%81%86" n3="%E3%81%A4%E3%81%A3%E3%81%B1%E3%82%8A%E3%83%9D%E3%83%BC%E3%83%AB" dan="17,16,16,16" rate="2190.26,2158.58,2171.25,2145.25" sx="M,M,M,M"/><TAIKYOKU oya="0"/><INIT seed="0,0,0,2,5,96" ten="250,250,250,250" oya="0" hai0="70,48,110,1,76,109,17,32,130,5,118,131,36" hai1="57,18,103,90,15,43,14,89,117,2,26,47,99" hai2="135,22,3,74,92,79,49,116,59,50,71,24,31" hai3="28,133,10,63,94,68,69,124,81,114,119,11,105"/><T73/><D36/><U61/><E117/><V38/><F38/><W115/><G105/><T84/><D118/><U102/><E2/><V20/><F71/><W112/><G119/><T33/><D70/><U42/><E26/><V78/><F3/><W12/><G133/><T120/><D120/><U45/><E99/><V100/><F116/><W93/><G124/><T122/><D122/><U132/><E132/><V39/><F39/><W66/><G69/><T34/><D84/><U60/><E57/><V87/><F74/><W101/><G28/><T98/><D48/><U77/><E18/><V16/><F135/><W19/><G101/><T97/><D17/><U58/><E58/><V21/><F21/><W67/><G67/><T41/><D41/><U0/><E0/><V127/><F127/><W126/><G126/><T104/><D98/><U8/><E8/><V37/><F37/><W54/><G54/><T64/><D64/><U9/><E9/><V88/><F100/><W44/><G44/><T27/><D27/><U123/><E123/><V108/><F108/><N who="0" m="41578" /><D5/><U121/><E121/><V23/><F23/><W85/><REACH who="3" step="1"/><G11/><REACH who="3" ten="250,250,250,240" step="2"/><T55/><D55/><U25/><E25/><N who="2" m="14535" /><F49/><W113/><N who="3" m="28672" /><DORA hai="30" /><W75/><G75/><T4/><D4/><U125/><E125/><V13/><F50/><W56/><G56/><T40/><D40/><U106/><E106/><V86/><F59/><W91/><AGARI ba="0,1" hai="10,12,19,63,66,68,81,85,91,93,94" m="28672" machi="91" ten="60,7900,0" yaku="1,1,0,1,53,1" doraHai="96,30" doraHaiUra="128,82" who="3" fromWho="3" sc="250,-39,250,-20,250,-20,240,89" /><INIT seed="1,0,0,4,2,83" ten="211,230,230,329" oya="1" hai0="17,79,50,64,101,55,37,117,2,21,63,38,4" hai1="15,82,13,12,66,132,134,114,48,73,89,70,20" hai2="39,71,61,35,96,52,106,68,88,10,31,90,94" hai3="65,118,99,57,128,22,133,56,103,1,107,49,109"/><U67/><E114/><V23/><F35/><W97/><G1/><T75/><D117/><U92/><E48/><V72/><F39/><W131/><G118/><T85/><D75/><U41/><E41/><V34/><F34/><W14/><G109/><T51/><D101/><U80/><E20/><V98/><F72/><W58/><G133/><N who="1" m="51306" /><E70/><V86/><F10/><W40/><G99/><T115/><D115/><U16/><E16/><V84/><F71/><W24/><G65/><N who="1" m="24586" /><E73/><V5/><F5/><W44/><REACH who="3" step="1"/><G14/><REACH who="3" ten="211,230,230,319" step="2"/><T19/><D64/><U95/><E95/><N who="2" m="54743" /><F68/><W76/><G76/><T0/><D79/><U60/><E60/><V111/><F111/><W36/><G36/><T62/><D62/><U77/><E77/><V54/><F106/><W104/><G104/><T116/><D116/><U18/><E18/><AGARI ba="0,1" hai="18,22,24,40,44,49,56,57,58,97,103,107,128,131" machi="18" ten="40,2600,0" yaku="1,1,53,1" doraHai="83" doraHaiUra="42" who="3" fromWho="1" sc="211,0,230,-26,230,0,319,36" /><INIT seed="2,0,0,0,1,102" ten="211,204,230,355" oya="2" hai0="22,106,97,53,54,55,69,93,4,40,11,52,74" hai1="126,125,30,113,6,98,24,0,8,18,127,83,128" hai2="76,101,64,28,19,23,21,9,50,73,59,100,89" hai3="36,79,35,46,109,49,88,95,16,15,131,118,80"/><V42/><F73/><W39/><G35/><T107/><D69/><U134/><E113/><V94/><F76/><W67/><G118/><T132/><D74/><U129/><E83/><V82/><F82/><W96/><G67/><T112/><D112/><U14/><E98/><V104/><F104/><W91/><G109/><T45/><D22/><N who="1" m="11607" /><E134/><V68/><F68/><W25/><G25/><T44/><N who="0" m="13312" /><DORA hai="29" /><T81/><D81/><U110/><E110/><V117/><F117/><W10/><G91/><T71/><D71/><U72/><E72/><V65/><F9/><W108/><G131/><T103/><D132/><U38/><E38/><V32/><F32/><AGARI ba="0,0" hai="0,6,8,24,30,32,125,126,127,128,129" m="11607" machi="32" ten="30,8000,1" yaku="24,1,18,1,34,2,52,1" doraHai="102,29" who="1" fromWho="2" sc="211,0,204,80,230,-80,355,0" /><INIT seed="3,0,0,3,4,15" ten="211,284,150,355" oya="3" hai0="19,21,73,79,126,61,52,80,106,10,107,50,81" hai1="78,38,99,47,118,55,45,37,59,30,123,74,122" hai2="7,63,77,87,88,128,102,100,12,127,93,105,131" hai3="35,90,84,29,25,44,67,82,42,23,18,58,86"/><W125/><G125/><T40/><D126/><U134/><E30/><V103/><F127/><W85/><G58/><T11/><D40/><U64/><E99/><N who="2" m="61663" /><F63/><W6/><G6/><T65/><D81/><U1/><E1/><V60/><F60/><W108/><G108/><T22/><D22/><U24/><E24/><V97/><F12/><W91/><G91/><T129/><D129/><N who="2" m="49738" /><F7/><W26/><G67/><T17/><D11/><U112/><E78/><V2/><F2/><W109/><G109/><T89/><D89/><U95/><E95/><N who="2" m="54687" /><F77/><W116/><G42/><T124/><D124/><U96/><E59/><V115/><F115/><W20/><G44/><T48/><D48/><U13/><E55/><V43/><F43/><W114/><G26/><T53/><D53/><U16/><E47/><V70/><F70/><W51/><G25/><T113/><D113/><U62/><E45/><V110/><F110/><W132/><G51/><T92/><D10/><U104/><E62/><V9/><F9/><W34/><G114/><T54/><D54/><U120/><E64/><V31/><F31/><W3/><G29/><T68/><D52/><U57/><E57/><V8/><F8/><W66/><G66/><T56/><D50/><U32/><E37/><V72/><F103/><W49/><G49/><T4/><D56/><U94/><E38/><V71/><F71/><W119/><G23/><T27/><D68/><U69/><E69/><V130/><N who="2" m="49746" /><V98/><DORA hai="28" /><F98/><W117/><G20/><T75/><D65/><U5/><E112/><V111/><F111/><W33/><G3/><RYUUKYOKU ba="0,0" sc="211,-10,284,-10,150,30,355,-10" hai2="72,93,97,100" owari="201,-19.9,274,7.4,180,-32.0,345,44.5" /></mjloggm>