<mjloggm ver="2.3"><GO type="225" lobby="0"/><UN n0="%E3%83%8F%E3%82%AC%E3%82%BF%E3%82%AB%E3%81%AE%E3%81%88%E3%81%98%E3%81%8D" n1="%47%32%E9%BE%8D%E9%96%80" n2="%E3%82%82%E3%81%90%E3%82%89" n3="%E5%BE%80%E5%B9%B4%E3%81%AE%E3%82%B4%E3%83%AA%E3%83%A9" dan="16,16,16,16" rate="2142.63,2104.31,2189.37,2108.91" sx="M,M,M,M"/><TAIKYOKU oya="0"/><INIT seed="0,0,0,3,5,78" ten="250,250,250,250" oya="0" hai0="1,88,123,124,20,98,135,30,19,62,75,107,33" hai1="95,23,120,55,54,122,32,74,58,21,51,127,105" hai2="87,80,40,131,94,45,125,13,6,34,91,22,4" hai3="72,2,67,47,36,106,57,68,56,113,28,31,25"/><T27/><D123/><U134/><E105/><V118/><F34/><W71/><G113/><T42/><D75/><U89/><E32/><V53/><F131/><W84/><G2/><T3/><D124/><U0/><E0/><V130/><F130/><W103/><G72/><T11/><D135/><U129/><E134/><V15/><F125/><W69/><G67/><T97/><D42/><U83/><E129/><V35/><F35/><W108/><G108/><T119/><D119/><U49/><E127/><V101/><F53/><W46/><G84/><T116/><D116/><U16/><E21/><V112/><F112/><W73/><G73/><T5/><D1/><U18/><E18/><V82/><F118/><W65/><G65/><T14/><D107/><U110/><E110/><V109/><F101/><W9/><G9/><T117/><D117/><U81/><E74/><V64/><F64/><W26/><G103/><T70/><D70/><U48/><E122/><V114/><F109/><W128/><G106/><T41/><D62/><N who="1" m="36183" /><E55/><V100/><F100/><W86/><G71/><T52/><D41/><U92/><E92/><V96/><F96/><W43/><G43/><T77/><D77/><U39/><E39/><N who="2" m="21663" /><F114/><W29/><G128/><T79/><D79/><U38/><E38/><V102/><F102/><W24/><G36/><T61/><D88/><U76/><E76/><V66/><F66/><W85/><G69/><T115/><D115/><U126/><E126/><V99/><F99/><W59/><G68/><T12/><D3/><U90/><E120/><V104/><F104/><W60/><G60/><RYUUKYOKU ba="0,0" sc="250,15,250,-15,250,-15,250,15" hai0="5,11,12,14,19,20,27,30,33,52,61,97,98" hai3="24,25,26,28,29,31,46,47,56,57,59,85,86" /><INIT seed="0,1,0,1,5,19" ten="265,235,235,265" oya="0" hai0="96,72,60,84,14,76,24,26,69,44,104,116,36" hai1="9,87,50,45,70,120,47,79,78,16,135,37,122" hai2="48,81,30,43,98,49,126,100,117,28,129,82,35" hai3="108,121,127,58,52,101,64,18,110,73,11,109,21"/><T83/><D116/><U74/><E70/><V1/><F1/><W0/><G73/><T32/><D14/><N who="1" m="7247" /><E74/><V94/><F129/><W91/><G101/><T41/><D32/><U54/><E37/><V34/><F126/><W3/><G127/><T71/><D71/><U27/><E122/><V63/><F117/><W55/><G121/><T61/><D72/><U111/><E111/><V40/><F63/><N who="3" m="38007" /><G91/><T31/><D69/><U20/><E135/><V4/><F4/><N who="3" m="1415" /><G3/><T75/><D75/><U134/><E134/><V105/><F105/><W62/><G62/><T51/><D36/><U92/><E45/><N who="2" m="25639" /><F34/><W124/><G124/><T33/><D104/><U115/><E115/><V125/><F35/><W88/><G88/><T95/><D24/><AGARI ba="1,0" hai="18,21,24,52,55,108,109,110" m="1415,38007" machi="24" ten="30,3900,0" yaku="14,1,52,1,54,1" doraHai="19" who="3" fromWho="0" sc="265,-42,235,0,235,0,265,42" /><INIT seed="1,0,0,1,1,110" ten="223,235,235,307" oya="1" hai0="88,78,122,93,52,29,114,62,48,61,16,67,105" hai1="19,4,27,72,20,17,32,69,82,45,3,125,128" hai2="42,107,97,98,31,92,119,12,77,130,111,117,133" hai3="11,94,43,91,87,39,50,81,47,6,85,115,22"/><U74/><E69/><V34/><F34/><W7/><G115/><T86/><D114/><U37/><E128/><V36/><F36/><W63/><G63/><T15/><D105/><U68/><E68/><V84/><F42/><W118/><G118/><T109/><D109/><U35/><E125/><V113/><F31/><W60/><G60/><T33/><D122/><U38/><E82/><N who="2" m="47183" /><F12/><W14/><G22/><N who="0" m="11551" /><D67/><U132/><E132/><V51/><F51/><W131/><G131/><T120/><D120/><U99/><E99/><V101/><F111/><W30/><G30/><T24/><D78/><U2/><E20/><V49/><F49/><W59/><G59/><AGARI ba="0,0" hai="24,29,33,48,52,59,61,62,86,88,93" m="11551" machi="59" ten="30,7700,0" yaku="25,1,54,3" doraHai="110" who="0" fromWho="3" sc="223,77,235,0,235,0,307,-77" /><INIT seed="2,0,0,2,0,101" ten="300,235,235,230" oya="2" hai0="69,102,76,109,14,44,15,99,124,57,125,35,78" hai1="135,68,117,8,64,112,70,38,4,126,66,16,47" hai2="84,65,95,59,123,46,9,97,86,88,79,108,122" hai3="67,75,11,77,60,41,10,13,90,119,49,34,105"/><V71/><F108/><W106/><G34/><T39/><D69/><U92/><E112/><V132/><F132/><W45/><G119/><T29/><D109/><U93/><E117/><V114/><F114/><W17/><G90/><T51/><D39/><U113/><E113/><V130/><F130/><W0/><G77/><T24/><D57/><U23/><E135/><V19/><F71/><W134/><G75/><T121/><D78/><U100/><E126/><N who="0" m="48745" /><D76/><U131/><E131/><V81/><F46/><W37/><G37/><T21/><D35/><U91/><E70/><V1/><F1/><W96/><G134/><T52/><D121/><U63/><E64/><V26/><F123/><W33/><G33/><T48/><D48/><U40/><E91/><V7/><F122/><W110/><G110/><T127/><D127/><U115/><E100/><V27/><F59/><W74/><G74/><T62/><D62/><U104/><E115/><V128/><F65/><W116/><G116/><T120/><D120/><U111/><E111/><V2/><F128/><W53/><G67/><T43/><D43/><U133/><E133/><V12/><REACH who="2" step="1"/><F86/><REACH who="2" ten="300,235,225,230" step="2"/><W5/><G0/><T36/><D36/><U80/><E38/><V98/><F98/><W25/><G96/><T22/><D99/><U87/><E68/><V73/><F73/><W28/><G45/><T89/><D44/><U32/><E47/><V18/><F18/><W82/><G41/><T3/><D3/><N who="1" m="31" /><E40/><V107/><F107/><W50/><G105/><T94/><D52/><U55/><E55/><V20/><AGARI ba="0,1" hai="2,7,9,12,19,20,26,27,79,81,84,88,95,97" machi="20" ten="20,12000,1" yaku="1,1,0,1,7,1,54,1,53,1" doraHai="101" doraHaiUra="72" who="2" fromWho="2" sc="300,-40,235,-40,225,130,230,-40" /><INIT seed="2,1,0,4,3,102" ten="260,195,355,190" oya="2" hai0="5,87,99,121,69,47,133,94,120,89,11,3,80" hai1="39,93,13,41,130,27,63,68,83,60,90,122,108" hai2="4,9,118,40,16,119,104,81,19,116,86,23,88" hai3="134,111,33,2,84,128,22,61,96,10,85,25,43"/><V95/><F104/><W92/><G111/><T73/><D69/><U62/><E108/><V52/><F40/><W101/><G134/><T38/><D133/><U0/><E0/><V103/><F23/><W114/><G128/><T42/><REACH who="0" step="1"/><D73/><REACH who="0" ten="250,195,355,190" step="2"/><U78/><E68/><V24/><F119/><W8/><G114/><T129/><D129/><U29/><E130/><V37/><F118/><W50/><G33/><T117/><D117/><U12/><E122/><V7/><F116/><W76/><G61/><T14/><D14/><U110/><E110/><V71/><F71/><W82/><G2/><T48/><D48/><U100/><E12/><N who="2" m="7567" /><F37/><W35/><G35/><T1/><D1/><U125/><E13/><V70/><F70/><W107/><G50/><T135/><D135/><U34/><E39/><V105/><F4/><W56/><G10/><T115/><D115/><U112/><E112/><V124/><F7/><W44/><G8/><T6/><D6/><U79/><E63/><V57/><F124/><W131/><G131/><T49/><D49/><U127/><E62/><V53/><F24/><W46/><G25/><T17/><D17/><U109/><E109/><V66/><F16/><W28/><G28/><T58/><D58/><U59/><E127/><V97/><F57/><W18/><G56/><T15/><D15/><U74/><E125/><V65/><F65/><W123/><G123/><T75/><D75/><U113/><E59/><V55/><F66/><W26/><G43/><T126/><D126/><U98/><E113/><V77/><F55/><W54/><G54/><T36/><D36/><RYUUKYOKU ba="1,1" sc="250,10,195,-30,355,10,190,10" hai0="3,5,11,38,42,47,80,87,89,94,99,120,121" hai2="52,53,77,81,86,88,95,97,103,105" hai3="18,22,26,44,46,76,82,84,85,92,96,101,107" /><INIT seed="2,2,1,0,0,69" ten="260,165,365,200" oya="2" hai0="60,48,22,51,86,61,6,124,21,117,98,63,12" hai1="116,133,44,83,102,9,38,89,80,59,26,10,33" hai2="50,7,114,109,111,76,96,64,28,5,53,57,13" hai3="32,108,39,47,106,107,128,68,99,84,73,36,62"/><V87/><F114/><W71/><G84/><T85/><D124/><U11/><E116/><V88/><F28/><W120/><G120/><T55/><D117/><U56/><E133/><V112/><F112/><W135/><G135/><T35/><D35/><U49/><E102/><V78/><F64/><N who="3" m="40983" /><G47/><T110/><D110/><N who="2" m="41994" /><F96/><W127/><G108/><T18/><D6/><N who="2" m="2058" /><F13/><W119/><G119/><T130/><D130/><U0/><E0/><V24/><F24/><W41/><G127/><T29/><D98/><U30/><E80/><AGARI ba="2,1" hai="50,53,57,76,78,80,87,88" m="2058,41994" machi="80" ten="30,5800,0" yaku="14,1,10,1,54,1" doraHai="69" who="2" fromWho="1" sc="260,0,165,-64,365,74,200,0" /><INIT seed="2,3,0,1,5,38" ten="260,101,439,200" oya="2" hai0="39,46,102,0,105,120,14,63,115,88,77,19,55" hai1="33,99,90,78,6,57,26,118,3,86,29,119,17" hai2="94,7,61,101,50,65,47,51,9,108,75,135,132" hai3="111,93,95,125,113,133,53,49,27,81,76,130,48"/><V124/><F75/><W112/><G111/><T82/><D0/><U54/><E78/><V104/><F104/><W131/><G133/><T71/><D120/><U58/><E58/><V79/><F79/><W100/><G125/><T35/><D115/><N who="3" m="44105" /><G27/><T98/><D35/><U116/><E99/><N who="2" m="59639" /><F124/><W34/><G34/><T59/><D71/><U36/><E36/><V37/><F108/><W68/><G68/><T106/><D106/><U20/><E6/><V110/><F110/><W10/><G10/><T15/><D77/><U109/><E3/><V80/><F80/><W18/><G18/><T129/><D19/><U83/><E109/><V128/><F9/><W52/><G49/><T31/><D31/><U96/><E96/><V44/><F7/><W67/><G67/><T72/><D72/><U70/><E70/><V69/><F37/><W13/><G13/><T4/><D4/><U25/><REACH who="1" step="1"/><E118/><REACH who="1" ten="260,91,439,200" step="2"/><V121/><F69/><W122/><G76/><T8/><D39/><U84/><E84/><V92/><F135/><W114/><G114/><T89/><D98/><U85/><E85/><V43/><F132/><W127/><G127/><T12/><D59/><U91/><E91/><V5/><F5/><W103/><G103/><T42/><D88/><U74/><E74/><V87/><F87/><W2/><G2/><T66/><D89/><U126/><E126/><V134/><F134/><W30/><G100/><T64/><D102/><U45/><E45/><V11/><F47/><W21/><G131/><T32/><D129/><U41/><E41/><V123/><F128/><W60/><G130/><RYUUKYOKU ba="3,1" sc="260,-10,91,30,439,-10,200,-10" hai1="17,20,25,26,29,33,54,57,83,86,90,116,119" /><INIT seed="3,4,1,5,5,124" ten="250,121,429,190" oya="3" hai0="111,98,44,115,54,5,53,66,63,72,106,127,86" hai1="58,40,119,41,35,83,93,12,27,109,36,96,11" hai2="100,20,113,105,76,75,4,91,14,69,43,125,122" hai3="56,55,102,29,79,97,23,48,17,117,60,49,112"/><W52/><G112/><T61/><D111/><U73/><E109/><V68/><F113/><W114/><G117/><T81/><D72/><U70/><E119/><V6/><F125/><W99/><G29/><T26/><D115/><U89/><E70/><V128/><F69/><W9/><G79/><T37/><D5/><U123/><E123/><V7/><F68/><W133/><G133/><T78/><D127/><U2/><E2/><V45/><F122/><W132/><G132/><T80/><D26/><U42/><E36/><V108/><F105/><W3/><G114/><T59/><D63/><U110/><E110/><V129/><F100/><W31/><G31/><T87/><D106/><U131/><E35/><V101/><F101/><W15/><G55/><T130/><D98/><U71/><E71/><V28/><F91/><W22/><G99/><T33/><D33/><U116/><E116/><V51/><F108/><W107/><G3/><T47/><D37/><U21/><E58/><V50/><F28/><W46/><G49/><T65/><D54/><U38/><E38/><V0/><F0/><W13/><G13/><T90/><D130/><N who="2" m="50282" /><F51/><W1/><G1/><T39/><D39/><U94/><E131/><V77/><F75/><W74/><G74/><T88/><D90/><U85/><E73/><V67/><F67/><AGARI ba="4,1" hai="44,47,53,59,61,65,66,67,78,80,81,86,87,88" machi="67" ten="40,2600,0" yaku="8,1,54,1" doraHai="124" who="0" fromWho="2" sc="250,48,121,0,429,-38,190,0" owari="298,9.8,121,-37.9,391,49.1,190,-21.0" /></mjloggm>