<mjloggm ver="2.3"><GO type="225" lobby="0"/><UN n0="%63%68%78%62%64" n1="%45%6C%79%73%69%75%6D" n2="%E6%97%A5%E6%9B%9C%E6%97%A5%E3%82%88%E3%82%8A%E3%81%AE%E4%BD%BF%E8%80%85" n3="%E6%A0%B9%E5%85%83%E3%81%8B%E3%82%89%E5%90%B9%E3%81%A3%E9%A3%9B%E3%81%B6" dan="16,17,17,17" rate="2148.14,2106.13,2136.94,2139.76" sx="M,F,M,F"/><TAIKYOKU oya="0"/><INIT seed="0,0,0,0,1,63" ten="250,250,250,250" oya="0" hai0="61,8,26,39,65,71,1,0,12,132,120,69,5" hai1="55,15,108,101,97,27,100,74,22,41,110,117,72" hai2="18,67,49,70,86,80,19,123,43,96,89,131,17" hai3="20,59,121,135,16,115,35,57,51,76,94,36,119"/><T93/><D120/><U111/><E117/><V29/><F123/><W114/><G36/><T91/><D132/><U85/><E41/><V44/><F131/><W113/><G119/><T116/><D116/><U82/><E15/><V10/><F29/><W47/><G121/><T56/><D39/><U60/><E55/><V2/><F96/><W75/><G35/><T21/><D0/><U13/><E13/><V23/><F2/><W40/><G135/><T68/><D1/><U128/><E60/><V129/><F10/><W118/><G118/><T42/><D42/><U112/><E112/><V77/><F129/><W3/><G3/><T66/><D61/><U53/><E53/><V46/><F46/><W104/><G104/><T34/><D56/><U133/><E133/><V130/><F130/><W122/><G122/><T73/><D73/><N who="1" m="28267" /><E128/><V25/><REACH who="2" step="1"/><F77/><REACH who="2" ten="250,250,240,250" step="2"/><W24/><G114/><T105/><D34/><U64/><E97/><V28/><F28/><W134/><G134/><T45/><D45/><U126/><E126/><V6/><F6/><W83/><G115/><T107/><D107/><U98/><E98/><V99/><F99/><W84/><G113/><T124/><D105/><U14/><E100/><V87/><F87/><W90/><AGARI ba="0,1" hai="16,20,24,40,47,51,57,59,75,76,83,84,90,94" machi="90" ten="30,2000,0" yaku="0,1,54,1" doraHai="63" who="3" fromWho="3" sc="250,-10,250,-5,240,-5,250,30" /><INIT seed="1,0,0,1,3,62" ten="240,245,235,280" oya="1" hai0="91,26,40,122,90,131,57,89,60,65,36,120,37" hai1="14,1,82,44,101,5,2,78,105,15,68,63,53" hai2="72,126,76,32,47,56,100,80,6,46,54,41,73" hai3="61,115,7,85,93,86,92,25,24,127,106,29,123"/><U77/><E105/><V51/><F126/><W18/><G123/><N who="0" m="47147" /><D131/><U69/><E101/><V87/><F32/><W43/><G115/><T97/><D40/><U99/><E99/><V83/><F100/><W13/><G106/><T124/><D124/><U52/><E63/><V33/><F33/><W110/><G110/><T98/><D26/><U125/><E125/><V75/><F6/><W3/><G43/><T31/><D31/><U79/><E82/><V66/><F66/><W135/><G135/><T42/><D42/><U103/><E103/><V130/><F130/><W70/><G7/><T81/><D81/><U114/><E5/><V38/><REACH who="2" step="1"/><F47/><REACH who="2" ten="240,245,225,280" step="2"/><W94/><G127/><T113/><D113/><U88/><E114/><V45/><F45/><W34/><G34/><T8/><D8/><U132/><E44/><V48/><F48/><W0/><G29/><T96/><AGARI ba="0,1" hai="36,37,57,60,65,89,90,91,96,97,98" m="47147" machi="96" ten="40,2700,0" yaku="13,1,52,1" doraHai="62" who="0" fromWho="0" sc="240,37,245,-13,225,-7,280,-7" /><INIT seed="2,0,0,2,3,60" ten="277,232,218,273" oya="2" hai0="89,67,37,116,22,115,85,35,107,96,70,128,104" hai1="133,80,12,34,28,100,123,2,18,102,64,3,27" hai2="25,15,55,79,120,129,65,101,31,132,50,78,11" hai3="46,121,36,39,40,4,74,1,99,125,0,124,61"/><V58/><F120/><W56/><G39/><T13/><D115/><U88/><E123/><V105/><F129/><W108/><G108/><T45/><D128/><U59/><E133/><V20/><F132/><W103/><G74/><T92/><D116/><U7/><E2/><V43/><F43/><W42/><G42/><T118/><D118/><U51/><E7/><V17/><F105/><W24/><G24/><T97/><D37/><U14/><E3/><V126/><F126/><N who="3" m="48747" /><G4/><T112/><D45/><U93/><E80/><V134/><F134/><W44/><G44/><T47/><D47/><U41/><E41/><V30/><F101/><W72/><G72/><T33/><D112/><U69/><E69/><V106/><F106/><N who="3" m="63871" /><G121/><T8/><D107/><U131/><E131/><V48/><F31/><W114/><G114/><T54/><D104/><U135/><E135/><V94/><F50/><W71/><G71/><T75/><D75/><U98/><E12/><V10/><F10/><W130/><G130/><T87/><D22/><U111/><E111/><V66/><REACH who="2" step="1"/><F94/><REACH who="2" ten="277,232,208,273" step="2"/><W49/><G49/><T57/><D92/><U19/><E51/><V62/><F62/><W86/><G61/><T109/><D8/><U82/><E102/><V38/><F38/><W52/><G40/><T119/><D109/><U16/><E100/><V110/><F110/><W77/><G36/><T113/><D119/><U73/><E28/><V95/><F95/><W81/><G46/><T23/><D113/><U127/><E127/><V117/><F117/><W68/><G68/><T32/><D70/><U90/><E93/><RYUUKYOKU ba="0,1" sc="277,-15,232,-15,208,15,273,15" hai2="11,15,17,20,25,30,48,55,58,65,66,78,79" hai3="0,1,52,56,77,81,86" /><INIT seed="2,1,1,4,0,128" ten="262,217,223,288" oya="2" hai0="44,77,30,64,65,81,35,39,130,134,8,129,15" hai1="72,2,83,132,74,107,76,20,52,94,100,80,43" hai2="79,124,42,56,113,0,118,68,13,127,87,61,59" hai3="14,58,27,24,104,23,37,54,21,123,75,5,57"/><V48/><F0/><W36/><G75/><T85/><D134/><U7/><E94/><V70/><F13/><W125/><G104/><T60/><D30/><U69/><E20/><V108/><F87/><W112/><G125/><N who="2" m="48201" /><F79/><W95/><G95/><T22/><D22/><U32/><E32/><V120/><F113/><W67/><G67/><T82/><D82/><U10/><E80/><V99/><F99/><W71/><G71/><N who="2" m="27177" /><F118/><W45/><G14/><T103/><D35/><U26/><E74/><V78/><F78/><W11/><G11/><T55/><D103/><U46/><E100/><V86/><F86/><W33/><G33/><T16/><D39/><N who="1" m="21887" /><E107/><V34/><F34/><W98/><G37/><T17/><D17/><U40/><E26/><V9/><F9/><W62/><G36/><T19/><D19/><U53/><E69/><V122/><F108/><W88/><G24/><T102/><D102/><U101/><E101/><V119/><F119/><W121/><G27/><T41/><D41/><U116/><E40/><V18/><F18/><W89/><G23/><T91/><D77/><U50/><E116/><V117/><F117/><W25/><G21/><T84/><D84/><U135/><E53/><N who="2" m="31783" /><F42/><W126/><G25/><T90/><D90/><U63/><E63/><V1/><F1/><W115/><G88/><T38/><D60/><U114/><E114/><V49/><F49/><N who="3" m="28975" /><G89/><T93/><D93/><U111/><E111/><V12/><F12/><W109/><G109/><T66/><D38/><U92/><E92/><V133/><F133/><W131/><G115/><T29/><D29/><RYUUKYOKU ba="1,1" sc="262,10,217,10,223,10,288,-30" hai0="8,15,16,44,55,64,65,66,81,85,91,129,130" hai1="2,7,10,50,52,72,76,83,132,135" hai2="59,61,120,122" /><INIT seed="2,2,1,3,4,117" ten="272,227,233,258" oya="2" hai0="24,126,97,128,78,67,62,86,88,93,134,123,56" hai1="103,84,95,38,22,75,92,49,44,39,66,114,32" hai2="2,113,108,63,89,127,83,80,54,82,20,29,7" hai3="55,69,130,96,61,16,21,41,99,106,6,33,129"/><V85/><F113/><W5/><G33/><T14/><D123/><U35/><E75/><V98/><F127/><W58/><G41/><T90/><D126/><U124/><E124/><V11/><F108/><W119/><G119/><T4/><D128/><N who="3" m="49257" /><G69/><T12/><D134/><U27/><E66/><V42/><F42/><W60/><G60/><T51/><D78/><U31/><E114/><V72/><F98/><N who="3" m="37419" /><G106/><T115/><D115/><U87/><E103/><V59/><REACH who="2" step="1"/><F72/><REACH who="2" ten="272,227,223,258" step="2"/><W118/><G118/><T132/><D132/><U13/><E87/><V43/><F43/><W125/><G125/><T109/><D109/><U34/><E84/><V19/><F19/><W3/><G3/><T121/><D4/><U77/><E38/><V79/><F79/><W81/><G81/><T50/><D121/><U68/><E39/><V1/><F1/><W47/><G47/><T133/><D133/><U110/><E77/><V65/><F65/><W74/><G74/><T107/><D107/><U8/><E110/><V48/><F48/><N who="0" m="18474" /><D24/><AGARI ba="2,2" hai="2,7,11,20,24,29,54,59,63,80,82,83,85,89" machi="24" ten="40,2000,0" yaku="1,1,53,0" doraHai="117" doraHaiUra="135" who="2" fromWho="0" sc="272,-26,227,0,223,46,258,0" /><AGARI ba="2,0" hai="5,6,16,21,24,55,58,61" m="37419,49257" machi="24" ten="30,2000,0" yaku="19,1,54,1" doraHai="117" who="3" fromWho="0" sc="246,-20,227,0,269,0,258,20" /><INIT seed="2,3,0,0,4,58" ten="226,227,269,278" oya="2" hai0="73,16,9,20,42,61,52,100,34,48,118,30,29" hai1="55,69,10,3,123,44,62,0,80,22,89,60,86" hai2="97,46,6,13,133,40,39,76,21,106,53,111,93" hai3="54,85,41,56,1,35,72,78,79,17,134,27,101"/><V131/><F131/><W112/><G1/><T8/><D73/><U4/><E123/><V49/><F133/><W130/><G72/><T63/><D118/><U14/><E69/><V77/><F106/><W102/><G112/><T108/><D108/><U119/><E119/><V125/><F111/><W50/><G130/><T38/><D34/><U98/><E0/><V105/><F105/><W82/><G35/><T113/><D38/><U26/><E3/><V33/><F33/><W68/><G68/><T32/><D32/><U87/><E98/><V37/><F125/><W132/><G41/><T5/><D42/><U83/><E55/><V126/><F126/><W59/><G79/><T114/><D100/><U51/><E51/><V74/><F74/><W120/><G120/><T103/><D103/><U43/><E44/><V12/><F12/><W99/><G59/><N who="0" m="33159" /><D114/><U88/><E43/><V11/><F21/><N who="3" m="13743" /><G99/><T96/><D96/><U116/><E116/><V75/><F75/><W127/><G127/><T95/><D95/><U15/><E15/><V65/><F39/><W94/><G94/><T90/><D90/><U28/><AGARI ba="3,0" hai="4,10,14,22,26,28,60,62,80,83,86,87,88,89" machi="28" ten="20,12000,2" yaku="0,1,7,1,9,1,8,1,52,2,54,1" doraHai="58" who="1" fromWho="1" sc="226,-33,227,129,269,-63,278,-33" /><INIT seed="3,0,0,3,0,53" ten="193,356,206,245" oya="3" hai0="74,100,93,71,5,31,77,35,49,84,83,55,56" hai1="97,27,9,79,129,50,66,38,67,106,110,133,44" hai2="17,111,22,54,45,62,91,120,99,11,95,72,59" hai3="117,122,96,36,105,10,104,113,30,78,14,128,60"/><W130/><G113/><T125/><D71/><U57/><E110/><V73/><F111/><W94/><G36/><T4/><D125/><U42/><E129/><V48/><F11/><W33/><G78/><T18/><D18/><U61/><E133/><V15/><F120/><W109/><G117/><T21/><D35/><U131/><E131/><V69/><REACH who="2" step="1"/><F69/><REACH who="2" ten="193,356,196,245" step="2"/><W65/><G122/><T116/><D116/><U1/><E9/><V29/><F29/><W6/><G30/><T25/><D74/><U68/><E68/><V118/><F118/><W70/><G109/><T40/><D40/><AGARI ba="0,1" hai="15,17,22,40,45,48,54,59,62,72,73,91,95,99" machi="40" ten="30,7700,0" yaku="1,1,7,1,52,1,53,1" doraHai="53" doraHaiUra="87" who="2" fromWho="0" sc="193,-77,356,0,196,87,245,0" owari="116,-38.4,356,45.6,283,8.3,245,-15.5" /></mjloggm>