<mjloggm ver="2.3"><GO type="225" lobby="0"/><UN n0="%77%72%77%72%77%72%77%72" n1="%28%EF%BF%A3%E2%96%BD%EF%BF%A3%29%CE%B4%E2%8C%92%E3%83%BB" n2="%E3%81%BF%E3%81%BF%E3%81%9A" n3="%E7%99%BD%E5%92%B2%E8%8A%B1%E3%81%A1%E3%82%83%E3%82%93" dan="17,16,18,16" rate="2167.33,2147.71,2240.91,2117.17" sx="M,M,M,F"/><TAIKYOKU oya="0"/><INIT seed="0,0,0,5,0,129" ten="250,250,250,250" oya="0" hai0="126,44,114,87,48,85,90,93,65,29,118,101,89" hai1="58,121,120,4,71,8,108,35,76,75,52,68,109" hai2="61,21,3,105,82,124,17,119,134,38,78,39,36" hai3="5,122,53,19,104,40,128,106,18,27,72,32,46"/><T131/><D114/><U10/><E35/><V7/><F105/><W80/><G128/><T83/><D118/><U60/><E76/><V6/><F119/><W43/><G53/><T24/><D131/><U16/><E75/><V111/><F111/><N who="1" m="42569" /><E10/><V84/><F124/><W28/><G122/><N who="1" m="47210" /><E16/><V23/><F134/><W115/><G115/><T49/><D126/><U37/><E37/><V45/><F3/><AGARI ba="0,0" hai="3,4,8,52,58,60,68,71" m="47210,42569" machi="3" ten="30,2000,0" yaku="14,1,54,1" doraHai="129" who="1" fromWho="2" sc="250,0,250,20,250,-20,250,0" /><INIT seed="1,0,0,4,4,3" ten="250,270,230,250" oya="1" hai0="27,36,107,76,60,57,54,30,38,79,122,120,59" hai1="13,102,119,14,116,77,105,19,97,33,42,100,81" hai2="129,112,64,0,115,28,41,117,75,91,47,46,92" hai3="10,32,130,63,123,8,131,26,113,6,40,55,17"/><U114/><E33/><V118/><F75/><W108/><G40/><T67/><D107/><U132/><E114/><N who="2" m="43563" /><F28/><N who="3" m="19479" /><G113/><T7/><D7/><U73/><E132/><V135/><F135/><W103/><G103/><T35/><D79/><U106/><E42/><V22/><F22/><W104/><G104/><T124/><D76/><U1/><E1/><V82/><F82/><W31/><G55/><T12/><D12/><U70/><E70/><V39/><F46/><W68/><G63/><T65/><D65/><U78/><E78/><V84/><F129/><N who="3" m="49163" /><G68/><T74/><D74/><U96/><REACH who="1" step="1"/><E13/><REACH who="1" ten="250,260,230,250" step="2"/><V83/><F0/><N who="3" m="71" /><G123/><N who="0" m="47147" /><D124/><U85/><E85/><N who="2" m="52335" /><F64/><W111/><G31/><T56/><D54/><U51/><E51/><V121/><F121/><W69/><G69/><AGARI ba="0,1" hai="27,30,35,36,38,56,57,59,60,67,69" m="47147" machi="69" ten="30,1000,0" yaku="13,1" doraHai="3" who="0" fromWho="3" sc="250,20,260,0,230,0,250,-10" /><INIT seed="2,0,0,4,1,115" ten="270,260,230,240" oya="2" hai0="120,15,134,17,11,78,113,74,104,95,50,103,61" hai1="97,75,37,12,59,132,135,129,26,88,13,3,9" hai2="99,82,121,62,96,84,43,36,60,118,106,125,25" hai3="24,117,101,27,7,116,65,126,109,100,33,46,93"/><V72/><F121/><W34/><G7/><T30/><D113/><U89/><E75/><V86/><F72/><W127/><G46/><T79/><D120/><U119/><E37/><V90/><F36/><W41/><G65/><T133/><D104/><U18/><E3/><V68/><F43/><W85/><G41/><T56/><D50/><U53/><E129/><V49/><F118/><W111/><G85/><T0/><D0/><U51/><E119/><V1/><F1/><W63/><G63/><N who="2" m="24105" /><F68/><W81/><G93/><T45/><D45/><U69/><E69/><V28/><F49/><W80/><AGARI ba="0,0" hai="24,27,33,34,80,81,100,101,109,111,116,117,126,127" machi="80" ten="25,8000,1" yaku="0,1,22,2,52,2" doraHai="115" who="3" fromWho="3" sc="270,-20,260,-20,230,-40,240,80" /><INIT seed="3,0,0,5,3,133" ten="250,240,190,320" oya="3" hai0="6,111,17,130,132,109,107,56,32,100,9,71,14" hai1="63,134,43,122,13,77,36,95,105,70,115,74,112" hai2="89,67,58,108,62,98,50,34,61,2,52,69,1" hai3="23,82,28,126,88,102,42,54,35,93,125,73,41"/><W75/><G35/><T113/><D71/><U78/><E105/><V104/><F108/><N who="0" m="41546" /><D130/><U37/><E122/><V55/><F34/><W18/><G28/><T121/><D132/><U66/><E134/><V123/><F123/><W4/><G4/><T60/><D32/><U85/><E74/><V119/><F119/><W120/><G102/><T33/><D33/><U59/><E77/><V131/><F131/><W72/><G54/><T129/><D129/><U110/><E110/><V118/><F118/><W19/><G82/><T57/><D113/><U81/><E70/><V38/><F38/><W30/><G30/><T26/><D121/><U103/><E13/><V10/><F10/><W87/><G19/><T65/><D56/><U25/><E25/><V84/><F98/><W11/><G11/><T94/><D107/><U64/><E64/><V127/><F104/><W86/><G86/><T117/><D117/><U49/><E36/><V5/><F5/><W96/><G87/><T29/><D29/><U12/><E12/><V116/><F116/><W46/><G120/><T135/><D135/><U7/><E7/><V53/><F127/><N who="3" m="48651" /><G46/><T27/><D6/><U101/><E103/><V24/><F24/><AGARI ba="0,0" hai="18,23,24,41,42,72,73,75,88,93,96" m="48651" machi="24" ten="40,12000,1" yaku="18,1,52,3,54,1" doraHai="133" who="3" fromWho="2" sc="250,0,240,0,190,-120,320,120" owari="250,5.0,240,-16.0,70,-43.0,440,54.0" /></mjloggm>