<mjloggm ver="2.3"><GO type="225" lobby="0"/><UN n0="%E3%82%A2%E3%83%BC%E3%83%A2%E3%83%AD%E3%83%BC%E3%83%B4%E3%82%A1" n1="%E4%BA%95%E5%B8%AF" n2="%65%2D%73%65%70%65%6E%3B" n3="%40%79%75%6B%69%73" dan="16,16,16,16" rate="2192.86,2050.42,2143.93,2171.52" sx="M,M,M,M"/><TAIKYOKU oya="0"/><INIT seed="0,0,0,3,0,89" ten="250,250,250,250" oya="0" hai0="78,83,94,60,93,105,109,66,73,123,59,130,121" hai1="72,62,61,84,46,39,113,29,116,58,18,50,107" hai2="115,86,124,82,101,106,22,126,16,133,30,6,98" hai3="88,76,129,68,48,71,132,131,45,64,4,103,5"/><T27/><D105/><U37/><E72/><V122/><F115/><W55/><G132/><T20/><D130/><N who="3" m="49673" /><G76/><T0/><D0/><U77/><E116/><V25/><F122/><W87/><G103/><T34/><D34/><U97/><E113/><V13/><F6/><N who="3" m="2667" /><G64/><T134/><D134/><U112/><E29/><V28/><F133/><W35/><G35/><T49/><D109/><U63/><E77/><V80/><F80/><AGARI ba="0,0" hai="45,48,55,68,71,80,87,88" m="2667,49673" machi="80" ten="30,2000,0" yaku="19,1,54,1" doraHai="89" who="3" fromWho="2" sc="250,0,250,0,250,-20,250,20" /><INIT seed="1,0,0,1,4,65" ten="250,250,230,270" oya="1" hai0="116,92,17,88,77,103,70,104,132,15,76,134,120" hai1="22,16,106,112,57,19,68,133,107,82,86,111,3" hai2="5,75,89,62,38,115,80,23,9,118,105,61,18" hai3="101,49,66,13,26,39,10,42,117,127,32,96,125"/><U0/><E112/><V11/><F38/><W130/><G39/><T94/><D116/><U98/><E133/><N who="0" m="51305" /><D120/><U110/><E57/><V81/><F115/><W46/><G117/><T55/><D70/><U123/><E123/><V73/><F118/><W52/><G130/><T129/><D129/><U126/><E126/><N who="3" m="48138" /><G66/><T64/><D64/><U97/><E68/><V50/><F105/><N who="1" m="39945" /><E86/><V128/><F128/><W67/><G67/><T29/><D29/><U72/><E82/><V24/><F73/><W20/><G32/><T44/><D104/><U7/><E72/><V36/><F36/><W48/><G96/><N who="1" m="36970" /><E7/><V121/><F121/><W54/><G101/><T108/><D103/><U90/><E90/><V74/><F74/><W30/><G49/><N who="0" m="29095" /><D94/><U124/><E124/><V27/><F80/><W91/><G91/><T14/><D77/><U85/><E85/><V58/><F89/><W63/><G63/><T78/><D76/><U12/><E19/><AGARI ba="0,0" hai="10,13,19,20,26,30,42,46,48,52,54" m="48138" machi="19" ten="30,2000,0" yaku="18,1,54,1" doraHai="65" who="3" fromWho="1" sc="250,0,250,-20,230,0,270,20" /><INIT seed="2,0,0,0,5,93" ten="250,230,230,290" oya="2" hai0="125,91,115,30,89,7,108,105,120,135,127,81,129" hai1="27,118,42,130,25,102,69,48,11,101,44,37,95" hai2="60,106,109,126,52,112,6,38,107,122,110,16,117" hai3="43,119,57,40,34,61,99,36,5,29,63,31,104"/><V19/><F122/><W15/><G119/><T39/><D120/><U78/><E118/><V21/><F112/><W8/><G63/><T12/><D115/><U114/><E114/><V13/><F117/><W97/><G36/><T121/><D121/><U49/><E130/><V75/><F75/><W50/><G104/><T23/><D129/><U133/><E133/><V132/><F38/><W1/><G1/><T32/><D135/><U47/><E69/><V103/><F132/><W55/><G34/><T54/><D108/><N who="2" m="41578" /><F126/><N who="0" m="48138" /><D105/><N who="2" m="39946" /><F103/><W80/><G80/><T10/><D32/><U4/><E37/><V64/><F6/><W94/><G94/><T82/><D39/><U90/><E102/><V58/><F19/><W2/><G2/><T77/><D54/><AGARI ba="0,0" hai="13,16,21,52,54,58,60,64" m="39946,41578" machi="54" ten="30,11600,0" yaku="14,1,10,1,54,2" doraHai="93" who="2" fromWho="0" sc="250,-116,230,0,230,116,290,0" /><INIT seed="2,1,0,4,5,67" ten="134,230,346,290" oya="2" hai0="17,92,102,90,105,15,71,95,115,7,55,5,132" hai1="78,81,52,62,42,50,46,120,87,106,98,113,28" hai2="49,16,97,114,64,23,133,118,131,127,101,33,124" hai3="31,99,84,125,135,30,4,107,103,122,88,48,22"/><V123/><F118/><W104/><G122/><T70/><D115/><U13/><E113/><V25/><F123/><W68/><G107/><T126/><D126/><U108/><E120/><V59/><F114/><W109/><G125/><N who="2" m="48201" /><F131/><W65/><G109/><T76/><D132/><U63/><E108/><V112/><F133/><W66/><G135/><T77/><D105/><U83/><E28/><V2/><F2/><W10/><G48/><T21/><D102/><U89/><E13/><V130/><F33/><W19/><G31/><T86/><D95/><U36/><E106/><N who="2" m="63791" /><F130/><W39/><G30/><T80/><D55/><U85/><REACH who="1" step="1"/><E98/><REACH who="1" ten="134,220,346,290" step="2"/><V18/><F112/><W38/><G99/><T35/><D35/><U1/><E1/><V26/><F26/><W129/><G104/><T51/><D77/><U110/><E110/><V73/><F25/><W58/><G129/><T60/><D51/><U41/><E41/><V34/><F34/><W82/><G38/><T40/><D40/><U91/><E91/><V79/><F79/><W111/><G88/><T134/><D134/><U116/><E116/><V0/><F0/><W53/><G39/><T44/><D44/><AGARI ba="1,1" hai="36,42,44,46,50,52,62,63,78,81,83,85,87,89" machi="44" ten="30,3900,0" yaku="1,1,7,1,54,1,53,0" doraHai="67" doraHaiUra="117" who="1" fromWho="0" sc="134,-42,220,52,346,0,290,0" /><INIT seed="3,0,0,3,0,121" ten="92,272,346,290" oya="3" hai0="37,20,110,78,87,1,61,11,25,113,73,42,36" hai1="68,46,126,122,40,8,114,57,43,90,32,34,116" hai2="133,75,115,56,23,66,60,105,41,85,96,33,93" hai3="77,106,17,134,58,135,86,100,130,9,47,54,76"/><W119/><G119/><T120/><D120/><U59/><E114/><V18/><F115/><W72/><G72/><T95/><D113/><U102/><E122/><V38/><F33/><W62/><G130/><T6/><D61/><U51/><E116/><V27/><F75/><W48/><G100/><T53/><D53/><U67/><E102/><V70/><F105/><W10/><G106/><T12/><D12/><U50/><E8/><V45/><F85/><W7/><G17/><T124/><D124/><U24/><E90/><V117/><F133/><W118/><G118/><T89/><D78/><U29/><E126/><V123/><F123/><W52/><G10/><T3/><D73/><U19/><E34/><V131/><F131/><W71/><G71/><T49/><D1/><U2/><E2/><V4/><F4/><W63/><G63/><T16/><D49/><U69/><E19/><V65/><F117/><W104/><G104/><T84/><D84/><U35/><E67/><V80/><F80/><W0/><REACH who="3" step="1"/><G86/><REACH who="3" ten="92,272,346,280" step="2"/><T82/><D82/><U28/><E24/><V112/><F112/><W91/><G91/><T13/><D25/><U26/><REACH who="1" step="1"/><E26/><REACH who="1" ten="92,262,346,280" step="2"/><V103/><F70/><W64/><G64/><AGARI ba="0,2" hai="18,23,27,38,41,45,56,60,64,65,66,93,96,103" machi="64" ten="30,1000,0" yaku="7,1" doraHai="121" who="2" fromWho="3" sc="92,0,262,0,346,30,280,-10" owari="92,-40.8,262,-13.8,376,47.6,270,7.0" /></mjloggm>