<mjloggm ver="2.3"><GO type="225" lobby="0"/><UN n0="%6D%75%75%73%61%6E%6D%75" n1="%E3%81%82%E3%81%B9%E3%81%99%E3%81%91" n2="%E9%B4%A8%4E%45%47%49" n3="%E3%83%A9%E3%82%A4%E3%83%B3%E3%81%AE%E8%99%8E" dan="17,16,16,16" rate="2175.80,2050.62,2120.84,2100.39" sx="F,M,M,M"/><TAIKYOKU oya="0"/><INIT seed="0,0,0,3,4,69" ten="250,250,250,250" oya="0" hai0="77,92,66,94,19,5,28,74,26,133,39,135,103" hai1="84,29,42,109,35,22,23,36,93,56,65,53,115" hai2="114,81,90,11,61,51,41,10,1,68,6,131,18" hai3="71,122,60,75,117,113,40,57,108,47,125,110,44"/><T45/><D5/><U130/><E109/><N who="3" m="42090" /><G75/><T32/><D66/><U129/><E115/><V95/><F114/><W72/><G72/><T86/><D74/><U67/><E35/><V87/><F131/><N who="1" m="50185" /><E36/><V38/><F51/><N who="3" m="27015" /><G113/><T70/><D70/><U2/><E42/><V17/><F11/><W9/><G9/><T64/><D64/><N who="1" m="24651" /><E29/><V128/><F68/><W58/><G71/><T97/><D19/><U54/><E2/><V52/><F128/><W27/><G117/><T78/><D45/><U76/><E54/><V98/><F41/><W7/><G7/><T63/><D63/><N who="1" m="36239" /><E76/><V82/><F38/><W3/><G60/><T24/><D39/><U99/><E84/><V85/><F85/><W55/><G3/><T37/><D37/><U102/><AGARI ba="0,0" hai="22,23,93,99,102" m="36239,24651,50185" machi="102" ten="30,1100,0" yaku="19,1" doraHai="69" who="1" fromWho="1" sc="250,-5,250,11,250,-3,250,-3" /><INIT seed="1,0,0,5,2,10" ten="245,261,247,247" oya="1" hai0="43,97,7,14,78,102,11,127,65,31,115,133,60" hai1="118,92,40,87,107,0,26,100,33,15,59,134,82" hai2="61,119,38,125,83,18,103,29,58,69,91,86,121" hai3="2,90,63,128,70,104,51,99,8,34,19,98,67"/><U76/><E118/><V85/><F119/><W46/><G128/><T80/><D115/><U47/><E0/><V53/><F121/><W124/><G124/><T106/><D127/><U109/><E134/><V93/><F125/><W24/><G104/><T30/><D43/><U114/><E114/><V50/><F38/><W132/><G132/><T122/><D122/><U71/><E71/><V5/><F5/><W55/><G90/><T108/><D108/><U96/><E109/><V73/><F73/><W28/><REACH who="3" step="1"/><G2/><REACH who="3" ten="245,261,247,237" step="2"/><T13/><D133/><U37/><E107/><V36/><F103/><W52/><G52/><T95/><D106/><U89/><E89/><V35/><F91/><W3/><G3/><T41/><D41/><U126/><E126/><V117/><F53/><W9/><G9/><T77/><D77/><U22/><E59/><V12/><F58/><W72/><G72/><T123/><D123/><U120/><E120/><V129/><F129/><W20/><G20/><T45/><D11/><U17/><REACH who="1" step="1"/><E33/><REACH who="1" ten="245,251,247,237" step="2"/><V4/><F35/><W81/><G81/><T57/><D80/><U25/><AGARI ba="0,2" hai="15,17,22,25,26,37,40,47,76,82,87,92,96,100" machi="25" ten="30,12000,1" yaku="1,1,2,1,0,1,52,1,53,1" doraHai="10" doraHaiUra="74" who="1" fromWho="1" sc="245,-40,251,140,247,-40,237,-40" /><INIT seed="1,1,0,0,0,18" ten="205,391,207,197" oya="1" hai0="2,129,97,112,124,58,13,28,82,12,63,64,92" hai1="25,77,73,135,8,57,59,41,62,5,113,131,26" hai2="79,9,120,68,46,20,85,61,27,118,134,40,1" hai3="125,39,104,38,51,110,65,56,42,116,31,106,66"/><U99/><E113/><V29/><F120/><W7/><G7/><T55/><D112/><U11/><E135/><V119/><F134/><W48/><G31/><T75/><D2/><U109/><E131/><V98/><F98/><W24/><G24/><T10/><D129/><U49/><E109/><V93/><F68/><W34/><G34/><T36/><D124/><U0/><E11/><V60/><F118/><W115/><G115/><T95/><D36/><U94/><E77/><V108/><F108/><W35/><G35/><T19/><D28/><U21/><E73/><V14/><F1/><W128/><G128/><T53/><D75/><U91/><E26/><V33/><F33/><W54/><G110/><T89/><D82/><U17/><E17/><V16/><F119/><W23/><G23/><T52/><D92/><U103/><E103/><V81/><REACH who="2" step="1"/><F93/><REACH who="2" ten="205,391,197,197" step="2"/><W15/><G116/><T127/><D127/><U47/><E99/><V122/><F122/><W114/><G125/><T6/><REACH who="0" step="1"/><D64/><REACH who="0" ten="195,391,197,197" step="2"/><U117/><E94/><V84/><F84/><W4/><G65/><T32/><D32/><U102/><E0/><V74/><F74/><W123/><G66/><T133/><D133/><U78/><E117/><V44/><F44/><N who="3" m="25623" /><G114/><T126/><D126/><U86/><E86/><V69/><F69/><W70/><G70/><T111/><D111/><U121/><E121/><V90/><F90/><W22/><G123/><T105/><D105/><U83/><E91/><V88/><F88/><W87/><G87/><T132/><D132/><U107/><E107/><V3/><F3/><W130/><G130/><RYUUKYOKU ba="1,2" sc="195,15,391,-15,197,15,197,-15" hai0="6,10,12,13,19,52,53,55,58,63,89,95,97" hai2="9,14,16,20,27,29,40,46,60,61,79,81,85" /><INIT seed="2,2,2,3,0,17" ten="210,376,212,182" oya="2" hai0="15,8,81,115,4,123,23,20,28,25,93,132,35" hai1="42,77,18,59,78,90,134,124,122,45,99,5,107" hai2="103,24,126,54,108,0,102,84,85,87,47,27,29" hai3="58,101,86,65,83,111,9,82,105,131,74,135,120"/><V33/><F126/><W26/><G120/><T88/><D123/><U53/><E124/><V40/><F0/><W62/><G111/><T46/><D115/><U73/><E134/><V67/><F108/><W128/><G135/><T69/><D132/><U116/><E116/><V1/><F1/><W95/><G9/><T117/><D69/><U19/><E5/><V75/><F75/><W61/><G105/><T55/><D117/><U104/><E104/><V10/><F10/><W89/><G101/><T125/><D125/><U114/><E114/><V76/><F76/><W70/><G26/><T91/><D81/><U41/><E41/><V71/><F54/><W57/><G70/><T31/><D35/><U6/><E6/><V60/><REACH who="2" step="1"/><F27/><REACH who="2" ten="210,376,202,182" step="2"/><W119/><G119/><T50/><D93/><N who="1" m="56759" /><E78/><V64/><F64/><N who="3" m="38959" /><G74/><T49/><D50/><AGARI ba="2,3" hai="24,29,33,40,47,50,60,67,71,84,85,87,102,103" machi="50" ten="40,7700,0" yaku="1,1,53,2" doraHai="17" doraHaiUra="98" who="2" fromWho="0" sc="210,-83,376,0,202,113,182,0" /><INIT seed="2,3,0,3,3,50" ten="127,376,315,182" oya="2" hai0="36,52,133,1,26,82,23,84,76,103,74,110,97" hai1="2,134,130,29,101,89,64,113,10,73,13,27,61" hai2="123,56,68,31,20,105,9,37,42,34,49,7,69" hai3="35,47,28,120,25,54,107,79,32,115,118,125,53"/><V104/><F123/><W127/><G118/><T40/><D1/><U86/><E113/><V81/><F34/><N who="3" m="20751" /><G120/><T92/><D110/><U109/><E109/><V72/><F37/><W43/><G107/><T90/><D133/><U11/><E2/><V44/><F105/><W124/><G79/><T59/><D36/><U132/><E130/><V39/><F104/><W65/><G65/><T0/><D0/><U17/><E11/><V22/><F31/><W24/><G115/><T33/><D33/><N who="3" m="12873" /><G24/><T98/><D40/><U112/><E101/><V126/><F69/><W60/><G60/><T16/><D103/><U119/><E73/><V58/><F68/><W88/><G88/><T128/><D128/><U62/><E112/><V5/><F72/><W91/><G91/><T70/><D70/><U71/><E119/><V96/><F81/><W129/><G129/><T102/><D102/><U116/><E116/><V99/><F39/><AGARI ba="3,0" hai="39,43,47,53,54,124,125,127" m="12873,20751" machi="39" ten="40,5200,0" yaku="18,1,52,2" doraHai="50" who="3" fromWho="2" sc="127,0,376,0,315,-61,182,61" /><INIT seed="3,0,0,2,0,46" ten="127,376,254,243" oya="3" hai0="108,110,53,106,70,132,123,95,15,18,134,99,74" hai1="66,59,102,100,125,120,27,92,48,22,33,4,118" hai2="124,115,98,90,50,44,5,122,65,47,91,119,25" hai3="85,41,20,80,14,23,107,64,37,111,128,97,8"/><W31/><G128/><T55/><D70/><U29/><E120/><V13/><F119/><W94/><G107/><T28/><D106/><U77/><E125/><V78/><F122/><W126/><G126/><T71/><D123/><U17/><E4/><V86/><F124/><W42/><G64/><T9/><D71/><U40/><E77/><V69/><F115/><W79/><G111/><N who="0" m="42539" /><D74/><U26/><E118/><V38/><F25/><N who="3" m="16807" /><G37/><T56/><D56/><U61/><REACH who="1" step="1"/><E92/><REACH who="1" ten="127,366,254,243" step="2"/><V129/><F78/><W2/><G2/><T105/><D105/><U11/><E11/><V0/><F0/><W12/><G23/><N who="0" m="11743" /><D95/><U67/><E67/><V135/><F65/><W49/><G8/><T58/><D99/><U104/><E104/><V52/><F98/><W89/><G41/><T131/><D55/><U19/><E19/><V36/><F129/><W57/><G42/><T62/><D131/><U88/><E88/><V60/><F91/><W43/><G43/><T112/><D9/><U76/><E76/><V39/><F5/><W63/><G63/><T68/><D112/><U16/><E16/><V116/><F60/><W121/><G121/><T35/><D68/><U127/><E127/><V117/><F69/><W133/><G133/><N who="0" m="51307" /><D28/><U54/><E54/><AGARI ba="0,1" hai="12,14,49,54,57,79,80,85,89,94,97" m="16807" machi="54" ten="30,2900,0" yaku="8,1,52,1" doraHai="46" who="3" fromWho="1" sc="127,0,366,-29,254,0,243,39" /><INIT seed="3,1,0,5,2,76" ten="127,337,254,282" oya="3" hai0="129,22,87,115,14,74,24,36,50,51,124,85,125" hai1="13,84,28,101,109,57,78,29,46,91,52,4,133" hai2="20,27,21,58,99,135,120,69,119,59,128,113,81" hai3="107,38,106,130,82,88,3,68,12,9,19,102,60"/><W72/><G102/><T42/><D74/><U75/><E109/><V67/><F119/><W53/><G38/><T48/><D36/><U93/><E133/><V49/><F113/><W2/><G130/><T7/><D42/><U32/><E32/><V92/><F135/><W77/><G88/><T134/><D134/><U10/><E46/><V112/><F112/><W37/><G37/><T55/><D115/><U17/><E101/><N who="2" m="60647" /><F69/><W121/><G121/><T83/><D129/><U0/><E78/><V66/><F128/><W94/><G94/><T127/><D55/><U45/><E45/><V61/><F21/><W34/><G34/><T103/><D103/><U26/><E75/><V54/><F120/><W95/><G95/><T71/><D71/><U8/><E26/><V104/><F104/><W100/><G100/><T33/><D33/><U80/><E93/><V25/><F67/><W30/><G30/><T64/><D64/><U97/><E97/><V132/><F132/><W117/><G117/><T47/><D47/><U5/><E5/><V70/><F70/><W15/><G15/><T1/><D1/><U131/><E131/><V105/><F105/><N who="3" m="39947" /><G68/><T44/><D44/><U126/><E126/><N who="0" m="32257" /><T16/><DORA hai="118" /><D83/><U122/><E122/><V86/><F20/><W111/><G111/><T39/><D39/><U56/><E56/><V79/><AGARI ba="1,0" hai="25,27,49,54,58,59,61,66,79,81,86" m="60647" machi="79" ten="30,2000,0" yaku="8,1,52,1" doraHai="76,118" who="2" fromWho="2" sc="127,-6,337,-6,254,23,282,-11" owari="121,-37.9,331,43.1,277,7.7,271,-12.9" /></mjloggm>