<mjloggm ver="2.3"><GO type="225" lobby="0"/><UN n0="%E6%A0%B9%E5%85%83%E3%81%8B%E3%82%89%E5%90%B9%E3%81%A3%E9%A3%9B%E3%81%B6" n1="%33%74%72%65%65" n2="%E6%A1%9C%E8%8A%B1%E9%96%83%E3%80%85" n3="%E3%81%8B%E3%82%8F%E3%81%A1%E3%82%83%E3%82%93%35%38" dan="17,16,16,16" rate="2160.83,2124.52,2155.89,2142.03" sx="F,F,M,M"/><TAIKYOKU oya="0"/><INIT seed="0,0,0,3,0,8" ten="250,250,250,250" oya="0" hai0="12,27,94,1,123,85,78,117,31,98,66,35,109" hai1="67,52,77,16,11,2,64,21,28,111,76,53,115" hai2="88,17,106,68,112,37,90,126,91,110,124,29,38" hai3="92,9,118,103,32,101,122,55,50,128,70,86,23"/><T82/><D117/><U97/><E111/><V84/><F112/><W131/><G32/><T69/><D123/><U51/><E115/><V47/><F110/><W46/><G118/><T34/><D109/><U80/><E28/><V33/><F68/><W125/><G122/><T56/><D1/><U39/><E39/><N who="2" m="14859" /><F47/><W0/><G70/><T72/><D69/><U60/><E97/><V81/><F106/><W14/><G125/><N who="2" m="48233" /><F17/><N who="3" m="8399" /><G0/><T10/><D72/><U135/><E135/><V40/><F40/><W22/><G86/><T58/><D66/><N who="1" m="25131" /><E80/><V18/><F18/><W13/><G22/><T100/><REACH who="0" step="1"/><D35/><REACH who="0" ten="240,250,250,250" step="2"/><U30/><E2/><V5/><F5/><AGARI ba="0,1" hai="5,10,12,27,31,34,56,58,78,82,85,94,98,100" machi="5" ten="30,11600,0" yaku="1,1,2,1,7,1,52,1,53,0" doraHai="8" doraHaiUra="57" who="0" fromWho="2" sc="240,126,250,0,250,-116,250,0" /><INIT seed="0,1,0,1,3,113" ten="366,250,134,250" oya="0" hai0="130,88,81,133,17,65,21,63,107,123,61,40,53" hai1="1,118,56,10,127,128,43,70,97,89,74,92,126" hai2="39,119,9,93,3,14,112,114,77,109,47,79,91" hai3="13,5,30,75,26,52,55,0,51,116,87,19,12"/><T71/><D123/><U80/><E70/><V32/><F3/><W8/><G75/><T86/><D130/><U132/><E56/><V120/><F32/><W25/><G116/><T108/><D133/><U72/><E43/><V33/><F33/><W28/><G87/><T49/><D107/><U124/><E132/><V11/><F120/><W45/><G0/><T76/><D108/><U78/><E128/><V34/><F34/><W35/><G35/><T73/><D40/><U64/><E64/><V22/><F22/><N who="3" m="11623" /><G55/><T106/><D106/><U42/><E42/><V122/><F122/><W27/><AGARI ba="1,0" hai="5,8,13,25,26,27,28,30,45,51,52" m="11623" machi="27" ten="30,2000,0" yaku="8,1,54,1" doraHai="113" who="3" fromWho="3" sc="366,-11,250,-6,134,-6,250,23" /><INIT seed="1,0,0,3,3,89" ten="355,244,128,273" oya="1" hai0="127,36,85,99,51,42,107,82,1,30,74,66,50" hai1="78,11,102,45,113,65,39,135,112,119,108,60,31" hai2="91,13,3,18,75,88,27,68,17,115,15,44,110" hai3="21,126,19,41,72,53,4,73,92,101,5,63,40"/><U129/><E119/><V79/><F3/><W90/><G101/><T103/><D1/><U22/><E135/><V32/><F68/><W80/><G80/><T122/><D127/><U67/><E129/><V38/><F110/><W133/><G73/><T24/><D122/><U58/><E108/><V28/><F115/><W117/><G72/><T54/><D66/><U105/><E65/><V124/><F124/><W6/><G126/><T61/><D74/><U57/><E78/><V109/><F109/><W83/><G83/><T0/><D0/><U23/><E57/><V95/><F79/><W46/><G133/><T2/><D2/><U134/><E134/><V69/><F69/><W125/><G125/><T10/><D10/><U116/><E11/><V70/><F70/><W111/><G111/><T59/><D42/><N who="1" m="22751" /><E22/><V29/><F75/><W62/><G117/><T131/><D36/><U16/><E31/><V77/><F77/><W56/><G62/><T37/><D37/><U98/><E116/><V48/><F29/><W84/><REACH who="3" step="1"/><G46/><REACH who="3" ten="355,244,128,263" step="2"/><T26/><D61/><N who="1" m="38327" /><E112/><V47/><F47/><W118/><G118/><T100/><D103/><U97/><E60/><V12/><F38/><W86/><G86/><T106/><D85/><U34/><E102/><V121/><F121/><W94/><G94/><T43/><D100/><U8/><E113/><V49/><F49/><W14/><AGARI ba="0,1" hai="4,5,6,14,19,21,40,41,53,56,63,84,90,92" machi="14" ten="30,7900,0" yaku="1,1,0,1,8,1,52,1,53,0" doraHai="89" doraHaiUra="120" who="3" fromWho="3" sc="355,-20,244,-39,128,-20,263,89" /><INIT seed="2,0,0,3,5,69" ten="335,205,108,352" oya="2" hai0="112,110,34,70,98,5,130,101,115,91,31,8,113" hai1="30,4,52,13,22,15,72,46,90,10,125,3,88" hai2="47,61,44,29,43,63,62,56,99,16,128,24,132" hai3="85,53,65,49,92,94,67,80,42,109,73,87,126"/><V131/><F99/><W89/><G73/><T97/><D110/><U37/><E72/><V124/><F29/><W54/><G126/><T76/><D70/><U45/><E125/><V119/><F124/><W23/><G109/><T134/><D134/><U32/><E32/><V28/><F28/><W35/><G35/><T57/><D130/><N who="2" m="49706" /><F119/><W27/><G42/><T111/><D111/><U6/><E30/><V25/><F132/><W48/><G48/><T17/><D76/><U116/><E116/><V93/><F93/><N who="3" m="35947" /><G87/><T19/><D91/><U38/><E3/><V66/><F47/><N who="3" m="27839" /><G54/><T100/><D57/><U7/><E7/><V33/><F33/><W11/><G11/><T103/><D34/><U127/><E127/><V106/><F106/><W95/><N who="3" m="35955" /><W21/><DORA hai="133" /><G21/><T117/><D117/><U59/><E10/><V82/><F82/><W41/><G41/><T12/><D5/><U104/><E104/><V107/><F107/><W135/><G135/><T86/><D86/><U105/><E105/><V78/><F78/><W114/><G114/><T9/><D101/><U55/><E22/><N who="2" m="13383" /><F25/><W18/><AGARI ba="0,0" hai="18,23,27,65,67,80,85,89" m="27839,35955" machi="18" ten="30,1100,0" yaku="8,1" doraHai="69,133" who="3" fromWho="3" sc="335,-3,205,-3,108,-5,352,11" /><INIT seed="3,0,0,3,2,53" ten="332,202,103,363" oya="3" hai0="57,48,64,15,135,99,9,71,110,123,115,42,40" hai1="31,88,49,91,89,98,80,56,7,41,119,117,26" hai2="0,38,133,87,73,24,72,29,122,94,55,126,8" hai3="103,63,19,65,97,69,76,1,43,27,77,86,62"/><W130/><G1/><T113/><D123/><U44/><E7/><V109/><F122/><W82/><G43/><N who="0" m="16427" /><D99/><U6/><E6/><V112/><F38/><W79/><G130/><T11/><D15/><U17/><E17/><V2/><F112/><N who="0" m="43082" /><D110/><U25/><E98/><V106/><F109/><W30/><G19/><T33/><D33/><U84/><E26/><V67/><F106/><W20/><G63/><N who="0" m="37999" /><D135/><U46/><E46/><V45/><F133/><W116/><G116/><T35/><D35/><U121/><E121/><V59/><F126/><W66/><G66/><T78/><D78/><U128/><E128/><V50/><F87/><W28/><G28/><T104/><D104/><AGARI ba="0,0" hai="20,27,30,62,65,69,76,77,79,82,86,97,103,104" machi="104" ten="30,1500,0" yaku="7,1" doraHai="53" who="3" fromWho="0" sc="332,-15,202,0,103,0,363,15" owari="317,11.7,202,-19.8,103,-39.7,378,47.8" /></mjloggm>