<mjloggm ver="2.3"><GO type="225" lobby="0"/><UN n0="%E3%81%AF%E3%82%88%E3%81%8A%E3%81%98%E3%81%95%E3%82%93" n1="%6D%75%75%6D%75%72%61" n2="%E6%98%93%E5%88%A9%E8%96%A9%E4%BC%AF" n3="%73%75%7A%75%6D%65%33" dan="17,17,16,18" rate="2153.89,2151.41,2071.46,2228.39" sx="M,F,F,M"/><TAIKYOKU oya="0"/><INIT seed="0,0,0,1,0,113" ten="250,250,250,250" oya="0" hai0="123,67,124,108,75,38,80,97,51,29,77,114,0" hai1="12,125,73,17,45,99,49,132,105,127,4,5,71" hai2="55,27,43,65,74,10,118,2,6,72,91,120,58" hai3="25,44,87,98,94,126,119,28,103,112,81,13,26"/><T93/><D38/><U41/><E73/><V11/><F120/><W60/><G112/><T111/><D114/><U59/><E71/><V106/><F106/><W82/><G126/><N who="1" m="48138" /><E132/><V7/><F43/><W89/><G119/><T36/><D36/><U101/><E59/><V83/><F65/><W30/><G44/><T35/><D124/><U78/><E78/><V85/><F27/><W53/><G13/><T57/><D0/><U104/><E104/><V134/><F134/><W102/><G82/><T107/><D107/><U22/><AGARI ba="0,0" hai="4,5,12,17,22,41,45,49,99,101,105" m="48138" machi="22" ten="30,1100,0" yaku="18,1" doraHai="113" who="1" fromWho="1" sc="250,-5,250,11,250,-3,250,-3" /><INIT seed="1,0,0,2,3,126" ten="245,261,247,247" oya="1" hai0="2,127,79,90,20,110,132,9,69,115,109,93,49" hai1="34,94,97,0,42,125,8,128,22,85,70,35,86" hai2="23,62,92,116,56,107,111,29,17,31,114,133,129" hai3="104,105,74,39,54,102,3,60,63,73,75,130,78"/><U21/><E125/><V50/><F116/><W16/><G3/><T37/><D127/><U41/><E70/><V43/><F107/><N who="3" m="41035" /><G39/><T53/><D37/><U36/><E128/><V5/><F111/><N who="0" m="42506" /><D69/><U80/><E0/><V57/><F5/><W28/><G28/><T19/><D79/><U25/><E8/><V15/><F133/><W11/><G78/><T84/><D115/><U66/><E66/><V18/><F129/><W120/><G120/><T13/><D132/><U68/><E68/><V47/><F114/><W96/><G54/><T100/><D100/><U134/><E134/><V51/><F92/><W101/><G130/><T131/><D131/><U46/><E42/><V61/><F51/><W77/><G77/><T59/><D2/><U24/><E35/><V87/><F87/><W40/><G40/><T44/><D9/><U67/><E34/><V108/><F108/><W6/><G6/><T122/><D44/><U83/><E67/><N who="2" m="39335" /><F18/><W12/><G96/><T112/><D112/><U118/><E118/><V121/><F121/><AGARI ba="0,0" hai="13,19,20,49,53,59,84,90,93,121,122" m="42506" machi="121" ten="30,2000,0" yaku="25,1,14,1" doraHai="126" who="0" fromWho="2" sc="245,20,261,0,247,-20,247,0" /><INIT seed="2,0,0,2,2,41" ten="265,261,227,247" oya="2" hai0="70,54,131,72,125,78,74,18,9,12,37,48,67" hai1="123,82,44,112,89,25,20,71,107,87,32,135,58" hai2="63,11,23,118,119,86,5,101,16,102,6,13,61" hai3="56,42,34,105,30,100,94,8,91,24,3,98,65"/><V130/><F130/><W109/><G109/><T28/><D37/><U95/><E112/><V46/><F119/><W21/><G42/><T104/><D104/><U75/><E71/><V88/><F118/><W57/><G3/><T117/><D117/><U22/><E107/><V50/><F63/><W81/><G8/><T10/><D131/><U69/><E69/><V64/><F61/><W59/><G81/><T35/><D125/><U99/><E135/><V53/><F64/><W31/><G31/><T73/><D9/><U60/><E123/><V33/><F33/><W80/><G80/><T19/><D19/><U103/><E75/><V39/><F39/><W111/><G111/><T62/><D78/><U121/><E121/><V114/><F114/><W129/><G129/><T40/><D40/><U36/><E36/><V47/><F47/><W108/><G108/><T76/><D76/><U115/><E44/><V4/><F23/><W43/><G43/><T51/><D54/><U124/><E124/><V77/><F77/><W128/><G128/><T1/><D1/><U17/><E115/><V45/><F45/><W120/><G120/><T85/><D85/><U116/><E116/><V127/><F127/><W83/><G83/><AGARI ba="0,0" hai="4,5,6,11,13,16,46,50,53,83,86,88,101,102" machi="83" ten="40,18000,2" yaku="25,2,8,1,52,1,54,2" doraHai="41" who="2" fromWho="3" sc="265,0,261,0,227,180,247,-180" /><INIT seed="2,1,0,3,0,3" ten="265,261,407,67" oya="2" hai0="42,70,11,79,54,95,35,68,25,51,128,107,126" hai1="16,6,36,44,98,127,0,23,14,61,89,49,50" hai2="33,113,28,4,30,13,75,7,20,59,110,132,19" hai3="115,123,67,37,46,15,101,63,91,74,121,5,84"/><V118/><F75/><W131/><G74/><T80/><D107/><U104/><E127/><V88/><F113/><W39/><G115/><T17/><D126/><U92/><E104/><V111/><F118/><W78/><G131/><T76/><D42/><U99/><E36/><V85/><F132/><W18/><G101/><T57/><D79/><U130/><E130/><V62/><F33/><W81/><G123/><T41/><D41/><U82/><E82/><N who="2" m="49207" /><F111/><W71/><G121/><T102/><D128/><U129/><E129/><V53/><F110/><W58/><G46/><T124/><D124/><U87/><E61/><V117/><F117/><W86/><G71/><T69/><D102/><U135/><E135/><V21/><F21/><W73/><G73/><T64/><D95/><U22/><E22/><V103/><F103/><W1/><G1/><T10/><D35/><U133/><E133/><V8/><F8/><W55/><G67/><T120/><D64/><U47/><E47/><V56/><F59/><W52/><G55/><T122/><D10/><N who="1" m="4439" /><E0/><V2/><F2/><W66/><G66/><T9/><D9/><U26/><E50/><V116/><F116/><W93/><REACH who="3" step="1"/><G5/><AGARI ba="1,0" hai="4,5,7,13,19,20,28,30,53,56,62" m="49207" machi="5" ten="30,12000,1" yaku="8,1,52,3,54,1" doraHai="3" who="2" fromWho="3" sc="265,0,261,0,407,123,67,-123" owari="265,6.5,261,-13.9,530,63.0,-56,-55.6" /></mjloggm>