<mjloggm ver="2.3"><GO type="225" lobby="0"/><UN n0="%E5%86%B7%E5%87%8D%E3%82%AE%E3%83%A7%E3%83%BC%E3%82%B6" n1="%63%68%78%62%64" n2="%E3%82%BC%E3%83%AB%E3%83%80%E3%81%AE%E4%BC%9D%E8%AA%AC" n3="%E8%B6%85%E7%B4%9A%E9%B3%B3%E5%87%B0" dan="16,16,17,16" rate="2217.35,2143.10,2172.25,2125.51" sx="M,M,M,M"/><TAIKYOKU oya="0"/><INIT seed="0,0,0,5,5,20" ten="250,250,250,250" oya="0" hai0="104,39,71,90,33,120,83,61,126,123,125,93,87" hai1="57,36,119,34,41,15,40,70,101,22,9,6,82" hai2="47,17,30,86,77,72,133,69,52,124,42,35,67" hai3="109,18,96,46,29,12,129,74,50,5,23,21,80"/><T14/><D39/><U107/><E70/><V105/><F105/><W31/><G109/><T3/><D3/><U56/><E34/><V114/><F114/><W73/><G129/><T134/><D33/><U103/><E119/><V95/><F124/><N who="0" m="47722" /><D104/><U62/><E36/><V112/><F112/><W32/><G5/><T26/><D14/><U24/><E57/><V89/><F133/><W66/><G66/><N who="0" m="41423" /><D134/><U117/><E82/><V130/><F130/><W43/><G32/><T92/><D26/><U113/><E113/><V45/><F35/><W51/><G96/><N who="0" m="57367" /><D93/><U84/><E117/><V75/><F95/><W0/><G0/><T54/><D54/><N who="1" m="34071" /><E84/><V64/><F52/><W13/><G80/><T53/><D53/><U10/><E107/><V81/><F86/><W85/><G85/><T7/><D7/><U38/><E38/><V102/><F81/><W131/><G131/><T76/><AGARI ba="0,0" hai="76,83,87,120,123" m="57367,41423,47722" machi="76" ten="30,1500,0" yaku="18,1" doraHai="20" who="0" fromWho="0" sc="250,15,250,-5,250,-5,250,-5" /><INIT seed="0,1,0,3,5,112" ten="265,245,245,245" oya="0" hai0="40,80,109,111,29,43,38,123,55,102,22,87,12" hai1="114,124,85,20,67,120,23,17,42,106,119,129,31" hai2="26,56,66,70,36,9,6,132,35,131,27,49,46" hai3="13,72,63,53,41,37,47,32,90,50,65,69,59"/><T115/><D115/><U44/><E106/><V77/><F35/><W7/><G32/><T34/><D123/><U15/><E120/><V2/><F132/><W68/><G72/><T121/><D121/><U64/><E129/><V93/><F131/><W1/><G1/><T24/><D102/><U96/><E124/><V95/><F95/><W48/><G90/><T58/><D34/><U74/><E74/><V81/><F93/><W122/><G122/><T88/><D12/><U25/><E119/><V83/><F70/><N who="3" m="42303" /><G13/><T128/><D128/><U82/><E96/><V101/><F101/><W54/><G7/><T135/><D135/><U130/><E130/><V103/><F103/><W104/><G104/><T0/><D0/><U28/><E28/><V92/><F92/><W21/><G21/><T118/><D118/><U45/><E114/><V116/><F116/><W127/><G127/><T73/><D73/><U79/><REACH who="1" step="1"/><E45/><AGARI ba="1,0" hai="37,41,45,47,48,50,53,54,59,68,69" m="42303" machi="45" ten="30,12000,2" yaku="24,1,35,5" doraHai="112" who="3" fromWho="1" sc="265,0,245,-123,245,0,245,123" /><INIT seed="1,0,0,4,5,89" ten="265,122,245,368" oya="1" hai0="7,16,103,101,30,132,62,20,32,36,133,86,108" hai1="90,127,57,99,10,78,114,4,34,41,9,118,79" hai2="37,130,5,121,42,85,44,26,93,61,91,17,100" hai3="33,25,92,53,6,35,19,80,128,77,22,63,104"/><U98/><E118/><V64/><F121/><W60/><G104/><T109/><D36/><U66/><E114/><V75/><F130/><W116/><G128/><T3/><D62/><N who="1" m="38223" /><E34/><V50/><F75/><W47/><G116/><T65/><D65/><U15/><E127/><V51/><F5/><W105/><G105/><T87/><D101/><U112/><E112/><V72/><F72/><W58/><G6/><T102/><D103/><U69/><E69/><V135/><F135/><N who="0" m="51786" /><D102/><U97/><E41/><V54/><F54/><W73/><G47/><T106/><D106/><U117/><E117/><V14/><F26/><W28/><G28/><T111/><D30/><U38/><E38/><V40/><F40/><W48/><G63/><T88/><D32/><U18/><E90/><V123/><F123/><W120/><G120/><T113/><D113/><U94/><E94/><V2/><F2/><W74/><G74/><T29/><D29/><U122/><E122/><V68/><REACH who="2" step="1"/><F100/><REACH who="2" ten="265,122,235,368" step="2"/><W59/><G73/><T49/><D3/><U134/><E134/><V8/><AGARI ba="0,1" hai="8,14,17,37,42,44,50,51,61,64,68,85,91,93" machi="8" ten="20,12000,2" yaku="1,1,2,1,0,1,7,1,52,1,53,1" doraHai="89" doraHaiUra="84" who="2" fromWho="2" sc="265,-30,122,-60,235,130,368,-30" /><INIT seed="2,0,0,1,1,52" ten="235,62,365,338" oya="2" hai0="87,72,25,43,57,67,40,5,51,120,28,34,22" hai1="76,63,56,33,8,58,121,106,71,85,129,103,55" hai2="83,59,92,105,113,115,112,108,64,122,132,123,73" hai3="127,11,98,61,86,0,75,15,19,48,109,107,117"/><V4/><F105/><W89/><G117/><T84/><D72/><U42/><E71/><V77/><F4/><W125/><G75/><T110/><D120/><U88/><E129/><V94/><F64/><W49/><G109/><T6/><D34/><U23/><E121/><N who="2" m="46091" /><F59/><W26/><G0/><T41/><D110/><U80/><E33/><V124/><F108/><W126/><G49/><T78/><D51/><U1/><E42/><V131/><F131/><W102/><G48/><T97/><D97/><U31/><E106/><V44/><F44/><W7/><G61/><T14/><D78/><U3/><E103/><V79/><F124/><W91/><G86/><N who="0" m="32811" /><D14/><U53/><E76/><N who="2" m="44431" /><F132/><W39/><G39/><T134/><D134/><U45/><E45/><V29/><F29/><W104/><G104/><T93/><D93/><AGARI ba="0,0" hai="77,79,92,93,94,112,113,115" m="44431,46091" machi="93" ten="40,3900,0" yaku="34,2" doraHai="52" who="2" fromWho="0" sc="235,-39,62,0,365,39,338,0" /><INIT seed="2,1,0,1,3,26" ten="196,62,404,338" oya="2" hai0="95,11,119,73,71,63,22,93,103,84,83,25,12" hai1="27,100,33,104,14,91,115,35,6,82,58,135,81" hai2="130,13,10,67,5,38,127,56,111,124,70,2,17" hai3="120,4,53,108,18,131,86,118,16,52,72,55,125"/><V79/><F38/><W29/><G118/><T44/><D73/><U48/><E115/><V74/><F70/><W49/><G120/><T28/><D119/><U102/><E135/><V51/><F130/><W66/><G72/><T90/><D103/><U50/><E104/><V43/><F111/><W112/><G108/><T85/><D71/><U59/><E27/><V8/><F67/><W110/><G110/><T101/><D63/><U37/><E37/><V126/><F56/><W94/><G131/><T68/><D68/><U47/><E6/><V7/><F17/><N who="3" m="6763" /><G112/><T87/><D101/><U77/><E77/><V69/><F69/><W75/><G75/><T97/><D44/><U105/><E105/><V42/><REACH who="2" step="1"/><F51/><REACH who="2" ten="196,62,394,338" step="2"/><W88/><G66/><T116/><D116/><U113/><E113/><V122/><F122/><W1/><G125/><T45/><D45/><U132/><E47/><V129/><F129/><W99/><G49/><T121/><D121/><U20/><E132/><V107/><F107/><W19/><G19/><N who="0" m="8607" /><D93/><U117/><E117/><V15/><F15/><W89/><G1/><T54/><D54/><U36/><E36/><V40/><F40/><W57/><G57/><T114/><D114/><U128/><E128/><V96/><F96/><W39/><G39/><T134/><D134/><U24/><E14/><V23/><F23/><W65/><G65/><T9/><D9/><U32/><E20/><V78/><F78/><W61/><G61/><T60/><D60/><U106/><E106/><V62/><F62/><W41/><G41/><T109/><D109/><U133/><E133/><RYUUKYOKU ba="1,1" sc="196,15,62,-15,394,15,338,-15" hai0="22,25,28,83,84,85,87,90,95,97" hai2="2,5,7,8,10,13,42,43,74,79,124,126,127" /><INIT seed="2,2,1,5,4,129" ten="211,47,409,323" oya="2" hai0="47,12,127,89,102,86,106,62,35,97,1,30,17" hai1="92,101,14,19,76,134,57,52,126,46,36,51,42" hai2="49,70,63,115,27,15,33,65,121,109,59,69,68" hai3="60,5,55,90,18,0,39,28,119,125,16,29,133"/><V74/><F74/><W45/><G119/><T26/><D1/><U54/><E76/><V66/><F33/><W118/><G118/><T131/><D131/><U73/><E73/><V34/><F34/><W93/><G125/><T3/><D3/><U117/><E117/><V122/><F27/><W116/><G116/><T113/><D127/><U25/><E126/><V75/><F15/><W95/><G0/><T9/><D113/><U11/><E25/><V87/><F87/><N who="3" m="52447" /><G39/><T111/><D111/><U71/><E54/><N who="2" m="32207" /><F75/><W72/><G72/><T64/><D47/><U103/><E134/><V2/><F2/><W56/><G5/><T124/><D124/><U23/><E23/><V50/><F115/><W104/><G104/><T40/><D40/><U38/><E38/><V67/><F109/><W105/><G105/><T128/><D128/><U108/><E108/><V110/><F110/><W44/><G133/><T80/><D80/><U83/><E83/><V58/><F50/><W8/><G95/><T20/><D86/><U96/><REACH who="1" step="1"/><E71/><REACH who="1" ten="211,37,409,323" step="2"/><V53/><AGARI ba="2,2" hai="53,58,63,65,66,67,68,69,70,121,122" m="32207" machi="53" ten="40,3900,0" yaku="34,2" doraHai="129" who="2" fromWho="2" sc="211,-15,37,-15,409,65,323,-15" /><INIT seed="2,3,0,0,3,118" ten="196,22,474,308" oya="2" hai0="5,71,74,126,82,94,6,69,99,72,86,78,16" hai1="128,106,42,134,105,54,57,117,8,64,19,53,62" hai2="107,116,23,31,36,41,125,50,127,45,131,67,27" hai3="28,73,110,135,39,123,101,26,25,30,21,124,129"/><V103/><F116/><W81/><G39/><T119/><D126/><N who="2" m="48138" /><F131/><W65/><G124/><T3/><D119/><U10/><E117/><V95/><F67/><W51/><G129/><T2/><D5/><U59/><E134/><V13/><F13/><W32/><G135/><T43/><D43/><U20/><E128/><V7/><F7/><W52/><G110/><T80/><D72/><U55/><E42/><V97/><F36/><W133/><G133/><T66/><D66/><U76/><E76/><V56/><F56/><W79/><G65/><T85/><D74/><U113/><E113/><V89/><F89/><W38/><G38/><T60/><D71/><U48/><E105/><AGARI ba="3,0" hai="23,27,31,41,45,50,95,97,103,105,107" m="48138" machi="105" ten="30,1500,0" yaku="18,1" doraHai="118" who="2" fromWho="1" sc="196,0,22,-24,474,24,308,0" owari="196,-20.4,-2,-50.2,498,59.8,308,10.8" /></mjloggm>