<mjloggm ver="2.3"><GO type="225" lobby="0"/><UN n0="%E3%82%A2%E3%82%A4%E3%82%B9%E3%83%86%E3%82%A3%E3%83%BC%E3%81%82%E3%81%B9" n1="%E5%8D%A0%E3%81%84%E5%B8%AB%E8%A3%8F%E3%81%AA%E3%81%84%E3%81%97" n2="%E3%81%A9%E3%82%8F%E3%82%93%E3%81%94" n3="%E3%81%B2%E3%81%BE%E3%81%A4%E3%81%B6%E3%81%97" dan="16,16,16,16" rate="2103.82,2113.48,2075.01,2170.60" sx="M,M,M,M"/><TAIKYOKU oya="0"/><INIT seed="0,0,0,2,5,114" ten="250,250,250,250" oya="0" hai0="45,14,53,41,23,33,82,17,69,67,1,61,64" hai1="94,110,133,8,46,104,4,118,40,134,20,128,107" hai2="109,6,106,125,21,25,35,57,7,48,91,51,119" hai3="74,71,126,47,27,11,32,39,85,54,103,90,115"/><T95/><D33/><U12/><E110/><V89/><F109/><W26/><G115/><T34/><D34/><U111/><E111/><V13/><F35/><W87/><G74/><T135/><D1/><U59/><E128/><V22/><F106/><W113/><G126/><T42/><D135/><N who="1" m="51723" /><E59/><V68/><F68/><W121/><G71/><T24/><D67/><U123/><E123/><V36/><F36/><W116/><G121/><T78/><D95/><U96/><E20/><V97/><F125/><W3/><G103/><T100/><D100/><N who="1" m="60439" /><E118/><V5/><F119/><W58/><G113/><T84/><D53/><U120/><E120/><V75/><F75/><W2/><G116/><T37/><REACH who="0" step="1"/><D42/><REACH who="0" ten="240,250,250,250" step="2"/><U66/><E66/><V117/><F117/><W93/><G32/><T98/><D98/><U60/><E60/><V105/><F97/><W18/><G54/><T49/><D49/><AGARI ba="0,1" hai="4,8,12,40,46,49,104,107" m="60439,51723" machi="49" ten="30,1000,0" yaku="20,1" doraHai="114" who="1" fromWho="0" sc="240,-10,250,20,250,0,250,0" /><INIT seed="1,0,0,3,1,91" ten="230,270,250,250" oya="1" hai0="129,28,118,13,100,111,92,115,42,7,87,81,107" hai1="131,47,114,113,106,19,53,63,29,11,128,123,64" hai2="124,57,61,22,86,109,90,37,2,74,95,67,54" hai3="132,96,51,72,103,102,9,125,5,127,52,66,58"/><U60/><E106/><V3/><F109/><W122/><G122/><T134/><D111/><U38/><E29/><V59/><F124/><N who="3" m="47691" /><G132/><T69/><D118/><U34/><E34/><V94/><F74/><W126/><N who="3" m="47699" /><W12/><DORA hai="101" /><G72/><T71/><D115/><U20/><E123/><V85/><F37/><W73/><G73/><T133/><D129/><N who="1" m="49739" /><E11/><V25/><F86/><W112/><G112/><T116/><D28/><U4/><E4/><V121/><F121/><W79/><G79/><T108/><D108/><U8/><E8/><V14/><F14/><W120/><G120/><T56/><D13/><N who="1" m="9327" /><E60/><N who="2" m="35895" /><F3/><W32/><G32/><T50/><D7/><U48/><E38/><V33/><F2/><W104/><G102/><T30/><D107/><U68/><AGARI ba="0,0" hai="47,48,53,63,64,68,113,114" m="9327,49739" machi="68" ten="30,1500,0" yaku="19,1" doraHai="91,101" who="1" fromWho="1" sc="230,-5,270,15,250,-5,250,-5" /><INIT seed="1,1,0,4,5,1" ten="225,285,245,245" oya="1" hai0="67,111,131,51,4,125,62,101,73,53,42,95,60" hai1="57,68,71,22,127,38,124,18,37,128,108,122,29" hai2="17,110,3,86,0,123,133,104,106,28,34,109,84" hai3="19,55,64,91,6,100,85,94,14,5,126,114,103"/><U41/><E122/><V118/><F123/><W54/><G114/><T75/><D111/><N who="2" m="42506" /><F17/><W120/><G126/><N who="1" m="48170" /><E108/><V135/><F28/><W66/><G120/><T20/><D42/><U69/><E29/><V83/><F34/><W35/><G35/><T92/><D125/><U81/><E128/><V31/><F31/><W63/><G103/><T87/><D131/><U44/><E57/><V70/><F70/><W56/><G100/><T107/><D107/><N who="2" m="41002" /><F118/><W72/><G72/><T21/><D101/><U121/><E81/><V43/><F43/><W59/><G66/><T78/><D75/><U16/><E121/><V36/><F36/><N who="1" m="13929" /><E22/><N who="0" m="8809" /><D73/><U113/><E113/><V98/><F98/><W82/><G64/><T50/><D67/><U40/><E40/><V48/><F48/><AGARI ba="1,0" hai="16,18,41,44,48,68,69,71" m="13929,48170" machi="48" ten="40,3900,0" yaku="18,1,54,1" doraHai="1" who="1" fromWho="2" sc="225,0,285,42,245,-42,245,0" /><INIT seed="1,2,0,5,0,9" ten="225,327,203,245" oya="1" hai0="127,11,45,110,42,56,55,133,48,52,72,132,82" hai1="92,131,109,130,61,74,126,97,35,73,64,89,18" hai2="60,103,21,119,98,134,107,66,63,85,39,44,91" hai3="113,3,129,86,69,22,118,88,17,83,135,87,24"/><U4/><E35/><V31/><F134/><N who="0" m="51818" /><D72/><U29/><E29/><V90/><F119/><W12/><G135/><T59/><D82/><U46/><E126/><V62/><F39/><W10/><G118/><T123/><D11/><U41/><E4/><V124/><F124/><W116/><G116/><T108/><D127/><U76/><E76/><V115/><F44/><W117/><G117/><T54/><D123/><U128/><E18/><V40/><F40/><W0/><G113/><T32/><D32/><U30/><E30/><V58/><F115/><W67/><G129/><T68/><D68/><U1/><E1/><V23/><F91/><W13/><G69/><T26/><D26/><U75/><E109/><AGARI ba="2,0" hai="42,45,48,52,54,55,56,59,108,109,110" m="51818" machi="109" ten="40,8000,1" yaku="14,1,20,1,34,2,54,1" doraHai="9" who="0" fromWho="1" sc="225,86,327,-86,203,0,245,0" /><INIT seed="2,0,0,2,4,17" ten="311,241,203,245" oya="2" hai0="129,71,67,77,126,30,10,92,29,60,113,72,4" hai1="65,51,37,85,100,63,75,91,14,110,87,101,83" hai2="133,118,69,104,39,93,52,6,119,82,79,131,3" hai3="73,74,48,68,21,109,44,58,70,28,1,11,124"/><V116/><F104/><W25/><G124/><T123/><D113/><U99/><E37/><V98/><F69/><W121/><G121/><T12/><D123/><U24/><E75/><V0/><F39/><W43/><G109/><T134/><D126/><U62/><E110/><V27/><F133/><W115/><G115/><T19/><D134/><U34/><E62/><V90/><F131/><W26/><G58/><T114/><D114/><U66/><E66/><V135/><F135/><W128/><G128/><T105/><D105/><U9/><E51/><V35/><F6/><W125/><G125/><T117/><D129/><U45/><E45/><V127/><F127/><W42/><G42/><T130/><D130/><U102/><E85/><V89/><F89/><W61/><G26/><T84/><D117/><U38/><E38/><V103/><F103/><W32/><G21/><T120/><D120/><U57/><E24/><V59/><F27/><W18/><G18/><T80/><D72/><U88/><E34/><V56/><F35/><W31/><G31/><T78/><D77/><N who="1" m="46575" /><E99/><V22/><F22/><W55/><G73/><T16/><D92/><U53/><E65/><V95/><F95/><W41/><G74/><T50/><D50/><U23/><E23/><V20/><F20/><W86/><G43/><T46/><D46/><U15/><E15/><V33/><F33/><W132/><G132/><T13/><D4/><AGARI ba="0,0" hai="4,9,14,53,57,63,88,91,100,101,102" m="46575" machi="4" ten="30,2000,0" yaku="8,1,54,1" doraHai="17" who="1" fromWho="0" sc="311,-20,241,20,203,0,245,0" /><INIT seed="3,0,0,2,3,53" ten="291,261,203,245" oya="3" hai0="6,10,31,133,73,101,99,79,92,29,41,13,37" hai1="120,50,111,71,85,114,112,122,39,94,110,26,34" hai2="109,24,63,30,128,134,87,56,60,116,57,62,103" hai3="93,126,23,0,119,46,91,16,86,130,14,55,76"/><W52/><G119/><T33/><D133/><U118/><E39/><V121/><F116/><W64/><G0/><N who="0" m="327" /><D33/><U81/><E71/><V40/><F134/><W113/><G113/><N who="1" m="43626" /><E50/><V124/><F109/><N who="1" m="41481" /><E94/><V125/><F128/><W100/><G130/><T105/><D105/><U89/><E34/><V82/><F103/><W9/><G126/><N who="2" m="48745" /><F40/><W18/><G100/><T11/><D11/><U127/><E127/><V117/><F121/><N who="1" m="46697" /><E26/><V58/><F117/><AGARI ba="0,0" hai="81,85,89,117,118" m="46697,41481,43626" machi="117" ten="40,32000,5" yakuman="50" doraHai="53" who="1" fromWho="2" sc="291,0,261,320,203,-320,245,0" owari="291,9.1,581,68.1,-117,-61.7,245,-15.5" /></mjloggm>