<mjloggm ver="2.3"><GO type="225" lobby="0"/><UN n0="%48%61%61%61%6C%61%6E%64" n1="%6D%75%75%6D%75%72%61" n2="%72%61%6B%33" n3="%E6%98%A5%E3%81%AE%E3%81%8B%E3%81%91%E3%82%89" dan="17,16,16,16" rate="2149.27,2122.93,2155.39,2053.40" sx="M,F,M,F"/><TAIKYOKU oya="0"/><INIT seed="0,0,0,1,5,109" ten="250,250,250,250" oya="0" hai0="110,1,126,135,122,27,14,87,114,77,97,54,68" hai1="42,104,41,92,95,21,46,25,36,57,90,12,84" hai2="101,134,55,124,47,45,26,6,4,7,53,96,37" hai3="15,83,108,116,106,78,0,123,51,129,20,79,11"/><T13/><D122/><U117/><E104/><V105/><F124/><W99/><G116/><T80/><D126/><U125/><E125/><V91/><F134/><W2/><G108/><T65/><D110/><U30/><E117/><V94/><F26/><W102/><G123/><T121/><D121/><U67/><E41/><V35/><F35/><W115/><G129/><T19/><D1/><U5/><E95/><V39/><F45/><W127/><G127/><T131/><D131/><U61/><E5/><V120/><F120/><W72/><G115/><T100/><D114/><U133/><REACH who="1" step="1"/><E12/><REACH who="1" ten="250,240,250,250" step="2"/><V82/><F105/><W23/><G106/><T29/><D13/><U9/><E9/><V28/><F4/><W22/><G2/><T50/><D14/><U113/><E113/><V103/><F6/><W59/><G0/><T128/><D128/><U71/><E71/><V74/><F7/><W89/><G15/><T24/><D68/><U52/><E52/><V66/><F53/><W48/><G11/><T132/><D54/><U93/><E93/><V8/><F55/><W18/><G83/><T40/><D80/><U130/><E130/><V10/><F8/><W75/><G48/><T31/><D50/><U43/><E43/><V44/><F10/><W33/><G51/><T38/><D40/><U58/><E58/><V119/><F82/><W16/><G59/><T56/><D56/><U32/><E32/><V49/><F49/><W118/><G33/><N who="0" m="20647" /><D135/><AGARI ba="0,1" hai="21,25,30,36,42,46,57,61,67,84,90,92,133,135" machi="135" ten="40,2600,0" yaku="1,1,53,1" doraHai="109" doraHaiUra="17" who="1" fromWho="0" sc="250,-26,240,36,250,0,250,0" /><INIT seed="1,0,0,0,1,85" ten="224,276,250,250" oya="1" hai0="118,5,63,8,34,96,17,78,73,29,3,36,79" hai1="134,106,114,113,13,130,123,4,70,87,62,55,43" hai2="90,93,47,133,28,95,53,9,83,52,18,60,45" hai3="91,109,16,42,126,65,33,15,46,89,19,122,74"/><U56/><E123/><V30/><F133/><W39/><G122/><T124/><D118/><U121/><E121/><V10/><F83/><W59/><G109/><T129/><D124/><U107/><E134/><V125/><F125/><W110/><G110/><T135/><D135/><U21/><E130/><V51/><F60/><W31/><G126/><T7/><D129/><U14/><E70/><V24/><F18/><W35/><G74/><T64/><D36/><U102/><E43/><V48/><F24/><W128/><G128/><T98/><D7/><U84/><E14/><V101/><F101/><W20/><G19/><T76/><D73/><U120/><E120/><V50/><F50/><W100/><G100/><T57/><REACH who="0" step="1"/><D17/><REACH who="0" ten="214,276,250,250" step="2"/><U115/><E4/><V27/><F27/><AGARI ba="0,1" hai="3,5,8,27,29,34,57,63,64,76,78,79,96,98" machi="27" ten="40,8000,1" yaku="1,1,2,1,53,2" doraHai="85" doraHaiUra="92" who="0" fromWho="2" sc="214,90,276,0,250,-80,250,0" /><INIT seed="2,0,0,4,0,88" ten="304,276,170,250" oya="2" hai0="61,67,47,48,46,32,108,51,120,38,68,16,59" hai1="66,27,115,60,21,87,94,93,2,7,75,20,123" hai2="33,77,124,78,119,56,127,114,126,44,50,55,43" hai3="65,40,9,52,105,69,63,57,8,99,86,133,85"/><V82/><F114/><W83/><G133/><T95/><D120/><U92/><E115/><V25/><F119/><W79/><G40/><T3/><D108/><U31/><E75/><V91/><F91/><W112/><G112/><T26/><D3/><U71/><E123/><V132/><F132/><W103/><REACH who="3" step="1"/><G86/><REACH who="3" ten="304,276,170,240" step="2"/><T42/><D42/><U28/><E87/><V98/><F98/><W135/><G135/><T100/><D38/><U96/><E96/><V45/><F82/><W116/><G116/><T107/><D46/><N who="2" m="18026" /><F43/><W41/><G41/><T39/><D47/><U54/><E2/><V53/><F53/><W0/><G0/><T34/><D39/><U84/><E54/><V89/><F89/><W109/><G109/><T106/><D67/><U129/><E84/><V113/><F113/><W11/><G11/><T101/><D100/><U49/><E66/><V130/><F130/><W22/><G22/><T131/><D131/><U36/><E129/><V111/><F111/><W73/><G73/><T24/><D101/><U58/><E36/><V19/><F33/><W37/><G37/><T102/><D32/><U23/><E23/><AGARI ba="0,1" hai="19,23,25,50,55,56,77,78,124,126,127" m="18026" machi="23" ten="40,2000,0" yaku="18,1" doraHai="88" who="2" fromWho="1" sc="304,0,276,-20,170,30,240,0" /><INIT seed="2,1,0,0,5,129" ten="304,256,200,240" oya="2" hai0="107,78,60,65,126,54,1,121,66,61,62,85,132" hai1="59,89,98,6,70,135,33,86,97,47,50,56,76" hai2="92,71,99,72,20,118,110,42,115,73,26,103,63" hai3="88,79,46,15,113,34,74,24,36,105,94,4,43"/><V104/><F115/><W27/><G105/><T55/><D121/><U100/><E70/><V18/><F118/><W77/><G113/><T5/><D107/><U117/><E117/><V29/><F110/><W21/><G34/><T87/><D126/><U45/><E33/><V41/><F92/><W96/><G74/><T91/><D1/><U84/><E6/><V28/><F73/><W39/><G39/><T127/><D5/><U0/><E0/><V114/><F72/><W102/><G102/><T48/><D127/><U64/><E135/><V11/><F114/><W95/><G95/><N who="0" m="54767" /><D132/><U31/><E31/><V119/><F119/><W23/><G15/><T9/><D9/><U124/><E47/><V17/><F28/><W10/><G10/><T53/><D48/><U133/><E133/><V12/><REACH who="2" step="1"/><F29/><REACH who="2" ten="304,256,190,240" step="2"/><W101/><G94/><T52/><N who="0" m="13312" /><DORA hai="83" /><T109/><D109/><U116/><E116/><V81/><F81/><AGARI ba="1,1" hai="60,61,62,65,66,78,81,87" m="13312,54767" machi="81" ten="50,8000,1" yaku="8,1,52,2,54,1" doraHai="129,83" who="0" fromWho="2" sc="304,93,256,0,190,-83,240,0" /><INIT seed="3,0,0,5,3,135" ten="397,256,107,240" oya="3" hai0="81,21,73,54,56,34,72,20,17,77,16,131,96" hai1="74,65,70,120,84,78,64,98,97,106,127,9,7" hai2="94,95,100,2,44,27,8,103,68,129,128,126,51" hai3="1,33,133,107,6,102,39,30,124,13,36,59,61"/><W80/><G133/><T14/><D34/><U76/><E120/><V4/><F68/><W45/><G1/><T29/><D29/><U57/><E70/><V43/><F27/><W71/><G71/><T86/><D96/><U93/><E74/><V114/><F114/><W62/><G62/><T35/><D35/><U26/><E84/><V19/><F19/><W22/><G124/><T63/><D131/><U116/><E116/><V12/><F2/><W15/><G80/><T58/><D56/><U91/><E127/><V113/><F113/><W3/><G102/><T82/><D82/><U104/><E26/><AGARI ba="0,0" hai="14,16,17,20,21,26,54,58,63,72,73,77,81,86" machi="26" ten="30,2000,0" yaku="7,1,54,1" doraHai="135" who="0" fromWho="1" sc="397,20,256,-20,107,0,240,0" owari="417,51.7,236,-16.4,107,-39.3,240,4.0" /></mjloggm>