<mjloggm ver="2.3"><GO type="225" lobby="0"/><UN n0="%E3%82%BC%E3%83%AB%E3%83%80%E3%81%AE%E4%BC%9D%E8%AA%AC" n1="%28%EF%BF%A3%E2%96%BD%EF%BF%A3%29%CE%B4%E2%8C%92%E3%83%BB" n2="%E5%B8%86%E7%AB%8B%E5%A4%8F%E8%A1%A3" n3="%E3%81%BF%E3%81%BF%E3%81%9A" dan="18,16,16,18" rate="2235.38,2090.91,2179.80,2228.74" sx="M,M,M,M"/><TAIKYOKU oya="0"/><INIT seed="0,0,0,2,4,52" ten="250,250,250,250" oya="0" hai0="62,71,0,67,95,17,27,69,124,57,24,30,128" hai1="48,132,72,45,29,114,13,76,125,49,116,133,90" hai2="34,42,97,39,87,109,26,3,79,93,21,77,43" hai3="1,68,32,112,118,127,99,104,63,70,84,35,50"/><T33/><D0/><U4/><E116/><V100/><F109/><W134/><G118/><T86/><D124/><U131/><E114/><V101/><F3/><W80/><G112/><T82/><D128/><U11/><E131/><V94/><F34/><W38/><G127/><T51/><D95/><U91/><E125/><V98/><F39/><W129/><G129/><T110/><D110/><U61/><E29/><V115/><F115/><W25/><G38/><T83/><D51/><U55/><E61/><V56/><F56/><W78/><G134/><N who="1" m="51818" /><E49/><V5/><F5/><W58/><G1/><T130/><D130/><U92/><E92/><V66/><F66/><W59/><G50/><T64/><D64/><U44/><E44/><V65/><F65/><N who="3" m="41023" /><G35/><T19/><D83/><AGARI ba="0,0" hai="4,11,13,45,48,55,72,76,83,90,91" m="51818" machi="83" ten="30,1000,0" yaku="20,1" doraHai="52" who="1" fromWho="0" sc="250,-10,250,10,250,0,250,0" /><INIT seed="1,0,0,4,2,25" ten="240,260,250,250" oya="1" hai0="44,14,0,60,69,124,100,73,54,126,52,61,79" hai1="96,65,134,36,90,41,49,101,27,84,85,50,11" hai2="2,51,40,24,130,75,3,87,105,16,1,89,119" hai3="125,6,128,80,9,111,99,37,23,55,29,93,81"/><U92/><E134/><V17/><F119/><W47/><G111/><T28/><D0/><U97/><E36/><V133/><F105/><W117/><G117/><T115/><D100/><U91/><E65/><V78/><F130/><W118/><G128/><T108/><D108/><U10/><E27/><V30/><F133/><W121/><G118/><T76/><D115/><U114/><E114/><V112/><F112/><W4/><G121/><T42/><D14/><U116/><E116/><V120/><F78/><W31/><G125/><N who="0" m="48235" /><D28/><N who="3" m="10825" /><G23/><T56/><D73/><U15/><E41/><V107/><F75/><W129/><G37/><N who="0" m="21583" /><D54/><U67/><E67/><AGARI ba="0,0" hai="52,56,60,61,67,69,76,79" m="21583,48235" machi="67" ten="30,2000,0" yaku="18,1,54,1" doraHai="25" who="0" fromWho="1" sc="240,20,260,-20,250,0,250,0" /><INIT seed="2,0,0,0,3,122" ten="260,240,250,250" oya="2" hai0="77,48,36,131,46,98,44,3,79,135,4,101,130" hai1="68,25,62,133,64,40,24,112,42,114,87,117,78" hai2="109,47,21,100,81,107,103,30,121,115,8,91,74" hai3="59,11,106,97,86,5,37,104,55,102,33,96,29"/><V7/><F115/><W69/><G37/><T126/><D36/><U6/><E117/><V70/><F121/><W15/><G69/><T127/><D4/><U28/><E133/><V14/><F70/><W13/><G86/><T32/><D32/><U116/><E116/><V51/><F107/><W80/><G80/><T125/><D3/><U49/><E6/><V111/><F30/><W124/><G124/><T90/><D90/><U31/><E87/><N who="2" m="50671" /><F21/><W105/><G13/><T75/><D135/><U58/><E78/><N who="0" m="29705" /><D75/><U99/><E99/><V57/><F57/><W92/><G29/><T85/><D85/><U20/><E42/><N who="2" m="25079" /><F74/><W18/><G33/><T50/><D50/><U52/><REACH who="1" step="1"/><E40/><REACH who="1" ten="260,230,250,250" step="2"/><V120/><F120/><W129/><G5/><T88/><D98/><U26/><E26/><V23/><F23/><AGARI ba="0,1" hai="20,23,24,25,28,31,49,52,58,62,64,68,112,114" machi="23" ten="30,8000,1" yaku="1,1,7,1,9,1,54,1,53,1" doraHai="122" doraHaiUra="56" who="1" fromWho="2" sc="260,0,230,90,250,-80,250,0" /><INIT seed="3,0,0,3,2,102" ten="260,320,170,250" oya="3" hai0="130,37,13,83,50,81,121,74,23,26,99,78,36" hai1="98,125,47,129,21,119,80,19,61,91,108,18,106" hai2="1,73,33,92,0,111,64,70,48,114,120,87,29" hai3="42,76,132,103,8,67,54,11,20,118,101,122,38"/><W2/><G118/><T40/><D121/><U86/><E119/><V46/><F73/><W5/><G122/><T31/><D130/><U16/><E129/><V28/><F120/><W44/><G132/><T123/><D123/><U45/><E125/><V89/><F114/><W12/><G67/><T60/><D60/><U52/><E108/><V32/><F111/><W82/><G20/><T104/><D83/><U75/><E75/><V9/><F64/><W84/><REACH who="3" step="1"/><G54/><REACH who="3" ten="260,320,170,240" step="2"/><T79/><D23/><U10/><E21/><V100/><F70/><W17/><AGARI ba="0,1" hai="2,5,8,11,12,17,38,42,44,76,82,84,101,103" machi="17" ten="20,7800,0" yaku="1,1,2,1,0,1,7,1,53,0" doraHai="102" doraHaiUra="112" who="3" fromWho="3" sc="260,-26,320,-26,170,-26,240,88" owari="234,-16.6,294,9.4,144,-35.6,328,42.8" /></mjloggm>