<mjloggm ver="2.3"><GO type="225" lobby="0"/><UN n0="%E3%82%B7%E3%83%B3%E5%A4%AA%E6%9C%97" n1="%E8%B6%85%E7%B4%9A%E9%B3%B3%E5%87%B0" n2="%77%72%77%72%77%72%77%72" n3="%6D%75%75%6D%75%72%61" dan="16,16,16,16" rate="2202.21,2144.52,2167.08,2129.20" sx="M,M,M,F"/><TAIKYOKU oya="0"/><INIT seed="0,0,0,2,0,16" ten="250,250,250,250" oya="0" hai0="1,125,50,91,60,130,129,45,64,102,86,96,63" hai1="115,80,82,95,118,92,33,2,110,34,70,44,132" hai2="49,84,67,99,93,114,12,17,43,105,47,58,88" hai3="103,59,19,112,36,37,107,66,73,108,74,65,42"/><T104/><D1/><U56/><E118/><V40/><F114/><W62/><G112/><T57/><D63/><U76/><E115/><V55/><F105/><W10/><G108/><T13/><D13/><U120/><E120/><V35/><F35/><W89/><G66/><T46/><D125/><U24/><E70/><V100/><F67/><W121/><G121/><T135/><D135/><U8/><E110/><V126/><F126/><W128/><G128/><T123/><D123/><U0/><E132/><V26/><F26/><W7/><G103/><T78/><D78/><U134/><E134/><V31/><F31/><W5/><G107/><T22/><D22/><U11/><E44/><V68/><F68/><W122/><G122/><T21/><D21/><U113/><E113/><V111/><F111/><W116/><G116/><T20/><D20/><U133/><E133/><V94/><F47/><W23/><G42/><T61/><D61/><U48/><E24/><V79/><REACH who="2" step="1"/><F79/><REACH who="2" ten="250,250,240,250" step="2"/><W124/><G124/><T27/><D45/><U38/><E76/><V15/><F15/><W69/><G69/><T71/><D27/><U28/><E28/><V4/><F4/><W98/><G5/><T29/><D29/><U9/><E33/><V18/><F18/><W131/><G7/><T77/><D77/><U127/><E34/><V117/><F117/><W72/><G131/><N who="0" m="50187" /><D71/><U32/><E32/><V85/><F85/><W101/><G65/><T51/><D46/><U39/><E127/><V81/><F81/><AGARI ba="0,1" hai="50,51,57,60,64,81,86,91,96,102,104" m="50187" machi="81" ten="30,1500,0" yaku="19,1" doraHai="16" who="0" fromWho="2" sc="250,25,250,0,240,-15,250,0" /><INIT seed="0,1,0,0,0,119" ten="275,250,225,250" oya="0" hai0="78,37,35,88,130,132,64,7,111,61,116,120,72" hai1="51,135,6,5,74,8,27,76,69,77,42,112,113" hai2="104,73,108,14,38,81,36,117,18,92,11,127,87" hai3="9,15,3,32,13,17,48,109,34,63,0,110,80"/><T101/><D116/><U118/><E118/><V59/><F117/><W93/><G63/><T44/><D35/><N who="3" m="13353" /><G48/><T58/><D132/><U115/><E69/><V121/><F104/><W52/><G93/><T41/><D111/><N who="3" m="42505" /><G52/><T24/><D130/><U86/><E135/><V46/><F127/><W56/><G80/><T19/><D101/><U49/><E74/><V21/><F121/><W65/><G56/><T16/><D7/><U23/><E86/><V79/><F108/><W54/><G54/><T107/><D107/><U90/><E90/><V60/><F46/><W12/><G65/><T57/><D120/><U45/><E49/><V98/><F73/><W95/><G95/><T31/><D58/><U122/><E122/><V62/><F62/><W67/><G67/><T33/><REACH who="0" step="1"/><D88/><REACH who="0" ten="265,250,225,250" step="2"/><U126/><E5/><V1/><F1/><AGARI ba="1,1" hai="0,1,3,9,12,13,15,17" m="42505,13353" machi="1" ten="40,5200,0" yaku="14,1,34,2" doraHai="119" who="3" fromWho="2" sc="265,0,250,0,225,-55,250,65" /><INIT seed="1,0,0,1,4,28" ten="265,250,170,315" oya="1" hai0="78,129,61,48,94,91,34,100,52,51,70,60,105" hai1="113,42,115,62,107,18,25,39,65,87,35,32,7" hai2="79,57,47,119,72,24,77,38,44,14,83,37,63" hai3="98,3,133,68,9,102,82,114,29,132,125,112,43"/><U80/><E107/><V53/><F119/><W74/><G68/><T22/><D129/><U27/><E7/><V81/><F14/><W73/><G43/><T76/><D48/><U11/><E42/><V20/><F38/><W4/><G29/><T128/><D128/><U19/><E39/><V106/><F106/><N who="3" m="63831" /><G125/><T26/><D34/><U69/><E11/><V118/><F118/><W55/><G55/><T23/><D100/><U110/><E110/><V104/><F104/><W12/><G12/><T8/><D105/><U50/><E50/><V56/><F56/><W1/><G1/><T33/><D33/><U0/><E0/><V109/><F109/><W59/><G59/><T71/><D8/><U2/><E2/><V66/><F53/><W54/><G54/><T41/><D41/><U116/><E116/><V130/><F130/><W67/><G67/><T85/><D71/><U123/><E123/><V101/><F101/><W95/><G95/><T92/><D92/><U16/><E25/><V89/><F37/><W36/><G82/><T126/><D126/><U84/><E27/><V5/><F5/><W75/><G36/><T90/><D70/><U127/><E127/><V15/><F15/><W17/><G17/><N who="0" m="12623" /><D91/><N who="1" m="51591" /><E115/><AGARI ba="0,0" hai="3,4,9,73,74,75,112,114,115,132,133" m="63831" machi="115" ten="40,1300,0" yaku="23,1" doraHai="28" who="3" fromWho="1" sc="265,0,250,-13,170,0,315,13" /><INIT seed="2,0,0,4,3,8" ten="265,237,170,328" oya="2" hai0="70,126,76,85,49,51,52,0,25,67,28,38,23" hai1="107,102,118,104,21,87,14,27,58,17,92,100,122" hai2="34,127,124,75,91,7,10,13,110,101,96,41,19" hai3="119,97,20,94,64,60,80,132,95,93,57,81,46"/><V35/><F75/><W129/><G119/><T26/><D126/><N who="2" m="48170" /><F41/><W61/><G129/><T2/><D38/><U89/><E118/><V71/><F71/><W3/><G3/><T79/><D49/><U109/><E109/><V47/><F47/><W74/><G132/><T1/><D70/><U105/><E122/><V106/><F110/><W121/><G121/><T98/><D67/><U125/><E125/><V133/><F133/><W115/><G115/><T111/><D111/><U68/><E68/><V43/><F43/><W42/><G61/><T123/><D123/><U128/><E128/><V62/><F62/><W37/><G97/><T99/><D25/><U55/><REACH who="1" step="1"/><E27/><REACH who="1" ten="265,227,170,328" step="2"/><V135/><F135/><W120/><G120/><T69/><D69/><U86/><E86/><V44/><F44/><W40/><G46/><T4/><D85/><U11/><E11/><N who="2" m="6591" /><F91/><W53/><G74/><T12/><D79/><U56/><E56/><V5/><F5/><W83/><G57/><T131/><D76/><U59/><E59/><V113/><F113/><W22/><G37/><T112/><D131/><U16/><E16/><V15/><AGARI ba="0,1" hai="7,10,15,34,35,96,101,106" m="6591,48170" machi="15" ten="30,6000,0" yaku="18,1,52,2" doraHai="8" who="2" fromWho="2" sc="265,-20,227,-20,170,70,328,-20" /><INIT seed="2,1,0,5,0,135" ten="245,207,240,308" oya="2" hai0="4,34,42,30,6,53,64,106,105,134,28,72,61" hai1="115,18,49,21,22,32,90,104,66,94,87,88,92" hai2="112,100,131,108,101,126,93,26,46,98,43,97,58" hai3="17,67,29,81,44,56,91,51,33,120,107,48,41"/><V130/><F112/><W73/><G107/><T114/><D114/><U95/><E115/><V99/><F108/><W12/><G120/><T75/><D134/><U103/><E32/><V132/><F132/><W102/><G33/><T50/><D42/><U13/><E66/><V121/><F121/><W14/><G29/><T80/><D105/><U38/><E38/><V54/><F26/><W15/><G102/><T31/><D106/><U40/><E104/><V10/><F10/><W110/><G110/><T83/><D34/><U37/><E37/><V96/><F101/><W68/><G68/><T123/><D123/><U116/><E116/><V35/><F35/><W77/><G91/><T62/><D75/><U45/><E103/><V63/><REACH who="2" step="1"/><F126/><REACH who="2" ten="245,207,230,308" step="2"/><W7/><G15/><T133/><D133/><U65/><E65/><V70/><F70/><W0/><G14/><T125/><D125/><U24/><REACH who="1" step="1"/><E90/><REACH who="1" ten="245,197,230,308" step="2"/><V71/><F71/><W57/><G67/><T25/><D64/><U3/><E3/><V20/><F20/><W127/><G0/><T5/><D25/><U27/><E27/><V16/><F16/><AGARI ba="1,2" hai="13,16,18,21,22,24,40,45,49,87,88,92,94,95" machi="16" ten="30,8000,1" yaku="1,1,7,1,8,1,54,2,53,0" doraHai="135" doraHaiUra="76" who="1" fromWho="2" sc="245,0,197,103,230,-83,308,0" /><INIT seed="3,0,0,3,5,129" ten="245,300,147,308" oya="3" hai0="119,73,38,14,13,93,64,43,30,60,40,12,29" hai1="31,135,32,77,117,85,48,105,115,41,20,120,94" hai2="17,125,56,39,55,76,83,62,113,24,53,127,88" hai3="121,102,67,2,28,133,66,75,9,6,45,52,90"/><W0/><G121/><T116/><D73/><U46/><E120/><V51/><F39/><W82/><G0/><T101/><D101/><U86/><E115/><V134/><F113/><W57/><G133/><T21/><D93/><U15/><E105/><V47/><F134/><W130/><G130/><T68/><D38/><U10/><E117/><V97/><F76/><W84/><G75/><T65/><D21/><U19/><E32/><V103/><F103/><W49/><G28/><T110/><D110/><U35/><E35/><V108/><F108/><W7/><G7/><T112/><D112/><U72/><E72/><V111/><F111/><W74/><G74/><T16/><D16/><U80/><E135/><V89/><F83/><W122/><G122/><T78/><D78/><U34/><E34/><V50/><F50/><W8/><G8/><T79/><D79/><U70/><E70/><V99/><F99/><W54/><G102/><T114/><D114/><U26/><E86/><V123/><F123/><W37/><G37/><T124/><D124/><U91/><E77/><V109/><F109/><W92/><G92/><AGARI ba="0,0" hai="10,15,19,20,26,31,41,46,48,80,85,91,92,94" machi="92" ten="40,1300,0" yaku="8,1" doraHai="129" who="1" fromWho="3" sc="245,0,300,13,147,0,308,-13" owari="245,-15.5,313,41.3,147,-35.3,295,9.5" /></mjloggm>