<mjloggm ver="2.3"><GO type="225" lobby="0"/><UN n0="%33%74%72%65%65" n1="%6D%75%75%6D%75%72%61" n2="%E3%81%86%E3%82%8B%E3%81%8A%E3%81%A1%E3%82%83" n3="%73%6C%69%63%6B%33%31%39" dan="17,16,16,17" rate="2250.42,2146.95,2116.00,2195.67" sx="F,F,F,M"/><TAIKYOKU oya="0"/><INIT seed="0,0,0,2,4,34" ten="250,250,250,250" oya="0" hai0="110,6,85,50,114,99,26,87,108,94,134,5,46" hai1="21,130,69,100,39,125,3,61,62,8,127,113,49" hai2="16,78,40,28,81,11,20,72,51,9,13,37,54" hai3="55,121,15,123,84,4,58,79,22,111,19,122,66"/><T117/><D114/><U60/><E39/><V1/><F37/><W38/><G111/><N who="0" m="42539" /><D117/><U52/><E113/><V120/><F120/><W33/><G38/><T43/><D134/><U119/><E119/><V98/><F40/><W73/><G33/><T83/><D26/><U124/><E130/><V41/><F41/><W126/><G126/><T45/><D46/><N who="1" m="27703" /><E21/><V10/><F98/><W35/><G35/><T112/><D112/><U96/><E69/><V102/><F102/><W75/><G66/><T7/><D83/><U64/><E64/><V93/><F93/><W67/><G67/><T31/><D31/><U128/><E128/><V95/><F95/><W36/><G36/><T18/><D18/><U86/><E86/><V29/><REACH who="2" step="1"/><F1/><REACH who="2" ten="250,250,240,250" step="2"/><W2/><G2/><T132/><D132/><U42/><E42/><V89/><F89/><AGARI ba="0,1" hai="5,6,7,43,45,50,85,87,89,94,99" m="42539" machi="89" ten="30,2900,0" yaku="14,1,10,1" doraHai="34" who="0" fromWho="2" sc="250,39,250,0,240,-29,250,0" /><INIT seed="0,1,0,5,1,10" ten="289,250,211,250" oya="0" hai0="90,83,42,25,72,65,0,111,39,59,27,135,38" hai1="16,32,109,3,82,33,92,97,129,123,43,4,57" hai2="89,31,112,68,13,53,110,133,40,108,130,49,9" hai3="127,81,132,23,51,88,117,122,78,54,56,114,70"/><T50/><D0/><U121/><E109/><N who="2" m="42091" /><F68/><W41/><G114/><T106/><D111/><U37/><E129/><V103/><F112/><W98/><G117/><T1/><D1/><U18/><E82/><V5/><F130/><W79/><G70/><T20/><D106/><U22/><E37/><V12/><F133/><W84/><G132/><T115/><D115/><U126/><E43/><V67/><F67/><W6/><G127/><T52/><D135/><U30/><E126/><V8/><F31/><W128/><G128/><T61/><D42/><U26/><E57/><N who="2" m="32943" /><F103/><W46/><G122/><T77/><D90/><U15/><E18/><N who="2" m="8455" /><F40/><W63/><G6/><T74/><D74/><U125/><E33/><V134/><F134/><W24/><REACH who="3" step="1"/><G98/><REACH who="3" ten="289,250,211,240" step="2"/><T107/><D107/><U64/><E125/><V105/><F105/><W131/><G131/><T113/><D113/><U14/><E121/><V87/><F87/><W7/><G7/><T21/><D72/><U101/><E123/><V47/><F89/><W99/><G99/><T62/><D77/><U66/><E3/><V124/><F124/><W35/><G35/><T29/><D39/><U104/><E104/><V94/><F94/><W34/><G34/><T96/><D96/><U44/><E32/><V102/><F102/><W45/><G45/><AGARI ba="1,1" hai="5,9,13,45,47" m="8455,32943,42091" machi="45" ten="30,3900,0" yaku="14,1,52,2" doraHai="10" who="2" fromWho="3" sc="289,0,250,0,211,52,240,-42" /><INIT seed="1,0,0,0,2,54" ten="289,250,263,198" oya="1" hai0="109,50,78,44,59,102,110,9,36,128,94,130,47" hai1="28,61,133,125,51,121,108,71,40,13,114,45,32" hai2="56,12,84,19,8,75,43,127,106,55,23,24,3" hai3="85,52,83,33,49,37,104,91,131,34,99,68,81"/><U119/><E114/><V69/><F75/><W16/><G37/><T135/><D78/><U67/><E119/><V53/><F69/><W80/><G68/><T2/><D102/><U58/><E121/><V41/><F106/><W6/><G6/><T113/><D94/><U87/><E32/><V86/><F3/><W73/><G131/><N who="0" m="50219" /><D113/><U48/><E28/><V74/><F74/><W46/><G73/><T132/><D9/><U11/><E125/><V26/><F55/><W98/><G16/><T27/><D27/><N who="2" m="10282" /><F23/><W76/><G76/><T1/><D59/><U29/><E29/><V15/><F15/><W117/><G117/><T88/><D36/><U70/><E133/><N who="0" m="51273" /><D88/><U22/><E22/><V10/><F127/><W107/><G104/><T65/><D65/><U101/><E101/><V21/><F10/><W17/><G17/><T64/><D64/><U38/><E71/><V118/><F118/><W0/><G0/><N who="0" m="107" /><D50/><U122/><E70/><V105/><F105/><W31/><G31/><T103/><D103/><U82/><E38/><V4/><F21/><W63/><G107/><T134/><N who="0" m="51281" /><T20/><DORA hai="30" /><D20/><U95/><E48/><N who="2" m="30759" /><F19/><W57/><G33/><T35/><D35/><U129/><E129/><V115/><F115/><W112/><G34/><T14/><D14/><U77/><E13/><V123/><F123/><W25/><G25/><T124/><D124/><U7/><E122/><V18/><F18/><W89/><G112/><T39/><D39/><U90/><E11/><V60/><F60/><W96/><G89/><T92/><D92/><U126/><E126/><RYUUKYOKU ba="0,0" sc="289,10,250,-30,263,10,198,10" hai0="44,47,109,110" hai2="4,8,12,41,43,84,86" hai3="46,49,52,57,63,80,81,83,85,91,96,98,99" /><INIT seed="2,1,0,1,1,48" ten="299,220,273,208" oya="2" hai0="110,2,106,12,14,40,30,100,18,5,95,105,53" hai1="72,1,104,116,45,37,49,32,16,118,69,128,117" hai2="108,43,111,35,127,134,44,4,62,6,120,89,33" hai3="24,63,130,91,79,132,78,9,51,82,66,114,98"/><V107/><F120/><W123/><G132/><T131/><D110/><N who="2" m="42026" /><F134/><W23/><G130/><T38/><D131/><U88/><E128/><V41/><F127/><W126/><G126/><T83/><D30/><U29/><E1/><V75/><F75/><W8/><G114/><T58/><D2/><U119/><E119/><V64/><F107/><W27/><G123/><T109/><D5/><N who="2" m="2154" /><F89/><W22/><G51/><T70/><D105/><U122/><E37/><N who="2" m="21551" /><F43/><W15/><G91/><T92/><D40/><U17/><E104/><V19/><F19/><W68/><G79/><T96/><D18/><U112/><E72/><V87/><F87/><W74/><G98/><T42/><D42/><U121/><E112/><V57/><AGARI ba="1,0" hai="33,35,57,62,64" m="21551,2154,42026" machi="57" ten="30,3000,0" yaku="14,1,10,1" doraHai="48" who="2" fromWho="2" sc="299,-11,220,-11,273,33,208,-11" /><INIT seed="2,2,0,2,0,86" ten="288,209,306,197" oya="2" hai0="51,36,69,114,0,47,88,123,65,63,23,60,31" hai1="113,111,44,1,105,85,37,10,108,38,80,129,34" hai2="43,3,81,122,32,109,117,19,4,133,124,18,24" hai3="71,27,53,101,116,29,100,128,118,73,126,82,92"/><V120/><F43/><W7/><G71/><T50/><D123/><N who="2" m="47146" /><F117/><W84/><G73/><T103/><D114/><U35/><E113/><V9/><F81/><W61/><G128/><T62/><D0/><U17/><E105/><V20/><F124/><W95/><G126/><T56/><D103/><U135/><E129/><V52/><F52/><W25/><G7/><T127/><D31/><U39/><E135/><V14/><F133/><W132/><G132/><T121/><D23/><U104/><E44/><V94/><F94/><N who="3" m="35883" /><G118/><T78/><D78/><U110/><E104/><V22/><F32/><W96/><G29/><T72/><D72/><U40/><E40/><V42/><F42/><W49/><G61/><T91/><D121/><U26/><E1/><V67/><F67/><W5/><G5/><T21/><D127/><U59/><E59/><V90/><F90/><N who="0" m="34346" /><D69/><U12/><E26/><N who="2" m="14615" /><F109/><W33/><G33/><T130/><D36/><U115/><E115/><V2/><AGARI ba="2,0" hai="2,3,4,9,14,19,22,24" m="14615,47146" machi="2" ten="30,3000,0" yaku="34,2" doraHai="86" who="2" fromWho="2" sc="288,-12,209,-12,306,36,197,-12" /><INIT seed="2,3,0,4,0,31" ten="276,197,342,185" oya="2" hai0="17,21,134,6,41,4,118,55,82,101,106,102,78" hai1="103,98,83,61,88,85,121,100,70,107,116,10,2" hai2="35,96,9,86,69,87,80,63,51,0,117,32,12" hai3="92,95,52,84,119,124,43,74,24,125,122,90,132"/><V109/><F0/><W38/><G122/><T131/><D131/><U45/><E116/><V13/><F117/><W37/><G119/><T105/><D118/><U97/><E121/><V49/><F96/><W79/><G132/><T75/><D41/><U110/><E110/><V29/><F29/><W44/><G38/><T48/><D134/><U47/><E70/><V53/><F69/><W18/><G92/><T91/><D102/><U114/><E61/><V115/><F63/><W15/><G24/><T67/><D67/><U123/><E114/><V36/><F36/><W68/><G68/><T7/><D91/><U46/><E123/><V66/><F66/><W5/><G5/><T57/><REACH who="0" step="1"/><D101/><REACH who="0" ten="266,197,342,185" step="2"/><U1/><REACH who="1" step="1"/><E10/><REACH who="1" ten="266,187,342,185" step="2"/><V113/><F9/><W129/><G129/><T39/><D39/><U23/><E23/><V8/><F8/><W60/><G37/><T126/><D126/><U130/><E130/><V22/><F22/><W19/><G125/><T81/><D81/><U26/><E26/><AGARI ba="3,2" hai="4,6,7,17,21,26,48,55,57,75,78,82,105,106" machi="26" ten="40,1300,0" yaku="1,1,53,0" doraHai="31" doraHaiUra="56" who="0" fromWho="1" sc="266,42,187,-22,342,0,185,0" /><INIT seed="3,0,0,0,3,90" ten="308,165,342,185" oya="3" hai0="94,9,60,69,89,117,101,56,51,10,98,17,39" hai1="1,106,111,118,65,30,50,87,133,99,57,109,103" hai2="83,36,122,14,15,49,116,67,45,124,112,61,129" hai3="120,59,95,77,92,79,93,7,28,20,38,41,8"/><W13/><G120/><T46/><D117/><U86/><E1/><V96/><F36/><W3/><G38/><T21/><D69/><U72/><E72/><V78/><F112/><W48/><G3/><T105/><D39/><U53/><E118/><V131/><F124/><W88/><G88/><N who="0" m="55623" /><D105/><U84/><E133/><V75/><F96/><W70/><G70/><T6/><D101/><U107/><E107/><V2/><F2/><W135/><G135/><T16/><D6/><U12/><E65/><V54/><F122/><W0/><G0/><T62/><D89/><U44/><E30/><V19/><F116/><W47/><G59/><T121/><D121/><U97/><E97/><V63/><F15/><W104/><G104/><T64/><D60/><U113/><E113/><V24/><F24/><AGARI ba="0,0" hai="7,8,13,20,24,28,41,47,48,77,79,92,93,95" machi="24" ten="40,12000,1" yaku="8,1,52,3" doraHai="90" who="3" fromWho="2" sc="308,0,165,0,342,-120,185,120" /><INIT seed="3,1,0,0,4,115" ten="308,165,222,305" oya="3" hai0="77,95,65,112,86,0,55,1,36,114,64,80,92" hai1="56,44,19,93,12,123,119,31,67,71,108,50,98" hai2="126,38,94,25,68,82,39,133,40,100,117,79,130" hai3="120,90,47,128,66,58,62,107,27,70,132,60,42"/><W29/><G120/><T2/><D36/><N who="2" m="13866" /><F40/><W74/><G74/><T41/><D41/><U10/><E123/><V135/><F68/><W8/><G107/><T37/><D37/><U127/><E108/><V116/><F25/><W11/><G128/><T4/><D4/><U20/><E127/><V21/><F21/><W97/><G132/><N who="2" m="50761" /><F130/><W61/><G47/><T7/><D7/><U103/><E71/><V32/><F32/><W28/><G42/><T24/><D24/><U16/><E119/><N who="2" m="45643" /><F126/><W118/><G118/><T78/><D114/><U6/><E44/><V122/><F122/><W99/><G90/><T34/><D34/><U102/><E31/><N who="3" m="11850" /><G27/><T96/><D112/><U81/><E20/><V22/><F22/><W88/><G70/><T91/><D78/><U72/><E103/><V121/><F121/><W89/><G88/><T109/><D109/><U83/><E67/><V49/><F49/><W46/><G89/><T63/><D65/><U23/><E23/><V5/><F5/><W53/><G46/><T106/><D64/><U125/><E125/><V104/><F104/><W76/><G76/><T105/><D91/><U35/><E35/><V15/><F15/><W9/><G66/><T13/><D13/><U17/><REACH who="1" step="1"/><E72/><REACH who="1" ten="308,155,222,305" step="2"/><N who="2" m="43367" /><F100/><W45/><G45/><T57/><D106/><U134/><E134/><V30/><F30/><W129/><G129/><T14/><D14/><U85/><E85/><V43/><F43/><W131/><G131/><T48/><D48/><AGARI ba="1,1" hai="8,9,11,48,53,58,60,61,62,97,99" m="11850" machi="48" ten="30,1500,0" yaku="8,1" doraHai="115" who="3" fromWho="0" sc="308,-18,155,0,222,0,305,28" owari="290,9.0,155,-34.5,222,-17.8,333,43.3" /></mjloggm>