<mjloggm ver="2.3"><GO type="225" lobby="0"/><UN n0="%E3%83%81%E3%83%AF%E3%83%AF%E9%9A%8A%E9%95%B7" n1="%6D%75%75%73%61%6E%6D%75" n2="%E3%82%B2%E3%82%B9%E8%8C%82%E5%8B%9D" n3="%E5%86%B7%E5%87%8D%E3%82%AE%E3%83%A7%E3%83%BC%E3%82%B6" dan="16,17,16,17" rate="2109.64,2189.43,2113.83,2202.36" sx="M,F,F,M"/><TAIKYOKU oya="0"/><INIT seed="0,0,0,4,0,91" ten="250,250,250,250" oya="0" hai0="58,112,127,34,52,46,51,17,45,68,105,124,130" hai1="93,30,36,108,80,28,12,128,104,40,99,64,21" hai2="126,85,69,50,22,31,81,82,70,73,48,113,55" hai3="95,109,88,47,111,92,118,24,41,132,14,2,98"/><T107/><D112/><U106/><E108/><N who="3" m="41546" /><G2/><T87/><D68/><U27/><E128/><V101/><F126/><N who="0" m="48170" /><D34/><U96/><E64/><V115/><F101/><N who="3" m="60615" /><G132/><T56/><D130/><U116/><E116/><V5/><F73/><W89/><G118/><T62/><D17/><U9/><E30/><V33/><F33/><W75/><G75/><T7/><D7/><U79/><E96/><V83/><F5/><W129/><G129/><T117/><D117/><U32/><E40/><V42/><F42/><W135/><G135/><T61/><D87/><U76/><E36/><V78/><F113/><W120/><G120/><T66/><D45/><U23/><E23/><V18/><F31/><W6/><G24/><T90/><D90/><U97/><E97/><V53/><F115/><W0/><G0/><T103/><D103/><U4/><E32/><V44/><F70/><W19/><G6/><T13/><D13/><U86/><REACH who="1" step="1"/><E79/><REACH who="1" ten="250,240,250,250" step="2"/><V60/><F69/><W38/><G95/><T15/><D15/><U131/><E131/><V35/><F35/><W114/><G114/><T134/><D134/><U39/><E39/><V57/><F48/><W29/><G29/><T10/><D10/><AGARI ba="0,1" hai="10,14,19,38,41,47,88,89" m="60615,41546" machi="10" ten="30,3900,0" yaku="14,1,52,1,54,1" doraHai="91" who="3" fromWho="0" sc="250,-39,240,0,250,0,250,49" /><INIT seed="1,0,0,5,2,89" ten="211,240,250,299" oya="1" hai0="73,49,107,83,90,82,30,10,126,31,120,133,92" hai1="47,119,12,68,98,11,76,48,65,36,64,55,33" hai2="39,17,45,46,100,87,134,57,77,114,21,105,63" hai3="18,5,43,69,75,32,2,78,22,27,96,58,122"/><U132/><E119/><V113/><F134/><W34/><G122/><T25/><D107/><U81/><E132/><V79/><F100/><W23/><G69/><T101/><D133/><U44/><E33/><V51/><F105/><W16/><G43/><T115/><D115/><N who="2" m="44042" /><F39/><W93/><G58/><T70/><D70/><U42/><E68/><V41/><F45/><W80/><G5/><T118/><D118/><U29/><E29/><V130/><F87/><W94/><G2/><T50/><D120/><U103/><E81/><V60/><F130/><W84/><G75/><T129/><D129/><U14/><E76/><N who="2" m="29259" /><F57/><W53/><G53/><T74/><D101/><U123/><E123/><V121/><F121/><W59/><G59/><T128/><D128/><U0/><E0/><V3/><F3/><W99/><G99/><T1/><D73/><U110/><E110/><V15/><AGARI ba="0,0" hai="15,17,21,41,46,51,60,63" m="29259,44042" machi="15" ten="30,1100,0" yaku="11,1" doraHai="89" who="2" fromWho="2" sc="211,-3,240,-5,250,11,299,-3" /><INIT seed="2,0,0,5,5,8" ten="208,235,261,296" oya="2" hai0="65,111,44,64,118,22,123,43,125,29,97,77,40" hai1="129,99,134,32,12,42,25,16,88,35,81,0,59" hai2="17,124,67,34,133,120,55,92,95,70,50,58,11" hai3="45,107,132,53,78,116,3,31,47,72,39,5,30"/><V96/><F133/><W24/><G116/><T76/><D123/><U66/><E0/><V119/><F124/><W62/><G107/><T9/><D118/><U28/><E134/><V14/><F120/><W87/><G132/><T127/><D111/><U10/><E129/><V80/><F34/><W100/><G100/><T114/><D114/><U37/><E37/><V85/><F119/><W90/><G78/><T15/><D97/><U57/><E42/><N who="0" m="15913" /><D44/><U52/><E66/><N who="0" m="25705" /><D127/><U84/><E59/><V56/><F70/><W20/><G72/><T1/><D1/><U18/><E99/><V68/><F96/><W82/><G39/><T60/><D60/><U27/><E18/><V23/><F68/><W93/><G3/><T54/><D54/><U113/><E113/><V73/><F73/><W69/><G69/><T71/><D71/><U46/><E46/><N who="3" m="17418" /><G5/><N who="0" m="3503" /><D125/><U117/><E117/><V101/><F101/><W49/><G62/><T106/><D106/><U112/><E112/><V115/><F115/><W38/><G38/><T103/><D103/><U21/><E27/><AGARI ba="0,0" hai="22,27,29,76,77" m="3503,25705,15913" machi="27" ten="30,2000,0" yaku="8,1,52,1" doraHai="8" who="0" fromWho="1" sc="208,20,235,-20,261,0,296,0" /><INIT seed="3,0,0,4,0,126" ten="228,215,261,296" oya="3" hai0="3,79,95,1,134,101,58,44,109,16,112,130,57" hai1="131,35,45,43,36,32,127,105,64,30,80,81,40" hai2="84,106,91,114,69,110,51,78,122,111,27,38,65" hai3="67,4,124,52,59,74,62,88,37,98,100,73,41"/><W54/><G124/><T60/><D112/><U90/><E127/><V34/><F38/><W118/><G118/><T83/><D134/><U85/><E105/><V42/><F114/><W99/><G4/><T94/><D109/><N who="2" m="41482" /><F106/><W22/><G22/><T135/><D135/><U5/><E43/><V68/><F65/><W121/><G121/><T61/><D44/><U14/><E64/><V20/><F34/><W46/><G88/><T28/><D28/><U92/><E131/><V63/><F63/><W133/><G133/><T87/><D130/><U47/><E47/><N who="2" m="26103" /><F78/><W8/><G8/><T102/><D60/><U117/><E117/><V7/><F7/><W17/><G17/><T97/><D16/><U86/><E30/><N who="2" m="17767" /><F122/><W71/><G54/><T21/><D79/><U77/><REACH who="1" step="1"/><E81/><AGARI ba="0,0" hai="68,69,81,84,91" m="17767,26103,41482" machi="81" ten="30,1000,0" yaku="14,1" doraHai="126" who="2" fromWho="1" sc="228,0,215,-10,261,10,296,0" /><INIT seed="4,0,0,2,3,66" ten="228,205,271,296" oya="0" hai0="87,54,64,32,36,63,109,116,115,33,119,7,16" hai1="12,42,73,126,76,104,35,77,49,31,80,44,5" hai2="132,98,130,68,83,107,27,50,128,84,102,53,22" hai3="118,21,85,74,86,112,0,17,125,123,15,89,60"/><T131/><D36/><U103/><E126/><V100/><F132/><W59/><G118/><T108/><D115/><U110/><E110/><N who="0" m="42601" /><D131/><N who="2" m="50218" /><F98/><W90/><G74/><T40/><D40/><U133/><E133/><V75/><F75/><W41/><G0/><T129/><D129/><U95/><E104/><V29/><F68/><W120/><G41/><T135/><D135/><U99/><E77/><N who="2" m="46191" /><F107/><W121/><G112/><T92/><D7/><U106/><E106/><V9/><F9/><W19/><G19/><T61/><D54/><U26/><E5/><V4/><F4/><W93/><G125/><T2/><D2/><U111/><E111/><V67/><F67/><N who="3" m="39327" /><G89/><N who="0" m="53311" /><D16/><U13/><AGARI ba="0,0" hai="12,13,26,31,35,42,44,49,73,76,80,95,99,103" machi="13" ten="30,1100,0" yaku="0,1" doraHai="66" who="1" fromWho="1" sc="228,-5,205,11,271,-3,296,-3" /><INIT seed="5,0,0,1,3,113" ten="223,216,268,293" oya="1" hai0="81,18,104,118,34,100,16,6,9,97,29,135,43" hai1="119,117,26,62,50,46,0,74,39,122,69,21,120" hai2="133,79,108,96,131,37,64,134,129,92,25,86,72" hai3="114,121,123,47,125,109,51,128,30,126,71,8,14"/><U58/><E74/><V59/><F37/><W10/><G109/><T77/><D135/><N who="2" m="51722" /><F25/><W66/><G114/><T5/><D5/><U82/><E0/><V12/><F12/><W2/><G30/><T33/><D43/><N who="1" m="22911" /><E26/><V49/><F72/><W67/><G2/><T55/><D55/><N who="1" m="32119" /><E21/><V91/><F108/><W107/><G128/><N who="2" m="49225" /><F49/><W112/><G107/><T23/><D104/><U57/><E82/><N who="2" m="47455" /><F59/><W42/><G112/><T60/><D33/><U3/><E3/><V88/><F64/><N who="3" m="24619" /><G71/><T32/><D32/><U48/><E48/><V1/><F1/><W84/><G8/><T15/><D34/><U80/><E69/><V28/><F28/><W44/><G44/><T36/><D29/><U13/><E13/><V98/><F98/><W4/><G14/><T65/><D97/><U53/><E80/><V35/><F35/><W83/><G10/><T87/><D81/><U22/><E22/><V68/><F68/><W115/><G115/><T54/><D23/><U38/><E38/><V105/><F105/><W19/><G19/><T111/><D36/><U20/><E20/><V11/><F11/><W106/><G4/><T90/><D6/><U75/><E75/><V63/><F63/><W132/><G106/><T127/><D9/><U24/><E24/><V70/><F70/><W41/><G132/><T45/><D15/><U56/><E56/><V89/><AGARI ba="0,0" hai="88,89,91,92,96" m="47455,49225,51722" machi="89" ten="40,8000,1" yaku="20,1,19,1,34,2,54,1" doraHai="113" who="2" fromWho="2" sc="223,-20,216,-40,268,80,293,-20" owari="203,-19.7,176,-32.4,348,44.8,273,7.3" /></mjloggm>