<mjloggm ver="2.3"><GO type="225" lobby="0"/><UN n0="%E6%9D%BE%E6%9C%AC%E5%81%A5%E7%94%B7" n1="%45%6C%79%73%69%75%6D" n2="%72%69%6F%75%63%68%61%6E" n3="%E3%81%AF%E3%82%88%E3%81%8A%E3%81%98%E3%81%95%E3%82%93" dan="16,18,17,16" rate="2162.49,2167.60,2273.02,2156.98" sx="M,F,M,M"/><TAIKYOKU oya="0"/><INIT seed="0,0,0,2,1,88" ten="250,250,250,250" oya="0" hai0="69,114,130,73,133,63,105,39,92,13,110,67,91" hai1="112,113,30,18,75,10,45,47,72,46,100,127,53" hai2="41,107,7,98,51,65,49,83,5,64,23,36,71" hai3="115,25,56,3,33,26,52,27,50,111,102,81,44"/><T101/><D114/><N who="1" m="44139" /><E127/><V68/><F83/><W109/><G115/><T11/><D130/><U132/><E132/><V60/><F23/><W118/><G118/><T90/><D133/><U123/><E123/><V32/><F32/><W74/><G3/><T15/><D110/><N who="3" m="41993" /><G102/><T116/><D116/><U119/><E119/><V97/><F36/><W9/><G9/><T135/><D39/><U22/><E53/><V124/><F41/><W16/><G33/><T54/><D135/><U0/><E30/><V19/><F19/><W117/><G117/><T80/><D105/><U43/><E100/><V57/><F124/><W29/><G29/><T106/><D106/><U82/><E82/><V4/><F107/><W134/><G134/><T121/><D121/><U84/><E84/><V94/><F98/><W55/><G81/><T131/><D131/><U87/><E87/><V77/><F77/><W89/><G89/><T93/><D101/><U99/><E99/><V42/><F42/><W85/><G85/><T28/><D28/><U108/><E43/><V76/><F76/><W70/><G70/><T2/><D80/><U61/><E108/><V95/><F71/><W37/><G74/><T58/><D73/><U120/><E120/><V78/><F78/><W12/><G37/><T38/><D38/><U17/><E0/><V128/><F128/><W129/><G129/><T40/><D91/><U8/><E72/><V48/><REACH who="2" step="1"/><F97/><REACH who="2" ten="250,250,240,250" step="2"/><W6/><G6/><T122/><D122/><U31/><E75/><V20/><F20/><N who="3" m="11271" /><G27/><T79/><D79/><U1/><E22/><V125/><F125/><RYUUKYOKU ba="0,1" sc="250,-15,250,-15,240,15,250,15" hai2="4,5,7,48,49,51,57,60,64,65,68,94,95" hai3="25,26,44,50,52,55,56" /><INIT seed="1,1,1,2,0,21" ten="235,235,255,265" oya="1" hai0="122,24,7,130,98,53,3,127,133,67,8,26,114" hai1="35,99,39,96,31,55,56,69,61,5,101,81,80" hai2="41,110,104,71,57,50,10,112,78,90,68,116,108" hai3="29,132,47,59,134,51,77,40,97,109,86,23,19"/><U76/><E39/><V124/><F116/><W72/><G72/><T37/><D114/><U49/><E5/><V15/><F124/><W95/><G109/><N who="2" m="42089" /><F112/><W128/><G128/><T2/><D127/><U6/><E6/><V93/><F104/><W58/><G29/><T117/><D117/><U94/><E69/><V28/><F78/><W75/><G75/><T79/><D130/><U30/><E96/><N who="2" m="57399" /><F28/><N who="1" m="10793" /><E35/><V33/><F33/><W85/><G132/><T88/><D133/><U102/><E102/><V82/><F82/><N who="1" m="31849" /><E76/><V60/><F41/><W43/><G40/><T118/><D79/><U121/><E121/><V129/><F50/><AGARI ba="1,1" hai="49,50,55,56,61,94,99,101" m="31849,10793" machi="50" ten="30,1500,0" yaku="8,1" doraHai="21" who="1" fromWho="2" sc="235,0,235,28,255,-18,265,0" /><INIT seed="1,2,0,1,4,115" ten="235,263,237,265" oya="1" hai0="62,55,24,76,47,92,67,65,11,2,66,86,27" hai1="107,56,8,12,114,14,110,127,105,50,45,10,93" hai2="51,43,72,103,31,53,78,33,64,134,79,30,20" hai3="42,39,21,7,80,104,77,84,133,87,28,121,132"/><U94/><E114/><V17/><F134/><N who="3" m="51819" /><G121/><T69/><D69/><U19/><E56/><V117/><F117/><W123/><G123/><T22/><D2/><U88/><E127/><V131/><F131/><W106/><G7/><T82/><D11/><U128/><E128/><V5/><F33/><W97/><G87/><T15/><D92/><U99/><E94/><V85/><F72/><W37/><G42/><T75/><D75/><U13/><E110/><V122/><F122/><W102/><G104/><T29/><D27/><AGARI ba="2,0" hai="21,27,28,37,39,77,80,84,97,102,106" m="51819" machi="27" ten="30,1000,0" yaku="20,1" doraHai="115" who="3" fromWho="0" sc="235,-16,263,0,237,0,265,16" /><INIT seed="2,0,0,5,2,64" ten="219,263,237,281" oya="2" hai0="27,45,43,93,13,105,0,129,83,121,3,75,20" hai1="87,74,72,54,78,119,10,21,135,17,82,28,38" hai2="52,73,131,76,77,115,6,67,24,61,47,100,122" hai3="107,102,23,44,59,80,118,25,125,42,109,111,50"/><V35/><F115/><W62/><G118/><T95/><D121/><U12/><E119/><V55/><F122/><W98/><G125/><T30/><D105/><U19/><E28/><V60/><F131/><W84/><G59/><T134/><D134/><U39/><E135/><V114/><F114/><W90/><REACH who="3" step="1"/><G62/><REACH who="3" ten="219,263,237,271" step="2"/><T86/><D129/><U63/><E63/><V120/><F60/><W4/><G4/><T101/><D75/><U97/><E74/><V106/><F6/><W68/><G68/><T46/><D0/><U32/><E72/><V71/><F120/><W91/><G91/><T66/><D3/><U58/><E58/><V57/><F57/><W92/><G92/><T49/><D95/><U9/><E78/><N who="2" m="30315" /><F73/><W103/><G103/><T26/><D101/><U124/><E124/><V89/><F89/><W123/><G123/><T79/><D93/><U41/><E82/><V7/><F7/><W127/><G127/><T85/><D83/><U34/><E97/><N who="2" m="61711" /><F47/><W88/><G88/><T16/><D79/><U56/><E56/><V1/><F1/><W132/><G132/><T48/><D66/><U29/><E87/><V96/><F96/><W40/><G40/><T53/><D86/><U81/><E41/><V69/><F69/><W31/><AGARI ba="0,1" hai="23,25,31,42,44,50,80,84,90,98,102,107,109,111" machi="31" ten="30,2000,0" yaku="1,1,0,1,53,0" doraHai="64" doraHaiUra="110" who="3" fromWho="3" sc="219,-5,263,-5,237,-10,271,30" /><INIT seed="3,0,0,0,1,70" ten="214,258,227,301" oya="3" hai0="75,61,134,116,19,79,91,126,4,131,80,12,55" hai1="11,36,46,56,77,33,129,32,20,98,22,121,107" hai2="26,109,51,73,84,65,119,87,63,108,57,124,89" hai3="38,15,104,102,34,35,112,53,72,113,5,71,68"/><W45/><G53/><T128/><D116/><U44/><E56/><V123/><F124/><W95/><G95/><T40/><D126/><U52/><E77/><V105/><F119/><W50/><G50/><T30/><D134/><U90/><E11/><V0/><F73/><W76/><G15/><T18/><D40/><U132/><E90/><V133/><F133/><W85/><G85/><T39/><D30/><U3/><E3/><V86/><F105/><W78/><G78/><T122/><D122/><U48/><E129/><N who="0" m="49737" /><D39/><U117/><E117/><V88/><F123/><W23/><G23/><T82/><D4/><U120/><E132/><V97/><F0/><W94/><G94/><T125/><D125/><U115/><E20/><V47/><F26/><W17/><G17/><N who="0" m="6155" /><D12/><U1/><E22/><V74/><F74/><W6/><G5/><T54/><D61/><U49/><E1/><V29/><F29/><W92/><G6/><T114/><D114/><N who="3" m="44137" /><G92/><T28/><D28/><U10/><E115/><V60/><F63/><W42/><G76/><N who="0" m="44063" /><D91/><N who="2" m="34890" /><F97/><N who="3" m="61519" /><G72/><AGARI ba="0,0" hai="54,55,72,79,82" m="44063,6155,49737" machi="72" ten="30,1000,0" yaku="19,1" doraHai="70" who="0" fromWho="3" sc="214,10,258,0,227,0,301,-10" /><INIT seed="4,0,0,5,0,116" ten="224,258,227,291" oya="0" hai0="67,29,8,91,31,125,89,5,66,100,123,61,76" hai1="108,35,21,56,129,102,112,55,37,42,84,110,93" hai2="94,87,15,20,131,97,111,135,96,59,83,24,52" hai3="43,86,1,77,127,44,103,130,99,54,27,10,18"/><T81/><D123/><U58/><E35/><V126/><F126/><W82/><G127/><T17/><D125/><U119/><E119/><V120/><F120/><W65/><G130/><T40/><D100/><U115/><E21/><V48/><F135/><W47/><G65/><T64/><D61/><U62/><E129/><V78/><F111/><N who="1" m="42537" /><E84/><V73/><F131/><W117/><G117/><T7/><D40/><U46/><E93/><V41/><F41/><W109/><G109/><T92/><D17/><U13/><E13/><V16/><F24/><W118/><G118/><T79/><D91/><AGARI ba="0,0" hai="15,16,20,48,52,59,73,78,83,87,91,94,96,97" machi="91" ten="40,8000,1" yaku="25,2,54,2" doraHai="116" who="2" fromWho="0" sc="224,-80,258,0,227,80,291,0" owari="144,-35.6,258,-14.2,307,40.7,291,9.1" /></mjloggm>