<mjloggm ver="2.3"><GO type="225" lobby="0"/><UN n0="%E3%81%95%E3%81%8D%E3%81%9F%E3%81%BE%E6%9E%97%E6%AA%8E" n1="%E3%80%93%E3%81%97%E3%83%BC%E3%82%89%E3%80%93" n2="%6D%75%75%73%61%6E%6D%75" n3="%E3%80%90%E3%83%88%E3%83%AA%E3%83%A5%E3%83%95%E3%80%91" dan="16,17,17,16" rate="2073.72,2148.51,2145.00,2078.62" sx="M,M,F,M"/><TAIKYOKU oya="0"/><INIT seed="0,0,0,4,5,96" ten="250,250,250,250" oya="0" hai0="116,44,93,26,6,131,118,88,34,14,99,83,15" hai1="103,113,4,59,52,100,2,0,74,13,17,91,119" hai2="30,92,61,10,135,45,29,54,110,8,101,107,106" hai3="120,42,65,130,128,47,81,80,43,53,63,37,122"/><T95/><D131/><N who="3" m="50217" /><G81/><T71/><D71/><U90/><E74/><V27/><F110/><W24/><G24/><T72/><D44/><U58/><E119/><V102/><F135/><W40/><G53/><T117/><D93/><U111/><E111/><V67/><F106/><W39/><G80/><T9/><D34/><U127/><E127/><V123/><F123/><N who="3" m="47147" /><G47/><T129/><D129/><U132/><E132/><V82/><F107/><W48/><G48/><T38/><D38/><U41/><E41/><V36/><F36/><W5/><G5/><T49/><D49/><N who="1" m="30991" /><E2/><V32/><F82/><W28/><G28/><N who="2" m="10857" /><F27/><W33/><G33/><T50/><D50/><U70/><E0/><V98/><F32/><W21/><G21/><T12/><REACH who="0" step="1"/><D26/><REACH who="0" ten="240,250,250,250" step="2"/><U62/><E70/><AGARI ba="0,1" hai="37,39,40,42,43,63,65,70" m="47147,50217" machi="70" ten="40,8000,1" yaku="19,1,13,1,34,2" doraHai="96" who="3" fromWho="1" sc="240,0,250,-80,250,0,250,90" /><INIT seed="1,0,0,1,2,62" ten="240,170,250,340" oya="1" hai0="33,34,58,43,124,90,126,29,85,30,123,18,88" hai1="135,119,27,17,132,75,8,92,107,66,6,95,13" hai2="103,84,20,57,117,76,121,56,81,69,104,131,87" hai3="91,110,40,93,116,130,64,37,73,42,55,22,82"/><U89/><E107/><V77/><F121/><W49/><G110/><T108/><D108/><U74/><E119/><V12/><F117/><W78/><G130/><T109/><D109/><U111/><E111/><V67/><F131/><W50/><G64/><T23/><D123/><U101/><E101/><V0/><F0/><W51/><G37/><T97/><D97/><U1/><E27/><V99/><F69/><W61/><G116/><T113/><D113/><U79/><E66/><V71/><F71/><W3/><G3/><T94/><D90/><U127/><E127/><N who="0" m="48681" /><D58/><U44/><E44/><V105/><F105/><W31/><G61/><T65/><D65/><U24/><E24/><V48/><F67/><W5/><G5/><T11/><D11/><N who="1" m="6335" /><E79/><V25/><F12/><W86/><REACH who="3" step="1"/><G55/><REACH who="3" ten="240,170,250,330" step="2"/><T16/><D43/><U122/><E122/><V134/><F48/><W19/><G19/><N who="0" m="7211" /><D23/><U59/><E59/><V115/><F56/><W60/><G60/><T96/><D96/><N who="1" m="57359" /><E95/><V4/><F57/><W15/><G15/><T26/><D26/><AGARI ba="0,1" hai="22,26,31,40,42,49,50,51,73,78,82,86,91,93" machi="26" ten="40,1300,0" yaku="1,1,53,0" doraHai="62" doraHaiUra="118" who="3" fromWho="0" sc="240,-13,170,0,250,0,330,23" /><INIT seed="2,0,0,5,2,27" ten="227,170,250,353" oya="2" hai0="5,130,28,36,0,114,43,30,10,63,17,68,7" hai1="8,60,32,3,19,88,80,46,89,72,69,133,51" hai2="13,116,93,55,83,26,64,11,24,134,118,129,92" hai3="75,45,53,44,98,104,82,105,4,79,117,78,66"/><V6/><F129/><W91/><G117/><T25/><D114/><U101/><E133/><V76/><F134/><W34/><G34/><T29/><D5/><U70/><E32/><V22/><F24/><W61/><G4/><T73/><D130/><U42/><E101/><V2/><F64/><W108/><G108/><T100/><D100/><U33/><E33/><V86/><F2/><W109/><G109/><T113/><D113/><U110/><E110/><V90/><F55/><W59/><G79/><T135/><D135/><U94/><E3/><V125/><F125/><W71/><G105/><T120/><D120/><U106/><E106/><V99/><REACH who="2" step="1"/><F93/><REACH who="2" ten="227,170,240,353" step="2"/><W77/><G104/><T58/><D68/><U52/><E70/><V103/><F103/><W122/><G122/><T48/><D25/><U47/><E69/><V121/><F121/><W23/><G66/><T1/><D1/><U38/><E60/><V41/><F41/><W39/><G61/><T112/><D63/><U74/><E80/><V67/><F67/><W54/><G82/><T102/><D102/><U15/><REACH who="1" step="1"/><E89/><REACH who="1" ten="227,160,240,353" step="2"/><V35/><F35/><W87/><G91/><T37/><D0/><U50/><E50/><V107/><F107/><W56/><G71/><T84/><D48/><U111/><E111/><V127/><F127/><W131/><G131/><T40/><D37/><U95/><E95/><V128/><F128/><W96/><G39/><T65/><D36/><U62/><E62/><V9/><F9/><W126/><G126/><T21/><D65/><U20/><E20/><V12/><F12/><W132/><G23/><RYUUKYOKU ba="0,2" sc="227,-15,160,15,240,15,353,-15" hai1="8,15,19,38,42,46,47,51,52,72,74,88,94" hai2="6,11,13,22,26,76,83,86,90,92,99,116,118" /><INIT seed="2,1,2,0,5,126" ten="212,175,255,338" oya="2" hai0="46,108,87,113,83,73,51,95,65,66,118,133,120" hai1="68,91,69,116,35,60,11,135,23,26,70,45,58" hai2="7,98,53,134,88,102,121,63,32,114,22,101,33" hai3="13,72,100,67,38,123,24,115,85,30,82,49,54"/><V96/><F114/><W80/><G123/><T75/><D113/><U77/><E116/><V132/><F121/><W48/><G38/><T92/><D120/><U125/><E125/><V1/><F1/><W106/><G67/><N who="0" m="25611" /><D75/><U94/><E135/><N who="2" m="51755" /><F7/><W2/><G2/><T19/><D73/><U97/><E35/><N who="2" m="13387" /><F22/><W76/><G115/><T27/><D108/><U44/><E77/><V79/><F79/><W107/><G13/><T3/><D3/><U9/><E9/><V59/><F88/><W16/><G30/><T112/><D112/><U41/><E11/><V39/><F39/><W111/><G111/><T81/><D118/><U8/><E8/><V18/><F18/><W99/><G107/><T17/><D17/><N who="1" m="12655" /><E41/><V4/><F4/><W117/><G117/><T56/><D133/><U40/><E40/><V34/><N who="2" m="13395" /><V10/><DORA hai="31" /><F10/><W12/><G24/><T43/><D81/><U89/><E91/><V105/><F105/><W78/><G16/><T57/><D19/><U14/><E14/><V28/><F28/><W20/><G20/><T61/><D27/><U131/><E131/><V129/><F129/><W62/><G12/><T128/><D128/><U124/><E124/><V110/><F110/><W71/><G78/><T93/><D61/><U84/><E84/><V47/><F47/><W6/><G76/><AGARI ba="1,2" hai="43,46,51,56,57,76,83,87,92,93,95" m="25611" machi="76" ten="30,1000,0" yaku="8,1" doraHai="126,31" who="0" fromWho="3" sc="212,33,175,0,255,0,338,-13" /><INIT seed="3,0,0,4,3,60" ten="245,175,255,325" oya="3" hai0="12,31,6,30,74,92,134,117,23,50,132,95,41" hai1="36,112,129,28,49,20,109,14,18,4,78,99,110" hai2="58,17,123,3,25,77,22,5,114,116,8,82,24" hai3="120,65,87,84,52,131,0,59,80,91,86,54,64"/><W108/><G108/><T126/><D74/><U133/><E36/><V32/><F114/><W33/><G33/><T106/><D106/><U51/><E112/><V121/><F116/><W40/><G0/><T85/><D126/><U71/><E71/><V96/><F58/><W35/><G35/><T56/><D117/><U38/><E38/><V44/><F44/><W101/><G120/><N who="2" m="46153" /><F96/><W9/><G9/><N who="0" m="4151" /><D85/><N who="3" m="32873" /><G101/><T13/><D13/><U130/><E78/><V97/><F97/><W119/><G131/><N who="1" m="50186" /><E99/><V125/><F125/><W105/><G105/><T15/><D15/><U73/><E73/><N who="2" m="43311" /><F32/><W93/><G40/><T124/><D124/><U103/><E103/><V118/><F118/><W66/><G119/><T68/><D68/><U53/><E53/><N who="3" m="20586" /><G59/><T135/><D56/><U29/><E51/><V2/><F3/><W27/><G27/><AGARI ba="0,0" hai="2,5,8,17,22,24,25,27" m="43311,46153" machi="27" ten="30,1000,0" yaku="13,1" doraHai="60" who="2" fromWho="3" sc="245,0,175,0,255,10,325,-10" owari="245,-15.5,175,-32.5,265,6.5,315,41.5" /></mjloggm>