<mjloggm ver="2.3"><GO type="225" lobby="0"/><UN n0="%4C%4F%4C%49%54%41" n1="%E5%B0%8F%E9%B3%A5%E9%81%8A%E7%B7%B4%E7%84%A1%32%31%E6%AD%B3" n2="%E3%82%BF%E3%83%BC%E3%83%90%E3%83%B3%E9%87%8E%E5%8F%A3" n3="%4B%2E%32%2E%4B%2E" dan="16,16,16,17" rate="2181.97,2146.86,2141.69,2153.97" sx="F,F,M,M"/><TAIKYOKU oya="0"/><INIT seed="0,0,0,4,4,2" ten="250,250,250,250" oya="0" hai0="6,120,114,14,110,106,76,80,25,40,13,43,19" hai1="79,125,62,68,97,78,12,83,84,58,115,65,20" hai2="85,1,132,131,104,57,52,3,32,101,121,7,31" hai3="122,81,18,38,28,75,30,61,90,128,49,59,108"/><T5/><D114/><U73/><E125/><V46/><F121/><W41/><G38/><T87/><D106/><U103/><E115/><V47/><F131/><W11/><G128/><T98/><D120/><U96/><E68/><V42/><F132/><W24/><G122/><T74/><D110/><U51/><E103/><V95/><F104/><W27/><G108/><T135/><D74/><U44/><E78/><V77/><F1/><W22/><G41/><N who="0" m="15947" /><D98/><U92/><E73/><V50/><F46/><W100/><G100/><T88/><D135/><U55/><E92/><V124/><F124/><W113/><G49/><T35/><D35/><U63/><E63/><V99/><F32/><W66/><G113/><T70/><D70/><U45/><E45/><V111/><F111/><W10/><G18/><AGARI ba="0,0" hai="12,18,20,44,51,55,58,62,65,79,83,84,96,97" machi="18" ten="40,1300,0" yaku="8,1" doraHai="2" who="1" fromWho="3" sc="250,0,250,13,250,0,250,-13" /><INIT seed="1,0,0,0,5,57" ten="250,263,250,237" oya="1" hai0="130,42,12,98,1,11,14,81,72,105,101,106,52" hai1="2,134,25,13,123,50,79,44,109,135,77,115,49" hai2="38,119,26,84,59,113,107,56,27,67,0,20,46" hai3="86,22,85,33,40,48,75,116,55,41,36,69,97"/><U47/><E2/><V28/><F119/><W65/><G33/><T117/><D117/><U15/><E123/><V5/><F107/><W94/><G75/><T129/><D106/><U126/><E25/><V112/><F0/><W127/><G116/><T51/><D42/><U82/><E82/><V71/><F5/><W60/><G127/><T9/><D72/><U23/><E23/><N who="2" m="15455" /><F38/><W68/><G68/><T95/><D81/><U32/><E32/><V21/><F46/><W91/><G22/><N who="2" m="8809" /><F84/><W43/><REACH who="3" step="1"/><G36/><REACH who="3" ten="250,263,250,227" step="2"/><T76/><D129/><U34/><E34/><V70/><F27/><W63/><G63/><T53/><D130/><U8/><E126/><V131/><F131/><W133/><G133/><T17/><D9/><U108/><REACH who="1" step="1"/><E8/><REACH who="1" ten="250,253,250,227" step="2"/><V3/><F3/><W114/><G114/><AGARI ba="0,2" hai="13,15,44,47,49,50,77,79,108,109,114,115,134,135" machi="114" ten="25,9600,0" yaku="1,1,2,1,22,2,53,0" doraHai="57" doraHaiUra="96" who="1" fromWho="3" sc="250,0,253,116,250,0,227,-96" /><INIT seed="1,1,0,2,5,42" ten="250,369,250,131" oya="1" hai0="66,47,111,70,63,56,95,103,112,78,64,19,18" hai1="58,39,13,1,3,82,55,62,73,77,119,123,118" hai2="15,129,43,107,102,88,132,117,85,46,57,127,83" hai3="44,134,122,24,34,133,9,113,26,98,65,5,54"/><U75/><E123/><V20/><F117/><W68/><G113/><T14/><D112/><U74/><E39/><V51/><F129/><W4/><G98/><T91/><D111/><U128/><E128/><V71/><F71/><W105/><G105/><T76/><D103/><U25/><E25/><V81/><F132/><W50/><G122/><T21/><D70/><U48/><E13/><V104/><F127/><W84/><G4/><T28/><D28/><U67/><E118/><V125/><F125/><W23/><G84/><T130/><D64/><U36/><E36/><V33/><F33/><W121/><G34/><T53/><D130/><U52/><E55/><V100/><F104/><W92/><G92/><T94/><D94/><U96/><E96/><V29/><F107/><W2/><G121/><T131/><D131/><U37/><E37/><V32/><F32/><W35/><G35/><T87/><REACH who="0" step="1"/><D19/><REACH who="0" ten="240,369,250,131" step="2"/><U97/><E119/><V93/><F93/><W69/><G65/><T99/><D99/><U89/><E97/><V7/><F83/><W11/><G69/><T124/><D124/><U106/><E106/><V16/><F100/><W6/><G68/><T120/><D120/><U30/><E30/><V116/><F102/><W40/><G133/><T86/><D86/><U49/><E67/><V60/><F116/><W109/><G109/><T10/><D10/><U45/><E75/><V17/><F17/><N who="3" m="12399" /><G134/><T114/><D114/><U90/><E74/><V12/><F29/><W22/><G9/><T0/><D0/><U27/><E1/><V38/><F16/><N who="3" m="12615" /><G6/><T108/><D108/><RYUUKYOKU ba="1,1" sc="240,15,369,-15,250,-15,131,15" hai0="14,18,21,47,53,56,63,66,76,78,87,91,95" hai3="2,5,11,40,44,50,54" /><INIT seed="2,2,1,3,2,11" ten="255,354,235,146" oya="2" hai0="74,40,102,8,51,19,89,125,122,73,111,97,116" hai1="99,32,6,38,119,53,121,44,67,49,135,28,131" hai2="24,114,47,7,1,92,134,26,88,106,25,70,71" hai3="108,76,128,93,80,130,86,63,100,118,55,124,3"/><V5/><F114/><W115/><G3/><T43/><D122/><U96/><E119/><V36/><F106/><W79/><G63/><T33/><D33/><U66/><E121/><V14/><F134/><W0/><G0/><T2/><D89/><U105/><E135/><V120/><F120/><W104/><G55/><T77/><D19/><U84/><E38/><V110/><F110/><W12/><G104/><T87/><D87/><U10/><E28/><V46/><F1/><W65/><G65/><T52/><D125/><U68/><E32/><V59/><F59/><W132/><G12/><T13/><D2/><U90/><E131/><N who="3" m="50218" /><G132/><T117/><D111/><U61/><E66/><V34/><F34/><W48/><G48/><T4/><D40/><U126/><E105/><V16/><F36/><W50/><G50/><T42/><D42/><U72/><E72/><V78/><F78/><N who="3" m="46359" /><G108/><T103/><D43/><U22/><E126/><V109/><F109/><W39/><G39/><T127/><D127/><U81/><E22/><N who="2" m="11543" /><F71/><W83/><G124/><T75/><D77/><N who="3" m="29769" /><G118/><N who="0" m="45675" /><D74/><U95/><E68/><V35/><F70/><W56/><G56/><N who="0" m="32799" /><D73/><U98/><E61/><V54/><F35/><W18/><G18/><T31/><D75/><U123/><E123/><V15/><F15/><W20/><G20/><T60/><D60/><U133/><E133/><V64/><F64/><W69/><G69/><T62/><D62/><U9/><E67/><V21/><F21/><W101/><G115/><T113/><D113/><U30/><E10/><V112/><F112/><W129/><N who="3" m="50226" /><W27/><DORA hai="91" /><G27/><RYUUKYOKU ba="2,1" sc="255,0,354,0,235,0,146,0" /><INIT seed="3,3,1,3,1,65" ten="255,354,235,146" oya="3" hai0="103,59,11,134,44,129,19,58,71,97,36,30,70" hai1="123,47,80,18,110,31,116,27,46,24,100,23,14" hai2="67,48,4,108,55,132,133,83,81,62,50,125,52" hai3="135,13,119,99,86,111,130,22,87,38,35,39,73"/><W91/><G119/><T9/><D30/><U49/><E110/><V7/><F108/><W41/><G111/><T54/><D59/><U28/><E123/><V69/><F125/><W61/><G73/><T29/><D29/><N who="1" m="11339" /><E116/><V32/><F32/><W121/><G121/><T79/><D79/><U5/><E100/><V117/><F117/><W84/><G35/><T77/><D77/><U92/><E92/><V96/><F96/><W51/><G130/><T57/><D57/><U64/><E64/><V118/><F118/><W95/><G135/><N who="2" m="51785" /><F50/><W90/><G61/><T105/><D11/><N who="1" m="4463" /><E27/><V109/><F109/><W21/><G39/><T114/><D114/><U122/><E122/><V115/><F115/><W74/><G74/><T68/><D129/><U66/><E66/><V17/><F17/><N who="3" m="10415" /><G38/><T106/><D134/><U120/><E120/><V89/><F48/><W43/><G22/><T42/><D106/><U10/><E49/><V8/><F62/><W0/><G0/><T94/><D105/><U88/><E10/><V107/><F8/><W2/><G2/><T34/><D34/><U26/><E24/><V75/><F107/><W78/><G78/><T20/><D9/><U25/><E26/><V131/><F75/><W112/><G112/><T1/><D1/><U128/><E128/><V124/><F131/><W102/><G51/><N who="0" m="31071" /><D71/><U85/><AGARI ba="3,1" hai="18,23,25,46,47,80,85,88" m="4463,11339" machi="85" ten="30,2000,0" yaku="8,1,54,1" doraHai="65" who="1" fromWho="1" sc="255,-8,354,39,235,-8,146,-13" owari="247,4.7,393,49.3,227,-17.3,133,-36.7" /></mjloggm>