<mjloggm ver="2.3"><GO type="225" lobby="0"/><UN n0="%72%69%6F%75%63%68%61%6E" n1="%74%61%6B%65%2D%79%6F%75" n2="%E3%81%95%E3%81%8D%E3%81%9F%E3%81%BE%E6%9E%97%E6%AA%8E" n3="%33%74%72%65%65" dan="17,16,16,17" rate="2239.89,2195.56,2136.22,2205.46" sx="M,M,M,F"/><TAIKYOKU oya="0"/><INIT seed="0,0,0,1,3,2" ten="250,250,250,250" oya="0" hai0="70,55,37,95,67,8,40,132,36,39,56,60,88" hai1="113,25,118,119,18,38,63,120,26,124,80,135,23" hai2="54,83,29,62,112,125,72,1,57,34,13,104,49" hai3="12,110,84,82,45,19,102,81,133,97,7,11,21"/><T16/><D132/><U5/><E120/><V17/><F112/><W90/><G133/><T47/><D8/><U75/><E135/><V107/><F125/><W122/><G110/><T78/><D78/><U48/><E38/><V28/><F1/><W51/><G122/><T3/><D16/><U6/><E124/><V68/><F107/><W59/><G59/><T33/><D33/><U20/><E48/><V126/><F126/><W53/><G81/><T77/><D77/><U93/><E75/><V43/><F104/><W61/><G61/><T30/><D30/><N who="1" m="17703" /><E93/><V117/><F117/><N who="1" m="44553" /><E63/><V96/><F34/><W74/><G74/><T91/><D3/><U85/><E85/><V66/><F96/><W89/><G89/><T64/><D91/><U76/><E80/><V32/><F32/><W44/><G44/><T100/><D100/><U52/><E52/><V42/><F72/><W116/><G116/><T65/><REACH who="0" step="1"/><D70/><REACH who="0" ten="240,250,250,250" step="2"/><U94/><E76/><V22/><REACH who="2" step="1"/><F83/><REACH who="2" ten="240,250,240,250" step="2"/><W128/><G82/><T41/><D41/><AGARI ba="0,2" hai="13,17,22,28,29,41,42,43,49,54,57,62,66,68" machi="41" ten="40,2600,0" yaku="1,1,2,1,53,0" doraHai="2" doraHaiUra="134" who="2" fromWho="0" sc="240,-26,250,0,240,46,250,0" /><INIT seed="1,0,0,4,4,105" ten="214,250,286,250" oya="1" hai0="17,77,35,76,1,29,37,49,82,91,14,63,92" hai1="87,30,7,86,130,134,65,36,55,38,112,2,120" hai2="97,79,31,117,84,89,83,125,115,4,106,135,9" hai3="114,90,26,80,85,109,33,48,122,32,88,21,67"/><U50/><E112/><V60/><F117/><W57/><G114/><T12/><D37/><U98/><E120/><V59/><F115/><W18/><G122/><T27/><D1/><U113/><E113/><V70/><F70/><W0/><G109/><T93/><D63/><U119/><E119/><V41/><F135/><W43/><G0/><T53/><D77/><U24/><E134/><V61/><F125/><W74/><G74/><T95/><D91/><U96/><E130/><V132/><F132/><W51/><G90/><T54/><D17/><U102/><E65/><V3/><F41/><W108/><G108/><T123/><D123/><U56/><E2/><V104/><F31/><W72/><G72/><T129/><D129/><U20/><E7/><V8/><F8/><W73/><G73/><T34/><D34/><U78/><E98/><V107/><REACH who="2" step="1"/><F59/><REACH who="2" ten="214,250,276,250" step="2"/><W44/><G43/><T111/><D111/><U23/><E56/><V68/><F68/><W100/><G57/><T40/><D40/><U116/><E30/><V64/><F64/><W99/><G67/><T13/><REACH who="0" step="1"/><D49/><REACH who="0" ten="204,250,276,250" step="2"/><U124/><E50/><V19/><F19/><W15/><G51/><T10/><D10/><U81/><E36/><V28/><F28/><W128/><G48/><T75/><AGARI ba="0,2" hai="12,13,14,27,29,35,53,54,75,76,82,92,93,95" machi="75" ten="30,4000,0" yaku="1,1,0,1,52,1,53,0" doraHai="105" doraHaiUra="16" who="0" fromWho="0" sc="204,60,250,-20,276,-10,250,-10" /><INIT seed="2,0,0,1,0,112" ten="264,230,266,240" oya="2" hai0="38,61,52,64,74,39,98,30,9,81,90,124,126" hai1="97,100,44,53,122,26,24,59,36,46,8,120,79" hai2="34,117,103,41,106,57,92,66,95,110,127,104,22" hai3="123,12,119,88,109,65,33,11,35,101,102,50,62"/><V77/><F117/><W60/><G119/><T21/><D9/><U19/><E79/><V70/><F34/><W87/><G123/><N who="1" m="47146" /><E8/><V84/><F127/><N who="0" m="48682" /><D52/><U3/><E3/><V80/><F70/><W99/><G50/><T63/><D61/><N who="1" m="36079" /><E36/><V107/><F41/><W10/><G10/><T13/><D98/><U82/><E82/><V118/><F118/><W7/><G99/><T131/><D131/><U29/><E19/><V2/><F2/><W68/><G62/><T1/><D1/><U116/><E116/><V75/><F22/><W23/><G23/><T130/><D130/><U14/><E14/><V51/><F51/><W45/><G33/><T108/><D108/><U135/><E135/><V114/><F114/><W55/><G35/><T17/><D30/><U43/><E29/><V129/><F129/><W49/><REACH who="3" step="1"/><G109/><REACH who="3" ten="264,230,266,230" step="2"/><T115/><D115/><U27/><E43/><V85/><F110/><W25/><G25/><T32/><D32/><U71/><E71/><V105/><F66/><W94/><AGARI ba="0,1" hai="7,11,12,45,49,55,60,65,68,87,88,94,101,102" machi="94" ten="20,5200,0" yaku="1,1,0,1,7,1,54,1,53,0" doraHai="112" doraHaiUra="37" who="3" fromWho="3" sc="264,-13,230,-13,266,-26,230,62" /><INIT seed="3,0,0,5,1,58" ten="251,217,240,292" oya="3" hai0="6,83,21,108,69,135,43,17,99,22,29,33,19" hai1="51,42,127,90,61,15,123,82,45,62,5,128,107" hai2="89,77,96,54,66,121,34,104,38,50,120,87,59" hai3="117,14,57,13,124,3,115,114,37,101,86,81,122"/><W74/><G117/><T119/><D119/><U26/><E123/><N who="2" m="47179" /><F34/><W103/><G122/><T60/><D108/><U133/><E128/><V25/><F38/><W112/><G3/><T52/><D33/><U109/><E109/><V72/><F66/><W130/><G74/><T12/><D135/><U102/><E133/><V63/><F25/><W48/><G37/><T40/><D29/><U36/><E127/><V41/><F72/><W56/><G130/><T79/><D6/><U16/><E36/><V80/><F41/><W84/><G124/><T75/><D99/><U94/><E107/><V27/><F27/><W95/><G95/><T28/><D28/><U105/><E105/><V24/><F24/><W10/><G114/><T134/><D134/><U129/><E129/><V132/><F132/><W18/><G115/><T92/><D92/><U126/><E126/><V106/><F50/><W47/><G112/><T2/><D2/><U88/><E5/><V30/><F30/><W39/><G39/><T23/><D69/><U67/><E26/><V53/><F53/><N who="3" m="29855" /><G14/><T32/><D32/><U78/><E102/><N who="3" m="38922" /><G86/><T1/><D1/><U7/><E7/><V118/><F118/><W68/><G68/><T100/><D100/><U71/><E94/><AGARI ba="0,0" hai="54,59,63,77,80,87,89,94,96,104,106" m="47179" machi="94" ten="30,2000,0" yaku="13,1,52,1" doraHai="58" who="2" fromWho="1" sc="251,0,217,-20,240,20,292,0" /><INIT seed="4,0,0,2,0,114" ten="251,197,260,292" oya="0" hai0="90,119,57,69,60,129,85,21,47,96,28,27,44" hai1="15,118,104,40,117,86,106,113,83,6,133,0,91" hai2="46,99,2,125,94,116,70,39,58,88,75,122,92" hai3="76,124,67,38,108,93,9,12,61,23,74,103,18"/><T59/><D119/><U78/><E113/><V33/><F122/><W11/><G108/><T72/><D129/><U101/><E133/><V37/><F70/><W71/><G38/><T16/><D72/><U55/><E0/><V3/><F75/><W89/><G103/><T7/><D7/><U115/><E115/><V34/><F125/><W81/><G124/><T97/><D69/><U102/><E40/><V126/><F126/><W82/><G82/><T109/><D109/><U19/><E6/><V53/><F34/><W13/><G12/><T98/><D28/><U22/><E101/><V8/><F33/><W62/><G61/><T26/><D26/><U84/><E55/><V10/><F39/><W66/><G66/><T63/><D63/><U107/><REACH who="1" step="1"/><E102/><REACH who="1" ten="251,187,260,292" step="2"/><V14/><F3/><W95/><G95/><AGARI ba="0,1" hai="15,19,22,78,83,84,86,91,95,104,106,107,117,118" machi="95" ten="40,8000,1" yaku="1,1,2,1,52,2,53,0" doraHai="114" doraHaiUra="54" who="1" fromWho="3" sc="251,0,187,90,260,0,292,-80" /><INIT seed="5,0,0,1,0,111" ten="251,277,260,212" oya="1" hai0="44,81,67,75,83,77,29,113,82,109,112,52,51" hai1="53,85,31,3,20,135,21,5,124,119,35,121,103" hai2="63,17,38,78,100,26,15,34,60,7,125,95,25" hai3="91,10,88,134,96,76,19,12,69,132,123,36,18"/><U39/><E119/><V93/><F38/><W64/><G123/><T61/><D109/><U133/><E121/><V106/><F106/><W47/><G76/><T54/><D54/><U68/><E68/><V27/><F125/><W13/><G69/><N who="0" m="42223" /><D29/><U46/><E103/><V2/><F2/><W66/><G36/><T98/><D98/><U127/><E85/><V30/><F7/><W11/><REACH who="3" step="1"/><G96/><REACH who="3" ten="251,277,260,202" step="2"/><T94/><D94/><U40/><E39/><V4/><F95/><W86/><G86/><T56/><D56/><U48/><E124/><V55/><F93/><W122/><G122/><T65/><D65/><U14/><E127/><V62/><F34/><W58/><G58/><T116/><D116/><U118/><E35/><V1/><F30/><W33/><G33/><T42/><D42/><U71/><E40/><V59/><F100/><W0/><G0/><T80/><D80/><U129/><E3/><V120/><F120/><W79/><G79/><T108/><D108/><U49/><E31/><V87/><F87/><W104/><G104/><T130/><D130/><U102/><E129/><V115/><F78/><W90/><G90/><T89/><D89/><U16/><E118/><V57/><F57/><W99/><G99/><T23/><D77/><U24/><E71/><V50/><F1/><W8/><G8/><T28/><D75/><U74/><E74/><V84/><F84/><W107/><G107/><T70/><D70/><U114/><E102/><V9/><F4/><W22/><G22/><T131/><D131/><U97/><E20/><V128/><F128/><W72/><G72/><RYUUKYOKU ba="0,1" sc="251,10,277,-30,260,10,202,10" hai0="23,28,44,51,52,81,82,83,112,113" hai2="9,15,17,25,26,27,50,55,59,60,62,63,115" hai3="10,11,12,13,18,19,47,64,66,88,91,132,134" /><INIT seed="6,1,1,0,1,59" ten="261,247,270,212" oya="2" hai0="69,84,88,24,102,114,22,106,76,65,42,4,1" hai1="23,122,99,79,39,117,2,125,17,11,129,63,92" hai2="82,118,103,93,50,105,6,21,133,25,110,52,123" hai3="60,15,127,26,68,72,28,0,3,35,120,53,124"/><V16/><F118/><W107/><G120/><T132/><D114/><U89/><E117/><V30/><F123/><W57/><G72/><T98/><D132/><U7/><E122/><V54/><F133/><W100/><G68/><T115/><D115/><U37/><E129/><V90/><F110/><W113/><G113/><T19/><D42/><U135/><E135/><V77/><F6/><W66/><G53/><N who="2" m="20585" /><F105/><W75/><G75/><T40/><D40/><U85/><E125/><N who="3" m="48202" /><G15/><T5/><D76/><U126/><E126/><V80/><F77/><W128/><G128/><T44/><D44/><U111/><E111/><V112/><F103/><W55/><G55/><T108/><D108/><U20/><E79/><V43/><F30/><W70/><G57/><T91/><D1/><U38/><E17/><V33/><F33/><W10/><G10/><T86/><D65/><U64/><REACH who="1" step="1"/><E99/><AGARI ba="1,1" hai="0,3,26,28,35,60,66,70,99,100,107" m="48202" machi="99" ten="30,7700,0" yaku="25,1,18,1,23,1,52,1" doraHai="59" who="3" fromWho="1" sc="261,0,247,-80,270,0,212,90" owari="261,-13.9,167,-33.3,270,7.0,302,40.2" /></mjloggm>