<mjloggm ver="2.3"><GO type="225" lobby="0"/><UN n0="%4D%6F%6E%61%6E%61" n1="%E3%82%A2%E3%83%A1%E3%82%A2%E3%83%A9%E3%83%AC" n2="%E6%B4%BE%E9%81%A3%E3%81%AE%E3%82%B8%E3%83%A3%E3%83%83%E3%82%AF" n3="%4B%2E%32%2E%4B%2E" dan="16,16,17,16" rate="2129.58,2096.31,2247.81,2139.18" sx="F,M,M,M"/><TAIKYOKU oya="0"/><INIT seed="0,0,0,4,5,132" ten="250,250,250,250" oya="0" hai0="8,111,14,103,130,100,106,2,120,118,129,101,46" hai1="33,4,57,58,12,68,43,39,89,26,63,96,19" hai2="56,69,116,51,29,91,16,7,48,123,36,5,67" hai3="72,41,80,94,102,98,44,134,11,55,61,115,27"/><T20/><D118/><U42/><E68/><V17/><F36/><W128/><G115/><T18/><D120/><U50/><E39/><V83/><F123/><W76/><G134/><T38/><D106/><U84/><E4/><N who="2" m="1611" /><F69/><W23/><G128/><N who="0" m="49259" /><D111/><U59/><E63/><N who="2" m="38375" /><F29/><W65/><G11/><T24/><D2/><U110/><E110/><V127/><F116/><W13/><G13/><T0/><D0/><U99/><E26/><V64/><F64/><W15/><G15/><T9/><D14/><U78/><E78/><V121/><F121/><W108/><G108/><T73/><D73/><U105/><E33/><V40/><F127/><W114/><G114/><T1/><D1/><U82/><E105/><V66/><F66/><W31/><G55/><T53/><D53/><U131/><E131/><V88/><F83/><W93/><G93/><T54/><D54/><U28/><E28/><V49/><F40/><AGARI ba="0,0" hai="8,9,18,20,24,38,40,46,100,101,103" m="49259" machi="40" ten="30,1500,0" yaku="19,1" doraHai="132" who="0" fromWho="2" sc="250,15,250,0,250,-15,250,0" /><INIT seed="0,1,0,5,0,61" ten="265,250,235,250" oya="0" hai0="25,112,40,50,114,31,127,33,3,122,125,77,26" hai1="108,32,21,121,66,52,36,71,118,119,86,5,12" hai2="110,126,116,46,102,29,106,63,75,104,48,4,124" hai3="78,22,41,123,82,56,97,81,99,130,10,35,0"/><T9/><D77/><U93/><E121/><V120/><F120/><W60/><G35/><T2/><D40/><U109/><E36/><V103/><F75/><W62/><G123/><T20/><D50/><U49/><E32/><V87/><F29/><W131/><G41/><T57/><D57/><U6/><E93/><V85/><F4/><N who="1" m="1641" /><E86/><N who="2" m="32779" /><F110/><N who="1" m="42601" /><E12/><V47/><F116/><W76/><G22/><T90/><D90/><U58/><E21/><V132/><F63/><AGARI ba="1,0" hai="49,52,58,63,66,71,118,119" m="42601,1641" machi="63" ten="30,3900,0" yaku="14,1,52,1,54,1" doraHai="61" who="1" fromWho="2" sc="265,0,250,42,235,-42,250,0" /><INIT seed="1,0,0,5,2,108" ten="265,292,193,250" oya="1" hai0="96,100,60,104,51,43,70,127,67,111,122,90,125" hai1="73,92,23,62,126,128,106,95,110,15,133,98,120" hai2="112,132,109,88,33,8,55,39,13,17,32,47,66" hai3="16,65,12,81,21,118,71,130,44,116,74,103,37"/><U26/><E120/><V64/><F109/><W42/><G130/><T41/><D111/><U9/><E110/><V18/><F132/><W0/><G103/><T56/><D122/><U28/><E73/><V115/><F18/><W94/><G0/><T119/><D119/><N who="3" m="45609" /><G94/><T83/><D90/><U25/><E128/><V1/><F1/><W113/><G65/><N who="2" m="25193" /><F88/><W7/><G71/><T14/><D14/><U4/><E126/><N who="0" m="48137" /><D83/><U10/><E133/><V58/><F47/><W59/><G59/><T45/><D41/><U61/><E106/><V19/><F39/><W123/><G7/><T48/><D48/><U38/><E38/><V86/><F86/><W107/><G107/><T20/><D20/><U76/><E76/><V134/><F134/><W121/><G121/><T87/><D87/><U2/><E26/><V68/><F68/><AGARI ba="0,0" hai="43,45,51,56,60,67,68,70,96,100,104" m="48137" machi="68" ten="30,1000,0" yaku="18,1" doraHai="108" who="0" fromWho="2" sc="265,10,292,0,193,-10,250,0" /><INIT seed="2,0,0,5,2,70" ten="275,292,183,250" oya="2" hai0="56,10,57,72,31,77,48,17,107,92,105,111,81" hai1="69,95,20,129,49,16,75,26,21,8,65,14,122" hai2="68,43,94,25,90,118,5,37,34,130,62,93,124" hai3="135,123,97,58,99,121,98,18,119,67,127,110,46"/><V76/><F118/><W133/><G119/><T64/><D111/><U0/><E75/><V53/><F76/><W82/><G110/><T132/><D132/><N who="3" m="50761" /><G127/><T38/><D38/><U71/><E129/><V60/><F124/><W24/><G82/><T40/><D31/><U13/><E65/><V115/><F115/><W87/><G87/><T7/><D17/><U109/><E0/><V15/><F130/><W50/><G58/><T23/><D23/><U131/><E122/><V55/><F68/><W39/><G67/><T116/><D116/><U102/><E49/><V128/><F128/><W19/><G39/><T27/><D27/><U61/><E61/><N who="2" m="23659" /><F37/><W96/><N who="3" m="24576" /><DORA hai="11" /><W113/><G113/><T108/><D108/><U32/><E71/><V51/><F34/><W29/><G121/><T104/><D92/><N who="2" m="35434" /><F25/><W28/><G123/><T59/><D64/><U89/><E69/><V106/><F90/><W80/><G80/><T88/><D88/><U44/><E89/><V134/><F106/><W1/><G1/><T103/><D104/><U74/><E109/><V30/><F30/><N who="3" m="11883" /><G24/><T2/><D105/><U35/><E131/><V120/><F120/><W73/><G73/><T79/><D107/><U66/><E74/><V12/><F134/><W33/><G33/><T125/><D125/><U22/><E26/><V101/><F101/><W41/><AGARI ba="0,0" hai="18,19,41,46,50" m="11883,24576,50761" machi="41" ten="50,1600,0" yaku="20,1" doraHai="70,11" who="3" fromWho="3" sc="275,-4,292,-4,183,-8,250,16" /><INIT seed="3,0,0,2,5,129" ten="271,288,175,266" oya="3" hai0="10,117,91,74,132,118,26,90,78,121,73,17,39" hai1="3,67,51,5,30,85,97,126,62,89,127,92,71" hai2="6,14,49,58,18,94,25,57,95,66,44,109,101" hai3="99,42,38,80,52,105,64,47,115,40,59,81,120"/><W83/><G115/><T114/><D132/><U108/><E108/><V112/><F112/><W110/><G120/><T16/><D39/><U65/><E65/><V27/><F109/><W24/><G110/><T54/><D114/><U32/><E51/><V134/><F6/><W72/><G64/><T56/><D121/><U69/><E69/><V37/><F37/><W55/><G72/><T131/><D131/><U113/><E113/><V36/><F36/><W124/><G42/><T104/><D104/><U15/><E3/><V125/><F125/><N who="1" m="47625" /><E97/><N who="2" m="59575" /><F95/><W9/><G124/><T111/><D111/><U4/><E15/><V50/><F134/><W60/><G24/><AGARI ba="0,0" hai="4,5,24,30,32,62,67,71,85,89,92" m="47625" machi="24" ten="30,1000,0" yaku="18,1" doraHai="129" who="1" fromWho="3" sc="271,0,288,10,175,0,266,-10" /><INIT seed="4,0,0,1,0,92" ten="271,298,175,256" oya="0" hai0="56,75,37,59,16,127,45,36,15,10,69,58,101" hai1="14,28,117,103,34,26,60,40,63,129,123,4,126" hai2="80,41,94,73,66,48,38,39,89,52,67,93,71" hai3="65,42,135,13,44,2,119,90,23,98,100,47,124"/><T84/><D75/><U46/><E117/><V118/><F118/><W29/><G119/><T1/><D127/><U33/><E123/><V9/><F9/><W6/><G124/><T120/><D120/><U50/><E34/><V128/><F128/><W105/><G135/><T83/><D69/><U114/><E129/><V8/><F41/><W3/><G65/><T108/><D1/><U95/><E114/><V133/><F133/><W132/><G132/><T110/><D101/><U25/><E25/><V102/><F8/><W88/><G47/><T22/><D22/><U27/><E27/><V125/><F125/><W106/><G106/><T72/><D45/><U61/><E14/><V99/><F71/><W104/><G105/><T130/><D72/><U97/><E126/><V113/><F113/><W86/><G29/><T11/><D11/><U18/><E18/><V112/><F112/><W20/><G6/><T115/><D115/><U79/><E79/><V70/><F70/><W109/><G90/><N who="0" m="51487" /><D130/><U68/><E4/><V77/><F38/><W121/><G121/><T24/><D24/><U62/><N who="1" m="15360" /><DORA hai="32" /><U54/><E68/><V53/><F39/><W134/><G134/><T35/><D35/><U122/><E122/><V74/><F74/><W19/><G23/><T31/><D31/><U55/><AGARI ba="0,0" hai="26,28,33,40,46,50,54,55,95,97,103" m="15360" machi="55" ten="40,2700,0" yaku="0,1,52,1" doraHai="92,32" who="1" fromWho="1" sc="271,-13,298,27,175,-7,256,-7" owari="258,5.8,325,42.5,168,-33.2,249,-15.1" /></mjloggm>