<mjloggm ver="2.3"><GO type="225" lobby="0"/><UN n0="%E3%81%8C%E3%81%9F" n1="%E3%83%B4%E3%82%A3%E3%83%AF%E3%82%B3%E3%82%B0%E3%83%8B" n2="%E6%97%A5%E6%9B%9C%E6%97%A5%E3%82%88%E3%82%8A%E3%81%AE%E4%BD%BF%E8%80%85" n3="%E3%80%93%E3%81%97%E3%83%BC%E3%82%89%E3%80%93" dan="16,16,17,16" rate="2114.26,2151.61,2149.44,2102.39" sx="M,M,M,M"/><TAIKYOKU oya="0"/><INIT seed="0,0,0,4,3,124" ten="250,250,250,250" oya="0" hai0="120,108,36,50,102,99,100,55,42,127,28,62,77" hai1="122,63,21,112,69,78,29,125,109,46,113,121,84" hai2="129,56,75,110,133,95,103,65,83,96,30,68,9" hai3="128,59,10,47,101,66,58,1,73,3,85,61,25"/><T87/><D120/><N who="1" m="46187" /><E84/><V38/><F38/><W12/><G73/><T92/><D127/><U34/><E21/><V20/><F68/><W132/><G132/><T64/><D28/><U117/><E34/><V32/><F32/><W119/><G119/><T53/><D36/><U57/><E78/><V14/><F110/><W76/><G101/><T135/><D135/><U23/><E23/><V80/><F75/><W94/><G25/><T111/><D102/><U106/><E106/><V88/><F133/><W114/><G59/><N who="0" m="36959" /><D42/><U11/><E11/><V89/><F56/><W81/><G94/><T45/><D87/><U16/><E16/><N who="2" m="8271" /><F65/><W131/><G47/><T8/><D8/><U67/><E29/><V44/><F44/><W107/><G114/><N who="1" m="44138" /><E125/><V116/><F20/><W31/><G31/><T51/><D77/><U22/><E22/><V43/><F30/><W98/><G98/><T41/><D111/><U54/><E117/><V15/><F116/><W4/><REACH who="3" step="1"/><G107/><REACH who="3" ten="250,250,250,240" step="2"/><T71/><D108/><U72/><E72/><V105/><F105/><W17/><G17/><T97/><D97/><U33/><E109/><V49/><F96/><W39/><G39/><T18/><D18/><U5/><E33/><V130/><F95/><W48/><G48/><N who="0" m="26671" /><D71/><U86/><E86/><V35/><F103/><W90/><G90/><T7/><D7/><U24/><E5/><V118/><F118/><W82/><G82/><N who="2" m="31273" /><F35/><W134/><G134/><T26/><D26/><U115/><N who="1" m="44146" /><U13/><DORA hai="93" /><E24/><V0/><F89/><W2/><AGARI ba="0,1" hai="1,2,3,4,10,12,58,61,66,76,81,85,128,131" machi="2" ten="40,8000,1" yaku="1,1,0,1,52,2,53,0" doraHai="124,93" doraHaiUra="19,40" who="3" fromWho="3" sc="250,-40,250,-20,250,-20,240,90" /><INIT seed="1,0,0,0,3,52" ten="210,230,230,330" oya="1" hai0="96,61,58,25,90,49,60,116,130,23,64,48,126" hai1="18,107,117,109,101,45,78,72,70,118,20,26,59" hai2="8,98,56,113,51,92,112,57,15,135,94,128,76" hai3="4,67,35,89,97,32,21,30,74,31,83,38,22"/><U129/><E70/><V13/><F128/><W63/><G38/><T80/><D116/><U110/><E129/><V34/><F34/><W124/><G4/><T16/><D130/><U87/><E72/><V36/><F36/><W81/><G124/><T28/><D126/><U46/><E101/><V85/><F135/><W102/><G74/><T127/><D127/><U50/><E107/><V33/><F33/><W125/><G125/><T108/><D108/><N who="1" m="41579" /><E78/><V131/><F131/><W2/><G2/><T115/><D115/><N who="2" m="44106" /><F51/><N who="0" m="19530" /><D60/><U41/><E87/><V122/><F122/><W68/><G102/><T53/><D64/><U123/><E123/><V77/><F15/><W88/><G67/><T11/><D96/><U9/><E9/><V104/><F104/><W65/><G65/><T105/><D105/><U103/><E103/><N who="2" m="60871" /><F76/><W133/><G97/><T17/><D11/><U82/><E82/><N who="2" m="47311" /><F94/><W132/><REACH who="3" step="1"/><G63/><REACH who="3" ten="210,230,230,320" step="2"/><T84/><AGARI ba="0,1" hai="16,17,23,25,28,53,58,61,80,84,90" m="19530" machi="84" ten="30,4000,0" yaku="8,1,52,1,54,1" doraHai="52" who="0" fromWho="0" sc="210,50,230,-20,230,-10,320,-10" /><INIT seed="2,0,0,1,1,119" ten="260,210,220,310" oya="2" hai0="117,32,9,101,76,69,113,74,68,96,123,61,124" hai1="114,13,118,43,27,23,90,31,66,2,12,78,135" hai2="50,80,133,108,120,6,7,104,44,41,129,92,110" hai3="60,33,22,98,134,34,10,57,8,49,4,51,67"/><V81/><F104/><W19/><G134/><T36/><D61/><U56/><E118/><V54/><F133/><W127/><G127/><T29/><D29/><U121/><E114/><V72/><F129/><W52/><G51/><T63/><D63/><N who="1" m="38247" /><E2/><V102/><F41/><W42/><G42/><T40/><D9/><U91/><E135/><V82/><F72/><W3/><G10/><T1/><D96/><U95/><E43/><V38/><F38/><W47/><REACH who="3" step="1"/><G98/><REACH who="3" ten="260,210,220,300" step="2"/><T132/><D40/><U83/><E121/><V0/><F120/><W20/><G20/><T106/><D132/><U126/><E126/><V130/><F130/><W18/><G18/><T99/><D124/><U62/><E62/><V25/><F25/><AGARI ba="0,1" hai="3,4,8,19,22,25,33,34,47,49,52,57,60,67" machi="25" ten="30,3900,0" yaku="1,1,7,1,54,1,53,0" doraHai="119" doraHaiUra="103" who="3" fromWho="2" sc="260,0,210,0,220,-39,300,49" /><INIT seed="3,0,0,4,2,120" ten="260,210,181,349" oya="3" hai0="100,93,40,12,22,82,30,54,67,130,68,95,135" hai1="28,114,16,127,63,85,64,37,101,78,132,110,84" hai2="11,118,48,73,109,46,124,26,123,27,38,89,7" hai3="10,69,21,115,18,72,87,122,49,1,47,58,105"/><W6/><G72/><T8/><D130/><U3/><E114/><V65/><F118/><W125/><G69/><T74/><D135/><U29/><E37/><V134/><F73/><W25/><G105/><T99/><D40/><U20/><E3/><V97/><F38/><W0/><G125/><T17/><D67/><U131/><E127/><V103/><F124/><W31/><G58/><T42/><D68/><U113/><E113/><V129/><F129/><W24/><G87/><N who="1" m="33354" /><E131/><V44/><F134/><W34/><G115/><T75/><D42/><U2/><E2/><V94/><F123/><W117/><G122/><T53/><D93/><U50/><E132/><V14/><F109/><W39/><G39/><T23/><D74/><U66/><E78/><V86/><F65/><N who="1" m="25193" /><E110/><V88/><F89/><W119/><G0/><T70/><D70/><U41/><E63/><V77/><F77/><W96/><G96/><T5/><D99/><U33/><E33/><V80/><F46/><W121/><G121/><T107/><D107/><U61/><E61/><V35/><F35/><W71/><G71/><T32/><D32/><U108/><E101/><V91/><F103/><W62/><G62/><T4/><D100/><U106/><E106/><V55/><AGARI ba="0,0" hai="7,11,14,26,27,44,48,55,80,86,88,91,94,97" machi="55" ten="20,5200,0" yaku="0,1,7,1,8,1,54,1" doraHai="120" who="2" fromWho="2" sc="260,-13,210,-13,181,52,349,-26" owari="247,4.7,197,-30.3,233,-16.7,323,42.3" /></mjloggm>