<mjloggm ver="2.3"><GO type="225" lobby="0"/><UN n0="%E8%80%81%E6%A5%BD" n1="%4E%49%4A%49%49%52%4F" n2="%E3%81%BF%E3%81%BF%E3%81%9A" n3="%E5%8D%A0%E3%81%84%E5%B8%AB%E8%A3%8F%E3%81%AA%E3%81%84%E3%81%97" dan="16,17,16,16" rate="2111.44,2226.90,2166.50,2129.66" sx="M,M,M,M"/><TAIKYOKU oya="0"/><INIT seed="0,0,0,2,3,48" ten="250,250,250,250" oya="0" hai0="66,71,120,89,31,27,130,65,77,12,109,38,115" hai1="83,88,39,78,86,3,73,101,62,105,98,26,19" hai2="21,111,132,93,50,30,6,53,103,85,57,125,106" hai3="134,119,68,117,97,33,79,126,118,104,51,18,124"/><T129/><D38/><U100/><E3/><V0/><F111/><W10/><G68/><T116/><D115/><U90/><E39/><V54/><F132/><W55/><G33/><T112/><D116/><U114/><E114/><V1/><F125/><N who="3" m="48235" /><G134/><T64/><D112/><U135/><E135/><V29/><F106/><W76/><G18/><T5/><D120/><U11/><E62/><N who="2" m="36143" /><F0/><W42/><G42/><T128/><D77/><N who="3" m="29769" /><G10/><N who="0" m="4175" /><D89/><U67/><E67/><V74/><F74/><W24/><G24/><T95/><D95/><U59/><E101/><V35/><F35/><W52/><G51/><T40/><D40/><U56/><E90/><N who="2" m="53455" /><F1/><W8/><G8/><T46/><D46/><U43/><E43/><V32/><F32/><W37/><G37/><T22/><D109/><U96/><E96/><V113/><F113/><W81/><G81/><T45/><D45/><U133/><E133/><V121/><F121/><W41/><G41/><T84/><D84/><U34/><E34/><V28/><F103/><AGARI ba="0,0" hai="52,55,97,103,104,117,118,119" m="29769,48235" machi="103" ten="40,8000,1" yaku="18,1,52,2,54,1" doraHai="48" who="3" fromWho="2" sc="250,0,250,0,250,-80,250,80" /><INIT seed="1,0,0,5,0,109" ten="250,250,170,330" oya="1" hai0="13,10,115,18,113,121,111,25,53,5,68,76,129" hai1="97,108,101,85,130,116,92,62,23,29,82,84,98" hai2="22,117,87,33,94,52,19,65,69,75,45,114,39" hai3="17,0,72,99,103,63,2,120,12,125,110,58,112"/><U15/><E116/><V40/><F117/><W7/><G120/><T90/><D68/><U71/><E108/><V61/><F33/><W11/><G110/><T126/><D111/><U123/><E130/><V50/><F75/><W4/><G72/><T95/><D76/><U81/><E123/><V43/><F114/><W35/><G35/><T49/><D121/><U70/><E70/><V24/><F87/><N who="1" m="33353" /><E71/><V124/><F124/><W42/><G112/><T132/><D129/><U107/><E107/><V105/><F105/><W77/><G125/><T30/><D126/><U8/><E97/><V56/><F40/><W80/><G42/><T127/><D127/><U21/><E62/><V60/><REACH who="2" step="1"/><F61/><REACH who="2" ten="250,250,160,330" step="2"/><W38/><G63/><T93/><D132/><U128/><E128/><V67/><F67/><W57/><G77/><T73/><D73/><U1/><E1/><V122/><F122/><W89/><G0/><T31/><D115/><U131/><E131/><V86/><F86/><W100/><G2/><T135/><D113/><U106/><E106/><V9/><F9/><W14/><G11/><T27/><D135/><U26/><E23/><V104/><F104/><W78/><G78/><T55/><D10/><U20/><E21/><V3/><F3/><W32/><G32/><T133/><D133/><U91/><E91/><V66/><F66/><W102/><G89/><T64/><D90/><U44/><E8/><V59/><F59/><W79/><G57/><T47/><D64/><U6/><E20/><V74/><F74/><W83/><G79/><T54/><D5/><N who="3" m="2121" /><G58/><T88/><D88/><RYUUKYOKU ba="0,1" sc="250,-10,250,-10,160,30,330,-10" hai2="19,22,24,39,43,45,50,52,56,60,65,69,94" /><INIT seed="2,1,1,3,5,48" ten="240,240,190,320" oya="2" hai0="20,92,132,13,88,9,34,111,133,119,42,62,91" hai1="38,5,33,75,131,83,61,115,57,37,101,130,123" hai2="76,63,49,96,121,85,52,40,107,84,99,10,71" hai3="8,81,12,72,60,97,54,82,66,50,58,44,14"/><V1/><F121/><W35/><G35/><T51/><D34/><U19/><E115/><V30/><F30/><W43/><G72/><T45/><D111/><U18/><E123/><V64/><F40/><W124/><G124/><T105/><D105/><U113/><E33/><V55/><F76/><W15/><G97/><T126/><D119/><U27/><E101/><V87/><F107/><W0/><G0/><T36/><D126/><U134/><E134/><N who="0" m="51817" /><D20/><U46/><E5/><V93/><F49/><N who="3" m="26783" /><G8/><T31/><D31/><U109/><E109/><V128/><F128/><N who="1" m="49193" /><E113/><V7/><REACH who="2" step="1"/><F99/><REACH who="2" ten="240,240,180,320" step="2"/><W4/><G4/><N who="0" m="3239" /><D62/><U53/><E38/><V108/><F108/><W129/><G129/><T11/><D36/><U2/><E37/><V79/><F79/><W65/><G60/><T78/><D78/><U117/><E61/><V89/><AGARI ba="1,2" hai="1,7,10,52,55,63,64,71,84,85,87,89,93,96" machi="89" ten="30,12000,1" yaku="1,1,0,1,52,2,54,1,53,0" doraHai="48" doraHaiUra="110" who="2" fromWho="2" sc="240,-41,240,-41,180,143,320,-41" /><INIT seed="2,2,0,2,5,18" ten="199,199,323,279" oya="2" hai0="67,128,56,89,129,117,97,17,52,71,81,86,34" hai1="59,72,14,107,91,130,112,12,37,79,124,33,109" hai2="41,0,108,46,31,135,7,16,54,132,13,1,44" hai3="50,25,119,102,57,127,105,66,26,68,53,85,5"/><V122/><F122/><W21/><G119/><T63/><D117/><U100/><E59/><V45/><F31/><W9/><G127/><T133/><D34/><U82/><E12/><V87/><F108/><W19/><G68/><T73/><D133/><N who="2" m="51274" /><F7/><W134/><G134/><T118/><D118/><U77/><E14/><V32/><F32/><W8/><G5/><T64/><D73/><U3/><E79/><V11/><F54/><W43/><G105/><T101/><D17/><U58/><E109/><V95/><F41/><W10/><G43/><T106/><REACH who="0" step="1"/><D67/><REACH who="0" ten="189,199,323,279" step="2"/><U116/><E72/><V35/><F35/><W96/><G66/><T80/><D80/><U47/><E33/><V125/><F125/><W99/><G19/><T38/><D38/><U88/><E82/><V20/><F11/><W24/><G8/><T15/><D15/><U70/><E37/><V114/><F114/><W39/><G9/><T6/><D6/><U40/><E112/><V76/><F0/><W62/><G10/><T98/><D98/><U51/><E3/><V27/><F1/><W94/><G39/><T121/><D121/><U29/><E124/><V83/><F13/><W61/><G96/><T4/><D4/><U113/><E116/><V123/><F123/><W30/><G85/><T120/><D120/><U115/><E113/><V22/><F22/><W36/><G36/><T60/><AGARI ba="2,1" hai="52,56,60,63,64,71,81,86,89,97,101,106,128,129" machi="60" ten="30,4000,0" yaku="1,1,0,1,54,1,53,0" doraHai="18" doraHaiUra="75" who="0" fromWho="0" sc="189,56,199,-12,323,-22,279,-12" /><INIT seed="3,0,0,5,1,71" ten="245,187,301,267" oya="3" hai0="83,16,117,125,6,119,5,96,67,54,9,76,77" hai1="51,27,20,48,50,64,84,13,103,81,28,14,53" hai2="106,8,128,61,7,26,49,110,79,135,92,107,33" hai3="43,42,74,120,38,10,21,134,19,124,39,40,11"/><W15/><G120/><T97/><D125/><U17/><E103/><V133/><F110/><W115/><G115/><T87/><D67/><U113/><E64/><V72/><F61/><W75/><G124/><T18/><D54/><U32/><E113/><V112/><F92/><W91/><G134/><N who="2" m="51209" /><F128/><W0/><G91/><T102/><D102/><U65/><E65/><V89/><F89/><W116/><G116/><T3/><D9/><U105/><E105/><V25/><F49/><W101/><G101/><T121/><D87/><U122/><E122/><V24/><F33/><W99/><G99/><T59/><D59/><U109/><E109/><V36/><F36/><W95/><G95/><T111/><D121/><U1/><E1/><N who="2" m="111" /><F112/><W4/><REACH who="3" step="1"/><G10/><REACH who="3" ten="245,187,301,257" step="2"/><T41/><D111/><U58/><REACH who="1" step="1"/><E13/><REACH who="1" ten="245,177,301,257" step="2"/><V93/><F93/><W132/><G132/><T118/><D118/><U90/><AGARI ba="0,2" hai="14,17,20,27,28,32,48,50,51,53,58,81,84,90" machi="90" ten="20,8000,1" yaku="1,1,2,1,0,1,7,1,53,1" doraHai="71" doraHaiUra="86" who="1" fromWho="1" sc="245,-20,177,100,301,-20,257,-40" /><INIT seed="4,0,0,2,2,111" ten="225,277,281,217" oya="0" hai0="109,95,116,71,0,114,40,122,100,57,44,72,56" hai1="119,93,53,58,105,42,106,129,73,110,118,32,78" hai2="21,127,130,99,33,80,24,10,132,133,69,4,88" hai3="15,91,120,66,14,16,41,8,126,103,31,117,97"/><T87/><D116/><U75/><E110/><V62/><F33/><W63/><G117/><T96/><D109/><U13/><E32/><V81/><F130/><W36/><G126/><T25/><D122/><U77/><E42/><V38/><F38/><W55/><G120/><T59/><D72/><U125/><E13/><N who="2" m="5319" /><F69/><W27/><G36/><T67/><D0/><U101/><E58/><V7/><F62/><W102/><G41/><T51/><D114/><U70/><E53/><V83/><F7/><W46/><G14/><T64/><D71/><U128/><E70/><V123/><F123/><W121/><G121/><T82/><REACH who="0" step="1"/><D25/><REACH who="0" ten="215,277,281,217" step="2"/><U68/><E68/><V35/><F127/><W90/><G66/><T17/><D17/><U49/><E125/><V47/><F133/><W30/><G30/><T124/><D124/><U134/><E119/><V108/><F132/><W20/><G102/><T50/><D50/><U29/><E49/><V131/><F108/><W89/><G63/><T92/><D92/><U115/><E118/><V34/><F131/><W12/><G12/><T60/><D60/><U6/><E134/><V104/><F104/><W43/><G103/><T76/><AGARI ba="0,1" hai="40,44,51,56,57,59,64,67,76,82,87,95,96,100" machi="76" ten="30,11700,0" yaku="1,1,0,1,8,1,53,1" doraHai="111" doraHaiUra="94" who="0" fromWho="0" sc="215,127,277,-39,281,-39,217,-39" owari="342,44.2,238,-16.2,242,4.2,178,-32.2" /></mjloggm>