<mjloggm ver="2.3"><GO type="225" lobby="0"/><UN n0="%4E%49%4A%49%49%52%4F" n1="%E6%80%AA%E3%81%97%E3%81%99%E3%81%8E%E3%82%8B%E3%83%81%E3%83%BC" n2="%E2%91%A3%E9%81%BF%E9%81%8A%E6%88%AF%E3%80%90%E6%9D%B1%E5%8D%97%E3%80%91" n3="%E5%B8%86%E7%AB%8B%E5%A4%8F%E8%A1%A3" dan="16,16,16,17" rate="2145.45,2075.85,2100.08,2156.10" sx="M,M,M,M"/><TAIKYOKU oya="0"/><INIT seed="0,0,0,3,3,63" ten="250,250,250,250" oya="0" hai0="67,68,133,25,54,135,27,101,74,52,19,132,14" hai1="122,104,81,109,91,129,30,95,93,38,94,22,21" hai2="113,96,98,110,1,123,42,60,125,106,46,75,2" hai3="127,23,105,80,43,120,57,34,69,37,9,87,56"/><T41/><D74/><U35/><E122/><V100/><F123/><W6/><G127/><T58/><D41/><U76/><E104/><V128/><F125/><W7/><G120/><T36/><D36/><U119/><E119/><V15/><F113/><W90/><G34/><T8/><D101/><U50/><E38/><V126/><F126/><W114/><G114/><T111/><D111/><U115/><E115/><V79/><F110/><W62/><G105/><T59/><D68/><U4/><E109/><V117/><F117/><W121/><G121/><T64/><D58/><U45/><E129/><V116/><F116/><W97/><G7/><T124/><D54/><U92/><E4/><V53/><F128/><W61/><G23/><T78/><D78/><U55/><E35/><V26/><F98/><W102/><G102/><T84/><D84/><N who="1" m="48167" /><E30/><V48/><F15/><W85/><G97/><AGARI ba="0,0" hai="21,22,45,50,55,91,92,93,94,95,97" m="48167" machi="97" ten="30,1000,0" yaku="8,1" doraHai="63" who="1" fromWho="3" sc="250,0,250,10,250,0,250,-10" /><INIT seed="1,0,0,0,3,17" ten="250,260,250,240" oya="1" hai0="106,21,74,76,108,81,82,44,96,99,122,132,16" hai1="20,84,113,24,40,18,92,29,104,88,118,53,50" hai2="4,131,7,121,60,112,54,22,77,43,100,78,111" hai3="51,13,69,87,71,115,1,42,116,114,134,107,95"/><U119/><E113/><V105/><F112/><W57/><G1/><T12/><D108/><U6/><E104/><V3/><F111/><W125/><G107/><T45/><D132/><U52/><E6/><V83/><F121/><W94/><G134/><T133/><D133/><U49/><E40/><V130/><F78/><W66/><G116/><T41/><D122/><U128/><E128/><V97/><F43/><W126/><G42/><T9/><D82/><U31/><E118/><V102/><F100/><W93/><G87/><T47/><D106/><U2/><E2/><V67/><F54/><N who="1" m="21097" /><E119/><V75/><F22/><W63/><G51/><AGARI ba="0,0" hai="18,20,24,29,31,49,50,51,84,88,92" m="21097" machi="51" ten="30,11600,0" yaku="8,1,52,1,54,2" doraHai="17" who="1" fromWho="3" sc="250,0,260,116,250,0,240,-116" /><INIT seed="1,1,0,0,2,71" ten="250,376,250,124" oya="1" hai0="93,12,77,69,110,98,131,67,105,122,108,89,95" hai1="33,36,104,59,118,82,129,60,100,58,106,41,0" hai2="23,32,56,55,103,30,90,15,102,107,14,111,46" hai3="44,38,123,73,17,57,88,130,40,1,121,43,127"/><U52/><E118/><V99/><F111/><N who="0" m="42538" /><D131/><U80/><E129/><V18/><F103/><W83/><G130/><T42/><D122/><U5/><E33/><V8/><F32/><W10/><G127/><T19/><D77/><U35/><E35/><V4/><F30/><W68/><G68/><T87/><D42/><U25/><E25/><V116/><F116/><W119/><G119/><T2/><D2/><U70/><E70/><V94/><F46/><W109/><G109/><T92/><D105/><U74/><E58/><V134/><F134/><W76/><G43/><T20/><D98/><U39/><E100/><V64/><F64/><W133/><G133/><T66/><D69/><U21/><E21/><V54/><F56/><W62/><G17/><T125/><D125/><U126/><E126/><V27/><F15/><W124/><G124/><T96/><D92/><U114/><E114/><V132/><F132/><W120/><G88/><AGARI ba="1,0" hai="12,19,20,66,67,87,88,89,93,95,96" m="42538" machi="88" ten="30,2000,0" yaku="14,1,54,1" doraHai="71" who="0" fromWho="3" sc="250,23,376,0,250,0,124,-23" /><INIT seed="2,0,0,2,4,59" ten="273,376,250,101" oya="2" hai0="41,54,13,28,18,128,5,62,130,57,129,0,53" hai1="106,107,126,88,76,7,55,89,82,78,101,11,19" hai2="23,135,66,39,120,16,61,34,87,115,52,6,110" hai3="102,68,24,134,4,48,116,99,122,94,131,105,12"/><V1/><F120/><W69/><G122/><T98/><D41/><U2/><E126/><V38/><F34/><W113/><G116/><T58/><D28/><U67/><E67/><V40/><F115/><W127/><G113/><T103/><D5/><U133/><E133/><V46/><F135/><W93/><G134/><T121/><D0/><U114/><E114/><V63/><F6/><W35/><G127/><T118/><D121/><U60/><E19/><V97/><F1/><W84/><G131/><T21/><D118/><U124/><E124/><V125/><F125/><W29/><G48/><T95/><REACH who="0" step="1"/><D130/><REACH who="0" ten="263,376,250,101" step="2"/><U31/><E31/><V33/><F40/><W51/><G51/><AGARI ba="0,1" hai="13,18,21,51,53,54,57,58,62,95,98,103,128,129" machi="51" ten="40,8000,1" yaku="1,1,2,1,52,1,53,2" doraHai="59" doraHaiUra="49" who="0" fromWho="3" sc="263,90,376,0,250,0,101,-80" /><INIT seed="3,0,0,2,1,78" ten="353,376,250,21" oya="3" hai0="131,48,71,76,84,62,22,127,121,134,18,43,90" hai1="37,75,101,28,30,95,49,36,77,118,88,16,57" hai2="47,23,115,11,112,64,34,109,128,65,92,31,113" hai3="56,7,5,6,94,120,59,55,41,119,107,81,124"/><W10/><G124/><T60/><D127/><U99/><E118/><V1/><F65/><W3/><G107/><T98/><D121/><U93/><E36/><V58/><F64/><W54/><G119/><T100/><D71/><U108/><E37/><V85/><F58/><W89/><G120/><T20/><D76/><U29/><E108/><V106/><F47/><W9/><G41/><T104/><D131/><U14/><E77/><V125/><F106/><W52/><G81/><T63/><D134/><U0/><E0/><V132/><F125/><W24/><G24/><T21/><D48/><U51/><E57/><V42/><F42/><W91/><G3/><T38/><D38/><U86/><E75/><V2/><F92/><W17/><G17/><T79/><D79/><U103/><E103/><V129/><F85/><W50/><G55/><T69/><D43/><U8/><AGARI ba="0,0" hai="8,14,16,28,29,30,49,51,86,88,93,95,99,101" machi="8" ten="30,7900,0" yaku="0,1,8,1,54,2" doraHai="78" who="1" fromWho="1" sc="353,-20,376,79,250,-20,21,-39" owari="333,13.3,455,55.5,230,-17.0,-18,-51.8" /></mjloggm>