<mjloggm ver="2.3"><GO type="225" lobby="0"/><UN n0="%E3%81%BF%E3%81%BF%E3%81%9A" n1="%37%2F%32%E3%81%AB%E7%94%9F%E3%81%BE%E3%82%8C%E3%81%A6" n2="%E3%81%9F%E3%81%A3%E3%81%A1%E3%82%87" n3="%53%61%63%68%69%30%34" dan="17,17,16,16" rate="2176.09,2155.68,2100.12,2082.02" sx="M,M,M,M"/><TAIKYOKU oya="0"/><INIT seed="0,0,0,0,4,80" ten="250,250,250,250" oya="0" hai0="84,87,14,120,129,134,55,117,111,52,16,118,126" hai1="4,103,81,36,0,70,38,82,108,23,115,49,53" hai2="128,62,44,112,2,89,65,104,54,132,93,9,30" hai3="43,99,59,130,107,25,68,135,102,40,76,114,29"/><T106/><D106/><U39/><E70/><V20/><F112/><W56/><G114/><T96/><D120/><U124/><E115/><V6/><F104/><W78/><G68/><T86/><D134/><U10/><E108/><V75/><F132/><W64/><G130/><T57/><D129/><U98/><E23/><V127/><F75/><W7/><G7/><T21/><D111/><U45/><REACH who="1" step="1"/><E124/><REACH who="1" ten="250,240,250,250" step="2"/><V74/><F127/><W125/><G125/><T22/><D126/><U67/><E67/><V73/><F128/><W63/><G135/><T51/><D96/><U69/><E69/><V60/><F20/><W32/><REACH who="3" step="1"/><G59/><REACH who="3" ten="250,240,250,240" step="2"/><T66/><D66/><U123/><E123/><V121/><F121/><W90/><G90/><T13/><D55/><U105/><AGARI ba="0,2" hai="0,4,10,36,38,39,45,49,53,81,82,98,103,105" machi="105" ten="30,4000,0" yaku="1,1,0,1,53,1" doraHai="80" doraHaiUra="46" who="1" fromWho="1" sc="250,-20,240,60,250,-10,240,-10" /><INIT seed="1,0,0,1,2,50" ten="230,300,240,230" oya="1" hai0="8,4,72,101,131,77,10,107,71,1,126,81,0" hai1="27,94,39,78,109,100,111,85,96,28,73,82,55" hai2="30,95,58,61,46,37,29,22,11,25,88,54,86" hai3="67,7,87,115,63,127,13,12,14,104,3,9,108"/><U52/><E39/><V2/><F2/><W129/><G115/><T93/><D131/><U53/><REACH who="1" step="1"/><E73/><REACH who="1" ten="230,290,240,230" step="2"/><V122/><F37/><W130/><G129/><T90/><D126/><U59/><E59/><V91/><F122/><W69/><G130/><T45/><D71/><U133/><E133/><V70/><F70/><W132/><G132/><T80/><D45/><U5/><E5/><V24/><F46/><W16/><G127/><T89/><D4/><U123/><E123/><V116/><F116/><W15/><G108/><T79/><D0/><U105/><E105/><V41/><F41/><W74/><G74/><N who="0" m="43063" /><D1/><U92/><E92/><V60/><F95/><W40/><G104/><T121/><D121/><U33/><AGARI ba="0,1" hai="27,28,33,52,53,55,78,82,85,94,96,100,109,111" machi="33" ten="30,18000,2" yaku="1,1,0,1,52,3,54,1,53,0" doraHai="50" doraHaiUra="47" who="1" fromWho="1" sc="230,-60,290,190,240,-60,230,-60" /><INIT seed="1,1,0,0,4,16" ten="170,480,180,170" oya="1" hai0="93,52,122,43,34,21,99,133,70,24,98,1,69" hai1="53,80,12,106,112,131,41,4,62,119,66,30,90" hai2="49,135,56,7,83,103,124,97,28,81,39,57,92" hai3="101,75,134,71,58,87,44,45,91,59,128,84,54"/><U125/><E112/><V107/><F124/><W126/><G75/><T100/><D133/><U88/><E119/><V55/><F39/><W120/><G120/><T22/><D1/><U96/><E125/><V102/><F135/><W110/><G71/><T85/><D43/><U29/><E41/><V33/><F7/><W2/><G2/><T51/><D122/><U79/><E53/><V113/><F113/><W65/><G134/><T105/><D34/><U47/><E47/><V25/><F103/><W14/><G110/><T26/><D85/><U108/><E108/><V60/><REACH who="2" step="1"/><F107/><REACH who="2" ten="170,480,170,170" step="2"/><W94/><G126/><T86/><D86/><U46/><E106/><V109/><F109/><W18/><G101/><T9/><D105/><U37/><E4/><V111/><F111/><W82/><G87/><T63/><D98/><U42/><E96/><V3/><F3/><W77/><G84/><T23/><D9/><U5/><E79/><V10/><F10/><W38/><G77/><T73/><D73/><U68/><E80/><V121/><F121/><W117/><G82/><T0/><D0/><U78/><E78/><V74/><F74/><W129/><G38/><T89/><D100/><U36/><E37/><V72/><F72/><W17/><G117/><T27/><REACH who="0" step="1"/><D63/><REACH who="0" ten="160,480,170,170" step="2"/><N who="1" m="40031" /><E36/><V11/><F11/><W118/><G118/><T13/><D13/><U95/><E12/><V130/><F130/><W67/><G129/><T19/><D19/><U48/><E62/><V64/><AGARI ba="1,2" hai="25,28,33,49,55,56,57,60,64,81,83,92,97,102" machi="64" ten="20,2700,0" yaku="1,1,0,1,7,1,53,0" doraHai="16" doraHaiUra="123" who="2" fromWho="2" sc="160,-8,480,-14,170,50,170,-8" /><INIT seed="2,0,0,3,1,133" ten="152,466,220,162" oya="2" hai0="42,131,110,37,2,124,107,132,21,88,40,19,91" hai1="86,127,39,59,84,74,48,73,61,116,113,32,78" hai2="4,22,62,60,5,69,16,103,50,0,115,96,52" hai3="102,47,25,89,104,31,44,67,14,3,76,11,64"/><V38/><F115/><W134/><G3/><T15/><D107/><U135/><E39/><V1/><F38/><W63/><G134/><T117/><D132/><U126/><E32/><V120/><F120/><W99/><G76/><T35/><D35/><U92/><E135/><V6/><F69/><W57/><G89/><N who="0" m="34379" /><D37/><U128/><E113/><V80/><F80/><W46/><G67/><T55/><D2/><U65/><E92/><N who="2" m="58759" /><F0/><W70/><G57/><T43/><D110/><U33/><E33/><V12/><F1/><W29/><REACH who="3" step="1"/><G25/><REACH who="3" ten="152,466,220,152" step="2"/><T112/><D112/><U9/><E59/><AGARI ba="0,1" hai="4,5,6,12,16,22,50,52,59,60,62" m="58759" machi="59" ten="30,5800,0" yaku="8,1,54,2" doraHai="133" who="2" fromWho="1" sc="152,0,466,-58,220,68,152,0" /><INIT seed="2,1,0,0,3,98" ten="152,408,288,152" oya="2" hai0="68,77,51,45,8,48,54,37,20,67,81,74,116" hai1="106,3,35,30,132,59,104,107,128,19,100,102,121" hai2="71,127,65,92,135,120,123,42,22,109,14,21,75" hai3="84,117,62,119,69,34,130,134,32,101,70,15,10"/><V41/><F75/><W23/><G130/><T112/><D112/><U5/><E19/><V18/><F135/><W114/><G134/><T6/><D116/><U125/><E132/><V96/><F127/><W13/><G114/><T25/><D68/><U55/><E128/><V31/><F109/><W27/><G84/><T89/><D67/><U133/><E133/><V2/><F2/><W0/><G0/><T12/><D89/><U82/><E82/><V85/><F71/><W66/><G70/><T57/><D37/><U97/><E97/><V61/><F85/><W90/><G90/><T44/><REACH who="0" step="1"/><D51/><REACH who="0" ten="142,408,288,152" step="2"/><U39/><E39/><V49/><F49/><W93/><G119/><T24/><D24/><U58/><E125/><V131/><F120/><W105/><G117/><T87/><D87/><U88/><E88/><N who="2" m="55303" /><F123/><W33/><G69/><T47/><D47/><U76/><E121/><V86/><F86/><W80/><G66/><T9/><D9/><U118/><E118/><V111/><F131/><W53/><G10/><T91/><D91/><U78/><E59/><N who="2" m="37055" /><F111/><W60/><G80/><T40/><D40/><U64/><E58/><V122/><F122/><W11/><G53/><T50/><D50/><U113/><E55/><V29/><F41/><W1/><G11/><T103/><D103/><N who="1" m="39467" /><E64/><V110/><F42/><W126/><G126/><T52/><D52/><U43/><E43/><V38/><F38/><W63/><G101/><T83/><D83/><U124/><E124/><V17/><F110/><W79/><G79/><T108/><D108/><U46/><E113/><V28/><F14/><RYUUKYOKU ba="1,1" sc="142,15,408,-15,288,15,152,-15" hai0="6,8,12,20,25,44,45,48,54,57,74,77,81" hai2="17,18,21,22,28,29,31" /><INIT seed="2,2,1,3,0,35" ten="157,393,303,137" oya="2" hai0="6,87,56,115,127,70,44,84,99,55,31,47,86" hai1="25,41,2,22,18,72,42,23,10,88,80,135,113" hai2="14,9,27,119,129,45,51,16,69,124,21,63,39" hai3="26,61,66,76,92,1,83,90,89,123,134,49,79"/><V62/><F119/><W106/><G123/><T38/><D115/><U32/><E113/><V34/><F124/><W102/><G134/><T97/><D70/><U85/><E135/><V74/><F74/><W98/><G1/><T100/><D127/><U91/><E32/><V73/><F73/><W19/><G49/><T94/><D38/><U20/><E72/><V36/><F129/><W103/><G103/><T30/><D6/><U46/><E91/><N who="3" m="34826" /><G106/><T67/><D67/><U59/><E42/><V122/><F34/><W52/><G66/><T48/><D99/><U8/><E59/><V78/><F78/><N who="3" m="29739" /><G83/><T50/><D56/><U5/><E10/><V11/><F69/><W118/><G118/><T120/><D120/><U132/><E132/><V37/><F9/><W82/><G82/><T58/><D58/><U130/><E130/><V112/><F122/><W77/><N who="3" m="29747" /><W128/><DORA hai="101" /><G128/><T53/><AGARI ba="2,1" hai="30,31,44,47,48,50,53,55,84,86,87,94,97,100" machi="53" ten="30,4000,0" yaku="0,1,9,1,8,1" doraHai="35,101" who="0" fromWho="0" sc="157,56,393,-12,303,-22,137,-12" /><INIT seed="3,0,0,2,0,24" ten="213,381,281,125" oya="3" hai0="18,116,111,62,61,90,102,93,59,97,42,38,7" hai1="47,5,95,121,67,57,51,73,83,134,104,48,4" hai2="13,79,112,39,107,14,74,64,70,43,72,40,80" hai3="53,105,135,50,77,117,84,22,29,82,33,98,94"/><W69/><G135/><T19/><D111/><U26/><E121/><V34/><F112/><W49/><G117/><T20/><D116/><U10/><E104/><V110/><F72/><W44/><G69/><T119/><D119/><U91/><E134/><V96/><F13/><W68/><G68/><T46/><D7/><U32/><E83/><V63/><F14/><W52/><G105/><T41/><D41/><U130/><E73/><V133/><F40/><W31/><G22/><T113/><D113/><U127/><E127/><V106/><F133/><W123/><G33/><T36/><D36/><U16/><E130/><V76/><F76/><W58/><G123/><T1/><D1/><U101/><E101/><AGARI ba="0,0" hai="29,31,44,49,50,52,53,58,77,82,84,94,98,101" machi="101" ten="30,12000,1" yaku="7,1,8,1,52,2,54,1" doraHai="24" who="3" fromWho="1" sc="213,0,381,-120,281,0,125,120" /><INIT seed="3,1,0,4,0,42" ten="213,261,281,245" oya="3" hai0="73,129,35,23,34,26,103,59,31,109,77,27,37" hai1="68,61,29,33,48,69,75,71,5,54,74,107,38" hai2="19,104,67,100,25,17,112,121,119,15,101,21,12" hai3="115,65,89,52,30,120,41,28,98,118,132,13,80"/><W114/><G118/><T130/><D37/><U11/><E107/><V6/><F112/><W105/><G120/><T134/><D109/><U91/><E38/><V1/><F119/><W110/><G41/><T49/><D103/><N who="2" m="39498" /><F104/><W128/><G105/><T94/><D94/><U47/><E91/><V78/><F78/><W90/><G128/><N who="0" m="49259" /><D134/><U102/><E102/><V32/><F32/><N who="0" m="12330" /><D27/><U92/><E92/><V83/><F1/><W14/><G132/><T117/><D117/><U58/><E29/><N who="2" m="17583" /><F83/><W99/><G110/><T96/><D96/><U7/><E33/><V133/><F133/><W84/><G80/><N who="0" m="45103" /><D49/><U57/><E57/><AGARI ba="1,0" hai="23,26,31,57,59" m="45103,12330,49259" machi="57" ten="30,1000,0" yaku="19,1" doraHai="42" who="0" fromWho="1" sc="213,13,261,-13,281,0,245,0" /><INIT seed="4,0,0,0,3,16" ten="226,248,281,245" oya="0" hai0="30,129,80,11,32,21,99,98,132,126,44,18,5" hai1="131,121,23,58,70,34,81,105,42,118,12,38,89" hai2="28,117,130,39,134,106,37,66,83,72,112,50,26" hai3="102,41,76,69,56,25,1,59,45,109,103,88,133"/><T111/><D126/><U33/><E70/><V20/><F106/><W91/><G109/><T51/><D111/><U17/><E118/><V14/><F66/><W119/><G1/><N who="0" m="431" /><D80/><U9/><E105/><V7/><F50/><N who="3" m="26927" /><G119/><T55/><D132/><U115/><E121/><V128/><F117/><W74/><G74/><T87/><D87/><U116/><E116/><V36/><F112/><W94/><G69/><T53/><D53/><U82/><E115/><V3/><F134/><W135/><G135/><T64/><D64/><U48/><E38/><V0/><F7/><W47/><G76/><T100/><D100/><N who="3" m="38441" /><G133/><T104/><D104/><U85/><E82/><V63/><F14/><W120/><G120/><T29/><D29/><U62/><E34/><V90/><F63/><W78/><G78/><T68/><D68/><U2/><E33/><V60/><F60/><W110/><G110/><T57/><D44/><U95/><E81/><V40/><F40/><W107/><G107/><T13/><D129/><N who="2" m="49770" /><F72/><W4/><G47/><T61/><D61/><U43/><E131/><V15/><F15/><W49/><G49/><T35/><D35/><U96/><E48/><V65/><F65/><W77/><G77/><T114/><D114/><U101/><E2/><V84/><AGARI ba="0,0" hai="0,3,20,26,28,36,37,39,83,84,90" m="49770" machi="84" ten="40,2700,0" yaku="19,1,52,1" doraHai="16" who="2" fromWho="2" sc="226,-13,248,-7,281,27,245,-7" owari="213,-28.7,241,4.1,308,40.8,238,-16.2" /></mjloggm>