<mjloggm ver="2.3"><GO type="225" lobby="0"/><UN n0="%45%6C%79%73%69%75%6D" n1="%4D%50%43%32%38%30%30" n2="%72%69%6F%75%63%68%61%6E" n3="%6E%65%6F%E3%82%BD%E3%83%83%E3%82%AF%E3%82%B9%E2%99%AA" dan="18,16,17,16" rate="2169.30,2131.97,2213.77,2160.60" sx="F,M,M,M"/><TAIKYOKU oya="0"/><INIT seed="0,0,0,5,1,79" ten="250,250,250,250" oya="0" hai0="64,69,73,41,107,61,23,17,111,113,24,27,90" hai1="14,0,82,43,91,124,5,70,18,84,78,10,16" hai2="86,129,60,114,88,29,122,50,96,22,94,103,108" hai3="97,56,44,30,4,110,118,66,104,38,76,72,126"/><T128/><D113/><U20/><E124/><V35/><F122/><W65/><G118/><T48/><D128/><U31/><E70/><V105/><F114/><W1/><G30/><T89/><D107/><U125/><E125/><V87/><F129/><W81/><G56/><T9/><D73/><U15/><E31/><V6/><F108/><W49/><G110/><T63/><D111/><U11/><REACH who="1" step="1"/><E43/><REACH who="1" ten="250,240,250,250" step="2"/><V121/><F29/><W12/><G126/><T93/><D41/><U115/><E115/><V109/><F109/><W51/><G66/><T28/><D64/><U112/><E112/><V85/><F121/><W134/><G65/><T58/><D69/><U45/><E45/><V74/><F35/><W71/><G71/><T3/><D58/><U54/><E54/><V92/><F6/><W53/><G44/><T119/><D119/><U67/><E67/><V117/><F117/><W21/><G4/><T83/><D28/><U37/><E37/><V132/><F132/><W36/><G53/><T68/><D68/><U2/><E2/><V98/><F60/><W99/><G36/><T116/><D116/><U8/><E8/><V62/><F62/><N who="0" m="23562" /><D3/><U75/><E75/><V100/><F74/><W52/><G38/><T131/><D131/><U77/><AGARI ba="0,1" hai="0,5,10,11,14,15,16,18,20,77,78,82,84,91" machi="77" ten="30,7900,0" yaku="1,1,0,1,52,1,54,1,53,0" doraHai="79" doraHaiUra="120" who="1" fromWho="1" sc="250,-39,240,89,250,-20,250,-20" /><INIT seed="1,0,0,3,1,53" ten="211,329,230,230" oya="1" hai0="118,123,75,6,101,127,8,50,94,7,51,27,85" hai1="108,61,11,114,70,58,115,15,103,81,105,135,129" hai2="65,128,102,33,48,63,119,92,32,60,99,64,113" hai3="37,84,41,69,82,12,5,57,76,96,44,62,36"/><U39/><E39/><V16/><F119/><W2/><G69/><T126/><D75/><U24/><E135/><V26/><F128/><W14/><G37/><T88/><D118/><U80/><E70/><V34/><F113/><W46/><G46/><T30/><D123/><U124/><E129/><V23/><REACH who="2" step="1"/><F48/><REACH who="2" ten="211,329,220,230" step="2"/><W100/><G5/><T29/><D6/><N who="1" m="3575" /><E115/><V35/><N who="2" m="8192" /><DORA hai="13" /><V83/><F83/><W43/><G82/><T133/><D133/><U4/><E4/><V68/><F68/><W0/><G36/><T130/><D130/><U25/><E81/><V9/><F9/><W19/><G0/><T104/><D50/><U49/><E80/><V111/><F111/><W79/><G2/><T67/><D51/><U131/><E114/><V109/><F109/><W120/><G120/><T112/><D112/><U66/><E131/><V116/><F116/><W89/><G79/><T97/><D67/><AGARI ba="0,1" hai="16,23,26,60,63,64,65,67,92,99,102" m="8192" machi="67" ten="70,8000,1" yaku="1,1,52,1,54,1,53,1" doraHai="53,13" doraHaiUra="91,87" who="2" fromWho="0" sc="211,-80,329,0,220,90,230,0" /><INIT seed="2,0,0,5,0,31" ten="131,329,310,230" oya="2" hai0="73,105,63,135,114,104,43,72,113,38,7,123,67" hai1="16,125,12,64,70,19,79,36,39,27,2,47,121" hai2="48,18,129,0,95,103,69,126,80,119,84,82,9" hai3="83,101,28,110,3,96,35,66,134,89,76,81,50"/><V32/><F119/><W24/><G110/><T26/><D123/><U131/><E2/><V62/><F126/><W10/><G134/><T52/><D135/><U45/><E125/><V49/><F129/><W88/><G50/><T100/><D7/><U87/><E131/><V106/><F106/><W132/><G132/><T75/><D26/><U1/><E1/><V8/><F32/><W59/><G59/><T90/><D90/><U22/><E121/><V77/><F80/><W109/><G66/><T4/><D4/><U108/><E108/><V115/><F115/><W112/><G112/><T20/><D20/><U21/><E39/><V57/><F69/><W33/><G33/><T42/><D105/><U133/><E133/><V55/><F0/><W68/><G68/><T23/><D23/><U111/><E111/><V53/><F18/><W34/><G34/><T98/><D42/><U29/><E36/><V61/><F49/><W5/><G83/><T58/><REACH who="0" step="1"/><D67/><REACH who="0" ten="121,329,310,230" step="2"/><U30/><E64/><V78/><F78/><W122/><G122/><T97/><D97/><U44/><E70/><V15/><F15/><W74/><G109/><T71/><D71/><U11/><E22/><V17/><F17/><W56/><G96/><T107/><D107/><U118/><E118/><V86/><F77/><W120/><G120/><T93/><D93/><U51/><E19/><V54/><F95/><W94/><G94/><T14/><D14/><U91/><E79/><V130/><F130/><W102/><G89/><T60/><D60/><U13/><E13/><V41/><F61/><W124/><G35/><RYUUKYOKU ba="0,1" sc="121,30,329,-10,310,-10,230,-10" hai0="38,43,52,58,63,72,73,75,98,100,104,113,114" /><INIT seed="3,1,1,3,3,22" ten="151,319,300,220" oya="3" hai0="20,114,100,82,84,69,48,1,26,130,83,2,55" hai1="85,78,32,110,121,56,81,14,45,91,122,47,61" hai2="126,116,133,42,5,13,37,128,125,132,76,43,134" hai3="104,119,0,36,24,93,71,79,49,108,31,88,12"/><W28/><G119/><T17/><D69/><U94/><E32/><V92/><F116/><W38/><G0/><T15/><D130/><U40/><E110/><V7/><F128/><W123/><G123/><T41/><D114/><U54/><E14/><V3/><F3/><W52/><G104/><T6/><D100/><U59/><E59/><V77/><F92/><W23/><G79/><N who="2" m="30281" /><F37/><W105/><G105/><T102/><D102/><U103/><E103/><V89/><F89/><W106/><G106/><T86/><D41/><N who="2" m="15370" /><F13/><W73/><G73/><T95/><D95/><U27/><E27/><V109/><F109/><W33/><G71/><T50/><D1/><U58/><E58/><V68/><F68/><W4/><G108/><T30/><D2/><U10/><E10/><V90/><F90/><W118/><G118/><T60/><D60/><U9/><E9/><V117/><F117/><W63/><G63/><T46/><D48/><U8/><E8/><V62/><F62/><W51/><G49/><T124/><D6/><AGARI ba="1,1" hai="5,6,7,125,126,132,133,134" m="15370,30281" machi="6" ten="40,8000,1" yaku="28,2,26,2,20,1" doraHai="22" who="2" fromWho="0" sc="151,-83,319,0,300,93,220,0" owari="68,-43.2,319,11.9,393,49.3,220,-18.0" /></mjloggm>