<mjloggm ver="2.3"><GO type="225" lobby="0"/><UN n0="%E4%B8%89%E5%86%A0%E7%8E%8B%E3%83%BB%E5%B1%B1%E7%94%B0%E5%93%B2%E4%BA%BA" n1="%4C%4F%4C%49%54%41" n2="%E3%81%A8%E3%82%89%E3%81%84%E3%81%A1" n3="%32%E9%99%90" dan="16,16,16,16" rate="2125.21,2170.70,2094.95,2128.53" sx="M,F,M,M"/><TAIKYOKU oya="0"/><INIT seed="0,0,0,4,2,135" ten="250,250,250,250" oya="0" hai0="42,132,77,45,15,82,60,95,114,29,109,61,91" hai1="119,63,128,102,28,47,26,40,99,108,21,72,35" hai2="103,89,59,7,79,112,2,69,93,10,4,44,92" hai3="106,107,30,1,134,39,9,87,34,73,133,80,41"/><T33/><D114/><U32/><E119/><V81/><F112/><W23/><G23/><T12/><D132/><N who="3" m="50793" /><G73/><T127/><D109/><U20/><E108/><V116/><F69/><W46/><G30/><T54/><D127/><U97/><E128/><V115/><F59/><W27/><G27/><T51/><D33/><U131/><E131/><V16/><F4/><N who="3" m="1167" /><G34/><T104/><D104/><U49/><E72/><V130/><F115/><W24/><G24/><T43/><D29/><U86/><E99/><V52/><F130/><W94/><G94/><T6/><D43/><U5/><E5/><V8/><F116/><W126/><G126/><T74/><D6/><U123/><E123/><V84/><F103/><W120/><G120/><T111/><D111/><U76/><E32/><V17/><F10/><W11/><G11/><T85/><REACH who="0" step="1"/><D42/><REACH who="0" ten="240,250,250,250" step="2"/><U18/><E35/><V118/><F118/><W58/><G58/><T55/><D55/><U22/><E28/><V122/><F122/><W38/><G38/><T83/><D83/><U124/><E124/><V13/><F93/><W0/><G0/><T125/><D125/><U88/><E40/><V68/><F2/><W66/><G66/><T36/><D36/><U3/><E3/><V65/><F65/><W90/><AGARI ba="0,1" hai="39,41,46,80,87,90,106,107" m="1167,50793" machi="90" ten="30,1100,0" yaku="20,1" doraHai="135" who="3" fromWho="3" sc="240,-5,250,-3,250,-3,250,21" /><INIT seed="1,0,0,2,1,33" ten="235,247,247,271" oya="1" hai0="90,53,69,117,47,19,50,130,17,27,44,125,45" hai1="40,99,111,15,72,120,32,34,25,108,73,97,18" hai2="41,78,124,134,81,89,84,135,128,9,46,77,26" hai3="57,127,98,56,95,70,100,112,65,8,4,59,113"/><U66/><E120/><V2/><F124/><W119/><G127/><T0/><D125/><U92/><E40/><V83/><F128/><W87/><G119/><T14/><D117/><U35/><E25/><V96/><F26/><W101/><G101/><T37/><D69/><U12/><E66/><V103/><F89/><W24/><G24/><T68/><D68/><U122/><E122/><V76/><F96/><N who="1" m="36937" /><E92/><V63/><F63/><W133/><G133/><N who="2" m="50697" /><F103/><W107/><G87/><T11/><D130/><U23/><E12/><V7/><F84/><W51/><G51/><AGARI ba="0,0" hai="2,7,9,41,46,51,76,77,78,81,83" m="50697" machi="51" ten="30,2000,0" yaku="20,1,52,1" doraHai="33" who="2" fromWho="3" sc="235,0,247,0,247,20,271,-20" /><INIT seed="2,0,0,3,3,51" ten="235,247,267,251" oya="2" hai0="86,79,76,67,30,33,17,68,57,95,121,49,129" hai1="20,126,15,122,2,19,72,87,18,75,102,106,104" hai2="73,77,32,127,101,83,130,0,88,55,107,81,135" hai3="34,110,119,63,65,54,53,90,12,5,22,85,132"/><V11/><F32/><W52/><G119/><T131/><D121/><U89/><E2/><V100/><F130/><N who="0" m="49674" /><D68/><U31/><E126/><V115/><F115/><W28/><G34/><T41/><D17/><U105/><E102/><V113/><F113/><W45/><G110/><T38/><D38/><U71/><E71/><V124/><F135/><W8/><G132/><T125/><D125/><N who="2" m="48202" /><F107/><W39/><G39/><T27/><D41/><U42/><E31/><V26/><F26/><N who="3" m="16471" /><G65/><T96/><D86/><U118/><E118/><V134/><F134/><W4/><G4/><T97/><D67/><U1/><E1/><V99/><F99/><N who="0" m="37962" /><D95/><U91/><E122/><V62/><F83/><N who="3" m="49471" /><G63/><T59/><D59/><U123/><E123/><V23/><F62/><W80/><G80/><T111/><D111/><U66/><E66/><V70/><F81/><W29/><G29/><T16/><D16/><U64/><E64/><V128/><F128/><W14/><G14/><T44/><D57/><U9/><E87/><V108/><F108/><W84/><G84/><T50/><D50/><AGARI ba="0,0" hai="5,8,12,45,50,52,53,54" m="49471,16471" machi="50" ten="30,8000,1" yaku="8,1,52,3,54,1" doraHai="51" who="3" fromWho="0" sc="235,-80,247,0,267,0,251,80" /><INIT seed="3,0,0,5,5,15" ten="155,247,267,331" oya="3" hai0="30,89,14,113,108,64,116,1,109,107,22,27,25" hai1="3,40,90,128,70,127,33,80,103,24,84,44,55" hai2="86,129,0,93,60,82,96,38,41,7,76,47,29" hai3="124,102,18,133,66,69,13,54,63,110,6,65,118"/><W11/><G118/><T35/><D107/><U130/><E70/><V56/><F129/><N who="1" m="49769" /><E3/><V57/><F29/><W135/><G102/><T79/><D79/><U112/><E112/><V10/><F60/><N who="3" m="40103" /><G54/><T105/><D105/><U37/><E103/><AGARI ba="0,0" hai="0,7,10,38,41,47,56,57,76,82,86,93,96,103" machi="103" ten="30,1000,0" yaku="7,1" doraHai="15" who="2" fromWho="1" sc="155,0,247,-10,267,10,331,0" owari="155,-34.5,237,-16.3,277,7.7,331,43.1" /></mjloggm>