<mjloggm ver="2.3"><GO type="225" lobby="0"/><UN n0="%E8%9B%87%E3%81%AE%E8%A1%80" n1="%30%2E%31%32%30" n2="%E9%80%86%E9%80%A3%E5%B8%AF%E3%81%AE%E9%AC%BC" n3="%E7%B4%94%E6%BD%94%E3%83%94%E3%83%A9%E3%83%8B%E3%82%A2" dan="16,16,17,17" rate="2161.75,2120.30,2125.58,2229.84" sx="M,M,M,M"/><TAIKYOKU oya="0"/><INIT seed="0,0,0,1,3,46" ten="250,250,250,250" oya="0" hai0="127,45,90,111,15,115,117,21,49,62,13,70,66" hai1="85,96,78,54,30,52,128,43,86,56,10,19,37" hai2="75,125,100,68,83,27,36,26,57,40,11,22,102" hai3="3,48,97,134,93,41,39,114,61,2,82,47,23"/><T126/><D115/><U20/><E128/><V25/><F68/><W33/><G33/><T7/><D117/><U44/><E30/><V38/><F125/><N who="0" m="47626" /><D111/><U65/><E10/><V9/><F22/><W116/><G134/><T130/><D130/><U31/><E31/><V79/><F57/><W101/><G114/><T87/><D7/><U58/><E96/><V67/><F67/><W35/><G35/><T110/><D21/><U109/><E109/><V76/><F40/><W0/><G61/><T74/><D74/><U119/><E119/><V133/><F133/><W28/><G116/><T132/><D132/><U113/><E113/><V59/><F59/><W81/><REACH who="3" step="1"/><G39/><REACH who="3" ten="250,250,250,240" step="2"/><T122/><D110/><U107/><E65/><V51/><F38/><W32/><G32/><T6/><D122/><U55/><E37/><V72/><F36/><W92/><G92/><N who="0" m="54367" /><D6/><U60/><E60/><V24/><F83/><W8/><G8/><T17/><D17/><U18/><E18/><V14/><F9/><W29/><G29/><T80/><D80/><U112/><E112/><V12/><F11/><W63/><G63/><T84/><D84/><U121/><E85/><V103/><F75/><W16/><G16/><T88/><D88/><U71/><E86/><V120/><F72/><W108/><G108/><T131/><D131/><U135/><E135/><V42/><F120/><W5/><G5/><T34/><D34/><U123/><E123/><V95/><F95/><W94/><G94/><T69/><D69/><U77/><E71/><V124/><F124/><W73/><G73/><T118/><D118/><RYUUKYOKU ba="0,1" sc="250,15,250,-15,250,-15,240,15" hai0="13,15,45,49,62,66,70" hai3="0,2,3,23,28,41,47,48,81,82,93,97,101" /><INIT seed="0,1,1,2,0,45" ten="265,235,235,255" oya="0" hai0="61,78,63,75,56,46,81,85,33,24,36,55,4" hai1="35,23,7,128,11,98,51,6,80,84,57,77,123" hai2="116,110,89,37,16,82,53,25,48,30,108,111,17" hai3="127,70,0,132,64,133,104,47,93,76,121,50,102"/><T22/><D4/><U9/><E35/><V79/><F37/><W90/><G0/><T73/><D33/><U54/><E128/><V66/><F66/><W118/><G118/><T125/><D125/><U31/><E123/><V129/><F129/><W91/><G127/><T62/><D36/><U26/><E98/><V32/><F89/><W58/><G76/><T130/><D46/><U115/><E115/><V99/><F99/><N who="3" m="59759" /><G70/><T13/><D13/><U124/><E124/><V109/><N who="2" m="27648" /><DORA hai="3" /><V34/><F34/><W14/><G104/><T101/><D101/><U135/><E135/><N who="3" m="51786" /><G14/><T52/><D130/><U29/><E29/><V119/><F119/><W28/><G28/><T105/><D105/><U107/><E107/><V10/><F10/><AGARI ba="1,1" hai="6,7,9,10,11,23,26,31,51,54,57,77,80,84" machi="10" ten="40,8000,1" yaku="8,1,52,3" doraHai="45,3" who="1" fromWho="2" sc="265,0,235,93,235,-83,255,0" /><INIT seed="1,0,0,3,1,107" ten="265,328,152,255" oya="1" hai0="93,132,2,54,40,17,83,126,95,120,102,108,100" hai1="68,116,16,36,60,61,12,94,118,124,82,90,30" hai2="74,15,37,62,53,31,13,79,3,64,0,70,91" hai3="59,51,129,8,75,135,63,47,78,133,5,52,55"/><U58/><E36/><V22/><F37/><W106/><G106/><T28/><D2/><U98/><E124/><V113/><F113/><W114/><G114/><T85/><D28/><U131/><E131/><V27/><F53/><W34/><G34/><T44/><D108/><U115/><E115/><V128/><F128/><W20/><G20/><T46/><D126/><U89/><E30/><V96/><F0/><W21/><G21/><T122/><D54/><U29/><E29/><V72/><F3/><W56/><G129/><T39/><D17/><U41/><E68/><V32/><F79/><W81/><REACH who="3" step="1"/><G56/><REACH who="3" ten="265,328,152,245" step="2"/><T50/><D122/><U101/><E58/><V73/><REACH who="2" step="1"/><F32/><REACH who="2" ten="265,328,142,245" step="2"/><W45/><G45/><T99/><D46/><U1/><E116/><V88/><F88/><W43/><G43/><T84/><D44/><U33/><E41/><V130/><F130/><W80/><G80/><T97/><D83/><U65/><E33/><V38/><F38/><W77/><G77/><T35/><D39/><U6/><E90/><V57/><F57/><W66/><G66/><T23/><D35/><U4/><E65/><V67/><F67/><W104/><G104/><T9/><D40/><U49/><E89/><V127/><F127/><W19/><G19/><T24/><D100/><U18/><E101/><V92/><AGARI ba="0,2" hai="13,15,22,27,31,62,64,70,72,73,74,91,92,96" machi="92" ten="40,8000,1" yaku="1,1,0,1,52,3,53,0" doraHai="107" doraHaiUra="125" who="2" fromWho="2" sc="265,-20,328,-40,142,100,245,-20" /><INIT seed="2,0,0,1,2,75" ten="245,288,242,225" oya="2" hai0="117,71,66,5,11,95,90,121,116,109,76,106,24" hai1="69,132,54,81,52,134,118,120,20,128,14,10,50" hai2="37,102,40,68,39,21,135,42,62,78,19,122,119" hai3="125,46,41,56,36,131,18,113,124,86,111,123,2"/><V112/><F119/><N who="0" m="45642" /><D121/><U129/><E118/><V70/><F122/><W28/><G123/><T101/><D109/><U29/><E69/><V30/><F30/><W65/><BYE who="2" /><G2/><N who="0" m="439" /><D24/><N who="1" m="16519" /><E81/><V51/><F51/><W85/><G28/><T83/><D106/><U27/><E27/><V13/><F13/><W48/><G111/><T34/><D34/><U44/><E54/><V92/><F92/><W93/><G93/><T22/><D22/><U35/><E35/><V47/><F47/><W59/><G18/><T91/><D101/><U57/><E44/><V61/><F61/><N who="3" m="38055" /><G86/><N who="0" m="48487" /><D95/><U8/><E120/><V104/><F104/><W67/><G85/><T26/><D26/><U108/><E108/><V16/><F16/><W89/><G89/><T77/><D77/><U64/><E8/><V96/><F96/><W88/><G88/><N who="0" m="33835" /><D66/><U58/><E10/><V45/><F45/><N who="3" m="23719" /><G113/><T38/><D38/><U100/><E100/><V7/><F7/><W72/><G72/><T99/><D71/><U103/><E103/><V79/><F79/><W17/><G17/><T127/><D99/><U84/><E84/><V87/><F87/><W3/><G3/><T126/><AGARI ba="0,0" hai="126,127" m="33835,48487,439,45642" machi="126" ten="40,5200,0" yaku="12,1,52,1,54,1" doraHai="75" who="0" fromWho="0" sc="245,52,288,-13,242,-26,225,-13" /><INIT seed="3,0,0,5,0,117" ten="297,275,216,212" oya="3" hai0="0,22,78,43,90,82,48,51,47,28,106,52,130" hai1="29,59,110,118,61,133,16,108,65,39,7,75,122" hai2="12,97,72,23,129,119,126,111,116,107,100,81,63" hai3="26,9,68,41,33,79,57,14,44,91,46,35,40"/><W17/><G68/><T15/><D0/><U115/><E115/><V58/><F58/><W135/><G135/><T124/><D106/><U132/><E118/><V101/><F101/><W95/><G79/><T85/><D124/><U38/><E75/><V49/><F49/><W71/><G71/><T105/><D105/><U8/><E29/><V67/><F67/><W128/><G128/><T113/><D130/><U96/><E96/><V56/><F56/><W93/><G57/><N who="0" m="32927" /><D113/><U76/><E76/><V32/><F32/><W5/><G35/><T92/><D28/><U70/><E7/><V74/><F74/><W88/><G33/><T120/><D120/><U3/><E3/><V2/><F2/><W87/><G5/><T6/><D6/><U64/><E122/><V80/><F80/><W13/><G26/><T60/><D60/><N who="1" m="40231" /><E16/><V50/><F50/><W125/><G125/><T127/><D127/><U121/><E8/><V25/><F25/><W103/><G103/><T34/><D34/><U73/><E73/><V24/><F24/><W53/><G53/><T134/><D134/><N who="1" m="51819" /><E121/><V102/><F102/><W36/><G13/><T62/><D62/><U30/><E30/><V83/><F83/><W89/><G95/><T27/><D15/><U4/><E4/><V77/><F77/><W84/><G93/><T69/><D69/><U114/><E114/><V66/><F66/><W19/><G19/><N who="0" m="12767" /><D92/><U55/><E64/><V104/><F104/><W109/><G109/><AGARI ba="0,0" hai="38,39,55,59,61,108,109,110" m="51819,40231" machi="109" ten="30,7700,0" yaku="14,1,20,1,34,2" doraHai="117" who="1" fromWho="3" sc="297,0,275,77,216,0,212,-77" owari="297,9.7,352,45.2,216,-18.4,135,-36.5" /></mjloggm>