<mjloggm ver="2.3"><GO type="225" lobby="0"/><UN n0="%E7%99%BD%E6%97%A5%E9%9B%AA%E8%8F%9C" n1="%65%6B%61%72%75%74%65" n2="%E3%83%81%E3%83%AF%E3%83%AF%E9%9A%8A%E9%95%B7" n3="%E5%A4%9C%E5%85%89%E5%A4%A9%E6%A5%BC" dan="17,16,16,17" rate="2177.97,2185.68,2094.36,2170.91" sx="M,M,M,F"/><TAIKYOKU oya="0"/><INIT seed="0,0,0,0,2,123" ten="250,250,250,250" oya="0" hai0="53,22,119,74,88,14,71,135,2,127,38,96,68" hai1="101,50,131,116,72,40,108,114,89,110,12,36,23" hai2="31,91,7,67,112,63,20,52,134,97,9,54,30" hai3="86,69,26,122,92,65,98,45,49,17,15,99,39"/><T125/><D119/><U58/><E116/><V5/><F112/><W44/><G122/><T102/><D2/><U3/><E3/><V128/><F128/><W117/><G117/><T95/><D74/><U107/><E131/><V18/><F134/><W129/><G129/><T115/><D115/><U13/><E114/><V33/><F33/><W37/><G69/><T61/><D38/><U90/><E72/><V27/><F5/><W1/><G1/><T121/><D121/><U80/><E36/><V82/><F7/><W62/><G26/><T124/><D135/><U19/><E13/><N who="2" m="7471" /><F30/><W70/><G86/><T84/><D22/><U60/><E101/><V104/><F104/><W66/><G66/><T81/><REACH who="0" step="1"/><D14/><REACH who="0" ten="240,250,250,250" step="2"/><U93/><E23/><V87/><F97/><W57/><G99/><T4/><D4/><U100/><E12/><V113/><F113/><W64/><G39/><T56/><AGARI ba="0,1" hai="53,56,61,68,71,81,84,88,95,96,102,124,125,127" machi="56" ten="40,12000,1" yaku="1,1,0,1,18,1,54,1,53,1" doraHai="123" doraHaiUra="78" who="0" fromWho="0" sc="240,130,250,-40,250,-40,250,-40" /><INIT seed="0,1,0,0,4,1" ten="370,210,210,210" oya="0" hai0="29,57,120,48,88,54,128,15,49,82,23,69,90" hai1="20,118,97,55,14,33,32,79,87,58,66,30,93" hai2="16,51,91,41,107,114,39,31,109,25,9,80,38" hai3="76,123,112,44,124,8,2,61,46,132,117,73,4"/><T131/><D120/><U75/><E118/><V62/><F107/><W122/><G117/><T6/><D69/><U60/><E75/><V59/><F114/><W37/><G112/><T52/><D82/><U7/><E33/><V127/><F127/><W94/><G124/><T17/><D29/><U130/><E32/><V125/><F125/><W116/><G116/><T133/><D133/><U102/><E130/><N who="0" m="49705" /><D6/><U121/><E121/><N who="3" m="46090" /><G37/><T0/><D0/><U3/><E3/><V106/><F106/><W108/><G132/><T63/><D48/><U86/><E79/><V78/><F91/><W26/><G76/><T24/><D24/><N who="1" m="16647" /><E55/><V134/><F134/><W72/><G26/><T111/><D111/><U101/><E102/><V42/><F109/><W92/><G108/><T135/><D135/><U43/><E43/><V110/><F110/><W28/><G28/><T71/><D71/><U22/><E22/><V27/><F41/><W113/><G113/><T98/><D98/><U95/><E95/><N who="3" m="36394" /><G61/><T89/><D49/><U56/><E58/><V64/><F39/><W100/><G100/><T35/><D35/><U115/><E115/><V77/><F38/><W18/><G73/><T12/><D15/><U21/><E21/><V65/><F31/><W104/><G72/><T50/><D50/><U74/><E74/><N who="2" m="43063" /><F25/><W34/><G34/><T81/><D81/><U13/><E13/><N who="2" m="7215" /><F27/><W5/><G104/><T19/><D19/><U45/><E45/><N who="3" m="17514" /><G2/><T53/><AGARI ba="1,0" hai="12,17,23,52,53,54,57,63,88,89,90" m="49705" machi="53" ten="40,7800,0" yaku="19,1,54,2" doraHai="1" who="0" fromWho="0" sc="370,81,210,-27,210,-27,210,-27" /><INIT seed="0,2,0,0,3,87" ten="451,183,183,183" oya="0" hai0="24,75,40,127,103,41,46,27,7,15,63,113,35" hai1="91,107,77,64,105,110,34,109,9,14,73,106,62" hai2="128,85,23,118,134,16,53,132,50,79,19,0,119" hai3="17,37,88,25,5,96,45,130,31,39,10,18,65"/><T116/><D113/><U115/><E34/><V100/><F0/><W11/><G65/><T48/><D116/><N who="2" m="44586" /><F128/><W30/><G130/><T4/><D75/><U125/><E125/><V49/><F100/><W22/><G39/><T124/><D35/><U121/><E121/><V61/><F61/><W81/><G37/><T20/><D103/><U135/><E135/><N who="2" m="51755" /><F53/><W36/><G36/><T3/><D3/><U129/><E115/><V56/><F56/><W126/><G126/><T89/><D63/><U26/><E26/><N who="2" m="14695" /><F19/><N who="3" m="7179" /><G45/><T95/><D46/><U47/><E47/><V70/><F70/><W66/><G66/><T101/><D101/><U111/><E129/><V42/><F42/><W1/><G31/><T92/><D41/><U131/><E131/><V67/><F67/><W12/><G1/><T13/><D40/><U6/><E62/><V51/><F51/><W82/><G11/><T43/><D43/><U33/><E64/><V133/><N who="2" m="51763" /><V86/><DORA hai="83" /><F86/><W21/><G22/><T72/><D20/><U90/><E33/><V44/><F44/><W68/><G68/><T112/><D48/><U120/><E120/><V32/><F32/><W76/><G76/><T8/><D127/><U78/><E73/><V57/><F57/><W69/><G69/><T55/><D72/><U74/><E74/><V59/><F59/><W28/><G30/><T52/><D124/><U104/><N who="1" m="26624" /><DORA hai="38" /><U84/><E84/><V29/><F29/><W58/><G58/><T60/><D60/><U122/><E122/><V97/><F97/><W117/><G117/><T123/><D123/><RYUUKYOKU ba="2,0" sc="451,-30,183,10,183,10,183,10" hai1="6,9,14,77,78,90,91,109,110,111" hai2="49,50,79,85" hai3="5,10,12,21,25,28,81,82,88,96" /><INIT seed="1,3,0,5,3,25" ten="421,193,193,193" oya="1" hai0="22,40,76,9,94,61,42,120,43,111,33,20,104" hai1="38,11,51,109,86,37,48,107,30,0,1,106,77" hai2="36,66,72,81,114,5,90,118,70,102,93,101,49" hai3="113,58,69,39,19,71,6,52,74,132,99,34,128"/><U89/><E77/><V46/><F36/><W95/><G113/><T135/><D104/><U62/><E62/><V67/><F118/><W12/><G39/><T56/><D33/><U117/><E117/><V88/><F114/><W27/><G74/><T63/><D111/><U45/><E11/><V29/><F5/><W26/><G26/><T53/><D76/><U44/><E86/><N who="2" m="50511" /><F72/><W122/><G122/><T57/><D135/><U108/><REACH who="1" step="1"/><E89/><REACH who="1" ten="421,183,193,193" step="2"/><V3/><F88/><W112/><G112/><T126/><D9/><U124/><E124/><V123/><F123/><W16/><G132/><T116/><D126/><U82/><E82/><V92/><F70/><W4/><G71/><T21/><D116/><U96/><E96/><V68/><F68/><W75/><G69/><T85/><D120/><U129/><E129/><V105/><F66/><W47/><G128/><T65/><D85/><U100/><E100/><V87/><F67/><W91/><G75/><T59/><D65/><U130/><E130/><V17/><F102/><W35/><G91/><T64/><D64/><U127/><E127/><V97/><F101/><W125/><G99/><T103/><D63/><U115/><E115/><V84/><F97/><AGARI ba="3,1" hai="20,21,22,40,42,43,53,56,57,59,61,94,97,103" machi="97" ten="40,1300,0" yaku="8,1" doraHai="25" who="0" fromWho="2" sc="421,32,183,0,193,-22,193,0" /><INIT seed="2,0,0,4,4,75" ten="453,183,171,193" oya="2" hai0="130,77,105,86,26,100,97,132,93,62,52,103,59" hai1="96,112,48,50,9,35,113,104,19,8,99,49,14" hai2="24,57,95,79,30,127,82,110,29,11,87,85,58" hai3="44,114,40,6,4,32,133,111,126,101,21,76,55"/><V36/><F36/><W108/><G32/><T31/><D130/><U106/><E35/><V1/><F127/><W12/><G126/><T109/><D109/><N who="3" m="42057" /><G133/><T10/><D132/><U39/><E39/><V37/><F37/><N who="3" m="21519" /><G101/><T90/><D103/><U46/><E14/><V123/><F123/><W71/><G114/><N who="1" m="44138" /><E19/><V47/><F110/><W89/><G71/><T13/><D77/><U61/><E61/><V23/><F30/><W115/><G115/><T124/><D124/><U18/><E18/><V67/><F67/><W2/><G76/><T65/><D65/><U83/><E83/><V56/><F47/><W43/><G43/><T128/><D128/><U15/><E15/><V69/><F69/><W117/><G2/><T42/><D42/><U45/><E46/><V129/><F129/><W80/><G55/><T116/><D116/><U20/><E20/><V94/><REACH who="2" step="1"/><F85/><REACH who="2" ten="453,183,161,193" step="2"/><N who="3" m="50343" /><G117/><T131/><D131/><U135/><E45/><V22/><F22/><W33/><G33/><T17/><D31/><U41/><E135/><V81/><F81/><W27/><G12/><T38/><D38/><U122/><E122/><V60/><F60/><W63/><G63/><T118/><D118/><U5/><E50/><V54/><F54/><W78/><G78/><T70/><D70/><U98/><E49/><V92/><F92/><W66/><G66/><T72/><D26/><U34/><E34/><V125/><F125/><W7/><G21/><T119/><D119/><U0/><E9/><V91/><F91/><W16/><G27/><T84/><D84/><U102/><E106/><V53/><F53/><RYUUKYOKU ba="0,1" sc="453,0,183,0,161,0,193,0" hai0="10,13,17,52,59,62,72,86,90,93,97,100,105" hai1="0,5,8,41,48,96,98,99,102,104" hai2="1,11,23,24,29,56,57,58,79,82,87,94,95" hai3="4,6,7,16" /><INIT seed="2,1,1,1,0,95" ten="453,183,161,193" oya="2" hai0="80,126,83,48,68,64,47,76,117,22,63,54,31" hai1="113,33,87,110,116,40,84,32,97,1,74,91,127" hai2="130,42,112,131,41,20,121,85,34,29,66,35,115" hai3="18,7,46,90,73,67,0,101,58,106,37,79,100"/><V72/><F72/><W65/><G18/><T39/><D126/><U4/><E113/><N who="2" m="43595" /><F121/><W132/><G90/><T81/><D117/><U6/><E116/><V27/><F66/><N who="3" m="25099" /><G58/><T57/><D22/><U128/><E74/><V24/><F85/><W10/><G106/><T122/><D31/><U44/><E127/><V13/><F41/><N who="3" m="22831" /><G132/><T59/><D122/><U28/><E110/><V43/><F43/><W102/><G102/><T129/><D129/><N who="2" m="49162" /><F42/><W103/><G103/><T107/><D107/><U45/><E128/><V98/><F98/><W14/><G14/><T12/><D12/><U75/><E75/><V26/><F29/><W61/><G61/><T51/><D39/><U78/><E28/><V55/><F55/><W71/><G71/><T77/><D68/><U3/><E78/><V124/><F124/><W53/><G53/><AGARI ba="1,1" hai="47,48,51,53,54,57,59,63,64,76,77,80,81,83" machi="53" ten="40,1300,0" yaku="8,1" doraHai="95" who="0" fromWho="3" sc="453,26,183,0,161,0,193,-16" /><INIT seed="3,0,0,5,4,124" ten="479,183,161,177" oya="3" hai0="25,101,28,76,106,55,65,111,77,116,115,81,80" hai1="8,87,91,53,63,108,19,127,60,74,36,98,95" hai2="41,24,18,134,15,79,2,20,100,89,46,92,49" hai3="71,35,6,4,54,5,66,22,0,73,70,10,117"/><W128/><G35/><T110/><D116/><U38/><E74/><V32/><F2/><W94/><G117/><T104/><D65/><U64/><E127/><V78/><F134/><W82/><G71/><T130/><D55/><U113/><E113/><V1/><F1/><W56/><G66/><T47/><D47/><U29/><E29/><V90/><F100/><W11/><G70/><T37/><D37/><U50/><E108/><V17/><F89/><W85/><G73/><T62/><D62/><N who="1" m="23595" /><E38/><V119/><F119/><W44/><G44/><T14/><D14/><N who="1" m="7623" /><E36/><V123/><F123/><W7/><G0/><T72/><D81/><U16/><E64/><V23/><F32/><W99/><G56/><T107/><D77/><U52/><E50/><V120/><F120/><W68/><G54/><N who="1" m="21098" /><E16/><V69/><F69/><W61/><G61/><T43/><D25/><U126/><E126/><V97/><AGARI ba="0,0" hai="15,17,18,20,23,24,41,46,49,78,79,90,92,97" machi="97" ten="20,2700,0" yaku="0,1,7,1,8,1" doraHai="124" who="2" fromWho="2" sc="479,-7,183,-7,161,27,177,-13" owari="472,57.2,176,-22.4,188,-1.2,164,-33.6" /></mjloggm>