<mjloggm ver="2.3"><GO type="225" lobby="0"/><UN n0="%E4%BF%BA%E3%81%A8%E5%A6%96%E5%A4%A2" n1="%4E%6F%2E%30%30%30%31" n2="%E5%8D%A0%E3%81%84%E5%B8%AB%E8%A3%8F%E3%81%AA%E3%81%84%E3%81%97" n3="%E3%83%A9%E3%82%A4%E3%83%B3%E3%81%AE%E8%99%8E" dan="16,18,17,16" rate="2137.74,2216.76,2199.87,2136.25" sx="F,M,M,M"/><TAIKYOKU oya="0"/><INIT seed="0,0,0,3,2,103" ten="250,250,250,250" oya="0" hai0="96,53,116,19,43,56,74,94,75,98,102,107,128" hai1="57,127,88,104,13,29,33,48,69,0,119,58,14" hai2="64,86,87,135,61,16,111,124,78,7,54,11,73" hai3="17,76,77,125,106,79,21,114,6,50,97,36,121"/><T83/><D116/><U100/><E119/><V44/><F111/><W22/><G36/><T41/><D128/><U108/><E0/><V131/><F131/><W120/><G114/><T2/><D2/><U105/><E69/><V95/><F135/><W55/><G6/><T39/><D19/><U10/><E108/><V129/><F124/><W130/><G130/><T52/><D83/><U15/><E127/><V45/><F73/><W25/><G125/><T32/><D32/><U12/><E100/><V134/><F134/><W5/><G5/><T46/><D41/><U59/><E48/><V89/><F7/><W118/><G118/><T92/><D53/><U126/><E126/><V113/><F113/><W18/><G97/><T49/><REACH who="0" step="1"/><D92/><REACH who="0" ten="240,250,250,250" step="2"/><U28/><E33/><V62/><F54/><W27/><REACH who="3" step="1"/><G106/><REACH who="3" ten="240,250,250,240" step="2"/><T70/><D70/><U60/><E104/><V80/><F129/><W4/><G4/><T20/><D20/><U99/><E105/><V23/><F11/><W82/><G82/><T109/><D109/><U42/><E10/><V72/><F80/><W63/><G63/><T24/><D24/><U9/><E60/><V1/><F61/><W91/><G91/><AGARI ba="0,2" hai="39,43,46,49,52,56,74,75,91,94,96,98,102,107" machi="91" ten="30,11600,0" yaku="1,1,7,1,52,1,54,1,53,0" doraHai="103" doraHaiUra="132" who="0" fromWho="3" sc="240,136,250,0,250,0,240,-116" /><INIT seed="0,1,0,0,1,20" ten="376,250,250,124" oya="0" hai0="110,93,95,63,25,19,66,112,84,132,102,72,23" hai1="45,81,30,24,96,86,1,128,97,106,18,99,43" hai2="131,47,17,74,104,22,59,35,39,32,133,122,117" hai3="118,41,51,134,88,15,65,77,21,9,29,34,13"/><T26/><D112/><U36/><E128/><V10/><F122/><W64/><G118/><T121/><D121/><U126/><E126/><V113/><F113/><W85/><G77/><T50/><D72/><U75/><E75/><V119/><F74/><W87/><G87/><T3/><D3/><U135/><E135/><V82/><F104/><W8/><G34/><T16/><D132/><U62/><E1/><V52/><F133/><W130/><G130/><T116/><D116/><N who="2" m="44618" /><F82/><W6/><G134/><T90/><D50/><U73/><E73/><V53/><F10/><W83/><G41/><T125/><D110/><U40/><E40/><N who="2" m="22943" /><F131/><W108/><G51/><T67/><D125/><U55/><E106/><V42/><F42/><W46/><G46/><T98/><D63/><U105/><E105/><V44/><F44/><W120/><G108/><T100/><D100/><U107/><E107/><V61/><F53/><W5/><G120/><T38/><D38/><U60/><E55/><V111/><F111/><W33/><REACH who="3" step="1"/><G33/><REACH who="3" ten="376,250,250,114" step="2"/><T28/><D19/><U56/><E18/><V69/><F69/><W91/><G91/><T124/><D124/><U68/><E68/><V76/><F76/><W54/><G54/><T70/><D70/><U58/><E58/><V92/><F17/><W71/><G71/><T49/><D49/><U114/><E56/><V89/><F59/><W57/><G57/><T37/><D37/><U48/><E36/><V101/><F52/><W79/><G79/><T7/><D90/><N who="1" m="51535" /><E114/><V11/><F89/><W109/><G109/><T0/><D84/><U4/><E43/><RYUUKYOKU ba="1,1" sc="376,-10,250,-10,250,-10,114,30" hai3="5,6,8,9,13,15,21,29,64,65,83,85,88" /><INIT seed="1,2,1,4,3,98" ten="366,240,240,144" oya="1" hai0="126,109,61,5,55,130,124,122,38,105,113,128,49" hai1="115,107,31,12,15,42,0,108,123,104,118,10,92" hai2="9,74,14,13,32,120,11,37,58,121,54,106,36" hai3="19,29,53,40,71,134,90,93,99,28,33,75,119"/><U73/><E115/><V48/><F32/><W127/><G134/><T56/><D113/><U102/><E118/><V78/><F106/><W22/><G119/><T76/><D105/><U95/><E73/><V35/><F35/><W18/><G127/><N who="0" m="48683" /><D76/><U65/><E65/><V26/><F26/><W24/><G71/><T27/><D109/><U66/><E66/><V85/><F74/><W47/><G75/><T44/><D122/><U39/><E31/><V96/><F120/><W52/><G29/><T94/><D5/><U64/><E64/><V117/><F117/><W116/><G116/><T125/><D125/><U80/><E80/><V132/><F132/><W57/><G57/><T62/><D94/><U69/><E69/><V8/><F121/><W20/><G33/><T100/><D100/><U129/><E123/><V84/><F96/><W67/><G67/><T63/><D27/><U68/><E68/><V97/><F97/><W46/><G46/><T87/><D87/><N who="2" m="33354" /><F78/><W3/><G3/><T34/><D34/><U59/><E107/><V50/><F36/><W88/><G90/><T131/><D38/><U51/><E39/><V89/><F37/><W114/><G114/><T45/><AGARI ba="2,1" hai="44,45,49,55,56,61,62,63,128,130,131" m="48683" machi="45" ten="40,8000,1" yaku="19,1,18,1,34,2" doraHai="98" who="0" fromWho="0" sc="366,96,240,-42,240,-22,144,-22" /><INIT seed="2,0,0,1,0,130" ten="462,198,218,122" oya="2" hai0="1,129,9,68,118,57,132,54,75,113,104,63,110" hai1="62,14,25,11,117,35,22,94,45,60,24,98,50" hai2="7,106,80,43,91,74,40,102,112,55,86,12,19" hai3="66,5,61,59,39,30,16,125,53,87,77,70,120"/><V109/><F112/><W0/><G125/><T37/><D54/><U2/><E2/><V34/><F34/><W20/><G120/><T69/><D57/><U84/><E84/><V116/><F116/><W92/><G39/><T135/><D63/><U21/><E35/><V79/><F7/><W111/><G111/><T52/><D52/><N who="1" m="29775" /><E21/><V81/><F109/><W119/><G119/><T42/><D68/><U6/><E117/><V44/><F102/><W134/><G30/><T89/><D42/><U29/><E24/><V72/><F106/><W131/><G131/><T67/><D67/><U31/><E29/><V83/><F83/><W58/><G134/><T114/><D89/><AGARI ba="0,0" hai="6,11,14,22,25,31,60,62,89,94,98" m="29775" machi="89" ten="30,2000,0" yaku="8,1,54,1" doraHai="130" who="1" fromWho="0" sc="462,-20,198,20,218,0,122,0" /><INIT seed="3,0,0,1,0,98" ten="442,218,218,122" oya="3" hai0="29,90,95,112,47,24,35,60,83,67,4,109,108" hai1="73,76,0,97,82,96,41,92,39,55,89,65,13" hai2="31,133,40,52,6,3,22,88,99,68,103,32,2" hai3="127,101,81,11,59,87,75,56,85,80,104,58,102"/><W63/><G75/><T94/><D112/><U78/><E65/><V48/><F68/><W53/><G127/><T71/><D4/><U61/><E76/><V126/><F32/><W5/><G104/><T91/><D47/><U38/><E0/><V84/><F126/><W14/><G58/><T93/><D83/><N who="3" m="31817" /><G59/><T111/><AGARI ba="0,0" hai="24,29,35,60,67,71,90,91,93,94,95,108,109,111" machi="111" ten="40,2700,0" yaku="0,1,14,1" doraHai="98" who="0" fromWho="0" sc="442,27,218,-7,218,-7,122,-13" owari="469,56.9,211,1.1,211,-18.9,109,-39.1" /></mjloggm>