<mjloggm ver="2.3"><GO type="225" lobby="0"/><UN n0="%E6%B8%A9%E2%98%85%E6%83%85%E2%98%85%E6%8E%AA%E2%98%85%E7%BD%AE" n1="%E5%86%B7%E5%87%8D%E3%82%AE%E3%83%A7%E3%83%BC%E3%82%B6" n2="%E5%8D%A0%E3%81%84%E5%B8%AB%E8%A3%8F%E3%81%AA%E3%81%84%E3%81%97" n3="%45%6C%79%73%69%75%6D" dan="17,16,16,17" rate="2192.03,2162.42,2130.72,2127.47" sx="M,M,M,F"/><TAIKYOKU oya="0"/><INIT seed="0,0,0,4,0,58" ten="250,250,250,250" oya="0" hai0="20,19,91,35,105,129,66,62,10,21,49,114,86" hai1="15,83,69,117,28,60,68,6,39,31,131,25,108" hai2="70,33,93,125,65,124,37,47,5,82,40,0,4" hai3="95,61,103,1,78,32,135,48,30,42,122,128,121"/><T63/><D114/><U90/><E117/><V123/><F123/><N who="3" m="47115" /><G128/><T14/><D35/><U75/><E131/><V3/><F93/><W113/><G113/><T101/><D129/><U118/><E118/><V57/><F57/><W52/><G1/><N who="2" m="585" /><F82/><W41/><G135/><T55/><D101/><U11/><E108/><V53/><F53/><W2/><G2/><T104/><D104/><U71/><E39/><V97/><F97/><N who="3" m="59839" /><G78/><T92/><D105/><U38/><E38/><V100/><F100/><W73/><G73/><T43/><D43/><U13/><E13/><V94/><F94/><W98/><G98/><T85/><D85/><U120/><E120/><V27/><F4/><W72/><G72/><T126/><D126/><U51/><E51/><V8/><F8/><W45/><G61/><N who="0" m="23051" /><D66/><U111/><E111/><V87/><F87/><W26/><AGARI ba="0,0" hai="26,30,32,41,42,45,48,52" m="59839,47115" machi="26" ten="30,2000,0" yaku="13,1,54,1" doraHai="58" who="3" fromWho="3" sc="250,-10,250,-5,250,-5,250,20" /><INIT seed="1,0,0,4,4,14" ten="240,245,245,270" oya="1" hai0="29,34,68,10,24,116,124,118,80,1,64,20,97" hai1="94,96,78,106,6,89,35,130,48,67,30,71,60" hai2="5,40,108,37,56,113,82,4,65,23,120,121,33" hai3="55,84,122,39,133,93,36,117,13,123,2,38,91"/><U107/><E130/><V128/><F33/><W102/><G2/><T109/><D109/><U0/><E78/><V104/><F108/><W11/><G133/><T47/><D124/><U50/><E0/><V112/><F128/><W12/><G117/><T81/><D47/><U100/><E6/><V19/><F104/><W74/><G74/><T111/><D111/><U75/><E75/><V83/><F40/><W17/><G102/><T126/><D126/><U25/><REACH who="1" step="1"/><E107/><REACH who="1" ten="240,235,245,270" step="2"/><V134/><F4/><W79/><G79/><T88/><D1/><U103/><E103/><V42/><F5/><W44/><G122/><T76/><D76/><U72/><E72/><V41/><F120/><W101/><G123/><T63/><D118/><U73/><E73/><V86/><F121/><W92/><G101/><T98/><D116/><U95/><E95/><V61/><F113/><W127/><G127/><T31/><D81/><U45/><E45/><V16/><F112/><W115/><G115/><T58/><D80/><U21/><E21/><V53/><F83/><W110/><G110/><T15/><D88/><U49/><E49/><V28/><F134/><W32/><G32/><T135/><D135/><U70/><E70/><V77/><F37/><W18/><G93/><T7/><D68/><U62/><E62/><V54/><F41/><W87/><G36/><T119/><D119/><U22/><E22/><V51/><F42/><W59/><G44/><T43/><D43/><U8/><E8/><V66/><F51/><N who="3" m="31231" /><G84/><AGARI ba="0,1" hai="25,30,35,48,50,60,67,71,84,89,94,96,100,106" machi="84" ten="30,11600,0" yaku="1,1,7,1,25,2,53,0" doraHai="14" doraHaiUra="105" who="1" fromWho="3" sc="240,0,235,126,245,0,270,-116" /><INIT seed="1,1,0,2,2,95" ten="240,361,245,154" oya="1" hai0="119,2,34,6,21,25,67,106,82,51,53,86,71" hai1="118,69,15,20,63,81,122,111,103,27,72,87,123" hai2="99,101,79,9,5,43,64,38,44,62,11,50,4" hai3="110,74,124,24,93,132,47,117,128,66,131,125,36"/><U28/><E118/><V60/><F38/><W80/><G117/><T31/><D106/><U115/><E115/><V70/><F79/><N who="3" m="44151" /><G66/><T55/><D119/><U73/><E111/><V61/><F9/><W83/><G110/><T78/><D34/><U12/><E103/><V109/><F109/><W52/><G24/><T37/><D37/><U108/><E108/><V7/><REACH who="2" step="1"/><F11/><REACH who="2" ten="240,361,235,154" step="2"/><W0/><G0/><T33/><D2/><U94/><E122/><V116/><F116/><W59/><G83/><T91/><D82/><U19/><E123/><V133/><F133/><W68/><G132/><T121/><D78/><U57/><E81/><V54/><F54/><W13/><G36/><T76/><D55/><U90/><E73/><V112/><F112/><W134/><G134/><T58/><D76/><U1/><E72/><V23/><F23/><W14/><G124/><T129/><D21/><U114/><E114/><V102/><F102/><W89/><G125/><T26/><D121/><U105/><E1/><V98/><F98/><N who="3" m="57647" /><G47/><T3/><D3/><U42/><E42/><V17/><F17/><W40/><G40/><T29/><D53/><U88/><E90/><V113/><F113/><W130/><G68/><T104/><D71/><U107/><E69/><V85/><F85/><W22/><G22/><T8/><D86/><U48/><E12/><V84/><F84/><W30/><G30/><T16/><D29/><U127/><E127/><V45/><F45/><W126/><G126/><T92/><D31/><U65/><E48/><AGARI ba="1,1" hai="13,14,48,52,59,128,130,131" m="57647,44151" machi="48" ten="30,3900,0" yaku="19,1,52,1,54,1" doraHai="95" who="3" fromWho="1" sc="240,0,361,-42,235,0,154,52" /><INIT seed="2,0,0,3,4,88" ten="240,319,235,206" oya="2" hai0="82,64,131,4,26,95,92,44,133,46,132,65,134" hai1="89,127,115,10,85,54,119,98,34,53,22,101,1" hai2="51,78,86,45,58,27,67,81,20,33,69,84,50" hai3="126,16,62,37,108,14,8,24,96,31,129,48,61"/><V23/><F69/><W28/><G37/><T55/><D131/><U21/><E34/><V56/><F33/><W76/><G129/><T52/><D4/><U11/><E115/><V70/><F70/><W93/><G108/><T5/><D5/><U13/><E1/><V121/><F121/><W79/><G126/><T18/><D82/><U59/><E119/><V17/><F67/><N who="0" m="25674" /><D18/><U90/><E89/><V112/><F112/><W42/><G48/><N who="0" m="28679" /><D26/><U57/><E127/><V99/><F99/><W123/><G42/><T114/><D114/><U35/><E35/><V118/><F118/><W80/><G123/><T49/><AGARI ba="0,0" hai="46,49,55,92,95,132,133,134" m="28679,25674" machi="49" ten="40,8000,1" yaku="20,1,52,2,54,1" doraHai="88" who="0" fromWho="0" sc="240,80,319,-20,235,-40,206,-20" /><INIT seed="3,0,0,3,3,57" ten="320,299,195,186" oya="3" hai0="32,22,98,107,30,102,55,81,3,18,112,132,120" hai1="37,86,78,64,124,121,25,77,72,27,36,2,51" hai2="115,1,47,99,133,101,60,13,15,63,93,45,69" hai3="92,85,38,61,79,20,41,54,8,4,113,28,23"/><W76/><G113/><T119/><D120/><U58/><E72/><V73/><F115/><W111/><G111/><T19/><D112/><U34/><E121/><V122/><F73/><W109/><G109/><T12/><D119/><U52/><E124/><V135/><F1/><W70/><G38/><T33/><D3/><U6/><E64/><N who="2" m="41095" /><F122/><W82/><G41/><T128/><D132/><N who="2" m="50762" /><F63/><W95/><G76/><T75/><D30/><U46/><E77/><V116/><F116/><W125/><G125/><T131/><D55/><U7/><E2/><V94/><F94/><N who="3" m="35883" /><G28/><T117/><D117/><U11/><E34/><V108/><F108/><W16/><G70/><T110/><D110/><U106/><E106/><V31/><F31/><W129/><G4/><T97/><D97/><U83/><E6/><V48/><F45/><W62/><G129/><N who="0" m="49739" /><D19/><U0/><E37/><V42/><AGARI ba="0,0" hai="13,15,42,47,48,93,99,101" m="50762,41095" machi="42" ten="30,2000,0" yaku="20,1,52,1" doraHai="57" who="2" fromWho="2" sc="320,-5,299,-5,195,20,186,-10" owari="315,41.5,294,9.4,215,-18.5,176,-32.4" /></mjloggm>