<mjloggm ver="2.3"><GO type="225" lobby="0"/><UN n0="%E7%A7%8B%E6%9C%88%E7%9C%9F%E7%90%86%E4%BA%9E" n1="%E7%9C%89%E6%9C%AC%E6%A5%A0%E5%90%BE" n2="%6D%75%75%6D%75%72%61" n3="%38%38%32%33%34%36%37" dan="16,16,17,16" rate="2109.82,2048.77,2139.67,2077.92" sx="F,M,F,M"/><TAIKYOKU oya="0"/><INIT seed="0,0,0,0,1,107" ten="250,250,250,250" oya="0" hai0="96,114,42,113,120,11,15,127,119,39,123,121,81" hai1="57,33,132,29,83,14,69,126,53,105,48,89,4" hai2="106,61,13,125,111,99,47,43,46,65,134,104,36" hai3="133,67,74,34,135,22,103,20,93,84,102,35,60"/><T5/><D119/><U62/><E105/><V91/><F111/><W90/><G74/><T109/><D127/><U3/><E126/><V73/><F125/><W128/><G128/><T98/><D109/><U2/><E132/><N who="3" m="50762" /><G22/><T30/><D30/><U108/><E108/><V9/><F134/><W0/><G0/><N who="1" m="42" /><E69/><V117/><F117/><W115/><G115/><T72/><D42/><U76/><E89/><V116/><F116/><W130/><G130/><T75/><D39/><U50/><E14/><V7/><F46/><W27/><G103/><T112/><REACH who="0" step="1"/><D81/><REACH who="0" ten="240,250,250,250" step="2"/><U21/><E29/><V10/><F43/><W71/><G102/><T110/><D110/><U88/><E83/><V24/><F36/><W58/><G71/><T129/><D129/><U124/><E124/><V40/><F40/><W44/><G44/><T55/><D55/><U26/><E53/><V87/><F47/><W80/><G80/><T37/><D37/><U82/><E82/><V66/><F66/><W32/><G34/><T45/><D45/><U85/><E33/><V16/><F65/><W56/><G56/><T1/><D1/><U70/><E57/><V92/><F106/><W28/><AGARI ba="0,1" hai="20,27,28,32,35,58,60,67,84,90,93" m="50762" machi="28" ten="30,1100,0" yaku="20,1" doraHai="107" who="3" fromWho="3" sc="240,-5,250,-3,250,-3,250,21" /><INIT seed="1,0,0,2,1,38" ten="235,247,247,271" oya="1" hai0="63,89,66,0,58,107,2,122,109,7,12,123,75" hai1="20,118,39,87,88,104,126,91,59,17,32,98,61" hai2="5,60,49,54,25,19,93,48,86,22,31,69,33" hai3="112,92,29,131,6,102,120,95,56,55,74,135,84"/><U43/><E118/><V124/><F124/><W110/><G120/><N who="0" m="46123" /><D107/><U68/><E32/><V52/><F5/><W51/><G112/><T81/><D109/><U14/><E68/><V40/><F69/><W72/><G110/><T36/><D36/><U42/><E126/><V125/><F125/><W70/><G70/><T121/><N who="0" m="46131" /><T11/><DORA hai="28" /><D89/><U3/><E3/><N who="0" m="1065" /><D81/><N who="1" m="49263" /><E104/><V130/><F130/><W64/><G135/><T94/><D94/><N who="1" m="56671" /><E39/><V67/><F93/><W99/><G6/><T62/><D62/><U133/><E133/><V85/><F60/><W83/><G29/><T13/><D13/><U101/><E101/><V35/><F31/><W16/><G64/><AGARI ba="0,0" hai="14,17,20,42,43,59,61,64" m="56671,49263" machi="64" ten="30,11600,0" yaku="8,1,52,2,54,1" doraHai="38,28" who="1" fromWho="3" sc="235,0,247,116,247,0,271,-116" /><INIT seed="1,1,0,4,4,81" ten="235,363,247,155" oya="1" hai0="49,125,90,62,63,91,131,48,7,29,18,57,1" hai1="11,16,78,87,92,111,72,135,25,119,33,40,67" hai2="26,95,39,13,73,85,37,116,102,59,4,3,31" hai3="82,71,28,55,134,104,52,24,77,128,34,130,100"/><U107/><E119/><V106/><F3/><W101/><G134/><T94/><D131/><U83/><E135/><V0/><F73/><W47/><G71/><T126/><D29/><U45/><E111/><V74/><F0/><W9/><G9/><T44/><D18/><U58/><E107/><V98/><F74/><W124/><G124/><N who="0" m="47723" /><D7/><U132/><E132/><V79/><F116/><W75/><G104/><T5/><D5/><U88/><E33/><V35/><F59/><W10/><G10/><T30/><D30/><U103/><E103/><V127/><F127/><W117/><G117/><T38/><D1/><U64/><E58/><V122/><F122/><W69/><G69/><T86/><D91/><U50/><REACH who="1" step="1"/><E11/><REACH who="1" ten="235,353,247,155" step="2"/><V41/><F102/><W110/><G110/><T43/><D63/><U129/><E129/><V17/><F106/><W118/><G118/><T19/><D19/><U6/><E6/><V108/><F4/><W20/><G128/><T56/><D57/><U32/><E32/><V96/><F108/><W114/><G130/><T51/><D62/><U36/><E36/><V76/><F37/><W68/><G34/><T46/><D56/><U80/><E80/><V61/><F61/><W65/><G101/><T89/><D46/><U66/><E66/><V42/><F39/><W121/><G100/><T15/><D38/><U97/><E97/><V115/><F96/><W21/><G65/><T27/><D44/><U112/><E112/><V53/><F98/><W133/><G68/><T113/><D113/><U12/><E12/><V70/><F115/><W8/><G114/><RYUUKYOKU ba="1,1" sc="235,-10,353,30,247,-10,155,-10" hai1="16,25,40,45,50,64,67,72,78,83,87,88,92" /><INIT seed="1,2,1,4,3,91" ten="225,383,237,145" oya="1" hai0="117,134,83,49,118,36,17,106,115,96,128,94,21" hai1="16,8,52,29,97,98,120,119,88,32,46,81,93" hai2="107,48,24,56,112,44,72,64,39,30,89,95,62" hai3="77,82,108,60,67,11,68,76,35,116,74,102,104"/><U5/><E120/><V3/><F107/><W42/><G108/><T10/><D115/><U45/><E119/><V19/><F112/><W31/><G116/><T53/><D36/><U131/><E131/><V13/><F39/><W123/><G123/><T14/><D106/><U20/><E29/><V6/><F72/><W28/><G28/><T130/><D134/><U40/><E32/><V33/><F3/><W113/><G113/><T66/><D66/><U86/><E98/><V124/><F6/><W111/><G11/><T79/><D10/><U71/><E71/><V38/><F38/><W114/><G42/><T100/><D130/><U126/><E126/><V80/><F80/><W12/><G12/><T59/><REACH who="0" step="1"/><D128/><REACH who="0" ten="215,383,237,145" step="2"/><U122/><E122/><V129/><F129/><W0/><G114/><T2/><D2/><U127/><E127/><V55/><F124/><W109/><G0/><T23/><D23/><U70/><E70/><V132/><F132/><W27/><REACH who="3" step="1"/><G77/><REACH who="3" ten="215,383,237,135" step="2"/><T9/><D9/><U135/><E135/><V110/><F110/><W41/><G41/><T22/><D22/><U133/><E133/><V61/><F33/><W47/><G47/><T15/><D15/><N who="1" m="5519" /><E40/><V103/><F13/><W99/><AGARI ba="2,3" hai="27,31,35,60,67,68,74,76,82,99,102,104,109,111" machi="99" ten="30,12000,2" yaku="1,1,0,1,25,2,23,2,53,0" doraHai="91" doraHaiUra="4" who="3" fromWho="3" sc="215,-32,383,-62,237,-32,135,156" /><INIT seed="2,0,0,3,1,6" ten="183,321,205,291" oya="2" hai0="58,102,93,30,8,84,92,54,32,39,97,117,38" hai1="46,48,10,26,120,22,91,2,27,61,79,19,116" hai2="44,132,65,25,134,77,69,89,105,64,104,75,135" hai3="7,118,34,57,127,35,76,50,14,130,66,108,82"/><V56/><F69/><W90/><G118/><T3/><D117/><U109/><E109/><V4/><F44/><W73/><G108/><T129/><D129/><U103/><E116/><V88/><F25/><W123/><G123/><T83/><D92/><U28/><E79/><V45/><F45/><W80/><G127/><T15/><D3/><U53/><E103/><V78/><F4/><W0/><G0/><T72/><D72/><U122/><E61/><N who="2" m="37927" /><F65/><W18/><G7/><N who="0" m="3487" /><D32/><U131/><E131/><V16/><F16/><W63/><G130/><T99/><D39/><U100/><E100/><V67/><F67/><W41/><G41/><T60/><D38/><U11/><E2/><V128/><F128/><W113/><G50/><T111/><D111/><U70/><E70/><V59/><F59/><W114/><G82/><T94/><D30/><U85/><E122/><V5/><F5/><W86/><G114/><T121/><D121/><U112/><E112/><V29/><F29/><W95/><REACH who="3" step="1"/><G113/><REACH who="3" ten="183,321,205,281" step="2"/><T36/><D36/><U21/><E120/><V9/><F135/><W81/><G81/><AGARI ba="0,1" hai="10,11,19,21,22,26,27,28,46,48,53,81,85,91" machi="81" ten="30,7700,0" yaku="7,1,8,1,52,2" doraHai="6" who="1" fromWho="3" sc="183,0,321,87,205,0,281,-77" /><INIT seed="3,0,0,3,1,62" ten="183,408,205,204" oya="3" hai0="65,97,84,103,32,12,29,10,72,128,21,66,108" hai1="88,14,109,89,8,28,81,27,61,48,45,54,121" hai2="116,41,117,98,83,73,85,113,126,15,118,110,53" hai3="56,134,102,131,20,59,132,70,87,93,77,16,120"/><W46/><G120/><T80/><D72/><U34/><E109/><V52/><F110/><W36/><G70/><T31/><D32/><U22/><E121/><V40/><F113/><W133/><G131/><T75/><D75/><U38/><E38/><V9/><F73/><W2/><G2/><T94/><D108/><U92/><E61/><V99/><F126/><W101/><G77/><N who="0" m="46095" /><D128/><U124/><E124/><V6/><F40/><N who="3" m="22791" /><G87/><T68/><D68/><U11/><E34/><V44/><F99/><N who="3" m="59631" /><G102/><T100/><D100/><U104/><E104/><V57/><F98/><W119/><G119/><T127/><D127/><U111/><E111/><V135/><F85/><W74/><G74/><T112/><D112/><U125/><E125/><V35/><F35/><W25/><AGARI ba="0,0" hai="16,20,25,56,59,132,133,134" m="59631,22791" machi="25" ten="30,3000,0" yaku="20,1,54,1" doraHai="62" who="3" fromWho="3" sc="183,-10,408,-10,205,-10,204,30" /><INIT seed="3,1,0,4,4,56" ten="173,398,195,234" oya="3" hai0="81,115,24,114,70,63,90,8,57,36,28,119,124" hai1="59,25,39,112,6,0,46,77,45,93,3,80,60" hai2="102,64,19,1,105,127,11,22,61,84,32,78,48" hai3="41,44,55,51,10,117,101,116,108,128,97,107,35"/><W7/><G128/><T130/><D130/><U99/><E112/><N who="0" m="43049" /><D119/><U123/><E123/><V26/><F127/><W86/><G35/><N who="0" m="20871" /><D124/><U31/><E39/><V73/><F32/><W103/><G103/><T118/><D118/><U52/><E3/><V34/><F34/><W4/><G4/><T40/><D8/><U21/><E0/><V106/><F73/><W53/><G86/><N who="0" m="50511" /><D70/><U62/><E62/><V129/><F129/><W14/><G108/><T85/><D85/><N who="1" m="48271" /><E6/><V20/><F84/><W9/><G9/><T75/><D75/><U126/><E126/><V110/><F110/><W76/><G76/><T100/><D100/><AGARI ba="1,0" hai="21,25,31,45,46,52,59,60,93,99,100" m="48271" machi="100" ten="30,3900,0" yaku="8,1,52,1,54,1" doraHai="56" who="1" fromWho="0" sc="173,-42,398,42,195,0,234,0" owari="131,-36.9,440,54.0,195,-20.5,234,3.4" /></mjloggm>