<mjloggm ver="2.3"><GO type="225" lobby="0"/><UN n0="%6D%75%75%6D%75%72%61" n1="%E3%81%BF%E3%81%BF%E3%81%9A" n2="%E3%83%97%E3%83%AC%E3%83%B4%E3%82%A1%E3%83%86%E3%82%A3" n3="%E3%82%B2%E3%82%B9%E8%8C%82%E5%8B%9D" dan="16,16,16,16" rate="2073.17,2176.84,2128.95,2094.98" sx="F,M,F,F"/><TAIKYOKU oya="0"/><INIT seed="0,0,0,3,4,48" ten="250,250,250,250" oya="0" hai0="7,110,75,47,86,23,79,43,92,130,45,22,134" hai1="71,6,30,131,42,28,14,54,9,8,57,72,76" hai2="123,52,2,10,31,85,126,16,27,129,94,113,17" hai3="96,3,111,35,106,81,78,132,19,60,38,63,99"/><T122/><D122/><U105/><E71/><V11/><F123/><W124/><G111/><T100/><D130/><U109/><E109/><V0/><F113/><W116/><G116/><T5/><D110/><U32/><E131/><V73/><F129/><W25/><G38/><T26/><D134/><U39/><E105/><V46/><F73/><W104/><G3/><T118/><D75/><U121/><E121/><V127/><F0/><W66/><G60/><T98/><D118/><U41/><E8/><N who="2" m="3115" /><F2/><W80/><G132/><T69/><D69/><U4/><E6/><V74/><F74/><W133/><G133/><T67/><D67/><U53/><E32/><V119/><F119/><W37/><G37/><T61/><D61/><U114/><E114/><V87/><F31/><N who="1" m="11817" /><E39/><V21/><F17/><W117/><G35/><T20/><D26/><U128/><E72/><V91/><F126/><W34/><G124/><T51/><REACH who="0" step="1"/><D45/><REACH who="0" ten="240,250,250,250" step="2"/><U97/><E128/><V50/><F127/><W36/><G117/><T44/><D44/><U95/><E57/><V108/><F108/><W107/><G63/><T103/><D103/><N who="1" m="60863" /><E76/><V102/><F102/><W120/><G78/><T64/><D64/><U40/><AGARI ba="0,1" hai="4,9,14,40,41,42,53,54" m="60863,11817" machi="40" ten="30,4000,0" yaku="8,1,52,2" doraHai="48" who="1" fromWho="1" sc="240,-20,250,50,250,-10,250,-10" /><INIT seed="1,0,0,5,0,99" ten="220,300,240,240" oya="1" hai0="61,115,87,125,59,111,75,69,14,98,68,24,37" hai1="66,28,117,42,30,1,109,126,0,84,132,70,51" hai2="6,50,120,90,3,86,39,32,27,122,9,133,101" hai3="79,43,26,8,34,74,13,7,29,57,104,134,108"/><U12/><E117/><V15/><F39/><W78/><G108/><T72/><D115/><U94/><E109/><V60/><F133/><W80/><G134/><T95/><D111/><U76/><E132/><V46/><F60/><W119/><G119/><T21/><D37/><U92/><E126/><V17/><F101/><W56/><G104/><T124/><D87/><U113/><E113/><V77/><F77/><W83/><REACH who="3" step="1"/><G43/><REACH who="3" ten="220,300,240,230" step="2"/><T129/><D124/><U82/><E42/><V19/><F122/><W131/><G131/><T16/><D125/><U128/><E128/><V88/><F120/><W97/><G97/><T63/><D129/><U53/><E0/><V91/><F3/><W54/><G54/><T116/><D116/><U40/><E1/><V67/><F67/><W49/><G49/><T114/><D114/><U102/><E40/><N who="2" m="24903" /><F32/><W4/><G4/><T85/><D98/><U110/><E110/><V93/><F6/><W130/><G130/><T44/><D63/><U11/><E51/><V45/><F45/><W18/><G18/><T103/><D44/><U31/><E53/><V20/><AGARI ba="0,1" hai="9,15,17,19,20,27,86,88,90,91,93" m="24903" machi="20" ten="30,2000,0" yaku="8,1,54,1" doraHai="99" who="2" fromWho="2" sc="220,-5,300,-10,240,30,230,-5" /><INIT seed="2,0,0,1,2,18" ten="215,290,270,225" oya="2" hai0="46,132,24,36,76,72,26,35,74,19,44,59,34" hai1="23,106,53,60,54,128,99,63,94,115,130,118,29" hai2="55,25,113,21,17,38,65,30,89,67,12,126,11" hai3="96,81,37,5,40,73,116,58,48,13,4,31,108"/><V135/><F38/><W75/><G116/><T97/><D132/><U66/><E106/><V112/><F135/><W10/><G108/><T15/><D59/><N who="1" m="37151" /><E115/><V82/><F126/><W90/><G4/><T133/><D133/><U68/><E118/><V103/><F113/><W98/><G31/><T61/><D61/><U43/><E43/><V22/><F112/><W1/><G13/><T50/><D36/><U41/><E41/><V2/><F103/><W110/><G110/><T7/><D7/><U52/><E68/><V100/><F100/><W129/><G129/><N who="1" m="49770" /><E63/><V105/><F105/><W16/><G73/><T85/><D74/><U119/><E119/><V56/><F2/><W39/><G37/><T70/><D70/><U57/><E57/><V134/><F134/><W80/><G39/><T127/><D72/><U124/><E124/><V101/><F101/><W92/><G40/><T77/><D127/><U102/><E54/><V49/><F11/><N who="3" m="2479" /><G75/><T93/><D50/><U33/><E33/><V32/><F32/><W8/><G58/><T104/><D35/><U117/><E117/><V9/><F9/><W47/><G8/><T123/><D34/><U131/><E131/><V79/><F79/><W86/><G47/><N who="0" m="17963" /><D104/><U0/><E0/><V27/><F27/><AGARI ba="0,0" hai="23,27,29,52,53,94,99,102" m="49770,37151" machi="27" ten="30,7700,0" yaku="25,1,19,1,52,1,54,1" doraHai="18" who="1" fromWho="2" sc="215,0,290,77,270,-77,225,0" /><INIT seed="3,0,0,4,5,22" ten="215,367,193,225" oya="3" hai0="68,82,108,11,18,55,131,89,96,47,50,52,91" hai1="133,99,35,21,7,71,38,75,51,134,121,1,95" hai2="101,77,26,40,132,20,98,126,48,122,67,17,41" hai3="81,80,39,15,103,105,37,13,135,123,8,76,72"/><W74/><G123/><T29/><D68/><U120/><E38/><V78/><F122/><W62/><G135/><N who="1" m="51722" /><E35/><V14/><F132/><W113/><G113/><T28/><D108/><U112/><E112/><V16/><F126/><W33/><G33/><T57/><D131/><U59/><E71/><V49/><F67/><W86/><G62/><N who="0" m="36159" /><D82/><U27/><E75/><V3/><F3/><W32/><G32/><T34/><D34/><U106/><E106/><V79/><F41/><W2/><G15/><N who="0" m="7551" /><D96/><U69/><E69/><V36/><F36/><W24/><G24/><T97/><D97/><U83/><E83/><V64/><F64/><W115/><G115/><T92/><D92/><U119/><E51/><V127/><F127/><W9/><G2/><T118/><D118/><U117/><E59/><V54/><F40/><W0/><G0/><T94/><D94/><U66/><E66/><V31/><F14/><W45/><G13/><T63/><D63/><U93/><E93/><N who="2" m="58575" /><F48/><W109/><G109/><T130/><D130/><U65/><E65/><V30/><F30/><AGARI ba="0,0" hai="28,29,30,47,50,52,89,91" m="7551,36159" machi="30" ten="30,2000,0" yaku="8,1,54,1" doraHai="22" who="0" fromWho="2" sc="215,20,367,0,193,-20,225,0" owari="235,3.5,367,46.7,173,-32.7,225,-17.5" /></mjloggm>