<mjloggm ver="2.3"><GO type="225" lobby="0"/><UN n0="%E3%81%99%E3%81%84%E3%81%BE%E3%81%9B%E3%83%BC%E3%82%93" n1="%E3%81%8A%E3%81%8B%E3%81%8F%E3%82%89" n2="%E9%B3%B3%E6%9D%B1%E3%81%AE%E3%81%86%E3%81%95%E3%81%8E%E3%81%95%E3%82%93" n3="%E3%81%95%E3%81%8D%E3%81%9F%E3%81%BE%E6%9E%97%E6%AA%8E" dan="16,17,16,16" rate="2121.18,2109.75,2116.44,2112.22" sx="M,M,M,M"/><TAIKYOKU oya="0"/><INIT seed="0,0,0,4,5,60" ten="250,250,250,250" oya="0" hai0="110,121,117,1,9,130,59,51,98,31,94,86,38" hai1="125,65,46,8,103,28,135,84,106,54,40,10,26" hai2="22,76,15,14,18,32,104,52,132,81,91,83,24" hai3="92,37,113,82,13,87,41,124,75,127,29,133,50"/><T90/><D117/><U100/><E135/><V4/><F132/><W88/><G133/><T108/><D121/><U57/><E125/><N who="3" m="48202" /><G37/><T53/><D130/><U72/><E72/><V101/><F104/><W69/><G69/><T7/><D38/><U123/><E123/><V119/><F119/><W35/><G113/><T23/><D31/><U67/><E84/><V71/><F71/><W0/><G0/><T78/><D23/><N who="1" m="15455" /><E46/><V27/><F101/><N who="1" m="38985" /><E40/><V44/><F91/><W93/><G75/><T134/><D134/><U126/><E106/><V62/><F32/><W39/><G39/><T17/><D17/><U105/><E105/><V64/><F81/><W68/><G68/><T107/><D107/><U66/><E126/><V58/><F83/><W80/><G80/><T20/><D20/><U43/><E43/><V56/><F44/><N who="3" m="25871" /><G13/><T21/><D21/><U131/><E131/><V109/><F76/><W11/><G11/><T34/><D34/><U77/><E77/><V45/><F45/><W120/><G120/><T115/><D115/><U118/><E118/><V5/><F15/><W116/><G116/><T73/><D73/><U102/><E102/><V3/><F3/><W122/><G122/><T114/><D114/><U96/><E96/><V61/><F109/><N who="0" m="42090" /><D78/><U25/><E25/><AGARI ba="0,0" hai="4,5,14,18,22,24,25,27,52,56,58,61,62,64" machi="25" ten="40,5200,0" yaku="8,1,52,1,54,1" doraHai="60" who="2" fromWho="1" sc="250,0,250,-52,250,52,250,0" /><AGARI ba="0,0" hai="25,29,35,82,87,88,92,93" m="25871,48202" machi="25" ten="30,2000,0" yaku="18,1,54,1" doraHai="60" who="3" fromWho="1" sc="250,0,198,-20,302,0,250,20" /><INIT seed="1,0,0,0,5,101" ten="250,178,302,270" oya="1" hai0="91,99,9,70,71,25,92,26,15,38,67,55,93" hai1="47,11,112,19,22,115,31,4,118,111,24,94,74" hai2="113,129,66,76,53,125,41,64,75,14,102,20,130" hai3="87,96,110,77,121,85,23,36,109,123,103,34,45"/><U10/><E74/><V3/><F3/><W90/><G34/><T48/><D38/><U82/><E118/><V17/><F113/><W18/><G36/><T43/><D43/><U33/><E82/><N who="2" m="45343" /><F41/><W78/><G45/><T114/><D114/><U52/><E94/><V69/><F69/><W44/><G44/><N who="0" m="28039" /><D67/><U50/><E111/><N who="3" m="42506" /><G87/><N who="0" m="52351" /><D70/><U98/><E98/><V81/><F125/><W117/><G117/><T59/><D59/><U89/><E89/><V68/><F68/><W131/><G131/><N who="2" m="50185" /><F102/><W126/><G126/><T65/><D65/><U80/><E80/><V40/><F40/><W108/><G108/><T63/><D71/><U62/><E62/><V135/><F135/><W37/><G37/><T8/><D63/><U2/><REACH who="1" step="1"/><E10/><REACH who="1" ten="250,168,302,270" step="2"/><V7/><F81/><N who="3" m="49455" /><G78/><T134/><D134/><U57/><E57/><V49/><F66/><W1/><G77/><T124/><D124/><U106/><E106/><V104/><F104/><N who="3" m="63591" /><G1/><T133/><D133/><U51/><E51/><V30/><F64/><W88/><G88/><N who="0" m="55719" /><D8/><U28/><E28/><V16/><F30/><W73/><G73/><T95/><D95/><U84/><E84/><V132/><F132/><W39/><G39/><T116/><D116/><U0/><E0/><V46/><F49/><W58/><G58/><T35/><D35/><U61/><E61/><V127/><F127/><W122/><G121/><T107/><D107/><U120/><E120/><V42/><F46/><W54/><G54/><T6/><AGARI ba="0,1" hai="6,9,15,25,26" m="55719,52351,28039" machi="6" ten="30,2000,0" yaku="8,1,54,1" doraHai="101" who="0" fromWho="0" sc="250,30,168,-10,302,-5,270,-5" /><INIT seed="2,0,0,0,4,31" ten="280,158,297,265" oya="2" hai0="3,69,5,19,82,73,28,23,127,20,67,38,111" hai1="117,66,89,22,30,115,119,57,130,97,112,99,53" hai2="36,86,65,94,47,135,49,114,44,10,62,70,39" hai3="33,72,25,11,79,104,105,113,9,91,96,56,26"/><V18/><F114/><W103/><G104/><T14/><D38/><U34/><E66/><V108/><F135/><W13/><G113/><T84/><D73/><U131/><E22/><V88/><F108/><W8/><G91/><T46/><D111/><U120/><E30/><V55/><REACH who="2" step="1"/><F44/><REACH who="2" ten="280,158,287,265" step="2"/><W122/><G122/><T95/><D46/><U93/><E120/><V43/><F43/><W61/><G72/><T106/><D127/><U52/><E57/><V27/><F27/><W74/><G25/><T35/><D69/><U85/><E112/><V37/><F37/><W29/><G13/><AGARI ba="0,1" hai="10,13,18,36,39,47,49,55,62,65,70,86,88,94" machi="13" ten="40,7700,0" yaku="1,1,54,1,53,1" doraHai="31" doraHaiUra="48" who="2" fromWho="3" sc="280,0,158,0,287,87,265,-77" /><INIT seed="2,1,0,2,1,98" ten="280,158,374,188" oya="2" hai0="3,65,59,36,127,79,28,46,99,37,84,124,116" hai1="2,6,100,106,1,80,32,13,17,130,7,29,54" hai2="105,131,56,72,91,87,82,102,31,123,133,24,90" hai3="12,27,47,85,52,104,112,48,135,8,95,51,86"/><V11/><F123/><W71/><G135/><T42/><D3/><U70/><E70/><V15/><F72/><W18/><G104/><T26/><D116/><U55/><E130/><V68/><F68/><W97/><G71/><T121/><D121/><U50/><E55/><V74/><F74/><W44/><G112/><T25/><D37/><U132/><E132/><V125/><F133/><W53/><REACH who="3" step="1"/><G27/><REACH who="3" ten="280,158,374,178" step="2"/><T66/><D25/><U30/><E106/><V93/><F24/><W94/><G94/><T38/><D26/><U114/><E114/><V109/><F93/><W62/><G62/><T101/><D28/><U122/><E122/><V88/><F31/><W63/><G63/><T77/><D127/><U120/><E120/><V78/><F125/><W43/><G43/><T111/><D42/><U118/><E118/><V117/><F117/><W92/><G92/><T0/><D124/><U89/><E29/><V22/><F105/><W103/><AGARI ba="1,1" hai="8,12,18,44,47,48,51,52,53,85,86,95,97,103" machi="103" ten="20,12000,2" yaku="1,1,0,1,7,1,9,1,8,1,52,1,54,1,53,0" doraHai="98" doraHaiUra="33" who="3" fromWho="3" sc="280,-31,158,-31,374,-61,178,133" /><INIT seed="3,0,0,3,3,30" ten="249,127,313,311" oya="3" hai0="103,115,124,116,44,95,52,26,8,40,105,17,129" hai1="5,80,102,86,65,89,60,123,93,133,112,2,38" hai2="35,47,110,28,94,106,15,41,29,73,135,37,97" hai3="34,33,3,42,127,70,125,46,24,31,98,19,4"/><W81/><G70/><T85/><D116/><U21/><E38/><V56/><F73/><W118/><G118/><T43/><D124/><N who="3" m="47689" /><G19/><T10/><D129/><U25/><E133/><V22/><F35/><N who="3" m="20967" /><G98/><T14/><D105/><U53/><E123/><V32/><F32/><W12/><G3/><T78/><D8/><U13/><E112/><V62/><F106/><W27/><G27/><T67/><D67/><U36/><E2/><V120/><F110/><W79/><G12/><T108/><D26/><U104/><E104/><V128/><F128/><W91/><G91/><T117/><D108/><U6/><E36/><V107/><F107/><W101/><G101/><T39/><D103/><U64/><E13/><V83/><F135/><W113/><G4/><T100/><D100/><U130/><E130/><V68/><F68/><W49/><G113/><T84/><D39/><U18/><E5/><V82/><F28/><W77/><G77/><T51/><D117/><U119/><E6/><V11/><F120/><W45/><G46/><T16/><D17/><U50/><E119/><V1/><F1/><W66/><G66/><T134/><D134/><U23/><E23/><V55/><F29/><W76/><G76/><T20/><D20/><U114/><E114/><V57/><F22/><W88/><G88/><N who="0" m="53639" /><D115/><U126/><E126/><V9/><F15/><W59/><G59/><T54/><D54/><U87/><E102/><N who="2" m="60727" /><F56/><W111/><G111/><T71/><D71/><U58/><REACH who="1" step="1"/><E60/><REACH who="1" ten="249,117,313,311" step="2"/><V0/><F0/><W63/><G63/><T132/><D132/><U69/><E69/><V131/><F131/><RYUUKYOKU ba="0,1" sc="249,0,117,0,313,0,311,0" hai0="10,14,16,40,43,44,51,52,78,85" hai1="18,21,25,50,53,58,64,65,80,86,87,89,93" hai2="9,11,37,41,47,55,57,62,82,83" hai3="33,34,42,45,49,79,81" /><INIT seed="3,1,1,0,3,88" ten="249,117,313,311" oya="3" hai0="3,4,79,66,58,33,126,55,9,85,124,102,60" hai1="37,121,96,116,83,135,46,110,75,111,5,67,38" hai2="130,117,17,45,61,77,36,56,6,59,76,1,40" hai3="98,107,15,95,65,0,68,120,89,43,21,69,64"/><W104/><G0/><T10/><D33/><U74/><E5/><V99/><F117/><W131/><G120/><T47/><D102/><U123/><E67/><V14/><F130/><W94/><G43/><T93/><D10/><U92/><E46/><V108/><F108/><W29/><G131/><T11/><D11/><U72/><E83/><V109/><F109/><W24/><G107/><T132/><D132/><U50/><E50/><N who="2" m="26919" /><F1/><W2/><G2/><T100/><D79/><N who="2" m="30282" /><F36/><W20/><G104/><T113/><D113/><U134/><E110/><V127/><F127/><W122/><G122/><T57/><D47/><U8/><E111/><V26/><F99/><N who="3" m="57807" /><G68/><T101/><D101/><U13/><E116/><V63/><F26/><N who="3" m="16583" /><G15/><T128/><D128/><U42/><E123/><V78/><N who="2" m="30290" /><V91/><DORA hai="71" /><F6/><W16/><G69/><T81/><D81/><U34/><E121/><V86/><F17/><W32/><G32/><T90/><REACH who="0" step="1"/><D100/><AGARI ba="1,1" hai="16,21,24,64,65,95,98,100" m="16583,57807" machi="100" ten="30,11600,0" yaku="8,1,52,2,54,1" doraHai="88,71" who="3" fromWho="0" sc="249,-119,117,0,313,0,311,129" owari="130,-27.0,117,-38.3,313,11.3,440,54.0" /></mjloggm>