<mjloggm ver="2.3"><GO type="225" lobby="0"/><UN n0="%73%6C%69%63%6B%33%31%39" n1="%E8%81%B7%E6%A5%AD%E3%80%81%E9%A2%A8%32" n2="%E3%83%AD%E3%83%83%E3%83%86%E9%9B%80%E7%90%83" n3="%67%61%79%75%6E%79" dan="16,16,17,16" rate="2198.97,2157.51,2243.25,2077.96" sx="M,M,M,M"/><TAIKYOKU oya="0"/><INIT seed="0,0,0,0,0,86" ten="250,250,250,250" oya="0" hai0="133,17,94,107,50,16,62,32,43,35,3,31,102" hai1="71,96,13,53,19,113,25,11,33,91,63,69,134" hai2="2,87,29,34,18,23,95,14,124,77,7,112,36" hai3="123,92,120,58,131,1,64,47,106,114,59,101,48"/><T125/><D3/><U60/><E134/><V4/><F36/><W110/><G106/><T8/><D107/><U89/><E113/><V117/><F112/><W83/><G1/><T30/><D133/><U28/><E96/><V119/><F77/><W135/><G114/><T54/><D125/><U127/><E127/><V73/><F73/><W9/><G135/><T78/><D78/><U61/><REACH who="1" step="1"/><E53/><REACH who="1" ten="250,240,250,250" step="2"/><V111/><F124/><W132/><G132/><T6/><D54/><U93/><E93/><V100/><F95/><W66/><G92/><T130/><D130/><U81/><E81/><V75/><F119/><W39/><G131/><T0/><D94/><U105/><E105/><V65/><F117/><W98/><G98/><T70/><D102/><U68/><AGARI ba="0,1" hai="11,13,19,25,28,33,60,61,63,68,69,71,89,91" machi="68" ten="40,8000,1" yaku="1,1,0,1,52,2,53,0" doraHai="86" doraHaiUra="116" who="1" fromWho="1" sc="250,-40,240,90,250,-20,250,-20" /><INIT seed="1,0,0,4,0,53" ten="210,330,230,230" oya="1" hai0="108,129,48,38,36,45,2,27,33,113,118,106,50" hai1="79,19,122,125,52,39,84,56,22,35,15,134,68" hai2="47,103,10,24,85,51,97,64,16,14,41,17,11" hai3="32,99,131,46,86,132,29,88,57,4,7,34,119"/><U94/><E122/><V121/><F121/><W135/><G131/><T107/><D2/><U8/><E68/><V12/><F64/><W72/><G72/><T133/><D113/><U3/><E35/><V80/><F24/><W89/><G119/><T42/><D118/><U104/><E104/><V69/><F69/><W105/><G46/><T82/><D129/><U44/><E125/><V87/><REACH who="2" step="1"/><F80/><REACH who="2" ten="210,330,220,230" step="2"/><W81/><G34/><T110/><D27/><N who="1" m="14815" /><E134/><V127/><F127/><W28/><G32/><T123/><D33/><U116/><E116/><V83/><F83/><W74/><G135/><T102/><D123/><U114/><E114/><V37/><F37/><W98/><G132/><T95/><D133/><U43/><E39/><V92/><AGARI ba="0,1" hai="10,11,12,14,16,17,41,47,51,85,87,92,97,103" machi="92" ten="20,16000,3" yaku="1,1,0,1,7,1,9,1,8,1,54,1,53,2" doraHai="53" doraHaiUra="5" who="2" fromWho="2" sc="210,-40,330,-80,220,170,230,-40" /><INIT seed="2,0,0,0,4,50" ten="170,250,390,190" oya="2" hai0="109,12,101,68,96,55,75,127,72,30,103,14,104" hai1="113,120,5,33,86,46,84,31,114,52,59,49,21" hai2="58,60,24,66,135,93,25,23,28,95,87,85,74" hai3="90,35,119,3,42,123,18,92,2,105,63,16,108"/><V40/><F74/><W15/><G105/><T73/><D68/><U81/><E120/><V57/><F135/><W125/><G123/><T132/><D132/><U61/><E33/><V44/><F58/><W39/><G35/><T34/><D109/><U64/><E86/><V26/><F87/><W83/><G119/><T77/><D77/><U20/><E5/><V99/><F85/><W76/><G108/><T32/><D127/><U117/><E117/><V100/><F95/><W47/><G125/><T4/><D103/><U65/><E65/><V11/><F11/><W118/><G118/><T98/><D96/><U56/><E56/><V121/><F121/><W13/><G63/><T102/><D102/><U106/><E106/><V19/><F19/><W133/><G133/><T70/><D70/><U130/><E130/><V115/><F115/><W36/><G36/><AGARI ba="0,0" hai="23,24,25,26,28,36,40,44,57,60,66,93,99,100" machi="36" ten="30,5800,0" yaku="7,1,25,2" doraHai="50" who="2" fromWho="3" sc="170,0,250,0,390,58,190,-58" /><INIT seed="2,1,0,2,4,64" ten="170,250,448,132" oya="2" hai0="45,129,103,19,110,53,11,95,37,44,62,23,52" hai1="77,17,99,94,35,61,82,10,105,131,84,65,75" hai2="24,43,31,50,25,97,118,87,93,71,42,96,20" hai3="106,5,54,28,88,79,27,101,135,46,63,132,90"/><V58/><F71/><W116/><G116/><T74/><D74/><U124/><E35/><V33/><F118/><W59/><G79/><T41/><D110/><U30/><E30/><V26/><F87/><W100/><G5/><T60/><D129/><U6/><E131/><V89/><F97/><N who="3" m="61711" /><G46/><N who="0" m="18027" /><D11/><U91/><E17/><V2/><F2/><W68/><G101/><T15/><D41/><U39/><E39/><V14/><F33/><N who="3" m="20639" /><G54/><N who="0" m="21099" /><D37/><U119/><E119/><V123/><F123/><W108/><G59/><T9/><D23/><U130/><E130/><V125/><F58/><W134/><G108/><T128/><D128/><U7/><E10/><V117/><F20/><W83/><G83/><T112/><D112/><U107/><E107/><V98/><F43/><W92/><G92/><T49/><D49/><U29/><E29/><V76/><F93/><W114/><G114/><T67/><D67/><AGARI ba="1,0" hai="63,67,68,88,90,132,134,135" m="20639,61711" machi="67" ten="30,7700,0" yaku="25,1,20,1,52,1,54,1" doraHai="64" who="3" fromWho="0" sc="170,-80,250,0,448,0,132,80" /><INIT seed="3,0,0,4,0,101" ten="90,250,448,212" oya="3" hai0="114,77,2,70,61,80,72,30,73,68,17,20,115" hai1="129,91,34,5,44,83,131,3,39,41,54,57,78" hai2="135,32,14,89,92,65,49,38,85,84,15,29,111" hai3="132,24,110,99,107,125,23,128,109,122,4,123,127"/><W106/><G4/><T37/><D17/><U119/><E34/><V40/><F38/><W116/><G99/><T42/><D20/><U12/><E119/><V74/><F74/><W53/><G53/><T13/><D13/><U60/><E91/><V94/><F111/><N who="3" m="42507" /><G116/><T22/><D22/><U121/><E12/><V63/><F14/><W35/><G35/><T79/><D30/><U130/><E121/><N who="3" m="46090" /><G132/><T133/><D133/><U98/><E98/><V81/><F15/><W118/><G118/><T1/><D61/><U87/><E3/><V117/><F63/><W25/><G128/><T120/><D120/><U18/><E5/><V0/><F117/><W51/><G51/><T36/><REACH who="0" step="1"/><D80/><REACH who="0" ten="80,250,448,212" step="2"/><U67/><E18/><V28/><F81/><W93/><G23/><T62/><D62/><U90/><E131/><V55/><F135/><W27/><G93/><T66/><D66/><U97/><E67/><V82/><F65/><W33/><G33/><T113/><D113/><U10/><E130/><V104/><F94/><W6/><G6/><T88/><D88/><U96/><E90/><V52/><F89/><W126/><AGARI ba="0,1" hai="24,25,27,106,107,125,126,127" m="46090,42507" machi="126" ten="50,18000,2" yaku="28,2,18,1,14,1,10,1,52,2" doraHai="101" who="3" fromWho="3" sc="80,-60,250,-60,448,-60,212,190" owari="20,-48.0,190,-21.0,388,18.8,402,50.2" /></mjloggm>