<mjloggm ver="2.3"><GO type="225" lobby="0"/><UN n0="%E3%81%99%E3%81%84%E3%81%BE%E3%81%9B%E3%83%BC%E3%82%93" n1="%E3%81%A9%E3%82%8F%E3%82%93%E3%81%94" n2="%E9%B3%B3%E6%9D%B1%E3%81%AE%E3%81%BF%E3%81%91%E3%81%AB%E3%82%83%E3%82%93" n3="%E5%87%BA%E6%B0%B4" dan="17,16,16,16" rate="2245.11,2063.33,2039.74,2096.92" sx="M,M,F,F"/><TAIKYOKU oya="0"/><INIT seed="0,0,0,4,1,29" ten="250,250,250,250" oya="0" hai0="59,70,56,60,107,113,34,11,120,115,52,79,106" hai1="69,13,10,5,62,122,92,55,1,50,54,97,7" hai2="18,90,87,124,58,125,28,4,135,100,26,121,112" hai3="71,73,53,134,84,81,129,41,77,74,117,49,91"/><T22/><D120/><U83/><E122/><V6/><F112/><W116/><G134/><T19/><D70/><U99/><E69/><V78/><F135/><W111/><G111/><T17/><D34/><U88/><E83/><V57/><F78/><W27/><G129/><T127/><D127/><N who="2" m="48714" /><F18/><W46/><G71/><T65/><D79/><U31/><E31/><V82/><F100/><W104/><G27/><T61/><D115/><U89/><E1/><V118/><F118/><W3/><G3/><T24/><REACH who="0" step="1"/><D113/><REACH who="0" ten="240,250,250,250" step="2"/><U98/><E7/><N who="2" m="2603" /><F121/><W75/><G117/><T93/><D93/><U132/><E132/><V67/><F67/><W96/><G116/><T32/><D32/><AGARI ba="0,1" hai="26,28,32,57,58,82,87,90" m="2603,48714" machi="32" ten="30,2000,0" yaku="18,1,52,1" doraHai="29" who="2" fromWho="0" sc="240,-20,250,0,250,30,250,0" /><INIT seed="1,0,0,4,3,118" ten="220,250,280,250" oya="1" hai0="113,87,128,46,135,85,56,53,35,93,7,29,51" hai1="132,94,39,129,30,108,126,73,114,105,88,65,120" hai2="58,81,131,121,112,21,117,15,72,54,24,82,8" hai3="41,97,3,49,111,123,4,38,18,116,75,77,106"/><U23/><RYUUKYOKU type="yao9" ba="0,0" sc="220,0,250,0,280,0,250,0" hai1="23,30,39,65,73,88,94,105,108,114,120,126,129,132" /><INIT seed="1,1,0,4,5,76" ten="220,250,280,250" oya="1" hai0="35,65,88,57,97,126,63,90,64,6,133,17,1" hai1="106,74,34,4,52,107,30,56,108,48,83,103,12" hai2="19,58,120,44,61,21,24,86,46,93,31,50,0" hai3="73,53,109,110,105,59,42,131,9,20,69,29,13"/><U121/><E121/><V98/><F0/><W123/><G123/><T94/><D35/><U111/><E34/><V18/><F86/><W14/><G131/><T72/><D126/><U45/><E30/><V40/><F46/><W87/><G73/><T112/><D112/><U25/><E25/><V38/><F38/><W78/><G69/><T91/><D133/><U11/><E45/><V99/><F99/><W32/><G105/><T68/><D72/><U79/><REACH who="1" step="1"/><E103/><REACH who="1" ten="220,240,280,250" step="2"/><V119/><F120/><W36/><G32/><T122/><D122/><U84/><E84/><V128/><F119/><W80/><G29/><T124/><D124/><U39/><E39/><V67/><F128/><W60/><G36/><T117/><D117/><U22/><E22/><V104/><F104/><AGARI ba="1,1" hai="4,11,12,48,52,56,74,79,83,104,106,107,108,111" machi="104" ten="40,7700,0" yaku="1,1,52,1,54,1,53,0" doraHai="76" doraHaiUra="96" who="1" fromWho="2" sc="220,0,240,90,280,-80,250,0" /><INIT seed="1,2,0,3,4,19" ten="220,330,200,250" oya="1" hai0="129,85,71,68,112,120,8,1,118,92,74,6,134" hai1="94,21,91,38,83,2,7,126,64,26,86,104,58" hai2="10,77,50,61,101,3,40,34,102,62,95,53,63" hai3="33,46,93,106,45,124,125,59,119,65,22,75,29"/><U98/><E126/><N who="3" m="48746" /><G106/><T100/><D112/><U103/><E38/><V51/><F34/><W48/><G119/><T12/><D74/><U88/><E2/><V41/><F77/><W47/><G75/><T84/><D118/><U116/><E116/><V17/><F3/><W135/><G135/><T9/><D134/><U42/><E42/><V5/><F5/><W56/><G33/><T115/><D115/><U66/><E7/><V18/><F10/><W28/><G93/><T55/><D129/><U11/><E11/><V20/><F95/><W35/><G35/><T31/><D120/><U78/><E58/><N who="3" m="22058" /><G65/><N who="1" m="25194" /><E104/><V130/><F130/><W82/><G82/><T76/><D9/><U4/><E4/><V99/><F61/><W105/><G105/><T111/><D1/><U87/><E87/><V54/><F99/><W44/><G22/><AGARI ba="2,0" hai="17,18,20,22,40,41,50,51,53,54,62,63,101,102" machi="22" ten="25,8000,1" yaku="22,2,8,1,52,2" doraHai="19" who="2" fromWho="3" sc="220,0,330,0,200,86,250,-86" /><INIT seed="2,0,0,4,1,33" ten="220,330,286,164" oya="2" hai0="77,29,118,67,18,104,108,114,54,129,62,75,56" hai1="60,30,115,101,49,91,131,63,68,71,8,23,111" hai2="102,87,121,103,45,88,1,76,12,120,125,79,16" hai3="39,83,38,44,24,41,0,81,124,127,119,113,32"/><V35/><F35/><W17/><G119/><T57/><D114/><U90/><E115/><V64/><F1/><W110/><G110/><T66/><D104/><U14/><E101/><N who="2" m="38411" /><F125/><N who="3" m="48203" /><G113/><T22/><D108/><U48/><E111/><V99/><F121/><W135/><G135/><T85/><D75/><U70/><E131/><V117/><F120/><W6/><G38/><T106/><D106/><U116/><E116/><V26/><F117/><W95/><G95/><T4/><D4/><U92/><E60/><V20/><F99/><W96/><G96/><T128/><D29/><U36/><E36/><V40/><F64/><W37/><G37/><T51/><D118/><U109/><E63/><V7/><F45/><W93/><G93/><T59/><D67/><U123/><E109/><V100/><N who="2" m="38419" /><V122/><DORA hai="21" /><F40/><W10/><G17/><T73/><D73/><U132/><E123/><V42/><F42/><W134/><G134/><T34/><D129/><U84/><E132/><V52/><F52/><W61/><G61/><T50/><D128/><U97/><E71/><V9/><F122/><W47/><G47/><N who="0" m="27999" /><D51/><U69/><E70/><V3/><F3/><W25/><G32/><T112/><D34/><U43/><E69/><V72/><F72/><W53/><G53/><T98/><D98/><U15/><E68/><V55/><F55/><W130/><G130/><T78/><D112/><U13/><E43/><V74/><F74/><W82/><AGARI ba="0,0" hai="0,6,10,24,25,39,41,44,81,82,83" m="48203" machi="82" ten="30,7900,0" yaku="18,1,52,3" doraHai="33,21" who="3" fromWho="3" sc="220,-20,330,-20,286,-39,164,79" /><INIT seed="3,0,0,3,5,44" ten="200,310,247,243" oya="3" hai0="34,75,94,103,59,15,88,0,7,133,57,126,67" hai1="127,112,78,115,41,48,29,131,83,38,120,13,64" hai2="52,39,62,132,74,3,106,61,81,96,80,72,76" hai3="19,122,71,104,129,130,53,23,4,108,6,77,116"/><W40/><G104/><T11/><D126/><U46/><E64/><V82/><F39/><W43/><G116/><T107/><D133/><U28/><E127/><V134/><F3/><W27/><G122/><T68/><D75/><N who="2" m="28714" /><F52/><W5/><G71/><T90/><D34/><U109/><E109/><V8/><F8/><W12/><G108/><T65/><D0/><U36/><E131/><N who="3" m="50186" /><G77/><T118/><D118/><U2/><E2/><V58/><F58/><N who="0" m="22026" /><D107/><U22/><E120/><V18/><F18/><N who="3" m="12791" /><G53/><T54/><D68/><U89/><E38/><V56/><F56/><W85/><G85/><T25/><D54/><U92/><E36/><V102/><F76/><W119/><G119/><T93/><D25/><U24/><E24/><V111/><F111/><W91/><G91/><N who="0" m="34859" /><D103/><U113/><E115/><V117/><F117/><W121/><G121/><T42/><D42/><U9/><E113/><V45/><F132/><W14/><G14/><T84/><D84/><U124/><E41/><V128/><F134/><W21/><AGARI ba="0,0" hai="4,5,6,12,19,21,40,43" m="12791,50186" machi="21" ten="30,1500,0" yaku="19,1" doraHai="44" who="3" fromWho="3" sc="200,-5,310,-5,247,-5,243,15" /><INIT seed="3,1,0,2,5,123" ten="195,305,242,258" oya="3" hai0="82,135,44,69,49,54,41,106,1,112,129,96,99" hai1="5,72,15,108,43,116,75,51,102,20,85,95,109" hai2="19,57,45,28,8,25,121,110,21,38,124,127,80" hai3="42,65,13,107,32,23,73,6,53,47,9,133,134"/><W18/><G73/><T111/><D1/><U90/><E116/><V132/><F132/><W120/><G107/><T105/><D69/><U39/><E39/><V58/><F80/><W122/><G65/><T126/><D135/><N who="3" m="51721" /><G53/><T79/><D126/><N who="2" m="48170" /><F121/><N who="3" m="46699" /><G47/><T26/><D129/><U125/><E102/><V83/><F83/><W40/><G42/><T92/><D106/><U17/><E5/><V71/><F71/><W128/><G40/><T101/><D112/><U12/><E125/><V67/><F67/><W88/><G88/><T16/><D41/><U81/><E81/><V56/><F45/><W103/><G103/><T14/><D26/><N who="1" m="14607" /><E75/><V46/><F46/><W93/><G93/><T63/><D63/><U104/><E104/><V70/><F38/><W68/><G68/><T97/><D105/><U36/><E36/><V59/><F59/><W78/><G78/><T66/><D66/><U35/><E72/><V55/><F55/><W33/><G128/><T22/><REACH who="0" step="1"/><D111/><REACH who="0" ten="185,305,242,258" step="2"/><U74/><E109/><V34/><F70/><W11/><G11/><T37/><D37/><U27/><E108/><V77/><F110/><W60/><G60/><T118/><D118/><U10/><E10/><V30/><F8/><W52/><G52/><T100/><D100/><U94/><E43/><V29/><F77/><W3/><AGARI ba="1,1" hai="3,6,9,13,18,23,32,33" m="46699,51721" machi="3" ten="30,6000,0" yaku="20,1,34,2" doraHai="123" who="3" fromWho="3" sc="185,-21,305,-21,242,-21,258,73" owari="164,-33.6,284,8.4,221,-17.9,331,43.1" /></mjloggm>