<mjloggm ver="2.3"><GO type="225" lobby="0"/><UN n0="%72%69%6F%75%63%68%61%6E" n1="%E6%98%93%E5%88%A9%E8%96%A9%E4%BC%AF" n2="%6D%75%75%6D%75%72%61" n3="%E3%81%9F%E3%81%93%E2%98%86%E7%84%BC%E3%81%8D" dan="16,16,16,16" rate="2196.57,2085.27,2146.75,2095.61" sx="M,F,F,M"/><TAIKYOKU oya="0"/><INIT seed="0,0,0,3,0,114" ten="250,250,250,250" oya="0" hai0="61,36,30,92,14,46,124,118,134,29,21,31,75" hai1="53,81,127,83,132,45,70,78,11,121,47,95,64" hai2="73,43,54,96,42,25,80,7,103,67,107,63,91" hai3="52,62,41,115,49,33,58,59,40,111,129,135,130"/><T108/><D118/><U72/><E121/><V76/><F7/><W84/><G33/><T16/><D75/><U117/><E132/><V9/><F9/><W125/><G115/><T101/><D124/><U55/><E127/><V90/><F54/><N who="3" m="34135" /><G125/><T88/><D134/><U77/><E95/><V65/><F25/><W120/><G84/><T27/><D108/><U6/><E64/><V5/><F5/><W85/><G85/><T32/><D101/><U110/><E70/><V57/><REACH who="2" step="1"/><F65/><REACH who="2" ten="250,250,240,250" step="2"/><W66/><G135/><T24/><D24/><U131/><E55/><V26/><F26/><W104/><G120/><T126/><D126/><U128/><E53/><V87/><F87/><W37/><G111/><T133/><D133/><U17/><E110/><V86/><F86/><W3/><G66/><T44/><D61/><U102/><E6/><V93/><F93/><W20/><G104/><T35/><D35/><U12/><E11/><V68/><F68/><W74/><G20/><N who="0" m="11287" /><D32/><U94/><E94/><V105/><F105/><W89/><G74/><T38/><D38/><U71/><E72/><V48/><F48/><W98/><G37/><T18/><D36/><U1/><E71/><V15/><F15/><W112/><G112/><T10/><D10/><U113/><E12/><V34/><F34/><W4/><G4/><T109/><D109/><U79/><E113/><V69/><F69/><W50/><G49/><T122/><D122/><U82/><E79/><V97/><F97/><AGARI ba="0,1" hai="18,21,27,29,30,31,44,46,88,92,97" m="11287" machi="97" ten="30,5800,0" yaku="8,1,54,2" doraHai="114" who="0" fromWho="2" sc="250,68,250,0,240,-58,250,0" /><INIT seed="0,1,0,3,0,43" ten="318,250,182,250" oya="0" hai0="102,86,28,23,128,11,132,100,58,70,81,62,115" hai1="60,54,121,94,38,61,111,39,0,66,26,120,63" hai2="29,51,93,21,56,8,16,10,105,37,1,40,80" hai3="79,13,68,117,17,123,41,126,52,133,74,85,103"/><T53/><D128/><U44/><E0/><V124/><F105/><W76/><G74/><T45/><D132/><U5/><E5/><V18/><F124/><W106/><G68/><T31/><D115/><U113/><E26/><N who="2" m="16591" /><F37/><N who="1" m="13833" /><E94/><V55/><F1/><W118/><G41/><T48/><D70/><N who="1" m="42311" /><E113/><V4/><F80/><W35/><G126/><T73/><D73/><U104/><E104/><V78/><F78/><W49/><G133/><T7/><D28/><U92/><E92/><V83/><F83/><W6/><G123/><N who="1" m="47178" /><E111/><V59/><F93/><W33/><G6/><T130/><D130/><U19/><E19/><N who="2" m="7211" /><F4/><W20/><G33/><T2/><D23/><U87/><E87/><V88/><F88/><W101/><G35/><T32/><D31/><U119/><E119/><V91/><F91/><W72/><G72/><T131/><D131/><U90/><E90/><V134/><F134/><W12/><G118/><T125/><D125/><U71/><E71/><V67/><F10/><W99/><G103/><T82/><D32/><U15/><E15/><V22/><F22/><W47/><G117/><T107/><D86/><U98/><E98/><V30/><F30/><W9/><G85/><T27/><D27/><U95/><E95/><V36/><F8/><W109/><G13/><T97/><REACH who="0" step="1"/><D100/><REACH who="0" ten="308,250,182,250" step="2"/><U50/><AGARI ba="1,1" hai="44,50,54,61,63" m="47178,42311,13833" machi="50" ten="40,5200,0" yaku="34,2,52,1" doraHai="43" who="1" fromWho="1" sc="308,-27,250,65,182,-14,250,-14" /><INIT seed="1,0,0,1,2,46" ten="281,315,168,236" oya="1" hai0="12,25,80,105,106,64,52,109,56,3,6,67,19" hai1="37,29,63,58,85,61,118,87,40,53,84,8,2" hai2="5,98,10,132,15,11,120,111,116,110,48,101,27" hai3="68,82,130,119,20,102,44,92,28,78,41,38,83"/><U123/><E118/><V65/><F116/><W45/><G130/><T1/><D109/><U34/><E123/><V95/><F120/><W16/><G68/><T112/><D112/><U122/><E122/><V107/><F132/><W14/><G28/><T7/><D25/><U66/><E34/><V71/><F71/><W93/><G119/><T79/><D1/><U24/><E37/><V18/><F65/><W94/><G83/><T50/><D106/><U114/><E40/><V49/><F107/><W91/><G44/><T23/><D105/><U76/><E114/><V36/><F36/><W89/><REACH who="3" step="1"/><G102/><REACH who="3" ten="281,315,168,226" step="2"/><T115/><D115/><U86/><E29/><V0/><REACH who="2" step="1"/><F27/><REACH who="2" ten="281,315,158,226" step="2"/><W35/><G35/><T131/><D131/><U32/><E24/><V90/><F90/><W39/><G39/><T74/><REACH who="0" step="1"/><D3/><REACH who="0" ten="271,315,158,226" step="2"/><U96/><E2/><V47/><F47/><W30/><G30/><T59/><D59/><U113/><E58/><V126/><F126/><W134/><G134/><T88/><D88/><U108/><E113/><V117/><F117/><W43/><G43/><T42/><D42/><U97/><E108/><AGARI ba="0,3" hai="0,5,10,11,15,18,48,49,95,98,101,108,110,111" machi="108" ten="40,8000,1" yaku="1,1,14,1,52,2,53,0" doraHai="46" doraHaiUra="55" who="2" fromWho="1" sc="271,0,315,-80,158,110,226,0" /><INIT seed="2,0,0,1,2,60" ten="271,235,268,226" oya="2" hai0="5,47,131,6,65,109,3,34,76,90,29,33,122" hai1="135,9,37,110,50,68,88,13,10,53,130,97,114" hai2="117,19,104,72,4,20,12,23,1,77,121,106,86" hai3="39,83,116,103,15,75,123,92,118,71,133,115,124"/><V129/><F117/><N who="3" m="45163" /><G39/><T28/><D122/><U14/><E114/><V16/><F72/><W80/><G71/><T42/><D109/><U48/><E110/><V112/><F121/><W0/><G15/><T49/><D131/><U18/><E130/><V107/><F112/><W102/><G0/><T55/><D76/><U89/><E37/><V11/><F129/><W79/><G123/><T17/><D65/><U125/><E125/><V87/><REACH who="2" step="1"/><F77/><REACH who="2" ten="271,235,258,226" step="2"/><N who="3" m="44095" /><G115/><T63/><D90/><U111/><E111/><V85/><F85/><N who="3" m="48383" /><G124/><T78/><D78/><U64/><E89/><V59/><F59/><W101/><G133/><T93/><D47/><U58/><E135/><V74/><F74/><W96/><AGARI ba="0,1" hai="92,96,101,102,103" m="48383,44095,45163" machi="96" ten="30,2000,0" yaku="34,2" doraHai="60" who="3" fromWho="3" sc="271,-5,235,-5,258,-10,226,30" /><INIT seed="3,0,0,2,2,26" ten="266,230,248,256" oya="3" hai0="68,60,134,104,87,14,125,72,33,57,113,76,51" hai1="121,16,12,36,126,59,82,102,95,42,103,131,69" hai2="8,120,109,108,73,54,34,86,96,15,91,53,39" hai3="67,31,2,3,112,6,9,110,58,78,10,70,98"/><W13/><G112/><T114/><D72/><U115/><E115/><N who="0" m="44041" /><D104/><U133/><E69/><V71/><F73/><W28/><G70/><T49/><D33/><U40/><E121/><V74/><F74/><W92/><G78/><T127/><D14/><U41/><E131/><V90/><F39/><W123/><G110/><T116/><D116/><U7/><E133/><V106/><F120/><W32/><G32/><T56/><D87/><U118/><E118/><V117/><F117/><W105/><G105/><T47/><D76/><U22/><E126/><N who="0" m="48137" /><D134/><U93/><E36/><V97/><F34/><W27/><G27/><T85/><D85/><U128/><E128/><V66/><F86/><W75/><G75/><T25/><D25/><U55/><E7/><V84/><F84/><W29/><G9/><T81/><D81/><U35/><E82/><V130/><F8/><W30/><G123/><T99/><D99/><U77/><E77/><V45/><F15/><W0/><G2/><T38/><D38/><U80/><E80/><V65/><F106/><W111/><G0/><T50/><D47/><U48/><REACH who="1" step="1"/><E35/><REACH who="1" ten="266,220,248,256" step="2"/><V79/><F79/><W64/><G3/><T37/><D37/><U135/><E135/><V129/><F71/><W119/><G119/><T62/><D68/><U94/><AGARI ba="0,1" hai="12,16,22,40,41,42,48,55,59,93,94,95,102,103" machi="94" ten="30,7900,0" yaku="1,1,0,1,8,1,54,1,53,0" doraHai="26" doraHaiUra="1" who="1" fromWho="1" sc="266,-20,220,89,248,-20,256,-39" owari="246,4.6,309,40.9,228,-17.2,217,-28.3" /></mjloggm>