<mjloggm ver="2.3"><GO type="225" lobby="0"/><UN n0="%72%69%6F%75%63%68%61%6E" n1="%E5%88%9D%E5%8F%B7%E6%A9%9F%E3%81%A8%E4%BA%8C%E5%8F%B7%E6%A9%9F" n2="%4E%49%4A%49%49%52%4F" n3="%E3%81%9F%E3%81%8C%E3%82%84%E3%81%99" dan="17,17,16,16" rate="2274.29,2148.44,2179.78,2098.90" sx="M,M,M,M"/><TAIKYOKU oya="0"/><INIT seed="0,0,0,3,2,57" ten="250,250,250,250" oya="0" hai0="50,25,123,16,32,95,37,49,55,124,19,7,76" hai1="58,12,99,8,132,1,30,127,2,92,93,51,119" hai2="96,5,64,13,68,109,45,28,71,3,111,52,133" hai3="73,82,48,27,23,44,29,94,24,65,128,33,79"/><T118/><D118/><U116/><E119/><V115/><F3/><W36/><G36/><T20/><D123/><U10/><E116/><V110/><F115/><W62/><G128/><T117/><D117/><U131/><E127/><V112/><F112/><W103/><G94/><T61/><D124/><U122/><E122/><V129/><F129/><W104/><G103/><T72/><D37/><U84/><E132/><V134/><F96/><W113/><G104/><T40/><D7/><U91/><E131/><V43/><F28/><W114/><G27/><T88/><D32/><U70/><E70/><N who="2" m="26667" /><F13/><W56/><REACH who="3" step="1"/><G33/><REACH who="3" ten="250,250,250,240" step="2"/><T14/><D25/><U15/><E2/><V80/><F80/><W69/><G69/><T83/><D19/><U46/><E1/><V4/><F5/><W54/><AGARI ba="0,1" hai="23,24,29,44,48,54,56,62,65,73,79,82,113,114" machi="54" ten="20,12000,2" yaku="1,1,0,1,7,1,52,1,53,2" doraHai="57" doraHaiUra="108" who="3" fromWho="3" sc="250,-60,250,-30,250,-30,240,130" /><INIT seed="1,0,0,1,1,35" ten="190,220,220,370" oya="1" hai0="64,123,1,109,99,122,17,56,81,58,0,116,96" hai1="95,19,36,13,18,79,71,92,75,43,42,68,52" hai2="93,111,66,14,4,78,53,131,115,82,107,83,94" hai3="21,23,9,48,22,49,45,33,100,85,27,61,38"/><U113/><E113/><V135/><F115/><W112/><G38/><T125/><D109/><U40/><E36/><V12/><F111/><W67/><G112/><T110/><D110/><U86/><E75/><V10/><F107/><W6/><G33/><T106/><D125/><U132/><E132/><V50/><F131/><W105/><G105/><T77/><D116/><U29/><E29/><V133/><F66/><W55/><G100/><N who="0" m="62727" /><D17/><U128/><E128/><V118/><F14/><W25/><G85/><N who="0" m="48303" /><D99/><U20/><E71/><V124/><F124/><W114/><G49/><T108/><D108/><U88/><E79/><V37/><F37/><W57/><G114/><T8/><D8/><U24/><E68/><V127/><F118/><W59/><REACH who="3" step="1"/><G57/><REACH who="3" ten="190,220,220,360" step="2"/><N who="0" m="22123" /><D64/><U129/><E129/><V28/><F127/><W65/><G65/><T31/><D31/><U103/><E52/><V130/><F28/><W119/><G119/><T44/><D44/><U15/><E103/><V91/><F130/><W5/><G5/><T46/><D46/><U32/><E32/><V76/><F135/><W39/><G39/><T73/><D73/><U126/><E126/><V69/><F133/><W30/><G30/><T60/><D60/><U98/><E19/><V41/><F4/><W16/><G16/><T26/><D123/><U34/><E34/><V47/><F69/><W51/><G51/><T134/><D122/><U121/><E121/><V7/><F50/><W74/><G74/><T87/><D134/><U54/><E54/><V3/><F53/><W97/><G97/><T84/><D26/><U89/><AGARI ba="0,1" hai="13,15,18,20,24,40,42,43,86,88,89,92,95,98" machi="89" ten="30,11700,0" yaku="5,1,0,1,8,1,54,1" doraHai="35" who="1" fromWho="1" sc="190,-39,220,127,220,-39,360,-39" /><INIT seed="1,1,0,1,3,54" ten="151,347,181,321" oya="1" hai0="52,24,112,47,81,22,63,76,36,15,2,118,105" hai1="25,39,48,20,71,110,131,85,107,77,69,96,65" hai2="104,124,102,114,92,56,126,125,75,7,98,13,41" hai3="101,127,121,130,135,37,43,34,23,62,115,46,60"/><U89/><E39/><V58/><F75/><W0/><G34/><T8/><D112/><U109/><E131/><V12/><F114/><W61/><G115/><T84/><D118/><U59/><E77/><V28/><F28/><W95/><G0/><T78/><D105/><U11/><E11/><N who="2" m="4223" /><F41/><W79/><G121/><T128/><D128/><U55/><E65/><V33/><F33/><W51/><G130/><T42/><D2/><U116/><E116/><V21/><F104/><W29/><G135/><T103/><D103/><U80/><E107/><V68/><F68/><W132/><G132/><T73/><D73/><U100/><E96/><V90/><F102/><W9/><G9/><T66/><D52/><N who="1" m="32135" /><E100/><V3/><F3/><W26/><G127/><T91/><D15/><U134/><E55/><V70/><F70/><W111/><G37/><T72/><D8/><U129/><E134/><V49/><F49/><W86/><G101/><T117/><D117/><U14/><E129/><V38/><F38/><W53/><G53/><T1/><D1/><U108/><E14/><V4/><F4/><W93/><G79/><T94/><D76/><U120/><E120/><V133/><F133/><W82/><G43/><T119/><D119/><U113/><E113/><V44/><F44/><W27/><G46/><T57/><D24/><U19/><AGARI ba="1,0" hai="19,20,25,69,71,80,85,89,108,109,110" m="32135" machi="19" ten="30,11700,0" yaku="14,1,10,1,52,1,54,1" doraHai="54" who="1" fromWho="1" sc="151,-40,347,120,181,-40,321,-40" /><INIT seed="1,2,0,3,3,15" ten="111,467,141,281" oya="1" hai0="9,47,11,56,101,0,110,78,30,37,116,22,112" hai1="36,33,100,69,23,135,41,71,21,104,131,115,108" hai2="76,77,16,103,119,125,2,34,59,25,87,94,79" hai3="86,52,8,5,70,51,124,128,14,27,90,126,57"/><U64/><E115/><V134/><F119/><W89/><G70/><T98/><D112/><U118/><E23/><N who="2" m="13543" /><F34/><W67/><G128/><T3/><D110/><U65/><E21/><V66/><F2/><W81/><G67/><T120/><D116/><U53/><E100/><V127/><F134/><W92/><REACH who="3" step="1"/><G27/><REACH who="3" ten="111,467,141,271" step="2"/><T85/><D120/><U48/><E131/><V132/><F132/><W20/><G20/><T4/><D22/><U54/><E135/><V75/><F75/><W62/><G62/><T26/><D26/><U121/><E118/><V50/><F127/><W31/><G31/><T45/><D30/><U105/><E65/><V102/><F125/><W29/><G29/><T58/><D9/><U83/><E64/><V73/><F73/><W44/><G44/><T49/><D56/><U111/><E71/><V18/><F66/><W61/><G61/><T74/><D58/><U42/><E69/><V109/><F109/><W97/><AGARI ba="2,1" hai="5,8,14,51,52,57,81,86,89,90,92,97,124,126" machi="97" ten="30,4000,0" yaku="1,1,0,1,54,1,53,0" doraHai="15" doraHaiUra="60" who="3" fromWho="3" sc="111,-12,467,-22,141,-12,271,56" /><INIT seed="2,0,0,1,5,64" ten="99,445,129,327" oya="2" hai0="13,89,93,79,106,16,18,84,92,60,51,81,105" hai1="75,101,12,78,23,100,52,104,3,134,4,132,85" hai2="124,109,40,97,131,86,127,77,129,90,117,67,112" hai3="20,61,68,94,42,74,50,0,1,76,36,65,69"/><V71/><F117/><W14/><G94/><T58/><D51/><U26/><E75/><V38/><F112/><W41/><G50/><T17/><D13/><U111/><E104/><V28/><F28/><W11/><G20/><T45/><D45/><U108/><E3/><V24/><F24/><W43/><G36/><T72/><REACH who="0" step="1"/><D93/><REACH who="0" ten="89,445,129,327" step="2"/><U31/><E108/><V122/><F109/><W9/><G14/><T103/><D103/><U91/><E111/><V120/><F38/><W126/><G1/><T110/><D110/><U35/><E132/><V25/><F40/><W135/><G0/><T66/><AGARI ba="0,1" hai="16,17,18,58,60,66,72,79,81,84,89,92,105,106" machi="66" ten="30,7900,0" yaku="1,1,0,1,54,1,53,1" doraHai="64" doraHaiUra="57" who="0" fromWho="0" sc="89,89,445,-20,129,-39,327,-20" /><INIT seed="3,0,0,5,4,46" ten="178,425,90,307" oya="3" hai0="42,1,134,7,15,133,47,126,130,101,33,87,86" hai1="122,24,66,97,124,16,38,112,21,20,4,51,53" hai2="93,56,49,61,92,129,120,91,44,62,23,104,40" hai3="75,58,28,45,0,80,82,113,72,18,85,25,30"/><W31/><G0/><T121/><D121/><U48/><E124/><V108/><F120/><W119/><G119/><T69/><D126/><U36/><E122/><V96/><F108/><W35/><G113/><T95/><D1/><U103/><E4/><V98/><F129/><W115/><G115/><T55/><D69/><U127/><E127/><V79/><F79/><W111/><G111/><T3/><D3/><U63/><E38/><V102/><F104/><W76/><G58/><T11/><D33/><U8/><E36/><V13/><F13/><W107/><G107/><T39/><D130/><U29/><E8/><V12/><REACH who="2" step="1"/><F56/><REACH who="2" ten="178,425,80,307" step="2"/><W2/><G2/><T71/><D71/><U81/><E112/><V99/><F99/><W34/><G75/><T132/><D55/><U57/><E53/><V106/><F106/><W78/><G45/><T94/><D94/><N who="1" m="58807" /><E81/><V90/><F90/><W77/><G77/><T64/><D64/><U19/><E29/><V105/><F105/><W32/><G18/><T73/><D73/><U128/><E128/><V14/><F14/><AGARI ba="0,1" hai="14,16,19,20,21,24,48,51,57,63,66" m="58807" machi="14" ten="30,7700,0" yaku="8,1,52,2,54,1" doraHai="46" who="1" fromWho="2" sc="178,0,425,87,80,-77,307,0" owari="178,-22.2,512,61.2,3,-49.7,307,10.7" /></mjloggm>