<mjloggm ver="2.3"><GO type="225" lobby="0"/><UN n0="%52%61%69%61%6E%2E" n1="%E8%B6%85%E7%B4%9A%E9%B3%B3%E5%87%B0" n2="%E5%A4%9C%E5%85%89%E5%A4%A9%E6%A5%BC" n3="%E6%9D%B1%E9%A2%A8%E3%81%AE%E3%81%8D%E3%82%83%E3%81%B7%E3%81%95%E3%82%93" dan="16,17,17,17" rate="2039.94,2158.88,2123.83,2188.76" sx="M,F,M,M"/><TAIKYOKU oya="0"/><INIT seed="0,0,0,2,4,7" ten="250,250,250,250" oya="0" hai0="39,110,124,11,102,125,89,111,37,119,23,25,107" hai1="38,34,62,113,86,76,59,31,114,20,3,51,121" hai2="36,97,72,95,80,49,134,88,108,40,65,101,105" hai3="28,22,77,61,112,4,33,73,66,9,116,122,43"/><T58/><D119/><U78/><E121/><V64/><F36/><N who="0" m="13898" /><D58/><U15/><E38/><V94/><F94/><W129/><G43/><T127/><D89/><U128/><E3/><V103/><F103/><W93/><G93/><T21/><D11/><U104/><E104/><V35/><F35/><W0/><G22/><N who="0" m="8203" /><D25/><U60/><E51/><V12/><F12/><W50/><G50/><T99/><AGARI ba="0,0" hai="99,102,107,110,111,124,125,127" m="8203,13898" machi="99" ten="50,2400,0" yaku="18,1" doraHai="7" who="0" fromWho="0" sc="250,24,250,-8,250,-8,250,-8" /><INIT seed="0,1,0,2,3,79" ten="274,242,242,242" oya="0" hai0="61,24,25,34,85,43,78,133,1,9,114,13,12" hai1="28,15,21,17,59,124,69,47,52,48,49,122,92" hai2="100,83,117,128,44,38,108,3,126,95,80,65,134" hai3="67,10,41,45,46,4,50,121,127,29,113,23,57"/><T72/><D114/><U98/><E122/><V103/><F3/><W101/><G127/><T123/><D123/><U71/><E28/><V19/><F126/><W84/><G121/><T7/><D72/><U37/><E37/><V18/><F128/><W131/><G113/><T74/><D74/><U129/><E129/><V58/><F117/><W63/><G131/><T107/><D107/><U53/><REACH who="1" step="1"/><E124/><REACH who="1" ten="274,232,242,242" step="2"/><V14/><F38/><W32/><G32/><T76/><D34/><U22/><E22/><V6/><F134/><W116/><G116/><T110/><D133/><U81/><E81/><N who="2" m="31307" /><F108/><W82/><G29/><T106/><D110/><U31/><E31/><V5/><F19/><W39/><G23/><T104/><D7/><N who="2" m="2570" /><F95/><W60/><G39/><T99/><D104/><U70/><E70/><V115/><F115/><W56/><G4/><T135/><D106/><U111/><E111/><V0/><F0/><W89/><G10/><T86/><D135/><U112/><E112/><V90/><F18/><W120/><G120/><T91/><D1/><U8/><E8/><V35/><F35/><W102/><REACH who="3" step="1"/><G46/><REACH who="3" ten="274,232,242,232" step="2"/><T42/><D9/><U33/><E33/><V75/><F44/><W93/><G93/><T73/><D76/><U68/><E68/><V62/><F75/><W51/><G51/><T132/><D78/><U30/><E30/><V20/><F20/><W97/><G97/><T96/><D73/><U88/><AGARI ba="1,2" hai="15,17,21,47,48,49,52,53,59,69,71,88,92,98" machi="88" ten="20,12000,2" yaku="1,1,0,1,7,1,54,2,53,1" doraHai="79" doraHaiUra="16" who="1" fromWho="1" sc="274,-61,232,143,242,-31,232,-31" /><INIT seed="1,0,0,5,0,27" ten="213,375,211,201" oya="1" hai0="100,89,71,56,135,77,68,24,31,48,82,61,84" hai1="5,109,80,0,123,90,41,99,33,129,37,88,17" hai2="53,40,131,46,60,29,34,70,101,86,50,104,2" hai3="66,95,36,134,16,116,110,51,39,7,102,125,107"/><U113/><E113/><V112/><F131/><W55/><G7/><T64/><D135/><U54/><E123/><V3/><F86/><W87/><G66/><T1/><D1/><U43/><E33/><V121/><F121/><W103/><G110/><T133/><D133/><U10/><E17/><V114/><F29/><W13/><G134/><T74/><D48/><U108/><E54/><V14/><F14/><W96/><G125/><T79/><D100/><U65/><E65/><N who="2" m="41255" /><F34/><W97/><G87/><T9/><D9/><U20/><E99/><N who="2" m="61503" /><F53/><W126/><G116/><T38/><D38/><U35/><E20/><V73/><F73/><W119/><G126/><T78/><REACH who="0" step="1"/><D74/><REACH who="0" ten="203,375,211,201" step="2"/><U124/><E0/><V15/><F3/><W4/><G119/><T21/><AGARI ba="0,1" hai="21,24,31,56,61,64,68,71,77,78,79,82,84,89" machi="21" ten="30,8000,1" yaku="1,1,2,1,0,1,52,1,53,1" doraHai="27" doraHaiUra="23" who="0" fromWho="0" sc="203,90,375,-40,211,-20,201,-20" /><INIT seed="2,0,0,4,1,3" ten="293,335,191,181" oya="2" hai0="112,49,118,109,98,127,60,94,74,43,80,88,91" hai1="105,81,11,104,40,106,21,77,134,85,16,66,76" hai2="1,23,117,92,124,103,10,34,78,4,63,123,22" hai3="130,25,13,51,95,114,56,30,36,64,108,32,45"/><V107/><F123/><W129/><G108/><T67/><D112/><U122/><E122/><V110/><F117/><W38/><G114/><T79/><D109/><U126/><E126/><V14/><F124/><W0/><G0/><T18/><D127/><U8/><E134/><V33/><F107/><W24/><G24/><T128/><D118/><U90/><E66/><V28/><F78/><W39/><G95/><T52/><D43/><U71/><E71/><V5/><F63/><W62/><REACH who="3" step="1"/><G13/><REACH who="3" ten="293,335,191,171" step="2"/><T116/><D116/><U6/><E106/><V93/><F110/><W101/><G101/><T46/><D128/><U83/><E105/><V97/><F93/><W99/><G99/><T135/><D135/><U48/><E104/><V65/><F65/><W55/><AGARI ba="0,1" hai="25,30,32,36,38,39,45,51,55,56,62,64,129,130" machi="55" ten="40,2700,0" yaku="1,1,0,1,53,0" doraHai="3" doraHaiUra="12" who="3" fromWho="3" sc="293,-7,335,-7,191,-13,171,37" /><INIT seed="3,0,0,4,3,59" ten="286,328,178,208" oya="3" hai0="8,92,130,128,28,103,111,84,6,58,0,87,113" hai1="72,7,133,41,123,16,98,53,52,75,3,131,4" hai2="88,24,110,100,97,63,45,21,18,117,49,73,118" hai3="51,120,9,82,20,19,50,89,134,95,102,71,55"/><W127/><G71/><T47/><D111/><U69/><E123/><V30/><F73/><W96/><G134/><T26/><D47/><U13/><E69/><V114/><F114/><W57/><G127/><T132/><D132/><U129/><E133/><V23/><F110/><W11/><G120/><T62/><D113/><U22/><E41/><V66/><F23/><W43/><G50/><T109/><D109/><U135/><E135/><V101/><F18/><W80/><G43/><T46/><D46/><U27/><E98/><V1/><F1/><W60/><G51/><T126/><D126/><U112/><E112/><V40/><F100/><W34/><G34/><T77/><D77/><U65/><E65/><V106/><REACH who="2" step="1"/><F88/><REACH who="2" ten="286,328,168,208" step="2"/><W122/><G122/><T17/><D17/><U86/><E3/><V33/><F33/><W29/><G29/><T85/><D103/><U104/><E16/><V39/><F39/><W108/><G108/><T81/><D81/><N who="3" m="31337" /><G102/><T14/><D0/><U32/><E32/><V125/><F125/><W48/><G48/><T78/><D78/><U68/><E72/><V93/><F93/><W36/><G36/><T83/><D92/><U79/><E75/><V54/><F54/><W74/><G74/><T61/><D83/><U25/><E79/><V35/><F35/><W115/><G115/><T64/><D61/><U105/><E22/><V44/><F44/><W119/><G119/><T10/><D10/><U99/><E53/><V91/><F91/><W56/><G56/><AGARI ba="0,1" hai="21,24,30,40,45,49,56,63,66,97,101,106,117,118" machi="56" ten="30,3900,0" yaku="1,1,7,1,52,1,53,0" doraHai="59" doraHaiUra="76" who="2" fromWho="3" sc="286,0,328,0,168,49,208,-39" owari="286,8.6,328,42.8,217,-18.3,169,-33.1" /></mjloggm>