<mjloggm ver="2.3"><GO type="225" lobby="0"/><UN n0="%72%61%6B%33" n1="%70%68%65%6E%6F%6D%65" n2="%72%69%6F%75%63%68%61%6E" n3="%E6%97%A5%E6%9B%9C%E6%97%A5%E3%82%88%E3%82%8A%E3%81%AE%E4%BD%BF%E8%80%85" dan="16,17,17,17" rate="2223.09,2174.84,2234.63,2160.04" sx="M,M,M,M"/><TAIKYOKU oya="0"/><INIT seed="0,0,0,2,1,30" ten="250,250,250,250" oya="0" hai0="26,86,110,132,6,56,25,23,76,127,84,4,106" hai1="27,79,43,16,99,42,89,51,82,93,112,75,10" hai2="19,46,28,70,85,103,116,80,83,48,73,78,97" hai3="52,11,35,121,20,44,129,109,17,31,45,50,113"/><T54/><D106/><U64/><E112/><V37/><F116/><W77/><G113/><T60/><D127/><U118/><E118/><V135/><F135/><W105/><G105/><T96/><D132/><U128/><E128/><V71/><F37/><W3/><G129/><T8/><D110/><U119/><E119/><V74/><F28/><W100/><G109/><T134/><D134/><U61/><E51/><V58/><F58/><N who="3" m="33047" /><G100/><T102/><D4/><U114/><E114/><V59/><F59/><W125/><G77/><T117/><D117/><U55/><E55/><V53/><F19/><W65/><G65/><T32/><D32/><U111/><E111/><V72/><REACH who="2" step="1"/><F80/><REACH who="2" ten="250,250,240,250" step="2"/><W107/><G125/><T92/><D56/><U1/><E64/><V66/><F66/><W29/><G29/><T12/><D60/><U63/><E61/><V115/><F115/><W47/><G31/><T36/><D36/><U34/><E63/><V67/><F67/><W22/><G17/><T62/><D62/><U131/><E131/><V104/><AGARI ba="0,1" hai="46,48,53,70,71,72,73,74,78,83,85,97,103,104" machi="104" ten="30,2000,0" yaku="1,1,0,1,53,0" doraHai="30" doraHaiUra="2" who="2" fromWho="2" sc="250,-10,250,-5,240,30,250,-5" /><INIT seed="1,0,0,3,1,56" ten="240,245,270,245" oya="1" hai0="81,18,25,14,4,128,73,113,125,116,129,50,49" hai1="51,59,134,75,74,71,72,60,98,77,66,88,70" hai2="29,131,42,102,111,122,36,120,83,92,89,93,119" hai3="79,105,123,32,26,95,84,54,3,107,76,9,58"/><U7/><E134/><V68/><F119/><W37/><G37/><T2/><D116/><U47/><E77/><V16/><F111/><W67/><G123/><T85/><D113/><U118/><E7/><V21/><F131/><W97/><G32/><T103/><D73/><U99/><E118/><V38/><F68/><W117/><G117/><T17/><D125/><U91/><E98/><V19/><F29/><W40/><G3/><T48/><D103/><U13/><E13/><V41/><F102/><W132/><G132/><T52/><D2/><U82/><E91/><V114/><F83/><W53/><G40/><N who="2" m="15465" /><F21/><W108/><G108/><T12/><D25/><U127/><E127/><V133/><F89/><W87/><G107/><T121/><D121/><N who="2" m="46698" /><F114/><W109/><G105/><T28/><D28/><U80/><E82/><V124/><F133/><W44/><G76/><T45/><D4/><U112/><E112/><V46/><F46/><W6/><G44/><T62/><D129/><U1/><E99/><V61/><F61/><N who="3" m="38327" /><G79/><N who="0" m="46271" /><D128/><U39/><E39/><N who="2" m="14891" /><F124/><W69/><G69/><T11/><D62/><U63/><E60/><V94/><AGARI ba="0,0" hai="16,19,92,93,94" m="14891,46698,15465" machi="94" ten="40,5200,0" yaku="28,2,54,1" doraHai="56" who="2" fromWho="2" sc="240,-13,245,-26,270,52,245,-13" /><INIT seed="2,0,0,4,0,84" ten="227,219,322,232" oya="2" hai0="76,27,64,81,48,17,36,66,124,121,65,0,35" hai1="78,11,118,89,47,73,108,50,32,41,103,59,43" hai2="44,85,125,12,114,90,60,70,72,23,3,21,57" hai3="26,24,123,62,94,8,83,109,104,49,45,135,77"/><V42/><F114/><W40/><G123/><T52/><D121/><U116/><E32/><V16/><F72/><W117/><G104/><T39/><D0/><U67/><E103/><V10/><F70/><W130/><G117/><T15/><D124/><U28/><E28/><V22/><F125/><W30/><G109/><T69/><D69/><U101/><E101/><V86/><F3/><W53/><G130/><T58/><D27/><U115/><E115/><V132/><F132/><W13/><G135/><T74/><REACH who="0" step="1"/><D35/><REACH who="0" ten="217,219,322,232" step="2"/><U25/><E108/><V113/><F113/><W6/><G26/><T95/><D95/><U93/><E25/><V55/><REACH who="2" step="1"/><F90/><REACH who="2" ten="217,219,312,232" step="2"/><W29/><G24/><T133/><D133/><U5/><E116/><V129/><F129/><W82/><G94/><T96/><D96/><U61/><E118/><V31/><F31/><W18/><G30/><T98/><D98/><U131/><E131/><V4/><F4/><W33/><G29/><T14/><D14/><U99/><E5/><V126/><F126/><W38/><G33/><T102/><D102/><U112/><E112/><V34/><F34/><W80/><G6/><T88/><D88/><U127/><E127/><V63/><F63/><W100/><G100/><T97/><D97/><U79/><E99/><V20/><N who="2" m="5120" /><DORA hai="75" /><V54/><F54/><W51/><G77/><T92/><D92/><U56/><E79/><V9/><F9/><AGARI ba="0,2" hai="9,15,17,36,39,48,52,58,64,65,66,74,76,81" machi="9" ten="40,8000,1" yaku="1,1,52,1,54,1,53,1" doraHai="84,75" doraHaiUra="107,2" who="0" fromWho="2" sc="217,100,219,0,312,-80,232,0" /><INIT seed="3,0,0,4,5,111" ten="317,219,232,232" oya="3" hai0="57,39,28,128,62,95,101,34,59,41,70,115,5" hai1="43,110,51,126,52,19,127,23,76,10,69,14,113" hai2="8,123,73,91,82,32,96,54,66,36,55,58,63" hai3="119,44,87,61,90,107,26,12,103,104,75,129,130"/><W121/><G121/><T20/><D34/><U13/><E110/><V86/><F32/><W122/><G122/><T0/><D70/><U21/><E69/><V92/><F123/><W79/><G119/><T65/><D115/><U83/><E113/><V56/><F36/><W68/><G12/><T48/><D39/><U50/><E43/><V105/><F8/><W77/><G44/><N who="0" m="25615" /><D57/><N who="1" m="32919" /><E51/><N who="2" m="30815" /><F105/><W27/><G61/><T67/><D128/><N who="3" m="49257" /><G68/><T133/><D0/><U118/><E118/><V9/><F9/><W120/><G120/><T89/><D133/><U99/><E99/><V35/><F73/><W17/><G75/><T64/><D101/><U22/><E127/><V109/><F35/><W16/><G103/><T6/><D64/><U11/><E126/><V97/><F109/><W1/><G1/><T85/><D67/><U25/><E25/><AGARI ba="0,0" hai="5,6,20,25,28,59,62,65,85,89,95" m="25615" machi="25" ten="30,1000,0" yaku="8,1" doraHai="111" who="0" fromWho="1" sc="317,10,219,-10,232,0,232,0" owari="327,42.7,209,-29.1,232,3.2,232,-16.8" /></mjloggm>