<mjloggm ver="2.3"><GO type="225" lobby="0"/><UN n0="%E3%82%A2%E3%83%A1%E3%82%A2%E3%83%A9%E3%83%AC" n1="%6B%79%6F%6E%6B%6F%31%31" n2="%E3%81%95%E3%81%8D%E3%81%9F%E3%81%BE%E6%9E%97%E6%AA%8E" n3="%E6%A1%9C%E8%8A%B1%E9%96%83%E3%80%85" dan="16,16,16,16" rate="2104.86,2147.36,2078.85,2172.38" sx="M,M,M,M"/><TAIKYOKU oya="0"/><INIT seed="0,0,0,5,2,129" ten="250,250,250,250" oya="0" hai0="20,79,121,18,11,75,15,111,49,135,60,67,19" hai1="40,101,66,107,65,41,26,126,100,82,104,120,32" hai2="61,23,4,80,21,127,5,133,115,110,99,105,33" hai3="96,118,6,64,90,31,55,109,3,72,13,16,48"/><T34/><D121/><U27/><E82/><V25/><F115/><W128/><G118/><T8/><D34/><U134/><E32/><V56/><F80/><W102/><G128/><T125/><D125/><U94/><E94/><V97/><F33/><W44/><G109/><T63/><D111/><U77/><E126/><V50/><F127/><W52/><G72/><T93/><D79/><U28/><E28/><V45/><F110/><W47/><G31/><T57/><D75/><U123/><REACH who="1" step="1"/><E77/><REACH who="1" ten="250,240,250,250" step="2"/><V108/><F108/><W117/><G117/><T1/><D93/><U98/><E98/><V122/><F99/><W130/><G130/><T69/><D1/><U7/><E7/><V14/><F97/><W54/><G90/><T92/><D92/><U91/><E91/><V84/><F4/><W132/><G6/><T24/><D19/><U36/><E36/><V112/><F5/><W10/><G3/><T29/><D18/><U116/><E116/><V106/><F122/><W103/><G96/><T0/><D29/><U86/><E86/><V35/><F84/><W83/><G83/><T88/><D88/><U131/><E131/><V43/><F35/><W51/><G103/><T95/><D95/><U58/><E58/><V89/><F56/><W37/><G102/><T46/><D57/><U53/><E53/><N who="3" m="20586" /><G37/><T12/><D0/><U38/><E38/><V59/><F89/><W62/><G48/><T22/><D49/><U39/><E39/><V30/><F50/><W68/><G47/><T87/><D46/><U113/><E113/><V9/><F45/><W73/><G73/><RYUUKYOKU ba="0,1" sc="250,-15,240,15,250,-15,250,15" hai1="26,27,40,41,65,66,100,101,104,107,120,123,134" hai3="10,13,16,44,51,55,62,64,68,132" /><INIT seed="1,1,1,3,4,70" ten="235,255,235,265" oya="1" hai0="46,52,100,90,104,2,132,95,125,93,15,87,118" hai1="14,128,22,12,1,81,134,40,56,18,48,49,107" hai2="69,77,3,28,58,61,110,36,54,51,109,103,62" hai3="74,59,13,67,29,85,88,19,83,37,121,92,72"/><U25/><E107/><V8/><F103/><W43/><G121/><T24/><D118/><U112/><E112/><V33/><F77/><W89/><G29/><T86/><D2/><U65/><E1/><V113/><F113/><W4/><G4/><T47/><D132/><U30/><E128/><V91/><F33/><W97/><G59/><T44/><D125/><U35/><E134/><V96/><F28/><W102/><G67/><T26/><D15/><U131/><E131/><V55/><F36/><W7/><G7/><T5/><D5/><U50/><E81/><V119/><F119/><W94/><G43/><T10/><D10/><U42/><E12/><V63/><F3/><W120/><G37/><T75/><D75/><U84/><E84/><V98/><F8/><W80/><G120/><T31/><D104/><U6/><E6/><V27/><F27/><N who="0" m="10282" /><D31/><U41/><REACH who="1" step="1"/><E65/><REACH who="1" ten="235,245,235,265" step="2"/><V23/><F98/><N who="3" m="57607" /><G13/><T108/><D86/><U99/><E99/><V116/><F96/><W64/><G64/><T105/><D105/><U68/><E68/><V124/><F69/><W73/><G19/><T11/><D87/><U115/><E115/><V106/><F106/><AGARI ba="1,2" hai="72,73,74,80,83,85,89,94,97,102,106" m="57607" machi="106" ten="30,12000,2" yaku="35,5,54,1" doraHai="70" who="3" fromWho="2" sc="235,0,245,0,235,-123,265,143" /><INIT seed="2,0,0,4,5,79" ten="235,245,112,408" oya="2" hai0="132,54,115,27,33,62,84,103,75,23,89,20,109" hai1="101,12,88,71,8,110,102,6,30,86,14,53,34" hai2="70,2,114,126,39,135,78,121,19,128,131,93,73" hai3="122,76,17,98,5,77,61,10,113,104,57,40,119"/><V44/><RYUUKYOKU type="yao9" ba="0,0" sc="235,0,245,0,112,0,408,0" hai2="2,19,39,44,70,73,78,93,114,121,126,128,131,135" /><INIT seed="2,1,0,1,1,53" ten="235,245,112,408" oya="2" hai0="19,57,32,101,41,104,117,88,63,46,30,55,98" hai1="116,96,70,68,11,10,15,132,80,127,69,107,83" hai2="129,8,78,125,94,23,18,75,20,36,16,31,120" hai3="109,13,77,110,126,64,14,74,22,35,9,95,121"/><V84/><F120/><W91/><G35/><T134/><D134/><U43/><E116/><V25/><F36/><W111/><G121/><T59/><D117/><U97/><E132/><V93/><F75/><W2/><G126/><T0/><D0/><U82/><E107/><V48/><F125/><W79/><G64/><T106/><D106/><U60/><E127/><V100/><F129/><W133/><G133/><T56/><D19/><U113/><E43/><V66/><F66/><W42/><G42/><T28/><D88/><U61/><E15/><N who="3" m="5642" /><G22/><T37/><REACH who="0" step="1"/><D32/><REACH who="0" ten="225,245,112,408" step="2"/><U44/><E113/><V86/><F8/><N who="1" m="3113" /><E44/><V54/><F23/><W130/><G130/><T29/><AGARI ba="1,1" hai="28,29,30,37,41,46,55,56,57,59,63,98,101,104" machi="29" ten="30,16000,3" yaku="1,1,0,1,52,3,53,3" doraHai="53" doraHaiUra="27" who="0" fromWho="0" sc="225,173,245,-41,112,-81,408,-41" /><INIT seed="3,0,0,4,0,67" ten="398,204,31,367" oya="3" hai0="21,76,2,94,71,105,39,74,88,43,27,79,50" hai1="10,53,87,11,3,40,5,93,6,44,102,98,86" hai2="113,84,16,135,117,120,65,111,80,37,61,12,42" hai3="51,72,110,52,56,35,112,70,64,29,99,104,41"/><W17/><G112/><T19/><D105/><U128/><E53/><V60/><F113/><W23/><G72/><T14/><D2/><U77/><E128/><V124/><F117/><W116/><G116/><T108/><D71/><U36/><E77/><N who="0" m="29769" /><D39/><U131/><E131/><V133/><F111/><W38/><G110/><T45/><D74/><U49/><E36/><V66/><F120/><W126/><G126/><T28/><D108/><U90/><E102/><V15/><F124/><W18/><G35/><T107/><D107/><U63/><E63/><V78/><F37/><W101/><G29/><T114/><D114/><U59/><E59/><V81/><F84/><W82/><G82/><T24/><D28/><U62/><E62/><V69/><F78/><W96/><G96/><AGARI ba="0,0" hai="14,19,21,24,27,43,45,50,88,94,96" m="29769" machi="96" ten="30,2000,0" yaku="8,1,54,1" doraHai="67" who="0" fromWho="3" sc="398,20,204,0,31,0,367,-20" owari="418,51.8,204,-19.6,31,-46.9,347,14.7" /></mjloggm>