<mjloggm ver="2.3"><GO type="225" lobby="0"/><UN n0="%E7%BD%AA%E5%88%91%E6%B3%95%E5%AE%9A%E4%B8%BB%E7%BE%A9" n1="%E3%81%95%E3%81%8D%E3%81%9F%E3%81%BE%E6%9E%97%E6%AA%8E" n2="%6E%69%63%6F%6E%74%6F" n3="%E7%89%B9%E6%9D%B1%E3%81%AF%E4%B8%96%E7%95%8C%E3%82%92%E6%95%91%E3%81%86" dan="16,16,17,16" rate="2151.16,2161.04,2141.58,2121.31" sx="M,M,M,M"/><TAIKYOKU oya="0"/><INIT seed="0,0,0,2,5,95" ten="250,250,250,250" oya="0" hai0="2,35,77,24,73,128,122,12,117,94,57,110,101" hai1="90,8,114,18,27,105,36,4,99,31,79,92,0" hai2="50,38,107,63,33,37,97,42,132,7,135,3,67" hai3="85,81,111,131,65,96,15,55,14,54,112,22,93"/><T58/><D117/><U76/><E36/><V127/><F33/><W124/><G112/><T13/><D2/><U123/><E123/><V82/><F127/><W68/><G124/><T116/><D116/><U108/><E108/><V106/><F3/><W41/><G111/><T19/><D110/><U49/><E114/><V44/><F7/><W70/><G131/><T10/><D122/><U45/><E105/><V47/><F82/><W104/><G104/><T61/><D128/><U11/><E8/><V109/><F107/><W64/><G41/><T16/><D77/><U126/><E18/><V87/><F87/><W59/><G70/><T26/><D73/><U125/><E126/><V29/><F29/><W17/><G68/><T28/><D61/><U39/><E39/><V53/><F109/><W115/><G15/><T9/><D26/><U46/><E46/><N who="2" m="23887" /><F97/><AGARI ba="0,0" hai="9,10,12,13,16,19,24,28,35,57,58,94,97,101" machi="97" ten="40,7700,0" yaku="9,1,52,1,54,1" doraHai="95" who="0" fromWho="2" sc="250,77,250,0,250,-77,250,0" /><INIT seed="0,1,0,3,2,44" ten="327,250,173,250" oya="0" hai0="86,28,32,64,18,130,4,127,114,21,105,82,34" hai1="91,126,36,29,39,118,3,48,12,20,49,59,132" hai2="58,60,52,87,107,101,38,103,121,102,83,19,37" hai3="108,120,72,115,85,27,106,89,125,66,98,54,135"/><T88/><D114/><U9/><E118/><V55/><F121/><W61/><G115/><T51/><D105/><U57/><E3/><V6/><F107/><W33/><G72/><T45/><D127/><U93/><E126/><V122/><F122/><W75/><G75/><T0/><D130/><U10/><E132/><V76/><F6/><W96/><G125/><T62/><D28/><U17/><E39/><V40/><F40/><W73/><G73/><T1/><D1/><U22/><E36/><V43/><F43/><W63/><G120/><T70/><D4/><U26/><E59/><V104/><F104/><W16/><G135/><T7/><D7/><U23/><E57/><V112/><F112/><W92/><G108/><T69/><D0/><U31/><E10/><V47/><REACH who="2" step="1"/><F19/><REACH who="2" ten="327,250,163,250" step="2"/><W11/><G106/><T95/><D70/><U50/><REACH who="1" step="1"/><E31/><REACH who="1" ten="327,240,163,250" step="2"/><V77/><F77/><W8/><G16/><T79/><D18/><U24/><E24/><V30/><F30/><W13/><G27/><T131/><D131/><U111/><E111/><V65/><F65/><W99/><G13/><T78/><D64/><U2/><E2/><V124/><F124/><W46/><G66/><T14/><D14/><U128/><E128/><V134/><F134/><W15/><G15/><T42/><D69/><U109/><E109/><V90/><F90/><W56/><G89/><T119/><D88/><U113/><E113/><V133/><F133/><W35/><G35/><T94/><D34/><U116/><E116/><V41/><F41/><W68/><G33/><T25/><D32/><U129/><E129/><RYUUKYOKU ba="1,2" sc="327,-15,240,15,163,15,250,-15" hai1="9,12,17,20,22,23,26,29,48,49,50,91,93" hai2="37,38,47,52,55,58,60,76,83,87,101,102,103" /><INIT seed="1,2,2,2,0,21" ten="312,255,178,235" oya="1" hai0="17,48,30,68,40,75,60,45,20,67,90,87,5" hai1="96,3,84,114,73,47,113,133,50,71,7,128,119" hai2="49,36,104,66,23,9,111,95,57,11,38,61,107" hai3="120,122,129,59,6,69,12,39,99,44,82,112,18"/><U13/><E119/><V10/><F111/><W46/><G112/><T91/><D75/><U16/><E73/><V85/><F49/><W43/><G69/><T74/><D74/><U118/><E71/><V79/><F104/><W86/><G129/><T115/><D115/><U27/><E118/><V1/><F107/><W88/><G6/><T51/><D5/><U125/><E3/><V2/><F95/><W14/><G14/><T64/><D64/><U89/><E128/><V52/><F23/><W34/><G34/><T41/><D30/><U31/><E7/><V131/><F131/><W100/><G59/><T80/><D91/><U70/><E70/><V124/><F124/><W19/><G46/><T4/><D4/><U29/><E125/><V92/><F66/><W98/><G98/><T37/><REACH who="0" step="1"/><D41/><REACH who="0" ten="302,255,178,235" step="2"/><U56/><E114/><V106/><F2/><W8/><REACH who="3" step="1"/><G19/><REACH who="3" ten="302,255,178,225" step="2"/><T42/><D42/><U134/><E113/><V33/><F1/><W123/><G123/><T22/><D22/><U0/><E0/><V109/><F33/><W24/><G24/><AGARI ba="2,4" hai="17,20,24,37,40,45,48,51,60,67,68,80,87,90" machi="24" ten="30,7700,0" yaku="1,1,7,1,52,1,53,1" doraHai="21" doraHaiUra="77" who="0" fromWho="3" sc="302,123,255,0,178,0,225,-83" /><INIT seed="2,0,0,0,3,122" ten="425,255,178,142" oya="2" hai0="108,10,15,126,61,134,18,2,38,44,83,5,21" hai1="17,35,53,39,110,72,111,96,33,28,13,99,105" hai2="41,50,86,103,81,0,46,62,127,80,23,22,14" hai3="124,78,115,54,3,25,66,16,30,71,129,97,11"/><V58/><F127/><W112/><G124/><T56/><D126/><U68/><E68/><V121/><F121/><W20/><G129/><T95/><D134/><U49/><E72/><V6/><F0/><W92/><G78/><T77/><D108/><N who="1" m="41515" /><E39/><V27/><F103/><W51/><G71/><T102/><D44/><N who="1" m="27815" /><E28/><V100/><F100/><W45/><G66/><T57/><D38/><U69/><E69/><V59/><F59/><W32/><G11/><T120/><D120/><U109/><N who="1" m="41523" /><U75/><DORA hai="19" /><E75/><V43/><F43/><W67/><G67/><T104/><D104/><U98/><E105/><V24/><F24/><W40/><G3/><T125/><D125/><U1/><E1/><V133/><F27/><W119/><G119/><T117/><D117/><U12/><E12/><V60/><F60/><W113/><G40/><T48/><D48/><U90/><E90/><V101/><F101/><N who="3" m="60583" /><G32/><T128/><D128/><U8/><AGARI ba="0,0" hai="8,13,17,33,35,96,98,99" m="27815,41523" machi="8" ten="50,8000,1" yaku="14,1,52,4" doraHai="122,19" who="1" fromWho="1" sc="425,-20,255,80,178,-40,142,-20" /><INIT seed="3,0,0,2,2,107" ten="405,335,138,122" oya="3" hai0="65,115,58,61,32,125,52,43,134,96,62,111,132" hai1="73,25,121,9,71,20,104,114,37,22,28,116,49" hai2="106,87,100,4,135,84,70,93,92,102,78,51,83" hai3="129,12,128,47,109,76,81,18,35,77,53,38,85"/><W34/><G76/><T67/><D32/><U19/><E114/><V69/><F4/><W13/><G13/><T45/><D115/><U6/><E121/><V117/><F51/><W89/><G109/><T86/><D111/><U0/><E104/><V33/><F33/><W46/><G46/><T101/><D125/><U48/><E37/><V21/><F21/><W60/><G60/><T88/><D86/><N who="2" m="32810" /><F70/><W119/><G119/><T41/><D88/><U82/><E71/><V24/><F24/><W74/><G38/><N who="0" m="21687" /><D43/><U68/><E68/><V14/><F14/><W80/><G53/><T17/><D17/><U79/><REACH who="1" step="1"/><E116/><REACH who="1" ten="405,325,138,122" step="2"/><V94/><F69/><W44/><G35/><T63/><D134/><U7/><E7/><V105/><F117/><W108/><G34/><T131/><D132/><U10/><E10/><V99/><F135/><W133/><G133/><T3/><D131/><N who="3" m="50249" /><G108/><T112/><D112/><U103/><E103/><N who="2" m="62719" /><F106/><W113/><G113/><T120/><D120/><U15/><AGARI ba="0,1" hai="0,6,9,15,19,20,22,25,28,48,49,73,79,82" machi="15" ten="20,5200,0" yaku="1,1,0,1,7,1,52,1,53,0" doraHai="107" doraHaiUra="55" who="1" fromWho="1" sc="405,-13,325,62,138,-13,122,-26" owari="392,49.2,387,18.7,125,-27.5,96,-40.4" /></mjloggm>