<mjloggm ver="2.3"><GO type="225" lobby="0"/><UN n0="%E3%81%9F%E3%81%A3%E3%81%A1%E3%82%87" n1="%E6%A1%9C%E8%8A%B1%E9%96%83%E3%80%85" n2="%E3%81%A1%E3%82%85%E3%81%86%E3%81%A9%E3%81%8F%E8%B1%A1%E3%81%95%E3%82%93" n3="%E6%80%AA%E3%81%97%E3%81%99%E3%81%8E%E3%82%8B%E3%83%81%E3%83%BC" dan="16,18,16,16" rate="2103.92,2253.92,2153.94,2183.24" sx="M,M,M,M"/><TAIKYOKU oya="0"/><INIT seed="0,0,0,2,5,80" ten="250,250,250,250" oya="0" hai0="69,121,78,40,4,12,26,5,71,81,75,29,20" hai1="7,103,118,34,38,107,101,23,127,100,22,62,55" hai2="123,94,9,65,122,51,86,33,91,8,35,128,45" hai3="98,52,84,110,1,36,58,61,19,109,16,95,90"/><T50/><D121/><U130/><E118/><V108/><F108/><N who="3" m="41579" /><G36/><T47/><REACH who="0" step="1"/><D12/><REACH who="0" ten="240,250,250,250" step="2"/><U131/><E131/><V126/><F128/><W120/><G120/><T24/><D24/><U70/><E130/><V30/><F123/><W82/><G1/><T68/><AGARI ba="0,1" hai="4,5,20,26,29,40,47,50,68,69,71,75,78,81" machi="68" ten="30,3000,0" yaku="1,1,0,1,53,0" doraHai="80" doraHaiUra="92" who="0" fromWho="0" sc="240,40,250,-10,250,-10,250,-10" /><INIT seed="0,1,0,1,5,43" ten="280,240,240,240" oya="0" hai0="45,113,74,28,2,40,131,105,114,59,104,15,125" hai1="7,64,87,33,118,71,108,126,130,100,54,116,8" hai2="46,117,10,27,132,30,68,0,35,128,42,69,22" hai3="79,86,13,55,60,127,16,61,58,88,124,41,84"/><T39/><D125/><N who="3" m="48201" /><G41/><N who="0" m="22719" /><D15/><U32/><E126/><V85/><F132/><W98/><G61/><T31/><D31/><U26/><E108/><V81/><F128/><W38/><G38/><T112/><D59/><U9/><E130/><V134/><F134/><W77/><G98/><T11/><D131/><U133/><E133/><V67/><F117/><W23/><G86/><T12/><D12/><U51/><E87/><V70/><F22/><W14/><G13/><T66/><D28/><U122/><E122/><V63/><F10/><W73/><G73/><T29/><D29/><U123/><E123/><V75/><F0/><W109/><G109/><T82/><D66/><U18/><E64/><V52/><F52/><W95/><AGARI ba="1,0" hai="14,16,23,55,58,60,77,79,84,88,95" m="48201" machi="95" ten="30,4000,0" yaku="18,1,54,2" doraHai="43" who="3" fromWho="3" sc="280,-21,240,-11,240,-11,240,43" /><INIT seed="1,0,0,1,5,77" ten="259,229,229,283" oya="1" hai0="8,36,50,91,93,44,10,99,128,83,58,24,52" hai1="42,84,120,17,125,100,6,95,64,16,117,126,59" hai2="35,118,9,68,30,114,13,108,87,11,72,20,110" hai3="130,54,111,127,26,81,134,106,131,90,18,23,102"/><U4/><E117/><V80/><F72/><W51/><G111/><N who="2" m="42537" /><F118/><W135/><G102/><T82/><D128/><N who="3" m="49193" /><G106/><T101/><D36/><U119/><E119/><V65/><F114/><W56/><G127/><N who="1" m="48650" /><E42/><V31/><F35/><W123/><G123/><T76/><D24/><U48/><E120/><V133/><F133/><N who="3" m="50699" /><G90/><T129/><D129/><U22/><E17/><N who="2" m="10287" /><F65/><W96/><G96/><T34/><D34/><U47/><E59/><V60/><F60/><W12/><G81/><N who="0" m="30731" /><D76/><U124/><E64/><V105/><F68/><W37/><G37/><T116/><D116/><U94/><E124/><V39/><F39/><W104/><G104/><T53/><D101/><U61/><E61/><AGARI ba="0,0" hai="8,10,44,50,52,53,58,61,91,93,99" m="30731" machi="61" ten="30,8000,1" yaku="8,1,52,3,54,1" doraHai="77" who="0" fromWho="1" sc="259,80,229,-80,229,0,283,0" /><INIT seed="2,0,0,2,1,122" ten="339,149,229,283" oya="2" hai0="62,21,129,22,16,36,46,7,116,52,127,95,44" hai1="18,20,135,79,12,132,55,109,118,34,123,57,69" hai2="1,81,47,38,126,84,92,41,26,117,17,8,10" hai3="114,49,86,63,31,60,56,19,45,77,11,121,24"/><V66/><F117/><W103/><G121/><T72/><D116/><U97/><E118/><V124/><F66/><W33/><G114/><T128/><D72/><U80/><E123/><V90/><F1/><W108/><G108/><T30/><D127/><N who="2" m="48682" /><F92/><W74/><G74/><T111/><D7/><U99/><E69/><V107/><F107/><W119/><G103/><T6/><D111/><U93/><E34/><V42/><F41/><W3/><G119/><T83/><D6/><U25/><E109/><V39/><F38/><W88/><G77/><T27/><D95/><U71/><E71/><V43/><F42/><W82/><G56/><N who="0" m="35079" /><D36/><U65/><E65/><V59/><F59/><W64/><G64/><T78/><D78/><U4/><E4/><V61/><F61/><W70/><G3/><T100/><D100/><U0/><E0/><V14/><F26/><W133/><G70/><T5/><D83/><U85/><E12/><V67/><F67/><W28/><G63/><T2/><D5/><U13/><E13/><V48/><F39/><W104/><G60/><T32/><D2/><U87/><E57/><V89/><F89/><W73/><G104/><T91/><D91/><N who="1" m="53503" /><E55/><V37/><F37/><W98/><G24/><N who="0" m="18503" /><D44/><U105/><E105/><V110/><F110/><W134/><G45/><T76/><D46/><U131/><E131/><N who="0" m="50249" /><D76/><U96/><E79/><V50/><F50/><W54/><G49/><T112/><D112/><U130/><E130/><V40/><F43/><W51/><G54/><T101/><D101/><U68/><E68/><V125/><F125/><W102/><G102/><RYUUKYOKU ba="0,0" sc="339,10,149,10,229,10,283,-30" hai0="16,21,22,27" hai1="18,20,25,80,85,96,97,99,132,135" hai2="8,10,14,17,40,47,48,81,84,90" /><INIT seed="2,1,0,0,2,135" ten="349,159,239,253" oya="2" hai0="28,115,0,12,50,7,13,43,23,130,18,3,39" hai1="87,104,75,40,10,129,107,109,133,51,14,132,71" hai2="92,16,55,25,4,122,112,125,81,64,5,58,95" hai3="24,54,94,124,68,48,84,96,56,79,11,31,9"/><V119/><F122/><W57/><G124/><T127/><D39/><U97/><E75/><V46/><F112/><W86/><G68/><T83/><D43/><U19/><E71/><V29/><F119/><W93/><G57/><T66/><D50/><U63/><E109/><V89/><F64/><W35/><G93/><N who="2" m="35913" /><F46/><W82/><REACH who="3" step="1"/><G84/><REACH who="3" ten="349,159,239,243" step="2"/><T53/><D127/><U6/><E87/><N who="2" m="50415" /><F125/><W90/><AGARI ba="1,1" hai="9,11,24,31,35,48,54,56,79,82,86,90,94,96" machi="90" ten="20,5200,0" yaku="1,1,0,1,7,1,53,1" doraHai="135" doraHaiUra="74" who="3" fromWho="3" sc="349,-14,159,-14,239,-27,243,65" /><INIT seed="3,0,0,2,2,59" ten="335,145,212,308" oya="3" hai0="103,125,100,45,28,73,110,4,41,132,116,82,123" hai1="17,29,129,79,91,95,71,105,15,16,89,33,23" hai2="81,18,63,77,10,1,94,51,64,56,34,109,124" hai3="55,93,42,57,120,118,20,115,14,88,7,68,76"/><W128/><G115/><T85/><D116/><U67/><E129/><V47/><F34/><W119/><G68/><T60/><D123/><U86/><E105/><V69/><F109/><W102/><G120/><T36/><D110/><U37/><E37/><V104/><F104/><W131/><G102/><T130/><D73/><U49/><E79/><V58/><F124/><W92/><G42/><T9/><D130/><N who="3" m="49705" /><G76/><T22/><D132/><U90/><E33/><V87/><F94/><N who="3" m="36459" /><G88/><T26/><D60/><U113/><E113/><V65/><F65/><W11/><G20/><T6/><D125/><U122/><E122/><V50/><F50/><AGARI ba="0,0" hai="7,11,14,50,55,57,118,119" m="36459,49705" machi="50" ten="30,1500,0" yaku="19,1" doraHai="59" who="3" fromWho="2" sc="335,0,145,0,212,-15,308,15" /><INIT seed="3,1,0,3,1,127" ten="335,145,197,323" oya="3" hai0="116,9,88,16,134,103,60,65,115,72,50,111,44" hai1="94,42,118,6,1,78,26,63,28,128,119,114,101" hai2="58,37,124,35,2,41,23,53,97,112,32,95,80" hai3="79,54,52,46,10,96,70,110,45,82,107,102,75"/><W84/><G70/><T24/><D116/><U36/><E63/><V81/><F2/><W51/><G110/><T104/><D111/><U34/><E114/><V61/><F112/><W57/><G75/><T108/><D115/><U109/><E109/><V17/><F124/><W31/><G31/><T25/><D108/><U123/><E94/><V30/><F37/><W120/><G120/><T14/><D72/><U12/><E101/><V92/><F41/><W113/><G113/><T43/><D134/><U0/><E78/><V11/><F95/><W48/><G10/><T133/><D133/><U69/><E69/><V59/><F32/><W27/><G27/><N who="0" m="10315" /><D104/><U67/><E67/><N who="2" m="39351" /><F11/><W49/><G49/><T22/><D103/><U15/><E123/><V68/><F30/><W39/><G39/><T86/><D9/><N who="1" m="4151" /><E42/><V66/><F66/><W40/><G40/><T29/><D29/><U89/><E89/><N who="2" m="55439" /><F35/><W13/><G13/><T18/><D65/><U131/><E15/><N who="2" m="9663" /><F68/><W21/><G21/><T121/><D22/><U33/><E36/><V20/><F20/><W129/><G129/><N who="1" m="49738" /><E34/><V4/><F4/><W76/><G57/><T100/><D43/><U132/><E132/><V62/><AGARI ba="1,0" hai="53,59,62,80,81" m="9663,55439,39351" machi="62" ten="30,1100,0" yaku="8,1" doraHai="127" who="2" fromWho="2" sc="335,-4,145,-4,197,14,323,-6" owari="331,43.1,141,-35.9,211,-18.9,317,11.7" /></mjloggm>