<mjloggm ver="2.3"><GO type="225" lobby="0"/><UN n0="%E3%83%AC%E3%82%A4%E3%83%88%E3%83%B3%E5%87%86%E6%95%99%E6%8E%88" n1="%E3%81%86%E3%82%8B%E3%81%8A%E3%81%A1%E3%82%83" n2="%E3%83%B4%E3%83%A0%EF%BC%99%E3%81%A6" n3="%4B%69%74%61%6D%75%72%61" dan="18,16,17,17" rate="2231.85,2099.73,2195.07,2194.83" sx="M,F,M,F"/><TAIKYOKU oya="0"/><INIT seed="0,0,0,3,1,33" ten="250,250,250,250" oya="0" hai0="9,40,79,54,46,122,5,77,56,23,21,22,0" hai1="99,27,41,39,89,3,119,94,55,114,51,84,57" hai2="59,131,7,37,14,17,34,19,117,88,4,115,1" hai3="123,45,28,97,25,93,96,92,67,60,91,36,101"/><T116/><D116/><U35/><E119/><V15/><F37/><W125/><G125/><T129/><D122/><U82/><E114/><V13/><F117/><W90/><G123/><T26/><D26/><U69/><E69/><V8/><F59/><W118/><G118/><T20/><N who="0" m="5120" /><DORA hai="130" /><T74/><D74/><U75/><E75/><V111/><F115/><W43/><G101/><T127/><D127/><U104/><E104/><V85/><F131/><W50/><G36/><T66/><D66/><U16/><E3/><V120/><F120/><W53/><G43/><T38/><REACH who="0" step="1"/><D129/><REACH who="0" ten="240,250,250,250" step="2"/><U76/><E27/><V62/><F34/><W108/><G25/><T135/><D135/><U112/><E35/><V58/><F111/><W102/><G108/><T134/><D134/><U81/><E112/><V110/><F110/><W2/><G28/><T10/><D10/><U78/><E16/><V109/><F109/><W63/><G67/><T98/><D98/><U113/><E113/><V87/><F87/><W121/><G121/><T70/><D70/><U32/><E32/><V71/><F71/><W49/><G97/><T83/><D83/><U44/><REACH who="1" step="1"/><E82/><REACH who="1" ten="240,240,250,250" step="2"/><V86/><F17/><W132/><G132/><T100/><D100/><AGARI ba="0,2" hai="39,41,44,51,55,57,76,78,81,84,89,94,99,100" machi="100" ten="30,7700,0" yaku="1,1,2,1,7,1,53,1" doraHai="33,130" doraHaiUra="18,47" who="1" fromWho="0" sc="240,-77,240,97,250,0,250,0" /><INIT seed="1,0,0,0,5,2" ten="163,337,250,250" oya="1" hai0="32,5,42,9,29,117,124,131,110,84,129,60,46" hai1="78,125,30,81,58,64,86,92,50,116,19,122,107" hai2="27,114,11,44,28,119,134,94,95,132,105,67,77" hai3="53,14,15,40,38,37,70,80,56,48,115,66,118"/><U4/><E107/><V102/><F119/><W126/><G115/><T83/><D117/><U39/><E39/><V88/><F114/><W98/><G118/><T43/><D110/><U13/><E122/><V3/><F77/><W17/><G126/><T33/><D124/><U72/><E125/><V103/><F67/><W121/><G121/><T10/><D60/><U68/><E30/><V90/><F44/><W45/><G38/><T127/><D127/><U22/><E68/><V100/><F105/><W16/><G98/><T62/><D62/><U123/><E123/><V130/><F130/><W71/><G66/><T112/><D112/><U6/><E116/><V7/><F94/><W73/><G73/><T75/><D75/><U113/><E113/><V69/><F69/><W79/><G79/><T85/><D29/><U108/><E108/><V31/><F31/><W34/><G80/><T101/><D101/><U65/><E65/><V82/><F82/><W41/><G41/><T21/><D21/><U89/><E64/><V51/><F51/><W74/><G34/><T61/><D61/><U91/><E89/><V1/><F1/><W8/><REACH who="3" step="1"/><G74/><REACH who="3" ten="163,337,250,240" step="2"/><T0/><D83/><U35/><E35/><N who="2" m="20895" /><F95/><W36/><G36/><T106/><D106/><U18/><E18/><V76/><F76/><W25/><G25/><T135/><D33/><U54/><AGARI ba="0,1" hai="4,6,13,19,22,50,54,58,72,78,81,86,91,92" machi="54" ten="30,12000,1" yaku="0,1,25,2,52,2" doraHai="2" who="1" fromWho="1" sc="163,-40,337,130,250,-40,240,-40" /><INIT seed="1,1,0,0,2,97" ten="123,467,210,200" oya="1" hai0="60,35,88,129,54,23,105,11,119,125,42,15,123" hai1="115,55,48,113,13,58,47,78,10,20,121,130,56" hai2="36,8,18,25,101,59,85,116,134,38,19,68,2" hai3="52,22,30,67,40,53,112,24,89,124,107,43,81"/><U0/><E121/><V104/><F116/><W57/><G112/><T29/><D119/><U82/><E130/><V131/><F68/><W80/><G107/><T12/><D129/><U73/><E0/><V93/><F131/><W96/><G124/><T108/><D125/><U128/><E128/><V120/><F120/><W5/><G5/><T92/><D105/><U27/><E113/><V95/><F134/><W117/><G67/><T51/><D108/><U26/><E115/><V118/><F118/><W94/><G117/><T99/><D35/><U41/><E20/><V98/><F59/><W61/><G53/><T132/><D132/><U69/><E58/><V4/><F93/><W37/><G37/><T45/><D123/><U127/><E69/><V16/><F104/><W86/><REACH who="3" step="1"/><G81/><REACH who="3" ten="123,467,210,190" step="2"/><T62/><D54/><U135/><E127/><V71/><F71/><W76/><AGARI ba="1,1" hai="22,24,30,40,43,52,57,61,76,80,86,89,94,96" machi="76" ten="20,12000,2" yaku="1,1,2,1,0,1,7,1,8,1,54,1,53,0" doraHai="97" doraHaiUra="111" who="3" fromWho="3" sc="123,-31,467,-61,210,-31,190,133" /><INIT seed="2,0,0,1,1,50" ten="92,406,179,323" oya="2" hai0="117,118,26,62,31,88,80,106,89,49,2,52,105" hai1="27,28,76,45,47,16,128,34,0,58,85,22,30" hai2="11,93,104,116,109,74,13,24,71,129,102,107,23" hai3="60,131,12,40,83,108,114,48,115,19,57,123,130"/><V1/><F116/><N who="0" m="44650" /><D2/><U111/><E111/><V70/><F74/><W94/><G83/><T79/><D62/><U127/><E127/><V56/><F1/><W72/><G94/><T54/><D106/><U75/><E75/><V97/><F109/><W135/><G19/><T113/><D105/><U15/><E128/><N who="3" m="49194" /><G12/><T42/><D42/><U96/><E96/><V21/><F21/><W132/><G72/><N who="0" m="43111" /><D113/><N who="3" m="43017" /><G108/><T43/><D43/><U120/><E120/><V119/><F129/><W82/><G82/><T78/><D78/><U17/><E76/><V122/><F122/><W39/><G39/><T98/><D98/><U32/><E85/><V5/><F104/><W38/><G38/><T84/><D49/><U133/><E0/><V103/><F107/><W100/><G100/><T63/><D63/><U35/><E17/><V46/><F103/><W8/><G8/><T29/><D29/><U99/><E30/><V69/><F119/><W87/><G87/><T33/><D89/><U92/><E99/><V3/><F3/><W20/><G20/><T66/><D66/><U110/><E22/><V4/><F102/><W18/><G18/><T125/><D125/><U44/><E16/><V36/><F97/><W121/><G121/><T51/><D51/><U95/><E28/><V9/><F36/><W61/><G123/><T90/><D90/><U91/><E91/><V77/><F77/><W25/><G61/><T14/><D14/><U101/><E15/><V67/><F13/><W37/><G37/><T59/><D59/><U81/><E110/><V68/><N who="2" m="17408" /><DORA hai="65" /><V41/><F56/><RYUUKYOKU ba="0,0" sc="92,30,406,-10,179,-10,323,-10" hai0="26,31,33,52,54,84,88" /><INIT seed="3,1,0,2,4,121" ten="122,396,169,313" oya="3" hai0="48,76,84,16,34,75,99,1,113,30,87,125,51" hai1="124,132,130,122,4,120,115,71,88,128,52,86,108" hai2="93,24,107,74,92,40,50,110,44,101,11,81,3" hai3="118,53,66,13,112,97,39,106,105,2,63,96,69"/><W123/><G123/><N who="1" m="47146" /><E115/><V54/><F107/><W35/><G112/><T29/><D113/><U102/><E71/><V21/><F110/><W32/><G2/><T36/><D36/><U20/><E108/><V89/><F101/><W111/><G111/><T17/><D1/><U78/><E102/><V56/><F3/><W131/><G39/><T18/><D125/><U31/><E4/><V126/><F11/><W27/><G118/><T135/><D135/><U59/><E124/><V5/><F5/><W26/><G13/><T79/><D75/><U134/><E78/><N who="0" m="29737" /><D99/><U104/><E104/><V6/><F6/><W80/><G80/><T38/><D34/><U82/><E20/><V55/><F74/><W14/><G14/><T91/><D38/><U73/><E31/><N who="0" m="11785" /><D91/><U37/><E73/><V0/><F0/><W116/><G116/><T117/><D117/><U12/><E37/><V47/><F89/><W46/><G106/><T58/><D58/><U33/><E33/><N who="3" m="12874" /><G105/><T109/><D109/><U45/><E45/><V100/><F47/><W60/><G97/><T10/><D10/><U7/><E12/><V22/><F56/><N who="3" m="34831" /><G96/><T64/><D64/><U98/><E7/><V23/><F126/><W19/><G46/><T103/><D103/><U70/><E70/><V67/><F67/><W94/><G94/><N who="2" m="36457" /><F100/><W61/><G61/><T41/><D41/><U85/><E85/><AGARI ba="1,0" hai="16,17,18,48,51,84,85,87" m="11785,29737" machi="85" ten="30,7700,0" yaku="28,2,8,1,54,1" doraHai="121" who="0" fromWho="1" sc="122,80,396,-80,169,0,313,0" owari="202,-19.8,316,41.6,169,-33.1,313,11.3" /></mjloggm>