<mjloggm ver="2.3"><GO type="225" lobby="0"/><UN n0="%E3%82%A2%E3%83%9E%E3%83%9D%EF%BD%9E%EF%BD%9E%E3%83%A9" n1="%E5%84%AA%40%41%42%43" n2="%E3%81%B2%E3%81%AA%E3%81%AE%E3%82%8A%E3%81%8F" n3="%E6%A1%9C%E8%8A%B1%E9%96%83%E3%80%85" dan="17,17,17,18" rate="2199.07,2249.30,2194.70,2260.20" sx="M,M,M,M"/><TAIKYOKU oya="0"/><INIT seed="0,0,0,1,0,43" ten="250,250,250,250" oya="0" hai0="10,86,44,95,47,78,98,105,85,1,60,7,46" hai1="110,49,117,11,69,23,76,19,57,50,8,16,6" hai2="38,18,55,15,42,75,30,39,41,125,89,22,72" hai3="123,66,31,64,115,108,2,36,25,73,52,94,106"/><T128/><D128/><U70/><E117/><V80/><F125/><W119/><G106/><T20/><D105/><U126/><E110/><V81/><F30/><W0/><G119/><T102/><D78/><U131/><E131/><V58/><F41/><W114/><G108/><T104/><D104/><U74/><E126/><V116/><F116/><W127/><G127/><T13/><D60/><U17/><E23/><V107/><F107/><W37/><G94/><T5/><D5/><U28/><E28/><V51/><F39/><W121/><G31/><T67/><D67/><N who="3" m="25641" /><G52/><T77/><D77/><U29/><E29/><V65/><F65/><W14/><G14/><T134/><REACH who="0" step="1"/><D134/><REACH who="0" ten="240,250,250,250" step="2"/><U45/><E76/><V79/><F79/><W133/><G133/><T103/><D103/><U97/><E74/><V84/><F75/><W53/><G73/><T112/><D112/><U82/><E70/><V34/><F72/><W113/><G115/><T63/><D63/><U27/><E69/><V9/><F89/><W4/><G4/><T109/><D109/><U56/><E6/><V32/><F32/><W59/><G114/><T132/><D132/><U68/><E68/><V21/><F34/><W35/><G113/><T100/><D100/><U26/><E8/><V91/><F9/><W118/><G118/><T111/><D111/><U122/><E11/><V48/><F22/><W62/><G123/><T12/><D12/><U92/><E122/><V87/><F21/><W71/><G121/><T124/><D124/><U129/><E129/><V130/><F130/><W93/><G71/><T54/><D54/><RYUUKYOKU ba="0,1" sc="240,30,250,-10,250,-10,250,-10" hai0="1,7,10,13,20,44,46,47,85,86,95,98,102" /><INIT seed="0,1,1,3,5,85" ten="270,240,240,240" oya="0" hai0="16,42,88,50,66,21,124,44,91,96,58,57,28" hai1="75,36,43,29,94,87,22,73,103,55,23,46,32" hai2="117,71,45,26,72,79,60,51,104,14,128,3,20" hai3="1,129,6,95,52,5,54,86,59,110,11,0,116"/><T101/><D124/><U121/><E121/><V35/><F104/><W126/><G116/><T61/><D28/><U10/><E32/><V67/><F117/><W63/><G126/><T69/><D69/><U24/><E10/><V33/><F3/><W48/><G110/><T120/><D58/><U119/><E119/><V113/><F113/><W115/><G115/><T68/><D68/><U40/><E40/><V8/><F128/><W74/><G74/><T2/><D2/><U77/><E103/><V9/><F79/><W90/><G129/><T134/><D134/><U132/><E132/><V89/><F72/><W111/><G111/><T122/><D122/><U78/><E78/><V82/><F9/><W39/><G39/><T65/><D65/><U37/><E37/><V99/><F20/><W70/><G70/><T109/><D109/><U80/><E55/><V18/><F26/><W7/><REACH who="3" step="1"/><G0/><REACH who="3" ten="270,240,240,230" step="2"/><T93/><D120/><U114/><E114/><V130/><F130/><W25/><G25/><AGARI ba="1,2" hai="16,21,25,42,44,50,57,61,66,88,91,93,96,101" machi="25" ten="30,18000,2" yaku="7,1,8,1,52,2,54,2" doraHai="85" who="0" fromWho="3" sc="270,203,240,0,240,0,230,-183" /><INIT seed="0,2,0,5,3,27" ten="473,240,240,47" oya="0" hai0="90,3,111,59,12,30,1,16,64,91,135,120,51" hai1="10,89,42,86,6,125,5,85,87,33,31,118,97" hai2="73,102,21,2,57,22,72,53,81,65,37,13,49" hai3="50,127,29,41,109,36,7,82,38,54,134,107,113"/><T110/><D120/><U11/><E118/><V18/><F2/><W100/><G113/><T40/><D135/><U132/><E132/><V17/><F37/><W60/><G134/><T114/><D114/><U56/><E125/><V78/><F102/><W92/><G107/><T108/><D30/><U39/><E39/><V0/><F0/><N who="0" m="74" /><D64/><U35/><E42/><V58/><F65/><W44/><G7/><T19/><D59/><U63/><E97/><V115/><F115/><W76/><G109/><T126/><D126/><U69/><E69/><V46/><REACH who="2" step="1"/><F72/><REACH who="2" ten="473,240,230,47" step="2"/><W101/><G127/><T117/><D117/><U123/><E123/><V68/><F68/><W128/><G101/><T34/><D110/><U75/><E75/><V83/><F83/><W98/><G128/><T122/><D122/><U70/><E70/><V99/><F99/><W131/><G131/><T103/><D103/><U104/><E104/><V80/><F80/><W62/><G38/><T119/><D119/><U74/><E74/><V121/><F121/><W79/><G79/><T95/><D111/><U47/><E89/><V84/><F84/><W43/><G36/><T4/><D91/><U96/><E87/><V26/><AGARI ba="2,1" hai="13,17,18,21,22,26,46,49,53,57,58,73,78,81" machi="26" ten="20,5200,0" yaku="1,1,0,1,7,1,53,1" doraHai="27" doraHaiUra="105" who="2" fromWho="2" sc="473,-28,240,-15,230,68,47,-15" /><INIT seed="1,0,0,2,0,87" ten="445,225,298,32" oya="1" hai0="94,66,40,96,26,123,134,29,73,68,97,52,23" hai1="88,51,98,64,67,9,57,59,113,120,82,37,114" hai2="116,24,14,12,22,93,92,108,65,90,42,83,62" hai3="17,28,125,126,50,80,71,74,36,78,11,119,8"/><U10/><E37/><V45/><F108/><W101/><G36/><T63/><D134/><U105/><E120/><V16/><F83/><W117/><G71/><T124/><D124/><N who="3" m="47721" /><G28/><T13/><D73/><U58/><E105/><V6/><F116/><N who="3" m="44619" /><G101/><T56/><D40/><U99/><E51/><N who="2" m="27063" /><F93/><W121/><G121/><T46/><D46/><U41/><E41/><V48/><F48/><W31/><G31/><T43/><D43/><U4/><E4/><V69/><F69/><W84/><G50/><T34/><D68/><U81/><E58/><N who="2" m="37079" /><F6/><W49/><G49/><T25/><D56/><U102/><E102/><V104/><F104/><W122/><G122/><T7/><D123/><U54/><E54/><V5/><F5/><W129/><G129/><T35/><D7/><U115/><E115/><V131/><F131/><W33/><G33/><T106/><D35/><U72/><E72/><V107/><F107/><W27/><G74/><T3/><D34/><U118/><E118/><V70/><F70/><W110/><G110/><T127/><D127/><U55/><E55/><V132/><F132/><W112/><G112/><T111/><D52/><U60/><E60/><V61/><F61/><W30/><G30/><T130/><D63/><U2/><E2/><V38/><F38/><W53/><G53/><T20/><D130/><U15/><E15/><V86/><AGARI ba="0,0" hai="12,14,16,22,24,86,90,92" m="37079,27063" machi="86" ten="30,4000,0" yaku="8,1,52,1,54,1" doraHai="87" who="2" fromWho="2" sc="445,-10,225,-20,298,40,32,-10" /><INIT seed="2,0,0,2,5,40" ten="435,205,338,22" oya="2" hai0="30,41,50,101,114,6,42,106,14,2,9,110,1" hai1="49,43,102,103,78,132,84,71,119,0,23,66,59" hai2="18,51,64,100,74,99,107,134,63,21,85,19,45" hai3="62,26,89,91,116,4,96,128,97,34,53,87,105"/><V29/><F74/><W25/><G116/><T48/><D114/><U72/><E0/><V7/><F7/><W129/><G4/><T127/><D30/><U95/><E71/><V12/><F134/><W92/><G34/><T108/><D127/><U56/><E72/><V24/><F85/><W133/><G133/><T117/><D117/><U79/><E43/><N who="0" m="16393" /><D50/><U130/><E49/><V124/><F124/><W46/><G105/><T118/><D48/><U121/><E23/><V57/><REACH who="2" step="1"/><F12/><REACH who="2" ten="435,205,328,22" step="2"/><W75/><G75/><T81/><D14/><U77/><E84/><V3/><F3/><W113/><G113/><T88/><D1/><U98/><E132/><V38/><F38/><W82/><G97/><T10/><D6/><U86/><E86/><V16/><F16/><W28/><G46/><T123/><D2/><U70/><E119/><V35/><F35/><W104/><G104/><T22/><D106/><U15/><E15/><V37/><F37/><W36/><G36/><T8/><D118/><U131/><E98/><V93/><F93/><W31/><G31/><T122/><D81/><U76/><E95/><V69/><F69/><W109/><G109/><T68/><D68/><U135/><N who="1" m="19456" /><DORA hai="94" /><U112/><E70/><V52/><AGARI ba="0,1" hai="18,19,21,24,29,45,51,52,57,63,64,99,100,107" machi="52" ten="20,24000,3" yaku="1,1,0,1,7,1,52,2,54,1,53,2" doraHai="40,94" doraHaiUra="54,58" who="2" fromWho="2" sc="435,-80,205,-80,328,250,22,-80" owari="355,15.5,125,-27.5,578,67.8,-58,-55.8" /></mjloggm>