<mjloggm ver="2.3"><GO type="225" lobby="0"/><UN n0="%E3%81%AF%E3%82%88%E3%81%8A%E3%81%98%E3%81%95%E3%82%93" n1="%E6%A0%B9%E5%85%83%E3%81%8B%E3%82%89%E5%90%B9%E3%81%A3%E9%A3%9B%E3%81%B6" n2="%E3%81%AA%E3%82%81%E3%81%93%E9%9B%80%E5%A3%AB" n3="%E5%84%AA%40%41%42%43" dan="17,17,16,17" rate="2174.20,2163.22,2027.66,2165.37" sx="M,F,M,M"/><TAIKYOKU oya="0"/><INIT seed="0,0,0,2,3,18" ten="250,250,250,250" oya="0" hai0="87,120,31,110,114,68,25,92,59,127,134,43,118" hai1="85,39,50,96,32,44,17,22,49,131,57,11,122" hai2="55,56,60,135,112,63,83,26,21,107,95,91,9" hai3="113,46,94,121,116,79,27,42,61,66,90,108,2"/><T23/><D68/><U30/><E122/><V37/><F112/><W100/><G113/><T7/><D114/><U132/><E132/><V80/><F107/><W3/><G116/><T81/><D118/><U106/><E131/><V70/><F37/><W19/><G108/><T4/><D120/><U64/><E39/><V24/><F24/><W77/><G100/><T6/><D134/><U48/><E32/><V33/><F33/><W93/><G93/><T69/><D69/><U8/><E30/><V38/><F38/><W129/><G2/><T84/><D110/><U54/><E64/><V82/><F9/><N who="1" m="3657" /><E96/><N who="2" m="57471" /><F135/><W41/><G3/><T102/><D127/><U104/><E104/><V130/><F130/><W52/><G129/><T75/><D43/><N who="3" m="16393" /><G66/><T125/><D125/><U105/><E105/><V15/><F15/><W111/><G111/><T123/><D123/><U71/><E106/><V73/><F70/><W12/><G27/><T115/><D115/><U74/><E74/><V53/><F73/><W133/><G121/><T103/><D59/><U67/><E85/><V1/><F1/><W13/><G12/><T97/><REACH who="0" step="1"/><D102/><REACH who="0" ten="240,250,250,250" step="2"/><U88/><E71/><V72/><F72/><W16/><G133/><T5/><N who="0" m="1024" /><DORA hai="99" /><T119/><D119/><U89/><E57/><V65/><F63/><W78/><G61/><T58/><D58/><U20/><E44/><V86/><F65/><W34/><G46/><T98/><D98/><U35/><E67/><N who="2" m="39303" /><F86/><N who="3" m="52567" /><G34/><T28/><D28/><AGARI ba="0,1" hai="21,26,28,53,55,80,82,83" m="39303,57471" machi="28" ten="30,2000,0" yaku="8,1,52,1" doraHai="18,99" who="2" fromWho="0" sc="240,-20,250,0,250,30,250,0" /><INIT seed="1,0,0,3,1,123" ten="220,250,280,250" oya="1" hai0="3,17,100,112,90,73,128,36,81,104,15,18,80" hai1="117,98,103,119,67,37,78,49,38,132,22,53,69" hai2="113,14,83,28,134,42,77,72,50,4,92,2,99" hai3="85,59,27,20,29,5,10,39,13,91,34,57,131"/><U47/><E78/><V63/><F134/><W62/><G131/><T105/><D112/><U124/><E98/><V54/><F2/><W9/><G39/><N who="1" m="14858" /><E103/><V125/><F28/><W41/><G41/><T108/><D36/><U127/><E22/><V84/><F125/><N who="1" m="48201" /><E132/><V114/><F72/><W95/><G62/><AGARI ba="0,0" hai="47,49,53,62,67,69,117,119" m="48201,14858" machi="62" ten="30,5800,0" yaku="18,1,34,2" doraHai="123" who="1" fromWho="3" sc="220,0,250,58,280,0,250,-58" /><INIT seed="1,1,0,0,3,85" ten="220,308,280,192" oya="1" hai0="94,91,49,74,30,123,39,37,104,23,89,121,12" hai1="61,66,55,11,112,70,50,93,107,51,120,83,78" hai2="41,77,44,133,40,28,95,109,58,114,108,117,45" hai3="99,59,35,82,135,21,10,27,25,63,111,129,26"/><U68/><E107/><V80/><F117/><W31/><G111/><N who="2" m="42569" /><F133/><W13/><G129/><T29/><D104/><U52/><E112/><V101/><F28/><N who="0" m="10858" /><D74/><U116/><E116/><V115/><F58/><W105/><G135/><T73/><D73/><U36/><E120/><N who="0" m="46153" /><D49/><U132/><E36/><N who="0" m="13897" /><D94/><U122/><E93/><V106/><F95/><W76/><G35/><T118/><D118/><U90/><E122/><V103/><F106/><W8/><G105/><T119/><D119/><U81/><E51/><N who="2" m="27015" /><F80/><W48/><G48/><T4/><D4/><U65/><E50/><N who="2" m="26927" /><F77/><W87/><G99/><T33/><D33/><U47/><E78/><V84/><F84/><W15/><G8/><T60/><D60/><U18/><E11/><V86/><F86/><W16/><REACH who="3" step="1"/><G13/><REACH who="3" ten="220,308,280,182" step="2"/><T57/><D57/><U69/><E132/><V64/><F115/><W19/><G19/><AGARI ba="1,1" hai="12,19,23,89,91" m="13897,46153,10858" machi="19" ten="40,5200,0" yaku="13,1,52,2" doraHai="85" who="0" fromWho="3" sc="220,65,308,0,280,0,182,-55" /><INIT seed="2,0,0,3,0,15" ten="285,308,280,127" oya="2" hai0="102,88,107,44,33,81,28,26,130,90,126,68,42" hai1="122,27,77,129,103,91,83,76,120,116,41,99,105" hai2="43,72,124,104,59,58,134,87,70,85,79,2,49" hai3="34,3,61,23,10,89,117,54,6,96,112,82,20"/><V109/><F70/><W7/><G117/><T92/><D68/><U118/><E41/><V22/><F104/><W73/><G34/><T21/><D126/><U67/><E67/><V46/><F2/><W66/><G112/><T125/><D125/><U60/><E60/><V86/><F124/><W4/><G54/><T18/><D130/><U93/><E129/><V19/><F134/><W65/><G66/><T13/><D107/><U51/><E51/><V62/><F109/><W16/><G20/><T119/><D119/><N who="1" m="45611" /><E27/><N who="2" m="14815" /><F72/><W75/><G73/><T63/><D63/><U8/><E8/><V101/><F101/><W57/><G96/><T45/><D81/><U30/><E30/><V115/><F115/><W97/><G97/><N who="0" m="59687" /><D33/><U35/><E35/><V113/><F113/><W50/><G50/><N who="0" m="26903" /><D45/><U53/><E53/><N who="2" m="34127" /><F59/><W5/><N who="3" m="1024" /><DORA hai="52" /><W32/><G32/><T47/><D47/><U78/><E105/><V31/><F31/><W128/><G128/><T17/><D28/><U29/><E29/><V0/><F0/><W39/><G3/><T36/><D36/><U84/><AGARI ba="0,0" hai="76,77,78,83,84,91,93,99,103,120,122" m="45611" machi="84" ten="40,2700,0" yaku="34,2" doraHai="15,52" who="1" fromWho="1" sc="285,-7,308,27,280,-13,127,-7" /><INIT seed="3,0,0,4,2,35" ten="278,335,267,120" oya="3" hai0="5,120,36,16,125,124,10,8,65,126,1,112,111" hai1="0,18,101,128,50,59,87,129,108,15,43,53,68" hai2="21,38,67,100,45,131,51,11,73,7,82,98,63" hai3="29,122,44,71,79,42,96,58,46,106,34,2,130"/><W39/><G122/><T135/><D120/><U14/><E0/><N who="2" m="487" /><F51/><W32/><G58/><T75/><D111/><U30/><E108/><V17/><F131/><N who="1" m="50249" /><E68/><N who="2" m="42111" /><F98/><W95/><G130/><T89/><D135/><U26/><E101/><V55/><F55/><W64/><G95/><T6/><D112/><U20/><E43/><N who="2" m="22775" /><F21/><W99/><G96/><T41/><D75/><U19/><E87/><V25/><F17/><AGARI ba="0,0" hai="14,15,17,18,19,20,26,30,50,53,59" m="50249" machi="17" ten="30,1000,0" yaku="19,1" doraHai="35" who="1" fromWho="2" sc="278,0,335,10,267,-10,120,0" owari="278,7.8,345,44.5,257,-14.3,120,-38.0" /></mjloggm>