<mjloggm ver="2.3"><GO type="225" lobby="0"/><UN n0="%E3%81%B5%E3%81%98%E3%81%8B%E3%81%A4" n1="%6D%61%74%69%67%75%73%61" n2="%72%61%6B%33" n3="%E3%83%97%E3%83%92" dan="16,17,16,17" rate="2200.36,2206.29,2061.82,2165.36" sx="M,M,M,M"/><TAIKYOKU oya="0"/><INIT seed="0,0,0,1,5,126" ten="250,250,250,250" oya="0" hai0="125,119,0,53,108,66,29,45,63,75,26,116,107" hai1="58,69,76,130,97,95,4,91,113,12,115,98,24" hai2="93,46,27,23,64,100,73,87,88,15,72,5,68" hai3="104,50,84,60,74,127,105,77,56,16,41,34,120"/><T7/><D125/><U3/><E69/><V71/><F100/><W67/><G127/><T99/><D53/><U80/><E3/><V6/><F46/><W114/><G74/><T44/><D45/><U20/><E58/><V17/><F71/><W65/><G34/><T70/><D44/><U94/><E12/><V110/><F110/><W86/><G114/><N who="1" m="43530" /><E4/><V42/><F42/><W43/><G120/><T109/><D75/><N who="1" m="43039" /><E20/><V9/><REACH who="2" step="1"/><F5/><REACH who="2" ten="250,250,240,250" step="2"/><W38/><G43/><T22/><D119/><U57/><E57/><V32/><F32/><W18/><G56/><T39/><D116/><U59/><E59/><V135/><F135/><W121/><G41/><T1/><D39/><U85/><E24/><V90/><F90/><W21/><G38/><T19/><D7/><U30/><E30/><V132/><F132/><W122/><G121/><T2/><D29/><U40/><E40/><V133/><F133/><W52/><G122/><T129/><D109/><U10/><E10/><V36/><F36/><W35/><G35/><T61/><D108/><U134/><E134/><V92/><F92/><N who="1" m="35369" /><E130/><V102/><F102/><W81/><G21/><T62/><REACH who="0" step="1"/><D129/><REACH who="0" ten="240,250,240,250" step="2"/><U11/><E11/><V101/><F101/><AGARI ba="0,2" hai="0,1,2,19,22,26,61,62,63,66,70,99,101,107" machi="101" ten="40,3900,0" yaku="1,1,2,1,53,0" doraHai="126" doraHaiUra="118" who="0" fromWho="2" sc="240,59,250,0,240,-39,250,0" /><INIT seed="0,1,0,5,4,113" ten="299,250,201,250" oya="0" hai0="60,17,37,119,92,104,16,127,31,36,3,88,55" hai1="49,78,132,50,120,21,6,2,11,131,134,91,110" hai2="125,79,70,67,77,87,126,44,8,53,22,59,103" hai3="34,24,56,72,12,69,61,66,84,80,54,40,109"/><T108/><D3/><U20/><E120/><V83/><F103/><W118/><G72/><T18/><D104/><U107/><E107/><V133/><F133/><N who="1" m="51305" /><E110/><V19/><F44/><W98/><G109/><T13/><D108/><U116/><E131/><V85/><F8/><W135/><G135/><T47/><D31/><U58/><E78/><V75/><F67/><W124/><G40/><T30/><D30/><U38/><E38/><V90/><F70/><W105/><G12/><T129/><D129/><U43/><E91/><V35/><F35/><W74/><G74/><T112/><D112/><U14/><E2/><V99/><F99/><W5/><G5/><T32/><D32/><U26/><E116/><V28/><F28/><W71/><G124/><T94/><D127/><U96/><E26/><V117/><F117/><W121/><G121/><T73/><D119/><U15/><E15/><V93/><F77/><W48/><G118/><T89/><D73/><U25/><E25/><V101/><F101/><W45/><G24/><T41/><D13/><U106/><E43/><V114/><F114/><W51/><G34/><T7/><D7/><U65/><E65/><V10/><F75/><W102/><G51/><N who="1" m="19466" /><E58/><V42/><F42/><W111/><G111/><T57/><REACH who="0" step="1"/><D37/><REACH who="0" ten="289,250,201,250" step="2"/><U46/><E46/><V68/><F126/><W4/><G4/><T33/><D33/><U97/><E106/><V52/><F125/><W63/><G63/><T27/><D27/><U62/><E6/><V76/><F19/><W39/><G39/><T23/><D23/><N who="1" m="8779" /><E62/><N who="2" m="36199" /><F22/><W86/><G105/><T95/><AGARI ba="1,1" hai="16,17,18,36,41,47,55,57,60,88,89,92,94,95" machi="95" ten="30,12000,1" yaku="1,1,5,1,0,1,54,2,53,0" doraHai="113" doraHaiUra="0" who="0" fromWho="0" sc="289,133,250,-41,201,-41,250,-41" /><INIT seed="0,2,0,5,5,22" ten="422,209,160,209" oya="0" hai0="67,72,71,106,50,57,90,48,60,68,62,97,18" hai1="43,86,133,111,84,38,93,56,107,135,0,94,27" hai2="11,31,69,29,87,9,39,95,49,91,12,102,125" hai3="115,66,19,112,98,134,59,122,53,63,25,120,14"/><T36/><D72/><U1/><E107/><V108/><F39/><W131/><G134/><N who="1" m="51210" /><E111/><V2/><F108/><W117/><G131/><T132/><D132/><U23/><E56/><V15/><F69/><W81/><G117/><T127/><D106/><U128/><E128/><V130/><F130/><W79/><G98/><T104/><D104/><U52/><E52/><V20/><F125/><W34/><G53/><T64/><D127/><U5/><E43/><V82/><F2/><N who="1" m="1129" /><E5/><V4/><F49/><N who="0" m="19050" /><D90/><U44/><E44/><V33/><F33/><W26/><G34/><T41/><D97/><U8/><E8/><V88/><F102/><W100/><G100/><T109/><D18/><N who="1" m="12791" /><E38/><V61/><F61/><W96/><G96/><T28/><D28/><U126/><E126/><V92/><F20/><N who="3" m="11383" /><G112/><T103/><D103/><U89/><E84/><N who="2" m="50199" /><F92/><AGARI ba="2,0" hai="86,89,92,93,94" m="12791,1129,51210" machi="92" ten="30,2000,0" yaku="20,1,52,1" doraHai="22" who="1" fromWho="2" sc="422,0,209,26,160,-26,209,0" /><INIT seed="1,0,0,1,0,114" ten="422,235,134,209" oya="1" hai0="41,125,6,33,66,87,14,85,17,40,30,24,38" hai1="8,98,76,111,130,12,44,91,133,19,65,120,58" hai2="75,83,3,113,64,116,112,96,127,134,81,101,4" hai3="129,35,132,5,99,90,128,59,1,80,29,124,10"/><U26/><E120/><V135/><F64/><W94/><G124/><T107/><D125/><U122/><E122/><V79/><F127/><W104/><G132/><N who="2" m="50729" /><F4/><W102/><G80/><T123/><D107/><U88/><E133/><V51/><F51/><W70/><G70/><T48/><D38/><U95/><E130/><N who="3" m="50282" /><G59/><T47/><D66/><U34/><E111/><V103/><F3/><W108/><G108/><T22/><D40/><U11/><E76/><N who="2" m="44191" /><F116/><W121/><G121/><T52/><D123/><U74/><E74/><N who="2" m="43511" /><F101/><W117/><G117/><T77/><D77/><U106/><E44/><V20/><F20/><W2/><G29/><T71/><D71/><U37/><E37/><V32/><F32/><W43/><G35/><T119/><D119/><U15/><E34/><V131/><F131/><W110/><G110/><T89/><D41/><U46/><E46/><V18/><F18/><W42/><G2/><T97/><D6/><U57/><E26/><V69/><F69/><W31/><G31/><T23/><D33/><U0/><E0/><V56/><F56/><W25/><G25/><T60/><D60/><U16/><E65/><V21/><F21/><W45/><G45/><T84/><D97/><AGARI ba="0,0" hai="1,5,10,42,43,90,94,97,99,102,104" m="50282" machi="97" ten="30,1000,0" yaku="19,1" doraHai="114" who="3" fromWho="0" sc="422,-10,235,0,134,0,209,10" /><INIT seed="2,0,0,3,4,17" ten="412,235,134,219" oya="2" hai0="90,0,55,63,114,34,23,60,65,76,58,45,101" hai1="106,96,83,121,51,104,7,91,87,122,27,127,118" hai2="113,94,9,10,28,26,11,50,117,72,86,125,54" hai3="79,56,32,12,67,115,130,44,38,103,57,52,24"/><V8/><F113/><W2/><G2/><T123/><D114/><U119/><E127/><V98/><F125/><W47/><G115/><T95/><D34/><U15/><E27/><V48/><F72/><W21/><G130/><T93/><D0/><U116/><E51/><V97/><F117/><W126/><G126/><T18/><D76/><U20/><E20/><N who="2" m="15431" /><F48/><W102/><G79/><T40/><D123/><N who="1" m="47115" /><E96/><V132/><F132/><W59/><G67/><T92/><D101/><N who="3" m="38409" /><G32/><T29/><D29/><U6/><E15/><V64/><N who="2" m="2048" /><DORA hai="19" /><V134/><F64/><W105/><G12/><N who="0" m="9671" /><D65/><U81/><E6/><V42/><F42/><W85/><G105/><N who="1" m="40554" /><E7/><V41/><F41/><W109/><G38/><T82/><D63/><U75/><E75/><V22/><F22/><W74/><G74/><T14/><D14/><U49/><E49/><V33/><F33/><W1/><G1/><T89/><D40/><U88/><E118/><V16/><F16/><W61/><G21/><T3/><D3/><U5/><E5/><V108/><F134/><W31/><G24/><T100/><D45/><U36/><E36/><V120/><F120/><W25/><G31/><T69/><D69/><U77/><E119/><V129/><F129/><W30/><G25/><T99/><D58/><U78/><E116/><V62/><F62/><W131/><G30/><T80/><D60/><U128/><E128/><V68/><F68/><W73/><G73/><T111/><D55/><U4/><E4/><V107/><F107/><W124/><G131/><T46/><D46/><N who="3" m="17449" /><G124/><T133/><D133/><U13/><E13/><RYUUKYOKU ba="0,0" sc="412,-10,235,30,134,-10,219,-10" hai1="77,78,81,83,87,88,91" /><INIT seed="3,1,0,4,3,7" ten="402,265,124,209" oya="3" hai0="43,9,8,53,23,89,27,72,3,56,118,0,18" hai1="110,42,128,82,111,96,79,76,30,70,132,115,114" hai2="127,130,39,83,47,87,45,26,84,16,74,33,59" hai3="68,55,44,106,64,60,62,77,99,2,35,75,107"/><W108/><G35/><T4/><D72/><U133/><E42/><V129/><F74/><W86/><G75/><T73/><D73/><U104/><E30/><V22/><F127/><W66/><G2/><T94/><D43/><U122/><E70/><V25/><F59/><W95/><G108/><T113/><D113/><U48/><E48/><V90/><F39/><W49/><G86/><T11/><D118/><U125/><E96/><V54/><F54/><W93/><G77/><T105/><D105/><U52/><E52/><V57/><F57/><W71/><REACH who="3" step="1"/><G93/><REACH who="3" ten="402,265,124,199" step="2"/><T121/><D0/><U36/><E111/><V40/><F40/><W29/><G29/><T17/><D121/><U92/><E92/><V88/><F33/><W126/><G126/><T124/><D124/><U69/><E76/><V51/><F26/><W116/><G116/><T58/><D3/><U80/><E79/><V37/><F37/><W31/><G31/><T32/><D32/><U100/><E122/><V112/><F112/><W109/><G109/><T123/><D123/><U19/><E36/><V63/><F63/><W97/><G97/><N who="0" m="57551" /><D4/><U81/><E125/><V65/><F65/><W21/><G21/><N who="0" m="13743" /><D53/><U61/><E110/><V6/><F6/><W12/><G12/><AGARI ba="1,1" hai="8,9,11,12,18,23,56,58" m="13743,57551" machi="12" ten="30,7700,0" yaku="8,1,52,3" doraHai="7" who="0" fromWho="3" sc="402,90,265,0,124,0,199,-80" owari="492,59.2,265,6.5,124,-27.6,119,-38.1" /></mjloggm>