<mjloggm ver="2.3"><GO type="225" lobby="0"/><UN n0="%E3%81%9F%E3%81%A3%E3%81%A1%E3%82%87" n1="%E3%81%8F%E3%81%BE%E3%81%96%E3%82%8F" n2="%E3%83%AD%E3%83%83%E3%83%86%E9%9B%80%E7%90%83" n3="%33%74%72%65%65" dan="16,16,17,17" rate="2078.86,2052.29,2153.81,2194.74" sx="M,M,M,F"/><TAIKYOKU oya="0"/><INIT seed="0,0,0,4,2,87" ten="250,250,250,250" oya="0" hai0="24,93,55,22,35,85,49,11,51,26,75,46,132" hai1="38,127,18,86,54,94,131,3,128,28,71,15,126" hai2="123,32,78,5,133,122,43,106,63,69,79,97,73" hai3="62,14,114,7,6,42,48,74,39,112,50,9,21"/><T120/><D120/><U103/><E3/><V83/><F133/><W25/><G74/><T57/><D75/><U41/><E71/><V105/><F79/><W89/><G6/><T65/><D132/><U23/><E38/><V68/><F43/><W113/><G62/><N who="0" m="38095" /><D35/><U72/><E41/><V61/><F5/><W0/><G0/><T115/><D115/><U107/><E72/><V30/><F63/><W119/><G119/><T90/><D11/><U4/><E4/><V92/><F106/><W134/><G134/><T91/><D22/><U101/><E28/><V16/><F16/><W111/><G111/><T124/><D124/><N who="1" m="47659" /><E54/><V27/><F69/><W33/><G33/><T60/><D60/><U17/><E17/><V12/><F12/><W44/><G21/><T64/><D64/><U20/><E107/><V96/><F61/><W84/><REACH who="3" step="1"/><G25/><REACH who="3" ten="250,250,250,240" step="2"/><T76/><D76/><U129/><E23/><V108/><F108/><W70/><G70/><T99/><D49/><U37/><E37/><V95/><F68/><W104/><G104/><T58/><D58/><U116/><E116/><V31/><F105/><W118/><G118/><T19/><D19/><U59/><E59/><V117/><F117/><W2/><G2/><T34/><D34/><U10/><E10/><V52/><F31/><W1/><G1/><T100/><D24/><U88/><AGARI ba="0,1" hai="15,18,20,86,88,94,101,103,128,129,131" m="47659" machi="88" ten="40,8000,1" yaku="19,1,18,1,52,1,54,1" doraHai="87" who="1" fromWho="1" sc="250,-40,250,90,250,-20,240,-20" /><INIT seed="1,0,0,1,2,5" ten="210,340,230,220" oya="1" hai0="76,99,27,20,114,131,19,36,81,83,130,38,61" hai1="4,93,111,8,117,75,118,113,53,107,16,103,121" hai2="2,88,42,1,73,77,106,123,101,115,62,50,22" hai3="89,18,60,132,133,68,63,127,57,65,40,26,102"/><U64/><E113/><V48/><F123/><W72/><G127/><T105/><D114/><U32/><E121/><V11/><F115/><W135/><G102/><N who="0" m="62687" /><D61/><U49/><E107/><V3/><F22/><N who="3" m="13655" /><G40/><T109/><D109/><U94/><E75/><V92/><F62/><N who="3" m="39991" /><G72/><N who="0" m="43143" /><D83/><U79/><E32/><V110/><F110/><W78/><G78/><T58/><D58/><U14/><E111/><V52/><F77/><W122/><G122/><T66/><D66/><U82/><E64/><V74/><F101/><W104/><G104/><T96/><D96/><U126/><E126/><V24/><F106/><W9/><G57/><T54/><D54/><U56/><E103/><V67/><F67/><W0/><G89/><T39/><D20/><U86/><REACH who="1" step="1"/><E4/><AGARI ba="0,0" hai="0,4,9,60,63,132,133,135" m="39991,13655" machi="4" ten="30,2000,0" yaku="20,1,52,1" doraHai="5" who="3" fromWho="1" sc="210,0,340,-20,230,0,220,20" /><INIT seed="2,0,0,2,5,114" ten="210,320,230,240" oya="2" hai0="55,0,45,66,101,128,65,30,33,22,89,25,112" hai1="124,8,115,36,46,130,37,78,7,88,38,32,118" hai2="68,52,60,134,4,135,93,70,105,42,131,84,74" hai3="1,47,19,100,97,96,85,27,83,123,26,94,6"/><V40/><F105/><W9/><G123/><T119/><D112/><U15/><E115/><V87/><F74/><W63/><G97/><T43/><D0/><U39/><E124/><V90/><F4/><W58/><G47/><T24/><D128/><U82/><E130/><V109/><F131/><W76/><REACH who="3" step="1"/><G19/><REACH who="3" ten="210,320,230,230" step="2"/><T111/><D101/><U77/><E46/><V17/><F17/><W14/><G14/><T61/><D111/><U98/><E15/><V132/><F109/><W79/><G79/><T62/><D89/><U11/><E78/><V133/><F133/><W31/><G31/><T72/><D45/><U12/><E77/><V104/><F104/><W69/><G69/><N who="2" m="26729" /><F87/><W108/><G108/><T54/><D72/><U53/><E12/><V16/><F16/><W107/><G107/><T49/><D43/><U44/><E39/><V28/><F28/><W56/><G56/><AGARI ba="0,1" hai="40,42,52,56,60,84,90,93,132,134,135" m="26729" machi="56" ten="40,3900,0" yaku="20,1,54,1" doraHai="114" who="2" fromWho="3" sc="210,0,320,0,230,49,230,-39" /><INIT seed="2,1,0,0,3,67" ten="210,320,279,191" oya="2" hai0="25,13,75,68,83,16,12,64,111,122,18,51,128" hai1="9,14,32,42,53,33,99,85,43,62,90,47,56" hai2="21,10,130,61,132,5,96,6,50,80,94,124,98" hai3="38,133,19,105,22,27,106,119,60,41,54,52,66"/><V59/><F124/><W3/><G119/><T82/><D122/><U88/><E33/><V40/><F130/><W131/><G131/><T49/><D128/><U109/><E32/><V134/><F80/><W11/><G133/><N who="2" m="51305" /><F21/><W63/><G38/><T76/><D111/><U77/><E109/><V31/><F31/><W129/><G41/><N who="1" m="15370" /><E47/><N who="2" m="25959" /><F94/><W104/><G129/><T8/><D82/><N who="1" m="47311" /><E99/><N who="2" m="37931" /><F10/><W101/><G101/><T113/><D25/><U74/><E74/><V86/><F86/><W45/><G3/><T20/><REACH who="0" step="1"/><D113/><REACH who="0" ten="200,320,279,191" step="2"/><U97/><E97/><V93/><F93/><W108/><G108/><T123/><D123/><U37/><E37/><V65/><AGARI ba="1,1" hai="5,6,59,61,65" m="37931,25959,51305" machi="65" ten="30,1500,0" yaku="20,1" doraHai="67" who="2" fromWho="2" sc="200,-6,320,-6,279,28,191,-6" /><INIT seed="2,2,0,1,0,99" ten="194,314,307,185" oya="2" hai0="1,86,79,72,93,73,40,98,132,6,111,87,69" hai1="115,134,90,92,42,12,110,22,39,59,133,21,117" hai2="55,96,45,130,15,43,101,3,34,116,26,106,91" hai3="121,5,120,13,103,20,89,74,64,100,77,124,58"/><V82/><F3/><W94/><G64/><T102/><D69/><U113/><E117/><V51/><F116/><W35/><G35/><T127/><D40/><U41/><E110/><V109/><F130/><W123/><G58/><T4/><D4/><U135/><E59/><V19/><F109/><W71/><G71/><T83/><D111/><U68/><E68/><V25/><F34/><W14/><G124/><T9/><D127/><U80/><E80/><V104/><F104/><W30/><G77/><T63/><D63/><U105/><E105/><V10/><F43/><N who="1" m="16393" /><E39/><V70/><F70/><W108/><G74/><T2/><D2/><U48/><E48/><V31/><F31/><W8/><G108/><T129/><D129/><U65/><E65/><V0/><F0/><W37/><G37/><T67/><D67/><U60/><E60/><V56/><F56/><W54/><G54/><T57/><D57/><U118/><E118/><V125/><F125/><W23/><G30/><T24/><D132/><U61/><E61/><V131/><F131/><W122/><G122/><T84/><REACH who="0" step="1"/><D24/><REACH who="0" ten="184,314,307,185" step="2"/><U44/><E133/><V75/><F26/><W78/><G14/><T18/><D18/><U27/><E12/><V36/><F25/><W33/><G33/><T107/><D107/><U53/><E27/><V119/><F36/><W16/><G5/><T114/><D114/><U128/><E128/><V49/><F119/><W29/><G29/><T88/><D88/><U112/><E135/><V66/><F66/><W97/><G78/><T85/><AGARI ba="2,1" hai="1,6,9,72,73,79,83,84,85,86,87,93,98,102" machi="85" ten="30,7900,0" yaku="1,1,0,1,52,1,53,1" doraHai="99" doraHaiUra="95" who="0" fromWho="0" sc="184,95,314,-22,307,-41,185,-22" /><INIT seed="3,0,0,0,1,88" ten="279,292,266,163" oya="3" hai0="53,50,69,77,93,44,106,57,132,96,22,84,115" hai1="12,48,65,25,133,109,123,87,114,79,120,128,83" hai2="82,112,99,28,97,3,42,40,134,26,14,81,117" hai3="39,74,75,118,86,32,102,127,29,16,58,21,10"/><W95/><G118/><T41/><D69/><U52/><E114/><V64/><F3/><W49/><G39/><T104/><D115/><U63/><E109/><V37/><F117/><W71/><G71/><T103/><D132/><U27/><E133/><V78/><F134/><W100/><G127/><T122/><D122/><U2/><E2/><V4/><F112/><W107/><G107/><T19/><D84/><U68/><E128/><V54/><F64/><W135/><G135/><T72/><D77/><U31/><E12/><V7/><F54/><N who="3" m="32079" /><G75/><T11/><D11/><U131/><E25/><V56/><F56/><W67/><G74/><T13/><REACH who="0" step="1"/><D72/><REACH who="0" ten="269,292,266,163" step="2"/><U94/><E131/><V45/><F78/><W66/><G10/><T73/><D73/><U110/><E110/><V80/><F42/><W38/><G38/><AGARI ba="0,1" hai="13,19,22,38,41,44,50,53,57,93,96,103,104,106" machi="38" ten="30,3900,0" yaku="1,1,7,1,52,1,53,0" doraHai="88" doraHaiUra="111" who="0" fromWho="3" sc="269,49,292,0,266,0,163,-39" owari="318,41.8,292,9.2,266,-13.4,124,-37.6" /></mjloggm>