<mjloggm ver="2.3"><GO type="225" lobby="0"/><UN n0="%33%74%72%65%65" n1="%E6%A1%9C%E8%8A%B1%E9%96%83%E3%80%85" n2="%E3%82%A2%E3%83%A1%E3%82%A2%E3%83%A9%E3%83%AC" n3="%79%75%72%69%6D%6F%67" dan="16,16,16,16" rate="2110.62,2232.08,2161.29,2149.01" sx="F,M,M,F"/><TAIKYOKU oya="0"/><INIT seed="0,0,0,3,1,125" ten="250,250,250,250" oya="0" hai0="105,126,115,39,98,89,118,90,46,75,117,93,55" hai1="82,63,38,54,62,49,94,109,45,74,42,123,70" hai2="67,22,51,41,32,100,83,87,59,61,108,111,1" hai3="56,124,58,36,15,25,132,130,110,122,133,52,60"/><T5/><D115/><U10/><E123/><V6/><F32/><W121/><G25/><T65/><D126/><U85/><E109/><N who="2" m="42059" /><F100/><W106/><G106/><T53/><D105/><U135/><E135/><N who="3" m="51786" /><G15/><T0/><D75/><U4/><E94/><V128/><F128/><W84/><G84/><T11/><D65/><U79/><E85/><V3/><F22/><W86/><G86/><T80/><D80/><U31/><E70/><V72/><F6/><W101/><G101/><T77/><D77/><U48/><E48/><V69/><F72/><W7/><G7/><T16/><D89/><U81/><E31/><V97/><F97/><W35/><G35/><T131/><D131/><U129/><E82/><V21/><F21/><W107/><G107/><T71/><D71/><U43/><E43/><V29/><F29/><W17/><G17/><T9/><D117/><U18/><E18/><V119/><F119/><W91/><G91/><T104/><D118/><U24/><E24/><V99/><F99/><W12/><G12/><T68/><D68/><U120/><E120/><N who="3" m="46186" /><G110/><T13/><D104/><U112/><E129/><V8/><F8/><W2/><G2/><N who="2" m="521" /><F87/><W19/><G19/><T33/><D33/><U47/><E112/><V127/><F83/><W44/><G130/><T14/><D0/><AGARI ba="0,0" hai="0,4,10,38,42,45,47,49,54,62,63,74,79,81" machi="0" ten="30,3900,0" yaku="7,1,25,2" doraHai="125" who="1" fromWho="0" sc="250,-39,250,39,250,0,250,0" /><INIT seed="1,0,0,0,5,44" ten="211,289,250,250" oya="1" hai0="120,132,9,34,52,49,13,56,68,11,112,3,65" hai1="93,8,70,116,54,107,71,48,133,60,46,108,110" hai2="10,124,78,40,19,131,88,117,57,101,90,59,28" hai3="73,12,118,1,61,119,42,94,109,67,98,26,36"/><U51/><E107/><V128/><F117/><W79/><G109/><N who="1" m="42090" /><E116/><N who="3" m="44586" /><G1/><T74/><D112/><U21/><E133/><V14/><F124/><W15/><G42/><T18/><D132/><U81/><E93/><V84/><F101/><N who="3" m="60631" /><G36/><T111/><D111/><U17/><E8/><V39/><F28/><W96/><G96/><T69/><D120/><U6/><E6/><V102/><F102/><W7/><G7/><T4/><D74/><U72/><E60/><V63/><F78/><W87/><G73/><T75/><D75/><U92/><E92/><N who="2" m="54279" /><F90/><W106/><G106/><T134/><D134/><U5/><E5/><V86/><F86/><W126/><G126/><T20/><D34/><U80/><E72/><V100/><F63/><W62/><G62/><T76/><D76/><U104/><E104/><V135/><F100/><W83/><G26/><T105/><D105/><U122/><E122/><V50/><F39/><W64/><G64/><T114/><D114/><U33/><E33/><V97/><F97/><W31/><G31/><T95/><D65/><U23/><E81/><V32/><F32/><W22/><G22/><N who="1" m="8202" /><E80/><V85/><F135/><W115/><G115/><T30/><REACH who="0" step="1"/><D95/><REACH who="0" ten="201,289,250,250" step="2"/><U29/><E29/><V91/><F128/><W127/><G127/><T38/><D38/><U27/><E71/><AGARI ba="0,1" hai="12,15,61,67,71,79,83,87" m="60631,44586" machi="71" ten="30,1000,0" yaku="12,1" doraHai="44" who="3" fromWho="1" sc="201,0,289,-10,250,0,250,20" /><INIT seed="2,0,0,2,3,83" ten="201,279,250,270" oya="2" hai0="132,38,57,117,42,73,80,115,125,114,39,20,18" hai1="54,65,63,102,50,22,67,124,94,13,105,17,126" hai2="35,23,123,87,59,108,98,21,7,130,104,43,99" hai3="53,134,28,47,1,8,2,112,34,19,40,84,88"/><V44/><F123/><W14/><G134/><T120/><D120/><U15/><E105/><V85/><F35/><W27/><G112/><T69/><D69/><U0/><E0/><V62/><F130/><W119/><G119/><T9/><D9/><U41/><E41/><V79/><F7/><W68/><G68/><T71/><D71/><U75/><E75/><V45/><F79/><W93/><REACH who="3" step="1"/><G53/><REACH who="3" ten="201,279,250,260" step="2"/><T107/><D115/><U96/><E126/><V52/><F108/><W56/><G56/><T122/><D57/><N who="1" m="32983" /><E124/><V76/><F45/><W61/><G61/><T25/><D114/><U51/><E63/><V66/><F66/><W48/><AGARI ba="0,1" hai="1,2,8,14,19,27,28,34,40,47,48,84,88,93" machi="48" ten="20,8000,1" yaku="1,1,0,1,7,1,52,1,54,1,53,0" doraHai="83" doraHaiUra="106" who="3" fromWho="3" sc="201,-20,279,-20,250,-40,260,90" /><INIT seed="3,0,0,1,2,59" ten="181,259,210,350" oya="3" hai0="106,116,126,123,65,38,57,5,39,132,80,85,2" hai1="55,125,22,109,111,135,44,53,73,50,30,70,121" hai2="46,60,112,32,6,119,89,64,19,130,71,3,35" hai3="48,9,24,28,114,27,72,124,76,86,92,14,29"/><W68/><G68/><T117/><D123/><U62/><E73/><V105/><F112/><W97/><G72/><T25/><D106/><U34/><E22/><V78/><F119/><W131/><G131/><T63/><D132/><U66/><E30/><V127/><F130/><W11/><G124/><T94/><D126/><U79/><E79/><V56/><F127/><W83/><G48/><T37/><D94/><U54/><E34/><V82/><F105/><W107/><G107/><T128/><D128/><U129/><E129/><V93/><F19/><W103/><G114/><T33/><D33/><U81/><E81/><V12/><F3/><W96/><G96/><T61/><D25/><N who="3" m="9801" /><G11/><T42/><D42/><N who="1" m="24855" /><E125/><V23/><F71/><W8/><G8/><T26/><D26/><U4/><E4/><AGARI ba="0,0" hai="4,9,14,28,29,76,83,86,92,97,103" m="9801" machi="4" ten="30,1500,0" yaku="8,1" doraHai="59" who="3" fromWho="1" sc="181,0,259,-15,210,0,350,15" owari="181,-31.9,244,4.4,210,-19.0,365,46.5" /></mjloggm>