<mjloggm ver="2.3"><GO type="225" lobby="0"/><UN n0="%E7%9C%9F%E4%B8%80" n1="%E3%81%82%E3%81%99%E3%81%AB%E3%82%83%E3%82%80" n2="%6E%69%63%6B%6C%6F%77" n3="%6D%75%75%6D%75%72%61" dan="17,16,16,16" rate="2215.65,2106.66,2101.74,2217.50" sx="M,F,F,F"/><TAIKYOKU oya="0"/><INIT seed="0,0,0,4,1,37" ten="250,250,250,250" oya="0" hai0="91,51,81,133,57,27,117,58,89,62,74,28,123" hai1="63,11,46,111,134,77,80,105,126,75,79,102,64" hai2="69,8,4,23,5,56,124,76,86,135,61,130,97" hai3="60,17,21,54,73,26,22,13,39,112,44,109,88"/><T3/><D123/><U114/><E111/><V49/><F124/><W70/><G112/><T125/><D117/><U116/><E116/><V92/><F130/><W99/><G73/><T34/><D3/><U52/><E126/><V132/><F69/><W131/><G131/><T128/><D128/><U122/><E122/><V72/><F72/><W108/><G70/><T1/><D1/><U45/><E114/><V103/><F8/><W29/><G60/><T36/><D36/><U16/><E79/><V78/><F78/><W84/><G99/><T101/><D101/><U24/><E64/><V9/><F23/><W10/><G22/><T104/><D104/><U87/><E24/><V42/><F9/><W33/><G33/><T83/><D125/><U110/><E110/><V15/><F15/><W65/><G65/><T0/><D0/><U25/><E25/><V94/><F61/><W2/><G2/><T32/><D32/><U18/><E75/><V113/><F113/><W93/><REACH who="3" step="1"/><G54/><REACH who="3" ten="250,250,250,240" step="2"/><N who="0" m="31967" /><D74/><U50/><E63/><V41/><F135/><W106/><G106/><T127/><D133/><U31/><E134/><V119/><F132/><W12/><G12/><T115/><D115/><U71/><E71/><V6/><F119/><W67/><G67/><N who="0" m="39383" /><D127/><U40/><E105/><V120/><F120/><W95/><G95/><T30/><D30/><U59/><E31/><V38/><F38/><W47/><G47/><T107/><D107/><U129/><E45/><V90/><F76/><W43/><AGARI ba="0,1" hai="10,13,17,21,26,29,39,43,44,84,88,93,108,109" machi="43" ten="30,8000,1" yaku="1,1,0,1,52,1,54,1,53,1" doraHai="37" doraHaiUra="19" who="3" fromWho="3" sc="250,-40,250,-20,250,-20,240,90" /><INIT seed="1,0,0,5,0,68" ten="210,230,230,330" oya="1" hai0="22,126,58,62,81,6,131,7,127,125,118,20,100" hai1="70,63,83,44,91,19,76,38,86,57,59,82,4" hai2="79,65,16,98,75,119,107,45,39,104,15,129,24" hai3="61,78,134,67,103,34,112,49,113,40,9,50,36"/><U74/><E4/><N who="0" m="1577" /><D118/><U64/><REACH who="1" step="1"/><E19/><REACH who="1" ten="210,220,230,330" step="2"/><V69/><F16/><W106/><G113/><T105/><D131/><U135/><E135/><V26/><F129/><W54/><G112/><T133/><D133/><U128/><E128/><V17/><F17/><W46/><G134/><T29/><D29/><U130/><E130/><V60/><F119/><W120/><G120/><T27/><D27/><U33/><E33/><V115/><F26/><W37/><G34/><T85/><D105/><U42/><AGARI ba="0,1" hai="38,42,44,57,59,63,64,70,74,76,82,83,86,91" machi="42" ten="30,6000,0" yaku="1,1,0,1,52,1,53,0" doraHai="68" doraHaiUra="11" who="1" fromWho="1" sc="210,-20,220,70,230,-20,330,-20" /><INIT seed="1,1,0,5,3,114" ten="190,290,210,310" oya="1" hai0="94,17,69,0,88,55,51,50,29,2,90,102,109" hai1="115,82,85,112,35,92,22,49,18,119,44,48,8" hai2="46,103,31,74,36,71,124,64,39,15,118,27,91" hai3="105,58,54,129,61,11,13,52,135,113,95,65,47"/><U130/><E35/><V128/><F15/><W72/><G113/><T70/><D29/><U122/><E122/><V68/><F91/><W45/><G105/><T5/><D109/><U19/><E119/><V26/><F26/><W132/><G72/><T121/><D121/><U16/><E130/><V56/><F56/><W116/><G95/><T33/><D33/><U1/><E115/><V126/><F46/><N who="3" m="17419" /><G129/><T43/><D43/><U42/><E112/><V89/><F89/><W57/><G11/><T6/><D17/><N who="1" m="6763" /><E1/><V93/><F74/><W87/><G87/><T59/><D94/><U67/><E49/><V83/><F83/><W125/><G13/><T32/><D32/><U9/><E67/><V20/><F128/><W10/><G10/><T4/><D102/><U76/><E92/><V24/><F24/><AGARI ba="1,0" hai="8,9,19,22,24,42,44,48,76,82,85" m="6763" machi="24" ten="30,2900,0" yaku="8,1,54,1" doraHai="114" who="1" fromWho="2" sc="190,0,290,32,210,-32,310,0" /><INIT seed="1,2,0,5,0,117" ten="190,322,178,310" oya="1" hai0="93,31,70,85,13,29,121,84,21,2,69,44,122" hai1="37,9,109,25,60,5,83,103,38,36,79,64,52" hai2="126,67,88,4,98,54,129,17,115,104,120,74,71" hai3="86,19,75,16,99,91,106,65,102,100,53,89,10"/><U1/><E103/><V14/><F74/><W95/><G75/><T111/><D2/><U30/><E109/><V97/><F104/><W113/><G113/><T61/><D111/><U110/><E110/><V92/><F115/><W55/><G65/><N who="0" m="41135" /><D70/><U24/><E30/><N who="0" m="11273" /><D44/><U46/><E64/><V35/><F35/><W58/><G106/><T40/><D40/><U82/><E82/><V57/><F4/><W34/><G34/><T81/><D93/><U28/><E28/><V134/><F126/><W8/><G100/><T15/><D85/><U131/><E131/><V101/><F129/><W20/><G102/><T130/><D21/><U33/><E33/><V47/><F134/><W87/><G99/><T114/><D114/><U107/><E107/><V22/><F71/><W12/><G8/><T119/><D119/><U39/><E39/><V18/><F67/><W51/><G55/><T90/><D130/><U135/><E135/><V132/><F132/><W96/><REACH who="3" step="1"/><G89/><REACH who="3" ten="190,322,178,300" step="2"/><T26/><D26/><AGARI ba="2,1" hai="10,12,16,19,20,26,51,53,58,86,87,91,95,96" machi="26" ten="30,12000,2" yaku="1,1,2,1,7,1,8,1,54,1,53,1" doraHai="117" doraHaiUra="94" who="3" fromWho="0" sc="190,-126,322,0,178,0,300,136" /><INIT seed="2,0,0,5,0,118" ten="64,322,178,436" oya="2" hai0="119,83,120,135,133,14,49,126,53,68,23,109,100" hai1="76,37,104,121,94,84,77,89,116,107,97,2,80" hai2="10,81,98,24,99,96,16,0,46,102,36,129,5" hai3="64,128,38,79,51,60,92,12,74,71,34,27,57"/><V11/><F129/><W61/><G38/><T62/><D100/><U113/><E37/><V6/><F81/><W91/><G128/><T21/><D83/><U55/><E2/><V127/><F127/><W78/><G74/><T8/><D119/><U105/><E116/><V115/><F115/><W20/><G34/><T44/><D126/><U48/><E113/><V82/><F82/><W87/><G12/><T69/><D109/><U41/><E41/><V13/><F36/><W28/><G51/><T90/><D90/><N who="1" m="51463" /><E48/><V85/><F85/><W70/><G70/><T26/><D62/><U4/><E4/><V45/><F102/><W63/><G63/><T132/><D23/><U25/><E25/><V67/><F67/><AGARI ba="0,0" hai="20,27,28,57,60,61,64,67,71,78,79,87,91,92" machi="67" ten="30,1000,0" yaku="7,1" doraHai="118" who="3" fromWho="2" sc="64,0,322,0,178,-10,436,10" /><INIT seed="3,0,0,3,4,17" ten="64,322,168,446" oya="3" hai0="2,20,122,89,0,111,78,94,7,62,23,117,118" hai1="76,75,48,99,77,98,131,70,128,9,102,114,45" hai2="80,36,55,50,43,68,42,65,34,33,108,53,133" hai3="29,64,130,38,6,96,103,22,56,15,95,72,13"/><W5/><G38/><T124/><D122/><U101/><E70/><V24/><F108/><W134/><G72/><T59/><D111/><U126/><E9/><V57/><F80/><W11/><G130/><T30/><D124/><U52/><E48/><V4/><F4/><N who="3" m="3303" /><G134/><T71/><D71/><U21/><E52/><N who="2" m="31895" /><F24/><N who="3" m="16535" /><G15/><T88/><D78/><U84/><E21/><V69/><F33/><W16/><G16/><T66/><D30/><U93/><E45/><N who="2" m="23751" /><F34/><W1/><G1/><T91/><D94/><U63/><E63/><AGARI ba="0,0" hai="5,6,56,63,64,95,96,103" m="16535,3303" machi="63" ten="30,5800,0" yaku="25,1,8,1,52,1" doraHai="17" who="3" fromWho="1" sc="64,0,322,-58,168,0,446,58" owari="64,-43.6,264,6.4,168,-23.2,504,60.4" /></mjloggm>