<mjloggm ver="2.3"><GO type="225" lobby="0"/><UN n0="%E8%B6%85%E7%B4%9A%E9%B3%B3%E5%87%B0" n1="%E3%81%A9%E3%82%8F%E3%82%93%E3%81%94" n2="%E3%83%97%E3%83%AC%E3%83%B4%E3%82%A1%E3%83%86%E3%82%A3" n3="%E5%B0%8F%E9%B3%A5%E9%81%8A%E7%B7%B4%E7%84%A1%32%31%E6%AD%B3" dan="16,16,16,16" rate="2155.88,2071.18,2167.42,2204.30" sx="M,M,F,F"/><TAIKYOKU oya="0"/><INIT seed="0,0,0,4,1,67" ten="250,250,250,250" oya="0" hai0="127,18,69,6,75,68,115,126,96,101,129,105,54" hai1="95,81,106,84,73,47,15,13,79,42,72,117,8" hai2="120,45,121,87,7,66,20,125,37,43,12,78,116" hai3="70,19,88,133,28,33,100,36,22,21,38,31,112"/><T44/><D115/><U62/><E117/><V63/><F116/><W46/><G112/><T107/><D75/><U119/><E106/><V50/><F125/><N who="0" m="47626" /><D129/><U86/><E119/><V108/><F108/><W80/><G100/><T71/><D6/><U25/><E25/><V97/><F97/><W0/><G0/><T77/><D77/><U85/><E62/><V55/><F78/><W49/><G133/><T91/><D91/><U123/><E123/><V110/><F87/><W57/><G57/><T9/><D107/><U1/><E73/><V16/><F7/><W103/><G103/><T51/><D18/><U122/><E122/><V92/><F92/><W131/><G33/><T14/><D14/><U74/><E74/><V52/><F110/><W32/><G32/><T59/><D9/><U64/><E64/><V98/><F98/><W40/><G131/><T104/><D104/><U30/><E30/><V48/><F50/><W41/><G49/><T56/><AGARI ba="0,0" hai="44,51,54,56,59,68,69,71,96,101,105" m="47626" machi="56" ten="40,12000,1" yaku="18,1,52,3" doraHai="67" who="0" fromWho="0" sc="250,120,250,-40,250,-40,250,-40" /><INIT seed="0,1,0,4,0,103" ten="370,210,210,210" oya="0" hai0="58,40,81,37,8,116,10,11,121,35,92,135,77" hai1="79,97,56,51,4,62,74,100,67,134,101,69,30" hai2="47,123,52,25,5,20,46,28,3,27,102,14,17" hai3="107,83,7,93,80,131,0,115,16,70,9,12,124"/><T68/><D116/><U71/><E134/><V32/><F123/><W33/><G115/><T118/><D118/><U106/><E100/><V2/><F102/><W94/><G70/><T29/><D121/><U63/><E4/><V90/><F90/><W15/><G33/><T82/><D68/><U86/><E74/><V57/><F25/><W119/><G119/><T88/><D135/><U105/><E30/><V128/><F128/><W117/><G131/><T109/><D109/><U84/><E79/><V24/><F24/><W99/><G117/><T64/><D35/><U1/><E1/><V129/><F129/><W60/><G60/><T132/><D29/><U48/><E106/><V50/><REACH who="2" step="1"/><F2/><REACH who="2" ten="370,210,200,210" step="2"/><W39/><G0/><T108/><D88/><U73/><E101/><V18/><F18/><W126/><G7/><T23/><D132/><U41/><E105/><V72/><F72/><W113/><G107/><T98/><D108/><U85/><E97/><V22/><F22/><W42/><G16/><T104/><D104/><U133/><E73/><V120/><F120/><W21/><G21/><T111/><D111/><U65/><E133/><V13/><F13/><W89/><G12/><T78/><D23/><U53/><E86/><V110/><F110/><W76/><G15/><T36/><D98/><U91/><E91/><V45/><F45/><AGARI ba="1,1" hai="41,45,48,51,53,56,62,63,65,67,69,71,84,85" machi="45" ten="40,1300,0" yaku="9,1" doraHai="103" who="1" fromWho="2" sc="370,0,210,26,200,-16,210,0" /><INIT seed="1,0,0,1,3,132" ten="370,236,184,210" oya="1" hai0="100,108,107,135,114,63,105,41,35,8,127,57,81" hai1="7,39,77,122,51,47,133,21,113,79,45,27,104" hai2="16,43,85,124,0,65,28,59,15,84,129,34,121" hai3="118,131,36,101,78,60,24,73,103,25,64,75,109"/><U71/><E122/><V46/><F121/><W97/><G109/><T5/><D114/><U87/><E113/><V82/><F0/><W29/><G36/><T91/><D35/><U6/><E104/><V2/><F2/><W40/><G40/><T70/><D108/><U96/><E71/><V119/><F119/><W116/><G131/><T30/><D135/><U22/><E133/><V50/><F129/><W26/><G29/><T86/><D70/><U95/><E39/><V93/><F124/><W123/><G123/><T31/><D127/><U54/><E47/><V1/><F1/><W53/><G53/><T19/><D41/><U55/><E55/><V125/><F125/><W56/><G101/><T17/><D105/><U68/><E68/><V76/><F34/><W37/><G37/><T115/><D115/><U126/><E126/><V13/><F28/><N who="0" m="10794" /><D107/><U3/><E3/><V106/><F106/><W33/><G33/><T88/><D100/><N who="1" m="60447" /><E22/><V9/><F15/><W112/><G112/><T92/><D5/><N who="1" m="1547" /><E87/><V44/><F44/><W58/><G75/><T98/><D8/><U74/><E74/><V61/><F93/><W66/><G73/><AGARI ba="0,0" hai="9,13,16,43,46,50,59,61,65,73,76,82,84,85" machi="73" ten="30,2000,0" yaku="7,1,54,1" doraHai="132" who="2" fromWho="3" sc="370,0,236,0,184,20,210,-20" /><INIT seed="2,0,0,2,2,107" ten="370,236,204,190" oya="2" hai0="68,63,106,111,78,104,12,35,48,99,109,114,34" hai1="14,105,1,24,115,11,50,30,37,69,97,55,32" hai2="101,64,13,133,8,75,23,59,51,127,80,124,85" hai3="76,61,20,47,89,73,45,134,46,135,4,88,5"/><V122/><F122/><W43/><G20/><T7/><D114/><U31/><E115/><V98/><F133/><N who="3" m="50699" /><G61/><T74/><D48/><U83/><E37/><V33/><F33/><W21/><G21/><T116/><D116/><U26/><E69/><V41/><F23/><W103/><G103/><N who="0" m="62591" /><D106/><U62/><E62/><V16/><F64/><W113/><G43/><T86/><D86/><U18/><E1/><V52/><F41/><W93/><G113/><T60/><D7/><N who="3" m="2633" /><G93/><T2/><D2/><U119/><E105/><V87/><F101/><W67/><G67/><N who="0" m="41063" /><D12/><U28/><E14/><V125/><F98/><W25/><G25/><T70/><D63/><U0/><E26/><V91/><F87/><W120/><G120/><T79/><D70/><U54/><E97/><V19/><F19/><W82/><AGARI ba="0,0" hai="45,46,47,73,76,82,88,89" m="2633,50699" machi="82" ten="40,5200,0" yaku="20,1,52,1,54,1" doraHai="107" who="3" fromWho="3" sc="370,-13,236,-13,204,-26,190,52" /><INIT seed="3,0,0,1,3,100" ten="357,223,178,242" oya="3" hai0="134,30,87,74,73,39,5,9,57,113,125,40,105" hai1="112,110,81,37,128,29,98,41,129,88,38,35,133" hai2="19,54,36,99,68,106,67,90,7,85,84,50,22" hai3="34,102,52,23,28,91,14,16,27,21,71,93,79"/><W59/><G71/><T111/><D111/><U126/><E112/><V45/><F7/><W130/><G130/><N who="1" m="50282" /><E110/><V103/><F36/><W3/><G3/><T42/><D113/><U12/><E133/><V20/><F20/><W18/><G79/><T118/><D118/><U4/><E41/><V96/><F68/><W49/><G102/><T44/><D134/><U114/><E126/><V10/><F10/><W120/><G120/><T55/><D42/><U104/><E114/><V63/><F99/><W131/><G131/><T51/><D125/><U76/><E4/><V15/><REACH who="2" step="1"/><F90/><REACH who="2" ten="357,223,168,242" step="2"/><W66/><G34/><T32/><D5/><U58/><E88/><V94/><F94/><W0/><G0/><T24/><D9/><U33/><E33/><V64/><F64/><W8/><G66/><T80/><D105/><U122/><E35/><V132/><F132/><W25/><G93/><T70/><D70/><U119/><E37/><V2/><F2/><W82/><G91/><AGARI ba="0,1" hai="24,30,32,39,40,44,51,55,57,73,74,80,87,91" machi="91" ten="30,1000,0" yaku="7,1" doraHai="100" who="0" fromWho="3" sc="357,20,223,0,168,0,242,-10" owari="377,47.7,223,-17.7,168,-33.2,232,3.2" /></mjloggm>