<mjloggm ver="2.3"><GO type="225" lobby="0"/><UN n0="%E6%A0%B9%E5%85%83%E3%81%8B%E3%82%89%E5%90%B9%E3%81%A3%E9%A3%9B%E3%81%B6" n1="%E5%80%89%E6%A9%8B%EF%BC%A0%E4%BA%8B%E5%8B%99" n2="%E2%91%A3%E9%81%BF%E9%81%8A%E6%88%AF%E3%80%90%E6%9D%B1%E5%8D%97%E3%80%91" n3="%E5%88%9D%E5%8F%B7%E6%A9%9F%E3%81%A8%E4%BA%8C%E5%8F%B7%E6%A9%9F" dan="16,16,16,17" rate="2167.33,2074.32,2121.77,2191.80" sx="F,M,M,M"/><TAIKYOKU oya="0"/><INIT seed="0,0,0,2,1,46" ten="250,250,250,250" oya="0" hai0="106,113,34,93,42,101,112,6,61,67,97,28,121" hai1="53,83,89,5,62,99,52,0,3,25,100,54,4" hai2="26,38,107,84,129,56,120,92,72,10,69,95,103" hai3="57,126,110,130,94,82,117,77,41,85,80,128,55"/><T2/><D121/><U20/><E62/><V27/><F69/><W45/><G117/><T31/><D42/><U135/><E135/><V59/><F72/><W124/><G94/><T76/><D76/><U43/><E43/><V90/><F38/><N who="3" m="21687" /><G82/><T11/><D93/><U87/><E0/><V18/><F129/><N who="3" m="49771" /><G110/><T132/><D132/><U47/><E47/><V48/><F107/><W51/><AGARI ba="0,0" hai="51,55,57,77,80,85,124,126" m="49771,21687" machi="51" ten="30,2000,0" yaku="19,1,52,1" doraHai="46" who="3" fromWho="3" sc="250,-10,250,-5,250,-5,250,20" /><INIT seed="1,0,0,1,0,135" ten="240,245,245,270" oya="1" hai0="94,15,112,74,97,39,22,41,10,91,25,49,123" hai1="134,44,24,2,129,11,110,100,88,85,54,3,37" hai2="61,125,73,101,45,99,80,119,126,76,86,62,16" hai3="42,36,29,70,33,128,71,4,118,48,40,35,19"/><U26/><E134/><V92/><F119/><W105/><G105/><T56/><D112/><U117/><E117/><V34/><F34/><W102/><G102/><T113/><D113/><U89/><E100/><V31/><F31/><W38/><G19/><N who="0" m="12511" /><D74/><U20/><E129/><V116/><F116/><W8/><G118/><T84/><D39/><U21/><E110/><V82/><F45/><W47/><G128/><T13/><D123/><U59/><E44/><V46/><F46/><W68/><G40/><T132/><D132/><U131/><E37/><V64/><F62/><W28/><G33/><T51/><D41/><U83/><E131/><V55/><F55/><W98/><G98/><T30/><D30/><U78/><E3/><V7/><F7/><W9/><G29/><T104/><D104/><U69/><E69/><V6/><F6/><W53/><G8/><T114/><D56/><U60/><E11/><V95/><F95/><W79/><G79/><T122/><D122/><U27/><E2/><V66/><F16/><W93/><G93/><N who="0" m="54503" /><D114/><U52/><E54/><V72/><F66/><W108/><G108/><T96/><D96/><U127/><E127/><N who="2" m="48651" /><F80/><W5/><G5/><N who="0" m="3279" /><D15/><U90/><AGARI ba="0,0" hai="20,21,24,26,27,52,59,60,78,83,85,88,89,90" machi="90" ten="30,11700,0" yaku="0,1,8,1,54,2" doraHai="135" who="1" fromWho="1" sc="240,-39,245,117,245,-39,270,-39" /><INIT seed="1,1,0,0,1,120" ten="201,362,206,231" oya="1" hai0="44,25,30,127,83,96,33,28,20,92,17,115,95" hai1="99,6,57,66,91,78,39,118,129,67,50,63,53" hai2="82,47,42,108,98,128,130,56,114,135,10,124,72" hai3="46,26,43,71,1,29,116,97,41,52,27,88,111"/><U109/><E118/><V75/><F114/><W101/><G71/><T58/><D115/><U14/><E39/><V59/><F98/><W21/><G1/><T13/><D127/><U102/><E129/><V94/><F94/><N who="3" m="56519" /><G116/><T61/><D83/><U125/><E125/><V36/><F124/><W73/><G73/><T23/><D44/><U18/><E6/><V133/><F10/><W9/><G101/><T32/><D95/><N who="1" m="58751" /><E78/><N who="2" m="44359" /><F75/><W134/><G134/><N who="2" m="51209" /><F108/><W81/><G111/><T54/><REACH who="0" step="1"/><D30/><REACH who="0" ten="191,362,206,231" step="2"/><U24/><E109/><V65/><F130/><W16/><G81/><T60/><D60/><U87/><E63/><V31/><F128/><W93/><G93/><T35/><D35/><U2/><E2/><V100/><F31/><W105/><G105/><T51/><D51/><U86/><E50/><V90/><F100/><AGARI ba="1,1" hai="13,17,20,23,25,28,32,33,54,58,61,92,96,100" machi="100" ten="30,2000,0" yaku="1,1,7,1,53,0" doraHai="120" doraHaiUra="45" who="0" fromWho="2" sc="191,33,362,0,206,-23,231,0" /><INIT seed="2,0,0,0,4,128" ten="224,362,183,231" oya="2" hai0="132,130,61,70,78,129,84,56,90,6,74,48,17" hai1="43,107,92,89,19,99,75,16,38,60,50,117,134" hai2="111,10,8,64,123,37,79,76,96,5,81,13,7" hai3="21,2,67,104,23,80,83,116,1,95,127,82,115"/><V72/><F123/><W100/><G116/><T31/><D31/><U42/><E75/><V52/><F37/><W66/><G104/><T105/><D105/><U9/><E38/><V54/><F111/><W44/><G127/><T34/><D34/><U3/><E117/><V58/><F79/><W108/><G108/><T112/><D112/><U94/><E107/><V18/><F64/><N who="3" m="24619" /><G1/><T91/><D6/><U28/><E28/><V46/><F96/><N who="3" m="59423" /><G2/><T55/><D132/><U11/><E60/><V98/><F98/><W30/><G30/><T14/><D70/><U49/><E3/><V68/><F68/><W109/><G109/><T106/><D106/><U87/><E99/><V51/><REACH who="2" step="1"/><F10/><REACH who="2" ten="224,362,173,231" step="2"/><W47/><G115/><T114/><D114/><U102/><E11/><V4/><F4/><W133/><G133/><T15/><D129/><U40/><E9/><V122/><F122/><W12/><G23/><T20/><D130/><U121/><E134/><V33/><F33/><W24/><G21/><T124/><D20/><U35/><E35/><V53/><F53/><W69/><G69/><T110/><D55/><U63/><E121/><V22/><F22/><W29/><G24/><T97/><D110/><U41/><E41/><V85/><F85/><W32/><G32/><T26/><D84/><U135/><E135/><V77/><F77/><W65/><G65/><T126/><D78/><U25/><E43/><V113/><F113/><W88/><G29/><T101/><D97/><N who="1" m="59687" /><E42/><V0/><F0/><W36/><G36/><T118/><D118/><U39/><E39/><V27/><F27/><RYUUKYOKU ba="0,1" sc="224,-10,362,-10,173,30,231,-10" hai2="5,7,8,13,18,46,51,52,54,58,72,76,81" /><INIT seed="2,1,1,3,5,107" ten="214,352,203,221" oya="2" hai0="91,98,34,132,58,92,128,14,77,62,96,131,57" hai1="16,13,121,114,115,129,59,35,124,56,108,45,21" hai2="72,24,48,6,32,63,25,50,70,103,23,75,110" hai3="38,42,1,3,78,31,93,80,9,102,84,64,41"/><V7/><F103/><W5/><G3/><T55/><D132/><U39/><E35/><V122/><F32/><W134/><G134/><T112/><D112/><U123/><E108/><V10/><F110/><W109/><G109/><T53/><D34/><U11/><E129/><N who="0" m="49737" /><D77/><U105/><E105/><V81/><F122/><N who="1" m="46601" /><E124/><V135/><F135/><W133/><G133/><T125/><D125/><U37/><E21/><V79/><F75/><W60/><G31/><T97/><D14/><U104/><E104/><V126/><F126/><W118/><G118/><T17/><D17/><U88/><E88/><V12/><F7/><W46/><G41/><T67/><D57/><N who="1" m="22091" /><E45/><V61/><F25/><W100/><REACH who="3" step="1"/><G93/><REACH who="3" ten="214,352,203,211" step="2"/><T26/><D26/><U95/><E95/><V69/><F63/><W0/><G0/><T83/><D83/><U43/><E43/><V40/><F61/><W47/><G47/><T119/><D119/><U71/><E115/><V15/><F40/><W65/><G65/><T90/><D92/><U33/><E114/><V85/><F15/><W111/><G111/><T87/><D67/><U27/><E13/><V120/><F120/><W76/><G76/><T130/><D130/><U66/><E66/><V30/><REACH who="2" step="1"/><F85/><REACH who="2" ten="214,352,193,211" step="2"/><W19/><G19/><T29/><D87/><U49/><E16/><V68/><AGARI ba="1,3" hai="6,10,12,23,24,30,48,50,68,69,70,72,79,81" machi="68" ten="30,11700,0" yaku="1,1,2,1,0,1,52,1,53,0" doraHai="107" doraHaiUra="36" who="2" fromWho="2" sc="214,-40,352,-40,193,150,211,-40" /><INIT seed="2,2,0,5,1,58" ten="174,312,343,171" oya="2" hai0="113,130,80,6,11,19,129,50,61,22,66,100,92" hai1="17,34,123,3,116,16,56,44,39,64,117,120,114" hai2="21,32,5,31,54,43,110,73,118,135,105,103,13" hai3="83,30,101,112,122,25,77,97,84,47,62,128,109"/><V1/><F118/><N who="1" m="45673" /><E34/><V126/><F73/><W27/><G122/><N who="1" m="46634" /><E3/><V86/><F105/><W49/><G109/><T67/><D113/><U57/><E114/><V89/><F110/><W63/><G128/><N who="0" m="49259" /><D80/><U59/><E64/><V95/><F103/><W90/><G112/><T7/><D50/><U106/><E106/><V23/><F1/><W71/><G71/><N who="0" m="42447" /><D67/><U91/><E91/><V102/><F102/><W68/><G68/><T29/><D29/><U20/><E20/><V42/><F32/><W12/><G12/><N who="0" m="7583" /><D100/><U82/><E82/><V46/><F31/><W55/><G101/><T79/><D79/><U38/><E44/><V51/><F23/><N who="3" m="15679" /><G27/><T133/><D22/><U124/><E124/><V87/><F126/><W98/><G77/><T96/><D133/><U52/><E52/><V53/><F135/><W69/><G69/><T85/><D96/><AGARI ba="2,0" hai="47,49,55,62,63,83,84,90,96,97,98" m="15679" machi="96" ten="30,3900,0" yaku="8,1,52,2" doraHai="58" who="3" fromWho="0" sc="174,-45,312,0,343,0,171,45" /><INIT seed="3,0,0,3,1,1" ten="129,312,343,216" oya="3" hai0="59,20,63,91,78,100,119,107,72,25,113,19,122" hai1="41,102,61,82,39,71,86,4,2,53,18,73,68" hai2="24,51,60,40,84,98,62,32,56,83,105,22,89" hai3="49,94,17,14,90,8,58,104,134,37,43,88,75"/><W66/><G104/><T101/><D119/><U21/><E102/><V11/><F32/><W76/><G37/><T124/><D122/><U114/><E114/><V92/><F105/><W74/><G134/><T50/><D124/><U112/><E112/><V135/><F11/><W3/><G90/><T13/><D113/><U123/><E123/><V46/><F135/><W70/><G70/><T15/><D72/><U0/><E53/><V52/><F83/><W85/><G76/><T9/><D78/><N who="1" m="44367" /><E2/><V80/><F80/><W99/><G3/><T121/><D121/><U6/><E6/><V96/><F62/><W55/><G99/><T10/><D50/><U54/><E54/><V95/><F92/><W44/><REACH who="3" step="1"/><G66/><REACH who="3" ten="129,312,343,206" step="2"/><T106/><D91/><U87/><E71/><V38/><F38/><W34/><G34/><T129/><D129/><U5/><E68/><V35/><F35/><W30/><G30/><AGARI ba="0,1" hai="22,24,30,40,46,51,52,56,60,84,89,95,96,98" machi="30" ten="30,3900,0" yaku="7,1,8,1,54,1" doraHai="1" who="2" fromWho="3" sc="129,0,312,0,343,49,206,-39" owari="129,-37.1,312,11.2,392,49.2,167,-23.3" /></mjloggm>