<mjloggm ver="2.3"><GO type="225" lobby="0"/><UN n0="%E8%91%89%E5%B1%B1%E9%99%BD%E5%92%8C" n1="%E3%83%A9%E3%83%BC%E3%83%A1%E3%83%B3%E4%BA%94%E9%83%8E" n2="%E3%81%82%E3%81%99%E3%81%AB%E3%82%83%E3%82%80" n3="%72%69%6F%75%63%68%61%6E" dan="17,16,16,17" rate="2177.29,2046.28,2085.15,2190.16" sx="F,M,F,M"/><TAIKYOKU oya="0"/><INIT seed="0,0,0,1,0,33" ten="250,250,250,250" oya="0" hai0="107,96,27,113,2,4,126,19,3,97,64,95,79" hai1="10,35,109,123,9,112,18,99,77,34,30,61,100" hai2="134,50,133,114,69,52,106,67,88,16,56,81,117" hai3="83,118,130,21,13,129,22,75,48,7,66,135,104"/><T103/><D113/><U68/><E123/><V6/><F106/><W98/><G135/><N who="2" m="51721" /><F6/><W0/><G118/><T128/><D128/><N who="3" m="49257" /><G66/><T53/><D126/><U12/><E112/><V86/><F114/><W15/><G48/><T101/><D64/><U57/><E68/><V76/><F117/><W5/><G75/><T90/><D4/><N who="3" m="1609" /><G83/><T37/><D37/><U125/><E125/><V120/><F120/><W91/><G91/><T36/><D36/><U89/><E89/><V58/><F76/><W63/><G63/><T42/><D42/><U11/><E77/><V1/><F1/><W39/><G39/><T43/><D43/><U132/><E132/><V60/><F16/><N who="3" m="10383" /><G98/><T80/><D53/><U72/><E72/><V82/><F82/><W70/><G70/><AGARI ba="0,0" hai="50,52,56,58,60,67,69,70,81,86,88" m="51721" machi="70" ten="30,3900,0" yaku="20,1,54,2" doraHai="33" who="2" fromWho="3" sc="250,0,250,0,250,39,250,-39" /><INIT seed="1,0,0,3,4,16" ten="250,250,289,211" oya="1" hai0="112,71,38,83,122,47,53,91,78,85,111,110,37" hai1="44,50,119,15,2,40,11,46,36,25,105,24,45" hai2="76,116,17,54,35,26,88,101,5,63,96,29,59" hai3="57,121,1,12,77,118,82,55,79,58,123,115,84"/><U39/><E119/><V3/><F116/><W97/><G118/><T75/><D112/><U109/><E105/><V86/><F76/><W31/><G115/><T114/><D71/><U20/><E2/><V67/><F17/><W95/><G1/><T23/><D114/><U128/><E128/><V127/><F127/><W41/><G41/><T107/><D107/><U18/><E109/><N who="0" m="41481" /><D122/><U62/><E62/><V8/><F101/><W43/><G43/><T69/><D69/><U7/><REACH who="1" step="1"/><E25/><REACH who="1" ten="250,240,289,211" step="2"/><V130/><F130/><W9/><G123/><T28/><D37/><AGARI ba="0,1" hai="7,11,15,18,20,24,36,37,39,40,44,45,46,50" machi="37" ten="40,7700,0" yaku="1,1,2,1,52,1,53,0" doraHai="16" doraHaiUra="108" who="1" fromWho="0" sc="250,-77,240,87,289,0,211,0" /><INIT seed="1,1,0,4,5,109" ten="173,327,289,211" oya="1" hai0="11,68,4,66,104,72,51,45,13,127,123,67,115" hai1="48,65,35,54,129,31,46,47,118,114,41,64,62" hai2="6,94,32,18,8,38,117,99,71,95,74,21,79" hai3="106,131,56,105,26,52,77,1,80,81,30,130,42"/><U112/><E31/><V17/><F32/><W53/><G1/><T0/><D104/><N who="3" m="40041" /><G42/><T135/><D72/><U120/><E35/><V16/><F38/><W90/><G90/><T103/><D103/><U78/><E78/><V12/><F117/><W27/><G56/><T44/><D123/><U15/><E15/><V14/><F71/><W134/><G134/><T116/><D116/><U70/><E118/><V113/><F113/><N who="1" m="43625" /><E129/><N who="3" m="49162" /><G77/><T111/><D135/><U60/><E120/><V87/><F74/><W133/><G133/><T84/><D115/><U61/><E70/><V9/><F9/><W102/><G102/><T22/><D68/><U10/><E10/><V40/><F40/><W82/><G30/><T2/><D2/><U86/><E86/><V110/><F110/><W83/><N who="3" m="20480" /><DORA hai="122" /><W91/><G91/><T124/><D84/><U34/><E34/><V98/><F79/><W50/><G50/><AGARI ba="1,0" hai="41,46,47,48,50,54,60,61,62,64,65" m="43625" machi="50" ten="30,12000,1" yaku="34,2,52,3" doraHai="109,122" who="1" fromWho="3" sc="173,0,327,123,289,0,211,-123" /><INIT seed="1,2,0,4,3,56" ten="173,450,289,88" oya="1" hai0="41,113,83,82,102,67,115,47,43,133,100,4,132" hai1="1,124,53,71,36,0,18,33,111,73,108,95,24" hai2="106,3,107,51,9,26,91,77,126,49,12,121,86" hai3="42,101,93,89,27,60,40,16,131,52,50,74,99"/><U94/><E73/><V72/><F121/><W59/><G74/><T48/><D4/><U66/><E36/><V119/><F119/><W7/><G131/><T110/><D67/><U123/><E123/><V32/><F3/><N who="1" m="1097" /><E53/><V2/><F2/><W38/><G38/><T75/><D75/><U21/><E33/><V28/><F126/><W58/><G7/><T10/><D10/><U37/><E37/><V88/><F72/><W127/><G127/><T46/><REACH who="0" step="1"/><D48/><REACH who="0" ten="163,450,289,88" step="2"/><U122/><E124/><V128/><F51/><W85/><G27/><T117/><D117/><U44/><E66/><V70/><F49/><W118/><G118/><T54/><D54/><U34/><E122/><V109/><F26/><W76/><G76/><T65/><D65/><U87/><E24/><V63/><F77/><W14/><G58/><T64/><D64/><U129/><E71/><V135/><F70/><W81/><G50/><T17/><D17/><U103/><E18/><V68/><F68/><W79/><G79/><T130/><D130/><U5/><E129/><V112/><F128/><W114/><G114/><T22/><D22/><AGARI ba="2,1" hai="14,16,22,40,42,52,59,60,81,85,89,93,99,101" machi="22" ten="30,8000,1" yaku="7,1,8,1,52,1,54,2" doraHai="56" who="3" fromWho="0" sc="163,-86,450,0,289,0,88,96" /><INIT seed="2,0,0,2,1,77" ten="77,450,289,184" oya="2" hai0="53,125,70,89,66,71,17,88,123,11,87,60,41" hai1="86,118,59,49,85,24,121,10,100,42,61,103,13" hai2="102,122,1,26,113,28,25,40,72,95,124,18,67" hai3="16,76,48,117,56,35,47,119,111,97,38,54,4"/><V55/><F113/><W12/><G35/><T21/><D123/><U91/><E118/><V109/><F122/><W106/><G111/><T84/><D41/><U3/><E3/><V37/><F109/><W92/><G106/><T73/><D73/><U15/><E121/><V0/><F72/><W2/><G2/><T130/><D130/><U6/><E15/><V135/><F18/><W31/><G4/><T51/><D11/><U30/><E49/><V64/><F55/><W32/><G76/><T105/><D105/><U39/><E42/><V69/><F25/><W34/><G38/><T120/><D125/><U50/><E50/><V58/><F58/><W126/><G126/><T52/><D71/><U65/><E39/><V98/><F124/><W78/><G78/><T108/><D108/><U5/><E5/><V114/><F114/><W9/><G56/><T45/><D53/><U110/><E85/><V112/><F112/><W82/><G82/><T22/><D120/><U79/><E79/><V80/><F69/><W116/><REACH who="3" step="1"/><G31/><REACH who="3" ten="77,450,289,174" step="2"/><T129/><D129/><U99/><E30/><V43/><F28/><W128/><G128/><T19/><D22/><U96/><E6/><V101/><F37/><W131/><G131/><T29/><D29/><U62/><E59/><V8/><F0/><W132/><G132/><T23/><D21/><U63/><E110/><V107/><F1/><W27/><G27/><T36/><D36/><U33/><E24/><V93/><F26/><W94/><G94/><N who="0" m="54559" /><D23/><U81/><E33/><V83/><F135/><W74/><G74/><T57/><D57/><RYUUKYOKU ba="0,1" sc="77,15,450,-15,289,-15,174,15" hai0="17,19,45,51,52,60,66,70,84,89" hai3="9,12,16,32,34,47,48,54,92,97,116,117,119" /><INIT seed="3,1,1,5,1,29" ten="92,435,274,189" oya="3" hai0="70,119,103,14,45,117,18,34,25,35,49,7,64" hai1="10,19,17,22,40,82,94,77,37,86,89,62,54" hai2="66,88,30,38,50,9,16,114,126,67,2,85,5" hai3="11,81,108,12,95,98,69,58,60,101,15,100,21"/><W79/><G108/><T73/><D73/><U93/><E37/><V129/><F38/><W116/><G116/><T128/><D25/><U118/><E40/><V56/><F129/><W97/><G69/><T4/><D103/><U84/><E10/><V41/><F126/><W127/><G127/><T32/><D128/><U80/><E17/><V134/><F134/><W74/><G21/><T110/><D110/><U124/><E118/><V28/><F28/><W76/><G76/><T33/><N who="0" m="8192" /><DORA hai="102" /><T130/><D130/><U115/><E115/><V99/><F30/><W1/><G1/><T131/><D131/><U96/><E96/><V104/><F104/><W55/><REACH who="3" step="1"/><G11/><REACH who="3" ten="92,435,274,179" step="2"/><T75/><D119/><U121/><E124/><V107/><F9/><W87/><G87/><T48/><D117/><U27/><E84/><V72/><F85/><W6/><G6/><T112/><D75/><U61/><E86/><V57/><F72/><W0/><G0/><T8/><D112/><U47/><E22/><V51/><F5/><W3/><G3/><T39/><D4/><U23/><E23/><V63/><F114/><W109/><G109/><T122/><D7/><U132/><E77/><V65/><F2/><W43/><G43/><T71/><D70/><U91/><E80/><V42/><F41/><W113/><G113/><T53/><D71/><U83/><E82/><V123/><F42/><W133/><G133/><T78/><D78/><U36/><E83/><V92/><F99/><W120/><G120/><T46/><D122/><U13/><E121/><V105/><F123/><W44/><G44/><RYUUKYOKU ba="1,2" sc="92,-10,435,-10,274,-10,179,30" hai3="12,15,55,58,60,74,79,81,95,97,98,100,101" /><INIT seed="3,2,2,1,1,69" ten="82,425,264,209" oya="3" hai0="121,130,80,51,70,123,122,110,114,21,92,65,99" hai1="79,63,102,38,27,16,40,124,41,104,135,58,59" hai2="128,86,8,47,101,11,7,112,17,83,115,15,19" hai3="81,33,117,109,68,6,2,85,4,108,134,12,32"/><W54/><G117/><T64/><D110/><N who="3" m="42601" /><G68/><T0/><D0/><U96/><E38/><V118/><F118/><W111/><N who="3" m="42609" /><W126/><DORA hai="98" /><G126/><T10/><D130/><U107/><E124/><V82/><F128/><W90/><G134/><T78/><D114/><U93/><E135/><V71/><F71/><W97/><G2/><T113/><D113/><U106/><E79/><V57/><F47/><W61/><G97/><T25/><D10/><U129/><E129/><V72/><F72/><W48/><G61/><T36/><D51/><U14/><E27/><V34/><F34/><N who="3" m="13419" /><G12/><T87/><D70/><U133/><E133/><V13/><F115/><W39/><G39/><T49/><D49/><U43/><REACH who="1" step="1"/><E63/><REACH who="1" ten="82,415,264,209" step="2"/><V42/><F112/><W62/><G62/><T53/><D36/><U46/><E46/><AGARI ba="2,3" hai="4,6,46,48,54,81,85,90" m="13419,42609" machi="46" ten="40,3900,0" yaku="14,1,10,1" doraHai="69,98" who="3" fromWho="1" sc="82,0,415,-45,264,0,209,75" /><INIT seed="3,3,0,5,0,44" ten="82,370,264,284" oya="3" hai0="103,83,2,101,94,100,8,127,52,13,72,24,102" hai1="108,86,18,60,71,111,99,50,68,95,47,89,20" hai2="76,48,119,26,43,88,31,73,91,3,133,63,30" hai3="92,128,74,130,104,51,131,96,97,27,85,38,33"/><W59/><G74/><T115/><D2/><U79/><E99/><V109/><F119/><W90/><G38/><T11/><D127/><U123/><E79/><V62/><F109/><N who="1" m="42057" /><E60/><V53/><F3/><W116/><G116/><T112/><N who="0" m="25600" /><DORA hai="37" /><T55/><D94/><U23/><E123/><V113/><F113/><W4/><G4/><T7/><D24/><N who="1" m="14359" /><E23/><N who="2" m="15711" /><F73/><W41/><G104/><T61/><D11/><U69/><E69/><V42/><F133/><W64/><G64/><T67/><D72/><U110/><E110/><V82/><F31/><N who="3" m="19711" /><G41/><AGARI ba="3,0" hai="41,47,50,68,71,86,89,95" m="14359,42057" machi="41" ten="30,3900,0" yaku="14,1,52,2" doraHai="44,37" who="1" fromWho="3" sc="82,0,370,48,264,0,284,-48" owari="82,-41.8,418,51.8,264,6.4,236,-16.4" /></mjloggm>