<mjloggm ver="2.3"><GO type="225" lobby="0"/><UN n0="%6D%75%75%6D%75%72%61" n1="%E3%81%82%E3%81%B9%E3%81%99%E3%81%91" n2="%E3%82%BC%E3%83%AB%E3%83%80%E3%81%AE%E4%BC%9D%E8%AA%AC" n3="%E5%B0%8F%E9%B3%A5%E9%81%8A%E7%B7%B4%E7%84%A1%32%31%E6%AD%B3" dan="16,16,17,16" rate="2142.75,2106.81,2150.82,2206.64" sx="F,M,M,F"/><TAIKYOKU oya="0"/><INIT seed="0,0,0,4,0,24" ten="250,250,250,250" oya="0" hai0="119,111,124,114,35,60,21,46,20,81,109,108,74" hai1="31,6,80,58,130,88,12,53,32,43,68,112,62" hai2="84,101,72,97,126,52,56,30,14,93,78,23,29" hai3="19,22,106,37,87,4,36,113,89,45,90,49,55"/><T131/><D114/><U103/><E112/><V102/><F126/><W13/><G113/><T17/><D119/><U47/><E103/><V0/><F0/><W117/><G106/><T66/><D124/><U70/><E130/><V127/><F72/><W3/><G117/><T86/><D131/><U11/><E32/><V10/><F127/><W1/><G90/><T128/><D128/><U41/><E41/><V118/><F118/><W63/><G63/><T48/><D35/><U42/><E42/><V54/><F102/><W71/><G71/><T8/><D74/><U50/><REACH who="1" step="1"/><E31/><REACH who="1" ten="250,240,250,250" step="2"/><N who="2" m="11787" /><F23/><W96/><G37/><T100/><D100/><U82/><E82/><N who="2" m="47191" /><F56/><W73/><G36/><T98/><D21/><U121/><E121/><V67/><F67/><W64/><G64/><T122/><D122/><U92/><E92/><V15/><F15/><W76/><G13/><N who="0" m="7335" /><D20/><U5/><E5/><AGARI ba="0,1" hai="5,10,14,52,54,93,97,101" m="47191,11787" machi="5" ten="30,8000,1" yaku="8,1,52,3,54,1" doraHai="24" who="2" fromWho="1" sc="250,0,240,-80,250,90,250,0" /><INIT seed="1,0,0,1,0,48" ten="250,160,340,250" oya="1" hai0="93,89,87,127,95,49,34,121,20,40,57,96,91" hai1="11,135,27,80,122,130,7,16,32,28,111,125,120" hai2="70,71,110,119,66,10,84,15,9,124,18,67,31" hai3="8,55,22,74,113,19,56,82,50,75,94,72,129"/><U44/><E80/><V78/><F119/><W77/><G113/><T65/><D34/><U51/><E130/><V68/><F110/><W43/><G129/><T123/><D127/><U116/><E116/><V24/><F124/><W53/><G43/><T29/><D40/><U106/><E125/><V63/><F9/><W118/><G8/><T103/><D91/><U54/><E106/><V69/><F66/><W115/><G115/><T37/><D37/><U97/><E135/><V41/><F41/><W45/><G94/><T114/><D114/><U128/><E97/><V61/><F61/><W64/><G64/><T46/><D46/><U0/><E128/><V112/><F112/><W58/><G45/><T79/><D79/><U25/><REACH who="1" step="1"/><E111/><REACH who="1" ten="250,150,340,250" step="2"/><V133/><F133/><W101/><G118/><T132/><D132/><U86/><E86/><V83/><F70/><W131/><G131/><T38/><D87/><U12/><E12/><V73/><F84/><W3/><G3/><T99/><D99/><U108/><E108/><V76/><F76/><W21/><G75/><T104/><D96/><U13/><E13/><V36/><F36/><W47/><G72/><T23/><D38/><U88/><E88/><V109/><F109/><W42/><G101/><T26/><D103/><U90/><E90/><V4/><F68/><W6/><G74/><T117/><D117/><U92/><E92/><V2/><F69/><W30/><G77/><T35/><D104/><U134/><E134/><V105/><F105/><W81/><G82/><T1/><D89/><U85/><E85/><V62/><F83/><RYUUKYOKU ba="0,1" sc="250,-10,150,30,340,-10,250,-10" hai1="0,7,11,16,25,27,28,32,44,51,54,120,122" /><INIT seed="1,1,1,4,3,55" ten="240,180,330,240" oya="1" hai0="57,49,81,5,98,90,135,51,35,94,105,30,130" hai1="75,45,13,26,59,119,99,102,15,104,123,4,71" hai2="112,36,80,16,62,2,117,92,133,100,134,67,3" hai3="34,66,77,6,97,88,40,14,127,33,76,28,68"/><U113/><E113/><V114/><F36/><W12/><G127/><T8/><D130/><U84/><E119/><V86/><F117/><W54/><G40/><T85/><D135/><N who="2" m="51722" /><F16/><W21/><G66/><T52/><D105/><U108/><E123/><V107/><F92/><N who="3" m="56455" /><G68/><T93/><D35/><U118/><E71/><N who="2" m="42487" /><F100/><W37/><G37/><T72/><D30/><U121/><E118/><V103/><F103/><W38/><G38/><T120/><D120/><U32/><E121/><V132/><F107/><W96/><G33/><T95/><D72/><U29/><E75/><V83/><F83/><W1/><G34/><T110/><D110/><U53/><E108/><V79/><F132/><W25/><G1/><AGARI ba="1,1" hai="1,2,3,79,80,86,112,114" m="42487,51722" machi="1" ten="30,1000,0" yaku="20,1" doraHai="55" who="2" fromWho="3" sc="240,0,180,0,330,23,240,-13" /><INIT seed="2,0,0,1,1,73" ten="240,180,353,227" oya="2" hai0="27,56,130,67,122,47,108,52,71,84,102,20,131" hai1="97,41,28,65,21,83,113,15,30,3,120,61,37" hai2="134,101,48,60,68,69,55,79,80,85,51,19,72" hai3="128,16,132,135,46,109,87,4,43,70,32,33,22"/><V23/><F134/><N who="3" m="51243" /><G70/><T111/><D122/><U115/><E3/><V124/><F124/><W91/><G109/><N who="0" m="42059" /><D102/><U74/><E120/><V116/><F116/><W5/><G128/><N who="0" m="49195" /><D47/><U66/><E97/><V104/><F72/><W9/><G91/><T13/><D13/><U95/><E15/><V99/><F60/><W77/><G5/><T2/><D2/><U17/><E61/><V118/><F48/><N who="3" m="26719" /><G9/><T90/><D71/><U26/><E115/><V1/><F1/><W64/><G64/><T75/><D75/><U8/><E66/><V78/><F118/><W112/><G4/><T114/><D67/><U38/><E65/><V98/><F69/><W107/><G107/><T57/><D52/><U100/><E113/><V34/><F68/><W44/><G44/><T103/><D103/><U133/><E133/><V7/><F55/><W59/><G59/><T29/><D114/><U53/><E53/><V96/><F101/><W119/><G119/><T45/><D45/><U0/><E41/><V81/><F104/><W11/><G11/><T123/><D123/><U125/><E8/><V126/><F7/><W82/><G112/><T58/><D58/><U121/><E121/><V88/><F51/><W14/><AGARI ba="0,0" hai="14,16,22,32,33,77,82,87" m="26719,51243" machi="14" ten="30,4000,0" yaku="20,1,52,1,54,1" doraHai="73" who="3" fromWho="3" sc="240,-10,180,-10,353,-20,227,40" /><INIT seed="3,0,0,0,4,125" ten="230,170,333,267" oya="3" hai0="89,81,32,59,68,129,29,48,4,17,126,34,108" hai1="2,128,37,75,27,16,47,12,110,97,22,105,63" hai2="50,6,102,52,71,88,1,103,133,53,15,116,38" hai3="115,55,117,124,93,60,57,79,84,8,20,7,51"/><W134/><G115/><T28/><D68/><U74/><E110/><V100/><F38/><W85/><G117/><T56/><D126/><U61/><E2/><V31/><F1/><W5/><G134/><T135/><D4/><U80/><E128/><V127/><F71/><W120/><G120/><T99/><D108/><U82/><E75/><V83/><F116/><W18/><G124/><T23/><D135/><U9/><E105/><V131/><F131/><W77/><G5/><T40/><D34/><U86/><E97/><V70/><F70/><W66/><G93/><T118/><D118/><U41/><E74/><V130/><F130/><W72/><G72/><T36/><D36/><U106/><E82/><V24/><F127/><W46/><G79/><T35/><D35/><U11/><E11/><N who="2" m="4599" /><F50/><W30/><G30/><T90/><D32/><U87/><E106/><V119/><F133/><W113/><G77/><T67/><D99/><U44/><E87/><N who="2" m="50303" /><F119/><W19/><G113/><T13/><D89/><U91/><REACH who="1" step="1"/><E47/><REACH who="1" ten="230,160,333,267" step="2"/><V107/><F107/><W3/><G85/><T76/><D129/><U49/><E49/><V21/><AGARI ba="0,1" hai="21,24,31,52,53,100,102,103" m="50303,4599" machi="21" ten="30,4000,0" yaku="8,1,54,2" doraHai="125" who="2" fromWho="2" sc="230,-10,160,-10,333,50,267,-20" owari="220,-18.0,150,-35.0,383,48.3,247,4.7" /></mjloggm>