<mjloggm ver="2.3"><GO type="225" lobby="0"/><UN n0="%72%69%6F%75%63%68%61%6E" n1="%E3%81%A4%E3%81%A3%E3%81%B1%E3%82%8A%E3%83%9D%E3%83%BC%E3%83%AB" n2="%61%6D%65%6B%69" n3="%E3%81%A8%E3%82%89%E3%81%84%E3%81%A1" dan="16,17,16,16" rate="2166.64,2233.30,2099.65,2112.99" sx="M,M,M,M"/><TAIKYOKU oya="0"/><INIT seed="0,0,0,0,0,85" ten="250,250,250,250" oya="0" hai0="80,77,16,45,86,129,65,38,130,84,51,25,83" hai1="47,111,103,24,3,28,48,108,110,119,46,33,32" hai2="56,131,0,70,44,105,92,6,59,98,87,95,43" hai3="1,120,58,30,88,50,107,112,82,17,63,71,132"/><T10/><D38/><U106/><E119/><V31/><F70/><W104/><G112/><T54/><D65/><U125/><E125/><V135/><F105/><W26/><G1/><T42/><D42/><U12/><E3/><V97/><F31/><W14/><G71/><T37/><D37/><U23/><E12/><V27/><F27/><W91/><G50/><T101/><D101/><U36/><E36/><V34/><F34/><W94/><G82/><T114/><D114/><U20/><E33/><V66/><F66/><W39/><G39/><T53/><D53/><N who="1" m="29847" /><E47/><V57/><F135/><W126/><G126/><T21/><REACH who="0" step="1"/><D10/><REACH who="0" ten="240,250,250,250" step="2"/><U29/><E29/><V72/><F131/><W109/><G132/><T124/><D124/><U7/><E7/><V73/><F6/><W35/><G120/><T60/><D60/><U81/><E103/><V74/><F0/><W41/><G41/><T18/><D18/><U52/><E52/><V117/><F117/><W22/><G109/><T13/><D13/><U5/><E5/><V118/><F118/><W121/><G121/><T67/><D67/><U61/><E61/><V40/><F40/><W62/><G63/><T68/><D68/><U89/><E106/><V116/><F116/><W69/><G69/><T113/><D113/><U99/><E111/><V134/><F134/><W90/><G104/><T79/><AGARI ba="0,1" hai="16,21,25,45,51,54,77,79,80,83,84,86,129,130" machi="79" ten="30,12000,1" yaku="1,1,0,1,9,1,54,1,53,1" doraHai="85" doraHaiUra="19" who="0" fromWho="0" sc="240,130,250,-40,250,-40,250,-40" /><INIT seed="0,1,0,5,4,48" ten="370,210,210,210" oya="0" hai0="29,31,57,81,83,0,113,50,87,74,90,125,8" hai1="66,6,105,15,39,124,4,36,135,9,71,52,77" hai2="55,26,14,59,54,53,93,133,88,58,49,20,100" hai3="47,24,45,68,27,30,34,111,44,94,17,38,12"/><T97/><D113/><U2/><E105/><V10/><F133/><W5/><G68/><T131/><D125/><U86/><E135/><V79/><F79/><W69/><G69/><T95/><D131/><U82/><E124/><V107/><F107/><W129/><G129/><T28/><D74/><U72/><E72/><V1/><F100/><W112/><G112/><T103/><D0/><U76/><E76/><V42/><F1/><W109/><G34/><T63/><D8/><U106/><E106/><V102/><F102/><W13/><G38/><T16/><D16/><U23/><E66/><V119/><F119/><W120/><G120/><T84/><D50/><U127/><E71/><V98/><F42/><W108/><G94/><T65/><REACH who="0" step="1"/><D29/><REACH who="0" ten="360,210,210,210" step="2"/><U62/><E127/><V121/><F49/><W21/><G30/><T35/><D35/><U33/><E33/><V123/><F123/><W40/><G40/><T116/><D116/><U80/><E6/><N who="2" m="3415" /><F121/><W122/><G122/><T73/><D73/><U46/><E2/><V7/><F7/><W110/><G110/><T18/><D18/><AGARI ba="1,1" hai="18,20,26,53,54,55,58,59,88,93,98" m="3415" machi="18" ten="30,8000,1" yaku="8,1,52,3,54,1" doraHai="48" who="2" fromWho="0" sc="360,-83,210,0,210,93,210,0" /><INIT seed="1,0,0,3,4,0" ten="277,210,303,210" oya="1" hai0="84,21,90,27,122,93,44,53,66,76,30,12,128" hai1="37,40,104,46,54,96,1,109,74,23,79,114,106" hai2="120,52,67,129,20,32,103,105,116,70,35,81,108" hai3="100,15,132,130,11,19,85,134,58,89,36,110,71"/><U5/><E114/><V111/><F116/><W8/><G71/><T80/><D128/><U55/><E109/><N who="2" m="42059" /><F120/><W65/><G110/><T73/><D122/><U62/><E23/><V49/><F129/><W126/><G36/><T75/><D66/><U135/><E135/><N who="3" m="51754" /><G130/><T3/><D3/><U26/><E26/><V124/><F124/><W48/><G100/><T4/><D44/><U91/><E91/><V16/><F81/><N who="3" m="49327" /><G126/><T25/><D53/><N who="1" m="19979" /><E96/><N who="2" m="61671" /><F67/><W6/><G48/><T9/><REACH who="0" step="1"/><D25/><REACH who="0" ten="267,210,303,210" step="2"/><U82/><E62/><V83/><F70/><W61/><G11/><AGARI ba="0,1" hai="1,5,11,37,40,46,74,79,82,104,106" m="19979" machi="11" ten="30,2900,0" yaku="25,1,52,1" doraHai="0" who="1" fromWho="3" sc="267,0,210,39,303,0,210,-29" /><INIT seed="1,1,0,3,3,12" ten="267,249,303,181" oya="1" hai0="43,123,10,21,11,89,24,118,92,126,95,119,96" hai1="60,48,128,132,28,82,108,133,77,135,6,35,107" hai2="52,2,101,32,114,68,51,37,4,124,69,50,33" hai3="1,88,42,13,83,29,102,87,121,34,111,94,63"/><U30/><E128/><V9/><F37/><W39/><G121/><T3/><D123/><U130/><E130/><V46/><F101/><W22/><G1/><T86/><D126/><U8/><E107/><V91/><F124/><W97/><G111/><T31/><D43/><U72/><E108/><V76/><F76/><W103/><G34/><T55/><D55/><U80/><E35/><V0/><F0/><W54/><G42/><T17/><D3/><U20/><E48/><V65/><F114/><W116/><G39/><T58/><D58/><U41/><E41/><V109/><F109/><W129/><G129/><T104/><D104/><U106/><E106/><V67/><F51/><W38/><G38/><T131/><D131/><U49/><E49/><V15/><F2/><W64/><G54/><T112/><D112/><U78/><E60/><V105/><F105/><W84/><G84/><T74/><D74/><N who="1" m="43063" /><E20/><V26/><F33/><W18/><G29/><N who="1" m="11370" /><E8/><V27/><F32/><W14/><G116/><T71/><D71/><U19/><E6/><V56/><F56/><N who="3" m="36967" /><G13/><T62/><D62/><U59/><E59/><V66/><REACH who="2" step="1"/><F91/><AGARI ba="1,0" hai="14,18,22,83,87,88,91,94,97,102,103" m="36967" machi="91" ten="30,3900,0" yaku="8,1,52,1,54,1" doraHai="12" who="3" fromWho="2" sc="267,0,249,0,303,-42,181,42" /><INIT seed="2,0,0,3,1,118" ten="267,249,261,223" oya="2" hai0="21,16,49,41,31,76,126,112,15,69,33,32,103" hai1="77,22,75,63,133,64,29,105,4,24,134,28,100" hai2="17,120,66,87,70,107,73,36,82,19,84,71,86" hai3="53,78,92,98,8,108,0,110,61,3,79,23,38"/><V95/><F107/><W93/><G38/><T80/><D112/><U18/><E4/><V130/><F36/><W1/><G8/><T54/><D69/><U96/><E77/><V39/><F39/><W56/><G23/><T114/><D114/><U115/><E75/><V6/><F6/><W90/><REACH who="3" step="1"/><G93/><REACH who="3" ten="267,249,261,213" step="2"/><T13/><D32/><U131/><E115/><V55/><F95/><W74/><G74/><T27/><D33/><U44/><E131/><V72/><F72/><W45/><G45/><T81/><D21/><U57/><E44/><V91/><F73/><W101/><G101/><T42/><D103/><U128/><E128/><V11/><F120/><W59/><G59/><T9/><D9/><U25/><E25/><V37/><F37/><W83/><G83/><T50/><D81/><U124/><E124/><V125/><F125/><W65/><G65/><T97/><D126/><U104/><REACH who="1" step="1"/><E105/><REACH who="1" ten="267,239,261,213" step="2"/><V40/><F130/><W52/><G52/><T12/><D54/><U35/><E35/><V127/><F127/><W129/><G129/><T30/><D27/><U48/><E48/><V2/><F55/><W68/><G68/><T135/><D50/><U43/><E43/><V117/><F40/><W123/><G123/><T102/><D49/><U58/><E58/><V113/><F113/><W116/><G116/><T47/><D42/><U85/><E85/><N who="2" m="32875" /><F117/><W119/><G119/><T46/><D41/><U88/><E88/><V89/><F89/><W132/><G132/><AGARI ba="0,2" hai="18,22,24,28,29,57,63,64,96,100,104,132,133,134" machi="132" ten="40,2600,0" yaku="1,1,20,1,53,0" doraHai="118" doraHaiUra="7" who="1" fromWho="3" sc="267,0,239,46,261,0,213,-26" /><INIT seed="3,0,0,5,2,59" ten="267,285,261,187" oya="3" hai0="103,72,43,97,94,128,64,9,91,104,23,13,30" hai1="90,10,0,120,83,2,65,28,100,101,24,32,71" hai2="86,126,12,49,105,46,87,40,134,63,47,123,98" hai3="99,33,115,106,29,70,67,119,17,93,118,58,18"/><W7/><G115/><T36/><D128/><U88/><E120/><V75/><F75/><W21/><G7/><T61/><D72/><U66/><E71/><V37/><F123/><W20/><G106/><T96/><D36/><U41/><E41/><V4/><F126/><W52/><G70/><T129/><D129/><U11/><E83/><V31/><F31/><W132/><G132/><T127/><D127/><U62/><E62/><V107/><F134/><W19/><G33/><T3/><D43/><U82/><E82/><V133/><F133/><W113/><G113/><T116/><D116/><U124/><E28/><V117/><F117/><W84/><G84/><T135/><D135/><U51/><E24/><V22/><F107/><W15/><G67/><T76/><D76/><U92/><E51/><V74/><F74/><W39/><G39/><T73/><D73/><U54/><E54/><V69/><F98/><W1/><G1/><T108/><D108/><U50/><E50/><V6/><F105/><W80/><G80/><T14/><D3/><U16/><E32/><V130/><F6/><W45/><G45/><T77/><D77/><U5/><E5/><V131/><F37/><W79/><G79/><T95/><D104/><U60/><E124/><V114/><F47/><W110/><G110/><T125/><D125/><U8/><E0/><V68/><F68/><W55/><G29/><T112/><D112/><U35/><E2/><V85/><F114/><W89/><G55/><T42/><D42/><U44/><E35/><V38/><F38/><W56/><G56/><N who="0" m="36903" /><D9/><U53/><E10/><RYUUKYOKU ba="0,0" sc="267,30,285,-10,261,-10,187,-10" hai0="13,14,23,30,91,94,95,96,97,103" /><INIT seed="4,1,0,0,3,32" ten="297,275,251,177" oya="0" hai0="54,21,73,63,106,25,1,104,99,120,86,6,57" hai1="78,20,115,126,75,37,134,28,69,40,129,88,0" hai2="59,11,43,132,80,26,91,87,47,101,93,24,4" hai3="84,71,83,123,33,52,42,27,95,108,48,100,107"/><T31/><D120/><U82/><E69/><V15/><F132/><W7/><G108/><T3/><D73/><U53/><E0/><V41/><F41/><W35/><G71/><T81/><D6/><U89/><E134/><V109/><F109/><W61/><G123/><T127/><D127/><U62/><E126/><V45/><F45/><N who="3" m="25655" /><G107/><T133/><D133/><U8/><E8/><V23/><F59/><N who="3" m="35047" /><G33/><T119/><D119/><U103/><E103/><V56/><F56/><W96/><G35/><T131/><D131/><U79/><E79/><V70/><F70/><W17/><G7/><T2/><REACH who="0" step="1"/><D99/><REACH who="0" ten="287,275,251,177" step="2"/><U105/><E129/><V66/><F66/><W72/><G72/><T64/><D64/><U113/><E75/><V111/><F111/><W110/><G110/><T117/><D117/><U114/><E114/><V18/><F101/><W49/><G49/><T51/><D51/><U65/><E115/><V92/><REACH who="2" step="1"/><F26/><REACH who="2" ten="287,275,241,177" step="2"/><W98/><G98/><T30/><D30/><U130/><E28/><V85/><F85/><W125/><G125/><T9/><D9/><U128/><E113/><V19/><F19/><W76/><G27/><T39/><D39/><AGARI ba="1,2" hai="4,11,15,18,23,24,39,43,47,80,87,91,92,93" machi="39" ten="30,2000,0" yaku="1,1,7,1,53,0" doraHai="32" doraHaiUra="29" who="2" fromWho="0" sc="287,-23,275,0,241,43,177,0" /><INIT seed="5,0,0,3,0,15" ten="264,275,284,177" oya="1" hai0="7,62,4,80,31,28,35,110,8,3,104,117,132" hai1="69,44,91,59,60,82,18,79,16,84,102,115,29" hai2="46,120,21,58,23,101,106,13,5,133,45,118,63" hai3="9,75,114,135,17,98,86,111,37,121,6,70,105"/><U25/><E115/><V40/><F118/><W20/><G37/><T67/><D104/><U87/><E69/><V38/><F120/><W95/><G75/><T125/><D117/><U126/><E102/><V78/><F133/><W131/><G70/><T127/><D110/><U71/><E71/><V68/><F68/><W76/><G121/><T66/><D132/><U100/><E100/><V96/><F78/><W74/><G111/><T41/><D4/><U42/><E126/><N who="0" m="48137" /><D41/><U116/><E116/><V122/><F46/><W34/><G34/><T0/><D0/><U97/><E97/><V109/><F109/><W113/><G105/><T128/><D128/><U61/><E44/><V2/><F2/><N who="3" m="215" /><G74/><T55/><D80/><N who="1" m="49639" /><E42/><V22/><F122/><W54/><G54/><T129/><D129/><U48/><E48/><V49/><F38/><W56/><G56/><N who="0" m="35103" /><D35/><U123/><E123/><V81/><F81/><N who="3" m="47399" /><G131/><T92/><D92/><U51/><E51/><V77/><F77/><W94/><G98/><T30/><AGARI ba="0,0" hai="3,7,8,28,30,31,66,67" m="35103,48137" machi="30" ten="30,1100,0" yaku="18,1" doraHai="15" who="0" fromWho="0" sc="264,11,275,-5,284,-3,177,-3" /><INIT seed="6,0,0,5,5,89" ten="275,270,281,174" oya="2" hai0="10,14,18,40,78,23,56,24,29,85,98,96,1" hai1="32,35,27,59,22,119,84,73,30,0,11,67,28" hai2="21,80,50,123,127,26,79,7,107,135,87,33,104" hai3="51,63,15,72,49,103,9,100,74,37,129,97,93"/><V65/><F33/><W112/><G129/><T83/><D40/><U42/><E73/><V19/><F123/><W58/><G37/><T113/><D113/><U3/><E42/><V36/><F36/><W124/><G124/><T4/><REACH who="0" step="1"/><D56/><REACH who="0" ten="265,270,281,174" step="2"/><U5/><E59/><V126/><F126/><W118/><G118/><T120/><D120/><U134/><E119/><V57/><F127/><W105/><G112/><T53/><D53/><U90/><E67/><V69/><F135/><W70/><G70/><T6/><D6/><U2/><E134/><V71/><F71/><W61/><G74/><T43/><D43/><U122/><E122/><V81/><F69/><W55/><G72/><T91/><D91/><U99/><E99/><V131/><F131/><W76/><G76/><T88/><D88/><U77/><E77/><V52/><F65/><W48/><G63/><T75/><D75/><U64/><E64/><V86/><F7/><N who="3" m="3519" /><G105/><T17/><D17/><N who="1" m="12751" /><E90/><AGARI ba="0,1" hai="19,21,26,50,52,57,79,80,81,86,87,90,104,107" machi="90" ten="30,2900,0" yaku="7,1,54,1" doraHai="89" who="2" fromWho="1" sc="265,0,270,-29,281,39,174,0" /><AGARI ba="0,0" hai="48,49,51,55,58,61,90,93,97,100,103" m="3519" machi="90" ten="30,2000,0" yaku="8,1,52,1" doraHai="89" who="3" fromWho="1" sc="265,0,241,-20,320,0,174,20" owari="265,6.5,221,-17.9,320,42.0,194,-30.6" /></mjloggm>