<mjloggm ver="2.3"><GO type="225" lobby="0"/><UN n0="%6D%75%75%6D%75%72%61" n1="%6E%65%77%E8%BC%AA%E5%A4%A7%E7%B4%8D%E8%A8%80" n2="%E3%82%BC%E3%83%AB%E3%83%80%E3%81%AE%E4%BC%9D%E8%AA%AC" n3="%E7%AD%89%E3%80%85%E5%8A%9B%E5%8A%87%E5%A0%B4" dan="16,16,16,16" rate="2108.76,2117.91,2208.15,2138.62" sx="F,M,M,M"/><TAIKYOKU oya="0"/><INIT seed="0,0,0,0,4,43" ten="250,250,250,250" oya="0" hai0="61,28,58,42,95,55,96,37,126,39,13,74,6" hai1="62,92,109,7,47,25,41,9,4,115,20,88,48" hai2="5,108,78,76,123,79,40,129,111,73,72,97,124" hai3="77,46,29,86,94,85,110,89,90,133,65,64,22"/><T32/><D74/><N who="2" m="28778" /><F5/><W19/><G110/><N who="2" m="42025" /><F40/><W100/><G133/><T17/><D126/><U0/><E109/><V52/><F124/><W31/><G77/><T54/><D6/><N who="1" m="2091" /><E0/><V83/><F52/><W24/><G100/><T59/><D28/><N who="1" m="17447" /><E115/><V35/><F35/><W131/><G31/><T132/><D32/><U12/><E62/><V75/><F123/><W51/><G29/><T120/><D132/><U10/><E12/><V121/><F121/><W71/><G71/><T8/><D120/><U45/><E47/><V135/><F135/><W122/><G122/><T30/><D30/><U27/><E27/><V2/><F2/><W57/><G57/><T114/><D114/><U134/><E134/><V15/><F15/><W130/><G130/><T81/><D42/><U26/><E26/><V99/><F129/><W60/><G131/><T98/><D39/><U66/><E66/><V112/><F112/><W105/><G60/><T113/><D37/><U38/><E38/><V84/><N who="2" m="28786" /><V106/><DORA hai="56" /><F106/><W93/><G105/><T118/><D118/><U21/><E21/><V103/><F103/><W125/><G125/><T44/><D113/><U50/><E50/><V119/><F119/><W107/><G107/><T3/><D44/><U102/><E102/><V127/><F127/><W11/><G11/><T80/><D3/><U16/><E16/><V128/><F128/><W117/><G117/><T87/><D58/><U101/><E101/><V14/><F14/><W82/><G46/><T91/><D55/><U18/><E18/><V53/><F53/><W23/><G19/><RYUUKYOKU ba="0,0" sc="250,10,250,10,250,10,250,-30" hai0="8,13,17,54,59,61,80,81,87,91,95,96,98" hai1="9,10,41,45,48,88,92" hai2="76,78,79,83,84,97,99" /><INIT seed="0,1,0,4,5,29" ten="260,260,260,220" oya="0" hai0="19,76,75,121,135,0,94,28,104,69,30,123,88" hai1="134,25,105,101,116,12,15,3,49,40,1,57,65" hai2="127,64,103,54,71,18,112,27,79,109,78,133,24" hai3="115,62,23,4,63,22,51,81,36,7,53,98,97"/><T110/><D104/><U5/><E116/><V9/><F112/><W67/><G36/><T89/><D69/><U92/><E105/><V96/><F109/><W48/><G81/><T126/><D0/><U107/><E107/><V106/><F127/><W100/><G67/><T129/><D126/><U41/><E134/><V33/><F133/><W6/><G53/><T83/><D135/><U80/><E1/><V68/><F54/><W111/><G100/><T21/><D110/><U17/><E3/><V70/><F64/><W130/><G111/><T91/><D94/><U34/><E34/><V58/><F58/><W124/><G124/><T85/><D75/><U50/><E80/><V60/><F60/><W26/><G26/><T132/><D132/><U86/><E5/><V87/><F87/><W122/><G130/><T108/><D108/><U42/><E25/><N who="2" m="9803" /><F33/><W59/><G59/><T74/><D74/><U52/><E65/><V117/><F117/><W77/><G77/><N who="2" m="29193" /><F18/><W56/><G56/><T35/><D129/><U118/><E118/><V120/><F9/><W99/><G115/><T131/><D131/><U8/><E15/><V31/><F31/><N who="0" m="11818" /><D35/><U125/><E125/><V38/><F38/><W128/><G128/><T61/><D61/><N who="3" m="23049" /><G122/><T11/><D123/><U93/><E86/><V114/><F114/><W39/><G39/><T84/><D121/><U119/><E119/><V113/><F113/><W102/><G102/><T47/><D85/><U95/><E101/><V73/><F120/><W10/><G10/><T44/><D11/><U45/><AGARI ba="1,0" hai="8,12,17,40,41,42,45,49,50,52,57,92,93,95" machi="45" ten="30,4000,0" yaku="0,1,8,1,54,1" doraHai="29" who="1" fromWho="1" sc="260,-21,260,43,260,-11,220,-11" /><INIT seed="1,0,0,5,1,48" ten="239,303,249,209" oya="1" hai0="28,100,111,9,24,72,125,7,81,77,73,53,0" hai1="43,103,126,32,38,101,2,47,124,99,17,34,130" hai2="128,14,58,120,93,89,83,50,114,80,49,84,19" hai3="12,132,6,64,110,35,96,8,65,69,52,11,102"/><U133/><E130/><V54/><F120/><W116/><G35/><T3/><D111/><U56/><E133/><V123/><F123/><W67/><G110/><T74/><D125/><N who="1" m="48235" /><E2/><V63/><F114/><W25/><G132/><T85/><D3/><U20/><E56/><V88/><F128/><W79/><G116/><T15/><D0/><U97/><E97/><V23/><F83/><W62/><G79/><T51/><D100/><N who="1" m="38475" /><E99/><AGARI ba="0,0" hai="14,19,23,49,50,54,58,63,80,84,88,89,93,99" machi="99" ten="30,7700,0" yaku="7,1,8,1,52,1,54,1" doraHai="48" who="2" fromWho="1" sc="239,0,303,-77,249,77,209,0" /><INIT seed="2,0,0,2,3,92" ten="239,226,326,209" oya="2" hai0="53,90,38,128,64,117,62,57,69,127,91,114,120" hai1="99,54,12,39,133,101,31,105,48,59,112,119,129" hai2="35,29,9,110,84,93,10,6,24,42,96,72,21" hai3="87,18,34,19,3,8,28,0,50,27,61,43,47"/><V65/><F72/><W95/><G61/><T111/><D120/><U79/><E119/><V1/><F110/><W17/><G8/><T60/><D114/><U46/><E112/><V118/><F118/><W56/><G56/><T109/><D117/><U100/><E133/><V122/><F122/><W67/><G67/><N who="0" m="41191" /><D91/><U66/><E129/><V68/><F42/><W23/><G23/><T123/><D123/><U74/><E101/><V55/><F84/><W14/><G14/><T13/><D13/><U51/><E31/><V26/><F55/><W76/><G76/><T102/><D90/><U41/><E12/><V86/><F86/><W97/><REACH who="3" step="1"/><G87/><REACH who="3" ten="239,226,326,199" step="2"/><T45/><D64/><U71/><E79/><V116/><F116/><W121/><G121/><T75/><D75/><U52/><E74/><V36/><F9/><W49/><G49/><T132/><D111/><U83/><E83/><V32/><F21/><W2/><G2/><T134/><D109/><U73/><E73/><V108/><F108/><W5/><G5/><T33/><D134/><U113/><E113/><V81/><F10/><W58/><G58/><T25/><D132/><U40/><REACH who="1" step="1"/><E39/><REACH who="1" ten="239,216,326,199" step="2"/><V103/><F36/><W98/><G98/><T82/><D38/><U89/><E89/><AGARI ba="0,2" hai="0,3,17,18,19,27,28,34,43,47,50,89,95,97" machi="89" ten="40,5200,0" yaku="1,1,52,1,53,1" doraHai="92" doraHaiUra="20" who="3" fromWho="1" sc="239,0,216,-52,326,0,199,72" /><INIT seed="3,0,0,0,1,77" ten="239,164,326,271" oya="3" hai0="103,57,107,82,71,120,29,33,54,2,28,44,115" hai1="69,110,127,11,94,81,16,19,15,21,24,35,70" hai2="27,64,31,56,112,99,37,84,0,66,39,76,83" hai3="95,132,104,111,47,65,53,108,55,73,4,10,25"/><W92/><G104/><T93/><D120/><U106/><E110/><N who="3" m="42026" /><G132/><T105/><D71/><U34/><E127/><V90/><F0/><W3/><G73/><T125/><D125/><U97/><E106/><V89/><F112/><W133/><G133/><T114/><D2/><U134/><E134/><V74/><F99/><W88/><G65/><T22/><D33/><U86/><E70/><V26/><F66/><W113/><G113/><T129/><D129/><U49/><E49/><V91/><F74/><W30/><G95/><T109/><D109/><U32/><E69/><V78/><F78/><W46/><G47/><T116/><D116/><U7/><E7/><V38/><REACH who="2" step="1"/><F31/><REACH who="2" ten="239,164,316,271" step="2"/><W61/><G61/><AGARI ba="0,1" hai="26,27,37,38,39,56,61,64,76,83,84,89,90,91" machi="61" ten="50,6400,0" yaku="1,1,2,1,52,1,53,0" doraHai="77" doraHaiUra="130" who="2" fromWho="3" sc="239,0,164,0,316,74,271,-64" owari="239,3.9,164,-33.6,390,49.0,207,-19.3" /></mjloggm>