<mjloggm ver="2.3"><GO type="225" lobby="0"/><UN n0="%E3%81%82%E3%81%99%E3%81%AB%E3%82%83%E3%82%80" n1="%72%69%6F%75%63%68%61%6E" n2="%E9%B3%B3%E6%9D%B1%E3%81%AE%E3%81%86%E3%81%95%E3%81%8E%E3%81%95%E3%82%93" n3="%72%61%6B%33" dan="16,17,16,18" rate="2035.50,2231.83,2236.06,2263.14" sx="F,M,M,M"/><TAIKYOKU oya="0"/><INIT seed="0,0,0,5,3,125" ten="250,250,250,250" oya="0" hai0="60,16,9,38,81,133,19,52,77,121,101,84,99" hai1="118,49,35,75,65,2,3,128,132,10,15,24,135" hai2="72,97,21,76,12,107,79,73,62,71,61,82,33" hai3="117,44,45,53,134,59,91,63,102,27,50,11,47"/><T54/><D121/><U57/><E128/><V86/><F33/><W41/><G117/><T40/><D133/><N who="1" m="51275" /><E118/><V83/><F71/><W88/><G134/><T70/><D38/><U96/><E75/><V1/><F1/><W104/><G104/><T110/><D40/><U0/><E96/><V127/><F127/><W5/><G102/><T87/><D110/><U67/><E49/><V29/><F86/><W66/><G27/><T56/><D70/><U25/><E57/><V116/><F116/><W93/><G93/><N who="0" m="58607" /><D87/><U30/><E24/><V8/><F97/><W14/><REACH who="3" step="1"/><G41/><REACH who="3" ten="250,250,250,240" step="2"/><T130/><D130/><U28/><E30/><V4/><F107/><W68/><AGARI ba="0,1" hai="5,11,14,44,45,47,50,53,59,63,66,68,88,91" machi="68" ten="30,7900,0" yaku="1,1,2,1,0,1,54,1,53,0" doraHai="125" doraHaiUra="95" who="3" fromWho="3" sc="250,-39,250,-20,250,-20,240,89" /><INIT seed="1,0,0,2,4,29" ten="211,230,230,329" oya="1" hai0="21,71,116,84,60,54,130,119,110,129,17,0,103" hai1="36,41,88,13,82,12,113,115,75,19,86,27,61" hai2="4,118,8,102,15,14,85,62,79,134,20,44,72" hai3="135,125,30,28,133,93,64,16,77,37,106,53,45"/><U24/><E75/><V92/><F118/><W131/><G106/><T104/><D0/><U100/><E100/><V99/><F134/><W59/><G125/><T74/><D74/><U3/><E3/><V46/><F72/><W11/><G131/><N who="0" m="50187" /><D110/><U10/><E61/><V122/><F122/><W48/><G77/><T55/><D103/><U42/><E115/><V81/><REACH who="2" step="1"/><F62/><REACH who="2" ten="211,230,220,329" step="2"/><W126/><G135/><T31/><D60/><U94/><E113/><V63/><F63/><W2/><G133/><T96/><D71/><U91/><E36/><V109/><F109/><W128/><G37/><T1/><D119/><U105/><E105/><V40/><F40/><N who="1" m="15465" /><E13/><V33/><F33/><W123/><G128/><T25/><D104/><U34/><E34/><V67/><F67/><W22/><G64/><T23/><D1/><U51/><E51/><V108/><F108/><W90/><G48/><T87/><D116/><U69/><E69/><V32/><F32/><W18/><G2/><T83/><D54/><U47/><E47/><V50/><F50/><W132/><G45/><T120/><D55/><U76/><E76/><V43/><F43/><W49/><G132/><T121/><D120/><U68/><E68/><V101/><F101/><W38/><G123/><T127/><D121/><U114/><E114/><V65/><F65/><W80/><G38/><T35/><D35/><U117/><E117/><V97/><F97/><AGARI ba="0,1" hai="10,12,19,24,27,82,86,88,91,94,97" m="15465" machi="97" ten="30,2900,0" yaku="8,1,54,1" doraHai="29" who="1" fromWho="2" sc="211,0,230,39,220,-29,329,0" /><INIT seed="1,1,0,5,2,34" ten="211,269,191,329" oya="1" hai0="65,112,79,39,63,122,5,29,75,25,7,58,10" hai1="70,120,48,35,18,24,123,93,36,81,124,121,80" hai2="105,14,1,107,0,22,115,37,40,130,128,4,54" hai3="92,44,57,98,95,86,42,77,88,15,31,100,73"/><U94/><E36/><V11/><F115/><W33/><G57/><T46/><D112/><U32/><E70/><V99/><F54/><W30/><G15/><T16/><D122/><U114/><E114/><V82/><F82/><N who="1" m="31849" /><E48/><V119/><F119/><W2/><G2/><N who="2" m="1129" /><F22/><W118/><G118/><T76/><D75/><U108/><E124/><V61/><F61/><W49/><G33/><N who="1" m="12874" /><E108/><V132/><F99/><W134/><G134/><T12/><D39/><U55/><E55/><V68/><F68/><W62/><G73/><T9/><D46/><U131/><E131/><N who="2" m="50219" /><F132/><W85/><G62/><T47/><D47/><AGARI ba="1,0" hai="4,11,14,37,40,47,105,107" m="50219,1129" machi="47" ten="30,7700,0" yaku="19,1,52,3" doraHai="34" who="2" fromWho="0" sc="211,-80,269,0,191,80,329,0" /><INIT seed="2,0,0,0,5,131" ten="131,269,271,329" oya="2" hai0="38,104,11,10,87,55,90,128,33,84,7,17,8" hai1="70,95,58,15,88,127,111,93,21,13,124,72,114" hai2="0,20,64,79,113,50,6,24,22,75,69,40,120" hai3="3,98,2,85,12,92,110,49,59,67,121,125,118"/><V34/><F113/><W9/><G118/><T101/><D128/><U53/><E111/><V89/><F120/><W82/><G110/><T99/><D33/><U5/><E114/><V66/><F34/><W52/><G125/><N who="1" m="48202" /><E70/><V41/><F75/><W96/><G67/><T122/><D122/><U35/><E35/><V57/><F79/><W107/><G107/><T19/><D38/><U94/><E72/><V78/><F78/><W86/><G98/><T63/><D7/><U36/><E36/><V81/><F69/><W71/><G71/><T47/><D87/><N who="1" m="52383" /><E5/><V129/><F129/><W62/><G86/><T16/><D47/><U116/><E116/><V54/><F0/><W80/><G2/><T91/><REACH who="0" step="1"/><D84/><REACH who="0" ten="121,269,271,329" step="2"/><U26/><E95/><V29/><F6/><W44/><G85/><T132/><D132/><U135/><E94/><V108/><F108/><W30/><G92/><T83/><D83/><U102/><E135/><V68/><F81/><W25/><G82/><T65/><D65/><U109/><E109/><V39/><F39/><W18/><G80/><T32/><D32/><U4/><E4/><V117/><F117/><W74/><G121/><T1/><D1/><U105/><E105/><V77/><F77/><W42/><G3/><T43/><D43/><U106/><E106/><V60/><F66/><W123/><G123/><T73/><D73/><U76/><E76/><V130/><F130/><W115/><G74/><T119/><D119/><U51/><E102/><V37/><F37/><W100/><G100/><T46/><D46/><U103/><E103/><V14/><F89/><RYUUKYOKU ba="0,1" sc="121,10,269,10,271,10,329,-30" hai0="8,10,11,16,17,19,55,63,90,91,99,101,104" hai1="13,15,21,26,51,53,58" hai2="14,20,22,24,29,40,41,50,54,57,60,64,68" /><INIT seed="2,1,1,0,2,82" ten="131,279,281,299" oya="2" hai0="49,44,106,99,13,109,124,9,102,80,72,120,10" hai1="23,129,69,29,128,74,11,105,130,67,79,34,26" hai2="94,123,66,104,20,24,50,111,62,46,103,88,8" hai3="73,95,16,55,38,54,96,15,83,56,3,53,19"/><V40/><F123/><W39/><G3/><T21/><D109/><U17/><E105/><V61/><F111/><W87/><G73/><T25/><D120/><U43/><E43/><V14/><F103/><N who="3" m="60831" /><G38/><T115/><D115/><U107/><E107/><V42/><F42/><W48/><G39/><T75/><D124/><U45/><E45/><V58/><F104/><W92/><G92/><T89/><D9/><U70/><E67/><V4/><F58/><N who="3" m="33063" /><G15/><T60/><D60/><U122/><E122/><V113/><F66/><W59/><G59/><T118/><D118/><U5/><E74/><V35/><F35/><W134/><G134/><T127/><D127/><U131/><E79/><V85/><F113/><W36/><G36/><T114/><D114/><U132/><E132/><V31/><AGARI ba="1,1" hai="4,8,14,20,24,31,40,46,50,61,62,85,88,94" machi="31" ten="20,12000,1" yaku="0,1,7,1,8,1,52,1,54,1" doraHai="82" who="2" fromWho="2" sc="131,-41,279,-41,281,133,299,-41" /><INIT seed="2,2,0,2,0,76" ten="90,238,414,258" oya="2" hai0="78,77,73,53,67,123,94,9,23,108,21,88,27" hai1="129,109,74,54,34,37,84,6,90,126,38,134,19" hai2="83,70,48,16,3,106,31,87,68,12,71,72,25" hai3="62,98,8,64,93,40,82,32,57,112,120,111,116"/><V131/><F3/><W75/><G116/><T115/><D108/><U85/><E74/><V30/><F72/><W10/><G120/><T66/><D123/><U63/><E34/><V110/><F106/><W56/><G112/><T65/><D115/><U59/><E109/><V127/><F110/><W52/><G32/><T124/><D124/><U61/><E126/><V0/><F0/><W22/><G40/><T103/><D103/><U58/><E129/><V89/><F127/><W133/><G133/><T4/><D53/><U51/><E134/><V118/><F118/><W26/><G75/><T33/><D33/><U49/><E6/><V2/><F2/><W91/><G82/><T35/><D35/><U79/><E19/><V60/><F131/><W113/><G113/><T96/><D21/><U97/><E79/><V5/><F60/><W17/><G111/><T128/><D128/><U92/><E37/><V122/><F122/><W18/><G18/><T117/><D117/><U46/><E38/><V47/><F25/><W119/><G119/><T132/><D132/><U55/><REACH who="1" step="1"/><E51/><AGARI ba="2,0" hai="8,10,17,22,26,51,52,56,57,62,64,91,93,98" machi="51" ten="30,3900,0" yaku="7,1,8,1,54,1" doraHai="76" who="3" fromWho="1" sc="90,0,238,-45,414,0,258,45" /><INIT seed="3,0,0,0,3,134" ten="90,193,414,303" oya="3" hai0="41,118,59,31,109,110,113,96,51,1,15,125,102" hai1="8,86,94,89,36,11,101,5,108,25,95,128,14" hai2="43,72,117,71,66,62,107,2,22,33,124,37,26" hai3="78,58,34,42,24,19,127,99,68,103,29,130,75"/><W9/><G68/><T27/><D118/><U48/><E108/><V47/><F124/><W114/><G114/><T133/><D133/><U100/><E128/><V123/><F117/><W35/><G130/><T70/><D70/><U13/><E36/><V0/><F123/><W49/><G35/><T69/><D69/><U10/><E10/><V46/><F72/><W91/><G91/><T44/><D113/><U55/><E25/><V84/><F46/><W7/><G19/><T112/><D112/><U28/><E28/><V54/><F54/><W21/><G75/><T63/><D1/><U60/><E60/><V132/><F132/><W16/><G78/><T67/><D15/><U65/><E65/><V6/><F6/><W120/><G120/><T74/><D74/><U85/><E85/><V129/><F129/><W17/><G34/><T81/><D81/><U79/><E95/><V122/><F122/><W104/><G127/><T18/><D18/><N who="1" m="8487" /><E79/><V121/><F121/><W93/><G104/><T50/><D50/><U56/><AGARI ba="0,0" hai="5,11,14,48,55,56,86,89,94,100,101" m="8487" machi="56" ten="30,1100,0" yaku="8,1" doraHai="134" who="1" fromWho="1" sc="90,-3,193,11,414,-3,303,-5" owari="87,-41.3,204,-19.6,411,51.1,298,9.8" /></mjloggm>