<mjloggm ver="2.3"><GO type="225" lobby="0"/><UN n0="%33%74%72%65%65" n1="%E5%A4%8F%E9%88%B4%E9%88%B4%E5%A4%8F" n2="%45%6C%79%73%69%75%6D" n3="%6D%6F%6E%63%68%69" dan="17,16,18,16" rate="2189.68,2124.63,2161.00,2067.65" sx="F,M,F,M"/><TAIKYOKU oya="0"/><INIT seed="0,0,0,4,2,72" ten="250,250,250,250" oya="0" hai0="4,62,83,25,115,36,100,120,0,78,1,77,102" hai1="59,40,50,104,82,39,76,43,131,24,9,113,10" hai2="94,33,66,73,128,125,89,31,14,38,16,30,95" hai3="41,48,21,35,56,92,44,17,98,99,45,130,37"/><T55/><D115/><U106/><E113/><V57/><F38/><W105/><G35/><T80/><D120/><U122/><E122/><V85/><F73/><W112/><G130/><T103/><D36/><U54/><E131/><V58/><F128/><W5/><G112/><T6/><D25/><U87/><E106/><V96/><F125/><W51/><G37/><T75/><D55/><U27/><E104/><V86/><F33/><W28/><G5/><T42/><D42/><N who="1" m="15915" /><E39/><V65/><F96/><W111/><G28/><T11/><D62/><U117/><E117/><V26/><F26/><AGARI ba="0,0" hai="9,10,24,26,27,50,54,59,76,82,87" m="15915" machi="26" ten="30,2000,0" yaku="8,1,52,1" doraHai="72" who="1" fromWho="2" sc="250,0,250,20,250,-20,250,0" /><INIT seed="1,0,0,2,2,33" ten="250,270,230,250" oya="1" hai0="47,15,22,80,128,72,131,123,129,85,103,25,82" hai1="97,88,58,48,86,117,71,44,108,126,66,37,59" hai2="40,100,69,27,24,0,84,20,79,81,95,106,127" hai3="55,105,87,124,12,54,34,119,11,94,62,91,63"/><U65/><E117/><V110/><F69/><W104/><G34/><T96/><D123/><U30/><E108/><V114/><F110/><W26/><G124/><T57/><D72/><U118/><E118/><V77/><F127/><W76/><G104/><T135/><D135/><U56/><E126/><V2/><F106/><W89/><G105/><N who="0" m="63719" /><D15/><U14/><E37/><V1/><F114/><W29/><G76/><T46/><D57/><U130/><E130/><V49/><F77/><W92/><G119/><T38/><D38/><U7/><E30/><V75/><F20/><N who="3" m="15559" /><G55/><T8/><D8/><N who="1" m="4383" /><E97/><V43/><F100/><W39/><G54/><T70/><D70/><U78/><E78/><V111/><F111/><W120/><G39/><T83/><D85/><U36/><E36/><V28/><F28/><AGARI ba="0,0" hai="22,25,28,46,47,80,82,83,128,129,131" m="63719" machi="28" ten="40,1300,0" yaku="19,1" doraHai="33" who="0" fromWho="2" sc="250,13,270,0,230,-13,250,0" /><INIT seed="2,0,0,1,2,42" ten="263,270,217,250" oya="2" hai0="86,126,89,46,25,127,18,13,4,3,40,112,51" hai1="121,57,17,7,44,50,105,94,67,119,59,133,64" hai2="107,131,109,65,31,75,28,15,96,35,29,11,79" hai3="62,16,88,72,92,10,80,102,103,71,8,37,83"/><V99/><F131/><W6/><G37/><T125/><D112/><U114/><E105/><V118/><F118/><W52/><G71/><T1/><D4/><U129/><E114/><V53/><F35/><W73/><G6/><T101/><D101/><N who="3" m="38409" /><G8/><N who="0" m="6439" /><D25/><U27/><E119/><V19/><F107/><W81/><G72/><T41/><D40/><N who="1" m="24839" /><E129/><V54/><F109/><W104/><G104/><T130/><D130/><U106/><E106/><V116/><F116/><W98/><G73/><T66/><D66/><N who="1" m="25131" /><E133/><V120/><F120/><W30/><G30/><T122/><D122/><U78/><E78/><V49/><F65/><W22/><G10/><T110/><D110/><U111/><E7/><V87/><F75/><W12/><G80/><AGARI ba="0,0" hai="1,3,41,46,51,80,86,89,125,126,127" m="6439" machi="80" ten="30,2000,0" yaku="18,1,52,1" doraHai="42" who="0" fromWho="3" sc="263,20,270,0,217,0,250,-20" /><INIT seed="3,0,0,0,2,129" ten="283,270,217,230" oya="3" hai0="13,60,128,49,35,52,75,102,113,105,32,27,30" hai1="14,76,79,61,4,126,63,39,116,66,91,118,89" hai2="98,33,132,3,134,47,71,92,36,115,25,6,15" hai3="53,5,94,87,51,29,11,31,48,73,23,10,108"/><W67/><G73/><T85/><D128/><U86/><E39/><V110/><F115/><W45/><G108/><T70/><D75/><U20/><E126/><V57/><F110/><W24/><G67/><N who="0" m="41319" /><D35/><U121/><E121/><V21/><F71/><W17/><G11/><T127/><D85/><U42/><E42/><N who="2" m="22983" /><F57/><W54/><G87/><T99/><D13/><U112/><E112/><V16/><F92/><W83/><G83/><T22/><D22/><U64/><E20/><V114/><F98/><W69/><G94/><T130/><D113/><U103/><E86/><V80/><F80/><W43/><G69/><T81/><D81/><U37/><E37/><V82/><F82/><W58/><REACH who="3" step="1"/><G43/><REACH who="3" ten="283,270,217,220" step="2"/><T117/><D127/><U62/><E66/><V101/><F114/><W124/><G124/><T1/><D130/><U95/><E64/><V78/><F78/><W77/><G77/><T59/><D1/><AGARI ba="0,1" hai="1,5,10,17,23,24,29,31,45,48,51,53,54,58" machi="1" ten="30,2900,0" yaku="1,1,7,1,53,0" doraHai="129" doraHaiUra="120" who="3" fromWho="0" sc="283,-29,270,0,217,0,220,39" /><INIT seed="3,1,0,5,1,59" ten="254,270,217,259" oya="3" hai0="33,23,76,68,93,39,111,0,43,55,67,135,107" hai1="121,52,49,1,44,130,65,110,92,129,84,77,124" hai2="120,126,48,109,97,42,115,71,60,18,7,83,102" hai3="82,37,26,113,11,74,134,57,131,69,47,104,72"/><W95/><G104/><T94/><D94/><U4/><E121/><V106/><F115/><W80/><G69/><T75/><D93/><U15/><E1/><V14/><F120/><W87/><G113/><T29/><D23/><U38/><E110/><V19/><F109/><W133/><G11/><T73/><D55/><U122/><E122/><V96/><F126/><W30/><G95/><T6/><D135/><N who="3" m="51721" /><G131/><N who="1" m="50186" /><E124/><V36/><F97/><W63/><G47/><N who="0" m="24063" /><D107/><U91/><E77/><V17/><F83/><N who="3" m="31787" /><G87/><T98/><D76/><U45/><E45/><V5/><F36/><W108/><G37/><T132/><D98/><U78/><E38/><V66/><REACH who="2" step="1"/><F14/><REACH who="2" ten="254,270,207,259" step="2"/><W61/><G108/><T31/><D111/><U24/><E78/><V16/><N who="2" m="4096" /><DORA hai="118" /><V119/><F119/><W3/><G3/><T25/><D132/><U86/><E15/><V58/><F58/><W116/><G57/><T27/><D0/><U9/><E9/><V22/><F22/><N who="3" m="15703" /><G116/><T88/><D68/><U62/><E86/><V41/><F41/><W13/><G13/><T56/><D56/><N who="1" m="37063" /><E24/><V112/><F112/><W99/><G99/><T79/><D25/><U8/><E8/><V101/><F101/><W51/><G51/><T53/><D27/><U35/><E35/><V20/><F20/><W105/><G105/><T64/><D33/><U50/><E50/><V46/><AGARI ba="1,1" hai="5,7,42,46,48,60,66,71,96,102,106" m="4096" machi="46" ten="40,8000,1" yaku="1,1,0,1,52,1,54,1,53,1" doraHai="59,118" doraHaiUra="10,100" who="2" fromWho="2" sc="254,-21,270,-21,207,93,259,-41" owari="233,-16.7,249,4.9,300,40.0,218,-28.2" /></mjloggm>