<mjloggm ver="2.3"><GO type="225" lobby="0"/><UN n0="%E3%81%8B%E3%82%8F%E3%81%A1%E3%82%83%E3%82%93%35%38" n1="%72%69%6F%75%63%68%61%6E" n2="%E3%83%97%E3%83%AC%E3%83%B4%E3%82%A1%E3%83%86%E3%82%A3" n3="%E3%81%BF%E3%81%BF%E3%81%9A" dan="17,17,16,17" rate="2208.48,2265.08,2109.22,2187.48" sx="M,M,F,M"/><TAIKYOKU oya="0"/><INIT seed="0,0,0,3,0,117" ten="250,250,250,250" oya="0" hai0="68,125,66,5,105,89,82,52,28,6,81,48,88" hai1="133,74,24,33,119,41,17,29,95,80,128,104,129" hai2="65,78,72,20,51,55,96,113,121,39,31,98,49" hai3="122,73,44,90,114,85,12,135,131,92,8,94,106"/><T71/><D105/><U102/><E133/><V67/><F39/><W130/><G114/><T15/><D28/><U86/><E119/><V91/><F113/><W57/><G106/><T103/><D103/><U18/><E104/><V123/><F72/><W61/><G73/><T83/><D125/><U69/><E69/><V34/><F78/><W87/><G44/><T54/><D66/><U1/><E1/><V0/><F0/><W26/><G26/><T25/><D25/><U37/><E74/><V7/><F7/><N who="0" m="2570" /><D15/><U97/><E41/><V36/><F36/><W127/><G135/><T116/><D116/><U2/><E2/><V35/><F20/><W79/><G127/><T30/><D30/><U76/><REACH who="1" step="1"/><E37/><REACH who="1" ten="250,240,250,250" step="2"/><V21/><F31/><W107/><G107/><T64/><D64/><U132/><E132/><V134/><F134/><W118/><G118/><T50/><D71/><U124/><E124/><V47/><F67/><W56/><G131/><AGARI ba="0,1" hai="17,18,24,29,33,76,80,86,95,97,102,128,129,131" machi="131" ten="40,2600,0" yaku="1,1,19,1,53,0" doraHai="117" doraHaiUra="58" who="1" fromWho="3" sc="250,0,240,36,250,0,250,-26" /><INIT seed="1,0,0,3,5,57" ten="250,276,250,224" oya="1" hai0="97,56,29,28,90,16,27,122,63,55,24,106,64" hai1="101,107,67,130,129,5,85,96,60,48,76,131,15" hai2="115,14,89,134,105,77,2,21,54,47,73,112,110" hai3="46,62,72,17,103,109,126,123,118,13,49,68,121"/><U82/><E48/><V87/><F105/><W50/><G72/><T78/><D78/><U99/><E96/><V61/><F2/><W124/><G103/><T75/><D75/><U71/><E15/><V69/><F110/><W32/><G32/><T19/><D122/><U38/><REACH who="1" step="1"/><E5/><REACH who="1" ten="250,266,250,224" step="2"/><V135/><F14/><W133/><G118/><T83/><D97/><U117/><E117/><V59/><F21/><N who="3" m="11439" /><G50/><T102/><D102/><U66/><E66/><V10/><F10/><W33/><G33/><T116/><D64/><U128/><N who="1" m="32768" /><DORA hai="94" /><U35/><E35/><V132/><F47/><W3/><G123/><T127/><D116/><U34/><E34/><V8/><F8/><W36/><G121/><T45/><D45/><U113/><E113/><V25/><F25/><W125/><G36/><AGARI ba="0,1" hai="36,38,60,67,71,76,82,85,99,101,107" m="32768" machi="36" ten="70,12000,1" yaku="1,1,19,1,52,2,53,0" doraHai="57,94" doraHaiUra="52,108" who="1" fromWho="3" sc="250,0,266,130,250,0,224,-120" /><INIT seed="1,1,0,5,1,15" ten="250,396,250,104" oya="1" hai0="24,119,95,109,65,21,98,1,87,130,107,54,116" hai1="135,120,42,8,89,81,40,82,78,83,57,74,122" hai2="20,67,32,68,31,49,7,64,14,104,105,48,117" hai3="126,29,38,86,47,45,131,50,79,28,25,46,35"/><U90/><E135/><V23/><F117/><W113/><G113/><T63/><D1/><U121/><E57/><V43/><F43/><W114/><G114/><T17/><D109/><U132/><E132/><V18/><F32/><W123/><G123/><T26/><D130/><U76/><E8/><V91/><F7/><W60/><G131/><T44/><D107/><U0/><E0/><V59/><F68/><W69/><G126/><T12/><D87/><U129/><E129/><V55/><F105/><W2/><G2/><T88/><D44/><U128/><E128/><V110/><F104/><W133/><G38/><T10/><D54/><U118/><E118/><V71/><F71/><W75/><G75/><T94/><D94/><U5/><E5/><V19/><F31/><W92/><G133/><T56/><REACH who="0" step="1"/><D26/><REACH who="0" ten="240,396,250,104" step="2"/><U11/><E74/><V108/><F110/><W106/><G106/><T111/><D111/><U115/><E115/><V39/><F108/><W101/><G47/><T51/><D51/><U37/><E37/><V3/><F39/><W77/><G46/><T58/><D58/><U80/><N who="1" m="20480" /><DORA hai="97" /><U100/><E122/><V127/><F3/><W124/><G86/><T61/><D61/><U73/><E121/><V134/><F134/><W41/><G124/><T30/><AGARI ba="1,1" hai="10,12,17,21,24,30,56,63,65,88,95,98,116,119" machi="30" ten="20,12000,2" yaku="1,1,0,1,7,1,52,1,54,1,53,1" doraHai="15,97" doraHaiUra="66,9" who="0" fromWho="0" sc="240,133,396,-61,250,-31,104,-31" /><INIT seed="2,0,0,4,3,30" ten="373,335,219,73" oya="2" hai0="64,101,63,104,15,99,50,21,135,14,44,1,4" hai1="131,52,122,90,130,49,126,80,47,73,53,65,5" hai2="22,43,66,84,45,77,100,69,133,25,56,111,54" hai3="89,11,17,18,103,124,71,116,117,36,72,121,37"/><V39/><F133/><W68/><G103/><T31/><D135/><U85/><E126/><V60/><F100/><W27/><G121/><T23/><D1/><U115/><E115/><V110/><F77/><W58/><G27/><T107/><D107/><U7/><E122/><V61/><F84/><W75/><G58/><T120/><D120/><U78/><E65/><N who="2" m="41127" /><F25/><W29/><G29/><T62/><D62/><U70/><E70/><N who="2" m="42319" /><F22/><W42/><G42/><T125/><D125/><U102/><E102/><V6/><F6/><W87/><G124/><T91/><D91/><U96/><E96/><V118/><F118/><W24/><G24/><T94/><D104/><U106/><E106/><V28/><F28/><W113/><G87/><T132/><D132/><U128/><REACH who="1" step="1"/><E53/><REACH who="1" ten="373,325,219,73" step="2"/><V34/><F34/><W0/><G113/><T3/><D99/><U95/><AGARI ba="0,1" hai="5,7,47,49,52,73,78,80,85,90,95,128,130,131" machi="95" ten="30,12000,2" yaku="1,1,2,1,0,1,19,1,54,1,53,1" doraHai="30" doraHaiUra="82" who="1" fromWho="1" sc="373,-30,325,130,219,-60,73,-30" /><INIT seed="3,0,0,3,0,81" ten="343,455,159,43" oya="3" hai0="97,117,17,101,87,135,119,77,86,48,64,41,22" hai1="123,57,113,115,107,126,105,13,23,122,49,56,54" hai2="1,120,38,130,125,32,43,18,7,35,95,92,0" hai3="67,21,59,63,46,5,55,118,82,29,96,68,16"/><W27/><G118/><N who="0" m="45067" /><D17/><U65/><E23/><V104/><F104/><W33/><G5/><T45/><D22/><U109/><E13/><V51/><F130/><W75/><G46/><T79/><D48/><U11/><E11/><V98/><F125/><W111/><G111/><T73/><D45/><U58/><E105/><V24/><F38/><W28/><G33/><T36/><D64/><U74/><E107/><V124/><F124/><W128/><G128/><T30/><D30/><U34/><E109/><V3/><F120/><N who="1" m="46121" /><E74/><V131/><F131/><W70/><G96/><T94/><D41/><U6/><E6/><V39/><F39/><W9/><G9/><T134/><D36/><U83/><E83/><V76/><F76/><N who="0" m="29258" /><D73/><U52/><E126/><V114/><F114/><N who="1" m="43529" /><E34/><V31/><F7/><W99/><G70/><T133/><D101/><U50/><E65/><V61/><F61/><W93/><G82/><T71/><D71/><U127/><E127/><V78/><F78/><W44/><G75/><T62/><D62/><U121/><E121/><V2/><F2/><W85/><G68/><T4/><D4/><U15/><E15/><V25/><F43/><W20/><G20/><T14/><D14/><U47/><AGARI ba="0,0" hai="47,49,50,52,54,56,57,58" m="43529,46121" machi="47" ten="30,4000,0" yaku="34,2,54,1" doraHai="81" who="1" fromWho="1" sc="343,-10,455,40,159,-10,43,-20" owari="333,13.3,495,59.5,149,-25.1,23,-47.7" /></mjloggm>