<mjloggm ver="2.3"><GO type="225" lobby="0"/><UN n0="%4B%2E%32%2E%4B%2E" n1="%E3%81%86%E3%83%BC%E3%81%B1%E3%83%BC" n2="%65%6B%61%72%75%74%65" n3="%E7%9C%9F%E4%B8%80" dan="16,16,16,17" rate="2081.36,2121.31,2099.20,2183.78" sx="M,M,M,M"/><TAIKYOKU oya="0"/><INIT seed="0,0,0,3,4,82" ten="250,250,250,250" oya="0" hai0="120,70,116,133,81,1,5,51,108,33,134,37,90" hai1="84,80,115,54,53,32,124,118,103,9,92,76,6" hai2="94,61,114,66,83,27,16,7,109,112,74,39,17" hai3="50,62,99,88,18,122,113,3,14,85,45,101,119"/><T79/><D120/><U58/><E118/><V13/><F39/><W11/><G119/><T125/><D116/><U40/><E32/><V42/><F42/><W36/><G113/><T2/><D37/><U97/><E115/><V130/><F109/><W107/><G122/><T48/><D125/><U20/><E124/><V129/><F94/><W12/><G36/><T86/><D108/><U64/><E20/><N who="2" m="13703" /><F83/><W34/><G34/><T65/><D33/><U25/><E25/><V89/><F89/><W55/><G62/><N who="0" m="40247" /><D79/><U71/><E71/><N who="2" m="42447" /><F7/><W56/><G3/><N who="0" m="1035" /><D5/><U104/><E40/><V35/><F74/><W57/><REACH who="3" step="1"/><G14/><REACH who="3" ten="250,250,250,240" step="2"/><T23/><D23/><U100/><E64/><V21/><F35/><W47/><G47/><T52/><D52/><U121/><E121/><V69/><F21/><W102/><G102/><T67/><D67/><U135/><E54/><V41/><F13/><W31/><G31/><T24/><D24/><U19/><E53/><V22/><F22/><W0/><G0/><T96/><D48/><U49/><E49/><V10/><F41/><W46/><G46/><T28/><D51/><U87/><E58/><V93/><F69/><W75/><G75/><T43/><D43/><U78/><E103/><V15/><F114/><W126/><G126/><T110/><D110/><U77/><E100/><V26/><F112/><W59/><G59/><T4/><D28/><U98/><E104/><V60/><F26/><W91/><G91/><T72/><D72/><U105/><E105/><V106/><F106/><W29/><G29/><T73/><D73/><U117/><E117/><RYUUKYOKU ba="0,1" sc="250,-10,250,-10,250,-10,240,30" hai3="11,12,18,45,50,55,56,57,85,88,99,101,107" /><INIT seed="1,1,1,5,2,79" ten="240,240,240,270" oya="1" hai0="129,134,43,131,16,2,64,70,15,80,90,77,71" hai1="132,25,98,85,109,3,135,127,11,82,105,89,21" hai2="17,84,63,52,104,76,61,128,60,102,124,73,83" hai3="114,107,32,117,75,81,53,133,67,19,56,92,126"/><U111/><E127/><V86/><F124/><W7/><G126/><T69/><D134/><N who="1" m="51243" /><E3/><V27/><F128/><N who="0" m="49226" /><D2/><U65/><E65/><V96/><REACH who="2" step="1"/><F52/><REACH who="2" ten="240,240,230,270" step="2"/><W12/><G53/><T34/><D43/><U101/><E11/><V115/><F115/><W99/><G114/><T55/><D55/><U119/><E119/><V94/><F94/><W8/><G92/><T72/><D34/><U13/><E13/><V91/><F91/><W57/><G32/><T74/><D90/><U28/><AGARI ba="1,2" hai="21,25,28,82,85,89,98,101,105,109,111" m="51243" machi="28" ten="30,3000,0" yaku="20,1,52,1" doraHai="79" who="1" fromWho="1" sc="240,-11,240,53,230,-11,270,-11" /><INIT seed="1,2,0,2,4,47" ten="229,293,219,259" oya="1" hai0="72,77,59,51,62,78,26,61,53,9,64,112,38" hai1="88,92,50,124,16,27,67,128,57,75,69,4,35" hai2="37,132,76,127,1,121,80,100,63,135,98,22,54" hai3="105,90,120,131,42,56,97,8,96,106,116,79,133"/><U111/><E128/><V28/><F121/><W102/><G120/><T70/><D112/><U104/><E104/><V73/><F37/><W7/><G131/><T99/><D38/><U58/><E124/><V24/><F1/><W126/><G126/><T10/><D26/><U108/><E4/><V107/><REACH who="2" step="1"/><F127/><REACH who="2" ten="229,293,209,259" step="2"/><W18/><G116/><T21/><D72/><U82/><E75/><V119/><F119/><W114/><G114/><T0/><D0/><U81/><E111/><V89/><F89/><W48/><G90/><T6/><D78/><U39/><E39/><V3/><F3/><W55/><G79/><T117/><D77/><U71/><E88/><V11/><F11/><W43/><G133/><T118/><D118/><U125/><E108/><V95/><F95/><W129/><G129/><T44/><D117/><U110/><E92/><V87/><F87/><W23/><G8/><T45/><D10/><U17/><E110/><V134/><F134/><W32/><G7/><T20/><D9/><U25/><E125/><V86/><F86/><W12/><REACH who="3" step="1"/><G32/><REACH who="3" ten="229,293,209,249" step="2"/><T15/><D6/><U34/><E35/><V122/><F122/><W29/><G29/><T93/><D21/><U115/><E34/><V30/><F30/><W130/><G130/><T40/><D20/><U14/><E115/><V84/><F84/><W109/><G109/><T113/><D113/><U19/><E14/><V52/><F52/><W2/><G2/><T103/><D15/><U41/><E27/><V91/><F91/><W83/><G83/><T5/><D5/><U13/><E13/><V65/><F65/><RYUUKYOKU ba="2,2" sc="229,10,293,-30,209,10,249,10" hai0="40,44,45,51,53,59,61,62,64,70,93,99,103" hai2="22,24,28,54,63,73,76,80,98,100,107,132,135" hai3="12,18,23,42,43,48,55,56,96,97,102,105,106" /><INIT seed="2,3,2,4,0,10" ten="239,263,219,259" oya="2" hai0="119,84,70,113,69,79,51,43,30,82,68,58,110" hai1="54,78,108,23,73,117,127,40,133,38,55,60,67" hai2="97,75,47,72,27,103,19,39,89,12,112,34,20" hai3="6,122,107,14,4,0,134,95,66,116,2,102,5"/><V62/><F112/><W50/><G116/><T101/><D113/><U15/><E117/><V124/><F124/><W98/><G122/><T77/><D119/><U56/><E127/><V123/><F123/><W29/><G134/><T53/><D110/><U130/><E108/><V45/><F89/><W17/><G29/><T9/><D30/><U59/><E133/><V7/><F62/><W52/><G66/><T24/><D24/><U44/><E130/><V114/><F114/><W1/><G107/><T94/><D9/><U22/><E67/><V11/><F34/><W91/><G102/><T57/><D43/><U118/><E118/><V21/><F21/><W115/><G115/><T48/><D77/><U18/><E73/><V37/><F47/><W71/><G71/><T120/><D120/><U32/><E78/><V41/><REACH who="2" step="1"/><F39/><REACH who="2" ten="239,263,209,259" step="2"/><W61/><G61/><T125/><D125/><U74/><E32/><V92/><AGARI ba="3,3" hai="7,11,12,19,20,27,37,41,45,72,75,92,97,103" machi="92" ten="20,18000,2" yaku="1,1,2,1,0,1,7,1,52,1,53,1" doraHai="10" doraHaiUra="90" who="2" fromWho="2" sc="239,-63,263,-63,209,219,259,-63" /><INIT seed="2,4,0,4,4,50" ten="176,200,428,196" oya="2" hai0="48,56,108,2,66,90,93,68,78,9,41,98,67" hai1="19,43,114,81,31,75,117,6,51,47,23,27,30" hai2="63,119,64,130,80,8,42,132,127,97,69,131,94" hai3="7,83,57,60,122,72,14,100,134,13,46,11,113"/><V25/><F119/><W36/><G113/><T104/><D68/><U73/><E114/><V125/><F42/><W76/><G122/><T133/><D108/><U65/><E117/><V99/><F8/><W107/><G134/><T123/><D123/><U118/><E118/><V91/><F132/><W10/><G107/><T121/><D121/><U3/><E65/><V62/><F25/><W77/><G100/><T17/><D133/><U55/><E6/><V111/><F111/><W22/><G22/><T96/><D78/><U85/><E3/><V53/><F80/><W109/><G77/><T4/><D17/><U102/><E102/><V35/><F99/><W24/><G24/><T0/><D0/><U129/><E129/><N who="2" m="49163" /><F35/><W61/><G109/><T37/><D37/><U18/><E73/><V120/><F120/><W39/><G46/><T126/><D126/><U110/><E75/><V88/><F91/><W112/><G112/><T58/><D41/><U45/><E31/><V87/><F97/><W84/><G72/><T74/><D74/><U95/><E110/><V54/><F63/><W16/><REACH who="3" step="1"/><G61/><REACH who="3" ten="176,200,428,186" step="2"/><T34/><D34/><U21/><E23/><V59/><F62/><W12/><G12/><T33/><D33/><U116/><E116/><V128/><F128/><W135/><G135/><T103/><REACH who="0" step="1"/><D48/><REACH who="0" ten="166,200,428,186" step="2"/><U44/><E43/><V26/><F127/><W29/><G29/><T20/><D20/><U106/><E21/><V49/><F49/><W5/><G5/><T82/><D82/><U15/><E81/><V70/><F125/><W101/><G101/><T92/><D92/><RYUUKYOKU ba="4,2" sc="166,15,200,-15,428,-15,186,15" hai0="2,4,9,56,58,66,67,90,93,96,98,103,104" hai3="7,10,11,13,14,16,36,39,57,60,76,83,84" /><INIT seed="3,5,2,0,2,49" ten="181,185,413,201" oya="3" hai0="16,86,119,42,115,43,64,47,57,53,44,82,114" hai1="34,35,46,65,2,24,131,22,66,124,21,84,75" hai2="78,118,33,14,90,70,3,13,121,99,40,92,122" hai3="109,56,1,54,87,6,103,11,27,0,89,80,132"/><W32/><G132/><T60/><D119/><U108/><E75/><V69/><F118/><W10/><G109/><T37/><D16/><U125/><E108/><V105/><F3/><W102/><G32/><N who="1" m="12330" /><E131/><V81/><F40/><W76/><G27/><T129/><D129/><U120/><E120/><N who="2" m="46187" /><F105/><W30/><G30/><T12/><D12/><N who="2" m="4714" /><F33/><W61/><REACH who="3" step="1"/><G76/><REACH who="3" ten="181,185,413,191" step="2"/><T113/><D64/><U106/><E65/><V77/><F78/><W5/><AGARI ba="5,3" hai="0,1,5,6,10,11,54,56,61,80,87,89,102,103" machi="5" ten="30,12000,1" yaku="1,1,2,1,0,1,9,1,52,1,53,0" doraHai="49" doraHaiUra="93" who="3" fromWho="3" sc="181,-45,185,-45,413,-45,191,165" /><INIT seed="3,6,0,2,0,64" ten="136,140,368,356" oya="3" hai0="41,36,62,32,99,66,21,119,72,15,92,95,69" hai1="20,135,12,110,134,5,74,89,115,37,133,23,57" hai2="31,17,108,81,4,80,73,27,53,85,83,130,125" hai3="59,30,67,131,11,97,118,82,26,94,120,48,56"/><W129/><G118/><T55/><D119/><U70/><E115/><V75/><F108/><W16/><G120/><T121/><D121/><U107/><E110/><V122/><F122/><W104/><G104/><T42/><D32/><U93/><E70/><V98/><F4/><W2/><G82/><T38/><D72/><U65/><E37/><V78/><F125/><W18/><G67/><T13/><D92/><U8/><E107/><V7/><F7/><N who="3" m="1527" /><G48/><T14/><D21/><U132/><E74/><V86/><F81/><W49/><G49/><T71/><D71/><U52/><N who="1" m="33792" /><DORA hai="87" /><U47/><E47/><V0/><F0/><W44/><G44/><T43/><REACH who="0" step="1"/><D55/><REACH who="0" ten="126,140,368,356" step="2"/><U84/><E65/><V90/><F53/><W88/><G56/><T9/><D9/><U124/><E124/><V22/><F75/><W40/><G59/><T113/><D113/><U35/><E35/><V45/><F73/><W77/><G40/><T100/><AGARI ba="6,1" hai="13,14,15,36,38,41,42,43,62,66,69,95,99,100" machi="100" ten="30,4000,0" yaku="1,1,0,1,52,1,53,0" doraHai="64,87" doraHaiUra="46,102" who="0" fromWho="0" sc="126,68,140,-16,368,-16,356,-26" owari="194,-20.6,124,-37.6,352,45.2,330,13.0" /></mjloggm>