<mjloggm ver="2.3"><GO type="225" lobby="0"/><UN n0="%E9%80%9F%E6%B0%B4%E5%87%9B%E9%A6%99" n1="%43%68%65" n2="%E3%81%95%E3%81%8D%E3%81%9F%E3%81%BE%E6%9E%97%E6%AA%8E" n3="%E3%81%9F%E3%81%93%E2%98%86%E7%84%BC%E3%81%8D" dan="16,16,16,16" rate="2151.09,2107.62,2123.51,2102.17" sx="F,M,M,M"/><TAIKYOKU oya="0"/><INIT seed="0,0,0,1,4,117" ten="250,250,250,250" oya="0" hai0="37,104,6,93,113,88,24,39,97,5,103,49,44" hai1="35,80,40,115,60,84,51,18,52,58,132,108,74" hai2="112,98,13,47,129,23,105,79,54,85,27,14,30" hai3="135,73,71,67,15,122,0,123,22,19,107,121,101"/><T65/><D113/><U120/><E115/><V110/><F112/><W118/><G0/><T72/><D72/><U109/><E74/><V119/><F110/><N who="1" m="42601" /><E35/><V76/><F129/><W17/><G73/><T63/><D24/><U96/><E132/><V124/><F124/><W114/><G114/><T126/><D126/><U77/><E96/><V59/><F119/><W68/><G118/><T102/><D37/><U125/><E18/><V9/><F47/><W90/><G90/><T50/><D39/><U75/><E75/><V28/><F28/><W64/><G101/><T53/><D50/><U66/><E40/><V21/><F105/><W36/><G107/><T81/><D81/><U33/><E33/><V20/><F98/><W95/><G95/><T61/><D61/><U38/><E38/><V130/><F130/><W134/><G36/><T133/><D133/><N who="3" m="50697" /><G17/><T69/><D102/><U46/><E125/><V42/><F42/><W87/><G87/><AGARI ba="0,0" hai="5,6,44,49,53,63,65,69,87,88,93,97,103,104" machi="87" ten="30,2900,0" yaku="7,1,54,1" doraHai="117" who="0" fromWho="3" sc="250,29,250,0,250,0,250,-29" /><INIT seed="0,1,0,0,2,15" ten="279,250,250,221" oya="0" hai0="64,124,113,45,79,133,58,99,29,81,48,47,110" hai1="43,63,50,23,101,56,5,80,130,90,10,135,87" hai2="35,97,16,62,129,75,20,86,66,40,39,12,28" hai3="126,109,9,98,125,53,123,46,106,72,107,37,74"/><T1/><D113/><U83/><E135/><V67/><F129/><W8/><G109/><T21/><D1/><U73/><E130/><V103/><F75/><N who="3" m="28715" /><G98/><T65/><D133/><U7/><E101/><V55/><F39/><W4/><G123/><T2/><D2/><U18/><E73/><V61/><F40/><N who="3" m="22799" /><G53/><T94/><D124/><N who="3" m="47721" /><G8/><T96/><D96/><U128/><E10/><V102/><F86/><W41/><G41/><T115/><D115/><U27/><E128/><V22/><F55/><W114/><G114/><T0/><D99/><U17/><E43/><V36/><F36/><W82/><G82/><T71/><D81/><U76/><E50/><V111/><F111/><W52/><G52/><T88/><D48/><U54/><E80/><V77/><F77/><W25/><G25/><T132/><D79/><U70/><E76/><V120/><F120/><W19/><G19/><N who="1" m="7178" /><E70/><V26/><F97/><W59/><G59/><T6/><D58/><U14/><E14/><AGARI ba="1,0" hai="4,9,14,106,107" m="47721,22799,28715" machi="14" ten="30,1000,0" yaku="18,1" doraHai="15" who="3" fromWho="1" sc="279,0,250,-13,250,0,221,13" /><INIT seed="1,0,0,0,5,7" ten="279,237,250,234" oya="1" hai0="8,64,84,46,93,50,10,131,33,81,17,28,97" hai1="101,21,75,72,77,102,107,125,42,58,40,134,19" hai2="133,85,112,4,83,79,117,60,98,13,12,35,57" hai3="71,126,127,37,120,130,39,65,15,76,70,115,9"/><U48/><E125/><N who="3" m="47626" /><G115/><T91/><D33/><U31/><E31/><V95/><F133/><W36/><G120/><T56/><D28/><U87/><E134/><V5/><F117/><W106/><G76/><T53/><D131/><U32/><E32/><V132/><F35/><W119/><G106/><T54/><D17/><U121/><E121/><V41/><F41/><N who="1" m="15977" /><E75/><V100/><F132/><W63/><G130/><T44/><D64/><U90/><E77/><V38/><F38/><N who="3" m="9731" /><W16/><DORA hai="105" /><G119/><T74/><D74/><U26/><E72/><V99/><F99/><W49/><G49/><N who="0" m="30767" /><D44/><U67/><E107/><V122/><F122/><W18/><G18/><T1/><D1/><U29/><E19/><V111/><F111/><W135/><G135/><T45/><D45/><U104/><E104/><V68/><F68/><AGARI ba="0,0" hai="9,15,16,63,65,68,70,71" m="9731,47626" machi="68" ten="50,6400,0" yaku="18,1,52,1,54,1" doraHai="7,105" who="3" fromWho="2" sc="279,0,237,0,250,-64,234,64" /><INIT seed="2,0,0,1,3,91" ten="279,237,186,298" oya="2" hai0="49,120,93,105,84,135,108,78,20,39,86,73,54" hai1="61,47,106,15,1,32,27,82,65,102,127,37,94" hai2="6,38,88,12,31,25,72,30,41,69,124,83,107" hai3="10,40,98,0,126,56,118,19,34,80,46,2,60"/><V134/><F134/><W28/><G118/><T101/><D39/><U74/><E127/><V63/><F124/><W111/><G80/><T81/><D120/><U96/><E15/><V100/><F38/><W133/><G111/><T45/><D108/><U110/><E110/><V113/><F113/><W103/><G133/><T51/><D135/><U58/><E1/><V11/><F41/><W68/><G68/><T115/><D115/><U62/><E62/><V121/><F121/><W70/><G70/><T128/><D105/><U131/><E131/><V9/><F9/><W18/><G28/><T129/><D73/><U24/><E32/><V50/><F50/><W23/><G34/><T123/><D123/><U125/><E125/><V109/><F109/><W122/><G10/><T33/><D33/><U22/><E106/><V75/><F31/><W95/><G19/><T112/><D112/><U36/><E27/><V76/><F75/><W4/><G4/><T64/><D64/><U14/><E14/><V55/><F55/><W52/><G122/><T104/><D20/><U92/><E47/><V119/><F119/><W71/><G71/><T87/><D104/><U77/><REACH who="1" step="1"/><E94/><REACH who="1" ten="279,227,186,298" step="2"/><V5/><F5/><W43/><G46/><N who="0" m="27959" /><D129/><U117/><E117/><V16/><F6/><W66/><G0/><T85/><D128/><U35/><E35/><N who="2" m="20943" /><F63/><N who="3" m="36231" /><G2/><T3/><D3/><U116/><E116/><V29/><F69/><W90/><G126/><T97/><D45/><U26/><E26/><V44/><F44/><W67/><G60/><T42/><D51/><U114/><E114/><V57/><F107/><RYUUKYOKU ba="0,1" sc="279,15,227,15,186,-15,298,-15" hai0="42,78,81,84,85,86,87,93,97,101" hai1="22,24,36,37,58,61,65,74,77,82,92,96,102" /><INIT seed="3,1,1,5,5,94" ten="294,242,171,283" oya="3" hai0="125,13,119,113,19,17,75,76,89,47,129,42,34" hai1="118,49,77,44,108,10,36,29,128,103,1,98,22" hai2="7,38,26,53,45,68,110,105,24,90,97,121,134" hai3="70,58,72,111,80,15,56,28,51,55,85,99,115"/><W74/><G70/><T23/><D34/><U73/><E108/><V81/><F68/><W14/><G115/><T123/><D119/><U32/><E128/><V88/><F7/><W101/><G28/><T109/><D123/><U116/><E32/><V69/><F69/><W6/><G74/><T41/><D109/><U66/><E66/><V40/><F110/><W35/><G72/><T33/><D33/><U60/><E60/><V46/><F121/><W64/><G35/><T133/><D41/><U21/><E36/><V27/><F134/><W9/><G64/><T48/><D125/><U102/><E102/><V122/><F122/><W20/><G56/><T106/><D106/><U84/><E73/><V18/><F18/><W30/><G30/><T92/><D129/><U87/><E10/><V130/><F130/><W52/><G55/><T59/><D113/><U2/><E2/><V100/><REACH who="2" step="1"/><F81/><REACH who="2" ten="294,242,161,283" step="2"/><W3/><G111/><T31/><D133/><U12/><E118/><V4/><F4/><W79/><G20/><T65/><D17/><U135/><E135/><V71/><F71/><W0/><G0/><T107/><D23/><U120/><E1/><V63/><F63/><W25/><G25/><T124/><D19/><U54/><E120/><V114/><F114/><W50/><G50/><AGARI ba="1,2" hai="24,26,27,38,40,45,46,50,53,88,90,97,100,105" machi="50" ten="40,8000,1" yaku="1,1,52,1,54,1,53,1" doraHai="94" doraHaiUra="95" who="2" fromWho="3" sc="294,0,242,0,161,103,283,-83" /><INIT seed="4,0,0,4,4,45" ten="294,242,264,200" oya="0" hai0="3,46,116,88,56,92,47,133,35,30,127,110,78" hai1="21,49,125,1,99,70,117,67,129,109,33,82,96" hai2="39,60,130,26,87,123,14,108,0,2,44,23,43" hai3="38,34,28,73,121,89,10,71,27,58,55,100,131"/><T112/><D116/><U98/><E117/><V94/><F108/><W103/><G73/><T8/><D112/><U66/><E33/><V91/><F123/><W126/><G71/><T104/><D104/><U31/><E109/><V6/><F130/><W53/><G131/><T105/><D105/><U32/><E32/><V13/><F13/><W36/><G38/><T114/><D78/><U77/><E1/><V16/><REACH who="2" step="1"/><F60/><REACH who="2" ten="294,242,254,200" step="2"/><N who="3" m="35919" /><G36/><T97/><D110/><U61/><E129/><V57/><F57/><W7/><G121/><T128/><D56/><U52/><E61/><V74/><F74/><W4/><G126/><T122/><D128/><U111/><E125/><V12/><F12/><N who="3" m="5191" /><G34/><T120/><D122/><U40/><E111/><V63/><F63/><W42/><G7/><T11/><D120/><U41/><E70/><V37/><F37/><W17/><G28/><T48/><D127/><U24/><E67/><V106/><F106/><W19/><G42/><T95/><D30/><U25/><E66/><V83/><F83/><W113/><G113/><T15/><D114/><U132/><E25/><V135/><F135/><W102/><G27/><T68/><D35/><U69/><E69/><V59/><F59/><W93/><G55/><T79/><D133/><U5/><E132/><V9/><AGARI ba="0,1" hai="0,2,6,9,14,16,23,26,39,43,44,87,91,94" machi="9" ten="30,7900,0" yaku="1,1,0,1,54,1,53,1" doraHai="45" doraHaiUra="81" who="2" fromWho="2" sc="294,-39,242,-20,254,89,200,-20" owari="255,5.5,222,-17.8,343,44.3,180,-32.0" /></mjloggm>