<mjloggm ver="2.3"><GO type="225" lobby="0"/><UN n0="%4C%4F%4C%49%54%41" n1="%6D%75%75%73%61%6E%6D%75" n2="%E5%8D%A0%E3%81%84%E5%B8%AB%E8%A3%8F%E3%81%AA%E3%81%84%E3%81%97" n3="%E6%98%93%E5%88%A9%E8%96%A9%E4%BC%AF" dan="16,16,17,16" rate="2214.15,2084.37,2184.74,2144.66" sx="F,F,M,F"/><TAIKYOKU oya="0"/><INIT seed="0,0,0,3,3,104" ten="250,250,250,250" oya="0" hai0="10,72,30,115,92,65,107,2,17,6,52,79,123" hai1="43,133,0,110,100,12,46,91,53,8,135,54,70" hai2="83,69,60,125,105,117,22,101,88,57,71,67,63" hai3="97,38,80,126,106,15,26,102,18,5,24,35,49"/><T45/><D107/><U27/><E70/><V51/><F125/><W74/><G38/><T82/><D115/><U120/><E0/><V116/><F101/><W94/><G5/><T78/><D123/><U56/><E120/><V118/><F105/><W39/><G39/><T20/><D65/><U23/><E100/><V11/><F60/><W108/><G106/><T131/><D131/><U16/><E91/><V87/><F22/><W124/><G108/><T31/><D79/><U127/><E110/><V4/><REACH who="2" step="1"/><F51/><REACH who="2" ten="250,250,240,250" step="2"/><W44/><G35/><T130/><D130/><U85/><E127/><V29/><F29/><W99/><G124/><T40/><D92/><U3/><E23/><V95/><F95/><W81/><G126/><T68/><D68/><U59/><E133/><V9/><F9/><W75/><G99/><T84/><D30/><U114/><E8/><V77/><F77/><W111/><G111/><T36/><D31/><U25/><E135/><V98/><F98/><W32/><G32/><T93/><D93/><U86/><E114/><V47/><F47/><W41/><G26/><T121/><D121/><U89/><E27/><V62/><F62/><W64/><G24/><T119/><D20/><U42/><E25/><V90/><F90/><W13/><G94/><T1/><D78/><U103/><E89/><V19/><F19/><W96/><G18/><T66/><D17/><U113/><E16/><V61/><F61/><W48/><G102/><T37/><D45/><U55/><E46/><V34/><F34/><W28/><G44/><T132/><D132/><U33/><E103/><RYUUKYOKU ba="0,1" sc="250,-10,250,-10,240,30,250,-10" hai2="4,11,57,63,67,69,71,83,87,88,116,117,118" /><INIT seed="1,1,1,1,5,113" ten="240,240,270,240" oya="1" hai0="75,76,49,135,67,52,34,116,104,79,65,115,86" hai1="42,133,93,12,46,0,19,31,131,55,21,7,47" hai2="59,24,38,84,72,48,10,63,134,51,125,6,121" hai3="82,71,18,25,22,16,57,45,1,98,27,120,103"/><U111/><E131/><V94/><F121/><W89/><G71/><T74/><D115/><U32/><E133/><V40/><F72/><W100/><G1/><T5/><D34/><U114/><E114/><V117/><F38/><W105/><G120/><T102/><D135/><U56/><E111/><V81/><F125/><W17/><G103/><T109/><D109/><U69/><E69/><V91/><F134/><W106/><G106/><T13/><D74/><U73/><E73/><V128/><F117/><W85/><G45/><T35/><D35/><U99/><E42/><V62/><F24/><W78/><G57/><T61/><D75/><U87/><E87/><V26/><F26/><W11/><G11/><N who="0" m="4335" /><D104/><U43/><E43/><V96/><F40/><W54/><G54/><T123/><D102/><U2/><E32/><V33/><F33/><W4/><G4/><T30/><D30/><U80/><E31/><V107/><F62/><W9/><G9/><T20/><D20/><U101/><E2/><V112/><F107/><W28/><REACH who="3" step="1"/><G27/><REACH who="3" ten="240,240,270,230" step="2"/><T44/><D123/><U127/><E0/><V129/><F112/><W39/><G39/><T23/><D44/><N who="1" m="16939" /><E7/><V66/><F129/><W97/><G97/><T122/><D122/><U92/><E127/><V41/><F128/><W53/><G53/><T77/><D52/><U90/><E101/><N who="2" m="60567" /><F41/><W37/><G37/><T8/><D8/><U50/><E99/><V36/><F36/><W130/><G130/><T118/><D116/><U14/><E12/><AGARI ba="1,2" hai="6,10,12,48,51,59,63,66,81,84,91" m="60567" machi="12" ten="30,1000,0" yaku="8,1" doraHai="113" who="2" fromWho="1" sc="240,0,240,-13,270,33,230,0" /><INIT seed="2,0,0,3,2,69" ten="240,227,303,230" oya="2" hai0="81,116,29,85,84,88,58,15,128,2,1,121,25" hai1="119,45,31,95,54,126,51,71,101,47,108,60,17" hai2="80,63,35,133,78,125,73,20,75,118,32,8,16" hai3="98,96,9,23,14,79,93,83,33,124,24,132,74"/><V41/><F118/><W26/><G132/><T12/><D121/><U109/><E119/><V30/><F133/><W104/><G124/><T11/><D116/><U19/><E126/><V105/><F105/><W87/><G33/><T34/><D128/><U10/><E31/><V129/><F129/><W13/><G104/><T28/><D28/><U120/><E120/><V110/><F125/><W113/><G14/><T21/><D58/><N who="1" m="34903" /><E71/><V130/><F130/><W53/><G113/><T103/><D103/><U115/><E115/><V97/><F30/><W36/><G36/><T82/><D34/><U68/><E68/><V112/><F112/><W40/><G40/><T5/><REACH who="0" step="1"/><D1/><REACH who="0" ten="230,227,303,230" step="2"/><U90/><E101/><V86/><F32/><W42/><G74/><T64/><D64/><U70/><E70/><V65/><F35/><W59/><G59/><T4/><D4/><U127/><E127/><V100/><F73/><W134/><G134/><T106/><D106/><U102/><E102/><V57/><F75/><W131/><G131/><T114/><D114/><U38/><E19/><V72/><F72/><W77/><G77/><AGARI ba="0,1" hai="2,5,11,12,15,21,25,29,77,81,82,84,85,88" machi="77" ten="30,3900,0" yaku="1,1,7,1,54,1,53,0" doraHai="69" doraHaiUra="55" who="0" fromWho="3" sc="230,49,227,0,303,0,230,-39" /><INIT seed="3,0,0,1,0,13" ten="279,227,303,191" oya="3" hai0="37,109,55,58,71,30,12,87,17,94,67,120,118" hai1="106,117,19,64,27,44,78,123,53,8,16,77,121" hai2="20,111,42,45,99,110,38,14,3,97,4,112,127" hai3="108,115,25,98,2,72,90,86,65,15,101,29,0"/><W63/><G115/><T43/><D118/><U91/><E106/><V7/><F112/><W57/><G72/><T54/><D120/><U48/><E117/><V119/><F119/><W23/><G108/><N who="2" m="41513" /><F127/><W128/><G128/><T49/><D109/><U47/><E121/><V76/><F76/><N who="1" m="29289" /><E123/><V52/><F7/><W32/><G15/><T35/><D71/><U70/><E70/><V126/><F4/><W36/><G36/><T18/><D37/><U26/><E64/><V113/><F113/><W74/><G74/><T40/><D30/><U28/><E8/><V60/><F3/><W93/><REACH who="3" step="1"/><G32/><REACH who="3" ten="279,227,303,181" step="2"/><T22/><D35/><U69/><E69/><V100/><F14/><W135/><G135/><T9/><D12/><U79/><E27/><V51/><F38/><W107/><AGARI ba="0,1" hai="0,2,23,25,29,57,63,65,86,90,93,98,101,107" machi="107" ten="20,3900,0" yaku="1,1,0,1,7,1,53,0" doraHai="13" doraHaiUra="6" who="3" fromWho="3" sc="279,-13,227,-13,303,-13,181,49" /><INIT seed="3,1,0,1,0,92" ten="266,214,290,230" oya="3" hai0="120,75,109,12,32,135,37,23,30,66,127,126,91" hai1="119,82,96,89,128,104,59,80,64,26,121,53,60" hai2="131,48,57,24,8,40,0,90,44,5,34,113,17" hai3="13,29,31,43,86,118,68,22,116,55,79,9,85"/><W54/><G68/><T110/><D37/><U16/><E121/><V65/><F113/><W100/><G43/><T3/><D75/><U106/><E128/><V19/><F131/><W114/><G114/><T88/><D120/><U103/><E119/><V47/><F34/><W130/><G130/><T84/><D3/><U21/><E104/><V134/><F134/><W56/><G100/><T69/><D135/><U78/><E78/><V14/><F0/><W129/><G129/><T10/><D32/><U132/><E132/><V2/><F2/><W25/><G31/><T4/><D66/><U83/><REACH who="1" step="1"/><E89/><REACH who="1" ten="266,204,290,230" step="2"/><V111/><F90/><W6/><G118/><T28/><D91/><U73/><E73/><V122/><F122/><W105/><G105/><T108/><D88/><U81/><N who="1" m="20480" /><DORA hai="35" /><U76/><E76/><V42/><F111/><W98/><G116/><T87/><D87/><U93/><E93/><V11/><F42/><W58/><G79/><T115/><D84/><U15/><E15/><V77/><F40/><W63/><REACH who="3" step="1"/><G98/><REACH who="3" ten="266,204,290,220" step="2"/><T7/><D110/><U117/><E117/><V70/><F77/><W112/><G112/><T107/><D109/><U133/><E133/><V95/><F95/><W74/><G74/><T72/><D72/><U99/><E99/><V39/><F39/><W61/><AGARI ba="1,2" hai="6,9,13,22,25,29,54,55,56,58,61,63,85,86" machi="61" ten="20,18000,2" yaku="1,1,0,1,7,1,9,1,8,1,53,2" doraHai="92,35" doraHaiUra="1,20" who="3" fromWho="3" sc="266,-61,204,-61,290,-61,220,203" owari="205,-19.5,143,-35.7,229,2.9,423,52.3" /></mjloggm>