<mjloggm ver="2.3"><GO type="225" lobby="0"/><UN n0="%E3%81%9F%E3%81%93%E2%98%86%E7%84%BC%E3%81%8D" n1="%E8%BE%9B%E5%8F%A3%E3%82%AB%E3%83%AC%E3%83%BC%E3%83%A9%E3%82%A4%E3%82%B9" n2="%73%6C%69%63%6B%33%31%39" n3="%E3%81%95%E3%81%8D%E3%81%9F%E3%81%BE%E6%9E%97%E6%AA%8E" dan="16,16,17,16" rate="2098.73,2135.17,2182.60,2098.04" sx="M,M,M,M"/><TAIKYOKU oya="0"/><INIT seed="0,0,0,5,4,88" ten="250,250,250,250" oya="0" hai0="46,126,41,103,132,23,15,96,22,40,19,44,33" hai1="72,31,62,122,117,67,3,61,32,77,87,101,84" hai2="127,98,95,2,36,59,113,64,27,63,109,48,5" hai3="10,34,74,12,56,8,130,86,13,52,76,4,112"/><T26/><D33/><U17/><E117/><V14/><F113/><W135/><G112/><T105/><D132/><U42/><E122/><V21/><F36/><W18/><G74/><T0/><D0/><U1/><E42/><V100/><F109/><W131/><G135/><T29/><D126/><U108/><E72/><V110/><F110/><W39/><G39/><T37/><D105/><U92/><E108/><V9/><F127/><W49/><G34/><T83/><D83/><U35/><E17/><V16/><REACH who="2" step="1"/><F48/><REACH who="2" ten="250,250,240,250" step="2"/><W124/><G124/><T133/><D133/><U57/><E35/><V94/><F94/><W65/><G131/><T6/><D37/><U79/><E32/><V53/><F53/><W50/><G130/><T119/><D119/><U71/><E92/><V66/><F66/><W129/><G129/><T68/><D41/><U107/><E67/><V97/><F97/><W134/><G134/><T104/><D40/><U120/><E107/><V128/><F128/><W85/><G65/><T78/><D68/><U93/><E93/><V82/><F82/><N who="3" m="47303" /><G50/><T99/><D99/><U70/><E120/><V80/><F80/><W111/><G111/><T11/><D78/><U114/><E114/><V91/><F91/><W47/><G86/><T7/><D46/><AGARI ba="0,1" hai="4,8,10,12,13,18,46,47,49,52,56" m="47303" machi="46" ten="30,2000,0" yaku="8,1,54,1" doraHai="88" who="3" fromWho="0" sc="250,-20,250,0,240,0,250,30" /><INIT seed="1,0,0,3,3,47" ten="230,250,240,280" oya="1" hai0="129,117,67,83,33,41,18,86,11,116,110,101,134" hai1="5,120,2,24,25,73,58,34,85,44,124,88,99" hai2="74,71,89,9,104,72,90,50,93,98,6,79,135" hai3="60,107,69,39,96,51,36,26,27,108,30,109,40"/><U121/><E73/><V49/><F71/><W37/><G27/><T23/><D33/><U56/><E124/><V32/><F32/><N who="3" m="20567" /><G40/><T63/><D110/><N who="3" m="42601" /><G51/><T43/><D129/><U29/><E99/><V53/><F135/><W64/><G39/><T35/><D101/><AGARI ba="0,0" hai="36,37,60,64,69,96,101,107" m="42601,20567" machi="101" ten="30,3900,0" yaku="25,1,14,1,23,1" doraHai="47" who="3" fromWho="0" sc="230,-39,250,0,240,0,280,39" /><INIT seed="2,0,0,1,3,134" ten="191,250,240,319" oya="2" hai0="25,52,42,87,116,125,30,95,78,93,133,45,126" hai1="108,84,63,97,37,121,100,2,62,99,88,1,103" hai2="55,34,9,56,94,16,26,50,132,129,7,112,47" hai3="13,65,11,101,123,127,60,43,53,130,27,115,110"/><V15/><F129/><W19/><G110/><T48/><D133/><U5/><E108/><V6/><F132/><W86/><G130/><T118/><D78/><U120/><E37/><V24/><F112/><W89/><G123/><N who="1" m="47178" /><E5/><V83/><F83/><W106/><G43/><T64/><D64/><U57/><E99/><V107/><F107/><W41/><G41/><T38/><D87/><U75/><E75/><V61/><F34/><W71/><G53/><T0/><D0/><N who="1" m="107" /><E97/><V54/><F94/><N who="0" m="35850" /><D42/><U124/><E124/><N who="0" m="47721" /><D38/><U113/><E113/><V17/><F17/><W91/><G127/><T79/><D79/><U12/><E12/><V39/><F39/><W72/><G19/><T111/><D111/><U77/><E77/><V58/><F47/><W49/><G13/><T32/><AGARI ba="0,0" hai="25,30,32,45,48,52,116,118" m="47721,35850" machi="32" ten="30,8000,1" yaku="18,1,52,3,54,1" doraHai="134" who="0" fromWho="0" sc="191,80,250,-20,240,-40,319,-20" /><INIT seed="3,0,0,3,1,72" ten="271,230,200,299" oya="3" hai0="60,74,50,10,108,123,52,69,133,63,33,97,100" hai1="62,55,23,5,94,11,90,134,124,84,37,40,126" hai2="67,115,44,36,117,127,16,79,46,64,4,9,96" hai3="88,56,31,83,35,122,59,81,112,75,102,0,89"/><W19/><G112/><T135/><D33/><U22/><E134/><N who="0" m="51209" /><D74/><U101/><E101/><V87/><F117/><W113/><G113/><T107/><D123/><U43/><E55/><V2/><F115/><W121/><G0/><T20/><D69/><U106/><E62/><V105/><F127/><N who="1" m="48681" /><E106/><V114/><F114/><W76/><G102/><T131/><D108/><U86/><E86/><V99/><F105/><W17/><G35/><T28/><D10/><U125/><E125/><V1/><F16/><W119/><G75/><T8/><D8/><U73/><E73/><V111/><F111/><W77/><G31/><T38/><D131/><U66/><E66/><V71/><F71/><W57/><G57/><N who="0" m="32919" /><D38/><U98/><E37/><V29/><F29/><W15/><G122/><T80/><D80/><U61/><E61/><V110/><F110/><W3/><G121/><T30/><D30/><U95/><E23/><V12/><F36/><W27/><G119/><T65/><D65/><N who="2" m="25162" /><F1/><W70/><G3/><T129/><D129/><U118/><E118/><V85/><F2/><W91/><G70/><T48/><D48/><U53/><E22/><V21/><F21/><W49/><G49/><T109/><D109/><U116/><E116/><V104/><F104/><W25/><G91/><T93/><D107/><U42/><E11/><V34/><F34/><W13/><AGARI ba="0,0" hai="13,15,17,19,25,27,56,59,76,77,81,83,88,89" machi="13" ten="25,18000,2" yaku="0,1,22,2,8,1,52,2,54,1" doraHai="72" who="3" fromWho="3" sc="271,-60,230,-60,200,-60,299,180" owari="211,1.1,170,-23.0,140,-36.0,479,57.9" /></mjloggm>