<mjloggm ver="2.3"><GO type="225" lobby="0"/><UN n0="%67%61%79%75%6E%79" n1="%E5%B8%86%E7%AB%8B%E5%A4%8F%E8%A1%A3" n2="%E6%A1%9C%E8%8A%B1%E9%96%83%E3%80%85" n3="%6D%75%75%6D%75%72%61" dan="16,16,18,16" rate="2147.55,2065.65,2278.08,2131.79" sx="M,M,M,F"/><TAIKYOKU oya="0"/><INIT seed="0,0,0,3,1,109" ten="250,250,250,250" oya="0" hai0="35,10,132,26,106,80,113,102,116,16,55,18,81" hai1="130,118,37,34,96,70,121,85,90,117,54,100,95" hai2="78,125,15,74,94,68,105,87,112,65,56,99,135" hai3="40,111,3,126,75,32,20,11,12,127,98,2,93"/><T86/><D116/><U41/><E121/><V23/><F68/><W58/><G32/><T52/><D132/><U104/><E130/><V89/><F135/><W64/><G75/><T101/><D106/><U114/><E70/><V24/><F125/><N who="3" m="47627" /><G111/><T0/><D0/><U67/><E67/><V28/><F74/><W45/><G20/><N who="0" m="13575" /><D35/><U83/><E34/><V19/><F105/><W17/><G58/><T128/><D113/><U29/><E29/><V123/><F123/><W13/><G13/><N who="0" m="7479" /><D81/><U44/><E114/><V6/><F6/><W39/><G64/><T33/><D33/><U84/><REACH who="1" step="1"/><E54/><REACH who="1" ten="250,240,250,250" step="2"/><N who="0" m="20521" /><D128/><U31/><E31/><V51/><F112/><W71/><G71/><T97/><D97/><U88/><AGARI ba="0,1" hai="37,41,44,83,84,85,88,90,95,96,100,104,117,118" machi="88" ten="20,8000,1" yaku="1,1,0,1,7,1,54,1,53,1" doraHai="109" doraHaiUra="77" who="1" fromWho="1" sc="250,-40,240,90,250,-20,250,-20" /><INIT seed="1,0,0,2,5,105" ten="210,330,230,230" oya="1" hai0="71,25,125,88,65,110,27,69,133,40,99,127,20" hai1="108,28,64,1,95,106,60,47,93,61,97,91,103" hai2="0,42,37,18,131,41,90,5,52,130,26,24,118" hai3="87,9,56,112,77,79,128,135,72,6,36,14,32"/><U67/><E1/><V100/><F118/><W43/><G112/><T66/><D40/><U39/><E39/><V121/><F121/><W129/><G32/><T23/><D99/><U73/><E108/><V22/><F100/><W59/><G135/><T45/><D45/><U101/><E47/><V11/><F37/><W74/><G87/><T44/><D44/><U30/><E106/><V31/><F90/><W15/><G36/><T81/><D81/><U10/><E10/><V102/><F52/><W49/><G43/><T78/><D78/><N who="3" m="29705" /><G49/><T68/><D88/><U53/><E53/><V111/><F102/><W119/><G119/><T115/><D115/><U33/><E33/><N who="2" m="20711" /><F111/><W86/><G86/><T126/><D133/><U117/><E117/><V51/><F51/><W98/><G98/><T58/><D58/><N who="3" m="22057" /><G9/><T80/><D80/><U46/><E46/><V63/><F63/><W12/><G6/><T38/><D38/><U104/><E104/><V123/><F123/><W70/><G70/><T4/><D4/><U62/><E62/><V17/><F42/><W19/><G19/><N who="2" m="7177" /><F41/><W54/><G54/><T75/><D110/><U50/><E50/><V96/><F96/><W34/><G34/><T114/><D114/><U120/><E120/><V85/><F85/><W35/><G35/><T13/><D75/><AGARI ba="0,0" hai="12,14,15,72,74,75,128,129" m="22057,29705" machi="75" ten="40,8000,1" yaku="28,2,52,3" doraHai="105" who="3" fromWho="0" sc="210,-80,330,0,230,0,230,80" /><INIT seed="2,0,0,2,1,5" ten="130,330,230,310" oya="2" hai0="3,76,43,73,99,128,135,132,127,33,26,27,64" hai1="117,80,102,55,133,41,107,93,52,77,92,84,62" hai2="20,17,123,49,29,91,63,112,103,105,13,122,124" hai3="4,56,35,7,116,38,28,42,54,40,23,21,32"/><V1/><F112/><W47/><G116/><T118/><D64/><U14/><E117/><V120/><F124/><W67/><G67/><T25/><D118/><U31/><E133/><N who="0" m="51273" /><D127/><U59/><E41/><V34/><F63/><W119/><G40/><T8/><D43/><U121/><E121/><V97/><F1/><W79/><G119/><T70/><D70/><U110/><E110/><V0/><F0/><W90/><G79/><T86/><D73/><U126/><E126/><V16/><F49/><W9/><G4/><N who="0" m="1055" /><D99/><U96/><E31/><V82/><F34/><W12/><G32/><T114/><D114/><U109/><E109/><V81/><F29/><W51/><REACH who="3" step="1"/><G90/><REACH who="3" ten="130,330,230,300" step="2"/><T58/><D128/><U125/><E125/><V60/><F91/><W24/><AGARI ba="0,1" hai="7,9,12,21,23,24,28,35,38,42,47,51,54,56" machi="24" ten="30,8000,1" yaku="1,1,2,1,0,1,52,1,53,1" doraHai="5" doraHaiUra="46" who="3" fromWho="3" sc="130,-20,330,-20,230,-40,300,90" /><INIT seed="3,0,0,1,0,114" ten="110,310,190,390" oya="3" hai0="99,93,131,46,85,135,112,126,77,38,113,59,29" hai1="88,53,94,128,68,71,115,65,36,62,123,127,18" hai2="23,105,87,0,42,73,50,110,79,22,7,103,6" hai3="40,95,70,104,14,119,58,44,125,45,64,82,49"/><W76/><G104/><T5/><D29/><U97/><E115/><V17/><F73/><W8/><G70/><T39/><D5/><N who="2" m="1546" /><F105/><W43/><G95/><T111/><D59/><U13/><E127/><V122/><F0/><W66/><G43/><T33/><D33/><U37/><E128/><V132/><F122/><W81/><G14/><T2/><D2/><U54/><E123/><V121/><F121/><W48/><G40/><T16/><D46/><U1/><E1/><V21/><F110/><W34/><G34/><T89/><D111/><U61/><E53/><V41/><F132/><W32/><G32/><T47/><D47/><U102/><E102/><V56/><F103/><W78/><G8/><T35/><D131/><U9/><REACH who="1" step="1"/><E54/><REACH who="1" ten="110,300,190,390" step="2"/><N who="2" m="31831" /><F17/><W130/><G130/><T67/><D126/><U117/><E117/><V120/><F120/><W19/><G125/><T51/><D135/><U55/><E55/><V134/><F134/><W86/><G119/><T80/><D112/><U124/><E124/><V83/><AGARI ba="0,1" hai="21,22,23,41,42,79,83,87" m="31831,1546" machi="83" ten="30,1100,0" yaku="8,1" doraHai="114" who="2" fromWho="2" sc="110,-3,300,-3,190,21,390,-5" owari="107,-39.3,297,9.7,211,-18.9,385,48.5" /></mjloggm>