<mjloggm ver="2.3"><GO type="225" lobby="0"/><UN n0="%EF%BC%B3%E3%81%9E%E3%81%88%E2%98%86" n1="%E3%81%B5%E3%81%98%E3%81%8B%E3%81%A4" n2="%E6%B8%A9%E2%98%85%E6%83%85%E2%98%85%E6%8E%AA%E2%98%85%E7%BD%AE" n3="%E7%99%BD%E6%97%A5%E9%9B%AA%E8%8F%9C" dan="16,17,18,17" rate="2093.38,2206.85,2186.90,2213.81" sx="F,M,M,M"/><TAIKYOKU oya="0"/><INIT seed="0,0,0,1,4,107" ten="250,250,250,250" oya="0" hai0="10,51,0,1,55,24,111,15,116,67,35,87,109" hai1="100,19,96,95,13,33,102,7,88,31,121,65,45" hai2="60,47,85,68,99,120,59,58,54,128,20,25,103" hai3="44,125,91,48,63,62,112,131,6,61,12,37,34"/><T82/><D116/><U134/><E121/><V8/><F120/><W113/><G34/><T80/><D67/><U23/><E134/><V92/><F128/><W119/><G119/><T64/><D64/><U9/><E45/><V79/><F68/><W41/><G131/><T129/><D129/><U2/><REACH who="1" step="1"/><E65/><REACH who="1" ten="250,240,250,250" step="2"/><V52/><F47/><W50/><G125/><T114/><D114/><U46/><E46/><V124/><F124/><W83/><G113/><T42/><D42/><U76/><E76/><V90/><F79/><W11/><G112/><T106/><D111/><U49/><E49/><V126/><F126/><W70/><G70/><T75/><D51/><U108/><E108/><V73/><F59/><W115/><G115/><T28/><D109/><U84/><E84/><V130/><F130/><W89/><G48/><T30/><D87/><U133/><E133/><V105/><F54/><W78/><REACH who="3" step="1"/><G37/><REACH who="3" ten="250,240,250,240" step="2"/><T56/><D55/><U81/><E81/><V132/><F132/><W69/><G69/><T16/><D82/><U40/><E40/><V36/><F36/><W4/><G4/><T122/><D80/><U94/><E94/><V77/><F52/><W27/><G27/><AGARI ba="0,2" hai="2,7,9,13,19,23,27,31,33,88,95,96,100,102" machi="27" ten="40,8000,1" yaku="1,1,24,2,54,1,53,0" doraHai="107" doraHaiUra="135" who="1" fromWho="3" sc="250,0,240,100,250,0,240,-80" /><INIT seed="1,0,0,0,5,1" ten="250,340,250,160" oya="1" hai0="126,64,0,14,10,132,48,55,42,88,20,87,68" hai1="65,90,91,30,21,34,69,60,81,115,107,11,124" hai2="98,9,43,28,96,67,38,85,102,76,4,39,56" hai3="51,135,108,116,3,61,128,73,18,100,44,26,95"/><U46/><E115/><V125/><F125/><W130/><G73/><T15/><D126/><U12/><E107/><V19/><F28/><W133/><G3/><T113/><D113/><U127/><E46/><V17/><F39/><W72/><G72/><T74/><D74/><U59/><E34/><V49/><F38/><W58/><G100/><T129/><D129/><N who="3" m="49769" /><G95/><T92/><D132/><N who="3" m="50761" /><G18/><T103/><D42/><U123/><E81/><N who="2" m="47271" /><F19/><W40/><G26/><T114/><D114/><U24/><E91/><V41/><F17/><W66/><G108/><T8/><D0/><U70/><E90/><V45/><F102/><W13/><G13/><N who="0" m="4619" /><D68/><U47/><E70/><V52/><F9/><N who="0" m="3690" /><D64/><U29/><E65/><V32/><F32/><W7/><G7/><T121/><D121/><U82/><E69/><V120/><F4/><W118/><AGARI ba="0,0" hai="40,44,51,58,61,66,116,118" m="50761,49769" machi="118" ten="40,8000,1" yaku="19,1,20,1,34,2" doraHai="1" who="3" fromWho="3" sc="250,-20,340,-40,250,-20,160,80" /><INIT seed="2,0,0,5,1,30" ten="230,300,230,240" oya="2" hai0="116,37,48,42,115,95,129,74,15,120,22,70,73" hai1="18,4,16,111,122,54,104,127,56,81,94,20,1" hai2="27,82,67,130,3,83,123,41,50,101,28,24,125" hai3="118,0,34,55,39,86,105,66,106,60,26,84,76"/><V93/><F123/><W25/><G118/><T21/><D37/><U71/><E104/><V77/><F3/><W62/><G0/><T57/><D70/><U107/><E71/><V5/><F130/><W68/><G39/><T9/><D120/><U75/><E122/><V51/><F125/><W13/><G13/><T117/><D115/><U121/><E107/><V113/><F113/><W97/><G76/><T11/><D129/><U32/><E32/><V85/><F5/><W132/><G132/><T89/><D57/><U92/><E18/><V78/><F67/><W124/><G124/><T134/><D48/><N who="2" m="18474" /><F41/><W96/><G68/><T128/><D42/><U108/><E127/><V109/><F109/><N who="1" m="42057" /><E4/><V45/><F45/><W33/><G66/><T79/><D128/><U58/><E1/><V133/><F133/><W61/><G61/><T35/><D35/><U31/><E58/><V65/><F65/><W114/><G114/><T110/><D110/><U46/><E46/><V126/><F28/><W17/><G17/><T52/><D52/><AGARI ba="0,0" hai="25,26,33,34,52,55,60,62,84,86,96,97,105,106" machi="52" ten="25,8000,1" yaku="22,2,52,2,54,1" doraHai="30" who="3" fromWho="0" sc="230,-80,300,0,230,0,240,80" /><INIT seed="3,0,0,3,5,17" ten="150,300,230,320" oya="3" hai0="131,32,51,104,1,59,68,40,113,54,25,11,5" hai1="125,79,133,27,118,102,58,47,3,127,117,85,63" hai2="21,134,8,100,87,109,86,111,38,119,122,103,121" hai3="135,74,91,75,73,106,4,45,99,50,123,39,78"/><W7/><G123/><N who="2" m="47113" /><F38/><W41/><G135/><T9/><D131/><U84/><E133/><V71/><F71/><W37/><G78/><T56/><D68/><U16/><E3/><V55/><F134/><W26/><G26/><T129/><D129/><U28/><E102/><N who="2" m="38955" /><F8/><W82/><G106/><T53/><D104/><U101/><E101/><V42/><F42/><W89/><G89/><T97/><D113/><U0/><E0/><V90/><F55/><W33/><G33/><T36/><D11/><U70/><E70/><V88/><F21/><W2/><G2/><T112/><D112/><U61/><E47/><V46/><F46/><W60/><G60/><N who="1" m="23114" /><E79/><V30/><F30/><W81/><G39/><T120/><D120/><U52/><E28/><V98/><F98/><W94/><G37/><T14/><D97/><U24/><E24/><V77/><F77/><W83/><AGARI ba="0,0" hai="4,7,41,45,50,73,74,75,81,82,83,91,94,99" machi="83" ten="40,2100,0" yaku="0,1" doraHai="17" who="3" fromWho="3" sc="150,-7,300,-7,230,-7,320,21" owari="143,-35.7,293,9.3,223,-17.7,341,44.1" /></mjloggm>