<mjloggm ver="2.3"><GO type="225" lobby="0"/><UN n0="%E9%81%85%E5%88%BB%E3%81%AE%E3%83%97%E3%83%AA%E3%83%B3%E3%82%B9%E2%99%AA" n1="%43%68%65" n2="%E7%89%B9%E6%9D%B1%E3%81%AF%E4%B8%96%E7%95%8C%E3%82%92%E6%95%91%E3%81%86" n3="%E8%A8%88%E7%AE%97%E6%A9%9F%E8%87%AA%E7%84%B6" dan="16,16,16,17" rate="2121.30,2152.12,2161.03,2234.50" sx="F,M,M,M"/><TAIKYOKU oya="0"/><INIT seed="0,0,0,2,1,35" ten="250,250,250,250" oya="0" hai0="115,36,107,132,69,79,121,82,113,135,18,72,94" hai1="77,32,71,67,73,17,129,60,20,12,134,38,50" hai2="54,123,125,61,14,42,3,128,83,62,8,126,109" hai3="133,24,104,40,28,49,127,131,98,7,30,90,99"/><T93/><D69/><U31/><E38/><V81/><F123/><W58/><G131/><T52/><D36/><U86/><E129/><V9/><F109/><W39/><G127/><N who="2" m="48649" /><F42/><W16/><G133/><N who="0" m="51275" /><D18/><U101/><E134/><V85/><F128/><W124/><G124/><T112/><D52/><U2/><E73/><V11/><F54/><W119/><G39/><T56/><D56/><U46/><E101/><V114/><F114/><N who="0" m="29186" /><T70/><DORA hai="117" /><D70/><U51/><E51/><V75/><F75/><W27/><G58/><T6/><D6/><U37/><E37/><V95/><F14/><W97/><G49/><T74/><D121/><U5/><E50/><V22/><F22/><W64/><G40/><T96/><D74/><U15/><E46/><V26/><F26/><W103/><G24/><T120/><D120/><U87/><E15/><V19/><F19/><W10/><G16/><T116/><D116/><U91/><E5/><N who="2" m="1087" /><F11/><W80/><G119/><T76/><D76/><U44/><E31/><V25/><F9/><W65/><G28/><T118/><D118/><U33/><E44/><V88/><F25/><W45/><G45/><T108/><D108/><U130/><E130/><V1/><F1/><W111/><G111/><T66/><D66/><N who="3" m="25705" /><G10/><T13/><D13/><U78/><E2/><V122/><F122/><W100/><G7/><T68/><D68/><U105/><E32/><V4/><F4/><W34/><G34/><T57/><D57/><U0/><E0/><V92/><F62/><W55/><G27/><T110/><D110/><U106/><E33/><V59/><F61/><RYUUKYOKU ba="0,0" sc="250,30,250,-10,250,-10,250,-10" hai0="72,79,82,93,94,96,107" /><INIT seed="0,1,0,5,5,125" ten="280,240,240,240" oya="0" hai0="9,85,124,54,11,118,134,2,83,31,69,104,100" hai1="89,10,115,80,38,99,119,79,3,65,4,6,120" hai2="71,91,93,48,15,94,29,98,50,101,46,130,51" hai3="49,117,45,28,17,22,39,13,128,121,111,37,12"/><T63/><D118/><U75/><E119/><V77/><F71/><W60/><G117/><T40/><D124/><U61/><E120/><V55/><F77/><W58/><G121/><T16/><D40/><U30/><E6/><V34/><F130/><W66/><G111/><T78/><D31/><U109/><E109/><V74/><F74/><W129/><G28/><T122/><D122/><U14/><E115/><V7/><F34/><W64/><G64/><T112/><D112/><U0/><E38/><V1/><F1/><W62/><G62/><T59/><D134/><U90/><E30/><V102/><F29/><W56/><G56/><T23/><D2/><U127/><E127/><V8/><REACH who="2" step="1"/><F102/><REACH who="2" ten="280,240,230,240" step="2"/><W43/><G12/><T105/><D69/><U108/><E108/><V33/><F33/><W116/><G116/><T107/><REACH who="0" step="1"/><D100/><REACH who="0" ten="270,240,230,240" step="2"/><U87/><E3/><V42/><F42/><W35/><G35/><T68/><D68/><U86/><E0/><V82/><F82/><W126/><G126/><T70/><D70/><U5/><E80/><V113/><F113/><W97/><G128/><T88/><D88/><U26/><E89/><V123/><F123/><W19/><G129/><T110/><D110/><U24/><E90/><V133/><F133/><W36/><G43/><T18/><D18/><U73/><E5/><V95/><F95/><W41/><G17/><T27/><AGARI ba="1,2" hai="9,11,16,23,27,54,59,63,78,83,85,104,105,107" machi="27" ten="30,6000,0" yaku="1,1,0,1,54,1,53,0" doraHai="125" doraHaiUra="44" who="0" fromWho="0" sc="270,83,240,-21,230,-21,240,-21" /><INIT seed="0,2,0,2,1,105" ten="353,219,209,219" oya="0" hai0="33,46,81,134,85,99,73,125,24,32,129,130,104" hai1="10,79,86,124,93,74,22,103,59,8,27,109,56" hai2="90,75,116,20,6,15,61,9,57,35,114,78,23" hai3="18,51,127,42,111,117,50,19,63,112,123,84,97"/><T36/><D125/><U96/><E124/><V21/><F114/><W43/><G127/><T45/><D134/><U76/><E109/><V2/><F35/><W1/><G112/><T82/><D36/><U92/><E74/><V38/><F38/><W87/><G1/><T102/><D73/><U118/><E118/><V108/><F108/><W107/><G111/><T30/><D33/><U34/><E34/><V40/><F40/><W26/><G107/><T101/><D101/><U66/><E93/><V70/><F70/><W3/><G3/><T54/><D82/><N who="1" m="47431" /><E79/><V95/><F116/><W120/><G117/><T64/><D64/><U17/><E59/><V29/><F78/><W48/><G63/><AGARI ba="2,0" hai="8,10,17,22,27,56,63,66,92,96,103" m="47431" machi="63" ten="30,1000,0" yaku="8,1" doraHai="105" who="1" fromWho="3" sc="353,0,219,16,209,0,219,-16" /><INIT seed="1,0,0,1,0,64" ten="353,235,209,203" oya="1" hai0="93,99,78,94,135,113,83,102,91,124,100,114,82" hai1="17,63,40,19,31,95,120,58,86,105,32,76,90" hai2="38,97,51,27,66,87,36,7,74,127,121,21,116" hai3="43,129,71,33,18,25,75,79,57,89,15,0,49"/><U119/><E119/><V126/><F116/><W35/><G0/><T10/><D10/><U12/><E120/><V84/><F74/><W2/><G2/><T85/><D124/><N who="2" m="47658" /><F121/><W46/><G129/><T60/><D60/><U26/><E105/><V56/><F7/><W107/><G107/><T70/><D70/><U29/><E29/><N who="2" m="17647" /><F97/><W5/><G5/><T62/><D62/><U73/><E40/><V48/><F66/><W106/><G106/><T80/><D135/><U55/><REACH who="1" step="1"/><E12/><REACH who="1" ten="353,225,209,203" step="2"/><V41/><F41/><W52/><G15/><T37/><D114/><U109/><E109/><V125/><F125/><W61/><G43/><T34/><D113/><U72/><E72/><V42/><F42/><W130/><G75/><T117/><D117/><U16/><E16/><V132/><F132/><W77/><G18/><T131/><D37/><U88/><E88/><V110/><F110/><W20/><G89/><N who="0" m="53423" /><D131/><U98/><E98/><V101/><F101/><N who="0" m="39018" /><D34/><U14/><E14/><V122/><F122/><W28/><G130/><T39/><D39/><U11/><E11/><V134/><F134/><W6/><G6/><T112/><D112/><U22/><E22/><V104/><F104/><W24/><G33/><T96/><D96/><U67/><E67/><V9/><F38/><W1/><G1/><T81/><N who="0" m="20480" /><DORA hai="30" /><T13/><D13/><U123/><E123/><V115/><F36/><W23/><G35/><T47/><D78/><N who="3" m="29705" /><G20/><T92/><D47/><U54/><E54/><N who="2" m="31815" /><F115/><W8/><G8/><T103/><D103/><U69/><E69/><V44/><F9/><W50/><G23/><RYUUKYOKU ba="0,1" sc="353,10,225,10,209,10,203,-30" hai0="91,92,94,99" hai1="17,19,26,31,32,55,58,63,73,76,86,90,95" hai2="44,51,84,87" /><INIT seed="1,1,1,4,2,36" ten="363,235,219,173" oya="1" hai0="99,71,90,59,8,32,31,6,46,33,18,54,65" hai1="116,35,2,117,82,72,58,40,101,67,21,134,17" hai2="27,1,23,16,97,113,13,39,96,43,63,48,95" hai3="87,115,69,102,53,30,75,100,22,126,44,25,50"/><U118/><E35/><V121/><F121/><W42/><G75/><T76/><D76/><U86/><E72/><V73/><F1/><W103/><G115/><T133/><D31/><U49/><E2/><V83/><F39/><W9/><G126/><T128/><D46/><U112/><E112/><V56/><F113/><W10/><G69/><T107/><D18/><U85/><E134/><V60/><F73/><W15/><G87/><T114/><D114/><U78/><E101/><V84/><F13/><W52/><REACH who="3" step="1"/><G9/><REACH who="3" ten="363,235,219,163" step="2"/><T7/><D8/><U5/><E86/><V11/><F11/><W92/><G92/><T93/><D107/><U34/><E85/><V66/><F95/><W19/><AGARI ba="1,2" hai="10,15,19,22,25,30,42,44,50,52,53,100,102,103" machi="19" ten="30,8000,1" yaku="1,1,0,1,8,1,52,1,54,1,53,0" doraHai="36" doraHaiUra="111" who="3" fromWho="3" sc="363,-21,235,-41,219,-21,163,103" /><INIT seed="2,0,0,4,2,69" ten="342,194,198,266" oya="2" hai0="0,113,82,75,115,99,57,129,128,20,12,121,78" hai1="100,68,84,8,86,18,122,108,77,133,64,60,118" hai2="114,30,97,26,43,48,106,103,83,9,134,55,102" hai3="17,14,111,119,107,6,125,33,40,131,92,127,80"/><V91/><F134/><W73/><G107/><T96/><D121/><U39/><E118/><V13/><F114/><N who="0" m="43530" /><D0/><U16/><E133/><V101/><F43/><W116/><G111/><T51/><D20/><U15/><E108/><V67/><F67/><W35/><G92/><T65/><D12/><U45/><E122/><V132/><F132/><W23/><G80/><T124/><D124/><N who="3" m="47689" /><G73/><T46/><D57/><U95/><E77/><V112/><F112/><W70/><G70/><T28/><D28/><U88/><E100/><V42/><F42/><W123/><G40/><N who="0" m="25031" /><D65/><U109/><E109/><V93/><F83/><W87/><G87/><T3/><D3/><U104/><E86/><V53/><F106/><W49/><G49/><T50/><D50/><U74/><E104/><V135/><F135/><W7/><G123/><T76/><D76/><U117/><E74/><V62/><F62/><W22/><G23/><T79/><D79/><U126/><E126/><V105/><F105/><W52/><G52/><T66/><D66/><U81/><E117/><N who="3" m="45130" /><G6/><T54/><D54/><U5/><E45/><V63/><F63/><W47/><G47/><T27/><D27/><U2/><E5/><V90/><F48/><W25/><G7/><T11/><D11/><U71/><E71/><V31/><F53/><W72/><G72/><T10/><D10/><U98/><E2/><V32/><F55/><W89/><G89/><T36/><D36/><U1/><E1/><V29/><F90/><W94/><G25/><T85/><D75/><U41/><E39/><V24/><F24/><W120/><G120/><RYUUKYOKU ba="0,0" sc="342,15,194,-15,198,15,266,-15" hai0="78,82,85,96,99,128,129" hai2="9,13,26,29,30,31,32,91,93,97,101,102,103" /><INIT seed="2,1,0,1,1,33" ten="357,179,213,251" oya="2" hai0="48,106,71,55,88,114,118,97,100,26,113,14,73" hai1="45,35,122,129,86,8,124,79,66,36,52,19,17" hai2="3,28,80,47,12,111,54,70,59,123,18,5,51" hai3="96,9,81,27,130,23,44,56,57,85,58,25,22"/><V103/><F123/><W108/><G108/><T49/><D73/><U84/><E122/><V38/><F70/><W40/><G130/><T119/><D71/><U20/><E35/><V15/><F111/><W50/><G96/><T121/><D121/><U42/><E129/><V126/><F126/><W128/><G128/><T110/><D110/><U116/><E116/><N who="0" m="44585" /><D26/><N who="3" m="9737" /><G9/><T6/><D88/><AGARI ba="1,0" hai="22,23,40,44,50,56,57,58,81,85,88" m="9737" machi="88" ten="30,2000,0" yaku="8,1,54,1" doraHai="33" who="3" fromWho="0" sc="357,-23,179,0,213,0,251,23" /><INIT seed="3,0,0,2,5,56" ten="334,179,213,274" oya="3" hai0="97,34,33,62,86,44,16,100,0,3,68,29,27" hai1="105,18,10,84,30,129,15,118,111,124,75,133,65" hai2="131,54,114,71,81,35,121,47,117,45,52,13,132" hai3="8,37,88,95,92,122,57,106,53,107,50,73,79"/><W112/><G122/><T123/><D123/><U93/><E75/><V69/><F117/><W109/><G112/><T99/><D99/><U51/><E105/><V31/><F121/><W41/><G92/><T23/><D44/><U55/><E118/><V20/><F114/><W135/><G135/><T102/><D86/><U42/><E133/><V58/><F35/><W46/><G109/><T120/><D102/><U134/><E134/><V64/><F64/><W85/><REACH who="3" step="1"/><G8/><REACH who="3" ten="334,179,213,264" step="2"/><T94/><D120/><U59/><E111/><V74/><F132/><W128/><G128/><T49/><D34/><U40/><E129/><V108/><F131/><W61/><G61/><T48/><D3/><U43/><E124/><V90/><F108/><W39/><G39/><T36/><D0/><U32/><E65/><V2/><F2/><W87/><G87/><T22/><D36/><U38/><E38/><V12/><F74/><W115/><G115/><T91/><D33/><U130/><E130/><V103/><F20/><W127/><G127/><T11/><D11/><U126/><E126/><V28/><F81/><AGARI ba="0,1" hai="37,41,46,50,53,57,73,79,81,85,88,95,106,107" machi="81" ten="40,3900,0" yaku="1,1,54,1,53,0" doraHai="56" doraHaiUra="119" who="3" fromWho="2" sc="334,0,179,0,213,-39,264,49" /><INIT seed="3,1,0,3,3,78" ten="334,179,174,313" oya="3" hai0="58,88,4,44,34,17,19,119,84,53,113,124,134" hai1="49,106,36,9,77,73,1,89,105,120,99,116,90" hai2="80,3,66,10,85,20,6,11,112,129,63,104,37" hai3="123,102,71,5,81,133,41,118,95,12,74,38,97"/><W62/><G118/><T75/><D119/><U43/><E116/><V128/><F112/><W50/><G123/><T45/><D75/><U117/><E49/><V132/><F132/><W42/><G38/><T127/><D34/><U22/><E22/><V14/><F104/><N who="1" m="40041" /><E99/><V93/><F93/><W87/><G74/><T135/><D4/><N who="1" m="1167" /><E120/><V59/><F20/><W109/><G109/><T131/><D131/><N who="2" m="50250" /><F37/><W7/><G133/><N who="0" m="50699" /><D113/><U103/><E103/><V32/><F32/><W55/><G71/><T110/><D110/><U98/><E98/><V79/><F11/><N who="3" m="4207" /><G7/><T24/><D24/><U51/><E117/><V61/><F63/><W76/><G62/><N who="0" m="36175" /><D127/><U15/><E51/><V107/><F107/><W33/><G33/><T82/><D124/><U13/><E36/><V111/><F111/><W69/><G69/><T18/><AGARI ba="1,0" hai="17,18,19,44,45,82,84,88" m="36175,50699" machi="18" ten="30,4000,0" yaku="20,1,52,1,54,1" doraHai="78" who="0" fromWho="0" sc="334,43,179,-11,174,-11,313,-21" owari="377,47.7,168,-23.2,163,-33.7,292,9.2" /></mjloggm>