<mjloggm ver="2.3"><GO type="225" lobby="0"/><UN n0="%E4%B8%89%E5%88%86%E5%B0%8F%E5%83%A7" n1="%E6%A0%B9%E5%85%83%E3%81%8B%E3%82%89%E5%90%B9%E3%81%A3%E9%A3%9B%E3%81%B6" n2="%E3%81%AF%E3%82%88%E3%81%8A%E3%81%98%E3%81%95%E3%82%93" n3="%E7%B4%94%E6%BD%94%E3%83%94%E3%83%A9%E3%83%8B%E3%82%A2" dan="16,17,17,17" rate="2090.15,2121.49,2142.92,2211.20" sx="M,F,M,M"/><TAIKYOKU oya="0"/><INIT seed="0,0,0,0,2,20" ten="250,250,250,250" oya="0" hai0="107,48,1,36,101,118,135,100,87,3,86,46,95" hai1="41,72,38,16,105,2,66,68,90,88,35,21,22" hai2="74,69,122,65,14,17,30,77,108,120,73,111,116" hai3="56,75,117,11,57,54,133,131,115,71,44,8,129"/><T70/><D70/><U49/><E35/><V78/><F116/><W92/><G75/><T67/><D67/><U24/><E2/><V43/><F43/><W62/><G71/><T40/><D118/><U45/><E105/><V123/><F30/><W37/><G115/><T114/><D114/><U94/><E72/><N who="2" m="27755" /><F69/><W25/><G133/><T60/><D60/><U29/><E38/><V64/><F17/><W119/><G92/><T103/><D135/><U53/><E41/><V52/><F52/><N who="3" m="34055" /><G44/><T112/><D107/><U34/><E34/><V15/><F65/><W130/><G37/><T27/><D112/><U6/><E6/><V81/><F81/><W51/><G11/><T102/><D36/><U28/><E94/><V109/><F64/><W113/><G113/><T58/><D58/><U121/><E121/><V47/><F47/><N who="3" m="28031" /><G8/><T9/><D9/><U84/><E68/><V19/><F19/><W124/><G25/><T99/><D1/><U61/><E61/><V110/><N who="2" m="27648" /><DORA hai="79" /><V10/><F10/><W42/><G42/><T126/><D3/><U23/><E66/><V13/><AGARI ba="0,0" hai="13,14,15,77,78,120,122,123" m="27648,27755" machi="13" ten="70,8000,1" yaku="29,2,28,2,14,1" doraHai="20,79" who="2" fromWho="2" sc="250,-40,250,-20,250,80,250,-20" /><INIT seed="1,0,0,3,4,65" ten="210,230,330,230" oya="1" hai0="110,85,81,100,133,103,19,89,106,97,17,54,23" hai1="95,38,30,93,68,75,29,18,104,36,116,79,47" hai2="115,0,118,12,1,3,15,109,96,120,74,35,101" hai3="57,4,8,21,66,33,123,50,37,10,111,28,114"/><U80/><E116/><V72/><F118/><W40/><G111/><T51/><D110/><U132/><E132/><V108/><F120/><W90/><G114/><T31/><D133/><U26/><E104/><V43/><F115/><W94/><G33/><T14/><D103/><U76/><E18/><V20/><F35/><W99/><G123/><T67/><D67/><U87/><E47/><V46/><F108/><W2/><G8/><T122/><D122/><U48/><E48/><V69/><F69/><W63/><G37/><T25/><REACH who="0" step="1"/><D14/><REACH who="0" ten="200,230,330,230" step="2"/><U105/><E105/><V62/><F12/><W24/><G40/><T119/><D119/><U126/><E126/><V34/><F15/><W82/><G82/><T125/><D125/><U59/><E80/><V117/><F0/><W83/><G83/><T44/><AGARI ba="0,1" hai="17,19,23,25,31,44,51,54,81,85,89,97,100,106" machi="44" ten="20,2700,0" yaku="1,1,0,1,7,1,53,0" doraHai="65" doraHaiUra="113" who="0" fromWho="0" sc="200,37,230,-13,330,-7,230,-7" /><INIT seed="2,0,0,2,3,3" ten="237,217,323,223" oya="2" hai0="62,19,49,9,123,45,17,107,8,124,78,70,133" hai1="67,73,93,89,0,110,98,106,13,92,128,84,16" hai2="129,111,83,36,115,117,88,14,27,130,104,79,22" hai3="20,25,35,47,51,94,77,114,10,82,76,131,40"/><V121/><F117/><W46/><G131/><N who="2" m="50185" /><F115/><W80/><G114/><T32/><D123/><U102/><E110/><V21/><F121/><W91/><G35/><T60/><D107/><U101/><E0/><V2/><F2/><W66/><G66/><T87/><D32/><U68/><E128/><V135/><F104/><W103/><G47/><T61/><D70/><U55/><E73/><V90/><F36/><W54/><G40/><T26/><D124/><U64/><E68/><V53/><F135/><W6/><G103/><T57/><D57/><U120/><E120/><V125/><F125/><W12/><G80/><N who="0" m="47511" /><D133/><U112/><E112/><V127/><F127/><W75/><G82/><T63/><N who="0" m="15360" /><DORA hai="113" /><T65/><D65/><N who="1" m="25163" /><E106/><V5/><F111/><W43/><G75/><T108/><D108/><U122/><E122/><V56/><F56/><W96/><REACH who="3" step="1"/><G43/><REACH who="3" ten="237,217,323,213" step="2"/><T33/><D33/><U74/><E74/><V37/><F83/><W28/><AGARI ba="0,1" hai="6,10,12,20,25,28,46,51,54,76,77,91,94,96" machi="28" ten="20,12000,2" yaku="1,1,2,1,0,1,7,1,8,1,52,1,53,1" doraHai="3,113" doraHaiUra="7,116" who="3" fromWho="3" sc="237,-30,217,-30,323,-60,213,130" /><INIT seed="3,0,0,5,5,40" ten="207,187,263,343" oya="3" hai0="105,103,131,122,48,44,129,29,116,21,100,109,73" hai1="39,119,90,125,82,80,12,66,46,1,59,4,49" hai2="108,64,102,9,74,38,97,37,67,106,94,6,111" hai3="10,135,110,96,134,62,55,11,50,123,130,112,69"/><W79/><G112/><T36/><D116/><U121/><E121/><V7/><F74/><W95/><G79/><T17/><D122/><U61/><E1/><V117/><F117/><W88/><G130/><N who="0" m="49675" /><D109/><N who="2" m="42058" /><F106/><W104/><G104/><T124/><D124/><U115/><E115/><V15/><F6/><W87/><G62/><T92/><D36/><AGARI ba="0,0" hai="7,9,15,36,37,38,64,67,94,97,102" m="42058" machi="36" ten="30,1000,0" yaku="14,1" doraHai="40" who="2" fromWho="0" sc="207,-10,187,0,263,10,343,0" owari="197,-20.3,187,-31.3,273,7.3,343,44.3" /></mjloggm>