<mjloggm ver="2.3"><GO type="225" lobby="0"/><UN n0="%E3%81%A9%E3%82%8F%E3%82%93%E3%81%94" n1="%E6%B8%A9%E2%98%85%E6%83%85%E2%98%85%E6%8E%AA%E2%98%85%E7%BD%AE" n2="%E3%80%93%E3%81%97%E3%83%BC%E3%82%89%E3%80%93" n3="%72%69%6F%75%63%68%61%6E" dan="16,17,16,16" rate="2107.98,2225.47,2067.76,2138.13" sx="M,M,M,M"/><TAIKYOKU oya="0"/><INIT seed="0,0,0,1,0,128" ten="250,250,250,250" oya="0" hai0="32,21,62,66,47,42,10,29,76,90,50,48,80" hai1="131,84,93,129,99,45,113,106,98,35,122,82,115" hai2="6,7,118,87,24,77,96,63,108,91,60,25,46" hai3="36,79,4,18,95,19,11,68,97,126,13,88,43"/><T0/><D32/><U52/><E35/><V127/><F118/><W69/><G126/><T56/><D90/><N who="1" m="55607" /><E122/><V14/><F127/><W75/><G43/><T112/><D112/><N who="1" m="43083" /><E45/><V3/><F3/><W71/><REACH who="3" step="1"/><G36/><REACH who="3" ten="250,250,250,240" step="2"/><T26/><D0/><U40/><E40/><V123/><F123/><W120/><G120/><T89/><D10/><U1/><E1/><V38/><F38/><W57/><G57/><T23/><D42/><U70/><E70/><V59/><F59/><W12/><G12/><T130/><D47/><U67/><E67/><V39/><F46/><W30/><G30/><T117/><D117/><U125/><E125/><V133/><F39/><W72/><G72/><T61/><D130/><U16/><E52/><V111/><F14/><W28/><G28/><T41/><D41/><U134/><E131/><V81/><F108/><W121/><G121/><T22/><D66/><U100/><E129/><V37/><F111/><W49/><G49/><N who="0" m="19051" /><D56/><U103/><E103/><V27/><F37/><W58/><G58/><T114/><D114/><U73/><E73/><V119/><F119/><W55/><G55/><T104/><D62/><U44/><E44/><V65/><F65/><W92/><G92/><T51/><D61/><U20/><E100/><V33/><F63/><W86/><G86/><N who="0" m="48391" /><D51/><U5/><E84/><V64/><F60/><W15/><G15/><T78/><D104/><U102/><E106/><V54/><F64/><W34/><G34/><T132/><D29/><U31/><E31/><V116/><F33/><W74/><G74/><T83/><D26/><N who="1" m="14599" /><E102/><V110/><F110/><RYUUKYOKU ba="0,1" sc="250,-10,250,-10,250,-10,240,30" hai3="4,11,13,18,19,68,69,71,75,79,88,95,97" /><INIT seed="1,1,1,2,4,82" ten="240,240,240,270" oya="1" hai0="53,21,8,79,69,23,98,109,65,92,93,40,117" hai1="71,86,135,119,105,55,14,10,88,76,85,101,25" hai2="51,11,111,17,81,108,12,9,36,47,27,110,122" hai3="128,131,35,96,33,84,126,0,68,59,41,32,114"/><U42/><E119/><V107/><F107/><W70/><G114/><T45/><D117/><U132/><E71/><V104/><F104/><W127/><G0/><T130/><D109/><U20/><E42/><V123/><F36/><W95/><G41/><T133/><D69/><N who="3" m="26729" /><G59/><T134/><D65/><U99/><E55/><V2/><F27/><W94/><G84/><T58/><D79/><U97/><E76/><V89/><F2/><W103/><G94/><N who="0" m="36459" /><D98/><U78/><E99/><V125/><F9/><W129/><AGARI ba="1,1" hai="32,33,35,95,96,103,126,127,128,129,131" m="26729" machi="129" ten="50,1600,0" yaku="19,1" doraHai="82" who="3" fromWho="3" sc="240,-5,240,-9,240,-5,270,29" /><INIT seed="2,0,0,3,2,12" ten="235,231,235,299" oya="2" hai0="81,120,42,20,27,7,11,77,83,1,59,116,133" hai1="102,104,97,132,0,2,26,51,36,53,87,58,115" hai2="49,99,30,107,103,89,128,13,6,44,130,127,85" hai3="4,124,65,62,93,66,35,73,70,18,46,31,95"/><V123/><F123/><W72/><G124/><T5/><D133/><U129/><E115/><V21/><F127/><W24/><G4/><T23/><D120/><U108/><E132/><V78/><F78/><W10/><G65/><T14/><D116/><U38/><E108/><V19/><F30/><W29/><G31/><T63/><D42/><U33/><E129/><V54/><REACH who="2" step="1"/><F6/><REACH who="2" ten="235,231,225,299" step="2"/><W117/><G29/><T76/><D7/><U111/><E111/><V126/><F126/><W134/><G134/><T17/><D76/><U41/><E33/><V112/><F112/><W67/><G35/><T119/><D77/><U100/><E2/><V8/><F8/><W48/><G10/><T96/><D119/><U57/><E0/><V114/><F114/><W56/><G117/><T79/><D79/><U74/><E74/><V105/><F105/><W34/><G73/><T122/><D122/><U82/><E104/><V101/><F101/><W75/><G72/><T45/><D1/><U3/><E102/><V90/><F90/><W37/><G75/><T32/><D32/><U125/><E3/><V92/><AGARI ba="0,1" hai="13,19,21,44,49,54,85,89,92,99,103,107,128,130" machi="92" ten="30,11700,0" yaku="1,1,0,1,52,1,53,1" doraHai="12" doraHaiUra="98" who="2" fromWho="2" sc="235,-39,231,-39,225,127,299,-39" /><INIT seed="2,1,0,4,0,82" ten="196,192,352,260" oya="2" hai0="79,116,31,83,17,113,74,55,20,111,128,13,102" hai1="88,19,70,61,46,11,71,26,56,53,30,16,75" hai2="28,24,130,38,97,132,65,93,62,133,117,41,6" hai3="96,124,4,66,21,50,94,43,7,101,114,106,89"/><V42/><F6/><W127/><G114/><T3/><D111/><U18/><E75/><V58/><F117/><W59/><G21/><T112/><D128/><U44/><E11/><V14/><F14/><W15/><G66/><T129/><D129/><U47/><REACH who="1" step="1"/><E88/><REACH who="1" ten="196,182,352,260" step="2"/><N who="2" m="55463" /><F130/><W49/><G89/><T73/><D116/><U118/><E118/><V54/><F38/><W98/><G127/><T95/><D113/><U105/><E105/><V33/><F65/><W110/><G124/><T23/><D112/><U63/><E63/><V39/><F39/><W123/><G106/><T27/><D3/><U86/><E86/><V9/><F9/><W81/><G110/><T78/><D55/><U52/><E52/><V125/><F125/><W115/><G115/><T131/><D131/><U12/><E12/><V68/><F54/><W36/><G15/><T22/><D74/><U45/><N who="1" m="11264" /><DORA hai="32" /><U72/><E72/><V57/><F62/><W29/><G36/><T25/><D73/><U85/><E85/><V48/><F42/><W108/><G43/><T109/><D109/><U99/><E99/><V91/><F41/><W64/><G98/><N who="0" m="59743" /><D83/><U67/><E67/><V107/><F107/><W120/><G81/><T0/><D0/><U100/><E100/><V126/><F126/><W135/><G108/><T76/><D13/><U92/><E92/><V119/><F119/><W80/><G94/><T34/><D34/><AGARI ba="1,1" hai="16,18,19,26,30,34,53,56,61,70,71" m="11264" machi="34" ten="50,3200,0" yaku="1,1,54,1,53,0" doraHai="82,32" doraHaiUra="5,8" who="1" fromWho="0" sc="196,-35,182,45,352,0,260,0" /><INIT seed="3,0,0,3,1,107" ten="161,227,352,260" oya="3" hai0="130,88,54,16,64,99,112,20,120,36,135,78,33" hai1="60,14,90,19,23,61,47,129,117,26,80,30,71" hai2="96,35,0,3,55,85,110,116,89,49,24,22,32" hai3="9,37,29,122,119,43,53,10,17,100,39,131,115"/><W134/><G115/><T15/><D120/><U124/><E129/><V76/><F116/><W127/><G119/><T95/><D130/><U40/><E117/><V59/><F110/><W57/><G131/><T65/><D112/><U8/><E71/><V1/><F76/><W66/><G122/><T2/><D36/><U6/><E124/><V72/><F72/><W114/><G114/><T41/><D33/><U83/><E30/><V111/><F96/><W104/><G66/><T67/><D2/><U77/><E90/><V121/><F111/><W31/><G37/><T21/><D41/><U48/><REACH who="1" step="1"/><E83/><REACH who="1" ten="161,217,352,260" step="2"/><N who="2" m="49343" /><F121/><W12/><G29/><T42/><D135/><U7/><E7/><V56/><F35/><W92/><G31/><T44/><D78/><U51/><E51/><V13/><F49/><W28/><G28/><T58/><D42/><U113/><E113/><V125/><F32/><W70/><G43/><T82/><D82/><U75/><AGARI ba="0,1" hai="6,8,14,19,23,26,40,47,48,60,61,75,77,80" machi="75" ten="20,8000,1" yaku="1,1,0,1,7,1,52,1,53,1" doraHai="107" doraHaiUra="105" who="1" fromWho="1" sc="161,-20,217,90,352,-20,260,-40" owari="141,-35.9,307,10.7,332,43.2,220,-18.0" /></mjloggm>