<mjloggm ver="2.3"><GO type="225" lobby="0"/><UN n0="%E3%81%AF%E3%82%88%E3%81%8A%E3%81%98%E3%81%95%E3%82%93" n1="%E6%80%AA%E3%81%97%E3%81%99%E3%81%8E%E3%82%8B%E3%83%81%E3%83%BC" n2="%E6%B4%BE%E9%81%A3%E3%81%AE%E3%82%B8%E3%83%A3%E3%83%83%E3%82%AF" n3="%E9%89%A2%E5%B7%BB%E3%82%AC%E3%83%96" dan="17,16,16,16" rate="2206.89,2141.16,2154.05,2081.27" sx="M,M,M,M"/><TAIKYOKU oya="0"/><INIT seed="0,0,0,5,5,99" ten="250,250,250,250" oya="0" hai0="129,62,96,110,78,9,21,60,59,11,4,2,87" hai1="102,13,22,15,19,3,76,0,24,95,72,127,109" hai2="38,133,131,18,90,135,30,120,7,105,6,33,53" hai3="98,47,117,51,119,132,100,80,61,55,12,130,77"/><T50/><D129/><U42/><E109/><V82/><F38/><W67/><G130/><T63/><D110/><U94/><E127/><V37/><F37/><W97/><G132/><T81/><D11/><U25/><E42/><V34/><F131/><W122/><G12/><T70/><D70/><U68/><E68/><V20/><F53/><W134/><G134/><N who="2" m="51209" /><F105/><W92/><G98/><T29/><D50/><U125/><E125/><V1/><F120/><W58/><REACH who="3" step="1"/><G122/><REACH who="3" ten="250,250,250,240" step="2"/><T128/><D128/><U64/><E13/><V39/><F1/><W52/><G52/><T27/><REACH who="0" step="1"/><D96/><REACH who="0" ten="240,250,250,240" step="2"/><U74/><E3/><V45/><F6/><W91/><G91/><T103/><D103/><U36/><E102/><V66/><F7/><W85/><AGARI ba="0,2" hai="47,51,55,58,61,67,77,80,85,92,97,100,117,119" machi="85" ten="20,5200,0" yaku="1,1,0,1,7,1,52,1,53,0" doraHai="99" doraHaiUra="84" who="3" fromWho="3" sc="240,-26,250,-13,250,-13,240,72" /><INIT seed="1,0,0,2,5,43" ten="214,237,237,312" oya="1" hai0="18,42,82,49,30,66,87,6,27,8,16,7,96" hai1="44,24,105,122,21,29,32,75,70,135,58,119,92" hai2="90,54,57,85,63,114,121,1,2,125,23,111,9" hai3="109,103,110,31,99,35,50,77,101,41,28,47,115"/><U37/><E105/><V25/><F111/><N who="3" m="42507" /><G115/><T104/><D66/><U40/><E119/><V102/><F121/><W88/><G77/><T117/><D117/><U12/><E122/><V116/><F116/><W55/><G35/><T113/><D113/><U78/><E135/><V133/><F114/><W108/><N who="3" m="42515" /><W39/><DORA hai="95" /><G88/><T5/><D104/><U79/><E70/><V97/><F133/><W129/><G129/><T89/><D96/><U132/><E132/><V56/><F125/><W52/><G55/><T33/><REACH who="0" step="1"/><D8/><REACH who="0" ten="204,237,237,312" step="2"/><U128/><E128/><V86/><F9/><W100/><G99/><T36/><D36/><U60/><E37/><V13/><F97/><W19/><G19/><T106/><D106/><U118/><E118/><V127/><F127/><W123/><G123/><T84/><D84/><U76/><E75/><V0/><F85/><W94/><G94/><T34/><D34/><U3/><E92/><V131/><F131/><W73/><G73/><T130/><D130/><U74/><E74/><V80/><F86/><W107/><G107/><T46/><AGARI ba="0,1" hai="5,6,7,16,18,27,30,33,42,46,49,82,87,89" machi="46" ten="30,7900,0" yaku="1,1,0,1,52,1,54,1,53,0" doraHai="43,95" doraHaiUra="124,69" who="0" fromWho="0" sc="204,89,237,-39,237,-20,312,-20" /><INIT seed="2,0,0,5,1,57" ten="293,198,217,292" oya="2" hai0="47,21,7,82,86,85,110,35,25,112,116,89,102" hai1="73,41,123,62,108,34,50,70,9,95,68,105,74" hai2="97,111,122,120,72,54,128,13,61,18,4,124,92" hai3="49,15,130,113,45,59,114,90,51,67,84,129,69"/><V11/><F72/><W1/><G1/><T52/><D112/><N who="3" m="43113" /><G15/><T103/><D35/><U8/><E105/><V125/><F128/><N who="3" m="49259" /><G69/><T109/><D7/><U19/><E108/><N who="0" m="41577" /><D86/><U107/><E107/><V43/><F43/><W23/><G23/><T26/><D116/><U87/><E123/><V79/><F79/><W121/><G121/><T76/><D76/><U133/><E133/><V42/><F42/><W3/><G3/><T66/><D66/><U64/><E70/><V127/><F4/><W78/><G78/><T58/><D47/><U36/><E34/><V27/><F27/><N who="0" m="10250" /><D21/><U60/><E9/><V131/><F111/><W16/><G16/><T132/><D132/><U98/><E19/><V96/><F131/><W81/><G45/><T33/><D33/><U71/><E8/><V83/><F83/><W48/><G48/><AGARI ba="0,0" hai="48,52,58,82,85,89,102,103" m="10250,41577" machi="48" ten="30,2000,0" yaku="14,1,54,1" doraHai="57" who="0" fromWho="3" sc="293,20,198,0,217,0,292,-20" /><INIT seed="3,0,0,2,2,52" ten="313,198,217,272" oya="3" hai0="57,24,95,135,118,91,10,37,17,96,60,9,62" hai1="46,124,29,34,122,36,64,72,63,128,71,129,99" hai2="134,4,18,84,26,79,38,19,98,8,49,100,44" hai3="50,12,88,66,39,104,0,103,87,116,33,32,110"/><W94/><G116/><T11/><D37/><U28/><E122/><V115/><F38/><W102/><G39/><T53/><D118/><U101/><E72/><V106/><F115/><W81/><G0/><T133/><D62/><U55/><E124/><V108/><F108/><W13/><G110/><T47/><D47/><U40/><E55/><V48/><F134/><N who="0" m="51210" /><D24/><N who="1" m="18695" /><E29/><V45/><F45/><W35/><G66/><T97/><D97/><U111/><E111/><V30/><F48/><W112/><G112/><T113/><D113/><U73/><E73/><V58/><F58/><W83/><G50/><T85/><D96/><U23/><E23/><V120/><F120/><W76/><G83/><T68/><D68/><U132/><E132/><V61/><F61/><W89/><G89/><T127/><D127/><U42/><E40/><N who="2" m="24711" /><F26/><W131/><G131/><T56/><D57/><U121/><E121/><V90/><F30/><W27/><G27/><T65/><D53/><U15/><E15/><AGARI ba="0,0" hai="9,10,11,15,17,56,60,65,85,91,95" m="51210" machi="15" ten="30,2000,0" yaku="20,1,52,1" doraHai="52" who="0" fromWho="1" sc="313,20,198,-20,217,0,272,0" owari="333,43.3,178,-32.2,217,-18.3,272,7.2" /></mjloggm>