<mjloggm ver="2.3"><GO type="225" lobby="0"/><UN n0="%E3%81%82%E3%81%99%E3%81%AB%E3%82%83%E3%82%80" n1="%E3%83%A9%E3%83%BC%E3%83%A1%E3%83%B3%E4%BA%94%E9%83%8E" n2="%E3%82%B2%E3%82%B9%E8%8C%82%E5%8B%9D" n3="%E4%BA%95%E5%B8%AF" dan="16,16,16,16" rate="2139.28,2048.78,2114.06,2052.33" sx="F,M,F,M"/><TAIKYOKU oya="0"/><INIT seed="0,0,0,2,1,5" ten="250,250,250,250" oya="0" hai0="68,42,47,60,117,85,118,113,103,81,44,130,96" hai1="115,134,93,106,39,35,32,30,88,78,54,132,108" hai2="7,125,80,75,8,17,97,55,74,64,18,29,52" hai3="87,50,40,89,16,57,121,4,101,131,6,62,41"/><T3/><D113/><U61/><E115/><V27/><F125/><W25/><G131/><T122/><D122/><U128/><E128/><V94/><F64/><W20/><G101/><T104/><D130/><U58/><E108/><V0/><F17/><W116/><G116/><T67/><D3/><U99/><E39/><V111/><F18/><W66/><G121/><T110/><D110/><U71/><E71/><V34/><F111/><W84/><G84/><T33/><D33/><U124/><E124/><V102/><REACH who="2" step="1"/><F80/><REACH who="2" ten="250,250,240,250" step="2"/><W43/><REACH who="3" step="1"/><G50/><REACH who="3" ten="250,250,240,240" step="2"/><T133/><D118/><U73/><E132/><V107/><F107/><W91/><G91/><T48/><D117/><U36/><E134/><V79/><F79/><W11/><G11/><T59/><D133/><U45/><E106/><V123/><F123/><W63/><G63/><T51/><D104/><U53/><E78/><V70/><F70/><W26/><G26/><T28/><D68/><U22/><E61/><V119/><F119/><W92/><AGARI ba="0,2" hai="4,6,16,20,25,40,41,43,57,62,66,87,89,92" machi="92" ten="30,8000,1" yaku="1,1,0,1,8,1,54,1,53,1" doraHai="5" doraHaiUra="83" who="3" fromWho="3" sc="250,-40,250,-20,240,-20,240,100" /><INIT seed="1,0,0,1,4,81" ten="210,230,220,340" oya="1" hai0="40,100,99,51,66,15,71,2,86,46,127,119,77" hai1="106,114,126,50,41,102,101,49,105,87,42,110,60" hai2="118,37,26,116,12,16,68,22,14,88,3,123,1" hai3="52,44,61,58,73,54,132,4,121,131,122,109,113"/><U75/><E114/><V55/><F68/><W130/><G73/><T18/><D2/><N who="2" m="522" /><F55/><W76/><G76/><T38/><D119/><N who="2" m="45610" /><F37/><W95/><G4/><T117/><D127/><U79/><E75/><V82/><F88/><W112/><G95/><T92/><D117/><U30/><E126/><V32/><F82/><W134/><G109/><T21/><D71/><U57/><E79/><V103/><F103/><W63/><G58/><T35/><D35/><U47/><E105/><V104/><F104/><W107/><G107/><T93/><D66/><U43/><E106/><V124/><F124/><W120/><G120/><T65/><D65/><U56/><E47/><AGARI ba="0,0" hai="44,47,52,54,61,63,112,113,121,122,130,131,132,134" machi="47" ten="25,12000,2" yaku="22,2,34,3,54,1" doraHai="81" who="3" fromWho="1" sc="210,0,230,-120,220,0,340,120" /><INIT seed="2,0,0,5,3,41" ten="210,110,220,460" oya="2" hai0="129,94,0,17,7,64,116,118,90,131,108,86,110" hai1="109,113,14,20,89,88,65,111,72,67,25,70,78" hai2="101,4,71,36,125,115,77,39,35,28,81,54,5" hai3="2,100,82,52,68,107,60,96,98,45,69,79,133"/><V56/><F125/><W49/><G133/><T6/><D64/><U130/><E113/><V42/><F115/><W43/><G2/><T62/><D62/><U53/><E130/><N who="0" m="49673" /><D17/><U75/><E14/><V134/><F134/><W11/><G98/><T58/><D58/><U135/><E135/><V34/><F71/><W21/><G21/><T12/><D12/><U80/><E53/><V1/><F101/><W57/><G11/><N who="0" m="2503" /><D7/><U10/><E10/><N who="2" m="2319" /><F28/><W33/><G33/><T132/><D132/><U29/><E72/><AGARI ba="0,0" hai="43,45,49,52,57,60,68,69,72,79,82,96,100,107" machi="72" ten="30,3900,0" yaku="7,1,52,1,54,1" doraHai="41" who="3" fromWho="1" sc="210,0,110,-39,220,0,460,39" /><INIT seed="3,0,0,4,5,58" ten="210,71,220,499" oya="3" hai0="67,103,65,107,108,133,134,37,135,62,87,86,27" hai1="129,29,69,52,120,60,80,6,68,119,54,45,77" hai2="109,88,66,28,36,7,83,13,121,53,112,4,14" hai3="72,35,74,39,124,110,131,2,8,97,114,57,33"/><W104/><G57/><N who="0" m="37071" /><D37/><U3/><E29/><V38/><F109/><W127/><G97/><N who="0" m="61935" /><D108/><U84/><E120/><V116/><F112/><W122/><G8/><T32/><D67/><U17/><E17/><V71/><F116/><W9/><G9/><T79/><D79/><U125/><E119/><V24/><F121/><W75/><G75/><T50/><D50/><U85/><E85/><V31/><F53/><W51/><G51/><T76/><D76/><U25/><E25/><V34/><F28/><AGARI ba="0,0" hai="27,28,32,86,87,133,134,135" m="61935,37071" machi="28" ten="30,2000,0" yaku="20,1,52,1" doraHai="58" who="0" fromWho="2" sc="210,20,71,0,220,-20,499,0" owari="230,3.0,71,-42.9,200,-20.0,499,59.9" /></mjloggm>