<mjloggm ver="2.3"><GO type="225" lobby="0"/><UN n0="%E6%98%93%E5%88%A9%E8%96%A9%E4%BC%AF" n1="%48%49%52%4F%4B%49%4E%47" n2="%E4%BF%BA%E3%81%A8%E5%A6%96%E5%A4%A2" n3="%E3%80%90%E3%83%88%E3%83%AA%E3%83%A5%E3%83%95%E3%80%91" dan="16,16,16,16" rate="2091.88,2070.81,2111.15,2055.23" sx="F,M,F,M"/><TAIKYOKU oya="0"/><INIT seed="0,0,0,4,3,14" ten="250,250,250,250" oya="0" hai0="3,24,33,67,40,108,43,95,35,125,8,57,114" hai1="5,59,60,70,45,124,41,88,42,105,85,120,126" hai2="19,135,72,54,74,44,58,37,101,128,87,46,122" hai3="20,102,30,75,22,55,25,23,107,51,66,2,115"/><T9/><D114/><U80/><E105/><V116/><F122/><W91/><G115/><T63/><D125/><N who="1" m="48235" /><E120/><V79/><F135/><W127/><G127/><T31/><D35/><U1/><E70/><V38/><F128/><W83/><G2/><T26/><D108/><U53/><E45/><V16/><F101/><W47/><G66/><T109/><D109/><U4/><E1/><V76/><F87/><W84/><REACH who="3" step="1"/><G75/><REACH who="3" ten="250,250,250,240" step="2"/><T130/><D3/><U129/><E129/><V106/><F116/><W118/><G118/><T100/><D130/><U12/><E12/><V48/><F74/><W97/><AGARI ba="0,1" hai="20,22,23,25,30,47,51,55,83,84,91,97,102,107" machi="97" ten="30,2000,0" yaku="1,1,0,1,53,0" doraHai="14" doraHaiUra="123" who="3" fromWho="3" sc="250,-10,250,-5,250,-5,240,30" /><INIT seed="1,0,0,4,3,131" ten="240,245,245,270" oya="1" hai0="134,120,77,28,112,106,96,42,133,119,40,116,103" hai1="19,31,109,18,129,67,100,26,91,94,81,38,55" hai2="125,122,45,14,127,52,82,101,79,128,126,34,124" hai3="89,117,59,58,33,75,17,63,65,8,84,72,54"/><U99/><E38/><V3/><N who="2" m="31744" /><DORA hai="135" /><V64/><F3/><W35/><G117/><N who="0" m="45131" /><D28/><U98/><E129/><V57/><F128/><W44/><G44/><T74/><D42/><U11/><E109/><V104/><F122/><W37/><G37/><T53/><D53/><U86/><E67/><V12/><F34/><W130/><G130/><T93/><D40/><U62/><E11/><V107/><F45/><W87/><G87/><T70/><D70/><U69/><E98/><N who="2" m="61495" /><F64/><W21/><G8/><T39/><D39/><U25/><E26/><V2/><F2/><W88/><G33/><T108/><D108/><U121/><E121/><V51/><F107/><W27/><G35/><T41/><D41/><U50/><E62/><V105/><F105/><W90/><REACH who="3" step="1"/><G84/><AGARI ba="0,0" hai="12,14,51,52,57,79,82,84" m="61495,31744" machi="84" ten="60,12000,2" yaku="18,1,52,4,54,1" doraHai="131,135" who="2" fromWho="3" sc="240,0,245,0,245,120,270,-120" /><INIT seed="2,0,0,3,2,124" ten="240,245,365,150" oya="2" hai0="16,111,40,72,85,78,44,56,75,36,59,41,119" hai1="102,26,115,129,18,82,13,1,89,29,109,116,87" hai2="128,90,65,11,51,42,55,52,6,99,113,130,73" hai3="33,25,133,47,69,134,98,8,34,45,61,21,84"/><V132/><F113/><W80/><G98/><T112/><D112/><U86/><E129/><N who="2" m="49771" /><F73/><W110/><G110/><T24/><D111/><U54/><E1/><N who="2" m="463" /><F132/><N who="3" m="50795" /><G8/><T67/><D41/><U74/><E102/><V131/><N who="2" m="49779" /><V92/><DORA hai="30" /><F65/><N who="3" m="41135" /><G45/><AGARI ba="0,0" hai="42,45,51,52,55,90,92,99" m="463,49779" machi="45" ten="40,18000,2" yaku="19,1,52,4,54,1" doraHai="124,30" who="2" fromWho="3" sc="240,0,245,0,365,180,150,-180" owari="240,-16.0,245,4.5,545,64.5,-30,-53.0" /></mjloggm>