<mjloggm ver="2.3"><GO type="225" lobby="0"/><UN n0="%6A%70%74%77%61%32" n1="%E3%82%A2%E3%83%BC%E3%83%A2%E3%83%AD%E3%83%BC%E3%83%B4%E3%82%A1" n2="%E9%89%A2%E5%B7%BB%E3%82%AC%E3%83%96" n3="%E3%81%86%E3%82%8C%E3%81%9F%E3%82%93%E6%9E%95" dan="16,16,16,16" rate="2045.13,2167.94,2134.71,2114.79" sx="M,M,M,F"/><TAIKYOKU oya="0"/><INIT seed="0,0,0,3,4,70" ten="250,250,250,250" oya="0" hai0="58,108,123,109,27,38,56,132,21,92,36,83,14" hai1="61,67,35,133,60,9,90,31,127,6,19,48,3" hai2="29,33,117,46,63,120,50,82,80,88,45,129,86" hai3="34,4,94,64,126,5,119,100,110,12,10,73,81"/><T115/><D115/><U87/><E127/><V11/><F120/><W99/><G119/><T105/><D105/><U22/><E133/><V23/><F129/><W65/><G110/><N who="0" m="42603" /><D123/><U47/><E67/><V84/><F33/><W114/><G114/><T37/><D132/><U66/><E66/><V121/><F121/><W98/><G126/><T85/><D14/><U106/><E106/><V32/><F32/><W41/><G34/><T71/><D71/><U69/><E69/><V76/><F63/><W78/><G4/><T44/><D92/><U24/><E87/><V8/><F117/><W57/><G41/><T116/><D44/><U17/><E90/><V95/><F46/><W40/><G40/><T25/><D116/><U1/><E19/><V42/><REACH who="2" step="1"/><F95/><REACH who="2" ten="250,250,240,250" step="2"/><W107/><REACH who="3" step="1"/><G57/><REACH who="3" ten="250,250,240,240" step="2"/><N who="0" m="22123" /><D21/><U51/><E47/><V39/><F39/><W53/><G53/><T15/><D15/><N who="1" m="9535" /><E1/><V72/><F72/><W26/><G26/><AGARI ba="0,2" hai="8,11,23,26,29,42,45,50,76,80,82,84,86,88" machi="26" ten="40,5200,0" yaku="1,1,8,1,54,1,53,0" doraHai="70" doraHaiUra="49" who="2" fromWho="3" sc="250,0,250,0,240,72,240,-52" /><INIT seed="1,0,0,4,3,133" ten="250,250,312,188" oya="1" hai0="58,80,59,50,14,28,101,8,92,75,81,132,0" hai1="18,15,90,12,10,19,72,51,87,123,44,27,70" hai2="134,49,42,117,77,11,60,55,67,126,106,33,61" hai3="7,85,122,32,38,112,3,89,69,115,45,17,91"/><U35/><E123/><V56/><F106/><W57/><G122/><T116/><D116/><U113/><E113/><V39/><F33/><W100/><G69/><T40/><D132/><U98/><E72/><V24/><F134/><W111/><G111/><T9/><D0/><U52/><E70/><V5/><F117/><W96/><G32/><T26/><D75/><U93/><E35/><V118/><F118/><W31/><G31/><T30/><D101/><U74/><E74/><V78/><F24/><W37/><G7/><T128/><D92/><U88/><E27/><V43/><F61/><W131/><G3/><T62/><D128/><U63/><E63/><V54/><F55/><W119/><G131/><T22/><D62/><U23/><E87/><V104/><F104/><W6/><G6/><T66/><D66/><U2/><E2/><V48/><F48/><W84/><G57/><N who="0" m="21515" /><D30/><U1/><E1/><V47/><F43/><W121/><G121/><T95/><D95/><U110/><E110/><V114/><F114/><W94/><G119/><T46/><D8/><U68/><E68/><N who="2" m="42087" /><F78/><W120/><G120/><T29/><D29/><U107/><E107/><V21/><F77/><W16/><G100/><AGARI ba="0,0" hai="10,12,15,18,19,23,44,51,52,88,90,93,98,100" machi="100" ten="30,11600,0" yaku="7,1,8,1,54,2" doraHai="133" who="1" fromWho="3" sc="250,0,250,116,312,0,188,-116" /><INIT seed="1,1,0,4,3,62" ten="250,366,312,72" oya="1" hai0="63,36,94,53,68,74,100,64,98,111,87,15,21" hai1="27,123,19,132,116,75,60,72,28,24,112,49,41" hai2="37,34,104,118,127,14,38,25,92,6,134,121,107" hai3="59,4,128,10,129,89,46,90,30,56,58,131,71"/><U76/><E112/><V101/><F14/><W85/><G71/><T67/><D74/><U7/><E123/><V81/><F6/><W26/><G46/><T95/><D111/><U40/><E116/><V3/><F25/><W5/><G85/><T80/><D36/><U31/><E7/><V82/><F92/><W91/><G10/><T99/><D53/><U52/><E132/><V61/><F101/><W108/><REACH who="3" step="1"/><G108/><REACH who="3" ten="250,366,312,62" step="2"/><T9/><D68/><U57/><E72/><V114/><F121/><W122/><G122/><T93/><D9/><U50/><E75/><V133/><F134/><W0/><G0/><T83/><D98/><U105/><E40/><V43/><F43/><W70/><G70/><T126/><D87/><U135/><E41/><V51/><F3/><W18/><G18/><T29/><D99/><U78/><E19/><V130/><F133/><W55/><G55/><T96/><D96/><U22/><E135/><V47/><F47/><W44/><G44/><T124/><D126/><U77/><REACH who="1" step="1"/><E105/><REACH who="1" ten="250,356,312,62" step="2"/><V84/><F107/><W1/><G1/><T117/><D124/><U13/><E13/><V39/><F104/><W45/><G45/><T8/><D15/><U33/><AGARI ba="1,2" hai="22,24,27,28,31,33,49,50,52,57,60,76,77,78" machi="33" ten="30,11700,0" yaku="1,1,0,1,54,1,53,1" doraHai="62" doraHaiUra="17" who="1" fromWho="1" sc="250,-40,356,140,312,-40,62,-40" /><INIT seed="1,2,0,1,2,36" ten="210,496,272,22" oya="1" hai0="68,13,71,127,102,83,110,41,56,89,100,133,129" hai1="62,49,107,25,35,10,115,98,70,103,94,34,42" hai2="77,74,87,112,65,17,46,130,59,20,91,2,38" hai3="122,92,84,124,116,33,75,27,120,43,51,9,113"/><U58/><E115/><V104/><F104/><W108/><G92/><T37/><D110/><U50/><E70/><V48/><F2/><W19/><G84/><T134/><D129/><U93/><E10/><V6/><F6/><W66/><G66/><T44/><D127/><U47/><E50/><V121/><F74/><W57/><G57/><T85/><D56/><U81/><E81/><V31/><F77/><W45/><G75/><T72/><D72/><U132/><E132/><N who="0" m="50793" /><D13/><U67/><E25/><V61/><F121/><W118/><G124/><T69/><AGARI ba="2,0" hai="37,41,44,68,69,71,83,85,89,100,102" m="50793" machi="69" ten="40,2700,0" yaku="20,1,52,1" doraHai="36" who="0" fromWho="0" sc="210,33,496,-15,272,-9,22,-9" /><INIT seed="2,0,0,3,3,75" ten="243,481,263,13" oya="2" hai0="101,83,132,51,48,95,112,36,72,21,27,54,17" hai1="110,35,92,69,49,62,109,41,122,15,40,80,89" hai2="47,85,76,131,33,68,10,58,94,135,65,96,0" hai3="29,81,12,102,77,128,129,25,26,8,118,4,115"/><V108/><F33/><W125/><G118/><T3/><D36/><U52/><E35/><V130/><F68/><W97/><G115/><T71/><D112/><U55/><E15/><V66/><F47/><W113/><G113/><T2/><D132/><U61/><E80/><N who="2" m="47239" /><F135/><W103/><G125/><T22/><D71/><U43/><E122/><V121/><F121/><W46/><G46/><T28/><D72/><U100/><E100/><V50/><F0/><W106/><G102/><T11/><D83/><U67/><E61/><V7/><F50/><W56/><G56/><T119/><D119/><U134/><E134/><V30/><F30/><W60/><G60/><T88/><D101/><U114/><E114/><V5/><F58/><W31/><G31/><T133/><D11/><U98/><E49/><V9/><F9/><W123/><G123/><T111/><D111/><AGARI ba="0,0" hai="40,41,43,52,55,62,67,69,89,92,98,109,110,111" machi="111" ten="40,2600,0" yaku="14,1,54,1" doraHai="75" who="1" fromWho="0" sc="243,-26,481,26,263,0,13,0" /><INIT seed="3,0,0,1,4,25" ten="217,507,263,13" oya="3" hai0="111,109,71,115,33,52,96,6,43,116,31,30,47" hai1="9,77,64,8,40,34,28,53,93,79,15,105,120" hai2="85,127,88,103,17,63,60,13,12,72,94,55,16" hai3="97,57,98,44,38,122,7,26,24,84,117,62,74"/><W73/><G122/><T70/><D115/><U10/><E105/><V75/><F127/><W102/><G117/><T18/><D116/><U125/><E125/><V129/><F129/><W135/><G135/><T81/><D6/><U82/><E64/><V86/><F103/><W3/><G84/><T29/><D33/><U68/><E68/><V66/><F72/><W20/><G26/><T14/><D96/><U22/><E34/><V46/><F75/><W23/><G23/><N who="0" m="11735" /><D81/><U19/><E40/><V58/><F85/><W104/><G98/><T4/><D4/><U128/><E128/><V61/><F46/><W106/><G106/><T118/><D52/><U49/><E82/><V100/><F100/><W65/><G7/><T112/><D112/><U45/><E120/><V42/><F42/><W124/><G3/><T133/><D133/><U101/><E28/><V107/><F107/><W119/><G119/><T80/><D80/><U32/><E32/><V121/><F55/><W89/><G89/><T48/><D118/><U114/><E114/><V110/><F121/><W91/><G91/><T56/><D56/><U126/><E126/><V134/><F134/><W123/><G123/><T39/><D39/><U132/><E132/><V78/><F78/><W54/><G124/><T35/><D35/><U69/><E22/><N who="2" m="11527" /><F110/><AGARI ba="0,0" hai="29,30,31,43,47,48,70,71,109,110,111" m="11735" machi="110" ten="30,7700,0" yaku="14,1,52,3" doraHai="25" who="0" fromWho="2" sc="217,77,507,0,263,-77,13,0" owari="294,9.4,507,60.7,186,-21.4,13,-48.7" /></mjloggm>