<mjloggm ver="2.3"><GO type="225" lobby="0"/><UN n0="%E7%89%B9%E6%9D%B1%E5%96%B0%E8%B5%A4%E9%80%9F" n1="%6D%75%75%73%61%6E%6D%75" n2="%6E%69%63%6F%6E%74%6F" n3="%E7%B4%94%E6%BD%94%E3%83%94%E3%83%A9%E3%83%8B%E3%82%A2" dan="16,17,16,17" rate="2060.08,2157.61,2151.91,2191.26" sx="M,F,M,M"/><TAIKYOKU oya="0"/><INIT seed="0,0,0,1,2,55" ten="250,250,250,250" oya="0" hai0="74,96,91,131,48,106,19,85,24,30,31,115,17" hai1="56,111,29,54,108,10,120,114,60,110,69,95,51" hai2="25,133,1,129,102,107,3,32,124,118,33,92,14" hai3="43,81,122,5,89,47,123,109,12,117,72,76,15"/><T66/><D115/><U127/><E29/><V99/><F129/><W45/><G117/><T78/><D131/><U82/><E82/><V6/><F133/><W104/><G109/><T58/><D74/><U44/><E95/><V42/><F124/><W38/><G104/><T8/><D106/><U63/><E10/><V4/><F118/><W132/><G132/><T128/><D128/><U75/><E75/><V20/><F42/><W94/><G45/><T80/><D8/><U90/><E90/><V35/><F107/><W105/><G105/><T9/><D9/><U113/><E127/><V112/><F112/><N who="1" m="43113" /><E120/><N who="3" m="46122" /><G5/><N who="2" m="2153" /><F92/><W103/><G103/><T98/><D91/><U79/><E79/><V23/><F99/><AGARI ba="0,0" hai="12,15,38,43,47,72,76,81,89,94,99" m="46122" machi="99" ten="30,1000,0" yaku="13,1" doraHai="55" who="3" fromWho="2" sc="250,0,250,0,250,-10,250,10" /><INIT seed="1,0,0,0,0,135" ten="250,250,240,260" oya="1" hai0="59,130,20,128,29,81,134,118,39,42,66,47,19" hai1="10,27,52,84,13,87,93,35,63,92,44,104,0" hai2="67,79,116,53,34,71,50,3,45,25,122,61,124" hai3="62,9,26,43,117,41,96,101,108,83,120,17,133"/><U94/><E104/><V16/><F116/><W51/><G108/><T111/><D118/><U73/><E73/><V28/><F122/><W48/><G120/><T90/><D111/><U100/><E0/><V24/><F3/><W38/><G133/><T113/><D134/><U99/><E35/><V32/><F79/><W131/><G131/><N who="0" m="50219" /><D29/><U22/><E87/><V23/><REACH who="2" step="1"/><F34/><REACH who="2" ten="250,250,230,260" step="2"/><W18/><G117/><T127/><D113/><U76/><E76/><V78/><F78/><W86/><G38/><T107/><D107/><U31/><E84/><V49/><F49/><W55/><G86/><N who="0" m="50511" /><D66/><U57/><REACH who="1" step="1"/><E44/><REACH who="1" ten="250,240,230,260" step="2"/><V70/><F70/><W123/><G123/><T121/><D121/><U102/><E102/><V74/><F74/><W46/><G46/><T37/><D47/><U5/><AGARI ba="0,2" hai="5,10,13,22,27,31,52,57,63,92,93,94,99,100" machi="5" ten="20,18000,2" yaku="1,1,0,1,7,1,8,1,54,1,53,1" doraHai="135" doraHaiUra="54" who="1" fromWho="1" sc="250,-60,240,200,230,-60,260,-60" /><INIT seed="1,1,0,3,1,74" ten="190,440,170,200" oya="1" hai0="10,51,93,109,95,58,110,44,1,134,22,32,63" hai1="84,19,94,37,116,128,98,15,113,68,119,104,12" hai2="89,120,72,55,65,107,45,75,48,46,53,4,56" hai3="102,29,66,35,135,5,36,86,80,50,40,25,87"/><U39/><E113/><V133/><F133/><W108/><G135/><T33/><D134/><U64/><E128/><V24/><F120/><W114/><G108/><N who="0" m="41579" /><D22/><U73/><E73/><V77/><F107/><W71/><G102/><T121/><D121/><U18/><E104/><V52/><F4/><W42/><G87/><T111/><N who="0" m="41587" /><T112/><DORA hai="47" /><D112/><U83/><E68/><V81/><F75/><W14/><G36/><T123/><D10/><U23/><E64/><V70/><F45/><W34/><G34/><N who="0" m="13419" /><D1/><U41/><E37/><V91/><F24/><W103/><G103/><T43/><D123/><U57/><E39/><V125/><F125/><W106/><G106/><T115/><D115/><U122/><E122/><V82/><F70/><W76/><G71/><T60/><D60/><U13/><E23/><V131/><F131/><W97/><G66/><AGARI ba="1,0" hai="43,44,51,58,63,66,93,95" m="13419,41587" machi="66" ten="40,2600,0" yaku="14,1,52,1" doraHai="74,47" who="0" fromWho="3" sc="190,29,440,0,170,0,200,-29" /><INIT seed="2,0,0,5,2,40" ten="219,440,170,171" oya="2" hai0="41,92,81,106,8,58,72,57,102,121,130,3,33" hai1="101,100,67,126,64,35,48,23,82,31,68,91,44" hai2="51,104,5,17,112,73,134,60,75,127,94,39,122" hai3="118,129,87,125,25,123,7,9,124,110,77,107,84"/><V62/><F112/><W79/><G107/><T89/><D121/><U26/><E35/><V52/><F122/><W12/><G123/><T85/><D33/><U1/><E1/><V88/><F104/><W86/><G118/><T37/><D130/><U42/><E126/><N who="3" m="48746" /><G129/><T116/><D116/><U19/><E68/><V54/><F127/><W76/><G25/><T0/><D0/><U2/><E2/><V27/><F39/><W22/><G22/><T63/><D63/><U131/><E131/><V71/><F134/><W56/><G56/><T47/><D8/><U49/><E49/><V66/><F5/><W74/><G110/><T115/><D3/><U133/><E19/><V90/><F90/><W53/><G53/><T97/><D115/><U132/><E132/><V113/><F113/><W36/><G36/><T50/><D37/><U128/><E133/><V103/><F103/><N who="1" m="39497" /><E128/><V18/><F54/><W78/><G78/><AGARI ba="0,0" hai="41,47,50,57,58,72,78,81,85,89,92,97,102,106" machi="78" ten="40,5200,0" yaku="24,2,52,1" doraHai="40" who="0" fromWho="3" sc="219,52,440,0,170,0,171,-52" /><INIT seed="3,0,0,4,2,81" ten="271,440,170,119" oya="3" hai0="2,80,66,11,104,75,17,8,76,112,27,86,56" hai1="82,126,61,35,117,68,105,116,96,101,15,93,51" hai2="113,36,12,107,70,24,39,63,33,88,89,133,124" hai3="71,108,21,98,78,29,60,34,110,47,115,125,106"/><W69/><G115/><T128/><D112/><U48/><E35/><V109/><F113/><W120/><G120/><T65/><D104/><U26/><E126/><V134/><F124/><W45/><G125/><T91/><D2/><U127/><E127/><V132/><F109/><N who="3" m="42091" /><G78/><T92/><D128/><U18/><E26/><V121/><F121/><W94/><G106/><T14/><D27/><U22/><E82/><V37/><F107/><W0/><G0/><T49/><D8/><U54/><E105/><V58/><F70/><N who="3" m="26635" /><G34/><T87/><D75/><U23/><E23/><V55/><F12/><W53/><G29/><AGARI ba="0,0" hai="24,29,33,36,37,39,55,58,63,88,89,132,133,134" machi="29" ten="50,3200,0" yaku="20,1,54,1" doraHai="81" who="2" fromWho="3" sc="271,0,440,0,170,32,119,-32" owari="271,7.1,440,54.0,202,-19.8,87,-41.3" /></mjloggm>