<mjloggm ver="2.3"><GO type="225" lobby="0"/><UN n0="%E6%B8%A9%E2%98%85%E6%83%85%E2%98%85%E6%8E%AA%E2%98%85%E7%BD%AE" n1="%E6%A1%9C%E8%8A%B1%E9%96%83%E3%80%85" n2="%E9%B3%B3%E6%9D%B1%E3%81%AE%E3%81%BF%E3%81%91%E3%81%AB%E3%82%83%E3%82%93" n3="%74%61%6B%75%61%6B%61" dan="18,16,17,16" rate="2185.05,2193.86,2211.24,2088.98" sx="M,M,F,M"/><TAIKYOKU oya="0"/><INIT seed="0,0,0,2,3,18" ten="250,250,250,250" oya="0" hai0="58,42,100,26,0,92,79,2,11,5,35,135,53" hai1="7,43,127,90,25,15,24,68,66,36,99,63,33" hai2="134,123,17,76,71,67,77,4,50,6,27,95,51" hai3="129,96,87,64,23,69,83,29,133,31,104,47,52"/><T121/><D121/><U41/><E127/><V116/><F123/><W70/><G129/><T88/><D135/><U101/><E90/><V13/><F134/><W119/><G119/><T130/><D130/><U28/><E25/><V73/><F116/><W93/><G104/><T34/><D2/><U113/><E113/><V48/><F73/><W108/><G108/><T97/><D42/><U118/><E118/><V120/><F120/><W132/><G132/><T38/><D38/><U37/><E43/><V22/><F71/><W40/><G64/><T82/><D100/><U94/><E41/><V131/><F67/><W91/><G133/><T86/><REACH who="0" step="1"/><D26/><REACH who="0" ten="240,250,250,250" step="2"/><U112/><E112/><V72/><F131/><W60/><G40/><T117/><D117/><U84/><E37/><V114/><F114/><W3/><G3/><T109/><D109/><U44/><E36/><V14/><F27/><W115/><G115/><T10/><D10/><U8/><E24/><V80/><F14/><W106/><G31/><T12/><D12/><U57/><E28/><V85/><F13/><W124/><G29/><T128/><D128/><U75/><E15/><V19/><F6/><W45/><G124/><T54/><D54/><U122/><E8/><V16/><F4/><W111/><G111/><T1/><D1/><U21/><E7/><V32/><F17/><W39/><G39/><T107/><D107/><U61/><E101/><V46/><F19/><W20/><G106/><T105/><D105/><U62/><E122/><V89/><F16/><W55/><G55/><T49/><AGARI ba="0,1" hai="0,5,11,34,35,49,53,58,79,82,86,88,92,97" machi="49" ten="20,12000,1" yaku="1,1,0,1,7,1,54,1,53,1" doraHai="18" doraHaiUra="78" who="0" fromWho="0" sc="240,130,250,-40,250,-40,250,-40" /><INIT seed="0,1,0,5,5,30" ten="370,210,210,210" oya="0" hai0="28,26,29,118,33,9,104,116,120,18,75,25,40" hai1="102,27,91,34,43,105,50,131,35,124,67,133,84" hai2="98,46,93,7,90,32,121,22,122,88,82,81,113" hai3="130,123,99,10,132,107,126,72,19,117,36,64,56"/><T111/><D104/><U110/><E110/><V103/><F113/><W78/><G10/><T53/><D75/><U83/><E131/><V23/><F7/><W58/><G19/><T16/><D40/><U24/><E67/><V119/><F32/><W128/><G78/><T60/><D60/><U114/><E114/><V55/><F119/><N who="0" m="45610" /><D53/><U45/><E124/><V62/><F121/><W89/><G89/><N who="2" m="34409" /><F122/><W0/><G99/><T112/><D120/><U41/><E133/><V70/><F70/><W73/><G117/><T8/><D112/><U6/><E6/><V100/><F100/><W5/><G123/><T101/><D101/><U39/><E24/><V109/><F109/><W2/><G132/><T95/><D95/><U125/><E27/><V4/><F4/><W15/><G5/><T48/><D48/><U92/><E125/><V37/><F37/><W79/><G36/><T115/><D115/><U42/><E105/><V96/><F96/><W21/><G107/><T127/><D127/><U69/><E69/><V13/><F13/><W71/><G15/><T108/><D108/><U80/><E39/><V47/><F62/><W87/><G126/><T63/><D63/><U14/><E14/><V44/><F55/><W129/><G71/><T61/><D61/><U38/><E38/><V12/><F12/><W65/><G129/><T59/><D111/><U17/><E102/><V77/><F77/><W74/><G79/><T76/><D76/><U49/><E42/><V31/><F31/><W97/><G128/><T54/><D29/><U3/><E43/><V94/><F94/><RYUUKYOKU ba="1,0" sc="370,-10,210,-10,210,30,210,-10" hai2="22,23,44,46,47,81,82,93,98,103" /><INIT seed="1,2,0,3,5,116" ten="360,200,240,200" oya="1" hai0="84,79,124,9,37,24,111,28,69,20,122,92,31" hai1="4,63,23,3,42,53,126,49,101,97,22,103,135" hai2="95,123,18,94,71,38,26,54,128,46,67,12,114" hai3="32,83,33,96,8,131,78,34,132,100,29,102,52"/><U120/><E126/><V27/><F123/><W48/><G131/><T91/><D69/><U129/><E129/><V133/><F71/><W25/><G132/><T1/><D37/><U59/><E135/><V98/><F67/><W76/><G8/><T2/><D124/><U112/><E112/><V134/><F128/><W17/><G17/><T90/><D111/><U62/><E120/><V57/><F114/><W58/><G76/><T50/><D79/><U82/><E3/><V88/><F133/><W39/><G39/><T56/><D122/><U16/><E4/><V11/><F134/><W68/><G68/><T117/><D117/><U89/><E23/><V80/><F80/><W44/><G44/><T108/><D108/><U0/><E0/><V115/><F115/><W40/><G40/><T107/><D107/><U55/><E55/><V13/><F13/><W130/><G130/><T7/><D2/><U5/><E5/><V6/><F6/><W119/><G119/><T21/><D91/><U106/><E101/><V110/><F110/><W72/><REACH who="3" step="1"/><G102/><REACH who="3" ten="360,200,240,190" step="2"/><T66/><D9/><U74/><E42/><V99/><F46/><W104/><AGARI ba="2,1" hai="25,29,32,33,34,48,52,58,72,78,83,96,100,104" machi="104" ten="20,8000,1" yaku="1,1,2,1,0,1,7,1,54,1,53,0" doraHai="116" doraHaiUra="86" who="3" fromWho="3" sc="360,-22,200,-42,240,-22,190,96" /><INIT seed="2,0,0,1,2,25" ten="338,158,218,286" oya="2" hai0="44,76,127,113,89,18,40,91,9,135,67,70,10" hai1="47,56,93,0,112,23,94,80,54,1,95,3,2" hai2="121,131,96,106,59,60,72,35,104,16,107,114,69" hai3="61,109,22,100,101,105,41,36,20,53,38,116,29"/><V88/><F114/><W124/><G116/><T117/><D113/><U49/><N who="1" m="0" /><DORA hai="130" /><U108/><E112/><V126/><F121/><W62/><G53/><T43/><D76/><U46/><E108/><V34/><F69/><W5/><G41/><T15/><D43/><U97/><E97/><V30/><F72/><W21/><G21/><T83/><D127/><U32/><E32/><V57/><F131/><W129/><G129/><T115/><D10/><U4/><E4/><V33/><F126/><W74/><G5/><T87/><D115/><U123/><E123/><V12/><F30/><W19/><G19/><T63/><D117/><U50/><E23/><V28/><F28/><W66/><G29/><T128/><D128/><U73/><REACH who="1" step="1"/><E49/><REACH who="1" ten="338,148,218,286" step="2"/><V7/><F7/><W99/><G20/><T120/><D120/><U64/><E64/><V85/><F96/><W84/><G22/><T45/><D67/><U48/><E48/><V71/><F106/><W51/><G99/><T27/><D9/><U37/><E37/><V78/><F107/><W119/><G36/><T82/><D27/><U8/><E8/><V77/><F104/><W132/><G38/><T102/><D15/><U118/><E118/><V6/><F6/><W103/><G119/><T90/><D18/><U133/><E133/><V81/><F34/><W65/><G132/><T26/><D135/><U58/><E58/><N who="2" m="22027" /><F33/><W17/><G105/><T122/><D26/><U39/><E39/><V42/><F35/><W134/><G134/><T31/><D122/><U86/><E86/><V79/><F42/><W14/><G84/><RYUUKYOKU ba="0,1" sc="338,-10,148,30,218,-10,286,-10" hai1="46,47,50,54,56,73,80,93,94,95" /><INIT seed="3,1,1,1,2,109" ten="328,178,208,276" oya="3" hai0="47,69,83,20,14,86,133,22,19,40,123,103,34" hai1="114,107,74,102,72,15,1,24,62,117,63,30,130" hai2="127,95,42,27,0,93,104,21,26,90,84,45,5" hai3="33,81,55,11,8,29,9,2,97,10,120,53,113"/><W58/><G120/><T48/><D123/><U65/><E130/><V6/><F104/><W91/><G2/><T31/><D69/><N who="1" m="42167" /><E63/><V118/><F0/><W67/><G113/><T122/><D133/><U76/><E15/><V59/><F127/><W111/><G111/><T13/><D122/><U36/><E76/><V110/><F110/><W116/><G116/><T112/><D112/><U25/><E25/><N who="2" m="9227" /><F118/><W70/><G70/><T105/><D105/><U37/><E114/><V18/><F59/><W129/><G129/><T85/><D103/><U44/><E117/><V134/><F134/><W98/><G33/><T32/><D31/><U101/><E101/><V100/><F45/><W39/><G39/><N who="1" m="14922" /><E44/><V54/><F54/><N who="3" m="20491" /><G29/><T99/><D99/><N who="3" m="37897" /><G10/><T49/><D49/><U88/><E88/><N who="2" m="53383" /><F100/><W132/><G132/><T121/><D121/><U128/><E128/><V41/><F90/><W115/><G115/><T77/><D34/><N who="1" m="20807" /><E1/><V68/><F68/><W71/><G71/><T4/><D32/><U16/><E16/><V66/><F66/><W3/><G3/><T35/><D35/><U82/><E82/><V50/><F95/><W94/><G94/><T52/><D4/><N who="2" m="1642" /><F50/><W80/><G91/><T57/><D83/><N who="3" m="31817" /><G67/><T38/><D77/><U96/><AGARI ba="1,1" hai="72,74,96,102,107" m="20807,14922,42167" machi="96" ten="30,4000,0" yaku="25,1,33,2" doraHai="109" who="1" fromWho="1" sc="328,-11,178,53,208,-11,276,-21" owari="317,41.7,231,-16.9,197,-30.3,255,5.5" /></mjloggm>