<mjloggm ver="2.3"><GO type="225" lobby="0"/><UN n0="%4E%6F%2E%30%30%30%31" n1="%E6%A1%9C%E8%8A%B1%E9%96%83%E3%80%85" n2="%6D%75%75%6D%75%72%61" n3="%48%61%61%61%6C%61%6E%64" dan="18,18,17,17" rate="2235.35,2246.12,2227.86,2192.57" sx="M,M,F,M"/><TAIKYOKU oya="0"/><INIT seed="0,0,0,3,5,63" ten="250,250,250,250" oya="0" hai0="45,126,131,98,15,4,7,50,42,128,74,107,135" hai1="32,49,129,44,101,64,132,58,97,133,67,33,11" hai2="100,69,79,68,117,73,105,27,113,82,99,2,47" hai3="86,26,75,55,115,23,94,18,71,39,122,34,93"/><T31/><D31/><U17/><BYE who="0" /><E129/><V66/><F113/><W104/><G115/><UN n0="%4E%6F%2E%30%30%30%31" /><T41/><D74/><U91/><E91/><V59/><F2/><W92/><G75/><T13/><D126/><U29/><E58/><V43/><F117/><W65/><G104/><T57/><D135/><N who="1" m="51787" /><E11/><V108/><F108/><W87/><G122/><T53/><D128/><U109/><E17/><V24/><F59/><W114/><G114/><T62/><D131/><U81/><E81/><V16/><F66/><N who="1" m="25129" /><E29/><V35/><F35/><W72/><G34/><T56/><D4/><U119/><E109/><V70/><REACH who="2" step="1"/><F16/><REACH who="2" ten="250,250,240,250" step="2"/><W103/><G18/><T0/><D56/><U77/><E119/><V9/><F9/><W76/><G65/><T120/><D57/><U54/><E77/><V30/><F30/><W37/><G76/><T95/><D7/><U116/><E116/><V134/><F134/><W88/><G23/><T1/><D1/><U84/><E84/><V52/><F52/><W78/><G86/><T110/><D0/><U25/><E25/><V61/><F61/><W123/><G26/><T124/><D62/><U3/><E3/><V112/><F112/><W28/><G28/><T125/><D110/><U36/><E36/><AGARI ba="0,1" hai="24,27,36,43,47,68,69,70,73,79,82,99,100,105" machi="36" ten="40,1300,0" yaku="1,1,53,0" doraHai="63" doraHaiUra="85" who="2" fromWho="1" sc="250,0,250,-13,240,23,250,0" /><INIT seed="1,0,0,5,2,132" ten="250,237,263,250" oya="1" hai0="93,37,17,18,119,39,0,94,87,67,118,26,42" hai1="70,82,36,66,65,89,114,133,95,83,88,58,15" hai2="55,5,59,32,79,46,68,10,33,108,111,62,107" hai3="13,76,121,97,124,57,30,60,98,31,120,7,8"/><U129/><E114/><V135/><F107/><W101/><G76/><T71/><D67/><N who="1" m="25611" /><E36/><V92/><F68/><W125/><G121/><T115/><D0/><U116/><E70/><V53/><F135/><W1/><G120/><T3/><D3/><U56/><E116/><V130/><F130/><W54/><G1/><T109/><D71/><U127/><E133/><V48/><F79/><W81/><G81/><N who="1" m="30730" /><E129/><V38/><F38/><W103/><G98/><T80/><D115/><U27/><E27/><V122/><F122/><W41/><G41/><T11/><D26/><U49/><E127/><N who="3" m="48714" /><G103/><T73/><D42/><U29/><E29/><V43/><F43/><W106/><AGARI ba="0,0" hai="7,8,13,30,31,54,57,60,97,101,106" m="48714" machi="106" ten="30,7900,0" yaku="18,1,52,3" doraHai="132" who="3" fromWho="3" sc="250,-20,237,-39,263,-20,250,79" /><INIT seed="2,0,0,3,1,116" ten="230,198,243,329" oya="2" hai0="2,49,114,44,80,30,87,47,29,34,121,67,122" hai1="98,135,58,85,66,96,46,75,89,105,88,50,113" hai2="31,76,101,71,27,132,40,23,21,83,1,55,3" hai3="95,104,77,36,33,68,99,125,73,56,25,43,26"/><V117/><F117/><W13/><G68/><T94/><D114/><U84/><E113/><V112/><F112/><W131/><G104/><T54/><D2/><U123/><E75/><V48/><F132/><W128/><G125/><T14/><D67/><U0/><E0/><V106/><F71/><W115/><G115/><T17/><D94/><U63/><E135/><V107/><F40/><W9/><G56/><T41/><D34/><U129/><E129/><N who="3" m="49738" /><G33/><T10/><D30/><U82/><E105/><V51/><F51/><W8/><G77/><T53/><D29/><U39/><E39/><V74/><F107/><W127/><G73/><T118/><D118/><U134/><E134/><V133/><F133/><W28/><G127/><T42/><D42/><U110/><E123/><V57/><REACH who="2" step="1"/><F23/><REACH who="2" ten="230,198,233,329" step="2"/><W5/><G43/><T93/><D41/><N who="1" m="24911" /><E110/><V20/><F20/><W18/><G36/><T91/><D47/><U65/><E65/><V126/><F126/><W103/><G28/><T109/><D109/><U100/><E100/><V108/><F108/><W45/><G45/><T6/><D54/><U62/><E62/><V12/><F12/><AGARI ba="0,1" hai="5,8,9,12,13,18,25,26,95,99,103" m="49738" machi="12" ten="30,1000,0" yaku="19,1" doraHai="116" who="3" fromWho="2" sc="230,0,198,0,233,-10,329,20" /><INIT seed="3,0,0,1,0,76" ten="230,198,223,349" oya="3" hai0="11,50,131,7,104,106,66,116,61,25,4,53,29" hai1="13,108,120,65,58,102,134,34,23,135,38,68,51" hai2="43,67,96,2,55,24,86,112,121,26,77,56,39" hai3="98,22,20,113,85,33,72,54,0,101,5,45,40"/><W63/><G72/><T36/><D36/><U35/><E120/><V89/><F112/><W90/><G33/><T21/><D116/><U49/><E38/><V124/><F2/><W48/><G113/><T6/><D131/><U79/><E102/><V71/><F71/><W130/><G130/><T47/><REACH who="0" step="1"/><D11/><REACH who="0" ten="220,198,223,349" step="2"/><U60/><E108/><V92/><F39/><N who="3" m="21663" /><G20/><T111/><D111/><U37/><E37/><V95/><F121/><W88/><G22/><T94/><D94/><U27/><E13/><V80/><F92/><W107/><G0/><T12/><D12/><U17/><E79/><V28/><F124/><W119/><G119/><T46/><D46/><U44/><E68/><AGARI ba="0,1" hai="4,6,7,21,25,29,47,50,53,61,66,68,104,106" machi="68" ten="40,1300,0" yaku="1,1,53,0" doraHai="76" doraHaiUra="75" who="0" fromWho="1" sc="220,23,198,-13,223,0,349,0" owari="243,4.3,185,-31.5,223,-17.7,349,44.9" /></mjloggm>