<mjloggm ver="2.3"><GO type="225" lobby="0"/><UN n0="%E3%81%BF%E3%81%BF%E3%81%9A" n1="%E9%B3%B3%E6%9D%B1%E3%81%AE%E3%81%86%E3%81%95%E3%81%8E%E3%81%95%E3%82%93" n2="%6D%75%75%6D%75%72%61" n3="%E3%81%9F%E3%81%93%E2%98%86%E7%84%BC%E3%81%8D" dan="17,16,16,16" rate="2197.06,2132.78,2133.66,2106.82" sx="M,M,F,M"/><TAIKYOKU oya="0"/><INIT seed="0,0,0,0,5,13" ten="250,250,250,250" oya="0" hai0="57,40,114,91,62,12,100,74,44,133,89,61,65" hai1="5,122,107,78,64,67,96,75,93,3,77,66,125" hai2="58,33,28,25,135,6,32,54,15,110,73,18,48" hai3="94,14,4,124,60,119,24,115,104,97,72,76,41"/><T26/><D114/><U43/><E122/><V109/><F73/><W80/><G119/><T45/><D74/><U59/><E125/><V95/><F135/><W83/><G124/><T84/><D133/><U103/><E43/><V106/><F106/><W39/><G104/><T108/><D100/><U0/><E5/><V46/><F6/><W53/><G83/><T7/><D108/><N who="2" m="41578" /><F95/><W132/><G115/><T79/><D26/><U90/><E59/><V27/><F58/><W30/><G60/><T63/><D79/><U31/><E31/><V69/><F69/><W47/><G53/><T20/><D91/><U9/><E9/><N who="2" m="6511" /><F27/><W86/><G4/><T121/><D121/><U127/><E127/><V1/><F1/><W22/><G14/><T55/><D40/><U98/><REACH who="1" step="1"/><E77/><REACH who="1" ten="250,240,250,250" step="2"/><V88/><F88/><W42/><G42/><T126/><D126/><U128/><E128/><V81/><F81/><AGARI ba="0,1" hai="0,3,64,66,67,75,78,81,90,93,96,98,103,107" machi="81" ten="40,2600,0" yaku="1,1,53,1" doraHai="13" doraHaiUra="85" who="1" fromWho="2" sc="250,0,240,36,250,-26,250,0" /><INIT seed="1,0,0,4,2,118" ten="250,276,224,250" oya="1" hai0="84,28,96,92,17,52,91,66,19,135,133,83,38" hai1="58,117,129,102,95,126,0,124,33,2,54,71,86" hai2="113,103,25,97,30,78,111,72,12,101,34,11,46" hai3="112,45,42,121,49,85,120,134,27,87,55,106,89"/><U62/><E117/><V44/><F111/><W131/><G106/><T114/><D114/><U41/><E33/><V104/><F113/><W107/><G107/><T26/><D66/><U132/><E129/><V93/><F103/><W59/><G131/><T23/><D38/><U122/><E132/><N who="0" m="50761" /><D52/><U31/><E31/><V128/><F93/><W110/><G110/><T22/><D22/><U20/><E41/><V125/><F128/><W127/><G127/><N who="1" m="48682" /><E122/><V74/><F125/><W123/><G112/><T115/><D115/><U105/><E20/><V60/><F60/><W40/><G27/><T67/><D67/><N who="1" m="41463" /><E105/><V88/><F104/><W75/><G75/><T73/><D73/><U37/><E37/><V5/><F74/><W18/><G18/><T100/><AGARI ba="0,0" hai="17,19,23,26,28,83,84,91,92,96,100" m="50761" machi="100" ten="30,1100,0" yaku="20,1" doraHai="118" who="0" fromWho="0" sc="250,11,276,-5,224,-3,250,-3" /><INIT seed="2,0,0,0,4,105" ten="261,271,221,247" oya="2" hai0="100,133,63,120,129,74,117,134,72,44,126,121,75" hai1="87,110,29,48,38,56,125,98,86,49,124,128,12" hai2="104,15,7,43,101,37,67,6,26,11,31,81,53" hai3="62,22,41,78,57,16,2,103,130,69,5,25,108"/><V64/><F6/><W40/><G108/><T42/><D129/><U30/><E128/><V93/><F104/><W60/><G103/><T83/><D126/><N who="1" m="48747" /><E110/><V27/><F53/><W88/><G69/><T9/><D100/><U20/><E38/><V91/><F101/><W3/><G62/><T113/><D113/><U10/><E98/><V127/><F127/><W94/><G78/><T111/><D111/><U61/><E48/><V39/><F81/><W122/><G122/><T96/><D96/><U21/><E49/><V19/><F39/><W107/><G107/><T131/><D131/><U118/><E21/><V85/><F7/><W112/><G112/><T73/><D117/><U59/><E59/><V79/><F79/><W46/><G46/><T34/><D34/><U109/><E118/><V76/><F76/><W135/><G135/><N who="0" m="51723" /><D9/><U119/><E119/><V82/><F93/><W80/><G80/><T65/><N who="0" m="18432" /><DORA hai="14" /><T90/><D90/><U92/><E10/><V132/><F132/><W36/><G130/><T17/><D17/><U50/><E92/><V54/><F31/><W13/><G94/><T99/><D99/><U28/><E109/><V114/><F114/><W52/><G88/><T33/><D33/><U115/><E115/><V58/><F91/><W51/><G16/><T47/><D83/><U45/><E29/><V102/><F82/><W70/><G22/><T32/><D32/><U18/><E28/><V4/><F102/><W106/><G106/><T1/><D1/><U8/><E30/><V95/><F19/><W66/><G2/><T71/><D44/><RYUUKYOKU ba="0,0" sc="261,30,271,-10,221,-10,247,-10" hai0="42,47,63,65,71,120,121" /><INIT seed="3,1,0,2,4,116" ten="291,261,211,237" oya="3" hai0="55,99,122,43,75,102,81,104,22,105,30,118,121" hai1="20,61,3,68,93,17,112,128,72,77,89,70,82" hai2="80,124,7,12,92,84,27,4,0,41,38,111,90" hai3="28,18,44,56,130,13,23,86,37,60,96,1,52"/><W47/><G1/><T79/><D118/><U2/><E112/><V26/><F0/><W34/><G37/><T65/><D43/><U117/><E117/><V63/><F111/><W21/><G34/><T14/><D65/><U100/><E128/><V94/><F124/><W58/><G130/><T39/><D39/><U54/><E100/><V8/><F4/><W114/><G96/><T42/><D42/><U40/><E40/><V115/><F115/><W120/><G120/><T113/><D113/><U33/><E33/><V48/><F38/><W19/><G28/><T49/><D105/><U133/><E133/><V57/><F92/><W9/><G9/><T85/><D75/><U31/><E31/><V107/><F94/><W103/><G103/><T95/><D104/><U24/><E68/><V46/><REACH who="2" step="1"/><F107/><REACH who="2" ten="291,261,201,237" step="2"/><W32/><G114/><T123/><D121/><U50/><E2/><V64/><AGARI ba="1,1" hai="7,8,12,26,27,41,46,48,57,63,64,80,84,90" machi="64" ten="20,8000,1" yaku="1,1,2,1,0,1,7,1,8,1,53,0" doraHai="116" doraHaiUra="134" who="2" fromWho="2" sc="291,-21,261,-21,201,93,237,-41" /><INIT seed="4,0,0,3,2,57" ten="270,240,294,196" oya="0" hai0="76,44,113,29,125,39,16,48,118,25,99,42,32" hai1="131,105,120,26,66,10,111,24,135,87,101,8,134" hai2="56,40,107,121,70,37,92,7,109,41,22,59,0" hai3="94,55,34,74,2,79,52,1,68,71,11,31,81"/><T130/><D118/><U43/><E120/><V115/><F107/><W117/><G117/><T90/><D130/><U60/><E111/><V75/><F121/><W47/><G94/><T82/><D125/><U50/><E131/><V20/><F75/><W38/><G68/><T80/><D113/><U126/><E126/><V15/><F109/><W3/><G71/><T96/><D39/><U64/><E87/><V78/><F0/><W19/><G31/><T97/><D90/><U9/><E43/><V65/><F59/><W114/><G34/><T28/><D28/><U102/><E50/><V85/><F37/><W132/><G132/><N who="1" m="50730" /><E105/><V54/><F65/><N who="1" m="25193" /><E60/><N who="2" m="35863" /><F70/><W12/><REACH who="3" step="1"/><G114/><REACH who="3" ten="270,240,294,186" step="2"/><T36/><D32/><U14/><E14/><V83/><F115/><W21/><G21/><N who="2" m="8297" /><F92/><W18/><G18/><T89/><D29/><U17/><E17/><V133/><F133/><W95/><G95/><T98/><D16/><U108/><E108/><V103/><F103/><AGARI ba="0,1" hai="8,9,10,24,26,101,102,103" m="25193,50730" machi="103" ten="40,5200,0" yaku="28,2,20,1" doraHai="57" who="1" fromWho="2" sc="270,0,240,62,294,-52,186,0" owari="270,7.0,302,40.2,242,-15.8,186,-31.4" /></mjloggm>