<mjloggm ver="2.3"><GO type="225" lobby="0"/><UN n0="%E9%80%86%E9%80%A3%E5%B8%AF%E3%81%AE%E9%AC%BC" n1="%E9%B3%B3%E6%9D%B1%E3%81%AE%E3%81%BF%E3%81%91%E3%81%AB%E3%82%83%E3%82%93" n2="%E3%81%AA%E3%82%81%E3%81%93%E9%9B%80%E5%A3%AB" n3="%E3%81%B5%E3%81%98%E3%81%8B%E3%81%A4" dan="17,17,16,16" rate="2184.90,2145.52,2067.22,2169.66" sx="M,F,M,M"/><TAIKYOKU oya="0"/><INIT seed="0,0,0,5,4,29" ten="250,250,250,250" oya="0" hai0="48,94,5,38,46,74,93,98,132,62,61,39,81" hai1="79,36,9,129,102,41,11,67,2,85,30,25,15" hai2="97,77,114,111,60,50,119,57,20,63,47,125,83" hai3="91,64,37,134,78,23,56,112,4,33,121,0,8"/><T70/><D132/><U80/><E129/><V76/><F114/><W53/><G112/><T115/><D115/><U104/><E67/><V89/><F111/><W106/><G134/><T124/><D124/><U52/><E2/><V34/><F34/><W116/><G116/><T26/><D5/><U58/><E41/><V45/><F125/><W96/><G106/><T71/><D26/><U110/><E36/><V123/><F123/><W87/><G37/><T82/><D48/><U90/><E110/><V10/><F63/><W135/><G135/><T92/><D98/><U109/><E109/><V3/><F47/><W113/><G33/><T19/><D19/><U108/><E108/><V126/><F20/><W84/><G64/><T54/><D54/><U49/><E79/><V103/><F89/><W55/><G78/><T32/><D94/><U18/><E104/><V35/><F35/><W68/><G68/><T16/><D16/><U1/><E102/><V44/><F44/><W101/><G23/><T51/><D51/><U107/><E107/><N who="2" m="63983" /><F83/><N who="3" m="49567" /><G121/><T133/><D32/><U24/><REACH who="1" step="1"/><E30/><REACH who="1" ten="250,240,250,250" step="2"/><V120/><F120/><W66/><G113/><T86/><D133/><U12/><E12/><V13/><F3/><W17/><G0/><T117/><D38/><U59/><E59/><V7/><F126/><W28/><G28/><T43/><D39/><U40/><E40/><N who="2" m="24871" /><F119/><W128/><G56/><T130/><D117/><U118/><E118/><V131/><F131/><W105/><G128/><T72/><D130/><U42/><E42/><V122/><F122/><W99/><G105/><T21/><D43/><RYUUKYOKU ba="0,1" sc="250,-15,240,15,250,15,250,-15" hai1="1,9,11,15,18,24,25,49,52,58,80,85,90" hai2="7,10,13,57,60,76,77" /><INIT seed="1,1,1,0,1,43" ten="235,255,265,235" oya="1" hai0="79,41,32,31,127,80,0,70,34,107,135,14,87" hai1="98,88,3,7,40,117,16,99,133,21,77,13,12" hai2="19,109,58,9,122,61,134,92,105,37,86,20,84" hai3="53,55,18,69,29,39,101,108,67,25,93,23,30"/><U104/><E117/><V17/><F105/><W100/><G39/><T78/><D0/><U126/><E3/><V121/><F37/><W111/><G69/><T60/><D135/><U116/><E116/><V2/><F109/><N who="3" m="42059" /><G67/><T118/><D118/><U46/><E133/><V51/><F134/><W76/><G76/><T74/><D127/><U48/><E126/><V95/><F51/><W130/><G130/><T114/><D114/><U73/><E104/><V103/><F2/><W91/><G29/><T124/><D124/><U106/><E106/><V49/><F49/><W89/><G30/><T82/><D107/><U81/><REACH who="1" step="1"/><E88/><REACH who="1" ten="235,245,265,235" step="2"/><N who="3" m="33866" /><G101/><T68/><D34/><U132/><E132/><V42/><F103/><W83/><G83/><T125/><D32/><U129/><E129/><V62/><F95/><W85/><G100/><T15/><D125/><U96/><E96/><V24/><F92/><W102/><G85/><T27/><D87/><U75/><E75/><V33/><F86/><W26/><G93/><T64/><D82/><U36/><E36/><V28/><F84/><W94/><G94/><T50/><D80/><U47/><E47/><V57/><F33/><W35/><G102/><T120/><D74/><U45/><E45/><V56/><F122/><W128/><G128/><T71/><D120/><U6/><E6/><V115/><F121/><W52/><G35/><T63/><D79/><U44/><E44/><V8/><F115/><W5/><G5/><T11/><D78/><U112/><E112/><V113/><F113/><W59/><G59/><T22/><D71/><U38/><E38/><RYUUKYOKU ba="1,2" sc="235,-15,245,15,265,-15,235,15" hai1="7,12,13,16,21,40,46,48,73,77,81,98,99" hai3="18,23,25,26,52,53,55" /><INIT seed="1,2,2,3,2,65" ten="220,260,250,250" oya="1" hai0="63,56,66,19,54,28,67,85,49,3,23,70,37" hai1="59,29,7,112,103,128,55,52,108,126,48,98,110" hai2="6,73,90,30,95,115,113,50,107,135,94,75,120" hai3="31,14,0,24,61,121,130,69,33,12,4,119,114"/><U22/><E112/><N who="2" m="43083" /><F120/><W68/><G114/><T82/><D3/><U118/><E118/><V111/><F6/><W41/><G121/><T84/><D37/><U71/><E128/><V83/><F30/><W62/><G119/><T106/><D106/><U53/><E126/><V10/><F10/><W74/><G41/><T81/><D28/><U47/><E7/><V77/><F107/><W89/><G74/><N who="2" m="28169" /><F111/><N who="1" m="42537" /><E71/><V43/><F90/><W1/><G130/><T105/><D105/><N who="1" m="63735" /><E59/><V46/><F135/><W124/><G124/><T11/><D11/><U125/><E125/><V78/><F78/><W36/><G31/><T51/><D67/><U122/><E122/><V117/><F117/><W40/><G68/><T27/><REACH who="0" step="1"/><D51/><REACH who="0" ten="210,260,250,250" step="2"/><U57/><E57/><V131/><F131/><W35/><G36/><T86/><AGARI ba="2,3" hai="19,23,27,49,54,56,63,66,70,81,82,84,85,86" machi="86" ten="30,7900,0" yaku="1,1,2,1,0,1,52,1,53,0" doraHai="65" doraHaiUra="2" who="0" fromWho="0" sc="210,115,260,-41,250,-22,250,-22" /><INIT seed="2,0,0,3,2,93" ten="325,219,228,228" oya="2" hai0="53,107,34,44,32,65,109,57,38,95,128,99,123" hai1="42,55,126,115,45,135,14,7,66,120,69,33,74" hai2="47,113,130,68,72,26,98,105,85,2,80,91,28" hai3="82,11,129,83,110,122,106,90,54,31,73,21,59"/><V29/><F113/><W56/><G122/><T70/><D123/><U41/><E115/><V101/><F2/><W84/><G106/><T46/><D128/><U108/><E33/><V118/><F118/><W76/><G129/><T36/><D109/><U62/><E74/><V116/><F116/><W60/><G110/><T35/><D107/><U96/><E108/><V12/><F130/><W86/><G73/><T104/><D104/><U77/><E77/><V16/><F68/><W3/><G3/><T97/><D70/><U92/><E120/><V132/><F132/><W27/><G56/><T58/><D65/><U13/><E135/><V88/><F91/><W1/><G1/><T103/><D58/><U79/><E79/><N who="2" m="44135" /><F26/><W43/><G43/><T127/><D127/><U78/><E78/><V64/><F47/><W87/><G87/><T94/><D38/><U15/><E7/><V112/><F64/><W125/><REACH who="3" step="1"/><G11/><REACH who="3" ten="325,219,228,218" step="2"/><T119/><D119/><U22/><E126/><AGARI ba="0,1" hai="21,27,31,54,59,60,76,82,83,84,86,90,125,126" machi="126" ten="40,2600,0" yaku="1,1,2,1,53,0" doraHai="93" doraHaiUra="4" who="3" fromWho="1" sc="325,0,219,-26,228,0,218,36" /><INIT seed="3,0,0,2,5,98" ten="325,193,228,254" oya="3" hai0="82,100,43,128,89,47,67,58,99,1,114,69,61" hai1="54,57,86,66,26,109,52,12,40,129,135,8,5" hai2="23,75,4,24,120,30,44,106,113,63,64,31,17" hai3="119,104,78,0,49,42,33,18,91,46,123,121,110"/><W74/><G33/><T81/><D1/><U125/><E109/><V83/><F113/><W85/><G0/><T6/><D114/><U41/><E135/><V132/><F106/><W102/><G119/><T25/><D128/><U28/><E129/><V118/><F118/><W32/><G32/><T131/><D131/><U60/><E125/><V80/><F132/><W122/><G18/><T87/><D6/><U76/><E41/><V90/><F120/><W39/><G39/><T70/><D25/><U10/><E40/><V15/><F75/><W116/><G116/><T51/><D82/><N who="2" m="31274" /><F44/><W62/><G62/><T71/><D71/><U107/><E107/><AGARI ba="0,0" hai="43,47,51,58,61,67,69,70,81,87,89,99,100,107" machi="107" ten="30,2000,0" yaku="7,1,52,1" doraHai="98" who="0" fromWho="1" sc="325,20,193,-20,228,0,254,0" owari="345,44.5,173,-32.7,228,-17.2,254,5.4" /></mjloggm>