<mjloggm ver="2.3"><GO type="225" lobby="0"/><UN n0="%E9%80%86%E9%80%A3%E5%B8%AF%E3%81%AE%E9%AC%BC" n1="%E5%80%89%E6%A9%8B%EF%BC%A0%E4%BA%8B%E5%8B%99" n2="%E3%81%A1%E3%82%85%E3%81%86%E3%81%A9%E3%81%8F%E8%B1%A1%E3%81%95%E3%82%93" n3="%E6%A1%9C%E8%8A%B1%E9%96%83%E3%80%85" dan="16,16,17,16" rate="2154.30,2133.26,2195.78,2164.86" sx="M,M,M,M"/><TAIKYOKU oya="0"/><INIT seed="0,0,0,5,4,98" ten="250,250,250,250" oya="0" hai0="119,81,87,60,8,117,114,62,134,75,17,77,133" hai1="57,49,61,12,108,42,110,16,121,102,126,89,107" hai2="116,15,64,111,18,20,46,104,37,85,124,101,74" hai3="21,54,30,13,103,7,82,43,67,122,52,113,135"/><T36/><D36/><U73/><E73/><V44/><F74/><W93/><G113/><T105/><D114/><U4/><E121/><V47/><F111/><N who="1" m="42537" /><E4/><V51/><F116/><W41/><G122/><T27/><D105/><U29/><E29/><V96/><F124/><W38/><G135/><N who="0" m="51723" /><D75/><U14/><E14/><V109/><F109/><W130/><G130/><T106/><D106/><U99/><E126/><V88/><F64/><W76/><G67/><T68/><D27/><U112/><E112/><V19/><F19/><N who="3" m="10479" /><G38/><T48/><D48/><U95/><E42/><N who="3" m="15882" /><G7/><T23/><D68/><U35/><E49/><V132/><F132/><W123/><G30/><T86/><D119/><U59/><E61/><V6/><F37/><W31/><G31/><T5/><D117/><U25/><E35/><V69/><F69/><W3/><G3/><T56/><D62/><U40/><E25/><V83/><REACH who="2" step="1"/><F6/><REACH who="2" ten="250,250,240,250" step="2"/><W79/><G123/><T63/><D5/><U80/><E40/><AGARI ba="0,1" hai="15,18,20,40,44,46,47,51,83,85,88,96,101,104" machi="40" ten="30,8000,1" yaku="1,1,2,1,7,1,52,1,54,1,53,0" doraHai="98" doraHaiUra="91" who="2" fromWho="1" sc="250,0,250,-80,240,90,250,0" /><INIT seed="1,0,0,3,2,129" ten="250,170,330,250" oya="1" hai0="25,10,76,62,9,126,47,98,15,36,23,59,74" hai1="132,38,101,133,66,91,97,109,112,84,29,108,79" hai2="52,118,34,46,43,110,7,102,73,93,128,120,44" hai3="82,35,116,90,70,81,30,125,63,80,56,3,37"/><U87/><E38/><V4/><F73/><W0/><G70/><T17/><D126/><U28/><E66/><V69/><F34/><W96/><G37/><T88/><D74/><U27/><E112/><V75/><F75/><W61/><G125/><T83/><D76/><U33/><E29/><V123/><F69/><W135/><G116/><T22/><D47/><U50/><E79/><V49/><F118/><W53/><G61/><T20/><D9/><U55/><E97/><V104/><F104/><W11/><G96/><T92/><D83/><N who="1" m="49567" /><E87/><V107/><F107/><W19/><G90/><T119/><D36/><U21/><E101/><V16/><F102/><W85/><G85/><T89/><D89/><U95/><E95/><V131/><F93/><W2/><G30/><T78/><D78/><U31/><E31/><V134/><F120/><W14/><REACH who="3" step="1"/><G35/><REACH who="3" ten="250,170,330,240" step="2"/><T124/><D124/><U26/><E33/><V68/><F68/><W18/><G18/><T127/><D127/><U51/><E27/><V32/><F123/><W13/><G13/><T105/><D119/><U6/><E6/><V115/><F4/><W8/><G8/><T42/><D105/><U100/><E100/><V5/><F7/><W121/><G121/><T58/><D25/><U48/><E55/><V86/><F5/><W40/><G40/><T1/><D42/><U99/><E99/><V39/><F43/><W106/><G106/><T72/><D98/><U24/><E24/><V12/><F39/><W103/><G103/><T45/><D88/><U77/><E77/><V57/><F32/><W71/><G71/><RYUUKYOKU ba="0,1" sc="250,-15,170,15,330,-15,240,15" hai1="21,26,28,48,50,51,108,109,132,133" hai3="0,2,3,11,14,19,53,56,63,80,81,82,135" /><INIT seed="1,1,1,2,0,108" ten="235,185,315,255" oya="1" hai0="33,21,1,40,100,111,74,119,7,47,64,55,71" hai1="126,120,42,98,88,81,125,78,76,116,39,69,20" hai2="25,53,57,89,92,118,18,51,11,113,36,66,62" hai3="56,14,129,41,99,8,135,35,112,122,54,59,82"/><U128/><E69/><V46/><F118/><W114/><G122/><T22/><D119/><U79/><E116/><V31/><F36/><W130/><G35/><T63/><D111/><U26/><E120/><V86/><F113/><W103/><G41/><T85/><D74/><U37/><E128/><N who="3" m="49258" /><G82/><T94/><D33/><U91/><E42/><V3/><F3/><W107/><G135/><T127/><D127/><N who="1" m="48651" /><E81/><V102/><F102/><W5/><G59/><T96/><D55/><U75/><E75/><V87/><F11/><W105/><G107/><T131/><D131/><U19/><E98/><N who="2" m="57615" /><F31/><W10/><G8/><T13/><D1/><U38/><AGARI ba="1,1" hai="19,20,26,37,38,39,76,78,79,88,91" m="48651" machi="38" ten="40,3900,0" yaku="18,1,54,1" doraHai="108" who="1" fromWho="1" sc="235,-14,185,52,315,-14,255,-14" /><INIT seed="1,2,0,5,4,122" ten="221,237,301,241" oya="1" hai0="6,2,106,11,125,97,17,87,86,32,109,15,14" hai1="55,116,7,79,100,132,30,49,90,36,12,4,124" hai2="18,131,28,84,58,24,113,22,20,89,8,83,75" hai3="1,67,62,82,39,34,118,46,104,128,134,70,101"/><U120/><E36/><V0/><F131/><W65/><G82/><T95/><D125/><U102/><E120/><V26/><F113/><W98/><G128/><T73/><D73/><U129/><E116/><V16/><F75/><W38/><G134/><T44/><D32/><U5/><E129/><V94/><F58/><W111/><G118/><T133/><D133/><U110/><E132/><V130/><F130/><W123/><G123/><T25/><D106/><U43/><E43/><V91/><F0/><W103/><G103/><T37/><D25/><U127/><E79/><N who="2" m="46207" /><F94/><W99/><G99/><T23/><D2/><U53/><E30/><N who="2" m="17671" /><F8/><W119/><G119/><T72/><D72/><U54/><E49/><V117/><F117/><W60/><G34/><T135/><D135/><U80/><E12/><V121/><F121/><W45/><G1/><T108/><D37/><N who="3" m="13833" /><G45/><T48/><D87/><U57/><E57/><V56/><F56/><W47/><G47/><T115/><D86/><U81/><E90/><AGARI ba="2,0" hai="16,18,22,26,28,89,90,91" m="17671,46207" machi="90" ten="30,2000,0" yaku="8,1,54,1" doraHai="122" who="2" fromWho="1" sc="221,0,237,-26,301,26,241,0" /><INIT seed="2,0,0,0,3,33" ten="221,211,327,241" oya="2" hai0="44,8,34,79,104,25,53,13,111,84,87,65,48" hai1="99,98,112,32,75,45,59,9,12,57,37,6,85" hai2="54,89,24,122,119,116,16,69,60,38,20,26,64" hai3="63,107,2,86,123,125,96,5,81,7,105,10,76"/><V66/><F122/><W14/><G123/><T36/><D111/><U121/><E75/><V94/><F38/><W30/><G125/><T19/><D104/><U114/><E121/><V46/><F66/><W49/><G30/><T42/><D65/><U129/><E32/><V110/><F110/><W127/><G127/><T82/><D34/><U67/><E129/><V132/><F132/><W78/><G63/><T109/><D109/><U117/><E117/><V74/><F74/><W50/><G76/><T35/><D35/><U135/><E135/><V70/><F69/><W3/><G105/><T133/><D133/><U1/><E12/><V61/><F24/><W90/><G90/><T27/><REACH who="0" step="1"/><D87/><REACH who="0" ten="211,211,327,241" step="2"/><U52/><E85/><V31/><F116/><W124/><G124/><T120/><D120/><U92/><E114/><V102/><F119/><W56/><G107/><T23/><D23/><U103/><E112/><V126/><F64/><W131/><G131/><T11/><D11/><U18/><E67/><V21/><F20/><W29/><G10/><T113/><D113/><U55/><E55/><V118/><F118/><W68/><G86/><T88/><D88/><U43/><E52/><V93/><F89/><W41/><G68/><T17/><D17/><U62/><E18/><V15/><F70/><W108/><G108/><T51/><D51/><U80/><E62/><N who="2" m="24171" /><F126/><W39/><G50/><T128/><D128/><U47/><E9/><N who="2" m="6255" /><F102/><W100/><G100/><T58/><AGARI ba="0,1" hai="8,13,19,25,27,36,42,44,48,53,58,79,82,84" machi="58" ten="20,2700,0" yaku="1,1,0,1,7,1,53,0" doraHai="33" doraHaiUra="130" who="0" fromWho="0" sc="211,37,211,-7,327,-13,241,-7" /><INIT seed="3,0,0,4,0,10" ten="248,204,314,234" oya="3" hai0="84,41,109,63,122,95,83,86,102,93,12,17,85" hai1="37,97,126,29,25,6,7,3,54,78,124,1,16" hai2="110,9,121,98,8,128,40,125,52,36,129,135,13" hai3="14,15,5,44,66,33,100,90,69,74,117,49,20"/><W22/><G117/><T91/><D109/><U106/><E37/><V88/><F110/><W34/><G74/><T61/><D122/><U77/><E54/><V134/><F121/><W70/><G100/><T42/><D102/><U79/><E106/><V48/><F125/><N who="1" m="48233" /><E97/><V57/><F40/><W38/><G38/><T47/><D95/><U28/><E25/><V111/><F36/><W51/><G5/><N who="1" m="1546" /><E16/><N who="2" m="8231" /><F9/><W45/><G90/><T80/><D42/><U67/><E67/><AGARI ba="0,0" hai="14,15,20,22,33,34,44,45,49,51,66,67,69,70" machi="67" ten="25,9600,0" yaku="22,2,52,2" doraHai="10" who="3" fromWho="1" sc="248,0,204,-96,314,0,234,96" owari="248,-15.2,108,-39.2,314,11.4,330,43.0" /></mjloggm>