<mjloggm ver="2.3"><GO type="225" lobby="0"/><UN n0="%33%74%72%65%65" n1="%77%72%77%72%77%72%77%72" n2="%E3%83%B4%E3%83%A0%EF%BC%99%E3%81%A6" n3="%E3%81%A1%E3%82%85%E3%81%86%E3%81%A9%E3%81%8F%E8%B1%A1%E3%81%95%E3%82%93" dan="17,16,16,16" rate="2243.28,2150.73,2152.56,2160.56" sx="F,M,M,M"/><TAIKYOKU oya="0"/><INIT seed="0,0,0,2,0,46" ten="250,250,250,250" oya="0" hai0="61,122,17,18,29,126,96,45,103,55,95,0,12" hai1="62,40,105,60,51,94,33,99,53,128,88,16,83" hai2="90,132,107,58,52,133,22,38,48,5,69,2,15" hai3="102,79,135,44,42,13,85,26,56,115,19,11,98"/><T47/><D122/><U68/><E128/><V109/><F109/><W91/><G115/><T7/><D126/><U59/><E33/><V63/><F107/><W124/><G124/><T71/><D29/><U78/><E105/><V74/><F74/><W8/><G135/><N who="2" m="51785" /><F38/><W6/><G79/><T21/><D0/><U80/><E68/><V87/><F2/><W10/><G56/><N who="0" m="34975" /><D71/><U123/><E123/><V120/><F120/><W57/><G57/><T130/><D130/><U64/><E64/><V39/><F39/><W131/><G131/><T14/><D7/><U114/><E114/><V101/><F101/><W104/><G26/><T72/><D72/><U81/><E78/><V3/><F3/><W127/><G127/><T28/><D28/><U50/><REACH who="1" step="1"/><E16/><REACH who="1" ten="250,240,250,250" step="2"/><N who="2" m="10527" /><F5/><W92/><REACH who="3" step="1"/><G6/><REACH who="3" ten="250,240,250,240" step="2"/><T66/><D66/><U73/><E73/><V32/><F32/><W41/><G41/><T35/><D35/><U31/><E31/><V27/><F27/><W82/><G82/><T75/><D75/><U9/><E9/><AGARI ba="0,2" hai="9,12,14,17,18,21,45,47,95,96,103" m="34975" machi="9" ten="30,1500,0" yaku="8,1" doraHai="46" who="0" fromWho="1" sc="250,35,240,-15,250,0,240,0" /><INIT seed="0,1,0,4,1,66" ten="285,225,250,240" oya="0" hai0="124,93,64,128,28,117,89,19,30,46,87,45,54" hai1="79,8,96,59,60,1,105,118,129,35,88,92,125" hai2="73,130,97,80,74,103,81,108,4,99,57,131,75" hai3="10,5,70,102,41,43,47,3,109,83,23,126,29"/><T110/><D117/><U133/><E118/><V24/><F4/><W115/><G115/><T116/><D116/><U71/><E35/><V134/><F24/><W25/><G109/><T122/><D122/><U12/><E1/><V11/><F11/><W107/><G126/><T90/><D128/><N who="2" m="49194" /><F57/><W44/><G83/><N who="2" m="31817" /><F108/><W31/><G31/><T7/><D124/><U132/><E125/><V40/><F40/><W17/><G102/><T100/><D100/><U123/><E123/><V33/><F33/><W26/><G107/><T76/><D7/><U6/><E79/><V32/><F32/><W106/><G106/><T21/><D76/><U13/><E129/><V48/><F48/><W34/><G43/><T49/><D110/><U51/><E51/><V27/><F27/><W77/><G77/><T15/><D46/><U114/><E114/><V104/><F134/><N who="1" m="51817" /><E105/><V61/><F61/><W98/><G98/><AGARI ba="1,0" hai="73,74,75,97,98,99,103,104" m="31817,49194" machi="98" ten="40,5200,0" yaku="19,1,34,2" doraHai="66" who="2" fromWho="3" sc="285,0,225,0,250,55,240,-55" /><INIT seed="1,0,0,0,5,96" ten="285,225,305,185" oya="1" hai0="41,75,111,69,93,103,107,44,124,121,78,70,81" hai1="116,79,135,134,31,39,92,45,5,38,131,0,90" hai2="62,30,2,64,132,118,58,52,20,3,50,33,104" hai3="126,37,35,8,63,28,130,84,97,120,18,133,16"/><U13/><E116/><V56/><F118/><W85/><G120/><T53/><D111/><U112/><E112/><V55/><F33/><W129/><G37/><T113/><D124/><U122/><E122/><V98/><F132/><N who="1" m="50729" /><E131/><N who="3" m="50186" /><G133/><T17/><D113/><U101/><E0/><V74/><F74/><W106/><G126/><T6/><D6/><U26/><E79/><V119/><F119/><W76/><G63/><T60/><D107/><U109/><E109/><V34/><F34/><W94/><G106/><T36/><D17/><N who="3" m="6761" /><G8/><T57/><REACH who="0" step="1"/><D121/><REACH who="0" ten="275,225,305,185" step="2"/><U24/><E5/><V123/><F123/><W102/><G76/><T21/><D21/><U23/><E23/><V32/><F20/><W72/><G72/><T99/><AGARI ba="0,1" hai="36,41,44,53,57,60,69,70,75,78,81,93,99,103" machi="99" ten="30,7900,0" yaku="1,1,0,1,52,1,53,1" doraHai="96" doraHaiUra="42" who="0" fromWho="0" sc="275,89,225,-39,305,-20,185,-20" /><INIT seed="2,0,0,3,2,123" ten="364,186,285,165" oya="2" hai0="72,70,100,31,12,121,119,36,58,97,40,129,48" hai1="43,90,13,78,109,10,44,65,16,28,94,125,108" hai2="96,107,95,30,32,131,39,126,64,26,120,4,57" hai3="9,11,68,111,33,85,128,45,3,56,51,59,5"/><V84/><F120/><W115/><G68/><T42/><D129/><U122/><E122/><V54/><F131/><W88/><G128/><T132/><D132/><U98/><E78/><V87/><F126/><W101/><G33/><T6/><D70/><U93/><E125/><V17/><F39/><W27/><G115/><T8/><D72/><U79/><E79/><V91/><F64/><W92/><G101/><T102/><D36/><U23/><E65/><V25/><F4/><W105/><G105/><T55/><D119/><U38/><E94/><V77/><F107/><W99/><G99/><T81/><D121/><U7/><REACH who="1" step="1"/><E28/><REACH who="1" ten="364,176,285,165" step="2"/><V83/><F77/><W104/><G104/><T69/><D31/><U127/><E127/><V15/><F83/><W80/><G80/><T60/><D81/><U103/><E103/><V2/><F2/><AGARI ba="0,1" hai="2,7,10,13,16,23,38,43,44,90,93,98,108,109" machi="2" ten="40,8000,1" yaku="1,1,52,2,54,1,53,0" doraHai="123" doraHaiUra="62" who="1" fromWho="2" sc="364,0,176,90,285,-80,165,0" /><INIT seed="3,0,0,3,5,37" ten="364,266,205,165" oya="3" hai0="84,28,56,45,86,54,103,107,57,20,31,22,99" hai1="118,64,80,2,24,77,43,87,92,53,73,55,52" hai2="72,111,0,114,95,19,25,40,104,98,51,106,68" hai3="10,81,50,75,133,14,48,135,121,117,91,129,123"/><W62/><G117/><T13/><D45/><U9/><E118/><V18/><F114/><W83/><G62/><T35/><D57/><U6/><E64/><V41/><F68/><W38/><G38/><T115/><D35/><U26/><E92/><V5/><F72/><W61/><G61/><T96/><D96/><U132/><E132/><N who="3" m="50762" /><G129/><T42/><D115/><U8/><E8/><V21/><F111/><W60/><G60/><T69/><D69/><U12/><E2/><V7/><F104/><W101/><G101/><T126/><D103/><U39/><E73/><V90/><F106/><W46/><G50/><T67/><D107/><U32/><E32/><V110/><F110/><W34/><G34/><T33/><D33/><U36/><E36/><V29/><F51/><W131/><G131/><T17/><D67/><U113/><E113/><V94/><F94/><W130/><G130/><T4/><D56/><U112/><REACH who="1" step="1"/><E112/><REACH who="1" ten="364,256,205,165" step="2"/><V134/><F134/><W128/><G128/><T102/><D102/><U23/><E23/><V47/><F0/><W63/><G75/><T3/><D22/><U65/><E65/><V82/><F21/><W85/><G81/><T97/><D20/><U71/><E71/><V16/><F82/><W30/><G30/><T76/><D28/><U74/><E74/><V59/><F29/><W124/><G124/><T44/><D31/><U58/><E58/><V127/><F127/><W89/><G89/><T116/><D126/><U79/><E79/><V122/><F90/><W27/><G27/><T100/><D76/><U70/><E70/><V105/><F25/><RYUUKYOKU ba="0,1" sc="364,-10,256,30,205,-10,165,-10" hai1="6,9,12,24,26,39,43,52,53,55,77,80,87" owari="364,46.4,286,8.6,195,-20.5,155,-34.5" /></mjloggm>