<mjloggm ver="2.3"><GO type="225" lobby="0"/><UN n0="%6D%61%74%69%67%75%73%61" n1="%E9%B4%A8%4E%45%47%49" n2="%E6%A1%9C%E8%8A%B1%E9%96%83%E3%80%85" n3="%E6%98%93%E5%88%A9%E8%96%A9%E4%BC%AF" dan="17,16,17,16" rate="2163.01,2116.29,2190.06,2097.32" sx="M,M,M,F"/><TAIKYOKU oya="0"/><INIT seed="0,0,0,4,5,117" ten="250,250,250,250" oya="0" hai0="46,88,67,27,99,63,102,14,23,1,94,41,0" hai1="3,79,19,57,91,103,21,74,120,55,25,62,134" hai2="30,37,68,111,5,100,78,13,32,108,90,66,123" hai3="12,6,126,107,45,128,58,96,112,125,113,118,135"/><T18/><D102/><U16/><E134/><V50/><F37/><W8/><G118/><T7/><D7/><U124/><E124/><N who="3" m="47722" /><G45/><T76/><D27/><U20/><E3/><V109/><F78/><W54/><G135/><T44/><D76/><U26/><E103/><V80/><F100/><N who="3" m="62855" /><G128/><T38/><REACH who="0" step="1"/><D46/><REACH who="0" ten="240,250,250,250" step="2"/><U97/><E91/><V119/><F90/><W15/><G15/><T65/><D65/><U64/><E97/><V60/><F66/><W98/><G98/><T115/><D115/><U35/><E64/><V86/><F13/><W72/><G72/><T92/><D92/><U121/><E35/><V42/><F32/><W116/><G116/><T9/><D9/><U131/><E131/><V24/><F119/><W83/><G83/><AGARI ba="0,1" hai="16,19,20,21,25,26,55,57,62,74,79,83,120,121" machi="83" ten="40,8000,1" yaku="9,1,52,2,54,1" doraHai="117" who="1" fromWho="3" sc="240,0,250,90,250,0,250,-80" /><INIT seed="1,0,0,0,1,77" ten="240,340,250,170" oya="1" hai0="20,125,48,106,115,29,109,43,129,73,50,120,70" hai1="0,27,124,133,28,91,135,89,103,41,24,42,127" hai2="7,1,16,32,66,59,100,92,18,112,96,130,75" hai3="33,30,31,93,69,117,21,118,4,37,99,11,2"/><U38/><E0/><V5/><F130/><W63/><G37/><T97/><D20/><U104/><E104/><V101/><F32/><W10/><G33/><T15/><D15/><U111/><E28/><V19/><F112/><W82/><G11/><T90/><D90/><N who="1" m="34315" /><E103/><N who="2" m="60807" /><F75/><W23/><G69/><T76/><D125/><N who="1" m="48203" /><E111/><V51/><F1/><W87/><G63/><T113/><D29/><U105/><E105/><V65/><F51/><W67/><G67/><N who="2" m="25609" /><F59/><W57/><G57/><T25/><D48/><U78/><E78/><V44/><F44/><W35/><G35/><T102/><D76/><U86/><E38/><V58/><F58/><W94/><G31/><T98/><D106/><U84/><E27/><V110/><F110/><W74/><G74/><T128/><D73/><U132/><E24/><V26/><F26/><W79/><G94/><T85/><D109/><U45/><E45/><V12/><F12/><W6/><G6/><AGARI ba="0,0" hai="5,6,7,16,18,19,100,101" m="25609,60807" machi="6" ten="30,2000,0" yaku="8,1,54,1" doraHai="77" who="2" fromWho="3" sc="240,0,340,0,250,20,170,-20" /><INIT seed="2,0,0,4,5,2" ten="240,340,270,150" oya="2" hai0="103,20,65,131,29,45,4,62,77,113,64,36,132" hai1="34,82,105,69,66,35,7,95,134,18,32,110,49" hai2="85,101,51,9,5,93,15,31,21,116,84,55,63" hai3="121,57,28,96,75,50,42,44,13,114,59,118,48"/><V25/><F116/><W8/><G118/><T79/><D113/><U61/><E105/><V106/><F106/><W90/><G121/><T38/><D103/><U89/><E110/><V67/><F101/><W99/><G75/><T94/><D94/><U43/><E134/><V117/><F93/><W72/><G72/><T71/><D131/><U128/><E18/><V26/><F26/><W54/><G114/><T3/><D65/><U107/><E107/><V17/><F117/><W83/><G28/><T22/><D22/><U135/><E82/><V0/><F51/><W47/><G99/><T23/><D45/><U92/><E49/><V76/><F55/><W46/><G46/><T53/><D53/><U56/><E43/><V125/><F76/><W130/><G130/><T27/><D132/><U111/><E69/><V112/><F125/><W102/><G102/><T10/><REACH who="0" step="1"/><D23/><REACH who="0" ten="230,340,270,150" step="2"/><U58/><E128/><V115/><F115/><W6/><REACH who="3" step="1"/><G96/><REACH who="3" ten="230,340,270,140" step="2"/><T98/><D98/><U78/><E135/><V1/><F112/><W12/><G12/><T104/><D104/><U119/><E119/><V74/><F0/><W14/><G14/><T80/><D80/><U122/><E35/><N who="2" m="20975" /><F74/><W91/><G91/><T87/><D87/><AGARI ba="0,2" hai="6,8,13,42,44,47,48,50,54,57,59,83,87,90" machi="87" ten="40,5200,0" yaku="1,1,8,1,52,1,53,0" doraHai="2" doraHaiUra="100" who="3" fromWho="0" sc="230,-52,340,0,270,0,140,72" /><INIT seed="3,0,0,0,4,61" ten="178,340,270,212" oya="3" hai0="121,124,35,56,18,16,47,108,15,48,14,24,69" hai1="29,98,116,131,79,101,41,37,86,111,96,44,6" hai2="72,33,77,135,87,88,5,45,100,78,112,118,13" hai3="8,70,97,68,4,114,92,31,26,127,134,10,22"/><W58/><G114/><T52/><D121/><U54/><E131/><V3/><F3/><W49/><G134/><T74/><D69/><U128/><E111/><V19/><F118/><W55/><G127/><T60/><D74/><U80/><E128/><V1/><F72/><W7/><G10/><T93/><D108/><U11/><E29/><V117/><F33/><W63/><G49/><T40/><D124/><U106/><E98/><V9/><F117/><W113/><G113/><T85/><D35/><U46/><E46/><V76/><F100/><W103/><REACH who="3" step="1"/><G7/><REACH who="3" ten="178,340,270,202" step="2"/><T130/><D130/><U81/><E11/><V109/><F135/><W129/><G129/><T104/><D104/><U102/><E6/><V50/><F112/><W84/><G84/><T73/><D73/><U133/><E133/><V122/><F109/><W99/><G99/><T59/><D56/><U27/><E96/><V34/><F5/><W132/><G132/><T53/><D40/><U91/><E106/><V75/><F87/><W110/><G110/><T42/><D42/><U120/><E116/><V21/><F9/><W83/><G83/><T20/><D18/><U36/><E120/><V62/><F122/><W25/><G25/><T32/><D32/><U30/><E81/><V89/><F34/><W115/><G115/><T43/><D43/><U0/><E86/><V82/><F75/><W126/><G126/><T71/><D71/><U67/><E80/><V125/><F82/><W2/><AGARI ba="0,1" hai="2,4,8,22,26,31,55,58,63,68,70,92,97,103" machi="2" ten="20,3900,0" yaku="1,1,0,1,7,1,53,0" doraHai="61" doraHaiUra="38" who="3" fromWho="3" sc="178,-13,340,-13,270,-13,202,49" /><INIT seed="3,1,0,0,4,130" ten="165,327,257,251" oya="3" hai0="68,131,118,109,69,44,6,127,47,98,119,36,57" hai1="7,41,94,91,70,93,45,48,49,23,2,111,67" hai2="19,82,46,72,83,123,32,104,86,5,65,97,61" hai3="126,85,14,35,58,24,22,20,52,115,114,84,64"/><W133/><G126/><T1/><D98/><U80/><E111/><V54/><F32/><W50/><G133/><T96/><D96/><U21/><E70/><V129/><F129/><W60/><G35/><T134/><D6/><U37/><E67/><V128/><F128/><W59/><G14/><T95/><D131/><U112/><E112/><V71/><F72/><W38/><G38/><T27/><D95/><N who="1" m="36363" /><E2/><V122/><F19/><W28/><REACH who="3" step="1"/><G22/><REACH who="3" ten="165,327,257,241" step="2"/><N who="1" m="8202" /><E37/><V117/><F123/><W76/><G76/><T78/><D36/><U120/><E120/><V92/><F122/><W43/><G43/><T113/><D1/><U30/><E7/><V116/><F5/><W25/><G25/><T102/><D127/><U53/><E30/><V110/><F117/><W39/><G39/><T13/><D13/><U74/><E41/><V121/><F116/><W42/><G42/><T88/><D27/><U90/><E90/><V101/><F121/><W10/><G10/><T125/><D125/><U132/><E91/><V9/><F9/><W73/><G73/><T89/><D78/><U63/><E132/><V17/><F97/><W12/><G12/><T55/><D134/><U56/><E74/><V3/><F3/><W15/><G15/><T62/><D109/><U0/><E0/><V124/><F110/><W106/><G106/><T40/><D40/><N who="1" m="24615" /><E80/><V81/><F81/><W107/><G107/><T4/><D4/><U66/><E66/><V18/><F65/><W51/><G51/><AGARI ba="1,1" hai="49,51,53,56,63" m="24615,8202,36363" machi="51" ten="30,1000,0" yaku="8,1" doraHai="130" who="1" fromWho="3" sc="165,0,327,23,257,0,241,-13" owari="165,-33.5,350,45.0,257,5.7,228,-17.2" /></mjloggm>