<mjloggm ver="2.3"><GO type="225" lobby="0"/><UN n0="%E6%A1%9C%E8%8A%B1%E9%96%83%E3%80%85" n1="%E3%81%B5%E3%81%98%E3%81%8B%E3%81%A4" n2="%E5%B8%9D%E4%BA%AC%E5%B9%B3%E6%88%90%E5%A4%A7%E5%AD%A6" n3="%E3%81%AA%E3%82%81%E3%81%93%E9%9B%80%E5%A3%AB" dan="16,16,17,16" rate="2135.04,2114.50,2141.80,2088.72" sx="M,M,M,M"/><TAIKYOKU oya="0"/><INIT seed="0,0,0,0,2,21" ten="250,250,250,250" oya="0" hai0="39,86,125,128,35,34,0,14,68,106,95,5,62" hai1="121,12,130,23,101,33,112,32,28,72,126,70,115" hai2="2,90,29,104,42,52,48,99,65,100,93,123,69" hai3="26,120,105,50,47,107,127,76,117,103,79,43,111"/><T134/><D106/><U85/><E72/><V63/><F123/><W96/><G117/><T61/><D14/><U97/><E70/><V64/><F64/><W60/><G111/><T94/><D94/><U54/><E121/><V91/><F2/><W1/><G1/><T110/><D39/><U92/><E126/><V19/><F29/><W18/><G120/><T45/><D45/><U114/><E130/><V102/><F42/><W4/><G4/><T98/><D86/><U9/><E85/><V6/><F6/><W118/><G127/><T41/><D41/><U11/><E54/><V31/><F31/><W78/><G118/><T37/><D37/><U113/><N who="1" m="28672" /><DORA hai="135" /><U109/><E109/><V88/><F19/><W77/><N who="3" m="19456" /><DORA hai="83" /><W30/><G60/><T129/><D134/><U36/><E36/><V27/><F27/><W46/><G46/><T84/><D84/><U8/><REACH who="1" step="1"/><E12/><REACH who="1" ten="250,240,250,250" step="2"/><V22/><F52/><W17/><REACH who="3" step="1"/><G105/><REACH who="3" ten="250,240,250,240" step="2"/><T71/><D125/><U49/><E49/><V20/><F104/><W73/><G73/><T24/><D110/><U56/><E56/><V124/><F48/><W44/><G44/><T55/><D71/><U122/><E122/><V81/><F124/><W67/><G67/><T38/><D68/><U15/><E15/><V89/><N who="2" m="22528" /><DORA hai="57" /><V25/><F65/><W80/><G80/><T133/><D38/><U59/><E59/><V87/><F81/><W116/><G116/><T7/><D129/><U66/><E66/><N who="2" m="41183" /><F87/><W40/><G40/><T16/><D128/><U10/><N who="1" m="2048" /><DORA hai="75" /><U13/><E13/><RYUUKYOKU type="kan4" ba="0,2" sc="250,0,240,0,250,0,240,0" /><INIT seed="0,1,2,4,1,0" ten="250,240,250,240" oya="0" hai0="130,1,100,128,47,27,42,76,54,49,101,40,16" hai1="32,20,99,74,53,34,116,71,84,25,21,97,129" hai2="30,80,13,8,65,119,134,19,125,4,37,92,78" hai3="98,85,31,133,7,102,36,59,126,15,95,12,18"/><T123/><D123/><U64/><E116/><V48/><F119/><W29/><G36/><T121/><D121/><U33/><E74/><V87/><F37/><W106/><G126/><T3/><D76/><U39/><E39/><V115/><F125/><W94/><G133/><T132/><D132/><U11/><E129/><N who="0" m="49769" /><D1/><U28/><E21/><V73/><F134/><W17/><G106/><T127/><D3/><U131/><E131/><V124/><F115/><W63/><G15/><T135/><D135/><U104/><E84/><V50/><F124/><W122/><G122/><T38/><D127/><U46/><E104/><V83/><F30/><N who="3" m="11275" /><G94/><T79/><D79/><U82/><E82/><V77/><F65/><N who="3" m="39167" /><G85/><T41/><D38/><U88/><E71/><V89/><REACH who="2" step="1"/><F19/><REACH who="2" ten="250,240,240,240" step="2"/><W70/><G70/><T5/><D5/><U66/><E34/><V109/><F109/><W81/><G81/><T52/><D54/><U68/><E33/><V57/><F57/><W86/><G86/><AGARI ba="1,3" hai="4,8,13,48,50,73,77,78,80,83,86,87,89,92" machi="86" ten="30,3900,0" yaku="1,1,7,1,52,1,53,0" doraHai="0" doraHaiUra="26" who="2" fromWho="3" sc="250,0,240,0,240,72,240,-42" /><INIT seed="1,0,0,5,1,68" ten="250,240,312,198" oya="1" hai0="134,122,43,40,110,37,13,54,114,46,0,22,49" hai1="74,89,14,27,47,1,83,25,35,84,125,69,6" hai2="129,105,60,56,128,94,119,57,135,90,88,26,2" hai3="71,52,36,59,101,42,20,81,58,112,19,72,23"/><U50/><E125/><V87/><F119/><W103/><G112/><T109/><D0/><U100/><E69/><V115/><F105/><W95/><G71/><T127/><D114/><U28/><E74/><V111/><F111/><N who="0" m="42506" /><D127/><U48/><E100/><V108/><F115/><W130/><G59/><T64/><D134/><U16/><E27/><V65/><F108/><W44/><G130/><N who="2" m="50281" /><F135/><W31/><G31/><T41/><D122/><U5/><E1/><V24/><F2/><W120/><G120/><T131/><D131/><U82/><E83/><N who="2" m="49279" /><F56/><W67/><G67/><T79/><D79/><U86/><E86/><AGARI ba="0,0" hai="24,26,57,60,65,86,90,94" m="49279,50281" machi="86" ten="30,2000,0" yaku="19,1,54,1" doraHai="68" who="2" fromWho="1" sc="250,0,240,-20,312,20,198,0" /><INIT seed="2,0,0,4,1,46" ten="250,220,332,198" oya="2" hai0="20,33,35,104,82,115,64,24,3,59,108,112,88" hai1="125,77,109,78,52,81,89,14,44,65,92,119,85" hai2="17,113,23,41,107,32,27,99,26,69,110,57,31" hai3="61,48,0,2,13,126,128,74,54,117,100,1,132"/><V72/><F113/><W55/><G117/><T114/><D104/><U91/><E119/><V118/><F118/><W127/><G74/><T25/><D3/><N who="3" m="769" /><W76/><DORA hai="124" /><G76/><N who="1" m="29290" /><E109/><V86/><F69/><W70/><G100/><T111/><D64/><U58/><E125/><N who="3" m="47626" /><G132/><T42/><D59/><U98/><E14/><V37/><F72/><W43/><G43/><T6/><D6/><U135/><E135/><V19/><F110/><N who="0" m="42026" /><D42/><U18/><E18/><V10/><F17/><W62/><G70/><T4/><D4/><U8/><E8/><V93/><F41/><W47/><G13/><T67/><D67/><U102/><E65/><V28/><F10/><W96/><G55/><T97/><D114/><U22/><E22/><V60/><F23/><W131/><G96/><T50/><D97/><U90/><E44/><V29/><F99/><W63/><AGARI ba="0,0" hai="47,48,54,61,62,63,128,131" m="47626,769" machi="63" ten="50,8000,1" yaku="18,1,52,3" doraHai="46,124" who="3" fromWho="3" sc="250,-20,220,-20,332,-40,198,80" /><INIT seed="3,0,0,3,2,105" ten="230,200,292,278" oya="3" hai0="9,130,8,28,124,111,63,92,117,4,64,70,60" hai1="118,41,43,51,5,71,100,6,93,94,49,88,116" hai2="26,82,96,78,56,53,115,80,40,74,47,52,102" hai3="110,67,13,35,106,62,18,11,30,112,125,17,46"/><W3/><G112/><T12/><D117/><N who="1" m="45163" /><E71/><V126/><F115/><W133/><G106/><T10/><D111/><U107/><E107/><V39/><F126/><W54/><G125/><T86/><D124/><U128/><E100/><V68/><F68/><W32/><G3/><T31/><D130/><U55/><E128/><V77/><F26/><W19/><G133/><T134/><D134/><U15/><E94/><V122/><F122/><W95/><G110/><T121/><D121/><U7/><E15/><V0/><F0/><W14/><G30/><N who="0" m="11307" /><D70/><U75/><E75/><V42/><F42/><N who="1" m="15881" /><E55/><V129/><F129/><W37/><G95/><T120/><D120/><U76/><E76/><V113/><F113/><W84/><G84/><AGARI ba="0,0" hai="5,6,7,49,51,84,88,93" m="15881,45163" machi="84" ten="30,2000,0" yaku="12,1,54,1" doraHai="105" who="1" fromWho="3" sc="230,0,200,20,292,0,278,-20" /><INIT seed="4,0,0,1,2,134" ten="230,220,292,258" oya="0" hai0="73,95,63,24,16,108,80,120,65,129,51,19,30" hai1="23,107,106,31,72,28,33,25,22,20,85,66,64" hai2="112,94,13,7,45,14,46,71,92,52,131,86,8" hai3="98,54,105,3,58,48,135,111,61,118,27,11,79"/><T53/><D120/><U78/><E72/><V47/><F112/><W74/><G111/><T18/><D108/><U2/><E2/><V35/><F71/><W60/><G135/><T83/><D129/><U41/><E41/><V12/><F35/><W110/><G118/><T62/><D95/><N who="2" m="36394" /><F131/><W103/><G110/><T50/><D50/><U109/><E109/><V102/><F102/><W70/><G79/><T43/><D43/><U34/><E78/><V37/><F37/><W126/><G126/><T68/><D63/><U39/><E39/><V100/><F100/><W99/><G99/><T96/><D96/><U114/><E85/><V56/><F86/><W36/><G36/><T17/><N who="0" m="4096" /><DORA hai="122" /><T115/><D115/><U6/><E6/><V32/><F32/><N who="1" m="12393" /><E25/><V81/><F81/><W101/><G27/><T57/><REACH who="0" step="1"/><D73/><REACH who="0" ten="220,220,292,258" step="2"/><U49/><E49/><AGARI ba="0,1" hai="7,8,12,13,14,45,46,47,49,52,56" m="36394" machi="49" ten="30,2000,0" yaku="8,1,54,1" doraHai="134,122" who="2" fromWho="1" sc="220,0,220,-20,292,30,258,0" owari="220,-18.0,200,-30.0,322,42.2,258,5.8" /></mjloggm>