<mjloggm ver="2.3"><GO type="225" lobby="0"/><UN n0="%E6%98%93%E5%88%A9%E8%96%A9%E4%BC%AF" n1="%E3%81%BF%E3%81%BF%E3%81%9A" n2="%4C%4F%4C%49%54%41" n3="%E6%B4%BE%E9%81%A3%E3%81%AE%E3%82%B8%E3%83%A3%E3%83%83%E3%82%AF" dan="16,18,16,17" rate="2026.68,2263.98,2193.58,2181.83" sx="F,M,F,M"/><TAIKYOKU oya="0"/><INIT seed="0,0,0,2,2,82" ten="250,250,250,250" oya="0" hai0="94,8,119,108,98,6,66,37,32,33,21,90,18" hai1="128,74,77,85,76,22,13,69,122,17,5,36,62" hai2="88,118,3,28,99,31,43,131,73,68,16,72,84" hai3="86,135,125,92,34,48,97,56,38,105,58,107,65"/><T89/><D119/><U27/><E122/><V35/><F68/><W134/><G34/><T112/><D112/><U57/><E36/><V127/><F3/><W9/><G38/><T101/><D37/><U132/><E128/><V26/><F31/><W44/><G9/><T46/><D108/><U123/><E123/><V61/><F43/><W96/><G125/><T83/><D46/><U1/><E132/><N who="3" m="50730" /><G65/><T64/><D32/><U7/><E74/><V50/><F50/><W111/><G111/><T71/><D90/><U91/><E69/><V0/><F0/><W2/><G2/><T79/><D101/><U23/><E1/><V55/><F127/><W124/><G124/><T19/><D6/><U120/><E120/><V39/><F39/><W130/><G130/><T67/><D33/><U106/><E106/><N who="3" m="40458" /><G97/><T30/><D8/><N who="1" m="4239" /><E7/><V75/><F131/><W20/><G20/><T102/><D102/><U11/><E11/><V104/><F118/><W60/><G60/><T51/><D51/><U109/><E23/><V129/><F129/><W103/><G86/><N who="0" m="48511" /><D71/><U53/><E109/><V54/><F61/><W121/><G121/><T114/><D114/><U49/><E62/><V78/><F104/><W113/><G113/><T24/><AGARI ba="0,0" hai="18,19,21,24,30,64,66,67,89,94,98" m="48511" machi="24" ten="30,3000,0" yaku="8,1,52,1" doraHai="82" who="0" fromWho="0" sc="250,30,250,-10,250,-10,250,-10" /><INIT seed="0,1,0,3,3,12" ten="280,240,240,240" oya="0" hai0="96,62,4,89,120,41,118,69,26,51,45,31,7" hai1="57,125,73,133,134,123,88,86,38,63,108,130,2" hai2="16,14,105,135,109,106,3,111,35,92,102,39,129" hai3="76,19,33,55,54,43,117,87,103,74,50,95,112"/><T128/><D118/><U28/><E123/><V85/><F35/><W24/><G117/><T65/><D120/><U48/><E73/><V82/><F39/><W93/><G112/><T77/><D77/><U30/><E38/><V115/><F115/><W15/><G74/><T98/><D128/><U9/><E48/><V36/><F3/><W90/><G76/><T37/><D37/><U34/><E108/><N who="2" m="41547" /><F135/><N who="1" m="51721" /><E125/><V100/><F36/><W13/><G33/><T116/><D116/><U110/><E34/><V104/><F92/><W0/><G0/><T99/><REACH who="0" step="1"/><D89/><REACH who="0" ten="270,240,240,240" step="2"/><U44/><E130/><V84/><F129/><W49/><G90/><T32/><AGARI ba="1,1" hai="4,7,26,31,32,41,45,51,62,65,69,96,98,99" machi="32" ten="30,6000,0" yaku="1,1,2,1,0,1,53,0" doraHai="12" doraHaiUra="91" who="0" fromWho="0" sc="270,73,240,-21,240,-21,240,-21" /><INIT seed="0,2,0,3,4,119" ten="343,219,219,219" oya="0" hai0="123,95,93,104,72,10,58,124,91,18,126,31,107" hai1="27,75,69,77,94,87,42,103,47,51,24,125,34" hai2="127,106,122,33,78,59,22,135,55,9,108,84,63" hai3="129,36,35,81,97,7,90,25,101,65,4,105,99"/><T96/><D72/><U1/><E1/><V30/><F106/><W12/><G129/><T111/><D31/><U102/><E69/><V17/><F108/><W46/><G65/><T92/><D58/><U52/><E125/><N who="0" m="48233" /><D10/><U11/><E75/><V56/><F33/><W100/><G12/><T85/><D18/><U131/><E131/><V80/><F135/><W0/><G0/><T19/><D19/><U50/><E11/><V13/><F127/><W41/><G81/><N who="0" m="49583" /><D111/><U117/><E117/><V16/><F122/><W67/><G67/><T28/><D28/><U53/><E34/><V39/><F39/><W121/><G121/><T49/><D49/><U71/><E71/><V82/><F30/><W115/><G115/><T89/><D123/><U132/><E132/><V2/><F2/><W62/><G62/><T112/><D112/><U3/><E3/><V74/><F59/><W70/><G70/><T40/><D40/><U29/><E42/><V130/><F130/><W114/><G114/><T45/><D45/><N who="1" m="27727" /><E29/><V26/><F80/><W54/><G35/><T21/><D21/><U61/><E61/><V6/><REACH who="2" step="1"/><F17/><REACH who="2" ten="343,219,209,219" step="2"/><W66/><G36/><T20/><D107/><U128/><E128/><V113/><F113/><W38/><G105/><T68/><D68/><U76/><E94/><V133/><F133/><W8/><G38/><T73/><D104/><U120/><E120/><V14/><F14/><W44/><G7/><T15/><D73/><AGARI ba="2,1" hai="6,9,13,16,22,26,55,56,63,73,74,78,82,84" machi="73" ten="40,2600,0" yaku="1,1,54,1,53,0" doraHai="119" doraHaiUra="109" who="2" fromWho="0" sc="343,-32,219,0,209,42,219,0" /><INIT seed="1,0,0,4,0,78" ten="311,219,251,219" oya="1" hai0="81,28,40,2,14,60,1,121,42,101,120,85,55" hai1="134,4,98,38,131,11,54,123,102,86,135,77,44" hai2="15,58,96,52,100,31,26,110,109,20,47,122,33" hai3="6,103,56,3,93,24,74,7,34,82,69,107,128"/><U29/><E123/><N who="0" m="47177" /><D101/><U126/><E29/><V79/><F122/><W133/><G69/><T84/><D28/><U108/><E126/><V130/><F130/><W129/><G133/><N who="1" m="50698" /><E131/><N who="3" m="50250" /><G107/><T106/><D85/><U111/><E54/><V48/><F79/><N who="3" m="44407" /><G3/><N who="0" m="1035" /><D14/><N who="1" m="5479" /><E44/><V124/><F124/><W72/><G72/><T68/><D106/><N who="1" m="63831" /><E38/><V32/><F15/><W62/><G34/><T21/><D21/><U66/><E66/><V97/><F97/><N who="3" m="59823" /><G24/><T25/><D25/><U51/><E51/><V36/><F32/><W16/><G16/><T70/><D55/><AGARI ba="0,0" hai="6,7,55,56,62" m="59823,44407,50250" machi="55" ten="30,2000,0" yaku="19,1,52,1" doraHai="78" who="3" fromWho="0" sc="311,-20,219,0,251,0,219,20" /><INIT seed="2,0,0,1,1,135" ten="291,219,251,239" oya="2" hai0="53,79,84,8,129,26,46,11,51,17,38,87,23" hai1="66,94,80,60,7,97,30,103,40,77,32,15,71" hai2="119,48,20,37,100,133,91,116,6,54,27,52,9" hai3="76,85,47,132,101,68,4,29,58,125,2,69,64"/><V78/><F37/><W62/><G101/><T121/><D121/><U81/><E40/><V134/><F78/><W49/><G29/><T130/><D38/><U117/><E117/><V98/><F91/><W123/><G123/><T13/><D11/><U126/><E126/><V110/><F110/><W19/><G19/><T39/><D39/><U59/><E71/><V5/><F133/><W82/><G132/><T74/><D74/><U3/><E3/><V28/><F134/><W75/><G125/><T83/><REACH who="0" step="1"/><D87/><REACH who="0" ten="281,219,251,239" step="2"/><U106/><E7/><AGARI ba="0,1" hai="7,8,13,17,23,26,46,51,53,79,83,84,129,130" machi="7" ten="40,5200,0" yaku="1,1,2,1,53,1" doraHai="135" doraHaiUra="18" who="0" fromWho="1" sc="281,62,219,-52,251,0,239,0" /><INIT seed="3,0,0,2,2,42" ten="343,167,251,239" oya="3" hai0="55,26,2,112,98,93,123,121,113,80,74,100,78" hai1="132,108,0,50,35,120,15,110,72,91,66,124,14" hai2="127,47,128,107,17,82,24,129,81,45,56,68,62" hai3="106,75,79,88,8,51,130,71,41,44,58,52,7"/><W19/><G106/><N who="0" m="63767" /><D2/><U46/><E120/><N who="0" m="46153" /><D55/><U67/><E0/><V102/><F68/><W18/><G71/><T115/><D26/><U34/><E72/><V60/><F127/><W10/><G130/><N who="2" m="50281" /><F60/><N who="3" m="35911" /><G79/><T122/><D122/><U101/><E124/><V131/><F102/><W111/><G111/><T69/><D69/><U97/><E91/><V37/><F107/><W54/><G75/><T22/><D22/><U13/><E132/><V43/><F47/><N who="3" m="28031" /><G88/><T53/><D53/><U77/><E77/><V32/><F131/><W96/><G96/><T86/><D115/><U16/><E67/><N who="2" m="39367" /><F32/><W63/><G63/><T87/><D74/><U23/><E66/><V29/><F37/><W135/><G135/><T57/><D57/><U114/><E114/><V118/><F118/><W99/><G99/><T31/><D113/><U20/><E34/><V134/><F134/><W117/><G117/><T40/><D112/><U5/><E35/><V49/><F82/><W119/><G119/><T116/><D116/><U59/><E59/><V92/><F81/><W28/><G28/><T64/><D31/><U84/><E84/><V125/><F29/><W1/><G8/><T21/><D78/><U85/><E85/><V27/><F125/><W73/><G73/><T61/><D80/><U95/><E23/><N who="2" m="13423" /><F92/><W6/><G6/><T65/><D21/><U3/><E3/><V90/><F90/><W126/><G126/><T104/><D104/><U48/><E48/><V76/><F76/><W103/><G103/><T109/><D109/><N who="1" m="42091" /><E5/><V9/><F9/><W33/><G10/><T25/><D61/><RYUUKYOKU ba="0,0" sc="343,-15,167,15,251,15,239,-15" hai1="13,14,15,16,20,46,50,95,97,101" hai2="27,43,45,49" owari="328,42.8,182,-31.8,266,6.6,224,-17.6" /></mjloggm>