<mjloggm ver="2.3"><GO type="225" lobby="0"/><UN n0="%E6%B0%B7%E5%B7%9D%E9%87%8C%E5%A5%88" n1="%E3%81%86%E3%82%8C%E3%81%9F%E3%82%93%E6%9E%95" n2="%E2%98%86%E5%AD%AB%E7%87%95%E5%A7%BF%E2%98%86" n3="%E3%83%A9%E3%83%BC%E3%83%A1%E3%83%B3%E4%BA%94%E9%83%8E" dan="16,16,16,16" rate="2065.43,2087.44,2179.95,2093.28" sx="F,F,M,M"/><TAIKYOKU oya="0"/><INIT seed="0,0,0,5,0,70" ten="250,250,250,250" oya="0" hai0="131,101,39,69,124,86,52,57,5,83,121,80,61" hai1="98,116,81,43,135,62,40,114,17,78,73,115,66" hai2="2,85,74,6,94,42,100,93,47,82,89,103,127" hai3="109,99,26,10,95,106,59,96,111,46,45,104,117"/><T35/><D121/><U71/><E116/><V126/><F6/><W4/><G117/><T37/><D35/><U24/><E135/><V28/><F28/><W49/><G59/><T12/><D131/><U130/><E130/><V134/><F2/><W91/><G26/><T79/><D124/><N who="2" m="47658" /><F134/><W84/><G99/><T132/><D132/><U19/><E98/><V56/><F56/><W72/><G72/><T25/><D101/><N who="2" m="38986" /><F74/><W33/><G33/><T113/><D113/><N who="1" m="43019" /><E24/><V119/><F119/><W20/><G46/><T41/><D25/><U64/><E64/><V102/><N who="2" m="38994" /><V21/><DORA hai="120" /><F21/><W92/><G20/><T14/><D69/><U133/><E133/><V0/><F0/><N who="3" m="263" /><G45/><T112/><D112/><U22/><E22/><V110/><F110/><N who="3" m="41995" /><G49/><AGARI ba="0,0" hai="42,47,49,82,85,89,93,94" m="38994,47658" machi="49" ten="40,1300,0" yaku="18,1" doraHai="70,120" who="2" fromWho="3" sc="250,0,250,0,250,13,250,-13" /><INIT seed="1,0,0,1,4,86" ten="250,250,263,237" oya="1" hai0="88,19,115,103,99,43,58,75,35,132,111,67,73" hai1="107,83,33,79,11,13,128,8,12,80,84,121,48" hai2="70,131,118,87,17,23,126,18,26,71,3,116,0" hai3="124,39,56,27,98,81,133,31,134,96,130,2,15"/><U20/><E121/><V93/><F87/><W77/><G2/><N who="2" m="553" /><F93/><W90/><G39/><T108/><D132/><N who="3" m="50793" /><G130/><T74/><D115/><U34/><E128/><V40/><F40/><W38/><G38/><T28/><D43/><U129/><E129/><V22/><F71/><W51/><G124/><T46/><D46/><U49/><E20/><V25/><F70/><W113/><G113/><T102/><D19/><U65/><E65/><V114/><F131/><W30/><G15/><T117/><D117/><N who="2" m="45162" /><F114/><W50/><G31/><T120/><D120/><U21/><E84/><V92/><F92/><N who="3" m="56343" /><G56/><T106/><D103/><U64/><E107/><V4/><F4/><W78/><G98/><T45/><D45/><U100/><E100/><V42/><F42/><W66/><G66/><T119/><D119/><U69/><E64/><V85/><F85/><N who="3" m="48303" /><G78/><T104/><D58/><U127/><E69/><V47/><F47/><W24/><G24/><N who="0" m="18823" /><D67/><U53/><E79/><V109/><F109/><N who="0" m="42058" /><D106/><U41/><E41/><V68/><F68/><W101/><G101/><T82/><D73/><U123/><E123/><V1/><N who="2" m="561" /><V61/><DORA hai="59" /><F61/><W55/><G55/><T7/><D7/><U16/><E53/><V54/><F54/><W110/><G110/><T36/><D36/><U63/><E63/><V122/><F122/><W125/><G125/><AGARI ba="0,0" hai="17,18,22,23,25,26,125,126" m="45162,561" machi="125" ten="50,3200,0" yaku="34,2" doraHai="86,59" who="2" fromWho="3" sc="250,0,250,0,263,32,237,-32" /><INIT seed="2,0,0,1,0,44" ten="250,250,295,205" oya="2" hai0="64,14,134,59,5,6,119,11,98,10,72,62,90" hai1="3,133,120,51,83,94,108,105,85,128,91,70,32" hai2="28,54,33,29,132,79,20,45,102,49,4,84,125" hai3="97,61,115,25,53,46,126,18,37,17,30,35,86"/><V107/><F33/><W113/><G126/><T52/><D134/><U43/><E133/><V75/><F132/><W88/><G97/><T1/><D119/><U63/><E108/><V7/><F75/><W26/><G37/><T122/><D122/><U99/><E120/><V38/><F38/><W68/><G68/><T42/><D72/><U12/><E128/><V123/><F123/><W21/><G17/><T40/><REACH who="0" step="1"/><D64/><REACH who="0" ten="240,250,295,205" step="2"/><U116/><E116/><V34/><F125/><W8/><G8/><T112/><D112/><U118/><E118/><V103/><F34/><W48/><REACH who="3" step="1"/><G61/><REACH who="3" ten="240,250,295,195" step="2"/><T13/><D13/><U78/><E12/><V111/><F111/><W60/><G60/><T31/><D31/><U87/><E63/><V2/><F29/><W130/><G130/><T100/><D100/><U117/><E117/><V67/><F103/><W124/><G124/><T93/><AGARI ba="0,2" hai="1,5,6,10,11,14,40,42,52,59,62,90,93,98" machi="93" ten="30,7900,0" yaku="1,1,0,1,54,1,53,1" doraHai="44" doraHaiUra="95" who="0" fromWho="0" sc="240,99,250,-20,295,-39,195,-20" /><INIT seed="3,0,0,5,5,25" ten="339,230,256,175" oya="3" hai0="10,89,15,5,50,124,127,129,40,84,61,39,20" hai1="64,41,17,23,82,92,78,16,44,97,118,36,27" hai2="98,47,100,122,24,93,102,53,4,52,45,18,114" hai3="69,0,109,55,21,108,66,99,31,85,58,119,62"/><W34/><G119/><T123/><D123/><U71/><E118/><V26/><F122/><W42/><G0/><T28/><D129/><U88/><E71/><V94/><F4/><W48/><G34/><T79/><D79/><U117/><E117/><V111/><F111/><N who="3" m="42571" /><G85/><T134/><D134/><U57/><E64/><V113/><F18/><W101/><G42/><T103/><D103/><U126/><E57/><V7/><REACH who="2" step="1"/><F7/><REACH who="2" ten="339,230,246,175" step="2"/><W70/><G69/><T72/><D5/><U125/><REACH who="1" step="1"/><E17/><REACH who="1" ten="339,220,246,175" step="2"/><V9/><F9/><W133/><G133/><T65/><D10/><U60/><E60/><V29/><F29/><W2/><G2/><T30/><D61/><U37/><E37/><V11/><F11/><W130/><G130/><T12/><D39/><U13/><E13/><V76/><F76/><W80/><G31/><T105/><D28/><U54/><E54/><V131/><F131/><W120/><G120/><T74/><D30/><U32/><E32/><V6/><F6/><W135/><G135/><T46/><D15/><U14/><E14/><V68/><F68/><W112/><G112/><T86/><D12/><U73/><AGARI ba="0,2" hai="16,23,27,36,41,44,73,78,82,88,92,97,125,126" machi="73" ten="30,7900,0" yaku="1,1,0,1,54,2,53,0" doraHai="25" doraHaiUra="128" who="1" fromWho="1" sc="339,-20,220,99,246,-20,175,-39" owari="319,41.9,319,11.9,226,-17.4,136,-36.4" /></mjloggm>