<mjloggm ver="2.3"><GO type="225" lobby="0"/><UN n0="%E6%B4%BE%E9%81%A3%E3%81%AE%E3%82%B8%E3%83%A3%E3%83%83%E3%82%AF" n1="%63%68%78%62%64" n2="%E3%81%AA%E3%81%A1%30%39%32%37" n3="%E3%82%BC%E3%83%AB%E3%83%80%E3%81%AE%E4%BC%9D%E8%AA%AC" dan="16,16,16,17" rate="2216.58,2127.46,2092.38,2241.02" sx="M,M,M,M"/><TAIKYOKU oya="0"/><INIT seed="0,0,0,5,1,115" ten="250,250,250,250" oya="0" hai0="14,55,98,8,18,47,65,80,33,22,9,108,26" hai1="38,123,53,126,86,125,90,11,17,103,20,100,19" hai2="34,96,69,124,31,21,72,52,121,81,89,71,39" hai3="106,104,36,6,122,2,12,101,67,97,64,117,128"/><T63/><D108/><U127/><E38/><V37/><F121/><W107/><G122/><T129/><D129/><U76/><E123/><V132/><F34/><W35/><G128/><T3/><D98/><U40/><E40/><V78/><F132/><W75/><G35/><T66/><D80/><U133/><E133/><V94/><F124/><W118/><G12/><T120/><D120/><U62/><E76/><V57/><F39/><W27/><G27/><T1/><D1/><U82/><E11/><V24/><REACH who="2" step="1"/><F37/><REACH who="2" ten="250,250,240,250" step="2"/><W83/><G36/><T45/><D33/><U56/><REACH who="1" step="1"/><E19/><REACH who="1" ten="250,240,240,250" step="2"/><V111/><F111/><W116/><G116/><T7/><D18/><U105/><E105/><V48/><AGARI ba="0,2" hai="21,24,31,48,52,57,69,71,72,78,81,89,94,96" machi="48" ten="20,5200,0" yaku="1,1,0,1,7,1,54,1,53,0" doraHai="115" doraHaiUra="15" who="2" fromWho="2" sc="250,-26,240,-13,240,72,250,-13" /><INIT seed="1,0,0,2,1,36" ten="224,227,312,237" oya="1" hai0="92,44,133,84,12,59,114,121,82,27,57,61,35" hai1="109,71,85,131,94,102,112,53,6,81,87,128,95" hai2="77,119,91,70,72,79,29,31,38,60,50,1,68" hai3="7,0,13,86,125,19,43,9,103,20,116,49,67"/><U110/><E71/><V73/><F38/><W99/><G125/><T5/><D114/><U46/><E6/><V26/><F1/><W42/><G116/><T98/><D133/><U15/><E15/><V120/><F120/><W39/><G39/><T65/><D121/><U123/><E123/><V25/><F50/><W100/><G67/><T30/><D44/><U124/><E53/><V17/><F17/><W69/><G69/><T34/><D57/><U115/><E46/><V56/><F56/><W78/><G49/><T108/><D108/><N who="1" m="41579" /><E124/><V40/><F91/><W113/><G113/><N who="1" m="43594" /><E85/><V96/><F60/><W16/><G19/><T83/><D34/><U130/><E102/><N who="3" m="38954" /><G99/><T93/><D98/><U106/><E106/><V48/><F96/><W52/><G52/><T97/><D97/><U126/><E126/><V75/><F75/><W33/><G33/><T24/><D35/><U14/><E14/><V4/><F48/><W122/><G122/><T89/><D12/><U107/><E107/><V127/><F127/><W80/><G0/><T134/><D5/><U58/><E58/><V18/><F4/><W64/><G64/><T105/><D105/><U132/><E132/><V37/><F37/><W22/><G7/><T32/><D134/><U3/><E3/><V63/><F63/><W47/><G47/><T55/><D55/><U111/><N who="1" m="41587" /><U129/><N who="1" m="32768" /><DORA hai="90" /><DORA hai="10" /><U11/><E11/><V28/><F72/><W41/><AGARI ba="0,0" hai="9,13,16,20,22,41,42,43,78,80,86" m="38954" machi="41" ten="30,12000,2" yaku="8,1,52,4,54,1" doraHai="36,90,10" who="3" fromWho="3" sc="224,-30,227,-60,312,-30,237,120" /><INIT seed="2,0,0,5,2,102" ten="194,167,282,357" oya="2" hai0="67,6,110,123,31,21,87,129,94,95,20,43,84" hai1="100,4,11,3,45,14,106,26,25,66,23,71,39" hai2="72,103,121,89,112,124,105,17,47,80,69,78,60" hai3="126,74,55,75,13,68,135,109,113,79,88,130,125"/><V22/><F112/><W28/><G68/><T59/><D123/><U32/><E3/><V114/><F114/><W54/><G113/><T134/><D110/><U62/><E32/><V120/><F124/><N who="3" m="47723" /><G109/><T91/><D134/><U7/><E7/><V118/><F47/><W63/><G130/><T104/><D104/><U0/><E0/><V82/><F69/><W36/><G135/><T132/><D132/><U122/><E122/><V108/><F60/><W2/><G2/><T86/><D129/><U97/><REACH who="1" step="1"/><E23/><REACH who="1" ten="194,157,282,357" step="2"/><V37/><F22/><W41/><G74/><T99/><D6/><U116/><E116/><V1/><F118/><W9/><G75/><T50/><D31/><U92/><E92/><V19/><F1/><W96/><G9/><T98/><D21/><U115/><E115/><V128/><F120/><W65/><G28/><T81/><D20/><U10/><E10/><V73/><F73/><W101/><G13/><T29/><D29/><U12/><E12/><V131/><F121/><W18/><G18/><T64/><D94/><U15/><E15/><V34/><F17/><W119/><G119/><T117/><D117/><U27/><E27/><V58/><F19/><W48/><G36/><T33/><D33/><U49/><E49/><V61/><F37/><W16/><G16/><T51/><D81/><U111/><E111/><V83/><F108/><W38/><G48/><T76/><D50/><U30/><E30/><V44/><F34/><W35/><G35/><T133/><D133/><U57/><E57/><V24/><F131/><W40/><G38/><T93/><D51/><RYUUKYOKU ba="0,1" sc="194,-10,157,30,282,-10,357,-10" hai1="4,11,14,25,26,39,45,62,66,71,97,100,106" /><INIT seed="3,1,1,4,1,101" ten="184,187,272,347" oya="3" hai0="81,6,88,5,115,131,105,83,134,44,21,68,65" hai1="111,51,41,52,45,92,66,96,119,123,69,99,98" hai2="20,114,53,116,43,77,38,76,4,23,64,7,118" hai3="91,109,97,84,70,60,67,11,58,85,28,3,90"/><W87/><G109/><T12/><D105/><U55/><E123/><V117/><F114/><W48/><G28/><T100/><D115/><U16/><E111/><V113/><F113/><W73/><G73/><T14/><D100/><U13/><E119/><V8/><F53/><N who="1" m="20553" /><E69/><V56/><F56/><W74/><G74/><T110/><D110/><U133/><E66/><V36/><F43/><W112/><G97/><T29/><D134/><U42/><E133/><V82/><F64/><W32/><G32/><T80/><D131/><U71/><E71/><V102/><F102/><W86/><G86/><T2/><D2/><U103/><E42/><V9/><F117/><W59/><G48/><T27/><D44/><U19/><E19/><V18/><F18/><W128/><G128/><T121/><D121/><U50/><E50/><V127/><F82/><N who="0" m="31850" /><D65/><U95/><E103/><V93/><F93/><W34/><G58/><T15/><D68/><U49/><E49/><V126/><AGARI ba="1,1" hai="4,7,8,9,20,23,36,38,76,77,116,118,126,127" machi="126" ten="25,3200,0" yaku="0,1,22,2" doraHai="101" who="2" fromWho="2" sc="184,-9,187,-9,272,45,347,-17" owari="175,-32.5,178,-22.2,317,11.7,330,43.0" /></mjloggm>