<mjloggm ver="2.3"><GO type="225" lobby="0"/><UN n0="%48%61%61%61%6C%61%6E%64" n1="%E3%81%AF%E3%82%88%E3%81%8A%E3%81%98%E3%81%95%E3%82%93" n2="%E5%AE%AE%E4%BF%9D%E9%B6%8F%E8%82%89" n3="%E6%97%A5%E6%9B%9C%E6%97%A5%E3%82%88%E3%82%8A%E3%81%AE%E4%BD%BF%E8%80%85" dan="17,16,16,17" rate="2253.41,2197.41,2129.18,2145.91" sx="M,M,M,M"/><TAIKYOKU oya="0"/><INIT seed="0,0,0,1,1,58" ten="250,250,250,250" oya="0" hai0="20,100,85,66,63,72,111,77,105,25,103,127,41" hai1="47,90,80,61,5,65,78,30,99,89,26,97,84" hai2="86,129,70,56,116,39,121,76,3,23,34,120,110" hai3="22,32,98,48,15,83,28,82,43,13,117,29,102"/><T14/><D72/><U109/><E109/><V6/><F110/><W8/><G32/><T24/><D111/><U119/><E119/><V114/><F114/><W68/><G68/><T108/><D108/><U88/><E47/><V21/><F70/><W67/><G67/><T1/><D1/><U132/><E132/><V59/><F34/><W53/><G43/><T9/><D41/><U69/><REACH who="1" step="1"/><E5/><REACH who="1" ten="250,240,250,250" step="2"/><V91/><F6/><W10/><G117/><T33/><D127/><U46/><E46/><V17/><F116/><W35/><G35/><AGARI ba="0,1" hai="26,30,35,61,65,69,78,80,84,88,89,90,97,99" machi="35" ten="40,5200,0" yaku="1,1,52,1,54,1,53,0" doraHai="58" doraHaiUra="18" who="1" fromWho="3" sc="250,0,240,62,250,0,250,-52" /><INIT seed="1,0,0,0,1,56" ten="250,302,250,198" oya="1" hai0="21,83,109,86,44,131,0,112,39,16,127,23,66" hai1="96,36,47,67,19,117,41,24,133,128,64,52,50" hai2="89,99,100,98,125,106,58,11,110,118,129,107,7" hai3="82,8,108,28,97,38,1,30,45,102,4,25,55"/><U40/><E117/><V5/><F118/><W92/><G108/><T93/><D112/><U32/><E133/><V42/><F110/><W119/><G119/><T75/><D109/><U130/><E96/><V87/><F129/><N who="1" m="49769" /><E19/><V122/><F122/><W22/><G82/><T61/><D131/><U9/><E9/><V91/><F125/><W33/><G55/><T31/><D0/><U105/><E105/><V6/><F42/><N who="1" m="16489" /><E36/><V90/><F58/><W88/><G38/><T53/><D39/><U71/><E71/><V114/><F114/><W84/><G45/><T54/><D44/><U60/><E60/><V134/><F134/><W62/><G62/><T43/><D43/><U115/><E115/><V49/><F49/><W76/><G76/><T20/><D127/><U46/><E47/><V132/><F132/><W51/><G51/><T95/><D16/><U34/><E24/><V72/><F72/><W10/><G10/><T63/><D75/><U13/><E13/><V116/><F116/><W104/><REACH who="3" step="1"/><G30/><REACH who="3" ten="250,302,250,188" step="2"/><T18/><D31/><U113/><E113/><V78/><F11/><W69/><G69/><T121/><D53/><U73/><E73/><V35/><F78/><W103/><G103/><T85/><D54/><U26/><E67/><V17/><F100/><W48/><G48/><T70/><D63/><U81/><E64/><V3/><F3/><W124/><G124/><T123/><D66/><U68/><E68/><V27/><F90/><W80/><G80/><T120/><D83/><U79/><E81/><V94/><F91/><W2/><G2/><T59/><D121/><RYUUKYOKU ba="0,1" sc="250,-10,302,-10,250,-10,188,30" hai3="1,4,8,22,25,28,33,84,88,92,97,102,104" /><INIT seed="2,1,1,0,0,123" ten="240,292,240,218" oya="2" hai0="126,69,88,132,57,16,90,131,121,125,104,92,73" hai1="85,91,9,41,0,19,62,75,3,124,110,127,81" hai2="133,22,96,53,112,78,135,67,66,134,77,28,6" hai3="61,14,4,74,83,117,50,113,116,10,59,107,43"/><V39/><F112/><W45/><G107/><T5/><D121/><U46/><E110/><V99/><F39/><W80/><G113/><T29/><D69/><U37/><E75/><V114/><F114/><W63/><G63/><T1/><D104/><U11/><E62/><V21/><F53/><W106/><G106/><T54/><D73/><U30/><E30/><V129/><F6/><W44/><G44/><T105/><D105/><U100/><E100/><V27/><F129/><W18/><G18/><T8/><D131/><U13/><REACH who="1" step="1"/><E11/><REACH who="1" ten="240,282,240,218" step="2"/><V70/><F134/><W119/><REACH who="3" step="1"/><G74/><REACH who="3" ten="240,282,240,208" step="2"/><T36/><D132/><U102/><E102/><V68/><F28/><W55/><AGARI ba="1,3" hai="4,10,14,43,45,50,55,59,61,80,83,116,117,119" machi="55" ten="30,4000,0" yaku="1,1,2,1,0,1,53,0" doraHai="123" doraHaiUra="60" who="3" fromWho="3" sc="240,-11,282,-11,240,-21,208,73" /><INIT seed="3,0,0,1,2,61" ten="229,271,219,281" oya="3" hai0="45,25,99,135,87,69,100,38,117,116,23,11,83" hai1="32,3,134,126,110,105,93,98,124,112,122,48,96" hai2="62,55,84,103,9,28,71,89,20,47,18,72,129" hai3="75,120,111,82,1,104,125,7,57,88,19,42,51"/><W5/><G120/><T41/><D135/><U130/><RYUUKYOKU type="yao9" ba="0,0" sc="229,0,271,0,219,0,281,0" hai1="3,32,48,93,96,98,105,110,112,122,124,126,130,134" /><INIT seed="3,1,0,5,4,108" ten="229,271,219,281" oya="3" hai0="132,80,92,18,117,126,128,43,81,2,14,64,32" hai1="105,98,124,79,4,25,76,122,12,68,57,71,21" hai2="82,130,19,125,9,17,116,15,72,90,58,63,87" hai3="54,97,23,78,113,110,27,24,101,41,34,31,127"/><W93/><G113/><T77/><D117/><U114/><E114/><V37/><F116/><W51/><G127/><T74/><D126/><U89/><E122/><V118/><F37/><W59/><G110/><T8/><D128/><U88/><E124/><V55/><F72/><W42/><REACH who="3" step="1"/><G78/><REACH who="3" ten="229,271,219,271" step="2"/><T75/><D77/><U83/><E76/><V96/><F125/><W46/><G46/><T102/><D75/><U56/><E79/><V99/><F118/><W86/><G86/><T30/><D74/><U5/><E98/><N who="2" m="37419" /><F130/><W3/><G3/><T47/><D2/><U22/><E105/><V1/><F1/><W106/><G106/><T16/><D132/><U65/><E89/><V26/><F26/><W121/><G121/><T69/><D47/><U36/><E88/><V38/><F38/><W66/><G66/><T109/><D64/><U115/><E65/><V107/><F107/><W28/><AGARI ba="1,1" hai="23,24,27,28,31,34,41,42,51,54,59,93,97,101" machi="28" ten="20,3900,0" yaku="1,1,0,1,7,1,53,0" doraHai="108" doraHaiUra="40" who="3" fromWho="3" sc="229,-14,271,-14,219,-14,271,52" owari="215,-18.5,257,5.7,205,-29.5,323,42.3" /></mjloggm>