<mjloggm ver="2.3"><GO type="225" lobby="0"/><UN n0="%E3%82%BC%E3%83%AB%E3%83%80%E3%81%AE%E4%BC%9D%E8%AA%AC" n1="%E6%A1%9C%E8%8A%B1%E9%96%83%E3%80%85" n2="%68%75%69%68%75%69" n3="%6D%75%75%73%61%6E%6D%75" dan="17,17,16,16" rate="2157.68,2200.42,2088.70,2102.43" sx="M,M,M,F"/><TAIKYOKU oya="0"/><INIT seed="0,0,0,4,5,76" ten="250,250,250,250" oya="0" hai0="113,122,11,56,65,87,104,15,115,109,78,93,67" hai1="10,90,37,57,124,91,103,22,125,70,86,97,118" hai2="96,53,23,80,99,59,19,58,26,1,94,105,41" hai3="64,116,69,82,71,135,130,127,73,54,9,2,36"/><T45/><D104/><U79/><E70/><V43/><F1/><W108/><RYUUKYOKU type="yao9" ba="0,0" sc="250,0,250,0,250,0,250,0" hai3="2,9,36,54,64,69,71,73,82,108,116,127,130,135" /><INIT seed="0,1,0,4,5,44" ten="250,250,250,250" oya="0" hai0="102,85,42,108,20,81,76,134,96,63,21,22,0" hai1="6,52,11,13,135,58,39,83,127,122,45,19,110" hai2="79,120,118,94,89,55,80,25,9,64,75,101,41" hai3="106,23,128,117,125,7,92,98,93,115,111,40,67"/><T73/><D0/><U74/><E122/><V88/><F120/><W133/><G115/><T60/><D134/><U31/><E135/><V105/><F118/><W27/><G133/><T97/><D108/><U47/><E110/><V30/><F41/><W36/><G111/><T66/><D42/><U53/><E127/><V26/><F64/><W126/><G106/><T103/><D73/><U10/><E31/><V35/><F9/><W78/><G117/><T72/><D72/><U129/><E129/><V8/><F8/><W121/><G121/><T68/><REACH who="0" step="1"/><D60/><REACH who="0" ten="240,250,250,250" step="2"/><U99/><E74/><V24/><F30/><W109/><G109/><T65/><D65/><U51/><E39/><V16/><F35/><W59/><G36/><T33/><D33/><U2/><E53/><V90/><F55/><W95/><G40/><T17/><D17/><U34/><E34/><V91/><N who="2" m="22528" /><DORA hai="56" /><V38/><F38/><W82/><G67/><T69/><D69/><U112/><E112/><V49/><F16/><W114/><G114/><T119/><D119/><U113/><E113/><V37/><F37/><W46/><G125/><T28/><D28/><U15/><E2/><V4/><F4/><W57/><G7/><T14/><D14/><U124/><E124/><V29/><F29/><W71/><G71/><T87/><D87/><U100/><E83/><V32/><F32/><W86/><G126/><T50/><D50/><U61/><E51/><V132/><F49/><W84/><G82/><T54/><D54/><U5/><E19/><V70/><F132/><W107/><G84/><T43/><D43/><RYUUKYOKU ba="1,1" sc="240,15,250,15,250,-15,250,-15" hai0="20,21,22,63,66,68,76,81,85,96,97,102,103" hai1="5,6,10,11,13,15,45,47,52,58,61,99,100" /><INIT seed="0,2,1,4,3,5" ten="255,265,235,235" oya="0" hai0="96,124,115,15,26,104,103,22,60,18,3,67,56" hai1="65,127,49,63,37,17,21,40,12,72,32,78,64" hai2="34,89,111,88,121,79,46,85,8,117,47,83,114" hai3="51,123,59,119,10,29,128,19,16,61,133,54,20"/><T132/><D115/><U33/><E127/><V120/><F114/><W27/><G119/><T99/><D124/><U131/><E131/><V122/><F34/><W57/><G128/><T41/><D132/><U2/><E37/><V80/><F117/><W43/><G133/><T118/><D118/><U58/><E2/><V130/><F130/><W62/><G123/><T97/><D3/><U84/><E72/><V92/><F111/><W98/><G98/><T14/><D41/><U28/><E28/><V38/><F38/><W86/><G86/><T6/><REACH who="0" step="1"/><D26/><REACH who="0" ten="245,265,235,235" step="2"/><U0/><E0/><V125/><F125/><W77/><G43/><T42/><D42/><U25/><E25/><V129/><F129/><W107/><G27/><T75/><D75/><U9/><E40/><V87/><REACH who="2" step="1"/><F8/><AGARI ba="2,2" hai="6,8,14,15,18,22,56,60,67,96,97,99,103,104" machi="8" ten="40,3900,0" yaku="1,1,52,1,53,0" doraHai="5" doraHaiUra="126" who="0" fromWho="2" sc="245,65,265,0,235,-45,235,0" /><INIT seed="0,3,0,5,1,15" ten="310,265,190,235" oya="0" hai0="11,42,18,9,127,27,50,29,81,23,116,40,36" hai1="121,49,66,77,37,84,85,22,41,3,13,26,117" hai2="103,132,71,112,108,105,73,48,125,78,123,101,133" hai3="75,57,87,54,68,120,60,30,109,135,131,61,72"/><T118/><D36/><U99/><E117/><V58/><F71/><W110/><G131/><T45/><D127/><U80/><E3/><V31/><F31/><W97/><G135/><N who="2" m="51785" /><F48/><W1/><G1/><T128/><D128/><U32/><E121/><V46/><F46/><W0/><G0/><T6/><D40/><U96/><E66/><V94/><F58/><N who="3" m="34903" /><G120/><T63/><D81/><N who="1" m="47151" /><E13/><V107/><F123/><W100/><G30/><T33/><D63/><U62/><E32/><V35/><F35/><W39/><G87/><T12/><REACH who="0" step="1"/><D9/><REACH who="0" ten="300,265,190,235" step="2"/><U79/><E62/><V21/><F125/><W74/><G39/><T47/><D47/><N who="1" m="25839" /><E37/><V111/><F112/><W126/><G126/><T89/><D89/><U38/><E38/><V52/><F52/><W86/><G61/><T83/><D83/><U122/><E122/><V64/><F64/><W19/><G68/><T44/><D44/><U10/><E10/><V90/><F78/><W7/><G57/><T119/><D119/><U2/><E2/><AGARI ba="3,1" hai="2,6,11,12,18,23,27,29,33,42,45,50,116,118" machi="2" ten="30,12000,1" yaku="1,1,7,1,24,2,52,1,53,0" doraHai="15" doraHaiUra="95" who="0" fromWho="1" sc="300,139,265,-129,190,0,235,0" /><INIT seed="0,4,0,0,4,106" ten="439,136,190,235" oya="0" hai0="104,99,124,135,1,14,119,72,115,18,109,2,5" hai1="98,66,74,118,50,91,56,86,54,76,77,129,28" hai2="52,73,12,85,39,70,71,16,30,35,81,9,19" hai3="123,94,25,88,34,42,32,62,128,87,49,23,63"/><T78/><D5/><U112/><E118/><V89/><F39/><W108/><G108/><T11/><D119/><U134/><E134/><V8/><F73/><W59/><G128/><T65/><D115/><U103/><E129/><V80/><F80/><W33/><G123/><T116/><D116/><U92/><E112/><V10/><F35/><W93/><G93/><T75/><D65/><U100/><E28/><V53/><F30/><W24/><G24/><T96/><D78/><U126/><E126/><V130/><F130/><W47/><REACH who="3" step="1"/><G59/><REACH who="3" ten="439,136,190,225" step="2"/><T114/><D109/><U107/><E103/><V37/><F71/><W20/><G20/><T55/><D114/><U84/><E100/><V121/><F70/><W95/><G95/><T41/><D124/><U102/><E102/><V111/><F121/><W46/><G46/><T120/><D120/><U6/><E107/><V110/><F110/><W51/><G51/><T15/><D104/><U127/><E127/><V21/><F111/><W90/><G90/><T0/><D135/><U44/><E44/><V4/><F37/><W43/><G43/><T60/><D41/><U133/><E133/><V45/><F45/><W3/><G3/><T61/><D1/><U13/><E50/><V68/><F68/><W79/><G79/><T29/><D2/><U57/><E77/><V83/><F21/><W31/><AGARI ba="4,1" hai="23,25,31,32,33,34,42,47,49,62,63,87,88,94" machi="31" ten="30,7900,0" yaku="1,1,0,1,54,1,53,1" doraHai="106" doraHaiUra="40" who="3" fromWho="3" sc="439,-43,136,-24,190,-24,225,101" /><INIT seed="1,0,0,0,2,105" ten="396,112,166,326" oya="1" hai0="84,5,88,7,33,4,68,18,119,104,121,70,128" hai1="29,40,85,27,107,76,11,101,21,74,44,0,111" hai2="43,87,23,52,94,42,122,34,2,28,75,127,113" hai3="112,10,102,130,125,35,133,37,86,95,57,48,53"/><U116/><E116/><V24/><F122/><W82/><G112/><T129/><D119/><U58/><E85/><V96/><F2/><W60/><G35/><T115/><D115/><U31/><E111/><V12/><F113/><W54/><G37/><T51/><D121/><U22/><E58/><V131/><F127/><W30/><G125/><T49/><D104/><U81/><E101/><V71/><F71/><N who="0" m="27178" /><D33/><U62/><E62/><V114/><F131/><N who="0" m="50250" /><D18/><U32/><E107/><V39/><F34/><W135/><G130/><T17/><D17/><U80/><E80/><AGARI ba="0,0" hai="4,5,7,49,51,80,84,88" m="50250,27178" machi="80" ten="40,2600,0" yaku="19,1,54,1" doraHai="105" who="0" fromWho="1" sc="396,26,112,-26,166,0,326,0" /><INIT seed="2,0,0,1,0,122" ten="422,86,166,326" oya="2" hai0="15,88,120,30,134,113,117,82,28,87,14,1,128" hai1="62,116,16,135,70,58,108,27,121,114,79,24,109" hai2="57,90,37,124,31,50,23,4,61,129,123,52,107" hai3="53,19,45,64,73,132,35,17,55,33,118,41,86"/><V96/><F123/><W93/><G73/><T13/><D120/><U105/><E121/><V63/><F37/><W49/><G118/><T127/><D113/><U66/><E116/><V78/><F78/><W11/><G132/><T125/><D117/><U32/><E114/><V111/><F124/><N who="0" m="47690" /><D134/><U75/><E135/><V133/><F4/><W100/><G64/><T6/><D128/><U92/><E105/><V42/><F129/><W46/><G100/><T67/><D67/><U74/><E92/><N who="2" m="56343" /><F42/><W26/><G93/><T12/><D12/><U91/><E91/><V110/><F107/><W9/><G86/><T76/><D76/><U39/><E39/><V2/><F2/><W83/><G41/><T21/><D21/><N who="1" m="13351" /><E79/><V59/><F59/><W51/><REACH who="3" step="1"/><G26/><REACH who="3" ten="422,86,166,316" step="2"/><T94/><D94/><U131/><E131/><V29/><F133/><W72/><G72/><T85/><D87/><U81/><E81/><AGARI ba="0,1" hai="9,11,17,19,33,35,45,46,49,51,53,55,81,83" machi="81" ten="25,8000,1" yaku="1,1,22,2,53,2" doraHai="122" doraHaiUra="47" who="3" fromWho="1" sc="422,0,86,-80,166,0,316,90" /><INIT seed="3,0,0,1,5,114" ten="422,6,166,406" oya="3" hai0="28,60,77,102,10,37,29,62,34,6,18,7,74" hai1="17,32,41,69,30,125,118,110,19,70,36,106,80" hai2="130,33,78,97,0,121,101,52,14,42,24,119,20" hai3="12,126,88,133,57,73,64,98,65,117,8,4,84"/><W107/><BYE who="1" /><G117/><T46/><D102/><U66/><E66/><N who="3" m="25706" /><G107/><T59/><D18/><U63/><E63/><N who="0" m="24105" /><D59/><U115/><E115/><V124/><F42/><W129/><G73/><T75/><D34/><U76/><E76/><V72/><F0/><W83/><G129/><T134/><D134/><U58/><E58/><V3/><F3/><W1/><G1/><N who="0" m="335" /><D7/><U26/><E26/><V116/><F33/><W95/><G133/><T40/><D74/><U13/><E13/><V39/><F14/><W87/><G126/><T122/><D122/><U91/><E91/><V49/><F39/><W108/><G108/><T51/><D51/><U127/><E127/><V112/><F112/><W105/><G105/><T56/><D56/><U50/><E50/><V2/><F2/><W113/><G113/><T82/><AGARI ba="0,0" hai="28,29,37,40,46,75,77,82" m="335,24105" machi="82" ten="30,1100,0" yaku="25,1" doraHai="114" who="0" fromWho="0" sc="422,11,6,-3,166,-3,406,-5" owari="433,53.3,3,-49.7,163,-23.7,401,20.1" /></mjloggm>