<mjloggm ver="2.3"><GO type="225" lobby="0"/><UN n0="%74%61%6B%65%2D%79%6F%75" n1="%E3%81%8F%E3%82%8A%E3%83%94%E3%83%BC" n2="%E3%81%9F%E3%81%93%E2%98%86%E7%84%BC%E3%81%8D" n3="%E3%81%95%E3%81%8D%E3%81%9F%E3%81%BE%E6%9E%97%E6%AA%8E" dan="16,16,16,16" rate="2180.10,2076.32,2103.54,2099.11" sx="M,M,M,M"/><TAIKYOKU oya="0"/><INIT seed="0,0,0,2,0,0" ten="250,250,250,250" oya="0" hai0="129,75,132,3,24,131,68,122,90,48,102,45,126" hai1="52,67,2,16,40,55,80,8,10,27,83,63,107" hai2="85,19,13,59,70,11,36,114,133,104,69,29,97" hai3="18,34,117,105,120,76,79,15,95,73,44,22,88"/><T65/><D122/><U50/><E107/><V92/><F36/><W96/><G117/><T125/><D75/><U31/><E40/><V124/><F133/><W30/><G120/><T35/><D102/><U41/><E41/><V109/><F109/><W128/><G128/><N who="0" m="49227" /><D3/><U94/><E94/><V113/><F114/><W64/><G64/><T99/><D35/><U37/><E37/><V60/><F124/><N who="0" m="47722" /><D24/><U26/><E55/><V1/><F29/><W112/><G112/><T42/><D90/><U28/><E2/><V49/><F104/><W14/><G105/><T123/><D99/><U82/><E26/><V78/><F85/><W121/><G121/><T103/><D103/><U98/><E98/><V116/><F78/><W39/><G73/><T43/><D123/><U72/><E72/><V61/><F1/><W134/><G34/><T47/><D132/><U32/><E31/><V56/><F116/><W33/><G30/><T77/><D77/><U111/><E111/><V119/><F119/><W51/><G33/><T89/><D89/><U53/><E32/><V7/><F113/><W110/><G134/><T81/><D81/><U115/><E28/><V9/><F92/><W100/><G110/><T108/><D108/><U84/><E82/><V4/><F97/><W6/><G96/><T87/><D87/><U23/><E115/><V130/><F130/><W17/><G95/><T38/><D65/><U93/><E67/><V12/><F19/><W135/><G135/><T62/><D62/><U91/><E83/><V74/><F74/><W20/><G100/><T127/><D127/><RYUUKYOKU ba="0,0" sc="250,15,250,-15,250,15,250,-15" hai0="38,42,43,45,47,48,68" hai2="4,7,9,11,12,13,49,56,59,60,61,69,70" /><INIT seed="0,1,0,2,0,60" ten="265,235,265,235" oya="0" hai0="116,88,123,65,63,9,66,16,29,108,14,90,126" hai1="76,114,38,81,110,61,75,24,119,45,40,25,127" hai2="120,134,12,135,34,84,58,133,35,26,8,44,117" hai3="17,72,41,104,64,121,129,32,89,11,56,1,31"/><T107/><D116/><U78/><E119/><V113/><F120/><W86/><G129/><T105/><D123/><U115/><E110/><V0/><F0/><W57/><G72/><T22/><D108/><U77/><E127/><V42/><F113/><N who="1" m="43017" /><E61/><V128/><F128/><W50/><G104/><T21/><D126/><U46/><E45/><V47/><F44/><W82/><G121/><T74/><D74/><U48/><E48/><V30/><F84/><W101/><G101/><T3/><D3/><U111/><E111/><V33/><F58/><W132/><G132/><T98/><D63/><U43/><E43/><V53/><F53/><W124/><G124/><T103/><D107/><U100/><E100/><V4/><REACH who="2" step="1"/><F117/><REACH who="2" ten="265,235,255,235" step="2"/><W87/><G87/><T125/><D125/><U10/><E75/><V96/><F96/><W7/><G57/><T93/><D98/><U49/><E38/><AGARI ba="1,1" hai="4,8,12,26,30,33,34,35,38,42,47,133,134,135" machi="38" ten="40,5200,0" yaku="1,1,20,1,53,1" doraHai="60" doraHaiUra="20" who="2" fromWho="1" sc="265,0,235,-55,255,65,235,0" /><INIT seed="1,0,0,3,0,128" ten="265,180,320,235" oya="1" hai0="18,13,86,114,79,54,80,90,48,7,129,36,66" hai1="127,65,119,8,29,1,120,61,39,121,123,97,24" hai2="31,40,133,81,111,124,41,102,72,135,109,117,106" hai3="44,88,69,116,26,50,105,3,92,51,87,99,4"/><U130/><E119/><V53/><F31/><W6/><G116/><T58/><D114/><U64/><E130/><V73/><F53/><W89/><G69/><T84/><D129/><U20/><E127/><V101/><F117/><W95/><G105/><T35/><D35/><U56/><E39/><V75/><F81/><W71/><G71/><T126/><D126/><U85/><E65/><V12/><F12/><W68/><G68/><T45/><D7/><U110/><E110/><N who="2" m="41995" /><F124/><W132/><G132/><N who="2" m="50761" /><F106/><W57/><G3/><T70/><D13/><U42/><E42/><AGARI ba="0,0" hai="40,41,42,72,73,75,101,102" m="50761,41995" machi="42" ten="40,12000,2" yaku="28,2,14,1,20,1,52,3" doraHai="128" who="2" fromWho="1" sc="265,0,180,-120,320,120,235,0" /><INIT seed="2,0,0,0,5,76" ten="265,60,440,235" oya="2" hai0="104,101,38,124,110,49,13,29,115,83,114,52,118" hai1="70,109,100,72,133,31,103,8,134,56,11,21,90" hai2="113,96,42,28,78,93,62,25,123,135,80,54,105" hai3="121,67,59,106,1,95,77,86,55,63,26,14,12"/><V9/><F105/><W35/><G121/><T41/><D110/><U27/><E70/><V45/><F135/><W128/><G106/><T79/><D124/><U119/><E119/><V75/><F9/><W46/><G1/><T48/><D118/><U64/><E109/><V6/><F6/><W30/><G128/><T18/><D29/><U17/><E72/><V116/><F116/><W125/><G125/><T53/><D38/><U37/><E37/><V66/><F54/><W50/><REACH who="3" step="1"/><G95/><REACH who="3" ten="265,60,440,225" step="2"/><T3/><D3/><U94/><E134/><V22/><F93/><W131/><G131/><T132/><D104/><U87/><E133/><V61/><F123/><W81/><AGARI ba="0,1" hai="12,14,26,30,35,46,50,55,59,63,67,77,81,86" machi="81" ten="30,8000,1" yaku="1,1,0,1,52,1,53,2" doraHai="76" doraHaiUra="10" who="3" fromWho="3" sc="265,-20,60,-20,440,-40,225,90" /><INIT seed="3,0,0,3,2,39" ten="245,40,400,315" oya="3" hai0="36,16,56,50,84,124,105,60,127,82,5,89,19" hai1="67,98,85,11,131,86,117,24,87,72,73,42,74" hai2="23,77,55,47,70,65,49,83,10,30,21,135,61" hai3="33,15,35,128,14,59,52,116,125,79,45,57,58"/><W103/><G116/><T112/><D36/><U76/><E24/><V91/><F91/><W25/><BYE who="2" /><G128/><UN n2="%E3%81%9F%E3%81%93%E2%98%86%E7%84%BC%E3%81%8D" /><T43/><D105/><U118/><E11/><V130/><F135/><W123/><G125/><N who="0" m="48203" /><D5/><U102/><E67/><V51/><F30/><W63/><G123/><T100/><D100/><U129/><E42/><V109/><F109/><W111/><G103/><T106/><D106/><U80/><E80/><V34/><F34/><W64/><G79/><T134/><D134/><U75/><N who="1" m="18432" /><DORA hai="66" /><U120/><E76/><V62/><F62/><W99/><G99/><T110/><D110/><U37/><E37/><V32/><F32/><W1/><G1/><T119/><D119/><U40/><E40/><V121/><F10/><W133/><G133/><T90/><D112/><U54/><E54/><V22/><F51/><N who="3" m="28783" /><G35/><T94/><D60/><U18/><E18/><N who="0" m="6697" /><D56/><N who="3" m="21609" /><G33/><T20/><D20/><U8/><E8/><V31/><F130/><W95/><G111/><T28/><D28/><U41/><E120/><V12/><F31/><W13/><G95/><T122/><D122/><U114/><E114/><V9/><F121/><W0/><G0/><T26/><D26/><AGARI ba="0,0" hai="13,14,15,25,26,59,63,64" m="21609,28783" machi="26" ten="30,2900,0" yaku="8,1,54,1" doraHai="39,66" who="3" fromWho="0" sc="245,-29,40,0,400,0,315,29" /><INIT seed="3,1,0,1,3,33" ten="216,40,400,344" oya="3" hai0="66,78,108,130,35,24,110,81,13,16,104,48,42" hai1="92,69,106,41,57,5,28,63,102,59,56,101,125" hai2="84,117,11,0,112,10,64,88,49,105,124,39,8" hai3="67,114,93,37,123,15,6,9,62,99,83,25,77"/><W23/><G114/><T80/><D104/><U7/><E106/><V133/><F105/><W103/><G123/><T31/><D130/><U111/><E111/><V58/><F39/><W96/><G37/><T134/><D134/><U121/><E121/><V107/><F117/><W47/><G99/><T43/><D66/><U55/><E69/><V120/><F133/><W4/><G47/><T68/><D68/><U60/><E125/><V17/><F124/><W34/><G34/><T119/><D119/><U87/><E87/><V118/><F107/><W126/><G126/><T45/><D43/><U53/><E41/><V100/><F100/><W3/><G83/><T65/><D65/><U122/><E122/><V74/><F74/><W82/><G82/><T90/><D90/><U91/><E91/><V116/><F0/><W79/><G6/><T40/><D40/><U85/><E85/><V129/><F129/><W18/><REACH who="3" step="1"/><G25/><REACH who="3" ten="216,40,400,334" step="2"/><T131/><D131/><U50/><E92/><N who="2" m="54279" /><F112/><W75/><G75/><T12/><D12/><U113/><E113/><V115/><F120/><W95/><G95/><T29/><D29/><U27/><E7/><V71/><F115/><W52/><G52/><N who="1" m="20042" /><E5/><V61/><F118/><W54/><G54/><T94/><D94/><U86/><E86/><V73/><F73/><W21/><G21/><N who="0" m="11407" /><D78/><U97/><E97/><V36/><F116/><W109/><G109/><AGARI ba="1,1" hai="24,31,35,42,45,48,80,81,108,109,110" m="11407" machi="109" ten="30,2000,0" yaku="14,1,54,1" doraHai="33" who="0" fromWho="3" sc="216,33,40,0,400,0,334,-23" owari="249,-15.1,40,-46.0,400,50.0,311,11.1" /></mjloggm>