<mjloggm ver="2.3"><GO type="225" lobby="0"/><UN n0="%E3%81%BF%E3%81%BF%E3%81%9A" n1="%E3%81%AF%E3%82%88%E3%81%8A%E3%81%98%E3%81%95%E3%82%93" n2="%73%6C%69%63%6B%33%31%39" n3="%72%65%6E%6B%75%6E" dan="16,17,16,17" rate="2131.50,2169.68,2100.44,2206.75" sx="M,M,M,M"/><TAIKYOKU oya="0"/><INIT seed="0,0,0,3,3,29" ten="250,250,250,250" oya="0" hai0="115,95,66,131,99,31,49,46,0,92,73,52,109" hai1="43,121,88,27,22,1,129,81,125,39,28,70,117" hai2="72,68,61,130,112,56,128,19,94,25,71,127,6" hai3="67,10,105,122,9,102,13,64,82,91,57,44,123"/><T41/><D115/><U55/><E117/><V135/><F72/><W108/><G108/><T4/><D73/><U96/><E121/><N who="3" m="46090" /><G44/><T104/><D66/><N who="3" m="25129" /><G57/><T114/><D114/><U79/><E1/><V69/><F112/><W47/><G47/><T5/><D109/><U16/><E70/><V11/><F127/><W80/><G91/><T110/><D110/><U34/><E125/><V15/><F135/><W37/><G37/><T63/><D131/><N who="2" m="50218" /><F94/><W33/><G33/><T26/><D104/><U113/><E129/><V133/><F133/><W48/><G48/><T75/><D75/><U134/><E134/><V93/><F93/><W14/><G102/><T50/><D63/><U20/><E34/><V119/><F119/><W116/><G105/><T103/><D0/><U32/><E32/><V60/><F56/><W45/><G45/><N who="0" m="25775" /><D95/><N who="1" m="56423" /><E113/><V12/><F25/><W89/><G89/><T40/><D40/><U42/><E39/><V53/><F53/><W120/><N who="3" m="46098" /><W126/><DORA hai="111" /><G126/><T65/><D65/><U23/><E55/><V24/><F24/><W38/><G38/><T97/><D99/><U74/><E42/><V124/><F124/><W58/><G58/><T7/><D26/><N who="1" m="14599" /><E43/><V76/><F76/><W100/><G100/><T87/><D31/><U8/><E28/><V3/><F3/><W101/><G101/><T85/><AGARI ba="0,0" hai="4,5,7,46,50,52,85,87,92,97,103" m="25775" machi="85" ten="30,3000,0" yaku="8,1,54,1" doraHai="29,111" who="0" fromWho="0" sc="250,30,250,-10,250,-10,250,-10" /><INIT seed="0,1,0,2,0,133" ten="280,240,240,240" oya="0" hai0="119,20,102,28,124,63,130,4,79,60,34,95,97" hai1="11,123,87,112,10,83,55,3,82,125,128,88,53" hai2="37,13,41,84,43,18,54,73,94,66,78,15,62" hai3="111,121,132,29,25,23,107,117,96,64,104,26,17"/><T51/><D119/><U98/><E123/><V52/><F73/><W74/><G117/><T109/><D34/><U50/><E128/><V47/><F13/><W35/><G121/><T68/><D130/><U75/><E112/><V69/><F43/><W80/><G132/><T24/><D109/><U103/><E125/><V30/><F30/><W40/><G111/><T9/><D68/><U86/><E75/><V46/><F46/><W65/><G40/><T76/><D51/><U2/><E2/><V105/><F105/><W19/><G19/><T126/><D79/><U67/><E67/><V115/><F115/><W49/><G49/><T5/><D76/><U44/><E53/><V134/><F134/><W42/><G42/><T129/><D129/><U90/><REACH who="1" step="1"/><E3/><REACH who="1" ten="280,230,240,240" step="2"/><V12/><F52/><W7/><G65/><T61/><REACH who="0" step="1"/><D5/><REACH who="0" ten="270,230,240,240" step="2"/><U70/><E70/><V56/><F69/><W135/><G7/><T31/><D31/><U100/><E100/><V22/><F37/><W16/><G29/><T127/><D127/><U122/><E122/><V99/><F18/><W32/><G135/><T116/><D116/><U85/><E85/><V113/><F84/><W120/><G17/><T58/><D58/><U106/><AGARI ba="1,2" hai="10,11,44,50,55,82,83,86,87,88,90,98,103,106" machi="106" ten="20,8000,1" yaku="1,1,0,1,7,1,9,1,54,1,53,0" doraHai="133" doraHaiUra="0" who="1" fromWho="1" sc="270,-41,230,103,240,-21,240,-21" /><INIT seed="1,0,0,2,4,93" ten="229,333,219,219" oya="1" hai0="86,87,13,47,12,60,22,55,131,108,16,125,84" hai1="6,74,26,119,88,132,72,11,129,123,44,114,23" hai2="20,29,27,38,104,80,2,102,79,107,101,63,92" hai3="78,97,124,1,7,67,110,53,39,58,50,100,10"/><U24/><E119/><V122/><F122/><W133/><G110/><T116/><D116/><U98/><E114/><V65/><F38/><W28/><G124/><T77/><D108/><U40/><E123/><V115/><F2/><W121/><G121/><T90/><D125/><U34/><E129/><V103/><F115/><W66/><G133/><T46/><D131/><U61/><E34/><V51/><F51/><W69/><G39/><T68/><D77/><U17/><E24/><V91/><F91/><W32/><G78/><T126/><D126/><U30/><E61/><V81/><F92/><W59/><G69/><T89/><D68/><U0/><E132/><V3/><F3/><W41/><G41/><T127/><D127/><U96/><E30/><V36/><F36/><W25/><REACH who="3" step="1"/><G59/><REACH who="3" ten="229,333,219,209" step="2"/><N who="0" m="34943" /><D46/><U33/><E72/><V15/><F79/><W75/><G75/><T85/><D47/><U128/><E74/><V113/><F113/><W35/><G35/><T135/><D135/><U14/><E128/><V54/><F104/><AGARI ba="0,1" hai="1,7,10,25,28,32,50,53,58,66,67,97,100,104" machi="104" ten="30,3900,0" yaku="1,1,7,1,52,1,53,0" doraHai="93" doraHaiUra="73" who="3" fromWho="2" sc="229,0,333,0,219,-39,209,49" /><INIT seed="2,0,0,0,0,134" ten="229,333,180,258" oya="2" hai0="102,38,86,120,113,76,11,132,16,109,24,124,35" hai1="8,96,4,66,1,33,23,7,48,121,125,3,53" hai2="46,19,44,87,105,83,75,30,122,0,41,65,99" hai3="130,32,104,77,80,123,60,61,127,55,22,49,42"/><V110/><F122/><W118/><G32/><T43/><D120/><U131/><E33/><V117/><F117/><W14/><G123/><T84/><D113/><U6/><E121/><V21/><F0/><W100/><G118/><T98/><D109/><U51/><E131/><V129/><F129/><W88/><G42/><T82/><D132/><U71/><E125/><V68/><F75/><W114/><G127/><T92/><D124/><U73/><E73/><V112/><F112/><W47/><G114/><T28/><D43/><U9/><E4/><V20/><F110/><W34/><G34/><T74/><REACH who="0" step="1"/><D38/><REACH who="0" ten="219,333,180,258" step="2"/><U18/><E1/><V36/><F36/><W29/><G130/><T45/><D45/><U17/><E3/><V116/><F41/><W101/><G104/><T58/><D58/><U26/><E71/><V126/><F126/><W5/><G77/><T94/><D94/><U40/><E40/><V2/><F116/><W64/><G47/><T63/><D63/><U62/><E62/><N who="2" m="39991" /><F2/><W89/><G61/><T56/><D56/><U12/><E51/><V133/><F133/><W27/><G60/><T69/><D69/><U54/><E48/><V93/><F105/><W67/><G67/><T31/><D31/><U72/><E66/><V57/><F57/><N who="3" m="33007" /><G64/><T135/><D135/><U128/><E128/><V79/><F30/><W81/><G80/><T115/><D115/><U50/><E50/><V52/><F52/><W25/><G81/><T108/><D108/><U70/><E54/><V59/><F59/><W85/><G29/><T97/><D97/><U103/><E96/><RYUUKYOKU ba="0,1" sc="219,30,333,-10,180,-10,258,-10" hai0="11,16,24,28,35,74,76,82,84,86,92,98,102" /><INIT seed="3,1,1,0,3,26" ten="249,323,170,248" oya="3" hai0="117,87,113,18,44,134,70,10,41,86,126,72,45" hai1="16,74,90,111,116,55,0,35,36,81,132,110,121" hai2="89,53,48,8,58,118,32,51,6,120,11,66,9" hai3="133,105,94,97,21,88,67,54,131,30,25,50,98"/><W103/><G133/><T65/><D72/><U109/><E132/><V19/><F118/><W7/><G131/><T20/><D134/><U59/><E116/><V75/><F120/><W52/><G67/><T56/><D70/><U91/><E121/><V24/><F75/><W122/><G122/><T127/><D10/><U79/><E35/><V47/><F66/><W71/><G71/><T22/><D113/><U28/><E28/><V135/><F135/><W128/><G128/><T130/><D130/><U23/><E36/><V37/><F37/><W96/><G7/><T73/><D73/><U13/><E0/><V49/><F89/><W17/><G98/><T15/><D22/><U108/><E108/><V34/><F34/><W69/><G69/><T101/><D101/><U84/><E74/><V78/><F78/><W82/><G82/><T42/><D117/><U63/><AGARI ba="1,1" hai="13,16,23,55,59,63,79,81,84,90,91,109,110,111" machi="63" ten="30,4000,0" yaku="0,1,14,1,54,1" doraHai="26" who="1" fromWho="1" sc="249,-11,323,53,170,-11,248,-21" owari="238,3.8,376,47.6,159,-34.1,227,-17.3" /></mjloggm>