<mjloggm ver="2.3"><GO type="225" lobby="0"/><UN n0="%72%69%6F%75%63%68%61%6E" n1="%E3%81%A9%E3%82%8F%E3%82%93%E3%81%94" n2="%E3%81%9F%E3%81%A3%E3%81%A1%E3%82%87" n3="%6D%75%75%6D%75%72%61" dan="17,16,16,16" rate="2280.59,2147.44,2068.83,2138.22" sx="M,M,M,F"/><TAIKYOKU oya="0"/><INIT seed="0,0,0,0,0,38" ten="250,250,250,250" oya="0" hai0="86,106,54,22,79,116,45,121,33,85,16,9,128" hai1="12,61,47,41,75,94,2,0,29,84,25,7,4" hai2="68,57,115,59,48,101,71,11,129,27,63,15,51" hai3="65,104,43,80,53,135,102,89,108,77,23,49,31"/><T114/><D114/><U109/><E75/><V36/><F101/><W127/><G108/><T52/><D116/><U124/><E109/><V123/><F27/><W88/><G127/><T14/><D121/><U64/><E124/><V105/><F105/><W96/><G135/><T99/><D33/><U3/><E94/><V81/><F81/><W78/><G65/><T37/><D128/><U21/><E84/><N who="0" m="32361" /><D106/><U112/><E12/><V119/><F15/><W90/><G43/><T134/><D37/><U34/><E34/><V83/><F83/><W66/><G66/><T42/><D134/><U44/><E44/><V60/><F11/><W110/><G110/><T5/><D79/><U130/><E130/><V20/><F20/><W56/><REACH who="3" step="1"/><G80/><REACH who="3" ten="250,250,250,240" step="2"/><T35/><D35/><U76/><E112/><V72/><F129/><W1/><G1/><T18/><D99/><U100/><E0/><V70/><F115/><W97/><G97/><T132/><D132/><U113/><E3/><V95/><F36/><W125/><G125/><T107/><D107/><U13/><E2/><V24/><F123/><W131/><G131/><T67/><D67/><U117/><E113/><V62/><F68/><W93/><G93/><T120/><D120/><U6/><E64/><V10/><F95/><W26/><AGARI ba="0,1" hai="23,26,31,49,53,56,77,78,88,89,90,96,102,104" machi="26" ten="30,4000,0" yaku="1,1,0,1,54,1,53,0" doraHai="38" doraHaiUra="58" who="3" fromWho="3" sc="250,-20,250,-10,250,-10,240,50" /><INIT seed="1,0,0,3,4,16" ten="230,240,240,290" oya="1" hai0="24,72,104,0,20,45,26,117,44,6,126,108,71" hai1="81,87,65,70,5,15,101,106,127,11,28,100,76" hai2="4,41,47,111,119,49,54,105,30,132,103,18,12" hai3="50,123,124,69,2,38,130,129,134,114,9,46,35"/><U86/><E127/><V91/><F119/><W107/><RYUUKYOKU type="yao9" ba="0,0" sc="230,0,240,0,240,0,290,0" hai3="2,9,35,38,46,50,69,107,114,123,124,129,130,134" /><INIT seed="1,1,0,5,0,135" ten="230,240,240,290" oya="1" hai0="115,28,5,57,87,44,92,17,125,26,52,60,32" hai1="113,77,134,43,49,126,9,7,31,75,63,70,0" hai2="110,83,128,88,37,66,101,47,64,72,42,59,16" hai3="4,14,24,3,82,99,131,73,68,54,34,133,56"/><U15/><E113/><V124/><F128/><W108/><G108/><T127/><D115/><U38/><E134/><V106/><F110/><W25/><G133/><T61/><D5/><U20/><E49/><V2/><F2/><W118/><G68/><T90/><D60/><U132/><E132/><V29/><F124/><N who="0" m="47690" /><D17/><U21/><E126/><V51/><F29/><W93/><G3/><T18/><D18/><U111/><E15/><V105/><F101/><W100/><G34/><N who="0" m="20759" /><D44/><N who="1" m="23671" /><E31/><V94/><F16/><W112/><G112/><T1/><D1/><U114/><E111/><V65/><F64/><W122/><G14/><T130/><D130/><U91/><E114/><V11/><F65/><W33/><G24/><T69/><D69/><U62/><E62/><V79/><F66/><W6/><G25/><T95/><D32/><U53/><E70/><V123/><F11/><W27/><G33/><T8/><D8/><U89/><E21/><V12/><F12/><W40/><G131/><T55/><D55/><U102/><E20/><V121/><F123/><W81/><G122/><T119/><D119/><U78/><E63/><V98/><REACH who="2" step="1"/><F121/><REACH who="2" ten="230,240,230,290" step="2"/><W71/><G4/><T74/><D74/><U76/><E75/><V97/><F97/><W117/><G6/><T96/><D96/><U129/><E129/><V35/><F35/><W23/><G73/><T13/><D13/><U104/><E7/><V39/><F39/><W86/><G99/><T80/><AGARI ba="1,1" hai="52,57,61,80,87,90,92,95" m="20759,47690" machi="80" ten="30,8000,1" yaku="18,1,52,3,54,1" doraHai="135" who="0" fromWho="0" sc="230,93,240,-41,230,-21,290,-21" /><INIT seed="2,0,0,3,4,45" ten="323,199,209,269" oya="2" hai0="127,21,124,117,108,99,12,63,96,50,7,16,131" hai1="70,11,39,27,17,93,128,92,104,87,25,67,47" hai2="8,77,120,36,4,22,40,68,102,132,18,56,28" hai3="51,20,80,88,135,30,89,97,46,101,72,26,9"/><V29/><F120/><W24/><G135/><T41/><D108/><U0/><E104/><V74/><F68/><W33/><G9/><T103/><D131/><U15/><E128/><V82/><F132/><W83/><G72/><T69/><D117/><U118/><E118/><V115/><F115/><W10/><G10/><T129/><D129/><U133/><E133/><V54/><F40/><W125/><G125/><N who="0" m="48203" /><D7/><U2/><E2/><V90/><F36/><W62/><G62/><T105/><D96/><U86/><E0/><V43/><F90/><W6/><G6/><T122/><D122/><U109/><E67/><V111/><F43/><W123/><G123/><T42/><D50/><U57/><E70/><V1/><F102/><W98/><G83/><T59/><D69/><U44/><E109/><V121/><F111/><W58/><G58/><T114/><D114/><U13/><E39/><V79/><F121/><W65/><G80/><T110/><D110/><U112/><E112/><V32/><F77/><W19/><G65/><AGARI ba="0,0" hai="12,16,21,41,42,59,63,65,99,103,105" m="48203" machi="65" ten="30,2000,0" yaku="18,1,54,1" doraHai="45" who="0" fromWho="3" sc="323,20,199,0,209,0,269,-20" /><INIT seed="3,0,0,4,5,90" ten="343,199,209,249" oya="3" hai0="17,43,105,25,48,47,57,102,10,36,58,1,110" hai1="89,16,75,41,131,62,28,68,51,70,79,7,20" hai2="55,13,94,87,82,108,127,59,23,5,34,97,4" hai3="64,133,71,126,21,38,24,132,8,135,9,52,39"/><W69/><G126/><T46/><D110/><U106/><E106/><V11/><F127/><W120/><G120/><T74/><D74/><U116/><E75/><V103/><F23/><W77/><G77/><T128/><D128/><U60/><E131/><V63/><F34/><W104/><G104/><T2/><D2/><U99/><E70/><N who="3" m="26634" /><G64/><T91/><D91/><U96/><E68/><V61/><F108/><W3/><G3/><T33/><D33/><U83/><E28/><V44/><F44/><W66/><G66/><T86/><D86/><N who="1" m="48511" /><E7/><N who="2" m="3327" /><F61/><N who="1" m="23657" /><E116/><V29/><F29/><N who="3" m="17551" /><G52/><T134/><D1/><U107/><E107/><V30/><F30/><W125/><G125/><T27/><D105/><U0/><E0/><V95/><F95/><W85/><G39/><T37/><D36/><U118/><E118/><V113/><F113/><W72/><G72/><T121/><D121/><U18/><E89/><AGARI ba="0,0" hai="4,5,55,59,63,82,87,89,94,97,103" m="3327" machi="89" ten="30,2000,0" yaku="8,1,52,1" doraHai="90" who="2" fromWho="1" sc="343,0,199,-20,209,20,249,0" owari="343,44.3,179,-32.1,229,-17.1,249,4.9" /></mjloggm>