<mjloggm ver="2.3"><GO type="225" lobby="0"/><UN n0="%E3%81%A1%E3%82%85%E3%81%86%E3%81%A9%E3%81%8F%E8%B1%A1%E3%81%95%E3%82%93" n1="%E7%89%B9%E6%9D%B1%E3%81%AF%E4%B8%96%E7%95%8C%E3%82%92%E6%95%91%E3%81%86" n2="%E3%81%AF%E3%82%88%E3%81%8A%E3%81%98%E3%81%95%E3%82%93" n3="%6D%75%75%6D%75%72%61" dan="17,16,16,17" rate="2163.52,2152.96,2130.34,2122.19" sx="M,M,M,F"/><TAIKYOKU oya="0"/><INIT seed="0,0,0,3,5,50" ten="250,250,250,250" oya="0" hai0="38,127,65,91,113,7,103,0,97,5,130,15,49" hai1="79,29,106,68,26,85,11,35,80,117,115,114,63" hai2="89,27,110,51,107,54,66,78,42,122,60,133,2" hai3="132,77,16,36,69,116,56,19,71,131,118,94,6"/><T23/><D113/><N who="1" m="43019" /><E106/><V125/><F122/><W41/><G6/><T17/><D38/><U82/><E117/><V44/><F2/><W39/><G77/><T129/><D65/><N who="1" m="41023" /><E80/><V101/><F107/><W96/><G131/><N who="0" m="50187" /><D127/><U58/><E58/><V32/><F125/><W75/><G132/><T34/><D34/><U124/><E124/><V59/><F133/><W28/><G75/><T4/><D49/><U67/><E67/><V104/><F110/><W25/><G69/><T14/><D91/><U76/><E11/><V45/><F78/><AGARI ba="0,0" hai="26,29,35,76,78,79,82,85" m="41023,43019" machi="78" ten="30,1000,0" yaku="11,1" doraHai="50" who="1" fromWho="2" sc="250,0,250,10,250,-10,250,0" /><INIT seed="1,0,0,4,4,122" ten="250,260,240,250" oya="1" hai0="97,111,68,69,85,105,125,108,94,100,20,88,73" hai1="13,93,128,110,30,133,74,45,48,34,33,124,67" hai2="50,1,22,3,28,49,81,123,72,75,41,23,19" hai3="11,24,29,51,92,37,129,95,117,2,98,15,89"/><U38/><E74/><V109/><F123/><W36/><G129/><T79/><D125/><U17/><E38/><V59/><F28/><W40/><G2/><T46/><D46/><U99/><E128/><V32/><F32/><W35/><G117/><T71/><D20/><U0/><E0/><V107/><F107/><W39/><G51/><T118/><D118/><U134/><E67/><V62/><F62/><W53/><G53/><T90/><D90/><N who="1" m="55735" /><E30/><V21/><F21/><W54/><G54/><T132/><D132/><N who="1" m="50795" /><E124/><V119/><F119/><W47/><REACH who="3" step="1"/><G92/><REACH who="3" ten="250,260,240,240" step="2"/><T77/><D77/><U8/><E110/><V18/><F41/><AGARI ba="0,1" hai="8,13,17,33,34,41,45,48" m="50795,55735" machi="41" ten="30,1500,0" yaku="20,1" doraHai="122" who="1" fromWho="2" sc="250,0,260,25,240,-15,240,0" /><INIT seed="1,1,0,2,3,129" ten="250,285,225,240" oya="1" hai0="44,4,59,54,21,125,7,17,15,128,80,83,94" hai1="13,28,90,95,60,84,106,104,67,57,45,56,36" hai2="131,86,22,29,109,114,19,81,122,2,35,127,53" hai3="89,126,64,96,8,3,107,75,103,112,82,41,130"/><U38/><E28/><V43/><F122/><W98/><G112/><T115/><D115/><U47/><E13/><V117/><F114/><W105/><G130/><T73/><D128/><U69/><E69/><V20/><F117/><W119/><G119/><T68/><D68/><U16/><E16/><V11/><F131/><W62/><G126/><T66/><D125/><U97/><E57/><V61/><F127/><W46/><G75/><T113/><D113/><U133/><E133/><V9/><F43/><W93/><G82/><N who="0" m="31275" /><D73/><U31/><E31/><V118/><F109/><W124/><G124/><T34/><D34/><U33/><E33/><V5/><F118/><W121/><G121/><T32/><D32/><U50/><E47/><V30/><F11/><W71/><G8/><T78/><D78/><U14/><E14/><V87/><F87/><W72/><G72/><T120/><D120/><U52/><REACH who="1" step="1"/><E84/><REACH who="1" ten="250,275,225,240" step="2"/><V123/><F35/><W18/><G18/><T51/><D17/><U10/><E10/><V76/><F123/><W0/><REACH who="3" step="1"/><G105/><AGARI ba="1,1" hai="36,38,45,50,52,56,60,67,90,95,97,104,105,106" machi="105" ten="40,3900,0" yaku="1,1,54,1,53,0" doraHai="129" doraHaiUra="134" who="1" fromWho="3" sc="250,0,275,52,225,0,240,-42" /><INIT seed="1,2,0,3,1,130" ten="250,327,225,198" oya="1" hai0="107,89,60,95,127,9,27,103,79,65,75,93,94" hai1="112,47,108,100,133,59,85,8,45,50,35,57,4" hai2="120,131,14,10,87,73,82,111,16,38,99,109,20" hai3="32,98,72,81,126,7,5,101,67,83,113,56,2"/><U64/><E112/><V78/><F120/><W116/><G113/><T43/><D43/><U76/><E35/><V25/><F131/><W1/><G126/><T102/><D127/><U114/><E114/><V88/><F38/><W24/><G116/><T49/><D75/><U70/><E70/><V6/><REACH who="2" step="1"/><F99/><REACH who="2" ten="250,327,215,198" step="2"/><W21/><G98/><T19/><D107/><U29/><E108/><V69/><F69/><W125/><G125/><T26/><D103/><U63/><E100/><V121/><F121/><W129/><G101/><T52/><D102/><U33/><E59/><V46/><F46/><W0/><G129/><T62/><D94/><AGARI ba="2,1" hai="6,10,14,16,20,25,73,78,82,87,88,94,109,111" machi="94" ten="40,5200,0" yaku="1,1,54,2,53,0" doraHai="130" doraHaiUra="40" who="2" fromWho="0" sc="250,-58,327,0,215,68,198,0" /><INIT seed="2,0,0,0,2,18" ten="192,327,283,198" oya="2" hai0="6,90,3,126,42,34,99,69,93,104,17,87,36" hai1="70,100,9,83,64,81,25,103,4,45,88,107,50" hai2="105,82,62,132,33,65,128,67,115,56,55,28,84" hai3="7,94,52,2,23,32,0,116,76,66,135,37,16"/><V41/><F115/><W49/><G116/><T38/><D126/><U61/><E107/><V57/><F105/><W77/><G37/><T20/><D69/><U95/><E25/><V15/><F128/><W51/><G32/><T59/><D34/><U12/><E103/><V121/><F121/><W118/><G118/><T97/><D42/><U134/><E100/><V21/><F132/><W74/><G135/><T122/><D122/><U73/><E73/><V26/><F41/><W124/><G124/><T14/><D59/><U80/><E134/><V110/><F110/><W1/><G66/><T125/><D125/><U89/><REACH who="1" step="1"/><E95/><REACH who="1" ten="192,317,283,198" step="2"/><V119/><F119/><W108/><G74/><T68/><D104/><U63/><E63/><V19/><REACH who="2" step="1"/><F56/><REACH who="2" ten="192,317,273,198" step="2"/><W22/><G108/><T60/><D68/><U40/><AGARI ba="0,2" hai="4,9,12,40,45,50,61,64,70,80,81,83,88,89" machi="40" ten="30,4000,0" yaku="1,1,0,1,54,1,53,0" doraHai="18" doraHaiUra="113" who="1" fromWho="1" sc="192,-10,317,60,273,-20,198,-10" /><INIT seed="3,0,0,5,1,121" ten="182,377,253,188" oya="3" hai0="32,27,2,70,12,48,40,133,34,81,78,124,47" hai1="14,97,24,111,79,23,99,35,113,77,94,59,7" hai2="80,101,82,93,13,30,108,87,96,15,107,26,49" hai3="89,98,104,55,127,54,9,16,135,109,102,122,53"/><W36/><G122/><T88/><D70/><U69/><E69/><V50/><F108/><W57/><G127/><T76/><D2/><U52/><E111/><V68/><F68/><W116/><G116/><T134/><D124/><U132/><E35/><N who="0" m="13353" /><D12/><N who="2" m="4682" /><F107/><W128/><G109/><T126/><D126/><U75/><E132/><N who="0" m="50793" /><D27/><U125/><E75/><V72/><F72/><W4/><G135/><T63/><D63/><N who="1" m="36327" /><E99/><V25/><F82/><W20/><G128/><T103/><D103/><N who="1" m="60855" /><E113/><V129/><F129/><W115/><G115/><T8/><D8/><N who="1" m="4383" /><E125/><V67/><F67/><W90/><G36/><T43/><D43/><U120/><E120/><V64/><F64/><W6/><G9/><T92/><D81/><U18/><AGARI ba="0,0" hai="18,23,24,77,79" m="4383,60855,36327" machi="18" ten="30,2000,0" yaku="8,1,54,1" doraHai="121" who="1" fromWho="1" sc="182,-5,377,20,253,-5,188,-10" owari="177,-32.3,397,49.7,248,4.8,178,-22.2" /></mjloggm>