<mjloggm ver="2.3"><GO type="225" lobby="0"/><UN n0="%E3%81%8B%E3%82%8F%E3%81%A1%E3%82%83%E3%82%93%35%38" n1="%E6%B8%A9%E2%98%85%E6%83%85%E2%98%85%E6%8E%AA%E2%98%85%E7%BD%AE" n2="%E3%83%B4%E3%82%A3%E3%83%AF%E3%82%B3%E3%82%B0%E3%83%8B" n3="%73%6C%69%63%6B%33%31%39" dan="16,16,16,16" rate="2147.05,2174.09,2168.35,2107.69" sx="M,M,M,M"/><TAIKYOKU oya="0"/><INIT seed="0,0,0,3,1,0" ten="250,250,250,250" oya="0" hai0="21,122,57,95,69,88,50,3,86,25,97,119,54" hai1="127,61,77,83,48,33,126,120,59,18,109,17,42" hai2="30,125,29,92,79,28,123,101,56,110,130,124,43" hai3="49,113,102,62,4,31,40,19,135,103,93,89,1"/><T67/><D119/><U98/><E120/><V114/><F123/><W82/><G113/><T65/><D122/><U66/><E33/><V121/><F121/><W111/><G31/><T107/><D69/><U81/><E109/><V14/><F110/><W85/><G111/><T8/><D107/><U134/><E134/><V11/><F79/><W55/><G135/><T71/><D71/><U13/><E98/><V115/><F43/><W116/><G116/><T132/><D132/><U7/><E7/><N who="2" m="3455" /><F56/><W44/><G19/><N who="1" m="7178" /><E13/><V105/><F105/><W75/><G75/><T5/><REACH who="0" step="1"/><D97/><REACH who="0" ten="240,250,250,250" step="2"/><U91/><E126/><V32/><F125/><W36/><G62/><T16/><AGARI ba="0,1" hai="3,5,8,16,21,25,50,54,57,65,67,86,88,95" machi="16" ten="20,24000,3" yaku="1,1,2,1,0,1,7,1,52,1,54,2,53,1" doraHai="0" doraHaiUra="15" who="0" fromWho="0" sc="240,250,250,-80,250,-80,250,-80" /><INIT seed="0,1,0,0,3,27" ten="490,170,170,170" oya="0" hai0="35,13,46,130,7,50,8,69,105,60,103,44,134" hai1="97,47,80,17,128,16,77,117,84,116,10,36,42" hai2="15,20,118,41,51,38,0,131,2,115,129,71,25" hai3="5,61,64,135,124,55,89,58,90,40,29,73,57"/><T43/><D134/><U86/><E128/><N who="2" m="49227" /><F38/><W6/><G73/><T96/><D130/><U91/><E97/><V12/><F71/><W76/><G135/><T81/><D35/><U49/><E36/><V94/><F94/><W99/><G124/><T9/><D69/><U123/><E123/><V14/><F115/><W33/><G76/><T110/><D110/><U79/><E79/><V127/><F127/><W4/><G40/><T132/><D132/><U112/><E112/><V31/><F118/><W122/><G122/><T45/><D60/><U21/><E10/><V100/><F100/><W121/><G121/><T95/><D105/><U108/><E108/><V125/><F125/><W109/><G109/><T32/><D32/><U87/><E17/><V111/><F111/><W28/><G33/><T113/><D113/><U82/><REACH who="1" step="1"/><E86/><REACH who="1" ten="490,160,170,170" step="2"/><V18/><F18/><W63/><G99/><T34/><D96/><U65/><E65/><V53/><F41/><W74/><G74/><T59/><D9/><U75/><E75/><V62/><F62/><W88/><AGARI ba="1,1" hai="4,5,6,28,29,55,57,58,61,63,64,88,89,90" machi="88" ten="30,8000,1" yaku="0,1,8,1,52,2,54,1" doraHai="27" who="3" fromWho="3" sc="490,-41,160,-21,170,-21,170,93" /><INIT seed="1,0,0,3,0,73" ten="449,139,149,263" oya="1" hai0="71,76,14,51,41,32,101,34,35,52,36,49,134" hai1="124,15,4,39,17,98,82,80,63,16,7,132,128" hai2="133,123,117,108,97,53,47,125,96,11,45,25,116" hai3="129,88,93,127,78,94,87,10,75,68,79,23,6"/><U122/><E122/><V89/><F123/><W55/><G68/><T61/><D49/><U91/><E39/><V43/><F108/><W86/><G75/><T105/><D76/><N who="3" m="29225" /><G129/><T109/><D14/><U20/><E128/><V42/><F133/><W77/><G127/><T2/><D2/><U83/><E132/><V8/><F25/><W19/><N who="3" m="29233" /><W72/><DORA hai="66" /><G72/><T135/><D109/><U3/><E3/><V0/><F0/><W54/><G6/><T58/><D101/><U120/><E120/><V70/><F89/><N who="3" m="53431" /><G10/><T31/><D105/><U99/><E124/><V114/><F125/><W113/><G113/><T92/><D34/><U57/><E17/><V13/><F13/><AGARI ba="0,0" hai="13,19,23,54,55,87,88,94" m="53431,29233" machi="13" ten="30,12000,2" yaku="8,1,52,4,54,1" doraHai="73,66" who="3" fromWho="2" sc="449,0,139,0,149,-120,263,120" /><INIT seed="2,0,0,1,2,18" ten="449,139,29,383" oya="2" hai0="20,97,27,32,0,43,109,61,30,45,84,122,26" hai1="118,8,12,5,65,103,98,107,78,44,46,23,70" hai2="59,68,82,57,112,4,102,80,17,40,2,96,101" hai3="67,22,76,94,51,117,77,113,34,38,56,54,124"/><V71/><F112/><W95/><G117/><T116/><D122/><U106/><E118/><V114/><F114/><W127/><G34/><T81/><D0/><U111/><E111/><V99/><F2/><W15/><G38/><T62/><D109/><U33/><E33/><V69/><F17/><N who="3" m="10559" /><G67/><T48/><D116/><U90/><E78/><N who="3" m="30314" /><G113/><T130/><D130/><U120/><E120/><V3/><F3/><W134/><G134/><T75/><D97/><N who="2" m="37450" /><F40/><W50/><G50/><T133/><D75/><U19/><E107/><V85/><F85/><W115/><G115/><T100/><D100/><N who="2" m="38506" /><F4/><W16/><G16/><T28/><D133/><U1/><E90/><AGARI ba="0,0" hai="20,26,27,28,30,32,43,45,48,61,62,81,84,90" machi="90" ten="30,2000,0" yaku="7,1,52,1" doraHai="18" who="0" fromWho="1" sc="449,20,139,-20,29,0,383,0" /><INIT seed="3,0,0,4,1,8" ten="469,119,29,383" oya="3" hai0="79,91,57,14,3,97,35,4,99,52,42,134,90" hai1="133,119,67,125,83,116,132,23,21,48,114,93,51" hai2="96,82,9,87,30,62,106,70,103,0,40,45,31" hai3="18,11,88,54,13,58,98,41,20,73,39,36,107"/><W29/><G73/><T135/><D35/><U66/><E114/><V47/><F0/><W115/><G115/><T78/><D3/><U85/><E93/><V7/><F70/><W22/><G22/><BYE who="3" /><N who="1" m="8202" /><E125/><V60/><F31/><W77/><G77/><N who="0" m="29195" /><D42/><U1/><E1/><V53/><F30/><W104/><G104/><T43/><D43/><U100/><E100/><V26/><F26/><W130/><G130/><T72/><D72/><U117/><E51/><V123/><F123/><W56/><G56/><T118/><D118/><U37/><E48/><V120/><F120/><W127/><G127/><T65/><D65/><N who="1" m="24587" /><E37/><V32/><F32/><W50/><G50/><N who="0" m="30871" /><D14/><U61/><E61/><V81/><F53/><W59/><G59/><T38/><D4/><U63/><E63/><V108/><F108/><W2/><G2/><T6/><D6/><U33/><E33/><V34/><F34/><W126/><G126/><T131/><D38/><U19/><E19/><V75/><F75/><W49/><G49/><T112/><D112/><U128/><E128/><V122/><F122/><W16/><G16/><T25/><D25/><U17/><E17/><V111/><F111/><W101/><G101/><T46/><D46/><U105/><E105/><V102/><F102/><W86/><G86/><T12/><D12/><U84/><E84/><V55/><F55/><W71/><G71/><T113/><D113/><U28/><E28/><V92/><F106/><W124/><G124/><T44/><D44/><N who="2" m="16970" /><F40/><W5/><G5/><T74/><D90/><AGARI ba="0,0" hai="83,85,90,116,117,119,132,133" m="24587,8202" machi="90" ten="40,1300,0" yaku="12,1" doraHai="8" who="1" fromWho="0" sc="469,-13,119,13,29,0,383,0" owari="456,55.6,132,-26.8,29,-47.1,383,18.3" /></mjloggm>