<mjloggm ver="2.3"><GO type="225" lobby="0"/><UN n0="%E5%B8%86%E7%AB%8B%E5%A4%8F%E8%A1%A3" n1="%E3%81%82%E3%81%84%E3%81%82%E3%81%8A%E3%81%84" n2="%4D%50%43%32%38%30%30" n3="%E5%A4%8F%E9%88%B4%E9%88%B4%E5%A4%8F" dan="17,18,16,16" rate="2148.84,2199.75,2105.65,2127.83" sx="M,M,M,M"/><TAIKYOKU oya="0"/><INIT seed="0,0,0,3,1,123" ten="250,250,250,250" oya="0" hai0="57,22,103,118,90,74,51,117,27,65,127,78,31" hai1="6,105,71,56,13,30,79,121,44,55,106,114,0" hai2="25,2,61,109,100,15,23,107,131,17,82,39,66" hai3="1,91,124,96,46,54,80,37,68,126,119,62,115"/><T73/><D127/><N who="3" m="48681" /><G115/><T122/><D122/><U135/><E121/><V9/><F39/><W26/><G1/><T125/><D125/><U98/><E114/><V108/><F131/><W53/><G119/><T49/><D90/><U43/><E71/><V85/><F107/><W34/><G96/><T47/><D103/><U77/><E0/><V20/><F100/><W18/><G91/><T93/><D93/><U36/><E135/><V50/><F50/><W40/><G80/><T48/><D47/><U112/><E30/><V89/><F2/><W12/><G26/><T87/><D87/><U3/><E3/><V16/><REACH who="2" step="1"/><F9/><REACH who="2" ten="250,250,240,250" step="2"/><N who="3" m="6415" /><G34/><T21/><D118/><U133/><E112/><V101/><F101/><W33/><G33/><T88/><D117/><U99/><E106/><V64/><F64/><AGARI ba="0,1" hai="37,40,46,53,54,62,64,68" m="6415,48681" machi="64" ten="30,1000,0" yaku="18,1" doraHai="123" who="3" fromWho="2" sc="250,0,250,0,240,-10,250,20" /><INIT seed="1,0,0,5,1,124" ten="250,250,230,270" oya="1" hai0="41,129,55,39,17,65,81,114,73,30,79,51,20" hai1="119,125,93,18,97,28,86,60,49,89,84,118,23" hai2="21,131,2,91,68,115,59,113,3,33,112,72,130" hai3="40,12,36,100,52,103,127,74,5,121,61,45,69"/><U62/><E125/><V98/><F68/><W122/><G74/><T126/><D126/><U43/><E28/><V11/><F33/><W32/><G32/><T117/><D117/><U94/><E118/><V132/><F132/><W46/><G127/><T24/><D114/><U47/><E119/><V96/><F72/><W85/><G85/><T9/><D65/><U128/><E128/><N who="2" m="49195" /><F11/><W90/><G90/><T27/><D129/><U78/><E78/><V42/><F42/><W26/><G40/><T7/><D39/><U8/><E8/><V10/><F10/><W133/><G36/><T37/><D37/><U88/><REACH who="1" step="1"/><E97/><REACH who="1" ten="250,240,230,270" step="2"/><N who="2" m="37483" /><F91/><W116/><G116/><T66/><D9/><U102/><E102/><V134/><F134/><W22/><G103/><T50/><D7/><U19/><E19/><V67/><F21/><W0/><G100/><T15/><D20/><U70/><E70/><V29/><F29/><W48/><G69/><T83/><D30/><U104/><E104/><V111/><F111/><W38/><G133/><T56/><D79/><U75/><E75/><V31/><F31/><W87/><G22/><T108/><D73/><U63/><E63/><AGARI ba="0,1" hai="2,3,59,63,67,112,113,115" m="37483,49195" machi="63" ten="40,8000,1" yaku="11,1,19,1,52,3" doraHai="124" who="2" fromWho="1" sc="250,0,240,-80,230,90,270,0" /><INIT seed="2,0,0,2,2,67" ten="250,160,320,270" oya="2" hai0="29,70,133,28,52,62,80,94,41,33,2,23,119" hai1="34,75,107,130,42,96,84,19,49,58,39,128,89" hai2="3,43,131,63,38,60,5,12,92,56,83,73,7" hai3="76,57,135,15,103,65,47,108,50,125,37,116,106"/><V20/><F131/><W64/><G76/><T86/><D133/><U45/><E75/><V17/><F63/><N who="3" m="37999" /><G15/><T129/><D129/><U88/><E34/><V79/><F3/><W54/><G103/><T77/><D119/><U100/><E89/><V21/><F21/><W115/><G106/><T66/><D33/><U105/><E105/><V27/><F12/><W109/><G135/><T16/><D41/><U53/><REACH who="1" step="1"/><E19/><REACH who="1" ten="250,150,320,270" step="2"/><V104/><F104/><W44/><G108/><T26/><D2/><U117/><E117/><V81/><F73/><W14/><G109/><T95/><D29/><U32/><E32/><V87/><F79/><W132/><G116/><T69/><D28/><U121/><E121/><V123/><F123/><W46/><G132/><T112/><D112/><U0/><E0/><V1/><F1/><W82/><G115/><T78/><D78/><U48/><E48/><V90/><F38/><W113/><G50/><T6/><D6/><U127/><E127/><V24/><F7/><W68/><G37/><T8/><D16/><U111/><E111/><V40/><F5/><W59/><G125/><T35/><D77/><U71/><E71/><V22/><F27/><W120/><G68/><T18/><D70/><U85/><E85/><V126/><F126/><W114/><G120/><T99/><D35/><U118/><E118/><V91/><F24/><W102/><G113/><T31/><D26/><U11/><E11/><V36/><F36/><W61/><G114/><T30/><D18/><U55/><E55/><N who="2" m="33823" /><F17/><W134/><G134/><T98/><D31/><U74/><E74/><RYUUKYOKU ba="0,1" sc="250,-10,150,30,320,-10,270,-10" hai1="39,42,45,49,53,58,84,88,96,100,107,128,130" /><INIT seed="3,1,1,4,5,127" ten="240,180,310,260" oya="3" hai0="55,76,71,17,75,66,106,118,57,98,61,18,14" hai1="64,100,67,50,104,101,123,12,6,21,96,65,24" hai2="72,135,91,95,26,15,88,131,56,105,128,48,49" hai3="8,38,93,110,30,27,7,102,39,92,130,25,33"/><W70/><G70/><T31/><D118/><U121/><E101/><V68/><F68/><W44/><G110/><T37/><D37/><U74/><E74/><V103/><F72/><W122/><G122/><T79/><D31/><U46/><E6/><V80/><F135/><W23/><G44/><T82/><D76/><U111/><E12/><V115/><F115/><W132/><G132/><T20/><D18/><U45/><E111/><V11/><F26/><W81/><G81/><T42/><D42/><U77/><E77/><V32/><F32/><W83/><G83/><T29/><D29/><U13/><E13/><V34/><F34/><W16/><G130/><N who="2" m="49705" /><F105/><W22/><G33/><T47/><D47/><U51/><E46/><V94/><F56/><W116/><G116/><T3/><D3/><U117/><E117/><V124/><F103/><W85/><G102/><T36/><D106/><U89/><E89/><V125/><F80/><W60/><G25/><T78/><D78/><U90/><E90/><N who="2" m="34347" /><F95/><W108/><G92/><T126/><D126/><N who="2" m="48746" /><F94/><W54/><G93/><T40/><D71/><U2/><E2/><V4/><AGARI ba="1,1" hai="4,11,15,48,49" m="48746,34347,49705" machi="4" ten="40,12000,2" yaku="19,1,18,1,52,3,54,1" doraHai="127" who="2" fromWho="2" sc="240,-31,180,-31,310,133,260,-61" owari="209,0.9,149,-35.1,443,54.3,199,-20.1" /></mjloggm>