<mjloggm ver="2.3"><GO type="225" lobby="0"/><UN n0="%E8%BE%9B%E5%8F%A3%E3%82%AB%E3%83%AC%E3%83%BC%E3%83%A9%E3%82%A4%E3%82%B9" n1="%73%6C%69%63%6B%33%31%39" n2="%E8%90%BD%E6%97%A5" n3="%E3%81%9F%E3%81%8C%E3%82%84%E3%81%99" dan="16,16,16,17" rate="2240.22,2082.25,2087.34,2198.61" sx="M,M,F,M"/><TAIKYOKU oya="0"/><INIT seed="0,0,0,2,3,118" ten="250,250,250,250" oya="0" hai0="92,120,125,86,3,42,114,46,10,131,96,59,8" hai1="112,126,119,107,32,81,61,64,104,52,65,121,40" hai2="135,62,37,24,91,109,94,26,39,110,82,101,129" hai3="123,2,66,97,12,95,20,102,69,134,43,80,63"/><T111/><D114/><U58/><E119/><V9/><F101/><W130/><G2/><T74/><D74/><U122/><E32/><V115/><F82/><W28/><G43/><T16/><D125/><U1/><E1/><V27/><F115/><W6/><G134/><T29/><D131/><U132/><E112/><V99/><F135/><W85/><G130/><T100/><D120/><U34/><E34/><V21/><F129/><W51/><G51/><T47/><D29/><U68/><E132/><V71/><F9/><W76/><G6/><T108/><D59/><U57/><E126/><V25/><F62/><W79/><G123/><T105/><D3/><U35/><E35/><V72/><F71/><W14/><G76/><T106/><D47/><U7/><E68/><V88/><F91/><W124/><G124/><T0/><D0/><U117/><E117/><V53/><F53/><W93/><G93/><T5/><D86/><U84/><E104/><V49/><F49/><W116/><G116/><T90/><D5/><U75/><E107/><N who="0" m="40969" /><D16/><U113/><E75/><V48/><F48/><W60/><G60/><T11/><D100/><U17/><E113/><V13/><F13/><W22/><G22/><T67/><D67/><U30/><E7/><V15/><F15/><W4/><G4/><T54/><D54/><U33/><E52/><V18/><REACH who="2" step="1"/><F72/><REACH who="2" ten="250,250,240,250" step="2"/><W87/><G87/><T98/><D98/><U23/><E84/><V31/><F31/><W77/><G77/><T36/><D96/><U70/><E122/><V89/><F89/><W127/><G127/><T41/><D41/><RYUUKYOKU ba="0,1" sc="250,10,250,-30,240,10,250,10" hai0="8,10,11,36,42,46,90,92,108,111" hai2="18,21,24,25,26,27,37,39,88,94,99,109,110" hai3="12,14,20,28,63,66,69,79,80,85,95,97,102" /><INIT seed="0,1,1,2,0,135" ten="260,220,250,260" oya="0" hai0="57,71,101,127,59,102,86,95,83,129,32,104,91" hai1="53,39,55,97,117,106,74,9,84,63,41,98,131" hai2="122,24,7,23,30,16,46,31,20,133,113,121,8" hai3="34,27,22,81,115,128,54,56,94,96,45,107,100"/><T26/><D71/><U4/><E117/><V118/><F46/><W90/><G34/><T126/><D129/><U73/><E131/><V124/><F113/><W134/><G128/><T77/><D32/><U3/><E74/><V67/><F67/><W123/><G115/><T114/><D114/><U17/><E73/><V65/><F65/><W72/><G45/><T69/><D26/><U88/><E41/><V85/><F85/><W108/><G123/><N who="2" m="47113" /><F133/><W52/><G134/><T111/><D111/><U125/><E39/><V35/><F118/><W93/><G108/><T12/><D12/><U25/><E125/><N who="0" m="47625" /><D69/><U99/><E106/><V105/><F105/><W18/><G54/><T1/><D1/><U64/><E25/><N who="2" m="14471" /><F124/><W61/><G107/><T62/><D104/><U120/><E120/><V43/><F43/><W28/><G72/><N who="0" m="43431" /><D57/><U110/><E110/><V38/><F38/><W13/><G81/><T80/><D80/><U60/><E53/><AGARI ba="1,1" hai="53,59,62,86,91,95,101,102" m="43431,47625" machi="53" ten="30,11600,0" yaku="18,1,52,3" doraHai="135" who="0" fromWho="1" sc="260,129,220,-119,250,0,260,0" /><INIT seed="0,2,0,1,5,1" ten="389,101,250,260" oya="0" hai0="77,105,74,71,63,54,104,35,92,21,109,87,121" hai1="113,102,103,39,24,82,5,86,96,70,80,48,3" hai2="75,60,128,93,118,7,107,108,115,16,52,65,110" hai3="119,25,49,99,33,116,27,40,17,31,97,36,14"/><T132/><D121/><U124/><E39/><V15/><F107/><W126/><G36/><T81/><D35/><U59/><E70/><V4/><F75/><W18/><G126/><T64/><D132/><U8/><E124/><V66/><F115/><W100/><G27/><T61/><D109/><N who="2" m="42090" /><F128/><W47/><G99/><T53/><D21/><U127/><E127/><V129/><F129/><W51/><G49/><T134/><D134/><U13/><E113/><V88/><F52/><W67/><G67/><N who="2" m="25609" /><F60/><W11/><REACH who="3" step="1"/><G18/><REACH who="3" ten="389,101,250,250" step="2"/><T10/><D64/><U28/><E48/><V32/><F118/><W94/><AGARI ba="2,1" hai="11,14,17,25,31,33,40,47,51,94,97,100,116,119" machi="94" ten="20,5200,0" yaku="1,1,2,1,0,1,7,1,53,0" doraHai="1" doraHaiUra="111" who="3" fromWho="3" sc="389,-28,101,-15,250,-15,250,68" /><INIT seed="1,0,0,1,1,79" ten="361,86,235,318" oya="1" hai0="74,71,70,44,49,89,8,64,135,104,20,69,126" hai1="127,55,117,18,42,82,78,36,34,100,94,132,0" hai2="102,17,105,107,84,80,9,106,58,96,23,66,21" hai3="62,68,124,37,92,75,2,131,30,38,123,32,129"/><U19/><E117/><V22/><F9/><W95/><G2/><T128/><D104/><U28/><E0/><V118/><F118/><W57/><G68/><T90/><D74/><U99/><E127/><V98/><F17/><W77/><G123/><T122/><D126/><U24/><E132/><V5/><F5/><W63/><G124/><T43/><D135/><U87/><REACH who="1" step="1"/><E55/><REACH who="1" ten="361,76,235,318" step="2"/><V47/><F47/><AGARI ba="0,1" hai="18,19,24,28,34,36,42,47,78,82,87,94,99,100" machi="47" ten="40,12000,1" yaku="1,1,2,1,52,1,53,1" doraHai="79" doraHaiUra="72" who="1" fromWho="2" sc="361,0,76,130,235,-120,318,0" /><INIT seed="1,1,0,5,3,83" ten="361,206,115,318" oya="1" hai0="1,74,98,93,45,21,120,122,48,72,112,43,85" hai1="80,11,134,46,81,110,12,58,38,59,106,50,62" hai2="71,22,42,89,135,23,65,76,119,70,99,115,68" hai3="27,10,16,2,31,24,30,125,0,121,60,91,73"/><U127/><E106/><V129/><F119/><W39/><G39/><T15/><D112/><U13/><E38/><V132/><F115/><W49/><G73/><T34/><D1/><U55/><E127/><V44/><F65/><W14/><G121/><N who="0" m="46699" /><D34/><U33/><E33/><V88/><F129/><W95/><G125/><T63/><D63/><U64/><E134/><N who="2" m="51243" /><F76/><W53/><G60/><T78/><D85/><U47/><E110/><V108/><F108/><W124/><G124/><T126/><D78/><U4/><E80/><V54/><F54/><W51/><G0/><T69/><D69/><N who="2" m="17666" /><V19/><DORA hai="117" /><F99/><W109/><G2/><T104/><D104/><U86/><REACH who="1" step="1"/><E13/><REACH who="1" ten="361,196,115,318" step="2"/><N who="2" m="9583" /><F23/><W82/><G82/><T40/><D126/><U131/><E131/><V25/><F25/><W101/><G27/><T103/><D40/><U56/><E56/><V8/><F8/><W75/><G24/><T37/><D37/><AGARI ba="1,1" hai="37,42,44,88,89" m="9583,17666,51243" machi="37" ten="40,2600,0" yaku="20,1,54,1" doraHai="83,117" who="2" fromWho="0" sc="361,-29,196,0,115,39,318,0" /><INIT seed="2,0,0,5,5,24" ten="332,196,154,318" oya="2" hai0="85,82,15,20,113,131,125,112,130,116,89,64,77" hai1="111,41,23,17,120,61,105,80,66,93,46,126,28" hai2="9,99,92,123,117,3,83,58,84,53,135,128,56" hai3="104,101,10,47,62,103,14,74,29,87,40,6,2"/><V42/><F117/><W8/><G74/><T76/><D64/><U94/><E105/><V11/><F123/><W63/><G87/><T44/><D125/><U119/><E119/><V52/><F128/><N who="0" m="49194" /><D116/><U60/><E28/><V13/><F135/><W4/><G29/><T49/><D20/><U134/><E61/><N who="2" m="35983" /><F42/><W81/><G81/><N who="0" m="49327" /><D15/><U48/><E134/><V107/><F107/><W7/><G7/><T71/><D71/><U78/><E120/><V65/><F65/><W55/><G104/><T32/><D32/><U50/><E41/><V38/><F38/><W90/><G90/><T69/><D69/><U109/><E66/><V57/><F3/><W33/><G33/><T51/><D51/><U19/><E126/><V100/><F13/><W0/><G14/><T25/><D25/><U121/><E121/><V118/><F118/><W133/><G133/><T115/><D82/><U16/><E78/><N who="0" m="30313" /><D115/><U73/><E73/><V35/><F35/><W122/><G122/><T54/><AGARI ba="0,0" hai="44,49,54,112,113" m="30313,49327,49194" machi="54" ten="30,1100,0" yaku="19,1" doraHai="24" who="0" fromWho="0" sc="332,11,196,-3,154,-5,318,-3" /><INIT seed="3,0,0,3,4,132" ten="343,193,149,315" oya="3" hai0="81,76,84,53,64,27,78,98,13,30,37,116,49" hai1="100,131,59,14,10,3,120,34,48,50,28,96,125" hai2="58,55,104,67,87,129,102,83,119,115,57,8,66" hai3="101,94,103,90,69,95,20,86,122,9,7,127,35"/><W42/><G35/><T88/><D37/><U12/><E120/><V114/><F119/><W97/><G69/><T99/><D116/><U73/><E73/><V44/><F129/><W93/><G122/><T19/><D64/><U126/><E3/><V85/><F102/><W123/><G123/><T106/><D106/><U26/><E131/><V45/><F104/><W134/><G134/><T32/><D78/><U15/><E10/><V117/><F117/><W11/><G127/><N who="1" m="48650" /><E59/><V61/><F8/><W39/><G20/><T62/><D62/><U109/><E109/><V33/><F33/><W113/><G113/><T46/><D76/><U70/><E70/><V92/><F92/><AGARI ba="0,0" hai="12,14,15,26,28,34,48,50,92,96,100" m="48650" machi="92" ten="30,7700,0" yaku="18,1,52,3" doraHai="132" who="1" fromWho="2" sc="343,0,193,77,149,-77,315,0" owari="343,44.3,270,-13.0,72,-42.8,315,11.5" /></mjloggm>