<mjloggm ver="2.3"><GO type="225" lobby="0"/><UN n0="%E3%81%8B%E3%82%8F%E3%81%A1%E3%82%83%E3%82%93%35%38" n1="%72%61%6B%33" n2="%E5%A4%8F%E9%88%B4%E9%88%B4%E5%A4%8F" n3="%E6%B8%A9%E2%98%85%E6%83%85%E2%98%85%E6%8E%AA%E2%98%85%E7%BD%AE" dan="16,16,16,17" rate="2178.87,2044.18,2112.85,2214.05" sx="M,M,M,M"/><TAIKYOKU oya="0"/><INIT seed="0,0,0,3,4,72" ten="250,250,250,250" oya="0" hai0="10,20,6,128,133,111,40,129,52,102,66,127,28" hai1="77,103,60,24,123,36,107,116,41,17,79,37,48" hai2="85,100,73,22,47,29,70,35,93,80,105,88,34" hai3="125,11,71,126,84,7,97,50,63,14,21,61,25"/><T65/><D40/><U13/><E116/><V56/><F70/><W91/><G97/><T117/><D117/><U115/><E123/><V12/><F47/><W130/><G130/><N who="0" m="50283" /><D102/><U118/><E118/><V106/><F106/><W26/><G50/><T64/><D133/><U27/><E115/><V83/><F83/><W55/><G55/><T9/><D127/><N who="3" m="48649" /><G71/><T45/><D111/><U121/><E121/><V4/><F4/><W135/><G135/><T59/><D45/><U76/><E60/><N who="3" m="23114" /><G21/><T43/><D43/><U113/><E48/><V57/><F57/><W42/><G42/><T49/><D6/><U46/><E113/><V82/><F56/><W81/><AGARI ba="0,0" hai="7,11,14,25,26,81,84,91" m="23114,48649" machi="81" ten="30,1100,0" yaku="18,1" doraHai="72" who="3" fromWho="3" sc="250,-5,250,-3,250,-3,250,11" /><INIT seed="1,0,0,5,4,115" ten="245,247,247,261" oya="1" hai0="35,7,13,98,88,132,120,36,87,23,43,75,56" hai1="39,67,96,21,53,19,91,125,38,25,71,80,82" hai2="58,64,46,72,73,14,10,57,2,59,114,4,54" hai3="103,55,117,8,108,41,70,52,123,31,1,135,44"/><U78/><E125/><V61/><F114/><W90/><G123/><T83/><D35/><U40/><E71/><V24/><F2/><W42/><G70/><T3/><D3/><U5/><E67/><V107/><F107/><W104/><G31/><T102/><D132/><U133/><E133/><V124/><F124/><W85/><G135/><T113/><D113/><U110/><E110/><V86/><F72/><W6/><G108/><T47/><D120/><U63/><E5/><V128/><F73/><W65/><G65/><T81/><D56/><U106/><E106/><V118/><F128/><W95/><G117/><T119/><D119/><U51/><E40/><V11/><F118/><W32/><G32/><T100/><D98/><U30/><E30/><V99/><F99/><W89/><G42/><T93/><D83/><U112/><E112/><V94/><F11/><W22/><G22/><T126/><D126/><U122/><E122/><V109/><F109/><W34/><G34/><T84/><D75/><U76/><E63/><V116/><F116/><W37/><G103/><T121/><D121/><U101/><E38/><V0/><F0/><W66/><G66/><T60/><D60/><U27/><E39/><V33/><F33/><W15/><G104/><T17/><REACH who="0" step="1"/><D7/><REACH who="0" ten="235,247,247,261" step="2"/><U28/><E82/><V16/><F64/><W48/><G1/><T129/><D129/><U131/><E131/><V74/><F74/><W130/><G130/><T45/><D45/><N who="1" m="27887" /><E80/><V18/><F4/><W12/><G6/><T9/><D9/><U29/><E96/><V50/><F61/><W26/><G8/><RYUUKYOKU ba="0,1" sc="235,30,247,-10,247,-10,261,-10" hai0="13,17,23,36,43,47,81,84,87,88,93,100,102" /><INIT seed="2,1,1,1,5,40" ten="265,237,237,251" oya="2" hai0="69,35,4,9,25,46,28,2,130,123,90,94,111" hai1="13,52,126,14,105,78,11,50,1,122,0,3,31" hai2="98,33,10,37,75,76,38,109,103,96,135,51,68" hai3="41,48,115,71,100,59,45,87,93,120,118,84,61"/><V119/><F119/><W21/><G120/><T112/><D123/><U79/><E122/><V39/><F135/><W124/><G71/><T99/><D112/><U7/><E105/><V17/><F33/><W43/><G118/><T72/><D69/><U30/><E126/><V86/><F68/><W106/><G106/><T64/><D64/><U18/><E31/><V121/><F121/><W27/><G41/><T88/><D72/><U58/><REACH who="1" step="1"/><E30/><REACH who="1" ten="265,227,237,251" step="2"/><V49/><F109/><W82/><G124/><T131/><D111/><U53/><E53/><V55/><F55/><N who="3" m="34047" /><G115/><T80/><D131/><U24/><E24/><V125/><F125/><W117/><G117/><T62/><D130/><U133/><E133/><V66/><F66/><W8/><G27/><T128/><D128/><U116/><E116/><V60/><F37/><W95/><G95/><T57/><D25/><U5/><E5/><V29/><F38/><W91/><G93/><T113/><D113/><U97/><E97/><V65/><F39/><W92/><G92/><T12/><D28/><U74/><E74/><V132/><F75/><W85/><G85/><T127/><D127/><U32/><E32/><V36/><F36/><W81/><G87/><N who="0" m="50279" /><D35/><U104/><E104/><N who="2" m="63591" /><F29/><W26/><G84/><T20/><D99/><U110/><E110/><V44/><F98/><W67/><G26/><T114/><D114/><U16/><E16/><V56/><F132/><W23/><G67/><N who="0" m="39375" /><D94/><U22/><AGARI ba="1,2" hai="0,1,3,7,11,13,14,18,22,50,52,58,78,79" machi="22" ten="30,7900,0" yaku="1,1,0,1,54,1,53,1" doraHai="40" doraHaiUra="47" who="1" fromWho="1" sc="265,-21,227,102,237,-40,251,-21" /><INIT seed="3,0,0,5,1,131" ten="244,329,197,230" oya="3" hai0="123,63,91,76,42,77,96,70,114,5,34,119,25" hai1="94,128,10,59,84,55,92,117,21,102,105,111,2" hai2="69,113,41,43,33,6,120,4,130,106,99,23,30" hai3="26,80,72,46,9,64,129,97,110,68,126,19,81"/><W18/><G72/><T39/><D5/><U0/><E105/><V8/><F113/><W75/><G75/><T82/><D119/><U56/><E10/><V83/><F130/><W66/><G129/><T47/><D123/><U54/><E128/><V51/><F120/><W86/><G68/><T78/><D114/><U28/><E84/><V62/><F23/><N who="3" m="13687" /><G126/><T61/><D70/><U118/><E21/><V57/><F83/><N who="3" m="31819" /><G110/><T73/><D73/><U115/><E102/><V22/><F57/><W24/><G86/><T133/><D34/><U85/><E85/><V67/><F22/><N who="3" m="13407" /><G46/><T14/><D25/><U36/><E115/><V89/><F106/><W17/><G97/><T20/><D14/><AGARI ba="0,0" hai="9,14,17,64,66" m="13407,31819,13687" machi="14" ten="30,1500,0" yaku="8,1" doraHai="131" who="3" fromWho="0" sc="244,-15,329,0,197,0,230,15" /><INIT seed="3,1,0,1,4,79" ten="229,329,197,245" oya="3" hai0="135,61,70,45,60,40,14,120,16,28,31,134,25" hai1="29,72,91,84,43,107,93,69,2,105,98,117,73" hai2="68,66,10,111,95,6,54,17,113,118,112,34,53" hai3="56,44,8,32,99,97,58,9,89,126,81,52,22"/><W115/><G32/><T104/><D104/><U63/><E2/><V65/><F118/><W78/><G115/><T5/><D5/><U20/><E43/><V131/><F95/><N who="3" m="56559" /><G99/><T100/><D100/><U23/><E23/><V76/><F17/><W128/><G128/><T119/><D120/><U110/><E117/><V55/><F34/><W67/><G126/><T64/><D61/><U37/><E37/><V90/><F90/><W133/><G133/><N who="0" m="50699" /><D25/><U12/><E63/><V21/><F21/><W77/><G77/><T124/><D124/><U96/><E20/><V39/><F39/><W3/><G3/><T35/><D35/><U103/><E12/><V106/><F106/><W7/><G7/><T71/><D71/><U47/><E69/><V26/><F26/><W86/><G22/><N who="0" m="11543" /><D119/><U101/><E29/><V24/><F24/><W83/><G67/><T50/><AGARI ba="1,0" hai="28,31,40,45,50,60,64,70" m="11543,50699" machi="50" ten="30,2000,0" yaku="20,1,54,1" doraHai="79" who="0" fromWho="0" sc="229,23,329,-6,197,-6,245,-11" owari="252,5.2,323,42.3,191,-30.9,234,-16.6" /></mjloggm>