<mjloggm ver="2.3"><GO type="225" lobby="0"/><UN n0="%E3%81%AF%E3%82%88%E3%81%8A%E3%81%98%E3%81%95%E3%82%93" n1="%E3%81%A1%E3%82%85%E3%81%86%E3%81%A9%E3%81%8F%E8%B1%A1%E3%81%95%E3%82%93" n2="%6D%75%75%6D%75%72%61" n3="%E6%80%AA%E3%81%97%E3%81%99%E3%81%8E%E3%82%8B%E3%83%81%E3%83%BC" dan="16,17,17,16" rate="2167.64,2210.99,2223.47,2142.22" sx="M,M,F,M"/><TAIKYOKU oya="0"/><INIT seed="0,0,0,4,4,87" ten="250,250,250,250" oya="0" hai0="108,95,22,131,1,49,71,128,59,31,98,62,47" hai1="74,120,97,109,66,127,119,112,83,5,107,19,37" hai2="8,89,92,60,122,45,14,16,20,76,85,38,13" hai3="93,18,15,54,81,51,52,96,17,24,9,121,32"/><T43/><D1/><U68/><RYUUKYOKU type="yao9" ba="0,0" sc="250,0,250,0,250,0,250,0" hai1="5,19,37,66,68,74,83,97,107,109,112,119,120,127" /><INIT seed="0,1,0,1,1,70" ten="250,250,250,250" oya="0" hai0="122,46,131,62,129,97,43,37,99,3,75,100,36" hai1="4,29,84,69,126,86,119,135,94,49,48,108,87" hai2="134,112,109,113,26,8,16,12,30,45,101,59,104" hai3="125,103,55,58,56,28,1,76,34,95,13,118,66"/><T93/><D122/><U68/><E119/><V106/><F109/><W102/><G1/><T107/><D3/><U71/><E108/><V50/><F134/><W79/><G118/><T33/><D33/><U10/><E135/><V91/><F59/><W123/><G123/><T9/><D75/><U60/><E60/><V52/><F91/><W23/><G34/><T81/><D81/><U96/><E29/><V53/><F53/><W35/><G35/><T27/><D27/><U77/><E77/><N who="3" m="29770" /><G125/><T15/><D62/><U111/><E111/><V7/><F7/><W32/><G32/><T44/><D44/><U92/><E126/><V0/><F0/><W80/><G80/><T14/><D37/><U42/><E42/><V114/><REACH who="2" step="1"/><F101/><REACH who="2" ten="250,250,240,250" step="2"/><W130/><G102/><N who="0" m="62927" /><D9/><U21/><E10/><V54/><F54/><W116/><G55/><T11/><D11/><U72/><E4/><V51/><F51/><W88/><G116/><T6/><D6/><U73/><E21/><AGARI ba="1,1" hai="8,12,16,21,26,30,45,50,52,104,106,112,113,114" machi="21" ten="40,5200,0" yaku="1,1,54,2,53,0" doraHai="70" doraHaiUra="61" who="2" fromWho="1" sc="250,0,250,-55,240,65,250,0" /><INIT seed="1,0,0,3,2,80" ten="250,195,305,250" oya="1" hai0="120,135,41,7,30,5,44,133,40,103,121,24,124" hai1="28,10,51,61,39,97,118,68,129,14,66,132,59" hai2="89,62,8,71,45,85,52,109,92,113,123,15,27" hai3="20,48,73,99,72,50,63,74,32,53,1,19,69"/><U117/><E129/><V38/><F123/><N who="0" m="47178" /><D103/><U34/><E132/><N who="0" m="50761" /><D124/><U4/><E39/><V106/><F109/><W54/><G32/><N who="0" m="20551" /><D40/><U9/><E97/><V23/><F113/><W94/><G1/><T119/><D119/><U36/><E36/><AGARI ba="0,0" hai="5,7,36,41,44" m="20551,50761,47178" machi="36" ten="30,2000,0" yaku="13,1,20,1" doraHai="80" who="0" fromWho="1" sc="250,20,195,-20,305,0,250,0" /><INIT seed="2,0,0,4,3,50" ten="270,175,305,250" oya="2" hai0="130,33,134,29,12,64,115,82,79,105,8,69,24" hai1="76,41,103,87,72,126,26,102,32,83,63,113,122" hai2="95,36,31,77,46,88,129,25,119,57,38,68,123" hai3="10,62,27,109,112,90,48,14,56,117,133,0,17"/><V78/><F119/><W44/><G117/><T70/><D115/><U34/><E113/><V111/><F123/><W6/><G112/><T18/><D105/><U9/><E122/><V124/><F68/><W125/><G109/><T92/><D130/><U58/><E126/><V107/><F129/><W45/><G125/><T131/><D131/><U132/><E132/><V3/><F107/><W67/><G133/><T99/><D64/><U13/><E41/><V81/><F124/><W74/><G74/><T101/><D134/><U66/><E72/><AGARI ba="0,0" hai="8,12,18,24,29,33,69,70,72,79,82,92,99,101" machi="72" ten="30,1000,0" yaku="7,1" doraHai="50" who="0" fromWho="1" sc="270,10,175,-10,305,0,250,0" /><INIT seed="3,0,0,3,1,33" ten="280,165,305,250" oya="3" hai0="132,59,121,73,3,86,35,53,16,130,22,17,134" hai1="23,113,97,43,5,25,69,109,30,71,102,85,68" hai2="54,75,61,123,79,18,101,119,70,46,87,133,12" hai3="39,57,51,11,128,44,36,0,52,125,38,62,99"/><W118/><G118/><T122/><D35/><U48/><E113/><V110/><F119/><W83/><G128/><T10/><D73/><U34/><E109/><V89/><F110/><W115/><G115/><T49/><D130/><U90/><E34/><V37/><F75/><W96/><G125/><T24/><D86/><U114/><E114/><V135/><F123/><W67/><REACH who="3" step="1"/><G83/><REACH who="3" ten="280,165,305,240" step="2"/><T15/><D122/><U27/><E27/><V105/><F133/><N who="0" m="51306" /><D121/><U129/><E129/><V95/><F135/><W104/><G104/><T103/><D103/><U56/><E5/><AGARI ba="0,1" hai="0,5,11,36,38,39,44,51,52,57,62,67,96,99" machi="5" ten="40,7700,0" yaku="1,1,52,1,54,1,53,0" doraHai="33" doraHaiUra="106" who="3" fromWho="1" sc="280,0,165,-77,305,0,240,87" owari="280,-12.0,88,-41.2,305,10.5,327,42.7" /></mjloggm>