<mjloggm ver="2.3"><GO type="225" lobby="0"/><UN n0="%E5%84%AA%40%41%42%43" n1="%48%61%61%61%6C%61%6E%64" n2="%6C%61%6D%62" n3="%E2%91%A3%E9%81%BF%E9%81%8A%E6%88%AF%E3%80%90%E6%9D%B1%E5%8D%97%E3%80%91" dan="17,17,16,16" rate="2240.49,2152.92,2151.99,2136.50" sx="M,M,M,M"/><TAIKYOKU oya="0"/><INIT seed="0,0,0,4,1,97" ten="250,250,250,250" oya="0" hai0="29,130,109,28,7,50,100,72,94,5,43,116,56" hai1="63,121,88,125,124,65,77,9,20,75,39,25,54" hai2="108,45,86,31,55,101,118,52,81,83,3,14,62" hai3="36,104,12,117,11,119,68,135,49,64,24,46,78"/><T115/><D115/><U59/><E121/><V47/><F3/><W38/><G104/><T80/><D116/><U13/><E39/><V110/><F118/><W58/><G78/><T96/><D130/><U85/><E75/><V123/><F123/><W34/><G135/><T113/><D113/><U1/><E1/><V133/><F133/><W18/><G38/><T44/><D109/><N who="2" m="42090" /><F31/><W32/><G36/><T57/><D72/><U21/><E77/><V67/><F101/><W40/><G68/><T41/><D41/><U79/><E79/><N who="2" m="46399" /><F83/><W35/><REACH who="3" step="1"/><G24/><REACH who="3" ten="250,250,250,240" step="2"/><T37/><D37/><U51/><E25/><V105/><F105/><W26/><G26/><T0/><D0/><U102/><E124/><V89/><F14/><W134/><G134/><T91/><D29/><U71/><E125/><V10/><F89/><W131/><G131/><T8/><D28/><U30/><E30/><V74/><F74/><W42/><G42/><T70/><D70/><U53/><E102/><V48/><F47/><W17/><G17/><T128/><D128/><U23/><E71/><N who="2" m="42487" /><F10/><W126/><G126/><T16/><D16/><N who="1" m="8239" /><E51/><V127/><F127/><W66/><G66/><T122/><D122/><U93/><AGARI ba="0,1" hai="20,21,23,53,54,59,63,65,85,88,93" m="8239" machi="93" ten="30,4000,0" yaku="8,1,54,2" doraHai="97" who="1" fromWho="1" sc="250,-20,250,50,250,-10,240,-10" /><INIT seed="1,0,0,1,0,70" ten="230,300,240,230" oya="1" hai0="122,126,135,101,40,15,106,29,117,5,38,127,66" hai1="16,39,61,6,26,57,104,59,132,37,115,14,27" hai2="78,112,95,65,72,114,55,20,131,31,77,97,128" hai3="124,24,68,79,8,12,109,134,74,42,17,9,76"/><U116/><E115/><N who="2" m="44075" /><F65/><W10/><G68/><T96/><D117/><U33/><E116/><V11/><F55/><W118/><G118/><T123/><D66/><U60/><E104/><V35/><F35/><W80/><G79/><N who="2" m="30217" /><F11/><W43/><G24/><T103/><D103/><U99/><E132/><V86/><F20/><W44/><G134/><T108/><D108/><U62/><E6/><V36/><F36/><W58/><G109/><T52/><D29/><U32/><E99/><V98/><F31/><W93/><G42/><T81/><D81/><U56/><E14/><V87/><F97/><W63/><G93/><T30/><D30/><U48/><E48/><V100/><F72/><W89/><G89/><T13/><D52/><U18/><E57/><V54/><F54/><W88/><G88/><T45/><D135/><U92/><E61/><V113/><N who="2" m="44083" /><V85/><AGARI ba="0,0" hai="85,86,87,95,98,100,128,131" m="30217,44083" machi="85" ten="50,8000,1" yaku="4,1,11,1,34,2" doraHai="70" who="2" fromWho="2" sc="230,-20,300,-40,240,80,230,-20" /><INIT seed="2,0,0,3,5,46" ten="210,260,320,210" oya="2" hai0="15,118,11,95,132,72,5,130,2,28,33,8,97" hai1="19,21,112,129,31,7,96,59,117,27,119,3,50" hai2="104,51,67,87,9,36,17,13,75,39,64,45,53" hai3="68,30,79,70,14,6,24,111,37,52,107,62,77"/><V18/><F75/><W124/><G107/><T60/><D72/><U109/><E112/><V23/><F104/><W43/><G111/><T47/><D132/><U128/><E109/><V122/><F122/><W131/><G131/><N who="1" m="50250" /><E96/><V26/><REACH who="2" step="1"/><F87/><REACH who="2" ten="210,260,310,210" step="2"/><W134/><G134/><T92/><D130/><U66/><E119/><V48/><F48/><W123/><G123/><T89/><D118/><U115/><E117/><V58/><F58/><W120/><G120/><T35/><D47/><U81/><E50/><V76/><F76/><W98/><G79/><T22/><D60/><U65/><E59/><V73/><F73/><W91/><G77/><T108/><D108/><U133/><E133/><V100/><F100/><W78/><G78/><T114/><D114/><U1/><E115/><V10/><F10/><W20/><G70/><T49/><D49/><U69/><E69/><V126/><F126/><W61/><G124/><T135/><D135/><U127/><E127/><V41/><F41/><W80/><G68/><T0/><D11/><N who="1" m="2543" /><E3/><V34/><F34/><W57/><G43/><T84/><D0/><U74/><E74/><V90/><F90/><W71/><G71/><T56/><D56/><U85/><E85/><V54/><F54/><W40/><G40/><T38/><D2/><U12/><E66/><AGARI ba="0,1" hai="9,13,17,18,23,26,36,39,45,51,53,64,66,67" machi="66" ten="40,3900,0" yaku="1,1,52,1,53,0" doraHai="46" doraHaiUra="102" who="2" fromWho="1" sc="210,0,260,-39,310,49,210,0" /><INIT seed="2,1,0,4,1,13" ten="210,221,359,210" oya="2" hai0="118,19,72,107,123,67,28,9,79,26,62,54,73" hai1="101,56,52,22,74,43,65,130,120,85,135,69,30" hai2="21,20,49,113,90,8,45,23,115,25,80,31,81" hai3="34,55,114,32,4,46,112,12,95,94,75,109,2"/><V86/><F81/><W7/><G75/><T15/><D123/><U40/><E74/><V134/><F134/><W59/><G46/><T131/><D131/><U128/><E135/><V48/><F48/><W105/><G105/><T71/><D118/><U129/><E120/><V24/><F8/><W133/><G133/><T38/><D38/><U42/><E101/><V6/><F6/><N who="3" m="2091" /><G12/><T110/><D110/><U70/><E65/><V96/><F96/><W41/><G41/><T119/><D119/><U3/><E3/><V84/><F84/><W104/><G104/><T116/><D116/><U98/><E98/><V91/><F91/><W126/><G2/><T18/><D79/><U11/><E11/><V97/><F97/><W125/><G109/><T64/><D64/><U77/><E85/><V5/><F5/><W39/><G39/><T92/><D107/><U16/><E77/><V78/><F78/><W111/><G111/><T27/><D54/><U50/><E30/><V88/><F90/><W108/><G108/><T66/><D67/><U51/><E51/><V122/><F122/><W36/><G36/><T44/><D44/><U99/><E99/><V102/><F102/><W121/><G121/><T89/><D19/><U29/><E29/><V76/><F76/><W127/><G95/><T17/><D18/><U60/><E50/><V0/><F31/><W53/><G94/><T61/><D61/><U37/><E37/><V35/><F45/><W93/><G93/><T1/><D1/><U33/><E33/><N who="3" m="12906" /><G59/><T57/><D57/><U10/><E10/><V47/><F0/><RYUUKYOKU ba="1,0" sc="210,-15,221,15,359,-15,210,15" hai1="16,22,40,42,43,52,56,60,69,70,128,129,130" hai3="53,55,112,114,125,126,127" /><INIT seed="3,2,0,0,5,6" ten="195,236,344,225" oya="3" hai0="104,79,75,39,88,125,59,106,91,56,124,89,130" hai1="128,107,32,45,93,82,131,20,44,108,95,17,35" hai2="98,57,129,7,18,27,115,118,76,34,16,92,87" hai3="55,19,114,77,11,96,4,2,83,29,13,110,126"/><W133/><G114/><T66/><D39/><U42/><E107/><N who="0" m="41001" /><D66/><U24/><E108/><V112/><F7/><W12/><G110/><T109/><D109/><U1/><E1/><V117/><F57/><N who="0" m="22090" /><D79/><U101/><E82/><V119/><F129/><N who="1" m="49737" /><E44/><V37/><F87/><W62/><G2/><T5/><D5/><U63/><E63/><V53/><F76/><W73/><G29/><T51/><D130/><U8/><E8/><V70/><F37/><W64/><G55/><T15/><D51/><N who="1" m="27063" /><E101/><V3/><F3/><W23/><G96/><T127/><D15/><U41/><E41/><V58/><F98/><W80/><G80/><T86/><D75/><U68/><E68/><V46/><F46/><W33/><G33/><AGARI ba="2,0" hai="17,20,24,32,33,35,93,95" m="27063,49737" machi="33" ten="30,1000,0" yaku="19,1" doraHai="6" who="1" fromWho="3" sc="195,0,236,16,344,0,225,-16" owari="195,-30.5,252,5.2,344,44.4,209,-19.1" /></mjloggm>