<mjloggm ver="2.3"><GO type="225" lobby="0"/><UN n0="%4C%4F%4C%49%54%41" n1="%E6%9D%B1%E9%A2%A8%E3%81%AE%E3%81%8D%E3%82%83%E3%81%B7%E3%81%95%E3%82%93" n2="%E3%82%8C%E3%81%99%E3%81%93" n3="%E3%81%A4%E3%81%A3%E3%81%B1%E3%82%8A%E3%83%9D%E3%83%BC%E3%83%AB" dan="16,17,16,16" rate="2191.30,2201.26,2132.14,2120.69" sx="F,M,F,M"/><TAIKYOKU oya="0"/><INIT seed="0,0,0,1,4,115" ten="250,250,250,250" oya="0" hai0="30,89,71,66,31,69,101,128,107,1,42,58,0" hai1="92,19,9,132,11,45,90,95,22,84,17,129,110" hai2="114,83,56,65,48,49,28,117,33,35,12,70,26" hai3="93,68,50,2,78,118,104,126,4,16,13,85,53"/><T39/><D128/><U61/><E129/><V94/><F114/><W55/><G104/><T119/><D119/><U108/><E132/><V111/><F35/><W37/><G37/><T29/><D58/><U10/><E61/><V5/><F70/><W134/><G68/><T133/><D133/><U18/><E45/><V40/><F111/><W6/><G2/><T103/><D89/><U52/><E52/><N who="3" m="20042" /><G118/><T123/><D30/><U102/><E22/><V76/><F117/><W97/><G126/><T105/><D42/><U86/><E102/><V100/><F40/><W60/><G50/><T15/><D15/><U47/><E47/><V87/><F5/><W122/><G122/><T96/><D96/><U120/><E120/><V135/><F12/><W41/><G60/><T34/><D34/><U106/><E106/><V38/><F38/><W81/><G41/><T43/><D43/><U99/><E99/><N who="2" m="59511" /><F135/><W14/><G14/><T77/><D39/><U44/><E44/><V112/><F112/><W109/><G109/><N who="1" m="42090" /><E90/><V59/><F59/><W130/><G130/><T75/><D123/><U79/><E79/><V67/><F56/><W127/><G127/><T131/><D131/><U25/><E25/><V91/><F76/><W36/><G36/><T20/><D77/><U64/><E64/><N who="2" m="24651" /><F33/><W21/><G134/><T124/><D124/><U3/><E3/><V116/><F116/><W23/><G23/><T74/><D66/><U113/><E113/><V27/><F27/><W82/><G82/><T98/><D20/><U24/><E24/><V46/><F46/><W7/><G97/><RYUUKYOKU ba="0,0" sc="250,0,250,0,250,0,250,0" hai0="0,1,29,31,69,71,74,75,98,101,103,105,107" hai1="9,10,11,17,18,19,84,86,92,95" hai2="26,28,48,49,83,87,91" hai3="4,6,7,13,16,21,78,81,85,93" /><INIT seed="0,1,0,0,3,51" ten="250,250,250,250" oya="0" hai0="20,71,85,68,125,22,49,15,28,37,101,95,134" hai1="129,92,74,11,42,107,56,45,65,55,99,130,80" hai2="135,17,64,113,46,106,33,117,52,13,62,57,48" hai3="90,25,7,41,120,38,5,116,9,83,40,30,1"/><T12/><D37/><U2/><E65/><V4/><F113/><W39/><G116/><T78/><D134/><U97/><E107/><V58/><F135/><W47/><G120/><T72/><D72/><U98/><E74/><V102/><F33/><W19/><G7/><T79/><D125/><U91/><E80/><V86/><F117/><W34/><G19/><T26/><D68/><U105/><E11/><V43/><F4/><W66/><G66/><T73/><D71/><U123/><E2/><V89/><F106/><W75/><G90/><N who="0" m="53711" /><D101/><U24/><E24/><V108/><F102/><W111/><G111/><T132/><D73/><U27/><E27/><V112/><F108/><W84/><G84/><T3/><D3/><U121/><E105/><V109/><F109/><W0/><G0/><T103/><D103/><U88/><E123/><V69/><F112/><W82/><REACH who="3" step="1"/><G75/><REACH who="3" ten="250,250,250,240" step="2"/><T70/><D132/><U93/><E121/><V6/><F6/><W77/><G77/><T35/><D79/><U96/><E96/><V32/><F32/><W54/><G54/><T44/><D78/><U76/><E99/><V29/><F43/><W100/><G100/><T10/><D35/><U50/><REACH who="1" step="1"/><E76/><REACH who="1" ten="250,240,250,240" step="2"/><V31/><F29/><W118/><G118/><T53/><D28/><U128/><E128/><V87/><F31/><W59/><G59/><T61/><D70/><U36/><AGARI ba="1,2" hai="36,42,45,50,55,56,88,91,92,93,97,98,129,130" machi="36" ten="30,12000,2" yaku="1,1,0,1,9,1,52,1,54,1,53,2" doraHai="51" doraHaiUra="94" who="1" fromWho="1" sc="250,-61,240,143,250,-31,240,-31" /><INIT seed="1,0,0,2,5,113" ten="189,383,219,209" oya="1" hai0="108,11,53,74,54,80,88,27,35,8,112,84,81" hai1="86,100,107,85,13,125,5,120,122,129,50,2,34" hai2="77,18,71,117,9,21,46,10,119,16,30,104,63" hai3="7,95,56,116,91,65,121,24,40,89,96,76,29"/><U64/><E34/><V132/><F104/><W92/><G121/><T70/><D112/><U59/><E13/><V94/><F77/><W44/><G76/><T97/><D70/><U68/><E85/><V14/><F94/><W39/><G7/><T75/><D108/><U43/><E86/><V51/><F30/><W79/><G79/><T6/><D8/><U57/><E100/><V47/><F132/><W82/><G82/><T131/><D131/><U33/><E107/><V90/><F90/><W17/><G17/><T48/><D81/><U4/><E33/><V26/><F10/><W31/><G116/><T55/><D48/><U42/><E50/><V49/><F49/><W3/><G3/><T115/><D115/><U66/><E2/><V83/><F83/><W69/><G69/><T93/><D27/><U109/><E68/><V36/><F36/><W38/><G38/><T130/><D35/><U58/><E129/><V133/><F133/><W106/><G106/><T99/><D130/><U20/><E58/><V23/><F9/><W128/><G128/><T123/><D123/><U1/><E1/><V61/><F46/><W32/><G31/><T127/><D127/><U28/><E125/><V101/><F101/><W45/><G45/><T15/><REACH who="0" step="1"/><D99/><REACH who="0" ten="179,383,219,209" step="2"/><U37/><E109/><V134/><F134/><W78/><G78/><AGARI ba="0,1" hai="6,11,15,53,54,55,74,75,78,80,84,88,93,97" machi="78" ten="40,5200,0" yaku="1,1,2,1,54,1,53,0" doraHai="113" doraHaiUra="126" who="0" fromWho="3" sc="179,62,383,0,219,0,209,-52" /><INIT seed="2,0,0,0,2,4" ten="241,383,219,157" oya="2" hai0="26,56,89,119,35,134,10,73,30,3,69,43,82" hai1="32,20,40,78,62,77,105,76,1,130,23,53,22" hai2="108,116,84,44,103,14,8,42,31,61,104,0,11" hai3="58,131,110,91,127,27,125,68,66,106,54,19,95"/><V2/><F116/><W29/><G106/><T93/><D69/><U38/><E105/><V100/><F31/><W75/><G75/><T17/><D134/><U129/><E32/><V50/><F108/><W25/><G110/><T39/><D119/><U64/><E1/><V115/><F115/><W96/><G131/><T71/><D71/><U70/><E53/><V52/><F104/><W67/><G68/><T88/><D56/><U101/><E101/><N who="2" m="38987" /><F0/><W114/><G114/><T16/><D43/><U57/><E70/><V94/><F2/><W128/><G128/><N who="1" m="49258" /><E40/><V51/><F61/><W132/><G132/><T111/><D39/><AGARI ba="0,0" hai="20,22,23,38,39,57,62,64,76,77,78" m="49258" machi="39" ten="40,1300,0" yaku="19,1" doraHai="4" who="1" fromWho="0" sc="241,-13,383,13,219,0,157,0" /><INIT seed="3,0,0,2,4,29" ten="228,396,219,157" oya="3" hai0="0,31,84,68,78,88,134,24,118,71,82,54,127" hai1="22,48,19,4,77,17,11,27,2,14,72,28,87" hai2="55,47,91,21,62,89,32,8,108,65,25,102,10" hai3="113,96,57,126,120,13,80,109,6,53,101,45,95"/><W103/><G113/><T90/><D0/><U69/><E69/><V7/><F32/><W92/><G120/><T46/><D118/><U61/><E72/><V43/><F108/><W44/><G126/><T56/><D127/><U123/><E123/><V99/><F55/><W131/><G131/><T76/><D134/><U16/><E61/><V83/><F83/><W1/><G1/><T75/><D46/><U64/><E64/><V36/><F21/><W81/><G109/><T94/><D90/><U105/><E105/><V117/><F25/><W97/><G6/><T73/><D78/><U86/><E48/><V30/><F30/><W125/><G125/><T20/><D75/><U51/><E51/><AGARI ba="0,0" hai="20,24,31,51,54,56,68,71,73,76,82,84,88,94" machi="51" ten="30,2000,0" yaku="7,1,54,1" doraHai="29" who="0" fromWho="1" sc="228,20,396,-20,219,0,157,0" owari="248,4.8,376,47.6,219,-18.1,157,-34.3" /></mjloggm>