<mjloggm ver="2.3"><GO type="225" lobby="0"/><UN n0="%E6%9D%B1%E9%A2%A8%E3%81%AE%E3%81%8D%E3%82%83%E3%81%B7%E3%81%95%E3%82%93" n1="%E3%82%B7%E3%83%B3%E5%A4%AA%E6%9C%97" n2="%E3%81%BF%E3%81%BF%E3%81%9A" n3="%72%69%6F%75%63%68%61%6E" dan="16,16,16,17" rate="2148.87,2166.30,2135.80,2203.04" sx="M,M,M,M"/><TAIKYOKU oya="0"/><INIT seed="0,0,0,5,3,11" ten="250,250,250,250" oya="0" hai0="10,134,86,124,78,97,105,22,55,62,102,133,4" hai1="81,89,42,48,80,130,53,52,95,75,66,125,110" hai2="20,107,60,119,135,35,39,15,68,82,93,31,88" hai3="49,83,113,128,91,59,69,33,94,117,2,90,127"/><T6/><D124/><U114/><E110/><V19/><F107/><W116/><G113/><T8/><D22/><U67/><E130/><V51/><F39/><W45/><G69/><T73/><D86/><U64/><E125/><V103/><F135/><N who="0" m="51722" /><D55/><U34/><E34/><V115/><F115/><W46/><G128/><T100/><D62/><U109/><E109/><V77/><F119/><W40/><G127/><T28/><D28/><U26/><E114/><V76/><F35/><W1/><G33/><T16/><D102/><U13/><E75/><V44/><F31/><W9/><G59/><T111/><D111/><U72/><E72/><V56/><F103/><W71/><G71/><T129/><D129/><U87/><E26/><V32/><F68/><W29/><G29/><T74/><D78/><U79/><E79/><V96/><F82/><W65/><G65/><T37/><D37/><U92/><E80/><V50/><F32/><W12/><G83/><T14/><D4/><U63/><E42/><N who="2" m="24855" /><F51/><W123/><G117/><T131/><D131/><U23/><E63/><V101/><F101/><W108/><G116/><T132/><N who="0" m="51730" /><T41/><DORA hai="3" /><D41/><U104/><E104/><V43/><F43/><W0/><G108/><T54/><D54/><AGARI ba="0,0" hai="15,19,20,54,56,60,76,77,88,93,96" m="24855" machi="54" ten="30,3900,0" yaku="8,1,52,1,54,1" doraHai="11,3" who="2" fromWho="0" sc="250,-39,250,0,250,39,250,0" /><INIT seed="1,0,0,4,1,37" ten="211,250,289,250" oya="1" hai0="45,0,6,4,84,131,1,125,81,88,24,40,48" hai1="19,114,20,86,122,130,66,109,55,117,110,73,82" hai2="119,31,30,72,79,11,106,95,92,118,54,22,38" hai3="116,134,135,90,5,33,14,108,105,111,76,126,93"/><U44/><E117/><V83/><F106/><W49/><G126/><T74/><D125/><U13/><E114/><V71/><F71/><W129/><G129/><T91/><D131/><U132/><E122/><V68/><F68/><W133/><G116/><T99/><D74/><U64/><E130/><V113/><F113/><W32/><G105/><T46/><D46/><U63/><E132/><V52/><F38/><W101/><G101/><T51/><D51/><U9/><E73/><V39/><F39/><W58/><G76/><T120/><D120/><U103/><E103/><V43/><F11/><N who="3" m="4463" /><G58/><T127/><D127/><U102/><E102/><V61/><F61/><W18/><G49/><T36/><D36/><U50/><E20/><V96/><F22/><W10/><G18/><T42/><D24/><U56/><REACH who="1" step="1"/><E66/><REACH who="1" ten="211,240,289,250" step="2"/><V35/><F72/><W75/><G75/><T23/><D23/><U67/><E67/><V7/><F118/><W70/><G70/><T69/><D69/><U85/><E85/><V77/><F119/><W107/><G107/><T8/><D0/><U26/><E26/><V16/><F35/><N who="3" m="13387" /><G10/><T12/><D1/><U57/><E57/><V28/><F96/><AGARI ba="0,1" hai="90,93,96,108,111,133,134,135" m="13387,4463" machi="96" ten="40,1300,0" yaku="20,1" doraHai="37" who="3" fromWho="2" sc="211,0,240,0,289,-13,250,23" /><INIT seed="2,0,0,0,4,51" ten="211,240,276,273" oya="2" hai0="24,120,89,98,95,99,46,114,61,41,85,18,21" hai1="8,59,23,93,6,90,0,83,62,86,38,5,74" hai2="105,134,68,75,69,35,20,53,44,117,73,64,102" hai3="111,121,9,12,22,39,31,2,94,15,100,78,58"/><V132/><F117/><W28/><G121/><T66/><D120/><U88/><E38/><V48/><F35/><W113/><G111/><T97/><D114/><U7/><E23/><V129/><F129/><W13/><G113/><T81/><D81/><U76/><REACH who="1" step="1"/><E90/><REACH who="1" ten="211,230,276,273" step="2"/><V30/><F20/><W50/><G39/><T119/><D119/><U91/><E91/><V56/><F30/><W63/><G22/><T17/><D21/><U14/><E14/><V127/><F132/><W122/><G13/><T72/><D72/><U37/><E37/><V107/><F134/><W26/><G15/><T77/><D24/><U43/><E43/><V115/><F75/><W34/><G12/><T60/><D77/><U67/><AGARI ba="0,1" hai="0,5,6,7,8,59,62,67,74,76,83,86,88,93" machi="67" ten="20,8000,1" yaku="1,1,0,1,7,1,54,1,53,1" doraHai="51" doraHaiUra="4" who="1" fromWho="1" sc="211,-20,230,90,276,-40,273,-20" /><INIT seed="3,0,0,4,1,21" ten="191,320,236,253" oya="3" hai0="59,0,56,27,133,36,14,96,75,114,124,6,79" hai1="49,42,108,53,17,22,102,72,16,107,121,7,50" hai2="93,65,84,73,62,18,117,74,91,122,63,15,103" hai3="125,54,61,68,86,9,82,4,46,28,131,116,51"/><W101/><G116/><T26/><D36/><U105/><E72/><V135/><F117/><W130/><G125/><T20/><D124/><U98/><E121/><V47/><F135/><W5/><G101/><T60/><D133/><U67/><E108/><V3/><F122/><W113/><G113/><T78/><D114/><U76/><E7/><V12/><F3/><W48/><G28/><T2/><D75/><U89/><E76/><V128/><F62/><W38/><G38/><T119/><D119/><U11/><E67/><V95/><F12/><W104/><G104/><T92/><D0/><U30/><E30/><V29/><F29/><W23/><G23/><T44/><D2/><U129/><E129/><N who="3" m="49162" /><G9/><N who="0" m="4407" /><D44/><U13/><E42/><V37/><F128/><W99/><G99/><T43/><D43/><U123/><E123/><V112/><F47/><N who="3" m="27935" /><G61/><T134/><D134/><U45/><E50/><V52/><F37/><W1/><G68/><T132/><D132/><U70/><E70/><V81/><F112/><W77/><G1/><T80/><D20/><U120/><E120/><V24/><F74/><W69/><G69/><T106/><D106/><U90/><E107/><V57/><F73/><W33/><G33/><T71/><D71/><U110/><E110/><V111/><F111/><W85/><G85/><N who="0" m="48279" /><D79/><U8/><E11/><V126/><F126/><W88/><G77/><T87/><D87/><U40/><E40/><AGARI ba="0,0" hai="4,5,40,46,51,82,86,88" m="27935,49162" machi="40" ten="30,2900,0" yaku="19,1,54,1" doraHai="21" who="3" fromWho="1" sc="191,0,320,-29,236,0,253,29" /><INIT seed="3,1,0,1,1,129" ten="191,291,236,282" oya="3" hai0="69,93,3,130,87,1,74,43,84,105,113,126,0" hai1="38,76,122,96,68,121,22,91,82,112,7,85,53" hai2="57,5,33,44,104,90,135,23,40,21,78,72,54" hai3="134,17,36,20,75,61,50,2,89,27,102,108,31"/><W83/><G134/><T88/><D130/><U99/><E68/><V35/><F104/><W34/><G36/><T65/><D105/><U98/><E38/><V131/><F131/><W49/><G108/><T70/><D74/><N who="1" m="43287" /><E22/><V117/><F117/><W25/><G2/><T24/><D113/><U77/><E53/><V111/><F111/><W132/><G132/><T62/><D126/><U71/><E7/><V97/><F135/><W115/><G115/><T94/><D43/><U120/><E71/><V15/><F78/><W11/><G102/><T16/><D69/><U19/><E19/><V80/><F72/><W56/><G11/><T52/><D52/><U128/><E128/><V10/><F33/><W39/><G39/><T58/><D70/><U42/><E42/><V81/><F35/><W109/><G109/><T45/><D45/><U12/><E12/><V103/><F44/><W127/><G127/><T18/><REACH who="0" step="1"/><D24/><REACH who="0" ten="181,291,236,282" step="2"/><U46/><E46/><V37/><F40/><W79/><G89/><AGARI ba="1,1" hai="0,1,3,16,18,58,62,65,84,87,88,89,93,94" machi="89" ten="40,8000,1" yaku="1,1,2,1,9,1,54,2,53,0" doraHai="129" doraHaiUra="4" who="0" fromWho="3" sc="181,93,291,0,236,0,282,-83" /><INIT seed="4,0,0,2,4,127" ten="274,291,236,199" oya="0" hai0="61,31,18,66,5,100,19,85,94,58,34,30,71" hai1="52,1,44,87,107,122,78,8,53,13,6,33,131" hai2="74,112,104,72,101,63,98,92,16,79,77,35,42" hai3="81,118,69,3,128,97,115,95,32,80,70,48,49"/><T105/><D5/><U109/><E131/><V21/><F35/><W82/><G118/><T90/><D58/><U26/><E109/><V39/><F112/><W45/><G115/><T0/><D0/><U46/><E107/><V22/><F63/><W88/><G3/><T36/><D36/><U132/><E122/><V47/><F22/><W41/><G32/><T130/><D130/><U9/><E132/><V117/><F117/><W89/><G128/><T134/><D134/><U102/><E102/><V124/><F124/><W110/><G110/><T40/><D40/><U56/><E53/><V126/><F126/><W57/><REACH who="3" step="1"/><G89/><REACH who="3" ten="274,291,236,189" step="2"/><T129/><D129/><U135/><E135/><V123/><F123/><W24/><G24/><N who="0" m="18759" /><D31/><U64/><E33/><V121/><F121/><W106/><G106/><T43/><D43/><U99/><E1/><V108/><F108/><W12/><G12/><T29/><D29/><U27/><E26/><V133/><F133/><W51/><G51/><T28/><D28/><U50/><E27/><V7/><F104/><W84/><G84/><T119/><D119/><U65/><E87/><V68/><F74/><W11/><G11/><T4/><D4/><U120/><E120/><V62/><F7/><W83/><N who="3" m="20480" /><DORA hai="111" /><W93/><G93/><T113/><D113/><U59/><E9/><V55/><F72/><W91/><G91/><T37/><D37/><U96/><E13/><N who="2" m="9359" /><F79/><W116/><G116/><T103/><D103/><U15/><E78/><V25/><F77/><W2/><G2/><T73/><D73/><U38/><E6/><V14/><F101/><RYUUKYOKU ba="0,1" sc="274,15,291,-15,236,-15,189,15" hai0="18,19,61,66,71,85,90,94,100,105" hai3="41,45,48,49,57,69,70,88,95,97" /><INIT seed="4,1,1,5,0,11" ten="289,276,221,204" oya="0" hai0="33,35,28,115,54,21,59,63,50,83,29,9,120" hai1="109,84,24,87,102,92,118,15,98,72,37,99,93" hai2="47,13,79,31,110,112,7,40,86,65,113,132,104" hai3="128,75,108,61,52,130,5,39,105,107,56,26,58"/><T62/><D120/><U25/><E37/><V129/><F110/><W103/><G108/><T19/><D115/><U16/><E72/><V119/><F104/><W124/><G124/><T78/><D9/><N who="1" m="6255" /><E109/><V41/><F129/><N who="3" m="49771" /><G39/><T70/><D35/><U60/><E118/><V53/><F132/><W57/><G75/><T111/><D111/><U67/><E60/><N who="0" m="23081" /><D33/><U66/><E84/><V96/><F119/><W101/><G5/><T64/><D64/><N who="1" m="24619" /><E87/><V122/><F7/><W100/><G26/><N who="0" m="14655" /><D70/><U6/><E6/><V114/><F122/><W85/><G85/><AGARI ba="1,1" hai="28,29,50,54,59,78,83,85" m="14655,23081" machi="85" ten="30,1500,0" yaku="8,1" doraHai="11" who="0" fromWho="3" sc="289,28,276,0,221,0,204,-18" owari="317,41.7,276,7.6,221,-17.9,186,-31.4" /></mjloggm>