<mjloggm ver="2.3"><GO type="225" lobby="0"/><UN n0="%E3%81%BE%E3%81%A8%E3%81%9F" n1="%E3%81%B8%E3%82%80%E3%81%B8%E3%82%80%EF%BC%92%E5%8F%B7" n2="%E8%81%B7%E6%A5%AD%E3%80%81%E9%A2%A8%32" n3="%E6%80%AA%E3%81%97%E3%81%99%E3%81%8E%E3%82%8B%E3%83%81%E3%83%BC" dan="16,17,16,17" rate="2180.26,2168.91,2088.13,2148.67" sx="M,M,M,M"/><TAIKYOKU oya="0"/><INIT seed="0,0,0,4,1,113" ten="250,250,250,250" oya="0" hai0="37,23,54,62,80,42,126,1,47,103,70,124,45" hai1="17,21,88,119,63,20,8,86,79,130,112,72,39" hai2="111,96,102,16,105,31,29,116,85,50,38,18,41" hai3="76,58,13,19,2,60,104,33,69,5,108,57,25"/><T30/><D1/><U26/><E112/><V67/><F111/><W134/><G108/><T48/><D103/><U82/><E130/><V78/><F38/><W83/><G104/><T65/><D80/><U127/><E127/><N who="0" m="48681" /><D23/><U27/><E119/><V35/><F67/><W51/><G134/><T125/><N who="0" m="48689" /><T93/><DORA hai="55" /><D93/><U128/><E128/><V87/><F116/><W10/><G51/><N who="0" m="29039" /><D30/><U11/><E63/><V24/><F31/><N who="3" m="19695" /><G60/><T100/><D100/><U131/><E39/><AGARI ba="0,0" hai="37,39,42,47,48,62,65,70" m="29039,48689" machi="39" ten="40,7700,0" yaku="18,1,34,2" doraHai="113,55" who="0" fromWho="1" sc="250,77,250,-77,250,0,250,0" /><INIT seed="0,1,0,4,1,68" ten="327,173,250,250" oya="0" hai0="101,99,124,51,104,85,6,47,12,107,25,80,70" hai1="0,23,52,31,90,131,58,81,40,135,33,132,5" hai2="71,66,109,97,76,50,28,13,56,2,16,112,34" hai3="125,94,74,79,127,115,92,48,59,83,27,3,106"/><T111/><D70/><U14/><E131/><V126/><F109/><W119/><G106/><T100/><D124/><N who="3" m="47689" /><G115/><T87/><D25/><N who="1" m="16831" /><E33/><V117/><F112/><W29/><G3/><T22/><D87/><N who="1" m="50543" /><E0/><V65/><F71/><W9/><G9/><T41/><D111/><U103/><E103/><V102/><F117/><W44/><G59/><T24/><D12/><U17/><E5/><V36/><F36/><W10/><G10/><T108/><D108/><U123/><E40/><V55/><F2/><W19/><G19/><T86/><D6/><U95/><E95/><V113/><F113/><W39/><G39/><T49/><D80/><U72/><E72/><V62/><F126/><W53/><G119/><T98/><REACH who="0" step="1"/><D51/><REACH who="0" ten="317,173,250,250" step="2"/><U43/><E14/><V37/><F50/><W64/><G64/><T32/><D32/><AGARI ba="1,1" hai="27,29,32,44,48,53,74,79,83,92,94" m="47689" machi="32" ten="30,1000,0" yaku="18,1" doraHai="68" who="3" fromWho="0" sc="317,-13,173,0,250,0,250,23" /><INIT seed="1,0,0,0,2,30" ten="304,173,250,273" oya="1" hai0="72,85,26,64,44,119,29,23,40,77,116,120,115" hai1="66,74,129,52,56,16,117,128,75,15,70,3,125" hai2="33,22,19,89,87,13,43,45,106,41,126,96,88" hai3="5,100,54,36,6,98,92,110,81,121,11,90,127"/><U101/><E117/><V67/><F126/><W83/><G121/><T18/><D115/><U34/><E3/><V112/><F112/><W86/><G36/><T71/><D72/><U55/><E101/><V27/><F67/><W4/><G127/><T113/><D113/><U53/><E34/><V49/><F106/><W20/><G110/><T109/><D109/><U97/><E97/><V79/><F43/><W111/><G111/><T28/><D120/><U134/><E70/><V104/><F104/><W1/><G54/><T24/><D18/><U95/><E95/><V48/><F48/><W38/><G38/><T135/><D135/><U99/><E99/><V7/><F96/><W25/><REACH who="3" step="1"/><G83/><REACH who="3" ten="304,173,250,263" step="2"/><T130/><D116/><U78/><E125/><V2/><F41/><W73/><G73/><T118/><D119/><U133/><E75/><V62/><F45/><W63/><G63/><T122/><D118/><U82/><E66/><V21/><F62/><W69/><G69/><T105/><D122/><U108/><E56/><V9/><F49/><W51/><G51/><T0/><D71/><U42/><E108/><V60/><F60/><W76/><G76/><T8/><D64/><U61/><E61/><V124/><F124/><W80/><G80/><T84/><D77/><U103/><E42/><V10/><F79/><W59/><G59/><T65/><D65/><U35/><E35/><V32/><F89/><W114/><G114/><T131/><D40/><U47/><E47/><V58/><F58/><W132/><G132/><N who="1" m="50794" /><E103/><V102/><F102/><W17/><AGARI ba="0,1" hai="1,4,5,6,11,17,20,25,81,86,90,92,98,100" machi="17" ten="20,2700,0" yaku="1,1,0,1,7,1,53,0" doraHai="30" doraHaiUra="50" who="3" fromWho="3" sc="304,-7,173,-13,250,-7,263,37" /><INIT seed="2,0,0,0,0,79" ten="297,160,243,300" oya="2" hai0="73,74,69,100,36,13,89,28,96,114,80,135,92" hai1="115,84,46,21,108,98,106,32,29,110,50,86,121" hai2="129,17,19,23,58,1,66,132,75,53,8,130,83" hai3="54,94,52,112,15,56,109,103,39,34,127,105,88"/><V63/><F132/><W91/><G34/><T11/><D36/><U65/><E32/><V120/><F120/><W12/><G39/><T45/><D69/><U101/><E115/><V44/><F44/><W61/><G109/><T125/><D114/><U31/><E121/><V76/><F1/><W77/><G127/><T131/><D28/><U68/><E84/><V27/><F8/><W124/><G124/><T87/><D125/><U134/><E134/><V104/><F104/><W97/><G77/><T42/><D135/><U99/><E99/><V78/><F78/><W82/><G112/><T111/><D131/><N who="2" m="50186" /><F19/><W10/><G105/><T118/><D111/><U123/><E123/><V3/><F3/><W70/><G70/><T102/><D102/><U119/><E119/><V60/><F60/><W117/><G117/><T133/><D133/><U126/><E126/><V122/><F122/><W37/><G37/><T38/><D118/><U59/><E110/><V93/><F93/><W113/><G113/><T33/><D33/><U20/><E108/><V9/><F9/><W85/><G103/><T47/><REACH who="0" step="1"/><D45/><REACH who="0" ten="287,160,243,300" step="2"/><U25/><E46/><V72/><F72/><W57/><G10/><T90/><D90/><U62/><E31/><V81/><F75/><W18/><G18/><AGARI ba="0,1" hai="11,13,18,38,42,47,73,74,80,87,89,92,96,100" machi="18" ten="30,7700,0" yaku="1,1,7,1,52,1,53,1" doraHai="79" doraHaiUra="4" who="0" fromWho="3" sc="287,87,160,0,243,0,300,-77" /><INIT seed="3,0,0,2,1,41" ten="374,160,243,223" oya="3" hai0="116,53,71,99,15,4,26,5,132,30,108,78,22" hai1="123,95,121,11,104,91,80,24,32,16,75,52,29" hai2="109,86,9,112,66,100,39,18,90,54,87,76,129" hai3="64,122,7,61,6,60,73,81,105,25,33,35,20"/><W3/><G122/><T127/><D71/><U55/><E104/><V117/><F39/><W37/><G105/><T83/><D99/><U133/><E133/><V34/><F34/><W125/><G125/><T114/><D114/><U65/><E65/><V97/><F112/><W43/><G61/><T44/><D116/><U48/><E75/><V63/><F117/><W118/><G118/><T69/><D69/><U45/><E55/><V40/><F40/><W98/><G98/><T51/><D108/><U124/><E124/><V17/><F109/><W74/><G7/><T113/><D113/><U106/><E106/><V128/><F54/><W31/><G20/><T56/><D15/><N who="1" m="7295" /><E95/><N who="2" m="58431" /><F76/><W120/><G33/><T82/><D78/><U119/><E119/><V42/><F42/><W57/><G120/><T131/><D131/><N who="2" m="50250" /><F9/><W13/><G74/><T94/><D53/><U102/><E102/><V21/><F21/><W115/><G3/><T96/><D22/><U130/><E130/><V58/><F87/><AGARI ba="0,0" hai="24,29,32,45,48,52,80,87,91,121,123" m="7295" machi="87" ten="30,7700,0" yaku="25,1,52,1,54,2" doraHai="41" who="1" fromWho="2" sc="374,0,160,77,243,-77,223,0" owari="374,47.4,237,3.7,166,-33.4,223,-17.7" /></mjloggm>