<mjloggm ver="2.3"><GO type="225" lobby="0"/><UN n0="%E8%A8%88%E7%AE%97%E6%A9%9F%E8%87%AA%E7%84%B6" n1="%E5%A4%96%E5%B7%9D%E7%AB%9C%E6%88%90" n2="%E3%81%86%E3%82%8C%E3%81%9F%E3%82%93%E6%9E%95" n3="%E6%A1%9C%E8%8A%B1%E9%96%83%E3%80%85" dan="17,16,16,18" rate="2217.31,2162.85,2105.52,2302.78" sx="M,M,F,M"/><TAIKYOKU oya="0"/><INIT seed="0,0,0,1,2,78" ten="250,250,250,250" oya="0" hai0="5,37,51,11,79,72,108,114,135,119,90,30,56" hai1="116,53,7,89,45,25,46,9,103,120,82,123,118" hai2="14,98,87,85,111,27,69,39,21,43,70,67,131" hai3="54,0,10,86,122,97,81,48,29,50,83,38,132"/><T1/><D114/><U52/><E103/><V125/><F111/><W109/><G38/><T2/><D119/><U47/><E25/><V99/><F131/><W65/><G109/><T92/><D37/><U71/><E71/><V104/><F125/><W59/><G132/><T23/><D108/><U40/><E40/><V49/><F39/><W44/><G122/><T66/><D135/><U76/><E118/><V64/><F14/><W55/><G29/><T112/><D112/><U12/><E116/><V61/><F49/><W91/><G65/><T130/><D130/><U60/><E89/><V74/><F74/><W18/><G97/><T3/><D23/><U34/><E34/><V28/><F43/><W94/><REACH who="3" step="1"/><G18/><REACH who="3" ten="250,250,250,240" step="2"/><T73/><D30/><U129/><E129/><V101/><REACH who="2" step="1"/><F98/><REACH who="2" ten="250,250,240,240" step="2"/><W127/><G127/><T106/><D1/><U62/><E123/><V35/><F35/><W17/><G17/><T96/><D2/><U57/><E120/><V36/><F36/><W15/><G15/><T110/><D110/><U58/><REACH who="1" step="1"/><E47/><REACH who="1" ten="250,240,240,240" step="2"/><V33/><F33/><W63/><G63/><AGARI ba="0,3" hai="21,27,28,61,63,64,67,69,70,85,87,99,101,104" machi="63" ten="40,5200,0" yaku="1,1,9,1,53,1" doraHai="78" doraHaiUra="20" who="2" fromWho="3" sc="250,0,240,0,240,82,240,-52" /><INIT seed="1,0,0,2,2,17" ten="250,240,322,188" oya="1" hai0="36,98,116,15,84,123,8,89,115,120,29,79,19" hai1="22,59,2,88,4,7,122,86,74,129,130,93,6" hai2="82,128,25,20,133,107,46,41,76,10,45,62,0" hai3="114,85,24,14,126,104,90,23,47,80,125,117,113"/><U44/><E122/><N who="0" m="46633" /><D115/><U110/><E74/><V68/><F107/><W134/><G104/><T108/><D116/><U49/><E110/><V3/><F128/><N who="1" m="49257" /><E59/><V96/><F133/><W94/><G134/><T109/><D36/><U58/><E58/><V101/><F62/><W31/><G117/><T56/><D29/><U55/><E2/><V105/><F68/><W26/><G14/><T66/><D79/><U50/><E50/><V87/><F10/><W9/><G9/><T57/><D98/><U71/><E71/><V121/><F46/><W91/><G47/><T21/><D8/><U106/><E106/><V97/><F97/><W64/><G64/><T72/><D72/><U18/><E4/><V78/><F121/><W77/><G91/><T11/><D11/><U33/><E33/><V75/><F78/><W37/><G37/><T70/><D70/><U124/><E124/><N who="3" m="47722" /><G26/><AGARI ba="0,0" hai="6,7,18,22,26,44,49,55,86,88,93" m="49257" machi="26" ten="30,5800,0" yaku="19,1,52,1,54,1" doraHai="17" who="1" fromWho="3" sc="250,0,240,58,322,0,188,-58" /><INIT seed="1,1,0,0,4,51" ten="250,298,322,130" oya="1" hai0="11,120,104,49,35,125,33,19,124,40,64,47,60" hai1="37,9,58,89,3,100,24,83,121,52,28,7,78" hai2="20,46,110,87,79,84,15,39,118,101,76,106,22" hai3="108,17,73,116,117,29,31,134,126,96,27,97,45"/><U18/><E121/><V56/><F118/><N who="3" m="45675" /><G73/><T25/><D120/><U71/><E71/><V72/><F56/><W82/><G82/><T113/><D104/><U112/><E112/><V14/><F101/><W54/><G108/><T103/><D103/><U8/><E37/><V1/><F46/><W77/><G77/><T50/><D113/><U42/><E42/><V59/><F59/><W12/><G134/><T38/><D11/><U43/><E43/><V90/><F106/><W75/><G75/><T26/><D19/><U93/><E100/><V41/><F72/><W68/><G68/><N who="0" m="41991" /><D26/><U133/><E133/><V95/><F41/><W86/><G86/><T114/><D114/><U81/><E78/><V34/><F39/><W44/><G126/><N who="0" m="48747" /><D25/><U91/><E18/><V94/><F110/><W13/><G13/><T55/><D49/><U99/><E9/><V85/><F15/><W2/><G2/><T32/><D38/><U105/><E105/><V0/><F14/><W61/><G17/><T4/><D40/><U69/><E69/><V92/><F90/><W63/><G12/><T129/><D4/><U21/><E91/><V66/><F76/><W131/><G31/><T109/><D109/><U123/><E123/><V115/><F79/><W5/><G5/><T65/><D65/><U107/><E107/><V10/><F66/><W36/><G36/><T130/><AGARI ba="1,0" hai="32,33,35,47,50,55,129,130" m="48747,41991" machi="130" ten="40,2700,0" yaku="18,1,52,1" doraHai="51" who="0" fromWho="0" sc="250,30,298,-14,322,-8,130,-8" /><INIT seed="2,0,0,4,4,82" ten="280,284,314,122" oya="2" hai0="104,102,3,81,23,16,99,113,35,0,78,27,8" hai1="134,92,51,67,5,21,2,85,91,37,115,40,12" hai2="122,39,68,9,129,30,66,53,116,60,54,100,80" hai3="84,97,76,86,56,61,18,41,42,117,69,112,83"/><V133/><F116/><W79/><G69/><T135/><D113/><U114/><E37/><V93/><F122/><W6/><G117/><T107/><D135/><U73/><E73/><V10/><F133/><W36/><G112/><T95/><D35/><U22/><E134/><V31/><F39/><W33/><G33/><T14/><D0/><U1/><E1/><V118/><F118/><W96/><G6/><T124/><D124/><U109/><E2/><V94/><F80/><N who="3" m="47111" /><G36/><T62/><D62/><U58/><E109/><V88/><F129/><W131/><G18/><T45/><D45/><N who="1" m="26023" /><E115/><V128/><F128/><W103/><G131/><T4/><REACH who="0" step="1"/><D3/><REACH who="0" ten="270,284,314,122" step="2"/><U130/><E114/><V125/><F125/><W121/><G121/><T87/><AGARI ba="0,1" hai="4,8,14,16,23,27,78,81,87,95,99,102,104,107" machi="87" ten="20,12000,2" yaku="1,1,2,1,0,1,7,1,52,1,54,1,53,1" doraHai="82" doraHaiUra="72" who="0" fromWho="0" sc="270,130,284,-30,314,-60,122,-30" /><INIT seed="3,0,0,3,1,56" ten="400,254,254,92" oya="3" hai0="87,133,39,99,2,7,85,93,72,13,79,41,80" hai1="19,88,96,20,31,69,57,110,48,12,50,5,107" hai2="15,119,18,126,76,6,73,68,24,77,117,118,29" hai3="36,45,113,22,130,108,129,43,1,8,74,100,60"/><W14/><G113/><T61/><D61/><U75/><E69/><V23/><F68/><W46/><G74/><T3/><D13/><N who="1" m="9327" /><E107/><V122/><F6/><W65/><G100/><N who="0" m="60527" /><D2/><U83/><E75/><V25/><F126/><W32/><G32/><T71/><D71/><U120/><E120/><V116/><N who="2" m="29696" /><DORA hai="111" /><V33/><F122/><W28/><G1/><T102/><D133/><U131/><E110/><V84/><F73/><W78/><G78/><T97/><D97/><U125/><E125/><V40/><F40/><W53/><G108/><T89/><D89/><U112/><E112/><V135/><F135/><W94/><G94/><T49/><D49/><N who="1" m="19051" /><E131/><N who="3" m="50186" /><G53/><T0/><D102/><U9/><E57/><V63/><F63/><W64/><G46/><N who="0" m="23871" /><D0/><U21/><E83/><V109/><F109/><W92/><G92/><T34/><D34/><U47/><E47/><V66/><F33/><W52/><G28/><T54/><D54/><U98/><E88/><V105/><F29/><W62/><G22/><T127/><D127/><U4/><E4/><V70/><F105/><W134/><G134/><T103/><D103/><U11/><E11/><AGARI ba="0,0" hai="3,7,11,72,79,80,85,87" m="23871,60527" machi="11" ten="30,1000,0" yaku="25,1" doraHai="56,111" who="0" fromWho="1" sc="400,10,254,-10,254,0,92,0" owari="410,51.0,244,-15.6,254,5.4,92,-40.8" /></mjloggm>