<mjloggm ver="2.3"><GO type="225" lobby="0"/><UN n0="%E3%82%BC%E3%83%AB%E3%83%80%E3%81%AE%E4%BC%9D%E8%AA%AC" n1="%E3%81%86%E3%83%BC%E3%81%B1%E3%83%BC" n2="%4B%2E%32%2E%4B%2E" n3="%E3%81%A9%E3%82%93%E3%82%88%E3%81%8F%4D%6B%2E%32" dan="16,16,16,16" rate="2169.86,2154.78,2202.49,2173.67" sx="M,F,M,M"/><TAIKYOKU oya="0"/><INIT seed="0,0,0,0,0,24" ten="250,250,250,250" oya="0" hai0="78,35,131,99,6,125,34,30,82,17,120,86,9" hai1="50,53,88,15,27,105,10,51,4,31,111,45,103" hai2="124,134,87,43,1,59,98,55,83,38,52,32,18" hai3="127,81,49,48,39,37,54,67,112,91,85,21,12"/><T70/><D120/><U93/><E111/><V20/><F32/><W36/><G112/><T26/><D125/><U121/><E121/><V28/><F1/><W57/><G127/><T22/><D131/><U56/><E105/><V71/><F124/><W113/><G113/><T69/><D99/><U0/><E103/><V130/><F71/><W126/><G126/><T109/><D109/><U114/><E0/><V60/><F130/><W13/><G67/><T25/><REACH who="0" step="1"/><D34/><REACH who="0" ten="240,250,250,250" step="2"/><U62/><E114/><V115/><F98/><W44/><REACH who="3" step="1"/><G21/><REACH who="3" ten="240,250,250,240" step="2"/><T102/><D102/><U65/><E51/><V42/><F20/><W89/><G89/><T47/><D47/><U16/><E50/><V66/><F115/><W77/><G77/><T8/><D8/><U106/><E45/><V100/><F100/><W94/><G94/><T129/><D129/><U107/><E106/><V61/><F38/><W74/><G74/><T92/><D92/><U11/><E107/><V101/><F101/><W118/><G118/><T29/><D29/><U58/><E93/><V110/><F28/><W23/><G23/><T133/><D133/><U117/><E88/><V80/><F134/><W33/><G33/><T108/><D108/><U72/><E72/><V84/><F110/><W128/><G128/><T5/><D5/><U79/><E79/><V96/><F83/><W95/><G95/><T116/><D116/><U41/><E117/><V73/><F73/><W104/><G104/><T132/><D132/><U90/><E90/><V119/><F119/><W2/><G2/><AGARI ba="0,2" hai="2,6,9,17,22,25,26,30,35,69,70,78,82,86" machi="2" ten="30,11600,0" yaku="1,1,7,1,52,1,53,1" doraHai="24" doraHaiUra="3" who="0" fromWho="3" sc="240,136,250,0,250,0,240,-116" /><INIT seed="0,1,0,4,3,87" ten="376,250,250,124" oya="0" hai0="63,22,60,100,68,77,69,118,122,50,34,39,134" hai1="123,135,99,57,101,21,2,93,30,90,126,28,66" hai2="3,11,91,112,40,65,4,8,61,15,79,43,35" hai3="113,124,41,105,117,95,48,82,23,54,114,127,13"/><T107/><D34/><U128/><E123/><V92/><F112/><W98/><G41/><T70/><D77/><U85/><E2/><V119/><F35/><W47/><G105/><T37/><D22/><U103/><E128/><V109/><F109/><W26/><G13/><T106/><D100/><U55/><E135/><V53/><F53/><W12/><G12/><T42/><D122/><U130/><E130/><V52/><F79/><W84/><G117/><T111/><D118/><U14/><E66/><V45/><F45/><W0/><G0/><T59/><D107/><U46/><E46/><V97/><F52/><W108/><G108/><T75/><D75/><U62/><E103/><V78/><F78/><W94/><G82/><T32/><D32/><U49/><E62/><N who="0" m="23593" /><D106/><U116/><E126/><V6/><REACH who="2" step="1"/><F119/><REACH who="2" ten="376,250,240,124" step="2"/><W83/><G113/><T20/><D111/><U29/><E116/><V120/><F120/><W5/><G114/><T132/><D132/><U25/><REACH who="1" step="1"/><E14/><REACH who="1" ten="376,240,240,124" step="2"/><V31/><F31/><W129/><G129/><T89/><D134/><U9/><E9/><V56/><AGARI ba="1,2" hai="3,4,6,8,11,15,40,43,56,61,65,91,92,97" machi="56" ten="20,5200,0" yaku="1,1,0,1,7,1,52,1,53,0" doraHai="87" doraHaiUra="19" who="2" fromWho="2" sc="376,-27,240,-14,240,75,124,-14" /><INIT seed="1,0,0,5,5,1" ten="349,226,315,110" oya="1" hai0="52,83,10,76,24,62,114,129,122,107,23,47,36" hai1="48,88,16,124,67,56,44,93,109,3,55,125,42" hai2="50,104,37,4,126,51,120,75,135,33,97,85,57" hai3="25,38,34,61,54,99,13,40,46,84,118,39,80"/><U87/><E3/><V72/><F37/><W8/><G118/><T17/><D114/><U127/><E109/><V92/><F104/><W108/><G108/><T101/><D129/><U78/><E78/><V26/><F120/><W59/><G99/><T130/><D130/><U22/><E67/><V103/><F126/><W6/><G25/><T106/><D122/><U132/><E132/><V98/><F98/><W19/><G34/><T27/><D101/><U35/><E35/><V60/><F85/><W58/><G58/><T30/><D36/><U81/><E81/><V74/><F135/><W86/><G86/><T5/><D62/><U121/><E121/><V43/><F43/><W2/><G2/><T115/><D115/><U53/><REACH who="1" step="1"/><E56/><REACH who="1" ten="349,216,315,110" step="2"/><V11/><F33/><W89/><REACH who="3" step="1"/><G39/><REACH who="3" ten="349,216,315,100" step="2"/><T0/><D0/><U63/><E63/><V14/><REACH who="2" step="1"/><F26/><AGARI ba="0,2" hai="16,22,26,42,44,48,53,55,87,88,93,124,125,127" machi="26" ten="40,12000,1" yaku="1,1,18,1,54,2,53,0" doraHai="1" doraHaiUra="113" who="1" fromWho="2" sc="349,0,216,140,315,-120,100,0" /><INIT seed="1,1,0,5,5,125" ten="349,356,195,100" oya="1" hai0="69,22,110,116,135,72,77,41,68,114,65,34,109" hai1="102,101,126,58,25,55,44,54,86,76,31,74,53" hai2="47,82,133,36,119,95,32,60,59,51,132,17,92" hai3="62,129,5,71,50,134,38,28,45,40,120,26,75"/><U105/><E74/><V98/><F36/><W121/><G75/><T78/><D114/><U2/><E2/><V21/><F32/><W16/><G5/><T94/><D34/><U97/><E102/><V131/><F119/><W29/><G134/><N who="2" m="51817" /><F82/><W12/><G38/><T23/><D135/><U89/><E76/><V49/><F131/><W27/><G71/><T113/><D113/><U0/><E0/><V10/><F10/><W66/><G27/><T39/><D94/><N who="2" m="35882" /><F47/><W35/><G29/><T106/><D106/><U124/><E58/><V99/><F99/><W112/><G112/><T127/><D116/><U15/><E44/><V3/><F98/><W123/><G129/><T87/><D72/><U122/><E122/><V91/><F91/><W90/><G90/><T73/><D73/><U79/><E79/><V9/><F9/><W37/><G37/><T81/><D77/><U85/><E89/><V70/><F70/><W4/><G4/><T80/><D80/><U48/><E48/><V63/><F63/><W42/><G62/><N who="0" m="39991" /><D69/><U46/><E46/><V96/><F96/><W24/><G45/><N who="0" m="23743" /><D127/><N who="1" m="48683" /><E86/><V57/><F57/><W30/><G42/><T8/><D8/><U6/><E85/><V20/><F3/><W18/><G40/><T14/><D14/><U83/><E83/><V111/><F111/><AGARI ba="1,0" hai="22,23,78,81,87,109,110,111" m="23743,39991" machi="111" ten="30,1000,0" yaku="14,1" doraHai="125" who="0" fromWho="2" sc="349,13,356,0,195,-13,100,0" /><INIT seed="2,0,0,1,5,54" ten="362,356,182,100" oya="2" hai0="21,71,75,58,115,22,99,18,69,28,31,46,121" hai1="96,76,26,98,101,40,132,27,85,36,73,124,131" hai2="53,130,68,87,93,127,123,102,30,112,90,109,47" hai3="122,105,24,106,81,3,50,82,135,25,63,133,33"/><V4/><F68/><W83/><G3/><T17/><D75/><U100/><E73/><V120/><F112/><W97/><G50/><T103/><D121/><U57/><E36/><V32/><F127/><W77/><G77/><T79/><D79/><U88/><E40/><V91/><F130/><W5/><G5/><T15/><D115/><U111/><E131/><V134/><F134/><W65/><G122/><T55/><D46/><U23/><E132/><N who="3" m="50762" /><G97/><N who="1" m="37482" /><E76/><V7/><F7/><W126/><G126/><T80/><D80/><N who="3" m="20481" /><W52/><DORA hai="34" /><G65/><T72/><D72/><U104/><E104/><N who="3" m="40042" /><G33/><T114/><D114/><U37/><E37/><V129/><F4/><W6/><G6/><T86/><D86/><U9/><E9/><V59/><F32/><W16/><G16/><T70/><D99/><U43/><E43/><V38/><F120/><W14/><G14/><T8/><D103/><N who="1" m="39499" /><E124/><V42/><F123/><W2/><G2/><T51/><REACH who="0" step="1"/><D8/><REACH who="0" ten="352,356,182,100" step="2"/><U56/><E111/><V110/><F110/><W113/><G113/><T119/><D119/><U1/><E1/><V118/><F109/><W107/><N who="3" m="40050" /><W29/><DORA hai="94" /><G29/><T95/><D95/><N who="1" m="54671" /><E27/><AGARI ba="0,1" hai="15,17,18,21,22,27,28,31,51,55,58,69,70,71" machi="27" ten="40,12000,2" yaku="1,1,52,1,53,4" doraHai="54,34,94" doraHaiUra="64,11,89" who="0" fromWho="1" sc="352,130,356,-120,182,0,100,0" /><INIT seed="3,0,0,5,5,95" ten="482,236,182,100" oya="3" hai0="2,34,109,99,78,24,7,25,104,8,5,26,40" hai1="35,87,81,56,27,72,86,51,14,134,119,43,50" hai2="115,13,67,3,46,23,77,58,105,96,64,4,38" hai3="128,16,11,29,28,68,91,48,126,125,73,22,111"/><W127/><G68/><T36/><D7/><U61/><E72/><V15/><F115/><W117/><G73/><T89/><D34/><U41/><E35/><V21/><F77/><W54/><G117/><T129/><D109/><U74/><E74/><V57/><F3/><W49/><G11/><T66/><D78/><N who="1" m="46391" /><E27/><V1/><F1/><W122/><G111/><T92/><D89/><U114/><E114/><V90/><F46/><W132/><G122/><T0/><D92/><U83/><E134/><V85/><F90/><W108/><G108/><T60/><D99/><U19/><E119/><V33/><F33/><W75/><G75/><T98/><D60/><U44/><E87/><V121/><F85/><W18/><G132/><T130/><D40/><N who="1" m="24839" /><E51/><N who="3" m="19530" /><G128/><T65/><D8/><N who="1" m="6599" /><E83/><V110/><F110/><W70/><G70/><T82/><D66/><AGARI ba="0,0" hai="41,43,56,61,66" m="6599,24839,46391" machi="66" ten="30,1000,0" yaku="8,1" doraHai="95" who="1" fromWho="0" sc="482,-10,236,10,182,0,100,0" owari="472,57.2,246,4.6,182,-21.8,100,-40.0" /></mjloggm>