<mjloggm ver="2.3"><GO type="225" lobby="0"/><UN n0="%72%69%6F%75%63%68%61%6E" n1="%E3%81%86%E3%83%BC%E3%81%B1%E3%83%BC" n2="%E7%AD%89%E3%80%85%E5%8A%9B%E5%8A%87%E5%A0%B4" n3="%E3%81%82%E3%81%99%E3%81%AB%E3%82%83%E3%82%80" dan="17,16,16,16" rate="2166.79,2108.70,2129.68,2188.72" sx="M,M,M,F"/><TAIKYOKU oya="0"/><INIT seed="0,0,0,3,4,29" ten="250,250,250,250" oya="0" hai0="46,126,86,45,132,21,1,113,78,44,115,123,31" hai1="99,61,131,91,80,107,24,59,11,97,17,52,18" hai2="96,4,6,71,66,43,114,109,5,108,26,42,64" hai3="98,70,94,93,130,16,105,49,10,79,133,129,128"/><T116/><D116/><U12/><E131/><V102/><F114/><W32/><G70/><T89/><D123/><U38/><E38/><V106/><F26/><W48/><G79/><T119/><D119/><U22/><E107/><V83/><F83/><W3/><G133/><T13/><D1/><U53/><E53/><V85/><F85/><AGARI ba="0,0" hai="11,12,17,18,22,24,52,59,61,80,85,91,97,99" machi="85" ten="40,2600,0" yaku="8,1,54,1" doraHai="29" who="1" fromWho="2" sc="250,0,250,26,250,-26,250,0" /><INIT seed="1,0,0,5,0,79" ten="250,276,224,250" oya="1" hai0="121,54,53,94,0,52,133,37,124,130,68,104,116" hai1="66,6,34,71,22,91,115,32,2,60,19,21,48" hai2="7,120,5,118,67,33,47,15,99,13,12,65,84" hai3="83,82,16,45,127,11,105,102,43,101,39,69,74"/><U123/><E115/><V87/><F33/><W35/><G35/><T106/><RYUUKYOKU type="yao9" ba="0,0" sc="250,0,276,0,224,0,250,0" hai0="0,37,52,53,54,68,94,104,106,116,121,124,130,133" /><INIT seed="1,1,0,1,5,111" ten="250,276,224,250" oya="1" hai0="22,85,74,59,60,97,122,99,65,61,110,11,116" hai1="27,48,103,40,87,33,120,84,71,26,91,101,132" hai2="28,114,125,18,112,98,118,15,93,45,37,78,79" hai3="86,31,57,80,83,109,123,134,53,124,36,106,89"/><U131/><E120/><V64/><F118/><W21/><G123/><T73/><D116/><U2/><E2/><V121/><F121/><W102/><G109/><T23/><D122/><U8/><E71/><V96/><F28/><W115/><G115/><N who="2" m="44073" /><F125/><W30/><G36/><T4/><D110/><U19/><E132/><V56/><F98/><W10/><G134/><T6/><D85/><U17/><E131/><V68/><F68/><W43/><G43/><T82/><D82/><U129/><E129/><V128/><F128/><W67/><G80/><T13/><D4/><U41/><E33/><V104/><F104/><W7/><G124/><T70/><D97/><U1/><E1/><V54/><F64/><W105/><G67/><T42/><D42/><U32/><E32/><V107/><F107/><W63/><G106/><T72/><REACH who="0" step="1"/><D99/><REACH who="0" ten="240,276,224,250" step="2"/><U76/><E103/><N who="2" m="60815" /><F37/><W55/><G102/><T113/><D113/><U0/><E101/><V69/><F69/><W62/><G105/><T51/><D51/><U39/><E48/><N who="2" m="30791" /><F45/><W117/><G117/><T108/><D108/><U66/><E39/><V130/><F130/><W81/><G63/><T24/><D24/><U100/><E27/><V5/><F5/><W75/><G7/><T50/><D50/><U3/><E26/><V119/><F119/><W92/><G62/><T88/><D88/><U135/><E91/><V9/><AGARI ba="1,1" hai="9,15,18,78,79" m="30791,60815,44073" machi="9" ten="30,7900,0" yaku="11,1,52,3" doraHai="111" who="2" fromWho="2" sc="240,-21,276,-40,224,92,250,-21" /><INIT seed="2,0,0,1,4,58" ten="219,236,316,229" oya="2" hai0="85,66,93,114,123,103,124,29,115,95,109,38,10" hai1="13,25,0,32,35,48,118,8,51,101,26,36,107" hai2="52,63,100,21,57,75,1,111,86,130,77,56,42" hai3="128,34,106,22,31,108,72,6,76,54,70,96,74"/><V110/><F1/><W9/><G22/><T98/><D123/><U120/><E118/><V87/><F130/><W59/><G70/><T81/><D38/><U44/><E0/><V41/><F75/><W67/><G108/><N who="2" m="41513" /><F100/><W16/><G128/><T113/><D109/><U27/><E36/><V17/><F57/><W12/><G67/><T119/><D119/><U133/><E133/><V43/><F77/><W78/><G76/><T90/><D29/><U15/><E120/><V62/><F62/><W50/><G78/><T92/><D10/><U125/><E8/><V105/><F105/><W129/><G129/><T55/><D55/><U102/><E107/><V112/><F112/><W122/><G122/><T68/><REACH who="0" step="1"/><D124/><REACH who="0" ten="209,236,316,229" step="2"/><U39/><E125/><V131/><F131/><W64/><G31/><T14/><D14/><AGARI ba="0,1" hai="14,17,21,41,42,43,52,56,63,86,87" m="41513" machi="14" ten="30,11600,0" yaku="14,1,10,1,52,1,54,1" doraHai="58" who="2" fromWho="0" sc="209,-116,236,0,316,126,229,0" /><INIT seed="2,1,0,5,0,50" ten="93,236,442,229" oya="2" hai0="95,38,128,18,82,122,49,78,56,42,24,98,99" hai1="119,25,55,111,116,54,88,87,130,105,13,11,44" hai2="68,10,15,93,102,12,53,39,135,97,57,96,64" hai3="107,80,0,63,43,52,81,62,23,125,71,124,89"/><V60/><F135/><W73/><G0/><T86/><D128/><U74/><E74/><V123/><F39/><W70/><G107/><T58/><D122/><U36/><E105/><V103/><F123/><W45/><G73/><T6/><D6/><U41/><E130/><V112/><F112/><W48/><G23/><T90/><D38/><U16/><E111/><V35/><F35/><W17/><G17/><T126/><D126/><N who="3" m="48745" /><G89/><T9/><D99/><U30/><E119/><V28/><F28/><W114/><G81/><T72/><D72/><U1/><E1/><V33/><F33/><W67/><G80/><T100/><D100/><U134/><E134/><V4/><F15/><W34/><G34/><T101/><D42/><U22/><E116/><V47/><F97/><W3/><G3/><T127/><D127/><U108/><E108/><V83/><F83/><AGARI ba="1,0" hai="11,13,16,22,25,30,36,41,44,54,55,83,87,88" machi="83" ten="30,8000,1" yaku="7,1,52,2,54,2" doraHai="50" who="1" fromWho="2" sc="93,0,236,83,442,-83,229,0" /><INIT seed="3,0,0,1,5,91" ten="93,319,359,229" oya="3" hai0="117,124,48,31,24,40,80,28,17,39,126,1,49" hai1="83,11,60,3,129,112,5,61,92,7,8,27,127" hai2="116,120,22,113,96,53,78,32,13,90,104,57,69" hai3="10,118,115,75,84,100,45,25,64,66,125,29,82"/><W54/><G115/><T12/><D117/><U133/><E129/><V111/><F32/><W51/><G125/><T30/><D39/><U47/><E127/><V130/><F69/><W2/><G75/><T0/><D40/><U67/><E133/><V56/><F116/><W107/><G118/><T6/><D80/><U50/><E112/><V74/><F113/><W63/><G100/><T134/><D49/><U59/><E83/><V79/><F111/><W18/><G107/><T19/><D48/><U121/><E121/><V42/><F130/><W68/><G66/><T106/><D106/><U81/><E81/><V62/><F120/><W98/><G98/><T16/><D134/><U73/><E73/><V20/><F74/><W103/><G103/><T4/><D126/><U122/><E122/><V88/><F42/><W95/><G95/><T76/><D76/><N who="2" m="29226" /><F104/><W44/><G84/><T132/><D132/><U72/><E72/><V101/><F101/><W70/><G70/><T86/><D86/><U105/><E105/><V119/><F119/><W58/><G82/><T52/><D52/><U102/><E27/><V21/><F96/><W43/><G43/><T33/><D124/><U93/><E102/><V108/><F108/><W46/><G68/><T110/><D110/><U37/><E37/><V123/><F123/><W15/><G2/><N who="0" m="1131" /><D12/><N who="1" m="5135" /><E61/><N who="2" m="35983" /><F13/><W77/><G77/><T23/><D33/><AGARI ba="0,0" hai="10,15,18,25,29,33,44,45,46,51,54,58,63,64" machi="33" ten="30,1500,0" yaku="7,1" doraHai="91" who="3" fromWho="0" sc="93,-15,319,0,359,0,229,15" /><INIT seed="3,1,0,5,0,120" ten="78,319,359,244" oya="3" hai0="127,89,94,102,95,118,14,121,122,25,44,88,29" hai1="111,17,91,39,58,60,1,51,4,15,56,116,54" hai2="114,21,8,2,46,100,52,101,9,27,69,72,65" hai3="98,66,61,79,83,125,26,71,105,68,113,32,30"/><W84/><G125/><T53/><D118/><U112/><E112/><V28/><F114/><W81/><G81/><T12/><D127/><U77/><E39/><V18/><F72/><W10/><G10/><N who="2" m="4201" /><F69/><W20/><G20/><T103/><D25/><U0/><E4/><V124/><F2/><W40/><G40/><T75/><D75/><U85/><E77/><V82/><F124/><W135/><G113/><T38/><D44/><U123/><E123/><V92/><F65/><W73/><G84/><T80/><D38/><U19/><E116/><V70/><F70/><N who="3" m="42319" /><G135/><T67/><D67/><U47/><E58/><V22/><F82/><W86/><G86/><T78/><D80/><N who="1" m="49575" /><E19/><V109/><F92/><W129/><G129/><T119/><D119/><U49/><E49/><V35/><F35/><W134/><G134/><T31/><REACH who="0" step="1"/><D53/><REACH who="0" ten="68,319,359,244" step="2"/><U130/><E47/><V132/><F52/><W43/><G43/><T108/><D108/><U59/><E111/><V104/><F109/><W42/><G42/><T5/><D5/><U97/><E54/><V126/><F46/><W76/><G26/><T23/><D23/><U41/><E41/><V107/><F126/><W37/><G37/><T93/><D93/><U128/><E130/><V6/><F132/><W106/><G73/><T57/><D57/><U7/><E128/><V87/><F6/><W131/><G131/><T74/><D74/><U36/><E36/><V16/><F22/><W45/><G68/><T117/><D117/><U63/><E7/><V24/><F21/><W62/><G71/><T64/><D64/><N who="1" m="38919" /><E59/><V55/><F27/><RYUUKYOKU ba="1,1" sc="68,30,319,-10,359,-10,244,-10" hai0="12,14,29,31,78,88,89,94,95,102,103,121,122" owari="98,-40.2,309,10.9,359,45.9,234,-16.6" /></mjloggm>