<mjloggm ver="2.3"><GO type="225" lobby="0"/><UN n0="%E6%9D%BE%E6%9C%AC%E5%81%A5%E7%94%B7" n1="%72%69%6F%75%63%68%61%6E" n2="%E3%81%AF%E3%82%88%E3%81%8A%E3%81%98%E3%81%95%E3%82%93" n3="%E5%8F%AF%E5%85%90%E9%82%A3%E7%94%B1%E5%A4%9A" dan="16,17,17,17" rate="2166.81,2163.96,2208.08,2238.45" sx="M,M,M,F"/><TAIKYOKU oya="0"/><INIT seed="0,0,0,1,0,27" ten="250,250,250,250" oya="0" hai0="75,69,135,116,45,59,79,128,78,15,94,39,88" hai1="63,109,35,70,32,43,81,90,127,20,122,36,93" hai2="99,85,26,0,133,34,66,118,41,38,74,9,98" hai3="104,108,73,51,84,31,28,1,76,112,24,42,131"/><T72/><D69/><U46/><E122/><V89/><F74/><W8/><G112/><T54/><D116/><U67/><E109/><V119/><F133/><W103/><G73/><T18/><D128/><U96/><E127/><V29/><F66/><W62/><G108/><T110/><D135/><U134/><E134/><V92/><F41/><W37/><G37/><T40/><D75/><U16/><REACH who="1" step="1"/><E81/><REACH who="1" ten="250,240,250,250" step="2"/><V132/><F132/><W44/><G131/><T22/><D110/><U12/><AGARI ba="0,1" hai="12,16,20,32,35,36,43,46,63,67,70,90,93,96" machi="12" ten="20,8000,1" yaku="1,1,2,1,0,1,7,1,54,1,53,0" doraHai="27" doraHaiUra="115" who="1" fromWho="1" sc="250,-40,240,90,250,-20,250,-20" /><INIT seed="1,0,0,1,4,55" ten="210,330,230,230" oya="1" hai0="69,12,131,86,6,118,30,85,57,43,47,125,41" hai1="25,91,0,45,78,74,67,110,9,13,71,124,106" hai2="32,52,23,16,14,111,26,87,44,31,116,95,36" hai3="8,38,40,54,102,119,34,89,121,128,5,29,48"/><U109/><E124/><V10/><F116/><W96/><G121/><T79/><D69/><U97/><E0/><V134/><F111/><N who="1" m="42505" /><E25/><V37/><F134/><W3/><G119/><T60/><D131/><U61/><E45/><V130/><F130/><W115/><G115/><T82/><D125/><U135/><E135/><V94/><F32/><W24/><G128/><T133/><D133/><U84/><E74/><V46/><F37/><W56/><G89/><T66/><D118/><U7/><E78/><V122/><F122/><W62/><G38/><T33/><D30/><U59/><E106/><V75/><F75/><W68/><G40/><T1/><D1/><U58/><E97/><V51/><REACH who="2" step="1"/><F87/><REACH who="2" ten="210,330,220,230" step="2"/><W4/><G4/><T49/><D33/><U108/><E108/><V129/><F129/><W99/><REACH who="3" step="1"/><G102/><REACH who="3" ten="210,330,220,220" step="2"/><T15/><D6/><U50/><E50/><V92/><F92/><AGARI ba="0,2" hai="7,9,13,58,59,61,67,71,84,91,92" m="42505" machi="92" ten="30,11600,0" yaku="14,1,10,1,52,2" doraHai="55" who="1" fromWho="2" sc="210,0,330,136,220,-116,220,0" /><INIT seed="1,1,0,4,4,92" ten="210,466,104,220" oya="1" hai0="70,73,61,104,32,16,129,1,89,55,117,57,86" hai1="83,6,67,95,56,79,46,72,15,36,18,85,12" hai2="116,23,80,65,52,78,77,58,59,49,122,4,121" hai3="53,105,38,29,51,2,43,108,25,101,42,110,7"/><U96/><E72/><V22/><F116/><W75/><G75/><T40/><D129/><U34/><E34/><V94/><F4/><W97/><G38/><T113/><D113/><U30/><E30/><V9/><F9/><W81/><G81/><T68/><D117/><U63/><E6/><V106/><F106/><W119/><G119/><T13/><D73/><U115/><E115/><V114/><F114/><W19/><G19/><T5/><D32/><U124/><E124/><V88/><F121/><W93/><G105/><T82/><D104/><U3/><E3/><V54/><F65/><W26/><G2/><T84/><D40/><N who="3" m="15401" /><G7/><T17/><D17/><U134/><E134/><V50/><F122/><W100/><G100/><T69/><D5/><U123/><E123/><V131/><F131/><W62/><G62/><T24/><D1/><U107/><E107/><V64/><F64/><W0/><G29/><T35/><D35/><U21/><E36/><V37/><F37/><W112/><G0/><T71/><D71/><U44/><REACH who="1" step="1"/><E12/><REACH who="1" ten="210,456,104,220" step="2"/><V120/><F120/><W28/><G28/><T127/><D127/><U20/><E20/><N who="2" m="7723" /><F80/><W135/><G135/><T132/><D132/><U66/><E66/><V111/><F111/><N who="3" m="42539" /><G112/><T60/><D24/><U39/><E39/><V8/><F8/><W98/><G25/><T118/><D118/><U33/><E33/><V87/><AGARI ba="1,1" hai="49,50,52,54,58,59,77,78,87,88,94" m="7723" machi="87" ten="30,4000,0" yaku="8,1,54,2" doraHai="92" who="2" fromWho="2" sc="210,-11,456,-21,104,53,220,-11" /><INIT seed="2,0,0,0,5,106" ten="199,435,157,209" oya="2" hai0="46,62,22,60,83,8,56,75,19,14,96,127,13" hai1="86,104,91,78,95,81,122,30,132,129,117,4,16" hai2="88,90,97,55,18,120,112,113,67,135,27,20,54" hai3="49,50,39,40,85,52,63,133,65,99,11,37,41"/><V123/><F135/><W94/><G85/><T116/><D127/><U125/><E117/><V77/><F67/><W109/><G133/><T76/><D116/><U33/><E132/><V74/><F113/><W124/><G124/><T58/><D46/><U25/><E125/><V114/><F112/><W59/><G11/><T102/><D62/><U70/><E70/><V71/><F71/><N who="3" m="42431" /><G94/><T12/><D60/><U47/><E129/><V9/><F114/><W73/><G73/><T43/><D43/><N who="3" m="16457" /><G99/><T72/><D72/><U111/><E122/><V126/><F126/><W6/><G6/><T92/><REACH who="0" step="1"/><D14/><REACH who="0" ten="189,435,157,209" step="2"/><U5/><E47/><V61/><F123/><W121/><G121/><T34/><D34/><U103/><E111/><V98/><F120/><W1/><G109/><T10/><D10/><U35/><E33/><V79/><F9/><W26/><G1/><T89/><D89/><N who="2" m="34410" /><F74/><W7/><G26/><T87/><D87/><U93/><E35/><V0/><F0/><W15/><G15/><T130/><D130/><U118/><E118/><V64/><F64/><W82/><G7/><AGARI ba="0,1" hai="7,8,12,13,19,22,56,58,75,76,83,92,96,102" machi="7" ten="30,3900,0" yaku="1,1,7,1,52,1,53,0" doraHai="106" doraHaiUra="42" who="0" fromWho="3" sc="189,49,435,0,157,0,209,-39" /><INIT seed="3,0,0,3,5,18" ten="238,435,157,170" oya="3" hai0="27,45,117,32,68,89,60,102,22,95,56,122,104" hai1="39,42,109,74,115,121,7,31,43,76,90,83,8" hai2="23,37,85,63,75,100,40,52,73,99,79,1,41" hai3="118,12,110,129,80,25,119,17,72,36,24,57,6"/><W10/><G36/><T30/><D68/><U20/><E90/><V67/><F1/><N who="3" m="335" /><G57/><T26/><D117/><N who="3" m="44553" /><G80/><T116/><D122/><U28/><E121/><V126/><F126/><W86/><G86/><T124/><D124/><U101/><E109/><V114/><F114/><W131/><G72/><T58/><D116/><U77/><E115/><V61/><F75/><W107/><G107/><T46/><D104/><U62/><E62/><V113/><F73/><W15/><G110/><T78/><D58/><U38/><E101/><V50/><F113/><W88/><G88/><T53/><D102/><U87/><E43/><N who="2" m="16459" /><F37/><W3/><G3/><T65/><D65/><U35/><E87/><V47/><F67/><W105/><G105/><T120/><D78/><U44/><E38/><V54/><F54/><W33/><G15/><T103/><D103/><U108/><E77/><V51/><F51/><W16/><G17/><N who="0" m="12623" /><D120/><U29/><E108/><V48/><F50/><W128/><G33/><T96/><AGARI ba="0,0" hai="27,30,32,45,46,53,56,60,89,95,96" m="12623" machi="96" ten="30,2000,0" yaku="25,1,52,1" doraHai="18" who="0" fromWho="0" sc="238,20,435,-5,157,-5,170,-10" owari="258,5.8,430,53.0,152,-34.8,160,-24.0" /></mjloggm>