<mjloggm ver="2.3"><GO type="225" lobby="0"/><UN n0="%73%61%6E%64%69%72%69%73" n1="%E8%91%89%E5%B1%B1%E9%99%BD%E5%92%8C" n2="%E5%88%9D%E5%8F%B7%E6%A9%9F%E3%81%A8%E4%BA%8C%E5%8F%B7%E6%A9%9F" n3="%E3%81%9F%E3%81%A3%E3%81%A1%E3%82%87" dan="16,16,17,16" rate="2128.82,2101.56,2184.30,2093.18" sx="M,M,M,M"/><TAIKYOKU oya="0"/><INIT seed="0,0,0,0,5,16" ten="250,250,250,250" oya="0" hai0="37,105,22,95,93,40,31,98,90,123,62,21,54" hai1="61,44,79,26,58,106,3,129,46,24,125,91,124" hai2="80,50,36,131,71,51,108,104,38,103,113,25,42" hai3="97,11,119,55,65,112,99,73,27,15,122,133,76"/><T118/><D118/><U4/><E129/><V6/><F113/><W109/><G119/><T20/><D123/><U5/><E106/><V92/><F104/><W121/><G112/><T86/><D105/><U47/><E79/><V83/><F71/><W19/><G109/><T87/><D37/><U39/><E39/><V7/><F108/><W114/><G114/><T127/><D127/><N who="1" m="48715" /><E91/><V64/><F92/><W115/><G115/><T13/><D40/><U135/><E135/><V60/><F25/><N who="1" m="9833" /><E3/><V49/><F103/><W63/><G133/><T111/><D111/><U33/><E33/><V18/><F38/><W35/><G76/><T1/><D1/><U56/><E61/><V96/><F36/><W94/><G73/><T77/><D31/><U59/><AGARI ba="0,0" hai="4,5,44,46,47,56,58,59" m="9833,48715" machi="59" ten="40,5200,0" yaku="28,2,18,1" doraHai="16" who="1" fromWho="1" sc="250,-26,250,52,250,-13,250,-13" /><INIT seed="1,0,0,0,5,25" ten="224,302,237,237" oya="1" hai0="49,40,79,34,132,41,35,65,13,24,128,54,36" hai1="116,103,3,117,112,7,72,126,8,64,104,2,99" hai2="80,74,93,4,75,56,73,52,21,16,100,47,31" hai3="129,90,122,109,82,30,70,108,91,53,110,57,46"/><U95/><E112/><V97/><F4/><W71/><G122/><T62/><D132/><U44/><E126/><V11/><F47/><W135/><G135/><T69/><D128/><U111/><E72/><V33/><F33/><W9/><G46/><T125/><D125/><U114/><E114/><V39/><F39/><W67/><G129/><T89/><D79/><U42/><E111/><V124/><F11/><W77/><G9/><T88/><D13/><U85/><E3/><V78/><F31/><W134/><G30/><N who="0" m="19783" /><D41/><U102/><E64/><V26/><REACH who="2" step="1"/><F124/><REACH who="2" ten="224,302,227,237" step="2"/><W23/><G134/><T55/><D35/><U27/><E44/><V22/><F22/><W94/><G23/><T32/><D32/><U12/><E8/><V28/><F28/><W115/><G108/><T1/><D1/><U29/><E7/><V20/><F20/><W48/><G109/><T83/><D36/><U17/><E2/><V107/><F107/><W127/><G110/><T121/><D121/><U15/><E29/><V43/><F43/><W81/><G127/><T101/><D40/><U60/><E42/><V76/><F76/><W120/><G77/><T50/><D101/><U123/><E103/><V45/><F45/><W118/><G120/><T5/><D5/><U66/><E123/><V38/><F38/><W98/><G115/><T0/><D0/><U133/><E133/><V113/><F113/><W6/><G6/><T19/><D19/><U63/><E17/><V131/><F131/><W58/><G90/><N who="0" m="34923" /><D83/><U59/><E102/><V10/><F10/><W96/><G81/><T61/><D61/><AGARI ba="0,1" hai="16,21,26,52,56,61,73,74,75,78,80,93,97,100" machi="61" ten="30,12000,2" yaku="1,1,6,1,7,1,54,2,53,1" doraHai="25" doraHaiUra="18" who="2" fromWho="0" sc="224,-120,302,0,227,130,237,0" /><INIT seed="2,0,0,3,2,74" ten="104,302,357,237" oya="2" hai0="67,87,69,114,95,121,26,35,83,66,68,29,52" hai1="128,18,102,84,103,81,25,11,12,0,42,46,13" hai2="132,30,60,58,112,91,86,109,75,3,16,15,51" hai3="116,4,6,44,20,22,40,56,50,110,62,14,71"/><V105/><F112/><W10/><G110/><T93/><D114/><U131/><E0/><V37/><F37/><W61/><G116/><T97/><D121/><U135/><E135/><V133/><F105/><W8/><G71/><T38/><D38/><U130/><E25/><V129/><F3/><W98/><G98/><T115/><D115/><U107/><E13/><V48/><F75/><W88/><G88/><T63/><D97/><U17/><E17/><V100/><F100/><W65/><REACH who="3" step="1"/><G61/><REACH who="3" ten="104,302,357,227" step="2"/><T47/><D69/><U28/><E107/><V39/><F109/><W77/><G77/><T43/><D67/><U36/><REACH who="1" step="1"/><E28/><REACH who="1" ten="104,292,357,227" step="2"/><V82/><F133/><W2/><AGARI ba="0,2" hai="2,4,6,8,10,14,20,22,40,44,50,56,62,65" machi="2" ten="20,2700,0" yaku="1,1,0,1,7,1,53,0" doraHai="74" doraHaiUra="111" who="3" fromWho="3" sc="104,-7,292,-7,357,-13,227,47" /><INIT seed="3,0,0,4,5,117" ten="97,285,344,274" oya="3" hai0="120,113,65,22,5,116,76,133,125,61,56,12,130" hai1="38,103,78,26,52,36,109,1,70,44,112,54,37" hai2="48,122,80,63,85,82,72,90,97,13,17,55,121" hai3="35,30,102,87,83,86,67,123,94,89,53,124,107"/><W95/><G123/><N who="2" m="47113" /><F63/><W114/><G67/><T8/><D120/><U41/><E103/><V40/><F40/><W59/><G124/><T6/><D125/><U118/><E26/><V79/><F97/><N who="3" m="59703" /><G107/><T24/><D133/><U43/><E1/><V119/><F119/><W106/><G106/><T111/><D111/><U126/><E78/><V23/><F55/><W93/><G35/><T20/><D130/><U134/><E118/><V19/><F19/><W127/><G127/><T45/><D113/><U110/><E126/><V11/><F48/><N who="3" m="31143" /><G114/><T14/><D116/><U46/><E112/><V42/><F42/><W33/><G33/><T73/><D73/><U129/><E37/><V91/><F90/><N who="3" m="51551" /><G30/><T66/><D76/><U4/><E134/><V105/><F105/><W27/><G27/><T64/><D45/><U71/><E4/><V77/><F77/><W100/><G100/><T69/><D69/><U7/><E7/><V2/><F2/><W104/><G104/><T75/><D75/><U57/><E57/><V39/><F39/><W29/><G29/><T115/><D115/><U62/><E62/><V92/><F80/><AGARI ba="0,0" hai="80,87,89,93,95" m="51551,31143,59703" machi="80" ten="30,1500,0" yaku="8,1" doraHai="117" who="3" fromWho="2" sc="97,0,285,0,344,-15,274,15" /><INIT seed="3,1,0,4,3,92" ten="97,285,329,289" oya="3" hai0="71,18,88,45,69,98,130,43,108,113,8,36,100" hai1="28,85,37,29,51,115,101,59,78,123,11,24,63" hai2="91,99,105,109,22,80,107,19,86,103,50,5,44" hai3="87,13,14,82,120,74,125,134,75,122,114,95,83"/><W132/><G114/><T26/><D113/><U47/><E37/><V31/><F5/><W102/><G125/><T65/><D108/><U12/><E123/><N who="3" m="47146" /><G13/><T94/><D130/><U15/><E115/><V42/><F109/><W57/><G57/><T77/><D77/><U6/><E15/><V121/><F121/><W73/><G14/><T1/><D65/><N who="1" m="39167" /><E101/><V97/><F31/><W49/><G49/><T53/><D53/><N who="1" m="29951" /><E24/><V4/><F4/><W135/><G102/><T119/><D119/><U55/><E55/><V7/><F7/><W112/><G112/><T67/><D67/><U81/><AGARI ba="1,0" hai="6,11,12,28,29,78,81,85" m="29951,39167" machi="81" ten="30,1100,0" yaku="8,1" doraHai="92" who="1" fromWho="1" sc="97,-4,285,14,329,-4,289,-6" owari="93,-40.7,299,9.9,325,42.5,283,-11.7" /></mjloggm>