<mjloggm ver="2.3"><GO type="225" lobby="0"/><UN n0="%E3%83%8F%E3%83%B3%E3%83%89%E3%83%A9%E3%83%BC%E3%83%BB%E3%83%AF%E3%83%B3" n1="%33%74%72%65%65" n2="%E5%8D%A0%E3%81%84%E5%B8%AB%E8%A3%8F%E3%81%AA%E3%81%84%E3%81%97" n3="%E5%A4%9C%E5%85%89%E5%A4%A9%E6%A5%BC" dan="17,16,17,17" rate="2176.65,2214.87,2163.19,2210.88" sx="M,F,M,M"/><TAIKYOKU oya="0"/><INIT seed="0,0,0,5,1,89" ten="250,250,250,250" oya="0" hai0="44,113,58,126,41,109,18,23,69,99,3,8,79" hai1="70,111,5,48,95,35,118,9,33,120,135,106,47" hai2="77,97,71,76,72,45,64,122,127,80,115,12,7" hai3="86,24,28,112,39,16,94,129,34,132,51,27,121"/><T130/><D113/><U96/><E118/><V92/><F122/><W0/><G39/><T104/><D69/><U37/><E120/><V101/><F127/><W63/><G0/><T125/><D130/><U19/><E111/><V4/><F115/><W10/><G112/><T60/><D79/><U124/><E124/><N who="0" m="47721" /><D109/><U1/><E135/><V100/><F76/><W65/><G121/><T46/><D8/><U93/><E37/><V110/><F110/><W43/><G129/><T90/><D3/><U31/><E70/><V67/><F45/><N who="3" m="26047" /><G34/><T17/><D41/><U123/><E35/><V49/><F71/><W74/><G28/><T128/><D17/><U88/><E31/><V50/><F4/><W20/><G10/><T22/><D22/><U78/><E33/><V87/><F72/><W75/><G75/><T53/><D128/><U6/><E6/><V66/><F101/><W102/><G74/><T105/><D105/><U98/><E19/><V73/><F73/><W26/><G132/><T52/><D53/><U55/><E106/><V54/><F54/><W108/><G108/><T11/><D11/><AGARI ba="0,0" hai="7,11,12,49,50,64,66,67,77,80,87,92,97,100" machi="11" ten="40,2600,0" yaku="8,1,52,1" doraHai="89" who="2" fromWho="0" sc="250,-26,250,0,250,26,250,0" /><INIT seed="1,0,0,2,5,10" ten="224,250,276,250" oya="1" hai0="58,7,44,8,131,105,40,73,81,56,42,51,93" hai1="112,89,49,64,92,35,52,113,72,0,53,28,26" hai2="59,127,70,13,14,23,82,45,118,117,128,25,69" hai3="100,68,39,11,124,6,99,21,119,33,29,115,38"/><U111/><E111/><V57/><F82/><W9/><G115/><T104/><D131/><U37/><E37/><V126/><F45/><W17/><G68/><T16/><D40/><U30/><E72/><V129/><F23/><W116/><G11/><T3/><D93/><U47/><E0/><V102/><F25/><N who="3" m="14511" /><G124/><T120/><D120/><U60/><E53/><V130/><F129/><W32/><G29/><T94/><D94/><U55/><E55/><V95/><F95/><N who="3" m="58495" /><G39/><T85/><D73/><U87/><REACH who="1" step="1"/><E30/><REACH who="1" ten="224,240,276,250" step="2"/><V103/><AGARI ba="0,1" hai="13,14,57,59,69,70,102,103,117,118,126,127,128,130" machi="103" ten="25,8000,1" yaku="0,1,22,2,52,2" doraHai="10" who="2" fromWho="2" sc="224,-20,240,-40,276,90,250,-20" /><INIT seed="2,0,0,5,3,116" ten="204,200,366,230" oya="2" hai0="126,112,15,0,50,114,124,18,2,71,65,69,111" hai1="42,107,26,31,108,53,32,28,63,47,70,94,45" hai2="88,14,10,25,117,4,91,89,72,40,98,119,56" hai3="105,67,82,9,60,38,64,118,74,11,48,20,121"/><V17/><F72/><W113/><G118/><T19/><D50/><U30/><E107/><V54/><F40/><W104/><G38/><T135/><D65/><U79/><E108/><V133/><F133/><W134/><G134/><T33/><D135/><U24/><E79/><V77/><F77/><W103/><G113/><N who="0" m="43627" /><D33/><U1/><E1/><N who="0" m="617" /><D15/><U127/><E127/><N who="0" m="48681" /><D111/><U109/><E109/><V58/><F119/><W68/><G48/><T125/><N who="0" m="48689" /><T5/><DORA hai="35" /><D5/><U73/><E32/><V90/><F117/><W75/><G60/><T87/><D87/><U55/><E63/><V52/><F4/><W27/><G67/><T37/><D37/><U92/><E30/><V61/><F61/><W100/><G64/><T51/><D51/><U110/><E110/><V129/><F14/><W44/><G68/><AGARI ba="0,0" hai="18,19,68,69,71" m="48689,617,43627" machi="68" ten="50,12000,2" yaku="28,2,18,1,52,3" doraHai="116,35" who="0" fromWho="3" sc="204,120,200,0,366,0,230,-120" /><INIT seed="3,0,0,5,1,20" ten="324,200,366,110" oya="3" hai0="121,105,117,67,119,81,22,64,86,9,110,60,114" hai1="18,17,130,48,120,39,7,74,59,80,116,31,46" hai2="24,4,25,109,71,42,118,34,127,15,87,92,108" hai3="93,23,82,88,54,35,50,68,19,107,135,5,40"/><W51/><G135/><T89/><D121/><U55/><E120/><V36/><F118/><W113/><G107/><T58/><D105/><U13/><E116/><V73/><F71/><W57/><G113/><T49/><D114/><U32/><E130/><V90/><F73/><W131/><G68/><T98/><D110/><N who="2" m="42602" /><F34/><W101/><G131/><T94/><D64/><U27/><E7/><V29/><F29/><W8/><G35/><T95/><D95/><U56/><E18/><V124/><F42/><W0/><G40/><T106/><D106/><U115/><E39/><V112/><F36/><W76/><G101/><T41/><D9/><U53/><E53/><V79/><F79/><W21/><G51/><T104/><D104/><U44/><E59/><V10/><F112/><W26/><G23/><T103/><D22/><U129/><E129/><V16/><F4/><W28/><G76/><T37/><D37/><U61/><E80/><V84/><F84/><W100/><G100/><T47/><AGARI ba="0,0" hai="41,47,49,58,60,67,81,86,89,94,98,103,117,119" machi="47" ten="30,1100,0" yaku="0,1" doraHai="20" who="0" fromWho="0" sc="324,11,200,-3,366,-3,110,-5" owari="335,13.5,197,-20.3,363,46.3,105,-39.5" /></mjloggm>