<mjloggm ver="2.3"><GO type="225" lobby="0"/><UN n0="%E3%81%AF%E3%82%88%E3%81%8A%E3%81%98%E3%81%95%E3%82%93" n1="%48%61%61%61%6C%61%6E%64" n2="%E3%83%B4%E3%83%A0%EF%BC%99%E3%81%A6" n3="%4C%4F%4C%49%54%41" dan="17,18,16,16" rate="2175.11,2204.77,2096.36,2201.48" sx="M,M,M,F"/><TAIKYOKU oya="0"/><INIT seed="0,0,0,2,1,92" ten="250,250,250,250" oya="0" hai0="110,127,69,107,117,135,63,68,91,27,35,48,55" hai1="99,120,15,85,41,72,101,131,84,118,2,28,47" hai2="42,125,121,40,19,77,82,96,25,75,16,112,124" hai3="80,8,90,43,88,100,50,128,111,79,45,62,95"/><T114/><D114/><U4/><E118/><V83/><F112/><W115/><G115/><T104/><D117/><U13/><E120/><V32/><F121/><W129/><G111/><T123/><D123/><U119/><E119/><V57/><F57/><W20/><G20/><T23/><D35/><U24/><E72/><V71/><F71/><W0/><G62/><T49/><D110/><U78/><E2/><V26/><F32/><W37/><G50/><T36/><D36/><U12/><E4/><V30/><F30/><W93/><G93/><T60/><D127/><U11/><E11/><V87/><F87/><N who="3" m="48543" /><G8/><T22/><D135/><U89/><E78/><V86/><F86/><W34/><G34/><T130/><D130/><N who="3" m="50281" /><G0/><T103/><D91/><U97/><E131/><V38/><F77/><W134/><G134/><T7/><D7/><U94/><E85/><V98/><F75/><W6/><G6/><T58/><D22/><N who="1" m="15383" /><E101/><V132/><F132/><W108/><G108/><T56/><D69/><U46/><E41/><V113/><F113/><W51/><G37/><AGARI ba="0,0" hai="16,19,25,26,37,38,40,42,82,83,96,98,124,125" machi="37" ten="25,8000,1" yaku="22,2,52,2,54,1" doraHai="92" who="2" fromWho="3" sc="250,0,250,0,250,80,250,-80" /><INIT seed="1,0,0,5,4,37" ten="250,250,330,170" oya="1" hai0="100,131,31,77,111,13,51,117,88,127,36,87,29" hai1="101,89,22,90,34,48,84,95,50,66,135,42,5" hai2="20,65,3,91,28,24,12,18,44,25,132,27,78" hai3="103,99,40,23,2,107,94,62,16,9,125,102,21"/><U122/><E34/><V49/><F132/><W67/><G125/><T81/><D117/><U85/><E122/><V75/><F3/><W96/><G2/><T74/><D36/><U41/><E135/><V118/><F118/><W30/><G30/><T121/><D127/><U1/><E101/><V80/><F65/><W57/><REACH who="3" step="1"/><G40/><REACH who="3" ten="250,250,330,160" step="2"/><N who="1" m="15466" /><E1/><V14/><F14/><AGARI ba="0,1" hai="9,14,16,21,23,57,62,67,94,96,99,102,103,107" machi="14" ten="40,2600,0" yaku="1,1,54,1,53,0" doraHai="37" doraHaiUra="113" who="3" fromWho="2" sc="250,0,250,0,330,-26,160,36" /><BYE who="1" /><UN n1="%48%61%61%61%6C%61%6E%64" /><INIT seed="2,0,0,3,5,30" ten="250,250,304,196" oya="2" hai0="112,134,119,35,58,20,82,107,45,16,120,46,38" hai1="66,53,86,81,108,67,26,8,127,80,88,117,84" hai2="15,105,135,95,1,63,85,19,9,73,77,60,27" hai3="42,50,79,43,93,72,109,12,87,125,4,17,104"/><V54/><F105/><W7/><G104/><T110/><D120/><U111/><E117/><V133/><F73/><W5/><G109/><N who="1" m="42058" /><E127/><V56/><F1/><W0/><G125/><T97/><D112/><U11/><E53/><V90/><F77/><W44/><G72/><T59/><D110/><U34/><E8/><V62/><REACH who="2" step="1"/><F27/><REACH who="2" ten="250,250,294,196" step="2"/><W100/><G0/><T61/><D107/><U76/><E11/><V132/><AGARI ba="0,1" hai="9,15,19,54,56,60,62,63,85,90,95,132,133,135" machi="132" ten="30,11700,0" yaku="1,1,2,1,0,1,20,1,53,0" doraHai="30" doraHaiUra="74" who="2" fromWho="2" sc="250,-39,250,-39,294,127,196,-39" /><INIT seed="2,1,0,3,5,123" ten="211,211,421,157" oya="2" hai0="90,26,56,75,76,92,110,93,41,52,40,5,47" hai1="125,126,36,70,27,17,62,81,128,16,9,69,117" hai2="78,13,15,58,129,2,104,72,127,95,108,77,99" hai3="96,61,46,91,30,24,10,132,73,0,29,1,65"/><V49/><F2/><W121/><G121/><T18/><D110/><U21/><E117/><V122/><F122/><W19/><G73/><T59/><D5/><U133/><E36/><V55/><F104/><W7/><G132/><T42/><D76/><U14/><E133/><V103/><F127/><N who="1" m="48649" /><E128/><V97/><F129/><W100/><G0/><T114/><D75/><U102/><E102/><V135/><F108/><W3/><G1/><T68/><D68/><N who="1" m="26219" /><E62/><V45/><F97/><W8/><G91/><T11/><D93/><U43/><E43/><V67/><F135/><W112/><G112/><T4/><D114/><U79/><E81/><V12/><F72/><W120/><G120/><T57/><D4/><N who="1" m="3367" /><E79/><V66/><F66/><W87/><G87/><T38/><D38/><U116/><E116/><V28/><F28/><AGARI ba="1,0" hai="16,17,21,27,28" m="3367,26219,48649" machi="28" ten="30,2000,0" yaku="18,1,54,1" doraHai="123" who="1" fromWho="2" sc="211,0,211,23,421,-23,157,0" /><INIT seed="3,0,0,4,5,30" ten="211,234,398,157" oya="3" hai0="123,41,26,93,68,31,4,66,92,115,77,0,2" hai1="90,104,6,59,44,89,83,58,116,67,52,112,25" hai2="45,3,86,35,84,60,99,7,1,75,55,33,21" hai3="113,129,73,49,53,119,65,111,97,127,103,47,105"/><W95/><G113/><T51/><D123/><U22/><E112/><V5/><F75/><W36/><G119/><T34/><D115/><U72/><E104/><V39/><F21/><W114/><G114/><T10/><D0/><U125/><E116/><V135/><F39/><W100/><G73/><T14/><D77/><U46/><E6/><V118/><F118/><W29/><G127/><T62/><D41/><U24/><E125/><V32/><F99/><W85/><G129/><T70/><D68/><U134/><E134/><V126/><F126/><W109/><G65/><T69/><D70/><U27/><E22/><V110/><F110/><N who="3" m="41995" /><G36/><T20/><D51/><N who="1" m="31007" /><E72/><V117/><F117/><W12/><G29/><T64/><D66/><U17/><E17/><AGARI ba="0,0" hai="2,4,10,14,17,20,26,31,34,62,64,69,92,93" machi="17" ten="40,5200,0" yaku="24,2,52,1" doraHai="30" who="0" fromWho="1" sc="211,52,234,-52,398,0,157,0" owari="263,6.3,182,-21.8,398,49.8,157,-34.3" /></mjloggm>