<mjloggm ver="2.3"><GO type="225" lobby="0"/><UN n0="%E3%81%8B%E3%81%9F%32%36%E3%82%8A" n1="%45%6C%79%73%69%75%6D" n2="%E3%81%8F%E3%82%8A%E3%83%94%E3%83%BC" n3="%E5%80%89%E6%A9%8B%EF%BC%A0%E4%BA%8B%E5%8B%99" dan="16,18,16,16" rate="2099.40,2165.50,2097.94,2133.21" sx="M,F,M,M"/><TAIKYOKU oya="0"/><INIT seed="0,0,0,2,0,43" ten="250,250,250,250" oya="0" hai0="6,42,52,40,9,53,26,125,34,10,35,66,4" hai1="96,89,123,61,116,44,56,102,71,11,127,130,41" hai2="45,101,78,109,82,0,108,92,110,121,37,58,134" hai3="64,27,95,135,132,57,51,131,60,23,74,62,36"/><T105/><D125/><U48/><E123/><V126/><F121/><W70/><G74/><T39/><D66/><U3/><E127/><V50/><F126/><W111/><G95/><T30/><D105/><U38/><E130/><V129/><F129/><W98/><G131/><T104/><D104/><U88/><E116/><V87/><F134/><N who="3" m="51243" /><G98/><T114/><D39/><U68/><E3/><V28/><F0/><W17/><G36/><T79/><D79/><U24/><E11/><V99/><F28/><W47/><G111/><T113/><D30/><U33/><E68/><V20/><F20/><W103/><G103/><T93/><D93/><U80/><E80/><V5/><F37/><W8/><G8/><T63/><D63/><U122/><E122/><V25/><F25/><AGARI ba="0,0" hai="4,6,9,10,25,26,34,35,40,42,52,53,113,114" machi="25" ten="25,4800,0" yaku="22,2,54,1" doraHai="43" who="0" fromWho="2" sc="250,48,250,0,250,-48,250,0" /><INIT seed="0,1,0,2,3,22" ten="298,250,202,250" oya="0" hai0="128,17,2,41,37,89,72,30,47,91,90,93,107" hai1="53,133,43,6,92,123,21,69,57,100,117,75,5" hai2="86,59,71,115,23,20,38,60,51,42,74,61,124" hai3="52,94,35,102,112,65,80,16,33,114,127,116,99"/><T135/><D107/><U108/><E75/><V54/><F74/><W64/><G116/><T46/><D2/><U7/><E69/><V96/><F115/><W70/><G70/><T85/><D72/><U132/><E117/><V18/><F124/><W55/><G80/><T48/><D128/><U66/><E123/><V19/><F71/><W73/><G73/><T15/><D30/><U12/><E108/><V32/><F32/><W29/><G127/><T111/><D135/><N who="1" m="51787" /><E43/><V24/><F96/><W25/><G33/><T84/><D111/><U45/><E45/><V95/><F42/><W87/><G87/><T104/><D104/><U126/><E66/><V101/><F38/><W8/><G64/><T77/><D77/><U125/><E92/><V9/><F9/><W110/><G65/><T34/><D34/><U119/><E100/><V105/><F105/><W118/><G110/><T36/><D36/><U121/><E119/><V3/><F3/><W79/><G79/><T13/><D93/><U39/><E39/><V82/><F101/><W4/><G118/><T103/><D103/><U122/><E122/><V0/><F0/><W31/><G31/><T14/><REACH who="0" step="1"/><D17/><REACH who="0" ten="288,250,202,250" step="2"/><N who="1" m="10407" /><E121/><V26/><F95/><W27/><G114/><T81/><D81/><U49/><AGARI ba="1,1" hai="5,6,7,49,53,57,125,126" m="10407,51787" machi="49" ten="40,1500,0" yaku="20,1" doraHai="22" who="1" fromWho="1" sc="288,-8,250,28,202,-5,250,-5" /><INIT seed="1,0,0,2,4,7" ten="280,278,197,245" oya="1" hai0="52,86,48,131,129,32,111,8,39,87,101,57,98" hai1="107,2,42,74,71,21,108,79,11,29,135,31,1" hai2="80,69,116,103,50,5,63,115,6,43,17,61,23" hai3="119,67,78,90,49,132,127,9,128,65,106,75,25"/><U91/><E135/><V92/><F116/><W125/><G106/><T55/><D39/><U44/><E71/><V134/><F134/><W35/><G132/><T45/><D32/><U33/><E107/><V53/><F115/><W14/><G119/><T77/><D111/><U13/><E108/><V38/><F80/><N who="3" m="45151" /><G49/><T30/><D30/><U114/><E114/><V95/><F38/><W72/><G72/><T88/><D77/><U22/><E91/><V126/><F126/><N who="3" m="48139" /><G90/><T105/><D8/><U85/><E74/><V117/><F117/><W0/><G0/><T3/><D3/><U118/><E1/><V89/><F43/><W110/><G110/><T46/><D86/><U123/><E2/><V51/><F51/><W62/><G128/><N who="0" m="49227" /><D55/><U93/><E118/><V47/><F69/><W73/><G73/><T56/><D46/><U60/><E44/><V97/><F63/><W99/><G99/><T19/><D19/><U82/><E60/><V54/><F61/><W27/><G35/><T122/><D122/><U113/><E123/><V16/><F17/><N who="3" m="8399" /><G67/><T37/><D37/><U41/><E33/><V64/><F64/><W4/><G4/><T109/><D109/><U76/><E76/><V66/><F66/><W100/><G100/><T58/><D45/><U112/><E112/><V102/><F102/><W133/><G133/><T59/><D59/><AGARI ba="0,0" hai="25,27,59,62,65" m="8399,48139,45151" machi="59" ten="30,2000,0" yaku="18,1,52,1" doraHai="7" who="3" fromWho="0" sc="280,-20,278,0,197,0,245,20" /><INIT seed="2,0,0,2,5,132" ten="260,278,197,265" oya="2" hai0="69,53,108,42,36,44,6,7,66,74,78,9,111" hai1="64,47,13,83,51,24,56,116,88,92,90,38,135" hai2="123,103,4,85,14,105,110,46,95,30,10,49,117" hai3="76,86,87,128,113,12,20,107,91,104,27,31,63"/><V115/><F117/><W125/><G128/><T29/><D6/><U67/><E116/><V11/><F115/><W93/><G113/><T18/><D18/><U5/><E135/><V57/><F123/><W23/><G63/><N who="0" m="40159" /><D29/><U40/><E24/><V61/><F110/><N who="0" m="42026" /><D53/><U50/><E13/><V114/><F114/><W112/><G112/><T124/><D124/><U54/><E5/><V8/><F105/><W43/><G43/><T37/><D78/><U129/><E38/><V121/><F121/><W119/><G119/><T52/><D74/><U22/><E22/><V94/><F30/><W84/><G125/><T82/><D82/><U25/><E25/><V65/><F95/><W17/><G107/><T59/><D37/><U60/><E129/><V79/><F103/><W21/><G104/><T39/><D36/><U19/><E19/><V134/><F134/><W127/><G127/><T35/><D35/><U120/><E120/><V32/><F32/><W133/><G133/><T75/><D75/><U58/><E83/><N who="2" m="47359" /><F94/><W71/><G71/><T55/><D59/><N who="1" m="33247" /><E92/><V3/><F3/><AGARI ba="0,0" hai="3,7,9,39,42,44,52,55" m="42026,40159" machi="3" ten="30,2000,0" yaku="14,1,54,1" doraHai="132" who="0" fromWho="2" sc="260,20,278,0,197,-20,265,0" /><INIT seed="3,0,0,2,3,70" ten="280,278,177,265" oya="3" hai0="48,62,36,86,72,73,129,47,64,101,30,118,126" hai1="43,17,131,76,100,134,7,66,93,87,12,97,56" hai2="37,102,112,108,9,111,49,38,120,51,78,22,53" hai3="92,59,29,15,44,114,65,89,35,40,106,57,0"/><W81/><G106/><T77/><D118/><U75/><E75/><V13/><F112/><W23/><G0/><T4/><D126/><U5/><E131/><V135/><F135/><W54/><G81/><T27/><D36/><N who="2" m="13930" /><F102/><W128/><G35/><T109/><D101/><U41/><E134/><V130/><F130/><W26/><G114/><T94/><D4/><N who="1" m="1611" /><E56/><V63/><F78/><W58/><G128/><T11/><D11/><N who="1" m="6303" /><E66/><V2/><F2/><W113/><G113/><T24/><D109/><N who="2" m="42058" /><F120/><W34/><G65/><T98/><D129/><U68/><E68/><V91/><F91/><W107/><G107/><T84/><D73/><U6/><N who="1" m="1619" /><U125/><DORA hai="83" /><E125/><V21/><F63/><W116/><G116/><T14/><D72/><U55/><E76/><V110/><N who="2" m="42066" /><V18/><DORA hai="119" /><F51/><N who="3" m="27015" /><G34/><T67/><D77/><U61/><E100/><V133/><F133/><W82/><G54/><N who="0" m="29983" /><D67/><U3/><E55/><V90/><F90/><W121/><G121/><T88/><D64/><U10/><E3/><V69/><F69/><W71/><G71/><T32/><D62/><U16/><E61/><V8/><F9/><W19/><G89/><T25/><D32/><U85/><E41/><V117/><F117/><W99/><G58/><AGARI ba="0,0" hai="8,13,18,21,22,49,53,58" m="42066,13930" machi="58" ten="40,8000,1" yaku="14,1,52,3" doraHai="70,83,119" who="2" fromWho="3" sc="280,0,278,0,177,80,265,-80" /><INIT seed="4,0,0,5,1,128" ten="280,278,257,185" oya="0" hai0="53,41,59,93,76,2,100,63,27,22,38,25,89" hai1="101,81,17,90,96,114,109,62,1,37,74,79,67" hai2="125,10,51,30,35,43,4,11,133,36,28,19,55" hai3="48,119,7,126,65,24,68,15,115,52,6,46,117"/><T124/><D2/><U106/><E109/><V121/><F121/><W98/><G115/><T102/><D124/><U14/><E114/><V88/><F125/><W47/><G126/><T95/><D76/><U91/><E37/><V135/><F35/><W45/><G24/><T83/><D38/><U99/><E99/><V32/><F32/><W64/><G98/><T56/><D41/><U69/><REACH who="1" step="1"/><E1/><REACH who="1" ten="280,268,257,185" step="2"/><V84/><F36/><W70/><G15/><T66/><D100/><U132/><E132/><V3/><F135/><W108/><G108/><T116/><D102/><U87/><E87/><V42/><F133/><W85/><G85/><N who="0" m="50367" /><D116/><N who="3" m="44617" /><G6/><T123/><D123/><U31/><E31/><V9/><F4/><W29/><G7/><T118/><D118/><U129/><E129/><V21/><F3/><W57/><G29/><N who="0" m="17591" /><D27/><U61/><E61/><AGARI ba="0,1" hai="53,56,59,61,63,66,93,95" m="17591,50367" machi="61" ten="30,1500,0" yaku="8,1" doraHai="128" who="0" fromWho="1" sc="280,25,268,-15,257,0,185,0" owari="305,40.5,253,-14.7,257,5.7,185,-31.5" /></mjloggm>