<mjloggm ver="2.3"><GO type="225" lobby="0"/><UN n0="%E3%80%93%E3%81%97%E3%83%BC%E3%82%89%E3%80%93" n1="%E9%87%8E%E3%80%85%E5%AE%AE%E8%97%8D" n2="%E6%A0%B9%E5%85%83%E3%81%8B%E3%82%89%E5%90%B9%E3%81%A3%E9%A3%9B%E3%81%B6" n3="%E3%81%99%E3%81%84%E3%81%BE%E3%81%9B%E3%83%BC%E3%82%93" dan="16,17,17,18" rate="2079.65,2160.22,2145.09,2217.78" sx="M,F,F,M"/><TAIKYOKU oya="0"/><INIT seed="0,0,0,0,4,22" ten="250,250,250,250" oya="0" hai0="23,60,25,47,117,107,126,53,98,35,99,81,8" hai1="57,42,120,17,21,74,64,49,95,97,10,133,80" hai2="124,59,62,63,102,44,58,128,127,115,0,11,85" hai3="33,113,66,87,1,78,55,52,79,50,116,31,3"/><T67/><D117/><U123/><E133/><V110/><F110/><W82/><G116/><T89/><D126/><N who="2" m="48170" /><F128/><W32/><G113/><T2/><D35/><U61/><E10/><V38/><F102/><W96/><G66/><T93/><D107/><U119/><E119/><V39/><F115/><W109/><G109/><T56/><D81/><U84/><E74/><V14/><F0/><W75/><G79/><T134/><D134/><U40/><E49/><V26/><F85/><W43/><G75/><T12/><D2/><U9/><E9/><V46/><F14/><W103/><G1/><T4/><D99/><U73/><E73/><V101/><F101/><W5/><G5/><T118/><D118/><U18/><E18/><V129/><F26/><W29/><G3/><T45/><REACH who="0" step="1"/><D67/><REACH who="0" ten="240,250,250,250" step="2"/><U132/><E132/><V7/><F129/><W94/><G33/><T104/><D104/><U91/><E123/><V111/><F111/><W30/><G32/><T100/><D100/><N who="1" m="60479" /><E120/><V16/><F39/><W130/><G130/><T20/><D20/><U76/><E76/><V77/><F38/><W41/><REACH who="3" step="1"/><G55/><REACH who="3" ten="240,250,250,240" step="2"/><T69/><D69/><U122/><E122/><V70/><F70/><W65/><G65/><T19/><AGARI ba="0,2" hai="4,8,12,19,23,25,45,47,53,56,60,89,93,98" machi="19" ten="20,24000,3" yaku="1,1,0,1,7,1,25,2,8,1,52,1,53,1" doraHai="22" doraHaiUra="54" who="0" fromWho="0" sc="240,260,250,-80,250,-80,240,-80" /><INIT seed="0,1,0,1,2,74" ten="500,170,170,160" oya="0" hai0="91,58,79,28,120,96,99,89,72,16,80,4,31" hai1="2,51,64,44,104,6,33,119,128,36,90,97,30" hai2="75,21,56,11,105,14,54,66,133,101,67,26,38" hai3="18,77,78,134,57,68,88,93,17,69,37,24,110"/><T0/><D120/><U83/><E119/><V45/><F75/><W59/><G37/><T73/><D58/><N who="3" m="22025" /><G110/><T116/><D4/><U32/><E64/><V13/><F133/><W114/><G114/><T46/><D0/><U100/><E30/><V35/><F35/><W124/><G69/><T107/><D80/><U95/><E128/><V3/><F3/><W81/><G68/><T121/><D46/><U5/><E36/><V85/><F105/><W55/><G124/><T48/><D48/><U12/><E2/><V113/><F113/><W126/><G126/><T130/><D107/><U98/><E83/><V40/><F101/><W39/><G39/><T87/><D87/><U94/><E104/><V25/><F14/><W23/><G55/><T9/><D9/><U7/><REACH who="1" step="1"/><E12/><REACH who="1" ten="500,160,170,160" step="2"/><V125/><F125/><W86/><G134/><T115/><D116/><U29/><E29/><V102/><F13/><N who="3" m="9647" /><G81/><T27/><D130/><U127/><E127/><V129/><F129/><W106/><G106/><T117/><D117/><U19/><E19/><V50/><F38/><W10/><G10/><T76/><D16/><U41/><AGARI ba="1,1" hai="5,6,7,32,33,41,44,51,90,94,95,97,98,100" machi="41" ten="30,2000,0" yaku="1,1,0,1,53,0" doraHai="74" doraHaiUra="20" who="1" fromWho="1" sc="500,-11,160,33,170,-6,160,-6" /><INIT seed="1,0,0,2,2,117" ten="489,193,164,154" oya="1" hai0="121,130,129,98,119,60,76,81,99,71,108,115,86" hai1="122,37,55,38,8,131,134,25,123,7,15,110,120" hai2="135,0,6,102,80,107,49,5,103,92,62,109,124" hai3="106,104,45,27,53,63,84,29,127,26,126,1,41"/><U88/><E131/><V87/><F0/><W4/><G4/><N who="2" m="1641" /><F107/><W14/><G1/><T95/><D119/><U97/><E134/><V61/><F135/><W65/><G14/><T59/><D71/><U111/><E55/><V101/><F124/><N who="3" m="47659" /><G53/><N who="0" m="33903" /><D115/><U112/><E112/><V16/><F92/><W43/><G84/><T22/><D108/><N who="1" m="41515" /><E25/><N who="3" m="9226" /><G29/><T34/><D34/><U10/><E10/><V21/><F49/><N who="3" m="26799" /><G43/><T2/><D2/><U12/><E12/><N who="2" m="9351" /><F109/><W39/><G39/><T77/><D22/><U58/><E58/><AGARI ba="0,0" hai="58,63,65,104,106" m="26799,9226,47659" machi="58" ten="30,1000,0" yaku="18,1" doraHai="117" who="3" fromWho="1" sc="489,0,193,-10,164,0,154,10" /><INIT seed="2,0,0,1,5,46" ten="489,183,164,164" oya="2" hai0="96,40,71,114,73,131,74,132,20,0,5,1,124" hai1="55,32,105,86,76,120,25,27,13,134,63,75,99" hai2="81,3,77,116,53,133,15,113,62,39,29,67,95" hai3="110,87,36,101,127,37,82,79,72,34,78,8,23"/><V10/><F113/><W47/><G34/><T30/><D71/><U130/><E75/><V35/><F116/><W109/><G127/><T135/><D40/><U89/><E130/><V107/><F53/><W12/><G101/><T83/><D96/><U90/><E134/><V11/><F133/><W54/><G23/><T2/><D20/><U6/><E105/><V22/><F39/><W118/><G118/><T111/><D1/><U85/><E32/><V43/><F107/><W4/><G79/><T129/><D30/><U45/><E76/><V33/><F43/><W69/><G69/><T128/><D83/><N who="1" m="49343" /><E99/><V24/><F95/><W48/><REACH who="3" step="1"/><G72/><REACH who="3" ten="489,183,164,154" step="2"/><N who="0" m="27755" /><D124/><U97/><E120/><V50/><F35/><W126/><G126/><T103/><D132/><U26/><E26/><V28/><F33/><W68/><G68/><T60/><D135/><U84/><E27/><V44/><F24/><W80/><G80/><T92/><D103/><U64/><E25/><V56/><F81/><W93/><G93/><T108/><D92/><U115/><E115/><V31/><F77/><W100/><G100/><T61/><D114/><U91/><E91/><V41/><F3/><N who="0" m="1066" /><D5/><U70/><E6/><V125/><F125/><W19/><G19/><AGARI ba="0,1" hai="10,11,15,19,22,28,29,31,41,44,50,56,62,67" machi="19" ten="40,3900,0" yaku="8,1,52,1" doraHai="46" who="2" fromWho="3" sc="489,0,183,0,164,49,154,-39" /><INIT seed="2,1,0,1,1,95" ten="489,183,213,115" oya="2" hai0="58,120,110,83,132,64,98,50,22,74,129,69,57" hai1="102,18,100,35,38,2,115,92,32,103,114,122,81" hai2="43,135,63,80,66,11,62,134,33,51,124,85,26" hai3="112,109,42,56,14,79,104,20,86,60,30,88,117"/><V101/><F124/><W4/><G117/><T44/><D74/><U45/><E2/><V78/><F101/><W5/><G104/><T72/><D83/><U3/><E3/><V34/><F11/><W21/><G109/><T108/><D72/><U6/><E6/><V16/><F43/><W91/><G112/><T106/><D129/><U37/><E122/><V54/><F34/><N who="1" m="12841" /><E92/><V125/><F125/><W71/><G71/><T70/><D132/><N who="2" m="50730" /><F33/><W133/><G42/><T24/><D120/><U77/><E18/><V105/><F105/><W84/><G133/><T25/><D64/><U15/><E15/><V131/><F66/><W97/><G79/><T82/><D106/><U65/><E65/><V41/><F41/><W19/><G4/><T49/><D22/><U9/><E9/><V27/><F16/><N who="3" m="10263" /><G5/><T1/><D1/><U107/><E107/><V53/><F53/><N who="3" m="33807" /><G30/><T40/><D40/><N who="1" m="22671" /><E38/><V119/><F119/><W36/><G36/><T89/><D108/><U128/><E128/><V94/><F131/><W23/><G23/><T61/><D110/><U13/><E13/><V93/><F26/><N who="3" m="14655" /><G91/><T8/><D25/><U96/><E115/><V29/><F27/><W55/><G55/><T10/><D24/><U90/><E114/><V59/><F29/><W111/><G111/><T113/><D113/><U28/><E28/><V76/><F76/><W52/><G52/><T75/><D8/><U121/><E121/><V67/><F63/><W46/><G46/><AGARI ba="1,0" hai="46,51,54,59,62,67,78,80,85,93,94" m="50730" machi="46" ten="30,1500,0" yaku="20,1" doraHai="95" who="2" fromWho="3" sc="489,0,183,0,213,18,115,-18" /><INIT seed="2,2,0,3,4,116" ten="489,183,231,97" oya="2" hai0="10,68,92,11,37,31,33,66,51,21,43,67,7" hai1="9,70,103,98,41,74,93,42,71,27,124,13,75" hai2="97,34,77,25,65,104,133,52,57,110,85,126,24" hai3="44,8,113,23,131,56,99,94,76,78,130,62,4"/><V20/><F126/><W100/><G113/><T61/><D33/><U112/><E124/><V49/><F133/><W0/><G23/><T79/><D37/><U119/><E119/><V2/><F2/><W80/><G44/><N who="0" m="26015" /><D67/><U123/><E112/><V6/><F110/><W91/><G100/><T88/><D68/><U16/><E71/><V22/><F6/><W84/><REACH who="3" step="1"/><G78/><REACH who="3" ten="489,183,231,87" step="2"/><T63/><D79/><U39/><E103/><V122/><F20/><W135/><G135/><T128/><D21/><U105/><E9/><V29/><F22/><W117/><G117/><T109/><D11/><U115/><E115/><V120/><F24/><W1/><G1/><T108/><D10/><U50/><E27/><V32/><F25/><W54/><AGARI ba="2,1" hai="0,4,8,54,56,62,76,80,84,91,94,99,130,131" machi="54" ten="30,2000,0" yaku="1,1,0,1,53,0" doraHai="116" doraHaiUra="36" who="3" fromWho="3" sc="489,-7,183,-7,231,-12,87,36" /><INIT seed="3,0,0,1,1,65" ten="482,176,219,123" oya="3" hai0="131,114,27,41,126,56,97,84,34,99,6,105,117" hai1="130,17,118,111,30,73,72,37,102,124,47,89,35" hai2="39,108,54,135,80,83,127,1,134,24,9,8,92" hai3="22,133,68,29,66,101,2,110,64,129,123,52,98"/><W36/><G123/><T69/><D41/><U43/><E111/><V103/><F127/><W19/><G36/><T48/><D6/><U104/><E124/><V61/><F39/><W77/><G2/><T122/><D84/><U59/><E130/><V46/><F24/><W78/><G129/><T53/><D99/><N who="1" m="61535" /><E17/><V4/><F9/><W96/><G110/><T20/><D117/><U50/><E89/><V120/><F120/><W75/><G29/><T51/><D27/><N who="1" m="18911" /><E59/><N who="2" m="35063" /><F46/><W82/><G78/><T76/><D114/><U45/><E50/><V63/><F63/><W107/><G133/><T40/><D76/><U95/><E95/><V60/><F60/><W57/><G98/><T128/><D40/><N who="1" m="22671" /><E118/><V81/><F108/><W21/><G68/><T116/><D116/><U44/><E44/><V74/><F92/><W71/><G71/><T121/><D34/><U88/><E88/><V42/><F42/><W91/><G91/><T67/><D67/><U12/><E12/><V38/><F103/><W28/><G28/><T16/><D105/><U90/><E90/><V106/><F106/><W119/><G119/><T10/><D126/><U112/><E112/><V18/><F18/><W58/><G58/><T93/><D10/><U109/><E109/><V86/><F86/><W94/><G107/><T115/><D115/><U132/><E132/><N who="2" m="50731" /><F38/><W11/><G11/><T23/><D121/><U62/><E62/><V125/><F125/><W3/><G3/><T31/><D122/><U33/><E33/><V13/><F1/><W70/><G70/><T32/><D128/><U25/><E25/><RYUUKYOKU ba="0,0" sc="482,-15,176,15,219,15,123,-15" hai1="43,47,72,73" hai2="4,8,13,74,80,81,83" owari="467,56.7,191,-20.9,234,3.4,108,-39.2" /></mjloggm>