<mjloggm ver="2.3"><GO type="225" lobby="0"/><UN n0="%43%68%65" n1="%E5%AE%AE%E4%BF%9D%E9%B6%8F%E8%82%89" n2="%E3%81%9F%E3%81%A3%E3%81%A1%E3%82%87" n3="%6D%75%75%6D%75%72%61" dan="16,16,16,16" rate="2161.89,2128.80,2106.72,2111.46" sx="M,M,M,F"/><TAIKYOKU oya="0"/><INIT seed="0,0,0,0,5,112" ten="250,250,250,250" oya="0" hai0="130,104,86,105,117,91,38,77,60,1,11,106,94" hai1="2,39,7,64,116,132,78,110,74,37,61,83,115" hai2="73,63,66,0,30,82,3,89,23,10,121,53,49" hai3="107,88,12,47,25,92,51,126,87,127,134,41,79"/><T71/><D38/><U26/><E115/><V19/><F121/><W72/><G107/><T36/><D36/><U68/><E110/><V128/><F128/><W59/><G134/><T21/><D130/><U98/><E132/><V111/><F111/><W123/><G123/><T67/><D77/><U113/><E113/><V125/><F125/><W85/><G72/><T46/><D46/><U56/><E56/><V58/><F30/><W45/><G12/><T44/><D44/><U131/><E131/><V50/><F50/><W40/><G25/><T65/><D65/><U42/><E116/><V120/><F120/><W81/><REACH who="3" step="1"/><G59/><REACH who="3" ten="250,250,250,240" step="2"/><T14/><D1/><U122/><E26/><V20/><F0/><W6/><G6/><T119/><REACH who="0" step="1"/><D21/><REACH who="0" ten="240,250,250,240" step="2"/><U69/><E122/><V52/><F20/><W108/><G108/><T97/><D97/><U27/><E98/><V84/><F23/><W4/><G4/><AGARI ba="0,2" hai="4,11,14,60,67,71,86,91,94,104,105,106,117,119" machi="4" ten="40,7700,0" yaku="1,1,52,2,53,0" doraHai="112" doraHaiUra="55" who="0" fromWho="3" sc="240,97,250,0,250,0,240,-77" /><INIT seed="0,1,0,1,0,60" ten="337,250,250,163" oya="0" hai0="40,114,65,122,85,95,79,128,35,134,81,22,133" hai1="127,75,57,11,44,49,125,129,28,2,3,20,30" hai2="51,121,135,78,97,50,130,117,53,131,101,120,36" hai3="111,4,25,41,0,100,104,52,110,68,98,56,108"/><T123/><D35/><U48/><E75/><V69/><F78/><W26/><G68/><T29/><D40/><U99/><E99/><V67/><F97/><W74/><G74/><T86/><D22/><U19/><E129/><N who="2" m="49163" /><F101/><W83/><G83/><N who="0" m="47359" /><D29/><N who="1" m="11371" /><E57/><N who="2" m="32951" /><F36/><W132/><G132/><N who="0" m="50795" /><D128/><U112/><E112/><V70/><F135/><W6/><G41/><T24/><D24/><N who="3" m="9321" /><G0/><N who="1" m="42" /><E11/><V126/><F126/><N who="1" m="48137" /><E44/><V14/><F14/><AGARI ba="1,0" hai="14,19,20,48,49" m="48137,42,11371" machi="14" ten="30,1000,0" yaku="18,1" doraHai="60" who="1" fromWho="2" sc="337,0,250,13,250,-13,163,0" /><INIT seed="1,0,0,4,3,46" ten="337,263,237,163" oya="1" hai0="26,19,17,8,11,95,57,85,73,37,61,34,31" hai1="4,10,47,84,91,33,105,122,38,98,54,60,49" hai2="30,41,12,134,117,93,63,2,127,18,20,120,99" hai3="36,66,131,133,45,103,24,77,14,15,51,126,125"/><U79/><E122/><V28/><F117/><W80/><G36/><T25/><D73/><U39/><E33/><V110/><F120/><W53/><G131/><T48/><D37/><U102/><E79/><V40/><F110/><W129/><G129/><T64/><D48/><U52/><E54/><V82/><F127/><N who="3" m="48651" /><G133/><T116/><D116/><U7/><E60/><V67/><F2/><W50/><G66/><T6/><D26/><U35/><E35/><V108/><F108/><W5/><G24/><T0/><D11/><U111/><E4/><V104/><F134/><W107/><G5/><T23/><D34/><U97/><E97/><V76/><F104/><W78/><G103/><T13/><D0/><U1/><REACH who="1" step="1"/><E111/><REACH who="1" ten="337,253,237,163" step="2"/><V75/><F40/><N who="3" m="24871" /><G107/><T89/><AGARI ba="0,1" hai="6,8,13,17,19,23,25,31,57,61,64,85,89,95" machi="89" ten="30,2000,0" yaku="0,1,8,1" doraHai="46" who="0" fromWho="0" sc="337,30,253,-10,237,-5,163,-5" /><INIT seed="2,0,0,1,2,77" ten="367,243,232,158" oya="2" hai0="111,129,51,104,123,79,65,49,58,116,126,71,39" hai1="91,80,63,110,22,66,76,52,74,54,27,6,33" hai2="102,35,87,94,53,95,40,125,14,38,131,134,67" hai3="132,9,61,78,23,31,86,4,115,5,75,11,135"/><V43/><F35/><W117/><G75/><T127/><D104/><U100/><E33/><V83/><F125/><N who="0" m="47626" /><D79/><U36/><E36/><V122/><F122/><W130/><G78/><T12/><D12/><U93/><E100/><V119/><F119/><W109/><G61/><N who="0" m="40367" /><D123/><U88/><E6/><N who="3" m="2666" /><G86/><T92/><D92/><U55/><E110/><V20/><F131/><W44/><G117/><T7/><D7/><U19/><REACH who="1" step="1"/><E93/><REACH who="1" ten="367,233,232,158" step="2"/><V106/><F95/><W68/><G109/><T133/><D39/><U45/><E45/><V64/><F38/><W69/><G44/><T128/><D111/><U103/><E103/><V0/><F94/><W85/><G130/><T124/><D124/><U24/><E24/><V97/><F102/><W120/><G120/><T15/><D128/><U21/><E21/><V89/><F106/><W82/><G23/><T107/><D107/><U28/><E28/><V1/><F97/><W84/><G31/><T18/><D129/><U13/><E13/><V57/><F0/><W34/><G34/><T101/><D101/><U41/><E41/><N who="2" m="15947" /><F1/><W96/><G132/><T112/><D133/><U46/><E46/><V25/><F134/><W17/><G135/><T118/><D116/><U16/><E16/><N who="2" m="12423" /><F14/><W26/><G17/><T108/><D108/><U121/><E121/><V37/><F37/><W50/><G26/><T114/><D118/><U10/><E10/><V81/><F81/><W99/><G82/><T70/><D15/><U73/><E73/><V29/><F29/><W59/><G11/><T105/><D105/><U113/><E113/><V72/><F72/><RYUUKYOKU ba="0,1" sc="367,-15,233,15,232,15,158,-15" hai1="19,22,27,52,54,55,63,66,74,76,80,88,91" hai2="53,57,64,67,83,87,89" /><INIT seed="2,1,1,4,1,48" ten="352,248,247,143" oya="2" hai0="14,100,110,104,6,67,33,78,105,27,66,109,76" hai1="86,16,39,19,60,117,26,135,52,131,134,113,125" hai2="62,30,96,73,2,129,47,45,20,94,115,9,130" hai3="101,51,28,80,114,70,3,79,54,82,133,75,95"/><V1/><F115/><W55/><G114/><T123/><D123/><U21/><E113/><V71/><F73/><W91/><G70/><T89/><D89/><U10/><E117/><V38/><F30/><W116/><G116/><T53/><D14/><N who="1" m="7255" /><E39/><V8/><F20/><W25/><G133/><N who="1" m="50698" /><E86/><V74/><F74/><W106/><G3/><N who="2" m="1033" /><F71/><W50/><G106/><T69/><D69/><U107/><E107/><V103/><F62/><W97/><G101/><T88/><D100/><U85/><E85/><V11/><F38/><W99/><G99/><T63/><D6/><U83/><E131/><AGARI ba="1,1" hai="8,9,11,45,47,94,96,103,129,130,131" m="1033" machi="131" ten="40,2000,0" yaku="19,1" doraHai="48" who="2" fromWho="1" sc="352,0,248,-23,247,33,143,0" /><INIT seed="2,2,0,1,2,107" ten="352,225,280,143" oya="2" hai0="95,134,128,46,117,25,74,3,123,85,93,5,108" hai1="2,72,100,130,79,69,6,53,55,106,40,26,135" hai2="75,1,11,37,132,50,45,126,64,32,9,7,39" hai3="99,92,97,91,59,44,77,14,109,10,22,88,129"/><V119/><F119/><W115/><G109/><T122/><D74/><U19/><E69/><V60/><F75/><W86/><G129/><T30/><D128/><U110/><E130/><V73/><F73/><W62/><G115/><T34/><D108/><U125/><E110/><V52/><F126/><W57/><G22/><T105/><D105/><U18/><E125/><V61/><F132/><W48/><G77/><T71/><D71/><U68/><E68/><V41/><F32/><W80/><G97/><T78/><D134/><U87/><E40/><V17/><F60/><W127/><G62/><T118/><D46/><U4/><E72/><V104/><F104/><W67/><G67/><T65/><D65/><U70/><E70/><V102/><F102/><W94/><G94/><N who="0" m="35851" /><D85/><U43/><E43/><V131/><F131/><W54/><REACH who="3" step="1"/><G127/><REACH who="3" ten="352,225,280,133" step="2"/><T12/><D78/><U42/><E79/><V113/><F61/><W0/><G0/><T82/><D3/><U47/><E2/><V111/><F64/><W124/><G124/><T121/><D118/><U56/><E135/><V133/><F111/><W24/><G24/><T20/><D117/><U38/><E26/><V96/><F96/><W120/><G120/><T15/><D123/><U101/><E106/><V112/><F133/><W90/><G90/><T66/><D122/><U13/><E101/><V81/><F113/><W76/><G76/><T33/><D121/><U63/><E100/><V51/><F112/><W29/><G29/><T27/><D27/><U21/><E63/><V89/><F89/><W35/><G35/><T28/><D34/><RYUUKYOKU ba="2,1" sc="352,-10,225,-10,280,-10,133,30" hai3="10,14,44,48,54,57,59,80,86,88,91,92,99" /><INIT seed="3,3,1,5,1,94" ten="342,215,270,163" oya="3" hai0="135,19,36,76,128,43,49,68,121,47,78,57,54" hai1="63,7,83,134,65,81,64,100,56,88,0,27,23" hai2="118,104,32,61,80,90,55,105,8,18,95,21,101" hai3="53,37,3,120,107,33,51,70,20,86,132,4,123"/><W26/><G37/><T75/><D121/><U9/><E134/><V115/><F115/><W22/><G132/><T5/><D135/><U45/><E100/><V89/><F32/><W111/><G33/><T40/><D40/><U15/><E0/><V122/><F118/><W108/><G70/><T112/><D75/><U113/><E113/><V16/><F104/><W114/><G114/><T66/><D128/><U41/><E64/><V79/><F105/><W6/><G107/><T71/><D71/><U103/><E103/><V133/><F133/><W127/><G127/><T1/><D19/><U39/><E88/><N who="2" m="33899" /><F122/><W12/><G3/><T92/><D92/><U116/><E116/><V131/><F131/><W109/><G86/><T38/><D38/><U59/><E59/><N who="2" m="35071" /><F8/><N who="3" m="4103" /><G6/><T48/><D5/><U30/><AGARI ba="3,1" hai="7,9,15,23,27,30,39,41,45,56,63,65,81,83" machi="30" ten="20,1500,0" yaku="0,1,7,1" doraHai="94" who="1" fromWho="1" sc="342,-7,215,34,270,-7,163,-10" owari="335,43.5,249,-15.1,263,6.3,153,-34.7" /></mjloggm>