<mjloggm ver="2.3"><GO type="225" lobby="0"/><UN n0="%E8%B6%85%E7%B4%9A%E9%B3%B3%E5%87%B0" n1="%E4%BF%BA%E3%81%A8%E5%A6%96%E5%A4%A2" n2="%E7%89%B9%E6%9D%B1%E3%81%AF%E4%B8%96%E7%95%8C%E3%82%92%E6%95%91%E3%81%86" n3="%E5%A4%9C%E3%81%AE%E3%82%AC%E3%82%B9%E3%83%91%E3%83%BC%E3%83%AB" dan="16,17,16,17" rate="2204.76,2218.11,2123.92,2232.85" sx="F,F,M,M"/><TAIKYOKU oya="0"/><INIT seed="0,0,0,3,5,14" ten="250,250,250,250" oya="0" hai0="5,110,102,47,133,82,28,104,126,1,113,7,64" hai1="90,18,27,125,39,29,36,56,131,91,127,12,115" hai2="93,86,103,0,92,58,122,98,79,33,20,19,107" hai3="24,99,54,17,94,34,96,6,128,119,109,13,135"/><T32/><D113/><U21/><E115/><V26/><F122/><W100/><G119/><T71/><D47/><U73/><E73/><V31/><F0/><W51/><G109/><T59/><D59/><U87/><E131/><V80/><REACH who="2" step="1"/><F58/><REACH who="2" ten="250,250,240,250" step="2"/><W123/><G123/><T106/><D1/><U37/><E56/><V83/><F83/><W129/><G128/><T41/><D82/><U95/><REACH who="1" step="1"/><E90/><REACH who="1" ten="250,240,240,250" step="2"/><V23/><F23/><AGARI ba="0,2" hai="12,18,21,23,27,29,36,37,39,87,91,95,125,127" machi="23" ten="40,5200,0" yaku="1,1,2,1,52,1,53,0" doraHai="14" doraHaiUra="114" who="1" fromWho="2" sc="250,0,240,72,240,-52,250,0" /><INIT seed="1,0,0,4,0,133" ten="250,312,188,250" oya="1" hai0="59,66,27,36,42,64,96,44,19,49,71,132,104" hai1="119,40,1,39,118,21,112,24,80,94,77,60,87" hai2="99,57,63,50,6,28,110,68,95,91,98,9,107" hai3="75,52,125,131,113,69,126,22,43,15,29,5,93"/><U122/><E112/><V23/><F110/><W37/><G113/><T84/><D84/><U129/><E122/><V89/><F68/><W117/><G75/><T135/><D19/><U53/><E1/><V12/><F50/><W128/><G69/><T72/><D27/><U134/><E134/><N who="0" m="51241" /><D72/><U26/><E26/><V130/><F130/><N who="3" m="49707" /><G117/><T82/><D82/><U103/><E129/><V108/><F108/><W83/><G83/><T90/><D90/><U34/><E34/><V47/><F47/><N who="3" m="24047" /><G29/><T114/><D96/><U38/><E38/><V18/><F28/><W11/><G22/><T78/><D78/><U62/><E80/><V45/><F45/><W70/><G70/><T124/><D104/><U16/><E77/><V76/><F76/><W121/><G121/><T120/><D114/><U13/><E118/><V101/><F91/><W35/><G35/><T116/><D116/><U92/><E103/><V4/><REACH who="2" step="1"/><F23/><REACH who="2" ten="250,312,178,250" step="2"/><W17/><G93/><T61/><D120/><U105/><E94/><V86/><F86/><W115/><G115/><T111/><D111/><U97/><E87/><V58/><F58/><W32/><G32/><T3/><D3/><U109/><BYE who="0" /><E119/><V46/><F46/><W51/><G5/><T41/><D41/><U0/><E40/><V88/><F88/><W55/><G55/><AGARI ba="0,1" hai="4,6,9,12,18,55,57,63,89,95,98,99,101,107" machi="55" ten="30,2000,0" yaku="1,1,7,1,53,0" doraHai="133" doraHaiUra="65" who="2" fromWho="3" sc="250,0,312,0,178,30,250,-20" /><UN n0="%E8%B6%85%E7%B4%9A%E9%B3%B3%E5%87%B0" /><INIT seed="2,0,0,0,2,81" ten="250,312,208,230" oya="2" hai0="103,69,95,13,70,37,51,39,102,93,87,41,97" hai1="89,72,132,23,98,34,115,49,67,35,22,129,50" hai2="113,0,124,128,18,112,117,24,56,14,92,131,46" hai3="101,12,110,85,100,54,55,61,104,127,78,7,106"/><V11/><F117/><W80/><G110/><T1/><D1/><U75/><E115/><V111/><F111/><W38/><G38/><T6/><D51/><U99/><E67/><V109/><F109/><W2/><G2/><T58/><D58/><U77/><E89/><V32/><F46/><W48/><G127/><T36/><D41/><U4/><E4/><N who="2" m="1415" /><F92/><W66/><G106/><T45/><D45/><U105/><E105/><V40/><F56/><N who="3" m="37159" /><G104/><T64/><D64/><U71/><E77/><V76/><F76/><W90/><G78/><T16/><D6/><U79/><E79/><V91/><F91/><W27/><G27/><T134/><D134/><U125/><E125/><V47/><F124/><W3/><G3/><T33/><D33/><U44/><E44/><V122/><F122/><W120/><G120/><T107/><D107/><U5/><E5/><V114/><F47/><N who="3" m="27935" /><G55/><T118/><D118/><U68/><REACH who="1" step="1"/><E132/><REACH who="1" ten="250,302,208,230" step="2"/><V108/><F108/><W8/><AGARI ba="0,1" hai="7,8,12,80,85,90,100,101" m="27935,37159" machi="8" ten="30,2000,0" yaku="8,1,52,1" doraHai="81" who="3" fromWho="3" sc="250,-5,302,-5,208,-10,230,30" /><INIT seed="3,0,0,0,0,73" ten="245,297,198,260" oya="3" hai0="10,9,77,47,109,91,18,24,17,34,5,133,88" hai1="50,37,12,95,30,80,56,99,78,114,23,102,108" hai2="66,59,82,52,58,35,87,121,32,46,21,70,22" hai3="97,117,8,51,130,42,110,68,129,53,33,64,125"/><W48/><G33/><T43/><D109/><U122/><E114/><V100/><F121/><W104/><G117/><T75/><D133/><U38/><E122/><V65/><F70/><W103/><G110/><T72/><D34/><U128/><E108/><V118/><F118/><W84/><G125/><T61/><D61/><U96/><E128/><V74/><F74/><W79/><G64/><T76/><D24/><U41/><E96/><V25/><F100/><W106/><G68/><T57/><D57/><N who="2" m="21514" /><F35/><W98/><G42/><T131/><D131/><U39/><E30/><N who="2" m="17719" /><F21/><W119/><G119/><T93/><D43/><U55/><E23/><V123/><F123/><W19/><G103/><T15/><D93/><U90/><E102/><V14/><F14/><W40/><G40/><T2/><D47/><U132/><E12/><V135/><F135/><W134/><G134/><T67/><D67/><U124/><E132/><V16/><F16/><W126/><G126/><T7/><D15/><U62/><E124/><V112/><F112/><W105/><G105/><T29/><REACH who="0" step="1"/><D29/><REACH who="0" ten="235,297,198,260" step="2"/><U1/><E41/><V113/><F113/><W89/><G129/><T115/><D115/><U94/><E94/><V63/><F32/><W36/><G130/><T120/><D120/><U83/><E62/><V69/><F69/><W86/><G104/><T71/><D71/><U13/><E13/><V3/><F63/><W44/><G106/><T85/><D85/><N who="1" m="48279" /><E1/><AGARI ba="0,1" hai="1,2,5,7,9,10,17,18,72,75,76,77,88,91" machi="1" ten="25,16000,3" yaku="1,1,22,2,52,2,54,1,53,2" doraHai="73" doraHaiUra="6" who="0" fromWho="1" sc="235,170,297,-160,198,0,260,0" owari="405,50.5,137,-36.3,198,-20.2,260,6.0" /></mjloggm>