<mjloggm ver="2.3"><GO type="225" lobby="0"/><UN n0="%E3%82%BC%E3%83%AB%E3%83%80%E3%81%AE%E4%BC%9D%E8%AA%AC" n1="%4C%4F%4C%49%54%41" n2="%E3%81%B5%E3%81%98%E3%81%8B%E3%81%A4" n3="%E3%83%81%E3%83%AF%E3%83%AF%E9%9A%8A%E9%95%B7" dan="17,16,17,16" rate="2195.14,2151.47,2201.11,2072.70" sx="M,F,M,M"/><TAIKYOKU oya="0"/><INIT seed="0,0,0,3,2,15" ten="250,250,250,250" oya="0" hai0="38,63,110,128,53,91,60,97,57,50,118,86,0" hai1="130,25,94,123,76,13,14,26,11,80,56,78,55" hai2="24,68,58,36,21,79,129,34,2,23,83,54,109" hai3="69,105,20,66,61,64,40,125,115,96,103,10,39"/><T82/><D118/><U22/><E123/><V49/><F129/><W124/><G115/><T59/><D128/><U81/><E130/><V95/><F2/><W1/><G66/><T33/><D0/><U108/><E108/><V85/><F109/><W44/><REACH who="3" step="1"/><G20/><REACH who="3" ten="250,250,250,240" step="2"/><T122/><D110/><U3/><E22/><V6/><F21/><W114/><G114/><T119/><D122/><U42/><E25/><V70/><F34/><W48/><G48/><T31/><D38/><U5/><E26/><V89/><F36/><W112/><G112/><T27/><D119/><U100/><E3/><V132/><F132/><W18/><G18/><T126/><D126/><U98/><E13/><V7/><F70/><W84/><G84/><T4/><D4/><AGARI ba="0,1" hai="1,4,10,39,40,44,61,64,69,96,103,105,124,125" machi="4" ten="40,5200,0" yaku="1,1,23,2,53,0" doraHai="15" doraHaiUra="73" who="3" fromWho="0" sc="250,-52,250,0,250,0,240,62" /><INIT seed="1,0,0,1,4,129" ten="198,250,250,302" oya="1" hai0="116,31,76,95,134,2,119,8,82,121,60,14,34" hai1="23,75,63,67,78,3,90,112,28,43,97,13,49" hai2="131,125,135,110,109,99,84,93,61,54,41,126,132" hai3="4,45,35,115,12,68,17,30,114,107,130,80,79"/><U96/><E3/><V51/><F84/><W11/><G68/><T111/><D111/><N who="2" m="42506" /><F131/><W104/><G130/><T74/><D121/><U21/><E112/><V24/><F24/><W33/><G115/><T6/><D95/><U18/><E75/><V69/><F41/><W65/><G114/><T47/><D60/><U105/><E78/><V86/><F86/><W15/><G65/><T44/><D14/><U72/><E72/><V123/><F123/><W36/><G33/><T59/><D59/><N who="1" m="37375" /><E90/><N who="2" m="55735" /><F61/><W19/><G35/><T53/><D31/><U40/><E105/><V29/><F29/><W22/><G30/><T83/><D34/><U52/><E23/><V55/><F69/><W120/><G120/><T81/><D74/><U26/><E26/><V9/><F9/><W70/><G70/><T127/><D76/><U73/><E73/><V124/><F55/><W117/><G107/><T62/><D53/><U102/><E28/><V46/><AGARI ba="0,0" hai="46,51,54,124,125,126,132,135" m="55735,42506" machi="46" ten="40,8000,1" yaku="18,1,14,1,52,2" doraHai="129" who="2" fromWho="2" sc="198,-20,250,-40,250,80,302,-20" /><INIT seed="2,0,0,5,0,130" ten="178,210,330,282" oya="2" hai0="25,62,8,50,123,71,116,68,43,128,132,53,80" hai1="40,24,99,55,131,124,88,58,2,125,59,39,37" hai2="113,75,38,45,46,90,29,73,3,98,4,109,12" hai3="63,127,105,122,21,9,117,32,92,64,74,34,79"/><V36/><F113/><W106/><G117/><T135/><D123/><U1/><E131/><V20/><F3/><N who="1" m="1033" /><E40/><V87/><F109/><W111/><G122/><T95/><D128/><U6/><E6/><V133/><F98/><W19/><G111/><T49/><D8/><U108/><E108/><V48/><F46/><W7/><G9/><T86/><D95/><N who="1" m="56807" /><E24/><N who="2" m="16519" /><F38/><N who="1" m="14345" /><E55/><N who="2" m="30095" /><F36/><W93/><G105/><T77/><D116/><U22/><E22/><V11/><F73/><W15/><G74/><T101/><D101/><U72/><E72/><V96/><F96/><W126/><G106/><T14/><D14/><U47/><E47/><V81/><F75/><W31/><G32/><T61/><D43/><U119/><E119/><V35/><F35/><W70/><G34/><T41/><D41/><U103/><E103/><V107/><F107/><W18/><G70/><T52/><D25/><U10/><E10/><V69/><F69/><W115/><G115/><T97/><D97/><U76/><E76/><V102/><F102/><W0/><G79/><T28/><D77/><U66/><E66/><V67/><F67/><W118/><G118/><T44/><D44/><U16/><E16/><V27/><F27/><W89/><G19/><T57/><D28/><U121/><E121/><V114/><F114/><W134/><G31/><T112/><D112/><U65/><E65/><V110/><BYE who="1" /><F110/><W83/><G0/><UN n1="%4C%4F%4C%49%54%41" /><T129/><D129/><U84/><E84/><V42/><F42/><W13/><G64/><T33/><D33/><U54/><E54/><V85/><F87/><W120/><G120/><T91/><D86/><RYUUKYOKU ba="0,0" sc="178,-15,210,15,330,15,282,-15" hai1="58,59,124,125" hai2="4,11,12,81,85,90,133" /><INIT seed="2,1,0,4,5,2" ten="163,225,345,267" oya="2" hai0="102,43,108,9,57,3,70,64,131,75,24,134,93" hai1="122,80,97,120,83,15,26,123,76,107,49,23,63" hai2="94,56,113,36,27,135,39,125,112,1,21,86,124" hai3="58,127,90,116,6,129,67,52,72,8,45,71,78"/><V81/><F1/><W32/><G32/><T4/><D108/><U22/><E49/><V13/><F94/><W38/><G116/><T17/><D134/><U33/><E80/><V118/><F56/><W73/><G127/><N who="2" m="48713" /><F13/><W35/><G35/><T59/><D131/><U61/><E15/><V96/><F96/><W42/><G129/><T121/><D75/><U54/><E33/><V46/><F135/><W34/><G34/><T111/><D111/><U88/><E54/><V85/><F85/><W104/><G104/><T84/><D121/><U82/><E23/><V128/><F128/><W115/><G73/><T101/><D43/><U11/><E11/><V62/><F62/><N who="1" m="23561" /><E76/><N who="2" m="46375" /><F118/><W7/><G72/><T103/><D70/><U48/><E48/><V105/><F105/><W119/><G71/><T0/><D0/><U44/><E44/><V37/><F46/><W10/><G119/><T79/><D64/><U60/><E60/><V98/><F98/><W53/><G67/><T132/><D132/><U12/><E12/><V92/><F92/><W110/><G110/><T66/><D66/><U100/><E88/><V87/><F87/><W68/><G90/><T50/><D50/><U109/><E109/><V74/><F74/><W47/><G68/><T91/><REACH who="0" step="1"/><D79/><REACH who="0" ten="153,225,345,267" step="2"/><U40/><E40/><V130/><F130/><W51/><G78/><T89/><D89/><U99/><E122/><V133/><F133/><W41/><G53/><T16/><D16/><AGARI ba="1,1" hai="16,21,27,36,37,39,112,113" m="46375,48713" machi="16" ten="40,3900,0" yaku="18,1,54,1" doraHai="2" who="2" fromWho="0" sc="153,-42,225,0,345,52,267,0" /><INIT seed="2,2,0,2,5,100" ten="111,225,397,267" oya="2" hai0="114,66,0,92,51,128,89,65,99,130,40,63,47" hai1="6,61,126,53,81,125,67,85,59,118,80,68,77" hai2="64,112,45,48,73,17,30,78,18,93,34,86,25" hai3="55,43,20,52,98,1,42,120,83,133,131,121,106"/><V56/><F112/><W95/><G1/><T70/><D0/><U74/><E6/><V27/><F73/><W103/><G131/><T31/><D114/><U116/><E126/><V8/><F8/><W44/><G133/><T60/><REACH who="0" step="1"/><D31/><REACH who="0" ten="101,225,397,267" step="2"/><U32/><E125/><V127/><F30/><W49/><G121/><T90/><D90/><U2/><E2/><V36/><F127/><W19/><G120/><T57/><AGARI ba="2,1" hai="40,47,51,57,60,63,65,66,70,89,92,99,128,130" machi="57" ten="30,2000,0" yaku="1,1,0,1,53,0" doraHai="100" doraHaiUra="102" who="0" fromWho="0" sc="101,36,225,-7,397,-12,267,-7" /><INIT seed="3,0,0,1,4,82" ten="137,218,385,260" oya="3" hai0="64,47,5,56,46,110,120,135,71,89,23,125,25" hai1="48,58,27,103,8,119,51,133,134,40,18,123,30" hai2="115,93,122,121,127,11,16,78,98,59,75,96,128" hai3="108,2,117,28,79,106,34,88,14,3,73,57,44"/><W61/><G106/><T32/><D120/><N who="2" m="46186" /><F115/><W92/><G117/><T87/><D110/><U67/><E123/><V72/><F127/><W126/><G126/><T54/><D125/><U101/><E119/><V15/><F128/><W109/><G44/><T6/><D135/><U52/><E133/><V17/><F78/><W36/><G36/><T41/><D32/><U129/><E67/><V107/><F59/><W37/><G37/><T85/><D71/><U22/><E129/><V100/><F17/><W53/><G14/><T38/><D64/><U43/><E134/><V12/><F12/><W31/><G79/><T94/><D46/><N who="1" m="25671" /><E43/><V39/><F39/><W19/><G19/><T102/><D102/><AGARI ba="0,0" hai="11,15,16,72,75,93,96,98,100,102,107" m="46186" machi="102" ten="30,2000,0" yaku="13,1,54,1" doraHai="82" who="2" fromWho="0" sc="137,-20,218,0,385,20,260,0" owari="117,-38.3,218,-18.2,405,50.5,260,6.0" /></mjloggm>