<mjloggm ver="2.3"><GO type="225" lobby="0"/><UN n0="%E3%81%99%E3%81%84%E3%81%BE%E3%81%9B%E3%83%BC%E3%82%93" n1="%E3%82%BF%E3%83%BC%E3%83%90%E3%83%B3%E9%87%8E%E5%8F%A3" n2="%E6%9D%B1%E9%A2%A8%E3%81%AE%E3%81%8D%E3%82%83%E3%81%B7%E3%81%95%E3%82%93" n3="%E3%81%B5%E3%81%98%E3%81%8B%E3%81%A4" dan="18,16,17,16" rate="2210.35,2097.99,2275.87,2163.42" sx="M,M,M,M"/><TAIKYOKU oya="0"/><INIT seed="0,0,0,0,4,66" ten="250,250,250,250" oya="0" hai0="33,5,130,85,90,32,118,109,78,135,34,123,79" hai1="122,58,67,44,91,43,29,125,45,106,51,77,36" hai2="104,26,76,119,97,8,113,48,10,80,27,30,100" hai3="131,49,60,9,89,3,11,112,96,95,132,69,42"/><T84/><D118/><U0/><E0/><V93/><F113/><W107/><G132/><T23/><D123/><U71/><E106/><V53/><F119/><W86/><G131/><T13/><D135/><U94/><E122/><V88/><F104/><W81/><G112/><T116/><D116/><U1/><E1/><V6/><F100/><W19/><G107/><T15/><D130/><U54/><E29/><V121/><F121/><W16/><G42/><T35/><D109/><U70/><E77/><V47/><F6/><W17/><G49/><T87/><N who="0" m="8192" /><DORA hai="22" /><T128/><D128/><U127/><E91/><V110/><F110/><W83/><G83/><T61/><D61/><N who="1" m="38327" /><E94/><V56/><F47/><W103/><REACH who="3" step="1"/><G3/><REACH who="3" ten="250,250,250,240" step="2"/><T64/><D79/><U18/><E18/><V120/><F120/><W117/><G117/><T25/><D78/><U57/><E44/><V111/><F111/><W62/><G62/><T52/><D5/><U129/><E129/><V82/><F82/><W102/><G102/><T14/><D90/><U39/><E39/><V108/><F108/><W20/><G20/><T72/><D72/><U28/><E28/><V38/><F38/><W75/><G75/><T68/><D23/><U73/><E73/><N who="2" m="43023" /><F30/><W114/><G114/><T46/><D46/><U40/><E40/><V92/><F92/><W134/><G134/><T105/><D105/><U31/><E31/><V55/><F55/><W2/><G2/><T98/><D52/><U74/><E74/><V59/><F59/><W41/><G41/><T124/><D64/><AGARI ba="0,1" hai="9,11,16,17,19,60,64,69,81,86,89,95,96,103" machi="64" ten="40,5200,0" yaku="1,1,52,1,54,1,53,0" doraHai="66,22" doraHaiUra="115,133" who="3" fromWho="0" sc="250,-52,250,0,250,0,240,62" /><INIT seed="1,0,0,3,1,26" ten="198,250,250,302" oya="1" hai0="74,39,107,3,47,133,88,61,22,108,115,82,130" hai1="76,12,91,105,44,58,9,117,24,8,65,75,23" hai2="42,36,21,10,120,104,84,67,43,79,73,13,102" hai3="95,81,45,87,89,96,129,97,59,124,28,64,37"/><U41/><E117/><V15/><F120/><W134/><G124/><T57/><D115/><U53/><E65/><V2/><F67/><W131/><G134/><T66/><D133/><U54/><E105/><V16/><F73/><W68/><G68/><T111/><D107/><U5/><E91/><V110/><F2/><W46/><G28/><T51/><D39/><U127/><E127/><V80/><F36/><W4/><G4/><T135/><D135/><U103/><E103/><V33/><F33/><W0/><G0/><T100/><D100/><U7/><E76/><V99/><REACH who="2" step="1"/><F110/><REACH who="2" ten="198,250,240,302" step="2"/><N who="0" m="42026" /><D3/><U31/><E75/><V18/><AGARI ba="0,1" hai="10,13,15,16,18,21,42,43,79,80,84,99,102,104" machi="18" ten="20,5200,0" yaku="1,1,0,1,7,1,54,1,53,0" doraHai="26" doraHaiUra="70" who="2" fromWho="2" sc="198,-13,250,-26,240,62,302,-13" /><INIT seed="2,0,0,5,5,114" ten="185,224,302,289" oya="2" hai0="101,113,62,13,6,64,76,10,83,42,32,24,98" hai1="130,47,59,63,30,57,36,89,66,49,72,25,12" hai2="5,38,74,116,35,0,77,131,80,135,81,22,110" hai3="65,7,14,60,55,103,84,68,50,73,4,94,111"/><V51/><F51/><W120/><G111/><T96/><D113/><U17/><E36/><V129/><F22/><W3/><G73/><T91/><D42/><U19/><E72/><V109/><F35/><W61/><G120/><T28/><D91/><U43/><E130/><N who="2" m="49675" /><F80/><W45/><G3/><T21/><D32/><U54/><E89/><V133/><F38/><W37/><G61/><T82/><D76/><U97/><E97/><V20/><F20/><W48/><G84/><T23/><D21/><U93/><E93/><V16/><F16/><W134/><G14/><T31/><D98/><U78/><E78/><V121/><F121/><W99/><G134/><N who="2" m="51209" /><F116/><W40/><G50/><T46/><D46/><AGARI ba="0,0" hai="4,7,37,40,45,46,48,55,60,65,68,94,99,103" machi="46" ten="30,1000,0" yaku="7,1" doraHai="114" who="3" fromWho="0" sc="185,-10,224,0,302,0,289,10" /><INIT seed="3,0,0,3,5,53" ten="175,224,302,299" oya="3" hai0="28,70,6,49,75,93,40,104,133,131,100,134,108" hai1="103,46,118,81,25,34,66,122,54,124,85,125,4" hai2="71,91,68,63,88,43,42,97,74,109,11,120,107" hai3="64,62,1,32,17,15,112,79,5,22,132,110,105"/><W121/><G112/><T82/><D70/><U67/><E122/><V114/><F74/><W47/><G121/><T39/><D39/><U52/><E118/><V65/><F68/><W60/><G105/><T98/><D108/><U90/><E4/><V77/><F77/><W55/><G32/><T45/><D131/><U128/><E103/><V94/><F107/><W20/><G132/><N who="0" m="50795" /><D28/><N who="1" m="19727" /><E128/><V23/><F114/><W21/><G110/><T111/><D111/><U69/><E46/><V9/><F120/><W57/><G79/><N who="0" m="44415" /><D6/><U119/><E119/><V106/><F106/><AGARI ba="0,0" hai="40,45,49,93,98,100,104,106" m="44415,50795" machi="106" ten="30,1000,0" yaku="20,1" doraHai="53" who="0" fromWho="2" sc="175,10,224,0,302,-10,299,0" /><INIT seed="4,0,0,5,5,40" ten="185,224,292,299" oya="0" hai0="22,48,60,98,103,35,51,118,64,117,28,119,21" hai1="133,111,120,27,114,113,80,95,2,29,105,58,62" hai2="41,53,6,24,92,110,129,5,132,43,45,93,0" hai3="26,97,100,77,66,39,99,78,59,84,115,31,57"/><T69/><D21/><U72/><E111/><V67/><F110/><W10/><G115/><N who="1" m="44042" /><E120/><V17/><F67/><W11/><G39/><T54/><D22/><N who="1" m="15607" /><E105/><V75/><F75/><W101/><G84/><T16/><D16/><U76/><E2/><V112/><F112/><W25/><G66/><T61/><D61/><U68/><E95/><N who="2" m="36427" /><F132/><W3/><G31/><T90/><D90/><U19/><E19/><V83/><F83/><W96/><G96/><T79/><D79/><U4/><E4/><N who="2" m="1643" /><F129/><W107/><G107/><T23/><D23/><U7/><E7/><V124/><F124/><W135/><G3/><T86/><D86/><U50/><E50/><N who="2" m="28879" /><F0/><W70/><G135/><T82/><D82/><U128/><E128/><V56/><F56/><W104/><G104/><N who="0" m="63607" /><D54/><N who="1" m="34135" /><E68/><AGARI ba="0,0" hai="10,11,25,26,57,59,68,70,77,78,97,99,100,101" machi="68" ten="25,1600,0" yaku="22,2" doraHai="40" who="3" fromWho="1" sc="185,0,224,-16,292,0,299,16" owari="185,-31.5,208,-19.2,292,9.2,315,41.5" /></mjloggm>