<mjloggm ver="2.3"><GO type="225" lobby="0"/><UN n0="%E5%B8%86%E7%AB%8B%E5%A4%8F%E8%A1%A3" n1="%68%6F%72%69%30%39%30%31" n2="%E6%B8%A9%E2%98%85%E6%83%85%E2%98%85%E6%8E%AA%E2%98%85%E7%BD%AE" n3="%E3%81%82%E3%81%99%E3%81%AB%E3%82%83%E3%82%80" dan="16,16,16,16" rate="2065.17,2049.91,2147.95,2116.40" sx="M,M,M,F"/><TAIKYOKU oya="0"/><INIT seed="0,0,0,2,0,120" ten="250,250,250,250" oya="0" hai0="1,117,72,47,73,59,39,93,76,70,110,37,96" hai1="116,6,111,16,67,55,108,95,133,80,64,79,91" hai2="87,43,28,21,69,131,77,90,50,60,46,2,51" hai3="127,100,57,11,44,123,128,35,78,104,38,66,8"/><T121/><D117/><U122/><E122/><V62/><F131/><W56/><G123/><T48/><D121/><U115/><E116/><V83/><F2/><W106/><G35/><T9/><D70/><U34/><E6/><V101/><F101/><W0/><G0/><T118/><D118/><U88/><E115/><V22/><F69/><W32/><G32/><T84/><D84/><N who="1" m="48159" /><BYE who="3" /><E34/><V74/><F51/><W113/><G113/><T49/><D59/><UN n3="%E3%81%82%E3%81%99%E3%81%AB%E3%82%83%E3%82%80" /><U10/><E133/><V81/><REACH who="2" step="1"/><F28/><REACH who="2" ten="250,250,240,250" step="2"/><W107/><G100/><T36/><D49/><U53/><E108/><V27/><F27/><W24/><G24/><T31/><D110/><U86/><E111/><V92/><F92/><W58/><G128/><T13/><D31/><U12/><E91/><V4/><F4/><W103/><G103/><T3/><D3/><U109/><E109/><V54/><F54/><AGARI ba="0,1" hai="10,12,16,53,54,55,64,67,86,88,95" m="48159" machi="54" ten="30,3900,0" yaku="8,1,54,2" doraHai="120" who="1" fromWho="2" sc="250,0,250,49,240,-39,250,0" /><INIT seed="1,0,0,5,4,45" ten="250,299,201,250" oya="1" hai0="12,72,107,1,106,102,67,127,84,87,18,73,79" hai1="104,122,134,120,116,81,108,54,112,14,9,35,105" hai2="48,2,128,47,33,42,34,130,26,51,23,61,118" hai3="16,103,4,86,76,53,63,49,37,59,21,121,99"/><U29/><E116/><V85/><F118/><W44/><G121/><T95/><D1/><U58/><E112/><V50/><F2/><W11/><G37/><T78/><D67/><U69/><E69/><V19/><F61/><W0/><G86/><N who="0" m="32811" /><D12/><U46/><E81/><V68/><F68/><W30/><G76/><N who="0" m="29227" /><D127/><U13/><E46/><V52/><F85/><W6/><G30/><T60/><D60/><U75/><E29/><V90/><F90/><W7/><G11/><T93/><D18/><U36/><E9/><V123/><F123/><W74/><G74/><N who="0" m="28779" /><D102/><U31/><E75/><V77/><F77/><W126/><G0/><T41/><D41/><U113/><E31/><V40/><F40/><W38/><G126/><T92/><AGARI ba="0,0" hai="92,93,95,106,107" m="28779,29227,32811" machi="92" ten="40,12000,2" yaku="28,2,35,5" doraHai="45" who="0" fromWho="0" sc="250,120,299,-60,201,-30,250,-30" /><INIT seed="2,0,0,4,2,22" ten="370,239,171,220" oya="2" hai0="56,12,121,5,74,135,123,3,115,55,80,104,75" hai1="128,124,2,52,71,93,111,97,131,73,126,101,43" hai2="79,133,41,36,125,54,51,99,81,15,4,19,13" hai3="108,47,100,60,114,98,14,23,11,30,106,6,39"/><V25/><F133/><W28/><G108/><T34/><D3/><U57/><E71/><V92/><F125/><N who="1" m="48233" /><E2/><V50/><F36/><W0/><G114/><T44/><D104/><U33/><E33/><V118/><F118/><W132/><G132/><T88/><D44/><U103/><E43/><V21/><F41/><W112/><G112/><T90/><D90/><N who="1" m="55479" /><E73/><V69/><F69/><W78/><G78/><T48/><D55/><U66/><E66/><V62/><F62/><W127/><G127/><T29/><D48/><N who="1" m="30855" /><E111/><V107/><F107/><W67/><G39/><T37/><D37/><U63/><E63/><V96/><F51/><W85/><G47/><T16/><D75/><U42/><E42/><V26/><F81/><W18/><REACH who="3" step="1"/><G85/><REACH who="3" ten="370,239,171,210" step="2"/><T61/><D74/><U77/><E77/><V9/><F79/><W17/><G17/><T110/><D16/><U68/><E68/><AGARI ba="0,1" hai="0,6,11,14,18,23,28,30,60,67,68,98,100,106" machi="68" ten="30,3900,0" yaku="1,1,7,1,53,1" doraHai="22" doraHaiUra="7" who="3" fromWho="1" sc="370,0,239,-39,171,0,210,49" /><INIT seed="3,0,0,2,3,129" ten="370,200,171,259" oya="3" hai0="33,27,120,126,18,111,4,132,54,64,117,84,118" hai1="83,94,30,55,108,88,70,97,60,127,82,65,29" hai2="0,17,125,37,22,56,121,85,19,109,110,23,2" hai3="32,91,68,5,71,50,73,112,135,48,40,122,28"/><W45/><G112/><T21/><D132/><U43/><E108/><N who="2" m="41579" /><F37/><W34/><G122/><T46/><D111/><U62/><E127/><V53/><F85/><W51/><G135/><T92/><D126/><U10/><E43/><V81/><F81/><W134/><G134/><T1/><D120/><U89/><E10/><V74/><F74/><W58/><G73/><T130/><D130/><U105/><E105/><V103/><F103/><W39/><G5/><T131/><D64/><U42/><E42/><V15/><F125/><W12/><G12/><N who="0" m="9415" /><D131/><U13/><E82/><V80/><F80/><W78/><G78/><T99/><D84/><U66/><E83/><V44/><F44/><N who="3" m="23583" /><G28/><N who="0" m="19615" /><D54/><U113/><E89/><V128/><F128/><W96/><G32/><T9/><D46/><U106/><E106/><V24/><F56/><W14/><G14/><T101/><AGARI ba="0,0" hai="1,4,9,92,99,101,117,118" m="19615,9415" machi="101" ten="30,1100,0" yaku="24,1" doraHai="129" who="0" fromWho="0" sc="370,11,200,-3,171,-3,259,-5" owari="381,48.1,197,-20.3,168,-33.2,254,5.4" /></mjloggm>