<mjloggm ver="2.3"><GO type="225" lobby="0"/><UN n0="%E3%81%BF%E3%81%BF%E3%81%9A" n1="%E3%81%AA%E3%81%8A%E3%81%A8%4E%4D%42" n2="%E3%82%A2%E3%82%A4%E3%82%B9%E3%83%86%E3%82%A3%E3%83%BC%E3%81%82%E3%81%B9" n3="%E3%83%B4%E3%82%A3%E3%83%AF%E3%82%B3%E3%82%B0%E3%83%8B" dan="16,16,16,16" rate="2128.17,2103.82,2115.23,2144.10" sx="M,M,M,M"/><TAIKYOKU oya="0"/><INIT seed="0,0,0,1,2,44" ten="250,250,250,250" oya="0" hai0="83,15,101,49,77,35,88,39,69,134,8,90,93" hai1="7,36,130,99,6,52,64,38,47,43,122,9,87" hai2="18,100,25,42,104,105,0,86,26,21,50,63,27" hai3="51,20,89,55,54,70,4,11,113,115,46,28,23"/><T79/><D39/><U2/><E122/><V102/><F0/><W30/><G70/><T128/><D69/><U103/><E130/><V53/><F42/><W81/><G113/><T57/><D35/><U123/><E123/><V116/><F63/><W92/><G81/><T65/><D128/><U58/><E64/><V61/><F61/><W111/><G111/><T118/><D118/><U24/><E7/><V82/><F116/><W127/><G127/><T16/><D134/><U121/><E121/><V17/><F105/><W126/><G126/><T124/><D124/><U45/><E24/><V1/><F1/><W76/><G76/><T41/><D65/><U29/><E29/><N who="3" m="11370" /><G55/><N who="0" m="31983" /><D41/><U40/><E87/><V59/><F104/><W106/><G106/><T114/><D114/><U117/><E117/><V60/><F60/><W48/><G48/><T31/><D31/><U94/><E58/><V107/><F107/><W78/><G78/><N who="0" m="29707" /><D83/><U67/><E67/><V133/><F133/><W91/><G115/><T3/><D3/><U14/><E2/><V80/><F82/><W56/><G56/><T12/><D15/><U132/><E132/><V112/><F112/><W119/><G119/><T75/><D75/><U74/><E74/><V97/><F21/><N who="3" m="8267" /><G92/><T108/><D108/><U73/><E73/><V33/><F33/><W37/><G37/><T84/><D84/><U96/><E96/><AGARI ba="0,0" hai="8,12,16,88,90,93,96,101" m="29707,31983" machi="96" ten="30,11600,0" yaku="8,1,52,1,54,2" doraHai="44" who="0" fromWho="1" sc="250,116,250,-116,250,0,250,0" /><INIT seed="0,1,0,4,5,43" ten="366,134,250,250" oya="0" hai0="61,117,5,76,1,116,86,85,48,89,15,82,110" hai1="34,7,80,92,40,18,41,103,42,36,27,65,31" hai2="20,109,37,93,26,78,6,9,53,64,32,118,127" hai3="35,72,105,2,22,126,104,47,29,63,91,16,112"/><T84/><D1/><U30/><E7/><V121/><F109/><W108/><G72/><T17/><D110/><U119/><E119/><V21/><F121/><W125/><G2/><T96/><D61/><U87/><E65/><V99/><F37/><W73/><G73/><T97/><D5/><U123/><E123/><V60/><F118/><W95/><G29/><T132/><D132/><U54/><E54/><V57/><F127/><N who="3" m="48651" /><G35/><T14/><D116/><U83/><E31/><V39/><F39/><W23/><G23/><T124/><D117/><U131/><E131/><V49/><F78/><W111/><G112/><T69/><D69/><U70/><E70/><V79/><F79/><W102/><G102/><T130/><D124/><U25/><E36/><V113/><F32/><W50/><G63/><T114/><D114/><U52/><E103/><N who="2" m="60911" /><F26/><N who="3" m="14663" /><G111/><T90/><D14/><U8/><E25/><V46/><F113/><W33/><G33/><T120/><D120/><U77/><E83/><V12/><AGARI ba="1,0" hai="6,9,12,20,21,46,49,53,57,60,64" m="60911" machi="12" ten="30,2000,0" yaku="8,1,52,1" doraHai="43" who="2" fromWho="2" sc="366,-11,134,-6,250,23,250,-6" /><INIT seed="1,0,0,2,0,35" ten="355,128,273,244" oya="1" hai0="107,124,44,4,40,21,18,46,131,38,8,51,30" hai1="27,118,96,57,127,104,26,129,17,93,79,36,123" hai2="53,126,41,75,130,66,133,122,10,110,68,28,115" hai3="78,134,61,9,42,100,125,111,102,92,47,5,52"/><U54/><E123/><V3/><RYUUKYOKU type="yao9" ba="0,0" sc="355,0,128,0,273,0,244,0" hai2="3,10,28,41,53,66,68,75,110,115,122,126,130,133" /><INIT seed="1,1,0,3,5,112" ten="355,128,273,244" oya="1" hai0="12,86,47,99,91,16,65,78,6,97,75,107,105" hai1="21,72,122,37,84,53,106,108,96,34,62,85,3" hai2="10,48,22,114,66,55,123,135,54,40,126,131,92" hai3="51,52,73,19,61,2,130,110,128,17,127,69,9"/><U79/><E122/><V93/><F123/><W60/><G110/><T8/><D65/><U76/><E37/><V25/><F126/><W1/><G73/><T14/><D75/><U35/><E3/><N who="3" m="1034" /><G127/><T11/><D78/><U31/><E108/><V125/><F125/><W29/><G29/><T115/><D115/><U50/><E72/><V77/><F114/><W119/><G119/><T67/><D67/><U90/><E62/><N who="3" m="24170" /><G9/><T83/><REACH who="0" step="1"/><D47/><REACH who="0" ten="345,128,273,244" step="2"/><U103/><E35/><V42/><F66/><W95/><G69/><T88/><D88/><U45/><E34/><V134/><F77/><W26/><G130/><T44/><D44/><U70/><E70/><V49/><F131/><W56/><G128/><T58/><D58/><U39/><E39/><V64/><F64/><W7/><G56/><T129/><D129/><U20/><E84/><V118/><F135/><W33/><G33/><T36/><D36/><U57/><E45/><V124/><F134/><W30/><G51/><T0/><D0/><U132/><E132/><V133/><F133/><W28/><G52/><T4/><D4/><U111/><E111/><V120/><F124/><W89/><G7/><T121/><D121/><U116/><E116/><V13/><F118/><W59/><G59/><T63/><D63/><U43/><E79/><V24/><F120/><W41/><G41/><T27/><D27/><N who="1" m="16871" /><E43/><V81/><F42/><W87/><G26/><T82/><D82/><N who="1" m="49463" /><E76/><V94/><F40/><W46/><G46/><T15/><D15/><U74/><E74/><V32/><F13/><W18/><G87/><T102/><D102/><RYUUKYOKU ba="1,1" sc="345,10,128,10,273,-30,244,10" hai0="6,8,11,12,14,16,83,86,91,97,99,105,107" hai1="21,50,53,57,96,103,106" hai3="17,18,19,28,30,89,95" /><INIT seed="1,2,1,4,1,121" ten="355,138,243,254" oya="1" hai0="6,59,33,94,56,119,82,44,129,47,50,134,55" hai1="88,57,84,87,20,41,63,115,7,14,65,0,117" hai2="24,64,49,70,36,128,1,73,45,97,135,111,90" hai3="123,91,100,118,17,31,104,18,131,99,72,13,96"/><U122/><E122/><V110/><F135/><W113/><G123/><T69/><D119/><U4/><E117/><V39/><F1/><W5/><G118/><T93/><D69/><U130/><E115/><V38/><F73/><W15/><G72/><T116/><D116/><U25/><E130/><V95/><F128/><W109/><G131/><T42/><D33/><U8/><E84/><V105/><F105/><W28/><G5/><T26/><D129/><U125/><E125/><V2/><F2/><W127/><G113/><T37/><D134/><U74/><E74/><V80/><F80/><W12/><G127/><T53/><D6/><N who="1" m="3351" /><E41/><V68/><F24/><W86/><G99/><T132/><D132/><U106/><E106/><V43/><REACH who="2" step="1"/><F64/><REACH who="2" ten="355,138,233,254" step="2"/><W34/><G104/><T102/><D26/><U66/><E66/><V21/><F21/><W83/><G34/><T76/><D82/><N who="1" m="49271" /><E0/><V120/><F120/><W3/><G3/><T46/><D76/><U112/><E112/><V32/><F32/><W27/><G83/><T19/><D94/><U78/><E78/><V61/><F61/><W79/><G79/><T81/><D81/><U108/><E108/><AGARI ba="2,2" hai="36,38,39,43,45,49,68,70,90,95,97,108,110,111" machi="108" ten="50,12000,2" yaku="1,1,14,1,52,3,53,1" doraHai="121" doraHaiUra="40" who="2" fromWho="1" sc="355,0,138,-126,233,146,254,0" /><INIT seed="2,0,0,5,2,84" ten="355,12,379,254" oya="2" hai0="14,117,67,57,51,1,31,90,98,113,58,125,4" hai1="114,129,60,22,24,110,55,115,32,69,26,44,10" hai2="82,78,20,81,80,119,16,38,76,96,75,103,17" hai3="107,87,135,54,65,62,104,30,121,71,9,134,93"/><V66/><F119/><W12/><G121/><T47/><D113/><U122/><E110/><V37/><F66/><W33/><G33/><T132/><D117/><U109/><E109/><V21/><F21/><W101/><G30/><T108/><D1/><U48/><E122/><V127/><F127/><W74/><G74/><T46/><D108/><U89/><E129/><V0/><F0/><W43/><G43/><T59/><D125/><U105/><E105/><V7/><F7/><W97/><G54/><T6/><D132/><N who="3" m="50729" /><G87/><T39/><D31/><U100/><E100/><V28/><F28/><W128/><G128/><T85/><D39/><U53/><E10/><V35/><F35/><W5/><AGARI ba="0,0" hai="5,9,12,62,65,71,93,97,101,104,107" m="50729" machi="5" ten="30,1100,0" yaku="20,1" doraHai="84" who="3" fromWho="3" sc="355,-3,12,-3,379,-5,254,11" /><INIT seed="3,0,0,4,1,122" ten="352,9,374,265" oya="3" hai0="101,133,88,61,18,20,87,2,65,118,42,86,114" hai1="26,128,16,120,78,33,11,22,24,13,94,17,47" hai2="55,130,25,107,68,98,34,77,4,62,106,83,76" hai3="5,119,41,40,126,50,89,96,43,75,67,71,123"/><W29/><G75/><T127/><D118/><U21/><E78/><V51/><F4/><W27/><G123/><T90/><D2/><U72/><E72/><V111/><F111/><W103/><G119/><T116/><D116/><U85/><E120/><V125/><F107/><W117/><G117/><T129/><D129/><U84/><E128/><V82/><F125/><W58/><G126/><T80/><D101/><U134/><E134/><V56/><F130/><W60/><G5/><T81/><D127/><U93/><E33/><V28/><F77/><W36/><G89/><T95/><D133/><U8/><E47/><V110/><F110/><W48/><G36/><T79/><D42/><U19/><E8/><V104/><F104/><W35/><REACH who="3" step="1"/><G58/><REACH who="3" ten="352,9,374,255" step="2"/><N who="0" m="37047" /><D114/><U39/><E39/><V15/><F76/><W131/><G131/><T3/><D3/><U99/><E93/><V121/><F121/><W57/><G57/><T49/><D49/><U9/><E9/><V59/><F15/><W1/><G1/><T109/><D109/><U10/><E10/><V70/><F68/><W74/><G74/><T113/><D113/><U30/><E30/><V0/><F0/><W31/><G31/><T38/><D38/><U135/><E135/><V124/><F124/><W63/><G63/><T115/><D115/><U23/><E23/><V14/><F14/><W12/><G12/><N who="0" m="9287" /><D79/><U53/><E53/><N who="2" m="31807" /><F70/><W92/><AGARI ba="0,1" hai="27,29,35,40,41,43,48,50,60,67,71,92,96,103" machi="92" ten="30,6000,0" yaku="1,1,0,1,53,1" doraHai="122" doraHaiUra="91" who="3" fromWho="3" sc="352,-20,9,-20,374,-20,255,70" owari="332,13.2,-11,-51.1,354,45.4,325,-7.5" /></mjloggm>