<mjloggm ver="2.3"><GO type="225" lobby="0"/><UN n0="%E3%81%8F%E3%82%8A%E3%83%94%E3%83%BC" n1="%E3%81%95%E3%81%8D%E3%81%9F%E3%81%BE%E6%9E%97%E6%AA%8E" n2="%E3%81%9F%E3%81%93%E2%98%86%E7%84%BC%E3%81%8D" n3="%E3%81%BF%E3%81%BF%E3%81%9A" dan="16,16,16,17" rate="2074.11,2086.59,2105.49,2195.54" sx="M,M,M,M"/><TAIKYOKU oya="0"/><INIT seed="0,0,0,3,1,112" ten="250,250,250,250" oya="0" hai0="121,82,127,30,56,68,54,84,104,59,135,96,34" hai1="133,8,122,105,58,5,83,73,66,1,21,109,116" hai2="15,36,42,95,70,43,129,50,102,85,49,22,132" hai3="107,7,18,40,28,75,31,93,20,6,41,29,99"/><T32/><D121/><U101/><E109/><V67/><F129/><W125/><G75/><T91/><D68/><U3/><E116/><V63/><F132/><W98/><G107/><T72/><D135/><U13/><E133/><V89/><F102/><W64/><G64/><T26/><D127/><U24/><E122/><V52/><F50/><W17/><G125/><T2/><D2/><U0/><E101/><V61/><F61/><W115/><G115/><T119/><D56/><U134/><E134/><V4/><F36/><W51/><G51/><T120/><D120/><U108/><E108/><V81/><F81/><W44/><G44/><T16/><D119/><U128/><E128/><V25/><F4/><N who="3" m="1579" /><G99/><T79/><D104/><U88/><E105/><V74/><F74/><W94/><G94/><N who="0" m="56415" /><D30/><N who="3" m="7681" /><W114/><DORA hai="87" /><G114/><T39/><D39/><U62/><E73/><V23/><F25/><N who="3" m="14479" /><G18/><T86/><D32/><U90/><REACH who="1" step="1"/><E83/><REACH who="1" ten="250,240,250,250" step="2"/><V12/><F12/><W77/><G77/><T11/><D34/><U53/><E53/><V118/><F118/><W65/><G65/><T55/><D55/><U27/><E27/><V76/><F76/><W9/><G40/><T126/><D126/><U57/><E57/><V117/><F117/><W10/><G41/><T92/><D26/><U71/><E71/><V14/><F14/><W97/><G97/><T19/><D72/><U130/><E130/><V103/><F103/><AGARI ba="0,1" hai="9,10,93,98,103" m="14479,7681,1579" machi="103" ten="30,1000,0" yaku="8,1" doraHai="112,87" who="3" fromWho="2" sc="250,0,240,0,250,-10,250,20" /><INIT seed="1,0,0,1,5,49" ten="250,240,240,270" oya="1" hai0="10,104,113,129,110,97,44,124,7,125,107,122,87" hai1="26,85,53,60,131,128,2,88,8,23,74,9,30" hai2="16,106,1,56,71,54,132,43,45,79,34,41,22" hai3="121,69,15,117,58,119,126,115,112,0,17,6,127"/><U98/><E74/><V80/><F34/><W114/><G69/><T101/><D113/><U11/><E98/><V70/><F106/><W75/><G75/><T111/><D129/><N who="1" m="49739" /><E2/><V4/><F132/><W95/><G95/><N who="0" m="58559" /><D44/><U82/><E60/><V135/><F135/><W12/><G58/><T109/><D122/><U96/><E96/><V77/><F4/><W14/><G17/><T50/><D50/><U83/><E83/><V32/><F32/><W66/><G66/><T120/><D120/><U64/><E64/><V108/><F1/><W90/><G90/><T19/><D19/><U28/><E28/><V76/><F80/><W94/><G94/><T65/><D65/><U59/><E59/><V105/><F105/><N who="0" m="40522" /><D87/><U51/><E51/><V27/><F71/><W52/><G121/><T92/><D92/><U37/><E37/><V68/><F70/><W86/><G86/><T5/><D5/><U123/><E123/><V39/><F41/><W33/><G52/><AGARI ba="0,0" hai="8,9,11,23,26,30,52,53,82,85,88" m="49739" machi="52" ten="30,12000,1" yaku="19,1,52,2,54,2" doraHai="49" who="1" fromWho="3" sc="250,0,240,120,240,0,270,-120" /><INIT seed="1,1,0,2,3,21" ten="250,360,240,150" oya="1" hai0="93,4,46,97,91,120,34,13,123,98,85,44,62" hai1="70,81,126,118,48,58,72,10,83,19,82,76,89" hai2="55,30,79,17,33,38,35,77,28,45,0,74,64" hai3="2,32,67,16,41,36,75,39,119,27,131,29,5"/><U56/><E118/><V54/><F64/><W11/><G75/><T121/><D34/><U115/><E70/><V53/><F0/><W66/><G119/><T14/><D62/><U7/><E115/><V125/><F125/><W6/><G131/><T99/><REACH who="0" step="1"/><D4/><REACH who="0" ten="240,360,240,150" step="2"/><U9/><E7/><V90/><F33/><W49/><G6/><T105/><D105/><U1/><E126/><V135/><F35/><W134/><G134/><T43/><D43/><U73/><E73/><V88/><F74/><W117/><G117/><T65/><D65/><U3/><E72/><V122/><F135/><W37/><REACH who="3" step="1"/><G16/><REACH who="3" ten="240,360,240,140" step="2"/><T59/><D59/><U110/><E19/><V132/><F17/><W94/><G94/><T71/><D71/><U20/><E58/><V113/><F132/><W124/><G124/><T60/><D60/><U104/><E56/><V100/><F113/><W86/><G86/><T128/><D128/><U109/><E104/><V116/><F116/><W31/><G31/><T95/><D95/><U78/><E83/><V52/><F28/><W87/><G87/><T112/><D112/><U63/><E63/><V106/><F30/><W84/><G84/><T102/><D102/><U40/><E82/><V130/><F100/><W101/><G101/><T42/><D42/><U57/><E81/><V61/><F61/><W114/><G114/><T25/><D25/><U8/><E40/><V69/><F130/><W22/><G22/><T50/><D50/><U24/><E48/><V111/><F38/><W127/><G127/><T92/><D92/><U107/><E107/><V108/><F106/><RYUUKYOKU ba="1,2" sc="240,15,360,-15,240,-15,140,15" hai0="13,14,44,46,85,91,93,97,98,99,120,121,123" hai3="2,5,11,27,29,32,36,37,39,41,49,66,67" /><INIT seed="2,2,2,1,1,101" ten="255,345,225,155" oya="2" hai0="117,74,67,92,69,86,112,89,11,85,24,45,96" hai1="64,14,102,54,123,90,44,5,26,87,131,29,20" hai2="59,115,30,31,88,8,84,68,47,53,93,76,58" hai3="116,104,124,135,98,38,97,9,4,127,27,121,134"/><V79/><F68/><W108/><G38/><T13/><D112/><U21/><E131/><V118/><F118/><W130/><G116/><T33/><D74/><U95/><E123/><V10/><F47/><W55/><G121/><T133/><D117/><U78/><E64/><V40/><F40/><W65/><G65/><T43/><D133/><N who="3" m="50697" /><G108/><T17/><D67/><U56/><E44/><V82/><F79/><W109/><G109/><T113/><D113/><U119/><E119/><V94/><F93/><W34/><G55/><T39/><REACH who="0" step="1"/><D69/><REACH who="0" ten="245,345,225,155" step="2"/><U129/><E129/><V60/><F115/><W15/><G130/><T61/><D61/><U70/><E70/><V63/><F63/><W52/><G52/><T105/><D105/><U48/><E54/><V107/><F58/><W6/><G104/><T80/><D80/><U1/><E56/><V16/><F107/><W77/><G77/><T71/><D71/><U103/><E78/><V22/><F82/><W106/><G106/><T75/><D75/><U128/><E128/><V46/><F76/><W18/><G98/><T36/><D36/><U25/><E95/><V114/><F114/><W51/><G97/><T41/><D41/><U37/><E37/><V12/><F46/><W50/><G51/><T3/><D3/><U66/><E1/><V83/><F83/><W100/><G50/><T32/><D32/><U81/><E48/><V110/><F110/><W35/><G35/><T91/><D91/><U120/><E81/><V125/><F125/><N who="3" m="48203" /><G100/><T111/><D111/><U42/><E103/><V49/><F49/><W132/><G132/><RYUUKYOKU ba="2,3" sc="245,10,345,-30,225,10,155,10" hai0="11,13,17,24,33,39,43,45,85,86,89,92,96" hai2="8,10,12,16,22,30,31,53,59,60,84,88,94" hai3="4,6,9,15,18,27,34" /><INIT seed="2,3,3,3,5,72" ten="255,315,235,165" oya="2" hai0="32,124,1,10,7,25,9,15,116,87,97,51,105" hai1="121,16,11,130,84,81,96,112,43,93,12,14,31" hai2="0,57,23,71,63,92,37,127,28,129,78,83,109" hai3="99,47,133,101,80,26,40,65,122,21,70,54,118"/><V102/><F37/><W115/><G118/><T52/><D116/><U107/><E107/><V86/><F0/><W123/><G54/><T55/><D124/><U91/><E112/><V66/><F129/><W117/><G117/><T90/><D97/><U36/><E130/><V59/><F127/><W35/><G115/><T18/><D105/><U131/><E131/><V6/><F6/><W44/><G80/><T119/><D119/><U45/><E121/><V20/><F71/><W94/><G35/><T95/><REACH who="0" step="1"/><D51/><REACH who="0" ten="245,315,235,165" step="2"/><U49/><E36/><V125/><F125/><W98/><G133/><T88/><D88/><N who="1" m="55335" /><E14/><V128/><F102/><W13/><G13/><T33/><D33/><U30/><AGARI ba="3,4" hai="11,12,16,30,31,43,45,49,81,84,91" m="55335" machi="30" ten="30,4000,0" yaku="8,1,54,2" doraHai="72" who="1" fromWho="1" sc="245,-13,315,89,235,-23,165,-13" /><INIT seed="3,0,0,4,2,120" ten="232,404,212,152" oya="3" hai0="112,101,83,50,47,114,61,9,69,86,68,12,13" hai1="124,92,123,0,7,99,18,14,116,19,117,35,36" hai2="43,131,56,23,130,126,80,84,85,70,79,90,48" hai3="11,4,3,39,97,54,55,29,94,81,41,59,44"/><W78/><G29/><T58/><D101/><U28/><E124/><V73/><F70/><W91/><REACH who="3" step="1"/><G59/><REACH who="3" ten="232,404,212,142" step="2"/><T20/><D69/><U100/><E28/><V25/><F56/><W122/><G122/><T33/><D68/><U2/><E123/><V75/><F126/><W52/><G52/><T98/><D58/><U105/><E117/><V103/><F131/><W89/><G89/><T76/><D114/><U42/><E116/><V49/><F103/><W22/><G22/><T102/><D20/><U6/><E100/><V51/><F130/><W107/><G107/><T15/><D102/><U64/><E105/><V109/><F43/><W53/><G53/><T1/><D112/><U108/><E42/><V127/><F127/><W87/><G87/><T66/><D86/><U88/><E88/><V71/><F71/><W118/><G118/><T65/><D65/><U93/><E64/><V77/><F85/><W111/><G111/><T63/><D66/><U5/><E108/><V60/><F109/><W113/><G113/><T115/><D115/><U82/><E35/><V30/><F90/><W26/><G26/><T34/><D33/><U134/><E99/><V72/><F84/><W24/><G24/><T32/><D34/><U17/><E134/><V74/><F73/><W40/><G40/><T46/><D32/><U37/><E93/><V119/><F74/><W10/><G10/><T67/><D9/><U21/><E92/><V96/><F96/><W62/><G62/><T38/><D63/><U110/><E110/><V8/><F60/><W129/><G129/><T125/><D125/><RYUUKYOKU ba="0,1" sc="232,-10,404,-10,212,-10,142,30" hai3="3,4,11,39,41,44,54,55,78,81,91,94,97" /><INIT seed="3,1,1,0,3,40" ten="222,394,202,172" oya="3" hai0="78,105,15,39,117,13,131,99,88,59,58,36,113" hai1="100,55,120,77,66,9,31,92,123,1,102,126,72" hai2="61,18,21,95,81,54,17,111,71,38,11,134,80" hai3="33,34,60,47,12,65,30,49,56,52,112,87,121"/><W41/><G112/><T86/><D113/><U7/><E126/><V10/><F38/><W68/><G121/><T119/><D78/><U23/><E66/><V135/><F111/><W82/><G30/><T28/><D86/><U14/><E72/><V133/><F95/><W53/><G12/><T37/><D37/><U24/><E77/><V22/><F71/><W69/><G53/><T114/><D88/><U46/><E1/><V85/><F61/><W25/><G25/><T122/><D99/><U106/><E106/><V19/><F54/><W16/><G16/><T32/><D28/><U76/><E76/><V110/><F110/><W73/><G73/><T109/><D114/><U116/><E116/><V98/><F98/><W43/><G43/><T70/><D109/><U104/><E104/><V0/><F0/><W130/><G130/><T64/><D105/><U75/><E75/><V93/><F93/><W83/><G69/><T101/><D70/><U96/><E102/><V3/><F3/><W29/><G29/><T5/><D101/><U124/><E124/><V62/><F62/><W67/><G67/><T127/><D127/><U57/><E46/><V132/><F85/><W48/><REACH who="3" step="1"/><G87/><REACH who="3" ten="222,394,202,162" step="2"/><T4/><D64/><U90/><E123/><V50/><F134/><W51/><G51/><T27/><D27/><U63/><E120/><V6/><F50/><W74/><G74/><T115/><D122/><U129/><E129/><V118/><F118/><W128/><G128/><T107/><D115/><U2/><E14/><V45/><F133/><W103/><G103/><T84/><D131/><RYUUKYOKU ba="1,2" sc="222,-15,394,15,202,-15,162,15" hai1="2,7,9,23,24,31,55,57,63,90,92,96,100" hai3="33,34,41,47,48,49,52,56,60,65,68,82,83" /><INIT seed="3,2,2,5,4,47" ten="207,409,187,177" oya="3" hai0="28,41,35,24,109,27,23,56,100,1,82,114,69" hai1="48,105,77,111,132,22,127,43,119,131,87,121,58" hai2="78,26,36,112,90,134,0,51,57,62,110,108,84" hai3="116,72,75,70,12,25,40,54,32,74,61,122,18"/><W94/><G116/><T85/><D109/><N who="2" m="42090" /><F0/><W42/><G122/><T5/><D69/><U81/><E119/><V129/><F36/><W52/><G94/><T91/><D114/><U96/><E111/><V88/><F112/><W6/><G6/><T2/><D5/><U45/><E121/><V67/><F129/><W124/><G124/><T10/><D10/><U46/><E131/><V63/><F134/><W13/><G70/><T86/><D100/><U3/><E132/><V101/><F101/><W60/><G25/><T44/><D85/><U83/><E83/><N who="2" m="47223" /><F26/><W30/><G30/><T80/><D56/><U98/><E46/><V89/><F62/><N who="3" m="24171" /><G18/><T123/><D82/><U107/><E107/><V133/><F133/><W113/><G32/><T31/><D123/><U49/><E81/><V120/><F120/><W95/><G95/><T104/><D104/><U59/><E127/><V29/><F29/><W92/><G92/><T68/><D68/><U64/><E3/><V9/><F9/><W17/><G113/><T38/><AGARI ba="2,2" hai="1,2,23,24,27,28,31,35,38,41,44,80,86,91" machi="38" ten="20,1500,0" yaku="0,1,7,1" doraHai="47" who="0" fromWho="0" sc="207,41,409,-6,187,-6,177,-9" owari="248,4.8,403,50.3,181,-21.9,168,-33.2" /></mjloggm>