<mjloggm ver="2.3"><GO type="225" lobby="0"/><UN n0="%E3%81%B5%E3%81%98%E3%81%8B%E3%81%A4" n1="%E3%83%94%E3%83%B3%E3%82%B5%E3%83%AD%E5%BA%97%E5%93%A1" n2="%E9%BB%92%E9%89%84%E7%8F%A0%E9%9B%AB" n3="%48%61%61%61%6C%61%6E%64" dan="16,16,16,18" rate="2197.77,2172.03,2193.21,2309.86" sx="M,M,M,M"/><TAIKYOKU oya="0"/><INIT seed="0,0,0,1,5,89" ten="250,250,250,250" oya="0" hai0="59,53,112,1,52,37,50,41,63,18,106,13,109" hai1="35,103,95,17,25,100,27,75,64,30,61,126,79" hai2="58,120,131,134,28,114,71,111,0,29,98,91,101" hai3="32,45,34,135,44,57,124,2,66,122,115,86,73"/><T99/><D112/><U9/><E126/><V20/><F71/><W127/><G73/><T23/><D1/><U51/><E51/><V118/><F0/><W102/><G2/><T22/><D109/><U82/><E95/><V129/><F120/><W90/><G115/><T24/><D37/><U40/><E40/><V39/><F39/><W92/><G122/><T16/><D41/><U87/><E75/><V74/><F114/><W108/><G108/><T43/><D43/><U47/><E47/><N who="3" m="17994" /><G135/><T121/><D121/><U36/><E36/><V123/><F74/><W76/><G76/><T31/><D106/><U48/><E48/><V117/><F123/><W65/><G102/><T94/><D31/><U119/><E119/><N who="2" m="45579" /><F134/><W7/><G7/><T96/><D94/><U81/><E81/><V125/><F125/><N who="3" m="48203" /><G57/><AGARI ba="0,0" hai="13,16,18,22,23,24,50,52,53,57,59,63,96,99" machi="57" ten="30,11600,0" yaku="7,1,8,1,54,2" doraHai="89" who="0" fromWho="3" sc="250,116,250,0,250,0,250,-116" /><INIT seed="0,1,0,3,0,38" ten="366,250,250,134" oya="0" hai0="114,51,97,132,104,68,129,1,59,105,128,134,107" hai1="120,83,27,23,86,71,4,102,14,22,24,11,95" hai2="123,31,126,66,119,50,7,44,135,2,62,53,55" hai3="76,20,85,45,65,88,40,17,43,60,41,18,52"/><T112/><D1/><U78/><E71/><V130/><F123/><W58/><G76/><T61/><D97/><N who="1" m="59711" /><E120/><V74/><F74/><W69/><G45/><T39/><D39/><U3/><E3/><V79/><F79/><W57/><G20/><AGARI ba="1,0" hai="4,11,14,20,22,23,24,27,78,83,86" m="59711" machi="20" ten="30,1000,0" yaku="8,1" doraHai="38" who="1" fromWho="3" sc="366,0,250,13,250,0,134,-13" /><INIT seed="1,0,0,1,5,85" ten="366,263,250,121" oya="1" hai0="12,110,60,108,63,17,1,135,49,86,4,126,61" hai1="52,58,100,40,5,88,116,79,67,81,102,71,26" hai2="131,83,55,129,62,33,42,90,80,114,44,73,104" hai3="89,34,6,133,0,95,115,41,50,35,109,57,23"/><U124/><E116/><V30/><F104/><W7/><G115/><T127/><D49/><U118/><E118/><V75/><F30/><W15/><G109/><N who="0" m="42091" /><D86/><N who="1" m="48447" /><E71/><V28/><F28/><W121/><G121/><T106/><D106/><U101/><E124/><N who="0" m="47657" /><D135/><U29/><E5/><V65/><F33/><W38/><G133/><T11/><D17/><U87/><E40/><V68/><F55/><N who="3" m="31991" /><G38/><T77/><D77/><U8/><E8/><V56/><F68/><W96/><G41/><T47/><D47/><U24/><E67/><V113/><F73/><W21/><G34/><T78/><D78/><U132/><E29/><V94/><F75/><W51/><G35/><T123/><D123/><U48/><E132/><V93/><F93/><AGARI ba="0,0" hai="24,26,48,52,58,87,88,93,100,101,102" m="48447" machi="93" ten="30,11600,0" yaku="8,1,52,1,54,2" doraHai="85" who="1" fromWho="2" sc="366,0,263,116,250,-116,121,0" /><INIT seed="1,1,0,4,3,96" ten="366,379,134,121" oya="1" hai0="129,39,32,17,106,133,1,74,87,9,13,78,47" hai1="86,24,54,18,103,60,44,76,12,109,127,80,92" hai2="94,57,20,26,123,90,51,118,99,7,121,128,25" hai3="29,124,42,41,14,71,22,110,85,3,48,37,67"/><U101/><E127/><V15/><F118/><W21/><G3/><T31/><D106/><U84/><E109/><V19/><F128/><W113/><G113/><T10/><D129/><U45/><E24/><V8/><F26/><W98/><G110/><T35/><D133/><U95/><E60/><V40/><REACH who="2" step="1"/><F57/><REACH who="2" ten="366,379,124,121" step="2"/><W131/><G131/><T120/><D120/><U104/><E104/><V72/><F72/><W135/><G135/><T130/><D74/><U38/><E38/><V82/><F82/><W4/><G37/><T70/><D39/><U43/><E92/><V53/><F53/><W5/><G124/><T105/><D130/><U58/><E43/><V97/><F97/><W6/><G98/><T11/><D105/><U88/><E45/><AGARI ba="1,1" hai="7,8,15,19,20,25,40,45,51,90,94,99,121,123" machi="45" ten="40,1300,0" yaku="1,1,53,0" doraHai="96" doraHaiUra="132" who="2" fromWho="1" sc="366,0,379,-16,124,26,121,0" /><INIT seed="2,0,0,4,0,77" ten="366,363,150,121" oya="2" hai0="67,27,115,127,92,86,105,35,37,11,75,109,59" hai1="23,103,78,16,126,107,81,73,116,98,49,22,83" hai2="48,119,87,113,61,3,93,74,117,58,69,91,24" hai3="89,124,26,10,33,90,101,106,41,64,96,121,104"/><V99/><F74/><W84/><G121/><T65/><D115/><U44/><E126/><V45/><F3/><W38/><G124/><T123/><D37/><U112/><E112/><V63/><F69/><W56/><G106/><T0/><D59/><U32/><E32/><V12/><F113/><W95/><G10/><T85/><D92/><U80/><E116/><V108/><F108/><W114/><G114/><T110/><D27/><U17/><E23/><V19/><F24/><W135/><G135/><T79/><D11/><U134/><E17/><V70/><F70/><W9/><G9/><T125/><D105/><U2/><E2/><V36/><F36/><W29/><G90/><T14/><D35/><U133/><E133/><V130/><F130/><W25/><G25/><T54/><D14/><U47/><E47/><V122/><F122/><W13/><G13/><T30/><D0/><U53/><E134/><V82/><F58/><W20/><G33/><T129/><D129/><U66/><E66/><N who="0" m="25097" /><D54/><U55/><E55/><N who="2" m="30095" /><F119/><W62/><REACH who="3" step="1"/><G38/><REACH who="3" ten="366,363,150,111" step="2"/><T102/><D123/><U128/><E128/><V5/><F117/><W18/><G18/><T7/><D127/><U76/><E76/><N who="2" m="46535" /><F5/><W42/><AGARI ba="0,1" hai="20,26,29,41,42,56,62,64,84,89,95,96,101,104" machi="42" ten="30,4000,0" yaku="1,1,0,1,53,1" doraHai="77" doraHaiUra="88" who="3" fromWho="3" sc="366,-10,363,-10,150,-20,111,50" /><INIT seed="3,0,0,5,5,117" ten="356,353,130,161" oya="3" hai0="41,64,81,119,56,78,90,9,0,37,77,22,65" hai1="6,75,29,116,79,40,108,47,105,70,80,107,45" hai2="131,113,53,130,5,61,1,28,71,95,27,30,17" hai3="72,69,59,66,63,87,98,10,73,123,55,84,42"/><W118/><G123/><T21/><D119/><U12/><E116/><V57/><F71/><W44/><G118/><T103/><D103/><U24/><E70/><V76/><F76/><N who="0" m="29290" /><D37/><U112/><E112/><V122/><F113/><W8/><G98/><T67/><D0/><U134/><E108/><V4/><F1/><W51/><G84/><N who="0" m="50447" /><D41/><U34/><E134/><V125/><F125/><W135/><G87/><T102/><D102/><U93/><E93/><V124/><F124/><W83/><G83/><T33/><D33/><U88/><E88/><V115/><F115/><W11/><REACH who="3" step="1"/><G135/><REACH who="3" ten="356,353,130,151" step="2"/><T133/><D133/><U19/><E80/><V20/><F122/><W7/><G7/><T13/><D56/><U110/><E6/><AGARI ba="0,1" hai="6,9,13,21,22,64,65,67" m="50447,29290" machi="6" ten="30,1000,0" yaku="8,1" doraHai="117" who="0" fromWho="1" sc="356,20,353,-10,130,0,151,0" owari="376,47.6,343,14.3,130,-37.0,151,-24.9" /></mjloggm>