<mjloggm ver="2.3"><GO type="225" lobby="0"/><UN n0="%E6%97%A5%E6%9B%9C%E6%97%A5%E3%82%88%E3%82%8A%E3%81%AE%E4%BD%BF%E8%80%85" n1="%E3%81%8F%E3%81%BE%E3%81%96%E3%82%8F" n2="%54%4F%52" n3="%E6%80%AA%E3%81%97%E3%81%99%E3%81%8E%E3%82%8B%E3%83%81%E3%83%BC" dan="17,16,17,16" rate="2169.49,2047.52,2243.65,2134.38" sx="M,M,M,M"/><TAIKYOKU oya="0"/><INIT seed="0,0,0,2,2,117" ten="250,250,250,250" oya="0" hai0="20,103,43,92,105,49,62,58,129,34,83,65,115" hai1="60,82,28,64,36,2,126,111,134,22,67,50,95" hai2="89,78,56,119,33,21,86,68,3,41,29,101,85" hai3="18,69,84,17,108,16,55,131,75,81,88,122,9"/><T4/><D34/><U42/><E111/><V52/><F68/><W73/><G108/><T10/><D115/><U35/><E126/><V30/><F119/><W70/><G131/><T100/><D105/><U6/><E134/><V63/><F33/><W109/><G109/><T32/><D32/><U74/><E35/><V128/><F128/><W97/><G122/><T23/><D83/><U27/><E50/><V127/><F127/><W120/><G120/><T104/><D104/><U113/><E113/><V39/><F3/><W57/><G9/><T93/><D129/><U112/><E112/><V90/><F101/><N who="0" m="38986" /><D10/><U133/><E133/><V19/><F41/><W79/><G97/><T76/><D76/><U11/><E95/><N who="0" m="36425" /><D4/><U54/><E54/><V72/><F72/><W13/><G13/><T46/><AGARI ba="0,0" hai="20,23,43,46,49,58,62,65" m="36425,38986" machi="46" ten="30,1500,0" yaku="8,1" doraHai="117" who="0" fromWho="0" sc="250,15,250,-5,250,-5,250,-5" /><INIT seed="0,1,0,5,3,47" ten="265,245,245,245" oya="0" hai0="87,108,130,20,133,100,46,1,109,34,55,30,128" hai1="10,115,117,79,67,83,62,107,53,114,78,129,31" hai2="49,40,26,80,33,57,105,12,102,126,132,92,14" hai3="94,19,74,9,91,48,29,76,36,51,16,56,82"/><T42/><D34/><U111/><E117/><V25/><F105/><W75/><G36/><N who="0" m="21831" /><D1/><U112/><E111/><N who="0" m="42569" /><D133/><U85/><E129/><N who="0" m="49769" /><D100/><U89/><E112/><V106/><F126/><W43/><G75/><T54/><D87/><U65/><E114/><V7/><F102/><W50/><G43/><T131/><N who="0" m="49777" /><T120/><DORA hai="135" /><D120/><U37/><E85/><V95/><F33/><W88/><G29/><T60/><D60/><U35/><E62/><V103/><F103/><W45/><G45/><T84/><D84/><U6/><E31/><V90/><F106/><W77/><G77/><T69/><D69/><U110/><E79/><V101/><F101/><W97/><G56/><T64/><D64/><U123/><E67/><V118/><F57/><W104/><G104/><T21/><D21/><U68/><E65/><V44/><F132/><W17/><REACH who="3" step="1"/><G91/><REACH who="3" ten="265,245,245,235" step="2"/><T71/><D71/><U72/><E89/><V63/><F90/><W81/><G81/><T122/><D122/><U116/><E83/><V13/><F80/><W73/><G73/><T23/><D30/><U41/><E68/><V0/><F92/><W99/><G99/><T32/><D32/><U58/><E35/><V61/><F95/><W38/><G38/><T11/><D11/><AGARI ba="1,1" hai="9,11,16,17,19,48,50,51,74,76,82,88,94,97" machi="11" ten="40,16000,3" yaku="1,1,52,3,54,2,53,2" doraHai="47,135" doraHaiUra="5,59" who="3" fromWho="0" sc="265,-163,245,0,245,0,235,173" /><INIT seed="1,0,0,4,0,62" ten="102,245,245,408" oya="1" hai0="80,111,72,123,9,126,120,85,91,51,57,58,71" hai1="118,70,2,114,5,74,101,63,133,14,99,27,65" hai2="41,83,104,38,34,46,54,68,131,86,19,43,59" hai3="0,36,98,122,128,129,6,22,61,110,117,7,132"/><U26/><E114/><V66/><F131/><N who="3" m="50251" /><G122/><N who="0" m="46635" /><D71/><U116/><E14/><V56/><F104/><W73/><G73/><T115/><D115/><U3/><E133/><V64/><F34/><W16/><G110/><T44/><D111/><U15/><E15/><V121/><F121/><W32/><G32/><T81/><D9/><N who="1" m="2231" /><E26/><V134/><F134/><W13/><G36/><T84/><D72/><U67/><E27/><V37/><F19/><W75/><G75/><T103/><D103/><U95/><E95/><V47/><F86/><W33/><G33/><T79/><D126/><U124/><E124/><V77/><F83/><W127/><G127/><T102/><D102/><U89/><E89/><V105/><F77/><W52/><G132/><T42/><AGARI ba="0,0" hai="42,44,51,57,58,79,80,81,84,85,91" m="46635" machi="42" ten="30,1100,0" yaku="13,1" doraHai="62" who="0" fromWho="0" sc="102,11,245,-5,245,-3,408,-3" /><INIT seed="2,0,0,1,4,58" ten="113,240,242,405" oya="2" hai0="95,107,68,90,126,0,7,79,82,62,47,56,5" hai1="29,132,17,60,69,37,15,16,24,124,72,32,116" hai2="49,87,131,8,130,28,74,41,125,88,51,27,109" hai3="93,35,50,67,18,30,113,54,134,119,99,114,61"/><V13/><F74/><W83/><G119/><T55/><D107/><U44/><E116/><V31/><F125/><W133/><G18/><T80/><D126/><U81/><E124/><V92/><F109/><W110/><G83/><T106/><D106/><U45/><E132/><N who="3" m="50794" /><G30/><T128/><D128/><N who="2" m="49194" /><F41/><W75/><G35/><T86/><D0/><U36/><E36/><V96/><F96/><W21/><G21/><T43/><D68/><U23/><E37/><V19/><F31/><W1/><G1/><T33/><D33/><AGARI ba="0,0" hai="8,13,19,27,28,33,49,51,87,88,92" m="49194" machi="33" ten="30,2900,0" yaku="19,1,54,1" doraHai="58" who="2" fromWho="0" sc="113,-29,240,0,242,29,405,0" /><INIT seed="2,1,0,2,4,117" ten="84,240,271,405" oya="2" hai0="27,112,115,110,91,124,88,55,84,58,78,20,0" hai1="129,67,97,66,1,85,12,83,6,25,95,5,56" hai2="28,49,71,26,21,19,74,48,13,18,60,14,106" hai3="101,72,99,126,105,42,114,108,57,7,121,47,54"/><V61/><F106/><W90/><G121/><T11/><D110/><U46/><E129/><V116/><F116/><W103/><G72/><T43/><D43/><U62/><E1/><V9/><F74/><W65/><G65/><T135/><D124/><U127/><E127/><V76/><F76/><W33/><G33/><T96/><D135/><U118/><E118/><V38/><F38/><W53/><G103/><T102/><D78/><U89/><E46/><V79/><F79/><W123/><G123/><T133/><D133/><U98/><E67/><V125/><F125/><W40/><G108/><T92/><D0/><U107/><E12/><V31/><F71/><W109/><G7/><T120/><D11/><U86/><E107/><V29/><REACH who="2" step="1"/><F26/><REACH who="2" ten="84,240,261,405" step="2"/><W70/><G70/><T94/><D120/><U32/><E25/><V16/><F16/><W15/><G126/><T22/><D102/><U45/><E5/><V69/><F69/><W24/><G24/><T111/><D111/><U41/><E6/><V34/><F34/><W4/><G4/><T77/><D77/><U59/><E32/><V100/><F100/><W104/><G101/><T75/><D75/><U30/><E30/><V39/><F39/><W132/><G105/><T10/><D115/><U93/><E89/><V80/><F80/><W119/><G90/><T64/><D112/><U50/><E83/><V68/><F68/><W134/><G114/><T63/><D91/><U35/><E35/><V51/><AGARI ba="1,1" hai="9,13,14,18,19,21,28,29,31,48,49,51,60,61" machi="51" ten="30,6000,0" yaku="1,1,0,1,8,1,53,0" doraHai="117" doraHaiUra="122" who="2" fromWho="2" sc="84,-21,240,-21,261,73,405,-21" /><INIT seed="2,2,0,2,4,124" ten="63,219,334,384" oya="2" hai0="86,52,83,11,5,22,68,66,40,134,109,93,2" hai1="4,92,115,99,19,122,97,56,15,53,73,127,74" hai2="80,101,135,34,117,96,61,84,47,28,82,17,57" hai3="81,38,118,54,128,35,71,106,133,46,114,89,60"/><V76/><F117/><W121/><RYUUKYOKU type="yao9" ba="2,0" sc="63,0,219,0,334,0,384,0" hai3="35,38,46,54,60,71,81,89,106,114,118,121,128,133" /><INIT seed="2,3,0,5,0,76" ten="63,219,334,384" oya="2" hai0="1,27,132,46,98,130,33,125,109,117,72,49,58" hai1="104,23,21,50,48,135,32,113,112,44,19,73,114" hai2="122,45,83,116,127,59,94,95,13,91,9,40,92" hai3="60,56,14,51,100,64,42,28,97,103,57,30,78"/><V4/><F116/><W7/><G78/><T31/><D117/><U41/><E32/><V101/><F122/><W67/><G67/><T106/><D109/><U0/><E0/><V126/><F101/><N who="3" m="38987" /><G97/><T102/><D125/><N who="2" m="47626" /><F59/><W108/><G108/><T36/><D130/><U11/><E135/><V110/><F110/><W82/><G82/><T25/><D132/><U88/><E73/><V35/><F35/><W5/><G14/><T119/><D119/><U2/><E104/><V90/><F83/><W121/><G121/><T65/><D27/><U75/><E75/><V89/><F94/><W6/><G42/><T39/><D1/><U68/><E68/><V85/><F92/><W129/><G129/><T10/><D72/><U118/><E2/><V70/><F70/><W16/><G16/><T131/><D131/><U54/><E118/><V63/><F63/><W69/><G69/><T77/><D77/><U99/><E19/><V37/><AGARI ba="3,0" hai="4,9,13,37,40,45,85,89,90,91,95" m="47626" machi="37" ten="30,1500,0" yaku="18,1" doraHai="76" who="2" fromWho="2" sc="63,-8,219,-8,334,24,384,-8" /><INIT seed="2,4,0,3,0,4" ten="55,211,358,376" oya="2" hai0="73,117,123,127,118,125,9,15,54,133,19,90,38" hai1="114,48,1,86,29,8,47,77,71,112,95,51,45" hai2="89,59,65,30,85,56,109,6,3,14,43,31,2" hai3="33,55,16,124,58,99,102,130,66,26,69,94,57"/><V106/><F106/><W62/><G130/><T11/><D73/><U105/><E71/><V35/><F43/><W115/><G124/><N who="0" m="47691" /><D38/><U103/><E105/><V37/><F37/><W81/><G115/><T20/><D90/><U64/><E64/><V42/><F42/><W132/><G132/><T82/><D82/><U128/><E128/><V78/><F78/><W17/><G81/><T126/><N who="0" m="47699" /><T104/><DORA hai="121" /><D104/><U23/><E77/><V98/><F98/><W96/><G96/><T41/><D41/><U76/><E76/><V92/><F109/><W12/><G12/><N who="0" m="9319" /><D54/><U88/><E103/><V0/><F35/><W101/><G101/><T67/><D67/><U116/><E112/><V34/><F34/><W110/><G110/><T74/><D74/><U44/><E114/><V39/><F39/><W32/><G32/><T113/><D113/><U60/><E88/><V75/><F75/><W119/><G119/><N who="0" m="45579" /><D123/><U63/><E116/><V108/><F59/><W40/><G40/><T80/><D80/><U134/><E95/><V79/><F79/><W93/><G93/><T24/><D133/><U5/><E134/><V25/><F65/><W68/><G68/><T91/><D24/><N who="1" m="16543" /><E86/><V27/><F85/><W84/><G84/><T61/><D91/><U107/><E107/><V52/><F89/><W131/><G69/><T135/><D135/><U50/><E47/><V83/><F83/><W120/><G120/><T70/><D15/><U129/><E129/><V22/><F14/><W36/><G131/><T122/><D122/><U87/><E87/><V46/><F92/><RYUUKYOKU ba="4,0" sc="55,15,211,15,358,-15,376,-15" hai0="9,11,61,70" hai1="1,5,8,44,45,48,50,51,60,63" /><INIT seed="3,5,0,2,3,4" ten="70,226,343,361" oya="3" hai0="63,95,129,131,37,97,58,39,49,30,17,60,45" hai1="46,117,79,108,94,31,27,72,10,57,70,126,103" hai2="34,26,35,88,106,19,78,32,112,75,68,2,76" hai3="91,105,111,52,50,44,130,114,20,83,89,86,128"/><W134/><G114/><T13/><D39/><U0/><E70/><V85/><F112/><W42/><G134/><T101/><D37/><U99/><E108/><V104/><F68/><W84/><G111/><T5/><D131/><N who="3" m="50217" /><G105/><T64/><D129/><U36/><E126/><V74/><F2/><W98/><G98/><T18/><D60/><U54/><E117/><V82/><F104/><W61/><G20/><T28/><D5/><U122/><E122/><V53/><F106/><W124/><G124/><T47/><D47/><U80/><E0/><V109/><F109/><W135/><G135/><T11/><REACH who="0" step="1"/><D18/><REACH who="0" ten="60,226,343,361" step="2"/><U23/><E36/><V119/><F119/><W77/><G86/><T67/><D67/><U102/><E46/><V118/><F118/><W69/><G52/><T33/><D33/><U7/><E102/><V116/><F116/><W24/><G24/><T59/><D59/><U115/><E115/><V125/><F125/><W43/><G43/><T12/><D12/><U51/><E57/><V40/><F34/><W48/><G48/><T65/><D65/><AGARI ba="5,1" hai="42,44,50,61,65,69,77,83,84,89,91" m="50217" machi="65" ten="30,1500,0" yaku="19,1" doraHai="4" who="3" fromWho="0" sc="60,-30,226,0,343,0,361,40" owari="30,-47.0,226,-17.4,343,14.3,401,50.1" /></mjloggm>