<mjloggm ver="2.3"><GO type="225" lobby="0"/><UN n0="%54%4F%52" n1="%E7%A6%8F%E5%8E%9F%E9%81%A5%E3%81%A8%E7%B5%90%E5%A9%9A%E3%81%99%E3%82%8B" n2="%E3%81%BF%E3%81%BF%E3%81%9A" n3="%E7%B5%82%E6%9C%AB%E3%81%AE%E6%95%91%E3%81%84" dan="17,17,16,16" rate="2263.94,2116.59,2147.57,2093.45" sx="M,M,M,F"/><TAIKYOKU oya="0"/><INIT seed="0,0,0,3,2,96" ten="250,250,250,250" oya="0" hai0="31,67,25,99,37,44,113,28,97,49,48,100,63" hai1="17,85,77,19,93,2,50,78,84,119,123,98,15" hai2="21,24,41,64,90,66,33,89,114,65,60,69,26" hai3="20,117,95,42,121,73,58,86,54,62,103,102,47"/><T110/><D113/><U81/><E2/><V18/><F114/><W43/><G73/><T29/><D97/><U12/><E119/><V10/><F41/><W9/><G117/><T36/><D110/><U53/><E123/><V16/><F33/><W1/><G121/><T8/><D8/><U118/><E118/><V13/><F69/><W122/><G122/><T23/><D37/><U55/><E84/><V124/><F124/><W0/><G0/><T108/><D36/><U70/><E78/><V112/><F112/><W115/><G115/><T61/><D108/><U71/><E71/><V126/><F126/><W125/><G125/><T3/><D3/><U83/><E83/><V57/><REACH who="2" step="1"/><F26/><REACH who="2" ten="250,250,240,250" step="2"/><W59/><G43/><T105/><D61/><U129/><E70/><V30/><F30/><W109/><G109/><T27/><D63/><U111/><E111/><V107/><F107/><W101/><G42/><T11/><D29/><U135/><E129/><V80/><F80/><W5/><G62/><T92/><D105/><U82/><E82/><V40/><F40/><W132/><G132/><T68/><D68/><U127/><E135/><V35/><F35/><W4/><G4/><T104/><D104/><U38/><E127/><V74/><F74/><W120/><G120/><T91/><D27/><U88/><E38/><V14/><F14/><N who="1" m="5161" /><E50/><V79/><F79/><W94/><G1/><T116/><D49/><U131/><E131/><V45/><F45/><W46/><G47/><T134/><D44/><U39/><E39/><V34/><F34/><W133/><G133/><T76/><D134/><RYUUKYOKU ba="0,1" sc="250,-15,250,15,240,15,250,-15" hai1="17,19,53,55,77,81,85,88,93,98" hai2="10,13,16,18,21,24,57,60,64,65,66,89,90" /><INIT seed="1,1,1,0,2,55" ten="235,265,255,235" oya="1" hai0="120,22,122,66,17,57,133,36,105,2,118,42,99" hai1="59,89,12,124,85,102,43,83,40,73,72,21,94" hai2="95,90,0,25,107,87,44,98,56,103,82,74,26" hai3="109,129,125,84,52,68,101,16,45,27,97,69,126"/><U128/><E128/><V92/><F0/><W35/><G129/><T104/><D118/><U113/><E113/><V60/><F44/><W88/><G109/><T111/><D2/><U29/><E124/><N who="3" m="47722" /><G35/><T51/><D111/><U31/><E73/><V100/><F95/><N who="3" m="56551" /><G84/><T67/><D133/><U121/><E121/><N who="0" m="46697" /><D36/><U63/><E72/><V77/><REACH who="2" step="1"/><F103/><REACH who="2" ten="235,265,245,235" step="2"/><W106/><G101/><N who="0" m="62527" /><D105/><U38/><E102/><V33/><F33/><W4/><G106/><T30/><D30/><U18/><E94/><V49/><F49/><N who="3" m="28719" /><G4/><T65/><D51/><U62/><E38/><V81/><F81/><W130/><G130/><T32/><D32/><U108/><E108/><V46/><F46/><W20/><AGARI ba="1,2" hai="16,20,27,68,69" m="28719,56551,47722" machi="20" ten="30,7900,0" yaku="18,1,54,3" doraHai="55" who="3" fromWho="3" sc="235,-21,265,-40,245,-21,235,102" /><INIT seed="2,0,0,5,2,90" ten="214,225,224,337" oya="2" hai0="48,134,103,98,43,99,126,14,129,17,39,132,78" hai1="9,118,120,108,24,106,27,11,44,64,18,65,45" hai2="7,116,34,20,87,69,96,135,30,88,0,2,21" hai3="50,125,29,95,97,4,55,31,67,40,123,86,57"/><V15/><F116/><W42/><G123/><T26/><D39/><U128/><E118/><V127/><F69/><W74/><G74/><T110/><D110/><U130/><E108/><V133/><F96/><W56/><G125/><T77/><D126/><U79/><E79/><V71/><F71/><W82/><G4/><T23/><D129/><U66/><E106/><V124/><F127/><W59/><G67/><T89/><D89/><U53/><E53/><V104/><F104/><W52/><G86/><T84/><D98/><U81/><E81/><V49/><F124/><W73/><G82/><T72/><D72/><U35/><E35/><V131/><F49/><N who="3" m="30735" /><G59/><T76/><D84/><U3/><E3/><V38/><F38/><W6/><G6/><T93/><REACH who="0" step="1"/><D26/><REACH who="0" ten="204,225,224,337" step="2"/><U33/><E120/><V109/><F131/><N who="1" m="50217" /><E33/><V41/><F109/><W37/><G73/><T75/><D75/><U117/><E117/><V112/><F112/><W8/><G37/><T80/><D80/><U36/><E36/><V10/><F87/><W28/><G8/><N who="1" m="3146" /><E27/><N who="2" m="18783" /><F0/><W111/><G111/><T60/><D60/><U115/><E115/><V119/><F119/><W19/><G19/><T32/><D32/><U5/><E5/><V46/><F2/><W68/><G68/><T70/><D70/><U114/><E114/><V61/><F61/><W94/><G97/><T83/><D83/><U47/><E24/><V100/><F21/><W101/><G101/><T102/><D102/><U91/><E91/><V13/><F100/><W25/><G25/><T16/><D16/><AGARI ba="0,1" hai="16,18,44,45,47,64,65,66" m="3146,50217" machi="16" ten="40,8000,1" yaku="28,2,19,1,54,1" doraHai="90" who="1" fromWho="0" sc="204,-80,225,90,224,0,337,0" /><INIT seed="3,0,0,0,5,125" ten="124,315,224,337" oya="3" hai0="103,3,119,61,0,9,21,18,64,62,109,76,55" hai1="116,31,107,22,38,16,118,26,75,111,117,67,17" hai2="39,130,104,45,36,87,69,128,20,6,8,60,7" hai3="28,40,90,92,77,100,85,73,86,95,71,94,25"/><W79/><G71/><T122/><D119/><U124/><E124/><V42/><F104/><W114/><G40/><T58/><D122/><U83/><E111/><V112/><F112/><W106/><G25/><T108/><D76/><N who="3" m="29257" /><G28/><T5/><D0/><U123/><E123/><V127/><F127/><W81/><G114/><T65/><D103/><U11/><E107/><V134/><F20/><W135/><G135/><T132/><D132/><U57/><E38/><V51/><F134/><W47/><G47/><T102/><D102/><U27/><E83/><V44/><F87/><N who="3" m="50543" /><G73/><T98/><D98/><AGARI ba="0,0" hai="85,86,92,94,95,98,100,106" m="50543,29257" machi="98" ten="30,12000,1" yaku="35,5" doraHai="125" who="3" fromWho="0" sc="124,-120,315,0,224,0,337,120" owari="4,-49.6,315,11.5,224,-17.6,457,55.7" /></mjloggm>