<mjloggm ver="2.3"><GO type="225" lobby="0"/><UN n0="%E6%80%AA%E3%81%97%E3%81%99%E3%81%8E%E3%82%8B%E3%83%81%E3%83%BC" n1="%43%68%65" n2="%E3%81%A1%E3%82%85%E3%81%86%E3%81%A9%E3%81%8F%E8%B1%A1%E3%81%95%E3%82%93" n3="%E2%91%A3%E9%81%BF%E9%81%8A%E6%88%AF%E3%80%90%E6%9D%B1%E5%8D%97%E3%80%91" dan="16,16,17,16" rate="2150.80,2177.82,2249.25,2110.46" sx="M,M,M,M"/><TAIKYOKU oya="0"/><INIT seed="0,0,0,4,4,19" ten="250,250,250,250" oya="0" hai0="12,111,75,133,110,65,25,1,89,129,107,105,47" hai1="99,55,63,77,112,57,62,94,64,80,20,39,86" hai2="41,31,83,70,103,87,35,128,9,93,30,27,82" hai3="6,91,4,21,43,104,29,32,121,76,114,100,116"/><T49/><D1/><U84/><E112/><V11/><F128/><W74/><G116/><T90/><D129/><U56/><E39/><V108/><F70/><W45/><G114/><T66/><D75/><U115/><E115/><V38/><F108/><N who="0" m="41514" /><D12/><U98/><E20/><V126/><F126/><W73/><G32/><T61/><D25/><U7/><E7/><V81/><F30/><W135/><G74/><T51/><D133/><U44/><E44/><V132/><F132/><W53/><G135/><T79/><D79/><U92/><REACH who="1" step="1"/><E84/><REACH who="1" ten="250,240,250,250" step="2"/><V120/><F38/><W130/><G73/><T122/><D47/><U18/><E18/><V3/><F87/><W36/><G130/><T113/><D113/><U13/><E13/><V124/><F3/><W109/><G45/><T2/><D2/><U54/><E54/><V46/><F46/><W33/><G53/><T60/><D122/><U131/><E131/><V37/><F120/><W118/><G36/><T67/><D65/><U58/><E58/><V40/><F37/><W101/><G121/><T23/><D23/><U59/><E59/><V106/><F40/><W52/><G43/><T14/><D14/><U95/><AGARI ba="0,1" hai="55,56,57,62,63,64,77,80,86,92,94,95,98,99" machi="95" ten="30,4000,0" yaku="1,1,0,1,8,1,53,0" doraHai="19" doraHaiUra="5" who="1" fromWho="1" sc="250,-20,240,50,250,-10,250,-10" /><INIT seed="1,0,0,1,5,130" ten="230,290,240,240" oya="1" hai0="68,124,1,8,70,32,110,31,107,78,132,127,114" hai1="81,44,118,36,113,2,45,30,69,133,9,86,42" hai2="94,50,77,117,34,112,134,62,19,51,29,41,125" hai3="35,103,21,87,26,60,135,61,82,15,74,115,67"/><U99/><E113/><V6/><F112/><W120/><G115/><T17/><D114/><RYUUKYOKU type="kaze4" ba="0,0" sc="230,0,290,0,240,0,240,0" /><INIT seed="1,1,0,4,0,70" ten="230,290,240,240" oya="1" hai0="102,33,7,47,60,49,17,94,105,75,6,72,45" hai1="134,135,93,63,71,11,36,92,9,124,52,104,73" hai2="21,29,18,112,77,44,132,38,129,98,90,126,50" hai3="113,5,107,55,23,122,8,99,25,59,26,96,0"/><U95/><E73/><V37/><F77/><W79/><G113/><T103/><D105/><U86/><E104/><V22/><F112/><W81/><G122/><T43/><D33/><U24/><E124/><V65/><F65/><W16/><G26/><T108/><D108/><U88/><E24/><V114/><F114/><W125/><G107/><T35/><D35/><U42/><E71/><V15/><F126/><W57/><G125/><T74/><D60/><U3/><E3/><V69/><F69/><W31/><G31/><T66/><D66/><U101/><E11/><V13/><F132/><N who="1" m="50729" /><E9/><V89/><F129/><W53/><G59/><T68/><D68/><U10/><E10/><V58/><F58/><W91/><G91/><T51/><D17/><U133/><E101/><V32/><F32/><W128/><G128/><T85/><D102/><U40/><E133/><V87/><F98/><W97/><REACH who="3" step="1"/><G57/><REACH who="3" ten="230,290,240,230" step="2"/><T19/><D103/><U117/><E88/><V76/><F89/><W20/><G20/><T4/><D19/><U120/><E120/><V115/><F115/><W131/><G131/><T119/><D119/><U118/><E118/><V123/><F123/><W82/><G82/><T61/><D94/><U127/><E117/><V67/><F90/><W2/><G2/><T27/><D27/><U39/><E127/><V110/><F29/><W34/><G34/><T121/><D121/><U1/><E1/><V41/><F110/><W46/><G46/><T28/><D28/><U78/><E95/><V106/><F106/><W54/><G54/><N who="0" m="29999" /><D61/><U116/><E116/><V80/><F67/><RYUUKYOKU ba="1,1" sc="230,10,290,-30,240,10,230,10" hai0="4,6,7,43,47,51,72,74,75,85" hai2="13,15,18,21,22,37,38,41,44,50,76,80,87" hai3="0,5,8,16,23,25,53,55,79,81,96,97,99" /><INIT seed="2,2,1,2,2,74" ten="240,260,250,240" oya="2" hai0="113,31,117,76,89,75,27,49,95,35,70,54,87" hai1="128,13,97,133,125,15,120,9,43,105,51,16,12" hai2="10,98,90,88,58,2,60,118,109,62,45,94,59" hai3="73,46,135,93,129,71,6,67,83,127,86,80,4"/><V11/><F118/><W84/><G129/><T0/><D113/><U116/><E116/><V134/><F134/><W99/><G73/><T115/><D115/><U91/><E133/><V42/><F109/><W81/><G135/><T25/><D117/><U114/><E114/><V24/><F24/><W28/><G127/><T29/><D70/><U126/><E128/><V17/><F90/><W101/><G71/><T85/><D0/><U64/><E64/><V33/><F33/><W14/><G67/><T30/><D75/><U131/><E131/><V39/><F2/><W122/><G28/><T121/><D121/><U3/><E3/><V112/><F112/><W8/><G4/><T53/><D35/><U56/><E120/><V34/><F34/><W7/><G7/><T61/><D61/><U22/><E9/><V69/><F69/><W20/><G20/><T19/><D19/><U130/><E130/><V5/><F17/><W41/><G122/><T44/><D53/><N who="1" m="31807" /><E43/><V23/><F23/><W37/><AGARI ba="2,1" hai="6,8,14,37,41,46,80,81,83,84,86,93,99,101" machi="37" ten="30,1100,0" yaku="0,1" doraHai="74" who="3" fromWho="3" sc="240,-5,260,-5,250,-7,240,27" /><INIT seed="3,0,0,3,4,49" ten="235,255,243,267" oya="3" hai0="12,105,31,9,100,61,5,85,59,79,76,34,66" hai1="23,81,58,115,20,68,29,0,69,13,135,19,124" hai2="92,113,26,93,117,4,24,10,132,64,114,72,97" hai3="55,48,118,44,71,16,80,122,21,82,131,52,27"/><W109/><G122/><T84/><D105/><U112/><E0/><V43/><F72/><W101/><G118/><T128/><D128/><U65/><E124/><V94/><F43/><W22/><G131/><T88/><D100/><U129/><E129/><V86/><F64/><W133/><G71/><T53/><D34/><U32/><E32/><V62/><F62/><W127/><G127/><T99/><D31/><U74/><E135/><V103/><F132/><W3/><G133/><T121/><D121/><U47/><E47/><V39/><F39/><W83/><G3/><T37/><D37/><U7/><E7/><V134/><F134/><W46/><G109/><T35/><D35/><U33/><E33/><V106/><F86/><N who="0" m="33386" /><D66/><U90/><E68/><V125/><F125/><W95/><G22/><T54/><D54/><N who="3" m="20521" /><G48/><T28/><D28/><U91/><E69/><V119/><F119/><W14/><G14/><T57/><D57/><U17/><E29/><V56/><F56/><W126/><G126/><T116/><D116/><U50/><E50/><V89/><F117/><W15/><G15/><T41/><D41/><U78/><E115/><V120/><F120/><W40/><G40/><T96/><D96/><AGARI ba="0,0" hai="16,21,27,44,46,80,82,83,95,96,101" m="20521" machi="96" ten="30,18000,2" yaku="8,1,52,3,54,2" doraHai="49" who="3" fromWho="0" sc="235,-180,255,0,243,0,267,180" owari="55,-44.5,255,5.5,243,-15.7,447,54.7" /></mjloggm>