<mjloggm ver="2.3"><GO type="225" lobby="0"/><UN n0="%E3%80%93%E3%81%97%E3%83%BC%E3%82%89%E3%80%93" n1="%E6%B8%A9%E2%98%85%E6%83%85%E2%98%85%E6%8E%AA%E2%98%85%E7%BD%AE" n2="%E6%9D%B1%E9%A2%A8%E3%81%AE%E3%81%8D%E3%82%83%E3%81%B7%E3%81%95%E3%82%93" n3="%6D%75%75%73%61%6E%6D%75" dan="16,18,17,16" rate="2108.86,2217.59,2193.92,2116.88" sx="M,M,M,F"/><TAIKYOKU oya="0"/><INIT seed="0,0,0,2,4,61" ten="250,250,250,250" oya="0" hai0="112,24,89,71,41,85,37,4,78,10,97,102,114" hai1="40,14,74,92,115,43,17,32,95,106,20,100,46" hai2="131,99,25,31,51,119,116,42,125,79,73,57,77" hai3="3,8,27,118,12,26,64,16,120,19,33,91,29"/><T62/><D78/><U52/><E74/><V2/><F2/><W86/><G118/><N who="2" m="45097" /><F99/><W94/><G120/><T59/><D71/><U101/><E32/><N who="2" m="20591" /><F73/><W124/><G124/><T0/><D24/><U48/><E115/><V22/><F125/><W117/><G117/><T123/><D41/><N who="1" m="15947" /><E106/><V5/><F131/><W35/><G3/><T135/><D37/><U96/><E95/><V81/><F5/><W44/><G44/><T13/><D135/><U21/><E20/><V70/><F70/><W90/><G90/><AGARI ba="0,0" hai="14,17,21,46,48,52,90,92,96,100,101" m="15947" machi="90" ten="30,2000,0" yaku="8,1,54,1" doraHai="61" who="1" fromWho="3" sc="250,0,250,20,250,0,250,-20" /><INIT seed="1,0,0,2,4,114" ten="250,270,250,230" oya="1" hai0="74,36,15,14,1,31,79,106,110,52,21,54,101" hai1="11,135,91,61,100,126,59,96,66,117,109,10,85" hai2="58,26,6,48,131,125,38,121,107,115,123,124,41" hai3="90,99,5,53,18,86,103,94,19,43,45,27,70"/><U64/><E117/><V68/><F107/><W80/><G70/><T119/><D1/><U23/><E135/><V98/><F98/><W92/><G5/><T122/><D36/><U22/><E126/><N who="2" m="48747" /><F6/><W49/><G27/><T69/><D119/><U127/><E127/><V2/><F26/><W29/><G29/><T87/><D31/><U116/><E116/><V39/><F2/><W17/><REACH who="3" step="1"/><G80/><REACH who="3" ten="250,270,250,220" step="2"/><N who="0" m="47519" /><D69/><U51/><E109/><V71/><F115/><W112/><G112/><T8/><D110/><U82/><E82/><V57/><F68/><W67/><G67/><T102/><D15/><U132/><E66/><V40/><F71/><W128/><G128/><T7/><D14/><U9/><E132/><V12/><F131/><W25/><G25/><T105/><D7/><U56/><E64/><V73/><F12/><W97/><G97/><T32/><D32/><U0/><E96/><V75/><F123/><W47/><G47/><T83/><D83/><N who="1" m="49599" /><E0/><V55/><F121/><W72/><G72/><N who="2" m="27721" /><F58/><W62/><G62/><T118/><D74/><U84/><E61/><V42/><AGARI ba="0,1" hai="38,39,40,41,42,48,55,57" m="27721,48747" machi="42" ten="40,1500,0" yaku="18,1" doraHai="114" who="2" fromWho="2" sc="250,-4,270,-7,250,25,220,-4" /><INIT seed="2,0,0,3,4,13" ten="246,263,275,216" oya="2" hai0="133,108,123,119,112,134,93,5,36,18,41,100,43" hai1="32,96,81,79,60,83,61,101,82,131,75,15,57" hai2="3,24,86,1,54,2,68,120,28,95,104,94,37" hai3="91,21,122,110,132,66,51,105,23,12,6,107,52"/><V98/><F37/><W67/><G122/><T8/><D123/><U116/><E116/><V111/><F68/><W71/><G110/><T74/><D74/><U30/><E131/><V115/><F120/><W17/><G132/><N who="0" m="50795" /><D112/><U103/><E61/><V39/><F39/><W121/><G121/><T56/><D36/><U59/><E59/><V20/><F115/><W19/><G6/><T87/><D108/><U4/><E101/><V135/><F111/><W85/><G105/><T0/><D119/><U118/><E118/><V69/><F69/><W114/><G107/><T124/><D124/><U45/><E45/><V88/><F135/><W73/><G73/><T38/><D38/><U80/><E30/><V129/><F129/><W72/><G72/><T97/><D56/><U53/><E32/><V127/><F127/><W106/><G106/><T58/><D58/><U26/><E26/><V64/><F64/><W50/><G114/><T16/><D87/><U78/><E75/><V34/><F54/><W48/><G52/><T92/><D93/><U29/><E83/><V128/><F128/><W99/><G99/><T62/><D62/><U63/><E63/><V42/><F42/><AGARI ba="0,0" hai="0,5,8,16,18,41,42,43,92,97,100" m="50795" machi="42" ten="30,7700,0" yaku="20,1,52,2,54,1" doraHai="13" who="0" fromWho="2" sc="246,77,263,0,275,-77,216,0" /><INIT seed="3,0,0,0,2,109" ten="323,263,198,216" oya="3" hai0="31,116,46,65,24,96,70,121,62,57,3,87,42" hai1="0,97,130,58,29,117,103,56,4,68,22,37,55" hai2="110,74,83,32,10,88,63,20,41,34,127,85,111" hai3="113,69,128,9,77,92,95,71,28,45,124,27,11"/><W132/><G77/><T17/><D3/><U48/><E68/><V84/><F74/><W126/><G45/><T106/><D121/><U39/><E130/><V26/><F127/><N who="3" m="48683" /><G128/><T15/><D116/><U66/><E117/><V53/><F41/><W47/><G47/><T98/><D106/><U89/><E89/><V64/><F53/><W18/><G18/><T101/><D101/><U5/><E0/><V44/><F10/><N who="3" m="3595" /><G132/><T93/><D70/><N who="3" m="26633" /><G113/><T14/><D46/><U90/><E39/><V50/><F63/><W99/><G99/><N who="0" m="37931" /><D42/><U119/><E97/><V129/><F129/><W100/><G100/><T104/><D104/><U76/><E76/><V33/><F64/><W120/><G120/><T134/><D17/><U131/><E37/><V38/><F38/><W115/><G115/><T75/><D75/><U1/><E119/><V43/><REACH who="2" step="1"/><F84/><REACH who="2" ten="323,263,188,216" step="2"/><W30/><G30/><AGARI ba="0,1" hai="20,26,30,32,33,34,43,44,50,83,85,88,110,111" machi="30" ten="40,8000,1" yaku="1,1,2,1,54,1,53,1" doraHai="109" doraHaiUra="25" who="2" fromWho="3" sc="323,0,263,0,188,90,216,-80" owari="323,42.3,263,-13.7,278,7.8,136,-36.4" /></mjloggm>