<mjloggm ver="2.3"><GO type="225" lobby="0"/><UN n0="%E5%A4%96%E5%B7%9D%E7%AB%9C%E6%88%90" n1="%72%69%6F%75%63%68%61%6E" n2="%E3%81%B5%E3%81%98%E3%81%8B%E3%81%A4" n3="%28%EF%BF%A3%E2%96%BD%EF%BF%A3%29%CE%B4%E2%8C%92%E3%83%BB" dan="16,17,16,16" rate="2122.39,2272.51,2151.84,2111.46" sx="M,M,M,M"/><TAIKYOKU oya="0"/><INIT seed="0,0,0,1,1,70" ten="250,250,250,250" oya="0" hai0="86,115,87,97,28,63,84,8,1,5,37,90,99" hai1="42,111,71,95,46,88,54,23,109,21,26,107,2" hai2="79,85,13,29,72,77,114,125,135,65,30,14,16" hai3="91,94,105,68,102,119,9,67,129,24,61,43,98"/><T12/><D115/><U35/><E107/><V11/><F114/><W51/><G129/><T116/><D116/><U93/><E2/><V22/><F72/><W128/><G128/><T89/><D1/><U76/><E71/><V58/><F125/><W52/><G119/><T69/><D28/><N who="1" m="19863" /><E54/><V100/><F100/><W18/><G43/><T27/><D27/><U123/><E76/><N who="2" m="29259" /><F85/><W25/><G18/><T134/><D134/><U124/><E95/><V73/><F73/><W121/><G9/><T81/><D37/><N who="1" m="21839" /><E123/><V78/><N who="2" m="29267" /><V118/><DORA hai="7" /><F135/><W66/><G121/><T131/><D131/><U36/><E124/><V39/><F39/><W41/><G67/><T103/><D103/><U64/><E64/><V32/><F32/><W108/><G41/><T34/><D34/><U127/><E127/><V47/><F47/><W6/><G6/><T110/><D87/><N who="1" m="52383" /><E36/><V133/><F133/><W49/><G49/><T17/><D69/><U92/><E92/><V50/><F118/><W53/><G53/><T3/><D63/><U82/><E82/><V56/><F65/><W117/><G117/><T44/><D44/><U19/><E19/><N who="2" m="8639" /><F58/><W112/><G112/><T75/><D75/><U31/><E31/><V120/><F120/><W10/><G10/><N who="0" m="6295" /><D99/><U4/><E4/><V15/><F15/><W33/><G33/><T130/><D97/><U38/><E38/><V83/><F83/><W55/><G55/><AGARI ba="0,0" hai="14,16,22,29,30,50,55,56" m="8639,29267" machi="55" ten="30,3900,0" yaku="8,1,52,1,54,1" doraHai="70,7" who="2" fromWho="3" sc="250,0,250,0,250,39,250,-39" /><INIT seed="1,0,0,2,4,10" ten="250,250,289,211" oya="1" hai0="48,34,72,87,73,43,128,22,80,8,110,61,38" hai1="17,108,53,89,102,46,41,75,113,30,85,66,104" hai2="109,45,83,65,67,70,69,90,1,71,124,15,51" hai3="84,62,44,50,35,49,16,13,21,82,60,63,32"/><U23/><E113/><V131/><F1/><W57/><G57/><T127/><D34/><U56/><E75/><V114/><F114/><W95/><G95/><T93/><D38/><U117/><E117/><V52/><F124/><W107/><G107/><T40/><D127/><U112/><E112/><V76/><F90/><W132/><G132/><T125/><D125/><U118/><E118/><V126/><F126/><W7/><G7/><T33/><D33/><U18/><E66/><V5/><F131/><W98/><G98/><T91/><D128/><U64/><E64/><V12/><F109/><W97/><G97/><T79/><D110/><U26/><E108/><V14/><REACH who="2" step="1"/><F5/><REACH who="2" ten="250,250,279,211" step="2"/><W130/><G130/><T99/><D91/><U103/><E103/><V106/><F106/><W54/><REACH who="3" step="1"/><G50/><REACH who="3" ten="250,250,279,201" step="2"/><T111/><D48/><N who="1" m="26703" /><E104/><V11/><F11/><W115/><G115/><T4/><D8/><U119/><E119/><V19/><F19/><W36/><G36/><T123/><D4/><U20/><E102/><V96/><F96/><W101/><G101/><T135/><D99/><U92/><E17/><V42/><F42/><W68/><G68/><T74/><D43/><U47/><E18/><V28/><F28/><W129/><G129/><T121/><D40/><U58/><E30/><V9/><F9/><W2/><G2/><T29/><D29/><U133/><E133/><V134/><F134/><W116/><G116/><T122/><D135/><U31/><E20/><V55/><F55/><W24/><G24/><T88/><D111/><U120/><E120/><N who="0" m="30721" /><T27/><DORA hai="25" /><D22/><U81/><E92/><RYUUKYOKU ba="0,2" sc="250,-30,250,10,279,10,201,10" hai1="23,26,31,47,53,56,58,81,85,89" hai2="12,14,15,45,51,52,65,67,69,70,71,76,83" hai3="13,16,21,32,35,44,49,54,60,62,63,82,84" /><INIT seed="1,1,2,2,5,50" ten="220,260,289,211" oya="1" hai0="105,15,14,16,26,17,31,98,56,89,77,119,37" hai1="12,78,18,19,134,34,130,63,101,51,84,52,33" hai2="107,116,5,7,68,8,62,127,123,44,64,95,124" hai3="59,20,2,6,21,103,40,60,126,54,125,83,92"/><U71/><E130/><V73/><F123/><W48/><G83/><T4/><D119/><U99/><E134/><V96/><F116/><W128/><G128/><T120/><D37/><U104/><E19/><V102/><F73/><W79/><G79/><T61/><D120/><U47/><E71/><V131/><F131/><W57/><G40/><T25/><D77/><U28/><E28/><V24/><F44/><W11/><G103/><T42/><D42/><U135/><E135/><V80/><F80/><W94/><G21/><T100/><D89/><U108/><E108/><V110/><F110/><W9/><G9/><T114/><D4/><U69/><E69/><V76/><F76/><W74/><G20/><T55/><D114/><U118/><E118/><V0/><F7/><W72/><G72/><T22/><REACH who="0" step="1"/><D31/><REACH who="0" ten="210,260,289,211" step="2"/><U132/><E132/><V87/><F127/><N who="3" m="48651" /><G74/><T90/><D90/><U121/><E121/><V93/><F124/><W65/><AGARI ba="1,3" hai="2,6,11,48,54,57,59,60,65,92,94" m="48651" machi="65" ten="30,2000,0" yaku="18,1,52,1" doraHai="50" who="3" fromWho="3" sc="210,-6,260,-11,289,-6,211,53" /><INIT seed="2,0,0,0,1,76" ten="204,249,283,264" oya="2" hai0="5,73,87,88,89,100,35,4,110,112,63,15,23" hai1="68,85,47,132,71,59,128,84,118,124,60,16,108" hai2="14,19,18,34,10,103,32,46,22,74,120,130,3" hai3="54,135,36,50,11,101,29,82,44,51,26,79,125"/><V129/><F74/><W102/><G36/><T17/><D112/><U97/><E118/><V131/><F103/><W9/><G135/><T66/><D73/><U134/><E108/><V67/><F67/><W64/><G64/><T2/><D35/><N who="2" m="13354" /><F46/><W116/><G125/><T41/><D110/><U77/><E128/><V1/><F120/><W113/><G113/><T58/><D2/><U52/><E124/><V55/><F55/><W24/><G116/><T20/><D100/><N who="3" m="38505" /><G51/><T7/><D41/><U65/><E97/><V126/><F126/><W98/><G98/><T42/><D42/><U69/><E16/><V40/><F40/><W0/><G0/><T115/><D115/><U61/><E77/><V39/><F39/><W37/><G37/><T12/><D87/><U104/><E104/><V49/><F49/><W81/><G79/><T72/><D72/><U45/><E85/><V53/><F53/><W95/><G95/><T99/><D99/><U31/><E31/><V6/><F19/><AGARI ba="0,0" hai="4,5,7,12,15,17,19,20,23,58,63,66,88,89" machi="19" ten="40,5200,0" yaku="9,1,8,1,54,1" doraHai="76" who="0" fromWho="2" sc="204,52,249,0,283,-52,264,0" /><INIT seed="3,0,0,3,4,109" ten="256,249,231,264" oya="3" hai0="2,132,1,66,51,58,77,96,45,110,53,115,15" hai1="112,126,21,68,127,36,44,38,28,98,117,91,4" hai2="108,12,35,88,6,32,81,101,105,69,134,121,103" hai3="8,114,75,24,42,9,16,93,87,113,59,111,26"/><W85/><G75/><T73/><D110/><U83/><E112/><N who="3" m="43114" /><G111/><T72/><D115/><U76/><E68/><V94/><F108/><W60/><G42/><T54/><D132/><U40/><E117/><V100/><F69/><W71/><G71/><T70/><D15/><U79/><E36/><V47/><F134/><W55/><G93/><T80/><D73/><U95/><E4/><V17/><F121/><W131/><G16/><T74/><D74/><U50/><E38/><V106/><F6/><W14/><G14/><T89/><D66/><U130/><E130/><V34/><F81/><W97/><G97/><T22/><D22/><U33/><E21/><V129/><F47/><W102/><G102/><T90/><D70/><U48/><E48/><V120/><F129/><W31/><G131/><T78/><D78/><U13/><E13/><V10/><REACH who="2" step="1"/><F120/><REACH who="2" ten="256,249,221,264" step="2"/><W104/><G59/><T119/><D119/><U92/><E83/><V37/><F37/><W118/><G118/><T56/><D45/><U133/><E133/><V29/><F29/><W7/><G31/><T86/><D72/><U5/><E5/><V19/><F19/><W18/><G18/><T46/><D46/><U82/><E82/><V20/><F20/><W27/><G7/><T52/><D58/><U0/><E0/><V43/><F43/><W128/><G128/><T84/><D1/><U107/><E28/><V30/><F30/><W62/><G8/><T67/><D2/><U125/><E33/><V49/><F49/><W124/><G9/><T25/><D51/><U23/><E50/><V11/><F11/><RYUUKYOKU ba="0,1" sc="256,-10,249,-10,221,30,264,-10" hai2="10,12,17,32,34,35,88,94,100,101,103,105,106" /><INIT seed="4,1,1,5,2,17" ten="246,239,251,254" oya="0" hai0="16,98,13,84,103,106,48,109,11,47,83,97,38" hai1="64,121,69,127,125,10,41,126,32,18,91,61,87" hai2="108,99,90,58,37,67,53,20,117,39,85,113,123" hai3="116,7,19,82,130,31,81,22,44,35,115,93,105"/><T89/><D38/><U45/><E121/><V6/><F108/><W33/><G105/><T133/><D133/><U104/><E104/><V95/><F123/><W15/><G116/><T79/><D109/><U65/><E32/><V92/><F6/><W29/><G130/><T42/><REACH who="0" step="1"/><D97/><REACH who="0" ten="236,239,251,254" step="2"/><U76/><E76/><AGARI ba="1,2" hai="11,13,16,42,47,48,76,79,83,84,89,98,103,106" machi="76" ten="40,7700,0" yaku="1,1,2,1,54,1,53,0" doraHai="17" doraHaiUra="112" who="0" fromWho="1" sc="236,100,239,-80,251,0,254,0" owari="336,43.6,159,-34.1,251,-14.9,254,5.4" /></mjloggm>