<mjloggm ver="2.3"><GO type="225" lobby="0"/><UN n0="%E6%97%A5%E6%9B%9C%E6%97%A5%E3%82%88%E3%82%8A%E3%81%AE%E4%BD%BF%E8%80%85" n1="%E6%B4%BE%E9%81%A3%E3%81%AE%E3%82%B8%E3%83%A3%E3%83%83%E3%82%AF" n2="%6D%75%75%73%61%6E%6D%75" n3="%E3%81%AF%E3%82%88%E3%81%8A%E3%81%98%E3%81%95%E3%82%93" dan="16,17,16,17" rate="2095.42,2186.16,2143.98,2194.09" sx="M,M,F,M"/><TAIKYOKU oya="0"/><INIT seed="0,0,0,1,4,102" ten="250,250,250,250" oya="0" hai0="89,115,14,80,128,20,17,23,12,11,81,100,56" hai1="26,52,94,7,127,46,44,64,105,124,59,88,48" hai2="123,0,78,43,114,8,18,104,37,111,5,129,32" hai3="30,22,60,107,16,103,113,19,45,90,36,55,91"/><T85/><D115/><U38/><E7/><V72/><RYUUKYOKU type="yao9" ba="0,0" sc="250,0,250,0,250,0,250,0" hai2="0,5,8,18,32,37,43,72,78,104,111,114,123,129" /><INIT seed="0,1,0,2,2,126" ten="250,250,250,250" oya="0" hai0="82,80,95,83,13,56,45,118,44,122,94,113,119" hai1="42,35,27,120,5,46,37,123,68,15,39,98,34" hai2="79,133,69,51,20,75,104,135,88,112,115,43,93" hai3="61,110,117,19,96,16,101,30,23,131,21,73,105"/><T52/><D113/><N who="2" m="43594" /><F69/><W24/><G117/><T70/><D122/><U22/><E68/><V63/><F63/><W129/><G110/><T33/><D70/><U103/><E39/><V10/><F51/><W38/><G73/><T2/><D2/><U114/><E114/><V0/><F43/><W102/><G38/><T40/><D33/><U9/><E120/><V76/><F20/><W25/><G102/><T36/><D45/><U49/><E37/><V29/><F10/><W50/><G61/><T85/><D13/><U107/><REACH who="1" step="1"/><E123/><REACH who="1" ten="250,240,250,250" step="2"/><V109/><F109/><W108/><G108/><T99/><D85/><U41/><E41/><V6/><F75/><W84/><G84/><T64/><D64/><U57/><E57/><V81/><F135/><W132/><G132/><T134/><D134/><U67/><E67/><V127/><F133/><W1/><G1/><T18/><D118/><U89/><E89/><V14/><F88/><W86/><G86/><T74/><D119/><U91/><E91/><V7/><F0/><W47/><G30/><AGARI ba="1,1" hai="5,9,15,22,27,30,34,35,42,46,49,98,103,107" machi="30" ten="30,2000,0" yaku="1,1,7,1,53,0" doraHai="126" doraHaiUra="59" who="1" fromWho="3" sc="250,0,240,33,250,0,250,-23" /><INIT seed="1,0,0,3,5,120" ten="250,273,250,227" oya="1" hai0="60,51,117,85,86,67,129,95,108,31,32,102,11" hai1="113,57,61,13,81,91,103,64,10,43,107,90,48" hai2="112,8,122,98,54,94,20,0,127,63,104,68,6" hai3="58,89,128,42,18,24,101,126,27,115,45,47,35"/><U99/><E113/><V41/><F122/><W106/><G115/><T52/><D117/><U26/><E26/><V84/><F112/><W19/><G126/><T75/><D75/><U46/><REACH who="1" step="1"/><E81/><REACH who="1" ten="250,263,250,227" step="2"/><V111/><F127/><W83/><G83/><T2/><D129/><U77/><E77/><V21/><F21/><W87/><G24/><T79/><D79/><U114/><E114/><V110/><F20/><W135/><G27/><T7/><D32/><U29/><E29/><V109/><F109/><W97/><G35/><T78/><D31/><U100/><E100/><V38/><F111/><W93/><G135/><T9/><D78/><U123/><E123/><V70/><F110/><W66/><G128/><T125/><D125/><U118/><E118/><V71/><F104/><W88/><G89/><T131/><D108/><U50/><E50/><V55/><F84/><W65/><G106/><T17/><D131/><U3/><E3/><V82/><F82/><W73/><G73/><T25/><D102/><U39/><E39/><V44/><REACH who="2" step="1"/><F63/><REACH who="2" ten="250,263,240,227" step="2"/><W49/><G87/><T121/><D121/><U72/><E72/><V96/><F96/><W34/><G97/><T14/><D85/><U5/><AGARI ba="0,2" hai="5,10,13,43,46,48,57,61,64,90,91,99,103,107" machi="5" ten="20,7800,0" yaku="1,1,0,1,7,1,53,1" doraHai="120" doraHaiUra="37" who="1" fromWho="1" sc="250,-26,263,98,240,-26,227,-26" /><INIT seed="1,1,0,3,5,43" ten="224,361,214,201" oya="1" hai0="66,46,69,90,51,21,42,121,120,49,76,112,79" hai1="122,106,61,60,17,10,18,89,97,44,94,65,67" hai2="108,47,126,73,93,52,103,20,114,23,38,131,118" hai3="95,28,19,99,22,32,63,134,31,80,40,6,8"/><U14/><E122/><N who="0" m="47209" /><D112/><U87/><E18/><V57/><F114/><W56/><G134/><T133/><D133/><U70/><E106/><V116/><F73/><W2/><G40/><N who="0" m="24775" /><D90/><U41/><E97/><V54/><F108/><W91/><G80/><T117/><D117/><U113/><E113/><V7/><F131/><W4/><G4/><T105/><D105/><U26/><E26/><V82/><F126/><W84/><G32/><T53/><D42/><U15/><E15/><V92/><F7/><W25/><REACH who="3" step="1"/><G84/><REACH who="3" ten="224,361,214,191" step="2"/><T13/><D21/><U81/><E81/><V78/><F23/><W124/><G124/><T27/><D27/><U128/><E128/><V110/><F20/><W39/><G39/><T5/><D5/><U127/><E127/><V11/><F38/><W33/><G33/><T83/><D83/><U29/><E41/><V107/><F82/><W64/><AGARI ba="1,1" hai="2,6,8,19,22,25,28,31,56,63,64,91,95,99" machi="64" ten="20,2700,0" yaku="1,1,0,1,7,1,53,0" doraHai="43" doraHaiUra="109" who="3" fromWho="3" sc="224,-8,361,-14,214,-8,191,40" /><INIT seed="2,0,0,1,0,114" ten="216,347,206,231" oya="2" hai0="99,41,29,35,104,96,52,59,2,46,130,51,100" hai1="81,53,37,44,65,86,98,132,78,58,95,1,106" hai2="125,8,5,122,84,36,124,102,28,15,111,126,116" hai3="115,72,24,71,112,31,12,3,127,79,118,30,91"/><V38/><F122/><W62/><G118/><T73/><D130/><U80/><E1/><V67/><F111/><W25/><G3/><T74/><D2/><U45/><E132/><V129/><F129/><W82/><G127/><T9/><D9/><U123/><E123/><V85/><F116/><W128/><G128/><T47/><D47/><U75/><E65/><V97/><F67/><N who="3" m="41463" /><G12/><T87/><D87/><N who="2" m="33354" /><F28/><W42/><G91/><T69/><D69/><U32/><E32/><V83/><F83/><W39/><G42/><T22/><D35/><U4/><E4/><V63/><F63/><W26/><G39/><T14/><D96/><U88/><E37/><V68/><F68/><W108/><G108/><T103/><D103/><N who="1" m="62839" /><E81/><V43/><F43/><W105/><G105/><AGARI ba="0,0" hai="5,8,15,36,38,97,102,105,124,125,126" m="33354" machi="105" ten="30,1500,0" yaku="18,1" doraHai="114" who="2" fromWho="3" sc="216,0,347,0,206,15,231,-15" /><INIT seed="2,1,0,4,3,49" ten="216,347,221,216" oya="2" hai0="116,8,70,79,111,121,97,130,14,7,48,119,46" hai1="125,18,10,63,11,2,89,131,77,62,85,120,134" hai2="76,98,37,42,53,1,110,26,30,109,129,81,41" hai3="123,92,96,82,128,27,132,6,102,16,34,23,25"/><V78/><F1/><W88/><G123/><T9/><D121/><U4/><E120/><V55/><F98/><W100/><G128/><T38/><D70/><U44/><E134/><V67/><F67/><W95/><G132/><T17/><D38/><U117/><E117/><N who="0" m="45129" /><D130/><U66/><E77/><N who="2" m="29803" /><F129/><W50/><G6/><T21/><D111/><N who="2" m="42506" /><F81/><W43/><G34/><T64/><D64/><U122/><E122/><V65/><F65/><W52/><G43/><N who="2" m="16393" /><F37/><W71/><G71/><T3/><D79/><U0/><E66/><V99/><F99/><N who="3" m="57735" /><G82/><T133/><D97/><U73/><E0/><V54/><F54/><W83/><G83/><T75/><D133/><U105/><E131/><V51/><F51/><W35/><G35/><AGARI ba="1,0" hai="26,30,35,53,55" m="16393,42506,29803" machi="35" ten="30,11600,0" yaku="14,1,10,1,52,2" doraHai="49" who="2" fromWho="3" sc="216,0,347,0,221,119,216,-119" /><INIT seed="2,2,0,1,1,124" ten="216,347,340,97" oya="2" hai0="65,47,125,61,7,106,66,90,98,14,72,116,60" hai1="16,117,75,88,127,112,39,34,40,129,80,91,121" hai2="89,99,3,22,122,85,24,54,84,33,67,57,74" hai3="10,18,128,4,37,51,68,27,62,46,58,23,83"/><V8/><F122/><W86/><G128/><T59/><D72/><U132/><RYUUKYOKU type="yao9" ba="2,0" sc="216,0,347,0,340,0,97,0" hai1="16,34,39,40,75,80,88,91,112,117,121,127,129,132" /><INIT seed="2,3,0,3,5,26" ten="216,347,340,97" oya="2" hai0="60,15,8,41,49,2,114,88,90,46,76,135,16" hai1="127,69,71,132,130,54,86,83,6,28,70,0,117" hai2="124,82,39,89,73,40,52,109,110,121,7,14,63" hai3="113,62,111,55,4,30,29,32,33,128,12,108,3"/><V96/><F121/><W53/><G62/><T122/><D122/><U101/><E117/><V134/><F39/><W19/><G55/><T93/><D114/><U74/><E74/><V94/><F40/><W50/><G53/><T45/><D135/><U97/><E127/><V59/><F124/><W118/><G50/><N who="0" m="26927" /><D2/><U99/><E130/><V75/><F134/><W61/><G61/><T92/><D76/><U5/><E132/><V58/><F58/><W106/><G106/><T44/><D60/><U42/><E42/><V85/><F7/><W107/><G107/><T105/><D105/><U67/><E67/><V21/><F14/><W131/><G4/><T11/><D11/><U77/><E5/><V34/><F34/><N who="3" m="13419" /><G3/><T24/><D24/><U20/><E54/><V10/><F10/><N who="3" m="6551" /><G118/><T22/><D46/><U31/><E6/><V27/><F73/><W78/><G78/><T125/><D125/><U103/><E0/><V68/><F75/><W98/><G98/><T23/><D92/><U84/><E97/><V17/><REACH who="2" step="1"/><F68/><REACH who="2" ten="216,347,330,97" step="2"/><W112/><G111/><T47/><D47/><U126/><E126/><V81/><F81/><W87/><G108/><T57/><D57/><U13/><E71/><V1/><F1/><W51/><G51/><T79/><D49/><U72/><E70/><V115/><F115/><N who="3" m="44107" /><G87/><T119/><D44/><U129/><E69/><V104/><F104/><W36/><G36/><T64/><D119/><U91/><E86/><V80/><F80/><W48/><G48/><T123/><D123/><U35/><E84/><V66/><F66/><W38/><G38/><RYUUKYOKU ba="3,1" sc="216,-15,347,-15,330,15,97,15" hai2="17,21,27,52,59,63,82,85,89,94,96,109,110" hai3="29,30,128,131" /><INIT seed="2,4,1,4,2,18" ten="201,332,345,112" oya="2" hai0="16,118,73,30,100,53,1,22,8,63,86,54,52" hai1="43,20,57,115,45,72,82,75,62,83,97,95,5" hai2="113,101,94,135,38,92,66,70,121,21,99,3,14" hai3="29,93,19,0,128,40,103,35,96,36,61,71,12"/><V46/><F113/><W77/><G128/><T39/><D73/><U47/><E115/><V107/><F121/><W27/><G0/><T10/><D39/><U116/><E116/><V125/><F3/><W88/><G77/><T106/><D118/><U127/><E5/><V134/><F125/><W105/><G40/><T51/><D1/><U50/><E127/><V15/><F66/><W13/><G36/><T120/><D120/><U4/><E4/><V90/><F70/><W37/><G37/><T133/><D133/><N who="2" m="50698" /><F90/><W126/><G126/><T108/><D108/><U111/><E111/><V74/><F74/><W33/><G35/><T114/><D30/><U34/><E34/><V49/><F38/><W124/><G124/><T78/><D63/><U58/><E72/><V80/><F80/><W44/><G44/><T64/><D64/><U102/><E75/><V87/><F87/><W122/><G122/><T119/><D119/><U41/><E20/><V32/><F32/><W117/><G117/><T112/><D112/><U76/><E76/><V98/><F21/><W17/><G12/><N who="2" m="4649" /><F98/><N who="3" m="57639" /><G13/><N who="0" m="9487" /><D114/><U65/><E58/><V79/><F79/><W31/><G29/><T26/><D78/><U59/><E57/><V6/><F6/><W91/><G91/><T123/><D123/><U131/><E131/><V84/><F84/><W130/><G130/><T55/><D86/><U25/><E25/><V85/><F85/><W56/><G71/><T81/><D26/><U89/><E89/><V104/><F104/><W42/><G105/><T132/><D132/><U23/><E23/><V28/><F28/><RYUUKYOKU ba="4,1" sc="201,-15,332,15,345,15,112,-15" hai1="41,43,45,47,50,59,62,65,82,83,95,97,102" hai2="46,49,92,94,99,101,107" /><INIT seed="2,5,1,3,3,12" ten="186,347,360,97" oya="2" hai0="135,131,42,114,30,3,5,108,0,10,92,38,25" hai1="132,72,84,82,110,65,115,79,118,58,13,105,50" hai2="53,134,57,104,119,100,75,7,88,64,87,85,59" hai3="128,80,28,126,48,133,45,52,90,106,95,55,86"/><V47/><F119/><W17/><G126/><T56/><D114/><U96/><E115/><V31/><F75/><W127/><G128/><T68/><D68/><U94/><E118/><V77/><F134/><W116/><G133/><T101/><D135/><U35/><E35/><V11/><F104/><W61/><G127/><T76/><D131/><U69/><E110/><V123/><F123/><W93/><G106/><T112/><D112/><U18/><E132/><V71/><F100/><W63/><G116/><T29/><D108/><U37/><E37/><V66/><F71/><W70/><G28/><T124/><D124/><U107/><E69/><V14/><F31/><W19/><G70/><T43/><D3/><U113/><E113/><V9/><F9/><W111/><G111/><T109/><D109/><U130/><E130/><V129/><F129/><W41/><G41/><T83/><D56/><N who="2" m="21578" /><F77/><N who="3" m="46351" /><G95/><T4/><D4/><U40/><E72/><V125/><F125/><W98/><G55/><T8/><D38/><U1/><E1/><V27/><F27/><W51/><G51/><T103/><D25/><U22/><E40/><V89/><F87/><W120/><G120/><T60/><D42/><U67/><E105/><V26/><F26/><W15/><G15/><T36/><D43/><U24/><E107/><V91/><F85/><W74/><G74/><T117/><D36/><U21/><E96/><V6/><F6/><W78/><G78/><T102/><D117/><U81/><E81/><V33/><F33/><W99/><G98/><N who="0" m="59591" /><D76/><U2/><E2/><V39/><F7/><W44/><G44/><RYUUKYOKU ba="5,1" sc="186,-10,347,-10,360,-10,97,30" hai3="17,19,45,48,52,61,63,90,93,99" /><INIT seed="3,6,1,1,3,57" ten="176,337,350,127" oya="3" hai0="81,40,86,60,26,129,16,127,121,27,66,63,113" hai1="17,65,95,123,0,44,102,45,34,28,90,79,134" hai2="84,47,69,106,56,104,124,41,7,37,12,116,70" hai3="68,125,83,111,76,21,88,9,8,89,132,115,131"/><W48/><G115/><T133/><D121/><U80/><E123/><V94/><F116/><W59/><G68/><T126/><D113/><U3/><E34/><V105/><F124/><N who="0" m="47658" /><D129/><U85/><E28/><V82/><F94/><W119/><G119/><T73/><D133/><U55/><E65/><V31/><F31/><W24/><G125/><T1/><D1/><U4/><E102/><V118/><F118/><W108/><G132/><T22/><D73/><U35/><E35/><V58/><F7/><W122/><G122/><T14/><D40/><U100/><E100/><V128/><F128/><W74/><G131/><T110/><D110/><N who="3" m="42025" /><G48/><T72/><D72/><U107/><E107/><V10/><F70/><W20/><G20/><N who="0" m="11287" /><D66/><U135/><E135/><V6/><F69/><W5/><G59/><T120/><D120/><U13/><E134/><V112/><F112/><W117/><G117/><T52/><D52/><U71/><E71/><V77/><AGARI ba="6,1" hai="6,10,12,37,41,47,56,58,77,82,84,104,105,106" machi="77" ten="30,1100,0" yaku="0,1" doraHai="57" who="2" fromWho="2" sc="176,-9,337,-9,350,39,127,-11" owari="167,-23.3,328,12.8,389,48.9,116,-38.4" /></mjloggm>