<mjloggm ver="2.3"><GO type="225" lobby="0"/><UN n0="%E5%AF%82%E5%AF%9E%E3%82%AE%E3%83%8D%E3%82%B9%E3%83%93%E3%83%BC%E3%83%AB" n1="%E3%81%82%E3%81%99%E3%81%AB%E3%82%83%E3%82%80" n2="%E3%83%AD%E3%83%83%E3%83%86%E9%9B%80%E7%90%83" n3="%6D%75%75%6D%75%72%61" dan="16,16,17,16" rate="2165.40,2053.91,2248.21,2123.80" sx="M,F,M,F"/><TAIKYOKU oya="0"/><INIT seed="0,0,0,5,3,101" ten="250,250,250,250" oya="0" hai0="13,14,0,129,65,7,57,60,82,56,69,105,77" hai1="134,87,122,78,117,133,32,121,52,99,132,62,21" hai2="63,109,48,130,97,38,102,120,95,26,58,31,104" hai3="35,9,1,90,2,11,68,33,108,80,28,110,34"/><T88/><D129/><U111/><E32/><V114/><F109/><N who="3" m="42091" /><G68/><T15/><D105/><U75/><E111/><V61/><F38/><W12/><G90/><T85/><REACH who="0" step="1"/><D77/><REACH who="0" ten="240,250,250,250" step="2"/><U44/><E78/><V70/><F130/><W64/><G80/><T89/><D89/><U116/><E121/><V25/><F120/><W83/><G83/><T59/><D59/><U84/><E122/><V51/><F104/><W54/><G35/><T42/><D42/><U100/><E116/><V91/><F91/><W74/><G34/><T37/><D37/><U124/><E117/><V43/><F43/><W123/><G123/><T128/><D128/><U67/><E132/><V53/><F58/><W127/><G33/><T115/><D115/><U98/><E133/><V131/><F114/><W10/><G2/><T96/><D96/><U19/><E99/><V55/><F97/><W8/><G1/><T30/><D30/><U6/><E98/><V16/><F31/><W47/><G28/><T94/><D94/><U73/><E134/><V18/><F95/><W41/><G41/><T3/><D3/><U29/><E29/><V86/><F131/><W107/><G107/><T27/><D27/><U125/><E100/><V20/><F102/><W23/><G12/><T106/><D106/><U22/><E44/><V93/><F93/><W112/><G112/><T45/><D45/><U17/><E124/><V118/><F118/><W135/><G127/><T126/><D126/><U92/><E125/><V24/><F24/><W81/><G135/><T39/><D39/><U40/><E92/><V119/><F119/><RYUUKYOKU ba="0,1" sc="240,30,250,-10,250,-10,250,-10" hai0="0,7,13,14,15,56,57,60,65,69,82,85,88" /><INIT seed="0,1,1,1,2,18" ten="270,240,240,240" oya="0" hai0="14,17,60,52,30,15,57,51,40,70,134,76,72" hai1="127,112,84,49,114,108,130,100,42,28,31,2,20" hai2="1,21,67,87,106,5,69,8,9,3,95,16,10" hai3="115,121,68,12,111,131,46,101,77,90,0,99,59"/><T26/><D134/><U62/><E108/><V89/><F106/><W129/><G68/><T123/><D123/><U88/><E2/><V98/><F3/><W55/><G0/><T96/><D17/><U122/><E122/><V135/><F135/><W56/><G121/><T50/><D96/><U103/><E130/><V37/><F37/><W4/><G111/><T113/><D113/><N who="1" m="43627" /><E127/><V74/><F74/><W116/><G115/><T109/><D109/><U75/><E75/><V65/><F98/><W81/><G116/><T32/><D40/><U79/><E79/><V97/><F97/><W47/><G90/><T105/><D105/><U117/><E62/><V19/><F19/><W43/><G4/><T85/><D72/><U41/><E31/><V35/><F35/><W6/><G6/><T7/><D7/><U133/><E117/><V53/><F53/><W93/><G12/><T54/><D70/><U71/><E71/><V23/><F23/><W36/><G46/><T119/><D119/><U124/><E124/><V64/><REACH who="2" step="1"/><F69/><REACH who="2" ten="270,240,230,240" step="2"/><W132/><G132/><T91/><D54/><U13/><E133/><V58/><F58/><W107/><G107/><T45/><D52/><U63/><E41/><V22/><F22/><W44/><G43/><T86/><D57/><N who="3" m="22089" /><G55/><T11/><D32/><U27/><E42/><V83/><F83/><W73/><G36/><T33/><D33/><U78/><E49/><V92/><F92/><W104/><G104/><T128/><D51/><U39/><E39/><V66/><N who="2" m="16384" /><DORA hai="118" /><V126/><F126/><W38/><G38/><T82/><D50/><RYUUKYOKU ba="1,2" sc="270,-15,240,-15,230,15,240,15" hai2="1,5,8,9,10,16,21,87,89,95" hai3="44,47,73,77,81,93,99,101,129,131" /><INIT seed="1,2,2,4,5,91" ten="255,225,245,255" oya="1" hai0="19,87,79,106,29,81,59,77,14,3,89,30,22" hai1="119,129,4,6,51,131,73,53,123,118,58,103,102" hai2="31,39,12,48,54,92,126,121,94,70,27,67,11" hai3="125,105,23,7,40,18,111,26,85,84,62,97,132"/><U100/><E73/><V9/><F121/><W68/><G111/><T130/><D106/><U55/><E123/><V128/><F39/><W10/><G132/><T115/><D115/><U107/><E107/><V134/><F134/><W82/><G125/><T109/><D3/><U15/><E15/><V120/><F120/><W95/><G105/><T113/><D113/><U13/><E13/><V16/><F126/><W20/><G40/><T117/><D117/><N who="1" m="44555" /><E58/><V88/><F128/><N who="1" m="49225" /><E51/><V49/><F9/><W122/><G23/><T17/><D130/><U76/><E76/><N who="0" m="29257" /><D109/><U21/><E21/><N who="2" m="15855" /><F70/><W56/><G68/><T99/><D59/><U28/><E28/><N who="0" m="10857" /><D19/><U34/><E34/><V33/><F33/><W75/><G122/><T108/><D108/><U80/><E80/><V42/><F67/><N who="3" m="39367" /><G82/><T64/><D64/><U133/><E133/><V112/><F112/><W52/><G75/><T114/><D114/><U41/><E41/><V72/><F72/><W116/><G116/><T43/><D43/><U44/><E44/><N who="2" m="25623" /><F88/><N who="3" m="55527" /><G52/><AGARI ba="2,2" hai="4,6,52,53,55,100,102,103" m="49225,44555" machi="52" ten="40,12000,1" yaku="28,2,19,1,54,1" doraHai="91" who="1" fromWho="3" sc="255,0,225,146,245,0,255,-126" /><INIT seed="1,3,0,4,0,88" ten="255,371,245,129" oya="1" hai0="82,86,49,18,47,64,76,65,91,51,33,29,35" hai1="0,21,40,118,12,110,119,134,77,53,103,113,48" hai2="102,90,7,26,6,9,73,135,104,131,94,37,98" hai3="19,28,32,8,56,122,123,1,24,10,97,125,46"/><U105/><E113/><V36/><F131/><W111/><G111/><T57/><D35/><U34/><E0/><V126/><F135/><W58/><G125/><T89/><D33/><U67/><E34/><V45/><F126/><W16/><G46/><T132/><D29/><U54/><E134/><V128/><F128/><W95/><G122/><T23/><D132/><U4/><E77/><V42/><F73/><W68/><G68/><T13/><D51/><U84/><E84/><V31/><F37/><W96/><G123/><T60/><REACH who="0" step="1"/><D65/><REACH who="0" ten="245,371,245,129" step="2"/><U2/><E67/><V124/><F124/><W66/><G66/><T133/><D133/><U114/><E48/><V100/><F31/><W41/><G32/><T74/><D74/><U71/><E118/><V81/><F36/><W39/><G28/><T107/><D107/><U63/><E105/><V127/><F104/><W79/><G39/><T115/><D115/><U108/><E114/><V50/><F127/><W15/><G41/><AGARI ba="3,1" hai="13,18,23,41,47,49,57,60,64,76,82,86,89,91" machi="41" ten="30,3900,0" yaku="1,1,7,1,8,1,53,0" doraHai="88" doraHaiUra="130" who="0" fromWho="3" sc="245,58,371,0,245,0,129,-48" /><INIT seed="2,0,0,1,1,1" ten="303,371,245,81" oya="2" hai0="54,120,130,9,24,93,20,25,115,97,101,18,33" hai1="92,82,80,68,13,128,59,32,43,51,56,123,5" hai2="87,106,34,96,41,100,127,81,52,88,84,6,27" hai3="107,11,109,14,29,89,134,62,90,105,132,72,58"/><V98/><F127/><W129/><G72/><T53/><D115/><U12/><E68/><V39/><F98/><W3/><G3/><T78/><D120/><U77/><E32/><V122/><F122/><W69/><G69/><T74/><D130/><U60/><E128/><V15/><F41/><W26/><G129/><T19/><D33/><U79/><E92/><V73/><F39/><W71/><G71/><T48/><D74/><U112/><E112/><V116/><F116/><W66/><G109/><T83/><D48/><U102/><E102/><V37/><F37/><W55/><G66/><T22/><REACH who="0" step="1"/><D9/><REACH who="0" ten="293,371,245,81" step="2"/><U21/><E51/><V10/><F73/><W8/><G8/><T85/><AGARI ba="0,1" hai="18,19,20,22,24,25,53,54,78,83,85,93,97,101" machi="85" ten="20,12000,2" yaku="1,1,2,1,0,1,7,1,9,1,8,1,53,0" doraHai="1" doraHaiUra="35" who="0" fromWho="0" sc="293,130,371,-30,245,-60,81,-30" /><INIT seed="3,0,0,0,0,16" ten="423,341,185,51" oya="3" hai0="5,63,50,36,69,24,126,93,47,115,15,8,91" hai1="42,13,27,122,49,54,118,95,96,10,35,33,45" hai2="135,68,106,133,75,9,119,76,86,108,65,43,40" hai3="77,80,12,31,4,26,28,103,59,52,128,62,84"/><W121/><G128/><T17/><D36/><U123/><E118/><V114/><F108/><W67/><G121/><T127/><D115/><U0/><E0/><V110/><F110/><W58/><G103/><T48/><D24/><U90/><E35/><V102/><F114/><W1/><G1/><T71/><D5/><U32/><E32/><V55/><F75/><W82/><G82/><T44/><D44/><U88/><E90/><V6/><F119/><W60/><REACH who="3" step="1"/><G26/><REACH who="3" ten="423,341,185,41" step="2"/><T81/><D81/><U131/><E131/><V38/><F102/><W105/><G105/><T124/><D126/><U130/><E130/><V74/><F106/><W53/><G53/><T99/><D127/><U25/><E25/><V2/><F55/><W94/><G94/><T79/><D124/><U112/><E112/><V83/><F43/><W73/><G73/><T56/><D93/><U89/><E54/><V20/><F40/><W116/><G116/><T107/><D107/><U51/><E27/><V19/><F74/><W41/><G41/><T29/><D15/><U85/><E33/><V120/><F120/><W21/><G21/><T134/><D8/><AGARI ba="0,1" hai="4,8,12,28,31,52,58,59,60,62,67,77,80,84" machi="8" ten="40,7700,0" yaku="1,1,8,1,54,1,53,0" doraHai="16" doraHaiUra="92" who="3" fromWho="0" sc="423,-77,341,0,185,0,41,87" /><INIT seed="3,1,0,1,0,46" ten="346,341,185,128" oya="3" hai0="112,102,27,101,18,24,4,79,116,100,62,23,47" hai1="76,73,16,3,114,8,2,7,63,122,60,36,32" hai2="64,56,10,83,21,9,95,37,78,44,120,129,130" hai3="48,132,126,113,74,131,45,14,35,5,127,119,34"/><W40/><G113/><T65/><D116/><U69/><E114/><V31/><F120/><W85/><G119/><T15/><D112/><U92/><E32/><V26/><F95/><W0/><G74/><T98/><D79/><U103/><E3/><V11/><F64/><W19/><G131/><N who="2" m="50185" /><F56/><W25/><G132/><T58/><D4/><U70/><E122/><V93/><F93/><W52/><G0/><T39/><REACH who="0" step="1"/><D98/><REACH who="0" ten="336,341,185,128" step="2"/><U124/><E36/><V77/><F77/><W135/><G5/><T13/><D13/><U72/><E124/><N who="3" m="47658" /><G135/><T53/><D53/><U88/><E103/><V94/><F78/><W1/><G1/><T128/><D128/><U55/><E76/><V134/><F37/><N who="3" m="21647" /><G85/><T54/><D54/><U115/><E73/><V29/><F134/><W30/><G14/><T67/><D67/><U123/><E72/><V50/><F26/><W106/><G106/><T41/><AGARI ba="1,1" hai="15,18,23,24,27,39,41,47,58,62,65,100,101,102" machi="41" ten="30,4000,0" yaku="1,1,0,1,53,1" doraHai="46" doraHaiUra="42" who="0" fromWho="0" sc="336,53,341,-11,185,-11,128,-21" owari="389,48.9,330,13.0,174,-22.6,107,-39.3" /></mjloggm>