<mjloggm ver="2.3"><GO type="225" lobby="0"/><UN n0="%EF%BC%AE%EF%BC%A1%EF%BC%AF%33%33%39" n1="%E5%8F%AF%E5%85%90%E9%82%A3%E7%94%B1%E5%A4%9A" n2="%E3%81%8B%E3%82%8F%E3%81%A1%E3%82%83%E3%82%93%35%38" n3="%E3%81%86%E3%82%8C%E3%81%9F%E3%82%93%E6%9E%95" dan="16,17,17,16" rate="2055.21,2234.96,2136.74,2118.81" sx="M,F,M,F"/><TAIKYOKU oya="0"/><INIT seed="0,0,0,2,4,30" ten="250,250,250,250" oya="0" hai0="4,42,73,16,130,125,15,61,29,34,51,49,78" hai1="36,127,90,3,82,109,67,84,74,26,120,119,88" hai2="9,113,116,75,18,48,135,28,66,110,60,32,57" hai3="46,59,33,102,105,97,104,103,64,52,83,54,68"/><T86/><D73/><U85/><E119/><V89/><F113/><W20/><G33/><T107/><D107/><U27/><E120/><V31/><F75/><W50/><G68/><T96/><D4/><U71/><E74/><V8/><F110/><W55/><G20/><T53/><D96/><U118/><E118/><V132/><F116/><W41/><G83/><T124/><D130/><U35/><E3/><V134/><F89/><W122/><G122/><T91/><D78/><U43/><E109/><V80/><F80/><W129/><G129/><T14/><D14/><U123/><E123/><V98/><F98/><W70/><G70/><T58/><D42/><U126/><E67/><V23/><F48/><W11/><G11/><N who="2" m="4169" /><F32/><W7/><G7/><T40/><D40/><U121/><E71/><V133/><N who="2" m="33792" /><DORA hai="99" /><V47/><F47/><W95/><REACH who="3" step="1"/><G103/><REACH who="3" ten="250,250,250,240" step="2"/><T45/><D34/><U101/><E101/><V0/><F0/><W128/><G128/><T25/><D124/><N who="1" m="47659" /><E121/><V2/><F2/><W63/><AGARI ba="0,1" hai="41,46,50,52,54,55,59,63,64,95,97,102,104,105" machi="63" ten="30,7900,0" yaku="1,1,0,1,52,1,54,1,53,0" doraHai="30,99" doraHaiUra="22,114" who="3" fromWho="3" sc="250,-39,250,-20,250,-20,240,89" /><INIT seed="1,0,0,3,3,62" ten="211,230,230,329" oya="1" hai0="61,14,90,91,102,103,122,40,110,38,45,0,77" hai1="26,7,69,82,41,53,32,47,13,88,112,33,79" hai2="108,12,19,37,24,132,92,56,16,83,51,43,70" hai3="76,48,44,5,36,75,35,17,106,68,109,114,129"/><U72/><E112/><V97/><F70/><W89/><G106/><T78/><D0/><U15/><E69/><V117/><F117/><W107/><G107/><T50/><D38/><U116/><E116/><V93/><F37/><W11/><G89/><N who="0" m="33803" /><D110/><U125/><E125/><V8/><F108/><W57/><G17/><T80/><D122/><U39/><E53/><V127/><F127/><W135/><G57/><T34/><D34/><U87/><E26/><V131/><F131/><W23/><G76/><N who="0" m="29291" /><D80/><U98/><E98/><V20/><F132/><W99/><G44/><T126/><D126/><U58/><E58/><V4/><F83/><W55/><G23/><T27/><D27/><U49/><E39/><V52/><F43/><W1/><G68/><T85/><D85/><U86/><E86/><V25/><F97/><W22/><G99/><T28/><D28/><U81/><REACH who="1" step="1"/><E15/><REACH who="1" ten="211,220,230,329" step="2"/><N who="2" m="5511" /><F25/><W66/><G36/><T133/><D133/><U96/><E96/><V31/><F31/><W3/><G135/><T6/><D14/><U60/><E60/><V18/><F18/><W105/><G55/><T101/><D61/><U94/><E94/><V30/><F30/><W73/><G1/><T71/><D71/><U46/><E46/><V130/><F130/><W9/><G129/><T113/><D113/><U95/><E95/><V123/><F123/><W118/><G114/><T74/><D102/><U65/><E65/><V21/><AGARI ba="0,1" hai="12,16,19,20,21,24,51,52,56,92,93" m="5511" machi="21" ten="30,4000,0" yaku="8,1,54,2" doraHai="62" who="2" fromWho="2" sc="211,-10,220,-20,230,50,329,-10" /><BYE who="1" /><UN n1="%E5%8F%AF%E5%85%90%E9%82%A3%E7%94%B1%E5%A4%9A" /><INIT seed="2,0,0,5,4,127" ten="201,200,280,319" oya="2" hai0="66,45,63,123,89,26,7,4,27,88,73,98,87" hai1="104,95,56,62,22,90,28,100,29,49,121,21,0" hai2="106,109,38,37,11,129,58,105,92,20,17,108,10" hai3="99,32,1,57,13,131,35,118,97,30,69,80,102"/><V86/><F58/><W36/><G118/><T64/><D73/><U128/><E0/><V25/><F92/><W54/><G1/><T96/><D45/><U84/><E128/><V46/><F86/><W111/><G69/><T93/><D123/><U59/><E121/><V50/><F106/><W74/><G36/><N who="2" m="13929" /><F105/><W23/><G131/><T135/><D135/><U82/><E104/><V53/><F129/><W14/><G74/><T91/><D87/><U41/><E29/><V113/><F113/><W116/><G80/><T47/><D47/><N who="1" m="25839" /><E28/><V68/><F68/><W125/><G13/><T52/><D93/><U94/><E56/><V34/><F34/><W15/><G57/><N who="0" m="35239" /><D64/><N who="1" m="39007" /><E95/><V101/><F101/><W70/><G30/><T40/><D66/><U16/><E16/><V5/><F5/><N who="0" m="2122" /><D40/><U115/><E115/><V83/><F83/><W126/><G116/><T12/><D12/><U122/><E122/><V60/><F60/><W112/><G14/><T119/><D119/><U81/><E81/><V3/><F3/><W48/><G70/><T6/><N who="0" m="2130" /><T65/><DORA hai="44" /><D65/><U114/><E114/><V18/><F18/><W117/><G112/><T76/><D76/><N who="1" m="46151" /><E100/><V24/><F24/><AGARI ba="0,0" hai="24,26,27,88,89,91,96,98" m="2130,35239" machi="24" ten="40,5200,0" yaku="8,1,54,2" doraHai="127,44" who="0" fromWho="2" sc="201,52,200,0,280,-52,319,0" /><INIT seed="3,0,0,2,2,67" ten="253,200,228,319" oya="3" hai0="51,21,42,72,65,57,77,93,116,89,43,119,131" hai1="14,70,63,40,33,129,30,44,108,47,114,20,54" hai2="115,45,104,74,82,73,107,88,92,19,135,32,7" hai3="25,117,75,17,0,64,134,132,60,128,83,55,66"/><W38/><G117/><T101/><D101/><U37/><E114/><V102/><F32/><W121/><G128/><T52/><D131/><U86/><E129/><V35/><F35/><W112/><G0/><T105/><D105/><N who="2" m="40522" /><F19/><W31/><G121/><T98/><D72/><N who="2" m="27754" /><F45/><W15/><G112/><T49/><D77/><U80/><E33/><V118/><F7/><W126/><G126/><T5/><D5/><U69/><E108/><V123/><F115/><W127/><G127/><T61/><D119/><U81/><E81/><V76/><F118/><W84/><G75/><T87/><D98/><U130/><E130/><V18/><F18/><W8/><G38/><T46/><D116/><U106/><E106/><V85/><F135/><N who="3" m="51755" /><G55/><T71/><REACH who="0" step="1"/><D21/><REACH who="0" ten="243,200,228,319" step="2"/><U100/><E100/><V78/><F123/><W103/><G103/><T26/><D26/><U27/><E14/><V50/><F50/><W122/><G25/><T12/><D12/><U99/><E99/><AGARI ba="0,1" hai="76,78,82,85,88,92,99,102" m="27754,40522" machi="99" ten="30,12000,2" yaku="35,5,54,1" doraHai="67" who="2" fromWho="1" sc="243,0,200,-120,228,130,319,0" owari="243,-15.7,80,-42.0,358,45.8,319,11.9" /></mjloggm>