<mjloggm ver="2.3"><GO type="225" lobby="0"/><UN n0="%E3%81%86%E3%81%A9%E3%82%93%E3%81%93" n1="%72%69%6F%75%63%68%61%6E" n2="%E3%81%8B%E3%82%8F%E3%81%A1%E3%82%83%E3%82%93%35%38" n3="%E3%81%BF%E3%81%BF%E3%81%9A" dan="16,17,17,18" rate="2123.47,2243.43,2247.61,2262.28" sx="M,M,M,M"/><TAIKYOKU oya="0"/><INIT seed="0,0,0,0,3,111" ten="250,250,250,250" oya="0" hai0="75,20,48,69,15,39,104,113,38,133,43,22,124" hai1="98,99,131,18,28,68,119,42,128,54,93,35,13" hai2="88,31,114,87,62,81,47,45,21,122,126,10,100" hai3="74,85,112,24,19,66,106,52,32,40,6,127,58"/><T64/><D104/><U7/><E119/><V108/><F122/><W29/><G74/><T102/><D75/><U107/><E68/><V41/><F108/><W134/><G106/><T30/><D133/><U33/><E42/><V46/><F126/><W80/><G134/><T97/><D124/><U17/><E107/><V109/><F109/><W117/><G117/><T101/><D48/><U83/><E83/><V135/><F135/><W123/><G127/><T50/><D50/><U56/><E7/><V115/><F41/><W132/><G40/><T1/><D1/><U4/><E4/><V23/><F100/><W92/><G132/><T71/><D43/><U3/><E3/><V86/><F10/><W36/><G66/><T82/><D82/><U9/><E18/><V0/><F0/><W11/><G36/><T55/><D64/><U84/><E84/><V96/><F96/><N who="1" m="36905" /><E93/><V103/><F103/><W59/><G92/><T5/><D5/><U67/><E28/><V125/><F125/><W8/><G123/><T76/><D97/><U25/><E25/><V78/><F31/><W49/><G59/><T65/><D30/><U34/><E67/><V26/><F26/><W94/><G94/><T105/><D65/><U63/><E34/><V120/><F120/><W95/><G95/><T89/><D69/><U60/><E63/><V118/><F118/><W2/><G8/><T110/><D71/><U90/><E90/><V77/><F62/><W61/><G61/><T14/><D110/><U27/><E33/><V72/><F72/><W57/><G2/><T130/><D102/><RYUUKYOKU ba="0,0" sc="250,-10,250,30,250,-10,250,-10" hai1="9,13,17,27,35,54,56,60,128,131" /><INIT seed="1,1,0,1,0,4" ten="240,280,240,240" oya="1" hai0="130,108,110,17,5,79,116,49,89,112,12,61,14" hai1="98,67,95,92,18,97,85,69,24,34,58,134,127" hai2="122,29,102,80,56,43,7,6,54,82,11,62,20" hai3="31,124,25,51,131,70,96,47,42,126,55,106,129"/><U93/><E69/><V133/><F122/><W118/><G106/><T38/><D38/><U9/><E127/><N who="3" m="48682" /><G96/><T71/><D112/><U72/><E72/><V77/><F133/><W66/><G118/><T30/><D116/><U60/><E134/><V113/><F113/><W37/><G25/><T46/><D30/><U27/><E85/><V21/><F102/><W52/><G31/><T28/><D28/><U107/><E34/><V103/><F103/><W0/><G0/><T33/><D33/><U1/><E107/><V100/><F100/><W44/><G55/><T10/><D79/><U87/><E87/><V64/><F43/><W91/><G91/><T88/><D130/><U3/><E3/><V41/><F41/><W26/><G26/><N who="1" m="9770" /><E1/><V125/><F125/><W73/><G73/><T111/><D61/><AGARI ba="1,0" hai="37,42,44,47,51,52,61,66,70,129,131" m="48682" machi="61" ten="30,7700,0" yaku="18,1,34,2,54,1" doraHai="4" who="3" fromWho="0" sc="240,-80,280,0,240,0,240,80" /><INIT seed="2,0,0,4,1,107" ten="160,280,240,320" oya="2" hai0="97,43,133,75,95,14,23,1,47,41,121,69,130" hai1="77,115,129,76,9,80,99,24,106,70,61,4,16" hai2="37,18,126,89,73,52,15,32,30,102,72,125,5" hai3="109,127,19,33,42,86,103,82,62,124,120,93,7"/><V50/><F37/><W132/><G120/><T78/><D1/><U22/><E115/><V98/><F5/><W3/><G33/><T91/><D121/><U94/><E129/><V87/><F30/><W8/><G132/><T110/><D130/><U55/><E106/><V36/><F36/><W60/><G42/><T57/><D69/><U39/><E39/><V26/><F26/><W108/><G19/><T96/><D133/><U29/><E29/><V45/><F32/><W111/><G93/><T88/><D110/><U101/><E55/><V11/><F98/><W128/><G103/><T54/><D78/><U35/><E35/><V123/><F102/><W131/><G128/><T114/><D114/><U74/><E77/><V134/><F123/><W117/><G117/><T21/><D75/><N who="2" m="28746" /><F134/><W112/><G112/><T118/><D118/><U12/><E70/><V53/><F53/><W122/><G122/><T66/><D66/><U92/><E94/><V104/><F104/><W31/><G31/><T40/><D47/><U100/><E61/><N who="3" m="23658" /><G131/><T2/><D2/><U20/><E20/><V48/><F48/><W58/><G58/><T46/><D46/><U17/><E101/><V63/><F63/><W6/><G7/><T90/><D90/><AGARI ba="0,0" hai="3,6,8,82,86,90,108,109,111,124,127" m="23658" machi="90" ten="40,1300,0" yaku="14,1" doraHai="107" who="3" fromWho="0" sc="160,-13,280,0,240,0,320,13" /><INIT seed="3,0,0,1,2,109" ten="147,280,240,333" oya="3" hai0="44,33,117,49,43,92,93,23,67,122,90,101,84" hai1="100,131,34,95,121,0,82,16,107,108,135,115,110" hai2="129,105,13,120,87,58,89,119,42,54,62,2,63" hai3="91,40,14,86,128,125,102,39,116,55,72,17,96"/><W73/><G116/><T104/><D117/><U21/><E115/><V98/><F129/><W61/><G125/><T50/><D33/><U88/><E121/><V77/><F2/><W75/><G128/><T7/><D122/><U70/><E131/><V27/><F119/><W76/><G76/><T69/><D104/><U11/><E34/><V113/><F120/><W52/><G39/><T38/><D38/><U45/><E70/><V18/><F105/><W22/><G40/><T20/><D69/><U66/><E66/><V65/><F42/><W133/><G133/><T68/><D68/><U26/><E135/><V46/><F27/><W41/><G41/><T51/><D67/><U25/><E82/><V81/><F113/><W4/><G4/><T60/><D60/><U127/><E107/><V31/><F31/><W15/><G15/><T79/><D79/><U134/><E134/><V85/><F98/><W5/><G5/><T29/><D7/><N who="1" m="1511" /><E100/><V123/><F123/><W59/><G55/><T57/><D29/><U36/><E36/><V94/><F46/><W9/><G9/><T12/><D57/><U6/><E6/><V106/><F106/><W130/><G130/><T80/><D23/><U132/><E132/><V3/><F3/><W1/><G1/><T56/><D101/><U103/><E103/><V8/><REACH who="2" step="1"/><F63/><REACH who="2" ten="147,280,230,333" step="2"/><W32/><G96/><T114/><D114/><U126/><E26/><V24/><F24/><W10/><G61/><T35/><D35/><U47/><E25/><V37/><F37/><W99/><G32/><T48/><D48/><U118/><E118/><RYUUKYOKU ba="0,1" sc="147,-10,280,-10,230,30,333,-10" hai2="8,13,18,54,58,62,65,77,81,85,87,89,94" owari="137,-36.3,270,7.0,260,-14.0,333,43.3" /></mjloggm>