<mjloggm ver="2.3"><GO type="225" lobby="0"/><UN n0="%E6%B8%A9%E2%98%85%E6%83%85%E2%98%85%E6%8E%AA%E2%98%85%E7%BD%AE" n1="%E5%B0%8F%E9%B3%A5%E9%81%8A%E7%B7%B4%E7%84%A1%32%31%E6%AD%B3" n2="%E5%8D%A0%E3%81%84%E5%B8%AB%E8%A3%8F%E3%81%AA%E3%81%84%E3%81%97" n3="%4C%4F%4C%49%54%41" dan="17,16,16,16" rate="2208.11,2206.68,2114.14,2192.95" sx="M,F,M,F"/><TAIKYOKU oya="0"/><INIT seed="0,0,0,3,3,77" ten="250,250,250,250" oya="0" hai0="134,48,95,60,81,61,45,127,26,11,12,25,103" hai1="23,110,133,30,111,131,93,2,31,39,89,6,0" hai2="10,36,22,37,79,80,114,17,34,86,33,65,123" hai3="46,49,100,96,69,90,53,52,58,74,121,5,87"/><T109/><D109/><N who="1" m="41483" /><E39/><V63/><F123/><W29/><G121/><T50/><D134/><U108/><E133/><V75/><F114/><W122/><G122/><T41/><D127/><U125/><E125/><V112/><F112/><W67/><G74/><T14/><D50/><U27/><E131/><V72/><F72/><W129/><G129/><T83/><D61/><U73/><E73/><V57/><F10/><W70/><G29/><T35/><D60/><U56/><E56/><V105/><F105/><W20/><G67/><T54/><D35/><U71/><E71/><V113/><F113/><W88/><G5/><N who="0" m="3183" /><D41/><U132/><E132/><V66/><F66/><W32/><G20/><T28/><D14/><U118/><E118/><V24/><REACH who="2" step="1"/><F75/><REACH who="2" ten="250,250,240,250" step="2"/><W92/><G32/><AGARI ba="0,1" hai="17,22,24,32,33,34,36,37,57,63,65,79,80,86" machi="32" ten="40,5200,0" yaku="1,1,2,1,52,1,53,0" doraHai="77" doraHaiUra="8" who="2" fromWho="3" sc="250,0,250,0,240,62,250,-52" /><INIT seed="1,0,0,1,2,123" ten="250,250,302,198" oya="1" hai0="61,74,122,18,62,81,38,108,52,48,15,117,97" hai1="58,57,59,82,24,65,8,78,20,129,100,5,96" hai2="131,66,125,133,110,73,86,93,4,85,116,76,127" hai3="109,72,46,2,3,12,98,68,95,64,22,11,94"/><U104/><E129/><V1/><F116/><W40/><G72/><T47/><D117/><U36/><E36/><V51/><F73/><W14/><G14/><T121/><BYE who="3" /><D108/><UN n3="%4C%4F%4C%49%54%41" /><U32/><E32/><V69/><F131/><W107/><G107/><T132/><D132/><U105/><E65/><V128/><F128/><W39/><G22/><T19/><D38/><U91/><E91/><V30/><F133/><W29/><G29/><T9/><D97/><U33/><E33/><V115/><F115/><W45/><G94/><T101/><D101/><U25/><E105/><V88/><F30/><W28/><G28/><T102/><D19/><U79/><E20/><V84/><F110/><W41/><G109/><T37/><D37/><U17/><E17/><V112/><F112/><W55/><G55/><T7/><D102/><U34/><E34/><V54/><F66/><W130/><G130/><T80/><D7/><U92/><E104/><V90/><F69/><W26/><G26/><T53/><D53/><U103/><E100/><V10/><F76/><N who="1" m="29225" /><E82/><N who="0" m="31849" /><D74/><U124/><E124/><N who="2" m="47691" /><F90/><N who="3" m="55671" /><G68/><T83/><N who="0" m="31857" /><T56/><DORA hai="42" /><D122/><U89/><E103/><V75/><F75/><W106/><G106/><T50/><D121/><U134/><E134/><V13/><F1/><W35/><G64/><T111/><D111/><U70/><E70/><V77/><F77/><W119/><G119/><T60/><D60/><U67/><E67/><V31/><F31/><W120/><G120/><T114/><D114/><U21/><E21/><V0/><F0/><W118/><G118/><T99/><D99/><U27/><E5/><RYUUKYOKU ba="0,0" sc="250,10,250,10,302,10,198,-30" hai0="9,15,18,47,48,50,52,56,61,62" hai1="8,24,25,27,57,58,59,89,92,96" hai2="4,10,13,51,54,84,85,86,88,93" /><INIT seed="1,1,0,3,3,122" ten="260,260,312,168" oya="1" hai0="36,87,115,50,79,104,110,105,129,54,117,120,78" hai1="31,29,59,44,47,94,95,118,9,98,74,125,24" hai2="119,121,75,37,90,73,1,77,51,25,127,48,116" hai3="8,43,21,33,83,55,49,135,89,101,67,2,112"/><U4/><E118/><V64/><F121/><W85/><G33/><T23/><D36/><U11/><E74/><V22/><F37/><W14/><G112/><T58/><D120/><U97/><E125/><V12/><F1/><W5/><G135/><T41/><D117/><U39/><E39/><V6/><F127/><W99/><G67/><T53/><D115/><U86/><E86/><V10/><F64/><W124/><G124/><T16/><D41/><U130/><E59/><V28/><F75/><W133/><G133/><T103/><D129/><U107/><E107/><V93/><F119/><W45/><G21/><T82/><D78/><U42/><E130/><V68/><F68/><W109/><G2/><T46/><D103/><U92/><E24/><V38/><F38/><W108/><REACH who="3" step="1"/><G55/><REACH who="3" ten="260,260,312,158" step="2"/><T61/><REACH who="0" step="1"/><D110/><REACH who="0" ten="250,260,312,158" step="2"/><U70/><E42/><V60/><F116/><W62/><G62/><T126/><D126/><U111/><E111/><V123/><F60/><W81/><G81/><T19/><D19/><U100/><E100/><V88/><F123/><W35/><G35/><T32/><D32/><U128/><E128/><V30/><F30/><W106/><AGARI ba="1,2" hai="5,8,14,43,45,49,83,85,89,99,101,106,108,109" machi="106" ten="30,7900,0" yaku="1,1,0,1,52,2,53,0" doraHai="122" doraHaiUra="13" who="3" fromWho="3" sc="250,-21,260,-40,312,-21,158,102" /><INIT seed="2,0,0,2,1,135" ten="229,220,291,260" oya="2" hai0="103,44,22,37,8,98,23,117,65,60,132,82,18" hai1="32,102,16,113,99,57,0,127,26,1,80,11,119" hai2="54,42,52,15,48,95,17,122,72,64,20,55,97" hai3="71,67,134,51,86,111,46,100,30,88,123,56,77"/><V35/><F35/><W36/><G123/><T107/><D132/><U50/><E119/><V105/><F122/><W14/><G134/><T41/><D117/><U49/><E113/><V76/><F105/><W43/><G111/><T70/><REACH who="0" step="1"/><D82/><REACH who="0" ten="219,220,291,260" step="2"/><U85/><E80/><V125/><F72/><W33/><G77/><T9/><D9/><U68/><E11/><V87/><F76/><W62/><G33/><T5/><D5/><U6/><E32/><V83/><F83/><W112/><G112/><T21/><D21/><U101/><E6/><V74/><F74/><W24/><G71/><T109/><D109/><U47/><E68/><V73/><F73/><W120/><G120/><T90/><D90/><U59/><E102/><V118/><F118/><W133/><G100/><T131/><D131/><U129/><E101/><V7/><F7/><W108/><G108/><T3/><D3/><U89/><E129/><V25/><F20/><W19/><G133/><T75/><D75/><U124/><E89/><V128/><F128/><W38/><G88/><T78/><D78/><U34/><E34/><V106/><F106/><W121/><G121/><T104/><D104/><U53/><E0/><V115/><F115/><W116/><G116/><T92/><D92/><U66/><E1/><V45/><F95/><W96/><G38/><T12/><AGARI ba="0,1" hai="8,12,18,22,23,37,41,44,60,65,70,98,103,107" machi="12" ten="30,4000,0" yaku="1,1,0,1,53,1" doraHai="135" doraHaiUra="63" who="0" fromWho="0" sc="219,50,220,-10,291,-20,260,-10" /><INIT seed="3,0,0,1,1,36" ten="269,210,271,250" oya="3" hai0="26,76,127,49,78,37,23,102,115,0,1,34,111" hai1="60,55,124,44,75,103,14,4,20,41,66,24,74" hai2="38,47,114,17,73,53,122,67,116,83,15,11,62" hai3="35,80,87,134,52,130,128,32,28,13,123,131,112"/><W109/><G112/><T106/><D37/><U89/><E124/><V119/><F114/><W129/><G123/><T110/><D115/><U64/><E103/><V132/><F122/><W135/><G109/><N who="0" m="41483" /><D34/><N who="3" m="12841" /><G28/><N who="0" m="17503" /><D127/><U5/><E89/><V3/><F132/><W100/><G100/><T105/><D49/><N who="1" m="26767" /><E75/><V25/><F119/><W125/><G125/><T57/><D57/><N who="1" m="34879" /><E74/><V94/><F73/><W56/><G13/><T93/><D93/><U59/><E14/><V63/><F15/><W92/><N who="3" m="32768" /><DORA hai="72" /><W98/><G92/><T12/><D12/><U96/><E96/><V82/><F94/><W43/><G98/><N who="0" m="61655" /><D106/><U107/><E107/><V7/><F116/><W104/><G104/><T99/><D99/><U91/><E91/><V88/><F88/><N who="3" m="51303" /><G43/><T8/><D8/><U108/><E108/><V71/><F11/><W29/><G29/><T16/><D16/><N who="1" m="12295" /><E59/><V54/><F17/><W101/><G101/><T121/><D121/><U31/><E31/><V18/><F18/><W81/><G81/><T77/><AGARI ba="0,0" hai="0,1,76,77,78" m="61655,17503,41483" machi="77" ten="30,7900,0" yaku="14,1,52,3" doraHai="36,72" who="0" fromWho="0" sc="269,79,210,-20,271,-20,250,-39" owari="348,44.8,190,-31.0,251,5.1,211,-18.9" /></mjloggm>