<mjloggm ver="2.3"><GO type="225" lobby="0"/><UN n0="%E3%82%8C%E3%81%99%E3%81%93" n1="%E7%99%BD%E5%92%B2%E8%8A%B1%E3%81%A1%E3%82%83%E3%82%93" n2="%E4%BF%BA%E3%81%A8%E5%A6%96%E5%A4%A2" n3="%E5%8D%A0%E3%81%84%E5%B8%AB%E8%A3%8F%E3%81%AA%E3%81%84%E3%81%97" dan="16,16,17,17" rate="2101.57,2167.19,2219.37,2138.09" sx="F,F,F,M"/><TAIKYOKU oya="0"/><INIT seed="0,0,0,5,5,82" ten="250,250,250,250" oya="0" hai0="93,53,10,123,126,12,41,101,3,120,18,90,55" hai1="73,33,62,128,78,16,119,79,92,127,48,17,51" hai2="0,89,70,54,76,65,85,45,8,133,42,36,66" hai3="75,11,103,86,105,100,46,130,113,80,110,98,131"/><T40/><D126/><U35/><E127/><V95/><F133/><W60/><G113/><T58/><D3/><U67/><E119/><V104/><F104/><W5/><G110/><T97/><D123/><U83/><E128/><N who="3" m="49194" /><G100/><T27/><D120/><U38/><E38/><V59/><F70/><W20/><G60/><T7/><D55/><U31/><E79/><V63/><REACH who="2" step="1"/><F76/><REACH who="2" ten="250,250,240,250" step="2"/><N who="3" m="46343" /><G75/><T134/><D134/><U135/><E135/><V13/><F13/><N who="3" m="5359" /><G46/><T14/><D27/><U114/><E73/><V107/><F107/><W49/><G20/><N who="0" m="11335" /><D101/><U91/><E35/><V34/><F34/><W26/><G26/><T24/><D24/><U118/><E33/><V124/><F124/><W108/><G108/><T61/><AGARI ba="0,1" hai="7,10,14,40,41,53,58,61,90,93,97" m="11335" machi="61" ten="30,1500,0" yaku="8,1" doraHai="82" who="0" fromWho="0" sc="250,25,250,-5,240,-5,250,-5" /><INIT seed="0,1,0,4,0,90" ten="275,245,235,245" oya="0" hai0="34,100,11,67,107,3,13,37,129,33,27,50,12" hai1="89,39,93,43,81,106,53,126,15,47,120,62,29" hai2="74,133,124,101,85,8,19,63,32,54,73,108,72" hai3="61,46,35,42,7,116,123,48,66,21,56,95,94"/><T128/><D37/><U30/><E120/><V18/><F32/><W109/><G35/><T65/><D3/><U14/><E106/><V96/><F108/><W52/><G116/><T134/><D134/><U122/><E122/><V84/><F133/><W75/><G75/><T60/><D50/><U127/><E81/><V125/><F54/><W55/><G123/><T40/><D40/><U31/><E62/><V98/><F63/><W104/><G104/><T64/><D60/><U86/><REACH who="1" step="1"/><E53/><REACH who="1" ten="275,235,235,245" step="2"/><N who="3" m="20554" /><G109/><T4/><D107/><U20/><E20/><V9/><REACH who="2" step="1"/><F73/><REACH who="2" ten="275,235,225,245" step="2"/><W36/><G61/><T58/><D34/><U1/><E1/><V97/><F97/><W2/><G2/><T83/><D33/><U10/><E10/><V113/><F113/><W112/><G112/><T88/><D11/><U45/><E45/><V25/><F25/><W70/><G46/><T77/><D27/><U5/><E5/><V91/><F91/><W110/><G7/><T41/><D4/><U103/><E103/><AGARI ba="1,2" hai="8,9,18,19,72,74,84,85,96,98,101,103,124,125" machi="103" ten="25,8000,1" yaku="1,1,22,2,53,2" doraHai="90" doraHaiUra="135" who="2" fromWho="1" sc="275,0,235,-83,225,103,245,0" /><INIT seed="1,0,0,5,4,4" ten="275,152,328,245" oya="1" hai0="71,48,110,30,134,10,135,44,13,47,81,46,6" hai1="83,100,37,103,101,115,0,122,21,104,75,126,73" hai2="131,111,70,63,33,61,25,27,109,54,74,38,45" hai3="133,108,60,90,65,62,118,52,66,106,31,113,107"/><U12/><E122/><V129/><F74/><W49/><G113/><T92/><D110/><N who="2" m="41994" /><F33/><W97/><G108/><T125/><D71/><U84/><E115/><V105/><F105/><W64/><G133/><N who="0" m="50699" /><D125/><U121/><E121/><V72/><F72/><W17/><G118/><T16/><D30/><U76/><E126/><V94/><F94/><N who="3" m="56535" /><G107/><T99/><D81/><U130/><E130/><N who="2" m="49675" /><F25/><W95/><G106/><T69/><D69/><U3/><E104/><V93/><F93/><W9/><G31/><T19/><D48/><U114/><E114/><V119/><F27/><W132/><G95/><T8/><D8/><U32/><E32/><V56/><F119/><W29/><G29/><T41/><D41/><U102/><N who="1" m="25600" /><DORA hai="51" /><U89/><E37/><V1/><F1/><W11/><G132/><T87/><D99/><U96/><E96/><V40/><F70/><W39/><G39/><T55/><D92/><U85/><E73/><V82/><F82/><W2/><G2/><T23/><D87/><U53/><E75/><V88/><F63/><N who="3" m="24107" /><G17/><T128/><D19/><U86/><E0/><V117/><F117/><W116/><G116/><T20/><D128/><U68/><E3/><V58/><F58/><AGARI ba="0,0" hai="9,11,49,52,58,64,65,66" m="24107,56535" machi="58" ten="30,8000,1" yaku="8,1,52,3,54,1" doraHai="4,51" who="3" fromWho="2" sc="275,0,152,0,328,-80,245,80" /><INIT seed="2,0,0,2,0,123" ten="275,152,248,325" oya="2" hai0="73,34,75,53,57,54,14,11,16,69,42,25,21" hai1="52,39,41,99,8,32,114,47,61,85,86,113,96" hai2="116,63,100,118,133,17,43,83,59,1,117,120,115" hai3="77,121,79,15,58,13,129,2,3,24,88,90,64"/><V101/><F120/><W127/><G121/><T49/><D69/><U55/><E32/><V92/><F115/><W106/><G106/><T126/><D126/><U130/><E130/><V28/><F1/><W134/><G129/><T103/><D34/><U104/><E8/><V111/><F28/><W124/><G58/><T62/><D103/><U122/><E122/><V37/><F133/><W22/><G22/><T112/><D42/><U78/><E104/><V128/><F128/><W67/><G24/><T12/><D12/><U20/><E20/><V29/><F29/><W38/><G38/><T132/><D132/><AGARI ba="0,0" hai="2,3,13,15,64,67,77,79,88,90,124,127,132,134" machi="132" ten="25,3200,0" yaku="22,2,54,1" doraHai="123" who="3" fromWho="0" sc="275,-32,152,0,248,0,325,32" /><INIT seed="3,0,0,5,1,116" ten="243,152,248,357" oya="3" hai0="9,29,119,105,74,26,70,100,63,8,21,102,22" hai1="127,24,134,121,39,129,66,83,87,77,75,40,25" hai2="110,6,98,14,53,120,38,80,57,103,12,79,65" hai3="114,44,23,115,36,42,32,96,16,94,15,84,51"/><W72/><G72/><T5/><D119/><U132/><E129/><V3/><F110/><W124/><G124/><T31/><D74/><U107/><E127/><V60/><F38/><W69/><G69/><T49/><D105/><U82/><E107/><V99/><F99/><W48/><G32/><T92/><D49/><U108/><E108/><V33/><F33/><W37/><G37/><T35/><D92/><U34/><E66/><V11/><F120/><W122/><G51/><T106/><D29/><U111/><E111/><V54/><F12/><W28/><G122/><T85/><D85/><U97/><E97/><V113/><F3/><W91/><G28/><T17/><D106/><U78/><E121/><V58/><F58/><W81/><G36/><T88/><D88/><AGARI ba="0,0" hai="15,16,23,42,44,48,81,84,88,91,94,96,114,115" machi="88" ten="30,5800,0" yaku="7,1,54,2" doraHai="116" who="3" fromWho="0" sc="243,-58,152,0,248,0,357,58" owari="185,-21.5,152,-34.8,248,4.8,415,51.5" /></mjloggm>