<mjloggm ver="2.3"><GO type="225" lobby="0"/><UN n0="%E3%81%B5%E3%81%98%E3%81%8B%E3%81%A4" n1="%E3%82%B4%E3%83%AA%E3%83%91%E3%83%A9" n2="%E4%BA%95%E5%B8%AF" n3="%E6%9D%B1%E9%A2%A8%E3%81%AE%E3%81%8D%E3%82%83%E3%81%B7%E3%81%95%E3%82%93" dan="16,16,16,17" rate="2208.51,2148.92,2049.53,2239.53" sx="M,M,M,M"/><TAIKYOKU oya="0"/><INIT seed="0,0,0,2,4,57" ten="250,250,250,250" oya="0" hai0="132,7,33,60,72,61,113,106,93,87,105,24,102" hai1="81,22,108,15,91,109,3,41,35,78,107,129,111" hai2="19,36,51,53,124,54,90,56,118,79,46,31,16" hai3="104,80,13,125,21,130,32,101,67,96,26,74,5"/><T77/><D113/><U135/><E129/><V44/><F124/><W123/><G130/><T88/><D7/><U25/><E135/><V9/><F118/><W70/><G125/><T119/><D119/><U29/><E107/><V49/><F79/><W11/><G11/><T52/><D132/><U43/><E91/><V73/><F73/><W48/><G123/><T47/><D106/><U127/><E3/><V65/><F36/><W39/><G48/><N who="0" m="28703" /><D33/><U71/><E71/><V134/><F134/><W84/><G74/><T18/><D18/><N who="1" m="10591" /><E127/><V76/><F76/><W99/><G39/><T128/><D24/><U115/><E115/><V64/><F31/><W94/><G32/><T6/><D6/><U133/><E133/><V20/><F90/><W126/><G126/><T14/><D14/><U0/><E0/><V59/><F20/><W120/><G13/><T75/><D75/><AGARI ba="0,0" hai="25,29,35,41,43,75,78,81,108,109,111" m="10591" machi="75" ten="30,1000,0" yaku="14,1" doraHai="57" who="1" fromWho="0" sc="250,-10,250,10,250,0,250,0" /><INIT seed="1,0,0,5,4,42" ten="240,260,250,250" oya="1" hai0="65,40,24,32,84,19,121,72,1,133,44,86,13" hai1="67,69,23,124,120,18,89,50,115,53,22,34,60" hai2="10,9,109,93,82,5,114,31,52,70,92,64,123" hai3="62,14,127,101,29,81,107,77,35,87,119,45,135"/><U129/><E120/><V78/><F123/><W2/><G135/><T55/><D121/><U38/><E129/><V68/><F109/><W74/><G127/><T0/><D72/><U116/><E124/><V27/><F114/><W11/><G2/><T16/><D133/><U58/><E34/><V98/><F10/><W131/><G62/><T88/><D65/><U75/><E115/><V17/><F17/><W126/><G126/><T47/><D32/><U25/><E116/><V117/><F93/><W97/><G119/><T91/><D55/><U83/><E38/><V118/><F64/><W105/><G131/><T108/><D40/><U128/><E128/><V49/><F70/><W94/><G74/><T63/><D63/><U7/><E7/><V3/><F68/><W132/><G132/><T90/><D108/><U122/><E23/><V48/><F48/><W103/><G103/><T99/><D99/><U96/><E122/><V102/><F82/><W54/><G29/><T28/><D28/><U100/><E75/><V113/><F78/><W37/><G35/><T6/><D0/><U15/><E15/><V57/><REACH who="2" step="1"/><F113/><REACH who="2" ten="240,260,240,250" step="2"/><W80/><G80/><T51/><D51/><U59/><E83/><V104/><F104/><W26/><G107/><T95/><D1/><U76/><E76/><V30/><F30/><W110/><G105/><T73/><D95/><N who="1" m="56431" /><E69/><V4/><F4/><N who="3" m="3431" /><G110/><T66/><D6/><U20/><E100/><V21/><AGARI ba="0,1" hai="3,5,9,21,27,31,49,52,57,92,98,102,117,118" machi="21" ten="20,5200,0" yaku="1,1,0,1,7,1,54,1,53,0" doraHai="42" doraHaiUra="61" who="2" fromWho="2" sc="240,-13,260,-26,240,62,250,-13" /><INIT seed="2,0,0,0,4,47" ten="227,234,302,237" oya="2" hai0="3,28,114,14,104,130,129,108,74,92,123,98,32" hai1="69,44,91,22,96,54,49,40,66,48,95,113,89" hai2="18,110,94,5,64,125,109,83,26,1,88,132,24" hai3="77,106,23,7,16,124,33,25,127,35,126,75,99"/><V118/><F118/><W37/><G37/><T53/><D114/><U36/><E113/><V67/><F83/><N who="3" m="45503" /><G7/><T34/><D123/><U72/><E72/><V60/><F67/><W70/><G70/><T29/><D74/><U17/><E54/><V51/><F51/><W45/><G45/><T120/><D104/><U116/><E116/><V100/><F100/><AGARI ba="0,0" hai="16,23,25,33,35,99,100,106,124,126,127" m="45503" machi="100" ten="30,2000,0" yaku="18,1,54,1" doraHai="47" who="3" fromWho="2" sc="227,0,234,0,302,-20,237,20" /><INIT seed="3,0,0,2,5,131" ten="227,234,282,257" oya="3" hai0="42,117,9,60,44,27,127,111,94,2,109,31,34" hai1="98,4,90,62,75,35,33,17,135,125,50,88,32" hai2="47,134,89,69,108,26,105,23,67,19,29,13,76" hai3="95,103,5,97,1,124,43,133,22,66,30,55,59"/><W122/><G43/><T126/><D117/><U0/><E75/><V116/><F116/><W63/><G124/><N who="0" m="47659" /><D94/><U45/><E125/><V46/><F105/><W71/><G122/><T115/><D60/><U132/><E62/><V11/><F108/><N who="0" m="41546" /><D44/><U8/><E17/><V18/><F76/><W82/><G82/><T104/><D104/><U51/><E98/><V14/><F67/><W91/><G91/><N who="1" m="34858" /><E45/><V24/><F69/><W37/><G37/><T101/><D101/><U102/><E102/><V6/><F89/><W7/><G71/><T81/><D81/><U84/><E84/><V54/><F54/><W130/><G55/><T3/><D42/><U41/><E41/><V10/><F47/><W25/><G130/><T100/><D100/><U56/><E56/><V112/><F46/><W86/><G86/><T36/><D36/><U16/><E16/><N who="2" m="8247" /><F112/><W28/><G28/><T79/><D79/><U92/><E92/><V58/><F58/><W21/><G59/><T85/><D85/><U128/><E128/><V49/><F49/><W65/><G63/><T52/><D52/><U80/><E80/><V77/><F77/><W83/><G83/><T119/><D119/><U93/><E93/><V39/><F39/><W68/><G66/><T99/><D99/><U107/><E107/><V118/><F118/><W73/><G65/><T72/><D72/><U48/><E48/><V113/><F113/><W70/><G73/><T38/><D115/><U57/><E57/><V61/><F61/><W53/><G103/><T129/><D129/><U20/><E20/><N who="2" m="15495" /><F18/><W106/><G70/><RYUUKYOKU ba="0,0" sc="227,-15,234,15,282,15,257,-15" hai1="0,4,8,32,33,35,50,51,132,135" hai2="6,11,14,19,23,26,134" /><INIT seed="4,1,0,5,5,53" ten="212,249,297,242" oya="0" hai0="81,121,135,108,134,106,80,33,70,86,52,64,38" hai1="6,24,78,25,37,17,5,39,26,93,132,10,59" hai2="98,119,69,97,115,36,30,90,83,85,13,130,27" hai3="127,50,22,60,16,118,87,11,14,126,102,31,55"/><T44/><D121/><U110/><E110/><V100/><F115/><W12/><G118/><T73/><D106/><U111/><E111/><V109/><F119/><W15/><G102/><T29/><D108/><U131/><E131/><V7/><F109/><W123/><G123/><T2/><D2/><U56/><E78/><V63/><F36/><N who="1" m="13897" /><E10/><V117/><F117/><W104/><G104/><T54/><D70/><U46/><E46/><V45/><F45/><W113/><G60/><T82/><D64/><U57/><E93/><V105/><F130/><W114/><G87/><T107/><D107/><U96/><E17/><V3/><F3/><W91/><G91/><T120/><D120/><U28/><E28/><V94/><F13/><N who="3" m="5227" /><G55/><N who="0" m="21035" /><D73/><U34/><E34/><V128/><F128/><W75/><G50/><T133/><D33/><U99/><E132/><N who="0" m="33793" /><T4/><DORA hai="112" /><D4/><AGARI ba="1,0" hai="4,5,6,24,25,26,56,57,59,96,99" m="13897" machi="4" ten="40,8000,1" yaku="28,2,52,3" doraHai="53,112" who="1" fromWho="0" sc="212,-83,249,83,297,0,242,0" owari="129,-37.1,332,43.2,297,9.7,242,-15.8" /></mjloggm>