<mjloggm ver="2.3"><GO type="225" lobby="0"/><UN n0="%73%7A%2E%64%31" n1="%6D%75%75%6D%75%72%61" n2="%E3%83%B4%E3%83%A0%EF%BC%99%E3%81%A6" n3="%72%69%6F%75%63%68%61%6E" dan="16,17,17,17" rate="2105.04,2179.11,2245.71,2226.34" sx="M,F,M,M"/><TAIKYOKU oya="0"/><INIT seed="0,0,0,0,1,0" ten="250,250,250,250" oya="0" hai0="50,30,36,26,118,84,5,33,14,103,74,132,22" hai1="52,21,43,78,94,19,86,27,119,97,111,62,87" hai2="28,63,51,13,4,122,77,96,73,29,1,3,2" hai3="93,31,6,133,112,100,85,17,82,125,117,116,44"/><T15/><D118/><U106/><E119/><V83/><F122/><W99/><G112/><T47/><D36/><U109/><E106/><V56/><F51/><W80/><G125/><T39/><D39/><U20/><E43/><V72/><F72/><W130/><G133/><T35/><D74/><U113/><E113/><V65/><REACH who="2" step="1"/><F96/><REACH who="2" ten="250,250,240,250" step="2"/><W24/><G117/><T69/><D132/><U66/><E111/><V88/><F88/><W68/><G116/><T120/><D120/><U71/><E109/><V123/><F123/><W102/><G102/><T37/><D37/><U110/><E110/><V134/><F134/><W61/><G100/><T23/><D103/><U45/><E78/><V127/><F127/><W115/><G99/><T8/><D84/><U126/><E126/><V59/><F59/><W114/><G114/><T57/><D69/><U121/><E121/><V16/><F16/><W135/><G17/><N who="0" m="10551" /><D57/><U48/><E97/><V10/><AGARI ba="0,1" hai="1,2,3,4,10,13,28,29,56,63,65,73,77,83" machi="10" ten="40,5200,0" yaku="1,1,0,1,52,1,53,0" doraHai="0" doraHaiUra="67" who="2" fromWho="2" sc="250,-26,250,-13,240,62,250,-13" /><INIT seed="1,0,0,3,5,70" ten="224,237,302,237" oya="1" hai0="116,90,107,63,112,118,100,98,97,0,96,110,30" hai1="7,135,93,33,12,117,26,85,47,88,87,61,131" hai2="91,45,79,113,122,20,48,28,55,1,32,4,128" hai3="67,124,24,29,130,8,51,82,64,62,71,81,60"/><U19/><E117/><N who="0" m="45161" /><D0/><U75/><E131/><V58/><F122/><W120/><G124/><T129/><D30/><U36/><E135/><V92/><F128/><W72/><G120/><T133/><D63/><U57/><E75/><V134/><F134/><W35/><G130/><T6/><D6/><U14/><E85/><V105/><F105/><W126/><G126/><T102/><D129/><U121/><E121/><V114/><F32/><W69/><G72/><T38/><D38/><U103/><E103/><N who="0" m="39465" /><D133/><U95/><E95/><V27/><F79/><W43/><REACH who="3" step="1"/><G8/><REACH who="3" ten="224,237,302,227" step="2"/><T16/><D112/><U59/><E7/><V39/><F4/><W13/><G13/><T15/><D15/><U2/><E14/><V54/><F1/><W50/><G50/><T74/><D74/><U99/><E2/><V44/><F114/><W25/><G25/><T34/><D110/><U108/><E108/><V10/><F10/><W56/><G56/><T22/><D107/><U101/><E57/><V109/><F109/><W49/><G49/><T77/><D34/><U83/><E33/><V5/><F5/><W127/><G127/><T11/><D11/><U125/><E26/><V104/><F104/><W89/><G89/><T65/><D90/><U80/><E125/><V53/><F113/><W73/><G73/><T52/><D77/><U84/><E59/><V106/><F106/><W66/><G66/><T76/><D65/><U115/><E115/><V21/><F58/><W41/><G41/><T40/><D76/><N who="1" m="46087" /><E61/><V31/><F27/><W86/><G86/><T9/><D9/><N who="1" m="6543" /><E47/><AGARI ba="0,1" hai="24,29,35,43,47,51,60,62,64,67,69,71,81,82" machi="47" ten="40,2600,0" yaku="1,1,9,1,53,0" doraHai="70" doraHaiUra="119" who="3" fromWho="1" sc="224,0,237,-26,302,0,227,36" /><INIT seed="2,0,0,2,4,67" ten="224,211,302,263" oya="2" hai0="91,42,22,121,127,23,24,131,4,87,64,37,130" hai1="129,44,58,55,89,111,59,103,101,116,50,83,105" hai2="115,74,133,135,96,88,126,41,35,62,100,86,73" hai3="123,114,94,51,29,78,128,52,81,16,36,125,8"/><V17/><F35/><W110/><G123/><T20/><D121/><U32/><E116/><V106/><F41/><W12/><G36/><T97/><D127/><U77/><E111/><V70/><F17/><W102/><G110/><T71/><D4/><U104/><E129/><N who="0" m="49161" /><D97/><U45/><E32/><V98/><F98/><N who="3" m="59735" /><G128/><T7/><D7/><U53/><E89/><V99/><F99/><W68/><G68/><T132/><D132/><N who="2" m="50762" /><F115/><W119/><G119/><T75/><D75/><U107/><E101/><V63/><F63/><W85/><G125/><T61/><D42/><U28/><E28/><V108/><F126/><W80/><G114/><T65/><D65/><U10/><E10/><V19/><F19/><W15/><G29/><N who="0" m="17543" /><D37/><U66/><E66/><N who="2" m="41303" /><F108/><W39/><G39/><T84/><D84/><U90/><E103/><V57/><F57/><N who="3" m="32927" /><G80/><AGARI ba="0,0" hai="22,23,61,64,71,80,87,91" m="17543,49161" machi="80" ten="30,2000,0" yaku="19,1,52,1" doraHai="67" who="0" fromWho="3" sc="224,20,211,0,302,0,263,-20" /><AGARI ba="0,0" hai="73,74,80,86,88,96,100,106" m="41303,50762" machi="80" ten="30,5800,0" yaku="20,1,52,1,54,1" doraHai="67" who="2" fromWho="3" sc="244,0,211,0,302,58,243,-58" /><INIT seed="2,1,0,1,2,80" ten="244,211,360,185" oya="2" hai0="102,12,119,115,36,94,121,95,92,35,22,63,85" hai1="7,118,48,38,104,77,101,79,3,24,60,66,75" hai2="105,112,72,20,49,128,28,9,61,83,26,74,34" hai3="127,41,10,120,64,39,52,18,40,1,87,110,88"/><V56/><F112/><W134/><G120/><T67/><D35/><U106/><E38/><V45/><F105/><W47/><G110/><T78/><D36/><U71/><E118/><V97/><F97/><W58/><G127/><T123/><D119/><U124/><E124/><V129/><F34/><W43/><G134/><T132/><D115/><U99/><E106/><V96/><F96/><W27/><G64/><T25/><D132/><U19/><E75/><V62/><F9/><W33/><G1/><T2/><D12/><U55/><E3/><V29/><F29/><W133/><G133/><T31/><D2/><U86/><E7/><V23/><F23/><N who="3" m="13815" /><G39/><T100/><D123/><U13/><E24/><V6/><F6/><W65/><G33/><T57/><REACH who="0" step="1"/><D121/><REACH who="0" ten="234,211,360,185" step="2"/><U11/><REACH who="1" step="1"/><E86/><REACH who="1" ten="234,201,360,185" step="2"/><V122/><F122/><W113/><G113/><T44/><D44/><AGARI ba="1,2" hai="11,13,19,44,48,55,60,66,71,77,79,99,101,104" machi="44" ten="30,7700,0" yaku="1,1,2,1,7,1,53,1" doraHai="80" doraHaiUra="4" who="1" fromWho="0" sc="234,-80,201,100,360,0,185,0" /><INIT seed="3,0,0,5,5,120" ten="154,301,360,185" oya="3" hai0="90,17,126,6,82,22,107,134,16,85,93,69,133" hai1="101,53,36,46,48,67,124,49,132,103,11,92,102" hai2="106,26,76,35,105,20,51,96,3,45,38,123,15" hai3="70,116,55,61,44,60,135,78,115,79,4,100,1"/><W59/><G115/><T95/><D69/><U129/><E124/><V108/><F3/><W19/><G116/><T98/><D126/><U56/><E129/><V117/><F117/><W99/><G135/><T0/><D0/><U27/><E132/><N who="0" m="50793" /><D6/><U18/><E36/><V121/><F38/><W23/><G44/><T47/><D47/><U21/><E11/><V110/><F15/><W127/><G127/><T29/><D29/><U57/><E57/><V109/><F76/><W64/><G4/><T42/><D42/><U14/><E67/><V118/><F35/><W68/><G68/><T31/><D31/><U40/><REACH who="1" step="1"/><E92/><REACH who="1" ten="154,291,360,185" step="2"/><N who="0" m="35401" /><D22/><U54/><E54/><N who="2" m="30063" /><F118/><W114/><G114/><T104/><D98/><U88/><E88/><V74/><F96/><W97/><G97/><T111/><D111/><U122/><E122/><V73/><F121/><W94/><G1/><T130/><D130/><U86/><E86/><V84/><F84/><W91/><G91/><T43/><D43/><U63/><E63/><V2/><F123/><W89/><G89/><T62/><D62/><U33/><E33/><V7/><F2/><W37/><G37/><T24/><D24/><AGARI ba="0,1" hai="14,18,21,24,27,40,46,48,49,53,56,101,102,103" machi="24" ten="40,2600,0" yaku="1,1,8,1,53,0" doraHai="120" doraHaiUra="5" who="1" fromWho="0" sc="154,-26,291,36,360,0,185,0" /><AGARI ba="0,0" hai="19,23,24,55,59,60,61,64,70,78,79,94,99,100" machi="24" ten="30,1500,0" yaku="7,1" doraHai="120" who="3" fromWho="0" sc="128,-15,327,0,360,0,185,15" /><INIT seed="3,1,0,4,3,43" ten="113,327,360,200" oya="3" hai0="124,71,72,75,76,35,104,100,86,54,125,79,34" hai1="121,58,13,85,127,2,103,11,101,135,55,42,93" hai2="32,37,27,12,134,18,74,60,7,49,110,113,108" hai3="26,114,112,8,41,111,30,48,56,82,130,133,40"/><W94/><G130/><T45/><D54/><U81/><E121/><V77/><F113/><W68/><G68/><T16/><D86/><U109/><E109/><N who="2" m="42091" /><F37/><W17/><G111/><T62/><D62/><U15/><E127/><V123/><F123/><W90/><G133/><T115/><D71/><U84/><E135/><V5/><F134/><W22/><G82/><T99/><D115/><U65/><E2/><V25/><F60/><W129/><G129/><T29/><D29/><U0/><E0/><V20/><F49/><W98/><G114/><T106/><D99/><U24/><E65/><V53/><F53/><N who="3" m="31783" /><G112/><T132/><D132/><U33/><E42/><N who="3" m="16490" /><G8/><T89/><D89/><U31/><E84/><V63/><F63/><W6/><G6/><N who="2" m="2057" /><F32/><W96/><G98/><T128/><D128/><U59/><E11/><V92/><F92/><W118/><G118/><T46/><REACH who="0" step="1"/><D16/><AGARI ba="1,0" hai="16,17,22,26,30,90,94,96" m="16490,31783" machi="16" ten="30,2900,0" yaku="8,1,54,1" doraHai="43" who="3" fromWho="0" sc="113,-32,327,0,360,0,200,32" /><INIT seed="3,2,0,5,0,114" ten="81,327,360,232" oya="3" hai0="81,88,68,103,87,99,77,96,74,110,132,53,119" hai1="28,45,128,44,134,19,35,49,40,25,17,63,20" hai2="1,89,112,111,67,61,43,102,71,70,14,21,121" hai3="109,56,106,64,6,29,115,4,127,10,92,13,8"/><W131/><G115/><T72/><D68/><U108/><E108/><V46/><F112/><W9/><G106/><T117/><D53/><U125/><E125/><V39/><F1/><W51/><G127/><T104/><D110/><U32/><E128/><V36/><F111/><W2/><G109/><T90/><D132/><U3/><E134/><V52/><F70/><W27/><G131/><T113/><D113/><U85/><E3/><V23/><F39/><W22/><G8/><T34/><D34/><U48/><E63/><V78/><F78/><W0/><G13/><T38/><D38/><U31/><E85/><V135/><F135/><W75/><G75/><T100/><D72/><U30/><REACH who="1" step="1"/><E19/><REACH who="1" ten="81,317,360,232" step="2"/><V11/><F121/><W15/><G15/><T33/><D33/><U97/><E97/><V47/><F102/><W95/><REACH who="3" step="1"/><G51/><REACH who="3" ten="81,317,360,222" step="2"/><T7/><D7/><U79/><E79/><V59/><F36/><W41/><G41/><AGARI ba="2,2" hai="17,20,25,28,30,31,32,35,40,41,44,45,48,49" machi="41" ten="40,2600,0" yaku="1,1,9,1,53,0" doraHai="114" doraHaiUra="122" who="1" fromWho="3" sc="81,0,317,52,360,0,222,-32" owari="81,-41.9,369,46.9,360,16.0,190,-21.0" /></mjloggm>