<mjloggm ver="2.3"><GO type="225" lobby="0"/><UN n0="%E6%A1%9C%E8%8A%B1%E9%96%83%E3%80%85" n1="%45%6C%79%73%69%75%6D" n2="%E5%AF%82%E5%AF%9E%E3%82%AE%E3%83%8D%E3%82%B9%E3%83%93%E3%83%BC%E3%83%AB" n3="%E3%81%A0%E3%81%8A" dan="18,17,16,16" rate="2250.26,2114.28,2155.56,2025.93" sx="M,F,M,M"/><TAIKYOKU oya="0"/><INIT seed="0,0,0,5,2,117" ten="250,250,250,250" oya="0" hai0="57,37,62,6,44,121,36,129,130,3,80,88,13" hai1="92,110,96,76,104,43,120,81,50,87,64,122,94" hai2="99,56,47,5,23,7,54,125,123,40,39,61,79" hai3="70,89,1,116,41,77,119,133,14,93,128,26,91"/><T118/><D118/><U97/><E64/><V9/><F125/><W98/><G1/><T75/><D3/><U124/><E50/><V8/><F79/><W51/><G70/><T27/><D27/><U16/><E43/><V82/><F82/><W131/><G77/><T103/><D103/><N who="1" m="62575" /><E16/><V90/><F23/><W4/><G133/><T71/><D71/><U113/><E124/><V115/><F115/><W38/><G38/><T12/><D6/><U52/><E52/><V101/><F90/><W21/><G91/><T83/><D44/><U134/><E134/><V68/><F68/><W20/><G51/><T78/><D57/><U25/><E25/><V108/><F108/><W100/><G41/><T0/><D62/><U32/><E32/><V17/><F9/><N who="3" m="4391" /><G100/><T35/><D0/><U29/><E29/><V28/><F28/><N who="3" m="17479" /><G21/><T72/><D35/><U84/><E113/><V19/><F5/><W42/><G42/><T31/><D31/><U46/><E46/><V34/><F34/><W135/><G135/><T105/><D37/><U2/><E2/><N who="2" m="119" /><F19/><W109/><G109/><T111/><D111/><U74/><E110/><V58/><F17/><W11/><G11/><T73/><D36/><U33/><E33/><V65/><F39/><W10/><G10/><T66/><D12/><U30/><E30/><V126/><F126/><W102/><G102/><T59/><D13/><U18/><E18/><V114/><F114/><W85/><G98/><T55/><D66/><U22/><E22/><V112/><F112/><W48/><G48/><T69/><D69/><U107/><E96/><RYUUKYOKU ba="0,0" sc="250,-10,250,-10,250,-10,250,30" hai3="85,89,93,116,119,128,131" /><INIT seed="1,1,0,4,4,3" ten="240,240,240,280" oya="1" hai0="119,69,32,58,78,35,13,122,92,26,62,43,110" hai1="51,10,28,73,6,42,53,45,108,133,84,18,103" hai2="97,75,105,60,107,129,83,135,128,132,98,101,46" hai3="116,111,12,89,23,29,31,104,72,24,90,39,30"/><U8/><E73/><V36/><F60/><W11/><G39/><T106/><D119/><U77/><E133/><N who="2" m="51275" /><F46/><W22/><G116/><T55/><D106/><U134/><E134/><V127/><F36/><W85/><G72/><T20/><D110/><U120/><E120/><V81/><F127/><W100/><G111/><T102/><D122/><U57/><E28/><N who="3" m="10858" /><G104/><N who="2" m="40009" /><F101/><W126/><G100/><T121/><D69/><U16/><E103/><V65/><F65/><W115/><G115/><T41/><D121/><U95/><E108/><V0/><F0/><W50/><G126/><T123/><D123/><U21/><E21/><V49/><F49/><W118/><G118/><T86/><D32/><U93/><E10/><V47/><F47/><W117/><G22/><T109/><D35/><U68/><E68/><V79/><F83/><N who="3" m="49343" /><G117/><T91/><D109/><U54/><E95/><V38/><F38/><W71/><G71/><T33/><D33/><U2/><E93/><V124/><F124/><W113/><G113/><T70/><D70/><U114/><E114/><V66/><F66/><W7/><G50/><T4/><D102/><U40/><E54/><V76/><F76/><W19/><G90/><T94/><D78/><U87/><E77/><V37/><F37/><W61/><G61/><T48/><D62/><U56/><E42/><V63/><F63/><W131/><G131/><AGARI ba="1,0" hai="75,79,81,97,98,128,129,131" m="40009,51275" machi="131" ten="40,8000,1" yaku="19,1,20,1,34,2" doraHai="3" who="2" fromWho="3" sc="240,0,240,0,240,83,280,-83" /><INIT seed="2,0,0,5,2,105" ten="240,240,323,197" oya="2" hai0="28,118,134,17,57,70,113,1,120,23,20,61,43" hai1="98,27,34,47,42,106,78,37,107,80,81,86,112" hai2="32,100,132,94,44,91,3,133,66,13,45,115,75" hai3="90,8,108,123,33,87,60,0,7,53,10,22,119"/><V125/><F115/><W117/><G123/><T2/><D120/><U52/><E112/><V14/><F3/><W41/><G33/><T92/><D113/><U16/><E98/><V102/><F32/><W24/><G108/><T88/><D70/><U116/><E116/><V104/><F66/><W68/><G41/><T11/><D118/><U21/><E34/><V74/><F104/><W109/><G109/><T19/><D134/><N who="2" m="51818" /><F125/><W99/><G99/><N who="0" m="57735" /><D28/><U101/><E101/><N who="2" m="39019" /><F45/><W64/><G10/><T46/><D11/><U69/><E69/><V79/><F44/><W31/><REACH who="3" step="1"/><G53/><REACH who="3" ten="240,240,323,187" step="2"/><N who="0" m="33967" /><D20/><U29/><E106/><V130/><F130/><W12/><G12/><N who="2" m="4713" /><F79/><W51/><G51/><N who="0" m="27103" /><D19/><U82/><E107/><V114/><F114/><W40/><G40/><T110/><D110/><U85/><E42/><V135/><F135/><W5/><G5/><T71/><D71/><U49/><E16/><V9/><F9/><W95/><AGARI ba="0,1" hai="0,7,8,22,24,31,60,64,68,87,90,95,117,119" machi="95" ten="20,5200,0" yaku="1,1,0,1,7,1,53,1" doraHai="105" doraHaiUra="59" who="3" fromWho="3" sc="240,-13,240,-13,323,-26,187,62" /><INIT seed="3,0,0,0,2,96" ten="227,227,297,249" oya="3" hai0="54,119,24,127,126,1,7,38,118,95,105,17,68" hai1="66,21,90,133,49,80,130,50,22,110,131,113,85" hai2="57,25,26,56,129,92,35,101,106,16,59,55,58" hai3="29,77,134,34,114,12,88,45,48,111,36,51,8"/><W78/><G114/><T31/><D105/><U9/><E113/><V53/><F106/><W71/><G71/><T43/><D68/><U10/><E66/><V40/><F129/><N who="1" m="49161" /><E110/><V100/><F40/><W72/><G36/><T62/><D95/><U0/><E133/><V135/><F135/><W15/><G134/><T52/><D17/><U64/><E64/><V124/><F124/><N who="0" m="47658" /><D7/><N who="1" m="1255" /><E10/><V123/><F123/><W46/><G111/><T30/><D1/><U75/><E75/><V94/><F59/><W117/><G72/><T61/><D43/><U97/><E97/><V82/><F82/><W41/><G8/><T98/><D98/><U120/><E120/><V74/><F74/><W115/><G115/><T3/><D3/><U28/><E21/><V99/><F35/><W103/><G34/><N who="0" m="20807" /><D38/><U20/><E20/><N who="2" m="13447" /><F26/><AGARI ba="0,0" hai="22,26,28,49,50,80,85,90" m="1255,49161" machi="26" ten="30,1000,0" yaku="19,1" doraHai="96" who="1" fromWho="2" sc="227,0,227,10,297,-10,249,0" /><INIT seed="4,0,0,3,4,65" ten="227,237,287,249" oya="0" hai0="121,97,56,42,24,23,9,58,78,72,110,30,49" hai1="86,47,131,43,5,107,22,103,112,84,71,117,82" hai2="64,27,33,20,83,45,13,68,60,15,120,123,7" hai3="91,41,44,128,16,126,133,34,50,111,21,4,3"/><T19/><D121/><U48/><E117/><V75/><F33/><W69/><G111/><T129/><D110/><U0/><E131/><V26/><F45/><W35/><G128/><T18/><D129/><U85/><E112/><V94/><F94/><W25/><G126/><T134/><D134/><U12/><E0/><V14/><F7/><W6/><G133/><T62/><D72/><U31/><E71/><V38/><F38/><W88/><G69/><T67/><D78/><N who="1" m="46167" /><E103/><V92/><F92/><W124/><G124/><T132/><D132/><U108/><E107/><V1/><F1/><W95/><G91/><T10/><D97/><U90/><E90/><V28/><REACH who="2" step="1"/><F27/><REACH who="2" ten="227,237,277,249" step="2"/><W113/><G3/><T93/><D93/><U104/><E104/><V116/><F116/><W96/><G95/><T76/><D76/><AGARI ba="0,1" hai="13,14,15,20,26,28,60,64,68,75,76,83,120,123" machi="76" ten="40,2600,0" yaku="1,1,52,1,53,0" doraHai="65" doraHaiUra="89" who="2" fromWho="0" sc="227,-26,237,0,277,36,249,0" owari="201,-29.9,237,-16.3,313,41.3,249,4.9" /></mjloggm>