<mjloggm ver="2.3"><GO type="225" lobby="0"/><UN n0="%E3%82%B3%E3%83%90%E3%83%AC%E3%82%A4" n1="%E3%81%A4%E3%81%A3%E3%81%B1%E3%82%8A%E3%83%9D%E3%83%BC%E3%83%AB" n2="%E3%81%8B%E3%82%8F%E3%81%A1%E3%82%83%E3%82%93%35%38" n3="%79%75%72%69%6D%6F%67" dan="16,17,16,16" rate="2127.06,2221.72,2117.71,2153.60" sx="M,M,M,F"/><TAIKYOKU oya="0"/><INIT seed="0,0,0,1,2,2" ten="250,250,250,250" oya="0" hai0="22,132,66,124,85,7,36,40,13,123,5,6,102" hai1="110,105,1,41,78,54,101,62,20,46,51,90,17" hai2="111,93,112,45,11,131,118,99,15,134,98,70,18" hai3="135,86,67,81,68,95,3,65,34,114,48,109,80"/><T32/><D32/><U130/><E110/><V117/><F112/><W79/><G34/><T16/><D123/><U107/><E130/><V8/><F70/><W89/><G68/><T88/><D132/><U92/><E1/><V37/><F134/><W128/><G109/><T100/><D124/><U74/><E101/><V121/><F121/><W0/><G0/><T25/><BYE who="3" /><D66/><U119/><E119/><N who="2" m="45579" /><F111/><W44/><G44/><T64/><D64/><U76/><E74/><V73/><F73/><W94/><G94/><N who="0" m="54543" /><D36/><U72/><E72/><V31/><F131/><W87/><G87/><T27/><D40/><U30/><E30/><V42/><F31/><W4/><G4/><T19/><D27/><N who="1" m="14735" /><E107/><V39/><F39/><W55/><G55/><T96/><D96/><N who="2" m="36906" /><F93/><UN n3="%79%75%72%69%6D%6F%67" /><W97/><G3/><T77/><D77/><U47/><E105/><V133/><F133/><W49/><G81/><T103/><D103/><U53/><E78/><V14/><F14/><W104/><G135/><T60/><D60/><U83/><E62/><V91/><F91/><W58/><G104/><T38/><D38/><U69/><E69/><V26/><F26/><W125/><G114/><T116/><D116/><U35/><E35/><V43/><F43/><W63/><G125/><T33/><D33/><U129/><E129/><V23/><AGARI ba="0,0" hai="8,11,15,18,23,37,42,45" m="36906,45579" machi="23" ten="30,1100,0" yaku="12,1" doraHai="2" who="2" fromWho="2" sc="250,-5,250,-3,250,11,250,-3" /><INIT seed="1,0,0,4,2,110" ten="245,247,261,247" oya="1" hai0="65,63,18,70,124,121,112,100,23,92,119,126,49" hai1="128,101,115,57,120,17,24,1,62,59,85,45,77" hai2="21,5,56,109,0,123,54,43,31,87,6,90,106" hai3="74,51,130,81,135,104,40,67,53,117,97,76,7"/><U78/><E120/><V37/><F123/><W118/><G130/><T72/><D72/><U36/><E115/><V47/><F106/><W122/><G122/><T95/><D121/><U8/><E128/><V29/><F109/><W132/><G67/><T98/><D119/><N who="3" m="45577" /><G40/><T127/><D49/><U28/><E101/><V55/><F55/><W125/><G7/><T11/><D11/><U91/><E45/><V134/><F134/><N who="3" m="51243" /><G53/><T79/><D79/><U34/><E36/><V61/><F61/><W52/><G125/><T82/><D82/><U89/><E89/><V113/><F6/><W133/><N who="3" m="51251" /><W94/><DORA hai="3" /><G104/><T84/><D84/><U15/><E1/><V14/><F0/><W107/><G107/><N who="0" m="63895" /><D112/><U73/><E73/><V25/><F113/><W12/><G12/><AGARI ba="0,0" hai="12,18,23,63,65,70,92,95,124,126,127" m="63895" machi="12" ten="30,1000,0" yaku="18,1" doraHai="110,3" who="0" fromWho="3" sc="245,10,247,0,261,0,247,-10" /><INIT seed="2,0,0,0,5,132" ten="255,247,261,237" oya="2" hai0="65,112,115,83,93,107,120,7,1,84,45,118,117" hai1="105,26,98,72,29,89,35,95,36,44,70,20,102" hai2="33,99,77,19,8,49,108,133,47,124,40,64,61" hai3="110,52,78,54,5,14,6,128,126,56,135,69,87"/><V116/><F116/><N who="0" m="44650" /><D7/><U97/><E70/><V125/><F33/><W42/><G135/><T59/><D1/><U66/><E66/><V76/><F133/><W32/><G32/><T75/><D45/><U92/><E72/><V37/><F99/><W4/><G69/><T104/><D65/><U100/><E35/><V63/><F108/><W114/><G110/><T21/><D59/><U82/><E82/><V24/><F37/><W10/><G128/><T9/><D21/><U11/><E11/><V131/><F131/><W50/><G126/><N who="2" m="48745" /><F61/><W55/><G114/><N who="0" m="43563" /><D9/><U86/><E44/><V0/><F24/><W111/><G111/><T94/><D120/><U96/><E96/><V58/><F19/><W88/><G78/><N who="0" m="46199" /><D75/><U134/><E134/><V27/><F27/><W15/><G15/><T113/><D113/><U23/><E36/><V25/><F25/><W74/><G74/><T67/><D67/><U34/><AGARI ba="0,0" hai="20,23,26,29,34,86,89,92,95,97,98,100,102,105" machi="34" ten="20,1500,0" yaku="0,1,7,1" doraHai="132" who="1" fromWho="1" sc="255,-4,247,15,261,-7,237,-4" /><INIT seed="3,0,0,3,1,100" ten="251,262,254,233" oya="3" hai0="125,6,67,71,37,128,97,50,14,16,54,123,127" hai1="115,4,48,69,74,20,96,101,8,32,68,2,3" hai2="83,23,132,124,43,78,77,11,13,9,38,88,29" hai3="84,10,75,7,133,60,63,129,18,70,103,130,108"/><W86/><G75/><T73/><D73/><U120/><E115/><V5/><F132/><W102/><G18/><T12/><D37/><U58/><E120/><V21/><F124/><N who="0" m="47690" /><D123/><U76/><E20/><V80/><F38/><W28/><G133/><T118/><D118/><U0/><E58/><V39/><F39/><W117/><G117/><T135/><D135/><U122/><E48/><V22/><F43/><W46/><G46/><N who="0" m="27991" /><D128/><N who="3" m="49257" /><G28/><T95/><D6/><U109/><E32/><V105/><F29/><W90/><G108/><T52/><D16/><U116/><E116/><V65/><F5/><W134/><G134/><T40/><D40/><U17/><E17/><V51/><F51/><W30/><G30/><T34/><D34/><U119/><E109/><V79/><F13/><W92/><G86/><T121/><D121/><U56/><E56/><V1/><F1/><N who="1" m="617" /><E122/><V89/><F65/><N who="3" m="41255" /><G63/><N who="0" m="40447" /><D52/><U53/><E53/><V131/><F131/><W26/><G26/><T99/><D99/><U55/><E55/><V35/><F35/><W107/><G107/><T106/><D106/><N who="1" m="63783" /><E119/><V104/><F105/><W24/><G24/><T98/><D98/><U41/><E41/><V82/><F104/><W47/><G47/><T36/><D36/><U42/><E42/><V44/><F44/><W111/><G111/><T19/><D19/><U15/><E15/><AGARI ba="0,0" hai="7,10,15,84,90,92,102,103" m="41255,49257" machi="15" ten="30,1500,0" yaku="19,1" doraHai="100" who="3" fromWho="1" sc="251,0,262,-15,254,0,233,15" /><INIT seed="3,1,0,4,4,27" ten="251,247,254,248" oya="3" hai0="81,58,49,79,53,12,20,50,84,97,62,40,31" hai1="64,65,131,100,60,51,83,124,132,82,36,105,110" hai2="59,122,7,130,72,91,61,77,98,108,67,39,14" hai3="120,74,0,54,126,75,88,48,46,127,106,101,11"/><W89/><G101/><T55/><D40/><U4/><E36/><V6/><F39/><W1/><G106/><T9/><D97/><U71/><E110/><V13/><F108/><W70/><G70/><T76/><D76/><U26/><E132/><V18/><F130/><W109/><G120/><T103/><D103/><U78/><E131/><V56/><F122/><W32/><G32/><T114/><D114/><U33/><E124/><N who="3" m="47658" /><G109/><T44/><D62/><U116/><E116/><V118/><F118/><W125/><N who="3" m="47666" /><W2/><DORA hai="22" /><G11/><T21/><REACH who="0" step="1"/><D31/><REACH who="0" ten="241,247,254,248" step="2"/><U123/><E100/><V99/><F77/><W41/><G41/><T25/><D25/><U128/><E26/><V63/><F72/><AGARI ba="1,1" hai="0,1,2,46,48,54,72,74,75,88,89" m="47666" machi="72" ten="50,4800,0" yaku="18,1,54,1" doraHai="27,22" who="3" fromWho="2" sc="241,0,247,0,254,-51,248,61" owari="241,-15.9,247,4.7,203,-29.7,309,40.9" /></mjloggm>