<mjloggm ver="2.3"><GO type="225" lobby="0"/><UN n0="%E6%A1%9C%E8%8A%B1%E9%96%83%E3%80%85" n1="%E3%81%AF%E3%81%BE%E3%81%A1%E3%83%AA%E3%83%BC%E3%82%B0" n2="%E5%87%BA%E6%B0%B4" n3="%E6%9D%B1%E9%A2%A8%E3%81%AE%E3%81%8D%E3%82%83%E3%81%B7%E3%81%95%E3%82%93" dan="16,16,16,16" rate="2041.93,2102.39,2103.00,2134.88" sx="M,M,F,M"/><TAIKYOKU oya="0"/><INIT seed="0,0,0,3,1,50" ten="250,250,250,250" oya="0" hai0="12,128,108,121,91,32,107,104,33,76,49,38,101" hai1="105,131,67,93,75,64,9,135,97,109,11,43,20" hai2="84,98,122,55,10,53,14,96,113,23,99,124,21" hai3="85,102,100,125,28,114,31,15,132,111,18,4,119"/><T51/><D38/><U110/><E105/><N who="0" m="40521" /><D101/><N who="1" m="60591" /><E75/><V127/><F122/><W45/><G119/><T34/><D91/><U90/><E131/><V79/><F113/><W62/><G114/><T69/><D12/><U71/><E135/><V73/><F73/><W42/><G132/><T56/><D56/><U46/><E20/><N who="2" m="7755" /><F127/><W118/><G125/><T7/><D7/><U82/><E71/><V130/><F130/><W81/><G118/><T47/><D128/><U24/><E24/><V87/><F124/><W37/><G4/><T103/><D47/><U6/><E6/><N who="2" m="3415" /><F79/><W65/><G31/><T54/><D103/><U13/><E13/><V29/><F29/><W116/><G28/><T27/><D76/><U89/><E11/><V8/><F8/><W133/><G116/><T68/><D27/><U120/><E9/><V0/><F0/><W30/><G30/><T129/><D129/><U117/><E117/><V63/><F63/><W26/><G62/><T40/><D121/><U39/><E120/><V134/><F134/><W16/><G133/><T115/><D115/><U86/><E90/><V66/><F66/><W59/><G65/><T25/><D25/><U2/><E2/><V92/><F92/><W72/><G26/><T88/><D88/><U95/><E95/><V3/><F3/><W44/><G100/><T126/><D126/><U36/><E36/><V58/><F58/><W83/><G37/><T60/><D69/><U70/><E70/><V106/><F106/><W17/><G102/><T57/><D68/><U41/><E67/><V74/><F74/><W22/><G72/><RYUUKYOKU ba="0,0" sc="250,-10,250,-10,250,30,250,-10" hai2="53,55,84,87,96,98,99" /><INIT seed="1,1,0,0,3,122" ten="240,240,280,240" oya="1" hai0="86,15,1,99,17,34,33,52,98,36,119,132,113" hai1="110,115,104,32,66,47,8,37,0,90,93,28,59" hai2="40,19,76,130,35,20,121,42,70,44,65,48,75" hai3="69,107,68,2,46,7,123,39,71,128,50,22,23"/><U80/><E115/><V45/><F121/><W125/><G123/><T82/><D113/><U118/><E118/><V43/><F130/><W97/><G128/><T53/><D1/><U124/><E104/><V91/><F35/><W13/><G125/><T84/><D36/><U83/><E124/><V49/><F75/><W16/><G39/><T74/><D74/><U30/><E32/><V73/><F73/><W92/><G107/><T5/><D5/><U120/><E120/><V88/><F76/><W54/><G2/><T72/><D72/><U95/><E8/><V133/><F133/><W62/><G7/><T78/><D119/><U12/><E12/><V55/><F65/><W61/><REACH who="3" step="1"/><G23/><REACH who="3" ten="240,240,280,230" step="2"/><N who="0" m="11711" /><D132/><U51/><E37/><V77/><F70/><W126/><G126/><T27/><D33/><U41/><E0/><V101/><F101/><AGARI ba="1,1" hai="13,16,22,46,50,54,61,62,68,69,71,92,97,101" machi="101" ten="40,2600,0" yaku="1,1,54,1,53,0" doraHai="122" doraHaiUra="108" who="3" fromWho="2" sc="240,0,240,0,280,-29,230,39" /><INIT seed="2,0,0,3,4,63" ten="240,240,251,269" oya="2" hai0="135,45,106,41,44,25,86,74,31,117,107,108,55" hai1="101,112,100,77,70,132,14,65,40,2,56,85,131" hai2="97,81,51,121,42,102,8,52,24,111,49,16,84" hai3="89,37,83,1,10,60,27,134,76,21,5,105,95"/><V57/><F121/><W113/><G105/><T93/><D74/><U34/><E112/><V6/><F111/><W109/><G37/><T50/><D108/><U61/><E2/><V23/><F42/><W19/><G113/><T126/><D126/><U64/><E34/><V99/><F49/><W3/><G134/><T118/><D135/><U15/><E132/><V36/><F36/><W125/><G1/><T124/><D124/><U62/><E40/><V20/><F20/><W91/><G109/><T22/><D93/><U88/><E77/><V115/><F102/><W4/><G4/><T79/><D86/><U53/><E131/><V54/><F54/><W29/><G125/><T123/><D79/><U120/><E120/><V7/><F115/><W58/><G95/><T68/><D68/><U72/><E72/><V39/><F39/><W128/><G29/><T82/><D82/><N who="1" m="49207" /><E62/><V127/><F127/><W46/><G46/><T103/><D123/><U26/><E26/><V114/><F114/><W78/><G78/><T73/><D73/><U30/><E30/><V129/><F129/><W0/><G0/><T130/><D130/><U59/><E59/><V32/><F32/><W48/><G128/><T18/><D31/><U12/><E70/><V67/><F24/><W33/><G33/><T35/><D35/><U11/><E11/><V90/><F8/><W38/><G38/><N who="0" m="21559" /><D107/><U66/><AGARI ba="0,0" hai="12,14,15,53,56,61,64,65,66,100,101" m="49207" machi="66" ten="30,8000,1" yaku="8,1,52,3,54,1" doraHai="63" who="1" fromWho="1" sc="240,-20,240,80,251,-40,269,-20" /><INIT seed="3,0,0,5,3,124" ten="220,320,211,249" oya="3" hai0="38,119,50,63,92,40,5,4,105,46,11,84,17" hai1="69,0,108,83,56,42,111,67,47,128,90,133,126" hai2="25,134,118,125,66,73,39,117,91,14,20,127,35" hai3="103,130,21,19,115,77,97,36,45,120,89,2,94"/><W113/><G2/><T51/><D105/><U16/><E128/><V37/><F134/><W98/><G77/><T31/><D119/><N who="2" m="45578" /><F73/><W6/><G6/><N who="0" m="2667" /><D38/><N who="2" m="14346" /><F66/><W59/><G59/><T114/><D114/><U68/><E126/><N who="2" m="48139" /><F91/><W75/><G75/><T13/><D31/><U85/><E0/><V15/><F35/><W71/><G130/><T53/><D63/><U100/><E67/><V65/><F65/><W43/><G71/><T32/><D32/><U10/><E90/><V48/><F48/><W104/><REACH who="3" step="1"/><G120/><REACH who="3" ten="220,320,211,239" step="2"/><T101/><D46/><U54/><E47/><V123/><F123/><W30/><G30/><AGARI ba="0,1" hai="14,15,20,25,30" m="48139,14346,45578" machi="30" ten="40,1300,0" yaku="18,1" doraHai="124" who="2" fromWho="3" sc="220,0,320,0,211,23,239,-13" owari="220,-28.0,320,42.0,234,3.4,226,-17.4" /></mjloggm>