<mjloggm ver="2.3"><GO type="225" lobby="0"/><UN n0="%4D%6F%6E%61%6E%61" n1="%E6%A1%9C%E8%8A%B1%E9%96%83%E3%80%85" n2="%E6%9D%B1%E9%A2%A8%E3%81%AE%E3%81%8D%E3%82%83%E3%81%B7%E3%81%95%E3%82%93" n3="%E3%81%A4%E3%81%A3%E3%81%B1%E3%82%8A%E3%83%9D%E3%83%BC%E3%83%AB" dan="16,16,17,17" rate="2122.62,2172.58,2198.77,2179.62" sx="F,M,M,M"/><TAIKYOKU oya="0"/><INIT seed="0,0,0,0,5,11" ten="250,250,250,250" oya="0" hai0="40,27,61,121,21,77,57,1,109,45,62,72,22" hai1="115,103,52,31,32,28,125,39,55,60,133,38,132" hai2="120,87,14,26,65,93,126,114,18,29,33,124,10" hai3="119,15,116,41,97,5,101,53,2,69,122,49,92"/><T74/><D121/><U71/><E103/><V17/><F65/><W95/><G122/><T79/><D1/><U85/><E85/><V6/><F120/><W118/><G69/><T84/><D109/><U105/><E32/><V130/><F93/><W75/><G75/><T108/><D108/><U56/><E105/><V66/><F87/><W127/><G127/><N who="2" m="48681" /><F66/><W131/><G131/><T25/><D84/><U30/><E125/><V36/><F36/><N who="1" m="13865" /><E71/><V111/><F111/><W110/><G110/><T117/><D57/><U104/><E104/><V135/><F130/><W43/><G2/><T76/><D76/><U100/><E100/><V80/><F80/><W88/><G5/><T91/><D91/><U90/><E90/><V46/><F46/><W94/><G15/><T83/><D83/><U24/><E55/><V8/><F114/><W107/><REACH who="3" step="1"/><G88/><REACH who="3" ten="250,250,250,240" step="2"/><T67/><D72/><U4/><E4/><N who="2" m="3335" /><F135/><N who="1" m="51785" /><E24/><V23/><F33/><W7/><G7/><T54/><D74/><U78/><E78/><V82/><F82/><W89/><G89/><T51/><D77/><U128/><E128/><V86/><F86/><W129/><G129/><T64/><D79/><U9/><E9/><V12/><AGARI ba="0,1" hai="6,10,12,17,18,23,26,29" m="3335,48681" machi="12" ten="30,8000,1" yaku="18,1,34,2,52,2" doraHai="11" who="2" fromWho="2" sc="250,-40,250,-20,250,90,240,-20" /><INIT seed="1,0,0,4,0,50" ten="210,230,340,220" oya="1" hai0="80,34,42,7,58,23,63,0,114,36,53,99,5" hai1="25,55,11,60,93,20,69,38,64,83,110,46,57" hai2="135,40,78,88,26,65,18,130,104,17,19,24,82" hai3="43,12,133,41,49,22,59,72,13,121,9,134,79"/><U75/><E110/><V125/><F104/><W33/><G33/><T129/><D114/><U100/><E11/><V31/><F135/><N who="3" m="51723" /><G121/><T71/><D34/><U120/><E120/><V92/><F130/><W101/><G101/><T47/><D129/><U102/><E75/><V74/><F125/><W68/><G68/><T73/><D99/><U76/><E93/><V51/><F65/><W124/><G124/><T128/><D128/><U127/><E127/><V116/><F116/><W103/><G103/><T94/><D94/><U81/><E81/><V131/><F131/><W29/><G79/><T126/><D126/><U10/><E10/><V61/><F61/><W109/><G72/><T66/><D23/><U8/><E8/><V106/><F106/><W85/><G85/><T86/><D0/><U54/><E83/><V56/><F31/><W16/><G109/><T84/><D84/><U52/><E76/><V28/><F28/><W95/><G95/><T35/><D35/><U108/><E69/><V44/><REACH who="2" step="1"/><F56/><REACH who="2" ten="210,230,330,220" step="2"/><W115/><G115/><T98/><D73/><U70/><E70/><V1/><F1/><W62/><G29/><T14/><D71/><U39/><E108/><V77/><F77/><W117/><G117/><T91/><D66/><U37/><REACH who="1" step="1"/><E46/><REACH who="1" ten="210,220,330,220" step="2"/><V123/><F123/><W132/><G132/><T111/><D111/><U112/><E112/><V105/><F105/><W15/><G9/><T3/><D47/><U90/><E90/><V30/><F30/><AGARI ba="0,2" hai="20,25,30,37,38,39,52,54,55,57,60,64,100,102" machi="30" ten="50,12000,1" yaku="1,1,52,3,54,1,53,0" doraHai="50" doraHaiUra="87" who="1" fromWho="2" sc="210,0,220,140,330,-120,220,0" /><INIT seed="1,1,0,4,4,97" ten="210,360,210,220" oya="1" hai0="19,9,104,92,60,48,93,21,120,13,89,12,102" hai1="132,134,47,74,0,24,41,119,109,83,66,72,68" hai2="135,125,42,130,27,116,79,64,3,124,11,17,128" hai3="49,56,67,57,105,84,81,77,122,59,100,2,30"/><U37/><E119/><V114/><F79/><W75/><G122/><T101/><D104/><U88/><E0/><V53/><F53/><W103/><G2/><T44/><D120/><U54/><E54/><V65/><F42/><W112/><G112/><T95/><D60/><N who="1" m="40007" /><E24/><V111/><F64/><W34/><G105/><T40/><REACH who="0" step="1"/><D89/><REACH who="0" ten="200,360,210,220" step="2"/><U20/><E109/><V85/><F111/><W52/><G67/><T106/><D106/><U69/><E69/><V1/><F65/><W31/><G75/><T55/><D55/><U15/><E88/><V36/><F116/><W96/><G34/><T58/><D58/><N who="3" m="22633" /><G96/><T90/><D90/><U107/><E107/><V32/><F85/><W39/><G39/><T110/><D110/><U91/><E74/><V117/><F36/><W22/><G22/><T25/><D25/><U76/><E20/><N who="2" m="13711" /><F32/><W86/><G86/><T35/><D35/><U14/><E91/><V133/><F117/><W18/><G18/><AGARI ba="1,1" hai="9,12,13,18,19,21,40,44,48,92,93,95,101,102" machi="18" ten="40,8000,1" yaku="1,1,8,1,52,2,53,0" doraHai="97" doraHaiUra="70" who="0" fromWho="3" sc="200,93,360,0,210,0,220,-83" /><INIT seed="2,0,0,4,4,31" ten="293,360,210,137" oya="2" hai0="44,109,51,28,60,117,2,113,9,65,43,73,21" hai1="3,92,27,50,64,20,18,133,75,77,98,58,46" hai2="47,83,57,15,105,127,95,114,26,32,134,48,10" hai3="7,16,86,115,4,130,17,103,97,120,22,76,124"/><V96/><F114/><W5/><G120/><T107/><D73/><U129/><E3/><V135/><F105/><W104/><G115/><T128/><D107/><U8/><E133/><N who="2" m="50699" /><F83/><W59/><G130/><T69/><D113/><U34/><E129/><V131/><F57/><W81/><G124/><T25/><D128/><U74/><E77/><V42/><F131/><W6/><N who="3" m="1024" /><DORA hai="111" /><W63/><REACH who="3" step="1"/><G22/><REACH who="3" ten="293,360,210,127" step="2"/><T79/><D2/><U91/><E20/><V0/><F127/><W85/><G85/><T99/><D117/><U122/><E122/><V29/><F0/><W125/><G125/><T38/><D9/><U82/><E8/><V13/><F10/><W126/><G126/><T108/><D109/><U118/><E75/><V72/><F72/><W12/><G12/><T112/><D108/><U23/><E23/><V70/><F70/><W49/><G49/><T90/><D112/><U102/><E50/><V30/><F30/><W66/><AGARI ba="0,1" hai="16,17,59,63,66,76,81,86,97,103,104" m="1024" machi="66" ten="40,8000,1" yaku="1,1,0,1,54,1,53,1" doraHai="31,111" doraHaiUra="87,100" who="3" fromWho="3" sc="293,-20,360,-20,210,-40,127,90" /><INIT seed="3,0,0,3,5,35" ten="273,340,170,217" oya="3" hai0="27,59,47,82,67,89,94,129,93,103,3,106,15" hai1="10,134,4,107,6,36,55,77,31,12,46,78,19" hai2="87,121,9,79,70,62,41,7,43,45,105,114,44" hai3="40,72,88,54,101,85,80,100,64,63,30,74,69"/><W123/><G123/><T28/><D129/><U127/><E107/><V57/><F105/><W83/><G40/><T24/><D106/><U97/><E134/><V95/><F70/><W117/><G117/><T120/><D3/><U112/><E112/><V37/><F121/><W49/><G30/><T99/><D120/><U61/><E127/><V23/><F114/><W135/><G135/><T34/><D47/><U108/><E108/><V26/><F79/><N who="1" m="30217" /><E36/><V73/><F73/><W14/><G14/><T92/><D15/><U1/><E1/><V76/><F76/><W81/><G74/><T126/><D82/><U39/><E39/><V11/><F7/><W66/><G66/><T21/><D126/><U128/><E128/><V38/><F95/><W20/><G20/><T130/><D89/><U75/><E97/><V84/><F9/><W32/><G32/><T18/><D130/><U115/><E31/><V131/><F11/><W90/><G90/><T2/><D2/><U91/><E91/><V113/><F113/><W5/><G5/><T42/><D42/><U48/><E115/><V13/><F13/><W16/><G72/><T111/><D111/><U125/><E125/><V96/><F96/><W56/><REACH who="3" step="1"/><G16/><REACH who="3" ten="273,340,170,207" step="2"/><N who="0" m="12327" /><D34/><U25/><E75/><V116/><F116/><W132/><G132/><T122/><D122/><U119/><E119/><V60/><F131/><W102/><AGARI ba="0,1" hai="49,54,56,63,64,69,80,81,83,85,88,100,101,102" machi="102" ten="30,6000,0" yaku="1,1,0,1,54,1,53,0" doraHai="35" doraHaiUra="118" who="3" fromWho="3" sc="273,-20,340,-20,170,-20,207,70" /><INIT seed="3,1,0,0,2,112" ten="253,320,150,277" oya="3" hai0="94,72,77,129,6,0,49,59,52,74,7,48,9" hai1="89,31,23,96,97,124,113,29,104,32,130,69,66" hai2="20,79,12,37,65,47,25,71,120,67,22,54,46" hai3="18,39,53,95,92,76,98,8,88,34,57,62,105"/><W90/><G39/><T38/><D38/><U1/><E113/><V51/><F120/><W84/><G34/><T135/><D129/><U99/><E130/><V42/><F79/><W80/><G105/><T117/><D117/><U27/><E1/><V123/><F123/><W19/><G8/><T63/><D135/><U16/><E124/><V127/><F127/><W45/><G45/><T33/><D33/><U122/><E122/><V73/><F73/><W24/><G24/><T102/><D7/><U87/><E104/><V58/><F47/><W110/><G110/><T5/><D5/><U131/><E131/><V75/><F75/><W81/><G81/><T10/><D10/><U55/><E32/><V68/><F12/><W28/><G28/><N who="1" m="10826" /><E69/><V36/><F20/><W133/><G133/><T70/><D77/><U30/><E30/><V41/><F22/><W50/><G50/><T15/><D0/><U2/><E66/><N who="2" m="25099" /><F25/><W4/><G4/><T83/><D83/><N who="1" m="49407" /><E2/><V86/><F86/><AGARI ba="1,0" hai="18,19,53,57,62,76,80,84,86,88,90,92,95,98" machi="86" ten="30,5800,0" yaku="7,1,8,1,54,1" doraHai="112" who="3" fromWho="2" sc="253,0,320,0,150,-61,277,61" owari="253,-14.7,320,12.0,89,-41.1,338,43.8" /></mjloggm>