<mjloggm ver="2.3"><GO type="225" lobby="0"/><UN n0="%72%69%6F%75%63%68%61%6E" n1="%6D%75%75%6D%75%72%61" n2="%E6%A1%9C%E8%8A%B1%E9%96%83%E3%80%85" n3="%E9%89%A2%E5%B7%BB%E3%82%AC%E3%83%96" dan="17,16,17,16" rate="2183.32,2178.75,2151.17,2077.27" sx="M,F,M,M"/><TAIKYOKU oya="0"/><INIT seed="0,0,0,5,5,121" ten="250,250,250,250" oya="0" hai0="34,36,23,69,4,99,95,60,108,79,133,91,132" hai1="131,134,64,45,122,81,67,20,117,135,109,102,118" hai2="90,31,15,119,38,76,130,25,49,114,78,1,113" hai3="17,84,63,56,98,107,11,126,51,40,80,111,100"/><T88/><D34/><U54/><E122/><V55/><F1/><W89/><G126/><T127/><D127/><U10/><E102/><V13/><F38/><W87/><G87/><T12/><D36/><U24/><E81/><V125/><F125/><W96/><G96/><T92/><D108/><U3/><E10/><V85/><F130/><W101/><G101/><T37/><D37/><U14/><E14/><N who="2" m="5131" /><F119/><W19/><G11/><T59/><D69/><U128/><E3/><V48/><F48/><W30/><G30/><T123/><D123/><U58/><E45/><N who="2" m="28079" /><F114/><W103/><G103/><T112/><D112/><U22/><E24/><V68/><F68/><W116/><G116/><N who="1" m="44650" /><E109/><V71/><F71/><W18/><G111/><T72/><D72/><U39/><E39/><V2/><F2/><W83/><G51/><T115/><D115/><U86/><E86/><V5/><F5/><W70/><G70/><T43/><D4/><U65/><E20/><N who="2" m="15783" /><F113/><W52/><REACH who="3" step="1"/><G40/><REACH who="3" ten="250,250,250,240" step="2"/><T41/><D43/><U47/><E22/><V120/><F120/><W94/><AGARI ba="0,1" hai="17,18,19,52,56,63,80,83,84,89,94,98,100,107" machi="94" ten="30,7900,0" yaku="1,1,2,1,0,1,54,1,53,0" doraHai="121" doraHaiUra="73" who="3" fromWho="3" sc="250,-39,250,-20,250,-20,240,89" /><INIT seed="1,0,0,4,5,50" ten="211,230,230,329" oya="1" hai0="26,125,63,118,133,135,80,21,29,18,39,49,96" hai1="98,44,121,102,105,51,134,4,3,128,95,30,32" hai2="69,71,110,97,90,130,1,38,74,34,47,54,55" hai3="45,36,131,0,103,53,70,109,35,77,104,7,17"/><U72/><E121/><V88/><F34/><W126/><G70/><T111/><D111/><U123/><E123/><V48/><F110/><W114/><G35/><T73/><D125/><U16/><E128/><V116/><F116/><W13/><G103/><T65/><D39/><U79/><E134/><V64/><F130/><W99/><G99/><T127/><D127/><U46/><E105/><V93/><F1/><W68/><G68/><T112/><D118/><U59/><E3/><V14/><F38/><W106/><G109/><T31/><D112/><U62/><E4/><V9/><F74/><W83/><G114/><T43/><D96/><U28/><E32/><V19/><F64/><W24/><G24/><T40/><D73/><U117/><E117/><V15/><F90/><W89/><G89/><T81/><D81/><U52/><E44/><V12/><F12/><W42/><G53/><T5/><D80/><U58/><E72/><V129/><F129/><W132/><G132/><N who="0" m="50763" /><D5/><U8/><E79/><V91/><F91/><W113/><G113/><T2/><D2/><U56/><E62/><V27/><F27/><W84/><G126/><T122/><D122/><U94/><E94/><V87/><F97/><W82/><G82/><T37/><D37/><U108/><E108/><V20/><REACH who="2" step="1"/><F55/><REACH who="2" ten="211,230,220,329" step="2"/><W86/><G131/><T66/><D65/><U78/><E78/><V10/><F10/><N who="3" m="6327" /><G84/><T11/><D11/><U33/><E33/><V60/><F60/><W115/><G115/><T57/><D49/><U107/><E107/><N who="3" m="41002" /><G0/><T101/><D101/><U92/><E92/><V6/><AGARI ba="0,1" hai="6,9,14,15,19,20,47,48,54,69,71,87,88,93" machi="6" ten="20,12000,2" yaku="1,1,5,1,0,1,7,1,52,1,54,1,53,0" doraHai="50" doraHaiUra="23" who="2" fromWho="2" sc="211,-30,230,-60,220,130,329,-30" /><INIT seed="2,0,0,5,1,11" ten="181,170,350,299" oya="2" hai0="5,35,87,29,32,123,9,83,14,78,89,100,108" hai1="43,95,18,120,40,66,103,21,23,55,41,130,109" hai2="62,49,119,7,91,134,93,85,30,74,98,126,33" hai3="70,44,19,63,117,2,99,132,116,96,54,72,73"/><V8/><F119/><W124/><G2/><T47/><D123/><U80/><E120/><V128/><F74/><W92/><G124/><T97/><D108/><U67/><E109/><V129/><F126/><W82/><G132/><T125/><D125/><U16/><E130/><N who="2" m="50283" /><F134/><W104/><G104/><T112/><D112/><U81/><E55/><V79/><F49/><W52/><G19/><N who="1" m="7210" /><E103/><V84/><F79/><W61/><G92/><T71/><D71/><U113/><E95/><V102/><F62/><W17/><G17/><T45/><D78/><U51/><E51/><V12/><F102/><W36/><G70/><T86/><D86/><U69/><E69/><V59/><F59/><W106/><G106/><T26/><REACH who="0" step="1"/><D35/><REACH who="0" ten="171,170,350,299" step="2"/><U122/><E113/><V6/><F85/><W34/><G34/><T50/><D50/><U131/><E122/><V37/><F84/><W101/><G72/><T135/><D135/><U27/><E131/><V105/><F33/><W1/><G73/><T75/><D75/><U118/><E118/><V114/><F114/><W3/><G117/><T77/><D77/><U31/><E21/><V88/><F37/><W22/><G116/><T121/><D121/><U39/><E39/><V10/><F98/><W64/><G36/><T110/><D110/><U133/><E133/><V65/><F10/><W127/><G127/><T58/><D58/><U42/><N who="1" m="10240" /><DORA hai="60" /><U57/><E57/><V94/><F8/><W13/><G96/><T38/><D38/><U53/><E53/><V20/><F20/><W25/><G99/><T56/><D56/><U24/><E24/><RYUUKYOKU ba="0,1" sc="171,15,170,15,350,-15,299,-15" hai0="5,9,14,26,29,32,45,47,83,87,89,97,100" hai1="23,27,31,66,67,80,81" /><INIT seed="3,1,1,4,0,34" ten="186,185,335,284" oya="3" hai0="97,84,30,128,5,10,38,112,135,75,21,44,127" hai1="91,25,72,66,67,1,35,17,32,56,88,23,114" hai2="81,39,106,109,15,24,8,115,82,99,104,3,108" hai3="46,117,43,119,90,95,47,123,31,58,129,11,64"/><W98/><G123/><T125/><D128/><U68/><E114/><V0/><F39/><W79/><G129/><T111/><D111/><N who="2" m="42570" /><F24/><W18/><G79/><T107/><D135/><U101/><E72/><V63/><F63/><W83/><G31/><T131/><D75/><U130/><E68/><V19/><F115/><W27/><G83/><N who="2" m="31753" /><F99/><W41/><G58/><T132/><D112/><U16/><E130/><V110/><F110/><W13/><G64/><N who="1" m="24618" /><E1/><AGARI ba="1,1" hai="0,1,3,8,15,19,104,106" m="31753,42570" machi="1" ten="30,7700,0" yaku="14,1,52,3" doraHai="34" who="2" fromWho="1" sc="186,0,185,-80,335,90,284,0" owari="186,-21.4,105,-39.5,425,52.5,284,8.4" /></mjloggm>