<mjloggm ver="2.3"><GO type="225" lobby="0"/><UN n0="%E8%81%B7%E6%A5%AD%E3%80%81%E9%A2%A8%32" n1="%6D%75%75%6D%75%72%61" n2="%E3%81%99%E3%81%84%E3%81%BE%E3%81%9B%E3%83%BC%E3%82%93" n3="%E6%A1%9C%E8%8A%B1%E9%96%83%E3%80%85" dan="16,16,16,17" rate="2157.22,2140.24,2137.27,2108.38" sx="M,F,M,M"/><TAIKYOKU oya="0"/><INIT seed="0,0,0,5,4,134" ten="250,250,250,250" oya="0" hai0="95,4,71,2,76,92,107,8,7,93,49,99,127" hai1="13,75,106,96,40,70,41,32,11,10,69,101,87" hai2="57,100,5,59,52,63,24,44,94,121,125,38,83" hai3="19,116,9,74,132,89,58,124,15,102,122,130,1"/><T47/><D127/><U62/><E75/><V78/><F121/><W131/><G116/><T118/><D118/><U105/><E105/><V72/><F125/><W31/><G132/><T103/><D71/><U30/><E87/><V119/><F119/><W77/><G102/><T22/><D7/><U111/><E111/><V128/><F128/><W113/><G113/><T67/><D67/><N who="1" m="41207" /><E70/><V21/><F5/><W79/><G122/><T50/><D76/><U55/><E55/><V115/><F115/><W18/><G31/><T27/><REACH who="0" step="1"/><D47/><REACH who="0" ten="240,250,250,250" step="2"/><U64/><E64/><V82/><F44/><W39/><G124/><T133/><D133/><U45/><E45/><V123/><F123/><W120/><G120/><T98/><D98/><U110/><E110/><V17/><F78/><W48/><G79/><T29/><AGARI ba="0,1" hai="2,4,8,22,27,29,49,50,92,93,95,99,103,107" machi="29" ten="30,11700,0" yaku="1,1,0,1,53,2" doraHai="134" doraHaiUra="46" who="0" fromWho="0" sc="240,127,250,-39,250,-39,250,-39" /><INIT seed="0,1,0,0,2,118" ten="367,211,211,211" oya="0" hai0="126,35,76,80,28,14,36,42,104,97,71,107,73" hai1="69,78,66,30,125,50,72,22,83,131,24,20,121" hai2="105,53,9,77,85,95,90,19,18,38,51,92,60" hai3="110,63,62,135,124,13,81,96,93,134,47,56,37"/><T122/><D122/><U112/><E131/><V21/><F105/><W15/><G110/><T100/><D14/><N who="3" m="5129" /><G124/><T127/><D71/><U98/><E125/><N who="0" m="47625" /><D107/><U91/><E112/><V6/><F38/><W39/><G81/><T17/><D17/><U10/><E10/><V32/><F32/><W89/><G47/><N who="0" m="24007" /><D28/><U40/><E121/><V25/><F60/><N who="3" m="23083" /><G56/><T74/><D74/><U103/><E69/><V43/><F43/><W88/><G89/><T55/><D55/><U16/><E66/><V5/><F77/><W94/><G94/><T12/><D12/><U70/><E70/><V87/><F18/><W101/><G101/><T79/><D76/><U114/><E114/><V29/><F19/><W68/><G68/><T82/><D80/><U75/><E91/><N who="2" m="53359" /><F9/><W3/><G3/><T102/><D100/><U113/><E113/><V84/><F84/><W58/><G58/><AGARI ba="1,0" hai="5,6,21,25,29,51,53,58,87,90,95" m="53359" machi="58" ten="30,1000,0" yaku="8,1" doraHai="118" who="2" fromWho="3" sc="367,0,211,0,211,13,211,-13" /><INIT seed="1,0,0,1,2,31" ten="367,211,224,198" oya="1" hai0="53,114,48,122,94,108,61,37,9,111,110,22,70" hai1="101,1,5,86,128,33,29,74,134,36,20,130,82" hai2="52,126,112,28,49,96,103,83,102,54,14,19,27" hai3="129,89,113,67,125,99,97,68,121,60,105,75,72"/><U10/><E134/><V4/><F126/><W93/><G121/><T80/><D37/><U55/><E74/><V39/><F39/><W104/><G113/><T73/><D114/><U24/><E36/><V57/><F112/><W90/><G125/><T25/><D122/><U92/><E55/><V8/><F83/><W16/><G129/><N who="1" m="49770" /><E101/><V71/><F71/><W51/><G51/><T3/><D73/><U118/><E118/><V56/><F4/><W120/><G120/><T23/><D80/><U76/><E92/><V46/><F54/><W65/><G93/><T59/><D94/><U135/><E135/><V63/><F63/><W35/><G60/><T119/><D119/><U127/><E127/><V131/><F131/><W62/><G62/><T69/><D23/><AGARI ba="0,0" hai="1,5,10,20,23,24,29,33,76,82,86" m="49770" machi="23" ten="30,2900,0" yaku="19,1,52,1" doraHai="31" who="1" fromWho="0" sc="367,-29,211,29,224,0,198,0" /><INIT seed="1,1,0,0,1,77" ten="338,240,224,198" oya="1" hai0="68,86,60,120,93,129,83,62,122,125,43,85,76" hai1="118,127,99,50,84,56,12,51,38,28,54,80,123" hai2="1,87,121,74,130,72,31,128,3,24,29,100,102" hai3="70,14,107,20,33,133,64,98,49,7,106,108,97"/><U37/><E118/><V117/><F117/><W11/><G33/><T126/><D129/><N who="2" m="49770" /><F87/><N who="0" m="33290" /><D93/><U8/><E123/><N who="0" m="47145" /><D43/><U67/><E127/><N who="0" m="48649" /><D68/><U88/><E67/><V17/><F121/><W95/><G64/><T113/><D113/><U34/><E99/><V65/><F65/><W18/><G97/><T73/><AGARI ba="1,0" hai="60,62,73,76,83" m="48649,47145,33290" machi="73" ten="40,5200,0" yaku="13,1,18,1,52,1" doraHai="77" who="0" fromWho="0" sc="338,55,240,-27,224,-14,198,-14" /><INIT seed="2,0,0,3,1,100" ten="393,213,210,184" oya="2" hai0="2,84,108,83,135,134,72,15,1,8,117,40,128" hai1="60,38,129,7,55,87,126,90,64,37,68,95,29" hai2="125,81,132,12,53,33,101,35,54,34,23,50,122" hai3="57,21,5,52,43,39,116,17,71,32,70,69,103"/><V73/><F122/><W131/><G116/><T127/><D108/><U66/><E129/><V18/><F125/><W123/><G123/><T20/><D117/><U79/><E126/><V109/><F132/><N who="0" m="50730" /><D128/><U30/><E66/><V56/><F109/><W28/><G131/><T24/><D72/><U3/><E55/><V51/><F101/><W63/><G5/><N who="0" m="3471" /><D40/><U113/><E113/><V10/><F10/><W96/><G32/><T75/><D75/><U106/><E7/><V46/><REACH who="2" step="1"/><F35/><REACH who="2" ten="393,213,200,184" step="2"/><W89/><G103/><T26/><D26/><U121/><E121/><V110/><F110/><W25/><G28/><N who="0" m="17415" /><D127/><U74/><E30/><V49/><F49/><W36/><G43/><T78/><AGARI ba="0,1" hai="1,2,78,83,84" m="17415,3471,50730" machi="78" ten="30,1100,0" yaku="20,1" doraHai="100" who="0" fromWho="0" sc="393,21,213,-3,200,-5,184,-3" /><INIT seed="3,0,0,1,4,125" ten="414,210,195,181" oya="3" hai0="7,110,46,93,134,57,111,25,16,101,64,22,122" hai1="69,76,73,20,15,40,94,33,97,51,58,8,24" hai2="90,28,85,65,45,61,133,5,39,78,117,43,126" hai3="88,41,100,113,70,127,132,104,68,0,50,120,29"/><W63/><G113/><T53/><D122/><U128/><E69/><V92/><F117/><W55/><G120/><T32/><D134/><U56/><E33/><V80/><F133/><W72/><G132/><T27/><D7/><N who="1" m="3487" /><E73/><V67/><F126/><W87/><G72/><T30/><D64/><U1/><E1/><V83/><F83/><W96/><G0/><T121/><D121/><U81/><E128/><V37/><F5/><W118/><G118/><T75/><D75/><U21/><E81/><V3/><F3/><W34/><G41/><T79/><D79/><U77/><E40/><V11/><F11/><W130/><G127/><T2/><D46/><U86/><E20/><V36/><F28/><W135/><G135/><T103/><D93/><U89/><E86/><V106/><F106/><W74/><G74/><T35/><D35/><U19/><E58/><V6/><F6/><W4/><G4/><T114/><D114/><U62/><E51/><V12/><F12/><W124/><G124/><T9/><D9/><U54/><AGARI ba="0,0" hai="19,21,24,54,56,62,76,77,89,94,97" m="3487" machi="54" ten="30,2000,0" yaku="25,1,8,1" doraHai="125" who="1" fromWho="1" sc="414,-5,210,20,195,-5,181,-10" owari="409,50.9,230,3.0,190,-21.0,171,-32.9" /></mjloggm>