<mjloggm ver="2.3"><GO type="225" lobby="0"/><UN n0="%E3%81%8B%E3%82%8F%E3%81%A1%E3%82%83%E3%82%93%35%38" n1="%E4%BE%BF%E6%89%80" n2="%E9%B3%B3%E6%9D%B1%E3%81%AE%E3%81%86%E3%81%95%E3%81%8E%E3%81%95%E3%82%93" n3="%E3%83%B4%E3%82%A3%E3%83%AF%E3%82%B3%E3%82%B0%E3%83%8B" dan="16,16,17,16" rate="2180.51,2028.16,2196.62,2160.22" sx="M,M,M,M"/><TAIKYOKU oya="0"/><INIT seed="0,0,0,2,4,130" ten="250,250,250,250" oya="0" hai0="97,74,57,114,106,122,31,17,29,51,118,117,125" hai1="52,76,30,5,61,7,107,4,64,127,73,60,132" hai2="82,6,39,108,65,38,90,44,123,113,13,95,80" hai3="48,0,56,77,63,115,133,20,126,49,99,85,43"/><T78/><D57/><U83/><E107/><V35/><F123/><W112/><G0/><T96/><D51/><U40/><E127/><V45/><F113/><W9/><G126/><T12/><D78/><U55/><E40/><V69/><F35/><W41/><G9/><N who="0" m="6287" /><D96/><U93/><E30/><N who="0" m="11273" /><D97/><U79/><E132/><V47/><F69/><W33/><G133/><T42/><D42/><U116/><E116/><V129/><F65/><W68/><G68/><T75/><D125/><U98/><E76/><V1/><F47/><W101/><G112/><T88/><D88/><U87/><E73/><V27/><F45/><W11/><G115/><T53/><D53/><N who="1" m="20555" /><E64/><V124/><F124/><W19/><G63/><T8/><D114/><U120/><E120/><V92/><F39/><W3/><G56/><T111/><D122/><U72/><E72/><V2/><F38/><W109/><G43/><T89/><D89/><AGARI ba="0,0" hai="4,5,7,60,61,79,83,87,89,93,98" m="20555" machi="89" ten="30,2000,0" yaku="8,1,54,1" doraHai="130" who="1" fromWho="0" sc="250,-20,250,20,250,0,250,0" /><INIT seed="1,0,0,4,2,44" ten="230,270,250,250" oya="1" hai0="97,41,16,12,37,104,19,6,103,14,86,3,47" hai1="112,78,120,1,22,30,31,129,65,80,84,9,67" hai2="95,49,93,55,20,102,27,57,127,29,42,91,11" hai3="105,106,54,75,68,82,94,72,18,7,56,96,50"/><U34/><E112/><V10/><F127/><W87/><G68/><T88/><D3/><U0/><E120/><V70/><F70/><W76/><G7/><T23/><D6/><U133/><E34/><V48/><F102/><W61/><G18/><T121/><D121/><U101/><E133/><V111/><F111/><W116/><G116/><T26/><REACH who="0" step="1"/><D19/><REACH who="0" ten="220,270,250,250" step="2"/><U77/><E0/><V59/><F95/><AGARI ba="0,1" hai="12,14,16,23,26,37,41,47,86,88,95,97,103,104" machi="95" ten="30,12000,2" yaku="1,1,2,1,7,1,54,2,53,1" doraHai="44" doraHaiUra="85" who="0" fromWho="2" sc="220,130,270,0,250,-120,250,0" /><INIT seed="2,0,0,3,2,117" ten="350,270,130,250" oya="2" hai0="31,110,84,19,80,32,105,49,44,38,8,33,119" hai1="114,130,23,51,46,60,18,108,63,135,100,28,35" hai2="10,1,71,131,61,93,99,92,128,103,16,17,75" hai3="129,27,87,113,12,4,41,30,5,96,57,9,59"/><V95/><F75/><W88/><G129/><N who="2" m="49737" /><F1/><W121/><G121/><T67/><D105/><U42/><E114/><V89/><F10/><W62/><G113/><T34/><D38/><U98/><E108/><V126/><F126/><W72/><G72/><T118/><D67/><U124/><E130/><V79/><F79/><W91/><G41/><T125/><D125/><U81/><E135/><V133/><F133/><W45/><G45/><T85/><D110/><U69/><E81/><V77/><F77/><W109/><G109/><T83/><D31/><U56/><E69/><V64/><F93/><N who="3" m="56359" /><G4/><T102/><D83/><U29/><E35/><V120/><F120/><W65/><G57/><T25/><D80/><U22/><E22/><V127/><F127/><W39/><G39/><T47/><D47/><U20/><E20/><V66/><F64/><W90/><G87/><AGARI ba="0,0" hai="16,17,61,66,71,87,89,92,95,99,103" m="49737" machi="87" ten="30,2900,0" yaku="19,1,54,1" doraHai="117" who="2" fromWho="3" sc="350,0,270,0,130,29,250,-29" /><INIT seed="2,1,0,2,2,66" ten="350,270,159,221" oya="2" hai0="20,110,73,119,129,96,102,38,104,63,95,75,55" hai1="108,61,126,72,93,3,48,46,116,100,85,131,34" hai2="8,98,114,29,59,10,50,70,35,4,92,15,76" hai3="99,68,14,19,47,2,62,52,69,65,84,118,36"/><V111/><F114/><W11/><G118/><T130/><D38/><U125/><E116/><V41/><F111/><W106/><G2/><T117/><D110/><U128/><E34/><V13/><F70/><W113/><G113/><T43/><D43/><U28/><E108/><V121/><F121/><W107/><G68/><T97/><D20/><U86/><E72/><N who="0" m="27721" /><D55/><N who="1" m="30103" /><E28/><V1/><F76/><W103/><G84/><N who="1" m="32362" /><E61/><V83/><F83/><W53/><REACH who="3" step="1"/><G106/><REACH who="3" ten="350,270,159,211" step="2"/><T91/><D119/><U124/><E3/><V60/><F1/><W17/><G17/><T80/><D104/><U89/><E100/><N who="2" m="60487" /><F35/><W44/><G44/><T71/><D117/><U78/><E78/><V105/><BYE who="1" /><F105/><UN n1="%E4%BE%BF%E6%89%80" /><W127/><G127/><T39/><D102/><U16/><E16/><N who="2" m="8231" /><F29/><W122/><G122/><T49/><D71/><U132/><E132/><V18/><F18/><W94/><G94/><T77/><D95/><U81/><E81/><V6/><F6/><W109/><G109/><T24/><D80/><U79/><E79/><V32/><F32/><W51/><G51/><T45/><D77/><U40/><E93/><V31/><F31/><W74/><G74/><T54/><D49/><U112/><E112/><V21/><F21/><W87/><G87/><T37/><D37/><U27/><E89/><V23/><F23/><W57/><G57/><N who="0" m="35255" /><D91/><U7/><E7/><V133/><F133/><W67/><G67/><T88/><D88/><U82/><E82/><V101/><F101/><W120/><G120/><T64/><D39/><U9/><E125/><V56/><F60/><W58/><G58/><T26/><D45/><AGARI ba="1,1" hai="4,10,15,41,45,50,56,59" m="8231,60487" machi="45" ten="30,5800,0" yaku="6,1,8,1,54,1" doraHai="66" who="2" fromWho="0" sc="350,-61,270,0,159,71,211,0" /><INIT seed="2,2,0,5,1,121" ten="289,270,230,211" oya="2" hai0="37,69,79,133,63,43,96,39,71,101,21,19,68" hai1="0,51,74,36,119,4,25,118,131,3,124,13,35" hai2="1,23,134,5,40,100,29,88,60,89,120,108,33" hai3="48,28,62,73,98,104,45,52,64,67,90,11,22"/><V93/><F120/><W10/><G73/><T72/><D63/><U92/><E36/><V103/><F33/><W128/><G128/><T58/><D58/><U113/><E74/><V111/><F40/><W15/><G104/><T91/><D91/><U85/><E51/><V126/><F134/><W105/><G105/><T57/><D57/><U66/><E66/><N who="3" m="25130" /><G62/><T20/><D20/><U78/><E92/><V2/><F60/><W9/><G28/><T7/><D7/><U110/><E85/><V44/><F44/><W109/><G109/><N who="2" m="42057" /><F126/><W24/><G24/><T135/><D43/><U59/><E124/><V53/><F53/><W38/><G38/><T99/><D39/><U115/><E110/><V84/><F29/><W31/><G31/><T112/><D37/><U30/><E59/><V75/><F75/><W42/><G42/><T14/><D135/><U55/><E55/><V130/><F130/><W47/><G47/><T18/><D133/><U114/><E131/><V129/><F129/><W56/><G45/><T50/><D50/><U82/><E35/><V8/><F1/><W49/><G49/><T123/><D123/><U132/><E132/><V116/><F116/><W95/><G22/><T87/><D72/><N who="1" m="43335" /><E0/><V94/><F23/><W6/><AGARI ba="2,0" hai="6,9,10,11,15,48,52,56,90,95,98" m="25130" machi="6" ten="30,2000,0" yaku="8,1,54,1" doraHai="121" who="3" fromWho="3" sc="289,-7,270,-7,230,-12,211,26" /><INIT seed="3,0,0,4,2,58" ten="282,263,218,237" oya="3" hai0="24,70,49,56,11,126,43,99,15,13,61,65,18" hai1="93,44,114,116,1,68,12,26,124,57,96,89,54" hai2="74,128,53,112,14,10,76,132,64,63,0,127,4" hai3="123,32,117,23,130,51,75,111,41,37,60,101,129"/><W69/><G32/><T105/><D126/><U115/><E68/><V119/><F112/><W94/><G117/><T92/><D105/><U82/><E1/><V21/><F119/><W91/><G123/><T2/><D2/><U81/><E116/><V48/><F127/><W88/><G75/><T22/><D70/><U121/><E121/><V131/><F132/><W120/><G120/><T42/><D49/><U106/><E124/><V45/><F76/><W86/><G37/><T25/><D15/><U100/><E12/><V16/><REACH who="2" step="1"/><F74/><REACH who="2" ten="282,263,208,237" step="2"/><W20/><G111/><T19/><D25/><U55/><E114/><V6/><F6/><W104/><G130/><T66/><D66/><U110/><E115/><V73/><F73/><W133/><G133/><T31/><D19/><U34/><E110/><V78/><F78/><W103/><G129/><T72/><D72/><U27/><E27/><V83/><F83/><W85/><G104/><T8/><D8/><U46/><E82/><V52/><F52/><W113/><G113/><T90/><AGARI ba="0,1" hai="11,13,18,22,24,31,42,43,56,61,65,90,92,99" machi="90" ten="20,5200,0" yaku="0,1,7,1,8,1,52,1" doraHai="58" who="0" fromWho="0" sc="282,62,263,-13,208,-13,237,-26" owari="344,44.4,250,5.0,195,-30.5,211,-18.9" /></mjloggm>