<mjloggm ver="2.3"><GO type="225" lobby="0"/><UN n0="%E5%8D%A0%E3%81%84%E5%B8%AB%E8%A3%8F%E3%81%AA%E3%81%84%E3%81%97" n1="%E6%B0%B7%E5%B7%9D%E9%87%8C%E5%A5%88" n2="%72%61%6B%33" n3="%63%68%78%62%64" dan="16,16,17,16" rate="2117.49,2149.53,2155.37,2134.89" sx="M,F,M,M"/><TAIKYOKU oya="0"/><INIT seed="0,0,0,0,5,39" ten="250,250,250,250" oya="0" hai0="93,82,60,77,13,81,87,47,2,1,17,128,37" hai1="28,101,9,51,43,23,26,48,99,108,73,119,75" hai2="15,122,50,27,21,103,16,12,41,135,102,96,127" hai3="57,29,6,85,91,95,59,125,68,130,42,123,61"/><T109/><D128/><U84/><E119/><V10/><F122/><W116/><G116/><T97/><D60/><U88/><E108/><V78/><F127/><W64/><G125/><T79/><D109/><U22/><E9/><V31/><F135/><W104/><G104/><T89/><D37/><U124/><E22/><V132/><F132/><W49/><G6/><T66/><D66/><U71/><E71/><V72/><F72/><W40/><G130/><T3/><D47/><U120/><E120/><V129/><F129/><W18/><G29/><T117/><D117/><U98/><E124/><V105/><F102/><W14/><G123/><T110/><D110/><U24/><E24/><V11/><F78/><W126/><G126/><T8/><REACH who="0" step="1"/><D1/><REACH who="0" ten="240,250,250,250" step="2"/><U80/><E48/><V112/><F112/><W35/><G68/><T67/><D67/><U86/><E51/><V113/><F113/><W55/><G35/><T111/><D111/><U4/><E43/><V5/><F50/><W44/><G44/><T38/><D38/><U118/><E118/><V25/><F41/><W92/><G92/><T131/><D131/><U52/><E52/><V53/><F53/><W62/><G62/><T0/><D0/><U121/><E121/><V20/><F105/><W76/><G76/><T133/><D133/><U19/><E73/><AGARI ba="0,1" hai="2,3,8,13,17,73,77,79,81,82,87,89,93,97" machi="73" ten="30,5800,0" yaku="1,1,7,1,53,1" doraHai="39" doraHaiUra="83" who="0" fromWho="1" sc="240,68,250,-58,250,0,250,0" /><INIT seed="0,1,0,1,3,35" ten="308,192,250,250" oya="0" hai0="125,31,83,94,0,27,122,60,96,90,32,30,19" hai1="132,17,64,49,81,76,112,40,53,117,52,109,93" hai2="54,2,107,128,66,82,118,33,71,99,47,88,56" hai3="24,34,4,124,135,105,3,5,14,123,91,104,106"/><T70/><D122/><U26/><E117/><V80/><F33/><W120/><G135/><T102/><D125/><U10/><E109/><V108/><F108/><W23/><G124/><T69/><D30/><U55/><E132/><V59/><F128/><W97/><G34/><T100/><D69/><U110/><E110/><V6/><F118/><W127/><G127/><T73/><D19/><U45/><E112/><V12/><F12/><W51/><G51/><T28/><D28/><U65/><E93/><V15/><F15/><W29/><G14/><T68/><D68/><U101/><E101/><V25/><F25/><W98/><G91/><T113/><D113/><U89/><E89/><V50/><F71/><W8/><REACH who="3" step="1"/><G4/><REACH who="3" ten="308,192,250,240" step="2"/><T133/><D133/><U92/><E10/><V38/><F88/><W119/><G119/><T7/><D90/><U87/><REACH who="1" step="1"/><E92/><REACH who="1" ten="308,182,250,240" step="2"/><V74/><F107/><W63/><G63/><T1/><D60/><U36/><E36/><V86/><F38/><W103/><G103/><T75/><D102/><U84/><E84/><V134/><F86/><W22/><G22/><AGARI ba="1,2" hai="17,22,26,40,45,49,52,53,55,64,65,76,81,87" machi="22" ten="40,5200,0" yaku="1,1,8,1,54,1,53,0" doraHai="35" doraHaiUra="129" who="1" fromWho="3" sc="308,0,182,75,250,0,240,-55" /><INIT seed="1,0,0,4,3,122" ten="308,257,250,185" oya="1" hai0="121,89,76,12,87,61,45,97,48,66,2,115,7" hai1="42,57,80,40,34,32,28,79,86,94,82,119,6" hai2="50,65,33,133,41,113,67,20,58,135,4,29,92" hai3="72,81,37,134,103,126,107,47,8,54,52,30,75"/><U101/><E119/><V39/><F33/><W91/><G134/><T44/><D115/><U13/><E28/><V105/><F105/><W90/><G126/><T131/><D2/><U83/><E34/><V102/><F4/><W55/><G30/><T19/><D131/><U98/><E32/><V106/><F106/><W130/><G130/><T112/><D112/><U88/><E57/><V36/><F113/><W73/><G81/><T84/><D7/><U108/><E108/><V18/><F29/><W56/><G56/><N who="0" m="37159" /><D121/><U124/><E124/><V38/><F92/><W118/><G118/><T15/><D15/><U111/><E111/><V93/><F93/><W117/><G117/><T78/><D97/><U22/><E83/><V53/><F102/><W21/><G21/><N who="0" m="11495" /><D87/><N who="1" m="48543" /><E22/><V116/><F116/><W3/><G107/><T128/><D128/><U63/><E63/><V10/><F10/><AGARI ba="0,0" hai="6,10,13,40,42,82,86,88,94,98,101" m="48543" machi="10" ten="30,2900,0" yaku="8,1,54,1" doraHai="122" who="1" fromWho="2" sc="308,0,257,29,250,-29,185,0" /><INIT seed="1,1,0,2,0,57" ten="308,286,221,185" oya="1" hai0="131,123,98,62,31,112,21,106,18,55,56,17,113" hai1="4,42,45,14,126,84,102,20,19,41,91,121,27" hai2="79,109,88,85,90,111,32,59,67,15,95,89,25" hai3="124,73,116,92,99,114,76,50,97,87,6,94,110"/><U80/><E121/><V11/><F32/><W12/><G50/><T9/><D123/><U71/><E126/><V132/><F25/><W51/><G51/><T129/><D31/><U104/><E71/><V103/><F132/><W101/><G12/><N who="0" m="7311" /><D98/><U43/><E104/><V44/><F44/><W100/><G6/><T7/><D7/><U75/><E75/><V53/><F67/><W93/><G114/><T119/><D106/><U1/><E1/><V115/><F115/><W63/><G63/><T127/><D127/><U46/><E102/><N who="3" m="39530" /><G110/><N who="2" m="41993" /><F79/><W96/><G124/><T58/><D119/><U134/><E134/><V23/><F23/><W24/><G24/><N who="0" m="14391" /><D56/><U125/><E125/><V38/><F103/><W83/><G116/><T0/><D0/><U39/><E39/><V72/><F38/><W48/><G48/><T34/><D34/><U2/><E2/><V40/><F40/><W135/><G135/><T5/><D5/><U117/><E117/><V30/><F30/><W78/><G78/><T130/><AGARI ba="1,0" hai="55,58,62,112,113,129,130,131" m="14391,7311" machi="130" ten="30,2000,0" yaku="19,1,52,1" doraHai="57" who="0" fromWho="0" sc="308,23,286,-11,221,-6,185,-6" /><INIT seed="2,0,0,0,2,19" ten="331,275,215,179" oya="2" hai0="22,34,36,134,72,18,14,4,117,41,70,5,122" hai1="106,53,40,105,32,59,132,126,1,102,94,27,63" hai2="11,80,97,56,99,51,131,8,78,66,118,33,3" hai3="96,49,17,88,60,127,75,128,25,103,68,42,26"/><V109/><F118/><W48/><G75/><T85/><D72/><U47/><E1/><V58/><F33/><W111/><G111/><T44/><D122/><U57/><E132/><V43/><F109/><W112/><G128/><T67/><D34/><U115/><E115/><V0/><F131/><W61/><G112/><T91/><D134/><U89/><E126/><V37/><F66/><W65/><G127/><T15/><D117/><U64/><E102/><V20/><F51/><W39/><G61/><T35/><D35/><U101/><E101/><V83/><F43/><W50/><G17/><T82/><D67/><U62/><E32/><V52/><F78/><W123/><G123/><T130/><D70/><U120/><E120/><V23/><F52/><W108/><G108/><T46/><D130/><U92/><E92/><V79/><F79/><W119/><G119/><T110/><D110/><U114/><E114/><V21/><REACH who="2" step="1"/><F20/><REACH who="2" ten="331,275,205,179" step="2"/><W104/><G42/><T55/><D55/><U93/><E40/><V12/><F12/><W28/><G39/><AGARI ba="0,1" hai="0,3,8,11,21,23,37,39,56,58,80,83,97,99" machi="39" ten="25,12000,1" yaku="1,1,22,2,52,2,53,0" doraHai="19" doraHaiUra="124" who="2" fromWho="3" sc="331,0,275,0,205,130,179,-120" /><INIT seed="2,1,0,2,3,79" ten="331,275,335,59" oya="2" hai0="105,91,81,31,8,47,109,26,129,84,66,103,30" hai1="70,60,87,99,106,119,37,5,82,42,58,7,94" hai2="128,122,123,6,19,4,27,110,18,113,53,16,125" hai3="121,108,68,22,0,13,130,1,62,36,61,93,2"/><V57/><F113/><W64/><G36/><T83/><D109/><U59/><E119/><V102/><F102/><W44/><G121/><T100/><D105/><U126/><E106/><V38/><F38/><W33/><G108/><T86/><D129/><U118/><E118/><V120/><F110/><W23/><G130/><T41/><D66/><U71/><E126/><V54/><F128/><W67/><G33/><T15/><D100/><U76/><E37/><V39/><F39/><W112/><G44/><T63/><D63/><U131/><E42/><V96/><F96/><W21/><G112/><T116/><D103/><U35/><E35/><V80/><F125/><W115/><G115/><T107/><D107/><U50/><E131/><V55/><F57/><W72/><G72/><T65/><D65/><U127/><E50/><V77/><F27/><W20/><N who="3" m="5120" /><DORA hai="133" /><W3/><N who="3" m="0" /><DORA hai="34" /><W48/><G48/><N who="0" m="26735" /><D26/><U135/><E60/><V88/><F88/><W32/><G32/><T51/><D51/><U74/><E74/><AGARI ba="1,0" hai="4,6,16,18,19,53,54,55,74,77,80,120,122,123" machi="74" ten="50,12000,1" yaku="29,2,52,1,54,1" doraHai="79,133,34" who="2" fromWho="1" sc="331,0,275,-123,335,123,59,0" /><INIT seed="2,2,0,1,2,75" ten="331,152,458,59" oya="2" hai0="89,54,129,23,82,48,126,134,65,124,93,34,49" hai1="19,22,133,21,84,47,110,118,106,127,78,119,2" hai2="120,97,50,16,43,46,30,33,59,45,79,69,94" hai3="55,4,0,61,85,90,123,111,72,5,63,9,41"/><V17/><F69/><W135/><G111/><T98/><D34/><U40/><E106/><V62/><F120/><W77/><G123/><T115/><D115/><U31/><E2/><V67/><F33/><W27/><G135/><T66/><D134/><U57/><E133/><V102/><F30/><W15/><G41/><T56/><D129/><U101/><E101/><V73/><F46/><W100/><G100/><T116/><D116/><U121/><E121/><V83/><AGARI ba="2,0" hai="16,17,43,45,50,59,62,67,73,79,83,94,97,102" machi="83" ten="30,6000,0" yaku="0,1,52,1,54,1" doraHai="75" who="2" fromWho="2" sc="331,-22,152,-22,458,66,59,-22" /><INIT seed="2,3,0,3,3,126" ten="309,130,524,37" oya="2" hai0="81,79,39,106,5,121,42,9,56,1,27,0,85" hai1="108,47,101,89,41,71,88,92,29,118,15,33,75" hai2="18,112,57,102,91,98,40,66,11,61,120,14,72" hai3="110,26,38,2,86,55,34,16,37,54,59,130,127"/><V117/><F112/><W68/><G2/><T13/><D121/><U32/><E118/><V7/><F117/><W36/><G68/><T63/><D106/><U103/><E75/><V90/><F72/><W93/><G127/><T8/><D39/><U96/><E71/><V67/><F120/><W107/><G107/><T84/><D84/><U125/><E125/><V132/><F132/><W100/><G110/><T76/><D76/><U94/><E108/><V53/><F40/><W35/><G130/><T78/><D78/><U17/><E32/><V77/><F77/><W119/><G119/><T124/><D124/><U19/><E29/><V131/><F131/><W80/><G93/><T99/><D99/><U51/><E33/><V31/><F31/><W52/><G59/><T43/><D27/><U28/><E28/><V58/><F7/><W24/><G100/><N who="1" m="38474" /><E15/><V3/><F3/><W23/><REACH who="3" step="1"/><G26/><REACH who="3" ten="309,130,524,27" step="2"/><T20/><D0/><U60/><E94/><N who="2" m="58711" /><F57/><W4/><G4/><T134/><D1/><U82/><E92/><V122/><F122/><W50/><G50/><T73/><D5/><U12/><E51/><V135/><F135/><W65/><G65/><AGARI ba="3,1" hai="11,14,18,53,58,61,65,66,67,90,91" m="58711" machi="65" ten="30,1500,0" yaku="8,1" doraHai="126" who="2" fromWho="3" sc="309,0,130,0,524,34,27,-24" /><INIT seed="2,4,0,3,0,0" ten="309,130,558,3" oya="2" hai0="7,123,11,36,16,113,8,24,69,9,17,13,102" hai1="85,118,106,97,121,130,128,63,40,111,93,98,18" hai2="116,21,91,76,41,22,83,62,70,57,3,6,37" hai3="84,51,99,86,28,27,101,110,43,45,50,53,71"/><V14/><F70/><W79/><G71/><T134/><D36/><U126/><E118/><V89/><F116/><W120/><G120/><T77/><D77/><U122/><E40/><V59/><F59/><N who="3" m="33207" /><G110/><T4/><D102/><N who="1" m="62807" /><E111/><V5/><F3/><W87/><G79/><T100/><D100/><N who="1" m="60463" /><E126/><V2/><F2/><W80/><G80/><T115/><D69/><U107/><E107/><V108/><F108/><W25/><G28/><T68/><D68/><U74/><E74/><V42/><F37/><W61/><G61/><T47/><D47/><U73/><E73/><V133/><F76/><W114/><G114/><N who="0" m="43531" /><D134/><U64/><E18/><N who="0" m="7273" /><D123/><N who="1" m="47115" /><E85/><N who="3" m="21762" /><W30/><DORA hai="72" /><G30/><T81/><D81/><U12/><E12/><V66/><F83/><W109/><G109/><T92/><D92/><AGARI ba="4,0" hai="25,27,43,45,51,92,99,101" m="21762,33207" machi="92" ten="30,1000,0" yaku="8,1" doraHai="0,72" who="3" fromWho="0" sc="309,-22,130,0,558,0,3,22" /><INIT seed="3,0,0,2,1,99" ten="287,130,558,25" oya="3" hai0="84,22,108,125,92,89,31,4,72,27,69,8,85" hai1="55,29,132,82,91,102,126,51,33,65,120,19,111" hai2="88,41,70,25,18,101,1,2,83,66,39,100,103" hai3="93,124,13,95,115,16,105,20,32,61,67,77,38"/><W74/><G38/><T94/><D72/><U21/><E120/><V10/><F70/><W96/><G115/><T107/><D107/><U60/><E33/><V76/><F66/><W121/><G121/><T5/><D108/><U68/><E111/><V58/><F58/><W47/><G32/><T54/><D69/><U75/><E29/><V113/><F88/><W56/><G124/><T117/><D117/><U62/><E132/><V11/><F113/><W6/><G6/><T79/><D125/><U36/><E36/><V73/><F10/><W12/><G47/><T42/><D42/><U80/><E126/><V112/><F112/><W71/><G71/><T57/><D8/><U98/><E62/><V30/><F18/><W34/><G34/><T81/><D94/><U109/><E91/><V86/><F86/><W44/><G12/><T45/><D45/><U87/><E87/><V3/><F30/><W123/><G44/><T14/><D14/><U128/><E75/><V116/><F25/><W134/><G134/><T46/><D46/><U23/><E128/><V28/><F28/><W43/><G43/><T118/><D118/><U35/><E35/><V122/><F116/><W7/><G7/><T9/><D9/><U130/><E130/><V127/><F127/><W106/><G123/><T26/><D26/><N who="1" m="14655" /><E23/><V135/><F122/><W15/><G15/><T64/><D64/><U110/><E110/><V97/><F135/><W114/><G114/><T49/><AGARI ba="0,0" hai="4,5,22,27,31,49,54,57,79,81,84,85,89,92" machi="49" ten="20,2700,0" yaku="0,1,7,1,8,1" doraHai="99" who="0" fromWho="0" sc="287,27,130,-7,558,-7,25,-13" owari="314,11.4,123,-27.7,551,65.1,12,-48.8" /></mjloggm>