<mjloggm ver="2.3"><GO type="225" lobby="0"/><UN n0="%E3%80%90%E8%92%BC%E7%90%89%E3%80%91" n1="%E5%AF%82%E5%AF%9E%E3%82%AE%E3%83%8D%E3%82%B9%E3%83%93%E3%83%BC%E3%83%AB" n2="%E5%B8%86%E7%AB%8B%E5%A4%8F%E8%A1%A3" n3="%E6%A1%9C%E8%8A%B1%E9%96%83%E3%80%85" dan="16,16,16,18" rate="2115.51,2150.81,2081.17,2272.13" sx="F,M,M,M"/><TAIKYOKU oya="0"/><INIT seed="0,0,0,4,1,81" ten="250,250,250,250" oya="0" hai0="88,30,60,113,31,64,121,75,5,107,8,108,92" hai1="98,90,129,58,91,66,46,100,9,120,132,13,94" hai2="84,18,78,115,62,96,50,112,7,34,27,106,70" hai3="56,71,20,33,14,22,103,87,109,37,25,6,11"/><T135/><D113/><U54/><E120/><V32/><F7/><W122/><G71/><T3/><D121/><U10/><E129/><V111/><F111/><W29/><G122/><T134/><D108/><U119/><E132/><N who="0" m="50729" /><D75/><U65/><E119/><V133/><F133/><W59/><G37/><T93/><D107/><U57/><E46/><V63/><F50/><W38/><G38/><T74/><D74/><U126/><E9/><V116/><F116/><W16/><G109/><T76/><D76/><U118/><E126/><V47/><F47/><W95/><G22/><T125/><D93/><U80/><E118/><V48/><F78/><W41/><G41/><T128/><D125/><U77/><E77/><V36/><F106/><W127/><G127/><T35/><D35/><U124/><E58/><V0/><F34/><W52/><G52/><T82/><D82/><U1/><E1/><V26/><F0/><N who="3" m="455" /><G103/><T83/><D128/><U67/><E80/><V15/><F32/><W19/><G19/><T21/><D83/><U72/><E72/><V104/><F115/><W39/><G39/><T123/><D21/><U12/><E124/><V102/><F112/><W4/><G4/><T130/><D130/><U61/><E10/><N who="2" m="6519" /><F36/><W99/><G99/><N who="0" m="57735" /><D123/><U42/><E42/><V51/><F104/><W53/><G53/><T49/><D49/><U110/><E110/><V17/><F51/><W131/><G131/><T97/><D97/><U69/><E69/><AGARI ba="0,0" hai="3,5,8,30,31,60,64,69" m="57735,50729" machi="69" ten="30,2900,0" yaku="20,1,54,1" doraHai="81" who="0" fromWho="1" sc="250,29,250,-29,250,0,250,0" /><INIT seed="0,1,0,5,4,39" ten="279,221,250,250" oya="0" hai0="109,108,35,99,111,132,27,40,37,116,83,34,126" hai1="15,57,125,66,133,81,112,31,0,55,120,58,82" hai2="18,89,124,97,134,127,118,49,24,73,105,123,13" hai3="103,12,113,47,1,48,65,56,51,67,54,26,117"/><T30/><D116/><U104/><E0/><V79/><F123/><W91/><G117/><T11/><D132/><U32/><E120/><V98/><F118/><W25/><G1/><T62/><D126/><N who="2" m="48170" /><F134/><W87/><G103/><T119/><D119/><U92/><E104/><V60/><F105/><W100/><G100/><T85/><D99/><U63/><E133/><V74/><F24/><N who="3" m="9323" /><G12/><T3/><D62/><U101/><E32/><V44/><F60/><W9/><G9/><T90/><D3/><U95/><E31/><V41/><F89/><W21/><G21/><N who="0" m="15727" /><D11/><U43/><E112/><V106/><F106/><W16/><G16/><T128/><D128/><U102/><E63/><V135/><F135/><W107/><G107/><T64/><D64/><U4/><E66/><V14/><F14/><W36/><G36/><T93/><D93/><U86/><E15/><V130/><F130/><W45/><G56/><T69/><D69/><U46/><E125/><V19/><F19/><W8/><G8/><T71/><D71/><U33/><E33/><V5/><F5/><W96/><G96/><T17/><D17/><U23/><E4/><V42/><F97/><W114/><G114/><T2/><D2/><U110/><E23/><N who="2" m="11727" /><F98/><W131/><G131/><T52/><D34/><U61/><E102/><V115/><F115/><W7/><G7/><T129/><D35/><U70/><E101/><V77/><F74/><W84/><G113/><T122/><D129/><U72/><E72/><V80/><F77/><W28/><G28/><T29/><D122/><U20/><E20/><V38/><F38/><RYUUKYOKU ba="1,0" sc="279,-10,221,-10,250,30,250,-10" hai2="41,42,44,49,73,79,80" /><INIT seed="1,2,0,2,2,38" ten="269,211,280,240" oya="1" hai0="58,111,3,55,123,24,48,21,104,7,102,98,26" hai1="31,65,62,122,88,33,53,97,46,100,70,42,96" hai2="131,134,22,127,36,81,50,41,60,1,94,63,99" hai3="49,101,13,8,59,34,0,119,16,29,23,90,37"/><U87/><E122/><V77/><F127/><W117/><G37/><T66/><D111/><U106/><E96/><V75/><F131/><W40/><G101/><T118/><D118/><N who="3" m="45065" /><G34/><T15/><D123/><U39/><E53/><V9/><F134/><W57/><G90/><T52/><D66/><U54/><E54/><V95/><F50/><W27/><G0/><T91/><D3/><U44/><E44/><AGARI ba="2,0" hai="8,13,16,23,27,29,40,44,49,57,59" m="45065" machi="44" ten="30,3900,0" yaku="12,1,52,1,54,1" doraHai="38" who="3" fromWho="1" sc="269,0,211,-45,280,0,240,45" /><INIT seed="2,0,0,5,1,60" ten="269,166,280,285" oya="2" hai0="130,8,57,34,50,16,127,51,88,7,36,133,29" hai1="15,49,6,82,125,37,115,76,89,122,31,80,58" hai2="9,128,121,64,135,54,112,118,83,14,113,87,126" hai3="134,65,11,44,68,33,12,53,5,30,77,99,24"/><V45/><F118/><W93/><G134/><T111/><D36/><U129/><E115/><V70/><F121/><W63/><G77/><T131/><D133/><U21/><E37/><V84/><F135/><W17/><G53/><T119/><D119/><U52/><E129/><N who="0" m="49161" /><D111/><U0/><E125/><V46/><F128/><W98/><G44/><T20/><D127/><U74/><E122/><V62/><F126/><W97/><REACH who="3" step="1"/><G5/><REACH who="3" ten="269,166,280,275" step="2"/><T61/><D7/><U72/><E6/><V40/><F46/><W90/><AGARI ba="0,1" hai="11,12,17,24,30,33,63,65,68,90,93,97,98,99" machi="90" ten="20,8000,1" yaku="1,1,2,1,0,1,7,1,52,1,53,0" doraHai="60" doraHaiUra="117" who="3" fromWho="3" sc="269,-20,166,-20,280,-40,275,90" /><INIT seed="3,0,0,3,3,38" ten="249,146,240,365" oya="3" hai0="103,42,25,39,86,92,65,131,133,124,101,1,84" hai1="104,30,54,43,85,29,115,27,88,18,41,130,118" hai2="35,50,12,132,112,90,47,21,106,14,36,16,123" hai3="108,98,81,83,59,96,117,37,113,55,99,93,128"/><W64/><G117/><T22/><D1/><U94/><E115/><V15/><F112/><W66/><G113/><T34/><D34/><U100/><E130/><V110/><F106/><W7/><G37/><T69/><D133/><U6/><E118/><V79/><F36/><W72/><G128/><T20/><D131/><U135/><E135/><V102/><F132/><W26/><G108/><T11/><D11/><U68/><E68/><V40/><F123/><W120/><G7/><T105/><D105/><U129/><E129/><V3/><F3/><W67/><G72/><T0/><D0/><U49/><E6/><V97/><F35/><W2/><G2/><T10/><D10/><U71/><E71/><V62/><F79/><W8/><G8/><T53/><D124/><U48/><E100/><V51/><F62/><N who="3" m="36223" /><G120/><T80/><D20/><N who="1" m="13719" /><E104/><V73/><F73/><W60/><G60/><T78/><D69/><U127/><E127/><V70/><F70/><W82/><G26/><T91/><D65/><U77/><E77/><V23/><F110/><W17/><G17/><T57/><D39/><U32/><E32/><V116/><F116/><W114/><G114/><T19/><D42/><N who="1" m="15883" /><E49/><AGARI ba="0,0" hai="19,22,25,49,53,57,78,80,84,86,91,92,101,103" machi="49" ten="30,2000,0" yaku="7,1,8,1" doraHai="38" who="0" fromWho="1" sc="249,20,146,-20,240,0,365,0" owari="269,6.9,126,-37.4,240,-16.0,365,46.5" /></mjloggm>