<mjloggm ver="2.3"><GO type="225" lobby="0"/><UN n0="%E6%A0%B9%E5%85%83%E3%81%8B%E3%82%89%E5%90%B9%E3%81%A3%E9%A3%9B%E3%81%B6" n1="%E3%82%BC%E3%83%AB%E3%83%80%E3%81%AE%E4%BC%9D%E8%AA%AC" n2="%6D%75%75%6D%75%72%61" n3="%72%61%6B%33" dan="17,17,17,17" rate="2227.71,2214.27,2172.64,2175.67" sx="F,M,F,M"/><TAIKYOKU oya="0"/><INIT seed="0,0,0,1,4,43" ten="250,250,250,250" oya="0" hai0="16,109,89,127,29,120,122,13,76,39,77,57,10" hai1="26,119,53,27,32,4,70,65,102,108,66,22,78" hai2="52,97,21,92,19,30,44,118,110,85,81,103,37" hai3="134,55,123,91,7,135,11,82,132,126,14,130,90"/><T63/><D39/><U125/><E119/><V54/><F118/><W3/><G126/><T113/><D113/><U67/><E125/><V8/><F110/><W61/><G130/><T98/><D127/><U9/><E108/><V104/><F104/><W15/><G123/><T62/><D109/><U25/><E32/><V111/><F111/><W68/><G55/><T20/><D63/><U112/><E112/><V100/><F100/><W95/><G82/><T114/><D114/><U83/><E102/><V124/><F124/><W131/><G131/><T41/><D41/><U36/><E36/><V31/><F8/><W73/><G73/><T60/><D60/><U87/><E53/><V71/><F71/><W6/><G6/><T18/><D29/><U48/><E48/><N who="2" m="28679" /><F54/><W105/><G105/><T99/><D122/><U0/><REACH who="1" step="1"/><E70/><REACH who="1" ten="250,240,250,250" step="2"/><V75/><F37/><W64/><REACH who="3" step="1"/><G91/><REACH who="3" ten="250,240,250,240" step="2"/><T101/><D89/><U133/><E133/><V86/><F75/><W2/><G2/><T72/><D72/><U129/><E129/><V28/><F81/><W80/><G80/><T128/><D128/><U17/><AGARI ba="0,2" hai="0,4,9,17,22,25,26,27,65,66,67,78,83,87" machi="17" ten="30,2000,0" yaku="1,1,0,1,53,0" doraHai="43" doraHaiUra="58" who="1" fromWho="1" sc="250,-10,240,40,250,-5,240,-5" /><INIT seed="1,0,0,2,4,7" ten="240,280,245,235" oya="1" hai0="124,103,109,91,57,66,87,35,16,132,20,67,94" hai1="134,133,34,15,130,76,32,113,78,108,85,90,59" hai2="37,61,4,88,128,112,45,56,135,41,60,125,0" hai3="126,84,106,110,111,116,64,118,71,70,95,27,99"/><U36/><E113/><V25/><F112/><W23/><G106/><T104/><D109/><N who="3" m="41481" /><G84/><T18/><D124/><U38/><E108/><V49/><F125/><W9/><G126/><T50/><D132/><N who="1" m="50795" /><E59/><V65/><F135/><W17/><G64/><T30/><D35/><N who="1" m="13355" /><E15/><V72/><F72/><W97/><G97/><N who="0" m="59831" /><D104/><U2/><E2/><V122/><F122/><W81/><G81/><N who="0" m="49647" /><D30/><U8/><E8/><V117/><F128/><W92/><G9/><T55/><D18/><U28/><E28/><V131/><F131/><W74/><G74/><T51/><D51/><U53/><E53/><V98/><F117/><N who="3" m="45163" /><G95/><T114/><D114/><U119/><E119/><V75/><F75/><W52/><G52/><T5/><D5/><U86/><E130/><V129/><F129/><W11/><G11/><T96/><D96/><U102/><E102/><AGARI ba="0,0" hai="17,23,27,70,71,92,99,102" m="45163,41481" machi="102" ten="30,2000,0" yaku="14,1,12,1" doraHai="7" who="3" fromWho="1" sc="240,0,280,-20,245,0,235,20" /><INIT seed="2,0,0,4,3,0" ten="240,260,245,255" oya="2" hai0="18,22,23,131,41,9,110,128,51,53,77,64,20" hai1="102,98,15,114,27,84,40,117,76,33,62,37,79" hai2="39,75,11,19,38,7,28,92,119,50,74,87,1" hai3="115,32,133,5,2,129,116,73,30,83,43,71,34"/><V95/><F119/><W82/><G82/><T44/><D110/><U94/><E114/><V105/><F105/><W86/><G86/><T66/><D77/><U58/><E117/><V127/><F127/><W97/><G116/><T125/><D125/><U96/><E37/><V61/><F28/><W55/><G55/><T31/><D31/><U54/><E40/><V8/><F61/><W56/><G56/><T63/><D41/><U68/><E68/><V107/><F107/><W118/><G71/><T111/><D111/><U52/><E84/><V90/><F50/><W89/><G73/><T17/><D64/><U47/><E33/><V104/><F104/><W93/><G32/><T80/><D80/><U13/><E27/><V57/><F57/><W135/><G83/><T113/><D113/><U45/><E96/><V130/><F130/><N who="0" m="49706" /><D9/><U29/><E29/><V42/><F95/><W36/><G129/><T46/><D44/><N who="1" m="16971" /><E54/><V16/><F42/><W78/><G115/><T67/><D67/><U6/><E13/><V99/><F75/><W122/><G118/><T12/><D12/><U126/><E126/><V112/><F74/><W26/><G43/><T60/><D60/><U49/><E62/><V3/><F112/><W103/><G36/><T109/><D109/><U132/><E132/><V81/><F39/><W120/><G78/><T72/><D72/><U106/><E106/><V88/><F38/><W24/><G135/><T100/><D100/><U10/><AGARI ba="0,0" hai="6,10,15,49,52,58,76,79,94,98,102" m="16971" machi="10" ten="30,4000,0" yaku="8,1,52,1,54,1" doraHai="0" who="1" fromWho="1" sc="240,-10,260,40,245,-20,255,-10" /><INIT seed="3,0,0,0,2,89" ten="230,300,225,245" oya="3" hai0="128,24,7,20,127,67,68,79,26,73,27,5,21" hai1="33,85,29,106,93,6,98,40,95,32,109,50,51" hai2="97,112,70,12,59,96,118,19,0,82,105,22,116" hai3="36,55,100,31,57,86,66,124,71,63,74,94,49"/><W61/><G124/><T15/><D73/><U103/><E6/><N who="0" m="2057" /><D79/><U14/><E14/><V125/><F70/><W111/><G74/><T134/><D68/><U64/><E109/><V52/><F112/><W35/><G111/><T80/><D67/><U78/><E64/><V129/><F125/><W43/><G63/><T9/><D80/><U104/><E29/><V2/><F129/><W115/><G115/><T101/><D101/><U113/><E113/><V120/><F120/><W44/><G86/><T58/><D58/><U28/><E28/><V130/><F130/><W18/><G18/><N who="0" m="8559" /><D134/><U88/><E78/><V38/><F38/><W60/><G60/><T16/><D128/><U123/><E123/><V92/><F82/><W65/><G65/><T47/><D47/><U83/><E83/><V25/><F105/><W117/><G117/><T135/><D135/><U84/><E40/><V75/><F75/><W17/><G17/><N who="0" m="12303" /><D127/><U34/><E85/><V53/><F97/><N who="3" m="59447" /><G31/><T81/><D81/><U108/><E108/><V119/><F12/><AGARI ba="0,0" hai="12,16,21,26,27" m="12303,8559,2057" machi="12" ten="30,12000,2" yaku="8,1,35,5,54,1" doraHai="89" who="0" fromWho="2" sc="230,120,300,0,225,-120,245,0" owari="350,45.0,300,10.0,105,-39.5,245,-15.5" /></mjloggm>