<mjloggm ver="2.3"><GO type="225" lobby="0"/><UN n0="%E3%81%82%E3%82%93%E3%81%AA%E3%81%A4" n1="%E3%82%B0%E3%83%AA%E3%82%B0%E3%83%AA%E6%A3%92" n2="%72%61%6B%33" n3="%E3%82%BC%E3%83%AB%E3%83%80%E3%81%AE%E4%BC%9D%E8%AA%AC" dan="17,16,18,16" rate="2158.00,2126.30,2231.03,2173.18" sx="M,M,M,M"/><TAIKYOKU oya="0"/><INIT seed="0,0,0,3,5,90" ten="250,250,250,250" oya="0" hai0="111,60,72,32,30,98,80,26,132,18,9,6,15" hai1="37,12,54,121,97,7,16,41,117,67,43,20,11" hai2="102,76,81,99,87,68,35,104,128,135,24,8,31" hai3="79,53,107,69,125,70,120,23,73,84,118,47,4"/><T19/><D132/><U27/><E121/><V101/><F135/><W33/><G118/><T10/><D111/><U51/><E117/><V82/><F128/><W38/><G33/><T83/><D72/><U93/><E37/><V39/><F39/><W103/><G23/><T75/><D75/><U62/><E67/><V58/><F102/><W134/><G134/><T34/><D34/><U109/><E62/><V0/><F58/><W52/><G120/><T114/><D114/><U112/><E109/><V133/><F133/><W21/><G21/><T59/><D98/><U89/><REACH who="1" step="1"/><E112/><REACH who="1" ten="250,240,250,250" step="2"/><V129/><F129/><W106/><G38/><T131/><D131/><U85/><E85/><V46/><F87/><W96/><G84/><T130/><D130/><U91/><E91/><V36/><F36/><W1/><G125/><T50/><D50/><U119/><E119/><V63/><F76/><W88/><G88/><T105/><D60/><U65/><E65/><V110/><F110/><W77/><G77/><T42/><D80/><U126/><E126/><V100/><F82/><W124/><G124/><T48/><D83/><U122/><E122/><V3/><F81/><W14/><G79/><T13/><D48/><U29/><E29/><V94/><F63/><W123/><G73/><T66/><D66/><U71/><E71/><V108/><F68/><W40/><G123/><T57/><D30/><U56/><AGARI ba="0,1" hai="7,11,12,16,20,27,41,43,51,54,56,89,93,97" machi="56" ten="20,12000,2" yaku="1,1,0,1,7,1,8,1,52,1,54,1,53,1" doraHai="90" doraHaiUra="2" who="1" fromWho="1" sc="250,-60,240,130,250,-30,250,-30" /><INIT seed="1,0,0,5,3,106" ten="190,370,220,220" oya="1" hai0="60,3,127,70,42,119,129,124,29,74,38,33,89" hai1="69,71,90,56,122,118,24,6,23,15,45,0,65" hai2="68,87,133,55,59,84,14,76,82,11,134,132,107" hai3="88,30,44,94,100,20,92,109,2,58,96,135,111"/><U61/><E118/><V97/><F68/><W80/><G2/><T25/><D119/><U105/><E122/><V9/><F87/><W39/><G58/><T110/><D110/><N who="3" m="41993" /><G135/><T1/><D129/><U4/><E105/><V46/><F46/><W63/><G63/><T101/><D101/><U125/><E125/><N who="0" m="48201" /><D89/><U51/><E0/><N who="0" m="73" /><D74/><U8/><E90/><V102/><REACH who="2" step="1"/><F14/><REACH who="2" ten="190,370,210,220" step="2"/><W48/><G39/><T77/><D77/><U49/><E71/><V36/><F36/><W104/><G44/><N who="0" m="23639" /><D70/><U64/><E69/><V120/><F120/><W121/><G121/><T79/><D79/><U52/><E45/><V116/><F116/><W112/><G112/><T72/><D72/><U35/><E15/><V115/><F115/><W108/><G108/><T131/><D131/><U26/><E56/><V32/><F32/><W50/><G80/><T62/><AGARI ba="0,1" hai="25,29,33,60,62" m="23639,73,48201" machi="62" ten="40,1500,0" yaku="18,1" doraHai="106" who="0" fromWho="0" sc="190,25,370,-7,210,-4,220,-4" /><INIT seed="2,0,0,3,4,65" ten="215,363,206,216" oya="2" hai0="123,60,124,19,54,4,82,114,37,34,55,0,122" hai1="68,86,130,28,29,108,104,98,129,39,35,106,105" hai2="44,31,24,71,53,33,3,128,27,64,62,46,126" hai3="2,121,78,95,111,102,30,119,92,7,66,103,38"/><V58/><F126/><W133/><G119/><T47/><D114/><U20/><E35/><V125/><F125/><W52/><G121/><T115/><D115/><U93/><E39/><V75/><F128/><N who="1" m="49257" /><E68/><V77/><F3/><W6/><G38/><T10/><D19/><U91/><E108/><V127/><F127/><W25/><G66/><T90/><D55/><U17/><E98/><V132/><F132/><W13/><G2/><T43/><D90/><U118/><E118/><V87/><F75/><W48/><G78/><T51/><D82/><U12/><AGARI ba="0,0" hai="12,17,20,28,29,86,91,93,104,105,106" m="49257" machi="12" ten="40,1500,0" yaku="19,1" doraHai="65" who="1" fromWho="1" sc="215,-4,363,15,206,-7,216,-4" /><INIT seed="3,0,0,5,0,100" ten="211,378,199,212" oya="3" hai0="70,52,36,44,88,90,76,132,59,22,133,23,135" hai1="127,77,74,38,75,98,83,105,78,69,12,116,103" hai2="99,129,0,86,80,17,7,1,43,126,39,10,124" hai3="94,72,118,46,104,67,21,26,110,49,4,62,71"/><W55/><G118/><T45/><D70/><U61/><E12/><V28/><F129/><W93/><G72/><T117/><D117/><U5/><E5/><V6/><F28/><W18/><G110/><T113/><D76/><U81/><E38/><V60/><F99/><W87/><G104/><T125/><D125/><N who="2" m="48234" /><F60/><W48/><G4/><N who="2" m="1577" /><F43/><W84/><G84/><T120/><D113/><U11/><E11/><V65/><F65/><W16/><G87/><T114/><D114/><U30/><E30/><V109/><F39/><W115/><G115/><T82/><D120/><U64/><E127/><V134/><F109/><W53/><REACH who="3" step="1"/><G18/><REACH who="3" ten="211,378,199,202" step="2"/><T41/><D133/><U111/><E111/><V56/><F134/><W119/><G119/><AGARI ba="0,1" hai="61,64,69,74,75,77,78,81,83,98,103,105,116,119" machi="119" ten="40,8000,1" yaku="9,1,23,2,52,1" doraHai="100" who="1" fromWho="3" sc="211,0,378,90,199,0,202,-80" owari="211,1.1,468,56.8,199,-20.1,122,-37.8" /></mjloggm>