<mjloggm ver="2.3"><GO type="225" lobby="0"/><UN n0="%E3%83%A9%E3%83%96%E3%83%AC%E3%83%BC" n1="%77%72%77%72%77%72%77%72" n2="%E7%A7%8B%E6%9C%88%E7%9C%9F%E7%90%86%E4%BA%9E" n3="%E5%B8%86%E7%AB%8B%E5%A4%8F%E8%A1%A3" dan="18,16,16,16" rate="2141.11,2064.64,2140.23,2120.36" sx="M,M,M,M"/><TAIKYOKU oya="0"/><INIT seed="0,0,0,2,2,6" ten="250,250,250,250" oya="0" hai0="15,8,121,132,129,100,118,48,113,1,119,52,49" hai1="25,124,74,12,110,19,43,81,80,16,62,108,71" hai2="111,50,46,95,85,72,35,116,20,91,56,11,87" hai3="51,21,47,107,27,14,96,122,130,54,34,135,90"/><T63/><D113/><U75/><E43/><V70/><F70/><W102/><G135/><T37/><D37/><U5/><E124/><V61/><F35/><W97/><G130/><T22/><D121/><U88/><E5/><V114/><F72/><W73/><G122/><T26/><D1/><U84/><E25/><V42/><F114/><W78/><G34/><T112/><D112/><U117/><E19/><V4/><F111/><N who="1" m="42537" /><E117/><V127/><F127/><W58/><G73/><T36/><D36/><U93/><E80/><V134/><F134/><W17/><G78/><T125/><D125/><U66/><E93/><V57/><F116/><W28/><G90/><T65/><D129/><U24/><E24/><V64/><F20/><AGARI ba="0,0" hai="12,16,20,62,66,71,74,75,81,84,88" m="42537" machi="20" ten="30,3900,0" yaku="14,1,54,2" doraHai="6" who="1" fromWho="2" sc="250,0,250,39,250,-39,250,0" /><INIT seed="1,0,0,4,5,53" ten="250,289,211,250" oya="1" hai0="9,64,96,62,95,63,92,88,43,79,0,25,36" hai1="78,97,48,6,126,99,102,21,77,58,134,86,28" hai2="89,84,98,120,20,54,14,5,104,35,66,74,121" hai3="50,45,30,16,24,33,107,38,34,51,100,101,59"/><U61/><E134/><V69/><F35/><W90/><G34/><T122/><D122/><U113/><E113/><V60/><F74/><W132/><G132/><T1/><D79/><U114/><E126/><V46/><F98/><W115/><G115/><T106/><D106/><U131/><E131/><V65/><F104/><W27/><G38/><T32/><D63/><U118/><E118/><V71/><F66/><W119/><G119/><T37/><D95/><U76/><E6/><V94/><F71/><W70/><G70/><T108/><D108/><U41/><E114/><V80/><F94/><W15/><G27/><T117/><D117/><U116/><E116/><V75/><F75/><W103/><G107/><T22/><D32/><U7/><E7/><V73/><F73/><W10/><G90/><T19/><D9/><U56/><E86/><V105/><F105/><W3/><G3/><T112/><D112/><U125/><E125/><V2/><F2/><W52/><G101/><T128/><D128/><U55/><E41/><AGARI ba="0,0" hai="10,15,16,24,30,33,41,45,50,51,52,59,100,103" machi="41" ten="30,7700,0" yaku="7,1,52,1,54,2" doraHai="53" who="3" fromWho="1" sc="250,0,289,-77,211,0,250,77" /><INIT seed="2,0,0,0,3,3" ten="250,212,211,327" oya="2" hai0="91,21,125,52,88,24,5,10,101,60,46,4,11" hai1="17,6,74,111,50,99,30,120,117,104,34,121,80" hai2="57,23,70,107,82,14,19,134,58,83,85,97,79" hai3="118,116,35,20,114,43,105,59,65,112,36,29,42"/><V96/><F70/><W129/><G35/><T133/><D125/><U0/><E117/><N who="3" m="45162" /><G105/><T69/><D133/><U127/><E127/><V26/><F134/><W124/><G124/><T31/><D101/><N who="1" m="62527" /><E17/><V72/><F107/><W126/><G126/><T67/><D11/><N who="1" m="2503" /><E50/><V64/><F26/><N who="3" m="16583" /><G36/><T53/><D5/><U54/><E54/><V103/><F103/><W44/><G44/><T39/><D53/><U12/><E12/><V16/><F19/><W32/><G32/><T68/><D68/><U84/><E84/><V45/><F45/><W109/><G109/><T61/><D39/><U25/><E111/><V93/><F93/><W87/><G129/><T86/><D86/><U75/><E80/><V113/><F113/><N who="3" m="43627" /><G87/><T128/><D128/><U2/><E2/><V110/><F110/><W7/><G7/><T38/><D38/><U76/><E75/><V73/><F73/><W95/><G95/><T13/><REACH who="0" step="1"/><D46/><REACH who="0" ten="240,212,211,327" step="2"/><U132/><E132/><V22/><F64/><W131/><G131/><T78/><D78/><U135/><E135/><V41/><F41/><W8/><G8/><T77/><D77/><U130/><E130/><V63/><F58/><AGARI ba="0,1" hai="4,10,13,21,24,31,52,58,60,61,67,69,88,91" machi="58" ten="40,8000,1" yaku="1,1,52,1,54,2,53,1" doraHai="3" doraHaiUra="49" who="0" fromWho="2" sc="240,90,212,0,211,-80,327,0" /><INIT seed="3,0,0,5,1,26" ten="330,212,131,327" oya="3" hai0="12,107,21,52,13,34,5,135,57,106,113,50,72" hai1="132,90,15,96,0,105,123,37,23,62,69,86,118" hai2="53,103,89,125,114,112,79,7,40,8,10,64,133" hai3="27,51,3,30,76,42,94,73,33,46,28,25,61"/><W19/><G3/><T109/><D72/><U78/><E123/><V18/><F125/><W2/><G2/><T11/><D34/><U119/><E37/><V60/><F133/><W92/><G73/><T127/><D135/><U74/><E0/><V101/><F79/><W81/><G19/><T29/><D127/><U35/><E35/><V22/><F40/><W128/><G128/><T129/><D129/><U111/><E111/><V75/><F75/><W17/><G17/><N who="0" m="10407" /><D109/><U77/><E15/><V70/><F53/><W121/><G121/><T100/><D100/><N who="1" m="62599" /><E23/><V68/><F22/><W20/><REACH who="3" step="1"/><G61/><REACH who="3" ten="330,212,131,317" step="2"/><T108/><D108/><U130/><E62/><V71/><F18/><W85/><AGARI ba="0,1" hai="20,25,27,28,30,33,42,46,51,76,81,85,92,94" machi="85" ten="20,18000,2" yaku="1,1,2,1,0,1,7,1,52,2,53,1" doraHai="26" doraHaiUra="43" who="3" fromWho="3" sc="330,-60,212,-60,131,-60,317,190" owari="270,7.0,152,-24.8,71,-42.9,507,60.7" /></mjloggm>