<mjloggm ver="2.3"><GO type="225" lobby="0"/><UN n0="%E5%A4%96%E5%B7%9D%E7%AB%9C%E6%88%90" n1="%E4%B8%AD%E5%B9%B4%E3%81%AE%E5%8D%B1%E6%A9%9F" n2="%E8%90%BD%E6%97%A5" n3="%48%61%61%61%6C%61%6E%64" dan="16,16,18,18" rate="2109.64,2111.62,2206.12,2250.87" sx="M,M,F,M"/><TAIKYOKU oya="0"/><INIT seed="0,0,0,3,5,74" ten="250,250,250,250" oya="0" hai0="113,20,84,121,83,104,120,128,123,35,63,135,24" hai1="119,15,57,111,72,95,122,14,89,109,114,82,10" hai2="28,17,61,117,69,81,64,29,21,60,78,127,9" hai3="2,59,75,52,47,4,88,77,56,110,132,27,103"/><T108/><D113/><U68/><E68/><V25/><F127/><W101/><G110/><N who="1" m="41994" /><E114/><V112/><F112/><W8/><G132/><T102/><D108/><U100/><E122/><V26/><F117/><W118/><G118/><T99/><D135/><U96/><E119/><V37/><F37/><W49/><G27/><T90/><D128/><U5/><E57/><V125/><F125/><W0/><G0/><T62/><REACH who="0" step="1"/><D35/><REACH who="0" ten="240,250,250,250" step="2"/><U54/><E54/><V44/><F44/><W94/><G47/><T18/><AGARI ba="0,1" hai="18,20,24,62,63,83,84,90,99,102,104,120,121,123" machi="18" ten="30,6000,0" yaku="1,1,2,1,0,1,53,0" doraHai="74" doraHaiUra="42" who="0" fromWho="0" sc="240,70,250,-20,250,-20,250,-20" /><INIT seed="0,1,0,0,2,26" ten="310,230,230,230" oya="0" hai0="54,132,32,3,20,87,62,122,93,64,27,55,82" hai1="46,105,14,98,130,86,18,37,70,43,49,44,33" hai2="83,66,134,51,114,47,9,81,85,16,75,23,69" hai3="73,39,101,53,121,67,22,113,125,52,36,12,40"/><T48/><D122/><U71/><E130/><V50/><F114/><W110/><G113/><T10/><D32/><U78/><E33/><V5/><F134/><W38/><G73/><T131/><D132/><U7/><E7/><V11/><F75/><W120/><G101/><T126/><D126/><U129/><E129/><V107/><F107/><W104/><G104/><T123/><D123/><N who="3" m="47177" /><G125/><T90/><D131/><U97/><E105/><V72/><F72/><W35/><G35/><T60/><D10/><U15/><E15/><V17/><F69/><W25/><G110/><T56/><D3/><U61/><E71/><V88/><F66/><W80/><G40/><T2/><D2/><U57/><E70/><V96/><F96/><W95/><G67/><T91/><D55/><N who="3" m="21065" /><G95/><T29/><D64/><N who="1" m="38959" /><E46/><V24/><F83/><W84/><G12/><T77/><D91/><U59/><E59/><V108/><F108/><W45/><G45/><T89/><D90/><U99/><E37/><V34/><F34/><W94/><G94/><T100/><D100/><U21/><E86/><AGARI ba="1,0" hai="20,27,29,48,54,56,60,62,77,82,86,87,89,93" machi="86" ten="30,5800,0" yaku="7,1,8,1,52,1" doraHai="26" who="0" fromWho="1" sc="310,61,230,-61,230,0,230,0" /><INIT seed="0,2,0,2,4,60" ten="371,169,230,230" oya="0" hai0="81,105,66,108,41,135,110,49,52,2,33,103,126" hai1="102,120,11,27,88,121,113,93,118,79,4,26,19" hai2="58,89,72,1,111,115,45,116,85,6,13,99,55" hai3="76,83,56,3,71,130,37,36,10,96,82,7,133"/><T75/><D2/><U5/><E118/><V65/><F72/><W16/><G71/><T46/><D33/><U12/><E113/><V40/><F115/><W21/><G130/><T117/><D117/><U31/><E102/><V80/><F116/><W30/><G133/><T100/><D135/><U20/><E79/><V35/><F35/><W14/><G30/><T67/><D126/><U109/><E109/><N who="0" m="42089" /><D41/><U61/><E61/><V92/><F1/><W57/><G96/><N who="0" m="61575" /><D103/><U84/><REACH who="1" step="1"/><E26/><REACH who="1" ten="371,159,230,230" step="2"/><V42/><F111/><W50/><G76/><AGARI ba="2,1" hai="46,49,52,66,67,75,76,81" m="61575,42089" machi="76" ten="30,12000,1" yaku="14,1,10,1,52,2,54,1" doraHai="60" who="0" fromWho="3" sc="371,136,159,0,230,0,230,-126" /><INIT seed="0,3,0,5,1,30" ten="507,159,230,104" oya="0" hai0="71,16,62,45,120,125,69,53,58,103,3,10,26" hai1="1,85,109,54,64,72,13,49,8,74,25,104,116" hai2="100,33,75,70,51,111,4,83,114,81,18,126,106" hai3="61,22,88,128,123,95,90,96,17,119,52,59,37"/><T93/><D120/><U9/><E104/><V107/><F18/><W73/><G119/><T36/><D125/><U2/><E116/><V101/><F51/><W7/><G123/><T135/><D135/><U19/><E64/><V55/><F55/><W60/><G128/><T80/><D80/><U42/><E42/><V105/><F4/><W79/><G37/><T112/><D112/><U129/><E129/><V113/><F70/><W14/><G7/><T23/><D3/><U84/><E109/><V43/><F43/><W91/><G73/><T133/><D10/><U56/><E74/><V27/><F27/><W94/><G79/><T134/><D45/><U98/><E72/><V89/><F33/><W117/><G117/><T130/><D36/><U102/><E2/><V82/><F75/><W97/><REACH who="3" step="1"/><G60/><REACH who="3" ten="507,159,230,94" step="2"/><T127/><D130/><U35/><E1/><V11/><F111/><W38/><G38/><T28/><D133/><U57/><E9/><V87/><F11/><W66/><G66/><T118/><D134/><U115/><E115/><N who="2" m="44043" /><F126/><W46/><G46/><T76/><D127/><U124/><E124/><V68/><F68/><W131/><G131/><T34/><D71/><U132/><E132/><V6/><F6/><W29/><G29/><T32/><D69/><U39/><E39/><V5/><F5/><W63/><G63/><T24/><D118/><U108/><E108/><V78/><F78/><W31/><G31/><T99/><D76/><U21/><E57/><V0/><F0/><W12/><G12/><T86/><D86/><U20/><E56/><V50/><F50/><RYUUKYOKU ba="3,1" sc="507,10,159,-30,230,10,94,10" hai0="16,23,24,26,28,32,34,53,58,62,93,99,103" hai2="81,82,83,87,89,100,101,105,106,107" hai3="14,17,22,52,59,61,88,90,91,94,95,96,97" /><INIT seed="0,4,1,0,4,11" ten="517,129,240,104" oya="0" hai0="115,80,21,55,104,73,12,16,91,5,61,97,15" hai1="124,85,49,35,30,90,129,8,6,24,88,89,29" hai2="130,56,20,77,10,83,121,86,2,109,58,82,40" hai3="43,95,100,120,53,93,51,107,23,113,44,45,128"/><T98/><D115/><U110/><E110/><V118/><F121/><W13/><G113/><T123/><D123/><U78/><E124/><V68/><F68/><W67/><G120/><T69/><D104/><U108/><E108/><V116/><F109/><W72/><G72/><T112/><D112/><U37/><E37/><V114/><F114/><W9/><G128/><T79/><D91/><U125/><E125/><V134/><F130/><W19/><G67/><T84/><D73/><U47/><E30/><V71/><F71/><W119/><G119/><N who="2" m="45609" /><F134/><W135/><G135/><T81/><D81/><U94/><E129/><V1/><F40/><W36/><G107/><T75/><D75/><U25/><E25/><V54/><F82/><W39/><G39/><T59/><D69/><U65/><E65/><V31/><F10/><AGARI ba="4,1" hai="5,10,12,15,16,21,55,59,61,79,80,84,97,98" machi="10" ten="40,12000,1" yaku="8,1,52,2,54,1" doraHai="11" who="0" fromWho="2" sc="517,142,129,0,240,-132,104,0" /><INIT seed="0,5,0,0,4,84" ten="659,129,108,104" oya="0" hai0="132,93,39,117,60,134,45,7,120,29,80,103,2" hai1="41,77,105,69,28,53,114,107,75,16,97,90,78" hai2="3,92,82,10,1,135,33,73,83,130,74,20,63" hai3="109,58,35,62,99,18,68,19,6,24,125,64,129"/><T49/><D117/><U66/><E41/><V98/><F33/><W27/><G109/><T52/><D120/><U91/><E28/><V95/><F130/><W46/><G129/><T118/><D118/><U112/><E53/><V86/><F135/><N who="0" m="51754" /><D29/><U14/><E66/><V38/><F38/><W13/><G125/><T131/><D131/><U71/><E97/><V81/><F20/><W76/><G76/><N who="1" m="29290" /><E75/><V32/><F32/><W122/><G122/><T23/><D39/><U89/><E14/><V9/><F63/><W123/><G123/><T47/><D47/><U115/><E16/><N who="3" m="6186" /><G68/><AGARI ba="5,0" hai="68,69,71,89,90,91,105,107,112,114,115" m="29290" machi="68" ten="40,12000,2" yaku="28,2,11,1,52,3" doraHai="84" who="1" fromWho="3" sc="659,0,129,135,108,0,104,-135" owari="659,75.9,264,6.4,108,-29.2,-31,-53.1" /></mjloggm>