<mjloggm ver="2.3"><GO type="225" lobby="0"/><UN n0="%E6%AF%9B%E8%8D%92%E3%82%8C%E3%83%BB%E3%82%B9%E3%83%9F%E3%82%B9" n1="%6D%75%75%6D%75%72%61" n2="%72%61%6B%33" n3="%E7%AD%89%E3%80%85%E5%8A%9B%E5%8A%87%E5%A0%B4" dan="16,16,18,16" rate="2106.60,2152.09,2195.08,2130.37" sx="F,F,M,M"/><TAIKYOKU oya="0"/><INIT seed="0,0,0,2,5,122" ten="250,250,250,250" oya="0" hai0="128,28,6,43,131,123,88,34,29,99,78,64,110" hai1="116,51,13,96,90,44,36,87,108,98,14,32,133" hai2="57,103,35,24,80,85,40,68,60,102,39,100,72" hai3="118,12,66,56,75,89,20,132,48,71,37,16,109"/><T135/><D110/><U52/><E116/><V74/><F68/><W81/><G37/><T121/><D135/><U93/><E133/><V86/><F40/><W92/><G132/><T47/><D78/><U26/><E108/><V120/><F39/><W18/><G118/><T130/><D6/><U114/><E114/><V106/><F120/><N who="0" m="46154" /><D34/><U62/><E36/><V129/><F106/><W91/><G109/><T77/><D77/><U45/><E45/><V11/><F11/><W50/><G71/><T104/><D64/><U0/><E0/><V33/><F129/><W94/><G81/><T5/><D5/><U53/><E26/><V59/><F24/><W38/><G75/><T54/><D54/><U70/><E32/><V95/><F95/><W3/><G3/><T61/><D61/><U65/><REACH who="1" step="1"/><E53/><REACH who="1" ten="250,240,250,250" step="2"/><V67/><F33/><W113/><G38/><N who="0" m="22007" /><D104/><U83/><E83/><V7/><F80/><W84/><G113/><T73/><D73/><U10/><E10/><V21/><F74/><W27/><G94/><AGARI ba="0,1" hai="28,29,88,94,99,128,130,131" m="22007,46154" machi="94" ten="40,3900,0" yaku="19,1,54,1" doraHai="122" who="0" fromWho="3" sc="250,49,240,0,250,0,250,-39" /><INIT seed="0,1,0,4,3,2" ten="299,240,250,211" oya="0" hai0="5,102,93,46,117,105,22,122,107,64,52,21,19" hai1="73,77,47,0,79,17,26,88,106,58,42,100,6" hai2="115,33,4,99,12,3,119,55,50,34,41,70,80" hai3="48,43,116,96,29,56,98,69,134,82,65,13,9"/><T32/><D117/><U68/><E68/><V121/><F115/><W1/><G116/><T90/><D122/><U120/><E120/><V7/><F70/><W61/><G134/><T30/><D64/><U51/><E106/><V76/><F119/><W38/><G1/><T15/><D32/><U18/><E100/><V125/><F121/><W14/><G38/><T27/><D102/><U91/><E58/><V81/><F125/><W60/><G29/><T53/><D5/><U10/><E17/><V104/><F41/><W127/><G127/><T44/><D105/><U110/><E110/><V89/><F12/><W74/><G14/><T40/><D107/><U11/><E73/><V129/><F129/><W25/><G25/><T130/><D130/><U72/><E72/><V132/><F132/><W101/><G101/><T118/><D118/><U24/><E11/><V57/><F81/><W109/><G109/><T92/><D92/><U111/><E111/><V67/><F67/><W126/><G126/><T28/><D28/><U8/><E8/><V135/><F3/><W108/><G108/><T103/><D103/><U84/><E91/><V86/><F135/><W95/><G95/><T45/><REACH who="0" step="1"/><D40/><REACH who="0" ten="289,240,250,211" step="2"/><U39/><E42/><V49/><F104/><W131/><G131/><T113/><D113/><U78/><E18/><V71/><F33/><W124/><G124/><T66/><D66/><U85/><E6/><N who="2" m="2091" /><F34/><W35/><G35/><T128/><D128/><U94/><E0/><V31/><F31/><W20/><G65/><T16/><D16/><U62/><E94/><N who="2" m="56783" /><F71/><W112/><G69/><RYUUKYOKU ba="1,1" sc="289,15,240,-15,250,15,211,-15" hai0="15,19,21,22,27,30,44,45,46,52,53,90,93" hai2="49,50,55,57,76,80,86" /><INIT seed="0,2,1,1,2,31" ten="304,225,265,196" oya="0" hai0="28,9,16,80,11,112,124,0,120,102,70,92,86" hai1="45,117,122,19,106,34,81,39,111,52,21,29,74" hai2="76,116,69,125,129,78,96,90,130,4,63,134,6" hai3="100,48,119,95,71,42,54,3,108,2,12,17,49"/><T131/><D112/><U132/><E117/><V68/><F116/><W72/><G119/><T65/><D120/><U46/><E122/><V22/><F22/><W105/><G72/><T33/><D131/><U44/><E106/><V23/><F23/><W35/><G71/><T121/><D121/><U126/><E111/><V118/><F118/><W14/><G105/><T61/><D124/><U83/><E126/><V93/><F125/><W59/><G108/><T127/><D127/><U135/><E39/><V41/><F41/><W62/><G35/><T75/><D0/><U1/><E1/><V10/><F134/><N who="1" m="51241" /><E74/><V84/><F6/><W91/><G100/><T18/><D75/><U98/><E98/><V82/><F78/><W128/><G128/><N who="2" m="49257" /><F63/><W32/><G32/><T85/><D9/><U36/><E36/><V64/><F64/><W27/><G2/><AGARI ba="2,1" hai="2,4,10,68,69,76,82,84,90,93,96" m="49257" machi="2" ten="30,1000,0" yaku="19,1" doraHai="31" who="2" fromWho="3" sc="304,0,225,0,265,26,196,-16" /><INIT seed="1,0,0,3,5,133" ten="304,225,291,180" oya="1" hai0="92,113,46,22,32,114,75,96,7,129,112,2,8" hai1="36,39,132,5,104,48,60,62,85,91,107,115,77" hai2="111,55,66,54,40,101,35,45,97,38,117,119,41" hai3="89,80,6,81,67,106,28,123,14,63,82,99,121"/><U72/><E115/><V21/><F35/><W15/><G28/><T23/><D32/><U130/><E132/><V12/><F111/><W98/><G106/><T20/><D75/><U49/><E130/><V122/><F122/><W102/><G89/><T9/><D9/><U131/><E131/><V135/><F135/><W94/><G99/><T134/><D134/><U118/><E72/><V88/><F66/><W90/><G90/><T27/><D46/><U59/><E5/><V47/><F55/><W1/><G1/><T50/><D50/><U128/><E128/><V52/><F117/><W30/><G30/><T73/><D73/><U95/><E77/><V13/><F119/><W76/><G76/><T71/><D71/><U109/><E118/><V65/><F65/><W84/><G84/><T87/><D129/><U78/><E78/><V17/><F13/><W16/><G6/><T93/><D87/><U70/><E70/><V120/><F120/><W18/><G14/><T58/><D58/><U105/><E109/><V26/><F12/><W56/><REACH who="3" step="1"/><G18/><REACH who="3" ten="304,225,291,170" step="2"/><T125/><D114/><U126/><E107/><V4/><F4/><W37/><G37/><T79/><D79/><U116/><E116/><V51/><F88/><W24/><G24/><T108/><D27/><U42/><E91/><V83/><F83/><W25/><G25/><T44/><D113/><U33/><E85/><V69/><F69/><W103/><G103/><T0/><D112/><U127/><E33/><V57/><F57/><W68/><G68/><T74/><D7/><U3/><E59/><V31/><F31/><RYUUKYOKU ba="0,1" sc="304,-15,225,-15,291,15,170,15" hai2="17,21,26,38,40,41,45,47,51,52,54,97,101" hai3="15,16,56,63,67,80,81,82,94,98,102,121,123" /><INIT seed="2,1,1,5,0,57" ten="289,210,306,185" oya="2" hai0="31,24,90,93,6,86,126,113,79,91,30,133,101" hai1="132,68,125,88,37,1,122,108,20,82,102,110,22" hai2="103,19,123,81,46,25,119,33,84,3,89,73,92" hai3="107,40,98,66,9,12,114,52,39,17,124,43,105"/><V54/><F119/><W10/><G124/><T118/><D113/><U44/><E125/><V8/><F123/><W56/><G114/><T53/><D126/><U45/><E122/><V11/><F3/><W2/><G66/><T42/><D118/><U64/><E1/><V38/><F38/><W97/><G107/><T32/><D133/><U115/><E115/><V121/><F121/><W75/><G75/><T34/><D42/><N who="1" m="22607" /><E45/><V47/><F33/><W71/><G71/><T76/><D101/><U63/><E102/><V49/><F47/><W96/><G105/><T35/><D6/><U72/><E72/><V65/><F65/><W16/><G39/><T28/><D24/><U23/><E132/><V48/><F48/><N who="3" m="30727" /><G2/><T80/><REACH who="0" step="1"/><D53/><REACH who="0" ten="279,210,306,185" step="2"/><U94/><E108/><V27/><F27/><W120/><G120/><T111/><D111/><U60/><E110/><V130/><F25/><W95/><G43/><T15/><D15/><U106/><E106/><V131/><F54/><W100/><G40/><T116/><D116/><U104/><E104/><V61/><F103/><W29/><G29/><T134/><D134/><U117/><E117/><V99/><F131/><W78/><G78/><T7/><D7/><U13/><E13/><AGARI ba="1,2" hai="9,10,12,13,16,17,95,96,97,98,100" m="30727" machi="13" ten="30,3900,0" yaku="8,1,54,2" doraHai="57" who="3" fromWho="1" sc="279,0,210,-42,306,0,185,62" /><INIT seed="3,0,0,3,1,65" ten="279,168,306,247" oya="3" hai0="102,4,107,49,125,94,91,57,54,98,36,19,21" hai1="92,44,2,11,133,64,111,77,134,33,12,114,1" hai2="123,75,15,6,74,89,25,130,120,47,117,93,100" hai3="39,88,119,90,108,132,37,116,81,56,45,60,122"/><W112/><G112/><T70/><D125/><U58/><E114/><V97/><F117/><W0/><G122/><N who="2" m="46633" /><F130/><W67/><G0/><T34/><D34/><U113/><E113/><V80/><F47/><W106/><G106/><T32/><D32/><U18/><E33/><V14/><F25/><W29/><G29/><T127/><D127/><U131/><E131/><V53/><F53/><W17/><G132/><N who="1" m="50794" /><E111/><V101/><F14/><W40/><G37/><T83/><D36/><U87/><E44/><V23/><F23/><W22/><G108/><T118/><D118/><U59/><E64/><V52/><F52/><W78/><G119/><T128/><D128/><U69/><E69/><V51/><F51/><W99/><G99/><T16/><D4/><N who="1" m="1423" /><E2/><V103/><F80/><W30/><G30/><T76/><D70/><U121/><E121/><V9/><AGARI ba="0,0" hai="6,9,15,74,75,89,93,97,100,101,103" m="46633" machi="9" ten="40,1500,0" yaku="13,1" doraHai="65" who="2" fromWho="2" sc="279,-4,168,-4,306,15,247,-7" owari="275,7.5,164,-33.6,321,42.1,240,-16.0" /></mjloggm>