<mjloggm ver="2.3"><GO type="225" lobby="0"/><UN n0="%E3%81%94%E3%81%BE%E3%81%A1%E3%82%83%E3%82%93%36%36" n1="%E9%89%A2%E5%B7%BB%E3%82%AC%E3%83%96" n2="%6A%70%74%77%61%32" n3="%E7%B4%94%E6%BD%94%E3%83%94%E3%83%A9%E3%83%8B%E3%82%A2" dan="17,16,16,17" rate="2153.36,2051.96,2067.99,2224.52" sx="M,M,M,M"/><TAIKYOKU oya="0"/><INIT seed="0,0,0,1,5,35" ten="250,250,250,250" oya="0" hai0="29,52,85,0,12,100,45,56,101,5,104,134,91" hai1="79,44,48,50,11,13,43,23,129,118,33,98,65" hai2="70,99,64,123,124,10,112,81,72,63,107,15,62" hai3="80,2,109,27,9,131,76,22,68,94,95,97,38"/><T36/><D134/><U34/><E118/><V86/><F123/><W74/><G109/><T59/><D0/><U102/><E129/><V117/><F112/><W24/><G131/><T61/><D104/><U54/><E79/><V69/><F117/><W66/><G38/><T108/><D108/><U114/><E65/><V39/><F39/><W40/><G40/><T116/><D116/><U42/><E23/><V53/><F72/><W57/><G68/><T82/><D29/><U78/><E78/><V47/><F124/><W83/><G83/><T1/><D1/><U4/><E43/><V58/><F47/><W16/><G24/><T21/><D36/><U41/><E42/><V67/><F107/><W20/><G20/><T71/><D71/><U113/><E113/><V8/><F99/><W73/><G73/><T32/><D32/><U31/><E31/><V106/><F106/><W30/><G30/><T132/><D132/><U90/><E90/><V28/><F28/><W14/><G27/><T121/><D121/><U55/><E41/><V25/><F25/><W89/><G94/><T19/><D45/><N who="1" m="27919" /><E114/><V87/><F15/><W51/><G51/><N who="0" m="30751" /><D5/><U17/><E4/><V18/><F18/><W110/><G110/><T119/><D119/><U77/><E77/><V92/><F92/><W75/><G75/><T122/><D122/><U126/><E126/><V103/><F103/><W88/><G89/><T26/><D26/><U96/><E102/><V115/><F115/><W6/><REACH who="3" step="1"/><G57/><REACH who="3" ten="250,250,250,240" step="2"/><T130/><D130/><U128/><E128/><V125/><F125/><W135/><G135/><RYUUKYOKU ba="0,1" sc="250,10,250,10,250,-30,240,10" hai0="12,19,21,59,61,82,85,91,100,101" hai1="11,13,17,33,34,44,50,55,96,98" hai3="2,6,9,14,16,22,66,74,76,80,88,95,97" /><INIT seed="0,1,1,4,3,86" ten="260,260,220,250" oya="0" hai0="11,32,74,128,95,54,126,5,57,106,46,117,33" hai1="35,104,28,64,38,25,15,91,16,58,100,94,78" hai2="55,96,103,88,8,63,26,131,14,121,12,70,45" hai3="92,6,123,135,72,36,50,53,27,2,80,89,30"/><T122/><D117/><U125/><E38/><V127/><F121/><W47/><G123/><T20/><D122/><U44/><E125/><V23/><F131/><W49/><G135/><T115/><D106/><U107/><E100/><V39/><F127/><W40/><G2/><T111/><D115/><U98/><E78/><V69/><F103/><W129/><G6/><T19/><D126/><U9/><REACH who="1" step="1"/><E44/><REACH who="1" ten="260,250,220,250" step="2"/><V24/><F39/><W82/><G129/><T105/><D46/><U71/><E71/><V66/><F45/><W68/><G68/><T87/><D128/><U13/><E13/><V65/><F70/><W73/><G36/><T48/><D111/><U77/><E77/><V37/><F37/><W83/><G40/><T67/><D74/><U93/><E93/><V85/><F69/><W81/><G50/><T52/><D105/><U31/><E31/><V108/><F12/><W41/><G41/><T42/><D42/><U109/><E109/><V51/><F108/><W116/><G116/><T21/><D95/><U75/><E75/><V124/><F14/><W133/><G133/><T22/><D22/><U134/><E134/><V130/><F23/><W61/><G61/><AGARI ba="1,2" hai="9,15,16,25,28,35,58,61,64,91,94,98,104,107" machi="61" ten="40,5200,0" yaku="1,1,52,1,54,1,53,0" doraHai="86" doraHaiUra="17" who="1" fromWho="3" sc="260,0,250,75,220,0,250,-55" /><INIT seed="1,0,0,3,5,49" ten="260,325,220,195" oya="1" hai0="25,99,82,110,130,93,134,28,94,67,62,17,50" hai1="98,74,114,51,58,0,18,75,68,123,9,14,127" hai2="128,69,100,3,13,96,118,10,91,115,116,70,109" hai3="16,81,133,106,78,92,129,95,29,46,84,132,102"/><U88/><E114/><V32/><F109/><W121/><G29/><T2/><D2/><U41/><E123/><V60/><F115/><W89/><G46/><T131/><D110/><U24/><E68/><V80/><F128/><N who="0" m="49194" /><D134/><N who="3" m="51817" /><G129/><T85/><D17/><U73/><E127/><V87/><F3/><W120/><G16/><T26/><D50/><U12/><E0/><V111/><F32/><W97/><G95/><N who="0" m="36363" /><D99/><AGARI ba="0,0" hai="78,81,84,89,92,97,99,102,106,120,121" m="51817" machi="99" ten="30,3900,0" yaku="20,1,34,2" doraHai="49" who="3" fromWho="0" sc="260,-39,325,0,220,0,195,39" /><INIT seed="2,0,0,1,5,11" ten="221,325,220,234" oya="2" hai0="107,85,42,54,101,120,88,32,3,66,31,36,7" hai1="93,65,28,37,52,106,6,55,78,87,34,38,132" hai2="41,44,27,98,80,90,114,116,76,46,122,129,115" hai3="60,26,125,29,74,2,110,19,5,17,111,0,135"/><V1/><F116/><W15/><G74/><T57/><D120/><U118/><E118/><V68/><F122/><W79/><G79/><T21/><D66/><U33/><E106/><V109/><F129/><W119/><G60/><T12/><D32/><U59/><E93/><V64/><F1/><N who="3" m="619" /><G119/><T96/><D3/><U95/><E95/><V82/><F109/><N who="3" m="41483" /><G135/><T22/><D31/><U56/><E87/><V20/><F98/><W81/><G81/><T127/><D127/><U86/><E86/><V23/><F90/><W124/><G5/><T48/><D7/><U92/><E92/><V47/><F41/><W58/><G58/><T13/><D42/><U69/><E6/><V75/><F80/><W24/><G24/><T53/><D36/><U99/><E132/><V123/><F123/><W18/><G15/><T50/><D12/><U9/><E65/><V61/><REACH who="2" step="1"/><F20/><AGARI ba="0,0" hai="17,18,19,20,26,29,124,125" m="41483,619" machi="20" ten="40,5200,0" yaku="14,1,34,2" doraHai="11" who="3" fromWho="2" sc="221,0,325,0,220,-52,234,52" /><INIT seed="3,0,0,1,5,74" ten="221,325,168,286" oya="3" hai0="10,53,52,33,2,80,119,131,68,38,65,63,11" hai1="62,26,98,99,107,70,111,133,48,120,128,67,115" hai2="83,86,134,73,100,46,18,76,126,94,91,97,124" hai3="72,54,34,43,116,108,89,105,19,129,103,42,56"/><W64/><G116/><T87/><D119/><U112/><E120/><V92/><F46/><W28/><G129/><T66/><D38/><U85/><E111/><V27/><F27/><W0/><G0/><T109/><D131/><U79/><E128/><V78/><F18/><W75/><G108/><T51/><D109/><U47/><E133/><V7/><F7/><W121/><G121/><T31/><D66/><U55/><E99/><V41/><F41/><W114/><G103/><T113/><D113/><U110/><E110/><V96/><F134/><W39/><G105/><T14/><D2/><U117/><E85/><V35/><F35/><W106/><G106/><T82/><D82/><AGARI ba="0,0" hai="73,76,78,82,83,86,91,92,94,96,97,100,124,126" machi="82" ten="40,8000,1" yaku="34,3,52,2" doraHai="74" who="2" fromWho="0" sc="221,-80,325,0,168,80,286,0" owari="141,-35.9,325,42.5,248,-15.2,286,8.6" /></mjloggm>