<mjloggm ver="2.3"><GO type="225" lobby="0"/><UN n0="%E6%A1%9C%E8%8A%B1%E9%96%83%E3%80%85" n1="%E7%99%BD%E6%97%A5%E9%9B%AA%E8%8F%9C" n2="%E5%8C%97%E6%AC%A7%E3%81%AE%E3%82%82%E3%81%93%E3%81%86" n3="%33%74%72%65%65" dan="16,16,17,16" rate="2078.32,2118.83,2149.22,2155.83" sx="M,M,M,F"/><TAIKYOKU oya="0"/><INIT seed="0,0,0,0,4,122" ten="250,250,250,250" oya="0" hai0="78,54,69,4,80,45,74,110,18,59,70,124,61" hai1="125,20,106,57,14,121,129,58,71,56,120,82,21" hai2="15,49,37,30,85,68,1,114,66,126,123,101,62" hai3="73,67,35,48,108,87,9,32,10,93,24,128,90"/><T95/><D124/><U33/><E106/><V23/><F1/><W2/><G73/><T11/><D18/><U112/><E33/><V47/><F114/><W117/><G117/><T100/><D110/><U26/><E71/><V64/><F37/><W60/><G108/><T77/><D77/><U8/><E125/><V118/><F64/><W94/><G128/><T115/><D115/><U131/><E112/><V119/><F101/><W7/><G9/><T38/><D95/><U55/><E55/><V3/><F3/><W19/><G48/><T34/><D100/><U42/><E42/><V40/><F123/><W79/><G79/><T130/><D34/><U96/><E96/><V116/><F126/><W75/><G75/><T22/><D22/><U51/><E51/><V102/><F102/><W91/><G19/><T103/><D103/><U105/><E82/><V132/><F15/><W29/><G32/><T12/><REACH who="0" step="1"/><D130/><REACH who="0" ten="240,250,250,250" step="2"/><N who="1" m="49675" /><E105/><V44/><F23/><N who="1" m="8777" /><E26/><V135/><F30/><W111/><G111/><T113/><D113/><U50/><E121/><V65/><F118/><W88/><REACH who="3" step="1"/><G93/><REACH who="3" ten="240,250,250,240" step="2"/><T13/><D13/><U46/><E120/><V43/><F116/><W31/><G31/><T16/><D16/><U28/><E28/><V52/><F119/><W89/><G89/><T127/><D127/><U134/><E14/><V133/><F133/><W27/><G27/><T81/><D81/><U86/><E134/><V0/><F135/><W5/><G5/><T109/><D109/><U6/><E6/><V97/><F132/><W98/><G98/><T36/><D36/><U83/><E83/><RYUUKYOKU ba="0,2" sc="240,15,250,-15,250,-15,240,15" hai0="4,11,12,38,45,54,59,61,69,70,74,78,80" hai3="2,7,10,24,29,35,60,67,87,88,90,91,94" /><INIT seed="0,1,2,2,0,104" ten="255,235,235,255" oya="0" hai0="58,8,36,124,107,120,23,127,79,7,0,130,53" hai1="83,81,86,6,38,57,45,87,24,61,69,3,37" hai2="14,95,76,91,71,43,68,131,84,4,132,5,102" hai3="70,112,1,34,113,122,64,129,31,114,77,109,101"/><T115/><D115/><U106/><E106/><V47/><F131/><W65/><G129/><T100/><D120/><U40/><E69/><V72/><F132/><W28/><G122/><T66/><D130/><U49/><E24/><V135/><F135/><W94/><G1/><T123/><D123/><U110/><E110/><V118/><F118/><W105/><G109/><T103/><D36/><U62/><E3/><V56/><F56/><W54/><G105/><T42/><D42/><U15/><E62/><V82/><F102/><W32/><G77/><T125/><D66/><U96/><E96/><V55/><F55/><W133/><G133/><T134/><D134/><U67/><E87/><V33/><F33/><W121/><G121/><T92/><D107/><U88/><REACH who="1" step="1"/><E83/><REACH who="1" ten="255,225,235,255" step="2"/><V29/><F71/><W44/><G70/><T75/><D92/><U27/><E27/><V30/><F68/><W46/><G112/><T63/><REACH who="0" step="1"/><D23/><REACH who="0" ten="245,225,235,255" step="2"/><U13/><E13/><V128/><F14/><W97/><G94/><T51/><D51/><U11/><AGARI ba="1,4" hai="6,11,15,37,38,40,45,49,57,61,67,81,86,88" machi="11" ten="30,4000,0" yaku="1,1,0,1,54,1,53,0" doraHai="104" doraHaiUra="73" who="1" fromWho="1" sc="245,-21,225,83,235,-11,255,-11" /><INIT seed="1,0,0,2,5,78" ten="224,308,224,244" oya="1" hai0="31,91,135,116,112,37,110,60,40,65,23,83,17" hai1="88,89,81,85,63,47,127,9,68,48,27,56,34" hai2="117,39,100,3,99,28,6,118,15,119,72,59,12" hai3="122,96,42,24,55,44,79,87,131,67,92,132,10"/><U36/><E127/><V53/><F39/><W98/><G122/><T80/><D112/><U114/><E114/><V101/><F72/><W75/><G132/><T7/><D116/><U11/><E36/><V97/><F3/><W108/><G108/><T30/><D110/><U133/><E68/><V86/><F28/><W62/><G131/><T134/><D7/><U52/><E133/><N who="0" m="50697" /><D91/><U128/><E128/><V35/><F35/><W77/><G75/><T123/><D123/><U58/><E89/><V16/><F86/><W41/><G77/><T46/><D31/><U130/><E130/><V82/><F6/><W70/><G10/><T13/><D30/><U90/><E90/><V1/><F1/><W32/><G98/><T84/><D84/><U74/><E74/><V115/><F115/><W57/><G24/><T49/><D37/><U4/><E34/><V0/><F0/><W2/><G32/><T103/><D103/><U124/><E27/><V8/><F12/><W125/><G2/><T126/><D126/><U54/><E124/><V50/><F82/><N who="3" m="47583" /><G70/><AGARI ba="0,0" hai="13,17,23,40,46,49,60,65,70,80,83" m="50697" machi="70" ten="30,3900,0" yaku="20,1,52,2" doraHai="78" who="0" fromWho="3" sc="224,39,308,0,224,0,244,-39" /><INIT seed="2,0,0,2,0,87" ten="263,308,224,205" oya="2" hai0="35,7,37,21,109,75,103,22,27,119,28,41,57" hai1="1,129,120,14,65,2,63,6,101,26,8,130,3" hai2="62,77,40,125,25,66,123,110,39,118,115,16,94" hai3="33,108,89,54,112,69,49,44,91,71,121,90,31"/><V83/><F115/><W99/><G121/><T80/><D109/><U93/><E120/><V122/><F118/><W53/><G108/><T124/><D119/><U43/><E43/><V45/><F110/><W34/><G112/><T70/><D70/><U67/><E26/><V88/><F125/><W47/><G99/><T50/><D103/><U98/><REACH who="1" step="1"/><E63/><REACH who="1" ten="263,298,224,205" step="2"/><V55/><F123/><W73/><G73/><T81/><D41/><U61/><E61/><V86/><F122/><W134/><G134/><T78/><D27/><U4/><E4/><V131/><F131/><AGARI ba="0,1" hai="1,2,3,6,8,14,65,67,93,98,101,129,130,131" machi="131" ten="50,3200,0" yaku="1,1,19,1,53,0" doraHai="87" doraHaiUra="46" who="1" fromWho="2" sc="263,0,298,42,224,-32,205,0" /><INIT seed="3,0,0,1,1,105" ten="263,340,192,205" oya="3" hai0="115,0,62,5,75,104,128,38,134,51,131,54,129" hai1="100,68,24,116,8,1,25,102,16,120,85,113,118" hai2="49,96,59,52,44,17,65,112,117,55,9,6,7" hai3="77,109,69,42,70,35,2,56,83,87,29,111,71"/><W106/><G2/><T28/><D134/><U92/><E113/><V121/><F117/><N who="1" m="45161" /><E120/><V95/><F112/><W48/><G106/><T130/><D115/><U66/><E85/><V81/><F121/><W108/><G35/><T135/><D62/><N who="1" m="40023" /><E92/><V50/><F65/><W107/><G107/><T78/><D51/><U91/><E91/><N who="2" m="55423" /><F81/><W37/><G29/><T34/><D54/><U80/><E80/><V18/><F9/><W12/><G37/><T84/><D5/><AGARI ba="0,0" hai="5,6,7,17,18,44,49,50,52,55,59" m="55423" machi="5" ten="30,2000,0" yaku="8,1,54,1" doraHai="105" who="2" fromWho="0" sc="263,-20,340,0,192,20,205,0" owari="243,4.3,340,44.0,212,-18.8,205,-29.5" /></mjloggm>