<mjloggm ver="2.3"><GO type="225" lobby="0"/><UN n0="%E5%8D%A0%E3%81%84%E5%B8%AB%E8%A3%8F%E3%81%AA%E3%81%84%E3%81%97" n1="%E6%B5%81%E3%82%8C%EF%BC%9F%53%4F%41" n2="%E5%B8%86%E7%AB%8B%E5%A4%8F%E8%A1%A3" n3="%E3%83%81%E3%83%AF%E3%83%AF%E9%9A%8A%E9%95%B7" dan="17,16,16,16" rate="2218.88,2107.52,2128.95,2105.99" sx="M,M,M,M"/><TAIKYOKU oya="0"/><INIT seed="0,0,0,3,5,20" ten="250,250,250,250" oya="0" hai0="116,77,2,82,72,47,79,13,60,32,49,71,54" hai1="26,16,103,14,34,129,131,110,38,80,107,119,3" hai2="10,130,64,117,63,83,58,61,37,6,112,12,124" hai3="24,81,0,29,42,53,99,104,128,94,102,96,48"/><T101/><D116/><U88/><E119/><V121/><F117/><W78/><G0/><T15/><D2/><U11/><E38/><V113/><F121/><W120/><G120/><T62/><D32/><U9/><E107/><V91/><F37/><W55/><G128/><N who="1" m="49226" /><E103/><V68/><F130/><W84/><G42/><T109/><D101/><U134/><E110/><V1/><F124/><W70/><G70/><T45/><D109/><U59/><E59/><V19/><F91/><W31/><G31/><T36/><D77/><U85/><E134/><V73/><F83/><W41/><G41/><T27/><D36/><U86/><E86/><V8/><REACH who="2" step="1"/><F73/><REACH who="2" ten="250,250,240,250" step="2"/><W114/><G114/><T30/><D72/><U7/><E26/><V127/><F127/><W25/><G25/><T87/><D27/><U118/><E118/><V90/><F90/><W28/><G28/><T46/><D30/><U125/><E34/><V108/><F108/><W76/><G76/><T5/><D71/><U69/><E69/><V100/><F100/><W57/><G102/><T35/><D35/><U39/><E39/><V51/><F51/><W33/><G48/><T98/><D49/><U95/><E125/><V115/><F115/><W133/><G33/><T122/><D122/><U111/><E111/><V123/><F123/><W17/><G29/><T105/><D82/><AGARI ba="0,1" hai="3,7,9,11,14,16,80,82,85,88,95" m="49226" machi="82" ten="30,3900,0" yaku="19,1,54,2" doraHai="20" who="1" fromWho="0" sc="250,-39,250,49,240,0,250,0" /><INIT seed="1,0,0,0,0,47" ten="211,299,240,250" oya="1" hai0="86,89,36,61,28,11,50,39,16,131,35,102,118" hai1="25,54,111,56,44,31,114,6,67,93,117,125,121" hai2="37,68,2,53,103,20,110,104,38,4,98,109,26" hai3="42,115,119,46,52,58,12,95,116,77,123,33,132"/><U49/><E114/><V8/><F68/><W107/><G107/><T66/><D118/><N who="3" m="45097" /><G33/><T18/><D131/><U82/><E117/><V7/><F7/><W99/><G115/><T13/><D35/><U84/><E121/><V94/><F104/><W128/><G123/><T15/><D28/><U78/><E125/><V64/><F64/><W59/><G128/><T41/><D102/><U83/><E6/><V127/><F127/><W85/><G132/><T72/><D72/><U69/><E69/><V133/><F133/><W81/><G12/><T88/><D41/><U5/><E5/><V126/><F126/><W97/><G95/><T135/><D135/><U73/><E93/><V113/><F113/><W45/><G45/><T9/><D50/><U74/><E111/><N who="2" m="42507" /><F53/><W63/><G59/><T105/><D105/><U80/><E73/><V48/><F48/><AGARI ba="0,0" hai="42,46,48,52,58,63,77,81,85,97,99" m="45097" machi="48" ten="30,3900,0" yaku="12,1,52,1,54,1" doraHai="47" who="3" fromWho="2" sc="211,0,299,0,240,-39,250,39" /><INIT seed="2,0,0,1,3,39" ten="211,299,201,289" oya="2" hai0="54,125,86,13,83,91,6,12,21,85,24,104,67" hai1="0,45,66,62,15,78,46,42,100,120,99,121,43" hai2="61,17,102,8,130,105,98,126,58,114,11,55,38" hai3="75,2,112,124,65,135,32,101,18,68,79,92,19"/><V119/><F114/><W40/><G2/><T35/><D104/><U50/><E0/><V60/><F119/><W117/><G32/><T51/><D35/><U88/><E78/><V7/><F130/><W108/><G117/><T69/><D125/><U52/><E15/><V123/><F126/><W47/><G124/><T111/><D111/><U90/><E66/><V10/><F123/><N who="1" m="47177" /><E62/><V118/><F118/><W106/><G106/><T36/><D36/><N who="1" m="21703" /><E43/><V128/><F128/><W96/><G65/><T107/><D67/><U95/><AGARI ba="0,0" hai="46,50,52,88,90,95,99,100" m="21703,47177" machi="95" ten="30,7900,0" yaku="13,1,52,1,54,2" doraHai="39" who="1" fromWho="1" sc="211,-20,299,79,201,-39,289,-20" /><INIT seed="3,0,0,0,0,66" ten="191,378,162,269" oya="3" hai0="92,1,98,15,109,82,86,9,81,57,45,104,35" hai1="112,110,80,8,50,2,73,41,115,100,43,3,113" hai2="42,14,4,117,26,85,62,90,6,56,68,107,135" hai3="91,5,103,58,124,96,7,77,127,93,133,75,39"/><W108/><G39/><T23/><D35/><U29/><E29/><V126/><F117/><W46/><G133/><T22/><D104/><U33/><E33/><V10/><F107/><W123/><G123/><T17/><D109/><U28/><E28/><V83/><F135/><W31/><G108/><T30/><D1/><U89/><E100/><V114/><F126/><N who="3" m="48171" /><G31/><T54/><D45/><U102/><E102/><V40/><F114/><W118/><G118/><T129/><D129/><U125/><E110/><V21/><F4/><W63/><G46/><T70/><D70/><U116/><E116/><V18/><REACH who="2" step="1"/><F68/><REACH who="2" ten="191,378,152,269" step="2"/><W32/><G5/><T61/><D30/><U12/><E125/><V55/><AGARI ba="0,1" hai="6,10,14,18,21,26,40,42,55,56,62,83,85,90" machi="55" ten="20,8000,1" yaku="1,1,2,1,0,1,7,1,8,1,53,0" doraHai="66" doraHaiUra="69" who="2" fromWho="2" sc="191,-20,378,-20,152,90,269,-40" owari="171,-32.9,358,45.8,242,4.2,229,-17.1" /></mjloggm>