<mjloggm ver="2.3"><GO type="225" lobby="0"/><UN n0="%E3%81%B7%E3%82%8A%E3%82%93%E8%81%96%E4%BA%BA" n1="%E5%88%9D%E5%8F%B7%E6%A9%9F%E3%81%A8%E4%BA%8C%E5%8F%B7%E6%A9%9F" n2="%33%74%72%65%65" n3="%E3%81%82%E3%81%99%E3%81%AB%E3%82%83%E3%82%80" dan="16,17,17,16" rate="2113.33,2171.74,2200.54,2085.02" sx="M,M,F,F"/><TAIKYOKU oya="0"/><INIT seed="0,0,0,4,5,98" ten="250,250,250,250" oya="0" hai0="123,102,104,15,14,103,127,113,11,82,72,75,44" hai1="111,90,67,125,131,55,114,106,17,4,22,40,86" hai2="3,132,96,93,88,37,58,92,78,133,54,97,95" hai3="120,2,35,5,13,63,39,118,85,45,129,16,1"/><T23/><D123/><U108/><E125/><V0/><F37/><W109/><G120/><T77/><D72/><U33/><E33/><V32/><F32/><W130/><G118/><T87/><D75/><U66/><E131/><N who="3" m="50186" /><G35/><T10/><D104/><U46/><E55/><V121/><F121/><W81/><G109/><N who="1" m="42058" /><E4/><V6/><F78/><W71/><G5/><N who="0" m="3407" /><D113/><U115/><E106/><V60/><F93/><W53/><G39/><T30/><D127/><U12/><E46/><V19/><F19/><W119/><G119/><T51/><D23/><U31/><E31/><V76/><F76/><N who="3" m="46247" /><G71/><T27/><D27/><U43/><E66/><V59/><F59/><N who="3" m="35311" /><G45/><T48/><D30/><U94/><E67/><V18/><F18/><W61/><G61/><T112/><D112/><AGARI ba="0,0" hai="12,17,22,40,43,86,90,94,112,114,115" m="42058" machi="112" ten="30,2000,0" yaku="11,1,14,1" doraHai="98" who="1" fromWho="0" sc="250,-20,250,20,250,0,250,0" /><INIT seed="1,0,0,1,5,92" ten="230,270,250,250" oya="1" hai0="133,80,84,101,128,41,67,126,13,59,4,58,47" hai1="7,102,30,64,20,46,118,111,54,120,11,96,36" hai2="103,85,43,113,69,134,122,119,98,66,89,8,44" hai3="19,51,5,16,86,114,106,34,116,125,68,53,135"/><U107/><E118/><V71/><F119/><W37/><G116/><T63/><D133/><U39/><E120/><V49/><F122/><W87/><G37/><T1/><D1/><U12/><E64/><V130/><F134/><W79/><G135/><T42/><D128/><U112/><E112/><V117/><F130/><W56/><G68/><T99/><D126/><U18/><E30/><V14/><F117/><W52/><G34/><T40/><D59/><U35/><E35/><V65/><F69/><W132/><G106/><T21/><D4/><U25/><REACH who="1" step="1"/><E111/><REACH who="1" ten="230,260,250,250" step="2"/><V24/><F113/><W110/><G110/><T108/><D108/><U33/><E33/><V17/><F71/><W109/><G109/><T76/><D21/><U0/><E0/><V123/><F123/><W60/><G114/><T131/><D131/><U45/><E45/><V3/><F3/><W28/><G132/><T50/><REACH who="0" step="1"/><D13/><REACH who="0" ten="220,260,250,250" step="2"/><U77/><E77/><V88/><F14/><W55/><G79/><T72/><D72/><U90/><E90/><V62/><F89/><W26/><G125/><T6/><D6/><U32/><E32/><V104/><F88/><W22/><G5/><T81/><D81/><U121/><E121/><V97/><F44/><W61/><G60/><T23/><D23/><U48/><AGARI ba="0,2" hai="7,11,12,18,20,25,36,39,46,48,54,96,102,107" machi="48" ten="30,6000,0" yaku="1,1,0,1,52,1,53,0" doraHai="92" doraHaiUra="127" who="1" fromWho="1" sc="220,-20,260,80,250,-20,250,-20" /><INIT seed="1,1,0,0,5,28" ten="200,340,230,230" oya="1" hai0="62,49,10,91,20,30,110,9,50,84,119,65,103" hai1="109,61,38,118,29,125,47,58,57,100,99,41,69" hai2="98,79,33,81,18,22,43,55,31,25,128,8,132" hai3="105,111,19,26,3,96,23,5,108,12,97,14,70"/><U90/><E118/><V56/><F132/><W129/><G70/><T36/><D36/><U83/><E125/><V74/><F128/><W67/><G67/><T126/><D126/><U104/><E69/><V82/><F43/><W24/><G105/><T115/><D115/><U75/><E29/><V42/><F42/><W7/><G97/><T11/><D119/><U51/><E38/><V130/><F130/><W124/><G96/><T6/><D103/><U117/><E117/><V4/><F98/><W63/><G63/><T76/><D76/><U113/><E113/><V131/><F131/><W66/><G66/><T60/><D6/><N who="3" m="2057" /><G129/><T94/><D110/><N who="3" m="42025" /><G124/><T21/><D60/><U92/><E109/><V48/><F79/><W77/><G77/><T64/><D64/><U123/><E123/><V35/><F74/><W46/><G46/><T112/><D112/><U89/><E104/><V45/><F45/><W87/><G87/><T127/><D127/><U122/><E122/><V120/><F120/><W59/><G59/><T15/><D30/><U93/><E100/><V68/><F68/><W34/><G3/><T133/><D133/><U88/><E75/><V102/><F102/><W39/><G39/><T78/><D78/><U17/><E61/><V53/><F53/><W2/><G2/><T71/><D15/><N who="3" m="5673" /><G24/><T135/><D135/><U86/><E90/><V27/><F81/><W80/><G80/><T95/><D95/><U1/><E1/><N who="2" m="15" /><F82/><W134/><G134/><T121/><D121/><U101/><E17/><V54/><F54/><W40/><G40/><T73/><D73/><RYUUKYOKU ba="1,0" sc="200,0,340,0,230,0,230,0" hai0="9,10,11,20,21,49,50,62,65,71,84,91,94" hai1="41,47,51,57,58,83,86,88,89,92,93,99,101" hai2="18,22,25,27,31,33,35,48,55,56" hai3="19,23,26,34" /><INIT seed="1,2,0,5,2,44" ten="200,340,230,230" oya="1" hai0="27,25,51,76,31,122,130,74,80,124,24,16,18" hai1="69,121,35,54,22,0,5,56,20,107,87,120,92" hai2="32,37,64,11,40,105,55,85,84,60,109,12,94" hai3="48,112,127,99,131,110,3,95,104,91,114,98,68"/><U38/><E107/><V90/><F105/><W97/><G68/><T118/><D118/><U34/><E38/><V57/><F109/><W33/><G33/><T111/><D111/><U9/><E69/><V53/><F32/><W119/><G3/><T116/><D116/><U17/><E22/><V29/><F29/><W100/><G119/><T1/><D1/><U113/><E113/><V2/><F2/><W66/><G66/><T123/><D31/><U8/><E8/><V21/><F21/><W86/><G48/><T108/><D108/><U115/><E115/><N who="3" m="44074" /><G110/><T117/><D117/><U52/><E54/><V23/><F23/><W67/><G67/><T47/><D130/><U70/><E70/><V133/><F133/><W50/><G50/><T13/><D124/><U126/><E126/><V78/><F40/><W103/><G131/><T42/><REACH who="0" step="1"/><D13/><REACH who="0" ten="190,340,230,230" step="2"/><N who="1" m="9263" /><E121/><AGARI ba="2,1" hai="16,18,24,25,27,42,47,51,74,76,80,121,122,123" machi="121" ten="40,8000,1" yaku="1,1,13,1,52,1,54,1,53,1" doraHai="44" doraHaiUra="45" who="0" fromWho="1" sc="190,96,340,-86,230,0,230,0" /><INIT seed="2,0,0,3,0,115" ten="286,254,230,230" oya="2" hai0="65,134,64,21,17,13,15,9,103,34,66,50,83" hai1="1,80,112,79,98,30,26,61,121,11,93,35,42" hai2="32,58,99,122,84,126,3,53,101,16,111,56,25" hai3="59,133,87,7,127,63,44,45,97,90,67,57,40"/><V62/><F122/><W86/><G127/><T72/><D34/><U54/><E112/><V29/><F126/><W39/><G133/><T85/><D72/><U124/><E124/><V70/><F111/><W0/><G45/><T20/><D103/><U91/><E42/><V119/><F119/><W135/><G135/><T52/><D15/><U125/><E125/><V105/><F3/><W76/><G76/><T110/><D110/><U33/><E121/><V88/><F16/><W94/><REACH who="3" step="1"/><G57/><REACH who="3" ten="286,254,230,220" step="2"/><N who="0" m="32919" /><D134/><U118/><E79/><AGARI ba="0,1" hai="9,13,17,20,21,64,65,66,79,83,85" m="32919" machi="79" ten="30,2000,0" yaku="8,1,54,1" doraHai="115" who="0" fromWho="1" sc="286,30,254,-20,230,0,220,0" /><INIT seed="3,0,0,4,2,114" ten="316,234,230,220" oya="3" hai0="102,40,10,52,121,20,17,14,39,41,115,127,34" hai1="57,53,126,5,119,1,29,133,50,120,49,96,6" hai2="90,107,117,125,85,88,73,131,59,33,28,89,134" hai3="21,122,47,123,24,54,71,46,45,103,94,15,7"/><W91/><G71/><T86/><D34/><U77/><E120/><V58/><F73/><W68/><G68/><T135/><D115/><U70/><E70/><V18/><F107/><W111/><G111/><T81/><D39/><U104/><E1/><V67/><F117/><W95/><G123/><T16/><D121/><U3/><E77/><V31/><F125/><W100/><G122/><T82/><D81/><U83/><E83/><V74/><F74/><W69/><G69/><T64/><D64/><U109/><E109/><V42/><F134/><W79/><G79/><T62/><D102/><U113/><E113/><V25/><F131/><W93/><G54/><T63/><D127/><U132/><E3/><V51/><F33/><W0/><G0/><T72/><D72/><U43/><E29/><N who="2" m="11339" /><F67/><W101/><G7/><T106/><D106/><U22/><E119/><V26/><F85/><W80/><G15/><N who="0" m="9247" /><D135/><N who="1" m="51787" /><E126/><V97/><F97/><W37/><G37/><T12/><D12/><U9/><E9/><V56/><F18/><N who="3" m="12343" /><G80/><T36/><D36/><U35/><E35/><V98/><F98/><AGARI ba="0,0" hai="45,46,47,91,93,94,95,98,100,101,103" m="12343" machi="98" ten="30,1500,0" yaku="8,1" doraHai="114" who="3" fromWho="2" sc="316,0,234,0,230,-15,220,15" /><INIT seed="3,1,0,2,4,101" ten="316,234,215,235" oya="3" hai0="112,38,85,17,46,119,62,87,32,124,52,48,110" hai1="3,19,102,98,116,94,113,130,53,106,83,34,64" hai2="63,1,16,18,66,27,92,76,9,50,104,45,128" hai3="49,78,57,58,25,93,37,31,4,59,55,69,86"/><W117/><G37/><T122/><D32/><U8/><E113/><V42/><F104/><W56/><G117/><T81/><D119/><U67/><E116/><V33/><F128/><W107/><G69/><T125/><D122/><U43/><E34/><V29/><F76/><W23/><G107/><T54/><D38/><U12/><E106/><V40/><F40/><W68/><G68/><T132/><D132/><U89/><E43/><V126/><F126/><N who="0" m="48746" /><D110/><U28/><E28/><V30/><F30/><W24/><G4/><T133/><D133/><U11/><E3/><V65/><F92/><W96/><G24/><T95/><D95/><N who="1" m="58719" /><E83/><V10/><F65/><N who="1" m="25161" /><E53/><V91/><F91/><W123/><G123/><T13/><D81/><U99/><E130/><V51/><F51/><W70/><G70/><T84/><D112/><U103/><E103/><V79/><F79/><W22/><G78/><T61/><D54/><U47/><E11/><AGARI ba="1,0" hai="11,13,17,46,48,52,61,62,84,85,87" m="48746" machi="11" ten="30,2000,0" yaku="18,1,54,1" doraHai="101" who="0" fromWho="1" sc="316,23,234,-23,215,0,235,0" owari="339,43.9,211,-28.9,215,-18.5,235,3.5" /></mjloggm>