<mjloggm ver="2.3"><GO type="225" lobby="0"/><UN n0="%E3%81%8B%E3%82%8F%E3%81%A1%E3%82%83%E3%82%93%35%38" n1="%33%74%72%65%65" n2="%E5%A4%9C%E3%81%AE%E3%82%AC%E3%82%B9%E3%83%91%E3%83%BC%E3%83%AB" n3="%E3%81%BF%E3%81%BF%E3%81%9A" dan="16,16,16,18" rate="2115.51,2124.03,2125.47,2253.16" sx="M,F,M,M"/><TAIKYOKU oya="0"/><INIT seed="0,0,0,3,1,56" ten="250,250,250,250" oya="0" hai0="81,2,78,79,91,6,72,28,58,135,4,88,83" hai1="130,54,122,37,94,74,30,55,23,64,39,19,67" hai2="86,124,31,42,133,60,9,120,18,53,128,27,93" hai3="114,117,115,14,15,32,40,25,77,100,119,34,21"/><T38/><D135/><U22/><E122/><V51/><F120/><W0/><G77/><T49/><D38/><U70/><E74/><V8/><F133/><W63/><G40/><T127/><D127/><U68/><E30/><V43/><F128/><W62/><G100/><T108/><D108/><U13/><E94/><V98/><F124/><W44/><G44/><T104/><D104/><U90/><E90/><V111/><F86/><W112/><G21/><T46/><D28/><U125/><E125/><V61/><F111/><W29/><G0/><T87/><D58/><U50/><E130/><V52/><F18/><W47/><G47/><T132/><D132/><U26/><E37/><V17/><F17/><W80/><G80/><T36/><D36/><U73/><E73/><V118/><F118/><N who="3" m="45067" /><G25/><T5/><REACH who="0" step="1"/><D2/><REACH who="0" ten="240,250,250,250" step="2"/><U7/><E39/><V75/><F31/><W89/><G29/><T113/><D113/><U35/><E35/><N who="3" m="13354" /><G89/><T65/><D65/><U101/><E64/><V107/><F107/><W33/><G33/><T103/><D103/><U106/><E101/><V102/><F102/><W11/><G11/><T85/><D85/><U71/><E67/><V97/><F75/><W96/><G96/><T84/><D84/><U59/><E106/><V109/><F109/><W99/><G99/><T129/><D129/><U10/><E54/><AGARI ba="0,1" hai="4,5,6,46,49,54,72,78,79,81,83,87,88,91" machi="54" ten="40,12000,1" yaku="1,1,54,1,53,3" doraHai="56" doraHaiUra="1" who="0" fromWho="1" sc="240,130,250,-120,250,0,250,0" /><INIT seed="0,1,0,5,5,18" ten="370,130,250,250" oya="0" hai0="85,22,129,113,90,45,99,51,112,47,105,91,10" hai1="38,41,52,95,33,63,30,128,19,9,93,53,76" hai2="81,29,70,94,8,121,12,107,54,133,106,24,97" hai3="49,14,132,104,59,61,4,1,3,65,31,80,16"/><T75/><D75/><U130/><E76/><V64/><F121/><W7/><G104/><T34/><D34/><U36/><E33/><V103/><F133/><W21/><G132/><T28/><D129/><N who="1" m="49771" /><E30/><V55/><F81/><W98/><G1/><T102/><D10/><U71/><E9/><V58/><F70/><W50/><G3/><T109/><D109/><U56/><E19/><V123/><F123/><W119/><G119/><T124/><D124/><U57/><E95/><V84/><F84/><W26/><G98/><T46/><D51/><N who="3" m="19465" /><G80/><T40/><D40/><U96/><E93/><V44/><F44/><W27/><G27/><T89/><REACH who="0" step="1"/><D85/><REACH who="0" ten="360,130,250,250" step="2"/><U116/><E116/><V126/><F126/><W23/><AGARI ba="1,1" hai="4,7,14,16,21,23,26,31,59,61,65" m="19465" machi="23" ten="30,7900,0" yaku="8,1,52,2,54,1" doraHai="18" who="3" fromWho="3" sc="360,-40,130,-21,250,-21,250,92" /><INIT seed="1,0,0,0,0,134" ten="320,109,229,342" oya="1" hai0="4,98,51,84,75,0,133,87,72,5,58,122,66" hai1="17,21,6,131,32,118,130,64,94,35,83,47,29" hai2="55,79,93,16,86,135,59,112,8,74,30,106,67" hai3="10,11,46,70,54,40,125,119,100,81,97,117,34"/><U132/><E118/><N who="3" m="45066" /><G125/><T39/><D39/><U101/><E132/><V82/><F106/><N who="3" m="63759" /><G34/><T78/><D133/><U120/><E120/><V13/><F135/><W61/><G81/><T49/><D98/><N who="1" m="59607" /><E29/><V44/><F112/><W48/><G70/><T103/><D103/><U18/><E6/><V62/><F30/><W63/><G63/><T43/><D58/><AGARI ba="0,0" hai="10,11,40,46,48,54,58,61" m="63759,45066" machi="58" ten="30,1000,0" yaku="12,1" doraHai="134" who="3" fromWho="0" sc="320,-10,109,0,229,0,342,10" /><INIT seed="2,0,0,2,3,82" ten="310,109,229,352" oya="2" hai0="53,128,103,10,107,85,63,14,116,108,41,16,70" hai1="93,132,84,31,20,114,100,25,89,91,48,117,49" hai2="36,38,102,35,23,123,135,28,51,9,0,74,44" hai3="115,75,1,42,29,129,119,113,47,105,60,6,43"/><V97/><F123/><W15/><G119/><T13/><D108/><U104/><E117/><V11/><F74/><W133/><G75/><T73/><D116/><U68/><E114/><N who="3" m="43530" /><G133/><T21/><D73/><U112/><E112/><V126/><F35/><W120/><G129/><T62/><D128/><U134/><E68/><V58/><F135/><W125/><G125/><T122/><D122/><U127/><E127/><V22/><F126/><W99/><G1/><T65/><D41/><U4/><E4/><V18/><F58/><W92/><G105/><T101/><D107/><U52/><E48/><V88/><F28/><W30/><G60/><T131/><D131/><U90/><E134/><V71/><F71/><W83/><G83/><T98/><D98/><N who="1" m="59471" /><E104/><V87/><F97/><W77/><G77/><T27/><D14/><U57/><E132/><V96/><F96/><W78/><G78/><T86/><D53/><U124/><E124/><V40/><F102/><N who="0" m="38922" /><D70/><U12/><E12/><V111/><F111/><W3/><G3/><T17/><D65/><U2/><E2/><V34/><F34/><W69/><G69/><T8/><D8/><U26/><E26/><V66/><F66/><W45/><G120/><T55/><D63/><U37/><E37/><V67/><F67/><W19/><G6/><T106/><D106/><U33/><E33/><V79/><F79/><W7/><G7/><T46/><D62/><U64/><E64/><V39/><F0/><W81/><G99/><T56/><D56/><U24/><E24/><V121/><F121/><W94/><G42/><T118/><D118/><RYUUKYOKU ba="0,0" sc="310,15,109,15,229,-15,352,-15" hai0="10,13,16,17,21,27,46,55,85,86" hai1="20,25,31,49,52,57,84,89,90,91" /><INIT seed="3,1,0,0,3,48" ten="325,124,214,337" oya="3" hai0="35,100,80,0,59,69,20,66,67,61,83,94,130" hai1="112,104,11,31,57,81,58,21,87,30,54,36,17" hai2="126,33,86,135,105,133,124,103,71,84,76,3,2" hai3="16,45,73,52,23,19,40,62,113,101,78,123,34"/><W49/><G113/><T6/><D35/><U24/><E112/><V108/><F33/><W97/><G123/><T128/><D0/><N who="2" m="42" /><F71/><W29/><G73/><T93/><D6/><U91/><E104/><V82/><F108/><W74/><G74/><T14/><D14/><U99/><E36/><V42/><F42/><W56/><G34/><T8/><D8/><U60/><E99/><N who="2" m="61695" /><F86/><W15/><G78/><T44/><D20/><U75/><E75/><V27/><F27/><N who="3" m="16639" /><G15/><T7/><D7/><U77/><E11/><V132/><AGARI ba="1,0" hai="76,82,84,124,126,132,133,135" m="61695,42" machi="132" ten="40,1500,0" yaku="20,1" doraHai="48" who="2" fromWho="2" sc="325,-5,124,-5,214,18,337,-8" owari="320,12.0,119,-38.1,232,-16.8,329,42.9" /></mjloggm>