<mjloggm ver="2.3"><GO type="225" lobby="0"/><UN n0="%E7%B4%94%E6%BD%94%E3%83%94%E3%83%A9%E3%83%8B%E3%82%A2" n1="%E5%B7%9D%E7%80%AC%E6%99%BA%E5%AD%90" n2="%38%63%E3%81%AF%E3%81%A3%E3%81%97%E3%83%BC" n3="%E9%80%9F%E6%B0%B4%E5%87%9B%E9%A6%99" dan="17,16,16,16" rate="2201.69,2033.22,2097.23,2102.17" sx="M,M,M,F"/><TAIKYOKU oya="0"/><INIT seed="0,0,0,5,3,63" ten="250,250,250,250" oya="0" hai0="9,24,81,96,29,46,67,79,65,2,61,17,30" hai1="31,109,22,50,55,135,14,0,114,133,12,83,127" hai2="70,129,35,44,64,41,115,102,37,123,85,73,78" hai3="131,15,107,111,4,1,33,13,118,87,98,99,62"/><T34/><D30/><U134/><E0/><V42/><F123/><W32/><G118/><T57/><D46/><U6/><E109/><V56/><F35/><W36/><G36/><T69/><D96/><U82/><E127/><V106/><F85/><W21/><G111/><T90/><D90/><U120/><E120/><V97/><F56/><W113/><G113/><T110/><D110/><U10/><E114/><V60/><F41/><W47/><G131/><T74/><D69/><U126/><E126/><V94/><F94/><W5/><G47/><T108/><D108/><U25/><REACH who="1" step="1"/><E12/><REACH who="1" ten="250,240,250,250" step="2"/><V66/><F115/><W23/><G1/><T95/><D95/><U53/><E53/><V43/><F43/><W11/><G13/><T89/><D89/><U104/><E104/><V132/><F129/><W100/><G15/><T27/><D2/><U130/><E130/><V59/><F132/><W91/><G107/><T49/><D9/><U88/><E88/><V40/><F40/><W8/><G100/><T119/><D119/><U45/><AGARI ba="0,1" hai="6,10,14,22,25,31,45,50,55,82,83,133,134,135" machi="45" ten="30,4000,0" yaku="1,1,0,1,20,1,53,0" doraHai="63" doraHaiUra="112" who="1" fromWho="1" sc="250,-20,240,50,250,-10,250,-10" /><INIT seed="1,0,0,3,3,126" ten="230,290,240,240" oya="1" hai0="35,48,17,103,124,6,15,97,88,135,4,10,25" hai1="127,64,121,50,111,52,68,16,1,56,98,107,58" hai2="106,38,132,19,79,27,117,33,39,7,72,26,75" hai3="100,57,0,83,77,113,129,94,67,92,63,21,119"/><U73/><E121/><V65/><F106/><W81/><G0/><T3/><D124/><U44/><E127/><V116/><F7/><W130/><G113/><T80/><D135/><U20/><E73/><V109/><F65/><W89/><G119/><T53/><D3/><U96/><E1/><V99/><F99/><W128/><G100/><T74/><D35/><U123/><E123/><V40/><F40/><W24/><G89/><T47/><D25/><U110/><E68/><V59/><F59/><N who="1" m="22569" /><E64/><V14/><F79/><W46/><G46/><T82/><D82/><N who="3" m="31241" /><G77/><T114/><D114/><U2/><E107/><V51/><F72/><W87/><G87/><N who="0" m="50279" /><D74/><U85/><E85/><V41/><F75/><W102/><G102/><T54/><D53/><U115/><E115/><V9/><F116/><W101/><G101/><T125/><D125/><U70/><E70/><V108/><F117/><W93/><G93/><AGARI ba="0,0" hai="4,6,10,15,17,47,48,54,93,97,103" m="50279" machi="93" ten="30,3900,0" yaku="25,1,8,1,54,1" doraHai="126" who="0" fromWho="3" sc="230,39,290,0,240,0,240,-39" /><INIT seed="2,0,0,2,2,99" ten="269,290,240,201" oya="2" hai0="53,83,18,21,72,45,12,63,114,44,84,38,96" hai1="105,97,25,115,90,82,124,68,60,1,121,5,26" hai2="107,29,33,91,10,7,48,66,101,16,6,31,49" hai3="79,77,75,41,92,116,118,71,103,32,65,42,17"/><V106/><F66/><W23/><G32/><T133/><D72/><U126/><E115/><V8/><F91/><W51/><G65/><T76/><D114/><U52/><E121/><V86/><F86/><W46/><G71/><T102/><D133/><U110/><E110/><V13/><F33/><W111/><G111/><T109/><D38/><U127/><E1/><V67/><F67/><W37/><G37/><T64/><D109/><U95/><E5/><V123/><F123/><W22/><G75/><T130/><D53/><U70/><E105/><V0/><F16/><W74/><G74/><T3/><D3/><U20/><E82/><V112/><F112/><W88/><G103/><T85/><D85/><U43/><E43/><V50/><REACH who="2" step="1"/><F106/><REACH who="2" ten="269,290,230,201" step="2"/><W93/><G17/><T59/><D130/><U58/><E26/><V9/><F9/><W61/><G88/><T134/><D134/><U81/><E81/><V125/><F125/><W113/><G113/><T87/><D84/><U89/><E90/><V135/><F135/><W120/><G120/><T132/><D132/><U24/><E24/><V55/><F55/><W2/><G118/><T69/><D69/><U39/><E70/><V122/><F122/><W129/><G116/><T131/><D131/><U40/><E68/><V104/><F104/><AGARI ba="0,1" hai="12,18,21,44,45,59,63,64,76,83,87,96,102,104" machi="104" ten="30,2000,0" yaku="7,1,52,1" doraHai="99" who="0" fromWho="2" sc="269,30,290,0,230,-20,201,0" /><INIT seed="3,0,0,1,4,102" ten="299,290,210,201" oya="3" hai0="132,13,82,98,131,116,106,110,26,107,71,84,94" hai1="101,59,108,39,58,64,52,99,112,56,50,126,127" hai2="86,119,67,40,0,81,93,1,41,104,134,92,73" hai3="19,87,30,69,35,22,129,10,2,90,130,29,55"/><W25/><G69/><T12/><D71/><U36/><E112/><V38/><F119/><W76/><G55/><T68/><D68/><U63/><E108/><V111/><F104/><W109/><G76/><T72/><D116/><U83/><E83/><V3/><F73/><W95/><G109/><T128/><D110/><U85/><E85/><V45/><F111/><W46/><G46/><T7/><D72/><U65/><E65/><V118/><F118/><W133/><G133/><T62/><D26/><U51/><E51/><V23/><F67/><W89/><G89/><N who="0" m="55631" /><D62/><U54/><E54/><V125/><F134/><W20/><G20/><T34/><D34/><U28/><E28/><V6/><F125/><N who="1" m="47625" /><E58/><V37/><F23/><W66/><G66/><T17/><D7/><U4/><E4/><V121/><F6/><N who="3" m="1367" /><G30/><T80/><D80/><U79/><E79/><V8/><F8/><W74/><G74/><T100/><D100/><U53/><E64/><V57/><F57/><W117/><G117/><T21/><D12/><AGARI ba="0,0" hai="12,19,22,25,29,35,87,90,95,129,130" m="1367" machi="12" ten="30,1500,0" yaku="24,1" doraHai="102" who="3" fromWho="0" sc="299,-15,290,0,210,0,201,15" /><INIT seed="3,1,0,3,2,51" ten="284,290,210,216" oya="3" hai0="128,80,31,81,11,54,29,45,86,27,71,33,40" hai1="41,48,105,124,20,122,23,118,84,7,68,107,50" hai2="19,70,4,17,72,110,43,98,8,6,25,10,1" hai3="106,69,65,103,9,56,89,34,35,66,0,61,16"/><W15/><G0/><T109/><D109/><U120/><E68/><V85/><F72/><W96/><G69/><T82/><D71/><U116/><E7/><V18/><F70/><W97/><G66/><T100/><D128/><U76/><E124/><V130/><F110/><W99/><REACH who="3" step="1"/><G89/><REACH who="3" ten="284,290,210,206" step="2"/><T115/><D115/><U132/><E122/><V30/><F130/><W101/><G101/><T46/><D100/><U119/><E120/><V73/><F73/><W83/><G83/><T95/><D82/><U93/><E116/><V64/><F64/><W67/><G67/><T47/><D81/><U127/><E119/><V104/><F85/><W91/><G91/><T129/><D80/><U117/><E84/><V102/><F43/><W37/><G37/><T24/><D86/><U108/><E41/><V113/><F113/><W88/><G88/><T38/><D38/><U92/><E108/><V77/><F77/><W22/><G22/><T32/><D40/><U79/><E127/><V5/><REACH who="2" step="1"/><F1/><REACH who="2" ten="284,290,200,206" step="2"/><W123/><G123/><T126/><D129/><U121/><E121/><V13/><F13/><W28/><G28/><T63/><D126/><U114/><E114/><V74/><F74/><W78/><G78/><T87/><D87/><U36/><E36/><V26/><F26/><W75/><G75/><T111/><D111/><U53/><E76/><V59/><F59/><W21/><G21/><AGARI ba="1,2" hai="4,5,6,8,10,17,18,19,21,25,30,98,102,104" machi="21" ten="40,1300,0" yaku="1,1,53,0" doraHai="51" doraHaiUra="39" who="2" fromWho="3" sc="284,0,290,0,200,36,206,-16" /><INIT seed="4,0,0,0,5,58" ten="284,290,236,190" oya="0" hai0="123,109,76,115,100,104,91,110,63,52,61,33,81" hai1="6,32,60,88,26,124,122,135,66,133,8,93,94" hai2="118,34,35,7,55,21,22,129,120,43,27,67,126" hai3="99,47,69,20,90,83,98,41,54,72,128,45,28"/><T75/><D33/><U44/><E122/><V49/><F120/><W56/><G69/><T77/><D123/><U39/><E124/><V68/><F126/><W50/><G128/><T64/><D115/><U79/><E79/><V117/><F43/><W13/><G72/><T15/><D76/><U119/><E119/><V116/><F7/><W2/><G2/><T80/><D52/><U102/><E102/><V25/><F129/><W59/><G59/><T16/><D81/><U12/><E39/><V86/><F86/><N who="3" m="50527" /><G45/><T17/><D91/><U105/><E105/><V82/><F82/><W46/><G46/><T71/><D63/><U5/><E5/><V74/><F74/><W0/><G0/><T11/><REACH who="0" step="1"/><D17/><REACH who="0" ten="274,290,236,190" step="2"/><U132/><E88/><V89/><F89/><W19/><G28/><T107/><D107/><U40/><E44/><V14/><F55/><W84/><G84/><T18/><D18/><U48/><E60/><AGARI ba="0,1" hai="13,19,20,41,47,50,54,56,60,98,99" m="50527" machi="60" ten="30,2000,0" yaku="8,1,52,1" doraHai="58" who="3" fromWho="1" sc="274,0,290,-20,236,0,190,30" /><INIT seed="5,0,0,5,4,29" ten="274,270,236,220" oya="1" hai0="119,6,117,103,36,43,7,13,59,123,107,102,42" hai1="106,74,52,21,32,89,46,95,68,44,40,5,71" hai2="124,53,2,23,0,135,96,85,24,60,81,100,98" hai3="134,129,56,97,108,86,20,79,125,101,82,58,70"/><U128/><E106/><V62/><F124/><W104/><G70/><T25/><D25/><U67/><E74/><V131/><F135/><W130/><G108/><T112/><D59/><U73/><E73/><V19/><F131/><N who="3" m="50187" /><G134/><T49/><D49/><U90/><E32/><V37/><F37/><W3/><G3/><T47/><D13/><U31/><E128/><V48/><F2/><W116/><G116/><T69/><D69/><U16/><E31/><V66/><F0/><W17/><G125/><T27/><D27/><AGARI ba="0,0" hai="17,20,27,56,58,79,82,86,97,101,104" m="50187" machi="27" ten="30,1000,0" yaku="19,1" doraHai="29" who="3" fromWho="0" sc="274,-10,270,0,236,0,220,10" /><INIT seed="6,0,0,4,5,79" ten="264,270,236,230" oya="2" hai0="3,46,52,48,54,84,104,102,106,10,29,74,21" hai1="55,121,7,56,112,122,22,99,88,20,43,95,78" hai2="97,33,125,16,94,34,59,23,91,126,11,113,93" hai3="67,8,85,120,98,1,17,62,60,32,15,28,103"/><V19/><F113/><W35/><G120/><N who="1" m="46186" /><E112/><V81/><F11/><W2/><G2/><T131/><D74/><U47/><E7/><V6/><F6/><W118/><G1/><T66/><D131/><U72/><E78/><V110/><F110/><W0/><G0/><T86/><D66/><U58/><E72/><V25/><F19/><W45/><G118/><T116/><D116/><U108/><E108/><V5/><F5/><W135/><G135/><T9/><D3/><U41/><E41/><V109/><F109/><W27/><G32/><T119/><D119/><U38/><E58/><V115/><F115/><W87/><G45/><T61/><D102/><U64/><E64/><V65/><F94/><W69/><REACH who="3" step="1"/><G60/><AGARI ba="0,0" hai="20,22,38,43,47,55,56,60,88,95,99" m="46186" machi="60" ten="30,2000,0" yaku="13,1,54,1" doraHai="79" who="1" fromWho="3" sc="264,0,270,20,236,0,230,-20" /><INIT seed="7,0,0,0,4,72" ten="264,290,236,210" oya="3" hai0="49,91,47,113,121,87,32,27,106,86,112,28,114" hai1="70,38,118,98,23,127,68,24,43,84,93,6,62" hai2="11,61,97,4,51,129,40,0,50,65,58,119,81" hai3="126,15,8,35,99,48,55,60,95,134,120,10,108"/><W73/><G120/><T105/><D121/><U125/><E6/><V30/><F119/><W7/><G35/><T12/><D12/><U89/><E118/><V115/><F115/><W53/><G134/><T25/><D25/><U101/><E43/><V79/><F129/><W3/><G126/><N who="1" m="48138" /><E62/><V76/><F30/><W5/><G108/><T39/><D39/><U71/><E38/><V90/><F40/><W102/><G73/><T37/><D37/><U59/><E59/><V9/><F9/><W20/><G60/><T45/><D86/><U63/><E63/><V96/><F76/><W122/><G122/><T128/><D128/><U82/><E70/><V132/><F132/><W52/><REACH who="3" step="1"/><G20/><REACH who="3" ten="264,290,236,200" step="2"/><T92/><D47/><AGARI ba="0,1" hai="3,5,7,8,10,15,47,48,52,53,55,95,99,102" machi="47" ten="30,11600,0" yaku="1,1,2,1,7,1,54,1,53,0" doraHai="72" doraHaiUra="17" who="3" fromWho="0" sc="264,-116,290,0,236,0,200,126" owari="148,-35.2,290,9.0,236,-16.4,326,42.6" /></mjloggm>