<mjloggm ver="2.3"><GO type="225" lobby="0"/><UN n0="%E8%90%BD%E6%97%A5" n1="%4B%2E%32%2E%4B%2E" n2="%E3%81%BF%E3%81%BF%E3%81%9A" n3="%E3%82%A2%E3%83%A1%E3%82%A2%E3%83%A9%E3%83%AC" dan="16,16,18,16" rate="2146.55,2128.89,2257.79,2180.96" sx="F,M,M,M"/><TAIKYOKU oya="0"/><INIT seed="0,0,0,5,0,130" ten="250,250,250,250" oya="0" hai0="20,44,37,76,55,34,119,7,133,68,114,101,129" hai1="79,131,54,25,19,123,102,87,97,16,98,80,92" hai2="24,109,135,9,132,30,46,89,8,22,100,93,17" hai3="61,48,118,23,29,5,26,41,33,125,95,18,108"/><T57/><D114/><U60/><E123/><V71/><F71/><W12/><G108/><T74/><D34/><U84/><E131/><V122/><F122/><W70/><G118/><T66/><D101/><U63/><E87/><V0/><F100/><W78/><G125/><T83/><D129/><U91/><E54/><V36/><F109/><W11/><G78/><T73/><D119/><U27/><E27/><V28/><F36/><W52/><G41/><N who="0" m="22575" /><D20/><U75/><E97/><V62/><F46/><W120/><G120/><T69/><D7/><U47/><E47/><V128/><F62/><W35/><G95/><T127/><D73/><U21/><REACH who="1" step="1"/><E19/><REACH who="1" ten="250,240,250,250" step="2"/><V115/><F128/><W53/><G53/><T10/><D127/><U14/><E14/><V15/><F115/><W86/><G86/><T31/><D31/><N who="2" m="11818" /><F89/><W94/><G29/><T112/><D112/><U81/><AGARI ba="0,1" hai="16,21,25,60,63,75,79,80,81,84,91,92,98,102" machi="81" ten="20,8000,1" yaku="1,1,0,1,7,1,54,1,53,1" doraHai="130" doraHaiUra="72" who="1" fromWho="1" sc="250,-40,240,90,250,-20,250,-20" /><INIT seed="1,0,0,3,3,46" ten="210,330,230,230" oya="1" hai0="123,85,42,31,47,117,76,127,32,70,105,67,88" hai1="95,36,14,112,121,52,60,27,59,39,133,63,106" hai2="55,26,53,66,110,113,81,101,89,38,115,97,98" hai3="104,41,11,119,96,7,50,1,40,30,102,74,37"/><U64/><E106/><V29/><F38/><W43/><G119/><T48/><D117/><U135/><E112/><N who="2" m="43083" /><F110/><W90/><G74/><T116/><D116/><U125/><E121/><V51/><F66/><W86/><G37/><T19/><D123/><U6/><E125/><V129/><F129/><W28/><REACH who="3" step="1"/><G50/><REACH who="3" ten="210,330,230,220" step="2"/><T92/><D127/><U13/><E36/><V15/><F51/><W91/><G91/><T58/><D76/><U107/><E39/><V118/><F118/><W69/><G69/><T120/><D70/><U49/><E49/><V72/><F89/><W68/><G68/><T100/><D120/><U10/><E133/><V34/><F72/><W61/><G61/><T128/><D128/><U122/><E63/><V8/><F81/><AGARI ba="0,1" hai="1,7,11,28,30,40,41,43,81,86,90,96,102,104" machi="81" ten="40,1300,0" yaku="1,1,53,0" doraHai="46" doraHaiUra="17" who="3" fromWho="2" sc="210,0,330,0,230,-13,220,23" /><INIT seed="2,0,0,1,4,83" ten="210,330,217,243" oya="2" hai0="16,21,48,93,106,35,88,130,107,39,70,30,50" hai1="69,12,45,18,90,96,56,27,111,63,127,129,73" hai2="60,3,76,34,7,19,11,92,84,118,68,25,74" hai3="98,99,117,59,32,46,72,29,122,28,91,121,0"/><V51/><F118/><W22/><G117/><T38/><D70/><U80/><E69/><V131/><F131/><W31/><G0/><T133/><D35/><U112/><E73/><V105/><F105/><W113/><G32/><T119/><D30/><U9/><E111/><V109/><F109/><W23/><G72/><T114/><D114/><U33/><E112/><V71/><F74/><W37/><G113/><T120/><D120/><U43/><E127/><V132/><F132/><W123/><G59/><T8/><D8/><U115/><E129/><V53/><F60/><W61/><G61/><T126/><D130/><U52/><E115/><V41/><F41/><W4/><G4/><T87/><D119/><U86/><E96/><N who="3" m="36906" /><G46/><T104/><D126/><U62/><E62/><V15/><F25/><W116/><G116/><T81/><D133/><U42/><E45/><V94/><F94/><W5/><G5/><T17/><D93/><U47/><E47/><V135/><F34/><W40/><G40/><T14/><REACH who="0" step="1"/><D17/><REACH who="0" ten="200,330,217,243" step="2"/><N who="1" m="8335" /><E33/><V64/><F135/><W97/><G122/><T79/><D79/><U58/><E58/><N who="2" m="33087" /><F76/><W82/><G123/><T108/><D108/><U10/><E10/><V36/><F36/><AGARI ba="0,1" hai="14,16,21,36,38,39,48,50,81,87,88,104,106,107" machi="36" ten="50,8000,1" yaku="1,1,52,1,54,2,53,1" doraHai="83" doraHaiUra="78" who="0" fromWho="2" sc="200,90,330,0,217,-80,243,0" /><INIT seed="3,0,0,0,5,132" ten="290,330,137,243" oya="3" hai0="47,9,44,17,121,115,14,98,30,65,63,105,24" hai1="27,88,90,20,78,104,93,11,108,84,25,112,40" hai2="73,107,100,4,83,86,129,77,116,5,127,10,133" hai3="49,3,131,81,36,94,124,18,96,111,42,33,7"/><W130/><G33/><T106/><D121/><U103/><E112/><V39/><F116/><W43/><G36/><T23/><D115/><U114/><E114/><V58/><F39/><W52/><G111/><T92/><D106/><U48/><E104/><V82/><F133/><W13/><G81/><T95/><D105/><U75/><E75/><V59/><F129/><N who="3" m="49163" /><G7/><T41/><D41/><U79/><E103/><V60/><F58/><N who="3" m="33039" /><G3/><T16/><D17/><U28/><E79/><V67/><F100/><N who="3" m="60439" /><G124/><T54/><D54/><U80/><E78/><V0/><F107/><W69/><G69/><T29/><D29/><U76/><E76/><V37/><F37/><W97/><G97/><T46/><REACH who="0" step="1"/><D98/><REACH who="0" ten="280,330,137,243" step="2"/><N who="1" m="57655" /><E108/><V55/><F5/><W6/><G6/><T57/><AGARI ba="0,1" hai="9,14,16,23,24,30,44,46,47,57,63,65,92,95" machi="57" ten="30,7900,0" yaku="1,1,0,1,8,1,54,1,53,0" doraHai="132" doraHaiUra="34" who="0" fromWho="0" sc="280,89,330,-20,137,-20,243,-39" owari="369,46.9,310,11.0,117,-38.3,204,-19.6" /></mjloggm>