<mjloggm ver="2.3"><GO type="225" lobby="0"/><UN n0="%E5%B0%8F%E9%B3%A5%E9%81%8A%E7%B7%B4%E7%84%A1%32%31%E6%AD%B3" n1="%E3%81%B8%E3%82%80%E3%81%B8%E3%82%80%EF%BC%92%E5%8F%B7" n2="%72%69%6F%75%63%68%61%6E" n3="%E3%81%86%E3%83%BC%E3%81%B1%E3%83%BC" dan="16,16,17,16" rate="2138.09,2107.06,2149.84,2119.46" sx="F,M,M,F"/><TAIKYOKU oya="0"/><INIT seed="0,0,0,0,2,104" ten="250,250,250,250" oya="0" hai0="60,24,116,17,135,131,122,133,69,12,3,118,61" hai1="127,134,119,7,114,68,77,110,33,130,38,115,129" hai2="76,101,106,93,19,20,49,8,43,83,113,0,95" hai3="97,26,66,108,62,37,65,86,73,71,64,45,29"/><T36/><D3/><U41/><E7/><V59/><F113/><N who="1" m="43017" /><E77/><V132/><F132/><N who="0" m="50762" /><D122/><U1/><E134/><V42/><F106/><W58/><G108/><T21/><D36/><U53/><E33/><V10/><F59/><W98/><G86/><T25/><D131/><N who="1" m="50187" /><E1/><V81/><F49/><W13/><G13/><T23/><D12/><U30/><E30/><V117/><F117/><N who="0" m="45162" /><D69/><U9/><E9/><N who="2" m="3691" /><F0/><W92/><G97/><T48/><D48/><U121/><E119/><V112/><F112/><W107/><G71/><T56/><D56/><U34/><E34/><V87/><F81/><W22/><G107/><T105/><D105/><U124/><E121/><V84/><F84/><W88/><REACH who="3" step="1"/><G73/><REACH who="3" ten="250,250,250,240" step="2"/><T80/><D80/><U47/><E110/><V11/><N who="2" m="3699" /><V103/><DORA hai="94" /><F95/><W90/><G90/><T126/><D126/><N who="1" m="48171" /><E68/><V120/><F120/><W75/><G75/><T31/><AGARI ba="0,1" hai="17,21,23,24,25,31,60,61" m="45162,50762" machi="31" ten="30,1500,0" yaku="20,1" doraHai="104,94" who="0" fromWho="0" sc="250,25,250,-5,250,-5,240,-5" /><INIT seed="0,1,0,4,3,38" ten="275,245,245,235" oya="0" hai0="40,49,13,4,94,29,76,112,93,56,114,18,47" hai1="132,131,22,1,10,43,133,125,48,19,79,95,115" hai2="27,16,100,55,26,65,23,36,15,30,107,74,34" hai3="127,124,91,117,21,81,126,63,129,108,2,6,134"/><T89/><D76/><U59/><E125/><V102/><F107/><W24/><G117/><T33/><D93/><U99/><E131/><V54/><F74/><W103/><G129/><T109/><D109/><U111/><E111/><V113/><F113/><W119/><G119/><T5/><D56/><U128/><E128/><V105/><F36/><W110/><G103/><T0/><D0/><U70/><E70/><V88/><F65/><W96/><G134/><N who="1" m="51818" /><E79/><V121/><F121/><W67/><G6/><T82/><D82/><U87/><E87/><V9/><F88/><W64/><G2/><T51/><D51/><U106/><E106/><V130/><F130/><W72/><G72/><T73/><D73/><U41/><E10/><V28/><REACH who="2" step="1"/><F100/><REACH who="2" ten="275,245,235,235" step="2"/><W116/><G67/><T104/><D104/><U75/><E75/><V14/><F14/><W98/><G116/><T83/><D112/><U120/><E115/><V69/><F69/><N who="3" m="42143" /><G108/><T85/><D114/><U97/><E120/><V39/><F39/><W50/><G110/><T77/><D89/><N who="1" m="55535" /><E99/><AGARI ba="1,1" hai="9,15,16,23,26,27,28,30,34,54,55,99,102,105" machi="99" ten="40,2600,0" yaku="1,1,54,1,53,0" doraHai="38" doraHaiUra="66" who="2" fromWho="1" sc="275,0,245,-29,235,39,235,0" /><INIT seed="1,0,0,1,2,126" ten="275,216,274,235" oya="1" hai0="115,110,69,121,10,54,131,30,101,103,65,46,87" hai1="4,112,19,78,85,40,7,11,111,33,99,104,52" hai2="135,92,93,60,124,118,122,0,13,105,80,89,61" hai3="41,63,95,102,86,35,18,114,90,9,83,56,94"/><U98/><E112/><V27/><F118/><W22/><G35/><T76/><D115/><U39/><E33/><V59/><F122/><W132/><G132/><T1/><D121/><U23/><E111/><V117/><F0/><W81/><G9/><T128/><D30/><U125/><E125/><V17/><F105/><W70/><G70/><T130/><D110/><U37/><E37/><V51/><F117/><W42/><G114/><T38/><D65/><U2/><E7/><V24/><F124/><W96/><G42/><N who="0" m="22871" /><D54/><U62/><E104/><V109/><F109/><W50/><G50/><T133/><D69/><U43/><E78/><V32/><F135/><W97/><G41/><T64/><D64/><U75/><E75/><V79/><F51/><W25/><REACH who="3" step="1"/><G86/><REACH who="3" ten="275,216,274,225" step="2"/><T123/><D133/><U88/><E43/><V57/><F32/><W48/><G48/><T74/><D123/><U127/><E127/><V3/><F61/><W12/><G12/><T49/><D87/><U14/><E40/><V53/><F3/><W55/><AGARI ba="0,1" hai="18,22,25,55,56,63,81,83,90,94,95,96,97,102" machi="55" ten="20,12000,2" yaku="1,1,0,1,7,1,25,2,8,1,53,0" doraHai="126" doraHaiUra="29" who="3" fromWho="3" sc="275,-30,216,-60,274,-30,225,130" /><INIT seed="2,0,0,2,0,128" ten="245,156,244,355" oya="2" hai0="38,2,65,5,56,16,47,111,105,59,77,132,96" hai1="54,8,110,121,90,117,22,97,44,113,130,68,106" hai2="7,135,125,58,64,72,93,131,129,18,114,67,102" hai3="33,94,40,21,4,83,74,86,24,60,116,26,107"/><V118/><F135/><W108/><G107/><T34/><D34/><U84/><E113/><V35/><F114/><W12/><G116/><T82/><D111/><U37/><E117/><V95/><F118/><W43/><G74/><T109/><D65/><N who="2" m="25162" /><F35/><W28/><G60/><T48/><D109/><U78/><E110/><V14/><F72/><W104/><G104/><T123/><D123/><U87/><E68/><V126/><F7/><W88/><G108/><T66/><D16/><U103/><E130/><N who="2" m="49675" /><F58/><W122/><G122/><T53/><D59/><U61/><E121/><V45/><F45/><W25/><G33/><T91/><D5/><U17/><E8/><N who="2" m="6471" /><F102/><W85/><G28/><T32/><D132/><U127/><E127/><AGARI ba="0,0" hai="93,95,125,126,127" m="6471,49675,25162" machi="127" ten="30,2900,0" yaku="18,1,19,1" doraHai="128" who="2" fromWho="1" sc="245,0,156,-29,244,29,355,0" /><INIT seed="2,1,0,1,1,79" ten="245,127,273,355" oya="2" hai0="89,98,77,85,1,96,78,91,26,15,44,113,130" hai1="18,56,116,122,59,2,11,132,117,29,99,84,49" hai2="111,62,109,82,8,121,133,19,81,88,114,124,76" hai3="106,36,75,134,7,119,125,3,32,12,17,54,129"/><V50/><F124/><W105/><RYUUKYOKU type="yao9" ba="1,0" sc="245,0,127,0,273,0,355,0" hai3="3,7,12,17,32,36,54,75,105,106,119,125,129,134" /><INIT seed="2,2,0,4,2,16" ten="245,127,273,355" oya="2" hai0="7,72,41,19,23,63,87,49,2,40,71,1,129" hai1="131,130,55,21,117,122,88,42,120,76,18,75,29" hai2="51,58,97,25,20,98,135,47,34,4,86,81,94" hai3="3,9,128,110,28,50,101,54,27,8,6,108,65"/><V118/><F135/><W113/><G128/><N who="1" m="49194" /><E117/><V80/><F118/><W11/><G113/><T37/><D72/><U99/><E42/><V43/><F34/><N who="3" m="20767" /><G101/><T52/><D37/><U59/><E29/><V38/><F4/><W107/><G65/><T85/><D129/><U74/><E76/><V111/><F111/><N who="3" m="42539" /><G107/><T91/><D85/><U90/><E75/><V10/><F10/><W103/><G103/><T66/><D7/><U56/><E74/><V96/><F38/><W60/><G60/><T13/><D2/><U26/><E59/><AGARI ba="2,0" hai="3,6,8,9,11,50,54,59" m="42539,20767" machi="59" ten="30,1000,0" yaku="14,1" doraHai="16" who="3" fromWho="1" sc="245,0,127,-16,273,0,355,16" /><INIT seed="3,0,0,3,3,130" ten="245,111,273,371" oya="3" hai0="48,122,101,17,42,106,55,5,64,99,94,84,53" hai1="59,90,46,134,12,29,117,67,18,1,40,2,35" hai2="91,75,110,98,25,103,111,43,128,56,113,51,34" hai3="112,11,9,6,118,73,63,74,21,37,115,10,89"/><W72/><G6/><T22/><D122/><U83/><E117/><V107/><F128/><W31/><G37/><T109/><D109/><N who="2" m="41482" /><F113/><W71/><G118/><T100/><D5/><U27/><E67/><V45/><F75/><W104/><G104/><T60/><D42/><U23/><E59/><V62/><F91/><W54/><G89/><T86/><D101/><U120/><E120/><V69/><F69/><W81/><G81/><T105/><D105/><U47/><E47/><V88/><F88/><W24/><G71/><T8/><D8/><U125/><E125/><V41/><F41/><W44/><G44/><T108/><D108/><U68/><E68/><V127/><F127/><W50/><G63/><T14/><D106/><U102/><E102/><V7/><F7/><W95/><G95/><T4/><D4/><U85/><E46/><V57/><F62/><W20/><G20/><T58/><REACH who="0" step="1"/><D53/><REACH who="0" ten="235,111,273,371" step="2"/><U79/><E40/><V66/><F66/><W28/><G54/><T16/><D16/><U126/><E126/><V131/><F131/><W93/><G115/><T92/><D92/><U49/><E49/><V26/><F34/><W97/><G112/><T33/><D33/><U135/><REACH who="1" step="1"/><E79/><REACH who="1" ten="235,101,273,371" step="2"/><V87/><F107/><W76/><G76/><T114/><D114/><U124/><E124/><V13/><F51/><W3/><G50/><T36/><D36/><U121/><E121/><V77/><F43/><W78/><G78/><T80/><D80/><U70/><E70/><AGARI ba="0,2" hai="14,17,22,48,55,58,60,64,70,84,86,94,99,100" machi="70" ten="30,2000,0" yaku="1,1,7,1,53,0" doraHai="130" doraHaiUra="129" who="0" fromWho="1" sc="235,40,101,-20,273,0,371,0" owari="275,7.5,81,-41.9,273,-12.7,371,47.1" /></mjloggm>