<mjloggm ver="2.3"><GO type="225" lobby="0"/><UN n0="%E3%81%86%E3%81%A9%E3%82%93%E3%81%93" n1="%E3%81%B5%E3%81%98%E3%81%8B%E3%81%A4" n2="%E5%A4%9C%E3%81%AE%E3%82%AC%E3%82%B9%E3%83%91%E3%83%BC%E3%83%AB" n3="%E3%81%8B%E3%82%8F%E3%81%A1%E3%82%83%E3%82%93%35%38" dan="16,16,16,16" rate="2148.78,2177.41,2126.07,2156.27" sx="M,M,M,M"/><TAIKYOKU oya="0"/><INIT seed="0,0,0,4,4,48" ten="250,250,250,250" oya="0" hai0="40,60,38,17,120,51,68,49,0,62,129,47,101" hai1="64,36,96,42,76,134,128,123,20,78,100,28,5" hai2="84,72,95,130,132,33,115,79,74,3,70,91,9" hai3="26,109,106,118,15,99,86,16,31,46,112,19,135"/><T126/><D120/><U121/><E134/><V111/><F70/><W4/><G112/><T87/><D0/><U131/><E64/><V63/><F33/><W108/><G118/><T69/><D101/><U77/><E5/><V124/><F63/><N who="0" m="24106" /><D17/><U93/><E36/><V75/><F3/><W97/><G135/><T110/><D87/><U125/><E42/><V82/><F9/><N who="3" m="4519" /><G86/><T66/><D129/><N who="1" m="49739" /><E20/><V80/><F130/><W98/><G106/><T27/><D27/><U14/><E14/><V127/><F132/><W58/><G58/><T88/><D88/><N who="1" m="55335" /><E28/><V32/><F32/><N who="3" m="20599" /><G46/><N who="0" m="23831" /><D126/><N who="2" m="48170" /><F115/><W13/><G13/><T61/><D110/><AGARI ba="0,0" hai="16,19,97,98,99,108,109,110" m="20599,4519" machi="110" ten="30,2000,0" yaku="14,1,54,1" doraHai="48" who="3" fromWho="0" sc="250,-20,250,0,250,0,250,20" /><INIT seed="1,0,0,2,3,75" ten="230,250,250,270" oya="1" hai0="120,72,27,84,124,60,59,112,116,53,88,135,9" hai1="131,55,86,1,51,107,101,58,98,28,16,21,46" hai2="90,99,36,8,19,85,76,40,0,96,30,118,93" hai3="129,23,35,130,77,2,119,14,122,34,69,56,5"/><U49/><E131/><N who="3" m="50186" /><G69/><T111/><D112/><U110/><E1/><V87/><F118/><W102/><G102/><T73/><D116/><U126/><E126/><V18/><F30/><W67/><G67/><T32/><D124/><U89/><E110/><V113/><F113/><W123/><G56/><T78/><D111/><U10/><E10/><V114/><F114/><W37/><G77/><T125/><D125/><U31/><E49/><V12/><F0/><W115/><G37/><T128/><D128/><U43/><E43/><V133/><F133/><W48/><G48/><T57/><D135/><U45/><E46/><V94/><F40/><W81/><G81/><T54/><D120/><U25/><REACH who="1" step="1"/><E45/><REACH who="1" ten="230,240,250,270" step="2"/><V70/><F36/><W38/><G38/><T100/><D9/><U24/><E24/><V83/><F70/><W127/><G127/><T106/><D27/><U15/><E15/><V68/><F68/><W4/><G119/><T132/><D132/><U7/><E7/><N who="3" m="2634" /><G2/><T63/><D32/><N who="3" m="12329" /><G115/><T39/><D39/><U26/><E26/><V74/><F12/><W22/><G14/><T20/><D20/><AGARI ba="0,1" hai="20,22,23,122,123" m="12329,2634,50186" machi="20" ten="40,8000,1" yaku="28,2,19,1,34,2" doraHai="75" who="3" fromWho="0" sc="230,-80,240,0,250,0,270,90" /><INIT seed="2,0,0,4,4,51" ten="150,240,250,360" oya="2" hai0="21,129,47,28,114,40,103,24,116,0,89,56,62" hai1="65,77,74,115,48,41,13,64,10,59,99,26,46" hai2="128,107,86,42,126,87,12,76,131,106,49,132,92" hai3="68,91,82,50,55,43,130,34,37,88,71,73,66"/><V58/><F126/><W20/><G34/><T69/><D114/><U127/><E115/><V45/><F132/><W16/><G71/><T75/><D0/><U90/><E127/><V85/><F76/><W36/><G36/><T70/><D75/><U60/><E74/><V95/><F12/><W61/><G130/><N who="2" m="49705" /><F58/><N who="3" m="33143" /><G82/><T100/><D129/><U23/><E77/><V29/><F29/><W27/><G73/><T133/><D133/><U39/><E39/><V124/><F124/><W120/><G120/><T25/><D116/><U5/><E99/><V6/><F6/><W123/><G123/><T118/><D118/><U110/><E110/><V44/><F44/><AGARI ba="0,0" hai="16,20,27,37,43,44,61,66,68,88,91" m="33143" machi="44" ten="30,7700,0" yaku="24,1,52,1,54,2" doraHai="51" who="3" fromWho="2" sc="150,0,240,0,250,-77,360,77" /><INIT seed="3,0,0,1,4,128" ten="150,240,173,437" oya="3" hai0="41,28,25,81,22,59,62,98,13,83,118,100,65" hai1="19,27,56,123,34,126,79,104,71,48,7,66,44" hai2="21,131,76,61,129,45,33,105,23,24,3,114,16" hai3="75,74,38,31,53,130,134,9,50,110,97,67,132"/><W12/><G38/><T55/><D118/><U73/><E19/><V52/><F114/><W91/><G67/><T68/><D41/><U26/><E56/><N who="2" m="34951" /><F105/><W64/><G64/><T4/><D68/><U8/><E26/><V40/><F3/><W88/><G31/><T108/><D108/><U101/><E79/><V69/><F69/><W70/><G70/><T2/><D2/><U112/><E101/><V60/><F60/><W87/><G130/><N who="2" m="49673" /><F76/><W42/><G42/><T0/><D0/><U107/><E107/><V18/><F33/><W17/><G97/><T113/><D55/><U82/><E34/><V90/><F90/><W20/><G20/><N who="2" m="7753" /><F24/><W5/><G5/><T47/><D47/><U35/><E27/><V122/><F122/><W57/><G110/><T102/><D113/><U49/><E35/><V6/><F6/><W30/><G30/><T14/><D102/><U99/><E7/><V85/><F85/><W43/><G43/><T86/><D4/><U11/><E112/><V32/><F32/><W37/><G37/><AGARI ba="0,0" hai="16,18,37,40,45" m="7753,49673,34951" machi="37" ten="30,3900,0" yaku="19,1,54,2" doraHai="128" who="2" fromWho="3" sc="150,0,240,0,173,39,437,-39" owari="150,-35.0,240,4.0,212,-18.8,398,49.8" /></mjloggm>