<mjloggm ver="2.3"><GO type="225" lobby="0"/><UN n0="%72%61%6B%33" n1="%E7%AD%89%E3%80%85%E5%8A%9B%E5%8A%87%E5%A0%B4" n2="%6D%75%75%6D%75%72%61" n3="%72%69%6F%75%63%68%61%6E" dan="18,16,16,17" rate="2248.01,2131.24,2186.10,2201.80" sx="M,M,F,M"/><TAIKYOKU oya="0"/><INIT seed="0,0,0,1,3,69" ten="250,250,250,250" oya="0" hai0="25,124,55,40,125,15,107,83,81,72,79,70,0" hai1="32,46,86,91,101,33,102,49,12,71,18,130,134" hai2="76,37,63,42,66,35,34,96,127,114,6,104,105" hai3="44,14,108,80,5,3,106,119,22,53,9,1,115"/><T61/><D0/><U131/><E71/><V43/><F114/><W65/><G108/><T24/><D107/><U67/><E67/><V10/><F127/><W60/><G119/><T90/><D15/><U59/><E59/><V26/><F76/><W56/><G115/><T28/><D40/><U48/><E134/><V109/><F109/><W51/><G106/><T123/><D123/><U93/><E33/><V50/><F50/><W97/><G97/><T31/><D90/><U23/><E32/><V99/><F42/><W113/><G113/><T21/><D83/><U116/><E49/><V122/><F122/><W112/><G112/><T88/><D88/><U8/><E23/><V117/><F117/><W89/><REACH who="3" step="1"/><G22/><REACH who="3" ten="250,250,250,240" step="2"/><T100/><D125/><U58/><E116/><V11/><F99/><W4/><G4/><T110/><D124/><U73/><E131/><V133/><F104/><W2/><G2/><T30/><D110/><U128/><E130/><V41/><F105/><W27/><G27/><T135/><D135/><U13/><E128/><V103/><F133/><W120/><G120/><T57/><D100/><U77/><E102/><V68/><F35/><W20/><G20/><T39/><D25/><U29/><E101/><V94/><F6/><W45/><G45/><T111/><D111/><U118/><E46/><V84/><F26/><W126/><G126/><T82/><D21/><U132/><E118/><V47/><F34/><W54/><G54/><T38/><D24/><U78/><E132/><V36/><F84/><AGARI ba="0,1" hai="1,3,5,9,14,44,51,53,56,60,65,80,84,89" machi="84" ten="40,2600,0" yaku="1,1,53,1" doraHai="69" doraHaiUra="87" who="3" fromWho="2" sc="250,0,250,0,250,-26,240,36" /><INIT seed="1,0,0,5,2,83" ten="250,250,224,276" oya="1" hai0="128,19,127,52,39,116,5,131,87,89,79,12,117" hai1="133,36,106,62,76,88,28,11,75,103,124,27,95" hai2="56,99,101,58,92,2,120,71,61,97,115,69,60" hai3="80,85,90,107,73,33,118,43,93,78,23,42,15"/><U102/><E36/><V64/><F120/><W46/><G118/><T13/><D39/><U112/><E112/><V109/><F115/><W68/><G33/><T29/><D29/><U104/><E133/><V3/><F109/><W10/><G68/><T70/><D70/><U48/><E124/><V4/><F4/><W41/><G107/><T81/><D127/><U50/><E106/><V98/><F71/><W63/><G63/><T51/><D5/><U123/><E123/><V24/><F69/><W59/><G59/><T40/><D40/><U37/><E37/><V47/><F47/><W122/><G122/><T82/><D117/><U125/><E125/><V53/><REACH who="2" step="1"/><F24/><REACH who="2" ten="250,250,214,276" step="2"/><W1/><G1/><AGARI ba="0,1" hai="1,2,3,53,56,58,60,61,64,92,97,98,99,101" machi="1" ten="40,2600,0" yaku="1,1,2,1,53,0" doraHai="83" doraHaiUra="16" who="2" fromWho="3" sc="250,0,250,0,214,36,276,-26" /><INIT seed="2,0,0,4,2,66" ten="250,250,250,250" oya="2" hai0="13,108,97,29,37,44,49,16,47,87,51,45,78" hai1="50,119,12,129,14,48,32,22,41,18,46,89,115" hai2="57,128,114,106,54,85,81,90,99,91,7,2,67" hai3="127,31,88,110,86,121,104,39,10,33,98,131,93"/><V135/><F114/><W120/><G39/><T64/><D108/><U26/><E119/><V100/><F128/><W38/><G38/><T83/><D37/><U15/><E115/><V8/><F135/><W43/><G43/><T30/><D64/><U72/><E129/><V5/><F5/><W35/><G131/><T23/><D97/><U82/><E32/><V53/><REACH who="2" step="1"/><F90/><REACH who="2" ten="250,250,240,250" step="2"/><W9/><G121/><T79/><D78/><U40/><E89/><V105/><F105/><W130/><G120/><T62/><D62/><AGARI ba="0,1" hai="2,7,8,53,54,57,62,67,81,85,91,99,100,106" machi="62" ten="40,2000,0" yaku="1,1,53,0" doraHai="66" doraHaiUra="74" who="2" fromWho="0" sc="250,-20,250,0,240,30,250,0" /><INIT seed="2,1,0,1,1,119" ten="230,250,270,250" oya="2" hai0="101,126,18,45,74,98,66,93,10,132,65,121,49" hai1="4,35,2,30,130,116,0,54,14,23,79,57,5" hai2="68,87,33,28,89,19,100,91,106,75,9,37,86" hai3="97,31,25,107,105,59,117,41,134,36,99,26,114"/><V84/><F75/><W62/><G117/><T128/><D126/><U64/><E116/><V39/><F68/><W32/><G134/><T85/><D132/><U58/><E35/><V7/><F19/><W131/><G131/><T60/><D128/><U67/><E79/><V80/><F28/><W83/><G114/><T12/><D74/><U103/><E103/><V52/><F33/><W1/><G1/><T11/><D121/><U24/><E14/><V109/><F109/><W17/><G83/><T122/><D122/><U3/><E130/><V27/><F27/><W124/><G124/><T129/><D129/><U42/><E42/><V43/><F43/><W88/><G99/><T69/><D66/><U108/><E108/><V13/><F100/><W6/><G6/><T50/><D85/><U20/><E0/><V90/><F106/><W110/><G110/><T78/><D78/><U77/><E77/><V73/><F73/><W112/><G112/><T133/><D133/><U47/><E2/><V125/><F80/><W95/><G25/><T72/><D72/><U92/><E24/><V81/><F81/><W15/><G41/><T111/><D111/><U70/><E3/><V22/><F22/><W120/><G36/><T55/><REACH who="0" step="1"/><D49/><REACH who="0" ten="220,250,270,250" step="2"/><U34/><E67/><V8/><F39/><W40/><G120/><T115/><D115/><U53/><E64/><V113/><F37/><W56/><G40/><T51/><D51/><U104/><E54/><V127/><F113/><W123/><G123/><T94/><D94/><U44/><E92/><V29/><F125/><W118/><G95/><RYUUKYOKU ba="1,1" sc="220,30,250,-10,270,-10,250,-10" hai0="10,11,12,18,45,50,55,60,65,69,93,98,101" /><INIT seed="3,2,1,4,2,85" ten="250,240,260,240" oya="3" hai0="16,0,134,52,12,43,117,102,77,26,49,79,82" hai1="114,41,73,1,125,51,18,22,80,54,30,93,36" hai2="17,91,31,57,97,112,107,87,103,98,37,56,86" hai3="42,20,127,120,74,110,68,55,60,106,32,105,90"/><W132/><G120/><T94/><D0/><U7/><E114/><V65/><F112/><W58/><G32/><T63/><D134/><U27/><E125/><V14/><F37/><W48/><G74/><T6/><D117/><U96/><E36/><V3/><F3/><W129/><G132/><T38/><D38/><U50/><E41/><V116/><F116/><W21/><G127/><T131/><D131/><U5/><E1/><V64/><F98/><W9/><G129/><T62/><D26/><U122/><E51/><V29/><F87/><W135/><G135/><T4/><D43/><U126/><E122/><V45/><F45/><W28/><G110/><T118/><D118/><U44/><E126/><V10/><F57/><W75/><G75/><T109/><D109/><U35/><E80/><V61/><REACH who="2" step="1"/><F65/><REACH who="2" ten="250,240,250,240" step="2"/><W13/><G106/><T133/><D133/><U46/><E46/><V111/><F111/><W104/><G105/><T71/><D63/><U130/><E73/><V119/><F119/><W101/><G42/><T69/><D62/><U115/><E115/><V66/><F66/><N who="3" m="41031" /><G104/><T89/><D49/><U78/><E50/><V40/><F40/><W23/><G101/><T72/><D102/><U8/><E44/><V83/><AGARI ba="2,2" hai="10,14,17,29,31,56,61,64,83,86,91,97,103,107" machi="83" ten="20,5200,0" yaku="1,1,0,1,7,1,52,1,53,0" doraHai="85" doraHaiUra="67" who="2" fromWho="2" sc="250,-15,240,-15,250,78,240,-28" owari="235,3.5,225,-17.5,328,42.8,212,-28.8" /></mjloggm>