<mjloggm ver="2.3"><GO type="225" lobby="0"/><UN n0="%E3%81%A1%E3%82%85%E3%81%86%E3%81%A9%E3%81%8F%E8%B1%A1%E3%81%95%E3%82%93" n1="%73%6C%69%63%6B%33%31%39" n2="%E8%81%B7%E6%A5%AD%E3%80%81%E9%A2%A8%32" n3="%43%68%65" dan="16,16,16,16" rate="2080.90,2198.75,2135.40,2149.50" sx="M,M,M,M"/><TAIKYOKU oya="0"/><INIT seed="0,0,0,2,4,13" ten="250,250,250,250" oya="0" hai0="79,16,42,6,123,130,39,46,77,38,76,119,12" hai1="41,28,27,15,120,112,37,82,71,78,95,21,61" hai2="14,133,47,1,134,4,115,103,67,31,53,101,128" hai3="40,23,68,74,62,49,126,0,118,80,94,124,83"/><T20/><D123/><U22/><E120/><V52/><F115/><W96/><G118/><T3/><D119/><U125/><E112/><V109/><F109/><W129/><G0/><T18/><D130/><U9/><E125/><N who="3" m="48234" /><G74/><T75/><D75/><U57/><E71/><V85/><F1/><W84/><G84/><T121/><D121/><U45/><E95/><V54/><F128/><W88/><G129/><T122/><D122/><U92/><E92/><V131/><F131/><W26/><G49/><T51/><REACH who="0" step="1"/><D18/><REACH who="0" ten="240,250,250,250" step="2"/><U43/><E43/><V36/><F133/><W64/><G40/><T34/><D34/><U87/><E28/><AGARI ba="0,1" hai="23,26,28,62,64,68,80,83,88,94,96" m="48234" machi="28" ten="30,2000,0" yaku="18,1,54,1" doraHai="13" who="3" fromWho="1" sc="240,0,250,-20,250,0,250,30" /><INIT seed="1,0,0,3,3,3" ten="240,230,250,280" oya="1" hai0="129,86,92,4,1,19,47,131,58,70,37,38,25" hai1="27,39,28,105,89,81,18,82,2,116,35,65,127" hai2="79,119,50,101,52,77,48,134,118,109,112,55,67" hai3="125,113,21,10,76,123,30,11,31,29,41,14,91"/><U12/><E116/><V121/><F109/><W128/><G113/><T104/><D104/><U97/><E39/><V53/><F121/><W111/><G123/><T74/><D74/><U93/><E127/><V34/><F34/><W133/><G111/><T102/><D70/><U60/><E2/><V87/><F67/><W32/><G32/><T71/><D71/><U122/><E105/><V75/><F75/><W15/><G125/><T8/><D58/><U59/><REACH who="1" step="1"/><E122/><REACH who="1" ten="240,220,250,280" step="2"/><V44/><F119/><W23/><G128/><T114/><D131/><U20/><AGARI ba="0,1" hai="12,18,20,27,28,35,59,60,65,81,82,89,93,97" machi="20" ten="20,7800,0" yaku="1,1,2,1,0,1,7,1,53,0" doraHai="3" doraHaiUra="36" who="1" fromWho="1" sc="240,-26,220,88,250,-26,280,-26" /><INIT seed="1,1,0,1,1,129" ten="214,308,224,254" oya="1" hai0="78,64,24,34,63,92,132,3,0,19,126,44,38" hai1="27,42,16,50,121,47,58,73,43,103,122,85,10" hai2="32,105,39,33,55,120,111,100,84,101,109,53,115" hai3="65,88,23,7,131,125,68,17,11,54,119,8,31"/><U134/><E73/><V117/><F120/><W98/><G131/><T72/><D126/><U118/><E118/><V9/><F39/><W29/><G125/><T95/><D95/><U28/><E103/><N who="2" m="39499" /><F105/><W26/><G119/><T67/><D67/><U5/><E134/><V22/><F117/><W52/><G68/><N who="0" m="42015" /><D92/><U46/><E58/><V135/><F84/><W99/><G65/><T104/><D19/><U108/><E108/><N who="2" m="41547" /><F115/><W94/><G99/><T12/><D12/><U6/><E85/><V86/><F86/><W106/><G106/><T76/><D76/><U90/><E90/><V91/><F91/><W79/><G79/><T81/><D104/><U61/><E61/><V89/><F89/><W110/><G110/><T112/><D112/><U18/><E122/><V2/><F135/><W66/><G66/><T102/><D102/><U4/><E121/><V69/><F69/><W36/><G36/><T93/><D93/><U116/><E116/><V87/><F87/><W124/><G124/><T107/><D107/><U128/><E128/><V15/><F22/><W51/><G54/><N who="2" m="20489" /><F2/><W13/><G11/><T127/><D127/><U97/><E97/><V20/><F20/><W113/><G113/><T57/><D132/><U25/><E10/><V14/><F9/><W45/><AGARI ba="1,0" hai="7,8,13,17,23,26,29,31,45,51,52,88,94,98" machi="45" ten="20,8000,1" yaku="0,1,7,1,8,1,54,2" doraHai="129" who="3" fromWho="3" sc="214,-21,308,-41,224,-21,254,83" /><INIT seed="2,0,0,4,2,96" ten="193,267,203,337" oya="2" hai0="71,47,35,129,131,120,17,67,68,27,126,135,79" hai1="30,24,18,124,72,31,84,69,11,50,65,2,25" hai2="117,122,12,103,1,113,89,3,46,93,111,63,52" hai3="95,16,99,76,85,20,6,64,128,43,22,77,49"/><V51/><F122/><W101/><G128/><N who="0" m="49227" /><D120/><U74/><E69/><V98/><F117/><W80/><G6/><T134/><D79/><U133/><E65/><V114/><F111/><W29/><G64/><T14/><D47/><U42/><E124/><V28/><F28/><W78/><G29/><N who="0" m="19903" /><D126/><U62/><E62/><V21/><F63/><W119/><G119/><T105/><D105/><U58/><E133/><N who="0" m="50697" /><D67/><U15/><E2/><V59/><F46/><N who="3" m="25823" /><G22/><AGARI ba="0,0" hai="14,17,22,68,71" m="50697,19903,49227" machi="22" ten="30,2000,0" yaku="19,1,20,1" doraHai="96" who="0" fromWho="3" sc="193,20,267,0,203,0,337,-20" /><INIT seed="3,0,0,1,4,120" ten="213,267,203,317" oya="3" hai0="88,11,16,17,38,99,39,78,21,79,131,49,132" hai1="6,7,114,86,106,117,30,77,13,87,33,90,12" hai2="54,47,65,124,135,84,82,45,48,10,64,57,116" hai3="42,46,96,134,56,0,104,44,102,50,25,28,2"/><W128/><G134/><T58/><D132/><U95/><E106/><V8/><F135/><W123/><G123/><T113/><D38/><U55/><E114/><V34/><F34/><W100/><G128/><T62/><D39/><U18/><E117/><V63/><F124/><W109/><G109/><T23/><D131/><U37/><E37/><V68/><F116/><W98/><G56/><T59/><D49/><U93/><E33/><V121/><F121/><W111/><G111/><T130/><D130/><U40/><E30/><V60/><REACH who="2" step="1"/><F47/><REACH who="2" ten="213,267,193,317" step="2"/><W74/><G46/><T52/><D113/><U4/><E40/><V70/><F70/><W71/><G71/><T112/><D112/><U20/><E4/><V22/><F22/><N who="0" m="8202" /><D59/><U107/><E6/><V35/><F35/><W118/><G118/><T53/><D53/><U14/><E55/><V75/><F75/><W15/><G74/><T126/><D126/><U76/><E7/><V26/><F26/><W24/><G24/><T89/><D11/><U105/><E20/><V9/><F9/><W41/><G41/><T119/><D119/><U80/><E12/><V110/><F110/><W19/><G25/><T27/><D27/><U101/><E13/><V81/><F81/><W73/><G73/><T1/><D1/><U133/><E133/><V108/><F108/><W97/><G2/><T29/><D29/><U115/><E115/><V122/><F122/><W32/><G0/><T94/><D89/><AGARI ba="0,1" hai="8,10,45,48,54,57,60,63,64,65,68,82,84,89" machi="89" ten="30,2000,0" yaku="1,1,7,1,53,0" doraHai="120" doraHaiUra="127" who="2" fromWho="0" sc="213,-20,267,0,193,30,317,0" owari="193,-30.7,267,6.7,223,-17.7,317,41.7" /></mjloggm>