<mjloggm ver="2.3"><GO type="225" lobby="0"/><UN n0="%E3%83%B4%E3%83%A0%EF%BC%99%E3%81%A6" n1="%E3%81%BF%E3%81%BF%E3%81%9A" n2="%E3%81%95%E3%81%8D%E3%81%9F%E3%81%BE%E6%9E%97%E6%AA%8E" n3="%6D%75%75%6D%75%72%61" dan="17,17,16,16" rate="2148.56,2200.08,2090.75,2138.49" sx="M,M,M,F"/><TAIKYOKU oya="0"/><INIT seed="0,0,0,3,5,113" ten="250,250,250,250" oya="0" hai0="62,39,112,66,60,44,10,73,26,98,42,21,77" hai1="45,32,76,63,14,127,0,90,55,120,2,43,128" hai2="78,115,6,119,58,54,20,19,18,123,27,108,7" hai3="121,118,24,8,15,28,23,53,81,132,99,97,12"/><T93/><D112/><U109/><E120/><V133/><F108/><W92/><G121/><T84/><D73/><U25/><E76/><V38/><F115/><W46/><G132/><T51/><D39/><U37/><E109/><V86/><F123/><W111/><G111/><T61/><D10/><U107/><E90/><V41/><F133/><W96/><G118/><T130/><D130/><U29/><E14/><V80/><F119/><W65/><G65/><T11/><D11/><U94/><E94/><V69/><F69/><W116/><G116/><T30/><D77/><U105/><E55/><V33/><F33/><W13/><G81/><T91/><REACH who="0" step="1"/><D98/><REACH who="0" ten="240,250,250,250" step="2"/><U16/><E128/><V135/><F135/><W64/><G8/><T22/><D22/><U59/><E2/><V85/><F38/><W57/><G96/><T83/><D83/><U79/><E0/><V102/><F80/><W47/><G97/><T95/><D95/><U3/><E79/><V110/><F78/><W72/><G72/><T124/><D124/><U126/><E3/><V67/><F20/><W87/><G87/><T100/><D100/><U103/><E103/><V68/><F102/><W104/><G104/><N who="1" m="40010" /><E127/><V82/><F110/><W70/><G92/><T122/><D122/><U56/><E126/><V40/><F82/><W74/><G99/><T9/><D9/><U101/><E101/><V1/><F1/><W71/><G74/><T17/><D17/><U35/><E16/><V125/><F125/><W50/><G23/><T4/><D4/><U88/><E35/><V89/><F6/><W34/><G34/><RYUUKYOKU ba="0,1" sc="240,30,250,-10,250,-10,250,-10" hai0="21,26,30,42,44,51,60,61,62,66,84,91,93" /><INIT seed="0,1,1,5,0,49" ten="270,240,240,240" oya="0" hai0="135,22,10,7,129,43,86,64,101,24,88,117,114" hai1="97,102,108,80,134,4,104,56,59,62,38,45,103" hai2="21,95,76,92,116,48,100,9,98,68,40,32,87" hai3="58,41,126,69,27,119,91,15,36,130,112,89,122"/><T19/><D114/><U11/><E108/><V61/><F32/><W25/><G112/><T46/><D117/><U110/><E110/><V63/><F116/><W51/><G119/><T124/><D124/><U115/><E115/><V93/><F68/><W85/><G69/><T42/><D135/><U5/><E134/><V0/><F0/><W111/><G111/><T128/><D101/><U131/><E131/><N who="0" m="50249" /><D64/><U84/><E103/><V72/><F72/><W57/><G130/><T47/><D43/><U12/><E5/><V39/><F39/><W52/><G126/><T2/><D42/><U23/><E45/><N who="2" m="25639" /><F9/><W33/><G122/><T81/><AGARI ba="1,1" hai="2,7,10,19,22,24,46,47,81,86,88" m="50249" machi="81" ten="30,3000,0" yaku="19,1,54,1" doraHai="49" who="0" fromWho="0" sc="270,43,240,-11,240,-11,240,-11" /><INIT seed="0,2,0,0,5,108" ten="313,229,229,229" oya="0" hai0="133,19,13,106,115,132,109,83,61,2,55,56,27" hai1="62,89,45,52,135,63,85,76,88,69,110,111,50" hai2="100,29,103,44,75,22,131,1,17,0,116,107,68" hai3="73,74,113,28,37,99,86,125,25,80,104,46,93"/><T134/><D2/><U67/><E135/><V21/><F68/><W97/><G125/><T81/><D109/><N who="1" m="41483" /><E63/><V70/><F70/><W10/><G10/><T98/><D27/><U92/><E89/><V91/><F75/><W121/><G113/><T54/><D115/><U123/><E76/><V5/><F131/><W57/><G57/><T64/><D106/><U65/><E65/><V34/><F34/><W43/><G121/><AGARI ba="2,0" hai="45,50,52,62,67,69,85,88,92,121,123" m="41483" machi="121" ten="30,3900,0" yaku="14,1,54,2" doraHai="108" who="1" fromWho="3" sc="313,0,229,45,229,0,229,-45" /><INIT seed="1,0,0,1,5,37" ten="313,274,229,184" oya="1" hai0="14,29,90,27,60,110,104,13,39,106,77,83,55" hai1="23,84,125,126,43,107,45,133,24,89,9,100,132" hai2="58,131,78,26,113,69,11,118,5,123,95,10,79" hai3="76,101,54,128,63,94,48,46,74,56,72,98,38"/><U65/><E65/><V108/><F118/><W111/><G111/><T4/><D110/><U117/><E117/><V112/><F123/><W68/><G128/><T96/><D39/><N who="1" m="21759" /><E9/><V41/><F108/><W62/><G76/><T49/><D60/><U52/><E100/><V1/><F131/><W59/><G68/><T93/><D104/><U99/><E99/><V34/><F69/><W21/><G38/><T47/><D106/><U91/><E107/><V51/><F11/><W124/><G124/><N who="1" m="47722" /><E52/><N who="2" m="32031" /><F41/><W50/><G62/><T67/><D67/><U44/><E44/><V40/><F40/><W17/><G56/><T53/><D53/><U116/><E116/><V15/><F1/><W115/><G50/><T87/><REACH who="0" step="1"/><D4/><REACH who="0" ten="303,274,229,184" step="2"/><U105/><E105/><V80/><F5/><W70/><G70/><T16/><D16/><N who="1" m="12391" /><E91/><V134/><F113/><W32/><G115/><T18/><D18/><U73/><E73/><V103/><F112/><W12/><REACH who="3" step="1"/><G32/><AGARI ba="0,1" hai="13,14,27,29,32,47,49,55,77,83,87,90,93,96" machi="32" ten="30,2000,0" yaku="1,1,7,1,53,0" doraHai="37" doraHaiUra="129" who="0" fromWho="3" sc="303,30,274,0,229,0,184,-20" /><INIT seed="2,0,0,2,4,35" ten="333,274,229,164" oya="2" hai0="87,3,76,97,41,108,74,71,125,13,110,95,132" hai1="55,56,57,114,31,106,113,133,39,1,62,83,131" hai2="4,93,60,104,134,7,21,124,120,130,12,123,37" hai3="65,88,96,112,43,6,8,107,34,28,73,118,63"/><V82/><F104/><W50/><G118/><T121/><D121/><U36/><E106/><V24/><F37/><N who="1" m="14409" /><E83/><V102/><F82/><W11/><G73/><T98/><D74/><U115/><E31/><V81/><F81/><W100/><G112/><T0/><D76/><U52/><E1/><V53/><F53/><W54/><G43/><T64/><D41/><U47/><E133/><V135/><F60/><W10/><G88/><N who="0" m="53663" /><D13/><U49/><E131/><V128/><F93/><W66/><G66/><T5/><D5/><N who="2" m="2122" /><F102/><W61/><G61/><N who="0" m="40335" /><D132/><N who="2" m="50730" /><F12/><W42/><G42/><T111/><D125/><U38/><N who="1" m="14417" /><U103/><DORA hai="51" /><E103/><V18/><F124/><W29/><G6/><T77/><D77/><U19/><E19/><V117/><F117/><W91/><G91/><T72/><D72/><U33/><E33/><V67/><F67/><W99/><G34/><T105/><D105/><U2/><E2/><AGARI ba="0,0" hai="0,2,3,97,98,108,110,111" m="40335,53663" machi="2" ten="40,8000,1" yaku="14,1,52,3,54,1" doraHai="35,51" who="0" fromWho="1" sc="333,80,274,-80,229,0,164,0" /><INIT seed="3,0,0,4,2,31" ten="413,194,229,164" oya="3" hai0="51,61,56,84,73,44,102,37,32,86,88,21,16" hai1="43,12,118,128,62,5,13,59,122,22,75,121,10" hai2="24,72,29,126,33,67,97,125,34,23,106,87,93" hai3="48,110,85,135,127,114,55,49,134,124,45,103,35"/><W52/><G114/><T6/><D73/><U39/><E75/><V111/><F111/><W15/><G110/><T78/><D32/><U101/><E101/><V131/><F131/><W77/><G103/><T116/><D116/><U83/><E128/><V130/><F130/><W8/><G35/><T63/><D6/><U58/><E83/><V7/><F72/><W89/><G77/><T36/><D78/><U60/><E118/><V53/><F106/><W132/><G48/><T57/><D36/><U92/><E43/><V109/><F109/><W90/><G55/><N who="0" m="33951" /><D37/><U30/><E39/><V17/><F87/><W69/><G69/><T27/><D88/><N who="3" m="33897" /><G85/><T76/><D102/><U0/><E92/><V11/><F53/><W65/><G65/><N who="0" m="39151" /><D76/><U70/><E13/><N who="2" m="9647" /><F67/><W46/><G46/><T96/><D96/><U81/><E30/><V40/><F40/><AGARI ba="0,0" hai="16,21,27,40,44,51,84,86" m="39151,33951" machi="40" ten="30,2000,0" yaku="8,1,54,1" doraHai="31" who="0" fromWho="2" sc="413,20,194,0,229,-20,164,0" owari="433,53.3,194,-20.6,209,0.9,164,-33.6" /></mjloggm>