<mjloggm ver="2.3"><GO type="225" lobby="0"/><UN n0="%E5%8F%AF%E5%85%90%E9%82%A3%E7%94%B1%E5%A4%9A" n1="%E5%A4%96%E5%B7%9D%E7%AB%9C%E6%88%90" n2="%E5%B8%86%E7%AB%8B%E5%A4%8F%E8%A1%A3" n3="%E7%AD%89%E3%80%85%E5%8A%9B%E5%8A%87%E5%A0%B4" dan="16,16,16,16" rate="2197.82,2177.12,2095.29,2052.04" sx="F,M,M,M"/><TAIKYOKU oya="0"/><INIT seed="0,0,0,3,4,97" ten="250,250,250,250" oya="0" hai0="40,26,1,78,35,75,57,24,103,135,19,6,90" hai1="106,17,133,86,79,95,88,77,5,68,70,100,21" hai2="37,22,82,33,20,62,127,123,49,46,111,83,109" hai3="73,56,76,34,102,10,125,98,131,99,52,134,15"/><T12/><D135/><U74/><E133/><V44/><F33/><W128/><G134/><T65/><D40/><U96/><E5/><V69/><F123/><W31/><G125/><T118/><D118/><U36/><E36/><V110/><F127/><W120/><G120/><T67/><D75/><U42/><E42/><N who="2" m="22607" /><F62/><W41/><G41/><T93/><D78/><U13/><REACH who="1" step="1"/><E79/><REACH who="1" ten="250,240,250,250" step="2"/><V81/><F69/><W18/><G76/><T30/><D6/><U63/><E63/><V7/><F7/><W132/><G132/><T53/><D1/><U121/><E121/><V91/><F91/><W122/><G122/><T87/><D103/><U104/><E104/><V130/><F130/><W38/><G38/><T94/><D94/><U16/><E16/><V0/><F0/><W115/><G18/><T59/><D19/><U43/><E43/><AGARI ba="0,1" hai="20,22,43,46,49,81,82,83,109,110,111" m="22607" machi="43" ten="40,1300,0" yaku="14,1" doraHai="97" who="2" fromWho="1" sc="250,0,240,-13,250,23,250,0" /><INIT seed="1,0,0,2,1,64" ten="250,227,273,250" oya="1" hai0="43,52,109,28,44,54,90,125,67,45,105,22,112" hai1="126,26,63,5,41,51,98,81,55,84,76,114,65" hai2="96,46,36,59,50,87,62,30,82,135,128,97,23" hai3="83,80,113,47,29,78,89,71,7,17,60,40,116"/><U14/><E126/><V49/><F135/><W75/><G113/><T39/><D105/><U108/><E114/><V15/><F36/><W101/><G116/><T66/><D90/><U31/><E108/><V134/><F134/><W6/><G29/><T53/><D112/><U73/><E73/><V48/><F46/><W123/><G123/><T35/><D35/><U9/><E98/><V8/><F128/><W25/><G101/><T100/><D100/><U122/><E122/><V24/><F62/><W18/><G89/><T130/><D28/><U21/><E41/><V111/><F59/><W85/><G18/><T27/><D27/><U77/><E65/><N who="0" m="24585" /><D22/><U33/><E63/><V88/><REACH who="2" step="1"/><F111/><REACH who="2" ten="250,227,263,250" step="2"/><W16/><G60/><T94/><D109/><U120/><E120/><V32/><F32/><W86/><G47/><T91/><D130/><U132/><E132/><V12/><F12/><W124/><G124/><T11/><D125/><U1/><E33/><V93/><F93/><W2/><G2/><T95/><D95/><U119/><E1/><V103/><F103/><W117/><G117/><T121/><D121/><U19/><E119/><V133/><F133/><W61/><G61/><T38/><D38/><U104/><E104/><V70/><F70/><W99/><G71/><T118/><D118/><U106/><E106/><V107/><F107/><W3/><G3/><T127/><D127/><U58/><REACH who="1" step="1"/><E31/><REACH who="1" ten="250,217,263,250" step="2"/><V56/><F56/><W102/><G102/><T34/><D34/><U20/><E20/><V68/><F68/><W0/><G0/><T42/><D39/><U129/><E129/><RYUUKYOKU ba="0,2" sc="250,-15,217,15,263,15,250,-15" hai1="5,9,14,19,21,26,51,55,58,76,77,81,84" hai2="8,15,23,24,30,48,49,50,82,87,88,96,97" /><INIT seed="1,1,2,1,0,134" ten="235,232,278,235" oya="1" hai0="51,4,21,123,63,17,50,117,132,30,98,114,42" hai1="40,9,53,20,86,73,55,29,64,120,101,111,35" hai2="106,74,2,87,81,121,65,31,28,78,22,103,93" hai3="108,83,46,68,15,69,52,131,129,126,124,23,102"/><U61/><E120/><V116/><F121/><W58/><G102/><T14/><D123/><U110/><E73/><V38/><F116/><W80/><G108/><N who="1" m="41514" /><E35/><V97/><F2/><W13/><G46/><T59/><D117/><U109/><N who="1" m="41522" /><U96/><DORA hai="112" /><E40/><V95/><F38/><W41/><G41/><T105/><D114/><U125/><E125/><N who="3" m="48234" /><G80/><T92/><D132/><U8/><E86/><V90/><F65/><W113/><G83/><T88/><D105/><N who="1" m="63655" /><E20/><V94/><F22/><W77/><G77/><T48/><D30/><AGARI ba="1,2" hai="28,30,31,74,78,81,87,90,93,94,95,97,103,106" machi="30" ten="40,2600,0" yaku="24,2" doraHai="134,112" who="2" fromWho="0" sc="235,-29,232,0,278,49,235,0" /><INIT seed="2,0,0,3,2,29" ten="206,232,327,235" oya="2" hai0="27,123,89,90,2,66,40,119,24,100,130,42,122" hai1="105,26,75,18,111,62,86,0,17,98,99,96,67" hai2="117,47,33,7,53,120,37,131,110,82,108,32,135" hai3="73,125,68,114,107,95,134,14,45,10,44,50,81"/><V35/><F120/><W93/><G107/><T113/><D113/><U69/><E75/><V59/><F117/><W52/><G68/><T94/><D2/><U41/><E0/><V79/><F131/><W51/><G134/><T106/><D106/><U55/><E105/><V64/><F7/><W65/><G125/><T97/><D130/><U104/><E104/><V54/><F135/><W1/><G1/><T31/><D119/><U83/><E41/><N who="2" m="22959" /><F59/><W63/><G114/><T56/><D123/><U36/><E36/><V49/><F49/><W38/><G38/><T76/><D76/><U128/><E128/><V5/><F5/><W43/><G73/><T11/><D11/><U30/><E55/><V13/><F64/><W25/><G81/><T28/><D122/><U15/><E15/><V133/><F13/><W8/><G25/><T19/><D19/><U103/><E103/><V46/><F46/><W126/><G126/><T80/><D24/><U129/><E129/><V115/><F115/><W124/><G124/><T92/><D80/><U20/><REACH who="1" step="1"/><E111/><REACH who="1" ten="206,222,327,235" step="2"/><N who="2" m="42539" /><F133/><W116/><G116/><T70/><D100/><U21/><E21/><V60/><F60/><W78/><G14/><T22/><D42/><U4/><E4/><V87/><AGARI ba="0,1" hai="32,33,35,53,54,79,82,87" m="42539,22959" machi="87" ten="40,12000,1" yaku="14,1,10,1,52,3" doraHai="29" who="2" fromWho="2" sc="206,-40,222,-40,327,130,235,-40" /><INIT seed="2,1,0,2,3,113" ten="166,182,457,195" oya="2" hai0="48,108,5,134,60,114,13,110,81,0,101,85,94" hai1="89,91,86,14,73,87,3,66,80,51,83,128,41" hai2="2,107,20,33,88,1,27,96,119,103,100,50,61" hai3="37,30,34,40,54,76,52,115,105,21,23,78,45"/><V92/><F119/><W118/><G105/><T42/><D114/><U15/><E3/><V43/><F33/><W123/><G115/><T112/><D112/><U58/><E128/><V16/><F61/><W8/><G123/><T9/><D134/><U127/><E127/><V35/><F35/><W70/><G70/><T93/><D60/><U122/><E122/><V135/><F135/><W77/><G118/><T117/><D0/><U64/><E73/><V69/><F69/><W7/><G34/><T82/><D117/><U71/><E71/><V22/><F22/><W38/><G37/><T116/><D116/><U95/><E95/><V124/><F124/><W28/><G23/><T67/><D67/><U29/><E29/><V63/><F63/><W10/><G8/><T55/><D42/><U19/><E14/><V39/><F39/><W68/><G68/><T46/><D82/><U104/><E104/><V129/><F129/><W72/><G72/><T24/><D24/><U11/><E41/><V125/><F125/><W99/><G99/><T17/><D5/><U111/><E111/><N who="0" m="42537" /><D101/><U36/><E36/><V97/><REACH who="2" step="1"/><F103/><REACH who="2" ten="166,182,447,195" step="2"/><W126/><G126/><T12/><D12/><U130/><E130/><V75/><F75/><W53/><REACH who="3" step="1"/><G21/><REACH who="3" ten="166,182,447,185" step="2"/><T120/><D120/><U44/><E11/><V106/><F106/><W98/><G98/><T56/><D9/><U102/><E102/><V49/><F49/><W74/><G74/><T131/><D131/><U4/><E51/><V132/><F132/><W121/><G121/><T18/><D48/><U84/><E84/><V59/><F59/><RYUUKYOKU ba="1,2" sc="166,-15,182,-15,447,15,185,15" hai2="1,2,16,20,27,43,50,88,92,96,97,100,107" hai3="7,10,28,30,38,40,45,52,53,54,76,77,78" /><INIT seed="2,2,2,3,2,77" ten="151,167,462,200" oya="2" hai0="27,132,58,26,15,71,131,81,90,16,96,112,23" hai1="5,117,25,123,125,13,10,115,133,29,57,99,86" hai2="41,38,48,93,51,127,83,120,39,95,55,88,33" hai3="7,31,54,108,134,37,105,28,126,97,3,85,111"/><V91/><F120/><W107/><G37/><T65/><D112/><U6/><E115/><V79/><F33/><W89/><G134/><T22/><D71/><U94/><E117/><V72/><F127/><W53/><G7/><T18/><D132/><U101/><E133/><V130/><F130/><W21/><G3/><T34/><D131/><U80/><E125/><V76/><F41/><W66/><G66/><T116/><D116/><U2/><E123/><V67/><F67/><W109/><G126/><T73/><D34/><U45/><E57/><V11/><F11/><W61/><G97/><T129/><D129/><U36/><E36/><V70/><F70/><W59/><G54/><T102/><D15/><U43/><E2/><V60/><F60/><W0/><G0/><T82/><D90/><U113/><E113/><V64/><F64/><W47/><G47/><T63/><D73/><U14/><E45/><V24/><F24/><N who="3" m="16399" /><G31/><T75/><D75/><U110/><E43/><V49/><F55/><W20/><G20/><T56/><D56/><U35/><E110/><V46/><F46/><W122/><G122/><T98/><D98/><U119/><E119/><V74/><F51/><W8/><G8/><T104/><AGARI ba="2,2" hai="16,18,22,23,26,27,58,63,65,81,82,96,102,104" machi="104" ten="20,12000,2" yaku="0,1,7,1,9,1,52,2,54,1" doraHai="77" who="0" fromWho="0" sc="151,146,167,-32,462,-62,200,-32" /><INIT seed="3,0,0,1,2,88" ten="297,135,400,168" oya="3" hai0="44,2,109,94,118,119,128,124,72,130,73,12,75" hai1="49,29,27,18,64,3,135,117,39,32,114,101,70" hai2="74,84,116,10,67,100,125,26,37,66,60,122,6" hai3="89,30,98,103,41,22,48,120,129,38,97,104,0"/><W28/><G120/><T17/><D2/><U81/><E114/><V20/><F74/><W80/><G0/><T65/><D65/><U96/><E39/><V5/><F37/><W14/><G38/><T133/><D109/><U4/><E135/><V23/><F125/><W24/><G129/><N who="0" m="49771" /><D124/><U46/><E81/><V8/><F116/><W85/><G14/><T21/><D133/><U68/><E117/><N who="0" m="44553" /><D94/><U1/><E18/><V87/><F122/><W13/><G13/><T35/><D44/><U92/><E64/><V93/><F93/><W19/><G98/><T108/><D108/><U16/><E1/><V132/><F132/><W58/><G41/><T123/><D35/><U126/><E126/><V127/><F127/><W53/><AGARI ba="0,0" hai="19,22,24,28,30,48,53,58,80,85,89,97,103,104" machi="53" ten="30,1500,0" yaku="0,1" doraHai="88" who="3" fromWho="3" sc="297,-5,135,-5,400,-5,168,15" /><INIT seed="3,1,0,2,3,0" ten="292,130,395,183" oya="3" hai0="24,33,9,80,74,97,26,34,1,62,118,135,23" hai1="35,107,73,57,98,76,13,19,128,92,111,6,133" hai2="100,77,96,90,93,30,60,49,25,95,43,78,14" hai3="113,112,70,46,119,79,45,54,115,81,36,27,40"/><W84/><G119/><T122/><D118/><U110/><E107/><V47/><F60/><W114/><G70/><T22/><D122/><U71/><E71/><V7/><F14/><W28/><G115/><T64/><D135/><U69/><E69/><V103/><F7/><W17/><G17/><T123/><D123/><U41/><E35/><V50/><F50/><W109/><G109/><T134/><D134/><U66/><E133/><V86/><F100/><W125/><G125/><T18/><D97/><U104/><E104/><V44/><F44/><W55/><REACH who="3" step="1"/><G46/><REACH who="3" ten="292,130,395,173" step="2"/><T2/><D18/><U58/><E111/><V53/><F43/><W88/><G88/><T3/><D26/><U83/><E110/><V37/><F37/><W39/><G39/><T10/><D24/><U105/><E41/><V11/><F11/><W124/><G124/><T65/><D10/><U51/><E19/><V48/><F48/><W75/><G75/><T101/><D9/><U127/><E127/><V56/><F47/><W120/><G120/><T68/><D74/><U94/><E51/><V4/><F4/><W72/><G72/><T59/><D68/><U31/><E6/><V63/><F49/><W32/><AGARI ba="1,1" hai="27,28,32,36,40,45,54,55,79,81,84,112,113,114" machi="32" ten="30,3000,0" yaku="1,1,0,1,53,0" doraHai="0" doraHaiUra="91" who="3" fromWho="3" sc="292,-11,130,-11,395,-11,173,43" /><INIT seed="3,2,0,5,3,34" ten="281,119,384,216" oya="3" hai0="13,37,72,22,8,25,70,33,93,129,124,114,122" hai1="111,110,134,95,58,23,104,112,0,49,69,131,15" hai2="97,77,14,9,84,36,17,20,135,89,29,103,35" hai3="28,87,4,98,99,47,45,105,7,41,86,57,54"/><W73/><G73/><T60/><D122/><U85/><E104/><V55/><F135/><W30/><G105/><T115/><D72/><U11/><E69/><V91/><F36/><W90/><G41/><T16/><D37/><U121/><E121/><V102/><F35/><W18/><G18/><T42/><D42/><U62/><E112/><N who="0" m="43049" /><D129/><U68/><E131/><V109/><F109/><W125/><G57/><T26/><D124/><U21/><E134/><V48/><F77/><W126/><G90/><N who="2" m="34313" /><F84/><W3/><G54/><T132/><D93/><U106/><E106/><V64/><F97/><W116/><G116/><T120/><D120/><U71/><E71/><V127/><F64/><W79/><G79/><T123/><D123/><U108/><E68/><V38/><F38/><W96/><G96/><T44/><D132/><U83/><E0/><AGARI ba="2,0" hai="0,3,4,7,28,30,45,47,86,87,98,99,125,126" machi="0" ten="25,9600,0" yaku="22,2,52,2" doraHai="34" who="3" fromWho="1" sc="281,0,119,-102,384,0,216,102" /><INIT seed="3,3,0,5,5,19" ten="281,17,384,318" oya="3" hai0="133,42,120,97,45,135,110,80,59,56,121,54,11" hai1="53,17,94,2,29,119,20,69,48,113,72,46,111" hai2="61,73,117,13,76,63,38,98,41,95,35,103,49" hai3="0,50,126,112,37,33,4,40,127,91,30,32,102"/><W124/><G112/><T34/><D34/><U123/><E113/><V28/><F117/><W6/><G37/><N who="0" m="21711" /><D11/><U107/><E107/><V83/><F38/><W36/><G36/><T75/><D97/><U132/><E94/><V92/><F92/><W23/><G102/><T58/><D80/><U67/><E72/><V16/><F49/><W66/><G0/><T118/><D75/><U62/><E20/><V18/><F41/><W15/><G33/><T101/><D101/><U52/><E17/><V134/><F134/><N who="0" m="51210" /><D118/><U9/><E29/><V109/><F18/><N who="3" m="10719" /><G32/><T87/><D87/><U21/><E21/><V60/><F35/><W78/><G78/><T99/><D99/><U68/><E9/><V108/><REACH who="2" step="1"/><F28/><REACH who="2" ten="281,17,374,318" step="2"/><W96/><G30/><T74/><D74/><U88/><E88/><V24/><F24/><W8/><G127/><T5/><D5/><U105/><E105/><V3/><F3/><W44/><G4/><T115/><D115/><U100/><E100/><V129/><F129/><W22/><G126/><T82/><D82/><U71/><E2/><V7/><F7/><W1/><G124/><T106/><D106/><U27/><E27/><V116/><F116/><W90/><G96/><T47/><D110/><U85/><E132/><V125/><F125/><W31/><G31/><T14/><D14/><U64/><E119/><V84/><F84/><W122/><G122/><N who="0" m="47211" /><D47/><N who="1" m="27679" /><E85/><V25/><F25/><W65/><G22/><AGARI ba="3,1" hai="13,16,22,60,61,63,73,76,83,95,98,103,108,109" machi="22" ten="40,5200,0" yaku="1,1,52,1,54,1,53,0" doraHai="19" doraHaiUra="81" who="2" fromWho="3" sc="281,0,17,0,374,71,318,-61" owari="281,8.1,17,-48.3,445,54.5,257,-14.3" /></mjloggm>