<mjloggm ver="2.3"><GO type="225" lobby="0"/><UN n0="%E8%83%83%E3%81%A8%E8%85%B8" n1="%E5%A4%A7%E5%A4%A7%E5%B2%A1%E5%B1%B1%EF%BC%A0%E6%A8%AA%E6%B5%9C" n2="%E3%81%AF%E3%82%88%E3%81%8A%E3%81%98%E3%81%95%E3%82%93" n3="%72%69%6F%75%63%68%61%6E" dan="17,16,17,16" rate="2179.83,2150.71,2186.68,2212.19" sx="M,M,M,M"/><TAIKYOKU oya="0"/><INIT seed="0,0,0,2,5,111" ten="250,250,250,250" oya="0" hai0="76,104,113,130,121,42,105,81,91,134,36,65,72" hai1="22,60,29,117,69,34,33,43,18,7,74,90,77" hai2="84,12,109,83,99,59,51,127,71,101,89,132,45" hai3="118,0,133,112,37,53,88,48,122,106,39,70,9"/><T78/><D65/><U31/><E43/><V14/><F109/><W87/><G112/><T46/><D121/><U24/><E90/><V82/><F71/><W92/><G118/><T73/><D91/><U11/><E60/><V125/><F132/><W107/><G133/><T108/><D134/><U97/><E97/><V126/><F59/><W19/><G70/><T94/><D94/><U52/><E52/><V67/><F67/><W61/><G61/><T80/><D108/><U102/><E102/><V13/><F82/><W30/><G30/><N who="1" m="11274" /><E77/><V62/><F62/><W124/><G124/><T79/><D79/><U66/><E74/><V47/><REACH who="2" step="1"/><F51/><REACH who="2" ten="250,250,240,250" step="2"/><W128/><G48/><T1/><D130/><U68/><E66/><V2/><F2/><W56/><G128/><T135/><D135/><U38/><E69/><V86/><F86/><W63/><G0/><T27/><D1/><N who="1" m="495" /><E68/><V98/><F98/><W32/><G63/><T8/><D113/><U25/><E38/><V54/><F54/><W103/><G53/><T100/><D100/><U115/><E117/><V131/><F131/><W28/><G56/><T23/><REACH who="0" step="1"/><D8/><REACH who="0" ten="240,250,240,250" step="2"/><U95/><E115/><V119/><F119/><W21/><G103/><T4/><D4/><U10/><E10/><V15/><N who="2" m="3072" /><DORA hai="3" /><V96/><F96/><W93/><G9/><T16/><AGARI ba="0,2" hai="16,23,27,36,42,46,72,73,76,78,80,81,104,105" machi="16" ten="20,18000,2" yaku="1,1,0,1,7,1,9,1,54,1,53,1" doraHai="111,3" doraHaiUra="55,20" who="0" fromWho="0" sc="240,200,250,-60,240,-60,250,-60" /><INIT seed="0,1,0,1,1,6" ten="440,190,180,190" oya="0" hai0="67,25,69,18,108,1,21,30,40,11,23,113,9" hai1="127,51,8,93,123,66,84,91,46,114,3,77,48" hai2="116,99,76,45,125,82,36,118,20,10,44,120,12" hai3="83,134,13,19,27,95,128,26,63,70,62,85,64"/><T50/><D113/><U111/><E123/><V53/><F120/><W115/><G115/><T126/><D126/><U107/><E114/><V132/><F125/><W38/><G128/><T121/><D121/><U135/><E127/><V96/><F132/><W133/><G38/><T14/><D108/><U42/><E107/><V7/><F20/><W90/><G62/><T60/><REACH who="0" step="1"/><D1/><REACH who="0" ten="430,190,180,190" step="2"/><U78/><E3/><V32/><F118/><W16/><G134/><T71/><D71/><U129/><E135/><V24/><F116/><W34/><G133/><T88/><D88/><U74/><E111/><V59/><F36/><W58/><G70/><T47/><AGARI ba="1,1" hai="9,11,14,18,21,23,25,30,40,47,50,60,67,69" machi="47" ten="30,12000,1" yaku="1,1,0,1,52,2,53,1" doraHai="6" doraHaiUra="56" who="0" fromWho="0" sc="430,133,190,-41,180,-41,190,-41" /><INIT seed="0,2,0,1,2,97" ten="563,149,139,149" oya="0" hai0="40,99,67,60,20,39,45,31,128,49,109,124,122" hai1="54,121,37,58,7,16,125,8,113,35,133,68,116" hai2="24,51,6,108,55,50,115,64,9,111,89,76,81" hai3="74,132,73,80,119,104,15,46,11,63,21,61,84"/><T77/><D122/><U79/><E35/><V82/><F115/><W90/><G119/><T131/><D124/><U57/><E68/><V75/><F64/><W70/><G132/><T32/><D32/><U93/><E116/><V106/><F106/><W126/><G126/><T103/><D77/><U129/><E125/><V110/><F24/><W43/><G104/><T102/><D39/><U52/><E37/><V17/><F17/><W56/><G21/><T87/><D87/><U29/><E29/><V65/><F65/><W85/><G70/><T19/><D31/><U30/><E30/><V23/><F23/><W72/><G85/><T42/><D42/><U98/><E79/><V48/><F89/><W69/><G69/><N who="0" m="42215" /><D99/><U13/><E121/><V26/><F26/><W107/><G107/><T5/><D5/><U135/><E113/><V101/><F82/><W91/><G90/><T47/><D47/><U44/><E44/><V10/><F55/><W59/><G59/><T34/><D34/><U12/><E129/><N who="0" m="49737" /><D109/><U36/><E36/><V3/><F9/><W83/><G56/><N who="1" m="21610" /><E135/><V88/><F88/><W33/><G33/><T41/><D41/><U14/><E133/><V127/><F127/><W123/><G123/><T114/><D114/><U78/><E78/><V130/><F130/><W27/><G83/><T112/><D112/><U62/><E62/><V28/><F28/><W92/><G80/><T71/><D71/><U120/><E120/><V53/><F53/><N who="1" m="20585" /><E7/><V95/><F110/><W94/><G61/><T105/><D105/><U22/><E8/><V18/><F18/><RYUUKYOKU ba="2,0" sc="563,10,149,10,139,10,149,-30" hai0="19,20,40,45,49,102,103" hai1="12,13,14,16,22,93,98" hai2="3,6,10,48,50,51,75,76,81,95,101,108,111" /><INIT seed="0,3,0,3,4,101" ten="573,159,149,119" oya="0" hai0="114,3,39,22,44,15,69,16,106,123,71,50,28" hai1="47,96,78,64,98,9,12,21,97,92,132,135,38" hai2="24,94,0,2,110,56,113,103,99,91,125,120,112" hai3="34,7,35,117,95,58,10,5,79,6,126,23,119"/><T102/><D114/><U90/><E78/><V31/><F120/><W8/><G79/><T86/><D123/><U82/><E82/><V49/><F110/><W59/><G95/><T122/><D122/><U32/><E32/><N who="3" m="12330" /><G126/><T105/><D28/><U57/><E21/><V74/><F74/><W76/><G76/><T66/><D3/><U36/><E64/><V133/><F125/><W128/><G128/><T88/><D39/><U63/><E63/><V53/><F133/><N who="1" m="51273" /><E57/><N who="3" m="21514" /><G23/><T37/><D37/><N who="1" m="14443" /><E47/><V85/><F112/><W70/><G70/><T115/><D115/><U68/><E68/><V14/><F113/><W62/><G62/><T109/><D109/><U27/><E27/><V124/><F124/><W55/><G55/><T129/><D129/><U65/><E65/><V17/><F24/><W20/><G20/><T80/><D102/><U13/><E13/><V29/><F0/><W127/><G127/><T108/><D108/><U116/><E116/><AGARI ba="3,0" hai="5,6,7,8,10,116,117,119" m="21514,12330" machi="116" ten="40,2600,0" yaku="28,2" doraHai="101" who="3" fromWho="1" sc="573,0,159,-35,149,0,119,35" /><INIT seed="1,0,0,1,4,132" ten="573,124,149,154" oya="1" hai0="116,34,86,124,60,107,99,111,79,108,103,85,56" hai1="127,38,87,36,112,53,9,17,73,51,59,32,69" hai2="77,0,115,19,61,67,105,22,114,117,47,44,23" hai3="74,66,82,33,96,97,29,93,134,95,52,26,68"/><U45/><E73/><V6/><F105/><W39/><G39/><T119/><D124/><U14/><E112/><N who="2" m="43051" /><F117/><W13/><G134/><T63/><D34/><U71/><E32/><V125/><F77/><W4/><G66/><T12/><D12/><U130/><E130/><V5/><F125/><W54/><G68/><T76/><D56/><U88/><E127/><V20/><F19/><W80/><G74/><T43/><D43/><U102/><E102/><V128/><F128/><W46/><G46/><N who="2" m="17449" /><F0/><W62/><G62/><T72/><D72/><U126/><E126/><V121/><F121/><W41/><G41/><T122/><D122/><U2/><E2/><V91/><F91/><W83/><G97/><T21/><D21/><N who="2" m="5378" /><V1/><DORA hai="89" /><F1/><W7/><G96/><T106/><D99/><U101/><E101/><AGARI ba="0,0" hai="60,63,76,79,85,86,101,103,106,107,108,111,116,119" machi="101" ten="25,1600,0" yaku="22,2" doraHai="132,89" who="0" fromWho="1" sc="573,16,124,-16,149,0,154,0" /><INIT seed="2,0,0,3,0,90" ten="589,108,149,154" oya="2" hai0="87,14,130,124,135,81,1,72,38,133,17,47,42" hai1="39,132,95,22,4,115,98,0,65,89,117,2,120" hai2="30,55,96,9,49,57,75,28,93,119,62,33,121" hai3="7,125,70,71,5,108,48,128,58,19,102,31,32"/><V88/><F121/><W63/><G108/><T60/><D1/><U13/><E115/><V77/><F119/><W84/><G125/><T29/><D72/><U21/><E117/><V114/><F114/><W18/><G128/><T86/><D130/><U24/><E39/><V122/><F122/><W126/><G126/><T100/><D124/><U68/><E120/><V26/><F28/><W16/><G102/><T123/><D123/><U99/><E132/><N who="0" m="50761" /><D100/><U74/><E74/><V41/><F9/><W53/><G84/><T20/><D60/><U118/><E118/><V80/><REACH who="2" step="1"/><F41/><REACH who="2" ten="589,108,139,154" step="2"/><W109/><G109/><T64/><D29/><U11/><E99/><V44/><F44/><W97/><G97/><T66/><D47/><U107/><E107/><V131/><F131/><W91/><G31/><T82/><D42/><U27/><E0/><V25/><F25/><W94/><G32/><T37/><D37/><U134/><E134/><V92/><F92/><W112/><G112/><T105/><D38/><U35/><E2/><V111/><F111/><W129/><G129/><T15/><D105/><U10/><E10/><V54/><F54/><W101/><G94/><T79/><D15/><U46/><E46/><V51/><AGARI ba="0,1" hai="26,30,33,49,51,55,57,62,75,77,80,88,93,96" machi="51" ten="30,11700,0" yaku="1,1,0,1,52,1,54,1,53,0" doraHai="90" doraHaiUra="69" who="2" fromWho="2" sc="589,-39,108,-39,139,127,154,-39" /><INIT seed="2,1,0,2,1,33" ten="550,69,266,115" oya="2" hai0="70,12,14,4,128,97,0,63,11,23,24,41,106" hai1="52,107,22,54,21,85,135,76,118,72,81,1,57" hai2="92,46,88,74,134,113,37,133,10,38,25,124,108" hai3="28,49,110,86,78,95,105,101,99,62,75,100,71"/><V36/><F113/><W61/><G110/><T123/><D123/><U67/><E118/><V127/><F74/><W109/><G109/><T120/><D120/><U59/><E107/><V53/><F108/><W31/><G49/><T84/><D128/><U82/><E135/><N who="2" m="51723" /><F25/><W104/><G71/><T125/><D125/><N who="2" m="48202" /><F10/><W91/><G101/><T117/><D117/><U30/><E1/><V79/><F79/><W44/><G44/><T66/><D41/><U45/><E45/><V131/><F131/><W64/><G105/><T93/><D84/><U69/><E69/><V48/><F36/><W119/><G119/><T126/><D106/><U73/><E67/><V35/><F35/><W65/><G65/><T26/><D126/><U98/><E98/><AGARI ba="1,0" hai="37,38,46,48,53,88,92,98" m="48202,51723" machi="98" ten="30,5800,0" yaku="20,1,18,1,54,1" doraHai="33" who="2" fromWho="1" sc="550,0,69,-61,266,61,115,0" /><INIT seed="2,2,0,2,3,133" ten="550,8,327,115" oya="2" hai0="21,122,120,61,108,107,4,77,86,104,85,105,44" hai1="55,5,94,32,81,88,12,134,93,110,1,31,42" hai2="66,46,78,83,6,97,74,20,91,48,14,123,54" hai3="65,16,39,129,67,117,57,18,121,126,132,43,11"/><V26/><F123/><W115/><G126/><T64/><D108/><U8/><E42/><V70/><F70/><W59/><G117/><T76/><D4/><U40/><E40/><V102/><F66/><W2/><G121/><T127/><D44/><U33/><E110/><V50/><F50/><W3/><G43/><T51/><D51/><U131/><E134/><V95/><F6/><W103/><G132/><T13/><D127/><U45/><E131/><V73/><F14/><W23/><G103/><T15/><D122/><U63/><E31/><V69/><F69/><W35/><G35/><T75/><D120/><U49/><E32/><V80/><F80/><W0/><G129/><T62/><D75/><U53/><E33/><V34/><F34/><W100/><G100/><T124/><D124/><U135/><E1/><V89/><F74/><W17/><G11/><T36/><D36/><U27/><E27/><V116/><F116/><W71/><G71/><T111/><D111/><U125/><E135/><V25/><F25/><W118/><G118/><T96/><D96/><U30/><E30/><V41/><F41/><W99/><G99/><T10/><D10/><U22/><E22/><V87/><F73/><W56/><G23/><T114/><D21/><U130/><E130/><V72/><F72/><W109/><G109/><T92/><D15/><U68/><E125/><V19/><F102/><W82/><G82/><T101/><D13/><U47/><E68/><V98/><F97/><W29/><G29/><T38/><D101/><U90/><E81/><V52/><F91/><N who="1" m="34857" /><E63/><V119/><F119/><RYUUKYOKU ba="2,0" sc="550,-15,8,15,327,15,115,-15" hai1="5,8,12,45,47,49,53,55,93,94" hai2="19,20,26,46,48,52,54,78,83,87,89,95,98" /><INIT seed="2,3,0,1,0,125" ten="535,23,342,100" oya="2" hai0="123,81,44,75,6,84,128,37,79,5,101,107,76" hai1="25,85,28,51,97,1,73,26,109,118,55,102,63" hai2="82,126,65,92,24,54,124,133,64,113,8,15,94" hai3="9,0,17,96,90,127,99,49,21,3,47,120,60"/><V66/><F113/><W112/><G120/><T62/><D128/><U116/><E73/><V67/><F133/><W46/><G127/><N who="2" m="48681" /><F67/><W111/><G111/><T78/><D123/><U11/><E109/><V103/><F103/><W106/><G112/><T98/><D75/><U29/><E63/><V71/><F71/><W110/><G110/><T52/><D37/><U42/><E42/><V105/><F105/><W31/><G60/><T39/><D39/><U53/><E85/><V50/><F24/><N who="3" m="16783" /><G0/><T129/><D129/><U121/><E121/><V16/><F82/><W80/><G3/><T35/><D35/><U10/><E1/><V134/><F134/><W131/><G131/><T56/><REACH who="0" step="1"/><D44/><AGARI ba="3,0" hai="8,15,16,44,50,54,64,65,66,92,94" m="48681" machi="44" ten="30,2900,0" yaku="18,1,54,1" doraHai="125" who="2" fromWho="0" sc="535,-38,23,0,342,38,100,0" /><INIT seed="2,4,0,1,4,69" ten="497,23,380,100" oya="2" hai0="72,32,105,67,42,56,49,120,109,108,93,33,98" hai1="66,55,65,133,88,77,58,97,121,40,44,102,9" hai2="15,12,22,73,57,71,83,100,130,126,86,23,14" hai3="53,81,75,76,135,106,104,24,101,47,10,89,8"/><V17/><F71/><W124/><G124/><T95/><D120/><U34/><E34/><N who="0" m="13417" /><D72/><U114/><E77/><V115/><F115/><W18/><G135/><T111/><D105/><U85/><E114/><V64/><F73/><W5/><G89/><T3/><D3/><U26/><E133/><V46/><F126/><W19/><G8/><T99/><D42/><U29/><E9/><V74/><F74/><W103/><G106/><T80/><D80/><U119/><E119/><V117/><F117/><W129/><G129/><T36/><D36/><U37/><E26/><V35/><F35/><W6/><G6/><T31/><D31/><U116/><E29/><V134/><F134/><W79/><G79/><T128/><D128/><U96/><E116/><V39/><F130/><W63/><G104/><T87/><D87/><U68/><E68/><V110/><F110/><W91/><G91/><T54/><D67/><U27/><E27/><V43/><F100/><W13/><G24/><T118/><D118/><U52/><E102/><V51/><F22/><W7/><G7/><T70/><D70/><U78/><E78/><N who="2" m="46455" /><F39/><W2/><G19/><T90/><D90/><U20/><E20/><V21/><F23/><N who="3" m="11727" /><G63/><AGARI ba="4,0" hai="12,14,15,17,21,43,46,51,57,63,64" m="46455" machi="63" ten="30,1500,0" yaku="8,1" doraHai="69" who="2" fromWho="3" sc="497,0,23,0,380,27,100,-27" /><INIT seed="2,5,0,4,5,55" ten="497,23,407,73" oya="2" hai0="92,113,73,29,67,23,44,20,56,85,18,95,30" hai1="60,71,83,133,8,88,65,104,58,9,77,105,132" hai2="27,49,69,108,120,7,106,52,70,21,134,102,126" hai3="103,17,59,93,90,0,94,63,84,89,107,37,82"/><V124/><F120/><W129/><G37/><T116/><D73/><U80/><E71/><V50/><F134/><N who="1" m="51817" /><E77/><V32/><F32/><W13/><G129/><T81/><D113/><U117/><E117/><V91/><F7/><W14/><G0/><T68/><D68/><U123/><E123/><V128/><F128/><W47/><G47/><T31/><D44/><U57/><E80/><V51/><F108/><W110/><G110/><T40/><D40/><U112/><E112/><V111/><F111/><W6/><G107/><N who="1" m="41034" /><E57/><N who="2" m="32911" /><F69/><W5/><G103/><T22/><D116/><U96/><E83/><V99/><F91/><W35/><G35/><T38/><D38/><U28/><E28/><N who="2" m="17519" /><F70/><W135/><G135/><T39/><D39/><U11/><E8/><V15/><F15/><W43/><G13/><T25/><D25/><U131/><E131/><V19/><F19/><W64/><G82/><T41/><D18/><U97/><E97/><V66/><F66/><W24/><G24/><T98/><D98/><U125/><E125/><V48/><F124/><W86/><G43/><T1/><D41/><U130/><E130/><V101/><F102/><W87/><G87/><T2/><D2/><U72/><E72/><V33/><F33/><W34/><G34/><T46/><D1/><U114/><E114/><V119/><F119/><W10/><AGARI ba="5,0" hai="5,6,10,14,17,59,63,64,84,86,89,90,93,94" machi="10" ten="20,8000,1" yaku="0,1,7,1,9,1,8,1,52,1" doraHai="55" who="3" fromWho="3" sc="497,-25,23,-25,407,-45,73,95" owari="472,57.2,-2,-50.2,362,16.2,168,-23.2" /></mjloggm>