<mjloggm ver="2.3"><GO type="225" lobby="0"/><UN n0="%E3%81%BF%E3%81%BF%E3%81%9A" n1="%E4%BA%95%E5%B8%AF" n2="%77%72%77%72%77%72%77%72" n3="%E3%83%97%E3%83%AC%E3%83%B4%E3%82%A1%E3%83%86%E3%82%A3" dan="16,16,17,16" rate="2136.19,2078.63,2235.50,2041.62" sx="M,M,M,F"/><TAIKYOKU oya="0"/><INIT seed="0,0,0,0,3,111" ten="250,250,250,250" oya="0" hai0="135,122,18,58,83,89,118,78,67,126,31,60,110" hai1="132,125,92,85,29,94,128,105,42,27,36,107,91" hai2="65,38,59,37,70,103,93,10,63,53,56,101,48" hai3="129,22,102,55,11,131,120,86,130,62,104,96,116"/><T66/><D118/><U9/><E125/><V45/><F10/><W77/><G116/><T71/><D122/><U117/><E117/><V73/><F73/><W28/><G11/><T88/><D126/><U26/><E128/><V40/><F93/><W13/><G120/><T35/><D110/><U108/><E132/><V98/><F98/><W50/><G62/><T51/><D135/><U44/><E108/><V32/><F32/><W134/><G134/><T24/><D18/><U97/><E9/><V33/><F33/><W68/><G68/><T72/><REACH who="0" step="1"/><D67/><REACH who="0" ten="240,250,250,250" step="2"/><U109/><E109/><V61/><F103/><W12/><G28/><T106/><D106/><U112/><E29/><V1/><F101/><W39/><G22/><T34/><D34/><U14/><E107/><V81/><F1/><W7/><G7/><T121/><D121/><U20/><E105/><V64/><REACH who="2" step="1"/><F81/><REACH who="2" ten="240,250,240,250" step="2"/><N who="3" m="47407" /><G39/><AGARI ba="0,2" hai="37,38,39,40,45,48,53,56,59,61,63,64,65,70" machi="39" ten="30,16000,3" yaku="1,1,7,1,24,2,35,6,53,0" doraHai="111" doraHaiUra="87" who="2" fromWho="3" sc="240,0,250,0,240,180,250,-160" /><INIT seed="1,0,0,2,0,82" ten="240,250,420,90" oya="1" hai0="110,133,10,109,105,33,101,16,28,129,107,20,18" hai1="41,55,93,115,121,39,66,26,38,6,0,27,120" hai2="134,13,92,58,122,103,1,75,135,52,71,62,130" hai3="40,77,8,43,59,46,80,60,31,69,111,56,78"/><U23/><E115/><V117/><F117/><W54/><G111/><N who="0" m="42507" /><D133/><N who="2" m="50698" /><F122/><W14/><G31/><T89/><D129/><U64/><E55/><V57/><F130/><W22/><G22/><T70/><D70/><U76/><E93/><V86/><F75/><W24/><G24/><N who="0" m="18567" /><D101/><U88/><E23/><V47/><F1/><W124/><G69/><T91/><D10/><U7/><E76/><V73/><F73/><W97/><G124/><T42/><D18/><U84/><E0/><V63/><F13/><W5/><G78/><T44/><D107/><U87/><REACH who="1" step="1"/><E41/><REACH who="1" ten="240,240,420,90" step="2"/><V65/><F92/><W34/><G34/><T45/><D105/><U131/><E131/><V36/><F52/><W48/><G97/><T99/><D99/><U112/><E112/><V85/><F103/><W53/><REACH who="3" step="1"/><G46/><REACH who="3" ten="240,240,420,80" step="2"/><N who="0" m="18027" /><D42/><U12/><E12/><AGARI ba="0,2" hai="12,16,20,89,91" m="18027,18567,42507" machi="12" ten="30,2000,0" yaku="14,1,54,1" doraHai="82" who="0" fromWho="1" sc="240,40,240,-20,420,0,80,0" /><INIT seed="2,0,0,0,3,67" ten="280,220,420,80" oya="2" hai0="85,97,35,135,47,98,102,105,39,70,108,64,49" hai1="61,20,101,94,89,65,17,131,15,76,130,54,126" hai2="106,46,134,26,18,13,78,33,119,116,92,62,99" hai3="103,72,16,31,66,84,63,80,81,19,9,104,124"/><V43/><F106/><W133/><G124/><T1/><D1/><U95/><E126/><V121/><F121/><W3/><G133/><T74/><D74/><U55/><E76/><V75/><F134/><W77/><G31/><T132/><D35/><U111/><E95/><V44/><F62/><W53/><G53/><T5/><D5/><U113/><E101/><V34/><F78/><W117/><G117/><T7/><D7/><U11/><E11/><V110/><F75/><W83/><G3/><T32/><D32/><U58/><E113/><V100/><F110/><W21/><G72/><T14/><D14/><U120/><E111/><V48/><F33/><W50/><G50/><T28/><D28/><U59/><E120/><V40/><F26/><W128/><G128/><N who="1" m="49194" /><E58/><V90/><F100/><W60/><G103/><T12/><D102/><U69/><E69/><V10/><REACH who="2" step="1"/><F34/><REACH who="2" ten="280,220,410,80" step="2"/><W129/><G104/><T96/><D105/><U93/><E89/><V45/><F45/><W52/><G129/><T107/><D107/><U122/><E122/><V71/><F71/><W29/><G63/><N who="0" m="40223" /><D108/><U57/><E65/><V24/><F24/><N who="3" m="16527" /><G66/><T86/><D135/><U114/><E114/><V25/><F25/><W42/><G42/><T38/><D132/><U125/><E125/><V37/><AGARI ba="0,1" hai="10,13,18,37,40,43,44,46,48,90,92,99,116,119" machi="37" ten="20,3900,0" yaku="1,1,0,1,7,1,53,0" doraHai="67" doraHaiUra="109" who="2" fromWho="2" sc="280,-13,220,-13,410,49,80,-13" /><INIT seed="2,1,0,0,5,63" ten="267,207,459,67" oya="2" hai0="102,56,36,129,116,61,32,48,110,42,23,15,88" hai1="50,35,98,101,52,109,21,118,79,67,25,104,108" hai2="55,81,80,19,71,89,87,64,6,17,46,100,18" hai3="82,77,26,91,40,51,9,103,8,7,90,30,66"/><V126/><F126/><W16/><G103/><T12/><D32/><U135/><E118/><V31/><F6/><W14/><G66/><T5/><D116/><U133/><E79/><V97/><F31/><W112/><G112/><T114/><D36/><U111/><E67/><V39/><F64/><W13/><G40/><T78/><D78/><U43/><E43/><V134/><F134/><W113/><G51/><T29/><D102/><U44/><REACH who="1" step="1"/><E35/><REACH who="1" ten="267,197,459,67" step="2"/><V41/><F41/><W10/><G113/><T107/><D42/><U86/><E86/><V117/><F87/><W3/><G77/><T122/><D114/><U106/><E106/><V1/><F39/><W76/><G3/><T45/><D107/><U47/><E47/><V84/><F46/><W2/><G2/><T125/><D45/><U11/><E11/><V54/><F84/><N who="3" m="48199" /><G9/><T4/><D56/><U22/><E22/><AGARI ba="1,1" hai="7,8,10,13,14,16,22,26,30,90,91" m="48199" machi="22" ten="30,2000,0" yaku="8,1,54,1" doraHai="63" who="3" fromWho="1" sc="267,0,197,-23,459,0,67,33" /><INIT seed="3,0,0,0,5,115" ten="267,174,459,100" oya="3" hai0="51,27,93,53,8,80,21,67,24,15,75,33,102" hai1="117,127,63,56,112,72,126,2,48,50,74,118,70" hai2="134,113,9,18,62,121,107,25,119,36,109,68,44" hai3="97,103,87,38,94,104,32,1,84,125,58,120,54"/><W83/><G120/><T10/><D67/><N who="1" m="41343" /><E2/><V82/><F107/><W96/><G1/><T90/><D33/><U101/><E101/><V60/><F109/><W14/><G38/><T89/><D75/><N who="1" m="28715" /><E112/><V65/><F119/><N who="1" m="45577" /><E56/><V132/><F18/><W133/><G32/><T106/><D106/><U4/><E4/><V0/><F62/><W45/><G45/><T7/><D10/><U39/><E39/><V122/><F25/><W105/><G133/><T42/><D24/><U64/><E64/><V135/><F82/><W108/><G108/><T71/><D80/><U76/><E76/><V35/><F35/><W16/><G125/><AGARI ba="0,0" hai="48,50,125,126,127" m="45577,28715,41343" machi="125" ten="40,8000,1" yaku="18,1,12,1,52,3" doraHai="115" who="1" fromWho="3" sc="267,0,174,80,459,0,100,-80" owari="267,6.7,254,-14.6,459,55.9,20,-48.0" /></mjloggm>