<mjloggm ver="2.3"><GO type="225" lobby="0"/><UN n0="%4E%6F%2E%30%30%30%31" n1="%E3%83%B4%E3%83%A0%EF%BC%99%E3%81%A6" n2="%E2%98%86%E5%AD%AB%E7%87%95%E5%A7%BF%E2%98%86" n3="%E3%81%8F%E3%81%BE%E3%81%96%E3%82%8F" dan="18,17,16,16" rate="2233.90,2233.36,2155.98,2052.76" sx="M,M,M,M"/><TAIKYOKU oya="0"/><INIT seed="0,0,0,5,3,124" ten="250,250,250,250" oya="0" hai0="128,93,53,73,106,89,70,126,101,33,71,67,94" hai1="107,92,24,103,60,90,22,86,134,133,105,84,116" hai2="27,49,14,36,110,21,72,50,87,17,7,43,18" hai3="46,97,32,132,113,55,65,42,40,112,63,117,57"/><T100/><D126/><U13/><E13/><V109/><F72/><W125/><G32/><T16/><D73/><U52/><E116/><V19/><F7/><W96/><G125/><T88/><D33/><U114/><E84/><V80/><F36/><W34/><G34/><T2/><D2/><U130/><E114/><V30/><F14/><W3/><G3/><T8/><D106/><U91/><E91/><N who="0" m="34889" /><D70/><U0/><E0/><V54/><F43/><W102/><G117/><T76/><D71/><U23/><E23/><V12/><F12/><W47/><G132/><N who="1" m="50794" /><E103/><N who="0" m="39497" /><D67/><U111/><E111/><N who="2" m="42507" /><F54/><W135/><G135/><T68/><D68/><U5/><E5/><V62/><F62/><W74/><G74/><T95/><D128/><U98/><E130/><V37/><F37/><W81/><G65/><T119/><D119/><U61/><E86/><V58/><F58/><W38/><G96/><T6/><D76/><AGARI ba="0,0" hai="17,18,19,21,27,30,49,50,76,80,87" m="42507" machi="76" ten="30,1000,0" yaku="14,1" doraHai="124" who="2" fromWho="0" sc="250,-10,250,0,250,10,250,0" /><INIT seed="1,0,0,2,0,6" ten="240,250,260,250" oya="1" hai0="77,21,122,58,69,135,127,39,43,30,112,47,102" hai1="26,75,119,49,18,133,61,82,98,64,15,129,95" hai2="124,37,87,25,16,59,111,41,33,125,97,88,86" hai3="84,73,62,126,131,93,55,24,68,53,35,46,116"/><U31/><E129/><V2/><F2/><W52/><G73/><T110/><D69/><U100/><E133/><V8/><F111/><W32/><G131/><T60/><D112/><U104/><E119/><V54/><F97/><W132/><G132/><T81/><D135/><U63/><E49/><V9/><F41/><W0/><G116/><T128/><D128/><U83/><E95/><N who="2" m="54679" /><F87/><W5/><G126/><N who="2" m="48745" /><F37/><W51/><G0/><T50/><D127/><U130/><E130/><V14/><F25/><W71/><G24/><T22/><D110/><U99/><E99/><V134/><F33/><W29/><G35/><T115/><D39/><U56/><E75/><V11/><F134/><W10/><G32/><T107/><D115/><U40/><E40/><V28/><F28/><W17/><G29/><T118/><D118/><U101/><E101/><V108/><F108/><W70/><G84/><N who="0" m="48175" /><D122/><U113/><E113/><V79/><F79/><W44/><G93/><T89/><D30/><U27/><E31/><V66/><F66/><W57/><G17/><T94/><D102/><U48/><E64/><V106/><F106/><W1/><REACH who="3" step="1"/><G46/><REACH who="3" ten="240,250,260,240" step="2"/><T80/><D80/><N who="1" m="30763" /><E26/><V109/><F109/><W91/><G91/><T38/><D89/><U12/><E27/><V105/><F105/><W117/><G117/><T20/><D107/><U74/><E74/><V123/><F123/><W34/><G34/><T45/><D94/><U7/><E104/><V78/><F78/><W92/><G92/><T96/><D96/><U72/><E72/><V121/><F121/><W13/><G13/><N who="1" m="5194" /><E98/><V120/><F120/><RYUUKYOKU ba="0,1" sc="240,-15,250,-15,260,15,240,15" hai2="8,9,11,14,16,54,59" hai3="1,5,10,44,51,52,53,55,57,62,68,70,71" /><INIT seed="2,1,1,3,1,25" ten="225,235,275,255" oya="2" hai0="111,89,125,80,107,20,27,22,70,116,72,119,59" hai1="36,87,99,74,15,40,29,108,19,48,24,81,69" hai2="33,52,62,17,122,71,128,82,41,46,92,11,7" hai3="77,50,90,132,4,79,67,12,55,14,133,38,53"/><V109/><F122/><W13/><G38/><T123/><D123/><U83/><E36/><V88/><F33/><W66/><G4/><T75/><D70/><U130/><E69/><V112/><F112/><W131/><G90/><T49/><D107/><U64/><E64/><N who="3" m="24618" /><G131/><T16/><D111/><U121/><E121/><V45/><F71/><W134/><G50/><T68/><D68/><U26/><E108/><V97/><F109/><W126/><G126/><T110/><D110/><U1/><E24/><V58/><F128/><W65/><G65/><T9/><D9/><U44/><E1/><V30/><F30/><W102/><G102/><T56/><D125/><U114/><E114/><V96/><F17/><W73/><G73/><T94/><D20/><N who="1" m="15559" /><E74/><N who="0" m="28201" /><D49/><U5/><E5/><V113/><F113/><W32/><G32/><T47/><D80/><U8/><E130/><V61/><F61/><W63/><G63/><T127/><D127/><U100/><E87/><N who="2" m="50295" /><F41/><W51/><G51/><T118/><D47/><N who="2" m="17930" /><F92/><AGARI ba="1,1" hai="8,15,19,40,44,48,81,83,92,99,100" m="15559" machi="92" ten="30,2000,0" yaku="8,1,52,1" doraHai="25" who="1" fromWho="2" sc="225,0,235,33,275,-23,255,0" /><INIT seed="3,0,0,5,2,49" ten="225,268,252,255" oya="3" hai0="13,48,38,82,40,131,25,26,121,95,45,60,90" hai1="61,106,103,71,39,73,14,133,74,120,23,20,65" hai2="130,51,35,116,98,57,19,85,115,28,134,32,68" hai3="7,33,88,58,11,132,47,102,63,42,118,62,54"/><W110/><G118/><T109/><D121/><U37/><E120/><V41/><F68/><W66/><G132/><T78/><D109/><U3/><E133/><V5/><F134/><W31/><G102/><T53/><D131/><U126/><E126/><V4/><F115/><W122/><G122/><T52/><D13/><U43/><E3/><V79/><F116/><W93/><G33/><T1/><D1/><U92/><E106/><V16/><F32/><W124/><G31/><T44/><D60/><U55/><E73/><V75/><F75/><W127/><G110/><T6/><D6/><U8/><E74/><V0/><F35/><W123/><G123/><T128/><D128/><U2/><E2/><V101/><F28/><W18/><G18/><N who="2" m="6697" /><F0/><W70/><G7/><T21/><D21/><U10/><E23/><V99/><F130/><W80/><G11/><T83/><D53/><U50/><E20/><V111/><F111/><W112/><G112/><T135/><D135/><U108/><E108/><V30/><F30/><W67/><G67/><T89/><D89/><U17/><E8/><V87/><F101/><W100/><G100/><T86/><REACH who="0" step="1"/><D83/><REACH who="0" ten="215,268,252,255" step="2"/><U114/><E114/><V22/><F22/><W12/><G12/><T46/><D46/><U29/><E14/><V36/><F5/><W104/><G80/><T64/><D64/><U77/><E65/><V105/><F4/><W27/><G127/><T113/><D113/><U69/><E10/><V24/><F24/><W15/><G15/><T97/><AGARI ba="0,1" hai="25,26,38,40,44,45,48,52,78,82,86,90,95,97" machi="97" ten="20,8000,1" yaku="1,1,0,1,7,1,52,1,54,1,53,0" doraHai="49" doraHaiUra="34" who="0" fromWho="0" sc="215,90,268,-20,252,-20,255,-40" owari="305,40.5,248,4.8,232,-16.8,215,-28.5" /></mjloggm>