<mjloggm ver="2.3"><GO type="225" lobby="0"/><UN n0="%6D%75%75%6D%75%72%61" n1="%E3%81%AF%E3%82%88%E3%81%8A%E3%81%98%E3%81%95%E3%82%93" n2="%43%68%65" n3="%E9%80%9F%E6%B0%B4%E5%87%9B%E9%A6%99" dan="16,16,16,16" rate="2174.36,2098.41,2105.69,2152.95" sx="F,M,M,F"/><TAIKYOKU oya="0"/><INIT seed="0,0,0,3,5,29" ten="250,250,250,250" oya="0" hai0="129,41,116,16,30,67,33,49,55,63,59,128,90" hai1="32,54,113,106,105,31,132,27,25,69,96,103,78" hai2="47,86,62,56,26,134,122,6,123,23,39,72,99" hai3="98,87,42,91,89,48,117,109,68,121,126,95,73"/><T19/><D116/><U17/><E132/><V115/><F72/><W100/><G68/><T79/><D41/><U53/><E113/><V65/><F115/><W88/><G42/><T120/><D120/><U7/><E105/><V108/><F134/><W14/><G117/><T5/><D5/><U46/><E78/><V3/><F108/><W125/><G48/><T104/><D79/><U1/><E46/><V0/><F86/><W75/><G14/><T20/><D104/><U21/><REACH who="1" step="1"/><E69/><REACH who="1" ten="250,240,250,250" step="2"/><V13/><F47/><W64/><G121/><T76/><D76/><U93/><E93/><V2/><F123/><W130/><G109/><T66/><D129/><U101/><E101/><V70/><F70/><W118/><G118/><T12/><D128/><U102/><E102/><V4/><F122/><W11/><G130/><T40/><D90/><U97/><E97/><V71/><F99/><W135/><G135/><T80/><D40/><U110/><E110/><V36/><F71/><W82/><G89/><T9/><D80/><U85/><E85/><V10/><REACH who="2" step="1"/><F4/><REACH who="2" ten="250,240,240,250" step="2"/><W38/><G98/><T111/><D111/><U43/><E43/><V57/><F57/><W61/><G75/><T37/><D59/><U50/><E50/><V92/><F92/><W51/><G73/><T15/><D49/><U60/><E60/><V22/><F22/><W84/><G95/><T45/><D63/><U94/><E94/><V52/><F52/><W127/><G51/><T28/><D45/><U81/><E81/><V18/><AGARI ba="0,2" hai="0,2,3,6,10,13,18,23,26,36,39,56,62,65" machi="18" ten="30,2000,0" yaku="1,1,0,1,53,0" doraHai="29" doraHaiUra="77" who="2" fromWho="2" sc="250,-10,240,-5,240,40,250,-5" /><INIT seed="1,0,0,1,5,29" ten="240,235,280,245" oya="1" hai0="122,23,30,67,93,20,101,96,27,127,22,100,106" hai1="81,58,79,110,19,32,130,82,55,43,121,77,74" hai2="54,86,78,98,5,50,117,123,97,11,68,28,2" hai3="69,0,36,76,10,48,47,21,85,64,25,7,88"/><U132/><E121/><V49/><F117/><W133/><G133/><T1/><D122/><U35/><E132/><V87/><F123/><W103/><G76/><T61/><D127/><U99/><E130/><V70/><F28/><W135/><G135/><T3/><D101/><U26/><E43/><V39/><F39/><W90/><G103/><T63/><D63/><U31/><E110/><V73/><F73/><W102/><G102/><T38/><D38/><U111/><E111/><V15/><F2/><W83/><G36/><T134/><D134/><U84/><E99/><V41/><F41/><W104/><G104/><T53/><D53/><U126/><E19/><V95/><F95/><W107/><G107/><T40/><D40/><U62/><E126/><V60/><F60/><W56/><G69/><T4/><D106/><U8/><E8/><V33/><F11/><W34/><G34/><AGARI ba="0,0" hai="26,31,32,34,35,55,58,62,74,77,79,81,82,84" machi="34" ten="30,11600,0" yaku="7,1,52,3" doraHai="29" who="1" fromWho="3" sc="240,0,235,116,280,0,245,-116" /><INIT seed="1,1,0,5,2,70" ten="240,351,280,129" oya="1" hai0="34,18,32,85,68,94,60,102,54,45,3,89,25" hai1="61,55,118,95,121,62,8,40,73,87,134,38,27" hai2="107,82,16,110,103,129,24,26,37,90,50,65,135" hai3="130,36,97,44,105,92,114,124,58,100,11,48,0"/><U5/><E118/><V120/><F37/><W35/><G114/><T91/><D3/><U106/><E121/><V81/><F120/><W67/><G35/><T21/><D102/><U63/><E106/><V42/><F65/><W59/><G130/><T43/><D68/><U74/><E134/><V83/><F129/><W77/><G124/><T9/><D9/><U46/><E55/><V33/><F135/><W69/><G105/><T22/><D22/><U101/><E27/><V2/><F2/><W79/><G69/><T104/><D104/><U20/><E20/><V119/><F119/><W99/><G99/><T127/><D127/><U84/><E84/><V28/><F90/><W4/><G36/><T96/><D60/><U133/><E133/><V111/><F42/><W66/><G66/><T39/><REACH who="0" step="1"/><D54/><REACH who="0" ten="230,351,280,129" step="2"/><U52/><E52/><V12/><F103/><W56/><REACH who="3" step="1"/><G67/><REACH who="3" ten="230,351,280,119" step="2"/><T117/><D117/><U93/><E101/><V41/><F107/><W76/><G76/><T128/><D128/><U116/><E116/><V109/><F33/><W88/><G88/><T49/><D49/><U126/><E126/><V10/><F50/><W132/><G132/><T31/><D31/><U108/><E61/><V71/><F28/><W125/><G125/><T23/><D23/><U14/><E62/><V122/><F71/><W19/><G19/><T115/><D115/><U131/><E63/><V86/><F122/><W13/><G13/><T29/><D29/><U17/><E131/><V80/><F12/><W1/><G1/><T51/><D51/><U64/><E64/><V123/><F123/><RYUUKYOKU ba="1,2" sc="230,15,351,-15,280,-15,119,15" hai0="18,21,25,32,34,39,43,45,85,89,91,94,96" hai3="0,4,11,44,48,56,58,59,77,79,92,97,100" /><INIT seed="2,2,2,1,3,44" ten="245,336,265,134" oya="2" hai0="9,109,35,98,21,41,32,8,93,67,29,78,42" hai1="107,88,54,133,39,66,134,130,5,73,36,26,128" hai2="31,58,70,49,12,71,15,94,28,102,48,89,100" hai3="20,95,33,131,64,68,65,40,19,86,24,75,135"/><V6/><F71/><W113/><G75/><T127/><D109/><U123/><E73/><V112/><F70/><W101/><G135/><N who="1" m="51722" /><E107/><V34/><F112/><W115/><G131/><N who="1" m="50218" /><E66/><V2/><F2/><W61/><G33/><T118/><D127/><U85/><E123/><V22/><F34/><W51/><G65/><T4/><D78/><U56/><E26/><N who="2" m="16471" /><F31/><W105/><G105/><T55/><D67/><U104/><E5/><V38/><F38/><W129/><G129/><T0/><D118/><U43/><E43/><V13/><F6/><W81/><G95/><T69/><D69/><U45/><E45/><V83/><F83/><W103/><G115/><T126/><D126/><U110/><E104/><V106/><F106/><W108/><G108/><T52/><D42/><U27/><E27/><V25/><F25/><W18/><G113/><T122/><D41/><U90/><E110/><V53/><F49/><W116/><G116/><T50/><D122/><U47/><E47/><V14/><N who="2" m="3072" /><DORA hai="46" /><V96/><AGARI ba="2,2" hai="48,53,58,89,94,96,100,102" m="3072,16471" machi="96" ten="40,12000,1" yaku="4,1,8,1,52,2" doraHai="44,46" who="2" fromWho="2" sc="245,-42,336,-42,265,146,134,-42" /><INIT seed="2,3,0,4,5,56" ten="203,294,411,92" oya="2" hai0="121,43,124,57,135,48,116,120,30,80,107,87,8" hai1="70,23,19,65,58,71,69,44,21,73,50,11,25" hai2="39,127,128,103,122,22,47,94,106,5,132,76,10" hai3="111,17,32,55,119,37,34,33,41,13,52,86,84"/><V66/><F122/><W68/><G119/><T28/><D116/><U2/><E73/><V100/><F106/><W38/><G68/><T118/><D107/><U62/><E2/><V75/><F127/><W83/><G111/><T92/><D124/><U131/><E131/><V110/><F132/><W82/><G41/><T63/><D118/><U78/><E78/><V29/><F94/><W123/><G13/><T93/><D135/><U45/><E11/><V53/><F66/><W67/><G67/><T89/><D8/><U105/><E105/><V97/><F97/><W46/><G46/><N who="0" m="25695" /><D121/><U14/><REACH who="1" step="1"/><E50/><REACH who="1" ten="203,284,411,92" step="2"/><V36/><F76/><W54/><G123/><T117/><D117/><U72/><E72/><V79/><F79/><W26/><G26/><T4/><D120/><U12/><E12/><V31/><F75/><W74/><G74/><T129/><D129/><U91/><E91/><V104/><F10/><W61/><G61/><T59/><D63/><U9/><E9/><V109/><F104/><W85/><REACH who="3" step="1"/><G17/><AGARI ba="3,1" hai="14,17,19,21,23,25,44,45,58,62,65,69,70,71" machi="17" ten="40,2600,0" yaku="1,1,52,1,53,0" doraHai="56" doraHaiUra="99" who="1" fromWho="3" sc="203,0,284,45,411,0,92,-35" /><INIT seed="3,0,0,2,4,4" ten="203,329,411,57" oya="3" hai0="108,90,0,23,130,88,27,57,9,24,41,10,48" hai1="87,13,17,133,129,89,127,47,11,1,72,92,84" hai2="94,76,32,21,28,45,96,126,69,37,36,35,51" hai3="71,31,20,73,83,99,67,54,112,65,117,43,91"/><W52/><G117/><T135/><D0/><U86/><E72/><V128/><F69/><W131/><G112/><T80/><D108/><U64/><E127/><V50/><F76/><W95/><G131/><T75/><D130/><U8/><E129/><V113/><F51/><W79/><G43/><T110/><D135/><U18/><E133/><V46/><F46/><W111/><G111/><T59/><D75/><U68/><E68/><V3/><F3/><W125/><G125/><T121/><D121/><U119/><E119/><V93/><F93/><W40/><G40/><T42/><D110/><U123/><E123/><V22/><F22/><W15/><G71/><T115/><D23/><U58/><E47/><V55/><F35/><W62/><G31/><T74/><D74/><U134/><E1/><V30/><F32/><W29/><G29/><T5/><D5/><U61/><E134/><V100/><F30/><W2/><G2/><T120/><D120/><U56/><E58/><V26/><F113/><W7/><G62/><T6/><D6/><U107/><E107/><V114/><F126/><W98/><G98/><T132/><D132/><U101/><E101/><V77/><F96/><W78/><G78/><T124/><D124/><U103/><E103/><V49/><F77/><W60/><G60/><T66/><D115/><U33/><E33/><V34/><F34/><W81/><G81/><T63/><D63/><U12/><AGARI ba="0,0" hai="8,11,12,13,17,18,56,61,64,84,86,87,89,92" machi="12" ten="30,8000,1" yaku="0,1,9,1,8,1,52,2" doraHai="4" who="1" fromWho="1" sc="203,-20,329,80,411,-20,57,-40" owari="183,-21.7,409,50.9,391,19.1,17,-48.3" /></mjloggm>