<mjloggm ver="2.3"><GO type="225" lobby="0"/><UN n0="%E6%B0%B7%E5%B7%9D%E9%87%8C%E5%A5%88" n1="%6D%75%75%6D%75%72%61" n2="%E4%B8%AD%E5%B9%B4%E3%81%AE%E5%8D%B1%E6%A9%9F" n3="%E5%8F%AF%E5%85%90%E9%82%A3%E7%94%B1%E5%A4%9A" dan="16,17,16,17" rate="2167.56,2207.46,2154.87,2241.53" sx="F,F,M,F"/><TAIKYOKU oya="0"/><INIT seed="0,0,0,5,3,76" ten="250,250,250,250" oya="0" hai0="75,66,132,62,50,88,43,89,25,108,3,47,17" hai1="45,96,82,26,95,16,61,12,22,37,53,29,38" hai2="81,35,127,28,39,49,73,99,107,122,103,58,112" hai3="80,126,6,27,118,44,78,21,56,104,4,105,133"/><T92/><D132/><U106/><E106/><V114/><F49/><W51/><G118/><T117/><D117/><U119/><E119/><V134/><F58/><W123/><G133/><T115/><D115/><N who="2" m="44074" /><F134/><W113/><G113/><T57/><D108/><U20/><E37/><V135/><F135/><W130/><G126/><T67/><D3/><U1/><E1/><V8/><F8/><W90/><G130/><T5/><D5/><U24/><E38/><V70/><F39/><W13/><G123/><T116/><D116/><U65/><E12/><V71/><F122/><W129/><G129/><T131/><D131/><U121/><E121/><V0/><F0/><W98/><G56/><T102/><D75/><U14/><E14/><V9/><F9/><W87/><G13/><T109/><D67/><U101/><E45/><V97/><F97/><W41/><G105/><T85/><D109/><U55/><REACH who="1" step="1"/><E82/><REACH who="1" ten="250,240,250,250" step="2"/><V18/><F127/><W54/><G104/><T69/><D69/><AGARI ba="0,1" hai="16,20,22,24,26,29,53,55,61,65,69,95,96,101" machi="69" ten="30,7700,0" yaku="1,1,2,1,7,1,54,1,53,0" doraHai="76" doraHaiUra="74" who="1" fromWho="0" sc="250,-77,240,87,250,0,250,0" /><INIT seed="1,0,0,3,2,112" ten="173,327,250,250" oya="1" hai0="103,123,94,29,71,129,135,17,27,24,98,93,115" hai1="5,33,120,81,79,66,53,52,106,28,127,100,65" hai2="35,67,102,3,124,89,87,78,108,63,74,70,6" hai3="51,95,31,20,128,91,80,2,75,10,110,38,45"/><U4/><E120/><V15/><F108/><W96/><G110/><T46/><D115/><U8/><E127/><V9/><F124/><W92/><G128/><T47/><D129/><U43/><E43/><V30/><F78/><W111/><G111/><T72/><D135/><U34/><E106/><V18/><F74/><W97/><G38/><T42/><D123/><U54/><E100/><V64/><F64/><W105/><G105/><T109/><D72/><U90/><E90/><V41/><F41/><W36/><G36/><T134/><D109/><U86/><E4/><V68/><F102/><W14/><G2/><T1/><D134/><U11/><E11/><V121/><F121/><W13/><G75/><T119/><D1/><U22/><E22/><V40/><F40/><W49/><G80/><T76/><D71/><U16/><E16/><V21/><F70/><W55/><G10/><T48/><D76/><U84/><E84/><V19/><F19/><W107/><G107/><T130/><D130/><U125/><E125/><V132/><F132/><W116/><G31/><T131/><D131/><U56/><E28/><V23/><F23/><W85/><G20/><N who="0" m="13711" /><D46/><U82/><E82/><V59/><F68/><W26/><G45/><T0/><D0/><U101/><E56/><V118/><F118/><W73/><G116/><T104/><D119/><U57/><E57/><V39/><F39/><W32/><G73/><T12/><D12/><U25/><E25/><N who="2" m="18895" /><F87/><N who="3" m="52351" /><G26/><T7/><D7/><U99/><E33/><V88/><AGARI ba="0,0" hai="3,6,9,15,18,21,59,63,67,88,89" m="18895" machi="88" ten="30,2000,0" yaku="24,1,54,1" doraHai="112" who="2" fromWho="2" sc="173,-5,327,-10,250,20,250,-5" /><INIT seed="2,0,0,1,2,79" ten="168,317,270,245" oya="2" hai0="133,130,21,31,0,65,88,37,77,48,38,10,32" hai1="84,97,75,40,72,43,86,58,80,103,107,14,73" hai2="132,70,131,74,60,112,28,62,111,71,78,51,90" hai3="24,13,12,61,120,122,76,35,44,47,93,83,64"/><V113/><F90/><W66/><G93/><T101/><D32/><U92/><E58/><V89/><F89/><W26/><G35/><T15/><D130/><U129/><E129/><V119/><F131/><W39/><G76/><T57/><D133/><U94/><E14/><V98/><F98/><W30/><G30/><T34/><D101/><U117/><E117/><V126/><F28/><W27/><G39/><T102/><D77/><U25/><E25/><V99/><F99/><W128/><G128/><T134/><D102/><U109/><E109/><V67/><F78/><W53/><G53/><T118/><D134/><U63/><E63/><N who="2" m="24107" /><F74/><W33/><G61/><T49/><D118/><U22/><E22/><V59/><F132/><W56/><G33/><T54/><D65/><U1/><E1/><V95/><F95/><W50/><G26/><T6/><D48/><U16/><E107/><V45/><F119/><W68/><G50/><T127/><D127/><U125/><E94/><V124/><F59/><W46/><G56/><T36/><D88/><U110/><E125/><N who="2" m="48235" /><F67/><W81/><G46/><T3/><REACH who="0" step="1"/><D34/><REACH who="0" ten="158,317,270,245" step="2"/><U42/><E110/><V9/><F111/><W20/><G66/><T115/><D115/><N who="2" m="44106" /><F9/><W17/><G64/><T41/><D41/><AGARI ba="0,1" hai="41,45,51,70,71" m="44106,48235,24107" machi="41" ten="30,5800,0" yaku="18,1,34,2" doraHai="79" who="2" fromWho="0" sc="158,-58,317,0,270,68,245,0" /><INIT seed="2,1,0,5,2,104" ten="100,317,338,245" oya="2" hai0="21,91,67,130,40,109,108,3,31,43,0,135,112" hai1="133,47,125,10,54,4,101,119,100,27,131,62,89" hai2="128,41,69,77,75,117,1,93,24,44,84,12,81" hai3="132,73,74,64,42,52,107,83,14,17,79,95,113"/><V115/><F117/><W78/><G107/><T26/><D112/><U96/><E119/><V129/><F69/><W38/><G113/><T34/><D130/><N who="2" m="50282" /><F1/><W110/><G110/><T25/><D135/><U13/><E131/><V82/><F115/><W19/><G132/><T90/><D67/><U33/><E133/><V50/><F93/><W8/><G64/><T70/><D21/><U87/><E125/><V2/><F2/><W121/><G121/><T85/><D85/><U97/><E33/><V65/><F65/><W32/><G32/><T76/><D31/><U18/><E27/><V5/><F24/><W88/><G42/><T56/><D34/><U35/><E35/><V28/><F28/><W134/><G38/><T103/><D56/><N who="1" m="35095" /><E47/><V105/><F105/><W72/><G134/><T6/><D76/><U116/><E116/><V23/><F82/><W80/><G52/><T71/><REACH who="0" step="1"/><D103/><REACH who="0" ten="90,317,338,245" step="2"/><U9/><E101/><V63/><F23/><W102/><G102/><T98/><D98/><U68/><E100/><V55/><F84/><W106/><G106/><T30/><D30/><U59/><E97/><V99/><F99/><W37/><G73/><T92/><D92/><N who="1" m="54335" /><E96/><V46/><F75/><W20/><G95/><T118/><D118/><U39/><E68/><V48/><F77/><W58/><G74/><T94/><D94/><U86/><E86/><V111/><F81/><W51/><G78/><T124/><D124/><U57/><E57/><V114/><F114/><W16/><G83/><T122/><D122/><U7/><E59/><V66/><F66/><W49/><G79/><RYUUKYOKU ba="1,1" sc="90,30,317,-10,338,-10,245,-10" hai0="0,3,6,25,26,40,43,70,71,90,91,108,109" /><INIT seed="3,2,1,1,2,74" ten="120,307,328,235" oya="3" hai0="133,2,6,38,28,93,27,112,128,129,46,78,87" hai1="88,24,3,14,130,107,77,111,32,84,57,91,121" hai2="118,99,10,66,43,15,104,72,96,122,51,75,135" hai3="8,22,55,71,103,35,31,127,29,54,12,17,49"/><W30/><G71/><T125/><D93/><U67/><E3/><V79/><F118/><W97/><G35/><T110/><D110/><U50/><E107/><V56/><F135/><W83/><G127/><T13/><D133/><U36/><E121/><V102/><F122/><W117/><G117/><T108/><D125/><U16/><E36/><V11/><F99/><W18/><G83/><T9/><D108/><U70/><E70/><V61/><F79/><W120/><G120/><T90/><D112/><U105/><E105/><V23/><F23/><W48/><G97/><T123/><D123/><U101/><E101/><V59/><F11/><W98/><G98/><T73/><D13/><U25/><E32/><V1/><F1/><W95/><G95/><T86/><D86/><U115/><E130/><V63/><F51/><N who="3" m="19531" /><G103/><T80/><D90/><N who="1" m="34347" /><E115/><V131/><F43/><W58/><G58/><T119/><D87/><U89/><E77/><V37/><F37/><W39/><G39/><T40/><REACH who="0" step="1"/><D119/><REACH who="0" ten="110,307,328,235" step="2"/><U21/><E111/><V5/><F131/><W44/><G44/><T113/><D113/><U53/><E84/><V0/><F0/><W60/><G60/><T64/><D64/><AGARI ba="2,2" hai="5,10,15,56,59,61,63,64,66,72,75,96,102,104" machi="64" ten="30,2000,0" yaku="7,1,9,1" doraHai="74" who="2" fromWho="0" sc="110,-26,307,0,328,46,235,0" owari="84,-41.6,307,10.7,374,47.4,235,-16.5" /></mjloggm>