<mjloggm ver="2.3"><GO type="225" lobby="0"/><UN n0="%E5%AE%AE%E4%BF%9D%E9%B6%8F%E8%82%89" n1="%74%2E%6F%2E%6F%2E%73" n2="%E3%82%B3%E3%83%90%E3%83%AC%E3%82%A4" n3="%47%68%6F%73%74%55%30" dan="16,18,16,17" rate="2129.10,2156.42,2134.51,2157.68" sx="M,M,M,F"/><TAIKYOKU oya="0"/><INIT seed="0,0,0,5,0,52" ten="250,250,250,250" oya="0" hai0="90,42,8,33,135,85,129,44,12,32,27,58,77" hai1="19,34,87,69,59,73,57,14,120,79,118,75,83" hai2="74,53,54,122,11,130,43,111,94,0,36,78,17" hai3="20,123,38,126,10,56,86,82,68,132,3,108,99"/><T28/><D129/><U133/><E118/><V115/><F130/><W98/><G68/><T124/><D124/><U121/><E69/><V15/><F122/><W106/><G126/><T2/><D135/><U95/><E34/><V22/><F115/><W134/><G38/><T104/><D104/><U84/><E133/><N who="3" m="51306" /><G123/><T101/><D101/><U100/><E120/><V112/><F112/><W5/><G106/><T47/><D2/><U41/><E41/><V39/><F39/><W24/><G108/><T117/><D77/><U9/><E121/><V18/><F111/><W116/><G116/><T128/><D32/><U103/><E73/><V89/><F36/><W30/><G56/><N who="1" m="21578" /><E75/><V91/><F74/><W63/><G63/><T67/><D42/><U102/><E84/><V4/><F78/><AGARI ba="0,0" hai="3,5,10,20,24,30,78,82,86,98,99" m="51306" machi="78" ten="30,1000,0" yaku="20,1" doraHai="52" who="3" fromWho="2" sc="250,0,250,0,250,-10,250,10" /><INIT seed="1,0,0,4,3,3" ten="250,250,240,260" oya="1" hai0="112,28,2,46,30,29,16,8,100,68,22,125,71" hai1="84,66,101,64,4,36,132,35,21,79,63,129,90" hai2="6,49,123,52,58,32,14,114,48,45,43,130,124" hai3="92,51,40,55,131,37,54,50,104,126,26,7,80"/><U76/><E35/><V93/><F123/><W11/><G104/><T23/><D112/><U62/><E36/><V18/><F114/><W111/><G111/><T42/><D125/><U89/><E101/><V99/><F124/><W88/><G126/><T96/><D2/><U25/><E129/><V82/><F32/><W86/><G131/><T12/><D71/><U98/><E132/><V31/><F31/><W56/><G26/><T60/><D60/><U72/><E72/><V134/><F130/><W27/><G27/><T118/><D68/><U59/><E98/><V65/><F82/><W116/><G116/><T17/><D17/><U20/><E4/><V74/><F74/><W128/><G128/><T122/><D122/><U38/><E38/><V135/><F65/><W85/><G37/><T19/><D19/><U107/><E107/><V77/><F77/><W39/><G39/><T13/><D118/><U127/><E127/><V0/><F0/><W70/><G70/><T57/><D57/><U61/><E61/><V9/><REACH who="2" step="1"/><F18/><REACH who="2" ten="250,250,230,260" step="2"/><W106/><G80/><T53/><D13/><U115/><E115/><V41/><F41/><W87/><G40/><T73/><D73/><U105/><E76/><V75/><F75/><W97/><G55/><T78/><D78/><U5/><E79/><V102/><AGARI ba="0,1" hai="6,9,14,43,45,48,49,52,58,93,99,102,134,135" machi="102" ten="30,7900,0" yaku="1,1,0,1,52,1,54,1,53,0" doraHai="3" doraHaiUra="121" who="2" fromWho="2" sc="250,-20,250,-39,230,89,260,-20" /><INIT seed="2,0,0,2,0,98" ten="230,211,319,240" oya="2" hai0="100,47,3,85,77,19,132,120,12,52,106,93,44" hai1="83,88,90,105,20,43,28,96,25,17,109,39,73" hai2="33,37,42,40,81,31,48,67,113,130,16,94,107" hai3="121,51,24,41,64,91,7,74,112,50,68,58,13"/><V104/><F113/><W29/><G121/><T54/><D120/><U86/><E109/><V118/><F118/><W1/><G1/><T9/><D132/><U8/><E73/><V57/><F130/><W111/><G111/><T34/><D34/><U129/><E129/><V46/><F33/><W23/><G74/><T133/><D133/><U99/><E105/><V5/><F31/><W108/><G68/><T59/><D106/><U49/><E39/><V4/><F107/><W26/><G112/><T62/><D3/><U76/><E43/><V10/><F104/><W101/><G41/><T82/><D54/><U126/><E126/><V11/><F42/><W116/><G26/><T102/><D93/><U36/><E36/><V22/><F81/><W78/><G78/><T35/><D35/><U66/><E66/><V2/><F94/><W80/><G116/><T63/><D63/><U110/><E49/><V122/><F122/><W131/><G131/><T134/><D134/><U69/><E69/><V72/><F72/><W117/><G117/><T114/><D114/><U56/><E56/><V27/><F37/><W89/><G50/><T128/><D128/><U55/><E55/><V60/><F2/><W61/><G51/><T21/><D9/><AGARI ba="0,0" hai="4,5,9,10,11,16,22,27,40,46,48,57,60,67" machi="9" ten="40,3900,0" yaku="8,1,54,1" doraHai="98" who="2" fromWho="0" sc="230,-39,211,0,319,39,240,0" /><INIT seed="2,1,0,0,1,6" ten="191,211,358,240" oya="2" hai0="22,74,129,98,110,26,67,104,34,37,128,90,123" hai1="111,57,75,91,32,94,29,15,83,21,133,73,127" hai2="50,61,108,116,126,86,35,120,24,71,72,44,121" hai3="40,113,28,65,66,64,105,27,93,19,39,4,38"/><V60/><F72/><W10/><G105/><T58/><D123/><U77/><E111/><V114/><F116/><W101/><G113/><T54/><D110/><U102/><E127/><V43/><F108/><W12/><G40/><T31/><D37/><U23/><E133/><V112/><F35/><W41/><G41/><T42/><D42/><U119/><E119/><V45/><F24/><W131/><G131/><N who="0" m="50251" /><D74/><U18/><E73/><V103/><F86/><W109/><G109/><T8/><D67/><U76/><E76/><V134/><F103/><W59/><G4/><T80/><D104/><U46/><E32/><V25/><F25/><W52/><G93/><N who="0" m="56631" /><D80/><U100/><E46/><V69/><F43/><W99/><G99/><T130/><N who="0" m="50259" /><T0/><DORA hai="2" /><D34/><U89/><E89/><V106/><F106/><W16/><G101/><T51/><D0/><U117/><E117/><V96/><F96/><W135/><G135/><T11/><AGARI ba="1,0" hai="8,11,22,26,31,51,54,58" m="56631,50259" machi="11" ten="40,5200,0" yaku="19,1,52,2" doraHai="6,2" who="0" fromWho="0" sc="191,55,211,-14,358,-27,240,-14" /><INIT seed="3,0,0,4,3,135" ten="246,197,331,226" oya="3" hai0="89,65,80,10,28,112,99,13,56,73,1,17,32" hai1="122,84,34,94,132,125,54,110,120,102,51,133,114" hai2="87,115,33,74,14,4,111,79,90,97,60,59,42" hai3="76,118,67,16,107,15,106,45,103,37,40,100,81"/><W20/><G118/><T36/><D36/><U52/><E114/><V2/><F33/><W38/><G38/><T30/><D1/><U108/><E34/><V41/><F2/><W119/><G119/><T8/><D73/><U49/><E84/><V22/><F74/><W25/><G67/><T27/><D112/><U126/><E94/><V117/><F115/><W5/><G106/><T116/><D116/><U58/><E102/><V72/><F72/><W71/><G71/><T43/><D43/><U55/><E55/><V9/><F117/><W113/><G113/><T130/><D30/><U23/><E23/><V46/><F46/><W64/><G64/><T83/><D8/><U123/><E123/><V68/><F68/><W96/><G103/><T31/><D31/><U7/><E7/><V86/><F22/><W98/><G98/><T69/><D69/><U63/><E58/><V57/><F59/><W61/><G5/><T35/><D35/><U12/><E12/><V92/><F111/><W78/><G15/><T50/><D130/><U62/><AGARI ba="0,0" hai="49,51,52,54,62,63,108,110,120,122,125,126,132,133" machi="62" ten="25,16000,3" yaku="0,1,22,2,34,3,52,2,54,1" doraHai="135" who="1" fromWho="1" sc="246,-40,197,160,331,-40,226,-80" owari="206,-19.4,357,45.7,291,9.1,146,-35.4" /></mjloggm>