<mjloggm ver="2.3"><GO type="225" lobby="0"/><UN n0="%E4%BE%BF%E6%89%80" n1="%E3%81%A8%E3%82%93%E3%81%A8%E3%81%93%E3%81%A8%E3%82%93" n2="%4C%4F%4C%49%54%41" n3="%E7%89%B9%E6%9D%B1%E3%81%AF%E4%B8%96%E7%95%8C%E3%82%92%E6%95%91%E3%81%86" dan="16,16,16,16" rate="2030.68,2108.60,2173.85,2148.83" sx="M,M,F,M"/><TAIKYOKU oya="0"/><INIT seed="0,0,0,1,3,29" ten="250,250,250,250" oya="0" hai0="39,101,61,133,120,26,37,20,66,5,69,3,0" hai1="70,4,84,43,16,2,86,51,19,127,109,62,114" hai2="44,32,106,49,113,97,79,89,27,55,40,60,110" hai3="108,90,68,92,7,63,71,54,47,11,57,77,75"/><T87/><D120/><U119/><E119/><V135/><F113/><W46/><G108/><T102/><D133/><U107/><E107/><V117/><F110/><W36/><G77/><T121/><D121/><U59/><E70/><V9/><F135/><W115/><G75/><T118/><D118/><U78/><E127/><V122/><F117/><W52/><G115/><T17/><D87/><U56/><E109/><V31/><F122/><W104/><G104/><T91/><D91/><U6/><E114/><V34/><F79/><W112/><G112/><T100/><REACH who="0" step="1"/><D5/><REACH who="0" ten="240,250,250,250" step="2"/><U85/><E78/><V38/><F89/><W41/><G7/><N who="1" m="2602" /><E2/><AGARI ba="0,1" hai="0,2,3,17,20,26,37,39,61,66,69,100,101,102" machi="2" ten="40,3900,0" yaku="1,1,53,1" doraHai="29" doraHaiUra="21" who="0" fromWho="1" sc="240,49,250,-39,250,0,250,0" /><INIT seed="0,1,0,1,4,60" ten="289,211,250,250" oya="0" hai0="118,81,11,65,90,48,79,70,16,38,84,44,52" hai1="108,104,98,34,57,122,101,64,124,33,31,94,23" hai2="49,43,63,15,53,126,89,66,112,111,72,68,22" hai3="76,113,134,86,69,125,129,73,39,80,62,46,103"/><T27/><D118/><U2/><E122/><V114/><F72/><W78/><G113/><T47/><D79/><U0/><E108/><V96/><F111/><W13/><G103/><T30/><D30/><U10/><E124/><V100/><F126/><W92/><G125/><T14/><D27/><N who="1" m="16895" /><E104/><V19/><F89/><W128/><G134/><T5/><D5/><N who="1" m="1319" /><E2/><V119/><F43/><N who="3" m="22911" /><G13/><T110/><D110/><U37/><E37/><V35/><F35/><W4/><G4/><T21/><D21/><U71/><E71/><V58/><REACH who="2" step="1"/><F119/><REACH who="2" ten="289,211,240,250" step="2"/><W116/><G116/><T12/><D38/><U9/><E9/><V131/><F131/><W20/><G128/><T133/><D133/><U99/><E98/><V25/><F25/><W102/><G129/><T26/><D26/><U130/><E130/><V87/><F87/><W7/><G86/><T107/><D84/><U45/><E45/><V41/><F41/><W75/><G75/><T88/><D44/><U105/><E105/><AGARI ba="1,1" hai="15,19,22,49,53,58,63,66,68,96,100,105,112,114" machi="105" ten="30,3900,0" yaku="1,1,7,1,52,1,53,0" doraHai="60" doraHaiUra="36" who="2" fromWho="1" sc="289,0,211,-42,240,52,250,0" /><INIT seed="1,0,0,3,5,67" ten="289,169,292,250" oya="1" hai0="66,6,8,90,86,18,28,2,42,25,4,27,105" hai1="96,60,72,55,70,0,32,31,79,104,100,101,134" hai2="13,52,3,106,45,30,107,118,69,77,35,119,34" hai3="99,58,121,46,85,9,108,82,59,110,19,23,21"/><U113/><E113/><V68/><F3/><W20/><G121/><T116/><D116/><U71/><E134/><V84/><F77/><W24/><G99/><T129/><D105/><N who="1" m="63623" /><E55/><V89/><F13/><N who="3" m="7599" /><G46/><T91/><D129/><U80/><E60/><V132/><F132/><W125/><G125/><T41/><D66/><U127/><E127/><V22/><F22/><N who="3" m="8811" /><G110/><T123/><D123/><U65/><E65/><V61/><F45/><W48/><G48/><T37/><D37/><U29/><E29/><V11/><F84/><W50/><G50/><T49/><D6/><U75/><E0/><V122/><F122/><W33/><G33/><T93/><D18/><U78/><E101/><V76/><F61/><W115/><G115/><T14/><D2/><U120/><E104/><V102/><F102/><W54/><G54/><T38/><D38/><U94/><E94/><V53/><F30/><N who="3" m="17695" /><G108/><T83/><D49/><U117/><E120/><V92/><F92/><W130/><G130/><T40/><D28/><U98/><E98/><AGARI ba="0,0" hai="4,8,14,25,27,40,41,42,83,86,90,91,93,98" machi="98" ten="40,1300,0" yaku="8,1" doraHai="67" who="0" fromWho="1" sc="289,13,169,-13,292,0,250,0" /><INIT seed="2,0,0,3,0,88" ten="302,156,292,250" oya="2" hai0="39,119,46,132,61,73,127,37,71,64,29,123,15" hai1="80,6,87,130,101,116,50,82,76,36,105,109,135" hai2="117,18,106,12,66,120,16,69,111,85,110,89,133" hai3="62,54,94,48,67,21,68,100,84,26,95,96,125"/><V75/><F117/><W103/><G125/><T118/><D73/><U114/><E36/><N who="0" m="13897" /><D29/><U53/><E116/><N who="0" m="44585" /><D15/><U47/><E114/><V40/><F120/><W17/><G84/><T107/><D107/><U23/><E109/><N who="2" m="41483" /><F75/><W43/><G43/><T27/><D27/><U79/><E130/><V126/><F106/><W0/><G0/><T112/><D123/><U35/><E35/><V2/><F2/><W45/><REACH who="3" step="1"/><G103/><REACH who="3" ten="302,156,292,240" step="2"/><T78/><D112/><U30/><E135/><V113/><F113/><W24/><G24/><T86/><D127/><U34/><E101/><V42/><F126/><W55/><G55/><T4/><D132/><U92/><E105/><AGARI ba="0,1" hai="17,21,26,45,48,54,62,67,68,94,95,96,100,105" machi="105" ten="30,7700,0" yaku="1,1,7,1,52,2,53,0" doraHai="88" doraHaiUra="104" who="3" fromWho="1" sc="302,0,156,-77,292,0,240,87" /><INIT seed="3,0,0,4,0,77" ten="302,79,292,327" oya="3" hai0="1,111,56,126,42,13,85,131,20,123,12,69,89" hai1="25,47,120,34,30,79,86,58,106,71,81,19,72" hai2="44,57,119,98,3,117,97,84,38,125,132,52,54" hai3="51,87,22,73,9,101,115,74,109,0,8,55,16"/><W26/><G115/><T23/><D123/><U11/><E120/><V24/><F3/><W70/><G70/><T59/><D69/><U15/><E71/><V129/><F129/><W61/><G61/><T135/><D1/><U40/><E106/><V43/><F125/><W36/><G36/><T122/><D122/><U49/><E58/><N who="0" m="22057" /><D126/><U100/><E100/><V48/><F132/><W18/><G101/><T127/><D127/><U62/><REACH who="1" step="1"/><E62/><REACH who="1" ten="302,69,292,327" step="2"/><V68/><F68/><W37/><G37/><T65/><BYE who="3" /><D135/><U75/><AGARI ba="0,1" hai="11,15,19,25,30,34,40,47,49,72,75,79,81,86" machi="75" ten="30,7900,0" yaku="1,1,2,1,0,1,52,1,53,0" doraHai="77" doraHaiUra="66" who="1" fromWho="1" sc="302,-20,69,89,292,-20,327,-39" /><INIT seed="4,0,0,0,2,9" ten="282,158,272,288" oya="0" hai0="66,109,8,56,74,107,63,130,108,96,68,89,35" hai1="31,132,72,85,118,27,44,0,20,99,82,78,115" hai2="65,12,104,105,23,55,28,42,81,83,106,59,103" hai3="41,26,112,125,2,64,50,11,6,128,79,48,15"/><T51/><D74/><U84/><E118/><V52/><F103/><W14/><G14/><T113/><D35/><U61/><E132/><V126/><F42/><W60/><G60/><T29/><D29/><U37/><E0/><V80/><F126/><W24/><G24/><T75/><D75/><U131/><E131/><V36/><F36/><W25/><G25/><T127/><D127/><U134/><E134/><V30/><F65/><UN n3="%E7%89%B9%E6%9D%B1%E3%81%AF%E4%B8%96%E7%95%8C%E3%82%92%E6%95%91%E3%81%86" /><W17/><G125/><T39/><D130/><U16/><E115/><V4/><F55/><W97/><G64/><T124/><D124/><U73/><E61/><V40/><F40/><W19/><G79/><T120/><D120/><U22/><E99/><V67/><F67/><W3/><G112/><T119/><D113/><U38/><E72/><V21/><F21/><N who="3" m="13631" /><G50/><T86/><D39/><U122/><E122/><V10/><REACH who="2" step="1"/><F23/><REACH who="2" ten="282,158,262,288" step="2"/><W5/><G41/><T91/><D66/><U129/><E129/><V33/><F33/><W54/><G54/><T13/><D109/><U93/><E37/><V123/><F123/><W18/><G128/><T76/><D108/><U49/><E38/><V47/><F47/><W34/><G34/><T95/><D119/><U116/><E116/><V121/><F121/><W43/><G43/><T70/><D70/><U101/><E101/><V69/><F69/><W94/><G48/><AGARI ba="0,1" hai="4,10,12,28,30,48,52,59,80,81,83,104,105,106" machi="48" ten="50,8000,1" yaku="1,1,52,1,54,1,53,1" doraHai="9" doraHaiUra="53" who="2" fromWho="3" sc="282,0,158,0,262,90,288,-80" owari="282,8.2,158,-34.2,352,45.2,208,-19.2" /></mjloggm>