<mjloggm ver="2.3"><GO type="225" lobby="0"/><UN n0="%E3%81%B2%E3%81%AA%E3%81%AE%E3%82%8A%E3%81%8F" n1="%E3%82%A2%E3%83%A1%E3%82%A2%E3%83%A9%E3%83%AC" n2="%70%6E%64%73%6E%67" n3="%E5%8D%A0%E3%81%84%E5%B8%AB%E8%A3%8F%E3%81%AA%E3%81%84%E3%81%97" dan="17,16,16,17" rate="2162.81,2113.84,2123.44,2148.62" sx="M,M,M,M"/><TAIKYOKU oya="0"/><INIT seed="0,0,0,5,0,54" ten="250,250,250,250" oya="0" hai0="24,64,42,79,13,113,81,80,71,88,58,82,105" hai1="57,126,28,6,30,70,39,15,114,84,1,100,108" hai2="119,111,120,118,14,78,122,106,134,128,125,90,68" hai3="53,129,25,27,10,103,104,35,37,38,18,55,36"/><T51/><D113/><U11/><E108/><V117/><F68/><W33/><G129/><T2/><D2/><U56/><E70/><V115/><F14/><W83/><G83/><T49/><D105/><U5/><E114/><V22/><F22/><W97/><G10/><T47/><D71/><U40/><E126/><V32/><F32/><W45/><G45/><N who="0" m="25783" /><D79/><U73/><E73/><V127/><F106/><W60/><G18/><T50/><D24/><U123/><E123/><N who="2" m="47147" /><F115/><W46/><G46/><T44/><D44/><U116/><E116/><V99/><F78/><W72/><G72/><T91/><D13/><U93/><E40/><V96/><F128/><W59/><REACH who="3" step="1"/><G55/><REACH who="3" ten="250,250,250,240" step="2"/><N who="0" m="32127" /><D64/><U98/><E39/><V12/><F111/><W9/><G9/><T76/><D76/><U94/><E5/><V132/><F12/><W16/><G16/><T110/><D110/><U107/><E1/><V26/><F26/><AGARI ba="0,1" hai="25,26,27,33,35,36,37,38,53,59,60,97,103,104" machi="26" ten="40,2600,0" yaku="1,1,52,1,53,0" doraHai="54" doraHaiUra="34" who="3" fromWho="2" sc="250,0,250,0,250,-26,240,36" /><INIT seed="1,0,0,4,4,24" ten="250,250,224,276" oya="1" hai0="62,92,77,45,36,43,25,109,64,9,21,28,78" hai1="95,58,133,111,94,6,72,17,98,27,106,47,0" hai2="42,33,119,129,23,108,121,57,107,67,89,26,73" hai3="39,112,110,30,37,32,117,53,18,49,82,120,124"/><U20/><E133/><V22/><F119/><W132/><G120/><T41/><D109/><U14/><E72/><V127/><F121/><W50/><G112/><T96/><D43/><U97/><E111/><V35/><F108/><W59/><G110/><T40/><D40/><U81/><E0/><V134/><F107/><W48/><G124/><T3/><D9/><N who="1" m="4407" /><E106/><V76/><F42/><W122/><G122/><T12/><D12/><U63/><E47/><V87/><F73/><W46/><G132/><T38/><D3/><U116/><E81/><V80/><F134/><W100/><G100/><T8/><D8/><U125/><E125/><V115/><F115/><W126/><G126/><T88/><REACH who="0" step="1"/><D38/><REACH who="0" ten="240,250,224,276" step="2"/><U11/><E11/><V4/><F127/><W128/><G37/><T1/><D1/><U90/><E116/><V15/><F15/><W123/><G39/><T131/><D131/><U68/><E68/><AGARI ba="0,1" hai="21,25,28,36,41,45,62,64,68,77,78,88,92,96" machi="68" ten="30,7700,0" yaku="1,1,7,1,52,1,54,1,53,0" doraHai="24" doraHaiUra="34" who="0" fromWho="1" sc="240,87,250,-77,224,0,276,0" /><INIT seed="2,0,0,1,1,29" ten="327,173,224,276" oya="2" hai0="128,120,87,23,103,68,105,34,65,131,94,117,71" hai1="53,70,74,6,59,32,14,64,47,26,110,97,46" hai2="84,66,5,62,114,9,124,8,134,25,122,52,133" hai3="55,43,24,50,88,39,115,16,135,106,78,60,95"/><V107/><F122/><W56/><G106/><T127/><D120/><U1/><E110/><V35/><F114/><W57/><G115/><T10/><D34/><U86/><E74/><V109/><F107/><W31/><G135/><N who="2" m="51721" /><F124/><W75/><G39/><T126/><D105/><U73/><E73/><V11/><F109/><W28/><G78/><T63/><D71/><U4/><E1/><N who="2" m="47" /><F84/><W100/><G100/><T98/><D117/><U92/><E86/><V99/><F99/><N who="3" m="57831" /><G75/><T45/><D45/><U111/><E47/><V80/><F80/><W20/><G43/><T79/><D79/><U82/><E82/><V37/><F37/><W112/><G112/><T21/><D87/><U7/><E46/><V12/><F12/><W81/><G81/><T132/><D132/><U38/><E38/><V72/><F52/><AGARI ba="0,0" hai="16,20,24,28,31,50,52,55,56,57,60" m="57831" machi="52" ten="30,8000,1" yaku="25,1,8,1,54,3" doraHai="29" who="3" fromWho="2" sc="327,0,173,0,224,-80,276,80" /><INIT seed="3,0,0,1,3,43" ten="327,173,144,356" oya="3" hai0="61,60,9,123,44,125,87,91,53,2,42,19,104" hai1="4,38,75,62,86,106,56,97,76,70,40,85,118" hai2="71,65,115,100,66,17,51,98,47,48,21,88,63" hai3="59,58,117,134,22,16,111,107,64,0,114,79,29"/><W31/><G114/><T46/><D123/><U7/><E70/><V37/><F115/><W80/><G117/><T110/><D104/><U23/><E75/><V108/><F108/><W74/><G0/><T11/><D110/><U26/><E118/><V77/><F66/><W84/><G107/><T124/><D19/><N who="1" m="12671" /><E38/><V112/><F112/><W20/><G134/><T68/><D68/><U133/><E106/><V1/><F1/><W94/><G22/><T67/><D67/><N who="1" m="39367" /><E76/><V130/><F130/><W41/><G111/><T34/><D34/><U5/><E133/><V57/><F77/><W78/><G41/><T54/><D42/><U55/><E40/><V13/><F71/><W15/><G78/><T89/><D87/><N who="1" m="33291" /><E55/><V99/><F37/><W113/><G113/><T8/><D8/><U69/><E69/><V36/><F36/><W81/><G81/><T121/><D2/><U92/><E5/><V27/><F27/><W119/><G119/><T83/><D121/><U109/><E109/><V45/><F100/><AGARI ba="0,0" hai="4,7,92,97,100" m="33291,39367,12671" machi="100" ten="30,1000,0" yaku="8,1" doraHai="43" who="1" fromWho="2" sc="327,0,173,10,144,-10,356,0" owari="327,12.7,183,-21.7,134,-36.6,356,45.6" /></mjloggm>