<mjloggm ver="2.3"><GO type="225" lobby="0"/><UN n0="%6B%79%6F%6E%6B%6F%31%31" n1="%E6%98%BC%E4%B8%8B%E3%81%8C%E3%82%8A%E3%81%AE%E5%9B%A3%E5%9C%B0%E5%A6%BB" n2="%72%65%6E%6B%75%6E" n3="%E3%82%A2%E3%83%A1%E3%82%A2%E3%83%A9%E3%83%AC" dan="17,16,17,16" rate="2158.08,2141.04,2257.19,2114.01" sx="M,F,M,M"/><TAIKYOKU oya="0"/><INIT seed="0,0,0,5,2,117" ten="250,250,250,250" oya="0" hai0="27,127,33,5,103,49,45,50,72,60,61,48,44" hai1="113,70,55,2,82,124,53,62,130,93,92,3,17" hai2="52,98,73,91,25,7,42,99,66,97,74,125,80" hai3="22,34,43,71,109,23,9,104,128,106,133,79,75"/><T101/><D72/><U88/><E130/><V35/><F125/><W110/><G34/><T89/><D127/><U114/><E124/><V14/><F42/><W95/><G71/><T58/><D33/><U94/><E17/><V40/><F40/><W15/><G43/><T112/><D112/><N who="1" m="43115" /><E70/><V131/><F66/><W21/><G128/><T1/><D1/><N who="1" m="11" /><E62/><N who="0" m="24169" /><D5/><U11/><E11/><V8/><F131/><W16/><G133/><T0/><D0/><U46/><E46/><N who="0" m="18025" /><D27/><U121/><E121/><V51/><F25/><W28/><G28/><T83/><D58/><U59/><E59/><V57/><REACH who="2" step="1"/><F35/><REACH who="2" ten="250,250,240,250" step="2"/><W4/><G109/><T68/><D68/><U78/><E53/><V63/><F63/><W18/><G110/><T30/><D30/><U56/><E55/><V20/><F20/><W105/><REACH who="3" step="1"/><G95/><REACH who="3" ten="250,250,240,240" step="2"/><T84/><AGARI ba="0,2" hai="48,49,50,83,84,89,101,103" m="18025,24169" machi="84" ten="40,2100,0" yaku="8,1" doraHai="117" who="0" fromWho="0" sc="250,41,250,-7,240,-7,240,-7" /><INIT seed="0,1,0,4,0,126" ten="291,243,233,233" oya="0" hai0="128,118,2,80,57,82,117,16,4,76,68,65,125" hai1="85,34,33,47,74,44,134,77,58,88,27,70,103" hai2="1,0,11,114,21,6,43,25,94,71,10,62,42" hai3="116,23,89,56,135,37,60,119,48,17,111,55,38"/><T121/><D121/><U15/><E70/><V108/><F114/><W112/><G112/><T79/><D68/><U78/><E134/><V63/><F108/><W122/><G111/><T113/><D113/><U66/><E103/><V28/><F94/><W115/><G115/><T100/><D4/><U29/><E34/><V51/><F51/><W46/><G135/><T91/><D2/><U3/><E3/><V64/><F63/><W13/><G122/><T102/><D57/><U106/><E106/><V101/><F101/><W93/><G116/><T9/><D65/><U107/><E107/><V92/><F92/><W7/><G7/><AGARI ba="1,0" hai="0,1,6,7,10,11,21,25,28,42,43,62,64,71" machi="7" ten="40,1300,0" yaku="9,1" doraHai="126" who="2" fromWho="3" sc="291,0,243,0,233,16,233,-16" /><INIT seed="1,0,0,2,5,41" ten="291,243,249,217" oya="1" hai0="57,83,84,114,50,99,1,116,51,26,20,72,118" hai1="109,64,117,3,135,70,55,76,61,45,60,87,8" hai2="32,112,122,36,111,90,11,94,107,0,49,97,91" hai3="21,101,13,14,28,62,46,98,9,131,53,80,95"/><U113/><E113/><V31/><F36/><W132/><G132/><T102/><D1/><U27/><E117/><V47/><F122/><W88/><G131/><T39/><D39/><U10/><E135/><V7/><F112/><W74/><G74/><T16/><D72/><U69/><E109/><V5/><F111/><W93/><G80/><T106/><D114/><U54/><E27/><V38/><F38/><W65/><G9/><T134/><D134/><U6/><E8/><V85/><F5/><W68/><G21/><T78/><D51/><U19/><E19/><V42/><F107/><W73/><G28/><T125/><D125/><U81/><REACH who="1" step="1"/><E45/><REACH who="1" ten="291,233,249,217" step="2"/><V23/><F31/><W129/><G129/><T133/><D133/><U18/><E18/><V96/><F32/><W127/><G127/><T56/><D118/><U59/><E59/><V2/><F23/><W22/><G22/><T67/><D116/><U48/><E48/><V75/><F49/><N who="3" m="28855" /><G68/><T43/><D57/><U86/><E86/><V110/><F47/><W130/><G130/><T123/><D123/><U35/><E35/><V52/><F11/><W121/><G121/><T17/><D43/><U30/><E30/><V40/><F40/><W126/><G126/><T4/><D50/><U104/><E104/><V77/><F42/><W63/><G73/><T92/><D106/><U128/><E128/><V79/><F75/><W120/><G120/><T89/><D17/><U12/><E12/><V115/><F110/><W119/><G119/><T29/><D29/><U66/><AGARI ba="0,1" hai="3,6,10,54,55,60,61,64,66,69,70,76,81,87" machi="66" ten="30,11700,0" yaku="1,1,0,1,9,1,53,1" doraHai="41" doraHaiUra="82" who="1" fromWho="1" sc="291,-39,233,127,249,-39,217,-39" /><INIT seed="1,1,0,5,2,46" ten="252,360,210,178" oya="1" hai0="91,20,26,22,83,75,87,8,56,134,50,113,18" hai1="5,38,130,14,100,124,112,76,90,111,30,55,85" hai2="109,70,33,106,65,128,40,96,79,53,15,12,13" hai3="54,34,9,92,122,43,115,73,133,28,102,81,61"/><U135/><E112/><V49/><F33/><W89/><G122/><T103/><D113/><U129/><E38/><V119/><F119/><W104/><G115/><T66/><D134/><U44/><E76/><V2/><F2/><W45/><G133/><T114/><D114/><U6/><E100/><V127/><F109/><W71/><G9/><T64/><D75/><U37/><E135/><V42/><F127/><W3/><G3/><T68/><D68/><U118/><E118/><V35/><F35/><W60/><G54/><N who="0" m="31831" /><D103/><U110/><E30/><V58/><F128/><N who="1" m="49257" /><E124/><V25/><F25/><W24/><G81/><T67/><D20/><U1/><E1/><V131/><F79/><W16/><G73/><T97/><D97/><U94/><E37/><V48/><F131/><W51/><G71/><T69/><D69/><U108/><E14/><V125/><F125/><W23/><G102/><T105/><D105/><U120/><E120/><V95/><F106/><W32/><G104/><T57/><D8/><U63/><E63/><AGARI ba="1,0" hai="18,22,26,57,63,64,66,67,83,87,91" m="31831" machi="63" ten="30,2000,0" yaku="8,1,52,1" doraHai="46" who="0" fromWho="1" sc="252,23,360,-23,210,0,178,0" /><INIT seed="2,0,0,0,4,51" ten="275,337,210,178" oya="2" hai0="78,2,71,4,62,101,48,76,83,82,127,19,28" hai1="124,75,99,111,130,70,56,133,88,114,97,81,6" hai2="129,91,22,17,65,18,98,36,15,10,32,110,46" hai3="84,128,1,95,45,116,92,43,37,7,126,107,44"/><V86/><F32/><W67/><G116/><T68/><D28/><U35/><E70/><V20/><F129/><W25/><G107/><T52/><D101/><U119/><E119/><V109/><F65/><W11/><G128/><T73/><D62/><U3/><E35/><V5/><F98/><W38/><G126/><T122/><D122/><U40/><E114/><V121/><F121/><W134/><G134/><T60/><D60/><U104/><E133/><V29/><F29/><W112/><G112/><T47/><D127/><U9/><E40/><V30/><F30/><W118/><G118/><T66/><D66/><U63/><E130/><V61/><F61/><W77/><G67/><T113/><D113/><U135/><E135/><V72/><F72/><W103/><G25/><T100/><D100/><U23/><E104/><V39/><F20/><W96/><G44/><T54/><D54/><U90/><E124/><V53/><F17/><W13/><G1/><T64/><D64/><U131/><E131/><V106/><F106/><W14/><G14/><T41/><D41/><U33/><E33/><V21/><F21/><W87/><G87/><T117/><D19/><U93/><E63/><V58/><F46/><W74/><G74/><T132/><D132/><U42/><E75/><V26/><F39/><N who="3" m="21759" /><G77/><T0/><D117/><U115/><E115/><V49/><REACH who="2" step="1"/><F36/><REACH who="2" ten="275,337,200,178" step="2"/><W89/><G38/><T59/><D47/><U120/><E56/><V102/><F102/><W31/><G37/><T108/><D73/><U16/><E16/><V34/><F34/><W50/><G31/><T12/><D71/><RYUUKYOKU ba="0,1" sc="275,-15,337,-15,200,15,178,15" hai2="5,10,15,18,22,26,49,53,58,86,91,109,110" hai3="7,11,13,50,84,89,92,95,96,103" /><INIT seed="2,1,1,4,1,88" ten="260,322,215,193" oya="2" hai0="102,43,46,1,131,124,10,134,94,69,95,109,7" hai1="40,90,133,16,112,8,71,56,14,110,117,79,31" hai2="111,101,130,66,64,68,60,107,132,49,26,48,18" hai3="30,135,23,126,2,53,106,0,34,75,42,127,9"/><V6/><F66/><W25/><G75/><T47/><D69/><U32/><E71/><V121/><F121/><W84/><G106/><T104/><D109/><U35/><E112/><V128/><F111/><W37/><G42/><T57/><D124/><N who="3" m="47657" /><G37/><T62/><D131/><N who="2" m="50218" /><F132/><W59/><G84/><T5/><D134/><U11/><E110/><V125/><F125/><W20/><G135/><T76/><D5/><U28/><E117/><V54/><F6/><N who="3" m="1223" /><G2/><T15/><D1/><U74/><E133/><V119/><F119/><W80/><G80/><T99/><D76/><U77/><E40/><V85/><F85/><W73/><G73/><T93/><REACH who="0" step="1"/><D43/><REACH who="0" ten="250,322,215,193" step="2"/><U67/><E77/><V118/><F118/><W91/><G91/><T12/><D12/><U113/><E90/><V81/><F81/><W51/><AGARI ba="1,2" hai="20,23,25,30,34,51,53,59" m="1223,47657" machi="51" ten="30,1100,0" yaku="18,1" doraHai="88" who="3" fromWho="3" sc="250,-4,322,-4,215,-6,193,34" /><INIT seed="3,0,0,3,4,120" ten="246,318,209,227" oya="3" hai0="112,51,86,126,72,97,39,31,127,124,48,53,106" hai1="87,131,33,49,119,59,104,9,7,69,42,83,66" hai2="5,40,4,34,10,102,32,111,116,67,11,125,88" hai3="41,25,89,121,135,70,22,129,3,103,65,55,99"/><W60/><G121/><T43/><D72/><U93/><E104/><V68/><F102/><W63/><G135/><T85/><D39/><U38/><E33/><N who="2" m="12907" /><F40/><W118/><G118/><T96/><D31/><U122/><E122/><V114/><F116/><W64/><G129/><T50/><D43/><U36/><E131/><V91/><F67/><W92/><G3/><T1/><D1/><U107/><E107/><V58/><F58/><W0/><G0/><T117/><D117/><U98/><E119/><V57/><F57/><W15/><G15/><T134/><D134/><U113/><E113/><V109/><F114/><W130/><G130/><T26/><D26/><U8/><E36/><V101/><F101/><W14/><G14/><T23/><D23/><U90/><E7/><N who="2" m="2635" /><F68/><W79/><G41/><T56/><D112/><U81/><E81/><V100/><F100/><W27/><G79/><T115/><D115/><U44/><E69/><V46/><F46/><W29/><G55/><T61/><D106/><U12/><E66/><V105/><F105/><W132/><G132/><T13/><D13/><U133/><E133/><V54/><F54/><W47/><G27/><T95/><D95/><U18/><E38/><V110/><F125/><W45/><G89/><AGARI ba="0,0" hai="10,11,88,89,91,109,110,111" m="2635,12907" machi="89" ten="40,12000,2" yaku="28,2,14,1,52,3,54,1" doraHai="120" who="2" fromWho="3" sc="246,0,318,0,209,120,227,-120" owari="246,-15.4,318,11.8,329,42.9,107,-39.3" /></mjloggm>