<mjloggm ver="2.3"><GO type="225" lobby="0"/><UN n0="%43%68%65" n1="%47%48%4F%53%54" n2="%72%61%6B%33" n3="%48%61%61%61%6C%61%6E%64" dan="16,17,17,17" rate="2146.96,2225.95,2303.28,2231.36" sx="M,M,M,M"/><TAIKYOKU oya="0"/><INIT seed="0,0,0,2,1,87" ten="250,250,250,250" oya="0" hai0="99,112,60,9,89,34,54,62,72,103,108,33,2" hai1="70,50,71,48,13,43,129,104,8,114,100,51,21" hai2="6,120,118,66,45,58,46,124,106,10,55,123,56" hai3="132,53,93,40,36,75,90,98,109,110,14,81,31"/><T111/><D112/><U102/><E129/><V121/><F106/><W97/><G132/><T26/><D72/><U18/><E114/><V85/><F124/><W11/><G31/><T30/><D34/><U77/><E43/><V65/><F118/><W76/><G53/><T131/><D131/><U91/><E77/><V130/><F130/><W0/><G98/><T96/><D96/><U38/><E38/><V101/><F101/><W88/><G90/><T39/><D39/><U28/><E104/><V127/><F85/><W35/><G35/><T126/><D126/><U29/><E71/><V92/><F92/><W47/><REACH who="3" step="1"/><G0/><REACH who="3" ten="250,250,250,240" step="2"/><T4/><D54/><U22/><E29/><V83/><F127/><W135/><G135/><T23/><D33/><U133/><E133/><V19/><F55/><W5/><AGARI ba="0,1" hai="5,11,14,36,40,47,75,76,81,88,93,97,109,110" machi="5" ten="30,8000,1" yaku="1,1,0,1,52,1,54,1,53,1" doraHai="87" doraHaiUra="95" who="3" fromWho="3" sc="250,-40,250,-20,250,-20,240,90" /><INIT seed="1,0,0,0,1,21" ten="210,230,230,330" oya="1" hai0="70,129,133,108,94,5,29,60,11,89,68,35,91" hai1="1,103,112,46,97,33,6,105,74,128,13,8,116" hai2="26,27,124,102,63,115,84,56,111,120,58,45,132" hai3="62,88,92,121,96,127,107,25,2,57,81,48,64"/><U130/><E112/><V3/><F120/><W54/><G121/><T95/><D108/><U69/><E116/><V76/><F3/><W72/><G2/><T100/><D133/><U106/><E74/><V22/><F111/><W71/><G127/><T53/><D129/><N who="1" m="49771" /><E69/><V135/><F124/><W119/><G119/><T18/><D18/><U59/><E33/><V79/><F102/><W37/><G37/><T41/><D41/><U73/><E73/><V20/><F84/><W7/><G7/><T16/><D100/><U61/><E46/><V110/><F110/><W36/><G36/><T104/><D104/><N who="1" m="63599" /><E1/><V87/><F87/><W113/><G113/><T131/><D70/><U14/><E14/><V80/><F45/><W49/><G107/><T40/><D68/><U12/><E12/><V44/><F44/><W83/><G72/><T126/><D126/><U47/><E47/><V86/><F115/><W109/><G109/><T114/><D40/><U66/><AGARI ba="0,0" hai="6,8,13,59,61,66,105,106" m="63599,49771" machi="66" ten="30,1500,0" yaku="19,1" doraHai="21" who="1" fromWho="1" sc="210,-5,230,15,230,-5,330,-5" /><INIT seed="1,1,0,4,0,40" ten="205,245,225,325" oya="1" hai0="53,123,79,105,12,27,38,51,62,28,69,54,130" hai1="128,113,95,41,66,103,94,129,107,68,47,56,134" hai2="83,42,37,110,99,21,77,34,61,75,73,22,4" hai3="81,97,76,63,88,120,85,115,131,98,125,29,35"/><U67/><E113/><V39/><F110/><W114/><G120/><T102/><D38/><U2/><E2/><V106/><F34/><W121/><G121/><T87/><D123/><U14/><E134/><V132/><F132/><W116/><G125/><T0/><D0/><U11/><E68/><V82/><F61/><W48/><G131/><N who="1" m="50250" /><E107/><V104/><F42/><W25/><G116/><T111/><D111/><U57/><E57/><V58/><F58/><W13/><G63/><T5/><D130/><U112/><E112/><V135/><F135/><W80/><G114/><T16/><D5/><N who="1" m="3439" /><E56/><V3/><F3/><W64/><G115/><T60/><D69/><U127/><E127/><V119/><F4/><W93/><G13/><T101/><D105/><U78/><E78/><V8/><F77/><W17/><G76/><T50/><D62/><U118/><E118/><V71/><F71/><W46/><G98/><T1/><D1/><U15/><E15/><V55/><F99/><W32/><G97/><T70/><D60/><U30/><E30/><V124/><F119/><W19/><G29/><T59/><D70/><U26/><E26/><V86/><F124/><W33/><G25/><T9/><D27/><U45/><E103/><V89/><F106/><W108/><G108/><T72/><D28/><U10/><E10/><V91/><F104/><W96/><G17/><T90/><D79/><U100/><E100/><V109/><F109/><W49/><G19/><T122/><D122/><U31/><E31/><V36/><F8/><W20/><G33/><T117/><D117/><U7/><E7/><RYUUKYOKU ba="1,0" sc="205,0,245,0,225,0,325,0" /><INIT seed="2,2,0,1,5,48" ten="205,245,225,325" oya="2" hai0="62,71,44,80,51,95,46,128,14,79,32,97,24" hai1="36,10,39,77,121,96,72,64,12,34,3,116,73" hai2="85,67,41,60,61,9,6,89,114,18,98,122,1" hai3="16,131,43,47,83,70,132,84,133,108,113,31,82"/><V20/><F114/><W94/><G113/><T106/><D106/><U86/><E116/><V11/><F122/><W90/><G108/><T117/><D117/><U8/><E34/><V129/><F129/><W125/><G131/><T19/><D128/><U0/><E64/><V55/><F11/><N who="1" m="4137" /><E96/><V30/><F30/><W29/><G70/><T103/><D71/><U50/><E50/><V107/><F41/><W126/><G16/><T78/><D62/><U7/><E12/><V99/><F107/><W81/><G29/><T104/><D104/><U100/><E7/><V123/><F123/><W25/><G47/><T4/><D4/><U105/><E105/><V15/><F60/><W118/><G43/><T59/><D32/><U21/><E21/><V57/><REACH who="2" step="1"/><F67/><REACH who="2" ten="205,245,215,325" step="2"/><W92/><G118/><T115/><D115/><U63/><E63/><V135/><F135/><W75/><G133/><T101/><D101/><U54/><E100/><V119/><F119/><W28/><G132/><T74/><D103/><U112/><E112/><V111/><F111/><W53/><G31/><T26/><D26/><U2/><E121/><V38/><F38/><W110/><G25/><T76/><D24/><U124/><E39/><V49/><F49/><W127/><G28/><T87/><D51/><U130/><E36/><V42/><F42/><W69/><G110/><T27/><D27/><U65/><E130/><V37/><F37/><W88/><G126/><T23/><D23/><U35/><E124/><V33/><F33/><W56/><G125/><T45/><D74/><N who="1" m="28779" /><E35/><V52/><F52/><W22/><G53/><RYUUKYOKU ba="2,1" sc="205,-10,245,-10,215,30,325,-10" hai2="1,6,9,15,18,20,55,57,61,85,89,98,99" /><INIT seed="2,3,1,5,1,43" ten="195,235,245,315" oya="2" hai0="118,121,34,68,1,8,53,112,75,122,106,115,13" hai1="62,135,85,113,89,52,133,128,16,22,49,83,119" hai2="125,4,3,77,44,66,36,69,27,15,38,24,55" hai3="79,95,105,19,35,12,14,57,54,120,84,132,58"/><V91/><F125/><W51/><G105/><T56/><D106/><U70/><E128/><V45/><F3/><W37/><G37/><T50/><D75/><U124/><E124/><V103/><F77/><W111/><G120/><N who="0" m="46187" /><D34/><U64/><E119/><V104/><F91/><N who="3" m="53735" /><G35/><T101/><D101/><U129/><E129/><V7/><F55/><N who="3" m="31999" /><G111/><T0/><D13/><U26/><REACH who="1" step="1"/><E113/><REACH who="1" ten="195,225,245,315" step="2"/><V72/><F104/><W107/><G107/><T21/><D118/><U71/><E71/><V41/><F69/><W65/><G132/><T117/><D68/><U63/><E63/><V90/><F72/><W99/><G65/><T116/><D116/><U39/><E39/><V86/><F66/><W28/><G79/><T17/><D117/><U33/><E33/><V23/><F36/><W10/><G28/><T46/><D115/><U98/><E98/><V92/><F38/><W96/><G96/><T30/><D30/><U67/><E67/><V131/><F131/><W123/><G99/><T108/><D112/><U102/><E102/><V61/><F103/><W29/><G29/><T48/><D108/><U11/><E11/><V5/><F61/><W93/><G123/><T47/><D8/><U2/><E2/><V114/><F114/><W74/><G10/><T80/><D1/><U100/><E100/><V40/><F86/><W81/><G74/><T127/><D0/><U88/><E88/><V20/><F90/><W130/><G130/><T59/><D127/><U42/><E42/><V32/><F41/><W76/><G76/><T78/><D78/><U9/><E9/><N who="2" m="4519" /><F40/><W109/><G109/><RYUUKYOKU ba="3,2" sc="195,-10,225,30,245,-10,315,-10" hai1="16,22,26,49,52,62,64,70,83,85,89,133,135" /><INIT seed="3,4,2,0,1,127" ten="185,255,235,305" oya="3" hai0="78,116,69,54,65,38,126,88,41,96,7,25,99" hai1="8,19,77,111,71,62,134,85,6,61,11,14,76" hai2="119,82,51,113,9,83,45,81,123,84,86,125,53" hai3="48,37,40,132,131,35,118,28,98,124,128,2,72"/><W36/><G118/><T20/><D116/><U114/><E114/><V89/><F119/><W58/><G124/><T18/><D126/><U34/><E34/><V112/><F125/><W44/><G132/><T121/><D121/><U63/><E134/><V49/><F123/><W52/><G2/><T33/><D33/><U0/><E111/><V31/><F31/><W5/><G5/><T56/><D78/><U50/><E71/><V80/><F86/><W90/><G72/><T130/><D7/><U64/><E64/><V95/><N who="2" m="20480" /><DORA hai="87" /><V91/><F91/><W129/><G37/><T60/><D130/><U79/><E85/><V104/><F104/><W106/><G90/><T68/><D99/><U32/><E32/><V105/><F105/><W108/><G108/><T70/><D41/><U66/><REACH who="1" step="1"/><E50/><REACH who="1" ten="185,245,235,305" step="2"/><V13/><REACH who="2" step="1"/><F49/><REACH who="2" ten="185,245,225,305" step="2"/><W92/><G129/><T73/><D73/><U46/><E46/><V10/><F10/><W133/><G128/><T57/><D38/><U16/><E16/><AGARI ba="4,4" hai="9,13,16,45,51,53,84,89,95,112,113" m="20480" machi="16" ten="50,6400,0" yaku="1,1,52,1,54,1,53,0" doraHai="127,87" doraHaiUra="17,30" who="2" fromWho="1" sc="185,0,245,-76,225,116,305,0" owari="185,-21.5,169,-33.1,341,44.1,305,10.5" /></mjloggm>