<mjloggm ver="2.3"><GO type="225" lobby="0"/><UN n0="%E8%90%A9%E5%8E%9F%E9%9B%AA%E6%AD%A9" n1="%E9%B3%B3%E6%9D%B1%E3%81%AE%E3%81%86%E3%81%95%E3%81%8E%E3%81%95%E3%82%93" n2="%E7%AB%8B%E8%8A%B1%E9%9F%BF" n3="%E3%81%AF%E3%82%88%E3%81%8A%E3%81%98%E3%81%95%E3%82%93" dan="16,17,17,17" rate="2116.65,2260.02,2140.60,2175.60" sx="F,M,F,M"/><TAIKYOKU oya="0"/><INIT seed="0,0,0,1,1,8" ten="250,250,250,250" oya="0" hai0="101,28,90,72,57,107,79,100,5,66,56,3,118" hai1="52,94,84,17,70,67,25,27,129,81,73,54,95" hai2="42,45,78,65,26,9,30,114,108,86,12,71,20" hai3="103,47,74,2,96,124,105,51,115,61,59,119,23"/><T83/><D118/><U134/><E129/><V50/><F50/><W0/><G115/><T58/><D28/><U99/><E73/><V68/><F114/><W75/><G119/><T41/><D66/><U111/><E111/><V109/><F65/><W135/><G124/><T62/><D62/><U63/><E134/><V117/><F117/><W32/><G32/><T98/><D101/><U127/><E127/><V37/><F86/><W11/><G135/><T97/><D41/><U4/><E4/><V116/><F78/><W48/><G23/><T133/><D133/><U93/><E99/><V64/><F64/><W46/><G59/><T80/><D80/><U69/><E69/><V16/><REACH who="2" step="1"/><F116/><REACH who="2" ten="250,250,240,250" step="2"/><W40/><G61/><T120/><D120/><U89/><E84/><V121/><F121/><W22/><G75/><T29/><D72/><U85/><E85/><V49/><F49/><W21/><G74/><T122/><D79/><U43/><E67/><V7/><F7/><W18/><G48/><T82/><D5/><U113/><E113/><V88/><F88/><W123/><G123/><T38/><D90/><U10/><E63/><V104/><F104/><W131/><G131/><T13/><D107/><U35/><E89/><V102/><F102/><W36/><G51/><T91/><D100/><U77/><E77/><V106/><F106/><W44/><G47/><T55/><D91/><U126/><E126/><V24/><F24/><W130/><G46/><T76/><D76/><U1/><E27/><V19/><F19/><W31/><G130/><T39/><D122/><U14/><E17/><RYUUKYOKU ba="0,1" sc="250,-10,250,-10,240,30,250,-10" hai2="9,12,16,20,26,30,37,42,45,68,71,108,109" /><INIT seed="1,1,1,3,3,130" ten="240,240,270,240" oya="1" hai0="129,68,23,103,4,19,32,112,108,62,0,57,88" hai1="73,43,45,75,61,50,1,22,21,24,87,115,72" hai2="3,18,6,101,82,20,117,15,102,13,74,41,38" hai3="42,124,63,33,128,104,122,44,94,96,79,90,12"/><U64/><E115/><V133/><F15/><W86/><G122/><T99/><D112/><U116/><E116/><V114/><F117/><W59/><G33/><T2/><D108/><U31/><E1/><V105/><F105/><W27/><G128/><T92/><D32/><U54/><E87/><V69/><F69/><W126/><G27/><T70/><D129/><U84/><E84/><V37/><F114/><W113/><G12/><T49/><D49/><U5/><E5/><V91/><F91/><W83/><G104/><T55/><D103/><U8/><E8/><N who="2" m="2143" /><F38/><W118/><G118/><T106/><D106/><U29/><E21/><V81/><F81/><W119/><G113/><T48/><D4/><U120/><E120/><V85/><F85/><W40/><G119/><T135/><D135/><U77/><E29/><V52/><F52/><W110/><G110/><T98/><D98/><U97/><E97/><V26/><F26/><W71/><G71/><T34/><D34/><U95/><E95/><V109/><F133/><W121/><G121/><T46/><D0/><U56/><REACH who="1" step="1"/><E77/><REACH who="1" ten="240,230,270,240" step="2"/><N who="2" m="44343" /><F109/><W30/><G30/><T100/><D2/><U131/><E131/><V53/><F53/><AGARI ba="1,2" hai="22,24,31,43,45,50,53,54,56,61,64,72,73,75" machi="53" ten="40,2000,0" yaku="1,1,53,0" doraHai="130" doraHaiUra="11" who="1" fromWho="2" sc="240,0,230,43,270,-23,240,0" /><INIT seed="1,2,0,5,5,3" ten="240,273,247,240" oya="1" hai0="13,112,8,51,65,105,70,123,35,32,119,134,25" hai1="26,27,113,34,69,83,86,77,31,40,50,37,132" hai2="63,10,129,88,118,17,133,116,114,82,94,45,131" hai3="107,74,71,109,75,46,14,54,60,20,21,97,30"/><U122/><E113/><V6/><F114/><W85/><G109/><T4/><D105/><U126/><E122/><V100/><F17/><W78/><G85/><T5/><D112/><U16/><E37/><V64/><F100/><W41/><G78/><T49/><D119/><U135/><E69/><N who="2" m="42143" /><F45/><W24/><G97/><T106/><D106/><U62/><E62/><V99/><F82/><W121/><G107/><T108/><D70/><U33/><E126/><V72/><F72/><W42/><G42/><T128/><D65/><U103/><E103/><V87/><F87/><W39/><G121/><T56/><D108/><U58/><E40/><V68/><F68/><W111/><G111/><T1/><D128/><N who="2" m="49226" /><F133/><N who="1" m="51273" /><E16/><V36/><F36/><W102/><G102/><T61/><D123/><U101/><E101/><V29/><F29/><W80/><G80/><T76/><D134/><U130/><E130/><V59/><F59/><W48/><G60/><T127/><D127/><U28/><E58/><V47/><F47/><N who="3" m="27935" /><G71/><T73/><D61/><U43/><E43/><V12/><AGARI ba="2,0" hai="6,10,12,88,94,99,116,118" m="49226,42143" machi="12" ten="30,4000,0" yaku="19,1,52,1,54,1" doraHai="3" who="2" fromWho="2" sc="240,-12,273,-22,247,46,240,-12" /><INIT seed="2,0,0,1,5,60" ten="228,251,293,228" oya="2" hai0="72,20,96,15,119,51,75,98,86,77,65,84,31" hai1="97,99,85,8,107,115,124,105,10,62,68,22,82" hai2="35,125,113,127,27,102,108,2,126,131,64,118,116" hai3="104,114,44,69,50,132,36,54,43,130,19,24,0"/><V29/><F113/><W122/><G122/><T128/><D128/><U90/><E115/><V61/><F131/><W40/><G114/><T73/><D119/><U34/><E34/><V39/><F39/><W7/><G130/><T83/><D51/><U16/><E124/><V18/><F2/><W95/><G104/><T26/><D15/><U11/><E107/><V92/><F108/><W76/><G69/><T111/><D111/><U80/><E105/><V55/><F55/><W103/><G132/><T52/><D52/><U94/><E68/><N who="2" m="41999" /><F18/><W109/><G109/><T45/><D45/><U133/><E133/><V93/><F93/><W30/><G76/><T6/><D6/><U135/><E62/><V71/><F71/><W58/><G43/><T129/><D129/><U13/><REACH who="1" step="1"/><E135/><REACH who="1" ten="228,241,293,228" step="2"/><V74/><F74/><W67/><G67/><T12/><D65/><U48/><E48/><V14/><F116/><W120/><G120/><T32/><REACH who="0" step="1"/><D84/><REACH who="0" ten="218,241,293,228" step="2"/><U106/><E106/><V57/><F118/><W112/><G112/><T59/><D59/><U46/><E46/><V41/><F57/><W3/><G58/><T49/><D49/><U101/><E101/><V37/><F102/><W33/><G103/><T38/><D38/><U47/><E47/><V70/><F37/><W78/><G36/><T110/><D110/><U66/><E66/><V28/><F125/><W91/><G40/><T117/><D117/><U88/><E88/><V9/><F126/><W1/><G91/><T100/><D100/><U56/><E56/><V21/><F127/><W81/><G50/><T123/><D123/><RYUUKYOKU ba="0,2" sc="218,15,241,15,293,-15,228,-15" hai0="12,20,26,31,32,72,73,75,77,83,86,96,98" hai1="8,10,11,13,16,22,80,82,85,90,94,97,99" /><INIT seed="3,1,2,5,2,11" ten="233,256,278,213" oya="3" hai0="62,93,5,33,52,115,131,95,111,97,54,1,37" hai1="19,18,107,102,118,26,92,80,86,79,29,15,89" hai2="60,73,20,21,38,77,27,22,50,41,103,42,104" hai3="55,87,116,90,13,63,65,67,64,6,57,61,133"/><W134/><G116/><T117/><D117/><U101/><E107/><V112/><F112/><W122/><G122/><T71/><D37/><U23/><E118/><V31/><F38/><W125/><G125/><T82/><D33/><U69/><E69/><V39/><F39/><W7/><G63/><T58/><D111/><U109/><E109/><V14/><F73/><W78/><G78/><T85/><D131/><U72/><REACH who="1" step="1"/><E18/><REACH who="1" ten="233,246,278,213" step="2"/><V121/><F104/><W36/><G36/><T32/><D71/><U135/><E135/><N who="3" m="51722" /><G13/><T84/><D115/><U17/><E17/><V100/><F14/><W43/><G43/><T10/><D1/><U53/><E53/><V56/><F42/><W106/><G106/><T120/><D54/><U83/><E83/><AGARI ba="1,3" hai="6,7,55,57,61,64,65,67,83,87,90" m="51722" machi="83" ten="30,1500,0" yaku="20,1" doraHai="11" who="3" fromWho="1" sc="233,0,246,-18,278,0,213,48" /><INIT seed="3,2,0,3,0,26" ten="233,228,278,261" oya="3" hai0="111,46,104,126,108,28,10,78,112,113,55,21,101" hai1="69,14,74,60,23,0,86,122,118,102,8,88,48" hai2="99,131,35,58,76,64,44,134,114,65,52,13,18" hai3="93,1,110,79,94,135,6,116,71,84,103,36,7"/><W38/><G116/><T77/><D126/><U124/><E122/><V41/><F114/><N who="0" m="44138" /><D10/><U95/><E124/><V17/><F35/><W68/><G135/><T83/><D101/><U4/><E118/><V22/><F134/><W37/><G110/><N who="0" m="42027" /><D104/><U43/><E74/><V16/><F76/><W12/><G1/><T72/><D78/><U11/><E102/><V29/><F131/><W106/><G106/><T81/><D81/><U96/><E23/><V127/><F99/><W57/><G103/><T123/><D123/><U100/><E69/><V121/><F121/><W133/><G133/><T89/><D89/><U107/><E60/><N who="2" m="35911" /><F127/><W129/><G129/><T91/><D91/><U97/><E97/><V31/><F13/><W15/><G79/><T30/><D21/><U63/><E63/><V33/><F33/><W117/><G117/><T61/><D61/><U27/><E27/><N who="2" m="16631" /><F31/><W90/><G68/><T42/><D55/><U115/><E115/><V24/><F24/><W130/><G71/><T92/><D92/><U87/><E87/><V49/><AGARI ba="2,0" hai="16,17,18,41,44,49,64,65" m="16631,35911" machi="49" ten="30,7900,0" yaku="8,1,52,1,54,2" doraHai="26" who="2" fromWho="2" sc="233,-22,228,-22,278,85,261,-41" owari="211,-18.9,206,-29.4,363,46.3,220,2.0" /></mjloggm>