<mjloggm ver="2.3"><GO type="225" lobby="0"/><UN n0="%E3%82%A2%E3%83%A1%E3%82%A2%E3%83%A9%E3%83%AC" n1="%E4%B8%96%E7%95%8C%E3%81%AE%E4%BA%80%E4%BA%95" n2="%E3%81%A4%E3%81%A3%E3%81%B1%E3%82%8A%E3%83%9D%E3%83%BC%E3%83%AB" n3="%E6%81%A5%E6%99%92%E3%81%97" dan="16,17,16,16" rate="2091.71,2181.32,2087.02,2128.02" sx="M,M,M,M"/><TAIKYOKU oya="0"/><INIT seed="0,0,0,0,3,85" ten="250,250,250,250" oya="0" hai0="83,74,31,28,102,7,8,45,111,4,19,44,104" hai1="115,3,108,112,107,18,30,11,131,57,99,1,34" hai2="91,87,5,0,129,97,53,73,132,6,128,33,75" hai3="110,24,2,71,10,37,39,105,20,48,82,116,59"/><T35/><D35/><U9/><E57/><V126/><F33/><W135/><G116/><T92/><D104/><U23/><E99/><V17/><F97/><W121/><G71/><T12/><D111/><U93/><E93/><N who="2" m="54527" /><F132/><W124/><G105/><T43/><D102/><U95/><E95/><V56/><F17/><W22/><G22/><T120/><D120/><U52/><E52/><V72/><F0/><N who="1" m="73" /><E107/><V64/><F64/><W68/><G110/><T21/><D92/><U29/><E131/><N who="2" m="50251" /><F126/><W63/><G124/><T16/><D83/><U41/><E41/><V98/><F98/><W46/><G135/><T27/><D74/><N who="2" m="18946" /><V66/><DORA hai="88" /><F66/><W38/><G68/><T32/><D32/><U114/><E108/><V117/><F117/><W50/><G2/><T67/><D67/><U77/><E34/><V130/><N who="2" m="50259" /><V49/><AGARI ba="0,0" hai="5,6,49,53,56" m="18946,50259,54527" machi="49" ten="60,8000,1" yaku="4,1,19,1,52,2" doraHai="85,88" who="2" fromWho="2" sc="250,-40,250,-20,250,80,250,-20" /><INIT seed="1,0,0,5,0,63" ten="210,230,330,230" oya="1" hai0="52,0,16,23,60,34,84,121,51,43,96,116,7" hai1="128,68,49,88,8,17,118,24,38,105,25,59,104" hai2="124,92,22,65,77,33,129,125,127,10,20,39,42" hai3="61,13,80,21,75,31,103,67,85,18,83,108,101"/><U27/><E118/><V1/><F129/><W123/><G108/><T6/><D116/><U97/><E68/><V79/><F33/><W47/><G123/><T56/><D34/><U64/><E38/><V50/><F39/><W44/><G75/><T66/><D121/><U36/><E36/><V3/><F65/><W135/><G135/><T11/><D6/><U30/><E128/><V132/><F92/><W19/><G31/><T109/><D109/><U9/><E30/><V91/><F91/><W54/><G19/><T62/><D84/><U119/><E119/><V53/><F42/><W107/><G83/><T12/><D96/><U48/><E104/><V89/><F89/><W95/><G107/><T111/><D111/><U126/><E126/><V102/><F102/><N who="3" m="38923" /><G95/><T94/><D94/><N who="1" m="56519" /><E105/><V99/><F99/><W58/><G54/><T112/><D112/><U122/><E122/><V93/><F93/><W40/><G40/><T115/><D115/><U134/><E134/><V37/><F37/><W131/><G131/><T130/><D130/><U86/><E86/><V32/><F32/><W98/><G98/><T78/><D78/><AGARI ba="0,0" hai="13,18,21,44,47,58,61,67,78,80,85" m="38923" machi="78" ten="30,2000,0" yaku="8,1,52,1" doraHai="63" who="3" fromWho="0" sc="210,-20,230,0,330,0,230,20" /><INIT seed="2,0,0,4,0,41" ten="190,230,330,250" oya="2" hai0="32,108,73,1,0,128,57,5,9,133,63,94,129" hai1="18,56,7,97,3,34,106,132,86,50,70,36,28" hai2="107,48,54,122,31,123,66,38,43,26,116,53,76" hai3="11,23,82,62,65,84,87,119,83,121,45,124,93"/><V92/><F107/><W61/><G124/><T120/><D120/><U27/><E36/><V2/><F2/><W79/><G119/><T131/><D108/><U80/><E70/><V64/><F116/><W47/><G121/><T77/><D133/><U60/><E132/><V68/><F92/><W126/><G126/><T135/><D135/><U98/><E106/><V39/><F76/><N who="3" m="46151" /><G11/><T69/><D32/><U89/><E18/><V51/><F26/><W15/><G93/><T16/><D69/><U55/><E7/><V109/><F31/><W110/><G110/><T12/><D94/><U20/><E3/><V117/><F68/><W114/><G114/><T127/><D127/><U35/><E35/><V19/><F19/><N who="3" m="10751" /><G65/><T118/><D118/><U113/><E113/><V6/><F117/><W25/><G25/><T14/><D77/><U95/><E34/><V100/><F6/><W58/><G58/><T125/><D73/><U111/><E111/><V29/><F109/><W33/><G33/><T75/><D75/><U102/><E98/><V13/><F66/><W21/><G21/><N who="0" m="11399" /><D125/><U74/><E74/><V4/><F123/><W91/><G79/><T103/><D103/><U72/><E72/><V101/><F122/><W46/><AGARI ba="0,0" hai="45,46,47,61,62,83,87,91" m="10751,46151" machi="46" ten="30,7900,0" yaku="8,1,52,3" doraHai="41" who="3" fromWho="3" sc="190,-20,230,-20,330,-39,250,79" /><INIT seed="3,0,0,1,4,45" ten="170,210,291,329" oya="3" hai0="31,71,124,28,10,110,34,93,108,76,32,44,99" hai1="125,68,54,82,27,113,120,26,6,60,46,104,92" hai2="95,102,9,84,121,43,52,85,130,112,116,67,48" hai3="38,97,103,41,111,5,77,98,65,57,87,105,133"/><W47/><G111/><T11/><D71/><U7/><E113/><V114/><F116/><W59/><G133/><T118/><D76/><U126/><E104/><V0/><F114/><W134/><G134/><T50/><D118/><U56/><E120/><V115/><F115/><W19/><G5/><T18/><D124/><U29/><E27/><V107/><F107/><W73/><G73/><T132/><D132/><U90/><E82/><V35/><F35/><W63/><G19/><T23/><D34/><U2/><E68/><V86/><F112/><W1/><G1/><T79/><D79/><U4/><E2/><V123/><F67/><W101/><G87/><T62/><D62/><U135/><E46/><N who="2" m="27671" /><F43/><W128/><G77/><T21/><D32/><U75/><E75/><V15/><F0/><W40/><G128/><T131/><D131/><U117/><E117/><V58/><F58/><W74/><G41/><T129/><D129/><U8/><E135/><V88/><F102/><W81/><G103/><T20/><D108/><U36/><E36/><V94/><F88/><W83/><G74/><T33/><D33/><U106/><E106/><V51/><F51/><W49/><G98/><T55/><D110/><U69/><E69/><V14/><F130/><W39/><G59/><T89/><REACH who="0" step="1"/><D18/><REACH who="0" ten="160,210,291,329" step="2"/><U72/><E125/><V96/><F123/><W80/><AGARI ba="0,1" hai="38,39,40,47,49,57,63,65,80,81,83,97,101,105" machi="80" ten="30,3000,0" yaku="0,1,52,1" doraHai="45" who="3" fromWho="3" sc="160,-10,210,-10,291,-10,329,40" owari="150,-35.0,200,-20.0,281,8.1,369,46.9" /></mjloggm>