<mjloggm ver="2.3"><GO type="225" lobby="0"/><UN n0="%E6%A1%9C%E8%8A%B1%E9%96%83%E3%80%85" n1="%72%69%6F%75%63%68%61%6E" n2="%E3%83%B4%E3%83%A0%EF%BC%99%E3%81%A6" n3="%E6%98%93%E5%88%A9%E8%96%A9%E4%BC%AF" dan="17,16,16,16" rate="2184.58,2180.80,2136.20,2127.76" sx="M,M,M,F"/><TAIKYOKU oya="0"/><INIT seed="0,0,0,4,5,56" ten="250,250,250,250" oya="0" hai0="122,33,10,61,30,44,43,1,14,115,93,63,53" hai1="125,64,5,65,78,81,126,60,48,13,36,95,18" hai2="3,62,24,135,39,83,40,58,127,121,12,107,29" hai3="104,90,70,88,103,77,80,23,4,35,6,68,82"/><T38/><D115/><U2/><E36/><V111/><F3/><W11/><G35/><T71/><D122/><U8/><E48/><V69/><F121/><W98/><G23/><T91/><D1/><U110/><E110/><V128/><F107/><W87/><G6/><T102/><D102/><U55/><E95/><V9/><F69/><W32/><G32/><T85/><D53/><U47/><E47/><V120/><F120/><W113/><G113/><T28/><D71/><U96/><E96/><V66/><F111/><W51/><G51/><T124/><D124/><U94/><E94/><V92/><F127/><N who="1" m="48649" /><E55/><V74/><F128/><W123/><G123/><T52/><D52/><U106/><E106/><V22/><F135/><W19/><G19/><T109/><D109/><U46/><E46/><V76/><F92/><W37/><G37/><T101/><D101/><U67/><E18/><V27/><F39/><W16/><G16/><T97/><D97/><U15/><E60/><V54/><F40/><W73/><REACH who="3" step="1"/><G90/><REACH who="3" ten="250,250,250,240" step="2"/><T41/><D30/><U129/><E129/><V114/><F114/><W132/><G132/><T105/><D43/><U108/><E108/><V57/><F29/><W75/><G75/><AGARI ba="0,1" hai="2,5,8,13,15,64,65,67,75,78,81" m="48649" machi="75" ten="30,1000,0" yaku="18,1" doraHai="56" who="1" fromWho="3" sc="250,0,250,20,250,0,240,-10" /><INIT seed="1,0,0,1,0,81" ten="250,270,250,230" oya="1" hai0="57,6,101,74,73,116,52,117,88,34,84,124,71" hai1="27,90,35,133,127,68,22,62,132,87,105,103,33" hai2="75,89,44,112,19,107,93,10,114,46,85,20,38" hai3="3,100,111,37,64,42,41,92,63,25,108,118,83"/><U59/><E127/><V123/><F123/><W60/><G3/><T98/><D71/><U29/><E68/><V45/><F107/><W77/><G118/><T32/><D6/><U18/><E103/><V47/><F75/><W24/><G100/><T79/><D124/><U26/><E105/><V130/><F10/><W13/><G13/><T99/><D79/><U134/><E33/><V115/><F130/><W58/><G92/><T36/><D36/><U122/><E122/><V65/><F65/><W28/><G63/><T23/><D23/><U7/><E7/><V86/><F44/><W16/><G16/><T1/><D1/><U14/><E27/><N who="2" m="14751" /><F38/><W55/><G64/><T15/><D15/><U50/><E50/><V78/><F78/><W104/><G104/><T91/><D101/><U48/><E48/><V94/><F94/><W121/><G121/><T40/><D57/><U70/><E70/><V126/><F126/><W95/><G95/><T120/><D120/><U76/><E76/><V21/><F21/><N who="3" m="15375" /><G25/><T131/><D131/><U129/><E129/><V110/><F110/><N who="3" m="42027" /><G37/><T53/><D40/><U5/><E5/><V0/><F0/><W67/><G67/><T2/><D2/><U102/><E102/><V69/><F69/><W109/><N who="3" m="42035" /><W113/><DORA hai="66" /><G113/><T4/><D4/><U72/><E72/><AGARI ba="0,0" hai="41,42,55,58,60,72,77,83" m="42035,15375" machi="72" ten="40,1300,0" yaku="14,1" doraHai="81,66" who="3" fromWho="1" sc="250,0,270,-13,250,0,230,13" /><INIT seed="2,0,0,2,2,39" ten="250,257,250,243" oya="2" hai0="116,98,56,97,4,15,102,112,107,73,36,118,37" hai1="24,95,25,41,134,82,135,48,76,87,111,6,18" hai2="77,74,104,70,52,71,121,80,109,65,96,62,58" hai3="113,105,38,100,120,84,85,29,12,103,8,30,63"/><V13/><F121/><W50/><G38/><T128/><D112/><U122/><E111/><V90/><F109/><W40/><G120/><T32/><D32/><U127/><E127/><V28/><F28/><W10/><G63/><T126/><D126/><U64/><E122/><V60/><F13/><W33/><G113/><T23/><D128/><U43/><E6/><V83/><F83/><W16/><G10/><N who="0" m="4551" /><D73/><U89/><E64/><V93/><REACH who="2" step="1"/><F104/><REACH who="2" ten="250,257,240,243" step="2"/><W11/><G105/><T133/><D107/><U0/><E0/><V22/><F22/><W66/><G11/><T19/><D23/><N who="1" m="13431" /><E25/><V44/><F44/><N who="3" m="25863" /><G33/><T119/><D119/><U46/><E135/><V49/><F49/><W67/><G30/><T20/><D37/><U108/><E134/><V42/><F42/><N who="1" m="15881" /><E108/><V9/><F9/><W21/><G8/><T72/><D36/><U130/><E130/><V61/><F61/><W7/><G29/><T75/><D133/><U81/><E76/><V92/><F92/><W45/><G45/><T123/><D123/><U3/><E3/><V55/><F55/><AGARI ba="0,1" hai="46,48,55,81,82,87,89,95" m="15881,13431" machi="55" ten="30,7700,0" yaku="8,1,52,3" doraHai="39" who="1" fromWho="2" sc="250,0,257,87,240,-77,243,0" /><INIT seed="3,0,0,4,3,6" ten="250,344,163,243" oya="3" hai0="72,84,122,61,66,1,129,45,135,103,47,123,89" hai1="111,24,95,109,110,34,67,36,3,116,39,102,51" hai2="78,29,106,92,68,108,15,113,107,99,54,16,30" hai3="35,22,101,73,40,134,71,94,76,117,0,88,58"/><W46/><G35/><T57/><D72/><U81/><E3/><V100/><F113/><W98/><G71/><T50/><D1/><U120/><E120/><V85/><F68/><W56/><G0/><T118/><D118/><U130/><E130/><V133/><F108/><W26/><G134/><T31/><D129/><U44/><E116/><V4/><F4/><W7/><G7/><T18/><D31/><N who="1" m="19815" /><E67/><V119/><F119/><W41/><G117/><T28/><D28/><U10/><E10/><V48/><F133/><W52/><G76/><T114/><D135/><U21/><E81/><V32/><F32/><W60/><G73/><T53/><D114/><U105/><E105/><V12/><F12/><W55/><G46/><T82/><D103/><U2/><E2/><V9/><F107/><W74/><G101/><T27/><D45/><U80/><E21/><V121/><F121/><W19/><G74/><T37/><D37/><U8/><E8/><V23/><F23/><W90/><G90/><T13/><D27/><U49/><E80/><V86/><F86/><W79/><G79/><T63/><D63/><AGARI ba="0,0" hai="19,22,26,40,41,52,55,56,58,60,63,88,94,98" machi="63" ten="30,18000,2" yaku="7,1,9,1,25,2,8,1,54,2" doraHai="6" who="3" fromWho="0" sc="250,-180,344,0,163,0,243,180" owari="70,-43.0,344,14.4,163,-23.7,423,52.3" /></mjloggm>