<mjloggm ver="2.3"><GO type="225" lobby="0"/><UN n0="%E3%81%9F%E3%81%8C%E3%82%84%E3%81%99" n1="%E8%81%B7%E6%A5%AD%E3%80%81%E9%A2%A8%32" n2="%E3%81%8B%E3%82%8F%E3%81%A1%E3%82%83%E3%82%93%35%38" n3="%E6%9C%AA%E6%9D%A5%E5%B0%91%E5%B9%B4" dan="16,16,16,16" rate="2109.51,2093.56,2080.86,2114.77" sx="M,M,M,M"/><TAIKYOKU oya="0"/><INIT seed="0,0,0,2,1,105" ten="250,250,250,250" oya="0" hai0="74,11,119,92,109,65,69,75,98,71,103,82,95" hai1="93,55,64,27,128,115,72,34,133,17,66,81,67" hai2="6,14,110,35,106,94,57,127,3,53,50,16,49" hai3="1,135,114,88,111,61,13,29,131,73,121,43,101"/><T51/><D51/><U24/><E128/><V108/><F106/><W58/><G114/><T117/><D11/><U84/><E133/><V18/><F35/><W87/><G1/><T120/><D65/><U63/><E72/><N who="0" m="27689" /><D69/><U46/><E34/><V124/><F3/><W96/><G29/><T90/><D71/><U47/><E115/><V31/><F31/><W99/><G135/><T86/><D120/><U28/><E93/><V97/><F50/><W80/><G131/><T118/><D109/><N who="2" m="42090" /><F6/><W0/><G111/><T8/><D8/><U59/><E28/><V21/><F18/><W68/><G121/><T102/><D95/><U25/><REACH who="1" step="1"/><E17/><REACH who="1" ten="250,240,250,250" step="2"/><V23/><F23/><W112/><G73/><T5/><D5/><U130/><E130/><V126/><F126/><W33/><G33/><T125/><D125/><U62/><E62/><V26/><F26/><W40/><G61/><T104/><D104/><U9/><E9/><V22/><F22/><W54/><G112/><T30/><D30/><U20/><E20/><V85/><F85/><W52/><G87/><T78/><AGARI ba="0,1" hai="78,82,86,90,92,98,102,103,117,118,119" m="27689" machi="78" ten="40,12000,1" yaku="34,2,52,3" doraHai="105" who="0" fromWho="0" sc="250,130,240,-40,250,-40,250,-40" /><INIT seed="0,1,0,4,4,131" ten="380,200,210,210" oya="0" hai0="67,93,18,73,53,115,23,59,56,81,4,94,20" hai1="98,16,29,118,61,133,50,78,63,21,110,107,97" hai2="123,65,100,9,33,83,108,119,74,95,103,68,57" hai3="54,70,66,5,2,116,112,122,43,99,38,69,19"/><T113/><D4/><U40/><E118/><V92/><F33/><W47/><G112/><T129/><D129/><U60/><E110/><V124/><F68/><W10/><G116/><T25/><D67/><U14/><E133/><V8/><F119/><W88/><G122/><T127/><D127/><U42/><E107/><V72/><F65/><W77/><G77/><T36/><D36/><U45/><E78/><V51/><F51/><W109/><G109/><T46/><D81/><U34/><REACH who="1" step="1"/><E42/><REACH who="1" ten="380,190,210,210" step="2"/><V48/><F108/><W11/><G43/><T105/><D105/><U101/><E101/><V87/><F103/><W55/><G88/><T52/><D115/><U26/><AGARI ba="1,1" hai="14,16,21,26,29,34,40,45,50,60,61,63,97,98" machi="26" ten="30,4000,0" yaku="1,1,0,1,54,1,53,0" doraHai="131" doraHaiUra="49" who="1" fromWho="1" sc="380,-21,190,53,210,-11,210,-11" /><INIT seed="1,0,0,3,0,129" ten="359,243,199,199" oya="1" hai0="86,43,29,59,122,121,107,35,11,44,12,119,15" hai1="60,82,56,10,109,24,116,47,84,67,14,74,88" hai2="16,19,1,96,63,58,40,73,127,62,2,3,20" hai3="64,5,117,108,78,80,104,75,135,113,112,21,94"/><U34/><E116/><V99/><F127/><W118/><G64/><T71/><D71/><U28/><E109/><V46/><F73/><W100/><G5/><T98/><D119/><N who="3" m="45577" /><G21/><T134/><D134/><U36/><E74/><V45/><F20/><W115/><G108/><T13/><D86/><U27/><E24/><V22/><F22/><W92/><G135/><T106/><D59/><U23/><E47/><N who="2" m="17931" /><F58/><W128/><G128/><T123/><D98/><AGARI ba="0,0" hai="75,78,80,92,94,98,100,104,112,113,115" m="45577" machi="98" ten="40,5200,0" yaku="12,1,34,2" doraHai="129" who="3" fromWho="0" sc="359,-52,243,0,199,0,199,52" /><INIT seed="2,0,0,2,4,98" ten="307,243,199,251" oya="2" hai0="49,114,135,124,21,41,9,24,52,65,60,122,27" hai1="129,44,59,23,67,110,123,51,11,74,30,103,94" hai2="69,100,3,108,56,134,18,92,22,113,97,131,42" hai3="120,57,26,35,99,82,127,111,125,63,78,47,118"/><V66/><F113/><W2/><G118/><T36/><D41/><U20/><E110/><V58/><F131/><W77/><G120/><T107/><D36/><U4/><E74/><V32/><F32/><W80/><G2/><T95/><D107/><U76/><E129/><V50/><F134/><W86/><G111/><T104/><D104/><U45/><E76/><V33/><F33/><W73/><G47/><T75/><D75/><U115/><E115/><V101/><F108/><W48/><G48/><T6/><D114/><U109/><E123/><V5/><F69/><W10/><G10/><T117/><D122/><U79/><E79/><V119/><F119/><W132/><G132/><T54/><D117/><U12/><E45/><N who="2" m="25911" /><F3/><W40/><G40/><T31/><D124/><N who="3" m="47689" /><G99/><T70/><D135/><U88/><E103/><N who="2" m="60839" /><F5/><W90/><G35/><T102/><D6/><U29/><E109/><V16/><F16/><W130/><G130/><T7/><D7/><U71/><E71/><V72/><F72/><W128/><G128/><T38/><D38/><U8/><E8/><V68/><F68/><W28/><G77/><T91/><D9/><U39/><E39/><V19/><F19/><W46/><G46/><T0/><D0/><U25/><E23/><V87/><F87/><W34/><G34/><T126/><D126/><U112/><E112/><V1/><F1/><W121/><G121/><T105/><D21/><U14/><E11/><V37/><F37/><W13/><G73/><T96/><D70/><U55/><E4/><V93/><F18/><W85/><G78/><T17/><D17/><RYUUKYOKU ba="0,0" sc="307,0,243,0,199,0,251,0" /><INIT seed="3,1,0,4,0,79" ten="307,243,199,251" oya="3" hai0="61,39,102,42,110,26,69,77,59,109,114,99,67" hai1="43,24,75,58,63,81,14,40,125,76,11,100,72" hai2="38,5,57,98,47,127,31,105,95,84,52,36,89" hai3="25,85,74,8,0,130,62,90,73,3,68,94,113"/><W9/><G113/><T7/><D77/><U17/><E125/><V53/><F127/><W131/><G25/><T86/><D86/><N who="1" m="48423" /><E100/><V30/><F5/><W48/><G48/><T93/><D114/><U4/><E75/><N who="3" m="28682" /><G62/><T23/><D7/><U35/><E35/><V117/><F117/><W115/><G68/><T33/><D33/><U64/><E72/><V135/><F135/><W106/><G106/><T87/><D87/><U80/><E80/><V15/><F15/><W18/><G115/><T133/><D133/><U123/><E123/><V96/><F38/><W112/><G112/><T29/><D69/><U124/><E124/><V129/><F129/><N who="3" m="49163" /><G18/><T121/><D121/><U108/><E108/><N who="0" m="41577" /><D42/><U21/><AGARI ba="1,0" hai="4,11,14,17,21,24,40,43,58,63,64" m="48423" machi="21" ten="30,2000,0" yaku="8,1,52,1" doraHai="79" who="1" fromWho="1" sc="307,-6,243,23,199,-6,251,-11" owari="301,40.1,266,6.6,193,-30.7,240,-16.0" /></mjloggm>