<mjloggm ver="2.3"><GO type="225" lobby="0"/><UN n0="%E8%B6%85%E7%B4%9A%E9%B3%B3%E5%87%B0" n1="%E7%99%BD%E6%97%A5%E9%9B%AA%E8%8F%9C" n2="%E3%81%99%E3%81%84%E3%81%BE%E3%81%9B%E3%83%BC%E3%82%93" n3="%E3%83%97%E3%83%AC%E3%83%B4%E3%82%A1%E3%83%86%E3%82%A3" dan="16,16,17,16" rate="2154.04,2144.68,2179.34,2166.23" sx="M,M,M,F"/><TAIKYOKU oya="0"/><INIT seed="0,0,0,3,0,132" ten="250,250,250,250" oya="0" hai0="117,104,118,49,67,4,62,94,83,93,2,52,91" hai1="20,65,126,40,58,60,77,97,84,25,130,24,10" hai2="0,115,69,134,99,34,114,107,50,76,111,22,119" hai3="9,13,48,42,15,11,53,102,70,100,101,108,18"/><T88/><D104/><U64/><E130/><V45/><F22/><W129/><G70/><T105/><D105/><U120/><E120/><V27/><F50/><W98/><G129/><T112/><D112/><U75/><E75/><V95/><F45/><W29/><G108/><T12/><D2/><U73/><E73/><V122/><F27/><W125/><G125/><T127/><D127/><U103/><E25/><V123/><F69/><W81/><G29/><T109/><D109/><U3/><E40/><V30/><F30/><W78/><G42/><T23/><D83/><N who="1" m="47215" /><E3/><V85/><F34/><W63/><G63/><T80/><D80/><U59/><E10/><V79/><F0/><W41/><G41/><T82/><D82/><U39/><E39/><V71/><F71/><W56/><G81/><T37/><D37/><U86/><E86/><V19/><F111/><W46/><G78/><N who="2" m="29737" /><F134/><W131/><G131/><T135/><D135/><U121/><E121/><N who="2" m="46091" /><F119/><W36/><G36/><T61/><D49/><U32/><E32/><V133/><F133/><W47/><REACH who="3" step="1"/><G98/><REACH who="3" ten="250,250,250,240" step="2"/><T124/><D117/><U128/><E97/><V26/><F99/><W31/><G31/><T74/><D118/><U87/><E128/><V106/><F115/><W43/><G43/><T7/><D124/><U90/><E126/><V92/><F114/><W16/><AGARI ba="0,1" hai="9,11,13,15,16,18,46,47,48,53,56,100,101,102" machi="16" ten="30,8000,1" yaku="1,1,0,1,9,1,8,1,54,1,53,0" doraHai="132" doraHaiUra="68" who="3" fromWho="3" sc="250,-40,250,-20,250,-20,240,90" /><INIT seed="1,0,0,3,2,98" ten="210,230,230,330" oya="1" hai0="91,12,66,107,94,82,9,117,72,104,17,71,67" hai1="131,75,48,135,115,128,64,31,63,108,77,96,110" hai2="58,25,7,68,53,85,62,10,78,126,54,40,50" hai3="39,119,46,120,103,30,92,29,21,56,51,33,22"/><U114/><E31/><N who="3" m="11786" /><G33/><T83/><D117/><U90/><E48/><V6/><F126/><W14/><G120/><T87/><D71/><U2/><E2/><V35/><F40/><W19/><G39/><T20/><D104/><U65/><E135/><V93/><F35/><W43/><G119/><T38/><D107/><U74/><E77/><V102/><F25/><W55/><G43/><T45/><D38/><U130/><E90/><V13/><F68/><W69/><G69/><T116/><D116/><U101/><E63/><V61/><F6/><W41/><G21/><T79/><D45/><U81/><E81/><N who="2" m="47287" /><F53/><W26/><G26/><T24/><REACH who="0" step="1"/><D82/><REACH who="0" ten="200,230,230,330" step="2"/><U127/><E127/><V111/><F111/><N who="1" m="42537" /><E115/><V133/><F133/><W80/><G80/><T106/><D106/><N who="1" m="63783" /><E114/><V86/><F86/><W73/><G73/><AGARI ba="0,1" hai="64,65,73,74,75,128,130,131" m="63783,42537" machi="73" ten="40,12000,1" yaku="19,1,14,1,10,1,52,1" doraHai="98" who="1" fromWho="3" sc="200,0,230,130,230,0,330,-120" /><INIT seed="1,1,0,1,0,23" ten="200,360,230,210" oya="1" hai0="26,21,7,70,126,4,112,101,38,64,63,131,103" hai1="36,57,132,107,78,80,118,72,34,1,89,45,25" hai2="39,52,11,69,88,92,58,75,100,12,104,17,106" hai3="30,91,67,46,35,47,65,76,51,13,48,82,15"/><U135/><E118/><V134/><F39/><W60/><G91/><T94/><D112/><U128/><E1/><V86/><F134/><N who="1" m="51241" /><E107/><V31/><F75/><W18/><G35/><T83/><D38/><U24/><E128/><V37/><F37/><W2/><G2/><T49/><D131/><U109/><E34/><V81/><F69/><W27/><G30/><T116/><D116/><U125/><E125/><V33/><F81/><W54/><G82/><T122/><D126/><U42/><E109/><V6/><F100/><W111/><G111/><T85/><D122/><U14/><E14/><V113/><F113/><W74/><G74/><T41/><D41/><U129/><E129/><V77/><F77/><W16/><G76/><T117/><D117/><U20/><E20/><V108/><F108/><W96/><G96/><T119/><D119/><U43/><E43/><V61/><REACH who="2" step="1"/><F6/><REACH who="2" ten="200,360,220,210" step="2"/><W10/><G60/><T29/><D4/><U123/><E123/><V68/><F68/><W84/><G84/><T40/><D7/><U110/><E110/><V120/><F120/><W53/><REACH who="3" step="1"/><G27/><AGARI ba="1,1" hai="11,12,17,27,31,33,52,58,61,86,88,92,104,106" machi="27" ten="40,8000,1" yaku="1,1,52,1,54,2,53,1" doraHai="23" doraHaiUra="22" who="2" fromWho="3" sc="200,0,360,0,220,93,210,-83" /><INIT seed="2,0,0,2,3,37" ten="200,360,313,127" oya="2" hai0="121,115,94,7,46,34,30,106,1,91,71,116,125" hai1="84,56,73,114,50,110,109,126,102,41,130,65,16" hai2="18,22,83,64,75,77,44,97,60,78,61,118,117" hai3="67,89,124,93,2,21,10,85,131,123,29,119,88"/><V100/><F78/><W47/><G123/><T27/><D121/><U13/><E114/><V113/><F113/><W129/><G119/><T111/><D115/><U32/><E73/><V107/><F44/><W63/><G124/><T36/><D106/><U128/><E32/><V43/><F43/><W59/><G2/><T90/><D71/><U122/><E122/><V135/><F135/><W12/><G89/><T19/><D125/><U127/><E102/><V14/><REACH who="2" step="1"/><F61/><REACH who="2" ten="200,360,303,127" step="2"/><W62/><G63/><T112/><D46/><N who="1" m="25935" /><E127/><V74/><F74/><W25/><REACH who="3" step="1"/><G47/><REACH who="3" ten="200,360,303,117" step="2"/><T80/><D112/><U33/><E126/><V49/><F49/><W48/><G48/><T28/><D36/><U20/><E130/><V58/><AGARI ba="0,2" hai="14,18,22,58,60,64,75,77,83,97,100,107,117,118" machi="58" ten="20,3900,0" yaku="1,1,0,1,7,1,53,0" doraHai="37" doraHaiUra="45" who="2" fromWho="2" sc="200,-13,360,-13,303,59,117,-13" /><INIT seed="2,1,0,5,3,36" ten="187,347,362,104" oya="2" hai0="53,133,115,26,17,1,14,88,64,52,47,28,46" hai1="135,3,59,20,109,84,124,63,108,121,30,10,99" hai2="2,81,12,56,113,72,120,83,9,98,60,102,33" hai3="5,61,129,86,91,48,50,78,92,122,93,0,87"/><V39/><F113/><W25/><G122/><T82/><D115/><U15/><E121/><V70/><F33/><W62/><G129/><T24/><D1/><U110/><E124/><V106/><F120/><W75/><G0/><T49/><D133/><U32/><E135/><V114/><F114/><W76/><G5/><T95/><D82/><U23/><E3/><V6/><F70/><W104/><G104/><T43/><D64/><U111/><N who="1" m="27648" /><DORA hai="19" /><U74/><E74/><V65/><F72/><W134/><G134/><T125/><D125/><U101/><E84/><V123/><F123/><W103/><G75/><T77/><D77/><U44/><E44/><V131/><F131/><W127/><G127/><T27/><D28/><U4/><E30/><V66/><F39/><W126/><G126/><T40/><D53/><N who="1" m="34287" /><E32/><V22/><F66/><W13/><G13/><T116/><D116/><U71/><E71/><V128/><F128/><W132/><G132/><T130/><D130/><U34/><E34/><V11/><F22/><W8/><G8/><N who="0" m="6343" /><D46/><U29/><E29/><V117/><F117/><W80/><G80/><T89/><D89/><U105/><AGARI ba="1,0" hai="4,10,15,20,23,99,101,105" m="34287,27648" machi="105" ten="60,7900,0" yaku="14,1,52,2" doraHai="36,19" who="1" fromWho="1" sc="187,-21,347,82,362,-40,104,-21" /><INIT seed="3,0,0,2,2,126" ten="166,429,322,83" oya="3" hai0="25,121,102,128,17,71,14,52,29,2,82,31,64" hai1="22,108,60,53,65,3,27,105,54,43,97,63,11" hai2="133,7,58,55,119,107,35,19,75,131,41,6,9" hai3="84,99,127,134,46,13,116,96,111,135,56,92,88"/><W120/><G120/><T26/><D121/><U39/><E108/><V110/><F75/><W32/><G32/><T112/><D2/><U106/><E43/><V74/><F74/><W10/><G116/><T89/><D112/><U47/><E39/><V72/><F72/><W113/><G113/><T87/><D71/><U83/><E83/><V23/><F107/><W33/><G33/><T101/><D64/><U73/><E73/><V125/><F35/><W15/><G127/><T24/><D128/><U81/><E81/><V18/><F125/><W103/><G46/><T51/><D102/><U40/><E40/><V123/><F131/><W44/><G44/><T4/><D4/><U78/><E78/><V109/><F119/><W5/><G111/><T85/><D85/><U76/><E76/><V1/><F123/><W124/><G124/><T38/><D38/><U42/><E42/><V0/><F0/><W77/><G77/><T21/><D101/><U37/><E37/><V59/><F1/><W36/><G36/><T98/><D98/><U100/><E106/><V68/><F68/><W69/><G69/><T57/><AGARI ba="0,0" hai="14,17,21,24,25,26,29,31,51,52,57,82,87,89" machi="57" ten="30,4000,0" yaku="0,1,8,1,54,1" doraHai="126" who="0" fromWho="0" sc="166,40,429,-10,322,-10,83,-20" owari="206,-19.4,419,51.9,312,11.2,63,-43.7" /></mjloggm>