<mjloggm ver="2.3"><GO type="225" lobby="0"/><UN n0="%E5%82%8D%E8%8B%A5%E7%84%A1%E4%BA%BA%35%31" n1="%41%6F%54" n2="%33%74%72%65%65" n3="%E3%80%93%E3%81%97%E3%83%BC%E3%82%89%E3%80%93" dan="16,16,16,16" rate="2114.99,2072.70,2131.94,2180.10" sx="M,M,F,M"/><TAIKYOKU oya="0"/><INIT seed="0,0,0,1,2,14" ten="250,250,250,250" oya="0" hai0="88,41,113,62,133,25,85,72,117,102,90,49,56" hai1="12,36,16,123,116,128,40,10,17,114,33,27,1" hai2="21,48,82,98,46,3,134,126,115,69,5,45,104" hai3="74,37,23,65,92,121,71,34,124,80,103,78,77"/><T24/><D117/><U39/><E40/><V68/><F115/><W29/><G121/><T108/><D113/><U79/><E114/><V107/><F82/><W28/><G124/><T125/><D72/><U6/><E116/><V15/><F126/><W7/><G37/><T53/><D125/><U32/><E123/><V57/><F57/><W84/><G34/><N who="1" m="13418" /><E79/><V38/><F134/><W47/><G47/><N who="0" m="25839" /><D133/><U19/><E39/><V81/><F69/><W109/><G109/><T111/><D102/><U59/><E59/><V75/><F68/><W70/><G7/><T106/><D106/><U20/><E36/><V76/><F38/><W95/><G103/><T63/><D63/><U43/><E43/><V35/><F35/><W54/><G74/><T101/><D101/><U87/><E87/><V99/><F104/><W31/><G23/><T118/><D118/><U26/><E128/><V0/><F107/><W110/><G110/><N who="0" m="42027" /><D90/><U129/><E129/><V120/><F75/><W64/><G78/><T112/><D112/><U91/><E91/><V22/><F76/><W83/><G83/><AGARI ba="0,0" hai="24,25,53,56,62,83,85,88" m="42027,25839" machi="83" ten="30,5800,0" yaku="14,1,10,1,54,1" doraHai="14" who="0" fromWho="3" sc="250,58,250,0,250,0,250,-58" /><INIT seed="0,1,0,2,3,31" ten="308,250,250,192" oya="0" hai0="28,11,19,56,66,86,83,57,130,76,24,25,5" hai1="117,0,128,13,115,123,134,33,39,85,59,34,81" hai2="35,1,97,75,132,14,22,111,122,4,118,41,89" hai3="45,133,9,101,80,2,135,121,60,99,42,18,49"/><T95/><D130/><U68/><RYUUKYOKU type="yao9" ba="1,0" sc="308,0,250,0,250,0,192,0" hai1="0,13,33,34,39,59,68,81,85,115,117,123,128,134" /><INIT seed="0,2,0,5,4,9" ten="308,250,250,192" oya="0" hai0="104,135,90,113,37,55,56,106,62,68,82,33,133" hai1="34,23,92,111,120,46,5,67,100,32,95,132,107" hai2="25,1,84,77,93,129,54,11,87,96,85,119,66" hai3="18,22,108,74,64,79,89,80,130,117,41,123,70"/><T43/><D113/><U134/><E120/><V20/><F129/><W76/><G123/><T47/><D33/><N who="1" m="12907" /><E67/><V115/><F115/><W75/><G117/><T8/><D68/><U51/><E111/><V114/><F114/><W83/><G130/><T15/><D90/><U124/><E124/><V2/><F119/><W48/><G108/><T52/><D82/><U110/><E110/><V40/><F66/><W88/><G64/><T98/><D55/><U7/><E23/><V36/><F77/><W57/><G70/><T61/><D62/><U26/><E26/><V63/><F11/><W101/><G101/><T44/><D47/><U60/><E60/><V3/><F63/><W12/><REACH who="3" step="1"/><G57/><REACH who="3" ten="308,250,250,182" step="2"/><T16/><REACH who="0" step="1"/><D98/><REACH who="0" ten="298,250,250,182" step="2"/><U27/><E46/><AGARI ba="2,2" hai="12,18,22,41,46,48,74,75,76,79,80,83,88,89" machi="46" ten="40,12000,2" yaku="1,1,2,1,9,1,52,1,54,1,53,1" doraHai="9" doraHaiUra="39" who="3" fromWho="1" sc="298,0,250,-126,250,0,182,146" /><INIT seed="1,0,0,0,2,57" ten="298,124,250,328" oya="1" hai0="91,66,104,47,0,34,56,86,52,105,94,72,63" hai1="85,13,120,121,135,33,20,99,79,45,113,12,21" hai2="108,109,68,87,8,22,4,95,28,35,23,54,60" hai3="32,44,40,110,37,129,88,115,92,116,76,77,29"/><U90/><E113/><V36/><F36/><W10/><G115/><T106/><D0/><U49/><E33/><V74/><F74/><W64/><G110/><N who="2" m="42601" /><F35/><W81/><G129/><T15/><D34/><U107/><E135/><V30/><F87/><W133/><G133/><T50/><D72/><U43/><E121/><V48/><F95/><W117/><G64/><T71/><REACH who="0" step="1"/><D15/><REACH who="0" ten="288,124,250,328" step="2"/><N who="1" m="5707" /><E120/><V102/><F4/><W27/><G10/><T126/><D126/><U131/><E131/><V7/><F8/><W69/><G69/><AGARI ba="0,1" hai="47,50,52,56,63,66,69,71,86,91,94,104,105,106" machi="69" ten="40,5200,0" yaku="1,1,52,1,54,1,53,0" doraHai="57" doraHaiUra="78" who="0" fromWho="3" sc="288,62,124,0,250,0,328,-52" /><INIT seed="2,0,0,3,4,49" ten="350,124,250,276" oya="2" hai0="97,51,12,20,11,19,77,23,122,1,57,3,42" hai1="44,10,116,34,27,45,69,118,66,117,105,108,29" hai2="106,0,126,55,41,129,107,86,80,17,128,109,134" hai3="91,113,56,39,94,5,21,92,104,78,82,67,28"/><V7/><F41/><W54/><G104/><T58/><D122/><U98/><E108/><V123/><F123/><W102/><G39/><T111/><D111/><U13/><E13/><V95/><F109/><W103/><G113/><T127/><D127/><U96/><E10/><N who="2" m="2407" /><F95/><W62/><G5/><T9/><D77/><U89/><E89/><V63/><F17/><W73/><G92/><T2/><D97/><U71/><E98/><V48/><F63/><W100/><G28/><T26/><D57/><U132/><E132/><V14/><F126/><W59/><G21/><T15/><D42/><U61/><REACH who="1" step="1"/><E71/><REACH who="1" ten="350,114,250,276" step="2"/><V99/><F99/><W68/><G91/><T43/><D11/><U53/><E53/><V125/><F14/><W47/><G94/><T84/><D15/><U88/><E88/><N who="2" m="51271" /><F134/><W120/><G120/><T93/><D3/><U33/><E33/><V6/><F125/><W81/><G82/><T65/><D2/><U83/><E83/><V101/><F101/><AGARI ba="0,1" hai="27,29,34,44,45,61,66,69,96,101,105,116,117,118" machi="101" ten="40,8000,1" yaku="1,1,25,2,53,1" doraHai="49" doraHaiUra="24" who="1" fromWho="2" sc="350,0,114,90,250,-80,276,0" /><INIT seed="3,0,0,1,1,59" ten="350,204,170,276" oya="3" hai0="75,55,6,110,21,115,26,97,96,79,41,56,124" hai1="7,118,125,1,10,105,50,135,132,74,81,27,103" hai2="128,119,108,71,63,111,25,73,47,95,40,129,85" hai3="67,88,22,69,49,54,100,93,98,5,61,120,121"/><W116/><G116/><T34/><D34/><U90/><E118/><V83/><F119/><W53/><G5/><T18/><D110/><N who="2" m="42026" /><F25/><W52/><G49/><T102/><D115/><U31/><E125/><V4/><F4/><W122/><REACH who="3" step="1"/><G22/><REACH who="3" ten="350,204,170,266" step="2"/><T101/><D21/><U13/><E7/><V130/><F47/><W64/><G64/><T35/><D6/><U123/><E1/><V15/><F40/><W62/><G62/><T86/><D41/><U80/><E50/><V126/><F126/><W48/><G48/><T46/><D124/><U89/><E135/><V82/><F15/><W8/><G8/><T87/><D35/><U66/><E10/><V134/><F134/><W104/><G104/><T42/><D42/><U12/><E13/><V9/><F9/><W51/><G51/><T94/><D46/><U72/><E12/><V2/><F2/><W117/><G117/><T113/><D113/><U38/><E132/><V84/><F63/><W36/><G36/><T23/><D23/><U45/><E45/><V11/><F11/><W33/><G33/><T14/><D14/><U91/><E38/><V107/><F107/><W17/><G17/><T60/><D18/><U114/><E114/><V44/><F44/><W78/><G78/><T131/><D79/><N who="1" m="44135" /><E66/><V109/><F109/><W112/><G112/><T0/><D60/><U57/><E105/><V19/><F19/><W99/><G99/><T68/><D97/><U37/><E37/><V127/><F127/><W3/><G3/><T20/><D0/><U70/><E27/><V76/><F76/><W28/><G28/><RYUUKYOKU ba="0,1" sc="350,-10,204,-10,170,-10,266,30" hai3="52,53,54,61,67,69,88,93,98,100,120,121,122" /><INIT seed="3,1,1,1,4,114" ten="340,194,160,296" oya="3" hai0="125,131,12,98,87,29,104,10,127,80,56,16,103" hai1="107,41,23,37,95,50,101,51,76,134,72,26,97" hai2="109,113,67,43,116,64,77,100,57,48,22,35,111" hai3="15,73,129,30,1,81,94,133,123,110,54,120,79"/><W4/><G133/><T8/><D131/><U34/><E34/><V5/><F35/><W59/><G129/><T2/><D29/><U75/><E134/><V11/><F113/><W96/><G1/><T118/><D118/><U21/><E37/><V52/><F77/><W102/><G110/><N who="2" m="41993" /><F100/><W135/><G135/><T88/><D56/><U86/><E75/><V78/><F78/><W18/><G30/><T69/><D69/><U55/><E41/><V61/><F22/><N who="1" m="8201" /><E26/><V117/><F43/><W49/><REACH who="3" step="1"/><G4/><REACH who="3" ten="340,194,160,286" step="2"/><T99/><D2/><U82/><E55/><V83/><F83/><W31/><G31/><T20/><D99/><U44/><E97/><V63/><F67/><W38/><G38/><T130/><D130/><U119/><E82/><V124/><F124/><AGARI ba="1,2" hai="8,10,12,16,20,80,87,88,98,103,104,124,125,127" machi="124" ten="40,5200,0" yaku="18,1,54,2" doraHai="114" who="0" fromWho="2" sc="340,75,194,0,160,-55,286,0" owari="415,51.5,194,-20.6,105,-39.5,286,8.6" /></mjloggm>