<mjloggm ver="2.3"><GO type="225" lobby="0"/><UN n0="%6D%75%75%6D%75%72%61" n1="%E3%81%95%E3%81%8D%E3%81%9F%E3%81%BE%E6%9E%97%E6%AA%8E" n2="%E3%81%82%E3%81%84%E3%81%82%E3%81%8A%E3%81%84" n3="%E3%81%9F%E3%81%93%E2%98%86%E7%84%BC%E3%81%8D" dan="16,16,18,16" rate="2160.64,2134.92,2211.58,2110.70" sx="F,M,M,M"/><TAIKYOKU oya="0"/><INIT seed="0,0,0,5,0,74" ten="250,250,250,250" oya="0" hai0="113,5,96,75,91,51,38,17,41,28,112,18,89" hai1="34,46,127,86,58,56,2,133,124,108,30,129,35" hai2="42,85,78,102,104,87,36,29,135,114,80,134,81" hai3="39,4,23,37,131,72,79,132,8,125,71,15,110"/><T10/><D38/><U19/><E108/><V50/><F36/><W32/><G79/><T103/><D75/><U44/><E2/><V73/><F29/><W12/><G23/><T47/><D28/><U84/><E133/><N who="2" m="50699" /><F50/><W99/><G99/><T92/><D112/><U40/><E30/><V68/><F42/><W33/><G8/><T21/><D113/><U54/><E19/><V69/><F114/><W65/><G4/><T9/><D9/><U123/><E54/><V98/><F73/><W1/><G65/><T3/><REACH who="0" step="1"/><D18/><REACH who="0" ten="240,250,250,250" step="2"/><U101/><E123/><V60/><F60/><W48/><G37/><T25/><AGARI ba="0,1" hai="3,5,10,17,21,25,41,47,51,89,91,92,96,103" machi="25" ten="20,7800,0" yaku="1,1,2,1,0,1,7,1,53,0" doraHai="74" doraHaiUra="128" who="0" fromWho="0" sc="240,88,250,-26,250,-26,250,-26" /><INIT seed="0,1,0,1,1,28" ten="328,224,224,224" oya="0" hai0="91,120,21,68,109,72,129,87,130,103,70,102,114" hai1="73,42,80,30,113,100,116,117,12,46,55,0,135" hai2="71,33,76,95,17,93,132,18,126,49,104,112,26" hai3="36,29,107,35,75,24,74,78,59,106,25,22,105"/><T69/><D114/><U11/><E135/><V67/><F112/><W4/><G36/><T63/><D120/><U66/><E66/><V53/><F76/><W110/><G110/><T134/><D134/><U98/><E0/><V14/><F132/><W34/><G4/><T3/><D72/><U96/><E55/><V7/><F7/><W9/><G9/><T32/><D3/><U86/><E73/><V84/><F104/><W43/><G43/><T38/><D38/><U62/><E62/><V60/><F126/><W82/><G75/><T119/><D119/><U41/><E113/><V45/><F84/><W56/><REACH who="3" step="1"/><G34/><REACH who="3" ten="328,224,224,214" step="2"/><T99/><D32/><U54/><E42/><V44/><F33/><W37/><G37/><T89/><D109/><U97/><E41/><V19/><F14/><W51/><G51/><T85/><D129/><U83/><E11/><V20/><REACH who="2" step="1"/><F45/><REACH who="2" ten="328,224,214,214" step="2"/><W50/><G50/><T125/><D130/><U52/><E12/><V58/><F58/><W13/><G13/><T39/><D70/><U61/><E46/><V133/><F133/><W123/><G123/><T64/><D69/><U31/><E116/><V2/><F2/><W5/><G5/><T94/><D68/><U1/><E1/><V6/><F6/><W65/><G65/><T121/><D121/><U88/><E117/><V27/><F27/><W8/><G8/><T15/><D125/><U131/><E131/><V79/><F79/><W81/><G81/><T101/><D64/><U57/><E83/><V77/><F77/><W23/><G23/><T92/><D21/><U127/><E80/><RYUUKYOKU ba="1,2" sc="328,-15,224,-15,214,15,214,15" hai2="17,18,19,20,26,44,49,53,60,67,71,93,95" hai3="22,24,25,29,35,56,59,74,78,82,105,106,107" /><INIT seed="1,2,2,3,5,91" ten="313,209,229,229" oya="1" hai0="44,28,68,108,24,16,116,48,46,128,111,132,103" hai1="106,42,29,45,114,73,3,133,58,63,86,123,70" hai2="20,88,124,5,14,51,49,99,12,84,72,0,74" hai3="101,89,82,55,23,31,11,67,52,30,64,92,54"/><U36/><E114/><V120/><F120/><W129/><G101/><T26/><D116/><U59/><E123/><V79/><F124/><W107/><G107/><T1/><D128/><U66/><E73/><V38/><F38/><W34/><G34/><T4/><D132/><U60/><E106/><V100/><F0/><W27/><G82/><T2/><D68/><U105/><E105/><V117/><F117/><W85/><G129/><T87/><D103/><U13/><E3/><V93/><F5/><W65/><REACH who="3" step="1"/><G11/><REACH who="3" ten="313,209,229,219" step="2"/><T95/><D108/><U22/><E133/><V17/><F79/><W122/><G122/><T119/><D111/><U115/><E115/><V32/><F32/><W61/><G61/><T39/><D119/><U90/><E63/><V10/><F74/><W118/><G118/><T98/><D1/><U6/><E6/><N who="2" m="3159" /><F72/><W21/><G21/><T109/><D2/><U33/><E33/><V47/><F47/><W94/><G94/><AGARI ba="2,3" hai="14,17,20,49,51,84,88,93,94,99,100" m="3159" machi="94" ten="30,7700,0" yaku="8,1,52,2,54,1" doraHai="91" who="2" fromWho="3" sc="313,0,209,0,229,113,219,-83" /><INIT seed="2,0,0,4,5,37" ten="313,209,342,136" oya="2" hai0="80,76,57,65,99,50,45,6,119,51,44,88,20" hai1="89,13,55,7,133,53,1,97,43,22,10,82,95" hai2="56,131,120,64,26,128,93,100,121,127,98,58,38" hai3="42,96,135,61,116,36,107,94,85,86,91,33,70"/><V16/><F38/><W27/><G116/><T124/><D119/><U132/><E82/><V41/><F127/><W17/><G135/><T21/><D124/><U67/><E67/><V90/><F41/><W81/><G86/><N who="0" m="50247" /><D76/><U123/><E123/><V62/><F58/><W125/><G125/><T63/><D6/><U60/><E60/><V32/><F100/><W9/><G107/><T109/><D99/><U23/><E43/><V54/><F64/><W87/><G70/><T102/><D109/><U111/><E111/><V3/><F3/><W79/><G61/><T46/><D102/><U77/><E77/><V72/><F72/><W126/><G126/><T12/><D12/><U40/><E40/><V35/><F35/><W5/><G33/><T106/><D106/><U84/><E97/><V28/><REACH who="2" step="1"/><F16/><REACH who="2" ten="313,209,332,136" step="2"/><W115/><G17/><T103/><D103/><U14/><E133/><V0/><F0/><W110/><G110/><T118/><D118/><U25/><E1/><V48/><F48/><AGARI ba="0,1" hai="20,21,44,45,46,48,50,51,57,63,65" m="50247" machi="48" ten="30,2000,0" yaku="8,1,54,1" doraHai="37" who="0" fromWho="2" sc="313,30,209,0,332,-20,136,0" /><INIT seed="3,0,0,0,0,36" ten="343,209,312,136" oya="3" hai0="134,9,71,75,68,16,118,85,92,104,17,63,3" hai1="135,119,35,57,0,53,78,42,59,28,12,74,4" hai2="70,133,11,54,39,38,112,87,13,111,66,62,7" hai3="43,115,40,21,91,90,58,48,25,23,15,31,120"/><W88/><G120/><T101/><D118/><U128/><E0/><V121/><F112/><W107/><G107/><T26/><D75/><U6/><E135/><V114/><F114/><W14/><G115/><T123/><D123/><U99/><E128/><V1/><F121/><W60/><G48/><T79/><D134/><U98/><E74/><V52/><F133/><W124/><G124/><T29/><D3/><U125/><E78/><V94/><F111/><W55/><REACH who="3" step="1"/><G21/><REACH who="3" ten="343,209,312,126" step="2"/><T126/><D104/><U116/><E125/><V110/><F39/><W131/><G131/><T80/><D126/><U44/><E119/><V83/><F38/><W103/><G103/><T109/><D101/><U19/><E116/><V100/><F100/><W129/><G129/><T108/><D109/><U56/><E35/><V95/><F110/><W130/><G130/><T93/><D108/><U67/><E28/><V89/><F1/><W34/><G34/><T50/><D50/><U64/><E64/><V65/><F66/><W27/><G27/><T117/><D26/><U22/><E67/><V113/><F113/><W24/><G24/><T33/><D29/><U132/><E132/><V46/><F46/><W77/><G77/><T105/><D33/><U37/><E37/><V127/><F127/><W51/><G51/><T49/><D117/><U61/><E44/><V32/><F32/><W8/><G8/><T102/><D49/><U2/><E2/><V81/><F65/><W84/><G84/><T45/><D45/><U86/><E86/><V41/><F87/><W47/><G47/><T5/><D79/><RYUUKYOKU ba="0,1" sc="343,-10,209,-10,312,-10,126,30" hai3="14,15,23,25,31,40,43,55,58,60,88,90,91" /><INIT seed="3,1,1,2,5,38" ten="333,199,302,156" oya="3" hai0="101,127,119,128,90,85,61,42,96,132,105,59,57" hai1="107,51,23,92,40,0,67,15,135,17,36,13,26" hai2="8,66,93,46,34,43,111,12,124,70,56,110,19" hai3="100,6,95,64,47,71,77,134,7,120,2,54,21"/><W79/><G120/><T50/><D119/><U75/><E107/><V115/><F115/><W24/><G134/><T31/><D132/><U45/><E0/><V60/><F34/><W11/><G6/><T112/><D127/><U27/><E135/><V78/><F124/><W30/><G71/><T129/><D112/><U131/><E75/><V106/><F106/><W53/><G64/><N who="0" m="38959" /><D31/><U16/><E131/><N who="0" m="50249" /><D42/><U102/><E36/><V81/><F93/><W83/><G79/><T97/><D97/><N who="1" m="59687" /><E67/><V62/><F62/><W5/><G5/><T130/><D130/><U10/><AGARI ba="1,1" hai="10,13,15,16,17,23,26,27,40,45,51" m="59687" machi="10" ten="30,4000,0" yaku="8,1,52,1,54,1" doraHai="38" who="1" fromWho="1" sc="333,-11,199,53,302,-11,156,-21" owari="322,42.2,252,-14.8,291,9.1,135,-36.5" /></mjloggm>