<mjloggm ver="2.3"><GO type="225" lobby="0"/><UN n0="%E5%86%B7%E5%87%8D%E3%82%AE%E3%83%A7%E3%83%BC%E3%82%B6" n1="%30%2E%31%32%30" n2="%6D%75%75%6D%75%72%61" n3="%E3%81%AF%E3%82%88%E3%81%8A%E3%81%98%E3%81%95%E3%82%93" dan="16,16,17,17" rate="2125.17,2129.48,2250.59,2142.61" sx="M,M,F,M"/><TAIKYOKU oya="0"/><INIT seed="0,0,0,1,5,127" ten="250,250,250,250" oya="0" hai0="43,108,21,5,93,18,98,38,8,15,97,16,79" hai1="85,104,133,59,7,122,22,116,60,23,68,88,99" hai2="77,41,109,62,94,50,73,125,31,20,119,84,35" hai3="89,17,118,1,82,120,95,13,121,19,70,11,65"/><T124/><D124/><U6/><E68/><V102/><F125/><W130/><G118/><T45/><D108/><U53/><E122/><N who="3" m="47210" /><G1/><T27/><D79/><U75/><E75/><V12/><F119/><W46/><G46/><T72/><D72/><U83/><E133/><V100/><F62/><N who="3" m="40247" /><G82/><T71/><D71/><U29/><E116/><V69/><F94/><W49/><G49/><T0/><REACH who="0" step="1"/><D93/><REACH who="0" ten="240,250,250,250" step="2"/><N who="1" m="56743" /><E104/><V106/><F77/><W123/><G123/><T128/><D128/><U30/><E83/><V107/><F109/><W51/><G130/><T105/><D105/><U74/><E74/><V37/><F73/><W36/><G36/><T110/><D110/><U115/><E115/><V86/><F37/><W78/><G78/><T129/><D129/><U33/><E85/><V3/><F86/><W4/><G51/><T114/><D114/><U28/><E33/><V39/><F35/><W58/><G58/><T81/><D81/><U126/><E126/><V44/><F69/><W14/><G95/><T76/><D76/><U132/><E132/><V92/><F106/><W117/><G117/><T32/><D32/><U111/><E111/><V103/><F107/><W64/><G89/><T63/><D63/><U56/><E60/><V113/><F113/><W34/><G34/><T57/><D57/><U54/><E59/><V66/><F50/><W61/><G61/><T40/><D40/><U2/><E56/><V96/><F41/><W91/><G91/><T80/><D80/><U9/><E54/><V131/><F131/><W24/><G64/><T101/><D101/><N who="2" m="39018" /><F66/><W52/><G52/><RYUUKYOKU ba="0,1" sc="240,30,250,-10,250,-10,250,-10" hai0="0,5,8,15,16,18,21,27,38,43,45,97,98" /><INIT seed="0,1,1,3,1,87" ten="270,240,240,240" oya="0" hai0="20,119,102,49,18,122,34,68,21,94,39,6,2" hai1="108,33,24,54,124,121,38,85,30,78,1,10,63" hai2="107,55,60,45,118,69,43,16,77,29,135,32,104" hai3="133,100,86,127,25,126,5,73,112,44,115,96,9"/><T14/><D119/><U134/><E121/><V130/><F118/><W15/><G73/><T109/><D39/><U80/><E108/><V64/><F130/><W95/><G133/><T50/><D122/><U46/><E124/><N who="3" m="47658" /><G25/><T47/><D34/><U26/><E134/><V22/><F135/><W71/><G71/><T28/><D68/><U82/><E26/><V67/><F29/><W92/><G44/><T129/><D129/><U76/><E63/><V4/><F32/><W58/><G58/><T65/><D65/><U3/><E10/><V35/><F35/><W41/><G41/><T84/><D109/><U114/><E114/><N who="3" m="43562" /><G86/><T128/><D128/><U27/><E27/><V120/><F120/><W19/><G95/><T74/><D74/><U57/><E46/><V97/><F67/><W75/><G75/><T23/><D28/><U90/><E38/><V103/><F55/><W93/><G92/><T13/><D47/><U125/><E125/><V72/><F45/><W105/><G105/><T61/><D84/><U31/><E31/><V116/><F104/><W89/><G19/><T59/><D18/><U52/><E54/><V111/><F43/><W113/><N who="3" m="43570" /><W17/><DORA hai="48" /><G17/><T88/><D94/><U11/><E80/><N who="2" m="45095" /><F111/><W7/><G7/><T106/><D106/><U79/><REACH who="1" step="1"/><E11/><REACH who="1" ten="270,230,240,240" step="2"/><V70/><F116/><W51/><G51/><T0/><D49/><U37/><E37/><V98/><F60/><W56/><G56/><T91/><D50/><U83/><E83/><V81/><F81/><W123/><G123/><T99/><D61/><U117/><E117/><RYUUKYOKU ba="1,2" sc="270,-15,230,15,240,-15,240,15" hai1="1,3,24,30,33,52,57,76,78,79,82,85,90" hai3="5,9,15,89,93,96,100" /><INIT seed="1,2,2,2,3,6" ten="255,245,225,255" oya="1" hai0="133,15,68,63,107,113,84,111,127,52,31,120,116" hai1="48,99,23,29,49,4,121,58,47,76,98,122,61" hai2="64,36,118,44,114,105,13,9,115,100,11,0,40" hai3="72,112,83,45,119,66,93,117,128,60,129,2,24"/><U110/><E110/><V26/><F118/><N who="3" m="45067" /><G112/><N who="2" m="43049" /><F0/><W3/><G45/><T56/><D113/><U90/><E76/><V14/><F26/><W104/><G104/><T43/><D116/><U62/><E122/><V82/><F64/><W78/><G128/><T38/><D120/><U103/><E121/><V69/><F69/><N who="3" m="42183" /><G129/><T1/><D1/><U17/><E29/><V108/><F108/><W27/><G93/><T18/><D111/><U42/><E4/><N who="2" m="3239" /><F82/><W91/><G2/><T96/><D31/><U39/><E39/><V106/><F100/><W32/><G3/><T74/><D68/><U41/><E103/><V67/><F67/><W8/><G32/><T28/><D28/><U135/><E135/><V95/><F95/><W51/><G91/><T81/><D107/><U131/><E131/><V35/><F35/><W130/><G130/><T101/><D133/><U94/><E94/><V7/><AGARI ba="2,2" hai="7,11,14,36,40,44,105,106" m="3239,43049" machi="7" ten="30,4000,0" yaku="11,1,52,2" doraHai="6" who="2" fromWho="2" sc="255,-12,245,-22,225,66,255,-12" /><INIT seed="2,0,0,0,3,99" ten="243,223,291,243" oya="2" hai0="39,97,28,43,17,11,112,29,54,21,22,128,76" hai1="84,15,103,77,69,34,123,87,81,108,53,26,37" hai2="89,16,85,25,105,135,92,80,49,27,48,127,59" hai3="31,104,66,134,46,24,111,71,2,32,120,45,65"/><V113/><F113/><W23/><G120/><T94/><D112/><U79/><E69/><V133/><F105/><W0/><G104/><T8/><D128/><U42/><E123/><V70/><F70/><W95/><G111/><T122/><D122/><U109/><E15/><V126/><F80/><W7/><G134/><N who="2" m="51209" /><F59/><W101/><G32/><T40/><D76/><U64/><E64/><V116/><F116/><W129/><G129/><T9/><D54/><U14/><E14/><V68/><F68/><W58/><G71/><T73/><D73/><U52/><E26/><N who="2" m="9739" /><F16/><W115/><G115/><T47/><D43/><U114/><E114/><V82/><F82/><W62/><G66/><T36/><D36/><U121/><E121/><V67/><F67/><W19/><G19/><T10/><N who="0" m="2048" /><DORA hai="74" /><T83/><D83/><U18/><E18/><V100/><F100/><W20/><G20/><T132/><D132/><U57/><E81/><V60/><F60/><W106/><G106/><T125/><D17/><U90/><E103/><V56/><F56/><W3/><G7/><T96/><D21/><U107/><E107/><V119/><F119/><W131/><G131/><T72/><D22/><U102/><E102/><V61/><F61/><W63/><G62/><T5/><D72/><U30/><E57/><V75/><F75/><W78/><G78/><T35/><D29/><U38/><E30/><V124/><AGARI ba="0,0" hai="48,49,85,89,92,124,126,127" m="9739,51209" machi="124" ten="40,3900,0" yaku="18,1,20,1" doraHai="99,74" who="2" fromWho="2" sc="243,-13,223,-13,291,39,243,-13" /><INIT seed="2,1,0,0,2,43" ten="230,210,330,230" oya="2" hai0="72,73,123,50,35,131,60,53,89,83,68,47,2" hai1="99,57,17,93,9,105,38,46,85,81,124,102,112" hai2="34,122,82,107,80,77,96,49,92,28,23,3,55" hai3="116,61,66,110,114,20,119,97,70,64,130,132,128"/><V39/><F122/><W22/><G110/><T127/><D123/><U95/><E124/><V32/><F107/><W135/><G97/><T100/><D127/><U4/><E112/><V1/><F39/><W40/><G114/><T19/><D131/><N who="3" m="50217" /><G64/><T33/><D2/><U87/><E57/><V11/><F23/><N who="3" m="8747" /><G40/><T129/><D129/><U14/><E38/><V104/><F104/><W27/><G27/><T37/><D37/><U98/><E46/><V118/><F118/><AGARI ba="1,0" hai="61,66,70,116,118,119,132,135" m="8747,50217" machi="118" ten="40,1300,0" yaku="19,1" doraHai="43" who="3" fromWho="2" sc="230,0,210,0,330,-16,230,16" /><INIT seed="3,0,0,3,3,125" ten="230,210,314,246" oya="3" hai0="92,48,0,1,17,71,31,8,46,36,127,49,107" hai1="41,105,65,135,132,104,44,60,74,122,19,63,76" hai2="77,133,96,128,129,18,30,89,66,64,42,40,99" hai3="124,23,67,106,75,85,95,73,78,62,81,16,56"/><W69/><G106/><N who="1" m="41066" /><E19/><V52/><F77/><W21/><G124/><T43/><D107/><U58/><E76/><V35/><F133/><N who="1" m="51273" /><E74/><V2/><F18/><W102/><G21/><T87/><D127/><U11/><E11/><V90/><F2/><W5/><G5/><T131/><D71/><U24/><E24/><V84/><F84/><W119/><G119/><T114/><D114/><U7/><E7/><V93/><F52/><W108/><G108/><T45/><D31/><U3/><E3/><V91/><F91/><W47/><G47/><T6/><D0/><U88/><E60/><V113/><F113/><W98/><G69/><T134/><D134/><U80/><E122/><V82/><F30/><W110/><REACH who="3" step="1"/><G110/><REACH who="3" ten="230,210,314,236" step="2"/><T10/><D6/><U32/><E32/><V61/><F35/><W38/><G38/><T57/><D36/><U12/><E44/><V103/><F90/><W83/><G83/><T33/><D33/><U22/><E80/><V28/><F82/><W37/><G37/><T68/><D68/><U116/><E116/><V4/><F89/><W118/><G118/><T94/><D45/><U50/><E88/><V126/><F126/><W54/><G54/><T14/><D46/><N who="1" m="25935" /><E22/><V26/><F4/><W72/><G72/><T20/><D20/><U79/><E79/><V101/><F40/><W120/><G120/><T34/><D43/><U25/><E25/><AGARI ba="0,1" hai="16,23,25,56,62,67,73,75,78,81,85,95,98,102" machi="25" ten="30,5800,0" yaku="1,1,7,1,54,1,53,0" doraHai="125" doraHaiUra="86" who="3" fromWho="1" sc="230,0,210,-58,314,0,236,68" /><INIT seed="3,1,0,5,0,99" ten="230,152,314,304" oya="3" hai0="65,21,134,100,8,52,30,130,13,28,49,14,39" hai1="133,64,37,97,89,26,108,35,86,0,77,61,126" hai2="33,59,53,116,18,106,48,27,81,46,56,73,9" hai3="80,1,40,128,123,10,69,36,63,7,34,43,115"/><W101/><G123/><T55/><D39/><U23/><E108/><V54/><F116/><W102/><G115/><T117/><D117/><U82/><E37/><V71/><F71/><W12/><G34/><T51/><D130/><U19/><E126/><V66/><F106/><W121/><G121/><T85/><D65/><U119/><E119/><V15/><F66/><W11/><G128/><T32/><D32/><U113/><E113/><V29/><F54/><W78/><G69/><T20/><D85/><U58/><E0/><V111/><F111/><W6/><G63/><T93/><D134/><U127/><E127/><V75/><F75/><N who="3" m="43103" /><G43/><T62/><D93/><U24/><E35/><V42/><F42/><W16/><G7/><T122/><D8/><U70/><E70/><V84/><F73/><W79/><G79/><AGARI ba="1,0" hai="9,15,18,27,29,33,46,48,53,56,59,79,81,84" machi="79" ten="30,1000,0" yaku="7,1" doraHai="99" who="2" fromWho="3" sc="230,0,152,0,314,13,304,-13" owari="230,-17.0,152,-34.8,327,42.7,291,9.1" /></mjloggm>