<mjloggm ver="2.3"><GO type="225" lobby="0"/><UN n0="%4B%2E%32%2E%4B%2E" n1="%72%69%6F%75%63%68%61%6E" n2="%E9%97%98%E5%B0%86%E3%81%A0%E3%82%93%E3%81%A7%E3%81%83" n3="%E3%81%B5%E3%81%98%E3%81%8B%E3%81%A4" dan="16,16,16,17" rate="2099.06,2225.48,2144.50,2174.21" sx="M,M,M,M"/><TAIKYOKU oya="0"/><INIT seed="0,0,0,1,3,10" ten="250,250,250,250" oya="0" hai0="100,71,57,95,93,101,126,61,44,63,49,8,0" hai1="3,114,29,32,116,2,38,112,60,5,4,20,19" hai2="14,88,15,74,118,113,99,90,46,23,85,119,1" hai3="111,21,97,67,84,102,134,48,133,72,39,7,122"/><T18/><D126/><U76/><E38/><V124/><F1/><N who="1" m="9" /><E76/><V25/><F113/><N who="1" m="43625" /><E60/><V6/><F6/><N who="1" m="2665" /><E116/><N who="2" m="44587" /><F124/><W54/><G72/><T73/><D71/><U80/><E80/><N who="2" m="49191" /><F74/><W106/><G7/><T12/><D0/><U66/><E66/><V28/><F46/><W27/><G39/><T55/><D73/><U68/><E68/><V87/><F99/><W130/><G111/><T51/><D51/><U131/><E131/><V24/><F24/><W47/><G130/><T86/><D63/><U79/><E79/><V16/><F28/><W135/><G122/><T45/><D45/><U43/><E43/><V96/><F96/><W52/><G84/><T64/><D86/><U53/><E53/><V105/><F105/><W94/><G67/><T42/><D42/><U127/><E127/><V123/><F123/><W91/><G54/><T77/><D77/><U56/><E56/><V50/><F50/><W35/><G35/><T62/><D62/><U110/><E110/><V34/><F34/><W89/><REACH who="3" step="1"/><G106/><REACH who="3" ten="250,250,250,240" step="2"/><T13/><D64/><U59/><E32/><V81/><AGARI ba="0,1" hai="14,15,16,23,25,81,87,90" m="49191,44587" machi="81" ten="30,8000,1" yaku="12,1,52,2,54,2" doraHai="10" who="2" fromWho="2" sc="250,-40,250,-20,250,90,240,-20" /><INIT seed="1,0,0,4,1,59" ten="210,230,340,220" oya="1" hai0="86,120,65,11,40,78,58,96,6,12,71,55,103" hai1="66,23,126,88,84,73,60,2,80,82,93,37,112" hai2="118,104,33,129,53,47,125,69,1,8,16,113,15" hai3="111,115,85,99,31,95,116,108,133,3,42,5,34"/><U43/><E112/><V21/><F118/><W49/><G115/><T92/><D120/><U29/><E126/><V97/><F69/><W45/><G116/><T22/><D40/><U127/><E127/><V74/><F74/><W35/><G133/><T36/><D36/><U132/><E2/><V89/><F113/><W79/><G31/><T100/><D71/><U91/><E132/><V44/><F33/><W123/><G123/><T119/><D119/><U0/><E0/><V124/><F124/><W67/><G67/><T81/><D22/><U110/><E73/><V131/><F125/><W77/><G5/><T107/><D65/><U122/><E122/><V24/><F1/><W64/><G64/><T27/><D27/><N who="1" m="16639" /><E37/><V17/><F53/><W72/><G72/><T51/><REACH who="0" step="1"/><D107/><REACH who="0" ten="200,230,340,220" step="2"/><U135/><E135/><V83/><F104/><W54/><G42/><T62/><D62/><U68/><E43/><V50/><F24/><W18/><G35/><T13/><D13/><U105/><E105/><V14/><F14/><W26/><G34/><T128/><D128/><U30/><E30/><V38/><F38/><W56/><G3/><T46/><D46/><U63/><E110/><N who="3" m="42026" /><G45/><T20/><D20/><U94/><E68/><V121/><F47/><W28/><G26/><T10/><D10/><U57/><E60/><V70/><F70/><W9/><G9/><T41/><D41/><U102/><E102/><AGARI ba="0,1" hai="6,11,12,51,55,58,78,81,86,92,96,100,102,103" machi="102" ten="30,3900,0" yaku="1,1,7,1,8,1,53,0" doraHai="59" doraHaiUra="130" who="0" fromWho="1" sc="200,49,230,-39,340,0,220,0" /><INIT seed="2,0,0,2,5,107" ten="249,191,340,220" oya="2" hai0="43,87,29,10,4,30,85,9,68,41,116,78,12" hai1="74,76,118,117,100,88,47,134,23,105,81,24,13" hai2="135,16,96,132,70,94,36,38,115,26,59,50,79" hai3="110,91,125,129,104,86,92,130,106,2,103,99,25"/><V31/><F70/><W73/><G2/><T51/><D68/><U57/><E134/><V6/><F115/><W108/><G25/><T83/><D116/><U127/><E127/><V55/><F6/><W35/><G125/><T128/><D128/><N who="3" m="49257" /><G35/><T46/><D41/><U33/><E47/><V93/><F93/><N who="3" m="54519" /><G73/><T52/><D52/><U124/><E124/><V42/><F79/><W121/><G121/><T90/><D10/><U126/><E126/><V34/><F42/><W114/><G114/><T61/><D61/><U48/><E33/><V82/><F82/><AGARI ba="0,0" hai="4,9,12,29,30,43,46,51,78,82,83,85,87,90" machi="82" ten="30,7700,0" yaku="7,1,25,2,8,1" doraHai="107" who="0" fromWho="2" sc="249,77,191,0,340,-77,220,0" /><INIT seed="3,0,0,5,0,58" ten="326,191,263,220" oya="3" hai0="17,108,53,68,31,21,120,1,124,79,122,72,20" hai1="60,93,41,36,22,75,59,80,74,38,121,134,66" hai2="135,106,99,65,77,111,32,129,52,48,23,131,43" hai3="116,90,123,102,100,6,54,40,28,88,69,103,55"/><W84/><G123/><T117/><D68/><U47/><E121/><V24/><F32/><W9/><G116/><T71/><D71/><U61/><E134/><V81/><F135/><W104/><G104/><T127/><D117/><U126/><E126/><N who="0" m="48169" /><D108/><U97/><E36/><V89/><F43/><W91/><G69/><T26/><D1/><U18/><E80/><V73/><F65/><W14/><G40/><T42/><D42/><U76/><E76/><V107/><F111/><W113/><G113/><T12/><D53/><N who="3" m="19977" /><G28/><T85/><D72/><U118/><E118/><V109/><F109/><W25/><G25/><T50/><D50/><U11/><E11/><V7/><F7/><W128/><G128/><N who="2" m="49225" /><F89/><W63/><G63/><T8/><D8/><U87/><E87/><AGARI ba="0,0" hai="6,9,14,84,87,88,90,91,100,102,103" m="19977" machi="87" ten="40,3900,0" yaku="8,1,54,1" doraHai="58" who="3" fromWho="1" sc="326,0,191,-39,263,0,220,39" /><INIT seed="3,1,0,3,4,64" ten="326,152,263,259" oya="3" hai0="55,117,63,43,91,123,93,80,103,61,134,68,132" hai1="105,76,13,3,7,60,51,84,92,18,20,111,98" hai2="38,31,1,81,113,2,83,32,22,126,19,116,46" hai3="85,56,12,50,54,130,125,108,29,114,42,47,34"/><W5/><G114/><T26/><D123/><U86/><E111/><V97/><F113/><W59/><G108/><T62/><D117/><U95/><E3/><V67/><F116/><W124/><G130/><T40/><D68/><U21/><E105/><V45/><F32/><W28/><G85/><T82/><D103/><U94/><E7/><V10/><F31/><W122/><G122/><T96/><D55/><U75/><E75/><V89/><F67/><W37/><G59/><T49/><D26/><U72/><E72/><V58/><F58/><W16/><G5/><T48/><D48/><U119/><E119/><V106/><F126/><N who="3" m="48747" /><G34/><T102/><D102/><U44/><E98/><V133/><F133/><N who="0" m="51306" /><D49/><U35/><E35/><V25/><F46/><W90/><G90/><T77/><D82/><U33/><E33/><V109/><F109/><W71/><G71/><T112/><D112/><U17/><E60/><V69/><F69/><W23/><AGARI ba="1,0" hai="12,16,23,28,29,37,42,47,50,54,56" m="48747" machi="23" ten="30,3000,0" yaku="18,1,54,1" doraHai="64" who="3" fromWho="3" sc="326,-11,152,-11,263,-11,259,33" /><INIT seed="3,2,0,5,0,111" ten="315,141,252,292" oya="3" hai0="15,57,10,11,101,73,64,31,117,129,79,2,25" hai1="91,96,56,16,108,112,99,90,124,46,38,22,100" hai2="71,30,128,123,52,67,40,134,121,32,53,8,35" hai3="104,33,125,65,68,20,49,9,133,80,88,83,37"/><W84/><G104/><T50/><D117/><U135/><E124/><V27/><F128/><W29/><G37/><T127/><D2/><U42/><E135/><V126/><F134/><W76/><G133/><T59/><D129/><U93/><E108/><V85/><F126/><W39/><G39/><T130/><D130/><U131/><E131/><V14/><F40/><W81/><G33/><T0/><D0/><U55/><E112/><V12/><F12/><W69/><G9/><T106/><D73/><U116/><E116/><V120/><F35/><W82/><G65/><T43/><D79/><U34/><E34/><V87/><F67/><W47/><G125/><T63/><D101/><U74/><E74/><V115/><F71/><W7/><G7/><T118/><D106/><U28/><E28/><V48/><F115/><W114/><G114/><T107/><D107/><U60/><REACH who="1" step="1"/><E99/><REACH who="1" ten="315,131,252,292" step="2"/><V3/><F120/><W86/><G69/><T66/><D118/><U45/><E45/><V95/><F121/><W119/><G68/><T44/><D127/><U103/><E103/><V58/><F123/><W102/><G102/><T113/><D113/><U17/><E17/><V54/><F32/><W1/><G119/><T61/><D31/><U21/><E21/><V36/><F30/><W94/><G20/><T13/><D44/><U89/><E89/><V77/><F77/><N who="3" m="46095" /><G29/><T78/><D78/><U62/><E62/><V5/><F5/><W122/><G122/><T6/><D63/><U19/><E19/><V98/><F98/><W26/><G76/><T109/><D61/><U75/><E75/><RYUUKYOKU ba="2,1" sc="315,-10,131,30,252,-10,292,-10" hai1="16,22,38,42,46,55,56,60,90,91,93,96,100" owari="315,41.5,161,-33.9,242,-15.8,282,8.2" /></mjloggm>