<mjloggm ver="2.3"><GO type="225" lobby="0"/><UN n0="%E5%A4%9C%E5%85%89%E5%A4%A9%E6%A5%BC" n1="%33%74%72%65%65" n2="%E4%BF%BA%E3%81%A8%E5%A6%96%E5%A4%A2" n3="%28%EF%BF%A3%E2%96%BD%EF%BF%A3%29%CE%B4%E2%8C%92%E3%83%BB" dan="17,16,17,16" rate="2122.93,2195.10,2182.86,2138.96" sx="M,F,F,M"/><TAIKYOKU oya="0"/><INIT seed="0,0,0,2,1,26" ten="250,250,250,250" oya="0" hai0="2,22,133,135,42,98,59,12,131,95,36,23,84" hai1="14,50,77,67,29,46,88,21,104,75,66,111,129" hai2="27,3,73,5,100,37,68,124,48,30,120,79,86" hai3="64,81,116,24,115,60,9,70,45,65,102,34,55"/><T85/><D2/><U57/><E111/><V101/><F120/><W91/><G115/><T82/><D131/><U89/><E104/><V56/><F37/><W4/><G116/><T33/><D33/><U72/><E129/><V107/><F68/><W10/><G65/><N who="1" m="24586" /><E75/><V7/><F73/><W92/><G102/><N who="0" m="60767" /><D12/><U28/><E72/><V106/><F124/><W63/><G81/><T58/><D42/><N who="1" m="24919" /><E77/><V49/><F27/><W83/><G83/><T128/><D36/><U32/><E32/><V62/><F62/><W35/><G60/><T121/><D128/><U61/><E14/><V97/><F56/><N who="0" m="21546" /><D121/><U69/><E69/><V105/><F105/><W6/><G70/><T110/><D110/><U47/><E47/><V20/><F3/><W25/><G45/><T108/><D108/><U103/><E103/><V17/><F101/><W41/><G35/><T127/><D82/><U93/><E21/><N who="0" m="7689" /><D127/><U76/><E76/><V1/><F79/><W117/><G34/><T39/><D39/><U132/><E132/><AGARI ba="0,0" hai="84,85,132,133,135" m="7689,21546,60767" machi="132" ten="30,1500,0" yaku="20,1" doraHai="26" who="0" fromWho="1" sc="250,15,250,-15,250,0,250,0" /><INIT seed="0,1,0,2,4,48" ten="265,235,250,250" oya="0" hai0="35,21,115,3,80,131,40,98,90,10,36,101,113" hai1="82,102,114,5,127,106,60,95,20,42,67,6,43" hai2="50,84,117,15,119,26,88,45,58,109,104,134,92" hai3="37,124,110,61,17,130,126,94,53,133,1,85,46"/><T59/><D35/><U77/><E106/><V112/><F112/><W57/><G1/><T30/><D40/><U99/><E114/><V100/><F109/><W52/><G110/><T76/><D36/><U135/><E135/><V97/><F134/><W31/><G133/><T121/><D121/><U19/><E127/><N who="3" m="48682" /><G130/><T49/><D131/><U125/><E125/><V93/><F58/><N who="3" m="35015" /><G31/><T41/><D113/><U107/><E107/><V25/><F15/><W75/><G75/><T62/><D30/><U32/><E32/><V103/><F103/><W44/><G37/><T56/><D3/><U4/><E77/><V91/><F119/><W8/><G8/><T54/><D10/><U83/><E83/><V120/><F117/><W38/><G17/><T63/><D115/><U66/><E82/><V7/><F7/><W78/><G38/><T69/><D76/><U89/><E102/><V9/><F9/><W79/><G79/><T0/><D0/><U23/><E23/><V22/><F22/><W74/><G74/><T70/><D21/><U86/><E20/><V132/><F132/><W105/><G105/><N who="0" m="63671" /><D80/><U24/><E19/><V13/><F13/><W72/><G72/><T47/><D90/><U14/><E14/><V28/><F28/><W96/><G78/><T128/><D128/><U29/><E29/><V116/><F116/><W123/><G123/><T51/><D51/><U39/><E39/><V18/><F18/><W33/><G33/><T55/><D49/><U71/><E5/><V12/><F120/><W118/><G118/><T129/><D129/><U16/><E4/><RYUUKYOKU ba="1,0" sc="265,30,235,-10,250,-10,250,-10" hai0="41,47,54,55,56,59,62,63,69,70" /><INIT seed="0,2,0,2,2,88" ten="295,225,240,240" oya="0" hai0="30,78,36,117,48,37,19,60,111,121,6,85,71" hai1="28,73,67,23,87,50,81,79,46,45,106,24,123" hai2="124,57,56,42,5,17,18,33,11,15,77,122,72" hai3="135,100,40,105,112,109,14,58,35,21,41,43,104"/><T52/><D117/><U133/><E133/><V55/><F122/><W94/><G35/><T107/><D121/><U80/><E123/><V2/><F33/><W53/><G112/><T66/><D107/><U125/><E125/><V91/><F124/><W1/><G1/><T132/><D30/><U129/><E129/><V59/><F42/><W86/><G135/><T54/><D132/><U96/><E67/><V3/><F3/><W131/><G109/><T38/><D6/><U49/><E106/><V98/><F77/><W118/><G118/><T75/><D75/><U4/><E4/><V126/><F72/><W27/><G14/><T51/><D19/><U97/><E80/><V70/><F70/><W31/><G131/><T119/><D85/><U93/><E50/><N who="0" m="18985" /><D78/><U99/><E73/><V120/><F17/><W63/><REACH who="3" step="1"/><G86/><REACH who="3" ten="295,225,240,230" step="2"/><T9/><D119/><U83/><E83/><V25/><F120/><W69/><G69/><T82/><D82/><U90/><REACH who="1" step="1"/><E45/><REACH who="1" ten="295,215,240,230" step="2"/><V16/><F126/><W26/><G26/><T32/><D71/><U103/><E103/><V13/><F25/><W115/><G115/><T127/><D127/><U74/><E74/><V108/><F108/><W95/><G95/><T84/><D111/><U68/><E68/><V39/><F2/><W34/><G34/><T110/><D32/><U29/><E29/><V0/><F0/><W92/><G92/><T62/><D110/><U130/><E130/><V64/><F13/><W8/><G8/><T113/><D9/><U12/><E12/><V134/><F134/><W116/><G116/><T101/><D113/><RYUUKYOKU ba="2,2" sc="295,-15,215,15,240,-15,230,15" hai1="23,24,28,46,49,79,81,87,90,93,96,97,99" hai3="21,27,31,40,41,43,53,58,63,94,100,104,105" /><INIT seed="1,3,2,5,1,30" ten="280,230,225,245" oya="1" hai0="58,8,113,82,11,120,118,72,80,74,91,135,7" hai1="75,128,25,31,88,112,103,67,9,59,121,54,34" hai2="4,107,109,22,21,111,119,84,87,16,115,124,27" hai3="6,50,102,73,129,12,42,32,83,76,114,104,96"/><U43/><E112/><V40/><F119/><W46/><G114/><T133/><D113/><U78/><E121/><V127/><F115/><W37/><G129/><T35/><D118/><U110/><E128/><V71/><F71/><W15/><G32/><T20/><D120/><U93/><E103/><V41/><F107/><W45/><REACH who="3" step="1"/><G6/><REACH who="3" ten="280,230,225,235" step="2"/><T85/><D35/><U70/><E34/><V61/><F4/><W106/><G106/><T108/><D7/><U10/><E110/><V126/><F111/><W62/><G62/><T49/><D108/><U47/><E9/><V122/><F109/><W123/><G123/><T117/><D11/><U99/><E10/><V89/><F122/><W64/><G64/><T65/><D8/><U98/><E67/><V60/><F60/><W23/><G23/><T57/><D20/><U26/><E26/><V33/><F61/><W29/><G29/><T53/><D117/><U131/><E25/><V3/><F22/><W77/><G77/><T116/><D116/><U66/><E31/><V19/><F33/><W95/><G95/><T105/><D105/><U134/><E131/><V68/><F19/><W2/><G2/><T0/><D0/><U92/><E78/><V51/><F3/><W81/><G81/><T44/><D65/><U97/><E93/><V18/><F18/><W17/><G17/><T55/><D82/><U14/><E66/><V101/><F27/><W69/><G69/><T94/><D94/><U28/><E70/><V132/><F68/><W39/><G39/><T13/><D80/><U38/><E92/><V56/><F21/><RYUUKYOKU ba="3,3" sc="280,-10,230,-10,225,-10,235,30" hai3="12,15,37,42,45,46,50,73,76,83,96,102,104" /><INIT seed="2,4,3,5,0,10" ten="270,220,215,265" oya="2" hai0="5,91,114,118,36,80,131,51,9,129,110,50,113" hai1="116,133,39,47,75,42,134,8,24,55,28,26,20" hai2="83,17,85,4,111,58,41,16,63,99,130,27,96" hai3="77,18,7,59,119,105,35,124,23,103,94,89,112"/><V43/><F130/><N who="0" m="49674" /><D36/><U95/><E116/><V73/><F73/><W93/><G35/><T64/><D110/><U61/><E75/><V56/><F4/><W12/><G119/><T46/><D118/><U57/><E95/><V82/><F111/><W44/><G124/><T29/><D29/><U87/><E87/><V97/><F27/><W70/><G70/><T31/><D31/><U98/><E98/><V86/><F96/><N who="3" m="59791" /><G105/><T22/><D22/><U34/><E8/><V6/><F6/><W132/><G7/><T72/><D64/><U120/><REACH who="1" step="1"/><E120/><REACH who="1" ten="270,210,215,265" step="2"/><V88/><F63/><W40/><G94/><T21/><D72/><U117/><E117/><V84/><F85/><W66/><G112/><T3/><D113/><U92/><E92/><V52/><REACH who="2" step="1"/><F88/><REACH who="2" ten="270,210,205,265" step="2"/><W65/><G89/><T100/><D91/><U67/><E67/><V123/><F123/><W108/><G66/><T2/><D114/><U48/><E48/><V11/><F11/><W37/><G65/><T30/><D51/><U76/><E76/><V126/><F126/><W101/><G77/><T60/><D50/><U54/><E54/><AGARI ba="4,5" hai="16,17,41,43,52,54,56,58,82,83,84,86,97,99" machi="54" ten="25,24000,3" yaku="1,1,22,2,8,1,54,2,53,2" doraHai="10" doraHaiUra="81" who="2" fromWho="1" sc="270,0,210,-252,205,302,265,0" owari="270,7.0,-42,-54.2,507,60.7,265,-13.5" /></mjloggm>