<mjloggm ver="2.3"><GO type="225" lobby="0"/><UN n0="%E7%99%BD%E6%97%A5%E9%9B%AA%E8%8F%9C" n1="%E3%81%A9%E3%82%8F%E3%82%93%E3%81%94" n2="%73%6C%69%63%6B%33%31%39" n3="%63%68%78%62%64" dan="16,16,16,16" rate="2187.11,2041.06,2108.28,2160.46" sx="M,M,M,M"/><TAIKYOKU oya="0"/><INIT seed="0,0,0,5,2,9" ten="250,250,250,250" oya="0" hai0="126,135,118,103,101,6,25,23,76,120,93,41,13" hai1="47,94,16,3,52,129,127,22,54,17,112,29,97" hai2="88,111,49,2,40,44,28,35,73,46,36,109,125" hai3="34,105,42,11,56,61,21,53,86,91,15,65,87"/><T114/><D114/><U75/><E3/><V80/><F2/><W131/><G34/><T33/><D118/><U55/><E75/><V133/><F133/><W113/><G113/><T122/><D33/><U71/><E112/><V124/><F28/><W108/><G105/><T31/><D126/><N who="2" m="48746" /><F35/><W100/><G108/><N who="2" m="41545" /><F73/><W64/><G131/><T110/><D135/><U78/><E71/><V119/><F119/><W83/><G100/><T107/><D110/><U7/><E7/><V67/><F67/><W79/><G21/><T48/><D107/><U134/><E78/><V84/><F46/><W57/><G42/><T66/><D76/><U27/><E129/><V50/><AGARI ba="0,0" hai="36,40,44,49,50,80,84,88" m="41545,48746" machi="50" ten="40,5200,0" yaku="18,1,14,1,54,1" doraHai="9" who="2" fromWho="2" sc="250,-26,250,-13,250,52,250,-13" /><INIT seed="1,0,0,0,4,73" ten="224,237,302,237" oya="1" hai0="63,66,20,68,18,80,82,52,13,50,126,48,6" hai1="114,31,112,75,85,127,81,41,100,1,128,78,92" hai2="89,70,97,133,94,33,5,79,23,91,134,69,64" hai3="132,16,49,26,11,118,60,14,111,90,57,95,103"/><U117/><E1/><V32/><F5/><W53/><G111/><T0/><D126/><U105/><E31/><V25/><F79/><W77/><G132/><N who="2" m="50793" /><F89/><W72/><G118/><T17/><D48/><U65/><E65/><V88/><F91/><W119/><G103/><T71/><D68/><N who="2" m="26218" /><F64/><W3/><G119/><T35/><D35/><U8/><E8/><V24/><F24/><W46/><G3/><T7/><D18/><AGARI ba="0,0" hai="18,23,25,32,33,88,94,97" m="26218,50793" machi="18" ten="30,2000,0" yaku="20,1,54,1" doraHai="73" who="2" fromWho="0" sc="224,-20,237,0,302,20,237,0" /><INIT seed="2,0,0,0,1,123" ten="204,237,322,237" oya="2" hai0="64,94,112,122,0,20,132,102,14,77,49,3,87" hai1="6,103,39,52,23,35,5,97,98,105,99,33,80" hai2="34,117,63,46,60,73,50,69,83,2,24,16,120" hai3="45,81,67,17,76,72,86,78,57,111,93,29,62"/><V58/><F120/><W37/><G111/><T15/><D122/><U55/><E39/><V90/><F2/><W61/><G29/><T101/><D112/><U79/><E35/><V96/><F117/><W19/><G62/><T43/><D132/><U110/><E33/><V100/><F69/><W92/><G76/><T95/><D77/><U13/><E110/><V36/><F36/><W53/><G72/><T21/><D49/><U125/><E125/><V70/><F70/><W1/><G1/><T54/><D87/><N who="1" m="48543" /><E103/><V38/><F38/><W66/><G37/><T42/><REACH who="0" step="1"/><D54/><REACH who="0" ten="194,237,322,237" step="2"/><N who="1" m="20523" /><E105/><V44/><F50/><N who="3" m="28879" /><G67/><AGARI ba="0,1" hai="0,3,14,15,20,21,42,43,64,67,94,95,101,102" machi="67" ten="25,3200,0" yaku="1,1,22,2,53,0" doraHai="123" doraHaiUra="115" who="0" fromWho="3" sc="194,42,237,0,322,0,237,-32" /><INIT seed="3,0,0,4,4,19" ten="236,237,322,205" oya="3" hai0="39,107,25,83,15,117,36,127,129,72,17,8,74" hai1="28,33,37,85,130,76,60,59,109,31,7,12,22" hai2="99,57,50,84,27,54,87,21,69,103,30,81,58" hai3="104,113,14,49,1,68,111,116,9,114,42,24,88"/><W125/><G116/><T77/><D117/><U86/><E37/><V34/><F69/><W134/><G68/><T112/><D107/><U78/><E33/><V120/><F120/><W70/><G70/><T67/><D67/><U32/><E32/><V118/><F118/><W40/><G134/><T97/><D72/><U26/><E109/><V47/><F34/><W35/><G111/><T51/><D129/><U96/><E31/><V123/><F123/><W94/><G104/><T18/><D127/><U52/><E96/><V90/><F84/><N who="1" m="32361" /><E130/><V56/><F47/><W135/><G1/><T100/><D112/><U63/><E63/><V41/><F41/><W93/><G135/><T91/><D91/><U79/><E79/><V92/><AGARI ba="0,0" hai="21,27,30,50,54,56,57,58,81,87,90,92,99,103" machi="92" ten="20,5200,0" yaku="0,1,7,1,8,1,52,1" doraHai="19" who="2" fromWho="2" sc="236,-13,237,-13,322,52,205,-26" owari="223,-17.7,224,2.4,374,47.4,179,-32.1" /></mjloggm>