<mjloggm ver="2.3"><GO type="225" lobby="0"/><UN n0="%73%6C%69%63%6B%33%31%39" n1="%6D%6F%6E%63%68%69" n2="%E6%97%A5%E6%9B%9C%E6%97%A5%E3%82%88%E3%82%8A%E3%81%AE%E4%BD%BF%E8%80%85" n3="%54%4F%52" dan="17,16,17,17" rate="2177.32,2047.70,2163.51,2246.08" sx="M,M,M,M"/><TAIKYOKU oya="0"/><INIT seed="0,0,0,0,4,1" ten="250,250,250,250" oya="0" hai0="12,124,57,31,115,42,44,65,70,34,99,33,95" hai1="83,86,135,73,109,15,49,14,23,62,101,75,26" hai2="48,126,128,21,77,40,105,66,61,79,52,0,72" hai3="2,13,20,59,96,60,114,32,80,28,82,50,53"/><T69/><D115/><U36/><E36/><V46/><F105/><W120/><G2/><T16/><D124/><U92/><E73/><V119/><F126/><W76/><G114/><T22/><D57/><U104/><E49/><V94/><F128/><W41/><G120/><T116/><D116/><U17/><E135/><V84/><F72/><W39/><G39/><T131/><D131/><U54/><E109/><V9/><F119/><W129/><G32/><T19/><D19/><U103/><E75/><V125/><F125/><W100/><G129/><T121/><D121/><U68/><E92/><V117/><F117/><W30/><G30/><T38/><D65/><U88/><E104/><V27/><F40/><W4/><G28/><T134/><D134/><U71/><E71/><V29/><F0/><W123/><G123/><T110/><D110/><U132/><E132/><V91/><REACH who="2" step="1"/><F9/><REACH who="2" ten="250,250,240,250" step="2"/><N who="3" m="4263" /><G41/><T87/><D34/><U64/><E14/><V51/><F51/><W10/><G10/><T78/><D33/><U7/><REACH who="1" step="1"/><E54/><REACH who="1" ten="250,240,240,250" step="2"/><V98/><F98/><W3/><G96/><T8/><D99/><U58/><E58/><AGARI ba="0,2" hai="21,27,29,46,48,52,58,61,66,77,79,84,91,94" machi="58" ten="30,8000,1" yaku="1,1,7,1,8,1,54,1,53,1" doraHai="1" doraHaiUra="25" who="2" fromWho="1" sc="250,0,240,-80,240,100,250,0" /><INIT seed="1,0,0,4,0,98" ten="250,160,340,250" oya="1" hai0="61,73,119,35,50,130,84,93,13,10,90,31,62" hai1="53,2,122,120,75,97,40,128,115,67,126,117,41" hai2="12,129,43,64,54,28,46,121,106,30,33,44,55" hai3="76,131,85,52,57,58,51,1,104,15,3,0,37"/><U103/><E75/><V23/><F121/><W105/><G37/><T63/><D119/><U132/><E2/><V89/><F106/><W92/><G131/><T109/><D73/><U38/><E38/><V79/><F33/><W68/><G68/><T47/><D130/><U102/><E128/><V77/><F64/><W5/><G58/><T81/><D109/><U101/><E117/><V22/><F129/><W100/><G76/><N who="2" m="29257" /><F89/><W88/><REACH who="3" step="1"/><G100/><REACH who="3" ten="250,160,340,240" step="2"/><N who="1" m="38506" /><E115/><V108/><F108/><W127/><G127/><T14/><D63/><U110/><E110/><V65/><F65/><W29/><G29/><T16/><D31/><U95/><E126/><V96/><F30/><W45/><G45/><T32/><D47/><U70/><E70/><V87/><F44/><W86/><G86/><T24/><D84/><U7/><E67/><V19/><F87/><W49/><G49/><T80/><D50/><U48/><E122/><V34/><F96/><W36/><G36/><T118/><D61/><U83/><E120/><V8/><F34/><W42/><G42/><N who="1" m="16490" /><E132/><V9/><F43/><W66/><G66/><T20/><D62/><U99/><E99/><V27/><F46/><W94/><G94/><T17/><D118/><U60/><E60/><V4/><F54/><W111/><G111/><T11/><D32/><U123/><E123/><V134/><F55/><W72/><G72/><T113/><D35/><U74/><E74/><V114/><F134/><W59/><G59/><T6/><D113/><U125/><E125/><V91/><F114/><W21/><G21/><N who="2" m="7689" /><F28/><W18/><G18/><T71/><D71/><RYUUKYOKU ba="0,1" sc="250,15,160,-15,340,-15,240,15" hai0="6,10,11,13,14,16,17,20,24,80,81,90,93" hai3="0,1,3,5,15,51,52,57,85,88,92,104,105" /><INIT seed="2,1,1,1,2,52" ten="265,145,325,255" oya="2" hai0="21,59,1,126,36,95,63,120,100,88,82,104,90" hai1="56,43,75,123,15,127,119,41,115,91,114,121,0" hai2="108,50,22,53,96,97,105,133,3,4,31,94,113" hai3="132,79,54,28,103,83,112,40,78,99,38,134,23"/><V8/><F113/><N who="1" m="43017" /><E91/><V70/><F70/><W6/><G112/><T39/><D120/><N who="1" m="46155" /><E75/><V66/><F108/><W87/><G6/><T84/><D1/><U64/><E0/><V85/><F66/><W92/><G78/><T20/><D126/><U111/><E15/><V19/><F31/><W10/><G10/><T12/><D104/><U76/><E76/><V65/><F65/><W61/><G40/><N who="1" m="15434" /><E127/><V73/><F73/><W34/><G34/><T14/><D100/><U118/><E111/><V106/><F106/><W71/><G79/><T5/><D36/><U11/><E11/><V107/><F8/><W68/><G87/><T124/><D39/><U80/><E80/><V72/><F107/><W116/><G83/><T24/><D124/><U49/><E49/><V46/><F105/><W101/><G101/><T48/><D48/><U47/><E47/><V55/><F72/><W81/><G81/><T30/><D20/><U29/><E29/><V7/><F50/><W93/><G28/><T60/><D5/><U110/><E110/><V25/><F46/><W69/><G103/><T26/><D26/><U2/><E2/><V135/><F3/><W98/><G93/><T33/><D33/><U128/><E128/><V35/><F94/><W42/><G92/><T9/><D90/><U109/><E109/><V74/><F35/><W77/><G77/><T13/><D95/><U67/><E56/><V130/><F74/><W18/><G99/><T37/><D37/><U51/><E51/><V122/><F122/><W57/><G98/><N who="2" m="37993" /><F85/><W32/><G32/><T89/><D9/><RYUUKYOKU ba="1,1" sc="265,-10,145,30,325,-10,255,-10" hai1="64,67,118,119" /><INIT seed="3,2,1,3,2,63" ten="255,175,315,245" oya="3" hai0="31,118,107,13,39,49,75,83,4,38,110,116,103" hai1="130,34,99,44,74,78,61,54,132,35,23,7,58" hai2="73,51,66,113,108,2,77,64,87,33,68,60,50" hai3="114,135,5,100,3,43,97,128,57,6,127,69,27"/><W79/><G114/><T29/><D107/><U82/><E130/><V41/><F113/><W104/><G69/><T134/><D103/><U112/><E112/><V15/><F2/><W1/><G128/><T93/><D93/><U86/><E132/><V26/><F73/><W21/><G135/><T98/><D98/><U25/><E7/><V72/><F72/><W102/><G127/><T92/><D92/><U91/><E44/><N who="2" m="25871" /><F33/><W126/><G126/><T19/><D134/><U125/><E125/><V85/><F68/><W32/><G32/><T0/><D0/><U106/><E106/><V80/><F108/><W76/><G100/><T36/><D4/><U46/><E46/><V131/><F26/><W11/><G43/><T56/><D110/><U96/><E34/><V8/><F60/><W111/><G111/><T24/><D75/><U52/><E35/><V28/><F28/><W95/><G104/><T81/><D29/><U119/><E119/><V88/><F51/><W70/><G70/><T40/><D24/><U94/><REACH who="1" step="1"/><E54/><REACH who="1" ten="255,165,315,245" step="2"/><V53/><F53/><W42/><G5/><T17/><D116/><U71/><E71/><V9/><F131/><W48/><G1/><T59/><D118/><U30/><AGARI ba="2,2" hai="23,25,30,52,58,61,74,78,82,86,91,94,96,99" machi="30" ten="20,8000,1" yaku="1,1,0,1,7,1,54,1,53,1" doraHai="63" doraHaiUra="20" who="1" fromWho="1" sc="255,-22,165,106,315,-22,245,-42" /><INIT seed="4,0,0,2,1,109" ten="233,271,293,203" oya="0" hai0="58,28,36,82,4,124,75,63,49,20,53,101,106" hai1="120,12,59,32,107,67,102,54,100,26,89,69,23" hai2="38,128,22,97,112,117,27,113,52,45,99,70,95" hai3="86,62,55,3,122,34,118,105,41,73,19,0,76"/><T42/><D106/><U129/><E32/><V127/><F70/><W44/><G118/><T47/><D124/><U50/><E107/><V18/><F127/><W85/><G105/><T116/><D116/><U94/><E69/><V16/><F117/><W87/><G34/><T39/><D101/><U40/><E67/><V43/><F128/><W74/><G122/><T31/><D36/><U93/><E93/><V30/><F52/><W35/><G35/><T132/><D132/><U114/><E114/><N who="2" m="44139" /><F99/><W51/><G19/><T103/><D103/><AGARI ba="0,0" hai="16,18,22,27,30,38,43,45,95,97,103" m="44139" machi="103" ten="30,8000,1" yaku="15,1,52,3,54,1" doraHai="109" who="2" fromWho="0" sc="233,-80,271,0,293,80,203,0" owari="153,-34.7,271,7.1,373,47.3,203,-19.7" /></mjloggm>