<mjloggm ver="2.3"><GO type="225" lobby="0"/><UN n0="%E3%83%B4%E3%83%A0%EF%BC%99%E3%81%A6" n1="%E3%81%A1%E3%82%85%E3%81%86%E3%81%A9%E3%81%8F%E8%B1%A1%E3%81%95%E3%82%93" n2="%E4%B8%89%E5%86%A0%E7%8E%8B%E3%83%BB%E5%B1%B1%E7%94%B0%E5%93%B2%E4%BA%BA" n3="%33%74%72%65%65" dan="17,17,16,17" rate="2194.50,2175.67,2112.60,2221.67" sx="M,M,M,F"/><TAIKYOKU oya="0"/><INIT seed="0,0,0,2,5,87" ten="250,250,250,250" oya="0" hai0="34,130,99,113,119,121,84,41,58,82,116,37,134" hai1="77,117,71,72,35,106,132,94,97,111,9,25,90" hai2="29,5,42,107,100,44,65,39,98,46,69,70,74" hai3="75,22,60,2,108,51,26,81,73,102,96,54,43"/><T128/><D34/><U36/><E117/><N who="0" m="45129" /><D37/><U8/><E36/><V62/><F46/><W11/><G108/><T125/><D41/><U3/><E71/><N who="2" m="42423" /><F5/><W0/><G43/><T48/><D48/><U53/><E111/><V10/><F10/><W85/><G60/><T27/><D27/><U131/><E131/><N who="0" m="50217" /><D58/><U114/><E114/><V126/><F126/><W16/><G51/><T76/><D113/><U61/><E132/><V67/><F67/><W63/><G63/><T52/><D52/><U24/><E106/><V47/><F47/><W129/><G54/><T118/><D118/><U59/><E35/><V135/><F135/><W7/><G0/><T123/><D134/><U13/><E3/><V18/><F74/><W112/><G112/><T38/><D38/><U133/><E133/><V49/><F18/><W103/><G129/><T124/><D99/><U30/><E30/><V79/><F29/><W23/><G23/><T80/><D82/><U33/><E33/><V21/><F21/><W45/><G45/><T17/><D17/><N who="1" m="8359" /><E9/><V28/><F28/><W92/><REACH who="3" step="1"/><G103/><REACH who="3" ten="250,250,250,240" step="2"/><T86/><D124/><U109/><E109/><V104/><F39/><W91/><AGARI ba="0,1" hai="2,7,11,16,22,26,73,75,81,85,91,92,96,102" machi="91" ten="20,12000,2" yaku="1,1,2,1,0,1,7,1,52,1,54,1,53,1" doraHai="87" doraHaiUra="14" who="3" fromWho="3" sc="250,-60,250,-30,250,-30,240,130" /><INIT seed="1,0,0,2,5,90" ten="190,220,220,370" oya="1" hai0="10,40,29,82,87,42,96,15,77,39,85,123,129" hai1="126,102,76,94,4,116,44,88,62,103,75,3,11" hai2="66,20,79,95,91,130,22,24,8,12,37,26,133" hai3="57,9,17,92,2,23,56,64,115,93,119,31,105"/><U97/><E116/><V41/><F133/><W112/><G105/><T84/><D129/><U28/><E126/><V73/><F130/><W5/><G119/><T86/><D123/><U14/><E62/><V113/><F66/><W38/><G38/><T0/><D0/><U107/><E28/><V58/><F113/><W47/><G47/><T50/><D39/><U60/><E60/><V27/><F58/><W134/><G134/><T51/><D29/><U46/><E3/><V52/><F52/><W48/><G31/><T135/><D135/><U59/><E59/><V71/><F71/><W109/><G109/><T114/><D114/><U67/><E67/><V69/><F69/><W30/><G30/><T127/><D127/><U125/><E125/><V72/><F41/><W104/><G104/><T34/><D34/><U124/><E124/><V99/><F37/><W13/><G112/><T35/><D35/><U83/><E102/><V81/><REACH who="2" step="1"/><F72/><REACH who="2" ten="190,220,210,370" step="2"/><W7/><G115/><T32/><D40/><U21/><REACH who="1" step="1"/><E21/><REACH who="1" ten="190,210,210,370" step="2"/><V68/><F68/><W49/><G64/><T1/><D32/><U89/><E89/><V100/><F100/><W101/><G101/><T122/><D122/><U53/><E53/><V120/><F120/><W78/><G57/><T19/><D42/><U6/><E6/><AGARI ba="0,2" hai="6,8,12,20,22,24,26,27,73,79,81,91,95,99" machi="6" ten="40,2600,0" yaku="1,1,52,1,53,0" doraHai="90" doraHaiUra="128" who="2" fromWho="1" sc="190,0,210,-26,210,46,370,0" /><INIT seed="2,0,0,5,2,132" ten="190,184,256,370" oya="2" hai0="62,27,14,86,75,107,1,54,134,102,68,113,35" hai1="128,111,42,119,124,125,47,49,123,87,53,99,41" hai2="93,89,58,6,118,26,51,34,94,55,92,12,127" hai3="88,91,95,122,11,109,96,43,48,64,85,103,70"/><V16/><F118/><W29/><G122/><T135/><D113/><U67/><E123/><V33/><F127/><N who="1" m="48713" /><E119/><V40/><F40/><N who="1" m="15465" /><E111/><V28/><F6/><W131/><G131/><T4/><D1/><U45/><E128/><V36/><F34/><W23/><G109/><T61/><D75/><U117/><E117/><V84/><REACH who="2" step="1"/><F36/><REACH who="2" ten="190,184,246,370" step="2"/><W71/><G71/><T66/><D35/><U76/><E67/><V32/><F32/><W25/><G64/><T44/><D66/><U120/><E120/><V46/><F46/><N who="3" m="25695" /><G70/><T31/><D68/><U56/><E99/><V17/><F17/><W10/><G103/><T121/><D121/><U79/><E87/><V133/><F133/><W108/><G108/><T30/><D86/><U9/><E9/><AGARI ba="0,1" hai="9,12,16,26,28,33,51,55,58,84,89,92,93,94" machi="9" ten="30,11600,0" yaku="1,1,7,1,54,1,53,1" doraHai="132" doraHaiUra="21" who="2" fromWho="1" sc="190,0,184,-116,246,126,370,0" /><INIT seed="2,1,0,4,5,82" ten="190,68,372,370" oya="2" hai0="110,96,117,26,45,48,62,92,86,124,133,65,134" hai1="9,99,77,114,40,36,39,25,116,43,1,13,60" hai2="91,63,128,97,100,118,122,131,38,95,30,115,78" hai3="2,70,102,5,58,15,108,123,71,32,93,113,84"/><V42/><F115/><W103/><G123/><T76/><D110/><U111/><E114/><V46/><F122/><W37/><G113/><T56/><D124/><U135/><E116/><V27/><F118/><W19/><G108/><T49/><D117/><U47/><E135/><N who="0" m="51721" /><D26/><U8/><E111/><V120/><F120/><W64/><G37/><T121/><D121/><U18/><E99/><V73/><F73/><W67/><G32/><T44/><D44/><U14/><E60/><V127/><F78/><W88/><G2/><T20/><D20/><U52/><E77/><V83/><F127/><W33/><G33/><T61/><D61/><U112/><E112/><V16/><F30/><W12/><G70/><T132/><D45/><U79/><E79/><V23/><F63/><N who="3" m="38007" /><G67/><T11/><D11/><U31/><E1/><V98/><REACH who="2" step="1"/><F83/><REACH who="2" ten="190,68,362,370" step="2"/><W74/><G74/><T41/><D132/><U24/><E31/><V3/><F3/><W10/><G71/><T0/><D0/><U29/><E29/><V22/><F22/><AGARI ba="1,1" hai="5,10,12,15,19,22,84,88,93,102,103" m="38007" machi="22" ten="30,3900,0" yaku="8,1,52,1,54,1" doraHai="82" who="3" fromWho="2" sc="190,0,68,0,362,-42,370,52" /><INIT seed="3,0,0,4,0,86" ten="190,68,320,422" oya="3" hai0="127,17,27,58,54,5,34,49,24,124,73,61,51" hai1="55,95,77,36,133,87,135,81,82,38,111,132,88" hai2="80,40,0,92,29,33,108,11,15,119,20,72,46" hai3="19,90,21,69,117,122,25,115,97,48,57,102,4"/><W42/><G69/><T134/><D73/><U131/><E55/><V13/><F119/><W65/><G122/><T100/><D134/><U96/><E38/><V116/><F116/><W62/><G115/><T53/><D5/><U126/><E36/><V98/><F108/><W6/><G90/><T79/><D79/><U2/><E2/><V106/><F106/><W121/><G121/><T107/><D34/><U101/><E111/><V14/><F33/><W30/><G19/><T94/><D107/><U10/><E10/><V7/><F29/><W47/><G117/><T37/><D37/><U52/><E52/><V128/><F128/><W84/><G84/><T113/><D113/><U16/><E16/><V66/><F66/><W89/><G89/><T114/><D114/><U1/><E1/><V91/><F20/><W50/><G50/><T22/><D24/><U23/><E23/><V125/><F125/><N who="0" m="48202" /><D51/><U35/><E35/><V83/><REACH who="2" step="1"/><F72/><REACH who="2" ten="190,68,310,422" step="2"/><W118/><G118/><T41/><D22/><U112/><E126/><V18/><F18/><W9/><G9/><T67/><D17/><U43/><E112/><V109/><F109/><W44/><G44/><T105/><D67/><U60/><E43/><V28/><F28/><W120/><G120/><T56/><D41/><U129/><E60/><V123/><F123/><W39/><G39/><AGARI ba="0,1" hai="0,7,11,13,14,15,39,40,46,80,83,91,92,98" machi="39" ten="40,5200,0" yaku="1,1,52,1,53,1" doraHai="86" doraHaiUra="85" who="2" fromWho="3" sc="190,0,68,0,310,62,422,-52" owari="190,-21.0,68,-43.2,372,47.2,370,17.0" /></mjloggm>