<mjloggm ver="2.3"><GO type="225" lobby="0"/><UN n0="%74%61%6B%75%61%6B%61" n1="%E6%B5%81%E3%82%8C%EF%BC%9F%53%4F%41" n2="%E2%98%86%E5%AD%AB%E7%87%95%E5%A7%BF%E2%98%86" n3="%E9%80%9F%E6%B0%B4%E5%87%9B%E9%A6%99" dan="17,16,17,17" rate="2210.71,2088.13,2236.93,2154.07" sx="M,M,M,F"/><TAIKYOKU oya="0"/><INIT seed="0,0,0,1,5,127" ten="250,250,250,250" oya="0" hai0="61,123,97,85,31,79,22,66,5,9,101,37,0" hai1="83,98,35,125,36,134,116,52,63,30,124,93,25" hai2="73,3,12,41,24,28,87,89,110,74,126,42,16" hai3="131,40,102,49,29,51,129,88,91,112,78,70,13"/><T1/><BYE who="1" /><D123/><UN n1="%E6%B5%81%E3%82%8C%EF%BC%9F%53%4F%41" /><U53/><E116/><V6/><F126/><N who="1" m="48745" /><E36/><V47/><F110/><W115/><G70/><T19/><D37/><U72/><E134/><V67/><F6/><W117/><G117/><T118/><D118/><U135/><E135/><V100/><F100/><W128/><G78/><T84/><D0/><U94/><E94/><V59/><F3/><W80/><G80/><T68/><D31/><U120/><E120/><V86/><F67/><W27/><G13/><T95/><REACH who="0" step="1"/><D79/><REACH who="0" ten="240,250,250,250" step="2"/><N who="1" m="44519" /><E63/><V56/><F28/><W107/><G107/><T105/><D105/><U81/><E81/><V108/><F108/><W50/><G40/><T46/><D46/><U55/><E55/><V10/><F42/><W34/><REACH who="3" step="1"/><G102/><AGARI ba="0,1" hai="25,30,35,52,53,93,98,102" m="44519,48745" machi="102" ten="30,2000,0" yaku="18,1,54,1" doraHai="127" who="1" fromWho="3" sc="240,0,250,30,250,0,250,-20" /><INIT seed="1,0,0,1,5,54" ten="240,280,250,230" oya="1" hai0="32,46,8,62,17,95,94,24,44,110,49,65,33" hai1="38,120,102,64,36,109,70,16,7,116,112,1,124" hai2="42,6,104,41,28,43,86,47,113,0,40,92,108" hai3="71,11,99,87,128,9,2,76,78,19,98,77,68"/><U89/><E112/><V15/><F104/><W23/><G128/><T90/><D110/><U83/><E116/><V29/><F108/><W3/><G87/><T82/><D82/><U63/><E109/><V80/><F0/><W107/><G23/><T135/><D135/><U30/><E120/><V115/><F92/><W53/><G53/><T48/><D32/><U21/><E30/><V134/><F134/><W133/><G19/><T66/><D33/><U59/><E102/><V4/><F29/><W100/><G133/><T81/><D81/><U58/><E124/><V118/><F28/><W12/><G12/><N who="0" m="7303" /><D24/><U123/><E123/><V111/><F118/><W26/><G26/><T39/><D39/><U10/><E38/><V14/><F14/><W50/><G50/><N who="0" m="19563" /><D95/><U56/><E36/><N who="2" m="21895" /><F15/><W97/><G107/><T131/><D131/><U126/><E126/><V13/><F13/><W119/><G119/><T35/><D35/><U25/><REACH who="1" step="1"/><E70/><REACH who="1" ten="240,270,250,230" step="2"/><N who="3" m="26666" /><G100/><T73/><D73/><U85/><AGARI ba="0,1" hai="1,7,10,16,21,25,56,58,59,63,64,83,85,89" machi="85" ten="30,18000,2" yaku="1,1,0,1,52,3,54,1,53,0" doraHai="54" doraHaiUra="27" who="1" fromWho="1" sc="240,-60,270,190,250,-60,230,-60" /><INIT seed="1,1,0,5,0,127" ten="180,460,190,170" oya="1" hai0="70,61,16,130,65,49,68,84,30,73,87,62,12" hai1="125,42,15,39,29,4,122,124,28,52,20,71,21" hai2="9,78,133,126,114,67,8,102,88,57,86,0,96" hai3="81,33,2,121,60,17,119,72,55,64,51,99,69"/><U54/><E71/><V100/><F126/><N who="1" m="48745" /><E122/><V13/><F133/><W98/><G121/><T91/><D73/><U76/><E76/><V97/><F0/><W95/><G2/><T106/><D106/><U23/><E42/><V134/><F114/><W128/><G33/><T112/><D112/><U118/><E39/><V59/><F78/><W77/><G119/><T105/><D105/><U6/><E118/><V104/><F134/><W18/><G128/><T131/><D30/><N who="1" m="11883" /><E15/><V101/><F104/><W103/><REACH who="3" step="1"/><G98/><REACH who="3" ten="180,460,190,160" step="2"/><T1/><D1/><U110/><E110/><V94/><F97/><W135/><G135/><T3/><D3/><U123/><E123/><V47/><F96/><W36/><G36/><T35/><D35/><U11/><E11/><V7/><F9/><W38/><G38/><T74/><D74/><U43/><E43/><V129/><F129/><N who="0" m="49162" /><D49/><U22/><E22/><V56/><REACH who="2" step="1"/><F47/><AGARI ba="1,1" hai="17,18,47,51,55,60,64,69,72,77,81,95,99,103" machi="47" ten="30,2000,0" yaku="1,1,7,1,53,0" doraHai="127" doraHaiUra="109" who="3" fromWho="2" sc="180,0,460,0,190,-23,160,33" /><INIT seed="2,0,0,2,2,97" ten="180,460,167,193" oya="2" hai0="23,51,48,55,2,83,110,89,128,44,24,49,4" hai1="53,58,100,17,38,119,76,16,101,19,107,80,121" hai2="42,11,20,111,87,127,15,62,25,82,6,86,65" hai3="50,103,8,64,84,22,63,112,75,117,132,116,27"/><V124/><F111/><W130/><G75/><T90/><D110/><U66/><E119/><V37/><F42/><W99/><G132/><T18/><D128/><U26/><E38/><V129/><F37/><W104/><G130/><T67/><D2/><U93/><E107/><V113/><F113/><W71/><G112/><T9/><D67/><U88/><E66/><V40/><F40/><W0/><G50/><N who="0" m="19563" /><D4/><U73/><E26/><V69/><F129/><W61/><G61/><T45/><D45/><U125/><E125/><N who="2" m="48203" /><F82/><W81/><G8/><T79/><D9/><U5/><E5/><V33/><F33/><W14/><G14/><T39/><D39/><U70/><E70/><V1/><F1/><W135/><G0/><T96/><D96/><U95/><E95/><V78/><F78/><W34/><G135/><T47/><D47/><U109/><E109/><V21/><F21/><W30/><G22/><T126/><D126/><U105/><E105/><V102/><F102/><W91/><AGARI ba="0,0" hai="27,30,34,63,64,71,81,84,91,99,103,104,116,117" machi="91" ten="20,8000,1" yaku="0,1,7,1,25,2,52,1" doraHai="97" who="3" fromWho="3" sc="180,-20,460,-20,167,-40,193,80" /><INIT seed="3,0,0,3,2,35" ten="160,440,127,273" oya="3" hai0="77,45,62,37,111,75,87,83,18,39,31,0,63" hai1="116,28,80,92,102,46,50,120,36,53,55,9,99" hai2="113,97,88,78,52,29,106,74,125,135,123,20,82" hai3="23,108,66,42,64,96,129,101,15,127,26,17,61"/><W100/><G129/><T119/><D119/><U14/><E120/><V72/><F113/><W59/><G127/><T7/><D111/><U33/><E36/><V24/><F125/><W56/><G108/><T133/><D133/><U12/><E116/><V3/><F3/><W40/><G101/><T134/><D134/><U114/><E114/><V118/><F118/><W121/><G121/><T71/><D31/><U91/><E33/><V124/><F124/><W25/><G25/><T126/><D126/><U4/><E28/><V107/><F135/><W68/><G68/><T19/><D87/><N who="1" m="50663" /><E14/><V13/><F123/><W10/><G56/><T94/><D94/><U21/><E21/><V8/><F74/><W6/><REACH who="3" step="1"/><G66/><REACH who="3" ten="160,440,127,263" step="2"/><T79/><D71/><U117/><E117/><V57/><F97/><W105/><AGARI ba="0,1" hai="6,10,15,17,23,26,40,42,59,61,64,96,100,105" machi="105" ten="20,12000,1" yaku="1,1,2,1,0,1,7,1,53,1" doraHai="35" doraHaiUra="22" who="3" fromWho="3" sc="160,-40,440,-40,127,-40,263,130" /><INIT seed="3,1,0,3,1,118" ten="120,400,87,393" oya="3" hai0="73,108,74,86,61,121,59,51,90,13,19,8,2" hai1="97,132,26,55,28,30,60,17,16,113,83,47,100" hai2="41,93,29,80,134,65,32,7,107,126,25,127,89" hai3="42,103,77,0,15,109,130,81,124,76,37,36,6"/><W23/><G0/><T125/><D2/><U11/><E113/><V3/><F107/><W110/><G130/><T96/><D108/><N who="3" m="41577" /><G124/><T120/><D96/><U44/><E132/><V133/><F65/><W71/><G71/><T123/><D51/><U56/><E83/><V98/><F41/><W20/><G103/><T39/><D39/><N who="3" m="14921" /><G42/><T57/><D125/><N who="2" m="47626" /><F80/><W94/><G94/><T116/><D116/><U88/><E28/><V24/><F93/><W64/><G64/><T135/><D135/><N who="2" m="51722" /><F89/><W21/><G81/><T49/><D90/><U62/><E88/><V5/><F98/><W38/><N who="3" m="14929" /><W72/><DORA hai="87" /><G72/><T91/><D73/><U84/><E97/><V12/><F3/><W85/><G85/><T31/><D74/><U45/><E84/><V102/><F102/><W9/><AGARI ba="1,0" hai="6,9,15,20,21,23,76,77" m="14929,41577" machi="9" ten="50,4800,0" yaku="14,1,10,1" doraHai="118,87" who="3" fromWho="3" sc="120,-17,400,-17,87,-17,393,51" owari="103,-29.7,383,18.3,70,-43.0,444,54.4" /></mjloggm>