<mjloggm ver="2.3"><GO type="225" lobby="0"/><UN n0="%E7%89%8C%E6%B5%81%E7%8A%B6%E6%85%8B%E9%BA%BB%E9%9B%80" n1="%E5%A4%9C%E5%85%89%E5%A4%A9%E6%A5%BC" n2="%72%69%6F%75%63%68%61%6E" n3="%E6%A1%9C%E8%8A%B1%E9%96%83%E3%80%85" dan="18,17,16,16" rate="2213.72,2154.02,2169.45,2196.04" sx="M,F,M,M"/><TAIKYOKU oya="0"/><INIT seed="0,0,0,5,1,58" ten="250,250,250,250" oya="0" hai0="22,124,103,51,117,91,10,14,44,56,135,82,27" hai1="62,79,90,94,0,81,112,87,6,75,59,55,109" hai2="77,45,95,36,89,118,123,40,1,8,106,43,19" hai3="127,98,63,115,84,25,9,71,92,7,5,21,99"/><T17/><D117/><U83/><E109/><V97/><F123/><W126/><G115/><T107/><D124/><N who="3" m="47657" /><G84/><T24/><D135/><U110/><E110/><V134/><F134/><W80/><G80/><T49/><D107/><U50/><E83/><V34/><F34/><W100/><G99/><T53/><D103/><U46/><E112/><V41/><F118/><W120/><G120/><T42/><D10/><U3/><REACH who="1" step="1"/><E6/><REACH who="1" ten="250,240,250,250" step="2"/><V76/><F76/><W68/><G5/><T67/><D67/><AGARI ba="0,1" hai="0,3,46,50,55,59,62,67,75,79,81,87,90,94" machi="67" ten="30,7700,0" yaku="1,1,2,1,7,1,52,1,53,0" doraHai="58" doraHaiUra="20" who="1" fromWho="0" sc="250,-77,240,87,250,0,250,0" /><INIT seed="1,0,0,2,1,55" ten="173,327,250,250" oya="1" hai0="71,40,42,21,31,104,26,13,124,68,113,56,28" hai1="95,51,57,49,69,18,121,128,41,44,15,7,96" hai2="106,109,98,86,65,52,89,61,73,123,62,133,91" hai3="0,83,99,120,129,114,115,16,24,72,46,101,30"/><U66/><E121/><V8/><F123/><W81/><G120/><T4/><D113/><U29/><E128/><V47/><F73/><W37/><G0/><T88/><D104/><U54/><E29/><V5/><F109/><W117/><G129/><T135/><D124/><U103/><E7/><V111/><F111/><W43/><G117/><T97/><D135/><U74/><E74/><V58/><F133/><W34/><G16/><N who="0" m="12583" /><D71/><U1/><E1/><V14/><F47/><W10/><G10/><N who="0" m="4295" /><D68/><U131/><E131/><V116/><F116/><W118/><G118/><T70/><D70/><U134/><E134/><V80/><F106/><N who="3" m="63807" /><G81/><T67/><D28/><U64/><E69/><V84/><F98/><W63/><G63/><N who="0" m="38375" /><D31/><U110/><E110/><V125/><F125/><W127/><G127/><T36/><D36/><U11/><AGARI ba="0,0" hai="11,15,18,41,44,49,51,54,57,64,66,95,96,103" machi="11" ten="20,7800,0" yaku="0,1,7,1,8,1,52,1" doraHai="55" who="1" fromWho="1" sc="173,-26,327,78,250,-26,250,-26" /><INIT seed="1,1,0,3,2,66" ten="147,405,224,224" oya="1" hai0="78,27,35,52,94,92,90,71,100,122,32,108,127" hai1="132,76,30,36,88,24,28,46,38,65,39,77,2" hai2="120,121,21,83,1,119,62,13,45,102,4,58,91" hai3="64,103,49,51,110,89,72,33,82,5,135,111,107"/><U48/><E2/><V10/><F119/><W61/><G33/><T68/><D78/><U125/><E125/><V50/><F102/><W22/><G5/><T134/><D127/><U118/><E118/><V37/><F37/><W42/><G135/><T80/><D134/><U56/><E132/><V130/><F130/><W70/><G22/><T131/><D80/><U54/><E30/><V18/><F91/><W115/><G115/><T109/><D131/><U55/><E88/><V14/><F83/><W117/><G117/><T63/><D100/><U15/><E65/><V75/><F75/><W79/><G89/><T11/><D11/><U6/><E15/><V112/><F112/><W12/><G12/><T31/><D35/><U29/><E29/><V81/><F81/><W43/><G51/><T126/><D122/><U44/><E6/><V129/><F129/><W20/><G20/><T19/><D19/><U86/><E86/><V23/><F23/><W93/><G93/><N who="0" m="35947" /><D90/><U41/><E77/><V34/><F34/><W105/><G103/><T57/><D126/><U101/><E76/><V116/><F1/><W84/><G72/><T69/><D69/><U47/><E101/><V106/><F106/><N who="3" m="40459" /><G49/><T124/><D124/><U133/><E133/><V73/><F73/><W87/><G87/><T25/><D25/><U85/><E85/><V8/><F116/><W74/><G74/><T97/><D97/><U104/><E104/><V53/><F10/><W123/><G123/><T60/><D60/><N who="1" m="35863" /><E24/><V96/><F96/><W114/><G114/><T98/><D98/><U113/><E113/><RYUUKYOKU ba="1,0" sc="147,10,405,-30,224,10,224,10" hai0="27,31,32,52,57,63,68,71,108,109" hai2="4,8,13,14,18,21,45,50,53,58,62,120,121" hai3="42,43,61,64,70,79,82,84,110,111" /><INIT seed="2,2,0,0,5,115" ten="157,375,234,234" oya="2" hai0="22,4,12,1,132,91,88,82,111,135,134,40,113" hai1="116,19,71,99,77,17,79,47,98,23,103,57,127" hai2="121,81,131,94,27,52,110,109,106,84,20,34,133" hai3="26,128,18,130,7,14,25,69,56,13,3,76,78"/><V5/><F121/><W48/><G69/><T28/><D113/><U63/><E116/><V120/><F120/><W87/><G3/><T104/><D104/><U74/><E71/><V16/><F106/><W100/><G100/><T8/><D111/><N who="2" m="42506" /><F131/><N who="3" m="50219" /><G7/><T72/><D40/><U112/><E112/><V83/><F133/><W73/><G87/><T123/><D123/><U53/><E127/><V108/><N who="2" m="42514" /><V11/><DORA hai="50" /><F34/><W117/><G13/><T97/><D97/><N who="1" m="36875" /><E74/><V32/><F32/><W105/><G117/><T42/><D42/><U126/><E126/><V89/><F52/><N who="3" m="31751" /><G105/><T118/><D118/><U114/><E103/><V64/><F64/><W51/><G51/><T62/><D62/><U125/><E114/><V61/><F61/><W29/><G73/><T46/><D46/><U49/><E125/><V70/><F70/><W30/><G30/><T68/><D68/><U102/><E19/><V65/><F65/><W43/><G43/><T92/><D92/><U58/><E102/><V44/><F44/><W31/><G31/><T24/><REACH who="0" step="1"/><D1/><AGARI ba="2,0" hai="1,5,11,16,20,27,81,83,84,89,94" m="42514" machi="1" ten="40,7700,0" yaku="14,1,10,1,54,1" doraHai="115,50" who="2" fromWho="0" sc="157,-83,375,0,234,83,234,0" /><INIT seed="2,3,0,0,0,113" ten="74,375,317,234" oya="2" hai0="53,67,5,12,91,133,126,98,87,8,88,48,58" hai1="10,107,119,134,128,64,14,114,32,94,118,121,26" hai2="66,21,81,95,7,103,132,84,74,102,100,68,108" hai3="130,92,33,13,116,82,24,71,85,42,122,29,47"/><V9/><F132/><W111/><G122/><T25/><D133/><U125/><E134/><V115/><F115/><W62/><G111/><T20/><D126/><U75/><E114/><V6/><F108/><W60/><G130/><T96/><D67/><U55/><E107/><V0/><F6/><W11/><G92/><T89/><REACH who="0" step="1"/><D87/><REACH who="0" ten="64,375,317,234" step="2"/><U28/><E125/><V83/><F66/><W105/><G85/><T37/><D37/><U18/><E75/><V86/><F84/><W35/><G82/><T34/><D34/><U16/><E128/><V52/><F74/><W106/><G35/><T2/><D2/><U57/><E121/><V70/><F81/><W123/><G33/><T56/><D56/><U72/><E72/><V78/><F95/><W31/><G123/><T135/><D135/><U43/><E64/><V124/><F124/><W110/><G110/><T50/><D50/><U19/><E94/><V22/><REACH who="2" step="1"/><F52/><REACH who="2" ten="64,375,307,234" step="2"/><W1/><G105/><T112/><D112/><U45/><E55/><V39/><F39/><W77/><G106/><T23/><D23/><AGARI ba="3,2" hai="0,7,9,21,22,23,68,70,78,83,86,100,102,103" machi="23" ten="40,2000,0" yaku="1,1,53,0" doraHai="113" doraHaiUra="51" who="2" fromWho="0" sc="64,-29,375,0,307,49,234,0" /><INIT seed="2,4,0,5,5,4" ten="35,375,356,234" oya="2" hai0="61,31,98,78,65,73,40,101,24,5,128,100,11" hai1="87,1,94,53,48,37,69,38,33,109,39,86,70" hai2="91,126,35,97,79,75,18,106,112,93,20,114,103" hai3="113,41,58,77,122,23,27,14,124,19,99,54,59"/><V56/><F35/><W88/><G122/><T130/><D40/><U89/><E109/><V119/><F119/><W90/><G124/><T16/><D78/><U129/><E129/><V118/><F118/><W3/><G3/><T55/><D73/><U66/><E33/><V81/><F56/><W44/><G113/><T46/><D46/><U92/><E1/><V29/><F29/><W104/><G77/><T67/><D55/><U116/><E116/><V132/><F132/><W49/><G59/><T123/><D123/><U74/><E74/><V133/><F133/><W8/><G104/><T85/><D85/><U71/><E66/><V21/><F126/><W60/><REACH who="3" step="1"/><G99/><REACH who="3" ten="35,375,356,224" step="2"/><T135/><D135/><U76/><E76/><V12/><F21/><W115/><G115/><T80/><D80/><U95/><E89/><V15/><F12/><W134/><G134/><T108/><D108/><U51/><E53/><V6/><REACH who="2" step="1"/><F6/><AGARI ba="4,1" hai="6,8,14,19,23,27,41,44,49,54,58,60,88,90" machi="6" ten="30,8000,1" yaku="1,1,7,1,8,1,52,1,54,1,53,0" doraHai="4" doraHaiUra="68" who="3" fromWho="2" sc="35,0,375,0,356,-92,224,102" /><INIT seed="3,0,0,0,3,109" ten="35,375,264,326" oya="3" hai0="84,89,62,2,80,85,14,104,71,10,42,21,27" hai1="72,125,134,46,81,51,39,111,57,120,124,99,58" hai2="43,66,23,50,121,36,118,0,91,61,63,88,112" hai3="122,29,86,15,31,135,97,93,117,54,87,102,25"/><W37/><G122/><T6/><D62/><U101/><E120/><V52/><F118/><W1/><G117/><T113/><D42/><N who="1" m="25047" /><E39/><V18/><F121/><W105/><G1/><T133/><D104/><N who="1" m="63551" /><E111/><V127/><F127/><N who="1" m="48713" /><E134/><V68/><F0/><W76/><G135/><T34/><D133/><U7/><E7/><V73/><F73/><W116/><G116/><T45/><D71/><U79/><AGARI ba="0,0" hai="57,58,72,79,81" m="48713,63551,25047" machi="79" ten="30,1100,0" yaku="18,1" doraHai="109" who="1" fromWho="1" sc="35,-3,375,11,264,-3,326,-5" owari="32,-46.8,386,48.6,261,-13.9,321,12.1" /></mjloggm>