<mjloggm ver="2.3"><GO type="225" lobby="0"/><UN n0="%72%69%6F%75%63%68%61%6E" n1="%6D%75%75%6D%75%72%61" n2="%E6%B4%BE%E9%81%A3%E3%81%AE%E3%82%B8%E3%83%A3%E3%83%83%E3%82%AF" n3="%E3%81%B8%E3%82%80%E3%81%B8%E3%82%80%EF%BC%92%E5%8F%B7" dan="17,16,16,16" rate="2147.74,2158.39,2142.90,2088.29" sx="M,F,M,M"/><TAIKYOKU oya="0"/><INIT seed="0,0,0,4,4,22" ten="250,250,250,250" oya="0" hai0="75,53,111,118,63,74,98,73,26,59,71,109,45" hai1="77,47,70,129,68,67,66,5,72,121,30,13,93" hai2="101,79,105,120,125,21,41,106,102,61,134,48,3" hai3="104,64,85,103,0,112,14,69,97,124,33,84,115"/><T91/><D118/><U23/><E121/><V94/><F3/><W96/><G0/><T89/><D71/><U135/><E129/><V117/><F117/><W4/><G33/><T40/><D98/><U38/><E135/><V92/><F79/><W55/><G124/><T49/><REACH who="0" step="1"/><D26/><REACH who="0" ten="240,250,250,250" step="2"/><U32/><E70/><V123/><F125/><W39/><G97/><T127/><D127/><U81/><E68/><V7/><F134/><W9/><G96/><T122/><D122/><U90/><E32/><V113/><F120/><W57/><G69/><T108/><AGARI ba="0,1" hai="40,45,49,53,59,63,73,74,75,89,91,108,109,111" machi="108" ten="40,12000,1" yaku="1,1,0,1,14,1,10,1,53,0" doraHai="22" doraHaiUra="65" who="0" fromWho="0" sc="240,130,250,-40,250,-40,250,-40" /><INIT seed="0,1,0,3,5,77" ten="370,210,210,210" oya="0" hai0="79,40,1,124,59,86,10,15,25,38,133,109,102" hai1="103,129,36,4,12,135,100,39,123,62,58,80,66" hai2="104,84,117,55,101,45,16,37,50,119,113,75,51" hai3="83,20,35,108,19,99,72,31,46,28,98,65,53"/><T26/><D124/><U112/><E123/><V68/><F75/><W43/><G108/><T3/><D133/><U118/><E118/><N who="2" m="45067" /><F113/><W5/><G65/><T67/><D109/><U132/><E129/><V95/><F68/><W9/><G53/><T61/><D102/><N who="1" m="38955" /><E112/><V33/><F33/><W41/><G41/><T90/><D79/><U22/><E39/><V29/><F29/><W115/><G115/><T74/><D74/><U60/><E36/><V73/><F73/><W107/><G35/><T106/><D106/><U81/><E62/><V56/><F37/><W85/><G72/><T88/><D1/><U93/><E93/><V120/><F120/><W8/><G107/><T24/><D3/><U89/><E89/><N who="2" m="53671" /><F16/><W21/><G19/><T7/><REACH who="0" step="1"/><D86/><REACH who="0" ten="360,210,210,210" step="2"/><U92/><E135/><V87/><F87/><W122/><G85/><T91/><D91/><U47/><E132/><V48/><F45/><AGARI ba="1,1" hai="7,10,15,24,25,26,38,40,45,59,61,67,88,90" machi="45" ten="40,3900,0" yaku="1,1,54,1,53,0" doraHai="77" doraHaiUra="96" who="0" fromWho="2" sc="360,52,210,0,210,-42,210,0" /><INIT seed="0,2,0,5,1,60" ten="412,210,168,210" oya="0" hai0="86,29,26,46,103,13,58,63,88,23,82,125,123" hai1="59,50,42,30,53,113,33,64,109,36,65,54,40" hai2="68,90,9,37,57,22,98,20,96,127,70,28,34" hai3="35,108,52,18,75,128,15,5,66,91,17,93,69"/><T121/><D125/><U38/><E33/><V111/><F37/><N who="1" m="14441" /><E30/><V71/><F111/><W117/><G117/><T87/><D103/><U47/><E109/><V81/><F127/><W55/><G35/><T134/><D134/><U100/><E100/><V80/><F9/><W83/><G75/><T10/><D46/><U126/><E126/><V114/><F114/><W115/><G115/><T51/><D51/><N who="1" m="31167" /><E113/><V24/><F57/><W2/><G108/><T3/><D3/><U84/><E84/><V21/><REACH who="2" step="1"/><F90/><REACH who="2" ten="412,210,158,210" step="2"/><W110/><G91/><T119/><D119/><U95/><E95/><V116/><F116/><W102/><G93/><T32/><D87/><U77/><E77/><V132/><F132/><W4/><G110/><T73/><D73/><U78/><E78/><V92/><F92/><W49/><G128/><T45/><D10/><U48/><E48/><V112/><F112/><W133/><G49/><T99/><D88/><U135/><E135/><V104/><F104/><W107/><G107/><T8/><D8/><U41/><AGARI ba="2,1" hai="40,41,42,47,50,54,64,65" m="31167,14441" machi="41" ten="30,12000,2" yaku="35,5,52,2" doraHai="60" who="1" fromWho="1" sc="412,-62,210,136,158,-32,210,-32" /><INIT seed="1,0,0,2,1,25" ten="350,346,126,178" oya="1" hai0="24,120,84,82,5,64,81,53,62,96,118,40,34" hai1="70,1,85,74,125,56,121,80,46,69,7,110,0" hai2="99,30,48,59,8,131,71,35,66,10,94,102,21" hai3="111,119,127,20,90,116,43,28,76,130,97,16,33"/><U105/><E121/><V9/><F131/><W77/><G130/><T37/><D118/><N who="3" m="45097" /><G111/><T107/><D120/><U113/><E113/><V54/><F35/><W52/><G127/><T73/><D73/><U132/><E125/><V95/><F95/><N who="3" m="56567" /><G43/><T67/><D5/><U133/><E110/><V126/><F126/><W41/><G41/><T79/><D81/><U19/><E74/><V72/><F72/><W108/><G108/><T101/><D53/><U18/><E105/><V22/><F71/><N who="1" m="27145" /><E56/><V135/><F135/><N who="1" m="51785" /><E46/><V88/><F66/><W114/><G114/><T42/><D37/><U87/><E7/><V93/><REACH who="2" step="1"/><F30/><REACH who="2" ten="350,346,116,178" step="2"/><W6/><G28/><N who="0" m="19719" /><D64/><U58/><E80/><V44/><F44/><W27/><G33/><T15/><D82/><U89/><E58/><V117/><F117/><W29/><G29/><T4/><D67/><U32/><E32/><V129/><F129/><W49/><G6/><T134/><D4/><U47/><E47/><AGARI ba="0,1" hai="16,20,27,47,49,52,76,77" m="56567,45097" machi="47" ten="30,3900,0" yaku="12,1,54,2" doraHai="25" who="3" fromWho="1" sc="350,0,346,-39,116,0,178,49" /><INIT seed="2,0,0,1,2,53" ten="350,307,116,227" oya="2" hai0="8,85,45,36,134,75,19,29,61,14,33,100,26" hai1="42,120,72,133,69,11,58,13,112,15,76,78,68" hai2="5,131,60,62,66,18,93,83,22,52,44,95,10" hai3="73,16,129,116,106,4,82,109,81,17,37,101,80"/><V119/><F131/><W118/><G129/><T107/><D75/><U84/><E112/><V110/><F119/><W121/><G121/><T6/><D134/><U24/><E120/><V55/><F110/><W74/><G109/><T113/><D113/><U48/><E72/><V57/><F83/><W35/><G35/><T63/><D85/><U91/><E133/><V3/><F44/><W31/><G31/><T88/><D88/><U125/><E125/><V46/><F46/><W2/><G37/><T39/><D45/><N who="1" m="25655" /><E69/><V135/><F135/><W123/><G123/><T108/><D108/><U86/><E68/><V99/><F99/><W89/><G89/><T71/><D6/><N who="1" m="3319" /><E24/><V128/><F128/><W28/><G28/><T9/><D9/><U102/><E102/><V77/><F77/><N who="1" m="29801" /><E91/><V103/><F103/><W50/><G101/><T23/><D8/><U115/><E115/><V79/><F79/><W49/><G106/><T32/><D33/><U27/><E27/><V20/><F20/><W127/><G127/><T87/><D87/><U30/><E30/><V97/><F97/><W105/><G105/><T132/><D132/><U12/><E58/><V65/><F65/><W0/><G82/><T21/><D32/><U67/><E67/><V34/><F34/><W124/><G124/><T90/><D90/><U96/><E96/><V92/><REACH who="2" step="1"/><F62/><REACH who="2" ten="350,307,106,227" step="2"/><N who="0" m="23562" /><D100/><U54/><E86/><V70/><F70/><W111/><G111/><T98/><D71/><U130/><E130/><V1/><F1/><W59/><G59/><T47/><D47/><U40/><E84/><V38/><F38/><RYUUKYOKU ba="0,1" sc="350,10,307,-30,106,10,227,10" hai0="14,19,21,23,26,29,36,39,98,107" hai2="3,5,10,18,22,52,55,57,60,66,92,93,95" hai3="0,2,4,16,17,49,50,73,74,80,81,116,118" /><INIT seed="2,1,1,1,1,69" ten="360,277,116,237" oya="2" hai0="45,13,76,129,104,5,130,81,44,96,92,85,43" hai1="40,99,35,63,131,124,91,55,59,52,80,116,0" hai2="74,49,33,15,98,17,110,28,29,51,67,65,37" hai3="34,58,82,84,107,68,41,73,95,89,135,4,18"/><V118/><F118/><W19/><G135/><T101/><D104/><U22/><E116/><V88/><F74/><W60/><G107/><T14/><D44/><U114/><E114/><V6/><F6/><W11/><G34/><T128/><REACH who="0" step="1"/><D5/><REACH who="0" ten="350,277,116,237" step="2"/><U86/><E131/><V133/><F133/><W47/><G68/><T105/><D105/><U122/><E122/><V83/><F110/><W32/><G32/><T132/><D132/><U97/><E35/><V126/><F126/><W66/><G47/><T2/><D2/><U72/><E124/><V117/><F117/><W112/><G112/><T39/><AGARI ba="1,2" hai="13,14,39,43,45,76,81,85,92,96,101,128,129,130" machi="39" ten="30,7900,0" yaku="1,1,0,1,19,1,52,1,53,0" doraHai="69" doraHaiUra="16" who="0" fromWho="0" sc="350,102,277,-21,116,-40,237,-21" /><INIT seed="3,0,0,0,5,18" ten="452,256,76,216" oya="3" hai0="58,113,74,2,135,63,97,51,89,115,25,16,66" hai1="98,6,56,87,70,78,15,40,117,105,29,55,91" hai2="103,5,42,50,36,119,30,28,95,83,64,10,111" hai3="110,3,23,112,11,116,125,31,120,38,101,9,92"/><W130/><G112/><N who="0" m="43083" /><D2/><U47/><E70/><V39/><F119/><W102/><G116/><T65/><D74/><U107/><E117/><V124/><F111/><W22/><G120/><T59/><D135/><U85/><E29/><V108/><F108/><W26/><G110/><T134/><D134/><U132/><E132/><V77/><F124/><W19/><G125/><T17/><D25/><U114/><E114/><V96/><F64/><N who="0" m="24682" /><D51/><U44/><E78/><V20/><F36/><W33/><G38/><T0/><D0/><U35/><E6/><V34/><F34/><W48/><G130/><T32/><D32/><U109/><E91/><V69/><F69/><W118/><G118/><T62/><D59/><U27/><E87/><V67/><F67/><W43/><G33/><T106/><D58/><U93/><E40/><V121/><F121/><W88/><G3/><T12/><D16/><U57/><E85/><V123/><F123/><W4/><G4/><T82/><D82/><U126/><E93/><V75/><F50/><W37/><G37/><T129/><D129/><U127/><E109/><V49/><F49/><W21/><G48/><T60/><D89/><U52/><E98/><V14/><F20/><N who="3" m="7787" /><G31/><T86/><D106/><U73/><E35/><V104/><F104/><W100/><G43/><T53/><D62/><U122/><E122/><V99/><F99/><AGARI ba="0,0" hai="9,11,19,23,26,88,92,99,100,101,102" m="7787" machi="99" ten="30,18000,2" yaku="8,1,52,4,54,1" doraHai="18" who="3" fromWho="2" sc="452,0,256,0,76,-180,216,180" owari="452,55.2,256,-14.4,-104,-60.4,396,19.6" /></mjloggm>