<mjloggm ver="2.3"><GO type="225" lobby="0"/><UN n0="%E2%80%A0%E7%99%BD%E5%85%8E%E2%80%A0" n1="%E5%A4%96%E5%B7%9D%E7%AB%9C%E6%88%90" n2="%E3%81%BF%E3%81%BF%E3%81%9A" n3="%6D%75%75%6D%75%72%61" dan="18,16,17,16" rate="2138.91,2235.15,2181.98,2202.71" sx="M,M,M,F"/><TAIKYOKU oya="0"/><INIT seed="0,0,0,2,5,53" ten="250,250,250,250" oya="0" hai0="35,38,70,15,26,125,132,0,127,33,103,28,88" hai1="102,76,67,44,89,29,115,116,98,45,54,119,113" hai2="31,130,123,68,3,4,128,18,39,73,124,120,11" hai3="12,56,79,84,41,30,104,16,49,90,6,17,110"/><T71/><D0/><U112/><E76/><V48/><F39/><W27/><G104/><T9/><D38/><U22/><E67/><V105/><F73/><W61/><G110/><T58/><D103/><U23/><E89/><V83/><F105/><W37/><G37/><T86/><D35/><U117/><E29/><V96/><F96/><W75/><G75/><T36/><D36/><U108/><E108/><V101/><F101/><W21/><G79/><T95/><D132/><U42/><E42/><V13/><F83/><W121/><G121/><N who="2" m="46665" /><F48/><W72/><G72/><T65/><D58/><U82/><E82/><V80/><F80/><N who="3" m="49415" /><G6/><N who="0" m="3511" /><D65/><U94/><REACH who="1" step="1"/><E54/><REACH who="1" ten="250,240,250,250" step="2"/><V129/><F68/><W111/><G111/><T106/><D71/><U78/><E78/><V97/><F97/><W74/><G74/><T114/><D70/><U109/><E109/><V52/><F52/><N who="3" m="33927" /><G12/><T25/><D125/><U135/><E135/><V8/><F31/><W19/><G30/><T60/><D127/><AGARI ba="0,1" hai="3,4,8,11,13,18,124,127,128,129,130" m="46665" machi="127" ten="40,5200,0" yaku="19,1,34,2" doraHai="53" who="2" fromWho="0" sc="250,-52,240,0,250,62,250,0" /><INIT seed="1,0,0,2,5,130" ten="198,240,312,250" oya="1" hai0="23,118,43,60,135,45,50,53,104,77,90,46,32" hai1="74,89,123,87,29,6,67,80,52,3,68,112,61" hai2="57,34,98,27,91,78,28,36,113,71,24,75,33" hai3="122,126,9,0,82,38,7,2,62,15,4,86,125"/><U10/><E112/><V30/><F71/><W69/><G122/><T84/><D32/><U72/><E123/><V95/><F113/><W20/><G38/><T1/><D118/><U70/><E70/><V124/><F124/><N who="3" m="47723" /><G20/><T55/><D1/><U21/><E29/><V96/><F36/><W64/><G7/><T65/><D104/><U39/><E39/><V114/><F114/><W128/><G128/><T40/><D77/><AGARI ba="0,0" hai="0,2,4,9,15,62,64,69,77,82,86" m="47723" machi="77" ten="30,1000,0" yaku="18,1" doraHai="130" who="3" fromWho="0" sc="198,-10,240,0,312,0,250,10" /><INIT seed="2,0,0,5,2,4" ten="188,240,312,260" oya="2" hai0="113,22,39,116,29,55,38,132,62,85,72,61,90" hai1="14,59,51,110,112,52,45,32,107,25,47,68,134" hai2="63,6,117,41,127,104,105,124,42,102,16,74,66" hai3="36,73,95,76,35,33,91,89,65,7,97,133,12"/><V20/><F117/><W11/><G133/><T69/><D72/><U114/><E107/><V86/><F74/><W121/><G121/><T23/><D113/><U44/><E134/><V9/><F86/><W43/><G65/><T82/><D132/><U50/><E14/><N who="2" m="5431" /><F102/><W58/><G58/><T17/><D116/><U96/><E96/><V5/><F5/><W53/><G53/><T46/><D69/><U84/><E84/><V103/><F103/><W93/><G43/><N who="2" m="16393" /><F63/><W0/><G36/><T83/><D39/><U80/><E80/><V1/><F1/><W100/><G0/><T135/><D135/><U78/><E68/><V19/><F66/><W71/><G71/><T94/><D38/><U119/><E119/><V70/><F70/><W3/><G3/><T18/><D62/><U120/><E120/><V31/><F31/><W24/><G100/><T21/><D29/><N who="1" m="19503" /><E114/><V98/><F98/><W60/><G60/><T26/><D23/><U129/><E112/><V131/><F131/><W111/><G33/><T75/><D75/><U13/><E129/><V57/><F57/><W28/><G73/><T56/><REACH who="0" step="1"/><D46/><REACH who="0" ten="178,240,312,260" step="2"/><U40/><E44/><V34/><F34/><W128/><G128/><T108/><D108/><U2/><E110/><V8/><F20/><W64/><G111/><T122/><D122/><U79/><E45/><V27/><F124/><W10/><G28/><T54/><D54/><U30/><E30/><V81/><F127/><W77/><G35/><T88/><D88/><U49/><E47/><V115/><F115/><W101/><G91/><T48/><D48/><RYUUKYOKU ba="0,1" sc="178,30,240,-10,312,-10,260,-10" hai0="17,18,21,22,26,55,56,61,82,83,85,90,94" /><INIT seed="3,1,1,4,4,53" ten="208,230,302,250" oya="3" hai0="92,89,95,0,75,108,87,33,37,40,124,121,29" hai1="77,101,14,62,132,111,78,70,120,96,79,16,112" hai2="24,109,76,84,90,57,18,106,42,103,51,31,122" hai3="125,107,8,63,48,86,126,81,1,43,123,56,23"/><W102/><G123/><T98/><D121/><U22/><E112/><V67/><F122/><W58/><G23/><T83/><D0/><U105/><E120/><V2/><F2/><W52/><G107/><T28/><D108/><U130/><E111/><V93/><F109/><W50/><G102/><T82/><D124/><N who="3" m="47721" /><G43/><T15/><D33/><U99/><E130/><V135/><F135/><W66/><G8/><T110/><D110/><U20/><E132/><V30/><F106/><W71/><G1/><T133/><D133/><U39/><E39/><V13/><F103/><W3/><G3/><T35/><D35/><U116/><E116/><V47/><F76/><N who="3" m="46375" /><G48/><T11/><D40/><U100/><E22/><N who="2" m="11599" /><F24/><W68/><AGARI ba="1,1" hai="50,52,56,58,63,66,68,71" m="46375,47721" machi="68" ten="30,11700,0" yaku="18,1,52,2,54,1" doraHai="53" who="3" fromWho="3" sc="208,-40,230,-40,302,-40,250,130" owari="168,-33.2,190,-21.0,262,6.2,380,48.0" /></mjloggm>