<mjloggm ver="2.3"><GO type="225" lobby="0"/><UN n0="%73%6C%69%63%6B%33%31%39" n1="%E3%83%AD%E3%83%83%E3%83%86%E9%9B%80%E7%90%83" n2="%72%69%6F%75%63%68%61%6E" n3="%E3%81%82%E3%81%99%E3%81%AB%E3%82%83%E3%82%80" dan="16,17,17,16" rate="2192.44,2133.07,2239.75,2061.10" sx="M,M,M,F"/><TAIKYOKU oya="0"/><INIT seed="0,0,0,3,2,20" ten="250,250,250,250" oya="0" hai0="130,18,5,50,26,29,89,99,52,114,42,37,46" hai1="25,78,107,112,63,41,24,8,127,69,76,34,13" hai2="92,14,79,44,80,91,56,22,68,17,21,4,87" hai3="93,113,106,58,0,71,74,53,40,12,73,60,110"/><T126/><D114/><U133/><E107/><V103/><F68/><W84/><G0/><T2/><D130/><U119/><E119/><V23/><F4/><W122/><G106/><T54/><D126/><U120/><E120/><V33/><F33/><W90/><G113/><T95/><D18/><U31/><E112/><V19/><F103/><W105/><G105/><T28/><D28/><U121/><E121/><V98/><F44/><W97/><G110/><T32/><REACH who="0" step="1"/><D37/><REACH who="0" ten="240,250,250,250" step="2"/><U62/><E31/><V61/><REACH who="2" step="1"/><F19/><REACH who="2" ten="240,250,240,250" step="2"/><W57/><G122/><T94/><D94/><U86/><E127/><V64/><AGARI ba="0,2" hai="14,17,21,22,23,56,61,64,79,80,87,91,92,98" machi="64" ten="20,8000,1" yaku="1,1,2,1,0,1,7,1,8,1,53,0" doraHai="20" doraHaiUra="109" who="2" fromWho="2" sc="240,-40,250,-20,240,100,250,-20" /><INIT seed="1,0,0,5,4,43" ten="200,230,340,230" oya="1" hai0="54,41,69,67,84,87,20,78,119,39,102,121,57" hai1="130,113,133,14,10,60,95,81,117,6,64,134,66" hai2="80,79,99,63,29,68,16,51,50,71,98,108,1" hai3="104,122,47,32,34,112,100,15,59,110,76,44,70"/><U25/><E117/><V125/><F108/><W28/><G112/><T4/><D119/><U24/><E113/><V129/><F125/><W18/><G122/><T46/><D121/><U109/><E130/><V40/><F129/><W92/><G70/><T83/><D102/><U96/><E109/><V127/><F127/><W85/><G104/><T8/><D20/><U17/><E81/><V74/><F1/><W77/><G110/><T106/><D106/><U11/><E25/><V115/><F115/><W12/><G34/><T73/><D67/><U118/><E118/><V114/><F114/><W128/><G128/><T3/><REACH who="0" step="1"/><D69/><REACH who="0" ten="190,230,340,230" step="2"/><U27/><E66/><V88/><F68/><W123/><G123/><T86/><D86/><U31/><E134/><V116/><F71/><W35/><G35/><T49/><AGARI ba="0,1" hai="3,4,8,39,41,46,49,54,57,73,78,83,84,87" machi="49" ten="20,12000,2" yaku="1,1,0,1,7,1,25,2,52,1,53,1" doraHai="43" doraHaiUra="7" who="0" fromWho="0" sc="190,130,230,-60,340,-30,230,-30" /><INIT seed="2,0,0,5,0,102" ten="320,170,310,200" oya="2" hai0="69,11,93,89,118,43,134,49,48,81,85,46,56" hai1="99,104,13,119,42,79,34,7,39,127,1,28,67" hai2="59,18,12,20,70,88,2,62,19,109,125,77,17" hai3="14,38,16,61,36,90,54,111,47,98,40,112,64"/><V57/><F125/><W22/><G111/><T123/><D123/><U68/><E13/><V58/><F2/><W126/><G112/><T108/><D69/><U9/><E119/><V0/><F0/><W23/><G126/><T92/><D108/><U124/><E79/><V84/><F109/><W80/><G54/><N who="0" m="31815" /><D118/><U103/><E42/><V115/><F115/><W24/><G38/><T87/><D134/><U128/><E39/><V129/><F129/><W73/><G73/><T91/><D11/><U74/><E74/><V21/><F77/><W97/><G90/><T4/><D4/><U135/><E135/><V45/><F45/><W29/><REACH who="3" step="1"/><G80/><AGARI ba="0,0" hai="43,46,49,80,81,85,87,89,91,92,93" m="31815" machi="80" ten="30,1000,0" yaku="8,1" doraHai="102" who="0" fromWho="3" sc="320,10,170,0,310,0,200,-10" /><INIT seed="3,0,0,5,4,65" ten="330,170,310,190" oya="3" hai0="75,43,25,54,80,24,19,94,47,90,55,133,89" hai1="49,36,96,125,46,100,37,30,68,14,26,8,132" hai2="88,48,84,115,106,38,111,6,9,91,81,76,116" hai3="58,95,69,17,56,83,27,44,124,131,3,60,72"/><W52/><G3/><T51/><D133/><U77/><E125/><V32/><F115/><W18/><G124/><T62/><D75/><U7/><E132/><V21/><F116/><W98/><G131/><T128/><D128/><U15/><E15/><N who="2" m="5559" /><F32/><W71/><G44/><T11/><D80/><U78/><E68/><N who="3" m="26186" /><G18/><T82/><D82/><U74/><E74/><V134/><F134/><W122/><G58/><N who="0" m="35159" /><D43/><U34/><E37/><V70/><F70/><W110/><G83/><T126/><D126/><U129/><E36/><V66/><F38/><W61/><G61/><T67/><D67/><U107/><REACH who="1" step="1"/><E129/><REACH who="1" ten="330,160,310,190" step="2"/><V93/><F106/><W118/><G72/><T105/><D105/><U127/><E127/><V123/><F123/><W102/><G122/><T135/><D135/><U29/><E29/><V108/><F66/><W63/><G63/><T53/><D25/><U113/><E113/><V12/><F48/><W130/><G130/><T104/><D104/><U103/><E103/><V112/><F112/><W85/><G102/><T13/><D24/><U4/><E4/><V73/><F91/><N who="3" m="55679" /><G118/><T16/><D90/><U23/><E23/><V28/><F28/><W31/><G31/><T114/><D114/><U35/><E35/><V40/><F40/><AGARI ba="0,1" hai="7,8,14,26,30,34,40,46,49,77,78,96,100,107" machi="40" ten="30,3900,0" yaku="1,1,7,1,53,1" doraHai="65" doraHaiUra="10" who="1" fromWho="2" sc="330,0,160,49,310,-39,190,0" owari="330,43.0,209,-19.1,271,7.1,190,-31.0" /></mjloggm>