<mjloggm ver="2.3"><GO type="225" lobby="0"/><UN n0="%E3%81%99%E3%81%84%E3%81%BE%E3%81%9B%E3%83%BC%E3%82%93" n1="%E3%82%BC%E3%83%AB%E3%83%80%E3%81%AE%E4%BC%9D%E8%AA%AC" n2="%E3%82%B2%E3%82%B9%E8%8C%82%E5%8B%9D" n3="%E3%81%AF%E3%82%88%E3%81%8A%E3%81%98%E3%81%95%E3%82%93" dan="16,17,16,17" rate="2212.95,2260.08,2052.33,2156.41" sx="M,M,F,M"/><TAIKYOKU oya="0"/><INIT seed="0,0,0,5,5,68" ten="250,250,250,250" oya="0" hai0="79,63,125,130,47,134,107,9,48,83,5,133,16" hai1="93,1,101,54,57,30,127,58,37,45,20,91,118" hai2="87,14,0,23,2,41,3,34,4,106,42,52,71" hai3="132,75,124,59,39,65,95,78,126,77,38,96,94"/><T111/><D107/><U86/><E118/><V49/><F34/><W27/><G132/><N who="0" m="50795" /><D125/><N who="3" m="48233" /><G27/><T70/><D130/><U135/><E135/><V88/><F71/><W44/><G44/><T13/><D111/><U98/><E1/><V7/><F106/><W22/><G22/><T51/><D47/><U121/><E121/><V19/><F41/><W35/><G35/><T99/><D99/><U89/><E89/><V17/><F17/><W6/><G6/><T90/><D90/><U109/><E109/><V113/><F42/><W105/><G105/><T123/><D123/><U131/><E131/><V33/><F33/><W11/><G11/><N who="0" m="6207" /><D63/><U25/><E127/><V28/><F28/><W103/><G95/><T84/><D70/><U100/><E37/><N who="3" m="13834" /><G75/><T104/><D104/><U128/><E128/><V80/><REACH who="2" step="1"/><F113/><REACH who="2" ten="250,250,240,250" step="2"/><W46/><G46/><AGARI ba="0,1" hai="0,2,3,4,7,14,19,23,46,49,52,80,87,88" machi="46" ten="40,8000,1" yaku="1,1,2,1,54,2,53,0" doraHai="68" doraHaiUra="61" who="2" fromWho="3" sc="250,0,250,0,240,90,250,-80" /><INIT seed="1,0,0,1,3,122" ten="250,250,330,170" oya="1" hai0="23,29,16,31,80,111,10,22,92,116,53,56,108" hai1="133,100,114,131,62,28,102,68,5,78,54,11,59" hai2="42,57,123,41,66,73,120,96,99,34,85,1,76" hai3="6,21,118,7,12,52,129,107,61,45,49,63,51"/><U104/><E114/><V125/><F73/><W91/><G107/><T82/><D116/><U87/><E133/><V19/><F34/><W103/><G118/><T112/><D112/><U89/><E131/><V35/><F35/><W130/><G103/><T47/><D47/><U115/><E115/><V128/><F128/><N who="3" m="49259" /><G91/><T2/><D92/><U105/><E78/><V94/><F1/><W110/><G49/><T38/><D38/><U121/><E121/><V17/><F125/><W126/><G126/><T79/><D2/><U127/><E127/><V8/><F76/><W81/><G81/><T70/><D10/><U46/><E68/><V9/><F57/><W93/><G93/><T14/><D70/><U69/><E69/><V33/><F33/><W86/><G86/><T71/><D71/><U88/><E28/><V135/><F94/><W13/><G61/><T43/><D43/><U64/><E104/><V75/><F75/><W83/><G63/><N who="0" m="36239" /><D23/><U84/><E105/><V60/><F60/><W50/><G51/><T134/><D82/><N who="1" m="49175" /><E46/><V20/><F120/><W36/><G83/><T44/><D44/><U117/><E64/><V30/><F66/><W67/><G36/><T15/><D134/><U37/><E37/><V90/><F135/><W124/><G67/><T119/><D119/><U97/><E97/><V74/><F123/><W58/><G124/><T48/><D80/><N who="1" m="49383" /><E117/><V77/><F77/><W101/><G101/><T65/><D65/><U40/><E40/><V95/><F42/><W25/><G45/><T39/><D39/><U3/><E102/><N who="2" m="60703" /><F41/><W109/><G58/><RYUUKYOKU ba="0,0" sc="250,-10,250,30,330,-10,170,-10" hai1="3,5,11,54,59,62,100" /><INIT seed="1,1,0,4,2,73" ten="240,280,320,160" oya="1" hai0="114,78,120,130,56,39,126,38,116,134,40,27,122" hai1="123,14,87,7,119,94,32,24,54,20,48,16,57" hai2="34,84,103,86,26,82,5,4,60,90,53,62,109" hai3="124,21,69,52,64,93,0,61,133,25,127,135,29"/><U92/><E119/><V59/><F109/><W41/><G0/><T65/><D114/><U75/><E75/><V49/><F103/><W95/><G41/><T11/><D116/><U12/><E123/><N who="0" m="47145" /><D126/><N who="3" m="48169" /><G52/><T6/><D130/><U8/><E32/><V108/><F108/><W63/><G63/><N who="2" m="24105" /><F34/><W55/><G55/><T128/><D128/><U43/><E43/><V117/><F117/><W22/><G21/><T51/><D134/><AGARI ba="1,0" hai="22,25,29,61,64,69,93,95,133,134,135" m="48169" machi="134" ten="30,2000,0" yaku="20,1,18,1" doraHai="73" who="3" fromWho="0" sc="240,-23,280,0,320,0,160,23" /><INIT seed="2,0,0,2,3,72" ten="217,280,320,183" oya="2" hai0="82,26,129,88,42,12,23,48,39,62,50,35,25" hai1="54,7,118,75,30,13,94,20,27,86,111,113,101" hai2="131,55,24,102,105,116,135,16,21,93,43,121,91" hai3="51,76,6,4,85,119,44,78,126,49,40,28,92"/><V8/><F131/><W110/><G119/><T37/><D129/><U95/><E75/><V123/><F135/><W81/><G110/><T87/><D62/><U33/><E113/><V3/><F116/><W67/><G126/><T15/><D35/><U32/><E118/><V112/><F112/><W66/><G28/><T134/><D134/><U100/><E111/><V41/><F102/><W128/><G128/><T17/><D12/><U9/><E86/><V109/><F109/><W89/><G49/><T57/><D50/><U36/><E36/><V52/><F105/><W127/><G127/><T68/><D68/><U122/><E122/><V1/><F121/><W133/><G133/><T106/><D106/><U22/><E33/><V74/><F74/><W38/><G38/><T107/><D107/><U103/><E54/><V117/><F117/><W31/><G31/><T132/><D132/><U65/><E65/><N who="3" m="24586" /><G92/><T83/><D39/><U80/><E80/><N who="0" m="30761" /><D37/><U61/><E61/><V60/><F123/><W104/><G104/><T10/><D23/><U97/><E94/><V96/><F1/><W14/><G14/><T34/><D34/><U70/><E70/><V120/><F120/><W114/><G114/><T11/><D11/><U99/><E95/><V125/><F125/><W64/><N who="3" m="24594" /><W77/><AGARI ba="0,0" hai="4,6,40,44,51,76,77,78,81,85,89" m="24594" machi="77" ten="40,8000,1" yaku="4,1,8,1,52,3" doraHai="72" who="3" fromWho="3" sc="217,-20,280,-20,320,-40,183,80" /><INIT seed="3,0,0,2,0,124" ten="197,260,280,263" oya="3" hai0="128,96,16,135,129,126,49,47,134,85,84,74,54" hai1="12,42,19,13,109,3,102,60,7,67,130,88,107" hai2="33,62,101,133,24,117,18,6,131,125,94,92,15" hai3="104,127,39,99,121,51,30,22,38,59,122,118,87"/><W89/><G118/><T20/><D74/><U110/><E42/><V27/><F117/><W34/><G34/><T97/><D126/><U26/><E130/><N who="0" m="50281" /><D85/><U53/><E53/><V35/><F131/><W17/><G127/><T43/><D43/><U63/><E26/><V103/><F125/><W61/><G38/><T71/><D71/><U111/><E88/><V105/><F15/><N who="1" m="5705" /><E19/><V29/><F18/><W106/><G39/><T9/><D9/><N who="1" m="2303" /><E67/><V14/><F14/><W2/><G87/><T93/><D84/><U48/><E48/><V32/><F32/><W114/><G121/><T90/><D96/><AGARI ba="0,0" hai="60,63,96,102,107,109,110,111" m="2303,5705" machi="96" ten="40,1300,0" yaku="14,1" doraHai="124" who="1" fromWho="0" sc="197,-13,260,13,280,0,263,0" /><INIT seed="4,0,0,2,3,116" ten="184,273,280,263" oya="0" hai0="102,96,104,18,67,115,98,9,112,117,110,71,31" hai1="29,63,93,87,19,61,44,57,7,80,3,106,111" hai2="10,50,125,70,56,97,127,118,37,32,124,14,78" hai3="21,89,103,88,41,66,25,65,105,85,75,51,79"/><T133/><D117/><U47/><E111/><V60/><F118/><W72/><G105/><T48/><D110/><U49/><E106/><V26/><F37/><W91/><G75/><T6/><D133/><U83/><E29/><N who="2" m="19511" /><F78/><W58/><G72/><T27/><D18/><U86/><E19/><N who="2" m="8663" /><F97/><W76/><G103/><T95/><D48/><U74/><E74/><V8/><F8/><W77/><G85/><T33/><D95/><U122/><E7/><V28/><F28/><N who="3" m="17455" /><G58/><T90/><D90/><N who="3" m="23041" /><W46/><AGARI ba="0,0" hai="41,46,51,65,66,76,77,79" m="23041,17455" machi="46" ten="40,5200,0" yaku="4,1,8,1,54,1" doraHai="116" who="3" fromWho="3" sc="184,-26,273,-13,280,-13,263,52" owari="158,-34.2,260,-14.0,267,6.7,315,41.5" /></mjloggm>