<mjloggm ver="2.3"><GO type="225" lobby="0"/><UN n0="%E3%81%A4%E3%81%A3%E3%81%B1%E3%82%8A%E3%83%9D%E3%83%BC%E3%83%AB" n1="%E3%81%AF%E3%82%88%E3%81%8A%E3%81%98%E3%81%95%E3%82%93" n2="%E4%BF%BA%E3%81%A8%E5%A6%96%E5%A4%A2" n3="%72%69%6F%75%63%68%61%6E" dan="16,17,17,16" rate="2118.37,2186.15,2192.59,2155.53" sx="M,M,F,M"/><TAIKYOKU oya="0"/><INIT seed="0,0,0,5,5,103" ten="250,250,250,250" oya="0" hai0="94,47,8,131,1,4,106,5,21,109,34,33,95" hai1="14,99,91,112,71,117,68,92,66,76,98,9,29" hai2="73,110,125,114,89,49,105,96,54,41,53,3,17" hai3="75,56,39,77,52,81,18,85,32,116,0,13,87"/><T50/><D106/><U61/><E117/><V6/><F114/><W2/><G116/><T19/><D131/><U130/><E130/><V127/><F73/><W93/><G39/><T60/><D5/><U102/><E112/><V97/><F110/><W55/><G32/><T88/><D95/><U82/><E29/><V44/><F17/><W16/><G18/><T86/><D60/><U36/><E36/><V135/><F135/><W69/><G69/><T10/><D10/><U26/><E26/><V40/><F6/><W51/><G55/><T108/><D108/><U128/><E128/><V79/><F3/><W12/><G12/><T38/><D38/><U90/><E68/><V101/><F79/><W132/><G132/><T59/><D109/><U80/><E76/><V134/><F53/><W121/><G121/><T35/><D59/><U119/><E119/><V126/><F134/><W67/><G67/><T100/><D100/><U30/><E30/><V84/><REACH who="2" step="1"/><F97/><REACH who="2" ten="250,250,240,250" step="2"/><W123/><G123/><T31/><D31/><U74/><E74/><V64/><F64/><W111/><G111/><T15/><REACH who="0" step="1"/><D35/><REACH who="0" ten="240,250,240,250" step="2"/><U107/><E66/><V25/><F25/><W45/><G45/><T48/><D48/><U23/><E61/><V42/><F42/><AGARI ba="0,2" hai="1,4,8,15,19,21,33,34,42,47,50,86,88,94" machi="42" ten="30,11600,0" yaku="1,1,7,1,54,1,53,1" doraHai="103" doraHaiUra="37" who="0" fromWho="2" sc="240,136,250,0,240,-116,250,0" /><INIT seed="0,1,0,4,2,9" ten="376,250,124,250" oya="0" hai0="98,127,93,68,20,3,111,10,119,83,88,57,105" hai1="95,124,102,62,66,13,107,28,92,125,100,113,114" hai2="109,134,103,47,41,117,135,44,75,19,90,25,99" hai3="115,106,59,15,23,30,54,53,61,35,50,73,69"/><T70/><D119/><U85/><E28/><V5/><F117/><W38/><G115/><N who="1" m="44042" /><E62/><V133/><F75/><W123/><G106/><T52/><D105/><U26/><E26/><V97/><F109/><W1/><G73/><T24/><D111/><U4/><E66/><V64/><F5/><W55/><G123/><T7/><D127/><N who="1" m="48715" /><E107/><V16/><F64/><W118/><G118/><T42/><D42/><U110/><E110/><V126/><F126/><W31/><G1/><T82/><D70/><U34/><E34/><V18/><F25/><W6/><G38/><T40/><D40/><U48/><E48/><N who="2" m="26639" /><F103/><N who="1" m="39465" /><E85/><V104/><F104/><W86/><G69/><T65/><D65/><U45/><E45/><V131/><F47/><W71/><G71/><T81/><D68/><U122/><E122/><V58/><F58/><W12/><G35/><T108/><D108/><U56/><E56/><V116/><F116/><W17/><G86/><T60/><D24/><U14/><E4/><V79/><F99/><W46/><G54/><T78/><REACH who="0" step="1"/><D20/><REACH who="0" ten="366,250,124,250" step="2"/><U21/><E21/><V132/><F132/><W22/><REACH who="3" step="1"/><G23/><REACH who="3" ten="366,250,124,240" step="2"/><T33/><D33/><U91/><E91/><V120/><F120/><W121/><G121/><T96/><D96/><U67/><E67/><V36/><F97/><W27/><G27/><T129/><D129/><U101/><E101/><V43/><F90/><W94/><G94/><AGARI ba="1,2" hai="13,14,92,94,95" m="39465,48715,44042" machi="94" ten="40,12000,2" yaku="28,2,11,1,18,1,52,2" doraHai="9" who="1" fromWho="3" sc="366,0,250,143,124,0,240,-123" /><INIT seed="1,0,0,2,1,38" ten="366,393,124,117" oya="1" hai0="93,8,133,101,80,88,29,99,97,126,128,68,17" hai1="123,57,50,73,44,54,98,15,66,55,1,56,64" hai2="122,115,11,52,6,116,129,127,110,89,24,26,21" hai3="121,31,58,16,71,91,112,111,94,48,37,60,62"/><U27/><E1/><V49/><F116/><W19/><G121/><T100/><D68/><U34/><E123/><V107/><F122/><W7/><G112/><T61/><D133/><U36/><E73/><V113/><F107/><W42/><G111/><T46/><D128/><U95/><E15/><V53/><F110/><W33/><G7/><T108/><D108/><U117/><E117/><V65/><F129/><W83/><G83/><T130/><D130/><U135/><E135/><V119/><F119/><W102/><G102/><T79/><D29/><U30/><E57/><V87/><F65/><N who="3" m="41383" /><G62/><T40/><D126/><U77/><E77/><V5/><F5/><W25/><G94/><T75/><D61/><U51/><REACH who="1" step="1"/><E36/><REACH who="1" ten="366,383,124,117" step="2"/><V0/><F127/><W104/><G104/><T13/><D99/><U132/><E132/><V96/><F0/><W32/><G37/><AGARI ba="0,1" hai="8,13,17,37,40,46,75,79,80,88,93,97,100,101" machi="37" ten="30,3900,0" yaku="7,1,52,1,54,1" doraHai="38" who="0" fromWho="3" sc="366,49,383,0,124,0,117,-39" /><INIT seed="2,0,0,3,2,20" ten="415,383,124,78" oya="2" hai0="23,24,95,120,89,126,3,119,43,111,75,134,124" hai1="80,98,109,42,125,38,77,9,51,60,128,0,135" hai2="15,105,5,11,29,81,4,27,30,31,62,12,67" hai3="68,91,108,107,13,50,18,41,8,127,112,58,59"/><V122/><F105/><W2/><G108/><T110/><D120/><U57/><E109/><N who="0" m="41481" /><D134/><U103/><E135/><V66/><F122/><W56/><G127/><N who="0" m="48683" /><D119/><U90/><E125/><V86/><F62/><W88/><G112/><T99/><D75/><U83/><E128/><V28/><F12/><W71/><G107/><T94/><D43/><U69/><E38/><V53/><F53/><W73/><G73/><T118/><D3/><U1/><E69/><V101/><F4/><W40/><G2/><T49/><D49/><U121/><E121/><V44/><F44/><W76/><G76/><T64/><D64/><U92/><E51/><V132/><F101/><W19/><G50/><T116/><D95/><U85/><E42/><N who="3" m="16490" /><G13/><T45/><D45/><U36/><E36/><V47/><F47/><W46/><G8/><T39/><D39/><U123/><E9/><V6/><F6/><W54/><G54/><T97/><D97/><U74/><REACH who="1" step="1"/><E123/><REACH who="1" ten="415,373,124,78" step="2"/><V114/><F132/><W129/><G129/><T61/><D61/><U37/><E37/><V115/><F115/><W70/><G46/><T22/><D22/><U65/><AGARI ba="0,1" hai="0,1,57,60,65,74,77,80,83,85,90,92,98,103" machi="65" ten="20,5200,0" yaku="1,1,0,1,7,1,53,1" doraHai="20" doraHaiUra="52" who="1" fromWho="1" sc="415,-13,373,62,124,-26,78,-13" /><INIT seed="3,0,0,3,0,49" ten="402,435,98,65" oya="3" hai0="2,131,14,22,114,88,54,40,10,79,113,124,100" hai1="63,12,23,0,87,128,4,121,68,58,28,67,78" hai2="119,30,105,42,76,33,59,19,92,70,99,25,43" hai3="117,41,82,111,73,69,91,66,24,125,132,1,118"/><W51/><G1/><T77/><D100/><U65/><E121/><V122/><F119/><N who="3" m="45579" /><G73/><T57/><D40/><U5/><E0/><V29/><F29/><W130/><G24/><T37/><D22/><U103/><E128/><V116/><F116/><W89/><G82/><T60/><D131/><U104/><E104/><V27/><F70/><W109/><G130/><T16/><D37/><U62/><E103/><V8/><F105/><W133/><G89/><T36/><D36/><U106/><E106/><V72/><F122/><W75/><G91/><T9/><D88/><U127/><E127/><V110/><F76/><W35/><G75/><T126/><D77/><U55/><E67/><V32/><F72/><W83/><G35/><T52/><D54/><U81/><E12/><V34/><F27/><W56/><G83/><T50/><D60/><U48/><E63/><V53/><F33/><W96/><G125/><N who="0" m="48235" /><D79/><U108/><E108/><N who="3" m="41546" /><G96/><T93/><D93/><U101/><E101/><V18/><F110/><W74/><G74/><T95/><D95/><U94/><E94/><V112/><F34/><W44/><G69/><T84/><D84/><U97/><E97/><V71/><F71/><W98/><G98/><T38/><D38/><U17/><E28/><V129/><F129/><W86/><G86/><T64/><D64/><U13/><AGARI ba="0,0" hai="4,5,13,17,23,48,55,58,62,65,68,78,81,87" machi="13" ten="20,2700,0" yaku="0,1,7,1,52,1" doraHai="49" who="1" fromWho="1" sc="402,-7,435,27,98,-7,65,-13" owari="395,19.5,462,56.2,91,-30.9,52,-44.8" /></mjloggm>