<mjloggm ver="2.3"><GO type="225" lobby="0"/><UN n0="%E3%81%AF%E3%81%BE%E3%81%A1%E3%83%AA%E3%83%BC%E3%82%B0" n1="%E3%82%82%E3%81%90%E3%82%89" n2="%6A%70%74%77%61%32" n3="%72%61%6B%33" dan="16,17,16,18" rate="2054.49,2208.27,2046.63,2266.21" sx="M,M,M,M"/><TAIKYOKU oya="0"/><INIT seed="0,0,0,4,1,36" ten="250,250,250,250" oya="0" hai0="79,14,35,62,63,18,107,109,34,117,101,78,60" hai1="12,9,45,99,55,38,123,40,54,134,82,39,118" hai2="74,30,113,106,31,26,57,116,21,0,133,67,97" hai3="102,2,124,48,43,95,1,115,88,86,49,104,81"/><T108/><D117/><U105/><E123/><V37/><F113/><W127/><G115/><T89/><D107/><U91/><E118/><V80/><F116/><W13/><G13/><T87/><D101/><U129/><E129/><V77/><F0/><W47/><G104/><T125/><D125/><N who="3" m="48201" /><G48/><T58/><D58/><U51/><E134/><V94/><F106/><W66/><G66/><T5/><D5/><U42/><E105/><V119/><F133/><W25/><G25/><T112/><D112/><U85/><E99/><AGARI ba="0,0" hai="1,2,43,47,49,81,86,88,95,99,102" m="48201" machi="99" ten="30,3900,0" yaku="18,1,52,1,54,1" doraHai="36" who="3" fromWho="1" sc="250,0,250,-39,250,0,250,39" /><INIT seed="1,0,0,0,0,36" ten="250,211,250,289" oya="1" hai0="14,73,0,94,100,127,7,24,66,128,57,76,41" hai1="55,78,63,52,101,8,87,108,98,119,70,50,6" hai2="92,102,27,84,23,20,109,86,59,4,2,124,47" hai3="132,26,60,48,11,54,93,113,96,3,118,117,42"/><U115/><E119/><V30/><F109/><W64/><G113/><T67/><D0/><U106/><E115/><V85/><F124/><W134/><G26/><T72/><D127/><U88/><E108/><V120/><F120/><W58/><G11/><T81/><D128/><U90/><E78/><V99/><F2/><W68/><G3/><T82/><D24/><U80/><E90/><V111/><F4/><W28/><G28/><T62/><D94/><U112/><E112/><V15/><F111/><W114/><G114/><T89/><D100/><U107/><E107/><V45/><REACH who="2" step="1"/><F59/><REACH who="2" ten="250,211,240,289" step="2"/><W22/><G118/><T37/><D7/><U116/><E116/><V123/><F123/><W77/><G117/><T38/><D57/><U35/><E35/><V83/><F83/><W25/><G58/><T16/><D81/><U1/><REACH who="1" step="1"/><E50/><REACH who="1" ten="250,201,240,289" step="2"/><V33/><F33/><W19/><G48/><T29/><D38/><U53/><E53/><V71/><F71/><W18/><G54/><T125/><D37/><U12/><E12/><V61/><F61/><W95/><G60/><T49/><D14/><U105/><E105/><V21/><F21/><W131/><G22/><T10/><D62/><U56/><E56/><V40/><F40/><W9/><G42/><T130/><D125/><U110/><E110/><V43/><F43/><W104/><G68/><T129/><D129/><U121/><E121/><V5/><F5/><W65/><G131/><T126/><D130/><U51/><E51/><V69/><F69/><W39/><G104/><T74/><D126/><U44/><E44/><V31/><F31/><RYUUKYOKU ba="0,2" sc="250,-15,201,15,240,15,289,-15" hai1="1,6,8,52,55,63,70,80,87,88,98,101,106" hai2="15,20,23,27,30,45,47,84,85,86,92,99,102" /><INIT seed="1,1,2,4,4,117" ten="235,216,255,274" oya="1" hai0="125,127,121,1,80,83,91,14,22,16,114,11,95" hai1="71,50,115,86,40,66,29,100,112,12,27,8,82" hai2="15,119,116,76,59,98,122,26,79,90,30,37,120" hai3="101,44,13,5,74,113,67,131,84,41,3,9,88"/><U38/><E38/><V92/><F37/><W93/><G113/><T65/><D65/><U55/><E100/><V81/><F59/><W45/><G131/><T87/><D114/><U24/><E71/><V52/><F15/><W85/><G74/><T64/><D64/><U47/><E66/><V69/><F69/><W102/><G3/><T68/><D68/><U97/><E97/><V18/><F18/><W62/><G84/><T78/><D121/><N who="2" m="46698" /><F52/><W42/><G44/><T2/><D83/><U6/><E55/><V77/><F26/><W4/><G4/><T57/><D57/><U54/><E54/><V23/><F23/><W36/><REACH who="3" step="1"/><G42/><REACH who="3" ten="235,216,255,264" step="2"/><T133/><D133/><U118/><E118/><N who="2" m="45099" /><F30/><W110/><G110/><T105/><D2/><U53/><E40/><V124/><F124/><N who="0" m="47690" /><D1/><U129/><E115/><V94/><F94/><W0/><G0/><T51/><D105/><U43/><E112/><V132/><F132/><W135/><G135/><T10/><D51/><U39/><E29/><V70/><F70/><AGARI ba="1,3" hai="5,9,13,36,41,45,62,67,70,85,88,93,101,102" machi="70" ten="30,3900,0" yaku="1,1,7,1,54,1,53,0" doraHai="117" doraHaiUra="130" who="3" fromWho="2" sc="235,0,216,0,255,-42,264,72" /><INIT seed="2,0,0,3,5,113" ten="235,216,213,336" oya="2" hai0="49,96,111,114,10,103,31,63,33,45,39,79,11" hai1="26,117,85,73,60,123,27,91,130,74,40,134,30" hai2="17,99,20,50,65,1,44,95,89,66,94,5,131" hai3="86,29,124,38,133,82,62,132,61,18,135,97,93"/><V92/><F131/><W125/><G38/><T34/><D114/><U112/><E112/><V35/><F35/><W122/><G122/><T84/><D39/><U70/><E130/><V0/><F0/><W52/><G29/><T115/><D115/><U105/><E105/><V48/><F5/><W36/><G18/><T87/><D111/><U28/><E123/><V75/><F1/><W119/><G119/><T54/><D34/><U121/><E117/><V19/><F75/><W2/><G36/><T76/><D87/><U72/><E40/><V116/><F116/><W23/><G23/><T8/><D84/><U110/><E121/><V13/><F17/><W67/><G2/><T21/><D33/><U56/><E70/><V98/><F50/><W88/><G52/><T46/><D46/><U81/><E110/><V58/><F58/><N who="3" m="37303" /><G62/><T71/><D71/><U22/><E134/><V127/><F127/><W15/><G15/><T53/><D53/><U78/><E26/><V109/><F109/><W83/><G83/><T100/><D63/><U37/><E30/><V108/><F108/><W107/><G107/><T106/><D103/><AGARI ba="0,0" hai="82,86,88,93,97,103,124,125,132,133,135" m="37303" machi="103" ten="30,2000,0" yaku="20,1,54,1" doraHai="113" who="3" fromWho="0" sc="235,-20,216,0,213,0,336,20" /><INIT seed="3,0,0,1,3,17" ten="215,216,213,356" oya="3" hai0="122,98,36,13,12,10,82,5,101,124,102,86,125" hai1="79,33,49,132,117,63,48,96,47,135,97,0,35" hai2="26,58,119,53,50,126,85,2,20,113,37,73,60" hai3="55,31,52,65,39,67,127,120,129,121,19,123,56"/><W99/><G31/><T34/><D34/><U61/><E0/><V80/><F113/><W54/><G99/><N who="1" m="37962" /><E79/><N who="2" m="46239" /><F73/><W64/><G19/><T88/><D122/><U1/><E1/><V133/><F37/><W9/><G9/><N who="0" m="4143" /><D98/><U42/><E49/><V107/><F107/><W45/><G127/><N who="0" m="48715" /><D36/><U3/><E3/><V110/><F110/><W28/><G28/><T81/><D81/><U11/><E11/><V21/><F2/><W114/><G114/><T32/><D32/><U105/><E105/><V71/><F133/><N who="1" m="51273" /><E117/><V92/><F71/><W6/><G6/><AGARI ba="0,0" hai="6,10,13,82,86,88,101,102" m="48715,4143" machi="6" ten="30,2000,0" yaku="18,1,54,1" doraHai="17" who="0" fromWho="3" sc="215,20,216,0,213,0,356,-20" owari="235,3.5,216,-18.4,213,-28.7,336,43.6" /></mjloggm>