<mjloggm ver="2.3"><GO type="225" lobby="0"/><UN n0="%6D%75%75%73%61%6E%6D%75" n1="%6B%79%6F%6E%6B%6F%31%31" n2="%E5%BA%97%E9%95%B7%4D" n3="%E3%82%A2%E3%83%A1%E3%82%A2%E3%83%A9%E3%83%AC" dan="17,16,16,16" rate="2170.23,2161.25,2088.81,2105.28" sx="F,M,M,M"/><TAIKYOKU oya="0"/><INIT seed="0,0,0,0,0,54" ten="250,250,250,250" oya="0" hai0="42,3,92,43,73,60,130,49,89,115,111,98,95" hai1="70,120,107,11,79,88,2,114,112,16,109,20,36" hai2="86,51,35,58,30,134,81,56,90,0,110,27,10" hai3="124,127,84,132,63,48,85,15,118,91,39,28,125"/><T108/><D115/><N who="1" m="44075" /><E120/><V12/><F0/><W44/><G118/><T78/><D3/><U40/><E107/><V97/><F110/><N who="0" m="42026" /><D130/><U75/><E109/><V8/><F134/><W122/><G132/><T41/><D60/><U76/><E75/><V66/><F66/><W13/><G122/><T34/><D34/><U106/><E106/><V24/><F24/><W59/><G39/><T113/><D113/><U135/><E70/><V38/><F38/><W32/><G28/><T64/><D64/><U29/><E29/><V87/><F97/><W82/><G84/><N who="0" m="52263" /><D73/><U119/><E119/><V31/><F31/><W6/><G32/><T52/><D78/><U46/><E135/><V102/><F102/><W62/><G62/><T55/><D49/><U116/><E116/><V23/><F51/><W123/><G123/><T72/><D72/><U69/><E69/><V61/><F61/><W65/><REACH who="3" step="1"/><G6/><REACH who="3" ten="250,250,250,240" step="2"/><T25/><D25/><U100/><E36/><V96/><F96/><W26/><G26/><T103/><AGARI ba="0,1" hai="41,42,43,52,55,95,98,103" m="52263,42026" machi="103" ten="30,6000,0" yaku="14,1,10,1,54,1" doraHai="54" who="0" fromWho="0" sc="250,70,250,-20,250,-20,240,-20" /><INIT seed="0,1,0,4,1,38" ten="320,230,230,220" oya="0" hai0="83,47,106,119,17,132,55,105,8,110,80,33,1" hai1="94,97,34,24,72,59,112,4,19,25,13,123,46" hai2="102,0,6,127,61,96,87,128,11,99,57,70,109" hai3="12,131,29,37,101,98,68,56,81,75,76,31,23"/><T133/><D119/><U115/><E123/><V18/><F127/><W36/><G131/><T16/><D33/><U58/><E72/><V49/><F109/><W63/><G68/><T100/><D110/><U74/><E74/><V20/><F128/><W104/><G31/><T125/><D125/><U44/><E4/><V107/><F96/><W40/><G40/><T118/><D118/><U52/><E59/><V117/><F117/><W3/><G3/><T135/><D1/><U66/><E66/><V77/><F70/><W41/><G41/><T88/><D100/><U7/><E7/><V42/><F87/><W93/><G104/><N who="0" m="40043" /><D8/><U21/><E115/><V35/><F35/><W9/><G9/><T85/><D83/><U114/><E112/><V43/><F49/><AGARI ba="1,0" hai="16,17,47,49,55,80,85,88,132,133,135" m="40043" machi="49" ten="40,7700,0" yaku="20,1,54,2" doraHai="38" who="0" fromWho="2" sc="320,80,230,0,230,-80,220,0" /><INIT seed="0,2,0,4,1,7" ten="400,230,150,220" oya="0" hai0="29,90,92,34,52,79,87,51,10,69,8,33,42" hai1="115,73,130,83,112,19,124,97,62,21,129,119,1" hai2="78,103,50,37,14,93,110,66,5,101,26,96,131" hai3="120,67,56,64,133,111,16,81,75,2,30,44,72"/><T89/><D69/><U59/><E1/><V47/><F37/><W84/><G111/><T41/><D33/><U32/><E32/><V22/><F110/><W123/><G2/><T105/><D105/><U86/><E73/><V106/><F131/><N who="1" m="50185" /><E97/><V102/><F66/><W70/><G70/><T35/><D35/><U57/><E124/><V13/><F78/><W116/><G30/><T76/><D34/><U104/><E104/><V114/><F114/><N who="1" m="43561" /><E62/><V38/><F38/><W63/><G116/><T68/><D68/><U107/><E107/><V88/><F106/><W0/><G0/><T45/><D29/><U85/><E119/><V40/><REACH who="2" step="1"/><F5/><REACH who="2" ten="400,230,140,220" step="2"/><W99/><G67/><T31/><D79/><N who="1" m="46335" /><E86/><V122/><F122/><W100/><G120/><T54/><D76/><U135/><E135/><V25/><F25/><AGARI ba="2,1" hai="19,21,25,57,59" m="46335,43561,50185" machi="25" ten="30,2000,0" yaku="19,1,11,1" doraHai="7" who="1" fromWho="2" sc="400,0,230,36,140,-26,220,0" /><INIT seed="1,0,0,3,0,50" ten="400,266,114,220" oya="1" hai0="64,117,25,60,130,33,99,48,127,54,24,53,57" hai1="69,39,112,47,77,119,71,115,12,32,2,23,116" hai2="20,126,34,18,88,13,101,111,131,7,42,86,98" hai3="26,11,68,105,15,84,108,21,5,97,61,63,4"/><U37/><E77/><V59/><F34/><W81/><G108/><T133/><D117/><N who="1" m="45131" /><E23/><V0/><F111/><W52/><G68/><N who="1" m="26186" /><E12/><V91/><F126/><W36/><G36/><N who="1" m="13898" /><E32/><V67/><F42/><W85/><G4/><T62/><D127/><U28/><E28/><V14/><F131/><W93/><G63/><T124/><D130/><U90/><E90/><V3/><F3/><W9/><G9/><T83/><D124/><U58/><E47/><V123/><F0/><W75/><G105/><T89/><D33/><U106/><E2/><V35/><F123/><W56/><G81/><T103/><D25/><U40/><E40/><V114/><F114/><N who="1" m="43561" /><E58/><V134/><F134/><W120/><G120/><T80/><D24/><U30/><E30/><V132/><F132/><W82/><G82/><T55/><D133/><U27/><E27/><N who="2" m="14743" /><F35/><W6/><G6/><T104/><D89/><N who="2" m="34378" /><F86/><W72/><G84/><T1/><D1/><U29/><E29/><V19/><F7/><W51/><G85/><T41/><D83/><U135/><E135/><V87/><F87/><W38/><G38/><T79/><D80/><U109/><E106/><V74/><F74/><N who="3" m="28203" /><G26/><T110/><D79/><U46/><E46/><V92/><F19/><W122/><G5/><T118/><D118/><U100/><E100/><V70/><F70/><W76/><G76/><T16/><D16/><U65/><E109/><V129/><F129/><W113/><G113/><T102/><D110/><U107/><E107/><V43/><F43/><W95/><G15/><T17/><D102/><U78/><E78/><V8/><F8/><RYUUKYOKU ba="0,0" sc="400,-15,266,15,114,15,220,-15" hai1="65" hai2="13,14,59,67,92,98,101" /><INIT seed="1,1,0,4,5,127" ten="385,281,129,205" oya="1" hai0="38,10,1,30,62,16,5,92,114,39,46,9,36" hai1="75,13,89,63,91,90,99,26,123,119,60,96,120" hai2="11,68,105,12,121,115,29,52,56,49,87,43,74" hai3="6,22,83,111,70,104,37,71,8,57,80,28,50"/><U131/><E75/><V21/><F74/><W130/><G111/><T61/><D114/><U79/><E79/><V117/><F68/><W7/><G37/><T51/><D30/><U69/><E119/><V2/><F105/><W45/><G104/><T103/><D103/><U86/><E86/><V18/><F121/><W101/><G101/><T118/><D92/><U53/><E13/><V55/><F117/><W134/><G57/><T25/><D118/><U54/><E90/><V47/><F115/><W129/><G134/><T35/><D35/><U41/><E26/><N who="2" m="16591" /><F2/><N who="3" m="87" /><G7/><T108/><D108/><U77/><E77/><V32/><F32/><W73/><G22/><T122/><D122/><U135/><E41/><V65/><F87/><W81/><G28/><T42/><REACH who="0" step="1"/><D25/><REACH who="0" ten="375,281,129,205" step="2"/><U24/><E24/><V95/><F95/><W82/><G73/><T110/><D110/><U40/><E135/><V48/><F65/><W58/><G82/><T0/><D0/><U59/><E123/><V132/><F132/><W64/><G64/><T128/><D128/><N who="3" m="49257" /><G58/><T97/><D97/><U17/><E59/><V15/><F15/><AGARI ba="1,1" hai="1,5,9,10,15,16,36,38,39,42,46,51,61,62" machi="15" ten="40,2600,0" yaku="1,1,54,1,53,0" doraHai="127" doraHaiUra="27" who="0" fromWho="2" sc="375,39,281,0,129,-29,205,0" /><INIT seed="2,0,0,2,0,120" ten="414,281,100,205" oya="2" hai0="50,81,24,123,48,65,107,74,124,126,19,41,95" hai1="106,40,26,33,36,17,30,135,98,96,10,46,16" hai2="23,67,77,100,113,109,49,88,18,87,90,3,45" hai3="130,110,11,9,43,37,32,12,66,27,79,1,91"/><V0/><F113/><W92/><G130/><T71/><D107/><U54/><E135/><V82/><F100/><W5/><G79/><N who="0" m="44279" /><D123/><U56/><E10/><V55/><F67/><W132/><G66/><T14/><D24/><U35/><E35/><V22/><F22/><W28/><G132/><T52/><D41/><U101/><REACH who="1" step="1"/><E98/><REACH who="1" ten="414,271,100,205" step="2"/><V53/><F109/><W99/><G110/><T134/><D134/><U73/><E73/><V89/><REACH who="2" step="1"/><F53/><REACH who="2" ten="414,271,90,205" step="2"/><W85/><G32/><T25/><D52/><U58/><E58/><V70/><F70/><W69/><G69/><T127/><D71/><U47/><E47/><V118/><F118/><W64/><G64/><T105/><D65/><U86/><E86/><V94/><F94/><W75/><G85/><T44/><D44/><U13/><E13/><AGARI ba="0,2" hai="0,3,13,18,23,45,49,55,77,82,87,88,89,90" machi="13" ten="40,7700,0" yaku="1,1,54,1,53,1" doraHai="120" doraHaiUra="42" who="2" fromWho="1" sc="414,0,271,-77,90,97,205,0" /><INIT seed="2,1,0,0,0,98" ten="414,194,187,205" oya="2" hai0="52,62,9,16,67,119,104,100,113,26,108,79,103" hai1="7,33,3,115,127,35,68,69,90,133,4,20,82" hai2="125,51,112,45,72,46,107,27,92,80,50,70,47" hai3="54,81,110,121,43,132,114,83,89,25,131,66,64"/><V102/><F70/><W59/><G121/><T5/><D113/><U105/><E115/><V39/><F112/><W75/><G114/><T13/><D108/><U73/><E105/><V101/><F39/><W53/><G110/><T93/><D104/><U0/><E127/><V2/><F2/><W10/><G132/><T96/><D119/><U71/><E133/><V99/><F125/><W31/><G43/><T44/><D79/><U65/><E65/><V11/><F107/><W111/><G131/><T86/><D86/><U84/><E73/><V15/><F27/><W97/><G10/><T40/><D40/><U88/><E20/><V19/><REACH who="2" step="1"/><F101/><REACH who="2" ten="414,194,177,205" step="2"/><W57/><G25/><T134/><D134/><U135/><E135/><V63/><F63/><W117/><G111/><T17/><D26/><U78/><E0/><V30/><F30/><W122/><G31/><T56/><D103/><U85/><E3/><V34/><F34/><W77/><G117/><T18/><D44/><U38/><E38/><V120/><F120/><W118/><G122/><T37/><D37/><U14/><E14/><V109/><F109/><W58/><G118/><T48/><D48/><U1/><E1/><V8/><F8/><W61/><G61/><T23/><D23/><U6/><REACH who="1" step="1"/><E78/><AGARI ba="1,1" hai="11,15,19,45,46,47,50,51,72,78,80,92,99,102" machi="78" ten="40,3900,0" yaku="1,1,52,1,53,0" doraHai="98" doraHaiUra="126" who="2" fromWho="1" sc="414,0,194,-42,177,52,205,0" /><INIT seed="2,2,0,1,5,98" ten="414,152,229,205" oya="2" hai0="1,33,99,73,101,107,71,63,41,58,0,84,91" hai1="51,128,50,76,30,34,118,72,127,45,108,32,27" hai2="21,103,105,55,102,75,85,48,6,52,24,39,25" hai3="134,125,94,116,29,57,123,89,40,77,129,130,126"/><V13/><F75/><W20/><G116/><T37/><D73/><U54/><E118/><V47/><F39/><W5/><G123/><T96/><D71/><U120/><E120/><V95/><F105/><W69/><G69/><T114/><D114/><U81/><E108/><V35/><F35/><W9/><G77/><T17/><D33/><U64/><E127/><N who="3" m="48650" /><G40/><T60/><D99/><U56/><E128/><N who="3" m="49258" /><G57/><T124/><D124/><U104/><E104/><V83/><F55/><W111/><G111/><T10/><D41/><U38/><E34/><V135/><F135/><W100/><G100/><N who="2" m="38441" /><F95/><W106/><G106/><T2/><D37/><U7/><E64/><V18/><F6/><W86/><G20/><T14/><REACH who="0" step="1"/><D58/><REACH who="0" ten="404,152,229,205" step="2"/><U121/><E121/><V43/><F43/><W66/><G134/><T68/><D68/><U59/><E38/><V133/><F133/><W110/><G110/><T112/><D112/><U49/><E56/><V87/><F87/><W11/><G86/><T78/><D78/><AGARI ba="2,1" hai="13,18,21,24,25,47,48,52,78,83,85" m="38441" machi="78" ten="30,12000,1" yaku="8,1,52,3,54,1" doraHai="98" who="2" fromWho="0" sc="404,-126,152,0,229,136,205,0" /><INIT seed="2,3,0,0,2,13" ten="278,152,365,205" oya="2" hai0="59,73,120,50,132,69,20,64,71,88,55,19,24" hai1="122,86,47,10,35,87,131,56,34,108,12,45,63" hai2="97,106,111,42,58,11,7,5,128,0,134,94,124" hai3="68,57,74,2,65,15,103,75,36,129,99,6,48"/><V118/><F106/><W126/><G2/><T29/><D120/><U1/><E1/><V112/><F112/><W81/><G129/><T33/><D73/><U93/><E131/><V14/><F118/><W53/><G126/><T8/><D132/><U123/><E108/><V18/><F128/><W22/><G81/><T39/><D39/><U70/><E70/><V105/><F105/><W115/><G36/><T82/><D64/><U28/><E28/><V77/><F134/><W101/><G101/><T62/><D8/><U91/><E87/><V127/><F77/><W16/><G6/><T95/><D82/><U84/><E84/><V130/><F130/><W96/><G115/><T79/><D50/><U38/><E34/><V21/><F7/><W121/><G121/><T90/><D79/><U119/><E35/><V133/><F133/><W52/><G53/><T92/><D92/><U107/><E107/><V100/><F111/><W102/><G102/><T27/><D90/><U125/><E125/><N who="2" m="48203" /><F58/><W9/><G9/><T4/><D4/><U83/><E119/><V117/><F117/><W89/><G89/><T78/><D78/><U37/><E10/><V135/><F135/><W25/><G103/><T110/><D110/><U31/><E123/><V40/><AGARI ba="3,0" hai="0,5,11,14,18,21,40,42,94,97,100" m="48203" machi="40" ten="30,3000,0" yaku="18,1,52,1" doraHai="13" who="2" fromWho="2" sc="278,-13,152,-13,365,39,205,-13" /><INIT seed="2,4,0,2,2,114" ten="265,139,404,192" oya="2" hai0="48,44,76,15,27,113,20,115,36,103,3,120,65" hai1="12,49,93,79,117,21,105,30,135,89,85,110,11" hai2="57,10,86,63,16,8,125,69,108,130,42,56,132" hai3="122,134,100,92,24,45,9,7,116,25,102,5,1"/><V123/><F123/><W31/><G122/><T87/><D120/><U33/><E110/><V40/><F69/><W107/><G134/><T83/><D36/><U71/><E71/><V88/><F108/><W34/><G107/><T58/><D3/><U133/><E105/><V72/><F72/><W55/><G7/><T91/><D103/><U17/><E79/><V6/><F132/><N who="1" m="50761" /><E49/><V82/><F125/><W109/><G109/><T111/><D111/><U80/><E33/><V67/><F130/><W81/><G81/><T52/><D15/><U62/><E62/><N who="2" m="38343" /><F6/><W98/><G25/><T94/><D65/><U13/><E80/><V96/><F96/><W90/><G102/><T4/><D58/><U127/><E127/><V99/><F99/><W41/><G100/><T131/><D4/><N who="1" m="3175" /><E30/><V22/><F10/><W51/><REACH who="3" step="1"/><G41/><REACH who="3" ten="265,139,404,182" step="2"/><T104/><D104/><U106/><E106/><V0/><F0/><W126/><G126/><T2/><D2/><U39/><E39/><V19/><F8/><W35/><G35/><T28/><REACH who="0" step="1"/><D131/><REACH who="0" ten="255,139,404,182" step="2"/><U54/><E54/><N who="2" m="34231" /><F19/><W64/><G64/><T29/><D29/><U14/><E14/><AGARI ba="4,2" hai="14,16,22,40,42,82,86,88" m="34231,38343" machi="14" ten="30,5800,0" yaku="8,1,54,2" doraHai="114" who="2" fromWho="1" sc="255,0,139,-70,404,90,182,0" /><INIT seed="2,5,0,4,5,84" ten="255,69,494,182" oya="2" hai0="83,130,119,106,28,93,110,57,94,69,4,61,47" hai1="124,22,74,45,116,100,50,72,76,118,131,13,111" hai2="97,75,105,32,81,102,48,115,30,121,7,11,134" hai3="29,18,6,8,46,43,19,49,17,63,55,133,20"/><V31/><F115/><W108/><G108/><T53/><D106/><U90/><E111/><V70/><F121/><W59/><G133/><T127/><D110/><U96/><E131/><V23/><F134/><W66/><G29/><T92/><D130/><U104/><E124/><V67/><F32/><W73/><G73/><T120/><D127/><U65/><E65/><V37/><F37/><W21/><REACH who="3" step="1"/><G66/><REACH who="3" ten="255,69,494,172" step="2"/><T112/><D112/><U128/><E128/><V0/><F67/><W88/><G88/><T89/><D120/><U39/><E74/><V58/><F70/><W1/><AGARI ba="5,1" hai="1,6,8,17,18,19,20,21,43,46,49,55,59,63" machi="1" ten="30,2000,0" yaku="1,1,0,1,53,0" doraHai="84" doraHaiUra="99" who="3" fromWho="3" sc="255,-10,69,-10,494,-15,172,45" /><INIT seed="3,0,0,5,2,12" ten="245,59,479,217" oya="3" hai0="110,47,80,19,117,14,29,54,58,66,42,75,4" hai1="115,56,81,67,126,62,68,120,52,91,3,90,15" hai2="132,37,100,109,26,11,96,123,28,88,89,79,130" hai3="71,101,41,111,97,39,64,74,78,69,83,33,46"/><W18/><G33/><T57/><D117/><U76/><E126/><V17/><F37/><W63/><G111/><T7/><D110/><U1/><E115/><V53/><F109/><W60/><G18/><T25/><D66/><U104/><E104/><V16/><F79/><W5/><G5/><T45/><D80/><U85/><E120/><V9/><F123/><W114/><G63/><T35/><D75/><U65/><E1/><V30/><F130/><W49/><G49/><T13/><D13/><U0/><E3/><V84/><F132/><W98/><G98/><T94/><D58/><U31/><E31/><N who="2" m="11819" /><F100/><W102/><G102/><T51/><D94/><U36/><E36/><V121/><F121/><W73/><G73/><T105/><D105/><U55/><E0/><V116/><F116/><W20/><G20/><T8/><D45/><U48/><E67/><V134/><F134/><W135/><BYE who="2" /><G135/><T112/><D112/><U86/><E55/><UN n2="%E5%BA%97%E9%95%B7%4D" /><V125/><F125/><W22/><G22/><T34/><D34/><U92/><E68/><V93/><F53/><W50/><G50/><AGARI ba="0,0" hai="4,7,8,14,19,25,29,35,42,47,50,51,54,57" machi="50" ten="30,2000,0" yaku="7,1,52,1" doraHai="12" who="0" fromWho="3" sc="245,20,59,0,479,0,217,-20" owari="265,6.5,59,-44.1,479,57.9,197,-20.3" /></mjloggm>