<mjloggm ver="2.3"><GO type="225" lobby="0"/><UN n0="%4B%2E%32%2E%4B%2E" n1="%E7%AD%89%E3%80%85%E5%8A%9B%E5%8A%87%E5%A0%B4" n2="%6B%65%6E%6E%64%69" n3="%6D%75%75%6D%75%72%61" dan="16,16,16,16" rate="2179.75,2130.56,2161.15,2156.05" sx="M,M,M,F"/><TAIKYOKU oya="0"/><INIT seed="0,0,0,4,3,48" ten="250,250,250,250" oya="0" hai0="50,22,55,118,91,85,93,79,40,49,108,65,109" hai1="43,80,0,130,42,36,24,30,12,120,114,52,56" hai2="83,15,107,38,94,100,8,99,122,26,7,78,44" hai3="28,23,20,35,87,16,34,77,14,11,10,95,27"/><T86/><D118/><U54/><E0/><V63/><F122/><W21/><G77/><T101/><D65/><U116/><E120/><V115/><F115/><W19/><G87/><T71/><D71/><U96/><E116/><V89/><F26/><N who="3" m="16455" /><G95/><T61/><D22/><N who="3" m="8201" /><G27/><T53/><D101/><U31/><E130/><V124/><F124/><W1/><G19/><T129/><D129/><U125/><E125/><V17/><F63/><W131/><G131/><T111/><D61/><U32/><E114/><V6/><F38/><W112/><G112/><T13/><D13/><U9/><E31/><V2/><F2/><W123/><G123/><T5/><D5/><AGARI ba="0,0" hai="1,5,10,11,14,16,34,35" m="8201,16455" machi="5" ten="30,12000,2" yaku="35,5,54,1" doraHai="48" who="3" fromWho="0" sc="250,-120,250,0,250,0,250,120" /><INIT seed="1,0,0,4,1,88" ten="130,250,250,370" oya="1" hai0="3,92,131,33,13,43,96,123,80,116,82,9,24" hai1="122,72,18,45,66,84,125,90,93,41,106,119,29" hai2="32,107,39,11,56,8,37,79,98,108,6,128,95" hai3="130,102,35,14,135,105,17,4,73,101,117,104,67"/><U15/><E119/><V126/><F32/><W47/><G35/><T114/><D116/><U23/><E122/><V69/><F69/><W10/><G117/><T94/><D114/><U21/><E106/><V20/><F108/><W111/><G73/><T1/><D131/><U34/><E72/><V58/><F128/><W57/><G130/><T46/><D123/><U55/><E125/><V97/><F126/><W76/><G76/><T132/><D132/><U12/><E34/><V83/><F107/><W30/><G30/><T85/><D3/><U0/><E0/><V64/><F20/><W115/><G115/><T48/><D1/><U61/><E55/><V62/><F98/><W124/><G111/><T91/><D24/><U65/><E61/><V112/><F56/><W5/><G135/><T7/><D33/><U31/><E29/><V51/><F51/><W22/><G4/><T99/><D85/><U38/><E31/><V40/><F40/><W89/><G47/><T36/><D36/><U100/><E100/><AGARI ba="0,0" hai="7,9,13,43,46,48,80,82,91,92,94,96,99,100" machi="100" ten="30,7700,0" yaku="7,1,8,1,52,2" doraHai="88" who="0" fromWho="1" sc="130,77,250,-77,250,0,370,0" /><INIT seed="2,0,0,1,0,123" ten="207,173,250,370" oya="2" hai0="44,116,14,35,129,21,66,77,76,101,11,106,25" hai1="119,88,65,47,92,84,104,94,107,19,132,108,52" hai2="7,91,56,43,120,95,8,121,134,15,89,6,45" hai3="58,41,63,130,26,28,22,110,100,57,24,79,113"/><V135/><F56/><W37/><G110/><T38/><D35/><U127/><E119/><V67/><F67/><W81/><G130/><T9/><D129/><U13/><E108/><V23/><F23/><W40/><G37/><T46/><D116/><U50/><E132/><N who="2" m="50731" /><F6/><W27/><G100/><T49/><D66/><U111/><E111/><V51/><F91/><W112/><G26/><T30/><D21/><U83/><E127/><V103/><F103/><W16/><G81/><T72/><D25/><U114/><E114/><N who="3" m="44138" /><G79/><T131/><D77/><U59/><E107/><V33/><F33/><N who="3" m="20615" /><G57/><T69/><D76/><U10/><E104/><V87/><AGARI ba="0,0" hai="7,8,15,43,45,51,87,89,95,120,121" m="50731" machi="87" ten="30,1500,0" yaku="20,1" doraHai="123" who="2" fromWho="2" sc="207,-5,173,-5,250,15,370,-5" /><INIT seed="2,1,0,0,1,69" ten="202,168,265,365" oya="2" hai0="84,70,109,86,26,111,134,116,101,93,44,126,23" hai1="13,37,35,72,45,58,14,131,31,52,56,54,68" hai2="120,33,113,132,125,19,102,27,39,122,76,110,11" hai3="108,59,124,36,28,50,67,8,46,99,15,10,12"/><V98/><F113/><W114/><G114/><T66/><D126/><U80/><E68/><V117/><F117/><W7/><G124/><T63/><D116/><U32/><E131/><V25/><F125/><W121/><G121/><T40/><D134/><U82/><E45/><V129/><F132/><W41/><G108/><N who="0" m="41547" /><D93/><U92/><E92/><V106/><F110/><W104/><G28/><N who="0" m="17503" /><D101/><U51/><E51/><AGARI ba="1,0" hai="40,44,51,63,66,70,84,86" m="17503,41547" machi="51" ten="30,1000,0" yaku="14,1" doraHai="69" who="0" fromWho="1" sc="202,13,168,-13,265,0,365,0" /><INIT seed="3,0,0,2,5,86" ten="215,155,265,365" oya="3" hai0="105,4,32,24,36,11,28,71,109,15,110,128,83" hai1="69,77,111,35,89,59,29,53,129,56,25,54,61" hai2="18,118,41,57,3,112,84,114,40,33,62,90,12" hai3="43,116,106,37,99,119,70,45,87,92,82,19,52"/><W60/><G106/><T117/><D117/><U107/><E111/><N who="0" m="42505" /><D128/><U42/><E129/><V96/><F3/><W72/><G19/><T8/><D71/><U48/><E107/><V130/><F33/><W68/><G60/><T115/><D115/><U1/><E1/><V64/><F118/><W98/><G98/><T58/><D36/><U2/><E2/><V38/><F38/><W14/><G43/><T126/><D126/><U73/><E69/><V39/><F130/><W121/><G45/><T10/><D105/><U134/><E134/><V95/><F39/><W16/><G37/><T17/><D83/><U7/><E7/><V80/><F114/><W50/><G82/><T123/><D123/><U120/><E120/><V81/><F81/><W21/><G68/><T131/><D131/><U31/><E42/><V101/><REACH who="2" step="1"/><F112/><REACH who="2" ten="215,155,255,365" step="2"/><W74/><G119/><T102/><D102/><U91/><E73/><V30/><F30/><W94/><G116/><T133/><D133/><U97/><E77/><V100/><F100/><W27/><G72/><T23/><D58/><U0/><E0/><AGARI ba="0,1" hai="0,4,8,10,11,15,17,23,24,28,32" m="42505" machi="0" ten="30,7700,0" yaku="24,1,14,1,34,2" doraHai="86" who="0" fromWho="1" sc="215,87,155,-77,255,0,365,0" owari="302,10.2,78,-42.2,255,-14.5,365,46.5" /></mjloggm>