<mjloggm ver="2.3"><GO type="225" lobby="0"/><UN n0="%E7%AD%89%E3%80%85%E5%8A%9B%E5%8A%87%E5%A0%B4" n1="%E3%81%99%E3%81%84%E3%81%BE%E3%81%9B%E3%83%BC%E3%82%93" n2="%E5%B5%90%E9%9B%B2%E3%81%AE%E3%82%AB%E3%83%A9%E3%82%B9" n3="%E3%81%B2%E3%81%AA%E3%81%AE%E3%82%8A%E3%81%8F" dan="16,16,16,17" rate="2122.06,2147.28,2063.57,2218.42" sx="M,M,F,M"/><TAIKYOKU oya="0"/><INIT seed="0,0,0,4,1,27" ten="250,250,250,250" oya="0" hai0="0,64,80,51,39,135,42,87,89,112,31,132,102" hai1="25,16,10,40,13,48,67,49,120,53,66,20,131" hai2="24,32,116,70,69,122,43,2,29,34,15,45,38" hai3="108,97,55,94,17,35,14,8,83,126,56,127,93"/><T60/><D112/><U28/><E131/><V44/><F116/><W62/><G108/><T74/><D0/><U104/><E104/><V52/><F122/><W30/><G83/><T91/><D39/><U18/><E120/><V107/><F2/><W76/><G76/><T115/><D115/><U99/><E99/><V58/><F107/><W54/><G54/><T86/><D74/><U133/><E133/><V90/><F34/><W37/><G37/><T88/><D102/><U109/><E109/><V124/><F45/><W61/><G61/><T98/><D98/><U81/><E81/><V71/><F124/><N who="3" m="47659" /><G97/><T9/><D91/><U33/><E40/><V23/><F90/><W22/><G35/><T113/><D113/><U129/><E129/><V50/><F32/><W117/><G117/><T134/><D42/><U21/><E49/><V114/><F114/><W19/><G30/><T121/><D51/><U41/><E41/><V119/><F119/><W84/><G84/><T4/><D121/><U63/><E63/><V95/><F95/><W123/><G123/><T5/><D31/><U6/><E33/><V125/><F125/><W73/><G73/><T57/><REACH who="0" step="1"/><D9/><REACH who="0" ten="240,250,250,250" step="2"/><U130/><E130/><V72/><F72/><W7/><G8/><T26/><D26/><N who="1" m="14599" /><E28/><V111/><F111/><W65/><G62/><T103/><D103/><U12/><E25/><V1/><F1/><W92/><G14/><T78/><D78/><U82/><E82/><AGARI ba="0,1" hai="4,5,57,60,64,80,82,86,87,88,89,132,134,135" machi="82" ten="40,12000,1" yaku="1,1,9,1,20,1,54,1,53,0" doraHai="27" doraHaiUra="68" who="0" fromWho="1" sc="240,130,250,-120,250,0,250,0" /><INIT seed="0,1,0,4,1,76" ten="370,130,250,250" oya="0" hai0="41,60,82,101,1,108,90,31,53,68,12,81,97" hai1="13,98,85,103,11,79,99,105,87,54,50,125,38" hai2="127,69,36,57,122,116,121,4,3,119,26,40,47" hai3="51,131,114,132,96,104,74,24,52,115,34,102,10"/><T93/><D1/><U42/><E125/><V55/><F69/><W15/><G131/><T80/><D108/><U64/><E64/><V8/><F26/><W112/><G132/><T20/><D41/><U106/><E42/><V14/><F3/><W33/><G74/><T61/><D68/><U30/><E38/><V7/><F7/><W129/><G24/><N who="0" m="16775" /><D12/><U86/><E30/><V29/><F29/><W92/><G104/><T58/><D61/><U49/><E79/><V39/><F39/><W59/><REACH who="3" step="1"/><G129/><REACH who="3" ten="370,130,250,240" step="2"/><T126/><D126/><U75/><E75/><V48/><REACH who="2" step="1"/><F127/><REACH who="2" ten="370,130,240,240" step="2"/><W66/><G66/><T28/><D28/><U21/><E54/><V70/><F70/><W100/><G100/><AGARI ba="1,2" hai="53,58,60,80,81,82,90,93,97,100,101" m="16775" machi="100" ten="30,11600,0" yaku="8,1,52,3" doraHai="76" who="0" fromWho="3" sc="370,139,130,0,240,0,240,-119" /><INIT seed="0,2,0,1,0,101" ten="509,130,240,121" oya="0" hai0="18,95,111,9,10,29,20,107,13,92,132,36,27" hai1="31,1,103,88,76,87,123,67,28,65,70,0,98" hai2="35,131,48,85,14,108,42,125,89,124,17,64,59" hai3="134,16,115,130,68,97,110,99,77,11,8,69,109"/><T24/><D36/><U72/><E123/><V105/><F35/><W2/><G115/><T81/><D132/><U129/><E129/><V43/><F108/><N who="3" m="41579" /><G130/><T82/><D111/><U32/><E76/><V96/><F131/><W90/><G134/><T52/><D107/><U40/><E40/><V37/><F37/><W112/><G112/><T41/><D41/><U46/><E46/><V23/><F64/><W86/><G77/><T6/><D52/><U5/><E72/><V106/><F96/><N who="3" m="36939" /><G11/><T21/><D10/><U26/><E31/><V30/><F30/><W49/><G49/><T133/><D133/><U80/><E5/><V39/><F39/><W19/><G2/><T12/><D12/><U75/><E75/><V33/><F33/><W121/><G121/><T84/><D82/><U83/><E80/><V53/><F43/><W22/><G8/><T79/><AGARI ba="2,0" hai="6,9,13,18,20,21,24,27,29,79,81,84,92,95" machi="79" ten="20,3900,0" yaku="0,1,7,1,8,1" doraHai="101" who="0" fromWho="0" sc="509,45,130,-15,240,-15,121,-15" /><INIT seed="0,3,0,1,3,35" ten="554,115,225,106" oya="0" hai0="7,2,23,30,6,81,31,83,53,16,41,84,73" hai1="98,133,55,8,11,131,65,9,54,64,25,115,59" hai2="110,67,27,13,87,82,69,120,20,44,29,22,14" hai3="17,105,49,109,47,132,123,119,70,63,124,88,118"/><T78/><D41/><U117/><E117/><V61/><F120/><W71/><G123/><T106/><D106/><U134/><E131/><V129/><F129/><W74/><G105/><T1/><D53/><N who="1" m="19979" /><E98/><V116/><F110/><W92/><G109/><T89/><D6/><U68/><E68/><V50/><F116/><W33/><G74/><T24/><REACH who="0" step="1"/><D7/><REACH who="0" ten="544,115,225,106" step="2"/><U90/><E134/><V3/><F3/><AGARI ba="3,1" hai="1,2,3,16,23,24,30,31,73,78,81,83,84,89" machi="3" ten="40,18000,2" yaku="1,1,2,1,52,3,54,1,53,0" doraHai="35" doraHaiUra="96" who="0" fromWho="2" sc="544,199,115,0,225,-189,106,0" /><INIT seed="0,4,0,2,5,79" ten="743,115,36,106" oya="0" hai0="74,54,1,72,57,38,58,105,85,49,86,92,107" hai1="113,33,114,80,10,34,11,126,118,82,96,9,43" hai2="25,6,27,20,103,60,119,42,98,135,65,69,95" hai3="59,88,104,30,94,51,16,44,31,28,67,99,84"/><T77/><D1/><U62/><E118/><V101/><F119/><W24/><G104/><T41/><D107/><U122/><E122/><V70/><F135/><W0/><G0/><T129/><D105/><U76/><E126/><V123/><F123/><W64/><G99/><T106/><D106/><U102/><E43/><V117/><F117/><W91/><G91/><T132/><D129/><U78/><E62/><V112/><F112/><N who="1" m="43113" /><E96/><V2/><F103/><W22/><REACH who="3" step="1"/><G59/><REACH who="3" ten="743,115,36,96" step="2"/><T47/><D58/><U81/><E102/><V120/><F70/><W125/><G125/><T63/><D57/><U13/><E13/><V46/><F120/><W75/><G75/><T133/><D74/><U56/><E56/><V93/><F93/><W124/><G124/><T127/><D92/><U131/><E131/><V109/><F109/><W55/><AGARI ba="4,1" hai="16,22,24,28,30,31,44,51,55,64,67,84,88,94" machi="55" ten="30,8000,1" yaku="1,1,0,1,8,1,54,2,53,0" doraHai="79" doraHaiUra="53" who="3" fromWho="3" sc="743,-44,115,-24,36,-24,96,102" /><INIT seed="1,0,0,1,3,122" ten="699,91,12,198" oya="1" hai0="99,100,86,134,133,104,60,31,67,103,52,9,119" hai1="18,3,27,16,63,79,82,128,121,39,58,131,114" hai2="36,53,62,51,47,129,96,76,108,43,107,91,7" hai3="116,130,113,22,40,110,97,8,106,26,132,64,72"/><U98/><E114/><V54/><F76/><W20/><G72/><T87/><D119/><U10/><E121/><V73/><F73/><W5/><G40/><T88/><D103/><U29/><E39/><V45/><F107/><W56/><G56/><T49/><D31/><U78/><E98/><V61/><F96/><W32/><G64/><T112/><D112/><U135/><E135/><V11/><F91/><W89/><G89/><T28/><D28/><U35/><E3/><V21/><F21/><W25/><G32/><T14/><D60/><N who="2" m="23146" /><F11/><W33/><G33/><T81/><D87/><U6/><E6/><V4/><F7/><W24/><G8/><T42/><D42/><U48/><E48/><N who="2" m="28815" /><F4/><W37/><G20/><T23/><D67/><U46/><E46/><N who="2" m="28023" /><F129/><N who="1" m="49737" /><E10/><V1/><F1/><W118/><G5/><T13/><D23/><U59/><E59/><V50/><F108/><W34/><G110/><T69/><D9/><U83/><E79/><V85/><F85/><W120/><G97/><T95/><D104/><U65/><E83/><V127/><F127/><W0/><G106/><T41/><D81/><U66/><E66/><V38/><AGARI ba="0,0" hai="36,38,43,47,50" m="28023,28815,23146" machi="38" ten="30,8000,1" yaku="35,5" doraHai="122" who="2" fromWho="2" sc="699,-20,91,-40,12,80,198,-20" /><INIT seed="2,0,0,3,2,62" ten="679,51,92,178" oya="2" hai0="36,119,83,100,67,15,13,2,19,42,128,106,115" hai1="112,27,50,45,117,71,44,92,93,121,80,103,70" hai2="38,77,3,37,75,64,114,133,94,12,82,59,40" hai3="48,78,79,14,131,126,28,6,89,10,31,29,63"/><V68/><F3/><W47/><G131/><T0/><D15/><U51/><E112/><V125/><F114/><W60/><G89/><T20/><D20/><U8/><E117/><V97/><F133/><W111/><G111/><T55/><D19/><U73/><E121/><V69/><F125/><W5/><G5/><T74/><D13/><U11/><E103/><V135/><F135/><W86/><G126/><T124/><D55/><U24/><REACH who="1" step="1"/><E80/><REACH who="1" ten="679,41,92,178" step="2"/><V30/><F37/><W127/><G127/><T56/><D115/><U7/><E7/><V16/><F38/><W52/><G6/><T116/><D124/><U98/><E98/><V35/><F97/><W95/><G10/><T49/><D36/><U96/><E96/><V122/><F94/><W113/><G95/><T65/><D100/><U90/><E90/><V23/><F122/><W132/><G132/><T18/><D83/><U81/><E81/><V85/><F82/><W99/><G99/><T104/><D119/><U84/><E84/><V61/><F85/><W87/><G86/><T107/><D116/><U43/><E43/><V41/><F40/><W26/><G87/><T101/><D42/><U21/><E21/><V109/><F41/><W120/><G113/><T110/><D101/><U46/><E46/><V129/><F109/><W88/><G47/><T102/><D110/><U17/><E17/><V39/><F39/><W32/><G88/><T33/><D18/><U130/><E130/><V54/><F129/><W66/><G120/><T105/><D128/><U118/><E118/><V72/><F16/><W91/><G91/><RYUUKYOKU ba="0,1" sc="679,-10,41,30,92,-10,178,-10" hai1="8,11,24,27,44,45,50,51,70,71,73,92,93" /><INIT seed="3,1,1,3,0,123" ten="669,71,82,168" oya="3" hai0="41,62,124,132,133,8,94,101,5,26,36,56,63" hai1="128,119,7,65,83,2,81,111,53,105,75,96,13" hai2="106,131,85,11,86,38,6,120,18,70,34,69,66" hai3="45,27,135,16,90,84,87,47,114,116,55,112,79"/><W42/><G116/><T54/><D124/><U64/><E119/><V95/><F106/><W76/><G135/><T126/><D126/><U74/><E2/><V134/><F34/><W80/><G76/><T115/><D115/><U78/><E111/><V3/><F38/><W17/><G55/><T110/><D110/><U24/><E128/><V1/><F1/><W82/><G47/><T122/><D122/><U9/><E53/><V48/><F120/><W97/><G97/><T58/><D36/><U37/><E37/><V60/><F131/><W125/><G125/><T19/><D41/><U127/><E127/><V28/><F28/><W68/><G68/><T33/><D101/><U30/><E75/><V73/><F73/><W12/><G27/><T109/><D94/><U98/><E83/><V77/><F70/><W100/><G17/><T93/><D93/><U32/><REACH who="1" step="1"/><E98/><REACH who="1" ten="669,61,82,168" step="2"/><V20/><F134/><W118/><G82/><T59/><D109/><U72/><E72/><V39/><F39/><W4/><G80/><T10/><D54/><U91/><E91/><N who="2" m="53743" /><F77/><W61/><G90/><T50/><D133/><U52/><E52/><V108/><F108/><W43/><G79/><T104/><D132/><U0/><E0/><V113/><F113/><W46/><G118/><T130/><D130/><U23/><E23/><V71/><F86/><W25/><G87/><T57/><D33/><U40/><E40/><N who="3" m="15402" /><G84/><T21/><D21/><U15/><E15/><N who="2" m="9311" /><F48/><W92/><G114/><T51/><D50/><U121/><E121/><V129/><F129/><W67/><G112/><T89/><D51/><RYUUKYOKU ba="1,2" sc="669,-15,61,15,82,15,168,-15" hai1="7,9,13,24,30,32,64,65,74,78,81,96,105" hai2="3,6,11,60,66,69,71" owari="674,77.4,76,-42.4,97,-30.3,153,-4.7" /></mjloggm>