<mjloggm ver="2.3"><GO type="225" lobby="0"/><UN n0="%E5%8F%AF%E5%85%90%E9%82%A3%E7%94%B1%E5%A4%9A" n1="%E3%81%86%E3%83%BC%E3%81%B1%E3%83%BC" n2="%E3%82%A2%E3%82%A4%E3%82%B9%E3%83%86%E3%82%A3%E3%83%BC%E3%81%82%E3%81%B9" n3="%73%61%6E%64%69%72%69%73" dan="16,17,16,16" rate="2198.34,2143.41,2112.87,2155.06" sx="F,F,M,M"/><TAIKYOKU oya="0"/><INIT seed="0,0,0,4,0,90" ten="250,250,250,250" oya="0" hai0="26,41,106,45,24,89,12,22,47,93,29,85,134" hai1="33,54,68,72,2,39,61,117,27,65,87,88,109" hai2="21,94,100,52,121,64,86,5,126,83,79,17,7" hai3="74,3,10,102,40,15,69,103,104,34,55,119,62"/><T0/><D134/><U57/><E117/><V76/><F121/><W56/><G119/><T53/><D0/><U84/><E72/><V8/><F126/><W11/><G34/><T112/><D112/><U98/><E2/><V59/><F64/><W101/><G74/><T125/><D125/><U14/><E109/><V122/><F8/><W4/><G69/><T82/><D106/><U132/><E132/><V44/><F44/><W116/><G116/><T95/><D12/><U36/><E84/><V111/><F79/><W16/><REACH who="3" step="1"/><G40/><REACH who="3" ten="250,250,250,240" step="2"/><T32/><D53/><U42/><E42/><V105/><F122/><W18/><G18/><T118/><D118/><U66/><E68/><V91/><F111/><W35/><G35/><T81/><D81/><U120/><E120/><V75/><F105/><AGARI ba="0,1" hai="3,4,10,11,15,16,55,56,62,101,102,103,104,105" machi="105" ten="40,2600,0" yaku="1,1,54,1,53,0" doraHai="90" doraHaiUra="108" who="3" fromWho="2" sc="250,0,250,0,250,-26,240,36" /><INIT seed="1,0,0,5,1,129" ten="250,250,224,276" oya="1" hai0="75,35,135,22,59,63,39,27,20,79,52,89,36" hai1="50,6,99,116,67,84,44,61,48,14,70,124,125" hai2="105,32,57,115,113,16,74,92,72,98,123,13,76" hai3="81,102,80,107,5,7,56,109,122,45,42,29,4"/><U88/><E116/><V132/><F123/><W38/><G122/><T65/><D35/><U3/><E3/><V83/><F32/><W121/><G121/><T40/><D75/><U68/><E68/><V94/><F74/><W58/><G29/><T55/><D79/><U112/><E99/><V46/><F46/><W100/><G109/><T117/><D117/><U87/><E112/><N who="2" m="43083" /><F57/><W34/><G34/><T71/><D135/><U119/><E119/><V97/><F105/><W128/><G128/><T26/><D89/><U108/><E108/><V1/><F1/><W18/><G18/><T114/><D114/><U17/><E6/><V73/><F72/><W43/><G107/><T103/><D103/><U15/><E84/><V37/><F37/><W54/><G58/><T111/><D111/><U25/><E25/><V21/><F132/><W134/><G43/><T104/><D104/><U127/><E44/><V101/><F101/><W85/><G81/><T130/><D130/><U86/><E86/><V106/><F106/><W69/><G69/><T120/><D120/><U131/><E131/><V23/><F21/><N who="0" m="8298" /><D39/><U95/><E17/><V49/><F49/><AGARI ba="0,0" hai="14,15,48,49,50,61,67,70,87,88,95,124,125,127" machi="49" ten="40,3900,0" yaku="18,1,54,1" doraHai="129" who="1" fromWho="2" sc="250,0,250,39,224,-39,276,0" /><INIT seed="1,1,0,1,2,87" ten="250,289,185,276" oya="1" hai0="15,77,57,30,69,120,93,107,54,66,0,65,110" hai1="9,79,32,12,42,101,55,116,98,67,86,35,103" hai2="58,72,60,128,47,51,1,94,97,90,14,62,18" hai3="8,82,135,105,11,10,24,23,134,124,56,85,59"/><U131/><E116/><V112/><F128/><W78/><G105/><T129/><D107/><U27/><E131/><V34/><F1/><W19/><REACH who="3" step="1"/><G124/><REACH who="3" ten="250,289,185,266" step="2"/><T74/><D129/><U70/><E35/><V71/><F34/><W16/><G16/><T113/><D113/><U3/><E32/><V31/><F112/><W49/><G49/><T39/><D39/><U108/><E108/><V43/><F31/><W91/><G91/><T122/><D30/><U64/><E103/><V68/><F72/><W83/><G83/><T52/><D110/><U41/><E101/><V5/><F5/><W4/><G4/><T73/><D73/><U21/><E79/><V17/><F18/><W20/><G20/><T48/><D77/><U36/><E21/><V99/><F62/><W132/><AGARI ba="1,1" hai="8,10,11,19,23,24,56,59,78,82,85,132,134,135" machi="132" ten="40,12000,2" yaku="1,1,0,1,20,1,53,3" doraHai="87" doraHaiUra="130" who="3" fromWho="3" sc="250,-31,289,-61,185,-31,266,133" /><INIT seed="2,0,0,0,5,17" ten="219,228,154,399" oya="2" hai0="115,50,127,120,122,25,104,29,21,113,4,128,79" hai1="86,69,53,77,42,9,36,130,3,131,60,85,51" hai2="37,110,5,12,26,74,10,98,116,18,93,123,88" hai3="28,48,20,65,14,56,99,62,129,95,27,111,100"/><V54/><F123/><N who="0" m="47146" /><D104/><U19/><E42/><V97/><F116/><W73/><G73/><T24/><D79/><U6/><E36/><V63/><F37/><W43/><G111/><T109/><D50/><U66/><E19/><V34/><F74/><W105/><G105/><T87/><D87/><U106/><E106/><V40/><F40/><W68/><G68/><T45/><D45/><U32/><E32/><V23/><F34/><W114/><G129/><N who="1" m="49162" /><E77/><V59/><F110/><W31/><G114/><N who="0" m="43531" /><D128/><U84/><E84/><AGARI ba="0,0" hai="5,10,12,18,23,26,54,59,63,84,88,93,97,98" machi="84" ten="30,11600,0" yaku="7,1,8,1,52,1,54,1" doraHai="17" who="2" fromWho="1" sc="219,0,228,-116,154,116,399,0" /><INIT seed="2,1,0,2,0,27" ten="219,112,270,399" oya="2" hai0="84,88,56,18,99,122,36,69,109,15,72,117,135" hai1="34,22,106,52,86,48,37,74,1,38,5,128,87" hai2="24,103,115,45,16,7,53,67,79,32,120,49,98" hai3="101,54,41,70,125,28,6,97,30,17,105,91,102"/><V94/><F120/><W104/><G70/><T81/><D122/><U8/><E128/><V51/><F115/><W131/><G131/><T113/><D69/><U100/><E34/><V57/><F7/><W31/><G125/><T11/><D113/><U107/><E74/><V90/><F79/><W29/><N who="3" m="7168" /><DORA hai="83" /><W77/><G77/><T92/><D109/><U111/><E111/><V114/><F32/><W9/><G41/><T123/><D123/><U63/><E63/><V47/><F114/><W46/><G104/><T4/><D135/><U39/><E22/><N who="2" m="13383" /><F67/><W21/><G105/><T129/><D129/><U23/><E23/><V0/><F0/><W110/><G110/><T65/><D36/><U20/><E20/><V62/><F103/><W19/><G91/><T96/><D117/><U130/><E130/><V78/><F78/><W13/><G97/><T26/><D72/><U132/><E132/><V89/><F90/><W60/><G6/><T133/><D133/><U33/><E33/><V85/><F98/><W134/><G134/><T66/><D99/><U126/><E126/><V118/><F118/><W121/><G121/><T35/><D35/><U124/><E124/><V64/><F64/><N who="0" m="24682" /><D4/><U82/><E100/><V75/><F75/><W50/><G60/><T58/><D26/><AGARI ba="1,0" hai="9,13,17,19,21,26,46,50,54,101,102" m="7168" machi="26" ten="50,8000,1" yaku="8,1,52,4" doraHai="27,83" who="3" fromWho="0" sc="219,-83,112,0,270,0,399,83" /><INIT seed="3,0,0,3,3,115" ten="136,112,270,482" oya="3" hai0="56,39,38,132,18,52,51,45,129,109,20,16,8" hai1="83,44,61,90,114,123,1,113,89,112,104,91,15" hai2="58,64,118,25,60,17,33,62,19,87,36,120,98" hai3="4,43,67,68,9,26,66,31,111,5,63,110,86"/><W40/><G86/><T78/><D109/><N who="3" m="41481" /><G67/><T0/><D129/><U130/><E1/><V24/><F118/><W41/><G9/><T79/><D132/><U108/><E108/><V105/><F36/><W12/><G12/><N who="0" m="7175" /><D38/><U85/><E130/><V71/><F87/><W95/><G95/><T35/><D35/><AGARI ba="0,0" hai="4,5,26,31,35,40,41,43,63,66,68" m="41481" machi="35" ten="30,2900,0" yaku="14,1,10,1" doraHai="115" who="3" fromWho="0" sc="136,-29,112,0,270,0,482,29" owari="107,-39.3,112,-28.8,270,7.0,511,61.1" /></mjloggm>