<mjloggm ver="2.3"><GO type="225" lobby="0"/><UN n0="%E6%B0%B4%E6%A8%B9%E5%A5%88%E5%A5%88" n1="%72%69%6F%75%63%68%61%6E" n2="%E3%81%95%E3%81%8D%E3%81%9F%E3%81%BE%E6%9E%97%E6%AA%8E" n3="%E3%81%9F%E3%81%A3%E3%81%A1%E3%82%87" dan="16,17,16,16" rate="2040.61,2148.22,2113.09,2078.92" sx="F,M,M,M"/><TAIKYOKU oya="0"/><INIT seed="0,0,0,5,0,22" ten="250,250,250,250" oya="0" hai0="82,23,90,8,41,52,117,24,112,107,102,75,18" hai1="57,32,103,36,125,53,56,97,110,13,0,100,91" hai2="77,9,11,16,10,113,118,108,61,25,95,50,83" hai3="34,12,17,60,132,99,67,20,40,26,87,76,128"/><T126/><D112/><U39/><E0/><V33/><F108/><W27/><G128/><T14/><D117/><U51/><E110/><V106/><F113/><W119/><G119/><T48/><D126/><U55/><E125/><V86/><F106/><W7/><G132/><T47/><D107/><U73/><E73/><V121/><F121/><W134/><G134/><T28/><D102/><U3/><E3/><V84/><F33/><W37/><G37/><T65/><D65/><U58/><E32/><V114/><F114/><W127/><G127/><T38/><D75/><U120/><E120/><V72/><F118/><W63/><G40/><T59/><D38/><U109/><E109/><V93/><F72/><W124/><G124/><T1/><D1/><U42/><E13/><V101/><F101/><W85/><G99/><T115/><D115/><U89/><E42/><V46/><F61/><N who="3" m="23627" /><G34/><T94/><D82/><U68/><E68/><V35/><F35/><W122/><G122/><T4/><D4/><U88/><E103/><V15/><F25/><N who="3" m="9227" /><G67/><T80/><D80/><U21/><E21/><N who="2" m="11423" /><F86/><N who="3" m="32779" /><G7/><T92/><D90/><U81/><E81/><V54/><AGARI ba="0,0" hai="9,10,11,46,50,54,77,83,84,93,95" m="11423" machi="54" ten="30,2000,0" yaku="8,1,54,1" doraHai="22" who="2" fromWho="2" sc="250,-10,250,-5,250,20,250,-5" /><INIT seed="1,0,0,2,4,92" ten="240,245,270,245" oya="1" hai0="50,6,84,62,49,7,16,85,64,113,32,98,116" hai1="91,8,42,19,24,119,90,100,30,61,21,124,78" hai2="127,26,107,82,59,28,86,1,40,67,52,10,17" hai3="83,11,104,45,14,60,97,72,95,115,108,69,12"/><U39/><E119/><V73/><F127/><W44/><G115/><T18/><D113/><U94/><E124/><V114/><F107/><W131/><G104/><T33/><D116/><U2/><E78/><V125/><F73/><W35/><G35/><T117/><D117/><U101/><E61/><V13/><F125/><W89/><G108/><T103/><D62/><U0/><E90/><V51/><F114/><W41/><G131/><T57/><D57/><U96/><E39/><V130/><F130/><W4/><G14/><T37/><D37/><U34/><E42/><V132/><F132/><W111/><G111/><T68/><D103/><U102/><REACH who="1" step="1"/><E8/><REACH who="1" ten="240,235,270,245" step="2"/><V65/><F40/><W122/><G41/><T55/><D64/><U81/><E81/><V15/><F65/><W88/><G60/><T109/><D109/><U93/><E93/><V47/><F67/><W106/><G69/><T20/><D68/><U27/><AGARI ba="0,1" hai="0,2,19,21,24,27,30,34,91,94,96,100,101,102" machi="27" ten="30,6000,0" yaku="1,1,0,1,52,1,53,0" doraHai="92" doraHaiUra="5" who="1" fromWho="1" sc="240,-20,235,70,270,-20,245,-20" /><INIT seed="1,1,0,4,0,13" ten="220,305,250,225" oya="1" hai0="110,48,122,88,78,129,18,53,99,79,114,120,124" hai1="66,51,135,105,77,80,2,16,74,24,95,5,126" hai2="59,9,43,42,69,17,87,106,22,52,15,71,60" hai3="118,119,117,1,128,91,108,63,83,39,98,55,86"/><U72/><E105/><V44/><F106/><W81/><G1/><T133/><D114/><U46/><E126/><V6/><F87/><N who="3" m="50671" /><G39/><T89/><D124/><U82/><E135/><V20/><F20/><W121/><G55/><T7/><D133/><U61/><E95/><V32/><F32/><W116/><N who="3" m="29696" /><DORA hai="30" /><W113/><G63/><T36/><D36/><U85/><E80/><V109/><F109/><W115/><G108/><T50/><D110/><U8/><E24/><V29/><F29/><W130/><G121/><N who="0" m="46699" /><D129/><N who="3" m="49769" /><G98/><T3/><D50/><U123/><E123/><V0/><REACH who="2" step="1"/><F42/><REACH who="2" ten="220,305,240,225" step="2"/><W107/><G107/><T93/><D99/><U131/><E131/><V19/><F19/><W27/><G27/><T70/><D18/><U38/><E16/><V102/><F102/><W125/><G125/><T11/><D7/><U26/><E26/><V75/><F75/><W127/><G127/><T62/><D11/><U90/><E90/><AGARI ba="1,1" hai="83,86,90,113,115" m="49769,29696,50671" machi="90" ten="60,8000,1" yaku="12,1,19,1,34,2" doraHai="13,30" who="3" fromWho="1" sc="220,0,305,-83,240,0,225,93" /><INIT seed="2,0,0,0,3,68" ten="220,222,240,318" oya="2" hai0="11,56,6,4,84,54,93,30,0,44,9,78,76" hai1="14,12,34,49,126,99,29,7,13,103,41,17,81" hai2="90,118,15,82,72,51,83,133,57,100,130,89,94" hai3="64,108,96,16,75,50,112,86,61,98,22,63,25"/><V113/><F113/><W71/><G75/><T85/><D30/><U111/><E111/><V20/><F118/><W37/><G37/><T32/><D32/><U39/><E126/><V110/><F133/><W18/><G108/><T21/><D44/><U123/><E123/><V31/><F130/><W114/><G50/><T3/><D21/><U53/><E7/><V40/><F72/><W55/><G86/><T102/><D102/><U46/><E81/><N who="2" m="30731" /><F110/><W65/><G18/><T10/><D10/><U33/><E29/><V107/><F107/><W117/><G55/><T1/><D1/><U27/><E17/><N who="2" m="10303" /><F31/><W26/><G117/><T122/><D122/><U92/><REACH who="1" step="1"/><E27/><REACH who="1" ten="220,212,240,318" step="2"/><V128/><F128/><W28/><G25/><T43/><D6/><U101/><E101/><V58/><F100/><W70/><G28/><T124/><D124/><U91/><E91/><V69/><F90/><W52/><G112/><T47/><D4/><U77/><E77/><V19/><F19/><W106/><G114/><T42/><D76/><U60/><E60/><V66/><F89/><W2/><G2/><T74/><D0/><U134/><E134/><V45/><F94/><W59/><G106/><T95/><D3/><U121/><E121/><V79/><F79/><W8/><G61/><N who="0" m="35991" /><D74/><U87/><E87/><N who="0" m="33353" /><D78/><U120/><E120/><V116/><F116/><W125/><G63/><T135/><D135/><U104/><E104/><V129/><F129/><W119/><G125/><T105/><D105/><U80/><E80/><V132/><F132/><W35/><G119/><T48/><D43/><U97/><E97/><RYUUKYOKU ba="0,1" sc="220,10,212,10,240,10,318,-30" hai0="9,11,42,47,48,93,95" hai1="12,13,14,33,34,39,41,46,49,53,92,99,103" hai2="40,45,51,57,58,66,69" /><INIT seed="2,1,1,4,2,99" ten="230,222,250,288" oya="2" hai0="78,9,13,45,59,32,108,89,83,80,14,15,50" hai1="21,26,130,24,82,64,28,112,117,106,135,134,51" hai2="120,132,95,40,92,8,96,54,49,86,93,63,19" hai3="79,81,16,20,94,57,124,123,3,31,39,56,36"/><V101/><F120/><W18/><G123/><T62/><D32/><U104/><E112/><V55/><F132/><N who="1" m="50729" /><E117/><V35/><F35/><W133/><G3/><T25/><D108/><U127/><E64/><V17/><F40/><W105/><G133/><T90/><D25/><U114/><E114/><V38/><F38/><W67/><G105/><T41/><D9/><U76/><E127/><V121/><F121/><W119/><G119/><T12/><N who="0" m="3072" /><DORA hai="128" /><T1/><D1/><U4/><E130/><V33/><F33/><W73/><G94/><N who="2" m="36457" /><F8/><W60/><G56/><T58/><D58/><U44/><E4/><V129/><F129/><W75/><G124/><T43/><D43/><N who="1" m="24991" /><E26/><V102/><F63/><W29/><G60/><T85/><REACH who="0" step="1"/><D83/><REACH who="0" ten="220,222,250,288" step="2"/><U116/><E116/><V125/><F125/><W30/><G81/><T34/><D34/><U84/><AGARI ba="1,2" hai="21,24,28,76,82,84,104,106" m="24991,50729" machi="84" ten="30,7900,0" yaku="20,1,52,3" doraHai="99,128" who="1" fromWho="1" sc="220,-21,222,102,250,-40,288,-21" /><INIT seed="3,0,0,3,3,124" ten="199,324,210,267" oya="3" hai0="102,23,71,65,82,0,27,58,12,67,16,6,55" hai1="111,48,50,88,131,90,117,4,35,94,59,106,97" hai2="9,126,30,91,66,38,26,133,49,17,14,134,43" hai3="1,57,52,74,47,108,135,89,125,34,42,96,84"/><W109/><G125/><T100/><D0/><U41/><E131/><V92/><F126/><W64/><G74/><T19/><D6/><U86/><E35/><V28/><F38/><W2/><G135/><N who="2" m="51721" /><F66/><N who="0" m="25098" /><D82/><N who="1" m="49239" /><E111/><N who="3" m="42570" /><G96/><T25/><D71/><U32/><E106/><V76/><F76/><W85/><G34/><T104/><D104/><U107/><E107/><V15/><F15/><W5/><G64/><T130/><D130/><U79/><E117/><V116/><F116/><W127/><G127/><T8/><D25/><U45/><E32/><V123/><F26/><W33/><G33/><T93/><D93/><U39/><E39/><V69/><F69/><W46/><G85/><T7/><D7/><U99/><E4/><V40/><F123/><W21/><G21/><T113/><D113/><U122/><E122/><V63/><F30/><W62/><G5/><T98/><D98/><N who="1" m="57687" /><E79/><V31/><F31/><W112/><G112/><T110/><D110/><U101/><E101/><V128/><F128/><W29/><G29/><T37/><D37/><U72/><E72/><V75/><F75/><W44/><G42/><N who="2" m="15913" /><F28/><W54/><G54/><AGARI ba="0,0" hai="41,45,48,50,54,59,97,99" m="57687,49239" machi="54" ten="30,2000,0" yaku="8,1,54,1" doraHai="124" who="1" fromWho="3" sc="199,0,324,20,210,0,267,-20" owari="199,-30.1,344,44.4,210,-19.0,247,4.7" /></mjloggm>