<mjloggm ver="2.3"><GO type="225" lobby="0"/><UN n0="%6D%75%75%6D%75%72%61" n1="%E3%81%9F%E3%81%93%E2%98%86%E7%84%BC%E3%81%8D" n2="%E3%81%AF%E3%82%88%E3%81%8A%E3%81%98%E3%81%95%E3%82%93" n3="%E3%81%95%E3%81%8D%E3%81%9F%E3%81%BE%E6%9E%97%E6%AA%8E" dan="16,16,16,16" rate="2153.17,2073.07,2089.74,2083.25" sx="F,M,M,M"/><TAIKYOKU oya="0"/><INIT seed="0,0,0,1,1,100" ten="250,250,250,250" oya="0" hai0="94,41,8,135,98,70,95,19,133,45,55,23,85" hai1="72,47,28,20,25,74,131,3,126,111,6,34,49" hai2="110,78,120,0,17,101,66,33,48,14,134,80,127" hai3="125,16,59,29,117,40,62,90,121,10,26,37,67"/><T91/><D70/><U31/><E111/><V63/><F120/><W65/><G117/><T118/><D8/><U43/><E131/><V82/><F0/><W97/><G125/><T73/><D73/><U76/><E126/><V42/><F33/><W39/><G121/><T108/><D55/><U113/><E113/><V109/><F127/><W81/><G67/><T92/><D118/><U32/><E28/><V114/><F114/><W24/><G40/><T2/><D2/><U119/><E119/><V50/><F101/><W77/><G90/><T61/><D61/><U13/><E3/><V4/><F134/><N who="0" m="51210" /><D98/><U68/><E68/><V12/><F4/><W9/><G97/><T54/><D54/><U99/><E99/><V53/><F42/><W1/><G9/><T122/><D122/><U21/><E6/><V116/><F116/><W7/><G26/><N who="0" m="14719" /><D108/><N who="2" m="41578" /><F53/><W57/><G1/><T87/><D87/><U103/><E74/><N who="2" m="43095" /><F12/><W84/><G84/><T88/><D85/><U52/><E103/><V5/><F82/><W79/><G81/><T36/><AGARI ba="0,0" hai="36,41,45,88,91,92,94,95" m="14719,51210" machi="36" ten="30,3000,0" yaku="20,1,54,1" doraHai="100" who="0" fromWho="0" sc="250,30,250,-10,250,-10,250,-10" /><INIT seed="0,1,0,5,1,120" ten="280,240,240,240" oya="0" hai0="117,116,129,42,106,83,102,63,24,71,86,123,60" hai1="48,67,47,125,107,135,95,96,26,82,84,39,110" hai2="94,15,62,49,13,11,69,90,85,72,8,73,74" hai3="30,40,122,52,92,78,134,0,38,93,104,76,56"/><T75/><D123/><U77/><E39/><V108/><F108/><W124/><G122/><T54/><D129/><U16/><E67/><V89/><F69/><W34/><G104/><T5/><D75/><U50/><E135/><V21/><F62/><W66/><G66/><T128/><D128/><U43/><E125/><V4/><F49/><W46/><G0/><T17/><D42/><U1/><E1/><V127/><F127/><W37/><G124/><T133/><D133/><U132/><E107/><V64/><F64/><W12/><G134/><T33/><D71/><U7/><E7/><V115/><F115/><W61/><G38/><T41/><D41/><U131/><E48/><V118/><F118/><W14/><G12/><T121/><D5/><U44/><E44/><V119/><F119/><W109/><G109/><T57/><D121/><U19/><E132/><V130/><F130/><W28/><G28/><T97/><D63/><U99/><E99/><V3/><F11/><W18/><G78/><T9/><D9/><U51/><E51/><V70/><F70/><W36/><G76/><T91/><REACH who="0" step="1"/><D17/><REACH who="0" ten="270,240,240,240" step="2"/><U25/><E131/><V59/><F73/><W45/><G37/><T98/><D98/><U20/><E19/><N who="2" m="10479" /><F3/><W126/><G126/><T81/><D81/><U55/><E43/><V35/><F74/><W111/><G36/><T68/><D68/><U80/><E80/><N who="2" m="49319" /><F72/><W22/><G40/><T113/><D113/><U87/><E87/><N who="2" m="52575" /><F35/><W79/><G61/><T23/><D23/><U58/><E20/><V10/><F8/><W112/><G22/><T32/><D32/><RYUUKYOKU ba="1,1" sc="270,15,240,-15,240,15,240,-15" hai0="24,33,54,57,60,83,86,91,97,102,106,116,117" hai2="4,10,15,59" /><INIT seed="0,2,1,0,1,125" ten="285,225,255,225" oya="0" hai0="108,97,8,117,47,16,88,86,101,57,12,119,49" hai1="68,124,96,87,135,44,36,131,33,130,56,23,114" hai2="27,31,81,112,28,32,134,34,132,94,35,3,70" hai3="98,61,43,69,126,37,17,9,40,55,118,58,15"/><T46/><D108/><U26/><E124/><V39/><F70/><W92/><G126/><T51/><D57/><U123/><E123/><V10/><F39/><W42/><G118/><T106/><D51/><U93/><E68/><V65/><F65/><W91/><REACH who="3" step="1"/><G69/><REACH who="3" ten="285,225,255,215" step="2"/><T14/><D117/><U80/><E114/><V0/><F112/><W18/><G18/><T111/><D119/><U20/><E135/><V121/><F132/><W38/><AGARI ba="2,2" hai="9,15,17,37,38,40,42,43,55,58,61,91,92,98" machi="38" ten="30,2000,0" yaku="1,1,0,1,53,0" doraHai="125" doraHaiUra="41" who="3" fromWho="3" sc="285,-12,225,-7,255,-7,215,46" /><INIT seed="1,0,0,5,4,71" ten="273,218,248,261" oya="1" hai0="89,0,25,107,108,54,113,99,26,23,80,119,112" hai1="58,115,32,76,122,17,82,83,74,34,90,33,106" hai2="134,29,6,87,60,56,59,125,98,9,114,96,77" hai3="27,129,4,2,105,127,43,69,13,68,45,49,40"/><U123/><E115/><V53/><F114/><W94/><G105/><T92/><D119/><U110/><E106/><V5/><F125/><W10/><G127/><T121/><D108/><U22/><E110/><V131/><F131/><W132/><G129/><T117/><D117/><U41/><E41/><V79/><F134/><W50/><G132/><T7/><D121/><U133/><E133/><V81/><F29/><W55/><G2/><T61/><D107/><U62/><E90/><V35/><F35/><W124/><G124/><T116/><D25/><U46/><E46/><V20/><F20/><W118/><G118/><T57/><D116/><U109/><E82/><V3/><F5/><W102/><G27/><T103/><D103/><U12/><REACH who="1" step="1"/><E109/><REACH who="1" ten="273,208,248,261" step="2"/><V104/><F104/><W14/><G43/><T67/><D80/><U21/><E21/><V64/><F77/><W52/><G40/><T91/><D89/><U66/><AGARI ba="0,1" hai="12,17,22,32,33,34,58,62,66,74,76,83,122,123" machi="66" ten="30,12000,1" yaku="1,1,0,1,53,3" doraHai="71" doraHaiUra="30" who="1" fromWho="1" sc="273,-40,208,130,248,-40,261,-40" /><INIT seed="1,1,0,2,4,97" ten="233,338,208,221" oya="1" hai0="80,62,72,64,109,29,25,99,36,41,3,28,85" hai1="132,129,50,32,38,121,66,84,68,82,24,18,92" hai2="15,75,48,122,61,37,2,40,104,63,89,47,135" hai3="119,42,35,1,13,79,103,46,67,73,114,58,59"/><U127/><E121/><V49/><F122/><W101/><G114/><T11/><D109/><U60/><E38/><V133/><F2/><W87/><G73/><T33/><D72/><U111/><E129/><V0/><F0/><W53/><G1/><T51/><D36/><U16/><E132/><N who="2" m="50763" /><F75/><W5/><G35/><T124/><D124/><U14/><E127/><V56/><F104/><W93/><G119/><T125/><D125/><U107/><E107/><V57/><F15/><W91/><G79/><T17/><D29/><U116/><E111/><V106/><F89/><W108/><G108/><T54/><D41/><U81/><E50/><N who="2" m="19563" /><F106/><W86/><G42/><T105/><D105/><U44/><E44/><V102/><F102/><N who="3" m="38923" /><G46/><T12/><D3/><U55/><E55/><V94/><F94/><W71/><G71/><T120/><D120/><U19/><E92/><V26/><F26/><W83/><G67/><T76/><D64/><U77/><E82/><V118/><F118/><W39/><G53/><T6/><D80/><U20/><E116/><V31/><F31/><W45/><G45/><T9/><D54/><U10/><REACH who="1" step="1"/><E32/><REACH who="1" ten="233,328,208,221" step="2"/><V95/><F95/><W98/><G39/><T123/><D33/><U131/><E131/><V22/><F22/><W100/><G87/><T27/><D85/><U130/><E130/><V88/><F88/><W134/><G134/><T112/><D123/><U21/><E21/><V70/><F61/><W128/><G128/><T96/><D62/><U90/><E90/><V43/><F40/><W110/><G110/><T8/><D76/><U115/><E115/><RYUUKYOKU ba="1,1" sc="233,-30,328,10,208,10,221,10" hai1="10,14,16,18,19,20,24,60,66,68,77,81,84" hai2="37,43,47,56,57,63,70" hai3="5,13,58,59,83,86,91,93,98,100" /><INIT seed="1,2,1,4,3,34" ten="203,338,218,231" oya="1" hai0="25,107,63,49,40,80,93,38,28,120,35,41,18" hai1="32,104,79,56,121,124,70,3,37,100,95,75,97" hai2="60,96,5,57,17,43,68,83,116,110,118,109,129" hai3="55,132,39,90,51,16,66,111,20,77,101,130,7"/><U115/><RYUUKYOKU type="yao9" ba="2,1" sc="203,0,338,0,218,0,231,0" hai1="3,32,37,56,70,75,79,95,97,100,104,115,121,124" /><INIT seed="1,3,1,3,1,89" ten="203,338,218,231" oya="1" hai0="35,28,59,57,18,113,21,5,82,73,76,3,37" hai1="9,1,88,6,112,39,125,47,70,50,107,109,102" hai2="31,90,84,10,99,4,86,23,49,78,108,97,62" hai3="11,26,22,132,42,24,0,56,61,115,117,101,58"/><U105/><E112/><V30/><F108/><W124/><G115/><T110/><D113/><U16/><E125/><V98/><F62/><W126/><G132/><T128/><D110/><U46/><E70/><V34/><F34/><W134/><G134/><T95/><D37/><U45/><E102/><V36/><F36/><W79/><G117/><T75/><D128/><U87/><E50/><V92/><F49/><W68/><G68/><T40/><D40/><U120/><E120/><V51/><F51/><W53/><G79/><T64/><D75/><U103/><E103/><V118/><F118/><W33/><G101/><T71/><D35/><U114/><E114/><V129/><F129/><W122/><G122/><T104/><D28/><U43/><E109/><V100/><F100/><W19/><G42/><T44/><D104/><U123/><E123/><V130/><F23/><W8/><G58/><T29/><D29/><U27/><E107/><V7/><F7/><W17/><G0/><T72/><D44/><U2/><E2/><V15/><F130/><W121/><G121/><T60/><D72/><U77/><E77/><V106/><F106/><W14/><G11/><T131/><D131/><U41/><E105/><V65/><F65/><W55/><G53/><T135/><D135/><U116/><E116/><V91/><F78/><W13/><G33/><T96/><D3/><U80/><E39/><V83/><AGARI ba="3,1" hai="4,10,15,30,31,83,84,86,90,91,92,97,98,99" machi="83" ten="30,4000,0" yaku="0,1,8,1,52,1" doraHai="89" who="2" fromWho="2" sc="203,-13,338,-23,218,59,231,-13" /><INIT seed="2,0,0,0,3,41" ten="190,315,277,218" oya="2" hai0="30,87,45,53,11,103,85,62,51,27,66,35,37" hai1="130,77,55,118,75,47,17,3,14,72,63,29,38" hai2="91,111,19,58,74,124,56,90,121,125,114,86,107" hai3="64,102,69,25,94,134,109,28,39,133,100,60,57"/><V131/><F121/><W70/><G109/><T15/><D37/><U43/><E3/><V0/><F114/><W127/><G127/><N who="2" m="48713" /><F74/><W34/><G39/><T88/><D103/><N who="3" m="39465" /><G94/><T95/><D87/><U68/><E118/><V126/><N who="2" m="48721" /><V81/><DORA hai="106" /><F0/><W96/><G96/><T31/><D27/><U33/><E130/><V22/><F107/><W7/><G7/><T6/><REACH who="0" step="1"/><D35/><REACH who="0" ten="180,315,277,218" step="2"/><U115/><E33/><V12/><F131/><W40/><G40/><T36/><D36/><U113/><E43/><V84/><F111/><W128/><G128/><T83/><D83/><AGARI ba="0,1" hai="12,19,22,56,58,81,83,84,86,90,91" m="48721" machi="83" ten="40,2000,0" yaku="18,1" doraHai="41,106" who="2" fromWho="0" sc="180,-20,315,0,277,30,218,0" /><INIT seed="2,1,0,1,5,39" ten="160,315,307,218" oya="2" hai0="110,47,70,54,13,33,126,85,29,135,130,20,59" hai1="123,23,32,26,101,98,25,86,82,127,80,15,73" hai2="92,11,102,62,128,95,31,106,30,42,103,10,38" hai3="120,49,7,77,78,93,57,117,129,4,48,108,94"/><V116/><F116/><W52/><G108/><T99/><D70/><U124/><E123/><V131/><F38/><W55/><G129/><N who="2" m="49737" /><F62/><W119/><REACH who="3" step="1"/><G57/><REACH who="3" ten="160,315,307,208" step="2"/><T132/><D130/><U12/><E124/><V37/><F106/><W104/><G104/><T114/><D126/><U5/><E127/><V113/><F113/><W45/><G45/><T19/><D110/><U51/><E32/><V83/><F103/><W97/><G97/><T87/><D114/><U88/><E98/><V107/><F107/><W2/><G2/><T89/><D47/><U118/><E101/><V122/><F102/><W40/><G40/><T17/><D99/><U22/><E118/><V74/><F42/><W79/><G79/><T68/><D68/><U53/><E88/><V65/><F122/><AGARI ba="1,1" hai="4,7,48,49,52,55,77,78,93,94,117,119,120,122" machi="122" ten="25,6400,0" yaku="1,1,22,2,54,1,53,0" doraHai="39" doraHaiUra="96" who="3" fromWho="2" sc="160,0,315,0,307,-67,208,77" /><INIT seed="3,0,0,0,1,96" ten="160,315,240,285" oya="3" hai0="88,103,47,85,101,6,123,43,111,114,12,131,59" hai1="110,14,116,39,82,9,120,60,36,133,17,5,7" hai2="132,2,21,87,40,107,134,92,52,68,80,71,109" hai3="1,129,81,64,100,121,46,115,105,53,74,8,41"/><W117/><G115/><T89/><D123/><U95/><E120/><V124/><F107/><W18/><G121/><T83/><D114/><U22/><E5/><V65/><F2/><W77/><G117/><T102/><D111/><U112/><E112/><V75/><F109/><W91/><G91/><N who="0" m="34891" /><D131/><U86/><E133/><N who="2" m="51307" /><F124/><W0/><G129/><T28/><D28/><U70/><E95/><V78/><F40/><W34/><G34/><T19/><D6/><U135/><E116/><V128/><F128/><W33/><G33/><T84/><D83/><U62/><E70/><V79/><F65/><W126/><G126/><T127/><D59/><U16/><E17/><V69/><F92/><W29/><G29/><T73/><D73/><U15/><E110/><V63/><F79/><W48/><G64/><T49/><D127/><U23/><E39/><V113/><F113/><W98/><REACH who="3" step="1"/><G41/><REACH who="3" ten="160,315,240,275" step="2"/><T24/><D24/><U66/><E135/><V44/><F71/><W104/><G104/><T94/><D94/><U4/><E66/><V3/><F68/><W13/><AGARI ba="0,1" hai="0,1,8,13,18,46,48,53,74,77,81,98,100,105" machi="13" ten="30,11700,0" yaku="1,1,0,1,52,1,53,1" doraHai="96" doraHaiUra="99" who="3" fromWho="3" sc="160,-39,315,-39,240,-39,275,127" owari="121,-37.9,276,7.6,201,-19.9,402,50.2" /></mjloggm>