<mjloggm ver="2.3"><GO type="225" lobby="0"/><UN n0="%E7%89%B9%E6%9D%B1%E3%81%AF%E4%B8%96%E7%95%8C%E3%82%92%E6%95%91%E3%81%86" n1="%E4%BF%BA%E3%81%A8%E5%A6%96%E5%A4%A2" n2="%E3%83%81%E3%83%83%E3%82%BF%E3%82%BD%E3%83%BC" n3="%E6%81%A5%E6%99%92%E3%81%97" dan="16,16,17,16" rate="2135.92,2105.93,2197.41,2107.61" sx="M,F,F,M"/><TAIKYOKU oya="0"/><INIT seed="0,0,0,1,3,64" ten="250,250,250,250" oya="0" hai0="19,114,27,3,51,86,22,34,71,126,122,107,43" hai1="100,73,79,63,55,11,85,28,67,25,35,116,58" hai2="74,36,72,75,117,70,9,118,38,60,96,92,48" hai3="121,68,10,30,33,102,106,54,127,132,45,13,0"/><T101/><D114/><U123/><E116/><N who="2" m="44651" /><F48/><W97/><G127/><T77/><D122/><U42/><E123/><V20/><F9/><W49/><G132/><T93/><D126/><U133/><E73/><V135/><F20/><W1/><G121/><T14/><D3/><U6/><E133/><V50/><F50/><W46/><G46/><T8/><D34/><U41/><E100/><N who="2" m="60423" /><F135/><W18/><REACH who="3" step="1"/><G68/><REACH who="3" ten="250,250,250,240" step="2"/><T5/><D71/><U56/><E79/><V134/><F134/><W47/><G47/><N who="0" m="26111" /><D107/><U105/><E105/><V104/><F104/><W108/><G108/><T95/><D101/><U99/><E58/><V52/><F70/><W66/><G66/><T130/><D130/><U61/><E67/><V4/><F4/><W115/><G115/><T59/><D59/><AGARI ba="0,1" hai="36,38,52,59,60,72,74,75" m="60423,44651" machi="59" ten="40,2600,0" yaku="12,1,54,1" doraHai="64" who="2" fromWho="0" sc="250,-26,250,0,250,36,240,0" /><INIT seed="1,0,0,0,5,43" ten="224,250,286,240" oya="1" hai0="104,2,34,4,80,3,82,74,128,69,9,90,127" hai1="50,121,15,118,63,123,117,124,85,56,31,86,14" hai2="17,71,105,132,46,78,21,0,61,75,134,48,16" hai3="126,79,81,25,70,108,44,68,106,120,23,122,96"/><U11/><E124/><V77/><F105/><W7/><G108/><T115/><D115/><U102/><E102/><V53/><F0/><W92/><G126/><T40/><D127/><U60/><E31/><V88/><F17/><W42/><G106/><T98/><D34/><U49/><E56/><V84/><F61/><W13/><G68/><T27/><D69/><U129/><REACH who="1" step="1"/><E11/><REACH who="1" ten="224,240,286,240" step="2"/><V133/><F71/><W39/><G70/><T58/><D58/><U33/><E33/><V83/><REACH who="2" step="1"/><F75/><REACH who="2" ten="224,240,276,240" step="2"/><W26/><G120/><T110/><D74/><U24/><E24/><AGARI ba="0,2" hai="16,21,24,46,48,53,77,78,83,84,88,132,133,134" machi="24" ten="40,12000,2" yaku="1,1,2,1,20,1,52,1,54,2,53,0" doraHai="43" doraHaiUra="6" who="2" fromWho="1" sc="224,0,240,-120,276,140,240,0" /><INIT seed="2,0,0,2,1,99" ten="224,120,416,240" oya="2" hai0="72,13,57,31,19,78,92,69,133,18,75,118,130" hai1="106,30,34,127,24,26,129,42,40,21,77,5,113" hai2="28,56,10,54,20,97,4,14,9,63,115,25,107" hai3="73,101,111,67,35,51,105,86,88,22,52,58,8"/><V122/><F115/><W81/><G111/><T108/><D69/><U48/><E113/><V90/><F122/><W38/><G35/><T60/><D108/><U135/><E135/><V64/><F10/><W134/><G134/><T84/><D133/><U0/><E129/><V117/><F117/><W33/><G38/><T109/><D109/><U53/><E127/><V6/><F6/><W29/><G33/><T79/><D31/><U124/><E124/><V121/><F121/><W95/><G8/><T23/><D130/><U112/><E112/><V119/><F119/><W17/><G67/><T27/><D118/><U39/><E39/><V49/><F107/><W32/><G32/><T132/><D132/><U1/><E106/><V44/><F97/><N who="3" m="61615" /><G29/><T102/><D75/><U128/><E128/><V110/><F110/><W7/><G7/><T11/><D72/><U2/><E77/><V70/><REACH who="2" step="1"/><F90/><REACH who="2" ten="224,120,406,240" step="2"/><W66/><G66/><N who="0" m="39183" /><D102/><U36/><E5/><V68/><AGARI ba="0,1" hai="4,9,14,20,25,28,44,49,54,56,63,64,68,70" machi="68" ten="30,3000,0" yaku="1,1,0,1,53,0" doraHai="99" doraHaiUra="125" who="2" fromWho="2" sc="224,-10,120,-10,406,40,240,-10" /><INIT seed="2,1,0,2,0,4" ten="214,110,446,230" oya="2" hai0="127,133,17,83,66,15,14,93,48,72,129,86,0" hai1="58,10,132,47,103,12,64,115,46,19,1,32,90" hai2="74,75,102,21,82,87,41,8,7,33,117,45,95" hai3="92,13,65,70,23,54,78,122,80,134,88,35,116"/><V108/><F117/><W25/><G122/><T79/><D0/><U63/><E115/><V11/><F33/><W27/><G134/><T6/><D133/><U68/><E132/><V130/><F130/><W18/><G116/><T118/><D129/><U37/><E32/><V31/><F108/><W76/><G35/><T43/><D118/><U128/><E128/><V22/><F75/><W109/><G109/><T119/><D119/><U71/><E103/><V62/><F74/><W110/><G110/><T121/><D127/><U135/><E135/><V91/><F62/><W56/><G65/><T77/><D66/><U38/><E1/><V99/><F7/><W3/><G70/><T2/><D2/><U52/><E71/><V81/><F81/><W50/><G3/><T107/><D107/><U28/><E28/><V100/><F100/><W57/><G57/><T123/><D6/><U30/><E30/><V36/><REACH who="2" step="1"/><F31/><REACH who="2" ten="214,110,436,230" step="2"/><W97/><G80/><T124/><D72/><U9/><E63/><V101/><F101/><W39/><G39/><T34/><D34/><U24/><E38/><V61/><F61/><W40/><G40/><T55/><D43/><U59/><E37/><V89/><F89/><W73/><G73/><T16/><D83/><U26/><E90/><V105/><F105/><W67/><G67/><T49/><D79/><AGARI ba="1,1" hai="13,18,23,25,27,50,54,56,76,78,79,88,92,97" machi="79" ten="40,2600,0" yaku="8,1,54,1" doraHai="4" who="3" fromWho="0" sc="214,-29,110,0,436,0,230,39" /><INIT seed="3,0,0,1,1,110" ten="185,110,436,269" oya="3" hai0="49,2,103,6,83,13,135,22,55,134,30,114,19" hai1="65,61,67,77,89,37,131,80,84,105,12,76,60" hai2="40,3,127,133,125,95,96,47,120,79,94,38,92" hai3="36,43,99,70,58,45,0,91,48,64,11,42,132"/><W10/><G132/><N who="0" m="50731" /><D103/><U116/><E105/><V85/><F120/><W78/><G78/><T32/><D114/><U50/><E37/><V86/><F3/><W23/><G23/><T113/><D113/><U104/><E104/><V130/><F133/><W14/><G43/><T44/><D83/><U21/><E131/><V24/><F130/><W100/><G14/><T102/><D102/><U29/><E116/><V88/><F24/><W33/><G91/><T68/><D68/><U52/><E61/><V109/><F109/><W107/><G0/><T20/><D32/><U66/><E60/><V74/><F74/><W26/><G58/><T27/><D2/><U35/><E35/><V53/><F53/><W15/><G15/><T1/><D1/><U128/><E128/><V90/><F79/><W62/><G36/><T25/><D6/><U51/><E51/><V63/><F63/><W8/><G8/><T17/><D13/><U123/><E123/><V73/><REACH who="2" step="1"/><F73/><REACH who="2" ten="185,110,426,269" step="2"/><W129/><REACH who="3" step="1"/><G129/><REACH who="3" ten="185,110,426,259" step="2"/><T46/><D30/><AGARI ba="0,2" hai="10,11,26,30,33,42,45,48,62,64,70,99,100,107" machi="30" ten="40,18000,2" yaku="1,1,2,1,25,2,53,2" doraHai="110" doraHaiUra="4" who="3" fromWho="0" sc="185,-180,110,0,426,0,259,200" owari="5,-49.5,110,-29.0,426,22.6,459,55.9" /></mjloggm>