<mjloggm ver="2.3"><GO type="225" lobby="0"/><UN n0="%70%65%6E%74%6F%6C%61" n1="%E3%80%90%E3%83%88%E3%83%AA%E3%83%A5%E3%83%95%E3%80%91" n2="%E3%83%B4%E3%83%A0%EF%BC%99%E3%81%A6" n3="%E3%82%BC%E3%83%AB%E3%83%80%E3%81%AE%E4%BC%9D%E8%AA%AC" dan="16,16,16,17" rate="2168.22,2097.01,2127.22,2151.48" sx="M,M,M,M"/><TAIKYOKU oya="0"/><INIT seed="0,0,0,4,0,66" ten="250,250,250,250" oya="0" hai0="115,33,55,60,3,34,44,79,38,24,81,98,11" hai1="23,41,5,105,103,100,95,92,21,12,25,85,77" hai2="110,93,69,121,76,62,89,64,120,130,129,111,13" hai3="46,58,123,113,118,36,57,19,97,53,45,14,32"/><T91/><D91/><U8/><E105/><V30/><F76/><W37/><G32/><T87/><D98/><U61/><E41/><V50/><F13/><W83/><G113/><T133/><D115/><U31/><E21/><V96/><F30/><W29/><G29/><T26/><D26/><U132/><E61/><V122/><REACH who="2" step="1"/><F50/><REACH who="2" ten="250,250,240,250" step="2"/><W134/><G14/><T94/><D79/><U101/><REACH who="1" step="1"/><E132/><REACH who="1" ten="250,240,240,250" step="2"/><V35/><F35/><W106/><G134/><T20/><D133/><U108/><E108/><AGARI ba="0,2" hai="62,64,69,89,93,96,108,110,111,120,121,122,129,130" machi="108" ten="50,6400,0" yaku="1,1,14,1,52,1,53,0" doraHai="66" doraHaiUra="114" who="2" fromWho="1" sc="250,0,240,-64,240,84,250,0" /><INIT seed="1,0,0,0,5,95" ten="250,176,324,250" oya="1" hai0="106,113,112,124,79,130,83,133,11,17,44,114,70" hai1="132,135,16,45,35,82,100,129,8,120,134,116,122" hai2="110,78,75,68,38,30,67,59,126,28,26,20,74" hai3="41,51,60,42,52,69,84,12,33,57,58,96,105"/><U46/><E35/><V2/><F38/><W3/><G3/><T90/><D70/><U61/><E116/><V31/><F2/><W29/><G84/><T23/><D11/><U109/><E82/><V37/><F37/><W87/><G87/><T15/><D106/><U22/><E8/><V53/><F110/><W73/><G73/><T97/><D44/><N who="1" m="17003" /><E109/><V65/><F126/><W55/><G69/><T77/><D124/><U86/><E86/><V54/><F68/><W72/><G72/><T107/><D133/><N who="1" m="34051" /><U13/><DORA hai="14" /><E129/><V119/><F119/><W5/><G5/><T66/><D130/><U6/><E6/><V99/><F74/><W39/><G39/><T49/><D83/><U115/><E115/><V34/><F78/><W27/><REACH who="3" step="1"/><G12/><REACH who="3" ten="250,176,324,240" step="2"/><T7/><D7/><U43/><E43/><V127/><F75/><W128/><G128/><T121/><D114/><U40/><E40/><V36/><F36/><W10/><G10/><T118/><D113/><U81/><E81/><V19/><F127/><W108/><G108/><T1/><D112/><U123/><E61/><V18/><F34/><W50/><G50/><T9/><D118/><U21/><E21/><V125/><F125/><W93/><G93/><T4/><D23/><U80/><E80/><V91/><F20/><W32/><G32/><T88/><D1/><U63/><E63/><V24/><F24/><W101/><AGARI ba="0,1" hai="27,29,33,41,42,51,52,55,57,58,60,96,101,105" machi="101" ten="30,12000,2" yaku="1,1,0,1,52,1,54,1,53,2" doraHai="95,14" doraHaiUra="98,103" who="3" fromWho="3" sc="250,-30,176,-60,324,-30,240,130" /><INIT seed="2,0,0,5,3,134" ten="220,116,294,370" oya="2" hai0="93,108,133,92,114,65,31,67,37,22,6,74,35" hai1="41,87,100,80,20,86,44,131,2,101,124,69,26" hai2="32,85,126,129,19,28,18,25,14,78,1,63,115" hai3="56,71,130,73,102,89,99,8,125,11,75,17,40"/><V111/><F115/><W128/><G71/><T107/><D35/><U45/><E69/><V48/><F1/><W24/><G125/><T34/><D34/><U42/><E2/><V49/><F129/><N who="3" m="49771" /><G89/><T117/><D107/><U112/><E131/><V60/><F111/><W39/><G56/><T105/><D74/><N who="3" m="28169" /><G40/><T59/><D105/><U10/><E10/><V64/><F126/><W7/><G39/><T94/><D37/><U106/><E106/><V50/><F60/><W120/><G120/><T123/><D123/><U0/><E0/><V43/><F43/><W127/><G127/><T62/><D114/><U70/><E70/><V5/><F78/><W53/><G53/><T83/><D67/><U21/><E124/><V46/><F46/><W15/><G24/><T27/><D117/><U54/><E112/><V132/><F132/><W103/><G99/><T52/><D108/><U95/><E26/><V104/><F85/><W58/><G58/><T23/><D133/><U30/><E30/><V9/><REACH who="2" step="1"/><F104/><REACH who="2" ten="220,116,284,370" step="2"/><W122/><G122/><T91/><D62/><U66/><E66/><V3/><F3/><AGARI ba="0,1" hai="3,7,8,11,15,17,102,103" m="28169,49771" machi="3" ten="30,1000,0" yaku="19,1" doraHai="134" who="3" fromWho="2" sc="220,0,116,0,284,-10,370,20" /><INIT seed="3,0,0,3,4,73" ten="220,116,274,390" oya="3" hai0="49,75,15,115,79,91,50,67,114,43,120,46,101" hai1="98,117,47,32,40,52,80,123,116,113,23,65,25" hai2="66,35,132,0,108,135,78,3,2,1,8,125,64" hai3="7,20,121,53,37,126,34,99,131,100,71,63,31"/><W94/><G37/><T105/><D91/><U112/><E65/><V42/><F35/><W102/><G7/><T70/><D120/><U119/><E32/><V103/><F108/><W59/><G20/><T12/><D101/><U61/><E123/><V48/><F125/><W11/><G11/><T57/><D105/><U39/><E98/><V90/><F103/><W21/><G21/><T130/><D130/><U86/><E61/><V118/><F118/><W62/><G131/><T26/><D26/><U88/><REACH who="1" step="1"/><E52/><REACH who="1" ten="220,106,274,390" step="2"/><V4/><F64/><W77/><G62/><T16/><D67/><U19/><AGARI ba="0,1" hai="19,23,25,39,40,47,80,86,88,112,113,116,117,119" machi="19" ten="30,8000,1" yaku="1,1,2,1,0,1,12,1,54,1,53,0" doraHai="73" doraHaiUra="30" who="1" fromWho="1" sc="220,-20,106,90,274,-20,390,-40" owari="200,-20.0,196,-30.4,254,5.4,350,45.0" /></mjloggm>