<mjloggm ver="2.3"><GO type="225" lobby="0"/><UN n0="%E3%82%BC%E3%83%AB%E3%83%80%E3%81%AE%E4%BC%9D%E8%AA%AC" n1="%E3%81%9D%E3%81%8A%E3%81%9D%E3%81%9D" n2="%61%67%65%48%61" n3="%72%69%6F%75%63%68%61%6E" dan="16,16,16,16" rate="2209.78,2100.72,2045.65,2196.75" sx="M,M,M,M"/><TAIKYOKU oya="0"/><INIT seed="0,0,0,0,4,103" ten="250,250,250,250" oya="0" hai0="97,23,27,29,49,88,15,73,36,123,93,116,110" hai1="10,20,52,64,4,17,24,126,34,87,39,77,50" hai2="133,19,122,41,91,127,105,48,22,99,119,59,89" hai3="108,81,21,102,32,67,129,128,132,72,58,95,63"/><T1/><D116/><U54/><E39/><V124/><F122/><W120/><G108/><T5/><D123/><U79/><E126/><N who="2" m="48171" /><F119/><W109/><G109/><T134/><D110/><U113/><E113/><V104/><F133/><W60/><G132/><T121/><D121/><U33/><E64/><V18/><F18/><W14/><G120/><T35/><D36/><U30/><E54/><N who="2" m="32199" /><F41/><W101/><G32/><T68/><D134/><U82/><E79/><V96/><F96/><W135/><G135/><T92/><D73/><U37/><E30/><V61/><F61/><W40/><G40/><T69/><D49/><U26/><E24/><N who="2" m="14431" /><F99/><W12/><G60/><T3/><D92/><U6/><E37/><V115/><F115/><W86/><G72/><T28/><D28/><U118/><E118/><V76/><F76/><N who="3" m="46375" /><G95/><T70/><REACH who="0" step="1"/><D35/><REACH who="0" ten="240,250,250,250" step="2"/><U80/><E82/><V9/><F9/><AGARI ba="0,1" hai="1,3,5,9,15,23,27,29,68,69,70,88,93,97" machi="9" ten="40,7700,0" yaku="1,1,2,1,54,1,53,0" doraHai="103" doraHaiUra="51" who="0" fromWho="2" sc="240,87,250,0,250,-77,250,0" /><INIT seed="0,1,0,5,1,114" ten="327,250,173,250" oya="0" hai0="89,1,99,28,118,13,134,131,15,68,39,126,70" hai1="7,49,84,110,64,109,105,41,52,95,11,32,122" hai2="51,2,58,125,34,59,19,21,101,94,6,36,54" hai3="92,47,43,12,121,78,79,65,93,120,91,112,31"/><T117/><D1/><U53/><E122/><N who="3" m="47210" /><G112/><T104/><D39/><U85/><E105/><V75/><F34/><W8/><G31/><T100/><D28/><U42/><E32/><V24/><F36/><N who="3" m="21991" /><G65/><T20/><D89/><N who="1" m="53671" /><E85/><V113/><F75/><W133/><G133/><T106/><D134/><U33/><E64/><V9/><F125/><W56/><G56/><T74/><D74/><U29/><E29/><V48/><F113/><W46/><G46/><T22/><D99/><U16/><E33/><V73/><F73/><W10/><G10/><T127/><REACH who="0" step="1"/><D100/><REACH who="0" ten="317,250,173,250" step="2"/><U82/><E110/><V44/><F101/><W132/><G132/><T5/><D5/><U55/><E109/><V116/><F116/><W23/><G91/><T87/><D87/><U107/><E7/><V86/><F86/><W115/><G115/><T98/><D98/><U102/><E102/><V38/><F38/><W25/><G78/><T60/><D60/><U108/><E108/><V0/><F0/><W96/><G79/><T119/><D119/><U81/><E81/><V76/><F76/><W80/><G96/><T35/><D35/><U27/><E82/><V45/><REACH who="2" step="1"/><F94/><REACH who="2" ten="317,250,163,250" step="2"/><W14/><G80/><T83/><D83/><U124/><E107/><V90/><F90/><W69/><G92/><T30/><D30/><U128/><E124/><V88/><F88/><W103/><G93/><T77/><D77/><U97/><E97/><V62/><F62/><W17/><G103/><T72/><D72/><U63/><E63/><V129/><F129/><AGARI ba="1,2" hai="13,15,20,22,68,70,104,106,117,118,126,127,129,131" machi="129" ten="25,12000,1" yaku="1,1,22,2,52,2,53,0" doraHai="114" doraHaiUra="61" who="0" fromWho="2" sc="317,143,250,0,163,-123,250,0" /><INIT seed="0,2,0,0,3,61" ten="460,250,40,250" oya="0" hai0="55,5,107,30,32,114,132,23,133,69,6,128,78" hai1="64,84,102,105,90,24,103,92,123,0,122,71,54" hai2="113,35,21,9,70,82,40,26,116,48,83,100,43" hai3="124,17,10,87,99,73,29,130,126,11,31,88,98"/><T15/><D107/><U44/><E0/><V8/><F113/><W135/><G130/><T81/><D114/><U127/><E127/><N who="3" m="48682" /><G135/><N who="0" m="51787" /><D128/><U41/><E54/><V72/><F116/><W13/><G73/><N who="0" m="43215" /><D69/><U77/><E77/><V93/><F35/><W109/><G109/><T129/><D129/><U67/><E24/><V85/><F70/><W59/><G59/><T25/><D55/><U37/><E71/><V66/><F72/><W125/><N who="3" m="48690" /><W117/><DORA hai="121" /><G117/><T101/><D101/><U18/><E18/><AGARI ba="2,0" hai="5,6,15,18,23,25,30,32" m="43215,51787" machi="18" ten="30,1500,0" yaku="20,1" doraHai="61,121" who="0" fromWho="1" sc="460,21,250,-21,40,0,250,0" /><INIT seed="0,3,0,1,4,20" ten="481,229,40,250" oya="0" hai0="106,25,31,50,77,96,88,103,11,12,113,108,120" hai1="62,66,72,114,51,29,116,69,59,41,110,30,36" hai2="82,121,9,95,60,44,37,16,118,1,10,94,86" hai3="98,63,13,125,57,43,39,135,23,35,26,28,61"/><T42/><D113/><U107/><E116/><V85/><F121/><W124/><G135/><T92/><D120/><U5/><E114/><V132/><F132/><W93/><G13/><T81/><D108/><U127/><E110/><V14/><F118/><W75/><G75/><T64/><D64/><U130/><E72/><V126/><F126/><N who="3" m="48747" /><G35/><T58/><D58/><U19/><E127/><V133/><F133/><W0/><G0/><T40/><D50/><U70/><E69/><V91/><F60/><W54/><G61/><T21/><D103/><U104/><E5/><V109/><F109/><W101/><G39/><T22/><D22/><U33/><E33/><V119/><F119/><W99/><G98/><T73/><REACH who="0" step="1"/><D106/><REACH who="0" ten="471,229,40,250" step="2"/><U78/><E51/><V122/><F122/><W24/><G43/><T18/><AGARI ba="3,1" hai="11,12,18,21,25,31,40,42,73,77,81,88,92,96" machi="18" ten="20,18000,2" yaku="1,1,2,1,0,1,7,1,52,1,54,1,53,0" doraHai="20" doraHaiUra="80" who="0" fromWho="0" sc="471,199,229,-63,40,-63,250,-63" owari="670,77.0,166,-23.4,-23,-52.3,187,-1.3" /></mjloggm>