<mjloggm ver="2.3"><GO type="225" lobby="0"/><UN n0="%E8%B7%AF%E9%9C%B8" n1="%E3%81%AF%E3%82%88%E3%81%8A%E3%81%98%E3%81%95%E3%82%93" n2="%72%61%6B%33" n3="%E9%9B%80%E6%A5%B5%E3%81%AE%E3%81%B8" dan="17,16,17,16" rate="2176.79,2159.74,2209.45,2096.89" sx="M,M,M,M"/><TAIKYOKU oya="0"/><INIT seed="0,0,0,3,2,132" ten="250,250,250,250" oya="0" hai0="20,126,112,46,28,41,9,4,75,121,51,22,131" hai1="55,33,110,74,83,56,93,115,77,38,68,30,82" hai2="91,40,27,80,67,130,13,21,57,86,95,102,65" hai3="98,48,113,104,42,61,89,39,14,5,18,62,32"/><T64/><D121/><U6/><E68/><V29/><F130/><W31/><G39/><T92/><D75/><U88/><E110/><V78/><F40/><W100/><G5/><T49/><D112/><U26/><E115/><V117/><F117/><W108/><G108/><T7/><D131/><U53/><E38/><V76/><F13/><W134/><G134/><T94/><D126/><U87/><E6/><N who="0" m="2089" /><D64/><U120/><E120/><V118/><F118/><W54/><G42/><T17/><D51/><U52/><REACH who="1" step="1"/><E83/><REACH who="1" ten="250,240,250,250" step="2"/><V116/><F116/><W69/><G69/><T129/><D129/><U23/><E23/><V127/><F127/><W133/><G113/><T36/><D36/><U10/><E10/><V79/><REACH who="2" step="1"/><F57/><AGARI ba="0,1" hai="26,30,33,52,53,55,56,57,74,77,82,87,88,93" machi="57" ten="40,8000,1" yaku="1,1,54,2,53,1" doraHai="132" doraHaiUra="25" who="1" fromWho="2" sc="250,0,240,90,250,-80,250,0" /><INIT seed="1,0,0,3,0,15" ten="250,330,170,250" oya="1" hai0="51,33,86,92,27,121,13,64,11,132,37,90,9" hai1="126,49,17,134,66,91,99,18,60,110,57,39,70" hai2="45,35,71,6,12,119,102,48,34,1,128,100,93" hai3="135,130,10,44,72,105,26,96,109,30,124,125,46"/><U21/><E39/><V108/><F119/><W131/><G72/><T106/><D37/><U2/><E2/><V112/><F71/><W75/><G75/><T78/><D106/><U4/><E4/><V22/><F108/><W67/><G109/><T80/><D132/><U3/><E3/><V81/><F128/><N who="3" m="49195" /><G67/><T42/><D64/><U120/><E120/><V58/><F112/><W87/><G87/><T5/><D121/><U104/><E110/><V107/><F107/><W122/><G10/><T31/><D11/><U7/><E7/><V77/><F1/><W65/><G65/><T41/><REACH who="0" step="1"/><D51/><REACH who="0" ten="240,330,170,250" step="2"/><U63/><E49/><V129/><F129/><W29/><G135/><T82/><D82/><U38/><E38/><V113/><F81/><W20/><G122/><T79/><D79/><U116/><E134/><V103/><F77/><W123/><G123/><T95/><D95/><U59/><E104/><V53/><F93/><W68/><G105/><T62/><D62/><U127/><E66/><V19/><F113/><W94/><G68/><T47/><D47/><N who="3" m="17961" /><G30/><T28/><D28/><U25/><E70/><V54/><REACH who="2" step="1"/><F6/><REACH who="2" ten="240,330,160,250" step="2"/><W50/><G94/><T111/><D111/><U23/><E116/><V52/><F52/><W114/><G114/><T0/><D0/><U85/><E126/><V8/><F8/><W56/><G124/><T74/><AGARI ba="0,2" hai="5,9,13,27,31,33,41,42,74,78,80,86,90,92" machi="74" ten="20,2700,0" yaku="1,1,0,1,7,1,53,0" doraHai="15" doraHaiUra="69" who="0" fromWho="0" sc="240,47,330,-13,160,-7,250,-7" /><INIT seed="2,0,0,0,5,87" ten="287,317,153,243" oya="2" hai0="101,98,17,83,106,62,24,119,7,39,108,58,77" hai1="46,29,40,132,26,73,135,13,44,63,79,67,126" hai2="96,84,47,45,36,114,54,105,10,134,99,11,113" hai3="28,34,56,128,0,109,91,130,27,60,6,59,95"/><V116/><F116/><W127/><G109/><T86/><D39/><U52/><E126/><V9/><F134/><W5/><G127/><T93/><D108/><U21/><E13/><V102/><F99/><W117/><G117/><T30/><D119/><U22/><E22/><V85/><F54/><W19/><G19/><T31/><D7/><U82/><E52/><V48/><F47/><W122/><G56/><T78/><D78/><U49/><REACH who="1" step="1"/><E46/><REACH who="1" ten="287,307,153,243" step="2"/><V121/><F121/><W14/><G14/><T55/><D106/><U104/><E104/><V43/><REACH who="2" step="1"/><F48/><REACH who="2" ten="287,307,143,243" step="2"/><W23/><G122/><T66/><D55/><U4/><E4/><V124/><F124/><W88/><G5/><T129/><D129/><U112/><E112/><AGARI ba="0,2" hai="9,10,11,36,43,45,84,85,96,102,105,112,113,114" machi="112" ten="40,3900,0" yaku="1,1,53,1" doraHai="87" doraHaiUra="92" who="2" fromWho="1" sc="287,0,307,-39,143,59,243,0" /><INIT seed="2,1,0,4,1,120" ten="287,268,202,243" oya="2" hai0="83,78,44,36,127,25,128,107,70,86,55,112,23" hai1="63,46,123,30,113,52,66,121,129,33,103,51,110" hai2="97,131,58,81,22,115,32,80,5,20,99,106,62" hai3="96,114,59,117,89,91,93,60,126,31,95,16,11"/><V125/><F32/><W1/><G117/><T21/><D112/><U43/><E113/><V67/><F115/><W133/><G114/><T35/><D70/><U41/><E103/><V47/><F125/><W15/><G126/><T134/><D127/><U68/><E129/><V79/><F131/><W84/><G133/><T50/><D107/><U48/><E30/><V61/><F5/><W76/><G1/><T124/><D124/><U24/><E24/><V37/><F106/><W18/><G31/><T102/><D128/><U116/><E33/><V74/><F81/><W108/><G108/><T0/><D0/><U72/><E72/><V130/><F130/><W3/><G3/><T45/><D134/><U118/><E110/><V7/><F7/><W10/><G76/><T88/><D102/><U64/><E66/><V54/><F37/><W82/><G82/><T27/><D35/><U94/><E94/><V26/><F22/><N who="0" m="8202" /><D36/><U101/><E101/><V29/><REACH who="2" step="1"/><F47/><REACH who="2" ten="287,268,192,243" step="2"/><N who="0" m="17994" /><D78/><U42/><E51/><V71/><AGARI ba="1,1" hai="20,26,29,54,58,61,62,67,71,74,79,80,97,99" machi="71" ten="20,3900,0" yaku="1,1,0,1,7,1,53,0" doraHai="120" doraHaiUra="132" who="2" fromWho="2" sc="287,-14,268,-14,192,52,243,-14" /><INIT seed="2,2,0,1,3,12" ten="273,254,244,229" oya="2" hai0="57,23,1,45,133,105,0,134,2,83,113,106,123" hai1="24,61,17,68,66,69,26,111,44,110,22,43,62" hai2="28,40,84,7,37,34,49,90,89,114,81,19,67" hai3="63,91,118,50,9,54,8,16,85,48,6,128,101"/><V51/><F114/><W104/><G118/><T76/><D113/><U73/><E73/><V97/><F7/><W129/><G101/><T39/><D123/><U14/><E62/><V80/><F67/><W92/><G104/><T78/><D57/><U99/><E69/><V55/><F34/><W36/><G36/><T71/><D71/><U47/><E99/><V29/><F37/><W13/><G63/><T10/><D23/><U94/><E94/><V116/><F116/><W98/><G98/><T103/><D103/><U127/><E127/><V121/><F121/><W25/><G25/><T52/><D10/><U87/><E87/><V95/><F81/><W79/><G79/><T3/><D3/><U88/><E88/><V96/><F96/><W33/><G33/><T125/><D125/><U35/><E47/><N who="2" m="25831" /><F19/><W115/><G115/><T109/><D109/><N who="1" m="41483" /><E35/><V93/><F95/><W100/><G100/><T11/><D76/><U58/><E68/><V117/><F117/><W53/><G53/><T30/><D83/><U65/><E66/><V21/><F21/><W72/><G72/><T64/><D64/><U20/><E22/><V42/><F42/><W86/><G86/><T102/><D78/><U135/><E135/><N who="0" m="51721" /><D39/><AGARI ba="2,0" hai="14,17,20,24,26,39,43,44,58,61,65" m="41483" machi="39" ten="30,2000,0" yaku="14,1,52,1" doraHai="12" who="1" fromWho="0" sc="273,-26,254,26,244,0,229,0" /><INIT seed="3,0,0,4,2,55" ten="247,280,244,229" oya="3" hai0="3,60,31,47,36,33,37,135,77,125,84,63,2" hai1="68,44,114,54,5,93,11,115,95,100,123,82,110" hai2="1,104,128,112,17,21,41,122,46,39,121,43,23" hai3="50,71,90,120,70,65,126,32,51,66,80,8,34"/><W76/><G120/><T101/><D101/><U30/><E123/><V64/><F112/><W35/><G126/><T52/><D125/><U40/><E68/><V129/><F104/><W45/><G90/><T27/><D135/><U124/><E124/><V28/><F1/><W92/><G92/><T108/><D108/><U29/><E110/><V97/><F28/><W4/><G70/><T57/><D60/><U14/><E54/><V15/><F41/><W105/><G105/><T7/><D47/><U107/><E107/><V118/><F118/><W59/><G71/><T72/><D72/><U42/><E42/><V87/><F97/><W26/><G26/><T69/><D69/><U58/><E82/><V12/><F87/><W116/><G116/><T111/><D111/><U22/><E30/><V53/><F64/><W130/><G130/><N who="2" m="50281" /><F53/><W24/><G24/><T49/><D2/><U134/><E134/><V81/><F81/><W6/><G45/><T38/><D3/><U86/><E95/><V133/><F133/><W94/><G94/><T132/><D132/><U75/><E75/><V48/><F39/><W98/><G98/><T96/><D96/><N who="1" m="59407" /><E86/><V106/><F106/><W73/><G6/><T119/><D7/><U10/><E5/><V16/><AGARI ba="0,0" hai="12,15,16,17,21,23,43,46,48,121,122" m="50281" machi="16" ten="30,2000,0" yaku="19,1,54,1" doraHai="55" who="2" fromWho="2" sc="247,-5,280,-5,244,20,229,-10" /><INIT seed="4,0,0,2,3,17" ten="242,275,264,219" oya="0" hai0="102,46,101,134,28,69,50,20,6,31,107,58,3" hai1="1,113,4,56,24,65,78,41,87,82,94,45,73" hai2="27,99,125,59,48,119,105,129,37,76,11,60,85" hai3="63,116,13,35,55,5,127,30,124,100,57,111,47"/><T62/><D69/><U72/><E113/><V122/><F37/><W98/><G116/><T10/><D134/><U117/><E117/><V75/><F119/><W91/><G111/><T89/><D107/><U81/><E94/><V25/><F122/><W7/><G91/><T114/><D114/><U8/><E24/><V42/><F75/><W133/><G133/><T123/><D123/><U130/><E130/><V29/><F125/><W15/><G35/><T22/><D89/><U96/><E96/><V71/><F71/><W104/><G30/><T109/><D109/><U88/><E72/><V18/><F105/><W121/><G121/><T34/><D28/><U2/><E56/><V21/><F99/><W33/><G33/><T12/><D34/><U14/><E65/><V110/><F129/><W112/><G112/><T0/><D0/><U80/><E82/><V126/><F126/><N who="3" m="48171" /><G47/><T19/><D31/><U132/><E132/><V74/><F74/><W83/><G83/><T9/><D102/><U92/><E81/><V32/><F110/><W103/><G103/><T36/><D101/><U86/><E73/><V39/><F85/><W108/><G108/><T106/><D106/><U68/><E68/><V79/><F32/><W43/><G43/><N who="0" m="24927" /><D36/><AGARI ba="0,0" hai="1,2,4,8,14,36,41,45,78,80,86,87,88,92" machi="36" ten="30,2000,0" yaku="7,1,54,1" doraHai="17" who="1" fromWho="0" sc="242,-20,275,20,264,0,219,0" /><INIT seed="5,0,0,5,1,44" ten="222,295,264,219" oya="1" hai0="71,43,79,62,83,124,4,13,48,27,103,109,2" hai1="5,11,28,41,57,121,129,130,58,123,3,55,60" hai2="117,94,33,66,99,95,6,32,20,77,54,131,25" hai3="50,128,21,127,69,61,12,86,125,65,22,16,122"/><U51/><E28/><V1/><F117/><W38/><G38/><T111/><D2/><U74/><E74/><V19/><F131/><N who="1" m="50185" /><E41/><V36/><F36/><W15/><G128/><T81/><D103/><U126/><E126/><N who="3" m="48138" /><G122/><T82/><D124/><U45/><E45/><V24/><F77/><W75/><G75/><T100/><D100/><U107/><E107/><V10/><F66/><AGARI ba="0,0" hai="3,5,11,51,55,57,58,60,66,121,123" m="50185" machi="66" ten="30,2900,0" yaku="19,1,52,1" doraHai="44" who="1" fromWho="2" sc="222,0,295,29,264,-29,219,0" owari="222,-17.8,324,42.4,235,3.5,219,-28.1" /></mjloggm>