<mjloggm ver="2.3"><GO type="225" lobby="0"/><UN n0="%E6%98%93%E5%88%A9%E8%96%A9%E4%BC%AF" n1="%72%69%6F%75%63%68%61%6E" n2="%E3%81%A1%E3%82%85%E3%81%86%E3%81%A9%E3%81%8F%E8%B1%A1%E3%81%95%E3%82%93" n3="%E2%91%A3%E9%81%BF%E9%81%8A%E6%88%AF%E3%80%90%E6%9D%B1%E5%8D%97%E3%80%91" dan="16,17,16,16" rate="2138.89,2266.52,2115.93,2113.91" sx="F,M,M,M"/><TAIKYOKU oya="0"/><INIT seed="0,0,0,2,1,26" ten="250,250,250,250" oya="0" hai0="13,106,62,15,36,73,100,107,97,10,131,75,133" hai1="50,104,52,17,69,113,24,38,54,120,14,130,129" hai2="33,80,134,18,132,45,95,67,101,55,51,16,12" hai3="41,21,61,126,2,37,105,1,116,27,40,94,112"/><T64/><D131/><N who="1" m="50187" /><E120/><V72/><F67/><W99/><G116/><T89/><D133/><N who="2" m="51306" /><F33/><W83/><G105/><T85/><D36/><U5/><E38/><V111/><F111/><W118/><G118/><T43/><D43/><U96/><E69/><V4/><F4/><W65/><G112/><T53/><D107/><U74/><E74/><V115/><F115/><W124/><G83/><T49/><D15/><U32/><E113/><V57/><F57/><N who="3" m="37039" /><G2/><T9/><D9/><N who="1" m="4399" /><E50/><V34/><F34/><W39/><G1/><T91/><D91/><U31/><E17/><V76/><F12/><W59/><G59/><T23/><D23/><U70/><E70/><V123/><F123/><W88/><G39/><T108/><D108/><U109/><E109/><V0/><F0/><W122/><G122/><T35/><D35/><U77/><E77/><V71/><F71/><W66/><G66/><T87/><D62/><U30/><E30/><V47/><F45/><W11/><G11/><T135/><D64/><U121/><E121/><V78/><F78/><W125/><G37/><T93/><D135/><U98/><E98/><AGARI ba="0,0" hai="16,18,47,51,55,72,76,80,95,98,101" m="51306" machi="98" ten="30,2000,0" yaku="20,1,54,1" doraHai="26" who="2" fromWho="1" sc="250,0,250,-20,250,20,250,0" /><INIT seed="1,0,0,2,3,29" ten="250,230,270,250" oya="1" hai0="105,127,103,24,131,6,61,14,90,109,50,2,67" hai1="62,99,124,33,107,31,8,112,80,106,36,28,118" hai2="10,21,84,116,16,0,78,91,7,47,121,104,113" hai3="83,85,49,126,75,130,120,38,129,59,97,15,132"/><U17/><E112/><V11/><F116/><W81/><G38/><T79/><D109/><U89/><E118/><V94/><F121/><W27/><G120/><T125/><D79/><U58/><E124/><V32/><F104/><W60/><G126/><N who="0" m="48139" /><D2/><U44/><E36/><V22/><F113/><W95/><G75/><T117/><D117/><U66/><E44/><V55/><F78/><W119/><G119/><T54/><D90/><U12/><E33/><V9/><F32/><W39/><G39/><T30/><D131/><N who="3" m="50185" /><G49/><T57/><D103/><U68/><E68/><V92/><F92/><W23/><G15/><T111/><D105/><U115/><E115/><V134/><F134/><W122/><G85/><T96/><D96/><U64/><E64/><V114/><F114/><W100/><G132/><T48/><D67/><U133/><E133/><V87/><F87/><W98/><G98/><T41/><D41/><U128/><E128/><V40/><F55/><N who="3" m="33919" /><G122/><T13/><D111/><U76/><E107/><V45/><F22/><W135/><G135/><T65/><D65/><U3/><E3/><V74/><F74/><W26/><G26/><T34/><D13/><U110/><E110/><V101/><F101/><W88/><G100/><T37/><D37/><U35/><E35/><V77/><F77/><W18/><AGARI ba="0,0" hai="18,23,27,81,83,88,95,97" m="33919,50185" machi="18" ten="30,4000,0" yaku="25,1,19,1,54,1" doraHai="29" who="3" fromWho="3" sc="250,-10,230,-20,270,-10,250,40" /><INIT seed="2,0,0,0,3,43" ten="240,210,260,290" oya="2" hai0="63,58,18,1,31,66,12,48,89,135,11,41,126" hai1="119,94,98,93,13,0,2,54,108,85,121,122,59" hai2="51,45,67,120,42,79,134,28,29,75,82,71,39" hai3="86,33,69,74,15,78,76,110,20,21,87,77,61"/><V22/><F134/><W80/><G33/><T55/><D135/><U106/><E119/><V64/><F120/><N who="1" m="46185" /><E108/><V72/><F75/><W100/><G110/><T107/><D126/><U35/><E35/><V37/><F67/><W9/><G100/><T26/><D107/><U14/><E106/><V116/><F116/><W23/><G74/><T129/><D129/><U68/><E68/><V101/><F101/><W16/><G69/><T123/><D123/><U4/><E85/><N who="3" m="32266" /><G80/><T56/><D1/><N who="1" m="619" /><E4/><V91/><F91/><W34/><G34/><T49/><D89/><N who="1" m="55599" /><E94/><V62/><REACH who="2" step="1"/><F22/><REACH who="2" ten="240,210,250,290" step="2"/><W3/><G3/><T88/><D88/><U112/><E112/><V118/><F118/><W30/><G30/><AGARI ba="0,1" hai="28,29,30,37,39,42,45,51,62,64,71,72,79,82" machi="30" ten="40,3900,0" yaku="1,1,52,1,53,0" doraHai="43" doraHaiUra="53" who="2" fromWho="3" sc="240,0,210,0,250,49,290,-39" /><INIT seed="2,1,0,2,4,48" ten="240,210,299,251" oya="2" hai0="25,129,96,105,18,8,66,94,95,91,58,56,37" hai1="108,98,0,82,54,126,23,86,53,124,4,26,61" hai2="89,114,52,122,107,44,7,77,92,47,16,104,65" hai3="76,35,101,17,106,30,9,46,97,88,21,28,83"/><V78/><F114/><W2/><G46/><N who="2" m="17449" /><F122/><W68/><G68/><T13/><D37/><U14/><E108/><V29/><F107/><W75/><G35/><T45/><D105/><U50/><E0/><V10/><F104/><W79/><G79/><N who="2" m="30217" /><F65/><W127/><G127/><N who="1" m="48682" /><E50/><V41/><F41/><W19/><G17/><T33/><D129/><U15/><E98/><N who="2" m="57615" /><F29/><W74/><G75/><T112/><D112/><U115/><E115/><V133/><F133/><W118/><G118/><T131/><D131/><U93/><E93/><V110/><F110/><W11/><G2/><T121/><D121/><U71/><E71/><V63/><F7/><W31/><REACH who="3" step="1"/><G88/><REACH who="3" ten="240,210,299,241" step="2"/><T36/><D91/><N who="1" m="51671" /><E4/><V12/><F63/><W128/><G128/><T80/><D45/><U6/><E61/><V24/><F24/><AGARI ba="1,1" hai="9,11,19,21,24,28,30,31,74,76,83,97,101,106" machi="24" ten="40,1300,0" yaku="1,1,53,0" doraHai="48" doraHaiUra="69" who="3" fromWho="2" sc="240,0,210,0,299,-16,241,26" /><INIT seed="3,0,0,2,0,134" ten="240,210,283,267" oya="3" hai0="78,11,95,54,120,119,28,3,25,82,62,65,38" hai1="105,126,115,121,27,24,58,74,51,108,112,64,133" hai2="18,93,37,69,34,60,79,49,117,128,104,35,30" hai3="87,42,52,101,39,97,116,7,125,53,36,114,70"/><W20/><G116/><T56/><D119/><U127/><E121/><V4/><F117/><W76/><G114/><N who="1" m="43562" /><E74/><V73/><F37/><W110/><G70/><T124/><D38/><U45/><E105/><V89/><F104/><W48/><G39/><T90/><D120/><U1/><E1/><V113/><F113/><W122/><G36/><T123/><D123/><U59/><E24/><V43/><F4/><W99/><G7/><T131/><D131/><U135/><E27/><V8/><F79/><W129/><G129/><T16/><D124/><N who="1" m="47659" /><E108/><V86/><F73/><W130/><G110/><T47/><D3/><U80/><E80/><V10/><F30/><W12/><G122/><T68/><D68/><U83/><E83/><V109/><F69/><W75/><G75/><T118/><D118/><U44/><E44/><V107/><F107/><W72/><G72/><T9/><D78/><U33/><E33/><V15/><F109/><W91/><G76/><T106/><D82/><U100/><E100/><V94/><F128/><W81/><G101/><T32/><D106/><U19/><E19/><V71/><F34/><W102/><G102/><T50/><D16/><U29/><E29/><V5/><F35/><W66/><G130/><T17/><D17/><U63/><E58/><V13/><F93/><W96/><G125/><T55/><D55/><AGARI ba="0,0" hai="45,51,55,59,63,64,133,135" m="47659,43562" machi="55" ten="30,12000,2" yaku="18,1,34,2,52,3" doraHai="134" who="1" fromWho="0" sc="240,-120,210,120,283,0,267,0" owari="120,-38.0,330,43.0,283,8.3,267,-13.3" /></mjloggm>