<mjloggm ver="2.3"><GO type="225" lobby="0"/><UN n0="%E6%B4%BE%E9%81%A3%E3%81%AE%E3%82%B8%E3%83%A3%E3%83%83%E3%82%AF" n1="%E5%8D%A0%E3%81%84%E5%B8%AB%E8%A3%8F%E3%81%AA%E3%81%84%E3%81%97" n2="%E5%B8%86%E7%AB%8B%E5%A4%8F%E8%A1%A3" n3="%E3%81%BF%E3%81%BF%E3%81%9A" dan="17,17,16,18" rate="2248.84,2210.90,2148.28,2258.07" sx="M,M,M,M"/><TAIKYOKU oya="0"/><INIT seed="0,0,0,3,2,32" ten="250,250,250,250" oya="0" hai0="59,118,102,38,105,57,116,55,30,37,3,39,133" hai1="115,122,23,26,127,119,78,50,10,16,82,29,93" hai2="121,20,94,110,98,96,135,1,111,8,129,34,27" hai3="68,131,54,109,6,104,132,123,73,56,86,125,52"/><T84/><D30/><U35/><E119/><V49/><F121/><W101/><G73/><T69/><D69/><U64/><E122/><V17/><F135/><W53/><G123/><T4/><D133/><U92/><E127/><V103/><F129/><W100/><G68/><T45/><D45/><U63/><E50/><V95/><F34/><W21/><G132/><T74/><D74/><U9/><E115/><V18/><F49/><W108/><G131/><T71/><D71/><U36/><E36/><V19/><F8/><W66/><G125/><T76/><D102/><N who="3" m="39529" /><G104/><T42/><D42/><U120/><E120/><V77/><F77/><W5/><G86/><T87/><D105/><U81/><E81/><V65/><F65/><W91/><G91/><T58/><D55/><N who="3" m="21065" /><G66/><T75/><D75/><U40/><E40/><V31/><F95/><N who="1" m="36425" /><E29/><V107/><F96/><W60/><G21/><T0/><D4/><U67/><E35/><V114/><F107/><W61/><G61/><T106/><D106/><U46/><E67/><V124/><F124/><W12/><G12/><T113/><D113/><U2/><E46/><V88/><F103/><W15/><G15/><T90/><D76/><U130/><E130/><V33/><F114/><W51/><G60/><T117/><D90/><U79/><E79/><V28/><F33/><W14/><G14/><T11/><D11/><U24/><E24/><V97/><F97/><W48/><G51/><T89/><D89/><U112/><E112/><V85/><F98/><W41/><G41/><T25/><D25/><U134/><E134/><V47/><F27/><RYUUKYOKU ba="0,0" sc="250,15,250,-15,250,-15,250,15" hai0="0,3,37,38,39,57,58,59,84,87,116,117,118" hai3="5,6,48,54,56,108,109" /><INIT seed="0,1,0,4,0,102" ten="265,235,235,265" oya="0" hai0="36,70,12,21,22,7,10,122,77,56,74,44,95" hai1="103,18,11,109,32,68,48,133,29,106,62,2,55" hai2="117,66,96,98,111,112,42,33,60,3,105,15,126" hai3="51,19,90,26,37,52,108,8,92,13,59,110,6"/><T20/><D122/><U116/><E116/><V65/><F112/><W125/><G37/><T46/><D70/><U45/><E109/><N who="3" m="42090" /><G125/><T88/><D74/><U93/><E133/><V61/><F3/><W100/><G100/><T47/><D77/><U0/><E93/><V85/><F111/><W17/><G26/><T84/><REACH who="0" step="1"/><D56/><REACH who="0" ten="255,235,235,265" step="2"/><U78/><E78/><V132/><F117/><W35/><G35/><T9/><D9/><U87/><E11/><V123/><F123/><W64/><G64/><T81/><D81/><U24/><E68/><V101/><F66/><W4/><G4/><T94/><D94/><U115/><E32/><V113/><F65/><W86/><AGARI ba="1,1" hai="6,8,13,17,19,51,52,59,86,90,92" m="42090" machi="86" ten="30,2000,0" yaku="14,1,54,1" doraHai="102" who="3" fromWho="3" sc="255,-11,235,-6,235,-6,265,33" /><INIT seed="1,0,0,4,0,25" ten="244,229,229,298" oya="1" hai0="11,37,53,93,3,78,115,65,107,36,62,117,44" hai1="0,19,112,114,51,24,69,74,60,5,40,4,49" hai2="12,10,15,75,20,48,96,135,87,6,28,106,132" hai3="100,110,125,50,97,118,77,86,120,9,22,119,123"/><U13/><E74/><V70/><F75/><W58/><G125/><T27/><D107/><U76/><E0/><V42/><F70/><W1/><G110/><T29/><D115/><U111/><E111/><V26/><F15/><W92/><G22/><T129/><D78/><U32/><E76/><V17/><F6/><N who="3" m="1231" /><G50/><T30/><D117/><N who="3" m="44553" /><G58/><T79/><D79/><U41/><E69/><V88/><F48/><W18/><G18/><T121/><D129/><U85/><E60/><V122/><F42/><W82/><AGARI ba="0,0" hai="77,82,86,92,97,100,120,123" m="44553,1231" machi="82" ten="30,1100,0" yaku="12,1" doraHai="25" who="3" fromWho="3" sc="244,-3,229,-5,229,-3,298,11" /><INIT seed="2,0,0,4,3,123" ten="241,224,226,309" oya="2" hai0="41,35,80,111,134,93,96,132,26,112,91,88,62" hai1="121,54,129,85,63,69,31,110,102,50,34,83,29" hai2="99,60,135,33,18,133,32,103,128,22,16,45,90" hai3="106,13,72,126,79,104,74,6,84,119,56,113,36"/><V12/><F128/><W70/><G70/><T61/><D112/><U9/><E121/><V105/><F90/><W53/><G36/><T89/><D41/><U0/><E129/><V39/><F60/><N who="0" m="23146" /><D80/><U30/><E102/><V67/><F67/><W122/><G84/><T2/><D2/><U100/><E100/><V44/><F18/><W42/><G119/><T25/><D111/><U19/><E110/><V55/><F55/><W107/><G126/><T14/><D14/><N who="1" m="7631" /><E0/><V120/><F120/><W8/><G42/><T78/><D78/><U11/><E11/><V10/><F10/><W75/><G122/><T124/><D124/><U7/><E7/><V86/><F86/><W73/><G113/><T23/><D35/><N who="2" m="13386" /><F39/><W20/><G20/><T4/><D4/><U21/><E34/><V109/><F109/><W3/><G3/><T66/><D66/><U127/><E127/><V47/><F105/><W64/><G64/><T48/><D48/><U27/><E63/><V59/><F59/><W52/><REACH who="3" step="1"/><G56/><REACH who="3" ten="241,224,226,299" step="2"/><T116/><D116/><U76/><E69/><V24/><F47/><AGARI ba="0,1" hai="21,27,29,30,31,47,50,54,76,83,85" m="7631" machi="47" ten="30,1000,0" yaku="8,1" doraHai="123" who="1" fromWho="2" sc="241,0,224,20,226,-10,299,0" /><INIT seed="3,0,0,2,1,48" ten="241,244,216,299" oya="3" hai0="134,99,37,72,18,110,64,82,108,104,52,3,87" hai1="113,135,96,117,125,46,4,50,112,38,102,26,56" hai2="100,76,42,11,78,105,1,9,77,40,35,43,92" hai3="54,51,74,127,25,122,71,20,59,107,70,31,126"/><W55/><G122/><T94/><D37/><U68/><E68/><V133/><F1/><W131/><G131/><T84/><D3/><U89/><E135/><V32/><F105/><W62/><G74/><T36/><D36/><U2/><E125/><N who="3" m="47626" /><G107/><T97/><D64/><U132/><E132/><V7/><F133/><W124/><G124/><T80/><D18/><U106/><E38/><V45/><F45/><AGARI ba="0,0" hai="20,25,31,45,51,54,55,59,62,70,71" m="47626" machi="45" ten="30,5800,0" yaku="18,1,52,2" doraHai="48" who="3" fromWho="2" sc="241,0,244,0,216,-58,299,58" owari="241,-15.9,244,4.4,158,-34.2,357,45.7" /></mjloggm>