<mjloggm ver="2.3"><GO type="225" lobby="0"/><UN n0="%E3%81%A1%E3%81%AA%E3%81%A4" n1="%E3%81%B5%E3%81%98%E3%81%8B%E3%81%A4" n2="%E5%A4%9C%E5%85%89%E5%A4%A9%E6%A5%BC" n3="%E6%9D%B1%E9%A2%A8%E3%81%AE%E3%81%8D%E3%82%83%E3%81%B7%E3%81%95%E3%82%93" dan="16,17,16,17" rate="2101.77,2209.81,2113.02,2189.12" sx="M,M,F,M"/><TAIKYOKU oya="0"/><INIT seed="0,0,0,4,1,133" ten="250,250,250,250" oya="0" hai0="20,32,118,57,109,104,26,83,102,122,84,95,3" hai1="21,22,54,43,46,125,36,5,31,29,80,56,47" hai2="38,66,12,105,69,33,10,11,134,124,101,4,35" hai3="99,65,79,131,6,50,49,44,24,59,96,135,45"/><T94/><D118/><U89/><E125/><V121/><F121/><W78/><G135/><T61/><D122/><U129/><E129/><V1/><F134/><W72/><G131/><T18/><D3/><U30/><E5/><V73/><F12/><W62/><G6/><T120/><D120/><U116/><E116/><V75/><F124/><W82/><G24/><T67/><D32/><N who="2" m="12362" /><F11/><W28/><G28/><T41/><D109/><U123/><E123/><V98/><F38/><W119/><G119/><T37/><D104/><U34/><E34/><V74/><F66/><W103/><G79/><T132/><D132/><U92/><E80/><V90/><F90/><W55/><REACH who="3" step="1"/><G103/><REACH who="3" ten="250,250,250,240" step="2"/><T68/><D102/><U58/><E31/><V42/><F101/><W52/><AGARI ba="0,1" hai="44,45,49,50,52,55,59,62,65,72,78,82,96,99" machi="52" ten="20,12000,2" yaku="1,1,2,1,0,1,7,1,9,1,54,1,53,0" doraHai="133" doraHaiUra="7" who="3" fromWho="3" sc="250,-60,250,-30,250,-30,240,130" /><INIT seed="1,0,0,0,0,64" ten="190,220,220,370" oya="1" hai0="57,20,91,114,82,68,37,84,96,108,27,128,47" hai1="127,52,2,77,118,50,67,42,60,65,129,5,87" hai2="86,72,38,21,93,22,8,18,53,26,14,109,23" hai3="35,78,122,31,100,6,125,73,3,119,110,13,95"/><U94/><E118/><V66/><F72/><W41/><G122/><T28/><D114/><U43/><E127/><V121/><F109/><W80/><G125/><T131/><D108/><U58/><E129/><N who="0" m="49737" /><D57/><U132/><E132/><V36/><F121/><W1/><G41/><N who="1" m="15370" /><E2/><V120/><F120/><W63/><G63/><T116/><D116/><U76/><E5/><V99/><F66/><N who="1" m="25097" /><E60/><V24/><F53/><W101/><G110/><T71/><D96/><U40/><N who="1" m="15378" /><AGARI ba="0,0" hai="20,27,28,37,40,47,68,71,82,84,91" m="49737" machi="40" ten="30,7700,0" yaku="3,1,19,1,52,2" doraHai="64" who="0" fromWho="1" sc="190,77,220,-77,220,0,370,0" /><INIT seed="2,0,0,5,1,117" ten="267,143,220,370" oya="2" hai0="84,52,38,94,72,20,130,92,104,0,15,129,128" hai1="62,87,114,60,119,40,86,75,110,3,10,124,98" hai2="5,4,33,133,74,56,63,126,30,55,121,53,113" hai3="59,39,107,120,2,57,77,16,49,9,90,34,44"/><V37/><F113/><W22/><G120/><T103/><D72/><U89/><E114/><V132/><F74/><W81/><G107/><T135/><D0/><U66/><E119/><V93/><F37/><W14/><G34/><T116/><D38/><U27/><E75/><V58/><F126/><W36/><G90/><T78/><D116/><U54/><E124/><V19/><F30/><W125/><G125/><T111/><D111/><U69/><E40/><V131/><F33/><W96/><G96/><T73/><D73/><U24/><E110/><V127/><F127/><W108/><G108/><T101/><D135/><N who="2" m="51786" /><F131/><W42/><G36/><T31/><D104/><U97/><E3/><V70/><F70/><W65/><G65/><T46/><D78/><U79/><E79/><V83/><F83/><W100/><G100/><N who="0" m="38475" /><D84/><U51/><E62/><N who="2" m="36111" /><F93/><N who="0" m="35946" /><D31/><U99/><E10/><V50/><F121/><W7/><G39/><T67/><D67/><U109/><E109/><V123/><F123/><W80/><G80/><T26/><D15/><U28/><E89/><V122/><F122/><W41/><G41/><T21/><D26/><U91/><E91/><V43/><F19/><W88/><G77/><T25/><D25/><U102/><E102/><V1/><F1/><W45/><G45/><AGARI ba="0,0" hai="4,5,43,45,50,55,58,63" m="36111,51786" machi="45" ten="30,1500,0" yaku="20,1" doraHai="117" who="2" fromWho="3" sc="267,0,143,0,220,15,370,-15" /><INIT seed="2,1,0,0,3,5" ten="267,143,235,355" oya="2" hai0="69,120,63,80,48,121,21,2,43,107,45,82,118" hai1="95,13,42,114,99,119,19,8,3,113,127,74,129" hai2="85,29,93,106,110,133,11,64,135,56,15,16,105" hai3="28,6,115,52,112,83,44,65,39,75,78,108,36"/><V123/><F123/><W37/><G108/><T59/><D107/><U98/><E119/><V46/><F29/><W134/><G134/><N who="2" m="51209" /><F110/><W23/><G6/><T18/><D118/><U122/><E122/><V124/><F124/><W125/><G125/><T10/><D69/><U96/><E127/><V89/><F46/><W41/><G65/><T53/><D121/><U58/><E129/><V32/><F32/><W86/><G23/><T54/><D120/><U38/><E74/><V4/><F64/><W72/><G28/><T47/><D2/><U35/><E35/><V101/><F56/><W132/><G132/><T30/><D30/><U70/><E70/><V12/><F101/><W68/><G68/><T109/><D109/><U79/><E79/><V62/><F62/><W17/><G17/><T77/><D77/><U31/><E31/><V116/><F116/><W33/><G33/><T128/><D128/><U90/><E58/><V104/><F104/><W91/><G41/><T26/><REACH who="0" step="1"/><D10/><AGARI ba="1,0" hai="4,10,11,12,15,16,85,89,93,105,106" m="51209" machi="10" ten="30,11600,0" yaku="20,1,52,2,54,1" doraHai="5" who="2" fromWho="0" sc="267,-119,143,0,235,119,355,0" /><INIT seed="2,2,0,5,3,108" ten="148,143,354,355" oya="2" hai0="43,14,71,121,135,17,70,96,128,97,55,38,122" hai1="7,78,61,117,51,69,9,130,93,107,75,6,133" hai2="16,88,50,3,72,32,102,123,125,76,28,49,37" hai3="64,134,0,86,54,34,95,24,127,120,26,65,87"/><V63/><F123/><W109/><G0/><T18/><D135/><U20/><E107/><V68/><F37/><W36/><G36/><T1/><D1/><U119/><E117/><V59/><F68/><W58/><G134/><T66/><D128/><U79/><E133/><V82/><F3/><W15/><G120/><T81/><D122/><U85/><E130/><V41/><F125/><W25/><G34/><T8/><D121/><U62/><E119/><V19/><F102/><W47/><G47/><T101/><D55/><U99/><E75/><V31/><F32/><W22/><G109/><T132/><D132/><U57/><E69/><V111/><F76/><N who="1" m="29225" /><E20/><V27/><F72/><W13/><G127/><T40/><D81/><U110/><E85/><N who="3" m="32266" /><G95/><T56/><D56/><U44/><E110/><V67/><F111/><W30/><G30/><N who="2" m="11305" /><F41/><W104/><G104/><T114/><D114/><U10/><E10/><V11/><F11/><W98/><G98/><T42/><D38/><U45/><E45/><V118/><F118/><W126/><G126/><T46/><D46/><U116/><E116/><V129/><F129/><W53/><G22/><T105/><D97/><U52/><E9/><V21/><F19/><W74/><G74/><T100/><D100/><N who="1" m="60527" /><E62/><V115/><F115/><W131/><G131/><T90/><D90/><U5/><E5/><V80/><F88/><W60/><G54/><AGARI ba="2,0" hai="6,7,44,51,52,54,57,61" m="60527,29225" machi="54" ten="30,2000,0" yaku="8,1,54,1" doraHai="108" who="1" fromWho="3" sc="148,0,143,26,354,0,355,-26" /><INIT seed="3,0,0,2,1,38" ten="148,169,354,329" oya="3" hai0="88,12,87,28,118,119,1,71,48,81,84,22,135" hai1="76,13,90,37,43,29,32,78,113,49,125,26,93" hai2="41,11,45,2,59,65,25,114,9,40,80,21,97" hai3="30,60,82,122,100,128,89,105,111,94,68,99,19"/><W8/><G122/><T123/><D1/><U129/><E113/><V42/><F114/><W86/><G128/><T96/><D123/><U115/><E125/><V85/><F2/><W55/><G111/><T70/><D135/><U112/><E129/><V17/><F97/><W6/><G30/><T14/><D96/><U54/><E76/><N who="2" m="46215" /><F45/><W106/><G19/><T130/><D130/><U5/><E5/><V27/><F27/><W69/><G69/><T73/><D73/><U107/><E13/><V7/><F7/><W63/><G60/><AGARI ba="0,0" hai="9,11,17,21,25,40,41,42,59,60,65" m="46215" machi="60" ten="30,7700,0" yaku="8,1,52,3" doraHai="38" who="2" fromWho="3" sc="148,0,169,0,354,77,329,-77" owari="148,-35.2,169,-23.1,431,53.1,252,5.2" /></mjloggm>