<mjloggm ver="2.3"><GO type="225" lobby="0"/><UN n0="%E6%80%AA%E3%81%97%E3%81%99%E3%81%8E%E3%82%8B%E3%83%81%E3%83%BC" n1="%E7%89%B9%E6%9D%B1%E3%81%AF%E4%B8%96%E7%95%8C%E3%82%92%E6%95%91%E3%81%86" n2="%E5%AE%AE%E4%BF%9D%E9%B6%8F%E8%82%89" n3="%43%68%65" dan="16,16,16,16" rate="2139.06,2174.85,2138.52,2150.88" sx="M,M,M,M"/><TAIKYOKU oya="0"/><INIT seed="0,0,0,5,5,128" ten="250,250,250,250" oya="0" hai0="42,82,62,14,131,70,133,79,126,120,18,125,36" hai1="87,56,39,40,103,66,15,41,6,50,34,10,65" hai2="38,60,121,24,44,89,12,114,109,7,101,61,84" hai3="21,0,90,27,35,69,4,22,52,93,67,99,23"/><T113/><D113/><U117/><E117/><V3/><F114/><W115/><G115/><T43/><D120/><U48/><E34/><V59/><F3/><W81/><G35/><T64/><D131/><U32/><E32/><V96/><F121/><W92/><G81/><T74/><D133/><U1/><E39/><V55/><F109/><W80/><G80/><T19/><D19/><U11/><E103/><V83/><F24/><W72/><G72/><T20/><REACH who="0" step="1"/><D36/><REACH who="0" ten="240,250,250,250" step="2"/><U17/><E17/><V73/><F38/><W111/><G111/><T57/><D57/><U8/><E56/><V132/><F132/><W45/><G69/><T63/><D63/><U106/><E48/><V31/><F61/><W54/><G45/><T91/><D91/><U30/><E50/><V94/><F44/><W47/><G47/><T107/><D107/><U86/><E106/><V71/><F71/><W123/><G90/><T98/><D98/><U2/><E6/><V116/><F116/><W29/><G4/><T78/><D78/><U105/><E105/><V9/><F73/><W127/><G99/><T46/><D46/><U134/><E134/><V104/><F104/><W112/><G112/><T53/><D53/><U102/><E102/><V25/><F31/><W28/><G28/><T118/><D118/><U100/><E100/><V33/><F101/><W58/><G29/><T122/><D122/><U16/><E30/><N who="2" m="19663" /><F96/><W95/><G123/><T68/><D68/><U75/><E75/><V76/><F76/><W85/><G54/><T97/><D97/><U88/><E88/><V129/><F129/><RYUUKYOKU ba="0,1" sc="240,15,250,-15,250,15,250,-15" hai0="14,18,20,42,43,62,64,70,74,79,82,125,126" hai2="7,9,12,55,59,60,83,84,89,94" /><INIT seed="0,1,1,4,4,7" ten="255,235,265,235" oya="0" hai0="85,36,132,110,4,76,38,31,12,30,119,0,102" hai1="135,89,24,14,16,62,130,86,128,29,65,52,21" hai2="122,104,46,121,5,37,111,71,56,3,127,105,43" hai3="88,15,33,92,84,95,91,26,100,134,35,40,96"/><T39/><D119/><U101/><E135/><V108/><F56/><W125/><G134/><T70/><D70/><U55/><E101/><V47/><F47/><W93/><G125/><T118/><D118/><U57/><E130/><V112/><F127/><W80/><G40/><T115/><D132/><U113/><E113/><V99/><F71/><W90/><G15/><T63/><D115/><U50/><E50/><V69/><F69/><W53/><G53/><T68/><D0/><U1/><E1/><V6/><F112/><W54/><G54/><T41/><D102/><U60/><E60/><V77/><F77/><W117/><G117/><T34/><D41/><U27/><E27/><V123/><F5/><W51/><G51/><T129/><D34/><U83/><REACH who="1" step="1"/><E128/><REACH who="1" ten="255,225,265,235" step="2"/><V32/><F111/><W49/><G49/><T11/><D129/><U133/><E133/><V73/><F108/><W61/><G61/><T8/><D110/><U131/><E131/><V18/><F3/><W75/><G26/><T22/><D63/><U74/><E74/><V45/><F73/><W103/><G35/><AGARI ba="1,2" hai="14,16,21,24,29,35,52,55,57,62,65,83,86,89" machi="35" ten="30,7700,0" yaku="1,1,7,1,54,2,53,0" doraHai="7" doraHaiUra="42" who="1" fromWho="3" sc="255,0,225,100,265,0,235,-80" /><INIT seed="1,0,0,0,5,29" ten="255,325,265,155" oya="1" hai0="64,2,57,111,21,127,61,42,78,125,85,51,75" hai1="79,112,4,103,41,73,82,129,8,16,67,18,52" hai2="31,121,56,65,54,133,68,20,58,86,89,96,113" hai3="47,22,105,9,74,10,95,131,118,17,23,128,114"/><U102/><E112/><V76/><F121/><W100/><G105/><T135/><D75/><U37/><E129/><V120/><F120/><W63/><G74/><T28/><D111/><U45/><E67/><V49/><F113/><W104/><G104/><T97/><D2/><U91/><E91/><V115/><F115/><W98/><G114/><T126/><D135/><U36/><E36/><V40/><F133/><W0/><G118/><T94/><D42/><U87/><E87/><V69/><F40/><W122/><G122/><T44/><D44/><U70/><E70/><V72/><F72/><W117/><G117/><T34/><D51/><U3/><E52/><N who="2" m="31759" /><F68/><W119/><G119/><T35/><D85/><U60/><E60/><N who="2" m="38039" /><F69/><W116/><G63/><T55/><D78/><U59/><E59/><V101/><F101/><AGARI ba="0,0" hai="3,4,8,16,18,37,41,45,73,79,82,101,102,103" machi="101" ten="40,7700,0" yaku="25,2,54,1" doraHai="29" who="1" fromWho="2" sc="255,0,325,77,265,-77,155,0" /><INIT seed="1,1,0,5,4,123" ten="255,402,188,155" oya="1" hai0="5,3,12,1,131,10,108,122,60,32,97,50,53" hai1="41,55,69,36,132,119,75,64,24,100,85,79,107" hai2="51,92,58,83,93,106,127,89,2,82,28,16,80" hai3="94,48,102,21,34,20,126,47,57,104,9,86,116"/><U103/><E119/><V18/><F106/><W66/><G34/><T112/><D32/><U121/><E75/><V7/><F127/><W6/><G104/><T134/><D112/><U4/><E4/><V99/><F28/><W105/><G105/><T49/><D134/><U19/><E41/><V130/><F130/><W117/><G126/><T111/><D131/><U54/><E36/><V98/><F7/><W133/><G133/><T56/><D122/><U65/><E103/><V73/><F2/><N who="0" m="522" /><D97/><U13/><E24/><V63/><F51/><W128/><G128/><T27/><D27/><U77/><E77/><V101/><REACH who="2" step="1"/><F73/><REACH who="2" ten="255,402,178,155" step="2"/><W70/><G48/><T114/><D114/><U135/><E107/><V78/><F78/><W81/><G6/><T84/><D49/><U62/><E79/><V8/><F8/><W72/><G9/><T23/><D50/><U125/><E125/><V74/><F74/><W15/><G72/><T96/><D10/><U43/><E132/><V26/><F26/><W113/><G113/><T118/><D5/><U59/><E135/><V25/><F25/><W91/><G117/><T45/><D118/><U33/><E121/><V11/><F11/><W68/><G116/><T35/><D35/><U115/><E33/><V110/><F110/><W29/><G29/><T95/><D111/><U52/><E115/><V109/><F109/><W37/><G21/><T14/><D108/><U39/><E39/><V71/><F71/><W46/><G37/><T67/><D23/><U61/><E69/><V40/><F40/><W124/><G124/><T90/><D96/><RYUUKYOKU ba="1,1" sc="255,15,402,-15,178,15,155,-15" hai0="12,14,45,53,56,60,67,84,90,95" hai2="16,18,58,63,80,82,83,89,92,93,98,99,101" /><INIT seed="2,2,1,2,3,86" ten="270,387,193,140" oya="2" hai0="129,109,75,46,41,111,28,4,119,132,77,31,63" hai1="27,135,35,20,121,37,45,15,40,102,44,6,39" hai2="43,52,58,118,3,97,93,47,14,95,85,19,1" hai3="26,51,57,71,134,112,54,11,101,61,48,0,89"/><V7/><F118/><W21/><G134/><T117/><D132/><U10/><E135/><V133/><F133/><W62/><G112/><T100/><D129/><U12/><E35/><V79/><F7/><W23/><G101/><T42/><D100/><U60/><E121/><V2/><F79/><W88/><G71/><T66/><D4/><U106/><E60/><N who="3" m="23146" /><G0/><T99/><D99/><U32/><E32/><V38/><F85/><W108/><G108/><N who="0" m="41547" /><D77/><U25/><E12/><V68/><F68/><W49/><G11/><T127/><D75/><U131/><E131/><V122/><F122/><W30/><G23/><T92/><D92/><U116/><E116/><N who="0" m="44617" /><D127/><U84/><E84/><V65/><F65/><W78/><G78/><T125/><D125/><U5/><E5/><V94/><F97/><W124/><G124/><T128/><D128/><U80/><E20/><V8/><REACH who="2" step="1"/><F1/><REACH who="2" ten="270,387,183,140" step="2"/><W59/><G54/><T130/><D130/><U13/><E6/><V115/><F115/><W76/><G76/><T82/><D42/><U55/><E40/><V114/><F114/><W103/><G103/><T113/><D113/><U107/><E102/><V83/><F83/><W104/><G104/><T70/><D82/><U105/><E80/><V69/><F69/><W72/><G72/><T9/><D70/><U81/><E81/><V123/><F123/><W90/><AGARI ba="2,2" hai="21,26,30,48,49,51,57,59,88,89,90" m="23146" machi="90" ten="40,8000,1" yaku="8,1,52,3,54,1" doraHai="86" who="3" fromWho="3" sc="270,-22,387,-22,183,-42,140,106" /><INIT seed="3,0,0,4,2,23" ten="248,365,141,246" oya="3" hai0="73,92,17,125,128,60,67,121,85,55,38,20,71" hai1="22,101,68,81,98,42,90,130,114,21,2,14,44" hai2="96,83,63,127,62,129,103,74,31,11,39,64,78" hai3="3,25,110,5,108,66,28,32,4,88,111,15,53"/><W54/><G3/><T29/><D121/><U104/><E2/><V99/><F39/><W72/><G72/><T91/><D73/><U47/><E68/><V59/><F129/><W16/><G66/><T118/><D118/><U119/><E114/><V113/><F127/><W132/><G132/><T126/><D128/><U9/><E47/><V109/><F109/><W87/><G5/><T56/><D29/><U123/><E123/><V49/><F113/><W89/><G4/><T100/><D100/><U10/><E10/><V26/><F11/><N who="3" m="6271" /><G88/><T107/><D107/><U24/><E119/><V18/><F18/><W40/><G40/><T52/><D38/><U51/><E130/><V97/><F49/><W70/><G70/><T48/><D55/><U50/><E50/><V27/><F31/><W115/><G115/><T46/><REACH who="0" step="1"/><D71/><REACH who="0" ten="238,365,141,246" step="2"/><U57/><E104/><V84/><F103/><W45/><G45/><T124/><D124/><U79/><E44/><V86/><REACH who="2" step="1"/><F63/><REACH who="2" ten="238,365,131,246" step="2"/><W69/><G69/><T30/><D30/><U80/><E101/><V106/><F106/><W116/><G116/><T0/><D0/><U102/><E102/><V58/><F58/><W131/><G131/><T77/><D77/><U95/><E79/><V6/><F6/><W1/><G1/><T7/><D7/><U133/><E57/><V37/><F37/><W134/><G134/><T112/><D112/><U94/><E133/><V135/><F135/><W34/><G34/><T82/><D82/><AGARI ba="0,2" hai="25,28,32,53,54,82,87,89,108,110,111" m="6271" machi="82" ten="30,11600,0" yaku="14,1,10,1,52,1,54,1" doraHai="23" who="3" fromWho="0" sc="238,-116,365,0,131,0,246,136" owari="122,-37.8,365,16.5,131,-26.9,382,48.2" /></mjloggm>