<mjloggm ver="2.3"><GO type="225" lobby="0"/><UN n0="%54%4F%52" n1="%E3%82%B2%E3%82%B9%E8%8C%82%E5%8B%9D" n2="%E3%82%B7%E3%83%A5%E3%83%9E%E3%82%A4%E3%82%B1%E3%83%AB" n3="%E6%81%A5%E6%99%92%E3%81%97" dan="17,16,16,16" rate="2180.74,2114.07,2155.27,2119.65" sx="M,F,M,M"/><TAIKYOKU oya="0"/><INIT seed="0,0,0,2,2,107" ten="250,250,250,250" oya="0" hai0="129,87,126,59,122,119,58,120,96,71,131,75,128" hai1="47,52,39,16,0,28,90,50,2,45,34,29,115" hai2="111,91,8,20,4,113,9,32,23,43,112,44,110" hai3="72,135,80,14,38,85,51,92,36,54,116,17,82"/><T1/><D1/><U46/><E115/><N who="2" m="44107" /><F91/><W99/><G116/><T73/><D119/><U42/><E46/><V93/><F93/><W30/><G30/><T100/><D71/><U70/><E70/><V105/><F105/><W37/><G135/><T114/><D114/><U26/><E28/><V67/><F67/><W86/><G86/><T103/><D126/><U11/><REACH who="1" step="1"/><E90/><REACH who="1" ten="250,240,250,250" step="2"/><V78/><F32/><W133/><G38/><T117/><D117/><U22/><E22/><N who="2" m="8235" /><F78/><W69/><G69/><T118/><D118/><U66/><E66/><V53/><F53/><W84/><G54/><T33/><D33/><U83/><E83/><V62/><F44/><W102/><G82/><T94/><D103/><U121/><E121/><N who="0" m="46697" /><D87/><U48/><E48/><V19/><F43/><W41/><G85/><T79/><D79/><U108/><E108/><N who="2" m="41515" /><F62/><W134/><G41/><T25/><D25/><U3/><E3/><V81/><F81/><W31/><G80/><T97/><D97/><U6/><E6/><V132/><F132/><W76/><G133/><T35/><D35/><U125/><E125/><V106/><F4/><W57/><G134/><T68/><D68/><U109/><E109/><V74/><F9/><N who="3" m="6351" /><G76/><T61/><D61/><U5/><E5/><V130/><F8/><W101/><G101/><T89/><D100/><U95/><E95/><V123/><F123/><W65/><G102/><T13/><D13/><AGARI ba="0,1" hai="0,2,11,13,16,26,29,34,39,42,45,47,50,52" machi="13" ten="40,8000,1" yaku="1,1,54,2,53,1" doraHai="107" doraHaiUra="49" who="1" fromWho="0" sc="250,-80,240,90,250,0,250,0" /><INIT seed="1,0,0,5,1,44" ten="170,330,250,250" oya="1" hai0="89,113,121,33,25,11,105,43,27,13,36,56,135" hai1="64,28,45,84,22,85,107,102,124,68,15,134,40" hai2="99,88,24,117,100,54,63,91,60,19,49,86,4" hai3="50,112,51,20,119,30,114,131,69,83,93,127,79"/><U95/><E124/><V106/><F117/><W103/><G69/><T2/><D113/><U53/><E134/><V110/><F4/><W133/><G133/><T125/><D135/><U130/><E107/><V65/><F110/><W72/><G127/><T46/><D125/><U70/><E130/><V81/><F65/><W14/><G131/><T90/><D121/><U3/><E3/><V35/><F91/><W41/><G119/><T101/><D2/><U55/><E102/><V47/><REACH who="2" step="1"/><F19/><REACH who="2" ten="170,330,240,250" step="2"/><W31/><G112/><T16/><D90/><U92/><E64/><V17/><F17/><N who="3" m="10295" /><G114/><T6/><D89/><U120/><E120/><V115/><F115/><W61/><G103/><T21/><D101/><U38/><E70/><V59/><F59/><W73/><G73/><T75/><D75/><U76/><E68/><V122/><F122/><W34/><G72/><T7/><D105/><U66/><E66/><V1/><F1/><W87/><G79/><T26/><D56/><U10/><E76/><V132/><F132/><W77/><G77/><T116/><D116/><U104/><E104/><V82/><F82/><W96/><G83/><T128/><D128/><U52/><E92/><V129/><F129/><W5/><G93/><T23/><REACH who="0" step="1"/><D33/><REACH who="0" ten="160,330,240,250" step="2"/><U62/><E95/><V0/><F0/><W118/><G34/><T126/><D126/><U18/><REACH who="1" step="1"/><E62/><REACH who="1" ten="160,320,240,250" step="2"/><V97/><F97/><W111/><G61/><T108/><D108/><U39/><E39/><V42/><F42/><W71/><G111/><T12/><D12/><U9/><E9/><V74/><F74/><W109/><G41/><RYUUKYOKU ba="0,3" sc="160,10,320,10,240,10,250,-30" hai0="6,7,11,13,16,21,23,25,26,27,36,43,46" hai1="10,15,18,22,28,38,40,45,52,53,55,84,85" hai2="24,35,47,49,54,60,63,81,86,88,99,100,106" /><INIT seed="1,1,3,5,4,19" ten="170,330,250,220" oya="1" hai0="98,10,66,36,1,73,33,79,28,7,120,65,121" hai1="0,6,20,87,4,23,75,97,39,53,94,50,21" hai2="104,122,93,113,124,95,85,55,30,64,90,25,37" hai3="80,76,127,129,45,13,115,134,56,60,24,123,61"/><U118/><E118/><V2/><F122/><N who="0" m="47210" /><D36/><U40/><E75/><V31/><F104/><W111/><G123/><T52/><D28/><U82/><E0/><V48/><F37/><W59/><G115/><T81/><D33/><U3/><E3/><V131/><F2/><W57/><G111/><T109/><D109/><U125/><E125/><V9/><F124/><W128/><G127/><T63/><D98/><U29/><E29/><V44/><F113/><W102/><G134/><T100/><D100/><N who="1" m="60471" /><E40/><V107/><F107/><W70/><G70/><T89/><D89/><N who="1" m="51447" /><E39/><V117/><F117/><W72/><G13/><T88/><D88/><U105/><E105/><V5/><F31/><W86/><G102/><T18/><D18/><U41/><E41/><V84/><F84/><W108/><G108/><T35/><D35/><U110/><E110/><V68/><F93/><W106/><G106/><T32/><D32/><U103/><E103/><V114/><F114/><W42/><G24/><T83/><D83/><U77/><E77/><V69/><F25/><W119/><G72/><T71/><D71/><U96/><E96/><V38/><F38/><N who="3" m="21719" /><G119/><T8/><D8/><U49/><E49/><V27/><F27/><W116/><G116/><T91/><D91/><U17/><E17/><V12/><F30/><W135/><G135/><T47/><D47/><AGARI ba="1,3" hai="4,6,20,21,23,47,50,53" m="51447,60471" machi="47" ten="30,11600,0" yaku="8,1,52,3" doraHai="19" who="1" fromWho="0" sc="170,-119,330,149,250,0,220,0" /><INIT seed="1,2,0,1,3,73" ten="51,479,250,220" oya="1" hai0="14,65,33,78,74,4,108,106,35,24,115,20,30" hai1="95,38,114,0,44,63,83,29,112,130,3,80,15" hai2="26,58,1,52,60,77,8,34,79,66,105,40,84" hai3="133,117,96,99,69,86,23,110,41,111,32,120,6"/><U47/><E130/><V10/><F105/><W131/><G120/><T28/><D106/><U21/><E63/><V19/><F1/><W54/><G32/><N who="0" m="12363" /><D65/><U16/><E29/><N who="0" m="11369" /><D74/><U7/><E95/><V53/><F34/><W113/><G113/><T129/><D78/><N who="2" m="29706" /><F40/><W18/><G86/><T104/><D104/><U61/><E61/><V135/><F135/><W88/><G54/><N who="2" m="21097" /><F84/><W121/><G96/><T123/><D115/><U68/><E68/><V126/><F126/><W55/><G69/><T87/><D87/><U36/><E15/><V67/><F67/><W109/><G41/><T102/><D102/><U71/><E71/><V64/><F66/><W90/><G90/><T98/><D98/><U72/><E72/><V62/><F62/><W27/><G109/><T128/><D108/><U51/><E36/><V132/><F132/><W75/><G133/><T22/><D123/><U103/><E38/><V94/><F94/><N who="3" m="56775" /><G121/><T134/><D134/><U82/><E112/><V100/><F100/><W45/><G75/><T81/><D81/><U31/><E114/><V125/><F125/><W124/><G124/><T17/><D4/><U13/><E80/><V37/><F37/><W56/><G111/><T46/><D46/><U5/><E82/><V49/><F49/><W9/><G45/><T122/><D122/><U57/><E44/><V119/><F119/><W42/><G117/><T76/><D76/><U39/><E39/><V43/><F43/><W118/><G118/><T92/><D92/><U93/><E47/><V116/><F116/><W2/><G110/><T12/><D24/><RYUUKYOKU ba="2,0" sc="51,15,479,-15,250,15,220,-15" hai0="12,14,17,20,22,128,129" hai2="8,10,19,26,58,60,64" /><INIT seed="2,3,0,4,2,55" ten="66,464,265,205" oya="2" hai0="40,90,98,108,131,25,48,54,126,1,88,82,17" hai1="117,74,46,53,66,83,72,92,105,30,24,130,75" hai2="22,78,76,116,19,128,86,65,67,2,43,58,37" hai3="104,59,123,121,32,13,111,95,50,125,96,61,0"/><V68/><F116/><W16/><G0/><T21/><D108/><U122/><E117/><V14/><F68/><W112/><G104/><T93/><D131/><U26/><E105/><V109/><F128/><W91/><G111/><T8/><D126/><U62/><E83/><V89/><F2/><W45/><G32/><T28/><D1/><U106/><E106/><V64/><F109/><W7/><G125/><T57/><D40/><U97/><E130/><V36/><F37/><W81/><G112/><T124/><D124/><U41/><E53/><V60/><F43/><W34/><G34/><T100/><REACH who="0" step="1"/><D82/><REACH who="0" ten="56,464,265,205" step="2"/><U80/><E122/><V107/><F36/><W6/><G81/><T135/><D135/><U84/><E80/><N who="2" m="49351" /><F107/><W44/><G121/><T113/><D113/><U114/><E114/><V77/><AGARI ba="3,1" hai="14,19,22,58,60,64,65,67,76,77,78" m="49351" machi="77" ten="30,3000,0" yaku="8,1,52,1" doraHai="55" who="2" fromWho="2" sc="56,-13,464,-13,265,49,205,-13" /><INIT seed="2,4,0,5,0,101" ten="43,451,314,192" oya="2" hai0="60,8,68,98,31,25,38,32,134,44,99,1,94" hai1="20,96,71,55,10,63,74,87,35,126,11,0,26" hai2="51,115,16,52,122,124,48,72,62,77,128,46,104" hai3="9,84,39,19,53,83,73,125,15,13,45,123,23"/><V107/><F115/><W132/><G125/><T111/><D111/><U78/><E74/><V61/><F122/><W42/><G132/><T116/><D134/><U65/><E126/><V89/><F124/><W57/><G123/><T47/><D116/><U37/><E37/><V43/><F128/><W12/><G73/><T88/><D38/><U97/><E35/><V5/><F5/><W17/><G15/><T14/><D1/><U76/><E55/><V30/><F30/><W49/><G84/><T113/><D113/><U29/><E11/><V69/><F72/><W81/><AGARI ba="4,0" hai="9,12,13,17,19,23,39,42,45,49,53,57,81,83" machi="81" ten="30,1100,0" yaku="0,1" doraHai="101" who="3" fromWho="3" sc="43,-7,451,-7,314,-9,192,23" /><INIT seed="3,0,0,1,3,133" ten="36,444,305,215" oya="3" hai0="125,4,54,38,85,131,132,24,101,65,128,116,25" hai1="48,110,78,20,94,86,117,109,41,111,115,92,31" hai2="119,47,98,55,135,51,21,84,61,76,16,121,106" hai3="69,82,8,127,80,134,107,108,96,46,130,72,6"/><W58/><G69/><T0/><D101/><U2/><E115/><V102/><F119/><W59/><G134/><T103/><D103/><U62/><E2/><V49/><F135/><W29/><G107/><T113/><D132/><U93/><E117/><V99/><F121/><W68/><G68/><T45/><D116/><U70/><E70/><V3/><F3/><W105/><G105/><T129/><D113/><U35/><E35/><V5/><F5/><W97/><G29/><T56/><D85/><U112/><E112/><V126/><F99/><N who="3" m="37963" /><G72/><T79/><D79/><U30/><E62/><V36/><F36/><W91/><G130/><T50/><D4/><U66/><E66/><V9/><F9/><W57/><G46/><T74/><D0/><U1/><E1/><V118/><F118/><W40/><G40/><T83/><D83/><N who="3" m="31785" /><G91/><T67/><D74/><U26/><E78/><V34/><F34/><W44/><G44/><T71/><D65/><U88/><E31/><V17/><F76/><W77/><G77/><T42/><REACH who="0" step="1"/><D125/><REACH who="0" ten="26,444,305,215" step="2"/><U53/><E41/><V75/><F126/><W124/><G6/><T28/><D28/><U60/><E30/><V73/><F75/><W89/><G89/><T64/><D64/><U52/><E88/><V15/><F73/><W63/><G8/><T22/><D22/><U81/><E86/><V10/><F84/><W13/><G124/><T114/><D114/><U27/><E20/><V90/><F90/><W95/><G127/><T43/><D43/><U39/><E81/><V87/><F87/><W123/><G95/><T37/><D37/><RYUUKYOKU ba="0,1" sc="26,30,444,-10,305,-10,215,-10" hai0="24,25,38,42,45,50,54,56,67,71,128,129,131" owari="56,-44.4,444,54.4,295,9.5,205,-19.5" /></mjloggm>