<mjloggm ver="2.3"><GO type="225" lobby="0"/><UN n0="%E3%81%9F%E3%81%8C%E3%82%84%E3%81%99" n1="%E3%81%9F%E3%81%A3%E3%81%A1%E3%82%87" n2="%E8%A8%88%E7%AE%97%E6%A9%9F%E8%87%AA%E7%84%B6" n3="%E5%88%9D%E5%8F%B7%E6%A9%9F%E3%81%A8%E4%BA%8C%E5%8F%B7%E6%A9%9F" dan="16,16,17,17" rate="2125.84,2069.58,2196.54,2173.82" sx="M,M,M,M"/><TAIKYOKU oya="0"/><INIT seed="0,0,0,0,3,50" ten="250,250,250,250" oya="0" hai0="3,15,122,35,73,23,87,98,40,70,109,83,101" hai1="9,63,14,121,80,2,34,37,13,116,28,125,36" hai2="134,45,88,94,56,95,124,74,17,90,72,77,18" hai3="130,99,102,107,128,135,0,6,10,20,132,47,86"/><T62/><D3/><U104/><E116/><V42/><F134/><N who="3" m="51243" /><G20/><T96/><D35/><U46/><E104/><V12/><F124/><W103/><G103/><T97/><D73/><U38/><E125/><V61/><F77/><W68/><G47/><T113/><D122/><U60/><E46/><V41/><F45/><W1/><G86/><T29/><D113/><U123/><E80/><V43/><F72/><W65/><G0/><T105/><D40/><U16/><E2/><V71/><F71/><W58/><G58/><T8/><D109/><U93/><E93/><N who="2" m="35339" /><F74/><W118/><G118/><T133/><D133/><U24/><REACH who="1" step="1"/><E13/><REACH who="1" ten="250,240,250,250" step="2"/><V30/><F12/><W92/><G107/><T91/><D105/><U85/><E85/><V7/><F41/><W100/><G100/><T129/><D101/><U22/><E22/><V25/><F42/><W39/><G39/><T54/><D23/><U26/><E26/><V48/><F25/><W32/><G32/><T110/><D15/><U49/><E49/><V84/><F48/><W127/><G127/><T78/><D87/><U51/><E51/><V120/><F43/><W79/><G79/><T21/><D78/><U66/><E66/><V11/><F84/><W126/><G126/><T112/><D83/><U89/><E89/><V81/><F88/><W76/><G76/><T19/><D91/><U4/><E4/><V33/><F81/><W59/><G68/><T57/><D70/><U52/><E52/><N who="2" m="33927" /><F90/><W82/><G82/><T111/><D96/><U114/><E114/><V44/><F33/><W119/><G119/><T55/><D112/><RYUUKYOKU ba="0,1" sc="250,-15,240,15,250,-15,250,15" hai1="9,14,16,24,28,34,36,37,38,60,63,121,123" hai3="1,6,10,59,65,92,99,102,128,130" /><INIT seed="1,1,1,5,3,70" ten="235,255,235,265" oya="1" hai0="35,20,25,54,93,15,135,116,63,124,79,110,118" hai1="59,122,96,123,103,33,64,53,90,109,131,16,58" hai2="37,132,26,39,104,88,89,50,100,44,10,36,86" hai3="117,3,48,128,74,18,52,2,85,69,51,17,78"/><U40/><E33/><V77/><F132/><W119/><G69/><T6/><D79/><U47/><E131/><V76/><F26/><W14/><G74/><T134/><D93/><U94/><E109/><V67/><F67/><W66/><G66/><T83/><D83/><U97/><E64/><V43/><F10/><W120/><G120/><T125/><D54/><U57/><E122/><V108/><F108/><W27/><G48/><T22/><D63/><U1/><E1/><V28/><F28/><W9/><G128/><T126/><D110/><U55/><E16/><V4/><F4/><W13/><G85/><T98/><D98/><U68/><E68/><V105/><F89/><W84/><G27/><T114/><D114/><U101/><E90/><V82/><REACH who="2" step="1"/><F100/><REACH who="2" ten="235,255,225,265" step="2"/><W92/><G117/><N who="0" m="45163" /><D35/><U113/><E113/><V45/><F45/><N who="3" m="27759" /><G119/><T5/><D22/><U95/><REACH who="1" step="1"/><E123/><REACH who="1" ten="235,245,225,265" step="2"/><V130/><F130/><W91/><G2/><T24/><D24/><U133/><E133/><N who="0" m="50697" /><D15/><U60/><E60/><V65/><F65/><W72/><G3/><T41/><D41/><U75/><E75/><V34/><F34/><W31/><G72/><T42/><D42/><U12/><E12/><V19/><F19/><AGARI ba="1,3" hai="5,6,19,20,25,124,125,126" m="50697,45163" machi="19" ten="40,8000,1" yaku="18,1,20,1,34,2" doraHai="70" who="0" fromWho="2" sc="235,113,245,0,225,-83,265,0" /><INIT seed="2,0,0,5,1,72" ten="348,245,142,265" oya="2" hai0="130,106,37,131,108,122,105,102,54,119,81,86,36" hai1="33,107,120,23,110,15,90,69,126,68,129,52,26" hai2="14,103,44,28,76,40,0,29,117,17,132,47,5" hai3="111,50,60,104,96,35,84,57,125,19,18,87,77"/><V118/><F132/><W34/><G35/><T63/><D54/><U13/><E107/><N who="0" m="40969" /><D102/><U123/><E33/><V4/><F103/><W11/><G34/><T112/><D122/><N who="1" m="46635" /><E110/><V38/><F44/><W128/><G104/><T30/><D30/><U48/><E126/><V135/><F135/><W64/><G125/><T127/><D127/><U97/><E129/><N who="0" m="49161" /><D108/><U45/><E13/><V12/><F12/><W66/><G128/><T6/><D112/><U10/><E15/><V98/><F98/><W91/><G11/><T93/><D93/><N who="1" m="56503" /><E10/><V65/><F65/><W83/><G96/><T61/><D6/><U99/><E99/><V8/><F4/><W124/><G124/><T67/><D119/><U100/><E100/><V21/><REACH who="2" step="1"/><F76/><REACH who="2" ten="348,245,132,265" step="2"/><W39/><G111/><T31/><D67/><U88/><E88/><V43/><F43/><W16/><G66/><T42/><D42/><U115/><E115/><V79/><F79/><W25/><G39/><T55/><D36/><U41/><E41/><V24/><F24/><W53/><G25/><T59/><D37/><U133/><E133/><V116/><AGARI ba="0,1" hai="0,5,8,14,17,21,28,29,38,40,47,116,117,118" machi="116" ten="30,6000,0" yaku="1,1,0,1,53,1" doraHai="72" doraHaiUra="3" who="2" fromWho="2" sc="348,-20,245,-20,132,70,265,-20" /><INIT seed="2,1,0,4,1,58" ten="328,225,202,245" oya="2" hai0="118,49,29,27,95,116,9,47,50,69,44,96,66" hai1="114,4,61,65,89,24,72,63,33,87,1,100,103" hai2="77,35,112,31,120,52,115,11,12,7,53,135,40" hai3="102,125,48,86,25,84,39,55,98,81,70,83,113"/><V64/><F120/><W104/><G39/><T109/><D9/><U131/><E72/><V76/><F135/><W19/><G125/><T20/><D109/><U94/><E114/><V90/><F40/><W60/><G113/><T46/><D66/><U132/><E132/><V59/><F64/><W32/><G70/><T42/><D69/><U105/><E105/><V67/><F67/><W122/><G60/><N who="1" m="23114" /><E1/><V23/><F35/><W123/><G84/><T73/><D73/><U119/><E119/><N who="0" m="45609" /><D50/><U38/><E38/><V28/><F115/><W133/><G83/><T80/><D80/><N who="1" m="49383" /><E33/><V91/><F112/><W41/><G41/><T68/><D68/><U78/><E4/><V5/><F23/><W18/><G133/><T75/><D75/><U43/><E43/><V3/><F12/><W99/><G123/><T82/><D82/><U0/><E0/><V92/><F3/><W56/><G122/><T14/><D14/><U79/><E65/><V107/><F11/><W85/><G85/><T36/><D36/><U88/><E24/><V21/><F21/><W62/><G99/><T124/><D124/><U57/><E57/><V30/><F59/><W37/><G37/><T54/><D42/><U101/><E131/><V97/><F107/><W130/><G130/><T126/><D126/><U93/><E93/><V17/><F17/><W117/><G117/><T2/><D2/><U6/><E6/><N who="2" m="2059" /><F90/><AGARI ba="1,0" hai="20,27,29,44,46,47,49,54,90,95,96" m="45609" machi="90" ten="30,1000,0" yaku="12,1" doraHai="58" who="0" fromWho="2" sc="328,13,225,0,202,-13,245,0" /><INIT seed="3,0,0,3,2,36" ten="341,225,189,245" oya="3" hai0="63,4,30,48,62,64,0,79,43,89,131,7,60" hai1="39,91,78,5,29,75,67,10,106,51,132,118,77" hai2="134,100,104,99,46,16,72,107,42,19,38,97,113" hai3="82,34,2,101,50,120,15,114,21,84,1,125,121"/><W74/><G114/><T20/><D79/><U119/><E39/><V71/><F113/><W96/><G34/><T59/><D0/><N who="1" m="295" /><E106/><V135/><F72/><W123/><G74/><T130/><D89/><U12/><E132/><N who="2" m="50731" /><F71/><W88/><G125/><T61/><D30/><U70/><E75/><V69/><F69/><W26/><G15/><T28/><D28/><U73/><E73/><V44/><F44/><W13/><G13/><T23/><D48/><U11/><E29/><V83/><F83/><W115/><G115/><T117/><D117/><N who="1" m="44555" /><E51/><V65/><F65/><W47/><G21/><T103/><D103/><AGARI ba="0,0" hai="16,19,38,42,46,97,99,100,103,104,107" m="50731" machi="103" ten="30,3900,0" yaku="20,1,52,1,54,1" doraHai="36" who="2" fromWho="0" sc="341,-39,225,0,189,39,245,0" owari="302,40.2,225,-27.5,228,-17.2,245,4.5" /></mjloggm>