<mjloggm ver="2.3"><GO type="225" lobby="0"/><UN n0="%65%6B%61%72%75%74%65" n1="%E3%81%99%E3%81%84%E3%81%BE%E3%81%9B%E3%83%BC%E3%82%93" n2="%72%69%6F%75%63%68%61%6E" n3="%E3%81%86%E3%81%9A%E3%82%89%E5%8D%B5%E3%83%95%E3%83%A9%E3%82%A4" dan="16,17,16,16" rate="2086.08,2245.59,2092.99,2097.28" sx="M,M,M,M"/><TAIKYOKU oya="0"/><INIT seed="0,0,0,0,3,59" ten="250,250,250,250" oya="0" hai0="11,89,80,19,85,108,38,62,49,35,93,43,81" hai1="9,78,65,102,113,75,86,34,116,119,32,99,91" hai2="44,84,128,26,69,72,77,25,8,63,42,1,117" hai3="122,28,6,55,64,3,37,88,73,123,79,13,24"/><T31/><D38/><U106/><E113/><V107/><F128/><W66/><G3/><T130/><D35/><U90/><E65/><V61/><F117/><N who="1" m="45129" /><E9/><V135/><F135/><W56/><G37/><T33/><D33/><U40/><E40/><V27/><F69/><W54/><G79/><T47/><D31/><U20/><E20/><V134/><F107/><W129/><G73/><T97/><D130/><U4/><E4/><N who="2" m="1039" /><F84/><W29/><G129/><T125/><D125/><U2/><E2/><V111/><F134/><W14/><G6/><T16/><D108/><U10/><E10/><V124/><F111/><W100/><G29/><T12/><D62/><N who="2" m="23562" /><F25/><W23/><G24/><T68/><D68/><U36/><E36/><N who="2" m="21575" /><F124/><W45/><G123/><T76/><REACH who="0" step="1"/><D81/><AGARI ba="0,0" hai="26,27,72,77,81" m="21575,23562,1039" machi="81" ten="30,7700,0" yaku="25,1,52,3" doraHai="59" who="2" fromWho="0" sc="250,-77,250,0,250,77,250,0" /><INIT seed="1,0,0,0,3,63" ten="173,250,327,250" oya="1" hai0="119,15,13,19,55,84,97,29,75,70,26,34,41" hai1="52,1,100,87,33,91,111,105,45,51,81,72,131" hai2="82,24,93,71,108,106,61,86,95,90,17,38,99" hai3="5,48,7,44,40,0,116,121,112,47,83,130,58"/><U16/><E131/><V37/><F108/><W125/><G112/><T80/><D119/><U11/><E33/><V77/><F106/><W18/><G121/><T128/><D128/><U36/><E111/><V6/><F6/><W62/><G130/><T9/><D75/><U49/><E72/><V67/><F17/><W8/><G125/><T98/><D41/><U39/><E1/><V96/><REACH who="2" step="1"/><F24/><REACH who="2" ten="173,250,317,250" step="2"/><W127/><G7/><T107/><D107/><U135/><E105/><V54/><F54/><W134/><G18/><T89/><D70/><U109/><E109/><V23/><F23/><W68/><G68/><T2/><D15/><N who="1" m="7295" /><E135/><V50/><F50/><W123/><G134/><T31/><D31/><U10/><E10/><V20/><F20/><W32/><G8/><T92/><D2/><U85/><E51/><V12/><F12/><W115/><G48/><T4/><D4/><U101/><E36/><V120/><F120/><W56/><G5/><T60/><D55/><U110/><E39/><V73/><F73/><W59/><G0/><T21/><D34/><U53/><E110/><V65/><F65/><W102/><G123/><T66/><REACH who="0" step="1"/><D92/><REACH who="0" ten="163,250,317,250" step="2"/><N who="1" m="54383" /><E53/><V104/><F104/><W117/><G117/><T43/><D43/><U126/><E126/><V25/><F25/><W103/><G116/><T14/><D14/><U74/><E74/><V30/><F30/><W22/><G127/><T64/><D64/><U46/><E46/><V94/><F94/><W57/><G47/><T118/><D118/><U122/><E122/><V124/><F124/><W132/><N who="3" m="14336" /><DORA hai="88" /><W114/><G44/><RYUUKYOKU ba="0,2" sc="163,10,250,10,317,10,250,-30" hai0="9,13,19,21,26,29,60,66,80,84,89,97,98" hai1="45,49,52,81,87,100,101" hai2="37,38,61,67,71,77,82,86,90,93,95,96,99" /><INIT seed="1,1,2,1,2,9" ten="173,260,327,220" oya="1" hai0="47,41,54,62,49,89,106,69,130,108,66,43,121" hai1="107,44,133,48,101,105,118,3,82,111,4,63,132" hai2="40,91,98,88,27,51,29,23,8,81,135,102,77" hai3="110,26,128,70,31,2,67,120,21,115,92,100,85"/><U134/><E118/><V20/><F135/><W38/><G115/><T76/><D106/><U114/><E114/><V25/><F8/><W123/><G2/><T18/><D76/><U103/><E111/><V12/><F12/><W58/><G38/><T6/><D6/><U87/><E63/><V7/><F7/><W93/><G70/><T124/><D89/><N who="1" m="51447" /><E4/><V68/><F68/><W94/><G128/><T37/><D18/><U35/><E35/><V17/><F40/><W125/><G125/><T45/><D108/><U113/><E3/><V131/><F51/><W5/><G5/><T96/><D96/><U11/><E11/><V24/><F24/><W30/><G30/><T22/><D22/><U36/><E36/><V34/><F34/><W19/><G19/><T57/><D121/><U90/><E90/><V116/><F131/><W42/><G110/><T60/><D130/><U95/><E95/><N who="2" m="58719" /><F116/><W33/><G33/><T129/><D129/><U50/><E50/><V104/><F104/><N who="1" m="40009" /><E113/><V73/><F73/><W86/><G42/><AGARI ba="1,2" hai="42,44,48,101,103,132,133,134" m="40009,51447" machi="42" ten="40,2000,0" yaku="20,1" doraHai="9" who="1" fromWho="3" sc="173,0,260,43,327,0,220,-23" /><INIT seed="1,2,0,4,4,72" ten="173,303,327,197" oya="1" hai0="1,3,115,131,39,78,83,107,128,133,120,66,96" hai1="41,49,76,69,117,24,84,104,29,91,30,130,44" hai2="11,119,103,70,71,97,59,88,89,19,60,40,126" hai3="42,93,121,55,57,48,56,111,100,18,127,135,102"/><U14/><E117/><V36/><F119/><W37/><G37/><T106/><D39/><U20/><E69/><V8/><F126/><W86/><G121/><T63/><D115/><U118/><E104/><N who="0" m="39977" /><D96/><U125/><E125/><V92/><F70/><W16/><G127/><T81/><D81/><U54/><E130/><N who="0" m="49705" /><D133/><U116/><E30/><V85/><F71/><W77/><G135/><T15/><D15/><U5/><E118/><V12/><F8/><W98/><G111/><T112/><D112/><U32/><E116/><V58/><F60/><W2/><G2/><N who="0" m="523" /><D120/><U7/><E41/><V21/><F11/><W45/><G102/><T82/><D78/><U122/><E76/><V99/><F99/><W101/><G101/><T46/><D46/><U123/><E123/><V62/><F62/><N who="3" m="36127" /><G57/><AGARI ba="2,0" hai="57,63,66,82,83" m="523,49705,39977" machi="57" ten="40,1300,0" yaku="19,1" doraHai="72" who="0" fromWho="3" sc="173,19,303,0,327,0,197,-19" /><INIT seed="2,0,0,0,1,118" ten="192,303,327,178" oya="2" hai0="102,87,76,111,49,12,95,23,82,19,29,42,18" hai1="30,6,43,44,57,109,65,77,58,55,13,7,36" hai2="94,119,61,81,54,25,112,96,64,69,93,47,67" hai3="24,80,2,78,51,83,41,79,16,50,131,107,4"/><V101/><F112/><W71/><G71/><T86/><D111/><U46/><E109/><V48/><F119/><W9/><G107/><T56/><D29/><U75/><E30/><V116/><F116/><W26/><G131/><T0/><D0/><U33/><E33/><V135/><F135/><W53/><G41/><T22/><D42/><U120/><E120/><V122/><F122/><W72/><G53/><T52/><D102/><U100/><E100/><V103/><F64/><W10/><G26/><T85/><REACH who="0" step="1"/><D95/><REACH who="0" ten="182,303,327,178" step="2"/><U60/><E43/><V121/><F121/><W74/><REACH who="3" step="1"/><G24/><AGARI ba="0,1" hai="12,18,19,22,23,24,49,52,56,76,82,85,86,87" machi="24" ten="30,12000,2" yaku="1,1,2,1,7,1,8,1,54,1,53,2" doraHai="118" doraHaiUra="17" who="0" fromWho="3" sc="182,130,303,0,327,0,178,-120" /><INIT seed="3,0,0,0,4,114" ten="312,303,327,58" oya="3" hai0="25,80,12,16,42,68,111,118,40,30,121,32,8" hai1="74,48,21,54,67,69,76,55,89,98,13,95,17" hai2="108,19,104,58,134,11,66,84,77,127,60,43,27" hai3="124,88,44,78,9,39,130,79,33,23,59,29,115"/><W106/><G106/><T49/><D118/><U81/><REACH who="1" step="1"/><E48/><REACH who="1" ten="312,293,327,58" step="2"/><V61/><F61/><AGARI ba="0,1" hai="13,17,21,54,55,61,67,69,74,76,81,89,95,98" machi="61" ten="40,5200,0" yaku="21,2,2,1,53,0" doraHai="114" doraHaiUra="1" who="1" fromWho="2" sc="312,0,293,62,327,-52,58,0" owari="312,11.2,355,45.5,275,-12.5,58,-44.2" /></mjloggm>