<mjloggm ver="2.3"><GO type="225" lobby="0"/><UN n0="%E9%95%B7%E5%B7%9E%E3%81%AE%E5%85%8B" n1="%6D%75%75%6D%75%72%61" n2="%E3%81%B2%E3%81%AA%E3%81%AE%E3%82%8A%E3%81%8F" n3="%E6%9D%B1%E9%A2%A8%E3%81%AE%E3%81%8D%E3%82%83%E3%81%B7%E3%81%95%E3%82%93" dan="16,16,17,16" rate="2086.07,2131.74,2164.95,2151.16" sx="M,F,M,M"/><TAIKYOKU oya="0"/><INIT seed="0,0,0,4,1,21" ten="250,250,250,250" oya="0" hai0="133,54,77,46,114,87,113,12,118,67,132,15,34" hai1="43,104,16,82,0,96,29,105,121,38,95,41,4" hai2="37,117,60,22,62,115,92,28,83,26,112,5,71" hai3="106,97,14,135,126,42,2,10,68,84,76,81,75"/><T25/><D118/><U52/><E121/><V40/><F117/><W74/><G68/><T47/><D67/><U99/><E29/><V128/><F128/><W91/><G2/><T86/><D77/><U119/><E119/><V98/><F5/><W11/><G11/><T80/><D80/><U64/><E64/><V48/><F37/><W134/><G42/><T39/><D39/><U124/><E0/><V123/><F123/><W59/><G59/><T108/><D108/><U36/><E4/><V51/><F71/><W73/><G14/><N who="0" m="5163" /><D54/><U130/><E124/><V70/><F70/><W72/><G10/><T58/><D58/><U13/><E82/><V88/><F115/><N who="0" m="44042" /><D25/><U30/><E130/><V44/><F112/><W1/><G1/><T125/><D125/><U110/><E110/><V55/><F83/><N who="3" m="49567" /><G126/><T127/><D127/><U111/><E111/><V129/><F129/><W79/><G79/><T33/><D87/><U17/><E13/><V35/><F35/><N who="0" m="13322" /><D86/><U109/><E109/><V61/><F61/><W45/><G45/><AGARI ba="0,0" hai="45,46,47,132,133" m="13322,44042,5163" machi="45" ten="40,3900,0" yaku="28,2" doraHai="21" who="0" fromWho="3" sc="250,39,250,0,250,0,250,-39" /><AGARI ba="0,0" hai="22,26,28,40,44,45,48,51,55,60,62,88,92,98" machi="45" ten="30,7700,0" yaku="7,1,8,1,52,1,54,1" doraHai="21" who="2" fromWho="3" sc="289,0,250,0,250,77,211,-77" /><INIT seed="0,1,0,4,0,125" ten="289,250,327,134" oya="0" hai0="109,120,14,35,108,47,121,132,8,97,27,70,51" hai1="133,80,73,76,92,110,16,83,63,2,17,62,85" hai2="30,45,68,6,5,112,43,65,52,19,9,87,49" hai3="26,100,12,31,25,124,94,0,115,126,122,107,128"/><T129/><D70/><U98/><E110/><N who="0" m="42601" /><D97/><U59/><E133/><V90/><F112/><W3/><G94/><T123/><D132/><U13/><E2/><N who="3" m="554" /><G100/><T79/><D79/><U46/><E46/><V7/><F30/><W24/><G107/><T134/><D134/><U54/><E62/><V66/><F68/><W20/><G115/><T88/><D27/><N who="3" m="10313" /><G122/><T33/><D88/><U55/><E55/><V103/><F103/><W71/><G71/><T67/><D67/><U37/><E37/><V23/><F43/><W10/><G128/><T72/><D72/><U86/><E73/><V53/><F53/><W18/><AGARI ba="1,0" hai="10,12,18,20,26,31,124,126" m="10313,554" machi="18" ten="30,2000,0" yaku="34,2" doraHai="125" who="3" fromWho="3" sc="289,-11,250,-6,327,-6,134,23" /><INIT seed="1,0,0,5,5,20" ten="278,244,321,157" oya="1" hai0="34,117,69,22,54,129,44,108,99,103,64,93,96" hai1="21,67,70,74,8,82,49,77,91,55,128,46,87" hai2="39,65,27,134,106,16,47,32,88,75,92,62,18" hai3="109,115,130,24,43,79,31,122,90,68,102,36,111"/><U72/><E128/><V37/><F75/><W30/><G68/><T60/><D108/><N who="3" m="41545" /><G79/><T100/><D34/><U9/><E70/><V28/><F106/><W59/><G102/><T81/><D81/><U97/><E67/><V0/><F0/><W63/><G31/><T26/><D117/><U110/><E110/><V2/><F2/><W41/><G122/><T40/><D54/><U25/><E97/><V12/><F134/><W29/><G30/><T85/><D85/><U73/><REACH who="1" step="1"/><E77/><REACH who="1" ten="278,234,321,157" step="2"/><V50/><F65/><N who="3" m="39167" /><G130/><T120/><D129/><U95/><E95/><V53/><F92/><W132/><G115/><T83/><D99/><U107/><E107/><V58/><F39/><W105/><G105/><T133/><D120/><U86/><E86/><V131/><F37/><W127/><G36/><T17/><D133/><U135/><E135/><V23/><F131/><W112/><G132/><T19/><D83/><U125/><E125/><V51/><F51/><W94/><G127/><T119/><D93/><U104/><E104/><V1/><F50/><W80/><G112/><T13/><D96/><U66/><E66/><V15/><F62/><W84/><G80/><T61/><D60/><U4/><E4/><V35/><F58/><W76/><G76/><T98/><D98/><U10/><E10/><V123/><F123/><W38/><G38/><T113/><D113/><U121/><E121/><V6/><F6/><W48/><G48/><N who="0" m="26631" /><D103/><U114/><E114/><V57/><F88/><W124/><G124/><T45/><D100/><U118/><E118/><V116/><F116/><W7/><G7/><RYUUKYOKU ba="0,1" sc="278,-15,234,15,321,-15,157,15" hai1="8,9,21,25,46,49,55,72,73,74,82,87,91" hai3="24,29,41,43,84,90,94" /><INIT seed="1,1,1,2,0,19" ten="263,249,306,172" oya="1" hai0="132,135,45,39,128,112,42,78,123,77,3,32,94" hai1="62,26,129,2,55,65,31,50,56,104,118,114,100" hai2="0,1,105,133,99,119,67,90,87,6,8,110,69" hai3="61,116,49,111,124,122,91,4,17,38,14,134,85"/><U47/><E114/><V53/><F119/><W64/><G38/><T120/><D32/><U66/><E118/><V96/><F110/><W23/><G122/><N who="0" m="46635" /><D112/><U82/><E2/><V11/><F133/><N who="0" m="51274" /><D3/><U72/><E129/><V30/><F30/><W18/><G124/><T44/><D128/><U89/><E104/><V54/><F69/><W5/><G111/><T93/><D45/><U36/><E100/><V48/><F67/><W79/><G134/><T126/><D126/><U9/><E9/><V103/><F99/><W121/><G121/><T97/><D94/><U15/><E15/><V81/><F48/><W20/><G79/><T34/><D34/><U16/><E36/><V109/><F109/><W127/><G49/><T101/><AGARI ba="1,1" hai="39,42,44,77,78,93,97,101" m="51274,46635" machi="101" ten="30,2000,0" yaku="13,1,20,1" doraHai="19" who="0" fromWho="0" sc="263,33,249,-11,306,-6,172,-6" /><INIT seed="2,0,0,1,1,101" ten="296,238,300,166" oya="2" hai0="107,100,91,57,39,121,56,106,92,1,134,79,65" hai1="96,114,77,28,70,131,23,29,81,2,10,44,129" hai2="6,51,110,54,111,118,53,103,127,87,94,82,4" hai3="9,89,126,59,36,30,78,63,68,38,35,98,60"/><V119/><F127/><W71/><G126/><T93/><D121/><U58/><E70/><N who="3" m="26666" /><G78/><T135/><D79/><U128/><E114/><V69/><F69/><W48/><G9/><T75/><D39/><N who="3" m="14889" /><G30/><T99/><D1/><U52/><E44/><V31/><F31/><W49/><G35/><T85/><D75/><N who="1" m="43199" /><E23/><V120/><F120/><W117/><G98/><T18/><D18/><U5/><E96/><V61/><F94/><W86/><G86/><T67/><D57/><U64/><E64/><N who="0" m="24649" /><D56/><U123/><E123/><V88/><F103/><W3/><G89/><T66/><N who="0" m="24657" /><T19/><DORA hai="14" /><D19/><U72/><E72/><V112/><F112/><W109/><G3/><T50/><D50/><AGARI ba="0,0" hai="2,5,10,28,29,50,52,58,128,129,131" m="43199" machi="50" ten="30,2000,0" yaku="19,1,54,1" doraHai="101,14" who="1" fromWho="0" sc="296,-20,238,20,300,0,166,0" /><INIT seed="3,0,0,2,3,112" ten="276,258,300,166" oya="3" hai0="36,54,101,126,135,89,131,58,129,80,31,25,95" hai1="120,46,4,117,114,64,17,26,70,63,72,37,109" hai2="20,29,32,39,43,52,122,50,45,49,59,94,7" hai3="113,2,100,60,30,57,134,119,77,5,127,1,121"/><W47/><G113/><T18/><D36/><U123/><E114/><V33/><F39/><W6/><G121/><T105/><D101/><U118/><E72/><V86/><F7/><W79/><G100/><T0/><D126/><U85/><E109/><V110/><F110/><W8/><G127/><T78/><D18/><U106/><E106/><V99/><F86/><W96/><G134/><T107/><D0/><U34/><E4/><V24/><F122/><W11/><G119/><N who="1" m="45578" /><E85/><V28/><F28/><W73/><G73/><T102/><D135/><U21/><E34/><V38/><F38/><W56/><G96/><T74/><D102/><AGARI ba="0,0" hai="20,24,29,32,33,43,45,49,50,52,59,94,99,102" machi="102" ten="30,2000,0" yaku="7,1,54,1" doraHai="112" who="2" fromWho="0" sc="276,-20,258,0,300,20,166,0" owari="256,-14.4,258,5.8,320,42.0,166,-33.4" /></mjloggm>