<mjloggm ver="2.3"><GO type="225" lobby="0"/><UN n0="%E6%98%93%E5%88%A9%E8%96%A9%E4%BC%AF" n1="%6D%75%75%6D%75%72%61" n2="%2D%E8%B1%8A%E5%8F%A3%E3%82%81%E3%81%90%E3%81%BF%2D" n3="%E3%81%82%E3%81%B9%E3%81%99%E3%81%91" dan="16,16,16,16" rate="2058.07,2117.98,2110.69,2139.92" sx="F,F,F,M"/><TAIKYOKU oya="0"/><INIT seed="0,0,0,3,2,114" ten="250,250,250,250" oya="0" hai0="122,56,99,129,124,49,1,71,36,74,62,53,47" hai1="94,54,77,5,48,25,100,79,46,45,20,63,70" hai2="76,113,111,108,50,39,22,75,84,97,83,18,131" hai3="126,132,127,43,6,24,67,15,95,59,107,135,10"/><T13/><D1/><U26/><E5/><V38/><F113/><W130/><G107/><T102/><D122/><U89/><E100/><V106/><F131/><W16/><G43/><T69/><D74/><U98/><E26/><V41/><F75/><W134/><G95/><T110/><D124/><N who="3" m="47657" /><G24/><T32/><D32/><U117/><E117/><V88/><F50/><W123/><G123/><T0/><D0/><U103/><E103/><N who="2" m="62831" /><F76/><W92/><G92/><T133/><D36/><U29/><REACH who="1" step="1"/><E45/><REACH who="1" ten="250,240,250,250" step="2"/><V7/><F7/><W125/><G125/><T91/><D102/><U2/><E2/><V44/><F44/><W104/><G104/><T85/><D47/><U34/><E34/><V9/><F111/><W118/><G6/><T28/><D13/><U120/><E120/><V82/><F108/><W90/><G130/><T55/><D129/><U128/><E128/><V31/><F31/><W78/><G135/><T27/><D133/><U30/><E30/><V112/><F112/><W101/><G134/><T57/><D110/><U51/><E51/><V65/><F38/><W93/><G101/><T68/><D28/><U21/><E21/><V8/><F39/><W80/><G132/><T11/><D27/><U66/><AGARI ba="0,1" hai="20,25,29,46,48,54,63,66,70,77,79,89,94,98" machi="66" ten="30,2000,0" yaku="1,1,0,1,53,0" doraHai="114" doraHaiUra="52" who="1" fromWho="1" sc="250,-10,240,30,250,-5,250,-5" /><INIT seed="1,0,0,0,3,126" ten="240,270,245,245" oya="1" hai0="82,29,49,9,74,3,56,51,42,39,10,16,53" hai1="100,105,64,135,86,118,4,0,75,47,124,98,32" hai2="43,128,17,37,122,93,23,44,81,55,108,22,61" hai3="57,54,41,7,50,116,26,80,31,123,18,129,2"/><U103/><E118/><V132/><F122/><W114/><G123/><T71/><D71/><U34/><E75/><V99/><F108/><W106/><G114/><T101/><D29/><U14/><E124/><V117/><F117/><W90/><G106/><T66/><D66/><U33/><E135/><V127/><F127/><W77/><G116/><T107/><D39/><U38/><E100/><V6/><F132/><W19/><G41/><T15/><D107/><U48/><E64/><V111/><F111/><W119/><G90/><T73/><D101/><U95/><E0/><V133/><F6/><W21/><G119/><T131/><D131/><U25/><E38/><V27/><F81/><W67/><G67/><T83/><D83/><U40/><E4/><V134/><F22/><W113/><G129/><T36/><D3/><U84/><E14/><V110/><F128/><W13/><G2/><T120/><D9/><U35/><REACH who="1" step="1"/><E105/><REACH who="1" ten="240,260,245,245" step="2"/><V8/><F110/><W20/><G113/><T28/><D36/><U79/><E79/><V62/><F134/><W11/><REACH who="3" step="1"/><G20/><REACH who="3" ten="240,260,245,235" step="2"/><T45/><D120/><U69/><E69/><V115/><F133/><W89/><G89/><T5/><D74/><AGARI ba="0,2" hai="7,11,13,18,19,21,26,31,50,54,57,74,77,80" machi="74" ten="30,2000,0" yaku="1,1,7,1,53,0" doraHai="126" doraHaiUra="112" who="3" fromWho="0" sc="240,-20,260,0,245,0,235,40" /><INIT seed="2,0,0,3,5,64" ten="220,260,245,275" oya="2" hai0="126,93,13,114,102,48,87,103,42,80,19,4,91" hai1="110,106,28,17,41,104,111,130,122,98,134,34,8" hai2="47,95,59,40,96,108,30,23,3,83,107,99,31" hai3="124,86,12,119,7,105,51,74,66,94,121,125,6"/><V85/><F3/><W43/><G119/><T135/><D114/><U73/><E73/><V61/><F107/><W113/><G74/><T88/><D135/><U15/><E134/><V2/><F2/><W52/><G121/><T49/><D126/><N who="3" m="48745" /><G105/><T58/><D4/><U89/><E122/><V78/><F108/><N who="1" m="41513" /><E130/><V10/><F10/><W84/><G43/><T118/><D118/><U27/><E41/><V39/><F23/><W38/><G38/><T67/><D49/><U63/><E63/><V117/><F117/><W69/><G94/><AGARI ba="0,0" hai="8,15,17,27,28,34,89,94,98,104,106" m="41513" machi="94" ten="30,1000,0" yaku="14,1" doraHai="64" who="1" fromWho="3" sc="220,0,260,10,245,0,275,-10" /><INIT seed="3,0,0,1,0,108" ten="220,270,245,265" oya="3" hai0="122,57,68,124,103,51,59,67,104,133,114,73,55" hai1="66,29,10,31,49,3,28,60,2,89,96,93,38" hai2="41,20,63,125,129,61,75,112,80,45,27,47,40" hai3="116,81,8,64,19,84,109,17,94,36,101,123,4"/><W22/><G116/><T43/><D73/><U119/><E38/><V12/><F112/><W13/><G123/><T135/><D104/><U91/><E119/><V52/><F125/><W74/><G74/><T14/><D103/><U87/><E49/><N who="2" m="28719" /><F75/><W107/><G107/><T97/><D97/><U110/><E110/><V99/><F80/><W98/><G36/><T95/><D95/><U6/><E2/><V82/><F82/><W16/><G64/><T106/><D106/><U111/><E111/><V70/><F70/><W34/><G34/><T77/><D77/><U130/><E130/><V100/><F12/><W33/><G33/><T83/><D83/><U46/><E46/><V128/><F47/><W105/><G105/><T113/><D122/><U117/><E117/><V127/><F127/><W1/><REACH who="3" step="1"/><G109/><REACH who="3" ten="220,270,245,255" step="2"/><T23/><D124/><U86/><E66/><V65/><F65/><W25/><G25/><T30/><D68/><U115/><E115/><N who="0" m="44041" /><D43/><U72/><E72/><V56/><F41/><W62/><G62/><N who="0" m="38351" /><D14/><U118/><E118/><V69/><F40/><W92/><G92/><T5/><D5/><U9/><E6/><V35/><F69/><W134/><G134/><T76/><D76/><AGARI ba="0,1" hai="1,4,8,13,16,17,19,22,76,81,84,94,98,101" machi="76" ten="30,5800,0" yaku="1,1,7,1,54,1,53,0" doraHai="108" doraHaiUra="53" who="3" fromWho="0" sc="220,-58,270,0,245,0,255,68" owari="162,-33.8,270,7.0,245,-15.5,323,42.3" /></mjloggm>