<mjloggm ver="2.3"><GO type="225" lobby="0"/><UN n0="%E9%80%86%E9%80%A3%E5%B8%AF%E3%81%AE%E9%AC%BC" n1="%E3%83%97%E3%83%AC%E3%83%B4%E3%82%A1%E3%83%86%E3%82%A3" n2="%E3%82%B2%E3%82%B9%E8%8C%82%E5%8B%9D" n3="%63%62%69%73%6B%65%74" dan="16,16,16,16" rate="2121.94,2088.79,2145.39,2060.96" sx="M,F,F,M"/><TAIKYOKU oya="0"/><INIT seed="0,0,0,2,5,119" ten="250,250,250,250" oya="0" hai0="72,11,43,80,20,47,30,110,98,118,44,88,99" hai1="71,7,96,26,131,116,57,38,67,2,127,51,6" hai2="45,134,70,18,113,29,22,101,23,33,49,83,92" hai3="93,95,56,28,68,102,129,17,0,86,62,32,117"/><T94/><D118/><U19/><E116/><V121/><F113/><W112/><G117/><T65/><D110/><U53/><E127/><V107/><F70/><W25/><G112/><T122/><D65/><U42/><E131/><V85/><F107/><W50/><G129/><T74/><D11/><U58/><E2/><V48/><F134/><W76/><G0/><T109/><D109/><U114/><E114/><V14/><F33/><W5/><G5/><T90/><D122/><U79/><E79/><V81/><F121/><W108/><G108/><T24/><D47/><N who="1" m="24023" /><E96/><N who="2" m="59527" /><F45/><W124/><G124/><T9/><D9/><U75/><E75/><V91/><F81/><W52/><G102/><T105/><D80/><U10/><E57/><V8/><F29/><W37/><G76/><T60/><D60/><N who="1" m="40423" /><E10/><V40/><F40/><W21/><G86/><T4/><D4/><U61/><E61/><V35/><F35/><W133/><G133/><T77/><D77/><U34/><E19/><N who="2" m="8647" /><F23/><W31/><G37/><T12/><D12/><AGARI ba="0,0" hai="12,18,22,48,49,83,85,91" m="8647,59527" machi="12" ten="30,1000,0" yaku="8,1" doraHai="119" who="2" fromWho="0" sc="250,-10,250,0,250,10,250,0" /><INIT seed="1,0,0,5,2,63" ten="240,250,260,250" oya="1" hai0="19,13,3,118,32,60,17,56,68,8,34,119,83" hai1="55,6,95,98,59,93,102,46,100,54,42,25,28" hai2="115,51,108,124,111,67,12,14,72,27,43,9,69" hai3="94,73,84,57,47,41,110,61,82,18,40,89,49"/><U129/><E129/><V66/><F72/><W79/><G110/><N who="2" m="42025" /><F124/><W11/><G18/><T24/><D68/><U62/><E6/><N who="2" m="3127" /><F69/><W53/><REACH who="3" step="1"/><G11/><REACH who="3" ten="240,250,260,240" step="2"/><T78/><D19/><U29/><E25/><V97/><F115/><W74/><G74/><T121/><D24/><U114/><E114/><V15/><F27/><W70/><G70/><T107/><D17/><U87/><E28/><V127/><F127/><W120/><G120/><T33/><D121/><U130/><E29/><V75/><F75/><W92/><G92/><T131/><D8/><U101/><E130/><V109/><F109/><W20/><G20/><T117/><D131/><U132/><E132/><V0/><F0/><W112/><G112/><T99/><D3/><U71/><E71/><V104/><F15/><W135/><G135/><T58/><D13/><U106/><E106/><V52/><F14/><W77/><G77/><T5/><D5/><U88/><REACH who="1" step="1"/><E54/><AGARI ba="0,1" hai="40,41,47,49,53,54,57,61,73,79,82,84,89,94" machi="54" ten="30,2000,0" yaku="1,1,7,1,53,0" doraHai="63" doraHaiUra="2" who="3" fromWho="1" sc="240,0,250,-20,260,0,240,30" /><INIT seed="2,0,0,1,5,87" ten="240,230,260,270" oya="2" hai0="4,126,10,59,106,61,16,117,3,94,50,26,135" hai1="102,5,129,65,43,67,109,52,23,6,13,45,42" hai2="84,7,57,54,86,49,105,88,108,0,119,34,18" hai3="15,70,91,29,62,121,63,132,69,83,93,115,73"/><V1/><F119/><W40/><G121/><T124/><D117/><U68/><E109/><V131/><F131/><W112/><G132/><T64/><D106/><U25/><E129/><V20/><F34/><W130/><G130/><T123/><D135/><U27/><E68/><N who="3" m="26218" /><G29/><T72/><D123/><U90/><E102/><V80/><F105/><W39/><G15/><T46/><D72/><U85/><E27/><V99/><F108/><W107/><G107/><T24/><D94/><N who="1" m="54607" /><E42/><V41/><F99/><N who="3" m="57791" /><G40/><T122/><D122/><U56/><E43/><V92/><F41/><W30/><G30/><T28/><D16/><N who="1" m="10639" /><E45/><V9/><F7/><N who="1" m="2569" /><E25/><V71/><F9/><W21/><G21/><T44/><D44/><U66/><E66/><V114/><F71/><W35/><G39/><T101/><D101/><U74/><E74/><V78/><F114/><N who="3" m="43563" /><G35/><T19/><D19/><U133/><E133/><V113/><F113/><W95/><G95/><T120/><D120/><U128/><E128/><V77/><F77/><AGARI ba="0,0" hai="62,63,73,77,83" m="43563,57791,26218" machi="77" ten="30,2000,0" yaku="11,1,52,1" doraHai="87" who="3" fromWho="2" sc="240,0,230,0,260,-20,270,20" /><INIT seed="3,0,0,3,5,103" ten="240,230,240,290" oya="3" hai0="3,64,69,83,97,81,72,8,37,68,48,49,106" hai1="96,29,7,56,112,53,38,131,35,130,45,124,40" hai2="114,125,95,54,6,20,30,123,55,2,21,65,36" hai3="88,77,86,104,60,94,43,11,58,84,57,90,109"/><W120/><G120/><T115/><D37/><U110/><E112/><V116/><F114/><W75/><G104/><T101/><D115/><U33/><E7/><V80/><F116/><W92/><G109/><T19/><D83/><U15/><E110/><V118/><F118/><W41/><G11/><T128/><D128/><N who="1" m="49195" /><E15/><V1/><F36/><W9/><G9/><T107/><D107/><U82/><E124/><V47/><F80/><W111/><G111/><T63/><D69/><U10/><E10/><V93/><F125/><W22/><G22/><N who="2" m="8809" /><F6/><W132/><G132/><T129/><D129/><U73/><E29/><V23/><F123/><W59/><G60/><T121/><D121/><U78/><E96/><V61/><F2/><W18/><G18/><T13/><REACH who="0" step="1"/><D3/><REACH who="0" ten="230,230,240,290" step="2"/><U74/><E73/><V14/><F1/><W52/><G75/><T71/><D71/><U5/><E5/><V135/><F93/><W28/><G77/><AGARI ba="0,1" hai="8,13,19,48,49,63,64,68,72,77,81,97,101,106" machi="77" ten="40,2600,0" yaku="1,1,52,1,53,0" doraHai="103" doraHaiUra="25" who="0" fromWho="3" sc="230,36,230,0,240,0,290,-26" /><INIT seed="4,0,0,1,5,31" ten="266,230,240,264" oya="0" hai0="3,45,73,82,64,81,22,92,53,115,114,36,50" hai1="14,119,72,106,20,127,27,43,70,95,120,40,49" hai2="107,35,24,100,67,6,85,101,65,5,88,129,19" hai3="79,112,38,75,90,21,30,131,135,96,44,8,37"/><T56/><D3/><U62/><E120/><V55/><F129/><W121/><G131/><T33/><D33/><U113/><E119/><V116/><F116/><W103/><G121/><T132/><D132/><U109/><E109/><V16/><F55/><W10/><G135/><T60/><D36/><U15/><E72/><V130/><F130/><W26/><G112/><T9/><D9/><U52/><E106/><V57/><F35/><W12/><G90/><T58/><D92/><U41/><E127/><V87/><F107/><W11/><G12/><T125/><D125/><U71/><E113/><N who="0" m="43017" /><D22/><U54/><E71/><V25/><F57/><W124/><G124/><T13/><D13/><U99/><E70/><V23/><F88/><W118/><G118/><T76/><D82/><U83/><E83/><V86/><F86/><W34/><G21/><AGARI ba="0,0" hai="5,6,16,19,21,23,24,25,65,67,85,87,100,101" machi="21" ten="25,6400,0" yaku="22,2,8,1,54,1" doraHai="31" who="2" fromWho="3" sc="266,0,230,0,240,64,264,-64" owari="266,6.6,230,-17.0,304,40.4,200,-30.0" /></mjloggm>