<mjloggm ver="2.3"><GO type="225" lobby="0"/><UN n0="%41%72%69%61" n1="%E3%81%A0%E3%81%8A" n2="%E3%83%AB%E3%83%9B%E3%83%B3%E3%83%87%E3%82%A3%E3%82%A8" n3="%E6%9D%B1%E9%A2%A8%E3%81%AE%E3%81%8D%E3%82%83%E3%81%B7%E3%81%95%E3%82%93" dan="17,16,17,16" rate="2159.34,2034.15,2203.20,2175.65" sx="F,M,M,M"/><TAIKYOKU oya="0"/><INIT seed="0,0,0,0,2,87" ten="250,250,250,250" oya="0" hai0="27,59,10,106,99,17,40,88,65,95,133,21,35" hai1="122,6,54,4,36,34,105,45,12,70,127,90,60" hai2="30,47,101,13,2,33,9,112,11,66,31,64,25" hai3="39,97,119,84,67,129,115,100,75,123,1,43,15"/><T37/><D133/><U41/><E105/><V19/><F112/><W56/><G75/><T83/><D35/><U80/><E122/><V62/><F66/><W117/><G1/><T49/><D106/><U116/><E34/><V132/><F132/><W53/><G115/><T77/><D37/><U22/><E127/><V113/><F113/><W118/><G123/><T110/><D110/><U51/><E116/><V108/><F108/><W82/><G129/><T24/><D10/><U18/><E70/><V7/><F47/><W121/><G121/><T61/><D40/><U89/><E60/><V120/><F101/><W93/><G67/><T92/><D49/><U96/><E96/><V23/><F120/><W16/><G43/><T102/><D77/><U5/><REACH who="1" step="1"/><E80/><REACH who="1" ten="250,240,250,250" step="2"/><V79/><F62/><W109/><G109/><T32/><D83/><U44/><AGARI ba="0,1" hai="4,5,6,12,18,22,36,41,44,45,51,54,89,90" machi="44" ten="30,12000,2" yaku="1,1,2,1,0,1,52,2,53,1" doraHai="87" doraHaiUra="69" who="1" fromWho="1" sc="250,-60,240,130,250,-30,250,-30" /><INIT seed="1,0,0,1,1,6" ten="190,370,220,220" oya="1" hai0="2,9,100,42,131,86,12,122,98,40,76,26,85" hai1="31,104,78,10,51,46,14,115,107,32,52,11,45" hai2="132,13,29,99,133,82,119,123,38,87,93,20,22" hai3="62,92,65,103,117,74,69,54,75,118,15,34,77"/><U129/><E115/><V127/><F38/><W121/><G34/><T39/><D2/><U36/><E129/><V60/><F119/><N who="3" m="45579" /><G121/><T108/><D108/><U67/><E67/><V33/><F123/><W91/><G103/><T28/><D131/><U55/><E78/><V105/><F105/><W59/><G15/><T73/><D73/><U37/><E14/><V5/><F127/><W21/><G21/><T58/><D39/><U7/><E7/><V109/><F109/><W66/><G77/><T134/><D134/><N who="2" m="51818" /><F60/><N who="3" m="35959" /><G65/><T43/><D76/><U80/><E32/><V83/><F29/><W47/><G47/><T63/><D122/><U30/><E80/><N who="2" m="30763" /><F87/><AGARI ba="0,0" hai="62,66,69,74,75,87,91,92" m="35959,45579" machi="87" ten="30,1000,0" yaku="12,1" doraHai="6" who="3" fromWho="2" sc="190,0,370,0,220,-10,220,10" /><INIT seed="2,0,0,4,2,51" ten="190,370,210,230" oya="2" hai0="23,112,17,27,75,109,36,56,53,0,77,64,122" hai1="34,13,24,40,117,31,131,1,28,37,67,72,73" hai2="89,18,114,29,45,135,42,118,107,113,22,33,46" hai3="21,124,14,2,91,25,121,98,82,44,66,12,127"/><V20/><F107/><W129/><G2/><T68/><D122/><U92/><E1/><V3/><F3/><W105/><G121/><T85/><D112/><U48/><E37/><V104/><F104/><W115/><G115/><T110/><D0/><U87/><E31/><V106/><F106/><W74/><G66/><T57/><D36/><U80/><E131/><V8/><F118/><W16/><G129/><T119/><D119/><U50/><E67/><V128/><F8/><W60/><G60/><N who="0" m="37903" /><D68/><U78/><E13/><N who="2" m="9295" /><F33/><W70/><G44/><N who="2" m="17001" /><F42/><W108/><G108/><N who="0" m="41579" /><D85/><U88/><E117/><V5/><F128/><W59/><G59/><T116/><D116/><U81/><E40/><V9/><F114/><W41/><G41/><T132/><D132/><U32/><E32/><V69/><F69/><W15/><G70/><T54/><D56/><U71/><E71/><V90/><F135/><W86/><REACH who="3" step="1"/><G74/><REACH who="3" ten="190,370,210,220" step="2"/><T39/><D39/><U65/><E72/><V79/><F113/><W125/><G125/><T35/><D35/><U96/><E65/><V94/><F79/><AGARI ba="0,1" hai="24,28,34,48,50,73,78,79,80,81,87,88,92,96" machi="79" ten="30,2000,0" yaku="7,1,54,1" doraHai="51" who="1" fromWho="2" sc="190,0,370,30,210,-20,220,0" /><INIT seed="3,0,0,2,1,31" ten="190,400,190,220" oya="3" hai0="89,119,30,3,49,23,22,93,113,65,106,0,76" hai1="114,15,71,44,124,58,62,1,122,69,109,19,56" hai2="102,125,73,28,70,12,95,72,25,83,37,67,86" hai3="75,33,45,8,66,6,13,135,131,14,77,51,103"/><W35/><G103/><T129/><D106/><U81/><E1/><V27/><F37/><W130/><G66/><T120/><D119/><U32/><E32/><N who="3" m="12362" /><G77/><T10/><D120/><U57/><E114/><V29/><F125/><W36/><G75/><T20/><D30/><N who="2" m="11882" /><F70/><W92/><G92/><T107/><D107/><U126/><E57/><V100/><F67/><W98/><G98/><T78/><D113/><U85/><E19/><V64/><F64/><W24/><G24/><N who="2" m="9289" /><F73/><W47/><G36/><T40/><D129/><N who="3" m="49161" /><G135/><T61/><D49/><U123/><E122/><V94/><F72/><W82/><G82/><T134/><D40/><U111/><E81/><V105/><F105/><W21/><G51/><T18/><D134/><U17/><E123/><V54/><F95/><W55/><G55/><T96/><D76/><U2/><E124/><V43/><F43/><W121/><G121/><T4/><D78/><U80/><E126/><V60/><F94/><W87/><G87/><T110/><D110/><U90/><E85/><V48/><F60/><W7/><G21/><N who="0" m="8299" /><D61/><U9/><E62/><V99/><F99/><W133/><G133/><T91/><D65/><U104/><E71/><V127/><F127/><W11/><AGARI ba="0,0" hai="6,7,8,11,13,14,45,47" m="49161,12362" machi="11" ten="40,12000,1" yaku="19,1,52,3" doraHai="31" who="3" fromWho="3" sc="190,-40,400,-40,190,-40,220,120" /><INIT seed="3,1,0,5,3,26" ten="150,360,150,340" oya="3" hai0="16,61,58,125,27,68,101,99,55,22,17,78,18" hai1="131,56,43,113,32,31,53,66,129,134,120,95,102" hai2="81,5,47,59,130,24,126,0,114,98,121,87,82" hai3="108,67,76,106,74,79,100,14,9,13,132,15,96"/><W36/><G36/><T115/><D125/><U42/><E120/><V116/><F114/><W90/><G67/><T20/><D115/><U30/><E113/><V25/><F116/><W110/><G132/><T85/><D68/><U3/><E3/><V118/><F118/><W103/><G103/><T133/><D133/><U4/><E134/><V127/><F121/><W11/><G90/><T75/><D75/><U60/><E4/><V54/><F130/><N who="1" m="49673" /><E66/><V7/><F47/><W70/><G70/><T10/><D10/><N who="3" m="3593" /><G74/><T93/><D22/><U104/><E104/><V64/><F98/><W77/><G100/><T37/><D37/><U39/><E39/><V21/><F64/><W69/><G69/><T117/><D117/><U1/><E1/><V63/><F81/><AGARI ba="1,0" hai="16,17,18,20,27,55,58,61,78,81,85,93,99,101" machi="81" ten="40,2600,0" yaku="8,1,54,1" doraHai="26" who="0" fromWho="2" sc="150,29,360,0,150,-29,340,0" owari="179,-22.1,360,46.0,121,-37.9,340,14.0" /></mjloggm>