<mjloggm ver="2.3"><GO type="225" lobby="0"/><UN n0="%E5%8D%A0%E3%81%84%E5%B8%AB%E8%A3%8F%E3%81%AA%E3%81%84%E3%81%97" n1="%E3%81%BF%E3%81%BF%E3%81%9A" n2="%48%61%61%61%6C%61%6E%64" n3="%E3%81%99%E3%81%84%E3%81%BE%E3%81%9B%E3%83%BC%E3%82%93" dan="16,16,18,17" rate="2164.45,2134.75,2240.23,2244.60" sx="M,M,M,M"/><TAIKYOKU oya="0"/><INIT seed="0,0,0,5,0,9" ten="250,250,250,250" oya="0" hai0="23,41,78,127,65,58,26,42,69,94,18,87,88" hai1="83,55,36,44,37,82,93,125,91,107,68,75,134" hai2="79,35,51,31,96,118,74,97,119,48,20,99,40" hai3="66,90,5,56,85,76,24,54,113,63,13,39,133"/><T27/><D69/><U89/><E107/><V2/><F35/><W1/><G113/><T101/><D127/><U47/><E68/><V86/><F74/><W14/><G39/><T81/><D101/><U131/><E125/><V50/><F2/><W25/><G133/><T102/><D102/><U15/><E134/><V124/><F124/><W100/><G76/><T109/><D109/><U46/><E131/><V121/><F121/><W129/><G100/><T30/><D58/><U70/><E70/><V108/><F108/><W77/><G77/><T28/><D65/><U92/><E55/><V12/><F40/><W71/><G1/><T72/><REACH who="0" step="1"/><D18/><REACH who="0" ten="240,250,250,250" step="2"/><U122/><E122/><V17/><REACH who="2" step="1"/><F31/><REACH who="2" ten="240,250,240,250" step="2"/><W61/><G129/><T84/><D84/><U104/><E75/><V3/><F3/><W126/><G126/><T21/><AGARI ba="0,2" hai="21,23,26,27,28,30,41,42,72,78,81,87,88,94" machi="21" ten="20,12000,1" yaku="1,1,0,1,7,1,9,1,54,1,53,0" doraHai="9" doraHaiUra="32" who="0" fromWho="0" sc="240,140,250,-40,240,-40,250,-40" /><INIT seed="0,1,0,3,5,67" ten="380,210,200,210" oya="0" hai0="105,110,13,87,65,68,83,12,132,73,82,20,126" hai1="59,92,88,10,9,63,7,41,128,116,55,75,57" hai2="43,124,94,53,114,50,3,109,115,1,8,103,2" hai3="81,56,52,15,122,38,72,60,102,25,71,26,54"/><T45/><D105/><U16/><E116/><V44/><F109/><W70/><G38/><T107/><D107/><U24/><E75/><V123/><F123/><W77/><G122/><T5/><D110/><U58/><E128/><V18/><F124/><W35/><G102/><T84/><D73/><U101/><E41/><V78/><F78/><W42/><G42/><T37/><D132/><U40/><E40/><V48/><F8/><N who="1" m="3177" /><E101/><V93/><F18/><W14/><G54/><T130/><D130/><U61/><E7/><V98/><REACH who="2" step="1"/><F94/><REACH who="2" ten="380,210,190,210" step="2"/><W17/><G17/><T104/><D126/><U131/><E131/><V90/><F90/><W28/><REACH who="3" step="1"/><G26/><REACH who="3" ten="380,210,190,200" step="2"/><T134/><D5/><U125/><E125/><V80/><F80/><W69/><AGARI ba="1,2" hai="14,15,25,28,35,52,56,60,69,70,71,72,77,81" machi="69" ten="30,16000,3" yaku="1,1,2,1,0,1,52,3,54,1,53,1" doraHai="67" doraHaiUra="23" who="3" fromWho="3" sc="380,-81,210,-41,190,-41,200,183" /><INIT seed="1,0,0,3,2,87" ten="299,169,149,383" oya="1" hai0="89,69,24,90,107,75,115,134,15,55,121,7,0" hai1="27,56,125,52,127,132,64,72,84,59,49,70,126" hai2="67,58,117,43,8,26,76,93,19,118,10,98,86" hai3="108,114,85,112,131,92,32,100,74,91,65,110,4"/><U95/><E72/><V88/><F43/><W20/><G32/><T2/><D115/><U31/><E132/><V113/><F113/><W78/><G4/><T50/><D75/><U51/><E70/><V77/><F118/><W66/><G131/><T21/><D107/><U17/><E17/><V81/><F117/><W37/><G37/><T80/><D69/><U53/><E64/><V96/><F96/><W128/><G128/><T109/><D80/><U42/><E42/><V61/><F76/><W45/><G45/><T79/><D79/><U133/><E133/><V94/><F94/><W103/><G20/><AGARI ba="0,0" hai="8,10,19,20,26,58,61,67,77,81,86,88,93,98" machi="20" ten="40,5200,0" yaku="8,1,52,1,54,1" doraHai="87" who="2" fromWho="3" sc="299,0,169,0,149,52,383,-52" /><INIT seed="2,0,0,5,2,28" ten="299,169,201,331" oya="2" hai0="36,73,68,60,98,30,97,106,18,57,15,135,11" hai1="124,122,102,118,79,89,9,44,22,65,123,84,54" hai2="55,17,25,93,103,45,39,133,48,43,71,75,14" hai3="91,33,31,100,78,116,5,94,87,74,16,34,126"/><V62/><F75/><W131/><G116/><T2/><D73/><U63/><E118/><V1/><F1/><W111/><G31/><T21/><D135/><U35/><E102/><V76/><F76/><W13/><G5/><T29/><D68/><U61/><E79/><V40/><F133/><W24/><G24/><T58/><D36/><U105/><E105/><V4/><F4/><W108/><G126/><T80/><D80/><U42/><E124/><V114/><F25/><W110/><G131/><T121/><D121/><N who="1" m="46091" /><E22/><V129/><F114/><W113/><G113/><T47/><D106/><U51/><E9/><V52/><F129/><W8/><G100/><T82/><D82/><AGARI ba="0,0" hai="8,13,16,33,34,74,78,82,87,91,94,108,110,111" machi="82" ten="40,8000,1" yaku="14,1,52,2,54,1" doraHai="28" who="3" fromWho="0" sc="299,-80,169,0,201,0,331,80" /><INIT seed="3,0,0,0,2,31" ten="219,169,201,411" oya="3" hai0="131,67,43,91,105,40,46,120,0,68,112,26,48" hai1="45,2,51,59,125,119,41,47,69,117,10,3,114" hai2="4,128,65,75,44,82,17,95,19,104,74,115,71" hai3="8,99,22,70,123,13,102,77,106,129,9,23,93"/><W12/><G70/><T97/><D0/><U110/><E114/><V100/><F104/><W49/><G129/><T80/><D67/><U89/><E69/><V28/><F115/><W62/><G62/><T121/><D68/><U57/><E89/><V30/><F4/><W32/><G32/><T64/><D64/><U18/><E18/><V116/><F116/><W21/><G77/><T6/><D6/><U16/><E110/><V1/><F1/><W33/><G33/><T73/><D43/><U63/><E125/><V90/><F128/><W25/><G25/><T130/><D26/><U14/><E57/><V98/><F44/><W111/><G106/><T35/><D105/><U15/><E15/><V61/><F74/><W38/><G38/><T135/><D73/><U113/><E113/><V7/><F7/><W72/><G72/><T55/><D112/><U37/><E117/><V11/><F11/><W92/><G123/><T84/><D121/><U50/><E119/><V126/><F126/><W94/><G111/><T122/><D122/><U66/><REACH who="1" step="1"/><E37/><REACH who="1" ten="219,159,201,411" step="2"/><V29/><F90/><W88/><G88/><T124/><D91/><U132/><E132/><V109/><F109/><W101/><G13/><T76/><D135/><U5/><E5/><V108/><F108/><W127/><G12/><T118/><D118/><U36/><E36/><V81/><F17/><W56/><G127/><T79/><D124/><U107/><E107/><V87/><F19/><W86/><G94/><T27/><D130/><U39/><E39/><V53/><F71/><W20/><G93/><T133/><D131/><RYUUKYOKU ba="0,1" sc="219,-10,159,30,201,-10,411,-10" hai1="2,3,10,14,16,41,45,47,50,51,59,63,66" owari="209,0.9,189,-31.1,191,-20.9,411,51.1" /></mjloggm>