<mjloggm ver="2.3"><GO type="225" lobby="0"/><UN n0="%E6%B4%BE%E9%81%A3%E3%81%AE%E3%82%B8%E3%83%A3%E3%83%83%E3%82%AF" n1="%E5%B8%86%E7%AB%8B%E5%A4%8F%E8%A1%A3" n2="%E4%B8%AD%E5%B9%B4%E3%81%AE%E5%8D%B1%E6%A9%9F" n3="%79%6B%66%35%35%33%38%39" dan="16,16,17,16" rate="2182.17,2079.17,2203.10,2119.33" sx="M,M,M,M"/><TAIKYOKU oya="0"/><INIT seed="0,0,0,5,1,113" ten="250,250,250,250" oya="0" hai0="86,10,6,119,5,35,31,12,71,64,92,91,38" hai1="94,60,103,80,61,24,18,53,32,14,52,102,27" hai2="46,109,96,28,16,19,7,26,87,108,40,44,122" hai3="74,37,101,100,117,39,95,116,85,72,110,49,133"/><T126/><D126/><U58/><BYE who="0" /><E80/><UN n0="%E6%B4%BE%E9%81%A3%E3%81%AE%E3%82%B8%E3%83%A3%E3%83%83%E3%82%AF" /><V13/><F122/><W135/><G49/><T33/><D38/><N who="3" m="14345" /><G85/><T134/><D134/><N who="3" m="51209" /><G110/><N who="2" m="42601" /><F87/><W23/><G23/><T89/><D6/><U2/><E2/><V128/><F96/><N who="3" m="59423" /><G101/><N who="1" m="38410" /><E32/><N who="2" m="20503" /><F128/><W114/><G114/><T3/><D3/><U62/><E94/><V78/><F78/><W15/><G15/><T43/><D33/><U98/><E98/><V82/><F82/><W45/><G45/><N who="2" m="17513" /><F40/><W11/><G11/><AGARI ba="0,0" hai="7,11,13,16,19" m="17513,20503,42601" machi="11" ten="30,2000,0" yaku="14,1,54,1" doraHai="113" who="2" fromWho="3" sc="250,0,250,0,250,20,250,-20" /><INIT seed="1,0,0,4,3,63" ten="250,250,270,230" oya="1" hai0="132,107,116,71,98,113,49,6,2,93,32,22,102" hai1="117,23,14,60,52,42,26,121,114,99,34,56,73" hai2="74,82,92,25,54,51,38,31,35,20,88,13,18" hai3="110,10,101,94,17,28,104,55,127,91,46,86,81"/><U0/><E114/><V80/><F38/><W118/><G110/><T96/><D113/><U95/><E117/><V36/><F36/><W29/><G118/><T33/><D116/><U7/><E121/><V75/><F75/><W48/><G127/><T4/><D71/><U78/><E42/><V11/><F35/><W44/><G104/><T129/><D132/><U65/><E0/><V3/><F74/><W8/><G46/><T123/><D129/><U58/><E34/><V1/><F1/><W128/><G128/><T77/><D123/><U134/><E134/><V97/><REACH who="2" step="1"/><F3/><REACH who="2" ten="250,250,260,230" step="2"/><W16/><G8/><T39/><D39/><U131/><E131/><V59/><AGARI ba="0,1" hai="11,13,18,20,25,31,51,54,59,80,82,88,92,97" machi="59" ten="20,16000,3" yaku="1,1,2,1,0,1,7,1,8,1,54,1,53,2" doraHai="63" doraHaiUra="76" who="2" fromWho="2" sc="250,-40,250,-80,260,170,230,-40" /><INIT seed="2,0,0,0,4,125" ten="210,170,430,190" oya="2" hai0="16,67,2,23,28,106,51,132,38,54,64,46,13" hai1="21,88,134,12,103,95,98,31,77,89,129,69,26" hai2="110,108,115,20,32,9,116,5,122,93,114,96,48" hai3="124,105,65,68,39,30,84,58,87,59,25,81,111"/><V117/><F32/><W78/><G124/><T70/><D106/><U73/><E69/><V24/><F48/><W37/><G105/><T35/><D2/><U45/><E134/><V44/><F96/><W131/><G111/><N who="2" m="42537" /><F44/><W76/><G39/><T6/><D132/><U123/><E123/><V34/><F34/><W8/><G37/><T41/><D6/><U52/><E129/><V112/><F93/><W74/><G68/><T97/><D70/><U79/><E12/><N who="2" m="5167" /><F24/><W43/><G25/><T71/><D71/><U18/><E31/><V22/><F22/><W100/><G30/><T19/><D97/><U29/><E29/><V33/><F20/><W107/><G107/><T1/><D19/><U133/><E133/><V63/><F63/><W4/><G4/><T75/><D1/><U40/><E40/><V11/><F11/><W80/><G8/><T135/><D135/><U83/><REACH who="1" step="1"/><E77/><REACH who="1" ten="210,160,430,190" step="2"/><V90/><F33/><W127/><G43/><T130/><D35/><U60/><E60/><V49/><F49/><AGARI ba="0,1" hai="18,21,26,45,49,52,73,79,83,88,89,95,98,103" machi="49" ten="40,8000,1" yaku="1,1,54,2,53,1" doraHai="125" doraHaiUra="99" who="1" fromWho="2" sc="210,0,160,90,430,-80,190,0" /><INIT seed="3,0,0,2,0,72" ten="210,250,350,190" oya="3" hai0="122,111,86,54,88,27,0,7,35,84,8,33,78" hai1="118,98,99,120,113,24,21,32,43,60,69,49,96" hai2="13,105,9,29,51,121,101,63,65,114,81,95,130" hai3="131,104,1,30,66,50,6,90,123,59,109,76,71"/><W52/><G123/><T39/><D39/><U31/><E120/><V48/><F105/><W77/><G104/><T55/><D122/><U44/><E118/><V62/><F121/><W58/><G71/><T132/><D111/><U68/><E113/><V42/><F114/><W15/><G1/><T14/><D0/><U128/><E128/><V79/><F29/><W34/><G131/><T125/><D125/><U16/><REACH who="1" step="1"/><E60/><REACH who="1" ten="210,240,350,190" step="2"/><V70/><F63/><N who="3" m="38271" /><G109/><T41/><D132/><U129/><E129/><V53/><F130/><W83/><G34/><T116/><D116/><U133/><E133/><V126/><F126/><W82/><G30/><T17/><D33/><U119/><E119/><V115/><F115/><W23/><G90/><T64/><D35/><U56/><E56/><V18/><F70/><W117/><G117/><T80/><D64/><U25/><AGARI ba="0,1" hai="16,21,24,25,31,32,43,44,49,68,69,96,98,99" machi="25" ten="30,4000,0" yaku="1,1,0,1,54,1,53,0" doraHai="72" doraHaiUra="3" who="1" fromWho="1" sc="210,-10,240,50,350,-10,190,-20" owari="200,-20.0,290,9.0,340,44.0,170,-33.0" /></mjloggm>