<mjloggm ver="2.3"><GO type="225" lobby="0"/><UN n0="%E8%90%BD%E6%97%A5" n1="%E6%A1%9C%E8%8A%B1%E9%96%83%E3%80%85" n2="%E3%82%BC%E3%83%AB%E3%83%80%E3%81%AE%E4%BC%9D%E8%AA%AC" n3="%E3%81%BF%E3%81%BF%E3%81%9A" dan="16,16,18,18" rate="2160.33,2136.90,2211.09,2243.20" sx="F,M,M,M"/><TAIKYOKU oya="0"/><INIT seed="0,0,0,3,3,7" ten="250,250,250,250" oya="0" hai0="62,67,108,94,78,50,30,23,107,123,114,11,124" hai1="34,116,44,54,21,29,31,10,100,17,53,126,99" hai2="45,65,64,13,134,125,127,72,85,4,19,56,121" hai3="109,104,102,96,83,132,8,46,6,103,84,0,12"/><T130/><D107/><U3/><E116/><V111/><F72/><W48/><G109/><T115/><D123/><U120/><E120/><V18/><F121/><W41/><G132/><T129/><D78/><U39/><E126/><N who="2" m="48139" /><F111/><W128/><G128/><N who="0" m="49259" /><D108/><U2/><E2/><V119/><F119/><W70/><G70/><T112/><D124/><U43/><E34/><V89/><F134/><W57/><G103/><T90/><D50/><U131/><E131/><V113/><F113/><W24/><G24/><N who="0" m="16671" /><D11/><U9/><E31/><V49/><F4/><W73/><G57/><N who="0" m="37327" /><D115/><U97/><E29/><V55/><F45/><W61/><G61/><T77/><D77/><U20/><E20/><N who="2" m="11343" /><F19/><W76/><REACH who="3" step="1"/><G73/><REACH who="3" ten="250,250,250,240" step="2"/><T79/><D79/><U40/><E100/><V52/><F55/><W26/><G26/><T38/><D38/><U75/><E75/><V71/><F71/><W5/><G5/><T86/><AGARI ba="0,1" hai="86,90,94,112,114" m="37327,16671,49259" machi="86" ten="30,1500,0" yaku="19,1" doraHai="7" who="0" fromWho="0" sc="250,25,250,-5,250,-5,240,-5" /><INIT seed="0,1,0,5,5,72" ten="275,245,245,235" oya="0" hai0="12,102,8,49,34,98,58,47,53,15,74,10,65" hai1="126,106,134,76,44,124,101,73,78,125,135,22,121" hai2="81,59,28,96,13,0,41,88,11,129,46,99,31" hai3="75,39,42,66,1,130,35,103,122,16,64,5,51"/><T20/><D34/><U85/><E121/><V9/><F129/><W52/><G35/><T48/><D74/><U57/><E73/><V62/><F0/><W112/><G112/><T114/><D114/><U90/><E57/><V117/><F117/><W87/><G75/><T45/><D20/><U63/><E63/><V21/><F99/><W108/><G122/><T54/><D65/><U94/><E44/><V70/><F70/><W89/><G103/><T110/><D110/><U80/><E22/><V105/><F105/><W118/><G118/><T128/><D58/><U27/><E27/><V56/><F56/><W93/><G108/><T55/><D55/><U67/><E67/><V71/><F71/><W77/><G77/><N who="1" m="29802" /><E106/><V25/><F31/><W3/><G130/><T95/><REACH who="0" step="1"/><D128/><REACH who="0" ten="265,245,245,235" step="2"/><U91/><E101/><V79/><F59/><W68/><G68/><T29/><D29/><U36/><E36/><V100/><F100/><W107/><G39/><T86/><D86/><AGARI ba="1,1" hai="80,85,86,90,91,94,124,125,126,134,135" m="29802" machi="86" ten="40,12000,2" yaku="18,1,34,2,52,3" doraHai="72" who="1" fromWho="0" sc="265,-123,245,133,245,0,235,0" /><INIT seed="1,0,0,4,0,18" ten="142,378,245,235" oya="1" hai0="27,22,49,113,3,74,95,4,29,131,51,72,11" hai1="66,1,64,68,13,100,127,12,92,130,15,48,99" hai2="116,39,111,132,62,87,28,30,20,16,119,90,128" hai3="75,86,26,6,109,50,46,123,89,93,118,104,40"/><U125/><E130/><V108/><F39/><W105/><G123/><T73/><D113/><U102/><E1/><V23/><F62/><W10/><G109/><N who="2" m="42057" /><F132/><W81/><G118/><N who="2" m="45097" /><F128/><W71/><G71/><T33/><D131/><U61/><E64/><V76/><F76/><W106/><G26/><T24/><REACH who="0" step="1"/><D95/><REACH who="0" ten="132,378,245,235" step="2"/><U38/><E38/><V133/><F133/><W117/><G117/><T107/><D107/><U57/><REACH who="1" step="1"/><E102/><REACH who="1" ten="132,368,245,235" step="2"/><V126/><F126/><W65/><G65/><T43/><D43/><U36/><E36/><V91/><F91/><W124/><G124/><T5/><D5/><U78/><E78/><V135/><F135/><W54/><G40/><T122/><D122/><U84/><E84/><V19/><F87/><W58/><G75/><T77/><D77/><U115/><E115/><V96/><F90/><W55/><G55/><AGARI ba="0,2" hai="12,13,15,48,55,57,61,66,68,92,99,100,125,127" machi="55" ten="40,3900,0" yaku="1,1,53,1" doraHai="18" doraHaiUra="56" who="1" fromWho="3" sc="132,0,368,59,245,0,235,-39" /><INIT seed="1,1,0,1,0,10" ten="132,427,245,196" oya="1" hai0="51,22,120,80,79,131,102,30,116,3,23,96,85" hai1="118,39,119,28,12,91,128,42,57,18,87,78,110" hai2="101,58,17,132,115,98,67,43,8,40,62,84,36" hai3="133,15,56,65,13,48,104,106,60,19,99,108,92"/><U103/><E78/><V9/><F132/><W44/><G108/><T50/><D116/><U25/><E103/><V109/><F109/><W29/><G133/><T7/><D131/><U100/><E110/><V24/><F115/><W88/><G29/><T45/><D120/><U105/><E128/><V0/><F84/><W83/><G83/><T16/><D3/><U37/><E57/><V1/><F1/><W66/><G66/><T61/><D7/><U69/><E69/><V125/><F125/><W55/><REACH who="3" step="1"/><G13/><REACH who="3" ten="132,427,245,186" step="2"/><T41/><D30/><U31/><E31/><V35/><F67/><W117/><G117/><T95/><D61/><U11/><E118/><V6/><F62/><W127/><G127/><T54/><REACH who="0" step="1"/><D16/><REACH who="0" ten="122,427,245,186" step="2"/><U5/><E18/><V32/><F17/><W68/><G68/><T34/><D34/><U59/><E119/><V49/><F32/><W89/><G89/><T71/><D71/><U64/><E28/><V112/><F35/><W74/><G74/><T121/><D121/><U75/><E75/><V4/><F0/><W111/><G111/><T129/><D129/><U27/><E91/><V2/><F2/><W76/><G76/><T94/><D94/><U52/><E27/><V26/><F26/><W134/><G134/><T53/><D53/><U81/><E52/><V97/><F24/><W93/><G93/><T122/><D122/><U63/><E25/><V113/><F6/><W107/><G107/><T21/><D21/><AGARI ba="1,2" hai="15,19,21,44,48,55,56,60,65,88,92,99,104,106" machi="21" ten="30,8000,1" yaku="1,1,7,1,52,1,54,1,53,1" doraHai="10" doraHaiUra="86" who="3" fromWho="0" sc="122,-83,427,0,245,0,186,103" /><INIT seed="2,0,0,0,1,62" ten="39,427,245,289" oya="2" hai0="116,50,95,67,11,127,130,26,14,107,20,132,120" hai1="96,131,123,121,114,51,64,122,99,119,103,113,97" hai2="73,85,36,28,10,44,42,87,33,86,16,105,49" hai3="15,71,56,135,27,29,13,55,92,68,2,94,31"/><V32/><F73/><W19/><G2/><T40/><D107/><U112/><E119/><V93/><F105/><W83/><G135/><T23/><D120/><U59/><E131/><V53/><F93/><N who="3" m="35947" /><G71/><T100/><D130/><U66/><E103/><V75/><F75/><W3/><G68/><T4/><D132/><U41/><E59/><V69/><F69/><W128/><G3/><T76/><D127/><U57/><E57/><V125/><F125/><W104/><G104/><T60/><D116/><U74/><E74/><V106/><F106/><W117/><G117/><T30/><D76/><U110/><E110/><V43/><F28/><N who="3" m="10827" /><G128/><T21/><D50/><U79/><E79/><V9/><F9/><W126/><G126/><T89/><D40/><U39/><E51/><V72/><F72/><W88/><G27/><T38/><D38/><U118/><E118/><V34/><REACH who="2" step="1"/><F36/><REACH who="2" ten="39,427,235,289" step="2"/><W80/><G80/><T0/><D0/><U81/><E81/><V124/><F124/><W91/><G83/><T129/><D129/><U109/><E109/><V45/><F45/><AGARI ba="0,1" hai="39,41,45,64,66,96,97,99,112,113,114,121,122,123" machi="45" ten="60,8000,1" yaku="29,2,13,1,52,2" doraHai="62" who="1" fromWho="2" sc="39,0,427,90,235,-80,289,0" /><INIT seed="3,0,0,5,1,108" ten="39,517,155,289" oya="3" hai0="85,121,20,104,115,111,116,5,25,4,102,57,99" hai1="69,44,47,83,41,60,0,86,40,82,126,94,64" hai2="14,78,65,2,133,38,70,35,42,62,109,17,53" hai3="61,34,32,6,8,50,88,59,63,29,81,84,103"/><W134/><G134/><T1/><D116/><U43/><E0/><V67/><F2/><W51/><G103/><T97/><D121/><U73/><E126/><V110/><F35/><W21/><G63/><T105/><D111/><N who="2" m="42506" /><F133/><W7/><G21/><T87/><D1/><U131/><E131/><V27/><F27/><W77/><G77/><T122/><D122/><U45/><E73/><V11/><F78/><W75/><G75/><T54/><D20/><U26/><E26/><V9/><F53/><W123/><G123/><T13/><D25/><U125/><E125/><V23/><F67/><W3/><G6/><T12/><D102/><U119/><E94/><V130/><F130/><W95/><G81/><T124/><D124/><U46/><E86/><V93/><F93/><W22/><G22/><T68/><D54/><U100/><E46/><AGARI ba="0,0" hai="9,11,14,17,23,38,42,46,62,65,70" m="42506" machi="46" ten="30,1000,0" yaku="14,1" doraHai="108" who="2" fromWho="1" sc="39,0,517,-10,155,10,289,0" owari="39,-46.1,507,60.7,165,-23.5,289,8.9" /></mjloggm>