<mjloggm ver="2.3"><GO type="225" lobby="0"/><UN n0="%E3%83%B4%E3%83%A0%EF%BC%99%E3%81%A6" n1="%33%74%72%65%65" n2="%E6%A1%9C%E8%8A%B1%E9%96%83%E3%80%85" n3="%E6%97%A5%E6%9B%9C%E6%97%A5%E3%82%88%E3%82%8A%E3%81%AE%E4%BD%BF%E8%80%85" dan="17,17,17,17" rate="2190.78,2215.66,2181.49,2157.12" sx="M,F,M,M"/><TAIKYOKU oya="0"/><INIT seed="0,0,0,1,3,77" ten="250,250,250,250" oya="0" hai0="86,85,65,12,64,103,84,43,122,98,55,11,56" hai1="109,47,88,81,135,114,117,46,5,99,26,1,32" hai2="100,6,70,133,90,21,34,7,31,80,14,16,87" hai3="74,126,110,69,101,24,67,97,49,35,108,22,73"/><T0/><D122/><U120/><E120/><V28/><F133/><W129/><G49/><T96/><D0/><U123/><E123/><V79/><F70/><W71/><G126/><T38/><D43/><U131/><E117/><V19/><F100/><W57/><G57/><T36/><D36/><U93/><E1/><V61/><F61/><N who="3" m="40175" /><G71/><T50/><D38/><U17/><E5/><N who="2" m="1547" /><F34/><W75/><G129/><T33/><D33/><U13/><E131/><V115/><F115/><W59/><G59/><T30/><D30/><U121/><E135/><V8/><F90/><W104/><G22/><T111/><D111/><N who="3" m="42537" /><G24/><AGARI ba="0,0" hai="8,14,16,19,21,24,28,31,79,80,87" m="1547" machi="24" ten="30,3900,0" yaku="8,1,52,1,54,1" doraHai="77" who="2" fromWho="3" sc="250,0,250,0,250,39,250,-39" /><INIT seed="1,0,0,0,0,97" ten="250,250,289,211" oya="1" hai0="40,47,113,25,114,20,76,88,73,2,0,23,109" hai1="22,16,59,37,121,84,87,119,99,125,13,50,127" hai2="42,48,120,81,74,43,19,61,15,66,102,132,32" hai3="103,35,106,69,86,123,100,118,57,14,90,91,5"/><U112/><E112/><V12/><F120/><W26/><G69/><T78/><D109/><U111/><E121/><V93/><F32/><W8/><G123/><T33/><D33/><U71/><E119/><V85/><F132/><W128/><G106/><T130/><D130/><U17/><E71/><V63/><F74/><W64/><G128/><T105/><D105/><U83/><E37/><V135/><F12/><W116/><G35/><T67/><D67/><U134/><E134/><V52/><F135/><W10/><G26/><T34/><D34/><U1/><E1/><V124/><F124/><N who="1" m="47689" /><E111/><V96/><F63/><N who="3" m="37999" /><G10/><T60/><D60/><U75/><E99/><V11/><F61/><W39/><G39/><T54/><D73/><U28/><E28/><V107/><F66/><W18/><G5/><T58/><D25/><U129/><E129/><V98/><F98/><W55/><G55/><T133/><D133/><U24/><E59/><N who="2" m="33159" /><F107/><W31/><G31/><T68/><D68/><U53/><E53/><V89/><AGARI ba="0,0" hai="11,15,19,42,43,81,85,89,93,96,102" m="33159" machi="89" ten="30,4000,0" yaku="8,1,52,1,54,1" doraHai="97" who="2" fromWho="2" sc="250,-10,250,-20,289,40,211,-10" /><INIT seed="2,0,0,3,5,39" ten="240,230,329,201" oya="2" hai0="89,74,114,52,95,9,55,85,87,102,51,103,53" hai1="5,12,78,98,82,111,35,118,71,129,40,91,48" hai2="16,34,80,27,57,105,44,79,126,29,116,56,96" hai3="14,2,77,121,31,104,33,120,134,97,72,58,46"/><V132/><F116/><W117/><G117/><T68/><D74/><U90/><E118/><V6/><F126/><W15/><G2/><T4/><D68/><U7/><E111/><V75/><F132/><W64/><G72/><T93/><D114/><U125/><E125/><V62/><F6/><W23/><G33/><T109/><D109/><U81/><E129/><V100/><F44/><W28/><G77/><T45/><D85/><N who="1" m="48311" /><E71/><V94/><F62/><W10/><G134/><T47/><D47/><N who="1" m="25703" /><E35/><V30/><F30/><W127/><G104/><T106/><D106/><U113/><E113/><V130/><F130/><W88/><G127/><T50/><D50/><U36/><E36/><V123/><F123/><W66/><G31/><T61/><D61/><U0/><E0/><V135/><F135/><W22/><G28/><T108/><D108/><U124/><E124/><V107/><F107/><W86/><G121/><T112/><D112/><U25/><E25/><V24/><REACH who="2" step="1"/><F105/><REACH who="2" ten="240,230,319,201" step="2"/><W73/><G120/><T60/><D60/><U110/><E110/><V70/><F70/><W43/><G46/><T42/><REACH who="0" step="1"/><D95/><REACH who="0" ten="230,230,319,201" step="2"/><U119/><E119/><V17/><F17/><W65/><G65/><T19/><D19/><U122/><E122/><V37/><F37/><W49/><G66/><T92/><D92/><N who="1" m="56599" /><E5/><V41/><F41/><W59/><G43/><T84/><D84/><U99/><E7/><V67/><F67/><W26/><G64/><T131/><D131/><U115/><E115/><V3/><F3/><AGARI ba="0,2" hai="3,4,9,42,45,51,52,53,55,87,89,93,102,103" machi="3" ten="40,8000,1" yaku="1,1,52,1,54,1,53,1" doraHai="39" doraHaiUra="38" who="0" fromWho="2" sc="230,100,230,0,319,-80,201,0" /><INIT seed="3,0,0,2,5,47" ten="330,230,239,201" oya="3" hai0="39,37,48,89,38,70,122,25,11,77,46,50,7" hai1="109,1,63,14,45,21,133,44,75,58,112,96,92" hai2="121,15,18,131,29,67,81,42,95,64,61,68,106" hai3="9,73,88,17,31,94,5,19,8,78,32,120,97"/><W84/><G73/><T98/><D122/><U100/><E112/><V24/><F106/><W66/><G120/><T119/><D119/><U10/><E75/><V116/><F121/><W12/><G66/><T41/><D70/><U40/><E109/><V93/><F116/><W111/><G111/><T135/><D77/><U124/><E124/><V115/><F115/><W85/><G78/><T13/><D135/><U129/><E133/><V69/><F42/><W65/><G65/><T6/><D25/><U80/><E129/><V130/><F81/><W27/><REACH who="3" step="1"/><G19/><REACH who="3" ten="330,230,239,191" step="2"/><T56/><D89/><U3/><E100/><V114/><F114/><W117/><G117/><T86/><D38/><U59/><E59/><V118/><F118/><W22/><G22/><T30/><D56/><U90/><E21/><N who="2" m="11487" /><F67/><W36/><G36/><T62/><D37/><U91/><E58/><V82/><F69/><W87/><G87/><T43/><D86/><U16/><E45/><V79/><F130/><W34/><G34/><T20/><D46/><U23/><E23/><N who="2" m="15519" /><F131/><W4/><G4/><T99/><D6/><U103/><E63/><V76/><F79/><W125/><G125/><T52/><D62/><U102/><E44/><V101/><F68/><W0/><AGARI ba="0,1" hai="0,5,8,9,12,17,27,31,32,84,85,88,94,97" machi="0" ten="20,7800,0" yaku="1,1,0,1,7,1,54,1,53,0" doraHai="47" doraHaiUra="57" who="3" fromWho="3" sc="330,-26,230,-26,239,-26,191,88" /><INIT seed="3,1,0,5,0,87" ten="304,204,213,279" oya="3" hai0="97,79,93,64,49,30,88,94,101,35,67,56,12" hai1="9,34,75,26,15,92,69,122,112,116,29,20,95" hai2="36,134,18,100,83,42,71,102,81,91,132,108,50" hai3="32,74,76,65,41,44,27,2,117,82,98,114,90"/><W19/><G114/><T54/><D79/><U111/><E122/><V40/><F36/><W38/><G117/><T128/><D128/><U120/><E120/><V53/><F71/><W104/><G65/><N who="0" m="25163" /><D35/><U129/><E112/><V1/><F1/><W109/><G109/><T59/><D30/><U85/><E75/><V106/><F108/><W17/><G2/><T3/><D12/><U7/><E111/><V60/><F60/><W0/><G0/><T61/><D3/><N who="1" m="255" /><E69/><V58/><F18/><W135/><G135/><T131/><D131/><U8/><E129/><V66/><F66/><W47/><G47/><N who="0" m="27967" /><D61/><U124/><E116/><V45/><F106/><W68/><G68/><T73/><D73/><U133/><E133/><V6/><F132/><W57/><G57/><T63/><D63/><U13/><E13/><V86/><F134/><W89/><G32/><T62/><D62/><U4/><E124/><V103/><F58/><W107/><G107/><T52/><D52/><U39/><E39/><V31/><F31/><W125/><G125/><T48/><D48/><U121/><E121/><V55/><F55/><W126/><G126/><T16/><D16/><N who="1" m="10271" /><E85/><AGARI ba="1,0" hai="56,59,85,88,93,94,97,101" m="27967,25163" machi="85" ten="30,3900,0" yaku="8,1,52,1,54,1" doraHai="87" who="0" fromWho="1" sc="304,42,204,-42,213,0,279,0" owari="346,44.6,162,-33.8,213,-18.7,279,7.9" /></mjloggm>