<mjloggm ver="2.3"><GO type="225" lobby="0"/><UN n0="%E3%83%AC%E3%82%A4%E3%83%88%E3%83%B3%E5%87%86%E6%95%99%E6%8E%88" n1="%E9%80%9F%E6%B0%B4%E5%87%9B%E9%A6%99" n2="%E3%81%BF%E3%81%BF%E3%81%9A" n3="%72%69%6F%75%63%68%61%6E" dan="18,17,17,17" rate="2228.56,2204.33,2223.31,2171.75" sx="M,F,M,M"/><TAIKYOKU oya="0"/><INIT seed="0,0,0,0,4,10" ten="250,250,250,250" oya="0" hai0="125,38,83,3,129,4,41,110,1,58,2,32,50" hai1="56,74,120,87,90,118,76,30,101,94,128,17,93" hai2="111,98,7,109,108,63,29,11,100,104,48,113,22" hai3="43,25,24,0,79,133,95,105,77,18,6,124,8"/><T80/><D125/><U112/><E120/><V68/><F113/><W122/><G105/><T15/><D32/><U84/><E118/><V51/><F63/><W57/><G124/><T33/><D33/><U67/><E30/><V14/><REACH who="2" step="1"/><F68/><REACH who="2" ten="250,250,240,250" step="2"/><W71/><G71/><T121/><D121/><U134/><E112/><V62/><F62/><W132/><G122/><T115/><D115/><U52/><E134/><V16/><F16/><W88/><G18/><T46/><D129/><U40/><E128/><V131/><F131/><W20/><G133/><T126/><D126/><U72/><E17/><V9/><F9/><W26/><G132/><T73/><D110/><U31/><E31/><V99/><F99/><W85/><G20/><T107/><D1/><U5/><E5/><V42/><F42/><W12/><G43/><T37/><D2/><U116/><E40/><V54/><F54/><W21/><G21/><T78/><D3/><U75/><E67/><V36/><F36/><W92/><G0/><T96/><D37/><U27/><E116/><V53/><F53/><W70/><G70/><T119/><D38/><U117/><E117/><V35/><F35/><W61/><G95/><T49/><D119/><U45/><E52/><AGARI ba="0,1" hai="6,8,12,24,25,26,52,57,61,77,79,85,88,92" machi="52" ten="40,8000,1" yaku="8,1,52,1,54,2" doraHai="10" who="3" fromWho="1" sc="250,0,250,-80,240,0,250,90" /><INIT seed="1,0,0,1,0,45" ten="250,170,240,340" oya="1" hai0="82,51,26,73,129,64,39,35,123,86,1,25,57" hai1="95,50,10,0,19,53,87,105,46,49,116,69,130" hai2="88,98,18,96,126,63,113,79,13,41,122,12,31" hai3="48,17,9,16,119,43,134,90,60,70,135,91,62"/><U97/><E116/><V36/><F122/><W6/><G119/><T80/><D123/><U34/><E69/><V29/><F126/><W42/><G70/><T100/><D39/><U14/><E34/><V30/><F79/><W112/><G112/><T127/><D127/><U121/><E121/><V52/><F113/><W66/><G66/><T85/><D1/><U11/><E130/><V32/><F32/><W33/><G33/><T71/><D129/><U114/><E114/><V59/><F36/><W128/><G128/><T118/><D73/><U106/><E0/><V23/><F41/><N who="3" m="15371" /><G48/><T120/><D120/><U94/><E106/><V93/><F98/><W110/><G110/><T65/><D100/><U115/><E115/><V78/><F78/><W61/><G6/><T107/><D107/><U7/><E105/><V24/><AGARI ba="0,0" hai="12,13,18,23,24,29,30,31,52,59,63,88,93,96" machi="24" ten="30,12000,2" yaku="0,1,25,2,8,1,54,2" doraHai="45" who="2" fromWho="2" sc="250,-30,170,-60,240,120,340,-30" /><INIT seed="2,0,0,4,3,13" ten="220,110,360,310" oya="2" hai0="92,127,66,105,97,70,72,84,31,123,106,7,12" hai1="128,107,11,36,113,110,134,87,19,94,0,86,47" hai2="33,71,76,95,42,77,135,68,3,117,67,126,15" hai3="132,24,108,111,83,116,118,64,122,60,133,48,58"/><V112/><F112/><W40/><G83/><T102/><D123/><U119/><E107/><V46/><F117/><N who="3" m="45163" /><G24/><T90/><D127/><U21/><E113/><V98/><F135/><N who="3" m="51787" /><G122/><T121/><D121/><U53/><E119/><V1/><F126/><W18/><G18/><T23/><D72/><U65/><E134/><V63/><F33/><W129/><G129/><T34/><D106/><U5/><E128/><V85/><F71/><W35/><G35/><T79/><D79/><U41/><E110/><N who="3" m="42026" /><G48/><T91/><D91/><U22/><E22/><V39/><F77/><W50/><G50/><T114/><D7/><U55/><E65/><V49/><F76/><W30/><G30/><T61/><D114/><U27/><REACH who="1" step="1"/><E94/><REACH who="1" ten="220,100,360,310" step="2"/><V100/><F95/><W130/><G130/><T81/><D23/><U28/><E28/><V54/><F67/><W99/><G99/><T17/><D92/><U56/><E56/><V73/><F98/><W4/><G4/><T74/><D31/><U125/><E125/><V57/><F57/><W88/><G64/><T89/><D34/><U32/><E32/><V120/><F120/><W80/><G58/><T104/><D104/><U103/><E103/><V75/><F100/><W82/><G60/><T78/><D74/><U69/><E69/><V9/><F63/><W25/><G25/><T124/><D124/><U45/><E45/><N who="2" m="27951" /><F75/><W38/><G38/><T26/><D26/><U44/><E44/><V93/><F73/><W59/><G59/><T10/><AGARI ba="0,1" hai="10,12,17,61,66,70,78,81,84,89,90,97,102,105" machi="10" ten="20,2700,0" yaku="0,1,7,1,52,1" doraHai="13" who="0" fromWho="0" sc="220,37,100,-7,360,-13,310,-7" /><INIT seed="3,0,0,0,5,124" ten="257,93,347,303" oya="3" hai0="113,122,79,85,21,77,84,60,78,73,82,31,126" hai1="1,3,8,50,102,121,34,33,106,24,25,75,120" hai2="22,2,30,118,5,62,114,131,104,117,66,15,109" hai3="4,61,58,127,134,29,115,129,32,52,95,135,45"/><W16/><G129/><T76/><D60/><U112/><E50/><V27/><F131/><W49/><G127/><T105/><D21/><U51/><E51/><V57/><F104/><W36/><G115/><T88/><D31/><U12/><E102/><V43/><F114/><W14/><G36/><T44/><D44/><U65/><E65/><V70/><F43/><W86/><G4/><T83/><D126/><U116/><E75/><V133/><F109/><W100/><G29/><T40/><D40/><U108/><E106/><V103/><F103/><W48/><G32/><T93/><D113/><U20/><E112/><V53/><F133/><N who="3" m="50699" /><G45/><T42/><D42/><U130/><E108/><V19/><F5/><W71/><G71/><T10/><D10/><U39/><E39/><V81/><F2/><W46/><G46/><T54/><D54/><U69/><E69/><V90/><F90/><N who="3" m="53719" /><G100/><T74/><D122/><U72/><E72/><N who="0" m="27753" /><D105/><U6/><E116/><V119/><F81/><AGARI ba="0,0" hai="76,77,78,79,81,82,83,84,85,88,93" m="27753" machi="81" ten="30,12000,2" yaku="35,5,54,1" doraHai="124" who="0" fromWho="2" sc="257,120,93,0,347,-120,303,0" owari="377,47.7,93,-40.7,227,-17.3,303,10.3" /></mjloggm>