<mjloggm ver="2.3"><GO type="225" lobby="0"/><UN n0="%E8%90%BD%E6%97%A5" n1="%E7%99%BD%E6%97%A5%E9%9B%AA%E8%8F%9C" n2="%E3%81%B5%E3%81%98%E3%81%8B%E3%81%A4" n3="%E3%81%86%E3%81%A9%E3%82%93%E3%81%93" dan="16,17,17,16" rate="2166.90,2169.45,2208.80,2135.15" sx="F,M,M,M"/><TAIKYOKU oya="0"/><INIT seed="0,0,0,0,5,115" ten="250,250,250,250" oya="0" hai0="42,80,22,122,111,61,126,32,99,0,69,15,135" hai1="21,92,51,85,18,3,81,35,13,74,73,125,82" hai2="31,62,75,27,36,2,72,64,101,60,88,39,131" hai3="6,33,78,57,10,106,37,84,107,63,23,86,110"/><T96/><D32/><U130/><E3/><V132/><F131/><W87/><G33/><T124/><D0/><U50/><E35/><V30/><F132/><W113/><G113/><T54/><D122/><U48/><E130/><V38/><F101/><W129/><G37/><T97/><D135/><U7/><E125/><N who="0" m="48233" /><D42/><U17/><E7/><V108/><F2/><W98/><G129/><T16/><D111/><U95/><E74/><V76/><F108/><W4/><G110/><T65/><D80/><U90/><REACH who="1" step="1"/><E18/><REACH who="1" ten="250,240,250,250" step="2"/><V20/><F75/><W109/><G4/><T52/><AGARI ba="0,1" hai="15,16,22,52,54,61,65,69,96,97,99" m="48233" machi="52" ten="40,7800,0" yaku="18,1,54,2" doraHai="115" who="0" fromWho="0" sc="250,88,240,-26,250,-26,250,-26" /><INIT seed="0,1,0,5,0,75" ten="338,214,224,224" oya="0" hai0="95,79,7,124,97,121,37,41,87,22,107,82,19" hai1="47,116,96,99,72,60,57,112,59,109,89,135,25" hai2="90,36,115,133,98,83,127,91,38,104,81,108,51" hai3="62,77,92,61,110,65,23,130,40,105,48,106,31"/><T63/><D121/><U15/><E116/><V134/><F51/><W93/><G110/><T12/><D124/><U74/><E109/><V66/><F66/><W118/><G118/><T120/><D120/><U102/><E135/><N who="2" m="51723" /><F108/><W27/><G130/><T70/><D107/><U42/><E112/><V46/><F46/><W13/><G77/><T76/><D37/><N who="2" m="14442" /><F98/><W132/><G132/><T21/><D41/><U30/><E15/><V119/><F104/><W35/><G105/><T43/><D43/><U28/><E96/><V33/><F119/><W123/><G106/><T11/><D70/><U14/><E14/><V114/><F33/><W39/><G39/><T69/><D69/><U45/><E99/><V64/><F64/><W53/><G40/><T56/><D7/><U86/><E42/><V5/><F5/><W1/><G123/><T80/><D56/><U94/><E59/><V78/><F127/><W103/><G103/><T52/><D52/><N who="1" m="33831" /><E102/><V49/><F49/><W68/><G62/><T2/><D63/><U126/><E126/><V4/><F4/><W0/><G0/><T9/><D2/><U34/><E45/><V73/><F83/><W101/><G101/><N who="0" m="60607" /><D11/><U10/><E10/><V54/><F54/><W117/><G1/><T113/><D113/><AGARI ba="1,0" hai="73,78,81,90,91,113,114,115" m="14442,51723" machi="113" ten="40,2600,0" yaku="20,1,52,1" doraHai="75" who="2" fromWho="0" sc="338,-29,214,0,224,29,224,0" /><INIT seed="1,0,0,1,1,104" ten="309,214,253,224" oya="1" hai0="26,19,83,62,72,46,105,33,99,96,112,124,121" hai1="95,53,66,120,7,45,42,98,5,87,36,107,59" hai2="3,74,24,35,77,55,89,91,1,92,115,119,132" hai3="17,64,11,129,134,12,117,79,130,49,50,114,25"/><U8/><E120/><V38/><F119/><W4/><G114/><T110/><D112/><U102/><E66/><V116/><F115/><W100/><G117/><T29/><D110/><U78/><E8/><V60/><F116/><W103/><G79/><T52/><D124/><U111/><E111/><V63/><F38/><W69/><G134/><T101/><D99/><U70/><E70/><V127/><F132/><W82/><G82/><T28/><D28/><U133/><E133/><V18/><F127/><W106/><G64/><T135/><D135/><U65/><E65/><V10/><F91/><W6/><G69/><T97/><D97/><U23/><E23/><V109/><F109/><W30/><G106/><T37/><D19/><U47/><E45/><V67/><F55/><W73/><G73/><T86/><D72/><U27/><E27/><V43/><F43/><W118/><G118/><T48/><D62/><N who="2" m="23594" /><F67/><W16/><G25/><T34/><D37/><U71/><E71/><V84/><F35/><W68/><G68/><T39/><D39/><U22/><E22/><N who="2" m="13399" /><F10/><W13/><G11/><T0/><D0/><U125/><E125/><V85/><F74/><W126/><G126/><T32/><D121/><U131/><E78/><AGARI ba="0,0" hai="26,29,32,33,34,46,48,52,78,83,86,96,101,105" machi="78" ten="30,2000,0" yaku="7,1,54,1" doraHai="104" who="0" fromWho="1" sc="309,20,214,-20,253,0,224,0" /><INIT seed="2,0,0,2,4,11" ten="329,194,253,224" oya="2" hai0="13,110,119,4,90,94,15,81,108,23,133,38,129" hai1="127,89,104,41,51,57,28,74,75,100,93,42,88" hai2="117,111,54,34,2,48,20,77,56,45,113,26,121" hai3="86,9,25,82,5,14,52,71,99,114,55,103,87"/><V123/><F117/><W70/><G114/><T17/><D119/><U101/><E127/><V12/><F113/><W95/><G70/><T36/><D81/><U50/><E93/><V106/><F2/><W66/><G71/><T10/><D129/><U3/><E57/><V134/><F106/><W125/><G125/><T76/><D76/><U18/><E3/><V73/><F134/><W72/><G72/><T135/><D38/><U115/><E18/><V120/><F34/><W107/><G66/><T80/><D80/><U85/><E115/><V124/><F124/><W60/><G60/><T7/><D36/><U22/><E22/><V16/><F111/><N who="0" m="42538" /><D7/><U43/><E43/><V116/><F116/><W40/><G40/><T105/><D105/><U96/><E104/><V64/><F77/><W118/><G118/><T97/><AGARI ba="0,0" hai="4,10,13,15,17,23,90,94,97,133,135" m="42538" machi="97" ten="30,4000,0" yaku="14,1,52,2" doraHai="11" who="0" fromWho="0" sc="329,40,194,-10,253,-20,224,-10" /><INIT seed="3,0,0,5,2,79" ten="369,184,233,214" oya="3" hai0="135,8,100,103,26,16,65,7,131,111,25,55,61" hai1="76,124,71,122,130,106,121,115,75,1,50,68,74" hai2="60,10,57,17,32,22,37,109,66,110,112,82,54" hai3="43,58,73,36,89,27,59,67,72,117,85,108,78"/><W99/><G117/><T12/><D111/><N who="2" m="42506" /><F112/><W14/><G108/><T97/><D131/><U84/><E115/><V53/><F37/><W113/><G113/><T107/><D135/><U64/><E1/><V39/><F39/><W116/><G116/><T70/><D103/><U3/><E3/><V47/><F32/><W87/><G27/><T29/><D55/><U134/><E106/><V33/><F33/><W48/><G36/><T92/><D92/><U123/><E134/><V132/><F10/><W23/><G99/><T51/><D51/><U44/><E130/><V5/><F5/><W9/><G23/><T77/><D77/><U49/><E124/><V45/><F82/><N who="3" m="47319" /><G67/><T24/><REACH who="0" step="1"/><D7/><REACH who="0" ten="359,184,233,214" step="2"/><U93/><E121/><V40/><F132/><W129/><G129/><T126/><D126/><U88/><E122/><V62/><F54/><W94/><G72/><T31/><AGARI ba="0,1" hai="8,12,16,24,25,26,29,31,61,65,70,97,100,107" machi="31" ten="30,4000,0" yaku="1,1,0,1,54,1,53,0" doraHai="79" doraHaiUra="80" who="0" fromWho="0" sc="359,50,184,-10,233,-10,214,-20" owari="409,50.9,174,-32.6,223,2.3,194,-20.6" /></mjloggm>