<mjloggm ver="2.3"><GO type="225" lobby="0"/><UN n0="%E5%B8%86%E7%AB%8B%E5%A4%8F%E8%A1%A3" n1="%72%61%6B%33" n2="%E8%B1%86%59%E5%A4%AA%E9%83%8E" n3="%73%61%6E%64%69%72%69%73" dan="16,17,16,16" rate="2128.21,2147.84,2038.05,2146.83" sx="M,M,M,M"/><TAIKYOKU oya="0"/><INIT seed="0,0,0,1,0,124" ten="250,250,250,250" oya="0" hai0="96,24,91,38,113,82,54,58,95,8,43,125,87" hai1="18,17,3,2,10,20,128,120,117,19,101,85,114" hai2="31,25,46,88,26,83,119,6,29,108,73,0,81" hai3="28,4,111,16,103,97,122,65,68,93,112,127,55"/><T104/><D113/><U23/><E101/><V27/><F119/><W90/><G112/><T102/><D125/><U135/><E85/><V9/><F108/><W50/><G111/><T41/><D38/><U69/><E69/><V21/><F81/><W89/><G127/><T61/><D8/><U86/><E86/><V30/><F46/><W60/><G122/><T92/><D104/><U53/><E53/><V100/><F100/><W132/><G132/><T116/><D116/><U123/><E114/><V129/><F88/><W109/><G109/><T52/><D82/><U106/><E106/><V121/><F83/><W63/><G4/><T11/><D11/><U40/><E40/><V79/><F79/><W13/><G28/><N who="2" m="10857" /><F73/><W22/><REACH who="3" step="1"/><G63/><REACH who="3" ten="250,250,250,240" step="2"/><T35/><D35/><U77/><E117/><V78/><F121/><W110/><G110/><T130/><D130/><U62/><E128/><V44/><F78/><W1/><G1/><T56/><REACH who="0" step="1"/><D24/><REACH who="0" ten="240,250,250,240" step="2"/><N who="2" m="9322" /><F44/><AGARI ba="0,2" hai="13,16,22,44,50,55,60,65,68,89,90,93,97,103" machi="44" ten="30,7700,0" yaku="1,1,7,1,54,1,53,1" doraHai="124" doraHaiUra="42" who="3" fromWho="2" sc="240,0,250,0,250,-77,240,97" /><INIT seed="1,0,0,0,0,58" ten="240,250,173,337" oya="1" hai0="111,104,77,62,96,88,5,83,134,99,51,37,76" hai1="26,103,100,124,70,23,69,38,84,44,61,80,64" hai2="21,107,130,52,113,71,45,135,101,22,98,67,112" hai3="59,57,129,48,94,127,92,53,72,56,41,102,93"/><U43/><E124/><V0/><F0/><W63/><G72/><T89/><D37/><U40/><E70/><V131/><F135/><W6/><G127/><T15/><D134/><U24/><E40/><V28/><F67/><W79/><G129/><N who="2" m="49161" /><F71/><W125/><G125/><T35/><D35/><U13/><E13/><V3/><F3/><W34/><G34/><T68/><D111/><U17/><REACH who="1" step="1"/><E24/><REACH who="1" ten="240,240,173,337" step="2"/><N who="2" m="16399" /><F22/><W4/><G41/><T74/><D15/><U119/><E119/><V123/><F123/><W116/><G116/><T1/><D1/><U75/><E75/><V118/><F118/><W85/><G53/><T128/><D74/><U121/><E121/><V10/><F10/><W90/><G4/><T109/><D5/><U9/><E9/><V49/><AGARI ba="0,1" hai="45,49,52,98,101,107,112,113" m="16399,49161" machi="49" ten="30,2000,0" yaku="19,1,54,1" doraHai="58" who="2" fromWho="2" sc="240,-5,240,-10,173,30,337,-5" /><INIT seed="2,0,0,5,5,129" ten="235,230,203,332" oya="2" hai0="134,118,98,39,35,93,28,100,72,94,34,84,125" hai1="44,51,85,62,27,121,15,95,30,18,108,5,115" hai2="88,55,9,104,99,54,71,89,19,56,1,70,25" hai3="64,13,8,113,22,117,107,16,17,114,92,130,110"/><V50/><F55/><W42/><G107/><T80/><D39/><U0/><E108/><V91/><F1/><W37/><G117/><T124/><D118/><U43/><E115/><N who="3" m="44042" /><G110/><T67/><D67/><U23/><E121/><V33/><F33/><W133/><G130/><T68/><D68/><U96/><E85/><V60/><F60/><W87/><G64/><T20/><D20/><U74/><E74/><V53/><F53/><W76/><G37/><T106/><D134/><U97/><E62/><V2/><F2/><W83/><G42/><T103/><D28/><U101/><E97/><V36/><F36/><W32/><G32/><T63/><D63/><U29/><E0/><V26/><F104/><W11/><G133/><T79/><D35/><U3/><E3/><V105/><F9/><AGARI ba="0,0" hai="5,9,15,18,23,27,29,30,43,44,51,95,96,101" machi="9" ten="40,1300,0" yaku="8,1" doraHai="129" who="1" fromWho="2" sc="235,0,230,13,203,-13,332,0" /><INIT seed="3,0,0,2,4,4" ten="235,243,190,332" oya="3" hai0="18,34,23,65,15,82,0,84,46,74,93,38,63" hai1="70,60,71,3,1,109,80,39,89,135,115,2,91" hai2="99,94,72,90,78,106,11,35,6,98,111,130,95" hai3="92,131,102,67,29,85,45,101,47,97,79,13,42"/><W68/><G131/><T37/><D34/><U30/><E115/><V54/><F35/><W86/><G68/><T120/><D120/><U48/><E39/><V125/><F130/><W5/><G67/><T40/><D0/><U41/><E30/><V132/><F132/><W49/><G29/><T103/><D74/><U32/><E32/><V119/><F119/><W57/><G79/><T66/><D38/><U114/><E114/><V20/><F125/><W21/><G57/><T17/><D63/><U61/><E80/><V134/><F106/><W16/><G5/><T81/><D81/><U100/><E100/><N who="3" m="38506" /><G47/><T112/><D112/><U27/><E27/><V62/><F78/><W104/><G104/><T10/><D103/><AGARI ba="0,0" hai="13,16,21,42,45,49,85,86,92,97,103" m="38506" machi="103" ten="30,2900,0" yaku="8,1,54,1" doraHai="4" who="3" fromWho="0" sc="235,-29,243,0,190,0,332,29" owari="206,-19.4,243,4.3,190,-31.0,361,46.1" /></mjloggm>