<mjloggm ver="2.3"><GO type="225" lobby="0"/><UN n0="%72%69%6F%75%63%68%61%6E" n1="%E6%80%AA%E3%81%97%E3%81%99%E3%81%8E%E3%82%8B%E3%83%81%E3%83%BC" n2="%E3%81%A1%E3%82%85%E3%81%86%E3%81%A9%E3%81%8F%E8%B1%A1%E3%81%95%E3%82%93" n3="%E3%81%9F%E3%81%A3%E3%81%A1%E3%82%87" dan="17,16,17,16" rate="2233.69,2157.03,2236.02,2073.36" sx="M,M,M,M"/><TAIKYOKU oya="0"/><INIT seed="0,0,0,5,3,49" ten="250,250,250,250" oya="0" hai0="8,20,98,28,0,111,14,36,120,63,92,55,99" hai1="128,75,123,12,79,43,40,16,125,86,54,66,76" hai2="80,119,61,23,73,82,34,38,69,114,13,5,71" hai3="27,121,62,106,135,56,37,53,15,116,129,31,122"/><T24/><D120/><N who="3" m="46185" /><G116/><T18/><D111/><U131/><E75/><V77/><F114/><W3/><G106/><T74/><D36/><U51/><E125/><V25/><F119/><W81/><G3/><T87/><D74/><U6/><E6/><V26/><F38/><W1/><G1/><T115/><D115/><U96/><E66/><V52/><F82/><W58/><G135/><T101/><D0/><U11/><E96/><V93/><F93/><W118/><G118/><T78/><D98/><U134/><E134/><V42/><F42/><N who="1" m="15913" /><E86/><V45/><F34/><N who="3" m="20863" /><G37/><T95/><D95/><U4/><E4/><V133/><F133/><W103/><G81/><T124/><D124/><U89/><E89/><V9/><F25/><W7/><G103/><T2/><D2/><U88/><E88/><V104/><F104/><W67/><G129/><N who="1" m="49738" /><E123/><V10/><F10/><N who="3" m="4575" /><G58/><AGARI ba="0,0" hai="11,12,16,51,54,58,76,79" m="49738,15913" machi="58" ten="30,3900,0" yaku="19,1,52,1,54,1" doraHai="49" who="1" fromWho="3" sc="250,0,250,39,250,0,250,-39" /><INIT seed="1,0,0,5,3,80" ten="250,289,250,211" oya="1" hai0="61,132,9,123,108,119,42,98,63,12,65,125,134" hai1="39,68,49,116,70,131,106,84,81,133,17,121,87" hai2="110,76,135,86,25,85,53,5,57,92,127,22,36" hai3="97,60,69,50,95,28,2,90,47,117,29,8,91"/><U129/><BYE who="2" /><E116/><UN n2="%E3%81%A1%E3%82%85%E3%81%86%E3%81%A9%E3%81%8F%E8%B1%A1%E3%81%95%E3%82%93" /><V82/><F36/><W35/><G117/><T7/><D119/><U74/><E39/><V27/><F110/><W124/><G124/><T113/><D113/><U122/><E106/><V115/><F127/><W40/><G35/><T37/><D125/><U33/><E33/><V20/><F5/><W73/><G73/><T23/><D108/><U43/><E17/><N who="2" m="12431" /><F115/><W14/><G2/><T71/><D123/><N who="1" m="47115" /><E133/><N who="0" m="51305" /><D61/><U120/><E120/><V10/><F10/><W55/><G91/><T130/><D130/><N who="1" m="49675" /><E74/><V6/><F6/><W11/><G69/><N who="1" m="26730" /><E81/><V62/><F135/><W77/><G77/><T0/><D23/><U88/><E88/><N who="2" m="53263" /><F22/><W48/><G60/><T83/><D83/><U102/><E102/><V19/><F19/><W105/><G8/><T52/><D0/><U103/><E103/><V56/><F56/><N who="3" m="32871" /><G105/><T99/><D37/><U16/><E16/><AGARI ba="0,0" hai="11,14,16,28,29,40,47,50,90,95,97" m="32871" machi="16" ten="30,2000,0" yaku="8,1,54,1" doraHai="80" who="3" fromWho="1" sc="250,0,289,-20,250,0,211,20" /><INIT seed="2,0,0,2,0,41" ten="250,269,250,231" oya="2" hai0="78,2,112,124,95,9,31,113,84,53,33,97,23" hai1="10,14,64,52,128,106,111,70,15,28,91,92,8" hai2="117,94,83,116,18,125,130,12,60,58,102,96,79" hai3="122,101,59,0,51,114,129,1,39,86,25,85,131"/><V66/><F125/><W89/><G122/><T43/><D124/><U133/><E106/><V74/><REACH who="2" step="1"/><F130/><REACH who="2" ten="250,269,240,231" step="2"/><W55/><G129/><T49/><D113/><U80/><E128/><V118/><F118/><W115/><G131/><T34/><D112/><U35/><E133/><V22/><AGARI ba="0,1" hai="12,18,22,58,60,66,74,79,83,94,96,102,116,117" machi="22" ten="20,3900,0" yaku="1,1,0,1,7,1,53,0" doraHai="41" doraHaiUra="126" who="2" fromWho="2" sc="250,-13,269,-13,240,49,231,-13" /><INIT seed="2,1,0,4,1,102" ten="237,256,289,218" oya="2" hai0="89,110,47,93,127,119,32,112,55,24,27,26,15" hai1="77,109,38,40,12,22,1,37,17,41,84,98,30" hai2="25,88,50,94,129,99,131,83,124,78,67,33,128" hai3="71,4,125,20,92,39,103,100,133,96,45,44,75"/><V86/><F124/><W3/><G125/><T31/><D110/><U59/><E109/><V66/><REACH who="2" step="1"/><F50/><REACH who="2" ten="237,256,279,218" step="2"/><W134/><G133/><T87/><D127/><U126/><E126/><V79/><F79/><W95/><G134/><T8/><D112/><U69/><E77/><V132/><F132/><W34/><G39/><T58/><D119/><U9/><E37/><V61/><F61/><W10/><G75/><T42/><D42/><U76/><E41/><V51/><F51/><W74/><G74/><T62/><REACH who="0" step="1"/><D47/><REACH who="0" ten="227,256,279,218" step="2"/><U107/><E40/><V56/><F56/><W43/><G44/><T113/><D113/><U19/><E59/><V28/><AGARI ba="1,2" hai="25,28,33,66,67,78,83,86,88,94,99,128,129,131" machi="28" ten="40,12000,1" yaku="1,1,0,1,19,1,54,1,53,1" doraHai="102" doraHaiUra="23" who="2" fromWho="2" sc="227,-41,256,-41,279,143,218,-41" /><INIT seed="2,2,0,5,0,99" ten="186,215,422,177" oya="2" hai0="54,67,19,101,30,104,113,94,88,27,105,28,59" hai1="100,70,35,73,78,81,66,56,122,107,7,34,23" hai2="26,63,82,5,125,8,38,87,95,84,120,92,45" hai3="109,102,22,11,43,3,36,16,13,77,2,62,60"/><V50/><F38/><W39/><G109/><T89/><D113/><U131/><E122/><V41/><F125/><W21/><G77/><T33/><D67/><U97/><E131/><V76/><F120/><W116/><G116/><T130/><D130/><U31/><E7/><V83/><F26/><W32/><G32/><T65/><D65/><U103/><E70/><V111/><F63/><W15/><G102/><T12/><D28/><U18/><E103/><V118/><F118/><W114/><G114/><T106/><D101/><U25/><E18/><V123/><F123/><W37/><G43/><T110/><D110/><U128/><E128/><V46/><F46/><W124/><G124/><T40/><D40/><U132/><E132/><V49/><F49/><W17/><REACH who="3" step="1"/><G11/><REACH who="3" ten="186,215,422,167" step="2"/><T91/><D94/><U24/><E35/><V121/><F111/><W1/><AGARI ba="2,1" hai="1,2,3,13,15,16,17,21,22,36,37,39,60,62" machi="1" ten="40,8000,1" yaku="1,1,2,1,0,1,9,1,54,1,53,0" doraHai="99" doraHaiUra="72" who="3" fromWho="3" sc="186,-22,215,-22,422,-42,167,96" /><INIT seed="3,0,0,4,3,106" ten="164,193,380,263" oya="3" hai0="123,107,115,67,86,58,90,79,26,61,0,6,108" hai1="17,66,38,132,60,104,110,1,41,47,91,36,126" hai2="134,51,103,31,111,55,81,39,65,77,125,133,117" hai3="92,53,57,25,20,30,114,87,23,85,88,7,48"/><W63/><G114/><T124/><D123/><U46/><E104/><V119/><F111/><W16/><G7/><T109/><D115/><U73/><E73/><N who="2" m="43183" /><F39/><W131/><G131/><T121/><D121/><U9/><E126/><V4/><F125/><W89/><G89/><T105/><D124/><U68/><E132/><N who="2" m="50795" /><F103/><W84/><G63/><T64/><D67/><U83/><E110/><N who="0" m="42601" /><D79/><U35/><E35/><V29/><F4/><W14/><AGARI ba="0,0" hai="14,16,20,23,25,30,48,53,57,84,85,87,88,92" machi="14" ten="20,18000,2" yaku="0,1,7,1,25,2,8,1,54,2" doraHai="106" who="3" fromWho="3" sc="164,-60,193,-60,380,-60,263,180" owari="104,-39.6,133,-26.7,320,12.0,443,54.3" /></mjloggm>