<mjloggm ver="2.3"><GO type="225" lobby="0"/><UN n0="%E3%83%AB%E3%83%9B%E3%83%B3%E3%83%87%E3%82%A3%E3%82%A8" n1="%E3%82%82%E3%81%90%E3%82%89" n2="%E3%81%A1%E3%82%85%E3%81%86%E3%81%A9%E3%81%8F%E8%B1%A1%E3%81%95%E3%82%93" n3="%E6%A0%B9%E5%85%83%E3%81%8B%E3%82%89%E5%90%B9%E3%81%A3%E9%A3%9B%E3%81%B6" dan="16,16,17,16" rate="2158.04,2177.77,2185.44,2185.12" sx="M,M,M,F"/><TAIKYOKU oya="0"/><INIT seed="0,0,0,4,4,4" ten="250,250,250,250" oya="0" hai0="60,113,116,119,84,7,72,95,90,125,131,122,32" hai1="43,52,0,36,117,89,114,78,30,74,93,56,121" hai2="107,101,83,134,77,94,9,1,98,128,124,65,28" hai3="91,132,15,64,120,31,13,50,62,17,53,99,112"/><T39/><D122/><U103/><E117/><V104/><F134/><W20/><G112/><T45/><D113/><U118/><E118/><V68/><F128/><W46/><G132/><T106/><D32/><U41/><E121/><V8/><F124/><W127/><G127/><T21/><D125/><U16/><E36/><V59/><F68/><W19/><G120/><T12/><D106/><U75/><E114/><V81/><F1/><W54/><G31/><T40/><D72/><U35/><E0/><V37/><F37/><W109/><G109/><T97/><D131/><U34/><E103/><V92/><F28/><W44/><G99/><T80/><D60/><U110/><E110/><V26/><F26/><W79/><G79/><T23/><D23/><U3/><E3/><V11/><F94/><W130/><G91/><T5/><D5/><U135/><E75/><V133/><F133/><W25/><G130/><T49/><D39/><U123/><E30/><V71/><F71/><W102/><G102/><T67/><D67/><U108/><E34/><V24/><F24/><W105/><G105/><T42/><D42/><U6/><E6/><V85/><REACH who="2" step="1"/><F81/><REACH who="2" ten="250,250,240,250" step="2"/><W61/><G25/><T48/><D119/><U29/><E29/><V55/><F55/><W14/><G64/><T51/><D116/><U76/><E35/><V18/><F18/><W2/><G2/><T33/><D33/><U88/><E135/><V63/><AGARI ba="0,1" hai="8,9,11,59,63,65,77,83,85,92,98,101,104,107" machi="63" ten="30,8000,1" yaku="1,1,0,1,52,3,53,0" doraHai="4" doraHaiUra="38" who="2" fromWho="2" sc="250,-40,250,-20,240,90,250,-20" /><INIT seed="1,0,0,1,1,34" ten="210,230,330,230" oya="1" hai0="103,27,76,82,56,54,65,37,86,32,117,106,38" hai1="4,62,63,96,57,40,2,61,52,45,81,107,9" hai2="95,23,16,60,53,48,87,5,73,8,24,115,15" hai3="94,72,66,118,102,6,128,112,1,133,124,22,31"/><U99/><E81/><V98/><F73/><W41/><G112/><T58/><D117/><U104/><E104/><V131/><F131/><W109/><G72/><T100/><D106/><U67/><E107/><V92/><F115/><W130/><G41/><T11/><D37/><U64/><E64/><V108/><F108/><W83/><G66/><T14/><D38/><U51/><REACH who="1" step="1"/><E63/><REACH who="1" ten="210,220,330,230" step="2"/><V77/><F60/><W121/><G83/><T10/><D65/><U113/><E113/><V85/><F77/><W7/><G130/><T33/><D82/><U111/><E111/><V50/><F95/><W78/><G128/><T49/><D76/><U125/><E125/><V46/><F50/><W20/><G124/><T120/><D49/><U91/><E91/><AGARI ba="0,1" hai="5,8,15,16,23,24,46,48,53,85,87,91,92,98" machi="91" ten="30,3900,0" yaku="7,1,8,1,54,1" doraHai="34" who="2" fromWho="1" sc="210,0,220,-39,330,49,230,0" /><INIT seed="2,0,0,4,0,122" ten="210,181,379,230" oya="2" hai0="51,49,105,112,134,79,43,126,71,52,26,65,108" hai1="45,64,90,96,103,102,8,50,66,28,78,124,11" hai2="12,121,131,77,23,93,14,98,95,59,118,89,53" hai3="31,27,25,82,117,41,76,42,7,115,17,129,97"/><V68/><F121/><W56/><G117/><T2/><D105/><U62/><E124/><V87/><F68/><W99/><G129/><T75/><D2/><U22/><E78/><V1/><F1/><W120/><G120/><T81/><D112/><U24/><E90/><V107/><F107/><W127/><G127/><T70/><D126/><U58/><E66/><V35/><F35/><W46/><G7/><T84/><D75/><U0/><E0/><V63/><F131/><W18/><G56/><T55/><D43/><N who="3" m="16393" /><G46/><T5/><D5/><U16/><E28/><V13/><F118/><W85/><G115/><T100/><D100/><N who="1" m="38443" /><E96/><N who="3" m="36938" /><G31/><T101/><D101/><U20/><E20/><V60/><F60/><W132/><G132/><T123/><D123/><U116/><E116/><V135/><F135/><W111/><G111/><T36/><D36/><U9/><E9/><V4/><F4/><W6/><G6/><T73/><D73/><U34/><E34/><V21/><F95/><W92/><G92/><T104/><D104/><U37/><E37/><V61/><F61/><W32/><G32/><T69/><D134/><U38/><E38/><V10/><F10/><W40/><G40/><AGARI ba="0,0" hai="8,11,16,22,24,40,45,50,58,62,64" m="38443" machi="40" ten="30,2000,0" yaku="8,1,54,1" doraHai="122" who="1" fromWho="3" sc="210,0,181,20,379,0,230,-20" /><INIT seed="3,0,0,0,3,110" ten="210,201,379,210" oya="3" hai0="23,37,133,107,30,69,120,130,11,5,108,43,111" hai1="129,80,122,96,54,52,64,109,4,88,98,3,39" hai2="68,19,46,24,115,81,131,77,99,83,72,106,114" hai3="60,135,104,101,8,13,128,67,51,21,42,103,71"/><W97/><G128/><T45/><D107/><U134/><E122/><V7/><F68/><W93/><G135/><T14/><D120/><U63/><E109/><N who="0" m="42057" /><D130/><U47/><E129/><V74/><F131/><W36/><G21/><T127/><D69/><U58/><E134/><V78/><F7/><W117/><G117/><T70/><D70/><U113/><E113/><V92/><F106/><W50/><G36/><T20/><D133/><U26/><E3/><V22/><F46/><W31/><G31/><T82/><D127/><U2/><E39/><V25/><F25/><W17/><G42/><T12/><D30/><U38/><E38/><V49/><F49/><W75/><G75/><T66/><D66/><U91/><E26/><V125/><F125/><W0/><G0/><N who="0" m="423" /><D82/><U10/><E80/><V15/><F24/><W65/><G65/><T27/><D27/><U90/><REACH who="1" step="1"/><E64/><REACH who="1" ten="210,191,379,210" step="2"/><V84/><F72/><W132/><REACH who="3" step="1"/><G132/><REACH who="3" ten="210,191,379,200" step="2"/><T119/><D119/><U16/><E16/><V62/><F19/><W105/><G105/><T76/><D37/><U6/><E6/><V9/><F74/><W116/><G116/><T44/><D43/><U32/><E32/><V95/><F22/><W118/><G118/><T18/><D23/><U126/><E126/><V35/><F35/><W57/><G57/><T73/><D20/><U56/><E56/><V33/><F33/><W48/><G48/><AGARI ba="0,2" hai="2,4,10,47,48,52,54,58,63,88,90,91,96,98" machi="48" ten="40,5200,0" yaku="1,1,54,2,53,0" doraHai="110" doraHaiUra="102" who="1" fromWho="3" sc="210,0,191,72,379,0,200,-52" owari="210,-19.0,263,6.3,379,47.9,148,-35.2" /></mjloggm>