<mjloggm ver="2.3"><GO type="225" lobby="0"/><UN n0="%E3%82%A2%E3%83%BC%E3%83%A2%E3%83%AD%E3%83%BC%E3%83%B4%E3%82%A1" n1="%E6%A1%9C%E8%8A%B1%E9%96%83%E3%80%85" n2="%E3%83%99%E3%83%AB%E3%83%A2%E3%83%83%E3%83%88" n3="%E4%BA%95%E5%B8%AF" dan="16,16,16,16" rate="2136.06,2122.52,2096.50,2049.39" sx="M,M,M,M"/><TAIKYOKU oya="0"/><INIT seed="0,0,0,2,5,56" ten="250,250,250,250" oya="0" hai0="64,12,102,58,116,109,72,74,73,129,30,78,11" hai1="35,46,84,61,122,21,49,118,106,3,40,128,41" hai2="103,47,79,19,110,96,51,24,20,10,87,90,39" hai3="4,25,108,60,66,18,31,44,5,83,88,121,100"/><T101/><D116/><U71/><E118/><V55/><F110/><W107/><G108/><T57/><D109/><U2/><E35/><V133/><F39/><W48/><G121/><T94/><D129/><U29/><E122/><V76/><F133/><W117/><G18/><T28/><D78/><U54/><E106/><V112/><F112/><W131/><G131/><T13/><D94/><U43/><E128/><V52/><F55/><W15/><G15/><N who="0" m="5707" /><D64/><U63/><E71/><V86/><F10/><W22/><G117/><T42/><D42/><U123/><E123/><V67/><F67/><W37/><G37/><T0/><D0/><U14/><E84/><V62/><F87/><W105/><G83/><T93/><D93/><U8/><E2/><V50/><F62/><N who="1" m="23561" /><E3/><V91/><F51/><W82/><G107/><T89/><D89/><N who="2" m="33802" /><F86/><N who="3" m="50263" /><G100/><N who="0" m="38507" /><D11/><U65/><E65/><V85/><F85/><W17/><G105/><T92/><D92/><U97/><E97/><V99/><F103/><W75/><G75/><N who="0" m="19203" /><T32/><DORA hai="38" /><D32/><U6/><E54/><V104/><F104/><W70/><G70/><T134/><D134/><U34/><E34/><V16/><F79/><W119/><G119/><T115/><D115/><U135/><E135/><V126/><F76/><W45/><G66/><T111/><D111/><U125/><E41/><V77/><F77/><W98/><G98/><T69/><D69/><U127/><E43/><V114/><F99/><W120/><G60/><T124/><D124/><U68/><E68/><V81/><F114/><W59/><G48/><T1/><D1/><U9/><E9/><RYUUKYOKU ba="0,0" sc="250,15,250,15,250,-15,250,-15" hai0="28,30,57,58" hai1="6,8,14,21,29,40,46,49,125,127" /><INIT seed="0,1,0,4,4,18" ten="265,265,235,235" oya="0" hai0="29,110,69,107,49,94,41,99,98,3,132,92,103" hai1="17,15,111,45,86,102,126,53,123,66,60,81,84" hai2="21,61,72,13,121,113,39,116,90,114,8,130,101" hai3="19,50,25,4,119,10,125,44,26,129,100,120,24"/><T28/><D3/><U52/><E111/><V0/><F121/><W48/><G119/><T93/><D69/><U135/><E135/><V38/><F101/><W58/><G125/><T34/><D132/><U30/><E123/><V75/><F0/><W73/><G129/><T133/><D133/><U47/><E30/><N who="0" m="11881" /><D107/><U106/><E126/><V5/><F130/><W131/><G73/><T2/><D2/><U91/><E86/><V20/><F116/><W67/><G100/><N who="0" m="60487" /><D34/><U104/><E102/><V78/><F113/><W42/><G131/><T80/><D110/><U65/><E104/><V124/><F124/><W108/><G108/><T134/><D134/><U27/><E27/><V6/><F114/><W97/><G97/><T74/><D74/><U32/><E32/><V64/><F75/><W36/><G120/><T46/><D93/><U83/><E83/><AGARI ba="1,0" hai="41,46,49,80,83,94,99,103" m="60487,11881" machi="83" ten="30,1500,0" yaku="8,1" doraHai="18" who="0" fromWho="1" sc="265,18,265,-18,235,0,235,0" /><INIT seed="0,2,0,4,4,92" ten="283,247,235,235" oya="0" hai0="39,49,77,6,106,107,74,38,123,5,52,18,115" hai1="58,73,4,25,125,2,9,96,26,14,10,40,12" hai2="134,124,11,91,23,67,80,0,47,63,76,105,48" hai3="53,30,7,133,87,54,35,15,97,129,111,126,114"/><T75/><D115/><U108/><E73/><V1/><F124/><W21/><G87/><T118/><D118/><U100/><E108/><V32/><F32/><W37/><G37/><T78/><D49/><U59/><E40/><V71/><F134/><W101/><G114/><T13/><D13/><U42/><E42/><V60/><F60/><W132/><G111/><T8/><D8/><U27/><E125/><V34/><F34/><W86/><G86/><T22/><D22/><U70/><E70/><V95/><F105/><W98/><G126/><T19/><REACH who="0" step="1"/><D52/><REACH who="0" ten="273,247,235,235" step="2"/><U62/><E2/><V135/><F23/><W72/><G54/><T112/><D112/><U55/><E55/><V20/><F20/><W43/><G53/><T31/><D31/><U85/><E12/><V130/><F11/><W104/><G21/><T24/><D24/><U45/><E10/><V46/><F48/><W17/><G15/><T122/><AGARI ba="2,1" hai="5,6,18,19,38,39,74,75,77,78,106,107,122,123" machi="122" ten="25,9600,0" yaku="1,1,0,1,22,2,53,0" doraHai="92" doraHaiUra="82" who="0" fromWho="0" sc="273,112,247,-34,235,-34,235,-34" /><INIT seed="0,3,0,5,1,115" ten="385,213,201,201" oya="0" hai0="17,61,8,88,46,31,128,15,134,110,105,11,33" hai1="98,113,52,94,74,102,37,104,112,132,93,0,109" hai2="80,20,100,65,69,14,124,21,49,116,81,106,10" hai3="18,87,42,26,86,54,96,82,62,60,114,127,25"/><T92/><D134/><U64/><E0/><V67/><F69/><W4/><G127/><T95/><D128/><U45/><E132/><V9/><F100/><W125/><G125/><T1/><D105/><U41/><E109/><V71/><F71/><W27/><G42/><T122/><D122/><U43/><E74/><V91/><F124/><W35/><G4/><T121/><D121/><U123/><E123/><V101/><F101/><W34/><G114/><N who="1" m="44138" /><E64/><V7/><F49/><W30/><G96/><T78/><D78/><U133/><E133/><V23/><F106/><W119/><G119/><T58/><D95/><N who="1" m="36363" /><E43/><V59/><F116/><W76/><G35/><T90/><D110/><U57/><E57/><V51/><F10/><W47/><G86/><T77/><D77/><U70/><E70/><V2/><F2/><W24/><REACH who="3" step="1"/><G18/><REACH who="3" ten="385,213,201,191" step="2"/><T85/><D33/><U50/><E41/><V75/><F75/><W19/><G19/><T120/><D120/><U6/><E37/><V63/><F80/><W13/><G13/><T36/><D1/><U135/><E135/><V107/><F81/><W32/><G32/><T44/><D36/><U73/><E73/><V99/><F107/><W111/><G111/><T3/><D3/><U28/><E28/><V68/><F99/><W56/><G56/><T40/><D31/><U39/><E39/><V72/><F72/><W103/><G103/><T97/><D40/><U66/><E6/><V38/><F38/><W48/><AGARI ba="3,1" hai="24,25,26,27,30,34,47,48,54,60,62,76,82,87" machi="48" ten="30,2000,0" yaku="1,1,0,1,53,0" doraHai="115" doraHaiUra="117" who="3" fromWho="3" sc="385,-13,213,-8,201,-8,191,39" /><INIT seed="1,0,0,2,0,41" ten="372,205,193,230" oya="1" hai0="124,30,7,117,59,115,122,25,4,60,126,21,127" hai1="24,9,33,90,45,87,82,3,51,68,22,109,80" hai2="100,110,106,94,11,131,135,95,42,56,64,98,53" hai3="67,66,114,61,75,43,108,1,12,132,16,34,79"/><U77/><E68/><V120/><F120/><W92/><G114/><T97/><D115/><U99/><E33/><V47/><F110/><W123/><G123/><T128/><D122/><U13/><E3/><V73/><F73/><W81/><G1/><T116/><D128/><U38/><E38/><V8/><F131/><W88/><G132/><T121/><D97/><U48/><E109/><V14/><F64/><W84/><G108/><T74/><D74/><U29/><E99/><V10/><F135/><W57/><G34/><T6/><D121/><U15/><E51/><V125/><F125/><W44/><G57/><T52/><AGARI ba="0,0" hai="4,6,7,21,25,30,52,59,60,116,117,124,126,127" machi="52" ten="40,5200,0" yaku="0,1,18,1,54,1" doraHai="41" who="0" fromWho="0" sc="372,52,205,-26,193,-13,230,-13" /><INIT seed="2,0,0,5,5,11" ten="424,179,180,217" oya="2" hai0="82,58,99,96,48,124,33,119,74,4,65,95,25" hai1="68,21,52,28,62,97,16,23,2,91,64,110,66" hai2="134,133,69,38,0,12,50,106,6,22,102,53,112" hai3="108,114,76,37,51,93,46,41,103,17,14,129,31"/><V86/><F38/><W5/><G108/><T67/><D4/><U19/><E110/><V125/><F69/><W34/><G129/><T55/><D99/><U1/><E28/><V100/><F0/><W10/><G76/><T57/><D57/><N who="1" m="35111" /><E68/><V71/><F71/><W72/><G72/><T122/><D122/><U63/><E1/><V18/><F112/><W8/><G114/><T73/><D124/><U118/><E2/><V29/><F125/><W43/><G34/><T70/><D82/><U30/><E30/><V39/><F39/><W130/><G31/><T44/><D25/><N who="1" m="14503" /><E63/><V42/><F42/><W107/><G107/><T24/><D119/><U80/><E118/><V79/><F106/><W88/><G130/><T113/><D73/><U116/><E116/><V54/><F29/><W126/><G37/><T83/><D70/><U78/><E78/><V15/><F54/><W75/><G75/><T90/><D74/><U121/><E121/><V77/><F77/><W27/><G43/><T85/><D113/><U98/><E80/><N who="2" m="47391" /><F133/><W60/><G126/><T84/><D83/><U45/><E45/><N who="2" m="27855" /><F134/><W7/><G60/><N who="0" m="38039" /><D67/><N who="1" m="25643" /><E91/><V87/><F87/><N who="0" m="33354" /><D33/><U105/><E105/><V9/><AGARI ba="0,0" hai="6,9,12,15,18,22,100,102" m="27855,47391" machi="9" ten="30,6000,0" yaku="8,1,52,2" doraHai="11" who="2" fromWho="2" sc="424,-20,179,-20,180,60,217,-20" /><INIT seed="2,1,0,3,2,48" ten="404,159,240,197" oya="2" hai0="70,6,26,68,79,41,11,35,66,44,31,118,126" hai1="17,37,24,15,109,40,46,93,119,113,71,34,9" hai2="89,5,38,102,87,78,57,133,112,50,62,33,42" hai3="120,45,124,107,76,1,132,88,74,131,104,47,54"/><V92/><F33/><W90/><G120/><T86/><D126/><U8/><E109/><V7/><F38/><W105/><G1/><T20/><D66/><U2/><E113/><V110/><F133/><W98/><G124/><T97/><D97/><U22/><E119/><V4/><F112/><W30/><G132/><T51/><D118/><U67/><E2/><V59/><F102/><W39/><G131/><T21/><D20/><U99/><E67/><V0/><F0/><W19/><G30/><T125/><D21/><U73/><E73/><V16/><F78/><W108/><G108/><T117/><D125/><U63/><E63/><V55/><F42/><W3/><G3/><T128/><D128/><U77/><E77/><V69/><F69/><W134/><G19/><T106/><D106/><U85/><E85/><V116/><F110/><W53/><G98/><T103/><D103/><U123/><E71/><V82/><F116/><W49/><G134/><T72/><D72/><U43/><E43/><V32/><F32/><W58/><G39/><T36/><D36/><U65/><E65/><N who="2" m="39119" /><F16/><W61/><REACH who="3" step="1"/><G45/><REACH who="3" ten="404,159,240,187" step="2"/><T111/><D111/><U52/><E123/><V80/><AGARI ba="1,1" hai="4,5,7,50,55,59,80,82,87,89,92" m="39119" machi="80" ten="30,3000,0" yaku="8,1,52,1" doraHai="48" who="2" fromWho="2" sc="404,-11,159,-11,240,43,187,-11" /><INIT seed="2,2,0,0,1,126" ten="393,148,283,176" oya="2" hai0="64,37,82,90,97,120,95,87,66,40,117,48,12" hai1="81,39,51,89,1,25,122,35,79,6,104,100,58" hai2="129,45,60,119,5,101,18,50,127,54,115,78,44" hai3="10,114,68,121,62,20,107,131,46,103,111,11,109"/><V74/><F119/><W55/><G121/><T41/><D37/><U27/><E39/><V23/><F5/><W99/><G114/><T42/><D120/><U7/><E122/><V43/><F127/><W8/><G20/><T2/><D2/><U15/><E1/><V67/><F101/><W80/><G80/><T34/><D34/><U57/><E89/><V9/><F9/><W26/><G26/><T36/><D36/><U3/><E3/><V61/><F61/><W13/><G13/><T84/><D117/><U24/><E35/><V28/><F28/><W22/><G22/><T77/><D48/><U112/><E112/><V93/><F93/><W98/><G98/><T75/><D12/><U86/><E51/><V128/><F115/><W113/><G113/><T83/><D75/><U116/><E116/><V106/><F106/><W72/><G72/><T59/><D59/><U70/><E70/><V31/><F31/><W19/><G19/><T134/><D134/><U135/><E135/><V38/><F78/><AGARI ba="2,0" hai="40,41,42,64,66,77,78,82,83,84,87,90,95,97" machi="78" ten="40,2600,0" yaku="9,1,8,1" doraHai="126" who="0" fromWho="2" sc="393,32,148,0,283,-32,176,0" /><INIT seed="3,0,0,5,5,49" ten="425,148,251,176" oya="3" hai0="12,101,133,129,89,66,62,63,44,1,53,30,25" hai1="118,29,3,21,56,5,98,111,97,26,132,33,114" hai2="117,100,38,94,51,83,112,71,37,102,15,28,116" hai3="87,104,60,47,58,34,106,126,6,48,74,19,35"/><W59/><G74/><T125/><D1/><U85/><E114/><V119/><F71/><W84/><G126/><T92/><D133/><U95/><E132/><V72/><F28/><W18/><G6/><T24/><D129/><U55/><E111/><V2/><F2/><W110/><G48/><N who="0" m="28807" /><D101/><U61/><E118/><V41/><F15/><W8/><G19/><T43/><D43/><U99/><E33/><V36/><F112/><W57/><G87/><N who="0" m="52287" /><D125/><U22/><E22/><V134/><F134/><W123/><G8/><T69/><D69/><U103/><E3/><V20/><F36/><W88/><G60/><N who="0" m="23083" /><D66/><U10/><E5/><V52/><F41/><W108/><G47/><T68/><D68/><U64/><E10/><V27/><F72/><W45/><G45/><T124/><D30/><U50/><REACH who="1" step="1"/><E85/><REACH who="1" ten="425,138,251,176" step="2"/><V39/><F116/><W91/><G35/><T4/><D124/><U42/><E42/><V130/><F117/><W9/><G34/><T81/><D81/><U122/><E122/><V54/><F83/><N who="3" m="49183" /><G123/><T40/><D40/><U93/><E93/><V121/><F94/><W11/><G11/><AGARI ba="0,1" hai="4,11,12,24,25" m="23083,52287,28807" machi="11" ten="30,2000,0" yaku="8,1,52,1" doraHai="49" who="0" fromWho="3" sc="425,30,138,0,251,0,176,-20" owari="455,55.5,138,-36.2,251,5.1,156,-24.4" /></mjloggm>