<mjloggm ver="2.3"><GO type="225" lobby="0"/><UN n0="%E5%AF%82%E5%AF%9E%E3%82%AE%E3%83%8D%E3%82%B9%E3%83%93%E3%83%BC%E3%83%AB" n1="%E9%B3%B3%E6%9D%B1%E3%81%AE%E3%81%86%E3%81%95%E3%81%8E%E3%81%95%E3%82%93" n2="%E5%82%8D%E8%8B%A5%E7%84%A1%E4%BA%BA%35%31" n3="%E3%81%BB%E3%82%8B%E3%81%B2%E3%81%99%E2%98%86%E5%A4%A7%E5%90%89" dan="16,17,16,16" rate="2117.85,2291.19,2129.27,2141.93" sx="M,M,M,M"/><TAIKYOKU oya="0"/><INIT seed="0,0,0,0,4,19" ten="250,250,250,250" oya="0" hai0="36,54,57,81,105,76,14,27,106,32,134,53,70" hai1="59,11,112,68,129,49,80,131,123,17,98,48,109" hai2="95,21,12,63,5,115,37,100,71,15,56,75,20" hai3="65,104,62,2,69,103,16,23,88,38,116,25,47"/><T117/><D117/><U18/><E123/><V51/><F37/><W33/><G116/><T64/><D134/><U121/><E121/><V55/><F75/><W127/><G2/><T22/><D36/><U72/><E68/><V83/><F115/><W85/><G127/><T77/><D32/><U84/><E72/><V102/><F83/><W31/><G104/><T45/><D14/><N who="2" m="5162" /><F71/><W8/><G103/><N who="2" m="39465" /><F5/><W122/><G122/><T39/><D70/><U110/><E98/><V124/><F124/><W92/><G8/><T52/><D39/><U82/><E11/><V125/><F125/><W24/><REACH who="3" step="1"/><G38/><REACH who="3" ten="250,250,250,240" step="2"/><T79/><D106/><U113/><E113/><V111/><F111/><W120/><G120/><T114/><D105/><U119/><E112/><V46/><F95/><W60/><G60/><N who="0" m="37903" /><D114/><U4/><E119/><V26/><F26/><W1/><G1/><T30/><D81/><U28/><E82/><V41/><AGARI ba="0,1" hai="20,21,41,46,51,55,56,63" m="39465,5162" machi="41" ten="30,4000,0" yaku="8,1,52,2" doraHai="19" who="2" fromWho="2" sc="250,-20,250,-10,250,50,240,-10" /><INIT seed="1,0,0,5,3,25" ten="230,240,300,230" oya="1" hai0="30,89,106,61,65,18,114,85,47,83,50,108,42" hai1="129,35,132,74,62,16,31,57,75,96,88,69,7" hai2="38,130,128,32,71,28,63,116,37,109,43,64,26" hai3="19,52,10,34,29,91,73,39,82,95,46,134,123"/><U53/><E7/><V24/><F109/><W13/><G123/><T118/><D108/><U12/><E129/><N who="2" m="49771" /><F116/><W93/><G134/><T51/><D118/><U92/><E132/><V99/><F43/><W67/><G67/><T40/><D106/><U111/><E111/><V100/><F24/><W87/><G73/><T81/><D114/><U4/><E4/><V55/><F55/><W6/><G39/><T1/><D1/><U0/><E0/><V36/><F38/><W105/><G105/><AGARI ba="0,0" hai="26,28,32,36,37,63,64,71,99,100,105" m="49771" machi="105" ten="30,7700,0" yaku="25,1,19,1,23,1,52,1" doraHai="25" who="2" fromWho="3" sc="230,0,240,0,300,77,230,-77" /><INIT seed="2,0,0,0,5,38" ten="230,240,377,153" oya="2" hai0="109,37,81,58,76,88,110,29,92,52,71,99,15" hai1="53,48,78,131,65,112,6,30,132,105,129,68,75" hai2="134,54,45,47,91,123,80,63,43,16,108,28,96" hai3="20,135,35,124,25,70,115,111,85,39,1,12,24"/><V14/><F123/><W10/><G39/><T23/><D71/><U74/><E112/><V84/><F134/><W57/><G70/><T83/><D37/><U21/><E105/><V69/><F108/><N who="0" m="41578" /><D76/><U11/><E132/><V104/><F28/><W106/><G106/><T77/><D77/><U51/><E30/><V60/><F69/><W93/><G115/><T40/><D40/><U9/><E21/><V87/><F104/><W3/><G111/><T121/><D121/><U127/><E127/><V95/><F87/><W102/><G135/><T46/><D46/><N who="2" m="17418" /><F43/><W130/><G124/><T44/><D44/><U89/><E78/><N who="2" m="46103" /><F54/><W56/><G35/><T0/><D0/><U13/><E53/><V59/><F59/><W61/><G57/><T34/><D34/><U18/><E75/><V82/><F82/><W36/><G36/><T103/><D103/><U66/><E74/><V19/><F19/><W62/><G3/><T90/><D90/><U133/><E89/><V107/><F107/><W126/><G1/><T79/><D79/><U50/><E133/><V86/><F96/><W49/><G126/><T101/><D101/><U116/><E68/><V26/><F26/><W72/><G72/><T42/><D42/><U118/><E118/><V55/><F55/><N who="3" m="31855" /><G25/><N who="0" m="16575" /><D15/><N who="1" m="7535" /><E116/><V98/><F98/><N who="3" m="59727" /><G85/><T100/><D100/><U33/><E33/><V125/><F125/><W73/><G73/><T117/><D117/><U113/><E113/><V22/><AGARI ba="0,0" hai="14,16,22,60,63,86,91,95" m="46103,17418" machi="22" ten="30,3000,0" yaku="8,1,54,1" doraHai="38" who="2" fromWho="2" sc="230,-10,240,-10,377,30,153,-10" /><INIT seed="2,1,0,1,5,98" ten="220,230,407,143" oya="2" hai0="100,111,65,32,15,33,97,91,28,58,69,37,119" hai1="130,133,102,24,135,3,117,11,9,107,85,103,93" hai2="78,77,124,6,90,54,122,5,88,23,0,43,95" hai3="87,22,66,118,31,18,68,105,39,81,14,125,52"/><V50/><F124/><W67/><G118/><T106/><D111/><U113/><E117/><V53/><F122/><W80/><G39/><T46/><D119/><U1/><E113/><V63/><F0/><N who="1" m="73" /><E107/><V47/><F23/><W26/><G125/><T20/><D69/><U13/><E24/><V27/><F27/><W2/><G2/><T75/><D75/><U64/><E64/><V55/><F63/><W49/><G105/><T10/><D91/><N who="2" m="34858" /><F95/><W73/><G73/><T35/><D20/><U127/><E127/><V4/><AGARI ba="1,0" hai="4,5,6,43,47,50,53,54,55,77,78" m="34858" machi="4" ten="40,3900,0" yaku="8,1,54,1" doraHai="98" who="2" fromWho="2" sc="220,-14,230,-14,407,42,143,-14" /><INIT seed="2,2,0,2,1,62" ten="206,216,449,129" oya="2" hai0="106,51,39,93,36,35,109,37,49,73,125,55,12" hai1="20,64,43,50,122,81,111,107,76,40,135,108,112" hai2="100,113,84,101,79,130,116,54,67,2,83,38,75" hai3="105,68,71,72,77,57,95,19,69,22,58,26,33"/><V7/><F116/><W65/><G105/><T82/><D106/><U45/><E112/><V117/><F117/><W86/><G33/><T44/><D35/><U41/><E135/><V61/><F130/><W70/><G72/><T120/><D120/><U30/><E107/><V34/><F113/><W131/><G131/><T8/><D109/><N who="1" m="42059" /><E122/><V80/><F54/><W133/><G133/><T94/><D125/><U18/><E30/><V110/><F38/><W13/><G26/><T127/><D127/><U31/><E31/><V25/><F25/><W104/><G104/><T5/><REACH who="0" step="1"/><D51/><REACH who="0" ten="196,216,449,129" step="2"/><U66/><E50/><V17/><F34/><W63/><REACH who="3" step="1"/><G95/><REACH who="3" ten="196,216,449,119" step="2"/><T16/><D16/><U11/><E18/><V47/><F17/><W14/><G14/><T24/><D24/><U28/><E28/><V0/><F110/><W91/><G91/><T98/><D98/><U52/><E76/><AGARI ba="2,2" hai="5,8,12,36,37,39,44,49,55,73,76,82,93,94" machi="76" ten="40,1300,0" yaku="1,1,53,0" doraHai="62" doraHaiUra="53" who="0" fromWho="1" sc="196,39,216,-19,449,0,119,0" /><INIT seed="3,0,0,4,4,99" ten="235,197,449,119" oya="3" hai0="61,92,85,82,34,89,102,97,23,114,133,105,96" hai1="126,64,72,101,5,27,123,73,19,119,77,10,50" hai2="120,0,38,81,128,29,117,28,84,31,69,52,17" hai3="91,33,32,135,20,129,53,111,100,56,98,95,30"/><W59/><G129/><T16/><D34/><U48/><E123/><V90/><F69/><W57/><G135/><T68/><D133/><U121/><E121/><V4/><F38/><W15/><G111/><T46/><D114/><U2/><E64/><V55/><F128/><W47/><G47/><T7/><D7/><U125/><E119/><V9/><F120/><W1/><G1/><T40/><D61/><U8/><E101/><V13/><REACH who="2" step="1"/><F117/><REACH who="2" ten="235,197,439,119" step="2"/><W87/><G53/><T115/><D68/><U104/><E126/><V25/><F25/><W78/><G78/><T37/><D115/><U66/><E27/><V41/><F41/><W113/><G113/><T3/><D3/><U103/><E77/><V116/><F116/><W110/><G110/><T93/><D97/><U24/><E24/><AGARI ba="0,1" hai="16,23,24,37,40,46,82,85,89,92,93,96,102,105" machi="24" ten="30,3900,0" yaku="7,1,52,1,54,1" doraHai="99" who="0" fromWho="1" sc="235,49,197,-39,439,0,119,0" owari="284,8.4,158,-24.2,439,53.9,119,-38.1" /></mjloggm>