<mjloggm ver="2.3"><GO type="225" lobby="0"/><UN n0="%E3%81%93%E3%81%8F%E3%82%89%E3%82%AB%E3%83%90%E8%94%B5" n1="%E6%80%AA%E3%81%97%E3%81%99%E3%81%8E%E3%82%8B%E3%83%81%E3%83%BC" n2="%E5%AF%82%E5%AF%9E%E3%82%AE%E3%83%8D%E3%82%B9%E3%83%93%E3%83%BC%E3%83%AB" n3="%E6%97%A5%E6%9B%9C%E6%97%A5%E3%82%88%E3%82%8A%E3%81%AE%E4%BD%BF%E8%80%85" dan="17,16,16,17" rate="2135.53,2141.41,2149.57,2156.39" sx="M,M,M,M"/><TAIKYOKU oya="0"/><INIT seed="0,0,0,0,5,22" ten="250,250,250,250" oya="0" hai0="60,83,119,122,121,131,99,102,74,21,54,53,93" hai1="84,104,19,117,135,6,17,113,89,67,95,13,40" hai2="101,20,44,16,86,79,32,123,15,64,132,27,106" hai3="0,78,91,98,61,39,51,57,18,12,52,34,47"/><T45/><D119/><U107/><E117/><V112/><F112/><W25/><G0/><T73/><D131/><U8/><E113/><V133/><F123/><W65/><G78/><T55/><D45/><U88/><E135/><N who="2" m="51787" /><F64/><W105/><G39/><T100/><D102/><U71/><E40/><V120/><F120/><W3/><G3/><T69/><D121/><U30/><E30/><N who="2" m="19551" /><F44/><W11/><G105/><T96/><D96/><U66/><E104/><V62/><F62/><W63/><G63/><T58/><D69/><U46/><E107/><V7/><F7/><W10/><G10/><T114/><D114/><U94/><E46/><V56/><F56/><W125/><G125/><T41/><D122/><U92/><E71/><V129/><F129/><W68/><G68/><T35/><D41/><U85/><E92/><V82/><F106/><W128/><G128/><T127/><D127/><U81/><E81/><N who="2" m="47423" /><F101/><W36/><G36/><T48/><D83/><AGARI ba="0,0" hai="15,16,20,82,83" m="47423,19551,51787" machi="83" ten="30,3900,0" yaku="20,1,52,1,54,1" doraHai="22" who="2" fromWho="0" sc="250,-39,250,0,250,39,250,0" /><INIT seed="1,0,0,1,2,119" ten="211,250,289,250" oya="1" hai0="29,132,101,115,129,28,1,23,59,110,47,68,75" hai1="107,123,111,6,120,36,64,121,82,49,2,122,81" hai2="41,134,92,18,27,11,55,52,58,85,79,15,124" hai3="77,127,95,112,135,98,73,61,89,88,20,19,31"/><U54/><E36/><V67/><F124/><W117/><G112/><T0/><D59/><U66/><E107/><V118/><F118/><W84/><G117/><T108/><D47/><U126/><E126/><V5/><F134/><W62/><G127/><T131/><D101/><U130/><E130/><V17/><F41/><W91/><G135/><T33/><D68/><U48/><E111/><V26/><F67/><W37/><G37/><T63/><D63/><N who="3" m="24073" /><G73/><T106/><D75/><U94/><E94/><V114/><F114/><W43/><G43/><T39/><D106/><U24/><E24/><N who="2" m="9259" /><F92/><W125/><G31/><T90/><D39/><U7/><E120/><V78/><F55/><W3/><G3/><T65/><D115/><U21/><E21/><V76/><F85/><W30/><G30/><T34/><D132/><U105/><E2/><V72/><F72/><W102/><G125/><T60/><D23/><U51/><E54/><V9/><F9/><W80/><G20/><T113/><D113/><U14/><E14/><V16/><F79/><W13/><G13/><T104/><D104/><U50/><N who="1" m="12288" /><DORA hai="83" /><U100/><E100/><V12/><F12/><W133/><G133/><T99/><D65/><N who="1" m="25195" /><E105/><V46/><F46/><W45/><G45/><T40/><D40/><U103/><E103/><V109/><F109/><W53/><G53/><T42/><D42/><U56/><E56/><V96/><F96/><W10/><G10/><T44/><D99/><U87/><E87/><V32/><F32/><W70/><G70/><T86/><D110/><U57/><E57/><V93/><F93/><RYUUKYOKU ba="0,0" sc="211,-30,250,10,289,10,250,10" hai1="6,7,81,82,121,122,123" hai2="5,11,15,16,17,18,52,58,76,78" hai3="19,77,80,84,88,89,91,95,98,102" /><INIT seed="1,1,0,3,3,46" ten="181,260,299,260" oya="1" hai0="37,56,82,18,11,14,126,33,123,38,97,53,32" hai1="116,125,107,40,7,108,1,10,54,135,101,83,71" hai2="131,21,45,62,100,99,61,34,84,120,76,17,31" hai3="113,44,112,81,104,122,105,8,130,102,19,13,5"/><U134/><E116/><V36/><F120/><W121/><G130/><T39/><D123/><U2/><E125/><V118/><F118/><W15/><G122/><T93/><D82/><U42/><E2/><V88/><F76/><W35/><G121/><T91/><REACH who="0" step="1"/><D126/><REACH who="0" ten="171,260,299,260" step="2"/><U109/><E83/><V28/><F131/><W85/><G113/><T77/><D77/><U47/><E134/><V49/><F36/><W129/><G112/><T119/><D119/><U64/><E135/><V65/><F31/><W55/><G129/><T63/><AGARI ba="1,1" hai="11,14,18,32,33,37,38,39,53,56,63,91,93,97" machi="63" ten="30,7900,0" yaku="1,1,0,1,53,2" doraHai="46" doraHaiUra="30" who="0" fromWho="0" sc="171,92,260,-40,299,-21,260,-21" /><INIT seed="2,0,0,4,2,11" ten="263,220,278,239" oya="2" hai0="34,18,97,68,113,39,112,13,76,47,6,69,49" hai1="5,99,42,114,10,58,75,95,66,122,110,126,130" hai2="64,7,115,80,111,117,83,52,17,2,63,123,128" hai3="4,82,38,31,78,105,27,119,118,28,116,57,16"/><V133/><F115/><W134/><G105/><T35/><D39/><U26/><E114/><V96/><F117/><W50/><G38/><T23/><D76/><U107/><E107/><V29/><F123/><W81/><G4/><T127/><D113/><U65/><E75/><V89/><F29/><W86/><G134/><T120/><D112/><U124/><E122/><V53/><F128/><W104/><G104/><T3/><D120/><U94/><E130/><V77/><F133/><W132/><G132/><T36/><D36/><U56/><E110/><V59/><F111/><W71/><G71/><T108/><D108/><U55/><E42/><V101/><F89/><W103/><G103/><T41/><D127/><N who="1" m="48683" /><E26/><V51/><F7/><W24/><G81/><T85/><D6/><U44/><E44/><V21/><F2/><W92/><G92/><N who="1" m="35370" /><E99/><V61/><F96/><W19/><G31/><T72/><D72/><U87/><E87/><V129/><F129/><W109/><G109/><T88/><D97/><U22/><E22/><V43/><F43/><W67/><G27/><T0/><D34/><U90/><E90/><V45/><F101/><W84/><G84/><T54/><D35/><U33/><E33/><V15/><F77/><W40/><G24/><T8/><D41/><U93/><N who="1" m="35378" /><U32/><DORA hai="135" /><E32/><V102/><F102/><W125/><G28/><T73/><D73/><U48/><E56/><AGARI ba="0,0" hai="15,17,21,45,51,52,53,56,59,61,63,64,80,83" machi="56" ten="30,11600,0" yaku="7,1,8,1,52,1,54,1" doraHai="11,135" who="2" fromWho="1" sc="263,0,220,-116,278,116,239,0" /><INIT seed="2,1,0,5,0,81" ten="263,104,394,239" oya="2" hai0="44,119,107,127,46,43,109,62,56,118,42,97,99" hai1="31,88,57,115,112,104,108,106,22,69,2,133,47" hai2="132,49,34,45,8,13,60,20,87,129,51,10,70" hai3="24,103,63,7,94,23,93,58,123,114,38,33,0"/><V16/><F34/><W98/><G123/><T74/><D74/><U92/><E69/><V53/><F132/><W68/><G38/><N who="0" m="21591" /><D107/><U89/><E108/><V131/><F51/><W1/><G114/><T21/><D21/><U64/><E133/><V28/><F28/><W135/><G135/><T25/><D25/><U48/><E2/><V111/><F111/><W50/><G33/><T76/><D76/><U6/><E6/><V120/><F120/><W30/><G7/><T26/><D26/><U86/><E112/><V37/><F37/><W54/><G68/><T55/><D109/><U85/><E115/><V67/><REACH who="2" step="1"/><F87/><REACH who="2" ten="263,104,384,239" step="2"/><W130/><G50/><N who="0" m="26975" /><D127/><U71/><E31/><V122/><F122/><W96/><REACH who="3" step="1"/><G130/><AGARI ba="1,1" hai="8,10,13,16,20,45,49,53,60,67,70,129,130,131" machi="130" ten="40,12000,1" yaku="1,1,19,1,54,1,53,1" doraHai="81" doraHaiUra="14" who="2" fromWho="3" sc="263,0,104,0,384,133,239,-123" /><INIT seed="2,2,0,3,0,88" ten="263,104,517,116" oya="2" hai0="93,107,10,61,115,77,78,46,36,37,131,27,13" hai1="64,122,53,17,126,125,47,52,74,7,112,50,117" hai2="81,41,129,38,16,56,118,33,44,104,0,84,92" hai3="96,68,89,83,42,23,127,71,91,14,54,113,2"/><V111/><F104/><W31/><G2/><T128/><D107/><U87/><E112/><V11/><F33/><W80/><G113/><T102/><D115/><U73/><E117/><V72/><F129/><W120/><G120/><T35/><D61/><U12/><E122/><V133/><F133/><W97/><G42/><T65/><D65/><U3/><E64/><V98/><F56/><W76/><G71/><T45/><D27/><U24/><E24/><V43/><F43/><W30/><G68/><T34/><D102/><U85/><E7/><V5/><F111/><W60/><G127/><N who="1" m="48650" /><E53/><V82/><F118/><W134/><G134/><T32/><D13/><U69/><E3/><V18/><F82/><W20/><G60/><T119/><D119/><U63/><E63/><V8/><F8/><W99/><G54/><T48/><D10/><N who="1" m="6295" /><E69/><V70/><F70/><W114/><G114/><T67/><D67/><U86/><AGARI ba="2,0" hai="47,50,52,73,74,85,86,87" m="6295,48650" machi="86" ten="30,2000,0" yaku="18,1,54,1" doraHai="88" who="1" fromWho="1" sc="263,-7,104,26,517,-12,116,-7" /><INIT seed="3,0,0,2,5,94" ten="256,130,505,109" oya="3" hai0="75,9,10,16,78,124,74,128,28,32,108,13,49" hai1="48,103,17,37,97,76,50,82,55,116,130,80,62" hai2="11,45,81,56,84,92,132,77,104,105,83,36,129" hai3="14,72,6,42,52,46,110,87,31,119,59,126,120"/><W64/><G119/><T60/><D108/><U1/><E37/><V100/><F132/><W20/><G120/><T2/><D128/><U69/><E130/><V41/><F129/><W21/><G72/><T106/><D106/><U95/><E116/><V68/><F68/><W5/><G110/><T114/><D124/><U44/><E1/><V135/><F135/><W3/><G3/><T131/><D131/><U25/><E76/><V40/><F40/><W8/><G126/><T61/><D114/><U33/><E33/><V12/><F56/><W26/><G64/><T91/><D91/><U93/><E93/><V117/><F81/><N who="1" m="31337" /><E69/><V115/><F115/><W4/><G21/><T7/><D78/><U70/><E70/><V24/><F24/><W96/><G87/><T0/><D28/><U101/><E62/><V134/><F134/><W118/><G118/><T54/><D32/><U113/><E113/><V35/><F35/><W90/><G46/><T63/><REACH who="0" step="1"/><D2/><REACH who="0" ten="246,130,505,109" step="2"/><U127/><E127/><V66/><F117/><W43/><G43/><T121/><D121/><U53/><E103/><V98/><F66/><W67/><G67/><T18/><D18/><AGARI ba="0,1" hai="11,12,18,36,41,45,77,83,84,92,98,100,104,105" machi="18" ten="30,2000,0" yaku="7,1,52,1" doraHai="94" who="2" fromWho="0" sc="246,-20,130,0,505,30,109,0" owari="226,2.6,130,-27.0,535,63.5,109,-39.1" /></mjloggm>