<mjloggm ver="2.3"><GO type="225" lobby="0"/><UN n0="%E7%B4%94%E6%BD%94%E3%83%94%E3%83%A9%E3%83%8B%E3%82%A2" n1="%E5%8D%A0%E3%81%84%E5%B8%AB%E8%A3%8F%E3%81%AA%E3%81%84%E3%81%97" n2="%E3%83%9D%E3%82%B1%E3%83%83%E3%83%88" n3="%6D%61%74%69%67%75%73%61" dan="17,17,16,17" rate="2236.08,2169.59,2098.19,2170.98" sx="M,M,M,M"/><TAIKYOKU oya="0"/><INIT seed="0,0,0,1,0,18" ten="250,250,250,250" oya="0" hai0="76,39,45,124,54,126,27,106,58,87,15,75,2" hai1="0,135,33,128,125,6,130,121,50,103,44,1,134" hai2="4,80,59,129,96,85,32,98,35,81,118,93,101" hai3="115,57,133,14,26,8,7,70,23,40,67,71,22"/><T100/><D2/><U13/><E121/><V60/><F129/><N who="1" m="49769" /><E103/><V79/><F118/><W19/><G115/><T5/><D75/><U119/><E119/><V78/><F4/><W113/><G113/><T91/><D76/><U11/><E33/><V73/><REACH who="2" step="1"/><F98/><REACH who="2" ten="250,250,240,250" step="2"/><W16/><G133/><N who="1" m="50698" /><E125/><V74/><F74/><W68/><G40/><AGARI ba="0,1" hai="0,1,6,11,13,40,44,50" m="50698,49769" machi="40" ten="30,2000,0" yaku="19,1,20,1" doraHai="18" who="1" fromWho="3" sc="250,0,250,30,240,0,250,-20" /><INIT seed="1,0,0,1,4,111" ten="250,280,240,230" oya="1" hai0="90,62,55,61,43,47,42,50,93,49,44,12,82" hai1="25,87,133,72,106,73,32,81,122,69,89,17,41" hai2="24,39,80,86,94,11,99,60,31,68,3,58,98" hai3="104,37,116,70,101,51,27,15,8,119,4,48,7"/><U23/><E122/><V108/><F39/><W134/><G37/><T79/><D55/><U92/><E106/><V65/><F108/><W96/><G70/><T84/><REACH who="0" step="1"/><D12/><REACH who="0" ten="240,280,240,230" step="2"/><U117/><E117/><N who="3" m="45130" /><G134/><T78/><D78/><U2/><E133/><V75/><F3/><W76/><G76/><T95/><D95/><U0/><E2/><V1/><F94/><W120/><G120/><T103/><D103/><U128/><E0/><V40/><F1/><W102/><G101/><T130/><D130/><U6/><E128/><V125/><F40/><W131/><G131/><T10/><D10/><U109/><E41/><V126/><F11/><W13/><G13/><T29/><D29/><U30/><E109/><V38/><F31/><W115/><G4/><T64/><D64/><U127/><E6/><V121/><F121/><W132/><G132/><T124/><D124/><U83/><E127/><V35/><F125/><W9/><G9/><T53/><D53/><U67/><E92/><V20/><F65/><W135/><G135/><T97/><AGARI ba="0,1" hai="42,43,44,47,49,50,61,62,79,82,84,90,93,97" machi="97" ten="20,12000,2" yaku="1,1,0,1,7,1,9,1,8,1,53,2" doraHai="111" doraHaiUra="59" who="0" fromWho="0" sc="240,130,280,-60,240,-30,230,-30" /><INIT seed="2,0,0,5,3,44" ten="370,220,210,200" oya="2" hai0="93,121,113,28,37,9,78,22,132,97,123,6,95" hai1="33,0,17,75,10,31,72,135,45,69,129,54,43" hai2="99,50,134,91,100,2,81,7,30,68,40,51,21" hai3="73,63,124,114,20,120,110,82,65,1,122,64,42"/><V18/><F68/><W14/><G1/><T67/><D37/><U109/><E109/><V26/><F134/><W119/><G119/><T107/><D113/><U3/><E135/><V76/><F91/><W23/><G42/><T52/><D132/><U94/><E129/><V58/><F40/><W85/><G73/><T56/><D67/><U19/><E69/><V104/><F58/><W57/><G110/><T105/><D78/><U117/><E54/><V55/><F55/><W126/><G114/><T128/><D95/><U133/><E133/><V36/><F36/><W88/><G64/><T48/><D107/><U108/><E108/><V116/><F116/><W106/><G106/><T115/><D105/><U71/><E71/><V101/><F101/><W16/><REACH who="3" step="1"/><G20/><REACH who="3" ten="370,220,210,190" step="2"/><T112/><D115/><U83/><E75/><V62/><F62/><W90/><G90/><T92/><D22/><U39/><E117/><V29/><F29/><W4/><G4/><T130/><D28/><U47/><E31/><V127/><F30/><W13/><G13/><T96/><D112/><U27/><E43/><V34/><F34/><W12/><G12/><N who="0" m="5175" /><D130/><U15/><E33/><V49/><F127/><AGARI ba="0,1" hai="14,16,23,57,63,65,82,85,88,120,122,124,126,127" machi="127" ten="40,8000,1" yaku="1,1,18,1,54,2,53,1" doraHai="44" doraHaiUra="53" who="3" fromWho="2" sc="370,0,220,0,210,-80,190,90" /><INIT seed="3,0,0,1,3,114" ten="370,220,130,280" oya="3" hai0="54,14,48,17,53,27,109,57,133,110,99,18,83" hai1="28,13,111,7,124,21,132,116,115,97,59,23,55" hai2="84,101,92,60,98,34,63,24,31,58,39,94,2" hai3="79,36,8,46,126,128,105,121,10,85,88,75,82"/><W73/><G121/><T123/><D123/><U90/><E115/><V52/><F39/><W76/><G36/><T26/><D133/><U42/><E111/><N who="0" m="42505" /><D83/><U69/><E69/><V56/><F2/><W1/><G46/><N who="0" m="27799" /><D99/><U89/><E42/><V4/><F4/><W66/><G66/><T135/><D135/><U43/><E43/><V122/><F122/><W37/><G8/><N who="0" m="6343" /><D18/><U117/><E90/><V6/><F6/><W91/><G10/><T16/><D16/><U61/><E124/><V38/><F38/><W47/><G47/><T119/><D119/><N who="1" m="45643" /><E28/><V32/><F84/><W81/><G1/><T86/><D86/><U15/><E132/><V12/><F12/><N who="1" m="4681" /><E7/><V103/><F34/><W93/><G37/><T0/><D0/><U112/><E112/><V127/><F127/><W19/><G19/><T9/><D9/><U45/><E45/><V102/><REACH who="2" step="1"/><F94/><AGARI ba="0,0" hai="21,23,55,59,61,89,94,97" m="4681,45643" machi="94" ten="30,7700,0" yaku="12,1,52,3" doraHai="114" who="1" fromWho="2" sc="370,0,220,77,130,-77,280,0" owari="370,47.0,297,9.7,53,-44.7,280,-12.0" /></mjloggm>