<mjloggm ver="2.3"><GO type="225" lobby="0"/><UN n0="%E5%B8%86%E7%AB%8B%E5%A4%8F%E8%A1%A3" n1="%E7%BD%AA%E5%88%91%E6%B3%95%E5%AE%9A%E4%B8%BB%E7%BE%A9" n2="%4E%6F%2E%30%30%30%31" n3="%E4%B8%89%E5%86%A0%E7%8E%8B%E3%83%BB%E5%B1%B1%E7%94%B0%E5%93%B2%E4%BA%BA" dan="16,16,18,16" rate="2090.72,2199.51,2226.58,2154.85" sx="M,M,M,M"/><TAIKYOKU oya="0"/><INIT seed="0,0,0,5,2,102" ten="250,250,250,250" oya="0" hai0="106,62,130,50,49,84,33,78,19,28,32,107,47" hai1="92,34,96,99,94,100,85,36,110,21,117,8,97" hai2="112,83,7,0,126,66,121,60,14,103,113,104,23" hai3="63,114,43,108,3,42,17,90,39,68,55,64,124"/><T20/><D130/><U2/><E34/><V11/><F121/><W81/><G3/><T86/><D62/><U88/><E117/><V109/><F109/><W77/><G114/><T75/><D75/><U70/><E70/><V18/><F126/><W1/><G1/><T72/><D72/><U98/><E110/><V24/><F83/><W71/><G108/><T51/><D47/><U129/><E129/><V9/><F103/><W58/><G124/><T41/><D41/><U6/><E21/><V44/><F44/><W12/><G90/><T127/><D127/><U59/><REACH who="1" step="1"/><E59/><REACH who="1" ten="250,240,250,250" step="2"/><V4/><REACH who="2" step="1"/><F104/><REACH who="2" ten="250,240,240,250" step="2"/><W76/><G39/><AGARI ba="0,2" hai="2,6,8,36,39,85,88,92,94,96,97,98,99,100" machi="39" ten="40,5200,0" yaku="1,1,2,1,54,1,53,0" doraHai="102" doraHaiUra="118" who="1" fromWho="3" sc="250,0,240,72,240,0,250,-52" /><INIT seed="1,0,0,4,1,6" ten="250,312,240,198" oya="1" hai0="126,42,81,25,83,38,32,127,88,116,124,105,119" hai1="8,40,102,133,87,54,58,77,99,13,31,52,134" hai2="115,130,2,9,122,56,62,7,86,28,23,117,30" hai3="70,29,59,97,89,5,125,71,37,108,74,18,96"/><U91/><E77/><V107/><F117/><N who="0" m="45130" /><D105/><U16/><E31/><V100/><F122/><W114/><G114/><T24/><D38/><U95/><E40/><V35/><F115/><W92/><G108/><T50/><D42/><U15/><E15/><V113/><F113/><W55/><G37/><T121/><D121/><U109/><E109/><V75/><F75/><W47/><G47/><T48/><D32/><U20/><E20/><V120/><F120/><W36/><G36/><T11/><D11/><U1/><E1/><V94/><F130/><W4/><G74/><T39/><D39/><U78/><E78/><V63/><F35/><W43/><G43/><T85/><D83/><U3/><E3/><V69/><F69/><W118/><G118/><T106/><D106/><U82/><REACH who="1" step="1"/><E54/><REACH who="1" ten="250,302,240,198" step="2"/><V57/><F23/><W41/><G55/><T27/><AGARI ba="0,1" hai="24,25,27,48,50,81,85,88,124,126,127" m="45130" machi="27" ten="40,2700,0" yaku="18,1,54,1" doraHai="6" who="0" fromWho="0" sc="250,37,302,-13,240,-7,198,-7" /><INIT seed="2,0,0,1,2,16" ten="287,289,233,191" oya="2" hai0="101,118,81,60,41,58,9,71,50,52,6,121,123" hai1="12,124,95,84,113,8,117,70,66,104,130,24,133" hai2="80,11,89,15,109,92,114,40,135,26,115,102,53" hai3="86,97,34,76,22,90,69,61,107,127,112,36,122"/><V128/><F128/><W39/><G122/><T63/><D118/><U46/><E117/><V106/><F135/><W125/><G34/><T5/><D101/><U31/><E130/><V7/><F40/><W27/><G112/><T62/><D71/><U98/><E113/><V35/><F80/><W74/><G74/><T64/><D64/><U47/><E133/><V32/><F109/><W33/><G33/><T100/><D5/><U13/><E13/><V65/><F65/><W45/><G76/><T129/><D129/><U88/><E124/><V56/><F102/><W14/><G14/><T1/><D41/><U75/><E75/><V119/><F106/><W87/><G61/><T111/><D111/><U134/><E134/><V20/><F119/><W51/><G69/><T99/><REACH who="0" step="1"/><D81/><REACH who="0" ten="277,289,233,191" step="2"/><U37/><E70/><V43/><F43/><W73/><G127/><T96/><D96/><U67/><E98/><V68/><F68/><W110/><G125/><T108/><D108/><U29/><E67/><V79/><F114/><W105/><G110/><T103/><D103/><U48/><E66/><V17/><F115/><W57/><G97/><T78/><D78/><U42/><E42/><V59/><F79/><W55/><G39/><T23/><D23/><U93/><E37/><V18/><F7/><W19/><G36/><T2/><D2/><U4/><E4/><V83/><F83/><N who="3" m="49503" /><G73/><T54/><D54/><U28/><E104/><AGARI ba="0,1" hai="1,6,9,50,52,58,60,62,63,99,100,104,121,123" machi="104" ten="40,5200,0" yaku="1,1,54,1,53,1" doraHai="16" doraHaiUra="94" who="0" fromWho="1" sc="277,62,289,-52,233,0,191,0" /><INIT seed="3,0,0,5,1,66" ten="339,237,233,191" oya="3" hai0="134,59,111,72,52,24,109,106,46,17,71,129,25" hai1="3,0,94,62,69,78,41,68,64,81,132,75,53" hai2="123,125,23,45,19,54,85,51,116,103,107,32,96" hai3="127,15,50,27,124,49,82,84,14,98,6,93,1"/><W12/><G1/><T122/><D71/><U13/><E41/><V102/><F116/><W31/><G6/><T121/><D106/><U87/><E69/><V34/><F125/><W108/><G108/><T110/><D72/><U21/><E132/><V2/><F2/><W18/><G18/><T7/><D7/><U5/><E53/><V91/><F103/><W57/><G57/><T100/><D100/><U130/><E130/><V30/><F30/><W22/><G127/><T88/><D129/><U4/><E4/><V37/><F37/><W128/><G128/><T99/><D46/><U56/><E56/><V89/><F89/><W36/><G36/><T20/><D25/><U67/><E67/><V55/><F54/><W47/><G124/><T83/><D134/><U76/><E76/><V29/><F29/><W63/><G63/><N who="0" m="36327" /><D99/><U92/><E75/><V126/><F123/><W117/><G117/><T40/><D40/><U60/><E60/><V39/><F39/><W77/><REACH who="3" step="1"/><G47/><REACH who="3" ten="339,237,233,181" step="2"/><T112/><D112/><U43/><E0/><V44/><F45/><W65/><G65/><T135/><D135/><U74/><E3/><V11/><F126/><W104/><G104/><T9/><D122/><U113/><E113/><V90/><F107/><W80/><G80/><T28/><D121/><U73/><E5/><V8/><F44/><W16/><G16/><T131/><D131/><U58/><E58/><V35/><F19/><W48/><G48/><T115/><D115/><U114/><E114/><V70/><F51/><W33/><G33/><T105/><D105/><U95/><E43/><RYUUKYOKU ba="0,1" sc="339,-15,237,15,233,-15,181,15" hai1="13,21,62,64,68,73,74,78,81,87,92,94,95" hai3="12,14,15,22,27,31,49,50,77,82,84,93,98" /><INIT seed="3,1,1,2,5,43" ten="324,252,218,196" oya="3" hai0="56,15,117,127,13,12,4,118,33,46,108,16,87" hai1="30,79,44,11,131,96,98,41,55,115,105,17,26" hai2="48,35,24,39,53,28,121,103,76,101,86,80,88" hai3="109,1,18,14,95,123,23,128,116,130,25,64,69"/><W135/><G116/><T66/><D33/><U73/><E115/><V92/><F39/><W102/><G123/><T6/><D108/><U60/><E105/><V32/><F32/><W75/><G1/><T77/><D127/><U112/><E112/><V45/><REACH who="2" step="1"/><F121/><REACH who="2" ten="324,252,208,196" step="2"/><W63/><G109/><T8/><D118/><U72/><E131/><N who="3" m="50218" /><G75/><AGARI ba="1,2" hai="24,28,35,45,48,53,75,76,80,86,88,92,101,103" machi="75" ten="30,7700,0" yaku="1,1,7,1,52,1,54,1,53,0" doraHai="43" doraHaiUra="38" who="2" fromWho="3" sc="324,0,252,0,208,100,196,-80" owari="324,42.4,252,-14.8,308,10.8,116,-38.4" /></mjloggm>