<mjloggm ver="2.3"><GO type="225" lobby="0"/><UN n0="%63%68%78%62%64" n1="%E3%81%B2%E3%81%BE%E3%81%A4%E3%81%B6%E3%81%97" n2="%45%6C%79%73%69%75%6D" n3="%47%48%4F%53%54" dan="16,16,17,17" rate="2153.11,2172.23,2105.08,2233.03" sx="M,M,F,M"/><TAIKYOKU oya="0"/><INIT seed="0,0,0,0,4,34" ten="250,250,250,250" oya="0" hai0="42,46,97,92,130,68,84,77,81,33,124,116,35" hai1="128,131,117,133,72,79,24,53,1,31,45,36,28" hai2="32,118,16,12,47,26,43,0,109,17,127,54,83" hai3="21,39,93,76,5,6,99,106,55,73,98,4,2"/><T13/><D116/><U66/><E117/><V86/><F118/><W56/><G39/><T57/><D130/><U41/><E133/><V87/><F127/><W20/><G106/><T50/><D68/><U115/><E115/><V102/><F109/><W78/><G73/><T10/><D57/><U37/><E37/><V14/><F47/><W91/><G2/><T38/><D38/><U71/><E53/><V88/><F102/><W129/><G99/><T82/><D82/><U89/><E89/><V95/><F54/><W7/><N who="3" m="1024" /><DORA hai="9" /><W90/><G90/><T62/><D62/><U74/><E1/><V96/><F43/><W107/><G107/><T135/><D124/><U122/><E122/><V132/><F132/><W11/><G11/><T29/><D29/><U63/><E28/><V110/><F110/><W30/><G129/><N who="1" m="49738" /><E79/><N who="3" m="30250" /><G30/><T69/><D69/><U58/><E58/><V15/><F0/><W60/><AGARI ba="0,0" hai="20,21,55,56,60,91,93,98" m="30250,1024" machi="60" ten="40,1500,0" yaku="8,1" doraHai="34,9" who="3" fromWho="3" sc="250,-7,250,-4,250,-4,250,15" /><INIT seed="1,0,0,2,5,121" ten="243,246,246,265" oya="1" hai0="53,131,57,52,28,97,47,10,12,41,37,119,66" hai1="11,35,33,95,7,56,133,87,126,88,18,58,78" hai2="120,122,22,134,114,43,77,103,6,55,5,50,99" hai3="83,111,44,62,118,17,71,86,9,16,29,65,21"/><U124/><E133/><V30/><F134/><W42/><G111/><T84/><D119/><U123/><E123/><V125/><F43/><W135/><G118/><T70/><D131/><U15/><E78/><V115/><F77/><W100/><G100/><T110/><D110/><U39/><E39/><V112/><F125/><N who="1" m="48233" /><E7/><N who="2" m="2571" /><F22/><W102/><G102/><T90/><D28/><U4/><E4/><V109/><F30/><W94/><G94/><T79/><D97/><U108/><E108/><V89/><F89/><W98/><G98/><T2/><D2/><U51/><E51/><V93/><F109/><W81/><G135/><T105/><D105/><U101/><E101/><V60/><F60/><W127/><G127/><T82/><D79/><U69/><E69/><V23/><F23/><W117/><G117/><T80/><D80/><U61/><E58/><AGARI ba="0,0" hai="50,55,58,93,99,103,112,114,115,120,122" m="2571" machi="58" ten="30,1000,0" yaku="11,1" doraHai="121" who="2" fromWho="1" sc="243,0,246,-10,246,10,265,0" /><INIT seed="2,0,0,3,5,35" ten="243,236,256,265" oya="2" hai0="83,84,62,118,96,19,45,79,59,15,2,73,102" hai1="51,99,5,130,17,93,116,126,9,61,58,71,124" hai2="78,122,114,3,86,106,49,13,63,121,38,0,91" hai3="66,87,1,94,123,68,77,14,50,81,90,70,120"/><V127/><F38/><W39/><G1/><T4/><D118/><U56/><E116/><V8/><F106/><W6/><G39/><T103/><D45/><U25/><E130/><V34/><F34/><W85/><G50/><T37/><D37/><U134/><E134/><V76/><F114/><W23/><G66/><T97/><D73/><U132/><E132/><V10/><F127/><N who="1" m="48681" /><E51/><V11/><F13/><W67/><G67/><T21/><D102/><N who="1" m="60783" /><E71/><V44/><F63/><W41/><G41/><T133/><D133/><U117/><E117/><V108/><F108/><W131/><G131/><T48/><D48/><U57/><E17/><V109/><F109/><W43/><G43/><T33/><D33/><U105/><E25/><V119/><F119/><W88/><G77/><T129/><D129/><U36/><E105/><V27/><F27/><W104/><G104/><T65/><REACH who="0" step="1"/><D103/><REACH who="0" ten="233,236,256,265" step="2"/><U101/><E101/><V80/><F121/><W54/><G120/><T95/><D95/><U31/><E36/><V46/><F122/><W92/><G123/><T22/><D22/><U55/><E31/><V69/><F46/><W40/><G94/><T135/><D135/><U47/><E47/><V113/><F44/><W7/><G92/><T115/><D115/><U75/><E75/><V12/><F49/><W64/><G40/><T28/><D28/><U32/><E32/><V26/><F113/><W29/><G29/><T52/><D52/><U74/><E74/><V110/><F110/><W16/><G54/><T18/><D18/><U128/><E128/><V111/><F111/><W112/><G112/><RYUUKYOKU ba="0,1" sc="233,15,236,15,256,-15,265,-15" hai0="2,4,15,19,21,59,62,65,79,83,84,96,97" hai1="5,9,55,56,57,58,61" /><INIT seed="3,1,1,0,1,111" ten="248,251,241,250" oya="3" hai0="105,125,59,61,120,117,68,85,43,122,123,115,99" hai1="78,81,19,18,50,51,48,45,112,80,130,100,97" hai2="1,25,55,32,93,83,14,17,71,16,133,121,39" hai3="89,12,41,0,35,56,53,69,77,15,118,28,9"/><W108/><G118/><T49/><D117/><U13/><E112/><V62/><F1/><W74/><G69/><T54/><D125/><U30/><E130/><V70/><F39/><W86/><G108/><T6/><D6/><U46/><E30/><V34/><F133/><W44/><G35/><T91/><D115/><U113/><E113/><V101/><F121/><W67/><G67/><T8/><D8/><U2/><E2/><V109/><F109/><W3/><G28/><T73/><D73/><U98/><E78/><V96/><F83/><N who="1" m="31817" /><E100/><V29/><F34/><W131/><G77/><T127/><D127/><U38/><E38/><V104/><F93/><W124/><G74/><T10/><D10/><N who="1" m="6455" /><E19/><V102/><F102/><W36/><G124/><T20/><D20/><U58/><E58/><V132/><F17/><W57/><G131/><T114/><D114/><U110/><E110/><V63/><F132/><W134/><G57/><T47/><D68/><U82/><N who="1" m="31825" /><U7/><DORA hai="116" /><E7/><V65/><F71/><W79/><G79/><T22/><D22/><U72/><E72/><V107/><F107/><W92/><G134/><T24/><D24/><U135/><E135/><V84/><F84/><W26/><G26/><T66/><D105/><U52/><E50/><V21/><F63/><N who="3" m="36239" /><G3/><T75/><D75/><U42/><AGARI ba="1,1" hai="42,45,46,48,51,52,97,98" m="6455,31825" machi="42" ten="30,2000,0" yaku="8,1,54,1" doraHai="111,116" who="1" fromWho="1" sc="248,-6,251,33,241,-6,250,-11" /><INIT seed="4,0,0,5,2,12" ten="242,284,235,239" oya="0" hai0="115,0,108,127,84,100,48,54,77,91,36,17,57" hai1="6,73,53,28,78,45,89,37,22,112,24,96,90" hai2="94,62,32,20,2,68,69,61,59,133,56,71,111" hai3="60,129,97,63,11,125,21,44,55,49,64,52,82"/><T8/><D115/><U75/><E6/><V18/><F111/><W106/><G125/><T103/><D127/><U86/><E112/><V47/><F32/><W51/><G129/><T87/><D36/><U72/><E96/><V3/><F133/><W40/><G106/><T76/><D0/><U93/><E89/><V101/><F47/><N who="3" m="27775" /><G97/><T92/><D108/><U29/><E29/><V98/><F61/><N who="3" m="23627" /><G82/><N who="0" m="47175" /><D77/><U126/><E126/><V25/><REACH who="2" step="1"/><F59/><REACH who="2" ten="242,284,225,239" step="2"/><N who="3" m="33263" /><G21/><T135/><D135/><U4/><E22/><V109/><F109/><W121/><G11/><T35/><D35/><U58/><E58/><V117/><F117/><W81/><G121/><T120/><D120/><U70/><E70/><V110/><F110/><W30/><G30/><T67/><D67/><AGARI ba="0,1" hai="2,3,18,20,25,56,62,67,68,69,71,94,98,101" machi="67" ten="40,2600,0" yaku="1,1,52,1,53,0" doraHai="12" doraHaiUra="74" who="2" fromWho="0" sc="242,-26,284,0,225,36,239,0" /><INIT seed="5,0,0,4,5,15" ten="216,284,261,239" oya="1" hai0="92,129,83,19,98,62,1,116,35,37,88,4,26" hai1="114,0,28,57,65,124,49,76,29,18,32,58,121" hai2="25,112,51,99,79,3,110,106,103,128,96,91,119" hai3="24,48,73,97,56,9,118,78,27,93,71,109,64"/><U117/><E121/><V123/><F123/><W68/><G109/><T107/><D116/><U50/><E117/><V130/><F3/><W120/><G118/><T101/><D37/><U8/><E124/><V52/><F119/><W127/><G127/><T115/><D115/><U132/><E132/><V2/><F2/><W7/><G78/><T23/><D129/><N who="2" m="49770" /><F110/><W74/><G27/><T102/><D35/><U113/><E76/><V46/><F79/><W33/><G24/><T70/><D83/><U72/><E72/><V30/><F96/><W75/><G33/><T80/><D80/><U69/><E69/><V87/><F112/><N who="1" m="43113" /><E65/><V90/><F87/><W100/><G120/><T38/><D38/><U131/><E131/><V42/><F42/><W108/><G108/><T84/><D102/><U94/><E94/><V126/><F126/><W63/><G48/><N who="1" m="18538" /><E32/><AGARI ba="0,0" hai="25,30,32,46,51,52,90,91,99,103,106" m="49770" machi="32" ten="30,2000,0" yaku="19,1,54,1" doraHai="15" who="2" fromWho="1" sc="216,0,284,-20,261,20,239,0" /><INIT seed="6,0,0,2,0,38" ten="216,264,281,239" oya="2" hai0="68,22,124,59,56,108,35,48,45,71,25,54,39" hai1="64,93,101,47,70,28,12,3,10,17,55,52,104" hai2="37,41,27,119,130,99,129,123,6,74,126,46,2" hai3="14,13,29,31,125,83,33,107,34,24,132,16,73"/><V88/><F123/><W72/><G107/><T8/><D35/><U102/><E3/><V85/><F119/><W91/><G125/><T66/><D8/><U116/><E116/><V79/><F126/><W82/><G132/><T4/><D124/><U67/><E104/><V110/><F99/><W21/><G91/><T117/><D4/><U57/><E28/><N who="3" m="10826" /><G83/><T30/><D117/><U11/><E11/><N who="2" m="2519" /><F27/><N who="3" m="14759" /><G82/><T97/><D97/><U15/><E70/><V5/><F5/><W26/><G73/><T95/><D108/><U40/><E15/><N who="3" m="5642" /><G72/><T61/><REACH who="0" step="1"/><D95/><REACH who="0" ten="206,264,281,239" step="2"/><U113/><E93/><N who="2" m="54415" /><F110/><W100/><G100/><T60/><D60/><U109/><E102/><V20/><F20/><W94/><G94/><T53/><D53/><U65/><E101/><V1/><F1/><W62/><G62/><T51/><D51/><N who="1" m="27111" /><E109/><V127/><F127/><W7/><G7/><T92/><D92/><U80/><E55/><V98/><F98/><W18/><G18/><T44/><D44/><U50/><E80/><AGARI ba="0,1" hai="37,41,46,74,79,80,129,130" m="54415,2519" machi="80" ten="30,5800,0" yaku="25,1,52,1,54,1" doraHai="38" who="2" fromWho="1" sc="206,0,264,-58,281,68,239,0" owari="206,-19.4,206,-29.4,349,44.9,239,3.9" /></mjloggm>