<mjloggm ver="2.3"><GO type="225" lobby="0"/><UN n0="%E3%80%90%E8%92%BC%E7%90%89%E3%80%91" n1="%67%61%79%75%6E%79" n2="%72%69%6F%75%63%68%61%6E" n3="%6D%75%75%6D%75%72%61" dan="16,16,17,16" rate="2124.36,2124.99,2231.73,2179.42" sx="F,M,M,F"/><TAIKYOKU oya="0"/><INIT seed="0,0,0,0,2,7" ten="250,250,250,250" oya="0" hai0="50,22,100,60,92,76,133,90,51,14,9,104,74" hai1="108,110,72,80,12,8,115,5,97,112,52,15,123" hai2="81,54,109,1,17,42,20,121,101,36,59,61,19" hai3="13,57,120,53,125,102,113,4,119,98,44,107,94"/><T10/><D133/><U129/><E123/><V131/><F109/><N who="1" m="42089" /><E129/><V43/><F131/><W21/><G113/><N who="1" m="43594" /><E97/><V95/><F121/><W79/><G119/><T3/><D104/><U62/><E72/><V25/><F1/><W124/><G120/><T33/><D100/><U28/><E80/><V18/><F36/><W46/><G79/><T89/><D33/><U91/><E91/><V45/><F81/><W118/><G118/><T11/><D3/><N who="1" m="63" /><E28/><V65/><F54/><W106/><G106/><T75/><D76/><U35/><E35/><V127/><F127/><W29/><G107/><T134/><D134/><U93/><E93/><V105/><F105/><W114/><G114/><T38/><D74/><U69/><E69/><V103/><F103/><W122/><G122/><T111/><D75/><U71/><E71/><V2/><F2/><W70/><G70/><T128/><D128/><U39/><E39/><V82/><F82/><W24/><G124/><T116/><D38/><U99/><E99/><N who="2" m="59647" /><F45/><W83/><G83/><T16/><D111/><U88/><E88/><N who="0" m="33897" /><D116/><U77/><E77/><V86/><F86/><W34/><G125/><T63/><D92/><U73/><E73/><V117/><F117/><W87/><G87/><T27/><D14/><U132/><E132/><V6/><F6/><W85/><G85/><T37/><D37/><U58/><AGARI ba="0,0" hai="12,15,52,58,62" m="63,43594,42089" machi="58" ten="40,8000,1" yaku="14,1,11,1,52,1,54,1" doraHai="7" who="1" fromWho="1" sc="250,-40,250,80,250,-20,250,-20" /><INIT seed="1,0,0,1,4,30" ten="210,330,230,230" oya="1" hai0="12,26,29,14,22,58,93,33,32,55,90,11,103" hai1="75,37,91,74,119,81,115,110,120,4,50,132,98" hai2="70,17,9,135,67,1,68,83,23,76,42,61,52" hai3="10,6,54,121,94,21,53,62,36,129,8,126,105"/><U101/><E37/><V89/><F135/><W79/><G105/><T35/><D103/><U49/><E4/><V38/><F89/><W97/><G121/><T133/><D133/><U95/><E50/><V25/><F52/><W24/><G129/><T5/><D14/><U27/><E27/><V92/><F92/><W99/><G126/><T86/><REACH who="0" step="1"/><D22/><REACH who="0" ten="200,330,230,230" step="2"/><U40/><E101/><V112/><F112/><W80/><G21/><T45/><D45/><U65/><E132/><V85/><F1/><W78/><G8/><T2/><D2/><U34/><E115/><V56/><REACH who="2" step="1"/><F9/><REACH who="2" ten="200,330,220,230" step="2"/><W124/><G10/><T116/><D116/><U41/><E119/><V82/><F82/><W130/><G80/><T131/><D131/><U84/><E81/><V117/><F117/><W113/><G130/><T60/><AGARI ba="0,2" hai="5,11,12,26,29,32,33,35,55,58,60,86,90,93" machi="60" ten="20,12000,2" yaku="1,1,0,1,7,1,52,3,53,0" doraHai="30" doraHaiUra="123" who="0" fromWho="0" sc="200,140,330,-60,220,-30,230,-30" /><INIT seed="2,0,0,3,0,108" ten="340,270,190,200" oya="2" hai0="2,120,77,110,93,67,11,4,76,23,53,63,30" hai1="90,100,14,124,43,16,132,99,123,129,46,36,18" hai2="80,15,24,40,112,38,52,3,29,39,1,57,20" hai3="130,37,19,5,87,49,55,9,26,117,47,82,45"/><V74/><F112/><W94/><G117/><T131/><D120/><U60/><E132/><V84/><F74/><W59/><G130/><T66/><D131/><U133/><E129/><V13/><F1/><W128/><G128/><T97/><D110/><U21/><E133/><V73/><F3/><W35/><G37/><T51/><D23/><U33/><E33/><V58/><F73/><W95/><G35/><T85/><D30/><U121/><E124/><V114/><F114/><W8/><G26/><T83/><D77/><U25/><E60/><V17/><F58/><W62/><G19/><T12/><D63/><U71/><E90/><V7/><F7/><W42/><G45/><N who="0" m="27887" /><D2/><U102/><E71/><V69/><F69/><W91/><REACH who="3" step="1"/><G9/><REACH who="3" ten="340,270,190,190" step="2"/><T31/><D31/><U106/><REACH who="1" step="1"/><E100/><AGARI ba="0,1" hai="4,11,12,66,67,76,83,85,93,97,100" m="27887" machi="100" ten="30,1000,0" yaku="8,1" doraHai="108" who="0" fromWho="1" sc="340,20,270,-10,190,0,190,0" /><INIT seed="3,0,0,3,1,47" ten="360,260,190,190" oya="3" hai0="9,39,46,113,35,25,5,42,64,49,23,69,19" hai1="52,56,17,100,115,59,125,134,87,70,29,84,21" hai2="95,32,101,60,126,112,66,3,26,50,76,107,51" hai3="103,120,79,130,108,24,40,41,135,31,105,10,77"/><W132/><G120/><T71/><D113/><U20/><E70/><N who="2" m="42311" /><F112/><W28/><G130/><T57/><D35/><U97/><E125/><V111/><F95/><W123/><G123/><T1/><REACH who="0" step="1"/><D64/><REACH who="0" ten="350,260,190,190" step="2"/><U33/><E115/><V129/><F32/><W48/><G108/><T45/><D45/><U106/><E33/><V102/><F111/><W119/><G119/><T68/><D68/><U44/><E44/><V62/><F129/><W2/><G2/><T4/><D4/><U96/><E134/><N who="3" m="51242" /><G10/><T85/><D85/><U118/><E87/><V22/><F3/><W127/><G127/><T15/><D15/><U124/><E84/><V117/><F126/><W38/><G38/><T109/><D109/><U121/><E124/><V37/><F37/><W74/><G74/><T13/><D13/><U83/><E121/><V0/><F0/><W131/><G131/><T82/><D82/><U55/><E83/><V72/><F72/><W16/><G79/><T86/><D86/><U61/><E118/><V73/><F117/><W67/><G67/><T90/><D90/><U133/><E133/><V63/><F76/><W7/><G77/><T114/><D114/><U128/><E128/><V14/><F73/><W81/><G81/><T54/><AGARI ba="0,1" hai="1,5,9,19,23,25,39,42,46,49,54,57,69,71" machi="54" ten="30,4000,0" yaku="1,1,0,1,52,1,53,0" doraHai="47" doraHaiUra="104" who="0" fromWho="0" sc="350,50,260,-10,190,-10,190,-20" owari="400,50.0,250,5.0,180,-22.0,170,-33.0" /></mjloggm>