<mjloggm ver="2.3"><GO type="225" lobby="0"/><UN n0="%E5%B0%8F%37%34" n1="%63%68%78%62%64" n2="%E3%82%B2%E3%82%B9%E8%8C%82%E5%8B%9D" n3="%E8%B6%85%E7%B4%9A%E9%B3%B3%E5%87%B0" dan="16,16,16,16" rate="2082.20,2151.52,2054.68,2114.40" sx="M,M,F,M"/><TAIKYOKU oya="0"/><INIT seed="0,0,0,3,1,103" ten="250,250,250,250" oya="0" hai0="102,131,99,0,104,31,81,26,20,112,58,55,124" hai1="42,89,32,121,128,88,83,6,22,40,62,49,108" hai2="61,119,79,34,78,25,111,33,66,17,75,16,135" hai3="39,4,110,5,118,46,11,50,98,133,30,107,80"/><T127/><D112/><U19/><E32/><V94/><F111/><W68/><G118/><T123/><D0/><U70/><E121/><V106/><F106/><W130/><G68/><T113/><D113/><U90/><E108/><V28/><F135/><W105/><G110/><T125/><D81/><U132/><E132/><V115/><F115/><W45/><G133/><T122/><REACH who="0" step="1"/><D131/><REACH who="0" ten="240,250,250,250" step="2"/><U52/><E83/><V15/><F119/><W97/><G80/><T12/><D12/><U114/><E114/><V91/><F75/><W57/><G130/><T71/><D71/><U27/><E128/><V1/><F1/><W134/><G134/><T120/><D120/><U18/><E6/><V10/><F79/><W8/><G4/><T63/><AGARI ba="0,1" hai="20,26,31,55,58,63,99,102,104,122,123,124,125,127" machi="63" ten="30,12000,1" yaku="1,1,0,1,18,1,52,1,53,1" doraHai="103" doraHaiUra="54" who="0" fromWho="0" sc="240,130,250,-40,250,-40,250,-40" /><INIT seed="0,1,0,5,1,98" ten="370,210,210,210" oya="0" hai0="44,38,32,16,129,117,102,13,134,71,3,107,127" hai1="23,108,111,131,2,74,75,120,8,56,27,85,116" hai2="132,105,100,110,5,78,99,1,7,112,39,10,26" hai3="61,50,101,57,59,43,113,88,81,89,87,79,83"/><T135/><D117/><U30/><E116/><V62/><F110/><N who="1" m="42025" /><E120/><V9/><F132/><N who="0" m="50730" /><D71/><U34/><E131/><V96/><F112/><W21/><G113/><T52/><D32/><U126/><E126/><V125/><F125/><W122/><G122/><T63/><D127/><U66/><E85/><V114/><F114/><W68/><G68/><T25/><D3/><U97/><E97/><V86/><F39/><W73/><G21/><T41/><D129/><U11/><E34/><V54/><F26/><W12/><G12/><T106/><D25/><U103/><E103/><V51/><F62/><W24/><G24/><T119/><D102/><U82/><E82/><V17/><F17/><W29/><G29/><T94/><D94/><U18/><E30/><V4/><F96/><W124/><G124/><T104/><D119/><U46/><E46/><V48/><F48/><W118/><G118/><T14/><D16/><N who="1" m="12775" /><E2/><V37/><F37/><W36/><G101/><T55/><D63/><N who="1" m="38247" /><E18/><V31/><F31/><W109/><G109/><T72/><D72/><AGARI ba="1,0" hai="8,11,72,74,75" m="38247,12775,42025" machi="72" ten="30,2000,0" yaku="14,1,54,1" doraHai="98" who="1" fromWho="0" sc="370,-23,210,23,210,0,210,0" /><INIT seed="1,0,0,5,0,99" ten="347,233,210,210" oya="1" hai0="114,110,76,103,124,27,134,18,131,129,95,118,82" hai1="96,29,50,5,51,13,121,3,85,77,113,128,48" hai2="116,66,87,122,90,105,25,107,22,135,43,117,111" hai3="54,127,35,12,68,15,53,94,93,73,59,7,101"/><U47/><E121/><V84/><F111/><W11/><G68/><T78/><D110/><U69/><E3/><V14/><F122/><W92/><G73/><T31/><D114/><U44/><E69/><V34/><F135/><W26/><G127/><T126/><D118/><U72/><E113/><V64/><F34/><W58/><G35/><T55/><D18/><U71/><E71/><V57/><F14/><W70/><G70/><T112/><D112/><U74/><E128/><N who="0" m="49225" /><D134/><U119/><E119/><V65/><F65/><W104/><G26/><T60/><D82/><N who="1" m="47311" /><E72/><V17/><F43/><W115/><G115/><T61/><D78/><U40/><E74/><V41/><F41/><W97/><G12/><T120/><D76/><U21/><E96/><V33/><F33/><W45/><REACH who="3" step="1"/><G54/><REACH who="3" ten="347,233,210,200" step="2"/><T91/><D120/><U52/><E13/><V86/><F116/><W10/><G10/><T36/><D126/><U38/><E52/><V75/><F117/><W133/><G133/><T79/><D124/><U62/><E40/><V132/><F75/><W63/><G63/><T16/><D55/><U8/><E62/><V106/><F132/><W37/><G37/><T9/><D61/><U109/><E38/><V67/><REACH who="2" step="1"/><F57/><REACH who="2" ten="347,233,200,200" step="2"/><W0/><G0/><T1/><D1/><U88/><E109/><V108/><F108/><W6/><G6/><T28/><D36/><U100/><E5/><V2/><F2/><W80/><G80/><AGARI ba="0,2" hai="17,22,25,64,66,67,80,84,86,87,90,105,106,107" machi="80" ten="50,8000,1" yaku="1,1,53,3" doraHai="99" doraHaiUra="81" who="2" fromWho="3" sc="347,0,233,0,200,100,200,-80" /><INIT seed="2,0,0,4,3,68" ten="347,233,300,120" oya="2" hai0="42,88,107,115,89,72,122,124,0,78,116,28,48" hai1="103,51,102,17,62,108,15,84,64,134,86,32,105" hai2="14,5,10,135,94,6,67,87,113,75,129,37,25" hai3="80,85,49,104,125,58,110,81,82,35,106,100,73"/><V18/><F113/><W7/><G35/><T128/><D115/><U120/><E32/><V4/><F129/><W66/><G110/><T23/><D122/><U52/><E120/><V133/><F75/><W119/><G119/><T98/><D0/><U69/><E108/><V57/><F37/><W43/><G125/><T3/><D3/><U101/><E105/><V99/><F87/><W76/><G7/><T45/><D124/><U130/><E134/><N who="2" m="51211" /><F67/><W8/><G8/><T117/><D128/><U39/><E39/><V50/><F50/><W29/><G29/><T126/><D126/><U92/><E130/><V91/><F57/><W70/><G70/><T24/><D72/><U44/><REACH who="1" step="1"/><E92/><REACH who="1" ten="347,223,300,120" step="2"/><V74/><F74/><W127/><G106/><T121/><D121/><U60/><E60/><V109/><F109/><W38/><G127/><T34/><D34/><U56/><E56/><V79/><F79/><W20/><G73/><T21/><D78/><U1/><E1/><V96/><F96/><N who="3" m="61447" /><G38/><T54/><D98/><U13/><E13/><V30/><F30/><W90/><G76/><T71/><D107/><U11/><AGARI ba="0,1" hai="11,15,17,44,51,52,62,64,69,84,86,101,102,103" machi="11" ten="30,4000,0" yaku="1,1,0,1,54,1,53,0" doraHai="68" doraHaiUra="131" who="1" fromWho="1" sc="347,-10,223,50,300,-20,120,-10" /><INIT seed="3,0,0,4,2,55" ten="337,273,280,110" oya="3" hai0="54,72,126,56,6,96,46,93,75,49,68,20,84" hai1="13,98,7,50,78,76,23,116,121,89,71,64,45" hai2="10,40,130,122,31,3,69,47,87,100,118,28,111" hai3="88,16,38,114,135,1,48,85,4,33,35,123,60"/><W82/><G114/><T94/><D68/><U99/><E121/><V124/><F118/><W5/><G123/><T25/><D6/><U91/><E116/><V113/><F122/><W12/><G38/><T81/><D126/><U2/><E64/><V129/><F113/><W90/><G135/><T39/><D39/><U11/><E71/><V9/><F124/><W107/><G107/><T41/><D75/><U52/><E2/><V22/><F69/><W34/><G1/><T77/><D72/><U51/><E23/><V119/><F119/><W110/><G110/><T58/><D41/><N who="1" m="24879" /><E98/><V29/><F111/><W26/><G26/><T97/><D97/><U24/><E24/><V53/><F100/><W18/><G60/><T112/><D112/><U0/><E0/><V15/><F3/><W30/><G30/><N who="0" m="17703" /><D93/><N who="1" m="56751" /><E91/><AGARI ba="0,0" hai="46,49,54,56,58,77,81,84,91,94,96" m="17703" machi="91" ten="30,3900,0" yaku="8,1,52,2" doraHai="55" who="0" fromWho="1" sc="337,39,273,-39,280,0,110,0" owari="376,47.6,234,-16.6,280,8.0,110,-39.0" /></mjloggm>