<mjloggm ver="2.3"><GO type="225" lobby="0"/><UN n0="%E6%81%A5%E6%99%92%E3%81%97" n1="%E3%83%81%E3%83%AF%E3%83%AF%E9%9A%8A%E9%95%B7" n2="%77%72%77%72%77%72%77%72" n3="%E7%A9%BA%E9%A3%9B%E3%81%B6%E8%8A%8B%E7%85%AE%E4%BC%9A" dan="16,16,17,16" rate="2110.40,2171.19,2211.95,2096.98" sx="M,M,M,F"/><TAIKYOKU oya="0"/><INIT seed="0,0,0,4,2,114" ten="250,250,250,250" oya="0" hai0="117,28,76,24,41,21,11,120,23,94,115,55,104" hai1="38,18,109,128,12,122,80,14,56,36,3,31,68" hai2="96,16,4,52,102,25,73,7,5,58,134,111,84" hai3="93,130,97,105,65,40,10,132,46,54,79,19,69"/><T103/><D115/><U112/><E112/><V83/><F111/><W59/><G105/><T6/><D120/><U86/><E68/><V60/><F134/><W91/><G132/><T81/><D104/><U51/><E3/><V2/><F73/><W39/><G130/><T89/><D41/><U64/><E122/><V43/><F43/><W121/><G79/><T20/><D103/><U42/><E128/><V34/><F2/><W101/><G121/><T98/><D117/><U123/><E123/><V126/><F126/><W30/><G30/><T70/><D55/><U35/><E109/><V37/><F37/><W90/><G10/><T106/><D70/><U13/><E18/><V85/><F83/><W0/><G19/><T108/><D106/><U135/><E135/><V62/><F62/><N who="3" m="40119" /><G0/><T61/><D61/><U75/><E75/><V100/><F100/><W53/><G53/><T15/><REACH who="0" step="1"/><D108/><REACH who="0" ten="240,250,250,250" step="2"/><U131/><E131/><V8/><F34/><W113/><G113/><T49/><D49/><AGARI ba="0,1" hai="39,40,46,49,54,59,90,91,93,97,101" m="40119" machi="49" ten="30,1000,0" yaku="24,1" doraHai="114" who="3" fromWho="0" sc="240,-10,250,0,250,0,250,20" /><INIT seed="1,0,0,5,5,75" ten="230,250,250,270" oya="1" hai0="81,49,1,70,13,60,25,54,35,7,37,100,30" hai1="110,118,124,58,24,28,17,119,41,71,117,132,56" hai2="59,89,102,80,87,93,63,61,130,51,72,111,27" hai3="131,42,69,99,104,107,22,68,76,92,12,66,0"/><U116/><E71/><V101/><F111/><W48/><G0/><T96/><D37/><U88/><E110/><V14/><F130/><W74/><G131/><T82/><D1/><U40/><E124/><V67/><F27/><W121/><G121/><T65/><D13/><U47/><E132/><V108/><F108/><W43/><G69/><T16/><D7/><U9/><E41/><V105/><F105/><W120/><G120/><T46/><REACH who="0" step="1"/><D16/><REACH who="0" ten="220,250,250,270" step="2"/><U53/><E117/><V86/><F14/><W103/><G12/><T44/><D44/><U114/><E17/><V45/><F72/><W10/><G10/><T19/><D19/><U57/><E9/><V84/><F61/><W39/><G39/><T83/><D83/><U123/><E123/><V52/><REACH who="2" step="1"/><F80/><REACH who="2" ten="220,250,240,270" step="2"/><W38/><G74/><T133/><D133/><U98/><E116/><V36/><F36/><W79/><G38/><T33/><D33/><U126/><E118/><V112/><F112/><W94/><G22/><T95/><AGARI ba="0,2" hai="25,30,35,46,49,54,60,65,70,81,82,95,96,100" machi="95" ten="20,2700,0" yaku="1,1,0,1,7,1,53,0" doraHai="75" doraHaiUra="113" who="0" fromWho="0" sc="220,47,250,-13,240,-7,270,-7" /><INIT seed="2,0,0,5,5,102" ten="267,237,233,263" oya="2" hai0="61,65,106,24,62,91,123,11,31,44,82,43,111" hai1="48,58,21,90,30,128,109,116,83,133,72,33,15" hai2="134,85,53,70,26,35,80,100,104,19,41,92,56" hai3="110,42,20,121,69,131,112,57,126,23,79,55,98"/><V96/><F134/><W67/><G110/><T68/><D123/><U0/><E116/><V120/><F120/><W73/><G121/><T7/><D111/><U16/><E109/><V125/><F125/><W93/><G126/><T118/><D62/><U89/><E0/><V34/><F70/><W8/><G131/><T52/><D118/><U66/><E128/><V49/><F41/><W14/><G42/><T40/><D106/><U129/><E129/><V115/><F115/><W107/><G112/><T76/><D91/><U87/><E133/><V97/><F19/><W108/><G108/><T105/><D105/><U38/><E38/><V59/><F59/><W29/><G107/><T18/><D18/><U95/><E72/><V2/><F2/><W103/><G67/><T124/><D124/><U9/><E33/><V94/><F26/><W5/><G69/><T39/><D11/><U119/><E119/><V12/><F12/><W45/><G45/><T135/><D7/><U27/><E66/><V36/><F36/><W47/><G47/><T75/><D135/><U101/><E101/><V37/><F37/><W99/><G29/><T84/><D43/><U63/><E63/><V130/><F130/><W60/><G99/><N who="2" m="37961" /><F104/><W86/><G73/><T88/><D52/><N who="1" m="32007" /><E95/><N who="2" m="36395" /><F100/><W32/><G32/><N who="0" m="20583" /><D75/><U28/><E28/><V77/><F34/><W54/><G54/><T64/><D65/><U81/><E81/><AGARI ba="0,0" hai="5,8,14,20,23,55,57,60,79,81,86,93,98,103" machi="81" ten="40,1300,0" yaku="8,1" doraHai="102" who="3" fromWho="1" sc="267,0,237,-13,233,0,263,13" /><INIT seed="3,0,0,5,1,36" ten="267,224,233,276" oya="3" hai0="99,95,28,101,21,55,7,117,73,114,132,88,87" hai1="83,61,6,38,82,53,8,128,103,106,81,119,113" hai2="75,78,54,68,108,102,35,48,1,70,42,17,71" hai3="10,84,79,49,52,66,3,18,23,109,110,127,86"/><W89/><G127/><T104/><D117/><U20/><E113/><V31/><F1/><W63/><G79/><T129/><D114/><U94/><E119/><V90/><F102/><W92/><G3/><T13/><D129/><U72/><E106/><V27/><F108/><N who="3" m="41579" /><G10/><T124/><D132/><U80/><E128/><V43/><F90/><W2/><G2/><T133/><D133/><U97/><E38/><V107/><F107/><W116/><G116/><T60/><D124/><U125/><E125/><V39/><F39/><W26/><G52/><T74/><D28/><U9/><E20/><V105/><F105/><W24/><G49/><T118/><D118/><U100/><E100/><V19/><F78/><W91/><G26/><T50/><D60/><U130/><E130/><V46/><F75/><W69/><G91/><T45/><REACH who="0" step="1"/><D21/><REACH who="0" ten="257,224,233,276" step="2"/><U30/><E61/><V76/><F35/><W120/><G120/><T56/><D56/><U122/><E122/><V32/><F71/><W25/><G25/><T65/><D65/><U4/><E72/><V11/><F70/><W58/><G69/><T47/><D47/><U59/><N who="1" m="20480" /><DORA hai="93" /><U134/><E134/><V0/><F68/><W57/><G57/><T40/><D40/><N who="2" m="15402" /><F76/><W5/><G5/><N who="1" m="2154" /><E30/><V12/><F19/><W16/><G18/><T135/><D135/><U111/><E111/><V115/><F115/><W131/><G131/><T126/><D126/><U33/><E33/><V41/><F41/><W62/><G62/><T77/><D77/><U123/><E123/><V112/><F112/><W98/><AGARI ba="0,1" hai="16,23,24,58,63,66,84,86,89,92,98" m="41579" machi="98" ten="30,11700,0" yaku="14,1,10,1,52,1,54,1" doraHai="36,93" who="3" fromWho="3" sc="257,-39,224,-39,233,-39,276,127" owari="218,1.8,185,-31.5,194,-20.6,403,50.3" /></mjloggm>