<mjloggm ver="2.3"><GO type="225" lobby="0"/><UN n0="%E5%A4%96%E5%B7%9D%E7%AB%9C%E6%88%90" n1="%6B%75%7A%75%6E" n2="%E8%B6%85%E7%B4%9A%E9%B3%B3%E5%87%B0" n3="%4C%4F%4C%49%54%41" dan="16,17,16,16" rate="2141.51,2176.06,2122.38,2201.44" sx="M,M,M,F"/><TAIKYOKU oya="0"/><INIT seed="0,0,0,1,2,20" ten="250,250,250,250" oya="0" hai0="11,125,95,100,4,38,121,124,35,120,30,93,73" hai1="85,75,114,37,5,53,71,117,29,72,51,87,126" hai2="91,58,3,81,119,113,15,115,8,110,65,96,45" hai3="106,24,43,101,80,92,107,21,69,46,9,59,7"/><T26/><D38/><U108/><E117/><V84/><F119/><W33/><G69/><T48/><D73/><U131/><E37/><V40/><F3/><W63/><G33/><T74/><D74/><U68/><E29/><V135/><F110/><W83/><G106/><T128/><D48/><U28/><E28/><V44/><F135/><W18/><G107/><T60/><D60/><U77/><E51/><V57/><F96/><W105/><G105/><T66/><D66/><U82/><E53/><V25/><F25/><W88/><G101/><T112/><D100/><U123/><E5/><V99/><F99/><N who="3" m="57735" /><G46/><T76/><D76/><U54/><E77/><V12/><F65/><N who="3" m="39167" /><G43/><T47/><D47/><U31/><E71/><V90/><F40/><W67/><G67/><T122/><D112/><U70/><E54/><V13/><F13/><AGARI ba="0,0" hai="7,9,13,18,21,24,80,83" m="39167,57735" machi="13" ten="30,3900,0" yaku="8,1,52,1,54,1" doraHai="20" who="3" fromWho="2" sc="250,0,250,0,250,-39,250,39" /><INIT seed="1,0,0,5,2,90" ten="250,250,211,289" oya="1" hai0="49,53,95,71,87,81,47,115,16,45,64,26,91" hai1="78,35,119,62,9,33,124,54,105,32,98,43,30" hai2="69,94,3,56,107,22,70,25,10,63,46,108,129" hai3="59,132,121,126,60,86,76,1,120,2,75,52,80"/><U61/><E119/><V27/><F107/><W65/><G132/><T93/><D115/><U116/><E116/><V106/><F106/><W20/><G126/><T21/><D71/><U23/><E124/><V82/><F108/><W110/><G110/><T88/><D64/><U67/><E43/><V0/><F129/><W114/><G114/><T83/><D47/><U123/><E123/><V130/><F130/><W111/><G111/><T122/><D122/><U99/><E78/><V15/><F46/><W55/><G55/><T128/><D128/><U17/><E30/><V77/><F25/><W84/><G75/><T103/><D103/><U74/><E74/><V4/><F94/><W11/><G20/><T48/><D48/><U133/><E9/><V96/><F96/><AGARI ba="0,0" hai="16,21,26,45,49,53,81,83,87,88,91,93,95,96" machi="96" ten="30,12000,2" yaku="7,1,8,1,52,2,54,2" doraHai="90" who="0" fromWho="2" sc="250,120,250,0,211,-120,289,0" /><INIT seed="2,0,0,0,3,61" ten="370,250,91,289" oya="2" hai0="68,20,1,41,26,30,37,50,39,13,84,49,7" hai1="116,114,117,128,38,17,129,81,123,90,59,32,118" hai2="23,73,36,76,8,74,78,34,108,52,15,104,29" hai3="2,53,56,0,106,10,42,94,97,125,91,6,66"/><V100/><F36/><W110/><G110/><T131/><D68/><U55/><E32/><V134/><F134/><W3/><G125/><T98/><D131/><N who="1" m="50251" /><E17/><V5/><F108/><W75/><G75/><T101/><D84/><N who="1" m="50447" /><E38/><V19/><F34/><W48/><G106/><T60/><D41/><U103/><E59/><V93/><F104/><W62/><REACH who="3" step="1"/><G42/><REACH who="3" ten="370,250,91,279" step="2"/><T135/><D135/><U77/><E118/><V126/><F126/><W107/><G107/><T25/><D39/><U133/><E133/><V87/><F29/><W88/><G88/><T99/><D37/><U71/><E77/><V89/><F100/><W11/><G11/><T109/><D101/><U64/><E103/><V121/><F121/><W24/><G24/><T57/><D25/><U51/><E123/><V86/><F76/><W85/><G85/><T35/><D26/><U95/><E117/><V79/><F78/><W65/><G65/><T70/><D30/><U43/><E43/><V80/><REACH who="2" step="1"/><F52/><REACH who="2" ten="370,250,81,279" step="2"/><W119/><G119/><T28/><D28/><U72/><E116/><V69/><F69/><AGARI ba="0,2" hai="0,2,3,6,10,48,53,56,62,66,69,91,94,97" machi="69" ten="30,3900,0" yaku="1,1,7,1,52,1,53,0" doraHai="61" doraHaiUra="130" who="3" fromWho="2" sc="370,0,250,0,81,-39,279,59" /><INIT seed="3,0,0,5,5,82" ten="370,250,42,338" oya="3" hai0="60,119,113,116,49,44,83,4,125,40,123,30,50" hai1="87,22,90,21,102,85,26,94,106,67,12,7,128" hai2="38,109,55,33,91,130,1,56,71,96,41,89,27" hai3="35,42,10,134,84,36,6,103,9,45,72,69,63"/><W28/><G72/><T29/><D123/><U80/><E128/><V0/><F71/><W76/><G134/><T34/><D113/><U47/><E106/><V46/><F130/><W120/><G120/><T3/><D125/><U51/><E67/><V11/><F109/><W100/><G28/><T39/><D60/><U75/><E75/><V101/><F33/><W54/><G35/><T32/><D30/><U117/><E102/><V31/><F31/><W65/><G54/><T107/><D107/><U8/><E26/><V37/><F37/><W74/><G10/><T104/><D104/><U58/><E58/><V133/><F27/><W126/><G126/><T98/><D98/><U110/><E117/><V19/><F133/><W93/><G74/><T124/><D124/><U18/><E110/><V105/><F0/><W68/><G68/><T53/><D83/><U127/><E127/><V23/><F23/><W115/><G115/><T112/><D112/><U43/><E18/><V52/><F55/><W88/><G76/><AGARI ba="0,0" hai="7,8,12,21,22,43,47,51,76,80,85,87,90,94" machi="76" ten="30,12000,2" yaku="7,1,25,2,8,1,52,2" doraHai="82" who="1" fromWho="3" sc="370,0,250,120,42,0,338,-120" owari="370,47.0,370,17.0,42,-45.8,218,-18.2" /></mjloggm>