<mjloggm ver="2.3"><GO type="225" lobby="0"/><UN n0="%73%61%6E%64%69%72%69%73" n1="%4C%4F%4C%49%54%41" n2="%E3%83%A9%E3%83%BC%E3%83%A1%E3%83%B3%E4%BA%94%E9%83%8E" n3="%E5%AF%82%E5%AF%9E%E3%82%AE%E3%83%8D%E3%82%B9%E3%83%93%E3%83%BC%E3%83%AB" dan="16,16,16,16" rate="2168.74,2187.15,2083.80,2173.11" sx="M,F,M,M"/><TAIKYOKU oya="0"/><INIT seed="0,0,0,2,1,102" ten="250,250,250,250" oya="0" hai0="66,104,70,32,40,10,85,131,5,81,28,49,117" hai1="74,115,113,61,15,54,27,134,79,46,112,77,106" hai2="110,125,133,84,94,60,3,63,69,44,19,82,78" hai3="30,65,35,16,122,92,135,52,0,73,88,67,80"/><T116/><D131/><U107/><E134/><V119/><F133/><W97/><G135/><T120/><D120/><U123/><E123/><V6/><F110/><W101/><G122/><T26/><D66/><U31/><E15/><V87/><F125/><W14/><G0/><T90/><D70/><U7/><E7/><V75/><F119/><W71/><G71/><T34/><D34/><U89/><E89/><V76/><F75/><W13/><G13/><T100/><D40/><U95/><E95/><V57/><F69/><W128/><G128/><T22/><D49/><N who="1" m="28983" /><E61/><V62/><F44/><W17/><G30/><T25/><D100/><U114/><N who="1" m="28672" /><DORA hai="45" /><U33/><E74/><V55/><F19/><N who="3" m="7243" /><G35/><T118/><D104/><AGARI ba="0,0" hai="27,31,33,77,79,104,106,107" m="28672,28983" machi="104" ten="60,8000,1" yaku="11,1,52,4" doraHai="102,45" who="1" fromWho="0" sc="250,-80,250,80,250,0,250,0" /><INIT seed="1,0,0,5,1,121" ten="170,330,250,250" oya="1" hai0="125,106,73,44,120,36,79,94,54,85,31,2,22" hai1="18,82,100,13,23,37,95,67,131,84,93,39,64" hai2="16,103,42,129,65,0,10,62,57,49,135,55,70" hai3="128,124,1,56,123,76,43,77,78,40,118,5,60"/><U113/><E113/><V20/><F129/><W80/><G123/><T7/><D120/><U132/><E131/><V88/><F135/><W91/><G128/><T98/><D125/><U51/><E132/><V109/><F109/><W74/><G124/><T29/><D22/><U66/><E51/><V81/><F103/><W19/><G118/><T97/><D106/><U53/><E53/><V126/><F126/><W30/><G30/><T50/><D73/><U104/><E104/><V58/><F42/><W68/><G68/><T26/><D36/><U11/><E100/><V6/><F81/><W99/><G74/><T127/><D127/><U112/><E112/><V32/><F32/><W45/><G45/><T4/><D2/><U48/><E48/><V71/><REACH who="2" step="1"/><F88/><REACH who="2" ten="170,330,240,250" step="2"/><W69/><G43/><T34/><D97/><U12/><E82/><V87/><F87/><W90/><G40/><T102/><D85/><U3/><E84/><V122/><F122/><W17/><G91/><T111/><D79/><U27/><E93/><V24/><AGARI ba="0,1" hai="0,6,10,16,20,24,49,55,57,58,62,65,70,71" machi="24" ten="20,5200,0" yaku="1,1,0,1,7,1,54,1,53,0" doraHai="121" doraHaiUra="116" who="2" fromWho="2" sc="170,-13,330,-26,240,62,250,-13" /><INIT seed="2,0,0,2,3,77" ten="157,304,302,237" oya="2" hai0="94,30,133,87,38,71,17,82,73,64,96,72,29" hai1="102,116,100,95,66,23,98,13,124,59,70,130,119" hai2="20,33,104,93,65,108,121,50,128,123,36,105,22" hai3="69,63,35,31,111,6,48,67,89,81,78,57,110"/><V125/><F36/><W7/><G89/><T58/><D38/><U97/><E70/><V113/><F113/><W18/><G18/><T62/><D133/><U115/><E115/><V127/><F33/><W32/><G48/><T9/><D71/><U40/><E124/><N who="2" m="47691" /><F93/><W3/><G69/><T26/><D73/><U85/><E130/><V75/><F75/><N who="3" m="43231" /><G3/><T90/><D72/><U60/><E40/><V15/><F128/><W37/><G37/><T8/><D17/><N who="1" m="10671" /><E119/><V112/><F112/><W109/><G31/><T1/><D1/><U44/><E44/><V129/><F129/><W99/><G99/><N who="1" m="37898" /><E116/><V21/><F108/><N who="3" m="27651" /><W117/><DORA hai="68" /><G117/><T49/><D49/><U114/><E114/><V10/><F50/><W14/><G14/><T135/><D135/><U80/><E95/><V45/><F45/><W55/><G67/><T11/><REACH who="0" step="1"/><D26/><REACH who="0" ten="147,304,302,237" step="2"/><U76/><AGARI ba="0,1" hai="59,60,66,76,80,85,100,102" m="37898,10671" machi="76" ten="30,2000,0" yaku="8,1,52,1" doraHai="77,68" who="1" fromWho="1" sc="147,-5,304,30,302,-10,237,-5" /><INIT seed="3,0,0,3,2,19" ten="142,334,292,232" oya="3" hai0="121,110,17,122,9,117,89,13,87,66,103,1,135" hai1="4,21,104,120,116,111,119,107,126,128,8,102,130" hai2="75,68,61,63,47,43,115,22,27,40,132,85,97" hai3="71,129,72,81,86,23,77,83,113,7,52,64,18"/><W112/><G129/><N who="1" m="49770" /><E111/><V26/><F115/><W96/><G7/><T84/><D117/><N who="1" m="45131" /><E126/><V55/><F75/><W2/><G2/><T60/><D110/><U14/><E120/><V36/><F132/><W101/><G64/><T11/><D135/><U80/><E102/><V88/><F40/><W93/><G71/><T82/><D103/><U46/><E46/><V16/><F97/><W0/><G52/><T74/><D74/><U114/><E114/><V94/><F68/><W25/><REACH who="3" step="1"/><G0/><REACH who="3" ten="142,334,292,222" step="2"/><T133/><D133/><U34/><E4/><V124/><F124/><W10/><G10/><T32/><D1/><U92/><E8/><V53/><REACH who="2" step="1"/><F27/><REACH who="2" ten="142,334,282,222" step="2"/><W45/><G45/><T54/><D121/><U118/><E118/><V109/><F109/><W56/><G56/><T131/><D122/><U3/><E3/><V31/><F31/><W59/><G59/><T127/><D131/><U29/><E29/><V99/><F99/><W20/><G20/><T105/><D127/><U79/><E21/><V106/><F106/><W33/><G33/><T134/><D105/><U78/><E34/><V62/><AGARI ba="0,2" hai="16,22,26,36,43,47,53,55,61,62,63,85,88,94" machi="62" ten="30,8000,1" yaku="1,1,0,1,52,1,54,2,53,0" doraHai="19" doraHaiUra="67" who="2" fromWho="2" sc="142,-20,334,-20,282,100,222,-40" owari="122,-37.8,314,11.4,382,48.2,182,-21.8" /></mjloggm>