<mjloggm ver="2.3"><GO type="225" lobby="0"/><UN n0="%E6%B0%B7%E5%B7%9D%E9%87%8C%E5%A5%88" n1="%E7%B4%94%E6%BD%94%E3%83%94%E3%83%A9%E3%83%8B%E3%82%A2" n2="%33%74%72%65%65" n3="%E3%81%B5%E3%81%98%E3%81%8B%E3%81%A4" dan="16,17,16,16" rate="2068.27,2213.65,2080.08,2174.36" sx="F,M,F,M"/><TAIKYOKU oya="0"/><INIT seed="0,0,0,0,5,116" ten="250,250,250,250" oya="0" hai0="36,114,37,19,94,55,69,103,49,13,17,47,35" hai1="107,85,53,76,119,26,5,3,52,14,38,30,110" hai2="121,105,115,117,11,73,120,95,44,84,6,15,89" hai3="131,135,80,124,58,101,128,29,21,27,50,0,60"/><T98/><D114/><U109/><E3/><V77/><F115/><W16/><G124/><T93/><D69/><U125/><E38/><V8/><F117/><W65/><G135/><T41/><D35/><U113/><E107/><V126/><F126/><W96/><G0/><T1/><D1/><U51/><E125/><V75/><F105/><W25/><G80/><T34/><D34/><U20/><E119/><V23/><F77/><W28/><G50/><T61/><D94/><U92/><E53/><V18/><F8/><W63/><G63/><T32/><D32/><U72/><E72/><V106/><F106/><W99/><G101/><T91/><D103/><U31/><E31/><N who="3" m="11850" /><G25/><T127/><D127/><U40/><E40/><V33/><F33/><W82/><G82/><T56/><REACH who="0" step="1"/><D17/><REACH who="0" ten="240,250,250,250" step="2"/><U90/><E113/><V39/><F18/><W129/><AGARI ba="0,1" hai="16,21,27,58,60,65,96,99,128,129,131" m="11850" machi="129" ten="40,2700,0" yaku="19,1,54,1" doraHai="116" who="3" fromWho="3" sc="240,-13,250,-7,250,-7,250,37" /><INIT seed="1,0,0,4,5,18" ten="227,243,243,287" oya="1" hai0="68,17,1,54,88,104,5,75,46,35,91,84,126" hai1="103,56,96,55,107,101,72,123,12,122,16,39,110" hai2="100,44,47,106,121,41,114,63,82,129,73,105,48" hai3="29,11,53,43,97,51,57,2,95,25,42,81,26"/><U22/><E72/><V60/><F121/><W115/><G115/><T80/><D126/><U33/><E33/><V67/><F114/><W14/><G2/><T79/><D35/><U64/><E39/><V71/><F129/><W128/><G128/><T89/><D68/><U111/><E64/><V125/><F125/><W120/><G120/><T13/><D104/><U86/><E103/><V92/><F60/><W113/><G113/><T52/><D75/><U135/><E135/><V61/><F61/><W77/><G26/><T19/><D1/><U69/><E69/><V23/><F92/><W99/><G81/><T30/><D30/><U117/><E86/><V87/><F73/><W127/><G77/><T32/><D32/><U112/><E112/><V131/><F131/><W59/><G59/><T134/><D134/><U40/><E40/><V66/><F66/><W20/><G127/><T85/><D85/><U74/><E74/><V0/><F0/><W133/><G133/><T83/><D83/><U116/><E123/><V50/><F100/><N who="3" m="60479" /><G99/><T4/><D19/><AGARI ba="0,0" hai="11,14,19,20,25,29,42,43,51,53,57" m="60479" machi="19" ten="30,2000,0" yaku="8,1,52,1" doraHai="18" who="3" fromWho="0" sc="227,-20,243,0,243,0,287,20" /><INIT seed="2,0,0,5,5,95" ten="207,243,243,307" oya="2" hai0="42,52,102,76,25,47,66,74,106,100,54,94,99" hai1="119,133,32,50,6,134,69,19,2,15,93,80,30" hai2="86,72,118,61,89,35,59,75,97,29,101,13,48" hai3="116,60,63,18,14,127,45,1,23,46,9,24,128"/><V39/><F118/><W21/><G116/><T78/><D66/><U96/><E69/><V84/><F39/><W65/><G127/><T26/><D74/><U12/><E119/><V115/><F115/><W55/><G128/><T53/><D106/><U107/><E107/><V68/><F48/><N who="3" m="29071" /><G1/><T67/><D67/><U123/><E123/><V70/><F70/><W132/><G132/><N who="1" m="50794" /><E80/><V109/><F109/><W37/><G37/><T10/><D10/><N who="1" m="2391" /><E19/><V114/><F68/><W131/><G131/><T111/><D102/><N who="1" m="60687" /><E50/><V49/><F49/><W77/><G77/><T103/><D103/><U113/><E113/><V110/><F114/><W33/><G65/><T129/><D129/><U64/><E64/><V112/><F112/><W16/><G33/><T104/><D104/><U83/><E83/><V51/><F51/><W87/><G46/><T126/><D126/><U98/><E98/><V22/><F97/><W79/><G9/><T4/><D4/><U36/><E36/><V40/><F110/><W31/><G31/><T56/><D111/><U7/><E7/><V5/><F5/><W20/><G20/><T0/><D0/><U105/><E105/><V120/><F35/><W82/><AGARI ba="0,0" hai="14,16,18,21,23,24,60,63,79,82,87" m="29071" machi="82" ten="30,2000,0" yaku="8,1,54,1" doraHai="95" who="3" fromWho="3" sc="207,-5,243,-5,243,-10,307,20" /><INIT seed="3,0,0,3,1,47" ten="202,238,233,327" oya="3" hai0="135,66,96,41,102,5,34,13,9,89,122,109,25" hai1="40,75,23,110,30,74,51,15,20,65,78,36,119" hai2="127,132,38,92,61,10,19,26,31,27,116,11,6" hai3="97,1,14,104,42,58,68,0,2,35,128,134,123"/><W60/><G123/><T100/><D122/><U12/><E36/><V56/><F116/><W29/><G58/><T120/><D109/><U133/><E110/><V45/><F132/><W28/><G14/><T50/><D120/><U107/><E107/><V57/><F127/><W108/><G29/><T63/><D135/><U118/><E133/><V80/><F80/><W105/><G42/><T7/><D34/><U3/><E3/><V76/><F76/><W48/><G48/><T43/><D25/><U22/><E30/><V115/><F115/><W79/><G79/><T101/><D7/><U32/><E32/><V85/><F38/><W90/><G28/><T73/><D73/><N who="1" m="27659" /><E65/><V52/><F45/><W103/><G35/><T117/><D117/><N who="1" m="44555" /><E78/><V88/><F31/><W4/><G134/><T8/><D8/><U69/><E69/><V99/><F6/><W114/><G4/><T87/><D96/><U17/><E17/><V55/><F99/><W70/><G1/><T21/><D21/><U106/><E106/><V94/><F19/><W77/><G105/><T64/><D64/><U124/><E124/><V67/><F67/><W113/><G0/><T112/><D112/><U37/><E37/><V91/><F85/><W84/><G113/><T53/><D63/><AGARI ba="0,0" hai="10,11,26,27,52,55,56,57,61,63,88,91,92,94" machi="63" ten="25,8000,1" yaku="22,2,8,1,54,2" doraHai="47" who="2" fromWho="0" sc="202,-80,238,0,233,80,327,0" owari="122,-37.8,238,-16.2,313,11.3,327,42.7" /></mjloggm>