<mjloggm ver="2.3"><GO type="225" lobby="0"/><UN n0="%72%69%6F%75%63%68%61%6E" n1="%E8%81%B7%E6%A5%AD%E3%80%81%E9%A2%A8%32" n2="%43%68%65" n3="%E6%81%AC%E6%B7%A1%E5%AF%82%E5%AF%9E" dan="17,16,16,16" rate="2254.55,2127.11,2148.15,2125.40" sx="M,M,M,M"/><TAIKYOKU oya="0"/><INIT seed="0,0,0,1,1,70" ten="250,250,250,250" oya="0" hai0="114,61,75,53,40,20,62,39,69,63,57,4,23" hai1="66,14,94,6,100,29,25,131,107,5,93,19,11" hai2="27,42,59,7,55,45,82,89,132,71,8,134,133" hai3="96,109,67,47,79,32,1,17,54,135,28,74,106"/><T87/><D114/><U104/><E131/><V91/><F71/><W90/><G17/><T102/><D75/><U124/><E124/><V9/><F27/><N who="3" m="18463" /><G54/><T16/><D4/><U86/><E66/><V0/><F9/><W34/><G90/><T129/><D129/><U88/><E94/><V105/><F105/><W50/><G67/><T43/><D102/><U108/><E100/><V98/><F98/><W35/><G109/><T77/><D20/><U127/><E127/><V65/><F82/><N who="3" m="45431" /><G50/><T38/><D43/><U122/><E108/><V113/><F65/><W33/><G135/><T123/><D123/><U117/><E122/><V81/><F81/><W46/><G46/><T18/><D69/><U95/><E95/><V21/><F21/><W126/><G126/><T3/><D3/><U110/><E110/><V99/><F99/><W48/><G48/><T103/><D103/><U111/><E111/><V101/><F101/><N who="3" m="62759" /><G47/><T37/><D40/><U60/><E60/><N who="2" m="35967" /><F113/><W15/><G15/><T22/><D22/><U68/><E68/><V76/><F76/><W119/><G119/><T112/><D112/><U2/><E117/><V26/><F26/><W44/><G44/><T24/><REACH who="0" step="1"/><D18/><REACH who="0" ten="240,250,250,250" step="2"/><U13/><E6/><V64/><F134/><W30/><G30/><T121/><D121/><U72/><E72/><V120/><F120/><W36/><G1/><T41/><D41/><U130/><E130/><V80/><F133/><W10/><G10/><T118/><D118/><U73/><E73/><V85/><F132/><W78/><G78/><T51/><D51/><U125/><E2/><RYUUKYOKU ba="0,1" sc="240,15,250,-15,250,-15,250,15" hai0="16,23,24,37,38,39,53,57,61,62,63,77,87" hai3="33,34,35,36" /><INIT seed="0,1,1,1,1,123" ten="255,235,235,265" oya="0" hai0="78,94,85,61,57,108,63,41,39,58,1,53,74" hai1="121,47,117,5,109,130,44,68,13,81,55,34,65" hai2="66,27,2,35,49,42,10,3,119,6,80,86,135" hai3="15,105,99,46,56,7,18,90,115,79,23,11,62"/><T72/><D108/><U43/><E121/><V112/><F112/><W22/><G115/><T28/><D1/><U0/><E34/><V17/><F135/><W102/><G79/><T125/><D125/><U92/><E117/><V33/><F3/><W110/><G46/><T8/><D28/><U45/><E130/><V54/><F42/><W51/><G51/><T118/><D118/><U24/><E68/><V122/><F66/><W75/><G75/><T129/><D129/><U50/><E65/><V116/><F122/><W4/><G90/><T9/><D78/><U29/><E47/><V60/><F60/><W120/><G120/><T104/><D104/><U12/><E81/><V132/><F132/><W64/><G23/><T133/><D133/><U31/><E92/><V134/><F134/><W73/><G73/><T89/><D41/><U67/><E67/><V48/><F48/><W91/><G91/><T21/><D39/><U69/><E69/><V87/><F87/><W59/><G56/><T40/><D40/><U32/><E31/><N who="2" m="19711" /><F17/><W25/><REACH who="3" step="1"/><G4/><REACH who="3" ten="255,235,235,255" step="2"/><T76/><D74/><U83/><E5/><V106/><F6/><W98/><G98/><N who="0" m="57679" /><D72/><U84/><E43/><V128/><F116/><W124/><G124/><T37/><D37/><U16/><E32/><V95/><F35/><W113/><G113/><T70/><D70/><U38/><E38/><V20/><F119/><W26/><G26/><T111/><D76/><U77/><E77/><V100/><F20/><W97/><G97/><T96/><D21/><U36/><E36/><V101/><F49/><W126/><G126/><RYUUKYOKU ba="1,2" sc="255,-10,235,-10,235,-10,255,30" hai3="7,11,15,18,22,25,59,62,64,99,102,105,110" /><INIT seed="1,2,2,3,0,2" ten="245,225,225,285" oya="1" hai0="6,94,9,88,44,24,59,99,72,39,23,96,7" hai1="82,62,38,34,49,1,27,134,32,47,76,42,5" hai2="122,37,111,71,121,86,91,40,8,45,119,115,10" hai3="0,63,85,35,54,28,15,14,104,107,11,84,53"/><U97/><E134/><V93/><F119/><W118/><G0/><T133/><D72/><U113/><E113/><V25/><F115/><W64/><G118/><T125/><D125/><U26/><E97/><V130/><F71/><W19/><G15/><T57/><D133/><U61/><E49/><V112/><F112/><W79/><G104/><T51/><D39/><U109/><E109/><V101/><F111/><W13/><G13/><N who="0" m="5303" /><D7/><U78/><E78/><V67/><F67/><W77/><G84/><T65/><D96/><U87/><E27/><V129/><F101/><W31/><G107/><T117/><D65/><U18/><E34/><V108/><F25/><W105/><G105/><T4/><D4/><U98/><E98/><V36/><F36/><W95/><G77/><T128/><D128/><N who="2" m="49258" /><F108/><W29/><G35/><T73/><D73/><U80/><E80/><V124/><F124/><W103/><G103/><T69/><D69/><U75/><E87/><V81/><F81/><N who="3" m="47295" /><G95/><T70/><D70/><U20/><REACH who="1" step="1"/><E32/><REACH who="1" ten="245,215,225,285" step="2"/><V114/><F114/><W110/><G110/><T12/><D117/><U66/><E66/><V48/><F37/><W126/><G126/><T30/><D12/><U58/><E58/><AGARI ba="2,3" hai="11,14,19,28,29,31,53,54,58,63,64" m="47295" machi="58" ten="30,1000,0" yaku="8,1" doraHai="2" who="3" fromWho="1" sc="245,0,215,-16,225,0,285,46" /><INIT seed="2,0,0,1,2,116" ten="245,199,225,331" oya="2" hai0="124,60,93,120,92,62,78,33,54,86,16,82,29" hai1="107,71,1,52,19,122,118,10,57,42,133,34,89" hai2="20,134,127,130,45,114,132,9,4,23,61,38,35" hai3="84,117,67,43,79,6,97,40,80,100,13,48,72"/><V70/><F35/><W104/><G117/><T2/><D120/><U26/><E71/><V46/><F114/><W24/><G67/><T74/><D2/><U31/><E118/><V102/><F102/><W98/><G98/><T41/><D124/><U105/><E133/><N who="2" m="51307" /><F127/><W112/><G112/><T25/><D41/><U111/><E111/><V56/><F70/><W51/><G24/><T110/><D110/><U126/><E126/><V36/><F130/><W47/><G72/><T90/><D54/><U7/><E122/><V128/><F128/><W55/><G51/><T15/><REACH who="0" step="1"/><D92/><REACH who="0" ten="235,199,225,331" step="2"/><U32/><E42/><N who="2" m="22727" /><F38/><W53/><G43/><T91/><D91/><U106/><E89/><V77/><F77/><W5/><G5/><T119/><D119/><U73/><E73/><V12/><F46/><W11/><AGARI ba="0,1" hai="6,11,13,40,47,48,53,55,79,80,84,97,100,104" machi="11" ten="30,4000,0" yaku="0,1,25,2" doraHai="116" who="3" fromWho="3" sc="235,-10,199,-10,225,-20,331,50" /><INIT seed="3,0,0,0,2,99" ten="225,189,205,381" oya="3" hai0="61,41,65,115,35,101,54,48,69,9,1,19,128" hai1="125,122,15,110,7,46,79,11,62,5,27,126,117" hai2="129,52,30,39,116,111,24,25,83,127,64,34,3" hai3="55,4,28,85,133,31,76,59,87,134,113,63,106"/><W14/><G106/><T119/><D119/><U96/><E122/><V84/><F116/><W32/><G113/><T26/><D115/><U94/><E117/><V21/><F3/><W135/><G76/><T38/><D128/><U53/><E110/><V10/><F111/><W37/><G37/><T97/><D38/><U102/><E79/><V72/><F72/><W105/><G105/><N who="0" m="63663" /><D41/><U47/><E27/><V114/><F127/><N who="1" m="48649" /><E7/><V56/><F39/><W75/><G75/><T42/><D42/><U109/><E109/><V130/><F64/><W8/><G32/><T67/><D67/><U44/><E62/><N who="2" m="36103" /><F10/><W104/><G104/><T81/><D81/><U40/><E40/><V18/><F114/><W77/><G77/><T50/><D54/><AGARI ba="0,0" hai="5,11,15,44,46,47,53,54,94,96,102" m="48649" machi="54" ten="30,2000,0" yaku="18,1,52,1" doraHai="99" who="1" fromWho="0" sc="225,-20,189,20,205,0,381,0" owari="205,-19.5,209,0.9,205,-29.5,381,48.1" /></mjloggm>