<mjloggm ver="2.3"><GO type="225" lobby="0"/><UN n0="%E6%98%93%E5%88%A9%E8%96%A9%E4%BC%AF" n1="%72%61%6B%33" n2="%E3%82%B7%E3%83%B3%E5%A4%AA%E6%9C%97" n3="%E3%81%A8%E3%82%93%E3%81%A8%E3%81%93%E3%81%A8%E3%82%93" dan="16,16,16,16" rate="2052.80,2156.24,2160.82,2117.34" sx="F,M,M,F"/><TAIKYOKU oya="0"/><INIT seed="0,0,0,2,5,37" ten="250,250,250,250" oya="0" hai0="34,71,66,93,0,132,89,3,78,103,47,28,4" hai1="12,133,50,2,48,102,20,104,123,45,88,75,56" hai2="10,77,126,80,119,42,107,128,130,91,9,32,79" hai3="74,13,83,96,62,73,29,90,124,131,125,98,61"/><T40/><D132/><U8/><E133/><V6/><F119/><W72/><G29/><T82/><D103/><U26/><E75/><V27/><F107/><W85/><G13/><T110/><D110/><U135/><E135/><V84/><F126/><N who="3" m="48747" /><G131/><N who="2" m="50217" /><F42/><W44/><G44/><T76/><D76/><N who="2" m="29258" /><F6/><W38/><G38/><T101/><D101/><U11/><E123/><V31/><AGARI ba="0,0" hai="9,10,27,31,32,80,84,91" m="29258,50217" machi="31" ten="30,1100,0" yaku="19,1" doraHai="37" who="2" fromWho="2" sc="250,-5,250,-3,250,11,250,-3" /><INIT seed="1,0,0,1,1,131" ten="245,247,261,247" oya="1" hai0="29,69,10,92,24,89,12,61,5,99,11,62,70" hai1="8,4,28,71,26,35,37,84,103,25,87,93,72" hai2="123,73,74,14,54,1,66,51,112,13,124,81,125" hai3="6,100,111,60,22,27,63,91,0,121,104,95,117"/><U102/><E72/><V108/><F1/><W77/><G121/><T34/><REACH who="0" step="1"/><D11/><REACH who="0" ten="235,247,261,247" step="2"/><U59/><E71/><AGARI ba="0,1" hai="5,10,12,24,29,34,61,62,69,70,71,89,92,99" machi="71" ten="40,5200,0" yaku="21,2,2,1,53,0" doraHai="131" doraHaiUra="119" who="0" fromWho="1" sc="235,62,247,-52,261,0,247,0" /><INIT seed="2,0,0,4,4,102" ten="297,195,261,247" oya="2" hai0="67,3,91,66,5,77,132,80,60,20,61,16,8" hai1="99,81,93,103,26,9,97,105,27,106,74,10,79" hai2="63,126,37,87,47,84,41,125,43,39,7,127,40" hai3="72,21,54,90,57,48,86,1,22,56,51,45,65"/><V38/><F7/><W71/><G72/><T11/><D132/><U114/><E114/><V121/><F121/><W129/><G1/><T76/><D11/><U64/><E64/><V82/><F63/><W122/><G122/><T24/><D91/><U15/><E10/><V120/><F120/><W52/><G129/><T124/><D124/><U18/><REACH who="1" step="1"/><E105/><REACH who="1" ten="297,185,261,247" step="2"/><V4/><F4/><W28/><G71/><T104/><D104/><U29/><E29/><V73/><F47/><W69/><G28/><T2/><D2/><U101/><AGARI ba="0,1" hai="9,15,18,26,27,74,79,81,93,97,99,101,103,106" machi="101" ten="20,5200,0" yaku="1,1,0,1,7,1,52,1,53,0" doraHai="102" doraHaiUra="46" who="1" fromWho="1" sc="297,-13,185,62,261,-26,247,-13" /><INIT seed="3,0,0,3,3,106" ten="284,247,235,234" oya="3" hai0="23,25,76,54,84,134,99,45,61,60,72,75,38" hai1="82,65,36,80,0,43,22,18,26,32,73,13,7" hai2="59,95,110,101,51,46,21,107,74,64,53,118,102" hai3="42,96,119,83,12,120,19,131,1,2,129,121,93"/><W114/><G42/><T71/><D134/><U10/><E65/><V103/><F118/><W113/><G83/><T98/><D84/><U47/><REACH who="1" step="1"/><E73/><REACH who="1" ten="284,237,235,234" step="2"/><V16/><F74/><W30/><G119/><T117/><D75/><U39/><E39/><V112/><F112/><W109/><G109/><T130/><D72/><U94/><E94/><V62/><F110/><W105/><G105/><T116/><D38/><U4/><E4/><V124/><F107/><W100/><G114/><T41/><D116/><U69/><E69/><V79/><F124/><W91/><G113/><T70/><D71/><U17/><E17/><V87/><F95/><W52/><G121/><T92/><D92/><U86/><E86/><V40/><F87/><W67/><G67/><T104/><D70/><U5/><E5/><V9/><F64/><W8/><G120/><T33/><D104/><U135/><E135/><V97/><F97/><W126/><G126/><T35/><D99/><U29/><AGARI ba="0,1" hai="0,7,10,13,18,22,26,29,32,36,43,47,80,82" machi="29" ten="30,7900,0" yaku="1,1,0,1,24,2,53,0" doraHai="106" doraHaiUra="44" who="1" fromWho="1" sc="284,-20,237,89,235,-20,234,-39" owari="264,6.4,326,42.6,215,-18.5,195,-30.5" /></mjloggm>