<mjloggm ver="2.3"><GO type="225" lobby="0"/><UN n0="%E6%A1%9C%E8%8A%B1%E9%96%83%E3%80%85" n1="%E3%82%A2%E3%83%BC%E3%83%A2%E3%83%AD%E3%83%BC%E3%83%B4%E3%82%A1" n2="%E3%81%8C%E3%81%9F" n3="%E5%84%AA%40%41%42%43" dan="16,16,17,17" rate="2065.04,2182.18,2186.02,2159.22" sx="M,M,F,M"/><TAIKYOKU oya="0"/><INIT seed="0,0,0,4,0,75" ten="250,250,250,250" oya="0" hai0="134,60,20,107,87,84,26,105,16,88,52,93,4" hai1="11,92,73,91,41,3,120,90,30,62,82,125,133" hai2="96,99,43,68,46,7,104,97,102,95,123,115,44" hai3="17,40,129,28,130,48,57,13,113,100,72,111,77"/><T2/><D134/><U53/><E120/><V50/><F115/><W106/><G113/><T86/><D2/><U37/><E30/><V55/><F123/><W31/><G106/><T56/><REACH who="0" step="1"/><D4/><REACH who="0" ten="240,250,250,250" step="2"/><U118/><E133/><V32/><F7/><W83/><G130/><T67/><D67/><U131/><E3/><V64/><F32/><W49/><G129/><T117/><D117/><U58/><E118/><V35/><F35/><W78/><G111/><T127/><D127/><U103/><E125/><V45/><F64/><W9/><G31/><T109/><D109/><U33/><E131/><V63/><F104/><AGARI ba="0,1" hai="16,20,26,52,56,60,84,86,87,88,93,104,105,107" machi="104" ten="40,12000,1" yaku="1,1,54,3,53,0" doraHai="75" doraHaiUra="74" who="0" fromWho="2" sc="240,130,250,0,250,-120,250,0" /><INIT seed="0,1,0,0,2,14" ten="370,250,130,250" oya="0" hai0="110,71,15,90,16,11,47,114,10,125,7,66,60" hai1="36,111,30,120,41,93,38,28,37,72,65,26,62" hai2="3,82,107,88,54,92,18,12,9,89,2,99,5" hai3="116,53,134,94,69,97,4,56,127,46,103,50,43"/><T132/><D132/><U78/><E120/><V13/><F107/><W44/><G127/><T135/><D135/><U124/><E124/><V122/><F122/><W40/><G69/><T51/><D125/><U129/><E111/><V105/><F105/><W27/><G134/><T74/><D110/><U86/><E129/><V8/><REACH who="2" step="1"/><F54/><REACH who="2" ten="370,250,120,250" step="2"/><W39/><G116/><T61/><D114/><U67/><E41/><V76/><F76/><W48/><G4/><T32/><D74/><U123/><E123/><V95/><F95/><W112/><G112/><T1/><D32/><U58/><E93/><V102/><F102/><W84/><G84/><AGARI ba="1,1" hai="2,3,5,8,9,12,13,18,82,84,88,89,92,99" machi="84" ten="40,8000,1" yaku="1,1,52,1,54,1,53,1" doraHai="14" doraHaiUra="79" who="2" fromWho="3" sc="370,0,250,0,120,93,250,-83" /><INIT seed="1,0,0,3,4,103" ten="370,250,213,167" oya="1" hai0="123,40,65,122,41,107,133,23,48,7,88,37,91" hai1="62,86,94,132,45,4,93,98,78,39,46,58,29" hai2="74,54,6,83,131,67,53,60,10,101,52,11,19" hai3="79,127,116,70,112,121,124,115,128,73,90,43,47"/><U50/><E132/><V22/><F131/><W16/><G16/><T108/><D108/><U61/><E39/><V5/><F101/><W106/><G70/><T84/><D133/><U36/><E36/><V0/><F83/><N who="3" m="45551" /><G47/><N who="1" m="17930" /><E4/><V92/><F92/><N who="1" m="35433" /><E98/><V25/><F74/><W72/><G43/><T120/><D107/><U109/><E29/><V51/><F51/><W117/><G72/><T66/><D37/><U75/><E75/><V104/><F104/><W32/><G32/><T33/><D33/><U59/><E109/><V30/><F30/><W135/><G135/><T49/><D7/><U31/><E31/><V69/><REACH who="2" step="1"/><F53/><REACH who="2" ten="370,250,203,167" step="2"/><W38/><G106/><T97/><D122/><U64/><E50/><V68/><F68/><W134/><G38/><T76/><D120/><U21/><E78/><V100/><F100/><W130/><G134/><T99/><D123/><U105/><E105/><V18/><F18/><W71/><G121/><T27/><D76/><U89/><E89/><V95/><F95/><W114/><G90/><T80/><D80/><U34/><E86/><V125/><F125/><N who="3" m="48203" /><G71/><T44/><D84/><U87/><E87/><V113/><F113/><W63/><G63/><T26/><D44/><U111/><E111/><V102/><F102/><W35/><G35/><T81/><D81/><U82/><E82/><V110/><F110/><W3/><G3/><AGARI ba="0,1" hai="0,3,5,6,10,11,19,22,25,52,54,60,67,69" machi="3" ten="30,7700,0" yaku="1,1,7,1,9,1,54,1,53,0" doraHai="103" doraHaiUra="96" who="2" fromWho="3" sc="370,0,250,0,203,87,167,-77" /><INIT seed="2,0,0,4,0,7" ten="370,250,290,90" oya="2" hai0="53,35,129,6,22,41,43,33,83,34,101,64,80" hai1="24,110,46,108,82,71,75,8,94,60,116,56,134" hai2="58,47,5,44,39,57,16,32,78,61,92,79,132" hai3="29,55,120,74,18,119,85,36,107,100,28,23,109"/><V67/><F32/><W115/><G119/><T50/><D129/><U70/><E116/><V106/><F106/><W93/><G120/><T97/><D64/><U69/><E134/><V128/><F128/><W76/><G109/><T14/><D43/><U38/><E94/><V27/><F132/><W133/><G133/><T59/><D41/><U17/><E46/><V4/><F92/><W72/><G36/><T99/><D99/><U0/><E38/><V19/><F39/><W104/><G115/><T124/><D124/><U125/><E125/><V52/><F27/><W73/><G104/><T126/><D126/><U90/><E24/><V86/><F86/><W62/><G107/><T13/><D22/><U54/><E90/><V81/><F81/><W127/><G127/><T12/><D6/><N who="2" m="2666" /><F47/><W111/><G111/><T45/><D45/><U135/><E0/><V21/><F44/><W77/><G76/><N who="2" m="29225" /><F21/><W48/><G77/><T1/><D1/><U25/><E135/><V87/><F87/><W117/><G117/><T114/><D114/><U42/><E42/><V9/><F9/><W63/><G85/><T51/><D83/><U68/><E82/><V30/><F30/><W123/><G123/><T131/><D80/><U37/><E37/><V89/><F89/><W121/><G121/><T2/><D2/><U105/><E105/><V113/><F113/><W31/><G93/><N who="0" m="58543" /><D131/><U10/><N who="1" m="17408" /><DORA hai="95" /><U122/><E122/><V112/><F112/><W40/><G40/><T102/><D102/><U84/><E108/><V118/><F118/><W88/><G100/><T26/><D26/><RYUUKYOKU ba="0,0" sc="370,15,250,-15,290,15,90,-15" hai0="12,13,14,33,34,35,50,51,53,59" hai2="16,19,52,57,58,61,67" /><INIT seed="2,1,0,0,2,102" ten="385,235,305,75" oya="2" hai0="18,9,2,39,49,19,87,51,21,35,3,23,114" hai1="120,134,20,68,52,4,124,109,118,26,130,113,45" hai2="103,43,30,60,77,110,67,135,104,83,59,54,121" hai3="8,64,13,10,40,6,79,53,92,82,44,7,86"/><V61/><F121/><W32/><G32/><T112/><D87/><U62/><E118/><V63/><F135/><W70/><G70/><T27/><D35/><U42/><E113/><V100/><F43/><W126/><G126/><T1/><D39/><U47/><E134/><V123/><F123/><W16/><G64/><T36/><D36/><U107/><E124/><V122/><F122/><W99/><G53/><T69/><D69/><U119/><E119/><V46/><F30/><W24/><G24/><N who="0" m="14391" /><D51/><U66/><E109/><V57/><F110/><W34/><G34/><T96/><D96/><U58/><E130/><V93/><F104/><W14/><G40/><T125/><D49/><U22/><E120/><V108/><F108/><W98/><G44/><T11/><D125/><U41/><E4/><V117/><F117/><W81/><G81/><T127/><D127/><U50/><E107/><V97/><F46/><W105/><G105/><T84/><D84/><U85/><E85/><N who="2" m="48367" /><F60/><W75/><G75/><T73/><D73/><U72/><E72/><V71/><F71/><W132/><G132/><T76/><D76/><U48/><E26/><V33/><F33/><W88/><G99/><T89/><D89/><AGARI ba="1,0" hai="54,57,59,61,63,67,89,93,97,100,103" m="48367" machi="89" ten="30,1500,0" yaku="8,1" doraHai="102" who="2" fromWho="0" sc="385,-18,235,0,305,18,75,0" /><INIT seed="2,2,0,5,4,7" ten="367,235,323,75" oya="2" hai0="119,63,4,110,73,36,82,72,37,132,101,31,47" hai1="54,87,27,14,44,33,1,70,127,43,98,46,125" hai2="18,45,99,93,94,3,29,103,64,6,121,122,21" hai3="92,24,131,67,12,113,39,116,38,30,50,134,130"/><V60/><F29/><W8/><G116/><T79/><D110/><U83/><E1/><V114/><F114/><W41/><G113/><T40/><D119/><U61/><E98/><V9/><F93/><W129/><G134/><T22/><D132/><U32/><E14/><V69/><REACH who="2" step="1"/><F45/><REACH who="2" ten="367,235,313,75" step="2"/><W81/><G92/><T58/><D47/><U5/><E46/><V86/><F86/><W52/><G81/><T15/><D72/><U13/><E87/><V19/><F19/><W55/><G129/><T65/><D40/><U56/><E83/><V80/><F80/><W90/><G41/><T105/><D31/><U112/><E112/><V91/><F91/><W108/><G90/><T77/><D77/><U57/><E44/><V20/><F20/><W128/><G108/><T48/><D22/><U66/><E43/><V62/><F62/><W123/><G39/><T100/><D48/><U118/><E118/><V28/><F28/><W109/><G38/><T104/><D37/><U76/><E76/><V42/><F42/><W111/><G109/><T16/><D16/><U53/><E33/><V2/><F2/><W71/><G111/><T117/><D36/><U75/><E75/><V106/><F106/><N who="0" m="41066" /><D117/><U0/><E0/><V102/><F102/><W133/><G133/><T10/><D101/><U126/><E32/><V51/><F51/><W115/><G50/><T97/><D100/><U11/><E27/><AGARI ba="2,1" hai="3,6,9,18,21,27,60,64,69,94,99,103,121,122" machi="27" ten="30,5800,0" yaku="1,1,7,1,52,1,53,0" doraHai="7" doraHaiUra="25" who="2" fromWho="1" sc="367,0,235,-64,313,74,75,0" /><INIT seed="2,3,0,0,3,89" ten="367,171,387,75" oya="2" hai0="61,46,57,24,51,19,94,53,77,133,124,16,129" hai1="105,115,44,23,6,14,54,48,42,65,108,0,25" hai2="134,15,71,56,12,116,85,33,31,83,126,20,113" hai3="45,72,4,17,8,11,27,62,119,32,26,86,82"/><V10/><F113/><W50/><G119/><T63/><D129/><U47/><E115/><V132/><F116/><W75/><G26/><T38/><D133/><N who="2" m="51306" /><F71/><W39/><G39/><T49/><D124/><U120/><E105/><V35/><F56/><W43/><G62/><N who="0" m="23563" /><D38/><U114/><E108/><V64/><F64/><W59/><G59/><T87/><D24/><U102/><E0/><V106/><F106/><W3/><G32/><N who="2" m="12361" /><F126/><W131/><G131/><T95/><D77/><U103/><E65/><V125/><F125/><W107/><G107/><T110/><D110/><U84/><E120/><V1/><F85/><W5/><G27/><T81/><D81/><U92/><E114/><V67/><F67/><W13/><REACH who="3" step="1"/><G17/><REACH who="3" ten="367,171,387,65" step="2"/><N who="0" m="6731" /><D87/><U127/><E127/><V98/><F98/><W30/><G30/><T40/><AGARI ba="3,1" hai="40,46,49,51,53,57,94,95" m="6731,23563" machi="40" ten="30,7900,0" yaku="8,1,52,2,54,1" doraHai="89" who="0" fromWho="0" sc="367,98,171,-23,387,-42,65,-23" /><INIT seed="3,0,0,1,2,29" ten="465,148,345,42" oya="3" hai0="39,19,101,108,111,124,103,110,115,100,77,46,129" hai1="2,125,75,71,42,33,22,93,56,105,8,43,66" hai2="65,85,76,31,122,36,96,88,91,60,130,6,86" hai3="102,106,63,59,18,95,49,98,81,121,131,109,7"/><W20/><G121/><T15/><D124/><U12/><E105/><V89/><F36/><W61/><G131/><T24/><D115/><U10/><E33/><V92/><F130/><W104/><G109/><T48/><D129/><U32/><E32/><V128/><F128/><W135/><G135/><T44/><D39/><U3/><E71/><V52/><F122/><W83/><G7/><T9/><D77/><U1/><E75/><V114/><F114/><W133/><G133/><T80/><D80/><U68/><E68/><V21/><F6/><W116/><G116/><T132/><D132/><U37/><E125/><V90/><F76/><W127/><G127/><T55/><D24/><U84/><E22/><V119/><F119/><W0/><G0/><T45/><AGARI ba="0,0" hai="9,15,19,44,45,46,48,55,100,101,103,108,110,111" machi="45" ten="40,2700,0" yaku="0,1,14,1" doraHai="29" who="0" fromWho="0" sc="465,27,148,-7,345,-7,42,-13" owari="492,59.2,141,-25.9,338,13.8,29,-47.1" /></mjloggm>