<mjloggm ver="2.3"><GO type="225" lobby="0"/><UN n0="%E7%BD%AA%E5%88%91%E6%B3%95%E5%AE%9A%E4%B8%BB%E7%BE%A9" n1="%E3%81%8B%E3%82%8F%E3%81%A1%E3%82%83%E3%82%93%35%38" n2="%72%61%6B%33" n3="%E3%82%BC%E3%83%AB%E3%83%80%E3%81%AE%E4%BC%9D%E8%AA%AC" dan="16,17,17,17" rate="2182.28,2208.48,2158.66,2224.49" sx="M,M,M,M"/><TAIKYOKU oya="0"/><INIT seed="0,0,0,0,3,108" ten="250,250,250,250" oya="0" hai0="16,75,3,57,58,25,67,105,118,46,59,110,102" hai1="122,5,7,26,126,6,99,60,64,90,117,85,133" hai2="47,76,62,91,95,56,123,29,22,81,32,97,9" hai3="114,100,52,69,73,1,93,44,107,4,131,53,134"/><T2/><D118/><U88/><E122/><V112/><F123/><W132/><G73/><T19/><D75/><U120/><E120/><V94/><F32/><W54/><G69/><T74/><D74/><U63/><E117/><V78/><F112/><W39/><G131/><T24/><D67/><U61/><E133/><N who="3" m="51306" /><G107/><T28/><D110/><U87/><E126/><V37/><F9/><N who="3" m="2191" /><G114/><T48/><D102/><U33/><E64/><V36/><F95/><W111/><G111/><T68/><D68/><U135/><E135/><V35/><F35/><W101/><G93/><T45/><D105/><U129/><E129/><V17/><F29/><W27/><G27/><T79/><D59/><U72/><E72/><V124/><F124/><W38/><G38/><T115/><D28/><U119/><E119/><V10/><F10/><W20/><G20/><T34/><D34/><U70/><E70/><V55/><F81/><W121/><G121/><T50/><D79/><U103/><E26/><N who="2" m="14671" /><F37/><W13/><G13/><T83/><D83/><U82/><E33/><V66/><F36/><W92/><G92/><T89/><D89/><U51/><E51/><AGARI ba="0,0" hai="47,51,55,56,62,66,76,78,91,94,97" m="14671" machi="51" ten="30,1000,0" yaku="8,1" doraHai="108" who="2" fromWho="1" sc="250,0,250,-10,250,10,250,0" /><INIT seed="1,0,0,1,0,126" ten="250,240,260,250" oya="1" hai0="28,38,73,43,134,95,56,44,80,55,12,128,14" hai1="123,109,49,101,91,132,87,30,35,68,46,116,7" hai2="112,29,13,83,90,107,16,129,82,74,114,65,54" hai3="99,92,57,104,53,131,6,106,21,100,111,47,69"/><U78/><E116/><V58/><F107/><W27/><G111/><T1/><D1/><U76/><E123/><V96/><F29/><W34/><G69/><T97/><D134/><U108/><E68/><V72/><F65/><W0/><G34/><T32/><D32/><U8/><E101/><V63/><F129/><W2/><G131/><T42/><D28/><U60/><E60/><V75/><F96/><W66/><G47/><T59/><D43/><N who="1" m="24799" /><E30/><V122/><F122/><W48/><G66/><T117/><D117/><U22/><E22/><V5/><F5/><W23/><G23/><T85/><D73/><U89/><E35/><V125/><F125/><W127/><G127/><T61/><D59/><U79/><E87/><V10/><REACH who="2" step="1"/><F90/><REACH who="2" ten="250,240,250,250" step="2"/><W133/><G133/><T9/><D128/><U40/><E132/><V37/><F37/><W24/><G6/><T119/><D119/><U70/><E70/><V121/><F121/><W124/><G124/><T45/><D38/><U113/><E113/><AGARI ba="0,1" hai="10,13,16,54,58,63,72,74,75,82,83,112,113,114" machi="113" ten="50,6400,0" yaku="1,1,11,1,54,1,53,0" doraHai="126" doraHaiUra="39" who="2" fromWho="1" sc="250,0,240,-64,250,74,250,0" /><INIT seed="2,0,0,4,2,110" ten="250,176,324,250" oya="2" hai0="72,117,107,39,0,34,66,3,128,126,63,10,8" hai1="35,127,28,92,104,24,7,76,95,89,132,49,19" hai2="84,5,16,57,68,32,42,33,48,9,27,125,37" hai3="50,44,46,70,11,99,124,101,2,103,64,53,59"/><V83/><F68/><W112/><G124/><T80/><D10/><U133/><E104/><V105/><F105/><W96/><G70/><N who="0" m="42335" /><D126/><U86/><E127/><V22/><F37/><W65/><G2/><T18/><D18/><U130/><E130/><V122/><F122/><W58/><G11/><T116/><D107/><U17/><E7/><V54/><F42/><W23/><G23/><T30/><D39/><U21/><E76/><V113/><F113/><W98/><G112/><T13/><D13/><U31/><E92/><V25/><F25/><W134/><G134/><T29/><D29/><U75/><E75/><V119/><F119/><N who="0" m="45642" /><D8/><U94/><E94/><V79/><REACH who="2" step="1"/><F125/><REACH who="2" ten="250,176,314,250" step="2"/><W90/><G103/><T26/><D128/><U40/><E133/><V69/><F69/><W129/><G101/><T77/><AGARI ba="0,1" hai="0,3,26,30,34,72,77,80" m="45642,42335" machi="77" ten="30,2000,0" yaku="12,1,23,1" doraHai="110" who="0" fromWho="0" sc="250,30,176,-5,314,-10,250,-5" /><INIT seed="3,0,0,5,2,96" ten="280,171,304,245" oya="3" hai0="18,121,1,53,122,64,105,49,35,84,44,71,127" hai1="130,39,118,11,73,29,128,6,41,100,22,92,69" hai2="2,24,107,52,77,59,85,98,117,109,95,97,40" hai3="108,19,134,26,9,15,114,36,5,102,133,112,83"/><W123/><G36/><T62/><D1/><U42/><E73/><V20/><F2/><W99/><G83/><T31/><D105/><U135/><E69/><V125/><F117/><W93/><G123/><T54/><D127/><U0/><E39/><V110/><F40/><N who="1" m="15465" /><E118/><V34/><F34/><W120/><G120/><T8/><D31/><U78/><E78/><V55/><F125/><W37/><G37/><T76/><D35/><U129/><E135/><N who="3" m="51722" /><G108/><N who="2" m="41577" /><F107/><W91/><G91/><T3/><D54/><N who="2" m="20522" /><F59/><W80/><G80/><T131/><D131/><N who="1" m="33539" /><U61/><DORA hai="65" /><E61/><V70/><F70/><W45/><G45/><T101/><D76/><U51/><E51/><V14/><F14/><N who="3" m="5423" /><G26/><T81/><D122/><U25/><E92/><V47/><F47/><W126/><G126/><T56/><D121/><U12/><E0/><V38/><F38/><W82/><G82/><T32/><D3/><U17/><E100/><V113/><F77/><W33/><G33/><T104/><D32/><U63/><E63/><V28/><F113/><W88/><G102/><T7/><D101/><U132/><E132/><V106/><F106/><W60/><G60/><T89/><D104/><U72/><E72/><V87/><F98/><W86/><G99/><T119/><D119/><U27/><E27/><V66/><F66/><W67/><G67/><T90/><D89/><AGARI ba="0,0" hai="20,24,28,85,87,89,95,97" m="20522,41577" machi="89" ten="30,2000,0" yaku="14,1,54,1" doraHai="96,65" who="2" fromWho="0" sc="280,-20,171,0,304,20,245,0" owari="260,6.0,171,-32.9,324,42.4,245,-15.5" /></mjloggm>