<mjloggm ver="2.3"><GO type="225" lobby="0"/><UN n0="%E3%81%99%E3%81%84%E3%81%BE%E3%81%9B%E3%83%BC%E3%82%93" n1="%E4%BF%BA%E3%81%A8%E5%A6%96%E5%A4%A2" n2="%E8%B6%85%E7%B4%9A%E9%B3%B3%E5%87%B0" n3="%72%69%6F%75%63%68%61%6E" dan="17,17,16,16" rate="2245.78,2255.22,2145.86,2109.85" sx="M,F,M,M"/><TAIKYOKU oya="0"/><INIT seed="0,0,0,3,3,123" ten="250,250,250,250" oya="0" hai0="65,54,29,16,77,124,27,83,120,102,0,72,12" hai1="10,58,89,11,22,57,3,42,73,110,41,91,106" hai2="63,112,60,52,33,88,70,108,130,117,121,40,19" hai3="43,18,118,8,103,34,84,67,109,113,131,62,50"/><T59/><D120/><U49/><E73/><V6/><F121/><W93/><G109/><T48/><D124/><U64/><E106/><V71/><F112/><W104/><G131/><T111/><D0/><U45/><E3/><V80/><F33/><W127/><G127/><T17/><D102/><U92/><E41/><V9/><F130/><W46/><G113/><T32/><D111/><U79/><E79/><V61/><F117/><W129/><G129/><T56/><REACH who="0" step="1"/><D12/><REACH who="0" ten="240,250,250,250" step="2"/><U38/><E110/><V5/><F108/><W23/><G103/><T82/><D82/><U31/><E38/><V74/><F80/><W107/><G118/><T30/><D30/><U96/><E89/><V133/><F88/><W4/><G107/><T134/><D134/><U28/><E28/><V87/><F133/><W55/><G104/><T75/><D75/><U66/><E31/><V21/><F74/><W116/><G116/><T86/><D86/><U15/><E91/><V26/><F87/><W53/><G84/><T122/><D122/><U78/><E78/><V7/><F26/><W24/><G93/><T126/><D126/><U68/><E92/><V51/><F51/><W115/><G115/><T105/><D105/><U114/><E114/><V2/><F2/><W132/><G132/><T81/><D81/><U35/><E49/><V94/><F94/><W98/><G98/><T76/><D76/><U13/><E96/><V128/><F128/><W1/><G34/><T39/><D39/><U14/><E35/><V125/><F125/><W20/><G20/><T37/><D37/><U119/><E22/><RYUUKYOKU ba="0,1" sc="240,15,250,-15,250,-15,250,15" hai0="16,17,27,29,32,48,54,56,59,65,72,77,83" hai3="1,4,8,18,23,24,43,46,50,53,55,62,67" /><INIT seed="0,1,1,0,3,113" ten="255,235,235,265" oya="0" hai0="71,17,100,53,28,19,123,27,47,63,135,80,124" hai1="72,114,32,29,96,117,79,129,57,107,101,18,128" hai2="131,84,46,25,119,74,55,112,30,60,78,0,6" hai3="38,16,45,97,111,121,66,58,88,82,126,36,75"/><T69/><D123/><U48/><E114/><V59/><F112/><W73/><G121/><T7/><D124/><U115/><E115/><V2/><F131/><N who="1" m="50249" /><E18/><V87/><F46/><W76/><G126/><T120/><D120/><U50/><E57/><V77/><F119/><W109/><G73/><T83/><D135/><U86/><E72/><V103/><F103/><W81/><G45/><T8/><D100/><U127/><E127/><V49/><F74/><W3/><G3/><T125/><D125/><U102/><E102/><V41/><F41/><W98/><G98/><T62/><D71/><U89/><E79/><V70/><F77/><W5/><G5/><T39/><D69/><U61/><E61/><V33/><F78/><W67/><G16/><T64/><D19/><U134/><E134/><V132/><F132/><W116/><G116/><T108/><D17/><U34/><E117/><V44/><F70/><W85/><G97/><T43/><D64/><N who="3" m="24617" /><G58/><T51/><D63/><U13/><E13/><V92/><F6/><W110/><AGARI ba="1,1" hai="36,38,75,76,81,82,85,88,109,110,111" m="24617" machi="110" ten="40,2700,0" yaku="14,1,54,1" doraHai="113" who="3" fromWho="3" sc="255,-14,235,-8,235,-8,265,40" /><INIT seed="1,0,0,2,2,27" ten="241,227,227,305" oya="1" hai0="62,71,46,106,60,53,99,131,56,40,79,80,21" hai1="107,87,100,3,89,26,103,77,66,2,130,120,95" hai2="33,81,30,14,111,55,86,28,90,68,6,105,104" hai3="25,119,124,38,126,57,36,5,72,65,18,75,96"/><U74/><E120/><V39/><F39/><W94/><G119/><T61/><D131/><U121/><E121/><V82/><F68/><W37/><G5/><T20/><D106/><U97/><E130/><V12/><F111/><W102/><G18/><T43/><D99/><U29/><E66/><V125/><F125/><N who="3" m="48235" /><G25/><T88/><D88/><U22/><REACH who="1" step="1"/><E100/><REACH who="1" ten="241,217,227,305" step="2"/><V113/><F113/><W15/><G65/><T9/><D71/><U70/><E70/><V123/><F123/><W132/><G102/><T108/><D108/><U48/><E48/><V110/><F110/><W114/><G37/><T85/><D62/><U78/><E78/><V1/><F90/><W8/><G36/><T4/><D61/><U64/><E64/><V76/><F76/><W42/><G38/><T45/><D43/><U34/><E34/><V129/><F129/><W16/><G42/><T7/><D40/><U115/><E115/><V11/><F33/><W10/><G114/><T31/><D60/><U0/><E0/><V13/><F1/><W98/><G132/><T117/><D79/><U41/><E41/><V17/><F55/><W92/><G57/><T47/><D56/><U58/><E58/><V118/><F118/><W101/><G8/><T133/><D9/><U127/><E127/><V23/><F11/><W116/><G116/><T83/><D117/><U91/><E91/><V59/><F59/><W73/><G101/><T128/><D128/><U35/><E35/><V112/><F112/><W44/><G44/><T67/><D47/><U84/><E84/><V93/><F86/><W63/><G63/><RYUUKYOKU ba="0,1" sc="241,-15,217,15,227,-15,305,15" hai1="2,3,22,26,29,74,77,87,89,95,97,103,107" hai3="10,15,16,72,73,75,92,94,96,98" /><INIT seed="1,1,1,1,2,90" ten="226,232,212,320" oya="1" hai0="3,26,27,74,107,97,29,120,132,1,28,128,134" hai1="47,83,46,133,48,51,56,119,135,39,22,126,6" hai2="116,91,68,9,53,86,16,44,64,17,84,21,0" hai3="5,106,70,33,65,103,115,98,52,42,55,34,20"/><U108/><E6/><V79/><F116/><W95/><G115/><T58/><D74/><U130/><E119/><V8/><F79/><W40/><G5/><T78/><D78/><U113/><E113/><V81/><F0/><W105/><G65/><T72/><D72/><U117/><E117/><V73/><F73/><W24/><G70/><T96/><D58/><U122/><E83/><V87/><F68/><W32/><G40/><T93/><D128/><U94/><E39/><V45/><F64/><W77/><G42/><T14/><D14/><U67/><E122/><V89/><F86/><W104/><REACH who="3" step="1"/><G77/><REACH who="3" ten="226,232,212,310" step="2"/><T41/><D41/><U109/><E67/><V118/><F118/><W82/><G82/><T114/><D114/><U57/><E130/><V129/><F129/><W54/><G54/><T35/><D120/><U59/><E126/><V75/><F81/><W121/><G121/><T123/><D123/><U100/><E133/><V10/><F53/><W111/><G111/><N who="1" m="42570" /><E135/><V102/><F75/><W101/><G101/><N who="0" m="62887" /><D134/><U2/><E2/><V25/><F102/><W62/><G62/><T125/><D125/><U49/><E22/><V110/><F110/><W37/><G37/><T63/><D132/><U66/><E66/><V36/><F36/><W12/><G12/><T76/><D76/><U7/><E7/><V43/><F43/><W85/><G85/><T13/><D13/><U18/><E100/><V50/><F21/><W30/><AGARI ba="1,2" hai="20,24,30,32,33,34,52,55,95,98,103,104,105,106" machi="30" ten="40,8000,1" yaku="1,1,0,1,52,1,54,1,53,0" doraHai="90" doraHaiUra="11" who="3" fromWho="3" sc="226,-21,232,-41,212,-21,310,103" /><INIT seed="2,0,0,0,0,17" ten="205,191,191,413" oya="2" hai0="64,30,27,22,121,28,107,109,73,50,54,62,23" hai1="102,99,1,87,124,6,81,49,127,82,100,89,131" hai2="118,120,103,132,114,78,18,126,74,57,85,40,26" hai3="53,12,44,130,7,8,2,129,24,115,94,21,55"/><V112/><F118/><W92/><G115/><T69/><D121/><U84/><E1/><V46/><F120/><W41/><G2/><T116/><D109/><U98/><E6/><V10/><F126/><N who="1" m="48169" /><E49/><V63/><F132/><W90/><G53/><T0/><D0/><U15/><E15/><V13/><F74/><W83/><G83/><T108/><D108/><U95/><E131/><N who="3" m="50186" /><G55/><T80/><D107/><N who="1" m="63895" /><E84/><V122/><F122/><W86/><G90/><T11/><D116/><U42/><E42/><V33/><F103/><W51/><G86/><T25/><D11/><U135/><E135/><V60/><F78/><W111/><G111/><T59/><D80/><AGARI ba="0,0" hai="80,81,82,87,89,95,99,102" m="63895,48169" machi="80" ten="30,3900,0" yaku="18,1,34,2" doraHai="17" who="1" fromWho="0" sc="205,-39,191,39,191,0,413,0" /><INIT seed="3,0,0,4,3,74" ten="166,230,191,413" oya="3" hai0="65,126,67,20,13,49,42,100,46,87,17,135,76" hai1="108,60,85,98,114,83,52,124,55,105,130,73,48" hai2="28,23,93,10,38,9,112,102,22,111,12,59,31" hai3="11,110,79,107,81,133,89,71,78,41,70,92,66"/><W21/><G107/><T40/><D126/><U7/><E114/><V44/><F112/><W18/><G133/><T3/><D3/><U29/><E73/><V106/><F106/><W6/><G110/><T2/><D2/><U94/><E105/><V95/><F111/><W123/><G123/><T27/><D135/><U58/><E130/><V24/><F59/><W62/><G70/><T86/><D100/><U14/><E29/><V127/><F127/><W50/><G81/><N who="0" m="47399" /><D42/><U91/><E108/><V119/><F119/><W51/><G50/><T77/><D13/><U37/><E37/><V45/><F38/><W53/><G41/><T39/><D39/><U134/><E134/><V47/><F102/><W15/><G89/><T109/><D109/><U35/><E35/><V117/><F117/><W104/><G92/><N who="2" m="35401" /><F31/><W128/><G104/><T4/><D4/><U88/><E124/><V132/><F132/><W115/><G128/><T32/><D32/><U80/><E80/><AGARI ba="0,0" hai="17,20,27,40,46,49,65,67,77,80,87" m="47399" machi="80" ten="30,3900,0" yaku="8,1,52,2" doraHai="74" who="0" fromWho="1" sc="166,39,230,-39,191,0,413,0" owari="205,0.5,191,-20.9,191,-30.9,413,51.3" /></mjloggm>