<mjloggm ver="2.3"><GO type="225" lobby="0"/><UN n0="%E8%BE%9B%E5%8F%A3%E3%82%AB%E3%83%AC%E3%83%BC%E3%83%A9%E3%82%A4%E3%82%B9" n1="%E3%82%82%E3%81%90%E3%82%89" n2="%E5%8F%AF%E5%85%90%E9%82%A3%E7%94%B1%E5%A4%9A" n3="%E3%81%AA%E3%81%A1%30%39%32%37" dan="16,17,16,16" rate="2201.34,2205.46,2236.84,2103.03" sx="M,F,F,M"/><TAIKYOKU oya="0"/><INIT seed="0,0,0,1,1,96" ten="250,250,250,250" oya="0" hai0="122,27,73,85,15,17,50,123,5,127,102,98,35" hai1="76,25,126,41,53,80,12,133,21,14,115,93,72" hai2="22,7,71,68,87,132,2,36,9,118,86,112,58" hai3="125,75,38,49,119,74,113,106,104,48,54,63,92"/><T99/><D73/><U134/><E126/><V79/><F112/><W8/><G113/><T128/><D127/><U40/><E115/><V52/><F36/><W16/><G38/><T45/><D128/><U124/><E124/><V69/><F132/><N who="1" m="50793" /><E53/><V0/><F118/><W91/><G119/><T130/><D130/><U28/><E93/><V103/><F0/><W120/><G120/><T42/><D85/><U1/><E1/><V110/><F110/><W31/><G31/><T107/><D99/><U78/><E78/><V3/><F3/><W81/><G63/><T89/><D89/><U67/><E67/><V84/><F22/><W64/><G48/><T100/><D100/><U19/><E12/><V6/><F6/><W62/><G81/><T88/><D88/><U95/><E95/><V135/><F135/><W82/><G82/><T65/><D65/><U101/><E101/><V20/><F103/><W109/><G106/><T105/><D105/><U70/><E70/><V77/><REACH who="2" step="1"/><F20/><AGARI ba="0,0" hai="14,19,20,21,25,28,40,41,72,76,80" m="50793" machi="20" ten="30,1000,0" yaku="20,1" doraHai="96" who="1" fromWho="2" sc="250,0,250,10,250,-10,250,0" /><INIT seed="1,0,0,4,5,8" ten="250,260,240,250" oya="1" hai0="86,95,32,71,18,94,39,59,65,124,1,34,36" hai1="22,105,7,46,30,27,29,50,121,16,38,98,49" hai2="28,76,15,9,51,128,55,111,100,119,57,133,45" hai3="132,82,120,123,43,116,85,60,90,88,44,54,126"/><U101/><E121/><V3/><F119/><W14/><G116/><T97/><D97/><U68/><E68/><V37/><F111/><W72/><G132/><T106/><D106/><U66/><E66/><V78/><F133/><W63/><G126/><T81/><D81/><U103/><BYE who="0" /><E103/><V115/><F115/><W5/><G72/><T33/><D33/><U73/><E73/><UN n0="%E8%BE%9B%E5%8F%A3%E3%82%AB%E3%83%AC%E3%83%BC%E3%83%A9%E3%82%A4%E3%82%B9" /><V125/><F128/><W6/><G54/><T70/><D1/><U48/><E38/><V83/><F125/><W107/><G107/><T12/><D124/><U74/><E74/><V47/><F3/><W11/><G5/><T114/><D114/><U41/><E7/><V92/><F28/><W77/><G123/><T20/><D34/><U23/><REACH who="1" step="1"/><E30/><REACH who="1" ten="250,250,240,250" step="2"/><V10/><F37/><W84/><G120/><T87/><D71/><U112/><E112/><V0/><F100/><W62/><REACH who="3" step="1"/><G85/><REACH who="3" ten="250,250,240,240" step="2"/><T113/><D86/><U129/><E129/><V130/><F130/><W99/><G99/><T89/><D87/><U26/><AGARI ba="0,2" hai="16,22,23,26,27,29,41,46,48,49,50,98,101,105" machi="26" ten="20,7800,0" yaku="1,1,0,1,7,1,54,1,53,0" doraHai="8" doraHaiUra="75" who="1" fromWho="1" sc="250,-26,250,98,240,-26,240,-26" /><INIT seed="1,1,0,0,0,73" ten="224,348,214,214" oya="1" hai0="45,13,91,31,64,57,98,60,40,53,68,85,84" hai1="19,55,22,90,104,65,9,52,2,69,81,24,103" hai2="117,27,114,93,46,96,30,54,44,33,106,1,77" hai3="29,115,63,116,8,128,37,11,3,118,12,47,99"/><U17/><E104/><V126/><F117/><N who="3" m="45163" /><G115/><T5/><D31/><U70/><E103/><V102/><F114/><W120/><G120/><T110/><D110/><U25/><E2/><V134/><F134/><W39/><G128/><T38/><D5/><U79/><E90/><V129/><F129/><W95/><G3/><T66/><D13/><U135/><E135/><V75/><F1/><W119/><N who="3" m="45171" /><W100/><DORA hai="112" /><G29/><T20/><D20/><U72/><E65/><V0/><F0/><W122/><G122/><T28/><D28/><U74/><E9/><N who="3" m="3658" /><G12/><T111/><D111/><U133/><E133/><V89/><F126/><W61/><G47/><T88/><D98/><U132/><E132/><V15/><F15/><W4/><G4/><T67/><REACH who="0" step="1"/><D68/><REACH who="0" ten="214,348,214,214" step="2"/><U83/><E22/><V130/><F130/><W34/><G34/><T50/><D50/><U101/><E101/><V123/><F123/><W21/><G21/><T58/><D58/><U92/><E92/><V127/><F102/><W62/><AGARI ba="1,1" hai="37,39,61,62,63,95,99,100" m="3658,45171" machi="62" ten="50,8000,1" yaku="12,1,52,4" doraHai="73,112" who="3" fromWho="3" sc="214,-21,348,-41,214,-21,214,93" /><INIT seed="2,0,0,1,2,22" ten="193,307,193,307" oya="2" hai0="91,75,61,111,48,15,134,8,121,73,7,112,86" hai1="9,99,63,103,102,29,31,81,104,41,87,49,32" hai2="115,122,109,46,12,135,90,23,119,65,114,6,107" hai3="94,64,68,80,66,58,52,2,79,40,127,70,76"/><V10/><F119/><W123/><G123/><T77/><D121/><U4/><E103/><V108/><F122/><W95/><G2/><T129/><D112/><N who="2" m="43050" /><F107/><W34/><G34/><T83/><D111/><N who="2" m="42570" /><F65/><W11/><G40/><T35/><D129/><U3/><E63/><V59/><F59/><W130/><G130/><T5/><D134/><U100/><E100/><V25/><F46/><W37/><G66/><T16/><D35/><U50/><E41/><V131/><F90/><W1/><G58/><T125/><D125/><U126/><E126/><V88/><F88/><W116/><G64/><T56/><D48/><U96/><E96/><V67/><F67/><W60/><G116/><T118/><D118/><U71/><E71/><V27/><F131/><W133/><G70/><T82/><REACH who="0" step="1"/><D73/><REACH who="0" ten="183,307,193,307" step="2"/><U128/><E128/><V98/><F135/><W74/><G133/><T106/><D106/><U55/><E50/><V38/><F38/><W85/><G37/><T44/><D44/><U17/><E32/><V69/><F69/><W18/><G68/><T120/><D120/><U20/><E49/><V54/><F54/><AGARI ba="0,1" hai="5,7,8,15,16,54,56,61,75,77,82,83,86,91" machi="54" ten="30,3900,0" yaku="1,1,7,1,54,1,53,0" doraHai="22" doraHaiUra="113" who="0" fromWho="2" sc="183,49,307,0,193,-39,307,0" /><INIT seed="3,0,0,4,5,5" ten="232,307,154,307" oya="3" hai0="100,18,82,24,33,52,114,45,79,13,49,103,74" hai1="111,86,48,77,31,80,43,20,12,90,132,75,64" hai2="102,23,32,99,15,6,78,104,84,134,57,124,120" hai3="112,47,71,63,93,7,126,92,72,40,110,41,70"/><W135/><G112/><T29/><REACH who="0" step="1"/><D114/><REACH who="0" ten="222,307,154,307" step="2"/><U81/><E111/><V109/><F109/><W39/><G110/><T131/><D131/><U11/><E132/><V129/><F134/><W107/><G135/><T46/><D46/><N who="1" m="25695" /><E75/><V76/><F129/><W130/><G72/><T113/><D113/><U123/><E123/><V133/><F133/><W9/><G130/><T119/><D119/><U51/><E64/><V3/><F120/><W105/><G126/><T85/><D85/><U2/><E2/><V121/><F124/><W50/><G47/><T108/><D108/><U19/><E86/><V55/><F121/><W8/><G39/><T34/><D34/><U35/><E35/><V58/><F32/><W16/><G50/><T27/><D27/><U4/><E51/><V65/><F84/><W67/><G63/><T98/><D98/><U61/><E61/><V36/><F36/><W91/><G67/><T106/><D106/><U117/><E117/><V26/><F3/><W17/><G91/><T1/><D1/><U73/><E90/><V0/><F0/><W94/><G94/><T116/><D116/><U122/><E122/><V66/><F66/><W89/><G89/><T28/><D28/><U62/><E62/><N who="2" m="36159" /><F65/><W37/><G37/><T97/><D97/><U115/><E115/><V127/><F127/><W68/><G68/><T21/><AGARI ba="0,1" hai="13,18,21,24,29,33,45,49,52,74,79,82,100,103" machi="21" ten="20,12000,2" yaku="21,2,0,1,7,1,54,1,53,2" doraHai="5" doraHaiUra="96" who="0" fromWho="0" sc="222,130,307,-30,154,-30,307,-60" owari="352,45.2,277,7.7,124,-37.6,247,-15.3" /></mjloggm>