<mjloggm ver="2.3"><GO type="225" lobby="0"/><UN n0="%6D%75%75%6D%75%72%61" n1="%E2%98%86%41%64%72%69%61%6E" n2="%E5%A4%8F%E9%88%B4%E9%88%B4%E5%A4%8F" n3="%72%61%6B%33" dan="17,17,16,16" rate="2244.11,2186.50,2104.91,2103.34" sx="F,M,M,M"/><TAIKYOKU oya="0"/><INIT seed="0,0,0,4,1,87" ten="250,250,250,250" oya="0" hai0="46,102,74,91,37,14,44,86,26,10,104,132,120" hai1="41,100,88,42,81,34,72,4,64,32,52,65,8" hai2="19,83,125,12,29,123,111,107,112,22,45,84,24" hai3="7,96,113,126,6,90,114,77,122,27,89,109,75"/><T101/><D120/><U97/><E72/><V121/><F112/><W33/><G122/><T36/><D74/><U23/><E23/><V63/><F111/><W73/><G109/><T62/><D132/><U105/><E65/><V133/><F107/><W17/><G96/><T80/><D37/><U94/><E64/><V18/><F125/><W76/><G17/><T129/><D129/><U57/><E81/><V20/><F133/><W59/><G59/><T127/><D127/><U60/><E34/><V95/><F95/><W108/><G108/><T16/><D104/><U128/><E32/><V53/><F29/><W93/><G93/><T130/><D130/><U54/><E54/><V3/><F3/><W2/><G2/><T39/><D39/><U118/><E118/><V116/><F116/><W66/><G66/><T70/><D70/><U1/><E128/><V115/><F115/><W117/><G33/><T40/><D62/><U98/><AGARI ba="0,0" hai="1,4,8,41,42,52,57,60,88,94,97,98,100,105" machi="98" ten="20,8000,1" yaku="0,1,7,1,52,1,54,2" doraHai="87" who="1" fromWho="1" sc="250,-40,250,80,250,-20,250,-20" /><INIT seed="1,0,0,2,5,75" ten="210,330,230,230" oya="1" hai0="98,17,44,70,95,53,55,97,37,51,30,67,122" hai1="54,68,130,99,87,14,85,109,104,31,2,18,127" hai2="49,72,0,21,106,134,57,81,96,6,113,20,105" hai3="7,76,16,90,26,119,88,126,82,1,86,92,60"/><U133/><E2/><V123/><F123/><W135/><G126/><T62/><D122/><U63/><E31/><V131/><F131/><W91/><G135/><T9/><D37/><U77/><E127/><V10/><F134/><W36/><G36/><T58/><D30/><U34/><E34/><V47/><F113/><W84/><G119/><T33/><D33/><U45/><E130/><V80/><F57/><W13/><G1/><T5/><D17/><U115/><E115/><V93/><F20/><N who="3" m="13575" /><G60/><T64/><D64/><U73/><E104/><V108/><F21/><W8/><AGARI ba="0,0" hai="7,8,13,76,82,84,86,88,90,91,92" m="13575" machi="8" ten="30,7900,0" yaku="8,1,52,1,54,2" doraHai="75" who="3" fromWho="3" sc="210,-20,330,-39,230,-20,230,79" /><INIT seed="2,0,0,4,4,90" ten="190,291,210,309" oya="2" hai0="126,116,135,69,131,72,8,129,53,17,40,89,34" hai1="108,63,95,6,61,121,91,110,101,127,49,102,78" hai2="36,71,85,5,103,47,46,42,38,113,106,16,26" hai3="134,33,0,52,12,104,14,4,67,31,48,125,82"/><V51/><F113/><W93/><G104/><T43/><D34/><U28/><E78/><V50/><F71/><W55/><G0/><T70/><D72/><U94/><E127/><V92/><F5/><W83/><G67/><T60/><D126/><U86/><E121/><V18/><F106/><W73/><G125/><T122/><D8/><U21/><E49/><V19/><F26/><W123/><G33/><T76/><D76/><U112/><E6/><V37/><F37/><W9/><G31/><T65/><D17/><U133/><E133/><V39/><F85/><W88/><G134/><T62/><D135/><U41/><E41/><N who="0" m="15945" /><D89/><N who="1" m="53559" /><E112/><V45/><REACH who="2" step="1"/><F42/><REACH who="2" ten="190,291,200,309" step="2"/><W58/><G73/><T74/><D74/><U24/><E110/><V100/><F100/><N who="1" m="38505" /><E108/><V44/><N who="2" m="11264" /><DORA hai="80" /><V3/><F3/><W10/><G123/><T64/><D122/><U115/><E115/><V56/><F56/><W84/><G55/><T97/><D97/><AGARI ba="0,1" hai="21,24,28,61,63,91,95,97" m="38505,53559" machi="97" ten="30,7700,0" yaku="8,1,52,3" doraHai="90,80" who="1" fromWho="0" sc="190,-77,291,87,200,0,309,0" /><AGARI ba="0,0" hai="16,18,19,36,38,39,50,51,92,97,103" m="11264" machi="97" ten="60,12000,1" yaku="1,1,29,2,52,1,54,1,53,0" doraHai="90,80" doraHaiUra="105,22" who="2" fromWho="0" sc="113,-120,378,0,200,120,309,0" owari="-7,-50.7,378,47.8,320,12.0,309,-9.1" /></mjloggm>