<mjloggm ver="2.3"><GO type="225" lobby="0"/><UN n0="%E4%BF%BA%E3%81%A8%E5%A6%96%E5%A4%A2" n1="%74%2E%6F%2E%6F%2E%73" n2="%E3%80%93%E3%81%97%E3%83%BC%E3%82%89%E3%80%93" n3="%E3%80%90%E3%83%88%E3%83%AA%E3%83%A5%E3%83%95%E3%80%91" dan="16,18,17,16" rate="2117.26,2162.36,2140.34,2071.63" sx="F,M,M,M"/><TAIKYOKU oya="0"/><INIT seed="0,0,0,5,1,58" ten="250,250,250,250" oya="0" hai0="69,54,71,112,100,36,111,116,47,126,52,20,4" hai1="130,132,45,12,110,39,3,8,7,61,60,6,11" hai2="105,41,115,94,35,127,92,99,113,80,23,72,102" hai3="59,134,87,120,129,5,64,118,46,56,119,14,27"/><T106/><D112/><U37/><E110/><V62/><F35/><W1/><G1/><T19/><D116/><U89/><E130/><V67/><F127/><W86/><G129/><T33/><D33/><U133/><E89/><V96/><F41/><W85/><G134/><N who="1" m="51818" /><E45/><V63/><F105/><W0/><G0/><T122/><D122/><U107/><E107/><V121/><F121/><W83/><G120/><T70/><D111/><U73/><E73/><V49/><F49/><W29/><G46/><T22/><D4/><U16/><E6/><V124/><F124/><W55/><G64/><T90/><D126/><U38/><AGARI ba="0,0" hai="3,7,8,11,12,16,37,38,39,60,61" m="51818" machi="38" ten="40,8000,1" yaku="20,1,52,2,54,1" doraHai="58" who="1" fromWho="1" sc="250,-40,250,80,250,-20,250,-20" /><INIT seed="1,0,0,0,0,77" ten="210,330,230,230" oya="1" hai0="56,129,115,124,78,113,51,19,18,104,23,127,87" hai1="69,111,27,37,50,32,16,105,13,80,126,88,12" hai2="135,128,75,70,20,79,59,61,6,64,14,48,96" hai3="130,10,52,28,84,117,99,81,0,90,25,39,86"/><U120/><E37/><V2/><F135/><W34/><G130/><T122/><D104/><U73/><E69/><V132/><F128/><W8/><G39/><T42/><D129/><U114/><E105/><V24/><F132/><W118/><G99/><T107/><D107/><U133/><E133/><V76/><F2/><W11/><G0/><T46/><D122/><U36/><E36/><V17/><F75/><W68/><G68/><T38/><D38/><U92/><E114/><V67/><F67/><W60/><REACH who="3" step="1"/><G86/><REACH who="3" ten="210,330,230,220" step="2"/><T94/><D113/><U98/><E120/><V21/><F70/><W102/><G102/><T22/><D115/><U89/><E73/><V41/><F96/><W71/><G71/><T100/><D100/><U31/><E126/><V54/><F41/><W95/><G95/><T65/><D127/><U45/><E111/><V134/><F134/><W9/><N who="3" m="2048" /><DORA hai="131" /><W82/><G82/><T119/><D124/><U58/><E80/><V74/><F74/><W49/><G49/><T1/><D1/><U108/><E108/><V83/><F83/><W91/><G91/><T109/><D109/><U43/><E89/><V57/><REACH who="2" step="1"/><F6/><REACH who="2" ten="210,330,220,220" step="2"/><W7/><G7/><T123/><D123/><U4/><E4/><V106/><F106/><W110/><G110/><T44/><D94/><U66/><E92/><V53/><F53/><W30/><G30/><AGARI ba="0,2" hai="14,17,20,21,24,30,48,54,57,59,61,64,76,79" machi="30" ten="30,3900,0" yaku="1,1,7,1,8,1,53,0" doraHai="77,131" doraHaiUra="125,103" who="2" fromWho="3" sc="210,0,330,0,220,59,220,-39" /><INIT seed="2,0,0,3,4,51" ten="210,330,279,181" oya="2" hai0="54,102,100,65,88,111,7,31,105,27,81,42,89" hai1="52,115,114,113,4,79,123,19,28,86,35,94,48" hai2="75,40,44,95,5,82,121,23,30,59,13,38,49" hai3="103,26,11,118,129,43,57,18,67,15,119,130,132"/><V12/><F121/><W80/><G103/><T126/><D111/><U74/><E123/><V112/><F112/><W10/><G43/><T0/><D126/><U131/><E4/><V87/><F75/><W55/><G67/><T91/><D42/><U98/><E74/><V37/><F95/><W127/><G80/><T45/><D65/><U108/><E19/><V90/><F37/><W61/><G26/><T66/><D66/><U36/><E36/><V25/><REACH who="2" step="1"/><F5/><REACH who="2" ten="210,330,269,181" step="2"/><W135/><G127/><T58/><D7/><U133/><E94/><V3/><F3/><W47/><G47/><T106/><D0/><U6/><E6/><V53/><AGARI ba="0,1" hai="12,13,23,25,30,38,40,44,49,53,59,82,87,90" machi="53" ten="30,6000,0" yaku="1,1,0,1,52,1,53,0" doraHai="51" doraHaiUra="72" who="2" fromWho="2" sc="210,-20,330,-20,269,70,181,-20" /><INIT seed="2,1,0,4,3,95" ten="190,310,339,161" oya="2" hai0="10,115,129,96,98,21,27,81,41,91,68,31,34" hai1="20,6,3,120,54,30,132,7,113,8,89,19,67" hai2="46,36,102,23,122,26,73,37,77,112,99,42,111" hai3="124,133,131,82,5,103,84,87,32,92,114,48,127"/><V128/><F122/><W83/><G32/><T110/><D115/><U62/><E113/><V71/><F71/><W97/><G114/><T45/><D68/><U40/><E132/><V60/><F112/><W29/><G29/><T86/><D110/><U38/><E120/><V79/><F111/><W16/><G5/><T22/><D129/><U93/><E6/><V106/><F128/><W2/><G2/><T126/><D126/><N who="3" m="48169" /><G48/><T39/><D10/><U57/><E30/><V118/><F118/><W109/><G109/><T15/><D15/><U105/><E105/><V14/><F14/><W94/><G131/><T72/><D72/><U135/><E135/><V134/><F134/><W100/><G16/><T59/><D59/><U56/><E38/><V61/><F37/><W1/><G1/><T28/><D34/><U69/><E40/><V75/><F75/><W9/><G9/><T76/><D76/><U4/><E4/><V18/><REACH who="2" step="1"/><F79/><REACH who="2" ten="190,310,329,161" step="2"/><N who="3" m="46175" /><G133/><T66/><D66/><U47/><E69/><V44/><F44/><W65/><G65/><T12/><D12/><U50/><E47/><V88/><F88/><N who="3" m="51327" /><G94/><T0/><D0/><U78/><E78/><V52/><F52/><W55/><G55/><T90/><D91/><AGARI ba="1,1" hai="91,92,97,100,103" m="51327,46175,48169" machi="91" ten="30,8000,1" yaku="18,1,34,2,52,1,54,1" doraHai="95" who="3" fromWho="0" sc="190,-83,310,0,329,0,161,93" /><INIT seed="3,0,0,2,2,122" ten="107,310,329,254" oya="3" hai0="130,55,80,18,115,50,106,134,101,129,96,68,33" hai1="46,14,124,60,17,16,20,64,4,126,25,108,59" hai2="71,30,76,93,91,1,81,12,103,128,24,92,119" hai3="127,110,123,28,45,88,95,97,131,107,109,32,104"/><W53/><G123/><T94/><D33/><U132/><E108/><N who="3" m="41578" /><G131/><T34/><D34/><U38/><E132/><V85/><F71/><W111/><G127/><N who="1" m="48682" /><E4/><V63/><F1/><W120/><G120/><T41/><D134/><U31/><E14/><V125/><F125/><W99/><G111/><T29/><D29/><U84/><E84/><V74/><F128/><W52/><G99/><T78/><D115/><U2/><E2/><V133/><F133/><W72/><G72/><T22/><D68/><U87/><E87/><V113/><F113/><W35/><G35/><T65/><D130/><U66/><E64/><V15/><F119/><W86/><G45/><T114/><D129/><U7/><E7/><V6/><F6/><W13/><G13/><T77/><D114/><U37/><E46/><V98/><F63/><W83/><G107/><T69/><D41/><U117/><E117/><V9/><F9/><W62/><G62/><T89/><D65/><U61/><E61/><V51/><F51/><W0/><G0/><T36/><D69/><U116/><E116/><V70/><F70/><W49/><G49/><T43/><D43/><U79/><E79/><V135/><F135/><W3/><G3/><T57/><D36/><AGARI ba="0,0" hai="16,17,20,25,31,36,37,38,59,60,66" m="48682" machi="36" ten="30,2000,0" yaku="18,1,54,1" doraHai="122" who="1" fromWho="0" sc="107,-20,310,20,329,0,254,0" owari="87,-41.3,330,43.0,329,12.9,254,-14.6" /></mjloggm>