<mjloggm ver="2.3"><GO type="225" lobby="0"/><UN n0="%72%61%6B%33" n1="%73%6C%69%63%6B%33%31%39" n2="%E6%80%AA%E3%81%97%E3%81%99%E3%81%8E%E3%82%8B%E3%83%81%E3%83%BC" n3="%E9%BB%92%E9%89%84%E7%8F%A0%E9%9B%AB" dan="17,16,17,16" rate="2232.28,2196.78,2146.96,2184.77" sx="M,M,M,F"/><TAIKYOKU oya="0"/><INIT seed="0,0,0,1,0,78" ten="250,250,250,250" oya="0" hai0="17,0,130,134,45,84,8,112,65,101,98,39,29" hai1="81,12,57,25,107,95,50,89,80,82,11,93,2" hai2="76,21,23,135,97,56,10,87,41,54,40,32,46" hai3="99,60,42,129,68,96,132,116,94,48,53,67,4"/><T92/><D112/><U91/><E2/><V123/><F32/><W108/><G116/><T27/><D130/><U74/><E107/><V59/><F123/><W79/><G108/><T47/><D134/><U30/><E74/><V58/><F135/><W110/><G110/><T113/><D113/><U51/><E25/><V61/><F97/><W7/><G129/><T37/><D65/><U63/><E30/><V9/><F61/><W90/><G132/><T118/><D118/><U28/><E28/><V126/><F126/><W83/><G42/><N who="2" m="16489" /><F87/><W133/><G99/><T128/><D128/><U117/><E117/><V125/><F76/><W1/><G1/><T49/><D0/><U15/><E89/><V71/><F71/><W69/><G69/><T14/><D84/><N who="1" m="52455" /><E95/><V44/><F125/><W124/><G124/><T5/><D5/><N who="1" m="3183" /><E15/><V104/><F104/><W55/><G133/><T88/><D101/><U64/><AGARI ba="0,0" hai="50,51,57,63,64,80,81,82" m="3183,52455" machi="64" ten="30,7900,0" yaku="8,1,52,3" doraHai="78" who="1" fromWho="1" sc="250,-39,250,79,250,-20,250,-20" /><INIT seed="1,0,0,2,1,61" ten="211,329,230,230" oya="1" hai0="131,88,23,43,133,83,45,44,9,74,16,11,132" hai1="21,104,82,55,36,76,113,47,53,91,117,58,2" hai2="114,60,24,19,3,109,66,135,78,42,130,20,37" hai3="30,41,26,79,99,92,59,93,48,80,81,115,112"/><U29/><E113/><V95/><F114/><W72/><G81/><T18/><D131/><U0/><E117/><V54/><F3/><W96/><G41/><T77/><D88/><U52/><E104/><V51/><F130/><W116/><G116/><T28/><D28/><U90/><E58/><V121/><F121/><W120/><G120/><T98/><D98/><U125/><E125/><V32/><F109/><W6/><G6/><T4/><D11/><U39/><E29/><V124/><F135/><W40/><G93/><T10/><D9/><U85/><E21/><V110/><F110/><W50/><G50/><T97/><D97/><U33/><E33/><V31/><F124/><W129/><G99/><T35/><D35/><U105/><E105/><V25/><F78/><W63/><G48/><T123/><D123/><U49/><E0/><V122/><F122/><W127/><G40/><T67/><D67/><U86/><E2/><V22/><F95/><W107/><G107/><T27/><D18/><U73/><E73/><V119/><F119/><W134/><G129/><T103/><D103/><U118/><E118/><V108/><F108/><W5/><G5/><T94/><D94/><U14/><E14/><V87/><F87/><W12/><G12/><T13/><REACH who="0" step="1"/><D44/><REACH who="0" ten="201,329,230,230" step="2"/><U57/><E90/><V68/><F32/><N who="3" m="20567" /><G127/><T7/><D7/><U111/><E111/><V64/><F64/><N who="3" m="39039" /><G134/><T71/><D71/><U38/><REACH who="1" step="1"/><E47/><REACH who="1" ten="201,319,230,230" step="2"/><V128/><F31/><W100/><G115/><T89/><D89/><U106/><E106/><V101/><F68/><W46/><G112/><T62/><D62/><RYUUKYOKU ba="0,2" sc="201,10,319,10,230,-30,230,10" hai0="4,10,13,16,23,27,43,45,74,77,83,132,133" hai1="36,38,39,49,52,53,55,57,76,82,85,86,91" hai3="46,72,79,80,92,96,100" /><INIT seed="1,1,2,4,1,110" ten="211,329,200,240" oya="1" hai0="15,30,72,82,61,24,28,44,52,98,96,12,92" hai1="14,19,94,95,69,11,3,86,120,122,127,47,27" hai2="108,81,49,114,25,111,36,13,123,1,121,26,46" hai3="9,71,20,16,67,17,65,64,78,45,7,29,133"/><U101/><E69/><V124/><F1/><W112/><G133/><T33/><D28/><U129/><E3/><V48/><F124/><W4/><G71/><T79/><D98/><U76/><E127/><V128/><F128/><W70/><G70/><T40/><D61/><U90/><E129/><V23/><F81/><W105/><G105/><T87/><D72/><U62/><E76/><V51/><F13/><N who="3" m="7215" /><G112/><T35/><D35/><U50/><E62/><V125/><F125/><W85/><G29/><T104/><D104/><U8/><E27/><N who="2" m="10251" /><F23/><W131/><G131/><T84/><D84/><U103/><E120/><N who="2" m="46155" /><F36/><W56/><G45/><T126/><D126/><U93/><E8/><V115/><F46/><W132/><G132/><T58/><D58/><U89/><E122/><V117/><F117/><W97/><G56/><T32/><D32/><U57/><E57/><V43/><F43/><W2/><G2/><T74/><D74/><U119/><E119/><V83/><F83/><N who="3" m="47351" /><G97/><T31/><D31/><U106/><E106/><V18/><F18/><W68/><G68/><T113/><D52/><N who="1" m="29791" /><E90/><V22/><F22/><W41/><G41/><T54/><D54/><U39/><E39/><V0/><F0/><W73/><G73/><T5/><D5/><U77/><E77/><V130/><F130/><W107/><G107/><T37/><D37/><U42/><E42/><V10/><F10/><W134/><G134/><T55/><D40/><U6/><E6/><V38/><F38/><W102/><G102/><AGARI ba="1,2" hai="11,14,19,86,89,93,94,95,101,102,103" m="29791" machi="102" ten="30,2900,0" yaku="8,1,54,1" doraHai="110" who="1" fromWho="3" sc="211,0,329,52,200,0,240,-32" /><INIT seed="1,2,0,2,2,81" ten="211,381,200,208" oya="1" hai0="94,5,19,101,105,15,17,73,110,100,76,106,85" hai1="75,46,130,95,59,22,13,51,121,129,71,123,96" hai2="126,116,62,90,79,114,6,128,74,69,48,78,120" hai3="135,2,66,122,92,18,86,58,60,20,72,10,125"/><U63/><E75/><V25/><F120/><N who="1" m="46153" /><E13/><V83/><F116/><W131/><G72/><T111/><D5/><U56/><E22/><V89/><F128/><N who="1" m="49257" /><E95/><V133/><F126/><W117/><G122/><T82/><D17/><U26/><E96/><V61/><F133/><W12/><G131/><T47/><D19/><U31/><E26/><V45/><F114/><W32/><G32/><T68/><D15/><U27/><E27/><V14/><F79/><W132/><G125/><T57/><D68/><U113/><E31/><V127/><F69/><W7/><G117/><T99/><D57/><N who="1" m="22091" /><E113/><V88/><F25/><W93/><G93/><T103/><D47/><U109/><E109/><N who="0" m="41481" /><D73/><U55/><E71/><V54/><REACH who="2" step="1"/><F127/><REACH who="2" ten="211,381,190,208" step="2"/><W107/><G135/><T115/><D115/><U28/><E28/><V102/><F102/><AGARI ba="2,1" hai="76,82,85,94,99,100,101,102,103,105,106" m="41481" machi="102" ten="30,7700,0" yaku="14,1,34,2,52,1" doraHai="81" who="0" fromWho="2" sc="211,93,381,0,190,-83,208,0" /><INIT seed="2,0,0,5,5,116" ten="304,381,107,208" oya="2" hai0="135,35,117,122,11,59,38,70,14,111,1,113,81" hai1="88,129,110,50,74,87,98,72,123,55,16,32,71" hai2="126,37,128,102,49,86,64,0,13,53,69,41,62" hai3="73,52,42,132,77,44,131,96,121,27,39,92,99"/><V80/><F0/><W19/><G132/><T36/><RYUUKYOKU type="yao9" ba="0,0" sc="304,0,381,0,107,0,208,0" hai0="1,11,14,35,36,38,59,70,81,111,113,117,122,135" /><INIT seed="2,1,0,3,4,80" ten="304,381,107,208" oya="2" hai0="128,113,85,112,111,17,72,97,10,7,123,126,91" hai1="39,107,53,45,129,109,4,135,131,38,63,42,120" hai2="127,103,92,51,18,105,100,79,26,86,49,104,0" hai3="55,21,9,69,60,118,29,36,41,81,96,40,95"/><V24/><F127/><W46/><G118/><T110/><D17/><U68/><E107/><V25/><F0/><W108/><G108/><N who="0" m="41515" /><D10/><U19/><E4/><V65/><F65/><W64/><G9/><T32/><D32/><U88/><E109/><V99/><F18/><W71/><G71/><T27/><D27/><U1/><E1/><V6/><F6/><W48/><G81/><N who="0" m="49583" /><D7/><U3/><E3/><V94/><F79/><W13/><G36/><T134/><D126/><U122/><E135/><V61/><F61/><W11/><G21/><T106/><D134/><U34/><E34/><V37/><F37/><W98/><G29/><T114/><D72/><U89/><E19/><V119/><F119/><W30/><G30/><T83/><D83/><U87/><E89/><V73/><F73/><W133/><G133/><T78/><D78/><U121/><E38/><V12/><F12/><W43/><G11/><T116/><D116/><U50/><E63/><V130/><F130/><N who="1" m="49673" /><E68/><V15/><F15/><W62/><G13/><T115/><D115/><U14/><E14/><V77/><F77/><W90/><REACH who="3" step="1"/><G62/><REACH who="3" ten="304,381,107,198" step="2"/><T33/><D128/><U31/><E31/><V84/><REACH who="2" step="1"/><F26/><REACH who="2" ten="304,381,97,198" step="2"/><W52/><G52/><T57/><D113/><U124/><E124/><V47/><F47/><W76/><G76/><T16/><D112/><U74/><E74/><V117/><F117/><W125/><G125/><T22/><D114/><U5/><E39/><V67/><F67/><W82/><G82/><T8/><D8/><U102/><E121/><V54/><F54/><W75/><G75/><T35/><D123/><RYUUKYOKU ba="1,2" sc="304,-15,381,-15,97,15,198,15" hai2="24,25,49,51,84,86,92,94,99,100,103,104,105" hai3="40,41,43,46,48,55,60,64,69,90,95,96,98" /><INIT seed="2,2,2,3,4,29" ten="289,366,112,213" oya="2" hai0="56,67,123,82,120,77,11,66,48,116,60,22,107" hai1="2,117,85,36,83,33,37,63,28,26,102,49,76" hai2="41,8,13,125,84,86,16,121,54,19,62,90,69" hai3="73,32,35,79,34,126,99,97,17,42,115,3,30"/><V108/><F121/><W103/><G3/><T135/><D107/><U98/><E117/><V15/><F125/><W6/><G6/><T118/><D135/><U65/><E49/><V38/><F108/><W50/><G30/><T75/><D66/><U133/><E2/><V0/><F0/><W80/><G126/><T23/><D11/><U53/><E53/><V59/><F69/><W47/><G115/><T40/><D22/><U58/><REACH who="1" step="1"/><E133/><REACH who="1" ten="289,356,112,213" step="2"/><V43/><F38/><W124/><G124/><T89/><D118/><U9/><E9/><N who="2" m="6191" /><F86/><W7/><G7/><T131/><D116/><U128/><E128/><V61/><F61/><W12/><REACH who="3" step="1"/><G103/><REACH who="3" ten="289,356,112,203" step="2"/><T127/><D127/><U114/><E114/><V92/><AGARI ba="2,4" hai="8,15,19,41,43,54,59,62,84,90,92" m="6191" machi="92" ten="30,3000,0" yaku="8,1,54,1" doraHai="29" who="2" fromWho="2" sc="289,-12,356,-12,112,76,203,-12" /><INIT seed="2,3,0,4,1,81" ten="277,344,188,191" oya="2" hai0="42,131,58,43,72,45,123,115,14,112,61,41,110" hai1="8,51,86,46,121,67,103,74,44,53,125,96,2" hai2="83,27,135,12,108,68,64,54,88,56,1,10,22" hai3="87,65,107,89,29,98,129,4,109,60,75,78,114"/><V57/><F135/><W28/><G109/><T47/><D72/><U94/><E74/><V3/><F108/><W70/><G129/><T21/><D110/><U13/><E2/><V91/><F68/><W118/><G118/><T69/><D21/><U5/><E125/><V33/><F33/><W90/><G114/><T71/><D14/><U16/><E121/><V73/><F3/><W97/><G4/><T23/><D23/><U24/><E67/><V105/><F105/><W35/><G75/><T9/><D9/><U66/><E66/><V122/><F1/><W82/><G97/><T99/><D99/><U18/><E24/><V120/><F122/><W48/><G48/><T39/><D131/><U106/><E106/><V76/><F64/><W11/><G11/><T17/><D17/><U127/><E127/><V31/><F120/><W113/><G113/><N who="0" m="43595" /><D123/><U55/><E86/><V128/><F128/><W133/><G133/><T116/><D116/><U93/><E93/><V32/><F32/><W37/><G37/><N who="0" m="21679" /><D42/><U132/><E132/><V126/><F126/><W104/><G104/><T84/><D84/><U101/><E101/><V7/><REACH who="2" step="1"/><F57/><REACH who="2" ten="277,344,178,191" step="2"/><W50/><G35/><T6/><D71/><U111/><E111/><V95/><F95/><N who="3" m="56687" /><G107/><T40/><D69/><U25/><E94/><V134/><F134/><W117/><G117/><T38/><D39/><U63/><E103/><V92/><F92/><W77/><G70/><T0/><D38/><U62/><E62/><AGARI ba="3,1" hai="7,10,12,22,27,31,54,56,62,73,76,83,88,91" machi="62" ten="30,5800,0" yaku="1,1,7,1,54,1,53,0" doraHai="81" doraHaiUra="119" who="2" fromWho="1" sc="277,0,344,-67,178,77,191,0" /><INIT seed="2,4,0,0,4,56" ten="277,277,255,191" oya="2" hai0="37,17,54,40,83,131,47,78,97,82,80,86,26" hai1="114,93,113,94,129,104,95,71,110,4,121,122,98" hai2="69,96,35,75,29,79,84,64,45,115,15,7,61" hai3="70,13,44,21,16,3,36,19,50,77,42,118,68"/><V52/><F115/><N who="1" m="44041" /><E4/><V58/><F75/><W1/><G118/><T33/><D131/><U32/><E71/><V89/><F79/><W87/><G36/><T92/><D54/><U34/><E129/><V22/><F96/><W31/><G31/><T119/><D119/><U88/><E32/><V107/><F107/><W105/><G105/><T81/><D17/><U123/><E34/><V60/><F45/><W100/><G100/><T74/><D33/><U108/><E104/><V72/><F72/><W106/><G106/><T11/><D26/><U49/><E49/><V18/><F7/><W103/><G103/><T53/><D53/><U127/><E127/><V39/><F39/><W12/><G70/><T120/><D11/><U76/><E76/><V28/><F35/><W73/><G68/><T99/><D120/><U0/><E0/><V63/><F63/><W130/><G73/><T5/><D5/><U101/><E101/><V10/><F10/><W111/><G111/><AGARI ba="4,0" hai="88,93,94,95,98,108,110,111,121,122,123" m="44041" machi="111" ten="40,8000,1" yaku="14,1,13,1,34,2,54,1" doraHai="56" who="1" fromWho="3" sc="277,0,277,92,255,0,191,-92" /><INIT seed="3,0,0,1,1,0" ten="277,369,255,99" oya="3" hai0="119,12,118,134,18,105,123,127,68,23,34,48,83" hai1="29,2,110,97,90,106,28,108,10,96,41,100,120" hai2="54,73,24,62,13,92,67,64,98,114,14,53,11" hai3="42,101,59,99,103,35,46,124,52,125,95,128,31"/><W1/><G128/><T8/><D68/><U44/><E120/><V22/><F73/><W5/><G35/><T132/><D105/><U130/><E130/><V16/><F114/><W26/><G103/><T112/><D48/><U81/><E2/><V58/><F54/><W61/><G31/><T40/><D83/><U69/><E69/><V20/><F14/><W4/><G26/><T74/><D40/><U19/><E10/><V7/><F20/><W38/><REACH who="3" step="1"/><G1/><REACH who="3" ten="277,369,255,89" step="2"/><T109/><D34/><U51/><E28/><V49/><F62/><W115/><G115/><T82/><D112/><U76/><E29/><V47/><F47/><W71/><G71/><T75/><D123/><U33/><E33/><V78/><F78/><W21/><G21/><T117/><D23/><U6/><E100/><AGARI ba="0,1" hai="7,11,13,16,22,24,49,53,58,64,67,92,98,100" machi="100" ten="30,7700,0" yaku="7,1,8,1,52,1,54,1" doraHai="0" who="2" fromWho="1" sc="277,0,369,-77,255,87,89,0" owari="277,-12.3,292,9.2,342,44.2,89,-41.1" /></mjloggm>