<mjloggm ver="2.3"><GO type="225" lobby="0"/><UN n0="%4C%4F%4C%49%54%41" n1="%E3%81%99%E3%81%84%E3%81%BE%E3%81%9B%E3%83%BC%E3%82%93" n2="%E3%82%B2%E3%82%B9%E8%8C%82%E5%8B%9D" n3="%E3%81%AF%E3%82%88%E3%81%8A%E3%81%98%E3%81%95%E3%82%93" dan="16,16,16,17" rate="2184.30,2213.87,2046.02,2208.88" sx="F,M,F,M"/><TAIKYOKU oya="0"/><INIT seed="0,0,0,4,2,35" ten="250,250,250,250" oya="0" hai0="78,18,11,130,83,67,17,115,72,46,73,76,92" hai1="64,84,89,33,50,91,122,110,36,103,71,120,51" hai2="100,124,48,132,94,49,90,7,108,39,69,133,88" hai3="68,116,85,56,81,43,80,99,12,70,114,31,9"/><T10/><D115/><U34/><E110/><V1/><F39/><W86/><G116/><T19/><D130/><U126/><E36/><V129/><F108/><W0/><G0/><T125/><D125/><U87/><E103/><V66/><F124/><W8/><G56/><T15/><D67/><U104/><E126/><V118/><F118/><W26/><G12/><T6/><D92/><U40/><E40/><V30/><F30/><W131/><G43/><T4/><D46/><U38/><E38/><V96/><F129/><W98/><G31/><T95/><D95/><U75/><E75/><V105/><F66/><W97/><G131/><T3/><REACH who="0" step="1"/><D76/><REACH who="0" ten="240,250,250,250" step="2"/><U109/><E64/><V53/><F69/><W23/><G114/><T101/><D101/><U5/><E109/><V59/><F90/><W14/><G68/><T113/><D113/><U44/><E71/><V21/><F100/><W41/><G70/><T77/><D77/><U65/><E65/><V112/><F105/><W55/><G98/><T28/><D28/><U60/><E44/><V57/><F112/><W106/><G106/><T79/><D79/><U58/><E104/><V47/><F47/><W37/><G99/><T121/><D121/><U127/><E127/><V25/><F59/><W82/><G97/><T42/><D42/><U16/><E58/><V32/><F57/><W135/><G41/><T74/><AGARI ba="0,1" hai="3,4,6,10,11,15,17,18,19,72,73,74,78,83" machi="74" ten="30,6000,0" yaku="1,1,0,1,52,1,53,0" doraHai="35" doraHaiUra="22" who="0" fromWho="0" sc="240,70,250,-20,250,-20,250,-20" /><INIT seed="0,1,0,5,1,78" ten="310,230,230,230" oya="0" hai0="73,88,40,26,2,118,8,32,121,98,134,67,43" hai1="37,35,133,93,58,112,5,100,53,16,20,104,25" hai2="1,31,89,57,116,130,124,110,132,38,9,114,91" hai3="126,14,36,96,120,127,21,79,42,102,97,55,24"/><T103/><D118/><U83/><E133/><V4/><F114/><W28/><G120/><T22/><D121/><U61/><E112/><V34/><F132/><W81/><G55/><T123/><D32/><U23/><E37/><V129/><F116/><W72/><G14/><T68/><D123/><U108/><E108/><V41/><F110/><W101/><G42/><T29/><D73/><U70/><E70/><V80/><F41/><W60/><G60/><T59/><D68/><U12/><E104/><V125/><F38/><W44/><G44/><T119/><D119/><U95/><E35/><V90/><F57/><W106/><REACH who="3" step="1"/><G36/><REACH who="3" ten="310,230,230,220" step="2"/><T27/><D40/><U49/><E61/><V135/><F135/><W85/><G85/><T107/><D43/><U94/><E5/><V48/><F48/><W64/><G64/><T113/><D67/><U47/><E47/><V74/><F124/><W82/><G82/><T3/><D134/><U6/><E83/><V128/><F125/><W39/><G39/><T63/><D63/><U76/><E6/><V51/><F51/><W109/><G109/><T111/><D111/><U17/><REACH who="1" step="1"/><E76/><REACH who="1" ten="310,220,230,220" step="2"/><V71/><F71/><W33/><G33/><T117/><D117/><U15/><E15/><V13/><F13/><W54/><G54/><T131/><D113/><U7/><E7/><V66/><F74/><W0/><G0/><T92/><D2/><U19/><E19/><V50/><F50/><W105/><AGARI ba="1,2" hai="21,24,28,72,79,81,96,97,101,102,105,106,126,127" machi="105" ten="30,7900,0" yaku="1,1,0,1,9,1,52,1,53,0" doraHai="78" doraHaiUra="65" who="3" fromWho="3" sc="310,-40,220,-21,230,-21,220,102" /><INIT seed="1,0,0,4,2,55" ten="270,199,209,322" oya="1" hai0="83,78,22,58,3,73,10,40,127,106,44,134,108" hai1="48,102,105,70,132,112,68,19,15,122,28,51,74" hai2="24,116,123,87,32,113,56,33,59,16,92,120,27" hai3="26,94,43,81,124,62,82,9,23,29,131,130,67"/><U93/><E112/><V11/><F116/><W30/><G124/><T47/><D106/><U36/><E122/><V135/><F135/><W38/><G29/><T103/><D103/><U2/><E105/><V111/><F111/><W18/><G94/><T75/><D108/><U76/><E36/><V99/><F87/><W72/><G43/><T1/><D127/><U95/><E2/><V107/><F107/><W118/><G38/><T133/><D75/><U0/><E0/><N who="0" m="73" /><D10/><U97/><E132/><N who="0" m="50793" /><D40/><U71/><E28/><V42/><F42/><W90/><G118/><T85/><D22/><U31/><E31/><V45/><F11/><W98/><G98/><T91/><D58/><U14/><E93/><AGARI ba="0,0" hai="44,47,73,78,83,85,91,93" m="50793,73" machi="93" ten="30,1000,0" yaku="20,1" doraHai="55" who="0" fromWho="1" sc="270,10,199,-10,209,0,322,0" /><INIT seed="2,0,0,0,5,128" ten="280,189,209,322" oya="2" hai0="78,1,75,24,26,21,110,73,18,53,13,127,48" hai1="104,30,55,67,8,4,119,41,118,122,129,47,62" hai2="105,93,49,101,19,117,9,91,124,81,106,40,20" hai3="12,39,50,87,64,16,107,82,80,98,131,126,113"/><V17/><F117/><W84/><G39/><T60/><D1/><U58/><E104/><V11/><F124/><W112/><G131/><T115/><D115/><N who="3" m="44105" /><G126/><T33/><D127/><U5/><E129/><V74/><F81/><N who="3" m="31339" /><G64/><T6/><D78/><U32/><E122/><V120/><F74/><W56/><G56/><T36/><D36/><U59/><E4/><V100/><F120/><W15/><G50/><T97/><D110/><U116/><E59/><V114/><F114/><W135/><G12/><T46/><D60/><U7/><E67/><V45/><F105/><W92/><G135/><T111/><D111/><U43/><E43/><V2/><F2/><W99/><G99/><T44/><D97/><U85/><E85/><N who="2" m="52463" /><F106/><W42/><G42/><T29/><D44/><U96/><E96/><V61/><F61/><W89/><G107/><T28/><REACH who="0" step="1"/><D6/><REACH who="0" ten="270,189,209,322" step="2"/><U27/><REACH who="1" step="1"/><E8/><AGARI ba="0,1" hai="8,15,16,84,87,89,92,98" m="31339,44105" machi="8" ten="30,2000,0" yaku="11,1,54,1" doraHai="128" who="3" fromWho="1" sc="270,0,189,-20,209,0,322,30" /><AGARI ba="0,0" hai="8,13,18,21,24,26,28,29,33,46,48,53,73,75" machi="8" ten="30,3900,0" yaku="1,1,2,1,7,1,53,0" doraHai="128" doraHaiUra="69" who="0" fromWho="1" sc="270,39,169,-39,209,0,352,0" /><INIT seed="3,0,0,5,5,126" ten="309,130,209,352" oya="3" hai0="28,60,43,2,51,26,42,54,75,57,79,104,10" hai1="34,29,106,5,20,19,110,134,41,83,74,44,125" hai2="87,33,88,89,114,129,108,105,32,46,23,120,133" hai3="128,117,7,39,16,73,119,12,84,77,13,107,132"/><W82/><G39/><T81/><D104/><U101/><E125/><V9/><F120/><W50/><G107/><T4/><REACH who="0" step="1"/><D60/><REACH who="0" ten="299,130,209,352" step="2"/><U70/><E106/><V135/><F114/><W131/><G119/><T67/><D67/><U96/><E110/><V111/><F105/><W55/><G117/><T85/><D85/><U22/><E134/><V56/><F133/><W30/><G84/><T58/><D58/><U24/><E70/><V36/><F135/><W17/><G132/><T98/><D98/><U92/><E74/><V121/><F121/><W76/><G73/><T103/><D103/><U68/><E68/><V78/><F111/><W45/><G131/><T116/><D116/><U62/><E62/><V14/><F108/><W63/><G128/><T21/><AGARI ba="0,1" hai="2,4,10,21,26,28,42,43,51,54,57,75,79,81" machi="21" ten="20,2700,0" yaku="1,1,0,1,7,1,53,0" doraHai="126" doraHaiUra="66" who="0" fromWho="0" sc="299,37,130,-7,209,-7,352,-13" owari="336,13.6,123,-37.7,202,-19.8,339,43.9" /></mjloggm>