<mjloggm ver="2.3"><GO type="225" lobby="0"/><UN n0="%E3%81%B5%E3%81%98%E3%81%8B%E3%81%A4" n1="%E5%B8%86%E7%AB%8B%E5%A4%8F%E8%A1%A3" n2="%E6%97%A5%E5%A5%88%E6%A3%AE%E3%81%82%E3%82%80" n3="%E3%81%99%E3%81%84%E3%81%BE%E3%81%9B%E3%83%BC%E3%82%93" dan="17,16,17,18" rate="2164.09,2159.06,2128.29,2209.11" sx="M,M,F,M"/><TAIKYOKU oya="0"/><INIT seed="0,0,0,1,4,33" ten="250,250,250,250" oya="0" hai0="0,46,82,130,118,27,72,37,132,73,23,48,26" hai1="122,32,57,2,95,42,66,81,83,44,11,18,22" hai2="61,52,98,125,1,97,76,129,40,5,17,133,74" hai3="47,80,56,128,113,68,29,121,9,63,116,115,36"/><T28/><D118/><U35/><E122/><V126/><F129/><W54/><G116/><T15/><D130/><U51/><E35/><V119/><F119/><W43/><G128/><T6/><D132/><U106/><E32/><V87/><F74/><W20/><G121/><T16/><D37/><U134/><E106/><V88/><F133/><W25/><G68/><T41/><D82/><U21/><E95/><V127/><F76/><W123/><G123/><T14/><D14/><U94/><E94/><N who="2" m="54559" /><F40/><W84/><REACH who="3" step="1"/><G9/><REACH who="3" ten="250,250,250,240" step="2"/><N who="0" m="2247" /><D27/><U131/><E11/><N who="2" m="2479" /><F17/><W69/><G69/><T99/><D99/><U49/><E18/><V89/><F89/><AGARI ba="0,1" hai="20,25,29,36,43,47,54,56,63,80,84,89,113,115" machi="89" ten="30,2000,0" yaku="1,1,7,1,53,0" doraHai="33" doraHaiUra="92" who="3" fromWho="2" sc="250,0,250,0,250,-20,240,30" /><INIT seed="1,0,0,1,5,48" ten="250,250,230,270" oya="1" hai0="23,82,65,24,52,98,93,110,106,102,56,20,22" hai1="86,57,19,120,30,122,10,3,128,45,5,71,7" hai2="134,116,109,13,73,53,40,17,77,0,60,126,18" hai3="108,117,39,42,124,31,83,94,115,15,105,46,50"/><U129/><E71/><V1/><F116/><W68/><G105/><T88/><D110/><U29/><E86/><V132/><F109/><W100/><G115/><T8/><D8/><N who="1" m="2111" /><E57/><N who="2" m="34863" /><F126/><W72/><G68/><T95/><D65/><U59/><E19/><V123/><F123/><N who="1" m="47145" /><E59/><V119/><F119/><W27/><G117/><T36/><D36/><U81/><E81/><N who="2" m="45231" /><F40/><W90/><G108/><T118/><D118/><U79/><E45/><V44/><F44/><W130/><G39/><T4/><D4/><U28/><E79/><V26/><F26/><W37/><G37/><T78/><D24/><U58/><E58/><V11/><F18/><W34/><G27/><T67/><D67/><U21/><E21/><V43/><F43/><W104/><G42/><T99/><D106/><U103/><E103/><V16/><F17/><W125/><G100/><T76/><D82/><U54/><E54/><V113/><F113/><W38/><G83/><T63/><AGARI ba="0,0" hai="20,22,23,52,56,63,76,78,88,93,95,98,99,102" machi="63" ten="30,8000,1" yaku="0,1,8,1,52,1,54,2" doraHai="48" who="0" fromWho="0" sc="250,80,250,-40,230,-20,270,-20" /><INIT seed="2,0,0,2,1,119" ten="330,210,210,250" oya="2" hai0="1,60,124,31,13,75,102,123,61,100,25,44,74" hai1="41,81,82,53,71,36,134,4,45,68,10,33,77" hai2="132,20,96,126,63,92,57,54,37,95,66,109,47" hai3="58,50,79,131,21,99,135,89,91,35,85,67,94"/><V7/><F126/><W111/><G35/><T120/><D1/><U70/><E82/><V5/><F132/><W52/><G135/><T125/><D44/><U17/><E134/><V55/><F109/><W30/><G111/><T38/><D38/><U16/><E53/><V76/><F76/><W90/><G131/><T122/><D13/><U93/><E93/><V116/><F116/><W15/><G67/><T110/><D110/><U14/><REACH who="1" step="1"/><E33/><REACH who="1" ten="330,200,210,250" step="2"/><V59/><F92/><W12/><G79/><T114/><D125/><U86/><AGARI ba="0,1" hai="4,10,14,16,17,36,41,45,68,70,71,77,81,86" machi="86" ten="30,7900,0" yaku="1,1,2,1,0,1,54,1,53,0" doraHai="119" doraHaiUra="117" who="1" fromWho="1" sc="330,-20,200,89,210,-39,250,-20" /><INIT seed="3,0,0,0,4,90" ten="310,289,171,230" oya="3" hai0="32,84,42,123,115,36,68,57,92,119,69,111,12" hai1="33,18,97,31,75,24,28,19,14,102,116,17,50" hai2="64,38,62,96,104,8,67,43,65,34,77,39,56" hai3="40,49,130,103,61,23,110,72,107,2,120,70,95"/><W25/><G72/><T53/><D32/><U109/><E75/><V98/><F34/><W46/><G120/><T101/><D119/><U15/><E109/><V83/><F8/><W82/><G2/><T44/><D111/><U133/><E133/><V113/><F113/><W124/><G107/><T37/><D37/><U80/><E80/><V74/><F43/><W59/><G110/><T131/><D115/><U9/><E116/><V60/><F67/><W85/><G70/><T135/><D131/><U114/><E31/><V87/><F74/><W4/><G4/><T5/><D135/><U126/><E126/><V112/><F112/><W121/><G121/><T30/><D30/><U79/><E79/><V16/><F104/><W0/><G0/><T22/><D5/><U76/><E76/><V51/><F51/><W52/><G130/><T129/><D129/><U86/><E86/><V99/><REACH who="2" step="1"/><F16/><REACH who="2" ten="310,289,161,230" step="2"/><N who="3" m="12519" /><G124/><T127/><D127/><U20/><E114/><V105/><F105/><W29/><G29/><T81/><D42/><U71/><E50/><V108/><F108/><W6/><G6/><T11/><D123/><U78/><E19/><V26/><F26/><W118/><G118/><T122/><D122/><U58/><E18/><V88/><F88/><W132/><G132/><T73/><D73/><U125/><E125/><V47/><F47/><W93/><G103/><T63/><D101/><U21/><E102/><V100/><F100/><W7/><G7/><T54/><D44/><U128/><E128/><V89/><F89/><AGARI ba="0,1" hai="40,46,49,52,59,61,82,85,89,93,95" m="12519" machi="89" ten="30,12000,1" yaku="8,1,52,2,54,2" doraHai="90" who="3" fromWho="2" sc="310,0,289,0,161,-120,230,130" owari="310,11.0,289,-11.1,41,-45.9,360,46.0" /></mjloggm>