<mjloggm ver="2.3"><GO type="225" lobby="0"/><UN n0="%E5%B8%86%E7%AB%8B%E5%A4%8F%E8%A1%A3" n1="%E3%81%8B%E3%82%8F%E3%81%A1%E3%82%83%E3%82%93%35%38" n2="%73%6C%69%63%6B%33%31%39" n3="%61%69%73%79%6F" dan="16,16,16,17" rate="2048.31,2163.59,2124.83,2243.88" sx="M,M,M,M"/><TAIKYOKU oya="0"/><INIT seed="0,0,0,2,5,15" ten="250,250,250,250" oya="0" hai0="103,53,110,129,41,76,82,54,71,38,14,27,117" hai1="78,36,33,31,113,17,22,30,51,105,48,99,130" hai2="134,131,1,68,61,83,121,16,25,56,60,0,4" hai3="93,104,35,114,86,92,42,79,96,123,18,10,45"/><T118/><D71/><U133/><E36/><V101/><F121/><W65/><G114/><T107/><D129/><U111/><E78/><V6/><F101/><W62/><G123/><T120/><D120/><U94/><E105/><V44/><F131/><W52/><G35/><T20/><D38/><U57/><E33/><V97/><F97/><W109/><G109/><T37/><D37/><U112/><E111/><V12/><F44/><W40/><G104/><T23/><D41/><U63/><E133/><V91/><F68/><W108/><G108/><T11/><D110/><U3/><E3/><V81/><F25/><W49/><G92/><T70/><D70/><U43/><E130/><V29/><F12/><N who="3" m="7447" /><G62/><T5/><D117/><U50/><E43/><V9/><F56/><W87/><G65/><T125/><D118/><U85/><E85/><N who="3" m="32266" /><G79/><T128/><D128/><U77/><E77/><V67/><F67/><W122/><G122/><T26/><D107/><U39/><E39/><V98/><F98/><W28/><G28/><T21/><D103/><AGARI ba="0,0" hai="40,42,45,49,52,93,96,103" m="32266,7447" machi="103" ten="30,3900,0" yaku="8,1,52,1,54,1" doraHai="15" who="3" fromWho="0" sc="250,-39,250,0,250,0,250,39" /><INIT seed="1,0,0,4,2,58" ten="211,250,250,289" oya="1" hai0="2,125,25,27,29,111,19,114,61,14,126,129,8" hai1="108,98,35,106,85,31,16,121,95,46,70,135,22" hai2="48,107,81,130,109,96,0,60,26,112,83,99,37" hai3="18,45,36,7,3,51,84,68,117,1,134,131,12"/><U123/><E70/><V63/><F37/><W94/><G68/><T116/><D114/><U24/><E135/><V30/><F0/><W66/><G66/><T40/><D40/><U82/><E108/><V88/><F109/><W5/><G36/><T105/><D105/><U90/><E46/><V132/><F132/><W87/><G131/><T9/><D61/><N who="2" m="23626" /><F107/><W110/><G110/><T103/><D103/><U33/><E106/><V118/><F118/><W43/><G117/><T92/><D92/><U80/><E80/><N who="2" m="30795" /><F130/><W38/><G38/><T77/><D77/><U34/><REACH who="1" step="1"/><E31/><REACH who="1" ten="211,240,250,289" step="2"/><V28/><F112/><W15/><G134/><T86/><D111/><U75/><E75/><V91/><F48/><W59/><G51/><T122/><D129/><U73/><E73/><V41/><F41/><W119/><G43/><T23/><D116/><U13/><E13/><V32/><F32/><W42/><G15/><T20/><D122/><U127/><E127/><V93/><F26/><W102/><G119/><T120/><D120/><U21/><E21/><V72/><F72/><W62/><G42/><T10/><D2/><U55/><E55/><V128/><F128/><W79/><G1/><T97/><D126/><U133/><E133/><V69/><F69/><W89/><G3/><T78/><D125/><U4/><E4/><V54/><F54/><W115/><G5/><T76/><D25/><U74/><E74/><V71/><F71/><W53/><G7/><T67/><D27/><U104/><E104/><V52/><F52/><W17/><G115/><T44/><D14/><U57/><E57/><RYUUKYOKU ba="0,1" sc="211,-15,240,15,250,15,289,-15" hai1="16,22,24,33,34,35,82,85,90,95,98,121,123" hai2="28,30,88,91,93,96,99" /><INIT seed="1,1,1,1,4,94" ten="196,255,265,274" oya="1" hai0="59,69,81,75,131,121,114,50,113,91,125,17,0" hai1="132,64,29,89,101,108,13,35,83,90,95,39,109" hai2="127,103,14,36,43,31,87,129,52,51,58,56,11" hai3="70,100,82,115,41,53,22,117,37,34,68,33,88"/><U135/><E39/><V62/><F129/><W97/><G115/><T6/><D69/><U42/><E42/><V74/><F74/><W38/><G41/><T111/><D121/><U5/><E64/><V2/><F127/><W23/><G53/><T61/><D125/><U106/><E35/><V124/><F124/><W116/><G100/><T130/><D17/><U48/><E29/><V67/><F2/><W107/><G82/><T72/><D50/><U57/><E106/><V20/><F87/><W86/><G86/><N who="0" m="50639" /><D6/><U49/><E101/><V32/><F32/><W28/><G28/><T18/><D18/><U73/><E5/><N who="2" m="3439" /><F36/><W25/><G88/><N who="1" m="33898" /><E13/><V24/><F103/><W21/><G25/><T122/><D0/><U3/><E3/><V7/><F7/><W54/><G107/><T104/><D104/><U60/><E95/><V128/><F128/><N who="0" m="49194" /><D122/><U98/><E73/><V120/><F120/><W134/><G68/><T71/><D71/><U96/><E83/><V77/><F43/><W118/><G70/><T16/><D72/><U26/><E26/><V66/><F66/><W45/><G38/><T9/><D75/><U126/><E126/><V85/><F85/><W93/><G37/><T78/><D114/><U84/><E84/><V65/><F65/><W110/><G34/><T112/><D112/><U10/><E10/><V8/><F77/><W119/><G33/><T79/><D113/><U92/><E92/><V63/><F8/><W133/><G119/><T40/><D40/><U105/><E105/><V80/><F80/><W1/><G117/><T19/><D79/><RYUUKYOKU ba="1,1" sc="196,-10,255,-10,265,30,274,-10" hai2="20,24,31,51,52,56,58,62,63,67" /><INIT seed="2,2,1,0,1,69" ten="186,245,295,264" oya="2" hai0="115,34,17,62,10,31,35,65,129,56,22,64,44" hai1="12,60,114,106,73,26,37,68,125,6,87,134,79" hai2="0,58,101,128,117,13,135,21,75,131,94,103,99" hai3="38,130,82,1,15,109,88,8,27,47,42,86,41"/><V108/><F0/><W36/><G109/><T120/><D129/><N who="2" m="49738" /><F117/><W29/><G130/><T113/><D120/><U89/><E114/><V2/><F2/><W7/><G41/><T80/><D65/><U66/><E106/><V118/><F118/><W116/><G116/><T55/><D10/><U24/><E37/><V20/><F108/><W11/><G42/><T127/><D127/><U14/><E79/><V61/><F75/><W81/><G47/><T43/><D64/><U72/><E72/><V57/><F135/><W132/><G82/><T112/><D80/><U104/><E73/><V54/><F101/><W76/><G76/><T96/><D96/><U90/><E104/><V97/><F97/><W111/><G111/><T9/><D9/><N who="1" m="4151" /><E134/><V105/><F105/><W77/><G77/><T3/><D3/><U98/><E125/><V16/><F57/><W126/><G126/><T100/><D100/><U25/><E14/><V4/><F4/><W122/><G122/><T59/><D59/><N who="1" m="37151" /><E98/><V110/><F110/><W121/><G121/><T67/><D67/><U91/><E68/><V39/><F21/><W107/><G107/><T53/><D35/><U18/><E18/><V49/><F61/><W40/><G132/><T63/><D34/><U85/><AGARI ba="2,1" hai="24,25,26,85,87,89,90,91" m="37151,4151" machi="85" ten="40,1500,0" yaku="8,1" doraHai="69" who="1" fromWho="1" sc="186,-6,245,31,295,-9,264,-6" /><INIT seed="3,0,0,1,3,36" ten="180,276,286,258" oya="3" hai0="127,26,124,90,44,81,93,0,59,33,76,75,51" hai1="24,95,107,31,8,66,6,67,47,91,41,132,42" hai2="23,18,129,102,52,78,43,116,68,20,17,118,74" hai3="115,30,45,13,58,11,34,50,61,69,10,14,38"/><W104/><G115/><T40/><D0/><U21/><E107/><V53/><F68/><W79/><G104/><T113/><D113/><U80/><E80/><V125/><F43/><W7/><G79/><T62/><D33/><U19/><E31/><V12/><F102/><W5/><G38/><T28/><D26/><U72/><E72/><V111/><F111/><W112/><G69/><T101/><D101/><U64/><E132/><V135/><F135/><W117/><G112/><T98/><REACH who="0" step="1"/><D28/><REACH who="0" ten="170,276,286,258" step="2"/><U119/><E119/><V70/><F118/><W83/><G117/><T22/><D22/><U49/><E42/><V46/><F23/><W48/><G34/><T57/><D57/><U86/><E66/><AGARI ba="0,1" hai="40,44,51,59,62,66,75,76,81,90,93,98,124,127" machi="66" ten="40,2600,0" yaku="1,1,52,1,53,0" doraHai="36" doraHaiUra="131" who="0" fromWho="1" sc="170,36,276,-26,286,0,258,0" /><INIT seed="4,0,0,5,2,11" ten="206,250,286,258" oya="0" hai0="131,48,90,101,83,71,3,68,43,82,38,113,98" hai1="72,121,4,81,124,50,20,132,103,106,54,114,120" hai2="30,85,39,111,34,110,84,1,49,24,46,14,112" hai3="92,80,116,108,119,109,15,55,93,123,115,5,133"/><T18/><D131/><U0/><E20/><V47/><F1/><W91/><G55/><T31/><D113/><U128/><E4/><V89/><F112/><W118/><G15/><T64/><D38/><U105/><E114/><V79/><F79/><W41/><G41/><T36/><D36/><U17/><E17/><V67/><F67/><W74/><G5/><T126/><D3/><U21/><E21/><V22/><F39/><W66/><G66/><T25/><D126/><U58/><E0/><V6/><F85/><W9/><G9/><T56/><D18/><U97/><E106/><V88/><F89/><W96/><G115/><T99/><D43/><U59/><E124/><V135/><F135/><W12/><G12/><T42/><D42/><U7/><E7/><V87/><F87/><W57/><G57/><T102/><D71/><U37/><E37/><V29/><F29/><W117/><G133/><T16/><D68/><U95/><E132/><V73/><F73/><W69/><G69/><T35/><D16/><U125/><E125/><V45/><F49/><W62/><G62/><N who="0" m="37959" /><D48/><N who="1" m="31047" /><E105/><V100/><F34/><W107/><G107/><N who="0" m="63927" /><D90/><U130/><E72/><V70/><F70/><W75/><G123/><N who="1" m="47178" /><E81/><N who="2" m="49167" /><F100/><N who="3" m="60423" /><G75/><T19/><D19/><U94/><E94/><V104/><F104/><W2/><N who="3" m="29696" /><DORA hai="63" /><W78/><G2/><T33/><D33/><U26/><E26/><V44/><N who="2" m="11264" /><DORA hai="60" /><V86/><F86/><AGARI ba="0,0" hai="74,78,80,86,91,93,108,109" m="29696,60423" machi="86" ten="60,3900,0" yaku="34,2" doraHai="11,63,60" who="3" fromWho="2" sc="206,0,250,0,286,-39,258,39" /><INIT seed="5,0,0,0,4,129" ten="206,250,247,297" oya="1" hai0="25,59,45,80,83,28,96,77,7,33,38,68,32" hai1="57,12,119,98,23,44,6,95,58,94,3,13,0" hai2="15,114,103,36,117,48,61,22,100,84,90,76,16" hai3="123,14,127,105,97,1,52,115,34,24,112,106,122"/><U17/><E119/><V109/><F109/><W31/><G1/><T63/><D68/><U64/><E0/><V91/><F117/><W10/><G127/><T35/><D7/><U116/><E3/><V104/><F36/><W107/><G52/><T8/><D8/><N who="1" m="4119" /><E116/><V40/><F114/><N who="3" m="43563" /><G97/><T62/><D96/><U128/><E128/><V120/><F120/><W56/><G56/><N who="1" m="21610" /><E64/><V132/><F132/><W5/><AGARI ba="0,0" hai="5,10,14,24,31,34,105,106,107,122,123" m="43563" machi="5" ten="40,1500,0" yaku="15,1" doraHai="129" who="3" fromWho="3" sc="206,-4,250,-7,247,-4,297,15" owari="202,-29.8,243,4.3,243,-15.7,312,41.2" /></mjloggm>