<mjloggm ver="2.3"><GO type="225" lobby="0"/><UN n0="%E3%81%BF%E3%81%BF%E3%81%9A" n1="%E3%82%A2%E3%83%A1%E3%82%A2%E3%83%A9%E3%83%AC" n2="%E3%81%95%E3%81%8D%E3%81%9F%E3%81%BE%E6%9E%97%E6%AA%8E" n3="%E3%81%93%E3%82%93%E3%81%A9%E3%83%BC%E3%81%95%E3%82%93" dan="18,16,16,16" rate="2239.30,2141.75,2065.17,2085.54" sx="M,M,M,M"/><TAIKYOKU oya="0"/><INIT seed="0,0,0,4,1,104" ten="250,250,250,250" oya="0" hai0="130,53,93,21,80,118,35,126,101,49,106,32,128" hai1="8,27,29,96,7,50,1,64,18,95,107,73,134" hai2="4,13,82,135,86,39,68,123,76,84,131,9,114" hai3="102,38,11,37,122,83,62,20,92,0,119,23,26"/><T42/><D118/><U61/><E134/><V120/><F114/><W129/><G122/><T66/><D126/><U103/><E73/><V22/><F68/><W105/><G37/><T59/><D106/><U52/><E18/><V100/><F135/><W24/><G38/><T89/><D42/><U5/><E5/><V70/><F70/><W125/><G105/><T25/><D66/><U34/><E95/><V40/><F131/><N who="0" m="50218" /><D80/><U115/><E115/><V116/><F116/><W98/><G125/><T99/><D101/><U2/><E2/><V91/><F100/><W85/><G129/><T74/><D74/><U46/><E64/><V88/><F39/><W90/><G119/><T110/><D110/><U72/><E72/><V33/><F33/><W111/><G111/><T127/><D127/><U81/><E61/><V15/><F40/><W41/><G41/><T133/><D133/><U77/><E81/><V16/><REACH who="2" step="1"/><F76/><REACH who="2" ten="250,250,240,250" step="2"/><W12/><G0/><T45/><D45/><U113/><E113/><V47/><F47/><W31/><G102/><T30/><AGARI ba="0,1" hai="21,25,30,32,35,49,53,59,89,93,99" m="50218" machi="30" ten="30,1500,0" yaku="19,1" doraHai="104" who="0" fromWho="0" sc="250,25,250,-5,240,-5,250,-5" /><INIT seed="0,1,0,1,1,110" ten="275,245,235,245" oya="0" hai0="133,37,76,114,126,61,77,16,86,46,17,81,54" hai1="130,38,95,82,93,101,0,98,21,5,15,104,26" hai2="87,8,128,111,119,39,118,117,99,129,106,34,122" hai3="116,23,57,108,35,89,63,1,123,107,102,58,78"/><T88/><D114/><U41/><E130/><N who="2" m="50283" /><F34/><W131/><G116/><T7/><D133/><U132/><E0/><V90/><F39/><W96/><G35/><T29/><D126/><U45/><E132/><V24/><F24/><W105/><G1/><T100/><D29/><U31/><E5/><V74/><F8/><W18/><G108/><T60/><D7/><U121/><E121/><V112/><F112/><W94/><G123/><T27/><D100/><U25/><E15/><V127/><F127/><W103/><G78/><N who="0" m="30315" /><D37/><U73/><E73/><V55/><F55/><N who="3" m="34239" /><G131/><T120/><D120/><U71/><E71/><V67/><F67/><W91/><G58/><T113/><D113/><U69/><E69/><V9/><F9/><W44/><G44/><T92/><D81/><U4/><E4/><V53/><F53/><W52/><G52/><T59/><D46/><U134/><E134/><V109/><F122/><W20/><G105/><T43/><D43/><U84/><REACH who="1" step="1"/><E26/><REACH who="1" ten="275,235,235,245" step="2"/><V47/><F74/><W19/><G107/><T51/><D27/><U22/><E22/><V64/><F111/><W48/><G20/><T62/><AGARI ba="1,1" hai="16,17,51,54,59,60,61,62,86,88,92" m="30315" machi="62" ten="30,6000,0" yaku="8,1,54,2" doraHai="110" who="0" fromWho="0" sc="275,73,235,-21,235,-21,245,-21" /><INIT seed="0,2,0,2,0,77" ten="348,214,214,224" oya="0" hai0="0,123,108,127,9,61,104,68,64,11,106,72,25" hai1="118,10,59,96,33,2,35,16,58,119,62,45,34" hai2="41,39,116,13,49,43,70,98,133,71,132,1,28" hai3="109,55,125,65,87,110,92,26,89,24,7,42,86"/><T134/><D123/><U135/><E135/><N who="2" m="51787" /><F1/><W117/><G125/><T66/><D127/><U54/><E45/><N who="2" m="23743" /><F116/><W50/><G117/><T53/><D134/><U84/><E96/><V63/><F28/><W112/><G112/><T69/><D72/><U27/><E84/><V101/><F13/><W60/><G42/><T76/><D76/><U52/><E2/><V14/><F14/><W75/><G7/><T23/><D108/><N who="3" m="41577" /><G86/><T4/><D9/><U95/><E95/><N who="2" m="58591" /><F63/><W67/><G75/><T78/><D104/><U22/><REACH who="1" step="1"/><E10/><REACH who="1" ten="348,204,214,224" step="2"/><V79/><F79/><W21/><G60/><AGARI ba="2,1" hai="16,22,27,33,34,35,52,54,58,59,60,62,118,119" machi="60" ten="40,8000,1" yaku="1,1,2,1,9,1,54,2,53,0" doraHai="77" doraHaiUra="8" who="1" fromWho="3" sc="348,0,204,96,214,0,224,-86" /><INIT seed="1,0,0,4,0,88" ten="348,300,214,138" oya="1" hai0="39,99,10,129,29,7,60,17,36,131,109,16,34" hai1="95,118,54,65,93,77,130,127,0,57,128,104,3" hai2="85,50,78,23,123,86,48,15,52,94,115,67,110" hai3="5,113,100,74,125,72,101,46,12,83,82,4,121"/><U64/><E118/><V1/><F110/><W80/><G113/><T112/><D112/><U107/><E77/><V122/><F115/><W47/><G121/><T120/><D109/><U126/><E57/><V2/><F2/><W90/><G90/><T119/><D119/><U63/><E54/><V61/><F1/><W33/><G12/><N who="0" m="5215" /><D120/><U40/><E63/><V76/><F76/><W25/><G25/><N who="0" m="18735" /><D60/><U53/><E53/><V13/><F13/><W96/><G33/><T71/><D71/><U79/><E79/><V32/><F32/><W103/><G96/><T14/><D17/><U91/><E91/><V8/><F23/><W59/><G59/><T117/><D99/><U27/><E27/><V19/><F78/><W66/><G66/><T92/><D92/><U22/><E22/><V38/><F38/><W26/><G26/><T55/><D55/><U43/><AGARI ba="0,0" hai="0,3,40,43,64,65,93,95,104,107,126,127,128,130" machi="43" ten="25,12000,1" yaku="0,1,22,2,52,2" doraHai="88" who="1" fromWho="1" sc="348,-40,300,120,214,-40,138,-40" /><INIT seed="1,1,0,3,4,14" ten="308,420,174,98" oya="1" hai0="23,27,1,18,88,122,95,64,121,102,19,36,8" hai1="85,126,75,76,33,10,73,115,81,118,68,89,70" hai2="26,52,106,128,90,61,22,40,4,57,42,127,123" hai3="41,82,60,103,51,96,134,15,54,44,133,130,84"/><U62/><E115/><V17/><F123/><N who="0" m="47114" /><D36/><U104/><E118/><V107/><F128/><W114/><G130/><T91/><D64/><U20/><E33/><V65/><F127/><W105/><G114/><T0/><D102/><U9/><E126/><V28/><F4/><W78/><G60/><T16/><D91/><U53/><E104/><V108/><F108/><W116/><G54/><T56/><D56/><U66/><E70/><V43/><F65/><W125/><G125/><T69/><D69/><U99/><E53/><V35/><REACH who="2" step="1"/><F90/><REACH who="2" ten="308,420,164,98" step="2"/><W58/><G116/><T24/><D24/><AGARI ba="1,1" hai="17,22,24,26,28,35,40,42,43,52,57,61,106,107" machi="24" ten="40,8000,1" yaku="1,1,2,1,52,1,54,1,53,0" doraHai="14" doraHaiUra="132" who="2" fromWho="0" sc="308,-83,420,0,164,93,98,0" /><INIT seed="2,0,0,1,2,56" ten="225,420,257,98" oya="2" hai0="22,107,39,93,104,57,106,43,99,28,114,117,74" hai1="92,38,72,46,94,26,124,73,132,5,82,120,1" hai2="21,101,76,45,90,112,15,115,41,35,81,27,33" hai3="70,20,119,10,53,9,126,55,64,86,66,47,78"/><V13/><F101/><W61/><G119/><T96/><D114/><U29/><E132/><V89/><F115/><W49/><G20/><T121/><D121/><U40/><E124/><V0/><F0/><W4/><G126/><T18/><D74/><U31/><E72/><V100/><F100/><W7/><G64/><T69/><D69/><U67/><E67/><V111/><F111/><W6/><G78/><T63/><D28/><N who="1" m="10827" /><E26/><V59/><F112/><W51/><REACH who="3" step="1"/><G86/><REACH who="3" ten="225,420,257,88" step="2"/><T103/><D117/><U116/><E116/><V97/><F21/><W42/><G42/><T127/><D127/><U16/><E40/><V37/><F41/><W19/><G19/><T125/><D125/><U118/><E16/><V105/><F76/><W32/><G32/><T30/><D30/><U36/><E73/><V131/><F35/><W44/><AGARI ba="0,1" hai="4,6,7,9,10,44,47,49,51,53,55,61,66,70" machi="44" ten="30,7900,0" yaku="1,1,0,1,9,1,52,1,53,0" doraHai="56" doraHaiUra="71" who="3" fromWho="3" sc="225,-20,420,-20,257,-39,88,89" /><INIT seed="3,0,0,0,0,114" ten="205,400,218,177" oya="3" hai0="8,14,109,88,103,19,48,104,115,118,42,1,57" hai1="60,64,90,125,92,122,128,84,108,77,15,100,44" hai2="79,4,22,18,121,86,129,124,16,47,54,74,62" hai3="40,78,58,72,50,98,2,13,63,26,61,66,89"/><W12/><G2/><T91/><D118/><U135/><E108/><V123/><F74/><W11/><G72/><T49/><D109/><U65/><E122/><N who="2" m="46603" /><F129/><W117/><G78/><T25/><D115/><U101/><E77/><V97/><F124/><W133/><G133/><T93/><D104/><U116/><E65/><V21/><F4/><W76/><G76/><T111/><D111/><U41/><E125/><V5/><F5/><W59/><G117/><T43/><D1/><U75/><E128/><V53/><F97/><W99/><G26/><T81/><D25/><U39/><E135/><V52/><F62/><W134/><G134/><T37/><D37/><U32/><E32/><V106/><F106/><W102/><G89/><N who="0" m="34379" /><D81/><U7/><E116/><V127/><F127/><W0/><G0/><T130/><D130/><U95/><E95/><V36/><F36/><W94/><G99/><N who="0" m="59887" /><D57/><U82/><E82/><N who="2" m="47455" /><F47/><N who="3" m="25959" /><G11/><T85/><D85/><U107/><E107/><V17/><AGARI ba="0,0" hai="16,17,18,21,22,52,53,54" m="47455,46603" machi="17" ten="40,5200,0" yaku="13,1,54,2" doraHai="114" who="2" fromWho="2" sc="205,-13,400,-13,218,52,177,-26" owari="192,-20.8,387,48.7,270,7.0,151,-34.9" /></mjloggm>