<mjloggm ver="2.3"><GO type="225" lobby="0"/><UN n0="%E5%A4%96%E5%B7%9D%E7%AB%9C%E6%88%90" n1="%6D%75%75%6D%75%72%61" n2="%E3%81%A1%E3%82%85%E3%81%86%E3%81%A9%E3%81%8F%E8%B1%A1%E3%81%95%E3%82%93" n3="%E5%B8%86%E7%AB%8B%E5%A4%8F%E8%A1%A3" dan="16,17,17,17" rate="2111.77,2195.98,2190.10,2152.73" sx="M,F,M,M"/><TAIKYOKU oya="0"/><INIT seed="0,0,0,0,3,54" ten="250,250,250,250" oya="0" hai0="55,84,107,35,125,85,28,69,43,123,112,8,121" hai1="134,30,133,9,42,22,68,65,52,105,116,76,91" hai2="102,32,131,79,114,82,13,45,53,73,44,100,101" hai3="95,4,109,47,104,26,119,81,33,94,83,60,14"/><T63/><D112/><U92/><E116/><V113/><F32/><W16/><G119/><T126/><D107/><U128/><E105/><V0/><F0/><W124/><G124/><N who="0" m="47723" /><D43/><U6/><E42/><V78/><F131/><W18/><G109/><T7/><D28/><U88/><E76/><V5/><F78/><W1/><G104/><T27/><D27/><N who="1" m="16759" /><E128/><V70/><F70/><W120/><G47/><T117/><D35/><U20/><E20/><V67/><F67/><W38/><G38/><T90/><D117/><U12/><E92/><N who="3" m="35370" /><G120/><N who="0" m="46155" /><D90/><U111/><E111/><V57/><F113/><W50/><G33/><T93/><D93/><U46/><E68/><V59/><F114/><W130/><G26/><T135/><D135/><N who="1" m="51723" /><E65/><V51/><REACH who="2" step="1"/><F44/><REACH who="2" ten="250,250,240,250" step="2"/><W99/><G130/><T71/><D71/><U129/><E129/><V49/><F49/><AGARI ba="0,1" hai="6,9,12,46,49,52,88,91" m="51723,16759" machi="49" ten="30,3900,0" yaku="20,1,54,2" doraHai="54" who="1" fromWho="2" sc="250,0,250,49,240,-39,250,0" /><INIT seed="1,0,0,4,5,106" ten="250,299,201,250" oya="1" hai0="51,56,133,120,64,45,73,108,37,135,111,100,22" hai1="5,21,40,10,16,104,125,61,71,128,87,82,0" hai2="8,31,2,102,127,116,47,88,118,50,96,69,53" hai3="134,122,121,29,57,89,59,107,6,81,36,49,7"/><U25/><E128/><V60/><F127/><W18/><G107/><T13/><D100/><U20/><E104/><V33/><F8/><W115/><G36/><T66/><D22/><U119/><E125/><V41/><F2/><W132/><G29/><T101/><D101/><U19/><E40/><V63/><F63/><W43/><G43/><N who="0" m="22767" /><D13/><U65/><E119/><V103/><F103/><W109/><G18/><T68/><D73/><U79/><REACH who="1" step="1"/><E20/><REACH who="1" ten="250,289,201,250" step="2"/><V3/><F116/><W46/><G121/><T70/><D120/><U23/><E23/><V99/><F118/><W14/><G122/><T85/><D135/><U38/><E38/><V52/><F41/><W94/><G132/><T27/><D133/><U11/><E11/><V76/><F33/><W72/><G134/><T126/><D126/><U90/><E90/><V15/><F88/><W1/><G89/><T93/><D111/><U113/><E113/><V78/><F102/><W17/><G109/><T39/><D108/><U98/><E98/><V35/><F35/><W80/><G115/><T131/><D39/><U62/><E62/><V12/><F60/><W48/><G48/><T92/><D131/><U112/><E112/><V123/><F50/><W55/><G49/><T129/><D129/><U58/><E58/><V114/><F123/><W4/><G59/><T32/><D51/><U28/><AGARI ba="0,1" hai="0,5,10,16,19,21,25,28,61,65,71,79,82,87" machi="28" ten="20,12000,1" yaku="1,1,0,1,7,1,54,1,53,1" doraHai="106" doraHaiUra="24" who="1" fromWho="1" sc="250,-40,289,130,201,-40,250,-40" /><INIT seed="1,1,0,0,2,122" ten="210,419,161,210" oya="1" hai0="102,115,132,49,105,31,70,95,91,4,86,116,130" hai1="58,43,108,81,128,114,123,87,106,13,118,42,67" hai2="90,125,22,83,0,65,104,133,89,66,36,9,25" hai3="112,77,82,131,19,44,72,61,38,35,32,21,93"/><U14/><E123/><V60/><F125/><W92/><G112/><T68/><D115/><U57/><E114/><V79/><F133/><W127/><G127/><T52/><D116/><U53/><E118/><V134/><F104/><W40/><G131/><T96/><D132/><U111/><E106/><V69/><F134/><W15/><G92/><T46/><D130/><U80/><E128/><V12/><F0/><W5/><G93/><T71/><D31/><U1/><E1/><V117/><F65/><W24/><G61/><T34/><REACH who="0" step="1"/><D4/><REACH who="0" ten="200,419,161,210" step="2"/><U76/><E42/><V39/><F117/><W7/><G7/><T23/><D23/><U56/><E43/><V2/><F22/><W20/><G5/><T26/><D26/><U126/><E126/><V16/><F25/><W119/><G119/><T8/><D8/><U51/><E13/><V45/><F2/><W101/><REACH who="3" step="1"/><G101/><REACH who="3" ten="200,419,161,200" step="2"/><T17/><D17/><AGARI ba="1,2" hai="15,17,19,20,21,24,32,35,38,40,44,72,77,82" machi="17" ten="30,3900,0" yaku="1,1,2,1,7,1,53,0" doraHai="122" doraHaiUra="124" who="3" fromWho="0" sc="200,-42,419,0,161,0,200,62" /><INIT seed="2,0,0,4,4,63" ten="158,419,161,262" oya="2" hai0="29,10,47,64,112,41,80,96,121,123,40,89,39" hai1="129,74,44,54,56,79,45,58,88,3,104,75,94" hai2="22,114,83,8,15,81,5,24,128,33,11,90,27" hai3="61,46,98,2,131,108,103,91,93,65,7,127,67"/><V50/><F114/><W124/><G108/><T69/><D112/><U57/><E104/><V32/><F128/><W31/><G131/><T106/><D41/><U9/><E129/><V99/><F50/><W134/><G134/><T87/><D29/><U72/><E79/><V19/><F99/><W30/><G46/><T13/><D69/><U77/><E77/><V49/><F49/><W95/><G7/><T92/><D106/><U97/><REACH who="1" step="1"/><E54/><REACH who="1" ten="158,409,161,262" step="2"/><V55/><F55/><W38/><G127/><T14/><D64/><N who="3" m="24649" /><G124/><T1/><D123/><U21/><E21/><V119/><F22/><W48/><G38/><T126/><D121/><U71/><E71/><V23/><F23/><W118/><G118/><T20/><D20/><U76/><E76/><V37/><F119/><W17/><G48/><T59/><D126/><U135/><E135/><V115/><F37/><W132/><G132/><T120/><D120/><U125/><E125/><V60/><F115/><W26/><G61/><T105/><D105/><U100/><E100/><V35/><F60/><W34/><G34/><T82/><D39/><U6/><AGARI ba="0,1" hai="3,6,9,44,45,56,57,58,72,74,75,88,94,97" machi="6" ten="40,5200,0" yaku="1,1,0,1,54,1,53,0" doraHai="63" doraHaiUra="133" who="1" fromWho="1" sc="158,-13,409,62,161,-26,262,-13" /><INIT seed="3,0,0,1,4,29" ten="145,471,135,249" oya="3" hai0="103,81,15,72,109,2,36,133,131,125,132,50,76" hai1="1,105,51,57,88,0,75,52,83,56,93,94,77" hai2="28,53,104,58,35,27,78,69,99,113,64,60,49" hai3="73,47,70,134,107,19,71,106,67,32,21,65,115"/><W63/><G115/><T87/><D109/><U100/><E94/><V5/><F113/><W4/><G73/><T8/><D125/><U96/><E57/><V127/><F127/><W41/><G4/><N who="0" m="1047" /><D131/><U123/><E123/><V30/><F30/><W82/><G82/><T14/><D103/><U101/><E101/><N who="2" m="62527" /><F5/><W43/><G134/><N who="0" m="51819" /><D36/><U48/><E51/><V116/><F78/><W126/><G126/><T26/><D50/><U129/><E129/><V80/><F80/><W9/><G9/><T42/><D42/><U20/><E20/><V25/><F25/><W46/><G21/><T10/><D26/><U112/><E112/><V84/><F84/><AGARI ba="0,0" hai="0,1,48,52,56,75,77,83,84,88,93,96,100,105" machi="84" ten="30,8000,1" yaku="7,1,24,2,54,2" doraHai="29" who="1" fromWho="2" sc="145,0,471,80,135,-80,249,0" owari="145,-25.5,551,65.1,55,-44.5,249,4.9" /></mjloggm>