<mjloggm ver="2.3"><GO type="225" lobby="0"/><UN n0="%45%6C%79%73%69%75%6D" n1="%E3%83%A9%E3%83%BC%E3%83%A1%E3%83%B3%E4%BA%94%E9%83%8E" n2="%E3%81%A6%E3%81%A4%EF%BC%A3" n3="%E3%81%B8%E3%82%80%E3%81%B8%E3%82%80%EF%BC%92%E5%8F%B7" dan="17,16,16,17" rate="2129.93,2113.22,2060.94,2171.72" sx="F,M,M,M"/><TAIKYOKU oya="0"/><INIT seed="0,0,0,0,5,33" ten="250,250,250,250" oya="0" hai0="22,96,73,55,13,80,28,61,102,14,77,118,131" hai1="79,117,125,120,45,124,112,66,68,11,12,40,132" hai2="23,91,86,100,26,48,89,88,17,99,50,3,21" hai3="129,101,20,10,4,63,128,39,111,5,70,46,105"/><T83/><D118/><U130/><E117/><V37/><F37/><W135/><G135/><T72/><D131/><N who="3" m="50249" /><G111/><T107/><D55/><U69/><E130/><V85/><F3/><W76/><G76/><T114/><D114/><U92/><E120/><V32/><F32/><W126/><G126/><T94/><D61/><U0/><E132/><V53/><F21/><W2/><G20/><T54/><D54/><U57/><E112/><V56/><REACH who="2" step="1"/><F48/><REACH who="2" ten="250,250,240,250" step="2"/><W110/><G110/><T51/><D51/><U134/><E134/><V7/><F7/><W67/><G4/><T95/><D22/><U8/><E0/><V42/><F42/><N who="3" m="22879" /><G101/><T27/><D102/><U119/><E124/><V90/><N who="2" m="22528" /><DORA hai="60" /><V64/><F64/><N who="3" m="41247" /><G105/><AGARI ba="0,1" hai="17,23,26,50,53,56,85,86,99,100,105" m="22528" machi="105" ten="50,3200,0" yaku="1,1,54,1,53,0" doraHai="33,60" doraHaiUra="113,116" who="2" fromWho="3" sc="250,0,250,0,240,42,250,-32" /><INIT seed="1,0,0,4,5,14" ten="250,250,282,218" oya="1" hai0="22,64,63,101,98,57,27,117,45,46,92,7,1" hai1="124,13,86,72,0,70,78,65,74,17,102,66,52" hai2="120,112,76,42,2,3,89,107,127,113,87,104,115" hai3="116,38,29,41,85,77,73,23,100,133,95,106,25"/><U50/><E0/><V40/><F120/><W6/><G133/><T37/><D37/><U134/><E134/><V88/><F76/><W34/><G116/><T97/><D117/><U48/><E124/><V110/><F127/><W82/><G6/><T51/><D51/><U131/><E131/><V71/><F71/><W49/><G38/><T31/><REACH who="0" step="1"/><D98/><REACH who="0" ten="240,250,282,218" step="2"/><U128/><E48/><V19/><F113/><W68/><G49/><T84/><D84/><U58/><E72/><V79/><F87/><W108/><G108/><T109/><D109/><U59/><E74/><V55/><F110/><W80/><G41/><T135/><D135/><U67/><E86/><V18/><F79/><W47/><G47/><T90/><D90/><U12/><E78/><V4/><F4/><W129/><G129/><T121/><D121/><U132/><E132/><V32/><F32/><W91/><G68/><T20/><D20/><U11/><E128/><V125/><F125/><W26/><G82/><T36/><D36/><U119/><E70/><V10/><F10/><AGARI ba="0,1" hai="1,7,10,22,27,31,45,46,57,63,64,92,97,101" machi="10" ten="40,5200,0" yaku="1,1,25,2,53,0" doraHai="14" doraHaiUra="83" who="0" fromWho="2" sc="240,62,250,0,282,-52,218,0" /><INIT seed="2,0,0,1,2,6" ten="302,250,230,218" oya="2" hai0="80,7,120,104,70,48,4,24,134,39,122,12,126" hai1="132,72,9,135,82,49,3,101,51,57,130,93,84" hai2="14,119,32,64,95,42,75,108,114,44,125,46,129" hai3="33,110,81,20,15,8,113,27,13,65,28,45,41"/><V131/><F119/><W83/><G110/><T118/><D39/><U19/><E130/><N who="2" m="49675" /><F114/><W106/><G106/><T23/><D104/><U71/><E71/><V63/><F108/><W74/><G113/><T68/><D118/><U25/><E72/><V56/><F75/><W50/><G74/><T55/><D126/><U22/><E101/><V92/><F32/><W21/><G65/><T35/><D35/><U94/><E93/><V2/><F2/><W107/><G107/><T38/><D38/><U53/><E94/><V86/><F125/><W128/><G128/><T69/><D134/><N who="1" m="51243" /><E49/><N who="2" m="26775" /><F46/><W10/><G33/><T54/><D80/><N who="3" m="30793" /><G20/><T102/><D23/><U0/><E9/><AGARI ba="0,0" hai="8,9,10,13,15,21,27,28,41,45,50" m="30793" machi="9" ten="30,7700,0" yaku="8,1,52,3" doraHai="6" who="3" fromWho="1" sc="302,0,250,-77,230,0,218,77" /><INIT seed="3,0,0,5,4,33" ten="302,173,230,295" oya="3" hai0="114,126,131,124,81,86,135,133,29,13,101,47,105" hai1="40,129,90,35,61,5,117,23,94,77,67,93,83" hai2="37,12,65,82,3,60,56,17,111,78,2,58,107" hai3="106,123,110,22,125,36,0,24,9,21,64,70,41"/><W109/><G123/><T96/><D131/><U42/><E35/><V45/><F111/><N who="3" m="42507" /><G125/><N who="0" m="48235" /><D114/><U88/><E129/><V6/><F107/><W132/><G106/><T122/><D122/><U84/><E117/><V55/><F6/><N who="3" m="1223" /><G132/><N who="0" m="50763" /><D13/><U54/><E5/><V10/><F45/><N who="3" m="23719" /><G24/><T98/><D98/><N who="1" m="57655" /><E67/><V103/><F103/><W113/><G113/><T16/><D47/><U89/><E23/><V108/><F37/><W19/><G19/><T8/><D29/><U15/><E15/><V27/><F27/><W51/><G51/><T1/><D16/><U14/><E14/><V28/><F28/><W116/><G116/><T26/><D26/><U95/><E95/><V59/><F108/><W74/><G74/><T53/><D8/><U71/><E71/><V68/><REACH who="2" step="1"/><F55/><REACH who="2" ten="302,173,220,295" step="2"/><W85/><G85/><AGARI ba="0,1" hai="2,3,10,12,17,56,58,59,60,65,68,78,82,85" machi="85" ten="40,8000,1" yaku="1,1,2,1,52,2,53,0" doraHai="33" doraHaiUra="104" who="2" fromWho="3" sc="302,0,173,0,220,90,295,-80" owari="302,10.2,173,-32.7,310,41.0,215,-18.5" /></mjloggm>