<mjloggm ver="2.3"><GO type="225" lobby="0"/><UN n0="%E3%81%B2%E3%81%AA%E3%81%AE%E3%82%8A%E3%81%8F" n1="%E3%81%86%E3%83%BC%E3%81%B1%E3%83%BC" n2="%E5%B0%8F%E9%B3%A5%E9%81%8A%E7%B7%B4%E7%84%A1%32%31%E6%AD%B3" n3="%E3%81%9F%E3%81%8C%E3%82%84%E3%81%99" dan="17,16,16,16" rate="2201.56,2108.33,2123.72,2192.55" sx="M,F,F,M"/><TAIKYOKU oya="0"/><INIT seed="0,0,0,5,1,15" ten="250,250,250,250" oya="0" hai0="121,79,16,8,118,50,58,1,59,39,117,32,89" hai1="95,33,104,111,113,134,108,31,52,101,68,60,3" hai2="128,53,6,100,80,78,77,109,36,90,45,110,48" hai3="67,46,88,125,43,54,22,12,132,112,14,28,21"/><T106/><D121/><U114/><E3/><V34/><F34/><W116/><G67/><T82/><D39/><U55/><E104/><V83/><F128/><W71/><G71/><T103/><D32/><U66/><E33/><V57/><F100/><W23/><G112/><N who="1" m="43114" /><E31/><V29/><F6/><W0/><G0/><T2/><D89/><U42/><E134/><V81/><F90/><W74/><G74/><T123/><D123/><U65/><E65/><V4/><F4/><W126/><G116/><T120/><D120/><U47/><E95/><V75/><F29/><W7/><G132/><T105/><D105/><U35/><E101/><V27/><F27/><W25/><G54/><N who="1" m="20522" /><E35/><V133/><F133/><W96/><G28/><T73/><D103/><U91/><E91/><V97/><F97/><W131/><G131/><T98/><D98/><U40/><E40/><V17/><F75/><W41/><G41/><T64/><D106/><U56/><E68/><V86/><F78/><W93/><G25/><T99/><D99/><U122/><E122/><V5/><F77/><W30/><G30/><T127/><D1/><U26/><E26/><V92/><F92/><W94/><G93/><T84/><D2/><U20/><E20/><V63/><F86/><W9/><REACH who="3" step="1"/><G14/><REACH who="3" ten="250,250,250,240" step="2"/><N who="0" m="7239" /><D118/><U70/><E70/><V135/><F135/><W19/><G19/><T49/><D117/><U72/><E72/><V87/><F17/><W37/><AGARI ba="0,1" hai="7,9,12,21,22,23,37,43,46,88,94,96,125,126" machi="37" ten="30,7900,0" yaku="1,1,0,1,54,1,53,1" doraHai="15" doraHaiUra="38" who="3" fromWho="3" sc="250,-39,250,-20,250,-20,240,89" /><INIT seed="1,0,0,5,1,106" ten="211,230,230,329" oya="1" hai0="94,4,64,55,6,57,56,46,50,45,134,60,9" hai1="82,135,89,126,70,47,39,132,3,38,17,52,122" hai2="110,2,88,74,109,124,22,10,114,58,117,128,80" hai3="84,12,77,97,41,1,104,91,71,37,63,14,7"/><U34/><E122/><V79/><F117/><W73/><G63/><T67/><D134/><N who="1" m="51243" /><E3/><V48/><F124/><W118/><G71/><T27/><D67/><U53/><E70/><V32/><F32/><W93/><G118/><T119/><D119/><U26/><E126/><V121/><F121/><W115/><G115/><T90/><D27/><U87/><E17/><V125/><F125/><W20/><G20/><T99/><REACH who="0" step="1"/><D6/><REACH who="0" ten="201,230,230,329" step="2"/><U112/><E112/><V120/><F114/><W24/><G24/><T107/><D107/><U54/><E47/><V86/><F120/><W35/><G104/><T98/><D98/><U116/><E116/><V129/><F128/><W130/><G97/><T85/><D85/><U49/><E49/><V61/><F129/><W96/><G96/><T62/><D62/><U123/><E123/><V113/><F48/><W101/><G130/><T11/><D11/><U65/><E65/><V75/><F113/><W29/><G7/><T16/><D16/><U8/><E8/><V33/><F10/><W127/><G127/><T0/><AGARI ba="0,1" hai="0,4,9,45,46,50,55,56,57,60,64,90,94,99" machi="0" ten="20,2700,0" yaku="1,1,0,1,7,1,53,0" doraHai="106" doraHaiUra="68" who="0" fromWho="0" sc="201,37,230,-13,230,-7,329,-7" /><INIT seed="2,0,0,1,1,7" ten="238,217,223,322" oya="2" hai0="95,106,104,42,128,83,55,84,32,35,31,109,24" hai1="16,67,88,17,21,122,77,54,112,70,118,22,131" hai2="9,6,99,25,51,72,94,110,123,53,40,36,71" hai3="19,79,81,133,13,102,117,46,108,65,37,49,89"/><V15/><F123/><W86/><G37/><T134/><D109/><U132/><E118/><V97/><F110/><W121/><G108/><T91/><D134/><U48/><E112/><V4/><F72/><W52/><G117/><T12/><D128/><U29/><E131/><V78/><F71/><W80/><G133/><T68/><D35/><U57/><E132/><V41/><F78/><W26/><G121/><T58/><D42/><U20/><E29/><V50/><F36/><W75/><G102/><T62/><D68/><U64/><E77/><V130/><F130/><W126/><G65/><N who="1" m="25162" /><E70/><V76/><F76/><W119/><G26/><T43/><D43/><N who="2" m="16458" /><F4/><W85/><G119/><T0/><D0/><U69/><E69/><V82/><F82/><W66/><G66/><T44/><D44/><U3/><E3/><V100/><F99/><W125/><REACH who="3" step="1"/><G75/><REACH who="3" ten="238,217,223,312" step="2"/><T116/><D116/><U115/><E122/><V103/><F103/><W101/><G101/><T135/><D135/><U30/><E30/><V61/><F25/><W45/><G45/><T34/><D24/><U105/><E105/><V5/><F5/><W27/><G27/><T56/><D31/><U120/><E120/><V129/><F129/><W39/><G39/><T113/><D106/><U111/><E111/><V2/><F2/><W124/><G124/><T107/><D104/><U127/><E127/><V23/><F100/><W38/><G38/><T93/><D107/><U28/><E28/><V10/><F6/><W11/><AGARI ba="0,1" hai="11,13,19,46,49,52,79,80,81,85,86,89,125,126" machi="11" ten="30,12000,2" yaku="1,1,0,1,25,2,52,1,54,1,53,1" doraHai="7" doraHaiUra="14" who="3" fromWho="3" sc="238,-30,217,-30,223,-60,312,130" /><INIT seed="3,0,0,1,4,31" ten="208,187,163,442" oya="3" hai0="42,38,30,98,65,75,76,1,55,80,50,66,71" hai1="36,45,88,84,74,29,78,121,92,103,4,57,120" hai2="107,82,32,33,129,22,118,46,122,2,37,10,13" hai3="133,102,79,106,73,24,126,11,91,44,56,131,104"/><W83/><G56/><T14/><D1/><U125/><E125/><V41/><F118/><W39/><G126/><T116/><D116/><U81/><E29/><V8/><F22/><W112/><G112/><T17/><D30/><U114/><E114/><V115/><F115/><W35/><G133/><T18/><D18/><U130/><E130/><V34/><F129/><W53/><G131/><T113/><D71/><U63/><E4/><N who="2" m="1047" /><F107/><W132/><G132/><T105/><D42/><U72/><E72/><V111/><F111/><W67/><G67/><T134/><D38/><U85/><E85/><V99/><F99/><W119/><G119/><T101/><D134/><U51/><E103/><V49/><F49/><W61/><G91/><T21/><D113/><U0/><E0/><V54/><F54/><W68/><G11/><T5/><D5/><U3/><E3/><V47/><F47/><AGARI ba="0,0" hai="14,17,21,47,50,55,65,66,75,76,80,98,101,105" machi="47" ten="30,1000,0" yaku="7,1" doraHai="31" who="0" fromWho="2" sc="208,10,187,0,163,-10,442,0" owari="218,1.8,187,-21.3,153,-34.7,442,54.2" /></mjloggm>