<mjloggm ver="2.3"><GO type="225" lobby="0"/><UN n0="%E3%81%BF%E3%81%BF%E3%81%9A" n1="%4C%4F%4C%49%54%41" n2="%72%69%6F%75%63%68%61%6E" n3="%E3%81%B5%E3%81%98%E3%81%8B%E3%81%A4" dan="16,16,16,16" rate="2237.67,2139.61,2105.39,2178.47" sx="M,F,M,M"/><TAIKYOKU oya="0"/><INIT seed="0,0,0,3,5,69" ten="250,250,250,250" oya="0" hai0="50,133,128,73,90,102,96,59,107,66,31,131,34" hai1="134,84,122,23,105,87,108,7,75,0,93,27,28" hai2="120,74,13,62,82,98,130,8,35,123,44,83,17" hai3="55,127,9,76,129,68,121,111,22,58,124,77,79"/><T14/><D73/><U26/><E122/><V32/><F130/><N who="0" m="49706" /><D133/><U37/><E105/><V41/><F83/><W1/><G121/><T3/><D3/><U89/><E75/><V97/><F123/><W132/><G129/><T103/><D14/><U80/><E108/><V51/><F120/><W36/><G132/><T115/><D115/><U33/><E134/><V88/><F62/><N who="3" m="36191" /><G22/><T12/><D12/><U57/><E57/><V125/><F125/><N who="3" m="48203" /><G68/><T113/><D113/><U116/><E116/><V39/><F51/><W54/><G111/><T19/><D19/><U71/><E71/><V2/><F2/><W106/><G54/><N who="0" m="32215" /><D66/><U112/><E112/><V72/><F72/><W10/><G106/><T70/><D70/><U95/><E0/><V4/><F17/><W6/><G9/><T100/><D90/><U85/><E89/><V18/><F18/><W92/><G92/><T86/><D86/><U46/><E80/><V67/><F67/><W135/><G135/><T61/><D61/><U126/><E126/><V29/><F29/><W40/><G40/><T20/><D20/><U56/><E7/><V11/><F11/><W99/><G99/><T63/><D63/><U53/><E23/><V45/><F98/><W16/><G16/><T91/><D91/><U119/><E119/><V114/><F114/><W25/><G25/><AGARI ba="0,0" hai="25,31,34,96,100,102,103,107" m="32215,49706" machi="25" ten="30,1500,0" yaku="19,1" doraHai="69" who="0" fromWho="3" sc="250,15,250,0,250,0,250,-15" /><INIT seed="0,1,0,1,3,18" ten="265,250,250,235" oya="0" hai0="85,6,78,26,57,83,109,122,35,30,93,102,53" hai1="108,17,33,71,134,41,63,91,15,112,20,58,13" hai2="81,68,94,16,43,49,25,46,2,65,89,12,115" hai3="0,88,56,126,70,22,82,86,44,128,61,1,79"/><T40/><D122/><U110/><E33/><V99/><F115/><W42/><G126/><T29/><D109/><N who="1" m="42091" /><E134/><V121/><F121/><W37/><G128/><T101/><D6/><U21/><E112/><V95/><F2/><W100/><G100/><T130/><D130/><U51/><E71/><V72/><F25/><W120/><G120/><T39/><D30/><U98/><E41/><V5/><F5/><W52/><G70/><T135/><D135/><U116/><E51/><V119/><F119/><W114/><G114/><T36/><D40/><U38/><E38/><V3/><F3/><W90/><G0/><T59/><D59/><U96/><E116/><V8/><F95/><W23/><REACH who="3" step="1"/><G1/><REACH who="3" ten="265,250,250,225" step="2"/><T125/><D125/><U111/><E111/><V97/><F68/><W64/><G64/><T7/><D102/><U24/><E91/><AGARI ba="1,1" hai="22,23,37,42,44,52,56,61,79,82,86,88,90,91" machi="91" ten="40,8000,1" yaku="1,1,52,2,54,2,53,0" doraHai="18" doraHaiUra="60" who="3" fromWho="1" sc="265,0,250,-83,250,0,225,93" /><INIT seed="1,0,0,4,3,90" ten="265,167,250,318" oya="1" hai0="31,4,77,131,85,120,75,30,24,72,88,55,58" hai1="97,130,60,56,46,16,74,14,6,37,111,65,100" hai2="23,113,34,35,63,91,116,17,12,115,108,26,89" hai3="124,128,59,70,114,42,48,93,0,3,117,9,80"/><U8/><E74/><V123/><F116/><W106/><G114/><N who="2" m="43529" /><F123/><W79/><G106/><T82/><D131/><U18/><E130/><V119/><F119/><W39/><G70/><T110/><D110/><U15/><E111/><V87/><F108/><W118/><G128/><T50/><D120/><U51/><E14/><V98/><F63/><W76/><G76/><T66/><D4/><U5/><E37/><V47/><F47/><W105/><G59/><T43/><D43/><U7/><E5/><V36/><F36/><W32/><G48/><T25/><D66/><U53/><REACH who="1" step="1"/><E6/><REACH who="1" ten="265,157,250,318" step="2"/><V68/><F12/><W1/><G118/><T126/><D126/><U78/><E78/><V95/><F68/><W107/><G124/><T13/><D13/><U27/><E27/><V94/><AGARI ba="0,1" hai="17,23,26,34,35,87,89,91,94,95,98" m="43529" machi="94" ten="30,4000,0" yaku="11,1,52,2" doraHai="90" who="2" fromWho="2" sc="265,-10,157,-20,250,50,318,-10" /><INIT seed="2,0,0,4,5,57" ten="255,137,300,308" oya="2" hai0="80,114,78,75,17,133,73,4,93,36,38,99,68" hai1="72,11,51,115,125,27,116,92,22,59,3,14,20" hai2="41,15,105,132,117,88,10,127,63,49,100,110,12" hai3="23,131,21,113,111,67,130,77,34,85,18,64,25"/><V0/><F117/><W106/><G106/><T33/><D114/><U124/><E72/><V6/><F127/><N who="1" m="48713" /><E92/><V107/><F132/><W26/><G113/><T45/><D133/><U112/><E51/><V128/><F128/><N who="3" m="49195" /><G34/><T122/><D122/><U118/><E59/><V87/><F110/><W103/><G103/><T13/><D68/><U70/><E3/><V76/><F76/><W91/><G77/><T74/><D45/><U71/><E71/><V121/><F121/><W5/><G5/><T119/><D4/><N who="1" m="3431" /><E70/><V101/><F107/><W134/><G111/><T24/><D119/><N who="1" m="45611" /><E20/><V16/><F0/><W42/><G42/><T66/><D38/><U2/><E2/><V82/><F105/><W104/><G104/><T29/><D36/><U98/><E98/><V79/><F79/><W39/><G39/><T81/><D66/><U52/><E52/><V28/><F28/><AGARI ba="0,0" hai="22,27,28,112,115" m="45611,3431,48713" machi="28" ten="30,3900,0" yaku="18,1,34,2" doraHai="57" who="1" fromWho="2" sc="255,0,137,39,300,-39,308,0" /><INIT seed="3,0,0,0,4,91" ten="255,176,261,308" oya="3" hai0="103,89,11,50,107,24,71,40,104,81,112,87,19" hai1="37,49,43,88,48,69,6,27,122,23,60,131,2" hai2="126,118,7,52,33,114,64,116,84,77,14,36,101" hai3="18,28,46,75,56,117,130,12,3,80,45,30,90"/><W72/><G117/><T21/><D112/><U67/><E122/><V133/><F114/><W47/><G130/><T129/><D129/><U51/><E131/><V79/><F36/><W65/><G3/><T108/><D108/><U44/><E6/><V106/><F33/><W61/><G72/><T16/><D71/><U42/><E2/><V5/><F64/><W78/><REACH who="3" step="1"/><G90/><REACH who="3" ten="255,176,261,298" step="2"/><T4/><D103/><U83/><E43/><V10/><F101/><W95/><G95/><T76/><D89/><U9/><E9/><AGARI ba="0,1" hai="9,12,18,28,30,45,46,47,56,61,65,75,78,80" machi="9" ten="40,2000,0" yaku="1,1,53,0" doraHai="91" doraHaiUra="109" who="3" fromWho="1" sc="255,0,176,-20,261,0,298,30" owari="255,-14.5,156,-34.4,261,6.1,328,42.8" /></mjloggm>