<mjloggm ver="2.3"><GO type="225" lobby="0"/><UN n0="%E3%81%BF%E3%81%BF%E3%81%9A" n1="%E3%83%B4%E3%82%A3%E3%83%AF%E3%82%B3%E3%82%B0%E3%83%8B" n2="%6E%69%63%6F%6E%74%6F" n3="%E3%81%82%E3%81%99%E3%81%AB%E3%82%83%E3%82%80" dan="16,16,17,16" rate="2126.02,2140.18,2131.34,2126.46" sx="M,M,M,F"/><TAIKYOKU oya="0"/><INIT seed="0,0,0,4,0,65" ten="250,250,250,250" oya="0" hai0="30,85,115,40,62,69,101,77,129,131,44,127,91" hai1="22,21,13,70,47,103,4,120,49,11,34,7,118" hai2="39,109,86,50,93,96,46,104,111,108,90,3,83" hai3="24,52,92,41,82,10,106,43,25,135,33,72,76"/><T18/><D115/><U42/><E118/><V31/><F3/><W61/><G106/><T32/><D127/><U102/><E34/><V105/><F31/><W75/><G75/><T12/><D101/><N who="1" m="38411" /><E70/><V94/><F39/><W126/><G126/><T51/><D77/><U66/><E120/><V73/><F50/><W63/><G135/><T15/><D30/><U88/><E66/><V119/><F46/><W100/><G33/><T67/><D32/><U56/><E56/><V78/><F119/><W26/><G10/><T55/><D55/><U23/><E88/><AGARI ba="0,0" hai="73,78,83,86,88,90,93,94,96,104,105,108,109,111" machi="88" ten="40,8000,1" yaku="14,1,34,3,54,1" doraHai="65" who="2" fromWho="1" sc="250,0,250,-80,250,80,250,0" /><INIT seed="1,0,0,3,5,18" ten="250,170,330,250" oya="1" hai0="25,1,31,49,89,120,12,14,73,15,7,26,67" hai1="131,126,75,37,106,100,113,52,90,6,0,48,55" hai2="32,27,41,43,60,104,119,69,40,123,98,129,127" hai3="23,58,65,53,135,125,4,10,19,130,116,83,117"/><U99/><E126/><V59/><F119/><N who="3" m="45643" /><G125/><T88/><D73/><U13/><E37/><V45/><F123/><W68/><G135/><T57/><D120/><U81/><E113/><V29/><F129/><W78/><G130/><T109/><D109/><U118/><E118/><V108/><F108/><W97/><G97/><T21/><D1/><U54/><E131/><V70/><F127/><W94/><G94/><T115/><D7/><U101/><E0/><V36/><F70/><W17/><G65/><T80/><D115/><U35/><E35/><V93/><F104/><W38/><G68/><T74/><D26/><U24/><E101/><V34/><F69/><W114/><G38/><T79/><REACH who="0" step="1"/><D49/><REACH who="0" ten="240,170,330,250" step="2"/><U39/><E39/><V66/><F34/><W47/><G114/><T71/><D71/><U121/><E121/><V86/><F86/><W84/><G4/><T16/><D16/><U44/><E24/><V22/><F32/><W82/><G19/><T96/><D96/><U46/><E48/><V76/><F76/><W3/><G84/><T62/><AGARI ba="0,1" hai="12,14,15,21,25,31,57,62,67,74,79,80,88,89" machi="62" ten="30,7900,0" yaku="1,1,0,1,52,1,54,1,53,0" doraHai="18" doraHaiUra="102" who="0" fromWho="0" sc="240,89,170,-39,330,-20,250,-20" /><INIT seed="2,0,0,1,3,135" ten="329,131,310,230" oya="2" hai0="89,107,32,2,19,50,56,134,100,23,43,65,104" hai1="28,70,6,8,108,126,62,93,90,99,124,15,44" hai2="12,114,45,34,14,78,123,42,125,116,109,129,75" hai3="4,48,36,49,46,63,11,18,51,29,83,111,5"/><V119/><F34/><W22/><G111/><T60/><D32/><U38/><E28/><V96/><F123/><W81/><G29/><T127/><D134/><U39/><E108/><V72/><F114/><W21/><G36/><T17/><D2/><U9/><E44/><V130/><F109/><W110/><G110/><T58/><D100/><U95/><E62/><V54/><F96/><W80/><G63/><T120/><D120/><U88/><E70/><V131/><F54/><W103/><G103/><T133/><D133/><U115/><E115/><V13/><F125/><N who="1" m="48233" /><E8/><V76/><F42/><W128/><G128/><T24/><D127/><U101/><E101/><V85/><F85/><AGARI ba="0,0" hai="6,9,15,38,39,85,88,90,93,95,99" m="48233" machi="85" ten="30,8000,1" yaku="18,1,52,3,54,1" doraHai="135" who="1" fromWho="2" sc="329,0,131,80,310,-80,230,0" /><INIT seed="3,0,0,1,1,57" ten="329,211,230,230" oya="3" hai0="119,130,66,88,28,8,80,49,110,9,13,129,38" hai1="95,23,74,87,48,12,62,115,20,93,114,76,32" hai2="35,33,116,72,41,2,29,26,107,39,7,17,103" hai3="24,126,15,117,60,120,133,27,75,78,67,132,54"/><W121/><G117/><T85/><D38/><U53/><E32/><N who="2" m="20535" /><F17/><W71/><G126/><T86/><D110/><U0/><E0/><V70/><F116/><W100/><G100/><T83/><D119/><U105/><E105/><V69/><F41/><W10/><G54/><T123/><D123/><U3/><E3/><V111/><F72/><W125/><G125/><T104/><D104/><U101/><E74/><V124/><F39/><W112/><G112/><T50/><D28/><U45/><E114/><V42/><F42/><W58/><G71/><N who="2" m="27145" /><F111/><W14/><G14/><T44/><D66/><U94/><E115/><V73/><F73/><W84/><G75/><T46/><D88/><N who="1" m="53407" /><E76/><V43/><F43/><W98/><G98/><T22/><D22/><N who="1" m="8235" /><E101/><V135/><F124/><W31/><G121/><T106/><D106/><U99/><E99/><N who="2" m="61951" /><F135/><N who="3" m="51787" /><G120/><T92/><D13/><U34/><E34/><V37/><F37/><W128/><G31/><T113/><D113/><U4/><E62/><V65/><F65/><W55/><G67/><T81/><D81/><U19/><E19/><V51/><F51/><W40/><G40/><T36/><D36/><U108/><E108/><V68/><F68/><W6/><G128/><T21/><D21/><U11/><AGARI ba="0,0" hai="4,11,12,45,48,53,94,95" m="8235,53407" machi="11" ten="30,2000,0" yaku="8,1,54,1" doraHai="57" who="1" fromWho="1" sc="329,-5,211,20,230,-5,230,-10" owari="324,42.4,231,3.1,225,-17.5,220,-28.0" /></mjloggm>