<mjloggm ver="2.3"><GO type="225" lobby="0"/><UN n0="%72%69%6F%75%63%68%61%6E" n1="%6D%75%75%73%61%6E%6D%75" n2="%E3%81%BF%E3%81%BF%E3%81%9A" n3="%E9%B3%B3%E6%9D%B1%E3%81%AE%E3%81%86%E3%81%95%E3%81%8E%E3%81%95%E3%82%93" dan="16,16,17,17" rate="2169.64,2103.56,2272.30,2257.90" sx="M,F,M,M"/><TAIKYOKU oya="0"/><INIT seed="0,0,0,0,3,128" ten="250,250,250,250" oya="0" hai0="54,68,72,98,102,88,32,123,124,92,26,131,110" hai1="63,38,50,106,65,96,95,99,134,37,132,9,87" hai2="107,49,82,56,117,45,20,17,48,53,60,52,127" hai3="0,85,7,73,61,11,125,30,97,58,5,2,24"/><T103/><D123/><U31/><E106/><V3/><F127/><W43/><G73/><T25/><D131/><U121/><E121/><V113/><F113/><W71/><G125/><T119/><D119/><U33/><E33/><V57/><F117/><W129/><G129/><T114/><D114/><U12/><E31/><V62/><F3/><W29/><G71/><T90/><D124/><U130/><E87/><V23/><F107/><W76/><G43/><T69/><D72/><U104/><E99/><V70/><F82/><W64/><G97/><T89/><D110/><U101/><E130/><V135/><F135/><N who="1" m="51753" /><E50/><V44/><F70/><W22/><G29/><T86/><D68/><N who="1" m="42047" /><E104/><V126/><F126/><W16/><G30/><T41/><D69/><U4/><AGARI ba="0,0" hai="4,9,12,37,38,95,96,101" m="42047,51753" machi="4" ten="30,7900,0" yaku="20,1,52,3" doraHai="128" who="1" fromWho="1" sc="250,-39,250,79,250,-20,250,-20" /><INIT seed="1,0,0,0,5,59" ten="211,329,230,230" oya="1" hai0="39,66,112,71,19,23,9,46,100,38,15,75,95" hai1="82,21,130,6,41,108,36,22,12,104,83,35,88" hai2="62,29,107,91,135,121,105,96,118,78,84,14,10" hai3="76,110,30,11,18,99,119,13,132,126,52,20,16"/><U111/><E104/><V73/><F118/><W120/><G120/><T72/><D112/><U125/><E35/><V0/><F121/><W134/><G119/><T54/><D38/><U7/><E130/><V116/><F116/><W28/><G76/><T77/><D77/><U24/><E125/><V123/><F123/><W115/><G115/><T113/><D113/><U2/><E2/><V98/><F0/><W49/><G99/><N who="0" m="59519" /><D71/><U25/><E41/><V8/><F29/><W103/><G103/><T124/><D39/><U3/><E3/><V128/><F128/><W55/><G126/><T17/><D75/><U131/><E36/><V81/><F135/><N who="3" m="51755" /><G55/><T114/><D72/><U129/><E12/><V53/><F105/><W90/><G90/><AGARI ba="0,0" hai="6,7,21,22,24,25,82,83,88,90,108,111,129,131" machi="90" ten="25,4800,0" yaku="22,2,54,1" doraHai="59" who="1" fromWho="3" sc="211,0,329,48,230,0,230,-48" /><INIT seed="1,1,0,4,2,17" ten="211,377,230,182" oya="1" hai0="19,113,77,115,112,31,20,9,134,111,7,60,108" hai1="8,22,73,32,87,117,74,71,59,40,103,68,47" hai2="25,80,62,55,128,95,5,123,110,57,69,119,6" hai3="131,132,92,36,11,97,85,120,21,135,124,34,88"/><U42/><E117/><V18/><F119/><W125/><G34/><T86/><D60/><U133/><E32/><V50/><F123/><W4/><G36/><T78/><D86/><U44/><E133/><N who="3" m="51274" /><G120/><T1/><D31/><U104/><E8/><V81/><F110/><N who="0" m="42026" /><D134/><U109/><E109/><V27/><F128/><W129/><G21/><T107/><D107/><U106/><E59/><V30/><F95/><N who="3" m="54671" /><G11/><T76/><D77/><U13/><E87/><V14/><F69/><W51/><G51/><T15/><AGARI ba="1,0" hai="1,7,9,15,19,20,76,78,112,113,115" m="42026" machi="15" ten="40,2700,0" yaku="14,1,52,1" doraHai="17" who="0" fromWho="0" sc="211,30,377,-14,230,-8,182,-8" /><INIT seed="2,0,0,4,1,48" ten="241,363,222,174" oya="2" hai0="117,6,11,12,131,118,98,82,33,17,124,96,10" hai1="134,1,67,130,74,50,133,29,66,80,77,91,128" hai2="61,119,43,97,87,92,0,36,63,107,20,8,40" hai3="114,62,115,72,37,99,4,53,73,25,70,54,39"/><V84/><F119/><N who="0" m="45578" /><D33/><U27/><E1/><V24/><F0/><W103/><G4/><T94/><D124/><U28/><E91/><V106/><F8/><W23/><G72/><T19/><D131/><N who="1" m="50219" /><E50/><V85/><F107/><W122/><G73/><T21/><D82/><U3/><E3/><V18/><F106/><W42/><G122/><T95/><D17/><U22/><E29/><V7/><F7/><W26/><G70/><T46/><D46/><U88/><E88/><N who="2" m="55431" /><F36/><N who="3" m="13899" /><G62/><AGARI ba="0,0" hai="18,20,24,40,43,61,62,63,84,85,87" m="55431" machi="62" ten="30,2900,0" yaku="8,1,54,1" doraHai="48" who="2" fromWho="3" sc="241,0,363,0,222,29,174,-29" /><INIT seed="2,1,0,4,5,132" ten="241,363,251,145" oya="2" hai0="63,11,34,64,30,7,67,110,61,95,36,112,98" hai1="43,108,10,14,54,77,15,107,68,109,40,94,111" hai2="75,6,5,32,73,83,35,131,124,117,128,87,100" hai3="22,106,126,41,59,76,51,91,52,58,2,118,97"/><V116/><F100/><W102/><G118/><N who="2" m="45673" /><F83/><W101/><G2/><T99/><D110/><U45/><E107/><V133/><F87/><W72/><G101/><T125/><D125/><U29/><E77/><V127/><F133/><W4/><G4/><N who="2" m="1641" /><F32/><W114/><G41/><N who="1" m="15946" /><E68/><V130/><F35/><W89/><G89/><T0/><D112/><U84/><E29/><V42/><F42/><W25/><G114/><T90/><D36/><U24/><E24/><V50/><F50/><W103/><G103/><T78/><D78/><U37/><E10/><V47/><F47/><W121/><G76/><T79/><D79/><U17/><E37/><V1/><F1/><W120/><G72/><AGARI ba="1,0" hai="72,73,75,124,127,128,130,131" m="1641,45673" machi="72" ten="40,12000,1" yaku="28,2,19,1,52,2" doraHai="132" who="2" fromWho="3" sc="241,0,363,0,251,123,145,-123" /><INIT seed="2,2,0,4,1,121" ten="241,363,374,22" oya="2" hai0="86,9,104,81,5,25,38,66,116,32,69,57,31" hai1="79,43,1,112,46,51,95,37,64,19,17,62,126" hai2="40,4,28,0,26,42,29,108,49,3,27,89,123" hai3="131,135,113,71,103,13,21,106,94,85,128,30,107"/><V73/><F123/><W48/><G71/><T16/><D38/><U22/><E112/><V72/><F49/><W44/><G113/><T77/><D116/><U132/><E1/><V74/><F4/><W2/><G2/><N who="2" m="553" /><F89/><N who="3" m="53551" /><G103/><T134/><D134/><U84/><E132/><V11/><F11/><W39/><G39/><T117/><D117/><U41/><E37/><V83/><F83/><W90/><G90/><T100/><D57/><N who="1" m="36943" /><E126/><V125/><F125/><W82/><G82/><T80/><D5/><U91/><E79/><V56/><F56/><W130/><G135/><T52/><D52/><N who="1" m="29815" /><E19/><V10/><F10/><W118/><G118/><T35/><D32/><U68/><E68/><V47/><F47/><W78/><G78/><T124/><D124/><U8/><E8/><V122/><F122/><W20/><G30/><N who="2" m="11881" /><F108/><W98/><G98/><N who="0" m="61463" /><D77/><U18/><E18/><V88/><F88/><W23/><G13/><AGARI ba="2,0" hai="13,17,22,41,43,84,91,95" m="29815,36943" machi="13" ten="30,2000,0" yaku="8,1,54,1" doraHai="121" who="1" fromWho="3" sc="241,0,363,26,374,0,22,-26" owari="241,-15.9,389,48.9,374,17.4,-4,-50.4" /></mjloggm>