<mjloggm ver="2.3"><GO type="225" lobby="0"/><UN n0="%6D%75%75%6D%75%72%61" n1="%E5%B8%86%E7%AB%8B%E5%A4%8F%E8%A1%A3" n2="%E6%A1%9C%E8%8A%B1%E9%96%83%E3%80%85" n3="%E3%81%8F%E3%82%8A%E3%83%94%E3%83%BC" dan="16,16,18,16" rate="2125.71,2067.28,2284.80,2085.16" sx="F,M,M,M"/><TAIKYOKU oya="0"/><INIT seed="0,0,0,4,2,52" ten="250,250,250,250" oya="0" hai0="92,75,107,33,113,84,98,132,88,96,19,34,90" hai1="5,134,8,49,93,53,15,103,119,112,115,21,58" hai2="14,128,109,41,60,110,135,83,64,123,25,65,105" hai3="129,99,13,42,74,43,30,6,116,35,20,89,114"/><T91/><D113/><N who="1" m="43595" /><E119/><V0/><F0/><W2/><G74/><T125/><D125/><U71/><E71/><V40/><F105/><W39/><G114/><T54/><D132/><U44/><E134/><V118/><F135/><W108/><G116/><T102/><D75/><U1/><E103/><V50/><F123/><W106/><G39/><T61/><D19/><N who="1" m="10495" /><E93/><V28/><F118/><W46/><G46/><AGARI ba="0,0" hai="1,5,8,44,46,49,53,58" m="10495,43595" machi="46" ten="30,2000,0" yaku="11,1,52,1" doraHai="52" who="1" fromWho="3" sc="250,0,250,20,250,0,250,-20" /><INIT seed="1,0,0,3,3,65" ten="250,270,250,230" oya="1" hai0="70,125,78,79,114,115,90,132,127,44,8,23,135" hai1="75,0,59,36,14,108,105,41,119,62,103,31,42" hai2="120,12,101,74,128,51,126,73,77,111,107,53,21" hai3="54,30,92,15,118,95,50,13,11,69,46,5,81"/><U85/><E119/><V58/><F120/><W106/><G106/><T19/><D8/><U134/><E75/><V49/><F111/><W6/><G118/><T76/><D44/><U57/><E0/><V100/><F126/><N who="0" m="48138" /><D19/><U130/><E130/><V60/><F128/><W3/><G3/><T61/><D23/><U66/><E134/><N who="0" m="51241" /><D90/><U133/><E133/><V7/><F7/><W33/><G33/><T37/><D37/><U35/><E108/><V24/><F12/><W99/><G30/><T32/><D32/><U1/><E1/><V34/><F21/><W97/><G15/><T91/><D91/><U68/><E14/><V82/><F24/><W4/><G13/><T84/><D84/><U47/><E85/><V110/><F73/><W93/><G11/><T72/><D72/><U10/><E42/><V129/><F74/><W29/><G29/><T39/><D39/><U122/><E122/><V17/><F17/><W56/><G46/><T102/><D102/><U94/><E10/><V9/><F101/><W43/><G43/><T40/><D40/><U64/><E31/><V83/><F100/><W117/><G117/><T48/><D48/><U55/><E35/><V45/><F51/><W27/><G27/><T20/><D20/><U25/><E25/><V87/><F49/><W121/><G121/><T89/><D89/><U124/><E124/><V22/><F34/><W123/><G123/><T131/><D131/><U98/><E105/><V112/><F129/><W16/><G4/><T86/><D86/><U63/><E55/><V52/><F107/><W109/><G54/><RYUUKYOKU ba="0,0" sc="250,15,270,15,250,-15,230,-15" hai0="61,70,76,78,79,114,115" hai1="36,41,47,57,59,62,63,64,66,68,94,98,103" /><INIT seed="1,1,0,0,1,0" ten="265,285,235,215" oya="1" hai0="59,14,68,83,22,101,80,120,109,131,41,85,118" hai1="97,24,3,98,108,25,89,26,7,13,82,47,48" hai2="110,33,69,61,114,36,87,76,42,46,75,10,54" hai3="38,12,31,113,103,11,133,65,1,16,66,63,52"/><U111/><E3/><V128/><F110/><N who="1" m="42025" /><E89/><V72/><F33/><W117/><G113/><T23/><D68/><U15/><E82/><V4/><F128/><W67/><G38/><T124/><D109/><U116/><E116/><V119/><F114/><W28/><G133/><T37/><D118/><U58/><E58/><V96/><F96/><N who="1" m="36969" /><E7/><V90/><F76/><W132/><G132/><T34/><D59/><U79/><E79/><V60/><F119/><W73/><G73/><T29/><D83/><U70/><E70/><V62/><F69/><W125/><G117/><T100/><D80/><U115/><E115/><V105/><F72/><W95/><G1/><T21/><D131/><U20/><E20/><V35/><F75/><W122/><G122/><T27/><D22/><U18/><E18/><V126/><F4/><W99/><G125/><T40/><D23/><U88/><E88/><V104/><F90/><W84/><G84/><T93/><D21/><U74/><E74/><V30/><F87/><W77/><G77/><T50/><D85/><U130/><E130/><V43/><F126/><W135/><G135/><T107/><D124/><U112/><E112/><V57/><F57/><AGARI ba="1,0" hai="11,12,16,28,31,52,57,63,65,66,67,95,99,103" machi="57" ten="40,5200,0" yaku="8,1,54,2" doraHai="0" who="3" fromWho="2" sc="265,0,285,0,235,-55,215,55" /><INIT seed="2,0,0,1,4,47" ten="265,285,180,270" oya="2" hai0="118,121,79,105,52,65,36,2,18,17,30,15,124" hai1="107,99,88,82,100,71,95,115,27,97,68,53,117" hai2="56,50,134,22,6,29,125,80,135,69,11,55,40" hai3="83,59,48,34,0,16,122,84,31,128,57,4,110"/><V39/><F125/><W112/><G122/><T108/><D2/><U132/><E117/><V127/><F127/><W104/><G104/><T9/><D124/><U64/><E115/><V38/><F69/><W3/><G110/><T129/><D121/><U109/><E109/><V96/><F96/><W60/><G4/><T93/><D105/><U72/><E132/><N who="2" m="50731" /><F80/><W70/><G128/><T35/><D108/><U92/><E64/><V90/><F90/><W19/><G70/><T113/><D36/><U32/><E53/><V24/><F40/><W102/><G112/><T28/><D113/><U85/><E32/><V76/><F76/><W45/><G59/><T1/><D1/><AGARI ba="0,0" hai="1,6,11,22,24,29,38,39,50,55,56" m="50731" machi="1" ten="30,2900,0" yaku="20,1,52,1" doraHai="47" who="2" fromWho="0" sc="265,-29,285,0,180,29,270,0" /><INIT seed="2,1,0,3,2,28" ten="236,285,209,270" oya="2" hai0="32,31,69,10,4,24,114,126,113,15,82,46,115" hai1="50,20,53,7,48,14,90,95,42,127,3,71,123" hai2="30,78,67,23,34,75,74,116,40,37,130,94,133" hai3="124,9,16,8,63,96,0,102,60,51,101,85,105"/><V72/><F116/><W88/><G124/><T21/><D69/><U117/><E123/><V135/><F23/><W11/><G0/><T131/><D126/><U91/><E117/><V122/><F122/><W66/><G102/><T107/><D107/><U100/><E71/><V121/><F121/><W17/><G51/><T47/><D131/><U73/><E73/><N who="2" m="28267" /><F94/><W64/><G63/><T108/><D108/><U87/><E127/><V54/><F54/><W39/><G39/><T98/><D82/><U27/><E3/><V56/><F56/><W61/><G61/><T86/><D86/><U118/><E118/><V44/><F67/><W36/><G36/><T58/><D98/><U70/><E70/><V2/><F130/><W129/><G66/><T57/><REACH who="0" step="1"/><D21/><REACH who="0" ten="226,285,209,270" step="2"/><U1/><E20/><V45/><F2/><W68/><REACH who="3" step="1"/><G129/><REACH who="3" ten="226,285,209,260" step="2"/><T13/><D13/><U109/><E14/><V120/><F120/><W18/><G18/><T43/><D43/><U76/><E42/><V111/><F111/><W110/><G110/><T55/><D55/><U77/><E53/><V6/><F40/><W35/><G35/><T59/><AGARI ba="1,2" hai="4,10,15,24,31,32,46,47,57,58,59,113,114,115" machi="59" ten="40,8000,1" yaku="1,1,0,1,52,1,53,1" doraHai="28" doraHaiUra="26" who="0" fromWho="0" sc="226,103,285,-21,209,-41,260,-21" /><INIT seed="3,0,0,2,1,78" ten="329,264,168,239" oya="3" hai0="43,37,65,131,120,121,75,133,74,15,3,96,124" hai1="109,32,51,95,31,28,53,100,135,72,128,129,116" hai2="63,34,9,52,58,2,92,101,48,24,44,115,81" hai3="13,97,42,91,113,69,46,49,82,77,19,107,73"/><W70/><G113/><T119/><D3/><U84/><E72/><V93/><F115/><W10/><G91/><T88/><D119/><U33/><E109/><V112/><F112/><W18/><REACH who="3" step="1"/><G19/><REACH who="3" ten="329,264,168,229" step="2"/><T108/><D88/><U123/><E116/><V45/><F45/><W64/><G64/><T47/><D65/><U90/><E90/><V25/><F34/><W30/><G30/><T26/><D47/><U60/><E33/><V118/><F118/><W89/><G89/><T114/><D114/><U99/><E32/><V14/><F2/><W98/><G98/><T86/><D96/><U57/><E31/><V110/><F110/><W35/><G35/><T111/><D108/><U55/><E28/><V61/><F81/><W12/><G12/><T79/><D15/><U4/><E99/><V27/><F101/><AGARI ba="0,1" hai="10,13,18,42,46,49,69,70,73,77,82,97,101,107" machi="101" ten="40,7700,0" yaku="1,1,52,1,53,1" doraHai="78" doraHaiUra="38" who="3" fromWho="2" sc="329,0,264,0,168,-77,229,87" /><INIT seed="3,1,0,0,0,62" ten="329,264,91,316" oya="3" hai0="131,24,28,17,42,130,4,108,114,16,19,104,78" hai1="90,7,134,80,38,106,9,119,23,22,37,125,110" hai2="41,30,86,129,100,61,102,35,123,77,89,46,82" hai3="27,60,112,133,53,10,111,79,128,21,70,117,15"/><W1/><G112/><T13/><D108/><U95/><E110/><V40/><F129/><N who="0" m="49162" /><D104/><U91/><E125/><V3/><F3/><W45/><G117/><T25/><D114/><U64/><E134/><V75/><F123/><W122/><G122/><T93/><D42/><U85/><E119/><V73/><F35/><W83/><G1/><T34/><D78/><U59/><E106/><V120/><F120/><W54/><G128/><T33/><D93/><U118/><E38/><V0/><F0/><W81/><G133/><T26/><D28/><U99/><E37/><V113/><F113/><W18/><G111/><T65/><D65/><U69/><E69/><V107/><F30/><W109/><G109/><T39/><D39/><U97/><E97/><V92/><F46/><W121/><G121/><T87/><D87/><U32/><E32/><N who="0" m="12393" /><D4/><U101/><E101/><V47/><F47/><W94/><G94/><T135/><D135/><U98/><E98/><V103/><F61/><W31/><G45/><T2/><D2/><U52/><E118/><V88/><F40/><W50/><G50/><T56/><D56/><U36/><E36/><V68/><F41/><W51/><G51/><T63/><D63/><N who="1" m="36327" /><E64/><V105/><F68/><W72/><G83/><T76/><D76/><U55/><E55/><V29/><F29/><W132/><G132/><T20/><AGARI ba="1,0" hai="13,16,17,19,20,24,25,26" m="12393,49162" machi="20" ten="40,8000,1" yaku="19,1,34,2,54,1" doraHai="62" who="0" fromWho="0" sc="329,83,264,-21,91,-21,316,-41" owari="412,51.2,243,-15.7,70,-43.0,275,7.5" /></mjloggm>