<mjloggm ver="2.3"><GO type="225" lobby="0"/><UN n0="%E3%82%A2%E3%83%9E%E3%83%9D%EF%BD%9E%EF%BD%9E%E3%83%A9" n1="%74%61%6B%65%2D%79%6F%75" n2="%E3%81%82%E3%81%84%E3%81%82%E3%81%8A%E3%81%84" n3="%6D%75%75%6D%75%72%61" dan="17,16,18,16" rate="2221.61,2152.76,2224.10,2137.08" sx="M,M,M,F"/><TAIKYOKU oya="0"/><INIT seed="0,0,0,5,0,86" ten="250,250,250,250" oya="0" hai0="50,65,73,14,26,17,32,80,69,123,13,46,57" hai1="88,41,90,110,115,4,59,124,119,31,23,106,77" hai2="60,129,109,38,34,42,132,95,130,113,85,24,116" hai3="52,58,35,111,45,93,133,62,71,126,5,87,134"/><T103/><D123/><U12/><E119/><V6/><F113/><W61/><G35/><T15/><D69/><U97/><E115/><V128/><F6/><W67/><G111/><T44/><D103/><U21/><E110/><V51/><F109/><W84/><G126/><T66/><D57/><U122/><E122/><V100/><F132/><N who="3" m="50795" /><G5/><T9/><D73/><U20/><E124/><V135/><F135/><W63/><G45/><T105/><D105/><U131/><E131/><V78/><F116/><W3/><G3/><T118/><D46/><U127/><E127/><V81/><F38/><W43/><G43/><T79/><D118/><U0/><E0/><V16/><F60/><N who="3" m="35911" /><G87/><N who="0" m="48543" /><D32/><U33/><E33/><V83/><F42/><W53/><G53/><N who="0" m="29895" /><D9/><U49/><E41/><V96/><F34/><W55/><G55/><T94/><D94/><U19/><E106/><V47/><F47/><W30/><G30/><T114/><D114/><U68/><E31/><V107/><F107/><W64/><G71/><T39/><D39/><U91/><E68/><V7/><F7/><W89/><AGARI ba="0,0" hai="61,62,63,64,67,84,89,93" m="35911,50795" machi="89" ten="40,5200,0" yaku="20,1,52,1,54,1" doraHai="86" who="3" fromWho="3" sc="250,-26,250,-13,250,-13,250,52" /><INIT seed="1,0,0,4,2,53" ten="224,237,237,302" oya="1" hai0="8,83,23,46,76,28,80,93,49,114,71,102,38" hai1="128,103,88,108,70,104,98,4,111,79,116,12,69" hai2="112,57,21,131,84,60,42,96,26,94,11,67,25" hai3="40,44,117,66,39,100,41,24,27,74,5,78,35"/><U16/><E116/><V14/><F131/><W115/><G115/><T133/><D114/><U99/><E4/><V19/><F112/><W36/><G117/><T63/><D38/><U107/><E128/><V105/><F42/><W113/><G113/><T92/><D133/><U1/><E1/><V101/><F84/><W95/><G35/><T106/><D8/><U54/><E79/><V120/><F120/><W51/><G66/><T121/><D106/><U52/><E12/><V134/><F134/><W97/><G5/><T82/><D76/><U126/><E103/><V109/><F109/><W10/><G10/><T89/><D102/><U0/><E0/><V6/><REACH who="2" step="1"/><F105/><REACH who="2" ten="224,237,227,302" step="2"/><W56/><G40/><T43/><D121/><U7/><E107/><V81/><F81/><W123/><G123/><T65/><REACH who="0" step="1"/><D89/><REACH who="0" ten="214,237,227,302" step="2"/><U72/><E88/><V77/><F77/><W22/><G78/><T118/><D118/><U125/><E104/><V59/><F59/><W13/><G56/><T122/><D122/><U62/><E111/><V64/><F64/><W45/><G36/><T110/><D110/><U18/><E108/><V30/><F30/><W31/><G39/><T55/><D55/><U29/><E29/><V91/><F91/><W119/><G31/><T47/><D47/><U34/><E54/><V32/><F32/><W20/><G119/><T9/><D9/><U132/><E34/><V75/><F75/><W33/><G74/><T86/><D86/><U61/><E72/><V58/><F58/><W3/><G33/><T48/><D48/><U73/><E52/><V37/><F37/><RYUUKYOKU ba="0,2" sc="214,15,237,-15,227,15,302,-15" hai0="23,28,43,46,49,63,65,71,80,82,83,92,93" hai2="6,11,14,19,21,25,26,57,60,67,94,96,101" /><INIT seed="2,1,2,1,3,84" ten="229,222,242,287" oya="2" hai0="131,14,133,65,35,94,95,91,113,57,82,128,126" hai1="41,36,80,96,47,21,115,51,32,108,125,92,101" hai2="46,38,90,68,116,58,2,85,40,64,20,75,10" hai3="7,12,99,117,102,71,78,28,135,5,48,11,74"/><V60/><F75/><W13/><G117/><T4/><D35/><U134/><E115/><V121/><F116/><W15/><G71/><T0/><D0/><U18/><E108/><V42/><F121/><W49/><G135/><T39/><D39/><U105/><E134/><V129/><F129/><N who="0" m="49738" /><D126/><U107/><E125/><V118/><F118/><W69/><G69/><T73/><D73/><U1/><E32/><V81/><F42/><W31/><G74/><T132/><D113/><U109/><E109/><V98/><F20/><W54/><G78/><T106/><D82/><U61/><E1/><V77/><F68/><W55/><G102/><T59/><D95/><U72/><E36/><V53/><F64/><W97/><G13/><T114/><D106/><U43/><E43/><V76/><REACH who="2" step="1"/><F98/><REACH who="2" ten="229,222,232,287" step="2"/><W50/><G97/><N who="0" m="57567" /><D114/><U89/><E72/><V103/><F103/><W66/><G99/><T8/><D65/><U63/><E101/><V112/><F112/><W104/><G66/><T88/><D133/><U124/><E124/><V123/><F123/><W9/><G104/><T26/><D132/><U70/><E70/><V3/><F3/><W67/><G67/><T16/><D88/><N who="1" m="55303" /><E105/><V119/><F119/><W6/><G54/><T17/><D26/><N who="1" m="14647" /><E107/><V34/><F34/><W25/><G55/><T93/><D93/><U23/><E23/><V29/><F29/><W86/><G25/><T22/><D22/><U111/><E111/><V33/><F33/><W122/><G122/><T37/><D37/><U130/><E130/><V30/><F30/><N who="3" m="11307" /><G86/><AGARI ba="1,3" hai="41,47,51,61,63,80,86,89" m="14647,55303" machi="86" ten="30,7700,0" yaku="8,1,52,2,54,1" doraHai="84" who="1" fromWho="3" sc="229,0,222,110,232,0,287,-80" /><INIT seed="3,0,0,2,4,100" ten="229,332,232,207" oya="3" hai0="121,135,22,34,106,117,96,129,10,107,28,11,33" hai1="104,27,47,65,133,46,0,69,15,120,45,35,118" hai2="63,4,7,67,29,105,114,94,42,98,90,76,19" hai3="61,68,119,73,103,81,66,18,132,130,59,26,6"/><W64/><G119/><T43/><D121/><U124/><E120/><V92/><F114/><W20/><G130/><T95/><D117/><U50/><E118/><V39/><F105/><W48/><G132/><T131/><D43/><U37/><E0/><V13/><F29/><W57/><G6/><T44/><D44/><U32/><E133/><V134/><F134/><W56/><G103/><N who="0" m="60831" /><D22/><U62/><E124/><V83/><F94/><W115/><G115/><T70/><D70/><U128/><E128/><N who="0" m="49225" /><D135/><U112/><E45/><V72/><F42/><W84/><G64/><T111/><D111/><U71/><E47/><V101/><F39/><W9/><G9/><N who="0" m="3083" /><D28/><U60/><E46/><V2/><F2/><W109/><G109/><T58/><D58/><U55/><E69/><V86/><F72/><W17/><G73/><T93/><D93/><U75/><E71/><V54/><F67/><W53/><REACH who="3" step="1"/><G18/><REACH who="3" ten="229,332,232,197" step="2"/><T16/><D16/><U79/><E75/><V25/><F19/><W14/><G14/><T38/><D38/><U91/><E15/><V89/><F13/><W80/><G80/><T127/><D127/><U125/><E37/><V24/><F4/><W8/><G8/><T82/><D82/><U51/><E125/><V110/><F7/><W52/><G52/><T74/><D74/><U30/><E55/><V99/><F110/><W77/><AGARI ba="0,1" hai="17,20,26,48,53,56,57,59,61,66,68,77,81,84" machi="77" ten="20,3900,0" yaku="1,1,0,1,7,1,53,0" doraHai="100" doraHaiUra="87" who="3" fromWho="3" sc="229,-13,332,-13,232,-13,197,49" /><INIT seed="3,1,0,3,1,101" ten="216,319,219,246" oya="3" hai0="103,23,94,84,28,78,47,67,93,96,119,105,54" hai1="42,0,71,131,44,135,130,127,6,19,34,65,66" hai2="4,121,122,33,8,41,53,39,48,45,70,37,3" hai3="112,38,120,83,76,9,15,32,102,86,61,110,75"/><W57/><G112/><T60/><D119/><U69/><E34/><V88/><F33/><W31/><G120/><N who="2" m="46185" /><F70/><N who="1" m="26633" /><E19/><V50/><F88/><W92/><G38/><T13/><D67/><N who="1" m="25611" /><E6/><V56/><AGARI ba="1,0" hai="3,4,8,37,39,41,45,48,50,53,56" m="46185" machi="56" ten="30,1100,0" yaku="13,1" doraHai="101" who="2" fromWho="2" sc="216,-4,319,-4,219,14,246,-6" owari="212,-28.8,315,41.5,233,-16.7,240,4.0" /></mjloggm>