<mjloggm ver="2.3"><GO type="225" lobby="0"/><UN n0="%E3%83%97%E3%83%AC%E3%83%B4%E3%82%A1%E3%83%86%E3%82%A3" n1="%E3%81%A8%E3%82%93%E3%81%A8%E3%81%93%E3%81%A8%E3%82%93" n2="%E3%82%BC%E3%83%AB%E3%83%80%E3%81%AE%E4%BC%9D%E8%AA%AC" n3="%E3%81%B2%E3%81%AA%E3%81%AE%E3%82%8A%E3%81%8F" dan="16,16,17,17" rate="2114.20,2123.81,2172.36,2137.70" sx="F,F,M,M"/><TAIKYOKU oya="0"/><INIT seed="0,0,0,0,0,90" ten="250,250,250,250" oya="0" hai0="77,43,27,103,79,135,130,78,26,88,101,17,119" hai1="8,19,36,53,123,121,18,100,107,74,81,84,124" hai2="58,86,68,133,7,39,49,92,1,91,85,97,3" hai3="33,16,80,70,83,132,25,89,99,64,45,67,29"/><T95/><D43/><U11/><E74/><V104/><F68/><W35/><G132/><T6/><D119/><U73/><E36/><V115/><F39/><W96/><G35/><T28/><D135/><U5/><E73/><V0/><F133/><W12/><G45/><T15/><D130/><U110/><E110/><V105/><F115/><W34/><G34/><T129/><D129/><U125/><E53/><V4/><F49/><W2/><G2/><T134/><D6/><U24/><E100/><N who="0" m="38473" /><D28/><U21/><E107/><V10/><F58/><W71/><G71/><T87/><D134/><U61/><E61/><V128/><F128/><W122/><G122/><T23/><AGARI ba="0,0" hai="15,17,23,26,27,77,78,79,87,88,95" m="38473" machi="23" ten="30,6000,0" yaku="8,1,52,1,54,1" doraHai="90" who="0" fromWho="0" sc="250,60,250,-20,250,-20,250,-20" /><INIT seed="0,1,0,4,2,8" ten="310,230,230,230" oya="0" hai0="69,79,133,115,17,96,130,132,57,51,14,65,125" hai1="121,119,84,135,6,89,99,23,118,61,73,116,113" hai2="33,24,102,52,104,114,56,129,111,100,62,81,131" hai3="126,40,106,22,117,15,38,75,27,45,92,109,5"/><T72/><D115/><U78/><E121/><V71/><F114/><W30/><G106/><T42/><D125/><U67/><E113/><V48/><F111/><W21/><G109/><T60/><D130/><N who="2" m="49674" /><F104/><W29/><G117/><T128/><D128/><U98/><E6/><V63/><F81/><W120/><G120/><T87/><D72/><U0/><E0/><V49/><F49/><W86/><G75/><T66/><D96/><U37/><E37/><V19/><F19/><W64/><G64/><T122/><D122/><U90/><E135/><N who="0" m="51785" /><D79/><U34/><E78/><V36/><F36/><W85/><G126/><T95/><D87/><U83/><E73/><V54/><F71/><W59/><G59/><T35/><D95/><U91/><E34/><V43/><F43/><W47/><G47/><N who="0" m="26103" /><D35/><U2/><E116/><V134/><F134/><W9/><REACH who="3" step="1"/><G92/><REACH who="3" ten="310,230,230,220" step="2"/><T41/><D69/><U26/><E118/><V25/><F63/><W127/><G127/><T4/><D41/><U123/><E119/><V76/><F62/><W107/><G107/><T7/><D66/><U93/><E123/><V112/><F112/><W68/><G68/><T80/><D80/><U97/><E93/><V110/><F110/><W11/><G11/><AGARI ba="1,1" hai="4,7,11,14,17,57,60,65" m="26103,51785" machi="11" ten="30,2900,0" yaku="20,1,52,1" doraHai="8" who="0" fromWho="3" sc="310,42,230,0,230,0,220,-32" /><INIT seed="0,2,0,1,0,106" ten="352,230,230,188" oya="0" hai0="32,43,107,111,44,8,63,129,37,12,76,134,91" hai1="61,101,121,114,42,3,24,28,80,125,97,135,23" hai2="2,78,50,27,115,122,7,77,75,65,133,87,88" hai3="51,84,109,45,89,57,10,22,86,70,52,100,20"/><T62/><D129/><U66/><E121/><V108/><F115/><W21/><G70/><T67/><D107/><U132/><E3/><V41/><F122/><W33/><G109/><T29/><D134/><U19/><E125/><V34/><F108/><W68/><G68/><T73/><D111/><U104/><E114/><V25/><F133/><W40/><G33/><T117/><D117/><U47/><E80/><V5/><F75/><W18/><G100/><T39/><D39/><U15/><E47/><N who="2" m="25967" /><F65/><W96/><G96/><T94/><D76/><N who="2" m="29290" /><F2/><W11/><G18/><T0/><D0/><U60/><E42/><V53/><F53/><W95/><REACH who="3" step="1"/><G84/><REACH who="3" ten="352,230,230,178" step="2"/><T59/><D73/><U26/><E132/><V79/><F34/><W118/><G118/><T110/><D110/><U99/><E135/><V123/><F123/><W116/><G116/><T31/><D32/><U124/><E97/><V93/><F79/><W54/><G54/><T17/><D63/><AGARI ba="2,1" hai="10,11,20,21,22,40,45,51,52,57,63,86,89,95" machi="63" ten="40,5200,0" yaku="1,1,8,1,54,1,53,0" doraHai="106" doraHaiUra="74" who="3" fromWho="0" sc="352,-58,230,0,230,0,178,68" /><INIT seed="1,0,0,3,2,133" ten="294,230,230,246" oya="1" hai0="20,19,119,31,36,131,95,115,64,4,106,81,62" hai1="79,32,98,110,74,6,18,88,57,5,109,116,122" hai2="128,135,103,3,0,14,48,89,29,26,23,114,108" hai3="100,1,38,99,111,85,130,8,39,16,42,105,68"/><U66/><E32/><V129/><F103/><W73/><G73/><T121/><D119/><U65/><E122/><V47/><F108/><N who="1" m="41577" /><E116/><V78/><F135/><W125/><G68/><T15/><D106/><U34/><E34/><V25/><F78/><W127/><G111/><T70/><D115/><U93/><E18/><N who="2" m="10711" /><F89/><W112/><G112/><T77/><D36/><U2/><E57/><V12/><F114/><W91/><G130/><N who="2" m="50281" /><F12/><N who="3" m="7175" /><G42/><T10/><D131/><U101/><E101/><V134/><F134/><W27/><G27/><N who="2" m="10249" /><F29/><W117/><G1/><T54/><D31/><U104/><E104/><V94/><F94/><N who="3" m="54639" /><G117/><T51/><D95/><U69/><E69/><V46/><F46/><W30/><G30/><T7/><D121/><U83/><E2/><V97/><F97/><W71/><G71/><T53/><D10/><U87/><E98/><V17/><F17/><W11/><G11/><T76/><D76/><U59/><E59/><V84/><F84/><W40/><G40/><AGARI ba="0,0" hai="0,3,40,47,48" m="10249,50281,10711" machi="40" ten="30,1000,0" yaku="19,1" doraHai="133" who="2" fromWho="3" sc="294,0,230,0,230,10,246,-10" /><INIT seed="2,0,0,5,0,58" ten="294,230,240,236" oya="2" hai0="129,24,114,107,45,128,61,51,31,66,75,92,95" hai1="68,8,108,113,16,43,52,10,3,123,47,124,73" hai2="70,76,30,35,23,87,118,100,15,27,134,50,33" hai3="106,29,63,49,56,25,5,79,132,85,88,32,111"/><V55/><F118/><W90/><G111/><T86/><D75/><U135/><E113/><V28/><F134/><W2/><G132/><T112/><D107/><U117/><E117/><V18/><F70/><W105/><G79/><T40/><D112/><U65/><E135/><V115/><F115/><W4/><G49/><T127/><D114/><U99/><E108/><V126/><F126/><W48/><G48/><T94/><D127/><U74/><E124/><V1/><F1/><W60/><G90/><T62/><D66/><U133/><E133/><V71/><F71/><W72/><G72/><T130/><D86/><U64/><E123/><V34/><F100/><W80/><G63/><T116/><D116/><U39/><E99/><V13/><F76/><W109/><G109/><T102/><D102/><U82/><E68/><V89/><F13/><W11/><REACH who="3" step="1"/><G5/><REACH who="3" ten="294,230,240,226" step="2"/><T120/><D120/><U67/><E82/><V22/><F89/><W53/><AGARI ba="0,1" hai="2,4,11,25,29,32,53,56,60,80,85,88,105,106" machi="53" ten="20,12000,2" yaku="1,1,2,1,0,1,7,1,52,1,54,1,53,1" doraHai="58" doraHaiUra="84" who="3" fromWho="3" sc="294,-30,230,-30,240,-60,226,130" /><INIT seed="3,0,0,1,2,69" ten="264,200,180,356" oya="3" hai0="28,84,88,53,104,41,3,16,96,35,15,6,55" hai1="80,72,94,5,103,46,31,21,51,23,54,22,52" hai2="111,115,99,4,78,49,43,48,27,77,135,89,1" hai3="127,13,97,61,73,110,91,86,113,60,18,124,92"/><W100/><G113/><T83/><D41/><N who="1" m="25039" /><E72/><V74/><F115/><W9/><G73/><T121/><D121/><U106/><E106/><V130/><F111/><W29/><G29/><T119/><D119/><U65/><E65/><V0/><F135/><W120/><G110/><T129/><D129/><U107/><E107/><V117/><F117/><W58/><G58/><T102/><D35/><U98/><E5/><V126/><F126/><N who="3" m="48171" /><G120/><T40/><D28/><U33/><E33/><V112/><F112/><W62/><G62/><T109/><D40/><U12/><E31/><V7/><F43/><W37/><G37/><T87/><D109/><U20/><E80/><AGARI ba="0,0" hai="9,13,18,60,61,80,86,91,92,97,100" m="48171" machi="80" ten="30,1500,0" yaku="18,1" doraHai="69" who="3" fromWho="1" sc="264,0,200,-15,180,0,356,15" owari="264,6.4,185,-21.5,180,-32.0,371,47.1" /></mjloggm>