<mjloggm ver="2.3"><GO type="225" lobby="0"/><UN n0="%E6%80%AA%E3%81%97%E3%81%99%E3%81%8E%E3%82%8B%E3%83%81%E3%83%BC" n1="%E3%82%BC%E3%83%AB%E3%83%80%E3%81%AE%E4%BC%9D%E8%AA%AC" n2="%E4%B8%AD%E5%B9%B4%E3%81%AE%E5%8D%B1%E6%A9%9F" n3="%E7%A7%8B%E6%9C%88%E7%9C%9F%E7%90%86%E4%BA%9E" dan="16,16,17,16" rate="2151.63,2150.07,2227.98,2117.17" sx="M,M,M,F"/><TAIKYOKU oya="0"/><INIT seed="0,0,0,1,3,51" ten="250,250,250,250" oya="0" hai0="40,60,16,127,20,118,111,70,131,84,21,7,121" hai1="86,102,6,115,11,28,63,67,49,4,41,130,122" hai2="35,72,78,59,82,73,116,98,134,68,90,10,108" hai3="26,12,5,109,124,91,93,53,57,34,17,45,117"/><T46/><D121/><U132/><E122/><V81/><F68/><W47/><G117/><T110/><D118/><U74/><E74/><V18/><F35/><W125/><G109/><N who="0" m="41483" /><D131/><U87/><E130/><V48/><F116/><W95/><G5/><T85/><D127/><N who="3" m="48713" /><G26/><N who="0" m="14599" /><D7/><U71/><E132/><V65/><F134/><W114/><G34/><T30/><D30/><U52/><E115/><V96/><F108/><W58/><G58/><T112/><D21/><U24/><E4/><V106/><F10/><N who="3" m="6295" /><G114/><T94/><D94/><N who="3" m="35849" /><G91/><T113/><D112/><U42/><E102/><V128/><F18/><W23/><G23/><T31/><D31/><U56/><E24/><V99/><F128/><W69/><G69/><T100/><D100/><U64/><E28/><V126/><F126/><W75/><G75/><T39/><D113/><U36/><E11/><V120/><F120/><W44/><G57/><T104/><D104/><U101/><E6/><V15/><F106/><W38/><G38/><T3/><D3/><U2/><E2/><V43/><F15/><W133/><G133/><T8/><D8/><U27/><E27/><V92/><F98/><W9/><G9/><T103/><D103/><U135/><E135/><V80/><F99/><W50/><AGARI ba="0,0" hai="44,45,47,50,53" m="35849,6295,48713" machi="50" ten="30,2000,0" yaku="18,1,52,1" doraHai="51" who="3" fromWho="3" sc="250,-10,250,-5,250,-5,250,20" /><INIT seed="1,0,0,4,2,74" ten="240,245,245,270" oya="1" hai0="121,105,100,99,6,38,111,61,7,40,114,21,135" hai1="72,2,82,26,127,29,67,132,35,131,64,80,110" hai2="1,125,45,57,36,84,93,37,24,96,122,103,16" hai3="60,112,123,42,44,94,55,31,117,98,126,62,73"/><U11/><E127/><V39/><F122/><W51/><G123/><T68/><D114/><U52/><E132/><V85/><F1/><W27/><G112/><T92/><D121/><U102/><E131/><V130/><F125/><W79/><G126/><T86/><D135/><U3/><E110/><V10/><F130/><W50/><G117/><T129/><D111/><U108/><E108/><V14/><F24/><W9/><G9/><T20/><D129/><U78/><E102/><V22/><F10/><W75/><G75/><T97/><D86/><U76/><E52/><V32/><F32/><W15/><G15/><T0/><D0/><U88/><E88/><V13/><F13/><W47/><G79/><T77/><D77/><U128/><E128/><V101/><F101/><W107/><G73/><T87/><D87/><U104/><E104/><V118/><F118/><W91/><REACH who="3" step="1"/><G107/><REACH who="3" ten="240,245,245,260" step="2"/><T124/><D124/><U63/><E11/><V116/><F116/><W33/><AGARI ba="0,1" hai="27,31,33,42,44,47,50,51,55,60,62,91,94,98" machi="33" ten="20,5200,0" yaku="1,1,2,1,0,1,7,1,53,0" doraHai="74" doraHaiUra="70" who="3" fromWho="3" sc="240,-13,245,-26,245,-13,260,62" /><INIT seed="2,0,0,0,0,15" ten="227,219,232,322" oya="2" hai0="29,112,65,46,80,26,74,96,13,117,95,123,25" hai1="39,125,107,38,36,85,113,129,40,75,63,62,22" hai2="135,61,31,94,104,8,79,86,49,71,106,115,66" hai3="28,23,87,64,18,130,45,14,131,41,103,101,67"/><V119/><F119/><W88/><G28/><T0/><D0/><U108/><E75/><V78/><F115/><W122/><G122/><T19/><D123/><U102/><E113/><V73/><F135/><W89/><G67/><T2/><D2/><U11/><E40/><V109/><F31/><W32/><G64/><T84/><D74/><U34/><E34/><V100/><F109/><W3/><G3/><T116/><D112/><U6/><E108/><V98/><F73/><W53/><G53/><T133/><D46/><U91/><E125/><V81/><F79/><W124/><G32/><T35/><D65/><U33/><E33/><V132/><F132/><W4/><G4/><T93/><D26/><U126/><E126/><V42/><REACH who="2" step="1"/><F8/><REACH who="2" ten="227,219,222,322" step="2"/><W37/><G124/><T69/><D133/><U7/><E11/><V111/><F111/><W20/><G23/><T99/><D116/><U12/><E22/><V70/><F70/><W92/><G130/><T68/><D69/><U10/><E129/><V120/><F120/><W16/><G131/><T56/><D68/><U1/><E10/><V50/><F50/><W30/><G30/><BYE who="3" /><T127/><D117/><U118/><E118/><V55/><F55/><W97/><G97/><T44/><D127/><U90/><E38/><V21/><F21/><W59/><G59/><T5/><D56/><U52/><E52/><V83/><F83/><W128/><G128/><T54/><D96/><UN n3="%E7%A7%8B%E6%9C%88%E7%9C%9F%E7%90%86%E4%BA%9E" /><U47/><E39/><V76/><F76/><W58/><G37/><T105/><D54/><U82/><E36/><V114/><F114/><W134/><G134/><RYUUKYOKU ba="0,1" sc="227,-10,219,-10,222,30,322,-10" hai2="42,49,61,66,71,78,81,86,94,98,100,104,106" /><INIT seed="2,1,1,1,2,39" ten="217,209,252,312" oya="2" hai0="10,22,122,78,20,32,38,131,93,40,41,29,26" hai1="124,43,31,123,127,30,68,87,91,109,94,50,0" hai2="101,88,129,99,80,66,65,58,119,18,69,2,126" hai3="118,21,17,120,33,27,37,86,67,84,110,45,128"/><V63/><F119/><W103/><G118/><T3/><D122/><U81/><E123/><V107/><F2/><W28/><G120/><T24/><D131/><U4/><E68/><V60/><F129/><W49/><G37/><T51/><D38/><U75/><E109/><V111/><F111/><W56/><BYE who="2" /><G128/><T108/><D108/><UN n2="%E4%B8%AD%E5%B9%B4%E3%81%AE%E5%8D%B1%E6%A9%9F" /><U132/><E132/><V62/><F126/><N who="1" m="48169" /><E4/><V16/><REACH who="2" step="1"/><F63/><REACH who="2" ten="217,209,242,312" step="2"/><W133/><G110/><T117/><D117/><U96/><E0/><V98/><F98/><W134/><G133/><T13/><D3/><U12/><E75/><V5/><F5/><W42/><G134/><T11/><D32/><U46/><E12/><V25/><F25/><W79/><G27/><T112/><D13/><U77/><AGARI ba="1,2" hai="30,31,43,46,50,77,81,87,91,94,96" m="48169" machi="77" ten="30,2000,0" yaku="18,1,52,1" doraHai="39" who="1" fromWho="1" sc="217,-6,209,43,242,-11,312,-6" /><INIT seed="3,0,0,2,5,106" ten="211,252,231,306" oya="3" hai0="75,108,132,63,6,131,1,113,10,65,30,118,129" hai1="112,78,72,114,104,34,122,91,8,88,117,38,16" hai2="84,121,4,81,96,14,40,126,62,74,59,11,45" hai3="31,64,134,39,37,53,69,80,52,100,47,93,46"/><W71/><G31/><T102/><D118/><U87/><E38/><N who="3" m="14346" /><G80/><T105/><D132/><U111/><E34/><V7/><F126/><W83/><G83/><T41/><D108/><U135/><E111/><V107/><F121/><W36/><G93/><T24/><D41/><U94/><E122/><V27/><F27/><W28/><G100/><T12/><D12/><N who="1" m="7175" /><E135/><V97/><F74/><W109/><G28/><T119/><D119/><U42/><E42/><V128/><F4/><W33/><G33/><N who="0" m="20679" /><D113/><U130/><E91/><V13/><F13/><W51/><G134/><T43/><D43/><U86/><E117/><V26/><F26/><W50/><G109/><T124/><D124/><U61/><E104/><V35/><F35/><W20/><G20/><T123/><D75/><U120/><E72/><V115/><F107/><W133/><G133/><T57/><D123/><U58/><E120/><V66/><F115/><W9/><G9/><T32/><D32/><U73/><E73/><V29/><F29/><W110/><G110/><T19/><D19/><U56/><E114/><V22/><F22/><W89/><G89/><T85/><D85/><U25/><E112/><V2/><F2/><W79/><G79/><T17/><D17/><U23/><E78/><N who="2" m="46135" /><F128/><N who="0" m="49226" /><D105/><U15/><E130/><V67/><F67/><W60/><G36/><T90/><D90/><U21/><E86/><V98/><F40/><W3/><G3/><T68/><D102/><U0/><E0/><V99/><N who="2" m="24576" /><DORA hai="5" /><V77/><F77/><W48/><G69/><AGARI ba="0,0" hai="1,6,10,57,63,65,68,69" m="49226,20679" machi="69" ten="30,2000,0" yaku="19,1,52,1" doraHai="106,5" who="0" fromWho="3" sc="211,20,252,0,231,0,306,-20" /><INIT seed="4,0,0,2,5,23" ten="231,252,231,286" oya="0" hai0="50,10,63,66,51,35,124,104,36,75,15,57,34" hai1="129,13,49,28,111,27,17,26,101,85,76,125,69" hai2="8,48,127,12,115,87,42,43,108,95,25,67,99" hai3="29,132,78,74,38,114,91,98,84,130,96,122,131"/><T47/><D124/><U103/><E111/><V135/><F108/><W6/><G38/><T105/><D75/><U46/><E69/><V106/><F127/><W14/><G29/><T133/><D133/><U53/><E129/><N who="3" m="49162" /><G14/><T119/><D119/><U5/><E125/><V128/><F135/><W77/><G6/><T61/><D36/><U73/><E73/><V55/><F128/><W107/><G132/><T120/><D120/><U93/><E5/><V7/><F106/><W60/><G60/><T94/><D94/><U3/><E3/><V0/><F67/><W2/><G2/><T59/><D47/><U37/><E37/><V89/><F0/><W86/><G122/><T100/><D100/><N who="1" m="38475" /><E28/><V64/><F64/><W97/><G107/><T117/><D117/><U83/><E93/><V112/><F99/><N who="3" m="37963" /><G114/><T32/><D104/><U31/><E31/><V110/><F110/><W56/><G56/><T33/><N who="0" m="8192" /><DORA hai="65" /><T80/><D105/><U52/><E53/><V20/><F115/><W19/><G19/><T109/><D109/><U92/><E92/><V113/><F112/><W58/><G58/><T54/><REACH who="0" step="1"/><D80/><REACH who="0" ten="221,252,231,286" step="2"/><U62/><E62/><V68/><F113/><W1/><G74/><T71/><D71/><U126/><E126/><V9/><F68/><W30/><G98/><T21/><D21/><AGARI ba="0,1" hai="13,17,21,26,27,46,49,52,76,83,85" m="38475" machi="21" ten="30,7700,0" yaku="8,1,52,2,54,1" doraHai="23,65" who="1" fromWho="0" sc="221,-77,252,87,231,0,286,0" owari="144,-35.6,339,43.9,231,-16.9,286,8.6" /></mjloggm>