<mjloggm ver="2.3"><GO type="225" lobby="0"/><UN n0="%E3%82%BC%E3%83%AB%E3%83%80%E3%81%AE%E4%BC%9D%E8%AA%AC" n1="%E3%81%9F%E3%81%A3%E3%81%A1%E3%82%87" n2="%E3%81%B7%E3%82%8A%E3%82%93%E8%81%96%E4%BA%BA" n3="%43%68%65" dan="16,16,16,16" rate="2105.33,2103.71,2150.35,2158.41" sx="M,M,M,M"/><TAIKYOKU oya="0"/><INIT seed="0,0,0,3,1,115" ten="250,250,250,250" oya="0" hai0="98,106,91,110,47,25,127,23,114,126,94,40,62" hai1="67,31,81,119,83,128,121,12,11,104,33,29,57" hai2="78,108,102,117,107,68,111,100,134,58,30,74,85" hai3="36,90,49,46,124,38,72,0,39,1,93,56,9"/><T48/><D114/><U109/><E121/><V55/><F68/><W14/><G124/><T35/><D35/><U42/><E109/><V75/><F30/><W10/><G72/><T125/><D110/><N who="2" m="42026" /><F55/><W7/><G56/><T86/><D62/><N who="1" m="38351" /><E119/><V45/><F45/><W130/><G130/><T135/><D135/><U71/><E71/><V59/><F134/><W22/><G22/><T21/><REACH who="0" step="1"/><D25/><REACH who="0" ten="240,250,250,250" step="2"/><U84/><E33/><V122/><F122/><W2/><G2/><T101/><AGARI ba="0,1" hai="21,23,40,47,48,86,91,94,98,101,106,125,126,127" machi="101" ten="40,12000,1" yaku="1,1,2,1,0,1,18,1,53,0" doraHai="115" doraHaiUra="129" who="0" fromWho="0" sc="240,130,250,-40,250,-40,250,-40" /><INIT seed="0,1,0,5,4,105" ten="370,210,210,210" oya="0" hai0="59,104,25,129,113,127,60,122,33,19,23,26,39" hai1="75,12,4,106,123,124,79,30,90,98,94,65,22" hai2="112,47,57,61,97,121,93,35,13,3,11,20,115" hai3="86,116,99,128,133,103,126,17,110,64,77,38,8"/><T54/><D113/><U76/><E123/><V40/><F35/><W96/><G116/><T109/><D122/><U21/><E124/><V100/><F121/><W89/><G38/><T0/><D127/><U6/><E106/><V82/><F82/><W46/><G126/><T36/><D104/><U32/><E32/><V1/><F1/><W52/><G77/><T41/><D0/><U125/><E125/><V14/><F14/><N who="3" m="7367" /><G110/><T67/><D109/><U131/><E131/><V62/><F62/><W91/><G133/><T84/><D129/><U102/><E65/><V5/><F3/><W56/><G103/><T74/><D74/><U101/><E75/><V71/><F71/><W117/><G91/><T44/><D84/><U24/><E101/><V108/><F108/><W72/><G72/><T58/><D39/><U29/><E102/><V63/><F63/><N who="3" m="37991" /><G117/><T68/><REACH who="0" step="1"/><D54/><REACH who="0" ten="360,210,210,210" step="2"/><U15/><E76/><V83/><F112/><W92/><G128/><T42/><D42/><U55/><E79/><V34/><F115/><W87/><G87/><T50/><D50/><AGARI ba="1,1" hai="46,50,52,86,89,92,96,99" m="37991,7367" machi="50" ten="30,2000,0" yaku="8,1,54,1" doraHai="105" who="3" fromWho="0" sc="360,-23,210,0,210,0,210,33" /><INIT seed="1,0,0,2,5,63" ten="337,210,210,243" oya="1" hai0="94,46,31,132,2,67,52,99,58,112,38,86,84" hai1="90,69,106,40,122,56,24,37,134,89,75,66,87" hai2="76,16,59,19,95,14,33,129,1,0,26,104,110" hai3="114,127,23,41,119,11,53,120,101,15,48,74,108"/><U7/><E122/><V71/><F71/><W64/><G120/><T28/><D112/><U109/><E75/><V25/><F104/><W111/><G114/><T91/><D2/><U83/><E69/><V124/><F76/><W21/><G127/><T73/><D73/><U128/><E106/><V9/><F59/><W70/><G41/><T8/><D132/><U78/><E134/><V17/><F95/><W62/><G101/><T130/><D130/><U102/><E102/><V3/><F129/><W61/><G61/><N who="0" m="38327" /><D38/><U97/><E128/><V42/><F42/><W121/><G74/><T96/><D8/><U60/><E109/><N who="3" m="42058" /><G119/><T27/><D86/><N who="1" m="48503" /><E37/><V126/><F110/><W49/><G49/><N who="0" m="28727" /><D27/><N who="2" m="10250" /><F33/><W88/><G121/><T100/><D99/><U10/><E24/><V6/><AGARI ba="0,0" hai="0,1,3,6,9,14,16,17,19,124,126" m="10250" machi="6" ten="40,5200,0" yaku="34,2,54,1" doraHai="63" who="2" fromWho="2" sc="337,-13,210,-26,210,52,243,-13" /><INIT seed="2,0,0,2,4,119" ten="324,184,262,230" oya="2" hai0="118,96,21,16,71,53,40,101,25,27,134,126,115" hai1="26,90,2,84,95,43,15,114,98,113,74,1,128" hai2="33,132,10,69,88,122,108,109,64,107,35,28,54" hai3="59,29,5,52,12,91,106,130,24,66,110,111,70"/><V99/><F132/><W83/><G106/><T61/><D115/><U38/><E74/><V85/><F10/><W135/><G135/><T124/><D134/><U30/><E128/><V79/><F79/><W7/><G130/><T47/><D118/><U65/><E65/><V9/><F9/><W72/><G66/><T51/><D27/><U63/><E63/><N who="2" m="40095" /><F54/><W94/><G70/><T62/><D71/><U89/><E15/><V37/><F37/><W92/><G92/><N who="0" m="58503" /><D53/><U55/><E55/><V121/><F85/><W97/><G83/><T6/><D6/><U13/><E13/><V73/><F73/><W56/><G56/><T104/><D104/><U81/><E113/><V77/><F77/><W23/><G72/><T117/><D117/><U20/><REACH who="1" step="1"/><E114/><REACH who="1" ten="324,174,262,230" step="2"/><V100/><F35/><W3/><G12/><T93/><D61/><U44/><AGARI ba="0,1" hai="1,2,20,26,30,38,43,44,81,84,89,90,95,98" machi="44" ten="30,8000,1" yaku="1,1,2,1,0,1,53,2" doraHai="119" doraHaiUra="32" who="1" fromWho="1" sc="324,-20,174,90,262,-40,230,-20" /><INIT seed="3,0,0,3,4,28" ten="304,264,222,210" oya="3" hai0="41,29,60,35,3,98,113,126,15,14,97,70,62" hai1="95,18,11,27,100,49,87,47,9,129,58,74,42" hai2="39,92,118,69,43,115,124,77,135,36,104,127,133" hai3="120,68,21,38,91,55,57,131,5,61,44,82,102"/><W117/><G117/><T33/><D29/><U111/><E74/><V134/><F104/><W103/><G120/><T1/><D41/><U71/><E71/><V94/><F118/><W79/><G131/><T53/><D53/><U0/><E0/><V109/><F43/><W24/><G91/><T86/><D86/><U105/><E105/><V48/><F48/><W112/><G112/><T13/><D70/><U121/><E121/><V89/><F69/><W83/><G5/><T52/><D52/><U64/><E129/><V10/><F10/><W46/><G68/><T110/><D110/><U96/><E87/><V2/><F109/><W88/><G88/><T30/><D30/><U80/><E80/><N who="3" m="30762" /><G38/><N who="2" m="14377" /><F89/><W23/><G79/><T31/><D31/><U56/><E111/><V72/><F72/><W54/><G54/><T16/><D13/><U114/><E114/><V101/><F115/><W65/><G24/><T20/><D113/><U75/><E75/><V37/><F77/><W99/><G99/><T128/><D128/><U50/><E50/><V122/><F122/><W7/><G7/><T130/><D130/><U107/><E107/><V59/><F37/><W63/><G63/><T106/><D106/><U119/><E119/><V85/><F59/><W125/><G125/><N who="2" m="48201" /><F85/><W25/><G65/><T51/><D126/><U73/><E73/><V84/><F84/><W40/><G23/><T17/><D20/><N who="1" m="13719" /><E56/><V108/><F108/><W132/><G40/><T76/><D76/><U123/><E123/><V8/><F101/><N who="3" m="38411" /><G132/><N who="2" m="33793" /><V12/><DORA hai="32" /><F2/><W19/><AGARI ba="0,0" hai="19,21,25,44,46,55,57,61" m="38411,30762" machi="19" ten="30,1500,0" yaku="8,1" doraHai="28,32" who="3" fromWho="3" sc="304,-5,264,-5,222,-5,210,15" /><INIT seed="3,1,0,5,4,125" ten="299,259,217,225" oya="3" hai0="104,127,49,33,114,88,123,5,66,2,93,115,124" hai1="67,20,79,74,97,53,28,16,89,32,101,34,6" hai2="73,10,43,120,116,61,105,128,18,45,80,9,30" hai3="39,82,12,72,86,69,1,48,103,131,55,23,40"/><W92/><G1/><T22/><D123/><U3/><E3/><V52/><F105/><W50/><G69/><T4/><D33/><U121/><E6/><N who="0" m="2665" /><D104/><U15/><E89/><V118/><F30/><W47/><G72/><T68/><D2/><U110/><E67/><V112/><F112/><N who="0" m="43050" /><D49/><U51/><E110/><V63/><F120/><W37/><G131/><T95/><D22/><U76/><E28/><V78/><F128/><W41/><G41/><T26/><D26/><U91/><E121/><V85/><F73/><W27/><G12/><T96/><D93/><U54/><E91/><V87/><F87/><W62/><G62/><AGARI ba="1,0" hai="62,66,68,88,95,96,124,127" m="43050,2665" machi="62" ten="30,2000,0" yaku="11,1,54,1" doraHai="125" who="0" fromWho="3" sc="299,23,259,0,217,0,225,-23" owari="322,42.2,259,5.9,217,-18.3,202,-29.8" /></mjloggm>