<mjloggm ver="2.3"><GO type="225" lobby="0"/><UN n0="%73%73%6B%5F%66%72%65%65" n1="%E3%81%A8%E3%82%93%E3%81%A8%E3%81%93%E3%81%A8%E3%82%93" n2="%E3%81%8B%E3%82%8F%E3%81%A1%E3%82%83%E3%82%93%35%38" n3="%33%74%72%65%65" dan="16,16,17,16" rate="2091.87,2127.58,2231.00,2134.90" sx="M,F,M,F"/><TAIKYOKU oya="0"/><INIT seed="0,0,0,2,3,21" ten="250,250,250,250" oya="0" hai0="132,130,72,42,73,75,111,56,36,55,108,35,1" hai1="135,16,33,26,68,30,17,93,116,87,23,103,32" hai2="45,129,38,50,65,24,66,79,0,119,90,71,28" hai3="131,110,27,13,18,9,81,102,39,114,112,12,60"/><T106/><D132/><U96/><E116/><V92/><F0/><W19/><G110/><N who="0" m="42027" /><D130/><U67/><E135/><V134/><F134/><W8/><G131/><T2/><D35/><U3/><E3/><N who="0" m="1033" /><D106/><U117/><E117/><V63/><F129/><W29/><G39/><T43/><D36/><U115/><E115/><V14/><F119/><W76/><G102/><T126/><D126/><U44/><E44/><V133/><F133/><W5/><G5/><T118/><D118/><U100/><E100/><V122/><F122/><W83/><G60/><AGARI ba="0,0" hai="42,43,55,56,60,72,73,75" m="1033,42027" machi="60" ten="40,3900,0" yaku="14,1,10,1" doraHai="21" who="0" fromWho="3" sc="250,39,250,0,250,0,250,-39" /><INIT seed="0,1,0,0,1,35" ten="289,250,250,211" oya="0" hai0="116,89,41,26,87,90,94,104,0,123,84,111,55" hai1="124,85,102,38,20,58,95,49,7,101,66,127,51" hai2="110,130,71,67,73,70,79,98,19,133,118,11,108" hai3="23,60,76,114,129,65,33,113,25,4,17,1,78"/><T100/><D116/><U91/><E38/><V75/><F130/><W2/><G129/><T86/><D123/><U122/><E122/><V131/><F131/><W21/><G33/><T32/><D41/><U9/><E20/><V106/><F118/><W99/><G4/><T40/><D40/><U69/><E69/><N who="2" m="26123" /><F67/><W64/><G99/><T74/><D0/><U105/><E105/><V12/><F79/><W92/><G92/><T119/><D119/><U14/><E66/><V18/><F18/><W48/><G48/><T96/><D55/><U16/><E7/><V22/><F22/><W37/><G17/><T47/><D47/><U59/><E51/><V135/><F98/><W57/><G57/><N who="1" m="21514" /><E49/><V31/><F31/><W109/><G25/><T93/><D32/><U81/><E95/><V28/><F28/><W53/><G53/><T134/><D26/><U13/><E14/><V112/><F106/><W80/><G37/><T107/><D74/><N who="2" m="28170" /><F112/><W97/><G97/><T132/><D107/><U121/><E121/><V54/><F54/><W103/><G103/><T8/><D8/><U24/><E24/><V68/><N who="2" m="26131" /><V5/><DORA hai="56" /><F19/><W72/><G72/><T126/><D104/><U125/><AGARI ba="1,0" hai="9,13,16,81,85,91,101,102,124,125,127" m="21514" machi="125" ten="40,2700,0" yaku="18,1,54,1" doraHai="35,56" who="1" fromWho="1" sc="289,-14,250,30,250,-8,211,-8" /><INIT seed="1,0,0,4,3,25" ten="275,280,242,203" oya="1" hai0="123,10,29,51,134,2,96,22,48,110,33,30,119" hai1="36,58,60,88,112,17,75,62,97,99,45,106,23" hai2="115,59,27,122,68,67,132,77,28,8,78,38,130" hai3="93,73,39,50,24,135,63,80,89,127,82,18,1"/><U41/><E112/><V16/><F122/><W105/><G39/><T47/><D119/><U55/><E75/><V0/><F38/><W49/><G105/><T69/><D123/><U114/><E114/><V21/><F115/><W83/><G1/><T90/><D110/><U43/><E106/><V70/><F130/><W56/><G73/><T20/><D69/><U53/><E43/><V71/><F132/><W7/><G7/><T118/><D118/><U101/><E101/><V64/><F59/><W109/><G109/><T92/><D134/><U104/><E104/><V76/><REACH who="2" step="1"/><F0/><REACH who="2" ten="275,280,232,203" step="2"/><W11/><G135/><T54/><D33/><U61/><E58/><V14/><AGARI ba="0,1" hai="8,14,16,21,27,28,64,67,68,70,71,76,77,78" machi="14" ten="40,8000,1" yaku="1,1,2,1,0,1,52,1,54,1,53,0" doraHai="25" doraHaiUra="85" who="2" fromWho="2" sc="275,-20,280,-40,232,90,203,-20" /><INIT seed="2,0,0,3,2,117" ten="255,240,322,183" oya="2" hai0="57,122,21,90,123,98,127,53,110,67,31,92,101" hai1="128,34,33,2,68,118,112,51,80,59,26,49,36" hai2="43,94,3,106,75,95,133,61,27,8,129,28,79" hai3="42,100,71,124,65,40,130,55,86,10,44,62,83"/><V66/><F106/><W41/><G124/><T121/><D127/><U111/><E59/><V74/><F133/><W15/><G130/><T24/><D110/><U5/><E80/><V93/><F129/><W70/><G100/><T72/><D72/><U58/><E58/><V73/><F43/><W87/><G70/><T109/><D109/><U14/><E14/><V105/><F105/><W107/><G107/><T48/><REACH who="0" step="1"/><D67/><REACH who="0" ten="245,240,322,183" step="2"/><U22/><E111/><V113/><F74/><W38/><G55/><T1/><D1/><U12/><E2/><V84/><F75/><W56/><G71/><T17/><D17/><U47/><E128/><V54/><F73/><W0/><G0/><T120/><N who="0" m="30720" /><DORA hai="132" /><T131/><D131/><U91/><E118/><V35/><F3/><W29/><G29/><T108/><D108/><U135/><E135/><V23/><F28/><W119/><G119/><T11/><D11/><U16/><E16/><V115/><F8/><W88/><REACH who="3" step="1"/><G87/><REACH who="3" ten="245,240,322,173" step="2"/><T18/><D18/><AGARI ba="0,2" hai="10,15,18,38,40,41,42,44,56,62,65,83,86,88" machi="18" ten="30,7700,0" yaku="1,1,2,1,7,1,54,1,53,0" doraHai="117,132" doraHaiUra="25,32" who="3" fromWho="0" sc="245,-77,240,0,322,0,173,97" /><INIT seed="3,0,0,0,3,90" ten="168,240,322,270" oya="3" hai0="131,76,57,62,103,44,36,95,93,130,8,21,25" hai1="74,100,17,97,16,39,115,92,29,7,15,116,88" hai2="48,99,58,133,111,54,79,19,4,52,9,114,23" hai3="65,40,63,55,105,1,56,0,3,123,128,18,78"/><W20/><G123/><T46/><D76/><U94/><E115/><V120/><F114/><W112/><G112/><T124/><D124/><U26/><E39/><V72/><F72/><W113/><G113/><T45/><D36/><U104/><E74/><V43/><F79/><W2/><G2/><T89/><D8/><N who="1" m="4511" /><E104/><V132/><F111/><W106/><G128/><T85/><D130/><U86/><E116/><V98/><F43/><W64/><G40/><T91/><D103/><U12/><E12/><N who="2" m="9703" /><F54/><W82/><G105/><T67/><D131/><U32/><E32/><V41/><F41/><W28/><G28/><T53/><D67/><U47/><E47/><V81/><F81/><W75/><G106/><T68/><D68/><U42/><E42/><V61/><F61/><W33/><G33/><T87/><D46/><U107/><E107/><V71/><F71/><W5/><G5/><T84/><D84/><U126/><E126/><V10/><F10/><W38/><G38/><T13/><D13/><U127/><E127/><V22/><F22/><W31/><G65/><T14/><D14/><U83/><E83/><V108/><F120/><W122/><G64/><T30/><AGARI ba="0,0" hai="21,25,30,44,45,53,57,62,85,87,89,91,93,95" machi="30" ten="20,12000,2" yaku="0,1,7,1,9,1,8,1,52,2" doraHai="90" who="0" fromWho="0" sc="168,120,240,-30,322,-30,270,-60" /><INIT seed="4,0,0,0,5,81" ten="288,210,292,210" oya="0" hai0="53,114,93,75,98,40,113,100,135,71,131,27,86" hai1="109,19,64,117,36,7,42,105,62,127,129,28,43" hai2="55,65,15,34,50,8,67,72,0,125,108,91,2" hai3="130,33,88,26,76,4,110,24,104,77,107,22,99"/><T134/><D75/><U59/><E109/><V115/><F108/><W94/><G110/><T96/><D131/><U45/><E117/><V61/><F72/><W30/><G130/><T112/><D71/><U85/><E129/><V84/><F34/><W47/><G4/><T13/><D40/><U124/><E105/><V73/><F73/><W80/><G47/><T78/><D27/><U51/><E28/><V128/><F128/><W60/><G60/><T16/><D53/><U101/><E101/><V126/><F115/><W1/><G1/><N who="2" m="617" /><F61/><W39/><G39/><T10/><D98/><U66/><E7/><N who="2" m="3487" /><F50/><W69/><G69/><T31/><D31/><U14/><E66/><V29/><F55/><W111/><G111/><T103/><D100/><U123/><E123/><V25/><F25/><W70/><G70/><T37/><D37/><U97/><E43/><V118/><F29/><W119/><G119/><T35/><D35/><U63/><E36/><V9/><F9/><W41/><G41/><T44/><D44/><U12/><E63/><V87/><F118/><W58/><G58/><T5/><D5/><U48/><E51/><V79/><F65/><W122/><G122/><T54/><D54/><U49/><E48/><V106/><F67/><W82/><G104/><T74/><D74/><U120/><E120/><V92/><F106/><W83/><G107/><T56/><D56/><U90/><E97/><V20/><F20/><W68/><G68/><T102/><D102/><U132/><E64/><V32/><F32/><W52/><G52/><T38/><D38/><U17/><E49/><RYUUKYOKU ba="0,0" sc="288,10,210,-30,292,10,210,10" hai0="10,13,16,78,86,93,96,103,112,113,114,134,135" hai2="79,84,87,91,92,125,126" hai3="22,24,26,30,33,76,77,80,82,83,88,94,99" /><INIT seed="4,1,0,2,0,123" ten="298,180,302,220" oya="0" hai0="83,94,75,7,70,28,128,30,27,39,55,133,50" hai1="66,43,106,110,63,103,80,90,38,34,79,52,134" hai2="100,37,62,129,122,132,65,32,58,67,93,86,131" hai3="97,111,20,96,25,24,74,0,21,15,46,29,99"/><T114/><D114/><U1/><E1/><V87/><F122/><W3/><G111/><T40/><D133/><U56/><E34/><V91/><F32/><W19/><G74/><T60/><D7/><U76/><E134/><V41/><F132/><W22/><REACH who="3" step="1"/><G46/><REACH who="3" ten="298,180,302,210" step="2"/><N who="0" m="23839" /><D128/><U8/><E110/><V126/><F131/><W127/><G127/><T71/><D30/><AGARI ba="1,1" hai="0,3,15,19,20,21,22,24,25,29,30,96,97,99" machi="30" ten="40,2600,0" yaku="1,1,9,1,53,0" doraHai="123" doraHaiUra="36" who="3" fromWho="0" sc="298,-29,180,0,302,0,210,39" owari="269,6.9,180,-32.0,302,40.2,249,-15.1" /></mjloggm>