<mjloggm ver="2.3"><GO type="225" lobby="0"/><UN n0="%E5%91%A8%E6%9D%B1" n1="%E3%82%B2%E3%82%B9%E8%8C%82%E5%8B%9D" n2="%E6%81%A5%E6%99%92%E3%81%97" n3="%77%72%77%72%77%72%77%72" dan="17,16,16,17" rate="2191.45,2099.72,2139.86,2260.25" sx="M,F,M,M"/><TAIKYOKU oya="0"/><INIT seed="0,0,0,5,1,42" ten="250,250,250,250" oya="0" hai0="93,82,74,70,56,119,41,30,39,33,69,27,116" hai1="105,106,18,64,61,91,85,72,21,44,109,102,22" hai2="55,80,113,28,95,107,13,79,112,83,103,104,68" hai3="114,125,132,38,117,3,6,57,26,101,115,46,75"/><T59/><D93/><U11/><E109/><V37/><F68/><N who="0" m="26218" /><D59/><N who="1" m="36927" /><E72/><N who="2" m="43111" /><F13/><W67/><G117/><T111/><D56/><U34/><E34/><V31/><F55/><W81/><G132/><T135/><D135/><U88/><E105/><N who="2" m="40523" /><F31/><W76/><G26/><T5/><D5/><U87/><E102/><V97/><F28/><W49/><G101/><T86/><D86/><N who="1" m="32779" /><E106/><V100/><F37/><W99/><G99/><T54/><D54/><U122/><E122/><V4/><F4/><W131/><G131/><T78/><D111/><U1/><E1/><V89/><F83/><W17/><G6/><T7/><D7/><U19/><E11/><V62/><F62/><W52/><G3/><T45/><AGARI ba="0,0" hai="27,30,33,39,41,45,74,78,82,116,119" m="26218" machi="45" ten="30,3000,0" yaku="23,1,52,1" doraHai="42" who="0" fromWho="0" sc="250,30,250,-10,250,-10,250,-10" /><INIT seed="0,1,0,0,1,73" ten="280,240,240,240" oya="0" hai0="31,107,9,90,26,47,110,12,7,11,0,127,122" hai1="28,85,57,135,44,80,106,123,130,76,77,111,49" hai2="19,126,39,8,116,99,125,20,96,48,89,124,6" hai3="1,112,133,94,53,100,50,59,40,18,119,88,2"/><T55/><D122/><U108/><E123/><V43/><F39/><W10/><G112/><T58/><D107/><U74/><E106/><V56/><F116/><W14/><G119/><T132/><D127/><U102/><E102/><V22/><F89/><W93/><G133/><T63/><D132/><U54/><E135/><V37/><F37/><W62/><G94/><T65/><D110/><N who="1" m="42027" /><E130/><V61/><F48/><W103/><G1/><T13/><D90/><N who="1" m="51495" /><E74/><V51/><F51/><W81/><G81/><T121/><D121/><U4/><E4/><V34/><F34/><W60/><G2/><T120/><D120/><U24/><E44/><V30/><F30/><W114/><G114/><T5/><D0/><U87/><E87/><V86/><F86/><N who="3" m="52375" /><G40/><T128/><D128/><U79/><E28/><V84/><F84/><W117/><G117/><T35/><REACH who="0" step="1"/><D47/><REACH who="0" ten="270,240,240,240" step="2"/><U91/><E91/><V134/><F134/><W71/><G71/><T105/><D105/><U92/><E92/><V131/><F131/><W16/><G103/><T95/><D95/><U66/><E66/><AGARI ba="1,1" hai="5,7,9,11,12,13,26,31,35,55,58,63,65,66" machi="66" ten="40,3900,0" yaku="1,1,9,1,53,0" doraHai="73" doraHaiUra="64" who="0" fromWho="1" sc="270,52,240,-42,240,0,240,0" /><INIT seed="0,2,0,1,5,72" ten="322,198,240,240" oya="0" hai0="38,128,5,84,66,2,47,34,80,116,90,44,107" hai1="3,62,56,59,8,87,51,6,15,63,69,105,109" hai2="65,9,88,114,0,29,50,113,129,24,78,91,97" hai3="4,42,49,103,10,135,48,126,19,104,125,130,54"/><T71/><D116/><U13/><E109/><V35/><F129/><W133/><G19/><T28/><D128/><U1/><E105/><V67/><F113/><W25/><G130/><T118/><D107/><U21/><E69/><V36/><F36/><W123/><G25/><T119/><D34/><U94/><E3/><V27/><F114/><W33/><G33/><T18/><D28/><U45/><E59/><V92/><F27/><W55/><G42/><T30/><D30/><U117/><E117/><V82/><F91/><W134/><G123/><T31/><D31/><U61/><E21/><V96/><F96/><N who="3" m="61543" /><G49/><T77/><D18/><U86/><E56/><V73/><REACH who="2" step="1"/><F50/><REACH who="2" ten="322,198,230,240" step="2"/><W106/><G48/><T122/><D38/><U37/><E37/><V75/><F75/><W20/><G106/><T53/><D119/><U22/><E86/><V14/><F14/><N who="3" m="5447" /><G20/><T41/><D118/><U99/><E87/><V95/><F95/><W108/><G108/><T81/><D122/><U124/><E22/><V111/><F111/><W7/><G135/><T60/><D2/><U93/><E94/><V26/><F26/><W11/><G134/><T115/><D115/><U132/><E132/><V110/><F110/><W83/><G133/><T120/><D120/><U127/><E1/><V102/><F102/><W40/><G125/><N who="1" m="48202" /><E15/><V121/><F121/><W32/><G126/><T68/><D90/><N who="1" m="55735" /><E51/><V101/><F101/><W57/><G32/><T64/><D41/><U17/><E45/><V74/><F74/><W23/><G40/><T79/><D47/><U70/><E70/><N who="0" m="26665" /><D44/><U100/><E100/><RYUUKYOKU ba="2,1" sc="322,-15,198,15,230,15,240,-15" hai1="6,8,13,17,61,62,63" hai2="0,9,24,29,35,65,67,73,78,82,88,92,97" /><INIT seed="1,3,1,2,5,74" ten="307,213,245,225" oya="1" hai0="108,11,48,17,53,28,58,4,73,81,9,94,105" hai1="78,49,83,113,96,135,131,89,7,16,26,0,111" hai2="13,41,68,44,76,33,129,10,43,77,55,27,133" hai3="93,6,65,52,47,8,46,107,37,32,130,5,57"/><U100/><E113/><V127/><F68/><W95/><G107/><T2/><D108/><U110/><E131/><V70/><F70/><W125/><G32/><T69/><D105/><U61/><E135/><V1/><F1/><W22/><G130/><T23/><D69/><U14/><E26/><V3/><F3/><W88/><G125/><T34/><D11/><U117/><E117/><V134/><F129/><W29/><G65/><T63/><D94/><N who="1" m="56399" /><E100/><V45/><F127/><W115/><G95/><T25/><D73/><N who="1" m="43471" /><E61/><V122/><F122/><W128/><G115/><T86/><D63/><U85/><E49/><V71/><F71/><W80/><G80/><T123/><D123/><U124/><E124/><V12/><F55/><W101/><G101/><T62/><D62/><U19/><E0/><V126/><F126/><W104/><G104/><T36/><D36/><U75/><E75/><V109/><F27/><N who="3" m="16631" /><G37/><T112/><D112/><U20/><E7/><N who="3" m="2570" /><G8/><T15/><D81/><U24/><E85/><AGARI ba="3,1" hai="2,4,9,15,17,23,25,28,34,48,53,58,85,86" machi="85" ten="40,2600,0" yaku="24,2" doraHai="74" who="0" fromWho="1" sc="307,45,213,-35,245,0,225,0" /><INIT seed="2,0,0,3,5,131" ten="352,178,245,225" oya="2" hai0="17,6,105,13,92,31,28,12,100,5,77,107,74" hai1="87,104,19,124,128,30,123,98,94,0,36,117,97" hai2="83,11,39,25,126,93,8,95,47,86,76,26,65" hai3="40,125,101,66,56,49,62,32,18,27,38,2,134"/><V114/><F114/><W53/><G2/><T44/><D74/><U54/><E0/><V33/><F126/><W129/><G129/><T21/><D77/><U67/><E36/><V99/><F65/><W82/><G125/><T72/><D72/><U127/><E67/><V57/><F95/><W14/><G101/><T85/><D107/><U110/><E30/><N who="0" m="11305" /><D105/><U15/><E117/><V70/><F70/><W4/><G27/><T75/><D75/><U111/><E128/><V9/><F33/><W112/><G4/><T61/><D61/><U120/><E54/><V89/><F39/><W43/><G32/><T96/><D44/><U45/><E45/><V91/><F47/><N who="3" m="27839" /><G38/><T51/><D85/><U16/><E15/><V119/><F119/><W3/><G3/><T78/><D78/><U1/><E1/><V113/><F113/><W24/><G24/><N who="2" m="9321" /><F57/><W121/><G121/><T133/><D13/><U132/><E104/><V22/><F22/><N who="3" m="11607" /><G112/><T58/><D58/><U90/><E87/><V29/><F29/><W7/><G40/><T34/><D34/><U63/><E63/><V42/><F42/><W109/><G43/><T118/><D118/><U35/><E35/><V46/><F46/><W41/><G41/><T108/><D6/><U69/><E69/><V59/><F59/><W71/><G7/><T81/><D5/><U79/><E94/><V80/><F80/><W52/><G82/><T37/><D81/><U64/><E64/><V84/><F86/><W106/><G106/><T130/><D37/><U60/><E60/><V50/><F50/><N who="3" m="30743" /><G109/><N who="1" m="41482" /><E120/><V55/><F76/><RYUUKYOKU ba="0,0" sc="352,-15,178,-15,245,15,225,15" hai2="8,9,11,55,83,84,89,91,93,99" hai3="62,66,71,134" /><INIT seed="2,1,0,1,2,72" ten="337,163,260,240" oya="2" hai0="120,53,30,50,100,112,55,3,65,95,83,109,27" hai1="126,85,114,47,94,73,70,107,74,37,48,101,54" hai2="28,41,102,119,81,125,132,20,57,134,34,14,79" hai3="93,26,44,9,88,58,19,124,110,62,117,24,15"/><V64/><BYE who="0" /><F119/><W67/><G117/><T98/><D98/><U90/><E114/><V86/><F34/><W80/><G110/><UN n0="%E5%91%A8%E6%9D%B1" /><T38/><D120/><U97/><E126/><V135/><F125/><W78/><G124/><T11/><D38/><U5/><E70/><V87/><F41/><W10/><G10/><T66/><D109/><U116/><E116/><V71/><F71/><W59/><G59/><T22/><D112/><U76/><E37/><V2/><F2/><W51/><G80/><T92/><D3/><U127/><E127/><V18/><F102/><W104/><G104/><T123/><D11/><U8/><E73/><V0/><F0/><W99/><REACH who="3" step="1"/><G78/><REACH who="3" ten="337,163,260,230" step="2"/><T91/><D83/><N who="1" m="45463" /><E8/><N who="2" m="6471" /><F79/><W6/><G6/><AGARI ba="1,1" hai="5,6,47,48,54,85,90,94,97,101,107" m="45463" machi="6" ten="30,2000,0" yaku="24,1,52,1" doraHai="72" who="1" fromWho="3" sc="337,0,163,33,260,0,230,-23" /><INIT seed="3,0,0,5,3,98" ten="337,196,260,207" oya="3" hai0="116,57,91,97,36,86,30,14,54,32,134,111,34" hai1="22,89,44,15,70,110,128,40,55,10,118,95,105" hai2="5,9,127,64,35,11,130,58,80,126,87,19,99" hai3="107,76,129,16,48,46,56,29,88,108,72,28,94"/><W121/><G121/><T92/><D116/><U103/><E110/><V68/><F35/><W123/><G123/><T81/><D36/><U66/><E118/><V93/><F130/><W63/><G107/><T122/><D122/><U65/><E128/><V21/><F68/><W27/><G108/><T45/><D45/><U135/><E135/><V18/><F58/><W67/><G76/><T43/><D43/><U114/><E114/><V113/><F64/><W39/><G72/><T8/><D30/><U60/><E65/><V42/><F42/><N who="3" m="24663" /><G39/><T61/><D134/><U4/><E55/><V74/><F74/><W106/><G106/><T38/><D38/><U78/><E78/><N who="2" m="46487" /><F113/><W1/><G1/><T2/><D2/><U53/><E53/><V33/><F33/><W24/><G24/><T109/><D111/><U31/><E40/><V96/><F96/><N who="3" m="57415" /><G129/><T3/><D3/><U7/><E105/><V85/><F126/><W101/><G101/><T133/><D133/><U75/><E103/><V82/><F127/><W71/><G71/><T49/><D109/><U124/><E124/><V102/><F5/><W12/><G27/><T79/><D61/><U119/><E75/><V120/><F120/><W23/><AGARI ba="0,0" hai="12,16,23,28,29,56,63,67" m="57415,24663" machi="23" ten="30,6000,0" yaku="8,1,54,2" doraHai="98" who="3" fromWho="3" sc="337,-20,196,-20,260,-20,207,60" /><INIT seed="3,1,0,2,0,36" ten="317,176,240,267" oya="3" hai0="5,89,125,61,69,71,88,17,28,0,123,81,70" hai1="94,118,45,39,49,84,65,48,3,107,111,41,114" hai2="46,14,79,127,102,90,78,10,121,110,19,30,72" hai3="12,77,119,43,34,98,87,120,96,55,63,24,58"/><W93/><G119/><T15/><D123/><U11/><E118/><V97/><F121/><W115/><G115/><T73/><D28/><U60/><E111/><V135/><F110/><W82/><G120/><T101/><D101/><U1/><E107/><V108/><F108/><W56/><G34/><T22/><D125/><U25/><E114/><V126/><F135/><W109/><G24/><T116/><D116/><U103/><E25/><V76/><F90/><W2/><G2/><T64/><D5/><U130/><E130/><V23/><F72/><W62/><G12/><T67/><D0/><U40/><E39/><V74/><F74/><W112/><G112/><T31/><D31/><U33/><E33/><V85/><F85/><W37/><G93/><T9/><D9/><U32/><E32/><V20/><F46/><W13/><G13/><T27/><D15/><U105/><E11/><V50/><F50/><W129/><G129/><T52/><D73/><U113/><E113/><V21/><REACH who="2" step="1"/><F30/><REACH who="2" ten="317,176,230,267" step="2"/><W54/><G109/><T66/><D89/><N who="1" m="53543" /><E105/><AGARI ba="1,1" hai="10,14,19,20,21,23,76,78,79,97,102,105,126,127" machi="105" ten="40,1300,0" yaku="1,1,53,0" doraHai="36" doraHaiUra="42" who="2" fromWho="1" sc="317,0,176,-16,230,26,267,0" owari="317,41.7,160,-34.0,256,-14.4,267,6.7" /></mjloggm>