<mjloggm ver="2.3"><GO type="225" lobby="0"/><UN n0="%E3%81%82%E3%81%99%E3%81%AB%E3%82%83%E3%82%80" n1="%E3%81%86%E3%82%8C%E3%81%9F%E3%82%93%E6%9E%95" n2="%E9%A2%A8%E3%81%A7%E9%B3%B4%E3%81%8F" n3="%E9%B3%B3%E6%9D%B1%E3%81%AE%E3%81%86%E3%81%95%E3%81%8E%E3%81%95%E3%82%93" dan="16,16,16,17" rate="2118.62,2074.77,2148.71,2248.55" sx="F,F,M,M"/><TAIKYOKU oya="0"/><INIT seed="0,0,0,3,4,117" ten="250,250,250,250" oya="0" hai0="43,40,9,105,104,21,102,89,7,120,27,5,11" hai1="85,80,38,115,73,4,134,58,35,34,130,112,51" hai2="100,128,132,76,109,91,59,71,74,31,26,133,78" hai3="56,10,131,90,116,119,15,3,126,75,87,61,22"/><T84/><D120/><U45/><E38/><V93/><F71/><W106/><G75/><T82/><D102/><U36/><E36/><V55/><F100/><W48/><G106/><T81/><D104/><U111/><E73/><V70/><F70/><W0/><G131/><T68/><D68/><U50/><E130/><V12/><F12/><W129/><G129/><T19/><D105/><U118/><E118/><V63/><F109/><W23/><G126/><T39/><D39/><U66/><E134/><N who="2" m="51819" /><F74/><W122/><G48/><T14/><REACH who="0" step="1"/><D81/><REACH who="0" ten="240,250,250,250" step="2"/><U95/><E80/><V49/><F128/><W6/><G119/><T16/><D16/><U8/><E115/><V108/><F108/><W37/><G116/><T98/><D98/><U124/><E112/><V79/><F31/><W103/><G103/><T114/><D114/><U47/><E111/><V30/><F30/><W17/><G37/><T135/><D135/><U88/><E124/><V2/><F26/><W54/><G122/><T52/><D52/><U62/><E51/><V41/><F41/><W57/><G17/><T44/><D44/><U18/><E18/><V113/><F113/><W28/><G28/><T64/><D64/><U97/><E97/><N who="2" m="57535" /><F49/><W53/><G53/><T94/><D94/><U110/><E110/><V86/><F86/><W121/><G121/><T96/><D96/><U99/><E99/><V60/><F60/><W123/><G123/><T125/><D125/><U46/><REACH who="1" step="1"/><E50/><REACH who="1" ten="240,240,250,250" step="2"/><V92/><F92/><W42/><G87/><T33/><D33/><U67/><E67/><V24/><F24/><W127/><G127/><RYUUKYOKU ba="0,2" sc="240,10,240,10,250,10,250,-30" hai0="5,7,9,11,14,19,21,27,40,43,82,84,89" hai1="4,8,34,35,45,46,47,58,62,66,85,88,95" hai2="2,55,59,63,76,78,79" /><INIT seed="0,1,2,0,5,133" ten="250,250,260,220" oya="0" hai0="91,109,65,32,71,87,54,62,126,128,68,77,37" hai1="34,38,33,58,5,79,69,4,40,64,6,111,117" hai2="105,132,95,135,76,10,12,78,93,121,57,23,83" hai3="21,3,74,28,85,97,19,56,103,45,84,44,114"/><T36/><D32/><U16/><E117/><V106/><F23/><W102/><G114/><T108/><D128/><U14/><E69/><V0/><F57/><W49/><G74/><T129/><D129/><U55/><E79/><V41/><F0/><W80/><G3/><T130/><D130/><U90/><E111/><N who="0" m="42569" /><D77/><U27/><E64/><V20/><F20/><W92/><G103/><T124/><D54/><U1/><E1/><V29/><F29/><W82/><G28/><T30/><D30/><U39/><E27/><V89/><F41/><N who="3" m="24719" /><G56/><T46/><D68/><U11/><E39/><N who="0" m="14921" /><D46/><U22/><E40/><V134/><F121/><W72/><G45/><T7/><D7/><U53/><E38/><V61/><F61/><W35/><G35/><T42/><D42/><U112/><E34/><V115/><F115/><W123/><G123/><T88/><D88/><U131/><E33/><V96/><F93/><AGARI ba="1,2" hai="62,65,71,87,91,93,124,126" m="14921,42569" machi="93" ten="30,11600,0" yaku="14,1,10,1,52,2" doraHai="133" who="0" fromWho="2" sc="250,139,250,0,260,-119,220,0" /><INIT seed="0,2,0,3,1,108" ten="389,250,141,220" oya="0" hai0="126,69,86,101,73,103,39,128,49,130,40,92,116" hai1="111,94,34,81,15,3,107,18,25,68,133,22,61" hai2="67,97,96,21,5,13,2,104,27,38,12,132,129" hai3="124,60,41,88,30,72,77,102,84,53,87,47,8"/><T131/><D73/><U75/><E111/><V121/><F38/><W123/><G124/><T10/><D116/><U125/><E125/><V100/><F121/><W71/><G123/><T46/><D69/><U37/><E107/><V7/><F129/><W32/><G102/><T63/><D63/><U51/><E133/><V14/><F132/><W127/><G127/><T35/><D35/><U28/><E37/><V99/><F2/><W16/><G72/><T59/><D126/><U135/><E135/><V78/><F78/><W110/><G110/><T89/><D10/><U115/><E3/><V74/><F74/><W66/><G77/><T26/><D26/><U76/><E94/><V23/><F104/><W122/><G53/><AGARI ba="2,0" hai="39,40,46,49,53,59,86,89,92,101,103,128,130,131" machi="53" ten="40,2000,0" yaku="19,1" doraHai="108" who="0" fromWho="3" sc="389,26,250,0,141,0,220,-26" /><INIT seed="0,3,0,4,5,4" ten="415,250,141,194" oya="0" hai0="16,2,72,117,55,80,100,3,71,130,50,69,101" hai1="23,24,124,27,99,53,85,77,98,49,94,76,10" hai2="52,31,38,9,127,42,19,29,28,59,114,17,30" hai3="108,93,121,92,26,97,118,63,58,75,32,7,54"/><T74/><D117/><U44/><E124/><V95/><N who="2" m="7168" /><DORA hai="1" /><V14/><F114/><W111/><G32/><T106/><D50/><U37/><E37/><V91/><F38/><W68/><G118/><T120/><D80/><U51/><E23/><V135/><F127/><W64/><G121/><T0/><D0/><U45/><E85/><N who="2" m="52719" /><F135/><W123/><G123/><T40/><D55/><U34/><E34/><V105/><F105/><W6/><G26/><T88/><D88/><U116/><E116/><V67/><F67/><W47/><G47/><T39/><D39/><U61/><E61/><N who="2" m="36071" /><F42/><W126/><G75/><T129/><D120/><U134/><E134/><V132/><F132/><W82/><G126/><T84/><D40/><U125/><E125/><V65/><F65/><W62/><G82/><T41/><D41/><U119/><E119/><V73/><F73/><W43/><G43/><T104/><D84/><U56/><E27/><V11/><F11/><W66/><G66/><T48/><D48/><U87/><E24/><V110/><F110/><N who="3" m="42027" /><G92/><T109/><D109/><U25/><E25/><V133/><F133/><W46/><G46/><T122/><D122/><U115/><E44/><V35/><F35/><W13/><G13/><T70/><D70/><U102/><E45/><V33/><F33/><W60/><G60/><T8/><D8/><U131/><E10/><V12/><F12/><W103/><AGARI ba="3,0" hai="6,7,54,58,62,63,64,68,93,97,103" m="42027" machi="103" ten="30,4000,0" yaku="14,1,52,2" doraHai="4,1" who="3" fromWho="3" sc="415,-23,250,-13,141,-13,194,49" /><INIT seed="1,0,0,4,1,112" ten="392,237,128,243" oya="1" hai0="37,7,49,38,130,79,89,2,61,86,70,105,68" hai1="125,41,63,18,60,11,32,55,53,124,36,85,40" hai2="27,50,78,24,106,107,91,122,76,71,94,65,8" hai3="75,132,5,15,97,33,6,39,119,58,118,57,19"/><U133/><E32/><V44/><F122/><W0/><G75/><T88/><D105/><U16/><E85/><V131/><F131/><W64/><G39/><T116/><D116/><N who="3" m="44585" /><G132/><T82/><D130/><U83/><E83/><V45/><F106/><W48/><G0/><T103/><D103/><U56/><E11/><V1/><F107/><W117/><N who="3" m="44593" /><W17/><DORA hai="4" /><G33/><T74/><D2/><U80/><E80/><V28/><F65/><W21/><G97/><T93/><D7/><N who="3" m="2569" /><G64/><T95/><D38/><U77/><E36/><V20/><F71/><W121/><G121/><T12/><D37/><U31/><E133/><V72/><F72/><W120/><G120/><T29/><D70/><U90/><E77/><V66/><F66/><W99/><G99/><T54/><D68/><U22/><E125/><V69/><F69/><W14/><G48/><T9/><D49/><U108/><E124/><V25/><F76/><W13/><G13/><T23/><D79/><U81/><E63/><V26/><F78/><W127/><G127/><T35/><D61/><U100/><E60/><V84/><F1/><W67/><G67/><T47/><D74/><U10/><E22/><AGARI ba="0,0" hai="14,15,17,19,21,22,57,58" m="2569,44593" machi="22" ten="40,8000,1" yaku="12,1,52,4" doraHai="112,4" who="3" fromWho="1" sc="392,0,237,-80,128,0,243,80" /><INIT seed="2,0,0,0,0,64" ten="392,157,128,323" oya="2" hai0="32,83,22,118,7,110,85,41,98,78,111,99,27" hai1="17,3,95,38,29,58,26,115,51,116,1,72,12" hai2="0,13,108,69,77,100,121,49,47,39,101,24,31" hai3="8,120,63,79,125,15,127,130,60,16,14,122,43"/><V11/><F0/><W34/><G34/><T62/><D32/><U94/><E116/><V19/><F121/><W36/><G79/><T92/><D41/><U89/><E115/><V67/><F39/><W107/><G107/><T33/><D7/><U40/><E72/><V117/><F117/><W128/><G43/><T132/><D33/><U103/><E103/><V5/><F5/><W71/><G36/><T65/><D132/><U126/><E126/><N who="3" m="48138" /><G14/><T106/><D106/><U109/><E109/><N who="0" m="41481" /><D92/><U105/><E94/><V4/><F108/><W134/><G134/><T76/><D76/><U25/><E105/><V74/><F4/><W54/><G54/><T82/><D82/><U70/><E40/><V56/><F77/><W84/><G84/><T133/><D133/><U104/><E95/><V48/><F74/><W66/><G60/><T81/><D81/><U102/><E104/><V123/><F123/><AGARI ba="0,0" hai="8,15,16,63,66,71,120,122,123,128,130" m="48138" machi="123" ten="30,3900,0" yaku="18,1,52,1,54,1" doraHai="64" who="3" fromWho="2" sc="392,0,157,0,128,-39,323,39" /><INIT seed="3,0,0,5,2,80" ten="392,157,89,362" oya="3" hai0="21,60,125,85,89,46,41,91,8,69,18,114,45" hai1="100,128,127,88,75,106,95,67,31,84,3,25,92" hai2="113,23,109,50,78,82,64,0,119,98,36,19,34" hai3="49,24,65,62,86,12,33,15,55,130,120,117,5"/><W30/><G117/><T73/><D73/><U110/><E3/><V54/><F0/><W13/><G120/><T121/><D121/><U134/><E75/><V37/><F34/><W81/><G130/><T66/><D125/><U72/><E72/><V63/><F109/><W118/><G118/><T97/><D8/><U90/><E127/><V124/><F113/><W11/><G55/><T22/><D22/><U51/><E67/><V35/><F35/><W9/><G49/><T68/><D68/><U28/><E134/><V122/><F119/><W112/><G112/><T29/><D29/><U39/><E39/><V102/><F122/><W99/><G99/><T104/><D114/><U79/><E79/><V53/><F124/><W47/><G47/><T74/><D74/><U133/><E133/><V2/><F2/><W26/><G26/><T4/><D4/><U71/><E71/><V61/><F37/><W16/><G12/><T38/><D46/><U44/><E110/><V126/><F36/><W48/><G48/><T115/><D115/><U116/><E128/><V42/><F126/><W77/><G62/><N who="2" m="23561" /><F64/><W58/><REACH who="3" step="1"/><G65/><REACH who="3" ten="392,157,89,352" step="2"/><T76/><D97/><U94/><E116/><V87/><F42/><W6/><G6/><T1/><D1/><U43/><E43/><V93/><F50/><W107/><G107/><T105/><D104/><U111/><E51/><V132/><F132/><W52/><G52/><N who="2" m="20073" /><F23/><W10/><G10/><T7/><D105/><U129/><E106/><V103/><F103/><W32/><G32/><T17/><D7/><U70/><E129/><V27/><F27/><RYUUKYOKU ba="0,1" sc="392,-15,157,-15,89,15,352,15" hai2="19,78,82,87,93,98,102" hai3="5,9,11,13,15,16,24,30,33,58,77,81,86" /><INIT seed="3,1,1,2,1,94" ten="377,142,104,367" oya="3" hai0="135,77,81,56,12,53,0,61,110,82,52,31,131" hai1="126,43,73,130,19,88,104,127,78,2,44,109,36" hai2="107,4,30,40,64,129,118,72,103,75,6,38,99" hai3="120,92,95,54,90,9,35,123,5,63,128,100,70"/><W101/><G35/><T25/><D0/><U22/><E109/><V119/><F129/><W55/><G128/><T49/><D131/><U39/><E130/><V79/><F30/><W20/><G70/><T47/><D110/><U71/><E71/><V45/><F64/><W32/><G32/><T97/><D135/><U121/><E121/><V80/><REACH who="2" step="1"/><F72/><REACH who="2" ten="377,142,94,367" step="2"/><W102/><G123/><T50/><D31/><U96/><E126/><V26/><F26/><W114/><G120/><T132/><D25/><U51/><E127/><V7/><AGARI ba="1,2" hai="4,6,7,38,40,45,75,79,80,99,103,107,118,119" machi="7" ten="30,4000,0" yaku="1,1,0,1,52,1,53,0" doraHai="94" doraHaiUra="8" who="2" fromWho="2" sc="377,-11,142,-11,94,63,367,-21" owari="366,46.6,131,-36.9,157,-24.3,346,14.6" /></mjloggm>