<mjloggm ver="2.3"><GO type="225" lobby="0"/><UN n0="%E3%81%AF%E3%82%88%E3%81%8A%E3%81%98%E3%81%95%E3%82%93" n1="%E6%80%AA%E3%81%97%E3%81%99%E3%81%8E%E3%82%8B%E3%83%81%E3%83%BC" n2="%65%6B%61%72%75%74%65" n3="%E3%81%82%E3%81%99%E3%81%AB%E3%82%83%E3%82%80" dan="17,16,16,16" rate="2195.42,2165.15,2111.71,2149.51" sx="M,M,M,F"/><TAIKYOKU oya="0"/><INIT seed="0,0,0,0,4,49" ten="250,250,250,250" oya="0" hai0="40,104,47,61,102,123,101,75,57,10,119,13,103" hai1="124,127,29,95,120,36,37,33,59,27,62,114,55" hai2="111,12,110,3,128,11,1,53,112,60,79,76,15" hai3="17,78,67,54,35,31,38,32,73,24,52,22,28"/><T16/><D119/><U44/><E120/><V72/><F112/><W82/><G38/><T108/><D123/><U109/><E114/><V2/><F128/><W98/><G67/><T58/><D75/><U118/><E118/><V51/><F60/><W4/><G4/><T117/><D117/><U46/><E109/><N who="2" m="41483" /><F72/><W107/><G107/><T100/><D108/><U30/><E30/><V93/><F93/><W77/><G77/><N who="2" m="29769" /><F11/><W25/><G98/><T81/><D81/><U42/><REACH who="1" step="1"/><E95/><REACH who="1" ten="250,240,250,250" step="2"/><V96/><F96/><W106/><REACH who="3" step="1"/><G106/><REACH who="3" ten="250,240,250,240" step="2"/><T41/><D104/><U125/><E125/><V122/><F122/><W116/><G116/><T134/><D134/><U19/><E19/><V131/><F131/><W14/><AGARI ba="0,2" hai="14,17,22,24,25,28,31,32,35,52,54,73,78,82" machi="14" ten="20,12000,2" yaku="1,1,0,1,7,1,9,1,52,2,54,1,53,0" doraHai="49" doraHaiUra="90" who="3" fromWho="3" sc="250,-60,240,-30,250,-30,240,140" /><INIT seed="1,0,0,4,4,80" ten="190,210,220,380" oya="1" hai0="73,132,128,126,78,60,70,133,103,33,2,63,96" hai1="27,130,122,38,55,107,69,134,9,135,30,110,32" hai2="14,125,118,5,42,18,97,31,129,34,85,120,116" hai3="124,50,84,106,90,47,79,15,89,20,67,16,108"/><U121/><E107/><V117/><F120/><N who="1" m="46185" /><E38/><V131/><F42/><W76/><G106/><T92/><D2/><U109/><E69/><V26/><F97/><W95/><G108/><N who="1" m="41578" /><E55/><V44/><F44/><W65/><G124/><T39/><D33/><U4/><E130/><N who="2" m="49675" /><F85/><N who="3" m="52655" /><G67/><T72/><D39/><U111/><N who="1" m="41586" /><U53/><DORA hai="61" /><E53/><V105/><F105/><W74/><G65/><T51/><D128/><U81/><E81/><V8/><F125/><W102/><G102/><T91/><D126/><U119/><E119/><V19/><AGARI ba="0,0" hai="5,8,14,18,19,26,31,34,116,117,118" m="49675" machi="19" ten="40,5200,0" yaku="19,1,34,2" doraHai="80,61" who="2" fromWho="2" sc="190,-13,210,-26,220,52,380,-13" /><INIT seed="2,0,0,4,1,107" ten="177,184,272,367" oya="2" hai0="120,80,109,98,114,58,89,50,124,1,72,91,133" hai1="42,32,99,62,74,28,118,77,69,9,122,49,134" hai2="22,128,34,112,35,19,103,68,102,2,55,90,57" hai3="97,79,33,4,85,127,84,10,46,108,53,135,17"/><V78/><F112/><W82/><G108/><T40/><D120/><U39/><E118/><V31/><F68/><W18/><G33/><T59/><D1/><U37/><E122/><V63/><F2/><W6/><G135/><T61/><D114/><U100/><E134/><V27/><F128/><W104/><G127/><T45/><D124/><U65/><E9/><V76/><F35/><W14/><G104/><T7/><D133/><U67/><E67/><V101/><REACH who="2" step="1"/><F90/><REACH who="2" ten="177,184,262,367" step="2"/><W117/><G117/><T119/><D89/><U21/><E32/><V94/><F94/><W0/><G0/><T15/><D119/><U48/><E69/><V56/><F56/><W13/><G4/><T75/><D58/><U110/><E110/><V87/><F87/><W25/><G84/><T71/><D71/><U88/><E88/><V126/><F126/><W81/><G6/><T54/><D109/><U38/><E99/><V30/><F30/><W8/><G97/><T132/><D132/><U43/><E28/><V83/><F83/><W125/><G125/><T111/><D111/><U93/><E93/><V73/><F73/><W130/><G82/><T106/><D106/><U20/><E74/><V41/><F41/><W105/><G130/><T64/><D40/><U66/><E42/><V70/><F70/><W11/><G105/><T121/><D121/><U52/><E43/><V23/><F23/><W123/><G123/><T5/><D7/><U26/><E21/><V16/><F16/><W95/><G18/><T113/><D113/><U29/><E20/><V12/><AGARI ba="0,1" hai="12,19,22,27,31,34,55,57,63,76,78,101,102,103" machi="12" ten="30,3000,0" yaku="1,1,0,1,53,0" doraHai="107" doraHaiUra="116" who="2" fromWho="2" sc="177,-10,184,-10,262,40,367,-10" /><INIT seed="2,1,0,3,4,58" ten="167,174,302,357" oya="2" hai0="60,76,29,21,100,40,44,67,2,119,112,25,41" hai1="88,5,94,3,38,32,10,111,133,73,39,51,131" hai2="79,92,64,110,11,62,33,35,109,98,20,105,108" hai3="1,107,117,93,50,22,48,17,135,55,16,0,120"/><V28/><F105/><W36/><G107/><T71/><D112/><U47/><E111/><V8/><F79/><W101/><G36/><T77/><D2/><U125/><E131/><V65/><F65/><W118/><G120/><T61/><D119/><U127/><E133/><V59/><F20/><W129/><G129/><T9/><D100/><U31/><E73/><V83/><F83/><W84/><G135/><T6/><D41/><N who="1" m="25071" /><E31/><V52/><F64/><W80/><G101/><T34/><D34/><N who="2" m="12810" /><F28/><W87/><G93/><T43/><D43/><U74/><E74/><V15/><F15/><W91/><G0/><T56/><D9/><U23/><E23/><V134/><F134/><W14/><G1/><T106/><D6/><U126/><E32/><V45/><F45/><W113/><G113/><T103/><D103/><AGARI ba="1,0" hai="8,11,52,59,62,92,98,103,108,109,110" m="12810" machi="103" ten="40,12000,1" yaku="14,1,10,1,52,1,54,1" doraHai="58" who="2" fromWho="0" sc="167,-123,174,0,302,123,357,0" /><INIT seed="2,2,0,3,4,123" ten="44,174,425,357" oya="2" hai0="23,106,82,109,80,35,97,36,115,32,13,111,113" hai1="56,83,74,31,100,3,65,87,44,107,43,4,8" hai2="133,67,30,96,38,132,64,104,86,131,37,108,5" hai3="45,26,41,10,110,19,84,25,22,21,76,71,120"/><V75/><F75/><W53/><G120/><T34/><D36/><N who="1" m="21607" /><E31/><V101/><F131/><W51/><G71/><T42/><D42/><U24/><E24/><V55/><F5/><W63/><G10/><T126/><D126/><U11/><E11/><V99/><F30/><W72/><G72/><T57/><D57/><U103/><E87/><V9/><F55/><W17/><G110/><N who="0" m="41995" /><D106/><U124/><E107/><V105/><F86/><W90/><G76/><T119/><D97/><U122/><E122/><V127/><F9/><W130/><G130/><T58/><D58/><U98/><E98/><V93/><F108/><W85/><G90/><T18/><D119/><U91/><E91/><V50/><F127/><W2/><G2/><T59/><D59/><AGARI ba="2,0" hai="17,19,21,22,25,26,41,45,51,53,59,63,84,85" machi="59" ten="40,2600,0" yaku="9,1,8,1" doraHai="123" who="3" fromWho="0" sc="44,-32,174,0,425,0,357,32" /><INIT seed="3,0,0,0,3,20" ten="12,174,425,389" oya="3" hai0="124,12,49,134,114,88,63,121,25,11,44,21,120" hai1="10,70,33,115,28,18,48,75,6,123,46,42,132" hai2="50,9,35,104,51,87,4,108,80,107,8,74,76" hai3="119,98,39,37,110,109,2,118,52,55,94,90,95"/><W79/><G2/><T59/><D124/><U29/><E115/><V133/><F35/><W86/><G79/><T81/><D134/><U30/><E70/><V67/><F133/><W131/><G131/><T60/><D114/><U61/><E75/><V26/><F108/><N who="3" m="41579" /><G39/><T128/><D128/><U22/><E123/><V93/><F104/><W125/><G37/><T91/><D120/><U5/><E33/><V100/><F67/><W16/><G16/><T72/><D72/><U19/><E132/><V105/><F105/><W89/><G125/><T92/><D121/><U126/><E126/><V64/><F64/><W77/><G77/><T40/><D81/><U85/><E61/><V34/><F9/><W112/><G112/><T106/><D106/><U129/><E129/><V17/><F4/><W58/><G55/><T3/><D3/><U1/><E6/><V27/><F8/><W24/><G24/><T56/><D11/><U41/><E41/><V84/><F74/><W82/><G95/><T135/><D12/><U53/><E42/><V101/><F107/><W116/><G116/><T57/><D135/><U38/><E38/><V111/><F111/><W7/><G7/><T83/><D83/><U130/><E130/><V71/><F27/><W66/><G66/><T32/><D32/><U97/><E97/><V14/><F34/><W78/><G78/><T36/><D36/><U99/><E99/><V96/><F26/><W45/><G45/><T113/><D113/><U47/><E46/><V117/><F117/><W73/><G73/><T102/><D44/><U31/><E22/><RYUUKYOKU ba="0,0" sc="12,-10,174,-10,425,-10,389,30" hai3="52,58,82,86,89,90,94,98,118,119" owari="2,-49.8,164,-23.6,415,21.5,419,51.9" /></mjloggm>