<mjloggm ver="2.3"><GO type="225" lobby="0"/><UN n0="%E6%A1%9C%E8%8A%B1%E9%96%83%E3%80%85" n1="%E7%B4%94%E6%BD%94%E3%83%94%E3%83%A9%E3%83%8B%E3%82%A2" n2="%72%69%6F%75%63%68%61%6E" n3="%E3%81%8B%E3%82%8F%E3%81%A1%E3%82%83%E3%82%93%35%38" dan="16,16,16,17" rate="2161.34,2135.34,2161.00,2144.73" sx="M,M,M,M"/><TAIKYOKU oya="0"/><INIT seed="0,0,0,1,0,89" ten="250,250,250,250" oya="0" hai0="121,116,128,69,44,133,75,81,20,72,42,1,97" hai1="50,125,27,5,108,87,109,11,117,47,25,99,3" hai2="17,16,40,29,94,33,107,57,53,92,126,58,52" hai3="36,37,67,39,129,86,62,12,28,23,7,4,98"/><T134/><D116/><U61/><E125/><V84/><F107/><W26/><G129/><T43/><D121/><U30/><E117/><V106/><F106/><W74/><G74/><N who="0" m="28203" /><D1/><U101/><E87/><V66/><F126/><W31/><G31/><T85/><D69/><U14/><E61/><N who="2" m="38191" /><F33/><W70/><G86/><T19/><D97/><U132/><E132/><N who="0" m="50793" /><D44/><U6/><E6/><V49/><F29/><W9/><G4/><T68/><D68/><U127/><E3/><V82/><F40/><W90/><REACH who="3" step="1"/><G37/><REACH who="3" ten="250,250,250,240" step="2"/><T41/><D128/><U8/><E127/><V95/><F53/><W93/><AGARI ba="0,1" hai="7,9,12,23,26,28,36,39,62,67,70,90,93,98" machi="93" ten="30,8000,1" yaku="1,1,2,1,0,1,52,1,53,1" doraHai="89" doraHaiUra="22" who="3" fromWho="3" sc="250,-40,250,-20,250,-20,240,90" /><INIT seed="1,0,0,5,4,89" ten="210,230,230,330" oya="1" hai0="114,82,103,33,85,90,66,25,1,62,24,135,95" hai1="9,23,78,36,51,26,17,91,80,61,118,111,104" hai2="81,30,3,98,35,47,42,8,59,84,92,14,70" hai3="49,105,119,65,77,15,60,74,100,123,71,48,97"/><U83/><E118/><V22/><F70/><W37/><G123/><T99/><D114/><U72/><E36/><V45/><F35/><W131/><G37/><T112/><D112/><U52/><E104/><V67/><F3/><W75/><G77/><T7/><D135/><U21/><E61/><N who="2" m="38335" /><F42/><W120/><G120/><T127/><D127/><U133/><E133/><V11/><F30/><W34/><G119/><T116/><D116/><U87/><E111/><V29/><F29/><W6/><G34/><T102/><D102/><U46/><E26/><V69/><F22/><W134/><G134/><T122/><D33/><U56/><E56/><V16/><F11/><W58/><G49/><T115/><D115/><U20/><REACH who="1" step="1"/><E9/><REACH who="1" ten="210,220,230,330" step="2"/><V44/><F69/><W106/><G106/><T19/><D122/><U40/><E40/><V28/><F28/><W86/><G71/><T107/><D107/><U55/><E55/><V50/><F50/><W2/><G48/><T101/><D25/><U79/><E79/><N who="2" m="46143" /><F44/><W57/><G57/><T5/><D62/><U94/><E94/><V128/><F128/><W63/><G63/><T43/><D43/><U27/><AGARI ba="0,1" hai="17,20,21,23,27,46,51,52,72,78,80,83,87,91" machi="27" ten="20,7800,0" yaku="1,1,0,1,7,1,54,1,53,0" doraHai="89" doraHaiUra="10" who="1" fromWho="1" sc="210,-26,220,88,230,-26,330,-26" /><INIT seed="1,1,0,3,1,128" ten="184,308,204,304" oya="1" hai0="80,75,110,53,19,76,15,99,2,50,67,37,109" hai1="7,11,72,94,43,29,87,3,68,103,120,31,66" hai2="77,93,108,33,62,46,23,97,82,91,56,81,39" hai3="98,17,25,32,55,112,106,133,63,40,14,69,114"/><U113/><E113/><V24/><F108/><N who="0" m="41578" /><D37/><U44/><E120/><V38/><F33/><W90/><G40/><T1/><D67/><U61/><E72/><V45/><F38/><W22/><G55/><T36/><D99/><U89/><REACH who="1" step="1"/><E103/><REACH who="1" ten="184,298,204,304" step="2"/><V70/><F70/><W83/><G112/><T129/><D129/><U10/><E10/><V48/><F39/><AGARI ba="1,1" hai="3,7,11,29,31,39,43,44,61,66,68,87,89,94" machi="39" ten="30,2900,0" yaku="1,1,7,1,53,0" doraHai="128" doraHaiUra="12" who="1" fromWho="2" sc="184,0,298,42,204,-32,304,0" /><INIT seed="1,2,0,4,4,41" ten="184,340,172,304" oya="1" hai0="73,74,118,53,81,38,30,19,88,22,85,5,99" hai1="92,59,69,66,42,108,26,56,100,61,70,2,9" hai2="34,8,98,125,109,14,10,25,39,72,44,132,90" hai3="87,135,127,11,121,113,31,95,107,52,24,102,91"/><U122/><E122/><V103/><F72/><W105/><G121/><T114/><D114/><U133/><E42/><V130/><F125/><W21/><G113/><T131/><D118/><U46/><E133/><V64/><F132/><W67/><G135/><T119/><D119/><U54/><E26/><V77/><F130/><W128/><G128/><T28/><D131/><U62/><E108/><V101/><F109/><W89/><G127/><T48/><D38/><U117/><E117/><V32/><F77/><W94/><G67/><T78/><D5/><U57/><E100/><V45/><F64/><W80/><G102/><N who="2" m="38921" /><F39/><W112/><G112/><T110/><D74/><U40/><E92/><N who="2" m="56599" /><F32/><W4/><G52/><T36/><D36/><N who="1" m="21767" /><E9/><N who="2" m="3691" /><F34/><W7/><G7/><T55/><D110/><U79/><E79/><V124/><F124/><W63/><G63/><T97/><D97/><U71/><E2/><V93/><F25/><W126/><G126/><T58/><D99/><U6/><E6/><V120/><F120/><W86/><REACH who="3" step="1"/><G80/><REACH who="3" ten="184,340,172,294" step="2"/><T106/><D106/><U35/><E35/><V37/><F93/><W96/><G96/><T111/><D111/><U51/><E66/><V83/><F83/><W17/><G17/><T15/><D55/><U43/><E43/><V82/><F82/><AGARI ba="2,1" hai="15,19,22,28,30,48,53,58,73,78,81,82,85,88" machi="82" ten="30,2000,0" yaku="7,1,54,1" doraHai="41" who="0" fromWho="2" sc="184,36,340,0,172,-26,294,0" /><INIT seed="2,0,0,2,1,40" ten="220,340,146,294" oya="2" hai0="30,15,81,94,12,25,59,74,32,99,113,80,19" hai1="135,109,9,76,111,53,70,58,122,75,51,92,117" hai2="31,110,69,60,107,23,44,98,114,46,29,62,106" hai3="55,124,11,121,101,61,104,0,129,134,96,126,5"/><V87/><F114/><W49/><G121/><T103/><D113/><U50/><E117/><V54/><F110/><N who="1" m="41993" /><E70/><V65/><F87/><W14/><G134/><T13/><D74/><U22/><E135/><V45/><F23/><W57/><G129/><T119/><D119/><U26/><E122/><V118/><F118/><W112/><G112/><T123/><D123/><U71/><E71/><V52/><F98/><W21/><G21/><T108/><D108/><U2/><E92/><V64/><F45/><W16/><G0/><T36/><D36/><U90/><E90/><V97/><F97/><W48/><REACH who="3" step="1"/><G5/><REACH who="3" ten="220,340,146,284" step="2"/><T73/><D32/><U63/><E2/><V43/><F69/><W131/><G131/><T89/><D19/><N who="1" m="12639" /><E9/><V68/><F68/><W132/><G132/><T18/><D18/><U84/><E75/><V125/><REACH who="2" step="1"/><F43/><REACH who="2" ten="220,340,136,284" step="2"/><W24/><G24/><T120/><D120/><U86/><E86/><V79/><F79/><W33/><G33/><T116/><D116/><U6/><E84/><V38/><F38/><W128/><G128/><T95/><D73/><U17/><E76/><V88/><F88/><W7/><G7/><T82/><D25/><U8/><E6/><V85/><F85/><W93/><G93/><T1/><D95/><U10/><E10/><V47/><F47/><W115/><G115/><T130/><D130/><U91/><E91/><V102/><F102/><W37/><G37/><T4/><D103/><U100/><E100/><V66/><F66/><W39/><G39/><T83/><D89/><U28/><E28/><V127/><AGARI ba="0,2" hai="29,31,44,46,52,54,60,62,64,65,106,107,125,127" machi="127" ten="25,24000,3" yaku="1,1,0,1,22,2,52,2,54,1,53,2" doraHai="40" doraHaiUra="42" who="2" fromWho="2" sc="220,-80,340,-80,136,260,284,-80" /><INIT seed="2,1,0,1,2,97" ten="140,260,396,204" oya="2" hai0="62,94,76,38,90,87,21,39,117,64,81,106,125" hai1="26,91,33,128,123,58,124,1,114,111,107,112,11" hai2="92,8,30,66,22,80,104,99,134,55,59,63,9" hai3="56,23,122,51,42,43,67,12,83,126,68,34,120"/><V132/><F104/><W95/><G34/><T17/><D125/><U93/><E58/><V52/><F80/><W115/><G95/><T2/><D2/><U78/><E11/><V96/><F96/><W109/><G12/><T133/><D133/><N who="2" m="51306" /><F8/><W25/><G23/><T88/><D106/><U130/><E26/><N who="2" m="16727" /><F9/><W129/><G25/><T46/><D117/><U102/><E33/><V7/><F7/><W44/><G83/><T82/><D82/><U73/><E1/><V13/><F13/><W71/><G126/><T72/><D46/><U47/><E47/><V29/><F29/><W36/><G115/><T65/><D90/><AGARI ba="1,0" hai="52,55,59,63,66,90,92,99" m="16727,51306" machi="90" ten="30,2900,0" yaku="20,1,54,1" doraHai="97" who="2" fromWho="0" sc="140,-32,260,0,396,32,204,0" /><INIT seed="2,2,0,0,3,35" ten="108,260,428,204" oya="2" hai0="111,50,93,37,21,123,70,17,87,41,59,116,75" hai1="19,52,99,71,134,121,69,89,22,68,81,46,132" hai2="117,106,131,44,32,24,118,100,13,80,79,122,14" hai3="78,36,65,42,95,58,92,133,64,62,48,5,98"/><V110/><F122/><W38/><G133/><N who="1" m="51306" /><E121/><V4/><F131/><W51/><G78/><T112/><D123/><U83/><E99/><V16/><F4/><W124/><G95/><T113/><D75/><U135/><N who="1" m="51314" /><U103/><DORA hai="34" /><E89/><V88/><F13/><W1/><G124/><T45/><D111/><U66/><E66/><V96/><F110/><W67/><G5/><T39/><D116/><U84/><E84/><V61/><F61/><W109/><G109/><T15/><D70/><N who="1" m="17923" /><U74/><DORA hai="3" /><E103/><V105/><F105/><W6/><G38/><T7/><D7/><U129/><E74/><V2/><F2/><W18/><G18/><T57/><D39/><U91/><E91/><V0/><F0/><W33/><G36/><T11/><D11/><U47/><E129/><V31/><F44/><N who="1" m="16937" /><E52/><V130/><F130/><W119/><G119/><T25/><D59/><U49/><E49/><V9/><REACH who="2" step="1"/><F88/><REACH who="2" ten="108,260,418,204" step="2"/><W125/><G62/><T128/><D128/><U12/><AGARI ba="2,1" hai="12,19,22,81,83" m="16937,17923,51314" machi="12" ten="60,2000,0" yaku="20,1" doraHai="35,34,3" who="1" fromWho="1" sc="108,-7,260,36,418,-12,204,-7" /><INIT seed="3,0,0,0,4,45" ten="101,296,406,197" oya="3" hai0="100,90,102,19,129,42,98,38,69,105,58,85,22" hai1="13,50,130,3,125,128,12,18,26,76,4,91,2" hai2="7,83,28,16,101,57,55,37,43,124,49,115,80" hai3="133,48,21,126,53,15,29,74,52,11,99,122,117"/><W39/><G39/><T62/><D129/><U92/><E76/><V56/><F115/><W10/><G122/><T32/><D32/><U93/><E125/><V40/><F124/><W97/><G117/><T24/><D69/><U5/><E26/><V106/><F7/><W47/><G74/><T20/><D38/><U33/><E33/><V131/><F131/><W63/><G133/><T114/><D114/><U51/><E91/><V116/><F116/><W121/><G121/><T119/><D119/><U73/><REACH who="1" step="1"/><E18/><REACH who="1" ten="101,286,406,197" step="2"/><V1/><F16/><N who="3" m="10399" /><G29/><T109/><D109/><U46/><E46/><V120/><F28/><W44/><G126/><T59/><D42/><U61/><E61/><V95/><F40/><W82/><G82/><T123/><D123/><U108/><E108/><V25/><F83/><W134/><G134/><T81/><D102/><U31/><E31/><V94/><F80/><W107/><G107/><T9/><D9/><N who="3" m="3081" /><G44/><T0/><D0/><U6/><E6/><V118/><F106/><W104/><G104/><T96/><D96/><N who="3" m="36937" /><G63/><T71/><D71/><U75/><AGARI ba="0,1" hai="2,3,4,5,12,13,50,51,73,75,92,93,128,130" machi="75" ten="25,16000,3" yaku="1,1,0,1,22,2,52,2,53,2" doraHai="45" doraHaiUra="34" who="1" fromWho="1" sc="101,-40,286,170,406,-40,197,-80" owari="61,-43.9,456,55.6,366,16.6,117,-28.3" /></mjloggm>