<mjloggm ver="2.3"><GO type="225" lobby="0"/><UN n0="%6D%75%75%6D%75%72%61" n1="%72%65%6E%6B%75%6E" n2="%E3%82%BC%E3%83%AB%E3%83%80%E3%81%AE%E4%BC%9D%E8%AA%AC" n3="%E7%B4%94%E6%BD%94%E3%83%94%E3%83%A9%E3%83%8B%E3%82%A2" dan="16,17,16,17" rate="2128.36,2315.64,2198.53,2279.84" sx="F,M,M,M"/><TAIKYOKU oya="0"/><INIT seed="0,0,0,4,0,128" ten="250,250,250,250" oya="0" hai0="1,54,125,131,99,82,50,56,9,91,111,76,65" hai1="71,11,20,85,49,104,127,95,73,5,34,2,123" hai2="120,25,53,124,30,115,24,68,15,32,118,108,46" hai3="38,55,4,93,12,69,23,75,62,22,21,14,88"/><T121/><D121/><U83/><E34/><V122/><F115/><W48/><G38/><T135/><D131/><U107/><E123/><V87/><F68/><W72/><G69/><T10/><D125/><U64/><E73/><V106/><F106/><W126/><G126/><T79/><D111/><U102/><E127/><V98/><F124/><W101/><G101/><T19/><D1/><U51/><E20/><V28/><F108/><W29/><G62/><N who="0" m="38087" /><D135/><U59/><E71/><V77/><F118/><W44/><G29/><T40/><D40/><U86/><E49/><V67/><F67/><W116/><G116/><T57/><D19/><U35/><E35/><V18/><F98/><W45/><G45/><T60/><D60/><U17/><E17/><V89/><F77/><N who="0" m="29770" /><D82/><U90/><E102/><V58/><F46/><W36/><G36/><T16/><D16/><U130/><E130/><V103/><F103/><W33/><G33/><T113/><D113/><U134/><E134/><V70/><F70/><W7/><G72/><T129/><D129/><U39/><E39/><V42/><F42/><W13/><REACH who="3" step="1"/><G75/><REACH who="3" ten="250,250,250,240" step="2"/><T61/><D61/><U109/><E109/><V92/><F122/><W114/><G114/><T80/><D99/><AGARI ba="0,1" hai="4,7,12,13,14,21,22,23,44,48,55,88,93,99" machi="99" ten="40,5200,0" yaku="1,1,8,1,54,1,53,0" doraHai="128" doraHaiUra="119" who="3" fromWho="0" sc="250,-52,250,0,250,0,240,62" /><INIT seed="1,0,0,3,0,59" ten="198,250,250,302" oya="1" hai0="90,130,13,15,94,117,116,57,12,86,50,37,28" hai1="55,61,30,92,19,96,121,46,70,56,52,85,120" hai2="124,103,44,63,29,76,88,53,33,65,58,18,41" hai3="1,114,102,97,132,73,106,31,77,26,34,91,128"/><U7/><E70/><V22/><F124/><W84/><G114/><T109/><D109/><U83/><E30/><V11/><F76/><W79/><G128/><T81/><D130/><U5/><E120/><V17/><F103/><W0/><G132/><T72/><D37/><U10/><E19/><V108/><F108/><W71/><G71/><T38/><D38/><U47/><E55/><V67/><F33/><W16/><G16/><N who="2" m="6249" /><F11/><W126/><G126/><T66/><D28/><U123/><E123/><V93/><F44/><W9/><G9/><T107/><D107/><U111/><E111/><V133/><F41/><W54/><G54/><T125/><D125/><U25/><E25/><N who="2" m="16567" /><F133/><W62/><G62/><T80/><D50/><U75/><E75/><V23/><F23/><W35/><G35/><T87/><D72/><U112/><E112/><V42/><F42/><W36/><G36/><T129/><D129/><U69/><E69/><V45/><F45/><N who="1" m="16905" /><E10/><V105/><F105/><W110/><G110/><T131/><D131/><U4/><E121/><V21/><F21/><W3/><REACH who="3" step="1"/><G73/><REACH who="3" ten="198,250,250,292" step="2"/><T118/><REACH who="0" step="1"/><D86/><AGARI ba="0,1" hai="53,58,63,65,67,86,88,93" m="16567,6249" machi="86" ten="30,7700,0" yaku="8,1,52,1,54,2" doraHai="59" who="2" fromWho="0" sc="198,-77,250,0,250,87,292,0" /><INIT seed="2,0,0,1,5,128" ten="121,250,337,292" oya="2" hai0="54,31,117,33,21,102,60,80,93,87,85,123,34" hai1="107,26,55,74,61,47,115,28,126,16,108,124,7" hai2="24,132,68,110,46,49,56,44,131,133,19,70,17" hai3="13,63,66,41,111,51,81,91,101,130,27,90,118"/><V125/><F131/><W50/><G130/><T134/><D123/><U94/><E107/><V18/><F125/><N who="1" m="48233" /><E74/><V8/><F110/><W52/><G111/><T67/><D117/><U4/><E115/><V10/><F56/><W100/><G118/><T86/><D80/><U25/><E108/><V79/><F79/><W42/><G27/><T89/><D102/><N who="3" m="39529" /><G13/><T122/><D122/><U2/><E2/><V99/><F24/><W105/><G105/><T83/><D33/><N who="1" m="20623" /><E94/><V43/><F99/><W116/><G116/><T48/><D34/><U109/><E109/><V72/><F72/><W112/><G112/><T75/><D75/><U106/><E106/><V40/><F19/><W88/><G81/><T57/><D134/><U23/><E47/><V73/><F73/><W135/><G135/><T3/><D3/><U64/><E55/><V103/><F103/><W14/><G14/><T45/><REACH who="0" step="1"/><D83/><REACH who="0" ten="111,250,337,292" step="2"/><U6/><E6/><V96/><F133/><W113/><G113/><T104/><D104/><U92/><E92/><V1/><F132/><W35/><G35/><T62/><D62/><U84/><E84/><V97/><F1/><W69/><G51/><AGARI ba="0,1" hai="8,10,17,18,40,43,44,46,49,51,68,70,96,97" machi="51" ten="25,2400,0" yaku="22,2" doraHai="128" who="2" fromWho="3" sc="111,0,250,0,337,34,292,-24" /><INIT seed="2,1,0,4,4,8" ten="111,250,371,268" oya="2" hai0="25,1,102,77,78,5,49,71,87,61,84,32,50" hai1="60,63,103,54,33,66,129,127,62,131,31,116,59" hai2="72,106,69,108,124,48,85,93,107,88,70,115,64" hai3="126,38,22,134,97,98,17,114,21,24,28,99,57"/><V101/><F115/><W20/><G114/><T81/><D102/><U95/><E116/><V94/><F72/><W12/><G38/><T9/><D71/><U7/><E7/><V39/><F39/><W26/><G126/><T43/><D61/><N who="1" m="36087" /><E127/><V117/><F117/><W14/><G134/><T16/><D32/><U105/><E105/><V130/><F124/><W13/><REACH who="3" step="1"/><G57/><REACH who="3" ten="111,250,371,258" step="2"/><T121/><D121/><U123/><E123/><V73/><F70/><W44/><G44/><T120/><D120/><U47/><E47/><V45/><F45/><W119/><G119/><T125/><D125/><U111/><E111/><V89/><F69/><W68/><G68/><T27/><D43/><U132/><E132/><V3/><F108/><W42/><G42/><T56/><D56/><U76/><E66/><V133/><F64/><W18/><AGARI ba="1,1" hai="12,13,14,17,18,20,21,22,24,26,28,97,98,99" machi="18" ten="30,12000,2" yaku="1,1,0,1,8,1,52,3,53,0" doraHai="8" doraHaiUra="46" who="3" fromWho="3" sc="111,-31,250,-31,371,-61,258,133" /><INIT seed="3,0,0,2,2,66" ten="80,219,310,391" oya="3" hai0="2,14,19,90,122,128,121,135,132,15,37,42,3" hai1="39,114,130,81,107,98,31,115,8,102,9,101,116" hai2="57,34,47,120,45,76,93,104,5,78,85,74,65" hai3="56,94,131,12,7,1,129,20,109,133,41,77,126"/><W89/><G126/><T79/><D79/><U61/><E39/><V67/><F34/><W46/><G133/><N who="0" m="51275" /><D37/><U73/><E73/><V54/><F104/><W48/><G77/><T13/><D42/><U29/><E61/><V10/><F120/><N who="0" m="46186" /><D90/><U113/><E116/><V86/><F74/><W59/><G1/><N who="0" m="11" /><D128/><N who="3" m="49225" /><G109/><T0/><N who="0" m="19" /><T17/><AGARI ba="0,0" hai="13,14,15,17,19" m="19,46186,51275" machi="17" ten="60,12000,2" yaku="4,1,28,2,20,1,34,2" doraHai="66" who="0" fromWho="0" sc="80,120,219,-30,310,-30,391,-60" owari="200,-20.0,189,-31.1,280,8.0,331,43.1" /></mjloggm>