<mjloggm ver="2.3"><GO type="225" lobby="0"/><UN n0="%70%68%65%6E%6F%6D%65" n1="%E9%B3%B3%E6%9D%B1%E3%81%AE%E3%81%86%E3%81%95%E3%81%8E%E3%81%95%E3%82%93" n2="%E5%80%89%E6%A9%8B%EF%BC%A0%E4%BA%8B%E5%8B%99" n3="%6D%75%75%6D%75%72%61" dan="17,16,16,17" rate="2183.92,2167.60,2108.27,2191.20" sx="M,M,M,F"/><TAIKYOKU oya="0"/><INIT seed="0,0,0,2,2,78" ten="250,250,250,250" oya="0" hai0="63,66,55,45,34,98,116,120,4,96,62,118,17" hai1="90,126,20,27,87,113,89,72,29,114,109,11,131" hai2="1,51,18,8,56,76,121,46,102,128,82,84,6" hai3="47,104,14,81,112,48,108,125,25,2,83,95,105"/><T24/><D120/><U13/><E109/><V97/><F128/><W79/><G2/><T77/><D4/><U38/><E131/><V94/><F121/><W5/><G112/><N who="1" m="43114" /><E126/><V100/><F56/><W67/><G108/><T129/><D129/><U39/><E72/><V43/><REACH who="2" step="1"/><F18/><REACH who="2" ten="250,250,240,250" step="2"/><W9/><G125/><T68/><D17/><N who="1" m="8383" /><E90/><AGARI ba="0,1" hai="1,6,8,43,46,51,76,82,84,90,94,97,100,102" machi="90" ten="30,7700,0" yaku="1,1,7,1,52,1,53,1" doraHai="78" doraHaiUra="32" who="2" fromWho="1" sc="250,0,250,-77,240,87,250,0" /><INIT seed="1,0,0,5,1,90" ten="250,173,327,250" oya="1" hai0="125,36,0,67,35,107,87,106,109,81,34,102,42" hai1="39,25,92,116,83,100,74,130,69,94,6,119,38" hai2="52,19,91,48,120,133,45,80,23,56,65,10,134" hai3="96,11,59,33,22,132,63,13,60,79,99,31,105"/><U127/><E69/><V30/><F120/><W76/><G33/><T71/><D0/><U17/><E6/><V8/><F30/><W40/><G132/><N who="2" m="50793" /><F80/><W1/><G1/><T82/><D82/><U66/><E66/><V44/><F91/><W72/><G40/><T49/><D36/><U121/><E121/><V29/><F29/><W37/><G37/><T51/><D109/><U101/><E25/><N who="2" m="14591" /><F65/><W20/><G105/><T16/><D107/><U84/><E17/><V86/><F86/><W24/><G22/><T54/><D16/><U55/><E55/><N who="2" m="30087" /><F45/><W85/><G72/><T114/><D87/><U129/><E74/><V64/><F64/><N who="3" m="38943" /><G63/><AGARI ba="0,0" hai="8,10,52,56,63" m="30087,14591,50793" machi="63" ten="30,2000,0" yaku="20,1,54,1" doraHai="90" who="2" fromWho="3" sc="250,0,173,0,327,20,250,-20" /><INIT seed="2,0,0,5,1,83" ten="250,173,347,230" oya="2" hai0="90,1,44,94,29,10,109,69,37,43,76,53,22" hai1="47,54,126,118,70,61,34,86,46,59,0,55,103" hai2="45,106,35,12,32,5,25,56,72,20,49,57,105" hai3="87,93,23,124,73,63,115,117,133,60,3,116,80"/><V100/><F72/><W71/><G124/><T74/><D69/><U123/><E118/><V129/><F129/><W17/><G133/><T19/><D109/><U125/><E0/><V91/><F5/><W121/><G121/><T135/><D135/><U21/><E34/><V131/><F12/><W9/><G115/><T8/><D29/><U108/><E103/><V52/><F131/><W122/><G122/><T64/><D64/><U85/><E123/><V50/><F100/><W38/><G38/><T104/><D104/><U127/><E108/><V24/><F91/><W81/><G93/><T77/><D53/><N who="1" m="19979" /><E70/><V110/><F52/><W41/><G41/><T11/><D1/><U33/><E33/><V48/><F48/><W102/><G102/><T2/><D2/><U7/><E7/><V13/><F110/><W42/><G42/><T36/><D74/><U31/><E59/><V27/><F27/><W4/><G71/><T96/><REACH who="0" step="1"/><D36/><REACH who="0" ten="240,173,347,230" step="2"/><U84/><E61/><V62/><F62/><W99/><G63/><T51/><D51/><U89/><E89/><V132/><F132/><W95/><G60/><T97/><D97/><U66/><E66/><V112/><F106/><W128/><G128/><T58/><D58/><U119/><E119/><N who="3" m="45642" /><G99/><T26/><AGARI ba="0,1" hai="8,10,11,19,22,26,37,43,44,76,77,90,94,96" machi="26" ten="30,4000,0" yaku="1,1,0,1,53,1" doraHai="83" doraHaiUra="15" who="0" fromWho="0" sc="240,50,173,-10,347,-20,230,-10" /><INIT seed="3,0,0,5,3,91" ten="290,163,327,220" oya="3" hai0="5,25,15,46,23,132,84,34,8,64,31,85,20" hai1="4,110,19,80,120,42,127,52,22,105,108,41,119" hai2="27,88,115,38,43,62,45,3,81,77,67,35,79" hai3="18,69,13,28,129,95,40,99,118,92,36,39,16"/><W71/><G118/><T26/><D132/><U2/><E120/><V49/><F115/><W0/><G0/><T14/><D64/><U116/><E105/><V51/><F3/><W61/><G129/><T128/><D128/><U9/><E80/><V111/><F111/><N who="1" m="42537" /><E42/><V60/><F60/><W101/><G28/><N who="0" m="17447" /><D34/><U17/><E41/><V54/><F35/><W63/><G40/><T37/><D37/><U53/><E53/><V113/><F27/><W66/><G13/><N who="0" m="5263" /><D46/><U56/><E127/><V96/><F38/><W50/><G50/><T97/><D97/><U130/><E130/><V98/><F113/><W11/><G11/><T24/><D24/><N who="1" m="14415" /><E52/><V44/><F98/><W122/><G99/><T74/><D74/><U72/><E56/><N who="2" m="37319" /><F96/><W6/><G66/><T125/><D125/><U104/><E72/><V12/><F12/><AGARI ba="0,0" hai="12,14,15,23,26,31,84,85" m="5263,17447" machi="12" ten="30,1000,0" yaku="8,1" doraHai="91" who="0" fromWho="2" sc="290,10,163,0,327,-10,220,0" owari="300,10.0,163,-33.7,317,41.7,220,-18.0" /></mjloggm>