<mjloggm ver="2.3"><GO type="225" lobby="0"/><UN n0="%E8%B6%85%E7%B4%9A%E9%B3%B3%E5%87%B0" n1="%77%72%77%72%77%72%77%72" n2="%E3%81%AF%E3%81%BE%E3%81%A1%E3%83%AA%E3%83%BC%E3%82%B0" n3="%6D%75%75%6D%75%72%61" dan="16,16,16,16" rate="2114.14,2210.40,2082.97,2138.99" sx="M,M,M,F"/><TAIKYOKU oya="0"/><INIT seed="0,0,0,3,2,27" ten="250,250,250,250" oya="0" hai0="126,102,8,86,71,56,49,122,78,93,77,42,125" hai1="29,19,31,123,104,91,75,88,55,36,14,15,38" hai2="0,128,53,24,132,20,58,116,106,6,35,43,57" hai3="44,54,21,74,84,98,69,2,73,87,5,12,121"/><T28/><D122/><U97/><E75/><V70/><F70/><W81/><G69/><T114/><D114/><U68/><E68/><V41/><F35/><W63/><G2/><T72/><D71/><U85/><E123/><V110/><F106/><W1/><G1/><T65/><D8/><U64/><E64/><V133/><F110/><W129/><G121/><T107/><D72/><U82/><E104/><V95/><F128/><W89/><G98/><N who="0" m="59727" /><D107/><U99/><E55/><V135/><F95/><W34/><G34/><T30/><D42/><N who="2" m="15882" /><F53/><W26/><G87/><T48/><D48/><U33/><E33/><V103/><F103/><W10/><G129/><T119/><D119/><U83/><E19/><N who="2" m="12319" /><F116/><W40/><G63/><N who="0" m="38119" /><D49/><U59/><E59/><V127/><F127/><N who="0" m="48650" /><D86/><AGARI ba="0,0" hai="14,15,29,31,36,38,82,83,85,86,88,91,97,99" machi="86" ten="25,8000,1" yaku="22,2,52,2,54,1" doraHai="27" who="1" fromWho="0" sc="250,-80,250,80,250,0,250,0" /><INIT seed="1,0,0,0,3,119" ten="170,330,250,250" oya="1" hai0="51,36,37,110,92,117,77,115,84,128,62,54,59" hai1="73,132,12,50,126,69,74,109,15,133,135,22,26" hai2="131,6,87,96,130,118,32,113,98,106,44,89,114" hai3="121,53,57,1,56,65,76,41,66,14,10,112,102"/><U111/><E69/><V13/><F32/><W38/><G112/><N who="2" m="43113" /><F44/><W7/><G121/><T2/><D115/><U11/><E50/><V34/><F34/><W72/><G102/><T120/><D117/><U19/><E126/><V100/><F13/><W125/><G125/><T27/><D2/><U28/><REACH who="1" step="1"/><E15/><REACH who="1" ten="170,320,250,250" step="2"/><V21/><F118/><W58/><G38/><T99/><D36/><U129/><E129/><V24/><F131/><W93/><G14/><T0/><D37/><U67/><E67/><V9/><F130/><W3/><G66/><T85/><D128/><U91/><E91/><V46/><F89/><W105/><G65/><T108/><D51/><U107/><E107/><V86/><F106/><W71/><G105/><T52/><D108/><AGARI ba="0,1" hai="11,12,19,22,26,28,73,74,108,109,111,132,133,135" machi="108" ten="50,12000,1" yaku="1,1,14,1,10,1,20,1,53,0" doraHai="119" doraHaiUra="39" who="1" fromWho="0" sc="170,-120,320,130,250,0,250,0" /><INIT seed="1,1,0,2,5,132" ten="50,450,250,250" oya="1" hai0="33,50,57,8,89,46,127,129,92,104,108,13,86" hai1="38,99,101,30,55,77,32,125,36,51,41,111,79" hai2="12,58,42,63,78,66,16,88,65,43,53,29,97" hai3="5,126,110,45,4,48,71,69,82,109,62,80,116"/><U27/><E111/><N who="3" m="42506" /><G116/><T18/><D108/><U135/><E135/><V114/><F78/><W122/><G122/><T56/><D104/><U7/><E7/><N who="3" m="2634" /><G62/><T81/><D33/><U100/><E100/><V87/><F97/><W131/><G131/><T74/><D129/><U72/><E41/><N who="2" m="15371" /><F29/><W3/><G3/><T112/><D112/><U1/><E1/><V96/><F96/><W10/><G10/><T91/><D74/><U14/><E38/><V106/><F106/><W19/><G19/><T95/><D127/><U59/><E125/><V128/><F114/><W117/><G117/><T0/><D0/><U26/><E36/><V37/><F37/><W83/><G126/><T93/><REACH who="0" step="1"/><D89/><REACH who="0" ten="40,450,250,250" step="2"/><U94/><E72/><V34/><F34/><W119/><G119/><T68/><D68/><U98/><E32/><V25/><F128/><W28/><G71/><T31/><D31/><U105/><E30/><V20/><F12/><W47/><G28/><T35/><D35/><U90/><E77/><V76/><F76/><W84/><G69/><T40/><AGARI ba="1,1" hai="8,13,18,40,46,50,56,57,81,86,91,92,93,95" machi="40" ten="30,4000,0" yaku="1,1,0,1,8,1,53,0" doraHai="132" doraHaiUra="130" who="0" fromWho="0" sc="40,53,450,-21,250,-11,250,-11" /><INIT seed="2,0,0,5,0,69" ten="93,429,239,239" oya="2" hai0="63,5,132,22,65,39,133,66,2,125,34,49,13" hai1="14,51,47,16,110,0,103,10,77,121,59,82,8" hai2="122,124,1,95,73,36,18,127,89,90,62,54,71" hai3="6,105,33,4,12,118,72,48,3,102,21,100,31"/><V115/><F115/><W29/><G118/><T129/><D34/><U43/><E110/><V134/><F36/><W87/><G72/><T9/><D49/><U78/><E121/><V58/><F73/><W104/><G33/><T11/><D22/><U30/><E103/><V106/><F106/><W37/><G48/><T123/><D123/><U120/><E120/><V81/><F1/><W64/><G87/><T44/><D66/><U131/><E131/><V94/><F71/><W15/><G64/><T112/><D112/><U83/><E30/><V41/><F41/><W68/><G68/><T50/><D129/><U45/><E45/><V97/><F81/><N who="1" m="30729" /><E0/><V40/><F40/><W7/><G7/><T55/><D125/><U107/><E107/><V17/><F134/><W53/><G3/><T60/><D60/><U85/><E59/><V92/><F92/><W42/><G42/><T74/><D74/><U56/><E56/><V57/><F57/><W79/><G21/><T114/><D114/><U25/><E25/><V101/><F101/><W76/><G53/><T96/><D96/><U109/><E109/><V46/><F46/><W126/><G126/><N who="2" m="48169" /><F122/><W19/><G19/><T116/><D116/><U27/><E47/><V26/><F26/><W24/><G24/><T80/><D80/><N who="1" m="47247" /><E27/><V130/><F130/><W20/><G20/><T70/><D39/><AGARI ba="0,0" hai="4,6,12,15,29,31,37,39,76,79,100,102,104,105" machi="39" ten="25,6400,0" yaku="22,2,52,2" doraHai="69" who="3" fromWho="0" sc="93,-64,429,0,239,0,239,64" /><INIT seed="3,0,0,5,4,106" ten="29,429,239,303" oya="3" hai0="14,65,18,111,103,20,43,72,66,110,70,135,94" hai1="24,108,86,92,88,32,38,44,69,29,2,84,115" hai2="83,89,68,0,55,6,133,16,132,97,48,33,126" hai3="85,118,56,49,81,76,93,99,27,50,114,21,101"/><W42/><G114/><T117/><D117/><U19/><E115/><V35/><F68/><W39/><G118/><T125/><D125/><U96/><E69/><V40/><F40/><W131/><G131/><T61/><D135/><U4/><E108/><V3/><F97/><W107/><G39/><T47/><D72/><U112/><E112/><V129/><F83/><W90/><G42/><T123/><D123/><U80/><E38/><V119/><F48/><W37/><G56/><T75/><D75/><U25/><E2/><V17/><F55/><W128/><G37/><T30/><D30/><U98/><E4/><V31/><F89/><W28/><REACH who="3" step="1"/><G128/><REACH who="3" ten="29,429,239,293" step="2"/><T95/><D20/><U87/><E44/><V51/><F129/><W130/><G130/><T45/><D14/><U127/><E32/><V22/><F119/><W100/><G100/><T102/><D95/><U46/><E92/><V105/><F105/><W116/><G116/><T71/><D18/><U124/><E19/><V109/><F16/><W134/><G134/><T34/><D61/><U78/><E46/><V82/><F17/><W113/><G113/><T5/><D65/><U10/><E127/><V9/><F126/><W23/><G23/><T1/><D5/><U73/><E124/><V58/><F22/><W62/><G62/><T74/><D74/><AGARI ba="0,1" hai="21,27,28,49,50,74,76,81,85,90,93,99,101,107" machi="74" ten="30,12000,1" yaku="1,1,7,1,24,2,52,1,53,0" doraHai="106" doraHaiUra="12" who="3" fromWho="0" sc="29,-120,429,0,239,0,293,130" owari="-91,-59.1,429,52.9,239,-16.1,423,22.3" /></mjloggm>