<mjloggm ver="2.3"><GO type="225" lobby="0"/><UN n0="%E3%81%86%E3%81%A9%E3%82%93%E3%81%93" n1="%72%69%6F%75%63%68%61%6E" n2="%E3%81%BF%E3%81%BF%E3%81%9A" n3="%E7%B4%94%E6%BD%94%E3%83%94%E3%83%A9%E3%83%8B%E3%82%A2" dan="16,16,17,17" rate="2166.46,2158.50,2331.46,2180.67" sx="M,M,M,M"/><TAIKYOKU oya="0"/><INIT seed="0,0,0,2,5,133" ten="250,250,250,250" oya="0" hai0="4,24,111,89,39,13,42,132,63,123,6,80,15" hai1="101,105,27,135,134,57,8,50,102,52,92,127,61" hai2="75,49,70,19,85,41,109,66,94,5,130,84,103" hai3="74,17,38,21,120,69,95,76,118,67,65,44,117"/><T16/><D123/><U37/><E127/><V68/><F75/><W11/><G120/><T90/><D132/><N who="1" m="50731" /><E37/><V106/><F5/><N who="0" m="2154" /><D39/><U40/><E105/><V3/><F3/><W20/><G69/><T25/><D42/><U110/><E110/><V114/><F114/><W93/><G74/><T43/><D43/><U46/><E8/><V122/><F122/><W116/><G38/><T88/><D111/><U126/><E126/><V55/><F109/><W82/><G117/><T79/><D63/><U108/><E108/><V77/><F106/><W47/><G11/><N who="0" m="6207" /><D15/><U73/><E73/><V86/><F41/><W58/><G17/><T99/><D99/><N who="1" m="59623" /><E27/><N who="0" m="10313" /><D79/><U62/><E61/><V112/><F77/><W97/><G76/><T23/><D23/><U45/><E102/><V59/><F103/><W34/><G97/><T72/><D72/><U87/><E87/><AGARI ba="0,0" hai="80,87,88,89,90" m="10313,6207,2154" machi="87" ten="30,5800,0" yaku="8,1,54,2" doraHai="133" who="0" fromWho="1" sc="250,58,250,-58,250,0,250,0" /><INIT seed="0,1,0,1,4,6" ten="308,192,250,250" oya="0" hai0="14,81,69,106,123,86,47,41,103,78,68,100,16" hai1="84,114,77,63,116,27,97,20,113,31,43,130,17" hai2="1,64,92,110,4,2,29,132,115,7,126,32,55" hai3="122,57,80,72,67,10,128,104,36,120,44,73,135"/><T21/><D123/><N who="3" m="47145" /><G104/><T39/><REACH who="0" step="1"/><D106/><REACH who="0" ten="298,192,250,250" step="2"/><U12/><E114/><V23/><F115/><W124/><G135/><T101/><AGARI ba="1,1" hai="14,16,21,39,41,47,68,69,78,81,86,100,101,103" machi="101" ten="30,11700,0" yaku="1,1,2,1,0,1,54,1,53,0" doraHai="6" doraHaiUra="111" who="0" fromWho="0" sc="298,130,192,-40,250,-40,250,-40" /><INIT seed="0,2,0,0,0,82" ten="428,152,210,210" oya="0" hai0="56,13,76,25,49,26,27,12,0,80,75,79,99" hai1="36,38,89,43,14,2,23,88,131,122,9,34,125" hai2="85,95,20,97,77,110,103,11,54,29,28,32,5" hai3="37,100,91,114,22,73,96,15,70,120,60,6,106"/><T57/><D0/><U108/><E122/><V118/><F32/><W16/><G73/><T48/><D99/><U81/><E34/><V78/><F110/><W51/><G37/><T7/><D7/><U92/><E108/><V50/><F118/><W40/><G114/><T47/><D47/><U33/><E33/><V63/><F63/><W10/><G120/><T107/><D107/><U41/><E125/><V112/><F112/><W104/><G104/><T83/><D26/><U98/><E131/><V87/><F78/><W31/><G31/><N who="2" m="11849" /><F77/><W109/><G109/><T45/><D45/><U129/><E129/><V71/><F71/><W133/><G133/><T4/><D4/><U135/><E135/><V24/><F11/><W113/><G51/><T111/><D111/><U94/><E2/><V124/><F5/><W3/><G40/><N who="1" m="15434" /><E36/><V17/><F124/><W121/><G121/><T42/><D42/><U116/><E38/><V8/><F8/><W115/><G91/><T64/><REACH who="0" step="1"/><D75/><REACH who="0" ten="418,152,210,210" step="2"/><U102/><E116/><V61/><F61/><W72/><G72/><T59/><D59/><AGARI ba="2,1" hai="17,20,24,50,54,59,85,87,95,97,103" m="11849" machi="59" ten="30,3900,0" yaku="8,1,52,2" doraHai="82" who="2" fromWho="0" sc="418,-45,152,0,210,55,210,0" /><INIT seed="1,0,0,5,4,118" ten="373,152,265,210" oya="1" hai0="95,103,41,99,42,31,12,76,61,101,113,60,88" hai1="45,135,29,62,68,105,92,80,107,1,66,64,51" hai2="100,97,65,56,83,91,85,112,89,96,127,7,49" hai3="11,8,22,98,90,38,109,110,27,46,116,9,34"/><U18/><E1/><V104/><F127/><W106/><G116/><T35/><D113/><U123/><E135/><V48/><F112/><W44/><G34/><T73/><D73/><U122/><E29/><V134/><F134/><W16/><G38/><T130/><D130/><U26/><E64/><V43/><F7/><W84/><G98/><T81/><D31/><U117/><E117/><V133/><F133/><W79/><G79/><T32/><D32/><U75/><E92/><V72/><F43/><W55/><G106/><T77/><D35/><U78/><E18/><V57/><F72/><W124/><G124/><T4/><D42/><U121/><REACH who="1" step="1"/><E26/><REACH who="1" ten="373,142,265,210" step="2"/><V93/><F65/><W23/><G16/><T87/><D95/><U50/><E50/><V47/><F48/><W5/><G27/><T69/><D61/><U25/><E25/><V15/><F15/><W37/><G37/><T3/><D60/><U108/><E108/><N who="3" m="41578" /><G5/><T10/><D3/><U128/><E128/><V20/><F49/><N who="3" m="29095" /><G46/><T86/><D81/><AGARI ba="0,1" hai="8,9,11,22,23,81,84,90" m="29095,41578" machi="81" ten="30,1000,0" yaku="14,1" doraHai="118" who="3" fromWho="0" sc="373,-10,142,0,265,0,210,20" /><INIT seed="2,0,0,3,2,1" ten="363,142,265,230" oya="2" hai0="108,61,8,118,2,120,131,31,117,94,7,96,47" hai1="135,21,134,6,23,70,113,80,33,64,133,95,99" hai2="16,106,75,12,38,63,102,41,107,114,73,19,37" hai3="59,129,43,62,17,58,78,128,126,112,35,119,76"/><V40/><F63/><W49/><G35/><T3/><D120/><U28/><E113/><V54/><F114/><W125/><G119/><N who="0" m="45579" /><D108/><U26/><E80/><V69/><F54/><N who="3" m="32079" /><G17/><T130/><D31/><U82/><E82/><V36/><F102/><W46/><G76/><T71/><D3/><U48/><E48/><V10/><F69/><W68/><G68/><T86/><D86/><U105/><E6/><V93/><F93/><W83/><G83/><T127/><D127/><N who="3" m="48649" /><G78/><T39/><D47/><U72/><E72/><V34/><F34/><W123/><G123/><T89/><D39/><U45/><E45/><V91/><F91/><W79/><G79/><T55/><D55/><U98/><E105/><V132/><F37/><N who="3" m="21871" /><G112/><T18/><D18/><U11/><E11/><V65/><F10/><W60/><G60/><T13/><D2/><U32/><E32/><V20/><F12/><W51/><G51/><T122/><D122/><U24/><E95/><V88/><F20/><W44/><G44/><T52/><D52/><AGARI ba="0,0" hai="52,59,62,128,129" m="21871,48649,32079" machi="52" ten="30,7700,0" yaku="18,1,34,2,54,1" doraHai="1" who="3" fromWho="0" sc="363,-77,142,0,265,0,230,77" /><INIT seed="3,0,0,3,3,131" ten="286,142,265,307" oya="3" hai0="11,43,1,93,100,34,106,4,12,28,6,133,51" hai1="114,20,117,25,69,56,68,0,72,95,27,17,29" hai2="94,21,130,129,3,10,90,113,104,67,115,83,30" hai3="125,22,135,55,13,71,91,48,45,9,96,107,74"/><W31/><G71/><T36/><D36/><U60/><E114/><V101/><F67/><W97/><G74/><T46/><D106/><U32/><E117/><V47/><F47/><W105/><G135/><T37/><D37/><U123/><E123/><V85/><F30/><W35/><G35/><T26/><D6/><U75/><E0/><V116/><F21/><W40/><G125/><T50/><D50/><U87/><E68/><V53/><F53/><W2/><G2/><T81/><D81/><U89/><REACH who="1" step="1"/><E69/><REACH who="1" ten="286,132,265,307" step="2"/><V102/><F116/><W99/><G107/><T66/><D1/><U76/><E76/><N who="2" m="46311" /><F3/><W14/><G105/><T78/><D78/><U23/><E23/><V16/><F104/><W110/><G110/><T84/><D66/><U41/><E41/><V44/><F113/><W86/><G40/><T57/><D57/><U126/><E126/><V33/><F115/><W132/><G132/><T62/><D133/><U118/><E118/><V24/><F33/><W122/><G122/><T80/><D62/><U15/><E15/><N who="2" m="7287" /><F44/><W39/><G39/><T7/><D12/><U59/><E59/><V124/><F124/><W92/><G9/><T64/><D64/><U19/><E19/><V52/><F52/><W127/><G127/><T128/><D11/><U18/><E18/><V8/><F8/><W134/><G134/><T63/><D63/><U88/><E88/><V103/><F24/><AGARI ba="0,1" hai="13,14,22,24,31,45,48,55,86,91,92,96,97,99" machi="24" ten="40,2000,0" yaku="8,1" doraHai="131" who="3" fromWho="2" sc="286,0,132,0,265,-20,307,30" owari="286,8.6,132,-36.8,245,-15.5,337,43.7" /></mjloggm>