<mjloggm ver="2.3"><GO type="225" lobby="0"/><UN n0="%E8%A8%88%E7%AE%97%E6%A9%9F%E8%87%AA%E7%84%B6" n1="%E5%80%89%E6%A9%8B%EF%BC%A0%E4%BA%8B%E5%8B%99" n2="%6D%75%75%6D%75%72%61" n3="%E3%83%AD%E3%83%83%E3%83%86%E9%9B%80%E7%90%83" dan="17,16,17,17" rate="2188.81,2081.37,2184.59,2132.22" sx="M,M,F,M"/><TAIKYOKU oya="0"/><INIT seed="0,0,0,1,2,107" ten="250,250,250,250" oya="0" hai0="25,127,82,51,42,40,71,30,33,66,126,6,37" hai1="131,106,12,64,96,53,132,62,100,72,121,124,31" hai2="103,76,77,79,23,49,119,93,50,0,9,90,22" hai3="130,28,113,45,43,118,2,17,13,67,1,39,115"/><T75/><D51/><U58/><E121/><V35/><F35/><W122/><G118/><T24/><D6/><U88/><E131/><V56/><F119/><W55/><G130/><T52/><D24/><U3/><E3/><V65/><F103/><W36/><G122/><T41/><D37/><U112/><E132/><V63/><F9/><W68/><G28/><T134/><D134/><U98/><E124/><N who="0" m="47657" /><D52/><U59/><E112/><V48/><REACH who="2" step="1"/><F0/><REACH who="2" ten="250,250,240,250" step="2"/><W27/><G1/><T7/><D7/><U114/><E114/><V123/><F123/><W109/><G2/><T29/><D29/><U54/><E31/><V8/><F8/><W15/><G115/><T85/><D33/><U20/><E72/><V84/><AGARI ba="0,1" hai="22,23,48,49,50,56,63,65,76,77,79,84,90,93" machi="84" ten="30,4000,0" yaku="1,1,0,1,8,1,53,0" doraHai="107" doraHaiUra="102" who="2" fromWho="2" sc="250,-20,250,-10,240,50,250,-10" /><INIT seed="1,0,0,0,4,36" ten="230,240,290,240" oya="1" hai0="44,33,21,93,94,27,18,62,124,57,75,50,81" hai1="89,71,77,106,120,64,9,86,104,4,91,0,105" hai2="131,96,17,111,19,127,30,61,115,116,101,56,102" hai3="13,34,135,108,69,8,87,88,40,129,11,109,35"/><U6/><E120/><V72/><F116/><W67/><G129/><T114/><D114/><U126/><E126/><V10/><F131/><W63/><G135/><T41/><D124/><U1/><E77/><V85/><F127/><W65/><G65/><T23/><D33/><U99/><E99/><V24/><F72/><W58/><G69/><T47/><D75/><U38/><E38/><V39/><F111/><N who="3" m="42571" /><G40/><T3/><D3/><U15/><E4/><V20/><F39/><W25/><G25/><T29/><D81/><U119/><E119/><V83/><F115/><W42/><G42/><T133/><D44/><U48/><E48/><V134/><F134/><W100/><G100/><T84/><D84/><U107/><N who="1" m="26624" /><DORA hai="122" /><U66/><E89/><V92/><F102/><W82/><G8/><T52/><D133/><U26/><E26/><AGARI ba="0,0" hai="18,21,23,26,27,29,41,47,50,52,57,62,93,94" machi="26" ten="30,7700,0" yaku="7,1,8,1,52,1,54,1" doraHai="36,122" who="0" fromWho="1" sc="230,77,240,-77,290,0,240,0" /><INIT seed="2,0,0,5,1,128" ten="307,163,290,240" oya="2" hai0="119,134,95,60,13,118,21,72,28,37,100,63,45" hai1="111,127,59,115,2,35,81,11,102,131,79,89,86" hai2="110,29,43,54,78,52,40,0,92,105,39,27,31" hai3="19,6,56,69,8,101,91,26,71,84,7,135,129"/><V133/><F105/><W1/><G129/><T122/><D134/><U5/><E115/><V62/><F133/><W12/><G135/><T90/><D72/><U74/><E131/><V50/><F0/><W23/><G101/><T70/><D100/><U76/><E111/><V15/><F39/><W49/><G7/><T3/><D3/><U94/><E127/><V97/><F78/><W48/><G26/><N who="0" m="16463" /><D70/><U130/><E130/><V124/><F124/><W80/><G48/><T113/><D122/><U9/><E35/><V32/><F110/><W25/><G25/><T85/><D13/><U106/><E11/><V16/><F31/><W107/><G107/><T112/><D37/><U34/><E76/><V87/><F62/><N who="0" m="23594" /><D45/><U4/><E34/><V99/><F54/><W123/><G123/><T41/><D41/><U96/><REACH who="1" step="1"/><E5/><REACH who="1" ten="307,153,290,240" step="2"/><V47/><F32/><W73/><G8/><T67/><D112/><U58/><AGARI ba="0,1" hai="2,4,9,58,59,74,79,81,86,89,94,96,102,106" machi="58" ten="30,8000,1" yaku="1,1,2,1,0,1,24,2,53,0" doraHai="128" doraHaiUra="10" who="1" fromWho="1" sc="307,-20,153,90,290,-40,240,-20" /><INIT seed="3,0,0,0,3,80" ten="287,243,250,220" oya="3" hai0="90,127,1,129,60,119,0,77,99,35,24,91,13" hai1="68,32,128,11,133,63,55,43,74,8,92,37,22" hai2="72,12,25,75,120,104,65,20,67,64,57,30,16" hai3="84,73,131,33,110,52,78,44,69,70,108,15,87"/><W115/><G115/><T38/><D119/><U50/><E32/><V36/><F36/><W39/><G33/><T51/><D38/><U26/><E128/><V81/><F104/><W2/><G2/><T4/><D77/><U126/><E133/><V86/><F57/><W56/><G131/><T98/><D51/><U101/><E126/><V31/><F120/><W97/><G97/><T130/><D13/><U10/><E74/><V121/><F31/><W96/><G96/><T82/><D82/><U100/><E92/><V19/><F19/><W49/><G15/><T95/><D60/><U18/><E37/><V111/><F111/><N who="3" m="42539" /><G73/><T122/><D122/><U89/><E43/><V40/><F40/><N who="3" m="22559" /><G78/><T135/><D0/><U134/><E134/><V88/><REACH who="2" step="1"/><F121/><REACH who="2" ten="287,243,240,220" step="2"/><W14/><G14/><T9/><D135/><U62/><E68/><AGARI ba="0,1" hai="49,52,56,68,69,70,84,87" m="22559,42539" machi="68" ten="30,12000,1" yaku="14,1,10,1,52,2,54,1" doraHai="80" who="3" fromWho="1" sc="287,0,243,-120,240,0,220,130" owari="287,8.7,123,-37.7,240,-16.0,350,45.0" /></mjloggm>