<mjloggm ver="2.3"><GO type="225" lobby="0"/><UN n0="%E3%82%A2%E3%83%BC%E3%83%A2%E3%83%AD%E3%83%BC%E3%83%B4%E3%82%A1" n1="%E3%83%8F%E3%83%B3%E3%83%89%E3%83%A9%E3%83%BC%E3%83%BB%E3%83%AF%E3%83%B3" n2="%E3%81%BF%E3%81%BF%E3%81%9A" n3="%E3%83%97%E3%83%92" dan="16,16,17,17" rate="2123.73,2107.77,2224.87,2142.40" sx="M,M,M,M"/><TAIKYOKU oya="0"/><INIT seed="0,0,0,2,2,89" ten="250,250,250,250" oya="0" hai0="109,59,81,84,12,67,49,21,73,41,7,53,97" hai1="39,127,43,22,63,86,134,126,3,115,70,119,18" hai2="60,91,77,120,88,48,99,46,29,68,57,34,52" hai3="98,47,1,96,26,102,124,65,79,106,40,2,69"/><T114/><D114/><U19/><E119/><V31/><F120/><W36/><G124/><N who="1" m="47658" /><E3/><V23/><F34/><W78/><G78/><T93/><D73/><U11/><E134/><V94/><F77/><W85/><G85/><T117/><D117/><U128/><E128/><V61/><F68/><W103/><G79/><N who="0" m="46143" /><D109/><U45/><E115/><V71/><F71/><W9/><G26/><T14/><D7/><U118/><E118/><V130/><F130/><W17/><G17/><T58/><D41/><U16/><E11/><V80/><F23/><W30/><G9/><T51/><D21/><U35/><E86/><N who="2" m="50247" /><F61/><N who="3" m="40111" /><G30/><T54/><D67/><AGARI ba="0,0" hai="29,31,46,48,52,57,60,67,91,94,99" m="50247" machi="67" ten="30,7700,0" yaku="8,1,52,1,54,2" doraHai="89" who="2" fromWho="0" sc="250,-77,250,0,250,77,250,0" /><INIT seed="1,0,0,3,0,31" ten="173,250,327,250" oya="1" hai0="135,129,63,22,39,94,64,20,37,81,133,13,78" hai1="60,118,36,106,30,32,53,38,108,102,107,128,83" hai2="40,2,9,74,123,15,1,124,122,18,35,95,33" hai3="77,46,119,26,62,69,41,57,76,116,113,51,85"/><U126/><E118/><N who="3" m="45098" /><G113/><T84/><D129/><U0/><E0/><N who="2" m="107" /><F74/><W99/><G69/><T28/><D94/><U97/><E128/><V7/><F40/><W73/><G73/><T120/><D120/><N who="2" m="46122" /><F95/><W87/><G26/><T29/><D37/><U42/><E126/><V52/><F52/><N who="3" m="34087" /><G99/><T92/><D39/><U54/><E108/><V10/><F124/><W91/><G87/><T121/><D121/><U90/><E107/><V47/><F47/><W5/><G5/><T134/><D92/><AGARI ba="0,0" hai="41,46,51,76,77,85,91,92" m="34087,45098" machi="92" ten="30,2000,0" yaku="12,1,54,1" doraHai="31" who="3" fromWho="0" sc="173,-20,250,0,327,0,250,20" /><INIT seed="2,0,0,3,5,40" ten="153,250,327,270" oya="2" hai0="82,93,5,35,63,52,91,53,22,116,98,2,125" hai1="23,111,109,75,118,30,104,54,68,31,46,24,114" hai2="37,102,103,18,26,89,60,1,76,6,14,64,43" hai3="70,21,129,73,123,56,47,112,4,77,86,92,9"/><V95/><F76/><W42/><G123/><T71/><D125/><U80/><E114/><V62/><F1/><W11/><G70/><T69/><D35/><U3/><E118/><V33/><F6/><W10/><G129/><T38/><D116/><U119/><E119/><V101/><F33/><W34/><G34/><T59/><D38/><U61/><E104/><V94/><F26/><W0/><G112/><T78/><D53/><U25/><E3/><V44/><F89/><W57/><G21/><T51/><D51/><N who="1" m="29047" /><E75/><V85/><F85/><W108/><G108/><N who="1" m="41546" /><E80/><V29/><F29/><N who="1" m="10761" /><E23/><V20/><REACH who="2" step="1"/><F62/><REACH who="2" ten="153,250,317,270" step="2"/><W128/><G0/><T121/><D121/><U134/><E134/><V45/><F45/><W105/><G47/><T127/><D2/><U115/><E115/><V110/><F110/><W120/><G120/><T65/><D127/><U126/><E126/><V96/><F96/><W87/><G4/><T90/><D5/><U39/><E39/><V41/><F41/><W106/><G42/><T12/><D98/><U117/><E117/><V72/><F72/><W28/><G73/><T84/><D84/><U15/><E15/><V36/><F36/><W58/><G28/><T17/><D12/><U100/><E100/><V88/><F88/><W7/><G7/><T50/><D90/><U99/><E99/><V133/><F133/><W122/><G122/><T74/><D91/><U48/><E48/><V79/><F79/><W49/><G77/><T130/><D130/><U66/><AGARI ba="0,1" hai="24,25,61,66,68" m="10761,41546,29047" machi="66" ten="30,2000,0" yaku="14,1,52,1" doraHai="40" who="1" fromWho="1" sc="153,-5,250,30,317,-10,270,-5" /><INIT seed="3,0,0,3,5,125" ten="148,280,307,265" oya="3" hai0="112,70,73,28,102,22,106,1,91,65,6,82,2" hai1="61,20,81,0,68,46,14,9,11,88,87,83,57" hai2="128,107,121,31,76,7,122,12,13,25,90,58,119" hai3="67,10,111,96,51,15,18,116,110,30,75,32,62"/><W123/><G116/><T78/><D112/><U59/><E68/><V89/><F128/><W80/><G123/><N who="2" m="47113" /><F119/><W36/><G36/><T39/><D39/><U86/><E0/><V48/><F107/><W41/><G96/><N who="0" m="61767" /><D6/><U16/><E46/><V53/><F76/><N who="3" m="44063" /><G32/><T24/><D22/><U56/><E61/><V79/><F79/><AGARI ba="0,0" hai="9,11,14,16,20,56,57,59,79,81,83,86,87,88" machi="79" ten="40,5200,0" yaku="8,1,54,2" doraHai="125" who="1" fromWho="2" sc="148,0,280,52,307,-52,265,0" owari="148,-35.2,332,43.2,255,-14.5,265,6.5" /></mjloggm>