<mjloggm ver="2.3"><GO type="225" lobby="0"/><UN n0="%E3%81%A4%E3%81%A3%E3%81%B1%E3%82%8A%E3%83%9D%E3%83%BC%E3%83%AB" n1="%6D%75%75%73%61%6E%6D%75" n2="%E3%82%A2%E3%83%A1%E3%82%A2%E3%83%A9%E3%83%AC" n3="%E6%A1%9C%E8%8A%B1%E9%96%83%E3%80%85" dan="17,16,16,16" rate="2218.76,2181.09,2159.09,2232.68" sx="M,F,M,M"/><TAIKYOKU oya="0"/><INIT seed="0,0,0,4,1,116" ten="250,250,250,250" oya="0" hai0="50,0,6,59,15,98,36,80,91,69,123,52,23" hai1="112,19,44,115,78,16,28,39,40,53,33,83,61" hai2="94,110,56,38,70,13,76,24,2,122,96,22,20" hai3="32,9,14,4,120,35,29,117,87,92,95,1,109"/><T46/><D123/><U5/><E5/><V111/><F70/><W47/><G117/><T12/><D69/><U86/><E28/><V64/><F2/><W102/><G109/><N who="2" m="41481" /><F38/><W118/><G118/><T101/><D0/><U105/><E33/><V104/><F104/><W135/><G135/><T42/><D6/><U126/><E105/><V99/><F76/><W17/><G47/><T68/><D68/><U128/><E128/><V7/><F7/><W66/><G66/><T41/><D41/><U31/><E31/><V79/><F79/><W132/><G132/><T124/><D124/><U130/><E126/><V125/><F13/><W100/><G35/><T133/><D133/><U25/><E130/><V127/><F20/><N who="3" m="11319" /><G87/><T106/><REACH who="0" step="1"/><D23/><REACH who="0" ten="240,250,250,250" step="2"/><U81/><E40/><V82/><F22/><W18/><G120/><T43/><D43/><U131/><E131/><V114/><F122/><W37/><G37/><T60/><D60/><U67/><E61/><V45/><F125/><W71/><G71/><T93/><D93/><N who="3" m="35913" /><G18/><T73/><D73/><U48/><E39/><V55/><F94/><W51/><G51/><T134/><D134/><U63/><E19/><V65/><F127/><W85/><G85/><AGARI ba="0,1" hai="12,15,36,42,46,50,52,59,80,85,91,98,101,106" machi="85" ten="40,3900,0" yaku="1,1,54,1,53,0" doraHai="116" doraHaiUra="74" who="0" fromWho="3" sc="240,49,250,0,250,0,250,-39" /><INIT seed="0,1,0,5,0,88" ten="289,250,250,211" oya="0" hai0="31,52,23,7,107,27,16,101,87,110,60,97,13" hai1="104,78,102,81,106,91,118,33,36,1,22,26,14" hai2="12,123,100,17,121,75,42,90,103,65,56,66,73" hai3="40,20,129,74,132,70,45,76,108,2,32,6,95"/><T72/><D72/><U86/><E1/><V37/><F75/><W43/><G32/><T115/><D115/><U122/><E118/><V83/><F121/><W130/><G70/><T124/><D124/><U28/><E122/><V112/><F112/><W105/><G105/><T61/><D110/><U94/><E36/><V69/><F69/><W127/><G108/><T125/><D125/><U38/><E38/><V25/><F25/><W77/><G127/><T128/><D128/><U135/><E135/><V62/><F66/><W92/><G20/><T84/><D7/><U113/><E113/><V93/><F123/><W21/><G21/><T96/><D96/><U126/><E126/><V41/><F83/><N who="3" m="45463" /><G77/><T3/><D3/><U49/><E102/><N who="2" m="38955" /><F37/><N who="3" m="21647" /><G43/><T116/><D116/><U98/><REACH who="1" step="1"/><E49/><REACH who="1" ten="289,240,250,211" step="2"/><V11/><F73/><W111/><G132/><T67/><D101/><U117/><E117/><V44/><F44/><W63/><G111/><T82/><D107/><U35/><E35/><V9/><F11/><N who="3" m="2519" /><G63/><T99/><D61/><U0/><E0/><V59/><F59/><W24/><G24/><T120/><D27/><U58/><E58/><V54/><F65/><W114/><G114/><T30/><D67/><U68/><E68/><V71/><F71/><W89/><G89/><N who="0" m="51351" /><D120/><U133/><E133/><V51/><F62/><W55/><G55/><T53/><D52/><U19/><AGARI ba="1,1" hai="14,19,22,26,28,33,78,81,86,91,94,98,104,106" machi="19" ten="30,7900,0" yaku="1,1,0,1,52,1,53,1" doraHai="88" doraHaiUra="80" who="1" fromWho="1" sc="289,-40,240,92,250,-21,211,-21" /><INIT seed="1,0,0,2,1,76" ten="249,332,229,190" oya="1" hai0="119,85,81,0,111,30,65,67,31,134,6,102,116" hai1="23,96,14,57,41,60,77,26,64,118,11,70,53" hai2="49,40,2,61,62,55,50,106,135,7,99,82,75" hai3="114,133,105,21,69,112,110,87,115,48,78,131,17"/><U129/><E118/><V44/><F135/><W132/><G69/><T88/><D134/><N who="3" m="51817" /><G110/><T9/><D111/><U122/><E122/><V113/><F113/><W27/><G105/><T43/><D43/><U19/><E129/><V71/><F71/><W47/><G131/><T16/><D102/><U72/><E41/><V25/><F25/><W101/><G101/><T5/><D5/><U93/><E77/><V117/><F117/><W12/><G27/><T42/><D42/><U8/><E72/><V127/><F127/><W80/><G114/><T35/><D119/><U91/><E26/><V109/><F109/><W18/><G18/><T36/><D36/><U3/><E3/><V79/><F106/><W13/><G13/><T68/><D35/><U56/><E70/><V86/><F75/><W120/><G120/><T89/><D116/><U92/><E92/><V107/><F107/><W22/><G22/><T20/><D89/><U63/><AGARI ba="0,0" hai="8,11,14,19,23,53,56,57,60,63,64,91,93,96" machi="63" ten="20,3900,0" yaku="0,1,7,1,8,1" doraHai="76" who="1" fromWho="1" sc="249,-13,332,39,229,-13,190,-13" /><INIT seed="1,1,0,2,0,106" ten="236,371,216,177" oya="1" hai0="30,16,76,38,109,102,96,83,59,47,9,110,74" hai1="131,11,29,27,6,33,45,116,87,134,127,84,124" hai2="54,88,113,98,40,25,93,79,118,85,28,48,20" hai3="49,111,75,129,56,92,0,78,53,10,108,7,12"/><U3/><E116/><V117/><F113/><W62/><G129/><T130/><D130/><U73/><E131/><V71/><F71/><W94/><G0/><T37/><D30/><U57/><E134/><V68/><F68/><W72/><G78/><T42/><D59/><U13/><E57/><V91/><F79/><W107/><G107/><T82/><D38/><U89/><E45/><V34/><F40/><W26/><G26/><T103/><D83/><U86/><E73/><N who="3" m="28234" /><G62/><T97/><D103/><U63/><E63/><V67/><F34/><W101/><G101/><T77/><D77/><U133/><E3/><V46/><REACH who="2" step="1"/><F67/><REACH who="2" ten="236,371,206,177" step="2"/><W66/><G66/><T1/><D1/><U24/><E33/><V120/><F120/><W50/><G50/><T64/><D64/><U104/><E133/><V22/><F22/><W21/><G21/><T125/><D76/><U121/><E121/><V105/><F105/><W55/><G55/><T95/><D42/><U58/><E104/><V15/><F15/><W99/><G99/><T8/><D97/><U112/><E13/><V128/><F128/><W114/><G114/><T18/><D96/><U61/><E112/><V36/><F36/><W14/><G14/><T39/><D39/><U52/><E52/><V44/><F44/><W70/><G70/><T132/><D47/><U5/><E58/><V90/><F90/><W123/><G123/><T60/><D37/><U122/><E89/><V32/><F32/><W115/><G115/><T35/><D35/><U17/><E122/><V126/><F126/><W81/><G81/><AGARI ba="1,1" hai="20,25,28,46,48,54,81,85,88,91,93,98,117,118" machi="81" ten="30,7700,0" yaku="1,1,7,1,54,1,53,1" doraHai="106" doraHaiUra="23" who="2" fromWho="3" sc="236,0,371,0,206,90,177,-80" /><INIT seed="2,0,0,0,2,51" ten="236,371,296,97" oya="2" hai0="89,13,18,115,21,126,26,0,61,131,64,38,44" hai1="33,12,80,113,92,7,37,107,47,8,118,22,77" hai2="11,103,102,93,130,132,5,54,25,125,42,79,83" hai3="101,82,122,19,35,135,116,58,1,105,97,48,29"/><V16/><F132/><W98/><G116/><T74/><D115/><U85/><E107/><V70/><F70/><W76/><G122/><T68/><D0/><U46/><E33/><V34/><F130/><W39/><G39/><T112/><D112/><U111/><E118/><V57/><F125/><W2/><G135/><T3/><D3/><U66/><E66/><V56/><F42/><W17/><G97/><T95/><D74/><U75/><E37/><V50/><F57/><W20/><G17/><T108/><D108/><U117/><E111/><V121/><F93/><W59/><G59/><T88/><D131/><U41/><E41/><V119/><F119/><W60/><G48/><T120/><D120/><U72/><E72/><V104/><F104/><W32/><G29/><T69/><D126/><U27/><E113/><V63/><F63/><W99/><G99/><T127/><D127/><U43/><E43/><V6/><F34/><W134/><G35/><T52/><D38/><U4/><E4/><N who="2" m="1643" /><F121/><W81/><G32/><T65/><D95/><U91/><E117/><V106/><F106/><W129/><G82/><T114/><D114/><U133/><E133/><V14/><F25/><W62/><G62/><N who="0" m="39959" /><D26/><U84/><E75/><V40/><F40/><W109/><G129/><T110/><D110/><U78/><E78/><V90/><F79/><W96/><G109/><T10/><D10/><U28/><AGARI ba="0,0" hai="7,8,12,22,27,28,46,47,77,80,84,85,91,92" machi="28" ten="20,2700,0" yaku="0,1,7,1,8,1" doraHai="51" who="1" fromWho="1" sc="236,-7,371,27,296,-13,97,-7" /><INIT seed="3,0,0,1,2,1" ten="229,398,283,90" oya="3" hai0="39,109,105,83,78,36,74,11,51,26,85,67,64" hai1="52,48,32,86,20,134,96,23,82,28,76,44,62" hai2="133,94,99,107,61,84,37,68,119,135,89,31,46" hai3="18,118,13,111,77,59,56,34,114,91,53,5,100"/><W129/><G114/><T123/><D109/><U55/><E32/><V110/><F110/><W4/><G111/><T120/><D105/><U24/><E134/><N who="2" m="51211" /><F31/><W93/><G118/><T29/><D51/><N who="1" m="28775" /><E96/><V75/><F75/><W112/><G112/><T21/><D85/><U92/><E20/><V128/><F128/><W0/><G0/><T19/><D64/><U40/><E92/><V25/><F25/><W42/><G129/><T106/><D67/><U41/><E62/><V87/><F107/><W80/><G42/><T71/><D71/><U3/><E3/><V49/><F37/><W14/><G34/><T103/><D29/><U121/><E121/><V22/><F22/><N who="3" m="11599" /><G100/><T131/><D131/><U43/><E43/><N who="2" m="24799" /><F119/><W10/><G80/><T115/><D115/><U7/><E7/><N who="3" m="2634" /><G77/><T88/><D19/><U57/><AGARI ba="0,0" hai="23,24,28,40,41,48,55,57,76,82,86" m="28775" machi="57" ten="30,2000,0" yaku="8,1,54,1" doraHai="1" who="1" fromWho="1" sc="229,-5,398,20,283,-5,90,-10" owari="224,-17.6,418,51.8,278,7.8,80,-42.0" /></mjloggm>