<mjloggm ver="2.3"><GO type="225" lobby="0"/><UN n0="%E4%BE%BF%E6%89%80" n1="%E3%82%BC%E3%83%AB%E3%83%80%E3%81%AE%E4%BC%9D%E8%AA%AC" n2="%E6%B4%BE%E9%81%A3%E3%81%AE%E3%82%B8%E3%83%A3%E3%83%83%E3%82%AF" n3="%E3%81%A8%E3%82%93%E3%81%A8%E3%81%93%E3%81%A8%E3%82%93" dan="16,17,17,16" rate="2075.31,2223.00,2207.13,2113.16" sx="M,M,M,M"/><TAIKYOKU oya="0"/><INIT seed="0,0,0,2,0,24" ten="250,250,250,250" oya="0" hai0="135,8,93,127,27,91,113,101,124,1,107,129,80" hai1="18,121,102,38,50,114,19,35,58,134,62,55,133" hai2="22,97,45,7,28,106,82,108,79,86,39,53,118" hai3="87,112,46,104,25,120,16,41,126,115,14,81,2"/><T5/><D113/><U37/><E121/><V92/><F108/><W122/><G2/><T72/><D129/><U90/><E114/><V95/><F7/><W34/><G104/><T36/><D36/><N who="1" m="13931" /><E35/><V94/><F118/><W40/><G126/><N who="0" m="48171" /><D135/><N who="1" m="51723" /><E102/><V11/><F11/><W96/><G96/><N who="0" m="61863" /><D27/><U23/><E90/><V42/><F53/><W76/><G115/><T77/><D93/><U31/><E31/><V110/><F110/><W33/><G112/><T125/><N who="0" m="48179" /><T0/><DORA hai="65" /><D91/><U17/><E50/><V13/><F106/><W66/><G34/><T73/><D0/><U57/><E57/><V6/><F97/><W85/><G33/><T48/><D48/><U43/><E43/><V3/><F3/><W103/><G25/><AGARI ba="0,0" hai="17,18,19,23,25,55,58,62" m="51723,13931" machi="25" ten="30,1000,0" yaku="20,1" doraHai="24,65" who="1" fromWho="3" sc="250,0,250,10,250,0,250,-10" /><INIT seed="1,0,0,5,3,38" ten="250,260,250,240" oya="1" hai0="72,13,60,75,128,59,76,21,84,54,18,123,31" hai1="106,50,55,134,39,27,17,74,90,103,58,110,5" hai2="124,107,45,49,52,100,41,111,69,57,40,2,77" hai3="46,114,7,118,37,79,25,1,23,53,28,127,11"/><U102/><E74/><V108/><F2/><W116/><G114/><T129/><D123/><U97/><E134/><V73/><F69/><W104/><G127/><T30/><D84/><U19/><E110/><N who="2" m="42027" /><F124/><W32/><G104/><T117/><D117/><N who="3" m="45161" /><G79/><T121/><D121/><U66/><E39/><V87/><F87/><W47/><G37/><T10/><D76/><U131/><E131/><N who="0" m="50249" /><D10/><U63/><E102/><V115/><F115/><W9/><G9/><T105/><D105/><U0/><E0/><V29/><F29/><AGARI ba="0,0" hai="13,18,21,29,30,31,54,59,60,72,75" m="50249" machi="29" ten="30,1000,0" yaku="19,1" doraHai="38" who="0" fromWho="2" sc="250,10,260,0,250,-10,240,0" /><INIT seed="2,0,0,1,1,10" ten="260,260,240,240" oya="2" hai0="118,110,35,62,43,23,48,1,108,87,88,80,93" hai1="122,111,45,58,67,92,133,132,135,73,134,107,18" hai2="40,131,26,60,3,50,113,63,124,19,129,82,47" hai3="71,44,39,34,105,6,28,95,7,79,76,51,12"/><V72/><F3/><W37/><G105/><T4/><D35/><U90/><E111/><V25/><F113/><W14/><G71/><T20/><D118/><U0/><E122/><V120/><F120/><W30/><G95/><T57/><D93/><U84/><E132/><V91/><F124/><W31/><G34/><T115/><D115/><U65/><E107/><V117/><F117/><W29/><G29/><T114/><D114/><U41/><E73/><V94/><F72/><W89/><G89/><T130/><D130/><N who="2" m="49674" /><F82/><W24/><G24/><N who="2" m="9321" /><F19/><W69/><G69/><T36/><D1/><U49/><E0/><V74/><F74/><W33/><G33/><T75/><D75/><U66/><REACH who="1" step="1"/><E18/><REACH who="1" ten="260,250,240,240" step="2"/><V5/><F5/><W9/><G6/><T104/><D4/><U61/><AGARI ba="0,1" hai="41,45,49,58,61,65,66,67,84,90,92,133,134,135" machi="61" ten="40,8000,1" yaku="1,1,2,1,0,1,20,1,53,0" doraHai="10" doraHaiUra="16" who="1" fromWho="1" sc="260,-20,250,90,240,-40,240,-20" /><INIT seed="3,0,0,1,1,32" ten="240,340,200,220" oya="3" hai0="135,54,109,74,77,56,62,50,39,43,21,127,79" hai1="116,133,94,46,25,73,66,83,4,41,2,105,12" hai2="131,85,9,88,60,80,82,38,14,68,124,36,35" hai3="121,65,101,86,61,91,72,75,97,81,5,71,59"/><W58/><G121/><T100/><D39/><U76/><E105/><V130/><F35/><W118/><G118/><T108/><D127/><U93/><E116/><V128/><F124/><W48/><G5/><T51/><D135/><U7/><E133/><V47/><F80/><W10/><G10/><T90/><D100/><U104/><E104/><V20/><F20/><W22/><G22/><T120/><D120/><U132/><E132/><V49/><F60/><W107/><REACH who="3" step="1"/><G48/><REACH who="3" ten="240,340,200,210" step="2"/><T111/><D21/><U103/><E7/><N who="2" m="3391" /><F68/><W33/><G33/><T19/><D50/><U99/><E4/><V37/><F49/><W67/><G67/><T26/><D51/><U112/><E66/><V126/><F126/><W1/><G1/><T84/><D109/><U134/><E2/><V42/><AGARI ba="0,1" hai="36,37,38,42,47,82,85,88,128,130,131" m="3391" machi="42" ten="40,2700,0" yaku="19,1,54,1" doraHai="32" who="2" fromWho="2" sc="240,-7,340,-7,200,37,210,-13" owari="233,-16.7,333,43.3,237,3.7,197,-30.3" /></mjloggm>