<mjloggm ver="2.3"><GO type="225" lobby="0"/><UN n0="%73%6C%69%63%6B%33%31%39" n1="%4E%49%4A%49%49%52%4F" n2="%E7%89%B9%E6%9D%B1%E3%81%AF%E4%B8%96%E7%95%8C%E3%82%92%E6%95%91%E3%81%86" n3="%E3%83%9F%E3%83%AA%E3%83%80%E3%81%97%E3%82%88" dan="16,16,16,16" rate="2182.75,2189.46,2179.68,2085.06" sx="M,M,M,M"/><TAIKYOKU oya="0"/><INIT seed="0,0,0,3,4,18" ten="250,250,250,250" oya="0" hai0="91,60,11,128,64,6,120,41,108,67,13,72,77" hai1="121,50,10,43,34,92,24,84,90,29,66,54,109" hai2="80,126,102,65,97,26,4,5,57,112,122,76,61" hai3="31,107,20,14,124,62,82,19,68,134,75,15,22"/><T87/><D120/><U113/><E109/><V47/><F126/><W88/><G124/><T44/><D128/><U95/><E121/><V36/><F112/><W94/><G107/><T58/><D108/><U53/><E113/><V0/><F122/><W40/><G134/><T23/><D72/><U70/><E70/><V101/><F0/><W38/><G40/><T130/><D130/><U56/><E66/><V129/><F129/><W21/><G38/><T37/><D77/><U79/><E43/><V8/><F36/><W69/><G62/><T86/><D67/><U100/><E79/><V114/><F114/><W96/><G82/><T119/><D119/><U116/><E116/><V52/><F26/><W123/><G75/><T133/><D133/><U1/><E1/><V117/><F117/><W73/><G73/><T42/><D42/><U71/><E71/><V2/><F5/><W27/><G123/><T45/><D45/><U7/><E7/><V35/><F35/><W103/><G103/><T93/><REACH who="0" step="1"/><D23/><REACH who="0" ten="240,250,250,250" step="2"/><U132/><E132/><V74/><F47/><W104/><G104/><T39/><D39/><U3/><E10/><V78/><F78/><W99/><G69/><T81/><D81/><U32/><E32/><V110/><F110/><W33/><G68/><T48/><D48/><U12/><E34/><V131/><F131/><W127/><G127/><T16/><D16/><U59/><E50/><V115/><F115/><W111/><G111/><T55/><D55/><U28/><E53/><V17/><F17/><N who="3" m="10295" /><G33/><T125/><D125/><U89/><E54/><V9/><F65/><RYUUKYOKU ba="0,1" sc="240,15,250,-15,250,-15,250,15" hai0="6,11,13,37,41,44,58,60,64,86,87,91,93" hai3="15,19,21,22,27,31,88,94,96,99" /><INIT seed="0,1,1,0,2,85" ten="255,235,235,265" oya="0" hai0="86,78,118,15,105,108,42,62,113,1,13,44,65" hai1="70,37,31,80,135,117,73,100,74,71,125,134,21" hai2="88,124,77,20,81,28,60,107,36,10,72,32,2" hai3="46,59,33,52,99,55,110,4,30,17,115,127,130"/><T83/><D113/><U26/><E117/><V54/><F32/><W106/><G115/><T48/><D118/><U95/><E37/><V39/><F107/><W18/><G4/><T47/><D1/><U103/><E125/><V29/><F124/><W126/><G130/><T12/><D105/><U128/><E128/><V41/><F2/><W132/><G132/><N who="1" m="50730" /><E80/><V67/><F10/><W104/><G110/><T131/><D131/><U112/><E112/><V76/><F76/><W97/><G59/><T119/><D119/><U8/><E8/><V84/><F54/><W93/><G93/><T0/><D0/><U14/><E14/><V116/><F116/><W68/><G30/><T23/><D47/><U121/><E121/><V50/><F50/><W24/><G24/><T40/><D108/><U94/><E94/><V111/><F111/><W57/><G57/><T90/><D40/><U98/><E100/><V56/><F20/><W27/><G27/><T122/><D122/><U66/><E66/><V5/><F5/><W38/><G38/><T79/><REACH who="0" step="1"/><D23/><REACH who="0" ten="245,235,235,265" step="2"/><U58/><E58/><AGARI ba="1,2" hai="12,13,15,42,44,48,58,62,65,78,79,83,86,90" machi="58" ten="40,12000,1" yaku="1,1,2,1,8,1,52,1,53,0" doraHai="85" doraHaiUra="64" who="0" fromWho="1" sc="245,143,235,-123,235,0,265,0" /><INIT seed="0,2,0,1,1,3" ten="388,112,235,265" oya="0" hai0="97,9,103,91,99,70,55,126,17,54,81,83,26" hai1="23,39,88,133,77,65,100,123,87,5,50,120,49" hai2="68,38,27,84,61,24,121,30,69,22,105,118,15" hai3="21,135,74,34,92,113,107,128,62,132,64,75,125"/><T93/><D126/><U43/><E39/><V119/><F121/><W35/><G107/><T1/><D70/><U96/><E133/><N who="3" m="51274" /><G125/><T4/><D17/><U124/><E124/><V42/><F105/><W101/><G128/><T114/><D114/><U60/><E77/><V6/><F84/><W58/><G113/><T66/><D66/><U122/><E5/><V129/><F129/><W82/><G82/><T102/><D26/><U44/><E23/><V72/><F72/><N who="3" m="27691" /><G21/><T94/><D91/><U36/><E96/><AGARI ba="2,0" hai="34,35,58,62,64,92,96,101" m="27691,51274" machi="96" ten="30,1000,0" yaku="20,1" doraHai="3" who="3" fromWho="1" sc="388,0,112,-16,235,0,265,16" /><INIT seed="1,0,0,0,3,112" ten="388,96,235,281" oya="1" hai0="96,17,13,25,41,132,71,77,0,12,88,75,109" hai1="33,89,1,11,125,32,76,10,54,68,28,100,79" hai2="135,120,58,129,106,29,85,61,20,59,115,50,34" hai3="31,48,124,131,3,2,46,36,37,51,44,84,126"/><U64/><E125/><N who="3" m="48234" /><G131/><T53/><D0/><N who="3" m="41" /><G84/><T22/><D71/><U121/><E121/><V62/><F59/><W23/><G23/><T86/><D109/><U70/><E100/><V97/><F50/><N who="3" m="18987" /><G31/><T105/><D86/><U63/><E1/><V42/><F20/><W130/><G130/><T82/><D22/><U94/><E68/><V19/><F29/><W83/><G83/><T65/><D82/><U55/><E11/><V133/><F58/><W21/><G21/><T52/><D25/><U16/><E76/><V38/><F85/><W6/><G6/><T101/><D77/><U49/><E79/><V40/><F129/><W56/><G56/><T35/><D101/><U104/><E104/><V98/><F120/><W107/><G107/><T72/><D17/><U95/><E95/><V108/><F106/><W24/><G24/><T15/><D105/><U90/><E90/><V80/><F19/><W127/><N who="3" m="48242" /><W128/><DORA hai="117" /><G128/><T66/><D88/><U114/><E114/><V67/><F80/><W18/><G18/><T9/><D12/><N who="1" m="7191" /><E28/><V134/><F115/><W110/><G110/><T93/><D9/><U26/><E26/><V60/><F108/><W103/><G103/><T57/><D13/><U27/><E27/><V47/><F134/><W78/><G78/><T92/><D15/><U99/><E54/><V73/><F133/><W87/><G87/><T7/><D52/><U43/><E55/><V123/><F135/><W81/><G81/><T74/><D53/><U102/><E102/><V118/><F123/><W119/><G119/><T39/><D74/><RYUUKYOKU ba="0,0" sc="388,-15,96,15,235,-15,281,15" hai1="32,33,43,49,63,64,70,89,94,99" hai3="36,37,44,46" /><INIT seed="1,1,0,1,5,59" ten="373,111,220,296" oya="1" hai0="74,1,107,77,80,37,122,120,62,46,114,52,14" hai1="131,57,41,88,71,126,106,21,0,83,125,2,7" hai2="43,100,109,20,31,110,38,70,42,22,113,3,61" hai3="119,11,103,48,53,86,92,12,39,130,133,13,116"/><U50/><E106/><V93/><F3/><W55/><G39/><T47/><D114/><U26/><E71/><V8/><F8/><W44/><G130/><T76/><D107/><U78/><E131/><V34/><F34/><W123/><G123/><N who="0" m="47147" /><D1/><U124/><E7/><V16/><F113/><W54/><G133/><T65/><D76/><U33/><E33/><V89/><F100/><W112/><G112/><T15/><D52/><N who="3" m="20073" /><G11/><T98/><D98/><U132/><E132/><V117/><F117/><N who="3" m="45131" /><G86/><T35/><D35/><U104/><E104/><V63/><F70/><W90/><G90/><T105/><D105/><U102/><E102/><V95/><F89/><W30/><G30/><T91/><D91/><U19/><E57/><V134/><F134/><W79/><G79/><T68/><D46/><N who="1" m="25935" /><E88/><V51/><F51/><W69/><G69/><T40/><AGARI ba="1,0" hai="14,15,37,40,47,62,65,68,74,77,80" m="47147" machi="40" ten="30,2000,0" yaku="13,1,52,1" doraHai="59" who="0" fromWho="0" sc="373,23,111,-11,220,-6,296,-6" /><INIT seed="2,0,0,1,2,57" ten="396,100,214,290" oya="2" hai0="125,64,113,63,100,55,87,123,50,19,86,56,78" hai1="37,25,54,2,127,107,39,30,119,92,20,45,51" hai2="42,111,22,1,102,43,73,41,17,109,11,128,32" hai3="47,40,33,112,117,91,133,66,96,26,6,126,104"/><V16/><F32/><W12/><G117/><T97/><D123/><U18/><E119/><V23/><F73/><W61/><G126/><T4/><D113/><U24/><E127/><V82/><F102/><W135/><G112/><T105/><D125/><U10/><E107/><V95/><F95/><N who="3" m="56447" /><G104/><T89/><D4/><U9/><E92/><V29/><F82/><W0/><G0/><T53/><D78/><U36/><REACH who="1" step="1"/><E2/><REACH who="1" ten="396,90,214,290" step="2"/><V106/><F106/><W44/><G133/><T129/><D105/><U46/><E46/><V15/><F128/><W88/><G47/><T101/><D129/><U14/><E14/><V76/><F1/><W67/><G44/><T49/><D101/><U72/><E72/><V131/><F131/><W115/><G135/><T110/><D100/><U13/><E13/><V132/><F132/><W130/><G12/><T38/><D110/><U90/><E90/><V84/><F111/><W74/><G88/><T71/><D89/><U65/><E65/><V35/><F109/><W93/><G66/><T28/><D64/><U103/><E103/><V79/><F15/><W118/><G67/><T8/><D97/><U5/><E5/><V85/><F85/><W21/><G130/><T108/><D87/><U83/><E83/><V48/><F84/><W134/><G74/><T34/><D86/><U59/><E59/><V124/><F124/><W120/><G134/><T60/><D108/><U114/><E114/><V58/><F58/><W75/><G75/><T98/><D56/><U52/><E52/><V116/><F116/><W3/><G118/><T7/><D55/><RYUUKYOKU ba="0,1" sc="396,-10,90,30,214,-10,290,-10" hai1="9,10,18,20,24,25,30,36,37,39,45,51,54" /><INIT seed="3,1,1,3,4,135" ten="386,120,204,280" oya="3" hai0="115,76,79,30,48,113,78,4,104,103,119,32,72" hai1="126,41,58,28,12,67,43,110,93,64,11,55,7" hai2="62,85,49,8,10,2,99,111,35,94,33,56,26" hai3="101,25,39,73,37,27,114,122,95,16,100,91,80"/><W88/><G114/><N who="0" m="43531" /><D119/><U0/><E110/><V45/><F111/><W83/><G95/><T53/><D4/><U17/><E28/><V98/><F2/><W128/><G73/><T6/><D6/><U21/><E67/><V105/><F105/><W124/><G128/><T46/><D103/><U71/><E64/><N who="2" m="38983" /><F98/><W9/><G9/><T118/><D104/><U18/><E71/><V23/><F85/><W77/><G77/><T14/><D14/><U69/><E69/><V120/><F120/><W123/><G16/><T52/><D118/><U24/><E18/><N who="2" m="12663" /><F33/><W34/><G34/><T5/><D5/><U31/><E126/><AGARI ba="1,1" hai="25,27,37,39,80,83,88,91,100,101,122,123,124,126" machi="126" ten="25,12000,1" yaku="22,2,52,2,54,1" doraHai="135" who="3" fromWho="1" sc="386,0,120,-123,204,0,280,133" owari="386,18.6,-3,-50.3,204,-19.6,413,51.3" /></mjloggm>