<mjloggm ver="2.3"><GO type="225" lobby="0"/><UN n0="%E3%83%B4%E3%83%A0%EF%BC%99%E3%81%A6" n1="%E3%82%B8%E3%83%A3%E3%83%9E%E3%83%BC%E3%83%AB%E3%83%9E%E3%83%AC%E3%83%BC" n2="%E5%AE%AE%E4%BF%9D%E9%B6%8F%E8%82%89" n3="%E3%81%AA%E3%81%8C%E3%81%95%E3%82%8F%E3%81%BE%E3%81%95%E3%81%BF" dan="17,17,16,16" rate="2207.98,2201.27,2141.91,2102.16" sx="M,M,M,F"/><TAIKYOKU oya="0"/><INIT seed="0,0,0,2,5,90" ten="250,250,250,250" oya="0" hai0="49,59,91,37,29,60,40,19,15,116,31,127,96" hai1="113,64,73,42,114,88,106,46,79,51,25,28,85" hai2="23,6,22,93,129,101,135,68,61,41,5,123,132" hai3="44,57,58,77,0,94,75,120,74,103,71,45,84"/><T80/><D116/><U2/><E106/><V100/><F123/><W33/><G71/><T8/><D127/><U124/><E2/><V121/><F121/><W89/><G0/><T63/><D37/><U92/><E124/><V117/><F117/><W11/><G120/><T118/><D118/><U115/><E64/><N who="2" m="40975" /><F41/><W38/><G33/><T102/><D80/><N who="1" m="45167" /><E25/><V17/><F23/><W95/><G11/><T1/><D1/><U34/><E34/><V56/><F56/><N who="3" m="21611" /><G38/><T86/><D86/><U10/><E10/><V83/><F83/><W65/><G74/><T35/><D91/><U14/><E28/><V122/><F122/><W134/><G134/><N who="2" m="51241" /><F129/><W104/><G65/><T126/><D126/><U12/><AGARI ba="0,0" hai="12,14,42,46,51,85,88,92,113,114,115" m="45167" machi="12" ten="40,5200,0" yaku="11,1,52,1,54,1" doraHai="90" who="1" fromWho="1" sc="250,-26,250,52,250,-13,250,-13" /><INIT seed="1,0,0,4,5,65" ten="224,302,237,237" oya="1" hai0="125,43,122,131,127,12,79,109,13,47,76,124,120" hai1="84,15,112,107,108,105,78,8,30,87,33,55,11" hai2="88,60,69,73,71,27,54,83,110,18,20,49,92" hai3="24,97,2,61,135,126,56,89,100,86,63,82,17"/><U95/><E112/><V128/><F110/><W67/><G2/><T77/><D109/><U42/><E108/><V32/><F128/><W16/><G135/><T3/><D3/><U101/><E42/><V37/><F37/><W98/><G126/><T118/><D131/><U62/><E33/><V19/><F32/><W81/><G81/><T72/><D72/><U26/><E8/><V59/><F49/><W34/><G98/><T57/><D57/><U29/><E107/><V21/><F83/><W7/><G7/><T115/><D115/><U45/><E105/><V48/><F73/><W1/><G1/><T123/><D118/><U53/><E53/><V94/><F94/><W70/><G24/><T64/><D64/><U102/><E102/><V121/><F121/><W6/><G6/><T90/><D90/><U74/><E74/><V116/><F48/><AGARI ba="0,0" hai="12,13,43,47,48,76,77,79,120,122,123,124,125,127" machi="48" ten="50,8000,1" yaku="29,2,13,1,18,1" doraHai="65" who="0" fromWho="2" sc="224,80,302,0,237,-80,237,0" /><INIT seed="2,0,0,2,3,100" ten="304,302,157,237" oya="2" hai0="39,88,62,91,119,114,19,53,109,133,72,37,115" hai1="13,82,76,67,7,110,30,3,25,38,112,127,23" hai2="87,5,33,47,108,56,42,18,131,78,31,2,12" hai3="49,105,96,51,124,22,11,45,85,89,111,59,101"/><V20/><F131/><W73/><G111/><T55/><D72/><U125/><E110/><V17/><F108/><W79/><G124/><N who="1" m="47690" /><E38/><V135/><F135/><W34/><G34/><T41/><D109/><U134/><E134/><V102/><F102/><W50/><G22/><T60/><D133/><U36/><E36/><V118/><F118/><W97/><G97/><T81/><D81/><U26/><E67/><V130/><F130/><W90/><G59/><T117/><D19/><N who="1" m="10735" /><E112/><V77/><F2/><W80/><G11/><T132/><D132/><U4/><E3/><V106/><F106/><W92/><REACH who="3" step="1"/><G89/><REACH who="3" ten="304,302,157,227" step="2"/><T52/><D117/><U35/><E26/><N who="2" m="16839" /><F33/><W27/><G27/><T24/><D24/><U113/><E113/><V74/><F56/><W84/><G84/><AGARI ba="0,1" hai="4,7,25,30,35,76,82,84" m="10735,47690" machi="84" ten="30,1000,0" yaku="18,1" doraHai="100" who="1" fromWho="3" sc="304,0,302,20,157,0,227,-10" /><INIT seed="3,0,0,4,4,102" ten="304,322,157,217" oya="3" hai0="92,90,119,113,59,2,37,25,16,122,129,34,121" hai1="123,107,14,74,65,72,45,76,22,91,42,116,99" hai2="81,64,41,47,15,26,0,7,70,39,89,35,127" hai3="31,98,130,108,115,3,126,9,93,134,32,36,96"/><W118/><RYUUKYOKU type="yao9" ba="0,0" sc="304,0,322,0,157,0,217,0" hai3="3,9,31,32,36,93,96,98,108,115,118,126,130,134" /><INIT seed="3,1,0,3,1,129" ten="304,322,157,217" oya="3" hai0="38,79,128,30,93,127,116,101,20,7,15,47,49" hai1="48,119,32,92,85,12,123,115,72,36,10,125,44" hai2="91,61,118,29,76,104,78,67,55,66,112,124,110" hai3="105,34,75,14,103,23,27,107,109,108,58,74,64"/><W6/><G34/><T102/><D116/><U80/><E115/><V86/><F112/><W131/><G131/><T87/><D38/><U4/><E123/><V113/><F113/><W35/><G35/><T54/><D127/><U31/><E125/><V51/><F124/><W62/><G6/><T99/><D128/><U81/><E36/><V94/><F104/><W117/><G14/><T60/><D60/><U8/><E8/><V73/><F118/><W111/><G117/><T120/><D120/><U98/><E72/><N who="3" m="27690" /><G103/><T70/><D70/><U40/><E119/><V56/><F110/><N who="3" m="28163" /><W17/><AGARI ba="1,0" hai="17,23,27,58,62,64,105,107" m="28163,27690" machi="17" ten="50,9600,0" yaku="4,1,14,1,10,1" doraHai="129" who="3" fromWho="3" sc="304,-33,322,-33,157,-33,217,99" owari="271,-12.9,289,8.9,124,-37.6,316,41.6" /></mjloggm>