<mjloggm ver="2.3"><GO type="225" lobby="0"/><UN n0="%61%69%73%79%6F" n1="%E3%81%82%E3%81%99%E3%81%AB%E3%82%83%E3%82%80" n2="%E7%AD%89%E3%80%85%E5%8A%9B%E5%8A%87%E5%A0%B4" n3="%E5%B7%9D%E7%80%AC%E6%99%BA%E5%AD%90" dan="17,16,16,16" rate="2220.60,2128.05,2171.01,2040.13" sx="M,F,M,M"/><TAIKYOKU oya="0"/><BYE who="3" /><BYE who="0" /><UN n3="%E5%B7%9D%E7%80%AC%E6%99%BA%E5%AD%90" /><INIT seed="0,0,0,1,1,56" ten="250,250,250,250" oya="0" hai0="42,34,95,79,49,119,78,16,6,20,33,39,50" hai1="86,29,68,99,92,12,28,11,37,44,3,43,101" hai2="48,77,45,111,23,21,121,7,98,2,14,63,118" hai3="74,46,102,38,10,104,113,81,83,15,13,36,129"/><T71/><D71/><U130/><E3/><UN n0="%61%69%73%79%6F" /><V114/><F121/><W52/><G113/><T135/><D119/><U8/><E130/><V132/><F114/><W41/><G36/><T128/><D128/><U59/><E68/><V61/><F2/><W100/><G129/><T131/><D131/><U60/><E86/><V120/><F120/><W31/><G31/><T85/><D135/><U115/><E8/><N who="2" m="4383" /><F111/><W69/><G69/><T116/><D116/><U112/><E115/><V9/><F118/><W5/><G104/><T107/><D107/><U126/><E126/><V55/><F132/><W17/><G74/><T90/><D6/><U58/><E58/><V97/><F77/><W62/><G100/><T67/><D67/><U96/><E96/><N who="2" m="36971" /><F9/><W40/><G102/><T22/><D22/><AGARI ba="0,0" hai="21,22,23,45,48,55,61,63" m="36971,4383" machi="22" ten="30,3900,0" yaku="8,1,52,2" doraHai="56" who="2" fromWho="0" sc="250,-39,250,0,250,39,250,0" /><INIT seed="1,0,0,1,4,18" ten="211,250,289,250" oya="1" hai0="97,19,119,45,82,107,85,125,38,30,71,25,32" hai1="10,57,41,120,102,91,44,94,105,62,53,89,14" hai2="90,103,54,132,77,80,58,3,79,124,23,121,115" hai3="55,126,123,49,61,16,8,43,52,37,84,101,70"/><U134/><E134/><V68/><F121/><W93/><G123/><T39/><D125/><U108/><E120/><V31/><F68/><W118/><G126/><T28/><D119/><U21/><E108/><V128/><F124/><W114/><G114/><T129/><D129/><U99/><E105/><V75/><F3/><W15/><G118/><T81/><D81/><U127/><E127/><V42/><F128/><W98/><G37/><T112/><D112/><U96/><E96/><V131/><F131/><W110/><G110/><T69/><D28/><U100/><E100/><V67/><F132/><W50/><G70/><T0/><D0/><U135/><E135/><V64/><F115/><W72/><G72/><T109/><D19/><U87/><E21/><V60/><F42/><W73/><G73/><T9/><D9/><U35/><E87/><V47/><F79/><W83/><G61/><T46/><D39/><U5/><REACH who="1" step="1"/><E35/><REACH who="1" ten="211,240,289,250" step="2"/><V130/><F103/><W27/><G84/><T111/><D111/><U33/><E33/><V88/><F130/><W26/><G98/><T34/><D34/><U133/><E133/><V63/><F75/><W106/><G101/><T2/><D97/><U20/><E20/><V65/><F23/><W122/><G106/><T11/><D107/><U113/><E113/><V13/><F31/><W24/><G122/><T86/><D86/><U17/><E17/><V4/><F4/><W12/><G16/><T74/><D74/><U29/><E29/><V116/><F116/><W104/><G104/><T95/><D109/><U22/><E22/><V1/><F80/><RYUUKYOKU ba="0,1" sc="211,-10,240,30,289,-10,250,-10" hai1="5,10,14,41,44,53,57,62,89,91,94,99,102" /><INIT seed="1,1,1,0,2,121" ten="201,270,279,240" oya="1" hai0="70,12,62,95,22,71,29,99,133,68,37,77,0" hai1="90,101,91,64,58,6,116,39,102,67,43,33,96" hai2="120,45,17,69,125,100,94,98,65,48,28,110,86" hai3="8,50,113,55,134,66,119,85,107,82,21,18,115"/><U44/><E116/><V80/><F120/><W7/><G107/><T2/><D37/><U104/><E33/><V25/><F125/><W79/><G134/><T89/><D133/><U59/><E101/><V108/><F17/><W47/><G66/><T56/><D77/><U93/><E6/><V84/><F65/><W38/><G38/><T131/><D131/><U9/><E9/><V72/><F69/><W112/><G119/><T130/><D130/><U105/><E105/><V109/><F72/><W41/><G55/><T123/><D123/><U34/><E34/><N who="2" m="20751" /><F80/><W92/><G92/><T14/><D14/><U3/><E3/><V36/><F36/><W111/><G111/><T4/><D29/><U129/><E129/><V5/><F5/><W103/><G103/><T74/><D74/><U20/><E20/><V63/><F63/><W15/><REACH who="3" step="1"/><G113/><REACH who="3" ten="201,270,279,230" step="2"/><T40/><D40/><AGARI ba="1,2" hai="40,45,48,84,86,94,98,100,108,109,110" m="20751" machi="40" ten="30,7700,0" yaku="14,1,52,3" doraHai="121" who="2" fromWho="0" sc="201,-80,270,0,279,100,230,0" /><INIT seed="2,0,0,2,5,90" ten="121,270,379,230" oya="2" hai0="81,101,43,68,2,5,11,134,88,89,60,36,108" hai1="51,66,23,109,110,115,129,91,38,25,92,75,104" hai2="50,58,1,130,26,74,103,15,118,72,76,63,20" hai3="42,105,56,9,84,87,119,79,41,127,95,48,21"/><V39/><F39/><W22/><G105/><T69/><D134/><U71/><E38/><V28/><F1/><W83/><G119/><T123/><D123/><U57/><E115/><V30/><F118/><W78/><G127/><T24/><D101/><U100/><E129/><V55/><F130/><W13/><G56/><T82/><D24/><U0/><E75/><V67/><F30/><W64/><G64/><T62/><D108/><N who="1" m="41579" /><E0/><V14/><F103/><W113/><G113/><T3/><D36/><U125/><E125/><V27/><F27/><W49/><G9/><T19/><D11/><U128/><E128/><V97/><F74/><W61/><G61/><T16/><REACH who="0" step="1"/><D5/><REACH who="0" ten="111,270,379,230" step="2"/><U107/><E100/><V37/><F26/><W65/><G22/><T31/><D31/><U18/><E107/><V117/><F20/><W46/><G21/><T33/><D33/><U133/><E104/><V12/><F28/><W10/><G10/><T98/><D98/><U70/><E133/><V111/><F97/><W40/><G13/><T114/><D114/><U7/><E7/><V44/><F111/><W4/><G4/><T86/><D86/><U77/><E25/><V112/><F112/><W35/><G35/><T47/><D47/><U29/><E29/><V8/><F37/><W45/><G87/><T80/><D80/><U135/><E23/><V93/><F8/><W73/><G73/><T121/><D121/><U53/><E135/><V124/><F117/><W131/><G131/><T17/><D17/><U32/><E18/><V102/><F14/><W116/><G116/><T96/><D96/><RYUUKYOKU ba="0,1" sc="111,30,270,-10,379,-10,230,-10" hai0="2,3,16,19,43,60,62,68,69,81,82,88,89" /><INIT seed="3,1,1,5,0,6" ten="141,260,369,220" oya="3" hai0="130,119,116,11,77,12,107,33,94,58,67,22,10" hai1="69,24,18,28,102,40,43,86,87,52,61,73,81" hai2="121,30,108,117,110,123,1,36,114,31,20,76,38" hai3="131,63,105,26,51,47,54,50,71,98,45,3,0"/><W104/><G131/><T27/><D107/><U95/><E18/><V93/><F1/><W23/><G71/><T35/><D77/><U115/><E115/><V122/><F117/><N who="0" m="45130" /><D94/><U72/><E72/><V17/><F114/><W48/><G63/><T68/><D68/><U133/><E69/><V41/><F76/><W118/><G118/><T97/><D97/><U25/><E133/><V44/><F36/><W55/><G50/><T82/><D82/><U100/><E73/><V60/><F60/><W57/><G57/><T92/><D92/><U112/><E95/><V84/><F84/><W109/><G109/><N who="2" m="42089" /><F93/><W64/><G64/><T29/><D58/><U129/><E61/><V78/><F78/><W125/><G104/><T70/><D67/><U7/><E129/><V88/><F88/><W120/><G120/><T46/><D46/><U37/><E81/><V13/><AGARI ba="1,1" hai="13,17,20,30,31,38,41,44,121,122,123" m="42089" machi="13" ten="40,2700,0" yaku="13,1,14,1" doraHai="6" who="2" fromWho="2" sc="141,-8,260,-8,369,40,220,-14" owari="133,-36.7,252,5.2,409,50.9,206,-19.4" /></mjloggm>