<mjloggm ver="2.3"><GO type="225" lobby="0"/><UN n0="%E5%B8%86%E7%AB%8B%E5%A4%8F%E8%A1%A3" n1="%72%69%6F%75%63%68%61%6E" n2="%E3%81%82%E3%81%84%E3%81%82%E3%81%8A%E3%81%84" n3="%41%54%53%4D" dan="17,17,18,16" rate="2145.81,2285.22,2221.04,2080.50" sx="M,M,M,M"/><TAIKYOKU oya="0"/><INIT seed="0,0,0,3,4,125" ten="250,250,250,250" oya="0" hai0="5,85,105,126,56,32,11,102,23,106,22,2,116" hai1="42,66,16,132,81,59,1,71,82,18,4,50,108" hai2="128,24,38,74,52,69,83,61,17,103,78,79,72" hai3="48,9,21,6,115,86,57,0,97,53,20,64,7"/><T33/><D126/><U30/><E108/><V84/><F38/><W31/><G115/><T36/><D116/><U104/><E132/><V101/><F128/><W28/><G97/><T91/><D36/><U51/><E104/><V67/><F52/><W127/><G127/><T119/><D119/><U75/><E30/><V68/><F68/><W15/><G64/><T134/><D134/><U13/><E71/><V129/><F129/><W62/><G0/><T70/><D70/><U3/><E75/><V111/><F111/><W34/><G34/><T120/><D120/><U135/><E135/><V63/><F63/><W58/><G6/><T65/><D33/><U107/><E107/><V14/><F24/><W87/><G21/><T99/><D106/><U121/><E121/><V43/><F43/><W122/><G122/><T88/><D32/><U100/><E100/><V77/><F74/><W47/><G58/><T112/><D91/><U37/><E37/><V90/><REACH who="2" step="1"/><F72/><REACH who="2" ten="250,250,240,250" step="2"/><W109/><G109/><T96/><D112/><U76/><E42/><V92/><F92/><W130/><G130/><T73/><D73/><U60/><E51/><V26/><F26/><N who="3" m="16455" /><G31/><T10/><D65/><U35/><E50/><V55/><F55/><W89/><G62/><T118/><D118/><U12/><E60/><V113/><F113/><W131/><G131/><T133/><D133/><U40/><E66/><V39/><F39/><W110/><G110/><T44/><D56/><U8/><E59/><V46/><F46/><W98/><G47/><T25/><D44/><U124/><E124/><V93/><F93/><AGARI ba="0,1" hai="7,9,15,48,53,57,86,87,89,93,98" m="16455" machi="93" ten="30,2000,0" yaku="6,1,8,1" doraHai="125" who="3" fromWho="2" sc="250,0,250,0,240,-20,250,30" /><INIT seed="1,0,0,3,4,9" ten="250,250,220,280" oya="1" hai0="48,84,134,131,112,62,18,71,135,105,89,109,88" hai1="54,11,41,60,106,61,129,1,33,57,123,8,120" hai2="4,121,24,10,27,29,86,113,19,42,52,28,111" hai3="85,5,47,49,116,100,90,118,79,13,81,31,99"/><U0/><E33/><V103/><F121/><N who="1" m="46665" /><E41/><V78/><F111/><W64/><G31/><T30/><D109/><U115/><E57/><V55/><F113/><W130/><G64/><N who="0" m="41367" /><D30/><U35/><E35/><V76/><F103/><W77/><G130/><T22/><D131/><U75/><E129/><V39/><F19/><W83/><G90/><T87/><D105/><U68/><E115/><V17/><F17/><W20/><G99/><T102/><D102/><U25/><E106/><V124/><F42/><W7/><G100/><T59/><D112/><U2/><E68/><V12/><F39/><W34/><G34/><T95/><D89/><U53/><E25/><N who="2" m="9803" /><F124/><W70/><G70/><T110/><D110/><U50/><E50/><V66/><F66/><W93/><G93/><T15/><D87/><U117/><E75/><V91/><F28/><W36/><G36/><T119/><D119/><N who="3" m="45609" /><G20/><T73/><D73/><U58/><E117/><V38/><F29/><W46/><G13/><T104/><D104/><U37/><E37/><V43/><F43/><N who="3" m="24799" /><G47/><T94/><D94/><U56/><E56/><V44/><F38/><W125/><G125/><T127/><D127/><U51/><E58/><V133/><F44/><W80/><G80/><T108/><D108/><U74/><E74/><AGARI ba="0,0" hai="5,7,74,77,79,81,83,85" m="24799,45609" machi="74" ten="30,1000,0" yaku="12,1" doraHai="9" who="3" fromWho="1" sc="250,0,250,-10,220,0,280,10" /><INIT seed="2,0,0,5,5,115" ten="250,240,220,290" oya="2" hai0="90,52,41,101,75,53,116,24,77,64,38,26,128" hai1="127,65,133,43,51,29,105,85,46,36,8,19,102" hai2="126,44,40,47,0,87,11,130,108,58,135,94,16" hai3="134,27,106,5,73,13,125,113,86,18,57,117,50"/><V45/><F126/><W82/><G73/><T25/><D101/><U89/><E127/><V79/><F135/><W48/><G106/><T28/><D64/><U109/><E109/><V78/><F130/><W95/><G125/><T37/><D28/><U96/><E133/><V2/><F40/><W59/><G134/><T68/><D68/><U99/><E65/><V92/><F108/><W124/><G124/><T123/><D123/><U97/><E29/><V104/><F104/><W132/><G132/><T7/><D128/><U72/><E72/><V114/><F114/><W93/><G113/><T3/><D90/><U22/><E8/><V21/><F58/><N who="3" m="22027" /><G27/><T112/><D112/><U88/><E36/><V60/><F60/><W1/><G5/><T71/><D71/><U31/><E31/><V70/><F70/><W74/><G1/><T110/><D116/><U34/><E34/><V98/><F0/><W54/><G74/><T83/><D110/><U122/><E89/><N who="2" m="53311" /><F2/><W121/><G121/><T14/><D14/><U80/><REACH who="1" step="1"/><E122/><REACH who="1" ten="250,230,220,290" step="2"/><V9/><F11/><N who="3" m="6463" /><G117/><T20/><D38/><U62/><E62/><V118/><F9/><W32/><G32/><T67/><D67/><U91/><E91/><N who="2" m="55647" /><F118/><W17/><G48/><T42/><D37/><U69/><E69/><V10/><F10/><W131/><G131/><T56/><D3/><U49/><E49/><V12/><AGARI ba="0,1" hai="12,16,21,44,45,47,78,79" m="55647,53311" machi="12" ten="30,3000,0" yaku="8,1,54,1" doraHai="115" who="2" fromWho="2" sc="250,-10,230,-10,220,40,290,-10" /><INIT seed="2,1,0,3,4,48" ten="240,220,260,280" oya="2" hai0="78,115,44,69,15,130,96,95,112,129,1,55,83" hai1="32,8,7,88,43,66,18,125,107,53,27,79,74" hai2="61,126,124,82,80,2,99,122,25,49,3,10,110" hai3="31,34,0,75,35,22,37,52,58,59,38,118,76"/><V81/><F122/><W114/><G0/><T133/><D1/><U57/><E107/><V121/><F121/><W123/><G118/><T105/><D69/><U90/><E125/><N who="2" m="48235" /><F10/><W23/><G123/><T71/><D71/><U89/><E43/><V63/><F110/><W135/><G76/><T127/><D15/><N who="1" m="5535" /><E32/><V101/><F25/><W50/><G75/><N who="0" m="43487" /><D127/><U68/><E74/><V93/><F49/><W86/><G31/><T128/><D133/><U21/><E68/><V85/><F85/><W70/><G70/><T97/><D44/><U106/><E106/><V46/><F46/><W119/><G135/><T6/><D6/><U100/><E100/><V62/><AGARI ba="1,0" hai="2,3,61,62,63,80,81,82,93,99,101" m="48235" machi="62" ten="40,2100,0" yaku="18,1" doraHai="48" who="2" fromWho="2" sc="240,-8,220,-8,260,24,280,-8" /><INIT seed="2,2,0,2,5,133" ten="232,212,284,272" oya="2" hai0="105,104,87,132,56,33,38,123,106,36,22,65,120" hai1="47,11,58,121,0,115,77,31,74,88,111,101,12" hai2="6,124,61,7,18,1,50,60,96,70,25,79,129" hai3="57,49,68,130,71,94,92,69,108,76,90,39,99"/><V73/><F129/><W19/><G39/><N who="0" m="14891" /><D22/><U51/><E115/><V126/><F50/><W14/><G130/><T27/><D87/><U28/><E111/><V118/><F118/><W82/><G108/><T67/><D56/><U63/><E121/><N who="0" m="46665" /><D27/><U42/><E0/><V2/><F96/><W53/><G92/><T114/><D114/><U109/><E109/><V75/><F18/><W72/><REACH who="3" step="1"/><G68/><REACH who="3" ten="232,212,284,262" step="2"/><T125/><D132/><U3/><E101/><V122/><F122/><W98/><G98/><T91/><D105/><U107/><E107/><V10/><F70/><W59/><G59/><T84/><D104/><U44/><E44/><V45/><F45/><W34/><G34/><T66/><D106/><U9/><E58/><V110/><F110/><W117/><G117/><T30/><D33/><U20/><E63/><V35/><F35/><W5/><G5/><T95/><D95/><U23/><E3/><V113/><F60/><W15/><G15/><T41/><D67/><U13/><E13/><V16/><F61/><W17/><G17/><T112/><D66/><U135/><E135/><V103/><F16/><W78/><G78/><T21/><D65/><U37/><E37/><V134/><F79/><W43/><G43/><T40/><D112/><U102/><E102/><V89/><F103/><W86/><G86/><T24/><D125/><U83/><E88/><V116/><F89/><W46/><G46/><T64/><D64/><U54/><E42/><N who="0" m="16489" /><D84/><U97/><E97/><V127/><F126/><W93/><G93/><T62/><D91/><U85/><E85/><V81/><F127/><RYUUKYOKU ba="2,1" sc="232,15,212,-15,284,-15,262,15" hai0="21,24,30,62" hai3="14,19,49,53,57,69,71,72,76,82,90,94,99" /><INIT seed="3,3,1,0,1,0" ten="247,197,269,277" oya="3" hai0="105,97,61,128,95,43,98,50,31,41,88,14,102" hai1="133,130,107,67,21,57,114,120,24,62,80,26,99" hai2="35,72,19,103,119,101,29,86,23,81,115,66,108" hai3="126,46,106,83,30,89,10,49,52,91,22,16,25"/><W84/><G106/><T55/><D128/><U15/><E133/><V71/><F72/><W3/><G126/><T13/><D31/><U8/><E120/><V76/><F115/><W113/><G113/><T28/><D28/><U93/><E130/><V1/><F1/><W54/><G3/><T96/><D96/><U104/><E114/><V111/><F119/><W37/><G37/><T2/><D2/><U92/><E80/><V74/><F74/><W124/><G124/><T6/><D61/><U45/><E45/><V112/><F112/><W38/><G38/><T48/><D48/><U58/><E58/><V110/><F29/><W20/><G10/><N who="0" m="4311" /><D14/><U34/><E34/><V9/><F9/><W69/><G69/><T65/><D65/><U125/><E125/><V17/><F35/><W40/><G91/><T63/><D63/><U36/><E36/><V68/><F17/><W18/><G30/><T77/><D77/><U32/><E32/><V39/><F39/><W64/><G64/><T100/><D100/><N who="2" m="38474" /><F66/><W118/><G118/><T7/><D7/><N who="1" m="3487" /><E107/><V42/><F42/><N who="0" m="15882" /><D105/><U117/><E117/><V87/><F87/><W75/><G75/><T56/><D102/><N who="1" m="62559" /><E24/><AGARI ba="3,1" hai="19,23,24,68,71,76,81,86,108,110,111" m="38474" machi="24" ten="30,1000,0" yaku="14,1" doraHai="0" who="2" fromWho="1" sc="247,0,197,-19,269,29,277,0" /><AGARI ba="3,0" hai="16,18,20,22,24,25,40,46,49,52,54,83,84,89" machi="24" ten="30,12000,1" yaku="7,1,9,1,8,1,54,2" doraHai="0" who="3" fromWho="1" sc="247,0,178,-120,298,0,277,120" owari="247,-15.3,58,-44.2,298,9.8,397,49.7" /></mjloggm>