<mjloggm ver="2.3"><GO type="225" lobby="0"/><UN n0="%72%61%6B%33" n1="%E6%80%AA%E3%81%97%E3%81%99%E3%81%8E%E3%82%8B%E3%83%81%E3%83%BC" n2="%72%69%6F%75%63%68%61%6E" n3="%E3%81%BF%E3%81%BF%E3%81%9A" dan="16,16,16,17" rate="2142.66,2064.02,2172.98,2261.16" sx="M,M,M,M"/><TAIKYOKU oya="0"/><INIT seed="0,0,0,2,4,95" ten="250,250,250,250" oya="0" hai0="126,124,41,32,20,110,123,59,101,73,72,42,98" hai1="130,92,55,26,1,15,108,10,100,102,0,56,78" hai2="14,6,77,46,134,82,97,18,27,131,105,7,58" hai3="35,25,91,53,132,60,89,109,116,39,83,76,21"/><T24/><D123/><U38/><E38/><V49/><F131/><W51/><G116/><T88/><D32/><U61/><E130/><V5/><F134/><W125/><G39/><T44/><D59/><U117/><E117/><V87/><F58/><W113/><G113/><T65/><D65/><U68/><E108/><V122/><F122/><W64/><G35/><T84/><D110/><U118/><E118/><V36/><F36/><W17/><G109/><T12/><D12/><U135/><E135/><V69/><F69/><W30/><G132/><T85/><D85/><U28/><E78/><V48/><F27/><W34/><G125/><N who="0" m="48235" /><D20/><U29/><E68/><V66/><F66/><W31/><G60/><T63/><D24/><U11/><E1/><V111/><F111/><W50/><G64/><T52/><D63/><U119/><E0/><V106/><F97/><W90/><G34/><T22/><D22/><U45/><E119/><V54/><REACH who="2" step="1"/><F49/><REACH who="2" ten="250,250,240,250" step="2"/><W107/><G50/><N who="0" m="28743" /><D72/><U79/><E26/><V62/><F62/><W23/><G30/><T8/><D73/><U71/><E28/><V80/><F80/><W103/><G31/><T57/><D57/><U70/><E29/><V4/><N who="2" m="1024" /><DORA hai="47" /><V81/><F81/><W86/><G25/><T33/><D33/><U40/><E56/><V133/><F133/><W114/><G114/><T94/><D8/><AGARI ba="0,1" hai="8,14,18,46,48,54,77,82,87,105,106" m="1024" machi="8" ten="50,3200,0" yaku="1,1,52,1,53,0" doraHai="95,47" doraHaiUra="96,112" who="2" fromWho="0" sc="250,-32,250,0,240,42,250,0" /><INIT seed="1,0,0,5,1,46" ten="218,250,282,250" oya="1" hai0="92,86,8,18,16,28,17,22,60,133,54,91,113" hai1="127,96,19,63,10,5,118,129,57,105,103,79,108" hai2="44,64,116,76,82,75,98,41,83,32,73,58,27" hai3="3,134,100,4,122,37,56,97,50,45,7,12,21"/><U71/><E118/><V121/><F116/><W13/><G122/><T29/><D113/><U24/><E129/><V67/><F121/><W23/><G37/><T110/><D110/><U126/><E108/><V6/><F6/><W117/><G117/><T132/><D8/><U114/><E71/><V102/><F58/><W111/><G111/><T87/><D87/><U30/><E114/><V99/><F99/><W14/><G56/><N who="0" m="34839" /><D22/><N who="3" m="8201" /><G3/><T93/><D93/><U55/><E19/><N who="0" m="4865" /><T69/><DORA hai="94" /><D69/><U72/><E72/><V78/><F27/><W135/><G100/><T65/><D65/><U101/><E103/><V88/><F32/><W80/><G80/><T9/><D9/><U59/><E59/><V48/><REACH who="2" step="1"/><F88/><REACH who="2" ten="218,250,272,250" step="2"/><W125/><G97/><T36/><D91/><U15/><E96/><V11/><F11/><W40/><G125/><T52/><D92/><AGARI ba="0,1" hai="41,44,48,64,67,73,75,76,78,82,83,92,98,102" machi="92" ten="30,8000,1" yaku="1,1,7,1,9,1,52,2,53,0" doraHai="46,94" doraHaiUra="85,1" who="2" fromWho="0" sc="218,-80,250,0,272,90,250,0" /><INIT seed="2,0,0,3,3,66" ten="138,250,362,250" oya="2" hai0="101,89,1,65,123,130,116,5,71,91,26,55,100" hai1="81,96,110,62,8,2,121,50,42,93,57,102,83" hai2="3,16,107,19,109,63,4,129,126,88,67,73,72" hai3="37,23,92,86,99,15,128,113,11,53,74,70,134"/><V45/><F126/><W132/><G74/><T111/><D123/><U87/><E121/><V60/><F129/><W43/><G128/><T135/><D130/><U117/><E117/><V18/><F107/><W103/><G113/><T106/><D116/><U33/><E33/><V64/><F109/><W97/><G70/><T40/><D111/><U85/><E110/><V31/><F31/><W28/><G53/><T30/><D135/><N who="3" m="51753" /><G86/><N who="1" m="32778" /><E8/><V133/><F133/><W14/><G99/><T114/><D114/><U131/><E2/><V77/><F88/><W22/><G28/><T46/><D55/><N who="1" m="34111" /><E131/><V24/><F24/><W25/><G25/><T13/><D1/><U76/><E76/><V127/><F127/><W44/><G15/><T48/><D13/><U27/><E27/><V54/><F45/><AGARI ba="0,0" hai="42,45,50,81,83,93,96,102" m="34111,32778" machi="45" ten="30,1000,0" yaku="8,1" doraHai="66" who="1" fromWho="2" sc="138,0,250,10,362,-10,250,0" /><INIT seed="3,0,0,5,0,5" ten="138,260,352,250" oya="3" hai0="113,64,116,48,135,49,32,4,27,114,77,34,90" hai1="129,57,94,23,132,121,58,72,59,39,30,108,91" hai2="60,109,3,128,18,87,123,25,8,112,133,76,124" hai3="88,67,85,66,43,70,93,134,122,37,106,99,126"/><W111/><G122/><T105/><D116/><U29/><E121/><V53/><F112/><W1/><G1/><T103/><D77/><U130/><E108/><V38/><F123/><W52/><G111/><T11/><D135/><U86/><E132/><V73/><F109/><W56/><G134/><T84/><D64/><U104/><E39/><V6/><F133/><W44/><G126/><T92/><D48/><U83/><E104/><V13/><F124/><W35/><G35/><T15/><D49/><U19/><E83/><V101/><F128/><N who="1" m="49257" /><E72/><V24/><F38/><W21/><G70/><T46/><D46/><U0/><E0/><V97/><F73/><W31/><G31/><T120/><D120/><U22/><E22/><V79/><F79/><W41/><G41/><T26/><D32/><U75/><E75/><V125/><F125/><W9/><G9/><T117/><D117/><U7/><E7/><V74/><F74/><W131/><G21/><T45/><D45/><U96/><E96/><V80/><F60/><W61/><REACH who="3" step="1"/><G131/><REACH who="3" ten="138,260,352,240" step="2"/><T10/><D10/><U50/><E50/><V47/><F3/><W127/><G127/><T42/><D42/><U100/><E100/><AGARI ba="0,1" hai="37,43,44,52,56,61,66,67,85,88,93,99,100,106" machi="100" ten="40,7700,0" yaku="1,1,54,2,53,0" doraHai="5" doraHaiUra="118" who="3" fromWho="1" sc="138,0,260,-77,352,0,240,87" /><INIT seed="3,1,0,0,3,112" ten="138,183,352,327" oya="3" hai0="36,14,95,3,87,94,119,85,18,116,4,81,97" hai1="77,0,29,25,45,2,122,53,48,32,24,62,72" hai2="76,127,69,86,108,17,21,6,82,101,75,46,104" hai3="78,105,113,89,50,63,60,30,26,84,33,41,39"/><W99/><G113/><T34/><D34/><U43/><E122/><V130/><F69/><W117/><G117/><T115/><D115/><U23/><E72/><V92/><F108/><W120/><G120/><T59/><D36/><U71/><E77/><V57/><F127/><W83/><G39/><T73/><D73/><U135/><E135/><V13/><F130/><W68/><G68/><T96/><D3/><U107/><E107/><V121/><F121/><W102/><G41/><T40/><D4/><U128/><E128/><V133/><F133/><W129/><G129/><T51/><D59/><U132/><E132/><V103/><F104/><W110/><G110/><T58/><D58/><U28/><REACH who="1" step="1"/><E53/><REACH who="1" ten="138,173,352,327" step="2"/><V1/><F75/><W22/><G50/><T35/><D35/><U5/><E5/><V118/><F6/><W38/><G38/><T93/><D119/><U31/><E31/><V12/><F118/><W7/><G7/><T131/><D131/><U80/><E80/><V98/><F1/><W123/><G123/><T54/><D116/><U8/><E8/><V114/><F114/><W44/><G44/><T42/><D42/><U11/><E11/><N who="2" m="6303" /><F46/><W126/><G126/><T74/><D74/><U111/><E111/><V88/><F57/><W47/><G47/><N who="0" m="28031" /><D40/><U70/><E70/><V56/><F56/><W10/><G10/><N who="0" m="6487" /><D85/><U90/><E90/><AGARI ba="1,1" hai="81,87,90,93,94,95,96,97" m="6487,28031" machi="90" ten="30,2000,0" yaku="25,1,8,1" doraHai="112" who="0" fromWho="1" sc="138,33,173,-23,352,0,327,0" owari="171,-22.9,150,-35.0,352,45.2,327,12.7" /></mjloggm>