<mjloggm ver="2.3"><GO type="225" lobby="0"/><UN n0="%E7%89%B9%E6%9D%B1%E3%81%AF%E4%B8%96%E7%95%8C%E3%82%92%E6%95%91%E3%81%86" n1="%72%69%6F%75%63%68%61%6E" n2="%E3%81%A6%E3%81%A4%EF%BC%A3" n3="%E3%83%A9%E3%83%96%E3%83%AC%E3%83%BC" dan="16,17,16,18" rate="2168.74,2260.51,2091.31,2241.80" sx="M,M,M,M"/><TAIKYOKU oya="0"/><INIT seed="0,0,0,4,5,68" ten="250,250,250,250" oya="0" hai0="26,24,38,13,58,35,45,74,43,15,50,16,103" hai1="130,125,51,100,76,11,7,41,42,97,65,88,46" hai2="106,39,96,44,14,80,73,59,134,55,101,60,81" hai3="9,5,34,75,32,61,114,70,54,79,102,69,120"/><T36/><D74/><U85/><E130/><V64/><F134/><W23/><G114/><T91/><D103/><U78/><E125/><V93/><F106/><W1/><G54/><T19/><D91/><U135/><E135/><V83/><F73/><W99/><G23/><T107/><D107/><U67/><E41/><V29/><F29/><W104/><G120/><T57/><D35/><N who="3" m="13353" /><G61/><T10/><D57/><U0/><E67/><V27/><F27/><W108/><G108/><T131/><D131/><U18/><E65/><V98/><F98/><W12/><G12/><T56/><D56/><U127/><E127/><V72/><F72/><W20/><G20/><T86/><D86/><U48/><E18/><V87/><F14/><W37/><G37/><T30/><D30/><U28/><E51/><N who="2" m="29159" /><F39/><W62/><G62/><T124/><D124/><U77/><E28/><V4/><F4/><W115/><G115/><T6/><D6/><U105/><REACH who="1" step="1"/><E76/><AGARI ba="0,0" hai="59,60,64,76,80,81,83,87,93,96,101" m="29159" machi="76" ten="30,1000,0" yaku="8,1" doraHai="68" who="2" fromWho="1" sc="250,0,250,-10,250,10,250,0" /><INIT seed="1,0,0,5,2,115" ten="250,240,260,250" oya="1" hai0="48,35,62,128,82,98,19,39,77,5,50,109,70" hai1="87,91,47,1,67,61,105,84,30,28,3,131,113" hai2="51,118,4,93,37,31,94,135,129,29,101,100,55" hai3="16,119,122,76,38,134,117,130,59,127,46,104,12"/><U86/><E113/><V75/><F37/><W26/><G104/><T121/><D39/><U18/><E131/><V74/><F129/><W54/><G122/><T114/><D128/><U85/><E105/><V10/><F135/><W107/><G107/><T8/><D114/><U73/><E73/><V88/><F118/><N who="3" m="45067" /><G130/><T7/><D35/><U133/><E133/><V44/><F74/><W95/><G26/><T125/><D98/><U63/><E18/><V110/><F94/><W27/><G27/><T81/><D82/><U66/><E47/><V52/><F55/><W92/><G76/><T64/><D19/><U20/><E20/><V111/><F75/><W80/><G80/><T25/><D25/><U2/><E63/><V112/><F112/><W24/><G24/><T41/><D7/><U116/><E116/><V0/><F29/><W79/><G79/><T17/><D17/><U57/><REACH who="1" step="1"/><E66/><REACH who="1" ten="250,230,260,250" step="2"/><V15/><F31/><W49/><G134/><T22/><D22/><U36/><E36/><V68/><F111/><W42/><G127/><T69/><D125/><U56/><E56/><V58/><F110/><W33/><G33/><T6/><D109/><U78/><E78/><V21/><F68/><W71/><G71/><T14/><D69/><U23/><E23/><AGARI ba="0,1" hai="12,16,23,38,42,46,49,54,59,92,95" m="45067" machi="23" ten="30,8000,1" yaku="12,1,52,3,54,1" doraHai="115" who="3" fromWho="1" sc="250,0,230,-80,260,0,250,90" /><INIT seed="2,0,0,0,1,72" ten="250,150,260,340" oya="2" hai0="86,53,102,82,17,38,111,99,7,24,54,130,75" hai1="0,28,87,60,109,134,128,133,30,55,36,129,66" hai2="27,110,77,81,61,125,122,48,131,43,39,13,11" hai3="126,41,115,67,80,127,98,63,6,23,16,101,69"/><V135/><F122/><W40/><G6/><T97/><D38/><U1/><E36/><V14/><F131/><N who="1" m="50249" /><E55/><V121/><F135/><N who="1" m="51721" /><E87/><V112/><F121/><W25/><G115/><T107/><D75/><U31/><E109/><V29/><F110/><W62/><G80/><T95/><D130/><U76/><E60/><V42/><F112/><W49/><G62/><T12/><D111/><U105/><E105/><V118/><F118/><W8/><G8/><N who="0" m="4127" /><D97/><U50/><E66/><V108/><F39/><W9/><G9/><T79/><D107/><U119/><E50/><V96/><F48/><W91/><G91/><T46/><D46/><U34/><E119/><V59/><F96/><W51/><G51/><T56/><D56/><U2/><E76/><V58/><F108/><W84/><G84/><T92/><D92/><U65/><E65/><V26/><F61/><W44/><G41/><T37/><D37/><U35/><AGARI ba="0,0" hai="0,1,2,28,30,31,34,35" m="51721,50249" machi="35" ten="50,12000,2" yaku="28,2,19,1,20,1,34,2" doraHai="72" who="1" fromWho="1" sc="250,-30,150,120,260,-60,340,-30" /><INIT seed="3,0,0,0,5,30" ten="220,270,200,310" oya="3" hai0="111,109,78,100,62,123,125,32,108,41,90,97,98" hai1="131,133,19,29,12,116,38,69,72,70,86,134,93" hai2="74,121,57,22,91,24,68,11,135,105,115,84,39" hai3="59,127,23,34,76,48,31,5,114,53,85,37,20"/><W65/><G114/><T71/><D123/><U40/><E72/><V107/><F115/><W21/><G34/><T42/><D125/><U82/><E131/><V25/><F68/><W102/><G37/><T103/><D78/><U63/><E116/><V118/><F118/><W1/><G1/><T15/><D15/><U54/><E29/><V44/><F74/><W132/><G132/><T66/><D90/><U120/><E120/><V26/><F121/><W113/><G5/><T18/><D18/><U94/><E40/><N who="0" m="15465" /><D32/><U7/><E38/><V55/><F135/><N who="1" m="51721" /><E7/><V104/><F11/><W67/><G102/><AGARI ba="0,0" hai="62,66,71,97,98,100,102,103,108,109,111" m="15465" machi="102" ten="40,1300,0" yaku="14,1" doraHai="30" who="0" fromWho="3" sc="220,13,270,0,200,0,310,-13" /><INIT seed="4,0,0,4,5,121" ten="233,270,200,297" oya="0" hai0="20,13,65,8,88,64,56,27,26,32,10,69,135" hai1="12,85,94,48,46,109,63,130,24,133,91,11,25" hai2="50,29,104,70,0,18,97,98,78,19,113,35,45" hai3="82,15,75,84,42,51,44,53,5,14,110,126,73"/><T93/><D135/><U41/><E109/><V52/><F0/><W117/><G110/><T99/><D69/><U23/><E130/><V86/><F113/><W43/><G117/><T28/><D56/><U71/><E133/><V16/><F70/><W59/><G75/><T115/><D115/><U90/><E23/><V74/><F74/><W116/><G116/><T127/><D127/><U9/><E9/><V119/><F119/><W112/><G73/><T92/><D92/><U49/><E49/><V83/><REACH who="2" step="1"/><F104/><REACH who="2" ten="233,270,190,297" step="2"/><W96/><G112/><T76/><D76/><U129/><E129/><V131/><F131/><W105/><G105/><T61/><D61/><U101/><E71/><V2/><F2/><W124/><G126/><T3/><D3/><U125/><E125/><V60/><F60/><W57/><G124/><T54/><D54/><U4/><E63/><V100/><F100/><W134/><G53/><T72/><D72/><U22/><E101/><V37/><F37/><W114/><G134/><T108/><D108/><U40/><E41/><V58/><F58/><W102/><G43/><T122/><D122/><U128/><E128/><V66/><F66/><W79/><G59/><T30/><REACH who="0" step="1"/><D8/><REACH who="0" ten="223,270,190,297" step="2"/><U36/><E11/><V95/><F95/><N who="3" m="58655" /><G114/><T132/><D132/><U38/><E94/><V80/><F80/><W67/><G67/><T89/><D89/><U81/><E91/><V107/><F107/><W34/><G57/><T103/><D103/><U123/><E123/><V111/><F111/><W77/><G79/><T7/><AGARI ba="0,2" hai="7,10,13,20,26,27,28,30,32,64,65,88,93,99" machi="7" ten="20,12000,1" yaku="1,1,0,1,7,1,54,1,53,1" doraHai="121" doraHaiUra="17" who="0" fromWho="0" sc="223,140,270,-40,190,-40,297,-40" owari="363,46.3,230,-17.0,150,-35.0,257,5.7" /></mjloggm>