<mjloggm ver="2.3"><GO type="225" lobby="0"/><UN n0="%45%6C%79%73%69%75%6D" n1="%E3%81%99%E3%81%84%E3%81%BE%E3%81%9B%E3%83%BC%E3%82%93" n2="%E6%B8%A9%E2%98%85%E6%83%85%E2%98%85%E6%8E%AA%E2%98%85%E7%BD%AE" n3="%73%75%7A%75%72%61%6E%65" dan="17,17,17,16" rate="2106.59,2249.15,2253.06,2025.95" sx="F,M,M,M"/><TAIKYOKU oya="0"/><INIT seed="0,0,0,2,5,97" ten="250,250,250,250" oya="0" hai0="11,46,103,27,31,114,47,62,96,121,85,63,12" hai1="37,70,134,43,35,77,69,64,4,80,120,95,34" hai2="0,17,119,19,41,5,51,20,14,25,75,67,135" hai3="100,33,22,61,84,52,26,116,55,3,74,78,8"/><T1/><D1/><U53/><E120/><V73/><F135/><W2/><G74/><T48/><D114/><U29/><E134/><V18/><F119/><W30/><G116/><T89/><D121/><U88/><E4/><V130/><F130/><W59/><G33/><T32/><D85/><U9/><E9/><V86/><F67/><W36/><G36/><T68/><D89/><U72/><E53/><V79/><F0/><W110/><G110/><T49/><D49/><U56/><E56/><V81/><F75/><W50/><G100/><T6/><D68/><U123/><E123/><V131/><F73/><W112/><G112/><T10/><D10/><U15/><E15/><V124/><F124/><W122/><G122/><T99/><D99/><U125/><E125/><V132/><F132/><W106/><G106/><T40/><REACH who="0" step="1"/><D47/><REACH who="0" ten="240,250,250,250" step="2"/><U7/><E70/><V58/><F131/><W54/><G8/><T117/><D117/><U45/><E45/><N who="2" m="26031" /><F58/><W57/><G2/><T16/><D16/><N who="2" m="6250" /><F5/><W111/><G3/><T28/><D28/><U93/><E29/><V91/><F91/><W101/><G59/><T109/><D109/><U42/><E7/><V38/><F38/><W104/><G111/><T126/><D126/><U39/><E39/><V133/><F133/><W107/><G50/><T102/><D102/><U127/><E127/><V115/><F115/><W108/><G108/><T92/><AGARI ba="0,1" hai="6,11,12,27,31,32,40,46,48,62,63,92,96,103" machi="92" ten="20,7800,0" yaku="1,1,0,1,7,1,52,1,53,0" doraHai="97" doraHaiUra="118" who="0" fromWho="0" sc="240,88,250,-26,250,-26,250,-26" /><INIT seed="0,1,0,5,0,46" ten="328,224,224,224" oya="0" hai0="77,97,78,7,39,35,82,102,122,57,104,62,6" hai1="68,11,36,100,22,88,76,56,106,9,15,64,113" hai2="85,71,16,126,37,44,110,40,45,101,135,129,32" hai3="19,28,21,89,50,116,30,58,83,48,84,111,107"/><T27/><D39/><U14/><E68/><V92/><F32/><W10/><G107/><T66/><D122/><U65/><E36/><V29/><F71/><W26/><G111/><T25/><D78/><U0/><E0/><V63/><F29/><N who="3" m="11371" /><G116/><T93/><D104/><U124/><E76/><V4/><F110/><W43/><G43/><T130/><D130/><U90/><E124/><V80/><F126/><W2/><G2/><T13/><D35/><U12/><E113/><V55/><F129/><W112/><G112/><T91/><D91/><N who="1" m="34859" /><E100/><V132/><F40/><W53/><G10/><N who="1" m="3594" /><E106/><V52/><F37/><W24/><G26/><T81/><D81/><U61/><E64/><V54/><F80/><W41/><G41/><T74/><D6/><U70/><E70/><V23/><F4/><W33/><G33/><T118/><D118/><U73/><E73/><V79/><F79/><W49/><AGARI ba="1,0" hai="19,21,24,48,49,50,53,58,83,84,89" m="11371" machi="49" ten="30,7900,0" yaku="8,1,52,3" doraHai="46" who="3" fromWho="3" sc="328,-40,224,-21,224,-21,224,82" /><INIT seed="1,0,0,3,0,117" ten="288,203,203,306" oya="1" hai0="69,110,107,130,103,94,4,12,26,28,52,96,88" hai1="24,122,31,47,3,112,21,84,59,29,41,87,22" hai2="20,30,71,73,72,35,57,5,23,36,37,93,15" hai3="45,99,11,78,106,126,109,58,104,76,7,98,68"/><U67/><E112/><V32/><F71/><W1/><G68/><T83/><D110/><U119/><E119/><V8/><F93/><W42/><G109/><T66/><D130/><U79/><E3/><V75/><F57/><W10/><G58/><T19/><D4/><U102/><E102/><V134/><F134/><W46/><G7/><T43/><D43/><U39/><E122/><V60/><F60/><W127/><G42/><T115/><D83/><U40/><E40/><V95/><F95/><W118/><G118/><T0/><D0/><AGARI ba="0,0" hai="0,1,10,11,45,46,76,78,98,99,104,106,126,127" machi="0" ten="25,1600,0" yaku="22,2" doraHai="117" who="3" fromWho="0" sc="288,-16,203,0,203,0,306,16" /><INIT seed="2,0,0,3,4,36" ten="272,203,203,322" oya="2" hai0="22,72,49,133,31,66,52,69,1,45,33,82,7" hai1="59,95,112,79,60,4,123,88,21,46,107,104,128" hai2="96,86,97,26,80,65,105,38,120,71,10,110,19" hai3="0,134,20,56,29,94,100,113,77,37,42,18,132"/><V101/><F120/><W11/><G113/><T84/><D72/><U119/><E119/><V68/><F110/><W64/><G77/><T106/><D106/><U50/><E112/><V102/><F38/><W15/><G64/><T62/><D133/><N who="3" m="51305" /><G56/><T109/><D109/><U103/><E103/><V125/><F125/><W74/><G74/><T75/><D75/><U115/><E79/><V48/><F65/><W44/><G29/><T108/><D108/><U122/><E128/><V76/><F48/><W14/><G0/><T13/><D1/><U5/><E115/><V90/><F76/><W70/><G70/><T27/><D7/><U121/><E4/><V98/><F98/><N who="3" m="59479" /><G15/><T129/><D13/><U73/><E73/><V127/><F127/><W99/><G99/><T67/><D67/><U135/><E135/><V9/><F71/><W85/><G85/><T83/><D129/><U89/><E123/><V92/><REACH who="2" step="1"/><F68/><REACH who="2" ten="272,203,193,322" step="2"/><W3/><G3/><T12/><D69/><U131/><E131/><V35/><F35/><W63/><G63/><T47/><D62/><U34/><E34/><V93/><F93/><W114/><G114/><T57/><D66/><N who="1" m="39199" /><E95/><V130/><F130/><W116/><G116/><T25/><D49/><U51/><E50/><V8/><F8/><AGARI ba="0,1" hai="8,11,14,18,20,37,42,44" m="59479,51305" machi="8" ten="30,2000,0" yaku="20,1,52,1" doraHai="36" who="3" fromWho="2" sc="272,0,203,0,193,-20,322,30" /><INIT seed="3,0,0,1,4,134" ten="272,203,173,352" oya="3" hai0="87,37,116,18,91,4,54,117,58,61,102,43,126" hai1="130,124,68,32,12,31,77,106,94,60,83,24,40" hai2="86,30,107,13,115,41,89,0,21,74,111,81,128" hai3="7,2,17,72,112,8,63,129,51,88,10,1,125"/><W92/><G125/><T93/><D4/><U38/><E106/><V108/><F0/><W56/><G129/><T90/><D102/><U103/><E124/><V22/><F115/><W49/><G72/><T6/><D6/><U75/><E130/><V9/><F128/><W34/><G34/><T95/><D126/><U19/><E40/><V127/><F127/><W59/><G112/><T62/><D62/><U53/><E38/><V118/><F118/><W3/><G59/><T133/><D133/><U44/><E44/><V47/><F107/><W55/><G17/><T100/><D100/><U82/><E83/><V122/><F74/><W26/><G26/><T45/><D18/><U110/><E110/><V27/><F122/><W5/><G3/><T114/><D114/><U35/><E32/><V50/><REACH who="2" step="1"/><F22/><REACH who="2" ten="272,203,163,352" step="2"/><W71/><G71/><T84/><AGARI ba="0,1" hai="37,43,45,54,58,61,84,87,90,91,93,95,116,117" machi="84" ten="20,2700,0" yaku="0,1,7,1,9,1" doraHai="134" who="0" fromWho="0" sc="272,37,203,-7,163,-7,352,-13" owari="309,10.9,196,-20.4,156,-34.4,339,43.9" /></mjloggm>