<mjloggm ver="2.3"><GO type="225" lobby="0"/><UN n0="%E7%B4%94%E6%BD%94%E3%83%94%E3%83%A9%E3%83%8B%E3%82%A2" n1="%E3%82%BC%E3%83%AB%E3%83%80%E3%81%AE%E4%BC%9D%E8%AA%AC" n2="%E5%8F%AF%E5%85%90%E9%82%A3%E7%94%B1%E5%A4%9A" n3="%E3%81%8B%E3%82%8F%E3%81%A1%E3%82%83%E3%82%93%35%38" dan="17,16,16,16" rate="2208.19,2191.86,2186.40,2136.89" sx="M,M,F,M"/><TAIKYOKU oya="0"/><INIT seed="0,0,0,1,0,78" ten="250,250,250,250" oya="0" hai0="7,86,128,57,89,11,77,69,14,103,110,109,101" hai1="82,62,27,52,3,100,51,102,104,32,74,6,17" hai2="22,130,93,112,116,125,132,66,25,49,33,75,72" hai3="9,53,21,108,15,36,88,126,4,56,87,85,61"/><T28/><D69/><U38/><E38/><V122/><F122/><W19/><G108/><N who="0" m="41579" /><D77/><U59/><E104/><V58/><F112/><W133/><G133/><T96/><D96/><U34/><E74/><V76/><F33/><W42/><G126/><T44/><D28/><U47/><E34/><V13/><F132/><W91/><G36/><T115/><D115/><U10/><E82/><V50/><F125/><W2/><REACH who="3" step="1"/><G42/><REACH who="3" ten="250,250,250,240" step="2"/><T127/><D127/><U26/><E32/><V73/><F116/><W30/><G30/><T134/><D134/><U65/><REACH who="1" step="1"/><E17/><REACH who="1" ten="250,240,250,240" step="2"/><V0/><F130/><W97/><G97/><T94/><D128/><U45/><E45/><V35/><F35/><W68/><G68/><T120/><D120/><U37/><E37/><V81/><F73/><W48/><G48/><T41/><D57/><U31/><E31/><V123/><F72/><W5/><G5/><T29/><D29/><U90/><E90/><AGARI ba="0,2" hai="2,4,9,15,19,21,53,56,61,85,87,88,90,91" machi="90" ten="40,2600,0" yaku="1,1,54,1,53,0" doraHai="78" doraHaiUra="107" who="3" fromWho="1" sc="250,0,240,-26,250,0,240,46" /><INIT seed="1,0,0,3,4,40" ten="250,214,250,286" oya="1" hai0="104,4,91,101,135,41,134,72,80,81,103,57,1" hai1="74,95,131,123,77,118,66,64,76,32,8,132,14" hai2="82,127,12,45,60,28,38,37,31,98,15,128,67" hai3="87,116,126,114,44,106,75,113,21,52,92,2,85"/><U89/><E118/><V93/><F127/><W49/><G106/><T0/><D41/><U34/><E123/><V6/><F128/><W121/><G75/><T115/><D4/><U35/><E131/><V79/><F31/><W55/><G121/><T108/><D57/><U117/><E117/><V9/><F28/><W105/><G105/><T133/><D104/><U107/><E107/><V124/><F124/><W11/><G116/><T86/><D115/><U33/><E132/><V59/><F15/><W13/><G126/><T50/><D50/><U73/><N who="1" m="8192" /><DORA hai="78" /><U42/><E42/><V46/><F38/><W23/><G2/><N who="0" m="1131" /><D108/><U62/><E77/><AGARI ba="0,0" hai="72,77,80,81,86,91,101,103,133,134,135" m="1131" machi="77" ten="40,5200,0" yaku="20,1,52,2" doraHai="40,78" who="0" fromWho="1" sc="250,52,214,-52,250,0,286,0" /><INIT seed="2,0,0,1,5,127" ten="302,162,250,286" oya="2" hai0="78,51,15,131,84,99,32,42,34,1,134,105,37" hai1="61,83,39,13,33,17,44,114,90,121,16,14,50" hai2="3,38,79,56,120,135,108,75,130,70,93,60,22" hai3="66,5,0,9,104,97,46,88,74,52,47,92,119"/><V77/><F120/><W24/><G119/><T115/><D1/><U63/><E114/><V29/><F3/><W54/><G74/><T58/><D115/><U57/><E33/><V10/><F38/><W20/><G104/><T12/><D37/><U30/><E121/><V98/><F70/><W76/><G76/><T49/><D78/><U19/><E39/><V95/><F135/><W103/><G66/><T18/><D84/><U43/><E30/><V80/><F108/><W28/><REACH who="3" step="1"/><G103/><REACH who="3" ten="302,162,250,276" step="2"/><T25/><D105/><U117/><E117/><V100/><F79/><W68/><G68/><T123/><D123/><U124/><E124/><V36/><F77/><W101/><G101/><T73/><D73/><U62/><REACH who="1" step="1"/><E57/><REACH who="1" ten="302,152,250,276" step="2"/><V128/><F56/><W81/><G81/><T55/><D58/><U132/><E132/><V26/><F80/><W45/><AGARI ba="0,2" hai="0,5,9,20,24,28,45,46,47,52,54,88,92,97" machi="45" ten="30,7900,0" yaku="1,1,0,1,54,2,53,0" doraHai="127" doraHaiUra="64" who="3" fromWho="3" sc="302,-20,152,-20,250,-39,276,99" /><INIT seed="3,0,0,2,1,49" ten="282,132,211,375" oya="3" hai0="91,126,5,15,67,114,54,9,20,74,120,36,11" hai1="118,78,104,108,87,80,106,21,71,29,58,112,101" hai2="81,79,55,51,68,59,89,124,8,125,94,133,75" hai3="46,53,1,37,135,119,95,109,102,127,72,121,30"/><W17/><G17/><T41/><D120/><U76/><E71/><V42/><F133/><W122/><G30/><T3/><D74/><U48/><E112/><V73/><F73/><W2/><G95/><T92/><D114/><U57/><E108/><V40/><F68/><W64/><G102/><T65/><D126/><N who="2" m="48746" /><F8/><W56/><G1/><T111/><D111/><U85/><E118/><V26/><F26/><W105/><G105/><T103/><D103/><U129/><E129/><V16/><F16/><W62/><G2/><T23/><D41/><U130/><E130/><V88/><F89/><W27/><G27/><T6/><D36/><U25/><E101/><V18/><F18/><W100/><G100/><T123/><D123/><N who="3" m="47113" /><G37/><T50/><D23/><U63/><E48/><V28/><F28/><W47/><G64/><T84/><REACH who="0" step="1"/><D20/><REACH who="0" ten="272,132,211,375" step="2"/><U116/><E116/><V128/><F128/><W93/><G72/><T33/><D33/><U19/><E29/><V115/><F115/><W44/><G109/><T66/><D66/><U99/><E99/><AGARI ba="0,1" hai="40,42,51,55,59,75,79,81,88,94,99" m="48746" machi="99" ten="30,3900,0" yaku="18,1,52,1,54,1" doraHai="49" who="2" fromWho="1" sc="272,0,132,-39,211,49,375,0" owari="272,7.2,93,-40.7,260,-14.0,375,47.5" /></mjloggm>