<mjloggm ver="2.3"><GO type="225" lobby="0"/><UN n0="%E9%95%B7%E5%B3%B6%E3%83%B3%E3%82%AC%E3%83%B3" n1="%E9%B3%B3%E6%9D%B1%E3%81%AE%E3%81%86%E3%81%95%E3%81%8E%E3%81%95%E3%82%93" n2="%72%69%6F%75%63%68%61%6E" n3="%6E%69%63%6F%6E%74%6F" dan="17,16,16,16" rate="2139.09,2115.19,2193.43,2138.12" sx="M,M,M,M"/><TAIKYOKU oya="0"/><INIT seed="0,0,0,5,4,106" ten="250,250,250,250" oya="0" hai0="26,99,75,49,63,22,130,97,74,20,38,83,111" hai1="37,70,45,100,33,66,119,2,9,10,24,65,133" hai2="123,113,82,31,19,12,124,28,135,108,52,103,122" hai3="120,73,13,41,115,72,116,134,60,127,68,93,4"/><T61/><D38/><U86/><E119/><V117/><F113/><W121/><G116/><T29/><D130/><U125/><E133/><V59/><F135/><W76/><G115/><T34/><D49/><U53/><E125/><V79/><F117/><W16/><G134/><T85/><D111/><U58/><E100/><V131/><F108/><W62/><G76/><T5/><D5/><U43/><E86/><V3/><F3/><W32/><G32/><T40/><D40/><U54/><E54/><V11/><F124/><W112/><G112/><T23/><D97/><U44/><E44/><V30/><F103/><W21/><G127/><T91/><REACH who="0" step="1"/><D99/><REACH who="0" ten="240,250,250,250" step="2"/><U104/><E43/><V42/><F42/><W35/><G41/><T129/><D129/><U67/><E37/><V94/><F131/><W71/><G4/><T89/><D89/><U95/><E104/><V87/><REACH who="2" step="1"/><F94/><REACH who="2" ten="240,250,240,250" step="2"/><W98/><G93/><T1/><D1/><U64/><E2/><V14/><F14/><W118/><G13/><T47/><D47/><U48/><E95/><V132/><F132/><W15/><G15/><T7/><D7/><U84/><E45/><V92/><F92/><W109/><G118/><T81/><D81/><U18/><E70/><V0/><F0/><W46/><G109/><T39/><D39/><U101/><E101/><V102/><F102/><W107/><G71/><T126/><D126/><U96/><E96/><V78/><F78/><W56/><G98/><T8/><D8/><U77/><N who="1" m="16384" /><DORA hai="90" /><U6/><E6/><V105/><F105/><W128/><G68/><T36/><D36/><RYUUKYOKU ba="0,2" sc="240,15,250,-15,240,15,250,-15" hai0="20,22,23,26,29,34,61,63,74,75,83,85,91" hai2="11,12,19,28,30,31,52,59,79,82,87,122,123" /><INIT seed="0,1,2,3,2,25" ten="255,235,255,235" oya="0" hai0="115,56,97,118,113,9,71,63,91,65,43,21,8" hai1="107,70,10,95,44,119,73,51,62,14,36,133,57" hai2="33,20,109,124,40,41,0,1,88,96,34,49,2" hai3="99,47,81,54,86,37,55,93,45,18,48,122,66"/><T35/><D118/><U100/><E119/><V101/><F109/><W13/><G122/><T52/><D35/><U22/><E107/><V116/><F116/><W117/><G117/><T72/><D72/><U15/><E133/><V12/><F124/><W74/><G74/><T69/><D43/><U24/><E73/><V6/><F88/><N who="3" m="51279" /><G66/><T16/><D113/><U104/><E104/><V90/><F90/><N who="3" m="55735" /><G37/><T110/><D110/><U83/><E70/><V67/><F67/><W125/><G125/><T82/><D115/><U131/><E83/><V134/><F134/><W17/><G17/><T92/><D82/><U89/><E100/><V94/><F40/><N who="3" m="24615" /><G47/><T84/><D84/><U19/><E36/><V50/><F41/><W30/><G30/><T53/><D69/><U76/><E44/><V121/><F121/><W108/><G108/><T77/><D77/><U64/><E76/><V106/><F106/><W78/><G78/><T112/><D112/><U127/><E127/><V7/><F34/><W105/><G105/><T128/><D128/><U103/><E131/><V123/><F33/><W80/><G80/><T29/><D29/><U11/><E95/><V102/><F123/><W46/><G46/><T120/><D120/><U129/><E129/><V60/><F102/><W111/><G111/><T42/><D42/><U4/><E103/><V130/><F130/><W87/><G87/><T68/><D68/><U85/><E85/><V114/><F114/><W126/><G126/><T3/><D3/><U135/><E135/><V59/><F0/><W61/><G61/><N who="0" m="35975" /><D53/><U132/><E132/><RYUUKYOKU ba="1,2" sc="255,15,235,-15,255,-15,235,15" hai0="8,9,16,21,63,65,71,91,92,97" hai3="13,18,54,55" /><INIT seed="0,2,2,3,5,100" ten="270,220,240,250" oya="0" hai0="114,85,103,82,126,73,95,60,110,120,39,115,96" hai1="36,50,98,119,127,4,22,7,52,111,93,59,112" hai2="31,67,10,41,94,19,56,48,129,87,47,62,117" hai3="49,97,105,79,69,123,89,107,46,83,77,55,65"/><T34/><D39/><U84/><E111/><V45/><F129/><W3/><G3/><T63/><D34/><U58/><E127/><V80/><F117/><W2/><G2/><T43/><D43/><U64/><E36/><V0/><F31/><W130/><G130/><T74/><D63/><N who="1" m="38007" /><E119/><V11/><F0/><W133/><G133/><T76/><D60/><U109/><E112/><N who="0" m="43049" /><D120/><U102/><E109/><V116/><F116/><W53/><G69/><T15/><D15/><U16/><E84/><V90/><F19/><W35/><G35/><T26/><D26/><AGARI ba="2,2" hai="4,7,16,22,26,50,52,59,93,98,102" m="38007" machi="26" ten="30,3900,0" yaku="8,1,54,2" doraHai="100" who="1" fromWho="0" sc="270,-45,220,65,240,0,250,0" /><INIT seed="1,0,0,2,5,87" ten="225,285,240,250" oya="1" hai0="31,133,71,132,118,44,111,130,127,94,104,126,26" hai1="42,90,49,120,122,88,100,51,1,135,119,47,46" hai2="22,0,62,79,99,85,58,82,33,125,17,81,74" hai3="2,84,53,57,106,55,61,64,40,95,117,50,23"/><U11/><E119/><V83/><F125/><N who="0" m="47626" /><D104/><U78/><E78/><V13/><F33/><W27/><G106/><T21/><D71/><U75/><E75/><V36/><F36/><W69/><G2/><T68/><D68/><U124/><E124/><V4/><F99/><W6/><G6/><T37/><D118/><U101/><E1/><V116/><F116/><W98/><G84/><T14/><D111/><U54/><E11/><V123/><F123/><W32/><G32/><T3/><D3/><U92/><E135/><N who="0" m="51785" /><D94/><U96/><REACH who="1" step="1"/><E100/><REACH who="1" ten="225,275,240,250" step="2"/><V30/><F74/><W70/><G117/><T112/><D112/><U9/><E9/><N who="2" m="4263" /><F0/><W41/><G70/><T35/><D130/><U16/><E16/><V8/><F8/><W19/><REACH who="3" step="1"/><G55/><REACH who="3" ten="225,275,240,240" step="2"/><T102/><D35/><U63/><E63/><V97/><F62/><W34/><G34/><T72/><D72/><U67/><E67/><V20/><F79/><W60/><G60/><T25/><D102/><AGARI ba="0,2" hai="19,23,27,40,41,50,53,57,61,64,69,95,98,102" machi="102" ten="30,3900,0" yaku="1,1,7,1,53,1" doraHai="87" doraHaiUra="48" who="3" fromWho="0" sc="225,-39,275,0,240,0,240,59" /><INIT seed="2,0,0,2,1,120" ten="186,275,240,299" oya="2" hai0="81,40,123,78,31,21,1,71,70,135,92,116,8" hai1="73,104,20,60,121,12,109,27,131,34,63,2,37" hai2="76,38,124,33,132,112,74,102,55,84,47,69,43" hai3="89,94,87,82,68,75,88,7,10,134,113,58,19"/><V100/><F112/><W128/><G68/><T99/><D123/><U25/><E121/><V59/><F69/><W51/><G128/><T83/><D135/><U117/><E117/><V90/><F132/><W23/><G134/><T14/><D116/><U65/><E73/><V13/><F124/><W126/><G126/><T54/><D40/><U6/><E37/><V29/><F76/><W41/><G113/><T108/><D108/><U114/><E114/><V106/><F74/><W42/><G75/><T122/><D122/><U64/><E104/><V53/><F106/><W56/><G7/><T127/><D127/><U22/><E2/><V9/><F29/><W105/><G10/><T52/><D70/><U77/><E77/><V93/><F33/><W49/><G49/><T35/><D35/><U72/><E72/><V4/><REACH who="2" step="1"/><F53/><REACH who="2" ten="186,275,230,299" step="2"/><N who="3" m="31807" /><G105/><T103/><D71/><U28/><E34/><V97/><F97/><N who="3" m="57543" /><G58/><T118/><D118/><U80/><E28/><V45/><F45/><W129/><G129/><T85/><D31/><U24/><E131/><V0/><F0/><W133/><G133/><T44/><D44/><U79/><E79/><V115/><F115/><W16/><G19/><T46/><D46/><U110/><E64/><V3/><F3/><W98/><G98/><T57/><D57/><U11/><E65/><V39/><F39/><W111/><G111/><T61/><D1/><U26/><E110/><V48/><AGARI ba="0,1" hai="4,9,13,38,43,47,48,55,59,84,90,93,100,102" machi="48" ten="20,7800,0" yaku="1,1,0,1,7,1,53,1" doraHai="120" doraHaiUra="5" who="2" fromWho="2" sc="186,-26,275,-26,230,88,299,-26" /><INIT seed="2,1,0,2,5,124" ten="160,249,318,273" oya="2" hai0="44,84,131,15,68,75,20,38,71,112,101,55,132" hai1="82,115,31,60,117,69,64,104,5,133,12,30,111" hai2="67,3,127,10,7,1,121,29,76,83,109,0,105" hai3="119,116,89,87,47,59,128,106,61,17,80,16,9"/><V62/><F127/><W45/><G106/><T122/><D112/><U13/><E117/><V63/><F121/><W113/><G113/><T4/><D122/><U25/><E115/><V66/><F105/><W34/><G34/><T41/><D75/><U36/><E36/><V2/><F109/><W53/><G119/><T95/><D132/><U125/><E125/><V54/><F29/><W78/><G116/><T77/><D55/><U49/><E111/><V126/><F126/><W6/><G128/><T26/><D131/><U100/><E133/><V97/><F97/><W11/><G11/><T99/><D15/><U135/><E135/><V72/><REACH who="2" step="1"/><F54/><REACH who="2" ten="160,249,308,273" step="2"/><W19/><REACH who="3" step="1"/><G78/><REACH who="3" ten="160,249,308,263" step="2"/><T40/><D77/><U28/><E104/><V96/><F96/><W103/><G103/><T90/><D101/><U108/><E100/><V57/><F57/><W48/><G48/><T52/><D99/><U21/><E49/><V91/><F91/><W130/><G130/><T33/><D90/><U22/><E108/><V114/><F114/><W92/><G92/><T107/><D107/><U27/><E69/><V86/><F86/><W56/><G56/><T110/><D110/><U120/><E120/><V85/><F85/><W43/><G43/><T94/><D41/><U98/><E98/><V123/><F123/><W65/><G65/><AGARI ba="1,2" hai="0,1,2,3,7,10,62,63,65,66,67,72,76,83" machi="65" ten="40,2000,0" yaku="1,1,53,0" doraHai="124" doraHaiUra="118" who="2" fromWho="3" sc="160,0,249,0,308,43,263,-23" /><INIT seed="2,2,0,2,4,61" ten="160,249,351,240" oya="2" hai0="40,69,103,65,55,23,30,132,6,119,41,106,66" hai1="21,56,94,86,108,105,118,5,100,113,81,117,32" hai2="111,88,131,24,58,72,87,60,77,51,135,22,89" hai3="107,85,102,124,104,78,80,97,123,10,98,37,31"/><V64/><F131/><W71/><G37/><T122/><D122/><U13/><E32/><V7/><F135/><W75/><G71/><T26/><D69/><U33/><E33/><V27/><F111/><W84/><G31/><T120/><D120/><U70/><E70/><V38/><F38/><W110/><G123/><T109/><D109/><U42/><E108/><V36/><F36/><W11/><G11/><T35/><D132/><U128/><E105/><V25/><F7/><W68/><G68/><T53/><D35/><U134/><E113/><V20/><F51/><W28/><G28/><T82/><D6/><U12/><E56/><V79/><F89/><W46/><G46/><T133/><D133/><U101/><E42/><N who="0" m="16489" /><D106/><U90/><E101/><V45/><F45/><W73/><G10/><T127/><D127/><U63/><E100/><V116/><F116/><W126/><G110/><T52/><D119/><U1/><E128/><V57/><F57/><W34/><G34/><T15/><D103/><U29/><E134/><V95/><F72/><W3/><G3/><T121/><D121/><U62/><E1/><V14/><F14/><N who="1" m="5737" /><E5/><V91/><REACH who="2" step="1"/><F91/><REACH who="2" ten="160,249,341,240" step="2"/><W39/><G39/><T67/><D15/><U18/><E118/><V17/><F17/><W8/><G102/><T112/><D112/><U19/><E19/><V0/><F0/><W99/><G8/><T4/><D4/><U50/><E18/><V44/><F44/><W48/><G48/><T43/><D43/><U130/><E117/><V76/><AGARI ba="2,1" hai="20,22,24,25,27,58,60,64,76,77,79,87,88,95" machi="76" ten="30,18000,2" yaku="1,1,0,1,8,1,52,1,54,1,53,1" doraHai="61" doraHaiUra="83" who="2" fromWho="2" sc="160,-62,249,-62,341,196,240,-62" /><INIT seed="2,3,0,5,1,35" ten="98,187,537,178" oya="2" hai0="80,121,50,3,47,86,82,122,114,85,24,49,84" hai1="12,89,18,133,123,98,111,53,79,45,28,130,69" hai2="56,107,101,30,134,5,108,62,27,40,112,71,99" hai3="132,7,90,13,115,94,92,39,126,93,118,128,76"/><V15/><F112/><W43/><G118/><T33/><D114/><U61/><E111/><V16/><F108/><W96/><G115/><T87/><N who="0" m="21504" /><DORA hai="120" /><T25/><D33/><U42/><E123/><N who="0" m="47113" /><D47/><U1/><E1/><V74/><F134/><W22/><G132/><T6/><D6/><U91/><E28/><V70/><F74/><W97/><G128/><T21/><D21/><U131/><E53/><V72/><F72/><W38/><G126/><T9/><D9/><U60/><E60/><V78/><F78/><W88/><G76/><T100/><D100/><U106/><E79/><V26/><F40/><W34/><G34/><T64/><D64/><U113/><E61/><V19/><F5/><W75/><G75/><T52/><D52/><U36/><E113/><V10/><F19/><W105/><G43/><T17/><D17/><U14/><E18/><V54/><REACH who="2" step="1"/><F27/><REACH who="2" ten="98,187,527,178" step="2"/><N who="0" m="10314" /><D3/><U124/><E42/><V109/><F109/><W8/><G7/><T73/><D73/><U59/><E133/><V77/><F77/><W23/><G39/><T29/><D29/><U102/><E36/><V51/><F51/><AGARI ba="3,1" hai="49,50,51,80,82" m="10314,47113,21504" machi="51" ten="50,3200,0" yaku="28,2" doraHai="35,120" who="0" fromWho="2" sc="98,51,187,0,527,-41,178,0" /><INIT seed="3,0,0,4,4,124" ten="149,187,486,178" oya="3" hai0="79,2,76,134,70,69,80,129,51,21,15,1,82" hai1="87,99,85,108,25,39,13,74,133,52,91,48,113" hai2="93,114,19,61,41,127,47,104,83,3,89,107,0" hai3="120,27,56,102,123,12,22,62,90,10,57,4,121"/><W32/><G32/><T125/><D125/><U34/><E113/><V118/><F114/><W26/><G102/><T65/><D134/><U66/><E39/><V75/><F118/><W117/><G117/><T84/><D129/><U55/><E74/><V106/><F127/><W86/><G22/><T50/><D21/><U58/><E108/><V38/><F19/><W122/><N who="3" m="30720" /><DORA hai="17" /><W77/><G77/><T116/><D15/><U20/><E66/><V37/><F37/><W43/><G43/><T132/><D132/><U36/><E36/><V11/><F61/><W111/><G111/><T49/><D116/><U53/><E13/><V72/><F83/><W128/><G128/><T78/><D65/><U60/><E34/><V64/><F64/><W6/><G6/><T101/><D101/><U35/><E35/><V126/><F126/><W54/><REACH who="3" step="1"/><G57/><REACH who="3" ten="149,187,486,168" step="2"/><T67/><D78/><U97/><E58/><V42/><F41/><W96/><G96/><T63/><REACH who="0" step="1"/><D69/><REACH who="0" ten="139,187,486,168" step="2"/><U109/><E20/><V8/><F42/><W115/><G115/><T100/><D100/><U30/><E133/><V135/><F135/><W44/><G44/><T16/><D16/><U29/><E109/><V112/><F47/><W71/><G71/><T18/><D18/><U103/><E103/><V98/><F112/><W73/><G73/><AGARI ba="0,2" hai="1,2,49,50,51,63,67,70,73,76,79,80,82,84" machi="73" ten="40,1300,0" yaku="1,1,53,0" doraHai="124,17" doraHaiUra="23,131" who="0" fromWho="3" sc="139,33,187,0,486,0,168,-13" owari="172,-22.8,187,-1.3,486,58.6,155,-34.5" /></mjloggm>