<mjloggm ver="2.3"><GO type="225" lobby="0"/><UN n0="%E3%81%AF%E3%82%88%E3%81%8A%E3%81%98%E3%81%95%E3%82%93" n1="%70%6E%64%73%6E%67" n2="%E3%81%8B%E3%82%8F%E3%81%A1%E3%82%83%E3%82%93%35%38" n3="%6D%75%75%6D%75%72%61" dan="17,16,16,16" rate="2233.29,2101.87,2159.08,2071.94" sx="M,M,M,F"/><TAIKYOKU oya="0"/><INIT seed="0,0,0,1,0,37" ten="250,250,250,250" oya="0" hai0="7,92,8,104,95,57,33,56,54,100,63,132,22" hai1="112,119,106,38,9,90,82,21,107,29,13,15,93" hai2="110,2,131,80,12,135,58,48,127,113,52,3,34" hai3="124,98,85,59,4,108,17,69,46,75,125,94,116"/><T123/><D123/><U122/><E119/><V73/><F113/><W72/><G116/><T35/><D132/><U126/><E122/><V120/><F120/><W11/><G69/><T111/><D104/><U99/><E126/><V81/><F34/><W89/><G108/><T45/><D111/><U50/><E38/><V76/><F110/><W129/><G129/><T26/><D45/><U101/><E112/><V5/><F131/><W128/><G128/><T117/><D117/><U109/><E109/><V20/><F135/><W47/><G17/><T118/><D118/><U88/><E106/><V96/><F127/><W16/><G72/><T71/><D71/><U134/><E134/><V70/><F70/><W115/><G75/><T49/><D100/><U130/><E130/><V105/><F81/><W83/><G115/><T6/><D33/><U23/><E82/><V44/><F105/><W66/><G4/><N who="0" m="1579" /><D35/><U67/><E67/><V14/><F96/><W74/><G74/><T97/><D8/><U40/><E107/><V78/><F78/><W91/><G125/><T36/><D36/><U24/><E23/><V1/><F5/><W114/><G114/><T30/><D97/><U61/><E61/><V121/><F121/><W43/><G124/><T31/><D30/><U32/><E32/><V87/><F73/><W65/><G59/><T10/><D10/><U60/><E60/><N who="2" m="35911" /><F20/><W0/><G0/><N who="2" m="1" /><V25/><DORA hai="19" /><F25/><W18/><G47/><T51/><D51/><U68/><E68/><V86/><F86/><W53/><G11/><T64/><AGARI ba="0,0" hai="22,26,31,49,54,56,57,63,64,92,95" m="1579" machi="64" ten="30,3000,0" yaku="8,1,52,1" doraHai="37,19" who="0" fromWho="0" sc="250,30,250,-10,250,-10,250,-10" /><INIT seed="0,1,0,1,3,107" ten="280,240,240,240" oya="0" hai0="43,23,104,50,96,94,102,100,61,84,111,64,79" hai1="119,57,16,86,41,8,98,49,103,52,22,116,15" hai2="20,11,82,89,83,54,24,106,17,53,128,129,13" hai3="2,105,130,127,60,115,134,32,90,44,73,4,51"/><T7/><D111/><U38/><E38/><V67/><F106/><W29/><G115/><T9/><D23/><U68/><E68/><V81/><F67/><W69/><G105/><T56/><D104/><U70/><E70/><V42/><F42/><W62/><G127/><T99/><D79/><U6/><E41/><V88/><F128/><W121/><G130/><T31/><D31/><U126/><E126/><V25/><F129/><W92/><G134/><T1/><D84/><U26/><REACH who="1" step="1"/><E86/><REACH who="1" ten="280,230,240,240" step="2"/><V27/><REACH who="2" step="1"/><F11/><REACH who="2" ten="280,230,230,240" step="2"/><W45/><G69/><T118/><D43/><U40/><E40/><V113/><F113/><W110/><G110/><T117/><D9/><U55/><E55/><AGARI ba="1,2" hai="13,17,20,24,25,27,53,54,55,81,82,83,88,89" machi="55" ten="40,12000,2" yaku="1,1,8,1,54,1,53,3" doraHai="107" doraHaiUra="48" who="2" fromWho="1" sc="280,0,230,-123,230,143,240,0" /><INIT seed="1,0,0,3,1,125" ten="280,107,373,240" oya="1" hai0="116,24,4,58,118,14,45,115,67,109,92,42,35" hai1="28,61,32,76,103,16,19,123,99,1,94,112,102" hai2="46,111,49,68,93,127,107,100,124,50,85,44,55" hai3="51,63,48,17,114,12,25,77,27,80,126,36,29"/><U40/><E112/><V7/><F111/><W132/><G114/><T56/><D109/><U52/><E123/><V97/><F68/><W83/><G126/><N who="2" m="48169" /><F7/><W135/><G36/><T95/><D115/><U73/><E1/><V66/><F66/><W65/><G51/><T57/><D67/><U108/><E108/><V9/><F9/><W11/><G48/><T79/><D79/><U41/><E73/><V33/><F33/><W98/><G98/><T59/><D59/><N who="1" m="35047" /><E32/><V54/><F85/><W26/><G29/><T75/><D75/><U120/><E120/><V21/><F21/><W30/><G30/><T87/><D35/><U82/><E28/><V31/><F31/><W74/><REACH who="3" step="1"/><G80/><REACH who="3" ten="280,107,373,230" step="2"/><T69/><D116/><U128/><E128/><V130/><F130/><W90/><G90/><T70/><D118/><U18/><E103/><V64/><F100/><W106/><G106/><T2/><D95/><U0/><E0/><V5/><F107/><W96/><G96/><T13/><D92/><U71/><E71/><AGARI ba="0,1" hai="11,12,17,25,26,27,63,65,71,74,77,83,132,135" machi="71" ten="40,2600,0" yaku="1,1,53,1" doraHai="125" doraHaiUra="105" who="3" fromWho="1" sc="280,0,107,-26,373,0,230,36" /><INIT seed="2,0,0,3,1,22" ten="280,81,373,266" oya="2" hai0="21,125,121,72,23,109,87,41,99,71,81,58,120" hai1="60,24,62,57,135,64,68,65,67,16,133,55,15" hai2="51,74,111,100,26,48,12,131,110,116,92,124,78" hai3="34,56,33,130,4,112,105,98,79,83,47,94,69"/><V70/><F70/><W132/><G69/><T117/><D71/><U73/><E73/><V107/><F107/><W114/><G105/><T32/><D32/><U129/><E129/><V54/><F116/><W113/><G130/><T18/><D72/><U13/><E13/><V63/><F131/><W30/><G132/><T101/><D117/><U75/><E75/><V0/><F0/><W39/><G4/><T3/><D3/><U96/><E96/><N who="2" m="59399" /><F124/><W122/><G122/><T5/><D125/><U35/><E35/><V89/><F78/><W8/><G8/><T82/><D5/><U40/><E40/><V86/><F74/><N who="3" m="43511" /><G56/><T10/><D58/><U128/><E128/><V90/><F90/><N who="3" m="55639" /><G30/><T44/><D10/><U66/><REACH who="1" step="1"/><E24/><REACH who="1" ten="280,71,373,266" step="2"/><V43/><F12/><W42/><AGARI ba="0,1" hai="33,34,39,42,47,112,113,114" m="55639,43511" machi="42" ten="40,1500,0" yaku="11,1" doraHai="22" who="3" fromWho="3" sc="280,-4,71,-4,373,-7,266,25" /><INIT seed="3,0,0,3,2,11" ten="276,67,366,291" oya="3" hai0="87,128,44,133,113,105,29,102,126,7,49,119,67" hai1="40,59,106,20,134,23,103,28,55,13,9,21,37" hai2="84,77,33,117,99,81,30,53,72,3,109,41,97" hai3="107,125,12,61,16,75,35,108,56,122,15,98,111"/><W32/><G122/><T43/><D119/><U24/><E134/><V130/><F3/><W52/><G75/><T76/><D133/><U129/><E103/><V114/><F41/><W85/><G125/><T47/><D126/><U86/><E106/><V65/><F65/><W27/><G85/><T116/><D116/><U131/><E86/><V82/><F114/><W19/><G98/><T57/><D113/><U36/><E55/><V93/><F30/><W88/><G88/><T69/><D69/><U4/><E59/><V74/><F33/><W91/><G91/><T120/><D120/><U26/><E40/><V58/><F117/><W39/><G39/><T132/><D132/><U14/><E36/><V64/><F64/><W0/><G0/><T112/><D112/><U6/><E37/><V63/><F130/><W34/><G107/><T71/><D128/><U38/><E38/><V25/><F25/><W92/><G92/><T110/><D110/><N who="3" m="42025" /><G19/><T60/><D71/><U46/><E46/><V83/><F109/><W78/><G78/><T123/><D123/><U22/><E26/><V100/><F74/><W79/><G79/><T70/><D29/><U62/><E62/><V54/><F72/><W10/><G12/><T17/><D17/><U115/><E115/><V121/><F121/><W48/><G27/><T45/><D7/><U95/><E95/><V31/><F99/><W127/><G127/><T104/><D70/><U73/><E73/><V118/><F118/><W42/><G42/><T5/><D5/><U68/><E68/><V2/><F2/><W94/><G94/><RYUUKYOKU ba="0,0" sc="276,-15,67,15,366,-15,291,15" hai1="4,6,9,13,14,20,21,22,23,24,28,129,131" hai3="10,15,16,32,34,35,48,52,56,61" /><INIT seed="3,1,0,3,0,29" ten="261,82,351,306" oya="3" hai0="47,8,27,94,14,4,33,28,129,48,76,104,74" hai1="43,10,56,118,64,6,1,39,113,63,91,93,65" hai2="117,133,11,96,2,97,32,15,95,46,67,88,35" hai3="7,109,37,114,42,106,124,123,89,125,49,135,59"/><W22/><G114/><T120/><D129/><U111/><E111/><V12/><F117/><W21/><G123/><T58/><D120/><U36/><E113/><V38/><F2/><W55/><G106/><T62/><D104/><U130/><E130/><V79/><F67/><W41/><G135/><T26/><D74/><U101/><E118/><V57/><F79/><W51/><G37/><T80/><D26/><U9/><E91/><V122/><F122/><W20/><G7/><T16/><D94/><U24/><E93/><V100/><F57/><W108/><G89/><T40/><D76/><U72/><E9/><V52/><F15/><W5/><G5/><T105/><D105/><U44/><E64/><V25/><F25/><W66/><G66/><T134/><D134/><U115/><E115/><V128/><F128/><W87/><G87/><T99/><D80/><U103/><E36/><V70/><F70/><W75/><G75/><T83/><D83/><U54/><E54/><V30/><F30/><W92/><G92/><T73/><D73/><U82/><E24/><V132/><F132/><W86/><G86/><T84/><D84/><U78/><E65/><V77/><F133/><W69/><G69/><T13/><D99/><U126/><E126/><N who="3" m="48746" /><G49/><T3/><D62/><U45/><E45/><V127/><F127/><W60/><G60/><T68/><D58/><U19/><E19/><N who="2" m="8607" /><F77/><W85/><G85/><T102/><D68/><U18/><E18/><V17/><F95/><W112/><G112/><T90/><D16/><U110/><E103/><V81/><F100/><W31/><G109/><RYUUKYOKU ba="1,0" sc="261,0,82,0,351,0,306,0" owari="261,-13.9,82,-41.8,351,45.1,306,10.6" /></mjloggm>