<mjloggm ver="2.3"><GO type="225" lobby="0"/><UN n0="%E3%82%A2%E3%83%BC%E3%83%A2%E3%83%AD%E3%83%BC%E3%83%B4%E3%82%A1" n1="%E3%81%BF%E3%81%BF%E3%81%9A" n2="%48%61%61%61%6C%61%6E%64" n3="%E5%84%AA%40%41%42%43" dan="16,16,18,17" rate="2147.26,2142.48,2239.25,2130.98" sx="M,M,M,M"/><TAIKYOKU oya="0"/><INIT seed="0,0,0,2,5,100" ten="250,250,250,250" oya="0" hai0="115,20,99,33,14,12,98,32,35,81,104,10,102" hai1="71,24,5,88,42,59,60,22,0,62,94,63,127" hai2="53,49,1,103,123,79,134,97,96,9,6,40,118" hai3="39,113,50,44,116,121,67,52,46,64,111,117,7"/><T76/><D115/><U68/><E127/><V25/><F123/><W57/><G7/><T21/><D98/><U93/><E42/><V75/><F134/><W56/><G113/><T110/><D110/><U89/><E0/><V29/><F118/><N who="3" m="45675" /><G111/><T77/><D77/><U28/><E5/><V66/><F40/><N who="3" m="22559" /><G121/><T131/><D131/><U23/><E23/><V91/><F66/><AGARI ba="0,0" hai="46,50,52,56,57,64,66,67" m="22559,45675" machi="66" ten="30,3900,0" yaku="34,2,54,1" doraHai="100" who="3" fromWho="2" sc="250,0,250,0,250,-39,250,39" /><INIT seed="1,0,0,0,4,6" ten="250,250,211,289" oya="1" hai0="28,97,84,51,96,129,83,49,67,70,43,81,29" hai1="115,54,103,57,122,18,88,19,113,74,24,120,62" hai2="36,105,35,22,95,99,73,93,134,89,37,128,38" hai3="72,135,21,107,104,1,5,117,8,78,10,50,131"/><U91/><E74/><V25/><F128/><W11/><G131/><T87/><D129/><U23/><E103/><V79/><F134/><W56/><G135/><T125/><D70/><U2/><E2/><V124/><F124/><W114/><G114/><T32/><D67/><U17/><E115/><V71/><F71/><W92/><G117/><T60/><D60/><U98/><E113/><V9/><F35/><W106/><G92/><T27/><D125/><U13/><E91/><V47/><F105/><W75/><G21/><T94/><D43/><U123/><E13/><V26/><F47/><W20/><G20/><T42/><D42/><U48/><E48/><V15/><F95/><AGARI ba="0,0" hai="17,18,19,23,24,54,57,62,88,95,98,120,122,123" machi="95" ten="40,7700,0" yaku="25,2,54,1" doraHai="6" who="1" fromWho="2" sc="250,0,250,77,211,-77,289,0" /><INIT seed="1,1,0,0,2,55" ten="250,327,134,289" oya="1" hai0="80,131,26,108,70,22,98,30,4,54,81,67,121" hai1="10,5,52,89,135,59,44,104,58,62,3,132,38" hai2="74,8,11,125,18,124,15,51,84,37,96,116,14" hai3="82,57,91,68,45,76,36,65,66,99,28,20,88"/><U79/><E104/><V56/><F37/><W34/><G34/><T115/><D115/><U133/><E79/><V126/><F74/><W2/><G2/><T61/><D108/><U122/><E122/><V27/><F116/><W101/><G68/><T35/><D131/><U32/><E32/><V110/><F110/><W19/><G28/><T97/><D121/><U24/><E24/><V39/><F39/><W134/><G134/><T13/><D54/><U1/><E89/><V21/><F96/><W71/><G71/><T127/><D127/><U29/><E29/><V9/><REACH who="2" step="1"/><F84/><REACH who="2" ten="250,327,124,289" step="2"/><N who="3" m="48199" /><G36/><T75/><D75/><U123/><E123/><V23/><F23/><W64/><G99/><T25/><D97/><U112/><E112/><V129/><F129/><W114/><G114/><T107/><D98/><U85/><E85/><V46/><F46/><W117/><G45/><T73/><D73/><U87/><E87/><V0/><F0/><W92/><G117/><T31/><D107/><U41/><E1/><V120/><F120/><W90/><G101/><T109/><D109/><U40/><E44/><V111/><F111/><W17/><G20/><T42/><D35/><U113/><E113/><V128/><F128/><W43/><G92/><T60/><D22/><U77/><E38/><V86/><F86/><W78/><G78/><T102/><D102/><U105/><E77/><V33/><F33/><W48/><G43/><N who="1" m="16458" /><E105/><V100/><F100/><W118/><G118/><T106/><D106/><U103/><E103/><V12/><F12/><W7/><G7/><T95/><BYE who="3" /><D4/><U50/><E133/><RYUUKYOKU ba="1,1" sc="250,-30,327,10,124,10,289,10" hai1="3,5,10,50,52,58,59,62,132,135" hai2="8,9,11,14,15,18,21,27,51,56,124,125,126" hai3="17,19,48,57,64,65,66,88,90,91" /><INIT seed="1,2,1,5,2,15" ten="220,337,134,299" oya="1" hai0="9,27,82,68,113,29,39,1,71,38,103,0,134" hai1="12,3,26,126,46,42,20,5,7,112,72,135,32" hai2="52,35,4,13,11,31,69,121,99,132,131,96,130" hai3="53,54,28,105,30,91,81,98,125,123,116,55,6"/><U80/><E112/><V87/><F121/><W84/><G84/><T79/><D113/><UN n3="%E5%84%AA%40%41%42%43" /><U23/><E126/><V70/><F132/><W17/><G123/><T36/><D103/><U73/><E135/><V41/><F41/><W8/><G125/><T77/><D134/><U34/><E12/><V117/><F117/><W107/><G116/><T58/><D58/><U33/><E80/><V74/><F74/><W44/><G44/><T114/><D114/><U92/><E92/><V75/><F75/><W102/><G105/><T93/><D93/><U25/><E46/><V60/><F87/><W104/><G107/><T21/><D77/><U85/><E85/><V119/><F119/><W47/><G47/><T40/><D40/><U109/><E42/><V90/><F31/><W66/><G66/><T111/><D111/><U65/><E65/><V51/><F35/><W83/><G91/><T22/><D21/><U24/><E109/><V19/><F4/><N who="1" m="1609" /><E3/><V89/><F99/><W129/><G129/><N who="2" m="49161" /><F96/><W100/><G6/><T61/><D0/><U110/><E110/><V106/><F106/><W95/><G100/><T127/><D127/><U14/><E73/><V59/><F70/><W18/><G104/><T86/><D1/><U108/><E72/><V76/><F76/><W43/><G43/><T124/><D124/><U78/><E78/><V16/><F19/><N who="3" m="7179" /><G8/><T133/><D9/><U48/><E108/><V128/><N who="2" m="49169" /><V101/><DORA hai="67" /><F101/><W120/><G120/><T57/><D133/><U63/><E33/><V64/><AGARI ba="2,1" hai="11,13,16,51,52,59,60,64,69,89,90" m="49169" machi="64" ten="40,8000,1" yaku="19,1,52,2,54,2" doraHai="15,67" who="2" fromWho="2" sc="220,-22,337,-42,134,96,299,-22" /><INIT seed="2,0,0,4,1,84" ten="198,295,230,277" oya="2" hai0="26,32,127,70,69,16,42,17,25,68,76,132,34" hai1="48,97,75,114,45,41,111,0,43,129,131,85,73" hai2="115,55,57,93,126,11,12,99,81,117,51,95,8" hai3="103,112,22,79,109,65,52,91,47,30,135,125,107"/><V3/><F115/><W133/><G109/><T128/><D76/><U50/><E114/><V18/><F117/><W6/><G125/><T123/><D42/><U71/><E111/><V29/><F126/><W77/><G65/><T63/><D127/><U120/><E71/><V66/><F29/><W46/><G6/><T122/><D63/><U106/><E0/><V116/><F116/><W13/><G103/><T64/><D64/><U80/><E120/><N who="0" m="46121" /><D132/><N who="3" m="50761" /><G107/><T36/><D36/><U67/><E67/><V15/><F3/><W31/><G47/><T134/><D128/><N who="1" m="49227" /><E48/><V27/><F66/><W90/><G79/><T101/><D101/><N who="1" m="62767" /><E41/><V28/><F81/><W14/><G77/><AGARI ba="0,0" hai="43,45,50,73,75,77,80,85" m="62767,49227" machi="77" ten="30,1000,0" yaku="19,1" doraHai="84" who="1" fromWho="3" sc="198,0,295,10,230,0,277,-10" /><INIT seed="3,0,0,0,3,23" ten="198,305,230,267" oya="3" hai0="11,6,75,119,95,113,39,118,92,47,27,87,52" hai1="9,42,66,59,122,19,91,21,31,37,126,8,60" hai2="134,35,14,120,67,94,17,58,108,28,123,33,90" hai3="93,89,104,64,3,2,62,29,51,13,18,7,22"/><W40/><G104/><T114/><D75/><U116/><E122/><N who="2" m="46635" /><F108/><W45/><G29/><T102/><D39/><U112/><E112/><N who="0" m="43113" /><D102/><U85/><E31/><V101/><F101/><W4/><G3/><T34/><D87/><U81/><E126/><V97/><F134/><W70/><G2/><N who="0" m="471" /><D119/><U127/><E127/><V115/><F115/><W68/><G68/><T72/><D72/><U0/><E0/><V26/><F35/><W103/><G103/><T100/><D100/><U84/><E116/><V109/><F109/><W16/><G18/><T110/><D110/><U83/><E42/><V5/><F5/><W20/><G20/><T88/><D88/><N who="1" m="51215" /><E37/><V56/><F67/><W98/><AGARI ba="0,0" hai="4,7,13,16,22,40,45,51,62,64,70,89,93,98" machi="98" ten="20,3900,0" yaku="0,1,7,1,54,1" doraHai="23" who="3" fromWho="3" sc="198,-13,305,-13,230,-13,267,39" owari="185,-31.5,292,9.2,217,-18.3,306,40.6" /></mjloggm>