<mjloggm ver="2.3"><GO type="225" lobby="0"/><UN n0="%E3%81%B5%E3%81%98%E3%81%8B%E3%81%A4" n1="%E9%B3%B3%E6%9D%B1%E3%81%AE%E3%81%86%E3%81%95%E3%81%8E%E3%81%95%E3%82%93" n2="%72%61%6B%33" n3="%E3%81%A9%E3%82%8F%E3%82%93%E3%81%94" dan="16,17,16,16" rate="2113.72,2239.53,2072.70,2086.88" sx="M,M,M,M"/><TAIKYOKU oya="0"/><INIT seed="0,0,0,3,2,115" ten="250,250,250,250" oya="0" hai0="22,20,69,125,93,81,41,59,100,61,119,106,86" hai1="10,48,111,70,118,67,33,84,32,45,64,0,117" hai2="47,104,51,74,4,9,30,6,63,43,109,12,57" hai3="122,132,128,85,73,68,25,34,13,65,92,88,55"/><T27/><D119/><N who="1" m="45579" /><E84/><V37/><F109/><W3/><G73/><T54/><D125/><U44/><E10/><V62/><F104/><W60/><G3/><T14/><D69/><U56/><E0/><V120/><F120/><W103/><G132/><T28/><D41/><N who="1" m="24591" /><E32/><V80/><F30/><W17/><G128/><T46/><D106/><U49/><E33/><V39/><F6/><W35/><G122/><T126/><D46/><U53/><E70/><V87/><F74/><W78/><G78/><N who="0" m="46391" /><D126/><U75/><E75/><V83/><F83/><W99/><G25/><N who="0" m="16423" /><D14/><U89/><E89/><V66/><REACH who="2" step="1"/><F63/><REACH who="2" ten="250,250,240,250" step="2"/><W72/><G72/><T110/><D110/><U95/><E111/><V127/><F127/><W38/><G60/><T8/><D93/><U129/><E95/><V131/><F131/><W5/><G92/><T7/><D7/><U135/><E129/><V79/><AGARI ba="0,1" hai="4,9,12,37,39,43,47,51,57,62,66,79,80,87" machi="79" ten="20,8000,1" yaku="1,1,0,1,7,1,25,2,53,0" doraHai="115" doraHaiUra="23" who="2" fromWho="2" sc="250,-40,250,-20,240,90,250,-20" /><INIT seed="1,0,0,2,4,31" ten="210,230,330,230" oya="1" hai0="70,73,45,117,83,44,135,108,48,69,133,110,36" hai1="9,12,35,72,68,97,11,42,64,78,81,39,62" hai2="123,89,75,40,1,57,98,26,55,61,4,116,65" hai3="88,92,84,90,50,77,6,5,113,22,111,51,47"/><U85/><E39/><V129/><F116/><W106/><G111/><N who="0" m="42539" /><D117/><U112/><E112/><V99/><F123/><W28/><G106/><T23/><D73/><U2/><E2/><V46/><F75/><W3/><G3/><T33/><D33/><U66/><E66/><V93/><F129/><W130/><G77/><T58/><D83/><U18/><E42/><V94/><F26/><N who="3" m="16471" /><G130/><T122/><D23/><U7/><E97/><V121/><F121/><W43/><G113/><T118/><D118/><U10/><E35/><V132/><F132/><N who="0" m="50762" /><D122/><U21/><REACH who="1" step="1"/><E72/><REACH who="1" ten="210,220,330,230" step="2"/><V79/><F1/><W56/><G90/><T103/><D103/><U74/><E74/><V91/><F65/><W25/><G25/><T76/><D76/><U104/><E104/><V109/><F79/><W19/><G43/><N who="0" m="22631" /><D58/><U30/><E30/><V124/><F109/><W59/><G56/><T49/><D49/><U17/><E17/><V52/><F4/><W120/><G19/><T82/><D82/><U96/><E96/><V105/><F105/><W107/><G107/><T27/><D27/><U125/><E125/><V67/><F124/><W29/><G29/><T60/><D60/><U63/><E63/><V127/><F127/><W128/><G120/><T100/><D100/><U134/><E134/><V102/><F102/><W131/><G59/><T34/><D34/><U32/><E32/><V41/><F57/><W115/><G115/><T95/><D95/><U13/><AGARI ba="0,1" hai="7,9,10,11,12,13,18,21,62,64,68,78,81,85" machi="13" ten="20,3900,0" yaku="1,1,0,1,7,1,53,0" doraHai="31" doraHaiUra="119" who="1" fromWho="1" sc="210,-13,220,49,330,-13,230,-13" /><INIT seed="1,1,0,4,4,99" ten="197,269,317,217" oya="1" hai0="24,106,105,80,27,21,35,84,63,120,133,122,51" hai1="4,14,33,7,16,46,134,126,1,43,64,100,70" hai2="71,65,25,76,102,19,68,48,98,39,90,0,111" hai3="124,12,107,53,129,115,6,38,52,81,119,11,49"/><U26/><E134/><V91/><F39/><W127/><G115/><T58/><D133/><U54/><E126/><N who="3" m="48170" /><G38/><T95/><D95/><U97/><E1/><V103/><F0/><W108/><G108/><T121/><D51/><U132/><E54/><V75/><F111/><W89/><G129/><T78/><D35/><U131/><E132/><V93/><F48/><W10/><G119/><T109/><D109/><U113/><E113/><V30/><F19/><N who="3" m="8599" /><G107/><N who="0" m="40971" /><D21/><U87/><E131/><V60/><F68/><W135/><G135/><T61/><D61/><U88/><E70/><V116/><F116/><W17/><G17/><T85/><D85/><U20/><E64/><AGARI ba="1,0" hai="24,27,58,63,64,78,80,84,120,121,122" m="40971" machi="64" ten="40,1300,0" yaku="13,1" doraHai="99" who="0" fromWho="1" sc="197,16,269,-16,317,0,217,0" /><INIT seed="2,0,0,4,2,84" ten="213,253,317,217" oya="2" hai0="79,92,14,132,56,65,95,48,83,46,115,85,42" hai1="11,81,13,25,2,47,20,7,110,64,21,93,60" hai2="70,80,104,17,77,76,40,122,69,96,74,39,45" hai3="129,117,134,126,128,111,53,35,119,125,78,99,44"/><V22/><F122/><W68/><G35/><T89/><D115/><U30/><E110/><V6/><F76/><W27/><G78/><T24/><D132/><U97/><E81/><V52/><F104/><W66/><G27/><T1/><D1/><U102/><E47/><V109/><F109/><W112/><G99/><T37/><D37/><U57/><REACH who="1" step="1"/><E20/><REACH who="1" ten="213,243,317,217" step="2"/><V3/><F45/><W133/><G111/><T15/><D24/><U67/><E67/><V113/><F80/><W116/><G112/><T19/><D79/><U73/><E73/><V120/><F77/><W123/><G123/><T54/><D65/><U107/><E107/><V100/><F74/><W75/><G75/><T43/><D14/><AGARI ba="0,1" hai="2,7,11,13,14,21,25,30,57,60,64,93,97,102" machi="14" ten="40,5200,0" yaku="1,1,25,2,53,0" doraHai="84" doraHaiUra="121" who="1" fromWho="0" sc="213,-52,243,62,317,0,217,0" /><INIT seed="3,0,0,2,1,110" ten="161,305,317,217" oya="3" hai0="12,51,52,109,64,114,107,117,91,123,40,116,13" hai1="27,24,127,59,78,38,16,126,45,131,33,75,14" hai2="47,73,124,48,84,94,63,108,17,10,8,89,112" hai3="104,25,113,23,105,74,21,2,95,102,86,82,58"/><W7/><G113/><T50/><D107/><U111/><E111/><V3/><F112/><W72/><G2/><T42/><D123/><U81/><E131/><V90/><F108/><W36/><G36/><T69/><D109/><U101/><E101/><V53/><F73/><W26/><G7/><T61/><D91/><U71/><E71/><V6/><F124/><N who="1" m="47657" /><E33/><V85/><F63/><W98/><G74/><T49/><D114/><U100/><E100/><V55/><F10/><W134/><G134/><T118/><D12/><U97/><E97/><V19/><F53/><W67/><G72/><T93/><D93/><AGARI ba="0,0" hai="3,6,8,17,19,47,48,55,84,85,89,90,93,94" machi="93" ten="30,2000,0" yaku="7,1,9,1" doraHai="110" who="2" fromWho="0" sc="161,-20,305,0,317,20,217,0" owari="141,-35.9,305,10.5,337,43.7,217,-18.3" /></mjloggm>