<mjloggm ver="2.3"><GO type="225" lobby="0"/><UN n0="%EF%BC%B3%E3%81%9E%E3%81%88%E2%98%86" n1="%E4%BF%BA%E3%81%A8%E5%A6%96%E5%A4%A2" n2="%E5%A4%8F%E9%88%B4%E9%88%B4%E5%A4%8F" n3="%E3%81%B5%E3%81%98%E3%81%8B%E3%81%A4" dan="16,17,16,17" rate="2097.90,2185.33,2176.56,2220.49" sx="M,F,M,M"/><TAIKYOKU oya="0"/><INIT seed="0,0,0,0,3,16" ten="250,250,250,250" oya="0" hai0="112,15,110,124,79,63,40,70,8,88,3,94,68" hai1="26,44,119,93,34,5,87,41,97,10,133,60,35" hai2="61,135,25,12,22,28,64,115,9,75,56,77,73" hai3="45,47,7,18,120,20,58,84,78,90,132,55,131"/><T82/><D112/><U74/><E119/><V80/><F135/><W71/><G132/><T32/><D32/><U38/><E74/><V43/><F115/><W113/><G131/><T111/><D3/><U17/><E133/><V103/><F43/><W49/><G120/><T27/><D40/><U116/><E116/><V129/><F129/><W29/><G71/><T118/><D118/><U52/><E87/><V72/><REACH who="2" step="1"/><F103/><REACH who="2" ten="250,250,240,250" step="2"/><W57/><G113/><T99/><D124/><U101/><E41/><V85/><F85/><W23/><G78/><T59/><D111/><U53/><E38/><V128/><F128/><W4/><G58/><T125/><D110/><U48/><E101/><V114/><F114/><W121/><G121/><T100/><D100/><U95/><E97/><V98/><F98/><W96/><G96/><T76/><D125/><U109/><E109/><V21/><F21/><N who="3" m="8267" /><G29/><T122/><D122/><U123/><E123/><V0/><F0/><W107/><G107/><T42/><D79/><U81/><E35/><V30/><F30/><W92/><G18/><AGARI ba="0,1" hai="9,12,18,22,25,28,56,61,64,72,73,75,77,80" machi="18" ten="30,7700,0" yaku="1,1,7,1,52,1,53,1" doraHai="16" doraHaiUra="14" who="2" fromWho="3" sc="250,0,250,0,240,87,250,-77" /><INIT seed="1,0,0,0,3,82" ten="250,250,327,173" oya="1" hai0="57,34,110,1,117,114,124,63,93,133,107,106,24" hai1="12,123,97,21,14,17,20,29,9,54,62,109,74" hai2="71,70,5,22,78,19,102,94,11,44,43,121,65" hai3="10,56,119,116,15,25,60,98,53,18,27,101,40"/><U113/><E123/><V48/><F121/><W47/><G116/><T120/><RYUUKYOKU type="yao9" ba="0,0" sc="250,0,250,0,327,0,173,0" hai0="1,24,34,57,63,93,106,107,110,114,117,120,124,133" /><INIT seed="1,1,0,5,3,88" ten="250,250,327,173" oya="1" hai0="14,30,100,79,54,107,129,55,28,48,40,127,43" hai1="134,66,44,15,58,110,114,109,60,118,52,97,91" hai2="41,125,23,10,90,64,68,13,71,56,50,70,6" hai3="102,130,51,47,20,35,81,112,8,84,9,17,78"/><U85/><E114/><V5/><F125/><W94/><G130/><T95/><D107/><U121/><E118/><V101/><F101/><W105/><G112/><T26/><D127/><U2/><E121/><V39/><F5/><W21/><G105/><T59/><D79/><U37/><E2/><V29/><F39/><W3/><G3/><T12/><D129/><U45/><E134/><V27/><F41/><N who="0" m="15946" /><D55/><U113/><E113/><V108/><F108/><N who="1" m="41577" /><E37/><V57/><F64/><W82/><G35/><T133/><D133/><U77/><E15/><N who="0" m="5673" /><D26/><U31/><E31/><V1/><F1/><W75/><G75/><T67/><D67/><U123/><E123/><V36/><F36/><W104/><G104/><T61/><D48/><U62/><E77/><V98/><F50/><W93/><G102/><T22/><D22/><N who="3" m="8809" /><G81/><T25/><D25/><U131/><E131/><V4/><F4/><W122/><G122/><T69/><D69/><N who="1" m="42183" /><E97/><AGARI ba="1,0" hai="28,30,54,59,61,95,97,100" m="5673,15946" machi="97" ten="30,2000,0" yaku="8,1,52,1" doraHai="88" who="0" fromWho="1" sc="250,23,250,-23,327,0,173,0" /><INIT seed="2,0,0,1,0,79" ten="273,227,327,173" oya="2" hai0="8,59,99,2,93,7,43,38,76,104,116,17,87" hai1="88,25,23,49,54,111,14,119,85,12,51,24,115" hai2="19,20,63,96,95,97,78,61,72,50,0,11,44" hai3="132,130,26,13,32,121,98,22,66,120,36,37,135"/><V29/><F29/><N who="3" m="19511" /><G66/><T58/><D116/><U1/><E119/><V94/><F0/><W48/><G98/><T73/><D73/><U27/><E115/><V92/><F11/><W33/><G48/><T108/><D108/><U69/><E1/><V16/><F72/><W107/><G107/><T55/><D17/><N who="2" m="6730" /><F20/><W35/><G37/><T47/><D104/><U122/><E69/><V5/><F78/><W42/><G42/><T101/><D59/><U60/><E111/><V117/><F5/><W57/><G57/><T110/><D110/><U91/><E122/><N who="3" m="47210" /><G36/><T131/><D131/><U46/><E23/><V133/><F133/><N who="3" m="51275" /><G130/><T30/><D30/><U9/><E60/><N who="2" m="23115" /><F117/><W31/><G13/><T45/><D38/><U113/><E12/><V82/><F82/><W4/><G4/><T125/><D7/><U74/><E74/><V89/><F96/><W109/><G109/><T86/><D99/><U70/><E70/><V106/><F106/><W62/><G62/><T56/><D2/><U118/><E118/><V28/><F89/><W75/><G75/><T34/><D76/><U102/><E91/><V15/><F15/><W71/><G71/><T134/><D101/><U64/><E102/><V65/><F97/><W68/><G68/><T114/><D134/><U10/><E64/><V52/><F65/><W112/><G112/><T53/><D87/><U90/><E113/><V105/><F105/><W127/><G127/><T77/><D125/><U80/><E14/><V103/><F103/><W123/><N who="3" m="47218" /><W124/><DORA hai="128" /><G124/><T84/><D114/><U129/><E129/><RYUUKYOKU ba="0,0" sc="273,-15,227,-15,327,15,173,15" hai2="28,44,50,52,92,94,95" hai3="22,31,33,35" /><INIT seed="2,1,0,0,5,48" ten="258,212,342,188" oya="2" hai0="37,113,16,32,135,23,28,117,125,11,19,31,93" hai1="27,46,55,86,10,124,66,1,75,17,64,129,84" hai2="132,119,133,9,71,101,111,114,52,127,34,89,72" hai3="103,25,134,26,104,131,29,70,85,79,74,78,36"/><V5/><F72/><W112/><G70/><T44/><D113/><U126/><E75/><V99/><F71/><W56/><G36/><T4/><D135/><U53/><E129/><V0/><F34/><W80/><G134/><T43/><D125/><N who="1" m="48235" /><E1/><V96/><F119/><W121/><G131/><T77/><D117/><U120/><E120/><V73/><F73/><W8/><G121/><T18/><D77/><U12/><E27/><V122/><F114/><W115/><G8/><T41/><D41/><U6/><E17/><V39/><F5/><W7/><G7/><T107/><D107/><U105/><E105/><V15/><F0/><W81/><G26/><T21/><D93/><U87/><E46/><V61/><F15/><W62/><G103/><T3/><REACH who="0" step="1"/><D32/><REACH who="0" ten="248,212,342,188" step="2"/><U69/><E69/><V54/><F122/><W118/><G118/><T102/><D102/><U97/><E97/><V47/><F99/><W38/><G104/><T108/><D108/><U30/><E30/><AGARI ba="1,1" hai="3,4,11,16,18,19,21,23,28,30,31,37,43,44" machi="30" ten="40,2600,0" yaku="1,1,54,1,53,0" doraHai="48" doraHaiUra="63" who="0" fromWho="1" sc="248,39,212,-29,342,0,188,0" /><INIT seed="3,0,0,3,1,116" ten="287,183,342,188" oya="3" hai0="76,47,45,0,37,61,115,75,110,32,54,23,95" hai1="3,133,122,28,117,94,119,36,57,101,98,59,121" hai2="31,24,62,13,2,93,129,8,35,70,49,6,14" hai3="83,19,99,92,79,126,81,30,20,113,107,60,67"/><W84/><G113/><T102/><D32/><U22/><E36/><V7/><F129/><W68/><G126/><T108/><D0/><U9/><E133/><V124/><F124/><W97/><G30/><T41/><D115/><U72/><E72/><V63/><F70/><W114/><G114/><T69/><D75/><U85/><E85/><V21/><F7/><W10/><G10/><T11/><D76/><U134/><E134/><V26/><F49/><W17/><G83/><T52/><D11/><U33/><E33/><V90/><F62/><W131/><G131/><T16/><D95/><U55/><E9/><V127/><F63/><W88/><G20/><T73/><D102/><U125/><E3/><V1/><F1/><W120/><G120/><N who="1" m="46186" /><E125/><V34/><F34/><W53/><REACH who="3" step="1"/><G53/><REACH who="3" ten="287,183,342,178" step="2"/><T39/><D54/><U112/><E112/><V96/><F127/><W71/><G71/><T104/><D69/><U100/><E55/><V65/><F65/><W118/><G118/><N who="1" m="45066" /><E101/><AGARI ba="0,1" hai="17,19,60,67,68,79,81,84,88,92,97,99,101,107" machi="101" ten="40,3900,0" yaku="1,1,54,1,53,0" doraHai="116" doraHaiUra="4" who="3" fromWho="1" sc="287,0,183,-39,342,0,178,49" /><INIT seed="3,1,0,4,0,25" ten="287,144,342,227" oya="3" hai0="77,133,46,3,14,129,56,64,18,122,20,4,74" hai1="95,26,10,94,96,53,83,107,68,37,130,19,21" hai2="132,22,39,88,61,91,44,40,51,72,109,65,13" hai3="113,108,116,50,8,41,126,112,48,69,32,98,57"/><W60/><G116/><T127/><D122/><U110/><E68/><V31/><F72/><W114/><G32/><T120/><D120/><U35/><E37/><V45/><F109/><W134/><G8/><T118/><D118/><U121/><E121/><V2/><F2/><W101/><G126/><T104/><D104/><U79/><E110/><V67/><F67/><W124/><G108/><T38/><D56/><U9/><E130/><V92/><F132/><W49/><G134/><T84/><D84/><U82/><E107/><V23/><F13/><W5/><G5/><T27/><D64/><U128/><E128/><V89/><F31/><W90/><G90/><T86/><D86/><U103/><E35/><V125/><F92/><W70/><G124/><T106/><D106/><U85/><E82/><V111/><F125/><W135/><G98/><T55/><D38/><U28/><E94/><V24/><F24/><W7/><G101/><T115/><D4/><U12/><REACH who="1" step="1"/><E53/><REACH who="1" ten="287,134,342,227" step="2"/><V36/><F36/><W58/><G69/><T43/><D55/><U47/><E47/><V73/><F44/><W54/><G70/><T76/><D46/><U87/><E87/><V93/><F45/><W16/><G54/><T1/><D129/><U123/><E123/><V6/><F93/><W11/><G135/><T75/><D133/><U0/><E0/><V33/><F39/><W59/><G114/><T29/><D1/><U63/><E63/><V62/><F111/><W81/><G113/><T78/><D115/><U97/><E97/><V17/><F33/><W34/><G112/><T15/><D127/><RYUUKYOKU ba="1,1" sc="287,-10,134,30,342,-10,227,-10" hai1="9,10,12,19,21,26,28,79,83,85,95,96,103" owari="277,7.7,164,-33.6,342,44.2,217,-18.3" /></mjloggm>