<mjloggm ver="2.3"><GO type="225" lobby="0"/><UN n0="%E3%81%BE%E3%81%A8%E3%81%9F" n1="%E3%83%A9%E3%83%BC%E3%83%A1%E3%83%B3%E4%BA%94%E9%83%8E" n2="%72%69%6F%75%63%68%61%6E" n3="%E3%81%82%E3%82%93%E3%81%AA%E3%81%A4" dan="16,16,17,17" rate="2149.10,2089.27,2230.43,2169.46" sx="M,M,M,M"/><TAIKYOKU oya="0"/><INIT seed="0,0,0,1,2,67" ten="250,250,250,250" oya="0" hai0="68,17,90,83,57,70,113,9,26,48,87,118,122" hai1="23,59,103,10,51,11,39,40,12,82,13,110,8" hai2="65,5,64,1,2,32,96,106,102,21,16,121,94" hai3="131,54,114,42,77,88,92,124,27,37,93,61,120"/><T4/><D113/><U104/><E110/><V133/><F121/><W53/><G114/><T78/><D118/><U14/><E39/><V76/><F133/><W20/><G120/><T36/><D36/><U35/><E35/><V55/><F32/><W6/><G6/><T135/><D135/><U97/><E82/><V34/><F34/><W28/><G77/><T71/><D122/><U126/><E126/><V19/><F76/><W38/><G124/><T43/><D26/><U66/><E66/><V74/><F74/><W108/><G108/><T62/><D17/><U24/><E59/><V69/><F19/><W18/><G42/><T130/><D130/><U117/><E117/><V31/><F31/><W116/><G116/><T52/><D90/><U84/><E84/><V123/><F123/><W60/><G131/><T95/><D95/><U58/><E58/><V45/><F106/><W79/><G79/><T98/><D98/><U80/><E80/><V109/><F109/><W50/><G93/><T33/><D33/><U127/><E127/><V115/><F115/><W119/><G119/><T3/><REACH who="0" step="1"/><D43/><REACH who="0" ten="240,250,250,250" step="2"/><U105/><E105/><V29/><F29/><W47/><G28/><T107/><D107/><U49/><REACH who="1" step="1"/><E40/><REACH who="1" ten="240,240,250,250" step="2"/><V44/><F96/><N who="3" m="57351" /><G38/><T111/><D111/><U46/><E46/><V73/><F44/><N who="3" m="27847" /><G37/><T129/><D129/><U0/><E0/><V41/><F1/><W89/><G47/><T134/><D134/><U30/><AGARI ba="0,2" hai="8,10,11,12,13,14,23,24,30,49,51,97,103,104" machi="30" ten="30,2000,0" yaku="1,1,0,1,53,0" doraHai="67" doraHaiUra="56" who="1" fromWho="1" sc="240,-10,240,40,250,-5,250,-5" /><INIT seed="1,0,0,2,4,25" ten="230,280,245,245" oya="1" hai0="80,87,71,1,7,24,72,56,12,65,75,129,8" hai1="10,95,48,128,27,32,43,117,66,50,78,2,3" hai2="57,67,94,51,111,112,91,121,107,31,13,6,106" hai3="28,37,5,53,110,96,90,63,60,85,46,98,119"/><U20/><E117/><V19/><F121/><W89/><G119/><T35/><D129/><U74/><E128/><V99/><F111/><W68/><G110/><T82/><D71/><U44/><E32/><V18/><F112/><W88/><G68/><T55/><D65/><U62/><E95/><V26/><F6/><W79/><G5/><T97/><D97/><N who="3" m="37481" /><G37/><T76/><D1/><U30/><E48/><V104/><F13/><W109/><G109/><T47/><D47/><U77/><E10/><V131/><F131/><W102/><G102/><T92/><D92/><U105/><E105/><V15/><F15/><W64/><G64/><T39/><D39/><U52/><E43/><V108/><F108/><W22/><G46/><T58/><D58/><U120/><E120/><V132/><F132/><W21/><G53/><T14/><D14/><U33/><E33/><V41/><F41/><W0/><G0/><T36/><D36/><U59/><REACH who="1" step="1"/><E77/><REACH who="1" ten="230,270,245,245" step="2"/><V124/><F124/><W9/><G9/><T54/><D35/><U4/><E4/><V125/><F125/><W126/><G126/><T123/><D123/><U113/><E113/><V11/><F11/><W84/><G79/><T134/><D8/><U86/><E86/><N who="3" m="33386" /><G21/><T118/><D7/><U100/><E100/><V70/><F107/><W69/><G22/><T45/><D118/><U16/><E16/><V23/><F106/><W127/><G127/><T29/><D76/><U101/><E101/><V83/><F104/><W122/><G122/><T73/><D134/><U93/><E93/><V115/><F115/><W38/><G38/><RYUUKYOKU ba="0,1" sc="230,-10,270,30,245,-10,245,-10" hai1="2,3,20,27,30,44,50,52,59,62,66,74,78" /><INIT seed="1,1,1,5,3,107" ten="220,300,235,235" oya="1" hai0="66,112,88,9,34,110,73,125,3,22,97,23,84" hai1="116,55,21,106,0,122,58,95,77,56,18,126,117" hai2="8,92,102,42,37,46,132,48,51,62,119,129,60" hai3="86,131,57,14,72,101,78,90,91,108,96,44,36"/><U130/><E122/><V99/><F119/><W59/><G108/><T124/><D112/><U67/><E106/><V35/><F129/><W133/><G131/><T20/><D34/><U38/><E130/><V4/><F132/><W15/><G133/><T28/><D110/><U109/><E109/><V74/><F35/><W39/><G44/><T76/><D97/><U1/><E38/><V80/><F48/><W85/><G96/><T128/><D128/><U93/><E126/><N who="0" m="48745" /><D66/><U41/><E41/><V27/><F51/><W53/><G78/><T13/><D3/><U113/><E113/><V61/><F27/><W54/><REACH who="3" step="1"/><G101/><REACH who="3" ten="220,300,235,225" step="2"/><T6/><D76/><U30/><E77/><N who="2" m="44087" /><F61/><W47/><G47/><T25/><D73/><AGARI ba="1,2" hai="14,15,36,39,53,54,57,59,72,73,85,86,90,91" machi="73" ten="25,8000,1" yaku="1,1,22,2,52,2,53,0" doraHai="107" doraHaiUra="123" who="3" fromWho="0" sc="220,-83,300,0,235,0,225,103" /><INIT seed="2,0,0,0,2,62" ten="137,300,235,328" oya="2" hai0="13,68,125,127,61,133,4,86,14,73,41,102,115" hai1="87,21,35,122,66,34,89,103,101,48,105,117,74" hai2="100,55,113,51,121,110,50,79,129,22,128,85,104" hai3="59,26,31,2,37,57,120,81,40,116,82,95,16"/><V88/><F113/><W97/><G116/><T46/><D73/><U29/><E117/><V44/><F121/><W11/><G120/><T60/><D115/><U135/><E74/><V58/><F110/><W64/><G40/><T3/><D3/><U91/><E122/><V56/><F79/><W132/><G37/><T124/><D133/><U1/><E1/><V84/><F85/><W75/><G75/><T12/><D4/><U42/><E135/><V94/><F22/><N who="3" m="15831" /><G2/><T23/><D102/><U9/><E105/><V107/><F56/><N who="3" m="21579" /><G64/><T53/><D53/><U32/><E9/><V118/><F118/><W18/><G132/><T69/><D23/><U112/><E66/><V52/><REACH who="2" step="1"/><F100/><REACH who="2" ten="137,300,225,328" step="2"/><N who="3" m="60479" /><G11/><T67/><D86/><U96/><E87/><V47/><F47/><W17/><AGARI ba="0,1" hai="16,17,18,81,82" m="60479,21579,15831" machi="17" ten="30,2000,0" yaku="8,1,54,1" doraHai="62" who="3" fromWho="3" sc="137,-5,300,-5,225,-10,328,30" /><INIT seed="3,0,0,5,2,13" ten="132,295,215,358" oya="3" hai0="43,102,9,17,1,61,54,33,56,34,65,117,36" hai1="15,21,28,24,124,90,132,76,0,89,94,88,105" hai2="122,44,98,26,123,116,110,108,38,10,107,39,51" hai3="2,59,82,75,104,30,47,64,114,62,134,91,4"/><W6/><G104/><T20/><D117/><U5/><E105/><V101/><F116/><W71/><G2/><T100/><D34/><U29/><E124/><V86/><F10/><W103/><G103/><T68/><D33/><U96/><E0/><V130/><F130/><W42/><G59/><T85/><D85/><U70/><E70/><V121/><F26/><W7/><G30/><T48/><D9/><N who="1" m="4527" /><E132/><V52/><REACH who="2" step="1"/><F86/><REACH who="2" ten="132,295,205,358" step="2"/><W87/><G87/><T14/><REACH who="0" step="1"/><D1/><REACH who="0" ten="122,295,205,358" step="2"/><U40/><E96/><V8/><F8/><W127/><G127/><T60/><D60/><U66/><E21/><V69/><F69/><W11/><G71/><T112/><D112/><U119/><E119/><V27/><F27/><W77/><G62/><T22/><D22/><U16/><E24/><V45/><F45/><AGARI ba="0,2" hai="14,17,20,36,43,45,48,54,56,61,65,68,100,102" machi="45" ten="40,8000,1" yaku="1,1,24,2,52,1,53,0" doraHai="13" doraHaiUra="25" who="0" fromWho="2" sc="122,100,295,0,205,-80,358,0" owari="222,-17.8,295,9.5,125,-37.5,358,45.8" /></mjloggm>