<mjloggm ver="2.3"><GO type="225" lobby="0"/><UN n0="%E6%81%A5%E6%99%92%E3%81%97" n1="%E3%82%BC%E3%83%AB%E3%83%80%E3%81%AE%E4%BC%9D%E8%AA%AC" n2="%E6%A1%9C%E8%8A%B1%E9%96%83%E3%80%85" n3="%E3%83%B4%E3%83%A0%EF%BC%99%E3%81%A6" dan="16,18,16,16" rate="2134.70,2211.40,2109.65,2129.55" sx="M,M,M,M"/><TAIKYOKU oya="0"/><INIT seed="0,0,0,1,1,126" ten="250,250,250,250" oya="0" hai0="32,89,72,92,56,2,63,55,106,66,28,123,48" hai1="122,111,10,121,86,46,85,13,71,70,52,128,54" hai2="17,114,21,64,27,9,108,47,53,44,110,41,16" hai3="112,20,91,34,26,78,105,118,130,23,90,129,117"/><T50/><D123/><U97/><E111/><N who="2" m="42539" /><F114/><W59/><G112/><T124/><D124/><U33/><E33/><V39/><F64/><W58/><G34/><T11/><D72/><U45/><E97/><V84/><F84/><W80/><G80/><T100/><D50/><U132/><E13/><N who="2" m="7215" /><F47/><W22/><G26/><T77/><D77/><U61/><E10/><V75/><F53/><W43/><G43/><T104/><D100/><U73/><E73/><AGARI ba="0,0" hai="17,21,27,39,41,44,73,75" m="7215,42539" machi="73" ten="30,2000,0" yaku="14,1,54,1" doraHai="126" who="2" fromWho="1" sc="250,0,250,-20,250,20,250,0" /><INIT seed="1,0,0,0,2,78" ten="250,230,270,250" oya="1" hai0="44,24,118,91,26,56,122,45,115,98,48,117,77" hai1="14,47,102,124,0,99,23,4,105,129,66,30,131" hai2="74,100,72,108,130,126,7,51,35,16,62,75,38" hai3="82,60,69,96,1,8,67,22,94,50,10,11,59"/><U3/><E124/><V125/><F38/><W97/><G22/><T15/><D115/><U55/><E66/><V135/><F35/><W80/><G1/><T40/><D122/><U46/><E30/><V29/><F29/><W27/><G96/><T116/><D56/><U34/><E34/><V58/><F7/><W49/><G27/><T109/><D109/><U110/><E110/><V123/><F108/><W54/><REACH who="3" step="1"/><G49/><REACH who="3" ten="250,230,270,240" step="2"/><T6/><D48/><U36/><E23/><V57/><F51/><W37/><G37/><T52/><D24/><U9/><E36/><V83/><F125/><W33/><G33/><T95/><D26/><U73/><E3/><V84/><F126/><W18/><G18/><T85/><D116/><U63/><E0/><V90/><F16/><W113/><G113/><T12/><D117/><U64/><E55/><V70/><F123/><W86/><G86/><T5/><D118/><U128/><REACH who="1" step="1"/><E73/><REACH who="1" ten="250,220,270,240" step="2"/><V111/><F75/><W13/><G13/><T42/><D52/><U53/><E53/><V19/><F72/><W133/><G133/><T134/><D134/><U21/><E21/><V92/><F74/><W103/><AGARI ba="0,2" hai="8,10,11,50,54,59,60,67,69,80,82,94,97,103" machi="103" ten="30,7900,0" yaku="1,1,0,1,52,2,53,0" doraHai="78" doraHaiUra="68" who="3" fromWho="3" sc="250,-20,220,-39,270,-20,240,99" /><INIT seed="2,0,0,4,5,125" ten="230,181,250,339" oya="2" hai0="54,63,81,41,95,16,122,56,89,135,47,20,57" hai1="69,67,26,31,6,114,23,46,1,112,134,124,71" hai2="121,97,59,38,113,96,92,34,18,49,116,130,3" hai3="78,22,111,102,106,84,24,7,5,115,91,50,79"/><V8/><F113/><W14/><G115/><T90/><D135/><U76/><E124/><V120/><F116/><W110/><G102/><T119/><D122/><U123/><E134/><V2/><F38/><W40/><G106/><T85/><D119/><U53/><E123/><V33/><F59/><W127/><G127/><T0/><D0/><U30/><E76/><V129/><F49/><W107/><G107/><T93/><D57/><U21/><E6/><V98/><F92/><W32/><G32/><N who="2" m="12393" /><F120/><W108/><G40/><T105/><D105/><U15/><E1/><N who="2" m="11" /><F18/><N who="3" m="12375" /><G50/><N who="0" m="26991" /><D90/><U132/><E132/><V75/><F8/><N who="3" m="4367" /><G7/><T28/><D28/><U25/><E67/><V82/><F82/><AGARI ba="0,0" hai="78,79,82,84,91,108,110,111" m="4367,12375" machi="82" ten="30,1000,0" yaku="14,1" doraHai="125" who="3" fromWho="2" sc="230,0,181,0,250,-10,339,10" /><INIT seed="3,0,0,1,2,28" ten="230,181,240,349" oya="3" hai0="97,66,96,132,26,2,27,12,33,89,39,1,133" hai1="119,103,49,124,13,83,104,120,67,112,63,22,57" hai2="25,36,115,3,91,110,118,111,77,88,43,82,45" hai3="4,7,16,37,85,56,93,123,86,15,40,117,71"/><W0/><G71/><T72/><D39/><U19/><E124/><V105/><F115/><W30/><G117/><T108/><D72/><U31/><E120/><V60/><F118/><W24/><G0/><N who="0" m="107" /><D66/><U75/><E119/><V101/><F3/><W53/><G40/><T59/><D108/><N who="2" m="41514" /><F25/><N who="0" m="9226" /><D33/><U74/><E112/><V127/><F127/><W76/><G37/><T46/><D46/><U99/><E31/><V65/><F101/><W107/><G107/><T73/><D73/><U52/><REACH who="1" step="1"/><E83/><REACH who="1" ten="230,171,240,349" step="2"/><V61/><F105/><W38/><G123/><T81/><D132/><U29/><E29/><V48/><F36/><W23/><G38/><T122/><D122/><U95/><E95/><V106/><F106/><W87/><G93/><T8/><D133/><U131/><E131/><V114/><F114/><W32/><G30/><T35/><D81/><U135/><E135/><V68/><F61/><W100/><G4/><T113/><D113/><U54/><E54/><V47/><F82/><W98/><G7/><T125/><D125/><U134/><E134/><V84/><F60/><W102/><G53/><T21/><D35/><U6/><E6/><V80/><F80/><W90/><G32/><T51/><D51/><U121/><E121/><V11/><F48/><W126/><G126/><T9/><D21/><U58/><AGARI ba="0,1" hai="13,19,22,49,52,57,58,63,67,74,75,99,103,104" machi="58" ten="20,8000,1" yaku="1,1,0,1,7,1,54,1,53,1" doraHai="28" doraHaiUra="62" who="1" fromWho="1" sc="230,-20,171,90,240,-20,349,-40" owari="210,-29.0,261,6.1,220,-18.0,309,40.9" /></mjloggm>