<mjloggm ver="2.3"><GO type="225" lobby="0"/><UN n0="%6D%75%75%6D%75%72%61" n1="%E8%90%BD%E6%97%A5" n2="%E3%81%95%E3%81%8D%E3%81%9F%E3%81%BE%E6%9E%97%E6%AA%8E" n3="%E3%81%A1%E3%82%85%E3%81%86%E3%81%A9%E3%81%8F%E8%B1%A1%E3%81%95%E3%82%93" dan="16,19,16,16" rate="2134.30,2241.95,2129.22,2163.24" sx="F,F,M,M"/><TAIKYOKU oya="0"/><INIT seed="0,0,0,5,1,121" ten="250,250,250,250" oya="0" hai0="18,118,82,129,115,33,57,102,108,99,42,105,83" hai1="132,41,43,13,1,54,67,11,55,117,4,22,52" hai2="122,113,29,71,60,0,69,28,79,38,110,70,131" hai3="8,75,62,135,12,98,68,35,116,84,59,9,72"/><T46/><D115/><U85/><E117/><V34/><F122/><W64/><G116/><T44/><D118/><U106/><E106/><V127/><F113/><W23/><G35/><T100/><D129/><U53/><E132/><V63/><F79/><W48/><G135/><T47/><D42/><U125/><E125/><V81/><F81/><W36/><G36/><T77/><D33/><U49/><E67/><V27/><F28/><W109/><G98/><T6/><D100/><U51/><E85/><V32/><F32/><W124/><G84/><T5/><D83/><U74/><E74/><V133/><F63/><W61/><G48/><T92/><D105/><U56/><E51/><V73/><F73/><W30/><G124/><T126/><D126/><U120/><REACH who="1" step="1"/><E120/><REACH who="1" ten="250,240,250,250" step="2"/><V112/><F133/><W123/><G123/><T111/><D77/><U7/><E7/><V114/><F127/><W94/><G72/><T65/><D82/><U66/><E66/><V107/><F107/><W90/><G64/><T97/><D97/><U58/><E58/><V91/><F114/><W26/><G59/><T24/><D57/><U14/><E14/><V16/><F112/><W101/><G12/><T2/><D65/><U19/><AGARI ba="0,1" hai="1,4,11,13,19,22,41,43,49,52,53,54,55,56" machi="19" ten="30,4000,0" yaku="1,1,0,1,54,1,53,0" doraHai="121" doraHaiUra="89" who="1" fromWho="1" sc="250,-20,240,50,250,-10,250,-10" /><INIT seed="1,0,0,5,5,120" ten="230,290,240,240" oya="1" hai0="34,135,0,107,5,119,62,85,116,92,113,43,109" hai1="95,37,47,130,106,2,129,69,32,51,4,134,81" hai2="40,48,123,97,50,127,57,18,133,9,45,64,21" hai3="87,111,88,132,20,27,3,17,59,58,121,99,56"/><U42/><E106/><V25/><F123/><W76/><G121/><T112/><D107/><U33/><E69/><V36/><F133/><W12/><G3/><T10/><D34/><U125/><E134/><V55/><F127/><W94/><G132/><T122/><D135/><U28/><E125/><V79/><F79/><W46/><G46/><T22/><D122/><U118/><E118/><V8/><F50/><W105/><G111/><T75/><D75/><U24/><E33/><V108/><F108/><W39/><G39/><T63/><D43/><U15/><E15/><V7/><F7/><W13/><G105/><T72/><D72/><U98/><E81/><AGARI ba="0,0" hai="12,13,17,20,27,56,58,59,76,81,87,88,94,99" machi="81" ten="40,2600,0" yaku="8,1,54,1" doraHai="120" who="3" fromWho="1" sc="230,0,290,-26,240,0,240,26" /><INIT seed="2,0,0,3,5,23" ten="230,264,240,266" oya="2" hai0="27,72,10,25,130,46,50,69,8,102,95,87,127" hai1="134,28,65,7,77,34,13,78,107,82,79,57,108" hai2="75,30,85,103,48,6,26,41,114,109,119,68,1" hai3="2,55,111,128,93,59,120,21,40,121,96,135,47"/><V19/><F114/><W86/><G2/><T0/><D72/><U18/><E107/><V133/><F119/><W3/><G3/><T90/><D69/><U101/><E101/><V17/><F75/><W97/><G111/><T83/><D130/><U61/><E134/><V98/><F68/><W37/><G135/><T73/><D127/><U81/><E108/><V70/><F70/><W53/><G128/><T14/><D0/><U131/><E7/><V52/><F109/><W16/><G86/><T29/><D29/><U36/><E36/><V58/><F133/><W118/><G118/><T42/><D10/><U80/><E131/><V62/><F1/><W39/><G39/><T132/><D132/><U129/><E129/><V38/><F6/><W64/><G64/><T74/><D74/><U125/><E125/><V76/><F38/><W89/><G96/><N who="0" m="59679" /><D73/><U94/><E94/><N who="2" m="58839" /><F85/><W66/><G66/><T88/><D90/><U20/><E34/><V116/><F116/><W33/><G33/><T24/><D24/><U99/><E99/><V44/><F76/><W31/><G31/><AGARI ba="0,0" hai="13,18,20,28,31,57,61,65,77,78,79,80,81,82" machi="31" ten="40,1300,0" yaku="8,1" doraHai="23" who="1" fromWho="3" sc="230,0,264,13,240,0,266,-13" /><INIT seed="3,0,0,0,5,93" ten="230,277,240,253" oya="3" hai0="6,97,102,76,61,50,111,85,117,10,73,82,105" hai1="27,16,7,12,90,87,58,88,70,99,19,92,101" hai2="43,21,17,22,81,3,125,95,0,38,94,66,108" hai3="79,60,65,29,55,47,78,25,49,83,69,113,109"/><W107/><G113/><T59/><D111/><U119/><E70/><V89/><F108/><W67/><G109/><T127/><D127/><U128/><E128/><V31/><F125/><W106/><G65/><T52/><D117/><U30/><E119/><V37/><F66/><W118/><G118/><T110/><D110/><U28/><E58/><V91/><F81/><W84/><REACH who="3" step="1"/><G78/><REACH who="3" ten="230,277,240,243" step="2"/><T135/><D135/><U115/><E115/><V63/><F38/><W33/><AGARI ba="0,1" hai="25,29,33,47,49,55,60,67,69,79,83,84,106,107" machi="33" ten="20,18000,2" yaku="1,1,2,1,0,1,7,1,53,2" doraHai="93" doraHaiUra="103" who="3" fromWho="3" sc="230,-60,277,-60,240,-60,243,190" owari="170,-33.0,217,1.7,180,-22.0,433,53.3" /></mjloggm>