<mjloggm ver="2.3"><GO type="225" lobby="0"/><UN n0="%E3%82%A2%E3%83%A1%E3%82%A2%E3%83%A9%E3%83%AC" n1="%52%61%69%61%6E%2E" n2="%E3%80%93%E3%81%97%E3%83%BC%E3%82%89%E3%80%93" n3="%E3%81%BF%E3%81%BF%E3%81%9A" dan="16,16,16,18" rate="2051.98,2023.82,2145.60,2254.23" sx="M,M,M,M"/><TAIKYOKU oya="0"/><INIT seed="0,0,0,5,4,134" ten="250,250,250,250" oya="0" hai0="43,61,127,47,17,95,52,94,32,90,133,28,58" hai1="15,29,16,128,101,113,116,25,132,0,42,68,81" hai2="88,75,73,2,22,79,98,48,78,114,109,123,53" hai3="37,130,55,99,118,108,41,111,51,39,125,20,33"/><T121/><D121/><U122/><E122/><V26/><F2/><W64/><G33/><T24/><D133/><U8/><E116/><V131/><F123/><W11/><G118/><T107/><D107/><U135/><E68/><V40/><F114/><W57/><G130/><T54/><D127/><U6/><E128/><V106/><F131/><W100/><G20/><T23/><D54/><U56/><E113/><V97/><F40/><W3/><G64/><T82/><D82/><U38/><E101/><V36/><F36/><W115/><G115/><T117/><D117/><U110/><E110/><N who="3" m="42026" /><G41/><T30/><D32/><U103/><E103/><V83/><F109/><W5/><G125/><T21/><D21/><N who="1" m="11423" /><E56/><V80/><F106/><AGARI ba="0,0" hai="3,5,11,37,39,51,55,57,99,100,106" m="42026" machi="106" ten="30,1000,0" yaku="14,1" doraHai="134" who="3" fromWho="2" sc="250,0,250,0,250,-10,250,10" /><INIT seed="1,0,0,2,0,130" ten="250,250,240,260" oya="1" hai0="75,118,66,109,46,61,44,18,93,94,123,113,69" hai1="62,133,134,32,9,79,74,92,27,90,106,59,23" hai2="102,81,127,115,111,56,103,101,105,76,108,26,82" hai3="65,55,85,52,78,39,125,121,29,19,89,20,30"/><U60/><E106/><V22/><F127/><W45/><G121/><T48/><D113/><U3/><E32/><V33/><F33/><W107/><G125/><T16/><D118/><U114/><E114/><V116/><F115/><W87/><G107/><T72/><D109/><N who="2" m="42058" /><F116/><W68/><G68/><T54/><D123/><U10/><E79/><V28/><F105/><W14/><G65/><T112/><D112/><U63/><E74/><V67/><F76/><W104/><G104/><T1/><D1/><U35/><E35/><V25/><F25/><W47/><G39/><T4/><D4/><U5/><E59/><V70/><F70/><W49/><G78/><T51/><D75/><U132/><E9/><V122/><F122/><W13/><G13/><T99/><D72/><U126/><E126/><V41/><F41/><W31/><G89/><T131/><D131/><U21/><E27/><V95/><F95/><W64/><G64/><T15/><D15/><U8/><E10/><V43/><F43/><W119/><G119/><T7/><D7/><U97/><AGARI ba="0,0" hai="3,5,8,21,23,60,62,63,90,92,97,132,133,134" machi="97" ten="40,12000,1" yaku="0,1,20,1,52,3" doraHai="130" who="1" fromWho="1" sc="250,-40,250,120,240,-40,260,-40" /><INIT seed="1,1,0,5,5,48" ten="210,370,200,220" oya="1" hai0="47,43,70,23,59,122,7,15,18,126,106,79,123" hai1="69,61,107,75,130,17,37,28,91,42,110,36,49" hai2="5,117,66,116,119,95,101,9,85,92,80,121,74" hai3="12,14,125,21,63,87,3,13,135,76,82,51,127"/><U133/><E107/><V25/><F121/><N who="0" m="46090" /><D70/><U103/><E103/><V102/><F66/><W84/><G3/><T96/><D126/><N who="3" m="48137" /><G135/><T2/><D79/><U54/><E75/><V104/><F25/><W113/><G113/><T114/><D114/><U41/><E28/><V8/><F74/><N who="3" m="43287" /><G63/><T109/><D109/><U26/><E91/><V94/><F104/><W120/><G120/><T134/><D134/><U35/><E133/><V33/><F33/><W38/><G38/><N who="0" m="22007" /><D59/><U4/><E35/><V6/><F80/><W57/><G21/><T44/><D44/><U97/><E110/><V73/><F85/><W99/><G99/><T34/><D34/><U86/><E97/><V124/><F73/><W98/><G98/><T105/><D96/><U19/><E86/><V68/><F68/><W118/><G118/><T132/><D132/><U72/><E72/><V27/><F27/><W22/><G22/><T90/><D90/><U29/><E69/><V65/><F65/><W108/><G108/><T112/><D112/><U55/><E36/><V40/><F40/><W30/><G30/><T1/><D1/><U131/><E37/><V77/><F77/><W50/><G57/><T71/><D71/><U46/><E29/><V58/><F58/><W88/><G84/><T81/><D81/><AGARI ba="1,0" hai="12,13,14,50,51,81,87,88" m="43287,48137" machi="81" ten="30,2000,0" yaku="18,1,54,1" doraHai="48" who="3" fromWho="0" sc="210,-23,370,0,200,0,220,23" /><INIT seed="2,0,0,2,3,28" ten="187,370,200,243" oya="2" hai0="26,20,133,119,114,12,120,44,60,22,94,1,56" hai1="24,118,30,41,5,85,34,0,88,47,76,93,57" hai2="132,130,122,18,32,67,54,121,92,87,75,51,39" hai3="42,108,2,14,116,126,46,38,84,99,125,109,134"/><V80/><F39/><W66/><G2/><T31/><D114/><U3/><E118/><V97/><F75/><W43/><G116/><T8/><D120/><U64/><E5/><V117/><F117/><W70/><G134/><T78/><D1/><U10/><E10/><V79/><F132/><W37/><G84/><T48/><D119/><U15/><E15/><V36/><F36/><W9/><G99/><T61/><D133/><U124/><E76/><V107/><F107/><W73/><G73/><T59/><D78/><U62/><E124/><N who="3" m="47722" /><G14/><T131/><D131/><U50/><AGARI ba="0,0" hai="0,3,24,30,34,41,47,50,57,62,64,85,88,93" machi="50" ten="20,5200,0" yaku="0,1,7,1,52,1,54,1" doraHai="28" who="1" fromWho="1" sc="187,-13,370,52,200,-26,243,-13" /><INIT seed="3,0,0,3,0,88" ten="174,422,174,230" oya="3" hai0="98,12,63,10,15,127,1,94,117,115,81,28,27" hai1="47,93,20,128,35,59,31,105,85,24,80,99,18" hai2="111,30,38,17,62,132,25,82,45,9,68,14,97" hai3="83,39,54,6,26,87,41,113,3,125,48,72,91"/><W2/><G113/><T129/><D117/><U84/><E105/><V109/><F132/><W67/><G67/><T21/><D129/><U118/><E128/><V114/><F114/><W11/><G125/><T40/><D127/><U16/><E118/><V7/><F97/><W46/><G26/><T92/><D115/><U29/><E29/><V95/><F95/><N who="0" m="36394" /><D1/><U76/><E84/><V89/><F89/><W102/><G102/><T86/><D98/><U135/><E135/><V8/><F82/><W51/><G72/><T49/><D63/><U57/><E47/><V64/><F45/><W131/><G131/><T5/><D15/><U79/><E76/><V36/><F111/><W50/><G2/><T0/><D0/><U110/><E110/><V108/><F109/><W55/><AGARI ba="0,0" hai="3,6,11,39,41,46,48,50,51,54,55,83,87,91" machi="55" ten="30,1500,0" yaku="0,1" doraHai="88" who="3" fromWho="3" sc="174,-5,422,-5,174,-5,230,15" /><INIT seed="3,1,0,2,3,118" ten="169,417,169,245" oya="3" hai0="128,125,54,113,86,121,114,93,16,11,7,110,4" hai1="83,135,6,62,109,123,96,116,108,106,73,40,13" hai2="44,85,3,35,36,69,63,101,23,67,80,132,30" hai3="89,103,66,38,68,112,79,124,115,117,21,41,1"/><W120/><G117/><T27/><D110/><N who="1" m="42603" /><E123/><V43/><F3/><W34/><G21/><T18/><D128/><U45/><E135/><V61/><F132/><W19/><G19/><N who="0" m="7211" /><D125/><U48/><E116/><V84/><F23/><W59/><G89/><T102/><D54/><U29/><E29/><V31/><F35/><W15/><G15/><T111/><D111/><U49/><E62/><V22/><F22/><W2/><G79/><T99/><D86/><U52/><E73/><V95/><F63/><W60/><G103/><T42/><D11/><N who="1" m="4343" /><E83/><V28/><REACH who="2" step="1"/><F80/><REACH who="2" ten="169,417,159,245" step="2"/><W77/><G34/><T74/><D121/><U65/><E65/><V33/><F33/><W87/><G60/><T100/><D113/><U97/><E106/><V104/><F104/><W50/><G1/><T10/><D114/><U56/><AGARI ba="1,1" hai="40,45,48,49,52,56,96,97" m="4343,42603" machi="56" ten="30,2000,0" yaku="14,1,54,1" doraHai="118" who="1" fromWho="1" sc="169,-6,417,33,159,-6,245,-11" owari="163,-23.7,450,55.0,153,-34.7,234,3.4" /></mjloggm>