<mjloggm ver="2.3"><GO type="225" lobby="0"/><UN n0="%E9%89%A2%E5%B7%BB%E3%82%AC%E3%83%96" n1="%E3%81%86%E3%83%BC%E3%81%B1%E3%83%BC" n2="%E9%B3%B3%E6%9D%B1%E3%81%AE%E3%81%86%E3%81%95%E3%81%8E%E3%81%95%E3%82%93" n3="%E3%82%82%E3%81%90%E3%82%89" dan="16,16,17,17" rate="2054.88,2132.51,2276.87,2230.57" sx="M,F,M,M"/><TAIKYOKU oya="0"/><INIT seed="0,0,0,5,0,14" ten="250,250,250,250" oya="0" hai0="74,129,28,79,34,132,16,78,4,85,9,13,126" hai1="36,80,104,41,118,32,44,109,133,120,99,0,53" hai2="27,94,17,116,61,107,25,100,62,101,33,84,102" hai3="52,121,19,50,23,40,81,12,63,60,91,115,92"/><T37/><D37/><U35/><E120/><V103/><F116/><W77/><G115/><T70/><D70/><U59/><E118/><V43/><F107/><W108/><G108/><T11/><D74/><U124/><E109/><V56/><F43/><W113/><G113/><T15/><D126/><U111/><E111/><V22/><F33/><W134/><G134/><T26/><D132/><U31/><E124/><V75/><F75/><W68/><G68/><T49/><D129/><U93/><E104/><V125/><F125/><W112/><G121/><T119/><D119/><U18/><E0/><V24/><F61/><W87/><G40/><T10/><D10/><U51/><E31/><V97/><REACH who="2" step="1"/><F84/><REACH who="2" ten="250,250,240,250" step="2"/><N who="3" m="52327" /><G112/><T76/><REACH who="0" step="1"/><D49/><REACH who="0" ten="240,250,240,250" step="2"/><U69/><E133/><V106/><F106/><W135/><G135/><T30/><D30/><U117/><E117/><V73/><F73/><W114/><G114/><T46/><D46/><AGARI ba="0,2" hai="12,19,23,46,50,52,60,63,77,81,87" m="52327" machi="46" ten="30,3900,0" yaku="8,1,52,1,54,1" doraHai="14" who="3" fromWho="0" sc="240,-39,250,0,240,0,250,59" /><INIT seed="1,0,0,0,0,111" ten="201,250,240,309" oya="1" hai0="129,44,125,59,53,68,64,108,55,2,8,20,28" hai1="12,45,52,133,5,43,70,33,58,39,81,22,122" hai2="112,66,0,40,97,110,90,115,37,3,47,114,116" hai3="60,132,134,16,65,99,117,121,87,92,103,73,7"/><U91/><E122/><V82/><F110/><W57/><G73/><T19/><D108/><U34/><E133/><N who="3" m="51306" /><G121/><T124/><D129/><U107/><E70/><V54/><F116/><W23/><G117/><T63/><D28/><U24/><E107/><V109/><F109/><W76/><G7/><T123/><D8/><U96/><E12/><V88/><F66/><W9/><G9/><T35/><D35/><U36/><E36/><V51/><F82/><N who="3" m="47559" /><G23/><T26/><D2/><N who="2" m="554" /><F97/><W15/><G15/><T17/><D123/><U56/><E56/><AGARI ba="0,0" hai="37,40,47,51,54,56,88,90,112,114,115" m="554" machi="56" ten="40,8000,1" yaku="11,1,52,3,54,1" doraHai="111" who="2" fromWho="1" sc="201,0,250,-80,240,80,309,0" /><INIT seed="2,0,0,0,2,94" ten="201,170,320,309" oya="2" hai0="91,59,21,2,67,132,110,78,124,37,58,102,114" hai1="99,90,61,105,63,103,100,56,46,50,74,28,53" hai2="118,96,6,9,128,117,133,16,80,115,0,88,126" hai3="25,15,12,123,51,71,131,47,45,65,54,135,69"/><V108/><F115/><W23/><G123/><T66/><D114/><U3/><E3/><V52/><F128/><W24/><G131/><T34/><D2/><U17/><E74/><V22/><F133/><W13/><G135/><T7/><D132/><U38/><E28/><V14/><F126/><W11/><G11/><T19/><D21/><U1/><E1/><V20/><F108/><W72/><G72/><T130/><D7/><U35/><E35/><V42/><F42/><W60/><G25/><T104/><D91/><U84/><E100/><V33/><F33/><W30/><REACH who="3" step="1"/><G47/><REACH who="3" ten="201,170,320,299" step="2"/><T134/><D134/><U82/><REACH who="1" step="1"/><E17/><REACH who="1" ten="201,160,320,299" step="2"/><V36/><F16/><W127/><G127/><T85/><D19/><U120/><E120/><V48/><F0/><W26/><G26/><T29/><D124/><U121/><E121/><V32/><F14/><W68/><AGARI ba="0,2" hai="12,13,15,23,24,30,45,51,54,60,65,68,69,71" machi="68" ten="30,2000,0" yaku="1,1,0,1,53,0" doraHai="94" doraHaiUra="106" who="3" fromWho="3" sc="201,-5,160,-5,320,-10,299,40" /><INIT seed="3,0,0,5,2,49" ten="196,155,310,339" oya="3" hai0="36,106,73,24,87,124,84,34,105,1,45,12,52" hai1="29,53,66,6,79,111,78,32,100,40,101,55,54" hai2="107,13,80,128,86,82,3,117,41,95,25,69,59" hai3="14,113,116,63,85,119,118,127,18,43,92,9,123"/><W103/><G123/><T122/><D122/><U46/><E111/><V90/><F117/><W10/><G113/><T16/><D1/><U125/><E125/><V104/><F69/><W62/><G127/><T0/><D0/><U60/><E6/><V37/><F3/><W68/><G68/><T121/><D121/><U72/><E32/><V27/><F128/><W134/><G134/><T81/><D73/><U31/><E72/><V114/><F114/><W33/><G33/><T56/><D124/><U97/><E40/><V129/><F129/><W17/><G43/><T5/><D45/><U99/><E46/><V15/><F37/><W7/><G18/><T28/><D5/><U8/><E8/><V47/><F104/><W22/><G10/><T94/><D94/><U96/><E66/><V112/><F107/><W76/><G76/><N who="1" m="29226" /><E60/><V44/><F112/><W21/><G21/><T91/><D84/><U110/><E110/><V38/><F44/><W120/><G120/><T71/><D71/><U98/><N who="1" m="24576" /><DORA hai="74" /><U11/><E11/><V93/><F38/><W58/><G63/><T19/><D36/><U102/><AGARI ba="0,0" hai="29,31,53,54,55,100,101,102" m="24576,29226" machi="102" ten="50,24000,4" yaku="29,2,28,2,8,1,52,6" doraHai="49,74" who="1" fromWho="1" sc="196,-60,155,240,310,-60,339,-120" owari="136,-36.4,395,49.5,250,5.0,219,-18.1" /></mjloggm>