<mjloggm ver="2.3"><GO type="225" lobby="0"/><UN n0="%E7%99%BD%E8%8F%9C%E6%9D%A5%E6%89%93%E9%BA%BB%E5%B0%86%E4%BA%86" n1="%6D%75%75%6D%75%72%61" n2="%72%69%6F%75%63%68%61%6E" n3="%72%61%6B%33" dan="16,16,16,16" rate="2121.39,2140.97,2138.86,2158.55" sx="F,F,M,M"/><TAIKYOKU oya="0"/><INIT seed="0,0,0,3,4,21" ten="250,250,250,250" oya="0" hai0="90,31,9,77,11,89,71,56,38,134,88,117,52" hai1="132,94,16,112,7,70,131,124,100,18,29,40,19" hai2="2,26,128,108,69,20,86,98,103,54,83,28,10" hai3="116,37,106,14,95,109,82,36,51,1,41,110,15"/><T65/><D117/><U34/><E70/><V58/><F108/><W13/><G106/><T79/><D38/><U8/><E40/><V121/><F128/><W22/><G1/><T66/><D134/><U114/><E131/><V122/><F69/><W135/><G116/><T97/><D31/><U91/><E100/><V78/><F2/><W74/><G135/><T33/><D33/><U102/><E102/><V105/><REACH who="2" step="1"/><F10/><REACH who="2" ten="250,250,240,250" step="2"/><N who="0" m="3594" /><D71/><U60/><E132/><V115/><F115/><W133/><G133/><T81/><D97/><U3/><E112/><V42/><F42/><W48/><G41/><T72/><D72/><U5/><E114/><V99/><F99/><W61/><G74/><T12/><D12/><U0/><E0/><V73/><F73/><W6/><G13/><T104/><D104/><U63/><E3/><V25/><F25/><W76/><G14/><T55/><D81/><U32/><E8/><V57/><F57/><W39/><G15/><T27/><D27/><U87/><E5/><V50/><AGARI ba="0,1" hai="20,26,28,50,54,58,78,83,86,98,103,105,121,122" machi="50" ten="20,5200,0" yaku="1,1,0,1,7,1,52,1,53,0" doraHai="21" doraHaiUra="125" who="2" fromWho="2" sc="250,-26,250,-13,240,62,250,-13" /><INIT seed="1,0,0,0,0,64" ten="224,237,302,237" oya="1" hai0="99,34,67,56,105,55,85,87,131,25,79,127,13" hai1="7,86,0,4,52,97,71,48,20,119,93,96,27" hai2="81,49,92,113,135,15,22,35,111,9,70,124,24" hai3="45,65,18,72,112,80,114,82,122,110,104,74,19"/><U98/><E119/><V132/><F111/><W43/><G65/><T28/><D131/><U126/><E126/><V107/><F107/><W21/><G104/><T116/><D116/><U11/><E4/><V91/><F124/><W6/><G6/><T134/><D134/><U89/><E71/><V78/><F35/><W16/><G21/><T26/><D127/><U53/><REACH who="1" step="1"/><E48/><REACH who="1" ten="224,227,302,237" step="2"/><V84/><F70/><W128/><G128/><T118/><D118/><U95/><E95/><V1/><F113/><W44/><G110/><T29/><D105/><U41/><E41/><V69/><F69/><W63/><G43/><T101/><D34/><U37/><E37/><V75/><F49/><W106/><G106/><T50/><D50/><U90/><E90/><V58/><F1/><W57/><G114/><T123/><D123/><U103/><E103/><V130/><F130/><W125/><G122/><T59/><D101/><U102/><E102/><V109/><F109/><W14/><G112/><T2/><D2/><U47/><E47/><V31/><REACH who="2" step="1"/><F58/><REACH who="2" ten="224,227,292,237" step="2"/><W61/><G57/><T23/><D59/><U40/><E40/><V88/><F88/><W66/><G125/><T30/><D56/><U51/><E51/><V8/><F8/><W3/><G3/><T38/><D38/><U60/><E60/><V76/><F76/><W73/><G66/><T120/><D67/><U77/><E77/><V39/><F39/><W5/><G61/><T115/><D79/><U129/><E129/><V62/><F62/><W17/><N who="3" m="4096" /><DORA hai="10" /><W68/><G63/><T100/><D115/><U133/><E133/><RYUUKYOKU ba="0,2" sc="224,-15,227,15,292,15,237,-15" hai1="0,7,11,20,27,52,53,86,89,93,96,97,98" hai2="9,15,22,24,31,75,78,81,84,91,92,132,135" /><INIT seed="1,1,2,2,4,89" ten="209,242,307,222" oya="1" hai0="79,21,84,40,128,41,130,98,82,70,42,17,120" hai1="4,58,125,25,44,30,69,77,9,7,27,101,124" hai2="3,45,65,24,66,118,29,92,53,86,119,81,117" hai3="50,39,121,5,105,102,132,67,90,14,73,46,76"/><U10/><E69/><V100/><F3/><W115/><G121/><T83/><D120/><U23/><E77/><V71/><F71/><W134/><G115/><T75/><D70/><U34/><E101/><V1/><F1/><W61/><G39/><T110/><D98/><U80/><E58/><V114/><F114/><W36/><G36/><T116/><D116/><U19/><E80/><V72/><F72/><W8/><G90/><T26/><REACH who="0" step="1"/><D110/><REACH who="0" ten="199,242,307,222" step="2"/><U126/><E44/><V2/><F45/><W28/><G46/><T123/><D123/><U37/><E37/><V78/><F119/><W131/><G105/><T16/><D16/><U135/><E135/><V93/><F118/><W15/><G134/><T38/><D38/><U113/><E113/><V43/><F117/><W56/><G132/><T52/><D52/><U48/><E48/><V59/><F43/><W122/><G50/><T99/><D99/><U49/><E49/><V96/><F2/><W106/><G122/><T0/><D0/><U51/><E51/><V12/><F53/><W133/><G106/><T91/><AGARI ba="1,3" hai="17,21,26,40,41,42,75,79,82,83,84,91,128,130" machi="91" ten="30,2000,0" yaku="1,1,0,1,53,0" doraHai="89" doraHaiUra="32" who="0" fromWho="0" sc="199,53,242,-11,307,-6,222,-6" /><INIT seed="2,0,0,4,4,76" ten="252,231,301,216" oya="2" hai0="52,63,24,25,75,100,85,50,88,104,102,109,112" hai1="40,32,30,47,54,133,42,94,10,121,23,119,34" hai2="73,135,127,78,27,79,13,51,134,14,111,120,29" hai3="53,108,70,96,80,15,72,43,66,105,11,129,124"/><V59/><F120/><W61/><G108/><T65/><D75/><U8/><E119/><V20/><F127/><W98/><G124/><T16/><D112/><U0/><E121/><V6/><F111/><W33/><G33/><T48/><D109/><U68/><E68/><V74/><F79/><W57/><G129/><T37/><D37/><U95/><E133/><N who="2" m="50699" /><F6/><W91/><G43/><T18/><D104/><U99/><E34/><V7/><F7/><W103/><G72/><N who="2" m="27753" /><F78/><W55/><G70/><T67/><D63/><U5/><E32/><V38/><F38/><W106/><G106/><T93/><D100/><U81/><E5/><V132/><N who="2" m="50707" /><V22/><DORA hai="113" /><F20/><W97/><G103/><T130/><D102/><U31/><E23/><V126/><F126/><W60/><G105/><T125/><D125/><U44/><E0/><V2/><F2/><W107/><G60/><T82/><D130/><U21/><E21/><V83/><F83/><W101/><G101/><T77/><D77/><U39/><E39/><V35/><F35/><W56/><G107/><T3/><D82/><U131/><E81/><V26/><F26/><N who="0" m="10346" /><D3/><U64/><E131/><V9/><F9/><W84/><REACH who="3" step="1"/><G56/><REACH who="3" ten="252,231,301,206" step="2"/><N who="0" m="32775" /><D50/><U87/><E8/><V62/><F51/><W90/><G90/><T118/><D118/><U46/><E10/><V1/><F1/><W110/><G110/><T123/><D123/><U122/><E122/><V4/><F4/><AGARI ba="0,1" hai="4,11,15,53,55,57,61,66,80,84,91,96,97,98" machi="4" ten="40,5200,0" yaku="1,1,8,1,52,1,53,0" doraHai="76,113" doraHaiUra="45,89" who="3" fromWho="2" sc="252,0,231,0,301,-52,206,62" /><INIT seed="3,0,0,3,5,87" ten="252,231,249,268" oya="3" hai0="48,98,92,91,45,27,110,58,33,15,77,10,24" hai1="30,11,65,40,133,21,78,8,25,57,84,111,51" hai2="3,74,38,68,103,99,109,59,13,1,52,135,56" hai3="93,70,85,62,114,34,60,41,69,118,26,67,4"/><W23/><G114/><T50/><D110/><U39/><E111/><V43/><F68/><W6/><G118/><T90/><D77/><U82/><E133/><V83/><F109/><W94/><G34/><T19/><D33/><U81/><E39/><V75/><F135/><W32/><G32/><T20/><D58/><U115/><E115/><V97/><F13/><W107/><G107/><T54/><D50/><U126/><E126/><V79/><F74/><W116/><G41/><T131/><D131/><U9/><E40/><V5/><F56/><W44/><G44/><T127/><D127/><U96/><E96/><V102/><F5/><W123/><G123/><T2/><D2/><U28/><E81/><V104/><F43/><W16/><G116/><T47/><D47/><U71/><E71/><V46/><F46/><W124/><G124/><T49/><D48/><U7/><E51/><V113/><F38/><W128/><G128/><T121/><D121/><U35/><E35/><V130/><F113/><W18/><G85/><T12/><REACH who="0" step="1"/><D91/><REACH who="0" ten="242,231,249,268" step="2"/><U14/><REACH who="1" step="1"/><E30/><REACH who="1" ten="242,221,249,268" step="2"/><V125/><F125/><W36/><G36/><T108/><D108/><U112/><E112/><V53/><F130/><W76/><G70/><T117/><D117/><U61/><AGARI ba="0,2" hai="7,8,9,11,14,21,25,28,57,61,65,78,82,84" machi="61" ten="30,7900,0" yaku="1,1,0,1,8,1,53,1" doraHai="87" doraHaiUra="72" who="1" fromWho="1" sc="242,-20,221,99,249,-20,268,-39" owari="222,-27.8,320,42.0,229,2.9,229,-17.1" /></mjloggm>