<mjloggm ver="2.3"><GO type="225" lobby="0"/><UN n0="%6E%69%63%6B%6C%6F%77" n1="%E3%81%AF%E3%82%88%E3%81%8A%E3%81%98%E3%81%95%E3%82%93" n2="%E3%82%BC%E3%83%AB%E3%83%80%E3%81%AE%E4%BC%9D%E8%AA%AC" n3="%6D%75%75%6D%75%72%61" dan="16,17,16,16" rate="2121.72,2202.74,2165.80,2203.67" sx="F,M,M,F"/><TAIKYOKU oya="0"/><INIT seed="0,0,0,0,3,132" ten="250,250,250,250" oya="0" hai0="20,130,17,124,115,41,2,39,57,70,22,62,4" hai1="65,5,34,13,90,36,27,37,133,15,18,122,94" hai2="134,131,3,61,109,96,93,82,38,116,102,85,26" hai3="113,19,24,87,114,59,127,125,66,64,84,110,89"/><T105/><D115/><U6/><E122/><V72/><F38/><W111/><G19/><T95/><D105/><U40/><E133/><V120/><F134/><W0/><G24/><T68/><D22/><U71/><E65/><N who="3" m="25194" /><G59/><T112/><D112/><N who="3" m="43113" /><G0/><T63/><D63/><U106/><E106/><V31/><F3/><W107/><G107/><T91/><D39/><U92/><E71/><V55/><F120/><W81/><G87/><T29/><D41/><U67/><E67/><V10/><F72/><W45/><G45/><T32/><D29/><U48/><E48/><V121/><F121/><W33/><G33/><T123/><D32/><U76/><E76/><V103/><F116/><W53/><G53/><T16/><D17/><U46/><E37/><V44/><F44/><W14/><G14/><T28/><D28/><U75/><E75/><V100/><F10/><W50/><G50/><T128/><D123/><U11/><E34/><V101/><F55/><W73/><G73/><T56/><D56/><U58/><E58/><V1/><F1/><W42/><G42/><T83/><D57/><U118/><E118/><V12/><F61/><W35/><G35/><T47/><D62/><U98/><E27/><V79/><F12/><W54/><G54/><T69/><D47/><U21/><E5/><V7/><F7/><W52/><G52/><T8/><D83/><U108/><E94/><V135/><F135/><W49/><G49/><T104/><D104/><U119/><E119/><V60/><F60/><W9/><G9/><T97/><D8/><N who="1" m="4247" /><E21/><N who="2" m="15823" /><F109/><AGARI ba="0,0" hai="81,84,89,109,110,111,125,127" m="43113,25194" machi="109" ten="40,5200,0" yaku="14,1,52,2" doraHai="132" who="3" fromWho="2" sc="250,0,250,0,250,-52,250,52" /><INIT seed="1,0,0,1,2,123" ten="250,250,198,302" oya="1" hai0="79,55,72,26,115,23,124,132,77,134,25,56,82" hai1="81,114,10,87,97,41,92,9,43,44,35,96,86" hai2="20,70,76,120,24,8,107,90,125,17,29,36,85" hai3="112,129,58,5,135,113,68,110,7,6,66,102,83"/><U11/><E114/><V21/><F125/><W34/><G68/><T1/><D115/><U73/><E35/><V45/><F120/><W108/><G34/><T98/><D124/><U42/><E44/><V3/><F70/><W104/><G129/><T100/><D1/><U46/><E46/><V69/><F69/><W101/><G135/><T14/><D77/><U89/><REACH who="1" step="1"/><E73/><REACH who="1" ten="250,240,198,302" step="2"/><V13/><F107/><W52/><G112/><T93/><D134/><U106/><E106/><V111/><F111/><N who="3" m="42539" /><G104/><T18/><REACH who="0" step="1"/><D132/><REACH who="0" ten="240,240,198,302" step="2"/><U15/><E15/><V54/><F3/><W128/><G113/><T105/><D105/><U122/><E122/><V99/><F13/><W27/><G128/><T131/><D131/><U33/><E33/><V119/><F119/><W53/><G27/><T95/><D95/><U91/><AGARI ba="0,2" hai="9,10,11,41,42,43,81,86,87,89,91,92,96,97" machi="91" ten="40,7800,0" yaku="1,1,0,1,8,1,53,0" doraHai="123" doraHaiUra="57" who="1" fromWho="1" sc="240,-26,240,98,198,-26,302,-26" /><INIT seed="1,1,0,2,2,14" ten="214,338,172,276" oya="1" hai0="62,6,126,123,108,65,90,45,132,41,87,89,92" hai1="122,36,93,109,71,96,4,53,9,23,81,10,35" hai2="26,129,106,32,44,31,83,15,91,56,82,75,98" hai3="13,66,134,49,72,33,30,85,130,135,57,55,119"/><U24/><E122/><V19/><F129/><W18/><G72/><T70/><D123/><U51/><E36/><V105/><F56/><W128/><G66/><T54/><D108/><U95/><E71/><V34/><F34/><W76/><G33/><T111/><D111/><U63/><E35/><V80/><F75/><W25/><G76/><T50/><D126/><U69/><E109/><V67/><F67/><W3/><G3/><T21/><D132/><N who="3" m="50729" /><G85/><T12/><D90/><U38/><E38/><V29/><F29/><W99/><G99/><T104/><D104/><U94/><E63/><V58/><F58/><W107/><G107/><T88/><D89/><U127/><E69/><V11/><REACH who="2" step="1"/><F44/><REACH who="2" ten="214,338,162,276" step="2"/><W48/><G128/><T133/><D133/><U68/><E68/><V20/><F20/><N who="3" m="15655" /><G130/><T118/><D118/><U77/><E23/><V84/><F84/><W5/><G119/><T47/><D47/><U42/><E127/><V7/><F7/><W124/><G124/><T27/><D6/><U17/><E4/><V16/><F16/><W78/><G5/><T2/><D2/><U61/><E17/><V86/><F86/><W112/><G112/><T110/><D110/><U46/><E46/><V79/><F79/><W43/><G78/><T117/><D117/><U114/><E77/><V131/><F131/><W115/><G115/><T37/><D37/><U73/><E114/><V59/><F59/><W101/><G49/><T113/><D113/><U125/><E125/><V100/><F100/><W39/><G101/><T28/><D54/><U121/><E53/><V120/><F120/><RYUUKYOKU ba="1,1" sc="214,15,338,-15,162,15,276,-15" hai0="12,21,27,28,41,45,50,62,65,70,87,88,92" hai2="11,15,19,26,31,32,80,82,83,91,98,105,106" /><INIT seed="2,2,1,1,4,116" ten="229,323,177,261" oya="2" hai0="121,129,87,114,99,120,55,25,94,135,90,39,19" hai1="61,16,56,4,83,96,10,30,35,125,73,40,54" hai2="14,34,133,79,126,38,48,15,75,88,33,44,57" hai3="115,23,27,2,70,50,91,128,47,117,69,109,106"/><V110/><F126/><W26/><G117/><T66/><D114/><U111/><E125/><V59/><F133/><W12/><G115/><T102/><D135/><U52/><E111/><V67/><F110/><W93/><G109/><T85/><D39/><U24/><E40/><V124/><F124/><W18/><G106/><T0/><D0/><U9/><E96/><V122/><F38/><W46/><G2/><T28/><D129/><U29/><E29/><V82/><F122/><W51/><G128/><T7/><D7/><U131/><E131/><V5/><F34/><W98/><G69/><T107/><D66/><U17/><E54/><V76/><F33/><W43/><G70/><T72/><D72/><U104/><E104/><V41/><F5/><W81/><G81/><T64/><D19/><U42/><E42/><AGARI ba="2,1" hai="12,18,23,26,27,42,43,46,47,50,51,91,93,98" machi="42" ten="30,3900,0" yaku="7,1,9,1,8,1" doraHai="116" who="3" fromWho="1" sc="229,0,323,-45,177,0,261,55" /><INIT seed="3,0,0,5,2,86" ten="229,278,177,316" oya="3" hai0="122,135,27,53,57,40,73,112,91,84,125,24,113" hai1="103,12,4,111,38,78,10,96,34,54,16,104,116" hai2="63,123,80,29,101,117,79,14,65,6,5,23,68" hai3="13,62,110,56,100,115,66,9,99,69,92,67,55"/><W90/><G115/><N who="0" m="44107" /><D122/><U132/><E34/><V44/><F117/><W11/><G110/><T71/><D73/><U36/><E111/><V46/><F123/><W85/><G69/><T127/><D40/><U37/><E116/><V120/><F120/><W50/><G50/><N who="0" m="30903" /><D71/><U28/><E28/><V33/><F46/><W102/><G9/><T47/><D47/><U129/><E129/><V31/><F44/><W128/><G128/><T107/><D107/><U76/><E132/><V49/><F49/><W2/><G2/><T70/><D70/><U124/><E124/><N who="0" m="47689" /><D135/><U106/><E106/><V22/><F33/><W98/><G67/><T108/><D108/><U74/><E74/><V30/><F101/><N who="3" m="39019" /><G66/><T8/><D8/><U19/><E54/><V88/><F79/><W48/><G48/><T58/><D58/><U7/><E78/><V35/><F35/><W131/><G131/><T15/><D15/><U83/><E4/><AGARI ba="0,0" hai="4,11,13,55,56,62,85,90,92,98,99" m="39019" machi="4" ten="30,2900,0" yaku="8,1,52,1" doraHai="86" who="3" fromWho="1" sc="229,0,278,-29,177,0,316,29" owari="229,-17.1,249,4.9,177,-32.3,345,44.5" /></mjloggm>