<mjloggm ver="2.3"><GO type="225" lobby="0"/><UN n0="%E3%81%BE%E3%81%A8%E3%81%9F" n1="%E8%91%B5%E3%81%A1%E3%82%83%E3%82%93" n2="%4C%C3%97%57%C3%97%4C" n3="%E9%89%A2%E5%B7%BB%E3%82%AC%E3%83%96" dan="16,17,18,16" rate="2159.51,2182.67,2151.32,2095.68" sx="M,F,M,M"/><TAIKYOKU oya="0"/><INIT seed="0,0,0,5,0,56" ten="250,250,250,250" oya="0" hai0="134,50,2,101,23,11,42,99,85,58,14,116,79" hai1="32,109,70,21,100,120,103,74,113,119,15,65,29" hai2="115,47,111,78,18,130,59,95,98,71,28,89,16" hai3="20,81,25,135,122,43,91,37,76,87,44,112,13"/><T75/><D116/><U125/><E74/><V45/><F115/><W133/><G112/><T26/><D2/><U94/><E113/><V66/><F71/><W107/><G122/><T31/><D75/><U30/><E119/><V80/><F28/><W108/><G108/><T77/><D85/><U6/><E120/><V62/><F111/><W106/><G13/><T123/><D123/><U27/><E109/><V69/><F69/><W118/><G118/><T39/><D39/><U104/><E125/><V102/><F102/><W8/><G8/><T92/><D134/><N who="3" m="51209" /><G76/><T53/><REACH who="0" step="1"/><D42/><REACH who="0" ten="240,250,250,250" step="2"/><U49/><E104/><V52/><F130/><W57/><G106/><T1/><D1/><U127/><E127/><V55/><F78/><W4/><G107/><T36/><D36/><U88/><E94/><V46/><F80/><W5/><G87/><T40/><D40/><U51/><E32/><V126/><F126/><W3/><G81/><T64/><D64/><U129/><E65/><V19/><AGARI ba="0,1" hai="16,18,19,45,46,47,52,55,59,62,66,89,95,98" machi="19" ten="30,8000,1" yaku="0,1,8,1,52,1,54,2" doraHai="56" who="2" fromWho="2" sc="240,-40,250,-20,250,90,250,-20" /><INIT seed="1,0,0,0,3,13" ten="200,230,340,230" oya="1" hai0="84,72,119,9,46,3,113,96,91,85,47,12,76" hai1="59,132,21,54,111,10,5,52,26,118,80,67,32" hai2="17,101,60,110,36,125,87,99,38,103,89,39,35" hai3="63,20,70,48,4,107,79,50,41,25,97,69,61"/><U133/><E118/><V62/><F35/><W33/><G33/><T104/><D113/><U82/><E32/><V66/><F110/><W45/><G79/><T23/><D119/><U120/><E120/><V15/><F125/><W92/><G107/><T109/><D109/><U115/><E67/><V58/><F62/><W55/><G4/><T105/><D3/><U11/><E115/><V30/><F30/><W129/><G129/><T98/><D72/><U112/><E112/><V43/><F43/><W106/><G106/><T28/><D76/><U116/><E116/><V8/><REACH who="2" step="1"/><F99/><REACH who="2" ten="200,230,330,230" step="2"/><W71/><G63/><T74/><D96/><U134/><E111/><V100/><F100/><W114/><G61/><T130/><D98/><U29/><E54/><V7/><F7/><W95/><G114/><T22/><D28/><U90/><E5/><V123/><F123/><W51/><G97/><T49/><D130/><U77/><E132/><V0/><F0/><W57/><REACH who="3" step="1"/><G51/><REACH who="3" ten="200,230,330,220" step="2"/><T131/><D105/><U94/><E134/><V64/><F64/><W14/><G14/><T1/><D49/><U88/><E133/><V135/><F135/><W19/><AGARI ba="0,2" hai="19,20,25,41,45,48,50,55,57,69,70,71,92,95" machi="19" ten="30,4000,0" yaku="1,1,0,1,52,1,53,0" doraHai="13" doraHaiUra="93" who="3" fromWho="3" sc="200,-10,230,-20,330,-10,220,60" /><INIT seed="2,0,0,2,0,67" ten="190,210,320,280" oya="2" hai0="2,100,66,54,62,116,128,53,41,92,123,23,43" hai1="112,132,3,121,87,8,69,90,13,111,81,16,45" hai2="96,95,14,0,40,134,105,46,28,127,10,125,133" hai3="103,65,106,108,104,4,102,80,98,58,85,82,135"/><V44/><F105/><W20/><G4/><T60/><D123/><U107/><E112/><V32/><F0/><W18/><G108/><T130/><D2/><U7/><E111/><V61/><F61/><N who="0" m="23658" /><D23/><U51/><E121/><V88/><F28/><W72/><G58/><T91/><D100/><U97/><E132/><N who="2" m="50795" /><F32/><W115/><G65/><T39/><D66/><U117/><E117/><V25/><F25/><W109/><G18/><T76/><D76/><U129/><E129/><N who="0" m="49769" /><D116/><U99/><E107/><V33/><F33/><W19/><G19/><T119/><D119/><U74/><E74/><V55/><F55/><N who="0" m="21002" /><D39/><U17/><E17/><N who="2" m="8407" /><F46/><W114/><G20/><T9/><D9/><U1/><E1/><V30/><F30/><W11/><G11/><T68/><D68/><U29/><E69/><V37/><AGARI ba="0,0" hai="37,40,44,88,95,96,125,127" m="8407,50795" machi="37" ten="30,3000,0" yaku="20,1,54,1" doraHai="67" who="2" fromWho="2" sc="190,-10,210,-10,320,30,280,-10" /><INIT seed="2,1,0,4,1,32" ten="180,200,350,270" oya="2" hai0="133,40,92,54,102,39,6,37,124,26,81,51,41" hai1="25,67,52,94,111,19,5,73,108,20,69,60,95" hai2="105,65,119,74,80,121,132,114,63,100,10,101,30" hai3="93,9,7,109,38,47,72,66,1,64,117,16,18"/><V71/><F114/><W29/><G117/><T103/><D6/><U33/><E73/><V43/><F119/><W78/><G109/><N who="1" m="42058" /><E33/><V55/><F121/><W116/><G29/><T118/><D26/><U115/><E115/><V122/><F43/><N who="3" m="23031" /><G93/><T8/><D8/><U90/><E5/><V110/><F122/><W45/><G45/><T13/><D13/><U127/><E127/><V61/><F30/><W21/><G116/><T97/><D124/><U126/><E126/><V82/><F105/><W46/><G46/><T113/><D113/><U59/><E90/><V79/><F10/><W89/><G89/><T104/><D104/><U68/><E68/><V35/><F35/><W28/><G28/><T58/><D133/><U48/><AGARI ba="1,0" hai="19,20,25,48,52,59,60,67,69,94,95" m="42058" machi="48" ten="30,2000,0" yaku="14,1,54,1" doraHai="32" who="1" fromWho="1" sc="180,-6,200,23,350,-11,270,-6" /><INIT seed="3,0,0,0,2,34" ten="174,223,339,264" oya="3" hai0="66,114,36,48,52,68,51,27,131,124,72,79,121" hai1="122,110,134,112,0,40,98,75,109,24,25,21,67" hai2="1,64,96,133,41,117,92,12,54,127,10,104,13" hai3="58,99,49,62,65,115,107,43,19,47,88,89,11"/><W30/><G115/><T132/><D121/><U50/><E75/><V26/><F104/><W38/><G30/><T5/><D124/><U63/><E112/><V100/><F127/><W118/><G118/><T20/><D114/><U2/><E122/><V70/><F41/><W55/><G19/><T90/><D132/><U95/><E134/><V45/><F26/><N who="1" m="10345" /><E21/><V123/><F117/><W8/><G107/><T14/><D36/><U97/><E50/><V23/><F133/><W6/><G99/><N who="1" m="37898" /><E95/><V76/><F23/><W91/><REACH who="3" step="1"/><G6/><REACH who="3" ten="174,223,339,254" step="2"/><T83/><D131/><U71/><E40/><V129/><F129/><W128/><G128/><T74/><D5/><U22/><E22/><V16/><F96/><W135/><G135/><T44/><D20/><U130/><E130/><V86/><F123/><W31/><G31/><T93/><D27/><U56/><E71/><AGARI ba="0,1" hai="8,11,38,43,47,49,55,58,62,65,71,88,89,91" machi="71" ten="40,12000,1" yaku="1,1,24,2,54,1,53,0" doraHai="34" doraHaiUra="29" who="3" fromWho="1" sc="174,0,223,-120,339,0,254,130" owari="174,-22.6,103,-39.7,339,13.9,384,48.4" /></mjloggm>