<mjloggm ver="2.3"><GO type="225" lobby="0"/><UN n0="%E9%81%85%E5%88%BB%E3%81%AE%E3%83%97%E3%83%AA%E3%83%B3%E3%82%B9%E2%99%AA" n1="%E5%80%89%E6%A9%8B%EF%BC%A0%E4%BA%8B%E5%8B%99" n2="%73%6C%69%63%6B%33%31%39" n3="%48%61%61%61%6C%61%6E%64" dan="16,16,16,17" rate="2180.27,2084.98,2190.73,2247.72" sx="F,M,M,M"/><TAIKYOKU oya="0"/><INIT seed="0,0,0,0,5,81" ten="250,250,250,250" oya="0" hai0="21,39,43,6,132,92,76,74,41,57,25,103,89" hai1="102,35,126,19,38,82,51,56,119,16,112,105,26" hai2="44,117,130,11,97,5,83,94,109,121,120,36,40" hai3="131,69,90,106,79,133,10,86,93,68,31,46,32"/><T114/><D114/><U49/><E38/><V107/><F109/><W99/><G131/><T59/><D132/><U91/><E119/><V27/><F130/><W72/><G133/><T98/><D6/><U7/><E126/><V104/><F117/><W64/><G46/><T61/><D39/><U33/><E7/><V1/><F27/><N who="3" m="18559" /><G10/><T85/><D76/><U54/><E112/><V12/><F12/><W127/><G127/><T101/><D74/><U123/><E123/><V122/><REACH who="2" step="1"/><F83/><REACH who="2" ten="250,250,240,250" step="2"/><N who="3" m="45543" /><G64/><T52/><D59/><U110/><E26/><V135/><F135/><W100/><AGARI ba="0,1" hai="68,69,86,90,93,99,100,106" m="45543,18559" machi="100" ten="30,2000,0" yaku="24,1,52,1" doraHai="81" who="3" fromWho="3" sc="250,-10,250,-5,240,-5,250,30" /><INIT seed="1,0,0,0,4,57" ten="240,245,235,280" oya="1" hai0="23,125,53,50,75,16,115,72,85,114,83,10,45" hai1="26,70,28,118,101,42,59,88,32,123,79,8,27" hai2="61,0,63,89,107,109,84,31,11,1,3,54,65" hai3="116,92,20,91,22,106,24,33,113,119,71,35,86"/><U49/><E118/><N who="3" m="45098" /><G113/><T39/><D125/><U30/><E123/><V37/><F107/><W15/><G106/><T134/><D134/><U14/><E70/><V103/><F103/><W74/><G74/><T12/><D39/><U56/><E101/><V124/><F37/><W6/><G71/><T58/><D58/><U132/><E132/><V52/><F124/><W38/><G38/><T111/><D111/><U77/><E42/><V100/><F100/><W29/><G6/><T19/><D115/><U129/><E129/><V67/><F109/><W78/><G78/><T120/><D120/><U4/><E88/><V108/><F108/><W34/><G20/><T36/><D36/><U122/><E122/><V2/><F31/><W95/><G92/><T62/><D62/><U25/><E25/><V97/><F97/><W17/><AGARI ba="0,0" hai="15,17,22,24,29,33,34,35,86,91,95" m="45098" machi="17" ten="30,1100,0" yaku="12,1" doraHai="57" who="3" fromWho="3" sc="240,-3,245,-5,235,-3,280,11" /><INIT seed="2,0,0,1,1,13" ten="237,240,232,291" oya="2" hai0="81,114,58,108,68,2,6,38,107,105,125,97,75" hai1="83,64,113,55,78,24,50,34,76,112,91,88,67" hai2="73,30,14,23,79,25,92,84,44,89,57,65,129" hai3="62,60,90,121,80,103,133,61,135,71,1,99,122"/><V51/><F129/><W11/><G71/><T116/><RYUUKYOKU type="yao9" ba="0,0" sc="237,0,240,0,232,0,291,0" hai0="2,6,38,58,68,75,81,97,105,107,108,114,116,125" /><INIT seed="2,1,0,0,2,16" ten="237,240,232,291" oya="2" hai0="40,20,131,107,118,61,60,15,55,67,125,52,18" hai1="8,100,99,135,69,46,82,25,101,108,122,50,130" hai2="41,2,27,3,127,53,66,115,80,11,7,76,123" hai3="10,129,90,83,124,91,112,103,71,94,36,132,95"/><V42/><F115/><W54/><G112/><T64/><D107/><U72/><E69/><V14/><F123/><W114/><G114/><T33/><D33/><U37/><E37/><V128/><F128/><W105/><G36/><T43/><D131/><U17/><E130/><V65/><F127/><W56/><G71/><T109/><D125/><U98/><E122/><V49/><F2/><W70/><G70/><T133/><D133/><U0/><E135/><V57/><F3/><W19/><G129/><T59/><D109/><U113/><E113/><V81/><F81/><W79/><G105/><T5/><D5/><U21/><E108/><V23/><F42/><N who="0" m="15914" /><D118/><U22/><E0/><V111/><F41/><W106/><G106/><T32/><D32/><U74/><E8/><V58/><F58/><AGARI ba="1,0" hai="15,18,20,52,55,58,59,60,61,64,67" m="15914" machi="58" ten="30,3900,0" yaku="8,1,52,1,54,1" doraHai="16" who="0" fromWho="2" sc="237,42,240,0,232,-42,291,0" /><INIT seed="3,0,0,1,3,97" ten="279,240,190,291" oya="3" hai0="104,32,107,55,64,112,57,70,49,106,125,87,134" hai1="40,72,50,83,10,102,18,5,1,3,123,76,24" hai2="14,65,51,59,48,8,115,71,135,35,88,36,66" hai3="39,54,101,109,84,67,45,23,103,117,7,127,108"/><W80/><G117/><T133/><D32/><U98/><E123/><V73/><F35/><W131/><G127/><T78/><D125/><U52/><E40/><V69/><F73/><W95/><G131/><T22/><D112/><U37/><E37/><V33/><F33/><W81/><G67/><N who="2" m="25609" /><F88/><N who="3" m="53639" /><G7/><T118/><D118/><U82/><E1/><V42/><F14/><W130/><G130/><T0/><D0/><U92/><E83/><N who="3" m="31818" /><G23/><T119/><D119/><U15/><E24/><V111/><F8/><W120/><G120/><T17/><D87/><U132/><E132/><N who="0" m="50793" /><D78/><U63/><E63/><V60/><F135/><W29/><G29/><T11/><D11/><U77/><E77/><V34/><F34/><W68/><G68/><N who="2" m="26185" /><F115/><W61/><G61/><N who="0" m="40207" /><D107/><U90/><E3/><V56/><F111/><N who="3" m="42571" /><G54/><T93/><D93/><U62/><E5/><V38/><F60/><W13/><G13/><AGARI ba="0,0" hai="13,17,22,49,55,57,104,106" m="40207,50793" machi="13" ten="30,1000,0" yaku="20,1" doraHai="97" who="0" fromWho="3" sc="279,10,240,0,190,0,291,-10" /><INIT seed="4,0,0,1,3,44" ten="289,240,190,281" oya="0" hai0="32,20,30,1,0,121,34,64,45,116,93,23,86" hai1="135,119,17,84,100,105,106,130,24,53,78,107,125" hai2="124,85,49,25,117,75,56,13,90,69,68,108,104" hai3="113,28,19,57,50,89,102,109,98,103,65,42,8"/><T36/><D64/><U7/><E119/><V82/><F108/><W111/><G113/><T94/><D45/><U83/><E130/><V128/><F104/><W133/><G133/><T62/><D62/><U43/><E135/><V88/><F128/><W39/><G39/><T92/><D36/><U4/><E125/><V77/><F124/><W33/><G33/><N who="0" m="12907" /><D86/><U97/><E43/><V27/><F117/><W5/><G28/><T114/><D116/><U40/><E40/><V51/><F69/><W110/><G19/><T61/><D61/><U16/><E17/><V79/><F68/><W129/><G129/><T96/><D96/><U81/><E81/><V11/><F75/><W127/><G127/><T41/><D41/><U18/><E18/><N who="2" m="8511" /><F90/><W71/><G71/><T55/><D55/><U63/><E4/><V2/><F2/><N who="0" m="1130" /><D30/><U70/><E7/><V26/><F56/><W67/><G89/><T73/><D73/><U72/><E72/><V99/><F79/><W101/><G57/><T37/><D37/><U58/><E70/><V76/><F77/><W12/><G98/><T15/><D121/><U132/><E132/><V87/><F99/><W95/><G95/><AGARI ba="0,0" hai="25,26,27,49,51,76,82,85,87,88,95" m="8511" machi="95" ten="30,7700,0" yaku="8,1,52,2,54,1" doraHai="44" who="2" fromWho="3" sc="289,0,240,0,190,77,281,-77" /><INIT seed="5,0,0,0,2,1" ten="289,240,267,204" oya="1" hai0="68,60,87,28,109,99,112,119,106,47,24,95,114" hai1="124,103,101,113,54,58,86,63,9,118,117,13,2" hai2="116,108,90,30,29,10,43,51,0,65,123,77,104" hai3="6,72,14,59,121,97,5,94,3,20,131,40,16"/><U11/><E113/><N who="0" m="43625" /><D109/><U69/><E69/><V66/><F104/><W36/><G121/><T23/><D119/><U56/><E124/><V53/><F43/><W32/><G131/><T130/><D130/><U128/><E128/><V98/><F77/><W129/><G129/><T71/><D106/><U125/><E125/><V49/><F0/><W41/><G72/><T133/><D133/><U48/><E2/><V46/><F10/><W45/><G3/><T25/><D47/><U26/><E26/><V12/><F12/><W18/><G32/><N who="0" m="20487" /><D87/><U82/><E9/><V122/><F46/><W44/><G59/><T110/><D60/><U92/><E118/><V105/><F105/><W8/><G45/><T55/><D55/><N who="1" m="34207" /><E92/><V38/><F53/><W34/><G34/><T42/><D42/><N who="3" m="16489" /><G44/><T21/><D110/><U107/><E107/><V4/><F108/><W15/><G36/><T80/><D80/><U85/><E117/><V88/><F38/><W81/><G81/><T135/><D135/><U73/><E73/><V33/><F116/><W67/><G67/><T70/><D25/><U7/><E85/><V52/><F33/><W78/><G78/><AGARI ba="0,0" hai="7,11,13,48,54,58,78,82,86,101,103" m="34207" machi="78" ten="30,2900,0" yaku="8,1,52,1" doraHai="1" who="1" fromWho="3" sc="289,0,240,29,267,0,204,-29" /><INIT seed="5,1,0,3,3,47" ten="289,269,267,175" oya="1" hai0="73,18,101,119,10,6,109,59,77,111,82,106,26" hai1="131,105,48,117,15,128,36,45,135,57,91,46,129" hai2="27,96,8,98,121,11,39,97,90,21,49,33,130" hai3="114,124,74,30,55,108,19,53,0,13,103,9,25"/><U63/><E105/><V107/><F39/><W50/><G108/><T80/><D119/><U54/><E117/><V3/><F121/><W40/><G114/><T75/><D101/><U79/><E135/><V85/><F107/><W51/><G74/><T86/><D106/><U12/><E79/><V76/><F76/><W83/><G124/><T52/><D18/><U95/><E36/><V14/><F33/><W38/><G103/><T67/><D26/><U123/><E123/><V102/><F102/><W99/><G99/><T87/><D67/><N who="1" m="39407" /><E45/><V41/><F3/><W113/><G113/><T20/><D20/><U81/><E81/><V5/><F8/><W133/><G133/><T125/><D125/><U122/><E122/><V61/><F61/><W68/><G68/><T93/><D93/><U7/><E7/><V1/><F1/><W22/><G83/><T31/><D31/><U116/><E116/><V35/><F35/><N who="3" m="20943" /><G38/><T42/><D42/><U94/><E94/><N who="2" m="54607" /><F130/><W66/><G66/><T58/><D109/><U88/><E91/><V64/><F64/><W110/><G110/><T89/><D111/><U70/><E70/><V118/><F118/><W16/><G0/><T65/><D65/><U32/><E32/><V23/><F27/><N who="3" m="14791" /><G40/><T69/><D69/><U120/><E120/><V112/><F112/><W84/><G84/><AGARI ba="1,0" hai="12,15,46,48,54,84,88,95,128,129,131" m="39407" machi="84" ten="30,5800,0" yaku="19,1,52,1,54,1" doraHai="47" who="1" fromWho="3" sc="289,0,269,61,267,0,175,-61" owari="289,8.9,330,43.0,267,-13.3,114,-38.6" /></mjloggm>