<mjloggm ver="2.3"><GO type="225" lobby="0"/><UN n0="%E3%82%8C%E3%81%99%E3%81%93" n1="%E5%B8%86%E7%AB%8B%E5%A4%8F%E8%A1%A3" n2="%E5%8D%A0%E3%81%84%E5%B8%AB%E8%A3%8F%E3%81%AA%E3%81%84%E3%81%97" n3="%E3%82%BD%E3%83%83%E3%82%AF%E3%82%B9%E2%99%AA" dan="17,17,17,16" rate="2268.63,2169.81,2196.66,2034.26" sx="F,M,M,M"/><TAIKYOKU oya="0"/><INIT seed="0,0,0,2,2,104" ten="250,250,250,250" oya="0" hai0="26,41,28,106,75,1,21,35,108,15,133,27,86" hai1="80,97,107,42,79,29,64,72,113,76,128,66,99" hai2="58,124,57,34,78,31,16,109,24,44,125,114,60" hai3="83,91,88,12,81,92,130,132,50,122,45,71,134"/><T56/><D133/><N who="3" m="51305" /><G122/><T55/><D106/><U2/><E128/><V67/><F114/><W13/><G71/><T8/><D108/><U117/><E117/><V30/><F109/><W121/><G121/><T61/><D1/><U4/><E113/><V74/><F44/><W53/><G130/><T129/><D129/><U23/><E2/><V111/><F111/><W11/><G91/><T32/><D75/><U70/><E4/><V118/><F118/><W33/><G33/><T110/><D110/><U62/><E66/><V95/><F95/><W43/><G43/><T84/><D41/><U37/><E79/><V6/><F6/><N who="3" m="3191" /><G13/><T94/><D94/><U123/><E123/><V115/><F115/><W119/><G119/><T100/><D100/><U126/><E126/><N who="2" m="48747" /><F57/><W85/><AGARI ba="0,0" hai="45,50,53,81,83,85,88,92" m="3191,51305" machi="85" ten="30,2000,0" yaku="20,1,54,1" doraHai="104" who="3" fromWho="3" sc="250,-10,250,-5,250,-5,250,20" /><INIT seed="1,0,0,5,1,82" ten="240,245,245,270" oya="1" hai0="120,99,6,104,105,53,134,109,103,114,25,126,16" hai1="18,51,106,54,102,9,42,112,131,88,118,58,21" hai2="97,115,84,0,98,135,83,15,85,127,11,56,60" hai3="1,117,52,37,33,14,67,34,50,95,7,49,132"/><U87/><E112/><V62/><F0/><W8/><G37/><T20/><D114/><U35/><E35/><V45/><F115/><W4/><G132/><T28/><D134/><U27/><E118/><V108/><F108/><W72/><G72/><T43/><D109/><U26/><E131/><V77/><F135/><W125/><G125/><T19/><D126/><U22/><E106/><V121/><F121/><W110/><G110/><T111/><D111/><U90/><E102/><V64/><F127/><W10/><G117/><T71/><D120/><U12/><E42/><V76/><F45/><W78/><G78/><N who="2" m="30313" /><F60/><W5/><G5/><T59/><D71/><U94/><E90/><N who="2" m="51487" /><F85/><W80/><G80/><T123/><D123/><U91/><E91/><V30/><F30/><W101/><G50/><T92/><D43/><U29/><E29/><V119/><F119/><W24/><G34/><T23/><D6/><AGARI ba="0,0" hai="6,11,15,56,62,64,97,98" m="51487,30313" machi="6" ten="30,2000,0" yaku="8,1,52,1" doraHai="82" who="2" fromWho="0" sc="240,-20,245,0,245,20,270,0" /><INIT seed="2,0,0,2,4,67" ten="220,245,265,270" oya="2" hai0="66,89,14,16,130,56,18,22,26,2,85,75,53" hai1="101,86,4,8,10,123,116,113,93,132,105,72,52" hai2="73,71,108,60,43,6,51,98,13,133,76,57,80" hai3="49,96,63,70,87,11,23,83,35,112,77,82,126"/><V55/><F133/><W91/><G35/><T32/><D130/><U107/><E116/><V62/><F108/><W46/><G126/><T115/><D75/><U44/><E113/><V88/><F43/><W120/><G120/><T117/><D117/><U9/><E72/><V122/><F122/><W81/><G112/><T135/><D135/><U119/><E119/><V54/><F54/><W90/><G23/><T104/><D115/><U36/><E132/><V102/><F71/><W111/><G111/><T1/><D66/><U12/><E123/><V24/><F24/><W29/><G29/><T65/><D65/><U17/><E36/><V100/><F100/><W25/><G70/><T129/><D104/><U68/><E68/><V99/><F99/><W37/><G63/><T127/><D127/><U131/><E131/><V110/><F110/><W27/><G11/><T42/><D42/><U0/><E10/><V19/><F6/><W114/><G114/><T30/><D18/><U47/><E47/><V128/><F128/><W5/><G5/><T15/><D15/><U7/><E17/><V106/><REACH who="2" step="1"/><F88/><REACH who="2" ten="220,245,255,270" step="2"/><N who="3" m="33835" /><G96/><T34/><D129/><U118/><E118/><V21/><AGARI ba="0,1" hai="13,19,21,51,55,57,60,62,73,76,80,98,102,106" machi="21" ten="20,7800,0" yaku="1,1,0,1,7,1,53,1" doraHai="67" doraHaiUra="94" who="2" fromWho="2" sc="220,-26,245,-26,255,88,270,-26" /><INIT seed="2,1,0,5,0,85" ten="194,219,343,244" oya="2" hai0="102,38,97,81,129,55,133,5,112,16,80,6,77" hai1="104,21,29,43,25,40,132,59,44,28,60,122,1" hai2="72,36,75,48,108,51,93,105,95,84,73,53,99" hai3="17,32,96,57,11,69,126,67,89,50,46,87,109"/><V37/><F105/><W24/><G109/><T19/><D112/><U54/><E132/><V52/><F108/><W45/><G126/><T23/><D38/><U98/><E122/><V127/><F127/><W125/><G125/><T135/><D129/><U61/><E1/><V90/><F48/><W71/><G96/><T12/><D55/><U30/><E61/><V94/><F53/><W15/><G57/><T123/><D123/><U78/><E78/><V27/><F27/><W76/><G76/><T3/><D19/><U56/><E59/><V86/><F86/><W34/><G46/><T110/><D110/><U66/><E98/><V116/><F116/><W124/><G124/><T130/><D130/><U74/><E74/><V26/><F26/><W120/><G120/><T39/><D39/><U7/><E7/><V10/><F10/><W119/><G119/><T14/><D3/><U111/><E104/><V42/><F42/><N who="1" m="15913" /><E111/><V31/><F31/><N who="3" m="19559" /><G67/><T70/><D70/><U35/><E35/><V103/><REACH who="2" step="1"/><F94/><REACH who="2" ten="194,219,333,244" step="2"/><W115/><G115/><T47/><D135/><U18/><E30/><V41/><F41/><W63/><G63/><T33/><D133/><U88/><E54/><V20/><F20/><W128/><G128/><T79/><D33/><U101/><E29/><V114/><F114/><W13/><G34/><T4/><D14/><U131/><E131/><V0/><F0/><W91/><G15/><T68/><D12/><U113/><E113/><V92/><F92/><W83/><G87/><T62/><D23/><U8/><E28/><V65/><F65/><W121/><G121/><RYUUKYOKU ba="1,1" sc="194,-10,219,-10,333,30,244,-10" hai2="36,37,51,52,72,73,75,84,90,93,95,99,103" /><INIT seed="2,2,1,5,0,17" ten="184,209,363,234" oya="2" hai0="122,85,133,16,8,114,103,59,105,49,42,41,26" hai1="53,89,51,81,0,73,38,27,23,67,77,132,97" hai2="20,118,6,119,72,4,120,80,39,22,33,12,40" hai3="37,14,74,78,131,127,45,86,123,21,124,11,57"/><V117/><F33/><W58/><G123/><T88/><D122/><U83/><E132/><V48/><F120/><W111/><G74/><T106/><D114/><U91/><E38/><V128/><F39/><W13/><G111/><T3/><D133/><U130/><E0/><V98/><F128/><W84/><G131/><T65/><D3/><U44/><E130/><V1/><F1/><W134/><G134/><T129/><D129/><U52/><E67/><V108/><F108/><W24/><G58/><T135/><D135/><U125/><E125/><N who="3" m="48202" /><G57/><T10/><D103/><U112/><E112/><V60/><F60/><W36/><G37/><T113/><D106/><U116/><E116/><V31/><F98/><W82/><G86/><T90/><D105/><U76/><E97/><V70/><F70/><W64/><G11/><N who="0" m="4139" /><D113/><U115/><E53/><V35/><F35/><W46/><G64/><T69/><D69/><U66/><E66/><V71/><F71/><W28/><G45/><N who="0" m="25775" /><D42/><AGARI ba="2,1" hai="13,14,21,24,28,36,42,46,78,82,84" m="48202" machi="42" ten="30,2000,0" yaku="18,1,52,1" doraHai="17" who="3" fromWho="0" sc="184,-26,209,0,363,0,234,36" /><INIT seed="3,0,0,0,0,26" ten="158,209,363,270" oya="3" hai0="47,40,46,6,82,119,48,86,80,9,4,39,64" hai1="57,28,100,56,13,127,76,105,36,11,122,71,31" hai2="29,35,95,25,10,85,5,19,15,34,53,1,51" hai3="54,79,3,22,91,99,30,108,74,117,75,24,81"/><W16/><G117/><T2/><D6/><U73/><E71/><V128/><F128/><W70/><G108/><T49/><D119/><U17/><E36/><V20/><F85/><W130/><G130/><T50/><D64/><U78/><E122/><V59/><F95/><W58/><G70/><T92/><D92/><U83/><E127/><V32/><AGARI ba="0,0" hai="1,5,10,15,19,20,25,29,32,34,35,51,53,59" machi="32" ten="20,8000,1" yaku="0,1,7,1,24,2,52,1" doraHai="26" who="2" fromWho="2" sc="158,-20,209,-20,363,80,270,-40" owari="138,-36.2,189,-21.1,443,54.3,230,3.0" /></mjloggm>