<mjloggm ver="2.3"><GO type="225" lobby="0"/><UN n0="%E6%A0%B9%E5%85%83%E3%81%8B%E3%82%89%E5%90%B9%E3%81%A3%E9%A3%9B%E3%81%B6" n1="%E3%83%9D%E3%83%B3%E3%83%9D%E3%82%B3%E5%95%86%E4%BA%8B" n2="%E5%84%AA%40%41%42%43" n3="%6D%75%75%6D%75%72%61" dan="17,16,18,16" rate="2196.28,2098.26,2259.61,2211.91" sx="F,M,M,F"/><TAIKYOKU oya="0"/><INIT seed="0,0,0,4,4,111" ten="250,250,250,250" oya="0" hai0="23,24,64,39,129,52,56,123,95,87,65,89,100" hai1="70,1,32,109,91,49,60,57,5,73,68,3,113" hai2="46,26,71,19,82,51,29,81,53,107,117,28,121" hai3="112,62,13,20,94,59,119,66,130,31,88,110,96"/><T8/><D123/><U17/><E109/><V76/><F121/><W131/><G110/><T67/><D39/><U108/><E108/><V14/><F107/><W93/><G119/><T104/><D129/><U115/><E32/><V78/><F71/><N who="1" m="27177" /><E73/><V116/><F28/><W83/><G112/><N who="1" m="43082" /><E5/><V128/><F128/><W134/><G134/><T122/><D122/><U50/><E91/><V106/><F106/><W7/><G83/><N who="2" m="31753" /><F26/><W72/><G72/><T86/><D8/><U45/><E17/><V48/><F29/><W74/><G74/><T80/><D104/><U114/><N who="1" m="43090" /><U36/><DORA hai="105" /><E36/><V85/><F85/><W75/><G75/><T127/><D100/><U35/><E35/><V27/><F27/><W10/><REACH who="3" step="1"/><G94/><REACH who="3" ten="250,250,250,240" step="2"/><T125/><D80/><U33/><E33/><V90/><F117/><W63/><G63/><T41/><D95/><U79/><E79/><V99/><F116/><W40/><G40/><T47/><D41/><N who="1" m="24751" /><E50/><V37/><F37/><W43/><G43/><T6/><D125/><U84/><E84/><V69/><F48/><W22/><G22/><T92/><D87/><U58/><E58/><V4/><F69/><W21/><G21/><T38/><D127/><U101/><E101/><V55/><F76/><W103/><G103/><T30/><D56/><U118/><E118/><V135/><F78/><W54/><G54/><AGARI ba="0,1" hai="1,3,54,57,60" m="24751,43090,27177" machi="54" ten="40,8000,1" yaku="11,1,52,4" doraHai="111,105" who="1" fromWho="3" sc="250,0,250,90,250,0,240,-80" /><INIT seed="1,0,0,1,2,127" ten="250,340,250,160" oya="1" hai0="12,93,33,20,129,42,117,61,49,81,51,104,64" hai1="131,43,89,96,95,56,100,40,53,76,16,79,69" hai2="73,118,29,5,125,3,63,72,85,101,90,70,114" hai3="32,134,108,116,106,84,102,14,13,4,9,65,34"/><U25/><E69/><V111/><F118/><W11/><G116/><T68/><D104/><U48/><E131/><V105/><F111/><W88/><G108/><T130/><D33/><U123/><E123/><V1/><F125/><W59/><G134/><T28/><D117/><U99/><E79/><V8/><F114/><W45/><G106/><T35/><D81/><U41/><E76/><V77/><F29/><W132/><G132/><T30/><D35/><U44/><E99/><V115/><F115/><W75/><G75/><T0/><D0/><U15/><E100/><V21/><F21/><W55/><G102/><T6/><D93/><U26/><REACH who="1" step="1"/><E44/><REACH who="1" ten="250,330,250,160" step="2"/><V50/><F77/><W133/><G133/><T103/><D103/><U60/><E60/><V78/><F78/><W83/><G45/><T97/><D97/><U52/><E52/><V91/><F63/><W57/><G57/><T74/><D74/><U135/><E135/><V39/><F70/><W62/><REACH who="3" step="1"/><G55/><REACH who="3" ten="250,330,250,150" step="2"/><T122/><D129/><U46/><E46/><V87/><F72/><W37/><G37/><T58/><D130/><U27/><E27/><V80/><F73/><W31/><G31/><T17/><D30/><U94/><E94/><V121/><F39/><W82/><G82/><T54/><D28/><U107/><E107/><V7/><F105/><W92/><G92/><T24/><D24/><U109/><E109/><V10/><F101/><W128/><G128/><T47/><D122/><U36/><E36/><V38/><F38/><W119/><G119/><T19/><D47/><U18/><E18/><AGARI ba="0,2" hai="4,9,11,13,14,18,32,34,59,62,65,83,84,88" machi="18" ten="30,3900,0" yaku="1,1,7,1,54,1,53,0" doraHai="127" doraHaiUra="66" who="3" fromWho="1" sc="250,0,330,-39,250,0,150,59" /><INIT seed="2,0,0,5,2,26" ten="250,291,250,209" oya="2" hai0="107,33,50,100,72,92,39,74,59,134,52,99,94" hai1="117,63,54,19,45,30,65,77,135,18,7,106,46" hai2="34,91,15,90,76,69,105,40,83,126,36,103,131" hai3="49,16,68,85,21,89,116,32,110,104,4,71,56"/><V57/><F69/><W95/><G116/><T81/><D134/><U119/><E106/><V64/><F34/><W5/><G110/><T13/><D39/><U60/><E135/><V41/><F131/><W108/><G108/><T28/><D72/><U82/><E7/><V6/><F126/><W22/><G104/><T23/><D33/><U1/><E1/><V128/><F128/><W73/><G32/><T127/><D127/><U70/><E30/><V9/><F103/><W8/><G73/><T121/><D121/><U51/><E45/><V125/><F105/><W66/><G71/><T11/><D74/><U80/><E63/><N who="2" m="37999" /><F36/><W58/><G68/><T109/><D109/><U120/><E120/><V12/><F12/><N who="3" m="7175" /><G66/><T124/><D81/><U43/><E82/><V0/><F0/><W3/><G3/><T27/><D124/><U55/><E117/><V2/><F2/><W48/><G56/><T62/><D62/><U122/><E119/><V123/><F123/><W14/><G14/><T111/><D111/><U88/><E122/><V35/><F35/><W38/><G38/><T93/><D107/><U53/><REACH who="1" step="1"/><E77/><REACH who="1" ten="250,281,250,209" step="2"/><V31/><F31/><W67/><G67/><T10/><D10/><U129/><E129/><V101/><F125/><W42/><G4/><AGARI ba="0,1" hai="4,11,13,23,27,28,50,52,59,92,93,94,99,100" machi="4" ten="30,7700,0" yaku="7,1,8,1,52,1,54,1" doraHai="26" who="0" fromWho="3" sc="250,87,281,0,250,0,209,-77" /><INIT seed="3,0,0,0,5,109" ten="337,281,250,132" oya="3" hai0="118,108,85,105,75,134,41,56,65,111,81,6,10" hai1="92,54,31,93,4,67,33,135,101,70,73,116,25" hai2="96,103,117,71,40,34,29,7,127,95,1,62,104" hai3="53,88,87,36,2,119,78,120,5,37,69,72,3"/><W110/><G119/><T58/><D134/><U68/><E135/><V98/><F117/><W59/><G120/><T11/><D105/><U50/><E73/><V107/><F127/><W77/><G69/><T94/><D75/><U49/><E50/><V79/><F79/><W132/><G132/><T121/><D94/><U115/><E4/><V57/><F40/><W55/><G110/><N who="0" m="42027" /><D41/><U23/><E33/><V19/><F71/><W124/><G124/><T12/><D65/><U123/><E123/><V21/><F34/><W63/><G72/><T45/><D45/><U80/><E80/><V46/><F46/><W89/><G59/><T83/><D83/><U97/><E115/><V74/><F74/><W32/><G32/><T125/><D125/><U27/><E27/><N who="2" m="16623" /><F19/><W133/><G133/><T82/><D82/><U129/><E70/><V15/><F15/><W30/><G87/><T131/><D131/><U106/><E129/><V64/><F96/><W99/><G99/><T86/><D86/><U52/><E116/><V90/><F90/><W14/><G63/><T39/><D39/><U9/><E9/><AGARI ba="0,0" hai="1,7,9,57,62,64,95,98,103,104,107" m="16623" machi="9" ten="30,1000,0" yaku="25,1" doraHai="109" who="2" fromWho="1" sc="337,0,281,-10,250,10,132,0" owari="337,43.7,271,7.1,260,-14.0,132,-36.8" /></mjloggm>