<mjloggm ver="2.3"><GO type="225" lobby="0"/><UN n0="%E8%83%83%E3%81%A8%E8%85%B8" n1="%E7%9C%9F%E4%B8%80" n2="%E7%99%BD%E9%9B%AA%E4%B9%83%E6%84%9B" n3="%E5%8F%AF%E5%85%90%E9%82%A3%E7%94%B1%E5%A4%9A" dan="16,17,16,17" rate="2190.15,2112.59,2120.59,2236.04" sx="M,M,F,F"/><TAIKYOKU oya="0"/><INIT seed="0,0,0,4,4,9" ten="250,250,250,250" oya="0" hai0="92,26,25,94,34,71,67,118,75,20,27,66,2" hai1="32,116,7,51,0,129,6,24,127,15,124,42,85" hai2="63,59,102,130,83,3,109,105,31,50,107,1,23" hai3="123,112,64,74,126,46,90,120,65,45,18,91,29"/><T106/><D106/><U117/><E85/><V52/><F109/><W49/><G112/><T69/><D118/><N who="1" m="45675" /><E51/><V95/><F130/><W11/><G74/><T115/><D115/><U53/><E53/><V77/><F95/><N who="0" m="36394" /><D75/><U38/><E42/><V5/><F5/><W70/><G29/><T19/><D34/><U131/><E38/><V78/><F78/><W80/><G126/><N who="1" m="48170" /><E0/><V96/><F107/><W108/><G49/><T47/><D2/><U37/><E37/><V30/><F50/><W14/><G80/><T41/><D41/><U99/><E99/><V110/><F110/><W56/><G108/><T86/><D86/><U58/><E58/><V119/><F119/><W84/><G56/><T4/><D47/><U100/><E100/><V114/><F114/><W104/><G104/><T76/><D76/><U54/><E54/><V40/><F40/><W132/><G84/><T125/><D125/><U44/><E44/><V128/><F128/><N who="1" m="49225" /><E15/><V101/><F101/><W21/><G46/><T87/><D87/><U98/><E98/><V55/><F55/><W72/><G45/><T89/><D89/><U103/><E103/><V134/><F1/><W97/><G90/><T60/><D71/><U61/><E61/><V33/><F3/><W135/><G70/><T122/><D60/><U79/><E79/><V35/><F77/><W113/><G113/><T48/><D48/><U73/><E73/><V111/><F111/><W39/><G72/><T88/><D69/><U93/><E93/><V81/><F63/><W82/><G39/><T12/><D88/><U10/><E10/><RYUUKYOKU ba="0,0" sc="250,-10,250,30,250,-10,250,-10" hai1="6,7,24,32" /><INIT seed="1,1,0,5,2,32" ten="240,280,240,240" oya="1" hai0="124,57,56,72,105,106,46,55,97,73,51,70,96" hai1="95,80,27,131,125,110,98,128,90,135,133,23,91" hai2="6,9,14,22,84,130,4,103,11,109,75,61,17" hai3="35,19,24,67,102,10,12,33,25,1,93,134,15"/><U5/><E5/><V116/><F109/><W2/><G67/><T64/><D124/><U3/><E3/><N who="3" m="1034" /><G93/><T113/><D64/><U108/><E27/><N who="3" m="10314" /><G102/><T16/><D70/><U132/><E23/><V20/><F130/><N who="1" m="49705" /><E125/><V111/><F75/><W53/><G53/><T120/><D55/><U30/><E30/><V74/><F111/><N who="1" m="42537" /><E80/><V121/><F20/><N who="3" m="11367" /><G134/><T45/><D51/><U59/><E59/><V107/><F107/><W83/><G83/><T82/><D82/><U127/><E127/><V88/><F103/><AGARI ba="1,0" hai="90,91,95,98,103,132,133,135" m="42537,49705" machi="103" ten="40,18000,2" yaku="20,1,19,1,14,1,10,1,34,2" doraHai="32" who="1" fromWho="2" sc="240,0,280,183,240,-183,240,0" /><INIT seed="1,2,0,2,4,13" ten="240,463,57,240" oya="1" hai0="101,15,20,32,64,46,30,36,63,98,131,90,77" hai1="79,59,68,21,118,62,52,39,44,60,85,22,113" hai2="19,0,34,102,83,109,57,41,6,135,29,24,28" hai3="1,72,122,134,58,61,86,93,10,71,55,7,116"/><U67/><E118/><V110/><F135/><W66/><G122/><T124/><D124/><U5/><E113/><V125/><F41/><W18/><G72/><T87/><D131/><U106/><E106/><V91/><F102/><W108/><G134/><T81/><D32/><U49/><E5/><V84/><F125/><W56/><G108/><T88/><D46/><U76/><E39/><V27/><F57/><W127/><G127/><T95/><D36/><U43/><REACH who="1" step="1"/><E85/><REACH who="1" ten="240,453,57,240" step="2"/><V4/><F6/><W53/><G116/><T80/><D80/><U105/><E105/><V104/><F104/><W40/><G7/><T69/><REACH who="0" step="1"/><D30/><REACH who="0" ten="230,453,57,240" step="2"/><U129/><E129/><V11/><REACH who="2" step="1"/><F19/><AGARI ba="2,2" hai="15,19,20,63,64,69,77,81,87,88,90,95,98,101" machi="19" ten="40,8000,1" yaku="1,1,2,1,52,1,54,1,53,0" doraHai="13" doraHaiUra="31" who="0" fromWho="2" sc="230,106,453,0,57,-86,240,0" owari="336,13.6,453,55.3,-29,-52.9,240,-16.0" /></mjloggm>