<mjloggm ver="2.3"><GO type="225" lobby="0"/><UN n0="%72%69%6F%75%63%68%61%6E" n1="%E6%B4%BE%E9%81%A3%E3%81%AE%E3%82%B8%E3%83%A3%E3%83%83%E3%82%AF" n2="%E3%82%A2%E3%83%A1%E3%82%A2%E3%83%A9%E3%83%AC" n3="%E5%B8%86%E7%AB%8B%E5%A4%8F%E8%A1%A3" dan="17,17,16,16" rate="2173.85,2225.52,2060.92,2156.54" sx="M,M,M,M"/><TAIKYOKU oya="0"/><INIT seed="0,0,0,5,1,59" ten="250,250,250,250" oya="0" hai0="49,57,37,8,84,42,29,93,79,106,24,28,33" hai1="65,116,118,126,98,119,31,124,3,25,38,52,86" hai2="109,128,22,74,68,17,15,39,50,73,63,89,95" hai3="69,129,64,5,60,2,133,34,113,111,1,70,104"/><T80/><D106/><U62/><E38/><V123/><F109/><W35/><G111/><T108/><D108/><U78/><E3/><N who="3" m="1034" /><G5/><T82/><D28/><U132/><E132/><V14/><F39/><W21/><G21/><T13/><D37/><U127/><E98/><V58/><F128/><W47/><G47/><T102/><D82/><N who="1" m="47447" /><E65/><V16/><F68/><N who="3" m="41991" /><G133/><T99/><D57/><N who="1" m="35111" /><E118/><V96/><F50/><W88/><G88/><T94/><D93/><U117/><E117/><V97/><F97/><W56/><G56/><T120/><D120/><U100/><E100/><V18/><F123/><W76/><G129/><T67/><D67/><U45/><E45/><V9/><REACH who="2" step="1"/><F18/><REACH who="2" ten="250,250,240,250" step="2"/><W101/><G70/><T66/><D49/><U40/><E40/><V53/><AGARI ba="0,1" hai="9,14,15,16,17,22,53,58,63,73,74,89,95,96" machi="53" ten="20,12000,2" yaku="1,1,2,1,0,1,7,1,52,1,54,1,53,0" doraHai="59" doraHaiUra="83" who="2" fromWho="2" sc="250,-60,250,-30,240,130,250,-30" /><INIT seed="1,0,0,5,2,100" ten="190,220,370,220" oya="1" hai0="73,82,68,58,31,76,13,109,114,110,88,74,130" hai1="19,102,112,123,116,94,52,41,17,115,120,45,26" hai2="91,24,40,35,87,34,127,38,128,124,117,22,133" hai3="129,83,92,3,29,135,21,16,51,97,1,107,126"/><U70/><E116/><V106/><F117/><W66/><G29/><T95/><D114/><U56/><E70/><V28/><F133/><W131/><G135/><T7/><D130/><N who="3" m="49673" /><G126/><N who="2" m="48169" /><F106/><W11/><G66/><T49/><D68/><U54/><E26/><V33/><F128/><W86/><G51/><T103/><D73/><U71/><E71/><V55/><F55/><W37/><G11/><N who="0" m="4351" /><D103/><U2/><E2/><V108/><F108/><N who="0" m="41578" /><D31/><U90/><E102/><V113/><F113/><W65/><G65/><T43/><D43/><U60/><E112/><V121/><F121/><W125/><G37/><T67/><D67/><U42/><E115/><V99/><F99/><W63/><G125/><T72/><D72/><U84/><E120/><V39/><F40/><N who="1" m="15465" /><E123/><V75/><F75/><W105/><G3/><T25/><D25/><U53/><E53/><V122/><F122/><W89/><G1/><T132/><D132/><U93/><E54/><V79/><F79/><N who="3" m="46463" /><G63/><T14/><D49/><U48/><E48/><V78/><F78/><W46/><G46/><T69/><D69/><U61/><E45/><V77/><F77/><W50/><G50/><T20/><D58/><U118/><E60/><V6/><F39/><W23/><G23/><T5/><D20/><U62/><E62/><V15/><F38/><W27/><AGARI ba="0,0" hai="16,21,27,89,92,97,105,107" m="46463,49673" machi="27" ten="30,7900,0" yaku="19,1,52,2,54,1" doraHai="100" who="3" fromWho="3" sc="190,-20,220,-39,370,-20,220,79" /><INIT seed="2,0,0,5,2,16" ten="170,181,350,299" oya="2" hai0="47,18,98,96,19,108,125,57,89,1,14,110,6" hai1="127,133,25,135,27,83,100,8,64,24,69,31,62" hai2="40,54,56,53,73,39,128,90,109,2,32,48,84" hai3="104,63,20,59,116,65,94,81,44,115,118,123,7"/><V55/><F73/><W129/><G104/><T12/><D125/><U33/><E127/><V107/><F107/><W82/><G123/><T50/><D57/><U74/><E8/><V131/><F2/><W134/><G7/><T58/><D58/><U17/><E100/><V101/><F32/><W5/><G5/><T102/><D1/><U124/><E124/><V78/><F101/><W130/><G134/><N who="1" m="51210" /><E17/><N who="0" m="6153" /><D89/><U114/><E114/><V36/><F78/><AGARI ba="0,0" hai="24,25,27,31,33,62,64,69,74,78,83" m="51210" machi="78" ten="30,1000,0" yaku="20,1" doraHai="16" who="1" fromWho="2" sc="170,0,181,10,350,-10,299,0" /><INIT seed="3,0,0,5,5,17" ten="170,191,340,299" oya="3" hai0="133,18,59,11,109,81,9,48,24,122,6,21,30" hai1="135,15,23,87,56,55,37,7,5,64,32,107,20" hai2="96,89,93,72,73,129,119,113,115,124,49,29,63" hai3="97,83,42,16,95,130,85,102,110,39,80,123,31"/><W67/><G123/><T132/><D122/><U58/><E32/><V54/><F119/><W61/><G130/><T106/><D106/><U111/><E37/><V45/><F129/><W74/><G31/><T27/><D109/><U4/><E107/><V65/><F124/><W34/><G34/><N who="0" m="20807" /><D81/><U103/><E103/><V118/><F118/><W116/><G116/><T14/><D59/><U50/><E111/><V43/><F29/><W112/><G112/><T88/><D48/><U121/><E121/><V134/><F134/><N who="0" m="51818" /><D9/><U40/><E135/><V126/><F126/><W82/><G110/><T36/><D36/><U71/><E71/><V131/><F131/><W76/><G42/><T101/><D101/><U78/><E15/><V19/><F43/><W68/><G39/><T1/><D88/><U2/><E2/><AGARI ba="0,0" hai="1,2,6,11,14,18,21,27" m="51818,20807" machi="2" ten="30,7700,0" yaku="20,1,34,2,52,1" doraHai="17" who="0" fromWho="1" sc="170,77,191,-77,340,0,299,0" owari="247,-15.3,114,-38.6,340,44.0,299,9.9" /></mjloggm>