<mjloggm ver="2.3"><GO type="225" lobby="0"/><UN n0="%4B%2E%32%2E%4B%2E" n1="%E3%83%A9%E3%83%BC%E3%83%A1%E3%83%B3%E4%BA%94%E9%83%8E" n2="%E6%98%93%E5%88%A9%E8%96%A9%E4%BC%AF" n3="%E9%BB%99%E8%81%B4%E3%81%AE%E3%81%99%E3%82%9D%E3%82%81" dan="17,16,16,16" rate="2194.09,2147.42,2103.77,2136.97" sx="M,M,F,M"/><TAIKYOKU oya="0"/><INIT seed="0,0,0,5,5,59" ten="250,250,250,250" oya="0" hai0="69,100,34,83,87,86,120,52,0,130,30,72,51" hai1="25,36,61,114,76,108,104,42,46,56,18,107,93" hai2="13,37,62,43,102,14,22,88,109,17,3,65,24" hai3="27,78,119,71,11,134,132,98,129,1,125,58,63"/><T64/><D120/><U6/><E108/><V101/><F3/><W8/><G119/><T80/><D0/><U20/><E114/><V32/><F37/><W79/><G71/><T60/><D130/><U50/><E76/><N who="3" m="29226" /><G1/><T12/><D72/><U39/><E6/><V133/><F43/><W7/><G7/><T135/><D135/><N who="3" m="51753" /><G125/><T82/><D100/><U73/><E73/><V19/><F109/><W2/><G2/><T103/><D103/><U55/><REACH who="1" step="1"/><E93/><REACH who="1" ten="250,240,250,250" step="2"/><V4/><F133/><W81/><G129/><T121/><D121/><U10/><E10/><V123/><F123/><W26/><G81/><T113/><D113/><U122/><E122/><V75/><F4/><W5/><G5/><T126/><D126/><U128/><E128/><V66/><F75/><W41/><G8/><T38/><D83/><U15/><E15/><V35/><F14/><W99/><G11/><T85/><D12/><U45/><E45/><V70/><F13/><W124/><G124/><T9/><D9/><U96/><E96/><V106/><F106/><AGARI ba="0,1" hai="18,20,25,36,39,42,46,50,55,56,61,104,106,107" machi="106" ten="40,5200,0" yaku="1,1,52,1,53,1" doraHai="59" doraHaiUra="57" who="1" fromWho="2" sc="250,0,240,62,250,-52,250,0" /><INIT seed="1,0,0,5,5,19" ten="250,302,198,250" oya="1" hai0="60,75,109,83,45,40,135,46,128,64,121,131,81" hai1="17,53,126,69,7,112,111,125,30,107,78,77,0" hai2="9,52,66,123,34,86,85,11,31,95,124,22,44" hai3="92,15,100,70,49,16,3,62,120,43,118,21,132"/><U59/><E112/><V99/><F123/><W82/><G132/><T105/><D105/><U58/><E69/><V97/><F34/><W8/><G118/><T94/><D121/><U79/><E107/><V91/><F66/><W23/><G120/><T14/><D135/><U93/><E30/><V88/><F124/><N who="1" m="47721" /><E111/><V27/><F99/><N who="3" m="59495" /><G70/><T13/><D109/><U1/><E93/><N who="2" m="54415" /><F97/><W29/><G3/><N who="1" m="1098" /><E7/><V65/><F65/><W48/><G29/><T90/><D75/><U36/><E36/><V6/><F6/><W18/><G62/><T110/><D60/><N who="1" m="35919" /><E59/><V25/><F25/><N who="3" m="14503" /><G82/><T115/><D83/><U108/><E108/><V101/><F101/><W129/><G129/><T119/><D81/><U5/><E5/><V50/><AGARI ba="0,0" hai="9,11,22,27,31,44,50,52,86,91,95" m="54415" machi="50" ten="30,7900,0" yaku="8,1,52,1,54,2" doraHai="19" who="2" fromWho="2" sc="250,-20,302,-39,198,79,250,-20" /><INIT seed="2,0,0,0,2,40" ten="230,263,277,230" oya="2" hai0="97,49,66,1,103,31,65,131,41,122,39,107,9" hai1="34,67,61,16,135,90,105,14,85,55,121,43,79" hai2="75,19,42,21,33,88,20,134,56,125,6,96,74" hai3="130,68,44,70,37,93,25,111,132,3,81,72,110"/><V60/><F33/><W52/><G3/><T128/><D122/><U27/><E105/><V28/><F134/><W118/><G118/><T0/><D31/><U82/><E135/><V38/><F6/><W4/><G4/><T102/><D102/><U24/><E121/><V47/><F125/><W17/><G132/><T89/><D39/><U99/><E43/><V95/><F28/><W127/><G130/><N who="0" m="49707" /><D89/><U94/><E34/><V76/><F76/><N who="3" m="44167" /><G37/><T101/><D101/><U120/><E120/><V98/><F98/><W84/><G127/><T78/><D78/><U57/><REACH who="1" step="1"/><E67/><REACH who="1" ten="230,253,277,230" step="2"/><V59/><F21/><AGARI ba="0,1" hai="14,16,21,24,27,55,57,61,79,82,85,90,94,99" machi="21" ten="30,8000,1" yaku="1,1,2,1,7,1,8,1,54,1,53,0" doraHai="40" doraHaiUra="129" who="1" fromWho="2" sc="230,0,253,90,277,-80,230,0" /><INIT seed="3,0,0,5,0,122" ten="230,343,197,230" oya="3" hai0="95,8,107,67,135,35,41,22,69,70,130,126,48" hai1="55,53,64,90,3,13,0,14,84,86,61,128,33" hai2="81,100,29,113,115,27,75,129,98,94,106,118,133" hai3="4,60,30,131,104,19,47,1,2,31,101,114,25"/><W93/><G114/><T44/><D35/><U83/><E33/><V16/><F118/><W71/><G131/><T112/><D107/><U123/><E123/><V40/><F129/><W18/><G31/><T120/><D120/><U20/><E128/><V79/><F133/><W26/><G26/><T62/><D130/><U50/><E0/><V57/><F40/><W80/><G80/><T96/><D126/><U102/><E3/><V9/><F57/><W109/><G47/><T49/><D135/><U65/><E102/><V58/><F58/><W23/><G1/><T24/><D8/><U5/><E86/><V59/><F59/><W11/><G104/><T108/><D108/><U12/><E20/><V68/><F68/><W6/><G6/><T34/><D34/><U76/><E76/><V125/><F125/><W87/><G109/><T105/><D70/><U52/><E61/><V37/><F37/><W82/><G71/><T132/><D105/><U85/><E5/><V66/><F66/><N who="1" m="25705" /><E85/><V15/><REACH who="2" step="1"/><F106/><REACH who="2" ten="230,343,187,230" step="2"/><W7/><G60/><T117/><D117/><U21/><E55/><V88/><F88/><W56/><G56/><T119/><D119/><U10/><E53/><V39/><F39/><W17/><G101/><T54/><D132/><U73/><E52/><V38/><F38/><W91/><G2/><T92/><D54/><U97/><E90/><V63/><F63/><W103/><G103/><T116/><D116/><U72/><E50/><V99/><F99/><W127/><G127/><T134/><D134/><U111/><E97/><V36/><F36/><W89/><G91/><RYUUKYOKU ba="0,1" sc="230,-10,343,-10,187,30,230,-10" hai2="9,15,16,27,29,75,79,81,94,98,100,113,115" owari="220,2.0,343,44.3,217,-28.3,220,-18.0" /></mjloggm>