<mjloggm ver="2.3"><GO type="225" lobby="0"/><UN n0="%E3%82%BC%E3%83%AB%E3%83%80%E3%81%AE%E4%BC%9D%E8%AA%AC" n1="%EF%BC%B3%E3%81%9E%E3%81%88%E2%98%86" n2="%E3%83%81%E3%83%AF%E3%83%AF%E9%9A%8A%E9%95%B7" n3="%E5%B8%86%E7%AB%8B%E5%A4%8F%E8%A1%A3" dan="17,16,16,16" rate="2210.06,2095.68,2101.64,2116.77" sx="M,M,M,M"/><TAIKYOKU oya="0"/><INIT seed="0,0,0,3,3,110" ten="250,250,250,250" oya="0" hai0="33,47,135,51,76,131,89,132,65,83,13,127,21" hai1="105,16,77,113,56,23,24,27,120,7,1,88,116" hai2="42,66,117,34,101,129,30,107,15,78,26,99,87" hai3="100,71,35,4,45,36,43,122,82,125,106,2,61"/><T55/><D33/><U79/><E116/><V108/><F108/><W102/><G125/><T49/><D127/><U63/><E120/><V53/><F117/><W50/><G122/><T3/><D3/><U128/><E105/><V111/><F111/><W124/><G124/><T62/><D89/><U72/><E128/><V134/><F129/><W123/><G35/><T64/><D131/><U54/><E72/><V91/><F134/><N who="0" m="51242" /><D62/><U92/><E113/><V44/><F78/><W59/><G123/><T0/><D0/><U121/><E121/><V5/><F66/><W19/><G61/><T84/><D49/><U20/><E7/><V58/><F5/><W38/><G50/><T52/><D55/><U25/><E1/><V104/><F104/><W98/><G106/><T31/><D13/><N who="1" m="9231" /><E23/><V119/><F119/><W93/><G2/><T6/><D6/><U118/><E118/><V75/><F15/><W109/><G4/><T86/><D86/><AGARI ba="0,0" hai="24,25,27,54,56,63,77,79,86,88,92" m="9231" machi="86" ten="30,3900,0" yaku="8,1,54,2" doraHai="110" who="1" fromWho="0" sc="250,-39,250,39,250,0,250,0" /><INIT seed="1,0,0,3,3,54" ten="211,289,250,250" oya="1" hai0="99,65,5,97,116,87,123,6,125,68,102,38,98" hai1="78,113,63,103,122,72,24,74,128,17,79,56,48" hai2="73,44,21,59,134,8,25,95,94,47,75,13,110" hai3="37,16,31,53,46,91,109,10,52,130,126,88,100"/><U23/><E122/><V4/><F134/><W77/><G109/><T104/><D116/><U7/><E113/><V135/><F135/><W86/><G130/><T67/><D38/><U70/><E128/><V19/><F110/><W39/><G126/><T57/><D125/><U114/><E114/><V22/><F75/><W89/><G100/><T34/><D123/><U43/><E70/><V30/><F73/><W36/><G31/><T108/><D34/><U101/><E7/><V133/><F133/><W81/><G46/><N who="2" m="17449" /><F59/><W106/><G106/><T20/><D108/><U18/><E48/><V42/><F42/><W64/><REACH who="3" step="1"/><G64/><REACH who="3" ten="211,289,250,240" step="2"/><T14/><D102/><U131/><E103/><V45/><F45/><W15/><AGARI ba="0,1" hai="10,15,16,36,37,39,52,53,77,81,86,88,89,91" machi="15" ten="40,12000,2" yaku="1,1,2,1,0,1,54,3,53,0" doraHai="54" doraHaiUra="61" who="3" fromWho="3" sc="211,-30,289,-60,250,-30,240,130" /><INIT seed="2,0,0,1,5,28" ten="181,229,220,370" oya="2" hai0="106,120,130,7,2,20,19,97,51,118,23,54,21" hai1="26,65,86,9,95,116,31,43,71,127,89,27,124" hai2="121,109,68,10,75,38,40,60,37,48,108,133,79" hai3="115,94,6,0,56,8,14,123,76,42,46,114,55"/><V102/><F121/><W80/><G123/><T92/><D120/><U74/><E74/><V39/><F133/><W49/><G0/><T30/><D130/><U11/><E116/><V88/><F102/><W99/><G94/><T103/><D118/><U119/><E119/><V72/><F10/><N who="1" m="3593" /><E43/><V110/><F79/><W25/><G25/><N who="1" m="9226" /><E31/><V105/><F105/><W70/><G99/><T16/><D30/><U41/><E41/><V135/><F135/><W12/><G12/><T131/><D131/><U18/><E18/><N who="0" m="6697" /><D2/><U134/><E134/><V87/><F48/><W93/><G70/><T47/><D106/><U112/><E112/><V57/><F40/><W100/><G115/><T63/><D63/><U90/><E90/><V50/><F50/><W5/><G114/><T15/><D7/><U117/><E117/><V22/><F22/><N who="0" m="5634" /><T35/><DORA hai="67" /><D35/><U78/><E71/><V36/><F68/><W45/><G5/><T62/><D62/><U128/><E128/><V98/><F36/><W125/><G6/><T122/><D122/><U58/><E58/><V81/><F98/><W113/><G113/><T66/><D15/><U83/><E65/><AGARI ba="0,0" hai="37,38,39,57,60,65,72,75,81,87,88,108,109,110" machi="65" ten="50,9600,0" yaku="14,1,10,1,54,1" doraHai="28,67" who="2" fromWho="1" sc="181,0,229,-96,220,96,370,0" /><AGARI ba="0,0" hai="47,51,54,65,66,92,97,103" m="5634,6697" machi="65" ten="40,2600,0" yaku="8,1,54,1" doraHai="28,67" who="0" fromWho="1" sc="181,26,133,-26,316,0,370,0" /><INIT seed="2,1,0,5,5,119" ten="207,107,316,370" oya="2" hai0="71,93,26,121,86,68,67,69,84,83,10,62,5" hai1="40,78,112,76,100,53,2,113,134,97,98,128,96" hai2="89,21,132,33,105,51,135,79,48,9,127,111,49" hai3="60,12,58,103,82,77,124,63,55,47,14,57,39"/><V7/><F33/><W114/><G124/><T50/><D121/><U104/><E2/><V94/><F105/><W18/><G114/><T6/><D50/><U106/><E40/><V52/><F127/><W75/><G103/><T120/><D120/><U35/><E35/><V129/><F129/><W130/><G130/><T19/><D93/><U123/><E53/><V115/><F115/><N who="1" m="44105" /><E128/><V15/><F111/><W24/><G47/><T29/><D19/><U108/><E123/><V56/><F79/><N who="1" m="30249" /><E100/><V42/><F21/><W64/><G39/><T20/><D5/><U81/><E134/><N who="2" m="51243" /><F42/><W65/><G55/><T34/><D34/><U99/><N who="1" m="24576" /><DORA hai="8" /><U118/><E118/><V66/><F66/><W110/><G65/><T31/><D20/><U92/><E108/><V0/><F0/><W36/><G110/><T28/><D26/><U73/><E92/><V37/><F37/><W32/><G36/><T61/><D67/><U45/><E45/><V91/><F94/><W102/><G32/><T125/><D125/><U72/><E81/><V44/><F44/><W131/><G131/><T43/><D83/><U85/><E85/><V1/><F1/><W17/><G102/><T11/><D43/><U59/><E59/><V22/><F22/><N who="3" m="13391" /><G58/><T80/><D80/><U25/><E25/><V74/><F74/><AGARI ba="1,0" hai="72,73,74,104,106" m="24576,30249,44105" machi="74" ten="50,8000,1" yaku="28,2,34,2" doraHai="119,8" who="1" fromWho="2" sc="207,0,107,83,316,-83,370,0" /><INIT seed="3,0,0,1,5,109" ten="207,190,233,370" oya="3" hai0="28,73,48,123,94,102,20,55,105,77,132,18,112" hai1="65,42,89,93,92,45,66,58,24,69,46,14,106" hai2="70,68,82,126,97,134,16,43,90,13,31,34,115" hai3="76,9,15,114,59,36,80,128,19,86,40,83,125"/><W67/><G114/><T26/><D123/><U135/><E106/><V38/><F126/><W39/><G128/><T11/><D112/><U1/><E1/><V116/><F115/><W118/><G118/><T88/><D132/><U78/><E69/><V107/><F116/><W44/><G125/><T98/><D73/><U96/><E78/><V108/><F134/><W79/><G59/><N who="0" m="33255" /><D105/><U130/><E135/><V87/><F108/><W3/><G67/><T133/><D133/><U75/><E75/><V2/><F2/><W81/><G3/><T71/><D71/><U104/><E104/><V74/><F74/><W113/><G113/><T4/><D77/><U111/><E111/><V120/><F120/><W64/><G64/><T119/><D119/><U33/><E58/><V22/><F34/><W61/><G61/><T49/><D49/><U6/><E130/><V8/><F38/><W91/><G39/><T0/><D0/><U60/><E60/><V56/><F43/><W23/><G79/><T100/><D4/><U84/><E66/><V51/><F68/><W10/><G76/><T127/><D127/><U50/><E65/><V54/><F70/><W27/><G9/><T52/><D52/><N who="1" m="29775" /><E33/><V5/><F107/><W29/><AGARI ba="0,0" hai="10,15,19,23,27,29,36,40,44,80,81,83,86,91" machi="29" ten="20,2100,0" yaku="0,1,7,1" doraHai="109" who="3" fromWho="3" sc="207,-7,190,-7,233,-7,370,21" owari="200,-20.0,183,-31.7,226,2.6,391,49.1" /></mjloggm>