<mjloggm ver="2.3"><GO type="225" lobby="0"/><UN n0="%EF%BC%AE%EF%BC%A1%EF%BC%AF%33%33%39" n1="%E3%81%AF%E3%82%88%E3%81%8A%E3%81%98%E3%81%95%E3%82%93" n2="%E7%99%BD%E6%97%A5%E9%9B%AA%E8%8F%9C" n3="%74%61%6B%75%61%6B%61" dan="17,17,17,16" rate="2192.75,2189.95,2232.01,2087.69" sx="M,M,M,M"/><TAIKYOKU oya="0"/><INIT seed="0,0,0,4,2,71" ten="250,250,250,250" oya="0" hai0="51,42,28,40,66,76,33,74,91,2,30,6,114" hai1="129,45,63,72,38,101,26,8,98,125,112,39,44" hai2="96,90,70,54,41,109,35,49,12,116,48,93,78" hai3="67,69,47,23,43,14,11,53,7,124,134,80,1"/><T82/><D114/><U20/><E72/><V31/><F70/><W29/><G124/><T118/><D118/><U57/><E125/><V110/><F116/><W36/><G134/><T15/><D2/><U58/><E112/><V13/><F78/><W9/><G53/><T117/><D117/><U100/><E129/><V97/><F41/><W92/><G92/><T50/><D66/><U123/><E123/><V89/><F31/><W81/><G67/><T73/><D91/><U4/><E45/><V3/><F3/><W56/><G56/><T24/><D73/><U22/><E44/><V65/><F65/><W55/><G55/><T79/><D79/><U105/><E100/><V94/><REACH who="2" step="1"/><F54/><REACH who="2" ten="250,250,240,250" step="2"/><W85/><G69/><T25/><D42/><U104/><E39/><V16/><F16/><W126/><G126/><T84/><D40/><U27/><E38/><V5/><F5/><W17/><G29/><T131/><D74/><U75/><E4/><V60/><F60/><W34/><G34/><AGARI ba="0,1" hai="12,13,34,35,48,49,89,90,93,94,96,97,109,110" machi="34" ten="25,3200,0" yaku="1,1,22,2,53,0" doraHai="71" doraHaiUra="68" who="2" fromWho="3" sc="250,0,250,0,240,42,250,-32" /><INIT seed="1,0,0,2,2,114" ten="250,250,282,218" oya="1" hai0="41,39,56,3,68,49,79,113,128,101,40,17,69" hai1="28,125,27,1,48,71,10,52,70,74,106,13,73" hai2="19,51,21,84,96,124,118,22,85,66,76,64,61" hai3="109,36,31,87,91,97,135,44,104,59,121,123,55"/><U117/><E117/><V119/><F124/><W130/><G109/><T11/><D113/><U111/><E106/><V43/><F96/><W63/><G130/><T100/><D79/><U57/><E1/><V120/><F120/><W107/><G135/><T126/><D126/><U32/><E125/><V86/><F76/><W89/><G31/><T67/><D39/><U24/><E111/><V5/><F5/><W75/><G75/><T92/><D128/><U88/><E27/><V38/><F38/><W98/><G104/><T33/><D33/><U18/><REACH who="1" step="1"/><E88/><REACH who="1" ten="250,240,282,218" step="2"/><V105/><F105/><W78/><G107/><T129/><D3/><U115/><E115/><V47/><F118/><W102/><G91/><T81/><D129/><U132/><E132/><V35/><F119/><W60/><G121/><T23/><D92/><U45/><E45/><V7/><F35/><W108/><G108/><T42/><D100/><U6/><E6/><V80/><F7/><W131/><G123/><T20/><D101/><U90/><E90/><V95/><F95/><W54/><G102/><T50/><D81/><U112/><E112/><V29/><F80/><W99/><G131/><T9/><D68/><AGARI ba="0,1" hai="10,13,18,24,28,32,48,52,57,68,70,71,73,74" machi="68" ten="40,3900,0" yaku="1,1,54,1,53,0" doraHai="114" doraHaiUra="127" who="1" fromWho="0" sc="250,-39,240,49,282,0,218,0" /><INIT seed="1,1,0,5,1,52" ten="211,289,282,218" oya="1" hai0="120,86,111,97,73,0,115,87,55,14,123,54,76" hai1="119,134,44,51,5,38,72,47,59,46,17,2,80" hai2="65,108,124,110,35,79,125,74,40,57,18,75,129" hai3="20,26,117,127,60,109,96,50,114,77,62,67,43"/><U58/><E38/><V105/><F35/><W81/><G114/><T37/><D0/><U29/><E119/><V64/><F105/><W99/><G109/><N who="2" m="42089" /><F40/><W128/><G127/><N who="2" m="48713" /><F129/><W135/><G135/><T3/><D37/><U126/><E126/><V16/><F79/><W91/><G91/><T66/><D76/><U93/><E134/><V9/><F9/><W116/><G128/><T11/><D11/><U90/><E29/><V31/><F31/><W15/><G15/><T71/><D14/><U10/><E17/><N who="2" m="6763" /><F57/><W130/><G130/><T70/><D111/><U102/><E72/><AGARI ba="1,0" hai="64,65,72,74,75" m="6763,48713,42089" machi="72" ten="40,8000,1" yaku="28,2,14,1,18,1,54,1" doraHai="52" who="2" fromWho="1" sc="211,0,289,-83,282,83,218,0" /><INIT seed="2,0,0,4,0,85" ten="211,206,365,218" oya="2" hai0="30,83,16,3,101,97,47,45,126,54,23,81,14" hai1="50,77,7,110,118,75,56,79,109,120,99,53,122" hai2="112,26,117,78,55,66,127,25,92,11,133,72,39" hai3="20,73,129,21,68,59,49,6,43,131,62,100,96"/><V67/><F112/><W71/><G73/><T22/><D3/><U2/><E118/><V130/><F39/><W82/><G82/><T91/><D126/><U98/><E7/><V123/><F78/><N who="1" m="29705" /><E2/><V125/><F72/><W19/><G6/><T60/><D81/><U34/><E34/><V74/><F74/><W63/><G43/><T87/><D30/><U13/><E13/><V42/><F123/><N who="1" m="47145" /><E75/><V61/><F42/><W132/><G49/><T37/><D37/><U111/><AGARI ba="0,0" hai="50,53,56,98,99,109,110,111" m="47145,29705" machi="111" ten="40,2700,0" yaku="14,1,13,1" doraHai="85" who="1" fromWho="1" sc="211,-7,206,27,365,-13,218,-7" /><INIT seed="3,0,0,0,3,117" ten="204,233,352,211" oya="3" hai0="122,108,96,121,58,126,16,71,86,87,60,135,68" hai1="39,109,8,12,69,66,90,112,114,64,118,62,40" hai2="113,98,116,55,5,94,67,7,43,110,49,20,52" hai3="10,44,18,80,82,101,91,76,120,4,134,14,54"/><W25/><G134/><T73/><D73/><U102/><E118/><V131/><F113/><W56/><G120/><N who="0" m="46187" /><D96/><U51/><E109/><V129/><F110/><W115/><G115/><T70/><D108/><U28/><E66/><V130/><F67/><W33/><G101/><T24/><D24/><U11/><E11/><V123/><F116/><W32/><G44/><T50/><D16/><U61/><E61/><V42/><F123/><W77/><G91/><T53/><D86/><U36/><E102/><N who="2" m="60759" /><F20/><N who="3" m="13463" /><G33/><T35/><D87/><U26/><E90/><V29/><F29/><W9/><G9/><T106/><D106/><U6/><E112/><V41/><F55/><W95/><G95/><T3/><D3/><U31/><E31/><V2/><F2/><W100/><G100/><T119/><D35/><U99/><E99/><V45/><AGARI ba="0,0" hai="5,7,41,42,43,45,49,52,129,130,131" m="60759" machi="45" ten="40,2700,0" yaku="19,1,54,1" doraHai="117" who="2" fromWho="2" sc="204,-7,233,-7,352,27,211,-13" owari="197,-30.3,226,2.6,379,47.9,198,-20.2" /></mjloggm>