<mjloggm ver="2.3"><GO type="225" lobby="0"/><UN n0="%E3%81%A1%E3%82%85%E3%81%86%E3%81%A9%E3%81%8F%E8%B1%A1%E3%81%95%E3%82%93" n1="%41%54%53%4D" n2="%E5%80%89%E6%A9%8B%EF%BC%A0%E4%BA%8B%E5%8B%99" n3="%E6%A1%9C%E8%8A%B1%E9%96%83%E3%80%85" dan="17,16,16,16" rate="2196.27,2085.47,2133.17,2165.06" sx="M,M,M,M"/><TAIKYOKU oya="0"/><INIT seed="0,0,0,2,2,58" ten="250,250,250,250" oya="0" hai0="107,104,125,59,1,57,14,40,84,2,42,38,68" hai1="45,93,135,130,23,60,17,106,4,52,103,51,29" hai2="111,87,37,0,16,129,5,39,131,46,54,21,81" hai3="123,126,62,82,32,12,65,24,78,94,72,10,35"/><T121/><D14/><U43/><E106/><N who="0" m="40489" /><D84/><U15/><E130/><N who="2" m="49675" /><F111/><W80/><G126/><T86/><D86/><U134/><E4/><V61/><F5/><W96/><G80/><T95/><D95/><U56/><REACH who="1" step="1"/><E29/><REACH who="1" ten="250,240,250,250" step="2"/><V64/><F0/><W50/><G123/><T89/><D121/><U70/><E70/><N who="2" m="42255" /><F46/><W8/><G8/><T90/><D68/><U77/><E77/><N who="2" m="46511" /><F54/><W92/><G10/><T9/><D9/><U19/><E19/><V30/><F30/><W74/><G78/><T33/><D1/><U25/><E25/><AGARI ba="0,1" hai="16,21,25,37,39" m="46511,42255,49675" machi="25" ten="30,3900,0" yaku="19,1,52,1,54,1" doraHai="58" who="2" fromWho="1" sc="250,0,240,-39,250,49,250,0" /><INIT seed="1,0,0,0,1,56" ten="250,201,299,250" oya="1" hai0="98,84,72,36,41,115,1,54,5,93,59,40,109" hai1="17,118,57,31,35,73,22,102,105,127,71,63,76" hai2="69,100,107,78,132,85,8,66,80,134,44,51,15" hai3="120,113,20,81,74,45,65,55,37,27,126,92,70"/><U38/><E118/><V106/><F69/><W135/><G120/><T123/><D115/><U39/><E127/><V6/><F66/><W104/><G113/><T75/><D123/><U87/><E87/><V79/><F79/><W88/><G104/><T99/><D109/><U95/><E95/><V32/><F32/><W34/><G34/><T111/><D111/><U112/><E112/><V101/><F107/><W21/><G126/><T7/><D84/><U86/><E86/><V24/><F24/><W28/><G135/><N who="2" m="51753" /><F106/><W53/><G65/><T10/><D5/><U103/><E71/><V42/><AGARI ba="0,0" hai="6,8,15,42,44,51,78,80,85,100,101" m="51753" machi="42" ten="30,2000,0" yaku="25,1,20,1" doraHai="56" who="2" fromWho="2" sc="250,-5,201,-10,299,20,250,-5" /><INIT seed="2,0,0,4,4,54" ten="245,191,319,245" oya="2" hai0="95,121,69,13,70,123,100,73,82,35,134,66,79" hai1="56,38,8,1,37,12,65,55,62,99,76,25,43" hai2="67,21,17,49,29,107,5,10,88,9,93,80,101" hai3="42,92,97,124,114,102,22,26,98,41,108,40,45"/><V50/><F29/><W63/><G108/><T31/><D134/><U51/><E1/><V57/><F107/><W91/><G124/><T118/><D118/><U33/><E76/><V19/><F101/><W132/><G132/><T135/><D135/><U110/><E110/><V75/><F75/><W47/><G114/><T96/><D13/><U122/><E122/><V112/><F80/><W83/><G63/><T89/><D69/><U71/><E99/><N who="2" m="57767" /><F112/><W117/><G117/><T115/><D115/><U15/><E15/><N who="2" m="5551" /><F10/><W36/><G36/><T64/><D64/><U11/><E11/><V61/><F17/><W130/><G130/><T86/><D31/><U0/><E0/><V14/><AGARI ba="0,0" hai="14,19,21,49,50,57,61,67" m="5551,57767" machi="14" ten="30,6000,0" yaku="8,1,52,1,54,1" doraHai="54" who="2" fromWho="2" sc="245,-20,191,-20,319,60,245,-20" /><INIT seed="2,1,0,2,2,100" ten="225,171,379,225" oya="2" hai0="13,26,27,1,41,88,35,75,103,67,51,85,60" hai1="135,81,58,107,98,20,84,80,9,91,69,129,89" hai2="61,93,7,123,37,36,33,3,76,121,120,19,47" hai3="117,12,45,66,87,134,125,79,23,16,48,106,57"/><V96/><F33/><W63/><G117/><T77/><D1/><U97/><E69/><V104/><F76/><W42/><G125/><T95/><D13/><U130/><E20/><V82/><F82/><W86/><G134/><T0/><D0/><U92/><E58/><V90/><F19/><W40/><G106/><T70/><D103/><N who="1" m="62959" /><E9/><V78/><F78/><W50/><G79/><T38/><D38/><U32/><E32/><V22/><F22/><W126/><G126/><T124/><D124/><U29/><E29/><V34/><F34/><W44/><AGARI ba="1,0" hai="12,16,23,40,42,44,45,48,50,57,63,66,86,87" machi="44" ten="30,7900,0" yaku="0,1,9,1,8,1,54,1" doraHai="100" who="3" fromWho="3" sc="225,-21,171,-21,379,-40,225,82" /><INIT seed="3,0,0,2,1,55" ten="204,150,339,307" oya="3" hai0="71,50,64,72,68,3,61,116,18,38,120,16,37" hai1="24,17,32,113,67,79,118,56,90,21,134,117,52" hai2="63,91,60,87,101,0,46,104,36,44,111,62,80" hai3="98,31,26,102,77,109,43,74,124,125,53,65,133"/><W23/><G133/><T93/><D120/><U112/><E134/><V76/><F0/><W19/><G43/><T128/><D116/><N who="1" m="44651" /><E79/><V89/><F111/><W39/><G39/><T8/><D72/><U110/><E110/><V29/><F29/><W75/><G109/><T131/><D71/><U28/><E90/><V107/><F36/><N who="0" m="13930" /><D93/><U11/><E67/><V86/><F76/><W35/><G65/><T66/><D66/><U84/><E84/><V114/><F114/><N who="1" m="44137" /><E11/><V69/><F69/><W20/><G53/><T25/><D50/><N who="1" m="30743" /><E32/><V58/><F107/><W99/><G99/><T96/><D96/><U54/><E54/><N who="2" m="33879" /><F104/><W13/><G35/><T81/><D81/><U123/><E123/><V49/><F101/><W10/><G10/><T88/><D88/><U73/><E73/><V83/><F44/><W7/><G7/><T78/><D78/><U97/><E97/><V4/><F4/><W126/><REACH who="3" step="1"/><G77/><REACH who="3" ten="204,150,339,297" step="2"/><T59/><D8/><U48/><E48/><V40/><AGARI ba="0,1" hai="40,46,49,62,63,80,83,86,87,89,91" m="33879" machi="40" ten="30,2000,0" yaku="8,1,52,1" doraHai="55" who="2" fromWho="2" sc="204,-5,150,-5,339,30,297,-10" owari="199,-20.1,145,-35.5,369,46.9,287,8.7" /></mjloggm>