<mjloggm ver="2.3"><GO type="225" lobby="0"/><UN n0="%E9%87%8E%E3%80%85%E5%AE%AE%E8%97%8D" n1="%43%68%65" n2="%E6%A1%9C%E8%8A%B1%E9%96%83%E3%80%85" n3="%E3%81%A0%E3%81%8A" dan="17,16,18,16" rate="2153.44,2161.48,2253.20,2026.48" sx="F,M,M,M"/><TAIKYOKU oya="0"/><INIT seed="0,0,0,2,1,67" ten="250,250,250,250" oya="0" hai0="92,132,26,12,1,42,133,2,82,24,119,88,65" hai1="25,104,13,121,31,80,107,117,7,69,9,57,55" hai2="11,14,38,21,34,78,95,102,106,17,49,75,128" hai3="100,6,90,79,62,58,37,130,47,91,120,72,103"/><T99/><D119/><U33/><E117/><V110/><F38/><W27/><G130/><T123/><D123/><U108/><E121/><V81/><F128/><W44/><G120/><T64/><D42/><U70/><E108/><V53/><F34/><W113/><G113/><T63/><D12/><U86/><E104/><V8/><F106/><W84/><G6/><T94/><D82/><U89/><REACH who="1" step="1"/><E107/><REACH who="1" ten="250,240,250,250" step="2"/><V114/><F110/><W0/><G103/><T59/><D132/><U61/><AGARI ba="0,1" hai="7,9,13,25,31,33,55,57,61,69,70,80,86,89" machi="61" ten="20,12000,2" yaku="1,1,2,1,0,1,7,1,52,2,53,0" doraHai="67" doraHaiUra="98" who="1" fromWho="1" sc="250,-60,240,130,250,-30,250,-30" /><INIT seed="1,0,0,1,4,61" ten="190,370,220,220" oya="1" hai0="24,67,4,109,66,14,126,79,38,29,135,21,42" hai1="124,78,40,44,65,87,125,1,81,73,134,72,54" hai2="50,30,76,49,93,121,37,85,20,17,0,99,32" hai3="23,97,62,18,43,100,120,89,64,75,98,34,35"/><U7/><E54/><V130/><F121/><W45/><G120/><T103/><D109/><U26/><E134/><V96/><F37/><W83/><G75/><T12/><D135/><U28/><E65/><N who="0" m="24585" /><D38/><N who="1" m="21527" /><E7/><V31/><F130/><W128/><G128/><T106/><D106/><U59/><E59/><V132/><F0/><W56/><G83/><T82/><D126/><N who="1" m="48747" /><E1/><V52/><F49/><W70/><G89/><T51/><D103/><U63/><E63/><V55/><F55/><W25/><G98/><T15/><D51/><U3/><E3/><V119/><F119/><W129/><G70/><T88/><D42/><U133/><E133/><V117/><F32/><AGARI ba="0,0" hai="26,28,32,72,73,78,81,87" m="48747,21527" machi="32" ten="30,1500,0" yaku="18,1" doraHai="61" who="1" fromWho="2" sc="190,0,370,15,220,-15,220,0" /><INIT seed="1,1,0,4,3,122" ten="190,385,205,220" oya="1" hai0="38,2,74,30,8,21,68,59,123,72,65,132,5" hai1="80,89,99,54,67,126,28,90,129,44,9,56,6" hai2="114,57,24,39,85,93,41,100,84,86,45,79,34" hai3="7,55,96,23,35,29,69,16,117,48,3,134,25"/><U31/><E126/><V118/><F118/><W15/><G134/><T125/><D38/><U105/><E129/><V61/><F114/><W11/><G117/><T88/><D125/><U46/><E67/><V64/><F79/><W98/><REACH who="3" step="1"/><G69/><REACH who="3" ten="190,385,205,210" step="2"/><T52/><D132/><U51/><E105/><V73/><F73/><W40/><G40/><T116/><D116/><U92/><E80/><V102/><REACH who="2" step="1"/><F93/><REACH who="2" ten="190,385,195,210" step="2"/><W37/><G37/><T60/><D123/><U135/><E135/><V111/><F111/><W49/><G49/><T78/><D72/><U91/><E92/><V12/><F12/><W66/><G66/><T71/><D65/><U20/><E51/><V94/><F94/><W119/><G119/><T81/><REACH who="0" step="1"/><D88/><REACH who="0" ten="180,385,195,210" step="2"/><U53/><E90/><V33/><F33/><W107/><G107/><T36/><D36/><U106/><E89/><V18/><F18/><W0/><G0/><T124/><D124/><U131/><E91/><V43/><F43/><W47/><AGARI ba="1,3" hai="3,7,11,15,16,23,25,29,35,47,48,55,96,98" machi="47" ten="20,12000,2" yaku="1,1,0,1,7,1,24,2,54,1,53,0" doraHai="122" doraHaiUra="97" who="3" fromWho="3" sc="180,-31,385,-61,195,-31,210,153" /><INIT seed="2,0,0,2,3,78" ten="149,324,164,363" oya="2" hai0="54,90,84,117,50,125,61,27,8,21,102,49,47" hai1="82,23,71,93,19,134,77,130,45,96,33,43,127" hai2="12,81,97,118,76,111,22,14,38,85,114,131,115" hai3="68,65,103,87,42,72,52,39,24,51,48,25,73"/><V4/><F118/><W60/><G103/><T119/><D125/><U32/><E127/><V31/><F38/><W66/><G66/><T67/><D102/><U62/><E130/><V15/><F131/><W44/><G48/><T35/><D35/><U112/><E134/><V26/><F111/><W7/><G7/><T63/><D49/><U79/><E79/><V13/><N who="2" m="3072" /><DORA hai="57" /><V109/><F109/><W41/><G41/><T10/><D117/><U28/><E28/><V40/><F40/><W113/><G87/><T89/><D89/><U56/><E71/><V100/><REACH who="2" step="1"/><F4/><REACH who="2" ten="149,324,154,363" step="2"/><W129/><G129/><T74/><D119/><U91/><E112/><V55/><F55/><W53/><G53/><T5/><D5/><U69/><E43/><V86/><F86/><W0/><G113/><T34/><D74/><U46/><E96/><V124/><F124/><W75/><G72/><T107/><D67/><U2/><E2/><V133/><F133/><W3/><G0/><T80/><D34/><U83/><E33/><V120/><F120/><W36/><G3/><T101/><D8/><U9/><E9/><V29/><F29/><W95/><G73/><T92/><D10/><U135/><E32/><V58/><F58/><W98/><G75/><T105/><D105/><AGARI ba="0,1" hai="22,26,31,76,81,85,97,100,105,114,115" m="3072" machi="105" ten="50,4800,0" yaku="1,1,52,1,53,0" doraHai="78,57" doraHaiUra="126,70" who="2" fromWho="0" sc="149,-48,324,0,154,58,363,0" /><INIT seed="2,1,0,0,3,71" ten="101,324,212,363" oya="2" hai0="108,42,19,24,67,63,11,92,104,37,18,110,53" hai1="116,48,38,7,40,75,3,59,65,52,21,73,47" hai2="44,23,107,43,77,17,6,46,60,134,41,123,88" hai3="100,9,114,26,112,117,2,54,122,83,50,130,84"/><V126/><F123/><W76/><G117/><T89/><D104/><U30/><E116/><V58/><F107/><W15/><G2/><T1/><D53/><U74/><E65/><V81/><F134/><W62/><G122/><T94/><D1/><U32/><E32/><V0/><F126/><W29/><G62/><T118/><D118/><U31/><REACH who="1" step="1"/><E21/><REACH who="1" ten="101,314,212,363" step="2"/><V91/><F23/><W64/><G64/><T121/><D121/><U49/><E49/><V82/><F60/><W4/><G130/><T35/><D35/><U55/><E55/><V97/><F43/><W119/><G119/><T8/><D42/><U132/><E132/><V109/><F41/><W120/><G120/><T22/><D37/><U27/><E27/><V135/><F135/><W127/><G127/><T99/><D110/><U129/><E129/><V45/><F109/><W5/><G50/><T61/><D108/><U86/><E86/><V133/><F133/><W101/><G54/><T70/><D63/><U33/><E33/><V98/><F98/><W13/><G84/><T124/><D124/><U131/><E131/><V103/><F97/><W78/><G26/><T96/><REACH who="0" step="1"/><D19/><REACH who="0" ten="91,314,212,363" step="2"/><U113/><E113/><V56/><F17/><W79/><G112/><T57/><D57/><U93/><E93/><V80/><F58/><W95/><G95/><T69/><D69/><U68/><E68/><V36/><F56/><W125/><G114/><T28/><D28/><U39/><E39/><V34/><F36/><W10/><G29/><T25/><D25/><U106/><E106/><V128/><F34/><W16/><G125/><RYUUKYOKU ba="1,2" sc="91,15,314,15,212,-15,363,-15" hai0="8,11,18,22,24,61,67,70,89,92,94,96,99" hai1="3,7,30,31,38,40,47,48,52,59,73,74,75" /><INIT seed="3,2,2,4,1,130" ten="106,329,197,348" oya="3" hai0="69,71,81,61,76,47,18,29,9,128,26,115,121" hai1="105,70,54,2,16,8,57,13,91,77,38,4,25" hai2="108,68,116,36,66,101,94,23,106,33,113,1,127" hai3="27,87,98,132,74,56,95,11,107,126,43,44,82"/><W96/><G132/><T131/><D121/><U92/><E70/><V86/><RYUUKYOKU type="yao9" ba="2,2" sc="106,0,329,0,197,0,348,0" hai2="1,23,33,36,66,68,86,94,101,106,108,113,116,127" /><INIT seed="3,3,2,3,2,37" ten="106,329,197,348" oya="3" hai0="29,91,16,64,96,87,99,53,94,85,71,26,31" hai1="17,6,117,47,104,128,1,39,89,113,12,13,121" hai2="132,33,8,100,38,44,112,92,55,28,110,54,30" hai3="90,11,50,111,118,10,78,23,135,65,43,81,56"/><W40/><G118/><T34/><D31/><N who="2" m="11818" /><F38/><W20/><G90/><T131/><D131/><U57/><E121/><V122/><F33/><W63/><G135/><T19/><D99/><U59/><E113/><V60/><F112/><W4/><G50/><T125/><D125/><U115/><E115/><V14/><F132/><W93/><G93/><T32/><D32/><U84/><E104/><V102/><F122/><W18/><G111/><T127/><D127/><U67/><E1/><V46/><F110/><W108/><G108/><T83/><D85/><U97/><E97/><N who="2" m="59431" /><F102/><W2/><G10/><T5/><D5/><U103/><E103/><V120/><F120/><W51/><G20/><T35/><D35/><U45/><E128/><V61/><F55/><W74/><G51/><T22/><D53/><U68/><E39/><V119/><F119/><W86/><G74/><T105/><D22/><N who="1" m="11559" /><E117/><V107/><F107/><W21/><G21/><T3/><D3/><U79/><E68/><V66/><F66/><W95/><G95/><T41/><D41/><U58/><E67/><V130/><F130/><W101/><G101/><T0/><D0/><U75/><E75/><V77/><F77/><W98/><G98/><T52/><D52/><U27/><E79/><V9/><F9/><W106/><G106/><T70/><D105/><U76/><E76/><V116/><F116/><W49/><G49/><T88/><REACH who="0" step="1"/><D71/><REACH who="0" ten="96,329,197,348" step="2"/><U109/><E109/><V42/><F54/><W15/><AGARI ba="3,3" hai="2,4,11,15,18,23,40,43,56,63,65,78,81,86" machi="15" ten="20,7800,0" yaku="0,1,7,1,52,2" doraHai="37" who="3" fromWho="3" sc="96,-29,329,-29,197,-29,348,117" owari="67,-43.3,300,10.0,168,-23.2,465,56.5" /></mjloggm>