<mjloggm ver="2.3"><GO type="225" lobby="0"/><UN n0="%E3%80%93%E3%81%97%E3%83%BC%E3%82%89%E3%80%93" n1="%E6%98%93%E5%88%A9%E8%96%A9%E4%BC%AF" n2="%4D%6F%6E%61%6E%61" n3="%48%61%61%61%6C%61%6E%64" dan="16,16,16,18" rate="2180.61,2026.06,2076.88,2128.35" sx="M,F,F,M"/><TAIKYOKU oya="0"/><INIT seed="0,0,0,2,3,102" ten="250,250,250,250" oya="0" hai0="114,47,38,130,40,36,21,18,75,91,110,34,14" hai1="10,35,51,126,122,84,86,5,64,71,100,108,121" hai2="127,50,4,22,45,111,135,87,9,2,105,20,28" hai3="11,81,93,131,31,29,30,74,107,85,16,17,53"/><T78/><D114/><U60/><E35/><V63/><F111/><W19/><G131/><T59/><D34/><U58/><E108/><V25/><F127/><W54/><G107/><T92/><D110/><U89/><E126/><V115/><F115/><W116/><G116/><T15/><D130/><U79/><E100/><V88/><F135/><W76/><REACH who="3" step="1"/><G11/><REACH who="3" ten="250,250,250,240" step="2"/><T7/><D7/><U48/><E10/><V103/><F63/><W83/><G83/><T128/><D128/><U66/><E60/><V109/><F109/><W73/><G73/><T55/><D75/><U125/><E125/><V133/><F133/><W42/><G42/><T37/><D78/><U1/><E79/><V132/><F132/><W97/><G97/><T112/><D112/><U118/><E118/><V39/><F105/><W62/><G62/><T117/><D117/><U49/><E121/><V26/><F103/><W23/><G23/><T0/><D0/><U3/><E122/><V82/><F39/><W24/><G24/><T134/><D134/><U106/><E3/><V99/><F99/><W69/><G69/><T68/><D68/><U8/><E71/><V52/><REACH who="2" step="1"/><F26/><REACH who="2" ten="250,250,240,240" step="2"/><W104/><G104/><T119/><D119/><U94/><E106/><V61/><F61/><W67/><G67/><T77/><D38/><U95/><E66/><V129/><F129/><W56/><G56/><T41/><D37/><U44/><E64/><V33/><AGARI ba="0,2" hai="2,4,9,20,22,25,28,33,45,50,52,82,87,88" machi="33" ten="20,8000,1" yaku="1,1,0,1,7,1,54,2,53,0" doraHai="102" doraHaiUra="70" who="2" fromWho="2" sc="250,-40,250,-20,240,100,240,-20" /><INIT seed="1,0,0,5,5,93" ten="210,230,340,220" oya="1" hai0="72,133,88,96,91,83,32,0,38,66,17,114,78" hai1="107,40,34,8,111,134,115,41,65,20,84,77,120" hai2="129,26,62,98,79,113,92,51,56,86,12,116,16" hai3="53,102,99,1,5,127,130,24,19,135,36,67,27"/><U100/><E115/><V71/><F129/><W25/><G130/><T118/><D114/><U124/><E34/><V90/><F116/><W6/><G135/><T21/><D32/><U13/><E120/><V128/><F128/><W112/><G112/><T110/><D0/><U30/><E134/><V3/><F3/><W64/><G127/><T94/><D38/><U69/><E111/><V74/><F113/><W73/><G73/><T47/><D133/><U18/><E124/><V95/><F71/><W97/><G36/><T42/><D110/><U125/><E125/><V44/><F26/><W49/><G19/><T103/><D118/><U63/><E30/><V54/><F74/><W108/><G108/><T4/><D4/><N who="3" m="1641" /><G1/><T55/><D66/><N who="3" m="25129" /><G102/><T70/><D70/><U123/><E8/><N who="2" m="6151" /><F79/><W14/><G14/><T33/><D33/><U2/><E2/><V81/><F98/><N who="3" m="37387" /><G25/><T9/><D9/><U85/><E123/><V28/><F28/><W11/><G11/><T109/><D109/><U10/><E10/><V75/><F75/><W23/><G23/><T29/><D29/><U59/><E100/><V76/><F76/><W89/><G89/><N who="0" m="34379" /><D21/><U7/><E7/><V132/><F132/><W15/><G15/><T131/><D131/><U60/><E77/><V39/><F39/><W87/><G87/><T119/><D119/><U126/><E126/><V46/><F86/><W61/><G61/><T58/><D17/><U104/><E84/><N who="2" m="50447" /><F62/><W35/><G35/><T82/><D72/><U43/><E85/><V106/><F106/><W122/><G122/><T121/><D121/><RYUUKYOKU ba="0,0" sc="210,-30,230,10,340,10,220,10" hai1="13,18,20,40,41,43,59,60,63,65,69,104,107" hai2="44,46,51,54,56,92,95" hai3="24,27,49,53" /><INIT seed="1,1,0,4,0,22" ten="180,240,350,230" oya="1" hai0="100,89,93,6,61,106,14,119,115,78,13,94,12" hai1="97,72,28,23,123,64,15,83,37,32,130,4,129" hai2="2,127,86,135,55,16,133,7,30,68,116,112,11" hai3="53,125,0,110,120,92,111,21,17,39,29,80,124"/><U74/><E123/><V103/><F68/><W113/><G113/><T70/><D115/><U5/><E37/><V63/><F116/><W134/><G120/><T114/><D114/><U10/><E64/><V27/><F127/><N who="3" m="48715" /><G134/><N who="2" m="51209" /><F112/><W51/><G39/><T42/><D119/><U57/><E32/><N who="2" m="20575" /><F103/><W90/><G80/><T99/><D42/><U44/><E44/><V71/><F86/><N who="3" m="52311" /><G0/><T117/><D117/><U109/><E5/><V66/><F55/><W79/><G29/><T24/><D78/><U82/><E97/><V35/><F16/><W34/><G79/><T69/><D6/><U81/><E109/><V59/><F59/><N who="3" m="33215" /><G34/><AGARI ba="1,0" hai="2,7,11,34,35,63,66,71" m="20575,51209" machi="34" ten="30,3900,0" yaku="20,1,23,1,52,1" doraHai="22" who="2" fromWho="3" sc="180,0,240,0,350,42,230,-42" /><INIT seed="2,0,0,2,3,43" ten="180,240,392,188" oya="2" hai0="66,114,47,90,123,78,1,135,77,103,63,29,124" hai1="120,79,68,32,54,98,132,109,55,105,121,27,83" hai2="52,106,18,86,82,33,89,13,15,108,19,75,88" hai3="80,60,23,81,46,94,64,28,70,74,44,73,131"/><V118/><F106/><W48/><G131/><T99/><D1/><U11/><E68/><V34/><F75/><W10/><G94/><T57/><D114/><U95/><E105/><V20/><F118/><W7/><G74/><T96/><D123/><N who="1" m="47179" /><E109/><V76/><F108/><W61/><G61/><T92/><D124/><U129/><E132/><V84/><F76/><W134/><G134/><T53/><D135/><U62/><E62/><V37/><F37/><W71/><G71/><T101/><D29/><N who="1" m="19519" /><E11/><V100/><F100/><N who="0" m="38474" /><D99/><U102/><E129/><V51/><F18/><W130/><G130/><T72/><D72/><AGARI ba="0,0" hai="54,55,72,79,83,95,98,102" m="19519,47179" machi="72" ten="30,1000,0" yaku="13,1" doraHai="43" who="1" fromWho="0" sc="180,-10,240,10,392,0,188,0" /><INIT seed="3,0,0,2,0,121" ten="170,250,392,188" oya="3" hai0="103,120,111,67,17,55,80,114,68,11,7,96,83" hai1="95,50,18,130,105,115,9,81,119,51,128,88,57" hai2="54,129,4,116,25,135,66,8,73,91,133,127,52" hai3="124,42,19,2,61,86,46,93,16,126,89,47,107"/><W98/><G2/><T131/><D120/><U78/><E105/><V20/><F73/><W132/><G132/><N who="2" m="50761" /><F127/><N who="3" m="48683" /><G61/><T110/><D131/><N who="1" m="50219" /><E115/><V30/><F129/><W134/><G134/><T29/><D114/><U0/><E57/><V26/><F116/><W112/><G112/><T100/><D29/><U45/><E45/><N who="3" m="16906" /><G42/><T102/><D96/><N who="1" m="57447" /><E119/><V72/><F72/><W74/><G74/><T87/><D17/><N who="3" m="6729" /><G107/><T113/><D113/><U101/><E0/><N who="2" m="7" /><F66/><W109/><G109/><N who="0" m="41483" /><D55/><U39/><E39/><V40/><F40/><W76/><G76/><N who="0" m="46471" /><D83/><U118/><E118/><V34/><F91/><W38/><G38/><T69/><D67/><U70/><E81/><V32/><F26/><W106/><G106/><T44/><D44/><U117/><E78/><V97/><F97/><AGARI ba="0,0" hai="86,89,93,97,98" m="6729,16906,48683" machi="97" ten="30,2900,0" yaku="18,1,54,1" doraHai="121" who="3" fromWho="2" sc="170,0,250,0,392,-29,188,29" /><INIT seed="3,1,0,4,1,79" ten="170,250,363,217" oya="3" hai0="107,55,52,32,9,114,94,40,14,49,121,80,134" hai1="29,86,67,117,109,50,105,63,13,64,103,135,74" hai2="104,76,108,33,17,5,111,46,8,90,85,41,43" hai3="124,70,65,22,78,130,68,58,118,4,26,56,133"/><W123/><G118/><T34/><D107/><U2/><E74/><V24/><F104/><W57/><G123/><T30/><D121/><U127/><E2/><V125/><F76/><W23/><G124/><T27/><D134/><U71/><E117/><V96/><F96/><W89/><G133/><T72/><D114/><U75/><E135/><V62/><F125/><W115/><G115/><T113/><D113/><U66/><E75/><V42/><F62/><W61/><G130/><T87/><D72/><U81/><E127/><V126/><F126/><W21/><G78/><T83/><D34/><U36/><E36/><V132/><F132/><W11/><G70/><T12/><D40/><U54/><E29/><N who="2" m="19623" /><F17/><W82/><G26/><T88/><D55/><U120/><E120/><V0/><F46/><W131/><G131/><T116/><D116/><U97/><E13/><V10/><F10/><W48/><G48/><T7/><D14/><U98/><E98/><V47/><F47/><AGARI ba="1,0" hai="7,9,12,27,30,32,47,49,52,80,83,87,88,94" machi="47" ten="30,8000,1" yaku="7,1,52,2,54,2" doraHai="79" who="0" fromWho="2" sc="170,83,250,0,363,-83,217,0" /><INIT seed="4,0,0,5,4,23" ten="253,250,280,217" oya="0" hai0="100,70,40,73,57,80,63,99,106,27,18,8,110" hai1="112,28,41,126,26,77,29,107,83,58,91,56,60" hai2="71,121,31,105,13,52,43,20,114,39,119,111,98" hai3="14,6,59,108,123,15,132,16,33,5,128,65,124"/><T22/><D110/><U116/><E107/><V0/><F71/><W12/><G108/><T102/><D70/><U131/><E116/><V113/><F0/><W129/><G65/><T134/><D134/><U103/><E103/><N who="2" m="62711" /><F111/><W47/><G59/><T48/><D102/><U38/><E131/><N who="3" m="50250" /><G47/><T17/><D48/><U96/><E126/><V115/><F121/><W64/><G64/><T25/><D40/><U97/><E41/><V32/><F119/><W1/><G132/><T42/><D42/><U61/><E38/><V35/><F39/><W120/><G124/><T76/><D8/><U90/><E83/><V94/><F43/><W45/><G45/><T133/><D133/><U93/><E77/><V84/><F13/><N who="3" m="5227" /><G33/><T53/><REACH who="0" step="1"/><D27/><REACH who="0" ten="243,250,280,217" step="2"/><U44/><E26/><V118/><F118/><W66/><G66/><T21/><D21/><U78/><E61/><V55/><F32/><W127/><G127/><T75/><D75/><U49/><E60/><V95/><F35/><W85/><G85/><T92/><D92/><N who="2" m="35370" /><F84/><W67/><G67/><T37/><D37/><U130/><E130/><V88/><F55/><W117/><G117/><T79/><D79/><U11/><E78/><V19/><F52/><W7/><G1/><T3/><D3/><U34/><E34/><V68/><F68/><W30/><G30/><AGARI ba="0,1" hai="17,18,22,25,30,53,57,63,73,76,80,99,100,106" machi="30" ten="30,5800,0" yaku="1,1,7,1,52,1,53,0" doraHai="23" doraHaiUra="62" who="0" fromWho="3" sc="243,68,250,0,280,0,217,-58" owari="311,41.1,250,-15.0,280,8.0,159,-34.1" /></mjloggm>