<mjloggm ver="2.3"><GO type="225" lobby="0"/><UN n0="%6D%75%75%6D%75%72%61" n1="%E5%A4%96%E5%B7%9D%E7%AB%9C%E6%88%90" n2="%30%2E%31%32%30" n3="%E3%82%B2%E3%82%B9%E8%8C%82%E5%8B%9D" dan="17,16,16,16" rate="2237.23,2164.74,2119.09,2055.36" sx="F,M,M,F"/><TAIKYOKU oya="0"/><INIT seed="0,0,0,2,1,9" ten="250,250,250,250" oya="0" hai0="84,66,16,56,54,40,82,50,46,61,108,14,124" hai1="77,96,126,85,68,102,23,91,80,33,72,0,2" hai2="128,75,59,37,38,88,86,53,22,45,51,3,104" hai3="6,5,30,131,92,101,43,47,119,20,55,122,105"/><T49/><D124/><U83/><E33/><V116/><F75/><W48/><G119/><T4/><D108/><U18/><E68/><V134/><F134/><W103/><G131/><T78/><D4/><N who="3" m="1641" /><G105/><T17/><REACH who="0" step="1"/><D14/><REACH who="0" ten="240,250,250,250" step="2"/><U129/><E126/><V100/><F116/><W73/><G122/><T98/><D98/><U121/><E121/><V26/><F128/><W107/><G107/><T29/><D29/><U97/><E129/><V127/><F127/><W94/><G30/><T13/><D13/><U52/><E97/><V15/><F15/><W63/><G101/><T99/><D99/><U117/><E117/><V132/><F132/><W7/><G103/><T115/><D115/><U57/><E96/><V34/><F100/><W28/><G28/><T71/><AGARI ba="0,1" hai="16,17,40,46,49,50,54,56,61,66,71,78,82,84" machi="71" ten="20,7800,0" yaku="1,1,0,1,7,1,54,1,53,0" doraHai="9" doraHaiUra="69" who="0" fromWho="0" sc="240,88,250,-26,250,-26,250,-26" /><INIT seed="0,1,0,1,5,63" ten="328,224,224,224" oya="0" hai0="30,107,72,21,121,48,27,80,24,129,115,19,87" hai1="18,85,0,125,8,22,33,5,6,53,123,102,15" hai2="23,103,49,113,112,3,29,62,59,70,76,116,126" hai3="41,45,25,38,108,132,10,69,106,82,66,71,14"/><T47/><D115/><U117/><E117/><V68/><F3/><W20/><G108/><T127/><D121/><U100/><E123/><V81/><F116/><W52/><G106/><T109/><D127/><U17/><E125/><V79/><F126/><W131/><G132/><T77/><D129/><U105/><E105/><V4/><F4/><W94/><G131/><T122/><D122/><U98/><E98/><V124/><F124/><W56/><G82/><T61/><D107/><U118/><E33/><V93/><F49/><W7/><G94/><T2/><D2/><U74/><E74/><V1/><F1/><W50/><REACH who="3" step="1"/><G66/><REACH who="3" ten="328,224,224,214" step="2"/><T39/><D109/><U54/><E118/><V42/><F112/><W13/><G13/><T9/><D80/><U35/><E15/><V128/><F113/><W104/><G104/><T11/><D72/><U92/><E92/><V67/><F128/><W89/><G89/><T134/><D77/><U58/><E0/><V32/><F79/><W78/><G78/><T110/><D134/><U16/><E102/><V101/><F76/><W55/><G55/><T84/><D110/><U64/><E100/><V65/><F81/><W31/><AGARI ba="1,1" hai="7,10,14,20,25,31,38,41,45,50,52,56,69,71" machi="31" ten="20,5200,0" yaku="1,1,0,1,7,1,54,1,53,0" doraHai="63" doraHaiUra="28" who="3" fromWho="3" sc="328,-27,224,-14,224,-14,214,65" /><INIT seed="1,0,0,2,2,48" ten="301,210,210,279" oya="1" hai0="67,44,73,64,111,41,71,94,22,81,126,72,39" hai1="100,31,11,1,45,82,134,131,58,50,42,4,62" hai2="55,118,47,83,61,53,18,36,96,115,110,52,13" hai3="93,78,49,59,15,90,109,101,40,26,57,74,92"/><U117/><E117/><V65/><F118/><W91/><G109/><T5/><D111/><U108/><E108/><V106/><F110/><W0/><G0/><T75/><D126/><U32/><E134/><V17/><F115/><W14/><G101/><T80/><D71/><U102/><E131/><V128/><F128/><W12/><G26/><T124/><D124/><U127/><E127/><V46/><F36/><W56/><G78/><T37/><D37/><U54/><E31/><V133/><F133/><W27/><G27/><T97/><D22/><U77/><REACH who="1" step="1"/><E32/><REACH who="1" ten="301,200,210,279" step="2"/><V30/><F30/><W99/><G74/><AGARI ba="0,1" hai="1,4,11,42,45,50,54,58,62,74,77,82,100,102" machi="74" ten="30,11600,0" yaku="1,1,2,1,7,1,52,1,53,0" doraHai="48" doraHaiUra="16" who="1" fromWho="3" sc="301,0,200,126,210,0,279,-116" /><INIT seed="1,1,0,4,4,104" ten="301,326,210,163" oya="1" hai0="8,26,66,113,7,55,115,58,49,108,57,22,41" hai1="35,11,65,13,32,75,54,33,23,5,40,118,59" hai2="93,107,129,111,112,85,131,51,79,25,28,50,18" hai3="2,15,10,38,92,124,3,16,72,24,119,83,84"/><U47/><E118/><V68/><F107/><W77/><G124/><T9/><D108/><U61/><E75/><V127/><F127/><W21/><G119/><T122/><D122/><U130/><E130/><N who="2" m="49675" /><F112/><W91/><REACH who="3" step="1"/><G38/><REACH who="3" ten="301,326,210,153" step="2"/><T125/><D125/><U45/><E35/><V0/><F111/><W96/><G96/><T81/><D113/><U86/><E33/><V6/><F68/><W4/><AGARI ba="1,1" hai="2,3,4,10,15,16,21,24,72,77,83,84,91,92" machi="4" ten="20,8000,1" yaku="1,1,0,1,7,1,52,1,54,1,53,0" doraHai="104" doraHaiUra="53" who="3" fromWho="3" sc="301,-21,326,-41,210,-21,153,93" /><INIT seed="2,0,0,0,3,133" ten="280,285,189,246" oya="2" hai0="105,115,14,75,98,134,117,96,61,128,47,132,4" hai1="69,116,59,10,35,74,104,18,65,80,89,135,114" hai2="6,30,37,109,100,36,101,86,28,27,112,70,21" hai3="1,45,2,126,25,66,38,118,9,121,113,76,94"/><V31/><F112/><W57/><G118/><T106/><D115/><U11/><E69/><V19/><F70/><W33/><G121/><T91/><D117/><U26/><E104/><N who="0" m="40041" /><D75/><U17/><E135/><N who="0" m="51753" /><D128/><U99/><E89/><V20/><F109/><W78/><G113/><T55/><D91/><U84/><E84/><V124/><F6/><W68/><G68/><T56/><D47/><U103/><E80/><V131/><F131/><W5/><G1/><T110/><D110/><U58/><E58/><V43/><F124/><W111/><G111/><T48/><D48/><U92/><E74/><V54/><F54/><W52/><G66/><T79/><D79/><U12/><E59/><V62/><F62/><W60/><G94/><T39/><D39/><U71/><E116/><V8/><F37/><W50/><G38/><T63/><D63/><U108/><E114/><V44/><F8/><AGARI ba="0,0" hai="4,8,14,55,56,61,96,98" m="51753,40041" machi="8" ten="30,1000,0" yaku="20,1" doraHai="133" who="0" fromWho="2" sc="280,10,285,0,189,-10,246,0" /><INIT seed="3,0,0,5,3,12" ten="290,285,179,246" oya="3" hai0="115,3,57,122,18,91,44,133,107,79,92,21,58" hai1="127,85,8,30,50,53,49,62,0,119,124,113,23" hai2="37,87,22,88,45,20,36,94,64,95,86,7,56" hai3="1,106,32,90,63,40,71,31,69,54,97,99,93"/><W98/><G1/><T17/><D122/><U121/><E121/><V46/><F56/><W128/><G128/><T29/><D107/><U108/><E113/><V59/><F59/><N who="0" m="22538" /><D3/><U28/><E108/><V39/><F7/><W34/><G40/><T68/><D68/><U24/><E30/><V14/><F14/><W135/><G135/><T132/><D79/><U6/><E119/><V78/><F78/><W84/><G106/><T114/><D29/><U67/><E85/><V81/><F64/><W5/><G5/><T83/><D83/><U110/><E110/><V13/><F13/><W74/><G74/><T123/><D44/><U102/><E102/><V2/><F2/><W26/><G54/><T118/><D118/><U80/><E80/><V70/><F70/><W89/><G63/><T82/><D82/><U48/><E53/><V96/><F95/><W10/><G10/><T61/><D61/><U19/><E28/><V120/><F120/><W77/><G77/><T76/><D76/><U73/><E73/><V35/><F35/><W117/><G117/><T9/><D9/><U33/><E33/><V129/><F129/><W100/><G34/><T25/><D17/><U105/><E105/><V111/><F111/><W134/><G134/><N who="0" m="51819" /><D123/><U104/><E104/><V16/><F22/><W11/><G11/><T65/><D65/><U52/><E52/><V109/><F109/><W72/><G72/><T126/><D126/><N who="1" m="48171" /><E50/><V60/><F60/><W125/><G125/><T75/><D75/><U112/><E112/><V101/><F86/><AGARI ba="0,0" hai="18,21,25,86,91,92,114,115" m="51819,22538" machi="86" ten="30,2000,0" yaku="20,1,52,1" doraHai="12" who="0" fromWho="2" sc="290,20,285,0,179,-20,246,0" owari="310,41.0,285,8.5,159,-34.1,246,-15.4" /></mjloggm>