<mjloggm ver="2.3"><GO type="225" lobby="0"/><UN n0="%E3%81%BF%E3%81%BF%E3%81%9A" n1="%E3%81%99%E3%81%84%E3%81%BE%E3%81%9B%E3%83%BC%E3%82%93" n2="%E4%BB%8A%E6%97%A5%E4%B8%80" n3="%E7%99%BD%E6%97%A5%E9%9B%AA%E8%8F%9C" dan="16,17,17,17" rate="2153.68,2224.30,2194.75,2242.29" sx="M,M,M,M"/><TAIKYOKU oya="0"/><INIT seed="0,0,0,1,5,32" ten="250,250,250,250" oya="0" hai0="34,17,22,3,1,38,130,107,98,123,39,104,119" hai1="19,129,40,109,82,81,88,94,25,110,4,124,116" hai2="134,113,71,92,13,23,86,16,7,24,9,68,90" hai3="52,79,127,121,5,49,75,76,85,54,103,31,47"/><T55/><D119/><U14/><E116/><V69/><REACH who="2" step="1"/><F134/><REACH who="2" ten="250,250,240,250" step="2"/><W42/><G121/><T2/><D123/><U96/><E110/><V64/><F64/><W51/><G127/><T46/><D34/><U135/><E135/><V58/><F58/><W62/><G75/><T57/><D130/><U21/><E124/><V10/><F10/><W67/><G79/><T45/><D38/><U61/><E109/><V26/><F26/><W93/><G76/><T59/><D59/><U29/><E129/><V100/><F100/><W20/><G103/><T108/><D108/><U36/><E25/><V125/><F125/><W102/><G102/><T132/><D132/><U72/><E72/><V63/><F63/><W111/><G62/><T48/><D98/><U114/><E96/><V83/><F83/><W117/><G67/><T37/><D39/><U112/><E36/><V97/><F97/><W0/><G111/><T128/><D128/><U120/><E82/><V87/><F87/><W60/><G60/><T44/><REACH who="0" step="1"/><D37/><REACH who="0" ten="240,250,240,250" step="2"/><U35/><E35/><V95/><F95/><W11/><G93/><T106/><D106/><U66/><E94/><V115/><AGARI ba="0,2" hai="7,9,13,16,23,24,68,69,71,86,90,92,113,115" machi="115" ten="40,8000,1" yaku="21,2,0,1,54,1,53,0" doraHai="32" doraHaiUra="33" who="2" fromWho="2" sc="240,-40,250,-20,240,100,250,-20" /><INIT seed="1,0,0,5,0,79" ten="200,230,340,230" oya="1" hai0="42,135,20,19,33,8,126,93,14,59,107,46,18" hai1="119,95,62,115,17,4,75,5,53,100,24,104,25" hai2="103,26,102,60,11,84,88,94,63,55,28,131,44" hai3="69,106,23,7,61,43,40,122,116,51,54,39,76"/><U85/><E115/><V9/><F131/><W30/><G106/><T111/><D107/><U71/><E119/><V50/><F63/><W91/><G122/><T47/><D33/><U12/><E75/><V96/><F60/><W52/><G76/><T0/><D111/><U21/><E104/><V45/><F45/><W41/><G39/><T57/><D126/><U121/><E121/><V48/><F48/><W105/><G105/><T123/><D123/><U87/><E71/><V81/><REACH who="2" step="1"/><F102/><REACH who="2" ten="200,230,330,230" step="2"/><W101/><G101/><T72/><D47/><U86/><E62/><V112/><F112/><W109/><G61/><T129/><D129/><U127/><E127/><V73/><F73/><W82/><G51/><T74/><D72/><U27/><REACH who="1" step="1"/><E53/><REACH who="1" ten="200,220,330,230" step="2"/><V64/><F64/><W117/><G54/><T134/><D74/><U97/><AGARI ba="0,2" hai="4,5,12,17,21,24,25,27,85,86,87,95,97,100" machi="97" ten="40,12000,1" yaku="1,1,2,1,0,1,8,1,53,0" doraHai="79" doraHaiUra="125" who="1" fromWho="1" sc="200,-40,220,140,330,-40,230,-40" /><INIT seed="1,1,0,2,5,58" ten="160,360,290,190" oya="1" hai0="124,17,27,21,8,111,99,103,135,92,60,42,25" hai1="77,50,91,65,120,76,34,0,20,43,40,71,52" hai2="39,97,67,31,35,62,5,6,66,30,72,74,10" hai3="13,100,32,82,23,36,104,134,108,47,16,18,114"/><U11/><E34/><V15/><F39/><W81/><G114/><T70/><D111/><U24/><E120/><V19/><F67/><W4/><G108/><T61/><D135/><U12/><E0/><V51/><F51/><W64/><G32/><T118/><D118/><U2/><E2/><V29/><F35/><W37/><G4/><T101/><D70/><U98/><E65/><V48/><F48/><W59/><G134/><T86/><D124/><U113/><E71/><V83/><F97/><W14/><G100/><T22/><D42/><N who="1" m="15915" /><E91/><V1/><F83/><W79/><G104/><T123/><D123/><U84/><E98/><V96/><F96/><W3/><G3/><T112/><D112/><U110/><E84/><V75/><REACH who="2" step="1"/><F1/><REACH who="2" ten="160,360,280,190" step="2"/><W133/><G133/><T63/><D86/><U28/><E110/><V117/><F117/><W121/><G121/><T46/><D46/><N who="1" m="27735" /><E113/><V57/><AGARI ba="1,1" hai="5,6,10,15,19,29,30,31,57,62,66,72,74,75" machi="57" ten="40,5200,0" yaku="1,1,0,1,52,1,53,0" doraHai="58" doraHaiUra="38" who="2" fromWho="2" sc="160,-14,360,-27,280,65,190,-14" /><INIT seed="2,0,0,0,4,119" ten="146,333,345,176" oya="2" hai0="16,7,32,10,97,77,135,113,126,114,41,68,75" hai1="111,69,87,26,46,2,98,0,65,122,125,118,96" hai2="133,36,62,17,70,24,102,57,11,86,90,103,129" hai3="54,84,21,67,30,61,78,115,88,64,116,42,91"/><V27/><F36/><W34/><G116/><T123/><D68/><U81/><E118/><V35/><F70/><W9/><G34/><T101/><D16/><U20/><E111/><V5/><F133/><W117/><G117/><T37/><D32/><U92/><E125/><V94/><F129/><W3/><G42/><T104/><D126/><U73/><E73/><V58/><F58/><N who="3" m="35031" /><G3/><N who="0" m="383" /><D135/><U53/><E0/><V71/><F71/><W127/><G127/><T56/><D56/><U120/><E2/><V14/><F35/><W4/><G115/><T83/><D123/><N who="1" m="47147" /><E92/><V31/><F31/><W93/><G30/><T55/><D55/><U63/><E53/><N who="2" m="34095" /><F5/><W82/><G4/><T79/><D77/><N who="1" m="46511" /><E46/><AGARI ba="0,0" hai="37,41,46,75,79,83,97,101,104,113,114" m="383" machi="46" ten="30,2000,0" yaku="25,1,23,1" doraHai="119" who="0" fromWho="1" sc="146,20,333,-20,345,0,176,0" /><INIT seed="3,0,0,4,2,93" ten="166,313,345,176" oya="3" hai0="23,58,122,45,116,131,22,79,69,90,75,121,20" hai1="107,55,95,87,68,80,73,120,98,17,7,127,113" hai2="101,5,104,133,94,103,84,56,27,65,85,110,34" hai3="115,53,123,91,49,66,60,70,50,128,1,67,82"/><W130/><G115/><T44/><D116/><U54/><E120/><V63/><F104/><W14/><G1/><T42/><D69/><U10/><E68/><V106/><F106/><W47/><G123/><T51/><D131/><N who="3" m="50217" /><G14/><T0/><D0/><U18/><E73/><V78/><F110/><W40/><G82/><T2/><D2/><U135/><E107/><V39/><F39/><N who="3" m="21919" /><G91/><T32/><D32/><U12/><E135/><V57/><F5/><W3/><G3/><T6/><D6/><U11/><E127/><V4/><F4/><W25/><G25/><T99/><D45/><U83/><E113/><V118/><F27/><W41/><G41/><T15/><D15/><N who="1" m="7415" /><E7/><V74/><F74/><W43/><G43/><T108/><D108/><U88/><E83/><V92/><F133/><W21/><G21/><T13/><D13/><U117/><E117/><V52/><F78/><AGARI ba="0,0" hai="11,12,18,54,55,78,80,87,88,95,98" m="7415" machi="78" ten="30,3900,0" yaku="8,1,52,1,54,1" doraHai="93" who="1" fromWho="2" sc="166,0,313,39,345,-39,176,0" owari="166,-33.4,352,45.2,306,10.6,176,-22.4" /></mjloggm>