<mjloggm ver="2.3"><GO type="225" lobby="0"/><UN n0="%E3%82%BC%E3%83%AB%E3%83%80%E3%81%AE%E4%BC%9D%E8%AA%AC" n1="%73%61%6B%6F%EF%BC%A0%E6%9C%80" n2="%72%69%6F%75%63%68%61%6E" n3="%E5%8D%A0%E3%81%84%E5%B8%AB%E8%A3%8F%E3%81%AA%E3%81%84%E3%81%97" dan="17,17,16,17" rate="2171.00,2182.26,2185.30,2174.98" sx="M,M,M,M"/><TAIKYOKU oya="0"/><INIT seed="0,0,0,1,2,24" ten="250,250,250,250" oya="0" hai0="89,67,42,127,74,41,46,66,124,65,103,21,113" hai1="64,44,77,27,110,86,33,87,30,92,28,53,51" hai2="90,120,7,79,45,14,12,135,125,76,82,57,130" hai3="35,97,58,26,20,96,80,55,11,133,131,99,6"/><T114/><D74/><U40/><E110/><V54/><F120/><W117/><G117/><T1/><D1/><U134/><E134/><V16/><F130/><W17/><G133/><T49/><D103/><U69/><E69/><V5/><F125/><N who="0" m="48202" /><D21/><U52/><E64/><V98/><F135/><W25/><G131/><T60/><D89/><N who="1" m="53303" /><E27/><V111/><F111/><W62/><G80/><T102/><D102/><U115/><E33/><V37/><F37/><W121/><G121/><T22/><D22/><U107/><E107/><V34/><F34/><W101/><G25/><T128/><D128/><U119/><E115/><N who="0" m="44041" /><D42/><U56/><E119/><V38/><F14/><W81/><G81/><T100/><D100/><U104/><E104/><V75/><F79/><W112/><G112/><T123/><D123/><U59/><E77/><V84/><F98/><W39/><G35/><T61/><AGARI ba="0,0" hai="41,46,49,60,61,65,66,67" m="44041,48202" machi="61" ten="40,7800,0" yaku="18,1,34,2" doraHai="24" who="0" fromWho="0" sc="250,78,250,-26,250,-26,250,-26" /><INIT seed="0,1,0,0,3,93" ten="328,224,224,224" oya="0" hai0="78,17,100,28,82,44,108,10,132,6,29,66,83" hai1="135,51,18,97,101,72,2,102,84,121,19,11,105" hai2="38,30,107,35,112,43,133,91,80,130,118,48,47" hai3="124,24,45,53,126,131,8,52,81,12,58,34,60"/><T49/><D132/><U7/><E121/><V69/><F112/><W4/><G131/><T119/><D119/><U88/><E135/><V37/><F133/><W63/><G81/><T14/><D108/><U20/><E72/><V79/><F130/><W9/><G9/><T75/><D66/><U71/><E71/><V116/><F69/><W23/><G34/><T62/><D62/><U67/><E67/><V95/><F107/><W68/><G68/><T61/><D61/><U77/><E77/><V76/><F79/><W74/><G74/><T103/><D82/><U56/><E102/><V22/><F35/><W90/><G90/><T94/><D17/><U98/><E20/><V55/><F30/><W70/><G70/><T104/><D104/><U50/><E84/><N who="2" m="48135" /><F22/><W110/><G110/><T120/><D120/><U86/><E86/><N who="2" m="52727" /><F55/><W39/><G39/><T40/><REACH who="0" step="1"/><D103/><REACH who="0" ten="318,224,224,224" step="2"/><U111/><E111/><V125/><F125/><W3/><G126/><T16/><D16/><U25/><E19/><V134/><F134/><W87/><G124/><T89/><D89/><U26/><E18/><V64/><F64/><W109/><G109/><T99/><AGARI ba="1,1" hai="6,10,14,28,29,40,44,49,75,78,83,94,99,100" machi="99" ten="30,11700,0" yaku="1,1,0,1,52,1,53,1" doraHai="93" doraHaiUra="106" who="0" fromWho="0" sc="318,130,224,-40,224,-40,224,-40" /><INIT seed="0,2,0,2,1,50" ten="448,184,184,184" oya="0" hai0="32,91,33,82,17,129,44,47,96,31,13,65,6" hai1="23,3,70,52,4,85,1,116,100,11,81,7,10" hai2="25,55,99,9,135,58,118,76,18,79,22,28,5" hai3="29,123,98,134,54,128,111,36,125,126,94,53,30"/><T121/><D121/><U20/><E70/><V80/><F135/><W75/><G134/><T102/><D129/><U63/><E116/><V77/><F118/><W101/><G128/><T130/><D130/><U73/><E73/><V93/><F28/><N who="3" m="10859" /><G123/><T61/><D6/><U84/><E100/><V114/><F114/><W109/><G36/><T48/><D31/><U131/><E131/><V71/><F71/><W41/><G41/><T57/><D91/><U38/><E38/><V46/><F46/><W133/><G75/><T106/><D82/><U83/><E63/><V72/><F9/><W105/><G105/><T74/><D74/><U69/><E69/><V15/><F15/><W12/><G12/><T51/><D51/><U104/><E104/><V14/><F5/><W86/><G86/><T43/><REACH who="0" step="1"/><D44/><REACH who="0" ten="438,184,184,184" step="2"/><U95/><E95/><V21/><F80/><W89/><G89/><T40/><D40/><U66/><E66/><V110/><F72/><W2/><G133/><T124/><D124/><N who="3" m="47721" /><G2/><T103/><D103/><U16/><E16/><N who="2" m="10391" /><F76/><W42/><G42/><T26/><D26/><U108/><REACH who="1" step="1"/><E108/><AGARI ba="2,1" hai="53,54,94,98,101,108,109,111" m="47721,10859" machi="108" ten="30,7700,0" yaku="14,1,18,1,52,2" doraHai="50" who="3" fromWho="1" sc="438,0,184,-83,184,0,184,93" /><INIT seed="1,0,0,5,5,23" ten="438,101,184,277" oya="1" hai0="5,66,95,83,2,48,18,41,35,0,20,123,22" hai1="67,70,125,112,101,33,111,56,110,9,26,90,64" hai2="105,126,8,100,80,40,32,42,38,107,59,16,37" hai3="84,97,119,132,13,52,88,55,134,11,45,54,128"/><U4/><E112/><V99/><F107/><W36/><G128/><T121/><D35/><U76/><E76/><V115/><F115/><W103/><G119/><T120/><D66/><N who="1" m="25131" /><E70/><V102/><F126/><W74/><G74/><T63/><D63/><U75/><E75/><V73/><F32/><W14/><G36/><T27/><D5/><U93/><E101/><V92/><F59/><W68/><G68/><T94/><D83/><U86/><E56/><V124/><F124/><W78/><G78/><T34/><D34/><U91/><E91/><V133/><F133/><N who="3" m="51307" /><G45/><N who="0" m="25647" /><D22/><U130/><E130/><V21/><F8/><W50/><G50/><T57/><D57/><U109/><E125/><V39/><F73/><W61/><G11/><T49/><D49/><U81/><E81/><V116/><F116/><W19/><G19/><T98/><D95/><U7/><E9/><V82/><F80/><N who="3" m="49159" /><G61/><T106/><D106/><AGARI ba="0,0" hai="13,14,52,54,55,97,103,106" m="49159,51307" machi="106" ten="30,3900,0" yaku="20,1,54,2" doraHai="23" who="3" fromWho="0" sc="438,-39,101,0,184,0,277,39" /><INIT seed="2,0,0,2,3,86" ten="399,101,184,316" oya="2" hai0="98,15,107,42,81,121,119,45,55,38,115,52,103" hai1="69,89,3,23,20,80,134,40,91,6,21,17,100" hai2="37,33,87,36,12,82,90,16,109,118,22,65,34" hai3="11,39,70,99,13,27,135,43,64,95,25,30,133"/><V5/><F118/><W94/><G64/><T102/><D115/><U60/><E134/><N who="3" m="51210" /><G70/><T62/><D121/><U19/><E100/><V130/><F130/><W97/><G43/><T74/><D119/><U105/><E105/><V50/><F109/><W96/><G39/><T63/><D103/><U108/><E108/><V44/><F65/><W1/><G1/><T8/><D63/><U83/><E69/><V0/><F36/><W49/><G49/><T58/><D74/><U78/><E40/><V85/><F37/><W48/><G48/><T131/><D131/><U104/><E104/><V92/><F0/><W111/><G111/><T101/><D101/><U128/><E128/><V29/><F5/><N who="3" m="3311" /><G25/><T129/><D129/><U51/><E3/><V61/><F61/><W10/><G10/><T67/><REACH who="0" step="1"/><D81/><REACH who="0" ten="389,101,184,316" step="2"/><U35/><E60/><V31/><F34/><AGARI ba="0,1" hai="27,30,34,94,95,96,97,99" m="3311,51210" machi="34" ten="30,1000,0" yaku="20,1" doraHai="86" who="3" fromWho="2" sc="389,0,101,0,184,-10,316,20" /><INIT seed="3,0,0,0,0,24" ten="389,101,174,336" oya="3" hai0="78,76,107,29,54,48,95,119,45,88,104,11,38" hai1="128,32,111,19,13,12,97,113,60,36,112,75,132" hai2="120,133,44,16,37,71,1,5,9,122,74,102,80" hai3="131,73,90,87,91,42,64,135,62,47,49,72,59"/><W57/><G135/><T20/><D119/><U50/><E75/><V126/><F133/><W17/><G131/><T79/><D38/><U31/><E36/><V15/><F126/><W0/><G0/><T10/><D107/><U27/><E132/><V33/><F71/><W127/><G127/><T53/><D104/><U108/><E60/><V134/><F33/><W25/><G90/><T52/><D29/><U85/><E97/><V83/><F134/><W77/><G77/><T121/><D20/><U105/><E105/><V23/><F102/><W6/><G6/><T81/><D81/><U114/><E85/><V116/><F116/><W66/><G17/><T63/><D121/><N who="2" m="46698" /><F74/><W125/><G125/><T43/><D63/><U30/><E50/><V117/><F117/><W84/><G84/><AGARI ba="0,0" hai="10,11,43,45,48,52,53,54,76,78,79,84,88,95" machi="84" ten="40,5200,0" yaku="8,1,54,2" doraHai="24" who="0" fromWho="3" sc="389,52,101,0,174,0,336,-52" owari="441,54.1,101,-39.9,174,-22.6,284,8.4" /></mjloggm>