<mjloggm ver="2.3"><GO type="225" lobby="0"/><UN n0="%E3%82%B3%E3%83%90%E3%83%AC%E3%82%A4" n1="%4B%2E%32%2E%4B%2E" n2="%E4%BF%BA%E3%81%A8%E5%A6%96%E5%A4%A2" n3="%E3%81%8B%E3%82%8F%E3%81%A1%E3%82%83%E3%82%93%35%38" dan="16,16,17,16" rate="2079.14,2145.62,2190.85,2134.46" sx="M,M,F,M"/><TAIKYOKU oya="0"/><INIT seed="0,0,0,0,2,90" ten="250,250,250,250" oya="0" hai0="107,21,48,125,45,67,105,60,3,56,23,64,123" hai1="79,108,62,19,0,103,68,132,135,59,120,29,17" hai2="55,2,87,72,52,94,13,99,65,102,118,50,25" hai3="89,43,115,20,71,63,88,98,10,35,37,96,101"/><T44/><D3/><U97/><E120/><V95/><F2/><W124/><G35/><T93/><D123/><U1/><E68/><V133/><F72/><W91/><G115/><T24/><D64/><U41/><E108/><V46/><F133/><N who="1" m="51273" /><E41/><V22/><F118/><W78/><G78/><T122/><D122/><U134/><E134/><V77/><F65/><W109/><G63/><T111/><D111/><U85/><E29/><V31/><F13/><W130/><G71/><T15/><D125/><U28/><E28/><V73/><F73/><W110/><G43/><T113/><D113/><U34/><E34/><V128/><F128/><W81/><G37/><T76/><D76/><U58/><E1/><V9/><F9/><W54/><G10/><T47/><D48/><U51/><E51/><V16/><F31/><W33/><G33/><T104/><D24/><U5/><E5/><V4/><F4/><W82/><G124/><T114/><D114/><U119/><E0/><V36/><F36/><W100/><G20/><T39/><D39/><U49/><E49/><V75/><F75/><W7/><G7/><T121/><D121/><U129/><E129/><V61/><F77/><W112/><G112/><T27/><D27/><U86/><E58/><N who="2" m="35015" /><F87/><N who="1" m="33289" /><E79/><V18/><F18/><W42/><G130/><T6/><D6/><U14/><E14/><V83/><F83/><N who="3" m="31755" /><G42/><T116/><D116/><U70/><E70/><V32/><F32/><W69/><G69/><T117/><D117/><U30/><E119/><V127/><F127/><W84/><G110/><T11/><D11/><U74/><E74/><RYUUKYOKU ba="0,0" sc="250,-10,250,-10,250,30,250,-10" hai2="16,22,25,46,50,55,94,95,99,102" /><INIT seed="1,1,0,0,2,36" ten="240,240,280,240" oya="1" hai0="1,112,98,39,65,115,43,50,81,27,75,47,2" hai1="99,127,87,46,104,118,85,78,41,25,12,74,83" hai2="103,14,105,124,48,63,130,38,9,13,72,56,133" hai3="114,120,80,30,52,22,49,26,31,37,60,29,42"/><U8/><E118/><V89/><F38/><W40/><G114/><N who="0" m="43563" /><D50/><U15/><E127/><V44/><F72/><W67/><G120/><T35/><D65/><U107/><E15/><V20/><F124/><W117/><G117/><T100/><D100/><U135/><E135/><V101/><F133/><W54/><G37/><T90/><D90/><U71/><E71/><V4/><F105/><W128/><G128/><T126/><D98/><U95/><E25/><V0/><F130/><W108/><G108/><T76/><D126/><U73/><E104/><V10/><F89/><W7/><G7/><T110/><D110/><U66/><E66/><N who="2" m="39271" /><F20/><W5/><G5/><T23/><D23/><U122/><E122/><V88/><F88/><W28/><G80/><T121/><D121/><U111/><E111/><V131/><F131/><W34/><G34/><T119/><D119/><U45/><E107/><V59/><F59/><N who="3" m="34935" /><G67/><T123/><D123/><U79/><E74/><V21/><F21/><W3/><G3/><N who="0" m="1035" /><D27/><U64/><E73/><V116/><F116/><W132/><G132/><T134/><D134/><U33/><E64/><V58/><F58/><AGARI ba="1,0" hai="22,26,28,29,30,31,40,42,49,52,58" m="34935" machi="58" ten="30,7700,0" yaku="8,1,52,2,54,1" doraHai="36" who="3" fromWho="2" sc="240,0,240,0,280,-80,240,80" /><INIT seed="2,0,0,5,4,30" ten="240,240,200,320" oya="2" hai0="8,17,6,75,58,122,79,94,97,53,39,116,26" hai1="50,12,87,120,52,78,129,60,82,63,111,76,128" hai2="96,61,43,113,127,15,90,42,81,19,125,23,33" hai3="48,41,101,62,27,46,59,95,117,24,7,18,119"/><V132/><F113/><W37/><G37/><T67/><D122/><U47/><E120/><V92/><F132/><W68/><G68/><T45/><D116/><U4/><E111/><V98/><F61/><W86/><G119/><T100/><D67/><U10/><REACH who="1" step="1"/><E76/><REACH who="1" ten="240,230,200,320" step="2"/><V3/><F125/><W83/><G117/><T114/><D114/><U40/><E40/><V29/><F127/><W103/><G7/><T135/><D135/><U121/><E121/><V74/><F42/><W5/><G5/><T22/><D79/><U131/><AGARI ba="0,1" hai="4,10,12,47,50,52,60,63,78,82,87,128,129,131" machi="131" ten="30,7900,0" yaku="1,1,0,1,19,1,54,1,53,0" doraHai="30" doraHaiUra="34" who="1" fromWho="1" sc="240,-20,230,89,200,-39,320,-20" /><INIT seed="3,0,0,3,5,118" ten="220,319,161,300" oya="3" hai0="21,115,36,109,80,105,87,1,61,28,57,134,39" hai1="104,91,132,41,79,48,110,27,52,88,46,73,54" hai2="62,121,38,45,82,70,65,40,58,128,75,123,72" hai3="120,100,90,67,16,108,33,113,102,86,47,14,32"/><W31/><G120/><N who="2" m="46153" /><F128/><W74/><G74/><N who="2" m="28201" /><F82/><N who="3" m="49495" /><G113/><T127/><D115/><U18/><E104/><V0/><F0/><W10/><G67/><T85/><D105/><U81/><E110/><V25/><F25/><N who="3" m="18543" /><G33/><T63/><D1/><U77/><E77/><V135/><F135/><W84/><G84/><T97/><D134/><U4/><E132/><V101/><F101/><W78/><G78/><T95/><D109/><U35/><E4/><V3/><F3/><W2/><G2/><T130/><D130/><U6/><E6/><V24/><F24/><W59/><G59/><AGARI ba="0,0" hai="38,40,45,58,59,62,65,70" m="28201,46153" machi="59" ten="30,7700,0" yaku="13,1,52,3" doraHai="118" who="2" fromWho="3" sc="220,0,319,0,161,77,300,-77" owari="220,-28.0,319,41.9,238,3.8,223,-17.7" /></mjloggm>