<mjloggm ver="2.3"><GO type="225" lobby="0"/><UN n0="%30%2E%31%32%30" n1="%6D%75%75%6D%75%72%61" n2="%4B%2E%32%2E%4B%2E" n3="%E3%81%AF%E3%82%88%E3%81%8A%E3%81%98%E3%81%95%E3%82%93" dan="16,17,17,17" rate="2131.27,2247.35,2175.22,2138.26" sx="M,F,M,M"/><TAIKYOKU oya="0"/><INIT seed="0,0,0,4,2,99" ten="250,250,250,250" oya="0" hai0="131,32,86,106,18,102,50,119,116,77,89,120,75" hai1="134,104,34,53,23,85,90,135,97,61,20,76,8" hai2="45,4,72,107,82,11,69,95,132,46,67,2,40" hai3="15,3,24,17,5,124,59,42,133,113,55,66,78"/><T91/><D32/><U12/><E34/><V38/><F95/><W33/><G113/><T26/><D120/><U10/><E76/><N who="2" m="44295" /><F132/><N who="1" m="50729" /><E61/><N who="2" m="40175" /><F46/><W39/><G66/><T35/><D77/><U37/><E37/><V108/><F108/><W130/><G133/><T68/><D75/><U57/><E57/><V112/><F112/><W100/><G124/><T41/><D89/><U111/><E53/><V87/><F87/><W109/><G130/><T19/><D91/><U121/><E121/><V7/><F7/><W73/><G109/><T94/><D86/><U80/><E111/><V36/><F36/><W96/><G3/><T117/><D94/><N who="1" m="56535" /><E104/><AGARI ba="0,0" hai="2,4,11,38,40,45,104,107" m="40175,44295" machi="104" ten="30,3900,0" yaku="25,1,33,2" doraHai="99" who="2" fromWho="1" sc="250,0,250,-39,250,39,250,0" /><INIT seed="1,0,0,4,2,94" ten="250,211,289,250" oya="1" hai0="36,129,67,13,9,40,41,45,133,101,84,112,81" hai1="16,7,111,51,47,37,69,38,49,66,109,32,8" hai2="118,25,124,105,131,48,30,127,90,123,4,3,135" hai3="108,128,71,115,18,23,82,62,24,17,2,58,43"/><U93/><E32/><V92/><F118/><W74/><G115/><T122/><D112/><U88/><E69/><V117/><F117/><W114/><G114/><T15/><D122/><U77/><E66/><V68/><F123/><W89/><G108/><N who="1" m="41546" /><E77/><V39/><F39/><N who="1" m="14857" /><E47/><V14/><F68/><W126/><G71/><T0/><D45/><U42/><E42/><V79/><F79/><W96/><G43/><T5/><D36/><U70/><E70/><V12/><F127/><W20/><G126/><T73/><D41/><U97/><E16/><V116/><F124/><W60/><G58/><T27/><D40/><U22/><E22/><V55/><F116/><W75/><G20/><T54/><D67/><U64/><E64/><V21/><F21/><W65/><G18/><T103/><D54/><U72/><E72/><V26/><F55/><W80/><G75/><T61/><D73/><U6/><E6/><V98/><F4/><W53/><G74/><T125/><D5/><U120/><E120/><V95/><F25/><W19/><G17/><T56/><D27/><U113/><E113/><V34/><F34/><W76/><G76/><T33/><D33/><U102/><E102/><V50/><F26/><W121/><G121/><T46/><D103/><U63/><E63/><V85/><F50/><W31/><G19/><T107/><D101/><U119/><E119/><V28/><F48/><W110/><G110/><T99/><D125/><U91/><E91/><V52/><F90/><W57/><G53/><T134/><D61/><U11/><E11/><V130/><F52/><N who="3" m="33831" /><G62/><T35/><D35/><RYUUKYOKU ba="0,0" sc="250,-10,211,30,289,-10,250,-10" hai1="7,8,49,51,88,93,97" /><INIT seed="1,1,0,1,1,4" ten="240,241,279,240" oya="1" hai0="37,70,14,85,74,115,51,57,120,50,84,3,10" hai1="73,47,34,102,96,26,54,56,18,129,93,40,121" hai2="22,44,81,68,107,24,89,108,23,123,133,118,55" hai3="32,95,65,76,21,132,43,112,77,101,39,97,63"/><U31/><E121/><V29/><F118/><W88/><G32/><T94/><D115/><U111/><E129/><V48/><F123/><W35/><G35/><T5/><D70/><U87/><E111/><V130/><F107/><W61/><G112/><T82/><D120/><U38/><E73/><V25/><F68/><W122/><G122/><T8/><D37/><U60/><E87/><N who="2" m="50415" /><F108/><W64/><G132/><T1/><D74/><U20/><REACH who="1" step="1"/><E34/><REACH who="1" ten="240,231,279,240" step="2"/><V62/><F130/><W28/><G77/><T13/><D84/><U0/><E0/><V98/><F133/><W72/><G76/><N who="0" m="46279" /><D1/><U78/><E78/><V42/><F98/><W58/><G72/><T80/><D3/><U83/><E83/><V71/><F71/><W91/><G39/><T127/><D127/><U106/><E106/><V67/><F67/><W92/><G95/><T99/><D80/><U79/><E79/><V27/><F29/><AGARI ba="1,1" hai="18,20,26,29,31,38,40,47,54,56,60,93,96,102" machi="29" ten="40,2000,0" yaku="1,1,53,0" doraHai="4" doraHaiUra="104" who="1" fromWho="2" sc="240,0,231,33,279,-23,240,0" /><INIT seed="1,2,0,1,0,0" ten="240,264,256,240" oya="1" hai0="104,119,91,78,48,62,63,8,18,107,103,123,42" hai1="85,40,14,114,74,37,96,106,125,28,41,124,134" hai2="77,92,54,9,5,33,15,64,3,130,94,46,6" hai3="126,56,101,76,2,135,75,93,11,23,83,51,71"/><U19/><E114/><V69/><F130/><W121/><G121/><T72/><D119/><U131/><E74/><V82/><F33/><W49/><G71/><T81/><D123/><U99/><E131/><V112/><F112/><W53/><G126/><N who="1" m="48746" /><E134/><V36/><F69/><W13/><G135/><T113/><D113/><U110/><E110/><V100/><F64/><W4/><G51/><T58/><D91/><U127/><N who="1" m="48754" /><U87/><DORA hai="27" /><E28/><V73/><F100/><W32/><G32/><T61/><D103/><N who="1" m="62823" /><E99/><V20/><F54/><W67/><G67/><T128/><D128/><U122/><E122/><V29/><F29/><W115/><G115/><T108/><D108/><U105/><E105/><V66/><F66/><W120/><G120/><T90/><D90/><U102/><E102/><V7/><F20/><W118/><G118/><T89/><D89/><U111/><E37/><V47/><F36/><W79/><G76/><T16/><D107/><U45/><E45/><V65/><F47/><W34/><G34/><T68/><D104/><U52/><E52/><V44/><F44/><W24/><G101/><T80/><D42/><N who="1" m="16491" /><E111/><V95/><F46/><W88/><G88/><T116/><D116/><U1/><E1/><V21/><REACH who="2" step="1"/><F65/><REACH who="2" ten="240,264,246,240" step="2"/><W31/><G53/><N who="0" m="32039" /><D68/><U70/><E70/><V98/><F98/><W132/><G132/><T60/><D60/><U26/><E26/><V59/><F59/><W129/><G129/><T84/><D62/><U86/><E87/><V22/><F22/><AGARI ba="2,1" hai="14,19,22,85,86" m="16491,62823,48754" machi="22" ten="40,2000,0" yaku="18,1" doraHai="0,27" who="1" fromWho="2" sc="240,0,264,36,246,-26,240,0" /><INIT seed="1,3,0,1,0,35" ten="240,300,220,240" oya="1" hai0="53,50,103,56,42,76,15,106,67,119,115,113,93" hai1="33,36,38,46,10,110,54,118,121,1,6,7,99" hai2="101,60,59,71,39,123,16,30,77,82,116,122,49" hai3="57,65,104,61,74,109,124,58,83,18,17,128,130"/><U55/><E118/><V34/><F116/><W94/><G104/><T66/><D106/><U92/><E121/><V133/><F39/><W22/><G109/><T84/><D119/><U117/><E117/><V0/><F0/><W44/><G124/><T80/><D42/><U95/><E110/><V2/><F133/><W79/><G44/><T28/><D28/><U19/><E33/><V31/><F71/><W134/><G134/><T63/><D66/><U131/><E131/><N who="3" m="50218" /><G94/><T75/><D15/><U5/><E19/><N who="3" m="7178" /><G22/><T98/><REACH who="0" step="1"/><D75/><REACH who="0" ten="230,300,220,240" step="2"/><U37/><E55/><V9/><F122/><W127/><G127/><T88/><D88/><U70/><E54/><V90/><F123/><W97/><G97/><T69/><AGARI ba="3,1" hai="50,53,56,63,67,69,76,80,84,93,98,103,113,115" machi="69" ten="20,2700,0" yaku="1,1,0,1,7,1,53,0" doraHai="35" doraHaiUra="21" who="0" fromWho="0" sc="230,46,300,-16,220,-10,240,-10" /><INIT seed="2,0,0,4,5,43" ten="276,284,210,230" oya="2" hai0="78,106,117,65,102,7,127,20,17,42,111,112,75" hai1="35,67,85,132,84,100,119,122,121,104,23,46,68" hai2="12,97,99,88,124,83,29,2,134,28,34,10,63" hai3="62,40,1,25,131,45,5,86,24,49,14,115,11"/><V27/><F2/><W133/><G131/><T26/><D112/><U57/><E119/><V114/><F114/><W126/><G115/><T36/><D65/><U9/><E35/><V77/><F124/><W0/><G126/><T101/><D127/><U116/><E68/><V18/><F134/><W21/><G133/><T79/><D106/><U91/><E116/><V113/><F113/><W56/><G86/><T95/><D75/><U93/><E132/><V92/><F29/><W105/><G105/><T13/><D111/><U6/><E23/><V87/><REACH who="2" step="1"/><F63/><REACH who="2" ten="276,284,200,230" step="2"/><W81/><G0/><T125/><D125/><U110/><E110/><V120/><F120/><W52/><G1/><T129/><D117/><U72/><E121/><V8/><F8/><W39/><G21/><T90/><D129/><U98/><E122/><V48/><F48/><W54/><G81/><T47/><D78/><U22/><E22/><V58/><F58/><AGARI ba="0,1" hai="5,11,14,24,25,39,40,45,49,52,54,56,58,62" machi="58" ten="30,3900,0" yaku="7,1,52,1,54,1" doraHai="43" who="3" fromWho="2" sc="276,0,284,0,200,-39,230,49" /><INIT seed="3,0,0,3,2,19" ten="276,284,161,279" oya="3" hai0="113,72,70,83,40,91,46,11,69,13,9,85,107" hai1="76,43,41,25,97,120,32,17,3,116,34,119,45" hai2="8,92,75,66,15,99,35,52,105,5,53,123,108" hai3="73,36,60,102,10,89,109,129,30,77,93,4,134"/><W90/><G36/><T130/><D107/><U59/><E120/><V21/><F35/><W44/><G129/><T118/><D118/><N who="1" m="45099" /><E3/><V101/><F108/><W22/><G109/><T87/><D72/><U82/><E59/><V114/><F114/><W80/><G134/><T65/><D130/><U94/><E17/><V39/><F123/><W7/><G44/><T78/><D65/><U28/><E45/><V104/><F39/><W24/><G60/><T47/><D47/><U122/><E34/><V71/><F75/><W16/><G102/><T26/><D26/><U0/><E0/><V74/><F74/><W117/><G117/><T42/><D42/><U112/><E112/><V1/><F104/><W131/><G131/><T18/><D9/><U48/><E48/><V132/><F132/><W51/><G51/><T6/><D18/><U50/><E50/><V37/><F37/><W79/><G89/><T2/><D2/><U56/><E56/><V133/><F133/><W55/><G55/><T135/><D135/><U14/><E14/><V106/><F106/><W23/><G79/><T12/><D12/><U54/><E54/><V38/><F38/><W29/><G10/><T103/><D113/><U67/><E67/><V61/><REACH who="2" step="1"/><F105/><REACH who="2" ten="276,284,151,279" step="2"/><W84/><G29/><T128/><D128/><U20/><E122/><V115/><F115/><W111/><G111/><T58/><D40/><U110/><E110/><V96/><F96/><W68/><G68/><T86/><D69/><U33/><E41/><V127/><F127/><W88/><G90/><N who="0" m="51519" /><D70/><U27/><E43/><V64/><F64/><RYUUKYOKU ba="0,1" sc="276,-15,284,-15,151,15,279,15" hai2="1,5,8,15,21,52,53,61,66,71,92,99,101" hai3="4,7,16,22,23,24,30,73,77,80,84,88,93" /><INIT seed="3,1,1,0,0,70" ten="261,269,166,294" oya="3" hai0="98,0,66,20,69,84,32,41,62,99,78,89,53" hai1="81,65,118,30,16,72,10,96,29,18,133,135,121" hai2="34,19,67,103,9,100,17,58,115,12,26,122,86" hai3="119,45,132,21,27,74,14,11,124,15,49,77,73"/><W50/><G119/><T61/><D32/><U108/><E121/><V76/><F115/><W120/><G120/><T2/><D78/><N who="1" m="44231" /><E118/><V63/><F122/><W95/><G124/><T55/><D41/><U56/><E96/><V31/><REACH who="2" step="1"/><F19/><REACH who="2" ten="261,269,156,294" step="2"/><W25/><G132/><T110/><D110/><U57/><E108/><V64/><F64/><W91/><G74/><T37/><D66/><U6/><E16/><V94/><F94/><W92/><G92/><T129/><D129/><U36/><E18/><V105/><F105/><W88/><G95/><T80/><D80/><AGARI ba="1,2" hai="9,12,17,26,31,34,58,63,67,76,80,86,100,103" machi="80" ten="40,2600,0" yaku="1,1,53,1" doraHai="70" doraHaiUra="60" who="2" fromWho="0" sc="261,-29,269,0,156,49,294,0" /><INIT seed="4,0,0,1,0,70" ten="232,269,205,294" oya="0" hai0="54,21,43,110,134,4,40,14,98,65,19,58,41" hai1="133,56,119,126,80,50,99,129,52,7,106,78,9" hai2="12,47,92,66,26,35,8,77,22,60,39,11,31" hai3="72,74,61,132,38,68,76,48,122,49,84,131,63"/><T95/><D134/><U135/><E119/><V25/><F77/><W29/><G38/><T93/><D110/><U121/><E121/><V46/><F92/><W83/><G122/><T101/><D4/><U117/><E117/><V37/><F47/><W104/><G104/><T109/><D109/><U86/><E126/><V120/><F46/><W13/><G132/><T57/><D65/><U90/><E129/><V123/><F123/><W96/><G131/><T6/><D6/><U107/><E107/><V81/><F81/><W118/><G118/><T124/><D124/><U3/><REACH who="1" step="1"/><E90/><REACH who="1" ten="232,259,205,294" step="2"/><V125/><F125/><W51/><G68/><T94/><REACH who="0" step="1"/><D58/><REACH who="0" ten="222,259,205,294" step="2"/><U114/><E114/><V17/><F120/><W102/><G72/><T33/><D33/><U116/><E116/><V87/><F87/><W27/><G74/><T23/><D23/><U69/><E69/><V100/><F100/><AGARI ba="0,2" hai="3,7,9,50,52,56,78,80,86,99,100,106,133,135" machi="100" ten="40,2600,0" yaku="1,1,54,1,53,0" doraHai="70" doraHaiUra="112" who="1" fromWho="2" sc="222,0,259,46,205,-26,294,0" owari="222,-17.8,305,40.5,179,-32.1,294,9.4" /></mjloggm>