<mjloggm ver="2.3"><GO type="225" lobby="0"/><UN n0="%E3%81%BE%E3%81%A8%E3%81%9F" n1="%72%69%6F%75%63%68%61%6E" n2="%E3%81%99%E3%81%84%E3%81%BE%E3%81%9B%E3%83%BC%E3%82%93" n3="%E3%81%AF%E3%82%88%E3%81%8A%E3%81%98%E3%81%95%E3%82%93" dan="16,17,16,17" rate="2170.71,2212.81,2105.42,2191.67" sx="M,M,M,M"/><TAIKYOKU oya="0"/><INIT seed="0,0,0,4,5,97" ten="250,250,250,250" oya="0" hai0="113,64,6,95,93,84,101,135,19,1,126,62,71" hai1="49,109,131,53,11,14,78,127,67,42,100,57,94" hai2="16,55,15,59,82,65,9,118,128,48,58,50,38" hai3="12,72,68,24,122,0,105,21,130,129,45,79,30"/><T54/><D113/><U18/><E109/><V96/><F128/><W85/><G0/><T63/><D126/><U25/><E131/><V32/><F38/><W2/><G2/><T51/><D135/><U104/><E127/><V69/><F32/><W26/><G68/><T31/><D31/><U80/><E104/><V110/><F110/><W70/><G70/><T77/><D62/><U119/><E119/><V86/><F118/><W83/><G105/><T116/><D116/><U39/><E67/><V3/><F3/><W10/><G122/><T76/><D19/><U61/><E39/><V120/><F120/><W132/><G132/><T8/><D101/><U134/><E134/><V102/><F69/><W121/><G121/><T114/><D114/><U74/><E25/><V7/><F7/><W34/><G72/><T103/><D103/><U124/><E124/><V107/><F65/><W91/><G91/><T44/><REACH who="0" step="1"/><D84/><REACH who="0" ten="240,250,250,250" step="2"/><U90/><E100/><V56/><REACH who="2" step="1"/><F50/><REACH who="2" ten="240,250,240,250" step="2"/><W35/><G130/><T87/><D87/><U108/><E108/><V123/><F123/><W125/><G125/><T13/><D13/><U33/><E49/><V89/><AGARI ba="0,2" hai="9,15,16,48,55,56,58,59,82,86,89,96,102,107" machi="89" ten="20,8000,1" yaku="1,1,0,1,7,1,52,1,54,1,53,0" doraHai="97" doraHaiUra="29" who="2" fromWho="2" sc="240,-40,250,-20,240,100,250,-20" /><INIT seed="1,0,0,4,1,74" ten="200,230,340,230" oya="1" hai0="48,128,6,110,124,106,88,13,111,27,104,108,105" hai1="31,69,97,45,112,101,46,2,82,34,84,107,11" hai2="32,114,73,58,29,77,83,71,3,87,15,100,116" hai3="30,62,63,33,70,85,65,120,60,93,89,0,61"/><U96/><E112/><V59/><F3/><W54/><G120/><T90/><D124/><U127/><E127/><V94/><F116/><W102/><G0/><T109/><D128/><U16/><E69/><V9/><F71/><W20/><G33/><T121/><D121/><U132/><E132/><V86/><F114/><W113/><G113/><T64/><N who="0" m="27648" /><DORA hai="130" /><T4/><D27/><U55/><E97/><V98/><F29/><W8/><G8/><N who="0" m="4231" /><D6/><U92/><E107/><N who="0" m="27393" /><T133/><DORA hai="57" /><D133/><U118/><E118/><V14/><F32/><W1/><G1/><T125/><D125/><U95/><E95/><V24/><F24/><W41/><G41/><T126/><D126/><U42/><E42/><V91/><F15/><W76/><G102/><T134/><D134/><U51/><E2/><V25/><F25/><N who="3" m="16679" /><G70/><T99/><D64/><U56/><E31/><V122/><F122/><W66/><G76/><T44/><D99/><U39/><E34/><V53/><F53/><AGARI ba="0,0" hai="44,48,53,88,90" m="27393,4231,27648" machi="53" ten="70,4500,0" yaku="14,1,54,1" doraHai="74,130,57" who="0" fromWho="2" sc="200,45,230,0,340,-45,230,0" /><INIT seed="2,0,0,1,0,39" ten="245,230,295,230" oya="2" hai0="0,35,61,10,38,13,135,48,68,80,58,18,60" hai1="109,113,69,134,31,129,97,78,11,34,47,44,128" hai2="25,106,94,81,15,125,59,124,22,29,36,103,123" hai3="76,57,43,64,26,133,63,89,87,83,116,119,24"/><V62/><F123/><W71/><G133/><T9/><D38/><U77/><E109/><V23/><F36/><W104/><G104/><T99/><D35/><U55/><E134/><V110/><F106/><W88/><G71/><T117/><D117/><U114/><E69/><V86/><F110/><W74/><G89/><T120/><D120/><U12/><E97/><N who="2" m="59831" /><F15/><W121/><G121/><T53/><D135/><U14/><E31/><V92/><F92/><W50/><G116/><T75/><D99/><U84/><E34/><V7/><F7/><W45/><REACH who="3" step="1"/><G119/><REACH who="3" ten="245,230,295,220" step="2"/><T3/><D68/><U56/><E114/><V17/><F125/><W115/><G115/><T1/><D9/><U102/><E113/><V126/><F126/><W130/><G130/><N who="1" m="50282" /><E102/><V96/><F124/><W72/><G72/><T118/><D118/><U73/><E73/><V28/><F23/><W122/><G122/><T82/><REACH who="0" step="1"/><D75/><REACH who="0" ten="235,230,295,220" step="2"/><U37/><E11/><V108/><F108/><W54/><G54/><T16/><D16/><U51/><E84/><V91/><F96/><W101/><G101/><T67/><D67/><AGARI ba="0,2" hai="17,22,25,28,29,59,62,67,81,86,91" m="59831" machi="67" ten="30,1500,0" yaku="8,1" doraHai="39" who="2" fromWho="0" sc="235,-15,230,0,295,35,220,0" /><INIT seed="2,1,0,4,1,64" ten="220,230,330,220" oya="2" hai0="48,107,33,96,8,133,134,82,6,41,59,38,103" hai1="4,50,77,92,81,20,126,97,5,12,1,26,17" hai2="13,124,115,78,85,49,89,66,71,36,19,84,87" hai3="105,69,70,93,10,130,113,116,45,120,29,100,73"/><V74/><F36/><W62/><G116/><T80/><D33/><U30/><E126/><V34/><F34/><W76/><G120/><T132/><D38/><U91/><E50/><V110/><F115/><W75/><G105/><T125/><D125/><U27/><E1/><V117/><F117/><W23/><G113/><T44/><REACH who="0" step="1"/><D59/><REACH who="0" ten="210,230,330,220" step="2"/><U16/><E26/><V57/><F57/><W131/><G130/><T14/><AGARI ba="1,1" hai="6,8,14,41,44,48,80,82,96,103,107,132,133,134" machi="14" ten="30,7900,0" yaku="1,1,2,1,0,1,20,1,53,0" doraHai="64" doraHaiUra="104" who="0" fromWho="0" sc="210,92,230,-21,330,-40,220,-21" /><INIT seed="3,0,0,1,5,131" ten="302,209,290,199" oya="3" hai0="83,95,3,44,19,79,84,50,9,51,122,16,37" hai1="42,135,113,15,111,10,124,127,30,48,14,22,82" hai2="85,101,40,2,123,13,58,29,0,104,36,78,54" hai3="103,114,118,62,81,27,32,8,63,57,134,52,99"/><W106/><G114/><T105/><D105/><U98/><E135/><V35/><F101/><W108/><G118/><T61/><D37/><U49/><E111/><V71/><F71/><W93/><G108/><T109/><D109/><U7/><E113/><V120/><F104/><W38/><G38/><T73/><D51/><U31/><E98/><V64/><F64/><W23/><G134/><T20/><D61/><U47/><E82/><V117/><F117/><W12/><G32/><T1/><D9/><N who="1" m="4415" /><E22/><V92/><F13/><W97/><G81/><T66/><D66/><U34/><E34/><V24/><F40/><W72/><G72/><T65/><D19/><N who="1" m="8695" /><E48/><V87/><F36/><W70/><G70/><T132/><D132/><U41/><E42/><V91/><F85/><W25/><G62/><T21/><D84/><U96/><E96/><V45/><F45/><W119/><G23/><T88/><D44/><U56/><E56/><V76/><F78/><W129/><G129/><T18/><D79/><U133/><E133/><V80/><F76/><W28/><G28/><T39/><D39/><U26/><E26/><V130/><F130/><W11/><G119/><T46/><D73/><U68/><E68/><V112/><F80/><W74/><G74/><T17/><D83/><U94/><E94/><V110/><F110/><W4/><REACH who="3" step="1"/><G8/><REACH who="3" ten="302,209,290,189" step="2"/><T125/><D1/><U115/><E115/><V77/><F112/><W102/><AGARI ba="0,1" hai="4,11,12,25,27,52,57,63,93,97,99,102,103,106" machi="102" ten="20,18000,2" yaku="1,1,2,1,0,1,7,1,54,1,53,1" doraHai="131" doraHaiUra="55" who="3" fromWho="3" sc="302,-60,209,-60,290,-60,189,190" owari="242,4.2,149,-35.1,230,-17.0,379,47.9" /></mjloggm>