<mjloggm ver="2.3"><GO type="225" lobby="0"/><UN n0="%33%73%74%72%69%6B%65%73" n1="%E8%81%B7%E6%A5%AD%E3%80%81%E9%A2%A8%32" n2="%73%69%72%6F%75%74" n3="%53%61%63%68%69%30%34" dan="16,16,16,16" rate="2130.22,2093.14,2131.17,2075.85" sx="M,M,M,M"/><TAIKYOKU oya="0"/><INIT seed="0,0,0,5,4,47" ten="250,250,250,250" oya="0" hai0="95,5,73,94,65,38,48,71,124,74,54,100,9" hai1="84,40,135,110,107,78,83,21,70,3,115,43,11" hai2="82,18,89,113,75,116,112,121,62,105,10,45,46" hai3="93,20,42,34,58,69,51,60,119,86,0,92,52"/><T118/><D118/><U130/><E110/><V98/><F121/><W80/><G34/><T97/><D38/><U27/><E107/><V41/><F116/><W85/><G119/><T24/><D124/><U64/><E130/><V15/><F62/><W109/><G0/><T68/><D24/><U106/><E106/><V25/><F46/><N who="3" m="26071" /><G69/><T8/><D8/><U125/><E115/><V108/><F108/><W31/><G109/><T104/><D73/><U129/><E135/><V4/><F75/><W99/><G80/><T90/><D74/><U132/><E132/><V16/><F105/><W126/><G93/><T81/><D81/><U88/><E129/><V13/><F82/><W103/><G126/><T39/><D39/><U87/><E125/><V101/><F101/><W111/><G111/><T23/><D65/><U131/><E64/><V53/><F41/><W96/><G96/><T49/><D104/><U61/><E70/><V127/><F127/><W12/><G12/><N who="0" m="5167" /><D68/><U35/><E35/><V123/><F123/><W133/><G133/><T1/><D1/><U6/><E61/><V36/><F36/><W91/><G103/><T2/><D2/><U56/><E131/><V77/><F77/><W72/><G72/><T57/><D71/><U29/><E56/><V37/><F37/><W117/><G117/><T128/><D128/><U44/><E44/><V50/><F25/><AGARI ba="0,0" hai="20,25,31,52,58,60,85,86,91,92,99" m="26071" machi="25" ten="30,3900,0" yaku="8,1,52,1,54,1" doraHai="47" who="3" fromWho="2" sc="250,0,250,0,250,-39,250,39" /><INIT seed="1,0,0,0,4,128" ten="250,250,211,289" oya="1" hai0="21,6,86,19,92,33,79,133,47,123,60,124,26" hai1="2,9,130,112,118,83,41,24,40,67,29,51,66" hai2="94,113,93,45,37,98,91,44,53,90,43,42,46" hai3="100,13,57,110,104,70,50,22,77,80,25,34,68"/><U132/><E112/><V125/><F125/><W20/><G34/><T12/><D124/><U95/><E130/><V52/><F113/><W4/><G110/><T131/><D131/><U35/><E118/><V74/><F74/><W54/><G104/><T121/><D133/><U73/><E132/><V109/><F109/><W96/><G4/><T108/><D108/><U84/><E73/><V8/><F8/><W89/><G13/><T58/><D47/><U135/><E135/><V59/><F59/><W23/><G89/><T69/><D69/><U5/><E95/><V99/><REACH who="2" step="1"/><F45/><REACH who="2" ten="250,250,201,289" step="2"/><W72/><G70/><T10/><D121/><U122/><E122/><V101/><F101/><W76/><G68/><T71/><D71/><U65/><REACH who="1" step="1"/><E51/><AGARI ba="0,1" hai="37,42,43,44,46,51,52,53,90,91,93,94,98,99" machi="51" ten="30,7700,0" yaku="1,1,7,1,9,1,54,1,53,0" doraHai="128" doraHaiUra="102" who="2" fromWho="1" sc="250,0,250,-77,201,87,289,0" /><INIT seed="2,0,0,3,0,38" ten="250,173,288,289" oya="2" hai0="101,59,112,4,57,35,42,54,16,127,17,71,125" hai1="1,3,34,39,30,5,135,20,75,86,47,19,12" hai2="131,58,104,60,18,6,50,94,76,96,61,82,102" hai3="128,87,13,115,24,29,56,77,23,52,100,64,62"/><V116/><F131/><W33/><G128/><T90/><D71/><U85/><E75/><V80/><F116/><W65/><G115/><T97/><D112/><U113/><E113/><V92/><F6/><W122/><G122/><T10/><D35/><U95/><E135/><V121/><F121/><W37/><G37/><T40/><D90/><U103/><E103/><V43/><F18/><N who="0" m="7274" /><D57/><U14/><E14/><V48/><F48/><W78/><G33/><T109/><D109/><U31/><E95/><V108/><F108/><W53/><G13/><N who="0" m="5319" /><D54/><N who="3" m="21097" /><G100/><T44/><D44/><U15/><E15/><V2/><F2/><W132/><G132/><T79/><D79/><N who="3" m="30217" /><G87/><T98/><D59/><U134/><E134/><V27/><F58/><W129/><G129/><T106/><D98/><U117/><E117/><V126/><F104/><W26/><G26/><T51/><D51/><U130/><E130/><V83/><F27/><W91/><G91/><T32/><D32/><U66/><E66/><AGARI ba="0,0" hai="23,24,29,56,62,64,65,66" m="30217,21097" machi="66" ten="30,2000,0" yaku="8,1,54,1" doraHai="38" who="3" fromWho="1" sc="250,0,173,-20,288,0,289,20" /><INIT seed="3,0,0,3,4,68" ten="250,153,288,309" oya="3" hai0="124,79,18,13,64,120,134,61,117,51,108,5,97" hai1="83,4,29,75,73,102,43,42,22,67,85,6,70" hai2="103,56,86,24,52,129,26,119,123,33,106,21,98" hai3="93,92,48,57,88,121,91,55,90,41,125,30,65"/><W74/><G121/><T114/><D117/><U28/><E102/><V9/><F119/><W58/><G74/><T118/><D118/><U82/><E70/><V135/><F123/><W107/><G107/><T128/><D108/><U113/><E22/><V34/><F135/><W105/><G105/><T100/><D120/><U96/><E85/><V31/><F129/><W50/><G125/><T122/><D128/><U127/><E67/><V131/><F131/><W17/><G30/><T69/><D134/><U87/><E87/><V35/><F9/><W2/><G2/><T54/><D5/><U89/><E89/><V104/><F86/><W49/><G17/><T77/><D124/><U112/><REACH who="1" step="1"/><E127/><REACH who="1" ten="250,143,288,309" step="2"/><V25/><F106/><W133/><G133/><T101/><D122/><U8/><E8/><V110/><F110/><W20/><G20/><T71/><D71/><U11/><E11/><V111/><F111/><W53/><G65/><T16/><D101/><U27/><E27/><V46/><F35/><W81/><G81/><T10/><D18/><U40/><E40/><V3/><F34/><W37/><G41/><T115/><D100/><U7/><E7/><V95/><F104/><W44/><G91/><T12/><D97/><AGARI ba="0,1" hai="4,6,28,29,42,43,73,75,82,83,96,97,112,113" machi="97" ten="25,3200,0" yaku="1,1,22,2,53,0" doraHai="68" doraHaiUra="84" who="1" fromWho="0" sc="250,-32,143,42,288,0,309,0" owari="218,-18.2,185,-31.5,288,8.8,309,40.9" /></mjloggm>