<mjloggm ver="2.3"><GO type="225" lobby="0"/><UN n0="%45%6C%79%73%69%75%6D" n1="%72%61%6B%33" n2="%E9%81%85%E5%88%BB%E3%81%AE%E3%83%97%E3%83%AA%E3%83%B3%E3%82%B9%E2%99%AA" n3="%E3%82%A2%E3%83%BC%E3%83%A2%E3%83%AD%E3%83%BC%E3%83%B4%E3%82%A1" dan="17,17,16,16" rate="2134.00,2248.68,2159.29,2107.26" sx="F,M,F,M"/><TAIKYOKU oya="0"/><INIT seed="0,0,0,3,0,121" ten="250,250,250,250" oya="0" hai0="77,69,87,38,16,61,72,88,9,83,8,78,89" hai1="30,109,108,21,107,54,50,113,15,64,124,2,81" hai2="35,10,53,92,134,62,48,0,46,126,63,82,12" hai3="93,70,41,23,26,57,112,118,101,36,58,91,116"/><T25/><D38/><U128/><E2/><V52/><F35/><W31/><G112/><T84/><D72/><U56/><E113/><V39/><F39/><W105/><G70/><T115/><D115/><U114/><E114/><V66/><F0/><W104/><G116/><T49/><D49/><U74/><E107/><V24/><F126/><W122/><G118/><T43/><D43/><U68/><E124/><V95/><F134/><W37/><G122/><T27/><D69/><U80/><E128/><V75/><F24/><W120/><G120/><T6/><D61/><N who="1" m="39951" /><E74/><V127/><F127/><W98/><G104/><T131/><D131/><U40/><E40/><V76/><F53/><W135/><G135/><T132/><D132/><U71/><E71/><V102/><F102/><W17/><G37/><T106/><D106/><U130/><E130/><V125/><F125/><W3/><G3/><T51/><D51/><U60/><E60/><V96/><F66/><W65/><G65/><T42/><D42/><U123/><E123/><V90/><REACH who="2" step="1"/><F95/><REACH who="2" ten="250,250,240,250" step="2"/><W119/><G119/><T7/><D83/><U97/><E81/><V73/><F73/><W11/><G36/><T67/><D67/><U13/><E80/><V14/><F14/><N who="3" m="7391" /><G41/><T1/><D1/><U79/><E13/><V117/><F117/><W85/><G105/><T111/><REACH who="0" step="1"/><D16/><AGARI ba="0,1" hai="10,12,16,46,48,52,62,63,75,76,82,90,92,96" machi="16" ten="30,8000,1" yaku="1,1,7,1,54,2,53,1" doraHai="121" doraHaiUra="5" who="2" fromWho="0" sc="250,-80,250,0,240,90,250,0" /><INIT seed="1,0,0,5,4,45" ten="170,250,330,250" oya="1" hai0="56,120,40,95,55,123,25,114,122,64,107,39,96" hai1="59,85,88,81,87,7,133,50,116,131,0,23,92" hai2="70,71,49,60,127,3,38,115,24,102,119,106,14" hai3="58,16,101,89,86,135,82,110,74,57,32,2,27"/><U129/><E116/><V42/><F14/><W28/><G110/><T73/><D114/><U10/><E23/><V47/><F3/><W5/><G135/><T134/><D134/><U69/><E69/><N who="2" m="26123" /><F102/><W13/><G101/><T18/><D107/><U108/><E108/><V79/><F79/><W34/><G74/><T93/><D64/><U29/><E29/><V37/><F106/><W103/><G103/><T44/><D73/><U66/><E133/><V125/><F24/><W12/><G12/><T98/><D98/><U126/><E126/><N who="2" m="48139" /><F119/><W8/><REACH who="3" step="1"/><G34/><REACH who="3" ten="170,250,330,240" step="2"/><T63/><REACH who="0" step="1"/><D96/><REACH who="0" ten="160,250,330,240" step="2"/><U130/><E130/><V53/><F115/><W36/><G36/><N who="2" m="13929" /><F60/><W112/><G112/><T41/><D41/><AGARI ba="0,2" hai="41,42,47,49,53" m="13929,48139,26123" machi="41" ten="40,8000,1" yaku="18,1,34,2,52,1" doraHai="45" who="2" fromWho="0" sc="160,-80,250,0,330,100,240,0" /><INIT seed="2,0,0,5,1,128" ten="80,250,430,240" oya="2" hai0="27,110,68,17,95,130,66,8,59,122,85,42,131" hai1="5,106,15,81,119,33,12,18,83,62,112,111,79" hai2="63,91,82,108,6,54,41,38,99,56,57,126,23" hai3="39,44,103,96,70,50,14,125,90,94,51,75,124"/><V13/><F126/><N who="3" m="48747" /><G70/><T24/><D122/><U30/><E106/><V98/><F108/><W9/><G75/><T80/><D110/><U45/><E112/><V1/><F1/><W49/><G39/><T26/><D68/><U55/><E33/><V134/><F134/><W74/><G74/><T36/><D95/><U88/><E30/><V114/><F114/><W123/><G123/><T25/><D36/><U89/><E119/><V40/><F38/><W0/><G0/><T46/><N who="0" m="6144" /><DORA hai="34" /><T104/><D104/><U31/><E31/><V101/><F57/><W28/><G28/><T133/><D133/><U87/><E83/><V32/><F32/><W53/><G90/><T4/><D17/><AGARI ba="0,0" hai="9,14,17,44,49,50,51,53,94,96,103" m="48747" machi="17" ten="30,1000,0" yaku="18,1" doraHai="128,34" who="3" fromWho="0" sc="80,-10,250,0,430,0,240,10" /><INIT seed="3,0,0,2,0,101" ten="70,250,430,250" oya="3" hai0="120,9,45,23,124,135,17,15,104,30,49,47,31" hai1="18,114,121,134,2,77,79,3,46,58,99,94,26" hai2="98,105,62,123,59,44,32,116,36,96,113,78,5" hai3="129,127,122,25,35,12,108,110,80,55,119,85,125"/><W11/><G119/><T52/><D120/><U40/><E114/><V81/><F32/><W34/><G122/><T87/><D135/><U91/><E134/><V68/><F68/><W50/><G129/><T64/><D124/><N who="3" m="47689" /><G25/><T8/><D64/><U71/><E71/><V20/><F123/><W7/><G55/><T106/><D87/><U128/><E128/><V42/><F113/><W65/><G50/><T56/><D30/><U63/><E2/><V67/><F116/><W90/><G65/><T27/><D8/><U92/><E3/><V76/><F67/><W109/><AGARI ba="0,0" hai="7,11,12,34,35,80,85,90,108,109,110" m="47689" machi="109" ten="40,7800,0" yaku="14,1,10,1,18,1" doraHai="101" who="3" fromWho="3" sc="70,-26,250,-26,430,-26,250,78" /><INIT seed="3,1,0,3,0,8" ten="44,224,404,328" oya="3" hai0="124,48,67,73,61,40,91,34,76,92,45,31,0" hai1="113,79,46,95,100,56,82,50,70,64,85,20,13" hai2="65,28,9,126,120,114,101,78,98,74,135,118,115" hai3="128,119,10,93,30,99,49,107,72,75,87,117,132"/><W37/><G37/><T32/><D124/><U105/><E113/><V35/><F126/><W133/><G30/><T94/><D0/><U97/><E70/><V68/><F118/><N who="3" m="45067" /><G49/><T125/><D125/><U42/><E105/><N who="2" m="63671" /><F135/><N who="3" m="51787" /><G10/><T5/><D5/><U7/><E20/><V39/><F39/><W131/><G87/><T110/><D110/><U134/><E134/><V104/><F104/><W86/><G86/><T71/><D31/><U129/><E129/><N who="3" m="49738" /><G107/><T109/><D109/><U80/><E80/><N who="2" m="45143" /><F120/><W22/><G22/><T77/><D73/><U18/><E7/><V24/><F9/><W130/><G130/><T123/><D123/><U58/><REACH who="1" step="1"/><E64/><REACH who="1" ten="44,214,404,328" step="2"/><V4/><F4/><W11/><G11/><T38/><D77/><U90/><E90/><AGARI ba="1,1" hai="72,75,90,93,99" m="49738,51787,45067" machi="90" ten="40,12000,1" yaku="20,1,19,1,34,2" doraHai="8" who="3" fromWho="1" sc="44,0,214,-123,404,0,328,133" owari="44,-45.6,91,-30.9,404,20.4,461,56.1" /></mjloggm>