<mjloggm ver="2.3"><GO type="225" lobby="0"/><UN n0="%E3%81%95%E3%81%8D%E3%81%9F%E3%81%BE%E6%9E%97%E6%AA%8E" n1="%6D%75%75%6D%75%72%61" n2="%E3%81%8B%E3%82%8F%E3%81%A1%E3%82%83%E3%82%93%35%38" n3="%4E%49%4A%49%49%52%4F" dan="16,16,16,16" rate="2120.41,2105.43,2108.66,2168.80" sx="M,F,M,M"/><TAIKYOKU oya="0"/><INIT seed="0,0,0,5,1,23" ten="250,250,250,250" oya="0" hai0="96,90,9,49,38,131,24,62,104,86,2,94,125" hai1="75,10,84,133,80,44,132,16,76,106,102,87,22" hai2="33,14,45,43,127,83,28,114,117,27,6,18,103" hai3="108,8,0,4,39,42,124,119,19,15,3,61,91"/><T123/><D123/><U41/><E106/><V118/><F103/><W120/><G119/><N who="2" m="45577" /><F83/><W130/><G120/><T72/><D38/><U77/><E102/><V50/><F114/><W31/><G108/><T69/><D72/><U105/><E10/><N who="2" m="6487" /><F6/><W74/><G130/><T37/><D37/><U92/><E105/><V122/><F122/><W66/><G124/><AGARI ba="0,0" hai="27,28,33,43,45,50,124,127" m="6487,45577" machi="124" ten="30,2000,0" yaku="12,1,52,1" doraHai="23" who="2" fromWho="3" sc="250,0,250,0,250,20,250,-20" /><INIT seed="1,0,0,3,0,108" ten="250,250,270,230" oya="1" hai0="57,4,122,72,65,45,9,66,77,42,32,61,123" hai1="128,34,13,94,104,27,89,71,19,35,79,67,33" hai2="44,63,14,53,105,74,118,131,40,121,75,100,37" hai3="92,93,83,31,87,11,68,2,73,59,1,39,3"/><U107/><E128/><V135/><F53/><W76/><G68/><T5/><D32/><U80/><E27/><V58/><F58/><W95/><G39/><T49/><D66/><U117/><E117/><V60/><F60/><W17/><G31/><T109/><D109/><U110/><E110/><V98/><F14/><W88/><REACH who="3" step="1"/><G59/><REACH who="3" ten="250,250,270,220" step="2"/><T119/><D119/><U56/><E71/><V29/><F29/><W78/><G78/><T0/><D4/><U82/><E56/><V115/><F37/><W24/><G24/><T46/><D46/><U134/><E79/><V52/><F118/><W102/><G102/><T101/><D101/><U43/><E35/><V86/><F100/><W133/><G133/><T47/><D47/><U114/><E134/><V106/><F44/><W99/><G99/><T69/><D57/><U20/><E34/><V16/><F98/><W38/><G38/><T51/><D51/><U85/><E33/><V21/><F135/><W15/><AGARI ba="0,1" hai="1,2,3,11,15,17,73,76,83,87,88,92,93,95" machi="15" ten="40,5200,0" yaku="1,1,0,1,54,1,53,0" doraHai="108" doraHaiUra="103" who="3" fromWho="3" sc="250,-13,250,-26,270,-13,220,62" /><INIT seed="2,0,0,4,0,23" ten="237,224,257,282" oya="2" hai0="95,53,62,38,76,69,121,74,78,25,111,37,93" hai1="33,48,49,19,20,47,30,97,41,66,115,43,129" hai2="59,68,50,72,108,0,125,56,88,7,101,131,118" hai3="91,82,60,84,15,14,122,46,99,77,54,127,96"/><V39/><F118/><W64/><G122/><T124/><D121/><U3/><E115/><V102/><F72/><W71/><G127/><T75/><D124/><U134/><E129/><V128/><F125/><W81/><G96/><T63/><D69/><U83/><E134/><V28/><F68/><W107/><G107/><T18/><D53/><U27/><E3/><V73/><F73/><W31/><G31/><T36/><D111/><U85/><E66/><V22/><F39/><W24/><G24/><T26/><D38/><U32/><E97/><V94/><F7/><W52/><G99/><T103/><REACH who="0" step="1"/><D18/><REACH who="0" ten="227,224,257,282" step="2"/><U135/><E135/><V79/><F108/><W35/><G54/><T114/><D114/><U133/><E133/><V17/><F128/><W61/><G52/><T126/><D126/><U40/><E19/><V105/><F131/><W2/><G71/><T116/><D116/><U86/><E41/><V4/><F17/><W98/><G64/><T16/><D16/><U44/><REACH who="1" step="1"/><E85/><REACH who="1" ten="227,214,257,282" step="2"/><V57/><F57/><W130/><G84/><T9/><D9/><U90/><AGARI ba="0,2" hai="20,27,30,32,33,40,43,44,47,48,49,83,86,90" machi="90" ten="20,12000,2" yaku="1,1,2,1,0,1,7,1,9,1,52,1,53,1" doraHai="23" doraHaiUra="80" who="1" fromWho="1" sc="227,-30,214,140,257,-60,282,-30" /><INIT seed="3,0,0,2,0,132" ten="197,354,197,252" oya="3" hai0="23,44,68,12,129,99,119,100,94,82,53,1,16" hai1="114,76,61,109,59,127,118,66,43,87,51,25,34" hai2="126,9,86,4,0,49,106,130,79,73,18,70,110" hai3="31,124,108,41,117,7,101,123,47,83,65,90,111"/><W40/><G117/><T62/><D129/><U33/><E114/><V91/><F70/><W22/><G65/><T45/><D119/><U38/><E118/><V125/><F106/><W30/><G101/><T55/><D1/><U46/><E127/><N who="2" m="48651" /><F130/><W131/><G124/><T103/><D68/><U116/><E25/><V21/><F110/><W107/><G107/><T112/><D112/><U88/><E76/><V57/><F79/><W97/><G123/><T27/><D103/><U29/><E29/><V3/><F73/><W58/><G30/><N who="0" m="17791" /><D82/><U64/><E38/><V2/><F57/><W105/><G58/><N who="0" m="35151" /><D100/><U113/><BYE who="0" /><E59/><V98/><F98/><W95/><G97/><UN n0="%E3%81%95%E3%81%8D%E3%81%9F%E3%81%BE%E6%9E%97%E6%AA%8E" /><T28/><D28/><U84/><E109/><V69/><F49/><W26/><G105/><T120/><D120/><U92/><E51/><V102/><F102/><W85/><G131/><T56/><D99/><U128/><E128/><V121/><F69/><W50/><G108/><T93/><D45/><U5/><E46/><V37/><F37/><W81/><G47/><T72/><D72/><U17/><E116/><V6/><F121/><W20/><G50/><N who="0" m="30839" /><D44/><U19/><E113/><V75/><F75/><W35/><G111/><T96/><D96/><U74/><E74/><V32/><F32/><W67/><G35/><T48/><D48/><U8/><E34/><V13/><F4/><W71/><G7/><T39/><D39/><U89/><E5/><V60/><F60/><W134/><G71/><T42/><D42/><U36/><E43/><V63/><F63/><W78/><G40/><T133/><D133/><RYUUKYOKU ba="0,0" sc="197,15,354,-15,197,15,252,-15" hai0="12,16,93,94" hai2="0,2,3,6,9,13,18,21,86,91" owari="212,-18.8,339,43.9,212,-28.8,237,3.7" /></mjloggm>