<mjloggm ver="2.3"><GO type="225" lobby="0"/><UN n0="%E7%99%BD%E6%97%A5%E9%9B%AA%E8%8F%9C" n1="%E3%83%81%E3%83%AF%E3%83%AF%E9%9A%8A%E9%95%B7" n2="%E9%97%98%E5%B0%86%E3%81%A0%E3%82%93%E3%81%A7%E3%81%83" n3="%E8%B6%85%E7%B4%9A%E9%B3%B3%E5%87%B0" dan="17,16,16,17" rate="2194.46,2090.35,2118.49,2152.09" sx="M,M,M,F"/><TAIKYOKU oya="0"/><INIT seed="0,0,0,2,1,94" ten="250,250,250,250" oya="0" hai0="65,125,85,110,37,28,106,105,51,126,53,21,16" hai1="76,115,32,91,118,64,68,122,83,81,67,48,63" hai2="92,0,72,38,8,80,34,15,123,33,112,2,26" hai3="88,116,11,56,111,52,6,49,130,84,134,75,55"/><T129/><D37/><U3/><E3/><V70/><F70/><W27/><G116/><T96/><D129/><U117/><E32/><V22/><F38/><W54/><G75/><T114/><D114/><U57/><E122/><V23/><F80/><W99/><G130/><T9/><D65/><U82/><E115/><V113/><F92/><W120/><G120/><T30/><D110/><U104/><E76/><V74/><F15/><N who="3" m="5623" /><G111/><T86/><D9/><U14/><E104/><V95/><F95/><N who="3" m="56807" /><G134/><T20/><D106/><U29/><E29/><N who="0" m="11369" /><D86/><U77/><E77/><V89/><F8/><W102/><G102/><N who="0" m="62663" /><D85/><U87/><E118/><V100/><F89/><W62/><G84/><T73/><D73/><U133/><E117/><V43/><F100/><W25/><G55/><T93/><D93/><U119/><E119/><V10/><F123/><W41/><G41/><T19/><D21/><U50/><E83/><V79/><F10/><W60/><G60/><T45/><D20/><U109/><E82/><V97/><F43/><W69/><G69/><T61/><D61/><U1/><E109/><V128/><F128/><W35/><G35/><T127/><AGARI ba="0,0" hai="16,19,45,51,53,125,126,127" m="62663,11369" machi="127" ten="40,7800,0" yaku="18,1,52,1,54,1" doraHai="94" who="0" fromWho="0" sc="250,78,250,-26,250,-26,250,-26" /><INIT seed="0,1,0,3,3,3" ten="328,224,224,224" oya="0" hai0="64,99,12,21,130,81,127,24,36,76,110,11,45" hai1="69,89,43,61,68,58,2,56,47,37,126,97,42" hai2="55,86,82,78,46,41,59,50,35,52,48,120,23" hai3="128,95,122,71,34,38,30,19,91,112,49,1,17"/><T0/><D0/><U79/><E126/><V63/><F35/><W73/><G112/><T109/><D127/><U83/><E43/><V98/><F120/><W101/><G38/><T90/><D130/><U18/><E58/><V40/><F63/><W44/><G73/><T8/><D64/><U39/><E39/><V32/><F32/><W7/><G71/><T87/><D99/><U57/><E57/><V60/><F23/><W28/><G128/><T115/><D115/><U113/><E113/><V27/><F27/><W80/><G122/><T85/><D45/><U15/><E2/><V14/><F14/><W62/><G62/><T54/><D54/><U77/><E77/><V118/><F118/><W51/><G101/><T74/><D36/><U22/><E89/><V5/><F5/><W121/><G121/><T10/><D12/><U124/><E97/><V116/><F116/><W119/><G119/><T96/><D96/><U111/><E124/><V67/><REACH who="2" step="1"/><F98/><REACH who="2" ten="328,224,214,224" step="2"/><W4/><G1/><T26/><D26/><U100/><E15/><V93/><F93/><W29/><G34/><T33/><D33/><U129/><E129/><V75/><F75/><W70/><G95/><T107/><D107/><U117/><E117/><V9/><F9/><W31/><N who="3" m="7168" /><DORA hai="131" /><W108/><G4/><T132/><D74/><U135/><E61/><V66/><F66/><W25/><G25/><T133/><D109/><U65/><E111/><V114/><F114/><W106/><G108/><T20/><D110/><U104/><E104/><V92/><F92/><W134/><G106/><T53/><D24/><RYUUKYOKU ba="1,1" sc="328,-10,224,-10,214,30,224,-10" hai2="40,41,46,48,50,52,55,59,60,67,78,82,86" /><INIT seed="1,2,1,1,1,45" ten="318,214,244,214" oya="1" hai0="67,25,79,98,82,58,101,18,134,51,56,103,39" hai1="124,132,85,80,65,104,86,10,64,13,128,53,121" hai2="99,19,111,71,32,109,28,135,8,94,74,47,57" hai3="41,88,126,133,50,76,69,81,119,70,17,2,105"/><U110/><E104/><V112/><F71/><W31/><G105/><T90/><D39/><U24/><E121/><V127/><F74/><W11/><G126/><T6/><D134/><U35/><E132/><V9/><F135/><W118/><G133/><T66/><D6/><U102/><E124/><V129/><F127/><W46/><G31/><T73/><D90/><U131/><E102/><V40/><F129/><N who="1" m="49737" /><E110/><N who="2" m="41995" /><F19/><W114/><G114/><T37/><D37/><U29/><E53/><V23/><F32/><W52/><G41/><T15/><D25/><U116/><E116/><V95/><F95/><W87/><G76/><T12/><D12/><U96/><E96/><V38/><F112/><W36/><G36/><T72/><D72/><U48/><E86/><V75/><F75/><W21/><G2/><T3/><D3/><U33/><E33/><V54/><F99/><W83/><G83/><T0/><D0/><U123/><E123/><V59/><F94/><W27/><REACH who="3" step="1"/><G11/><REACH who="3" ten="318,214,244,204" step="2"/><T49/><D79/><N who="1" m="46239" /><E48/><V78/><F78/><W34/><G34/><T117/><D51/><U22/><E35/><V122/><F38/><W108/><G108/><T43/><D73/><U1/><E1/><V62/><F40/><W14/><G14/><T93/><D15/><U91/><E91/><V16/><F28/><W55/><G55/><T30/><D30/><U20/><E20/><V115/><F115/><W77/><G77/><T97/><D43/><U92/><E92/><V68/><F23/><W113/><G113/><T44/><D93/><U7/><AGARI ba="2,2" hai="7,10,13,22,24,29,64,65" m="46239,49737" machi="7" ten="30,1500,0" yaku="19,1" doraHai="45" who="1" fromWho="1" sc="318,-7,214,41,244,-7,204,-7" /><INIT seed="1,3,0,1,5,4" ten="311,255,237,197" oya="1" hai0="23,85,71,107,49,29,14,116,34,69,57,45,83" hai1="121,105,112,22,59,132,98,95,127,76,16,65,91" hai2="0,72,40,9,54,75,55,68,99,100,61,78,20" hai3="21,50,60,135,12,47,101,39,33,38,120,133,82"/><U63/><E112/><V46/><F20/><W15/><G120/><T51/><D116/><U62/><E121/><V18/><F55/><W115/><G115/><T87/><D107/><U67/><E127/><V10/><F18/><W74/><G33/><T125/><D34/><U35/><E35/><V77/><F77/><W84/><G74/><T32/><D32/><U2/><E132/><N who="3" m="50762" /><G101/><T53/><D125/><U48/><E105/><V92/><F0/><W24/><G60/><N who="1" m="23082" /><E2/><V93/><F72/><W73/><G73/><T36/><D36/><N who="3" m="13865" /><G24/><T129/><D129/><U131/><E76/><V102/><F78/><N who="3" m="46167" /><G21/><T17/><D29/><U96/><E131/><V13/><F75/><W126/><G126/><T25/><D25/><N who="1" m="14535" /><E98/><V37/><F68/><W113/><G113/><T28/><D28/><U117/><E117/><V103/><F99/><W7/><G7/><T80/><D87/><U134/><E134/><V118/><F118/><W79/><G79/><T3/><D85/><U30/><E30/><V122/><F122/><W42/><AGARI ba="3,0" hai="12,15,42,47,50" m="46167,13865,50762" machi="42" ten="30,1100,0" yaku="20,1" doraHai="4" who="3" fromWho="3" sc="311,-6,255,-8,237,-6,197,20" /><INIT seed="2,0,0,1,3,37" ten="305,247,231,217" oya="2" hai0="82,69,113,4,50,99,121,30,79,100,18,32,35" hai1="23,117,47,112,1,89,105,14,73,106,70,93,101" hai2="2,51,134,80,57,128,108,27,114,111,22,87,10" hai3="84,86,62,31,16,107,6,56,58,91,60,103,76"/><V116/><F114/><W59/><G107/><T68/><D121/><U5/><E1/><V40/><F116/><W33/><G103/><T24/><D35/><U46/><E70/><V3/><F128/><W26/><G6/><T90/><D4/><U54/><E73/><V122/><F122/><W64/><G76/><T39/><D39/><U75/><E75/><V21/><F134/><W41/><G84/><T28/><D28/><U13/><E112/><V110/><F22/><W38/><G62/><T34/><D34/><U71/><E71/><V126/><F10/><W127/><G127/><T61/><D90/><U44/><E117/><V78/><F126/><W118/><G118/><T77/><D113/><U97/><E54/><V29/><F57/><W88/><G91/><T135/><D135/><U125/><E125/><V8/><F8/><W83/><REACH who="3" step="1"/><G16/><REACH who="3" ten="305,247,231,207" step="2"/><T65/><D18/><U96/><E5/><V85/><F85/><W9/><G9/><T17/><D17/><U12/><E106/><V72/><F72/><W133/><G133/><T81/><D77/><U124/><E124/><V95/><F95/><W52/><G52/><T7/><D7/><U109/><E105/><V102/><F102/><W0/><G0/><T42/><D79/><U20/><E101/><V130/><F130/><W19/><G19/><T74/><D74/><U45/><E89/><V43/><F3/><W66/><G66/><T94/><D65/><U48/><E96/><V119/><F2/><W25/><G25/><T67/><D69/><U129/><N who="1" m="11264" /><DORA hai="98" /><U53/><E97/><V104/><F119/><RYUUKYOKU ba="0,1" sc="305,15,247,-15,231,-15,207,15" hai0="24,30,32,42,50,61,67,68,81,82,94,99,100" hai3="26,31,33,38,41,56,58,59,60,64,83,86,88" /><INIT seed="3,1,1,0,2,60" ten="320,232,216,222" oya="3" hai0="10,27,130,69,41,55,34,74,7,128,97,133,72" hai1="4,17,85,18,66,120,19,124,129,119,89,30,132" hai2="134,52,40,135,107,35,86,116,114,43,59,3,117" hai3="42,64,100,94,113,33,39,77,21,123,45,6,61"/><W50/><G113/><T91/><D133/><N who="2" m="50698" /><F114/><W131/><G123/><T109/><D69/><U95/><E132/><V81/><F107/><W37/><G33/><T103/><D109/><U47/><E120/><V65/><F3/><W46/><G131/><T56/><D41/><N who="2" m="15946" /><F35/><W48/><G6/><T16/><D91/><U9/><E129/><V76/><F65/><W83/><G21/><T22/><D34/><U105/><E105/><V75/><F75/><W63/><G94/><T71/><D71/><U122/><E122/><V53/><F53/><W125/><G100/><T90/><D128/><U25/><E119/><V1/><F1/><W44/><G125/><T111/><D103/><U80/><E124/><V99/><F99/><W121/><G121/><T14/><D130/><U115/><E115/><V2/><F2/><W93/><G93/><N who="0" m="56503" /><D111/><U127/><E127/><V38/><F38/><W92/><G92/><T78/><D74/><U36/><E36/><V73/><F73/><W20/><G20/><T88/><D72/><U24/><E95/><V112/><F112/><W12/><G63/><AGARI ba="1,1" hai="52,59,63,76,81,86,116,117" m="15946,50698" machi="63" ten="30,2000,0" yaku="20,1,54,1" doraHai="60" who="2" fromWho="3" sc="320,0,232,0,216,33,222,-23" owari="320,42.0,232,-16.8,249,4.9,199,-30.1" /></mjloggm>