<mjloggm ver="2.3"><GO type="225" lobby="0"/><UN n0="%E6%81%A5%E6%99%92%E3%81%97" n1="%E6%B2%B3%E7%AB%A5%E3%81%AE%E3%83%AF%E3%82%AB%E3%83%9E%E3%83%84" n2="%E3%81%AA%E3%82%81%E3%81%93%E9%9B%80%E5%A3%AB" n3="%72%69%6F%75%63%68%61%6E" dan="16,19,16,16" rate="2115.57,2258.85,2011.61,2168.15" sx="M,M,M,M"/><TAIKYOKU oya="0"/><INIT seed="0,0,0,2,5,2" ten="250,250,250,250" oya="0" hai0="72,51,24,134,7,66,11,73,22,34,89,15,130" hai1="5,55,91,31,124,92,94,32,65,67,56,21,70" hai2="38,83,40,117,114,79,69,77,44,37,108,26,29" hai3="68,88,110,46,109,42,8,107,120,78,45,115,53"/><T82/><D130/><U128/><E32/><V63/><F114/><W64/><G115/><T19/><D134/><U28/><E128/><V116/><F79/><W58/><G120/><T16/><D66/><N who="1" m="25099" /><E70/><V133/><F63/><N who="3" m="39967" /><G107/><T104/><D104/><U126/><E5/><V12/><F69/><W49/><G78/><T100/><D100/><U118/><E92/><V111/><F12/><W135/><G8/><T48/><D34/><U17/><E118/><N who="2" m="45675" /><F38/><N who="3" m="21719" /><G88/><T75/><REACH who="0" step="1"/><D7/><REACH who="0" ten="240,250,250,250" step="2"/><U129/><E129/><V98/><F133/><W85/><G135/><T50/><D50/><U13/><E126/><V93/><F93/><W121/><G121/><T0/><D0/><U1/><E1/><V112/><F112/><W20/><G20/><T35/><D35/><U103/><E124/><V102/><F102/><W74/><G74/><T10/><D10/><U61/><E103/><V81/><F98/><AGARI ba="0,1" hai="13,17,21,28,31,55,56,61,91,94,98" m="25099" machi="98" ten="30,1000,0" yaku="8,1" doraHai="2" who="1" fromWho="2" sc="240,0,250,20,250,-10,250,0" /><INIT seed="1,0,0,1,5,12" ten="240,270,240,250" oya="1" hai0="83,29,84,128,65,2,45,112,6,30,55,35,49" hai1="89,101,72,116,54,113,129,121,0,51,44,133,104" hai2="27,131,18,38,68,79,47,80,40,28,98,74,63" hai3="99,94,92,93,20,4,41,23,52,31,111,61,127"/><U120/><E113/><V132/><F132/><W11/><G111/><T33/><D112/><U7/><E116/><V81/><F81/><W86/><G127/><T105/><D105/><U70/><E70/><V16/><F131/><W124/><G124/><T123/><D128/><U39/><E129/><V58/><F68/><W9/><G41/><T125/><D125/><U14/><E72/><V119/><F98/><W95/><G86/><T107/><D107/><U60/><E0/><V17/><F119/><W8/><G4/><T75/><D75/><U88/><E39/><V126/><F126/><W64/><G31/><T73/><D73/><U10/><E60/><V90/><F90/><W25/><G25/><T102/><D123/><U62/><E62/><V135/><F135/><W114/><G114/><T109/><D109/><U21/><E21/><V96/><F96/><W76/><G76/><T53/><D65/><U3/><E3/><V48/><F38/><W59/><REACH who="3" step="1"/><G64/><REACH who="3" ten="240,270,240,240" step="2"/><T5/><D30/><U46/><E133/><V66/><F18/><W13/><G13/><T56/><D2/><U26/><E26/><V130/><F130/><W134/><G134/><T108/><D108/><U22/><E120/><V1/><F1/><W24/><G24/><N who="0" m="18599" /><D35/><AGARI ba="0,1" hai="16,17,27,28,35,40,47,48,58,63,66,74,79,80" machi="35" ten="30,7700,0" yaku="7,1,52,2,54,1" doraHai="12" who="2" fromWho="0" sc="240,-77,270,0,240,87,240,0" /><INIT seed="2,0,0,0,0,55" ten="163,270,327,240" oya="2" hai0="6,52,15,33,8,77,25,90,114,120,39,128,97" hai1="53,95,79,127,126,56,129,1,122,19,134,116,100" hai2="109,66,4,36,107,89,75,68,123,98,59,64,93" hai3="112,63,74,34,54,96,18,88,5,83,121,118,21"/><V60/><F123/><W102/><G118/><T61/><D114/><U87/><E1/><V23/><F75/><W30/><G121/><T91/><D120/><U111/><E122/><V115/><F36/><W41/><G112/><T78/><D128/><U31/><E31/><V124/><F124/><W67/><G41/><T119/><D39/><U20/><E116/><V94/><F107/><W104/><G5/><T92/><D119/><U125/><E111/><V85/><F109/><W49/><G34/><T35/><D91/><U82/><E134/><V110/><F115/><W26/><G74/><T11/><D11/><U47/><E47/><V76/><F4/><W12/><G83/><T13/><D13/><U9/><E9/><V133/><F133/><W3/><G3/><T101/><D101/><U0/><E0/><V113/><F68/><W117/><G88/><N who="0" m="55431" /><D33/><U84/><E129/><V46/><F46/><W81/><G81/><T131/><D131/><U24/><E100/><N who="2" m="60495" /><F76/><N who="0" m="29290" /><D35/><U108/><E108/><V44/><F113/><W38/><G38/><T69/><D69/><U40/><E95/><V32/><F32/><N who="3" m="20567" /><G117/><T86/><D25/><U22/><E84/><V16/><F110/><W42/><G42/><T130/><D130/><U37/><E40/><V72/><F72/><W43/><G43/><T105/><D105/><U2/><E37/><V65/><F89/><W99/><G104/><T48/><D61/><N who="1" m="35983" /><E2/><V132/><F132/><W57/><G102/><T14/><D90/><U10/><E24/><V62/><F94/><W73/><G73/><T50/><D86/><U51/><E126/><RYUUKYOKU ba="0,0" sc="163,-10,270,-10,327,-10,240,30" hai3="12,18,21,49,54,57,63,67,96,99" /><INIT seed="3,1,0,0,4,85" ten="153,260,317,270" oya="3" hai0="3,96,45,2,26,55,39,118,75,31,11,83,78" hai1="133,9,25,71,21,44,59,100,48,108,62,116,102" hai2="89,77,90,52,32,103,124,57,79,112,99,42,94" hai3="129,76,27,109,67,63,22,20,51,12,91,70,111"/><W56/><G129/><T49/><D118/><U38/><E71/><V65/><F112/><W35/><G76/><N who="2" m="29257" /><F32/><W40/><G12/><T128/><D128/><U82/><E38/><V130/><F124/><W93/><G35/><T132/><D132/><U110/><E9/><V115/><F115/><W64/><G64/><T15/><D39/><U121/><E82/><V5/><F65/><W131/><G131/><T113/><D113/><U134/><E121/><V8/><F42/><W17/><G20/><T7/><REACH who="0" step="1"/><D96/><REACH who="0" ten="143,260,317,270" step="2"/><U95/><E116/><V74/><F130/><W53/><REACH who="3" step="1"/><G40/><REACH who="3" ten="143,260,317,260" step="2"/><T13/><D13/><U97/><E133/><V73/><F73/><W10/><G10/><T18/><D18/><U81/><E134/><V101/><F74/><W60/><G60/><T61/><D61/><U105/><E62/><V34/><F8/><W119/><G119/><T69/><D69/><U23/><E108/><V80/><F5/><W107/><G107/><T0/><D0/><U24/><E110/><V127/><F127/><W33/><G33/><T126/><D126/><U120/><E105/><V106/><F34/><W98/><AGARI ba="1,2" hai="17,22,27,51,53,56,63,67,70,91,93,98,109,111" machi="98" ten="30,6000,0" yaku="1,1,0,1,52,1,53,0" doraHai="85" doraHaiUra="72" who="3" fromWho="3" sc="143,-21,260,-21,317,-21,260,83" owari="122,-37.8,239,-16.1,296,9.6,343,44.3" /></mjloggm>