<mjloggm ver="2.3"><GO type="225" lobby="0"/><UN n0="%E6%97%A5%E6%9B%9C%E6%97%A5%E3%82%88%E3%82%8A%E3%81%AE%E4%BD%BF%E8%80%85" n1="%E3%81%B2%E3%81%AA%E3%81%AE%E3%82%8A%E3%81%8F" n2="%E3%83%A9%E3%83%BC%E3%83%A1%E3%83%B3%E4%BA%94%E9%83%8E" n3="%E3%82%BC%E3%83%AB%E3%83%80%E3%81%AE%E4%BC%9D%E8%AA%AC" dan="17,17,16,16" rate="2176.95,2199.81,2077.77,2143.93" sx="M,M,M,M"/><TAIKYOKU oya="0"/><INIT seed="0,0,0,3,4,127" ten="250,250,250,250" oya="0" hai0="26,30,75,122,95,71,7,83,38,102,96,29,35" hai1="40,78,132,49,47,94,23,115,54,20,52,50,9" hai2="58,103,37,135,81,11,3,51,92,131,17,100,60" hai3="13,5,70,114,57,15,66,19,129,33,59,6,45"/><T53/><D122/><U97/><E132/><V124/><F37/><W107/><G114/><T90/><D38/><U117/><E117/><V63/><F135/><W25/><G107/><T24/><D71/><U86/><E115/><V77/><F124/><W133/><G133/><T42/><D42/><U55/><E9/><V68/><F68/><W69/><G45/><T4/><D53/><U87/><E50/><V111/><F111/><W118/><G19/><T64/><D64/><U31/><E78/><V98/><F103/><W99/><G99/><T22/><REACH who="0" step="1"/><D75/><REACH who="0" ten="240,250,250,250" step="2"/><U2/><E2/><V12/><F3/><W130/><G66/><T105/><D105/><U116/><E116/><V79/><F63/><W134/><G134/><T106/><D106/><U128/><E40/><V101/><F60/><W93/><G118/><T39/><D39/><U61/><E55/><V28/><F51/><W36/><G36/><T120/><D120/><U18/><E54/><V14/><F58/><W85/><G70/><T56/><D56/><U65/><E61/><V89/><F101/><W1/><G69/><T74/><D74/><U48/><E48/><V109/><F100/><W110/><G1/><T21/><D21/><U121/><E65/><V27/><F11/><W84/><G110/><T112/><D112/><U16/><E23/><V108/><F109/><W62/><G62/><T73/><D73/><U32/><E121/><V125/><F108/><W46/><G46/><T91/><D91/><U72/><E47/><V82/><F89/><W67/><G67/><T0/><D0/><U123/><E123/><RYUUKYOKU ba="0,1" sc="240,30,250,-10,250,-10,250,-10" hai0="4,7,22,24,26,29,30,35,83,90,95,96,102" /><INIT seed="0,1,1,3,0,131" ten="270,240,240,240" oya="0" hai0="52,85,107,88,112,16,128,96,8,101,106,45,6" hai1="103,33,113,82,80,64,129,135,17,100,21,86,110" hai2="120,13,18,105,111,37,134,115,11,3,54,123,43" hai3="25,58,23,108,65,24,61,124,119,122,30,44,69"/><T35/><D112/><U55/><E129/><V91/><F115/><W84/><G119/><T116/><D128/><U133/><E113/><V130/><F130/><W0/><G108/><T56/><D116/><U20/><E33/><V36/><F105/><W2/><G124/><T132/><D35/><U53/><E110/><V121/><F111/><W63/><G122/><T29/><D29/><U59/><E64/><V94/><F3/><W127/><G127/><T32/><D32/><U19/><E86/><V39/><F54/><W7/><G7/><T4/><D107/><U87/><E87/><V118/><F118/><W57/><G69/><T1/><D132/><U70/><REACH who="1" step="1"/><E59/><REACH who="1" ten="270,230,240,240" step="2"/><V73/><F73/><W78/><G84/><T5/><D45/><U41/><E41/><V67/><F67/><W76/><G44/><T10/><D1/><U34/><E34/><V72/><F72/><W77/><REACH who="3" step="1"/><G24/><REACH who="3" ten="270,230,240,230" step="2"/><T66/><D56/><U12/><E12/><V81/><F13/><W102/><G102/><T99/><D101/><U98/><E98/><V60/><F120/><W90/><G90/><T109/><D109/><U62/><E62/><V48/><F60/><W15/><G15/><T83/><D99/><U126/><E126/><V75/><F91/><W117/><G117/><T71/><D96/><U93/><E93/><V92/><F94/><W47/><G47/><T104/><D104/><U14/><E14/><N who="2" m="7519" /><F92/><W68/><G68/><AGARI ba="1,3" hai="17,19,20,21,53,55,68,70,80,82,100,103,133,135" machi="68" ten="25,8000,1" yaku="1,1,22,2,52,2,53,0" doraHai="131" doraHaiUra="22" who="1" fromWho="3" sc="270,0,230,113,240,0,230,-83" /><INIT seed="1,0,0,0,2,53" ten="270,343,240,147" oya="1" hai0="43,33,64,31,58,15,131,101,83,48,65,44,6" hai1="37,9,104,72,36,119,19,77,105,62,27,25,23" hai2="98,107,56,24,16,106,7,17,94,68,76,50,103" hai3="109,102,57,38,130,128,89,134,110,54,126,86,66"/><U35/><E119/><V18/><F68/><W14/><G14/><T12/><D131/><N who="3" m="50217" /><G102/><T20/><D33/><U1/><E77/><V3/><F24/><W2/><G2/><T97/><D83/><U96/><E72/><V81/><F3/><W71/><G86/><T100/><D6/><U88/><E9/><V8/><F8/><W120/><G89/><T42/><D42/><U121/><E121/><V87/><REACH who="2" step="1"/><F7/><REACH who="2" ten="270,343,230,147" step="2"/><W29/><G29/><T78/><D31/><U80/><E1/><V26/><F26/><W95/><G120/><T11/><D11/><U114/><E27/><V32/><F32/><W85/><G126/><T61/><D12/><U135/><E25/><V39/><F39/><W63/><G134/><T55/><D15/><U123/><E37/><V116/><F116/><W4/><G4/><T41/><D20/><U99/><E36/><V34/><F34/><W22/><G22/><T49/><D78/><U132/><E35/><V82/><F82/><W30/><G30/><T112/><D112/><U10/><E114/><V67/><F67/><W127/><G127/><T111/><D65/><U0/><E10/><V117/><F117/><W84/><G38/><T69/><D69/><U45/><E80/><V115/><F115/><W60/><G95/><T92/><D92/><U129/><E0/><V74/><F74/><W75/><G75/><T70/><D70/><U91/><E135/><V133/><F133/><W113/><G113/><T52/><D64/><U51/><E132/><V21/><F21/><W108/><AGARI ba="0,1" hai="54,57,60,63,66,71,84,85,108,109,110" m="50217" machi="108" ten="40,5200,0" yaku="14,1,19,1,52,1" doraHai="53" who="3" fromWho="3" sc="270,-13,343,-26,230,-13,147,62" /><INIT seed="2,0,0,4,4,68" ten="257,317,217,209" oya="2" hai0="32,89,9,116,43,67,3,22,126,20,107,53,19" hai1="26,103,11,111,75,1,82,93,108,122,90,29,133" hai2="59,62,105,101,124,16,92,121,96,63,128,4,76" hai3="79,24,57,74,21,95,98,100,132,71,23,83,84"/><V35/><F121/><W91/><G132/><T70/><D107/><U115/><E115/><V87/><F35/><W123/><G123/><T66/><D43/><U113/><E113/><V52/><F128/><W40/><G71/><T8/><D53/><U88/><E133/><V28/><F28/><W39/><G57/><T80/><D70/><U72/><E103/><V46/><F124/><W17/><G23/><T42/><D42/><U77/><E75/><V15/><F4/><W36/><REACH who="3" step="1"/><G40/><REACH who="3" ten="257,317,217,199" step="2"/><T130/><D22/><U41/><E41/><V65/><F46/><W94/><AGARI ba="0,1" hai="17,21,24,36,39,74,79,83,84,91,94,95,98,100" machi="94" ten="20,12000,2" yaku="1,1,2,1,0,1,7,1,52,2,53,0" doraHai="68" doraHaiUra="54" who="3" fromWho="3" sc="257,-30,317,-30,217,-60,199,130" /><INIT seed="3,0,0,4,5,22" ten="227,287,157,329" oya="3" hai0="68,7,40,124,32,95,88,52,5,94,132,50,72" hai1="15,56,41,118,19,101,28,122,29,74,21,11,65" hai2="49,70,73,105,4,17,58,6,104,83,75,43,8" hai3="123,107,36,39,93,53,110,12,33,79,134,96,99"/><W116/><G123/><T13/><D72/><U76/><E101/><V85/><F70/><W24/><G116/><T121/><D68/><U51/><E74/><V129/><F129/><W1/><G1/><T130/><D32/><U81/><E122/><V63/><F73/><W18/><G79/><T119/><D121/><U20/><E65/><V97/><F75/><W2/><G2/><T71/><D71/><U37/><E37/><V48/><F105/><W78/><G78/><T14/><D119/><U69/><E69/><V16/><F104/><W135/><G110/><T92/><D130/><U60/><E29/><V108/><F108/><W66/><G66/><T44/><D124/><U117/><E117/><V126/><F126/><W106/><G53/><T103/><D103/><U25/><E21/><V113/><F113/><W133/><G106/><T45/><D132/><U67/><E76/><V23/><F97/><N who="3" m="37451" /><G93/><T114/><D114/><U34/><E34/><V89/><F43/><W82/><G82/><T30/><D30/><U38/><E38/><N who="3" m="14378" /><G107/><T54/><D40/><U102/><E81/><V0/><F4/><W9/><G33/><T109/><D109/><U27/><E102/><V84/><F85/><W77/><G77/><T46/><D54/><U62/><E41/><V59/><F59/><W64/><G64/><T31/><D5/><U120/><E67/><V55/><REACH who="2" step="1"/><F17/><REACH who="2" ten="227,287,147,329" step="2"/><W112/><G112/><T42/><D7/><U57/><E19/><V87/><F87/><W115/><G115/><T128/><D128/><U100/><E118/><V125/><F125/><W61/><G135/><RYUUKYOKU ba="0,1" sc="227,-10,287,-10,147,30,329,-10" hai2="0,6,8,16,23,48,49,55,58,63,83,84,89" owari="217,-18.3,277,7.7,177,-32.3,329,42.9" /></mjloggm>