<mjloggm ver="2.3"><GO type="225" lobby="0"/><UN n0="%4C%4F%4C%49%54%41" n1="%6B%65%6E%6E%64%69" n2="%E3%82%A2%E3%83%BC%E3%83%A2%E3%83%AD%E3%83%BC%E3%83%B4%E3%82%A1" n3="%73%6C%69%63%6B%33%31%39" dan="16,16,16,16" rate="2162.91,2189.45,2192.26,2094.77" sx="F,M,M,M"/><TAIKYOKU oya="0"/><INIT seed="0,0,0,4,4,61" ten="250,250,250,250" oya="0" hai0="108,124,114,116,4,39,16,105,117,64,129,69,100" hai1="55,107,128,28,80,66,53,19,49,3,26,121,82" hai2="123,87,32,59,15,101,5,65,1,2,46,60,35" hai3="83,13,10,62,132,6,103,71,104,47,36,125,40"/><T86/><D114/><U30/><E121/><V58/><F123/><W73/><G125/><T93/><D39/><U95/><E107/><V96/><F46/><W17/><G132/><T76/><D4/><U92/><E3/><V9/><F87/><W24/><G103/><T29/><D29/><U70/><E128/><V99/><F99/><W52/><G104/><T37/><D37/><U74/><E19/><V56/><F1/><W89/><G24/><T22/><D105/><U50/><E26/><V90/><F90/><W33/><G33/><T34/><D34/><U43/><E70/><V14/><F35/><W120/><G120/><T111/><D124/><U0/><E0/><V54/><F32/><W75/><G6/><T45/><D45/><U115/><E74/><V113/><F113/><W48/><G89/><N who="0" m="53431" /><D76/><U109/><E115/><V44/><F44/><W7/><G83/><T68/><D100/><U98/><E98/><V31/><F31/><W126/><G7/><T127/><D129/><U134/><E43/><V84/><F84/><W122/><G126/><T102/><D102/><U118/><E118/><N who="0" m="45673" /><D64/><U41/><E41/><V38/><F38/><W8/><G122/><T119/><N who="0" m="45681" /><T51/><DORA hai="57" /><D51/><U72/><E72/><N who="3" m="27722" /><G8/><T79/><D79/><U78/><E78/><V112/><F112/><W27/><G27/><N who="0" m="14791" /><D127/><U21/><E21/><V94/><REACH who="2" step="1"/><F54/><REACH who="2" ten="250,250,240,250" step="2"/><W85/><G85/><T11/><D11/><U12/><E55/><V88/><F88/><W110/><G36/><T97/><D97/><U133/><E53/><V67/><F67/><N who="3" m="41463" /><G52/><T81/><D81/><RYUUKYOKU ba="0,1" sc="250,10,250,-30,240,10,250,10" hai0="68,69,108,111" hai2="2,5,9,14,15,56,58,59,60,65,94,96,101" hai3="10,13,17,40,47,48,110" /><INIT seed="0,1,1,4,0,32" ten="260,220,250,260" oya="0" hai0="124,123,102,128,5,83,101,47,56,117,30,23,24" hai1="105,88,64,14,17,2,50,18,37,68,25,91,13" hai2="67,107,86,65,45,98,106,132,66,19,71,133,34" hai3="114,3,110,126,100,46,52,9,92,51,97,79,108"/><T63/><D117/><U36/><E105/><V0/><F34/><W115/><G126/><T87/><D123/><U104/><E104/><V16/><F71/><W35/><G35/><T120/><D120/><U111/><E111/><N who="3" m="42538" /><G79/><T49/><D5/><AGARI ba="1,1" hai="3,5,9,46,51,52,92,97,100,114,115" m="42538" machi="5" ten="30,3900,0" yaku="14,1,52,1,54,1" doraHai="32" who="3" fromWho="0" sc="260,-42,220,0,250,0,260,52" /><INIT seed="1,0,0,1,2,2" ten="218,220,250,312" oya="1" hai0="19,65,126,38,62,23,82,5,41,44,102,10,123" hai1="37,53,56,22,8,18,72,124,120,16,6,86,31" hai2="45,73,71,104,67,132,59,52,133,131,7,43,101" hai3="125,13,98,107,60,109,63,134,9,21,14,88,54"/><U103/><E120/><V11/><F73/><W129/><G109/><T100/><D126/><U68/><E72/><V49/><F131/><W135/><G129/><T33/><D33/><U61/><E124/><V27/><F27/><W32/><G32/><T97/><D123/><U115/><E115/><V80/><F80/><W29/><G125/><T64/><D82/><U39/><E31/><V26/><F26/><N who="3" m="16591" /><G54/><T106/><D100/><U127/><E127/><V69/><F101/><W55/><G55/><T12/><REACH who="0" step="1"/><D62/><REACH who="0" ten="208,220,250,312" step="2"/><U93/><E103/><V116/><F116/><W85/><G63/><T81/><D81/><U66/><E39/><N who="2" m="21759" /><F104/><W58/><G107/><T105/><D105/><U28/><E37/><V99/><F99/><W36/><G98/><T122/><D122/><U79/><E79/><V4/><F67/><W130/><G36/><T51/><D51/><U121/><E121/><V95/><F95/><N who="3" m="54671" /><G130/><T119/><D119/><U25/><E93/><V128/><F128/><W20/><G60/><T77/><D77/><U117/><E117/><V15/><F132/><W83/><G83/><T46/><D46/><U40/><E86/><V118/><F133/><W113/><G135/><T70/><D70/><U92/><E92/><V78/><F118/><W35/><G35/><T75/><D75/><U90/><E90/><V57/><F78/><W3/><G134/><T0/><AGARI ba="0,1" hai="0,5,10,12,19,23,38,41,44,64,65,97,102,106" machi="0" ten="20,5200,0" yaku="1,1,0,1,7,1,52,1,53,0" doraHai="2" doraHaiUra="24" who="0" fromWho="0" sc="208,62,220,-26,250,-13,312,-13" /><INIT seed="2,0,0,0,1,32" ten="270,194,237,299" oya="2" hai0="27,95,24,114,133,71,18,99,125,50,52,5,49" hai1="88,13,31,120,75,48,77,35,2,40,22,81,23" hai2="112,42,53,46,110,116,97,129,91,72,74,36,104" hai3="117,8,29,79,73,70,61,38,132,127,1,86,21"/><V0/><F112/><W56/><G117/><T6/><D114/><U119/><E119/><V130/><F116/><W33/><G70/><T113/><D113/><U59/><E120/><V85/><F53/><W19/><G38/><T62/><D133/><U37/><E37/><V54/><F54/><W34/><G73/><T58/><D125/><U7/><E35/><V69/><F69/><W106/><G106/><T28/><D18/><U55/><E40/><V131/><F110/><W20/><G127/><T134/><D134/><U80/><E13/><V102/><REACH who="2" step="1"/><F0/><REACH who="2" ten="270,194,227,299" step="2"/><W108/><G1/><T67/><D71/><U101/><E31/><V76/><F76/><W78/><G78/><T94/><D52/><U109/><E109/><V100/><F100/><W11/><G79/><T3/><D3/><U12/><E101/><V39/><F39/><W16/><G29/><T107/><D28/><U43/><E43/><V126/><F126/><W96/><G108/><T87/><D50/><U121/><E121/><V122/><F122/><W98/><G61/><T90/><D49/><U111/><E111/><V47/><F47/><W9/><G56/><T92/><D58/><U135/><E135/><V115/><F115/><W65/><G132/><T64/><D62/><U25/><E2/><V84/><F84/><W17/><G86/><T14/><D87/><N who="1" m="50279" /><E25/><V57/><F57/><W124/><G124/><T93/><D24/><U4/><E12/><V44/><F44/><W89/><G65/><N who="0" m="25163" /><D27/><U45/><E59/><V103/><F103/><W15/><G15/><T63/><D14/><U66/><E66/><RYUUKYOKU ba="0,1" sc="270,-15,194,15,227,15,299,-15" hai1="4,7,22,23,45,48,55,75,77,81" hai2="36,42,46,72,74,85,91,97,102,104,129,130,131" /><INIT seed="2,1,1,1,0,32" ten="255,209,242,284" oya="2" hai0="69,85,112,128,31,5,103,30,64,133,81,67,114" hai1="29,90,35,61,96,46,116,2,108,115,43,95,4" hai2="125,20,60,98,3,71,18,86,53,63,78,7,1" hai3="49,72,6,26,135,51,9,80,28,75,93,34,66"/><V33/><F33/><W73/><G135/><T92/><D128/><U22/><E116/><V126/><F7/><W99/><G66/><T91/><D133/><U132/><E132/><V109/><F109/><W134/><G134/><T110/><D110/><U52/><E108/><V111/><F111/><W19/><G19/><T23/><D69/><U107/><E115/><V40/><F40/><W48/><G80/><T123/><D123/><U121/><E35/><V124/><F98/><W84/><G84/><N who="0" m="52327" /><D112/><U27/><E121/><V117/><F117/><W131/><G131/><T104/><D104/><U68/><E107/><V13/><F53/><W65/><G65/><N who="0" m="25163" /><D103/><U39/><E68/><V55/><F71/><W88/><REACH who="3" step="1"/><G72/><REACH who="3" ten="255,209,242,274" step="2"/><T37/><D85/><U14/><E14/><AGARI ba="1,2" hai="6,9,14,26,28,34,48,49,51,73,75,88,93,99" machi="14" ten="40,5200,0" yaku="1,1,2,1,54,1,53,0" doraHai="32" doraHaiUra="130" who="3" fromWho="1" sc="255,0,209,-55,242,0,274,75" /><INIT seed="3,0,0,2,5,36" ten="255,154,242,349" oya="3" hai0="92,109,116,90,57,70,52,27,107,35,123,48,60" hai1="100,88,28,115,114,71,122,25,16,63,134,83,33" hai2="30,1,42,58,102,43,41,66,126,89,95,0,113" hai3="31,96,54,38,45,20,87,4,103,93,74,62,32"/><W94/><G74/><T68/><D116/><U44/><E134/><V7/><F113/><W64/><G4/><T86/><D123/><U130/><E130/><V2/><F126/><W104/><G20/><T9/><D107/><U112/><E122/><V46/><F102/><W106/><G87/><T118/><D118/><U77/><E100/><V10/><F30/><W91/><G106/><T120/><D120/><U61/><E44/><V101/><F101/><W132/><G91/><T65/><D109/><U78/><E71/><V3/><F58/><W121/><G132/><T55/><D35/><U75/><E77/><V56/><F56/><W67/><G67/><T127/><D127/><U117/><E117/><V5/><F66/><W47/><G47/><T119/><D119/><U53/><E53/><V39/><REACH who="2" step="1"/><F7/><REACH who="2" ten="255,154,232,349" step="2"/><W17/><G64/><T73/><D73/><U19/><REACH who="1" step="1"/><E88/><REACH who="1" ten="255,144,232,349" step="2"/><V37/><F37/><W135/><G38/><T24/><D68/><U72/><E72/><V105/><F105/><W6/><G103/><T34/><D70/><U50/><E50/><V26/><F26/><W18/><G104/><T23/><D48/><U84/><E84/><AGARI ba="0,2" hai="0,1,2,3,5,10,39,41,42,43,46,84,89,95" machi="84" ten="40,8000,1" yaku="1,1,52,3,53,0" doraHai="36" doraHaiUra="49" who="2" fromWho="1" sc="255,0,144,-80,232,100,349,0" owari="255,-14.5,64,-43.6,332,13.2,349,44.9" /></mjloggm>