<mjloggm ver="2.3"><GO type="225" lobby="0"/><UN n0="%E3%82%B2%E3%82%B9%E8%8C%82%E5%8B%9D" n1="%E8%80%81%E6%A5%BD" n2="%E6%B8%A9%E2%98%85%E6%83%85%E2%98%85%E6%8E%AA%E2%98%85%E7%BD%AE" n3="%E3%82%B7%E3%83%B3%E5%A4%AA%E6%9C%97" dan="16,16,17,16" rate="2085.27,2119.03,2213.98,2157.26" sx="F,M,M,M"/><TAIKYOKU oya="0"/><INIT seed="0,0,0,3,4,29" ten="250,250,250,250" oya="0" hai0="10,51,130,91,27,6,42,65,55,62,129,40,16" hai1="41,63,30,14,118,13,109,94,115,71,128,134,78" hai2="47,100,111,105,123,38,90,80,15,59,8,24,1" hai3="0,32,77,5,34,87,121,124,102,52,37,98,43"/><T85/><D27/><U2/><E78/><V61/><F123/><W79/><G121/><T36/><D36/><U73/><E94/><V86/><F111/><W84/><G124/><T125/><D125/><U26/><E63/><V104/><F1/><W28/><G28/><T72/><D72/><U70/><E41/><V44/><F24/><W19/><G37/><T48/><D16/><U17/><E70/><V82/><F82/><W135/><G43/><T83/><D42/><U97/><E97/><V122/><F122/><W54/><G135/><T110/><D40/><U58/><E71/><V60/><F60/><W101/><G19/><T75/><D75/><U132/><E58/><V57/><F57/><W31/><G31/><T22/><D22/><N who="1" m="11567" /><E73/><V7/><F38/><W46/><G5/><T4/><D110/><U114/><E109/><V23/><F23/><W95/><G0/><T81/><D83/><U50/><E2/><V117/><F117/><W18/><G18/><T49/><D55/><U126/><E118/><V113/><F105/><W103/><G77/><T11/><D4/><U35/><E126/><V20/><F104/><W112/><G112/><N who="1" m="43050" /><E50/><V108/><F113/><W9/><G79/><T12/><REACH who="0" step="1"/><D10/><REACH who="0" ten="240,250,250,250" step="2"/><U96/><E26/><V21/><F108/><W88/><G9/><T133/><D133/><U116/><E132/><V66/><REACH who="2" step="1"/><F100/><REACH who="2" ten="240,250,240,250" step="2"/><W25/><G25/><T131/><D131/><U93/><E128/><V119/><F119/><W64/><G103/><T92/><D92/><U3/><E116/><V107/><F107/><N who="3" m="63927" /><G102/><T89/><D89/><U45/><E134/><RYUUKYOKU ba="0,2" sc="240,15,250,-15,240,15,250,-15" hai0="6,11,12,48,49,51,62,65,81,85,91,129,130" hai2="7,8,15,20,21,44,47,59,61,66,80,86,90" /><INIT seed="0,1,2,3,5,71" ten="255,235,255,235" oya="0" hai0="61,102,31,83,127,24,113,76,11,29,57,117,100" hai1="111,56,98,66,41,5,16,84,7,75,89,77,3" hai2="131,72,86,17,1,78,106,59,25,44,49,8,73" hai3="88,52,54,23,30,81,6,103,37,91,94,74,108"/><T92/><D117/><U2/><E75/><V122/><F122/><W40/><G108/><T28/><D127/><U36/><E77/><V99/><F131/><W116/><G116/><T53/><D113/><U14/><E98/><V0/><F59/><W22/><G6/><T60/><D24/><U90/><E66/><V119/><F119/><W51/><G103/><T19/><D92/><U43/><E56/><V70/><F70/><W55/><G37/><T115/><D115/><U68/><E84/><V109/><F109/><W4/><G4/><T130/><D61/><U62/><E62/><V95/><F106/><W123/><G123/><T110/><D130/><U34/><E68/><V101/><F73/><W46/><G30/><T133/><D133/><U128/><E14/><V35/><F72/><W121/><G121/><T64/><D64/><U27/><E27/><V26/><F1/><W97/><REACH who="3" step="1"/><G74/><REACH who="3" ten="255,235,255,225" step="2"/><T18/><D110/><U42/><E111/><V105/><F0/><W13/><G13/><N who="0" m="7487" /><D19/><U63/><E16/><V114/><F17/><W112/><G112/><T33/><D33/><U67/><E2/><V12/><F35/><W69/><G69/><T20/><D20/><U126/><E34/><V134/><F114/><W125/><G125/><T15/><D15/><U38/><E126/><V58/><F12/><W80/><G80/><T107/><D107/><U132/><E3/><V47/><F105/><W9/><G9/><T124/><D124/><U93/><E5/><V48/><F8/><W96/><G96/><T129/><D129/><U79/><E128/><V65/><F99/><RYUUKYOKU ba="1,3" sc="255,15,235,-15,255,-15,225,15" hai0="28,29,31,53,57,60,76,83,100,102" hai3="22,23,40,46,51,52,54,55,81,88,91,94,97" /><INIT seed="0,2,3,0,3,52" ten="270,220,240,240" oya="0" hai0="94,126,122,60,92,130,133,46,88,43,127,40,48" hai1="27,11,45,73,107,65,30,64,22,2,71,74,98" hai2="8,56,33,99,135,31,39,106,104,113,97,54,7" hai3="26,115,114,29,18,110,86,112,49,87,9,116,76"/><T108/><D122/><U132/><E22/><V41/><F113/><W3/><G116/><T103/><D130/><U13/><E13/><V82/><F135/><W131/><G131/><T81/><D133/><U51/><E64/><V129/><F129/><W6/><G110/><T109/><D60/><N who="1" m="40359" /><E51/><V12/><F82/><W57/><G18/><T96/><D81/><U59/><E59/><V28/><F41/><W121/><G121/><T117/><D117/><U89/><E89/><V23/><F39/><W24/><G24/><T20/><D20/><U85/><E85/><V42/><F42/><W128/><G128/><T79/><D79/><U36/><E27/><V5/><F5/><W95/><G95/><T21/><D21/><U47/><E47/><V37/><F37/><W105/><G105/><T4/><D40/><N who="1" m="22663" /><E30/><V120/><F120/><W32/><REACH who="3" step="1"/><G76/><REACH who="3" ten="270,220,240,230" step="2"/><T19/><D19/><U1/><E132/><V16/><F16/><W53/><AGARI ba="2,4" hai="3,6,9,26,29,32,49,53,57,86,87,112,114,115" machi="53" ten="40,8000,1" yaku="1,1,2,1,0,1,52,1,53,0" doraHai="52" doraHaiUra="119" who="3" fromWho="3" sc="270,-42,220,-22,240,-22,230,126" /><INIT seed="1,0,0,1,2,14" ten="228,198,218,356" oya="1" hai0="113,85,79,81,105,75,59,2,88,90,40,92,131" hai1="77,73,20,76,84,110,67,103,123,116,121,86,56" hai2="60,25,70,102,80,66,124,108,126,41,46,61,0" hai3="111,37,31,35,36,50,29,83,87,22,132,114,28"/><U45/><E67/><N who="2" m="41319" /><F0/><W33/><G111/><T19/><D2/><U51/><E56/><N who="2" m="37159" /><F102/><W34/><G114/><T39/><D113/><U135/><E51/><N who="2" m="27087" /><F25/><W48/><G132/><T17/><D105/><U101/><E45/><V107/><F80/><W112/><G112/><T11/><D131/><U96/><E20/><V133/><F107/><W44/><G22/><T64/><D11/><U16/><E16/><V98/><F98/><W47/><G87/><N who="1" m="33322" /><E116/><V13/><F13/><W9/><G83/><T4/><D4/><U117/><E117/><V30/><F30/><W99/><G9/><T91/><D90/><U74/><E135/><V134/><F108/><W32/><G32/><T72/><D91/><U8/><E8/><V49/><F49/><N who="3" m="19051" /><G99/><T12/><D72/><N who="1" m="27755" /><E110/><V93/><F93/><W54/><G33/><T6/><D6/><U27/><E27/><V129/><F129/><W43/><G34/><T52/><D12/><U69/><E96/><V115/><F115/><W118/><G35/><T95/><D92/><U10/><E10/><V15/><F15/><W71/><G118/><T128/><D128/><U5/><E5/><V62/><F62/><W97/><G97/><T7/><D7/><U89/><E89/><V21/><F21/><W42/><G31/><T55/><D75/><U63/><E101/><V82/><F82/><W24/><G29/><T106/><D106/><U104/><E103/><V3/><F3/><W38/><G28/><T109/><D109/><U26/><E104/><V100/><F100/><W1/><G1/><T53/><D88/><U94/><E76/><RYUUKYOKU ba="0,0" sc="228,-10,198,-10,218,30,356,-10" hai2="124,126,133,134" /><INIT seed="2,1,0,5,5,43" ten="218,188,248,346" oya="2" hai0="46,78,82,71,45,89,105,48,73,128,120,49,0" hai1="124,118,57,66,36,108,79,99,76,53,47,1,111" hai2="87,98,9,92,69,123,28,20,4,2,134,70,31" hai3="62,8,94,12,51,106,119,117,109,40,21,101,30"/><V58/><F123/><W91/><G109/><N who="1" m="42058" /><E1/><V60/><F134/><W18/><G62/><T68/><D128/><U104/><E104/><V35/><F87/><W121/><G121/><T83/><D120/><U102/><E102/><V25/><F31/><W130/><G130/><T37/><D105/><U41/><E99/><V80/><F80/><W72/><G72/><T26/><D0/><U39/><E79/><V115/><F35/><W122/><G122/><T90/><D26/><U54/><E76/><V13/><F2/><W65/><G65/><T42/><D37/><N who="1" m="21935" /><E118/><V116/><F115/><W16/><G101/><T6/><D6/><U29/><E29/><V67/><F116/><W85/><G30/><T44/><D44/><U127/><E66/><V107/><REACH who="2" step="1"/><F107/><REACH who="2" ten="218,188,238,346" step="2"/><W125/><G106/><T52/><REACH who="0" step="1"/><D83/><REACH who="0" ten="208,188,238,346" step="2"/><U84/><E124/><V10/><F10/><W110/><G125/><T14/><D14/><U61/><E127/><V135/><F135/><W64/><G110/><T3/><D3/><U133/><E133/><V103/><AGARI ba="1,2" hai="4,9,13,20,25,28,58,60,67,69,70,92,98,103" machi="103" ten="20,12000,1" yaku="1,1,0,1,7,1,25,2,53,0" doraHai="43" doraHaiUra="126" who="2" fromWho="2" sc="208,-41,188,-41,238,143,346,-41" /><INIT seed="2,2,0,5,1,31" ten="167,147,381,305" oya="2" hai0="107,20,26,63,35,93,36,72,60,37,78,100,17" hai1="123,85,45,108,43,77,66,111,4,84,134,48,133" hai2="97,64,135,122,69,1,124,16,22,42,129,110,132" hai3="99,32,59,38,128,118,47,79,55,65,114,7,56"/><V127/><F122/><W103/><G128/><T44/><D107/><U67/><E4/><V80/><F129/><W50/><G114/><T126/><D126/><N who="2" m="48170" /><F1/><W101/><G118/><T52/><D35/><U73/><E73/><V74/><F42/><W2/><G79/><T18/><D18/><U112/><E77/><N who="2" m="44087" /><F110/><N who="1" m="42025" /><E84/><V88/><F64/><N who="1" m="24617" /><E85/><V19/><F69/><W109/><G65/><T71/><D78/><U6/><E6/><V98/><F19/><W12/><G2/><T81/><D72/><U8/><E8/><V96/><F88/><W116/><G109/><T29/><D81/><U89/><E89/><V30/><F30/><W33/><G103/><T106/><D106/><U119/><E119/><V121/><F121/><W23/><G116/><T70/><D29/><U13/><E13/><AGARI ba="2,0" hai="13,16,22,96,97,98,132,135" m="44087,48170" machi="13" ten="30,2900,0" yaku="18,1,54,1" doraHai="31" who="2" fromWho="1" sc="167,0,147,-35,381,35,305,0" /><INIT seed="2,3,0,0,5,24" ten="167,112,416,305" oya="2" hai0="77,60,7,27,79,111,41,4,32,113,108,53,85" hai1="17,59,112,40,104,87,5,96,46,94,98,99,133" hai2="90,72,55,30,117,97,25,105,130,1,29,123,103" hai3="20,58,78,21,57,74,71,39,106,88,134,118,109"/><V63/><F117/><W44/><G118/><T115/><D41/><U43/><E104/><V42/><F123/><W49/><G106/><T101/><D101/><U76/><E112/><V3/><F72/><W45/><G71/><T12/><D60/><U35/><E35/><V129/><F42/><W6/><G109/><N who="0" m="42059" /><D53/><U28/><E133/><V8/><F90/><W83/><G6/><N who="0" m="2091" /><D12/><U92/><E5/><N who="2" m="1071" /><F25/><W121/><G134/><T89/><D113/><U51/><E40/><V11/><F11/><W36/><G121/><T124/><D124/><U31/><E17/><V75/><F3/><W37/><G58/><T56/><D56/><U82/><REACH who="1" step="1"/><E59/><REACH who="1" ten="167,102,416,305" step="2"/><N who="2" m="35327" /><F75/><W10/><G57/><T50/><D115/><U102/><E102/><V61/><F61/><W23/><G45/><T81/><D50/><U125/><E125/><V64/><F64/><W91/><REACH who="3" step="1"/><G10/><REACH who="3" ten="167,102,416,295" step="2"/><T128/><D32/><U22/><E22/><V126/><F126/><W15/><G15/><T114/><D114/><U122/><E122/><V100/><F100/><W95/><G95/><AGARI ba="3,2" hai="28,31,43,46,51,76,82,87,92,94,95,96,98,99" machi="95" ten="40,8000,1" yaku="1,1,8,1,52,2,53,1" doraHai="24" doraHaiUra="47" who="1" fromWho="3" sc="167,0,102,109,416,0,295,-89" /><INIT seed="3,0,0,0,0,57" ten="167,211,416,206" oya="3" hai0="29,118,69,122,73,132,98,108,20,26,3,34,72" hai1="117,126,38,63,58,92,48,43,46,106,5,119,37" hai2="82,131,60,93,0,89,103,6,105,79,7,101,1" hai3="97,90,32,81,47,114,23,111,87,102,64,35,99"/><W109/><G114/><T86/><D118/><N who="1" m="45067" /><E106/><V134/><F134/><W121/><G121/><T24/><D122/><U128/><E128/><V13/><F105/><W95/><G64/><T52/><D132/><U66/><E126/><V17/><F1/><W83/><G23/><T84/><D108/><N who="3" m="41545" /><G47/><T45/><D3/><U120/><E120/><V49/><F0/><W54/><G54/><T59/><D69/><U85/><E5/><V65/><F65/><W9/><G9/><T55/><D45/><U70/><E70/><V28/><F131/><W125/><G125/><T44/><D44/><U71/><E71/><V18/><F28/><W113/><G113/><T77/><D98/><N who="3" m="37385" /><G102/><T56/><D20/><U40/><E40/><V27/><F103/><W96/><N who="3" m="37393" /><W4/><DORA hai="123" /><G4/><T62/><D24/><U112/><E112/><V74/><F101/><W12/><G12/><T33/><D34/><AGARI ba="0,0" hai="32,34,35,81,83,87,90,95" m="37393,41545" machi="34" ten="40,12000,1" yaku="14,1,10,1,52,3" doraHai="57,123" who="3" fromWho="0" sc="167,-120,211,0,416,0,206,120" /><INIT seed="3,1,0,5,0,128" ten="47,211,416,326" oya="3" hai0="71,110,123,126,134,19,36,96,113,93,41,87,85" hai1="35,108,132,99,68,116,98,91,69,78,8,112,58" hai2="61,14,84,11,104,6,66,75,27,29,16,7,55" hai3="46,119,21,106,109,48,97,30,127,129,81,80,18"/><W15/><G129/><T105/><D71/><U52/><E112/><V131/><F75/><W82/><G127/><T124/><D19/><U117/><E35/><V38/><F38/><W74/><G119/><T72/><D41/><U1/><E108/><V57/><F104/><W24/><G109/><T33/><D33/><U95/><E78/><V118/><F118/><W34/><G106/><T56/><D56/><U0/><E95/><V79/><F131/><W111/><G111/><T40/><D40/><U107/><E91/><V83/><F66/><W47/><G97/><T64/><D64/><U94/><E94/><V12/><F12/><W10/><G74/><T59/><D59/><U67/><E107/><V133/><F133/><W120/><G120/><T76/><D36/><U39/><E58/><V62/><F61/><W5/><REACH who="3" step="1"/><G48/><REACH who="3" ten="47,211,416,316" step="2"/><T125/><D110/><U17/><E39/><V115/><F115/><W32/><G32/><AGARI ba="1,1" hai="6,7,11,14,16,27,29,32,55,57,62,79,83,84" machi="32" ten="30,2000,0" yaku="7,1,54,1" doraHai="128" who="2" fromWho="3" sc="47,0,211,0,416,33,316,-23" owari="47,-45.3,211,-18.9,449,54.9,293,9.3" /></mjloggm>