<mjloggm ver="2.3"><GO type="225" lobby="0"/><UN n0="%E3%82%B3%E3%83%90%E3%83%AC%E3%82%A4" n1="%72%69%6F%75%63%68%61%6E" n2="%EF%BC%AE%EF%BC%A1%EF%BC%AF%33%33%39" n3="%E3%81%86%E3%81%A9%E3%82%93%E3%81%93" dan="16,16,17,16" rate="2110.84,2242.67,2154.14,2145.15" sx="M,M,M,M"/><TAIKYOKU oya="0"/><INIT seed="0,0,0,0,1,10" ten="250,250,250,250" oya="0" hai0="99,29,88,36,19,28,51,12,37,134,70,30,11" hai1="114,76,121,48,119,104,34,21,17,106,84,62,102" hai2="87,92,85,125,25,35,1,65,131,116,6,9,96" hai3="129,75,97,86,113,54,133,123,49,44,80,18,124"/><T60/><D134/><U61/><E119/><V33/><F65/><W100/><G75/><T103/><D70/><U79/><E121/><V14/><F116/><W39/><G113/><T74/><D74/><U64/><E34/><V42/><F42/><W7/><G133/><T13/><D60/><U50/><E114/><V94/><F94/><W59/><G123/><T69/><D69/><U16/><E102/><V115/><F115/><W41/><G129/><T23/><D51/><N who="1" m="19499" /><E84/><V117/><F117/><W90/><G124/><T26/><D26/><U22/><E64/><V89/><F131/><W45/><G7/><T130/><D130/><U132/><E132/><V93/><F125/><W77/><G18/><N who="1" m="7274" /><E61/><V95/><F1/><W46/><REACH who="3" step="1"/><G77/><REACH who="3" ten="250,250,250,240" step="2"/><N who="1" m="29770" /><E62/><V71/><F87/><W135/><G135/><T126/><D126/><U66/><E66/><V81/><F71/><W78/><G78/><T3/><D3/><U55/><E55/><V31/><REACH who="2" step="1"/><F35/><REACH who="2" ten="250,250,240,240" step="2"/><W127/><G127/><T120/><D120/><U15/><E15/><V0/><F0/><W112/><G112/><T110/><D13/><U53/><E53/><V20/><F20/><AGARI ba="0,2" hai="20,21,22,104,106" m="29770,7274,19499" machi="20" ten="30,3900,0" yaku="28,2,54,1" doraHai="10" who="1" fromWho="2" sc="250,0,250,59,240,-39,240,0" /><INIT seed="1,0,0,1,4,42" ten="250,309,201,240" oya="1" hai0="100,35,27,99,131,52,97,98,11,83,87,105,24" hai1="118,95,64,108,10,69,4,30,116,106,33,34,48" hai2="40,81,79,70,61,122,14,135,113,54,21,82,123" hai3="8,77,73,112,85,45,56,88,103,44,107,39,20"/><U115/><E115/><V18/><F113/><W74/><G112/><T63/><D131/><U47/><E106/><V6/><F40/><W117/><G117/><T22/><D35/><U72/><E72/><V130/><F130/><W51/><G8/><T90/><D11/><U65/><E108/><V50/><F6/><W49/><G56/><T86/><D27/><U93/><E118/><V71/><F135/><W62/><G62/><T37/><D37/><U132/><E116/><V104/><F104/><W46/><G39/><T31/><D87/><U127/><E132/><V102/><F102/><W43/><G20/><T26/><D24/><U124/><E30/><V13/><F13/><W7/><G7/><T36/><D36/><U2/><E69/><V110/><F110/><W75/><G77/><T60/><D60/><U126/><E33/><V15/><F15/><W66/><G66/><N who="1" m="25706" /><E34/><V32/><F32/><W41/><G45/><T134/><D134/><U84/><E84/><V53/><F71/><W19/><G19/><T3/><D3/><U92/><E93/><V23/><F70/><W76/><G76/><T17/><D31/><U0/><E0/><V96/><F123/><W91/><G85/><T55/><D105/><U128/><E128/><V28/><F122/><W120/><G120/><T68/><D100/><U9/><E9/><V78/><F78/><W12/><G12/><T119/><D119/><U89/><E89/><V129/><F79/><W109/><G109/><T121/><D121/><U133/><E133/><V111/><F111/><W67/><G67/><N who="0" m="41087" /><D90/><U125/><E125/><RYUUKYOKU ba="0,0" sc="250,10,309,10,201,-30,240,10" hai0="17,22,26,52,55,83,86,97,98,99" hai1="2,4,10,47,48,92,95,124,126,127" hai3="41,43,44,46,49,51,73,74,75,88,91,103,107" /><INIT seed="1,1,0,5,1,6" ten="260,319,171,250" oya="1" hai0="43,51,128,57,56,127,44,23,93,7,89,46,2" hai1="54,78,25,62,20,87,114,69,132,26,47,94,22" hai2="131,18,97,81,73,61,95,113,36,35,99,109,110" hai3="98,48,76,40,59,5,116,70,45,14,60,74,79"/><U118/><E114/><V88/><F36/><W135/><G135/><T85/><D127/><U119/><E132/><V117/><F35/><W111/><G111/><N who="2" m="42505" /><F61/><W80/><G116/><T12/><D128/><U103/><E47/><V63/><F63/><W64/><G79/><T58/><D2/><U121/><E121/><V104/><F18/><W68/><REACH who="3" step="1"/><G98/><REACH who="3" ten="260,319,171,240" step="2"/><T129/><D129/><U112/><E78/><N who="2" m="44239" /><F131/><W31/><G31/><T130/><D130/><U106/><E119/><V75/><F117/><W82/><G82/><T8/><D43/><U105/><E118/><V29/><F29/><W33/><G33/><T96/><D51/><U24/><E112/><V16/><F113/><W37/><G37/><T67/><D67/><U65/><E54/><V55/><F55/><W28/><G28/><T49/><D49/><U115/><E115/><V10/><F75/><W42/><G42/><T11/><D96/><U4/><E65/><V84/><F104/><W134/><G134/><T83/><D83/><U133/><E106/><V71/><F71/><W72/><G72/><T120/><D120/><U77/><E105/><V92/><F92/><W102/><G102/><T86/><D86/><U19/><E103/><V125/><F125/><W50/><G50/><T15/><D93/><U53/><E94/><V52/><F52/><W3/><G3/><T13/><D85/><U34/><E53/><V27/><F27/><W17/><G17/><N who="0" m="10687" /><D89/><U91/><E91/><V123/><F123/><W126/><G126/><T32/><D32/><U107/><E34/><V101/><F101/><W90/><G90/><RYUUKYOKU ba="1,1" sc="260,10,319,-30,171,10,240,10" hai0="7,8,11,12,13,44,46,56,57,58" hai2="10,16,84,88,95,97,99" hai3="5,14,40,45,48,59,60,64,68,70,74,76,80" /><INIT seed="2,2,1,0,0,44" ten="270,289,181,250" oya="2" hai0="21,115,60,46,1,125,69,45,48,135,63,90,6" hai1="9,132,18,94,43,72,11,23,122,47,26,81,19" hai2="96,82,57,56,130,65,64,39,118,126,5,123,13" hai3="91,40,38,121,103,17,3,67,33,62,105,61,71"/><V15/><F118/><W89/><G121/><T37/><D115/><U133/><E122/><V119/><F119/><W108/><G108/><T128/><D125/><U109/><E109/><V74/><F123/><W25/><G3/><T42/><D128/><U120/><E120/><V16/><F39/><W83/><G83/><T70/><D6/><U106/><E106/><V68/><F68/><N who="0" m="26218" /><D90/><U22/><E94/><V58/><F126/><W8/><G62/><N who="0" m="23595" /><D21/><U101/><E101/><V49/><F130/><W34/><G34/><T88/><D88/><U84/><E72/><V111/><F111/><W54/><G8/><T131/><D1/><U66/><E66/><V104/><F104/><W29/><G17/><T32/><D32/><U93/><E93/><V4/><F96/><N who="3" m="61671" /><G54/><N who="0" m="29967" /><D131/><U35/><E35/><V134/><F74/><W52/><G89/><T73/><D73/><U129/><E129/><V86/><F13/><W100/><G91/><T116/><D135/><N who="1" m="51787" /><E81/><V27/><F134/><W79/><G100/><T50/><D116/><U10/><E84/><V53/><F27/><W20/><G33/><T97/><D97/><U85/><E85/><V87/><F87/><W31/><G31/><T102/><D102/><U7/><E7/><N who="2" m="2635" /><F86/><W36/><G79/><T124/><D124/><U55/><E22/><N who="2" m="11551" /><F82/><W24/><G24/><T98/><D98/><U99/><E99/><V59/><AGARI ba="2,1" hai="49,53,56,57,58,59,64,65" m="11551,2635" machi="59" ten="30,6000,0" yaku="8,1,52,1,54,1" doraHai="44" who="2" fromWho="2" sc="270,-22,289,-22,181,76,250,-22" /><INIT seed="2,3,0,0,3,122" ten="248,267,257,228" oya="2" hai0="90,86,60,84,4,110,121,104,36,119,0,42,81" hai1="115,106,16,32,24,78,28,22,127,105,107,80,21" hai2="116,91,1,93,12,94,54,96,108,135,59,55,114" hai3="134,63,15,5,82,9,101,53,46,79,41,49,2"/><V124/><F1/><W65/><G134/><T129/><D104/><U89/><E127/><V76/><F114/><W66/><G101/><T62/><D121/><U33/><E115/><V64/><F116/><W34/><G34/><T111/><D119/><U113/><E89/><V88/><F76/><W40/><G2/><T48/><D36/><U74/><REACH who="1" step="1"/><E113/><REACH who="1" ten="248,257,257,228" step="2"/><V92/><F124/><W26/><G26/><AGARI ba="3,1" hai="16,21,22,24,26,28,32,33,74,78,80,105,106,107" machi="26" ten="40,5200,0" yaku="1,1,2,1,54,1,53,0" doraHai="122" doraHaiUra="131" who="1" fromWho="3" sc="248,0,257,71,257,0,228,-61" /><INIT seed="3,0,0,2,2,100" ten="248,328,257,167" oya="3" hai0="43,128,74,114,38,7,57,69,105,17,84,109,106" hai1="35,110,130,5,62,56,118,12,132,103,54,129,40" hai2="80,36,30,73,58,39,60,127,97,53,15,9,65" hai3="19,121,34,24,92,59,64,102,94,63,85,135,25"/><W133/><G121/><T126/><D69/><U125/><E110/><V98/><F30/><W116/><G116/><T93/><D74/><U1/><E125/><V45/><F127/><W31/><G102/><T3/><D126/><U61/><E132/><V88/><F73/><W115/><G115/><T42/><D7/><U113/><E113/><V79/><F79/><W76/><G76/><T119/><D3/><U6/><E118/><V90/><F39/><W134/><REACH who="3" step="1"/><G85/><REACH who="3" ten="248,328,257,157" step="2"/><T8/><D114/><U32/><E103/><V0/><F90/><W49/><G49/><T95/><D119/><U72/><E72/><V23/><F36/><W104/><G104/><T22/><D38/><U122/><E122/><V33/><F88/><W52/><G52/><T48/><D109/><U28/><E54/><V11/><F53/><W50/><G50/><T67/><D48/><U20/><E130/><V37/><F37/><W101/><G101/><T78/><D128/><U89/><E89/><V4/><F97/><W2/><G2/><T16/><D78/><U111/><E1/><V77/><F98/><W46/><G46/><T18/><D84/><U81/><E129/><V107/><F45/><W27/><G27/><T99/><D99/><U75/><E75/><V41/><F107/><W112/><G112/><T87/><D87/><U124/><E124/><V86/><F86/><W68/><G68/><T82/><D106/><U108/><E108/><V131/><F131/><W29/><G29/><T14/><D105/><U51/><E111/><V44/><F77/><W83/><G83/><T91/><D82/><RYUUKYOKU ba="0,1" sc="248,-10,328,-10,257,-10,157,30" hai3="19,24,25,31,34,59,63,64,92,94,133,134,135" /><INIT seed="3,1,1,1,1,34" ten="238,318,247,187" oya="3" hai0="96,109,22,35,95,116,126,106,99,68,84,129,23" hai1="62,20,93,83,70,121,67,100,125,56,79,98,7" hai2="73,90,107,57,49,1,120,36,45,132,50,25,111" hai3="78,24,75,117,61,6,130,92,64,53,77,10,40"/><W51/><G117/><T113/><D116/><U104/><E125/><V65/><F73/><W46/><G130/><T114/><D68/><U124/><E124/><V82/><F107/><W52/><G24/><T47/><D35/><U27/><E121/><V85/><F120/><W55/><G75/><T11/><D126/><U118/><E118/><V28/><F111/><W102/><G92/><T38/><D109/><U127/><E127/><V63/><F132/><W21/><G21/><T134/><D134/><U115/><E7/><V131/><F131/><W2/><REACH who="3" step="1"/><G102/><REACH who="3" ten="238,318,247,177" step="2"/><T19/><D129/><U42/><E93/><V76/><F25/><W108/><G108/><T0/><D23/><U18/><E20/><V72/><F28/><W135/><G135/><T41/><D106/><U60/><E27/><V5/><F72/><W88/><G88/><T8/><D95/><U44/><E100/><V119/><F119/><W59/><AGARI ba="1,2" hai="2,6,10,40,46,51,52,53,55,59,61,64,77,78" machi="59" ten="30,11700,0" yaku="1,1,0,1,52,1,54,1,53,0" doraHai="34" doraHaiUra="29" who="3" fromWho="3" sc="238,-40,318,-40,247,-40,177,140" owari="198,-30.2,278,7.8,207,-19.3,317,41.7" /></mjloggm>