<mjloggm ver="2.3"><GO type="225" lobby="0"/><UN n0="%E7%89%B9%E6%9D%B1%E3%81%AF%E4%B8%96%E7%95%8C%E3%82%92%E6%95%91%E3%81%86" n1="%72%69%6F%75%63%68%61%6E" n2="%E6%A0%B9%E5%85%83%E3%81%8B%E3%82%89%E5%90%B9%E3%81%A3%E9%A3%9B%E3%81%B6" n3="%E8%91%89%E5%B1%B1%E9%99%BD%E5%92%8C" dan="16,17,16,16" rate="2158.27,2254.80,2187.98,2080.02" sx="M,M,F,M"/><TAIKYOKU oya="0"/><INIT seed="0,0,0,3,5,107" ten="250,250,250,250" oya="0" hai0="115,105,84,124,87,37,103,95,122,130,28,135,18" hai1="2,35,96,34,30,13,126,57,12,21,113,53,48" hai2="132,121,16,15,89,81,51,80,32,83,7,97,68" hai3="101,112,109,66,71,46,60,41,1,123,47,10,74"/><T82/><D37/><U42/><E126/><V11/><F121/><W64/><G112/><T75/><D28/><U69/><E113/><V77/><F132/><W52/><G123/><T29/><D29/><U116/><E116/><V119/><F119/><W100/><G109/><T38/><D18/><U134/><E134/><V104/><F68/><W63/><G74/><T61/><D61/><U44/><E2/><V58/><F32/><W0/><G10/><T111/><D38/><U14/><E69/><V79/><F104/><W45/><G41/><T6/><D6/><U133/><E133/><V118/><F118/><W92/><G92/><T91/><D135/><U3/><E3/><V73/><F7/><W59/><G66/><T86/><D115/><U128/><E128/><V36/><F36/><W94/><REACH who="3" step="1"/><G100/><REACH who="3" ten="250,250,250,240" step="2"/><T54/><D122/><U131/><E131/><V70/><F73/><W114/><G114/><T98/><D111/><U67/><E67/><V127/><F11/><W72/><G72/><T8/><D130/><U106/><E106/><V129/><F129/><W125/><G125/><T117/><D124/><U65/><E65/><V26/><F127/><W110/><G110/><T23/><D117/><U108/><E108/><V17/><F80/><W5/><G5/><T31/><D8/><U40/><E40/><V93/><F81/><W27/><G27/><N who="0" m="16895" /><D54/><U88/><E53/><N who="2" m="32063" /><F83/><W19/><G19/><T78/><AGARI ba="0,1" hai="75,78,82,84,86,87,91,95,98,103,105" m="16895" machi="78" ten="30,3000,0" yaku="24,1,52,1" doraHai="107" who="0" fromWho="0" sc="250,40,250,-10,250,-10,240,-10" /><INIT seed="0,1,0,3,0,127" ten="290,240,240,230" oya="0" hai0="36,85,123,111,26,23,117,106,24,28,61,12,124" hai1="67,133,41,40,7,1,32,19,126,73,22,78,10" hai2="11,17,21,135,104,14,114,27,66,47,115,38,76" hai3="96,70,97,34,3,39,15,25,82,33,93,2,87"/><T56/><D117/><U131/><E131/><V9/><F104/><W62/><G39/><T122/><D124/><U79/><E133/><V130/><F130/><W52/><G15/><T18/><D106/><U64/><E126/><V46/><F135/><W20/><G33/><T118/><D118/><U71/><E32/><V54/><F76/><W30/><G34/><T128/><D128/><U45/><E40/><V51/><F66/><W107/><G107/><T53/><D36/><U116/><E116/><V35/><F35/><W92/><G70/><T80/><D111/><U88/><E88/><V43/><REACH who="2" step="1"/><F11/><REACH who="2" ten="290,240,230,230" step="2"/><W49/><G3/><T60/><D122/><U77/><E73/><V113/><F113/><W108/><G2/><T44/><D123/><U55/><E71/><V90/><F90/><N who="3" m="51575" /><G108/><T16/><D23/><U4/><E4/><AGARI ba="1,1" hai="4,9,14,17,21,27,38,43,46,47,51,54,114,115" machi="4" ten="30,3900,0" yaku="1,1,7,1,53,1" doraHai="127" doraHaiUra="48" who="2" fromWho="1" sc="290,0,240,-42,230,52,230,0" /><INIT seed="1,0,0,5,0,2" ten="290,198,282,230" oya="1" hai0="42,5,12,43,85,62,96,59,76,129,35,54,29" hai1="125,95,131,31,88,1,94,119,89,9,20,25,134" hai2="83,58,53,77,80,66,87,22,71,73,101,93,132" hai3="32,13,110,78,67,14,50,18,47,24,124,17,123"/><U30/><E119/><V6/><F132/><W100/><G123/><T11/><D129/><U3/><E134/><V48/><F22/><W40/><G110/><T135/><D135/><U46/><E131/><V127/><F127/><W16/><G124/><T26/><D76/><U27/><E125/><V45/><F71/><W38/><G78/><T64/><D85/><U79/><E79/><V37/><F37/><W118/><G118/><T115/><D115/><U60/><E60/><N who="2" m="38167" /><F73/><W117/><G117/><T21/><D35/><U92/><E46/><V74/><F74/><W114/><G114/><T113/><D113/><U23/><E9/><V15/><F83/><W36/><G67/><T90/><D54/><U105/><REACH who="1" step="1"/><E92/><AGARI ba="0,0" hai="5,11,12,21,26,29,42,43,59,62,64,90,92,96" machi="92" ten="40,2600,0" yaku="8,1,52,1" doraHai="2" who="0" fromWho="1" sc="290,26,198,-26,282,0,230,0" /><INIT seed="2,0,0,2,2,35" ten="316,172,282,230" oya="2" hai0="19,99,43,0,2,32,64,114,92,74,12,112,100" hai1="60,72,123,130,51,118,128,30,3,29,119,68,131" hai2="115,126,117,96,59,111,61,58,87,56,7,40,133" hai3="27,101,34,120,18,17,47,65,84,85,108,46,11"/><V31/><F115/><W14/><G120/><T113/><D32/><U10/><E72/><V67/><F117/><N who="1" m="44553" /><E51/><V132/><F126/><W82/><G108/><T80/><D43/><U22/><E68/><V4/><F31/><N who="1" m="11785" /><E60/><V122/><F122/><W79/><G34/><T69/><D64/><U52/><E123/><V107/><F111/><W38/><G65/><T104/><D69/><U83/><E83/><V106/><F87/><W93/><G38/><T102/><D102/><U77/><E77/><V116/><F116/><W127/><G127/><T94/><D94/><U75/><E75/><V103/><F40/><W105/><G105/><T39/><D39/><U13/><E52/><V125/><F125/><W63/><G63/><T76/><REACH who="0" step="1"/><D104/><REACH who="0" ten="306,172,282,230" step="2"/><U73/><E73/><V54/><F107/><W98/><G85/><T49/><D49/><U62/><E62/><V124/><F124/><W70/><G70/><T36/><D36/><U8/><E3/><V129/><F67/><W16/><REACH who="3" step="1"/><G27/><REACH who="3" ten="306,172,282,220" step="2"/><T55/><D55/><U86/><E86/><V71/><F54/><W97/><G97/><T33/><D33/><U37/><E37/><V15/><F61/><W44/><AGARI ba="0,2" hai="11,14,16,17,18,44,46,47,79,82,84,93,98,101" machi="44" ten="30,7900,0" yaku="1,1,0,1,8,1,54,1,53,0" doraHai="35" doraHaiUra="24" who="3" fromWho="3" sc="306,-20,172,-20,282,-39,220,99" /><INIT seed="3,0,0,3,2,22" ten="286,152,243,319" oya="3" hai0="33,124,43,23,41,39,66,112,7,29,119,52,13" hai1="115,100,90,72,132,134,50,122,103,118,4,127,108" hai2="44,120,24,74,18,19,48,53,130,63,31,135,15" hai3="58,116,95,131,8,56,114,81,77,28,26,14,76"/><W86/><G116/><T105/><D119/><U12/><E118/><V126/><F74/><W87/><G114/><T73/><D105/><U82/><E122/><V61/><F126/><W84/><G131/><T117/><D73/><U96/><E115/><V54/><F135/><N who="1" m="51753" /><E4/><V85/><F120/><W59/><G95/><T10/><D117/><U69/><E12/><V78/><F130/><W25/><G28/><T110/><D33/><U111/><E69/><V47/><F78/><N who="3" m="30315" /><G81/><T80/><D39/><U1/><E1/><V0/><F0/><W21/><G21/><T34/><D34/><U88/><E50/><N who="2" m="28871" /><F85/><W75/><G75/><T55/><D23/><U91/><E127/><V5/><F5/><AGARI ba="0,0" hai="5,8,14,25,26,56,58,59,84,86,87" m="30315" machi="5" ten="30,5800,0" yaku="8,1,52,2" doraHai="22" who="3" fromWho="2" sc="286,0,152,0,243,-58,319,58" owari="286,8.6,152,-34.8,185,-21.5,377,47.7" /></mjloggm>