<mjloggm ver="2.3"><GO type="225" lobby="0"/><UN n0="%E9%8A%80%E3%81%B0%E3%81%95%E3%81%BF" n1="%E5%BA%97%E9%95%B7%4D" n2="%E3%82%A2%E3%83%A1%E3%82%A2%E3%83%A9%E3%83%AC" n3="%E3%81%BF%E3%81%BF%E3%81%9A" dan="17,16,16,18" rate="2155.21,2071.06,2156.52,2253.84" sx="M,M,M,M"/><TAIKYOKU oya="0"/><INIT seed="0,0,0,2,0,89" ten="250,250,250,250" oya="0" hai0="74,32,125,72,77,81,31,44,61,106,47,23,79" hai1="41,130,1,87,129,132,93,80,38,42,133,135,107" hai2="25,30,9,15,59,53,111,48,127,66,26,45,83" hai3="78,60,102,84,50,39,85,20,68,86,69,75,4"/><T49/><D125/><U71/><E1/><V94/><F111/><W5/><G39/><T95/><D106/><U126/><E71/><V17/><F127/><W37/><G37/><T64/><D32/><U99/><E107/><V29/><F83/><W76/><G102/><T28/><D23/><U34/><E34/><V22/><F94/><W43/><G75/><T128/><D128/><N who="1" m="49259" /><E38/><V134/><F134/><W88/><G68/><T55/><D47/><U103/><E126/><V122/><F122/><W40/><G69/><T110/><D110/><U46/><E46/><V11/><F66/><W124/><G60/><T19/><D19/><U131/><N who="1" m="49267" /><U91/><AGARI ba="0,0" hai="41,42,80,87,91,93,99,103,132,133,135" m="49267" machi="91" ten="50,8000,1" yaku="4,1,20,1,19,1,52,1" doraHai="89" who="1" fromWho="1" sc="250,-40,250,80,250,-20,250,-20" /><INIT seed="1,0,0,1,0,10" ten="210,330,230,230" oya="1" hai0="20,122,121,36,81,33,42,86,53,97,128,31,132" hai1="24,96,127,7,90,88,114,120,46,99,25,27,22" hai2="38,87,92,54,17,58,49,9,103,135,43,118,59" hai3="109,113,76,50,47,93,48,126,45,115,133,80,124"/><U131/><E114/><V16/><F118/><W129/><G93/><T89/><D33/><U14/><E120/><N who="0" m="46185" /><D128/><U101/><E131/><V39/><F135/><W106/><G106/><T40/><D132/><U77/><E127/><N who="3" m="48682" /><G129/><T0/><D0/><U12/><E77/><V55/><F43/><N who="0" m="16426" /><D36/><U51/><E7/><V107/><F107/><W74/><G109/><T6/><D6/><U52/><E22/><V64/><F64/><W67/><G67/><T69/><D69/><U112/><E112/><N who="3" m="43082" /><G133/><T117/><D117/><U85/><E90/><V56/><F39/><W65/><G65/><T28/><D53/><U57/><E46/><AGARI ba="0,0" hai="45,46,47,48,50,74,76,80" m="43082,48682" machi="46" ten="30,1000,0" yaku="18,1" doraHai="10" who="3" fromWho="1" sc="210,0,330,-10,230,0,230,10" /><INIT seed="2,0,0,1,1,131" ten="210,320,230,240" oya="2" hai0="69,105,38,133,62,18,113,115,20,123,76,77,118" hai1="51,91,27,9,49,13,50,106,7,122,85,83,109" hai2="87,30,46,44,64,107,2,42,58,124,65,43,88" hai3="22,80,112,73,90,129,1,3,67,100,72,104,40"/><V79/><F124/><W14/><G67/><T116/><D38/><U101/><E109/><V78/><F107/><W96/><G40/><T84/><D105/><U132/><E132/><V15/><F2/><W17/><G129/><T25/><D123/><U98/><REACH who="1" step="1"/><E27/><REACH who="1" ten="210,310,230,240" step="2"/><V75/><F75/><W19/><G72/><T81/><D133/><U126/><E126/><V121/><F121/><AGARI ba="0,1" hai="7,9,13,49,50,51,83,85,91,98,101,106,121,122" machi="121" ten="40,5200,0" yaku="1,1,53,2" doraHai="131" doraHaiUra="117" who="1" fromWho="2" sc="210,0,310,62,230,-52,240,0" /><INIT seed="3,0,0,3,1,54" ten="210,372,178,240" oya="3" hai0="31,5,0,76,37,49,122,19,71,13,29,41,77" hai1="6,126,42,43,129,40,117,75,91,96,18,83,106" hai2="128,108,67,15,20,16,85,63,84,100,62,46,9" hai3="111,66,112,90,130,32,94,48,118,52,99,35,33"/><W36/><G112/><T93/><D71/><U125/><E129/><V124/><F108/><W72/><G118/><T14/><D37/><U7/><E117/><V10/><F124/><N who="1" m="47721" /><E18/><V110/><F110/><W28/><G111/><T2/><D122/><U127/><E127/><V123/><F128/><W45/><G130/><T82/><D0/><U73/><E83/><V47/><F100/><W79/><G66/><T115/><D2/><U134/><E134/><V12/><F123/><W59/><G72/><N who="1" m="27722" /><E91/><V65/><F20/><W101/><G79/><N who="0" m="30283" /><D82/><U80/><E80/><V98/><F98/><W86/><G28/><N who="0" m="10827" /><D115/><U109/><E109/><V25/><REACH who="2" step="1"/><F16/><REACH who="2" ten="210,372,168,240" step="2"/><W55/><G33/><T22/><D93/><U70/><E70/><V23/><F23/><W58/><G101/><AGARI ba="0,1" hai="6,7,40,42,43,96,101,106" m="27722,47721" machi="101" ten="40,1300,0" yaku="18,1" doraHai="54" who="1" fromWho="3" sc="210,0,372,23,168,0,240,-13" owari="210,-19.0,395,49.5,168,-33.2,227,2.7" /></mjloggm>