<mjloggm ver="2.3"><GO type="225" lobby="0"/><UN n0="%E6%A1%9C%E8%8A%B1%E9%96%83%E3%80%85" n1="%6D%75%75%73%61%6E%6D%75" n2="%E3%81%BF%E3%81%BF%E3%81%9A" n3="%72%69%6F%75%63%68%61%6E" dan="16,16,18,16" rate="2220.34,2077.31,2309.50,2180.72" sx="M,F,M,M"/><TAIKYOKU oya="0"/><INIT seed="0,0,0,5,1,78" ten="250,250,250,250" oya="0" hai0="51,87,27,102,50,103,108,1,28,31,84,99,95" hai1="114,129,62,134,94,65,16,128,91,40,54,37,71" hai2="13,34,74,124,53,76,22,33,125,81,41,61,59" hai3="112,123,7,9,38,79,88,105,8,117,64,127,21"/><T106/><D1/><U115/><E134/><V107/><F107/><W109/><G112/><N who="1" m="43050" /><E94/><V49/><F22/><W10/><G117/><T119/><D119/><U14/><E91/><V60/><F13/><W39/><G109/><T19/><D108/><U111/><E111/><V82/><F82/><W72/><G127/><N who="2" m="48713" /><F41/><W85/><G123/><T75/><D75/><U45/><E54/><V131/><F131/><W96/><G7/><T52/><D51/><U25/><E25/><V15/><F15/><W12/><G64/><T133/><D133/><U121/><E121/><V135/><F135/><W24/><G12/><T47/><D103/><U20/><AGARI ba="0,0" hai="14,16,20,37,40,45,62,65,71,128,129" m="43050" machi="20" ten="30,2000,0" yaku="11,1,54,1" doraHai="78" who="1" fromWho="1" sc="250,-10,250,20,250,-5,250,-5" /><INIT seed="1,0,0,5,0,91" ten="240,270,245,245" oya="1" hai0="61,24,59,44,107,45,0,14,23,25,118,112,57" hai1="110,1,11,84,103,89,116,35,115,18,13,87,33" hai2="65,51,71,114,72,75,131,56,92,29,43,63,113" hai3="127,125,123,16,94,76,34,2,134,6,69,17,54"/><U102/><E115/><N who="2" m="44043" /><F131/><W5/><G123/><T12/><D112/><U97/><E116/><V100/><F29/><W132/><G69/><T93/><D107/><U83/><E110/><V67/><F43/><W124/><G34/><T28/><D0/><U79/><E1/><V88/><F100/><W46/><G76/><T135/><D135/><N who="3" m="51753" /><G94/><T66/><D118/><U70/><E70/><V98/><F51/><N who="3" m="29047" /><G2/><T62/><D25/><U30/><E30/><V15/><F15/><N who="0" m="5674" /><D93/><U55/><E55/><AGARI ba="0,0" hai="23,24,28,44,45,55,57,59,61,62,66" m="5674" machi="55" ten="30,1000,0" yaku="8,1" doraHai="91" who="0" fromWho="1" sc="240,10,270,-10,245,0,245,0" /><INIT seed="2,0,0,0,4,83" ten="250,260,245,245" oya="2" hai0="107,95,2,126,132,97,53,22,115,118,8,60,43" hai1="91,79,46,69,108,14,123,105,50,45,114,135,52" hai2="86,101,17,131,30,100,70,111,99,72,1,59,129" hai3="67,98,61,63,68,32,121,13,29,78,96,25,34"/><V113/><F70/><W92/><G121/><T54/><D115/><U81/><E114/><V64/><F113/><W40/><G40/><T85/><D126/><U127/><E127/><V82/><F1/><W124/><G124/><T128/><D128/><N who="2" m="49226" /><F111/><W75/><G32/><T48/><D132/><U42/><E135/><V26/><F72/><W80/><G92/><T12/><D118/><U103/><E108/><V130/><N who="2" m="49234" /><V93/><DORA hai="11" /><F17/><W7/><REACH who="3" step="1"/><G61/><REACH who="3" ten="250,260,245,235" step="2"/><T66/><D95/><U31/><E123/><V87/><F101/><W104/><G104/><T73/><D60/><U39/><E105/><V88/><F100/><W41/><G41/><T71/><D43/><U106/><E106/><V77/><F64/><W56/><G56/><T9/><D66/><U49/><E103/><V27/><F59/><W119/><G119/><T21/><D107/><U51/><E69/><V110/><F110/><W62/><G62/><T120/><D71/><U57/><E57/><V47/><F47/><W18/><G18/><T89/><D120/><U0/><E45/><V134/><F134/><W84/><G84/><T10/><D85/><U116/><E116/><V15/><F30/><W109/><G109/><T16/><D16/><U37/><E31/><V4/><F86/><W112/><G112/><T38/><D73/><U90/><E46/><V74/><F74/><W24/><G24/><T33/><D97/><U36/><E42/><V3/><F3/><W65/><G65/><T28/><D28/><U20/><E0/><V19/><F19/><W58/><G58/><N who="0" m="33063" /><D2/><U117/><E117/><RYUUKYOKU ba="0,1" sc="250,-15,260,-15,245,15,235,15" hai2="4,15,26,27,77,82,87,88,93,99" hai3="7,13,25,29,34,63,67,68,75,78,80,96,98" /><INIT seed="2,1,1,4,3,59" ten="235,245,260,250" oya="2" hai0="91,6,27,8,130,87,20,18,98,35,108,119,42" hai1="15,46,69,111,25,57,26,16,89,109,7,47,29" hai2="0,106,107,54,126,72,80,95,19,12,83,76,79" hai3="73,62,49,5,31,127,78,86,88,116,23,52,24"/><V50/><F0/><W21/><G116/><T113/><D113/><U124/><E69/><V33/><F33/><W92/><G127/><T40/><D119/><U22/><E124/><V4/><F4/><W115/><G115/><T34/><D108/><N who="1" m="41547" /><E89/><V120/><F95/><W112/><G112/><T41/><D130/><U74/><E74/><V58/><F120/><W105/><G105/><T85/><D98/><U60/><E7/><V135/><F135/><W101/><G5/><T65/><D65/><N who="1" m="39055" /><E25/><V100/><F100/><W131/><G131/><T67/><D67/><U43/><E43/><V114/><F114/><W61/><G101/><T28/><D91/><U55/><E55/><V13/><F126/><W3/><G3/><N who="0" m="95" /><D35/><AGARI ba="1,1" hai="15,16,22,26,29,35,46,47" m="39055,41547" machi="35" ten="30,3900,0" yaku="14,1,52,1,54,1" doraHai="59" who="1" fromWho="0" sc="235,-42,245,52,260,0,250,0" /><INIT seed="3,0,0,3,4,107" ten="193,297,260,250" oya="3" hai0="50,92,116,62,34,65,111,55,71,31,66,42,6" hai1="85,103,27,38,18,83,20,28,113,23,45,121,3" hai2="39,68,0,96,124,114,30,32,46,13,4,115,58" hai3="91,69,24,67,74,48,60,11,41,52,94,56,7"/><W61/><G74/><T122/><D116/><U117/><E121/><V95/><F68/><W86/><G24/><T72/><D122/><U47/><E113/><V10/><F124/><W40/><REACH who="3" step="1"/><G61/><REACH who="3" ten="193,297,260,240" step="2"/><T33/><D72/><U64/><E27/><V130/><F114/><W93/><G93/><T12/><D111/><U105/><E117/><V125/><F115/><W37/><G37/><T35/><D31/><U17/><E38/><V15/><F95/><W36/><G36/><T112/><D112/><U84/><E28/><V135/><F39/><W131/><G131/><T70/><D92/><U109/><E105/><V25/><F130/><W43/><G43/><T75/><D75/><U77/><E109/><V120/><F25/><W21/><G21/><T9/><D42/><U76/><E20/><V5/><F30/><W81/><G81/><T14/><D14/><AGARI ba="0,1" hai="7,11,14,40,41,48,52,56,60,67,69,86,91,94" machi="14" ten="30,11600,0" yaku="1,1,7,1,54,1,53,1" doraHai="107" doraHaiUra="82" who="3" fromWho="0" sc="193,-116,297,0,260,0,240,126" owari="77,-42.3,297,9.7,260,-14.0,366,46.6" /></mjloggm>