<mjloggm ver="2.3"><GO type="225" lobby="0"/><UN n0="%E5%80%89%E6%A9%8B%EF%BC%A0%E4%BA%8B%E5%8B%99" n1="%72%69%6F%75%63%68%61%6E" n2="%33%74%72%65%65" n3="%E3%81%8F%E3%82%8A%E3%83%94%E3%83%BC" dan="16,17,17,16" rate="2068.26,2275.56,2226.11,2099.49" sx="M,M,F,M"/><TAIKYOKU oya="0"/><INIT seed="0,0,0,0,3,38" ten="250,250,250,250" oya="0" hai0="30,46,1,62,118,13,11,83,92,77,79,44,128" hai1="116,29,88,69,34,81,112,59,96,49,68,55,31" hai2="66,47,131,86,76,74,94,89,73,65,58,87,50" hai3="8,72,80,10,132,114,124,15,21,102,3,70,115"/><T45/><D1/><U24/><E116/><V5/><F131/><W51/><G70/><T110/><D118/><U121/><E121/><V52/><F73/><W36/><G36/><T33/><D128/><U75/><E112/><V6/><F74/><W135/><G102/><T63/><D110/><U39/><E39/><V32/><F32/><W27/><G51/><T122/><D122/><U37/><E37/><V133/><F133/><N who="3" m="51275" /><G80/><T14/><D33/><U18/><E29/><V103/><F103/><W105/><G105/><T119/><D119/><U54/><E18/><V12/><F76/><W64/><G64/><T134/><D134/><U28/><E28/><V43/><F86/><W120/><G72/><T106/><D106/><U127/><E127/><V97/><F87/><W104/><G104/><T48/><D30/><U53/><E75/><V95/><F95/><W109/><G120/><T130/><D130/><U129/><E129/><V0/><F0/><W26/><G124/><T41/><D92/><U35/><E35/><V20/><F66/><W57/><G57/><T9/><D46/><U17/><E17/><N who="2" m="10279" /><F65/><W99/><G109/><T100/><D100/><U19/><E19/><V101/><F101/><W56/><G3/><T91/><D83/><U40/><E59/><V67/><F67/><W111/><G56/><T126/><D126/><U78/><E78/><V22/><F22/><W113/><G111/><T42/><D91/><U85/><REACH who="1" step="1"/><E96/><REACH who="1" ten="250,240,250,250" step="2"/><V23/><F23/><W60/><G99/><T61/><D61/><AGARI ba="0,1" hai="5,6,43,47,50,52,58,61,89,94,97" m="10279" machi="61" ten="30,3900,0" yaku="8,1,52,1,54,1" doraHai="38" who="2" fromWho="0" sc="250,-39,240,0,250,49,250,0" /><INIT seed="1,0,0,3,5,129" ten="211,240,299,250" oya="1" hai0="69,9,11,82,114,21,117,58,123,45,32,0,42" hai1="127,61,107,14,7,91,87,70,92,10,128,2,121" hai2="80,53,72,79,4,33,134,89,63,36,124,126,103" hai3="8,55,112,83,26,1,37,28,17,135,47,35,43"/><U51/><E127/><N who="2" m="48683" /><F33/><W93/><G112/><T131/><D69/><U116/><E128/><V56/><F36/><W24/><G135/><T97/><D32/><U76/><E116/><V27/><F103/><W29/><G93/><T102/><D131/><U81/><E121/><V64/><F4/><W73/><G55/><T99/><D114/><U13/><E107/><V62/><F27/><N who="3" m="10283" /><G17/><T44/><D117/><U67/><REACH who="1" step="1"/><E51/><REACH who="1" ten="211,230,299,250" step="2"/><V115/><F115/><W25/><G29/><T133/><D123/><U74/><AGARI ba="0,1" hai="2,7,10,13,14,61,67,70,74,76,81,87,91,92" machi="74" ten="20,7800,0" yaku="1,1,2,1,0,1,7,1,53,0" doraHai="129" doraHaiUra="118" who="1" fromWho="1" sc="211,-26,230,88,299,-26,250,-26" /><INIT seed="1,1,0,2,3,103" ten="185,318,273,224" oya="1" hai0="5,25,37,22,11,12,0,77,71,1,29,21,87" hai1="18,133,67,10,30,6,8,15,43,13,55,122,120" hai2="131,85,72,93,124,69,33,84,64,28,44,45,56" hai3="134,17,70,75,116,58,40,123,135,106,47,128,110"/><U39/><E133/><V86/><F72/><W121/><G75/><T41/><D87/><U105/><E105/><V60/><F124/><W119/><G17/><N who="0" m="10407" /><D77/><U68/><E30/><V9/><F131/><W73/><G73/><T95/><D95/><U2/><E55/><V107/><F107/><W48/><G106/><T97/><D97/><U34/><E34/><V100/><F69/><W74/><G74/><T61/><D61/><U32/><E32/><V102/><F9/><W90/><G90/><T129/><D41/><U31/><E31/><V23/><F33/><W99/><G99/><T19/><D71/><U118/><E118/><N who="3" m="45098" /><G70/><T80/><D80/><U125/><E125/><V94/><F93/><W46/><G110/><T108/><D37/><U112/><E112/><V115/><F115/><W88/><G88/><T98/><D98/><U113/><E113/><V54/><F94/><W126/><G128/><T16/><D129/><U82/><E82/><V96/><F96/><W101/><G101/><T24/><D108/><U91/><E91/><V4/><F100/><W35/><G35/><N who="0" m="20903" /><D19/><N who="1" m="8615" /><E68/><N who="2" m="41991" /><F102/><W130/><G126/><T7/><D7/><U92/><E92/><V83/><F4/><W14/><G130/><T42/><D42/><U78/><E67/><V38/><F83/><W104/><G104/><T49/><D49/><U59/><E78/><V20/><F38/><W57/><G134/><T89/><D89/><U117/><E117/><V53/><F53/><W51/><G135/><T50/><D50/><U3/><E59/><V36/><F36/><W127/><G127/><T65/><D65/><RYUUKYOKU ba="1,0" sc="185,30,318,-10,273,-10,224,-10" hai0="0,1,5,11,16,22,25" /><INIT seed="2,2,0,3,1,35" ten="215,308,263,214" oya="2" hai0="124,22,47,102,21,39,69,24,26,98,89,100,109" hai1="2,95,112,120,3,18,57,75,30,56,93,61,5" hai2="78,91,111,48,27,101,88,96,80,127,52,126,72" hai3="104,115,54,60,49,128,37,9,118,113,42,106,119"/><V14/><F27/><W117/><G128/><T19/><D69/><U65/><E112/><N who="3" m="43082" /><G60/><T74/><D74/><U16/><E75/><V59/><F111/><W1/><G42/><T97/><D109/><U15/><E120/><V62/><F62/><W40/><G40/><T7/><D124/><N who="2" m="47658" /><F14/><W108/><G37/><T125/><D125/><U90/><E30/><V121/><F121/><W103/><G103/><T41/><D7/><U84/><E56/><V92/><AGARI ba="2,0" hai="48,52,59,72,78,80,88,91,92,96,101" m="47658" machi="92" ten="30,6000,0" yaku="18,1,54,2" doraHai="35" who="2" fromWho="2" sc="215,-22,308,-22,263,66,214,-22" /><INIT seed="2,3,0,0,1,119" ten="193,286,329,192" oya="2" hai0="118,55,80,104,40,43,6,69,60,72,29,66,123" hai1="88,28,99,128,53,37,91,122,8,97,21,1,13" hai2="127,116,86,87,59,36,101,26,42,54,74,62,93" hai3="22,114,105,47,109,95,75,83,129,82,130,33,96"/><V58/><F116/><W24/><G33/><T25/><D118/><U39/><E128/><N who="3" m="49258" /><G109/><T52/><D6/><U44/><E122/><V134/><F134/><W67/><G114/><T131/><D131/><U49/><E1/><V23/><F74/><W84/><G67/><T107/><D72/><U45/><E37/><V2/><F2/><W81/><G47/><T20/><D80/><U113/><E113/><V46/><F127/><W63/><G63/><T92/><D92/><U27/><E97/><V103/><F59/><W125/><G125/><T117/><D117/><U135/><E135/><V73/><F73/><W94/><G105/><T16/><D123/><U51/><E39/><V111/><F111/><W30/><G75/><T15/><D107/><U68/><E68/><V14/><F14/><W18/><G18/><T4/><D4/><U48/><E99/><V124/><F124/><W126/><G95/><T32/><REACH who="0" step="1"/><D104/><REACH who="0" ten="183,286,329,192" step="2"/><U79/><E79/><V50/><F93/><W100/><G126/><T65/><D65/><U108/><E108/><V31/><F103/><W61/><G61/><T120/><D120/><U98/><E98/><V71/><F101/><W0/><G0/><T5/><D5/><N who="1" m="3215" /><E49/><V19/><F86/><AGARI ba="3,1" hai="22,24,30,81,82,83,84,86,94,96,100" m="49258" machi="86" ten="30,1000,0" yaku="19,1" doraHai="119" who="3" fromWho="2" sc="183,0,286,0,329,-19,192,29" /><INIT seed="3,0,0,4,0,125" ten="183,286,310,221" oya="3" hai0="91,107,80,93,37,134,97,71,62,95,116,70,5" hai1="2,48,26,36,105,33,14,1,113,9,28,52,77" hai2="117,35,55,131,90,20,39,23,45,121,46,127,99" hai3="41,100,40,10,86,3,31,66,124,106,65,123,98"/><W74/><G74/><T115/><D37/><U53/><E113/><V25/><F117/><W0/><G123/><T73/><D116/><U122/><E122/><V47/><F121/><W82/><G124/><T120/><D120/><U89/><E36/><V21/><F127/><W130/><G130/><T102/><D115/><U135/><E135/><V12/><F131/><W78/><G31/><T96/><D134/><U38/><E38/><V94/><F39/><W104/><G104/><T68/><D5/><U87/><E105/><V132/><F132/><W64/><REACH who="3" step="1"/><G10/><REACH who="3" ten="183,286,310,211" step="2"/><T43/><D43/><AGARI ba="0,1" hai="0,3,40,41,43,64,65,66,78,82,86,98,100,106" machi="43" ten="40,3900,0" yaku="1,1,2,1,53,0" doraHai="125" doraHaiUra="17" who="3" fromWho="0" sc="183,-39,286,0,310,0,211,49" /><INIT seed="3,1,0,5,2,83" ten="144,286,310,260" oya="3" hai0="82,86,111,128,110,135,1,52,93,68,107,88,98" hai1="40,2,133,45,65,55,22,70,134,81,67,115,71" hai2="132,127,109,17,108,103,79,102,34,12,72,84,130" hai3="9,37,36,87,49,61,73,66,89,60,117,31,69"/><W125/><G73/><T0/><D68/><N who="1" m="26155" /><E2/><V50/><F132/><N who="1" m="50793" /><E22/><N who="2" m="11559" /><F130/><W10/><G125/><T46/><D135/><U4/><E4/><V44/><F127/><W123/><G117/><T96/><D128/><U57/><E81/><N who="2" m="47167" /><F34/><W18/><G123/><T114/><D114/><U119/><E119/><V90/><F72/><W15/><G31/><T118/><D118/><U97/><E97/><N who="0" m="37481" /><D107/><U124/><E124/><V19/><F19/><W105/><G105/><T11/><D11/><U28/><E28/><V101/><F108/><N who="0" m="41514" /><D82/><U5/><E5/><V58/><F109/><W76/><G9/><T32/><D32/><U116/><E116/><V63/><F103/><W53/><G69/><T6/><D6/><U122/><E122/><V85/><F102/><W8/><G8/><T48/><AGARI ba="1,0" hai="0,1,46,48,52,86,88,93" m="41514,37481" machi="48" ten="30,7900,0" yaku="14,1,52,1,54,2" doraHai="83" who="0" fromWho="0" sc="144,82,286,-21,310,-21,260,-40" /><INIT seed="4,0,0,0,4,112" ten="226,265,289,220" oya="0" hai0="77,113,37,109,98,99,126,96,51,90,40,65,59" hai1="129,118,78,61,18,31,3,100,45,66,105,48,83" hai2="35,121,9,50,30,15,116,44,93,4,7,0,132" hai3="107,41,111,124,46,128,81,71,87,49,69,42,127"/><T122/><D122/><U104/><E118/><V82/><F121/><W1/><G111/><T39/><D113/><U64/><E129/><V85/><F116/><W131/><G107/><T101/><D109/><U119/><E119/><V8/><F132/><W95/><G95/><T70/><D70/><N who="3" m="26633" /><G1/><T12/><D101/><U56/><E3/><V92/><F35/><W94/><G94/><T106/><D106/><U117/><E64/><V13/><F30/><W52/><G87/><T134/><D77/><U114/><E114/><V26/><F26/><W21/><G21/><T80/><D134/><U123/><E123/><V76/><F0/><W97/><G81/><T25/><D39/><U103/><E117/><V88/><F88/><W84/><G84/><N who="0" m="50439" /><D37/><U54/><E105/><V47/><F47/><W53/><G97/><T73/><D73/><U110/><E110/><V33/><F33/><W38/><G53/><AGARI ba="0,0" hai="4,7,8,9,13,15,44,50,53,76,82,85,92,93" machi="53" ten="30,3900,0" yaku="7,1,9,1,8,1" doraHai="112" who="2" fromWho="3" sc="226,0,265,0,289,39,220,-39" owari="226,-17.4,265,6.5,328,42.8,181,-31.9" /></mjloggm>