<mjloggm ver="2.3"><GO type="225" lobby="0"/><UN n0="%E5%A4%96%E5%B7%9D%E7%AB%9C%E6%88%90" n1="%E3%83%AC%E3%82%A4%E3%83%88%E3%83%B3%E5%87%86%E6%95%99%E6%8E%88" n2="%E5%B0%8F%E9%B3%A5%E9%81%8A%E7%B7%B4%E7%84%A1%32%31%E6%AD%B3" n3="%E7%B4%94%E6%BD%94%E3%83%94%E3%83%A9%E3%83%8B%E3%82%A2" dan="16,18,16,18" rate="2221.81,2202.02,2131.25,2294.17" sx="M,M,F,M"/><TAIKYOKU oya="0"/><INIT seed="0,0,0,0,2,49" ten="250,250,250,250" oya="0" hai0="103,71,127,76,70,126,6,113,90,84,7,0,133" hai1="134,119,107,64,26,39,101,40,135,68,97,10,50" hai2="51,102,60,41,11,29,31,52,3,18,21,62,108" hai3="35,112,91,63,124,33,9,129,4,88,2,45,89"/><T66/><D113/><U74/><E119/><V117/><F108/><W94/><G112/><T111/><D111/><U67/><E74/><V32/><F32/><W93/><G124/><N who="0" m="47659" /><D133/><N who="1" m="50699" /><E39/><V100/><F41/><W82/><G129/><T43/><D76/><U73/><E73/><V96/><F3/><W85/><G45/><T55/><D103/><N who="2" m="39466" /><F11/><W122/><G122/><T116/><D43/><U131/><E131/><V54/><F96/><W110/><G110/><T14/><D66/><U83/><E68/><N who="0" m="26153" /><D0/><U81/><E26/><V44/><F117/><W95/><REACH who="3" step="1"/><G63/><REACH who="3" ten="250,250,250,240" step="2"/><T42/><D116/><U65/><E10/><V48/><F62/><W1/><G1/><T59/><D42/><U46/><AGARI ba="0,1" hai="40,46,50,64,65,67,81,83,97,101,107" m="50699" machi="46" ten="40,1500,0" yaku="20,1" doraHai="49" who="1" fromWho="1" sc="250,-7,250,25,250,-4,240,-4" /><INIT seed="1,0,0,3,0,107" ten="243,275,246,236" oya="1" hai0="116,8,134,100,70,99,117,5,32,51,96,60,62" hai1="102,133,40,77,110,49,67,44,10,132,2,68,130" hai2="115,42,83,65,82,37,126,74,16,135,20,88,80" hai3="87,120,103,125,119,109,84,90,56,39,124,105,30"/><U75/><E130/><V14/><F126/><N who="3" m="48747" /><G39/><T22/><D32/><U89/><E102/><V95/><F135/><N who="1" m="51785" /><E89/><V17/><F115/><W106/><G30/><T4/><D134/><U6/><E110/><V53/><F65/><W24/><G24/><T118/><D99/><U97/><E97/><V27/><F53/><W122/><G56/><T31/><D51/><U35/><E35/><V72/><F42/><W81/><G109/><T36/><D36/><U47/><E47/><V29/><F17/><W7/><G7/><T92/><D70/><U57/><E57/><V28/><F37/><W123/><G103/><T15/><D4/><U64/><E68/><V91/><F91/><N who="3" m="51599" /><G119/><T69/><D69/><U21/><E67/><V50/><F50/><W41/><G41/><T54/><D54/><U38/><E64/><V114/><F114/><W85/><G85/><T33/><D33/><U18/><E49/><V34/><REACH who="2" step="1"/><F29/><REACH who="2" ten="243,275,236,236" step="2"/><W13/><G13/><T19/><REACH who="0" step="1"/><D31/><REACH who="0" ten="233,275,236,236" step="2"/><U66/><E38/><V127/><F127/><W111/><G111/><T93/><D93/><AGARI ba="0,2" hai="87,90,93,105,106,120,122,123" m="51599,48747" machi="93" ten="40,5200,0" yaku="18,1,34,2" doraHai="107" who="3" fromWho="0" sc="233,-52,275,0,236,0,236,72" /><INIT seed="2,0,0,5,2,9" ten="181,275,236,308" oya="2" hai0="18,91,129,133,11,75,112,19,108,100,118,43,109" hai1="10,21,74,8,86,34,111,37,73,68,1,50,126" hai2="52,83,114,123,22,66,32,65,90,23,35,110,33" hai3="102,72,42,40,130,56,69,48,88,67,17,95,47"/><V45/><F114/><W87/><G72/><T131/><D75/><U104/><E104/><V106/><F106/><W57/><G130/><N who="0" m="49675" /><D100/><U5/><E34/><V135/><F123/><W70/><G70/><T76/><D76/><U38/><E68/><V79/><F90/><W24/><G69/><T128/><N who="0" m="49683" /><T46/><DORA hai="28" /><D112/><U99/><E38/><V30/><F110/><N who="0" m="42602" /><D133/><U84/><E37/><V14/><F23/><N who="3" m="13423" /><G67/><T113/><D113/><U6/><E111/><V31/><F31/><W71/><G71/><T39/><D118/><U127/><E50/><V125/><F125/><N who="1" m="47625" /><E21/><V85/><F135/><W29/><G29/><T20/><D11/><U55/><E55/><V51/><REACH who="2" step="1"/><F30/><REACH who="2" ten="181,275,226,308" step="2"/><W36/><G102/><T12/><D18/><AGARI ba="0,1" hai="14,18,22,32,33,35,45,51,52,65,66,79,83,85" machi="18" ten="40,24000,3" yaku="1,1,2,1,52,4,54,1,53,1" doraHai="9,28" doraHaiUra="44,116" who="2" fromWho="0" sc="181,-240,275,0,226,250,308,0" owari="-59,-55.9,275,-12.5,476,57.6,308,10.8" /></mjloggm>