<mjloggm ver="2.3"><GO type="225" lobby="0"/><UN n0="%E7%B4%94%E6%BD%94%E3%83%94%E3%83%A9%E3%83%8B%E3%82%A2" n1="%E8%B6%85%E7%B4%9A%E9%B3%B3%E5%87%B0" n2="%E3%82%82%E3%81%90%E3%82%89" n3="%E3%83%B4%E3%82%A3%E3%83%AF%E3%82%B3%E3%82%B0%E3%83%8B" dan="16,16,17,16" rate="2148.17,2128.60,2192.83,2153.23" sx="M,M,F,M"/><TAIKYOKU oya="0"/><INIT seed="0,0,0,3,0,29" ten="250,250,250,250" oya="0" hai0="11,66,102,122,9,19,12,76,108,62,25,15,67" hai1="27,56,52,50,7,121,129,116,105,18,5,132,123" hai2="42,99,63,30,2,58,73,120,1,23,96,68,78" hai3="112,86,61,135,22,60,64,118,126,133,24,71,131"/><T104/><D122/><U32/><E116/><V77/><F120/><W84/><G118/><T54/><D76/><U0/><E105/><V75/><F68/><W72/><G72/><T80/><D80/><U90/><E129/><V107/><F42/><W82/><G112/><T31/><D108/><U20/><E132/><N who="3" m="50762" /><G126/><T89/><D89/><U91/><E91/><V17/><F30/><N who="3" m="17687" /><G131/><T74/><D74/><U37/><E37/><V119/><F119/><W103/><G82/><T128/><D128/><U59/><E90/><V114/><F114/><W115/><G115/><T81/><D81/><U101/><E101/><V113/><F113/><W16/><G103/><T97/><D54/><U14/><E56/><V125/><F125/><W88/><G60/><T36/><D36/><U40/><E40/><V34/><F63/><W106/><G106/><T94/><D104/><U26/><E26/><V127/><F107/><W83/><G84/><T33/><REACH who="0" step="1"/><D62/><REACH who="0" ten="240,250,250,250" step="2"/><U38/><E38/><V109/><F75/><W87/><G87/><T44/><D44/><U98/><E123/><V57/><F73/><W69/><G61/><T13/><D13/><U53/><E121/><V35/><F127/><W79/><G79/><T111/><D111/><U124/><E124/><V55/><F109/><W8/><G64/><T43/><D43/><U45/><E53/><V3/><F55/><W47/><G47/><T130/><D130/><U95/><E45/><V39/><F78/><W70/><G70/><T65/><D65/><U46/><E46/><V21/><F77/><W48/><G48/><T4/><AGARI ba="0,1" hai="4,9,11,12,15,19,25,31,33,66,67,94,97,102" machi="4" ten="20,18000,2" yaku="1,1,5,1,0,1,7,1,52,1,53,2" doraHai="29" doraHaiUra="10" who="0" fromWho="0" sc="240,190,250,-60,250,-60,250,-60" /><INIT seed="0,1,0,2,1,11" ten="430,190,190,190" oya="0" hai0="16,123,90,65,102,31,121,29,75,74,101,42,83" hai1="5,0,109,28,18,55,117,57,38,106,41,120,122" hai2="67,24,35,86,127,103,52,59,9,84,1,91,40" hai3="107,56,89,25,129,53,45,8,130,20,77,96,76"/><T6/><D6/><U34/><E117/><V46/><F127/><W37/><G8/><T30/><D42/><U14/><E106/><V100/><F67/><W131/><G37/><T48/><D48/><U85/><E109/><V58/><F1/><W126/><G45/><T111/><D65/><U43/><E85/><V135/><F135/><W97/><G126/><T51/><D51/><U50/><E41/><V113/><F113/><W112/><G112/><T26/><D111/><U7/><E43/><V87/><F91/><W4/><G4/><T44/><D44/><U12/><E38/><V98/><F59/><W10/><G10/><T110/><D110/><U17/><E5/><V19/><F35/><W69/><G69/><T116/><D90/><U3/><E3/><V2/><F2/><W61/><G107/><T22/><D116/><U68/><E68/><V124/><F124/><W128/><N who="3" m="32768" /><DORA hai="108" /><W119/><G119/><T80/><D26/><N who="1" m="18711" /><E18/><V125/><F98/><N who="3" m="37995" /><G89/><T115/><D115/><U60/><E0/><V73/><F125/><W88/><G88/><T134/><D134/><U118/><E118/><V82/><F46/><W70/><G70/><T39/><D39/><U49/><E7/><V13/><F40/><W71/><G71/><T92/><D92/><U114/><E114/><V81/><F24/><W23/><G23/><T15/><D80/><N who="2" m="30826" /><F73/><N who="0" m="27658" /><D83/><U63/><E50/><AGARI ba="1,0" hai="9,13,19,50,52,58,84,86,87,100,103" m="30826" machi="50" ten="30,3900,0" yaku="8,1,52,1,54,1" doraHai="11,108" who="2" fromWho="1" sc="430,0,190,-42,190,42,190,0" /><INIT seed="1,0,0,0,4,109" ten="430,148,232,190" oya="1" hai0="76,124,131,55,1,51,4,18,17,10,86,2,21" hai1="92,101,113,129,122,102,69,26,112,22,114,38,32" hai2="90,107,12,47,60,0,79,52,103,97,117,87,42" hai3="66,30,91,28,73,64,13,134,108,116,63,110,74"/><U62/><E122/><V95/><F0/><W49/><G49/><T23/><D2/><U118/><E118/><V25/><F117/><W29/><G116/><T115/><D115/><U82/><E38/><V34/><F12/><W20/><G91/><T132/><D124/><U68/><E129/><V3/><F3/><W106/><G106/><T85/><D131/><U105/><E32/><V15/><F15/><W125/><G125/><T6/><D132/><U36/><E36/><V39/><F79/><W126/><G126/><T130/><D130/><U75/><E105/><V40/><F40/><W35/><G35/><T120/><D120/><U99/><E101/><V89/><F89/><W37/><G37/><T7/><D10/><U56/><E82/><V77/><F77/><W100/><G100/><T71/><D71/><U54/><REACH who="1" step="1"/><E75/><REACH who="1" ten="430,138,232,190" step="2"/><V58/><F34/><W83/><G83/><T45/><D76/><U59/><E59/><V93/><F107/><W121/><G121/><T119/><D119/><U98/><E98/><V84/><F84/><W81/><G73/><T48/><D86/><U44/><E44/><V14/><F47/><W133/><G74/><T135/><D85/><U65/><E65/><V5/><F39/><W61/><G81/><T11/><D45/><U111/><E111/><N who="3" m="42538" /><G64/><T19/><D135/><N who="3" m="51721" /><G66/><T16/><D11/><U80/><E80/><V9/><F42/><W127/><G127/><T70/><D70/><U123/><E123/><V8/><F8/><W33/><G33/><T31/><D1/><U57/><E57/><V27/><AGARI ba="0,1" hai="5,9,14,25,27,52,58,60,87,90,93,95,97,103" machi="27" ten="30,4000,0" yaku="0,1,8,1,54,1" doraHai="109" who="2" fromWho="2" sc="430,-10,138,-20,232,50,190,-10" /><INIT seed="2,0,0,0,3,9" ten="420,118,282,180" oya="2" hai0="98,109,28,89,58,36,56,118,41,123,49,88,129" hai1="38,79,72,108,90,125,117,122,116,107,50,25,87" hai2="44,111,62,65,133,61,102,64,30,76,5,22,19" hai3="0,73,51,20,59,17,70,12,43,29,100,126,101"/><V40/><F133/><W120/><G120/><T99/><D123/><U8/><E38/><V46/><F111/><W128/><G70/><T67/><D109/><U3/><E108/><V55/><F30/><W68/><G68/><T135/><D135/><U69/><E122/><V10/><F76/><W131/><G73/><T105/><D105/><U26/><E69/><V21/><F102/><W86/><G0/><T27/><D36/><U130/><E107/><V2/><F55/><W34/><G126/><T77/><D77/><U78/><E125/><V63/><F22/><W134/><G134/><T24/><D129/><N who="3" m="49737" /><G86/><T45/><D118/><U103/><E130/><V1/><F1/><W83/><G83/><T57/><D67/><U132/><E132/><V92/><F92/><W82/><G82/><T53/><D53/><U42/><E103/><V113/><F113/><W13/><G59/><T54/><D54/><U33/><E72/><V15/><REACH who="2" step="1"/><F46/><REACH who="2" ten="420,118,272,180" step="2"/><N who="3" m="26079" /><G29/><T94/><D28/><U115/><E3/><V48/><AGARI ba="0,1" hai="2,5,10,15,19,21,40,44,48,61,62,63,64,65" machi="48" ten="30,6000,0" yaku="1,1,0,1,52,1,53,0" doraHai="9" doraHaiUra="104" who="2" fromWho="2" sc="420,-20,118,-20,272,70,180,-20" /><INIT seed="2,1,0,3,4,65" ten="400,98,342,160" oya="2" hai0="78,32,85,96,60,61,127,56,86,118,43,8,110" hai1="107,80,95,74,129,116,113,93,71,72,105,0,84" hai2="51,130,39,81,57,3,79,97,92,64,66,47,75" hai3="111,121,18,46,49,30,4,40,29,11,54,133,115"/><V132/><F130/><W109/><G121/><T63/><D32/><U27/><E71/><V10/><F132/><W45/><G18/><T41/><D110/><N who="3" m="41993" /><G115/><T35/><D35/><U128/><E0/><V102/><F57/><W6/><G133/><T94/><D127/><U108/><E27/><V68/><F68/><W28/><G11/><T12/><D56/><U70/><E70/><V124/><F124/><W48/><AGARI ba="1,0" hai="4,6,28,29,30,40,45,46,48,49,54" m="41993" machi="48" ten="40,1500,0" yaku="14,1" doraHai="65" who="3" fromWho="3" sc="400,-5,98,-5,342,-8,160,18" /><INIT seed="3,0,0,4,0,100" ten="395,93,334,178" oya="3" hai0="62,58,7,22,40,71,50,11,46,19,88,28,54" hai1="85,9,107,120,116,16,78,113,60,135,47,33,67" hai2="98,73,55,74,69,25,12,80,1,38,0,36,15" hai3="104,20,118,130,44,56,95,91,122,39,101,124,23"/><W49/><G118/><T32/><D32/><U30/><E120/><V43/><F43/><W131/><G39/><N who="2" m="14889" /><F80/><W34/><G34/><T119/><D119/><U6/><E116/><V86/><F86/><W128/><G122/><T102/><D71/><U127/><E113/><V14/><F98/><W123/><G123/><T2/><D102/><U89/><E127/><V132/><F69/><W93/><G56/><T92/><D28/><U21/><E135/><V87/><F87/><W68/><G68/><T84/><D19/><U106/><E78/><V75/><F25/><W125/><G101/><T83/><D22/><N who="3" m="8233" /><G104/><T10/><D10/><U70/><E47/><V51/><F51/><W52/><G91/><T111/><REACH who="0" step="1"/><D111/><REACH who="0" ten="385,93,334,178" step="2"/><U134/><E134/><V64/><F132/><W4/><G4/><T126/><D126/><AGARI ba="0,1" hai="44,49,52,93,95,124,125,126,128,130,131" m="8233" machi="126" ten="40,7700,0" yaku="18,1,19,1,54,1" doraHai="100" who="3" fromWho="0" sc="385,-77,93,0,334,0,178,87" /><INIT seed="3,1,0,2,4,107" ten="308,93,334,265" oya="3" hai0="37,97,54,121,51,14,65,45,88,66,63,16,5" hai1="105,87,92,56,58,110,135,33,67,53,26,60,9" hai2="79,93,68,44,49,131,38,20,70,109,62,10,82" hai3="39,83,116,126,11,50,13,19,18,15,23,85,43"/><W31/><G116/><T36/><D121/><U25/><E105/><V74/><F109/><W91/><G39/><T127/><D127/><U59/><E110/><V28/><F131/><W123/><G123/><T98/><D5/><U27/><E33/><V119/><F119/><W89/><G126/><T120/><D120/><U48/><E135/><V3/><F62/><W34/><G34/><T81/><D37/><U112/><E112/><V1/><F93/><W129/><G129/><T69/><D36/><U125/><E125/><V57/><F57/><W124/><G124/><T75/><D66/><U12/><E92/><V41/><F49/><W134/><G134/><T64/><D64/><U132/><E87/><V100/><F100/><W76/><G31/><T95/><D75/><U42/><E132/><V21/><F3/><W40/><G50/><T113/><D113/><U115/><E115/><V7/><REACH who="2" step="1"/><F28/><REACH who="2" ten="308,93,324,265" step="2"/><W4/><G4/><T73/><D95/><U17/><REACH who="1" step="1"/><E42/><AGARI ba="1,1" hai="11,13,15,18,19,23,40,42,43,76,83,85,89,91" machi="42" ten="40,2000,0" yaku="8,1" doraHai="107" who="3" fromWho="1" sc="308,0,93,-23,324,0,265,33" /><INIT seed="3,2,0,5,4,28" ten="308,70,324,298" oya="3" hai0="112,109,129,96,99,74,6,60,55,94,37,63,4" hai1="35,132,11,7,77,108,1,133,49,114,20,89,84" hai2="78,45,19,100,29,82,31,122,26,25,40,52,13" hai3="124,104,2,38,107,75,47,65,110,21,67,62,123"/><W24/><G123/><T135/><D74/><U128/><E114/><V125/><F100/><W121/><G121/><T34/><D34/><U27/><E108/><V111/><F122/><W83/><G2/><T58/><D109/><U50/><E128/><V8/><F111/><W120/><G110/><T61/><D37/><U44/><E77/><V15/><F125/><W98/><G120/><T36/><D36/><U119/><E119/><V86/><F15/><W106/><G124/><T105/><D129/><U57/><E57/><V51/><F40/><W12/><G12/><T97/><D105/><U16/><E35/><V102/><F102/><W0/><G0/><T70/><D70/><U134/><REACH who="1" step="1"/><E44/><REACH who="1" ten="308,60,324,298" step="2"/><V87/><F87/><W79/><G47/><T9/><D112/><U10/><E10/><V88/><F78/><W118/><G118/><T42/><D42/><U72/><E72/><V17/><F26/><W43/><G43/><T23/><D23/><AGARI ba="2,1" hai="8,13,17,19,23,25,29,31,45,51,52,82,86,88" machi="23" ten="40,8000,1" yaku="25,2,8,1,54,2" doraHai="28" who="2" fromWho="0" sc="308,-86,60,0,324,96,298,0" owari="222,-17.8,60,-44.0,420,52.0,298,9.8" /></mjloggm>