<mjloggm ver="2.3"><GO type="225" lobby="0"/><UN n0="%E5%A4%96%E5%B7%9D%E7%AB%9C%E6%88%90" n1="%72%65%6E%6B%75%6E" n2="%73%7A%2E%64%31" n3="%72%69%6F%75%63%68%61%6E" dan="16,17,16,17" rate="2137.42,2257.82,2106.67,2220.53" sx="M,M,M,M"/><TAIKYOKU oya="0"/><INIT seed="0,0,0,4,0,55" ten="250,250,250,250" oya="0" hai0="60,5,89,51,13,49,108,91,135,0,9,125,77" hai1="2,98,128,116,74,122,130,88,39,16,73,23,15" hai2="64,76,32,124,97,65,30,90,28,71,43,25,94" hai3="20,10,53,79,19,118,106,126,99,58,59,54,17"/><T1/><D125/><U109/><E39/><V75/><F124/><W96/><G118/><T42/><D135/><U52/><E2/><V61/><F64/><W121/><G126/><T45/><D108/><U133/><E116/><V35/><F43/><W100/><G121/><T14/><D0/><U132/><E122/><V29/><REACH who="2" step="1"/><F25/><REACH who="2" ten="250,250,240,250" step="2"/><W21/><G79/><T40/><D40/><U18/><E109/><V129/><F129/><N who="1" m="49769" /><E133/><V86/><F86/><W44/><G44/><T41/><D77/><U131/><E132/><V4/><F4/><W7/><G7/><T22/><D41/><U110/><E110/><V117/><F117/><W115/><G115/><T68/><D42/><U36/><E36/><V120/><F120/><W3/><G3/><T102/><D45/><U62/><E131/><V50/><F50/><W112/><G112/><T81/><D49/><U69/><E18/><V87/><F87/><W24/><G10/><T113/><D51/><U31/><E31/><V82/><AGARI ba="0,1" hai="28,29,30,32,35,61,65,71,75,76,82,90,94,97" machi="82" ten="30,2000,0" yaku="1,1,0,1,53,0" doraHai="55" doraHaiUra="111" who="2" fromWho="2" sc="250,-10,250,-5,240,30,250,-5" /><INIT seed="1,0,0,0,1,17" ten="240,245,270,245" oya="1" hai0="102,62,21,121,95,0,117,113,85,129,128,29,46" hai1="98,86,73,43,133,115,127,65,36,19,33,114,45" hai2="99,60,22,42,84,2,37,97,20,108,96,18,15" hai3="44,26,47,34,58,89,75,10,54,51,90,14,40"/><U1/><E73/><V30/><F2/><W23/><G75/><T116/><D0/><U134/><E33/><V5/><F5/><W126/><G34/><T7/><D7/><U49/><E1/><V78/><F37/><W67/><G126/><T132/><D113/><U106/><E127/><V61/><F42/><W55/><G67/><T68/><D132/><N who="1" m="50795" /><E65/><V101/><F101/><W79/><G79/><T111/><D111/><U66/><E66/><V16/><F30/><N who="3" m="17759" /><G40/><T41/><D62/><U4/><E4/><V64/><F64/><W59/><G59/><T100/><D68/><U35/><E35/><V48/><F48/><N who="3" m="28935" /><G58/><T123/><D102/><N who="1" m="62807" /><E86/><V124/><F108/><W69/><G69/><T38/><D85/><U107/><E107/><V120/><F124/><W125/><G125/><T52/><D52/><N who="1" m="29743" /><E19/><AGARI ba="0,0" hai="10,14,19,47,51,55,89,90" m="28935,17759" machi="19" ten="30,2000,0" yaku="8,1,52,1" doraHai="17" who="3" fromWho="1" sc="240,0,245,-20,270,0,245,20" /><INIT seed="2,0,0,4,5,49" ten="240,225,270,265" oya="2" hai0="114,54,62,81,131,104,58,27,31,128,90,92,18" hai1="72,0,94,37,20,105,95,68,74,108,79,9,125" hai2="100,47,42,86,63,41,55,13,30,119,73,57,97" hai3="52,77,132,110,21,40,43,70,126,117,101,60,115"/><V88/><F119/><W93/><G117/><T24/><D114/><U14/><E37/><V11/><F73/><W4/><G115/><T7/><D104/><U135/><E68/><V91/><F30/><W23/><G110/><T84/><D7/><U15/><E105/><V103/><F97/><N who="3" m="59567" /><G70/><T83/><D24/><U82/><E108/><V48/><F42/><N who="3" m="15915" /><G132/><T111/><D111/><U122/><E122/><V120/><F120/><W129/><G126/><T130/><REACH who="0" step="1"/><D18/><REACH who="0" ten="230,225,270,265" step="2"/><U71/><E135/><V121/><F121/><W78/><G4/><T80/><D80/><U53/><E125/><V67/><F41/><W33/><G33/><AGARI ba="0,1" hai="27,31,33,54,58,62,81,83,84,90,92,128,130,131" machi="33" ten="40,5200,0" yaku="1,1,19,1,52,1,53,0" doraHai="49" doraHaiUra="123" who="0" fromWho="3" sc="230,62,225,0,270,0,265,-52" /><INIT seed="3,0,0,0,5,50" ten="292,225,270,213" oya="3" hai0="132,122,38,21,13,65,59,16,60,19,125,2,116" hai1="43,25,17,79,97,72,99,81,69,96,91,12,27" hai2="73,119,41,34,30,128,135,110,66,4,68,123,93" hai3="11,126,58,83,35,115,28,40,74,130,37,76,1"/><W20/><G115/><T55/><D116/><U109/><E109/><V14/><F73/><W9/><G126/><T105/><D122/><U32/><E69/><V18/><F110/><W92/><G130/><T61/><D132/><U89/><E43/><V36/><F123/><W24/><G1/><T78/><D105/><U67/><E67/><V127/><F119/><W52/><G35/><T112/><D38/><U85/><E32/><V103/><F127/><W46/><REACH who="3" step="1"/><G92/><REACH who="3" ten="292,225,270,203" step="2"/><T47/><D112/><U6/><E6/><V49/><F34/><W111/><G111/><T56/><D2/><U129/><E129/><V26/><F128/><W71/><G71/><T94/><D94/><U118/><E118/><V57/><F68/><W86/><G86/><T8/><D125/><U108/><E108/><V121/><F4/><W51/><AGARI ba="0,1" hai="9,11,20,24,28,37,40,46,51,52,58,74,76,83" machi="51" ten="20,18000,2" yaku="1,1,0,1,7,1,52,1,54,1,53,1" doraHai="50" doraHaiUra="106" who="3" fromWho="3" sc="292,-60,225,-60,270,-60,203,190" owari="232,3.2,165,-33.5,210,-19.0,393,49.3" /></mjloggm>