<mjloggm ver="2.3"><GO type="225" lobby="0"/><UN n0="%E8%B7%AF%E9%9C%B8" n1="%E3%81%99%E3%81%84%E3%81%BE%E3%81%9B%E3%83%BC%E3%82%93" n2="%E3%81%86%E3%82%8B%E3%81%8A%E3%81%A1%E3%82%83" n3="%E3%81%8F%E3%81%BE%E3%81%96%E3%82%8F" dan="17,16,16,16" rate="2208.25,2156.70,2105.61,2042.80" sx="M,M,F,M"/><TAIKYOKU oya="0"/><INIT seed="0,0,0,4,4,90" ten="250,250,250,250" oya="0" hai0="88,33,78,94,72,24,103,18,35,76,17,20,118" hai1="28,16,98,104,125,112,6,101,117,86,50,79,119" hai2="46,34,60,0,127,70,83,81,62,68,108,40,13" hai3="110,128,69,64,25,73,3,12,61,114,135,45,126"/><T82/><D118/><U129/><E125/><V75/><F34/><W115/><G3/><T67/><D67/><U56/><E129/><V21/><F0/><W8/><G73/><T133/><D133/><U58/><E112/><V44/><F75/><W71/><G128/><T95/><D76/><U131/><E131/><V48/><F108/><W9/><G110/><T4/><D4/><U38/><E38/><V31/><F127/><W42/><G126/><T121/><D121/><U53/><E28/><V132/><F132/><W84/><G135/><T32/><D103/><U10/><E56/><V29/><F48/><W97/><G71/><T102/><D102/><U116/><E16/><V59/><F59/><W65/><G65/><T107/><D107/><U111/><E111/><V5/><F13/><W77/><G25/><T49/><D49/><U1/><E79/><V113/><F21/><W22/><G97/><T41/><D41/><U130/><E130/><V51/><F51/><N who="3" m="27063" /><G22/><T124/><D124/><U14/><REACH who="1" step="1"/><E86/><REACH who="1" ten="250,240,250,250" step="2"/><V134/><F134/><W74/><G74/><T26/><D17/><U54/><E54/><V63/><F113/><W109/><G109/><T11/><D26/><U39/><E39/><V52/><F52/><W36/><G36/><T106/><D11/><U100/><E100/><V96/><F40/><W120/><G8/><T23/><D106/><U99/><E99/><V105/><F96/><W85/><G120/><T2/><D72/><U123/><E123/><V15/><F105/><W55/><G55/><T19/><D78/><U66/><E66/><N who="2" m="41031" /><F70/><W80/><G85/><RYUUKYOKU ba="0,1" sc="250,-15,240,15,250,-15,250,15" hai1="1,6,10,14,50,53,58,98,101,104,116,117,119" hai3="9,12,61,64,69,77,80,84,114,115" /><INIT seed="1,1,1,1,5,122" ten="235,255,235,265" oya="1" hai0="130,84,103,98,81,94,33,80,58,71,61,38,102" hai1="35,10,48,107,4,30,101,19,42,82,96,128,121" hai2="86,74,73,115,0,3,76,57,78,95,72,14,5" hai3="113,18,43,118,65,105,92,120,9,32,77,60,22"/><U69/><E121/><V116/><F116/><W26/><G113/><T123/><D71/><U28/><E128/><V62/><F115/><W83/><G120/><T39/><D123/><U37/><E69/><V21/><F0/><W124/><G105/><T49/><D33/><U89/><E37/><V46/><F3/><W24/><G124/><T132/><D130/><U47/><E19/><N who="2" m="10487" /><F72/><W13/><G118/><T117/><D117/><U63/><E63/><V27/><F73/><W31/><G43/><T16/><D132/><U114/><E35/><V41/><F74/><W90/><G83/><T133/><D133/><U66/><E66/><V11/><F27/><W93/><G77/><T99/><D49/><U97/><E114/><V134/><F134/><W126/><G126/><T129/><D129/><U88/><E89/><N who="2" m="53687" /><F11/><W34/><G34/><T75/><D75/><U67/><E67/><N who="2" m="39375" /><F5/><W23/><G32/><T6/><D6/><U53/><E42/><V64/><F64/><W50/><G60/><T54/><D38/><U52/><E53/><V131/><F131/><W68/><G65/><T17/><D39/><U112/><E112/><V125/><F125/><W25/><G68/><T111/><D80/><U110/><E82/><V109/><F109/><W135/><G135/><T56/><D111/><U44/><E110/><V8/><F8/><W12/><G31/><N who="1" m="11818" /><E10/><V1/><F1/><W59/><G9/><T29/><D29/><U100/><E4/><V20/><F20/><W104/><G23/><T91/><D58/><N who="1" m="33031" /><E101/><V119/><F119/><W15/><G22/><T70/><D70/><RYUUKYOKU ba="1,1" sc="235,10,255,10,235,10,265,-30" hai0="16,17,54,56,61,81,84,91,94,98,99,102,103" hai1="44,47,88,96,97,100,107" hai2="41,46,76,78" /><INIT seed="1,2,1,3,1,126" ten="245,265,245,235" oya="1" hai0="39,96,87,68,7,91,101,75,2,31,116,24,59" hai1="132,66,53,134,6,128,0,112,41,18,74,23,34" hai2="106,71,80,44,46,1,78,60,16,79,58,19,62" hai3="61,65,130,77,102,37,50,48,52,123,119,4,43"/><U86/><E112/><V110/><F106/><W90/><G123/><T15/><D68/><U109/><E74/><V25/><F1/><W63/><G119/><T35/><D39/><U103/><E34/><V54/><F110/><W85/><G130/><T133/><D116/><U120/><E120/><V118/><F118/><W121/><G121/><T69/><D69/><U40/><E128/><V10/><F71/><W55/><G102/><T57/><D75/><U22/><E66/><V38/><F38/><W13/><G77/><N who="2" m="29193" /><F80/><N who="3" m="49447" /><G37/><T88/><D2/><U14/><E103/><V93/><F93/><W127/><G65/><T30/><D133/><U21/><E109/><V122/><F122/><W73/><G43/><N who="1" m="16458" /><E0/><V129/><F129/><W56/><G127/><T17/><D7/><U125/><E6/><V97/><F97/><W28/><G28/><T11/><D31/><U32/><E32/><V3/><F3/><W36/><G36/><T5/><D5/><U100/><E100/><V27/><F62/><W89/><G89/><T105/><D91/><U29/><E125/><V20/><F27/><W98/><G98/><T82/><AGARI ba="2,1" hai="11,15,17,24,30,35,57,59,82,87,88,96,101,105" machi="82" ten="20,2700,0" yaku="0,1,7,1,54,1" doraHai="126" who="0" fromWho="0" sc="245,43,265,-15,245,-9,235,-9" /><INIT seed="2,0,0,1,5,99" ten="288,250,236,226" oya="2" hai0="102,68,55,83,20,23,25,52,66,24,4,26,71" hai1="132,18,13,72,22,118,116,39,15,91,90,70,119" hai2="114,65,17,81,47,38,89,121,113,128,73,43,56" hai3="64,9,7,106,21,125,10,103,0,93,2,110,57"/><V54/><F121/><W77/><G110/><T115/><D115/><U36/><E70/><V40/><F128/><W61/><G125/><T120/><D120/><U49/><E72/><V131/><F131/><W92/><G77/><T74/><D4/><U46/><E132/><V107/><F107/><W11/><G21/><T126/><D126/><U112/><E112/><V123/><F123/><W45/><G45/><T6/><D6/><U124/><E124/><V58/><F17/><W33/><G33/><T30/><D102/><U96/><E13/><V5/><F5/><W50/><G50/><T98/><D98/><U60/><E60/><N who="2" m="38023" /><F89/><W53/><G64/><T12/><D71/><U37/><REACH who="1" step="1"/><E96/><REACH who="1" ten="288,240,236,226" step="2"/><V100/><F113/><W14/><G0/><T111/><D111/><U29/><E29/><V88/><F73/><W42/><G2/><T63/><D12/><U87/><E87/><N who="2" m="50287" /><F114/><W32/><G7/><T109/><D109/><U8/><E8/><V135/><F135/><W105/><G14/><T62/><D62/><U101/><E101/><V127/><F127/><W48/><G103/><T86/><D74/><U41/><AGARI ba="0,1" hai="15,18,22,36,37,39,41,46,49,90,91,116,118,119" machi="41" ten="40,2700,0" yaku="1,1,0,1,53,0" doraHai="99" doraHaiUra="95" who="1" fromWho="1" sc="288,-7,240,37,236,-13,226,-7" /><INIT seed="3,0,0,4,4,127" ten="281,277,223,219" oya="3" hai0="47,119,51,133,114,124,5,57,53,23,123,64,11" hai1="59,97,10,34,67,80,128,36,113,17,129,135,76" hai2="105,85,62,74,126,101,22,107,88,52,0,120,42" hai3="31,106,1,37,18,38,84,108,68,8,55,39,44"/><W95/><G106/><T3/><D123/><U40/><E113/><V71/><F0/><W7/><G68/><T32/><D114/><U21/><E34/><V66/><F42/><W41/><G108/><T46/><D119/><U90/><E135/><V109/><F107/><W70/><G70/><T110/><D124/><U25/><E10/><V60/><F74/><W116/><G116/><T24/><D32/><U82/><E40/><V117/><F117/><W125/><G125/><T132/><D110/><U15/><E36/><V87/><F109/><W69/><G69/><T115/><D115/><U13/><E97/><V58/><F126/><W79/><G31/><T121/><D121/><U19/><E90/><V4/><F120/><W56/><G18/><T9/><D9/><N who="1" m="6319" /><E15/><V131/><F4/><W98/><G84/><T28/><REACH who="0" step="1"/><D64/><REACH who="0" ten="271,277,223,219" step="2"/><U73/><E67/><V78/><F66/><W30/><G79/><T81/><D81/><U2/><E82/><V92/><F78/><W20/><G20/><T93/><D93/><U26/><E80/><V27/><F92/><W63/><REACH who="3" step="1"/><G30/><REACH who="3" ten="271,277,223,209" step="2"/><T96/><D96/><U94/><E21/><V130/><F22/><W33/><G33/><T118/><D118/><U77/><E77/><V6/><F105/><W35/><G35/><T29/><D29/><U86/><E76/><V112/><F112/><W91/><AGARI ba="0,2" hai="1,7,8,37,38,39,41,44,55,56,63,91,95,98" machi="91" ten="20,7800,0" yaku="1,1,0,1,7,1,53,1" doraHai="127" doraHaiUra="89" who="3" fromWho="3" sc="271,-26,277,-26,223,-26,209,98" owari="245,-15.5,251,5.1,197,-30.3,307,40.7" /></mjloggm>