<mjloggm ver="2.3"><GO type="225" lobby="0"/><UN n0="%E3%81%AF%E3%82%88%E3%81%8A%E3%81%98%E3%81%95%E3%82%93" n1="%E6%98%93%E5%88%A9%E8%96%A9%E4%BC%AF" n2="%E5%AE%AE%E4%BF%9D%E9%B6%8F%E8%82%89" n3="%E3%81%99%E3%81%84%E3%81%BE%E3%81%9B%E3%83%BC%E3%82%93" dan="16,16,16,16" rate="2162.30,2129.47,2101.94,2153.65" sx="M,F,M,M"/><TAIKYOKU oya="0"/><INIT seed="0,0,0,1,0,69" ten="250,250,250,250" oya="0" hai0="60,38,130,57,87,43,16,34,89,94,121,50,81" hai1="88,99,45,15,55,85,5,68,18,97,90,84,82" hai2="61,134,110,113,41,119,98,17,124,29,93,47,9" hai3="96,65,14,76,1,106,20,30,4,37,73,42,64"/><T71/><D121/><U114/><E68/><V53/><F113/><W44/><G14/><T46/><D130/><U80/><E5/><V95/><F110/><W128/><G128/><T105/><D105/><U39/><E114/><V117/><F134/><W35/><G20/><T108/><D108/><U3/><E3/><V103/><F124/><W133/><G133/><T91/><D34/><U7/><E7/><V127/><F29/><W63/><G63/><T62/><D71/><U109/><E109/><V79/><F79/><W118/><G118/><N who="2" m="45065" /><F127/><W56/><G56/><T125/><D125/><U22/><E39/><N who="2" m="21951" /><F17/><W23/><G30/><T31/><D31/><U48/><AGARI ba="0,0" hai="15,18,22,45,48,55,80,82,84,85,88,90,97,99" machi="48" ten="30,7900,0" yaku="0,1,9,1,8,1,54,1" doraHai="69" who="1" fromWho="1" sc="250,-39,250,79,250,-20,250,-20" /><INIT seed="1,0,0,1,0,42" ten="211,329,230,230" oya="1" hai0="76,47,19,69,84,30,12,89,4,38,102,23,99" hai1="50,63,3,58,120,108,18,128,60,39,13,66,2" hai2="97,129,59,79,133,77,44,7,116,85,41,126,51" hai3="43,46,15,118,55,121,100,0,125,130,56,94,98"/><U74/><E120/><V64/><F116/><W124/><G0/><T24/><D69/><U132/><E39/><V135/><F126/><W80/><G121/><T81/><D4/><U111/><E74/><V119/><F119/><W65/><G118/><T57/><D57/><U68/><E132/><N who="2" m="50763" /><F129/><W22/><G65/><T104/><D38/><U75/><E75/><V34/><F34/><W31/><G130/><T17/><D47/><U16/><E18/><V20/><F7/><W70/><G70/><T115/><D115/><U117/><E128/><V26/><F97/><W96/><G98/><T112/><D112/><U110/><E50/><V27/><F85/><W32/><G32/><T48/><D48/><U52/><E117/><V5/><F5/><W45/><G43/><T127/><D127/><N who="3" m="48713" /><G80/><T49/><D49/><U91/><E91/><V114/><F114/><W54/><G15/><T62/><D62/><U93/><E93/><V105/><F105/><W78/><G78/><N who="2" m="29705" /><F20/><AGARI ba="0,0" hai="2,3,13,16,20,52,58,60,63,66,68,108,110,111" machi="20" ten="40,12000,1" yaku="14,1,10,1,54,2" doraHai="42" who="1" fromWho="2" sc="211,0,329,120,230,-120,230,0" /><INIT seed="1,1,0,4,1,54" ten="211,449,110,230" oya="1" hai0="102,81,119,117,21,78,62,118,17,114,30,49,20" hai1="63,71,27,7,59,88,50,0,110,83,16,57,94" hai2="25,112,128,135,106,96,36,13,24,67,3,123,104" hai3="134,72,32,108,4,111,22,89,66,53,74,101,34"/><U38/><E38/><V82/><F123/><W107/><G134/><T115/><D102/><U23/><E110/><N who="3" m="42026" /><G89/><T28/><D49/><U52/><E71/><V69/><F3/><W132/><G66/><T77/><D62/><U41/><E83/><V12/><F36/><W73/><G132/><T97/><D97/><U103/><E103/><V2/><F2/><W33/><G4/><T5/><D5/><U37/><E37/><V133/><F82/><W65/><G65/><T68/><D81/><U126/><E126/><V113/><F67/><W109/><G109/><T8/><D8/><U31/><E41/><V1/><F1/><W90/><G90/><T11/><D11/><U129/><E129/><V87/><F87/><W60/><G22/><N who="0" m="8811" /><D17/><U15/><E0/><V79/><F79/><N who="0" m="30218" /><D68/><U48/><E7/><V122/><F69/><W42/><G42/><T125/><D125/><U76/><E76/><V10/><F10/><W75/><G75/><T19/><D19/><U127/><E127/><V130/><REACH who="2" step="1"/><F122/><REACH who="2" ten="211,449,100,230" step="2"/><W80/><G74/><T29/><AGARI ba="1,1" hai="28,29,30,114,115,117,118,119" m="30218,8811" machi="29" ten="40,2700,0" yaku="28,2" doraHai="54" who="0" fromWho="0" sc="211,40,449,-14,100,-8,230,-8" /><INIT seed="2,0,0,4,5,28" ten="251,435,92,222" oya="2" hai0="64,10,95,11,34,23,116,72,113,43,70,104,93" hai1="62,108,19,6,125,33,17,130,112,131,31,8,132" hai2="124,129,56,0,86,109,47,123,118,88,13,67,50" hai3="92,117,74,97,68,22,58,25,27,32,36,91,29"/><V66/><F118/><W52/><G68/><T60/><D104/><U77/><E77/><V94/><F123/><W106/><G117/><T85/><D34/><U24/><E112/><V21/><F0/><W75/><G36/><T1/><D72/><U38/><E38/><V12/><F129/><N who="1" m="49161" /><E108/><V73/><F73/><W35/><G106/><T127/><D23/><U105/><E105/><V79/><F124/><W54/><G54/><T39/><D60/><U44/><E44/><V57/><F109/><W2/><G2/><T16/><D16/><N who="1" m="6219" /><E62/><V49/><F79/><W110/><G110/><T42/><D43/><U87/><E87/><V134/><F134/><W45/><G45/><T98/><D85/><U26/><E26/><V14/><F21/><W3/><G3/><T63/><D42/><U40/><E40/><N who="2" m="24807" /><F50/><W126/><G126/><T101/><D39/><U37/><E37/><V53/><F53/><W99/><G35/><T128/><D113/><U9/><E125/><V78/><F78/><W83/><G75/><T119/><D127/><U120/><E120/><V15/><N who="2" m="3072" /><DORA hai="55" /><V41/><F41/><W114/><G114/><T96/><D128/><U122/><E122/><V82/><F82/><W46/><G83/><T59/><D70/><U107/><E107/><V89/><F89/><W18/><G74/><T111/><D111/><U71/><E71/><V84/><F84/><N who="3" m="52327" /><G46/><T51/><D51/><U4/><E132/><V115/><F115/><W90/><G90/><N who="0" m="55351" /><D1/><U69/><E69/><V103/><F103/><W100/><G100/><T30/><D119/><U65/><E65/><AGARI ba="0,0" hai="56,57,65,66,67,86,88,94" m="3072,24807" machi="65" ten="40,12000,1" yaku="6,1,8,1,52,2,54,1" doraHai="28,55" who="2" fromWho="1" sc="251,0,435,-120,92,120,222,0" /><INIT seed="2,1,0,2,3,46" ten="251,315,212,222" oya="2" hai0="90,126,41,105,66,5,83,79,17,106,29,74,98" hai1="42,56,94,27,122,88,75,110,119,9,60,113,112" hai2="86,54,6,118,67,133,21,111,102,115,25,38,40" hai3="22,117,10,68,107,82,36,19,59,8,100,121,44"/><V84/><F115/><W71/><G117/><T77/><D126/><U32/><E119/><V124/><F118/><W12/><G121/><T24/><D41/><U81/><E110/><V80/><F124/><W37/><G107/><T33/><D79/><U108/><E108/><V99/><F111/><W63/><G100/><T92/><D5/><U73/><E122/><V23/><F133/><W43/><G37/><T130/><D130/><U85/><E42/><V55/><F67/><W116/><G116/><T15/><D66/><U104/><E104/><V18/><F6/><W72/><G82/><T128/><D128/><U95/><E9/><AGARI ba="1,0" hai="9,15,17,24,29,33,74,77,83,90,92,98,105,106" machi="9" ten="30,1000,0" yaku="7,1" doraHai="46" who="0" fromWho="1" sc="251,13,315,-13,212,0,222,0" /><INIT seed="3,0,0,0,5,39" ten="264,302,212,222" oya="3" hai0="52,35,56,130,127,62,36,59,69,34,31,88,41" hai1="129,11,95,7,15,72,12,93,86,18,38,10,124" hai2="28,112,109,42,96,48,9,119,101,25,118,79,99" hai3="108,47,65,53,100,13,23,20,24,14,131,60,113"/><W32/><G113/><T51/><D127/><U2/><E72/><V33/><F112/><W111/><G131/><T81/><D130/><U114/><E114/><V91/><F79/><W70/><G100/><T29/><D59/><U61/><E38/><V4/><F109/><N who="3" m="42059" /><G32/><T64/><D35/><U110/><E124/><V30/><F30/><N who="3" m="17671" /><G23/><T57/><D56/><U45/><E129/><V115/><F115/><W135/><G135/><T37/><D37/><U128/><E128/><V104/><F91/><W123/><G123/><T84/><D34/><U16/><E45/><AGARI ba="0,0" hai="29,31,36,41,45,51,52,57,62,64,69,81,84,88" machi="45" ten="40,8000,1" yaku="24,2,52,1,54,2" doraHai="39" who="0" fromWho="1" sc="264,80,302,-80,212,0,222,0" owari="344,44.4,222,2.2,212,-28.8,222,-17.8" /></mjloggm>