<mjloggm ver="2.3"><GO type="225" lobby="0"/><UN n0="%47%68%6F%73%74%55%30" n1="%61%69%73%79%6F" n2="%E3%81%B5%E3%81%98%E3%81%8B%E3%81%A4" n3="%E8%B1%86%59%E5%A4%AA%E9%83%8E" dan="17,17,16,16" rate="2121.33,2209.58,2167.72,2075.85" sx="M,M,M,M"/><TAIKYOKU oya="0"/><INIT seed="0,0,0,0,3,117" ten="250,250,250,250" oya="0" hai0="70,24,113,65,128,116,124,105,0,89,131,43,80" hai1="15,37,23,100,87,12,77,33,60,96,57,13,115" hai2="10,93,79,75,123,49,45,44,107,135,90,108,28" hai3="58,127,7,42,29,69,36,14,62,134,16,102,103"/><T9/><D116/><U109/><E115/><V21/><F108/><W83/><G69/><T81/><D105/><U114/><E114/><V129/><F107/><W118/><G118/><T125/><D113/><U110/><E33/><V26/><F129/><N who="0" m="49738" /><D43/><U98/><E37/><V39/><F135/><W72/><G29/><T71/><D24/><U101/><E23/><V82/><F10/><W59/><G59/><T35/><D35/><U46/><E46/><V30/><F39/><W91/><G7/><N who="0" m="1255" /><D89/><U85/><E77/><V126/><F126/><N who="0" m="48746" /><D65/><U112/><E112/><V84/><F30/><W17/><G134/><T32/><D32/><U41/><E41/><V51/><F45/><N who="3" m="23751" /><G91/><T133/><D133/><U48/><E48/><V73/><F51/><W4/><G4/><T40/><D40/><U106/><E110/><V53/><REACH who="2" step="1"/><F75/><REACH who="2" ten="250,250,240,250" step="2"/><W6/><G127/><T68/><AGARI ba="0,1" hai="68,70,71,80,81" m="48746,1255,49738" machi="68" ten="40,3900,0" yaku="19,1,18,1" doraHai="117" who="0" fromWho="0" sc="250,49,250,-13,240,-13,250,-13" /><INIT seed="0,1,0,2,0,67" ten="299,237,227,237" oya="0" hai0="85,114,108,9,103,110,123,45,111,7,1,43,97" hai1="41,50,13,116,100,17,115,73,102,58,3,72,55" hai2="134,83,16,57,54,21,79,36,66,71,125,24,94" hai3="19,124,84,10,68,76,18,40,51,98,78,135,5"/><T34/><D114/><U52/><E115/><V26/><F125/><W106/><G135/><T56/><D123/><U39/><E3/><V126/><F126/><W62/><G76/><T33/><D56/><U31/><E116/><V0/><F134/><W74/><G74/><T128/><D85/><U90/><E31/><V107/><F107/><W96/><G98/><T25/><D25/><U20/><E39/><V27/><F36/><W63/><G63/><T46/><D128/><U22/><E41/><V91/><F0/><W118/><G118/><T47/><REACH who="0" step="1"/><D43/><REACH who="0" ten="289,237,227,237" step="2"/><U117/><E117/><V127/><F127/><W86/><G86/><T88/><D88/><U133/><E133/><V104/><F27/><W93/><G124/><T119/><D119/><U49/><E73/><V92/><F26/><W77/><G77/><T60/><D60/><U132/><E72/><V14/><F24/><W131/><G131/><T101/><D101/><U29/><E132/><V105/><F91/><W11/><G84/><T44/><N who="0" m="11264" /><DORA hai="2" /><T69/><D69/><U87/><E29/><V4/><F79/><W64/><G78/><T113/><D113/><U70/><E70/><V80/><F71/><W12/><G106/><AGARI ba="1,1" hai="1,7,9,33,34,97,103,106,108,110,111" m="11264" machi="106" ten="60,18000,2" yaku="1,1,14,1,10,1,52,1,53,3" doraHai="67,2" doraHaiUra="48,121" who="0" fromWho="3" sc="289,193,237,0,227,0,237,-183" /><INIT seed="0,2,0,5,1,1" ten="482,237,227,54" oya="0" hai0="5,91,54,85,68,92,42,9,55,133,12,117,118" hai1="48,31,10,50,77,123,105,129,67,124,98,135,86" hai2="14,18,25,22,13,90,99,23,11,53,132,128,24" hai3="94,4,21,101,114,120,6,122,111,59,27,30,66"/><T82/><BYE who="3" /><D68/><U57/><E123/><V88/><F132/><W36/><G36/><T78/><D133/><U97/><E135/><V112/><F128/><W110/><G110/><T70/><D70/><U61/><E129/><V7/><F112/><W44/><G44/><T131/><D131/><U40/><E124/><V134/><F134/><W93/><G93/><T51/><D42/><U41/><E31/><N who="2" m="17815" /><F99/><N who="1" m="37897" /><E10/><N who="2" m="4319" /><F53/><W32/><G32/><T83/><D54/><U87/><E105/><V65/><F65/><W76/><G76/><T39/><D39/><U2/><E2/><V75/><F75/><W100/><G100/><T103/><D103/><U115/><E115/><V126/><F126/><W79/><G79/><T58/><REACH who="0" step="1"/><D82/><REACH who="0" ten="472,237,227,54" step="2"/><U74/><E41/><V33/><F33/><W80/><G80/><T15/><D15/><U116/><E40/><V84/><F84/><AGARI ba="2,1" hai="5,9,12,51,55,58,78,83,84,85,91,92,117,118" machi="84" ten="30,5800,0" yaku="1,1,7,1,52,1,53,0" doraHai="1" doraHaiUra="63" who="0" fromWho="2" sc="472,74,237,0,227,-64,54,0" /><INIT seed="0,3,0,3,0,122" ten="546,237,163,54" oya="0" hai0="15,133,34,96,48,18,98,49,111,129,116,69,78" hai1="61,46,119,117,32,51,127,131,66,87,120,29,93" hai2="26,86,56,37,97,77,91,106,103,60,104,23,83" hai3="62,25,70,71,52,24,2,99,110,85,79,135,43"/><T101/><D116/><U39/><E120/><V73/><F37/><W82/><G82/><T102/><D69/><U65/><E131/><V94/><F56/><W130/><G130/><T81/><D34/><U20/><E127/><V118/><F118/><W63/><G63/><T89/><D133/><U100/><E32/><V0/><F60/><W27/><G27/><T134/><D89/><U72/><E39/><V8/><F106/><W11/><G11/><T1/><D1/><U45/><E72/><V36/><F36/><W12/><G12/><T95/><D134/><U59/><E65/><V21/><REACH who="2" step="1"/><F26/><REACH who="2" ten="546,237,153,54" step="2"/><W44/><G44/><T126/><D129/><U30/><E46/><V17/><F17/><W4/><G4/><AGARI ba="3,1" hai="0,4,8,21,23,73,77,83,86,91,94,97,103,104" machi="4" ten="40,8000,1" yaku="1,1,24,2,53,1" doraHai="122" doraHaiUra="105" who="2" fromWho="3" sc="546,0,237,0,153,99,54,-89" owari="546,64.6,237,-16.3,252,5.2,-35,-53.5" /></mjloggm>