<mjloggm ver="2.3"><GO type="225" lobby="0"/><UN n0="%6D%75%75%6D%75%72%61" n1="%48%61%61%61%6C%61%6E%64" n2="%E3%83%AB%E3%83%9B%E3%83%B3%E3%83%87%E3%82%A3%E3%82%A8" n3="%E3%81%9F%E3%81%93%E2%98%86%E7%84%BC%E3%81%8D" dan="16,17,16,16" rate="2135.55,2146.60,2153.89,2082.83" sx="F,M,M,M"/><TAIKYOKU oya="0"/><INIT seed="0,0,0,2,3,106" ten="250,250,250,250" oya="0" hai0="124,21,127,19,92,97,37,26,24,11,31,23,94" hai1="55,56,82,12,115,91,10,3,68,4,27,28,67" hai2="96,39,125,65,43,79,33,100,101,129,15,1,90" hai3="134,18,60,85,57,93,110,80,130,45,102,7,40"/><T109/><D37/><U58/><E115/><V118/><F33/><W116/><G116/><T44/><D44/><U20/><E68/><V53/><F1/><W50/><G110/><T120/><D120/><U75/><E67/><V113/><F65/><W131/><G134/><T62/><D109/><U16/><E55/><V122/><F53/><W108/><G7/><T30/><D62/><U105/><E105/><V98/><F15/><W42/><G42/><T32/><D11/><U25/><E25/><V87/><F39/><W64/><G18/><T104/><D104/><U6/><E6/><V22/><F22/><W9/><G9/><T34/><D19/><U38/><E38/><V77/><F43/><W83/><G108/><T74/><REACH who="0" step="1"/><D97/><REACH who="0" ten="240,250,250,250" step="2"/><U14/><E3/><V71/><F96/><W59/><G45/><T17/><D17/><U103/><E16/><V52/><F98/><W54/><G40/><T112/><D112/><U119/><E14/><V117/><F113/><W123/><G123/><T5/><D5/><U86/><E12/><V70/><F122/><W41/><G41/><T132/><D132/><U135/><E135/><V76/><F118/><W114/><G114/><T29/><D29/><U51/><E119/><V63/><F117/><W8/><G8/><T128/><D128/><U121/><E121/><V107/><F107/><W66/><G131/><T47/><D47/><U2/><E10/><V13/><F129/><W84/><G130/><T99/><D99/><U81/><E4/><V48/><F63/><W88/><G60/><T133/><D133/><U69/><E28/><RYUUKYOKU ba="0,1" sc="240,30,250,-10,250,-10,250,-10" hai0="21,23,24,26,30,31,32,34,74,92,94,124,127" /><INIT seed="0,1,1,0,2,129" ten="270,240,240,240" oya="0" hai0="29,38,8,112,46,64,94,22,44,110,68,73,55" hai1="85,114,78,49,69,59,83,101,40,50,26,2,3" hai2="82,132,21,39,121,89,99,109,70,107,51,62,13" hai3="71,7,6,123,124,86,15,58,76,91,90,33,43"/><T126/><D112/><U48/><E114/><V57/><F121/><W128/><G71/><T102/><D126/><U66/><E69/><V96/><F39/><W9/><G33/><T47/><D73/><U24/><E40/><V79/><F70/><W32/><G128/><T31/><D110/><U104/><E104/><V37/><F37/><W72/><G32/><T111/><D111/><U36/><E36/><V95/><F51/><W23/><G43/><T63/><D38/><U113/><E113/><V77/><F109/><W4/><G72/><T45/><D8/><U133/><E101/><V131/><F131/><W115/><G123/><T60/><D22/><U122/><E122/><V87/><F107/><W98/><G58/><T19/><D19/><U35/><E133/><V97/><F79/><W20/><G76/><T53/><N who="0" m="11264" /><DORA hai="65" /><T88/><D102/><U10/><E35/><V12/><F132/><W30/><G20/><T125/><D125/><U52/><E66/><V92/><F21/><W105/><G105/><T118/><D118/><U14/><E2/><V54/><REACH who="2" step="1"/><F92/><REACH who="2" ten="270,240,230,240" step="2"/><N who="3" m="56599" /><G124/><T120/><D120/><U5/><REACH who="1" step="1"/><E3/><REACH who="1" ten="270,230,230,240" step="2"/><V75/><AGARI ba="1,3" hai="12,13,54,57,62,75,77,82,87,89,95,96,97,99" machi="75" ten="30,7900,0" yaku="1,1,0,1,53,2" doraHai="129,65" doraHaiUra="84,106" who="2" fromWho="2" sc="270,-40,230,-21,230,112,240,-21" /><INIT seed="1,0,0,4,5,94" ten="230,209,342,219" oya="1" hai0="30,55,42,46,92,116,84,79,128,72,131,109,19" hai1="39,24,20,4,100,12,73,80,97,85,117,133,114" hai2="49,16,56,78,50,108,25,113,1,23,90,86,58" hai3="10,63,87,103,26,74,102,130,129,68,31,95,44"/><U8/><E114/><V105/><F105/><W121/><G74/><T57/><D116/><U77/><E117/><V52/><F1/><W91/><G121/><T29/><D109/><U104/><E39/><V18/><F108/><W41/><G10/><T45/><D72/><U70/><E70/><V89/><F113/><W34/><G63/><T38/><D46/><U110/><E110/><V120/><F120/><W88/><G91/><N who="0" m="53351" /><D19/><U65/><E65/><V127/><F127/><W0/><G0/><T106/><D106/><U36/><E36/><V112/><F112/><W21/><G34/><T83/><D83/><U9/><E133/><V27/><F78/><W60/><G60/><N who="0" m="35903" /><D79/><U111/><E111/><V82/><F89/><W59/><G59/><T11/><D11/><U124/><E124/><V125/><F125/><W2/><G2/><T118/><D118/><U15/><E73/><V76/><F76/><W61/><G61/><T132/><D132/><U62/><E62/><N who="2" m="36103" /><F58/><W93/><G93/><T115/><D115/><U96/><E104/><V81/><F81/><W67/><G67/><T135/><D135/><U14/><E100/><V35/><F35/><W5/><G68/><T37/><D37/><U32/><E32/><V71/><F71/><W17/><G103/><T98/><D98/><N who="1" m="37995" /><E8/><V101/><F101/><W123/><G102/><T6/><D6/><U47/><E47/><V43/><F50/><N who="3" m="26895" /><G5/><T40/><D40/><U13/><E20/><N who="2" m="13447" /><F49/><W122/><G31/><T48/><D38/><U66/><E66/><V107/><F107/><W99/><G99/><T28/><AGARI ba="0,0" hai="28,29,30,42,45,48,128,131" m="35903,53351" machi="28" ten="30,1100,0" yaku="5,1" doraHai="94" who="0" fromWho="0" sc="230,11,209,-5,342,-3,219,-3" /><INIT seed="2,0,0,5,5,31" ten="241,204,339,216" oya="2" hai0="130,102,54,68,46,56,24,70,132,122,26,63,48" hai1="86,77,50,30,13,121,131,39,81,33,100,29,32" hai2="84,113,134,22,97,110,49,126,92,61,64,65,62" hai3="16,71,82,47,27,135,96,3,12,98,125,93,88"/><V129/><F113/><W9/><G71/><T37/><D122/><U19/><E39/><V108/><F84/><N who="3" m="50199" /><G3/><T80/><D130/><U60/><E131/><V21/><F129/><W83/><G135/><T58/><D132/><U106/><E121/><V34/><F134/><W123/><G125/><T114/><D114/><U104/><E60/><N who="2" m="23147" /><F49/><W10/><G83/><T91/><D102/><U87/><E50/><V118/><F118/><W101/><G47/><T105/><D105/><U59/><E59/><V14/><F14/><N who="3" m="7247" /><G123/><T107/><D107/><U55/><E104/><V103/><F34/><W38/><G38/><T45/><D70/><U52/><E106/><V25/><F126/><W4/><G27/><N who="0" m="10283" /><D68/><U133/><E133/><V95/><F95/><W109/><G109/><N who="2" m="42089" /><F21/><W89/><G101/><T69/><D69/><U112/><E100/><V73/><F73/><W41/><G41/><T85/><D37/><U40/><E112/><V116/><F116/><W51/><G51/><T35/><D35/><U115/><E115/><V127/><F127/><W90/><G90/><T20/><D20/><U42/><E81/><V79/><F79/><W111/><G111/><T1/><D1/><U44/><E13/><V17/><AGARI ba="0,0" hai="17,22,25,64,65,92,97,103" m="42089,23147" machi="17" ten="30,3000,0" yaku="14,1,10,1" doraHai="31" who="2" fromWho="2" sc="241,-10,204,-10,339,30,216,-10" /><INIT seed="2,1,0,3,4,89" ten="231,194,369,206" oya="2" hai0="11,71,49,2,118,47,87,111,122,80,105,133,29" hai1="32,34,82,112,92,60,18,51,27,93,40,53,62" hai2="79,41,113,98,59,91,42,70,35,120,45,46,14" hai3="104,101,22,4,119,114,84,26,48,74,134,31,103"/><V68/><F35/><W135/><G74/><T88/><D122/><U1/><E1/><V13/><F79/><W8/><G119/><T99/><D118/><U65/><E112/><V16/><F59/><W110/><G104/><T129/><D111/><U132/><E132/><N who="3" m="50730" /><G110/><T39/><D133/><U23/><E40/><V43/><F113/><W121/><G121/><T36/><D71/><U72/><E72/><V55/><F55/><W19/><G48/><T67/><D67/><U63/><E65/><V61/><F61/><W69/><G69/><T12/><D129/><U57/><REACH who="1" step="1"/><E82/><REACH who="1" ten="231,184,369,206" step="2"/><V5/><F120/><W7/><G114/><T33/><D2/><U20/><E20/><V117/><F41/><W123/><G123/><T94/><D33/><AGARI ba="1,1" hai="18,23,27,32,33,34,51,53,57,60,62,63,92,93" machi="33" ten="40,8000,1" yaku="1,1,52,2,53,1" doraHai="89" doraHaiUra="52" who="1" fromWho="0" sc="231,-83,184,93,369,0,206,0" /><INIT seed="3,0,0,2,3,84" ten="148,277,369,206" oya="3" hai0="20,24,75,96,22,78,131,116,71,82,65,32,17" hai1="53,121,45,133,46,10,35,60,67,59,86,103,73" hai2="115,124,95,55,88,31,74,36,0,9,18,40,89" hai3="83,7,48,4,19,25,11,113,92,39,56,76,1"/><W34/><G39/><T90/><D116/><U23/><E35/><V135/><F74/><W66/><G113/><T70/><D131/><U16/><E73/><V105/><F105/><W5/><G92/><T13/><D32/><U79/><E121/><V2/><F31/><W101/><G101/><T52/><D65/><U57/><E133/><V125/><F55/><W43/><G43/><T26/><D13/><N who="1" m="7223" /><E103/><V72/><F72/><W12/><G48/><T63/><D96/><U69/><E69/><V77/><F77/><W80/><G56/><T54/><D90/><N who="2" m="34922" /><F95/><W33/><G66/><T110/><D110/><U50/><E79/><V29/><F29/><N who="3" m="19631" /><G34/><T117/><D117/><U14/><E86/><V126/><F135/><W128/><G128/><T106/><D106/><U38/><E38/><V118/><F115/><W47/><G76/><T100/><D100/><U51/><E67/><V127/><F118/><W42/><G83/><T102/><D102/><U111/><E53/><V87/><F87/><W98/><G80/><T99/><D99/><U132/><E132/><V68/><F68/><W94/><G94/><T123/><D123/><U8/><E59/><V6/><F127/><W119/><G98/><T21/><D54/><U129/><E57/><V64/><F64/><W85/><G85/><T114/><D114/><U104/><E104/><V62/><F62/><W41/><G119/><T109/><D109/><U97/><E60/><V58/><F58/><W134/><G134/><T130/><D130/><U61/><E129/><V30/><F124/><W15/><G1/><T112/><D71/><RYUUKYOKU ba="0,0" sc="148,0,277,0,369,0,206,0" owari="148,-35.2,277,7.7,369,46.9,206,-19.4" /></mjloggm>