<mjloggm ver="2.3"><GO type="225" lobby="0"/><UN n0="%E6%B4%BE%E9%81%A3%E3%81%AE%E3%82%B8%E3%83%A3%E3%83%83%E3%82%AF" n1="%E3%80%93%E3%81%97%E3%83%BC%E3%82%89%E3%80%93" n2="%E3%81%82%E3%81%99%E3%81%AB%E3%82%83%E3%82%80" n3="%33%74%72%65%65" dan="17,16,16,16" rate="2199.96,2103.97,2093.27,2122.69" sx="M,M,F,F"/><TAIKYOKU oya="0"/><INIT seed="0,0,0,0,4,115" ten="250,250,250,250" oya="0" hai0="89,101,9,72,134,3,50,132,56,42,97,33,126" hai1="5,68,0,91,35,27,95,110,98,53,7,10,107" hai2="47,15,118,88,123,55,59,52,8,78,11,120,113" hai3="73,61,75,60,38,127,63,71,86,49,105,69,54"/><T114/><D33/><U25/><E68/><V103/><F113/><W30/><G38/><T64/><D114/><U102/><E110/><V130/><F78/><W90/><G105/><T99/><D72/><U70/><E70/><V96/><F130/><W94/><G127/><T16/><D126/><U26/><E7/><V67/><F67/><W80/><G75/><T104/><D3/><U77/><E77/><V29/><F29/><W51/><G51/><T128/><D128/><U133/><E133/><N who="0" m="51305" /><D42/><U116/><E116/><V21/><F118/><W76/><REACH who="3" step="1"/><G30/><REACH who="3" ten="250,250,250,240" step="2"/><T46/><D50/><U58/><E35/><V81/><F123/><W34/><G34/><T111/><D111/><U125/><E125/><V2/><F120/><W18/><G18/><T109/><D109/><U122/><E122/><V39/><F39/><W20/><G20/><T17/><D9/><U84/><E27/><V4/><F21/><W87/><G87/><T1/><D17/><U112/><E112/><V31/><F31/><W131/><G131/><T124/><D16/><U100/><E100/><V24/><F11/><W43/><G43/><T117/><D124/><U66/><E66/><V82/><F103/><W106/><G106/><T6/><D101/><U19/><E19/><V37/><F37/><W45/><AGARI ba="0,1" hai="45,49,54,60,61,63,69,71,73,76,80,86,90,94" machi="45" ten="30,2000,0" yaku="1,1,0,1,53,0" doraHai="115" doraHaiUra="36" who="3" fromWho="3" sc="250,-10,250,-5,250,-5,240,30" /><INIT seed="1,0,0,2,3,9" ten="240,245,245,270" oya="1" hai0="20,82,51,103,85,26,72,89,16,78,121,42,84" hai1="5,59,54,101,23,21,97,53,95,41,29,28,129" hai2="49,62,17,86,105,48,30,110,118,107,132,7,25" hai3="2,83,87,3,71,116,109,133,114,18,38,67,61"/><U120/><E120/><V6/><F118/><W55/><G114/><T104/><D121/><U15/><E129/><V52/><F110/><W75/><G75/><T102/><D104/><U58/><E41/><V60/><F132/><W40/><G109/><T81/><REACH who="0" step="1"/><D72/><REACH who="0" ten="230,245,245,270" step="2"/><U76/><E76/><V115/><F105/><W45/><G116/><T24/><D24/><U50/><E29/><V126/><F107/><W93/><G133/><T108/><D108/><U10/><REACH who="1" step="1"/><E28/><REACH who="1" ten="230,235,245,270" step="2"/><V94/><F30/><W79/><G79/><T127/><D127/><U66/><E66/><V4/><F126/><W112/><G67/><T32/><D32/><U8/><E8/><V73/><F73/><W34/><G34/><T130/><D130/><U56/><E56/><V68/><F115/><W125/><G112/><T119/><D119/><U92/><E92/><V128/><F128/><W96/><G93/><T134/><D134/><U88/><E88/><N who="2" m="53527" /><F68/><W36/><G71/><T46/><AGARI ba="0,2" hai="16,20,26,42,46,51,78,81,82,84,85,89,102,103" machi="46" ten="30,7900,0" yaku="1,1,0,1,8,1,54,1,53,0" doraHai="9" doraHaiUra="0" who="0" fromWho="0" sc="230,99,235,-39,245,-20,270,-20" /><INIT seed="2,0,0,5,1,35" ten="329,196,225,250" oya="2" hai0="54,18,75,98,99,56,21,17,83,96,92,121,14" hai1="76,103,74,77,44,131,116,29,93,40,97,33,8" hai2="78,87,38,58,114,31,16,127,118,112,134,119,126" hai3="4,133,51,71,26,57,102,125,55,73,53,117,46"/><V106/><F38/><W107/><G117/><N who="2" m="44553" /><F106/><W6/><G71/><T88/><D121/><U128/><E116/><V30/><F58/><W115/><G115/><N who="2" m="44073" /><F134/><W120/><G120/><T63/><D75/><U72/><E72/><V37/><F37/><W86/><G73/><T13/><D83/><U5/><E29/><N who="2" m="10763" /><F78/><W130/><G107/><T43/><D43/><U27/><E27/><V2/><F87/><W100/><G86/><T34/><D34/><U39/><E33/><V7/><F16/><W67/><G57/><T135/><D135/><U105/><E105/><V132/><F132/><W49/><G133/><T108/><D108/><U109/><E109/><V24/><F24/><W70/><G26/><T84/><D84/><U28/><E28/><V101/><F101/><W47/><G70/><T20/><AGARI ba="0,0" hai="13,14,17,18,20,21,54,56,63,88,92,96,98,99" machi="20" ten="20,8000,1" yaku="0,1,7,1,9,1,8,1,54,1" doraHai="35" who="0" fromWho="0" sc="329,80,196,-20,225,-40,250,-20" /><INIT seed="3,0,0,3,2,109" ten="409,176,185,230" oya="3" hai0="40,56,102,108,80,93,116,18,74,33,45,20,48" hai1="130,126,90,125,97,79,92,8,77,96,113,85,101" hai2="60,31,38,32,26,0,16,47,78,65,81,22,127" hai3="30,123,37,110,72,69,131,11,134,73,35,135,14"/><W29/><G69/><T118/><D108/><U105/><E130/><V41/><F0/><W68/><G68/><T82/><D33/><U46/><E46/><V54/><F127/><N who="1" m="48649" /><E113/><V115/><F115/><W53/><G110/><T9/><D9/><U98/><E8/><V88/><F54/><W27/><G53/><T52/><D80/><N who="1" m="49447" /><E98/><V1/><F1/><W114/><G11/><T106/><D93/><U24/><E24/><V55/><F55/><W95/><G27/><T94/><D48/><U119/><E119/><V10/><F10/><W122/><G114/><T28/><D18/><U23/><E23/><V128/><F128/><W100/><G131/><T62/><D56/><U84/><E84/><V6/><F6/><W21/><G21/><T66/><D52/><U44/><E44/><V12/><F88/><AGARI ba="0,0" hai="77,79,88,92,96,97,101,105" m="49447,48649" machi="88" ten="30,7700,0" yaku="18,1,34,2,54,1" doraHai="109" who="1" fromWho="2" sc="409,0,176,77,185,-77,230,0" owari="409,50.9,253,5.3,108,-39.2,230,-17.0" /></mjloggm>