<mjloggm ver="2.3"><GO type="225" lobby="0"/><UN n0="%E3%82%B2%E3%82%B9%E8%8C%82%E5%8B%9D" n1="%E3%82%A2%E3%83%A1%E3%82%A2%E3%83%A9%E3%83%AC" n2="%6D%75%75%73%61%6E%6D%75" n3="%E3%81%A4%E3%81%A3%E3%81%B1%E3%82%8A%E3%83%9D%E3%83%BC%E3%83%AB" dan="16,16,16,16" rate="2125.12,2184.61,2153.90,2162.77" sx="F,M,F,M"/><TAIKYOKU oya="0"/><INIT seed="0,0,0,5,2,123" ten="250,250,250,250" oya="0" hai0="55,76,19,121,135,26,110,98,44,49,70,108,100" hai1="63,35,27,74,80,5,87,93,43,51,113,54,99" hai2="58,94,53,128,38,92,37,116,103,59,85,91,46" hai3="117,8,39,41,72,42,66,82,104,107,130,60,129"/><T114/><D121/><U124/><E124/><V14/><F128/><N who="3" m="49259" /><G117/><T75/><D114/><U31/><E74/><V101/><F116/><W1/><G42/><T68/><D135/><U40/><E63/><V10/><F38/><W131/><N who="3" m="49267" /><W61/><DORA hai="28" /><G8/><T21/><D76/><U11/><E113/><V15/><F37/><W13/><G13/><T81/><D81/><U126/><E126/><V4/><F46/><N who="3" m="23871" /><G1/><T23/><D75/><U88/><E54/><V77/><F77/><N who="3" m="44327" /><G60/><T34/><D23/><U30/><E51/><V119/><F119/><W79/><G79/><T3/><D3/><U83/><E31/><V16/><F92/><W45/><G45/><T56/><D44/><U32/><E83/><V125/><F125/><W105/><G104/><T65/><D34/><U52/><E32/><V36/><F36/><W118/><G118/><T95/><REACH who="0" step="1"/><D65/><REACH who="0" ten="240,250,250,250" step="2"/><U97/><E35/><V106/><F106/><W132/><G132/><T67/><D67/><U111/><E80/><V109/><F109/><AGARI ba="0,1" hai="19,21,26,49,55,56,68,70,95,98,100,108,109,110" machi="109" ten="40,18000,2" yaku="1,1,14,1,10,1,52,3,53,0" doraHai="123,28" doraHaiUra="71,2" who="0" fromWho="2" sc="240,190,250,0,250,-180,250,0" /><INIT seed="0,1,0,4,1,83" ten="430,250,70,250" oya="0" hai0="75,65,70,34,122,15,111,72,104,58,6,64,46" hai1="131,92,71,31,107,59,57,30,129,40,28,39,42" hai2="68,108,3,78,132,117,5,49,56,112,121,33,32" hai3="62,118,115,44,116,50,82,41,9,67,88,14,51"/><T77/><D122/><U45/><E107/><V101/><F68/><W74/><G115/><T55/><D104/><U12/><E71/><V26/><F112/><W22/><G22/><T124/><D124/><U93/><E12/><V4/><F121/><W125/><G125/><T134/><D134/><U27/><E27/><V113/><F113/><W123/><G123/><T17/><D34/><U97/><E42/><V25/><F132/><W128/><G128/><N who="1" m="49226" /><E93/><V43/><F108/><W135/><G135/><T80/><D6/><U130/><N who="1" m="49234" /><U69/><DORA hai="52" /><E69/><V1/><F101/><AGARI ba="1,0" hai="28,30,31,39,40,45,57,59,92,97,101" m="49234" machi="101" ten="40,5200,0" yaku="19,1,52,2" doraHai="83,52" who="1" fromWho="2" sc="430,0,250,55,70,-55,250,0" /><INIT seed="1,0,0,4,4,51" ten="430,305,15,250" oya="1" hai0="41,108,7,95,118,115,113,15,55,83,53,85,94" hai1="70,19,86,130,30,13,82,124,58,28,121,29,44" hai2="3,106,23,88,48,75,116,110,27,12,32,68,123" hai3="24,18,117,101,10,100,11,43,69,109,126,1,61"/><U131/><E121/><V77/><F3/><W36/><G1/><T125/><D108/><U25/><E70/><V67/><F106/><W81/><G109/><T26/><D125/><U73/><E73/><V35/><F110/><W135/><G126/><T104/><D104/><U74/><E74/><V65/><F123/><W2/><G2/><T128/><D128/><N who="1" m="49195" /><E124/><V72/><F116/><W37/><G43/><T134/><D134/><U119/><E44/><V54/><F12/><W21/><G81/><T16/><D118/><U127/><E58/><V129/><F129/><W8/><G117/><T112/><D26/><U93/><E93/><V92/><F75/><W71/><G135/><T132/><D7/><U17/><E17/><V50/><F72/><W111/><G111/><T79/><D41/><U63/><E63/><V42/><F77/><W122/><G122/><T76/><D132/><U103/><E103/><V64/><F68/><W40/><G40/><T6/><D6/><U4/><E4/><V133/><F42/><W33/><G71/><T66/><D76/><N who="1" m="46407" /><E127/><V87/><F48/><W78/><G101/><T107/><D107/><U22/><E119/><V90/><F90/><W47/><G100/><T62/><D94/><U96/><E96/><V105/><F105/><W59/><G47/><T120/><D120/><U9/><AGARI ba="0,0" hai="9,13,19,22,25,28,29,30" m="46407,49195" machi="9" ten="30,1500,0" yaku="19,1" doraHai="51" who="1" fromWho="1" sc="430,-5,305,15,15,-5,250,-5" /><INIT seed="1,1,0,0,3,112" ten="425,320,10,245" oya="1" hai0="119,87,15,54,98,127,5,2,114,21,107,62,109" hai1="117,81,20,44,9,95,75,68,47,76,101,64,102" hai2="120,29,38,58,94,79,115,55,66,90,35,70,24" hai3="71,4,84,73,131,32,43,14,12,67,31,27,130"/><U132/><E132/><V78/><F115/><W77/><G73/><T123/><D123/><U28/><E117/><V86/><F120/><W129/><G43/><T99/><D114/><U22/><E68/><V33/><F38/><W96/><G96/><T91/><D109/><U60/><E9/><V11/><F35/><W135/><G135/><T48/><D127/><U52/><E64/><V26/><F26/><W126/><G126/><T89/><D119/><U41/><E95/><V36/><F36/><W121/><G4/><T133/><D133/><U50/><E60/><V72/><F72/><W104/><G104/><T105/><D62/><U19/><E28/><V116/><F70/><W53/><G121/><T42/><D42/><U80/><E80/><V6/><F66/><W8/><G8/><T122/><D122/><U18/><E22/><V13/><REACH who="2" step="1"/><F116/><REACH who="2" ten="425,320,0,245" step="2"/><W34/><G34/><T83/><D2/><U113/><E113/><V128/><F128/><W124/><G124/><T40/><D15/><N who="3" m="5673" /><G67/><T82/><D21/><U7/><E20/><V59/><F59/><W74/><G74/><T118/><D118/><U23/><E23/><V16/><F16/><W10/><G71/><T92/><D5/><U134/><E7/><V111/><F111/><W97/><G129/><T100/><D107/><U45/><E134/><V57/><F57/><W1/><G131/><T51/><D100/><N who="1" m="38507" /><E19/><V39/><F39/><W125/><G125/><T46/><D46/><BYE who="0" /><N who="1" m="27735" /><E18/><UN n0="%E3%82%B2%E3%82%B9%E8%8C%82%E5%8B%9D" /><V3/><F3/><W61/><G130/><T106/><D105/><U65/><E65/><V110/><F110/><W30/><G1/><RYUUKYOKU ba="1,1" sc="425,-15,320,15,0,15,245,-15" hai1="41,44,45,47,75,76,81" hai2="6,11,13,24,29,33,55,58,78,79,86,90,94" /><INIT seed="1,2,1,0,4,121" ten="410,335,15,230" oya="1" hai0="111,13,124,74,17,60,87,20,128,73,0,100,42" hai1="133,113,28,93,129,81,82,135,3,53,12,123,119" hai2="38,18,116,54,126,122,1,5,109,107,76,104,101" hai3="85,34,120,98,115,8,55,39,15,99,58,94,40"/><U24/><E113/><V41/><F122/><W96/><G120/><T21/><D111/><U36/><E123/><V131/><F116/><W48/><G34/><T59/><D124/><U66/><E119/><V78/><F126/><W56/><G115/><T75/><D128/><U44/><E3/><V6/><F131/><W49/><G39/><T37/><D0/><U88/><E129/><V90/><F38/><W89/><G40/><T4/><D100/><U132/><E66/><V106/><F41/><W67/><G67/><T79/><D4/><U62/><E12/><V68/><F68/><W125/><G125/><T29/><D87/><N who="1" m="52383" /><E36/><V2/><F101/><W86/><G86/><T47/><D79/><U31/><E44/><V71/><F71/><W16/><REACH who="3" step="1"/><G58/><REACH who="3" ten="410,335,15,220" step="2"/><T9/><REACH who="0" step="1"/><D29/><REACH who="0" ten="400,335,15,220" step="2"/><U118/><E31/><V130/><F130/><W97/><N who="3" m="24576" /><DORA hai="43" /><W77/><G77/><T52/><AGARI ba="2,3" hai="9,13,17,20,21,37,42,47,52,59,60,73,74,75" machi="52" ten="30,7900,0" yaku="1,1,0,1,52,1,54,1,53,0" doraHai="121,43" doraHaiUra="91,84" who="0" fromWho="0" sc="400,115,335,-41,15,-22,220,-22" owari="515,61.5,294,9.4,-7,-50.7,198,-20.2" /></mjloggm>