<mjloggm ver="2.3"><GO type="225" lobby="0"/><UN n0="%E9%80%86%E9%80%A3%E5%B8%AF%E3%81%AE%E9%AC%BC" n1="%E3%83%97%E3%83%AC%E3%83%B4%E3%82%A1%E3%83%86%E3%82%A3" n2="%63%62%69%73%6B%65%74" n3="%E3%82%B2%E3%82%B9%E8%8C%82%E5%8B%9D" dan="16,16,16,16" rate="2115.99,2090.72,2058.73,2151.62" sx="M,F,M,F"/><TAIKYOKU oya="0"/><INIT seed="0,0,0,5,1,27" ten="250,250,250,250" oya="0" hai0="57,89,26,114,83,110,25,58,65,15,62,35,132" hai1="21,105,68,84,52,81,129,128,0,94,73,116,28" hai2="43,118,101,134,96,93,33,123,6,95,75,31,23" hai3="86,34,64,63,10,40,4,87,11,48,22,42,99"/><T39/><D114/><U67/><E0/><V3/><F123/><W8/><G34/><T124/><D124/><U24/><BYE who="0" /><E116/><V32/><F118/><UN n0="%E9%80%86%E9%80%A3%E5%B8%AF%E3%81%AE%E9%AC%BC" /><W115/><G115/><T30/><D132/><U69/><E105/><V133/><F75/><W7/><G99/><T60/><D39/><U17/><E73/><V9/><F43/><N who="3" m="16427" /><G48/><T72/><D110/><U85/><E67/><V121/><F121/><W16/><G63/><T117/><D117/><U59/><E94/><V56/><F56/><W125/><G64/><T79/><D26/><U107/><E107/><V100/><F23/><W111/><G111/><T12/><REACH who="0" step="1"/><D89/><REACH who="0" ten="240,250,250,250" step="2"/><U126/><E126/><V54/><F133/><W127/><G125/><T82/><D82/><U36/><E36/><V131/><F134/><W18/><G127/><T50/><D50/><N who="1" m="31127" /><E69/><V112/><F112/><W120/><G120/><T44/><D44/><U51/><E68/><V90/><F90/><W80/><G80/><T102/><D102/><U135/><E135/><V77/><F101/><W91/><G91/><T66/><AGARI ba="0,1" hai="12,15,25,30,35,57,58,60,62,65,66,72,79,83" machi="66" ten="20,12000,1" yaku="1,1,0,1,7,1,9,1,52,1,53,0" doraHai="27" doraHaiUra="122" who="0" fromWho="0" sc="240,130,250,-40,250,-40,250,-40" /><INIT seed="0,1,0,2,4,61" ten="370,210,210,210" oya="0" hai0="28,60,110,80,51,46,49,84,108,52,135,6,15" hai1="35,59,57,87,31,133,50,19,125,30,70,106,100" hai2="64,26,25,62,75,56,1,2,67,47,122,129,34" hai3="16,44,116,123,82,131,109,68,92,112,43,13,127"/><T121/><D121/><U9/><E125/><V0/><F75/><W53/><G127/><T55/><D135/><U94/><E133/><V96/><F122/><W95/><G123/><T17/><D28/><U22/><E70/><V54/><F129/><W5/><G131/><T81/><D6/><U98/><E35/><V120/><F120/><W8/><G109/><N who="0" m="42091" /><D60/><U88/><E9/><V69/><F96/><W119/><G112/><T83/><D84/><U10/><E10/><V91/><F91/><W29/><G29/><T27/><D27/><U37/><E37/><V78/><F78/><W40/><G68/><T18/><D15/><U63/><E57/><AGARI ba="1,0" hai="17,18,46,49,51,52,55,57,80,81,83" m="42091" machi="57" ten="30,5800,0" yaku="14,1,10,1,54,1" doraHai="61" who="0" fromWho="1" sc="370,61,210,-61,210,0,210,0" /><INIT seed="0,2,0,3,5,60" ten="431,149,210,210" oya="0" hai0="94,131,123,43,41,117,83,50,104,73,17,36,101" hai1="54,113,133,110,88,62,30,95,128,5,15,4,44" hai2="122,20,81,125,105,53,37,111,129,84,102,135,98" hai3="21,0,70,85,109,32,8,10,51,74,38,89,100"/><T77/><D117/><U24/><E110/><V90/><F122/><W115/><G115/><T13/><D123/><U33/><E113/><V16/><F111/><W14/><G0/><T31/><D131/><U97/><E128/><V59/><BYE who="3" /><F129/><W79/><G79/><T132/><D132/><U7/><E133/><V65/><F135/><W40/><G40/><UN n3="%E3%82%B2%E3%82%B9%E8%8C%82%E5%8B%9D" /><T9/><D36/><U42/><E15/><V29/><F125/><W119/><G119/><T57/><D104/><U6/><N who="1" m="1024" /><DORA hai="19" /><U55/><REACH who="1" step="1"/><E62/><REACH who="1" ten="431,139,210,210" step="2"/><V49/><F37/><AGARI ba="2,1" hai="24,30,33,37,42,44,54,55,88,95,97" m="1024" machi="37" ten="50,6400,0" yaku="1,1,2,1,54,1,53,0" doraHai="60,19" doraHaiUra="118,56" who="1" fromWho="2" sc="431,0,139,80,210,-70,210,0" /><INIT seed="1,0,0,1,0,73" ten="431,219,140,210" oya="1" hai0="4,16,59,47,103,53,125,115,21,27,76,109,77" hai1="105,117,110,38,107,70,132,12,7,91,120,31,126" hai2="49,85,35,29,134,58,101,22,54,8,93,50,80" hai3="114,10,11,121,83,127,135,98,112,65,79,18,86"/><U122/><E31/><V43/><F134/><W64/><G121/><N who="1" m="46698" /><E12/><V6/><F35/><W37/><G37/><T44/><D125/><U19/><E19/><V118/><F118/><W119/><G119/><T52/><D115/><U57/><E117/><V15/><F101/><W45/><G127/><T32/><D32/><U13/><E13/><V33/><F33/><W96/><G45/><T24/><D103/><U28/><E126/><V95/><F43/><W42/><G42/><T63/><D4/><U39/><E7/><V123/><F123/><W30/><G30/><T90/><D109/><U116/><E116/><V104/><F50/><W99/><G135/><T62/><D90/><U131/><E28/><V88/><REACH who="2" step="1"/><F104/><REACH who="2" ten="431,219,130,210" step="2"/><N who="1" m="40009" /><E132/><V130/><F130/><W36/><G36/><N who="1" m="13866" /><E110/><V94/><F94/><W102/><G112/><T92/><D92/><U87/><E91/><V2/><F2/><W128/><G114/><T72/><D27/><AGARI ba="0,1" hai="6,8,15,22,27,29,49,54,58,80,85,88,93,95" machi="27" ten="40,5200,0" yaku="1,1,8,1,54,1,53,0" doraHai="73" doraHaiUra="68" who="2" fromWho="0" sc="431,-52,219,0,130,62,210,0" /><INIT seed="2,0,0,0,4,35" ten="379,219,192,210" oya="2" hai0="119,26,70,97,45,1,48,39,117,57,62,19,92" hai1="80,50,42,130,66,75,83,32,15,128,20,10,115" hai2="33,41,27,22,36,64,43,71,72,94,34,6,13" hai3="3,129,123,125,120,53,103,23,114,88,86,113,87"/><V69/><F72/><W104/><G23/><T7/><D70/><U93/><E32/><V12/><F94/><W132/><G125/><T84/><D39/><U127/><E115/><N who="3" m="44042" /><G53/><T134/><D134/><U85/><E127/><V56/><F56/><W108/><G132/><T126/><D126/><U8/><E66/><V46/><F43/><W11/><G108/><T110/><D110/><U30/><E75/><V105/><F105/><W9/><G129/><T99/><D84/><U55/><E42/><V37/><F37/><W101/><G86/><T47/><D48/><U59/><E128/><V21/><F21/><W96/><G101/><T102/><D102/><U68/><E68/><V118/><F118/><W81/><G11/><T122/><D119/><U74/><E74/><V24/><F71/><W135/><G135/><T5/><D99/><U54/><E54/><V44/><F44/><W106/><G104/><T0/><D97/><U49/><E49/><V100/><F100/><W90/><G90/><T29/><D47/><U58/><E58/><V95/><F95/><W131/><G131/><T51/><D45/><U112/><E112/><V17/><F34/><W79/><G79/><T14/><D92/><U61/><E130/><V40/><F40/><W98/><G98/><T67/><D51/><U52/><E50/><V73/><F73/><W111/><G111/><T124/><D124/><U2/><E55/><V63/><REACH who="2" step="1"/><F33/><REACH who="2" ten="379,219,182,210" step="2"/><W38/><G38/><T60/><D117/><U16/><E93/><V4/><F4/><AGARI ba="0,1" hai="3,4,9,81,87,88,96,103,106,120,123" m="44042" machi="4" ten="30,3900,0" yaku="11,1,52,1,54,1" doraHai="35" who="3" fromWho="2" sc="379,0,219,0,182,-39,210,49" /><INIT seed="3,0,0,5,2,80" ten="379,219,143,259" oya="3" hai0="33,89,84,14,37,53,135,96,56,51,73,92,101" hai1="0,117,106,63,121,126,8,67,131,39,119,98,75" hai2="69,125,71,111,47,107,110,49,79,76,109,20,7" hai3="97,45,25,115,102,29,70,116,12,65,129,36,38"/><W122/><G116/><N who="1" m="44618" /><E121/><V94/><F107/><W62/><G122/><T31/><D135/><U123/><E123/><V118/><F118/><W132/><G129/><T104/><D37/><U87/><E39/><V46/><F125/><W100/><G132/><T82/><D14/><U4/><E75/><V41/><F7/><W21/><G115/><T78/><D31/><U64/><E126/><V22/><F94/><W112/><G112/><T23/><D23/><N who="2" m="8746" /><F49/><W66/><G66/><N who="1" m="25130" /><E63/><V28/><F28/><W74/><G74/><T48/><D33/><U5/><E131/><V108/><N who="2" m="27648" /><DORA hai="61" /><V133/><F133/><W130/><G130/><T11/><D11/><U13/><E4/><V9/><F9/><W34/><G45/><N who="2" m="16905" /><F41/><W57/><G70/><AGARI ba="0,0" hai="69,70,71,76,79" m="16905,27648,8746" machi="70" ten="60,7700,0" yaku="28,2,14,1" doraHai="80,61" who="2" fromWho="3" sc="379,0,219,0,143,77,259,-77" owari="379,47.9,219,-18.1,220,2.0,182,-31.8" /></mjloggm>