<mjloggm ver="2.3"><GO type="225" lobby="0"/><UN n0="%E3%81%AF%E3%82%88%E3%81%8A%E3%81%98%E3%81%95%E3%82%93" n1="%30%2E%31%32%30" n2="%E3%81%86%E3%83%BC%E3%81%B1%E3%83%BC" n3="%E3%81%86%E3%82%8B%E3%81%8A%E3%81%A1%E3%82%83" dan="17,16,17,16" rate="2196.08,2134.02,2225.46,2076.43" sx="M,M,F,F"/><TAIKYOKU oya="0"/><INIT seed="0,0,0,1,5,1" ten="250,250,250,250" oya="0" hai0="100,58,81,95,35,33,47,24,76,27,7,38,22" hai1="124,14,101,87,89,109,114,67,91,128,59,83,88" hai2="68,52,119,28,125,108,31,103,84,9,57,117,46" hai3="41,45,120,17,70,75,50,4,3,29,39,37,92"/><T34/><D58/><U133/><E109/><V25/><F108/><W130/><G29/><N who="2" m="11337" /><F68/><W111/><G17/><T99/><D7/><U127/><E128/><V0/><F25/><W21/><G21/><T135/><D135/><U106/><E133/><V36/><F84/><W73/><G92/><T126/><D126/><N who="1" m="48171" /><E114/><V131/><F103/><W132/><G111/><T20/><D24/><U2/><E2/><V82/><F82/><W105/><G105/><T107/><D107/><U42/><E42/><V66/><F66/><W26/><G26/><T44/><D38/><U11/><E67/><V53/><F57/><W90/><G90/><T71/><D71/><U16/><E59/><V77/><F77/><W86/><G86/><T123/><D123/><U60/><E60/><V110/><F110/><W12/><G3/><T40/><D40/><U10/><E101/><V102/><F102/><W62/><G132/><T93/><D20/><N who="1" m="11287" /><E106/><V78/><F125/><W49/><G39/><T118/><D118/><N who="2" m="45066" /><F131/><W30/><G130/><T8/><D33/><U134/><E134/><V94/><F46/><W13/><G45/><T15/><D34/><U129/><E129/><V97/><F36/><W23/><G37/><T104/><D35/><U54/><E54/><V74/><F52/><W6/><G41/><T65/><D65/><U113/><E113/><V116/><F53/><W19/><G120/><T61/><D61/><U115/><E115/><V51/><F116/><W48/><G62/><T72/><D47/><U112/><E112/><V32/><F32/><W121/><G121/><T79/><D44/><RYUUKYOKU ba="0,0" sc="250,-10,250,30,250,-10,250,-10" hai1="10,11,83,87,88,89,91" /><INIT seed="1,1,0,4,2,100" ten="240,280,240,240" oya="1" hai0="124,32,105,99,114,53,96,74,16,129,115,52,77" hai1="131,72,66,26,39,73,68,107,62,88,130,51,133" hai2="49,69,1,15,5,28,64,36,134,4,109,83,70" hai3="63,55,94,57,128,54,95,122,132,113,90,60,45"/><U80/><E39/><V65/><F1/><W135/><G122/><T13/><D32/><U48/><E133/><V116/><F134/><W121/><G113/><T47/><D124/><U22/><E107/><V44/><F36/><W112/><G112/><T93/><D129/><N who="1" m="49163" /><E73/><V111/><F116/><W12/><G121/><T102/><D77/><N who="1" m="44071" /><E88/><V42/><F28/><AGARI ba="1,0" hai="22,26,28,48,51,62,66,68" m="44071,49163" machi="28" ten="30,1500,0" yaku="19,1" doraHai="100" who="1" fromWho="2" sc="240,0,280,18,240,-18,240,0" /><INIT seed="1,2,0,5,5,100" ten="240,298,222,240" oya="1" hai0="47,97,20,40,66,75,123,58,11,88,17,32,111" hai1="29,21,106,83,131,133,121,12,67,54,107,56,125" hai2="59,103,18,14,86,110,117,134,46,64,116,124,41" hai3="7,109,43,89,27,135,1,5,85,82,120,69,90"/><U78/><E121/><V71/><F71/><W130/><G69/><T51/><D32/><U127/><E67/><V93/><F110/><W128/><G120/><T99/><D75/><U73/><E131/><V87/><F124/><N who="1" m="47689" /><E133/><V30/><F30/><W91/><G109/><T126/><D111/><U42/><E42/><V114/><F114/><W2/><G135/><T33/><D33/><U101/><E101/><V96/><F134/><W52/><G43/><T10/><D123/><U76/><E76/><V49/><F117/><W65/><G27/><T122/><D122/><U79/><E79/><V61/><REACH who="2" step="1"/><F116/><REACH who="2" ten="240,298,212,240" step="2"/><W50/><G130/><T60/><D126/><U23/><E29/><V81/><F81/><W4/><G128/><T8/><REACH who="0" step="1"/><D88/><REACH who="0" ten="230,298,212,240" step="2"/><U37/><E83/><V102/><F102/><W39/><G90/><T84/><D84/><U26/><E78/><V28/><F28/><W72/><G91/><T95/><D95/><U6/><E73/><V77/><F77/><W129/><G72/><T74/><D74/><U31/><E31/><V45/><F45/><N who="3" m="27727" /><G129/><T104/><D104/><U19/><E106/><V80/><F80/><W25/><G82/><T118/><D118/><U94/><E107/><V132/><F132/><W108/><G85/><T36/><D36/><U16/><E37/><V115/><F115/><W62/><G39/><T3/><D3/><U119/><E119/><V34/><F34/><W0/><G89/><T112/><D112/><U22/><E94/><V92/><F92/><W113/><G108/><T13/><AGARI ba="2,2" hai="8,10,11,13,17,20,40,47,51,58,60,66,97,99" machi="13" ten="30,7900,0" yaku="1,1,0,1,8,1,53,1" doraHai="100" doraHaiUra="9" who="0" fromWho="0" sc="230,105,298,-41,212,-22,240,-22" /><INIT seed="2,0,0,4,3,3" ten="335,257,190,218" oya="2" hai0="5,85,76,18,105,12,30,126,59,78,70,43,94" hai1="4,26,20,124,103,67,44,102,120,62,6,14,80" hai2="58,8,100,93,57,87,22,64,29,130,127,66,133" hai3="131,49,10,75,32,86,77,132,108,54,69,38,41"/><V25/><F130/><W89/><G32/><T88/><D70/><U68/><E120/><V9/><F133/><W34/><G34/><T56/><D105/><U123/><E123/><V61/><F127/><W50/><G75/><T11/><D126/><U19/><E124/><V114/><F114/><W15/><G77/><N who="0" m="29803" /><D30/><U31/><E80/><V111/><F111/><W92/><G69/><T129/><D129/><U125/><E125/><V53/><F66/><W121/><G38/><T91/><D43/><U33/><REACH who="1" step="1"/><E44/><REACH who="1" ten="335,247,190,218" step="2"/><V110/><F110/><W1/><G108/><T81/><D18/><U35/><E35/><V90/><REACH who="2" step="1"/><F100/><AGARI ba="0,1" hai="4,6,14,19,20,26,31,33,62,67,68,100,102,103" machi="100" ten="40,5200,0" yaku="1,1,52,2,53,0" doraHai="3" doraHaiUra="84" who="1" fromWho="2" sc="335,0,247,62,190,-52,218,0" /><INIT seed="3,0,0,2,3,86" ten="335,309,138,218" oya="3" hai0="34,53,80,70,115,9,112,43,48,131,21,71,2" hai1="101,59,31,117,95,60,125,42,55,62,66,15,73" hai2="75,18,118,61,52,94,103,7,97,78,0,119,68" hai3="57,22,79,106,128,39,14,32,10,89,17,121,11"/><W63/><G121/><T90/><D34/><U67/><E73/><V16/><F7/><W96/><G39/><T37/><D131/><U84/><E117/><V8/><F0/><W45/><G32/><T64/><D43/><U98/><E125/><V108/><F108/><W81/><G128/><T13/><D37/><U27/><E42/><V109/><F109/><W130/><G45/><T23/><D90/><U124/><E124/><V19/><F68/><N who="0" m="26154" /><D80/><U107/><E15/><V111/><F8/><W127/><G130/><T92/><D92/><U28/><E62/><V29/><F29/><W50/><G50/><T49/><D64/><U33/><E31/><V132/><F111/><W77/><G127/><T135/><D2/><U100/><E100/><V134/><F78/><N who="3" m="29707" /><G106/><T123/><D135/><U51/><E60/><V91/><F75/><W99/><G99/><T44/><D49/><U82/><REACH who="1" step="1"/><E107/><REACH who="1" ten="335,299,138,218" step="2"/><V88/><F118/><W24/><G14/><T47/><D123/><U120/><E120/><V25/><F119/><W41/><G41/><T35/><D35/><U133/><E133/><N who="2" m="51307" /><F25/><W5/><G5/><T1/><D1/><U40/><E40/><V4/><F4/><W12/><G24/><T65/><D13/><U3/><E3/><V72/><F72/><W54/><G10/><T85/><D9/><U87/><E87/><V26/><F26/><W113/><G11/><T116/><D85/><U83/><E83/><V46/><F61/><W58/><G63/><T20/><D116/><U30/><E30/><V114/><F114/><N who="0" m="43562" /><D65/><U126/><E126/><V38/><F38/><RYUUKYOKU ba="0,1" sc="335,10,299,10,138,10,218,-30" hai0="20,21,23,44,47,48,53" hai1="27,28,33,51,55,59,66,67,82,84,95,98,101" hai2="16,18,19,46,52,88,91,94,97,103" owari="355,45.5,309,10.9,148,-35.2,188,-21.2" /></mjloggm>