<mjloggm ver="2.3"><GO type="225" lobby="0"/><UN n0="%73%6C%69%63%6B%33%31%39" n1="%E5%AF%82%E5%AF%9E%E3%82%AE%E3%83%8D%E3%82%B9%E3%83%93%E3%83%BC%E3%83%AB" n2="%E3%81%A6%E3%81%A4%EF%BC%A3" n3="%E6%A1%9C%E8%8A%B1%E9%96%83%E3%80%85" dan="16,16,16,18" rate="2204.69,2134.87,2086.47,2265.79" sx="M,M,M,M"/><TAIKYOKU oya="0"/><INIT seed="0,0,0,1,5,3" ten="250,250,250,250" oya="0" hai0="35,17,124,79,120,132,105,87,24,99,77,117,23" hai1="41,83,47,94,19,119,134,115,10,37,70,126,20" hai2="80,8,135,45,118,104,82,106,98,16,108,121,130" hai3="100,29,9,46,81,78,42,66,96,25,43,51,53"/><T32/><D117/><U13/><E119/><V56/><F118/><W91/><G66/><T57/><D120/><U55/><E126/><V114/><F121/><W113/><G113/><T1/><D1/><U54/><E134/><V2/><F114/><W73/><G91/><T90/><D124/><U76/><E70/><V60/><F108/><W0/><G9/><T97/><D132/><U116/><E116/><V112/><F112/><W61/><G61/><T107/><D107/><U22/><E94/><V69/><F69/><W34/><REACH who="3" step="1"/><G0/><REACH who="3" ten="250,250,250,240" step="2"/><T129/><D129/><U26/><E115/><V125/><F130/><W67/><G67/><T44/><D77/><U6/><REACH who="1" step="1"/><E22/><REACH who="1" ten="250,240,250,240" step="2"/><V102/><F135/><W48/><G48/><T5/><D23/><U65/><E65/><V133/><F133/><W92/><AGARI ba="0,2" hai="25,29,34,42,43,46,51,53,73,78,81,92,96,100" machi="92" ten="20,5200,0" yaku="1,1,0,1,7,1,53,1" doraHai="3" doraHaiUra="50" who="3" fromWho="3" sc="250,-26,240,-13,250,-13,240,72" /><INIT seed="1,0,0,0,4,123" ten="224,227,237,312" oya="1" hai0="21,77,33,124,70,129,85,78,125,65,95,104,44" hai1="134,25,122,18,24,103,50,60,20,100,19,72,36" hai2="56,35,79,6,63,135,105,58,113,112,10,109,82" hai3="115,26,68,57,67,119,52,22,73,91,53,0,54"/><U102/><E122/><V46/><F35/><W23/><G115/><N who="2" m="44105" /><F105/><W98/><G0/><T13/><D33/><U96/><E36/><V97/><F135/><W130/><G130/><T29/><D104/><U27/><E134/><V28/><F28/><W17/><G73/><T111/><D129/><U116/><E116/><V30/><F30/><W120/><G120/><T2/><D2/><U84/><E72/><N who="2" m="43367" /><F97/><W81/><G119/><T66/><D44/><U101/><E84/><V62/><F46/><W1/><G1/><T47/><D47/><U118/><E118/><V34/><F34/><W48/><G68/><T94/><D111/><U49/><E60/><N who="2" m="23083" /><F109/><W121/><G67/><N who="0" m="25611" /><D70/><U99/><N who="1" m="25600" /><DORA hai="11" /><U83/><E83/><V14/><AGARI ba="0,0" hai="6,10,14,56,58" m="23083,43367,44105" machi="14" ten="30,2000,0" yaku="11,1,52,1" doraHai="123,11" who="2" fromWho="2" sc="224,-5,227,-10,237,20,312,-5" /><INIT seed="2,0,0,0,4,98" ten="219,217,257,307" oya="2" hai0="50,91,5,84,87,53,95,102,29,82,110,55,65" hai1="22,32,83,61,123,36,89,68,130,64,66,134,79" hai2="1,57,124,19,54,125,41,109,21,120,118,132,115" hai3="97,38,111,60,105,14,6,103,39,13,3,88,67"/><V75/><F75/><W128/><G111/><T9/><D110/><U133/><E32/><V119/><F109/><W94/><G128/><T131/><D131/><U20/><E130/><V44/><F1/><W93/><G3/><T80/><D65/><U104/><E123/><V11/><F11/><W73/><G73/><T48/><D29/><U12/><E36/><N who="2" m="21543" /><F120/><W31/><G31/><T127/><D127/><N who="2" m="48714" /><F115/><W23/><G105/><T112/><D112/><U59/><E104/><V74/><F74/><W99/><G14/><N who="0" m="5423" /><D102/><U116/><E89/><V8/><F8/><W77/><G77/><N who="0" m="46095" /><D82/><U25/><E12/><N who="2" m="9447" /><F132/><N who="1" m="50793" /><E116/><V135/><F135/><W107/><G107/><T47/><D48/><AGARI ba="0,0" hai="48,54,57,118,119" m="9447,48714,21543" machi="48" ten="30,1500,0" yaku="18,1" doraHai="98" who="2" fromWho="0" sc="219,-15,217,0,257,15,307,0" /><INIT seed="2,1,0,2,5,126" ten="204,217,272,307" oya="2" hai0="17,58,31,98,135,80,4,7,50,59,33,109,29" hai1="18,111,37,96,106,119,32,60,101,65,2,38,24" hai2="69,112,62,39,13,133,30,104,36,79,72,131,90" hai3="49,43,27,92,78,47,86,11,74,55,127,44,48"/><V22/><F112/><W34/><G127/><T66/><D135/><U45/><E119/><V15/><F133/><W56/><G74/><T122/><D122/><U19/><E2/><V53/><F104/><W0/><G34/><T25/><D109/><U20/><E111/><V54/><F79/><W128/><G128/><T68/><D68/><N who="1" m="42023" /><E20/><V35/><F72/><W6/><G27/><T97/><D80/><U1/><E1/><V117/><F90/><W82/><G92/><T87/><D87/><U83/><E83/><V8/><F62/><W63/><REACH who="3" step="1"/><G47/><REACH who="3" ten="204,217,272,297" step="2"/><T108/><D108/><U75/><E75/><V110/><F35/><W76/><G76/><T130/><D130/><U23/><E45/><V3/><F110/><W94/><G94/><T41/><D66/><U95/><E95/><V57/><F131/><W120/><G120/><T70/><D70/><U52/><E32/><V132/><F69/><W71/><G71/><T85/><D85/><U81/><E81/><V9/><F132/><W5/><G5/><N who="0" m="2123" /><D33/><U121/><E121/><V89/><F3/><W40/><G40/><T28/><D17/><U113/><E18/><V105/><F105/><W123/><G123/><T46/><D25/><U118/><E24/><V129/><F129/><W51/><AGARI ba="1,1" hai="0,6,11,43,44,48,49,51,55,56,63,78,82,86" machi="51" ten="20,2700,0" yaku="1,1,0,1,7,1,53,0" doraHai="126" doraHaiUra="16" who="3" fromWho="3" sc="204,-8,217,-8,272,-14,297,40" /><INIT seed="3,0,0,0,1,5" ten="196,209,258,337" oya="3" hai0="123,93,103,75,27,124,106,94,47,56,43,45,49" hai1="13,40,105,62,112,12,65,32,36,2,58,72,16" hai2="134,8,121,83,128,126,54,39,68,6,78,30,51" hai3="71,122,14,55,85,76,29,48,90,107,102,79,28"/><W17/><G71/><T115/><D123/><U23/><E112/><V118/><F118/><W127/><G122/><T131/><D75/><U129/><E32/><V66/><F121/><W9/><G127/><T130/><D124/><U52/><E2/><V110/><F126/><W99/><G29/><T41/><D115/><U3/><E3/><V101/><F39/><W98/><G28/><T67/><D27/><U87/><E72/><V31/><F110/><W46/><G99/><T100/><D106/><U7/><E105/><V4/><F101/><N who="0" m="38986" /><D56/><U22/><E129/><N who="0" m="49161" /><D67/><U50/><E87/><V89/><F66/><W42/><G42/><N who="0" m="15883" /><D49/><U21/><E40/><V33/><F68/><W64/><G64/><T116/><D116/><U0/><E36/><V60/><F128/><W18/><G18/><T132/><D132/><U109/><E109/><V84/><F134/><W70/><G70/><T26/><D26/><U113/><E113/><V63/><F33/><W15/><G15/><T77/><D77/><U111/><E111/><V57/><F78/><W96/><G96/><T38/><D38/><U10/><E12/><V119/><F119/><W34/><G34/><T74/><D74/><U88/><E88/><V80/><F30/><W86/><G86/><T59/><D59/><AGARI ba="0,0" hai="0,7,10,13,16,21,22,23,50,52,58,59,62,65" machi="59" ten="30,7700,0" yaku="7,1,52,1,54,2" doraHai="5" who="1" fromWho="0" sc="196,-77,209,77,258,0,337,0" owari="119,-38.1,286,8.6,258,-14.2,337,43.7" /></mjloggm>