<mjloggm ver="2.3"><GO type="225" lobby="0"/><UN n0="%E3%81%95%E3%81%8D%E3%81%9F%E3%81%BE%E6%9E%97%E6%AA%8E" n1="%E3%81%82%E3%81%84%E3%81%82%E3%81%8A%E3%81%84" n2="%E3%81%8F%E3%81%BE%E3%81%96%E3%82%8F" n3="%72%69%6F%75%63%68%61%6E" dan="16,18,16,17" rate="2155.01,2222.51,2018.40,2276.05" sx="M,M,M,M"/><TAIKYOKU oya="0"/><INIT seed="0,0,0,5,5,4" ten="250,250,250,250" oya="0" hai0="0,118,45,102,71,124,107,114,94,76,15,83,59" hai1="14,88,54,129,5,52,26,100,103,55,91,37,92" hai2="57,135,28,72,126,69,63,7,1,56,122,73,79" hai3="49,120,96,60,81,10,33,89,115,64,74,17,123"/><T50/><D114/><U106/><E129/><V48/><F122/><N who="3" m="46635" /><G115/><T110/><D118/><U65/><E37/><V8/><F126/><W130/><G33/><T97/><D0/><U51/><E106/><V127/><F127/><W20/><G130/><T16/><D124/><U90/><E65/><V125/><F125/><W40/><G74/><T58/><D71/><U35/><E51/><V12/><F135/><W101/><G81/><T27/><D27/><U43/><E43/><V84/><F69/><W9/><G89/><N who="1" m="34410" /><E35/><V117/><F117/><W3/><G3/><T75/><D107/><U53/><E26/><V38/><F38/><W87/><G87/><T99/><D99/><N who="1" m="57759" /><E54/><V18/><F1/><W62/><G49/><T111/><D45/><U19/><E5/><V132/><F132/><W86/><G86/><T30/><D30/><U31/><E31/><V24/><F7/><W29/><G40/><T109/><REACH who="0" step="1"/><D50/><REACH who="0" ten="240,250,250,250" step="2"/><U113/><E113/><V80/><F48/><W36/><G29/><T11/><AGARI ba="0,1" hai="11,15,16,58,59,75,76,83,94,97,102,109,110,111" machi="11" ten="30,18000,2" yaku="1,1,2,1,0,1,14,1,10,1,52,1,54,1,53,0" doraHai="4" doraHaiUra="128" who="0" fromWho="0" sc="240,190,250,-60,250,-60,250,-60" /><INIT seed="0,1,0,4,3,120" ten="430,190,190,190" oya="0" hai0="129,16,101,1,113,131,76,23,77,53,81,28,68" hai1="26,9,32,122,134,5,88,133,123,47,10,112,48" hai2="105,20,74,132,111,100,49,24,13,59,37,27,41" hai3="103,89,8,114,54,12,125,15,84,121,67,90,61"/><T96/><D113/><U19/><E112/><V22/><F74/><W118/><G125/><T34/><D68/><U82/><E32/><V115/><F115/><W38/><G118/><T97/><D1/><U25/><E19/><V43/><F37/><W11/><G114/><T119/><D119/><U21/><E21/><V71/><F71/><W63/><G121/><T4/><D4/><U52/><E123/><V80/><F132/><N who="1" m="50793" /><E122/><V106/><F13/><W31/><G38/><T33/><D53/><U92/><E82/><V107/><F100/><W94/><G31/><T7/><D7/><U86/><E10/><V14/><F14/><AGARI ba="1,0" hai="5,9,14,25,26,47,48,52,86,88,92" m="50793" machi="14" ten="30,3900,0" yaku="20,1,54,2" doraHai="120" who="1" fromWho="2" sc="430,0,190,42,190,-42,190,0" /><INIT seed="1,0,0,1,4,127" ten="430,232,148,190" oya="1" hai0="8,113,26,38,71,60,45,98,100,16,76,29,94" hai1="69,80,101,128,87,112,3,93,52,64,28,75,4" hai2="108,78,124,14,125,131,50,106,72,40,102,77,18" hai3="25,89,0,65,43,91,74,30,27,88,2,48,6"/><U84/><E112/><V1/><F1/><W103/><G74/><T58/><D71/><U99/><E28/><V67/><F108/><W135/><G135/><T61/><D113/><U115/><E115/><V39/><F39/><W23/><G103/><T134/><D134/><U105/><E4/><V17/><F67/><W32/><G65/><T68/><D68/><U121/><E3/><V118/><F118/><W92/><G92/><T22/><D76/><N who="1" m="44063" /><E64/><V66/><F66/><W114/><G114/><T130/><D38/><U122/><E52/><V57/><F72/><W120/><G120/><N who="1" m="46186" /><E69/><V116/><F116/><W111/><G111/><T24/><D61/><U104/><E128/><V5/><F5/><W85/><G85/><AGARI ba="0,0" hai="84,85,87,93,99,101,104,105" m="46186,44063" machi="85" ten="30,2900,0" yaku="34,2" doraHai="127" who="1" fromWho="3" sc="430,0,232,29,148,0,190,-29" /><INIT seed="1,1,0,0,0,113" ten="430,261,148,161" oya="1" hai0="19,52,9,10,28,7,79,104,1,91,135,98,48" hai1="4,58,35,134,131,132,32,69,55,118,11,21,43" hai2="99,50,103,23,6,65,8,72,45,89,59,30,128" hai3="86,73,120,78,82,127,27,68,47,77,130,16,119"/><U88/><E69/><V70/><F128/><W25/><G120/><T38/><D38/><U114/><E114/><V61/><F72/><W129/><G68/><T80/><D135/><N who="1" m="51755" /><E43/><V29/><F70/><W117/><G127/><T67/><D67/><U64/><E64/><V5/><F89/><W46/><G73/><T36/><D36/><U33/><E131/><N who="3" m="50186" /><G77/><T95/><D104/><U84/><E21/><V133/><F133/><W18/><G25/><T106/><D106/><U102/><E102/><V75/><F75/><W116/><G18/><T34/><D34/><U53/><E58/><V122/><F122/><W109/><G109/><T123/><D123/><U42/><E42/><V37/><F37/><W108/><G108/><T111/><D28/><U66/><E66/><V81/><F30/><W15/><G27/><T24/><D24/><U0/><E118/><V107/><F29/><W56/><G56/><T49/><D111/><U44/><E44/><V76/><F23/><AGARI ba="1,0" hai="15,16,23,46,47,78,82,86,116,117,119" m="50186" machi="23" ten="40,12000,2" yaku="12,1,19,1,52,3,54,1" doraHai="113" who="3" fromWho="2" sc="430,0,261,0,148,-123,161,123" /><INIT seed="2,0,0,2,2,107" ten="430,261,25,284" oya="2" hai0="97,79,111,39,126,57,31,73,10,51,100,131,65" hai1="75,72,25,66,101,27,87,5,89,22,106,98,7" hai2="117,54,29,34,116,44,129,128,95,36,18,8,33" hai3="84,124,28,58,94,62,105,77,118,86,76,20,56"/><V11/><F95/><W14/><G118/><N who="2" m="45673" /><F54/><W133/><G124/><T53/><D39/><U74/><E66/><V46/><F36/><W52/><G133/><T102/><D102/><U61/><E61/><V19/><F44/><W45/><G105/><T96/><D126/><U120/><E120/><V17/><F46/><W93/><G45/><T23/><D97/><U35/><E35/><N who="2" m="13323" /><F29/><W125/><G125/><T67/><D65/><U64/><E64/><V3/><F3/><W6/><G58/><T47/><D47/><U37/><E37/><V59/><F59/><W68/><G68/><T43/><D43/><U83/><REACH who="1" step="1"/><E27/><REACH who="1" ten="430,251,25,284" step="2"/><V30/><F30/><AGARI ba="0,1" hai="5,7,22,25,30,72,74,75,83,87,89,98,101,106" machi="30" ten="40,12000,2" yaku="1,1,2,1,52,3,53,1" doraHai="107" doraHaiUra="21" who="1" fromWho="2" sc="430,0,251,130,25,-120,284,0" owari="430,53.0,381,18.1,-95,-59.5,284,-11.6" /></mjloggm>