<mjloggm ver="2.3"><GO type="225" lobby="0"/><UN n0="%E3%83%A9%E3%82%B9%E7%8E%87%EF%BC%93%E5%89%B2" n1="%E6%9A%87%E4%BA%BA%EF%BC%A0%E9%85%8D%E4%BF%A1%E5%9E%A2" n2="%72%61%6B%33" n3="%E5%8F%AF%E5%85%90%E9%82%A3%E7%94%B1%E5%A4%9A" dan="16,17,17,16" rate="2167.96,2174.73,2181.14,2202.34" sx="F,F,M,F"/><TAIKYOKU oya="0"/><INIT seed="0,0,0,1,1,63" ten="250,250,250,250" oya="0" hai0="81,32,2,102,66,120,109,112,117,16,77,23,22" hai1="53,74,69,111,29,45,86,119,90,59,129,110,3" hai2="105,42,36,19,27,135,12,93,21,126,6,75,88" hai3="116,62,118,38,65,61,87,101,92,127,83,134,67"/><T13/><D112/><U54/><E119/><V107/><F126/><W132/><G38/><T79/><D117/><N who="3" m="45161" /><G92/><T94/><D120/><U130/><E69/><V76/><F135/><N who="3" m="51755" /><G101/><T108/><D2/><U14/><E3/><V113/><F113/><W124/><G87/><T50/><D32/><U25/><E74/><V98/><F42/><W37/><G83/><T68/><D50/><N who="1" m="28879" /><E14/><V95/><F36/><W49/><G49/><T80/><D23/><N who="1" m="15551" /><E59/><V1/><F1/><W71/><G37/><T44/><D44/><U99/><E54/><V58/><F58/><AGARI ba="0,0" hai="58,61,62,65,67,71,124,127" m="51755,45161" machi="58" ten="30,8000,1" yaku="20,1,34,2,52,2" doraHai="63" who="3" fromWho="2" sc="250,0,250,0,250,-80,250,80" /><INIT seed="1,0,0,2,1,19" ten="250,250,170,330" oya="1" hai0="51,8,134,125,66,131,46,27,36,91,2,98,86" hai1="43,100,35,68,42,30,76,20,116,7,106,82,115" hai2="123,12,32,57,112,99,55,83,109,87,119,22,47" hai3="33,80,97,72,122,63,128,37,118,60,113,127,18"/><U90/><E115/><V29/><F112/><W5/><G113/><T14/><D131/><U15/><E116/><V71/><F119/><W81/><G122/><T9/><D134/><U28/><E68/><V78/><F109/><W110/><G110/><T89/><D125/><U54/><E35/><V44/><F71/><W21/><G33/><T34/><D36/><U69/><E69/><V53/><F123/><W77/><G37/><T45/><D66/><U117/><E90/><V108/><F108/><W111/><G111/><T84/><D98/><U107/><E54/><V70/><F70/><W3/><G127/><T95/><D2/><U92/><E107/><V39/><F32/><W88/><G128/><T59/><D27/><N who="1" m="16487" /><E30/><V40/><F44/><W41/><G41/><T13/><D34/><U11/><E106/><V114/><F114/><W120/><G120/><T25/><D25/><U105/><E105/><V56/><F99/><W62/><G118/><T126/><D126/><U61/><E61/><V58/><REACH who="2" step="1"/><F12/><REACH who="2" ten="250,250,160,330" step="2"/><W124/><G124/><T16/><D59/><U74/><E117/><V52/><F52/><W1/><G97/><T73/><D46/><U133/><E133/><V17/><F17/><W31/><G18/><T79/><D45/><U48/><E43/><V6/><F6/><W38/><G5/><T4/><D14/><U104/><E42/><V67/><F67/><W103/><G1/><T135/><D4/><U0/><E0/><V23/><F23/><W129/><G21/><N who="0" m="11407" /><D135/><U101/><E7/><V65/><F65/><W94/><G3/><T64/><D64/><RYUUKYOKU ba="0,1" sc="250,-10,250,-10,160,30,330,-10" hai2="22,29,39,40,47,53,55,56,57,58,78,83,87" /><INIT seed="2,1,1,5,2,99" ten="240,240,190,320" oya="2" hai0="104,9,62,77,53,91,7,76,26,30,112,85,10" hai1="117,44,95,12,116,135,71,103,78,36,63,92,132" hai2="128,37,15,126,23,41,20,16,67,65,4,39,100" hai3="118,80,52,19,47,109,127,102,106,79,57,121,34"/><V64/><F126/><W120/><G118/><T107/><D112/><U93/><E12/><V87/><F128/><W24/><G127/><T54/><D104/><U66/><E78/><V58/><F41/><W50/><G109/><T18/><D107/><U25/><E25/><V131/><F131/><W105/><G105/><T84/><D18/><U43/><REACH who="1" step="1"/><E103/><REACH who="1" ten="240,230,190,320" step="2"/><V96/><F4/><W133/><G102/><T45/><D7/><U55/><E55/><V122/><F122/><W74/><G121/><T69/><D77/><U82/><E82/><V123/><F123/><W42/><G120/><T31/><D26/><U83/><E83/><V108/><F108/><W33/><G133/><AGARI ba="1,2" hai="36,43,44,63,66,71,92,93,95,116,117,132,133,135" machi="133" ten="40,2600,0" yaku="1,1,20,1,53,0" doraHai="99" doraHaiUra="27" who="1" fromWho="3" sc="240,0,230,49,190,0,320,-29" /><INIT seed="3,0,0,5,5,95" ten="240,279,190,291" oya="3" hai0="14,34,84,92,27,131,1,71,93,103,2,11,125" hai1="29,81,133,80,98,94,62,24,89,35,20,117,111" hai2="15,120,7,51,58,79,3,77,132,112,135,57,17" hai3="8,48,32,42,121,21,104,87,54,75,64,41,12"/><W45/><G121/><T119/><D71/><U37/><E111/><V60/><F112/><W50/><G75/><T73/><D73/><U74/><E133/><N who="2" m="51275" /><F120/><W9/><G32/><T128/><D119/><U66/><E117/><V16/><F51/><W100/><G104/><T19/><D93/><U83/><E37/><V59/><F60/><W116/><G116/><T107/><D107/><U65/><E74/><V130/><F130/><N who="0" m="49706" /><D125/><U22/><REACH who="1" step="1"/><E66/><REACH who="1" ten="240,269,190,291" step="2"/><V122/><F122/><W39/><G39/><T115/><D115/><U109/><E109/><V13/><F3/><W10/><G64/><T52/><D1/><U134/><E134/><V76/><F7/><W91/><G48/><T123/><D2/><U108/><E108/><V28/><F28/><W53/><G42/><T47/><D123/><U127/><E127/><V49/><F49/><W118/><G118/><T101/><D19/><AGARI ba="0,1" hai="13,15,16,17,19,57,58,59,76,77,79" m="51275" machi="19" ten="40,8000,1" yaku="28,2,20,1,54,1" doraHai="95" who="2" fromWho="0" sc="240,-80,269,0,190,90,291,0" /><INIT seed="4,0,0,1,5,121" ten="160,269,280,291" oya="0" hai0="0,27,36,44,133,104,21,69,57,14,2,124,3" hai1="90,116,16,113,105,43,78,8,74,131,12,72,84" hai2="100,97,24,15,89,120,102,19,59,63,99,9,41" hai3="5,60,107,85,17,42,47,49,127,87,38,48,1"/><T71/><D104/><U110/><E116/><V52/><F120/><W18/><G107/><T62/><D133/><U20/><E110/><V58/><F41/><W40/><G127/><T125/><D14/><U6/><E131/><V80/><F24/><W35/><G35/><T11/><D11/><U55/><E105/><V76/><F58/><W112/><G112/><T23/><D44/><U56/><E43/><V25/><F25/><W28/><G28/><T68/><D36/><U29/><E29/><V114/><F114/><W103/><G103/><N who="2" m="39465" /><F76/><W77/><G38/><T126/><REACH who="0" step="1"/><D27/><REACH who="0" ten="150,269,280,291" step="2"/><U134/><E134/><V73/><F73/><W122/><G47/><T4/><D4/><U51/><E113/><V96/><F80/><W13/><G13/><T61/><D61/><U82/><E78/><V46/><F46/><W7/><G60/><T91/><D91/><AGARI ba="0,1" hai="9,15,19,52,59,63,89,91,96,97,99" m="39465" machi="91" ten="30,2000,0" yaku="8,1,54,1" doraHai="121" who="2" fromWho="0" sc="150,-20,269,0,280,30,291,0" owari="130,-37.0,269,-13.1,310,41.0,291,9.1" /></mjloggm>