<mjloggm ver="2.3"><GO type="225" lobby="0"/><UN n0="%E3%81%B2%E3%81%AA%E3%81%AE%E3%82%8A%E3%81%8F" n1="%E7%99%BD%E6%97%A5%E9%9B%AA%E8%8F%9C" n2="%E6%A1%9C%E8%8A%B1%E9%96%83%E3%80%85" n3="%E4%BF%BA%E3%81%A8%E5%A6%96%E5%A4%A2" dan="17,17,16,17" rate="2199.13,2189.90,2142.48,2179.14" sx="M,M,M,F"/><TAIKYOKU oya="0"/><INIT seed="0,0,0,0,1,56" ten="250,250,250,250" oya="0" hai0="131,104,134,4,75,44,39,113,10,52,135,125,127" hai1="30,14,98,65,62,89,120,129,121,119,9,24,79" hai2="43,2,70,126,8,94,63,49,105,81,112,18,117" hai3="32,115,93,122,111,47,80,67,0,1,15,88,20"/><T73/><D113/><U85/><E119/><V118/><F105/><W82/><G115/><T57/><D104/><U69/><E129/><V116/><F112/><W53/><G32/><T123/><D123/><U58/><E69/><V71/><F126/><N who="0" m="48138" /><D131/><U84/><E79/><V103/><F81/><W77/><G122/><T92/><D92/><U78/><E78/><V34/><F34/><W13/><G111/><T68/><D68/><U87/><E98/><N who="2" m="59863" /><F63/><W99/><G67/><T66/><D66/><U83/><E120/><V106/><F106/><W133/><G133/><N who="0" m="50699" /><D44/><U38/><E121/><V107/><F107/><W109/><G109/><T50/><D39/><U37/><E37/><V114/><F114/><W40/><G53/><T95/><D95/><U72/><E38/><V16/><F71/><W23/><G0/><AGARI ba="0,0" hai="0,4,10,50,52,57,73,75" m="50699,48138" machi="0" ten="30,5800,0" yaku="18,1,20,1,54,1" doraHai="56" who="0" fromWho="3" sc="250,58,250,0,250,0,250,-58" /><INIT seed="0,1,0,4,0,14" ten="308,250,250,192" oya="0" hai0="33,100,44,17,128,103,93,124,23,122,31,25,92" hai1="53,56,75,102,1,41,30,7,43,114,16,46,60" hai2="21,83,64,36,6,26,98,32,81,120,45,118,99" hai3="0,74,116,65,5,129,112,59,130,94,131,62,106"/><T10/><D122/><U76/><E114/><V47/><F32/><W24/><G112/><T37/><D124/><U61/><E30/><V69/><F120/><W2/><G116/><T29/><D128/><U126/><E126/><V119/><F6/><W86/><G106/><T19/><D10/><U104/><E7/><V123/><F123/><W49/><G74/><T127/><D127/><U71/><E1/><V34/><F34/><W39/><G39/><T54/><D33/><U63/><E71/><V27/><F64/><W80/><G5/><T111/><D111/><U125/><E75/><V133/><F36/><W70/><G94/><N who="0" m="36459" /><D31/><U117/><E76/><V67/><F67/><W108/><G108/><T51/><D37/><U135/><E135/><V91/><F91/><W88/><REACH who="3" step="1"/><G24/><REACH who="3" ten="308,250,250,182" step="2"/><T22/><D29/><U109/><E117/><V18/><F27/><AGARI ba="1,1" hai="17,19,22,23,25,27,44,51,54,100,103" m="36459" machi="27" ten="30,5800,0" yaku="8,1,52,2" doraHai="14" who="0" fromWho="2" sc="308,71,250,0,250,-61,182,0" /><INIT seed="0,2,0,2,5,61" ten="379,250,189,182" oya="0" hai0="34,122,24,33,29,23,132,45,78,123,52,27,55" hai1="39,134,37,87,19,118,131,31,36,65,22,32,105" hai2="58,97,2,54,127,126,100,106,50,82,121,84,108" hai3="12,8,75,9,47,109,112,129,98,130,35,62,73"/><T80/><D132/><U11/><E118/><V14/><F2/><W30/><G112/><T16/><D34/><U1/><E134/><V120/><F108/><W113/><G113/><T0/><D0/><U21/><E105/><V40/><F40/><W43/><G109/><T117/><D117/><U51/><E131/><N who="3" m="50186" /><G98/><T67/><D67/><U103/><E103/><V7/><F7/><W77/><G77/><T60/><D45/><U114/><E114/><V38/><F14/><W28/><G62/><T135/><D135/><U46/><E32/><V63/><F38/><N who="3" m="22007" /><G8/><T111/><D111/><U44/><E11/><V90/><REACH who="2" step="1"/><F63/><REACH who="2" ten="379,250,179,182" step="2"/><W93/><G12/><T64/><D122/><AGARI ba="2,1" hai="50,54,58,82,84,90,97,100,106,120,121,122,126,127" machi="122" ten="40,2600,0" yaku="1,1,2,1,53,0" doraHai="61" doraHaiUra="5" who="2" fromWho="0" sc="379,-32,250,0,179,42,182,0" /><INIT seed="1,0,0,3,3,58" ten="347,250,221,182" oya="1" hai0="50,105,106,119,110,38,6,60,39,125,120,43,96" hai1="134,72,127,83,118,80,121,71,123,101,24,133,77" hai2="10,88,56,1,22,45,13,52,68,75,81,122,34" hai3="63,16,117,17,31,67,30,57,47,7,135,93,107"/><U20/><E118/><V66/><F122/><N who="1" m="46601" /><E71/><V114/><F34/><W19/><G107/><T99/><D119/><U27/><E127/><V103/><F114/><W25/><G117/><T116/><D116/><U2/><E2/><V11/><F68/><W69/><G135/><N who="1" m="51722" /><E101/><V32/><F32/><W4/><G47/><T109/><D125/><U8/><E8/><V128/><F128/><W53/><G93/><T113/><D120/><U87/><E20/><V37/><F103/><W111/><G111/><T23/><D106/><U9/><E9/><V92/><F22/><W40/><G40/><T84/><D23/><U124/><E124/><V33/><F33/><W115/><G115/><T46/><D105/><U129/><E129/><V82/><F10/><W94/><G94/><T49/><D113/><U41/><E41/><V97/><F1/><W85/><G85/><T59/><D84/><U91/><AGARI ba="0,0" hai="24,27,72,77,80,83,87,91" m="51722,46601" machi="91" ten="30,1500,0" yaku="20,1" doraHai="58" who="1" fromWho="1" sc="347,-5,250,15,221,-5,182,-5" /><INIT seed="1,1,0,5,1,105" ten="342,265,216,177" oya="1" hai0="30,14,55,132,33,98,32,22,81,117,112,47,65" hai1="82,90,123,45,9,135,74,60,109,88,103,2,3" hai2="19,118,119,46,12,61,4,91,73,115,44,48,75" hai3="80,111,121,17,70,68,6,42,101,99,62,40,104"/><U71/><E123/><V16/><F4/><W69/><G121/><T67/><D112/><U122/><E122/><V63/><F91/><W64/><G111/><T41/><D117/><U1/><E135/><V78/><F48/><W31/><G6/><T27/><D55/><U52/><E103/><V66/><F12/><W24/><G17/><T87/><D98/><U76/><E109/><V113/><F78/><W0/><G80/><T134/><D67/><AGARI ba="1,0" hai="16,19,44,46,61,63,66,67,73,75,113,115,118,119" machi="67" ten="25,8000,1" yaku="22,2,52,2,54,1" doraHai="105" who="2" fromWho="0" sc="342,-83,265,0,216,83,177,0" /><INIT seed="2,0,0,1,0,37" ten="259,265,299,177" oya="2" hai0="23,122,56,112,10,26,66,42,92,68,69,121,97" hai1="81,91,46,28,77,43,36,113,71,114,62,6,13" hai2="51,27,39,132,104,135,40,82,38,106,90,70,89" hai3="50,80,57,101,60,120,124,16,17,76,105,11,125"/><V55/><F70/><W116/><G116/><T78/><D112/><U4/><E91/><N who="2" m="34827" /><F82/><W8/><G120/><T45/><D78/><U72/><E28/><V117/><F27/><W64/><G101/><T85/><D85/><U96/><E96/><V107/><F117/><W52/><G105/><T79/><D79/><U20/><E20/><V58/><F40/><W115/><G115/><T98/><D68/><U133/><E133/><AGARI ba="0,0" hai="38,39,51,55,58,104,106,107,132,133,135" m="34827" machi="133" ten="40,2000,0" yaku="20,1" doraHai="37" who="2" fromWho="1" sc="259,0,265,-20,299,20,177,0" /><INIT seed="2,1,0,0,5,83" ten="259,245,319,177" oya="2" hai0="45,80,46,18,31,22,44,56,124,135,84,91,60" hai1="52,37,73,36,75,77,107,110,26,65,133,125,78" hai2="13,8,88,103,4,12,114,94,16,51,58,108,17" hai3="111,11,32,130,68,121,109,48,102,118,40,112,2"/><V120/><F114/><W99/><G112/><T101/><D124/><U3/><E107/><V98/><F120/><W25/><G121/><T5/><D135/><U19/><E3/><V70/><F70/><W64/><G118/><T38/><D5/><U30/><E65/><V28/><F108/><W113/><G113/><T126/><D126/><U33/><E125/><V100/><F28/><W104/><G130/><T134/><D134/><U117/><E117/><V1/><F1/><W14/><G40/><T49/><D38/><U10/><E133/><V15/><F15/><W9/><G48/><T61/><D101/><N who="2" m="38986" /><F12/><W67/><G67/><T7/><D7/><U97/><E110/><N who="3" m="41994" /><G14/><N who="0" m="9559" /><D31/><U81/><E10/><V129/><F129/><W74/><G74/><T122/><D122/><U72/><E19/><V116/><F116/><W106/><G106/><T55/><AGARI ba="1,0" hai="44,45,46,49,55,56,60,61,80,84,91" m="9559" machi="55" ten="30,2000,0" yaku="8,1,52,1" doraHai="83" who="0" fromWho="0" sc="259,23,245,-6,319,-11,177,-6" /><INIT seed="3,0,0,3,2,34" ten="282,239,308,171" oya="3" hai0="28,59,5,3,132,74,95,121,108,38,58,48,19" hai1="36,134,101,10,92,27,119,99,126,85,70,130,60" hai2="25,22,47,17,53,31,37,65,24,68,133,44,46" hai3="106,61,62,16,115,29,131,117,88,129,71,97,21"/><W81/><G115/><T45/><D38/><U93/><E36/><V66/><F37/><W63/><G117/><T26/><D74/><U73/><E119/><V14/><F133/><W75/><G29/><T112/><D121/><U12/><E134/><V49/><F25/><W78/><G71/><T32/><D132/><U56/><E73/><V67/><REACH who="2" step="1"/><F68/><REACH who="2" ten="282,239,298,171" step="2"/><W13/><REACH who="3" step="1"/><G88/><REACH who="3" ten="282,239,298,161" step="2"/><T1/><D112/><U64/><E70/><V109/><F109/><W11/><G11/><AGARI ba="0,2" hai="11,14,17,22,24,31,44,46,47,49,53,65,66,67" machi="11" ten="40,2600,0" yaku="1,1,8,1,53,0" doraHai="34" doraHaiUra="77" who="2" fromWho="3" sc="282,0,239,0,298,46,161,-26" owari="282,8.2,239,-16.1,344,44.4,135,-36.5" /></mjloggm>