<mjloggm ver="2.3"><GO type="225" lobby="0"/><UN n0="%E3%81%99%E3%81%84%E3%81%BE%E3%81%9B%E3%83%BC%E3%82%93" n1="%33%74%72%65%65" n2="%E6%B4%BE%E9%81%A3%E3%81%AE%E3%82%B8%E3%83%A3%E3%83%83%E3%82%AF" n3="%48%61%61%61%6C%61%6E%64" dan="18,16,17,18" rate="2178.65,2124.89,2194.04,2213.69" sx="M,F,M,M"/><TAIKYOKU oya="0"/><INIT seed="0,0,0,5,3,27" ten="250,250,250,250" oya="0" hai0="67,104,53,56,98,11,52,69,20,122,94,103,93" hai1="127,124,117,25,7,42,66,99,107,51,36,108,18" hai2="44,6,87,37,82,3,15,64,96,55,77,75,34" hai3="4,100,1,16,2,90,83,116,32,110,8,74,70"/><T17/><D122/><U132/><E117/><V0/><F64/><W45/><G116/><T118/><D118/><U119/><E119/><V80/><F34/><W22/><G70/><T76/><D76/><U29/><E108/><V126/><F126/><N who="1" m="48169" /><E132/><V28/><F96/><W111/><G32/><T131/><D131/><U71/><E7/><V14/><F28/><W43/><G100/><T125/><D125/><U10/><E36/><V133/><F133/><W85/><G2/><T109/><D109/><U13/><E66/><V23/><F55/><W121/><G74/><T79/><D79/><U61/><E61/><V84/><F23/><W86/><G86/><N who="2" m="32809" /><F80/><W97/><G97/><T47/><D11/><U12/><E71/><V33/><F33/><W24/><REACH who="3" step="1"/><G121/><REACH who="3" ten="250,250,250,240" step="2"/><T65/><D69/><U5/><E99/><V89/><F3/><W40/><G40/><T30/><D98/><U57/><E42/><N who="2" m="22607" /><F89/><W68/><G68/><T35/><D35/><U21/><E107/><V49/><F0/><W60/><G60/><T135/><D104/><U72/><E72/><V46/><F75/><W31/><G31/><T62/><D30/><U128/><E29/><V114/><F114/><W50/><AGARI ba="0,1" hai="1,4,8,16,22,24,43,45,50,83,85,90,110,111" machi="50" ten="30,4000,0" yaku="1,1,0,1,54,1,53,0" doraHai="27" doraHaiUra="58" who="3" fromWho="3" sc="250,-20,250,-10,250,-10,240,50" /><INIT seed="1,0,0,2,2,73" ten="230,240,240,290" oya="1" hai0="134,23,127,129,67,105,102,93,97,40,33,87,111" hai1="20,110,50,52,53,37,27,120,77,126,15,95,58" hai2="122,84,76,25,75,5,85,69,88,61,47,92,63" hai3="116,132,109,36,94,39,0,64,117,46,48,24,79"/><U11/><E120/><V135/><F122/><W4/><G109/><T43/><D33/><U113/><E113/><V65/><F135/><W112/><G112/><T86/><D134/><U18/><E110/><V123/><F123/><W98/><G132/><T104/><D111/><U10/><E126/><V17/><F5/><W12/><G0/><T22/><D127/><U2/><E37/><V103/><F103/><W55/><G64/><T99/><D129/><U106/><E106/><V131/><F131/><W128/><G128/><T68/><D67/><U101/><E2/><V3/><F3/><W108/><G108/><T118/><D102/><U82/><E53/><V21/><F47/><W29/><G79/><T72/><D93/><U80/><E77/><V49/><F49/><W74/><G74/><T81/><D72/><U32/><E32/><V16/><F63/><W44/><G12/><T51/><D81/><U130/><E130/><V115/><F115/><W38/><G4/><T30/><D30/><U9/><REACH who="1" step="1"/><E15/><REACH who="1" ten="230,230,240,290" step="2"/><V6/><F75/><W26/><G36/><T114/><D114/><U78/><E78/><V34/><F34/><W66/><G38/><T14/><D14/><U62/><E62/><V83/><F6/><W35/><G39/><T133/><D133/><U42/><E42/><V91/><F76/><W124/><G124/><T59/><D105/><U70/><E70/><V31/><AGARI ba="0,1" hai="16,17,21,25,31,61,65,69,83,84,85,88,91,92" machi="31" ten="20,5200,0" yaku="0,1,7,1,54,2" doraHai="73" who="2" fromWho="2" sc="230,-13,230,-26,240,62,290,-13" /><INIT seed="2,0,0,3,3,129" ten="217,204,302,277" oya="2" hai0="16,81,67,21,103,52,90,49,42,40,135,112,88" hai1="30,132,72,100,126,107,75,58,119,96,15,77,87" hai2="9,59,6,38,60,56,25,93,105,85,116,122,18" hai3="35,131,97,110,14,63,125,23,29,62,34,7,37"/><V5/><F105/><W31/><G37/><T74/><D112/><U66/><E119/><V2/><F38/><W43/><G43/><N who="0" m="16427" /><D74/><U69/><E69/><V12/><F116/><W61/><G131/><T133/><D67/><U82/><E126/><V99/><F122/><W70/><G125/><T28/><D28/><N who="3" m="10825" /><G34/><T115/><D103/><U91/><E30/><V48/><F25/><W20/><G35/><T53/><D115/><U84/><E132/><N who="0" m="50761" /><D81/><U89/><E15/><V65/><F85/><W45/><G14/><N who="0" m="9367" /><D52/><U1/><E66/><V46/><F2/><W86/><G70/><T108/><D108/><U83/><E58/><AGARI ba="0,0" hai="49,53,58,88,90" m="9367,50761,16427" machi="58" ten="30,12000,2" yaku="20,1,52,3,54,2" doraHai="129" who="0" fromWho="1" sc="217,120,204,-120,302,0,277,0" /><INIT seed="3,0,0,1,3,13" ten="337,84,302,277" oya="3" hai0="63,22,4,77,68,135,53,111,116,113,60,36,7" hai1="97,112,46,17,50,15,98,35,27,101,20,124,29" hai2="89,117,84,21,3,82,74,81,128,119,5,95,83" hai3="66,43,26,69,94,71,123,87,44,129,55,30,134"/><W122/><G129/><T49/><D36/><U110/><E124/><V105/><F3/><W48/><G134/><T73/><D68/><U106/><E110/><V38/><F38/><W114/><G114/><T130/><D116/><U33/><E112/><V132/><F5/><W8/><G8/><T2/><D2/><U100/><E15/><V52/><F105/><W37/><G94/><T9/><D9/><U42/><E33/><V10/><F10/><W18/><G87/><T115/><D111/><U103/><E103/><V62/><F128/><W65/><G18/><T41/><D135/><U107/><E35/><V54/><F132/><W47/><G26/><T133/><D133/><U121/><E121/><N who="3" m="46090" /><G30/><T51/><D130/><U57/><E57/><V92/><F74/><W32/><G32/><T75/><D77/><U99/><E99/><V125/><F125/><W39/><G39/><T34/><D34/><U70/><E70/><AGARI ba="0,0" hai="37,43,44,47,48,55,65,66,69,70,71" m="46090" machi="70" ten="30,2900,0" yaku="34,2" doraHai="13" who="3" fromWho="1" sc="337,0,84,-29,302,0,277,29" /><INIT seed="3,1,0,5,1,25" ten="337,55,302,306" oya="3" hai0="11,50,128,13,39,97,116,92,51,71,119,107,60" hai1="113,133,124,96,54,8,6,95,99,14,98,108,10" hai2="131,103,9,114,86,48,59,101,90,5,30,23,126" hai3="115,44,122,105,69,12,22,66,31,63,70,93,129"/><W83/><G105/><T74/><D39/><U61/><E113/><V106/><F114/><W29/><G115/><T20/><D107/><U72/><E72/><V84/><F126/><W42/><G122/><T40/><D74/><U3/><E108/><V79/><F131/><W53/><G129/><T127/><D128/><U37/><E37/><V117/><F117/><W91/><G70/><T94/><D127/><U55/><E133/><V81/><F106/><W58/><G83/><T1/><D1/><U75/><E75/><V26/><F59/><W135/><G135/><T15/><D40/><U125/><E95/><V121/><F121/><W45/><G69/><T0/><D0/><U77/><E77/><V2/><REACH who="2" step="1"/><F48/><REACH who="2" ten="337,55,292,306" step="2"/><N who="3" m="26647" /><G66/><T85/><D116/><U68/><E125/><V123/><F123/><W36/><G36/><T132/><D132/><U88/><E124/><V100/><F100/><W32/><G45/><T16/><D119/><U56/><E68/><V49/><F49/><W18/><G32/><T89/><D71/><U109/><E109/><V46/><F46/><W102/><G102/><N who="0" m="60711" /><D60/><U7/><E61/><V47/><F47/><W24/><G24/><T134/><D134/><U19/><E56/><V64/><F64/><W80/><G80/><AGARI ba="1,1" hai="2,5,9,23,26,30,79,80,81,84,86,90,101,103" machi="80" ten="30,3900,0" yaku="1,1,7,1,52,1,53,0" doraHai="25" doraHaiUra="130" who="2" fromWho="3" sc="337,0,55,0,292,52,306,-42" owari="337,13.7,55,-44.5,344,44.4,264,-13.6" /></mjloggm>