<mjloggm ver="2.3"><GO type="225" lobby="0"/><UN n0="%E5%AF%82%E5%AF%9E%E3%82%AE%E3%83%8D%E3%82%B9%E3%83%93%E3%83%BC%E3%83%AB" n1="%72%61%6B%33" n2="%E3%82%B7%E3%83%B3%E5%A4%AA%E6%9C%97" n3="%6D%75%75%6D%75%72%61" dan="16,18,16,16" rate="2141.41,2202.20,2116.38,2185.30" sx="M,M,M,F"/><TAIKYOKU oya="0"/><INIT seed="0,0,0,3,5,80" ten="250,250,250,250" oya="0" hai0="102,85,11,90,98,69,74,125,128,63,36,67,131" hai1="57,58,18,61,38,124,45,88,134,40,16,113,20" hai2="82,89,2,53,79,27,123,100,19,99,62,112,130" hai3="47,6,126,41,109,93,22,101,91,71,33,87,116"/><T4/><D74/><U65/><E124/><V103/><F130/><N who="0" m="49706" /><D36/><U30/><E134/><V120/><F112/><W84/><G33/><T83/><D125/><U29/><E113/><V129/><F2/><W51/><G126/><T132/><D132/><U117/><E117/><V70/><F129/><W10/><G71/><T12/><D98/><U52/><E88/><V56/><F70/><W21/><G116/><T44/><D44/><U60/><REACH who="1" step="1"/><E18/><REACH who="1" ten="250,240,250,250" step="2"/><V54/><F89/><N who="3" m="53415" /><G101/><AGARI ba="0,1" hai="4,11,12,63,67,69,83,85,90,101,102" m="49706" machi="101" ten="30,2900,0" yaku="19,1,52,1" doraHai="80" who="0" fromWho="3" sc="250,39,240,0,250,0,250,-29" /><INIT seed="0,1,0,0,0,115" ten="289,240,250,221" oya="0" hai0="73,119,24,19,31,121,11,84,5,57,123,110,23" hai1="25,100,22,53,1,77,20,14,41,21,134,97,4" hai2="30,101,42,125,113,82,116,48,3,37,17,94,120" hai3="60,95,106,12,86,128,33,98,62,108,99,50,58"/><T117/><D73/><U89/><E134/><V68/><F94/><W56/><G128/><T28/><D84/><U55/><E1/><V91/><F91/><W6/><G33/><T7/><D57/><U46/><E25/><V122/><F82/><W129/><G108/><T80/><D80/><U87/><E77/><V102/><F48/><W126/><G126/><T66/><D66/><U76/><E76/><V32/><F42/><W85/><G106/><T65/><D65/><U109/><E109/><V38/><F17/><W78/><G129/><T2/><D5/><U71/><E71/><V131/><F30/><N who="0" m="11306" /><D110/><U83/><E14/><V70/><F3/><W127/><G127/><T96/><D96/><N who="3" m="36905" /><G78/><T35/><D35/><U90/><E90/><V9/><F131/><W105/><G105/><T64/><D64/><U74/><E4/><V16/><F125/><W10/><G95/><T8/><D8/><U112/><E74/><V124/><F9/><W93/><G58/><T15/><D2/><U79/><E79/><V111/><F124/><W107/><G107/><T133/><D133/><U44/><E112/><V52/><F113/><W34/><G34/><T51/><D51/><N who="1" m="27023" /><E46/><V130/><F130/><W59/><G59/><T88/><D88/><N who="1" m="51327" /><E100/><V49/><F102/><W0/><G0/><T26/><D26/><U81/><E81/><V118/><F101/><W40/><G93/><AGARI ba="1,0" hai="20,21,22,53,55,89,93,97" m="51327,27023" machi="93" ten="30,2000,0" yaku="8,1,54,1" doraHai="115" who="1" fromWho="3" sc="289,0,240,23,250,0,221,-23" /><INIT seed="1,0,0,4,4,91" ten="289,263,250,198" oya="1" hai0="128,133,104,106,89,123,116,44,66,26,94,135,78" hai1="25,58,96,54,55,20,32,45,30,80,81,77,111" hai2="19,120,109,29,7,4,113,40,63,52,12,87,103" hai3="84,24,82,97,121,69,70,46,67,62,101,85,11"/><U9/><E111/><V72/><F72/><W10/><G121/><T38/><D116/><U99/><E32/><V42/><F120/><W71/><G46/><T132/><D123/><U108/><E108/><V114/><F109/><W122/><G122/><T43/><D128/><U13/><E45/><V14/><F103/><W92/><G24/><T119/><D119/><U15/><E15/><V36/><F29/><W126/><G126/><T102/><D102/><U118/><E118/><V61/><F87/><W100/><G100/><T22/><D66/><U2/><E2/><V47/><F40/><W41/><G41/><T50/><D78/><U129/><E129/><V1/><F1/><W33/><G33/><T75/><D75/><U21/><E21/><V49/><F63/><W73/><G73/><T107/><D38/><U35/><E35/><V59/><F36/><W131/><G84/><N who="0" m="52519" /><D107/><U57/><E57/><V65/><F65/><W51/><G51/><T18/><AGARI ba="0,0" hai="18,22,26,43,44,50,104,106,132,133,135" m="52519" machi="18" ten="30,2000,0" yaku="20,1,52,1" doraHai="91" who="0" fromWho="0" sc="289,20,263,-10,250,-5,198,-5" /><INIT seed="2,0,0,4,5,121" ten="309,253,245,193" oya="2" hai0="27,12,125,93,68,19,104,69,47,95,16,48,56" hai1="113,50,134,92,130,74,108,122,59,99,1,11,24" hai2="34,60,32,89,100,15,0,70,20,111,42,97,94" hai3="31,84,46,77,51,53,49,29,107,124,87,10,62"/><V33/><F0/><W39/><G107/><T98/><D104/><U65/><E74/><V25/><F42/><W3/><G39/><T82/><D125/><U101/><E113/><V45/><F45/><W129/><G124/><T117/><D56/><U18/><E130/><V88/><F15/><W119/><G119/><T81/><D68/><U22/><E134/><V30/><REACH who="2" step="1"/><F111/><REACH who="2" ten="309,253,235,193" step="2"/><W55/><G129/><T63/><D12/><U83/><E108/><V72/><F72/><W5/><G77/><T40/><D47/><U14/><E1/><V58/><F58/><W105/><G3/><T78/><D40/><U44/><E59/><V35/><N who="2" m="8192" /><DORA hai="76" /><V2/><F2/><W28/><G46/><T126/><D78/><U21/><E14/><V86/><F86/><W79/><G87/><T38/><D69/><U110/><E110/><V54/><F54/><W131/><G131/><T91/><D117/><U103/><E44/><V66/><AGARI ba="0,1" hai="20,25,30,60,66,70,88,89,94,97,100" m="8192" machi="66" ten="60,11700,0" yaku="1,1,0,1,54,1,53,0" doraHai="121,76" doraHaiUra="133,43" who="2" fromWho="2" sc="309,-39,253,-39,235,127,193,-39" /><INIT seed="2,1,0,4,4,20" ten="270,214,362,154" oya="2" hai0="14,33,0,9,21,124,100,131,92,46,76,95,126" hai1="84,96,72,31,116,112,29,135,43,71,62,74,40" hai2="19,13,67,130,63,93,11,41,24,103,37,25,86" hai3="107,66,77,79,81,91,122,35,56,102,75,22,52"/><V45/><F130/><W55/><G35/><T129/><D76/><U87/><E62/><V32/><F32/><W82/><G122/><T105/><D33/><U117/><E96/><V50/><F37/><W132/><G132/><T30/><D105/><U121/><E71/><V80/><F93/><N who="0" m="35914" /><D100/><U89/><E89/><V127/><F103/><W23/><G91/><T2/><D46/><U15/><E15/><V65/><F127/><N who="0" m="48682" /><D21/><U17/><E17/><V118/><F118/><W111/><G111/><T28/><D14/><U120/><REACH who="1" step="1"/><E135/><REACH who="1" ten="270,204,362,154" step="2"/><V4/><F19/><W38/><G102/><T3/><D9/><U51/><E51/><V109/><F109/><W113/><G38/><T44/><D44/><U57/><E57/><N who="2" m="37103" /><F67/><W42/><G66/><T88/><D88/><AGARI ba="1,1" hai="4,11,13,24,25,41,45,50,80,86,88" m="37103" machi="88" ten="30,11600,0" yaku="8,1,52,2,54,1" doraHai="20" who="2" fromWho="0" sc="270,-119,204,0,362,129,154,0" /><INIT seed="2,2,0,3,1,85" ten="151,204,491,154" oya="2" hai0="75,27,62,39,108,20,4,42,113,36,5,69,84" hai1="132,35,14,58,47,104,78,105,0,118,48,68,59" hai2="125,44,21,38,10,110,74,103,95,98,135,92,80" hai3="122,67,60,65,70,22,13,53,15,126,81,18,40"/><V25/><F135/><W37/><G122/><T120/><D75/><U16/><E0/><V131/><F131/><W115/><G126/><T52/><D113/><U32/><E68/><V124/><F110/><W83/><G115/><T19/><D120/><U107/><E118/><V91/><F10/><W112/><G112/><T24/><D108/><U114/><E78/><V34/><F34/><W111/><G111/><T121/><D121/><U46/><E132/><V117/><F117/><W7/><G65/><T50/><D27/><U123/><E46/><V100/><F100/><W33/><G33/><T102/><D102/><U71/><E71/><V45/><F80/><W57/><G40/><T106/><D106/><U119/><E119/><V30/><F74/><W56/><G37/><T101/><D101/><U73/><E73/><V90/><F103/><W8/><REACH who="3" step="1"/><G70/><REACH who="3" ten="151,204,491,144" step="2"/><T11/><D42/><U9/><E123/><V51/><F38/><W6/><G6/><T87/><D4/><U99/><E32/><V63/><F125/><W1/><G1/><T55/><D39/><U88/><E35/><V61/><F124/><W41/><G41/><T66/><D36/><U17/><E114/><V134/><F134/><W72/><G72/><T28/><D55/><N who="1" m="30111" /><E107/><V130/><F130/><W3/><G3/><T26/><D5/><N who="1" m="3375" /><E105/><V29/><F45/><W64/><G64/><T79/><D66/><U77/><E104/><V127/><F127/><W12/><G12/><T43/><D69/><U89/><E77/><V94/><F44/><W128/><G128/><T49/><D79/><U133/><E133/><RYUUKYOKU ba="2,1" sc="151,-10,204,-10,491,-10,144,30" hai3="7,8,13,15,18,22,53,56,57,60,67,81,83" /><INIT seed="3,3,1,2,4,38" ten="141,194,481,174" oya="3" hai0="18,54,8,116,60,73,85,17,21,26,45,6,102" hai1="20,59,105,36,108,79,84,22,133,71,96,44,82" hai2="67,4,129,39,35,104,134,107,75,95,11,27,97" hai3="51,90,106,131,29,7,127,30,55,31,120,117,47"/><W58/><G117/><T100/><D73/><U69/><E59/><V88/><F39/><W70/><G120/><T114/><D116/><U66/><E66/><V99/><F75/><W25/><G70/><T92/><D114/><U50/><E36/><V56/><F129/><W126/><G131/><T77/><D18/><U89/><E108/><V9/><F134/><W57/><G106/><T13/><D60/><U112/><E20/><V2/><F11/><W49/><G7/><T14/><D26/><U101/><E112/><V94/><F67/><W121/><G121/><T33/><D33/><U19/><E79/><V43/><F43/><N who="3" m="24831" /><G25/><T16/><D6/><U61/><E61/><V113/><F113/><W40/><G40/><T103/><D77/><U135/><E135/><V10/><F107/><W5/><G5/><T65/><D65/><U62/><E62/><V128/><F104/><W83/><G57/><T34/><D34/><U41/><E133/><V37/><F37/><W3/><G3/><T23/><D8/><U52/><E41/><V122/><F128/><W76/><G76/><T72/><D72/><U1/><E1/><V46/><F56/><W119/><G119/><T63/><D63/><U32/><E32/><V130/><F122/><W74/><G74/><T98/><D85/><U118/><E118/><V68/><F130/><W132/><G132/><T81/><D81/><U53/><E53/><V87/><F68/><W110/><G110/><T80/><D80/><U115/><E115/><V64/><F2/><W15/><G15/><AGARI ba="3,1" hai="15,19,22,44,50,52,69,71,82,84,89,96,101,105" machi="15" ten="30,2000,0" yaku="7,1,54,1" doraHai="38" who="1" fromWho="3" sc="141,0,194,39,481,0,174,-29" owari="141,-35.9,233,3.3,481,58.1,145,-25.5" /></mjloggm>