<mjloggm ver="2.3"><GO type="225" lobby="0"/><UN n0="%6D%75%75%6D%75%72%61" n1="%E3%81%86%E3%83%BC%E3%81%B1%E3%83%BC" n2="%30%2E%31%32%30" n3="%E3%81%82%E3%81%99%E3%81%AB%E3%82%83%E3%82%80" dan="17,17,16,16" rate="2203.80,2208.07,2107.83,2123.07" sx="F,F,M,F"/><TAIKYOKU oya="0"/><INIT seed="0,0,0,3,1,0" ten="250,250,250,250" oya="0" hai0="23,111,56,74,130,126,80,119,42,85,28,7,61" hai1="58,83,79,105,25,72,106,86,112,115,120,116,26" hai2="127,82,117,93,73,68,40,62,97,78,10,55,17" hai3="37,59,54,94,4,129,107,60,29,15,20,109,99"/><T48/><D119/><U122/><E116/><V16/><F127/><W108/><G37/><T92/><D74/><U84/><E58/><V5/><F117/><W95/><G129/><T19/><D130/><U100/><E25/><V64/><F40/><W50/><G107/><N who="1" m="40970" /><E100/><V24/><F55/><W9/><G60/><T88/><D126/><U104/><N who="1" m="40978" /><U22/><DORA hai="47" /><E22/><V135/><F24/><N who="3" m="16519" /><G99/><T41/><D28/><U65/><E65/><V103/><REACH who="2" step="1"/><F135/><REACH who="2" ten="250,250,240,250" step="2"/><W11/><G11/><T124/><D124/><U118/><E26/><V39/><F39/><W57/><G57/><T44/><D56/><U101/><E118/><V1/><AGARI ba="0,1" hai="1,5,10,16,17,62,64,68,73,78,82,93,97,103" machi="1" ten="20,8000,1" yaku="1,1,0,1,7,1,52,1,54,1,53,0" doraHai="0,47" doraHaiUra="45,102" who="2" fromWho="2" sc="250,-40,250,-20,240,90,250,-20" /><INIT seed="1,0,0,4,2,37" ten="210,230,330,230" oya="1" hai0="65,34,133,77,116,46,92,48,40,93,79,114,113" hai1="25,70,63,24,38,18,83,49,42,58,55,51,22" hai2="91,135,27,43,78,96,99,122,115,1,73,131,68" hai3="4,119,117,9,129,64,28,132,52,47,44,123,100"/><U130/><E130/><V108/><F68/><W94/><G123/><T45/><D116/><N who="3" m="44617" /><G129/><T33/><D133/><U31/><E70/><V106/><F1/><W109/><G109/><T21/><D21/><N who="1" m="15759" /><E38/><V81/><F122/><W87/><G132/><T67/><REACH who="0" step="1"/><D48/><REACH who="0" ten="200,230,330,230" step="2"/><N who="1" m="18507" /><E83/><V5/><F81/><W101/><G44/><T6/><D6/><U128/><E128/><V53/><F5/><W69/><G47/><T26/><D26/><U16/><E42/><AGARI ba="0,1" hai="33,34,40,42,45,46,65,67,77,79,92,93,113,114" machi="42" ten="25,8000,1" yaku="1,1,22,2,52,2,53,0" doraHai="37" doraHaiUra="10" who="0" fromWho="1" sc="200,90,230,-80,330,0,230,0" /><INIT seed="2,0,0,1,5,93" ten="290,150,330,230" oya="2" hai0="7,96,117,12,28,103,81,77,26,52,22,46,101" hai1="123,79,51,23,37,25,53,112,133,1,9,39,16" hai2="10,3,36,99,70,58,40,38,30,64,122,121,66" hai3="24,104,80,13,31,84,69,95,44,98,11,76,100"/><V125/><F125/><W8/><G69/><T4/><D117/><U86/><E112/><V43/><F30/><W57/><G57/><T68/><D68/><U0/><E133/><V116/><F3/><W6/><G11/><T134/><D134/><U60/><E123/><V5/><F10/><W130/><G130/><T128/><D128/><U56/><E1/><V14/><F14/><W2/><G44/><T126/><D126/><U33/><E33/><V29/><F29/><W55/><G55/><T113/><D113/><U109/><E109/><V114/><F5/><W63/><G63/><T105/><D101/><U19/><E79/><V102/><F102/><W72/><G2/><T115/><D115/><U97/><E86/><V131/><F70/><W94/><REACH who="3" step="1"/><G72/><REACH who="3" ten="290,150,330,220" step="2"/><T119/><D52/><U92/><E51/><V132/><F114/><W62/><G62/><T50/><D50/><U111/><E111/><V120/><F120/><W118/><G118/><T85/><D119/><U20/><E9/><V47/><F121/><W41/><G41/><T75/><D46/><U87/><E0/><V78/><F122/><W45/><G45/><T27/><D4/><U15/><REACH who="1" step="1"/><E87/><REACH who="1" ten="290,140,330,220" step="2"/><V21/><F116/><W135/><G135/><T83/><D85/><U59/><E59/><V49/><F58/><W108/><G108/><T73/><D73/><U74/><E74/><V110/><F110/><W32/><AGARI ba="0,2" hai="6,8,13,24,31,32,76,80,84,94,95,98,100,104" machi="32" ten="20,5200,0" yaku="1,1,0,1,7,1,52,1,53,0" doraHai="93" doraHaiUra="124" who="3" fromWho="3" sc="290,-13,140,-13,330,-26,220,72" /><INIT seed="3,0,0,4,4,100" ten="277,127,304,292" oya="3" hai0="74,83,99,59,91,38,12,46,60,79,23,82,26" hai1="118,30,25,9,22,121,128,42,35,97,80,53,111" hai2="132,96,105,107,119,114,135,66,134,93,86,102,61" hai3="20,2,115,101,11,112,41,85,48,5,127,72,78"/><W131/><G72/><T43/><D12/><U110/><E121/><V65/><F114/><W0/><G131/><T15/><D15/><U19/><E128/><V64/><F119/><W63/><G101/><T27/><D82/><U31/><E118/><V47/><F61/><W28/><G127/><T13/><D13/><U88/><E42/><V33/><F33/><W18/><G28/><T94/><REACH who="0" step="1"/><D23/><REACH who="0" ten="267,127,304,292" step="2"/><U58/><E9/><V24/><F24/><W70/><G115/><T77/><D77/><U73/><E35/><V1/><F1/><W76/><G112/><T52/><AGARI ba="0,1" hai="26,27,38,43,46,52,59,60,74,79,83,91,94,99" machi="52" ten="20,5200,0" yaku="1,1,0,1,7,1,54,1,53,0" doraHai="100" doraHaiUra="117" who="0" fromWho="0" sc="267,62,127,-13,304,-13,292,-26" owari="329,42.9,114,-38.6,291,9.1,266,-13.4" /></mjloggm>