<mjloggm ver="2.3"><GO type="225" lobby="0"/><UN n0="%74%61%6B%75%61%6B%61" n1="%E6%B8%A9%E2%98%85%E6%83%85%E2%98%85%E6%8E%AA%E2%98%85%E7%BD%AE" n2="%E5%8D%A0%E3%81%84%E5%B8%AB%E8%A3%8F%E3%81%AA%E3%81%84%E3%81%97" n3="%E3%81%B5%E3%81%98%E3%81%8B%E3%81%A4" dan="16,17,16,16" rate="2152.23,2223.56,2165.90,2207.93" sx="M,M,M,M"/><TAIKYOKU oya="0"/><INIT seed="0,0,0,1,3,73" ten="250,250,250,250" oya="0" hai0="36,25,16,115,57,53,91,26,76,11,30,94,67" hai1="135,99,56,41,50,98,65,2,29,124,49,101,59" hai2="82,133,14,132,33,77,47,66,106,63,71,110,129" hai3="112,68,42,61,72,5,134,35,64,79,126,78,20"/><T117/><D117/><U7/><E135/><N who="2" m="51787" /><F110/><W105/><G134/><T83/><D115/><U48/><E124/><V80/><F80/><W84/><G105/><T81/><D36/><U107/><E41/><V62/><F106/><W6/><G112/><T51/><D67/><U120/><E120/><V52/><F129/><W21/><G35/><T19/><D11/><U108/><E108/><V22/><F33/><W123/><G72/><T3/><D3/><U0/><E29/><V74/><F14/><W118/><G118/><T97/><D83/><U103/><E65/><N who="2" m="41399" /><F22/><N who="3" m="8811" /><G68/><T127/><D127/><U32/><E32/><V102/><F102/><W39/><G39/><T44/><D44/><U86/><E7/><N who="3" m="2570" /><G126/><T8/><D30/><U111/><E111/><V92/><F92/><W104/><G104/><T27/><REACH who="0" step="1"/><D8/><REACH who="0" ten="240,250,250,250" step="2"/><U43/><E0/><V125/><F125/><W88/><G123/><T23/><D23/><U28/><E2/><V45/><F66/><W40/><G64/><T93/><D93/><N who="1" m="58575" /><E28/><V113/><F113/><W34/><G34/><T46/><D46/><N who="1" m="25695" /><E59/><AGARI ba="0,1" hai="45,47,52,59,63,74,77,82" m="41399,51787" machi="59" ten="30,3900,0" yaku="20,1,52,1,54,1" doraHai="73" who="2" fromWho="1" sc="240,0,250,-39,250,49,250,0" /><INIT seed="1,0,0,4,2,117" ten="240,211,299,250" oya="1" hai0="127,72,32,22,119,89,66,133,132,33,114,135,53" hai1="84,54,90,80,65,49,113,17,42,68,19,56,83" hai2="79,45,118,93,107,0,81,28,46,60,95,110,48" hai3="106,15,97,124,77,130,43,21,98,52,14,86,101"/><U25/><E113/><V10/><F118/><W34/><G34/><T16/><D119/><U87/><E42/><V64/><F107/><W128/><G43/><T75/><D114/><U82/><E68/><V67/><F110/><W115/><G115/><T50/><D66/><U7/><E7/><V104/><F104/><W121/><G124/><T58/><D127/><U13/><E65/><V92/><F28/><W40/><G40/><T99/><D99/><U91/><E25/><V44/><F64/><W2/><G2/><T69/><D89/><U51/><E83/><V31/><F31/><W73/><G121/><T1/><D1/><U123/><E123/><V62/><F48/><W100/><G21/><T30/><D30/><U36/><E36/><V61/><F0/><W23/><G52/><T59/><D59/><U131/><E131/><N who="3" m="50218" /><G73/><N who="0" m="28235" /><D69/><U3/><E3/><V129/><F129/><W12/><G23/><T4/><D4/><U120/><E120/><V20/><F20/><W109/><G109/><T96/><D96/><N who="3" m="36969" /><G106/><T55/><D55/><U35/><E35/><V111/><F111/><W94/><G94/><T71/><D71/><U18/><REACH who="1" step="1"/><E51/><REACH who="1" ten="240,201,299,250" step="2"/><V74/><F67/><W125/><G125/><T26/><AGARI ba="0,1" hai="16,22,26,32,33,50,53,58,132,133,135" m="28235" machi="26" ten="40,2700,0" yaku="20,1,54,1" doraHai="117" who="0" fromWho="0" sc="240,37,201,-13,299,-7,250,-7" /><INIT seed="2,0,0,3,5,110" ten="277,188,292,243" oya="2" hai0="123,57,13,72,21,95,48,104,40,20,2,120,30" hai1="51,113,69,135,23,122,77,39,61,18,90,131,88" hai2="4,70,38,19,80,127,91,17,119,114,50,47,94" hai3="60,42,98,29,84,87,12,125,129,52,55,81,128"/><V101/><F119/><W134/><G125/><T1/><D104/><U103/><E113/><V35/><F38/><W14/><G42/><T28/><D72/><U64/><E39/><V22/><F35/><W93/><G29/><N who="0" m="11371" /><D95/><U63/><E135/><V102/><F70/><W117/><G134/><T124/><D57/><U33/><E33/><V44/><F4/><W126/><G126/><T82/><D82/><U54/><E131/><N who="3" m="50250" /><G117/><T6/><D48/><U0/><E0/><N who="0" m="105" /><D40/><U78/><E122/><N who="0" m="46633" /><D124/><U16/><E103/><V8/><F80/><W112/><G112/><T100/><D100/><U26/><E18/><V92/><F114/><W108/><G108/><T62/><D62/><U115/><E115/><V46/><F127/><W15/><G60/><T130/><D130/><U37/><E37/><V49/><F101/><N who="3" m="60623" /><G87/><T121/><D121/><U7/><E7/><V56/><F102/><W25/><G25/><T132/><D132/><U10/><E63/><V116/><F49/><W11/><G11/><AGARI ba="0,0" hai="6,11,13,20,21" m="46633,105,11371" machi="11" ten="40,2600,0" yaku="34,2" doraHai="110" who="0" fromWho="3" sc="277,26,188,0,292,0,243,-26" /><INIT seed="3,0,0,2,5,71" ten="303,188,292,217" oya="3" hai0="128,86,129,105,69,67,48,91,123,70,73,59,43" hai1="30,104,45,46,78,22,4,118,5,68,65,26,107" hai2="49,72,96,77,28,64,133,94,51,112,9,40,90" hai3="10,57,89,79,23,39,41,13,103,7,95,8,116"/><W20/><G116/><T42/><D73/><U97/><E118/><V6/><F112/><W108/><G103/><T114/><D105/><U126/><E126/><V124/><F124/><W134/><G79/><T80/><D123/><U33/><E78/><V52/><F133/><W62/><G10/><T35/><D35/><U85/><E85/><V0/><F28/><W115/><G108/><T93/><D93/><U127/><E22/><V66/><F49/><W3/><G3/><T109/><D114/><U83/><E83/><V55/><F55/><W84/><G134/><T98/><D98/><U29/><E29/><V106/><F40/><N who="0" m="15402" /><D109/><U24/><E24/><V19/><F106/><W34/><G34/><T50/><D59/><U16/><E107/><V37/><F37/><W119/><G119/><T11/><D11/><U61/><E127/><V21/><F77/><W1/><G1/><T92/><D92/><U75/><E75/><V25/><F72/><W117/><G115/><T101/><D101/><U2/><E2/><V125/><F125/><W99/><G99/><T63/><D70/><U122/><E122/><V58/><AGARI ba="0,0" hai="0,6,9,19,21,25,51,52,58,64,66,90,94,96" machi="58" ten="20,2700,0" yaku="0,1,7,1,54,1" doraHai="71" who="2" fromWho="2" sc="303,-7,188,-7,292,27,217,-13" owari="296,9.6,181,-31.9,319,41.9,204,-19.6" /></mjloggm>