<mjloggm ver="2.3"><GO type="225" lobby="0"/><UN n0="%72%69%6F%75%63%68%61%6E" n1="%E5%80%89%E6%A9%8B%EF%BC%A0%E4%BA%8B%E5%8B%99" n2="%E3%81%A9%E3%82%8F%E3%82%93%E3%81%94" n3="%E8%A8%88%E7%AE%97%E6%A9%9F%E8%87%AA%E7%84%B6" dan="17,16,16,17" rate="2272.70,2083.40,2198.11,2202.59" sx="M,M,M,M"/><TAIKYOKU oya="0"/><INIT seed="0,0,0,5,3,32" ten="250,250,250,250" oya="0" hai0="35,124,85,121,59,127,110,81,116,119,61,100,78" hai1="128,120,60,9,126,8,50,104,112,71,131,20,1" hai2="88,56,135,93,92,58,83,108,122,17,16,69,19" hai3="77,109,13,3,105,95,90,47,133,125,84,51,29"/><T87/><D35/><U68/><E120/><V41/><F108/><W62/><G105/><T49/><D121/><U94/><E104/><V34/><F135/><W21/><G109/><T11/><D110/><U107/><E107/><V118/><F69/><N who="1" m="26697" /><E20/><V115/><F34/><W97/><G125/><N who="0" m="48203" /><D100/><U55/><E126/><V117/><F115/><W18/><G133/><T99/><D99/><U123/><E123/><V44/><F122/><W64/><G3/><T132/><D132/><U96/><E60/><V72/><F93/><W48/><G29/><T31/><D31/><U114/><E9/><V52/><F83/><N who="3" m="47215" /><G47/><T33/><D33/><U46/><E8/><V26/><F72/><W23/><G23/><T103/><D103/><U54/><E1/><V66/><F66/><W134/><G134/><T14/><D49/><N who="1" m="28983" /><E94/><V80/><F92/><W91/><G91/><T106/><D106/><U63/><E63/><V86/><F26/><W40/><G40/><T82/><D82/><U76/><E76/><V24/><F24/><W42/><G42/><T98/><D98/><U102/><E102/><V28/><F28/><W74/><G74/><T113/><D87/><U2/><E2/><V57/><REACH who="2" step="1"/><F52/><REACH who="2" ten="250,250,240,250" step="2"/><W22/><G64/><N who="0" m="38975" /><D113/><N who="1" m="43627" /><E96/><V4/><F4/><AGARI ba="0,1" hai="4,11,14,78,81,85,116,119" m="38975,48203" machi="4" ten="30,1500,0" yaku="18,1" doraHai="32" who="0" fromWho="2" sc="250,25,250,0,240,-15,250,0" /><INIT seed="0,1,0,2,3,14" ten="275,250,225,250" oya="0" hai0="1,114,67,74,135,35,70,115,92,36,85,21,106" hai1="40,60,94,37,17,43,108,77,72,26,69,109,47" hai2="116,65,103,111,6,25,112,86,38,133,23,28,87" hai3="71,62,41,100,118,123,125,9,105,66,57,80,15"/><T97/><D35/><U121/><E121/><V64/><F112/><W89/><G118/><T54/><D135/><U8/><E43/><V90/><F38/><W101/><G123/><T5/><D74/><U30/><E94/><V91/><F111/><W81/><G125/><T24/><D36/><U99/><E99/><V46/><F133/><W93/><G41/><T104/><D85/><U59/><E69/><V82/><F116/><W78/><G105/><T10/><D104/><U107/><E107/><V117/><F117/><W20/><G20/><T129/><D106/><U53/><E77/><V132/><F103/><N who="3" m="39499" /><G71/><T19/><D129/><U130/><E72/><V68/><F68/><W7/><G78/><T83/><D83/><U22/><REACH who="1" step="1"/><E130/><REACH who="1" ten="275,240,225,250" step="2"/><V3/><F132/><W16/><G7/><T50/><D70/><U119/><E119/><V52/><F6/><W96/><AGARI ba="1,1" hai="9,15,16,57,62,66,80,81,89,93,96" m="39499" machi="96" ten="30,4000,0" yaku="8,1,52,1,54,1" doraHai="14" who="3" fromWho="3" sc="275,-21,240,-11,225,-11,250,53" /><INIT seed="1,0,0,3,5,20" ten="254,229,214,303" oya="1" hai0="60,17,75,72,135,62,100,116,86,36,24,114,115" hai1="117,99,105,108,13,85,71,120,109,110,82,54,123" hai2="93,119,51,32,73,45,39,122,41,37,2,64,52" hai3="70,103,4,57,59,28,65,133,31,5,3,30,14"/><U0/><E0/><V74/><F2/><W132/><G3/><T8/><D116/><U67/><E54/><V124/><F119/><W91/><G103/><T131/><D36/><U56/><E71/><V89/><F122/><W126/><G126/><T38/><D38/><U26/><E13/><V129/><F124/><W43/><G43/><T106/><D131/><U102/><E117/><V127/><F129/><W44/><G44/><T48/><D135/><N who="3" m="51785" /><G91/><T88/><D48/><U87/><E67/><V55/><F127/><W11/><G4/><T58/><D60/><AGARI ba="0,0" hai="5,11,14,28,30,31,57,59,60,65,70" m="51785" machi="60" ten="30,1000,0" yaku="20,1" doraHai="20" who="3" fromWho="0" sc="254,-10,229,0,214,0,303,10" /><INIT seed="2,0,0,2,1,73" ten="244,229,214,313" oya="2" hai0="129,9,42,81,25,109,122,45,53,82,51,88,87" hai1="16,31,91,100,7,102,21,44,37,26,116,125,40" hai2="71,55,38,118,103,48,80,0,13,23,108,52,11" hai3="19,128,112,76,57,105,84,86,133,61,12,79,134"/><V65/><F118/><W35/><G35/><T64/><D109/><U15/><E116/><V78/><F38/><W8/><G105/><T17/><D129/><U70/><E125/><V96/><F108/><W1/><G1/><T97/><D122/><U110/><E110/><V32/><F32/><W68/><G68/><T119/><D119/><U3/><E70/><V22/><F0/><W101/><G101/><T95/><D64/><U2/><E91/><V77/><F65/><N who="3" m="39087" /><G128/><T63/><D9/><N who="1" m="2295" /><E3/><V113/><F71/><W6/><G112/><T20/><D87/><N who="3" m="33321" /><G6/><T92/><D95/><U41/><E41/><V104/><F113/><W114/><G114/><T29/><D29/><U34/><AGARI ba="0,0" hai="15,16,21,26,31,34,37,40,44,100,102" m="2295" machi="34" ten="30,2000,0" yaku="24,1,54,1" doraHai="73" who="1" fromWho="1" sc="244,-5,229,20,214,-10,313,-5" /><INIT seed="3,0,0,5,0,130" ten="239,249,204,308" oya="3" hai0="8,4,133,5,119,19,15,61,120,41,25,86,28" hai1="39,76,6,3,31,116,69,85,87,115,47,59,64" hai2="94,56,77,102,37,78,38,113,53,100,108,29,118" hai3="92,11,103,17,91,75,12,10,105,111,81,73,68"/><W44/><G68/><T96/><D133/><U49/><E115/><V135/><F113/><W57/><G57/><T90/><D119/><U46/><E31/><V35/><F118/><W72/><G44/><T32/><D120/><U117/><E85/><V121/><F121/><W70/><G70/><T2/><D41/><N who="1" m="22847" /><E87/><V109/><F29/><W45/><G45/><T82/><D61/><N who="1" m="40079" /><E76/><V58/><F94/><W129/><G129/><T98/><REACH who="0" step="1"/><D4/><REACH who="0" ten="229,249,204,308" step="2"/><U54/><E6/><V104/><F104/><W51/><G105/><T126/><D126/><U131/><E131/><V67/><F67/><W97/><G51/><T99/><D99/><U84/><E117/><V125/><F53/><W122/><G122/><T71/><D71/><U127/><E116/><V80/><F125/><W20/><G111/><T18/><D18/><U65/><E127/><V36/><F36/><W114/><G114/><T62/><D62/><U42/><E65/><V7/><F7/><W110/><G110/><T27/><D27/><U52/><E54/><V66/><F66/><W21/><G10/><AGARI ba="0,1" hai="2,5,8,10,15,19,25,28,32,82,86,90,96,98" machi="10" ten="30,2000,0" yaku="1,1,7,1,53,0" doraHai="130" doraHaiUra="16" who="0" fromWho="3" sc="229,30,249,0,204,0,308,-20" /><INIT seed="4,0,0,0,2,70" ten="259,249,204,288" oya="0" hai0="2,44,26,16,15,90,125,6,39,36,122,56,105" hai1="29,75,83,30,77,118,19,74,110,40,101,104,63" hai2="11,135,79,37,86,91,126,123,109,3,9,115,22" hai3="58,48,43,60,18,47,94,62,49,89,41,82,1"/><T85/><D122/><U111/><E118/><V96/><F109/><W53/><G1/><T84/><D105/><U61/><E40/><V113/><F123/><W117/><G117/><T28/><D125/><U13/><E104/><V119/><F119/><W33/><G33/><N who="0" m="20631" /><D56/><U128/><E101/><V68/><F68/><W14/><G82/><N who="0" m="49431" /><D44/><U107/><E107/><V24/><F126/><W12/><G41/><T127/><D85/><U10/><E74/><V25/><F37/><W7/><G7/><T64/><D64/><U95/><E128/><V8/><F3/><W129/><G129/><T59/><D59/><U120/><E120/><V133/><F96/><W35/><G35/><T80/><D80/><U66/><E111/><V23/><F79/><W21/><G12/><T71/><D71/><U131/><E131/><V4/><F4/><W106/><G106/><T31/><D31/><U72/><E72/><V132/><F91/><W42/><G42/><T69/><D69/><U99/><E110/><V97/><F86/><AGARI ba="0,0" hai="14,18,21,43,47,48,49,53,58,60,62,86,89,94" machi="86" ten="30,7700,0" yaku="7,1,25,2,8,1" doraHai="70" who="3" fromWho="2" sc="259,0,249,0,204,-77,288,77" owari="259,5.9,249,-15.1,127,-37.3,365,46.5" /></mjloggm>