<mjloggm ver="2.3"><GO type="225" lobby="0"/><UN n0="%72%61%6B%33" n1="%E5%AF%82%E5%AF%9E%E3%82%AE%E3%83%8D%E3%82%B9%E3%83%93%E3%83%BC%E3%83%AB" n2="%E6%80%AA%E3%81%97%E3%81%99%E3%81%8E%E3%82%8B%E3%83%81%E3%83%BC" n3="%53%61%63%68%69%30%34" dan="18,16,16,16" rate="2249.75,2149.21,2160.39,2074.39" sx="M,M,M,M"/><TAIKYOKU oya="0"/><INIT seed="0,0,0,2,4,114" ten="250,250,250,250" oya="0" hai0="88,110,122,120,38,3,52,133,68,108,33,42,71" hai1="103,113,85,124,76,81,19,29,62,107,119,89,134" hai2="21,69,116,82,72,106,115,109,112,36,104,30,10" hai3="94,84,6,37,129,97,54,2,0,96,87,86,7"/><T31/><D3/><N who="3" m="1065" /><G94/><T111/><D133/><U98/><E113/><N who="2" m="43595" /><F21/><W102/><G54/><T40/><D88/><U44/><E134/><V22/><F22/><W128/><G37/><T130/><D130/><N who="3" m="50281" /><G102/><T125/><D125/><U32/><E124/><V9/><F30/><W59/><G59/><T15/><D15/><U135/><E135/><V11/><F36/><W92/><G92/><T13/><D13/><U35/><E29/><V126/><F69/><N who="0" m="26698" /><D31/><U117/><E19/><V91/><F91/><W127/><G127/><T131/><D33/><U83/><E44/><V121/><F121/><N who="0" m="46698" /><D131/><U77/><E89/><V65/><F126/><W48/><G48/><T14/><D14/><U79/><E62/><V78/><F65/><W49/><G49/><T23/><D23/><U39/><E39/><V57/><F57/><W70/><G70/><T101/><D101/><U100/><E100/><V47/><F47/><W28/><G28/><T27/><D27/><U74/><REACH who="1" step="1"/><E77/><REACH who="1" ten="250,240,250,250" step="2"/><V63/><F78/><W123/><G123/><T80/><D38/><U5/><E5/><AGARI ba="0,1" hai="5,6,7,84,86,87,96,97" m="50281,1065" machi="5" ten="40,5200,0" yaku="28,2,19,1" doraHai="114" who="3" fromWho="1" sc="250,0,240,-52,250,0,250,62" /><INIT seed="1,0,0,5,1,100" ten="250,188,250,312" oya="1" hai0="91,131,94,103,121,90,102,58,50,33,40,134,89" hai1="36,99,111,7,68,13,110,127,66,45,57,75,132" hai2="47,128,119,3,12,48,1,126,105,76,28,2,86" hai3="72,125,31,43,5,10,77,26,80,27,8,25,34"/><U123/><E123/><V106/><F119/><W30/><G125/><T59/><D33/><U70/><E75/><V96/><F126/><W21/><G43/><T51/><D121/><U118/><E127/><V53/><F128/><W133/><G133/><T35/><D35/><U52/><E118/><V83/><F28/><W71/><G71/><N who="1" m="27178" /><E99/><V69/><F69/><W46/><G46/><T56/><D134/><U44/><E132/><V15/><REACH who="2" step="1"/><F96/><REACH who="2" ten="250,188,240,312" step="2"/><W95/><G31/><T93/><D131/><U62/><E36/><V54/><F54/><W73/><G30/><T79/><D40/><U63/><E66/><V22/><F22/><W0/><G21/><T129/><D129/><U115/><E115/><V11/><F11/><W113/><G10/><T61/><D61/><U23/><E63/><V17/><F17/><W85/><G113/><T39/><D39/><U114/><E114/><V64/><F64/><W98/><REACH who="3" step="1"/><G34/><REACH who="3" ten="250,188,240,302" step="2"/><T104/><D50/><U60/><E60/><V88/><F88/><AGARI ba="0,2" hai="0,5,8,25,26,27,72,73,77,80,85,88,95,98" machi="88" ten="40,5200,0" yaku="1,1,2,1,54,1,53,0" doraHai="100" doraHaiUra="130" who="3" fromWho="2" sc="250,0,188,0,240,-52,302,72" /><INIT seed="2,0,0,3,2,20" ten="250,188,188,374" oya="2" hai0="6,109,19,115,72,39,74,64,30,95,56,63,90" hai1="110,12,43,78,70,132,47,96,100,61,49,83,124" hai2="59,119,104,66,99,35,81,22,102,91,116,1,127" hai3="76,133,65,37,5,86,8,53,21,48,0,46,25"/><V54/><F35/><W130/><G130/><T41/><D109/><U16/><E110/><V98/><F127/><W34/><G34/><T18/><D115/><U55/><E132/><V123/><F123/><W44/><G65/><T80/><D6/><U31/><E31/><V40/><F1/><W38/><G133/><T57/><D39/><U50/><E124/><V118/><F66/><W68/><G68/><T82/><D41/><U2/><E2/><V75/><F40/><W97/><G46/><T125/><D125/><U106/><E61/><V108/><F108/><W67/><G97/><T62/><D95/><U27/><E70/><V33/><F33/><W15/><G67/><T36/><D64/><U7/><E7/><V105/><F22/><W103/><G103/><T4/><D4/><U28/><E28/><V126/><F126/><W24/><G0/><T32/><D32/><U101/><E101/><N who="2" m="62519" /><F91/><W73/><G86/><T87/><D87/><U131/><E131/><V79/><F54/><W58/><G58/><T45/><D90/><U94/><E106/><N who="2" m="63839" /><F59/><W111/><G111/><T93/><D30/><U92/><E92/><V88/><F88/><W23/><G21/><T13/><D93/><U14/><E55/><V3/><F3/><W71/><G71/><T9/><D56/><U120/><E120/><V85/><F85/><W52/><G53/><T11/><D57/><U69/><E69/><V117/><N who="2" m="29696" /><DORA hai="60" /><V121/><F121/><W128/><G23/><T107/><D63/><U113/><E43/><V134/><F105/><W29/><G52/><T10/><D62/><RYUUKYOKU ba="0,0" sc="250,-10,188,-10,188,30,374,-10" hai2="75,79,81,134" /><INIT seed="2,1,0,0,2,132" ten="240,178,218,364" oya="2" hai0="13,91,51,101,0,117,34,18,80,131,28,62,126" hai1="44,72,120,8,59,125,90,29,78,60,92,11,49" hai2="102,35,61,17,118,26,98,83,69,81,38,58,22" hai3="112,16,5,135,46,94,100,56,7,53,52,4,48"/><V37/><F118/><W129/><G135/><T121/><D131/><U23/><E120/><V43/><F69/><W24/><G129/><T63/><D0/><U19/><E29/><V134/><F35/><W30/><G112/><T87/><D126/><U124/><E78/><V41/><F134/><W89/><G100/><T106/><D121/><U36/><E36/><V123/><F123/><W82/><G82/><N who="2" m="31241" /><F37/><W68/><G68/><T33/><D117/><U105/><E105/><V99/><F38/><W25/><G16/><T66/><D62/><U27/><E72/><V114/><F114/><W50/><G30/><T95/><D106/><U1/><E1/><V70/><F70/><W119/><G119/><T75/><D51/><U54/><E125/><V57/><F57/><W130/><G130/><T71/><D28/><U122/><E122/><V109/><F109/><W40/><G40/><N who="2" m="15433" /><F102/><W45/><G56/><T88/><D101/><U115/><E115/><V64/><AGARI ba="1,0" hai="17,22,26,58,61,64,98,99" m="15433,31241" machi="64" ten="30,1500,0" yaku="8,1" doraHai="132" who="2" fromWho="2" sc="240,-6,178,-6,218,18,364,-6" /><INIT seed="2,2,0,2,3,127" ten="234,172,236,358" oya="2" hai0="69,135,120,62,99,100,89,3,117,116,26,42,33" hai1="70,60,101,22,45,90,73,77,134,39,49,75,109" hai2="61,5,118,7,111,35,57,110,15,54,46,88,21" hai3="130,80,0,4,34,105,76,30,98,96,102,8,9"/><V53/><F35/><W74/><G130/><T93/><D120/><U87/><E109/><N who="2" m="41483" /><F118/><W95/><G9/><T97/><D3/><U124/><E134/><V36/><F88/><W122/><G122/><T126/><D42/><U129/><E124/><V114/><F114/><W68/><G68/><T43/><D43/><U67/><E77/><V47/><F36/><W32/><G30/><T14/><D135/><U107/><E39/><V1/><F1/><W63/><G63/><T133/><D133/><U85/><E129/><V92/><F92/><W37/><G37/><T112/><D112/><U28/><E101/><AGARI ba="2,0" hai="0,4,8,32,34,74,76,80,95,96,98,101,102,105" machi="101" ten="30,1000,0" yaku="7,1" doraHai="127" who="3" fromWho="1" sc="234,0,172,-16,236,0,358,16" /><INIT seed="3,0,0,1,3,75" ten="234,156,236,374" oya="3" hai0="82,124,55,56,13,79,26,129,91,103,6,130,88" hai1="52,93,100,58,135,125,21,43,119,123,46,41,15" hai2="19,122,110,8,117,78,44,132,131,51,118,2,25" hai3="84,81,23,114,3,61,72,66,45,105,1,35,106"/><W109/><G35/><T87/><D124/><U37/><E135/><V107/><F78/><W31/><G72/><T17/><D103/><U27/><E125/><V62/><F107/><W121/><G45/><T120/><D120/><U112/><E112/><V92/><F110/><W64/><G23/><T50/><D6/><U116/><E123/><V7/><F131/><N who="0" m="50186" /><D26/><U47/><E15/><V108/><F108/><W77/><G66/><T48/><D48/><U40/><E93/><V5/><F5/><W69/><G84/><T76/><D91/><U85/><E85/><V70/><F122/><W128/><G81/><T68/><D68/><U24/><E100/><V104/><F92/><W113/><G1/><T18/><D18/><U14/><E14/><V34/><F104/><W83/><G105/><T53/><D53/><U96/><E96/><V60/><F132/><W89/><G31/><T67/><D67/><U133/><E133/><V97/><F70/><W42/><G64/><T38/><D38/><N who="1" m="21783" /><E21/><AGARI ba="0,0" hai="13,17,21,50,55,56,76,79,82,87,88" m="50186" machi="21" ten="30,7700,0" yaku="19,1,52,2,54,1" doraHai="75" who="0" fromWho="1" sc="234,77,156,-77,236,0,374,0" owari="311,11.1,79,-42.1,236,-16.4,374,47.4" /></mjloggm>