<mjloggm ver="2.3"><GO type="225" lobby="0"/><UN n0="%E3%81%A1%E3%82%85%E3%81%86%E3%81%A9%E3%81%8F%E8%B1%A1%E3%81%95%E3%82%93" n1="%54%4F%52" n2="%30%2E%31%32%30" n3="%E3%81%99%E3%81%84%E3%81%BE%E3%81%9B%E3%83%BC%E3%82%93" dan="17,17,16,16" rate="2203.09,2243.64,2111.72,2133.35" sx="M,M,M,M"/><TAIKYOKU oya="0"/><INIT seed="0,0,0,1,2,127" ten="250,250,250,250" oya="0" hai0="38,109,71,129,5,100,102,101,58,82,4,108,54" hai1="77,128,30,88,22,78,70,61,81,33,11,32,121" hai2="23,35,134,47,41,8,68,75,66,44,6,92,45" hai3="91,118,73,59,25,79,40,2,67,1,120,112,131"/><T86/><D71/><U3/><E121/><V42/><F35/><W122/><G112/><T26/><D38/><U133/><E133/><V110/><F75/><W72/><G118/><T21/><D129/><U65/><E128/><V18/><F134/><W39/><G25/><T49/><D82/><U62/><E62/><V7/><F68/><W15/><G15/><T0/><D86/><U57/><E70/><V98/><F66/><W24/><G24/><T114/><D114/><U19/><E30/><V95/><F110/><N who="0" m="42602" /><D0/><U96/><E32/><V94/><F98/><W69/><G69/><T125/><D125/><U14/><E33/><V76/><F76/><W48/><G79/><T52/><D54/><U106/><E106/><V126/><F126/><W20/><G39/><T60/><D60/><U64/><E64/><V107/><F107/><W9/><G67/><T17/><AGARI ba="0,0" hai="4,5,17,21,26,49,52,58,100,101,102" m="42602" machi="17" ten="30,6000,0" yaku="14,1,10,1,54,1" doraHai="127" who="0" fromWho="0" sc="250,60,250,-20,250,-20,250,-20" /><INIT seed="0,1,0,0,4,16" ten="310,230,230,230" oya="0" hai0="108,121,93,27,31,36,88,1,94,44,70,120,127" hai1="81,5,40,117,103,105,69,45,100,71,101,85,90" hai2="65,95,48,132,76,106,13,54,28,111,11,21,33" hai3="79,92,74,66,130,15,80,51,19,42,60,24,55"/><T39/><D1/><U68/><E117/><V50/><F106/><W83/><G130/><T126/><D70/><U128/><E128/><V0/><F0/><W32/><BYE who="2" /><G83/><T124/><D108/><U72/><E72/><V34/><F34/><W56/><G92/><T77/><D77/><U73/><E73/><V43/><F43/><W63/><G42/><N who="0" m="22599" /><D39/><UN n2="%30%2E%31%32%30" /><U53/><E5/><V62/><F33/><W125/><G125/><T116/><D116/><U109/><E109/><V47/><F48/><W118/><G118/><T37/><D37/><U58/><E105/><V7/><F111/><W75/><G75/><T23/><D93/><U84/><E84/><AGARI ba="1,0" hai="23,27,31,84,88,94,120,121,124,126,127" m="22599" machi="84" ten="30,5800,0" yaku="18,1,52,1,54,1" doraHai="16" who="0" fromWho="1" sc="310,61,230,-61,230,0,230,0" /><INIT seed="0,2,0,4,4,10" ten="371,169,230,230" oya="0" hai0="17,117,81,59,87,125,103,33,121,16,12,105,73" hai1="61,114,102,6,19,9,100,2,92,13,62,56,4" hai2="24,108,109,25,49,93,107,3,77,89,22,68,116" hai3="127,76,70,124,30,95,50,26,91,28,1,67,42"/><T74/><D117/><U60/><E114/><V113/><F107/><W44/><G1/><T99/><D121/><U20/><E4/><V111/><F3/><W132/><G132/><T65/><D33/><U32/><E32/><V63/><F116/><W41/><G76/><T96/><D96/><U134/><E134/><V54/><F77/><W57/><G70/><T37/><D37/><U97/><REACH who="1" step="1"/><E102/><REACH who="1" ten="371,159,230,230" step="2"/><V123/><F113/><W8/><G127/><T39/><D125/><U43/><E43/><V90/><F123/><W66/><G42/><T21/><D39/><U5/><E5/><V75/><F109/><W14/><G124/><T48/><D17/><U47/><E47/><V128/><F111/><W126/><G126/><T58/><D58/><AGARI ba="2,1" hai="2,6,9,13,19,20,56,58,60,61,62,92,97,100" machi="58" ten="40,2600,0" yaku="1,1,52,1,53,0" doraHai="10" doraHaiUra="51" who="1" fromWho="0" sc="371,-32,159,42,230,0,230,0" /><INIT seed="1,0,0,0,2,132" ten="339,201,230,230" oya="1" hai0="12,83,87,103,81,10,55,128,18,78,85,57,95" hai1="21,31,52,45,70,90,88,112,58,35,64,73,97" hai2="91,51,6,50,46,96,8,3,84,114,105,37,2" hai3="131,33,59,108,65,5,98,135,102,89,129,121,13"/><U32/><E112/><V7/><F114/><W39/><G121/><T79/><D128/><N who="3" m="49225" /><G135/><T69/><D69/><U123/><E123/><V25/><F25/><W104/><G39/><T111/><D111/><U61/><E73/><V124/><F124/><W22/><G33/><T44/><D44/><U67/><E32/><V34/><F34/><W99/><G108/><T126/><D126/><U14/><E35/><V19/><F19/><N who="3" m="10607" /><G5/><T80/><D103/><U127/><E127/><V27/><F27/><W106/><G89/><N who="1" m="34410" /><E70/><V41/><F6/><W54/><G65/><N who="1" m="25162" /><E97/><N who="3" m="36874" /><G102/><T56/><D78/><U36/><E36/><V28/><F2/><W115/><G115/><T133/><D79/><U66/><N who="1" m="25170" /><U118/><DORA hai="113" /><E118/><V82/><REACH who="2" step="1"/><F28/><REACH who="2" ten="339,201,220,230" step="2"/><W101/><G101/><AGARI ba="0,1" hai="3,7,8,37,41,46,50,51,82,84,91,96,101,105" machi="101" ten="40,2600,0" yaku="1,1,2,1,53,0" doraHai="132,113" doraHaiUra="53,117" who="2" fromWho="3" sc="339,0,201,0,220,36,230,-26" /><INIT seed="2,0,0,1,0,37" ten="339,201,256,204" oya="2" hai0="27,127,67,95,50,84,65,40,118,115,92,21,93" hai1="0,43,55,81,87,24,98,33,100,108,45,119,97" hai2="101,17,112,3,121,48,61,23,122,12,44,111,89" hai3="104,90,34,76,130,86,105,83,41,60,126,20,5"/><V91/><F112/><W63/><G34/><T116/><D115/><U113/><E113/><V77/><F77/><W135/><G126/><T85/><D127/><U22/><E119/><N who="0" m="45609" /><D65/><U14/><E0/><V54/><F111/><W13/><G130/><T52/><D67/><U74/><E108/><V30/><F3/><W73/><G135/><T46/><D40/><U102/><E74/><V32/><F101/><N who="1" m="39017" /><E33/><V75/><F75/><W42/><G105/><T132/><D132/><U129/><E129/><V28/><F61/><N who="3" m="23627" /><G73/><T64/><D64/><U128/><E128/><V131/><F131/><W59/><G104/><T57/><D57/><U99/><E14/><V35/><F35/><W4/><G59/><T7/><D7/><N who="3" m="2633" /><G76/><T36/><D36/><U117/><E117/><V106/><F106/><W103/><G103/><T26/><D26/><U109/><E109/><V38/><F38/><W56/><G56/><T10/><D10/><U88/><E55/><V69/><F69/><W78/><G78/><T70/><D70/><U120/><E120/><V107/><F107/><W62/><N who="3" m="23635" /><W82/><DORA hai="16" /><G82/><T1/><D1/><U8/><E8/><V71/><F71/><W94/><G83/><T79/><D79/><U124/><E124/><V31/><REACH who="2" step="1"/><F32/><REACH who="2" ten="339,201,246,204" step="2"/><W66/><G66/><T72/><D72/><U96/><N who="1" m="24576" /><DORA hai="6" /><U39/><E39/><V51/><F51/><W19/><AGARI ba="0,1" hai="13,19,20,41,42,86,90,94" m="2633,23635" machi="19" ten="40,8000,1" yaku="8,1,52,3" doraHai="37,16,6" who="3" fromWho="3" sc="339,-20,201,-20,246,-40,204,90" /><INIT seed="3,0,0,5,4,2" ten="319,181,206,294" oya="3" hai0="97,64,63,75,101,61,107,67,40,5,73,52,31" hai1="128,129,113,126,27,3,58,135,69,76,132,79,32" hai2="102,82,80,109,114,106,121,127,44,14,22,11,57" hai3="87,123,108,117,115,91,19,16,8,131,104,86,70"/><W4/><G117/><T66/><D40/><U20/><E69/><V94/><F106/><W49/><G115/><T83/><D31/><U0/><E113/><V60/><F114/><W17/><G123/><T51/><D5/><U93/><E32/><V38/><F121/><W26/><G104/><T34/><D34/><U6/><E93/><V112/><F112/><W98/><G70/><T35/><D35/><U125/><E58/><V100/><F38/><W54/><G131/><N who="1" m="50250" /><E79/><V68/><F68/><W110/><G26/><T28/><D28/><N who="1" m="17511" /><E76/><V71/><F71/><W29/><G29/><T25/><D25/><U43/><E43/><V42/><F109/><N who="3" m="42091" /><G98/><T99/><D99/><U89/><E89/><V46/><F42/><W48/><G91/><T88/><D73/><U7/><E0/><V103/><F94/><W21/><G21/><T24/><D24/><U45/><E45/><N who="2" m="17515" /><F22/><W36/><G36/><T9/><D75/><U59/><E59/><V55/><F127/><N who="1" m="48649" /><E3/><V124/><F124/><W111/><G111/><T85/><D107/><U39/><E39/><V18/><AGARI ba="0,0" hai="11,14,18,55,57,60,80,82,100,102,103" m="17515" machi="18" ten="30,1100,0" yaku="8,1" doraHai="2" who="2" fromWho="2" sc="319,-3,181,-3,206,11,294,-5" owari="316,41.6,178,-32.2,217,-18.3,289,8.9" /></mjloggm>