<mjloggm ver="2.3"><GO type="225" lobby="0"/><UN n0="%E4%B8%8B%E6%AE%B5%E3%83%81%E3%82%A7%E3%83%AA%E3%83%BC" n1="%73%69%72%6F%75%74" n2="%E3%81%86%E3%81%A9%E3%82%93%E3%81%93" n3="%6D%75%75%6D%75%72%61" dan="16,16,16,16" rate="2115.12,2117.17,2121.67,2157.23" sx="M,M,M,F"/><TAIKYOKU oya="0"/><INIT seed="0,0,0,3,3,109" ten="250,250,250,250" oya="0" hai0="54,72,47,95,41,131,127,61,77,81,120,39,125" hai1="80,105,73,78,82,42,96,43,60,86,30,12,14" hai2="122,17,112,118,100,59,106,8,110,107,15,33,113" hai3="90,28,5,64,16,76,71,3,27,25,91,99,97"/><T18/><D120/><U34/><E34/><V85/><F122/><W68/><G76/><T45/><D131/><U132/><E132/><V88/><F110/><W67/><G3/><T55/><D47/><U57/><E30/><V0/><F33/><W79/><G79/><T123/><D123/><U1/><E1/><V37/><F37/><W114/><G28/><T51/><D61/><U129/><E129/><V117/><F0/><W21/><G5/><T11/><D95/><U115/><E115/><N who="2" m="44107" /><F100/><W135/><G114/><T121/><D121/><U7/><E105/><V116/><F59/><W40/><G21/><T49/><D39/><U48/><E96/><V26/><F26/><W24/><G24/><T65/><D65/><U13/><E48/><V29/><F29/><W6/><G6/><T70/><D70/><U94/><E7/><V111/><F111/><W31/><G31/><T84/><D72/><U35/><E94/><AGARI ba="0,0" hai="8,15,17,85,88,94,106,107,116,117,118" m="44107" machi="94" ten="40,8000,1" yaku="12,1,52,3,54,1" doraHai="109" who="2" fromWho="1" sc="250,0,250,-80,250,80,250,0" /><INIT seed="1,0,0,3,0,108" ten="250,170,330,250" oya="1" hai0="10,74,45,103,77,59,56,22,19,94,67,131,49" hai1="73,81,66,83,4,101,86,24,54,82,51,118,92" hai2="87,40,127,106,129,48,72,133,112,97,124,1,125" hai3="21,90,36,68,41,128,107,17,135,39,42,100,29"/><U102/><E66/><V5/><F72/><W27/><G68/><T33/><D33/><U134/><E4/><V89/><F129/><W12/><G128/><T2/><D131/><U96/><E118/><V114/><F133/><W20/><G135/><T50/><D74/><U47/><E134/><V9/><F97/><W98/><REACH who="3" step="1"/><G90/><REACH who="3" ten="250,170,330,240" step="2"/><T57/><D67/><U123/><E123/><V62/><F106/><W16/><G16/><T61/><D19/><U79/><E102/><V0/><F0/><W119/><G119/><T52/><D103/><U30/><REACH who="1" step="1"/><E73/><REACH who="1" ten="250,160,330,240" step="2"/><V115/><F125/><W23/><G23/><AGARI ba="0,2" hai="23,24,30,47,51,54,79,81,82,83,86,92,96,101" machi="23" ten="30,11600,0" yaku="1,1,2,1,7,1,8,1,53,0" doraHai="108" doraHaiUra="8" who="1" fromWho="3" sc="250,0,160,136,330,0,240,-116" /><INIT seed="1,1,0,5,2,0" ten="250,296,330,124" oya="1" hai0="122,51,44,87,42,5,112,55,15,26,68,17,135" hai1="58,106,91,10,109,45,25,61,78,59,128,14,6" hai2="2,23,124,110,102,99,43,24,54,108,30,85,67" hai3="69,7,79,48,95,104,129,18,57,37,100,56,119"/><U96/><E128/><V8/><F43/><W64/><G104/><T94/><D112/><U90/><E78/><V65/><F124/><W29/><G37/><T98/><D68/><U131/><E131/><V116/><F116/><W103/><G129/><T132/><D122/><U62/><E109/><N who="2" m="42091" /><F54/><W60/><G119/><T127/><D127/><U105/><E45/><V130/><F130/><W1/><G29/><T114/><D114/><U19/><E105/><N who="2" m="63711" /><F85/><W125/><G125/><T115/><D87/><U86/><E106/><V36/><F36/><W72/><G72/><T126/><D126/><U117/><E117/><V92/><F92/><W31/><G95/><T41/><D115/><U118/><E118/><V121/><F121/><W49/><G100/><T66/><D66/><N who="1" m="39223" /><E96/><V33/><F33/><W75/><G75/><T35/><D55/><N who="1" m="34175" /><E86/><V83/><F83/><W97/><G97/><T120/><D42/><U16/><E25/><V71/><F71/><W133/><G69/><T101/><D120/><U27/><E27/><V107/><F107/><W70/><G70/><T20/><REACH who="0" step="1"/><D35/><REACH who="0" ten="240,296,330,124" step="2"/><U28/><E28/><V3/><F3/><W12/><G31/><T39/><D39/><U22/><E22/><V81/><F2/><W34/><G34/><T84/><D84/><U82/><E82/><V80/><F80/><W4/><G1/><T113/><D113/><U40/><E40/><V111/><F111/><W9/><G64/><T32/><D32/><U123/><E123/><V89/><F81/><W50/><G60/><T63/><D63/><U53/><E53/><V52/><F67/><RYUUKYOKU ba="1,1" sc="240,15,296,15,330,-15,124,-15" hai0="5,15,17,20,26,41,44,51,94,98,101,132,135" hai1="6,10,14,16,19,90,91" /><INIT seed="1,2,1,2,2,40" ten="255,311,315,109" oya="1" hai0="118,25,42,31,94,68,44,133,55,86,66,56,22" hai1="123,126,112,80,120,7,27,116,10,121,92,46,106" hai2="13,48,29,69,103,107,97,70,33,24,35,23,125" hai3="71,12,114,78,18,130,45,99,132,52,79,41,128"/><U67/><E106/><V111/><F111/><W129/><G114/><T16/><D118/><U108/><E112/><V63/><F125/><W28/><G71/><T91/><D133/><U95/><E116/><V113/><F113/><W104/><G132/><T110/><D110/><U47/><E108/><V58/><F48/><W43/><G28/><T124/><D124/><U65/><E126/><V127/><F127/><W102/><G43/><T32/><D66/><U100/><E27/><V59/><F59/><W49/><REACH who="3" step="1"/><G41/><REACH who="3" ten="255,311,315,99" step="2"/><T34/><D68/><U64/><E121/><V72/><F69/><W61/><G61/><T38/><D31/><U2/><E120/><V77/><F70/><W36/><G36/><T5/><D5/><U11/><E123/><V54/><F63/><AGARI ba="2,2" hai="16,22,25,32,34,38,42,44,55,56,63,86,91,94" machi="63" ten="30,3900,0" yaku="7,1,52,1,54,1" doraHai="40" who="0" fromWho="2" sc="255,65,311,0,315,-45,99,0" /><INIT seed="2,0,0,0,3,131" ten="320,311,270,99" oya="2" hai0="31,30,83,10,130,74,95,124,28,79,102,88,59" hai1="38,20,122,4,69,97,66,78,96,93,50,86,123" hai2="132,99,111,67,91,44,118,57,134,58,73,127,98" hai3="133,117,109,110,37,115,82,65,12,85,89,53,62"/><V21/><F118/><W100/><G117/><T49/><D130/><U34/><E38/><V45/><F127/><W84/><G37/><T7/><D124/><U23/><E34/><V40/><F73/><W104/><G53/><T119/><D119/><U2/><E2/><V25/><F111/><N who="3" m="42507" /><G12/><T3/><D102/><U42/><E4/><V63/><F58/><W54/><G54/><T8/><D8/><U108/><E108/><V90/><F98/><N who="3" m="61463" /><G62/><T113/><D113/><U17/><E66/><V72/><F72/><W47/><G47/><N who="2" m="17993" /><F99/><W76/><G65/><T56/><REACH who="0" step="1"/><D49/><REACH who="0" ten="310,311,270,99" step="2"/><U125/><E125/><V15/><F40/><W18/><G115/><T22/><D22/><U6/><E50/><V106/><F106/><W16/><G133/><N who="2" m="51305" /><F15/><W51/><G51/><T36/><D36/><U105/><E42/><V0/><F0/><W43/><G43/><T114/><D114/><U26/><E105/><V35/><F35/><W1/><G1/><T77/><D77/><U135/><E78/><V48/><F48/><W92/><AGARI ba="0,1" hai="16,18,76,82,84,85,89,92" m="61463,42507" machi="92" ten="30,2000,0" yaku="14,1,54,1" doraHai="131" who="3" fromWho="3" sc="310,-5,311,-5,270,-10,99,30" /><INIT seed="3,0,0,0,2,86" ten="305,306,260,129" oya="3" hai0="109,67,37,108,64,31,10,28,55,107,78,21,118" hai1="127,34,14,116,101,57,115,41,87,52,124,45,131" hai2="54,133,68,53,114,80,22,4,58,72,11,95,63" hai3="9,82,81,12,122,49,88,27,120,2,25,119,19"/><W40/><G119/><T59/><D107/><U36/><E115/><V18/><F114/><W17/><G2/><T100/><D100/><U85/><E34/><V16/><F133/><W79/><G120/><T75/><D118/><U94/><E116/><V6/><F68/><W15/><G122/><T117/><D117/><U44/><E44/><V113/><F113/><W70/><G70/><T33/><D37/><U97/><E14/><V62/><F95/><W29/><G79/><T121/><D121/><U30/><E30/><N who="0" m="11305" /><D21/><U42/><E42/><V39/><F39/><W7/><G29/><T61/><D33/><U35/><E35/><V123/><F123/><W91/><G40/><T47/><D47/><U13/><E13/><N who="2" m="7231" /><F72/><W104/><G104/><T46/><D46/><U132/><E132/><V50/><F80/><N who="3" m="30827" /><G49/><T105/><D105/><U125/><E131/><V73/><F73/><W84/><G84/><T56/><D78/><U5/><E5/><N who="2" m="2155" /><F54/><W32/><G32/><T102/><D75/><U23/><E23/><V66/><F66/><W26/><G7/><T43/><D43/><U83/><E83/><V98/><F98/><W110/><G110/><N who="0" m="42603" /><D10/><AGARI ba="0,0" hai="9,10,12,15,17,19,25,26,27,88,91" m="30827" machi="10" ten="30,11600,0" yaku="8,1,52,2,54,1" doraHai="86" who="3" fromWho="0" sc="305,-116,306,0,260,0,129,116" /><INIT seed="3,1,0,2,1,80" ten="189,306,260,245" oya="3" hai0="102,50,124,17,45,98,29,74,90,112,65,48,117" hai1="107,89,127,19,10,86,133,12,51,88,114,128,71" hai2="63,120,27,100,103,34,105,119,130,21,35,134,28" hai3="2,113,55,77,73,31,53,13,26,87,9,92,49"/><W68/><G113/><T62/><D117/><U22/><E114/><V4/><F119/><W70/><G2/><T23/><D112/><U24/><E71/><V6/><F130/><W15/><G73/><T3/><D3/><U76/><E107/><V135/><F120/><W8/><G77/><T44/><D124/><U94/><E133/><N who="2" m="50699" /><F63/><W60/><G60/><T97/><D74/><U67/><E67/><V46/><F46/><N who="0" m="18026" /><D29/><U122/><E122/><V59/><F59/><W101/><G31/><T84/><D62/><U91/><E128/><V18/><F105/><W7/><G49/><N who="0" m="19051" /><D102/><N who="2" m="38954" /><F35/><W115/><G115/><T56/><D56/><U72/><E51/><V109/><F109/><W111/><G111/><T75/><D75/><U79/><E127/><V52/><F52/><N who="3" m="20043" /><G101/><T20/><D65/><U85/><E72/><V47/><F47/><W40/><G40/><T118/><D118/><U37/><E37/><V125/><F125/><W66/><G66/><T121/><D121/><U99/><E76/><V57/><F57/><W132/><G132/><T110/><D110/><U25/><E79/><V11/><F11/><W36/><G36/><T41/><D41/><U14/><E10/><V5/><F34/><W106/><G106/><T0/><D0/><U108/><E108/><V104/><F104/><W129/><G129/><T116/><D116/><U33/><E33/><V61/><F61/><W83/><G68/><T58/><D58/><U38/><E38/><V32/><F32/><W30/><G70/><T39/><D39/><U42/><E42/><V95/><F28/><W131/><G131/><RYUUKYOKU ba="1,0" sc="189,-10,306,-10,260,30,245,-10" hai2="4,5,6,18,21,27,95" /><INIT seed="4,2,0,2,1,117" ten="179,296,290,235" oya="0" hai0="62,107,32,111,27,120,59,1,98,36,75,47,132" hai1="112,106,33,42,108,24,56,126,71,79,12,73,38" hai2="116,49,43,37,81,123,18,110,92,129,3,87,6" hai3="15,84,31,7,83,16,96,39,28,74,122,44,63"/><T89/><D75/><U128/><RYUUKYOKU type="yao9" ba="2,0" sc="179,0,296,0,290,0,235,0" hai1="12,24,33,38,42,56,71,73,79,106,108,112,126,128" /><INIT seed="4,3,0,0,4,60" ten="179,296,290,235" oya="0" hai0="40,2,18,62,6,55,118,0,28,1,97,9,19" hai1="86,26,16,27,10,130,71,12,120,83,84,132,68" hai2="122,66,3,135,77,21,50,37,17,15,52,102,35" hai3="116,114,29,69,101,53,127,112,124,42,63,54,14"/><T87/><D118/><U36/><E120/><V23/><F35/><W115/><G101/><T129/><D129/><U131/><E36/><V75/><F37/><W108/><G29/><T80/><D40/><U82/><E132/><V45/><F122/><W92/><G92/><T128/><D128/><N who="1" m="49195" /><E84/><V117/><F135/><W46/><G14/><T134/><D134/><U107/><E107/><V34/><F34/><W32/><G32/><T43/><D43/><U99/><E99/><V133/><F133/><W96/><G96/><T13/><D28/><U48/><E48/><V72/><F3/><W111/><G116/><T57/><REACH who="0" step="1"/><D97/><REACH who="0" ten="169,296,290,235" step="2"/><U38/><E38/><V103/><F117/><W70/><G42/><T106/><D106/><U7/><E86/><V76/><F75/><W47/><G114/><T20/><D20/><N who="1" m="13575" /><E27/><V81/><F72/><W65/><G115/><T33/><D33/><U11/><E10/><V41/><F23/><W85/><G112/><T22/><D22/><U119/><E119/><V123/><F123/><W79/><G85/><T49/><D49/><U110/><E110/><V78/><F41/><W126/><G108/><T100/><D100/><N who="2" m="38442" /><F81/><AGARI ba="3,1" hai="7,11,12,68,71,81,82,83" m="13575,49195" machi="81" ten="30,2000,0" yaku="19,1,54,1" doraHai="60" who="1" fromWho="2" sc="169,0,296,39,290,-29,235,0" owari="169,-33.1,335,43.5,261,6.1,235,-16.5" /></mjloggm>