<mjloggm ver="2.3"><GO type="225" lobby="0"/><UN n0="%61%74%73%75%74%6F%64%6F" n1="%E3%82%B7%E3%83%A5%E3%83%9E%E3%82%A4%E3%82%B1%E3%83%AB" n2="%72%69%6F%75%63%68%61%6E" n3="%E5%AE%AE%E4%BF%9D%E9%B6%8F%E8%82%89" dan="16,16,16,16" rate="2087.88,2130.92,2181.66,2122.78" sx="M,M,M,M"/><TAIKYOKU oya="0"/><INIT seed="0,0,0,2,3,34" ten="250,250,250,250" oya="0" hai0="104,77,45,56,75,48,128,79,0,114,68,99,24" hai1="126,20,123,74,106,125,13,73,46,42,120,82,36" hai2="27,72,71,62,17,44,54,14,41,129,39,65,124" hai3="115,116,33,31,29,49,91,93,55,102,134,51,135"/><T119/><D114/><U19/><E106/><V2/><F124/><N who="1" m="47721" /><E82/><V121/><F129/><W43/><G115/><T111/><D68/><U8/><E20/><V7/><F121/><AGARI ba="0,0" hai="8,13,19,36,42,46,73,74,120,121,123" m="47721" machi="121" ten="30,1000,0" yaku="18,1" doraHai="34" who="1" fromWho="2" sc="250,0,250,10,250,-10,250,0" /><INIT seed="1,0,0,0,1,2" ten="250,260,240,250" oya="1" hai0="4,49,60,57,135,72,92,58,6,111,115,76,24" hai1="84,29,88,81,63,80,32,67,50,25,41,97,71" hai2="16,52,38,104,100,120,39,61,37,75,31,122,109" hai3="51,3,8,112,125,5,43,33,46,26,10,85,48"/><U70/><E97/><V64/><F75/><W79/><G112/><T66/><D115/><U134/><E134/><V83/><F109/><W116/><G125/><T117/><D117/><U0/><E0/><V110/><F110/><W129/><G129/><T99/><D111/><U47/><REACH who="1" step="1"/><E80/><REACH who="1" ten="250,250,240,250" step="2"/><V86/><F122/><W105/><G3/><T55/><D135/><U1/><E1/><V90/><F120/><W21/><G116/><T132/><D132/><U124/><E124/><V23/><F83/><W13/><G105/><T44/><D72/><U108/><E108/><V77/><F104/><W106/><G106/><T42/><D24/><U9/><E9/><V91/><F100/><W69/><G8/><T54/><D76/><U128/><E128/><V45/><F77/><W62/><G79/><T82/><D82/><U68/><AGARI ba="0,1" hai="25,29,32,41,47,50,63,67,68,70,71,81,84,88" machi="68" ten="20,7800,0" yaku="1,1,0,1,7,1,54,1,53,0" doraHai="2" doraHaiUra="53" who="1" fromWho="1" sc="250,-26,250,88,240,-26,250,-26" /><INIT seed="1,1,0,5,2,55" ten="224,338,214,224" oya="1" hai0="83,103,110,101,109,89,30,112,135,74,77,19,46" hai1="97,40,23,79,90,31,121,51,14,44,71,47,125" hai2="61,53,15,131,5,29,106,0,113,96,72,48,67" hai3="80,115,84,3,62,36,78,18,130,66,93,1,6"/><U91/><E121/><V50/><F72/><W68/><G115/><T76/><D30/><U134/><E71/><V17/><F113/><W34/><G36/><T70/><D70/><U60/><E125/><V127/><F127/><W86/><G130/><T100/><D112/><U95/><E79/><V8/><F131/><W2/><G34/><T57/><D77/><U108/><E134/><V118/><F118/><W58/><G18/><T107/><D46/><U33/><E33/><V123/><F123/><W75/><G6/><T25/><D135/><U94/><E60/><V124/><F124/><W4/><G4/><T129/><D129/><U12/><E47/><V92/><F29/><W16/><G93/><T119/><D119/><U114/><E108/><N who="0" m="41577" /><D89/><U82/><E82/><V27/><F106/><W37/><G37/><T38/><D38/><U117/><E117/><V132/><F132/><W26/><REACH who="3" step="1"/><G68/><REACH who="3" ten="224,338,214,214" step="2"/><T99/><D19/><U49/><E114/><V122/><F122/><W102/><G102/><N who="0" m="62943" /><D25/><U104/><E104/><V32/><F27/><W20/><AGARI ba="1,1" hai="1,2,3,16,20,26,58,62,66,75,78,80,84,86" machi="20" ten="40,8000,1" yaku="1,1,0,1,52,1,54,1,53,1" doraHai="55" doraHaiUra="73" who="3" fromWho="3" sc="224,-21,338,-41,214,-21,214,93" /><INIT seed="2,0,0,5,3,106" ten="203,297,193,307" oya="2" hai0="123,19,124,111,40,88,32,41,117,80,119,29,69" hai1="91,118,27,112,94,105,99,60,101,53,84,64,0" hai2="95,98,39,78,85,7,59,116,37,15,52,46,38" hai3="67,2,68,97,57,8,89,75,110,33,62,109,14"/><V72/><F116/><N who="0" m="44618" /><D123/><U113/><E118/><V108/><F108/><N who="3" m="41579" /><G33/><T50/><D69/><U83/><E0/><V104/><F104/><W20/><G75/><T131/><D111/><U134/><E134/><V126/><F126/><W12/><G68/><T9/><D131/><U129/><E129/><V36/><F72/><W45/><G45/><T92/><D80/><U93/><E53/><V82/><F46/><W96/><G89/><T120/><D120/><U23/><E94/><V55/><N who="2" m="9216" /><DORA hai="114" /><V13/><F7/><N who="3" m="1143" /><G20/><T43/><D124/><U103/><E103/><V122/><F122/><W65/><G67/><T77/><D77/><U17/><REACH who="1" step="1"/><E105/><REACH who="1" ten="203,287,193,307" step="2"/><V61/><REACH who="2" step="1"/><F55/><REACH who="2" ten="203,287,183,307" step="2"/><W86/><G65/><T6/><D41/><U66/><E66/><V3/><F3/><W1/><G1/><T128/><D40/><U135/><E135/><V31/><F31/><W76/><G57/><AGARI ba="0,2" hai="17,23,27,57,60,64,83,84,91,93,99,101,112,113" machi="57" ten="30,2000,0" yaku="1,1,7,1,53,0" doraHai="106,114" doraHaiUra="28,11" who="1" fromWho="3" sc="203,0,287,40,183,0,307,-20" /><INIT seed="3,0,0,2,2,130" ten="203,327,183,287" oya="3" hai0="101,63,53,70,116,112,126,9,95,69,114,117,129" hai1="133,87,90,72,45,96,128,121,88,29,81,111,110" hai2="64,18,48,19,46,83,11,85,99,37,102,65,78" hai3="75,132,54,74,58,66,39,23,118,127,123,22,28"/><W92/><G118/><N who="0" m="45675" /><D95/><N who="1" m="56423" /><E121/><V17/><F37/><W67/><G123/><T52/><D101/><U12/><E128/><V135/><F11/><W30/><G39/><T55/><D9/><U6/><E29/><V122/><F122/><W76/><G127/><T33/><D33/><U84/><E6/><V77/><F77/><W91/><G76/><T0/><D0/><U103/><E45/><V40/><REACH who="2" step="1"/><F135/><REACH who="2" ten="203,327,173,287" step="2"/><W106/><G132/><T94/><D129/><U8/><E133/><V104/><AGARI ba="0,1" hai="17,18,19,40,46,48,64,65,78,83,85,99,102,104" machi="104" ten="30,7900,0" yaku="1,1,2,1,0,1,53,1" doraHai="130" doraHaiUra="98" who="2" fromWho="2" sc="203,-20,327,-20,173,89,287,-39" owari="183,-31.7,307,40.7,262,6.2,248,-15.2" /></mjloggm>