<mjloggm ver="2.3"><GO type="225" lobby="0"/><UN n0="%E3%83%B4%E3%83%A0%EF%BC%99%E3%81%A6" n1="%E9%B4%A8%4E%45%47%49" n2="%E3%82%BC%E3%83%AB%E3%83%80%E3%81%AE%E4%BC%9D%E8%AA%AC" n3="%E5%B8%86%E7%AB%8B%E5%A4%8F%E8%A1%A3" dan="16,16,17,17" rate="2103.17,2128.67,2156.32,2173.26" sx="M,M,M,M"/><TAIKYOKU oya="0"/><INIT seed="0,0,0,3,5,2" ten="250,250,250,250" oya="0" hai0="124,31,113,51,89,129,107,91,17,25,58,44,8" hai1="4,92,62,65,47,86,77,29,19,100,84,111,81" hai2="41,55,1,120,119,95,73,13,110,96,102,123,121" hai3="87,14,94,30,75,105,85,74,33,72,32,49,99"/><T108/><D113/><U9/><E111/><V134/><F1/><W67/><G105/><T114/><D114/><U125/><E125/><V27/><F73/><W11/><G67/><T118/><D118/><U122/><E122/><V101/><F119/><W45/><G30/><T57/><D107/><U61/><E29/><V26/><F110/><W3/><G3/><T40/><D108/><U98/><E19/><V90/><F134/><W71/><G71/><T54/><D124/><U106/><E47/><V10/><F41/><W16/><G33/><T12/><D129/><U68/><E62/><V88/><F55/><W131/><G32/><T24/><D57/><U34/><E34/><V38/><F38/><W53/><REACH who="3" step="1"/><G131/><REACH who="3" ten="250,250,250,240" step="2"/><T78/><D78/><U80/><E106/><V117/><F117/><W42/><G42/><T109/><D109/><U63/><E63/><V127/><F127/><W56/><G56/><T128/><D128/><U66/><E61/><V132/><F132/><W22/><G22/><T60/><D25/><U48/><E68/><V39/><F27/><W7/><G7/><T69/><D69/><U126/><E126/><V112/><F26/><W50/><G50/><T15/><REACH who="0" step="1"/><D12/><REACH who="0" ten="240,250,250,240" step="2"/><N who="1" m="5159" /><E48/><V76/><F76/><AGARI ba="0,2" hai="65,66,76,77,80,81,84,86,92,98,100" m="5159" machi="76" ten="30,2000,0" yaku="8,1,52,1" doraHai="2" who="1" fromWho="2" sc="240,0,250,40,250,-20,240,0" /><INIT seed="1,0,0,0,2,77" ten="240,290,230,240" oya="1" hai0="124,112,120,104,33,27,101,125,0,5,108,23,12" hai1="37,76,113,25,32,93,96,117,8,71,109,130,34" hai2="35,66,97,95,1,69,79,61,38,4,75,80,6" hai3="51,107,81,59,131,7,9,126,133,39,89,118,55"/><U129/><E117/><V21/><F35/><N who="1" m="13353" /><E71/><V87/><F38/><W16/><G107/><T92/><D104/><U22/><E37/><V45/><F1/><W31/><G133/><T53/><D112/><U3/><E76/><V119/><F119/><W85/><G126/><N who="0" m="48747" /><D0/><U121/><E93/><V29/><F45/><W73/><G131/><N who="1" m="50186" /><E96/><V106/><F106/><W36/><G31/><T86/><D120/><U26/><E121/><V94/><F94/><W24/><G118/><T103/><D33/><U88/><E88/><V13/><F75/><W114/><G114/><T60/><D60/><U98/><E98/><V116/><F116/><W84/><G73/><T68/><D68/><U91/><E91/><V134/><F134/><W122/><G122/><T49/><D92/><U62/><E62/><V65/><F65/><W52/><G85/><T132/><D86/><U70/><E70/><V10/><F95/><W110/><G36/><T28/><D132/><U15/><E109/><V102/><F97/><W14/><G110/><T48/><D108/><U30/><E26/><N who="2" m="16591" /><F102/><N who="0" m="38922" /><D53/><U64/><E64/><V63/><F63/><N who="3" m="36327" /><G39/><T58/><D58/><U83/><E113/><V50/><F50/><W100/><G100/><T123/><D123/><U54/><E54/><V111/><F111/><W127/><G127/><T72/><D72/><U41/><E3/><V56/><F69/><W20/><G55/><T47/><D47/><U17/><E83/><V40/><F40/><AGARI ba="0,0" hai="8,15,17,22,25,30,40,41" m="50186,13353" machi="40" ten="30,1500,0" yaku="19,1" doraHai="77" who="1" fromWho="2" sc="240,0,290,15,230,-15,240,0" /><INIT seed="1,1,0,1,5,35" ten="240,305,215,240" oya="1" hai0="71,81,97,122,59,48,69,85,115,114,130,131,44" hai1="9,16,25,57,39,21,77,28,60,37,30,13,38" hai2="72,12,94,68,106,42,24,1,52,111,126,3,40" hai3="79,91,101,53,87,104,19,6,10,109,119,2,99"/><U46/><E77/><V58/><F106/><W98/><G109/><T89/><D97/><U0/><E30/><V43/><F68/><N who="0" m="26186" /><D59/><U26/><E26/><V17/><F72/><W120/><G120/><T47/><D47/><U80/><E80/><V132/><F111/><W33/><G119/><T78/><D89/><U73/><E73/><V67/><F67/><W110/><G110/><T100/><D100/><U121/><E121/><V129/><F126/><W41/><G41/><N who="0" m="24591" /><D122/><U123/><E123/><V62/><F132/><W76/><G33/><T29/><D29/><U127/><E127/><V5/><F129/><AGARI ba="1,0" hai="78,81,85,114,115,129,130,131" m="24591,26186" machi="129" ten="30,1000,0" yaku="19,1" doraHai="35" who="0" fromWho="2" sc="240,13,305,0,215,-13,240,0" /><INIT seed="2,0,0,0,1,43" ten="253,305,202,240" oya="2" hai0="85,49,129,31,92,42,41,6,73,30,2,112,132" hai1="123,94,86,47,14,128,95,96,48,97,103,36,78" hai2="18,10,54,122,100,64,39,5,65,29,12,7,106" hai3="87,59,115,90,21,74,38,0,84,44,82,46,51"/><V119/><F119/><W66/><G0/><T135/><D73/><U134/><E123/><V93/><F122/><W1/><G1/><T83/><D112/><U98/><E128/><V58/><F39/><W25/><G74/><T55/><D92/><U114/><E114/><V24/><F106/><W104/><G104/><T105/><D105/><U124/><E36/><V120/><F120/><W56/><G115/><T50/><D129/><U80/><E134/><N who="0" m="51241" /><D6/><N who="2" m="2058" /><F29/><N who="0" m="10762" /><D2/><U70/><E70/><V109/><F24/><W17/><G38/><T62/><D62/><U127/><E14/><V45/><F109/><W61/><G87/><T108/><D108/><U57/><E57/><V27/><F27/><W110/><G110/><T130/><D130/><U101/><REACH who="1" step="1"/><E97/><REACH who="1" ten="253,295,202,240" step="2"/><N who="2" m="59439" /><F45/><W89/><G59/><N who="0" m="33263" /><D50/><AGARI ba="0,1" hai="10,12,18,50,54,58,64,65" m="59439,2058" machi="50" ten="30,1500,0" yaku="8,1" doraHai="43" who="2" fromWho="0" sc="253,-15,295,0,202,25,240,0" /><INIT seed="2,1,0,5,3,19" ten="238,295,227,240" oya="2" hai0="7,50,45,59,31,24,21,100,127,49,67,14,83" hai1="60,63,117,109,80,76,98,65,120,105,69,54,27" hai2="51,71,35,42,56,9,17,28,68,78,90,121,53" hai3="93,110,104,16,92,41,18,58,95,115,85,106,133"/><V3/><F121/><W131/><G41/><T119/><D127/><U123/><E117/><V2/><F78/><W88/><G110/><T108/><D108/><U84/><E109/><V64/><F42/><W39/><G39/><T91/><D119/><U33/><E54/><V55/><F55/><W25/><G133/><T96/><D83/><U124/><E60/><V29/><F90/><W94/><G131/><T74/><D91/><U86/><E86/><V57/><F57/><W23/><G115/><T118/><D74/><U62/><E62/><V82/><F82/><W122/><G122/><N who="1" m="46634" /><E124/><V32/><F64/><W1/><G1/><T126/><D126/><U10/><E10/><V114/><F114/><W97/><G58/><T6/><D118/><U99/><E105/><V30/><F3/><W12/><REACH who="3" step="1"/><G85/><REACH who="3" ten="238,295,227,230" step="2"/><T132/><D132/><U70/><E70/><V43/><F43/><W37/><G37/><T13/><D45/><U81/><E69/><V107/><F68/><W52/><G52/><T40/><D40/><U8/><E65/><V87/><F71/><W61/><G61/><N who="0" m="38335" /><D50/><U15/><E63/><V73/><F73/><W5/><G5/><N who="0" m="1547" /><D49/><U101/><E99/><V79/><F2/><W130/><G130/><T128/><D128/><U112/><E98/><V26/><F56/><W111/><G111/><T103/><D96/><U36/><E84/><V47/><F87/><W129/><G129/><T89/><D89/><U113/><E112/><V20/><F53/><W38/><G38/><T4/><D4/><U44/><E113/><V125/><F51/><W66/><G66/><RYUUKYOKU ba="1,1" sc="238,15,295,-15,227,-15,230,15" hai0="13,14,21,24,31,100,103" hai3="12,16,18,23,25,88,92,93,94,95,97,104,106" /><INIT seed="3,2,1,2,4,103" ten="253,280,212,245" oya="3" hai0="123,113,38,80,133,0,65,53,18,3,29,77,87" hai1="84,33,75,100,64,22,25,56,5,114,108,117,37" hai2="9,76,12,19,83,69,110,40,127,93,74,86,34" hai3="49,111,6,30,73,11,17,45,57,78,81,35,16"/><W4/><G111/><T132/><D123/><U112/><E75/><V27/><F110/><W13/><G35/><T131/><D38/><U124/><E37/><V126/><F69/><W115/><G30/><T98/><D131/><U31/><E108/><V129/><F129/><W91/><G115/><T51/><D113/><U60/><E117/><V102/><F40/><W70/><G70/><T95/><D65/><U109/><E109/><V82/><F34/><W72/><G72/><T42/><D29/><U52/><E33/><V88/><REACH who="2" step="1"/><F27/><REACH who="2" ten="253,280,202,245" step="2"/><W92/><G4/><T44/><D42/><U63/><E5/><V47/><F47/><W46/><G46/><T68/><D68/><U58/><E114/><V135/><F135/><W23/><G57/><T71/><D71/><U54/><E112/><V1/><F1/><W15/><G45/><T105/><D0/><U24/><E24/><V128/><F128/><W21/><G6/><T67/><D3/><U14/><E14/><V66/><F66/><W41/><G41/><T48/><D67/><U130/><E64/><V50/><F50/><W121/><G49/><T55/><D133/><U2/><E2/><V59/><F59/><W62/><G62/><T28/><D132/><U26/><E26/><V101/><F101/><W10/><G121/><T99/><D48/><U97/><E130/><V116/><F116/><W120/><G120/><T107/><D51/><U90/><E100/><V43/><F43/><W32/><G32/><T104/><D44/><U122/><E63/><V61/><F61/><W8/><G23/><T36/><D36/><RYUUKYOKU ba="2,2" sc="253,-15,280,-15,202,15,245,15" hai2="9,12,19,74,76,82,83,86,88,93,102,126,127" hai3="8,10,11,13,15,16,17,21,73,78,81,91,92" /><INIT seed="3,3,2,0,0,68" ten="238,265,217,260" oya="3" hai0="120,123,43,132,62,56,97,104,112,118,47,130,41" hai1="29,103,128,40,33,101,107,88,117,23,90,124,75" hai2="105,7,119,19,22,38,18,116,24,8,95,51,1" hai3="34,25,13,35,70,17,59,106,133,76,53,52,87"/><W11/><G106/><T2/><D2/><U100/><E33/><V54/><F105/><W108/><G70/><T110/><D118/><U42/><E117/><V93/><F116/><W65/><G133/><T81/><D81/><U92/><E107/><V45/><F119/><W32/><G108/><T67/><D132/><U99/><E124/><V63/><F63/><N who="3" m="38143" /><G35/><T15/><D110/><U26/><E128/><V12/><REACH who="2" step="1"/><F38/><REACH who="2" ten="238,265,207,260" step="2"/><W27/><G34/><T48/><D130/><U135/><E135/><V122/><F122/><W61/><G32/><T74/><D120/><U115/><E115/><V49/><F49/><W44/><G61/><T83/><D123/><U86/><E75/><V31/><F31/><W50/><G53/><T79/><D112/><U102/><N who="1" m="25600" /><DORA hai="64" /><U21/><E21/><AGARI ba="3,3" hai="1,7,8,12,18,19,21,22,24,45,51,54,93,95" machi="21" ten="30,3900,0" yaku="1,1,7,1,53,1" doraHai="68,64" doraHaiUra="0,57" who="2" fromWho="1" sc="238,0,265,-48,207,78,260,0" /><INIT seed="4,0,0,1,2,99" ten="238,217,285,260" oya="0" hai0="29,70,43,53,129,64,31,45,57,95,41,76,54" hai1="24,73,18,69,82,106,59,44,4,62,30,117,96" hai2="12,107,14,118,91,103,7,15,100,17,97,78,8" hai3="27,114,47,50,128,10,33,113,39,101,81,23,40"/><T66/><D76/><U2/><E117/><V21/><F118/><W37/><G33/><T42/><D95/><U94/><E106/><V0/><F100/><W60/><G10/><T9/><D9/><U3/><E69/><V34/><F78/><W32/><G32/><T52/><D129/><U49/><E73/><V55/><F34/><W115/><G81/><T124/><D124/><U111/><E82/><V85/><F55/><N who="0" m="21002" /><D29/><U36/><E36/><N who="3" m="13898" /><G60/><N who="0" m="40199" /><D31/><U135/><E135/><V125/><F125/><W28/><G128/><T126/><D126/><U122/><E122/><V11/><F11/><W5/><G5/><T46/><D66/><U93/><E4/><V98/><F98/><W38/><G38/><T58/><D58/><U110/><E30/><V90/><F90/><W133/><G133/><T48/><AGARI ba="0,0" hai="41,42,43,45,46,48,52,57" m="40199,21002" machi="48" ten="30,18000,2" yaku="35,5,54,1" doraHai="99" who="0" fromWho="0" sc="238,180,217,-60,285,-60,260,-60" owari="418,51.8,157,-34.3,225,2.5,200,-20.0" /></mjloggm>