<mjloggm ver="2.3"><GO type="225" lobby="0"/><UN n0="%E6%9D%B1%E9%A2%A8%E3%81%AE%E3%81%8D%E3%82%83%E3%81%B7%E3%81%95%E3%82%93" n1="%E3%80%90%E3%83%88%E3%83%AA%E3%83%A5%E3%83%95%E3%80%91" n2="%E6%81%A5%E6%99%92%E3%81%97" n3="%E6%A1%9C%E8%8A%B1%E9%96%83%E3%80%85" dan="17,16,16,16" rate="2176.89,2069.27,2133.14,2179.83" sx="M,M,M,M"/><TAIKYOKU oya="0"/><INIT seed="0,0,0,2,5,50" ten="250,250,250,250" oya="0" hai0="102,69,36,89,52,67,105,135,99,104,34,13,83" hai1="30,88,73,80,120,108,49,1,3,114,64,42,12" hai2="84,25,117,95,91,70,115,128,126,43,23,55,20" hai3="101,90,134,37,98,53,68,5,14,125,29,109,51"/><T61/><D135/><U81/><E120/><V122/><F115/><W11/><G134/><T60/><D36/><U7/><E108/><V10/><F122/><W19/><G109/><T6/><D105/><U93/><E64/><V59/><F70/><W41/><G125/><T71/><D34/><U86/><E30/><V129/><F126/><W77/><G68/><T17/><D6/><U112/><E73/><V57/><F117/><W45/><G77/><T35/><D35/><U38/><E38/><V133/><F133/><W75/><G75/><T87/><D71/><U0/><E42/><V28/><F43/><W39/><G29/><T63/><REACH who="0" step="1"/><D52/><REACH who="0" ten="240,250,250,250" step="2"/><U65/><E65/><V27/><F59/><W119/><G5/><T74/><D74/><U9/><REACH who="1" step="1"/><E49/><REACH who="1" ten="240,240,250,250" step="2"/><V85/><F128/><W66/><G66/><T132/><D132/><U32/><E32/><V124/><F129/><W82/><G41/><T111/><D111/><U16/><E16/><V96/><F124/><W8/><G39/><T48/><D48/><U15/><E15/><V79/><F27/><W18/><G37/><T97/><D97/><U46/><E46/><V56/><F96/><W92/><G19/><T54/><D54/><U26/><E26/><V2/><F55/><W106/><G18/><T113/><D113/><AGARI ba="0,2" hai="0,1,3,7,9,12,80,81,86,88,93,112,113,114" machi="113" ten="50,6400,0" yaku="1,1,11,1,54,1,53,0" doraHai="50" doraHaiUra="31" who="1" fromWho="0" sc="240,-64,240,84,250,0,250,0" /><INIT seed="1,0,0,3,5,41" ten="176,324,250,250" oya="1" hai0="50,117,22,88,110,32,96,60,14,82,83,57,109" hai1="100,116,45,113,129,85,71,12,65,69,55,59,56" hai2="79,119,47,75,123,62,134,84,94,112,115,37,90" hai3="3,107,95,103,18,72,108,38,20,121,111,51,127"/><U125/><E116/><V77/><F123/><W26/><G38/><T43/><D32/><U126/><E100/><V132/><F62/><W49/><G121/><T52/><D117/><U118/><E118/><V64/><F119/><W80/><G127/><N who="1" m="48650" /><E12/><V17/><F64/><W76/><G95/><N who="0" m="56423" /><D110/><N who="3" m="42025" /><G3/><T86/><D109/><U10/><E10/><V29/><F17/><W97/><AGARI ba="0,0" hai="18,20,26,49,51,72,76,80,97,103,107" m="42025" machi="97" ten="30,1100,0" yaku="14,1" doraHai="41" who="3" fromWho="3" sc="176,-3,324,-5,250,-3,250,11" /><INIT seed="2,0,0,4,4,117" ten="173,319,247,261" oya="2" hai0="85,67,62,86,41,20,5,87,17,65,7,12,111" hai1="43,124,89,132,134,94,95,126,119,75,30,92,38" hai2="80,135,73,70,3,29,69,35,105,99,36,108,64" hai3="15,48,114,130,56,13,103,129,40,32,59,81,50"/><V72/><F135/><N who="1" m="51753" /><E119/><V16/><F16/><W71/><G71/><N who="2" m="27145" /><F64/><W76/><G32/><T45/><D111/><U24/><E75/><N who="2" m="28747" /><F108/><W4/><G103/><T123/><D123/><U104/><E104/><V34/><F80/><W0/><G0/><T18/><D18/><U116/><E116/><V21/><F21/><W133/><G133/><T2/><D2/><U10/><E10/><V106/><F99/><W78/><G81/><T68/><REACH who="0" step="1"/><D67/><REACH who="0" ten="163,319,247,261" step="2"/><U37/><E124/><V128/><F128/><W42/><G4/><T83/><D83/><U55/><E126/><V79/><F29/><W98/><G114/><T25/><D25/><U9/><E24/><V58/><F3/><W11/><G11/><T113/><D113/><U8/><E8/><V39/><F79/><W120/><G98/><T14/><D14/><U115/><E115/><V23/><F23/><W61/><G61/><T91/><D91/><U93/><E30/><V44/><F44/><W6/><G6/><T22/><D22/><U102/><E9/><V52/><F35/><W122/><AGARI ba="0,1" hai="13,15,40,42,48,50,56,59,76,78,120,122,129,130" machi="122" ten="25,8000,1" yaku="0,1,22,2,52,2" doraHai="117" who="3" fromWho="3" sc="163,-20,319,-20,247,-40,261,90" /><INIT seed="3,0,0,1,0,3" ten="143,299,207,351" oya="3" hai0="19,129,25,40,84,135,1,111,55,12,7,36,103" hai1="4,87,125,133,65,88,86,121,32,45,61,37,58" hai2="44,33,31,34,41,97,107,119,90,70,52,101,128" hai3="69,9,120,134,112,123,60,126,16,5,104,83,73"/><W113/><G16/><T28/><D135/><U53/><E121/><N who="3" m="46666" /><G104/><T62/><D129/><U78/><E133/><V131/><F70/><W109/><G134/><T35/><D111/><U6/><E32/><V2/><F119/><W13/><G13/><T17/><D103/><U93/><E125/><V14/><F2/><N who="3" m="183" /><G109/><T122/><D122/><U38/><E38/><V72/><F90/><W48/><G48/><T27/><D84/><U99/><E37/><V10/><F72/><W102/><G102/><T39/><D40/><U130/><E130/><N who="2" m="49707" /><F41/><W56/><G56/><T110/><D110/><U92/><E78/><V59/><F31/><W117/><G126/><T57/><D25/><U24/><E24/><V67/><F44/><W95/><G95/><T26/><D26/><U29/><E29/><V98/><F107/><W42/><G42/><T75/><D75/><U115/><E115/><V81/><F101/><W22/><G22/><T116/><D116/><U100/><E86/><V105/><F105/><W118/><G113/><T89/><D89/><U15/><E15/><V132/><F132/><W77/><G112/><T108/><D108/><U82/><E93/><V91/><F67/><AGARI ba="0,0" hai="60,67,69,73,77,83,117,118" m="183,46666" machi="67" ten="30,2900,0" yaku="23,1,52,1" doraHai="3" who="3" fromWho="2" sc="143,0,299,0,207,-29,351,29" owari="143,-35.7,299,9.9,178,-22.2,380,48.0" /></mjloggm>