<mjloggm ver="2.3"><GO type="225" lobby="0"/><UN n0="%E3%81%86%E3%82%8C%E3%81%9F%E3%82%93%E6%9E%95" n1="%E7%99%BD%E6%97%A5%E9%9B%AA%E8%8F%9C" n2="%73%75%7A%75%6D%65%33" n3="%E7%99%BD%E9%9B%AA%E4%B9%83%E6%84%9B" dan="16,16,18,16" rate="2094.23,2144.73,2255.42,2102.50" sx="F,M,M,F"/><TAIKYOKU oya="0"/><INIT seed="0,0,0,0,0,19" ten="250,250,250,250" oya="0" hai0="31,108,74,85,62,131,23,13,95,35,135,84,25" hai1="5,97,28,33,58,124,72,18,17,57,47,105,88" hai2="122,93,30,73,48,59,133,27,119,114,132,118,24" hai3="3,1,69,71,78,7,128,134,14,75,8,63,129"/><T11/><D131/><N who="3" m="50249" /><G134/><N who="2" m="51817" /><F73/><W116/><G116/><N who="2" m="44585" /><F93/><W64/><G71/><T22/><D135/><U43/><E72/><V96/><F96/><W104/><G104/><T121/><D121/><U66/><E124/><V76/><F76/><W86/><G75/><T89/><D74/><U40/><E105/><V100/><F100/><W38/><G38/><T90/><D108/><U12/><E97/><V2/><F122/><W39/><G39/><T113/><D62/><U101/><E88/><V130/><F130/><W68/><G68/><T50/><D50/><U20/><E101/><V61/><F2/><W115/><G115/><T123/><D123/><U0/><E0/><V81/><F81/><AGARI ba="0,0" hai="1,3,7,8,14,63,64,69,78,81,86" m="50249" machi="81" ten="30,1000,0" yaku="19,1" doraHai="19" who="3" fromWho="2" sc="250,0,250,0,250,-10,250,10" /><INIT seed="1,0,0,3,4,126" ten="250,250,240,260" oya="1" hai0="53,15,14,77,36,37,120,91,121,69,79,30,88" hai1="63,7,125,135,130,5,124,111,58,42,118,0,31" hai2="67,32,62,87,43,108,100,113,94,131,21,89,95" hai3="17,81,96,6,51,50,86,18,59,9,57,115,27"/><U127/><E118/><V41/><F32/><W10/><G115/><T39/><D69/><U90/><E135/><V25/><F113/><W68/><G68/><T34/><D53/><U33/><E42/><V8/><F108/><W70/><G70/><T97/><D97/><U40/><E40/><V123/><F123/><N who="0" m="47178" /><D30/><U47/><E47/><V80/><F8/><W103/><G27/><T109/><D34/><U60/><E111/><V22/><F131/><W35/><G35/><T13/><D109/><U92/><E130/><V73/><F73/><W122/><G122/><T4/><D4/><U49/><E49/><V64/><F21/><W99/><G86/><T2/><D2/><U23/><E33/><V104/><F104/><W46/><G81/><T117/><D117/><U45/><E45/><V55/><F55/><W24/><G24/><T38/><N who="0" m="9216" /><DORA hai="1" /><T112/><D112/><U119/><E119/><V56/><F67/><W110/><G46/><T107/><D107/><U26/><E0/><V76/><F41/><W75/><G110/><T72/><D72/><U19/><E31/><V61/><F43/><W71/><G71/><T29/><D29/><U74/><E74/><V106/><F106/><W93/><G75/><T102/><D102/><U114/><E114/><V48/><F100/><W116/><G103/><T133/><D133/><U65/><E63/><N who="2" m="37991" /><F48/><W12/><G116/><T128/><D128/><U134/><E134/><V85/><F94/><W28/><G93/><T3/><D3/><U98/><AGARI ba="0,0" hai="5,7,19,23,26,58,60,65,90,92,98,124,125,127" machi="98" ten="30,11700,0" yaku="0,1,18,1,52,2" doraHai="126,1" who="1" fromWho="1" sc="250,-39,250,117,240,-39,260,-39" /><INIT seed="1,1,0,0,4,22" ten="211,367,201,221" oya="1" hai0="113,88,32,101,123,52,119,115,79,72,90,25,109" hai1="60,40,54,127,71,95,108,7,41,56,27,132,12" hai2="131,15,36,128,97,4,104,33,89,62,92,126,114" hai3="66,11,61,83,112,85,1,134,2,31,77,38,3"/><U121/><E121/><V21/><F33/><W100/><G112/><T30/><D119/><U39/><E132/><V99/><F114/><W10/><G38/><T18/><D123/><U81/><E127/><V80/><F36/><W42/><G42/><T96/><D109/><U58/><E71/><V125/><F62/><W122/><G122/><T8/><D79/><U14/><E39/><V65/><F65/><W93/><G134/><T87/><D72/><U94/><E108/><V133/><F133/><W98/><REACH who="3" step="1"/><G31/><REACH who="3" ten="211,367,201,211" step="2"/><T118/><D113/><U64/><E41/><V53/><F126/><W63/><G63/><T110/><D115/><U43/><E43/><V107/><F125/><W6/><G6/><T51/><D110/><U129/><E40/><V13/><F4/><W91/><G91/><T0/><D90/><U68/><E7/><V69/><F89/><W67/><G67/><T44/><D118/><U70/><E64/><V106/><F53/><W9/><G9/><T19/><D8/><U116/><E60/><V5/><F5/><W23/><G23/><T84/><D0/><U37/><E54/><V124/><F21/><W76/><G76/><T24/><D88/><U20/><E37/><V135/><F124/><W103/><G103/><T50/><D50/><U29/><E116/><V117/><F117/><W48/><G48/><T111/><D111/><U105/><E20/><V55/><F135/><W28/><G28/><T45/><D44/><U74/><E29/><V102/><F102/><W34/><G34/><T86/><D24/><U82/><E129/><V17/><F131/><RYUUKYOKU ba="1,1" sc="211,15,367,-15,201,-15,211,15" hai0="18,19,25,30,32,45,51,52,84,86,87,96,101" hai3="1,2,3,10,11,61,66,77,83,85,93,98,100" /><INIT seed="2,2,1,1,4,121" ten="226,352,186,226" oya="2" hai0="38,99,94,95,49,8,43,92,116,29,73,72,28" hai1="5,24,96,36,61,124,10,42,50,125,63,133,101" hai2="106,78,90,107,70,15,0,25,88,52,122,27,91" hai3="1,13,81,102,45,86,7,47,20,74,19,22,53"/><V103/><F0/><W41/><G74/><T117/><D38/><U48/><E133/><V118/><F122/><W51/><G102/><T77/><D99/><U16/><E36/><V54/><F70/><W100/><G100/><T2/><D2/><U75/><E75/><N who="0" m="28745" /><D8/><U69/><E24/><N who="2" m="9291" /><F103/><W87/><G1/><T66/><D66/><U108/><E69/><V84/><F118/><N who="0" m="45674" /><D77/><U82/><E101/><V71/><F71/><W114/><G114/><T129/><D129/><U98/><E5/><V76/><F84/><W119/><G119/><T85/><D85/><U113/><E113/><V56/><F56/><W115/><G115/><T131/><D131/><U104/><E98/><V62/><F62/><W123/><G123/><T31/><D43/><U3/><E42/><V57/><F57/><N who="3" m="32959" /><G86/><T32/><D49/><U65/><E96/><V18/><F107/><W59/><G59/><T37/><D37/><U17/><E104/><V14/><F106/><W132/><G41/><T58/><D58/><U26/><E63/><V79/><F14/><W30/><G87/><T135/><D135/><U134/><E134/><V39/><F39/><W6/><G132/><T23/><D32/><U128/><E3/><V4/><F4/><N who="3" m="1579" /><G81/><T33/><D33/><U105/><E82/><V109/><F109/><W34/><G34/><T111/><D111/><U68/><E108/><V127/><F127/><N who="1" m="48713" /><E105/><V64/><F64/><W12/><G12/><T35/><D35/><U110/><E110/><V112/><F112/><W126/><G126/><T130/><D130/><U93/><E128/><V80/><F80/><RYUUKYOKU ba="2,1" sc="226,10,352,-30,186,10,226,10" hai0="23,28,29,31,92,94,95" hai2="15,18,52,54,76,78,79,88,90,91" hai3="13,19,20,22,30,45,47" /><INIT seed="2,3,1,5,3,11" ten="236,322,196,236" oya="2" hai0="10,34,40,37,68,2,131,17,59,100,80,129,72" hai1="123,76,43,69,7,121,57,104,115,88,125,122,33" hai2="45,53,135,63,54,116,103,107,29,73,132,85,48" hai3="98,119,133,35,31,23,113,38,105,117,89,14,94"/><V93/><F116/><W62/><G38/><T108/><D68/><U27/><E69/><V82/><F29/><W26/><G133/><N who="2" m="51273" /><F107/><W127/><G127/><T77/><D108/><U32/><E115/><V120/><F120/><W96/><G113/><T92/><D34/><U128/><E125/><V44/><F73/><W39/><G39/><T110/><D110/><U16/><E104/><V97/><F63/><W13/><G62/><T9/><D59/><U5/><E128/><N who="0" m="49225" /><D2/><U75/><E43/><N who="2" m="24607" /><F45/><W86/><G35/><N who="1" m="13386" /><E57/><V52/><F54/><W47/><G47/><N who="0" m="23951" /><D100/><U102/><E102/><V95/><F95/><W130/><G130/><T71/><D71/><U28/><E28/><V118/><F118/><W51/><G105/><T25/><D92/><U49/><E75/><V90/><AGARI ba="3,1" hai="52,53,82,85,90,93,97,103" m="24607,51273" machi="90" ten="30,3000,0" yaku="20,1,54,1" doraHai="11" who="2" fromWho="2" sc="236,-13,322,-13,196,49,236,-13" /><INIT seed="2,4,0,0,5,55" ten="223,309,245,223" oya="2" hai0="39,61,134,46,28,98,17,5,89,71,49,29,22" hai1="114,18,12,37,117,74,24,127,52,83,53,45,47" hai2="42,8,113,78,95,112,108,26,107,81,63,56,121" hai3="86,118,70,51,90,6,101,67,3,10,109,115,106"/><V79/><F107/><W54/><G118/><T36/><D134/><U96/><E117/><V131/><F121/><W73/><G109/><T9/><D36/><U33/><E114/><V124/><F42/><W82/><G115/><T32/><D39/><U102/><E127/><V11/><F124/><W31/><G31/><T68/><D32/><U87/><E74/><V40/><F40/><W126/><G126/><T88/><D28/><U62/><E24/><V128/><F26/><W16/><G73/><T50/><D29/><U122/><E33/><V48/><F48/><W97/><G67/><T125/><D49/><U120/><E37/><V129/><F95/><W30/><G30/><T14/><D125/><U93/><E120/><V44/><F44/><N who="1" m="16969" /><E62/><V130/><F130/><W7/><G70/><T77/><D77/><N who="2" m="29194" /><F81/><W94/><G6/><T35/><D35/><U104/><E104/><V64/><F108/><W119/><G119/><T76/><D76/><N who="1" m="46567" /><E122/><V103/><F103/><W111/><G111/><T135/><D71/><U116/><E116/><V0/><F0/><W69/><G69/><T41/><D68/><U59/><E59/><V100/><F100/><W60/><G106/><T85/><D61/><U25/><E25/><V66/><F66/><W84/><G60/><T91/><D135/><U92/><E92/><V58/><F58/><N who="3" m="33119" /><G86/><T15/><REACH who="0" step="1"/><D85/><REACH who="0" ten="213,309,245,223" step="2"/><U123/><E123/><V43/><F43/><W23/><G84/><T65/><D65/><U75/><E75/><V13/><F112/><W1/><G82/><T99/><AGARI ba="4,1" hai="5,9,14,15,17,22,41,46,50,88,89,91,98,99" machi="99" ten="30,7900,0" yaku="1,1,0,1,8,1,54,1,53,0" doraHai="55" doraHaiUra="72" who="0" fromWho="0" sc="213,101,309,-24,245,-43,223,-24" /><INIT seed="3,0,0,0,2,51" ten="314,285,202,199" oya="3" hai0="28,10,38,52,93,70,122,57,115,22,72,43,54" hai1="103,67,58,4,27,100,26,44,0,126,1,86,6" hai2="15,91,24,75,119,85,74,131,8,90,64,29,96" hai3="112,127,39,35,33,114,89,124,49,73,21,125,78"/><W118/><G39/><T102/><D122/><U80/><E126/><V84/><F119/><W105/><G118/><T37/><D72/><U133/><E133/><V116/><F116/><W62/><G105/><T117/><D70/><U120/><E120/><V41/><F131/><W25/><G62/><T128/><D93/><U107/><E107/><V59/><F41/><W9/><G9/><T12/><D102/><N who="1" m="38955" /><E1/><V109/><F109/><W121/><G121/><T7/><D43/><U53/><E0/><V77/><F77/><W16/><G89/><N who="2" m="33801" /><F96/><W66/><G66/><T55/><D57/><U69/><E69/><V88/><F75/><W108/><G108/><T71/><D128/><U46/><E67/><V101/><F101/><W87/><G73/><T48/><D71/><U45/><E6/><V82/><F74/><W129/><G129/><T113/><D48/><N who="1" m="31015" /><E4/><V106/><F106/><W135/><G135/><T94/><D94/><U40/><E40/><V123/><F123/><W60/><G60/><T132/><D132/><U31/><E31/><V79/><F84/><W61/><G61/><T32/><D32/><N who="3" m="12361" /><G49/><T63/><D63/><U50/><E50/><V18/><F64/><W68/><G68/><T47/><D117/><U36/><E36/><V2/><F2/><W104/><G104/><T99/><D47/><U92/><E92/><V130/><F130/><W97/><G97/><T19/><D99/><U134/><E134/><V23/><F59/><W83/><AGARI ba="0,0" hai="16,21,25,78,83,87,112,114,124,125,127" m="12361" machi="83" ten="40,3900,0" yaku="18,1,54,1" doraHai="51" who="3" fromWho="3" sc="314,-13,285,-13,202,-13,199,39" /><INIT seed="3,1,0,3,3,106" ten="301,272,189,238" oya="3" hai0="111,135,48,128,82,71,26,122,113,109,14,20,35" hai1="77,118,38,0,96,34,76,98,91,42,46,19,131" hai2="117,114,49,79,24,52,22,57,15,110,126,68,4" hai3="120,86,8,95,88,69,17,94,5,18,93,27,127"/><W45/><G120/><T83/><D113/><U116/><E34/><V58/><F114/><W37/><G69/><T112/><D112/><U33/><E33/><V101/><F117/><N who="1" m="45161" /><E0/><V65/><F110/><N who="0" m="41994" /><D135/><U11/><E131/><V1/><F1/><W134/><G134/><T39/><D39/><U6/><E6/><V29/><F126/><W36/><G127/><T2/><D2/><U60/><E60/><N who="2" m="38039" /><F68/><W72/><G72/><T47/><D122/><U16/><E11/><N who="2" m="4583" /><F101/><W12/><G37/><T80/><D128/><U115/><E115/><V62/><F79/><N who="1" m="30281" /><E91/><V3/><F3/><W53/><G36/><T9/><D35/><U31/><E31/><V130/><F130/><W119/><G119/><T21/><D26/><U92/><E92/><N who="3" m="35434" /><G27/><T23/><D71/><U67/><E67/><V63/><AGARI ba="1,0" hai="22,24,29,49,52,57,62,63" m="4583,38039" machi="63" ten="30,2000,0" yaku="8,1,54,1" doraHai="106" who="2" fromWho="2" sc="301,-6,272,-6,189,23,238,-11" /><INIT seed="4,0,0,1,0,135" ten="295,266,212,227" oya="0" hai0="99,92,38,62,5,75,20,52,29,50,68,59,81" hai1="78,115,44,103,3,45,21,43,116,32,131,12,129" hai2="67,54,95,134,125,91,47,117,118,22,73,128,25" hai3="49,16,28,7,87,46,0,35,120,83,4,65,55"/><T66/><D38/><U93/><E116/><N who="2" m="44651" /><F134/><W84/><G120/><T24/><D5/><N who="3" m="2121" /><G0/><T42/><D42/><U98/><E3/><V110/><F110/><W36/><G35/><T124/><D124/><U33/><E78/><V86/><F73/><W61/><G36/><T6/><D6/><U19/><E115/><V89/><F128/><N who="1" m="49225" /><E45/><V77/><F67/><W130/><G28/><T11/><D11/><U13/><E13/><V104/><F104/><W72/><G72/><T123/><D123/><U69/><E69/><V60/><F77/><N who="3" m="46191" /><G130/><T122/><D122/><U108/><E108/><V126/><F91/><W85/><G61/><T31/><D75/><U56/><E56/><N who="2" m="34839" /><F47/><W51/><G65/><T94/><D81/><U40/><E40/><V70/><F70/><W97/><G97/><T9/><D9/><U114/><E114/><V112/><F112/><W41/><G16/><AGARI ba="0,0" hai="16,22,25,86,89,95,125,126" m="34839,44651" machi="16" ten="30,7700,0" yaku="12,1,52,2,54,1" doraHai="135" who="2" fromWho="3" sc="295,0,266,0,212,77,227,-77" /><INIT seed="5,0,0,5,3,98" ten="295,266,289,150" oya="1" hai0="131,50,52,121,0,106,118,112,83,33,49,135,104" hai1="41,86,48,13,108,42,109,44,55,27,125,128,40" hai2="77,116,43,25,132,75,87,8,1,23,119,24,30" hai3="61,91,14,85,97,82,68,70,32,18,53,101,56"/><U37/><E128/><V45/><F132/><W100/><G32/><T31/><D118/><U81/><E125/><V123/><F123/><W73/><G73/><T16/><D135/><U89/><E27/><V80/><F25/><W72/><G72/><T39/><D39/><U107/><E107/><V117/><F87/><W10/><REACH who="3" step="1"/><G100/><REACH who="3" ten="295,266,289,140" step="2"/><T65/><D121/><U74/><E74/><V126/><F126/><W58/><G58/><T113/><D33/><U127/><E127/><V122/><F122/><W19/><G19/><T94/><D16/><U46/><E13/><V84/><F119/><W11/><G11/><T115/><D115/><U76/><E76/><V79/><F79/><W7/><G7/><T59/><D113/><U64/><E64/><V12/><F75/><W62/><G62/><T69/><D65/><U114/><E114/><V92/><F117/><W29/><G29/><T102/><D31/><U78/><E78/><V103/><F116/><W130/><G130/><T28/><D131/><U66/><E66/><V2/><F2/><W5/><G5/><T133/><D28/><U88/><E89/><V95/><F1/><W35/><G35/><T22/><D0/><U134/><E134/><V4/><F103/><W9/><G9/><T124/><D102/><U120/><E120/><V96/><F96/><W60/><G60/><T3/><D3/><U51/><E108/><V6/><F6/><W129/><G129/><T15/><D112/><U105/><E109/><V111/><F111/><W63/><G63/><T34/><D34/><U93/><E88/><V36/><AGARI ba="0,1" hai="4,8,12,23,24,30,36,43,45,77,80,84,92,95" machi="36" ten="20,2700,0" yaku="5,1,0,1,7,1" doraHai="98" who="2" fromWho="2" sc="295,-7,266,-13,289,37,140,-7" owari="288,8.8,253,-14.7,326,42.6,133,-36.7" /></mjloggm>