<mjloggm ver="2.3"><GO type="225" lobby="0"/><UN n0="%E8%B6%85%E7%B4%9A%E9%B3%B3%E5%87%B0" n1="%47%68%6F%73%74%55%30" n2="%E6%9D%B1%E9%A2%A8%E3%81%AE%E3%81%8D%E3%82%83%E3%81%B7%E3%81%95%E3%82%93" n3="%E3%82%B2%E3%82%B9%E8%8C%82%E5%8B%9D" dan="16,17,16,16" rate="2131.22,2149.30,2135.87,2039.37" sx="M,M,M,F"/><TAIKYOKU oya="0"/><INIT seed="0,0,0,3,4,128" ten="250,250,250,250" oya="0" hai0="61,77,58,67,83,42,2,123,38,71,28,108,89" hai1="99,86,14,10,121,4,90,93,122,45,33,1,120" hai2="103,109,0,95,129,5,16,78,24,105,126,11,40" hai3="17,48,12,30,135,79,62,97,115,92,102,116,84"/><T54/><D123/><U70/><E70/><V47/><F126/><W113/><G116/><T112/><D112/><U39/><E33/><V81/><F109/><W132/><G30/><T6/><D108/><U49/><E39/><V96/><F129/><W60/><G48/><T41/><D28/><U125/><E125/><V98/><F98/><W130/><G130/><T101/><D101/><U31/><E31/><V82/><F105/><W44/><G44/><T36/><D89/><U66/><E66/><V52/><F78/><W88/><G79/><T80/><D36/><U23/><E86/><V69/><F69/><W91/><G91/><T100/><D100/><U110/><E110/><V29/><F40/><W51/><G51/><T27/><D27/><U21/><REACH who="1" step="1"/><E1/><REACH who="1" ten="250,240,250,250" step="2"/><V76/><F29/><W73/><G73/><N who="0" m="43055" /><D38/><U43/><AGARI ba="0,1" hai="4,10,14,21,23,43,45,49,90,93,99,120,121,122" machi="43" ten="30,2000,0" yaku="1,1,0,1,53,0" doraHai="128" doraHaiUra="63" who="1" fromWho="1" sc="250,-10,240,30,250,-5,250,-5" /><INIT seed="1,0,0,0,0,73" ten="240,270,245,245" oya="1" hai0="56,125,72,9,82,86,131,16,102,123,62,113,81" hai1="13,52,88,104,134,63,53,59,97,94,28,70,17" hai2="120,61,132,5,33,69,128,87,27,66,54,105,100" hai3="133,103,15,76,51,20,108,41,8,43,7,12,46"/><U58/><E134/><V10/><F132/><W42/><G133/><T37/><D113/><U19/><E104/><V35/><F128/><W1/><G108/><T36/><D131/><U23/><E70/><V32/><F120/><W98/><G76/><T50/><D123/><U79/><E79/><V65/><F87/><W83/><G83/><T26/><D125/><U22/><E28/><V101/><F65/><W38/><G38/><T29/><D72/><U2/><E2/><V57/><F27/><W85/><G85/><T4/><D102/><U60/><E19/><V126/><F126/><W49/><G20/><AGARI ba="0,0" hai="13,17,20,22,23,52,53,58,59,60,63,88,94,97" machi="20" ten="30,12000,1" yaku="7,1,9,1,8,1,54,2" doraHai="73" who="1" fromWho="3" sc="240,0,270,120,245,0,245,-120" /><INIT seed="1,1,0,0,1,34" ten="240,390,245,125" oya="1" hai0="100,43,58,105,23,133,134,20,73,8,27,41,15" hai1="99,130,5,74,47,125,24,42,9,37,107,59,63" hai2="28,114,80,83,124,110,106,71,22,32,135,70,82" hai3="51,122,79,94,118,65,0,68,60,54,67,39,16"/><U13/><E74/><V85/><F106/><W62/><G122/><T109/><D73/><U57/><E125/><V44/><F124/><W19/><G118/><T53/><D109/><U30/><E130/><V128/><F110/><W52/><G39/><T103/><D105/><U36/><E36/><V3/><F32/><W7/><G79/><T113/><D113/><U89/><E89/><V18/><F28/><W97/><G54/><T40/><D103/><U120/><E120/><V1/><F114/><W11/><G62/><T61/><D100/><U50/><E37/><V81/><F44/><W66/><G66/><T56/><D56/><U111/><E59/><V55/><F55/><W129/><G67/><T49/><D49/><U115/><E115/><V121/><F121/><W127/><G129/><T25/><D23/><N who="1" m="15647" /><E107/><V31/><F31/><W91/><G127/><T12/><D20/><U48/><E50/><V104/><F104/><W123/><G123/><T35/><D35/><U126/><E126/><V92/><F128/><W33/><G33/><T69/><D69/><U75/><E75/><V98/><F71/><W96/><G96/><T46/><D46/><AGARI ba="1,0" hai="0,7,11,16,19,46,51,52,60,65,68,91,94,97" machi="46" ten="30,7700,0" yaku="7,1,52,1,54,2" doraHai="34" who="3" fromWho="0" sc="240,-80,390,0,245,0,125,80" /><INIT seed="2,0,0,4,4,106" ten="160,390,245,205" oya="2" hai0="32,75,15,71,5,133,61,8,16,102,77,69,97" hai1="44,55,3,130,72,60,79,49,105,21,47,6,99" hai2="7,30,59,26,108,114,87,94,9,100,35,119,14" hai3="116,89,95,92,122,48,128,33,58,56,18,52,98"/><V64/><F119/><W74/><G116/><T78/><D32/><U29/><E130/><V80/><F114/><W66/><G128/><T82/><D133/><U96/><E105/><V24/><F108/><W127/><G122/><T85/><D5/><U25/><E60/><V109/><F109/><W90/><G33/><T1/><D1/><U4/><E47/><V125/><F125/><W91/><G127/><T132/><D132/><U115/><E115/><V22/><F64/><W70/><G70/><T101/><D61/><U31/><E3/><V11/><F59/><W83/><G18/><T118/><D118/><U110/><E29/><V53/><F53/><W113/><G113/><T129/><D129/><U13/><E110/><V107/><F107/><W112/><G112/><T45/><D45/><U38/><E38/><V51/><F51/><W81/><G89/><T40/><D40/><U37/><E37/><V27/><F11/><W120/><G120/><T12/><D12/><U73/><E13/><V117/><F35/><W86/><G74/><T135/><D135/><U123/><E72/><V34/><F34/><W39/><G39/><T50/><D50/><U103/><E73/><V41/><F41/><W126/><G126/><T20/><D20/><U111/><E111/><V65/><F117/><W93/><G93/><N who="0" m="58543" /><D102/><U76/><E55/><V19/><F30/><W104/><G104/><T121/><D121/><U62/><E49/><V131/><F131/><W134/><G134/><T23/><D8/><U0/><E31/><V68/><F9/><W36/><G36/><T46/><D46/><RYUUKYOKU ba="0,0" sc="160,15,390,-15,245,-15,205,15" hai0="15,16,23,69,71,75,77,78,82,85" hai3="48,52,56,58,66,81,83,86,90,91,92,95,98" /><INIT seed="3,1,0,0,1,13" ten="175,375,230,220" oya="3" hai0="69,95,94,123,6,12,104,125,10,128,8,93,39" hai1="35,78,117,14,47,15,135,82,77,132,30,50,134" hai2="53,122,111,129,62,29,110,41,76,133,26,91,38" hai3="114,88,32,28,43,115,124,21,52,17,74,86,45"/><W36/><G74/><T81/><D123/><U46/><E117/><V57/><F122/><W83/><G124/><T113/><D39/><U49/><E30/><V121/><F121/><W27/><REACH who="3" step="1"/><G52/><REACH who="3" ten="175,375,230,210" step="2"/><T55/><D125/><U56/><E47/><V0/><F53/><W37/><G37/><T87/><D128/><U18/><E46/><V116/><F38/><W19/><G19/><T65/><D113/><U72/><E18/><V42/><F129/><W7/><G7/><T92/><N who="0" m="23552" /><DORA hai="1" /><T106/><D55/><N who="1" m="31855" /><E50/><V11/><F42/><W22/><G22/><T97/><D97/><U130/><E130/><V108/><F41/><W64/><G64/><T112/><D112/><U71/><E132/><V79/><F133/><W51/><G51/><T67/><D8/><U2/><E134/><V101/><F101/><W23/><G23/><T75/><D75/><U54/><E54/><V3/><F111/><W84/><G84/><T107/><REACH who="0" step="1"/><D69/><REACH who="0" ten="165,375,230,210" step="2"/><U4/><E71/><V120/><F110/><W89/><G89/><AGARI ba="1,2" hai="6,10,12,65,67,81,87,89,104,106,107" m="23552" machi="89" ten="60,8000,1" yaku="1,1,2,1,52,1,53,2" doraHai="13,1" doraHaiUra="61,66" who="0" fromWho="3" sc="165,103,375,0,230,0,210,-83" owari="268,6.8,375,47.5,230,-17.0,127,-37.3" /></mjloggm>