<mjloggm ver="2.3"><GO type="225" lobby="0"/><UN n0="%E9%B3%B3%E6%9D%B1%E3%81%AE%E3%81%86%E3%81%95%E3%81%8E%E3%81%95%E3%82%93" n1="%72%69%6F%75%63%68%61%6E" n2="%6D%75%75%6D%75%72%61" n3="%47%32%E9%BE%8D%E9%96%80" dan="16,17,16,16" rate="2109.06,2160.83,2133.05,2107.55" sx="M,M,F,M"/><TAIKYOKU oya="0"/><INIT seed="0,0,0,3,4,33" ten="250,250,250,250" oya="0" hai0="41,81,104,116,55,36,56,46,63,88,106,58,0" hai1="85,112,32,16,84,72,114,51,129,102,25,18,131" hai2="62,4,128,95,87,27,11,82,125,8,100,76,78" hai3="73,39,24,35,98,96,6,118,108,15,89,29,42"/><T43/><D116/><U130/><E72/><V44/><F128/><W60/><G118/><T83/><D0/><U21/><E102/><V45/><F125/><W52/><G73/><T134/><D134/><U37/><E37/><V64/><F76/><W68/><G108/><T97/><D41/><U111/><E111/><V93/><F27/><W50/><G39/><T38/><D38/><U101/><E101/><V133/><F133/><W47/><G89/><T105/><REACH who="0" step="1"/><D56/><REACH who="0" ten="240,250,250,250" step="2"/><U1/><E1/><V115/><F115/><N who="1" m="44073" /><E32/><V67/><F67/><W74/><G42/><T122/><D122/><U65/><E65/><V69/><F64/><W22/><G35/><T53/><D53/><U26/><E51/><V48/><F48/><W23/><G50/><T110/><D110/><U10/><E10/><V19/><F11/><W132/><G132/><T103/><D103/><U9/><E9/><V12/><F100/><W92/><G52/><T90/><D90/><U124/><E124/><V59/><F8/><W135/><G135/><T54/><D54/><U57/><E57/><V34/><F59/><W91/><G91/><T28/><D28/><U71/><E71/><V49/><F49/><W70/><G70/><T75/><D75/><U31/><E31/><V30/><F69/><W20/><G74/><T66/><D66/><U107/><E107/><V86/><F30/><W3/><G29/><T119/><D119/><U120/><E120/><V61/><F61/><W79/><G60/><T14/><D14/><U127/><E127/><V126/><F62/><W17/><G68/><T77/><D77/><RYUUKYOKU ba="0,1" sc="240,15,250,15,250,-15,250,-15" hai0="36,43,46,55,58,63,81,83,88,97,104,105,106" hai1="16,18,21,25,26,84,85,129,130,131" /><INIT seed="0,1,1,0,0,53" ten="255,265,235,235" oya="0" hai0="14,99,11,57,55,0,56,36,71,6,45,133,97" hai1="81,48,29,3,52,127,125,33,70,50,119,27,128" hai2="37,120,13,35,130,25,67,21,116,123,34,69,126" hai3="129,96,47,20,101,100,115,76,46,78,103,9,117"/><T75/><D71/><U80/><E128/><V31/><F37/><W124/><G115/><T113/><D113/><U23/><E119/><V18/><F116/><W118/><G129/><T85/><D75/><U68/><E3/><V30/><F130/><W4/><G124/><N who="1" m="47690" /><E48/><V15/><F126/><W84/><G96/><N who="0" m="36939" /><D0/><U19/><E70/><V82/><F82/><W43/><G84/><T28/><D36/><U65/><E65/><V2/><F2/><W16/><G117/><T79/><D133/><U41/><E41/><V24/><REACH who="2" step="1"/><F13/><REACH who="2" ten="255,265,225,235" step="2"/><N who="3" m="5287" /><G118/><T95/><D95/><U107/><E107/><V60/><AGARI ba="1,2" hai="15,18,21,24,25,30,31,34,35,60,67,69,120,123" machi="60" ten="30,8000,1" yaku="1,1,0,1,9,1,53,2" doraHai="53" doraHaiUra="26" who="2" fromWho="2" sc="255,-41,265,-21,225,103,235,-21" /><INIT seed="1,0,0,5,0,91" ten="214,244,328,214" oya="1" hai0="122,110,46,70,87,73,119,84,34,21,98,53,86" hai1="107,31,118,13,120,59,36,71,102,61,108,22,40" hai2="127,100,121,88,114,26,15,5,25,11,54,101,72" hai3="69,58,128,4,57,24,94,1,97,8,7,80,50"/><U78/><E118/><V132/><F121/><W65/><G128/><T20/><D119/><U52/><E120/><V130/><F72/><W135/><G135/><T55/><D122/><U105/><E108/><V33/><F132/><W106/><G106/><T41/><D34/><U92/><E78/><V90/><F130/><W35/><G7/><T17/><D110/><U124/><E124/><V37/><F127/><W63/><G80/><T134/><D134/><U28/><E71/><V66/><F37/><W14/><G1/><T49/><D73/><U93/><E107/><V95/><F66/><W2/><G2/><T123/><D123/><U104/><E105/><V30/><F114/><W82/><G50/><T77/><D70/><U109/><E109/><V0/><F90/><W38/><G82/><T131/><D131/><U29/><E104/><V113/><F113/><W12/><G12/><N who="0" m="9255" /><D77/><U18/><REACH who="1" step="1"/><E102/><REACH who="1" ten="214,234,328,214" step="2"/><V56/><F101/><W48/><G69/><T115/><D115/><U126/><E126/><V10/><F100/><W62/><G57/><T111/><D111/><U51/><E51/><V45/><F56/><W81/><G48/><T60/><D60/><U129/><E129/><V133/><F133/><W79/><G63/><T125/><D125/><U16/><E16/><V42/><F30/><N who="3" m="19911" /><G38/><T39/><D39/><U32/><E32/><V43/><F33/><W75/><G58/><T83/><D49/><U19/><E19/><V23/><F43/><W96/><G62/><T3/><D41/><U27/><E27/><V112/><F42/><W89/><G65/><T9/><D9/><RYUUKYOKU ba="0,1" sc="214,-15,234,15,328,-15,214,15" hai1="13,18,22,28,29,31,36,40,52,59,61,92,93" hai3="4,8,14,75,79,81,89,94,96,97" /><INIT seed="1,1,1,2,0,47" ten="199,249,313,229" oya="1" hai0="134,27,59,42,110,69,117,111,14,107,13,123,83" hai1="21,130,67,84,80,6,127,43,93,98,75,55,38" hai2="89,0,53,128,1,65,102,25,41,45,129,119,88" hai3="87,120,50,12,19,118,79,10,132,31,18,86,61"/><U4/><E75/><V37/><F119/><W34/><G120/><T11/><D69/><U77/><E127/><V126/><F126/><W82/><G118/><T49/><D117/><U33/><E33/><V48/><F65/><W52/><G132/><T112/><D112/><U121/><E121/><V99/><F25/><W91/><G34/><T68/><D68/><U72/><E130/><N who="2" m="50283" /><F37/><W63/><G19/><T135/><D107/><U3/><E67/><V64/><F41/><W124/><G31/><T57/><D123/><U76/><E3/><N who="2" m="1099" /><F64/><W2/><G2/><T109/><D27/><U108/><E108/><V74/><F74/><W125/><G125/><T8/><D42/><U90/><E55/><V85/><F85/><W44/><G124/><T105/><D105/><AGARI ba="1,1" hai="45,48,53,88,89,99,102,105" m="1099,50283" machi="105" ten="30,3900,0" yaku="19,1,52,1,54,1" doraHai="47" who="2" fromWho="0" sc="199,-42,249,0,313,52,229,0" /><INIT seed="2,0,0,4,3,41" ten="157,249,365,229" oya="2" hai0="25,24,112,81,88,83,31,43,91,5,113,56,54" hai1="48,89,49,129,15,121,72,132,23,111,52,134,32" hai2="19,85,50,11,102,29,84,63,14,20,9,105,90" hai3="51,27,22,4,68,124,1,94,40,128,47,30,75"/><V6/><F105/><W92/><G75/><T35/><D5/><U2/><E2/><V74/><F74/><W65/><G128/><T33/><D43/><U57/><E32/><V38/><F38/><W87/><G124/><T133/><D56/><U28/><E72/><V119/><F102/><W7/><G87/><T3/><D54/><U0/><E0/><V135/><F135/><W66/><G68/><T12/><D3/><U53/><E129/><V103/><F103/><W125/><G125/><T118/><D133/><N who="1" m="51307" /><E111/><V77/><F63/><W122/><G122/><T36/><D36/><U70/><E70/><V69/><F69/><W62/><G1/><T93/><D12/><U67/><E121/><V107/><F107/><W18/><G30/><T58/><D58/><N who="1" m="33031" /><E89/><V78/><F90/><W46/><G62/><T71/><D71/><U115/><E115/><V16/><F14/><W76/><G76/><T123/><D123/><U80/><E80/><V17/><F78/><W10/><G66/><T55/><D31/><U116/><E116/><V37/><F119/><W98/><G65/><T86/><D118/><U64/><E15/><V34/><F77/><W21/><G27/><AGARI ba="0,0" hai="23,27,28,49,53,57,64,67" m="33031,51307" machi="27" ten="30,2000,0" yaku="20,1,54,1" doraHai="41" who="1" fromWho="3" sc="157,0,249,20,365,0,229,-20" /><INIT seed="3,0,0,3,0,74" ten="157,269,365,209" oya="3" hai0="39,4,73,128,96,19,125,65,69,120,135,67,24" hai1="31,38,77,100,80,27,18,70,13,41,127,117,0" hai2="114,94,64,134,85,72,109,2,26,40,91,47,50" hai3="55,115,42,30,36,48,131,118,10,129,29,102,101"/><W71/><G115/><T126/><D4/><U88/><E0/><V103/><F114/><W25/><G118/><T76/><D19/><U46/><E127/><N who="0" m="48649" /><D24/><U58/><E117/><V20/><F72/><W23/><G71/><T7/><D7/><U37/><E70/><V14/><F64/><W110/><G30/><T116/><D116/><U5/><E100/><V122/><F103/><W81/><G10/><T57/><D96/><U61/><E5/><V75/><F122/><W28/><G28/><T53/><D73/><U78/><E37/><V44/><F20/><W45/><G110/><T86/><D86/><N who="1" m="50247" /><E38/><V124/><F85/><W3/><G3/><T83/><D83/><U62/><E41/><V105/><F40/><W60/><G81/><T132/><D120/><U66/><E46/><V95/><F47/><N who="3" m="28063" /><G60/><N who="1" m="23146" /><E58/><V112/><F109/><W49/><G36/><T93/><D93/><U90/><E66/><N who="0" m="25097" /><D69/><U9/><E90/><V12/><F91/><W107/><G107/><T35/><D35/><U15/><E15/><V133/><F105/><W54/><G102/><T113/><D113/><U8/><E8/><V111/><F112/><W32/><G101/><T89/><D89/><U108/><E108/><V82/><F111/><W43/><G32/><T99/><D99/><U17/><E31/><V51/><F2/><W52/><G29/><T79/><D39/><U33/><E33/><V97/><F124/><W16/><G25/><T98/><D128/><U1/><E1/><V92/><F26/><W21/><G131/><T68/><D68/><U84/><E84/><V87/><F87/><RYUUKYOKU ba="0,0" sc="157,-10,269,30,365,-10,209,-10" hai1="9,13,17,18,27,77,78" owari="147,-35.3,299,9.9,355,45.5,199,-20.1" /></mjloggm>