<mjloggm ver="2.3"><GO type="225" lobby="0"/><UN n0="%70%68%65%6E%6F%6D%65" n1="%E3%81%AF%E3%82%88%E3%81%8A%E3%81%98%E3%81%95%E3%82%93" n2="%E3%81%9F%E3%81%A3%E3%81%A1%E3%82%87" n3="%E9%80%9F%E6%B0%B4%E5%87%9B%E9%A6%99" dan="17,16,16,16" rate="2161.04,2142.03,2109.65,2082.63" sx="M,M,M,F"/><TAIKYOKU oya="0"/><INIT seed="0,0,0,4,2,7" ten="250,250,250,250" oya="0" hai0="110,39,76,112,90,88,71,115,55,3,82,87,31" hai1="84,13,50,97,98,130,61,70,49,67,78,37,35" hai2="80,99,126,48,9,117,6,75,83,34,104,18,41" hai3="129,103,124,36,1,10,77,111,91,30,65,27,5"/><T25/><D71/><U85/><E37/><V94/><F126/><W96/><G124/><T38/><D3/><U134/><E35/><V93/><F34/><W108/><G36/><T132/><D132/><U113/><E134/><V28/><F117/><W54/><G77/><T33/><D110/><N who="3" m="42025" /><G129/><T64/><D64/><U86/><E130/><V102/><F28/><W2/><G65/><T4/><D4/><U120/><E120/><V133/><F18/><W42/><G42/><T45/><D39/><U125/><E125/><V26/><F26/><W15/><G54/><T106/><D106/><U14/><E78/><V116/><F116/><W23/><G91/><T12/><D12/><N who="1" m="4715" /><E113/><V123/><F75/><W47/><G47/><T81/><D90/><U101/><E101/><V46/><F123/><W59/><G59/><T73/><REACH who="0" step="1"/><D55/><REACH who="0" ten="240,250,250,250" step="2"/><U68/><E68/><V44/><F133/><W107/><AGARI ba="0,1" hai="1,2,5,10,15,23,27,30,96,103,107" m="42025" machi="107" ten="30,2000,0" yaku="14,1,52,1" doraHai="7" who="3" fromWho="3" sc="240,-10,250,-5,250,-5,250,30" /><INIT seed="1,0,0,5,2,114" ten="230,245,245,280" oya="1" hai0="78,30,99,106,31,131,89,51,135,125,52,123,54" hai1="28,16,108,118,70,97,56,23,53,58,124,87,120" hai2="110,121,47,111,21,82,76,93,2,10,98,64,44" hai3="127,113,79,86,33,104,60,83,38,26,132,91,46"/><U65/><E120/><V69/><F121/><W32/><G113/><T115/><D123/><U112/><E112/><V9/><F69/><W25/><G104/><T5/><D115/><U34/><E118/><V15/><F64/><W48/><G132/><T62/><D135/><U8/><E124/><V117/><F117/><W29/><G38/><T7/><D125/><U20/><E70/><V1/><F21/><W3/><G3/><T27/><D131/><U126/><E126/><V57/><F57/><W49/><G127/><T77/><D62/><N who="1" m="38087" /><E34/><V133/><F133/><W105/><G105/><T102/><D89/><U66/><E66/><V129/><F129/><W36/><G36/><T75/><D54/><U71/><E71/><V50/><F9/><W68/><G68/><T43/><D43/><U103/><E108/><N who="2" m="41515" /><F50/><W19/><G60/><T17/><D30/><U107/><E107/><V85/><F1/><W94/><G46/><T95/><D106/><U88/><E28/><V90/><F2/><W59/><G59/><N who="0" m="33183" /><D75/><U101/><E23/><V11/><F11/><W37/><G37/><T109/><D109/><U130/><E8/><V134/><F134/><W74/><G32/><T45/><D45/><U128/><E128/><V61/><F61/><W0/><G0/><T116/><D116/><U67/><E67/><V63/><F63/><W13/><G49/><T18/><D31/><U55/><E130/><V6/><AGARI ba="0,0" hai="6,10,15,44,47,76,82,85,90,93,98" m="41515" machi="6" ten="30,1100,0" yaku="14,1" doraHai="114" who="2" fromWho="2" sc="230,-3,245,-5,245,11,280,-3" /><INIT seed="2,0,0,2,0,74" ten="227,240,256,277" oya="2" hai0="19,121,37,78,54,22,64,61,49,14,31,127,35" hai1="110,20,134,16,67,89,63,44,68,125,97,29,135" hai2="95,96,47,108,111,45,6,103,28,24,129,9,90" hai3="30,81,87,77,27,10,116,18,75,72,40,53,99"/><V57/><F129/><W55/><G116/><T42/><D127/><U109/><E125/><V118/><F118/><W15/><G40/><T13/><D121/><U101/><E29/><V23/><F57/><W124/><G124/><T119/><D119/><U59/><E89/><V73/><F73/><W114/><G114/><T69/><D35/><U5/><E5/><V88/><F45/><W2/><G2/><T1/><D31/><U85/><E85/><V104/><F47/><W83/><G99/><T112/><D1/><U65/><E44/><V12/><REACH who="2" step="1"/><F104/><REACH who="2" ten="227,240,246,277" step="2"/><W113/><G113/><T98/><D112/><U80/><E68/><V132/><F132/><W3/><G3/><T48/><D42/><U133/><E67/><V76/><F76/><W38/><G38/><T123/><D37/><U107/><REACH who="1" step="1"/><E80/><REACH who="1" ten="227,230,246,277" step="2"/><V100/><F100/><W82/><G75/><T21/><D69/><U120/><E120/><V25/><F25/><AGARI ba="0,2" hai="16,20,25,59,63,65,97,101,107,109,110,133,134,135" machi="25" ten="40,5200,0" yaku="1,1,20,1,54,1,53,0" doraHai="74" doraHaiUra="43" who="1" fromWho="2" sc="227,0,230,72,246,-52,277,0" /><INIT seed="3,0,0,2,3,79" ten="227,302,194,277" oya="3" hai0="10,13,101,12,48,104,93,108,33,1,36,9,126" hai1="50,39,95,128,123,15,64,68,14,107,30,111,83" hai2="112,44,38,70,34,46,2,72,43,23,54,125,20" hai3="114,75,51,94,57,109,88,58,122,49,71,129,29"/><W59/><G71/><T118/><D36/><U134/><E107/><V74/><F34/><W26/><G114/><T0/><D104/><U86/><E39/><V62/><F112/><W4/><G122/><T53/><D33/><U28/><E123/><V87/><F2/><W82/><G75/><T35/><D35/><U8/><E68/><V80/><F125/><W115/><G129/><T67/><D118/><U27/><E128/><V116/><F116/><W100/><G115/><T3/><D67/><U120/><E120/><V105/><F105/><W130/><G4/><T103/><D108/><U11/><E111/><V76/><F44/><W92/><G130/><T99/><D126/><U110/><E64/><V7/><F7/><W81/><G100/><T135/><D135/><U106/><E106/><V102/><F102/><W124/><G94/><T24/><D24/><U85/><E95/><V40/><F40/><W60/><G60/><T42/><D42/><U77/><E134/><V78/><F87/><N who="3" m="52255" /><G124/><T56/><REACH who="0" step="1"/><D101/><REACH who="0" ten="217,302,194,277" step="2"/><U131/><E110/><V18/><F18/><W113/><G109/><T90/><D90/><U63/><E28/><V133/><F133/><W16/><G113/><T117/><D117/><U41/><E30/><V61/><F70/><W84/><G29/><T45/><D45/><U55/><E41/><V5/><F5/><W89/><G82/><T37/><D37/><U127/><E127/><V73/><F54/><W17/><G26/><T97/><D97/><U31/><E31/><V121/><F121/><W19/><AGARI ba="0,1" hai="16,17,19,49,51,57,58,59,81,84,89" m="52255" machi="19" ten="30,11700,0" yaku="8,1,52,1,54,2" doraHai="79" who="3" fromWho="3" sc="217,-39,302,-39,194,-39,277,127" owari="178,-22.2,263,6.3,155,-34.5,404,50.4" /></mjloggm>