<mjloggm ver="2.3"><GO type="225" lobby="0"/><UN n0="%6D%75%75%6D%75%72%61" n1="%E3%81%AA%E3%81%A1%30%39%32%37" n2="%72%69%6F%75%63%68%61%6E" n3="%E3%81%9F%E3%81%8C%E3%82%84%E3%81%99" dan="17,16,17,16" rate="2161.68,2103.07,2247.40,2144.91" sx="F,M,M,M"/><TAIKYOKU oya="0"/><INIT seed="0,0,0,1,0,46" ten="250,250,250,250" oya="0" hai0="89,12,22,96,77,81,0,40,80,132,130,91,29" hai1="88,75,97,15,42,128,135,13,120,100,134,113,68" hai2="3,72,9,58,83,94,102,67,18,41,87,1,63" hai3="25,129,55,127,39,78,64,32,86,60,44,69,24"/><T52/><D0/><U76/><E120/><V106/><F106/><W65/><G32/><T8/><D130/><U90/><E68/><V82/><F72/><W133/><G129/><T117/><D117/><U47/><E128/><V124/><F124/><W122/><G127/><T7/><D132/><N who="1" m="50731" /><E113/><V28/><F28/><W116/><G133/><T48/><D40/><U5/><E76/><V114/><F114/><W108/><G116/><T27/><D96/><U109/><E75/><V61/><F41/><W98/><G108/><T14/><D14/><N who="1" m="5131" /><E5/><V126/><F126/><W92/><G122/><T57/><REACH who="0" step="1"/><D80/><REACH who="0" ten="240,250,250,250" step="2"/><U4/><E109/><V16/><F83/><W101/><G98/><T125/><D125/><U34/><E4/><V43/><F1/><W70/><G24/><T118/><D118/><U26/><E26/><V85/><F3/><W123/><G25/><T93/><D93/><N who="1" m="58415" /><E34/><V121/><F82/><W20/><G123/><T37/><D37/><AGARI ba="0,1" hai="37,42,47,88,90" m="58415,5131,50731" machi="37" ten="30,2000,0" yaku="20,1,54,1" doraHai="46" who="1" fromWho="0" sc="240,-20,250,30,250,0,250,0" /><INIT seed="1,0,0,0,0,100" ten="220,280,250,250" oya="1" hai0="133,58,6,31,113,76,22,49,29,21,68,46,24" hai1="106,19,53,87,40,125,99,85,115,80,1,117,92" hai2="15,112,65,128,93,107,25,13,90,73,134,14,118" hai3="61,43,122,66,121,84,83,124,4,59,54,69,9"/><U44/><E115/><V57/><F128/><W10/><G43/><T56/><D113/><U12/><E117/><V33/><F134/><W41/><G124/><T20/><D68/><U37/><E125/><V63/><F112/><W101/><G41/><T74/><D133/><U97/><E1/><V130/><F130/><W104/><G101/><T88/><D74/><U79/><E53/><V11/><F118/><W8/><G4/><T34/><D76/><U127/><E127/><V38/><F73/><W23/><G23/><T96/><D6/><U103/><E99/><V123/><F123/><W16/><G104/><T135/><D135/><U108/><E108/><V39/><F107/><W48/><REACH who="3" step="1"/><G16/><REACH who="3" ten="220,280,250,240" step="2"/><T95/><REACH who="0" step="1"/><D29/><REACH who="0" ten="210,280,250,240" step="2"/><U0/><E0/><V111/><F111/><W86/><G86/><T3/><D3/><U119/><E119/><V47/><F11/><W18/><G18/><T7/><D7/><U70/><E87/><V67/><F38/><W30/><G30/><T36/><D36/><U77/><E77/><AGARI ba="0,2" hai="8,9,10,48,54,59,61,66,69,77,83,84,121,122" machi="77" ten="40,2600,0" yaku="1,1,53,1" doraHai="100" doraHaiUra="50" who="3" fromWho="1" sc="210,0,280,-26,250,0,240,46" /><INIT seed="2,0,0,5,2,112" ten="210,254,250,286" oya="2" hai0="40,61,64,6,129,67,73,62,77,93,51,63,83" hai1="135,13,117,54,123,94,91,90,37,2,45,59,108" hai2="111,30,8,127,44,25,38,95,82,104,74,9,107" hai3="19,28,11,99,26,78,48,60,46,102,106,55,65"/><V97/><F127/><W15/><G78/><T33/><D129/><U18/><E2/><V122/><F122/><W115/><G115/><T66/><D33/><U96/><E123/><V21/><F111/><W80/><G80/><T128/><D128/><U131/><E131/><V36/><F8/><W130/><G130/><T23/><D6/><U89/><E135/><V10/><F10/><W119/><G119/><T12/><D93/><U68/><E68/><V105/><F44/><W69/><G11/><T16/><REACH who="0" step="1"/><D51/><REACH who="0" ten="200,254,250,286" step="2"/><U53/><E94/><V29/><F9/><W81/><G81/><T70/><D70/><U85/><E37/><V32/><F32/><W116/><G48/><T100/><D100/><U27/><E108/><V4/><F4/><W86/><G102/><T133/><D133/><U88/><E96/><V34/><F34/><W17/><G99/><T39/><D39/><U20/><E117/><V41/><F36/><W124/><G69/><T57/><D57/><U109/><E109/><V47/><F95/><W22/><G116/><T75/><D75/><U113/><E113/><V114/><F114/><W52/><G124/><T7/><D7/><U72/><E72/><V87/><F74/><W84/><G84/><T1/><D1/><U31/><E59/><V76/><REACH who="2" step="1"/><F97/><REACH who="2" ten="200,254,240,286" step="2"/><W24/><G86/><T118/><D118/><U14/><E45/><V121/><F121/><W35/><G46/><T43/><AGARI ba="0,2" hai="12,16,23,40,43,61,62,63,64,66,67,73,77,83" machi="43" ten="40,5200,0" yaku="1,1,0,1,54,1,53,0" doraHai="112" doraHaiUra="0" who="0" fromWho="0" sc="200,72,254,-13,240,-26,286,-13" /><INIT seed="3,0,0,5,3,6" ten="272,241,214,273" oya="3" hai0="83,130,88,122,73,21,80,92,71,36,31,98,117" hai1="97,15,5,57,114,120,101,129,124,110,135,74,1" hai2="134,61,75,93,123,126,67,35,26,14,87,109,66" hai3="56,76,116,23,51,24,104,18,125,111,11,131,103"/><W55/><G76/><T30/><D117/><U65/><E74/><V85/><F109/><W68/><G68/><T107/><D122/><U27/><E1/><V0/><F0/><W106/><G116/><T121/><D121/><U64/><E114/><V43/><F123/><W3/><G111/><T79/><D71/><U63/><E65/><V86/><F75/><W20/><G131/><T52/><D36/><U10/><E110/><V53/><F126/><W4/><G125/><T118/><D118/><U37/><E37/><V128/><F128/><W7/><G7/><T89/><D107/><U47/><E124/><V8/><F134/><W119/><G119/><T12/><D130/><U77/><E77/><V105/><F105/><W48/><G103/><N who="0" m="60871" /><D73/><U78/><E78/><V13/><F43/><W127/><G127/><T46/><D79/><U25/><E135/><V42/><F42/><W69/><G69/><T60/><D12/><U32/><E32/><V19/><F93/><W17/><G51/><N who="0" m="28791" /><D60/><U115/><E115/><V95/><F95/><W44/><G44/><T96/><D96/><U94/><E120/><V100/><F100/><W16/><G18/><T40/><D40/><U22/><E129/><V132/><F132/><W33/><G33/><T70/><D70/><U34/><E34/><V2/><F2/><W82/><G82/><N who="0" m="31275" /><D31/><N who="1" m="17847" /><E47/><V113/><F113/><W99/><G99/><T54/><D54/><U84/><E84/><N who="2" m="21507" /><V39/><DORA hai="62" /><F39/><W9/><G106/><T72/><D72/><U28/><E28/><N who="2" m="19863" /><F14/><N who="3" m="7247" /><G104/><T81/><D81/><U108/><E108/><V90/><F90/><RYUUKYOKU ba="0,0" sc="272,0,241,0,214,0,273,0" hai0="21,30,88,89" hai1="5,10,15,27,57,63,64,94,97,101" hai2="8,13,19,53,61,66,67" hai3="3,4,11,17,20,23,24,48,55,56" /><INIT seed="3,1,0,4,2,116" ten="272,241,214,273" oya="3" hai0="119,61,50,26,41,5,49,86,3,71,106,85,105" hai1="10,90,97,9,54,112,80,130,28,79,58,2,92" hai2="68,74,6,60,20,40,63,66,95,109,62,89,16" hai3="29,32,15,33,123,82,98,22,35,83,121,44,38"/><W135/><G98/><T52/><D119/><U84/><E130/><V120/><F109/><W27/><G135/><T117/><D117/><U122/><E112/><V110/><F110/><W11/><G44/><T23/><D3/><U67/><E122/><N who="3" m="46602" /><G83/><T53/><D5/><U128/><E128/><V51/><F120/><W39/><G82/><T81/><D105/><U73/><E2/><V104/><F104/><W31/><G39/><T0/><D0/><U126/><E126/><V78/><F78/><W1/><G38/><T7/><D7/><U30/><E67/><V21/><F74/><W100/><G100/><T57/><D71/><U56/><E56/><V55/><F40/><W118/><G1/><T127/><D127/><U101/><E101/><V48/><F48/><W4/><G118/><T94/><D106/><U91/><E91/><V12/><F6/><W102/><G102/><T103/><D41/><U134/><E134/><V133/><F133/><W70/><G70/><T47/><D81/><U65/><E65/><V8/><F66/><W36/><G36/><T88/><D103/><U25/><E73/><V43/><F43/><W18/><AGARI ba="1,0" hai="4,11,15,18,22,27,29,31,32,33,35" m="46602" machi="18" ten="40,12000,1" yaku="34,2,52,3" doraHai="116" who="3" fromWho="3" sc="272,-41,241,-41,214,-41,273,123" owari="231,3.1,200,-20.0,173,-32.7,396,49.6" /></mjloggm>