<mjloggm ver="2.3"><GO type="225" lobby="0"/><UN n0="%E6%9A%87%E4%BA%BA%EF%BC%A0%E9%85%8D%E4%BF%A1%E5%9E%A2" n1="%E5%8F%AF%E5%85%90%E9%82%A3%E7%94%B1%E5%A4%9A" n2="%72%69%6F%75%63%68%61%6E" n3="%6D%75%75%6D%75%72%61" dan="17,16,17,17" rate="2177.61,2199.06,2246.68,2193.43" sx="F,F,M,F"/><TAIKYOKU oya="0"/><INIT seed="0,0,0,2,2,52" ten="250,250,250,250" oya="0" hai0="14,67,77,60,28,122,13,111,104,46,40,35,135" hai1="20,68,6,39,95,129,37,53,134,43,127,21,30" hai2="91,74,130,86,118,42,94,45,59,128,11,120,25" hai3="49,33,61,82,66,71,96,23,88,75,117,103,116"/><T8/><D122/><U62/><E6/><V54/><F120/><W1/><G33/><T55/><D135/><U78/><E78/><V7/><F118/><W112/><G112/><T27/><D104/><U99/><E134/><V105/><F74/><W56/><G1/><T98/><D111/><U36/><E129/><N who="2" m="49771" /><F105/><W84/><G75/><T31/><D31/><U58/><E127/><V125/><F125/><W80/><G80/><T81/><D98/><U115/><E115/><V0/><F25/><W41/><G23/><T32/><D55/><U73/><E73/><V126/><F126/><W5/><G5/><T18/><D14/><U114/><E114/><V3/><F3/><W47/><REACH who="3" step="1"/><G71/><REACH who="3" ten="250,250,250,240" step="2"/><T76/><D35/><U85/><E68/><V108/><F108/><W15/><G15/><T9/><D9/><U121/><E121/><V69/><F69/><W101/><G101/><T64/><D81/><U19/><E20/><V51/><F0/><W132/><G132/><T119/><D119/><U97/><E30/><V93/><F7/><W72/><G72/><T17/><D17/><U50/><E21/><V48/><F11/><W123/><G123/><T10/><D10/><U109/><E19/><V29/><F29/><W83/><G83/><AGARI ba="0,1" hai="42,45,48,51,54,59,83,86,91,93,94" m="49771" machi="83" ten="30,2000,0" yaku="19,1,52,1" doraHai="52" who="2" fromWho="3" sc="250,0,250,0,250,30,240,-20" /><INIT seed="1,0,0,0,1,128" ten="250,250,280,220" oya="1" hai0="34,105,18,62,37,84,85,71,75,53,81,113,106" hai1="82,27,31,47,39,104,135,50,3,43,100,68,127" hai2="56,49,88,9,120,57,45,107,108,96,123,80,121" hai3="124,125,72,25,8,22,90,94,70,10,48,132,92"/><U95/><E3/><V13/><F108/><W29/><G70/><T73/><D37/><U115/><E115/><V111/><F111/><W51/><G72/><T99/><D34/><U54/><E127/><N who="3" m="48714" /><G132/><T117/><D113/><U133/><E68/><V87/><F107/><W46/><G48/><T86/><D117/><U101/><E104/><N who="0" m="40041" /><D53/><U67/><E67/><V58/><F96/><N who="3" m="57367" /><G94/><T21/><D18/><U20/><E82/><V97/><F97/><W116/><G116/><T93/><D21/><U134/><E95/><V74/><F74/><N who="0" m="28170" /><D62/><U98/><E98/><V19/><REACH who="2" step="1"/><F120/><REACH who="2" ten="250,250,270,220" step="2"/><W17/><G29/><T129/><D129/><U65/><E65/><V122/><F122/><W55/><AGARI ba="0,1" hai="8,10,17,22,25,46,51,55" m="57367,48714" machi="55" ten="30,1100,0" yaku="18,1" doraHai="128" who="3" fromWho="3" sc="250,-3,250,-5,270,-3,220,21" /><INIT seed="2,0,0,5,0,90" ten="247,245,267,241" oya="2" hai0="108,92,78,119,5,68,106,125,15,93,11,25,27" hai1="4,55,33,113,58,84,36,26,13,1,53,123,28" hai2="131,135,118,79,115,6,40,16,77,23,116,52,29" hai3="60,45,46,132,3,107,122,127,69,31,65,34,41"/><V134/><F115/><W91/><G122/><T96/><D68/><U124/><E113/><V7/><F131/><W9/><G132/><N who="2" m="50729" /><F40/><W21/><G127/><T74/><D125/><U80/><E124/><V117/><F29/><W49/><G34/><T66/><D66/><U128/><E36/><V101/><F101/><W37/><G107/><T105/><D108/><U86/><E128/><V67/><F67/><W88/><G31/><T133/><D133/><U44/><E123/><V114/><F114/><W56/><G21/><T19/><D119/><U30/><E30/><V70/><F70/><W102/><G102/><T62/><D62/><U89/><E1/><V22/><F52/><N who="3" m="31759" /><G45/><T8/><D74/><U63/><E44/><V18/><F77/><W2/><G2/><T14/><D78/><U10/><E84/><V35/><F35/><W99/><G99/><T0/><D0/><U51/><E51/><V129/><F79/><W98/><G98/><T42/><D42/><U59/><E59/><V48/><F48/><W120/><G120/><T17/><REACH who="0" step="1"/><D96/><REACH who="0" ten="237,245,267,241" step="2"/><U87/><E87/><V100/><F129/><W97/><G97/><T20/><D20/><N who="2" m="7722" /><F100/><W38/><G38/><T109/><D109/><U112/><E112/><V104/><F104/><W73/><G73/><T81/><D81/><U76/><E76/><V47/><F47/><W82/><G82/><T54/><D54/><AGARI ba="0,1" hai="4,10,13,26,28,33,53,54,55,58,63,80,86,89" machi="54" ten="30,1000,0" yaku="7,1" doraHai="90" who="1" fromWho="0" sc="237,-10,245,20,267,0,241,0" /><INIT seed="3,0,0,5,1,42" ten="227,265,267,241" oya="3" hai0="72,77,70,62,12,16,47,51,38,60,63,10,83" hai1="21,36,113,122,87,59,79,85,31,80,8,91,89" hai2="101,30,133,65,129,14,34,55,37,41,115,66,69" hai3="3,26,7,117,102,56,0,104,75,22,95,118,124"/><W40/><G104/><T29/><D29/><U4/><E122/><V9/><F115/><W94/><G75/><T116/><D116/><U68/><E113/><V93/><F69/><W108/><G124/><T53/><REACH who="0" step="1"/><D38/><REACH who="0" ten="217,265,267,241" step="2"/><U130/><E36/><V100/><F37/><W49/><G117/><T1/><D1/><U35/><E31/><V82/><F30/><W81/><G118/><T78/><D78/><U58/><E79/><V39/><F39/><W2/><G2/><T134/><D134/><U61/><E130/><V5/><F133/><W67/><G3/><T44/><D44/><U98/><E35/><V119/><F34/><W103/><G0/><T50/><D50/><U23/><E61/><V99/><F129/><W15/><G49/><T28/><D28/><U64/><E68/><AGARI ba="0,1" hai="10,12,16,47,51,53,60,62,63,68,70,72,77,83" machi="68" ten="40,8000,1" yaku="1,1,52,1,54,1,53,1" doraHai="42" doraHaiUra="45" who="0" fromWho="1" sc="217,90,265,-80,267,0,241,0" owari="307,40.7,185,-31.5,267,6.7,241,-15.9" /></mjloggm>