<mjloggm ver="2.3"><GO type="225" lobby="0"/><UN n0="%E6%B8%A1%E5%A4%A9%E8%97%8D" n1="%E3%81%B5%E3%81%98%E3%81%8B%E3%81%A4" n2="%E6%B8%A9%E2%98%85%E6%83%85%E2%98%85%E6%8E%AA%E2%98%85%E7%BD%AE" n3="%E3%81%BF%E3%81%BF%E3%81%9A" dan="16,17,18,18" rate="2093.18,2196.84,2212.14,2258.04" sx="M,M,M,M"/><TAIKYOKU oya="0"/><INIT seed="0,0,0,4,3,12" ten="250,250,250,250" oya="0" hai0="32,79,111,74,51,68,128,101,96,55,112,104,39" hai1="109,22,89,16,134,127,7,2,57,75,10,72,87" hai2="67,4,100,85,76,31,13,19,30,41,37,97,131" hai3="53,11,44,27,34,108,50,5,26,36,123,130,17"/><T126/><RYUUKYOKU type="yao9" ba="0,0" sc="250,0,250,0,250,0,250,0" hai0="32,39,51,55,68,74,79,96,101,104,111,112,126,128" /><INIT seed="0,1,0,2,1,58" ten="250,250,250,250" oya="0" hai0="126,40,86,3,12,59,88,49,108,101,134,62,130" hai1="50,96,51,127,76,93,27,19,2,45,65,103,100" hai2="43,25,52,31,42,57,91,115,32,63,119,53,20" hai3="73,81,46,24,14,44,7,89,95,68,80,47,41"/><T17/><D3/><U109/><E127/><V10/><F115/><W75/><G68/><T114/><D114/><U11/><E109/><V18/><F119/><W48/><G24/><T29/><D126/><U71/><E76/><V102/><F102/><W116/><G116/><T120/><D120/><U13/><E2/><V54/><F91/><W87/><G73/><T92/><D130/><U16/><E103/><V79/><F79/><W55/><G75/><T82/><D134/><U131/><E131/><V5/><F32/><W123/><G123/><T33/><D33/><U129/><E129/><V113/><F113/><W94/><G94/><T90/><D29/><U105/><E105/><V4/><F31/><W26/><G26/><T133/><D133/><U22/><REACH who="1" step="1"/><E45/><REACH who="1" ten="250,240,250,250" step="2"/><N who="3" m="17514" /><G41/><N who="2" m="15369" /><F10/><AGARI ba="1,1" hai="7,10,14,47,48,55,80,81,87,89,95" m="17514" machi="10" ten="30,1000,0" yaku="8,1" doraHai="58" who="3" fromWho="2" sc="250,0,240,0,250,-13,250,23" /><INIT seed="1,0,0,3,3,10" ten="250,240,237,273" oya="1" hai0="23,54,65,63,71,109,14,39,11,53,75,43,33" hai1="55,41,26,69,111,25,12,113,37,121,17,64,52" hai2="5,106,101,103,56,107,90,87,45,27,74,67,13" hai3="120,114,118,48,78,85,21,8,98,77,110,91,135"/><U31/><E113/><V20/><F74/><W34/><G34/><T97/><D33/><U1/><E121/><V19/><F45/><W133/><G120/><T89/><D75/><U61/><E1/><V108/><F108/><W57/><G114/><T125/><D125/><U58/><E111/><V134/><F134/><N who="3" m="51211" /><G110/><T123/><D123/><U84/><E84/><V127/><F127/><W2/><G98/><T82/><D109/><U0/><E0/><V88/><F107/><W40/><G21/><T7/><D39/><U99/><E99/><V104/><F104/><W9/><G118/><T38/><D38/><U117/><E117/><V46/><F46/><N who="3" m="25671" /><G57/><T18/><D43/><U59/><E37/><V95/><F106/><W96/><G96/><T4/><D4/><U68/><E41/><V30/><F5/><N who="3" m="1207" /><G8/><T60/><D60/><N who="1" m="35911" /><E69/><V105/><F105/><W44/><G44/><T79/><D97/><U50/><E31/><V124/><F124/><W51/><G51/><T32/><D32/><U16/><E68/><V3/><F3/><W129/><G129/><T112/><D112/><U66/><E50/><V86/><F56/><W130/><G130/><T100/><D71/><U119/><E119/><V36/><F67/><N who="1" m="25641" /><E17/><V73/><F73/><W81/><AGARI ba="0,0" hai="77,78,81,85,91" m="1207,25671,51211" machi="81" ten="30,1100,0" yaku="20,1" doraHai="10" who="3" fromWho="3" sc="250,-3,240,-5,237,-3,273,11" /><INIT seed="2,0,0,5,4,39" ten="247,235,234,284" oya="2" hai0="134,18,76,116,94,16,49,117,13,57,121,123,86" hai1="45,115,80,67,78,30,108,8,11,126,107,6,131" hai2="128,12,51,129,36,37,3,66,25,10,9,75,110" hai3="92,48,96,100,90,62,91,63,4,122,24,28,20"/><V81/><F66/><W112/><G122/><T15/><D134/><U52/><E115/><V72/><F110/><W40/><G112/><T73/><D73/><N who="2" m="28234" /><F81/><W69/><G4/><T132/><D132/><U105/><E108/><V19/><F25/><W118/><G118/><N who="0" m="45675" /><D57/><U97/><E67/><V71/><F71/><W102/><G69/><T14/><D49/><U98/><E30/><V93/><F93/><W31/><G31/><T53/><D53/><U50/><E107/><V64/><F51/><W133/><G133/><T87/><D94/><U35/><E35/><V41/><F64/><W56/><G100/><T32/><D32/><U106/><E106/><V104/><F104/><W101/><G102/><T114/><D76/><U124/><E105/><V38/><F3/><W77/><G77/><T0/><D0/><U120/><E120/><N who="0" m="46153" /><D114/><U26/><E78/><V61/><F61/><N who="3" m="23051" /><G56/><T27/><D27/><U43/><E26/><V85/><F85/><AGARI ba="0,0" hai="13,14,15,16,18,85,86,87" m="46153,45675" machi="85" ten="40,8000,1" yaku="28,2,12,1,54,1" doraHai="39" who="0" fromWho="2" sc="247,80,235,0,234,-80,284,0" /><INIT seed="3,0,0,4,2,51" ten="327,235,154,284" oya="3" hai0="86,28,85,20,72,26,96,99,134,45,21,42,122" hai1="94,100,110,55,126,114,37,47,118,8,41,53,82" hai2="4,73,2,97,7,81,59,109,35,131,15,117,61" hai3="125,124,49,74,69,106,31,0,68,16,64,27,17"/><W104/><G74/><T95/><D72/><U103/><E114/><V90/><F117/><W24/><G0/><T66/><D134/><U5/><E118/><V12/><F109/><W11/><G64/><T65/><D122/><U78/><E110/><V80/><F131/><W75/><G75/><T18/><D96/><U130/><E130/><V108/><F108/><W101/><G49/><N who="0" m="26807" /><D66/><U105/><E105/><N who="3" m="40554" /><G101/><N who="0" m="60671" /><D65/><U128/><E128/><V56/><F35/><W10/><G31/><T83/><D83/><U30/><E30/><V14/><F2/><W135/><G135/><T44/><D44/><U25/><E25/><AGARI ba="0,0" hai="18,20,21,25,26,28,85,86" m="60671,26807" machi="25" ten="30,1000,0" yaku="8,1" doraHai="51" who="0" fromWho="1" sc="327,10,235,-10,154,0,284,0" owari="337,43.7,225,-17.5,154,-34.6,284,8.4" /></mjloggm>