<mjloggm ver="2.3"><GO type="225" lobby="0"/><UN n0="%E3%81%86%E3%82%8C%E3%81%9F%E3%82%93%E6%9E%95" n1="%4C%4F%4C%49%54%41" n2="%E3%81%A1%E3%82%85%E3%81%86%E3%81%A9%E3%81%8F%E8%B1%A1%E3%81%95%E3%82%93" n3="%E6%80%AA%E3%81%97%E3%81%99%E3%81%8E%E3%82%8B%E3%83%81%E3%83%BC" dan="16,16,16,16" rate="2118.05,2197.09,2137.34,2186.01" sx="F,F,M,M"/><TAIKYOKU oya="0"/><INIT seed="0,0,0,0,2,116" ten="250,250,250,250" oya="0" hai0="65,46,58,43,135,96,28,15,122,29,53,27,21" hai1="30,111,94,55,85,33,62,97,93,76,11,74,19" hai2="125,127,81,22,114,99,16,130,73,17,95,54,8" hai3="47,1,121,2,77,6,100,72,51,106,129,31,70"/><T25/><D122/><U104/><E111/><V63/><F114/><W108/><G70/><T61/><D135/><U44/><E33/><V115/><F115/><W112/><G108/><T123/><D123/><U56/><E74/><V131/><F73/><W86/><G72/><T89/><D15/><N who="1" m="7679" /><E104/><V10/><F81/><W102/><G129/><N who="2" m="49161" /><F63/><W88/><G77/><T82/><D65/><U0/><E0/><V9/><F54/><W90/><G121/><T107/><D107/><U60/><E30/><V5/><F99/><W120/><G120/><T35/><D96/><U57/><E44/><V87/><F87/><W126/><G31/><T34/><D21/><U23/><E23/><V36/><F95/><W118/><G106/><T50/><D82/><N who="1" m="47303" /><E97/><V64/><F64/><AGARI ba="0,0" hai="55,56,57,60,62,64,93,94" m="47303,7679" machi="64" ten="30,1000,0" yaku="8,1" doraHai="116" who="1" fromWho="2" sc="250,0,250,10,250,-10,250,0" /><INIT seed="1,0,0,4,0,47" ten="250,260,240,250" oya="1" hai0="83,56,25,127,70,95,13,39,113,115,53,114,72" hai1="8,90,69,3,61,119,93,19,82,40,29,89,132" hai2="42,124,109,66,22,21,112,102,131,73,76,117,135" hai3="26,48,18,55,5,12,87,31,111,100,15,54,58"/><U81/><E119/><V75/><F42/><W105/><G111/><T36/><D127/><U98/><E132/><V71/><F117/><W79/><G5/><T24/><D70/><U128/><E128/><V86/><F102/><W126/><G126/><T50/><D95/><U10/><E29/><V6/><F124/><W91/><G79/><T108/><D108/><U106/><E106/><V52/><F109/><W99/><G55/><T30/><D13/><U134/><E134/><V44/><F135/><W133/><G18/><T60/><D24/><U38/><E69/><V97/><F6/><W92/><REACH who="3" step="1"/><G133/><REACH who="3" ten="250,260,240,240" step="2"/><T17/><D17/><U41/><E19/><V35/><F131/><W67/><G67/><T11/><D114/><U49/><E40/><V80/><F112/><W122/><G122/><T120/><D120/><U130/><E41/><V103/><F66/><W59/><G59/><T121/><D121/><U63/><E130/><V68/><F68/><W85/><G85/><T116/><D115/><U101/><E3/><V107/><F71/><W1/><G1/><T34/><D113/><U45/><E45/><V43/><F73/><W125/><G125/><T4/><D116/><U123/><E123/><V84/><F84/><W65/><G65/><T0/><D72/><U129/><E129/><V33/><F52/><W23/><AGARI ba="0,1" hai="12,15,23,26,31,48,54,58,87,91,92,99,100,105" machi="23" ten="20,5200,0" yaku="1,1,0,1,7,1,52,1,53,0" doraHai="47" doraHaiUra="118" who="3" fromWho="3" sc="250,-13,260,-26,240,-13,240,62" /><INIT seed="2,0,0,2,5,0" ten="237,234,227,302" oya="2" hai0="56,102,45,59,9,53,24,67,86,130,55,100,3" hai1="30,78,117,103,38,134,27,8,89,34,10,101,123" hai2="132,68,14,70,52,37,111,63,99,71,80,124,114" hai3="90,87,35,1,12,112,109,94,125,18,83,108,4"/><V97/><F114/><W23/><G125/><T39/><D130/><U84/><E117/><V118/><F118/><W96/><G112/><T36/><D36/><U129/><E38/><V20/><F37/><W50/><G35/><T33/><D67/><U54/><E129/><V43/><F124/><W122/><G122/><T104/><D86/><U15/><E134/><V116/><F116/><W93/><G50/><T105/><D39/><U121/><E54/><V26/><F132/><W92/><G4/><T91/><D45/><U119/><E78/><V77/><F43/><W131/><G1/><T115/><D91/><U32/><E32/><V85/><F14/><W51/><G51/><T69/><D69/><U21/><E34/><V7/><F7/><W57/><G57/><T126/><D115/><U106/><E10/><V44/><F111/><N who="3" m="42571" /><G131/><T46/><D46/><U61/><E61/><V79/><F79/><AGARI ba="0,0" hai="12,18,23,79,83,87,90,92,93,94,96" m="42571" machi="79" ten="30,1000,0" yaku="14,1" doraHai="0" who="3" fromWho="2" sc="237,0,234,0,227,-10,302,10" /><INIT seed="3,0,0,5,3,10" ten="237,234,217,312" oya="3" hai0="17,93,98,101,30,8,24,38,73,135,61,28,72" hai1="18,0,41,132,87,81,48,50,80,7,68,74,46" hai2="44,83,11,128,42,71,113,75,77,127,97,118,33" hai3="20,63,76,79,125,131,64,90,52,99,116,9,111"/><W89/><G131/><T84/><D38/><U92/><E68/><V122/><F128/><W1/><G125/><T94/><D135/><U53/><E132/><V130/><F130/><W21/><G116/><T43/><D43/><U12/><E74/><V96/><F118/><W60/><G9/><T104/><D73/><U27/><E0/><V119/><F119/><W25/><G52/><T59/><D72/><U112/><E112/><V134/><F113/><W95/><G1/><T54/><D104/><U69/><E69/><V4/><F134/><W133/><G111/><T29/><D8/><N who="1" m="6407" /><E27/><V100/><F127/><W110/><G110/><T26/><D17/><U23/><E23/><V19/><F122/><W103/><G21/><T107/><D107/><U67/><E67/><V62/><F19/><W31/><G133/><T82/><D94/><U105/><E105/><N who="2" m="63623" /><F97/><W37/><G37/><T120/><D120/><U78/><E7/><V114/><F114/><W86/><G90/><AGARI ba="0,0" hai="24,26,28,29,30,54,59,61,82,84,90,93,98,101" machi="90" ten="40,1300,0" yaku="8,1" doraHai="10" who="0" fromWho="3" sc="237,13,234,0,217,0,312,-13" /><INIT seed="4,0,0,5,2,41" ten="250,234,217,299" oya="0" hai0="80,36,57,126,26,20,49,103,58,23,82,77,46" hai1="108,2,76,111,66,72,22,91,33,125,132,69,101" hai2="70,35,84,74,30,105,61,0,106,78,34,113,31" hai3="100,9,65,115,16,44,131,18,133,11,45,94,112"/><T39/><D126/><U52/><E33/><V56/><F84/><W123/><G133/><T90/><D103/><U10/><E101/><V12/><F12/><W8/><G131/><T99/><D36/><U109/><E132/><V71/><F113/><N who="3" m="43595" /><G65/><T75/><D39/><U87/><E125/><V3/><F56/><W17/><G123/><T122/><D20/><U121/><E121/><V67/><F71/><W29/><G29/><T124/><D124/><U21/><E76/><V6/><F30/><W97/><AGARI ba="0,0" hai="8,9,11,16,17,18,44,45,94,97,100" m="43595" machi="97" ten="40,8000,1" yaku="15,1,52,2,54,1" doraHai="41" who="3" fromWho="3" sc="250,-40,234,-20,217,-20,299,80" owari="210,-19.0,214,1.4,197,-30.3,379,47.9" /></mjloggm>