<mjloggm ver="2.3"><GO type="225" lobby="0"/><UN n0="%E5%86%B7%E5%87%8D%E3%82%AE%E3%83%A7%E3%83%BC%E3%82%B6" n1="%E3%81%9F%E3%81%8C%E3%82%84%E3%81%99" n2="%47%68%6F%73%74%55%30" n3="%E3%81%BE%E3%81%A8%E3%81%9F" dan="16,17,17,16" rate="2092.28,2167.37,2143.61,2094.39" sx="M,M,M,M"/><TAIKYOKU oya="0"/><INIT seed="0,0,0,5,4,78" ten="250,250,250,250" oya="0" hai0="13,8,96,109,15,41,62,114,60,134,93,67,7" hai1="92,112,135,91,56,1,25,118,63,70,122,10,81" hai2="68,29,37,131,123,18,133,130,119,59,11,16,66" hai3="6,24,44,61,120,98,127,47,49,121,113,54,84"/><T19/><D114/><U55/><E70/><V72/><F123/><N who="3" m="47179" /><G113/><T57/><D134/><U129/><E122/><V105/><F133/><W36/><G98/><T4/><D109/><U111/><E135/><V90/><F37/><W110/><G6/><T65/><D41/><U21/><E112/><V80/><F105/><W38/><G24/><T12/><D19/><U0/><E118/><V75/><F29/><W3/><G3/><T26/><D26/><U33/><E33/><V126/><F68/><W35/><G35/><T73/><D73/><U14/><E129/><N who="2" m="49163" /><F126/><W99/><G99/><T86/><D86/><U71/><E71/><V102/><F102/><W115/><G115/><T31/><D31/><U95/><E111/><V42/><F42/><N who="3" m="24727" /><G84/><T88/><REACH who="0" step="1"/><D4/><REACH who="0" ten="240,250,250,250" step="2"/><U76/><E25/><V89/><F18/><W85/><G110/><T82/><D82/><U100/><E81/><V83/><F75/><W107/><G85/><T45/><D45/><U97/><E97/><V2/><F72/><W124/><G47/><T46/><D46/><U101/><E101/><V94/><F119/><W128/><G128/><T52/><D52/><U79/><E100/><V20/><F80/><W103/><G103/><T116/><D116/><U43/><E43/><V30/><F83/><W106/><G107/><T104/><D104/><U58/><E55/><V50/><F30/><W117/><G106/><T69/><AGARI ba="0,1" hai="7,8,12,13,15,57,60,62,65,67,69,88,93,96" machi="69" ten="20,7800,0" yaku="1,1,0,1,7,1,54,1,53,0" doraHai="78" doraHaiUra="28" who="0" fromWho="0" sc="240,88,250,-26,250,-26,250,-26" /><INIT seed="0,1,0,0,3,98" ten="328,224,224,224" oya="0" hai0="51,122,40,35,26,127,16,31,91,69,117,75,22" hai1="45,52,20,95,13,81,107,134,119,65,66,77,135" hai2="124,85,50,101,82,29,133,10,24,0,48,103,106" hai3="4,54,28,86,49,3,121,44,33,58,78,15,6"/><T72/><D117/><U60/><E107/><V97/><F133/><N who="1" m="50697" /><E119/><V108/><F108/><W90/><G3/><T111/><D122/><U71/><E95/><V7/><F124/><W113/><G113/><T61/><D127/><U79/><E66/><V19/><F19/><W123/><G78/><T46/><D111/><U70/><E70/><V12/><F0/><W23/><G33/><T32/><D91/><U14/><E20/><V73/><F73/><W88/><G90/><T34/><REACH who="0" step="1"/><D31/><REACH who="0" ten="318,224,224,224" step="2"/><U104/><E79/><V47/><F103/><W56/><G123/><T17/><D17/><U36/><E104/><V129/><F129/><W39/><G121/><T59/><D59/><U80/><E77/><V8/><F47/><W110/><G58/><T53/><D53/><U21/><E52/><V9/><F29/><W99/><G110/><T63/><D63/><U96/><E60/><V68/><F68/><W120/><G28/><T5/><D5/><U18/><E71/><V1/><F7/><W92/><G120/><T27/><D27/><U42/><E65/><AGARI ba="1,1" hai="16,22,26,32,34,35,40,46,51,61,65,69,72,75" machi="65" ten="40,3900,0" yaku="1,1,54,1,53,0" doraHai="98" doraHaiUra="2" who="0" fromWho="1" sc="318,52,224,-42,224,0,224,0" /><INIT seed="0,2,0,5,5,45" ten="370,182,224,224" oya="0" hai0="63,106,89,13,22,24,23,34,8,99,104,84,15" hai1="118,69,48,79,27,58,117,115,30,36,87,5,7" hai2="75,119,124,19,90,21,50,26,39,43,3,35,4" hai3="88,72,73,51,95,126,107,64,20,2,37,91,16"/><T109/><D109/><U105/><E36/><V114/><F114/><W134/><G37/><T133/><D133/><U59/><E105/><V93/><F75/><W82/><G107/><T74/><D74/><U31/><E69/><V80/><F124/><W100/><G100/><T32/><D106/><U46/><E115/><V103/><F119/><W135/><G2/><T53/><D23/><N who="1" m="15743" /><E31/><V112/><F112/><W28/><G28/><T61/><D99/><U111/><E111/><V49/><F35/><W130/><G64/><T56/><D104/><U60/><E118/><V128/><F43/><W78/><G73/><T113/><D63/><U110/><E59/><V0/><F39/><W42/><G130/><T66/><D66/><N who="1" m="39191" /><E117/><V6/><F128/><W67/><G67/><T62/><D62/><U127/><E127/><V52/><F0/><W94/><G126/><T123/><D123/><U81/><E110/><V47/><F3/><W77/><G135/><T86/><D113/><U44/><E44/><V70/><F70/><W11/><G134/><T101/><D34/><U120/><E120/><V10/><F10/><W9/><G11/><T68/><D32/><U125/><E125/><V40/><F103/><W83/><G9/><T122/><D101/><U14/><E14/><V41/><F41/><AGARI ba="2,0" hai="5,7,41,46,48,79,81,87" m="39191,15743" machi="41" ten="30,2000,0" yaku="8,1,52,1" doraHai="45" who="1" fromWho="2" sc="370,0,182,26,224,-26,224,0" /><INIT seed="1,0,0,3,4,58" ten="370,208,198,224" oya="1" hai0="130,74,17,79,81,107,89,85,20,71,31,65,57" hai1="67,131,43,111,49,95,75,45,120,59,132,113,3" hai2="97,135,36,103,118,106,104,129,24,121,48,73,61" hai3="76,51,126,33,12,82,62,28,115,88,18,25,10"/><U30/><E75/><V66/><F36/><W21/><G115/><T108/><D108/><U84/><E3/><V92/><F118/><W2/><G126/><T35/><D130/><U1/><E1/><V53/><F121/><W64/><G51/><T128/><D128/><U68/><E131/><V86/><F73/><W127/><G127/><T42/><D107/><U125/><E125/><V91/><F135/><W4/><G88/><T14/><D42/><U0/><E0/><V102/><F24/><W29/><G29/><T101/><D101/><U112/><E120/><V122/><F129/><W116/><G116/><T63/><D31/><U34/><E68/><V99/><F122/><W105/><G105/><T94/><REACH who="0" step="1"/><D35/><REACH who="0" ten="360,208,198,224" step="2"/><U13/><E111/><V110/><F110/><W133/><G133/><T37/><D37/><U134/><E134/><V93/><F103/><W114/><G114/><T77/><D77/><U100/><E132/><V69/><REACH who="2" step="1"/><F99/><REACH who="2" ten="360,208,188,224" step="2"/><W87/><G33/><T70/><AGARI ba="0,2" hai="14,17,20,57,63,65,70,71,74,79,81,85,89,94" machi="70" ten="30,7900,0" yaku="1,1,0,1,52,1,53,1" doraHai="58" doraHaiUra="80" who="0" fromWho="0" sc="360,99,208,-39,188,-20,224,-20" /><INIT seed="2,0,0,0,5,55" ten="459,169,168,204" oya="2" hai0="112,119,78,21,38,30,60,49,24,118,1,32,107" hai1="31,27,67,76,37,42,72,116,16,126,74,129,110" hai2="92,103,54,123,33,91,5,75,64,2,134,108,82" hai3="58,77,88,81,20,102,114,125,132,70,121,9,52"/><V40/><F123/><W50/><G121/><T100/><D112/><U36/><E67/><V133/><F33/><W113/><G125/><T128/><D38/><U105/><E116/><N who="0" m="44585" /><D1/><U122/><E122/><V10/><F64/><W66/><G102/><T127/><D128/><U45/><E105/><V87/><F108/><W28/><G9/><T106/><D78/><U35/><E126/><V69/><F69/><W97/><G20/><T56/><D49/><U47/><E129/><V94/><F40/><W53/><G28/><T0/><D0/><U14/><E110/><V109/><F109/><W124/><G53/><N who="0" m="33807" /><D127/><U101/><E101/><V98/><F54/><W85/><G124/><T6/><D6/><U17/><E76/><V73/><REACH who="2" step="1"/><F82/><REACH who="2" ten="459,169,158,204" step="2"/><W51/><G81/><T8/><D32/><U86/><E35/><V111/><F111/><W63/><G70/><T96/><D8/><U59/><E42/><V39/><F39/><W26/><G66/><T131/><D131/><U44/><E37/><V99/><F99/><W4/><G97/><T7/><D7/><U79/><E36/><V90/><F90/><W18/><G4/><T61/><D107/><U34/><E34/><V22/><F22/><N who="3" m="13655" /><G77/><T68/><D68/><U95/><E79/><V13/><F13/><W41/><G41/><T25/><D25/><U11/><E27/><V3/><F3/><W71/><G71/><T19/><D19/><U93/><E16/><V15/><F15/><W117/><G114/><T120/><D120/><U43/><E43/><V89/><F89/><W62/><G117/><T83/><D83/><RYUUKYOKU ba="0,1" sc="459,15,169,-15,158,15,204,-15" hai0="21,24,30,61,96,100,106" hai2="2,5,10,73,75,87,91,92,94,98,103,133,134" /><INIT seed="2,1,1,4,2,133" ten="474,154,173,189" oya="2" hai0="91,84,3,118,46,86,13,42,89,48,21,122,79" hai1="47,104,95,17,73,62,20,54,114,45,9,23,43" hai2="85,19,12,35,123,33,15,135,116,44,38,127,66" hai3="112,5,59,1,96,60,81,120,100,83,97,39,132"/><V124/><F116/><W119/><G39/><T68/><D3/><U125/><E104/><V98/><F123/><W92/><G119/><T80/><D122/><U8/><E73/><V37/><F66/><W25/><G120/><T34/><D34/><U70/><E114/><V117/><F117/><W6/><G112/><T102/><D68/><U61/><E70/><V109/><F135/><W69/><G69/><T58/><D118/><U75/><E75/><V0/><F0/><W111/><G111/><T88/><D102/><U101/><E125/><N who="2" m="48203" /><F109/><W56/><G1/><T55/><D21/><U110/><E110/><V76/><F98/><W40/><G97/><T82/><D13/><N who="2" m="5194" /><F19/><W134/><G132/><T49/><AGARI ba="1,1" hai="42,46,48,49,55,58,79,80,82,84,86,88,89,91" machi="49" ten="20,5200,0" yaku="0,1,7,1,8,1,54,1" doraHai="133" who="0" fromWho="0" sc="474,65,154,-14,173,-27,189,-14" /><INIT seed="3,0,0,1,0,103" ten="539,140,146,175" oya="3" hai0="129,12,61,58,120,19,122,77,111,9,67,40,91" hai1="46,55,97,3,75,18,59,115,109,62,133,112,34" hai2="78,90,72,88,105,31,4,52,51,35,13,128,63" hai3="11,68,110,23,81,118,25,14,22,53,33,36,119"/><W42/><G68/><T73/><D111/><U130/><E75/><V101/><F72/><W57/><G33/><T38/><D129/><U21/><E34/><V99/><F78/><W26/><G81/><T84/><D38/><U79/><E79/><V45/><F128/><W48/><G110/><T44/><D77/><U98/><E109/><V28/><F63/><W27/><G36/><T70/><D73/><U121/><E130/><V95/><F35/><W104/><G104/><T82/><REACH who="0" step="1"/><D70/><REACH who="0" ten="529,140,146,175" step="2"/><U64/><E121/><V8/><F105/><W86/><G118/><T116/><D116/><U125/><E125/><V17/><F4/><W135/><G119/><T32/><D32/><U1/><E133/><V83/><F83/><W85/><G135/><T66/><D66/><U74/><E74/><V65/><F65/><W29/><G29/><AGARI ba="0,1" hai="8,13,17,28,29,31,45,51,52,88,90,95,99,101" machi="29" ten="40,5200,0" yaku="8,1,54,2" doraHai="103" who="2" fromWho="3" sc="529,0,140,0,146,62,175,-52" owari="529,62.9,140,-26.0,208,0.8,123,-37.7" /></mjloggm>