<mjloggm ver="2.3"><GO type="225" lobby="0"/><UN n0="%E5%B8%86%E7%AB%8B%E5%A4%8F%E8%A1%A3" n1="%E3%81%A9%E3%82%8F%E3%82%93%E3%81%94" n2="%72%61%6B%33" n3="%45%6C%79%73%69%75%6D" dan="17,16,16,18" rate="2193.80,2236.10,2205.89,2166.66" sx="M,M,M,F"/><TAIKYOKU oya="0"/><INIT seed="0,0,0,3,3,11" ten="250,250,250,250" oya="0" hai0="123,105,62,134,77,9,133,7,127,57,112,60,67" hai1="73,44,59,43,94,72,17,110,46,124,102,87,51" hai2="0,122,29,40,80,86,49,111,89,47,65,58,61" hai3="21,54,52,116,74,66,55,14,76,63,32,6,120"/><T125/><D105/><U22/><E110/><V1/><F111/><W99/><G116/><T84/><D84/><U56/><E124/><N who="0" m="47689" /><D77/><U25/><E73/><V38/><F122/><W35/><G120/><T131/><D123/><U135/><E72/><V37/><REACH who="2" step="1"/><F29/><REACH who="2" ten="250,250,240,250" step="2"/><W33/><G74/><T101/><D112/><U82/><E135/><N who="0" m="51721" /><D101/><U96/><REACH who="1" step="1"/><E44/><REACH who="1" ten="250,240,240,250" step="2"/><V130/><F130/><W103/><G76/><AGARI ba="0,2" hai="17,22,25,43,46,51,56,59,76,82,87,94,96,102" machi="76" ten="30,7700,0" yaku="1,1,2,1,7,1,8,1,53,0" doraHai="11" doraHaiUra="126" who="1" fromWho="3" sc="250,0,240,97,240,0,250,-77" /><INIT seed="1,0,0,3,1,21" ten="250,337,240,173" oya="1" hai0="78,64,32,28,90,66,22,100,113,73,97,70,6" hai1="127,46,84,132,101,105,87,108,99,74,44,1,112" hai2="135,31,54,29,68,86,104,15,8,124,12,125,122" hai3="76,60,57,95,30,53,26,107,133,63,20,79,3"/><U92/><E112/><V131/><F104/><W0/><G107/><T10/><D113/><U38/><E1/><V59/><F68/><W102/><G133/><T39/><D39/><U11/><E132/><V52/><F135/><W117/><G117/><T83/><D32/><U35/><E74/><V119/><F86/><W111/><G111/><T93/><D70/><U24/><E108/><V48/><F119/><W98/><G0/><T5/><D5/><U34/><E105/><V14/><F122/><W36/><G36/><T58/><D58/><U81/><E127/><N who="2" m="48715" /><F131/><W62/><REACH who="3" step="1"/><G3/><REACH who="3" ten="250,337,240,163" step="2"/><T51/><D73/><U7/><E38/><V89/><F89/><W82/><G82/><T25/><D83/><U103/><E81/><V69/><F69/><W18/><G18/><T40/><D90/><U91/><E91/><V75/><F75/><W33/><G33/><T129/><D129/><U118/><E118/><V50/><F8/><W134/><G134/><T61/><D10/><U55/><E35/><V120/><F120/><W45/><G45/><AGARI ba="0,1" hai="12,14,15,29,31,45,48,50,52,54,59" m="48715" machi="45" ten="30,2000,0" yaku="18,1,54,1" doraHai="21" who="2" fromWho="3" sc="250,0,337,0,240,30,163,-20" /><INIT seed="2,0,0,2,5,44" ten="250,337,270,143" oya="2" hai0="118,126,111,85,91,82,81,113,1,120,65,71,56" hai1="129,4,69,52,21,26,117,46,74,20,22,43,135" hai2="94,80,23,58,2,48,101,50,0,116,62,11,10" hai3="100,47,25,127,14,19,124,9,31,63,17,130,49"/><V54/><F116/><W105/><G130/><T97/><D1/><U110/><E117/><V128/><F128/><W28/><G63/><T86/><D71/><U6/><E74/><V42/><F0/><W36/><G36/><T67/><D113/><U89/><E69/><V73/><F2/><W41/><G105/><T12/><D118/><U114/><E129/><V125/><F125/><N who="3" m="48203" /><G100/><T79/><D126/><U84/><E114/><V45/><F23/><AGARI ba="0,0" hai="9,14,17,19,23,25,28,31,41,47,49" m="48203" machi="23" ten="30,2000,0" yaku="18,1,52,1" doraHai="44" who="3" fromWho="2" sc="250,0,337,0,270,-20,143,20" /><INIT seed="3,0,0,1,3,14" ten="250,337,250,163" oya="3" hai0="94,31,17,56,85,70,74,75,115,123,107,105,25" hai1="120,81,55,9,101,66,102,45,22,53,135,84,77" hai2="108,10,128,104,6,69,12,26,27,65,131,34,44" hai3="97,1,58,62,88,3,95,47,63,73,98,103,67"/><W29/><G73/><T30/><D70/><U43/><E120/><V38/><F104/><W11/><G47/><T8/><D123/><U23/><E135/><V60/><F108/><W48/><G48/><T59/><D115/><U83/><E66/><V21/><F34/><W72/><G72/><T64/><D75/><U57/><E9/><V16/><REACH who="2" step="1"/><F26/><REACH who="2" ten="250,337,240,163" step="2"/><W124/><G124/><T118/><D105/><U133/><E133/><V134/><F134/><W79/><G79/><T89/><D107/><U41/><E77/><V106/><F106/><W68/><G29/><N who="0" m="10763" /><D118/><U110/><E110/><V130/><F130/><W20/><G20/><N who="0" m="13455" /><D74/><U35/><E35/><V52/><F52/><W87/><G11/><T76/><D64/><U46/><E55/><V7/><F7/><W99/><REACH who="3" step="1"/><G103/><REACH who="3" ten="250,337,240,153" step="2"/><T2/><D8/><U39/><E102/><V32/><F32/><W125/><G125/><T33/><D33/><U109/><E101/><V129/><F129/><W114/><G114/><T54/><D76/><U19/><E109/><V51/><F51/><W86/><G86/><T126/><D126/><U28/><E84/><V13/><F13/><W119/><G119/><T122/><D122/><U100/><E100/><V71/><F71/><W116/><G116/><T111/><D111/><U37/><E37/><V93/><F93/><W127/><G127/><T42/><D42/><AGARI ba="0,2" hai="6,10,12,16,21,27,38,42,44,60,65,69,128,131" machi="42" ten="40,5200,0" yaku="1,1,52,1,54,1,53,0" doraHai="14" doraHaiUra="91" who="2" fromWho="0" sc="250,-52,337,0,240,72,153,0" owari="198,-20.2,337,43.7,312,11.2,153,-34.7" /></mjloggm>