<mjloggm ver="2.3"><GO type="225" lobby="0"/><UN n0="%E6%80%AA%E3%81%97%E3%81%99%E3%81%8E%E3%82%8B%E3%83%81%E3%83%BC" n1="%73%65%69%6A%69%64%6F%6E" n2="%E3%81%8F%E3%82%8A%E3%83%94%E3%83%BC" n3="%54%4F%52" dan="16,16,16,17" rate="2091.84,2182.65,2102.88,2244.89" sx="M,M,M,M"/><TAIKYOKU oya="0"/><INIT seed="0,0,0,1,4,45" ten="250,250,250,250" oya="0" hai0="50,104,117,61,98,55,26,20,101,111,75,123,94" hai1="96,31,27,43,76,4,72,64,67,134,131,109,103" hai2="10,129,113,100,126,23,47,0,13,5,69,130,44" hai3="97,54,48,133,73,99,41,83,85,132,30,102,91"/><T88/><D117/><U106/><E109/><V92/><F113/><W42/><G30/><T65/><D123/><U107/><E131/><N who="2" m="50187" /><F69/><W90/><G90/><T135/><D75/><U25/><E134/><N who="3" m="51818" /><G73/><T82/><D111/><U53/><E43/><N who="3" m="16394" /><G102/><T81/><D135/><U7/><E106/><V17/><F126/><W33/><G33/><T22/><D22/><U119/><E119/><V2/><F0/><W3/><G3/><T16/><D61/><U37/><E37/><V6/><F5/><W35/><G35/><T95/><D65/><U8/><E64/><V84/><F84/><W105/><G105/><T18/><D18/><U36/><E31/><V63/><F63/><W121/><G121/><T68/><D68/><U58/><E4/><V66/><F66/><W114/><G114/><T24/><D24/><U80/><E67/><V12/><F2/><W49/><G54/><T15/><D26/><U110/><E110/><V70/><F70/><W79/><G79/><T127/><D104/><U89/><E27/><V118/><F118/><W32/><G32/><T108/><D108/><U40/><E25/><V78/><F78/><W62/><G62/><T120/><D120/><U11/><E7/><V59/><F100/><W56/><G56/><N who="0" m="32887" /><D127/><U21/><E96/><AGARI ba="0,0" hai="48,49,83,85,91,96,97,99" m="16394,51818" machi="96" ten="30,3900,0" yaku="20,1,52,2" doraHai="45" who="3" fromWho="1" sc="250,0,250,-39,250,0,250,39" /><AGARI ba="0,0" hai="15,16,20,81,82,88,94,95,96,98,101" m="32887" machi="96" ten="30,11600,0" yaku="8,1,52,1,54,2" doraHai="45" who="0" fromWho="1" sc="250,116,211,-116,250,0,289,0" /><INIT seed="0,1,0,3,0,113" ten="366,95,250,289" oya="0" hai0="33,77,42,115,59,100,97,66,32,107,11,53,79" hai1="35,73,95,39,105,135,38,34,126,80,106,16,51" hai2="75,69,3,8,55,54,110,104,24,89,1,28,130" hai3="23,45,6,60,72,111,7,62,15,27,52,86,118"/><T22/><D115/><U90/><E126/><V94/><F104/><W98/><G72/><T103/><D66/><U108/><E108/><V121/><F121/><W29/><G111/><T30/><D42/><U25/><E135/><V9/><F75/><W2/><G2/><T65/><D11/><U96/><E35/><V82/><F82/><W50/><G118/><T131/><D65/><U129/><E129/><V116/><F116/><W117/><G117/><T10/><D10/><U43/><E34/><V44/><F69/><W49/><G98/><T57/><D22/><U12/><E25/><V64/><F64/><W114/><G114/><T123/><D131/><U109/><E109/><V14/><F8/><W127/><G127/><T21/><D21/><U19/><E51/><V122/><F122/><W56/><G15/><T5/><D5/><N who="3" m="1545" /><G86/><T40/><D123/><U92/><E105/><V46/><F130/><W112/><G112/><T101/><D97/><U31/><E106/><V84/><F110/><W36/><G36/><T102/><D102/><U61/><E39/><V85/><F85/><W81/><G81/><T26/><D33/><U87/><E38/><V78/><F1/><W119/><G119/><T88/><D107/><U17/><E73/><V0/><F3/><W91/><G91/><T47/><D88/><U13/><E90/><V37/><F37/><W133/><G133/><T134/><D134/><U76/><E96/><V67/><F89/><W41/><AGARI ba="1,0" hai="23,27,29,41,45,49,50,52,56,60,62" m="1545" machi="41" ten="30,2000,0" yaku="8,1,54,1" doraHai="113" who="3" fromWho="3" sc="366,-11,95,-6,250,-6,289,23" /><INIT seed="1,0,0,2,1,50" ten="355,89,244,312" oya="1" hai0="6,13,60,29,128,76,40,92,130,24,39,87,37" hai1="32,25,101,78,126,3,120,34,72,59,113,123,134" hai2="122,75,105,44,19,111,129,15,31,115,118,135,17" hai3="65,1,64,85,67,71,12,124,0,119,47,14,70"/><U5/><E113/><V80/><F122/><W30/><G124/><T96/><D60/><U63/><E126/><V127/><F118/><W81/><G119/><T56/><D56/><U20/><E134/><V35/><F115/><W116/><G116/><T28/><D87/><U11/><E123/><V91/><F105/><W9/><G30/><N who="0" m="11883" /><D24/><U77/><E120/><V18/><F111/><W97/><G97/><T62/><D62/><U95/><E34/><V107/><F129/><N who="0" m="49770" /><D76/><U106/><E32/><V125/><F19/><W112/><G112/><T57/><D57/><U27/><E106/><V36/><F18/><W83/><G47/><T21/><D40/><U114/><E114/><V90/><F44/><W61/><G61/><T2/><D2/><U52/><E72/><V110/><F110/><W58/><G58/><T99/><D21/><U66/><E27/><V68/><F127/><W45/><G45/><T98/><D92/><U108/><E108/><V132/><F132/><W94/><G94/><T100/><D100/><U38/><E38/><N who="0" m="14345" /><D13/><U23/><E23/><V55/><F15/><W46/><G46/><T48/><D48/><U8/><E8/><V104/><F104/><W103/><G103/><T51/><D51/><U84/><E66/><V16/><F125/><W82/><G85/><T42/><D42/><U69/><E69/><N who="3" m="26122" /><G9/><T117/><D117/><U22/><E22/><V54/><F68/><W49/><G49/><T93/><D93/><U33/><E33/><V133/><F133/><W89/><G89/><T109/><D109/><U26/><E20/><V10/><F135/><RYUUKYOKU ba="0,0" sc="355,15,89,-15,244,-15,312,15" hai0="6,96,98,99" hai3="0,1,12,14,64,65,67,81,82,83" /><INIT seed="2,1,0,0,4,125" ten="370,74,229,327" oya="2" hai0="95,22,68,135,2,96,10,40,79,35,14,100,134" hai1="113,78,104,39,74,55,48,87,121,84,21,8,75" hai2="98,131,54,24,41,49,16,106,33,56,109,26,80" hai3="130,108,133,38,17,19,127,34,120,85,28,62,13"/><V117/><F117/><W57/><G120/><T77/><D35/><U45/><E121/><V92/><F106/><W72/><G72/><T36/><D68/><U76/><E113/><V67/><F33/><W112/><G38/><T94/><D22/><U73/><E21/><V71/><F80/><W101/><G101/><T93/><D2/><U23/><E23/><V37/><F109/><W52/><G108/><T99/><D40/><U88/><E104/><V59/><F59/><W51/><G127/><T15/><D36/><U32/><E32/><V129/><F16/><W91/><G112/><T44/><D44/><U89/><E8/><V11/><F11/><W5/><G133/><N who="0" m="50699" /><D93/><U58/><E58/><V65/><F41/><W43/><G28/><T128/><D128/><N who="2" m="49226" /><F37/><W63/><G34/><T110/><D110/><U6/><E6/><V9/><F9/><N who="3" m="4271" /><G130/><T50/><D50/><U0/><E0/><V97/><F97/><W123/><G123/><T25/><D25/><N who="2" m="9834" /><F71/><W102/><G17/><N who="0" m="8407" /><D15/><U27/><E27/><V42/><F42/><W90/><G19/><T118/><D118/><U1/><E1/><V18/><F18/><W30/><G30/><T122/><D122/><U111/><E111/><V69/><F69/><W83/><G43/><T46/><D46/><U132/><E132/><V105/><F105/><W64/><G57/><T3/><D3/><U86/><REACH who="1" step="1"/><E39/><REACH who="1" ten="370,64,229,327" step="2"/><V126/><F126/><W124/><G124/><T119/><D119/><U29/><E29/><V20/><F20/><W107/><G107/><T60/><D60/><U115/><E115/><V31/><F56/><RYUUKYOKU ba="1,1" sc="370,15,64,15,229,-15,327,-15" hai0="77,79,94,95,96,99,100" hai1="45,48,55,73,74,75,76,78,84,86,87,88,89" /><INIT seed="3,2,1,0,4,16" ten="385,79,214,312" oya="3" hai0="111,96,90,128,115,42,53,1,124,98,17,80,107" hai1="57,123,59,88,23,65,9,67,3,10,43,117,13" hai2="20,126,71,102,119,50,68,22,64,36,76,55,66" hai3="4,11,8,109,75,60,46,121,54,73,125,134,135"/><W28/><G121/><T78/><D1/><U74/><E123/><V19/><F119/><W100/><G125/><T62/><D111/><U61/><E74/><V133/><F36/><W85/><G109/><T87/><D124/><U5/><E117/><V84/><F71/><W41/><G100/><T116/><D116/><U72/><E72/><V56/><F68/><W25/><G75/><T108/><D128/><U37/><E37/><V26/><F102/><W82/><G73/><T49/><D107/><U58/><E43/><V113/><F113/><W97/><G97/><T29/><D29/><U39/><E39/><V112/><F133/><N who="3" m="50699" /><G54/><T33/><D33/><U129/><E129/><V45/><F126/><W101/><G60/><T118/><D118/><U14/><E3/><V27/><F45/><W105/><G101/><T93/><D115/><U21/><E88/><V83/><F112/><W47/><G105/><T40/><D98/><U95/><E95/><V92/><F92/><W131/><G131/><T34/><D34/><U110/><E110/><V104/><F104/><W12/><G11/><T32/><D32/><U79/><E79/><V31/><AGARI ba="2,1" hai="19,20,22,26,27,31,50,55,56,64,66,76,83,84" machi="31" ten="20,8000,1" yaku="0,1,7,1,8,1,52,2" doraHai="16" who="2" fromWho="2" sc="385,-22,79,-22,214,96,312,-42" owari="363,46.3,57,-44.3,310,11.0,270,-13.0" /></mjloggm>