<mjloggm ver="2.3"><GO type="225" lobby="0"/><UN n0="%E6%9C%AA%E6%9D%A5%E5%B0%91%E5%B9%B4" n1="%E3%82%B7%E3%83%B3%E5%A4%AA%E6%9C%97" n2="%E5%BE%80%E5%B9%B4%E3%81%AE%E3%82%B4%E3%83%AA%E3%83%A9" n3="%E3%82%82%E3%81%90%E3%82%89" dan="16,16,16,16" rate="2153.57,2137.88,2106.71,2183.56" sx="M,M,M,M"/><TAIKYOKU oya="0"/><INIT seed="0,0,0,2,1,100" ten="250,250,250,250" oya="0" hai0="15,86,27,66,56,16,50,53,32,117,75,116,128" hai1="36,114,124,109,48,108,14,74,17,54,34,104,99" hai2="57,10,13,118,106,18,55,105,88,127,69,72,40" hai3="70,122,90,92,113,63,85,20,41,135,43,95,110"/><T35/><D75/><U47/><E114/><V22/><F69/><W62/><G113/><T65/><D128/><U132/><E74/><V107/><F72/><W0/><G110/><N who="1" m="42602" /><E34/><V112/><F112/><W31/><G0/><T23/><D117/><U59/><E124/><V94/><F40/><N who="3" m="15435" /><G70/><T1/><D1/><U52/><E132/><V26/><F127/><W133/><G122/><T103/><D116/><U134/><E134/><N who="3" m="51210" /><G95/><T37/><D37/><U51/><E36/><V81/><F81/><W61/><G20/><T25/><D103/><N who="1" m="62591" /><E14/><V60/><F118/><W89/><G89/><T6/><D35/><U8/><E17/><V91/><REACH who="2" step="1"/><F94/><REACH who="2" ten="250,250,240,250" step="2"/><W5/><G5/><AGARI ba="0,1" hai="5,10,13,18,22,26,55,57,60,88,91,105,106,107" machi="5" ten="40,12000,2" yaku="1,1,2,1,52,3,54,1,53,0" doraHai="100" doraHaiUra="79" who="2" fromWho="3" sc="250,0,250,0,240,130,250,-120" /><INIT seed="1,0,0,5,2,100" ten="250,250,370,130" oya="1" hai0="25,5,110,114,65,99,61,101,71,42,57,112,123" hai1="19,35,33,27,6,88,106,132,128,102,55,77,87" hai2="118,83,109,117,70,80,46,32,50,10,135,75,24" hai3="48,120,40,91,98,116,9,119,54,67,122,4,62"/><U53/><E128/><V31/><F109/><W52/><G91/><T30/><D110/><U113/><E113/><V127/><F127/><W36/><G98/><T103/><D123/><N who="3" m="47145" /><G9/><T76/><D76/><U94/><E132/><V82/><F135/><W125/><G4/><T60/><D60/><U11/><E77/><V73/><F70/><N who="3" m="42359" /><G125/><T63/><D42/><U66/><E66/><V18/><F18/><W14/><G14/><T68/><D5/><U69/><E69/><V89/><F10/><W34/><G34/><T43/><D43/><U47/><E47/><V41/><REACH who="2" step="1"/><F89/><REACH who="2" ten="250,250,360,130" step="2"/><W38/><G54/><T134/><D134/><U37/><E53/><V105/><F105/><W96/><G96/><T79/><D99/><U90/><E55/><V15/><F15/><W20/><G20/><T56/><D103/><U22/><E90/><V104/><F104/><W133/><G133/><T0/><D101/><U17/><E17/><V21/><F21/><W107/><G107/><T3/><D112/><U124/><E124/><V59/><F59/><N who="3" m="33159" /><G40/><T26/><D114/><U92/><E106/><V29/><F29/><W95/><G95/><T78/><D30/><U49/><E94/><V121/><F121/><W85/><G85/><T126/><D126/><U84/><E84/><V86/><F86/><W97/><G97/><T64/><AGARI ba="0,1" hai="0,3,25,26,56,57,61,63,64,65,68,71,78,79" machi="64" ten="25,3200,0" yaku="0,1,22,2" doraHai="100" who="0" fromWho="0" sc="250,42,250,-16,360,-8,130,-8" /><INIT seed="2,0,0,0,2,3" ten="292,234,352,122" oya="2" hai0="15,28,135,11,127,106,84,44,93,80,99,60,98" hai1="121,133,95,46,116,109,16,108,9,87,39,105,88" hai2="1,73,67,38,115,104,91,74,70,2,23,52,20" hai3="6,10,27,33,102,14,59,45,96,63,50,8,25"/><V31/><F115/><W42/><G33/><T0/><D0/><U57/><E116/><V41/><F104/><W32/><G32/><T85/><D135/><U81/><E105/><V124/><F124/><W34/><G34/><T18/><D127/><U94/><E133/><V123/><F123/><W61/><G10/><T118/><D118/><U5/><E121/><V79/><F91/><W110/><G110/><N who="1" m="42602" /><E57/><V134/><F134/><W69/><G69/><T37/><D106/><U112/><E112/><V4/><F70/><W92/><REACH who="3" step="1"/><G63/><REACH who="3" ten="292,234,352,112" step="2"/><T56/><D11/><U76/><E76/><V97/><F79/><W29/><G29/><T132/><D60/><U40/><E16/><V125/><F31/><W101/><G101/><T83/><D18/><U51/><E39/><V21/><F38/><W47/><G47/><T30/><D44/><U114/><E114/><V49/><F125/><W82/><G82/><T62/><D37/><U35/><E35/><V90/><F90/><W43/><G43/><T7/><D62/><U55/><E40/><V64/><F41/><W26/><G26/><T78/><D132/><U65/><E65/><AGARI ba="0,1" hai="6,8,14,25,27,42,45,50,59,61,65,92,96,102" machi="65" ten="30,7700,0" yaku="1,1,7,1,8,1,52,1,53,0" doraHai="3" doraHaiUra="17" who="3" fromWho="1" sc="292,0,234,-77,352,0,112,87" /><INIT seed="3,0,0,0,3,28" ten="292,157,352,199" oya="3" hai0="86,110,69,85,65,23,46,57,111,21,32,13,15" hai1="133,121,30,54,100,103,117,96,104,37,76,93,122" hai2="114,58,125,43,8,134,47,26,55,98,105,113,44" hai3="24,39,1,38,62,128,22,71,80,74,20,89,31"/><W77/><G1/><T59/><D69/><U48/><E117/><V50/><F134/><W130/><G89/><T79/><D46/><U126/><E126/><V75/><F75/><W27/><G71/><T56/><D65/><U14/><E133/><V119/><F125/><W17/><REACH who="3" step="1"/><G62/><REACH who="3" ten="292,157,352,189" step="2"/><T72/><D110/><U123/><E37/><AGARI ba="0,1" hai="17,20,22,24,27,31,37,38,39,74,77,80,128,130" machi="37" ten="40,12000,1" yaku="1,1,2,1,53,2" doraHai="28" doraHaiUra="127" who="3" fromWho="1" sc="292,0,157,-120,352,0,189,130" /><INIT seed="3,1,0,1,5,45" ten="292,37,352,319" oya="3" hai0="112,134,15,95,17,6,73,37,117,16,63,64,74" hai1="54,27,61,3,38,48,53,62,4,86,116,111,89" hai2="71,42,19,75,31,87,115,7,127,46,41,131,33" hai3="56,58,65,108,30,44,35,110,20,70,94,55,78"/><W124/><G35/><T133/><D117/><U120/><E38/><V43/><F75/><W1/><G1/><T0/><D0/><U100/><E111/><N who="3" m="42538" /><G124/><T76/><D37/><U25/><E116/><V119/><F127/><W104/><G104/><T40/><D40/><U121/><E100/><V122/><F115/><W72/><G70/><T5/><D112/><U21/><E121/><V34/><F71/><W93/><G65/><T13/><D95/><N who="3" m="36361" /><G78/><T118/><D118/><U126/><E120/><V12/><F34/><W79/><G79/><T99/><D76/><U47/><E126/><V123/><F119/><W128/><G72/><T50/><D50/><U105/><E105/><V101/><F33/><W81/><G81/><T85/><D85/><U66/><E3/><V102/><F123/><W90/><G90/><T91/><D91/><U106/><E4/><V97/><F87/><W11/><G11/><T26/><D99/><U114/><E106/><V32/><F32/><W82/><G82/><T68/><D26/><U129/><E27/><V69/><F69/><W29/><G128/><T96/><D96/><U92/><E129/><V51/><F131/><W84/><G84/><T77/><D77/><U135/><E114/><V52/><F97/><W24/><G30/><T107/><D107/><U125/><E125/><V8/><F31/><W28/><G29/><T113/><D113/><U130/><E130/><V80/><F122/><W132/><G132/><N who="0" m="50795" /><D74/><U2/><E135/><V109/><F109/><W67/><G67/><T103/><D73/><U10/><E66/><V57/><F101/><RYUUKYOKU ba="1,0" sc="292,-10,37,-10,352,-10,319,30" hai3="20,24,28,44,55,56,58" owari="282,-11.8,27,-47.3,342,14.2,349,44.9" /></mjloggm>