<mjloggm ver="2.3"><GO type="225" lobby="0"/><UN n0="%E5%B8%86%E7%AB%8B%E5%A4%8F%E8%A1%A3" n1="%72%69%6F%75%63%68%61%6E" n2="%E6%98%93%E5%88%A9%E8%96%A9%E4%BC%AF" n3="%E3%81%AF%E3%82%88%E3%81%8A%E3%81%98%E3%81%95%E3%82%93" dan="16,17,16,16" rate="2096.19,2238.29,2106.69,2150.29" sx="M,M,F,M"/><TAIKYOKU oya="0"/><INIT seed="0,0,0,2,1,33" ten="250,250,250,250" oya="0" hai0="52,134,38,79,6,72,104,71,132,19,119,109,45" hai1="0,78,75,49,67,24,47,131,115,27,100,7,54" hai2="15,36,116,53,32,81,3,12,82,34,126,29,128" hai3="135,80,94,59,112,55,73,70,23,56,111,120,13"/><T133/><D71/><U118/><E118/><V93/><F36/><W114/><G70/><T105/><D119/><U84/><E131/><V96/><F116/><W40/><G111/><T48/><D109/><U121/><E121/><V62/><F128/><W90/><G120/><T85/><D72/><U130/><E130/><V103/><F3/><W91/><G135/><T60/><D60/><U107/><E115/><V18/><F15/><W58/><G40/><T17/><D38/><U25/><E75/><V2/><F2/><W50/><G73/><T101/><D6/><U44/><E67/><V11/><F126/><W10/><G23/><T31/><D31/><U83/><E107/><N who="0" m="41033" /><D101/><U4/><E100/><V61/><F61/><W113/><G80/><AGARI ba="0,0" hai="17,19,45,48,52,79,80,85,132,133,134" m="41033" machi="80" ten="40,3900,0" yaku="20,1,54,1" doraHai="33" who="0" fromWho="3" sc="250,39,250,0,250,0,250,-39" /><INIT seed="0,1,0,3,0,8" ten="289,250,250,211" oya="0" hai0="97,18,67,83,128,63,75,119,14,115,104,96,77" hai1="112,103,111,31,110,0,12,7,59,92,102,47,122" hai2="52,35,5,86,134,124,117,21,101,74,60,50,135" hai3="116,40,107,114,22,91,80,42,33,79,48,37,29"/><T118/><D115/><U13/><E122/><V4/><F74/><W71/><G114/><T2/><D128/><U132/><E132/><N who="2" m="50731" /><F35/><W121/><G116/><T120/><D120/><U106/><E112/><V90/><F60/><W1/><G121/><T126/><D126/><U123/><E123/><V44/><F117/><W58/><G1/><T64/><D64/><U45/><E106/><V70/><F70/><W98/><G71/><T23/><D2/><U130/><E130/><V24/><F101/><N who="1" m="38409" /><E31/><N who="2" m="17807" /><F124/><W108/><G33/><T81/><D104/><U53/><E92/><AGARI ba="1,0" hai="4,5,44,50,52,86,90,92" m="17807,50731" machi="92" ten="30,2000,0" yaku="20,1,54,1" doraHai="8" who="2" fromWho="1" sc="289,0,250,-23,250,23,211,0" /><INIT seed="1,0,0,1,2,30" ten="289,227,273,211" oya="1" hai0="110,45,48,9,81,59,78,71,128,14,120,124,114" hai1="116,5,130,131,46,100,61,115,37,8,69,26,55" hai2="92,121,64,80,84,53,42,76,24,133,106,43,122" hai3="77,91,1,83,6,109,72,21,102,117,105,17,101"/><U62/><E115/><V108/><F106/><W51/><G109/><T129/><D71/><U95/><E116/><V70/><F108/><W28/><G117/><T73/><D114/><U99/><E26/><V119/><F119/><W57/><G28/><T94/><D110/><U112/><E112/><V127/><F127/><W38/><G38/><T86/><D120/><U20/><E20/><V125/><F133/><W96/><G102/><T19/><D59/><U12/><E69/><V103/><F125/><W0/><G6/><T47/><D124/><U126/><E126/><V2/><F2/><W135/><G135/><T118/><D118/><U85/><E85/><V22/><F53/><W132/><G132/><T15/><D15/><U67/><E67/><V34/><F34/><W52/><REACH who="3" step="1"/><G91/><REACH who="3" ten="289,227,273,201" step="2"/><T58/><D128/><N who="1" m="49195" /><E37/><V82/><F103/><W3/><G3/><T23/><D129/><U31/><E31/><V32/><F122/><W107/><G107/><T40/><D19/><U13/><E12/><AGARI ba="0,1" hai="0,1,12,17,21,51,52,57,72,77,83,96,101,105" machi="12" ten="30,7700,0" yaku="1,1,7,1,54,1,53,1" doraHai="30" doraHaiUra="74" who="3" fromWho="1" sc="289,0,227,-77,273,0,201,87" /><INIT seed="2,0,0,0,3,69" ten="289,150,273,288" oya="2" hai0="1,34,127,3,70,27,29,115,103,129,28,81,35" hai1="36,60,39,46,123,8,75,93,112,40,49,133,86" hai2="61,76,7,102,101,73,51,68,132,77,16,116,19" hai3="107,45,10,44,95,6,118,23,78,59,104,25,120"/><V47/><F116/><W109/><G118/><T33/><D70/><U117/><E112/><V71/><F7/><W100/><G120/><T87/><D115/><U30/><E117/><V97/><F102/><W108/><G78/><T43/><D129/><U5/><E75/><V113/><F132/><W37/><G59/><T0/><D127/><U24/><E133/><V4/><F4/><W111/><G95/><T17/><D103/><U15/><E123/><V134/><F71/><W79/><G79/><T119/><D43/><U125/><E125/><V42/><F134/><W105/><G100/><T58/><D58/><U84/><E60/><V32/><F32/><W14/><REACH who="3" step="1"/><G37/><REACH who="3" ten="289,150,273,278" step="2"/><T92/><D92/><U90/><REACH who="1" step="1"/><E84/><REACH who="1" ten="289,140,273,278" step="2"/><V22/><F113/><W41/><G41/><T26/><D119/><U128/><E128/><V83/><F73/><W80/><G80/><T126/><D126/><U56/><E56/><V122/><F83/><W121/><G121/><T85/><D85/><U18/><E18/><AGARI ba="0,2" hai="6,10,14,18,23,25,44,45,104,105,107,108,109,111" machi="18" ten="50,3200,0" yaku="1,1,14,1,53,0" doraHai="69" doraHaiUra="94" who="3" fromWho="1" sc="289,0,140,-32,273,0,278,52" /><INIT seed="3,0,0,1,2,128" ten="289,108,273,330" oya="3" hai0="78,130,90,62,83,26,93,14,51,121,68,97,49" hai1="58,129,3,45,1,64,22,115,112,74,76,53,29" hai2="132,28,33,38,30,102,36,55,2,15,104,85,82" hai3="122,63,60,126,111,13,92,44,79,109,96,95,71"/><W41/><G122/><T124/><D130/><U50/><E129/><V80/><F2/><W6/><G126/><T4/><D124/><U91/><E91/><V99/><F132/><W127/><G79/><T69/><D121/><U117/><E117/><V57/><F82/><W48/><G127/><T113/><D113/><U125/><E125/><V89/><F15/><W12/><G95/><T27/><D69/><U10/><E1/><V11/><F11/><N who="3" m="4215" /><G71/><T107/><D62/><U65/><E64/><V135/><F135/><W81/><G81/><T9/><D68/><U119/><E119/><V46/><F33/><W131/><G131/><T42/><D51/><U123/><E123/><V88/><F89/><N who="3" m="55311" /><G13/><T106/><D106/><U94/><E94/><V43/><F38/><W23/><G23/><T66/><D107/><U0/><E0/><V70/><REACH who="2" step="1"/><F70/><REACH who="2" ten="289,108,263,330" step="2"/><W47/><G111/><T54/><D83/><U16/><E74/><V37/><F37/><W75/><G75/><T98/><D78/><U118/><E76/><V105/><F105/><W61/><G109/><T25/><D97/><U56/><E118/><V34/><F34/><W108/><G108/><T86/><D98/><U120/><E120/><V35/><F35/><W19/><G19/><T110/><D110/><U67/><E29/><V103/><F103/><W39/><G39/><T52/><REACH who="0" step="1"/><D66/><REACH who="0" ten="279,108,263,330" step="2"/><U7/><E67/><V20/><F20/><W31/><G31/><T59/><D59/><U40/><E58/><V101/><F101/><W17/><G17/><T84/><D84/><U116/><E65/><V5/><F5/><RYUUKYOKU ba="0,2" sc="279,10,108,-30,263,10,330,10" hai0="4,9,14,25,26,27,42,49,52,54,86,90,93" hai2="28,30,36,43,46,55,57,80,85,88,99,102,104" hai3="41,44,47,48,60,61,63" owari="289,8.9,78,-42.2,273,-12.7,360,46.0" /></mjloggm>