<mjloggm ver="2.3"><GO type="225" lobby="0"/><UN n0="%6D%75%75%73%61%6E%6D%75" n1="%E8%BE%9B%E5%8F%A3%E3%82%AB%E3%83%AC%E3%83%BC%E3%83%A9%E3%82%A4%E3%82%B9" n2="%E3%81%BF%E3%81%BF%E3%81%9A" n3="%E8%90%BD%E6%97%A5" dan="16,17,18,17" rate="2073.03,2286.05,2301.63,2175.43" sx="F,M,M,F"/><TAIKYOKU oya="0"/><INIT seed="0,0,0,4,1,90" ten="250,250,250,250" oya="0" hai0="128,47,27,83,34,46,82,101,62,113,1,91,87" hai1="48,84,66,74,76,93,40,79,8,54,103,28,60" hai2="97,45,67,59,71,15,31,129,10,104,23,81,116" hai3="124,42,55,77,52,19,73,99,107,131,80,96,21"/><T35/><D113/><U38/><E74/><V36/><F129/><W37/><G131/><T39/><D128/><U5/><E28/><V130/><F130/><W121/><G124/><T112/><D112/><U57/><E40/><V26/><F116/><W125/><G125/><T13/><D1/><U43/><E43/><V135/><F135/><W118/><G118/><T72/><D101/><U17/><E17/><V110/><F110/><W25/><G121/><T127/><D127/><U2/><E38/><V51/><F71/><W22/><G99/><T64/><D39/><U14/><E2/><V95/><F104/><W70/><G70/><T0/><D0/><U92/><E103/><N who="2" m="60863" /><F81/><W120/><G120/><T63/><D13/><U32/><E32/><V100/><F100/><W134/><G107/><T94/><D82/><N who="1" m="47175" /><E79/><V102/><F102/><W108/><G96/><T56/><D62/><U69/><E69/><V12/><F36/><W89/><G108/><T109/><D109/><U117/><E117/><V61/><F10/><W126/><G126/><T50/><D72/><U86/><E86/><V3/><F3/><W115/><G134/><T6/><D83/><U7/><E7/><V122/><F122/><W20/><G89/><T68/><D6/><U29/><E29/><V133/><F133/><W65/><G115/><T9/><D9/><U105/><E105/><V33/><F33/><W114/><G114/><T49/><D34/><U88/><E88/><V111/><F111/><W44/><G65/><T53/><D68/><N who="1" m="42055" /><E5/><V30/><F31/><W4/><G4/><T75/><D75/><RYUUKYOKU ba="0,0" sc="250,-30,250,10,250,10,250,10" hai1="8,14,48,54,57,92,93" hai2="12,15,23,26,30,45,51,59,61,67" hai3="19,20,21,22,25,37,42,44,52,55,73,77,80" /><INIT seed="1,1,0,3,4,73" ten="220,260,260,260" oya="1" hai0="19,57,32,47,46,18,130,31,107,87,99,111,26" hai1="98,134,76,25,79,15,10,74,34,119,3,72,114" hai2="102,129,69,82,123,100,41,4,6,133,2,95,92" hai3="78,49,1,44,106,7,63,29,112,5,50,94,135"/><U122/><E114/><V35/><F123/><W113/><G106/><T51/><D111/><U37/><E122/><V65/><F35/><W126/><G29/><T38/><D130/><U93/><E119/><V88/><F129/><W9/><G7/><N who="2" m="2601" /><F69/><W131/><G131/><T90/><D57/><U14/><E3/><V108/><F2/><W42/><G126/><T71/><D71/><U81/><E37/><V17/><F65/><W121/><G121/><T36/><D99/><U58/><E134/><V52/><F41/><W97/><G135/><T22/><D107/><U110/><E110/><V86/><F133/><W33/><G33/><T85/><D85/><U68/><E68/><V84/><F108/><W16/><G63/><T105/><D105/><U45/><E45/><V104/><F104/><W28/><G28/><T43/><D47/><U91/><E58/><V8/><F52/><W64/><G64/><T124/><D124/><U109/><E109/><V62/><F62/><W77/><G50/><T48/><D38/><U56/><E56/><V115/><F115/><W12/><G112/><T101/><D101/><N who="2" m="39018" /><F86/><W30/><G30/><T118/><D118/><U20/><E34/><V96/><F96/><W117/><G117/><T103/><D103/><U40/><E40/><V120/><F120/><W59/><G59/><T61/><D61/><U75/><E75/><V27/><F8/><N who="3" m="6151" /><G113/><T21/><D32/><U13/><E10/><V83/><F95/><W132/><G132/><T60/><D60/><U125/><E125/><V67/><F67/><W80/><G80/><N who="0" m="49511" /><D31/><N who="1" m="17831" /><E74/><V55/><F55/><RYUUKYOKU ba="1,0" sc="220,0,260,0,260,0,260,0" hai0="18,19,21,22,26,36,43,46,48,51" hai1="13,14,15,72,76,79,81,91,93,98" hai2="17,27,82,83,84,88,92" hai3="1,5,9,42,44,49,77,78,94,97" /><INIT seed="1,2,0,4,3,43" ten="220,260,260,260" oya="1" hai0="64,17,63,41,132,86,45,57,56,67,95,123,2" hai1="48,115,122,54,21,111,26,131,39,71,66,46,87" hai2="20,120,40,133,116,33,80,128,101,106,85,129,6" hai3="34,65,96,79,13,134,16,1,18,31,90,7,50"/><U30/><E115/><V38/><F116/><W91/><G134/><T59/><D2/><U22/><E122/><V24/><F120/><W4/><G79/><T102/><D123/><U14/><E131/><N who="2" m="50251" /><F133/><W28/><G1/><T108/><D132/><U81/><E39/><V9/><F33/><W105/><G105/><T62/><D108/><U10/><E111/><V72/><F72/><W35/><G65/><T83/><D17/><U76/><E71/><V3/><F40/><W78/><G78/><T100/><D56/><U53/><E66/><V104/><F101/><W58/><G58/><T49/><D95/><U117/><E117/><V82/><F38/><W19/><G50/><T89/><AGARI ba="2,0" hai="41,45,49,57,59,62,63,64,67,83,86,89,100,102" machi="89" ten="20,8000,1" yaku="0,1,7,1,9,1,8,1,52,1" doraHai="43" who="0" fromWho="0" sc="220,86,260,-42,260,-22,260,-22" /><INIT seed="2,0,0,2,1,20" ten="306,218,238,238" oya="2" hai0="2,72,64,79,41,1,114,76,127,37,55,68,71" hai1="38,28,112,133,42,82,125,128,62,132,30,48,100" hai2="9,57,3,0,104,23,90,32,6,129,56,84,60" hai3="69,25,43,105,67,134,98,88,121,74,120,53,29"/><V124/><F32/><N who="3" m="20527" /><G53/><T40/><D114/><U130/><E112/><V92/><F124/><W54/><G54/><T73/><D55/><U61/><E38/><V75/><F129/><N who="1" m="49769" /><E100/><V39/><F39/><W115/><G88/><T97/><D37/><U110/><E82/><V27/><F75/><W46/><G115/><T21/><D21/><U11/><E11/><V106/><F0/><W93/><G93/><T26/><D97/><U101/><E101/><V34/><F34/><W18/><G18/><T95/><D95/><U102/><E102/><V109/><F109/><W35/><G35/><T12/><D127/><U87/><E87/><V70/><F70/><W116/><G116/><T52/><D52/><U66/><E110/><V33/><F33/><W44/><G74/><T17/><D72/><U117/><E117/><V111/><F111/><W113/><G113/><T63/><D73/><U89/><E89/><V91/><F91/><W118/><G118/><T7/><D76/><U83/><E83/><V78/><F78/><W47/><G43/><T4/><D79/><U45/><E125/><V22/><F22/><W14/><G134/><N who="1" m="51818" /><E62/><V10/><F9/><W107/><G107/><T58/><D63/><U19/><E19/><N who="2" m="12799" /><F60/><N who="3" m="40167" /><G14/><T13/><D13/><U96/><E96/><V65/><F65/><W24/><G24/><T135/><D135/><U81/><E81/><V15/><F15/><W122/><G98/><T49/><D26/><U131/><N who="1" m="49777" /><U5/><DORA hai="80" /><E5/><V119/><F119/><W77/><G105/><T126/><D126/><U85/><E85/><V51/><F51/><RYUUKYOKU ba="0,0" sc="306,-30,218,10,238,10,238,10" hai1="28,30,42,45,48,61,66" hai2="3,6,10,56,57,84,90,92,104,106" hai3="44,46,47,77,120,121,122" /><INIT seed="2,1,0,5,4,104" ten="276,228,248,248" oya="2" hai0="31,132,90,93,56,134,71,81,22,41,74,66,91" hai1="67,5,69,96,42,8,123,4,63,111,102,13,94" hai2="119,133,59,36,72,73,7,115,24,49,87,38,6" hai3="65,86,92,79,25,100,82,39,18,43,125,15,54"/><V68/><F115/><W108/><G108/><T46/><D71/><U16/><E111/><V98/><F119/><W118/><G118/><T117/><D117/><U129/><E129/><V62/><F68/><W3/><G3/><T53/><D66/><U10/><E123/><V114/><F114/><W122/><G122/><T120/><D120/><U2/><REACH who="1" step="1"/><E42/><REACH who="1" ten="276,218,248,248" step="2"/><V17/><F133/><W126/><G43/><T37/><D132/><U130/><E130/><V48/><F38/><W52/><G39/><T1/><D134/><U0/><E0/><V32/><F36/><W75/><G65/><T47/><D1/><U44/><E44/><V26/><F32/><W27/><G54/><T55/><D55/><U45/><E45/><V35/><F35/><W128/><G52/><T34/><D46/><U116/><E116/><V20/><F48/><W105/><G128/><T113/><D34/><U76/><E76/><V77/><F49/><W99/><G126/><T80/><D47/><U11/><E11/><V78/><F77/><W33/><G125/><T101/><D41/><U110/><E110/><V61/><F78/><W30/><G33/><T50/><D37/><U83/><E83/><V135/><F135/><W29/><G30/><T19/><D80/><U9/><E9/><V40/><F40/><W64/><G29/><T28/><D28/><U60/><E60/><V84/><F62/><W14/><G64/><T106/><D31/><U12/><E12/><N who="3" m="4650" /><G18/><AGARI ba="1,1" hai="2,4,5,8,10,13,16,18,63,67,69,94,96,102" machi="18" ten="40,2600,0" yaku="1,1,54,1,53,0" doraHai="104" doraHaiUra="51" who="1" fromWho="3" sc="276,0,218,39,248,0,248,-29" /><INIT seed="3,0,0,2,0,132" ten="276,257,248,219" oya="3" hai0="125,47,27,99,52,28,109,25,50,56,58,37,86" hai1="32,46,116,45,98,67,3,53,131,82,76,4,87" hai2="42,14,10,6,127,134,5,123,102,72,133,2,89" hai3="97,118,110,15,75,66,101,62,79,92,40,20,48"/><W85/><G118/><T113/><D109/><U111/><E32/><V93/><F72/><W104/><G110/><T88/><D125/><U78/><E111/><V55/><F42/><W103/><G40/><T100/><D37/><U135/><E135/><N who="2" m="51723" /><F123/><W81/><G48/><T49/><D113/><U107/><E67/><V17/><F127/><W0/><G0/><T114/><D114/><U117/><E131/><V120/><F120/><W71/><G101/><T61/><D28/><U73/><E76/><V119/><F119/><N who="1" m="45641" /><E53/><V57/><F102/><W63/><G63/><T22/><D22/><U44/><E98/><N who="2" m="57647" /><F2/><W21/><REACH who="3" step="1"/><G15/><REACH who="3" ten="276,257,248,209" step="2"/><T122/><D122/><U9/><E107/><V29/><F29/><W18/><G18/><T36/><D36/><U65/><E65/><V35/><F35/><W83/><G83/><N who="0" m="49247" /><D49/><AGARI ba="0,1" hai="5,6,10,14,17,49,55,57" m="57647,51723" machi="49" ten="30,1000,0" yaku="20,1" doraHai="132" who="2" fromWho="0" sc="276,-10,257,0,248,20,209,0" /><INIT seed="4,0,0,2,4,71" ten="266,257,268,209" oya="0" hai0="23,94,121,96,80,76,44,75,18,108,38,107,126" hai1="83,81,25,77,105,16,116,22,90,17,61,98,48" hai2="30,125,134,20,50,66,10,132,72,28,114,87,12" hai3="99,85,33,84,65,89,11,119,24,103,49,97,78"/><T106/><D121/><U64/><E116/><V7/><F72/><W36/><G119/><T95/><D126/><U14/><E48/><V86/><F66/><W58/><G36/><T63/><D108/><U130/><E130/><V41/><F114/><W57/><G78/><T100/><D63/><U19/><E105/><V117/><F125/><W133/><G133/><N who="2" m="51305" /><F117/><W3/><G49/><T79/><D79/><U122/><E122/><V8/><F8/><W9/><G3/><T112/><D112/><U29/><E14/><V54/><F41/><W59/><G65/><T56/><D56/><N who="1" m="36903" /><E77/><V82/><F20/><W45/><G45/><T111/><D111/><U52/><E52/><V69/><F69/><W6/><G6/><T74/><D74/><U1/><E1/><V67/><F67/><W110/><G110/><T123/><D106/><U13/><E13/><V42/><F42/><W35/><G24/><T43/><D123/><U5/><E5/><V53/><F53/><W39/><G39/><T40/><D43/><U26/><E26/><AGARI ba="0,0" hai="18,23,26,38,40,44,75,76,80,94,95,96,100,107" machi="26" ten="30,2900,0" yaku="7,1,52,1" doraHai="71" who="0" fromWho="1" sc="266,29,257,-29,268,0,209,0" /><INIT seed="4,1,0,3,4,113" ten="295,228,268,209" oya="0" hai0="4,8,95,121,7,56,132,75,112,126,86,1,104" hai1="94,33,17,109,133,48,124,131,0,55,59,127,32" hai2="30,84,58,38,16,39,41,115,81,25,92,52,116" hai3="13,78,77,22,118,60,73,117,101,91,65,76,44"/><T119/><D119/><U105/><E105/><V85/><F115/><W47/><G73/><T51/><D104/><U10/><E109/><V69/><F69/><W61/><G101/><T74/><D112/><U53/><E133/><V12/><F92/><W64/><G91/><T72/><D121/><U125/><E131/><V96/><F96/><W46/><G22/><T122/><D122/><U35/><E94/><V31/><F116/><N who="3" m="44651" /><G13/><T45/><D132/><U102/><E102/><V2/><F2/><W97/><G97/><T128/><D128/><U26/><E55/><V42/><F38/><W14/><G14/><T100/><D7/><U27/><REACH who="1" step="1"/><E17/><REACH who="1" ten="295,218,268,209" step="2"/><V83/><F52/><W120/><G120/><T36/><D100/><U24/><E24/><V19/><F25/><W107/><G107/><T29/><D95/><U90/><E90/><V63/><F16/><W11/><G11/><T82/><D8/><U23/><E23/><V79/><F19/><W5/><G5/><AGARI ba="1,1" hai="0,5,10,26,27,32,33,35,48,53,59,124,125,127" machi="5" ten="50,3200,0" yaku="1,1,18,1,53,0" doraHai="113" doraHaiUra="15" who="1" fromWho="3" sc="295,0,218,45,268,0,209,-35" /><INIT seed="5,0,0,1,0,128" ten="295,263,268,174" oya="1" hai0="34,63,71,46,10,106,23,0,127,79,103,21,97" hai1="126,26,72,82,77,92,119,86,114,76,1,15,96" hai2="12,107,67,123,90,110,4,118,38,13,85,48,52" hai3="108,122,36,121,5,93,25,81,64,109,49,78,9"/><U120/><E1/><V35/><F38/><W8/><G36/><T57/><D127/><U37/><E37/><V45/><F35/><W22/><G64/><T89/><D79/><N who="1" m="44391" /><E15/><V130/><F110/><W54/><G93/><T125/><D125/><U131/><E26/><V27/><F107/><W62/><G62/><T33/><D46/><U91/><E126/><V65/><F118/><W83/><G54/><T14/><D71/><U41/><E41/><V113/><F123/><W87/><G49/><T20/><D0/><U11/><E11/><N who="2" m="4199" /><F130/><W56/><G56/><T43/><D43/><U17/><E17/><V29/><F113/><W117/><G117/><T50/><D50/><U80/><E131/><V134/><F134/><W70/><G70/><T115/><D115/><U32/><E32/><V88/><F90/><W7/><G87/><T24/><D24/><U133/><E133/><V95/><F13/><W111/><G25/><T58/><D33/><U18/><E119/><V68/><F68/><W55/><G55/><T105/><D34/><U6/><E114/><V40/><F40/><W51/><G109/><T100/><D14/><U74/><E74/><V84/><F84/><W47/><G51/><T75/><D75/><U2/><E77/><V94/><F94/><W39/><G39/><T19/><D19/><U101/><E18/><V60/><F60/><W61/><G61/><T129/><D129/><U124/><E124/><V16/><F29/><W104/><G78/><T99/><D63/><U28/><E76/><V112/><F112/><W53/><G108/><T73/><D73/><RYUUKYOKU ba="0,0" sc="295,-10,263,-10,268,30,174,-10" hai2="16,27,45,48,52,65,67,85,88,95" /><INIT seed="6,1,0,1,1,39" ten="285,253,298,164" oya="2" hai0="41,76,129,65,35,62,133,31,105,42,126,106,61" hai1="52,63,79,17,87,59,4,67,30,113,111,5,122" hai2="2,50,97,22,128,90,60,124,95,101,46,91,117" hai3="130,98,134,58,119,81,19,132,109,86,53,73,24"/><V51/><F117/><W93/><G109/><T89/><D35/><U114/><E111/><V94/><F2/><W131/><G24/><T9/><D31/><U66/><E122/><V26/><F124/><W125/><G19/><T15/><D76/><U38/><E30/><N who="2" m="17751" /><F128/><N who="3" m="49195" /><G58/><T44/><D129/><U68/><E38/><V127/><F127/><W23/><G23/><T88/><D126/><U3/><E17/><V102/><F60/><W107/><G53/><T20/><D20/><U25/><E25/><V45/><F51/><W135/><G125/><T40/><D44/><N who="2" m="17002" /><F50/><W33/><G33/><T0/><D0/><U32/><E32/><V54/><F54/><W1/><G1/><T10/><D133/><N who="3" m="34049" /><W55/><DORA hai="8" /><G55/><T77/><D62/><U123/><E3/><V120/><F120/><W99/><G119/><T47/><D47/><U116/><E116/><V78/><F78/><N who="3" m="44239" /><G107/><T108/><D108/><U12/><E67/><V71/><F71/><W56/><G56/><T29/><D105/><U36/><E36/><V96/><AGARI ba="1,0" hai="90,91,94,95,96,97,101,102" m="17002,17751" machi="96" ten="30,1500,0" yaku="8,1" doraHai="39,8" who="2" fromWho="2" sc="285,-6,253,-6,298,18,164,-6" owari="279,7.9,247,-15.3,316,41.6,158,-34.2" /></mjloggm>