<mjloggm ver="2.3"><GO type="225" lobby="0"/><UN n0="%E3%83%81%E3%83%AF%E3%83%AF%E9%9A%8A%E9%95%B7" n1="%33%74%72%65%65" n2="%E5%AD%90%E4%BE%9B%E4%BC%9A%E5%93%A1" n3="%E8%B6%85%E7%B4%9A%E9%B3%B3%E5%87%B0" dan="16,16,17,16" rate="2181.04,2108.43,2149.26,2174.34" sx="M,F,M,F"/><TAIKYOKU oya="0"/><INIT seed="0,0,0,1,2,60" ten="250,250,250,250" oya="0" hai0="132,4,114,2,35,81,32,93,135,47,54,111,79" hai1="116,52,36,82,91,86,28,103,42,74,112,20,8" hai2="61,124,23,130,67,87,5,78,117,69,14,90,95" hai3="134,94,22,122,1,71,3,97,85,121,12,18,21"/><T34/><D114/><U73/><E116/><V44/><F117/><W64/><G134/><N who="0" m="51243" /><D111/><U9/><E112/><V109/><F109/><W102/><G21/><T15/><D2/><U107/><E36/><V30/><F130/><W92/><G92/><T49/><D93/><U70/><E42/><V84/><F124/><W48/><G48/><T17/><D4/><U63/><E107/><V118/><F118/><W51/><G51/><T39/><D39/><U128/><E128/><V46/><F30/><W100/><G85/><N who="0" m="48319" /><D34/><U83/><E73/><V88/><F78/><W133/><G102/><T10/><AGARI ba="0,0" hai="10,15,17,32,35,47,49,54" m="48319,51243" machi="10" ten="30,1500,0" yaku="20,1" doraHai="60" who="0" fromWho="0" sc="250,15,250,-5,250,-5,250,-5" /><INIT seed="0,1,0,5,5,29" ten="265,245,245,245" oya="0" hai0="25,65,14,63,119,73,33,24,93,99,124,135,79" hai1="49,75,11,23,54,107,131,32,22,51,106,69,62" hai2="30,74,56,52,37,46,47,85,112,27,122,120,12" hai3="77,83,97,35,16,48,117,39,71,1,80,55,59"/><T101/><D119/><U4/><E75/><V76/><F74/><W129/><G117/><T92/><D124/><U67/><E32/><V44/><F37/><W105/><G1/><T125/><D125/><U31/><E131/><V2/><F2/><W90/><G39/><T53/><D135/><U109/><E109/><V96/><F112/><W94/><G71/><T41/><D41/><U20/><E31/><V108/><F108/><W113/><G113/><T38/><D38/><U100/><E100/><V0/><F0/><W21/><G129/><T34/><D53/><U60/><E60/><V17/><F96/><W9/><G35/><T123/><D123/><U43/><E43/><V103/><F103/><W128/><G128/><T40/><D40/><U42/><E42/><V72/><F72/><W81/><G105/><T6/><D92/><U8/><E49/><V104/><F104/><W121/><G9/><T10/><D24/><U28/><E28/><V19/><F85/><W132/><G132/><T130/><D25/><U82/><E11/><N who="2" m="6303" /><F19/><W88/><G90/><T98/><D98/><U68/><E68/><V78/><F122/><W84/><G121/><T102/><D102/><U133/><E133/><V61/><F120/><W134/><G134/><T111/><D111/><U86/><E8/><V118/><F118/><W15/><AGARI ba="1,0" hai="15,16,21,48,55,59,77,80,81,83,84,88,94,97" machi="15" ten="20,8000,1" yaku="0,1,7,1,8,1,54,2" doraHai="29" who="3" fromWho="3" sc="265,-41,245,-21,245,-21,245,83" /><INIT seed="1,0,0,3,2,82" ten="224,224,224,328" oya="1" hai0="65,9,103,31,96,24,60,38,44,10,4,81,33" hai1="30,118,121,76,26,19,125,97,1,123,86,70,109" hai2="6,112,39,91,131,41,110,7,132,11,66,46,117" hai3="88,40,72,47,37,61,35,22,127,27,68,134,69"/><U135/><E118/><V114/><F117/><W115/><G35/><T120/><D120/><U53/><E135/><V126/><F132/><W43/><G43/><T63/><D63/><U95/><E125/><V42/><F110/><W105/><G105/><T28/><D28/><U64/><E109/><V2/><F131/><W124/><G72/><T104/><D4/><U106/><E1/><V75/><F126/><N who="3" m="48171" /><G134/><T59/><REACH who="0" step="1"/><D81/><REACH who="0" ten="214,224,224,328" step="2"/><N who="1" m="47399" /><E121/><V85/><F6/><W16/><G115/><T14/><D14/><U71/><E123/><V89/><F114/><W133/><G133/><T5/><D5/><U12/><E12/><V83/><F112/><W48/><G61/><T17/><D17/><U119/><E19/><V51/><F66/><W129/><G129/><T113/><D113/><U100/><E64/><V62/><F62/><W80/><G37/><T34/><D34/><U49/><E119/><V108/><F108/><W54/><G16/><T13/><D13/><U58/><E30/><V21/><F7/><W87/><G80/><T32/><D32/><U20/><E70/><V128/><F128/><W3/><G69/><T107/><D107/><U101/><E71/><V67/><F67/><W8/><G68/><T56/><D56/><U36/><E36/><V116/><F39/><W25/><G3/><T111/><D111/><U79/><E106/><V77/><F2/><W98/><G48/><T84/><D84/><U18/><E79/><V90/><F77/><W29/><G29/><T93/><D93/><U130/><E130/><V74/><F116/><W0/><G0/><T45/><D45/><RYUUKYOKU ba="0,1" sc="214,15,224,15,224,-15,328,-15" hai0="9,10,24,31,33,38,44,59,60,65,96,103,104" hai1="18,20,26,49,53,58,95,97,100,101" /><INIT seed="1,1,1,4,1,0" ten="229,239,209,313" oya="1" hai0="65,57,11,134,84,68,26,24,61,62,37,133,63" hai1="7,101,44,28,116,70,51,69,27,45,82,122,59" hai2="99,92,64,110,8,9,104,18,120,125,53,42,20" hai3="129,108,94,21,22,96,90,86,132,102,124,13,52"/><U66/><E116/><V114/><F120/><W107/><G108/><T38/><D84/><U75/><E122/><V56/><F104/><W67/><G129/><T41/><D11/><N who="2" m="4170" /><F110/><W118/><G118/><T29/><D24/><U49/><E75/><V128/><F128/><W135/><G124/><T127/><D127/><U5/><E101/><N who="2" m="60647" /><F125/><W111/><G111/><T35/><D62/><N who="1" m="38239" /><E70/><V23/><F114/><W113/><G113/><T30/><D30/><U91/><E69/><V43/><F64/><W80/><G67/><N who="0" m="39343" /><D41/><N who="2" m="15370" /><F18/><W81/><G52/><T106/><D106/><U71/><E71/><V83/><F83/><N who="3" m="31819" /><G13/><T119/><D119/><U76/><E76/><V93/><F93/><W2/><G2/><T1/><D1/><U25/><E82/><V121/><F121/><W88/><G90/><T115/><D115/><U97/><E91/><V77/><F77/><W48/><G107/><T105/><D105/><U55/><E97/><V85/><F85/><W46/><G86/><T4/><D38/><U15/><E28/><V36/><F36/><W72/><G72/><T117/><D37/><U12/><E15/><V95/><F95/><W40/><G102/><T98/><D117/><U78/><E78/><V131/><F131/><W33/><G33/><T112/><D112/><U10/><E7/><V126/><F126/><W100/><G100/><T14/><D98/><U103/><E103/><V79/><F79/><W123/><G123/><T39/><D39/><U87/><E87/><V73/><F73/><W47/><G47/><T130/><D130/><U74/><E74/><V19/><F19/><RYUUKYOKU ba="1,1" sc="229,0,239,0,209,0,313,0" hai0="4,14,26,29,35,63,65,68,133,134" hai1="5,10,12,25,27,44,45,49,51,55" hai2="20,23,53,56" hai3="21,22,40,46,48,88,94,96,132,135" /><INIT seed="1,2,1,3,1,37" ten="229,239,209,313" oya="1" hai0="64,0,6,24,29,127,28,83,62,98,7,16,89" hai1="27,115,69,75,30,100,121,25,102,120,19,49,44" hai2="76,3,118,71,125,53,61,93,86,123,80,133,40" hai3="32,52,45,117,56,131,70,116,130,38,105,1,114"/><U84/><E115/><V73/><F123/><W82/><G1/><T68/><D127/><U46/><E75/><V107/><F118/><N who="3" m="45675" /><G32/><T129/><D129/><N who="3" m="49161" /><G105/><T21/><D0/><U4/><E69/><V97/><F125/><W22/><G22/><T57/><D68/><U103/><E4/><N who="0" m="1577" /><D83/><U122/><E84/><V17/><F133/><W12/><G12/><T48/><D48/><U72/><E72/><V47/><F3/><W78/><G114/><T126/><D126/><U35/><E25/><V135/><F135/><W5/><G5/><T113/><D113/><U42/><E19/><V26/><F73/><N who="3" m="43343" /><G70/><T95/><AGARI ba="2,1" hai="16,21,24,28,29,57,62,64,89,95,98" m="1577" machi="95" ten="30,2000,0" yaku="8,1,54,1" doraHai="37" who="0" fromWho="0" sc="229,36,239,-12,209,-7,313,-7" /><INIT seed="2,0,0,3,5,63" ten="265,227,202,306" oya="2" hai0="134,48,133,118,22,127,62,109,96,64,86,66,6" hai1="3,14,36,113,82,59,13,53,4,93,67,15,95" hai2="41,100,65,57,10,34,74,107,12,75,33,55,88" hai3="121,46,71,29,19,54,94,17,123,51,61,9,105"/><V114/><F114/><W119/><G119/><T132/><D118/><U130/><E113/><V85/><F41/><W89/><G105/><T27/><D109/><U98/><E130/><V20/><F20/><W111/><G111/><T11/><D127/><U47/><E95/><V83/><F65/><N who="0" m="25194" /><D62/><N who="1" m="38367" /><E3/><V117/><F117/><W131/><G131/><T122/><D122/><U28/><E36/><V70/><F70/><W16/><G29/><T56/><D96/><U26/><E82/><V108/><F108/><W45/><G9/><T79/><D86/><U73/><E73/><V18/><F74/><W92/><G71/><T87/><D87/><U49/><E4/><V84/><F75/><W24/><G61/><T81/><D81/><U35/><E35/><V50/><REACH who="2" step="1"/><F85/><REACH who="2" ten="265,227,192,306" step="2"/><W77/><G121/><T40/><D133/><U37/><E37/><V60/><F60/><W68/><G123/><T72/><D132/><U124/><E124/><V120/><F120/><W38/><G68/><T58/><D134/><U112/><E112/><V8/><F8/><W39/><G38/><T99/><D72/><U104/><E104/><V115/><F115/><W5/><G39/><T97/><D11/><U30/><E26/><V43/><F43/><W21/><G24/><T25/><D25/><U110/><E110/><V52/><F52/><W7/><G54/><T91/><D27/><U78/><E78/><V102/><F102/><AGARI ba="0,1" hai="13,14,15,28,30,47,49,53,93,98,102" m="38367" machi="102" ten="30,2000,0" yaku="8,1,52,1" doraHai="63" who="1" fromWho="2" sc="265,0,227,30,192,-20,306,0" /><INIT seed="3,0,0,2,3,0" ten="265,257,172,306" oya="3" hai0="125,57,103,61,30,99,90,29,93,27,28,106,37" hai1="44,33,51,98,71,2,19,130,56,129,42,115,52" hai2="76,77,12,133,21,110,62,50,68,4,6,43,87" hai3="67,109,119,3,8,69,25,112,83,55,17,79,53"/><W74/><G112/><T26/><D37/><U16/><E115/><V13/><F110/><W47/><G109/><T124/><D26/><U31/><E71/><V78/><F133/><W118/><G25/><T38/><D38/><U113/><E113/><V59/><F68/><W116/><G47/><T49/><D49/><N who="1" m="26775" /><E33/><V91/><F50/><W41/><G41/><T89/><D27/><U46/><E31/><V5/><F21/><W64/><G64/><T117/><D117/><U105/><E2/><V100/><F100/><W9/><G9/><T104/><D90/><U86/><E86/><V121/><F121/><W108/><G108/><T72/><D72/><U1/><E1/><V18/><F18/><W65/><G65/><T127/><REACH who="0" step="1"/><D103/><REACH who="0" ten="255,257,172,306" step="2"/><N who="1" m="62711" /><E46/><V82/><REACH who="2" step="1"/><F43/><REACH who="2" ten="255,257,162,306" step="2"/><W134/><G118/><T32/><D32/><U126/><E19/><V14/><F14/><W94/><G3/><T122/><D122/><U10/><E16/><V73/><F73/><W63/><G17/><T85/><D85/><U39/><E39/><V107/><F107/><W84/><G116/><T114/><D114/><U36/><E36/><V24/><F24/><W54/><G119/><T120/><D120/><U102/><E102/><V88/><F88/><W48/><G84/><T101/><D101/><U7/><E51/><V135/><F135/><W66/><G134/><T23/><D23/><U35/><E35/><V75/><F75/><W131/><G74/><T11/><D11/><U60/><E10/><V58/><F58/><W81/><G8/><T95/><D95/><U34/><E34/><V111/><F111/><RYUUKYOKU ba="0,2" sc="255,15,257,-15,162,15,306,-15" hai0="28,29,30,57,61,89,93,99,104,106,124,125,127" hai2="4,5,6,12,13,59,62,76,77,78,82,87,91" /><INIT seed="4,1,2,0,2,129" ten="270,242,177,291" oya="0" hai0="44,96,51,106,81,105,103,42,85,50,88,107,116" hai1="62,61,93,123,28,47,14,34,45,43,84,23,100" hai2="102,11,111,74,71,130,132,119,13,15,17,112,80" hai3="82,30,37,20,53,31,6,58,70,73,22,76,117"/><T27/><D116/><U65/><E123/><V63/><F111/><W1/><G117/><T95/><REACH who="0" step="1"/><D27/><REACH who="0" ten="260,242,177,291" step="2"/><U38/><E34/><V39/><F119/><W87/><G37/><AGARI ba="1,3" hai="37,42,44,50,51,81,85,88,95,96,103,105,106,107" machi="37" ten="40,7700,0" yaku="1,1,2,1,54,1,53,0" doraHai="129" doraHaiUra="12" who="0" fromWho="3" sc="260,110,242,0,177,0,291,-80" owari="370,47.0,242,4.2,177,-32.3,211,-18.9" /></mjloggm>