<mjloggm ver="2.3"><GO type="225" lobby="0"/><UN n0="%E6%A0%B9%E5%85%83%E3%81%8B%E3%82%89%E5%90%B9%E3%81%A3%E9%A3%9B%E3%81%B6" n1="%E5%B8%86%E7%AB%8B%E5%A4%8F%E8%A1%A3" n2="%E3%81%B5%E3%81%98%E3%81%8B%E3%81%A4" n3="%E3%81%BF%E3%81%BF%E3%81%9A" dan="17,16,16,16" rate="2165.39,2113.51,2115.78,2155.94" sx="F,M,M,M"/><TAIKYOKU oya="0"/><INIT seed="0,0,0,4,2,42" ten="250,250,250,250" oya="0" hai0="88,55,116,34,134,11,135,57,107,56,20,129,2" hai1="106,69,39,46,85,5,23,118,79,82,67,6,60" hai2="130,80,27,25,9,7,36,65,108,119,98,73,90" hai3="53,114,121,97,75,110,68,43,12,64,35,66,95"/><T120/><D116/><U3/><E106/><V40/><F119/><W101/><G114/><T0/><D34/><U127/><E118/><V109/><F65/><W128/><G35/><T48/><D120/><U83/><E127/><V41/><F130/><W100/><G75/><T50/><D107/><U70/><E70/><V30/><F90/><W124/><G128/><T15/><D129/><U52/><E3/><N who="2" m="255" /><F98/><W81/><G101/><T133/><D20/><U51/><E39/><V91/><F41/><W103/><G43/><T93/><D50/><U4/><E23/><V61/><F61/><W84/><G103/><T45/><D0/><U71/><E71/><V96/><F91/><W86/><G124/><T24/><D2/><U74/><REACH who="1" step="1"/><E83/><REACH who="1" ten="250,240,250,250" step="2"/><V14/><F36/><W112/><G68/><T62/><D135/><U32/><E32/><V125/><F80/><W31/><G81/><T59/><D134/><U94/><E94/><V17/><F125/><W1/><G95/><T117/><D133/><U132/><E132/><V123/><F123/><W13/><G121/><T8/><D117/><U111/><E111/><V10/><F109/><W16/><G110/><T63/><D24/><U22/><E22/><N who="2" m="15735" /><F108/><W28/><G1/><T18/><REACH who="0" step="1"/><D11/><REACH who="0" ten="240,240,250,250" step="2"/><U131/><E131/><V89/><F25/><W76/><G112/><T105/><D105/><U99/><E99/><AGARI ba="0,2" hai="8,15,18,45,48,55,56,57,59,62,63,88,93,99" machi="99" ten="40,12000,1" yaku="1,1,8,1,52,1,54,1,53,1" doraHai="42" doraHaiUra="44" who="0" fromWho="1" sc="240,140,240,-120,250,0,250,0" /><INIT seed="0,1,0,3,1,106" ten="380,120,250,250" oya="0" hai0="105,11,113,25,1,102,15,24,122,80,96,133,58" hai1="77,88,22,29,57,16,45,49,5,32,10,66,50" hai2="37,101,125,90,108,111,127,110,17,61,124,8,116" hai3="68,46,20,86,19,103,98,69,135,114,131,94,35"/><T52/><D113/><U74/><E32/><V6/><F37/><W62/><G35/><T44/><D122/><U104/><E104/><V65/><F101/><W126/><G114/><T89/><D133/><U55/><E29/><V121/><F90/><W87/><G135/><T64/><D1/><U51/><E66/><V18/><F121/><W4/><G126/><T123/><D123/><U56/><E51/><V60/><F116/><W47/><G4/><T3/><D3/><U93/><E5/><V21/><F61/><W118/><G118/><T95/><D64/><U23/><E77/><V26/><F60/><W14/><G131/><T100/><D44/><U85/><E74/><V107/><F65/><W120/><G62/><N who="0" m="36167" /><D80/><U27/><E10/><V0/><F107/><W79/><G120/><T40/><D40/><U53/><E23/><V71/><F71/><W81/><G69/><T41/><D41/><U132/><REACH who="1" step="1"/><E132/><REACH who="1" ten="380,110,250,250" step="2"/><V134/><F134/><W129/><G68/><T75/><D75/><U38/><E38/><V39/><F39/><W7/><G129/><T30/><D105/><U109/><E109/><V99/><F99/><W9/><REACH who="3" step="1"/><G87/><REACH who="3" ten="380,110,250,240" step="2"/><N who="0" m="52671" /><D30/><AGARI ba="1,2" hai="0,6,8,17,18,21,26,30,108,110,111,124,125,127" machi="30" ten="50,8000,1" yaku="14,1,18,1,34,3" doraHai="106" who="2" fromWho="0" sc="380,-83,110,0,250,103,240,0" /><INIT seed="1,0,0,3,2,59" ten="297,110,353,240" oya="1" hai0="28,58,131,50,111,135,124,122,62,98,89,33,5" hai1="72,27,133,54,91,105,4,110,15,20,86,125,113" hai2="66,97,92,85,77,6,132,7,36,78,116,121,126" hai3="134,44,23,32,102,52,41,123,83,100,93,80,40"/><U61/><E113/><V79/><F121/><W0/><G123/><T47/><D111/><U73/><E105/><V75/><F116/><W30/><G0/><T87/><D124/><U3/><E3/><V74/><F36/><W104/><G32/><T37/><D131/><U29/><E125/><V51/><F126/><W34/><G34/><T120/><D135/><U56/><E133/><V55/><F132/><W65/><G104/><T71/><D5/><U76/><E76/><V128/><F128/><W46/><G65/><N who="0" m="41399" /><D98/><U48/><E110/><V12/><F66/><W25/><G134/><T95/><D28/><U16/><E4/><N who="2" m="1579" /><F75/><W2/><G2/><T94/><D33/><U81/><REACH who="1" step="1"/><E48/><REACH who="1" ten="297,100,353,240" step="2"/><V115/><F74/><W64/><G44/><T10/><D122/><U112/><E112/><V106/><F115/><W109/><G109/><T24/><D47/><U31/><E31/><V117/><F106/><W103/><G41/><T42/><D42/><U49/><E49/><V35/><F117/><W26/><G40/><T96/><D50/><U1/><E1/><V99/><F77/><W68/><G46/><T18/><D120/><U114/><E114/><V118/><F78/><W11/><G30/><T9/><D37/><U69/><E69/><V107/><F79/><W129/><G68/><T67/><D58/><U63/><E63/><V101/><F118/><W82/><G129/><T108/><D108/><U45/><E45/><V21/><F107/><W43/><G43/><T127/><D127/><U70/><E70/><V130/><F51/><W84/><G52/><T38/><D38/><RYUUKYOKU ba="0,1" sc="297,-10,100,30,353,-10,240,-10" hai1="15,16,20,27,29,54,56,61,72,73,81,86,91" /><INIT seed="1,1,1,3,3,133" ten="287,130,343,230" oya="1" hai0="23,59,132,89,31,60,45,37,131,68,104,101,35" hai1="116,96,49,111,83,12,4,100,124,46,44,127,126" hai2="1,120,135,106,134,48,15,105,78,123,67,20,61" hai3="41,119,19,21,10,117,58,121,75,114,32,33,102"/><U28/><E116/><N who="3" m="44618" /><G75/><T43/><D132/><N who="2" m="50730" /><F78/><W40/><G121/><T22/><D131/><U39/><E111/><V11/><F48/><W97/><G58/><T128/><D128/><U69/><E69/><N who="2" m="42223" /><F20/><W74/><G10/><T47/><D47/><U42/><E28/><V14/><F1/><W8/><G8/><T91/><D22/><U76/><E12/><N who="2" m="4651" /><F11/><W36/><G74/><T30/><D23/><U86/><E4/><V5/><F5/><W118/><G114/><T110/><D30/><U77/><E77/><V107/><AGARI ba="1,1" hai="105,106,107,120,123" m="4651,42223,50730" machi="107" ten="40,1500,0" yaku="20,1" doraHai="133" who="2" fromWho="2" sc="287,-5,130,-8,343,28,230,-5" /><INIT seed="2,0,0,0,1,33" ten="282,122,371,225" oya="2" hai0="53,104,28,41,78,67,25,54,124,38,62,52,133" hai1="106,42,46,17,126,35,114,21,86,63,111,103,18" hai2="9,101,75,123,87,19,130,31,77,7,3,32,95" hai3="60,99,89,115,2,69,30,56,0,134,71,100,20"/><V128/><F123/><W90/><G134/><T57/><D104/><U105/><E35/><V125/><F75/><W85/><G115/><T127/><D78/><U91/><E114/><V37/><F37/><W84/><G30/><T64/><D133/><U131/><E131/><V59/><F101/><W118/><G20/><T92/><D92/><U44/><E126/><N who="0" m="48169" /><D25/><U74/><E74/><V45/><F59/><W34/><G34/><T79/><D79/><U76/><E76/><V81/><F45/><W6/><G6/><T55/><D28/><U109/><E63/><V4/><F4/><W68/><G118/><T29/><D29/><U108/><E46/><AGARI ba="0,0" hai="38,41,46,52,53,54,55,57,62,64,67" m="48169" machi="46" ten="30,7700,0" yaku="18,1,34,2,54,1" doraHai="33" who="0" fromWho="1" sc="282,77,122,-77,371,0,225,0" /><INIT seed="3,0,0,2,5,104" ten="359,45,371,225" oya="3" hai0="66,71,101,110,105,31,109,135,78,123,133,74,119" hai1="128,69,6,112,3,53,129,92,39,98,94,10,43" hai2="51,28,93,49,45,127,57,88,67,38,72,18,58" hai3="46,132,24,80,117,116,60,77,96,90,30,55,20"/><W100/><G132/><N who="0" m="50763" /><D123/><U33/><E33/><V9/><F72/><W42/><G90/><T61/><D119/><U0/><E112/><V130/><F130/><W87/><G55/><T48/><D31/><U81/><E69/><V12/><F127/><W52/><G60/><T131/><D131/><U95/><E95/><V40/><F28/><W102/><G102/><T19/><D19/><U115/><E53/><N who="2" m="31935" /><F38/><W25/><G25/><T23/><D23/><U89/><E115/><V65/><F58/><W64/><G64/><T84/><D84/><AGARI ba="0,0" hai="9,12,18,40,45,49,65,67,84,88,93" m="31935" machi="84" ten="30,2000,0" yaku="8,1,54,1" doraHai="104" who="2" fromWho="0" sc="359,-20,45,0,371,20,225,0" owari="339,13.9,45,-45.5,391,49.1,225,-17.5" /></mjloggm>