<mjloggm ver="2.3"><GO type="225" lobby="0"/><UN n0="%6D%75%75%6D%75%72%61" n1="%E3%81%82%E3%81%99%E3%81%AB%E3%82%83%E3%82%80" n2="%E4%B8%89%E5%86%A0%E7%8E%8B%E3%83%BB%E5%B1%B1%E7%94%B0%E5%93%B2%E4%BA%BA" n3="%E5%A4%96%E5%B7%9D%E7%AB%9C%E6%88%90" dan="16,16,17,16" rate="2150.62,2048.91,2186.24,2177.29" sx="F,F,M,M"/><TAIKYOKU oya="0"/><INIT seed="0,0,0,1,1,86" ten="250,250,250,250" oya="0" hai0="125,44,3,101,76,55,81,108,72,27,119,34,78" hai1="79,8,32,109,35,127,130,89,67,54,103,62,65" hai2="80,114,1,19,21,31,50,96,51,104,47,111,29" hai3="94,42,57,6,97,22,102,17,30,45,129,90,77"/><T9/><D119/><U7/><E109/><V131/><F1/><W68/><G68/><T0/><D108/><U58/><E127/><V14/><F111/><W133/><G133/><T121/><D121/><U106/><E130/><V107/><F114/><W74/><G129/><T73/><D125/><U26/><E79/><V85/><F51/><W83/><G6/><T40/><D55/><U11/><E103/><V118/><F118/><W75/><G30/><N who="0" m="19807" /><D101/><U91/><E106/><V15/><F131/><W84/><G57/><T122/><D9/><N who="1" m="3659" /><E35/><V2/><F107/><W71/><G71/><T12/><D12/><U115/><E115/><V132/><F15/><W39/><REACH who="3" step="1"/><G102/><REACH who="3" ten="250,250,250,240" step="2"/><T100/><D100/><U64/><E7/><V59/><F59/><W87/><G87/><T123/><D123/><U128/><E128/><V95/><F85/><W124/><G124/><T37/><D122/><U70/><E70/><V113/><F29/><W38/><G38/><T135/><D135/><U4/><E4/><V60/><F31/><W92/><G92/><T134/><D134/><U52/><E32/><V10/><F132/><W13/><AGARI ba="0,1" hai="13,17,22,39,42,45,74,75,77,83,84,90,94,97" machi="13" ten="20,5200,0" yaku="1,1,0,1,7,1,52,1,53,0" doraHai="86" doraHaiUra="53" who="3" fromWho="3" sc="250,-26,250,-13,250,-13,240,62" /><INIT seed="1,0,0,5,0,98" ten="224,237,237,302" oya="1" hai0="72,130,96,80,44,31,133,63,12,131,6,107,90" hai1="61,2,64,27,14,76,103,134,49,113,106,132,20" hai2="58,115,60,25,38,125,51,83,53,15,86,112,46" hai3="26,68,78,4,18,30,34,28,32,97,120,65,70"/><U13/><E2/><V56/><F125/><W19/><G120/><T24/><D133/><N who="1" m="51307" /><E113/><V128/><F128/><N who="0" m="49194" /><D72/><U104/><E76/><V33/><F38/><W119/><G119/><T94/><D107/><N who="1" m="41003" /><E49/><V129/><F129/><W66/><G78/><T45/><D80/><U55/><E55/><V123/><F51/><W91/><G91/><T85/><D63/><U5/><E5/><V48/><F83/><W7/><G26/><T122/><D122/><U101/><E14/><V92/><F15/><W47/><G97/><T59/><D96/><U127/><E13/><V23/><F123/><W117/><G117/><T110/><D110/><U118/><E127/><V8/><F60/><W43/><G47/><T39/><D39/><U29/><E118/><V102/><F112/><W17/><G17/><T95/><D45/><U11/><E11/><V77/><F8/><W16/><G19/><T121/><D44/><U54/><E54/><V100/><F115/><W93/><G43/><T135/><D121/><U73/><E73/><V9/><F77/><W99/><G99/><T36/><D36/><U10/><E10/><V105/><F9/><W57/><G57/><AGARI ba="0,0" hai="20,27,29,57,61,64,101,103" m="41003,51307" machi="57" ten="30,5800,0" yaku="20,1,52,2" doraHai="98" who="1" fromWho="3" sc="224,0,237,58,237,0,302,-58" /><INIT seed="1,1,0,3,3,69" ten="224,295,237,244" oya="1" hai0="111,11,129,7,58,0,130,127,134,34,121,94,112" hai1="35,76,2,54,108,67,10,22,123,28,51,43,83" hai2="31,97,39,64,100,13,18,114,50,86,77,71,36" hai3="82,122,63,53,30,81,101,61,110,70,95,118,92"/><U42/><E123/><V29/><F114/><W20/><G122/><T25/><D121/><U133/><E35/><V120/><F120/><W72/><G72/><T78/><D112/><U56/><E133/><V79/><F31/><W73/><G73/><T119/><D119/><U55/><E67/><V48/><F29/><W126/><G70/><T109/><D134/><U12/><E108/><N who="0" m="41545" /><D78/><U14/><E2/><V57/><F71/><W24/><G110/><T5/><D94/><U117/><E117/><V116/><F116/><W74/><G74/><T27/><D58/><N who="1" m="33119" /><E83/><V89/><F77/><W93/><G101/><T135/><D135/><U104/><E104/><V113/><F79/><W62/><G126/><T75/><D75/><U19/><E28/><V88/><F113/><W96/><G96/><T45/><D34/><U105/><E105/><N who="2" m="63631" /><F50/><W87/><G118/><T52/><D127/><U37/><E37/><V40/><F64/><W91/><REACH who="3" step="1"/><G82/><REACH who="3" ten="224,295,237,234" step="2"/><T84/><D84/><U26/><E42/><V80/><F40/><W107/><G107/><T44/><D129/><U106/><E43/><V15/><F86/><W49/><G49/><T3/><D130/><U46/><E106/><V132/><F80/><W8/><G8/><N who="0" m="2087" /><D45/><U47/><E46/><V23/><F132/><W33/><G33/><T32/><D32/><U131/><E47/><V98/><F98/><W38/><G38/><T115/><D115/><U9/><E131/><V4/><F39/><W124/><G124/><T90/><D90/><U1/><E9/><N who="2" m="4263" /><F36/><W16/><G16/><T99/><D99/><U17/><E10/><RYUUKYOKU ba="1,1" sc="224,10,295,-30,237,10,234,10" hai0="3,7,11,25,27,44,52" hai2="15,18,23,48,57,88,89" hai3="20,24,30,53,61,62,63,81,87,91,92,93,95" /><INIT seed="2,2,1,1,2,5" ten="234,265,247,244" oya="2" hai0="1,95,44,26,110,62,103,120,59,126,46,86,101" hai1="99,104,117,9,79,96,108,48,7,124,6,119,29" hai2="75,10,11,68,43,97,127,87,27,25,20,91,105" hai3="55,107,100,12,82,78,73,42,63,17,72,74,36"/><V18/><F68/><W66/><G55/><T38/><D120/><U8/><E108/><V71/><F71/><N who="3" m="42463" /><G12/><T60/><D110/><U61/><E104/><V37/><F75/><N who="3" m="43359" /><G17/><T35/><D126/><U92/><E124/><V128/><F127/><W122/><G122/><T58/><D1/><U106/><E106/><V133/><F133/><W33/><G33/><T0/><D0/><U4/><E79/><V30/><F128/><W98/><G42/><T45/><D38/><AGARI ba="2,1" hai="36,38,72,73,74,98,100,107" m="43359,42463" machi="38" ten="30,2000,0" yaku="33,2" doraHai="5" who="3" fromWho="0" sc="234,-26,265,0,247,0,244,36" /><INIT seed="3,0,0,1,3,43" ten="208,265,247,280" oya="3" hai0="63,109,27,74,123,101,127,112,126,5,47,78,99" hai1="30,15,89,31,11,45,14,39,97,46,12,131,1" hai2="57,56,3,105,10,66,100,18,94,106,52,54,128" hai3="104,50,65,59,129,96,62,82,120,67,121,93,37"/><W98/><G129/><T6/><D123/><U119/><E39/><V9/><F66/><W41/><G37/><T81/><D109/><U42/><E42/><V53/><F128/><W40/><G67/><T88/><D112/><U107/><E131/><V111/><F111/><W91/><G82/><T103/><D63/><U49/><E49/><V73/><F73/><W92/><G104/><T16/><D101/><U24/><E119/><V108/><F108/><W70/><G40/><T33/><D33/><U23/><E31/><V124/><F124/><N who="0" m="47658" /><D103/><U135/><E135/><V19/><F100/><W110/><G110/><T69/><D69/><U133/><E133/><V86/><F54/><W118/><G118/><T61/><D61/><U2/><E107/><V117/><F117/><W76/><G76/><T71/><D71/><U17/><E1/><V36/><F36/><W87/><G87/><N who="0" m="50287" /><D99/><U113/><E113/><V84/><REACH who="2" step="1"/><F3/><REACH who="2" ten="208,265,237,280" step="2"/><W7/><G121/><T38/><D74/><U4/><REACH who="1" step="1"/><E30/><REACH who="1" ten="208,255,237,280" step="2"/><V58/><F58/><W134/><G59/><T77/><D38/><U116/><E116/><V114/><F114/><W75/><G120/><T34/><D47/><U51/><E51/><V72/><F72/><W68/><G50/><T60/><D60/><U29/><E29/><V26/><F26/><W21/><G62/><T125/><D125/><U132/><E132/><V32/><F32/><W83/><G134/><T25/><D34/><U8/><E8/><V22/><F22/><W102/><G21/><N who="0" m="13479" /><D27/><U48/><E48/><V55/><F55/><W90/><G70/><T0/><D0/><RYUUKYOKU ba="0,2" sc="208,10,255,10,237,10,280,-30" hai0="5,6,77,78" hai1="2,4,11,12,14,15,17,23,24,45,46,89,97" hai2="9,10,18,19,52,53,56,57,84,86,94,105,106" /><INIT seed="4,1,2,2,3,53" ten="218,265,247,250" oya="0" hai0="90,89,31,80,75,50,113,107,91,59,11,119,19" hai1="9,120,126,24,97,34,70,102,109,68,88,57,48" hai2="21,30,8,44,2,114,65,76,116,94,134,23,37" hai3="86,66,46,47,117,58,45,27,22,64,95,20,77"/><T6/><D119/><U123/><E109/><V125/><F116/><W74/><G117/><T12/><D107/><U110/><E110/><V33/><F114/><W127/><G127/><T71/><D71/><U38/><E38/><V13/><F2/><W55/><G74/><T41/><D113/><U61/><E126/><V4/><F125/><W118/><G118/><T85/><D75/><U92/><E123/><V99/><F134/><W83/><G95/><T84/><D31/><U101/><E120/><V100/><F76/><W131/><G131/><T93/><D41/><U82/><E9/><V78/><F78/><W26/><G20/><T87/><D6/><U32/><E48/><V132/><F132/><W60/><REACH who="3" step="1"/><G27/><REACH who="3" ten="218,265,247,240" step="2"/><T7/><D93/><U72/><E24/><V69/><F23/><W42/><G42/><T96/><D96/><U54/><E32/><V106/><F21/><W108/><G108/><T124/><D124/><U16/><E34/><V35/><F94/><W56/><G56/><T111/><D111/><U133/><E133/><V14/><F35/><W40/><G40/><T25/><D25/><U49/><E68/><V51/><F33/><W79/><G79/><T18/><D80/><U15/><E72/><V62/><F99/><W73/><G73/><T39/><D39/><U112/><E82/><V105/><F37/><W121/><G121/><T128/><D128/><U36/><E36/><V130/><F130/><W0/><G0/><T10/><D10/><N who="1" m="6263" /><E112/><V29/><F69/><W3/><G3/><T67/><D67/><N who="1" m="39343" /><E70/><V103/><F8/><W81/><G81/><RYUUKYOKU ba="1,3" sc="218,10,265,10,247,-30,240,10" hai0="7,11,12,18,19,50,59,84,85,87,89,90,91" hai1="49,54,88,92,97,101,102" hai3="22,26,45,46,47,55,58,60,64,66,77,83,86" /><INIT seed="4,2,3,4,5,96" ten="228,275,217,250" oya="0" hai0="127,100,10,55,45,128,133,111,97,121,5,118,120" hai1="86,99,21,8,112,84,27,52,113,60,114,135,1" hai2="73,9,129,69,107,77,33,95,30,72,106,81,102" hai3="11,110,87,15,70,66,94,65,57,123,32,47,26"/><T58/><D118/><U24/><E135/><V39/><F129/><W51/><G70/><T36/><D133/><U83/><E99/><N who="2" m="61791" /><F95/><W109/><G123/><T91/><D128/><U31/><E1/><V89/><F107/><W63/><G66/><T92/><D127/><U25/><E8/><V98/><F98/><W6/><G94/><T23/><D111/><U116/><E116/><V28/><F89/><W46/><G87/><N who="1" m="33322" /><E83/><N who="2" m="45479" /><F28/><W22/><G32/><T79/><D79/><U88/><E88/><V12/><F12/><W17/><REACH who="3" step="1"/><G47/><REACH who="3" ten="228,275,217,240" step="2"/><T62/><D120/><U132/><E132/><V67/><F67/><W68/><G68/><T41/><D121/><U101/><E101/><V124/><F69/><W115/><G115/><T50/><D100/><U37/><E37/><V38/><F38/><W44/><G44/><T76/><D36/><U134/><E134/><V0/><F39/><W90/><G90/><T54/><D76/><U93/><E93/><V16/><F33/><W4/><G4/><T108/><D108/><U42/><E114/><V56/><F81/><W35/><G35/><T14/><REACH who="0" step="1"/><D23/><REACH who="0" ten="218,275,217,240" step="2"/><U78/><E21/><V130/><F130/><W103/><G103/><T18/><D18/><U105/><E78/><V34/><F16/><W80/><G80/><T64/><AGARI ba="2,5" hai="5,10,14,41,45,50,54,55,58,62,64,91,92,97" machi="64" ten="20,7800,0" yaku="1,1,0,1,7,1,8,1,53,0" doraHai="96" doraHaiUra="119" who="0" fromWho="0" sc="218,134,275,-28,217,-28,240,-28" owari="352,45.2,247,4.7,189,-31.1,212,-18.8" /></mjloggm>