<mjloggm ver="2.3"><GO type="225" lobby="0"/><UN n0="%E6%B4%BE%E9%81%A3%E3%81%AE%E3%82%B8%E3%83%A3%E3%83%83%E3%82%AF" n1="%E7%AD%89%E3%80%85%E5%8A%9B%E5%8A%87%E5%A0%B4" n2="%E3%82%82%E3%81%90%E3%82%89" n3="%E3%81%86%E3%83%BC%E3%81%B1%E3%83%BC" dan="16,16,17,16" rate="2164.47,2119.33,2232.27,2173.12" sx="M,M,M,F"/><TAIKYOKU oya="0"/><INIT seed="0,0,0,5,5,132" ten="250,250,250,250" oya="0" hai0="31,40,109,20,1,83,3,66,62,12,68,75,87" hai1="74,105,50,30,133,49,128,98,46,0,15,19,134" hai2="48,125,95,94,61,42,11,82,21,10,38,86,73" hai3="23,114,92,36,9,2,88,102,34,80,117,52,4"/><T16/><D75/><U135/><E0/><V126/><F38/><W99/><G114/><T118/><D118/><U32/><E74/><V13/><F61/><W76/><G34/><T69/><D69/><U71/><E71/><V78/><F21/><W55/><G117/><T29/><D109/><U54/><E128/><V131/><F10/><W96/><G23/><T53/><D40/><U24/><E50/><V120/><F120/><W112/><G112/><T51/><D1/><U108/><E108/><V8/><F8/><W130/><G130/><T65/><D65/><U100/><E15/><V115/><F115/><W58/><G58/><T56/><REACH who="0" step="1"/><D3/><REACH who="0" ten="240,250,250,250" step="2"/><U121/><E121/><V43/><F43/><W72/><REACH who="3" step="1"/><G36/><REACH who="3" ten="240,250,250,240" step="2"/><T64/><D64/><U123/><E123/><V35/><F131/><W111/><G111/><T7/><D7/><U22/><E135/><V124/><F73/><W81/><G81/><T14/><D14/><U93/><E134/><V91/><F35/><W116/><G116/><T18/><D18/><U41/><E133/><V97/><F13/><W44/><G44/><T17/><D17/><U5/><E5/><V106/><F11/><W37/><G37/><T107/><D107/><AGARI ba="0,2" hai="2,4,9,52,55,72,76,80,88,92,96,99,102,107" machi="107" ten="30,7700,0" yaku="1,1,7,1,54,2,53,0" doraHai="132" doraHaiUra="119" who="3" fromWho="0" sc="240,-77,250,0,250,0,240,97" /><INIT seed="1,0,0,0,5,108" ten="163,250,250,337" oya="1" hai0="19,58,127,20,71,51,9,26,79,75,94,135,0" hai1="97,37,16,54,131,35,118,134,48,103,89,21,39" hai2="52,114,121,72,90,107,13,64,120,47,113,60,14" hai3="87,130,111,68,49,123,124,43,24,40,29,78,85"/><U69/><E35/><V96/><F72/><W117/><G123/><T70/><D127/><U42/><E118/><V93/><F107/><W73/><G68/><T15/><D135/><U110/><E69/><V92/><F92/><W41/><G111/><T27/><D94/><U55/><E110/><V33/><F33/><W88/><G73/><T101/><D101/><U74/><E131/><V22/><F121/><W126/><G130/><T129/><D129/><U44/><E74/><V59/><F120/><W62/><G62/><T3/><D27/><U5/><E134/><V32/><F32/><W133/><G117/><T50/><D50/><U86/><E5/><V115/><F22/><N who="3" m="15511" /><G133/><T31/><D3/><U28/><E28/><V66/><F47/><N who="3" m="25831" /><G126/><T6/><D79/><U128/><E128/><V83/><F83/><N who="3" m="47351" /><G124/><T98/><D98/><U132/><E132/><V100/><F100/><W67/><G67/><AGARI ba="0,0" hai="13,14,52,59,60,64,66,67,90,93,96,113,114,115" machi="67" ten="40,8000,1" yaku="11,1,52,3,54,1" doraHai="108" who="2" fromWho="3" sc="163,0,250,0,250,80,337,-80" /><INIT seed="2,0,0,4,2,118" ten="163,250,330,257" oya="2" hai0="54,131,111,92,63,68,19,106,85,43,9,105,8" hai1="104,95,86,5,114,66,29,91,93,71,129,14,65" hai2="74,133,26,84,107,80,109,53,12,59,0,3,99" hai3="89,27,125,76,56,39,2,35,1,119,37,94,124"/><V36/><F36/><N who="3" m="13899" /><G56/><T97/><D111/><U10/><E104/><V31/><F74/><W75/><G89/><T46/><D131/><U62/><E114/><V67/><F67/><W38/><N who="3" m="13907" /><W100/><DORA hai="18" /><G100/><T22/><D68/><U120/><E129/><V73/><F109/><W70/><G70/><T49/><D85/><U57/><E120/><V79/><F73/><W25/><G94/><T51/><D105/><U81/><E66/><V11/><F99/><W16/><G119/><T72/><D106/><U64/><E65/><V50/><F107/><W42/><G42/><T115/><D115/><U55/><REACH who="1" step="1"/><E29/><REACH who="1" ten="163,240,330,257" step="2"/><V23/><REACH who="2" step="1"/><F133/><REACH who="2" ten="163,240,320,257" step="2"/><W6/><G125/><T32/><D72/><U40/><E40/><V34/><F34/><W127/><G35/><T33/><D32/><U24/><E24/><V102/><F102/><W4/><G27/><N who="0" m="14815" /><D33/><U88/><E88/><V108/><F108/><W44/><G75/><T7/><D7/><AGARI ba="0,2" hai="0,3,7,11,12,23,26,31,50,53,59,79,80,84" machi="7" ten="30,5800,0" yaku="1,1,7,1,52,1,53,0" doraHai="118,18" doraHaiUra="58,117" who="2" fromWho="0" sc="163,-58,240,0,320,78,257,0" /><INIT seed="2,1,0,5,2,85" ten="105,240,398,257" oya="2" hai0="91,89,105,27,58,29,113,131,117,106,104,1,109" hai1="64,0,22,94,49,2,8,32,122,25,119,35,52" hai2="67,108,44,110,61,130,120,115,86,98,80,6,102" hai3="63,7,37,24,9,21,97,69,126,70,50,11,45"/><V60/><F120/><W4/><G37/><T72/><D113/><U14/><E119/><V96/><F115/><W135/><G135/><T3/><D72/><U133/><E133/><V15/><F130/><W43/><G126/><T30/><D131/><U59/><E122/><V38/><F6/><N who="3" m="2091" /><G69/><T74/><D74/><U81/><E64/><V66/><F15/><W57/><G97/><T90/><D117/><U101/><E81/><V93/><F98/><W88/><G88/><N who="0" m="22531" /><T83/><DORA hai="41" /><D83/><U121/><E94/><V100/><F100/><W107/><G70/><T23/><D58/><U114/><E59/><V19/><F66/><N who="3" m="39279" /><G107/><T78/><D78/><U79/><E79/><V56/><F61/><W82/><G82/><T99/><D99/><U10/><E121/><V47/><F38/><W31/><AGARI ba="1,0" hai="9,11,21,24,31,43,45,50" m="39279,2091" machi="31" ten="30,2000,0" yaku="8,1,52,1" doraHai="85,41" who="3" fromWho="3" sc="105,-6,240,-6,398,-11,257,23" /><INIT seed="3,0,0,1,0,84" ten="99,234,387,280" oya="3" hai0="92,68,51,102,123,74,95,66,80,6,19,105,11" hai1="1,45,21,39,30,25,127,0,67,76,28,35,54" hai2="38,100,132,118,4,56,57,33,98,41,86,13,27" hai3="117,120,112,114,109,82,101,42,59,48,52,119,36"/><W64/><G101/><T135/><D123/><U34/><E67/><V44/><F118/><N who="3" m="45067" /><G82/><T75/><D135/><U116/><E76/><V10/><F132/><W46/><G120/><T88/><D19/><U70/><E70/><V111/><F111/><W55/><G109/><T53/><D66/><U113/><E54/><N who="3" m="20522" /><G48/><T61/><D61/><AGARI ba="0,0" hai="36,42,46,59,61,64,112,114" m="20522,45067" machi="61" ten="30,5800,0" yaku="34,2,54,1" doraHai="84" who="3" fromWho="0" sc="99,-58,234,0,387,0,280,58" /><INIT seed="3,1,0,2,1,87" ten="41,234,387,338" oya="3" hai0="124,56,109,73,70,15,53,128,36,71,115,41,31" hai1="43,57,2,59,121,90,110,20,95,72,23,130,91" hai2="7,11,42,24,127,83,68,133,66,107,94,122,116" hai3="6,4,38,62,45,26,125,84,80,22,132,97,112"/><W29/><G112/><T27/><D73/><U51/><E121/><V30/><F116/><W32/><G32/><T135/><D115/><U88/><E2/><V77/><F107/><W86/><G132/><T89/><D135/><U64/><E72/><V14/><F133/><W12/><G125/><T81/><D124/><U67/><E110/><V48/><F122/><W35/><G97/><T21/><D109/><U34/><E34/><V0/><F127/><W17/><G84/><T10/><D128/><U99/><E130/><V102/><F68/><W46/><G62/><T69/><D41/><U47/><E59/><V63/><F0/><W1/><G38/><T19/><D36/><U61/><E67/><V79/><F63/><W85/><G85/><T25/><D25/><U50/><E51/><V55/><F42/><W60/><G60/><T134/><D134/><U111/><E111/><V3/><F3/><W9/><G6/><T119/><D119/><U8/><E8/><V129/><F66/><W33/><G35/><T108/><D108/><U123/><E123/><V126/><F129/><W13/><G12/><T52/><D56/><U101/><AGARI ba="1,0" hai="20,23,43,47,50,57,61,64,88,90,91,95,99,101" machi="101" ten="30,12000,2" yaku="0,1,8,1,52,3,54,1" doraHai="87" who="1" fromWho="1" sc="41,-31,234,123,387,-31,338,-61" owari="10,-49.0,357,45.7,356,15.6,277,-12.3" /></mjloggm>