<mjloggm ver="2.3"><GO type="225" lobby="0"/><UN n0="%E3%81%BF%E3%81%BF%E3%81%9A" n1="%72%69%6F%75%63%68%61%6E" n2="%E7%BD%AA%E5%88%91%E6%B3%95%E5%AE%9A%E4%B8%BB%E7%BE%A9" n3="%E5%8F%AF%E5%85%90%E9%82%A3%E7%94%B1%E5%A4%9A" dan="17,17,16,16" rate="2183.86,2265.54,2164.34,2190.05" sx="M,M,M,F"/><TAIKYOKU oya="0"/><INIT seed="0,0,0,3,0,37" ten="250,250,250,250" oya="0" hai0="118,6,67,45,65,58,53,33,88,44,34,28,90" hai1="126,75,23,19,50,107,98,89,131,103,12,66,133" hai2="56,97,106,80,64,15,9,111,4,87,61,17,119" hai3="108,29,11,109,101,48,71,110,93,35,116,70,134"/><T73/><D118/><U100/><E131/><V27/><F111/><W124/><G116/><T20/><D73/><U40/><E126/><V52/><F119/><W7/><G124/><T1/><D1/><U128/><E133/><V121/><F121/><W132/><G29/><T105/><D105/><U54/><E128/><V91/><F106/><W16/><G35/><T94/><D6/><U84/><E75/><V123/><F123/><W72/><G72/><T39/><D39/><U74/><E74/><V77/><F97/><N who="3" m="59567" /><G48/><T51/><D34/><U5/><E103/><V60/><F27/><W81/><G81/><T78/><D78/><U113/><E113/><V115/><F115/><W86/><G86/><T79/><D79/><U129/><E129/><V3/><F3/><N who="3" m="511" /><G16/><T26/><D33/><U24/><E66/><N who="0" m="25097" /><D90/><U21/><E5/><V62/><F77/><W42/><G42/><T31/><D28/><U8/><E40/><V96/><F96/><AGARI ba="0,0" hai="20,26,31,44,45,51,53,58,88,94,96" m="25097" machi="96" ten="30,2900,0" yaku="8,1,54,1" doraHai="37" who="0" fromWho="2" sc="250,29,250,0,250,-29,250,0" /><INIT seed="0,1,0,4,4,54" ten="279,250,221,250" oya="0" hai0="9,52,35,106,30,105,83,49,101,79,90,114,80" hai1="29,67,129,107,91,7,113,13,3,16,98,12,126" hai2="69,128,41,127,5,64,36,112,63,71,81,55,51" hai3="10,82,0,17,31,115,92,62,97,50,102,20,120"/><T122/><D114/><U61/><E126/><V121/><F121/><W95/><G115/><T77/><D122/><U39/><E129/><V111/><F112/><W86/><G120/><T57/><D90/><U34/><E113/><V76/><F128/><W124/><G124/><T65/><D9/><U32/><E39/><V87/><F127/><W78/><G31/><T73/><D101/><U100/><E91/><V26/><F111/><W56/><G50/><T103/><D103/><U88/><E88/><V135/><F135/><W119/><G119/><T59/><D35/><U93/><E93/><V2/><F71/><W22/><G92/><T104/><D30/><U66/><E66/><V74/><F26/><W11/><G0/><T60/><D105/><U27/><E32/><V14/><F14/><W123/><G123/><T18/><D18/><U85/><E85/><AGARI ba="1,0" hai="49,52,57,59,60,65,73,77,79,80,83,85,104,106" machi="85" ten="30,11600,0" yaku="7,1,52,2,54,1" doraHai="54" who="0" fromWho="1" sc="279,119,250,-119,221,0,250,0" /><INIT seed="0,2,0,1,2,27" ten="398,131,221,250" oya="0" hai0="70,20,106,61,49,58,112,83,13,46,132,14,33" hai1="37,120,91,66,95,38,72,34,39,11,53,75,117" hai2="86,135,4,41,64,81,17,0,59,23,5,77,44" hai3="21,25,118,71,78,42,102,26,3,7,87,24,35"/><T30/><D112/><U19/><E117/><V123/><F135/><W69/><G118/><T127/><D106/><U104/><E120/><V8/><F5/><W79/><G102/><T103/><D103/><U114/><E114/><V29/><F123/><W97/><G97/><T15/><D132/><U68/><E104/><V89/><F64/><W43/><G35/><T109/><D127/><U113/><E113/><V1/><F59/><W18/><G3/><T133/><D70/><U16/><E34/><V130/><F130/><W122/><G7/><T119/><D119/><U101/><E101/><V2/><F89/><W85/><G122/><T134/><D33/><U115/><E115/><V57/><F57/><W47/><G47/><T65/><D83/><U105/><E105/><V129/><F129/><W6/><G6/><T94/><D94/><U28/><E28/><V92/><F92/><W131/><G131/><T54/><D109/><U56/><E66/><V48/><REACH who="2" step="1"/><F29/><REACH who="2" ten="398,131,211,250" step="2"/><W73/><G71/><T55/><D65/><U36/><E68/><V82/><F82/><N who="3" m="47327" /><G69/><T121/><D121/><U90/><E90/><V10/><F10/><W107/><G107/><T32/><D133/><U125/><N who="1" m="9216" /><DORA hai="80" /><U98/><E125/><V76/><F76/><W9/><G9/><T108/><D134/><U100/><E91/><V67/><F67/><W110/><G110/><T126/><D108/><U31/><E31/><V40/><F40/><W50/><G43/><T12/><D126/><U99/><E11/><V62/><F62/><W63/><G78/><T124/><N who="0" m="3072" /><DORA hai="116" /><T111/><D124/><RYUUKYOKU ba="2,1" sc="398,-10,131,-10,211,30,250,-10" hai2="0,1,2,4,8,17,23,41,44,48,77,81,86" /><INIT seed="1,3,1,3,4,14" ten="388,121,241,240" oya="1" hai0="2,13,106,35,113,28,62,22,77,52,124,122,83" hai1="107,58,36,72,47,64,85,65,76,66,61,48,74" hai2="110,60,6,121,33,101,25,43,26,102,133,39,1" hai3="93,50,30,71,75,53,19,115,80,7,125,24,5"/><U97/><E36/><V123/><F110/><W63/><G115/><T51/><D113/><U100/><E85/><V21/><F39/><W96/><G125/><T78/><D2/><U16/><E76/><V118/><F43/><W91/><G71/><T117/><D117/><U87/><E87/><V34/><F60/><W112/><G112/><T94/><D106/><U92/><E107/><V127/><F1/><W44/><G63/><T9/><D124/><U84/><E84/><V120/><F127/><W4/><G75/><T135/><D35/><U27/><E74/><V95/><F6/><W40/><G80/><T134/><D62/><U111/><E72/><V82/><F82/><W86/><G86/><T11/><D94/><U0/><E0/><V12/><F95/><W42/><REACH who="3" step="1"/><G19/><REACH who="3" ten="388,121,241,230" step="2"/><N who="0" m="10607" /><D122/><U32/><E111/><V99/><F121/><W3/><G3/><T104/><D83/><U68/><E68/><V56/><F123/><W29/><G29/><T132/><D28/><U17/><E17/><V129/><F120/><W126/><G126/><T130/><D77/><U46/><E32/><AGARI ba="3,2" hai="4,5,7,24,30,32,40,42,44,50,53,91,93,96" machi="32" ten="40,1300,0" yaku="1,1,53,0" doraHai="14" doraHaiUra="79" who="3" fromWho="1" sc="388,0,121,-22,241,0,230,42" /><INIT seed="2,0,0,1,5,76" ten="388,99,241,272" oya="2" hai0="79,60,100,53,47,38,68,44,69,122,2,133,23" hai1="99,36,34,31,41,130,72,113,132,24,67,125,28" hai2="5,131,84,57,82,21,39,118,40,89,54,103,94" hai3="15,43,86,127,19,49,109,123,98,78,9,33,46"/><V87/><F118/><W63/><G123/><T83/><D2/><U56/><E113/><V65/><F131/><W111/><G33/><T101/><D122/><U75/><E130/><V18/><F65/><W7/><G127/><T91/><D91/><U3/><E3/><V70/><F70/><W95/><G63/><T135/><D23/><U80/><E125/><V59/><F5/><W110/><G19/><T134/><D53/><U13/><E132/><V93/><F39/><W16/><G7/><T51/><D38/><U66/><E28/><V114/><F114/><W48/><G48/><T42/><D47/><U97/><E75/><V20/><F40/><W6/><G6/><T55/><D42/><U8/><E66/><V62/><F59/><W26/><G26/><T88/><D88/><U22/><E34/><V85/><F21/><W116/><G116/><T73/><D60/><U81/><E72/><V32/><F32/><W4/><G4/><T119/><D119/><U92/><E99/><N who="2" m="59887" /><F82/><N who="1" m="31849" /><E36/><V106/><F106/><W17/><G110/><T61/><D69/><U1/><E1/><V120/><F120/><W0/><G0/><T128/><D128/><U71/><E71/><V102/><F102/><N who="3" m="60767" /><G111/><T29/><D29/><U107/><E107/><V12/><AGARI ba="0,0" hai="12,18,20,54,57,62,84,85,87,89,94" m="59887" machi="12" ten="30,1500,0" yaku="8,1" doraHai="76" who="2" fromWho="2" sc="388,-5,99,-5,241,15,272,-5" /><INIT seed="2,1,0,0,3,2" ten="383,94,256,267" oya="2" hai0="58,47,112,61,111,14,20,113,79,120,19,57,38" hai1="71,82,87,107,83,115,106,48,46,121,1,23,65" hai2="15,26,84,129,131,41,123,75,127,60,77,110,105" hai3="56,28,6,36,11,54,42,13,88,119,95,34,85"/><V44/><F123/><W35/><G119/><T124/><D120/><U117/><E121/><V99/><F75/><W96/><G28/><T72/><D111/><U78/><E115/><V74/><F74/><W32/><G36/><T128/><D124/><U25/><E117/><V116/><F116/><W66/><G42/><T17/><D128/><N who="2" m="49226" /><F127/><W18/><G66/><T39/><D57/><U118/><E118/><V22/><F15/><W86/><REACH who="3" step="1"/><G18/><REACH who="3" ten="383,94,256,257" step="2"/><T37/><D112/><U12/><E65/><V91/><F110/><W21/><G21/><T63/><D113/><U40/><E71/><V9/><F9/><W135/><G135/><T24/><D38/><U0/><E12/><V50/><F60/><AGARI ba="1,1" hai="6,11,13,32,34,35,54,56,60,85,86,88,95,96" machi="60" ten="40,8000,1" yaku="1,1,52,1,54,1,53,1" doraHai="2" doraHaiUra="55" who="3" fromWho="2" sc="383,0,94,0,256,-83,257,93" /><INIT seed="3,0,0,3,1,4" ten="383,94,173,350" oya="3" hai0="85,56,1,106,61,123,53,25,16,22,121,72,21" hai1="98,124,135,18,65,64,111,84,62,99,105,9,28" hai2="0,30,74,10,15,131,118,11,81,39,35,50,12" hai3="19,113,71,23,101,94,42,83,95,76,80,20,125"/><W114/><G71/><T103/><D72/><U127/><E135/><V107/><F118/><W52/><G42/><T63/><D1/><U90/><E111/><V73/><F39/><W119/><G119/><T38/><D38/><U120/><E120/><V49/><F107/><W29/><G125/><T75/><D75/><U45/><E28/><V14/><F131/><W78/><G29/><T60/><D85/><U96/><E105/><V58/><F0/><W32/><G101/><T37/><D37/><U17/><E45/><V26/><F58/><W77/><G19/><T34/><D34/><U87/><E62/><V115/><F115/><N who="3" m="44043" /><G52/><T126/><D126/><U43/><E43/><V7/><F14/><W97/><G97/><T5/><D5/><U33/><E99/><V110/><F110/><W51/><G51/><N who="0" m="30783" /><D103/><U27/><E33/><V128/><F128/><W8/><G8/><T55/><D106/><U69/><E69/><V102/><F102/><W93/><G32/><T24/><D123/><U104/><E104/><V92/><F92/><W112/><N who="3" m="44051" /><W31/><DORA hai="40" /><G31/><N who="0" m="17807" /><D121/><U66/><E66/><V100/><F100/><W108/><G108/><T54/><AGARI ba="0,0" hai="16,22,25,54,55,60,61,63" m="17807,30783" machi="54" ten="30,2000,0" yaku="8,1,54,1" doraHai="4,40" who="0" fromWho="0" sc="383,20,94,-5,173,-5,350,-10" owari="403,50.3,89,-41.1,168,-23.2,340,14.0" /></mjloggm>