<mjloggm ver="2.3"><GO type="225" lobby="0"/><UN n0="%E3%82%82%E3%81%90%E3%82%89" n1="%6E%69%63%6F%6E%74%6F" n2="%4C%4F%4C%49%54%41" n3="%E2%91%A3%E9%81%BF%E9%81%8A%E6%88%AF%E3%80%90%E6%9D%B1%E5%8D%97%E3%80%91" dan="17,17,16,16" rate="2218.46,2174.80,2154.59,2103.28" sx="M,M,F,M"/><TAIKYOKU oya="0"/><INIT seed="0,0,0,0,4,52" ten="250,250,250,250" oya="0" hai0="65,23,113,50,21,126,19,33,125,6,98,74,46" hai1="71,134,103,7,89,93,87,92,12,105,109,11,104" hai2="88,80,99,0,94,63,76,124,18,95,47,97,38" hai3="4,91,66,77,79,131,24,120,36,114,8,117,31"/><T112/><D112/><U56/><BYE who="0" /><E109/><UN n0="%E3%82%82%E3%81%90%E3%82%89" /><V28/><F0/><W53/><G117/><T73/><D113/><U61/><E134/><V39/><F124/><N who="0" m="47722" /><D33/><U121/><E71/><V26/><F18/><W42/><G114/><T96/><D6/><U108/><E108/><V57/><F47/><W100/><G120/><T82/><D65/><U29/><E121/><V58/><F95/><W86/><G131/><T30/><D30/><U17/><E29/><V78/><F99/><N who="0" m="37930" /><D82/><U110/><E110/><V43/><F43/><W16/><G42/><N who="0" m="24919" /><D23/><U106/><E103/><V5/><F5/><W25/><G100/><T128/><D128/><U84/><E7/><V130/><F130/><W119/><G4/><T69/><D69/><U129/><E129/><V123/><F123/><W67/><G31/><T13/><AGARI ba="0,0" hai="13,19,21,73,74" m="24919,37930,47722" machi="13" ten="30,1500,0" yaku="18,1" doraHai="52" who="0" fromWho="0" sc="250,15,250,-5,250,-5,250,-5" /><INIT seed="0,1,0,0,0,85" ten="265,245,245,245" oya="0" hai0="3,73,117,26,114,57,97,120,47,22,23,79,54" hai1="45,50,10,33,113,52,67,11,24,19,118,111,55" hai2="98,14,91,95,58,44,39,66,129,133,119,35,34" hai3="15,126,21,30,17,40,106,29,108,135,86,51,110"/><T112/><D120/><U25/><E118/><V99/><F119/><W72/><G72/><T100/><D3/><U9/><E111/><N who="3" m="42538" /><G106/><T36/><D117/><U107/><E107/><V1/><F1/><W16/><G40/><T41/><D79/><U127/><E127/><V28/><F129/><W61/><G61/><T42/><D42/><U0/><E0/><V116/><F116/><W131/><G51/><T56/><D73/><U125/><E125/><V84/><F133/><W62/><G62/><T37/><D23/><U83/><E67/><V53/><F39/><W87/><G126/><T6/><D6/><U31/><E113/><V32/><F28/><N who="3" m="10859" /><G135/><T12/><D12/><U105/><E105/><V70/><F70/><W8/><G131/><T93/><D37/><U90/><E19/><V63/><REACH who="2" step="1"/><F14/><AGARI ba="1,0" hai="8,14,15,16,17,21,86,87" m="10859,42538" machi="14" ten="30,2000,0" yaku="14,1,54,1" doraHai="85" who="3" fromWho="2" sc="265,0,245,0,245,-23,245,23" /><INIT seed="1,0,0,1,5,10" ten="265,245,222,268" oya="1" hai0="53,80,68,67,16,11,91,124,130,58,77,6,135" hai1="123,46,37,61,59,76,132,111,105,17,7,43,47" hai2="73,64,89,35,129,121,25,119,88,83,70,18,114" hai3="84,14,94,87,97,133,9,24,12,2,27,86,92"/><U78/><E123/><V108/><F121/><W82/><G133/><T90/><D135/><U0/><E132/><V15/><F119/><W48/><G2/><T69/><D130/><U32/><E32/><V51/><F129/><W74/><G74/><T34/><D34/><U38/><E105/><V101/><F108/><W4/><G82/><T98/><D124/><U128/><E128/><V42/><F114/><W65/><G65/><T116/><D116/><U56/><E111/><V122/><F122/><W100/><G48/><T55/><D55/><U72/><E17/><V40/><F101/><W20/><G94/><T26/><D67/><U33/><E33/><V62/><F73/><W131/><G131/><T110/><D110/><U95/><E95/><V45/><F42/><W113/><G113/><T117/><D98/><U125/><E125/><V115/><F83/><W71/><G71/><T93/><D93/><U52/><E59/><V28/><REACH who="2" step="1"/><F115/><REACH who="2" ten="265,245,212,268" step="2"/><W112/><G112/><T134/><D80/><U75/><E75/><V79/><F79/><W60/><G60/><N who="0" m="35919" /><D77/><U81/><E78/><V21/><AGARI ba="0,1" hai="15,18,21,25,28,35,40,45,51,62,64,70,88,89" machi="21" ten="20,12000,2" yaku="1,1,0,1,7,1,52,1,54,1,53,1" doraHai="10" doraHaiUra="29" who="2" fromWho="2" sc="265,-30,245,-60,212,130,268,-30" /><INIT seed="2,0,0,0,5,105" ten="235,185,342,238" oya="2" hai0="11,135,121,124,126,14,21,8,52,41,62,57,59" hai1="43,28,67,111,94,130,0,91,118,87,92,24,50" hai2="115,1,104,66,106,3,44,18,107,74,109,112,97" hai3="84,26,30,77,47,117,101,90,64,116,16,131,114"/><V119/><F119/><W27/><G77/><T39/><D121/><U132/><E118/><V128/><F128/><W99/><G131/><T113/><D113/><U80/><E130/><V13/><F66/><W20/><G64/><T69/><D135/><U31/><E132/><V103/><F74/><W98/><G114/><T10/><D69/><U76/><E111/><V35/><F35/><W42/><G101/><T46/><D21/><U134/><E134/><V37/><F1/><W38/><G117/><T33/><D33/><U61/><E0/><V9/><F109/><W78/><G78/><T95/><D95/><U15/><E15/><V2/><F2/><W81/><REACH who="3" step="1"/><G116/><REACH who="3" ten="235,185,342,228" step="2"/><T72/><D72/><U82/><E76/><V23/><F112/><W86/><G86/><T25/><D124/><U65/><E87/><V63/><F115/><W60/><G60/><T5/><D126/><U125/><E125/><V100/><F63/><W32/><AGARI ba="0,1" hai="16,20,26,27,30,32,38,42,47,81,84,90,98,99" machi="32" ten="20,5200,0" yaku="1,1,0,1,7,1,54,1,53,0" doraHai="105" doraHaiUra="108" who="3" fromWho="3" sc="235,-13,185,-13,342,-26,228,62" /><INIT seed="3,0,0,3,1,55" ten="222,172,316,290" oya="3" hai0="63,120,85,115,91,16,32,59,103,29,33,48,109" hai1="62,23,135,9,119,10,11,28,6,64,112,43,97" hai2="49,99,108,132,82,35,56,73,87,41,117,70,44" hai3="86,14,13,22,21,81,47,25,31,4,84,2,37"/><W80/><G2/><T129/><D120/><U19/><E112/><V61/><F117/><W98/><G4/><T24/><D115/><U74/><E119/><V58/><F35/><W131/><G131/><T94/><D129/><U50/><E135/><V101/><F108/><W90/><G98/><T71/><D109/><U27/><E74/><V72/><F70/><W113/><G113/><T46/><D71/><U114/><E114/><V95/><F56/><W60/><G37/><T51/><D103/><U123/><E123/><V66/><F132/><W3/><G3/><T134/><D134/><U69/><E97/><V42/><F42/><W26/><G47/><T127/><D127/><U20/><E43/><V8/><F8/><W124/><G60/><T88/><D33/><U111/><E111/><V67/><F67/><W45/><G45/><T133/><D133/><U5/><E50/><V78/><AGARI ba="0,0" hai="41,44,49,58,61,66,72,73,78,82,87,95,99,101" machi="78" ten="20,2700,0" yaku="0,1,7,1,52,1" doraHai="55" who="2" fromWho="2" sc="222,-7,172,-7,316,27,290,-13" owari="215,-18.5,165,-33.5,343,44.3,277,7.7" /></mjloggm>