<mjloggm ver="2.3"><GO type="225" lobby="0"/><UN n0="%E6%98%BC%E4%B8%8B%E3%81%8C%E3%82%8A%E3%81%AE%E5%9B%A3%E5%9C%B0%E5%A6%BB" n1="%E3%83%A9%E3%83%96%E3%83%AC%E3%83%BC" n2="%E3%81%8B%E3%82%8F%E3%81%A1%E3%82%83%E3%82%93%35%38" n3="%E3%81%A8%E3%82%93%E3%81%A8%E3%81%93%E3%81%A8%E3%82%93" dan="16,17,16,16" rate="2144.76,2162.06,2174.37,2091.12" sx="F,M,M,F"/><TAIKYOKU oya="0"/><INIT seed="0,0,0,1,3,35" ten="250,250,250,250" oya="0" hai0="65,59,14,56,22,46,26,124,87,85,33,99,29" hai1="86,58,94,73,97,90,42,23,47,71,123,53,102" hai2="131,118,93,1,83,24,2,100,92,70,117,109,105" hai3="84,19,9,81,45,106,34,60,7,125,40,10,95"/><T77/><D124/><U52/><E123/><V11/><F70/><W76/><G106/><T55/><D99/><U36/><E71/><V8/><F105/><W4/><G34/><T112/><D112/><U5/><E73/><V17/><F109/><W21/><G125/><T61/><D46/><U12/><E58/><V74/><F131/><W108/><G108/><T121/><D121/><U64/><E64/><V62/><F62/><W107/><G107/><T16/><REACH who="0" step="1"/><D77/><REACH who="0" ten="240,250,250,250" step="2"/><U69/><E97/><V78/><F78/><W54/><G45/><T15/><D15/><U129/><E12/><V57/><F100/><W127/><G127/><T114/><D114/><U135/><E47/><V3/><F3/><W39/><G76/><T75/><D75/><U98/><E98/><V20/><F74/><W91/><G84/><T18/><D18/><U51/><E86/><V49/><F17/><W119/><G19/><T6/><D6/><U43/><E5/><V110/><F110/><W113/><G4/><T132/><D132/><U111/><E135/><V31/><F1/><W30/><G7/><T32/><D32/><U133/><E133/><V27/><F2/><W116/><G113/><T63/><AGARI ba="0,1" hai="14,16,22,26,29,33,55,56,59,61,63,65,85,87" machi="63" ten="20,7800,0" yaku="1,1,0,1,7,1,54,1,53,0" doraHai="35" doraHaiUra="89" who="0" fromWho="0" sc="240,88,250,-26,250,-26,250,-26" /><INIT seed="0,1,0,3,3,3" ten="328,224,224,224" oya="0" hai0="36,102,135,66,8,70,9,20,54,4,126,45,111" hai1="69,26,114,0,105,67,120,30,61,118,109,23,104" hai2="47,68,73,77,44,31,128,43,84,132,93,37,121" hai3="33,125,106,65,131,60,32,112,52,123,13,57,62"/><T50/><D135/><U108/><E118/><V5/><F121/><W63/><G112/><T124/><D111/><N who="1" m="42571" /><E120/><V94/><F68/><W134/><G123/><T86/><D102/><U101/><E0/><V42/><F132/><W97/><G134/><T83/><D36/><U75/><E75/><V96/><F128/><W92/><G106/><N who="1" m="41066" /><E101/><V87/><F31/><W116/><G116/><T110/><D110/><U19/><E114/><V53/><F53/><W127/><G131/><T21/><D66/><U72/><E72/><V107/><F107/><W25/><G13/><T35/><D35/><U56/><E30/><V129/><F129/><W99/><G65/><T27/><D70/><AGARI ba="1,0" hai="19,23,26,56,61,67,69,70" m="41066,42571" machi="70" ten="30,1000,0" yaku="14,1" doraHai="3" who="1" fromWho="0" sc="328,-13,224,13,224,0,224,0" /><INIT seed="1,0,0,5,5,16" ten="315,237,224,224" oya="1" hai0="87,105,68,102,127,3,130,48,90,81,89,129,12" hai1="120,4,53,80,83,51,46,116,59,88,65,45,91" hai2="107,18,92,72,135,44,82,66,119,5,17,95,93" hai3="101,96,70,13,132,75,64,23,25,19,0,76,24"/><U73/><E120/><V11/><F119/><W115/><G0/><T113/><D113/><U36/><E116/><V10/><F107/><W52/><G115/><T47/><D3/><U6/><E36/><V21/><F135/><W108/><G108/><T62/><D127/><U28/><E28/><V112/><F112/><W49/><G132/><T86/><D105/><U118/><E118/><V9/><F66/><W85/><G75/><T121/><D102/><U2/><E2/><V78/><F44/><N who="1" m="17001" /><E73/><V122/><F18/><W34/><G34/><T43/><D121/><U67/><E83/><V40/><F40/><W50/><G70/><T30/><D30/><U99/><E91/><V104/><F104/><W20/><G64/><N who="1" m="24650" /><E99/><V103/><F122/><W98/><G96/><T31/><D31/><U61/><E61/><V100/><REACH who="2" step="1"/><F5/><REACH who="2" ten="315,237,214,224" step="2"/><W128/><G19/><T41/><D68/><U37/><E37/><V74/><F74/><W29/><G29/><T7/><D41/><U58/><E59/><V124/><F124/><W94/><G128/><T133/><D133/><U106/><E106/><V33/><F33/><W77/><G77/><T69/><D69/><U54/><E54/><V56/><F56/><W117/><G52/><T57/><D130/><U35/><E35/><V14/><AGARI ba="0,1" hai="9,10,11,14,17,21,72,78,82,92,93,95,100,103" machi="14" ten="30,4000,0" yaku="1,1,0,1,52,1,53,0" doraHai="16" doraHaiUra="39" who="2" fromWho="2" sc="315,-10,237,-20,214,50,224,-10" /><INIT seed="2,0,0,0,5,130" ten="305,217,264,214" oya="2" hai0="16,7,64,100,74,57,34,19,54,47,88,99,1" hai1="86,44,124,63,117,104,75,83,71,110,56,107,128" hai2="39,95,81,61,118,106,50,89,9,73,21,67,113" hai3="40,127,32,84,121,94,37,103,11,17,25,96,111"/><V24/><F39/><W132/><G121/><T33/><D74/><U105/><E117/><V92/><F106/><W101/><G111/><T3/><D64/><U48/><E110/><V115/><F118/><W12/><G127/><T46/><D57/><U69/><E124/><V119/><F119/><W38/><G103/><T41/><D100/><U59/><E75/><V72/><F9/><W114/><G114/><T14/><D7/><U123/><E128/><V126/><F50/><W26/><G132/><T53/><D14/><U125/><E123/><V20/><F126/><W129/><G129/><T62/><D99/><U68/><E125/><V6/><F6/><W112/><G112/><T5/><D5/><U97/><E97/><V120/><F120/><W55/><G55/><T22/><D22/><N who="2" m="8810" /><F24/><W87/><G37/><T42/><D62/><U27/><E63/><V23/><F23/><W45/><REACH who="3" step="1"/><G25/><REACH who="3" ten="305,217,264,204" step="2"/><T58/><D53/><U31/><E27/><V18/><F113/><W133/><G133/><T108/><D108/><U78/><REACH who="1" step="1"/><E31/><AGARI ba="0,1" hai="11,12,17,26,31,32,38,40,45,84,87,94,96,101" machi="31" ten="40,1300,0" yaku="1,1,53,0" doraHai="130" doraHaiUra="85" who="3" fromWho="1" sc="305,0,217,-13,264,0,204,23" /><INIT seed="3,0,0,5,1,135" ten="305,204,264,227" oya="3" hai0="34,110,57,49,73,56,32,115,0,13,78,12,129" hai1="86,2,111,112,134,33,96,125,5,130,89,107,45" hai2="97,61,116,82,118,70,123,47,124,27,40,21,9" hai3="84,100,15,65,43,48,25,11,60,7,108,69,92"/><W85/><G108/><T64/><D0/><U131/><E112/><V8/><F123/><W103/><G25/><T23/><D78/><U72/><E33/><V77/><F97/><W20/><G20/><T41/><D64/><U121/><E121/><V79/><F79/><W19/><G19/><T18/><D18/><U83/><E45/><V35/><F35/><W106/><G106/><T94/><D94/><U53/><E53/><V10/><F61/><W74/><G74/><T99/><D99/><U44/><E44/><V1/><F70/><W71/><G71/><T122/><D122/><U119/><E111/><V117/><F1/><W95/><G43/><T76/><D76/><N who="1" m="44423" /><E134/><V22/><F124/><W37/><G37/><T102/><D110/><U4/><E119/><V87/><REACH who="2" step="1"/><F27/><REACH who="2" ten="305,204,254,227" step="2"/><W28/><G60/><T88/><D32/><U98/><E98/><V24/><F24/><W91/><G69/><T50/><D34/><U113/><E113/><V54/><F54/><W109/><G109/><T26/><D26/><U62/><E62/><V31/><F31/><W128/><G28/><T3/><D3/><U93/><E125/><V51/><AGARI ba="0,1" hai="8,9,10,21,22,40,47,51,77,82,87,116,117,118" machi="51" ten="40,2700,0" yaku="1,1,0,1,53,0" doraHai="135" doraHaiUra="120" who="2" fromWho="2" sc="305,-7,204,-7,254,37,227,-13" /><INIT seed="4,0,0,3,3,55" ten="298,197,291,214" oya="0" hai0="16,61,41,42,74,64,22,28,134,100,126,44,30" hai1="69,117,82,110,32,1,107,125,108,103,131,128,86" hai2="112,113,63,65,67,10,29,71,51,75,3,98,109" hai3="34,80,135,24,40,2,111,6,122,121,97,90,120"/><T49/><D74/><U73/><E73/><V70/><F109/><W15/><BYE who="1" /><G111/><T130/><D130/><UN n1="%E3%83%A9%E3%83%96%E3%83%AC%E3%83%BC" /><U101/><E32/><V9/><F75/><W57/><G135/><T92/><D134/><U13/><E1/><V87/><F29/><W58/><G2/><T8/><D42/><U36/><E36/><V114/><F51/><W115/><G40/><T79/><D79/><U0/><E0/><V19/><F19/><W124/><G124/><T99/><D8/><N who="2" m="3178" /><F3/><W60/><G115/><T93/><D93/><U68/><E107/><V56/><F87/><N who="3" m="50535" /><G97/><T129/><D129/><U105/><E105/><V39/><F39/><W26/><G34/><T119/><D119/><U78/><E117/><V77/><F77/><W48/><G6/><T20/><D126/><U91/><E69/><N who="2" m="26123" /><F98/><W14/><G48/><T123/><D123/><U37/><E37/><V96/><F96/><W62/><G62/><T17/><D17/><U21/><E68/><V88/><F88/><W18/><G60/><T11/><D11/><U45/><E125/><V102/><F102/><N who="1" m="38921" /><E78/><V72/><F72/><W7/><G7/><T84/><D84/><U52/><E128/><V4/><F4/><W127/><G127/><T132/><D132/><U12/><E131/><V94/><F94/><W43/><G18/><T59/><D20/><U25/><E110/><V85/><F85/><W38/><G38/><T95/><D92/><U54/><E108/><V5/><F5/><W23/><G23/><T47/><D44/><U81/><E82/><V118/><F118/><W76/><G121/><T104/><D95/><RYUUKYOKU ba="0,0" sc="298,15,197,-15,291,15,214,-15" hai0="16,22,28,30,41,47,49,59,61,64,99,100,104" hai2="56,63,65,67,112,113,114" owari="313,41.3,182,-31.8,306,10.6,199,-20.1" /></mjloggm>