<mjloggm ver="2.3"><GO type="225" lobby="0"/><UN n0="%E3%81%BF%E3%81%BF%E3%81%9A" n1="%E3%81%B5%E3%81%98%E3%81%8B%E3%81%A4" n2="%48%61%61%61%6C%61%6E%64" n3="%E3%81%8D%E3%82%85%E3%81%86" dan="16,16,18,16" rate="2217.34,2197.14,2306.13,2079.53" sx="M,M,M,M"/><TAIKYOKU oya="0"/><INIT seed="0,0,0,0,1,64" ten="250,250,250,250" oya="0" hai0="36,46,112,130,73,11,109,87,2,49,15,67,119" hai1="12,91,71,20,133,85,118,80,66,45,70,113,30" hai2="41,25,35,7,33,23,86,39,28,129,43,77,26" hai3="24,84,117,61,95,81,6,105,75,122,83,116,115"/><T100/><D73/><U58/><E118/><V3/><F129/><W94/><G6/><T54/><D112/><U19/><E133/><V69/><F69/><W59/><G24/><T88/><D119/><N who="3" m="45641" /><G59/><T96/><D2/><U14/><E113/><V104/><F104/><W78/><G61/><T76/><D130/><U126/><E126/><V48/><F39/><W22/><G22/><T106/><D109/><U98/><E45/><V93/><F3/><W29/><G29/><T132/><D132/><U56/><E30/><V123/><F7/><W17/><G17/><T102/><D36/><U42/><E42/><V1/><F1/><W8/><G8/><T37/><D37/><U55/><E98/><V16/><F35/><W127/><G115/><T51/><D67/><U68/><E66/><V21/><F33/><W125/><G105/><T79/><D102/><U128/><E128/><V0/><F0/><W74/><G74/><T134/><D49/><U99/><E99/><V65/><F48/><W4/><G4/><T40/><D40/><U97/><E97/><V34/><F65/><W107/><G107/><T53/><D53/><U5/><REACH who="1" step="1"/><E55/><REACH who="1" ten="250,240,250,250" step="2"/><V18/><F41/><W101/><G101/><T9/><D134/><U32/><E32/><V108/><F34/><W90/><G122/><T135/><D135/><U121/><E121/><V60/><F123/><W62/><G62/><T114/><D114/><U92/><E92/><AGARI ba="0,1" hai="75,78,81,83,84,90,92,94,95,125,127" m="45641" machi="92" ten="30,2000,0" yaku="34,2" doraHai="64" who="3" fromWho="1" sc="250,0,240,-20,250,0,250,30" /><INIT seed="1,0,0,2,2,41" ten="250,220,250,280" oya="1" hai0="9,46,38,35,75,98,20,16,115,28,86,25,23" hai1="7,100,125,56,117,0,14,79,12,50,49,130,95" hai2="62,40,102,55,129,33,106,123,81,132,29,108,39" hai3="21,10,90,17,99,89,42,67,110,18,119,63,44"/><U32/><E32/><V48/><F123/><W83/><G110/><T70/><D75/><U47/><E117/><V128/><F108/><W3/><G119/><T11/><D115/><U122/><E130/><N who="2" m="50283" /><F132/><W78/><G3/><T76/><D70/><U37/><E125/><V22/><F33/><W36/><G10/><T133/><D133/><U131/><E131/><V87/><F62/><W4/><G4/><T104/><D35/><U65/><E122/><V51/><F102/><W74/><G99/><T107/><D107/><U5/><E79/><V109/><F106/><W97/><G97/><T66/><D66/><U19/><E0/><V135/><F135/><W77/><G77/><T73/><D86/><U91/><E100/><V64/><F64/><W27/><REACH who="3" step="1"/><G18/><REACH who="3" ten="250,220,250,270" step="2"/><T84/><D98/><N who="1" m="57727" /><E14/><V105/><F109/><W71/><AGARI ba="0,1" hai="17,21,27,36,42,44,63,67,71,74,78,83,89,90" machi="71" ten="20,5200,0" yaku="1,1,0,1,7,1,52,1,53,0" doraHai="41" doraHaiUra="112" who="3" fromWho="3" sc="250,-13,220,-26,250,-13,270,62" /><INIT seed="2,0,0,1,5,122" ten="237,194,237,332" oya="2" hai0="51,65,132,107,81,85,23,69,103,38,115,126,11" hai1="80,61,49,87,53,43,59,26,6,29,17,66,42" hai2="83,28,63,4,40,98,64,127,77,99,71,120,109" hai3="118,56,24,5,105,70,72,108,48,92,18,44,90"/><V7/><F120/><W114/><G70/><T93/><D115/><U112/><E112/><V22/><F127/><W33/><G72/><T67/><D38/><U3/><E3/><V45/><F109/><W129/><G105/><T39/><D39/><U79/><E6/><V15/><F7/><W88/><G129/><T123/><D123/><U37/><E17/><V12/><F12/><W110/><G118/><T60/><D126/><U25/><E37/><V111/><F111/><N who="3" m="42539" /><G114/><T34/><D60/><U36/><E36/><V134/><F71/><W1/><G56/><T121/><D93/><U94/><E94/><V106/><F134/><W84/><G90/><T21/><D132/><U16/><E26/><V32/><F77/><W133/><G133/><T13/><D107/><U54/><E54/><V35/><F64/><W95/><G95/><T73/><D67/><U57/><REACH who="1" step="1"/><E16/><REACH who="1" ten="237,184,237,332" step="2"/><V27/><F27/><W91/><G18/><T74/><D121/><U135/><E135/><V20/><F106/><W46/><G5/><T62/><D65/><U130/><E130/><V9/><F4/><W124/><G1/><T104/><D104/><U97/><E97/><V131/><F98/><W0/><G0/><T116/><D13/><U101/><E101/><V86/><F15/><W76/><G24/><T82/><D103/><U58/><E58/><V14/><F14/><W78/><G92/><T10/><D69/><U47/><E47/><V119/><F45/><W100/><G46/><T68/><D68/><U113/><E113/><V50/><F131/><W117/><G44/><T30/><D10/><RYUUKYOKU ba="0,1" sc="237,-10,184,30,237,-10,332,-10" hai1="25,29,42,43,49,53,57,59,61,66,79,80,87" /><INIT seed="3,1,1,1,1,80" ten="227,214,227,322" oya="3" hai0="115,59,79,29,53,104,35,23,18,91,27,100,130" hai1="60,52,65,111,75,19,49,70,28,76,121,97,54" hai2="58,78,0,55,1,101,133,41,87,36,92,117,125" hai3="57,3,83,34,123,39,89,88,37,66,131,72,2"/><W40/><G34/><T119/><D119/><U24/><E121/><V102/><F117/><W4/><G4/><T38/><D38/><U44/><E111/><V129/><F125/><W9/><G9/><T17/><D130/><U33/><E19/><V107/><F107/><W98/><G57/><T12/><D115/><U22/><E33/><V64/><F129/><W43/><G83/><T8/><D79/><U110/><E110/><V71/><F133/><W47/><G66/><T103/><D91/><U45/><E97/><V48/><F0/><W134/><G47/><T93/><D93/><U122/><E122/><V77/><F1/><W85/><G134/><T81/><D81/><U118/><E118/><V67/><F78/><W50/><G50/><T31/><D104/><U42/><E76/><V26/><F26/><W68/><G68/><T63/><D31/><U32/><E75/><V74/><F74/><W96/><G72/><T14/><AGARI ba="1,1" hai="8,12,14,17,18,23,27,29,35,53,59,63,100,103" machi="14" ten="20,1500,0" yaku="0,1,7,1" doraHai="80" who="0" fromWho="0" sc="227,28,214,-5,227,-5,322,-8" owari="255,5.5,209,-29.1,222,-17.8,314,41.4" /></mjloggm>