<mjloggm ver="2.3"><GO type="225" lobby="0"/><UN n0="%E3%81%82%E3%81%99%E3%81%AB%E3%82%83%E3%82%80" n1="%E9%B3%B3%E6%9D%B1%E3%81%AE%E3%81%86%E3%81%95%E3%81%8E%E3%81%95%E3%82%93" n2="%E6%B4%BE%E9%81%A3%E3%81%AE%E3%82%B8%E3%83%A3%E3%83%83%E3%82%AF" n3="%E5%A4%96%E5%B7%9D%E7%AB%9C%E6%88%90" dan="16,17,16,16" rate="2167.97,2281.75,2148.95,2237.99" sx="F,M,M,M"/><TAIKYOKU oya="0"/><INIT seed="0,0,0,5,4,126" ten="250,250,250,250" oya="0" hai0="114,62,55,21,39,106,4,67,70,20,80,127,9" hai1="90,117,85,100,98,68,93,87,64,30,96,123,120" hai2="38,22,122,54,92,99,24,2,11,132,82,28,133" hai3="32,101,13,72,75,63,103,109,97,91,71,61,48"/><T69/><D127/><U116/><E64/><V23/><F38/><W73/><G32/><T65/><D114/><U3/><E3/><V57/><F122/><N who="1" m="46633" /><E30/><V37/><F37/><W81/><G109/><T19/><D106/><N who="1" m="63751" /><E68/><V95/><F82/><W27/><G27/><T131/><D39/><U94/><E85/><V113/><F113/><W34/><G71/><T45/><D55/><U107/><E107/><V7/><F23/><W59/><G34/><T26/><D45/><U86/><E86/><V56/><F92/><W1/><G1/><T25/><D62/><U76/><E76/><V105/><F105/><W43/><G72/><T88/><D19/><U41/><E41/><V128/><F56/><W46/><G75/><T134/><D9/><U40/><E40/><V58/><F58/><W5/><G73/><T0/><D0/><U36/><E36/><V18/><F28/><W110/><G110/><T111/><D111/><U60/><E60/><V47/><F47/><W51/><G63/><T84/><D4/><U12/><E12/><V89/><F57/><W49/><G13/><T52/><D52/><U102/><AGARI ba="0,0" hai="87,90,93,94,98,102,116,117" m="63751,46633" machi="102" ten="30,2000,0" yaku="34,2" doraHai="126" who="1" fromWho="1" sc="250,-10,250,20,250,-5,250,-5" /><INIT seed="1,0,0,4,2,6" ten="240,270,245,245" oya="1" hai0="9,116,2,123,72,73,58,71,41,15,44,62,3" hai1="54,127,18,81,131,21,65,48,126,104,82,11,19" hai2="88,98,47,108,107,39,51,97,120,30,42,64,78" hai3="53,86,38,26,12,4,101,49,103,55,121,59,0"/><U74/><E131/><V68/><F120/><W1/><G121/><T8/><D116/><U36/><E36/><V37/><F78/><W60/><G38/><T14/><D71/><U77/><E104/><V94/><F108/><W34/><G0/><T35/><D35/><U129/><E129/><V10/><F30/><W66/><G1/><T109/><D123/><U106/><E106/><V128/><F128/><W20/><G34/><T17/><D109/><U75/><E65/><V28/><F28/><W27/><G86/><T122/><D2/><U16/><E21/><V90/><F64/><W93/><G93/><T46/><D3/><U105/><E105/><V102/><F68/><W25/><G55/><T130/><D130/><U85/><E11/><V79/><F79/><W31/><G31/><T56/><D122/><U135/><E135/><V134/><F134/><W67/><G67/><T83/><D83/><U40/><E40/><V117/><F117/><W76/><G76/><T70/><D70/><U5/><E5/><V133/><F133/><W13/><G20/><T114/><D114/><U80/><E75/><V43/><F43/><W50/><G4/><T113/><D113/><U112/><E112/><V124/><F124/><N who="1" m="47657" /><E74/><V115/><F115/><W110/><G110/><T69/><D69/><U45/><AGARI ba="0,0" hai="16,18,19,45,48,54,77,80,81,82,85" m="47657" machi="45" ten="30,3000,0" yaku="18,1,54,1" doraHai="6" who="1" fromWho="1" sc="240,-10,270,30,245,-10,245,-10" /><INIT seed="1,1,0,1,4,50" ten="230,300,235,235" oya="1" hai0="98,25,34,103,61,49,56,54,51,82,124,24,22" hai1="28,21,90,20,92,126,95,58,30,7,109,93,29" hai2="67,87,32,76,6,134,85,129,128,108,59,102,38" hai3="19,13,40,112,47,10,116,14,94,79,110,55,46"/><U111/><E7/><V100/><F32/><W114/><G110/><N who="1" m="41994" /><E126/><V43/><F108/><W8/><G116/><T105/><D124/><U101/><E101/><V9/><F134/><W63/><G79/><T26/><D34/><U27/><E90/><V64/><F43/><W84/><G94/><N who="1" m="24066" /><U60/><DORA hai="127" /><E27/><V97/><F38/><W45/><G84/><N who="2" m="32329" /><F76/><W33/><G33/><T17/><REACH who="0" step="1"/><D82/><REACH who="0" ten="220,300,235,235" step="2"/><U15/><E15/><AGARI ba="1,1" hai="15,17,22,24,25,26,49,51,54,56,61,98,103,105" machi="15" ten="40,8000,1" yaku="1,1,2,1,52,1,53,1" doraHai="50,127" doraHaiUra="57,104" who="0" fromWho="1" sc="220,93,300,-83,235,0,235,0" /><INIT seed="2,0,0,0,3,48" ten="313,217,235,235" oya="2" hai0="96,133,81,52,11,105,18,114,67,77,63,131,62" hai1="47,132,102,99,118,75,19,53,135,22,109,69,83" hai2="37,100,88,9,45,76,33,6,30,127,25,35,89" hai3="115,101,10,134,58,97,14,54,32,64,15,57,95"/><V98/><F127/><W40/><G32/><T103/><D114/><U66/><E118/><V23/><F76/><W20/><G115/><T68/><D133/><N who="1" m="51275" /><E109/><V60/><F60/><N who="3" m="37903" /><G134/><T104/><D131/><U36/><E66/><V65/><F65/><W16/><G40/><T5/><D18/><U87/><E75/><V42/><F33/><W119/><G119/><T72/><D104/><U1/><E1/><V61/><F61/><N who="3" m="36055" /><G10/><T73/><D62/><U13/><E69/><V110/><F35/><W93/><G93/><T82/><D82/><U90/><E36/><V113/><F110/><W85/><G85/><T126/><D126/><U125/><E125/><V59/><F59/><W92/><G92/><T41/><D41/><U78/><E47/><V2/><REACH who="2" step="1"/><F113/><REACH who="2" ten="313,217,225,235" step="2"/><W130/><G130/><T79/><D77/><U70/><E70/><V120/><F120/><W46/><G46/><T12/><D73/><U107/><E53/><V3/><F3/><W111/><G111/><T117/><D52/><U55/><E55/><V106/><AGARI ba="0,1" hai="2,6,9,23,25,30,37,42,45,88,89,98,100,106" machi="106" ten="20,7800,0" yaku="1,1,0,1,7,1,54,1,53,0" doraHai="48" doraHaiUra="116" who="2" fromWho="2" sc="313,-26,217,-26,225,88,235,-26" /><INIT seed="2,1,0,4,0,64" ten="287,191,313,209" oya="2" hai0="97,27,114,20,7,122,69,78,109,13,88,22,86" hai1="62,67,127,94,116,112,79,5,31,80,10,29,36" hai2="32,126,133,99,52,21,30,12,42,106,17,58,73" hai3="104,49,95,120,121,131,59,132,123,75,128,71,54"/><V61/><F73/><W60/><G104/><T47/><D114/><U18/><E116/><V14/><F126/><W0/><G0/><T28/><D122/><U66/><E112/><V135/><F42/><W53/><G75/><T24/><D109/><U9/><E127/><V2/><F2/><W48/><G95/><T105/><D69/><U72/><E36/><V23/><F32/><W37/><G37/><T1/><D1/><U111/><E111/><V93/><F106/><W83/><G83/><T35/><D78/><U26/><E66/><V16/><F30/><W65/><G132/><T117/><D117/><U124/><E124/><V40/><F40/><W19/><G19/><T39/><D39/><U91/><E18/><V115/><F115/><W110/><G110/><T34/><D47/><AGARI ba="1,0" hai="47,48,49,53,54,59,60,65,71,120,121,123,128,131" machi="47" ten="40,8000,1" yaku="34,3,52,1" doraHai="64" who="3" fromWho="0" sc="287,-83,191,0,313,0,209,83" /><INIT seed="3,0,0,3,3,134" ten="204,191,313,292" oya="3" hai0="56,127,9,117,49,122,69,4,27,119,75,5,33" hai1="94,108,39,81,0,129,46,124,8,13,23,82,63" hai2="109,83,42,135,47,54,24,90,76,59,38,1,25" hai3="48,64,92,103,51,89,73,128,123,115,132,125,44"/><W34/><G115/><T102/><D69/><U43/><E108/><V110/><F135/><W62/><G123/><T133/><D75/><U50/><E129/><V79/><F1/><W40/><G34/><T74/><D74/><U85/><E39/><V78/><F90/><W101/><G73/><T41/><D133/><U21/><E0/><V36/><F83/><W97/><G132/><T61/><D122/><U105/><E105/><V53/><F38/><W80/><G128/><T99/><D4/><N who="1" m="3207" /><E124/><V15/><F15/><W17/><G125/><T121/><D127/><U22/><E63/><N who="2" m="36335" /><F54/><W88/><G51/><T86/><D121/><U71/><E71/><V67/><F67/><W10/><G80/><T6/><D6/><U55/><E55/><V84/><F84/><W14/><G103/><T107/><D86/><U98/><E85/><V35/><F35/><W32/><G32/><T112/><D112/><U26/><E26/><V16/><F16/><W20/><G20/><N who="1" m="5122" /><U126/><DORA hai="70" /><E126/><V28/><F28/><W130/><G130/><T93/><D107/><U11/><E11/><V57/><F24/><W29/><G29/><N who="0" m="19647" /><D9/><U104/><E104/><V91/><F25/><W113/><G113/><T72/><D72/><U100/><AGARI ba="0,0" hai="43,46,50,81,82,94,98,100" m="5122,3207" machi="100" ten="30,1100,0" yaku="8,1" doraHai="134,70" who="1" fromWho="1" sc="204,-3,191,11,313,-3,292,-5" owari="201,-29.9,202,-19.8,310,41.0,287,8.7" /></mjloggm>