<mjloggm ver="2.3"><GO type="225" lobby="0"/><UN n0="%E6%97%A5%E6%9B%9C%E6%97%A5%E3%82%88%E3%82%8A%E3%81%AE%E4%BD%BF%E8%80%85" n1="%73%6C%69%63%6B%33%31%39" n2="%E8%91%89%E5%B1%B1%E9%99%BD%E5%92%8C" n3="%67%61%79%75%6E%79" dan="18,16,17,16" rate="2181.18,2178.68,2172.50,2131.03" sx="M,M,F,M"/><TAIKYOKU oya="0"/><INIT seed="0,0,0,2,2,119" ten="250,250,250,250" oya="0" hai0="35,120,85,73,100,46,96,78,75,17,7,52,3" hai1="42,130,40,61,9,18,27,11,98,135,28,109,15" hai2="126,125,5,31,29,14,41,45,33,70,69,105,113" hai3="44,63,53,39,38,83,19,86,74,21,55,99,116"/><T82/><D35/><U1/><E109/><V49/><F105/><W103/><G74/><T115/><D115/><U84/><E130/><V58/><F113/><W2/><G2/><T34/><D34/><U133/><E98/><V112/><F112/><W88/><G116/><T121/><D17/><U77/><E61/><V104/><F104/><W47/><G39/><T26/><D26/><U110/><E110/><V124/><F58/><W111/><G111/><T65/><D65/><U94/><E9/><N who="2" m="4399" /><F33/><W12/><G38/><T91/><D7/><U95/><E1/><V37/><F37/><W50/><G63/><T117/><D3/><U81/><E40/><V51/><F51/><W122/><G122/><T80/><D75/><U24/><E42/><V23/><F23/><W62/><G62/><T57/><D46/><U59/><E59/><V4/><F4/><W25/><G12/><T16/><D16/><U67/><E67/><V131/><F131/><W108/><G108/><T118/><D118/><U13/><E13/><V106/><F106/><W129/><G129/><T22/><D22/><N who="1" m="15383" /><E27/><V54/><F41/><W90/><G90/><T87/><D117/><U71/><E71/><AGARI ba="0,0" hai="29,31,45,49,54,69,70,71,124,125,126" m="4399" machi="71" ten="40,1300,0" yaku="18,1" doraHai="119" who="2" fromWho="1" sc="250,0,250,-13,250,13,250,0" /><INIT seed="1,0,0,3,0,134" ten="250,237,263,250" oya="1" hai0="0,24,115,47,121,86,10,73,127,63,100,75,44" hai1="32,82,132,45,81,122,108,46,133,9,30,70,110" hai2="124,128,109,31,131,14,33,85,120,94,111,42,38" hai3="60,27,90,51,22,116,113,68,119,79,36,93,59"/><U126/><E122/><V71/><F71/><W57/><G36/><T118/><D118/><N who="3" m="45097" /><G79/><T39/><D115/><U58/><E58/><V52/><F120/><W92/><G113/><T96/><D121/><U3/><E70/><V25/><F14/><W61/><G51/><T35/><D86/><U72/><E32/><V65/><F65/><N who="3" m="39071" /><G90/><T18/><D47/><N who="1" m="17931" /><E30/><V69/><F69/><W114/><G68/><T99/><D63/><U95/><E95/><V125/><F52/><N who="3" m="33959" /><G114/><T66/><D66/><U129/><E72/><V53/><F53/><W88/><G88/><T37/><D75/><U7/><E129/><N who="2" m="49739" /><F42/><W12/><G12/><T80/><D37/><U43/><E43/><V1/><F38/><W123/><G123/><T74/><D39/><U28/><E28/><AGARI ba="0,0" hai="22,27,28,92,93" m="33959,39071,45097" machi="28" ten="30,2000,0" yaku="12,1,54,1" doraHai="134" who="3" fromWho="1" sc="250,0,237,-20,263,0,250,20" /><INIT seed="2,0,0,3,3,85" ten="250,217,263,270" oya="2" hai0="44,41,26,97,56,33,9,25,55,54,129,50,74" hai1="107,60,29,16,36,118,84,135,30,3,8,99,42" hai2="130,14,59,68,70,64,27,48,31,92,126,82,96" hai3="67,81,87,110,53,34,4,134,91,19,61,113,21"/><V122/><F122/><W38/><G34/><T62/><D74/><U0/><E118/><V133/><F133/><W7/><G110/><T104/><D129/><U22/><E135/><V105/><F105/><W28/><G134/><T95/><D104/><U77/><E60/><V20/><F130/><W116/><G116/><T103/><D33/><U2/><E8/><V128/><F128/><W94/><G28/><T49/><REACH who="0" step="1"/><D9/><REACH who="0" ten="240,217,263,270" step="2"/><U18/><E107/><V100/><F126/><W89/><G113/><T111/><D111/><U80/><E99/><V15/><F96/><N who="3" m="57423" /><G38/><T45/><AGARI ba="0,1" hai="25,26,41,44,45,49,50,54,55,56,62,95,97,103" machi="45" ten="20,5200,0" yaku="1,1,0,1,7,1,8,1,53,0" doraHai="85" doraHaiUra="75" who="0" fromWho="0" sc="240,62,217,-13,263,-26,270,-13" /><INIT seed="3,0,0,5,5,103" ten="302,204,237,257" oya="3" hai0="67,11,115,18,61,132,9,37,73,31,4,72,34" hai1="53,30,50,134,39,44,133,124,25,78,77,99,101" hai2="65,93,2,43,54,19,26,123,97,13,16,17,62" hai3="41,14,92,29,113,75,119,80,59,71,127,69,60"/><W49/><G119/><T121/><D121/><U112/><E124/><V1/><F123/><W70/><G113/><T129/><D37/><U47/><E112/><V52/><F43/><W79/><G127/><T51/><D51/><U74/><E39/><V22/><F1/><W0/><G0/><N who="0" m="135" /><D18/><U20/><E47/><V96/><F2/><W66/><G29/><T94/><D94/><U23/><E23/><N who="2" m="11695" /><F19/><W117/><G117/><T114/><D11/><U10/><E10/><V100/><F97/><W55/><G92/><T32/><D129/><U87/><E74/><N who="0" m="28777" /><D132/><U126/><E126/><V28/><F28/><W98/><G98/><T6/><D6/><U24/><E24/><V57/><AGARI ba="0,0" hai="16,22,26,52,54,57,62,65,93,96,100" m="11695" machi="57" ten="30,4000,0" yaku="8,1,54,2" doraHai="103" who="2" fromWho="2" sc="302,-10,204,-10,237,40,257,-20" /><INIT seed="4,0,0,0,2,65" ten="292,194,277,237" oya="0" hai0="107,130,12,120,123,124,129,14,125,68,33,51,28" hai1="23,62,95,13,98,128,47,113,133,70,135,108,109" hai2="90,10,119,77,80,20,82,55,45,31,3,36,127" hai3="101,114,110,1,43,122,46,116,24,7,32,69,81"/><T49/><D68/><U15/><E128/><N who="0" m="49257" /><D107/><U121/><E121/><N who="0" m="46665" /><D28/><U76/><E76/><V16/><F127/><N who="0" m="48714" /><D33/><U134/><E47/><V9/><F31/><W59/><G46/><T117/><D117/><U75/><E75/><V73/><F119/><W91/><G32/><T112/><D112/><U6/><E113/><V111/><F45/><W72/><G114/><T58/><D58/><U89/><E6/><V67/><F73/><W74/><G7/><T63/><D63/><U93/><E93/><V22/><F82/><W105/><G59/><T102/><D102/><U29/><E29/><V66/><F80/><W64/><G101/><T40/><D40/><U21/><E21/><V86/><F22/><W8/><G81/><T87/><D87/><U96/><E96/><V71/><F86/><W83/><G43/><T42/><D42/><U11/><E23/><V88/><F20/><W131/><G83/><T48/><AGARI ba="0,0" hai="12,14,48,49,51" m="48714,46665,49257" machi="48" ten="40,12000,1" yaku="28,2,19,1,18,1" doraHai="65" who="0" fromWho="0" sc="292,120,194,-40,277,-40,237,-40" owari="412,51.2,154,-34.6,237,3.7,197,-20.3" /></mjloggm>