<mjloggm ver="2.3"><GO type="225" lobby="0"/><UN n0="%72%69%6F%75%63%68%61%6E" n1="%E6%B8%A9%E2%98%85%E6%83%85%E2%98%85%E6%8E%AA%E2%98%85%E7%BD%AE" n2="%E5%8F%AF%E5%85%90%E9%82%A3%E7%94%B1%E5%A4%9A" n3="%E3%81%BF%E3%81%BF%E3%81%9A" dan="16,17,17,16" rate="2175.75,2229.04,2154.37,2169.14" sx="M,M,F,M"/><TAIKYOKU oya="0"/><INIT seed="0,0,0,2,1,54" ten="250,250,250,250" oya="0" hai0="61,90,103,87,51,7,50,12,11,65,109,14,32" hai1="23,93,71,78,97,124,117,31,35,16,41,4,81" hai2="66,24,39,73,19,85,119,59,43,33,92,116,83" hai3="3,112,44,28,48,64,34,17,107,6,29,26,21"/><T123/><D123/><U135/><E117/><N who="2" m="45131" /><F73/><W100/><G112/><T79/><D109/><U114/><E114/><V121/><F121/><W72/><G72/><T63/><D32/><U40/><E71/><V60/><F92/><W49/><G64/><T42/><D103/><U105/><E105/><V111/><F111/><W53/><G100/><T37/><D79/><U57/><E135/><V30/><F19/><W69/><G69/><T2/><D37/><U84/><E124/><V134/><F134/><W132/><G107/><T27/><D27/><N who="1" m="14823" /><E35/><V99/><F99/><W80/><G132/><T68/><D63/><U20/><E4/><V115/><F115/><W113/><G113/><T89/><D89/><N who="1" m="55471" /><E57/><V38/><F43/><W9/><G80/><T133/><D133/><U8/><E8/><V102/><F102/><W74/><G74/><T52/><D42/><U129/><E129/><V131/><F131/><W1/><G1/><T5/><D5/><U101/><E101/><V62/><F62/><W126/><G126/><T0/><D2/><U58/><E58/><V13/><F13/><W106/><G106/><T98/><D98/><U70/><E70/><V77/><AGARI ba="0,0" hai="24,30,33,38,39,59,60,66,77,83,85" m="45131" machi="77" ten="30,2000,0" yaku="12,1,52,1" doraHai="54" who="2" fromWho="2" sc="250,-10,250,-5,250,20,250,-5" /><INIT seed="1,0,0,2,0,58" ten="240,245,270,245" oya="1" hai0="51,10,2,123,43,68,100,135,36,76,96,5,129" hai1="61,40,66,84,106,38,31,52,41,89,48,122,118" hai2="87,22,121,69,94,117,79,95,109,102,72,110,132" hai3="3,99,71,134,14,55,0,119,60,62,35,65,39"/><U88/><E118/><V56/><F69/><W116/><G35/><T19/><D129/><U47/><E122/><V54/><F117/><N who="3" m="45131" /><G134/><T30/><D123/><U86/><E106/><V11/><F121/><W130/><G130/><T81/><D135/><U12/><E31/><V105/><F132/><W32/><G32/><T92/><D68/><U9/><E38/><V1/><F72/><W24/><G24/><T101/><D30/><U80/><E66/><V27/><F105/><W126/><G126/><T98/><D51/><U23/><E23/><V108/><F102/><W111/><G111/><T37/><D19/><N who="1" m="8591" /><E61/><N who="2" m="35991" /><F1/><W128/><G128/><T49/><D49/><U90/><E90/><V7/><F7/><W67/><G55/><T133/><D133/><U120/><E120/><V8/><F8/><W18/><G99/><T82/><D43/><U59/><E59/><V64/><F11/><N who="3" m="6495" /><G39/><T112/><D36/><U104/><E104/><V78/><F64/><W29/><G29/><T42/><D37/><U57/><E57/><AGARI ba="0,0" hai="0,3,57,60,62,65,67,71" m="6495,45131" machi="57" ten="30,3900,0" yaku="12,1,52,2" doraHai="58" who="3" fromWho="1" sc="240,0,245,-39,270,0,245,39" /><INIT seed="2,0,0,1,2,8" ten="240,206,270,284" oya="2" hai0="121,69,58,99,57,53,44,95,19,73,43,21,10" hai1="75,50,11,41,18,100,64,103,61,91,3,85,86" hai2="124,93,47,54,127,2,60,106,28,128,20,70,17" hai3="76,126,125,66,130,101,59,49,15,12,13,14,92"/><V88/><F106/><W68/><G130/><T45/><D121/><U37/><E37/><V119/><F119/><W23/><G76/><T9/><D69/><U46/><E75/><V111/><F2/><W123/><G123/><T82/><D82/><U120/><E120/><V83/><F128/><W77/><G77/><T52/><D73/><U129/><E129/><V32/><F83/><W24/><G68/><T81/><D81/><U71/><E86/><V116/><F116/><W42/><N who="3" m="3072" /><DORA hai="96" /><W113/><G113/><T7/><D7/><U84/><E84/><V0/><F0/><W102/><G42/><T48/><D21/><U4/><REACH who="1" step="1"/><E18/><REACH who="1" ten="240,196,270,284" step="2"/><V79/><F17/><W62/><G126/><T122/><D19/><U118/><E118/><V107/><F127/><W16/><G125/><T40/><D122/><U67/><E67/><V94/><F124/><W89/><G49/><N who="0" m="28711" /><D9/><U31/><E31/><V26/><F28/><W33/><G33/><T132/><D10/><U27/><E27/><V74/><F26/><W55/><G66/><T115/><D115/><U72/><E72/><V104/><F74/><W51/><G51/><T117/><D117/><U110/><E110/><V65/><F111/><W114/><G114/><T25/><D25/><U98/><E98/><AGARI ba="0,1" hai="16,23,24,55,59,62,89,92,98,101,102" m="3072" machi="98" ten="50,16000,3" yaku="25,2,8,1,52,6,54,1" doraHai="8,96" who="3" fromWho="1" sc="240,0,196,-160,270,0,284,170" /><INIT seed="3,0,0,1,2,95" ten="240,36,270,454" oya="3" hai0="76,125,31,1,57,120,113,42,119,53,35,28,75" hai1="36,62,0,134,12,27,43,59,19,92,5,96,46" hai2="66,107,128,25,47,60,70,114,23,24,135,106,34" hai3="22,52,85,118,33,69,108,51,67,129,100,83,132"/><W26/><G118/><T40/><D119/><U39/><E134/><V116/><F116/><W104/><G33/><T2/><D120/><U101/><E0/><V37/><F114/><W102/><G132/><T68/><D68/><U89/><E5/><V71/><F135/><W133/><G133/><T87/><D75/><U109/><E109/><V93/><F128/><W41/><G41/><T38/><D113/><U112/><E112/><V98/><F71/><W45/><G129/><T6/><D125/><U123/><E123/><V81/><F81/><W78/><G104/><T50/><D38/><U64/><E39/><V15/><F15/><W4/><G108/><T121/><D121/><U91/><E12/><V21/><F34/><W11/><G67/><T77/><D35/><U44/><E44/><V16/><F47/><W61/><G61/><T8/><D1/><U111/><E111/><V94/><F37/><W105/><G105/><T127/><D127/><U80/><E80/><V99/><F93/><W88/><G78/><N who="0" m="30315" /><D87/><U63/><E63/><V103/><F99/><W49/><G49/><T54/><D54/><U56/><E56/><V84/><F84/><W3/><G69/><T130/><D130/><U117/><E117/><V124/><F124/><W18/><AGARI ba="0,0" hai="3,4,11,18,22,26,45,51,52,83,85,88,100,102" machi="18" ten="20,7800,0" yaku="0,1,7,1,54,2" doraHai="95" who="3" fromWho="3" sc="240,-26,36,-26,270,-26,454,78" owari="214,-18.6,10,-49.0,244,4.4,532,63.2" /></mjloggm>