<mjloggm ver="2.3"><GO type="225" lobby="0"/><UN n0="%73%6C%69%63%6B%33%31%39" n1="%E4%BA%95%E5%B8%AF" n2="%E6%9D%B1%E9%A2%A8%E3%81%AE%E3%81%8D%E3%82%83%E3%81%B7%E3%81%95%E3%82%93" n3="%E5%B8%86%E7%AB%8B%E5%A4%8F%E8%A1%A3" dan="16,16,16,16" rate="2112.05,2056.44,2210.03,2101.17" sx="M,M,M,M"/><TAIKYOKU oya="0"/><INIT seed="0,0,0,4,0,103" ten="250,250,250,250" oya="0" hai0="109,92,130,51,49,46,115,66,68,76,34,7,88" hai1="81,6,45,52,20,57,18,125,17,100,132,101,99" hai2="106,73,87,12,96,98,70,110,80,10,2,40,15" hai3="4,112,69,0,129,8,41,35,89,38,65,11,119"/><T27/><D115/><U93/><E125/><V126/><F70/><W90/><G112/><T13/><D68/><U37/><E132/><V102/><F126/><W127/><G127/><T23/><D34/><U9/><E81/><V59/><F110/><W16/><G119/><T94/><D109/><U131/><E131/><V108/><F108/><W56/><G35/><T64/><D76/><U75/><E75/><V107/><F73/><W124/><G129/><T97/><D130/><U47/><E101/><V54/><F40/><W39/><G69/><T55/><D7/><U31/><E31/><V133/><F133/><W32/><G32/><T95/><D13/><U85/><E85/><V36/><F36/><W134/><G134/><T43/><D64/><U84/><E84/><V29/><F29/><W135/><G135/><T50/><D66/><U123/><E123/><V67/><F67/><W128/><G128/><T79/><D79/><U122/><E37/><V86/><F2/><W61/><G124/><T33/><D33/><U104/><E93/><N who="0" m="35945" /><D43/><U48/><E122/><V105/><F102/><W1/><G39/><T26/><D26/><U53/><E53/><V83/><F54/><W116/><G116/><T24/><D24/><U42/><E42/><V113/><F113/><W5/><G38/><T111/><D111/><U60/><E6/><V25/><F107/><W117/><G117/><T14/><D14/><U118/><E118/><V114/><F114/><W63/><G0/><T28/><AGARI ba="0,0" hai="23,27,28,46,49,50,51,55,88,95,97" m="35945" machi="28" ten="30,3000,0" yaku="8,1,54,1" doraHai="103" who="0" fromWho="0" sc="250,30,250,-10,250,-10,250,-10" /><INIT seed="0,1,0,0,4,24" ten="280,240,240,240" oya="0" hai0="110,129,29,44,38,84,127,107,7,83,35,56,65" hai1="39,52,14,69,53,89,113,117,75,132,98,33,1" hai2="26,58,93,88,42,119,59,12,19,124,9,25,105" hai3="92,63,13,101,78,95,46,17,103,85,60,32,18"/><T20/><D107/><U43/><E117/><V15/><F105/><W73/><G32/><T74/><D35/><U118/><E14/><V3/><F3/><W100/><G73/><T104/><D104/><U126/><E89/><V0/><F0/><W121/><G121/><T5/><D74/><U31/><E98/><V21/><F42/><W57/><G46/><T111/><D129/><U22/><E22/><V71/><F71/><W112/><G112/><T27/><D127/><U34/><E43/><V50/><F124/><W114/><G114/><T99/><D99/><U120/><E52/><N who="2" m="32023" /><F59/><W36/><G36/><T48/><D38/><U40/><E53/><V8/><F119/><W76/><G57/><T125/><D125/><U30/><E40/><V90/><F8/><W49/><G49/><T106/><D106/><U131/><E69/><V115/><F115/><W133/><G133/><T135/><D135/><U79/><E1/><V54/><F54/><W134/><G134/><T82/><D56/><U130/><E34/><V94/><F94/><N who="3" m="35883" /><G13/><T28/><D65/><U123/><E33/><V62/><F62/><N who="3" m="23595" /><G85/><T116/><D116/><U108/><E75/><V16/><F90/><W68/><G68/><T47/><D84/><AGARI ba="1,0" hai="9,12,15,16,19,21,25,26,84,88,93" m="32023" machi="84" ten="30,8000,1" yaku="25,1,8,1,54,3" doraHai="24" who="2" fromWho="0" sc="280,-83,240,0,240,83,240,0" /><INIT seed="1,0,0,2,3,86" ten="197,240,323,240" oya="1" hai0="74,102,55,57,1,128,132,127,10,12,76,129,40" hai1="117,75,112,97,21,5,71,96,114,111,83,60,93" hai2="123,104,33,118,120,28,126,41,39,84,22,92,4" hai3="100,80,85,48,133,30,54,101,78,70,29,73,20"/><U44/><E117/><V107/><F92/><W43/><G133/><T94/><D1/><U17/><E111/><V56/><F84/><W7/><G70/><T27/><D132/><U49/><E5/><V51/><F22/><W46/><G73/><T130/><D127/><U36/><E36/><V69/><F4/><W38/><G7/><T65/><D65/><U72/><E97/><V50/><F56/><W35/><G35/><T82/><D40/><U24/><E71/><V31/><F69/><W99/><G20/><T45/><D45/><U0/><E60/><V79/><F41/><W11/><G11/><T106/><D106/><U34/><E34/><V67/><F33/><W62/><G101/><T88/><D27/><U2/><E2/><V26/><F67/><W42/><G42/><T90/><D102/><U122/><E122/><V134/><F26/><W91/><G78/><T32/><D94/><U9/><E9/><V131/><F79/><W25/><G25/><T135/><D32/><U116/><E0/><V95/><F95/><N who="3" m="58495" /><G38/><T64/><D64/><U53/><E116/><V58/><F39/><W18/><G18/><N who="0" m="8471" /><D135/><U81/><E75/><V63/><F118/><W37/><G37/><T119/><D119/><U61/><E72/><V115/><F134/><W77/><G77/><T13/><D13/><U14/><E14/><V103/><F123/><W68/><G68/><T87/><D74/><U113/><REACH who="1" step="1"/><E61/><AGARI ba="0,0" hai="55,57,61,76,82,87,88,90,128,129,130" m="8471" machi="61" ten="30,7700,0" yaku="19,1,52,2,54,1" doraHai="86" who="0" fromWho="1" sc="197,77,240,-77,323,0,240,0" /><INIT seed="2,0,0,2,1,76" ten="274,163,323,240" oya="2" hai0="126,117,17,132,67,97,36,50,90,87,118,130,11" hai1="24,101,20,18,122,40,3,42,48,120,46,28,51" hai2="59,30,38,4,86,105,27,75,54,82,44,56,23" hai3="71,115,134,65,108,113,68,107,25,31,131,22,69"/><V111/><F105/><W6/><G107/><T88/><D36/><U9/><E101/><V64/><F75/><W5/><G108/><T63/><D132/><U74/><E74/><V16/><F111/><W62/><G131/><T0/><D130/><U47/><REACH who="1" step="1"/><E18/><REACH who="1" ten="274,153,323,240" step="2"/><V124/><F4/><AGARI ba="0,1" hai="3,4,9,20,24,28,40,42,46,47,48,51,120,122" machi="4" ten="40,5200,0" yaku="1,1,2,1,9,1,53,0" doraHai="76" doraHaiUra="85" who="1" fromWho="2" sc="274,0,153,62,323,-52,240,0" /><INIT seed="3,0,0,1,4,99" ten="274,215,271,240" oya="3" hai0="120,103,84,72,26,43,70,8,32,41,20,114,38" hai1="28,58,119,69,1,23,101,40,82,5,134,39,48" hai2="95,78,124,2,110,7,113,118,129,54,76,126,55" hai3="9,47,57,4,66,98,112,102,86,17,42,61,96"/><W24/><G112/><T6/><D72/><U104/><E134/><V122/><F95/><W36/><G96/><T3/><D70/><U133/><E133/><V19/><F19/><W33/><G86/><T12/><D120/><U29/><E69/><V131/><F7/><W121/><G121/><T128/><D38/><U49/><E39/><V77/><F2/><W45/><G45/><T91/><D128/><N who="2" m="49226" /><F122/><W109/><G109/><T15/><D114/><U62/><E5/><V108/><F113/><W65/><G65/><T132/><D132/><U100/><E1/><V88/><F88/><W68/><G68/><T85/><D103/><N who="1" m="39499" /><E104/><V75/><F75/><W35/><G24/><T79/><D32/><U30/><E119/><V56/><F118/><W50/><G17/><T64/><D26/><N who="1" m="16479" /><E82/><V63/><F55/><W127/><G35/><T10/><D6/><U25/><E25/><V16/><F16/><W135/><G135/><T73/><D3/><U74/><E74/><V71/><F71/><W31/><G33/><T116/><D73/><U111/><E111/><AGARI ba="0,0" hai="54,56,63,76,77,78,108,110,111,124,126" m="49226" machi="111" ten="40,2600,0" yaku="14,1,19,1" doraHai="99" who="2" fromWho="1" sc="274,0,215,-26,271,26,240,0" /><INIT seed="4,0,0,3,2,98" ten="274,189,297,240" oya="0" hai0="53,67,95,64,0,88,128,68,65,116,89,77,54" hai1="36,132,74,34,39,129,32,100,4,69,58,84,62" hai2="61,11,130,91,109,93,52,94,123,115,78,112,60" hai3="15,1,107,102,27,56,104,5,99,14,26,16,50"/><T71/><D0/><U24/><E129/><V2/><F130/><W124/><G124/><T23/><D128/><U8/><E132/><V81/><F123/><W18/><G1/><T79/><D116/><U97/><E84/><V126/><F109/><W41/><G5/><T28/><D68/><U131/><E74/><V75/><F126/><W82/><G82/><T135/><D71/><U42/><E131/><V86/><F94/><W63/><G107/><T45/><D89/><U87/><E87/><V57/><REACH who="2" step="1"/><F60/><REACH who="2" ten="274,189,287,240" step="2"/><W73/><G63/><T127/><D127/><U7/><E7/><AGARI ba="0,1" hai="2,7,11,52,57,61,75,78,81,86,91,93,112,115" machi="7" ten="40,5200,0" yaku="1,1,2,1,54,1,53,0" doraHai="98" doraHaiUra="121" who="2" fromWho="1" sc="274,0,189,-52,287,62,240,0" owari="274,7.4,137,-36.3,349,44.9,240,-16.0" /></mjloggm>