<mjloggm ver="2.3"><GO type="225" lobby="0"/><UN n0="%28%EF%BF%A3%E2%96%BD%EF%BF%A3%29%CE%B4%E2%8C%92%E3%83%BB" n1="%74%2E%6F%2E%6F%2E%73" n2="%6D%75%75%73%61%6E%6D%75" n3="%E5%8D%A0%E3%81%84%E5%B8%AB%E8%A3%8F%E3%81%AA%E3%81%84%E3%81%97" dan="17,17,17,17" rate="2255.47,2112.18,2161.48,2203.22" sx="M,M,F,M"/><TAIKYOKU oya="0"/><INIT seed="0,0,0,0,0,100" ten="250,250,250,250" oya="0" hai0="75,49,56,19,20,76,135,57,11,130,131,38,8" hai1="2,95,89,126,54,134,55,104,106,26,128,60,68" hai2="16,23,121,79,39,97,62,125,73,112,58,27,77" hai3="37,71,30,90,115,28,114,33,72,133,64,113,102"/><T117/><D38/><U36/><E2/><V41/><F121/><W43/><G133/><T15/><D135/><U83/><E134/><V29/><F112/><W59/><G72/><T44/><D117/><U45/><E83/><V21/><F125/><W74/><G74/><T124/><D124/><U80/><E80/><V91/><F73/><W120/><G120/><T85/><D75/><U13/><E126/><V65/><F39/><W51/><G33/><T88/><D76/><U81/><E81/><V103/><F41/><W92/><G102/><T96/><D96/><U108/><E26/><V111/><F91/><W14/><G71/><T119/><D119/><U93/><E13/><V123/><F111/><W99/><G37/><T69/><D69/><U127/><E127/><V17/><F123/><W86/><G99/><T105/><D105/><U118/><E118/><V109/><F109/><W50/><G64/><T98/><D98/><U48/><E108/><V47/><F47/><W25/><G25/><T53/><D131/><U5/><E5/><V31/><F77/><W3/><G3/><T9/><REACH who="0" step="1"/><D130/><REACH who="0" ten="240,250,250,250" step="2"/><U34/><E128/><V46/><F79/><W32/><G114/><T129/><D129/><U10/><E68/><V70/><F70/><W101/><G115/><T116/><D116/><U94/><E36/><V52/><F97/><W61/><G113/><T0/><D0/><U40/><E106/><V22/><F103/><W6/><G101/><T35/><D35/><U7/><E34/><V122/><F122/><W18/><G32/><T132/><D132/><U66/><E104/><RYUUKYOKU ba="0,1" sc="240,30,250,-10,250,-10,250,-10" hai0="8,9,11,15,19,20,44,49,53,56,57,85,88" /><INIT seed="0,1,1,2,0,27" ten="270,240,240,240" oya="0" hai0="42,40,12,105,3,50,57,129,117,17,103,38,113" hai1="90,68,16,74,65,64,43,25,60,120,128,132,13" hai2="62,51,92,70,58,109,56,6,135,86,53,28,122" hai3="82,114,87,80,78,106,47,101,23,39,121,33,118"/><T130/><D3/><U66/><E120/><V19/><F122/><W15/><G33/><T48/><D117/><U34/><E128/><N who="0" m="49257" /><D113/><U125/><E125/><V116/><F116/><W63/><G118/><T1/><D1/><U4/><E132/><V95/><F135/><W49/><G121/><T112/><D112/><U41/><E74/><V14/><F70/><W54/><G114/><T126/><D126/><U24/><E4/><V76/><F109/><W127/><G39/><T133/><D133/><U108/><E108/><V55/><F6/><W131/><G127/><T72/><D72/><U97/><E60/><V123/><F123/><W20/><G131/><T52/><D38/><U61/><E61/><V32/><F32/><W45/><G63/><N who="0" m="36263" /><D103/><U11/><E68/><V69/><F69/><W91/><G101/><T98/><D98/><U124/><E124/><V71/><F71/><W2/><G2/><T18/><D105/><U107/><E107/><V5/><F5/><W84/><G106/><T77/><D77/><U79/><E79/><V75/><F75/><W134/><G134/><T85/><D85/><U30/><REACH who="1" step="1"/><E24/><REACH who="1" ten="270,230,240,240" step="2"/><V94/><F76/><W96/><G78/><T93/><D12/><U37/><E37/><V100/><F100/><W115/><G15/><T8/><D50/><U22/><E22/><N who="2" m="11639" /><F86/><N who="3" m="32811" /><G115/><T111/><D111/><U29/><E29/><AGARI ba="1,2" hai="28,29,51,53,55,56,58,62,92,94,95" m="11639" machi="29" ten="30,3900,0" yaku="8,1,52,2" doraHai="27" who="2" fromWho="1" sc="270,0,230,-42,240,62,240,0" /><INIT seed="1,0,0,2,2,11" ten="270,188,302,240" oya="1" hai0="124,99,126,20,95,109,27,33,66,94,80,115,121" hai1="17,18,32,102,16,49,28,19,31,67,0,34,71" hai2="70,117,98,13,129,50,116,47,81,87,112,101,134" hai3="5,14,37,125,1,88,68,90,7,39,103,84,78"/><U52/><E0/><V30/><F70/><W82/><G68/><T60/><D115/><U97/><N who="1" m="4096" /><DORA hai="86" /><U107/><E67/><V15/><F112/><W113/><G113/><T42/><D33/><U132/><E71/><V3/><F3/><W65/><G125/><N who="0" m="48235" /><D109/><U122/><E132/><V110/><F110/><W6/><G65/><T8/><D121/><U131/><E131/><V21/><F129/><W96/><G1/><T69/><D42/><U133/><E133/><V120/><F120/><W83/><G14/><T62/><D62/><U38/><E38/><V105/><F134/><W85/><G78/><T26/><D8/><U74/><E74/><V43/><F30/><W127/><G127/><T130/><D130/><U23/><E122/><V93/><F21/><W41/><G41/><T104/><D80/><U61/><E61/><V12/><REACH who="2" step="1"/><F105/><AGARI ba="0,0" hai="5,6,7,37,39,82,83,84,85,88,90,96,103,105" machi="105" ten="40,8000,1" yaku="9,1,52,2,54,1" doraHai="11,86" who="3" fromWho="2" sc="270,0,188,0,302,-80,240,80" /><INIT seed="2,0,0,2,0,74" ten="270,188,222,320" oya="2" hai0="92,66,63,54,16,6,76,133,98,55,122,8,117" hai1="29,59,72,129,30,51,33,88,68,62,21,12,114" hai2="95,80,110,44,134,106,115,61,42,121,101,26,46" hai3="112,19,17,36,23,47,18,71,49,97,124,4,86"/><V84/><F115/><W78/><G71/><T58/><D122/><U109/><E114/><V64/><F106/><W2/><G112/><T111/><D111/><U135/><E109/><V48/><F110/><W40/><G124/><T14/><D133/><U91/><E135/><V60/><F134/><W7/><G2/><T70/><D117/><U79/><E68/><V45/><F121/><W34/><G34/><T20/><D76/><U53/><E33/><V93/><F26/><W24/><G36/><T82/><D82/><U119/><E119/><V126/><F126/><W89/><G78/><T108/><D70/><U132/><E132/><V50/><F101/><W57/><G57/><T131/><D131/><U31/><E129/><V38/><F38/><W104/><G97/><T102/><REACH who="0" step="1"/><D108/><REACH who="0" ten="260,188,222,320" step="2"/><U65/><E79/><V10/><F80/><N who="3" m="49351" /><G104/><T83/><D83/><U28/><E72/><V113/><F113/><W75/><G75/><T105/><D105/><U94/><E94/><V9/><F93/><W130/><G130/><T67/><D67/><U35/><E35/><V127/><F64/><W87/><G87/><T13/><AGARI ba="0,1" hai="6,8,13,14,16,20,54,55,58,63,66,92,98,102" machi="13" ten="20,12000,2" yaku="1,1,0,1,7,1,8,1,54,1,53,1" doraHai="74" doraHaiUra="96" who="0" fromWho="0" sc="260,130,188,-30,222,-60,320,-30" /><INIT seed="3,0,0,5,2,125" ten="390,158,162,290" oya="3" hai0="94,31,52,43,56,58,21,127,106,70,113,114,92" hai1="126,29,44,89,103,97,3,25,4,36,77,39,57" hai2="54,65,121,75,40,55,67,118,110,78,63,0,49" hai3="115,7,85,38,24,122,69,11,18,14,74,128,45"/><W123/><G74/><T134/><D106/><U17/><E17/><V130/><F0/><W102/><G115/><N who="0" m="44043" /><D70/><U79/><E89/><V12/><F75/><W66/><G102/><T93/><D127/><U119/><E126/><V30/><F78/><W26/><G69/><T124/><D124/><U84/><E119/><V72/><F72/><W107/><G107/><T6/><D134/><U80/><E77/><V109/><F118/><W61/><G38/><T47/><D6/><U41/><E36/><V35/><F121/><W131/><G45/><T48/><D43/><U116/><E116/><V83/><F40/><W105/><G85/><T99/><D99/><U9/><E57/><N who="0" m="22121" /><D21/><U64/><E64/><V50/><F67/><W32/><G105/><T91/><D91/><U98/><E103/><V111/><F65/><W101/><G101/><T34/><D31/><U2/><E2/><V1/><F1/><W22/><G61/><T129/><D34/><AGARI ba="0,0" hai="3,4,9,25,29,34,39,41,44,79,80,84,97,98" machi="34" ten="30,1000,0" yaku="7,1" doraHai="125" who="1" fromWho="0" sc="390,-10,158,10,162,0,290,0" owari="380,48.0,168,-23.2,162,-33.8,290,9.0" /></mjloggm>