<mjloggm ver="2.3"><GO type="225" lobby="0"/><UN n0="%E6%A1%9C%E8%8A%B1%E9%96%83%E3%80%85" n1="%E5%8D%8D%E6%B1%A0%E8%A2%8B%E6%9C%80%E5%BC%B7%E5%8D%8D" n2="%79%75%72%69%6D%6F%67" n3="%E3%82%A2%E3%83%A1%E3%82%A2%E3%83%A9%E3%83%AC" dan="16,16,16,16" rate="2211.06,2147.03,2120.92,2114.71" sx="M,M,F,M"/><TAIKYOKU oya="0"/><INIT seed="0,0,0,3,1,43" ten="250,250,250,250" oya="0" hai0="33,27,17,99,5,57,41,132,0,82,134,35,83" hai1="49,16,38,92,8,25,101,93,122,34,63,129,133" hai2="85,67,68,105,117,127,69,3,107,70,50,30,55" hai3="77,120,6,53,39,121,81,97,90,114,130,89,95"/><T37/><D57/><U76/><E38/><V126/><F3/><W73/><G39/><T79/><D99/><U60/><E122/><N who="3" m="47210" /><G6/><T31/><D35/><U116/><E116/><V29/><F85/><W86/><G53/><T11/><D17/><U115/><E115/><V48/><F67/><W91/><G114/><T78/><D83/><U21/><E133/><V88/><F88/><N who="3" m="33899" /><G130/><T75/><D78/><U106/><E34/><V26/><F117/><W47/><G47/><AGARI ba="0,0" hai="0,5,11,27,31,33,37,41,47,75,79,82,132,134" machi="47" ten="40,12000,1" yaku="25,2,23,2,52,1" doraHai="43" who="0" fromWho="3" sc="250,120,250,0,250,0,250,-120" /><INIT seed="0,1,0,3,0,58" ten="370,250,250,130" oya="0" hai0="76,99,123,29,8,18,115,66,135,38,69,133,5" hai1="44,129,82,104,21,132,36,126,134,52,78,87,26" hai2="117,53,2,54,65,70,9,39,92,73,46,110,72" hai3="13,80,40,15,94,118,71,61,124,109,10,85,51"/><T103/><D115/><U57/><E104/><V106/><F110/><W37/><G109/><T11/><D123/><U108/><E108/><V89/><F106/><W67/><G118/><T33/><D38/><U1/><E1/><V95/><F117/><W105/><G124/><T48/><D76/><U107/><E107/><V96/><F54/><W35/><G105/><N who="0" m="63743" /><D18/><U0/><E0/><V49/><F39/><W22/><G35/><T59/><D59/><U63/><E129/><V50/><F50/><W91/><G37/><T102/><D102/><U43/><REACH who="1" step="1"/><E126/><REACH who="1" ten="370,240,250,130" step="2"/><V131/><F131/><W6/><G94/><T32/><D135/><U14/><E14/><V125/><F125/><W75/><G75/><T7/><D133/><U20/><E20/><V41/><F92/><W62/><G22/><T56/><D33/><U122/><E122/><V30/><F2/><W93/><G15/><T64/><D11/><U97/><E97/><V130/><F9/><W127/><G93/><T128/><D8/><U31/><AGARI ba="1,1" hai="21,26,31,36,43,44,52,57,63,78,82,87,132,134" machi="31" ten="30,8000,1" yaku="1,1,0,1,52,1,54,1,53,1" doraHai="58" doraHaiUra="19" who="1" fromWho="1" sc="370,-41,240,93,250,-21,130,-21" /><INIT seed="1,0,0,1,1,68" ten="329,333,229,109" oya="1" hai0="64,116,57,102,10,133,99,132,83,1,72,80,38" hai1="34,82,16,63,122,84,51,6,94,29,127,45,48" hai2="58,28,14,31,19,46,56,23,47,2,7,27,8" hai3="93,5,9,61,22,87,32,21,69,86,107,60,131"/><U105/><E105/><V115/><F115/><W39/><G131/><T3/><D116/><U104/><E104/><V106/><F106/><W36/><G107/><N who="0" m="63967" /><D57/><U59/><E122/><V123/><F123/><W76/><G32/><T26/><D64/><U54/><E127/><V134/><F134/><N who="0" m="51818" /><D26/><U12/><E34/><V125/><F125/><W114/><G114/><T24/><D24/><U92/><E29/><V50/><F46/><W15/><G69/><T129/><D129/><U81/><E6/><V17/><F17/><W118/><G118/><T79/><D83/><U37/><E82/><V41/><REACH who="2" step="1"/><F28/><REACH who="2" ten="329,333,219,109" step="2"/><W90/><G22/><AGARI ba="0,1" hai="2,7,8,14,19,22,23,27,31,41,47,50,56,58" machi="22" ten="30,8000,1" yaku="1,1,2,1,7,1,53,2" doraHai="68" doraHaiUra="52" who="2" fromWho="3" sc="329,0,333,0,219,90,109,-80" /><INIT seed="2,0,0,1,4,129" ten="329,333,309,29" oya="2" hai0="50,104,92,131,40,74,19,106,127,52,10,124,123" hai1="133,28,113,11,32,43,115,84,107,61,120,69,110" hai2="87,26,47,122,48,34,93,99,64,85,91,53,8" hai3="88,132,66,42,46,45,54,31,9,20,59,27,70"/><V35/><F122/><W121/><G121/><T60/><D131/><U23/><E43/><V82/><F64/><W86/><G9/><T80/><D123/><U134/><E84/><V112/><F112/><N who="1" m="43081" /><E107/><V130/><F130/><W119/><G119/><T38/><D60/><U56/><E69/><V6/><F26/><W105/><G105/><T65/><D65/><U111/><E11/><V21/><F21/><W89/><G89/><T44/><D92/><U14/><E32/><V25/><F25/><W68/><G132/><N who="1" m="50794" /><E120/><V79/><F87/><W116/><G116/><T72/><D106/><U30/><E14/><AGARI ba="0,0" hai="6,8,14,34,35,47,48,53,79,82,85,91,93,99" machi="14" ten="30,1500,0" yaku="7,1" doraHai="129" who="2" fromWho="1" sc="329,0,333,-15,309,15,29,0" /><INIT seed="2,1,0,1,2,62" ten="329,318,324,29" oya="2" hai0="134,77,10,103,29,113,65,30,79,135,14,18,48" hai1="122,118,125,42,49,84,94,112,31,6,108,74,2" hai2="97,51,110,128,109,70,80,69,25,129,24,43,61" hai3="92,55,78,126,11,102,88,41,105,83,0,13,96"/><V20/><F80/><W12/><G126/><T72/><D113/><U16/><E118/><V71/><F97/><W37/><G0/><T123/><D123/><U66/><E122/><V132/><F132/><N who="0" m="50730" /><D103/><U114/><E74/><V17/><F25/><W89/><G55/><T35/><D35/><U68/><E125/><V120/><F120/><W87/><G89/><T45/><D65/><U131/><E131/><N who="2" m="50251" /><F43/><W9/><G9/><T26/><D72/><U34/><E49/><V90/><F90/><W130/><G130/><T58/><D58/><U82/><E94/><V44/><F44/><W124/><G124/><T40/><D26/><N who="1" m="18807" /><E84/><V64/><F51/><W117/><G117/><T21/><D21/><U111/><E42/><V5/><F5/><W75/><REACH who="3" step="1"/><G11/><REACH who="3" ten="329,318,324,19" step="2"/><T100/><D100/><U28/><E2/><V33/><F33/><W106/><G106/><T60/><D79/><U52/><E52/><V3/><F3/><W54/><G54/><T57/><D77/><U27/><E114/><V39/><F39/><W4/><G4/><T38/><D38/><U86/><E112/><V85/><F85/><W53/><G53/><T93/><D10/><U23/><E6/><V116/><F116/><W99/><G99/><T22/><D40/><U46/><E111/><AGARI ba="1,1" hai="17,20,24,61,64,69,70,71,109,110,111" m="50251" machi="111" ten="30,11600,0" yaku="14,1,10,1,19,1,52,1" doraHai="62" who="2" fromWho="1" sc="329,0,318,-119,324,129,19,0" /><INIT seed="2,2,0,0,3,130" ten="329,199,453,19" oya="2" hai0="61,4,126,134,33,16,92,93,85,90,119,34,82" hai1="127,48,6,40,96,64,76,106,110,88,13,28,98" hai2="30,63,21,87,101,112,91,18,103,72,45,113,7" hai3="31,79,62,53,68,128,42,70,109,1,25,60,57"/><V44/><F72/><W83/><G109/><T111/><D111/><U37/><E37/><V54/><F30/><W19/><G128/><T77/><D4/><U17/><E127/><V5/><F112/><W107/><G107/><T15/><D126/><U29/><E6/><V2/><F7/><W41/><G1/><T99/><D119/><U133/><E133/><V22/><F22/><W118/><G118/><T94/><D134/><U78/><E110/><V27/><F113/><W116/><G116/><T129/><D129/><U35/><E35/><V117/><F117/><W95/><G19/><T26/><D26/><U20/><E64/><V3/><F3/><W102/><G68/><T59/><D33/><U52/><E40/><V132/><F132/><W24/><G62/><T66/><REACH who="0" step="1"/><D34/><REACH who="0" ten="319,199,453,19" step="2"/><U8/><E106/><V74/><F5/><W58/><G25/><T122/><D122/><U51/><E29/><V32/><F2/><W39/><G24/><T46/><D46/><N who="1" m="27671" /><E28/><V14/><F44/><W84/><G31/><T100/><D100/><U50/><E8/><AGARI ba="2,1" hai="8,15,16,59,61,66,77,82,85,90,92,93,94,99" machi="8" ten="30,8000,1" yaku="1,1,7,1,8,1,54,1,53,1" doraHai="130" doraHaiUra="75" who="0" fromWho="1" sc="319,96,199,-86,453,0,19,0" /><INIT seed="3,0,0,4,3,62" ten="415,113,453,19" oya="3" hai0="7,47,18,49,25,72,84,101,58,69,110,77,114" hai1="78,124,94,9,116,66,135,12,87,107,57,28,120" hai2="23,22,91,60,74,80,41,46,26,44,56,24,38" hai3="34,98,51,45,71,65,83,36,0,11,33,4,70"/><W63/><G36/><T55/><D69/><U103/><E120/><V106/><F46/><W52/><G71/><T132/><D110/><U125/><E135/><V53/><F106/><W96/><REACH who="3" step="1"/><G83/><REACH who="3" ten="415,113,453,9" step="2"/><T59/><D132/><U37/><E116/><V112/><F80/><W15/><G15/><T29/><D114/><U67/><E37/><V8/><F112/><W54/><G54/><T133/><D55/><U17/><E107/><V118/><F38/><W3/><G3/><T20/><D133/><U35/><E35/><AGARI ba="0,1" hai="0,4,11,33,34,35,45,51,52,63,65,70,96,98" machi="35" ten="40,7700,0" yaku="1,1,52,1,54,1,53,0" doraHai="62" doraHaiUra="13" who="3" fromWho="1" sc="415,0,113,-77,453,0,9,87" /><INIT seed="3,1,0,3,3,129" ten="415,36,453,96" oya="3" hai0="74,35,59,58,83,57,113,70,46,105,36,31,71" hai1="122,86,108,1,78,54,103,85,115,43,44,60,88" hai2="102,82,6,101,30,92,76,10,13,62,90,104,56" hai3="12,41,64,75,125,21,97,19,61,69,47,20,132"/><W51/><G132/><T25/><D105/><U48/><E108/><V66/><F30/><W123/><G125/><T53/><D113/><U98/><E122/><V3/><F3/><W49/><G75/><T135/><D135/><U40/><E1/><V16/><F6/><W26/><G123/><T91/><D91/><U116/><E116/><V17/><F17/><W131/><G131/><T134/><D134/><U18/><E115/><V80/><F104/><W7/><G97/><T119/><D119/><U8/><E60/><V14/><F14/><W117/><G117/><T11/><D11/><U72/><E72/><V96/><F82/><W73/><G73/><AGARI ba="1,0" hai="10,13,16,56,62,66,73,76,80,90,92,96,101,102" machi="73" ten="30,2000,0" yaku="7,1,54,1" doraHai="129" who="2" fromWho="3" sc="415,0,36,0,453,23,96,-23" owari="415,21.5,36,-46.4,476,57.6,73,-32.7" /></mjloggm>