<mjloggm ver="2.3"><GO type="225" lobby="0"/><UN n0="%E3%81%9F%E3%81%8C%E3%82%84%E3%81%99" n1="%E3%81%AA%E3%82%81%E3%81%93%E9%9B%80%E5%A3%AB" n2="%E3%82%A2%E3%83%A1%E3%82%A2%E3%83%A9%E3%83%AC" n3="%33%74%72%65%65" dan="17,16,16,16" rate="2194.04,2057.53,2032.72,2154.18" sx="M,M,M,F"/><TAIKYOKU oya="0"/><INIT seed="0,0,0,2,3,24" ten="250,250,250,250" oya="0" hai0="48,7,65,99,31,54,0,110,74,95,3,68,83" hai1="12,132,96,66,75,121,72,106,60,43,51,52,127" hai2="84,69,112,26,13,42,97,122,77,55,119,125,21" hai3="91,15,94,18,129,14,10,86,58,135,80,103,78"/><T29/><D68/><U111/><E121/><V38/><F122/><W9/><G135/><T81/><D65/><U70/><E132/><V113/><F69/><W100/><G129/><T25/><D110/><U23/><E127/><V118/><F125/><W87/><REACH who="3" step="1"/><G58/><REACH who="3" ten="250,250,250,240" step="2"/><T39/><D0/><U98/><E111/><V49/><F113/><W2/><G2/><T71/><D71/><U61/><E106/><V33/><F112/><W124/><G124/><T44/><D3/><U120/><E120/><V85/><F118/><W117/><G117/><T47/><D74/><U131/><E75/><V1/><F1/><W116/><G116/><T67/><D67/><U93/><E131/><V62/><F119/><W130/><G130/><T5/><D39/><U40/><E72/><V59/><F59/><W8/><G8/><T90/><D47/><U30/><E70/><V108/><F38/><W19/><AGARI ba="0,1" hai="9,10,14,15,18,19,78,80,86,87,91,94,100,103" machi="19" ten="20,8000,1" yaku="1,1,0,1,7,1,9,1,8,1,53,0" doraHai="24" doraHaiUra="63" who="3" fromWho="3" sc="250,-40,250,-20,250,-20,240,90" /><INIT seed="1,0,0,0,0,67" ten="210,230,230,330" oya="1" hai0="75,87,78,134,102,55,98,18,66,37,127,42,38" hai1="76,110,133,51,80,123,113,112,69,89,129,106,73" hai2="56,116,126,64,30,88,105,86,125,5,11,54,70" hai3="58,115,65,43,101,44,60,108,132,41,28,17,32"/><U49/><E123/><V99/><F116/><W35/><G115/><T25/><D75/><U122/><E122/><V1/><F30/><W62/><G108/><T29/><D127/><N who="2" m="48650" /><F99/><W48/><G132/><T84/><D134/><U23/><E133/><V111/><F105/><W15/><G28/><T46/><D18/><U95/><E129/><V85/><F111/><W83/><G41/><T34/><D38/><U135/><E110/><V13/><F1/><W130/><G130/><T45/><D78/><U124/><E135/><V53/><F56/><W20/><G101/><T57/><D45/><U59/><E106/><V50/><F50/><W31/><G31/><T39/><D37/><U19/><E69/><V94/><F85/><W121/><G121/><T72/><D72/><U81/><E124/><V117/><F117/><W68/><REACH who="3" step="1"/><G83/><REACH who="3" ten="210,230,230,320" step="2"/><T131/><D131/><U52/><E81/><V22/><F22/><W9/><G9/><T4/><D29/><U119/><E119/><V2/><F2/><W118/><G118/><T63/><D102/><U16/><E112/><V79/><F79/><W10/><G10/><T33/><D33/><U3/><E3/><V7/><F5/><W97/><G97/><T96/><D4/><U107/><E113/><V36/><F36/><W8/><G8/><T100/><D98/><N who="1" m="57711" /><E23/><V21/><F21/><W93/><G93/><T40/><D96/><U14/><E107/><V77/><F77/><W24/><G24/><T91/><D100/><U61/><E19/><V27/><F27/><W71/><G71/><N who="0" m="42463" /><D25/><U47/><E47/><V82/><F82/><RYUUKYOKU ba="0,1" sc="210,-30,230,10,230,10,320,10" hai1="14,16,49,51,52,59,61,73,76,80" hai2="7,11,13,53,54,64,70,86,88,94" hai3="15,17,20,32,35,43,44,48,58,60,62,65,68" /><INIT seed="1,1,1,5,3,74" ten="180,240,240,330" oya="1" hai0="34,96,111,123,61,113,128,56,127,29,37,80,126" hai1="24,10,83,58,134,53,54,89,22,125,32,4,99" hai2="31,36,109,98,82,124,45,72,70,120,62,100,14" hai3="9,46,108,18,51,44,43,105,117,116,95,87,112"/><U129/><E32/><V28/><F109/><W132/><G108/><T65/><D29/><U16/><E129/><V17/><F124/><N who="0" m="47658" /><D34/><U40/><E134/><V11/><F120/><W23/><G132/><T52/><D111/><U110/><E125/><V88/><F70/><W77/><G105/><T66/><D113/><U8/><E110/><V63/><F36/><W60/><G112/><T91/><D128/><U114/><E114/><V20/><F45/><W107/><G107/><T90/><D37/><U73/><E40/><V26/><F31/><W64/><G44/><T97/><D123/><U50/><E73/><V67/><F67/><N who="0" m="25610" /><D91/><U3/><E3/><V85/><REACH who="2" step="1"/><F72/><REACH who="2" ten="180,240,230,330" step="2"/><W25/><G64/><T2/><D2/><U55/><E4/><V131/><F131/><W19/><G46/><T118/><D118/><U115/><E115/><V106/><AGARI ba="1,2" hai="11,14,17,20,26,28,62,63,82,85,88,98,100,106" machi="106" ten="20,5200,0" yaku="1,1,0,1,7,1,54,1,53,0" doraHai="74" doraHaiUra="69" who="2" fromWho="2" sc="180,-14,240,-27,230,75,330,-14" /><INIT seed="2,0,0,1,0,55" ten="166,213,305,316" oya="2" hai0="8,1,65,68,5,126,30,110,53,31,118,46,10" hai1="90,17,131,52,19,11,28,62,60,83,22,29,93" hai2="89,127,104,32,26,94,103,43,119,132,74,15,102" hai3="91,98,100,71,18,66,9,38,41,134,2,72,97"/><V50/><F119/><W69/><G72/><T34/><D68/><U16/><E131/><V135/><F74/><W84/><G134/><N who="2" m="51241" /><F127/><W95/><G66/><T39/><D65/><U88/><E11/><V58/><F104/><W14/><G2/><T35/><D39/><U116/><E116/><V47/><F15/><W7/><G38/><T23/><D53/><U76/><E22/><V13/><F13/><W80/><G41/><T121/><D46/><U123/><E123/><V113/><F113/><W54/><G7/><N who="0" m="1135" /><D118/><U56/><E62/><V57/><F26/><W114/><G114/><T108/><D121/><U0/><E0/><V37/><F32/><N who="0" m="12330" /><D126/><U96/><REACH who="1" step="1"/><E90/><REACH who="1" ten="166,203,305,316" step="2"/><V24/><F89/><W120/><G91/><T92/><D92/><U33/><E33/><V48/><F24/><W59/><G95/><T73/><D73/><AGARI ba="0,1" hai="16,17,19,28,29,52,56,60,73,76,83,88,93,96" machi="73" ten="40,8000,1" yaku="1,1,52,1,54,3,53,0" doraHai="55" doraHaiUra="6" who="1" fromWho="0" sc="166,-80,203,90,305,0,316,0" /><INIT seed="3,0,0,2,0,55" ten="86,293,305,316" oya="3" hai0="120,39,49,45,11,17,37,1,59,126,32,73,24" hai1="135,12,53,5,48,131,91,132,84,41,97,57,43" hai2="47,92,88,115,76,129,70,106,124,66,110,134,75" hai3="87,127,93,33,78,86,60,119,28,98,122,15,18"/><W79/><G119/><T61/><D73/><U51/><E97/><V128/><F115/><W19/><G122/><T107/><D107/><U38/><E38/><V62/><F110/><W80/><G127/><T81/><D120/><U95/><E131/><N who="2" m="50251" /><F124/><W105/><G105/><T42/><D126/><U36/><E36/><V114/><F106/><W29/><G60/><T44/><D81/><U100/><E100/><V104/><F104/><W108/><G108/><T67/><D37/><U112/><E112/><V0/><F114/><W65/><G65/><T46/><D32/><U89/><E89/><V50/><F0/><W111/><G111/><T103/><D103/><U85/><E85/><N who="3" m="32266" /><G33/><T8/><D1/><U26/><E26/><V40/><F134/><N who="1" m="51241" /><E48/><V71/><F71/><W13/><G80/><T31/><D17/><N who="3" m="6153" /><G78/><T56/><D56/><U68/><E68/><V123/><F123/><W10/><G79/><T54/><REACH who="0" step="1"/><D46/><REACH who="0" ten="76,293,305,316" step="2"/><U3/><E3/><V118/><F76/><W34/><G34/><T58/><D58/><U82/><E82/><V4/><F75/><W121/><G121/><T101/><D101/><U99/><E84/><N who="2" m="52231" /><F118/><W77/><G77/><T20/><AGARI ba="0,1" hai="8,11,20,24,31,39,42,44,45,49,54,59,61,67" machi="20" ten="20,5200,0" yaku="1,1,0,1,7,1,52,1,53,0" doraHai="55" doraHaiUra="30" who="0" fromWho="0" sc="76,62,293,-13,305,-13,316,-26" /><INIT seed="4,0,0,4,1,59" ten="138,280,292,290" oya="0" hai0="31,15,124,100,126,11,4,48,9,5,23,54,0" hai1="114,66,79,74,68,96,42,36,19,12,110,131,57" hai2="132,44,35,6,81,21,34,49,67,83,8,115,84" hai3="107,72,32,50,29,7,120,123,69,26,1,134,56"/><T13/><D100/><U111/><E131/><V3/><F115/><W20/><G134/><T117/><D117/><U60/><E114/><V135/><F67/><W16/><G107/><T64/><D64/><U122/><E122/><N who="3" m="46634" /><G69/><T125/><D48/><U127/><E127/><V55/><F21/><W108/><G108/><T52/><REACH who="0" step="1"/><D0/><REACH who="0" ten="128,280,292,290" step="2"/><U101/><E111/><V45/><F132/><W24/><G50/><T91/><D91/><U128/><E110/><V39/><F135/><W41/><G41/><T106/><D106/><U37/><E42/><V86/><F39/><W27/><G56/><T104/><D104/><U99/><E68/><V71/><F71/><W70/><G70/><T80/><D80/><U73/><E37/><V75/><F83/><W118/><G118/><T113/><D113/><U18/><E36/><V90/><F90/><W82/><G82/><T130/><D130/><U88/><E128/><V121/><F81/><W14/><G72/><T95/><D95/><N who="1" m="56423" /><E79/><V116/><F75/><W93/><G93/><T76/><D76/><U112/><E112/><V92/><F92/><W38/><G38/><T61/><D61/><U30/><E74/><V98/><F116/><W77/><G77/><T43/><D43/><U47/><E73/><V22/><F3/><W62/><G62/><T40/><D40/><U89/><E89/><V133/><F133/><W2/><G2/><T33/><D33/><U105/><E105/><V25/><F35/><W102/><G102/><T129/><D129/><U28/><E101/><V51/><F34/><W87/><G87/><N who="2" m="33321" /><F49/><W53/><G53/><RYUUKYOKU ba="0,1" sc="128,15,280,-15,292,-15,290,15" hai0="4,5,9,11,13,15,23,31,52,54,124,125,126" hai3="1,7,14,16,20,24,26,27,29,32" /><INIT seed="4,1,1,3,5,19" ten="143,265,277,305" oya="0" hai0="135,115,78,37,66,118,64,25,127,106,2,68,44" hai1="26,125,35,128,111,7,82,43,63,5,56,54,31" hai2="67,53,12,132,134,114,9,73,109,107,40,14,0" hai3="133,34,97,80,52,112,58,86,77,18,11,98,22"/><T87/><D2/><U93/><E111/><V6/><F109/><W120/><G112/><T108/><D108/><U61/><E128/><V29/><F114/><W79/><G133/><N who="2" m="51305" /><F107/><W122/><G34/><T102/><D135/><U105/><E105/><V65/><F73/><W8/><G79/><T3/><D115/><U129/><E129/><V17/><F40/><W42/><G42/><T36/><D118/><U110/><E110/><V130/><F130/><W96/><G122/><T124/><D3/><U55/><E43/><V74/><F74/><W117/><G120/><T85/><D85/><U10/><BYE who="0" /><E125/><V49/><F29/><W71/><G71/><T131/><D131/><U59/><E82/><UN n0="%E3%81%9F%E3%81%8C%E3%82%84%E3%81%99" /><V1/><F1/><W89/><G77/><T126/><D25/><U32/><E32/><V121/><F121/><W4/><G4/><T41/><D36/><U91/><REACH who="1" step="1"/><E10/><REACH who="1" ten="143,255,277,305" step="2"/><N who="2" m="6295" /><F0/><W16/><G117/><T51/><D37/><U88/><E88/><V83/><F83/><W119/><G119/><T62/><D66/><U27/><E27/><V57/><AGARI ba="1,2" hai="6,9,14,49,53,57,65,67" m="6295,51305" machi="57" ten="30,1100,0" yaku="20,1" doraHai="19" who="2" fromWho="2" sc="143,-6,255,-4,277,34,305,-4" owari="137,-36.3,251,-14.9,311,41.1,301,10.1" /></mjloggm>