<mjloggm ver="2.3"><GO type="225" lobby="0"/><UN n0="%65%6B%61%72%75%74%65" n1="%E6%A1%9C%E8%8A%B1%E9%96%83%E3%80%85" n2="%61%69%73%79%6F" n3="%E6%98%93%E5%88%A9%E8%96%A9%E4%BC%AF" dan="16,18,17,16" rate="2136.75,2164.91,2170.28,2096.75" sx="M,M,M,F"/><TAIKYOKU oya="0"/><INIT seed="0,0,0,3,0,127" ten="250,250,250,250" oya="0" hai0="60,57,68,12,69,61,128,3,92,46,102,90,131" hai1="50,62,82,48,37,67,30,108,83,126,80,1,77" hai2="42,104,114,113,95,36,35,106,28,5,56,41,65" hai3="44,134,52,10,66,63,34,84,89,22,100,39,118"/><T97/><D3/><U58/><E126/><V0/><F65/><W32/><G134/><T27/><D12/><U109/><E37/><V91/><F56/><W40/><G118/><T72/><D72/><U14/><E1/><V24/><F42/><W9/><G100/><T81/><D27/><U124/><E124/><V129/><F91/><W130/><G130/><N who="0" m="49707" /><D46/><U8/><E14/><V71/><F95/><W132/><G22/><T59/><D81/><U86/><E8/><V25/><F25/><W87/><G87/><N who="0" m="52319" /><D59/><U73/><E83/><V75/><F75/><W101/><G132/><T54/><D61/><U33/><E82/><V7/><F0/><W64/><G34/><T98/><D98/><U6/><E73/><V20/><F35/><W103/><G32/><T85/><D85/><U11/><E33/><V74/><F74/><W117/><G117/><T121/><D121/><U15/><E86/><V38/><F129/><W53/><G63/><T16/><D16/><U4/><E4/><V116/><F5/><W135/><G135/><T21/><D21/><U94/><E80/><V88/><F7/><W110/><G10/><T55/><D55/><U96/><E77/><V120/><F120/><W125/><G9/><T93/><AGARI ba="0,0" hai="54,57,60,68,69,93,97,102" m="52319,49707" machi="93" ten="30,11700,0" yaku="19,1,52,3" doraHai="127" who="0" fromWho="0" sc="250,117,250,-39,250,-39,250,-39" /><INIT seed="0,1,0,5,4,134" ten="367,211,211,211" oya="0" hai0="103,12,16,50,101,3,72,10,108,20,64,82,4" hai1="46,0,21,17,71,81,22,119,105,79,60,112,19" hai2="121,34,7,135,123,95,68,31,36,131,58,43,92" hai3="132,133,118,1,117,24,70,127,96,106,54,126,51"/><T76/><D108/><U77/><E119/><N who="3" m="45578" /><G1/><T130/><D130/><U87/><E105/><V84/><F135/><N who="3" m="51787" /><G70/><T23/><D64/><U85/><E0/><V57/><F68/><W6/><G6/><T53/><REACH who="0" step="1"/><D23/><REACH who="0" ten="357,211,211,211" step="2"/><U59/><E22/><V86/><F131/><W25/><G24/><T116/><D116/><U128/><E21/><V28/><F34/><W90/><G25/><T26/><D26/><U37/><E128/><V78/><F123/><W100/><G90/><T74/><D74/><U122/><E122/><V61/><F121/><W114/><G114/><T66/><D66/><U99/><E112/><V63/><F31/><W49/><G49/><T110/><D110/><U15/><E60/><V40/><F28/><W29/><G29/><T113/><D113/><U56/><E71/><V73/><F73/><W91/><G91/><T104/><D104/><U8/><E77/><V111/><F78/><W65/><G65/><T107/><D107/><U9/><E79/><V2/><F111/><W120/><G120/><T102/><D102/><U124/><E37/><V18/><F36/><W94/><G106/><T55/><D55/><U5/><E8/><V129/><F129/><W47/><AGARI ba="1,1" hai="47,51,54,94,96,100,126,127" m="51787,45578" machi="47" ten="40,5200,0" yaku="20,1,52,2" doraHai="134" who="3" fromWho="3" sc="357,-27,211,-14,211,-14,211,65" /><INIT seed="1,0,0,2,1,95" ten="330,197,197,276" oya="1" hai0="48,63,91,119,135,52,46,72,10,133,90,18,126" hai1="70,86,107,110,102,79,33,4,53,50,93,47,2" hai2="54,57,7,115,24,0,59,98,26,120,23,94,5" hai3="83,30,51,99,129,42,12,32,109,88,58,116,9"/><U20/><E33/><V64/><F120/><W89/><G109/><T123/><D123/><U106/><E110/><V17/><F115/><W6/><G129/><T81/><D119/><U39/><E70/><V28/><F0/><W127/><G127/><T65/><D126/><U114/><E114/><V21/><F64/><W100/><G116/><T69/><D18/><U16/><E39/><V49/><REACH who="2" step="1"/><F57/><REACH who="2" ten="330,197,187,276" step="2"/><W15/><G58/><T124/><D124/><U73/><E2/><V97/><F97/><W56/><G56/><T122/><D65/><U60/><E60/><V134/><F134/><W85/><G99/><T75/><D63/><U67/><E67/><V13/><F13/><W132/><G15/><T111/><D122/><U105/><E105/><V118/><F118/><W130/><G12/><T87/><D133/><U3/><E107/><V62/><F62/><W45/><G132/><T103/><D135/><U40/><E106/><V34/><F34/><W68/><G32/><T14/><D14/><U108/><E3/><V80/><F80/><W104/><G83/><T22/><D81/><U8/><E108/><V84/><F84/><W38/><G85/><T131/><D87/><U113/><E86/><V92/><F92/><W29/><G104/><T25/><D111/><U19/><E93/><V35/><F35/><W41/><G68/><T71/><D71/><U27/><E113/><V78/><F78/><W31/><G9/><T112/><D10/><U96/><E8/><V76/><F76/><W77/><G77/><T82/><D69/><U74/><E79/><V1/><F1/><RYUUKYOKU ba="0,1" sc="330,-10,197,-10,187,30,276,-10" hai2="5,7,17,21,23,24,26,28,49,54,59,94,98" /><INIT seed="2,1,1,2,5,102" ten="320,187,217,266" oya="2" hai0="127,35,68,32,56,48,12,1,51,50,62,126,106" hai1="14,27,23,15,107,114,34,87,30,86,57,122,61" hai2="81,91,7,74,89,58,21,108,112,18,63,70,19" hai3="125,79,31,88,75,98,130,97,109,82,119,84,96"/><V110/><F112/><W44/><G119/><T99/><D1/><U47/><E114/><V0/><F70/><W38/><G109/><N who="2" m="42089" /><F7/><W9/><G130/><T121/><D68/><U55/><E122/><V41/><F0/><W24/><G125/><N who="0" m="47627" /><D12/><U39/><E107/><V46/><F74/><W113/><G9/><T133/><D133/><U22/><E34/><N who="0" m="12841" /><D121/><U95/><E39/><N who="2" m="21823" /><F81/><W135/><G135/><T43/><D43/><U72/><E72/><V64/><F18/><W103/><G113/><T2/><D2/><U105/><E105/><V71/><F71/><W73/><G103/><N who="0" m="62847" /><D48/><N who="1" m="29087" /><E23/><V65/><F64/><AGARI ba="1,1" hai="50,51,56,62,64" m="62847,12841,47627" machi="64" ten="30,2000,0" yaku="18,1,52,1" doraHai="102" who="0" fromWho="2" sc="320,33,187,0,217,-23,266,0" /><INIT seed="3,0,0,1,3,55" ten="353,187,194,266" oya="3" hai0="111,89,33,86,67,21,127,29,134,3,31,122,119" hai1="118,102,88,59,48,46,18,99,130,75,71,104,108" hai2="131,113,114,80,57,58,10,51,93,97,27,94,60" hai3="62,39,78,124,19,85,77,16,74,79,84,70,82"/><W96/><G39/><T25/><D3/><U22/><E71/><V63/><F131/><W1/><G1/><T54/><D67/><U101/><E130/><V98/><F80/><W5/><G5/><T6/><D31/><U30/><E108/><V135/><F27/><W107/><G124/><T116/><D21/><U14/><E75/><V36/><F51/><W103/><G74/><T115/><D122/><U90/><E118/><V45/><F45/><W125/><G125/><T28/><D28/><U91/><E30/><V109/><F10/><W61/><G84/><T43/><D43/><N who="1" m="24671" /><E104/><V133/><F109/><W11/><G11/><T83/><D25/><U132/><E132/><V41/><REACH who="2" step="1"/><F41/><REACH who="2" ten="353,187,184,266" step="2"/><W26/><G26/><T40/><D83/><U4/><E4/><V126/><F126/><W17/><REACH who="3" step="1"/><G70/><REACH who="3" ten="353,187,184,256" step="2"/><T64/><D6/><U123/><E123/><V53/><F53/><W15/><G15/><T12/><D54/><U106/><E14/><V20/><F20/><W49/><G49/><T47/><D12/><U9/><E9/><V65/><F65/><W38/><G38/><AGARI ba="0,2" hai="36,38,57,58,60,63,93,94,97,98,113,114,133,135" machi="38" ten="25,12000,2" yaku="1,1,22,2,52,2,53,2" doraHai="55" doraHaiUra="56" who="2" fromWho="3" sc="353,0,187,0,184,140,256,-120" owari="353,45.3,187,-21.3,324,12.4,136,-36.4" /></mjloggm>