<mjloggm ver="2.3"><GO type="225" lobby="0"/><UN n0="%4B%2E%32%2E%4B%2E" n1="%E5%8F%AF%E5%85%90%E9%82%A3%E7%94%B1%E5%A4%9A" n2="%E6%B4%BE%E9%81%A3%E3%81%AE%E3%82%B8%E3%83%A3%E3%83%83%E3%82%AF" n3="%E8%81%B7%E6%A5%AD%E3%80%81%E9%A2%A8%32" dan="16,16,16,16" rate="2145.33,2167.29,2168.59,2155.70" sx="M,F,M,M"/><TAIKYOKU oya="0"/><INIT seed="0,0,0,4,0,52" ten="250,250,250,250" oya="0" hai0="83,122,30,25,34,5,15,79,72,50,110,116,132" hai1="77,53,31,105,64,44,95,14,37,63,109,19,21" hai2="93,49,1,108,32,6,61,36,7,62,91,128,67" hai3="65,120,130,112,85,16,76,115,70,86,39,33,60"/><T59/><D116/><U106/><E109/><V114/><F36/><W73/><G120/><T125/><D122/><U121/><E121/><V98/><F32/><W97/><G39/><T134/><D125/><U117/><E117/><V20/><F114/><W90/><G33/><T47/><D110/><U127/><E127/><V100/><F108/><W129/><G73/><T113/><D113/><U123/><E123/><V40/><F128/><N who="3" m="49259" /><G76/><T12/><D59/><U41/><E77/><V88/><F20/><W29/><G29/><T80/><D80/><U2/><E2/><V66/><F1/><W17/><G86/><T131/><D131/><U43/><E31/><V94/><F40/><W42/><G97/><T51/><D51/><U74/><E74/><V0/><F49/><W54/><G42/><N who="0" m="24951" /><D5/><N who="2" m="1546" /><F0/><W22/><G54/><T55/><D55/><U78/><E41/><V23/><F23/><W107/><G107/><T58/><D58/><U3/><E3/><V89/><F94/><N who="3" m="54607" /><G17/><T13/><D72/><U11/><E53/><V96/><F96/><W48/><G48/><T124/><D124/><U81/><E95/><V8/><F8/><W56/><G70/><T46/><D46/><U45/><E45/><V4/><N who="2" m="1554" /><V38/><DORA hai="111" /><F38/><W99/><G99/><T27/><D79/><U9/><E9/><V118/><F118/><W133/><G133/><N who="0" m="51307" /><D83/><U92/><E92/><V26/><F67/><W57/><G57/><T135/><D135/><U87/><E11/><V82/><F66/><W71/><G56/><AGARI ba="0,0" hai="14,19,21,37,43,44,56,63,64,78,81,87,105,106" machi="56" ten="30,2000,0" yaku="7,1,52,1" doraHai="52,111" who="1" fromWho="3" sc="250,0,250,20,250,0,250,-20" /><INIT seed="1,0,0,5,5,85" ten="250,270,250,230" oya="1" hai0="13,64,26,66,101,18,43,95,77,14,91,125,67" hai1="27,113,114,62,116,123,40,46,15,128,38,99,133" hai2="119,71,88,42,129,2,12,134,49,109,57,73,50" hai3="110,16,39,36,44,96,25,0,108,75,29,3,98"/><U83/><E116/><V11/><F119/><W47/><G75/><T124/><D101/><U23/><E123/><V33/><F73/><W68/><G68/><T56/><D77/><U87/><E128/><V104/><F104/><W28/><REACH who="3" step="1"/><G25/><REACH who="3" ten="250,270,250,220" step="2"/><T21/><D56/><U100/><E27/><V111/><F71/><W118/><G118/><T86/><REACH who="0" step="1"/><D43/><REACH who="0" ten="240,270,250,220" step="2"/><U132/><E40/><V8/><F42/><W89/><G89/><T24/><D24/><U84/><E114/><V81/><F57/><W22/><G22/><T53/><D53/><U93/><E113/><V20/><F20/><W17/><AGARI ba="0,2" hai="0,3,16,17,28,29,36,39,44,47,96,98,108,110" machi="17" ten="25,8000,1" yaku="1,1,0,1,22,2,54,1,53,0" doraHai="85" doraHaiUra="10" who="3" fromWho="3" sc="240,-20,270,-40,250,-20,220,100" /><INIT seed="2,0,0,0,5,122" ten="220,230,230,320" oya="2" hai0="12,100,87,51,88,89,111,26,74,119,96,84,20" hai1="0,16,31,130,66,48,41,55,40,71,76,13,1" hai2="30,73,57,121,90,77,125,110,21,50,95,14,45" hai3="64,117,5,116,132,106,115,68,83,134,10,22,103"/><V97/><F121/><W28/><G115/><T91/><D74/><U6/><E130/><V98/><F125/><W99/><G83/><T127/><D127/><U29/><E76/><V108/><F57/><W36/><G28/><T65/><D119/><N who="3" m="45641" /><G22/><T109/><D65/><U33/><E66/><V19/><F30/><W60/><G36/><T113/><D113/><U46/><E71/><V27/><F27/><W105/><G105/><T86/><D12/><U78/><E78/><V62/><F62/><W56/><G56/><T81/><D51/><U43/><E6/><V4/><F4/><W35/><G35/><T47/><D47/><U58/><E46/><V118/><F118/><W63/><G63/><T104/><REACH who="0" step="1"/><D81/><REACH who="0" ten="210,230,230,320" step="2"/><U2/><REACH who="1" step="1"/><E33/><REACH who="1" ten="210,220,230,320" step="2"/><V23/><F73/><W38/><G38/><T114/><D114/><U9/><AGARI ba="0,2" hai="0,1,2,9,13,16,29,31,40,41,43,48,55,58" machi="9" ten="40,12000,2" yaku="1,1,2,1,0,1,54,1,53,2" doraHai="122" doraHaiUra="24" who="1" fromWho="1" sc="210,-30,220,140,230,-60,320,-30" /><INIT seed="3,0,0,1,2,113" ten="180,360,170,290" oya="3" hai0="38,129,11,2,91,124,9,59,90,53,102,105,106" hai1="46,45,76,0,10,97,55,5,96,80,100,43,95" hai2="107,111,3,65,87,89,116,6,13,47,70,121,128" hai3="7,71,74,104,27,115,40,108,58,14,67,64,101"/><W84/><G115/><T103/><D38/><U8/><E8/><N who="0" m="3145" /><D2/><U20/><E55/><V18/><F3/><W21/><G74/><T29/><D106/><U1/><E1/><V35/><F107/><W37/><G71/><T94/><D105/><U17/><E97/><V62/><F35/><W24/><G7/><T23/><D124/><U119/><E119/><V52/><F116/><W61/><G67/><T54/><D129/><U132/><E132/><V39/><F128/><W125/><G125/><T56/><D23/><U44/><E20/><V4/><F111/><W41/><G108/><T15/><D15/><U135/><E17/><V28/><F28/><W127/><G127/><T36/><D36/><N who="1" m="21607" /><E135/><V112/><F112/><W68/><G68/><T110/><D29/><U134/><E134/><V34/><F34/><W60/><G60/><N who="0" m="35855" /><D110/><U25/><E25/><N who="3" m="9802" /><G37/><T63/><D90/><U12/><E12/><V78/><F78/><W109/><G109/><T99/><AGARI ba="0,0" hai="54,59,63,91,94,99,102,103" m="35855,3145" machi="99" ten="30,1100,0" yaku="8,1" doraHai="113" who="0" fromWho="0" sc="180,11,360,-3,170,-3,290,-5" owari="191,-20.9,357,45.7,167,-33.3,285,8.5" /></mjloggm>