<mjloggm ver="2.3"><GO type="225" lobby="0"/><UN n0="%E5%8D%8D%E6%B1%A0%E8%A2%8B%E6%9C%80%E5%BC%B7%E5%8D%8D" n1="%73%69%72%6F%75%74" n2="%E3%80%90%E8%92%BC%E7%90%89%E3%80%91" n3="%6D%75%75%6D%75%72%61" dan="16,16,16,16" rate="2148.36,2158.41,2112.88,2123.84" sx="M,M,F,F"/><TAIKYOKU oya="0"/><INIT seed="0,0,0,4,3,105" ten="250,250,250,250" oya="0" hai0="8,6,10,79,17,33,28,51,5,39,54,1,69" hai1="64,12,124,57,111,110,15,45,107,123,127,48,89" hai2="18,95,31,46,29,20,120,47,35,114,50,3,76" hai3="117,56,4,38,73,99,62,53,77,104,129,86,90"/><T16/><D39/><U84/><E107/><V71/><F114/><W103/><G117/><T128/><D69/><U52/><E123/><V22/><F71/><W68/><G129/><T97/><D79/><U88/><E12/><V59/><F35/><W70/><G38/><T83/><D83/><N who="1" m="49183" /><E89/><V25/><F3/><W122/><G122/><T19/><D128/><U87/><E87/><V42/><F120/><W14/><G4/><N who="0" m="1039" /><D97/><U75/><E75/><V44/><F76/><W135/><G135/><T125/><D125/><N who="1" m="48203" /><E15/><V130/><F130/><W78/><G78/><T13/><D54/><U82/><E82/><V112/><F112/><W131/><G131/><T74/><D51/><U32/><E32/><V113/><F113/><W81/><REACH who="3" step="1"/><G14/><REACH who="3" ten="250,250,250,240" step="2"/><N who="0" m="5455" /><D74/><U23/><E23/><V66/><F20/><W37/><G37/><T40/><D6/><U30/><E30/><V67/><F29/><W94/><AGARI ba="0,1" hai="53,56,62,68,70,73,77,81,86,90,94,99,103,104" machi="94" ten="20,12000,2" yaku="1,1,0,1,7,1,24,2,52,1,53,0" doraHai="105" doraHaiUra="118" who="3" fromWho="3" sc="250,-60,250,-30,250,-30,240,130" /><INIT seed="1,0,0,5,5,111" ten="190,220,220,370" oya="1" hai0="53,48,68,11,124,84,8,109,7,107,46,0,31" hai1="26,35,126,87,127,96,49,5,106,134,115,18,14" hai2="72,91,76,52,98,57,130,135,75,95,104,77,66" hai3="90,120,56,19,102,4,43,47,59,110,42,99,128"/><U39/><E39/><V116/><F116/><W113/><G120/><T94/><D107/><U114/><E87/><V9/><F135/><W61/><G110/><T123/><D109/><U38/><E38/><V125/><F130/><W88/><G128/><T25/><D123/><U16/><E49/><V23/><F125/><N who="1" m="47625" /><E134/><V118/><F118/><W131/><G131/><T51/><D68/><U64/><E64/><V44/><F104/><W73/><G73/><T27/><D124/><U86/><E86/><V105/><F105/><W45/><G4/><T20/><D51/><U93/><E106/><V81/><F9/><W69/><G69/><T122/><D122/><U62/><E62/><V97/><F97/><W58/><G61/><T34/><D8/><N who="1" m="4367" /><E35/><V41/><F66/><W29/><G59/><T92/><REACH who="0" step="1"/><D84/><REACH who="0" ten="180,220,220,370" step="2"/><U117/><E117/><V78/><F75/><W60/><G60/><T121/><D121/><U2/><E2/><V101/><F72/><W103/><G42/><T13/><D13/><U1/><E1/><V133/><F133/><W63/><G43/><T55/><D55/><U79/><E26/><V129/><F129/><W82/><G63/><T71/><D71/><U6/><E6/><V30/><F41/><W12/><G12/><T33/><D33/><U32/><E32/><V28/><F23/><W3/><G3/><T17/><AGARI ba="0,1" hai="0,7,11,17,20,25,27,31,34,46,48,53,92,94" machi="17" ten="20,5200,0" yaku="1,1,0,1,7,1,53,1" doraHai="111" doraHaiUra="50" who="0" fromWho="0" sc="180,62,220,-26,220,-13,370,-13" /><INIT seed="2,0,0,1,3,4" ten="242,194,207,357" oya="2" hai0="131,8,127,32,19,96,85,120,121,42,81,79,74" hai1="101,5,46,82,54,128,41,94,9,15,66,103,112" hai2="53,59,76,50,48,110,39,17,52,87,21,118,97" hai3="62,122,124,60,91,133,114,43,73,3,89,93,98"/><V36/><F118/><W64/><G122/><T34/><D131/><U29/><E112/><V49/><F110/><W104/><G114/><T7/><D42/><U0/><E128/><V68/><F68/><W75/><G104/><T58/><D127/><U65/><E54/><V135/><F135/><W51/><G124/><T86/><D19/><U70/><E29/><V71/><F71/><W23/><G133/><T95/><D121/><U109/><E109/><V88/><F97/><W27/><G3/><T26/><D58/><U56/><E56/><V115/><F76/><W38/><G38/><T130/><D130/><U24/><E24/><V107/><F107/><W116/><G116/><T22/><D32/><U14/><E94/><N who="2" m="54559" /><F115/><W106/><G106/><T45/><D34/><U83/><E0/><V84/><F84/><W78/><G78/><T55/><D74/><U90/><E70/><V134/><F134/><W13/><G89/><N who="0" m="53679" /><D96/><U30/><E90/><V1/><F1/><W129/><G129/><T72/><D72/><U28/><E101/><V108/><F108/><W111/><G111/><T113/><D113/><U119/><E103/><V47/><F48/><W63/><G51/><N who="0" m="29167" /><D120/><U16/><E119/><V92/><F92/><W102/><G75/><T105/><D105/><U61/><E82/><V12/><AGARI ba="0,0" hai="12,17,21,36,39,47,49,50,52,53,59" m="54559" machi="12" ten="30,6000,0" yaku="25,1,54,2" doraHai="4" who="2" fromWho="2" sc="242,-20,194,-20,207,60,357,-20" /><INIT seed="2,1,0,2,5,103" ten="222,174,267,337" oya="2" hai0="63,118,129,72,121,57,3,61,104,41,131,98,45" hai1="69,128,83,78,5,110,47,39,22,95,100,9,111" hai2="133,59,115,91,27,135,40,8,67,96,108,87,64" hai3="123,74,113,122,36,82,10,76,0,132,106,12,62"/><V85/><F115/><W114/><G0/><T60/><D3/><U53/><E69/><V55/><F40/><W1/><G1/><T70/><D72/><U49/><E39/><V56/><F108/><W126/><G36/><N who="0" m="21671" /><D121/><U37/><E128/><N who="0" m="49225" /><D118/><U109/><E37/><V17/><F96/><W127/><G132/><N who="2" m="50761" /><F85/><W89/><G89/><T21/><D21/><U90/><E22/><N who="2" m="13775" /><F8/><W32/><G106/><T93/><D104/><U94/><E100/><V48/><F59/><W42/><G32/><T107/><D107/><U43/><E53/><V125/><F125/><N who="3" m="47627" /><G42/><T77/><D77/><U4/><E90/><V26/><F26/><W84/><G74/><T7/><D7/><U88/><E88/><V52/><F55/><W38/><G38/><T11/><D11/><U44/><E44/><V102/><F102/><W97/><G97/><T54/><D70/><U51/><E4/><V81/><AGARI ba="1,0" hai="48,52,56,64,67,81,87,91" m="13775,50761" machi="81" ten="30,3000,0" yaku="20,1,54,1" doraHai="103" who="2" fromWho="2" sc="222,-11,174,-11,267,33,337,-11" /><INIT seed="2,2,0,5,1,123" ten="211,163,300,326" oya="2" hai0="1,23,48,126,90,81,5,105,84,3,31,41,15" hai1="76,71,98,102,113,13,125,50,39,24,75,40,53" hai2="62,95,124,130,6,7,64,25,54,65,36,70,21" hai3="74,79,60,45,17,116,47,86,118,4,129,117,135"/><V19/><F130/><W68/><G74/><T26/><D105/><U103/><E103/><V49/><F124/><W127/><G127/><T69/><D69/><U97/><E97/><V12/><F36/><W82/><G129/><T59/><D126/><U11/><E113/><V132/><F132/><W46/><G135/><T122/><D122/><U37/><E71/><V121/><F64/><W2/><G17/><T38/><D38/><U78/><E125/><V57/><F121/><W14/><G2/><T72/><D72/><U80/><E40/><V101/><REACH who="2" step="1"/><F25/><REACH who="2" ten="211,163,290,326" step="2"/><W55/><G117/><T28/><D26/><U16/><E24/><V30/><F30/><W73/><G118/><T112/><D28/><U0/><E102/><V18/><F18/><W63/><G116/><T32/><D31/><U77/><E39/><V128/><F128/><W29/><G29/><T104/><D112/><U110/><E37/><V10/><F10/><W51/><G68/><T106/><D106/><U94/><E11/><V89/><F89/><W115/><G115/><T134/><D104/><U44/><E16/><V99/><AGARI ba="2,1" hai="6,7,12,19,21,49,54,57,62,65,70,95,99,101" machi="99" ten="30,3000,0" yaku="1,1,0,1,53,0" doraHai="123" doraHaiUra="83" who="2" fromWho="2" sc="211,-12,163,-12,290,46,326,-12" /><INIT seed="2,3,0,2,5,15" ten="199,151,336,314" oya="2" hai0="35,129,76,22,75,121,124,87,49,83,69,82,127" hai1="91,109,48,100,70,5,32,44,46,16,24,93,27" hai2="10,6,64,17,34,31,51,130,37,11,133,55,95" hai3="92,14,71,29,57,94,112,28,12,0,40,104,72"/><V88/><F37/><W114/><G71/><T125/><D35/><U1/><E109/><V96/><F133/><W66/><G104/><T105/><D121/><U99/><E70/><V132/><F132/><W85/><G0/><T2/><D69/><U53/><E32/><V107/><F130/><W61/><G72/><T101/><D2/><U103/><E5/><V116/><F116/><W122/><G40/><T102/><D129/><U58/><E1/><V79/><F107/><W33/><G122/><T45/><D22/><N who="1" m="13383" /><E27/><V26/><F79/><W8/><G12/><T23/><D23/><U118/><E118/><V89/><F64/><W74/><G33/><T41/><REACH who="0" step="1"/><D105/><REACH who="0" ten="189,151,336,314" step="2"/><U38/><E38/><V108/><F108/><W3/><G3/><T98/><D98/><U134/><E134/><V52/><F11/><W60/><G8/><T4/><D4/><U18/><E18/><V13/><F6/><W115/><G115/><T117/><D117/><U25/><E25/><V39/><F39/><W43/><G114/><T84/><D84/><U126/><E126/><V56/><F55/><W67/><G112/><T36/><D36/><U21/><E21/><V63/><F51/><W97/><G29/><T54/><D54/><N who="1" m="29959" /><E46/><V19/><F19/><W42/><G28/><T30/><D30/><U131/><E131/><V68/><F68/><W81/><G42/><T90/><AGARI ba="3,1" hai="41,45,49,75,76,82,83,87,90,101,102,124,125,127" machi="90" ten="30,7900,0" yaku="1,1,0,1,18,1,53,1" doraHai="15" doraHaiUra="106" who="0" fromWho="0" sc="189,98,151,-23,336,-42,314,-23" /><INIT seed="3,0,0,2,2,82" ten="287,128,294,291" oya="3" hai0="100,63,74,64,77,106,43,5,60,24,3,70,80" hai1="6,65,101,91,112,84,90,53,52,96,133,117,67" hai2="62,0,44,103,123,135,55,104,102,18,131,129,2" hai3="122,40,21,4,20,75,87,17,30,7,56,69,11"/><W79/><G69/><T76/><D76/><U25/><E133/><V95/><F135/><W86/><G122/><T45/><D24/><U10/><E112/><V88/><F104/><W108/><G75/><T13/><D13/><N who="1" m="5335" /><E117/><V1/><F18/><W130/><G130/><N who="2" m="49673" /><F123/><W120/><G120/><T35/><D35/><U132/><E132/><V46/><F62/><W115/><G115/><T71/><D63/><U50/><E25/><V34/><F34/><W107/><G107/><T42/><D71/><U125/><E125/><V116/><F116/><W48/><G108/><T126/><D126/><U15/><E15/><V31/><F31/><W83/><G30/><T28/><D28/><U121/><E121/><V12/><F12/><N who="3" m="5223" /><G7/><T110/><D110/><U81/><E101/><N who="2" m="38411" /><F55/><N who="1" m="21065" /><E50/><V111/><F111/><W58/><G48/><T8/><REACH who="0" step="1"/><D45/><REACH who="0" ten="277,128,294,291" step="2"/><U26/><E26/><V98/><AGARI ba="0,1" hai="0,1,2,44,46,88,95,98" m="38411,49673" machi="98" ten="40,2700,0" yaku="19,1,54,1" doraHai="82" who="2" fromWho="2" sc="277,-7,128,-7,294,37,291,-13" owari="270,-13.0,121,-37.9,331,43.1,278,7.8" /></mjloggm>