<mjloggm ver="2.3"><GO type="225" lobby="0"/><UN n0="%E3%82%B8%E3%83%A3%E3%83%9E%E3%83%BC%E3%83%AB%E3%83%9E%E3%83%AC%E3%83%BC" n1="%E3%83%AD%E3%83%83%E3%83%86%E9%9B%80%E7%90%83" n2="%E6%98%93%E5%88%A9%E8%96%A9%E4%BC%AF" n3="%E3%81%91%E3%83%BC%E3%81%9E%E3%81%88" dan="17,17,16,16" rate="2209.96,2270.63,2111.42,2182.51" sx="M,M,F,F"/><TAIKYOKU oya="0"/><INIT seed="0,0,0,0,4,87" ten="250,250,250,250" oya="0" hai0="102,95,34,32,23,47,8,111,0,33,94,91,48" hai1="122,118,103,49,80,13,25,113,100,106,116,7,104" hai2="50,5,93,53,24,66,99,28,57,127,58,79,119" hai3="107,55,21,52,124,120,130,112,77,129,74,15,89"/><T84/><D111/><U96/><E25/><V6/><F127/><W71/><G112/><T26/><D0/><U9/><E122/><V29/><F79/><W51/><G71/><T39/><D8/><U27/><E113/><V135/><F135/><W114/><G107/><T31/><D39/><U41/><E27/><V133/><F119/><W126/><G120/><T131/><D131/><N who="3" m="50185" /><G114/><T117/><D117/><U65/><E65/><V68/><F68/><W44/><G77/><T12/><D12/><U98/><REACH who="1" step="1"/><E80/><REACH who="1" ten="250,240,250,250" step="2"/><V3/><F133/><W40/><G74/><T11/><D11/><U18/><E18/><V70/><F29/><W69/><G69/><T2/><D34/><U83/><E83/><V20/><F70/><W101/><G126/><T110/><D110/><U36/><E36/><V90/><REACH who="2" step="1"/><F3/><REACH who="2" ten="250,240,240,250" step="2"/><W16/><G124/><T54/><REACH who="0" step="1"/><D2/><REACH who="0" ten="240,240,240,250" step="2"/><U123/><E123/><V97/><F97/><AGARI ba="0,3" hai="23,26,31,32,33,47,48,54,84,91,94,95,97,102" machi="97" ten="40,7700,0" yaku="1,1,2,1,52,1,53,0" doraHai="87" doraHaiUra="10" who="0" fromWho="2" sc="240,107,240,0,240,-77,250,0" /><INIT seed="0,1,0,1,0,72" ten="347,240,163,250" oya="0" hai0="18,6,123,130,63,14,40,76,71,132,49,43,78" hai1="13,28,73,133,134,46,48,23,24,105,93,27,22" hai2="97,17,96,5,77,66,92,103,127,30,62,89,87" hai3="36,39,85,81,114,83,45,109,67,42,50,41,108"/><T33/><D123/><U88/><E105/><V10/><F127/><W53/><G114/><T82/><D33/><U59/><E73/><V11/><F30/><W118/><G118/><T129/><D6/><U90/><E59/><V1/><F103/><W113/><G113/><T8/><D132/><N who="1" m="50795" /><E13/><V26/><F11/><W110/><G67/><N who="0" m="41471" /><D82/><N who="3" m="31241" /><G85/><T86/><D86/><U102/><E102/><V74/><F74/><W12/><G12/><T99/><D99/><U98/><E90/><V58/><F77/><N who="0" m="29802" /><D49/><U4/><E4/><V112/><F112/><W15/><G15/><T80/><D80/><U9/><E9/><V125/><F96/><W119/><G119/><T111/><D111/><U34/><E27/><V70/><F87/><W61/><G61/><T106/><D106/><U122/><E122/><V135/><F135/><W95/><G95/><T29/><D29/><U100/><E100/><V60/><F26/><W101/><G101/><T54/><D54/><AGARI ba="1,0" hai="22,23,24,28,34,46,48,54,88,93,98" m="50795" machi="54" ten="30,2000,0" yaku="20,1,54,1" doraHai="72" who="1" fromWho="0" sc="347,-23,240,23,163,0,250,0" /><INIT seed="1,0,0,0,1,14" ten="324,263,163,250" oya="1" hai0="71,25,102,84,56,131,41,26,134,60,124,72,37" hai1="100,50,67,52,111,93,7,68,62,32,132,5,55" hai2="123,83,18,105,53,74,48,99,103,47,51,39,23" hai3="89,28,12,45,96,11,135,107,121,108,34,49,76"/><U120/><E120/><V86/><F123/><W59/><G121/><T38/><D72/><U78/><E32/><V75/><F39/><W98/><G108/><T101/><D71/><U1/><E111/><V69/><F69/><W110/><G110/><T91/><D38/><U13/><E132/><V6/><F6/><W44/><G135/><T92/><D134/><U88/><E1/><V116/><F51/><W65/><G107/><T77/><D124/><U57/><E100/><N who="0" m="38505" /><D37/><U29/><E78/><V3/><F3/><W70/><G70/><T46/><D131/><U85/><E29/><V115/><F116/><W97/><G76/><T79/><D46/><U94/><E94/><V0/><F0/><W40/><G45/><T54/><D41/><U87/><E87/><V42/><F42/><W43/><G43/><T66/><D66/><U30/><E30/><V19/><F115/><W27/><G59/><T114/><D114/><U113/><E113/><V31/><F75/><W10/><G10/><T22/><D26/><U122/><E122/><V33/><F33/><W109/><G65/><T58/><D58/><U125/><E125/><V24/><REACH who="2" step="1"/><F74/><REACH who="2" ten="324,263,153,250" step="2"/><W118/><G118/><T2/><D2/><U95/><E5/><V64/><F64/><W17/><REACH who="3" step="1"/><G109/><REACH who="3" ten="324,263,153,240" step="2"/><T128/><D128/><U15/><E67/><V112/><F112/><W61/><G61/><T36/><D36/><U127/><E62/><V130/><F130/><W81/><G81/><T9/><D60/><U80/><E68/><V82/><F82/><W90/><AGARI ba="0,2" hai="11,12,17,27,28,34,40,44,49,89,90,96,97,98" machi="90" ten="30,4000,0" yaku="1,1,0,1,52,1,53,0" doraHai="14" doraHaiUra="133" who="3" fromWho="3" sc="324,-10,263,-20,153,-10,240,60" /><INIT seed="2,0,0,2,1,73" ten="314,243,143,300" oya="2" hai0="1,19,100,126,31,103,54,3,49,79,122,38,21" hai1="51,34,107,26,130,47,22,32,117,45,5,65,104" hai2="81,111,58,20,128,68,2,116,17,135,77,7,99" hai3="120,6,82,96,41,30,75,131,62,70,118,114,123"/><V33/><F116/><W46/><G118/><T112/><D38/><U55/><E117/><V90/><F68/><W8/><G131/><T89/><D112/><U83/><E130/><V23/><F33/><W105/><G30/><T115/><D122/><U37/><E5/><V78/><F128/><W28/><G28/><T95/><D126/><U92/><E65/><V67/><F135/><W12/><G114/><T69/><D69/><U36/><E92/><N who="2" m="56727" /><F2/><W39/><G62/><T66/><D66/><U27/><E83/><V10/><F111/><W132/><G70/><T134/><D31/><U40/><E22/><N who="2" m="8235" /><F7/><W109/><G109/><T48/><D134/><U24/><REACH who="1" step="1"/><E37/><REACH who="1" ten="314,233,143,300" step="2"/><V57/><F81/><W101/><G132/><T15/><D115/><U108/><E108/><V129/><F129/><W76/><AGARI ba="0,1" hai="6,8,12,39,41,46,75,76,82,96,101,105,120,123" machi="76" ten="30,2000,0" yaku="0,1,52,1" doraHai="73" who="3" fromWho="3" sc="314,-5,233,-5,143,-10,300,30" /><INIT seed="3,0,0,1,0,12" ten="309,228,133,330" oya="3" hai0="35,121,47,111,63,64,1,23,127,50,110,98,108" hai1="81,77,46,99,118,55,61,123,4,11,91,101,88" hai2="68,107,134,10,3,34,82,93,16,125,53,9,128" hai3="14,104,19,90,133,92,105,83,45,120,74,39,84"/><W56/><G120/><T38/><D121/><U36/><E118/><V65/><F107/><W100/><G133/><T57/><D35/><U5/><E123/><V109/><F34/><W80/><G39/><T114/><D1/><U69/><E5/><V0/><F134/><W27/><G27/><T95/><D127/><U115/><E115/><V129/><F125/><W52/><G45/><T54/><D114/><U41/><E55/><V73/><F109/><W85/><G74/><T66/><D23/><U79/><E61/><V119/><F119/><W116/><G100/><T113/><D38/><U22/><E22/><V70/><F93/><W97/><G116/><T86/><D86/><U29/><E29/><V15/><F53/><W96/><G84/><T112/><REACH who="0" step="1"/><D66/><REACH who="0" ten="299,228,133,330" step="2"/><U37/><E37/><V124/><F124/><W28/><G28/><T48/><D48/><U13/><E69/><V94/><F94/><W30/><G30/><T60/><D60/><U75/><REACH who="1" step="1"/><E79/><REACH who="1" ten="299,218,133,330" step="2"/><V89/><F65/><W72/><G56/><T51/><D51/><U59/><E59/><V2/><F10/><W42/><G42/><T135/><D135/><U126/><E126/><V20/><F9/><W67/><G67/><T40/><D40/><U103/><E103/><AGARI ba="0,2" hai="47,50,54,57,63,64,95,98,103,108,110,111,112,113" machi="103" ten="40,2600,0" yaku="1,1,14,1,53,0" doraHai="12" doraHaiUra="76" who="0" fromWho="1" sc="299,46,218,-26,133,0,330,0" owari="345,44.5,192,-20.8,133,-36.7,330,13.0" /></mjloggm>