<mjloggm ver="2.3"><GO type="225" lobby="0"/><UN n0="%E6%98%93%E5%88%A9%E8%96%A9%E4%BC%AF" n1="%6D%75%75%6D%75%72%61" n2="%E4%B8%96%E7%95%8C%E3%81%AE%E4%BA%80%E4%BA%95" n3="%E3%82%BC%E3%83%AB%E3%83%80%E3%81%AE%E4%BC%9D%E8%AA%AC" dan="16,17,17,17" rate="2073.11,2155.62,2203.14,2139.93" sx="F,F,M,M"/><TAIKYOKU oya="0"/><INIT seed="0,0,0,4,2,121" ten="250,250,250,250" oya="0" hai0="67,18,60,27,130,89,34,104,85,48,49,20,30" hai1="61,37,79,46,15,28,78,73,116,8,72,33,103" hai2="132,100,122,95,84,65,41,99,5,96,113,52,82" hai3="16,45,120,64,90,87,59,55,11,25,102,3,93"/><T53/><D130/><U94/><E116/><V66/><F122/><W19/><G120/><T97/><D53/><U63/><E72/><V74/><F74/><W108/><G108/><T98/><D98/><U80/><E78/><V114/><F132/><W39/><G102/><T26/><D97/><U21/><E33/><V68/><F41/><W88/><G39/><T51/><D104/><U38/><E103/><V83/><F5/><W129/><G129/><T119/><D119/><U118/><E94/><V1/><F1/><W92/><G3/><T32/><D32/><U58/><E118/><V135/><F135/><W71/><G71/><T77/><D77/><U40/><E38/><V50/><F82/><W10/><G64/><T70/><REACH who="0" step="1"/><D49/><REACH who="0" ten="240,250,250,250" step="2"/><U4/><E79/><V6/><F99/><N who="3" m="57735" /><G45/><T23/><D23/><U56/><E46/><V44/><F44/><W29/><G11/><T128/><D128/><U43/><E8/><V91/><F96/><W123/><G10/><T110/><D110/><U133/><E21/><V2/><F66/><W57/><G123/><T126/><D126/><U9/><E9/><V106/><F65/><W117/><G117/><T75/><D75/><U125/><E73/><V22/><F106/><W13/><G55/><T105/><D105/><U7/><E125/><V36/><F52/><W76/><G76/><T107/><D107/><U42/><E133/><V69/><F36/><W109/><G109/><T0/><D0/><U81/><E37/><V47/><F2/><W111/><G111/><T62/><D62/><U54/><E54/><V115/><F47/><RYUUKYOKU ba="0,1" sc="240,30,250,-10,250,-10,250,-10" hai0="18,20,26,27,30,34,48,51,60,67,70,85,89" /><INIT seed="0,1,1,4,0,93" ten="270,240,240,240" oya="0" hai0="41,14,44,16,111,90,112,68,48,46,100,115,87" hai1="128,27,99,131,52,21,18,0,124,7,35,69,23" hai2="119,107,29,42,121,6,116,20,103,54,98,80,49" hai3="38,88,77,113,58,59,114,132,130,3,106,55,64"/><T120/><D120/><U1/><E69/><V126/><F121/><W8/><G38/><T40/><D68/><U75/><E75/><V24/><F126/><W65/><G77/><T63/><D63/><U4/><E124/><V39/><F6/><N who="1" m="2089" /><E35/><V81/><F42/><W51/><G106/><T92/><D100/><U37/><E37/><V56/><REACH who="2" step="1"/><F39/><REACH who="2" ten="270,240,230,240" step="2"/><W70/><G113/><T95/><D111/><U31/><E1/><V12/><F12/><W47/><G114/><T102/><D115/><U125/><E0/><V5/><F5/><W73/><G3/><T15/><D112/><U134/><E125/><V117/><AGARI ba="1,2" hai="20,24,29,49,54,56,80,81,98,103,107,116,117,119" machi="117" ten="30,12000,2" yaku="1,1,0,1,12,1,52,1,53,2" doraHai="93" doraHaiUra="76" who="2" fromWho="2" sc="270,-61,240,-31,230,143,240,-31" /><INIT seed="1,0,0,4,4,0" ten="209,209,373,209" oya="1" hai0="63,15,66,129,35,14,69,70,36,37,90,27,108" hai1="3,29,54,49,13,114,24,112,113,31,111,132,39" hai2="118,53,86,64,41,8,12,96,135,17,89,104,55" hai3="34,6,22,40,123,94,48,19,101,21,85,115,57"/><U82/><E3/><V28/><F118/><W58/><G123/><T100/><D70/><U110/><E39/><V126/><F126/><W124/><G34/><T18/><D108/><N who="1" m="41515" /><E132/><V52/><F135/><W127/><G115/><T20/><D129/><U99/><E82/><V16/><F64/><W56/><G6/><T97/><D90/><U23/><E99/><V78/><F28/><W134/><G134/><T117/><D117/><U73/><E73/><V62/><F41/><W102/><G22/><T91/><D91/><U9/><E31/><V92/><F104/><W95/><G124/><T75/><D75/><U84/><E84/><V59/><F17/><W44/><G127/><T7/><D15/><U11/><E13/><V77/><F96/><W30/><G30/><N who="0" m="19935" /><D7/><U50/><E50/><V125/><F125/><W1/><G1/><T47/><D47/><AGARI ba="0,0" hai="9,11,23,24,29,47,49,54,112,113,114" m="41515" machi="47" ten="40,3900,0" yaku="14,1,10,1" doraHai="0" who="1" fromWho="0" sc="209,-39,209,39,373,0,209,0" /><INIT seed="1,1,0,0,3,107" ten="170,248,373,209" oya="1" hai0="132,130,75,21,131,128,134,18,83,50,6,19,33" hai1="109,51,0,124,94,32,119,114,56,31,4,28,76" hai2="39,86,82,37,17,48,92,49,53,135,91,7,46" hai3="125,126,61,115,118,16,102,12,81,72,120,93,108"/><U99/><E114/><V63/><F135/><N who="0" m="51754" /><D50/><U111/><E119/><V85/><F7/><W96/><G120/><T11/><D83/><U3/><E124/><N who="3" m="47722" /><G108/><N who="1" m="41546" /><E76/><V10/><F63/><W95/><G115/><T44/><D44/><U15/><E15/><N who="2" m="7415" /><F48/><W84/><G118/><T105/><D105/><U57/><E4/><V2/><F2/><N who="1" m="553" /><E51/><V123/><F123/><W27/><G61/><T9/><D33/><U103/><E32/><V8/><F8/><N who="0" m="3146" /><D6/><U69/><E69/><V43/><F43/><W70/><G70/><T60/><D60/><U67/><E67/><V58/><F37/><W38/><G38/><T40/><D40/><U41/><E41/><V90/><F39/><W104/><G12/><N who="0" m="9415" /><D19/><U13/><E13/><V110/><F110/><W74/><G16/><T26/><D26/><U71/><E71/><V112/><F112/><W47/><G27/><T68/><D68/><U100/><E100/><V54/><F54/><W24/><G24/><T129/><D129/><U122/><E122/><V87/><F46/><W127/><G47/><T116/><D116/><U30/><AGARI ba="1,0" hai="28,30,31,56,57,94,99,103" m="553,41546" machi="30" ten="40,3900,0" yaku="14,1,10,1" doraHai="107" who="1" fromWho="1" sc="170,-14,248,42,373,-14,209,-14" /><INIT seed="1,2,0,1,2,64" ten="156,290,359,195" oya="1" hai0="66,65,85,45,105,11,113,82,115,133,70,119,12" hai1="106,120,61,56,20,9,75,30,103,7,63,81,13" hai2="123,37,68,43,24,25,96,27,83,38,125,135,53" hai3="2,26,59,48,128,99,109,72,98,73,92,58,131"/><U33/><E120/><V84/><F123/><W10/><G109/><T79/><D119/><U78/><E33/><V42/><F125/><W126/><G126/><T112/><D133/><U1/><E106/><V108/><F108/><W110/><G110/><T93/><D105/><U124/><E124/><V5/><F5/><N who="3" m="1335" /><G26/><T50/><D93/><U6/><E103/><V90/><F135/><W22/><G22/><T89/><D70/><U8/><REACH who="1" step="1"/><E56/><REACH who="1" ten="156,280,359,195" step="2"/><V29/><F68/><W36/><G59/><T111/><D111/><U41/><E41/><V62/><F43/><W67/><G58/><T60/><D60/><U100/><E100/><V57/><F42/><W14/><G128/><T118/><D118/><U54/><E54/><V31/><F37/><W17/><G36/><T39/><D39/><U132/><E132/><V80/><F38/><W107/><G131/><T71/><D71/><U51/><E51/><V104/><F53/><W117/><G48/><T47/><D47/><U46/><E46/><V130/><F57/><W101/><G117/><T15/><D50/><U55/><E55/><V91/><F62/><W134/><G134/><T102/><D45/><U86/><E86/><N who="2" m="50503" /><F130/><W18/><G107/><T69/><D69/><U16/><E16/><V121/><F121/><W77/><G67/><T74/><D102/><U116/><E116/><V87/><F87/><W88/><G18/><N who="0" m="8479" /><D66/><U23/><E23/><V95/><F104/><N who="3" m="63543" /><G17/><T122/><D65/><U3/><E3/><V32/><F32/><W21/><G21/><T76/><D122/><U35/><E35/><V52/><F52/><RYUUKYOKU ba="2,1" sc="156,-15,280,15,359,15,195,-15" hai1="1,6,7,8,9,13,20,30,61,63,75,78,81" hai2="24,25,27,29,31,83,84,91,95,96" /><INIT seed="1,3,1,2,5,22" ten="141,295,374,180" oya="1" hai0="28,18,27,114,5,105,47,25,128,120,52,40,97" hai1="4,92,117,96,42,66,20,32,41,124,50,81,94" hai2="21,116,19,53,69,73,78,10,82,122,60,12,58" hai3="71,87,102,51,55,49,24,1,130,37,86,83,75"/><U127/><E117/><V115/><F122/><W23/><G37/><T8/><D114/><U103/><E32/><V62/><F115/><W106/><G130/><T88/><D128/><U72/><E4/><V46/><F116/><W101/><G1/><T123/><D18/><U39/><E39/><V43/><F69/><W56/><G71/><T34/><D105/><U104/><E66/><V16/><F62/><W30/><G75/><T68/><D68/><U14/><E94/><V108/><F108/><W118/><G118/><T135/><D135/><U9/><E9/><V132/><F132/><W6/><G6/><T35/><D40/><U48/><E104/><V90/><F90/><N who="3" m="51551" /><G106/><T33/><D28/><U113/><E113/><V7/><F21/><W36/><G36/><AGARI ba="3,1" hai="7,10,12,16,19,36,43,46,53,58,60,73,78,82" machi="36" ten="30,2000,0" yaku="7,1,54,1" doraHai="22" who="2" fromWho="3" sc="141,0,295,0,374,39,180,-29" /><INIT seed="2,0,0,4,4,105" ten="141,295,413,151" oya="2" hai0="29,55,81,48,113,14,1,90,26,129,66,125,102" hai1="133,3,85,103,92,33,30,25,120,58,82,95,110" hai2="107,115,37,76,114,98,8,104,12,69,127,53,19" hai3="23,46,78,100,80,130,39,27,62,94,112,70,38"/><V116/><F69/><W52/><G130/><T77/><D1/><U86/><E110/><V22/><F37/><W63/><G112/><T64/><D113/><U93/><E133/><V96/><F76/><W6/><G6/><T119/><D102/><U9/><E120/><V10/><F116/><W122/><G122/><T13/><D125/><U40/><E103/><V31/><F127/><W108/><G108/><T118/><D90/><U109/><E109/><V132/><F53/><W128/><G128/><T61/><D129/><U97/><E97/><V2/><F98/><N who="3" m="59479" /><G70/><T21/><D14/><U57/><E40/><V117/><F12/><W126/><G38/><T45/><D13/><U42/><E42/><V11/><F19/><N who="3" m="12799" /><G39/><T49/><D49/><U36/><E36/><V16/><F16/><W18/><G18/><T68/><REACH who="0" step="1"/><D64/><REACH who="0" ten="131,295,413,151" step="2"/><U101/><E101/><V56/><F2/><W87/><G126/><T17/><D17/><U44/><E3/><V5/><F115/><W41/><G41/><T89/><D89/><U67/><E67/><V124/><F114/><W88/><G88/><T106/><D106/><U131/><E131/><V99/><F104/><W43/><G43/><T84/><AGARI ba="0,1" hai="21,26,29,45,48,55,61,66,68,77,81,84,118,119" machi="84" ten="30,2000,0" yaku="1,1,0,1,53,0" doraHai="105" doraHaiUra="123" who="0" fromWho="0" sc="131,30,295,-5,413,-10,151,-5" /><INIT seed="3,0,0,1,0,56" ten="161,290,403,146" oya="3" hai0="51,115,76,52,80,37,34,18,123,23,78,54,5" hai1="129,44,58,99,36,95,10,73,98,124,40,83,89" hai2="53,103,126,31,134,118,27,102,46,9,63,135,82" hai3="110,111,59,131,97,12,127,62,43,96,4,32,50"/><W132/><G32/><T14/><D37/><U60/><E124/><V77/><F118/><W16/><G4/><T45/><D123/><U92/><E129/><V85/><F126/><W67/><G127/><T26/><D115/><U38/><E38/><V69/><F9/><N who="3" m="6159" /><G132/><T24/><D34/><U88/><E10/><V42/><F134/><W57/><G131/><T72/><D5/><U91/><E73/><V19/><F31/><W29/><G29/><T15/><D15/><U8/><E8/><V30/><F19/><W119/><G119/><T66/><D66/><U114/><E114/><V2/><F69/><W105/><G105/><T84/><D54/><U68/><E68/><V128/><F30/><W25/><G25/><N who="0" m="9835" /><D72/><U6/><E6/><V101/><F27/><W109/><G57/><T13/><D13/><U64/><E83/><V94/><F2/><W125/><G125/><T17/><D17/><U48/><REACH who="1" step="1"/><E36/><REACH who="1" ten="161,280,403,146" step="2"/><V20/><F135/><W74/><G74/><T104/><D104/><U1/><E1/><V117/><F128/><W116/><G116/><T65/><D65/><U61/><E61/><V106/><F117/><W11/><G11/><T112/><D112/><U120/><E120/><V122/><F106/><W41/><G50/><T79/><AGARI ba="0,1" hai="14,18,23,45,51,52,76,78,79,80,84" m="9835" machi="79" ten="30,2000,0" yaku="8,1,54,1" doraHai="56" who="0" fromWho="0" sc="161,30,280,-5,403,-5,146,-10" owari="191,-20.9,275,7.5,398,49.8,136,-36.4" /></mjloggm>