<mjloggm ver="2.3"><GO type="225" lobby="0"/><UN n0="%65%2D%73%65%70%65%6E%3B" n1="%72%69%6F%75%63%68%61%6E" n2="%48%61%61%61%6C%61%6E%64" n3="%E3%83%97%E3%83%AC%E3%83%B4%E3%82%A1%E3%83%86%E3%82%A3" dan="16,16,18,16" rate="2153.98,2136.66,2219.18,2076.22" sx="M,M,M,F"/><TAIKYOKU oya="0"/><INIT seed="0,0,0,2,0,0" ten="250,250,250,250" oya="0" hai0="80,67,57,24,120,111,37,99,40,79,121,35,64" hai1="41,114,72,129,128,3,22,124,44,32,50,84,103" hai2="36,66,5,106,73,104,23,19,12,60,116,83,105" hai3="15,61,6,76,117,127,101,78,56,126,20,135,8"/><T81/><D40/><U7/><E124/><N who="3" m="47658" /><G117/><T82/><D37/><U130/><E72/><V69/><F36/><W62/><G135/><T92/><D79/><N who="3" m="30249" /><G101/><T63/><D111/><U90/><E32/><V43/><F43/><W125/><N who="3" m="47666" /><W65/><DORA hai="49" /><G62/><T55/><D35/><U53/><E114/><V86/><F116/><W27/><G20/><T74/><D74/><U48/><E103/><V133/><F133/><W75/><G27/><T100/><REACH who="0" step="1"/><D24/><REACH who="0" ten="240,250,250,250" step="2"/><U107/><E41/><V122/><F73/><AGARI ba="0,1" hai="6,8,15,56,61,65,73,75" m="30249,47666" machi="73" ten="40,2600,0" yaku="18,1,52,1" doraHai="0,49" who="3" fromWho="2" sc="240,0,250,0,250,-26,250,36" /><INIT seed="1,0,0,5,5,80" ten="240,250,224,286" oya="1" hai0="59,93,108,70,82,60,40,63,14,50,121,95,90" hai1="20,73,97,47,13,16,131,117,134,37,100,91,35" hai2="96,53,56,113,110,11,41,106,75,23,115,102,19" hai3="57,8,17,99,3,78,33,55,65,94,120,101,64"/><U69/><E117/><V105/><F110/><W10/><G120/><T132/><D108/><U45/><E35/><V42/><F75/><W22/><G33/><T81/><D132/><U112/><E112/><N who="2" m="43083" /><F11/><N who="3" m="4139" /><G78/><T34/><D34/><U123/><E123/><V18/><F106/><W25/><G3/><T76/><D14/><U89/><E134/><V133/><F133/><W26/><G26/><T114/><D114/><U83/><E69/><V68/><F68/><W36/><G36/><T71/><D40/><N who="2" m="15466" /><F23/><W43/><G43/><T127/><D121/><U87/><E131/><V61/><AGARI ba="0,0" hai="18,19,53,56,61,96,102,105" m="15466,43083" machi="61" ten="30,1100,0" yaku="11,1" doraHai="80" who="2" fromWho="2" sc="240,-3,250,-5,224,11,286,-3" /><INIT seed="2,0,0,4,0,97" ten="237,245,235,283" oya="2" hai0="95,55,18,38,124,105,6,135,110,53,113,2,40" hai1="81,31,102,84,44,41,90,50,19,118,8,63,72" hai2="21,78,65,23,49,52,61,60,82,0,36,12,73" hai3="58,127,119,70,76,91,134,33,103,48,117,26,94"/><V96/><F0/><W28/><G70/><T64/><D105/><U128/><E128/><V100/><F36/><W130/><G130/><T27/><D113/><U22/><E118/><V13/><F13/><W120/><G120/><T107/><D107/><U56/><E72/><V62/><F65/><W93/><G134/><T17/><D40/><U133/><E133/><V39/><F39/><W7/><G127/><T98/><D38/><U123/><E123/><V68/><F68/><W24/><G7/><T126/><D64/><U92/><E31/><V114/><F12/><W80/><G26/><T129/><D129/><U87/><E8/><V111/><F114/><W74/><G58/><T77/><D77/><U101/><E19/><V115/><F115/><W131/><G48/><T42/><D42/><U1/><E22/><V45/><REACH who="2" step="1"/><F111/><REACH who="2" ten="237,245,225,283" step="2"/><W20/><G131/><T86/><D110/><U16/><E1/><V106/><AGARI ba="0,1" hai="21,23,45,49,52,60,61,62,73,78,82,96,100,106" machi="106" ten="30,18000,2" yaku="1,1,2,1,0,1,52,1,54,1,53,1" doraHai="97" doraHaiUra="51" who="2" fromWho="2" sc="237,-60,245,-60,225,190,283,-60" /><INIT seed="2,1,0,0,0,21" ten="177,185,415,223" oya="2" hai0="24,72,25,71,26,36,113,63,53,108,60,1,44" hai1="95,134,80,42,77,16,0,117,128,15,14,19,38" hai2="116,70,45,114,109,22,73,98,120,10,34,64,123" hai3="90,29,30,129,119,99,65,106,96,127,37,85,107"/><V66/><F34/><W41/><G119/><T39/><D113/><U5/><E117/><V135/><F116/><W118/><G118/><T27/><D1/><U84/><E128/><V103/><F73/><W3/><G3/><T67/><D72/><U78/><E134/><V121/><F114/><W2/><G2/><T74/><D74/><U50/><E38/><V6/><F135/><W28/><G129/><T4/><D4/><U100/><E77/><V91/><F109/><W18/><G127/><T115/><D115/><U101/><E0/><V61/><F64/><W105/><G65/><T43/><N who="0" m="6144" /><DORA hai="87" /><T46/><D108/><U7/><E7/><V56/><F22/><W92/><G18/><N who="1" m="6698" /><E95/><V13/><F6/><W124/><G124/><T88/><D88/><N who="1" m="51207" /><E5/><V81/><F121/><W55/><G41/><T125/><D125/><U12/><E78/><V111/><F120/><W112/><G37/><T23/><D23/><U49/><E42/><V33/><F123/><W51/><REACH who="3" step="1"/><G112/><REACH who="3" ten="177,185,415,213" step="2"/><T48/><REACH who="0" step="1"/><D46/><AGARI ba="1,1" hai="28,29,30,46,51,55,85,90,92,96,99,105,106,107" machi="46" ten="50,6400,0" yaku="1,1,2,1,52,1,53,0" doraHai="21,87" doraHaiUra="133,131" who="3" fromWho="0" sc="177,-67,185,0,415,0,213,77" /><INIT seed="3,0,0,1,0,20" ten="110,185,415,290" oya="3" hai0="93,32,129,73,51,0,25,11,84,40,50,9,135" hai1="114,81,112,7,66,45,70,58,34,98,109,5,31" hai2="116,101,57,29,27,130,119,61,19,79,100,64,78" hai3="28,24,43,91,131,104,107,52,41,18,67,122,88"/><W17/><G131/><T48/><D73/><U15/><E70/><V60/><F130/><W95/><G122/><T124/><D129/><U23/><E109/><V134/><F134/><W8/><G67/><T38/><D135/><U2/><E45/><V46/><F19/><N who="3" m="7179" /><G8/><T87/><D124/><U30/><E2/><V97/><F116/><W77/><G77/><T39/><D93/><U72/><E34/><V22/><F119/><W127/><G127/><T62/><D11/><U75/><E98/><V111/><F111/><W90/><G104/><T89/><D62/><U86/><E23/><V117/><F117/><W118/><G107/><T36/><D40/><N who="3" m="15433" /><G118/><T21/><D32/><U99/><E75/><V92/><F78/><W80/><G80/><T110/><D110/><U68/><E72/><V26/><F79/><W59/><G95/><T71/><D71/><U1/><E68/><V123/><F123/><W133/><G133/><T14/><D0/><U63/><E1/><V4/><F92/><W12/><G12/><T85/><D89/><N who="1" m="51407" /><E15/><V6/><F64/><W47/><G47/><T103/><D103/><U56/><E114/><V128/><F46/><W120/><G120/><T69/><D69/><U76/><E112/><V16/><F128/><W54/><G59/><N who="1" m="22570" /><E76/><V96/><F57/><W53/><G28/><N who="1" m="10794" /><E66/><V113/><F113/><W94/><G94/><T102/><D102/><U37/><E63/><N who="2" m="24139" /><F101/><W121/><G121/><T132/><D132/><U126/><E126/><V83/><F83/><W49/><G49/><T55/><D38/><U44/><E99/><N who="2" m="37963" /><F100/><W82/><G82/><RYUUKYOKU ba="0,0" sc="110,-30,185,10,415,10,290,10" hai1="5,7,37,44" hai2="4,6,16,22,26,27,29" hai3="24,52,53,54,88,90,91" /><INIT seed="3,1,0,3,1,65" ten="80,195,425,300" oya="3" hai0="116,37,121,100,78,134,4,131,60,21,128,117,33" hai1="44,24,34,36,9,54,19,115,83,3,95,6,50" hai2="97,28,39,27,58,77,107,35,85,88,82,112,11" hai3="55,57,86,49,87,15,71,120,84,14,93,101,52"/><W113/><G113/><T2/><D33/><U102/><E115/><V132/><F112/><W20/><G120/><T110/><D121/><U30/><E36/><V103/><F39/><W104/><G104/><T5/><D37/><U56/><E83/><V63/><F132/><W127/><G127/><T46/><D78/><U45/><E19/><V133/><F133/><W62/><G71/><T94/><D134/><U51/><E51/><V123/><F123/><W10/><G20/><T90/><D100/><U32/><E32/><V74/><F11/><W26/><G26/><T18/><D110/><U25/><E25/><V13/><F13/><W66/><G15/><T79/><D79/><U29/><E29/><V99/><F99/><W96/><REACH who="3" step="1"/><G49/><REACH who="3" ten="80,195,425,290" step="2"/><T8/><D60/><U61/><E50/><V126/><F126/><W89/><G89/><T7/><D116/><U108/><E108/><V118/><F118/><W0/><G0/><T70/><D117/><U130/><E61/><V12/><F12/><W98/><G98/><T16/><D70/><U106/><E106/><V72/><F88/><W105/><G105/><T68/><D68/><U129/><E3/><V119/><F119/><W40/><G40/><T59/><D2/><U122/><E24/><V124/><F124/><W42/><G42/><T64/><D21/><U47/><E122/><V38/><F38/><W111/><G111/><T43/><D8/><U17/><E9/><V22/><F22/><W109/><G109/><T114/><D114/><U135/><E135/><V67/><AGARI ba="1,1" hai="27,28,35,58,63,67,72,74,77,82,85,97,103,107" machi="67" ten="20,1500,0" yaku="0,1,7,1" doraHai="65" who="2" fromWho="2" sc="80,-5,195,-5,425,28,290,-8" owari="75,-42.5,190,-21.0,453,55.3,282,8.2" /></mjloggm>