<mjloggm ver="2.3"><GO type="225" lobby="0"/><UN n0="%43%68%65" n1="%E3%81%A1%E3%82%85%E3%81%86%E3%81%A9%E3%81%8F%E8%B1%A1%E3%81%95%E3%82%93" n2="%E3%81%B2%E3%81%AA%E3%81%AE%E3%82%8A%E3%81%8F" n3="%E5%B5%90%E9%9B%B2%E3%81%AE%E3%82%AB%E3%83%A9%E3%82%B9" dan="16,16,17,16" rate="2166.39,2088.36,2167.91,2069.30" sx="M,M,M,F"/><TAIKYOKU oya="0"/><INIT seed="0,0,0,0,1,134" ten="250,250,250,250" oya="0" hai0="128,43,47,57,100,76,69,6,90,45,7,75,20" hai1="49,73,84,96,1,28,99,32,51,38,17,48,60" hai2="12,13,93,8,108,44,56,19,3,107,121,123,42" hai3="66,89,92,46,71,52,39,24,36,124,129,30,25"/><T35/><D35/><U77/><E38/><V15/><F107/><W64/><G129/><T125/><D69/><U111/><E111/><V63/><F108/><W41/><G36/><T105/><D90/><U117/><E117/><V127/><F127/><W102/><G124/><T83/><D128/><U103/><E1/><V62/><F62/><W9/><G102/><T58/><D125/><U54/><E73/><V14/><F93/><W33/><G9/><T98/><D47/><U113/><E113/><V72/><F72/><W18/><G71/><T86/><D20/><U29/><E17/><V106/><F106/><W114/><G114/><T87/><D87/><U132/><E132/><V130/><F3/><W37/><G37/><T40/><D40/><U91/><E77/><V0/><F0/><W67/><G18/><T115/><D115/><U26/><E28/><V50/><REACH who="2" step="1"/><F130/><REACH who="2" ten="250,250,240,250" step="2"/><W112/><G112/><T5/><REACH who="0" step="1"/><D75/><REACH who="0" ten="240,250,240,250" step="2"/><U10/><E103/><V131/><F131/><W78/><G92/><T61/><D61/><U88/><E60/><V16/><F16/><W133/><G133/><T22/><D22/><U65/><E32/><V27/><F27/><W95/><G25/><T119/><D119/><U4/><E26/><V135/><F135/><W34/><G33/><T31/><D31/><U53/><E29/><V94/><F94/><W23/><G34/><T11/><D11/><U68/><E10/><V21/><F21/><W2/><G23/><T126/><D126/><U120/><E68/><V116/><F116/><W110/><G24/><T82/><D82/><U118/><E118/><RYUUKYOKU ba="0,2" sc="240,15,250,-15,240,15,250,-15" hai0="5,6,7,43,45,57,58,76,83,86,98,100,105" hai2="8,12,13,14,15,19,42,44,50,56,63,121,123" /><INIT seed="0,1,2,2,3,131" ten="255,235,255,235" oya="0" hai0="6,19,12,28,73,23,112,98,33,21,111,106,95" hai1="1,17,32,65,52,128,80,60,89,37,7,104,100" hai2="127,25,29,58,31,36,97,107,78,4,3,49,76" hai3="81,53,20,83,46,122,91,10,133,130,72,117,120"/><T16/><D112/><U64/><E37/><V56/><F36/><W99/><G117/><T70/><D106/><U5/><E32/><V55/><F31/><W15/><G130/><T121/><D121/><N who="3" m="46697" /><G20/><T108/><D70/><U113/><E128/><V87/><F127/><W47/><G133/><T11/><D73/><U103/><E113/><V110/><F110/><N who="0" m="42026" /><D95/><U34/><E34/><V124/><F124/><W54/><G72/><T96/><D28/><U35/><E35/><V59/><F4/><N who="1" m="1609" /><E1/><V67/><F67/><N who="1" m="25673" /><E17/><N who="0" m="6729" /><D33/><U119/><E104/><V45/><F3/><W39/><G39/><T115/><D115/><U62/><E119/><V2/><F2/><W14/><G14/><T94/><D98/><U123/><E123/><V22/><F97/><W102/><G15/><T18/><N who="0" m="6737" /><T84/><DORA hai="30" /><D84/><N who="1" m="50311" /><E62/><V82/><REACH who="2" step="1"/><F107/><REACH who="2" ten="255,235,245,235" step="2"/><W26/><G99/><T43/><D43/><U61/><E61/><V9/><F9/><W86/><G10/><T90/><AGARI ba="1,3" hai="6,11,12,21,23,90,94,96" m="6737,42026" machi="90" ten="40,7800,0" yaku="14,1,10,1,54,1" doraHai="131,30" who="0" fromWho="0" sc="255,111,235,-27,245,-27,235,-27" /><INIT seed="0,2,0,0,4,74" ten="366,208,218,208" oya="0" hai0="10,7,95,120,24,108,109,38,88,78,40,111,121" hai1="83,72,55,103,1,70,96,73,75,134,29,35,114" hai2="45,17,12,57,53,77,37,0,67,63,61,23,11" hai3="124,127,84,115,60,101,62,3,123,68,69,79,30"/><T98/><D78/><U86/><E70/><V4/><F77/><W19/><G115/><T110/><N who="0" m="27648" /><DORA hai="133" /><T76/><D24/><U25/><E1/><V64/><REACH who="2" step="1"/><F63/><REACH who="2" ten="366,208,208,208" step="2"/><W112/><G112/><T100/><D76/><U130/><E114/><V41/><AGARI ba="2,1" hai="0,4,11,12,17,23,37,41,45,53,57,61,64,67" machi="41" ten="30,7900,0" yaku="1,1,2,1,0,1,53,1" doraHai="74,133" doraHaiUra="46,54" who="2" fromWho="2" sc="366,-41,208,-22,208,95,208,-22" /><INIT seed="1,0,0,1,1,76" ten="325,186,303,186" oya="1" hai0="68,110,38,79,30,36,111,43,10,64,121,21,24" hai1="93,97,74,127,39,45,50,85,82,81,89,26,34" hai2="63,49,31,14,27,47,109,80,12,55,54,65,98" hai3="2,90,73,53,11,123,107,71,41,120,29,103,128"/><U8/><E127/><V60/><F109/><N who="0" m="41482" /><D121/><U35/><E39/><V116/><F116/><W118/><G118/><T77/><D10/><U56/><E56/><V46/><F98/><W5/><G71/><T83/><D79/><U1/><E74/><V122/><F122/><W51/><G73/><N who="0" m="43439" /><D43/><U95/><E26/><V135/><F135/><W33/><G41/><T112/><D112/><U99/><E1/><V61/><F65/><W108/><G108/><T6/><D6/><U91/><E8/><V59/><F80/><W124/><G124/><T7/><D7/><U20/><E20/><N who="2" m="15847" /><F46/><W86/><G123/><T37/><D37/><U67/><E67/><V101/><F101/><W18/><G120/><T69/><D69/><U115/><E115/><V28/><F28/><W125/><G103/><T52/><D52/><U96/><E34/><V114/><F114/><W22/><G125/><T104/><D104/><U16/><E35/><V131/><F131/><W106/><G128/><T3/><D3/><U40/><E16/><V4/><F4/><W129/><G129/><T66/><D66/><U70/><E70/><V72/><F72/><W84/><G33/><T19/><D19/><U130/><E130/><V132/><F132/><W15/><G29/><T44/><D44/><U17/><E17/><V119/><F119/><W117/><G117/><T48/><D48/><AGARI ba="0,0" hai="12,14,47,48,49,54,55,59,60,61,63" m="15847" machi="48" ten="30,1000,0" yaku="8,1" doraHai="76" who="2" fromWho="0" sc="325,-10,186,0,303,10,186,0" /><INIT seed="2,0,0,3,0,28" ten="315,186,313,186" oya="2" hai0="115,85,18,110,0,30,93,15,127,1,36,133,56" hai1="97,121,80,114,4,55,3,122,134,51,35,123,132" hai2="32,107,101,72,60,13,88,105,44,58,57,53,26" hai3="89,25,31,86,17,108,8,119,29,69,128,120,135"/><V37/><F72/><W48/><G119/><T118/><D115/><U106/><E114/><V22/><F101/><W5/><G120/><T112/><D112/><U12/><E3/><V116/><F116/><W82/><G108/><T38/><D30/><U41/><E41/><V9/><F32/><W49/><G69/><T68/><D68/><U40/><E40/><V70/><F70/><W6/><G128/><T14/><D93/><U27/><E80/><V109/><F37/><W131/><G131/><T75/><D85/><U129/><E129/><V126/><F44/><W50/><G135/><N who="1" m="51754" /><E27/><V20/><F126/><W66/><G66/><T42/><D42/><U104/><E35/><V10/><F109/><W102/><G102/><T130/><D0/><U46/><E97/><V125/><F125/><W59/><G59/><T87/><D56/><U62/><E62/><V100/><F100/><W94/><G82/><T43/><D43/><U16/><E4/><N who="3" m="1642" /><G25/><T90/><D133/><U91/><E91/><V76/><F26/><W73/><G73/><T79/><D90/><U67/><E67/><V63/><F88/><W24/><G24/><T95/><D75/><U2/><E2/><V113/><F113/><W64/><G64/><T111/><D1/><U34/><E34/><V83/><F83/><W92/><G94/><T84/><D95/><U74/><E74/><V103/><F103/><W117/><G117/><T23/><D118/><U98/><E98/><V39/><F39/><W65/><G65/><T81/><D111/><U77/><E77/><V54/><F76/><W45/><G45/><RYUUKYOKU ba="0,0" sc="315,-30,186,10,313,10,186,10" hai1="12,16,46,51,55,104,106,121,122,123" hai2="9,10,13,20,22,53,54,57,58,60,63,105,107" hai3="8,17,29,31,48,49,50,86,89,92" /><INIT seed="2,1,0,2,1,101" ten="285,196,323,196" oya="2" hai0="120,93,68,54,98,119,86,53,23,89,11,36,28" hai1="35,131,76,2,9,130,30,80,59,92,21,42,62" hai2="45,67,103,41,13,78,33,38,124,15,4,20,125" hai3="95,126,17,85,47,43,50,39,77,102,129,106,1"/><V73/><F33/><W111/><G111/><T24/><D120/><U0/><E35/><V3/><F67/><W115/><G1/><T105/><D119/><U108/><E42/><V128/><F128/><N who="1" m="49193" /><E92/><V26/><F103/><W16/><G129/><T82/><D105/><U135/><E135/><V109/><F109/><W52/><G126/><N who="2" m="48745" /><F78/><W133/><G133/><T99/><D36/><U22/><E108/><V49/><F73/><W104/><G115/><T27/><D68/><U8/><E8/><N who="2" m="2079" /><F38/><W88/><G77/><T96/><D11/><U5/><E0/><V31/><AGARI ba="1,0" hai="13,15,20,26,31,41,45,49" m="2079,48745" machi="31" ten="30,1500,0" yaku="18,1" doraHai="101" who="2" fromWho="2" sc="285,-6,196,-6,323,18,196,-6" /><INIT seed="2,2,0,1,3,13" ten="279,190,341,190" oya="2" hai0="59,126,83,63,75,68,1,94,72,17,14,65,122" hai1="51,44,135,11,97,2,37,117,76,104,86,45,48" hai2="71,39,46,93,88,128,6,15,58,31,124,118,77" hai3="60,53,132,47,125,24,41,10,5,111,131,91,9"/><V114/><F118/><W108/><G125/><T43/><D122/><U106/><E117/><V85/><F71/><W101/><G131/><T102/><D1/><U112/><E112/><V49/><F114/><W99/><G132/><T127/><D43/><U90/><E37/><V8/><F39/><W67/><G91/><T55/><D102/><U120/><E76/><V33/><F124/><N who="0" m="47658" /><D94/><U92/><E135/><V107/><F107/><W121/><G53/><T62/><D83/><U116/><E116/><V32/><F128/><W80/><G80/><T134/><D134/><U29/><E29/><V23/><F77/><W123/><G24/><T113/><D113/><U16/><E120/><V81/><F58/><W34/><G34/><T27/><D27/><U64/><E64/><V19/><F31/><W110/><G101/><T42/><D42/><U56/><E56/><V21/><F81/><W70/><G99/><T109/><D109/><U130/><E97/><V22/><REACH who="2" step="1"/><F6/><REACH who="2" ten="279,190,331,190" step="2"/><W78/><G78/><T4/><D4/><U105/><E130/><V12/><F12/><W7/><G5/><T96/><D96/><U89/><E105/><V66/><F66/><W98/><G98/><T74/><D74/><U119/><E104/><V35/><F35/><W25/><G25/><T133/><D133/><U0/><E106/><V73/><F73/><W87/><G87/><T20/><AGARI ba="2,1" hai="14,17,20,55,59,62,63,65,68,72,75" m="47658" machi="20" ten="30,2000,0" yaku="18,1,52,1" doraHai="13" who="0" fromWho="0" sc="279,36,190,-7,331,-12,190,-7" /><INIT seed="3,0,0,2,2,28" ten="315,183,319,183" oya="3" hai0="101,105,113,63,90,108,104,112,92,70,40,102,46" hai1="23,58,116,30,32,81,34,106,67,85,59,54,78" hai2="125,26,48,72,19,35,131,73,68,10,110,74,103" hai3="37,61,118,88,56,129,109,107,133,115,130,2,100"/><W123/><RYUUKYOKU type="yao9" ba="0,0" sc="315,0,183,0,319,0,183,0" hai3="2,37,56,61,88,100,107,109,115,118,123,129,130,133" /><INIT seed="3,1,0,5,0,29" ten="315,183,319,183" oya="3" hai0="52,119,130,57,110,49,83,63,112,92,80,21,45" hai1="77,67,86,35,56,6,50,23,34,40,132,133,17" hai2="93,32,127,102,85,44,114,122,25,125,134,95,10" hai3="13,72,105,30,18,15,65,11,4,69,79,128,97"/><W118/><G118/><T1/><D119/><U123/><E123/><V78/><F114/><W31/><G128/><T90/><D130/><U96/><E6/><V19/><F122/><W116/><G116/><T62/><D112/><U22/><E96/><V84/><F134/><N who="1" m="51817" /><E40/><V28/><F44/><W64/><G72/><T3/><D110/><U129/><E129/><V74/><F74/><W126/><G126/><N who="2" m="48137" /><F78/><W60/><G79/><T26/><D3/><U42/><E42/><V131/><F131/><W81/><G81/><N who="0" m="31307" /><D1/><U41/><E77/><V68/><F68/><W51/><G64/><T39/><D39/><U2/><E86/><N who="2" m="33387" /><F102/><W27/><G51/><T70/><D70/><U7/><E50/><V46/><F46/><W135/><G135/><T98/><D45/><U0/><E41/><V103/><F103/><W37/><G37/><T124/><D124/><U54/><E67/><V82/><F82/><W33/><G105/><T75/><D75/><U66/><E66/><V12/><AGARI ba="1,0" hai="10,12,19,25,28,32,93,95" m="33387,48137" machi="12" ten="30,2000,0" yaku="18,1,52,1" doraHai="29" who="2" fromWho="2" sc="315,-6,183,-6,319,23,183,-11" owari="309,10.9,177,-22.3,342,44.2,172,-32.8" /></mjloggm>