<mjloggm ver="2.3"><GO type="225" lobby="0"/><UN n0="%E3%83%8F%E3%83%B3%E3%83%89%E3%83%A9%E3%83%BC%E3%83%BB%E3%83%AF%E3%83%B3" n1="%72%69%6F%75%63%68%61%6E" n2="%E3%81%B5%E3%81%98%E3%81%8B%E3%81%A4" n3="%4E%6F%2E%30%30%30%31" dan="16,16,16,18" rate="2162.15,2152.39,2173.72,2230.91" sx="M,M,M,M"/><TAIKYOKU oya="0"/><INIT seed="0,0,0,2,5,74" ten="250,250,250,250" oya="0" hai0="29,115,63,80,134,133,135,60,71,55,38,131,122" hai1="11,127,5,1,56,62,103,6,22,92,100,124,67" hai2="99,26,23,21,76,64,43,8,98,49,84,88,96" hai3="78,4,33,61,50,104,47,66,7,20,129,36,123"/><T48/><D122/><U128/><E128/><V72/><F64/><W113/><G113/><T44/><D115/><U107/><E5/><V65/><F65/><W110/><G33/><T59/><D131/><U27/><E107/><V0/><F23/><W121/><G36/><T101/><D101/><U109/><E109/><V14/><F0/><W51/><G129/><T106/><D106/><U53/><E53/><V9/><F72/><W10/><G104/><T32/><D71/><U82/><E82/><N who="2" m="47175" /><F43/><W46/><G110/><T42/><REACH who="0" step="1"/><D80/><REACH who="0" ten="240,250,250,250" step="2"/><U119/><E119/><V19/><F49/><W132/><G50/><T31/><D31/><N who="1" m="17911" /><E103/><V89/><F8/><W18/><G10/><T28/><D28/><AGARI ba="0,1" hai="9,14,19,21,26,28,88,89,96,98,99" m="47175" machi="28" ten="30,3900,0" yaku="8,1,52,1,54,1" doraHai="74" who="2" fromWho="0" sc="240,-39,250,0,250,49,250,0" /><INIT seed="1,0,0,0,0,104" ten="201,250,299,250" oya="1" hai0="98,33,15,43,58,53,72,111,38,101,84,14,90" hai1="0,57,87,114,56,86,83,116,124,11,73,110,10" hai2="100,80,13,63,77,115,71,133,39,103,46,9,40" hai3="112,27,21,16,91,20,50,66,30,108,12,3,29"/><U120/><E114/><V79/><F133/><W88/><G112/><T44/><D33/><U132/><E124/><V8/><F8/><W129/><G3/><T117/><D117/><U102/><E132/><V105/><F115/><W35/><G108/><T122/><D111/><U78/><E110/><V123/><F123/><W49/><G129/><T75/><D122/><U45/><E120/><V70/><F79/><W42/><G35/><T4/><D4/><U76/><E116/><V81/><F81/><W74/><G74/><T67/><D67/><U26/><E102/><V65/><F70/><W47/><G30/><T85/><D14/><U107/><E107/><V1/><F105/><W17/><G66/><T135/><D15/><U113/><E113/><V93/><F93/><W97/><G29/><T82/><D85/><U28/><E45/><V55/><F55/><W109/><G109/><T126/><D126/><U52/><E56/><V62/><F62/><W121/><G121/><T7/><D7/><U127/><E127/><V6/><REACH who="2" step="1"/><F13/><REACH who="2" ten="201,250,289,250" step="2"/><W2/><G2/><T22/><D135/><U64/><E64/><V125/><F125/><W36/><G97/><T106/><REACH who="0" step="1"/><D22/><REACH who="0" ten="191,250,289,250" step="2"/><N who="1" m="15447" /><E0/><V94/><F94/><W99/><G99/><T131/><D131/><U69/><E69/><V51/><F51/><AGARI ba="0,2" hai="38,43,44,51,53,58,72,75,82,84,90,98,101,106" machi="51" ten="30,8000,1" yaku="1,1,7,1,52,2,53,1" doraHai="104" doraHaiUra="41" who="0" fromWho="2" sc="191,100,250,0,289,-80,250,0" /><INIT seed="2,0,0,3,0,43" ten="291,250,209,250" oya="2" hai0="97,58,79,65,98,86,81,11,83,94,35,96,131" hai1="72,42,53,38,1,132,113,91,17,80,119,34,19" hai2="82,69,41,28,32,76,71,117,87,74,118,90,51" hai3="135,47,93,101,10,48,111,49,114,4,78,26,63"/><V27/><F117/><W30/><G111/><T129/><D35/><U29/><E119/><V120/><F118/><W59/><G135/><T70/><D70/><U133/><E113/><V21/><F120/><W5/><G78/><N who="0" m="46391" /><D11/><U88/><E1/><V2/><F2/><W44/><G114/><T14/><D14/><U99/><E53/><V104/><F104/><W3/><G4/><T6/><D58/><U95/><E42/><V37/><F37/><W18/><G18/><T50/><D50/><U25/><E38/><V122/><F32/><W39/><G39/><T13/><D13/><U105/><E105/><V33/><F33/><W85/><G49/><T115/><D65/><U12/><E17/><V103/><F103/><W125/><G48/><T84/><D6/><U23/><REACH who="1" step="1"/><E91/><REACH who="1" ten="291,240,209,250" step="2"/><V121/><F122/><W54/><G125/><T107/><D107/><U109/><E109/><V22/><F121/><W127/><G127/><T20/><D115/><U92/><E92/><V0/><F0/><W130/><G3/><T16/><D94/><U64/><E64/><V61/><F61/><W40/><G63/><T57/><D16/><U31/><E31/><N who="2" m="17903" /><F41/><W126/><G40/><T36/><D36/><U106/><E106/><V24/><F51/><W73/><G126/><T75/><D131/><U62/><E62/><V77/><F77/><AGARI ba="0,1" hai="12,19,23,25,29,34,72,77,80,88,95,99,132,133" machi="77" ten="40,2600,0" yaku="1,1,54,1,53,0" doraHai="43" doraHaiUra="124" who="1" fromWho="2" sc="291,0,240,36,209,-26,250,0" /><INIT seed="3,0,0,4,4,109" ten="291,276,183,250" oya="3" hai0="55,9,113,123,134,74,104,2,58,12,124,0,65" hai1="43,115,99,1,64,40,102,62,94,121,41,50,45" hai2="57,86,135,133,3,61,84,119,34,88,60,17,31" hai3="67,114,19,87,36,24,59,18,105,68,122,71,77"/><W23/><G122/><T22/><D123/><U63/><E115/><V6/><F3/><W106/><G36/><T42/><D104/><U116/><E121/><V46/><F119/><W117/><G117/><T73/><D113/><U21/><E1/><V127/><F6/><W28/><G114/><T81/><D124/><U83/><E116/><V82/><F127/><W32/><G105/><T100/><D100/><U89/><E21/><V56/><F46/><W129/><G106/><T101/><D101/><U132/><E132/><N who="2" m="50763" /><F17/><W44/><G129/><T25/><D42/><U110/><E110/><V13/><F13/><W128/><G128/><T96/><D96/><U14/><E14/><V91/><F31/><W48/><G68/><T120/><D120/><U131/><E131/><V93/><F34/><W11/><G71/><T30/><D65/><U78/><E102/><V20/><F20/><W97/><G97/><T95/><D0/><U130/><E130/><V76/><F76/><W80/><G11/><T70/><D70/><U107/><E107/><V49/><F49/><W75/><G32/><T69/><D69/><U54/><REACH who="1" step="1"/><E64/><REACH who="1" ten="291,266,183,250" step="2"/><V27/><F27/><W38/><G67/><T79/><D2/><U98/><E98/><V15/><F15/><W4/><G23/><T5/><D134/><U16/><E16/><V85/><F85/><AGARI ba="0,1" hai="40,41,43,45,50,54,62,63,78,83,85,89,94,99" machi="85" ten="40,2600,0" yaku="1,1,8,1,53,0" doraHai="109" doraHaiUra="52" who="1" fromWho="2" sc="291,0,266,36,183,-26,250,0" owari="291,9.1,302,40.2,157,-34.3,250,-15.0" /></mjloggm>