<mjloggm ver="2.3"><GO type="225" lobby="0"/><UN n0="%6D%75%75%73%61%6E%6D%75" n1="%E9%BB%99%E8%81%B4%E3%81%AE%E3%81%99%E3%82%9D%E3%82%81" n2="%E6%A1%9C%E8%8A%B1%E9%96%83%E3%80%85" n3="%E3%83%B4%E3%83%A0%EF%BC%99%E3%81%A6" dan="17,16,17,16" rate="2165.79,2115.03,2194.38,2134.92" sx="F,M,M,M"/><TAIKYOKU oya="0"/><INIT seed="0,0,0,2,5,129" ten="250,250,250,250" oya="0" hai0="119,86,38,34,91,75,47,108,107,85,31,106,66" hai1="87,44,120,95,124,39,71,97,33,102,30,68,126" hai2="2,57,103,26,40,70,109,101,45,113,74,72,111" hai3="54,29,117,23,55,64,123,27,69,59,18,114,3"/><T84/><D119/><U133/><E120/><V128/><F70/><W50/><G117/><T22/><D75/><N who="2" m="28714" /><F2/><W130/><G123/><T135/><D34/><U14/><E33/><V5/><F5/><W76/><G114/><T63/><D108/><N who="2" m="41546" /><F113/><W65/><G69/><T25/><D135/><U92/><E30/><V48/><F128/><W112/><G112/><T21/><D21/><U43/><E14/><V41/><F41/><W36/><G36/><T80/><D38/><U110/><E110/><V67/><F26/><W131/><G3/><T20/><D47/><U52/><E133/><V82/><F82/><W88/><G76/><T28/><D106/><U62/><E71/><V89/><F89/><W7/><G7/><T16/><D107/><U116/><E116/><V125/><F125/><N who="1" m="48233" /><E87/><N who="0" m="33353" /><D22/><U6/><E6/><V104/><F104/><W24/><G130/><T58/><AGARI ba="0,0" hai="16,20,25,28,31,58,63,66,80,86,91" m="33353" machi="58" ten="30,3000,0" yaku="8,1,54,1" doraHai="129" who="0" fromWho="0" sc="250,30,250,-10,250,-10,250,-10" /><INIT seed="0,1,0,2,2,50" ten="280,240,240,240" oya="0" hai0="7,24,14,46,80,65,2,115,18,60,23,84,28" hai1="42,89,40,44,123,64,52,66,86,63,105,8,116" hai2="62,55,39,25,121,9,85,135,68,58,12,17,20" hai3="92,74,90,124,79,15,3,94,83,107,125,96,111"/><T77/><D115/><U41/><E105/><V110/><F110/><W57/><G3/><T103/><D103/><U71/><E116/><V108/><F108/><W82/><G111/><T95/><D95/><U19/><E123/><V11/><F135/><W106/><G15/><T113/><D113/><U91/><E91/><V131/><F131/><W61/><G83/><T88/><D2/><U70/><E70/><V76/><F121/><W5/><G5/><T122/><D122/><U109/><E109/><V38/><F68/><W117/><G117/><T69/><D46/><U112/><E112/><V98/><F98/><W31/><G31/><T120/><D120/><U51/><E66/><V102/><F102/><W26/><G26/><T13/><D7/><U134/><E134/><V97/><F97/><W27/><G27/><T56/><D77/><U49/><E8/><V34/><F34/><W43/><G43/><T22/><D69/><U33/><E33/><V29/><REACH who="2" step="1"/><F11/><REACH who="2" ten="280,240,230,240" step="2"/><W47/><G96/><T101/><D101/><U72/><E71/><V37/><F37/><W10/><G10/><T73/><D73/><U75/><E72/><V81/><AGARI ba="1,1" hai="9,12,17,20,25,29,38,39,55,58,62,76,81,85" machi="81" ten="30,7900,0" yaku="1,1,0,1,52,1,53,1" doraHai="50" doraHaiUra="16" who="2" fromWho="2" sc="280,-40,240,-21,230,92,240,-21" /><INIT seed="1,0,0,1,5,20" ten="240,219,322,219" oya="1" hai0="133,117,55,119,114,46,130,27,15,62,42,23,50" hai1="33,129,115,37,1,105,89,38,100,73,43,109,81" hai2="122,26,116,24,85,7,78,84,79,134,12,21,71" hai3="106,72,14,104,35,93,9,98,103,48,76,10,82"/><U97/><E115/><V29/><F116/><W135/><G135/><T60/><D114/><U110/><E1/><V54/><F122/><W131/><G131/><T125/><D130/><U91/><E33/><V32/><F71/><W44/><G35/><T77/><D133/><U94/><E129/><V120/><F120/><W101/><G101/><T56/><D125/><U18/><E18/><V36/><F36/><W69/><G69/><T87/><D15/><U19/><E19/><V2/><F134/><W118/><G118/><T34/><D34/><U132/><E132/><V30/><F2/><W58/><G58/><T67/><D77/><N who="1" m="44207" /><E43/><V4/><F54/><W108/><G108/><N who="1" m="41578" /><E91/><V59/><F12/><W86/><G72/><T3/><D3/><U112/><E112/><V22/><F32/><W8/><REACH who="3" step="1"/><G14/><REACH who="3" ten="240,219,322,209" step="2"/><T102/><D117/><U6/><E6/><V99/><F59/><W95/><G95/><T74/><D119/><U5/><E5/><V57/><F57/><W63/><G63/><T40/><D74/><U68/><E68/><V49/><F4/><W61/><G61/><T121/><D60/><U65/><E65/><V45/><F7/><W47/><G47/><T80/><D121/><U107/><E107/><V25/><F45/><W64/><G64/><T90/><D67/><U0/><E0/><V17/><F25/><W41/><AGARI ba="0,1" hai="8,9,10,41,44,48,76,82,86,93,98,103,104,106" machi="41" ten="30,2000,0" yaku="1,1,0,1,53,0" doraHai="20" doraHaiUra="52" who="3" fromWho="3" sc="240,-5,219,-10,322,-5,209,30" /><INIT seed="2,0,0,0,4,75" ten="235,209,317,239" oya="2" hai0="59,31,89,99,1,48,0,57,124,50,78,91,97" hai1="5,94,68,93,19,121,118,82,123,8,98,36,106" hai2="17,62,45,84,38,77,79,122,55,81,76,74,95" hai3="119,21,109,125,72,37,41,11,63,131,24,35,27"/><V13/><F122/><N who="1" m="46601" /><E68/><V101/><F74/><W107/><G119/><T32/><D32/><U112/><E36/><V69/><F69/><W134/><G107/><T2/><D31/><U25/><E25/><V110/><F110/><W56/><G35/><T116/><D124/><U117/><E19/><V39/><F39/><W10/><G125/><T96/><D116/><N who="1" m="44651" /><E8/><N who="2" m="6311" /><F38/><W83/><G109/><T114/><D114/><U16/><E16/><V92/><F101/><W102/><G102/><T73/><D73/><U67/><E67/><V33/><F33/><W12/><G10/><T103/><D103/><N who="1" m="62839" /><E5/><V104/><F104/><W115/><G12/><T40/><D2/><U26/><E26/><V66/><F66/><W133/><G11/><T128/><D99/><U7/><E7/><V60/><F45/><W9/><G9/><T88/><D91/><U86/><E112/><V15/><F15/><W53/><G115/><T65/><D65/><U22/><E22/><V71/><F71/><W49/><G21/><T28/><D28/><U113/><E113/><V34/><F34/><W130/><G37/><T108/><D108/><U47/><E47/><V52/><F60/><W23/><G23/><T14/><D14/><U43/><E43/><V135/><F62/><W111/><G111/><T87/><D40/><U18/><E18/><V120/><F120/><W80/><G24/><T54/><D54/><U46/><E46/><V58/><F55/><W129/><G27/><T127/><D127/><U6/><E6/><V70/><F52/><W29/><G29/><T42/><D42/><U51/><E51/><RYUUKYOKU ba="0,0" sc="235,-10,209,30,317,-10,239,-10" hai1="82,86,93,94" /><INIT seed="3,1,0,0,5,63" ten="225,239,307,229" oya="3" hai0="135,1,27,55,34,5,46,2,114,97,100,43,29" hai1="118,25,89,57,18,124,132,71,99,13,50,85,88" hai2="101,108,40,77,69,10,134,59,103,121,91,32,33" hai3="72,36,12,107,112,133,23,116,21,125,109,95,106"/><W61/><G112/><T31/><D114/><U37/><E37/><V38/><F69/><W17/><G116/><T82/><D135/><U120/><E71/><V11/><F77/><W24/><G133/><T92/><D31/><U87/><E124/><V127/><F59/><W19/><G125/><T126/><D126/><U81/><E120/><V74/><F91/><W48/><G36/><T78/><D5/><U68/><E68/><V9/><F74/><W62/><G72/><T83/><D55/><N who="1" m="31991" /><E118/><V84/><F84/><W117/><G117/><T58/><D58/><U51/><E99/><V94/><F94/><W80/><G80/><T56/><D56/><U30/><E51/><V28/><F33/><W39/><G39/><T6/><D6/><U119/><E119/><V79/><F32/><W22/><G95/><T0/><REACH who="0" step="1"/><D78/><REACH who="0" ten="215,239,307,229" step="2"/><U110/><E132/><V47/><F79/><W66/><G109/><T35/><D35/><U105/><E110/><V67/><F28/><W98/><G19/><T75/><D75/><U113/><E113/><V26/><F108/><W44/><G17/><T76/><D76/><U45/><E30/><V65/><F127/><W96/><G44/><T104/><D104/><U14/><E45/><V8/><F134/><W41/><G107/><T123/><D123/><U93/><E105/><V102/><F121/><W122/><G106/><T130/><D130/><U49/><E18/><V42/><F47/><W53/><G122/><T64/><D64/><U111/><E111/><V115/><F115/><W3/><G66/><T20/><D20/><U131/><E131/><RYUUKYOKU ba="1,1" sc="215,30,239,-10,307,-10,229,-10" hai0="0,1,2,27,29,34,43,46,82,83,92,97,100" /><INIT seed="4,2,1,1,4,65" ten="245,229,297,219" oya="0" hai0="94,49,71,82,126,83,129,28,33,46,110,58,128" hai1="102,114,93,89,36,106,47,127,5,29,0,14,57" hai2="60,50,20,2,130,120,66,109,78,100,131,55,40" hai3="74,8,81,75,135,30,92,101,53,67,115,134,43"/><T56/><D33/><U21/><E127/><V105/><F120/><W25/><G115/><T96/><D126/><U73/><E73/><V24/><F2/><W77/><G43/><N who="0" m="24799" /><D28/><U3/><E106/><V116/><F78/><W117/><G117/><T13/><D110/><U97/><E114/><V95/><F95/><W34/><G67/><T91/><D71/><U32/><E36/><V132/><F132/><N who="3" m="50731" /><G8/><T124/><D124/><U35/><E47/><V52/><F100/><W11/><G11/><T37/><D37/><U26/><E14/><V39/><F50/><W15/><G15/><T69/><D69/><U98/><E57/><N who="0" m="22121" /><D13/><U19/><E5/><V7/><F7/><W59/><G75/><T104/><D104/><U72/><E72/><V90/><F105/><W42/><G42/><T44/><D44/><U125/><E125/><V80/><F40/><W119/><G119/><T17/><D17/><U111/><E111/><V103/><F109/><W9/><G9/><T1/><D1/><U41/><E41/><V122/><F116/><W27/><G27/><T16/><D16/><U84/><E98/><V121/><F39/><W22/><G34/><T62/><D62/><U38/><E38/><V123/><F60/><N who="3" m="35951" /><G92/><T79/><D79/><U70/><E70/><V61/><F61/><W6/><G6/><T107/><D107/><N who="1" m="63951" /><E32/><V86/><F66/><W64/><G64/><T87/><D96/><U45/><E45/><V48/><F48/><W68/><G68/><T112/><D112/><U99/><E99/><V76/><F76/><W18/><G30/><T10/><D10/><RYUUKYOKU ba="2,1" sc="245,10,229,10,297,-30,219,10" hai0="82,83,87,91,94,128,129" hai1="0,3,19,21,26,29,35,84,89,93" hai3="18,22,25,74,77,81,101" /><INIT seed="4,3,1,5,2,87" ten="255,239,267,229" oya="0" hai0="115,106,83,103,11,16,134,10,76,85,89,18,13" hai1="19,14,0,42,61,124,84,72,92,120,8,75,65" hai2="55,63,21,60,78,29,33,64,126,6,31,94,15" hai3="100,108,119,99,62,71,45,81,32,95,25,3,131"/><T1/><D115/><U4/><E120/><V23/><F126/><W70/><G108/><T57/><D134/><U50/><E124/><V5/><F33/><W53/><G119/><T107/><D103/><U102/><E50/><V73/><F73/><W40/><G3/><T67/><D76/><U129/><E42/><V111/><F78/><W22/><G32/><T36/><D36/><U26/><E26/><V12/><F55/><W96/><G131/><T66/><D1/><U80/><E92/><V2/><F94/><W132/><G132/><T20/><D106/><U130/><E102/><V128/><F2/><W98/><G81/><T91/><D107/><U125/><E125/><V44/><F44/><W52/><G70/><T113/><D113/><U101/><E101/><V121/><F64/><N who="0" m="24618" /><D91/><U34/><E34/><V9/><F111/><W49/><G71/><T46/><D46/><U82/><E82/><V127/><F127/><W135/><G135/><T17/><D57/><N who="1" m="37039" /><E4/><V28/><F121/><W104/><G104/><T43/><D43/><U54/><E54/><N who="3" m="21098" /><G62/><N who="2" m="23593" /><F128/><N who="1" m="49257" /><E0/><V118/><F118/><W133/><G133/><T7/><D7/><U123/><E123/><V110/><F110/><W114/><G114/><T68/><D68/><U97/><E97/><V112/><F112/><W48/><G48/><T117/><D117/><U24/><E24/><N who="2" m="16415" /><F6/><W35/><G35/><T27/><D27/><U90/><AGARI ba="3,1" hai="8,14,19,72,75,80,84,90" m="49257,37039" machi="90" ten="30,2000,0" yaku="19,1,52,1" doraHai="87" who="1" fromWho="1" sc="255,-13,239,39,267,-8,229,-8" /><INIT seed="5,0,0,1,3,119" ten="242,278,259,221" oya="1" hai0="20,122,60,108,27,87,39,85,101,42,8,120,78" hai1="102,23,89,15,131,132,36,113,13,6,49,12,125" hai2="56,65,88,115,95,126,83,121,37,29,9,97,4" hai3="103,68,22,7,127,63,135,50,64,53,98,61,41"/><U48/><E36/><V130/><F130/><W30/><G127/><T59/><D108/><U10/><E132/><V3/><F126/><W75/><G135/><T112/><D112/><U94/><E131/><V38/><F121/><N who="0" m="46698" /><D101/><U91/><E125/><V107/><F115/><W11/><G75/><T17/><D78/><U26/><E102/><V92/><F29/><W16/><G41/><T72/><D72/><U34/><E34/><V2/><F2/><W79/><G79/><T45/><D8/><U84/><E91/><V51/><F83/><W32/><G32/><T129/><D129/><U118/><E118/><V76/><F76/><W43/><G43/><T24/><D24/><U58/><E113/><V109/><F107/><W106/><G30/><T124/><D124/><U71/><E71/><V54/><F109/><W14/><G68/><T80/><D80/><U57/><E57/><V82/><F82/><W31/><G31/><T86/><D87/><U104/><E104/><V33/><F33/><W111/><G111/><T52/><AGARI ba="0,0" hai="17,20,27,39,42,45,52,59,60,85,86" m="46698" machi="52" ten="30,8000,1" yaku="13,1,52,3,54,1" doraHai="119" who="0" fromWho="0" sc="242,80,278,-40,259,-20,221,-20" owari="322,42.2,238,-16.2,239,3.9,201,-29.9" /></mjloggm>