<mjloggm ver="2.3"><GO type="225" lobby="0"/><UN n0="%E6%A1%9C%E8%8A%B1%E9%96%83%E3%80%85" n1="%48%61%61%61%6C%61%6E%64" n2="%73%69%72%6F%75%74" n3="%6D%75%75%6D%75%72%61" dan="18,17,16,16" rate="2258.01,2230.86,2107.46,2083.95" sx="M,M,M,F"/><TAIKYOKU oya="0"/><INIT seed="0,0,0,4,0,120" ten="250,250,250,250" oya="0" hai0="44,104,27,22,57,43,133,69,99,1,24,16,15" hai1="125,51,107,118,8,94,60,72,113,81,5,37,40" hai2="64,0,9,59,25,19,86,76,111,48,75,103,93" hai3="35,4,91,119,98,123,128,56,105,115,53,101,18"/><T46/><D69/><U126/><E107/><V73/><F0/><W114/><G123/><T71/><D71/><U77/><E118/><V6/><F6/><W122/><G122/><T109/><D1/><N who="1" m="47" /><E113/><V82/><F103/><W14/><G119/><T121/><D121/><U26/><E51/><V55/><F64/><W68/><G68/><T135/><D109/><U54/><E94/><V117/><F117/><W62/><G128/><T36/><D57/><N who="1" m="34871" /><E26/><V47/><F93/><W3/><G35/><T21/><D46/><AGARI ba="0,0" hai="37,40,46,72,77,81,125,126" m="34871,47" machi="46" ten="30,1000,0" yaku="25,1" doraHai="120" who="1" fromWho="0" sc="250,-10,250,10,250,0,250,0" /><INIT seed="1,0,0,3,0,119" ten="240,260,250,250" oya="1" hai0="7,31,64,103,61,40,70,120,21,63,58,74,125" hai1="107,32,115,52,117,59,24,22,26,13,121,90,78" hai2="88,79,126,12,35,48,47,73,127,80,1,133,123" hai3="28,56,110,62,6,69,99,82,122,44,105,49,36"/><U60/><E117/><V25/><F1/><W68/><G110/><T135/><D135/><U19/><E115/><V39/><F39/><W38/><G6/><T118/><D118/><U45/><E121/><V94/><F133/><W86/><G28/><T114/><D114/><U41/><E107/><V2/><F2/><W130/><G130/><T108/><D108/><U96/><E78/><V97/><F123/><W46/><G122/><T67/><D74/><U102/><E90/><V11/><F25/><W95/><G105/><T0/><D40/><U104/><REACH who="1" step="1"/><E32/><REACH who="1" ten="240,250,250,250" step="2"/><V16/><REACH who="2" step="1"/><F35/><REACH who="2" ten="240,250,240,250" step="2"/><W92/><G36/><AGARI ba="0,2" hai="13,19,22,24,26,36,41,45,52,59,60,96,102,104" machi="36" ten="30,11600,0" yaku="1,1,2,1,7,1,54,1,53,0" doraHai="119" doraHaiUra="34" who="1" fromWho="3" sc="240,0,250,136,240,0,250,-116" /><INIT seed="1,1,0,2,2,77" ten="240,386,240,134" oya="1" hai0="11,99,10,118,135,112,97,83,100,15,91,88,132" hai1="24,76,84,71,56,78,25,124,69,50,79,37,31" hai2="58,121,66,75,73,90,60,30,59,32,70,9,3" hai3="49,8,22,115,128,130,93,94,23,0,55,134,116"/><U110/><E37/><V85/><F121/><W117/><G115/><T72/><D112/><U45/><E124/><V2/><F32/><W74/><G74/><T53/><D53/><U98/><E110/><V13/><F30/><W41/><G41/><T46/><D46/><U61/><E98/><N who="0" m="37385" /><D100/><U5/><E5/><V14/><F75/><W105/><G105/><T4/><D118/><N who="3" m="45673" /><G134/><N who="0" m="51243" /><D11/><U26/><E31/><V54/><F73/><W109/><G109/><T43/><D43/><U6/><E45/><V44/><F44/><N who="3" m="28071" /><G22/><T38/><D38/><U67/><E50/><V127/><F127/><W63/><G23/><T1/><D1/><U126/><E126/><V34/><F34/><W92/><G63/><T68/><D68/><U131/><E69/><V104/><F70/><W125/><G125/><T129/><D129/><N who="3" m="49769" /><G8/><T62/><D62/><U18/><E131/><V111/><F104/><W114/><G114/><T51/><D51/><U42/><E42/><V103/><F111/><W48/><G48/><T27/><D27/><U35/><E35/><V65/><F9/><W20/><G20/><T86/><D72/><U47/><E71/><V113/><F113/><W89/><G0/><T29/><D29/><U80/><E47/><V107/><F2/><W7/><G7/><T36/><D36/><U52/><E6/><V57/><F3/><W122/><G122/><T120/><D120/><U81/><E25/><V17/><F107/><W64/><G64/><N who="2" m="24681" /><F103/><W82/><G89/><AGARI ba="1,0" hai="4,10,15,83,86,88,89,91" m="51243,37385" machi="89" ten="30,3900,0" yaku="20,1,52,1,54,1" doraHai="77" who="0" fromWho="3" sc="240,42,386,0,240,0,134,-42" /><INIT seed="2,0,0,1,1,18" ten="282,386,240,92" oya="2" hai0="79,56,4,3,22,92,46,1,2,29,75,47,89" hai1="101,7,19,132,104,59,90,117,70,32,15,48,43" hai2="53,64,127,91,125,13,31,84,40,67,0,124,130" hai3="68,81,96,41,36,115,50,87,25,94,80,66,111"/><V45/><F0/><W106/><G111/><T11/><D56/><U69/><E117/><V14/><F130/><W57/><G106/><T82/><D47/><U77/><E32/><V122/><F122/><W72/><G115/><T76/><D76/><U98/><E132/><V107/><F107/><W121/><G121/><T28/><D46/><U118/><E118/><V60/><F31/><W8/><G36/><T24/><REACH who="0" step="1"/><D29/><REACH who="0" ten="272,386,240,92" step="2"/><U37/><E77/><V62/><F45/><W113/><G57/><T128/><D128/><U63/><E59/><N who="2" m="34927" /><F40/><W134/><G41/><T108/><D108/><U30/><E43/><V10/><F62/><W93/><G113/><T20/><D20/><U88/><E63/><V39/><F10/><W83/><G8/><T73/><D73/><U116/><E30/><V55/><F39/><W9/><G72/><T95/><D95/><U105/><E37/><V44/><F44/><W74/><G74/><T35/><D35/><U85/><E116/><V27/><F125/><W17/><G9/><T16/><D16/><U133/><E19/><V114/><F124/><W23/><G50/><T33/><D33/><U65/><E48/><V6/><F127/><W61/><G94/><T51/><D51/><U110/><E110/><V34/><F114/><W112/><G112/><T5/><D5/><U42/><E42/><V131/><F131/><W97/><REACH who="3" step="1"/><G134/><REACH who="3" ten="272,386,240,82" step="2"/><T99/><AGARI ba="0,2" hai="1,2,3,4,11,22,24,28,75,79,82,89,92,99" machi="99" ten="20,5200,0" yaku="1,1,0,1,7,1,52,1,53,0" doraHai="18" doraHaiUra="100" who="0" fromWho="0" sc="272,72,386,-13,240,-26,82,-13" /><INIT seed="3,0,0,5,0,69" ten="344,373,214,69" oya="3" hai0="43,104,84,105,102,27,95,16,125,21,126,117,13" hai1="15,19,61,93,79,33,72,55,130,30,120,71,83" hai2="40,108,101,94,65,57,132,106,77,119,89,122,111" hai3="54,3,42,58,34,128,85,115,18,53,60,12,6"/><W100/><G115/><T81/><D117/><U37/><E120/><V80/><F40/><W17/><G128/><T127/><D43/><U46/><E130/><V78/><F57/><W48/><G34/><T29/><D95/><U59/><E71/><V39/><F65/><W70/><G3/><T131/><D102/><U66/><E93/><V64/><F64/><W35/><G35/><T22/><REACH who="0" step="1"/><D131/><REACH who="0" ten="334,373,214,69" step="2"/><U51/><E37/><V118/><F39/><W9/><G70/><T28/><D28/><U91/><E30/><V99/><F122/><W7/><G100/><T67/><D67/><U135/><E135/><V73/><F132/><W36/><G36/><T41/><D41/><U123/><E123/><V63/><F63/><W103/><G42/><T45/><D45/><U1/><E46/><V124/><F77/><AGARI ba="0,1" hai="13,16,21,22,27,29,77,81,84,104,105,125,126,127" machi="77" ten="40,8000,1" yaku="1,1,18,1,54,1,53,1" doraHai="69" doraHaiUra="10" who="0" fromWho="2" sc="334,90,373,0,214,-80,69,0" owari="424,52.4,373,17.3,134,-26.6,69,-43.1" /></mjloggm>