<mjloggm ver="2.3"><GO type="225" lobby="0"/><UN n0="%E3%81%BF%E3%81%BF%E3%81%9A" n1="%E5%B8%86%E7%AB%8B%E5%A4%8F%E8%A1%A3" n2="%E3%82%BF%E3%83%BC%E3%83%90%E3%83%B3%E9%87%8E%E5%8F%A3" n3="%E3%83%97%E3%83%AC%E3%83%B4%E3%82%A1%E3%83%86%E3%82%A3" dan="16,16,16,16" rate="2157.89,2109.34,2144.48,2066.34" sx="M,M,M,F"/><TAIKYOKU oya="0"/><INIT seed="0,0,0,5,5,113" ten="250,250,250,250" oya="0" hai0="56,72,69,97,117,66,26,58,38,127,62,11,134" hai1="44,15,119,3,2,17,135,25,36,40,13,124,0" hai2="63,73,84,41,28,4,70,79,65,1,101,74,5" hai3="68,53,87,82,24,54,57,30,107,35,104,50,59"/><T78/><D117/><U43/><E124/><V131/><F131/><W108/><G68/><T89/><D38/><U18/><E135/><V34/><F84/><W33/><G33/><T7/><D127/><U118/><E25/><N who="2" m="18703" /><F5/><W60/><REACH who="3" step="1"/><G108/><REACH who="3" ten="250,250,250,240" step="2"/><T130/><D130/><U49/><E36/><V48/><F70/><W27/><G27/><T90/><D134/><U64/><E64/><V94/><F65/><W133/><G133/><T123/><D26/><U39/><E39/><V99/><F74/><W52/><G52/><T103/><D72/><U61/><E40/><V121/><F73/><W105/><G105/><T83/><D69/><U14/><REACH who="1" step="1"/><E61/><REACH who="1" ten="250,240,250,240" step="2"/><V100/><F63/><W6/><G6/><T29/><D62/><U122/><E122/><V75/><F41/><W116/><G116/><AGARI ba="0,2" hai="0,2,3,13,14,15,17,18,43,44,49,116,118,119" machi="116" ten="50,8000,1" yaku="1,1,52,3,53,1" doraHai="113" doraHaiUra="42" who="1" fromWho="3" sc="250,0,240,100,250,0,240,-80" /><INIT seed="1,0,0,1,1,106" ten="250,340,250,160" oya="1" hai0="5,9,31,120,18,114,56,82,86,80,117,35,72" hai1="12,62,135,112,97,0,40,90,110,60,133,10,26" hai2="67,94,87,85,36,68,6,130,69,37,71,70,7" hai3="53,50,76,75,44,102,74,131,4,92,41,118,96"/><U134/><E112/><V126/><F67/><W55/><G131/><T63/><D114/><U54/><E0/><V64/><F64/><W124/><G124/><T127/><D117/><U43/><E26/><V51/><F130/><W24/><G118/><T16/><D127/><U45/><E90/><V93/><F51/><W27/><G4/><T52/><D120/><U25/><E25/><V104/><F104/><W121/><G121/><T73/><D31/><U22/><E22/><V28/><F126/><W33/><G24/><T23/><D35/><U42/><E97/><V99/><F28/><W123/><G123/><T17/><D23/><U115/><E115/><V89/><N who="2" m="17408" /><DORA hai="11" /><V128/><F128/><W100/><G76/><T39/><D39/><U29/><E29/><V101/><REACH who="2" step="1"/><F87/><REACH who="2" ten="250,340,240,160" step="2"/><W3/><G33/><T32/><D32/><U88/><E134/><V83/><F83/><W14/><G3/><T20/><D20/><U77/><E133/><V65/><F65/><W58/><G27/><T119/><D119/><U81/><E135/><V84/><F84/><W103/><G14/><T15/><REACH who="0" step="1"/><D82/><REACH who="0" ten="240,340,240,160" step="2"/><U57/><E81/><V78/><F78/><AGARI ba="0,2" hai="5,9,15,16,17,18,52,56,63,72,73,78,80,86" machi="78" ten="40,12000,2" yaku="1,1,2,1,52,3,54,2,53,0" doraHai="106,11" doraHaiUra="108,30" who="0" fromWho="2" sc="240,140,340,0,240,-120,160,0" /><INIT seed="2,0,0,0,3,76" ten="380,340,120,160" oya="2" hai0="93,67,77,21,62,0,3,118,50,84,12,32,49" hai1="13,24,45,30,70,89,120,38,39,115,26,35,9" hai2="33,46,126,2,41,5,91,79,106,37,87,11,36" hai3="40,22,71,17,98,95,59,123,134,68,114,122,34"/><V20/><F126/><W100/><G34/><T42/><D118/><U23/><E115/><V55/><F33/><W113/><G40/><T125/><D32/><U105/><E120/><V44/><F106/><W61/><G134/><T80/><D125/><U127/><E127/><V25/><F79/><W63/><G123/><T110/><D110/><U107/><E70/><V57/><F44/><W14/><G122/><T6/><D93/><U131/><E131/><V86/><F37/><W60/><REACH who="3" step="1"/><G59/><REACH who="3" ten="380,340,120,150" step="2"/><T129/><D129/><U1/><E35/><V48/><REACH who="2" step="1"/><F91/><REACH who="2" ten="380,340,110,150" step="2"/><W116/><G116/><T133/><D133/><U73/><E89/><V119/><F119/><W28/><G28/><AGARI ba="0,2" hai="2,5,11,20,25,28,36,41,46,48,55,57,86,87" machi="28" ten="30,5800,0" yaku="1,1,7,1,53,1" doraHai="76" doraHaiUra="4" who="2" fromWho="3" sc="380,0,340,0,110,78,150,-58" /><INIT seed="2,1,0,0,4,35" ten="380,340,188,92" oya="2" hai0="105,109,123,85,127,48,39,0,15,43,117,44,118" hai1="114,9,93,133,57,19,135,27,94,46,65,61,131" hai2="54,113,106,37,63,104,17,126,130,64,29,97,124" hai3="95,38,30,60,122,90,51,33,31,86,69,83,4"/><V40/><F113/><W5/><G122/><T96/><D0/><U11/><E114/><V101/><F130/><W71/><G38/><T82/><D123/><U79/><E131/><V108/><F29/><W70/><G60/><T76/><D109/><U58/><E79/><V77/><F108/><W32/><G51/><T49/><D127/><N who="2" m="48682" /><F77/><W7/><REACH who="3" step="1"/><G83/><REACH who="3" ten="380,340,188,82" step="2"/><T75/><D48/><U62/><E62/><V87/><F37/><W78/><G78/><T74/><D39/><U84/><E61/><V6/><F63/><W41/><G41/><T14/><D74/><U115/><E115/><V42/><F64/><W10/><G10/><T12/><D75/><U55/><E65/><V68/><F54/><W112/><G112/><T16/><D117/><U73/><E55/><V50/><F50/><W125/><G125/><T67/><D118/><U59/><E73/><V91/><F68/><W28/><AGARI ba="1,1" hai="4,5,7,28,30,31,32,33,69,70,71,86,90,95" machi="28" ten="40,8000,1" yaku="1,1,0,1,29,2,53,0" doraHai="35" doraHaiUra="52" who="3" fromWho="3" sc="380,-21,340,-21,188,-41,82,93" /><INIT seed="3,0,0,2,2,56" ten="359,319,147,175" oya="3" hai0="5,51,63,38,62,54,112,105,88,99,60,61,10" hai1="94,48,58,30,32,92,47,121,122,110,18,85,49" hai2="74,93,117,84,23,126,77,25,90,40,39,52,34" hai3="73,89,120,59,1,15,44,78,12,24,35,118,17"/><W104/><G118/><T91/><D112/><U83/><E110/><V2/><F117/><W107/><G120/><T55/><D38/><U26/><E121/><V97/><F2/><W132/><G1/><T67/><D105/><U65/><E18/><V71/><F126/><W46/><G132/><T6/><D99/><U128/><E128/><V14/><F34/><W114/><G114/><T75/><D75/><U53/><E122/><V115/><F115/><W0/><G0/><T45/><D54/><U68/><E68/><V116/><F116/><W119/><G119/><T98/><D98/><U76/><REACH who="1" step="1"/><E65/><REACH who="1" ten="359,309,147,175" step="2"/><V11/><F71/><W131/><G131/><T22/><D22/><U125/><E125/><V123/><F123/><W7/><G35/><T87/><D10/><U130/><E130/><V3/><F3/><W103/><G17/><T29/><D29/><U81/><E81/><N who="2" m="45239" /><F52/><AGARI ba="0,1" hai="26,30,32,47,48,49,52,53,58,76,83,85,92,94" machi="52" ten="30,3900,0" yaku="1,1,7,1,54,1,53,0" doraHai="56" doraHaiUra="70" who="1" fromWho="2" sc="359,0,309,49,147,-39,175,0" owari="359,45.9,358,15.8,108,-39.2,175,-22.5" /></mjloggm>