<mjloggm ver="2.3"><GO type="225" lobby="0"/><UN n0="%E3%81%8C%E3%81%9F" n1="%E5%8D%A0%E3%81%84%E5%B8%AB%E8%A3%8F%E3%81%AA%E3%81%84%E3%81%97" n2="%E3%81%A8%E3%82%93%E3%81%A8%E3%81%93%E3%81%A8%E3%82%93" n3="%E3%81%82%E3%81%B9%E3%81%99%E3%81%91" dan="17,16,16,16" rate="2160.86,2174.98,2116.76,2082.94" sx="M,M,F,M"/><TAIKYOKU oya="0"/><INIT seed="0,0,0,2,4,79" ten="250,250,250,250" oya="0" hai0="6,72,38,124,5,64,92,41,57,34,100,74,89" hai1="73,86,54,14,76,106,75,13,67,83,108,118,19" hai2="48,26,62,81,132,29,91,3,128,129,95,60,4" hai3="43,134,65,47,131,36,88,97,80,33,115,68,20"/><T126/><D34/><U21/><E118/><V15/><F3/><W9/><G115/><T8/><D100/><U28/><E108/><V104/><F104/><W122/><G33/><T0/><D6/><U40/><E106/><V45/><F132/><W71/><G134/><T112/><D112/><U63/><E28/><V114/><F114/><W53/><G131/><T99/><D41/><U94/><E40/><V98/><F4/><W49/><G9/><T70/><D70/><U102/><E54/><V125/><F15/><W119/><G65/><T30/><D30/><U10/><E94/><V59/><F125/><N who="0" m="48234" /><D38/><U78/><E78/><V50/><F81/><W107/><G20/><T121/><D121/><U101/><E75/><V103/><F103/><W31/><G31/><T109/><D109/><U105/><E73/><V11/><F11/><W82/><G119/><T23/><D23/><U130/><E130/><N who="2" m="50283" /><F45/><W61/><G122/><T25/><D25/><U52/><E105/><V18/><F18/><W135/><G107/><T77/><D77/><U32/><E32/><N who="2" m="20535" /><F60/><AGARI ba="0,0" hai="0,5,8,57,60,64,72,74,89,92,99" m="48234" machi="60" ten="30,1500,0" yaku="18,1" doraHai="79" who="0" fromWho="2" sc="250,15,250,0,250,-15,250,0" /><INIT seed="0,1,0,5,2,101" ten="265,250,235,250" oya="0" hai0="26,59,113,115,8,98,14,54,3,95,36,28,53" hai1="77,25,4,50,129,16,42,11,63,2,68,29,105" hai2="72,65,78,51,76,56,10,7,126,37,30,44,114" hai3="82,108,124,55,13,97,75,6,40,83,87,116,35"/><T112/><D36/><U119/><E119/><V23/><F114/><W19/><G116/><T32/><D3/><U131/><E77/><V102/><F37/><W123/><G35/><T88/><REACH who="0" step="1"/><D59/><REACH who="0" ten="255,250,235,250" step="2"/><U104/><E68/><V134/><F56/><W71/><G71/><T93/><D93/><U58/><E131/><V46/><F134/><W64/><G123/><T66/><D66/><U38/><E38/><V91/><F65/><W107/><G64/><T94/><D94/><U120/><E129/><V24/><F126/><W81/><G124/><T49/><D49/><U20/><E120/><V17/><F51/><W86/><G108/><T18/><AGARI ba="1,1" hai="8,14,18,26,28,32,53,54,88,95,98,112,113,115" machi="18" ten="30,6000,0" yaku="1,1,0,1,54,1,53,0" doraHai="101" doraHaiUra="103" who="0" fromWho="0" sc="255,73,250,-21,235,-21,250,-21" /><INIT seed="0,2,0,5,1,17" ten="328,229,214,229" oya="0" hai0="54,125,44,86,20,89,73,98,106,91,103,45,49" hai1="100,6,135,32,66,28,55,68,65,64,85,5,123" hai2="58,102,4,12,69,126,105,60,61,78,27,127,95" hai3="47,48,52,56,36,2,46,108,34,71,83,96,124"/><T118/><D118/><U104/><E123/><V92/><F69/><W93/><G2/><T121/><D121/><U38/><E135/><V51/><F105/><W99/><G108/><T39/><D73/><U53/><E38/><V74/><F51/><W59/><G71/><T75/><D75/><U82/><E68/><V13/><F27/><W112/><G112/><T8/><D8/><U41/><E41/><V109/><F109/><W119/><G119/><T14/><D125/><U76/><E32/><V94/><F102/><W26/><G83/><T31/><D39/><U62/><E28/><V90/><F90/><W43/><G124/><N who="2" m="47657" /><F4/><N who="1" m="1641" /><E104/><V0/><F0/><W72/><G99/><T133/><D133/><U24/><E100/><V130/><F130/><W70/><G70/><T37/><D37/><U84/><E24/><V128/><F128/><W77/><G77/><T132/><D132/><U120/><E120/><V79/><F74/><W30/><REACH who="3" step="1"/><G72/><REACH who="3" ten="328,229,214,219" step="2"/><T23/><D98/><U129/><E129/><V81/><F81/><W29/><G29/><T15/><D86/><U87/><E82/><V115/><F115/><W9/><G9/><T22/><D31/><U80/><E80/><V88/><F88/><AGARI ba="2,1" hai="26,30,34,36,43,46,47,48,52,56,59,88,93,96" machi="88" ten="30,7700,0" yaku="1,1,7,1,54,2,53,0" doraHai="17" doraHaiUra="97" who="3" fromWho="2" sc="328,0,229,0,214,-83,219,93" /><INIT seed="1,0,0,3,3,24" ten="328,229,131,312" oya="1" hai0="40,108,71,45,127,75,134,123,46,122,68,91,32" hai1="44,129,133,89,113,81,30,1,48,90,107,99,119" hai2="111,97,83,104,84,27,25,102,130,0,3,70,66" hai3="57,106,110,38,86,35,26,95,17,77,79,69,64"/><U93/><E113/><V61/><F111/><W82/><G106/><T76/><D32/><U2/><E119/><V101/><F101/><W50/><G38/><T53/><D108/><U100/><E129/><V37/><F37/><W52/><G110/><T13/><D127/><U23/><E133/><V131/><F27/><W18/><G79/><T7/><D134/><U87/><E23/><V58/><F25/><W11/><G11/><N who="0" m="4351" /><D91/><U28/><E1/><V59/><F59/><W85/><G69/><T128/><D53/><U10/><E10/><V78/><REACH who="2" step="1"/><F58/><REACH who="2" ten="328,229,121,312" step="2"/><W117/><G57/><T125/><D125/><U16/><E2/><AGARI ba="0,1" hai="0,2,3,61,66,70,78,83,84,97,102,104,130,131" machi="2" ten="40,2600,0" yaku="1,1,2,1,53,0" doraHai="24" doraHaiUra="47" who="2" fromWho="1" sc="328,0,229,-26,121,36,312,0" /><INIT seed="2,0,0,3,3,104" ten="328,203,157,312" oya="2" hai0="102,86,59,90,56,4,42,6,11,88,81,108,37" hai1="93,128,130,71,64,23,80,47,9,110,133,29,91" hai2="30,109,60,19,38,26,32,12,18,21,112,49,41" hai3="135,46,31,78,1,62,105,125,48,66,115,98,27"/><V118/><F38/><W129/><G125/><T120/><D120/><U51/><E110/><V106/><F106/><W111/><G111/><T132/><D108/><U114/><E114/><V39/><F109/><W0/><G115/><T40/><D132/><U72/><E133/><V33/><F112/><W69/><G78/><T79/><D102/><U68/><E9/><N who="2" m="6415" /><F39/><W74/><G74/><T100/><D100/><U121/><E121/><V65/><F49/><W10/><G10/><T84/><D79/><N who="1" m="44135" /><E64/><V14/><F41/><N who="0" m="15978" /><D37/><U97/><E23/><N who="2" m="11767" /><F60/><W22/><G62/><T7/><D11/><U3/><E29/><N who="2" m="17615" /><F65/><W57/><G66/><T34/><D34/><N who="2" m="13418" /><F118/><W8/><G48/><T131/><D131/><N who="1" m="50219" /><E3/><V77/><F77/><W122/><G1/><T99/><D99/><U13/><E13/><V107/><F107/><W87/><G0/><T113/><D113/><U2/><E2/><V101/><F101/><W24/><G57/><T43/><D43/><AGARI ba="0,0" hai="43,47,51,68,71,91,93,97" m="50219,44135" machi="43" ten="30,2000,0" yaku="19,1,52,1" doraHai="104" who="1" fromWho="0" sc="328,-20,203,20,157,0,312,0" /><INIT seed="3,0,0,1,5,40" ten="308,223,157,312" oya="3" hai0="5,36,3,43,104,65,112,69,1,11,93,47,87" hai1="8,68,58,62,127,86,113,63,25,14,37,76,41" hai2="21,132,38,26,111,35,94,42,53,50,64,90,133" hai3="121,130,74,134,15,34,0,110,61,79,88,49,19"/><W51/><G121/><T72/><D104/><U59/><E113/><V24/><F111/><W106/><G0/><T95/><D112/><U129/><E129/><V57/><F35/><W97/><G130/><T30/><D3/><U13/><E127/><V29/><F64/><W73/><G34/><T44/><D44/><U27/><E68/><V126/><F126/><W56/><G134/><T54/><D54/><N who="1" m="34135" /><E41/><V28/><F42/><W10/><G110/><T23/><D87/><U135/><E37/><V119/><F38/><W107/><G51/><T33/><D33/><U4/><E14/><V20/><REACH who="2" step="1"/><F119/><REACH who="2" ten="308,223,147,312" step="2"/><W66/><G66/><T108/><D108/><U16/><E135/><V46/><F46/><W123/><G107/><T7/><D65/><N who="1" m="39167" /><E4/><V84/><AGARI ba="0,1" hai="20,21,24,26,28,29,50,53,57,84,90,94,132,133" machi="84" ten="30,4000,0" yaku="1,1,0,1,9,1,53,0" doraHai="40" doraHaiUra="96" who="2" fromWho="2" sc="308,-10,223,-10,147,50,312,-20" /><INIT seed="4,0,0,4,2,10" ten="298,213,197,292" oya="0" hai0="52,70,37,34,53,32,14,132,92,19,21,113,96" hai1="39,111,115,4,35,8,97,45,114,77,30,28,43" hai2="75,83,126,106,29,44,117,25,26,133,33,102,58" hai3="40,69,0,87,101,42,41,108,131,6,64,73,9"/><T128/><D37/><U48/><E111/><V63/><F126/><W130/><G108/><T93/><D70/><U88/><E35/><N who="0" m="13353" /><D92/><N who="1" m="56455" /><E39/><V120/><F120/><W72/><G101/><N who="0" m="60559" /><D113/><N who="1" m="43019" /><E77/><V109/><F109/><W24/><G24/><T59/><D59/><U56/><E56/><V98/><F133/><W91/><G64/><T31/><D31/><U66/><E66/><V61/><F117/><W47/><G47/><T62/><D62/><U16/><E16/><V135/><F135/><W121/><G121/><T134/><D128/><N who="3" m="49193" /><G69/><T123/><D123/><U127/><E127/><V55/><F44/><W51/><G51/><T49/><D49/><U18/><E18/><V22/><F63/><W105/><G105/><T116/><D116/><U5/><E5/><V68/><F68/><W11/><G11/><T125/><D125/><U86/><E86/><V71/><F71/><W2/><G2/><AGARI ba="0,0" hai="2,4,8,28,30,43,45,48" m="43019,56455" machi="2" ten="30,3900,0" yaku="15,1,11,1,54,1" doraHai="10" who="1" fromWho="3" sc="298,0,213,39,197,0,292,-39" /><INIT seed="5,0,0,0,1,124" ten="298,252,197,253" oya="1" hai0="21,85,81,69,9,17,87,96,118,25,26,41,18" hai1="60,112,49,51,125,95,126,92,42,48,40,88,31" hai2="131,109,20,47,108,57,80,12,58,50,3,24,103" hai3="62,73,135,98,97,16,30,117,63,93,32,56,43"/><U39/><E112/><V115/><F3/><W130/><G73/><T74/><D69/><U64/><E31/><V114/><F103/><W37/><G135/><T27/><D118/><U7/><E7/><V2/><F2/><W68/><G98/><T106/><D41/><N who="1" m="15979" /><E39/><V35/><F35/><W19/><G130/><T82/><D74/><U59/><E88/><V5/><F80/><N who="0" m="30826" /><D96/><U113/><E113/><N who="2" m="43019" /><F108/><W78/><G78/><T119/><D106/><U121/><E121/><V104/><F104/><W72/><G72/><T122/><D119/><U22/><E22/><V45/><F109/><W28/><G117/><T10/><D122/><U54/><E92/><V133/><F133/><W15/><G32/><T99/><D99/><U61/><E95/><V101/><F101/><W53/><G93/><T55/><D18/><U75/><E75/><V33/><F33/><W8/><G19/><T38/><D38/><U71/><AGARI ba="0,0" hai="48,49,51,54,59,60,61,64,71,125,126" m="15979" machi="71" ten="30,3000,0" yaku="34,2" doraHai="124" who="1" fromWho="1" sc="298,-10,252,30,197,-10,253,-10" /><INIT seed="5,1,0,1,0,7" ten="288,282,187,243" oya="1" hai0="34,21,56,66,44,69,5,119,130,73,91,20,31" hai1="59,70,14,6,37,12,133,68,33,63,120,17,99" hai2="61,93,32,80,127,71,29,48,113,107,110,62,2" hai3="101,15,9,57,117,26,39,24,97,35,43,126,38"/><U55/><E120/><V104/><F93/><W90/><G126/><T135/><D119/><U72/><E33/><V121/><F48/><W78/><G78/><T89/><D73/><U65/><E37/><V8/><F80/><W23/><G117/><T134/><D69/><U42/><E72/><V95/><F95/><W132/><G90/><N who="0" m="34315" /><D130/><U102/><E42/><V128/><F61/><W100/><G100/><T86/><D86/><U131/><E131/><V98/><F98/><W114/><G132/><N who="0" m="50731" /><D5/><U87/><E87/><V53/><F53/><W10/><G43/><T122/><D122/><U112/><E112/><V105/><F110/><W67/><G114/><T64/><D44/><U123/><E123/><V109/><F109/><W79/><G79/><T27/><D64/><U25/><E133/><V13/><F113/><W106/><G39/><T45/><D45/><U103/><E68/><V58/><F121/><W129/><G38/><T0/><D0/><U81/><E81/><V19/><F128/><W125/><G129/><T49/><D49/><U51/><E99/><V92/><F127/><W52/><G125/><T18/><D18/><U83/><E83/><V111/><F111/><W118/><G118/><T77/><D77/><U11/><E103/><V1/><F71/><W82/><G82/><T88/><D88/><U47/><E102/><V46/><F46/><W74/><G101/><T85/><D85/><U116/><E116/><V4/><F19/><W30/><G74/><T96/><D96/><U108/><E108/><V76/><F76/><W40/><G97/><T22/><D56/><RYUUKYOKU ba="1,0" sc="288,30,282,-10,187,-10,243,-10" hai0="20,21,22,27,31,34,66" owari="318,41.8,272,7.2,177,-32.3,233,-16.7" /></mjloggm>