<mjloggm ver="2.3"><GO type="225" lobby="0"/><UN n0="%E6%B4%BE%E9%81%A3%E3%81%AE%E3%82%B8%E3%83%A3%E3%83%83%E3%82%AF" n1="%E6%B8%A9%E2%98%85%E6%83%85%E2%98%85%E6%8E%AA%E2%98%85%E7%BD%AE" n2="%E6%A1%9C%E8%8A%B1%E9%96%83%E3%80%85" n3="%E7%B4%94%E6%BD%94%E3%83%94%E3%83%A9%E3%83%8B%E3%82%A2" dan="16,16,16,17" rate="2166.19,2154.24,2097.96,2194.75" sx="M,M,M,M"/><TAIKYOKU oya="0"/><INIT seed="0,0,0,2,0,83" ten="250,250,250,250" oya="0" hai0="93,24,111,70,96,130,12,87,3,92,13,115,62" hai1="116,133,20,1,17,29,108,25,120,43,67,21,42" hai2="112,123,35,48,131,73,79,99,86,65,95,97,90" hai3="68,80,7,15,30,66,117,109,76,55,39,41,75"/><T71/><D115/><U9/><E116/><V18/><F112/><W64/><G30/><T82/><D3/><U127/><E120/><V26/><F123/><W119/><G55/><T44/><D130/><U50/><E108/><V107/><F131/><W47/><G109/><T134/><D111/><U91/><E133/><V59/><F48/><W16/><G7/><T121/><D121/><U32/><E127/><V110/><F110/><W106/><G106/><T61/><D134/><U129/><E129/><V38/><F38/><W22/><REACH who="3" step="1"/><G68/><REACH who="3" ten="250,250,250,240" step="2"/><T69/><D69/><U27/><E67/><AGARI ba="0,1" hai="15,16,22,39,41,47,64,66,67,75,76,80,117,119" machi="67" ten="40,8000,1" yaku="1,1,2,1,54,1,53,1" doraHai="83" doraHaiUra="104" who="3" fromWho="1" sc="250,0,250,-80,250,0,240,90" /><INIT seed="1,0,0,1,3,65" ten="250,170,250,330" oya="1" hai0="98,41,47,2,107,44,5,48,8,100,82,31,55" hai1="94,32,52,111,15,62,43,106,61,88,9,35,114" hai2="30,16,89,33,93,25,49,104,6,69,91,129,105" hai3="66,50,125,12,70,56,22,11,131,39,76,117,85"/><U53/><E106/><V122/><F122/><W28/><G39/><T86/><D31/><U116/><E114/><V21/><F129/><W127/><G131/><T128/><D128/><U51/><E116/><V130/><F130/><W4/><G70/><T24/><D24/><U37/><E37/><V34/><F69/><W73/><G73/><T67/><D67/><U84/><E111/><V3/><F49/><W75/><G75/><T96/><D96/><U23/><E23/><V40/><F40/><W119/><G85/><T120/><D120/><U102/><E102/><V90/><F93/><W71/><G71/><T92/><D107/><U124/><E124/><N who="3" m="47690" /><G76/><T13/><D2/><U81/><E35/><V132/><F132/><W121/><G121/><T103/><D103/><U135/><E32/><V38/><F38/><W118/><G66/><T29/><D29/><U78/><E135/><V58/><F58/><W99/><G99/><T7/><D7/><N who="1" m="3519" /><E43/><V60/><F60/><N who="1" m="23145" /><E51/><V64/><F64/><W10/><G50/><T46/><REACH who="0" step="1"/><D55/><REACH who="0" ten="240,170,250,330" step="2"/><U134/><E134/><V42/><F105/><W108/><G119/><T101/><D101/><U68/><E68/><V97/><F104/><W18/><G118/><T77/><AGARI ba="0,1" hai="5,8,13,41,44,46,47,48,77,82,86,92,98,100" machi="77" ten="20,12000,2" yaku="1,1,0,1,7,1,25,2,8,1,53,1" doraHai="65" doraHaiUra="83" who="0" fromWho="0" sc="240,130,170,-60,250,-30,330,-30" /><INIT seed="2,0,0,2,2,79" ten="370,110,220,300" oya="2" hai0="50,27,119,80,129,108,106,16,97,17,40,13,59" hai1="135,67,19,127,124,66,74,77,35,98,118,84,10" hai2="71,94,11,78,93,55,63,14,62,25,103,134,45" hai3="18,38,42,104,123,26,117,12,109,69,90,99,125"/><V51/><F134/><W100/><G117/><T57/><D108/><U115/><E35/><V43/><F71/><W29/><G109/><T116/><D129/><U54/><E54/><V36/><F25/><W95/><G69/><T107/><D80/><N who="1" m="45111" /><E19/><V46/><F78/><W37/><G42/><T132/><D97/><U31/><E10/><V7/><REACH who="2" step="1"/><F103/><REACH who="2" ten="370,110,210,300" step="2"/><W21/><G123/><T128/><D27/><U81/><E118/><V122/><F122/><W111/><G111/><T120/><D132/><U130/><E135/><V22/><F22/><W5/><G125/><N who="1" m="48202" /><E115/><V105/><F105/><W53/><G104/><T44/><D107/><U3/><E130/><V64/><F64/><W73/><G100/><T39/><D128/><U52/><E31/><V33/><F33/><W60/><G29/><T30/><D30/><U9/><E9/><V61/><AGARI ba="0,1" hai="7,11,14,36,43,45,46,51,55,61,62,63,93,94" machi="61" ten="30,3000,0" yaku="1,1,0,1,53,0" doraHai="79" doraHaiUra="87" who="2" fromWho="2" sc="370,-10,110,-10,210,40,300,-10" /><INIT seed="2,1,0,1,5,51" ten="360,100,250,290" oya="2" hai0="96,93,84,97,16,134,103,98,130,30,115,54,118" hai1="74,13,1,41,79,86,37,72,89,82,112,116,90" hai2="83,110,10,52,122,0,15,73,76,8,101,99,29" hai3="107,109,59,25,46,35,128,6,9,42,36,95,120"/><V21/><F122/><W2/><G107/><T26/><D115/><U66/><E1/><V81/><F110/><W114/><G109/><T65/><D130/><U23/><E112/><V56/><F83/><W91/><G128/><T67/><D134/><U48/><E116/><V39/><F39/><W119/><G119/><T19/><D118/><U129/><E37/><V85/><F73/><W126/><G126/><T71/><D54/><U104/><E104/><V70/><F70/><W68/><G68/><T132/><D132/><U43/><E129/><V87/><F87/><W117/><G117/><T80/><D71/><U121/><E121/><V127/><F0/><W57/><G114/><T77/><D96/><U123/><E123/><V106/><F127/><W12/><G2/><T47/><D47/><U105/><E105/><V102/><F102/><W94/><G94/><N who="0" m="58839" /><D30/><U55/><E66/><N who="0" m="25097" /><D26/><U17/><E74/><V40/><F40/><W45/><G45/><T11/><D11/><U20/><E20/><V124/><F124/><W111/><G111/><T49/><D49/><U32/><E32/><V108/><F108/><W125/><G125/><T14/><D14/><U62/><E62/><V69/><F69/><W113/><G120/><T88/><AGARI ba="1,0" hai="16,19,77,80,84,88,93,97" m="25097,58839" machi="88" ten="30,4000,0" yaku="8,1,54,2" doraHai="51" who="0" fromWho="0" sc="360,43,100,-11,250,-21,290,-11" /><INIT seed="3,0,0,0,4,22" ten="403,89,229,279" oya="3" hai0="105,77,117,33,71,24,3,90,128,48,86,111,66" hai1="96,113,10,92,0,57,133,110,50,49,12,15,135" hai2="101,5,32,89,21,104,2,115,61,80,73,78,43" hai3="14,88,127,83,129,42,16,79,36,19,30,125,72"/><W81/><G36/><T124/><D117/><U39/><E39/><V123/><F115/><W52/><G42/><T98/><D3/><U134/><E113/><V122/><F61/><W6/><G6/><T8/><D8/><U29/><E110/><V54/><F54/><W132/><G129/><T106/><D111/><U65/><E0/><V97/><F21/><W51/><G132/><T85/><D48/><U58/><E29/><V46/><F89/><W20/><G30/><T1/><D1/><U126/><E126/><N who="3" m="48138" /><G19/><T82/><D124/><U95/><E10/><N who="2" m="2359" /><F32/><W74/><G81/><T76/><D82/><U44/><E96/><V63/><F97/><W55/><G55/><T100/><D33/><U109/><E109/><V40/><F40/><W59/><G88/><T64/><D128/><U28/><E28/><V112/><F43/><W75/><AGARI ba="0,0" hai="14,16,20,51,52,59,72,74,75,79,83" m="48138" machi="75" ten="30,6000,0" yaku="18,1,54,2" doraHai="22" who="3" fromWho="3" sc="403,-20,89,-20,229,-20,279,60" /><INIT seed="3,1,0,1,0,112" ten="383,69,209,339" oya="3" hai0="82,11,69,96,24,135,49,122,31,108,26,35,101" hai1="58,125,68,111,4,102,44,71,34,123,118,116,25" hai2="79,92,7,128,126,86,38,59,12,45,76,50,56" hai3="63,95,28,117,32,80,83,98,29,46,87,105,36"/><W64/><G105/><T70/><D122/><U110/><E102/><V120/><F38/><W65/><G117/><N who="1" m="45162" /><E4/><V66/><F126/><W73/><G73/><T107/><D108/><N who="1" m="41515" /><E25/><V16/><F128/><W54/><G36/><T13/><D135/><U124/><E34/><V30/><F30/><N who="3" m="11883" /><G32/><T127/><D127/><N who="1" m="48715" /><E123/><V94/><F7/><W37/><G37/><T103/><D26/><U113/><E113/><V106/><F106/><W40/><G40/><T22/><D101/><U85/><E85/><V57/><F66/><W114/><G46/><T130/><D130/><U72/><E72/><V48/><F120/><W129/><G129/><T84/><D35/><U53/><E44/><V42/><F48/><AGARI ba="1,0" hai="48,53,58,68,71" m="48715,41515,45162" machi="48" ten="40,16000,3" yaku="12,1,14,1,18,1,34,2,52,3" doraHai="112" who="1" fromWho="2" sc="383,0,69,163,209,-163,339,0" owari="383,48.3,232,-16.8,46,-45.4,339,13.9" /></mjloggm>