<mjloggm ver="2.3"><GO type="225" lobby="0"/><UN n0="%E6%81%AC%E6%B7%A1%E5%AF%82%E5%AF%9E" n1="%6D%75%75%6D%75%72%61" n2="%E3%81%AF%E3%82%88%E3%81%8A%E3%81%98%E3%81%95%E3%82%93" n3="%E7%99%BD%E9%9B%AA%E4%B9%83%E6%84%9B" dan="16,16,16,16" rate="2138.31,2171.78,2193.33,2057.91" sx="F,F,M,F"/><TAIKYOKU oya="0"/><INIT seed="0,0,0,4,0,51" ten="250,250,250,250" oya="0" hai0="75,127,59,84,78,50,41,37,68,129,123,49,2" hai1="118,32,104,99,113,35,74,20,105,119,111,87,53" hai2="125,103,90,46,58,110,9,85,14,64,21,86,77" hai3="96,62,39,89,36,132,82,122,8,79,26,15,98"/><T29/><D123/><U25/><E74/><V23/><F110/><W107/><G132/><T133/><D2/><U71/><E111/><V24/><F125/><W112/><G122/><T97/><D75/><U88/><E71/><V116/><F116/><W3/><G112/><T73/><D73/><U56/><E113/><V1/><F1/><W92/><G3/><T6/><D6/><U43/><E43/><V115/><F115/><W70/><G26/><T7/><D7/><U40/><E40/><V93/><F103/><W120/><G120/><T81/><D68/><U38/><E38/><V126/><F126/><W131/><G131/><T106/><D129/><U135/><E135/><V13/><F46/><W22/><G22/><N who="2" m="8201" /><F24/><W65/><G98/><T108/><D133/><U34/><E118/><V30/><F30/><W109/><G107/><T114/><D29/><U80/><E99/><V18/><F13/><W95/><G95/><T31/><D31/><U12/><E12/><V16/><F18/><W63/><G63/><T100/><D108/><U102/><E102/><V48/><F64/><W44/><G44/><N who="0" m="23599" /><D127/><U66/><E66/><V121/><F121/><W42/><G42/><T27/><D27/><U19/><REACH who="1" step="1"/><E119/><REACH who="1" ten="250,240,250,250" step="2"/><V11/><F11/><W134/><G134/><T69/><D69/><U5/><E5/><V10/><F9/><W0/><G109/><T33/><D114/><U91/><E91/><V17/><F10/><W45/><G0/><T67/><D33/><U52/><E52/><N who="2" m="32007" /><F14/><W54/><G15/><T83/><D67/><U117/><E117/><V94/><F77/><RYUUKYOKU ba="0,1" sc="250,-15,240,15,250,15,250,-15" hai1="19,20,25,32,34,35,53,56,80,87,88,104,105" hai2="16,17,85,86,90,93,94" /><INIT seed="1,1,1,4,3,28" ten="235,255,265,235" oya="1" hai0="112,68,92,11,15,102,44,75,94,62,133,80,78" hai1="93,83,90,20,61,51,81,12,72,131,109,111,60" hai2="86,57,85,59,95,32,135,69,19,38,48,98,134" hai3="70,52,96,116,41,23,30,89,37,7,91,127,132"/><U128/><E51/><V26/><F69/><W31/><G70/><T97/><D112/><U45/><E45/><V103/><F38/><W110/><G110/><N who="1" m="41994" /><E20/><N who="2" m="13599" /><F32/><W49/><G132/><N who="2" m="50729" /><F59/><W24/><G127/><T14/><D133/><U129/><E12/><V79/><F79/><W106/><G116/><T50/><D15/><U126/><E126/><V74/><F74/><W113/><G113/><T122/><D68/><U115/><E115/><V5/><F5/><W10/><G30/><T6/><D62/><N who="1" m="24171" /><E72/><V35/><F35/><W54/><G37/><T34/><D34/><U63/><N who="1" m="24179" /><U47/><DORA hai="9" /><E47/><V76/><F76/><W3/><G41/><T105/><REACH who="0" step="1"/><D122/><REACH who="0" ten="225,255,265,235" step="2"/><U101/><E101/><V118/><F118/><W120/><G120/><T123/><D123/><U8/><E8/><V64/><F64/><W58/><REACH who="3" step="1"/><G54/><AGARI ba="1,2" hai="6,11,14,44,50,54,75,78,80,92,94,97,102,105" machi="54" ten="30,7700,0" yaku="1,1,7,1,52,1,53,1" doraHai="28,9" doraHaiUra="119,46" who="0" fromWho="3" sc="225,100,255,0,265,0,235,-80" /><AGARI ba="1,0" hai="48,54,57,85,86,95,98,103" m="50729,13599" machi="54" ten="30,1000,0" yaku="20,1" doraHai="28,9" who="2" fromWho="3" sc="325,0,255,0,265,10,155,-10" /><INIT seed="2,0,0,4,2,84" ten="325,255,275,145" oya="2" hai0="1,115,2,0,127,21,72,20,77,130,22,68,116" hai1="117,52,92,29,120,9,31,11,8,47,80,104,60" hai2="114,110,44,100,33,128,96,87,107,94,63,112,7" hai3="56,131,125,122,48,111,119,132,6,28,67,12,51"/><V23/><F33/><W85/><G119/><T10/><D68/><U66/><E104/><V126/><F7/><W36/><G122/><T14/><D72/><U82/><E117/><V55/><F23/><W134/><G36/><T17/><D116/><U79/><E120/><V46/><F63/><W70/><G28/><N who="1" m="10826" /><E79/><V86/><F55/><W81/><G111/><T88/><D77/><U30/><E30/><V62/><F62/><W105/><G105/><T113/><D130/><U42/><E42/><V18/><F18/><W135/><G125/><T50/><D50/><N who="1" m="28767" /><E92/><V95/><F44/><W4/><G131/><T59/><D59/><AGARI ba="0,0" hai="8,9,11,59,60,66,80,82" m="28767,10826" machi="59" ten="30,2000,0" yaku="8,1,54,1" doraHai="84" who="1" fromWho="0" sc="325,-20,255,20,275,0,145,0" /><INIT seed="3,0,0,0,1,56" ten="305,275,275,145" oya="3" hai0="30,134,25,101,68,49,120,52,113,112,132,71,116" hai1="66,133,18,21,89,12,122,95,11,128,19,82,42" hai2="29,129,98,61,1,111,67,34,15,130,4,104,62" hai3="39,93,65,3,43,117,13,14,26,92,2,102,64"/><W69/><G117/><T60/><D120/><U91/><E122/><V88/><F111/><W38/><G26/><T46/><D116/><U51/><E128/><N who="2" m="49259" /><F1/><W75/><G43/><T0/><D0/><U35/><E133/><N who="0" m="51305" /><D101/><U135/><E35/><V83/><F67/><W76/><G76/><T78/><D78/><U79/><E135/><V8/><F104/><W23/><G23/><N who="0" m="15679" /><D60/><U32/><E32/><V31/><F98/><W22/><G22/><T131/><D131/><U17/><E66/><V109/><F109/><W28/><G28/><N who="2" m="10825" /><F34/><W9/><G9/><T73/><D73/><U47/><E21/><V126/><F126/><W58/><G58/><T55/><D55/><U121/><E121/><V127/><F127/><W84/><G84/><AGARI ba="0,0" hai="4,8,15,61,62,83,84,88" m="10825,49259" machi="84" ten="30,7700,0" yaku="19,1,52,2,54,1" doraHai="56" who="2" fromWho="3" sc="305,0,275,0,275,77,145,-77" owari="305,10.5,275,-12.5,352,45.2,68,-43.2" /></mjloggm>