<mjloggm ver="2.3"><GO type="225" lobby="0"/><UN n0="%E5%B0%8F%E5%AE%AE%E3%81%9F%E3%81%9A%E3%81%8D" n1="%6B%79%6F%6E%6B%6F%31%31" n2="%E6%98%93%E5%88%A9%E8%96%A9%E4%BC%AF" n3="%E6%B8%A9%E2%98%85%E6%83%85%E2%98%85%E6%8E%AA%E2%98%85%E7%BD%AE" dan="16,16,16,17" rate="2098.21,2146.95,2117.95,2153.47" sx="F,M,F,M"/><TAIKYOKU oya="0"/><INIT seed="0,0,0,2,3,38" ten="250,250,250,250" oya="0" hai0="23,49,64,127,27,76,42,122,21,56,61,71,26" hai1="1,121,29,124,46,50,78,135,80,22,55,72,130" hai2="0,86,95,113,102,28,5,69,108,20,97,44,75" hai3="84,53,48,68,9,103,39,128,92,19,96,65,116"/><T90/><D122/><U32/><E121/><V93/><F75/><W70/><G39/><T13/><D127/><U8/><E124/><V40/><F69/><W131/><G116/><T120/><D120/><U10/><E130/><N who="3" m="49706" /><G65/><T105/><D105/><U18/><E135/><V89/><F108/><W12/><G84/><T114/><D114/><U31/><E32/><V94/><F113/><W54/><G54/><T74/><D74/><U41/><E55/><V82/><F0/><W77/><G77/><T7/><D76/><U33/><E33/><V104/><F5/><W91/><G103/><T129/><D129/><U47/><E47/><AGARI ba="0,0" hai="9,12,19,47,48,53,68,70,91,92,96" m="49706" machi="47" ten="30,1000,0" yaku="19,1" doraHai="38" who="3" fromWho="1" sc="250,0,250,-10,250,0,250,10" /><INIT seed="1,0,0,1,0,26" ten="250,240,250,260" oya="1" hai0="86,30,106,4,123,10,55,77,31,79,62,23,80" hai1="65,3,105,104,124,102,11,131,75,7,112,115,110" hai2="92,50,83,36,120,98,119,103,57,61,54,46,114" hai3="22,13,12,127,125,121,101,96,113,118,116,93,33"/><U133/><E124/><N who="3" m="47690" /><G33/><T40/><D106/><U90/><E131/><V66/><F119/><N who="3" m="45611" /><G113/><T35/><D35/><U82/><E133/><V89/><F120/><W73/><G121/><T84/><D123/><U56/><E110/><V27/><F114/><W52/><G73/><T129/><D129/><U34/><E34/><V42/><F27/><W5/><G5/><T51/><D62/><U122/><E122/><V74/><F74/><W53/><G22/><T97/><D40/><U100/><E105/><V9/><F9/><W70/><G70/><T60/><D60/><N who="1" m="38023" /><E104/><V58/><REACH who="2" step="1"/><F83/><REACH who="2" ten="250,240,240,260" step="2"/><W1/><G1/><T99/><D10/><U87/><E115/><V28/><F28/><N who="0" m="10794" /><D23/><U72/><E112/><V20/><F20/><W67/><G67/><T69/><D69/><U21/><E75/><V71/><F71/><W8/><G8/><T49/><D4/><U15/><E72/><V29/><F29/><W25/><G25/><T47/><D49/><U17/><E3/><V37/><F37/><W39/><G39/><T126/><D126/><U48/><E48/><V38/><F38/><W135/><G135/><T107/><D107/><U128/><E128/><V76/><F76/><N who="0" m="29258" /><D80/><U43/><E7/><V0/><F0/><W117/><G117/><T45/><D45/><U18/><E43/><V6/><F6/><W2/><G2/><T16/><D16/><U68/><E68/><V95/><F95/><W94/><G93/><T44/><D44/><U134/><E134/><V111/><F111/><W91/><G94/><T24/><D24/><AGARI ba="0,1" hai="11,15,17,18,21,24,82,87,90,100,102" m="38023" machi="24" ten="30,1500,0" yaku="8,1" doraHai="26" who="1" fromWho="0" sc="250,-15,240,25,240,0,260,0" /><INIT seed="1,1,0,0,0,21" ten="235,265,240,260" oya="1" hai0="53,131,113,93,50,25,26,108,55,59,12,54,82" hai1="39,120,85,22,4,81,3,129,11,110,28,52,17" hai2="109,94,29,132,65,104,42,67,2,74,114,123,62" hai3="61,105,127,78,103,1,122,27,97,101,18,57,34"/><U37/><E120/><V8/><F104/><W86/><G122/><T84/><D113/><U6/><E129/><V20/><F123/><W118/><G127/><T106/><D106/><U75/><E75/><V41/><F74/><W96/><G1/><T126/><D131/><U56/><E28/><V10/><F109/><W23/><G118/><T32/><D108/><U92/><E4/><V98/><F132/><W13/><G34/><T87/><D126/><U5/><E5/><V135/><F114/><W7/><G78/><N who="0" m="46167" /><D32/><U117/><E92/><V111/><F135/><W133/><G133/><T36/><D36/><U77/><E117/><V76/><F67/><W46/><G86/><T88/><D12/><U24/><REACH who="1" step="1"/><E110/><REACH who="1" ten="235,255,240,260" step="2"/><V60/><F29/><W38/><G105/><T83/><D93/><U79/><E79/><V124/><F76/><W19/><G7/><T128/><D128/><U30/><E30/><V116/><F94/><W90/><G103/><T125/><D125/><U9/><E9/><V134/><F111/><W58/><G101/><T102/><D102/><U115/><E115/><V68/><F124/><W66/><G90/><T0/><D0/><U121/><E121/><V99/><F2/><W70/><G96/><N who="2" m="36905" /><F116/><W72/><G97/><T40/><D59/><U73/><E73/><V15/><F134/><W71/><G72/><T45/><AGARI ba="1,1" hai="25,26,40,45,50,53,54,55,83,87,88" m="46167" machi="45" ten="30,7900,0" yaku="8,1,52,2,54,1" doraHai="21" who="0" fromWho="0" sc="235,92,255,-40,240,-21,260,-21" /><INIT seed="2,0,0,4,4,15" ten="327,215,219,239" oya="2" hai0="115,129,117,108,53,18,24,80,8,76,119,68,34" hai1="125,65,96,103,120,47,17,51,73,69,92,48,20" hai2="90,26,112,52,35,13,71,100,22,98,40,128,10" hai3="109,93,91,9,30,23,63,88,31,134,64,114,77"/><V50/><F112/><W99/><G109/><T107/><D108/><U1/><E125/><V74/><F74/><W131/><G114/><T41/><D115/><U75/><E1/><V12/><F71/><W70/><G134/><T127/><D107/><U106/><E120/><V104/><F35/><W58/><G131/><T78/><D68/><U95/><E51/><V29/><F128/><W27/><G77/><T126/><D41/><U67/><E73/><V101/><F40/><W33/><G70/><T49/><D129/><U14/><E75/><V46/><F101/><N who="3" m="60655" /><G9/><T16/><D8/><U97/><E69/><V56/><F90/><N who="3" m="34347" /><G33/><T32/><D49/><U124/><E124/><V133/><F133/><W7/><G7/><T2/><D80/><U122/><E122/><V118/><F118/><W132/><G132/><T45/><D24/><U59/><E59/><V54/><REACH who="2" step="1"/><F10/><REACH who="2" ten="327,215,209,239" step="2"/><W113/><G113/><T116/><D116/><U85/><E85/><V0/><F0/><W79/><G79/><T86/><D2/><U81/><E81/><V25/><F25/><W105/><G105/><T39/><D86/><U82/><E82/><V5/><F5/><W84/><G84/><T87/><D87/><U43/><E106/><V55/><F55/><W28/><AGARI ba="0,1" hai="23,27,28,30,31,58,63,64" m="34347,60655" machi="28" ten="30,4000,0" yaku="25,1,8,1,54,1" doraHai="15" who="3" fromWho="3" sc="327,-10,215,-10,209,-20,239,50" /><INIT seed="3,0,0,3,0,95" ten="317,205,189,289" oya="3" hai0="45,119,80,43,131,99,110,123,75,122,0,91,38" hai1="117,15,77,96,30,1,135,89,52,126,55,111,19" hai2="98,109,104,112,129,100,59,39,68,51,61,103,5" hai3="124,56,81,120,22,49,53,36,4,16,11,6,48"/><W101/><G120/><T66/><D119/><U65/><E1/><V73/><F112/><W24/><G36/><T20/><D110/><U34/><E111/><V83/><F109/><W60/><G124/><T62/><D131/><U29/><E126/><V14/><F39/><W67/><G101/><T107/><D0/><U9/><E135/><V50/><F68/><W47/><G81/><T72/><D20/><U13/><E65/><V102/><F129/><W25/><G11/><T93/><D107/><U69/><E69/><V23/><F73/><W113/><G113/><T108/><D108/><U64/><E64/><V54/><F83/><W84/><G84/><T10/><D10/><U130/><E77/><V127/><F127/><W118/><G118/><T28/><D28/><U41/><E41/><V35/><F35/><W70/><G25/><T26/><D26/><U76/><E76/><V106/><F5/><W94/><G94/><T12/><D12/><U37/><E37/><V86/><F86/><W87/><G87/><T57/><REACH who="0" step="1"/><D80/><REACH who="0" ten="307,205,189,289" step="2"/><U114/><E130/><V7/><F7/><W27/><G27/><T82/><D82/><U128/><E128/><V134/><F134/><W92/><G92/><T105/><D105/><U31/><E114/><V17/><F103/><W121/><G121/><AGARI ba="0,1" hai="38,43,45,57,62,66,72,75,91,93,99,121,122,123" machi="121" ten="40,2600,0" yaku="1,1,52,1,53,0" doraHai="95" doraHaiUra="3" who="0" fromWho="3" sc="307,36,205,0,189,0,289,-26" owari="343,44.3,205,-19.5,189,-31.1,263,6.3" /></mjloggm>