<mjloggm ver="2.3"><GO type="225" lobby="0"/><UN n0="%E9%80%86%E9%80%A3%E5%B8%AF%E3%81%AE%E9%AC%BC" n1="%4E%6F%2E%30%30%30%31" n2="%E3%81%86%E3%82%8B%E3%81%8A%E3%81%A1%E3%82%83" n3="%E9%80%9F%E6%B0%B4%E5%87%9B%E9%A6%99" dan="16,18,16,17" rate="2138.07,2245.42,2120.03,2165.61" sx="M,M,F,F"/><TAIKYOKU oya="0"/><INIT seed="0,0,0,3,1,29" ten="250,250,250,250" oya="0" hai0="126,105,91,57,104,112,56,64,68,95,60,34,84" hai1="11,73,63,69,93,101,100,128,102,22,99,71,83" hai2="66,55,9,67,35,6,79,10,90,5,114,44,12" hai3="117,46,18,33,127,36,26,82,15,121,119,52,13"/><T89/><D112/><U77/><E128/><V53/><F114/><W116/><G127/><T76/><D126/><U48/><E22/><V0/><F79/><W47/><G121/><T7/><D7/><U27/><E27/><V96/><F35/><W1/><G1/><T92/><D34/><U16/><E48/><V81/><F55/><W131/><G131/><T129/><D129/><U37/><E37/><V123/><F123/><W58/><G36/><T97/><REACH who="0" step="1"/><D76/><REACH who="0" ten="240,250,250,250" step="2"/><U108/><E108/><V41/><F6/><W59/><G33/><T118/><D118/><U28/><E28/><V24/><F5/><W78/><G119/><T20/><D20/><U86/><E77/><V109/><F10/><W110/><G117/><T2/><D2/><U125/><E125/><V65/><F9/><W70/><G116/><T45/><D45/><U42/><E11/><V19/><F44/><W80/><G46/><T32/><D32/><U61/><E71/><V23/><F0/><W39/><G70/><T74/><D74/><U25/><E73/><V3/><F109/><W17/><G110/><T31/><D31/><U124/><E69/><V14/><F3/><W62/><G78/><T50/><D50/><U87/><E124/><V75/><F75/><W88/><G47/><T113/><D113/><U120/><E120/><V134/><F23/><N who="3" m="13679" /><G39/><T21/><D21/><U130/><E130/><V40/><F19/><W43/><G18/><T106/><AGARI ba="0,1" hai="56,57,60,64,68,84,89,91,92,95,97,104,105,106" machi="106" ten="30,3000,0" yaku="1,1,0,1,53,0" doraHai="29" doraHaiUra="8" who="0" fromWho="0" sc="240,40,250,-10,250,-10,250,-10" /><INIT seed="0,1,0,2,5,0" ten="280,240,240,240" oya="0" hai0="74,33,91,68,108,18,11,34,67,135,59,2,58" hai1="101,29,23,7,80,92,78,41,117,121,5,61,24" hai2="102,65,72,109,124,107,26,116,52,20,51,1,89" hai3="133,6,122,53,63,115,98,13,43,36,14,70,94"/><T86/><D135/><U3/><E117/><V35/><F1/><W42/><G115/><T129/><D129/><U28/><E121/><V103/><F35/><W60/><G133/><T93/><D74/><U15/><E3/><V123/><F72/><W54/><G122/><T100/><D108/><U69/><E41/><N who="3" m="15370" /><G36/><T64/><D100/><N who="2" m="38442" /><F107/><W39/><G70/><T95/><D68/><U44/><E44/><N who="2" m="27751" /><F123/><W134/><G39/><T73/><D73/><U27/><E15/><N who="3" m="5642" /><G6/><N who="1" m="2058" /><E69/><V99/><F124/><W25/><G25/><N who="1" m="9802" /><E23/><V32/><F32/><W62/><G134/><T8/><D2/><U38/><E38/><V82/><F65/><W125/><G125/><T31/><D34/><U83/><E61/><N who="3" m="15618" /><W21/><DORA hai="22" /><G21/><T19/><D33/><U84/><E83/><V12/><F109/><W105/><G105/><T48/><D67/><U130/><E130/><V79/><F116/><W57/><G57/><T75/><D58/><U85/><E85/><N who="2" m="48351" /><F12/><W76/><G53/><T88/><D64/><U30/><E30/><N who="2" m="17735" /><F99/><AGARI ba="1,0" hai="28,29,78,80,84,92,99,101" m="9802,2058" machi="99" ten="30,12000,2" yaku="8,1,52,6" doraHai="0,22" who="1" fromWho="2" sc="280,0,240,123,240,-123,240,0" /><INIT seed="1,0,0,5,4,83" ten="280,363,117,240" oya="1" hai0="59,0,122,109,45,98,88,42,12,86,37,90,64" hai1="61,101,87,40,33,117,102,81,70,14,77,28,3" hai2="47,119,93,1,13,10,2,82,51,126,67,129,65" hai3="35,32,110,56,55,68,99,27,6,124,112,85,131"/><U58/><E70/><V115/><F119/><W31/><G112/><T60/><D109/><U66/><E3/><V52/><F126/><W53/><G68/><T121/><D0/><U133/><E117/><V84/><F129/><W107/><G110/><T44/><D44/><U116/><E116/><V7/><F115/><W25/><G131/><T23/><D98/><U5/><E133/><V120/><F120/><W11/><G124/><T95/><D90/><U30/><E40/><V39/><F39/><W132/><G132/><T34/><D34/><U97/><E33/><V18/><F1/><W128/><G128/><T76/><D76/><U54/><E66/><N who="2" m="25099" /><F2/><W43/><G43/><T20/><REACH who="0" step="1"/><D12/><REACH who="0" ten="270,363,117,240" step="2"/><U22/><E97/><V16/><F93/><W94/><G94/><T92/><D92/><U41/><E101/><V9/><F9/><W113/><G11/><T125/><D125/><U71/><E102/><V106/><F106/><W123/><G107/><T74/><D74/><U48/><E22/><AGARI ba="0,1" hai="20,22,23,37,42,45,59,60,64,86,88,95,121,122" machi="22" ten="40,5200,0" yaku="1,1,52,1,54,1,53,0" doraHai="83" doraHaiUra="103" who="0" fromWho="1" sc="270,62,363,-52,117,0,240,0" /><INIT seed="2,0,0,2,1,24" ten="332,311,117,240" oya="2" hai0="68,26,113,62,18,84,32,11,10,48,116,50,42" hai1="125,59,64,89,61,52,13,102,94,92,123,36,35" hai2="4,49,37,70,55,1,132,3,29,103,57,85,5" hai3="90,98,95,23,130,109,133,101,63,56,20,65,134"/><V7/><F132/><N who="3" m="50795" /><G109/><T38/><D113/><U0/><E0/><V67/><F37/><W75/><G75/><T114/><D114/><U88/><E35/><V54/><F103/><W53/><G130/><T87/><D38/><U66/><E36/><V100/><F100/><W14/><G14/><T107/><D107/><U76/><E125/><V78/><F29/><W77/><G77/><T33/><D18/><U47/><E76/><V121/><F121/><W82/><G53/><T119/><D68/><U86/><E123/><V79/><F55/><W97/><G82/><T105/><D105/><AGARI ba="0,0" hai="20,23,56,63,65,90,95,97,98,101,105" m="50795" machi="105" ten="30,1000,0" yaku="20,1" doraHai="24" who="3" fromWho="0" sc="332,-10,311,0,117,0,240,10" /><INIT seed="3,0,0,0,0,129" ten="322,311,117,250" oya="3" hai0="82,67,3,89,46,31,119,21,105,13,2,122,98" hai1="118,78,131,55,42,102,28,20,109,128,110,135,27" hai2="93,47,0,44,76,30,51,116,124,11,39,108,92" hai3="56,87,74,103,97,14,113,120,64,6,43,57,9"/><W45/><G120/><T58/><D119/><U18/><E135/><V59/><F116/><W32/><G74/><T29/><D122/><U25/><E118/><V10/><F108/><N who="1" m="41577" /><E42/><V24/><F124/><W48/><G32/><T15/><D46/><U114/><E114/><V40/><F76/><W85/><G113/><T16/><D105/><U69/><E69/><V68/><F68/><W70/><G70/><T77/><D15/><U4/><E78/><V49/><F59/><W17/><G17/><T37/><D37/><U112/><E112/><V1/><F24/><W121/><G121/><T62/><D2/><U83/><E83/><V72/><F30/><W65/><G56/><T126/><D3/><U79/><E79/><V96/><F96/><W60/><REACH who="3" step="1"/><G64/><REACH who="3" ten="322,311,117,240" step="2"/><T19/><D19/><U53/><E4/><V133/><F40/><W91/><G91/><T61/><D126/><U7/><E7/><V63/><F63/><W104/><AGARI ba="0,1" hai="6,9,14,43,45,48,57,60,65,85,87,97,103,104" machi="104" ten="20,3900,0" yaku="1,1,0,1,7,1,53,0" doraHai="129" doraHaiUra="50" who="3" fromWho="3" sc="322,-13,311,-13,117,-13,240,49" /><INIT seed="3,1,0,5,0,70" ten="309,298,104,289" oya="3" hai0="106,24,27,28,79,1,99,29,6,90,124,85,107" hai1="48,5,116,39,69,77,118,130,100,37,40,13,96" hai2="105,123,18,73,49,68,132,84,63,47,75,110,95" hai3="121,14,55,30,8,25,4,109,52,34,108,56,126"/><W67/><G121/><T66/><D124/><U54/><E69/><V81/><F105/><W3/><G126/><T15/><D1/><U82/><E130/><V72/><F123/><W86/><G86/><T46/><D66/><U111/><E111/><N who="3" m="42570" /><G67/><T104/><D79/><U23/><E40/><V92/><F110/><W51/><G55/><T53/><D99/><U89/><E89/><V74/><N who="2" m="18432" /><DORA hai="62" /><V112/><F112/><W83/><G83/><T102/><D102/><U64/><E64/><V120/><F120/><W93/><G93/><T127/><D127/><U87/><E23/><V91/><F132/><W50/><G51/><T41/><D53/><U103/><E13/><AGARI ba="1,0" hai="3,4,8,13,14,25,30,34,50,52,56" m="42570" machi="13" ten="30,5800,0" yaku="14,1,10,1,54,1" doraHai="70,62" who="3" fromWho="1" sc="309,0,298,-61,104,0,289,61" owari="309,10.9,237,-16.3,104,-39.6,350,45.0" /></mjloggm>