<mjloggm ver="2.3"><GO type="225" lobby="0"/><UN n0="%E6%A0%B9%E5%85%83%E3%81%8B%E3%82%89%E5%90%B9%E3%81%A3%E9%A3%9B%E3%81%B6" n1="%74%61%6B%65%2D%79%6F%75" n2="%65%2D%73%65%70%65%6E%3B" n3="%E4%B8%89%E5%86%A0%E7%8E%8B%E3%83%BB%E5%B1%B1%E7%94%B0%E5%93%B2%E4%BA%BA" dan="16,16,17,16" rate="2153.62,2174.46,2150.59,2128.39" sx="F,M,M,M"/><TAIKYOKU oya="0"/><INIT seed="0,0,0,2,5,13" ten="250,250,250,250" oya="0" hai0="38,32,132,5,54,43,16,74,129,37,31,23,95" hai1="107,80,39,0,52,88,8,11,2,89,84,28,133" hai2="122,99,68,79,113,64,27,117,75,44,40,25,110" hai3="106,67,118,135,96,9,87,70,4,66,45,94,65"/><T115/><D115/><U81/><E133/><V34/><F113/><W78/><G118/><T6/><D74/><U93/><E107/><V22/><F122/><W15/><G135/><T108/><D132/><U1/><E39/><V98/><F117/><W131/><G131/><T76/><D129/><U97/><E28/><V17/><F110/><W26/><G106/><T112/><D112/><U58/><REACH who="1" step="1"/><E81/><REACH who="1" ten="250,240,250,250" step="2"/><V59/><F68/><W57/><G70/><T49/><D37/><U130/><E130/><V128/><F128/><W109/><G109/><T7/><D31/><U126/><E126/><V83/><F34/><W62/><G45/><T29/><D29/><U51/><AGARI ba="0,1" hai="0,1,2,8,11,51,52,58,80,84,88,89,93,97" machi="51" ten="30,12000,2" yaku="1,1,0,1,54,2,53,2" doraHai="13" doraHaiUra="85" who="1" fromWho="1" sc="250,-60,240,130,250,-30,250,-30" /><INIT seed="1,0,0,5,1,5" ten="190,370,220,220" oya="1" hai0="61,98,100,64,63,75,21,30,25,18,108,80,52" hai1="9,96,11,51,13,31,85,50,130,88,41,122,54" hai2="79,36,133,113,94,76,65,53,97,71,32,62,23" hai3="14,125,38,84,34,57,110,134,103,83,15,70,17"/><U86/><E122/><V7/><F32/><W2/><G70/><T89/><D108/><U77/><E130/><V22/><F36/><W72/><G110/><T105/><D64/><U82/><E31/><V26/><F133/><W47/><G2/><T59/><D63/><U66/><E66/><V24/><F113/><W126/><G72/><T40/><D40/><U99/><E41/><V49/><F7/><W102/><G34/><T55/><D55/><U111/><E111/><V104/><F104/><W12/><G134/><T109/><D109/><U39/><E39/><V90/><F22/><W48/><G57/><T37/><D37/><U45/><E50/><V56/><REACH who="2" step="1"/><F26/><REACH who="2" ten="190,370,210,220" step="2"/><W128/><G38/><T117/><D117/><U101/><E13/><V74/><F74/><W119/><G12/><T67/><D75/><U46/><E46/><V10/><F10/><N who="1" m="3593" /><E101/><V29/><AGARI ba="0,1" hai="23,24,29,49,53,56,62,65,71,76,79,90,94,97" machi="29" ten="20,5200,0" yaku="1,1,0,1,7,1,53,1" doraHai="5" doraHaiUra="91" who="2" fromWho="2" sc="190,-13,370,-26,210,62,220,-13" /><INIT seed="2,0,0,4,5,110" ten="177,344,272,207" oya="2" hai0="32,118,19,77,111,49,52,128,30,125,85,4,14" hai1="43,78,83,39,26,67,133,105,117,17,100,130,12" hai2="108,72,51,107,109,46,62,134,11,64,114,41,58" hai3="21,65,127,75,68,47,44,95,63,103,106,86,122"/><V90/><F72/><W119/><G119/><T59/><D111/><N who="2" m="42570" /><F107/><W129/><G122/><T101/><D118/><U15/><E105/><V37/><F11/><W23/><G75/><T116/><D116/><U8/><E8/><V84/><F134/><W61/><G127/><T24/><D125/><U113/><E78/><V56/><F90/><W98/><G129/><T70/><D128/><U2/><E100/><V31/><F84/><W7/><G7/><T99/><D70/><U115/><E2/><V74/><F31/><W94/><G106/><T79/><D4/><U96/><E133/><V120/><F74/><W80/><G95/><T132/><D85/><U81/><E83/><V27/><F27/><W54/><G63/><T25/><D25/><U87/><E26/><V126/><F126/><W16/><G54/><T6/><D6/><U48/><E81/><V36/><F120/><W97/><G97/><T38/><D38/><N who="2" m="14954" /><F58/><W9/><G9/><T13/><D132/><U40/><E87/><V60/><F60/><W10/><G10/><T50/><D14/><U104/><E15/><V33/><F33/><W76/><G23/><T53/><D99/><U18/><E96/><V121/><F121/><W93/><G93/><T131/><D101/><U123/><E104/><V124/><F124/><W29/><G29/><T55/><D131/><U69/><E130/><V5/><F5/><W1/><G1/><T88/><D88/><U71/><E123/><V34/><F34/><W22/><REACH who="3" step="1"/><G21/><REACH who="3" ten="177,344,272,197" step="2"/><N who="0" m="11503" /><D59/><U45/><E117/><V28/><F28/><W66/><G66/><T57/><D57/><RYUUKYOKU ba="0,1" sc="177,10,344,-30,272,10,197,10" hai0="24,30,32,49,50,52,53,55,77,79" hai2="41,46,51,56,62,64,114" hai3="16,22,44,47,61,65,68,76,80,86,94,98,103" /><INIT seed="2,1,1,3,1,81" ten="187,314,282,207" oya="2" hai0="57,83,110,2,86,23,16,109,111,46,113,92,98" hai1="90,114,49,97,80,37,134,30,106,26,36,39,61" hai2="101,40,28,58,15,84,27,11,100,132,31,22,72" hai3="123,133,129,41,127,89,108,17,66,94,29,117,47"/><V33/><F72/><W131/><G117/><T6/><D113/><U50/><E114/><V44/><F132/><W13/><G123/><T116/><D116/><U5/><E134/><V75/><F75/><W88/><G133/><T103/><D57/><U34/><E5/><V120/><F120/><W14/><G108/><T99/><D99/><U107/><E61/><V126/><F126/><W63/><G29/><T10/><D46/><U73/><E73/><V51/><F58/><N who="3" m="37239" /><G127/><T71/><D71/><U93/><E80/><V25/><REACH who="2" step="1"/><F84/><REACH who="2" ten="187,314,272,207" step="2"/><N who="3" m="52487" /><G131/><T104/><D104/><U64/><E107/><V38/><F38/><W35/><G129/><T67/><D67/><U70/><E106/><V69/><F69/><W78/><G47/><T59/><D59/><U54/><E70/><V79/><F79/><W85/><G78/><T135/><D135/><U7/><E64/><V130/><F130/><W118/><G118/><T8/><D109/><U77/><E77/><V62/><F62/><W55/><G85/><T43/><D111/><U122/><E122/><V45/><F45/><W96/><G96/><T91/><D110/><U18/><E97/><V24/><F24/><W21/><G41/><T115/><D43/><U95/><E36/><V65/><F65/><W48/><G48/><T32/><D86/><U56/><E39/><V60/><F60/><W9/><G55/><T87/><D87/><U1/><E54/><V53/><F53/><W76/><G76/><T125/><D125/><U68/><E37/><V121/><F121/><W52/><G52/><T82/><D98/><U4/><E68/><RYUUKYOKU ba="1,2" sc="187,-10,314,-10,272,30,207,-10" hai2="11,15,22,25,27,28,31,33,40,44,51,100,101" /><INIT seed="2,2,2,4,1,11" ten="177,304,302,197" oya="2" hai0="72,37,96,58,59,49,22,126,121,6,129,86,125" hai1="10,15,87,82,14,109,1,63,93,27,128,7,41" hai2="19,56,61,90,78,99,122,98,105,88,64,69,75" hai3="17,133,46,36,124,47,79,77,43,100,135,8,117"/><V91/><F122/><W45/><G117/><T66/><D121/><U84/><E109/><V106/><F78/><N who="3" m="29707" /><G124/><N who="0" m="47723" /><D72/><U25/><E128/><V120/><F75/><W103/><G43/><T104/><D129/><U29/><E41/><V32/><F120/><W2/><G36/><T30/><D37/><U68/><E93/><V38/><F38/><W116/><G116/><T42/><D6/><U24/><E29/><V114/><F114/><W89/><G89/><T134/><D134/><N who="3" m="51209" /><G17/><T107/><D86/><U101/><E84/><V23/><F32/><W28/><G28/><T57/><D66/><U20/><E87/><V65/><F65/><W54/><G54/><N who="0" m="31951" /><D42/><U21/><E82/><V95/><F69/><W50/><G50/><T51/><D96/><U67/><E68/><V62/><F98/><W52/><G52/><N who="0" m="32031" /><D59/><U9/><E67/><V60/><F56/><W53/><G53/><T33/><D33/><U12/><E63/><V113/><F64/><W16/><G16/><T48/><D48/><U70/><E70/><V94/><F113/><W127/><G127/><T102/><D102/><U97/><E101/><V85/><REACH who="2" step="1"/><F91/><REACH who="2" ten="177,304,292,197" step="2"/><W74/><G74/><T40/><D40/><U13/><E97/><V112/><F112/><W81/><G103/><T131/><D131/><U110/><E110/><V118/><F118/><W55/><G100/><T76/><D76/><U132/><E132/><V111/><F111/><W130/><G130/><T80/><D80/><U34/><E34/><V83/><F83/><W115/><G81/><T0/><D0/><U44/><N who="1" m="3072" /><DORA hai="108" /><U3/><E3/><RYUUKYOKU ba="2,3" sc="177,15,304,-15,292,15,197,-15" hai0="22,30,104,107" hai2="19,23,60,61,62,85,88,90,94,95,99,105,106" /><INIT seed="2,3,3,3,0,2" ten="192,289,307,182" oya="2" hai0="91,76,110,77,132,51,42,62,21,33,107,56,57" hai1="27,127,88,15,32,17,97,39,45,81,122,79,114" hai2="84,112,54,102,19,87,92,48,43,24,13,50,35" hai3="93,116,119,85,61,41,98,78,106,26,20,46,6"/><V64/><F112/><W130/><G130/><T80/><D33/><U0/><E114/><V22/><F64/><W59/><G106/><T109/><D107/><U29/><E127/><V82/><F35/><W11/><G85/><N who="0" m="50599" /><D132/><U4/><E122/><V67/><F67/><W12/><G78/><N who="0" m="30315" /><D62/><U37/><E32/><V111/><F111/><N who="0" m="42506" /><D21/><U108/><E108/><V120/><F120/><W69/><G69/><T94/><D94/><U74/><E79/><V118/><F118/><W125/><G125/><T49/><D49/><U70/><E70/><V73/><F73/><W95/><G119/><T10/><D10/><U101/><E74/><V60/><F43/><W83/><G116/><T36/><D36/><U16/><E37/><V47/><F50/><N who="3" m="26959" /><G83/><T75/><D75/><U89/><E81/><V90/><F60/><W7/><G98/><T40/><D40/><U34/><E97/><N who="2" m="59687" /><F87/><W53/><G95/><T115/><D115/><U117/><E39/><V38/><F38/><W135/><G93/><T14/><D14/><AGARI ba="3,3" hai="13,14,19,22,24,47,48,54,82,84,90" m="59687" machi="14" ten="30,1500,0" yaku="8,1" doraHai="2" who="2" fromWho="0" sc="192,-24,289,0,307,54,182,0" /><INIT seed="2,4,0,4,2,83" ten="168,289,361,182" oya="2" hai0="47,51,45,73,80,13,98,74,39,103,109,68,133" hai1="115,17,34,89,21,107,110,121,130,122,60,40,79" hai2="59,76,94,100,104,20,38,87,66,117,11,105,106" hai3="8,134,120,86,25,22,48,64,43,92,102,33,69"/><V113/><F38/><W3/><G120/><N who="1" m="46186" /><E115/><V72/><F117/><W111/><G33/><T81/><D109/><U132/><E110/><V53/><F113/><W18/><G111/><T116/><D68/><U119/><E119/><V75/><F66/><W97/><G134/><T42/><D116/><U6/><E132/><V114/><F11/><W54/><G43/><T108/><D108/><U30/><E130/><V112/><F20/><W1/><G8/><T12/><D133/><U27/><E107/><V63/><F94/><W125/><G125/><T90/><D73/><U41/><E79/><V123/><F100/><W52/><G54/><T29/><D29/><U70/><E6/><V28/><F28/><W7/><G7/><T131/><D131/><U88/><E70/><V10/><F123/><W124/><G124/><T9/><D74/><U95/><E60/><V126/><F72/><W91/><G64/><T49/><D90/><N who="1" m="34923" /><E95/><V96/><F105/><W37/><G69/><T78/><D78/><U101/><E101/><V26/><F104/><W85/><G37/><T57/><D98/><U84/><E84/><V71/><F96/><W16/><G18/><N who="0" m="8463" /><D103/><U31/><E31/><V44/><F106/><W93/><G86/><T19/><D39/><U4/><E4/><V129/><F112/><W127/><G127/><T56/><D80/><U62/><E62/><V5/><F114/><W15/><G25/><AGARI ba="4,0" hai="17,21,25,27,30,34,40,41" m="34923,46186" machi="25" ten="30,2000,0" yaku="13,1,54,1" doraHai="83" who="1" fromWho="3" sc="168,0,289,32,361,0,182,-32" /><INIT seed="3,0,0,1,4,44" ten="168,321,361,150" oya="3" hai0="86,49,129,16,117,75,45,96,131,119,13,81,31" hai1="11,30,58,102,51,69,53,121,18,6,71,60,2" hai2="47,72,64,29,92,135,28,9,26,40,54,41,87" hai3="109,52,134,83,116,130,68,14,105,89,113,27,106"/><W37/><G113/><T0/><D0/><U97/><E121/><V91/><F72/><W15/><G116/><T38/><D38/><U3/><E30/><V123/><F64/><W107/><G68/><T95/><D75/><U111/><E111/><V61/><F123/><W23/><G109/><T132/><D31/><N who="2" m="11850" /><F26/><W12/><G37/><T62/><D62/><U4/><E18/><V36/><F36/><W1/><G1/><T120/><D95/><U94/><E60/><V84/><F9/><AGARI ba="0,0" hai="2,3,4,6,9,11,51,53,58,69,71,94,97,102" machi="9" ten="40,2600,0" yaku="9,1,52,1" doraHai="44" who="1" fromWho="2" sc="168,0,321,26,361,-26,150,0" owari="168,-23.2,347,44.7,335,13.5,150,-35.0" /></mjloggm>