<mjloggm ver="2.3"><GO type="225" lobby="0"/><UN n0="%6D%75%75%6D%75%72%61" n1="%E5%BE%80%E5%B9%B4%E3%81%AE%E3%82%B4%E3%83%AA%E3%83%A9" n2="%4E%6F%2E%30%30%30%31" n3="%E3%81%AF%E3%82%88%E3%81%8A%E3%81%98%E3%81%95%E3%82%93" dan="16,16,18,16" rate="2152.80,2108.55,2227.62,2099.06" sx="F,M,M,M"/><TAIKYOKU oya="0"/><INIT seed="0,0,0,1,1,25" ten="250,250,250,250" oya="0" hai0="134,72,57,80,110,125,105,7,47,31,130,54,45" hai1="93,78,88,21,51,99,11,4,117,39,132,69,87" hai2="113,2,127,36,26,124,128,46,19,52,62,90,73" hai3="100,84,108,94,44,107,109,0,8,77,27,86,63"/><T102/><D130/><U115/><E39/><V17/><F113/><W23/><G107/><T34/><D125/><N who="2" m="48202" /><F128/><W89/><G100/><T41/><D134/><U40/><E117/><V126/><N who="2" m="48210" /><V104/><DORA hai="131" /><F2/><W70/><G44/><T9/><D110/><U83/><E69/><V20/><F73/><W35/><G35/><T101/><D34/><U5/><E132/><V76/><F76/><W118/><G118/><T106/><D31/><U114/><E21/><V59/><F104/><W66/><G8/><T96/><D102/><U60/><E60/><V42/><F90/><W122/><G0/><T121/><D105/><U85/><E85/><V29/><AGARI ba="0,0" hai="17,19,20,26,29,36,42,46,52,59,62" m="48210" machi="29" ten="40,5200,0" yaku="18,1,52,1,54,1" doraHai="25,131" who="2" fromWho="2" sc="250,-26,250,-13,250,52,250,-13" /><INIT seed="1,0,0,1,2,24" ten="224,237,302,237" oya="1" hai0="79,29,70,102,18,123,104,105,11,106,42,118,52" hai1="101,8,73,49,134,107,127,96,37,54,91,74,28" hai2="76,46,58,27,26,97,117,34,63,92,62,44,17" hai3="5,120,31,10,48,14,88,56,7,65,36,47,86"/><U90/><E37/><V115/><F117/><W20/><G120/><T60/><D118/><U113/><E113/><V119/><F119/><W35/><G35/><T98/><D123/><U21/><E134/><V133/><F133/><W33/><G33/><T43/><D79/><U75/><E127/><V69/><F115/><W85/><G36/><T0/><D70/><U132/><E132/><V121/><F121/><W64/><G5/><T122/><D29/><U22/><E8/><V114/><F76/><W4/><G7/><T89/><D89/><U45/><REACH who="1" step="1"/><E22/><REACH who="1" ten="224,227,302,237" step="2"/><V51/><F114/><W84/><G10/><T81/><D122/><U80/><E80/><V66/><F34/><W83/><G4/><T12/><D81/><U130/><E130/><V2/><F2/><W38/><G38/><T78/><D0/><U1/><E1/><V53/><F17/><W135/><G135/><T23/><D23/><U103/><E103/><V99/><F44/><W32/><G32/><T126/><D126/><U112/><E112/><V110/><F46/><W108/><G47/><T6/><D18/><U131/><E131/><V13/><F110/><W129/><G108/><T3/><D3/><U25/><AGARI ba="0,1" hai="21,25,28,45,49,54,73,74,75,90,91,96,101,107" machi="25" ten="40,7800,0" yaku="1,1,0,1,52,1,53,0" doraHai="24" doraHaiUra="30" who="1" fromWho="1" sc="224,-26,227,88,302,-26,237,-26" /><INIT seed="1,1,0,0,1,2" ten="198,315,276,211" oya="1" hai0="28,104,67,84,100,108,89,123,14,85,133,57,48" hai1="73,79,26,125,44,94,74,106,91,117,1,9,87" hai2="119,53,32,97,131,70,93,107,56,75,45,25,71" hai3="68,31,110,40,124,72,29,11,4,20,39,95,121"/><U18/><E117/><V49/><F119/><W118/><G118/><T37/><D37/><U47/><E125/><V43/><F107/><W111/><G121/><T120/><D108/><N who="3" m="41513" /><G68/><T3/><D3/><U55/><E106/><V65/><F75/><W50/><G72/><T34/><D133/><U7/><E74/><V129/><F32/><W58/><G124/><T62/><D84/><U38/><E38/><N who="2" m="21751" /><F25/><W63/><G39/><T22/><D34/><U109/><E109/><V115/><F115/><W8/><G8/><T17/><D28/><U105/><E105/><V0/><F0/><N who="3" m="391" /><G95/><T66/><D66/><U122/><E122/><V42/><F42/><W35/><G20/><T59/><D120/><U64/><E64/><V98/><F93/><W112/><G112/><T80/><D123/><U102/><E55/><V132/><F71/><W19/><G19/><T88/><D104/><U60/><E73/><V30/><F30/><W76/><G76/><T46/><D89/><U24/><E79/><V16/><F16/><W113/><G113/><T36/><D36/><U86/><E18/><V101/><F101/><W15/><G15/><T69/><REACH who="0" step="1"/><D100/><REACH who="0" ten="188,315,276,211" step="2"/><U99/><E102/><V81/><F132/><W27/><G29/><T92/><D92/><U130/><E94/><V114/><F114/><W96/><G35/><T103/><D103/><U10/><E1/><V21/><F65/><N who="3" m="39159" /><G31/><T41/><AGARI ba="1,1" hai="14,17,22,41,46,48,57,59,62,67,69,80,85,88" machi="41" ten="20,5200,0" yaku="1,1,0,1,7,1,54,1,53,0" doraHai="2" doraHaiUra="134" who="0" fromWho="0" sc="188,65,315,-27,276,-14,211,-14" /><INIT seed="2,0,0,1,1,9" ten="253,288,262,197" oya="2" hai0="52,32,116,58,83,100,131,112,10,80,102,74,1" hai1="118,110,67,59,106,117,27,73,63,125,48,71,53" hai2="28,13,72,107,78,115,90,43,113,24,87,14,68" hai3="92,94,123,38,64,104,91,31,19,82,120,44,15"/><V132/><F68/><W66/><G104/><T124/><D112/><U135/><E73/><V133/><F43/><W12/><G38/><T85/><D32/><U55/><E106/><V46/><F46/><W16/><G44/><T26/><D131/><U2/><E2/><V42/><F42/><W11/><G31/><T47/><D47/><N who="1" m="27807" /><E27/><V29/><F107/><W129/><G129/><T121/><D121/><U62/><E110/><V35/><F29/><W97/><G82/><T101/><D124/><U134/><E125/><V39/><F39/><W61/><G92/><T126/><D26/><U127/><E127/><V81/><F113/><W57/><G64/><T98/><D126/><U79/><E79/><V56/><F56/><W96/><G97/><T86/><D74/><U54/><E54/><V18/><F115/><W5/><G5/><T41/><D98/><U23/><E23/><AGARI ba="0,0" hai="11,12,15,16,19,23,57,61,66,91,94,96,120,123" machi="23" ten="30,7700,0" yaku="7,1,52,2,54,1" doraHai="9" who="3" fromWho="1" sc="253,0,288,-77,262,0,197,77" /><INIT seed="3,0,0,5,3,47" ten="253,211,262,274" oya="3" hai0="5,99,89,29,129,111,49,36,35,37,105,107,70" hai1="41,62,61,63,9,54,98,114,15,75,102,55,16" hai2="95,44,31,48,20,126,65,116,103,7,18,120,8" hai3="26,135,92,94,71,66,39,13,110,51,76,79,2"/><W25/><G39/><T93/><D70/><U19/><E75/><V106/><F106/><W59/><G2/><T80/><D111/><U74/><E74/><V127/><F116/><W108/><G71/><T87/><D129/><U21/><E41/><V84/><F31/><W10/><G135/><T125/><D125/><N who="2" m="47626" /><F65/><W0/><G0/><T22/><D35/><U78/><E78/><N who="3" m="29738" /><G66/><T131/><D5/><U53/><E114/><V30/><F30/><W24/><G110/><T40/><D131/><U96/><REACH who="1" step="1"/><E102/><REACH who="1" ten="253,201,262,274" step="2"/><V1/><F103/><W123/><G108/><T101/><D37/><U23/><E23/><V91/><F120/><W100/><G100/><T132/><D36/><U83/><E83/><V33/><F33/><W4/><G123/><T109/><D109/><U58/><E58/><V43/><F20/><W82/><G82/><T124/><D124/><U72/><E72/><V112/><F112/><W52/><AGARI ba="0,1" hai="4,10,13,24,25,26,51,52,59,92,94" m="29738" machi="52" ten="30,6000,0" yaku="8,1,52,1,54,1" doraHai="47" who="3" fromWho="3" sc="253,-20,201,-20,262,-20,274,70" owari="233,-16.7,181,-31.9,242,4.2,344,44.4" /></mjloggm>