<mjloggm ver="2.3"><GO type="225" lobby="0"/><UN n0="%E3%81%86%E3%82%8C%E3%81%9F%E3%82%93%E6%9E%95" n1="%E3%82%82%E3%81%90%E3%82%89" n2="%E6%A1%9C%E8%8A%B1%E9%96%83%E3%80%85" n3="%E9%8A%80%E3%81%B0%E3%81%95%E3%81%BF" dan="16,17,17,17" rate="2091.50,2237.27,2138.71,2195.53" sx="F,M,M,M"/><TAIKYOKU oya="0"/><INIT seed="0,0,0,4,2,32" ten="250,250,250,250" oya="0" hai0="14,135,98,110,78,17,25,42,6,10,31,40,97" hai1="34,126,0,133,111,35,120,122,58,23,9,20,107" hai2="129,73,105,57,109,81,59,7,94,26,64,27,46" hai3="125,99,5,62,18,43,101,11,38,45,84,30,86"/><T15/><D135/><U53/><E107/><V69/><F105/><W106/><G125/><T54/><D110/><U2/><E58/><V108/><F69/><W55/><G30/><T63/><D78/><U82/><E82/><V21/><F129/><W74/><G18/><T116/><D116/><U113/><E53/><V33/><F46/><W90/><G74/><T124/><D124/><U19/><E126/><V132/><F132/><W12/><G90/><T128/><D128/><U41/><E41/><N who="0" m="15977" /><D31/><U13/><E133/><V87/><F94/><W39/><G39/><T48/><D25/><U52/><E52/><V104/><F104/><W112/><G112/><T76/><D76/><U92/><E92/><V22/><F7/><W80/><G80/><T103/><D63/><U37/><E37/><V115/><F33/><N who="1" m="12297" /><E111/><V24/><F73/><W44/><REACH who="3" step="1"/><G62/><REACH who="3" ten="250,250,250,240" step="2"/><T51/><D103/><U61/><E61/><V83/><F115/><W67/><G67/><T56/><D51/><AGARI ba="0,1" hai="5,11,12,38,43,44,45,51,55,84,86,99,101,106" machi="51" ten="40,2600,0" yaku="1,1,53,1" doraHai="32" doraHaiUra="95" who="3" fromWho="0" sc="250,-26,250,0,250,0,240,36" /><INIT seed="1,0,0,3,1,106" ten="224,250,250,276" oya="1" hai0="91,115,53,22,95,99,59,68,36,100,131,37,105" hai1="9,107,46,120,77,64,61,48,1,78,113,88,128" hai2="111,123,133,102,129,90,83,58,92,66,74,27,42" hai3="86,11,130,21,30,119,103,26,2,127,13,62,20"/><U16/><E120/><V25/><F123/><W54/><G130/><T89/><D115/><U97/><E113/><V135/><F129/><W17/><G127/><T35/><D35/><U112/><E128/><V33/><F111/><W67/><G119/><T104/><D68/><U18/><E112/><V49/><F102/><W0/><G103/><T122/><D131/><U70/><E1/><V134/><F33/><W65/><G65/><T94/><D122/><U7/><E7/><V10/><F10/><W75/><G75/><T23/><D105/><U52/><E107/><V51/><F66/><W132/><G132/><T24/><D22/><U63/><E63/><V82/><F58/><W6/><G86/><T126/><D126/><U57/><E70/><V4/><F4/><W8/><G54/><T80/><D80/><N who="2" m="30762" /><F74/><W14/><G67/><T125/><D104/><U79/><E9/><V81/><N who="2" m="30770" /><V116/><DORA hai="40" /><F116/><W28/><G62/><T5/><D5/><U101/><E101/><V60/><F60/><W43/><G43/><T55/><D55/><U69/><E69/><V47/><F51/><W41/><G41/><T76/><D125/><U93/><AGARI ba="0,0" hai="16,18,46,48,52,57,61,64,77,78,79,88,93,97" machi="93" ten="30,18000,2" yaku="0,1,8,1,52,1,54,3" doraHai="106,40" who="1" fromWho="1" sc="224,-60,250,180,250,-60,276,-60" /><INIT seed="1,1,0,5,3,24" ten="164,430,190,216" oya="1" hai0="27,17,111,134,88,9,16,115,13,79,11,119,106" hai1="97,45,47,129,86,92,94,67,23,103,41,37,117" hai2="10,6,48,124,108,128,116,98,33,64,31,38,100" hai3="4,21,54,63,82,104,58,102,1,77,62,51,131"/><U12/><E117/><V60/><F116/><W20/><G131/><T69/><D119/><U25/><E129/><V95/><F38/><W5/><G104/><T84/><D115/><U8/><E67/><V85/><F128/><W71/><G102/><T107/><D69/><U56/><E56/><V3/><F108/><W96/><G96/><T126/><D111/><U22/><E47/><V65/><F124/><W30/><G1/><T122/><D126/><U57/><E57/><V101/><F101/><W87/><G71/><T46/><D134/><U52/><E52/><V55/><F60/><N who="3" m="23083" /><G21/><T90/><D122/><U120/><E120/><V75/><F75/><W2/><G2/><T53/><D79/><U123/><E123/><V68/><F85/><W76/><G76/><T99/><D90/><U44/><E23/><V32/><F68/><W91/><G77/><T109/><D109/><U127/><E127/><V83/><F83/><W34/><G34/><T0/><D99/><U74/><E74/><V70/><F70/><W112/><G112/><T110/><D110/><U39/><E86/><V130/><F33/><W114/><G114/><T133/><D133/><U105/><E105/><V81/><F81/><W113/><G113/><T43/><D106/><U118/><E118/><V78/><F78/><W59/><G59/><T35/><D107/><U26/><E94/><V125/><F125/><W73/><G73/><T50/><D35/><U36/><E36/><V132/><F132/><W49/><G49/><T66/><D50/><U89/><E103/><V80/><F130/><W93/><G93/><RYUUKYOKU ba="1,0" sc="164,-10,430,-10,190,-10,216,30" hai3="4,5,20,30,51,54,58,82,87,91" /><INIT seed="2,2,0,2,4,44" ten="154,420,180,246" oya="2" hai0="111,6,10,5,4,114,102,55,42,85,7,31,76" hai1="74,19,29,77,45,113,79,86,38,122,58,46,101" hai2="22,105,71,20,21,60,59,30,75,27,106,91,1" hai3="109,67,37,41,69,84,18,127,0,28,33,104,87"/><V50/><F1/><W121/><G121/><T53/><D111/><U73/><E113/><V47/><F75/><W107/><G0/><T90/><D114/><U92/><E122/><V66/><F71/><W96/><G109/><T51/><D102/><U81/><E29/><V23/><REACH who="2" step="1"/><F91/><REACH who="2" ten="154,420,170,246" step="2"/><W49/><G69/><T3/><D76/><U110/><E74/><V100/><F100/><W64/><G127/><T112/><D112/><U123/><E73/><V39/><F39/><W65/><G37/><T115/><D115/><U48/><E77/><V54/><AGARI ba="2,1" hai="20,21,22,23,27,30,47,50,54,59,60,66,105,106" machi="54" ten="30,6000,0" yaku="1,1,0,1,52,1,53,0" doraHai="44" doraHaiUra="135" who="2" fromWho="2" sc="154,-22,420,-22,170,76,246,-22" /><INIT seed="2,3,0,5,4,129" ten="132,398,246,224" oya="2" hai0="4,83,122,102,73,66,51,68,33,69,134,91,26" hai1="127,135,96,21,126,55,54,24,90,101,119,124,0" hai2="9,62,38,23,17,19,14,80,56,1,78,104,40" hai3="10,93,123,67,117,97,70,116,84,34,43,79,63"/><V128/><F128/><W130/><G123/><T29/><D122/><U75/><E135/><V32/><F32/><W100/><G130/><T88/><D102/><U52/><E119/><V111/><F104/><W39/><G34/><T106/><D106/><U35/><E0/><V118/><F118/><W3/><G43/><T12/><D91/><U36/><E36/><V74/><F111/><W16/><G39/><T72/><D51/><U87/><E75/><V121/><F121/><W64/><G64/><T46/><D46/><U103/><E35/><V5/><F19/><W125/><G125/><T49/><D49/><U107/><E101/><V112/><F112/><W99/><G99/><T50/><D50/><U44/><E44/><N who="2" m="23575" /><F56/><W6/><REACH who="3" step="1"/><G16/><REACH who="3" ten="132,398,246,214" step="2"/><T115/><D115/><U7/><E7/><N who="2" m="1263" /><F62/><W131/><G131/><T31/><D31/><N who="1" m="17807" /><E55/><V58/><F58/><W92/><G92/><AGARI ba="3,1" hai="52,54,87,90,92,96,103,107,124,126,127" m="17807" machi="92" ten="30,2000,0" yaku="18,1,54,1" doraHai="129" who="1" fromWho="3" sc="132,0,398,39,246,0,214,-29" /><INIT seed="3,0,0,3,4,38" ten="132,437,246,185" oya="3" hai0="134,68,132,124,32,20,131,1,130,86,5,57,88" hai1="25,45,99,12,7,2,103,89,62,80,118,11,117" hai2="113,16,58,71,56,73,126,28,74,84,78,6,30" hai3="97,27,33,14,3,48,9,39,83,92,120,111,55"/><W34/><G120/><T70/><D32/><U75/><E25/><V61/><F113/><W22/><G39/><T79/><D79/><N who="1" m="44159" /><E117/><V98/><F71/><N who="0" m="27178" /><D5/><U112/><E62/><V19/><F126/><W63/><G3/><T135/><D1/><U94/><E112/><V37/><F37/><W67/><G83/><N who="0" m="49247" /><D124/><U35/><E35/><V96/><F84/><W18/><G63/><T100/><D100/><U93/><E93/><V123/><F61/><W0/><G67/><T106/><D106/><N who="1" m="63871" /><E45/><V66/><F78/><W129/><G0/><T64/><D64/><U90/><E90/><V8/><F66/><W133/><G33/><T41/><D57/><U122/><E122/><V36/><F6/><W23/><G34/><T10/><D10/><U101/><E101/><V51/><F8/><W59/><G9/><T91/><D91/><U81/><E81/><V43/><F58/><W82/><G59/><T53/><D53/><U102/><E102/><V24/><F56/><W69/><G55/><T52/><D20/><U116/><E2/><V13/><F123/><W4/><G23/><T105/><D105/><U119/><E94/><V77/><F77/><W50/><G92/><T121/><D121/><U40/><E89/><V127/><F127/><W85/><G22/><T87/><D87/><U29/><E29/><V72/><F30/><W21/><G69/><T128/><D52/><U110/><E110/><V76/><F73/><W125/><G111/><T26/><D26/><U65/><E65/><V49/><F74/><W114/><G125/><T115/><D115/><U31/><E31/><RYUUKYOKU ba="0,0" sc="132,15,437,15,246,-15,185,-15" hai0="41,128,130,131,132,134,135" hai1="7,11,12,40,116,118,119" owari="147,-35.3,452,55.2,231,3.1,170,-23.0" /></mjloggm>