<mjloggm ver="2.3"><GO type="225" lobby="0"/><UN n0="%E3%81%8F%E3%82%8A%E3%83%94%E3%83%BC" n1="%E3%81%82%E3%83%BC%E3%81%97" n2="%E3%83%A1%E3%82%AC%E3%83%87%E3%82%B8" n3="%E3%81%99%E3%81%84%E3%81%BE%E3%81%9B%E3%83%BC%E3%82%93" dan="16,16,16,16" rate="2112.78,2087.56,2130.95,2170.15" sx="M,M,F,M"/><TAIKYOKU oya="0"/><INIT seed="0,0,0,2,1,59" ten="250,250,250,250" oya="0" hai0="76,12,10,72,130,89,23,9,33,70,119,86,31" hai1="50,35,83,109,54,80,4,106,61,98,71,118,96" hai2="11,115,42,131,134,48,123,102,93,135,87,3,120" hai3="63,65,25,88,20,39,67,15,111,125,84,8,47"/><T100/><D119/><U40/><E118/><V44/><F115/><W124/><G111/><T99/><D130/><U7/><E35/><V53/><F131/><W36/><G67/><T56/><D70/><U69/><E40/><V97/><F87/><W27/><G47/><T6/><D33/><U62/><E50/><V19/><F42/><W74/><G74/><T28/><D23/><U0/><E54/><V114/><F114/><W32/><G32/><T60/><D10/><U52/><E52/><V17/><F3/><W94/><G15/><T37/><D76/><U24/><E24/><N who="3" m="9290" /><G20/><T5/><D5/><U128/><E128/><V55/><F55/><W78/><G8/><T116/><D37/><U41/><E41/><V117/><F117/><W2/><G78/><T82/><D72/><U29/><E29/><V113/><F113/><W16/><G16/><N who="2" m="6217" /><F11/><W79/><G79/><T46/><D46/><U110/><E106/><V26/><F26/><W30/><G2/><AGARI ba="0,0" hai="0,2,4,7,61,62,69,71,80,83,96,98,109,110" machi="2" ten="25,6400,0" yaku="22,2,52,2" doraHai="59" who="1" fromWho="3" sc="250,0,250,64,250,0,250,-64" /><INIT seed="1,0,0,2,5,83" ten="250,314,250,186" oya="1" hai0="39,103,5,61,50,72,93,14,84,110,65,17,75" hai1="4,44,35,106,58,81,118,54,47,41,133,0,16" hai2="126,37,130,113,109,66,105,102,119,68,63,23,52" hai3="31,9,6,117,79,88,2,111,124,69,53,57,112"/><U59/><E118/><V94/><F119/><W99/><G112/><T85/><D39/><U11/><E35/><V15/><F109/><W128/><G117/><T22/><D75/><U89/><E106/><V48/><F126/><W82/><G69/><T97/><D72/><U135/><E47/><V3/><F3/><W32/><G124/><T120/><D110/><U71/><E71/><V115/><F105/><W107/><G111/><T62/><D120/><U40/><E40/><V34/><F34/><W33/><G31/><T73/><D73/><U116/><E116/><V104/><F104/><W1/><G1/><T91/><D103/><U95/><E81/><V98/><F37/><W10/><G10/><N who="0" m="4431" /><D50/><U25/><E41/><V24/><F15/><W8/><G8/><T20/><D20/><N who="1" m="13447" /><E44/><V30/><REACH who="2" step="1"/><F130/><REACH who="2" ten="250,314,240,186" step="2"/><W56/><G107/><T7/><D7/><U86/><E54/><V127/><F127/><W134/><G128/><T108/><D108/><U100/><E100/><V21/><F21/><W42/><G42/><T123/><D123/><U64/><E64/><V19/><F19/><W70/><G53/><T125/><D125/><U43/><E43/><V101/><F101/><W87/><G33/><T55/><D65/><U129/><E129/><V18/><F18/><W78/><G32/><T60/><D55/><U29/><E29/><V28/><F28/><W67/><G67/><T27/><AGARI ba="0,1" hai="17,22,27,60,61,62,84,85,91,93,97" m="4431" machi="27" ten="30,4000,0" yaku="8,1,52,2" doraHai="83" who="0" fromWho="0" sc="250,50,314,-20,240,-10,186,-10" /><INIT seed="2,0,0,5,5,65" ten="300,294,230,176" oya="2" hai0="13,12,82,87,53,80,40,38,62,93,95,36,117" hai1="107,116,34,69,67,129,122,8,46,37,111,1,127" hai2="81,74,92,103,98,115,58,119,23,83,89,30,3" hai3="64,11,85,17,96,73,7,27,68,14,63,22,120"/><V44/><F115/><W135/><G135/><T15/><D117/><U88/><RYUUKYOKU type="yao9" ba="0,0" sc="300,0,294,0,230,0,176,0" hai1="1,8,34,37,46,67,69,88,107,111,116,122,127,129" /><INIT seed="2,1,0,1,3,41" ten="300,294,230,176" oya="2" hai0="97,80,60,54,68,23,126,28,88,117,67,102,66" hai1="82,121,31,134,87,127,105,132,55,108,110,10,90" hai2="118,109,85,35,61,26,111,79,6,73,3,46,52" hai3="133,107,131,15,4,22,19,122,20,51,7,48,45"/><V92/><F118/><W106/><G122/><T83/><D126/><U9/><E31/><N who="2" m="19959" /><F73/><W8/><G131/><T44/><D117/><U74/><E105/><V69/><F69/><W114/><G133/><N who="1" m="51306" /><E127/><V47/><F6/><W135/><G135/><T2/><D2/><U1/><E74/><V123/><F3/><W64/><G114/><T58/><D68/><U37/><E1/><V129/><F123/><W17/><G64/><T25/><D102/><U18/><E37/><V101/><F79/><W75/><G75/><T27/><D25/><U104/><E104/><V81/><F101/><W0/><G51/><N who="0" m="29031" /><D66/><U93/><E55/><V70/><F92/><AGARI ba="1,0" hai="23,27,28,58,60,67,80,83,88,92,97" m="29031" machi="92" ten="30,3900,0" yaku="8,1,52,1,54,1" doraHai="41" who="0" fromWho="2" sc="300,42,294,0,230,-42,176,0" /><INIT seed="3,0,0,4,1,65" ten="342,294,188,176" oya="3" hai0="88,90,48,129,87,2,41,50,92,93,40,49,1" hai1="98,133,4,69,79,23,66,32,128,7,106,54,109" hai2="84,22,135,78,52,120,26,85,83,116,61,115,101" hai3="102,19,77,64,75,119,31,110,9,58,53,89,82"/><W67/><G119/><T132/><D129/><U112/><E112/><V24/><F115/><W121/><G121/><T59/><D132/><U16/><E133/><V73/><F116/><W127/><G127/><T38/><D38/><U113/><E113/><V123/><F101/><W5/><G102/><T99/><REACH who="0" step="1"/><D59/><REACH who="0" ten="332,294,188,176" step="2"/><U33/><E128/><V131/><F131/><W11/><G110/><T28/><D28/><U21/><E109/><V14/><F135/><W18/><G31/><T34/><D34/><U68/><E79/><V103/><F123/><W3/><G89/><T20/><D20/><U86/><E23/><V30/><F120/><W63/><REACH who="3" step="1"/><G11/><REACH who="3" ten="332,294,188,166" step="2"/><T74/><D74/><U25/><E106/><V39/><F73/><W111/><G111/><T71/><D71/><U56/><E69/><V57/><F103/><W81/><G81/><T60/><D60/><U80/><E68/><V27/><F30/><W125/><G125/><T105/><D105/><U70/><E70/><V94/><F94/><W114/><G114/><T130/><D130/><U45/><E80/><V100/><F100/><W126/><G126/><T17/><D17/><AGARI ba="0,2" hai="3,5,9,17,18,19,53,58,63,64,67,75,77,82" machi="17" ten="40,3900,0" yaku="1,1,53,1" doraHai="65" doraHaiUra="51" who="3" fromWho="0" sc="332,-39,294,0,188,0,166,59" /><INIT seed="3,1,0,1,5,38" ten="293,294,188,225" oya="3" hai0="129,112,96,65,113,60,102,44,37,10,11,20,70" hai1="58,54,51,68,100,49,115,106,118,109,104,92,90" hai2="79,30,8,76,19,98,121,123,81,93,42,125,14" hai3="82,133,127,77,62,114,15,7,120,71,117,1,72"/><W3/><G120/><N who="2" m="46153" /><F125/><W47/><G114/><N who="0" m="44139" /><D129/><U46/><E115/><V101/><F30/><W119/><G127/><T29/><D37/><U21/><E68/><V52/><F81/><W84/><G15/><T73/><D44/><U66/><E109/><V64/><F64/><W89/><G47/><T110/><D73/><U111/><E111/><V41/><F52/><W27/><G89/><T26/><D110/><U128/><E128/><V61/><F61/><W2/><G62/><T34/><D20/><U13/><E100/><V99/><F99/><W6/><G84/><T48/><D48/><U12/><E106/><AGARI ba="1,0" hai="10,11,26,29,34,60,65,70,96,102,106" m="44139" machi="106" ten="30,2000,0" yaku="25,1,11,1" doraHai="38" who="0" fromWho="1" sc="293,23,294,-23,188,0,225,0" owari="316,41.6,271,7.1,188,-31.2,225,-17.5" /></mjloggm>