<mjloggm ver="2.3"><GO type="225" lobby="0"/><UN n0="%E9%80%9F%E6%B0%B4%E5%87%9B%E9%A6%99" n1="%72%61%6B%33" n2="%E3%81%8B%E3%82%8F%E3%81%A1%E3%82%83%E3%82%93%35%38" n3="%72%69%6F%75%63%68%61%6E" dan="16,17,16,17" rate="2119.93,2155.82,2146.84,2256.79" sx="F,M,M,M"/><TAIKYOKU oya="0"/><INIT seed="0,0,0,2,1,105" ten="250,250,250,250" oya="0" hai0="91,41,59,22,56,5,113,70,49,87,132,101,47" hai1="44,21,4,58,1,75,82,110,35,94,30,133,98" hai2="96,92,8,99,80,104,29,64,123,32,71,126,131" hai3="128,85,17,13,119,37,112,65,77,26,73,39,14"/><T86/><D113/><U52/><E110/><V88/><F123/><W43/><G128/><T103/><D132/><U55/><E133/><V125/><F131/><W72/><G112/><T115/><D115/><U114/><E35/><V36/><F36/><W42/><G119/><T31/><D70/><U25/><E114/><V83/><F8/><W50/><G65/><T40/><D5/><U108/><E108/><V121/><F121/><W89/><G26/><N who="0" m="16855" /><D40/><N who="3" m="15401" /><G85/><N who="0" m="32267" /><D91/><U107/><E107/><V24/><F83/><W38/><G89/><T16/><D16/><U0/><E44/><V3/><F3/><W74/><G17/><T60/><D60/><U51/><E55/><V78/><F80/><W124/><G50/><T10/><D10/><U34/><E34/><V79/><F79/><W20/><G20/><T61/><D59/><U67/><E67/><AGARI ba="0,0" hai="41,47,49,56,61,67,101,103" m="32267,16855" machi="67" ten="30,1500,0" yaku="8,1" doraHai="105" who="0" fromWho="1" sc="250,15,250,-15,250,0,250,0" /><INIT seed="0,1,0,5,2,39" ten="265,235,250,250" oya="0" hai0="89,69,84,62,102,1,75,121,130,104,81,29,70" hai1="31,14,135,110,60,129,17,51,92,93,71,0,15" hai2="115,91,119,25,43,5,126,65,87,9,41,54,63" hai3="46,58,101,74,120,131,19,103,16,113,59,64,28"/><T95/><D121/><U112/><E0/><V122/><F115/><W90/><G113/><T53/><D1/><U33/><E112/><V86/><F122/><W123/><G74/><T61/><D29/><U40/><E129/><V12/><F126/><W36/><G131/><T47/><D130/><U100/><E110/><V67/><F119/><W27/><G123/><T73/><D73/><U133/><E71/><V96/><F96/><W85/><G120/><T7/><D7/><U116/><E60/><V68/><F67/><W118/><G118/><T127/><D127/><U99/><E116/><V124/><F124/><W108/><G108/><T45/><D45/><U20/><E14/><V56/><F25/><W42/><G103/><T114/><D114/><U22/><E33/><V21/><F21/><W38/><G101/><T2/><D2/><U18/><E93/><V97/><F97/><W37/><G58/><T10/><D10/><U44/><REACH who="1" step="1"/><E31/><REACH who="1" ten="265,225,250,250" step="2"/><V30/><F30/><W107/><G28/><T125/><D125/><U106/><E106/><V8/><F8/><W66/><G107/><T134/><D61/><U55/><E55/><V6/><F6/><W78/><G66/><T3/><D3/><U77/><E77/><V132/><F68/><W76/><G78/><N who="0" m="44255" /><D70/><U52/><E52/><V80/><F65/><W48/><G76/><T34/><D34/><U4/><E4/><V26/><F54/><W72/><G64/><T128/><D128/><U13/><AGARI ba="1,1" hai="13,15,17,18,20,22,40,44,51,92,99,100,133,135" machi="13" ten="30,8000,1" yaku="1,1,0,1,9,1,52,1,53,1" doraHai="39" doraHaiUra="98" who="1" fromWho="1" sc="265,-41,225,93,250,-21,250,-21" /><INIT seed="1,0,0,2,4,92" ten="224,318,229,229" oya="1" hai0="35,102,17,37,94,23,29,18,69,121,10,127,20" hai1="131,79,6,51,38,68,77,73,50,118,26,128,97" hai2="103,107,24,74,49,48,41,31,47,32,117,106,66" hai3="57,72,110,115,98,126,62,123,108,132,39,124,111"/><U40/><E118/><V43/><F74/><W80/><G123/><T65/><D37/><U135/><E68/><V14/><F117/><W87/><G115/><T83/><D127/><N who="3" m="48681" /><G39/><T122/><D69/><U99/><E38/><V112/><F112/><W55/><G132/><T81/><D65/><U133/><E26/><V5/><F66/><W16/><G72/><T109/><D10/><U11/><E73/><V3/><F3/><W64/><G98/><N who="1" m="37386" /><E77/><V45/><F103/><W9/><G55/><T84/><D102/><U130/><E79/><V2/><F2/><W63/><G63/><T129/><D35/><U67/><E67/><V116/><F116/><W95/><G95/><T70/><D94/><U53/><E40/><V44/><F44/><W114/><G114/><T52/><D70/><U28/><E28/><V8/><AGARI ba="0,0" hai="5,8,14,24,31,32,41,43,45,47,48,49,106,107" machi="8" ten="30,2000,0" yaku="0,1,9,1" doraHai="92" who="2" fromWho="2" sc="224,-5,318,-10,229,20,229,-5" /><INIT seed="2,0,0,5,2,91" ten="219,308,249,224" oya="2" hai0="28,20,88,31,70,61,113,46,134,27,67,40,30" hai1="7,132,35,117,96,107,98,50,43,36,1,93,80" hai2="105,90,109,56,68,47,12,18,25,55,52,121,60" hai3="16,135,110,39,94,119,133,125,97,0,108,115,84"/><V102/><F121/><W72/><G72/><T87/><D113/><U48/><E117/><V129/><F68/><W131/><G119/><T82/><REACH who="0" step="1"/><D134/><REACH who="0" ten="209,308,249,224" step="2"/><N who="3" m="51209" /><G115/><T124/><D124/><U73/><E132/><V29/><F129/><W116/><G125/><T63/><D63/><U106/><E106/><V22/><F109/><W8/><G131/><T15/><D15/><U26/><E107/><V103/><F105/><W59/><G116/><T79/><D79/><U75/><E1/><V53/><F90/><N who="3" m="55511" /><G0/><T19/><D19/><U127/><E127/><V83/><F83/><W114/><G114/><T4/><D4/><U118/><E7/><V57/><F47/><W33/><G108/><T69/><D69/><U34/><E80/><V86/><F86/><W37/><G110/><T58/><D58/><N who="2" m="22634" /><F60/><W44/><G84/><T100/><D100/><N who="2" m="38442" /><F12/><N who="3" m="7175" /><G44/><T17/><D17/><AGARI ba="0,1" hai="17,18,22,25,29,52,53,55" m="38442,22634" machi="17" ten="30,2900,0" yaku="8,1,54,1" doraHai="91" who="2" fromWho="0" sc="209,-29,308,0,249,39,224,0" /><INIT seed="2,1,0,0,0,81" ten="180,308,288,224" oya="2" hai0="89,93,132,125,65,109,24,63,117,97,112,37,74" hai1="49,50,45,10,121,51,34,42,105,59,101,9,127" hai2="88,87,48,79,31,110,6,83,72,120,69,3,80" hai3="104,76,78,126,21,44,119,20,4,91,12,118,32"/><V1/><F120/><W103/><G32/><T7/><D112/><U29/><E121/><V15/><F69/><W57/><G126/><T56/><D125/><U36/><E127/><V39/><F39/><W130/><G130/><T95/><D74/><U41/><E59/><V0/><F110/><W22/><G44/><T134/><D37/><U73/><E73/><V111/><F111/><W52/><G91/><T64/><D109/><U28/><E34/><V68/><F68/><W122/><G122/><T13/><D117/><U94/><E105/><V66/><F66/><W106/><G104/><T113/><D113/><U2/><E2/><V62/><F62/><W61/><G4/><T25/><D65/><U53/><E53/><V67/><F67/><W108/><G108/><T71/><D71/><U129/><E129/><V30/><REACH who="2" step="1"/><F48/><REACH who="2" ten="180,308,278,224" step="2"/><W33/><G119/><T85/><D134/><U77/><E36/><V40/><F40/><W135/><G118/><T131/><D132/><U19/><E42/><V46/><F46/><W58/><G135/><T123/><D131/><U38/><E38/><V17/><F17/><N who="3" m="10279" /><G58/><T43/><D43/><U100/><E41/><V54/><F54/><W102/><G52/><T27/><D123/><U98/><E49/><V26/><F26/><W107/><G57/><T82/><REACH who="0" step="1"/><D97/><REACH who="0" ten="170,308,278,224" step="2"/><U124/><E124/><V115/><F115/><W114/><G114/><T128/><D128/><U55/><E98/><V5/><F5/><W75/><G61/><T16/><D16/><U86/><E19/><V11/><AGARI ba="1,2" hai="0,1,3,6,11,15,30,31,72,79,80,83,87,88" machi="11" ten="40,12000,1" yaku="1,1,0,1,52,1,54,1,53,0" doraHai="81" doraHaiUra="60" who="2" fromWho="2" sc="170,-41,308,-41,278,143,224,-41" /><INIT seed="2,2,0,3,3,40" ten="129,267,421,183" oya="2" hai0="104,18,73,2,107,45,110,113,6,7,79,44,95" hai1="116,46,26,25,5,3,41,15,82,54,93,130,121" hai2="22,64,43,75,123,23,68,56,48,132,63,39,33" hai3="81,80,76,84,105,115,21,124,28,135,34,16,131"/><V96/><F33/><W108/><G108/><T117/><D113/><U4/><E116/><V94/><F75/><W60/><G131/><T49/><D110/><U14/><E130/><V11/><F132/><W92/><G124/><T129/><D129/><U24/><E121/><V114/><F114/><W72/><G115/><T10/><D117/><U57/><E93/><V101/><F11/><W128/><G128/><T83/><D95/><U52/><E82/><V74/><F74/><W20/><G105/><T53/><D18/><U38/><E54/><N who="2" m="31815" /><F123/><W9/><G135/><T0/><D7/><U67/><E67/><V17/><F17/><W13/><G92/><T36/><REACH who="0" step="1"/><D0/><REACH who="0" ten="119,267,421,183" step="2"/><U30/><E4/><V47/><AGARI ba="2,1" hai="22,23,39,43,47,63,64,68,94,96,101" m="31815" machi="47" ten="30,3000,0" yaku="24,1,52,1" doraHai="40" who="2" fromWho="2" sc="119,-12,267,-12,421,46,183,-12" /><INIT seed="2,3,0,5,2,6" ten="107,255,467,171" oya="2" hai0="128,14,24,30,74,41,132,15,12,83,59,4,45" hai1="65,27,38,51,99,97,126,90,55,49,105,112,25" hai2="33,96,82,66,92,104,122,7,108,100,23,111,52" hai3="26,69,8,130,2,117,20,107,115,43,86,110,31"/><V34/><F122/><W75/><G110/><T28/><D132/><U87/><E38/><V72/><F66/><W17/><G117/><T53/><D128/><U134/><E126/><V91/><F23/><W113/><G75/><T58/><D74/><U94/><E112/><N who="3" m="43082" /><G107/><T16/><D83/><U13/><E65/><V106/><F33/><W79/><G69/><T88/><D59/><U73/><E73/><V57/><F34/><W50/><G130/><T67/><D67/><U40/><E134/><V1/><F82/><N who="3" m="47455" /><G2/><T135/><D135/><U0/><E0/><V125/><F125/><W35/><G8/><N who="0" m="4103" /><D45/><U22/><E105/><V119/><F100/><W133/><G133/><T10/><D41/><U44/><E44/><V114/><F119/><W80/><G80/><T9/><D24/><U70/><E27/><V60/><F114/><W89/><G89/><T118/><D88/><U77/><E90/><V19/><F19/><W29/><G35/><T129/><D118/><U121/><E77/><V61/><F61/><W123/><G123/><T63/><D129/><U84/><E70/><V5/><F72/><W127/><G127/><T116/><D116/><U36/><E121/><V85/><F104/><W71/><G71/><T95/><D95/><U102/><E94/><V103/><F1/><W56/><G43/><T32/><D32/><U42/><E40/><V68/><F68/><W120/><G120/><T48/><D48/><U98/><E42/><V3/><F3/><W37/><G37/><T46/><D46/><U39/><E36/><V81/><F108/><W64/><G64/><RYUUKYOKU ba="3,0" sc="107,15,255,-15,467,-15,171,15" hai0="9,10,14,15,16,28,30,53,58,63" hai3="17,20,26,29,31,50,56" /><INIT seed="3,4,0,0,1,6" ten="122,240,452,186" oya="3" hai0="17,89,90,0,77,28,108,131,58,14,40,93,73" hai1="56,129,106,8,128,100,91,46,126,25,47,12,29" hai2="95,3,132,51,87,19,135,101,72,94,22,130,88" hai3="9,2,27,62,49,117,71,7,114,104,50,121,45"/><W115/><G117/><T39/><D108/><U110/><E126/><V109/><F72/><W122/><G104/><T103/><D131/><N who="1" m="50251" /><E110/><V78/><F109/><W107/><G107/><T65/><D0/><U92/><E100/><V38/><F38/><W32/><G49/><T13/><D13/><U1/><E56/><V18/><F3/><W74/><G74/><T84/><D28/><U82/><E82/><V4/><F4/><W124/><G124/><T112/><D112/><N who="3" m="43049" /><G50/><T21/><D40/><U16/><E1/><V120/><F51/><W75/><G45/><T79/><D39/><U43/><E106/><V15/><F130/><W5/><G75/><T31/><D31/><U81/><E81/><V24/><F120/><W57/><G57/><T64/><D73/><U41/><E41/><V127/><F127/><W44/><G44/><T134/><D134/><N who="2" m="51242" /><F78/><W70/><G5/><T76/><D103/><U105/><E105/><V34/><F34/><W113/><N who="3" m="43057" /><W59/><DORA hai="111" /><G59/><T23/><D90/><U42/><E47/><V26/><F101/><W63/><G63/><T133/><D133/><U116/><E46/><V98/><F88/><W11/><G11/><T96/><D96/><N who="1" m="57375" /><E116/><V35/><F98/><W36/><G36/><T123/><D123/><N who="3" m="47113" /><G62/><T37/><D37/><U55/><E55/><V20/><F87/><W125/><G125/><T61/><D65/><U80/><E80/><V53/><F53/><W118/><G118/><T48/><D48/><U69/><E69/><V33/><F95/><W102/><G70/><T99/><D99/><U10/><E10/><AGARI ba="4,0" hai="10,14,17,21,23,58,61,64,76,77,79,84,89,93" machi="10" ten="40,5200,0" yaku="6,1,8,1,52,1" doraHai="6,111" who="0" fromWho="1" sc="122,64,240,-64,452,0,186,0" owari="186,-1.4,176,-32.4,452,55.2,186,-21.4" /></mjloggm>