<mjloggm ver="2.3"><GO type="225" lobby="0"/><UN n0="%E3%81%8B%E3%82%8F%E3%81%A1%E3%82%83%E3%82%93%35%38" n1="%E8%83%83%E3%81%A8%E8%85%B8" n2="%E8%B6%85%E7%B4%9A%E9%B3%B3%E5%87%B0" n3="%E5%B8%86%E7%AB%8B%E5%A4%8F%E8%A1%A3" dan="16,17,16,16" rate="2127.80,2249.15,2139.40,2153.46" sx="M,M,M,M"/><TAIKYOKU oya="0"/><INIT seed="0,0,0,5,1,135" ten="250,250,250,250" oya="0" hai0="5,68,25,100,97,73,49,78,77,26,51,121,29" hai1="111,57,89,81,91,55,79,46,24,14,94,44,106" hai2="6,98,56,47,75,21,130,83,8,92,9,28,30" hai3="23,10,65,103,62,58,71,69,18,31,12,131,17"/><T36/><D121/><U34/><E106/><V15/><F130/><W41/><G131/><T101/><D36/><U99/><E111/><V50/><F56/><W63/><G41/><T1/><D68/><U52/><E89/><V105/><F105/><W126/><G126/><T38/><D38/><U22/><E14/><V3/><F21/><W86/><G31/><T125/><D1/><U120/><E34/><V7/><F83/><W2/><G103/><T117/><D5/><U11/><E11/><V124/><F75/><W96/><G96/><T0/><D0/><U35/><E35/><V74/><F74/><W76/><G63/><T66/><D73/><U48/><E120/><V129/><F129/><W37/><G37/><T123/><D123/><U102/><E102/><V113/><F113/><W4/><G18/><T110/><D66/><U13/><E13/><V27/><F27/><W87/><G87/><T133/><D97/><U39/><E39/><V109/><F109/><W116/><G116/><T84/><D110/><U32/><E32/><V127/><F28/><W60/><G60/><T33/><D33/><U115/><E115/><V128/><F30/><W112/><G112/><T20/><D29/><N who="1" m="17559" /><E55/><N who="2" m="30175" /><F128/><W19/><G19/><T67/><D67/><U45/><E81/><V119/><F119/><W104/><G104/><T118/><D20/><U70/><E70/><V85/><F85/><W64/><G64/><T54/><D84/><U88/><E91/><V42/><F42/><W108/><G108/><T122/><D122/><U72/><E72/><V132/><F132/><W43/><G43/><RYUUKYOKU ba="0,0" sc="250,-30,250,10,250,10,250,10" hai1="44,45,46,48,52,57,79,88,94,99" hai2="3,6,7,8,9,15,92,98,124,127" hai3="2,4,10,12,17,23,58,62,65,69,71,76,86" /><INIT seed="1,1,0,2,2,108" ten="220,260,260,260" oya="1" hai0="19,92,48,27,57,129,130,21,9,10,4,0,14" hai1="111,3,35,101,34,131,60,119,54,70,51,102,58" hai2="55,53,39,41,123,63,76,64,118,116,99,79,72" hai3="7,52,56,5,113,31,94,38,71,66,75,13,40"/><U127/><E119/><V95/><F123/><W69/><G75/><T83/><D83/><U105/><E127/><V91/><F116/><W47/><G113/><T15/><D92/><U73/><E131/><V67/><F67/><W50/><G31/><T36/><D36/><U11/><E73/><V114/><F114/><W125/><G125/><T93/><D93/><U126/><E126/><V6/><F118/><W81/><G81/><T18/><D57/><U117/><E117/><V89/><F6/><W121/><G121/><T98/><D48/><U8/><E111/><V77/><F72/><W59/><G59/><T49/><D49/><U132/><E132/><V110/><F110/><W133/><G133/><T96/><D96/><U109/><E109/><V30/><F30/><W122/><G122/><T88/><D88/><U29/><E3/><V134/><F134/><W87/><G13/><T33/><D98/><U85/><E85/><V32/><F32/><W28/><G28/><AGARI ba="1,0" hai="0,4,9,10,14,15,18,19,21,27,28,33,129,130" machi="28" ten="40,8000,1" yaku="24,2,34,3" doraHai="108" who="0" fromWho="3" sc="220,83,260,0,260,0,260,-83" /><INIT seed="2,0,0,3,5,93" ten="303,260,260,177" oya="2" hai0="90,33,80,22,76,73,129,47,111,114,64,55,65" hai1="130,49,59,104,121,17,116,28,8,110,23,95,127" hai2="15,34,70,58,81,108,13,68,132,105,24,97,89" hai3="11,20,94,103,125,84,12,48,35,128,21,117,99"/><V86/><F132/><W101/><G125/><T5/><D33/><U30/><E104/><V79/><F108/><W62/><G128/><T3/><D114/><U75/><E116/><V119/><F119/><W107/><G117/><T122/><D122/><U27/><E121/><V29/><F58/><W7/><G35/><T26/><D3/><U25/><E110/><V131/><F131/><W63/><G63/><T134/><D5/><U118/><E118/><V92/><REACH who="2" step="1"/><F105/><REACH who="2" ten="303,260,250,177" step="2"/><W42/><G62/><T43/><D111/><U61/><E130/><V50/><F50/><W91/><REACH who="3" step="1"/><G103/><REACH who="3" ten="303,260,250,167" step="2"/><T83/><D129/><U123/><E61/><V57/><F57/><W124/><G124/><T69/><D134/><U39/><E59/><V82/><F82/><W60/><G60/><T85/><D65/><U126/><E126/><V9/><F9/><W51/><G51/><T98/><D64/><U4/><E49/><V67/><F67/><W14/><G14/><AGARI ba="0,2" hai="13,14,15,24,29,34,68,70,79,81,86,89,92,97" machi="14" ten="40,3900,0" yaku="1,1,52,1,53,0" doraHai="93" doraHaiUra="37" who="2" fromWho="3" sc="303,0,260,0,250,59,167,-39" /><INIT seed="2,1,0,5,1,122" ten="303,260,309,128" oya="2" hai0="18,54,97,29,67,96,21,12,70,132,133,64,50" hai1="134,55,113,24,47,95,36,57,48,116,44,26,23" hai2="2,105,59,79,30,33,51,92,63,13,123,75,62" hai3="91,56,9,45,117,103,39,131,93,112,127,10,49"/><V115/><F123/><W108/><G117/><T28/><D97/><U109/><E116/><V31/><F115/><W71/><G71/><T19/><D96/><U0/><E113/><V16/><F105/><W74/><G112/><T107/><D107/><U78/><E134/><N who="0" m="51817" /><D19/><U83/><E0/><V124/><F2/><W120/><G120/><T81/><D81/><U135/><E135/><V84/><F124/><W22/><G127/><T66/><D70/><U4/><E4/><V3/><F3/><W100/><G74/><T20/><D20/><U130/><E130/><V27/><F31/><W111/><G131/><T6/><D6/><U90/><E36/><V72/><F62/><W15/><G103/><T82/><D82/><U102/><E102/><V37/><F37/><W104/><G100/><T101/><D101/><U119/><E119/><V25/><F25/><W99/><G104/><T68/><D68/><U17/><E24/><V43/><F43/><N who="3" m="22783" /><G22/><T110/><D110/><N who="3" m="42025" /><G15/><T34/><D34/><U60/><E109/><V129/><F129/><W5/><G5/><T40/><D40/><U126/><E126/><V94/><F72/><W1/><G1/><T41/><D41/><U69/><E69/><V128/><F75/><W98/><G98/><T53/><D12/><U86/><E23/><V77/><F128/><W73/><G73/><T46/><D21/><U7/><E7/><V11/><F33/><W125/><G125/><T88/><D18/><U76/><E17/><V32/><F16/><W89/><G89/><T35/><D88/><U114/><E114/><V121/><F121/><RYUUKYOKU ba="1,0" sc="303,-10,260,-10,309,-10,128,30" hai3="9,10,49,56,91,93,99" /><INIT seed="3,2,0,4,3,19" ten="293,250,299,158" oya="3" hai0="119,123,59,38,58,129,101,5,85,118,52,39,127" hai1="91,62,104,112,114,54,20,1,125,122,35,110,82" hai2="106,72,25,116,80,128,105,93,77,14,133,103,67" hai3="88,60,17,33,45,102,56,26,24,55,99,79,69"/><W29/><G79/><T15/><D123/><U73/><E122/><V41/><F116/><W12/><G69/><T21/><D39/><U2/><E35/><V6/><F128/><W111/><G111/><T7/><D38/><U49/><E110/><V32/><F133/><W66/><G26/><T90/><D119/><U132/><E132/><V71/><F41/><W11/><G45/><T109/><D109/><U13/><E104/><V121/><F121/><W113/><G113/><T134/><D118/><U31/><E62/><V53/><F53/><W120/><G120/><T42/><D134/><U107/><E107/><V48/><F48/><W124/><G124/><T43/><D101/><U130/><E125/><V68/><F93/><W37/><G37/><T51/><D59/><U46/><E130/><V50/><F50/><W86/><G102/><T34/><D34/><U70/><E70/><N who="2" m="26667" /><F67/><W115/><G115/><T75/><D75/><U61/><E114/><V0/><F14/><W4/><G66/><T92/><D129/><U126/><E126/><V135/><F103/><W131/><G131/><T36/><D127/><U30/><E112/><V89/><F89/><W95/><REACH who="3" step="1"/><G17/><REACH who="3" ten="293,250,299,148" step="2"/><N who="0" m="10431" /><D43/><U3/><E46/><AGARI ba="2,1" hai="5,7,36,42,46,51,52,58,85,90,92" m="10431" machi="46" ten="30,3900,0" yaku="25,1,52,1,54,1" doraHai="19" who="0" fromWho="1" sc="293,55,250,-45,299,0,148,0" owari="348,44.8,205,-19.5,299,9.9,148,-35.2" /></mjloggm>