<mjloggm ver="2.3"><GO type="225" lobby="0"/><UN n0="%E8%90%BD%E6%97%A5" n1="%E5%8D%A0%E3%81%84%E5%B8%AB%E8%A3%8F%E3%81%AA%E3%81%84%E3%81%97" n2="%E3%82%BC%E3%83%AB%E3%83%80%E3%81%AE%E4%BC%9D%E8%AA%AC" n3="%E9%B4%A8%4E%45%47%49" dan="17,17,17,16" rate="2224.64,2182.04,2157.70,2104.71" sx="F,M,M,M"/><TAIKYOKU oya="0"/><INIT seed="0,0,0,2,2,50" ten="250,250,250,250" oya="0" hai0="133,6,84,77,32,75,113,135,27,40,7,130,74" hai1="42,22,17,5,57,128,46,80,36,43,78,81,91" hai2="62,92,67,49,108,10,86,106,117,61,52,83,76" hai3="71,101,115,99,45,8,102,59,55,24,122,0,15"/><T119/><D113/><U56/><E128/><V38/><F106/><W89/><G71/><T87/><D119/><U41/><E5/><N who="0" m="1545" /><D40/><U33/><E33/><V28/><F38/><W68/><G68/><T54/><D130/><U29/><E29/><V96/><F117/><W63/><G0/><T127/><D127/><U109/><E109/><V44/><F108/><W100/><G115/><T82/><D84/><U79/><E91/><V47/><F28/><W103/><G122/><T73/><D27/><U134/><E134/><N who="0" m="51209" /><D32/><U21/><E36/><V66/><F10/><W20/><G45/><T93/><D93/><U26/><E46/><V129/><F129/><W58/><G89/><T70/><D70/><U51/><E22/><V107/><F107/><W123/><G123/><T97/><D97/><U31/><E31/><V114/><F114/><W111/><G111/><T12/><D12/><U132/><E132/><V48/><F92/><N who="3" m="58471" /><G15/><T4/><N who="0" m="1553" /><T2/><DORA hai="116" /><D2/><U125/><E125/><V110/><F96/><W64/><G8/><T90/><D90/><U3/><E3/><V53/><F110/><W13/><G13/><T35/><D35/><U72/><REACH who="1" step="1"/><E51/><REACH who="1" ten="250,240,250,250" step="2"/><V18/><F18/><N who="3" m="12311" /><G103/><T60/><D60/><AGARI ba="0,1" hai="44,47,48,49,52,53,60,61,62,66,67,76,83,86" machi="60" ten="40,8000,1" yaku="9,1,8,1,52,2,54,1" doraHai="50,116" who="2" fromWho="0" sc="250,-80,240,0,250,90,250,0" /><AGARI ba="0,0" hai="55,58,59,60,63,64,101,102" m="12311,58471" machi="60" ten="30,2000,0" yaku="8,1,52,1" doraHai="50,116" who="3" fromWho="0" sc="170,-20,240,0,340,0,250,20" /><INIT seed="1,0,0,3,5,5" ten="150,240,340,270" oya="1" hai0="23,52,32,7,105,102,35,45,14,18,110,98,132" hai1="123,76,63,61,71,48,90,62,70,16,0,104,56" hai2="27,120,12,73,13,124,67,22,129,4,93,91,107" hai3="80,133,21,134,115,87,135,50,79,118,69,103,117"/><U24/><E0/><V109/><F120/><W127/><G69/><T119/><D119/><N who="3" m="45577" /><G21/><T64/><D110/><U60/><E123/><V33/><F107/><W8/><G8/><T10/><D132/><U114/><E114/><V82/><F109/><W53/><G115/><T81/><D64/><U66/><E104/><V30/><F124/><W19/><G19/><T75/><D75/><U112/><E76/><V94/><F129/><W6/><G6/><T29/><D81/><U130/><E112/><V36/><F36/><W113/><G113/><T95/><D105/><U43/><E130/><V59/><F33/><W42/><G42/><T72/><D72/><U111/><E111/><V89/><F73/><N who="3" m="43119" /><G127/><T54/><D45/><U28/><E28/><V34/><F34/><W65/><G65/><T2/><D35/><U86/><E43/><V17/><F4/><W96/><G53/><T26/><AGARI ba="0,0" hai="2,7,10,14,18,23,26,29,32,52,54,95,98,102" machi="26" ten="30,8000,1" yaku="0,1,24,2,52,1,54,1" doraHai="5" who="0" fromWho="0" sc="150,80,240,-40,340,-20,270,-20" /><INIT seed="2,0,0,4,5,114" ten="230,200,320,250" oya="2" hai0="54,79,12,126,70,9,29,5,41,130,11,51,92" hai1="85,16,25,91,57,37,49,89,98,47,132,121,115" hai2="24,36,64,75,30,125,55,61,68,40,113,32,134" hai3="87,1,19,52,101,3,105,46,110,96,127,122,111"/><V48/><F113/><W20/><G122/><T80/><D126/><U76/><E121/><V73/><F134/><W88/><G127/><T117/><D130/><U112/><E37/><V74/><F125/><W38/><G38/><T83/><D70/><U34/><E132/><V65/><F65/><W90/><G90/><T103/><D29/><U104/><E34/><V28/><F28/><W59/><G46/><T66/><D66/><U63/><E104/><V102/><F102/><W31/><G31/><T0/><D41/><U106/><E106/><V72/><F72/><W4/><G4/><T60/><D60/><U62/><E112/><V93/><F93/><N who="3" m="54431" /><G20/><T14/><D0/><U69/><E69/><V56/><F73/><W124/><G19/><T86/><D83/><N who="1" m="47335" /><E115/><V107/><F107/><W2/><G124/><T84/><D117/><U67/><E62/><V21/><F32/><W50/><G3/><T17/><D86/><U13/><E25/><V53/><F53/><W71/><G71/><T94/><REACH who="0" step="1"/><D103/><REACH who="0" ten="220,200,320,250" step="2"/><U45/><E98/><V129/><F129/><W128/><G128/><T95/><D95/><U8/><E47/><AGARI ba="0,1" hai="21,24,30,36,40,47,48,55,56,61,64,68,74,75" machi="47" ten="40,3900,0" yaku="24,2" doraHai="114" who="2" fromWho="1" sc="220,0,200,-39,320,49,250,0" /><AGARI ba="0,0" hai="5,9,11,12,14,17,47,51,54,79,80,84,92,94" machi="47" ten="30,3900,0" yaku="1,1,7,1,8,1,53,0" doraHai="114" doraHaiUra="26" who="0" fromWho="1" sc="220,39,161,-39,369,0,250,0" /><INIT seed="2,1,0,3,4,73" ten="259,122,369,250" oya="2" hai0="111,99,55,10,131,75,77,127,76,26,78,34,57" hai1="98,16,124,86,132,69,20,92,15,2,52,36,123" hai2="110,133,4,5,112,97,94,67,80,81,70,95,106" hai3="107,90,1,104,44,28,114,129,30,101,134,47,33"/><V7/><F112/><W87/><G114/><T109/><D131/><U128/><E2/><V121/><F121/><W29/><G33/><T66/><D66/><U42/><E123/><V93/><F133/><W56/><G129/><T72/><D127/><U116/><E128/><V120/><F120/><W43/><G134/><T24/><D10/><U50/><E116/><V65/><F110/><N who="0" m="41994" /><D99/><U41/><E132/><V68/><F97/><W32/><G1/><T88/><D88/><N who="1" m="53271" /><E124/><V53/><F53/><W0/><G0/><T11/><D11/><U23/><E69/><N who="2" m="26731" /><F106/><W102/><G32/><T31/><D26/><N who="1" m="14599" /><E36/><V14/><F14/><W105/><G102/><T96/><D96/><U12/><E98/><V100/><F100/><W122/><G101/><T83/><D75/><U82/><E82/><AGARI ba="1,0" hai="4,5,7,65,67,80,81,82,93,94,95" m="26731" machi="82" ten="40,3900,0" yaku="28,2" doraHai="73" who="2" fromWho="1" sc="259,0,122,-42,369,42,250,0" /><INIT seed="2,2,0,2,0,65" ten="259,80,411,250" oya="2" hai0="35,130,44,132,66,41,32,110,4,20,98,30,126" hai1="19,15,117,11,22,57,13,135,49,87,14,73,125" hai2="123,51,114,26,16,5,52,119,27,23,121,69,107" hai3="83,116,96,56,28,0,106,90,86,64,118,93,9"/><V84/><F114/><W133/><G133/><T72/><D132/><U24/><E73/><V102/><F119/><W89/><G106/><T45/><D72/><U47/><E135/><V85/><F69/><W76/><G28/><T92/><D110/><U124/><E117/><V62/><F62/><W111/><G111/><T81/><D81/><U53/><E124/><V8/><F107/><W36/><G36/><T38/><D44/><U113/><E113/><V67/><F67/><W103/><G56/><T108/><D108/><U46/><E125/><V100/><F121/><W75/><G64/><T129/><D4/><U58/><E11/><V91/><F27/><W63/><G63/><T80/><D80/><U78/><E78/><V10/><F123/><W54/><G54/><T1/><D1/><U97/><E87/><N who="2" m="33355" /><F91/><W60/><G60/><T134/><D66/><U2/><E2/><V7/><F10/><W77/><G9/><T40/><D126/><U71/><E71/><V95/><F95/><N who="3" m="58783" /><G0/><T68/><D68/><U128/><E128/><N who="0" m="49257" /><D134/><U82/><E82/><V88/><F7/><W74/><G90/><N who="0" m="55575" /><D41/><U50/><REACH who="1" step="1"/><E97/><REACH who="1" ten="259,70,411,250" step="2"/><V99/><F8/><W43/><G75/><T12/><D30/><U101/><E101/><V3/><F3/><W31/><G31/><T61/><D61/><U105/><E105/><V59/><F5/><W127/><G77/><T34/><D34/><U55/><AGARI ba="2,1" hai="13,14,15,19,22,24,46,47,49,50,53,55,57,58" machi="55" ten="30,7900,0" yaku="1,1,0,1,9,1,8,1,53,0" doraHai="65" doraHaiUra="122" who="1" fromWho="1" sc="259,-22,70,95,411,-41,250,-22" /><INIT seed="3,0,0,1,2,133" ten="237,165,370,228" oya="3" hai0="94,122,13,28,41,70,49,24,43,93,125,40,82" hai1="103,121,3,34,95,87,56,96,116,75,29,118,98" hai2="25,14,72,117,57,71,134,111,39,129,92,10,120" hai3="54,27,4,52,9,36,0,33,64,84,109,88,86"/><W53/><G36/><T55/><D70/><U17/><E3/><V21/><F71/><W6/><G109/><T119/><D119/><U90/><E34/><V22/><F72/><W7/><G64/><T35/><D122/><U38/><E29/><V83/><F39/><W78/><G78/><T69/><D69/><U48/><E38/><V2/><F117/><W32/><G86/><T46/><D125/><U89/><E121/><V42/><F2/><W15/><G0/><T126/><D126/><U100/><E75/><V108/><F42/><W135/><G135/><T51/><D51/><U74/><E74/><V130/><F134/><W47/><G47/><T20/><D82/><U124/><E124/><V99/><F83/><W113/><G113/><T131/><D131/><N who="2" m="50186" /><F57/><W105/><G105/><T106/><D106/><U123/><E123/><V50/><F50/><W19/><REACH who="3" step="1"/><G27/><REACH who="3" ten="237,165,370,218" step="2"/><T1/><D1/><U30/><E118/><V63/><F25/><W102/><G102/><T26/><REACH who="0" step="1"/><D13/><REACH who="0" ten="227,165,370,218" step="2"/><U61/><E116/><V80/><F14/><W62/><G62/><T65/><D65/><U5/><E61/><V59/><F120/><W66/><G66/><T16/><AGARI ba="0,2" hai="16,20,24,26,28,35,40,41,43,46,49,55,93,94" machi="16" ten="30,4000,0" yaku="1,1,0,1,54,1,53,0" doraHai="133" doraHaiUra="81" who="0" fromWho="0" sc="227,60,165,-10,370,-10,218,-20" owari="287,8.7,155,-34.5,360,46.0,198,-20.2" /></mjloggm>