<mjloggm ver="2.3"><GO type="225" lobby="0"/><UN n0="%73%61%6B%6F%EF%BC%A0%E6%9C%80" n1="%E3%82%8C%E3%81%99%E3%81%93" n2="%E3%81%BD%E3%81%A1%E3%81%9F%E3%81%93%E3%82%84" n3="%E4%B8%89%E5%88%86%E5%B0%8F%E5%83%A7" dan="17,17,17,16" rate="2185.20,2188.32,2196.91,2101.00" sx="M,F,M,M"/><TAIKYOKU oya="0"/><INIT seed="0,0,0,2,0,115" ten="250,250,250,250" oya="0" hai0="39,119,13,94,34,44,101,132,50,23,51,27,17" hai1="47,97,130,31,35,90,105,8,95,14,58,102,45" hai2="10,69,133,55,52,29,98,73,107,75,56,61,108" hai3="72,19,103,111,38,81,5,41,24,2,117,84,59"/><T93/><D132/><U65/><E130/><V62/><F133/><W40/><G111/><T122/><D122/><U15/><E35/><V116/><F108/><W104/><G41/><T86/><D39/><U85/><E31/><V91/><F29/><W64/><G64/><T26/><D34/><U25/><E25/><V76/><F76/><N who="3" m="44167" /><G84/><T120/><D120/><U0/><E0/><V129/><F129/><W32/><G59/><T134/><D134/><U49/><E15/><V30/><F30/><N who="3" m="19527" /><G19/><T36/><D36/><U42/><E47/><V18/><F18/><W112/><G112/><T12/><D27/><U4/><E58/><V66/><F10/><N who="3" m="2359" /><G117/><T131/><D131/><U60/><E65/><V71/><F116/><W77/><G77/><T79/><D119/><U109/><E109/><V54/><F71/><W125/><G125/><T68/><D68/><U89/><E89/><V124/><F124/><W88/><G88/><N who="0" m="53399" /><D79/><U123/><E123/><V67/><REACH who="2" step="1"/><F91/><REACH who="2" ten="250,250,240,250" step="2"/><W83/><G83/><T127/><D127/><U118/><E118/><V7/><F7/><W43/><G43/><T110/><D110/><U33/><E33/><V11/><F11/><W82/><G82/><T57/><D17/><U87/><E87/><V114/><F114/><W100/><G104/><T6/><D6/><U3/><E3/><V78/><F78/><W121/><G121/><T48/><D23/><U28/><E28/><V16/><F16/><W74/><G74/><T135/><D135/><U46/><E105/><V113/><F113/><W53/><G53/><T22/><D22/><U96/><E42/><RYUUKYOKU ba="0,1" sc="250,-15,250,-15,240,15,250,15" hai2="52,54,55,56,61,62,66,67,69,73,75,98,107" hai3="38,40,100,103" /><INIT seed="1,1,1,2,2,47" ten="235,235,255,265" oya="1" hai0="126,17,107,48,2,62,109,66,122,90,119,40,115" hai1="26,81,104,45,82,0,10,55,9,96,125,103,100" hai2="31,99,133,64,85,123,36,58,101,28,22,21,69" hai3="89,117,51,97,105,116,34,106,128,8,93,120,30"/><U79/><E125/><V87/><F123/><W124/><G120/><T53/><D107/><U49/><E0/><V83/><F36/><W1/><G124/><T73/><D2/><U71/><E71/><V84/><F69/><W94/><G128/><T37/><D73/><U108/><E108/><V132/><F83/><W112/><G112/><T131/><D90/><U75/><E103/><V91/><F91/><W50/><G34/><T135/><D17/><U33/><REACH who="1" step="1"/><E82/><REACH who="1" ten="235,225,255,265" step="2"/><V46/><F101/><W74/><G106/><T23/><D126/><U67/><E67/><V110/><F64/><W32/><G105/><T54/><D109/><U65/><E65/><V15/><F110/><W78/><G117/><T35/><D66/><U6/><E6/><V20/><F132/><W5/><G116/><T92/><D119/><U41/><E41/><V57/><F133/><W113/><G113/><T60/><D135/><U129/><E129/><V130/><F130/><W44/><G1/><T80/><D131/><U111/><E111/><V77/><F31/><AGARI ba="1,2" hai="9,10,26,31,33,45,49,55,75,79,81,96,100,104" machi="31" ten="40,3900,0" yaku="1,1,52,1,53,0" doraHai="47" doraHaiUra="14" who="1" fromWho="2" sc="235,0,225,62,255,-42,265,0" /><INIT seed="1,2,0,2,5,84" ten="235,287,213,265" oya="1" hai0="29,70,19,58,92,86,76,35,48,22,51,123,39" hai1="44,52,122,74,10,32,135,75,55,67,81,62,46" hai2="126,131,4,14,106,82,98,28,114,45,36,61,18" hai3="63,133,24,130,105,99,37,11,124,117,6,7,78"/><U134/><E122/><V89/><F131/><W77/><G37/><T17/><D70/><U88/><E32/><V97/><F126/><W103/><G130/><T132/><D123/><U128/><E10/><V68/><F114/><W3/><G124/><T100/><D39/><U73/><E128/><V110/><F110/><W31/><G133/><N who="1" m="50698" /><E44/><V108/><F108/><W23/><G117/><T107/><D35/><U40/><E40/><V21/><F36/><W83/><G7/><T9/><D107/><U0/><E46/><V12/><F45/><W79/><REACH who="3" step="1"/><G63/><REACH who="3" ten="235,287,213,255" step="2"/><T94/><D132/><U116/><E116/><V38/><F61/><W57/><G57/><T13/><D58/><N who="1" m="37335" /><E0/><V119/><F38/><W72/><AGARI ba="2,1" hai="3,6,11,23,24,31,72,77,78,79,83,99,103,105" machi="72" ten="20,2700,0" yaku="1,1,0,1,7,1,53,0" doraHai="84" doraHaiUra="15" who="3" fromWho="3" sc="235,-9,287,-15,213,-9,255,43" /><INIT seed="2,0,0,2,5,6" ten="226,272,204,298" oya="2" hai0="51,130,78,56,7,28,55,25,121,41,123,59,53" hai1="8,89,98,32,48,65,105,18,20,129,71,106,117" hai2="46,0,126,47,94,135,79,80,73,81,109,132,30" hai3="70,4,15,50,85,118,113,101,33,110,64,39,42"/><V57/><F126/><W5/><G39/><T108/><D108/><U115/><E115/><V91/><F109/><W44/><G118/><T93/><D130/><U29/><E117/><V69/><F69/><W38/><G33/><T36/><D78/><U34/><E8/><V76/><F0/><W114/><G110/><T111/><D111/><U97/><E29/><V31/><F57/><W19/><G101/><T26/><D93/><U24/><E129/><V96/><F30/><W27/><G27/><T124/><D124/><U21/><E48/><V125/><F31/><W100/><G100/><T52/><D7/><U107/><E21/><V1/><F1/><W11/><G38/><T66/><D26/><U43/><E43/><V23/><F23/><W86/><G70/><T102/><D102/><U104/><E104/><V77/><F77/><W72/><G64/><T82/><D82/><U75/><E75/><V49/><F125/><W35/><G35/><T3/><D3/><U68/><E68/><V116/><F116/><W14/><G72/><T122/><D25/><U87/><E32/><V22/><F22/><N who="3" m="11639" /><G4/><T95/><D28/><U84/><E34/><V133/><REACH who="2" step="1"/><F49/><REACH who="2" ten="226,272,194,298" step="2"/><W2/><G2/><T13/><D122/><U60/><E71/><V90/><F90/><W120/><G120/><T62/><D123/><U61/><E89/><V88/><F88/><W103/><G103/><T74/><D121/><U9/><E20/><V99/><F99/><W127/><G127/><T37/><D51/><U16/><E98/><V134/><N who="2" m="33792" /><DORA hai="10" /><V128/><F128/><W83/><G113/><RYUUKYOKU ba="0,1" sc="226,-10,272,-10,194,30,298,-10" hai2="46,47,73,76,79,80,81,91,94,96" /><INIT seed="2,1,1,1,2,114" ten="216,262,224,288" oya="2" hai0="99,77,79,51,41,17,93,135,30,126,48,35,134" hai1="122,119,61,18,5,129,89,1,39,2,25,92,10" hai2="0,16,133,63,54,66,124,125,58,70,7,13,106" hai3="21,120,97,101,82,42,49,14,50,83,94,121,98"/><V15/><F106/><W74/><G74/><T96/><D126/><N who="2" m="48746" /><F133/><N who="0" m="50698" /><D17/><U104/><E104/><V6/><F0/><W22/><G42/><T56/><D41/><U73/><E119/><V90/><F90/><W24/><G14/><N who="2" m="5129" /><F16/><W68/><G68/><T105/><D105/><U32/><E1/><V46/><F46/><W95/><G24/><N who="0" m="18887" /><D99/><U72/><E2/><V67/><F67/><W28/><G28/><T69/><D69/><U108/><E18/><V3/><F3/><W44/><G44/><T118/><D118/><U40/><E25/><V132/><F132/><W47/><G47/><T20/><D20/><U26/><E26/><V4/><F4/><W43/><G43/><T123/><D123/><U78/><E122/><V107/><F107/><W81/><G81/><T53/><D48/><AGARI ba="1,1" hai="6,7,48,54,58,63,66,70" m="5129,48746" machi="48" ten="30,1500,0" yaku="18,1" doraHai="114" who="2" fromWho="0" sc="216,-18,262,0,224,28,288,0" /><INIT seed="2,2,0,3,4,84" ten="198,262,252,288" oya="2" hai0="7,85,121,133,71,129,76,24,51,132,126,131,109" hai1="89,104,52,25,86,57,27,124,19,130,81,30,83" hai2="35,37,6,9,122,99,66,45,10,32,39,55,128" hai3="3,88,21,12,15,46,112,62,82,26,94,36,123"/><V115/><F115/><W18/><G3/><T14/><D71/><U8/><E104/><V87/><F122/><W91/><G123/><T2/><D51/><N who="1" m="30879" /><E130/><N who="0" m="49673" /><D76/><U114/><E114/><V98/><F66/><W135/><G135/><N who="0" m="51787" /><D121/><U43/><E124/><V92/><F128/><W41/><G112/><T119/><D109/><U120/><E120/><V61/><F39/><W44/><G44/><T16/><D85/><N who="1" m="50351" /><E43/><V134/><F37/><W69/><G82/><T53/><D53/><U117/><E117/><V105/><F55/><W116/><G116/><T48/><D48/><U50/><E50/><V65/><F45/><W4/><G4/><T23/><D119/><U127/><E127/><V63/><F6/><W67/><G91/><T102/><D102/><U90/><E30/><V95/><F134/><W108/><G108/><T28/><D126/><U33/><E33/><V38/><F38/><W101/><G101/><T22/><D7/><U111/><E111/><V72/><F35/><W56/><G69/><T58/><D58/><U110/><E110/><V20/><F32/><W1/><G1/><AGARI ba="2,0" hai="1,2,14,16,22,23,24,28" m="51787,49673" machi="1" ten="30,8000,1" yaku="19,1,20,1,34,2,54,1" doraHai="84" who="0" fromWho="3" sc="198,86,262,0,252,0,288,-86" /><INIT seed="3,0,0,3,2,110" ten="284,262,252,202" oya="3" hai0="46,0,90,48,101,39,53,88,81,122,96,116,74" hai1="84,44,47,133,83,123,2,135,75,130,108,93,127" hai2="58,66,25,100,124,109,3,125,59,77,72,76,120" hai3="38,70,106,15,30,128,92,117,67,7,11,24,60"/><W1/><G117/><T85/><D116/><U107/><E2/><V49/><F109/><W16/><G128/><T112/><D122/><U103/><E108/><V119/><F3/><W69/><G106/><T40/><D0/><U73/><E44/><V97/><F119/><W31/><G38/><T114/><D74/><N who="1" m="28171" /><E47/><V113/><F113/><N who="0" m="43626" /><D90/><U41/><E123/><V54/><F120/><W5/><G5/><T79/><D79/><U13/><E107/><V111/><F111/><W35/><G31/><T43/><D39/><U91/><E130/><V102/><F102/><W94/><REACH who="3" step="1"/><G69/><REACH who="3" ten="284,262,252,192" step="2"/><T4/><D4/><U28/><E28/><V118/><F118/><W80/><G80/><T132/><D132/><U14/><E83/><V23/><F124/><W95/><G95/><AGARI ba="0,1" hai="40,43,46,48,53,81,85,88,95,96,101" m="43626" machi="95" ten="30,8000,1" yaku="11,1,52,3,54,1" doraHai="110" who="0" fromWho="3" sc="284,90,262,0,252,0,192,-80" owari="374,47.4,262,6.2,252,-14.8,112,-38.8" /></mjloggm>