<mjloggm ver="2.3"><GO type="225" lobby="0"/><UN n0="%E3%80%90%E3%83%88%E3%83%AA%E3%83%A5%E3%83%95%E3%80%91" n1="%6D%75%75%73%61%6E%6D%75" n2="%E6%98%93%E5%88%A9%E8%96%A9%E4%BC%AF" n3="%E8%BE%9B%E5%8F%A3%E3%82%AB%E3%83%AC%E3%83%BC%E3%83%A9%E3%82%A4%E3%82%B9" dan="16,17,16,17" rate="2047.83,2157.21,2084.10,2241.85" sx="M,F,F,M"/><TAIKYOKU oya="0"/><INIT seed="0,0,0,1,5,85" ten="250,250,250,250" oya="0" hai0="103,62,92,127,60,27,86,91,131,0,110,94,23" hai1="102,10,116,117,38,84,4,46,17,78,44,59,112" hai2="18,51,8,122,134,114,35,113,129,73,54,81,5" hai3="76,107,109,25,49,118,1,30,24,123,98,96,15"/><T20/><D0/><U106/><E112/><V77/><F122/><W14/><G1/><T57/><D131/><U89/><E78/><V41/><F129/><W12/><G118/><T7/><D127/><U130/><E130/><V69/><F35/><W6/><G109/><T99/><D110/><U45/><E38/><V121/><F121/><W120/><G6/><T28/><D7/><U132/><E132/><V48/><F69/><W95/><G76/><T124/><D124/><U58/><E17/><V9/><F134/><W119/><G119/><T87/><D62/><U72/><E72/><V33/><F33/><W97/><G107/><T16/><D86/><U68/><E68/><V64/><F64/><W111/><G111/><T11/><D11/><U36/><E36/><V47/><F18/><W93/><G120/><T39/><D39/><U55/><E102/><V82/><F82/><W37/><G37/><T105/><D105/><U29/><E29/><V101/><F101/><W80/><G80/><T108/><D108/><U75/><E59/><V104/><F9/><W63/><G63/><T125/><D125/><U52/><E75/><V88/><F88/><W2/><G2/><T32/><REACH who="0" step="1"/><D16/><REACH who="0" ten="240,250,250,250" step="2"/><U135/><E106/><V115/><F104/><W66/><G123/><T74/><D74/><U133/><E117/><V50/><F8/><W42/><G25/><T53/><AGARI ba="0,1" hai="20,23,27,28,32,53,57,60,87,91,92,94,99,103" machi="53" ten="20,12000,1" yaku="1,1,0,1,7,1,52,1,53,1" doraHai="85" doraHaiUra="31" who="0" fromWho="0" sc="240,130,250,-40,250,-40,250,-40" /><INIT seed="0,1,0,2,1,88" ten="370,210,210,210" oya="0" hai0="6,117,118,90,127,78,0,3,101,22,9,41,50" hai1="111,87,26,10,119,15,83,21,123,79,93,114,17" hai2="67,47,80,39,38,85,56,31,71,55,70,124,48" hai3="72,43,51,27,12,116,89,131,42,133,96,102,7"/><T128/><D128/><U25/><E119/><V40/><F31/><W19/><G116/><T66/><D101/><U16/><E123/><V34/><F34/><W68/><G72/><T13/><D78/><U81/><E111/><V99/><F99/><W91/><G131/><T5/><D66/><U49/><E114/><V121/><F121/><W69/><G7/><T76/><D76/><U1/><E1/><V59/><F85/><W104/><G27/><T92/><D127/><U97/><E81/><V109/><F80/><W115/><G115/><T46/><D22/><U100/><E49/><N who="2" m="26855" /><F109/><W18/><G18/><T2/><REACH who="0" step="1"/><D5/><REACH who="0" ten="360,210,210,210" step="2"/><U73/><E73/><V113/><F124/><W29/><G102/><T64/><D64/><U135/><E135/><V134/><F134/><W112/><G112/><T24/><D24/><AGARI ba="1,1" hai="10,15,16,17,21,24,25,26,79,83,87,93,97,100" machi="24" ten="30,7700,0" yaku="7,1,8,1,52,1,54,1" doraHai="88" who="1" fromWho="0" sc="360,-80,210,90,210,0,210,0" /><INIT seed="1,0,0,3,3,33" ten="280,300,210,210" oya="1" hai0="75,19,11,62,9,60,31,104,115,23,82,40,5" hai1="112,122,96,26,76,37,99,47,18,45,39,81,66" hai2="90,53,64,28,79,56,20,34,111,4,42,63,133" hai3="135,78,74,24,67,14,44,17,41,105,48,69,118"/><U110/><E112/><V134/><F111/><W100/><G135/><T6/><D115/><U3/><E122/><V117/><F117/><W27/><G118/><T102/><D40/><U114/><E114/><V125/><F125/><W16/><G74/><T55/><D104/><U85/><E110/><V70/><F34/><W130/><G130/><T80/><D102/><U108/><E108/><V58/><F79/><W83/><G69/><T109/><D31/><U113/><E113/><V116/><F42/><W89/><G67/><T29/><D29/><U92/><E66/><V127/><F116/><W13/><G100/><T36/><D36/><U1/><E39/><V10/><F90/><W8/><G105/><T84/><D55/><U52/><E37/><V94/><F94/><W65/><G65/><T86/><D109/><U132/><E132/><N who="2" m="50795" /><F53/><W93/><G83/><T126/><D75/><U88/><E96/><V87/><F87/><N who="3" m="52415" /><G78/><T54/><D54/><U101/><E76/><V121/><F127/><W43/><G43/><T12/><D126/><U21/><REACH who="1" step="1"/><E52/><REACH who="1" ten="280,290,210,210" step="2"/><V0/><F121/><W57/><G57/><T71/><D71/><U72/><E72/><V77/><F77/><W91/><G91/><N who="0" m="51591" /><D60/><U59/><E59/><V131/><F131/><W2/><G2/><AGARI ba="0,1" hai="1,2,3,18,21,26,45,47,81,85,88,92,99,101" machi="2" ten="40,12000,1" yaku="1,1,52,3,54,1,53,0" doraHai="33" doraHaiUra="73" who="1" fromWho="3" sc="280,0,290,130,210,0,210,-120" /><INIT seed="1,1,0,0,0,8" ten="280,420,210,90" oya="1" hai0="6,72,67,63,54,91,41,18,56,47,85,51,73" hai1="42,110,48,43,65,69,117,20,68,21,11,111,5" hai2="120,124,130,76,53,114,127,27,131,24,55,109,62" hai3="132,89,61,58,60,46,1,45,70,104,4,100,121"/><U66/><E117/><V102/><F76/><W12/><G121/><T101/><D101/><U116/><E116/><V7/><F102/><W34/><G34/><T17/><D6/><U22/><E48/><V84/><F120/><W134/><G1/><T36/><D73/><U125/><E125/><N who="2" m="48203" /><F7/><W3/><G3/><T40/><D72/><U118/><E118/><V96/><F96/><N who="3" m="61447" /><G70/><N who="1" m="27242" /><E66/><V13/><F13/><W44/><G89/><T129/><D129/><N who="2" m="49162" /><F62/><W83/><G83/><N who="0" m="49599" /><D41/><U16/><E65/><V105/><F84/><W59/><G61/><T2/><D2/><N who="1" m="439" /><E43/><V108/><F114/><W122/><G60/><T86/><D86/><U0/><E42/><V25/><F105/><W52/><G122/><T50/><D36/><U75/><E0/><V78/><F78/><W49/><G4/><T135/><D135/><N who="3" m="51753" /><G59/><AGARI ba="1,0" hai="17,18,40,47,50,51,54,56,59,63,67" m="49599" machi="59" ten="30,1000,0" yaku="8,1" doraHai="8" who="0" fromWho="3" sc="280,13,420,0,210,0,90,-13" /><INIT seed="2,0,0,4,4,34" ten="293,420,210,77" oya="2" hai0="17,5,9,108,56,24,94,26,40,35,113,79,29" hai1="4,1,129,68,12,114,20,65,131,73,42,110,22" hai2="30,10,41,55,14,100,59,49,16,121,126,107,52" hai3="93,98,58,81,116,32,51,28,53,112,8,62,54"/><V13/><F121/><W72/><G116/><T92/><D113/><U109/><E114/><V125/><F41/><W60/><G112/><T85/><D108/><N who="1" m="41579" /><E73/><V106/><F30/><W69/><G69/><T75/><D75/><U77/><E77/><V134/><F134/><W15/><G32/><T89/><D79/><U23/><E42/><V18/><F55/><W124/><G124/><N who="2" m="47721" /><F100/><W102/><G72/><T50/><D94/><U63/><E12/><V84/><F84/><W33/><G33/><T71/><D71/><U0/><E4/><V119/><F119/><W39/><G39/><T70/><D70/><U135/><E135/><V97/><F97/><W11/><G28/><T74/><D74/><U3/><AGARI ba="0,0" hai="0,1,3,20,22,23,63,65,68,129,131" m="41579" machi="3" ten="40,8000,1" yaku="14,1,52,3" doraHai="34" who="1" fromWho="1" sc="293,-20,420,80,210,-40,77,-20" /><INIT seed="3,0,0,5,1,106" ten="273,500,170,57" oya="3" hai0="47,71,55,17,107,52,2,53,57,26,89,48,134" hai1="133,39,108,12,64,69,130,109,67,121,51,66,126" hai2="75,98,11,20,33,23,122,78,62,116,120,8,32" hai3="7,91,99,93,88,21,82,114,41,110,103,45,36"/><W22/><G114/><T29/><D107/><U74/><E39/><V30/><F116/><W73/><G110/><N who="1" m="42602" /><E121/><N who="2" m="46699" /><F98/><W132/><G132/><T16/><D2/><U85/><E133/><V76/><F62/><W5/><G91/><T49/><D71/><U81/><E130/><V96/><F96/><W111/><G111/><T131/><D131/><U15/><E126/><V46/><F46/><W50/><G36/><T0/><D0/><U105/><E74/><V90/><F90/><W102/><G102/><T113/><D113/><U37/><E37/><V3/><F75/><W117/><G117/><T87/><D134/><U14/><E105/><V56/><F56/><W97/><G5/><T129/><D55/><U24/><E24/><N who="2" m="16647" /><F23/><W123/><G7/><T95/><D129/><U4/><E51/><V68/><F68/><W86/><G123/><T84/><D87/><U63/><E4/><N who="2" m="1055" /><F11/><W19/><G19/><T27/><D27/><U34/><E34/><AGARI ba="0,0" hai="32,33,34,76,78" m="1055,16647,46699" machi="34" ten="30,1000,0" yaku="13,1" doraHai="106" who="2" fromWho="1" sc="273,0,500,-10,170,10,57,0" /><AGARI ba="0,0" hai="16,17,26,29,34,47,48,49,52,53,57,84,89,95" machi="34" ten="30,3900,0" yaku="7,1,54,2" doraHai="106" who="0" fromWho="1" sc="273,39,490,-39,180,0,57,0" owari="312,11.2,451,55.1,180,-22.0,57,-44.3" /></mjloggm>