<mjloggm ver="2.3"><GO type="225" lobby="0"/><UN n0="%E3%81%86%E3%82%8C%E3%81%9F%E3%82%93%E6%9E%95" n1="%61%6D%65%6B%69" n2="%E8%A8%88%E7%AE%97%E6%A9%9F%E8%87%AA%E7%84%B6" n3="%73%61%6E%64%69%72%69%73" dan="16,16,17,16" rate="2106.89,2087.30,2226.14,2156.20" sx="F,M,M,M"/><TAIKYOKU oya="0"/><INIT seed="0,0,0,0,5,28" ten="250,250,250,250" oya="0" hai0="6,104,86,67,121,80,79,110,64,57,21,73,132" hai1="9,53,59,94,13,133,54,70,19,3,55,103,14" hai2="105,98,12,40,76,24,27,135,116,74,85,44,25" hai3="91,69,31,102,101,26,126,131,0,16,77,115,58"/><T123/><D132/><U117/><E70/><V2/><F135/><W120/><G69/><T118/><D118/><U134/><E3/><V130/><F2/><W108/><G115/><T97/><D104/><U96/><E117/><V47/><F116/><W109/><G126/><T33/><D33/><U66/><E134/><V18/><F74/><W78/><G0/><T11/><D97/><U112/><E112/><V8/><F130/><W34/><G131/><T4/><D110/><N who="3" m="42601" /><G120/><T20/><D73/><U1/><E1/><V5/><F105/><W42/><G42/><T95/><D95/><U15/><REACH who="1" step="1"/><E133/><REACH who="1" ten="250,240,250,250" step="2"/><V38/><F98/><W63/><G102/><T62/><D121/><U92/><E92/><V23/><F44/><W82/><G101/><T90/><D123/><U88/><E88/><V114/><F114/><W128/><G128/><T83/><D90/><U49/><E49/><V50/><F38/><W75/><G91/><T107/><D107/><U61/><AGARI ba="0,1" hai="9,13,14,15,19,53,54,55,59,61,66,94,96,103" machi="61" ten="30,4000,0" yaku="1,1,0,1,8,1,53,0" doraHai="28" doraHaiUra="68" who="1" fromWho="1" sc="250,-20,240,50,250,-10,250,-10" /><INIT seed="1,0,0,5,2,43" ten="230,290,240,240" oya="1" hai0="38,32,11,46,121,78,69,2,94,90,56,67,111" hai1="34,105,22,101,82,125,35,14,0,115,7,68,132" hai2="27,73,85,87,13,88,4,80,26,84,23,28,95" hai3="62,31,30,50,25,51,9,108,33,15,18,37,117"/><U70/><E115/><V1/><F1/><W59/><G108/><T130/><D111/><U99/><E125/><V74/><F26/><W133/><G133/><T107/><D107/><U60/><E132/><V21/><F84/><W127/><G127/><T118/><D118/><U106/><E0/><V42/><F42/><W128/><G37/><T79/><D130/><U61/><E82/><V124/><F124/><W119/><G31/><T45/><D69/><N who="1" m="26731" /><E99/><V112/><F112/><W122/><G122/><T126/><D32/><N who="1" m="12331" /><E101/><V75/><F4/><W98/><G128/><T113/><D113/><U65/><E65/><V76/><REACH who="2" step="1"/><F85/><REACH who="2" ten="230,290,230,240" step="2"/><W8/><G117/><T19/><D126/><U47/><E7/><V83/><F83/><W96/><G119/><T134/><D134/><U54/><E14/><V3/><F3/><W16/><G25/><T93/><D2/><U72/><E72/><V64/><F64/><W44/><G15/><N who="0" m="7679" /><D121/><U41/><E41/><V48/><F48/><W77/><G51/><T52/><D67/><U36/><E36/><V39/><F39/><W102/><G50/><N who="0" m="30743" /><D38/><U86/><E86/><V92/><F92/><N who="0" m="35434" /><D90/><U5/><E106/><V91/><F91/><W29/><G62/><T109/><D109/><U131/><E105/><V135/><F135/><W57/><G33/><T55/><D55/><U97/><E61/><V104/><F104/><W58/><G102/><T114/><D114/><U10/><E60/><V89/><F89/><W120/><G120/><T6/><D6/><U12/><E131/><V66/><F66/><W40/><G40/><T53/><D53/><RYUUKYOKU ba="0,1" sc="230,15,290,-15,230,15,240,-15" hai0="45,46,78,79" hai2="13,21,23,27,28,73,74,75,76,80,87,88,95" /><INIT seed="2,1,1,0,2,125" ten="245,275,245,225" oya="2" hai0="38,96,63,54,134,89,115,48,31,28,74,129,24" hai1="64,43,8,122,81,55,99,41,113,35,90,82,117" hai2="97,128,84,57,135,50,107,111,13,19,9,87,106" hai3="133,131,121,95,53,17,109,92,86,114,108,52,119"/><V93/><F135/><W83/><G119/><T23/><D115/><U21/><E35/><V18/><F111/><N who="3" m="42571" /><G121/><T33/><D38/><U72/><E72/><V5/><F106/><W15/><G133/><T101/><D74/><U98/><E113/><V112/><F112/><W100/><G114/><T6/><D6/><U126/><E126/><V22/><F107/><W27/><G27/><T73/><D73/><U0/><E0/><V67/><F128/><W124/><G131/><T60/><D134/><U26/><E64/><V36/><F36/><W91/><G124/><T76/><D76/><U120/><E55/><N who="3" m="21066" /><G100/><T49/><D101/><U132/><E117/><V94/><F50/><W68/><G68/><T130/><D48/><U32/><E32/><V40/><F40/><N who="1" m="15433" /><E8/><AGARI ba="1,1" hai="8,15,17,83,86,91,92,95" m="21066,42571" machi="8" ten="30,2000,0" yaku="14,1,54,1" doraHai="125" who="3" fromWho="1" sc="245,0,275,-23,245,0,225,33" /><INIT seed="3,0,0,3,4,112" ten="245,252,245,258" oya="3" hai0="91,9,81,118,41,21,55,123,71,24,27,120,68" hai1="11,38,99,18,31,43,58,114,36,22,16,109,29" hai2="56,70,106,75,124,46,65,84,89,103,129,85,69" hai3="14,132,50,42,130,44,73,61,128,80,63,117,23"/><W92/><G92/><T7/><D118/><U74/><E74/><V86/><F75/><W1/><G1/><T28/><D41/><U15/><E114/><V34/><F34/><W95/><G95/><T104/><D104/><U45/><E109/><V0/><F0/><W116/><G73/><T96/><D55/><U35/><E38/><V33/><F33/><W5/><G80/><T47/><D47/><U30/><E58/><V39/><F89/><W20/><G5/><T90/><D96/><U125/><E125/><V6/><F6/><W25/><G14/><T19/><D91/><U82/><E82/><V105/><F124/><W60/><G132/><T133/><D133/><U12/><REACH who="1" step="1"/><E99/><REACH who="1" ten="245,242,245,258" step="2"/><V51/><F39/><W121/><G121/><T108/><D108/><U126/><E126/><V79/><F56/><W57/><G57/><T48/><D120/><U94/><E94/><V66/><F105/><W37/><G37/><T98/><D98/><U88/><E88/><V122/><F122/><W97/><G97/><T40/><D123/><U110/><E110/><V8/><F106/><W13/><G128/><T127/><D127/><U78/><E78/><V52/><F79/><W102/><G130/><T54/><D90/><U53/><E53/><V83/><F83/><W115/><G115/><T62/><D81/><U76/><E76/><V87/><N who="2" m="21504" /><DORA hai="101" /><V4/><F129/><W134/><G134/><T64/><D54/><U135/><E135/><V77/><F77/><W2/><G42/><T32/><D40/><U107/><E107/><V119/><F52/><W113/><G113/><RYUUKYOKU ba="0,1" sc="245,-10,242,30,245,-10,258,-10" hai1="11,12,15,16,18,22,29,30,31,35,36,43,45" /><INIT seed="4,1,1,2,1,27" ten="235,272,235,248" oya="0" hai0="4,45,19,35,92,81,69,118,68,30,33,131,12" hai1="132,95,99,110,21,93,72,94,16,112,46,61,28" hai2="23,87,135,96,108,66,129,51,91,26,39,0,84" hai3="65,125,38,86,55,117,74,109,73,47,80,8,24"/><T85/><D118/><U78/><E110/><V126/><F39/><W100/><G109/><T2/><D131/><U50/><E72/><V83/><F108/><W124/><G117/><T42/><D2/><U111/><E111/><V15/><F0/><W116/><G116/><T103/><D4/><U40/><E78/><V29/><F129/><W31/><G65/><T56/><D56/><U119/><E119/><V5/><F126/><W79/><G100/><T10/><D92/><U49/><E132/><V37/><F37/><W121/><G121/><T130/><D103/><U75/><E75/><V1/><F1/><W13/><G55/><T60/><D130/><U105/><E105/><V57/><F135/><W114/><G114/><T53/><D53/><N who="1" m="29879" /><E28/><V67/><F96/><W106/><G47/><T101/><D101/><N who="1" m="60655" /><E61/><V25/><F84/><W52/><G38/><T9/><D60/><U17/><E17/><V36/><F36/><W82/><G106/><T107/><D107/><U98/><E98/><V58/><F51/><W127/><G82/><T6/><D68/><U11/><E11/><N who="2" m="4591" /><F57/><W14/><G8/><T77/><D69/><U22/><E22/><N who="2" m="15543" /><F58/><W7/><G74/><T134/><D134/><U44/><E112/><V120/><F120/><W43/><G73/><T70/><D70/><U71/><E71/><V41/><F41/><W123/><G43/><T3/><D30/><AGARI ba="1,1" hai="23,26,30,66,67,83,87,91" m="15543,4591" machi="30" ten="30,3900,0" yaku="8,1,52,2" doraHai="27" who="2" fromWho="0" sc="235,-42,272,0,235,52,248,0" /><INIT seed="5,0,0,2,3,35" ten="193,272,287,248" oya="1" hai0="54,81,100,26,109,41,105,50,95,5,132,47,62" hai1="127,125,23,68,84,74,24,12,133,7,106,93,126" hai2="36,27,116,28,112,128,92,30,119,87,17,53,134" hai3="1,3,94,86,59,72,75,40,73,66,39,120,111"/><U96/><E68/><V122/><F36/><W80/><G120/><T25/><D109/><U57/><E74/><V52/><F122/><W129/><G111/><T48/><D132/><U2/><E133/><V56/><F134/><W32/><G32/><T46/><D105/><U58/><E12/><V77/><F128/><W49/><G129/><T104/><D104/><U13/><E13/><V78/><F112/><W60/><G39/><T14/><D81/><U38/><E84/><V4/><F4/><W64/><G64/><T82/><D82/><U70/><E70/><V102/><F102/><W114/><G114/><T10/><REACH who="0" step="1"/><D62/><REACH who="0" ten="183,272,287,248" step="2"/><U79/><E106/><V21/><F119/><W130/><G130/><T22/><D22/><U91/><E79/><V34/><F34/><W101/><G94/><T69/><D69/><U11/><E38/><V65/><F77/><W9/><G80/><T18/><D18/><AGARI ba="0,1" hai="2,7,11,18,23,24,57,58,91,93,96,125,126,127" machi="18" ten="40,3900,0" yaku="18,1,52,1" doraHai="35" who="1" fromWho="0" sc="183,-39,272,49,287,0,248,0" owari="144,-35.6,321,42.1,287,8.7,248,-15.2" /></mjloggm>