<mjloggm ver="2.3"><GO type="225" lobby="0"/><UN n0="%E3%81%86%E3%83%BC%E3%81%B1%E3%83%BC" n1="%E5%B7%9D%E7%80%AC%E6%99%BA%E5%AD%90" n2="%73%6C%69%63%6B%33%31%39" n3="%6D%75%75%6D%75%72%61" dan="16,16,16,16" rate="2209.44,2024.20,2117.40,2156.29" sx="F,M,M,F"/><TAIKYOKU oya="0"/><INIT seed="0,0,0,2,1,39" ten="250,250,250,250" oya="0" hai0="5,6,25,42,112,85,16,12,92,133,71,36,10" hai1="70,120,74,110,130,54,29,125,41,65,46,116,21" hai2="108,123,73,3,60,96,20,115,83,51,86,69,53" hai3="0,33,105,87,9,28,126,89,55,23,40,129,34"/><T4/><D112/><U15/><E74/><V22/><F123/><W52/><G105/><T17/><D71/><U104/><E104/><V63/><F3/><W59/><G129/><T111/><D36/><U114/><E120/><V19/><F115/><W30/><G126/><T48/><D133/><U84/><E114/><V31/><F73/><W81/><G40/><T67/><D67/><U14/><E116/><V75/><F75/><W56/><G0/><T72/><D72/><U122/><E54/><V90/><F69/><W45/><G9/><T131/><D131/><U24/><E130/><V128/><F108/><W121/><G45/><N who="0" m="25655" /><D111/><U50/><E122/><V38/><F38/><W18/><G121/><T134/><D134/><U98/><E98/><V37/><F37/><W93/><G33/><T106/><D106/><U117/><E117/><V99/><F22/><W94/><G34/><T43/><D43/><U35/><E110/><V77/><F31/><N who="3" m="11819" /><G59/><T32/><D32/><U76/><E125/><V78/><F128/><W58/><G58/><T27/><D17/><U11/><E35/><V91/><F99/><W97/><G56/><T66/><D66/><U80/><REACH who="1" step="1"/><E11/><REACH who="1" ten="250,240,250,250" step="2"/><V57/><F96/><W113/><G113/><T7/><N who="0" m="1024" /><DORA hai="49" /><T13/><D13/><U109/><E109/><V135/><F135/><W8/><G8/><T88/><AGARI ba="0,1" hai="10,12,16,25,27,85,88,92" m="1024,25655" machi="88" ten="40,12000,1" yaku="8,1,52,1,54,2" doraHai="39,49" who="0" fromWho="0" sc="250,130,240,-40,250,-40,250,-40" /><INIT seed="0,1,0,4,1,71" ten="380,200,210,210" oya="0" hai0="121,33,14,103,128,45,96,78,119,92,18,55,43" hai1="105,133,34,124,122,39,22,59,85,20,102,126,108" hai2="47,32,63,0,107,21,6,131,69,77,116,9,49" hai3="58,53,86,87,3,90,38,94,25,62,67,68,23"/><T72/><D121/><U65/><E34/><V106/><F32/><W29/><G3/><T81/><D119/><U16/><E122/><V118/><F77/><W117/><G117/><N who="2" m="45161" /><F131/><W28/><G38/><T93/><D128/><U100/><E108/><V44/><F21/><W13/><G13/><T30/><D55/><U111/><E111/><V110/><F110/><W27/><G86/><T125/><D125/><U112/><E133/><V129/><F129/><W24/><REACH who="3" step="1"/><G29/><REACH who="3" ten="380,200,210,200" step="2"/><T35/><D30/><U40/><E39/><V1/><F1/><W80/><G80/><T79/><D81/><U37/><E85/><V41/><F47/><W88/><G88/><T64/><D45/><U101/><E37/><V114/><F114/><W11/><G11/><T130/><D130/><U5/><E112/><V91/><F91/><W127/><G127/><T74/><D72/><U123/><E126/><V46/><F46/><W95/><G95/><T120/><D92/><U104/><E124/><V15/><F0/><W7/><G7/><T83/><D120/><U109/><E5/><V52/><F107/><W19/><G19/><T10/><D79/><U82/><E109/><V2/><F106/><W97/><G97/><T73/><D73/><U98/><E123/><V17/><F2/><W36/><G36/><T50/><D74/><U4/><E105/><V8/><F6/><W135/><G135/><T57/><D78/><U31/><E4/><V56/><F8/><W132/><G132/><T84/><D84/><U134/><E104/><V99/><F99/><W26/><G26/><T61/><D96/><RYUUKYOKU ba="1,1" sc="380,-15,200,-15,210,15,200,15" hai2="9,15,17,41,44,49,52,56,63,69" hai3="23,24,25,27,28,53,58,62,67,68,87,90,94" /><INIT seed="1,2,1,4,4,1" ten="365,185,225,215" oya="1" hai0="72,71,52,5,77,126,48,37,112,7,53,4,133" hai1="46,94,39,59,128,116,124,36,103,82,93,40,100" hai2="114,75,30,79,12,95,127,121,45,68,105,19,60" hai3="2,57,55,22,54,63,122,110,43,135,25,81,14"/><U15/><E116/><V89/><F121/><W76/><G122/><T132/><D112/><U38/><E128/><V74/><F114/><W65/><G2/><T85/><D37/><U73/><E124/><V58/><F105/><W84/><G110/><T69/><D72/><U16/><E103/><V28/><F68/><N who="0" m="26186" /><D126/><U113/><E113/><V83/><F75/><W91/><G135/><N who="0" m="51787" /><D48/><U109/><E59/><V104/><F104/><W34/><G43/><T11/><D11/><U47/><E109/><V21/><F45/><W120/><G120/><T101/><D101/><U3/><E100/><V17/><F17/><W31/><REACH who="3" step="1"/><G76/><REACH who="3" ten="365,185,225,205" step="2"/><T24/><D77/><U10/><E40/><V106/><F127/><W134/><G134/><T35/><D85/><U50/><E3/><V61/><F74/><W98/><G98/><T18/><D35/><U26/><E73/><V92/><F79/><W70/><G70/><T44/><D44/><U107/><E46/><V123/><F123/><W42/><G42/><T99/><D99/><U115/><E115/><V87/><F87/><W86/><G86/><T0/><D0/><U78/><E78/><V13/><F58/><W6/><G6/><T9/><D4/><U49/><E38/><V102/><F106/><W88/><G88/><T8/><D5/><U23/><E107/><V108/><F89/><W56/><G56/><T119/><D7/><N who="1" m="3551" /><E47/><V66/><F108/><W80/><G80/><T29/><D18/><AGARI ba="2,2" hai="14,18,22,25,31,34,54,55,57,63,65,81,84,91" machi="18" ten="40,1300,0" yaku="1,1,53,0" doraHai="1" doraHaiUra="90" who="3" fromWho="0" sc="365,-19,185,0,225,0,205,39" /><INIT seed="2,0,0,2,1,46" ten="346,185,225,244" oya="2" hai0="23,7,115,18,68,43,89,30,26,52,27,66,22" hai1="76,118,94,39,84,16,57,114,92,42,29,107,5" hai2="20,135,79,70,33,41,88,93,53,122,4,49,123" hai3="102,82,3,132,8,36,25,87,11,17,62,1,48"/><V63/><F33/><W24/><G36/><T86/><D115/><U0/><E114/><V15/><F135/><W2/><G132/><T127/><D127/><U124/><E107/><V129/><F129/><W50/><G102/><T106/><D106/><U126/><E118/><V105/><F105/><W38/><G38/><T32/><D43/><U21/><E29/><V6/><F79/><W64/><G11/><T96/><D7/><U34/><E34/><V128/><F128/><W65/><G65/><T54/><D32/><U47/><E57/><N who="2" m="35247" /><F70/><W51/><G17/><T99/><D66/><U125/><E0/><V67/><F67/><W97/><G97/><N who="0" m="37451" /><D68/><U81/><REACH who="1" step="1"/><E5/><REACH who="1" ten="346,175,225,244" step="2"/><V130/><F130/><W103/><G3/><T12/><D30/><U74/><E74/><V134/><F134/><W44/><G2/><T113/><D113/><U10/><E10/><V59/><F4/><W133/><G133/><T110/><D23/><U72/><E72/><V75/><F75/><W56/><G1/><T60/><D22/><U13/><AGARI ba="0,1" hai="13,16,21,39,42,47,76,81,84,92,94,124,125,126" machi="13" ten="30,7900,0" yaku="1,1,0,1,18,1,54,1,53,0" doraHai="46" doraHaiUra="28" who="1" fromWho="1" sc="346,-20,175,89,225,-39,244,-20" /><INIT seed="3,0,0,1,2,21" ten="326,264,186,224" oya="3" hai0="88,91,1,13,81,69,9,102,7,76,86,74,26" hai1="41,36,12,23,127,123,8,52,25,99,96,126,133" hai2="39,50,113,68,82,2,132,62,0,80,130,10,90" hai3="107,98,104,92,100,27,65,3,135,120,83,58,64"/><W112/><G120/><T24/><D69/><U22/><E123/><V53/><F130/><W117/><G112/><T29/><D1/><U93/><E133/><V87/><F132/><W78/><G135/><T28/><D102/><U18/><E36/><V49/><F39/><W116/><G3/><T95/><D74/><U40/><E23/><V106/><F113/><W4/><G4/><T73/><D73/><U46/><E52/><V5/><F106/><W109/><G109/><T89/><D95/><U125/><E46/><V79/><F0/><W33/><G104/><T55/><D55/><U48/><E48/><V47/><F50/><W59/><G107/><T97/><D97/><N who="1" m="37451" /><E93/><V15/><F2/><W61/><G58/><T67/><D67/><U111/><E111/><V85/><REACH who="2" step="1"/><F68/><REACH who="2" ten="326,264,176,224" step="2"/><W54/><G116/><T94/><D94/><U101/><E101/><V57/><F57/><W128/><G117/><T134/><D134/><U63/><E63/><AGARI ba="0,1" hai="5,10,15,47,49,53,62,63,79,80,82,85,87,90" machi="63" ten="40,2600,0" yaku="1,1,8,1,53,0" doraHai="21" doraHaiUra="38" who="2" fromWho="1" sc="326,0,264,-26,176,36,224,0" owari="326,42.6,238,3.8,212,-28.8,224,-17.6" /></mjloggm>