<mjloggm ver="2.3"><GO type="225" lobby="0"/><UN n0="%E3%81%B5%E3%81%98%E3%81%8B%E3%81%A4" n1="%E3%83%97%E3%83%92" n2="%E9%B3%B3%E6%9D%B1%E3%81%AE%E3%81%BF%E3%81%91%E3%81%AB%E3%82%83%E3%82%93" n3="%E3%82%A2%E3%83%BC%E3%83%A2%E3%83%AD%E3%83%BC%E3%83%B4%E3%82%A1" dan="16,17,17,16" rate="2111.61,2185.50,2143.76,2184.41" sx="M,M,F,M"/><TAIKYOKU oya="0"/><INIT seed="0,0,0,5,0,69" ten="250,250,250,250" oya="0" hai0="50,48,31,114,22,105,71,61,0,43,34,62,16" hai1="70,57,68,40,96,72,4,107,63,20,7,95,8" hai2="51,29,28,17,80,132,21,129,76,12,53,88,131" hai3="104,122,77,82,83,111,94,55,99,91,130,9,49"/><T19/><D114/><U15/><E72/><V54/><F132/><W133/><G133/><T2/><D105/><U125/><E125/><V113/><F113/><W38/><G111/><T128/><D128/><N who="2" m="49226" /><F88/><W10/><G130/><T44/><D34/><U66/><E107/><V52/><F51/><W24/><G122/><T64/><D31/><U6/><E40/><V42/><F42/><W78/><G104/><T97/><D97/><U117/><E117/><V60/><F60/><W86/><G24/><T11/><D50/><U112/><E112/><V25/><F25/><W36/><G10/><T87/><D62/><U84/><E84/><AGARI ba="0,0" hai="12,17,21,28,29,52,53,54,76,80,84" m="49226" machi="84" ten="30,2000,0" yaku="19,1,54,1" doraHai="69" who="2" fromWho="1" sc="250,0,250,-20,250,20,250,0" /><INIT seed="1,0,0,0,4,122" ten="250,230,270,250" oya="1" hai0="19,71,16,32,77,14,26,98,87,58,93,116,111" hai1="3,90,103,72,119,127,110,114,7,53,49,69,99" hai2="73,68,56,74,48,65,28,132,109,125,83,8,63" hai3="18,44,89,22,64,4,20,39,1,54,112,13,21"/><U102/><E114/><V10/><F132/><W33/><G112/><T82/><D116/><U70/><E119/><V12/><F125/><W11/><G33/><T86/><D71/><U129/><E72/><V59/><F28/><W60/><G89/><T51/><D111/><U135/><E135/><V113/><F113/><W67/><G67/><T5/><D32/><U88/><E127/><V40/><F109/><W24/><G1/><T105/><D105/><U80/><E129/><V126/><F126/><W121/><G121/><T100/><D26/><U104/><E102/><V78/><F74/><W95/><G95/><T85/><D5/><U76/><E110/><V45/><REACH who="2" step="1"/><F8/><REACH who="2" ten="250,230,260,250" step="2"/><W79/><G79/><T91/><D77/><U57/><E70/><V31/><F31/><W94/><G22/><N who="0" m="11543" /><D19/><AGARI ba="0,1" hai="10,12,19,40,45,48,56,59,63,65,68,73,78,83" machi="19" ten="30,2000,0" yaku="1,1,7,1,53,0" doraHai="122" doraHaiUra="97" who="2" fromWho="0" sc="250,-20,230,0,260,30,250,0" /><INIT seed="2,0,0,5,4,15" ten="230,230,290,250" oya="2" hai0="47,71,117,18,37,70,20,115,106,49,105,118,79" hai1="103,32,127,74,83,51,131,95,13,85,16,111,58" hai2="52,26,22,104,77,82,3,109,33,87,39,55,64" hai3="12,14,34,101,134,59,31,67,35,28,96,98,48"/><V17/><F104/><N who="0" m="40042" /><D79/><U73/><E32/><V92/><F39/><W63/><G134/><T9/><D9/><U119/><E111/><V7/><F109/><W78/><G78/><T54/><D115/><U100/><E119/><N who="0" m="45577" /><D37/><U11/><E127/><V68/><F33/><W110/><G110/><T43/><D43/><U65/><E131/><V57/><F68/><W62/><G48/><T84/><D84/><U88/><E74/><V124/><F124/><W132/><G132/><T4/><D4/><U56/><E73/><V80/><F80/><W90/><G101/><N who="1" m="38986" /><E65/><V1/><F1/><W41/><G41/><T0/><D0/><U40/><E95/><V122/><F92/><W81/><G81/><T75/><D75/><U89/><E89/><V108/><F108/><W76/><G76/><T120/><D120/><U126/><E126/><V46/><F122/><W114/><G90/><T23/><D23/><U93/><E93/><V99/><F99/><W72/><G72/><T45/><D45/><AGARI ba="0,0" hai="11,13,16,40,45,51,56,58,83,85,88" m="38986" machi="45" ten="30,7700,0" yaku="8,1,52,1,54,2" doraHai="15" who="1" fromWho="0" sc="230,-77,230,77,290,0,250,0" /><INIT seed="3,0,0,4,5,35" ten="153,307,290,250" oya="3" hai0="57,127,53,9,12,10,1,121,50,70,99,36,107" hai1="44,129,41,73,62,97,89,84,83,6,18,86,67" hai2="133,74,72,28,39,134,109,5,111,27,130,8,49" hai3="112,94,46,68,102,2,42,20,126,13,131,101,118"/><W90/><G112/><T21/><D127/><U98/><E129/><V125/><F39/><W88/><G118/><T16/><D121/><U115/><E115/><V91/><F49/><W123/><G123/><T19/><D36/><U106/><E73/><N who="2" m="28267" /><F91/><W80/><G68/><T26/><D70/><U122/><E6/><V55/><F55/><W51/><G2/><T58/><D107/><U56/><E106/><V124/><F130/><W76/><G126/><N who="2" m="48745" /><F8/><W104/><G104/><T75/><D75/><U114/><E114/><V135/><F5/><W29/><G131/><T92/><D9/><U103/><E103/><N who="3" m="39434" /><G94/><T43/><D43/><U22/><E84/><V87/><F87/><N who="3" m="48519" /><G29/><T77/><D77/><U81/><E81/><V47/><F47/><W24/><G24/><T7/><D58/><U14/><E122/><V78/><F78/><W15/><G15/><T79/><D79/><U60/><E60/><V120/><F120/><W32/><G32/><AGARI ba="0,0" hai="27,28,32,109,111,133,134,135" m="48745,28267" machi="32" ten="40,5200,0" yaku="20,1,18,1,23,1" doraHai="35" who="2" fromWho="3" sc="153,0,307,0,290,52,250,-52" owari="153,-34.7,307,10.7,342,44.2,198,-20.2" /></mjloggm>