<mjloggm ver="2.3"><GO type="225" lobby="0"/><UN n0="%E3%83%A9%E3%82%B9%E7%8E%87%EF%BC%93%E5%89%B2" n1="%E3%81%A8%E3%82%93%E3%81%A8%E3%81%93%E3%81%A8%E3%82%93" n2="%E3%81%AA%E3%81%A1%30%39%32%37" n3="%E3%83%97%E3%83%AC%E3%83%B4%E3%82%A1%E3%83%86%E3%82%A3" dan="16,16,16,16" rate="2181.23,2098.22,2099.44,2114.89" sx="F,M,M,F"/><TAIKYOKU oya="0"/><INIT seed="0,0,0,4,5,89" ten="250,250,250,250" oya="0" hai0="50,32,95,59,109,96,133,64,24,14,98,7,44" hai1="70,123,31,118,52,11,17,90,122,54,26,86,88" hai2="117,103,72,129,0,125,45,69,58,15,78,1,87" hai3="74,131,25,56,39,51,30,110,73,119,10,40,126"/><T68/><D68/><U5/><E70/><V33/><F58/><W8/><G119/><T34/><D133/><U53/><E118/><V100/><F15/><W105/><G105/><T9/><D109/><U124/><E124/><V94/><F69/><W132/><G110/><T46/><D98/><U16/><E122/><V35/><F45/><W48/><G126/><T63/><D24/><U23/><E123/><V85/><F125/><W57/><G132/><T37/><D37/><U2/><REACH who="1" step="1"/><E90/><REACH who="1" ten="250,240,250,250" step="2"/><V115/><F117/><W61/><G131/><T75/><D75/><U71/><E71/><V108/><F72/><W13/><G74/><T82/><D82/><AGARI ba="0,1" hai="2,5,11,16,17,23,26,31,52,53,54,82,86,88" machi="82" ten="40,8000,1" yaku="1,1,54,3,53,1" doraHai="89" doraHaiUra="22" who="1" fromWho="0" sc="250,-80,240,90,250,0,250,0" /><INIT seed="1,0,0,0,1,113" ten="170,330,250,250" oya="1" hai0="42,119,125,79,65,37,28,54,15,83,25,44,131" hai1="75,47,24,107,81,5,22,110,117,118,126,69,87" hai2="129,122,36,50,123,105,20,91,58,89,80,67,128" hai3="106,53,33,112,48,34,78,127,23,1,98,84,73"/><U66/><E75/><V109/><F36/><W4/><G112/><T116/><D131/><N who="2" m="50250" /><F105/><W82/><G127/><T38/><D125/><U40/><E107/><V8/><F109/><W43/><G43/><T18/><D65/><U99/><E99/><V11/><F20/><W41/><G41/><T9/><D54/><U31/><E5/><V16/><F50/><W63/><G63/><T13/><D13/><U104/><E104/><V17/><F58/><W59/><G23/><T35/><REACH who="0" step="1"/><D38/><REACH who="0" ten="160,330,250,250" step="2"/><U2/><E126/><V21/><F67/><W51/><G1/><T74/><AGARI ba="0,1" hai="9,15,18,25,28,35,37,42,44,74,79,83,116,119" machi="74" ten="20,12000,2" yaku="1,1,2,1,0,1,7,1,52,2,53,1" doraHai="113" doraHaiUra="70" who="0" fromWho="0" sc="160,130,330,-60,250,-30,250,-30" /><INIT seed="2,0,0,1,3,128" ten="290,270,220,220" oya="2" hai0="115,52,60,103,37,125,134,129,75,65,101,63,48" hai1="38,95,20,120,131,73,121,123,84,3,5,59,24" hai2="97,74,116,126,114,58,82,109,35,30,46,17,10" hai3="89,88,27,45,40,67,15,31,6,93,76,127,1"/><V86/><F114/><W91/><G1/><T90/><D37/><U23/><E73/><V54/><F116/><W104/><G104/><T105/><D115/><U85/><E38/><V43/><F126/><W122/><G122/><T132/><D75/><U18/><E131/><V124/><F124/><W102/><G127/><T92/><D125/><U70/><E70/><V135/><F74/><W8/><G76/><T108/><D108/><U11/><E59/><V78/><F35/><W51/><G67/><T83/><D83/><U113/><E113/><V112/><F30/><W42/><G42/><T69/><D63/><U98/><REACH who="1" step="1"/><E23/><REACH who="1" ten="290,260,220,220" step="2"/><V55/><F112/><W44/><G44/><N who="0" m="27655" /><D129/><U9/><E9/><V39/><F39/><W2/><G2/><T111/><D111/><U25/><E25/><V80/><F46/><W110/><G110/><T106/><D106/><U22/><E22/><V28/><F58/><W68/><G68/><T94/><D105/><U12/><E12/><V66/><F109/><W7/><G7/><T33/><D33/><U57/><E57/><V100/><F10/><W72/><G72/><T14/><D14/><U117/><E117/><V0/><F0/><W41/><G41/><T19/><D19/><U133/><E133/><N who="0" m="51305" /><D94/><U49/><E49/><V64/><F17/><W16/><G6/><T56/><D69/><U107/><E107/><V50/><F135/><W47/><G47/><T130/><D130/><U4/><E4/><V62/><F43/><W26/><G31/><T79/><D79/><U99/><E99/><AGARI ba="0,1" hai="8,15,16,26,27,40,45,51,88,89,91,93,99,102" machi="99" ten="40,5200,0" yaku="8,1,54,2" doraHai="128" who="3" fromWho="1" sc="290,0,260,-52,220,0,220,62" /><AGARI ba="0,0" hai="56,60,65,90,92,99,101,103" m="51305,27655" machi="99" ten="30,8000,1" yaku="20,1,52,3,54,1" doraHai="128" who="0" fromWho="1" sc="290,80,208,-80,220,0,282,0" /><INIT seed="3,0,0,4,5,28" ten="370,128,220,282" oya="3" hai0="89,91,125,70,62,69,54,102,77,114,15,14,30" hai1="17,44,51,11,66,119,9,117,111,94,71,128,113" hai2="96,115,45,3,80,124,64,7,67,98,76,18,110" hai3="21,85,63,103,129,118,2,32,83,8,84,37,49"/><W24/><G118/><T97/><D125/><U74/><E74/><V65/><F110/><W29/><G37/><T27/><D77/><U19/><E94/><V33/><F124/><W122/><G122/><T92/><D114/><U126/><E66/><V106/><F115/><W131/><G103/><T82/><D70/><U13/><E71/><V133/><F133/><W47/><G63/><T10/><D82/><U73/><E73/><V59/><F18/><W120/><G120/><T4/><D15/><U26/><E126/><V86/><F33/><W68/><G68/><T50/><D62/><U109/><E113/><V1/><F59/><W75/><G75/><T20/><D69/><U135/><E51/><V53/><F7/><W12/><G2/><T95/><D95/><U57/><E57/><AGARI ba="0,0" hai="4,10,14,20,27,30,50,54,57,89,91,92,97,102" machi="57" ten="30,2000,0" yaku="7,1,8,1" doraHai="28" who="0" fromWho="1" sc="370,20,128,-20,220,0,282,0" owari="390,49.0,108,-39.2,220,-18.0,282,8.2" /></mjloggm>