<mjloggm ver="2.3"><GO type="225" lobby="0"/><UN n0="%E3%81%BF%E3%81%BF%E3%81%9A" n1="%E3%81%8C%E3%81%9F" n2="%E3%81%8B%E3%82%8F%E3%81%A1%E3%82%83%E3%82%93%35%38" n3="%72%65%6E%6B%75%6E" dan="18,16,16,17" rate="2257.96,2113.38,2212.18,2190.82" sx="M,M,M,M"/><TAIKYOKU oya="0"/><INIT seed="0,0,0,2,4,134" ten="250,250,250,250" oya="0" hai0="18,17,38,23,35,41,52,54,50,62,100,25,131" hai1="121,48,108,37,16,109,39,128,113,95,42,44,114" hai2="57,11,130,3,2,45,51,75,119,98,47,89,7" hai3="82,67,123,36,87,80,19,112,20,102,90,78,135"/><T118/><D118/><U126/><E95/><V49/><F75/><W93/><G112/><N who="1" m="43114" /><E121/><V132/><F132/><W68/><G135/><T88/><D100/><U30/><E30/><V125/><F57/><W120/><G36/><N who="1" m="13898" /><E128/><V33/><F33/><W29/><G29/><T122/><D122/><N who="3" m="46633" /><G102/><T110/><D131/><U63/><E16/><N who="0" m="6249" /><D38/><U40/><E126/><V27/><F130/><W14/><G78/><T5/><D35/><U10/><E10/><V103/><F119/><W66/><G68/><T65/><D5/><U32/><E32/><V69/><F69/><W56/><G56/><N who="0" m="37063" /><D110/><N who="1" m="42603" /><E63/><V6/><F103/><W106/><G106/><T59/><D23/><U15/><E15/><V115/><F115/><W71/><G71/><T129/><D25/><U61/><E61/><V104/><F27/><W21/><G21/><T26/><D26/><U77/><E77/><V111/><F111/><W105/><G105/><T70/><D129/><U46/><E46/><V86/><F104/><W124/><G20/><T9/><D9/><U94/><E94/><V133/><F11/><W60/><G19/><T1/><D1/><U127/><E127/><V85/><F133/><W64/><G14/><T76/><D76/><U0/><E0/><V91/><F125/><W43/><G124/><T79/><D79/><U97/><E97/><AGARI ba="0,0" hai="2,3,6,7,45,47,49,51,85,86,89,91,97,98" machi="97" ten="25,1600,0" yaku="22,2" doraHai="134" who="2" fromWho="1" sc="250,0,250,-16,250,16,250,0" /><INIT seed="1,0,0,3,2,107" ten="250,234,266,250" oya="1" hai0="132,3,134,94,63,120,51,68,14,102,35,69,113" hai1="62,30,42,32,115,52,78,79,49,99,111,127,125" hai2="75,27,97,61,128,123,40,129,23,2,20,95,135" hai3="9,66,109,88,44,7,48,15,57,116,5,38,33"/><U31/><E115/><V54/><F123/><W50/><G33/><T65/><D3/><U21/><E32/><V67/><F2/><W93/><G109/><T29/><D113/><U45/><E111/><V119/><F119/><W81/><G116/><T12/><D120/><U112/><E112/><V39/><F135/><N who="0" m="51754" /><D68/><U46/><E99/><V10/><F10/><W24/><G24/><N who="0" m="18855" /><D51/><N who="1" m="27063" /><E62/><V6/><F61/><N who="3" m="38191" /><G81/><T73/><D73/><U37/><E37/><V17/><F75/><W36/><G36/><T25/><D25/><N who="1" m="16687" /><E31/><V70/><F39/><W22/><G38/><T104/><D104/><U131/><E131/><V103/><F129/><W92/><G48/><T58/><D69/><U117/><E117/><V105/><F128/><W18/><G22/><T71/><D71/><U80/><E80/><V90/><F70/><W55/><G93/><T87/><D102/><U118/><E118/><V8/><F23/><W13/><G13/><T26/><D26/><U16/><E16/><V91/><F105/><W108/><G108/><T96/><D96/><AGARI ba="0,0" hai="5,7,9,15,18,44,50,55,88,92,96" m="38191" machi="96" ten="30,2000,0" yaku="8,1,54,1" doraHai="107" who="3" fromWho="0" sc="250,-20,234,0,266,0,250,20" /><INIT seed="2,0,0,4,1,69" ten="230,234,266,270" oya="2" hai0="70,12,130,114,34,18,128,65,2,117,50,13,126" hai1="107,73,124,11,5,105,44,42,89,21,106,43,92" hai2="59,93,58,15,51,72,49,122,16,104,95,76,94" hai3="63,25,17,38,67,66,90,118,108,55,68,127,86"/><V20/><F104/><W71/><G118/><T37/><D114/><U48/><E73/><V79/><F122/><W41/><G108/><T29/><D2/><U46/><E21/><V88/><F72/><W75/><G75/><T28/><D117/><U83/><E83/><V84/><F58/><W96/><G96/><T100/><D100/><U115/><E124/><V62/><F51/><W80/><G127/><T9/><D126/><U110/><E110/><V116/><F116/><W40/><G55/><T7/><D37/><U10/><E5/><V47/><F79/><W35/><G38/><T98/><D50/><U97/><REACH who="1" step="1"/><E115/><REACH who="1" ten="230,224,266,270" step="2"/><V61/><F76/><W57/><G35/><T119/><D119/><U125/><E125/><V53/><F61/><W8/><G80/><T60/><D34/><U103/><E103/><V113/><F113/><W99/><G63/><T19/><D7/><U77/><E77/><V64/><AGARI ba="0,1" hai="15,16,20,47,49,53,59,62,64,84,88,93,94,95" machi="64" ten="20,12000,1" yaku="0,1,7,1,8,1,54,2" doraHai="69" who="2" fromWho="2" sc="230,-40,224,-40,266,130,270,-40" /><INIT seed="2,1,0,5,2,3" ten="190,184,396,230" oya="2" hai0="134,30,82,74,33,40,76,57,95,110,66,83,125" hai1="116,27,17,87,108,120,107,98,48,85,24,4,117" hai2="114,31,59,47,25,93,6,34,81,62,84,19,86" hai3="26,28,70,131,124,97,14,112,58,122,99,129,21"/><V105/><F105/><W67/><G122/><T77/><D110/><U88/><E120/><V104/><F104/><W29/><G70/><T49/><D134/><U35/><E108/><V56/><F114/><W78/><G112/><T7/><D125/><U15/><E4/><V73/><F73/><W119/><G119/><T37/><D37/><U64/><E64/><V65/><F19/><N who="3" m="10487" /><G78/><T80/><D7/><U23/><E48/><V5/><F47/><W121/><G29/><T133/><D133/><U0/><E0/><V63/><F93/><W1/><G1/><T36/><D36/><U12/><E87/><V113/><F86/><W11/><G11/><T52/><D40/><U55/><E55/><V18/><F18/><W72/><G72/><T100/><D74/><U79/><E79/><V106/><F106/><W92/><G124/><T50/><D50/><U123/><E123/><V96/><F96/><W130/><G92/><T43/><D33/><U13/><E98/><V126/><F126/><W71/><G71/><T9/><D30/><U8/><E107/><V132/><F132/><W61/><G121/><T10/><D76/><U32/><E8/><N who="0" m="3177" /><D77/><U44/><E44/><V2/><F2/><W89/><G89/><T38/><D95/><N who="1" m="54671" /><E32/><AGARI ba="1,0" hai="26,28,32,58,61,67,97,99,129,130,131" m="10487" machi="32" ten="30,1000,0" yaku="19,1" doraHai="3" who="3" fromWho="1" sc="190,0,184,-13,396,0,230,13" /><INIT seed="3,0,0,5,2,3" ten="190,171,396,243" oya="3" hai0="49,15,113,119,23,132,62,89,2,83,54,44,40" hai1="85,17,12,112,18,110,72,14,55,123,133,79,1" hai2="19,96,129,99,118,103,117,127,67,31,51,37,124" hai3="126,32,64,125,73,60,80,98,95,39,56,135,52"/><W4/><G32/><T33/><D119/><U58/><E123/><V29/><F37/><W131/><G39/><T35/><D2/><U9/><E112/><V106/><F129/><W65/><G131/><T93/><D113/><U74/><E1/><V25/><F67/><W116/><G116/><T70/><D132/><U90/><E133/><V26/><F19/><W43/><G43/><T42/><D83/><U92/><E110/><V5/><F5/><W87/><G73/><T71/><D35/><U104/><E104/><V78/><F51/><W109/><G109/><T13/><D33/><U76/><E72/><V105/><F103/><N who="3" m="60895" /><G4/><T11/><D71/><U102/><E102/><V84/><F84/><W48/><G48/><T115/><D115/><U28/><E28/><V120/><F78/><N who="3" m="46487" /><G135/><T121/><D121/><AGARI ba="0,0" hai="25,26,29,31,96,99,105,106,117,118,120,121,124,127" machi="121" ten="25,1600,0" yaku="22,2" doraHai="3" who="2" fromWho="0" sc="190,-16,171,0,396,16,243,0" owari="174,-22.6,171,-32.9,412,51.2,243,4.3" /></mjloggm>