<mjloggm ver="2.3"><GO type="225" lobby="0"/><UN n0="%E3%81%AF%E3%82%88%E3%81%8A%E3%81%98%E3%81%95%E3%82%93" n1="%E6%A1%9C%E8%8A%B1%E9%96%83%E3%80%85" n2="%43%68%65" n3="%74%61%6B%65%2D%79%6F%75" dan="16,16,16,16" rate="2112.24,2130.33,2111.58,2190.29" sx="M,M,M,M"/><TAIKYOKU oya="0"/><INIT seed="0,0,0,1,4,44" ten="250,250,250,250" oya="0" hai0="98,121,79,13,12,49,123,51,72,54,129,130,56" hai1="122,38,24,14,125,7,19,66,105,6,59,52,113" hai2="77,62,120,1,70,29,82,96,107,73,32,26,95" hai3="45,50,35,42,110,94,15,47,40,76,16,58,55"/><T21/><D72/><U91/><E122/><N who="0" m="46601" /><D79/><U63/><E125/><V37/><F120/><W31/><G110/><T102/><D21/><N who="1" m="13375" /><E38/><V124/><F124/><W0/><G0/><T112/><D112/><U69/><E69/><V127/><F127/><W134/><G134/><T135/><D135/><U117/><E117/><V106/><F37/><W131/><G131/><N who="0" m="50187" /><D49/><N who="1" m="31119" /><E105/><AGARI ba="0,0" hai="12,13,51,54,56,98,102,105" m="50187,46601" machi="105" ten="30,2900,0" yaku="19,1,52,1" doraHai="44" who="0" fromWho="1" sc="250,29,250,-29,250,0,250,0" /><INIT seed="0,1,0,4,5,5" ten="279,221,250,250" oya="0" hai0="22,28,0,127,105,117,118,56,42,79,115,2,58" hai1="21,108,65,34,120,132,101,68,24,11,57,64,87" hai2="61,27,74,130,17,20,37,112,125,60,104,123,16" hai3="49,25,114,78,102,52,99,95,122,106,76,81,62"/><T70/><D70/><U116/><E116/><V103/><F112/><W38/><G114/><T113/><D22/><U47/><E120/><V128/><F123/><W29/><G122/><T50/><D50/><U45/><E34/><V111/><F37/><W53/><G38/><T98/><D98/><U7/><E68/><V134/><F74/><W18/><G106/><T14/><D14/><N who="1" m="5503" /><E108/><V9/><F111/><W40/><G18/><T46/><D46/><N who="1" m="17419" /><E132/><V129/><F134/><W6/><G40/><T97/><D97/><U13/><E101/><V33/><F33/><W119/><G102/><T90/><D105/><U135/><E135/><V109/><F125/><W110/><G110/><T35/><D35/><U59/><E87/><V31/><F109/><W77/><G119/><T83/><D127/><U44/><N who="1" m="17427" /><U93/><DORA hai="15" /><E93/><V43/><F43/><W85/><G95/><T54/><D42/><U131/><E13/><N who="2" m="7215" /><F31/><W67/><G29/><T63/><D28/><N who="1" m="17423" /><E131/><V30/><F30/><W92/><G92/><T82/><D0/><U73/><E73/><V4/><F4/><W19/><G6/><T100/><D2/><U48/><E48/><V88/><F88/><W75/><G49/><N who="0" m="30799" /><D100/><U39/><E39/><V55/><F103/><W89/><G89/><T23/><D90/><U84/><E84/><V36/><F104/><W96/><G75/><N who="0" m="43391" /><D115/><U94/><E94/><V107/><F107/><W121/><G121/><T51/><D113/><U80/><E80/><V8/><F36/><W1/><G81/><T12/><D83/><U69/><E69/><V66/><F130/><RYUUKYOKU ba="1,0" sc="279,-10,221,30,250,-10,250,-10" hai1="57,59,64,65" /><INIT seed="1,2,0,0,1,98" ten="269,251,240,240" oya="1" hai0="77,14,99,92,67,85,7,133,52,2,1,128,127" hai1="35,4,31,86,95,129,135,111,59,9,27,116,73" hai2="32,100,54,76,75,43,112,102,12,115,90,39,97" hai3="113,103,49,84,26,87,122,78,34,29,66,33,74"/><U3/><E116/><V89/><F32/><W114/><G122/><T23/><D67/><U51/><E73/><V45/><F54/><W37/><G37/><T82/><D127/><U91/><E129/><V134/><F134/><W93/><G34/><T19/><D133/><U65/><E135/><V107/><F12/><W105/><G66/><T88/><D128/><U47/><E111/><V108/><F108/><W50/><G113/><N who="2" m="43593" /><F100/><W40/><G114/><T132/><D132/><U41/><E59/><V80/><AGARI ba="2,0" hai="39,43,45,75,76,80,89,90,97,102,107" m="43593" machi="80" ten="30,2000,0" yaku="11,1,52,1" doraHai="98" who="2" fromWho="2" sc="269,-7,251,-12,240,26,240,-7" /><INIT seed="2,0,0,4,3,66" ten="262,239,266,233" oya="2" hai0="125,22,13,16,20,18,72,77,5,35,130,123,79" hai1="64,62,91,96,133,3,40,116,45,110,30,101,49" hai2="32,85,4,23,41,63,113,25,55,119,104,46,87" hai3="43,26,92,60,50,44,106,19,117,58,97,11,31"/><V122/><F113/><W90/><G117/><T68/><D123/><U108/><E116/><V84/><F119/><W121/><G121/><T17/><D35/><U83/><E3/><V99/><F32/><W103/><G11/><T8/><D68/><U100/><E30/><V89/><F4/><W65/><G19/><T69/><D69/><N who="1" m="42135" /><E133/><V80/><F122/><W12/><G12/><T75/><D125/><U115/><E115/><V107/><F55/><W38/><G38/><T1/><D130/><U51/><E51/><V118/><F63/><W81/><G81/><T112/><D112/><U33/><E33/><V21/><F21/><N who="3" m="15823" /><G106/><T53/><D75/><U126/><E126/><V14/><F14/><W37/><G37/><T76/><D72/><U52/><E40/><V54/><F54/><W42/><G42/><T34/><D34/><U15/><E15/><V95/><F118/><W39/><G39/><T2/><D2/><U78/><E91/><AGARI ba="0,0" hai="43,44,50,58,60,65,90,91,92,97,103" m="15823" machi="91" ten="30,2000,0" yaku="25,1,8,1" doraHai="66" who="3" fromWho="1" sc="262,0,239,-20,266,0,233,20" /><INIT seed="3,0,0,2,2,44" ten="262,219,266,253" oya="3" hai0="114,130,86,95,62,65,26,129,116,54,107,40,131" hai1="59,25,63,74,0,28,64,72,100,120,112,94,24" hai2="52,124,34,101,35,39,79,70,83,111,13,16,67" hai3="73,15,99,38,88,80,42,14,9,89,30,75,127"/><W3/><G127/><T118/><D107/><U56/><E112/><V109/><F124/><W61/><G30/><T10/><D114/><U4/><E120/><V128/><F101/><W102/><G61/><T82/><D40/><U37/><E37/><V90/><F90/><W91/><G38/><T53/><D95/><U43/><E43/><V58/><F39/><W84/><G42/><T50/><D10/><N who="1" m="2311" /><E59/><V1/><F1/><W97/><G3/><T6/><D26/><U92/><E24/><V45/><F45/><W125/><G125/><T47/><D6/><U55/><E55/><V126/><F128/><W46/><G46/><T69/><REACH who="0" step="1"/><D54/><REACH who="0" ten="252,219,266,253" step="2"/><U57/><E94/><V22/><F126/><W17/><G102/><T134/><D134/><U108/><E108/><V49/><F111/><W2/><G9/><T51/><D51/><U20/><E57/><V18/><F109/><W77/><G97/><AGARI ba="0,1" hai="20,25,28,56,63,64,72,74,92,97,100" m="2311" machi="97" ten="30,1000,0" yaku="25,1" doraHai="44" who="1" fromWho="3" sc="252,0,219,20,266,0,253,-10" /><INIT seed="4,0,0,5,2,86" ten="252,239,266,243" oya="0" hai0="124,121,115,8,23,7,29,28,129,13,116,18,43" hai1="60,76,1,72,94,97,102,69,3,21,34,127,25" hai2="98,96,122,80,58,35,78,2,111,51,4,15,87" hai3="73,135,14,61,75,31,36,22,110,0,30,95,81"/><T54/><D121/><U38/><E127/><V125/><F2/><W88/><G110/><T113/><D116/><U91/><E38/><V48/><F35/><W39/><G0/><T133/><D43/><U47/><E47/><V131/><F111/><W10/><G135/><T89/><D54/><U128/><E128/><V32/><F32/><W126/><G126/><T93/><D124/><U64/><E34/><V65/><F122/><W108/><G108/><T5/><D133/><U132/><E132/><V56/><F131/><W134/><G134/><T101/><D101/><U33/><E33/><V57/><F65/><W17/><G61/><T109/><D129/><U100/><E100/><V37/><F37/><W83/><G75/><T117/><D117/><U67/><E67/><V82/><F82/><N who="3" m="31243" /><G73/><T55/><D55/><U119/><E119/><V107/><F125/><W9/><G39/><T12/><D5/><U84/><E76/><V71/><F71/><W120/><G36/><T106/><D106/><U45/><E45/><V130/><F130/><W79/><G79/><T123/><D123/><U19/><REACH who="1" step="1"/><E72/><REACH who="1" ten="252,229,266,243" step="2"/><V77/><F77/><W66/><G66/><T6/><D109/><U40/><E40/><V92/><F107/><AGARI ba="0,1" hai="1,3,19,21,25,60,64,69,84,91,94,97,102,107" machi="107" ten="30,3900,0" yaku="1,1,7,1,52,1,53,0" doraHai="86" doraHaiUra="49" who="1" fromWho="2" sc="252,0,229,49,266,-39,243,0" /><INIT seed="5,0,0,4,0,69" ten="252,278,227,243" oya="1" hai0="52,135,97,1,106,20,98,36,51,83,95,35,58" hai1="40,62,79,121,17,107,15,124,130,128,42,5,113" hai2="27,101,19,84,16,7,2,8,126,114,134,120,88" hai3="96,93,70,72,64,119,132,78,55,25,123,115,9"/><U57/><E121/><V108/><F108/><W50/><G123/><T59/><D35/><U90/><E107/><V74/><F74/><W110/><G110/><T71/><D71/><U76/><E5/><V48/><F120/><W60/><G115/><T21/><D1/><U45/><E90/><V29/><F114/><W80/><G132/><T28/><D36/><N who="1" m="21639" /><E42/><V63/><F134/><W75/><G119/><T133/><D83/><U65/><E113/><V26/><F101/><W23/><G9/><T56/><D133/><U117/><E117/><V54/><F63/><W44/><G80/><T92/><D106/><U103/><E103/><V94/><F126/><W22/><G78/><T125/><D125/><U30/><E30/><V39/><F39/><W32/><G32/><T73/><D73/><U122/><E122/><V46/><REACH who="2" step="1"/><F27/><REACH who="2" ten="252,278,217,243" step="2"/><W86/><G72/><T116/><D135/><U61/><E61/><V68/><F68/><W100/><G75/><T102/><D116/><U3/><E124/><V49/><F49/><W127/><G127/><T66/><D66/><U112/><E112/><V105/><F105/><W53/><G50/><T67/><D67/><U118/><E118/><V33/><AGARI ba="0,1" hai="2,7,8,16,19,26,29,33,46,48,54,84,88,94" machi="33" ten="20,12000,2" yaku="1,1,0,1,7,1,54,2,53,2" doraHai="69" doraHaiUra="14" who="2" fromWho="2" sc="252,-30,278,-60,217,130,243,-30" owari="222,2.2,218,-18.2,347,44.7,213,-28.7" /></mjloggm>