<mjloggm ver="2.3"><GO type="225" lobby="0"/><UN n0="%E5%B0%8F%E9%B3%A5%E9%81%8A%E7%B7%B4%E7%84%A1%32%31%E6%AD%B3" n1="%E3%81%A8%E3%82%93%E3%81%A8%E3%81%93%E3%81%A8%E3%82%93" n2="%4C%4F%4C%49%54%41" n3="%61%69%73%79%6F" dan="16,16,16,17" rate="2146.94,2113.53,2177.07,2237.84" sx="F,M,F,M"/><TAIKYOKU oya="0"/><INIT seed="0,0,0,0,5,12" ten="250,250,250,250" oya="0" hai0="102,41,80,73,24,112,135,2,23,52,118,132,68" hai1="48,97,54,10,121,77,11,109,36,39,87,130,103" hai2="30,55,53,38,27,21,66,92,122,9,86,107,128" hai3="44,101,59,35,57,7,46,88,89,131,42,113,91"/><T60/><D118/><U82/><E121/><V64/><F122/><W83/><G113/><T6/><D41/><U81/><E109/><V110/><F107/><W32/><G101/><T84/><D73/><U56/><E130/><V33/><F38/><W31/><G31/><T104/><D112/><U28/><E28/><V47/><F110/><W127/><G7/><T20/><D68/><U116/><E116/><V18/><F128/><W111/><G111/><T25/><D6/><U93/><E39/><V134/><F134/><N who="0" m="51242" /><D2/><U106/><E36/><V19/><F9/><W45/><G131/><T22/><D102/><U17/><E106/><V123/><F123/><W62/><G42/><T96/><D96/><U79/><REACH who="1" step="1"/><E17/><REACH who="1" ten="250,240,250,250" step="2"/><N who="2" m="6155" /><F33/><W115/><G115/><T16/><D104/><U114/><E114/><V99/><F86/><AGARI ba="0,1" hai="10,11,48,54,56,77,79,81,82,86,87,93,97,103" machi="86" ten="30,8000,1" yaku="1,1,7,1,9,1,8,1,53,1" doraHai="12" doraHaiUra="51" who="1" fromWho="2" sc="250,0,240,90,250,-80,250,0" /><INIT seed="1,0,0,4,5,67" ten="250,330,170,250" oya="1" hai0="21,117,116,66,81,111,91,46,120,14,61,4,13" hai1="63,54,60,123,92,132,2,94,98,110,53,37,103" hai2="55,129,80,59,134,109,107,57,89,76,12,104,69" hai3="16,43,113,51,75,79,28,29,42,88,10,64,44"/><U84/><E123/><V47/><F69/><W101/><G113/><T38/><D111/><U124/><E2/><V40/><F109/><W100/><G75/><T119/><D120/><U3/><E110/><V77/><F129/><W22/><G79/><T30/><D4/><U133/><E37/><V114/><F134/><N who="1" m="51817" /><E3/><V62/><F114/><W24/><G64/><T122/><D122/><U41/><E41/><V73/><F77/><W26/><G42/><T36/><D46/><U20/><E20/><V50/><F89/><W112/><G112/><T118/><N who="0" m="29696" /><DORA hai="6" /><T85/><D30/><U93/><E124/><V135/><F135/><W99/><G10/><T1/><D1/><U56/><E84/><V35/><F35/><W128/><G128/><T78/><D78/><U33/><E33/><V72/><F72/><W126/><G126/><T7/><D14/><U25/><E25/><V130/><F130/><W121/><G121/><T19/><REACH who="0" step="1"/><D7/><REACH who="0" ten="240,330,170,250" step="2"/><U82/><E82/><V23/><F12/><W102/><G26/><T31/><D31/><U131/><E131/><V86/><F73/><W45/><G45/><T105/><D105/><U39/><E39/><V87/><F104/><W127/><G127/><T18/><D18/><U125/><E125/><V106/><F107/><W71/><G29/><T108/><D108/><U49/><E63/><N who="2" m="36287" /><F106/><W5/><G28/><T17/><D17/><U70/><E70/><AGARI ba="0,1" hai="13,19,21,36,38,61,66,70,81,85,91" m="29696" machi="70" ten="70,8000,1" yaku="1,1,52,1,53,1" doraHai="67,6" doraHaiUra="58,95" who="0" fromWho="1" sc="240,90,330,-80,170,0,250,0" /><INIT seed="2,0,0,0,0,125" ten="330,250,170,250" oya="2" hai0="115,91,108,47,25,110,18,88,132,8,24,54,75" hai1="103,3,56,43,7,97,27,53,69,87,23,40,35" hai2="111,20,64,52,60,94,98,28,105,83,11,96,2" hai3="127,104,130,72,17,41,4,29,16,31,46,49,59"/><V58/><F111/><N who="0" m="42538" /><D115/><U66/><E35/><V9/><F2/><W90/><G72/><T106/><D106/><U15/><E3/><V89/><F83/><W129/><G104/><T78/><D132/><U79/><E69/><V1/><F1/><W116/><G116/><T39/><D8/><U119/><E66/><V99/><F105/><W118/><G118/><T50/><D39/><U85/><E119/><V10/><REACH who="2" step="1"/><F64/><REACH who="2" ten="330,250,160,250" step="2"/><W95/><G127/><T51/><D75/><U57/><E79/><V113/><F113/><W131/><G4/><T102/><D78/><U122/><E7/><V55/><F55/><N who="3" m="32239" /><G31/><T48/><D54/><U84/><E53/><V77/><F77/><W36/><G29/><T63/><D47/><U45/><E45/><V123/><F123/><W34/><G34/><T114/><D114/><U12/><E122/><V38/><F38/><W33/><G33/><T30/><D30/><U62/><E40/><V100/><F100/><W93/><G93/><T21/><D25/><AGARI ba="0,1" hai="9,10,11,20,25,28,52,58,60,89,94,96,98,99" machi="25" ten="40,7700,0" yaku="1,1,8,1,54,1,53,0" doraHai="125" doraHaiUra="121" who="2" fromWho="0" sc="330,-77,250,0,160,87,250,0" /><INIT seed="2,1,0,2,1,96" ten="253,250,247,250" oya="2" hai0="12,135,35,10,24,73,127,30,76,54,70,47,36" hai1="52,31,28,2,95,85,7,121,122,98,117,50,118" hai2="94,69,119,79,120,5,39,55,84,99,34,25,106" hai3="103,26,17,129,42,88,82,15,33,90,133,0,27"/><V1/><F119/><W61/><G0/><T124/><D70/><U63/><E85/><V68/><F120/><N who="1" m="46185" /><E63/><V19/><F106/><W4/><G33/><T11/><D135/><U64/><E64/><V116/><F116/><N who="1" m="44649" /><E7/><V65/><F39/><W102/><G129/><T78/><D10/><U105/><E105/><V45/><F65/><W87/><G133/><T43/><D54/><U58/><E2/><V23/><F34/><W21/><G42/><T38/><D38/><U66/><E66/><V101/><F5/><W114/><G114/><T22/><D35/><U71/><E71/><V111/><F111/><W128/><G128/><T48/><D36/><U83/><E83/><V131/><F1/><W62/><G90/><AGARI ba="1,0" hai="28,31,50,52,58,90,95,98" m="44649,46185" machi="90" ten="30,2000,0" yaku="13,1,54,1" doraHai="96" who="1" fromWho="3" sc="253,0,250,23,247,0,250,-23" /><INIT seed="3,0,0,2,2,12" ten="253,273,247,227" oya="3" hai0="71,27,29,16,127,95,2,20,19,33,93,62,6" hai1="133,25,9,54,52,111,65,34,4,3,99,66,97" hai2="56,43,18,53,94,44,36,81,100,114,108,110,74" hai3="24,115,0,50,101,51,125,128,70,38,14,13,23"/><W58/><G70/><T89/><D127/><U132/><E111/><N who="2" m="42539" /><F114/><W30/><G0/><T10/><D93/><U92/><E34/><V55/><F100/><W59/><G38/><T32/><D32/><U41/><E41/><V64/><F94/><W46/><G115/><T73/><D73/><U40/><E40/><V88/><F74/><W130/><G125/><T116/><D116/><U31/><E31/><V49/><F55/><N who="1" m="21033" /><E25/><V124/><F64/><N who="1" m="24681" /><E92/><V102/><F124/><W105/><G101/><T63/><D71/><U39/><E39/><V8/><F102/><W11/><G105/><T118/><D118/><U5/><E5/><V104/><F104/><W47/><G24/><T87/><D19/><U86/><E86/><N who="2" m="50255" /><F18/><N who="3" m="10711" /><G30/><T103/><D103/><U122/><E122/><V69/><F69/><W45/><G130/><T83/><D95/><U121/><E121/><V48/><F36/><W120/><G128/><T76/><D89/><U80/><E80/><V126/><F126/><W119/><G119/><T72/><D72/><U28/><E28/><V26/><F26/><AGARI ba="0,0" hai="2,6,10,16,20,26,27,29,33,62,63,76,83,87" machi="26" ten="30,3900,0" yaku="7,1,52,1,54,1" doraHai="12" who="0" fromWho="2" sc="253,39,273,0,247,-39,227,0" /><INIT seed="4,0,0,1,4,50" ten="292,273,208,227" oya="0" hai0="62,51,116,104,15,69,122,110,125,89,32,123,38" hai1="97,64,124,43,117,44,114,20,126,31,1,26,90" hai2="7,56,17,105,95,113,133,52,131,12,27,19,24" hai3="0,80,93,75,9,107,42,78,72,88,73,40,130"/><T82/><D38/><U100/><E117/><V61/><F105/><W37/><G107/><T46/><D104/><U29/><E1/><V70/><F113/><W81/><G130/><T66/><D32/><U71/><E90/><V102/><F133/><W74/><G80/><T23/><D116/><U57/><E71/><V119/><F119/><W16/><G37/><T106/><D106/><U6/><E6/><V103/><F70/><W34/><G34/><T3/><D3/><U99/><E31/><V108/><F108/><W18/><G42/><T5/><D125/><N who="1" m="48235" /><E100/><N who="2" m="38443" /><F95/><W92/><G40/><T101/><D101/><U134/><E134/><V39/><F39/><W58/><G93/><T67/><D67/><U85/><E85/><V94/><F94/><W33/><G33/><T96/><D110/><U14/><E14/><V47/><F47/><W83/><G58/><T21/><D96/><U79/><E79/><V53/><F53/><W86/><REACH who="3" step="1"/><G81/><REACH who="3" ten="292,273,208,217" step="2"/><T8/><D122/><U111/><E111/><V127/><F127/><W118/><G118/><T28/><D123/><U36/><E114/><V109/><F109/><W30/><G30/><T87/><D28/><U60/><AGARI ba="0,1" hai="20,26,29,36,43,44,57,60,64,97,99" m="48235" machi="60" ten="30,1100,0" yaku="18,1" doraHai="50" who="1" fromWho="1" sc="292,-5,273,21,208,-3,217,-3" /><INIT seed="5,0,0,0,2,101" ten="287,294,205,214" oya="1" hai0="13,48,11,41,122,10,12,37,15,131,95,116,132" hai1="73,28,31,18,14,47,43,30,59,38,110,56,81" hai2="83,103,93,35,100,99,125,60,4,23,55,53,118" hai3="64,68,135,109,75,82,92,20,72,27,2,97,26"/><U115/><E115/><V3/><F35/><W66/><G109/><T63/><D116/><U22/><REACH who="1" step="1"/><E110/><REACH who="1" ten="287,284,205,214" step="2"/><V127/><F118/><W49/><G135/><T33/><D132/><U102/><E102/><V94/><F83/><W69/><G82/><T90/><D122/><U88/><E88/><V77/><F77/><AGARI ba="0,1" hai="14,18,22,28,30,31,38,43,47,56,59,73,77,81" machi="77" ten="40,3900,0" yaku="1,1,53,1" doraHai="101" doraHaiUra="78" who="1" fromWho="2" sc="287,0,284,49,205,-39,214,0" owari="287,8.7,333,43.3,166,-33.4,214,-18.6" /></mjloggm>