<mjloggm ver="2.3"><GO type="225" lobby="0"/><UN n0="%4C%4F%4C%49%54%41" n1="%6D%75%75%73%61%6E%6D%75" n2="%E9%97%98%E5%B0%86%E3%81%A0%E3%82%93%E3%81%A7%E3%81%83" n3="%E3%83%A9%E3%83%BC%E3%83%A1%E3%83%B3%E4%BA%94%E9%83%8E" dan="16,16,16,16" rate="2148.08,2072.26,2121.96,2095.98" sx="F,F,M,M"/><TAIKYOKU oya="0"/><INIT seed="0,0,0,2,4,0" ten="250,250,250,250" oya="0" hai0="57,54,133,120,71,6,40,16,52,109,46,88,134" hai1="28,48,129,131,73,61,3,33,114,107,27,121,124" hai2="1,45,86,132,118,12,62,23,117,103,116,2,65" hai3="38,39,85,113,21,18,13,53,75,63,106,44,92"/><T81/><D71/><U97/><E121/><V67/><F132/><N who="0" m="50794" /><D109/><U74/><E124/><V50/><F103/><W91/><G113/><T110/><D110/><U127/><E127/><V83/><F12/><W43/><G106/><T95/><D120/><U99/><E114/><V77/><F23/><W66/><G75/><N who="1" m="28682" /><E48/><V135/><F135/><W96/><G53/><T105/><D105/><U14/><E61/><V108/><F108/><W31/><G31/><T9/><D81/><U49/><E3/><V101/><F101/><W100/><G38/><N who="0" m="21783" /><D16/><U58/><E107/><V89/><F77/><W98/><REACH who="3" step="1"/><G100/><REACH who="3" ten="250,250,250,240" step="2"/><T37/><D37/><U70/><E28/><V36/><F36/><W84/><G84/><N who="0" m="52615" /><D57/><AGARI ba="0,1" hai="13,18,21,39,43,44,57,63,66,85,91,92,96,98" machi="57" ten="30,2000,0" yaku="1,1,7,1,53,0" doraHai="0" doraHaiUra="22" who="3" fromWho="0" sc="250,-20,250,0,250,0,240,30" /><INIT seed="1,0,0,2,4,125" ten="230,250,250,270" oya="1" hai0="93,134,83,95,58,19,111,2,135,28,74,113,69" hai1="13,24,89,5,114,81,27,21,85,8,73,104,62" hai2="31,76,30,102,121,47,23,25,9,17,112,15,133" hai3="1,45,90,94,35,55,36,129,42,16,43,54,48"/><U99/><E114/><V53/><F133/><N who="0" m="50698" /><D69/><U10/><E73/><V130/><F121/><W4/><G35/><T57/><D113/><U98/><E104/><V59/><F112/><W78/><G78/><N who="0" m="44503" /><D111/><U3/><E62/><V39/><F130/><W77/><G77/><T71/><D71/><U70/><E70/><V75/><F102/><W106/><G106/><T115/><D115/><U63/><E63/><V84/><F75/><W49/><G129/><T6/><D28/><U117/><E117/><V44/><F39/><W124/><G124/><T100/><D19/><U108/><E27/><V0/><F0/><W79/><G79/><T66/><D66/><U46/><E46/><V18/><F18/><W56/><G36/><T91/><D100/><U65/><E65/><V41/><F31/><W29/><G29/><T38/><D38/><U32/><E32/><V116/><F116/><W61/><G61/><T122/><D122/><U26/><E26/><V51/><F41/><W128/><G128/><T60/><D60/><U20/><E108/><V120/><F120/><W126/><G126/><T67/><D67/><U86/><E24/><V40/><F40/><W37/><G37/><T14/><D2/><U7/><REACH who="1" step="1"/><E85/><REACH who="1" ten="230,240,250,270" step="2"/><V64/><F64/><W131/><G131/><T87/><D58/><U127/><E127/><V107/><F107/><W12/><G56/><T72/><D57/><U80/><E80/><AGARI ba="0,1" hai="9,15,17,23,25,30,44,47,51,53,59,76,80,84" machi="80" ten="40,1300,0" yaku="8,1" doraHai="125" who="2" fromWho="1" sc="230,0,240,-13,250,23,270,0" /><INIT seed="2,0,0,2,5,85" ten="230,227,273,270" oya="2" hai0="99,64,91,125,53,130,9,96,74,72,113,1,101" hai1="19,59,73,52,111,22,12,122,30,117,135,5,40" hai2="79,127,39,34,69,11,25,112,37,78,134,17,118" hai3="10,87,83,26,29,23,65,81,128,95,84,110,35"/><V129/><F69/><W61/><G110/><T2/><D113/><U86/><E117/><V70/><F70/><W107/><G107/><T18/><D64/><U92/><E73/><V89/><F112/><W94/><G128/><T114/><D114/><U41/><E111/><V62/><F118/><W31/><G10/><T66/><D66/><U21/><E5/><V88/><F62/><W80/><G35/><T32/><D32/><U13/><E135/><V16/><F34/><W0/><G0/><T126/><D130/><U58/><E58/><V98/><F98/><W46/><G31/><T56/><D18/><N who="1" m="10439" /><E30/><V60/><F60/><W7/><G46/><T105/><D74/><U116/><E122/><V132/><F11/><W33/><G7/><T28/><D72/><U63/><E116/><V93/><F93/><N who="3" m="35339" /><G33/><T44/><D44/><U131/><E131/><V123/><F129/><W55/><G65/><T106/><D28/><U14/><E14/><V102/><F25/><W57/><AGARI ba="0,0" hai="23,26,29,55,57,61,80,81,83,84,87" m="35339" machi="57" ten="30,1100,0" yaku="8,1" doraHai="85" who="3" fromWho="3" sc="230,-3,227,-3,273,-5,270,11" /><INIT seed="3,0,0,4,2,58" ten="227,224,268,281" oya="3" hai0="6,94,84,64,101,52,53,131,44,40,29,34,106" hai1="102,92,129,18,26,78,3,77,36,28,134,15,46" hai2="98,8,19,70,109,27,67,32,89,74,16,99,60" hai3="116,132,0,81,126,112,105,76,7,121,47,4,120"/><W33/><G112/><T93/><D106/><U125/><E3/><V133/><F74/><W51/><G116/><T57/><D131/><U10/><E129/><V69/><F69/><W56/><G105/><T24/><D6/><U5/><E134/><V80/><F133/><W117/><G117/><T66/><D101/><U59/><E125/><V31/><F109/><W90/><G33/><T63/><D64/><U1/><E59/><V22/><F19/><W23/><G132/><T11/><D11/><U83/><E102/><V91/><F8/><W123/><G126/><T87/><D94/><U65/><E92/><V39/><F39/><W55/><G0/><T43/><D43/><U38/><E65/><V2/><F2/><W17/><G90/><T127/><D127/><U95/><E95/><V13/><F80/><W45/><G4/><T128/><D128/><U108/><E108/><V79/><F79/><W54/><G54/><T73/><D73/><U82/><E38/><V96/><AGARI ba="0,0" hai="13,16,22,27,31,32,60,67,70,89,91,96,98,99" machi="96" ten="30,4000,0" yaku="0,1,52,1,54,1" doraHai="58" who="2" fromWho="2" sc="227,-10,224,-10,268,40,281,-20" owari="217,-18.3,214,-28.6,308,40.8,261,6.1" /></mjloggm>