<mjloggm ver="2.3"><GO type="225" lobby="0"/><UN n0="%E6%B0%B7%E5%B7%9D%E9%87%8C%E5%A5%88" n1="%E3%81%8B%E3%82%8F%E3%81%A1%E3%82%83%E3%82%93%35%38" n2="%E5%8D%A0%E3%81%84%E5%B8%AB%E8%A3%8F%E3%81%AA%E3%81%84%E3%81%97" n3="%68%6F%72%69%30%39%30%31" dan="16,16,17,16" rate="2111.82,2146.90,2149.44,2053.11" sx="F,M,M,M"/><TAIKYOKU oya="0"/><INIT seed="0,0,0,2,5,112" ten="250,250,250,250" oya="0" hai0="105,19,77,98,10,87,25,102,96,24,109,20,42" hai1="114,128,70,121,6,18,123,124,44,40,67,97,69" hai2="125,130,81,26,129,27,17,110,60,99,11,119,55" hai3="53,118,111,13,31,5,79,134,28,50,89,65,93"/><T76/><D109/><U38/><E6/><V132/><F110/><W122/><G111/><T117/><D42/><U54/><E97/><V23/><F132/><W52/><G134/><T8/><D117/><U84/><E84/><V35/><F125/><W46/><G118/><T16/><D98/><U63/><E18/><V120/><F120/><N who="1" m="46153" /><E124/><V49/><F60/><W116/><G116/><T100/><D100/><U74/><E74/><V66/><F66/><W95/><G122/><T101/><D101/><U56/><E114/><V131/><F119/><W15/><G65/><T3/><D3/><U133/><E133/><V92/><F81/><W86/><G53/><T107/><D107/><U73/><E73/><V29/><F11/><N who="3" m="4335" /><G95/><T41/><D41/><U45/><E128/><V30/><F30/><N who="3" m="11307" /><G15/><T75/><D75/><U72/><E72/><V71/><F71/><W78/><AGARI ba="0,0" hai="46,50,52,78,79,86,89,93" m="11307,4335" machi="78" ten="30,2000,0" yaku="8,1,54,1" doraHai="112" who="3" fromWho="3" sc="250,-10,250,-5,250,-5,250,20" /><INIT seed="1,0,0,1,1,100" ten="240,245,245,270" oya="1" hai0="82,116,114,95,73,77,44,97,40,15,48,63,70" hai1="101,125,83,7,80,20,39,41,54,26,4,105,119" hai2="92,122,84,110,2,130,71,88,120,60,86,59,24" hai3="25,106,5,112,115,118,85,108,23,0,31,123,117"/><U94/><E119/><N who="3" m="45578" /><G106/><T91/><D114/><N who="3" m="43561" /><G85/><T65/><REACH who="0" step="1"/><D15/><REACH who="0" ten="230,245,245,270" step="2"/><U29/><E125/><V102/><F120/><W81/><BYE who="0" /><G123/><T128/><D128/><U121/><E105/><V10/><F102/><W13/><G81/><N who="1" m="31306" /><E39/><V68/><F130/><UN n0="%E6%B0%B7%E5%B7%9D%E9%87%8C%E5%A5%88" /><W43/><G108/><T38/><D38/><U17/><E121/><V98/><F122/><W55/><G43/><T6/><D6/><N who="1" m="2091" /><E41/><V109/><F109/><W113/><G113/><T69/><D69/><U89/><E101/><V14/><F68/><W93/><G5/><T49/><D49/><U131/><E131/><V8/><F71/><W18/><G0/><T42/><D42/><U58/><E89/><V133/><F2/><W61/><G13/><T79/><D79/><U21/><E94/><V50/><F14/><W124/><G93/><T66/><D66/><U3/><E3/><V87/><F110/><W35/><G124/><T45/><D45/><U78/><E78/><V32/><F92/><W96/><G61/><T53/><D53/><U67/><E67/><V104/><F60/><W52/><G55/><T11/><D11/><U132/><E132/><V46/><F133/><W19/><G52/><T134/><D134/><U22/><E17/><V72/><F88/><W16/><G19/><T30/><D30/><U33/><E54/><N who="2" m="32215" /><F46/><W64/><G64/><T74/><D74/><U56/><E56/><V111/><F111/><W28/><G18/><T90/><D90/><U37/><E58/><V34/><F72/><W127/><G127/><T9/><D9/><N who="2" m="3690" /><F24/><N who="3" m="18823" /><G31/><T12/><D12/><U99/><E37/><V27/><F27/><RYUUKYOKU ba="0,1" sc="230,0,245,0,245,0,270,0" hai0="40,44,48,63,65,70,73,77,82,91,95,97,116" hai1="20,21,22,26,29,33,99" hai2="32,34,84,86,87,98,104" hai3="16,23,25,96" /><INIT seed="1,1,1,0,1,34" ten="230,245,245,270" oya="1" hai0="61,60,72,42,53,23,105,122,49,104,132,92,64" hai1="58,44,20,103,59,12,19,102,50,56,47,79,119" hai2="100,15,133,13,68,22,76,18,117,75,35,90,3" hai3="41,8,113,30,38,112,134,86,7,73,118,37,128"/><U88/><E79/><V52/><F117/><W82/><G73/><T27/><D72/><U51/><E119/><V48/><F68/><W124/><G118/><T24/><D132/><U83/><E50/><V101/><F35/><W43/><G134/><T114/><D114/><U2/><E2/><V14/><F3/><W111/><G30/><T89/><D122/><U46/><REACH who="1" step="1"/><E51/><REACH who="1" ten="230,235,245,270" step="2"/><V110/><F133/><W6/><G112/><T84/><D42/><U80/><E80/><V1/><F1/><W97/><G113/><T95/><D49/><U66/><E66/><V69/><F76/><W67/><G43/><T28/><D64/><U45/><N who="1" m="11264" /><DORA hai="9" /><U93/><E93/><V87/><F75/><W131/><G41/><T36/><D36/><U91/><E91/><V98/><F110/><W106/><G67/><T70/><D104/><U63/><E63/><V78/><F78/><W127/><G111/><T74/><D105/><U17/><E17/><V121/><F121/><W4/><G38/><T71/><D74/><U65/><E65/><V123/><F123/><W21/><G37/><T81/><D70/><U109/><E109/><V39/><F39/><W115/><G106/><T120/><D71/><U107/><E107/><N who="2" m="63895" /><F69/><W125/><G115/><T94/><D120/><U26/><E26/><V57/><F101/><W0/><G0/><T31/><REACH who="0" step="1"/><D53/><REACH who="0" ten="220,235,245,270" step="2"/><U40/><E40/><V129/><F129/><W33/><G131/><T62/><D62/><U96/><E96/><V135/><F135/><W11/><G97/><T116/><D116/><U55/><E55/><V77/><F77/><RYUUKYOKU ba="1,3" sc="220,10,235,10,245,10,270,-30" hai0="23,24,27,28,31,60,61,81,84,89,92,94,95" hai1="12,19,20,56,58,59,83,88,102,103" hai2="13,14,15,18,22,48,52,57,87,90" /><INIT seed="1,2,3,0,4,4" ten="230,245,255,240" oya="1" hai0="26,99,16,39,126,40,82,51,42,48,53,93,115" hai1="70,36,110,135,1,127,77,43,131,55,29,112,37" hai2="123,107,12,124,64,8,30,133,0,92,71,85,10" hai3="24,104,90,81,108,7,87,20,76,114,34,134,67"/><U94/><E1/><V49/><F123/><W132/><G104/><T116/><D115/><U52/><E29/><V73/><F107/><W103/><G34/><T13/><D116/><U6/><E6/><V31/><F73/><W9/><G114/><T72/><D126/><U15/><E15/><V19/><F124/><W105/><G67/><T75/><D39/><N who="1" m="14923" /><E77/><V17/><F133/><N who="3" m="51307" /><G108/><T21/><D82/><U47/><E94/><V120/><F120/><W14/><G105/><T68/><D68/><U96/><E96/><V84/><F71/><W3/><G103/><T28/><D75/><U79/><E79/><V117/><F117/><W46/><G46/><T54/><D72/><U95/><E95/><V58/><F0/><W32/><G32/><T109/><D109/><U122/><E127/><V62/><F49/><W69/><G69/><T23/><D51/><N who="1" m="27135" /><E135/><V59/><F92/><W57/><G57/><N who="0" m="32935" /><D54/><N who="1" m="20523" /><E112/><V44/><F85/><W101/><G101/><AGARI ba="2,3" hai="13,16,21,23,26,28,40,42,93,99,101" m="32935" machi="101" ten="30,2000,0" yaku="8,1,54,1" doraHai="4" who="0" fromWho="3" sc="230,56,245,0,255,0,240,-26" /><INIT seed="2,0,0,1,0,12" ten="286,245,255,214" oya="2" hai0="100,4,75,109,23,10,58,105,11,37,65,108,127" hai1="92,99,70,48,5,31,118,16,85,128,50,25,107" hai2="52,83,14,6,114,2,68,53,74,101,122,130,17" hai3="43,46,72,110,20,113,77,112,84,9,22,93,95"/><V121/><F114/><N who="3" m="44139" /><G110/><N who="0" m="42603" /><D37/><U124/><E118/><V79/><F68/><W32/><G32/><T66/><D75/><U125/><E70/><V54/><F130/><W35/><G35/><T15/><D127/><N who="1" m="48715" /><E5/><V111/><F111/><W133/><G133/><T91/><D23/><N who="3" m="8745" /><G72/><T89/><D11/><U62/><E62/><V119/><F119/><W45/><G9/><T123/><D123/><U129/><E85/><V69/><F69/><W94/><G43/><T132/><D132/><U117/><E107/><V49/><F2/><W103/><G103/><T131/><D131/><N who="1" m="50251" /><E117/><V8/><F101/><W76/><G84/><T29/><D29/><U24/><E16/><V63/><F63/><W44/><AGARI ba="0,0" hai="44,45,46,76,77,93,94,95" m="8745,44139" machi="44" ten="40,5200,0" yaku="28,2,11,1" doraHai="12" who="3" fromWho="3" sc="286,-13,245,-13,255,-26,214,52" /><INIT seed="3,0,0,0,5,105" ten="273,232,229,266" oya="3" hai0="61,4,99,22,33,2,102,135,134,51,45,72,78" hai1="93,39,68,0,10,111,94,40,32,26,54,100,128" hai2="133,29,75,103,127,84,110,16,107,59,64,74,46" hai3="76,13,34,86,27,36,62,129,25,104,57,90,67"/><W130/><G104/><T58/><D33/><U122/><E68/><V66/><F29/><W1/><G1/><T44/><D2/><U52/><E122/><V106/><F103/><W12/><G36/><T55/><D4/><U117/><E32/><V80/><F110/><W85/><G76/><T123/><D123/><U38/><E26/><N who="3" m="9738" /><G34/><T109/><D22/><U5/><E100/><V17/><F84/><N who="3" m="32363" /><G90/><T60/><D109/><U56/><E111/><V53/><F53/><W95/><G95/><N who="0" m="58751" /><D60/><U7/><E0/><V131/><F59/><W112/><G112/><T115/><D61/><U82/><E56/><V73/><F73/><W48/><G48/><T81/><D115/><U119/><E82/><V83/><F46/><W3/><G3/><T70/><D70/><U14/><E14/><V21/><F21/><W125/><G125/><T9/><D9/><U121/><E10/><V108/><F127/><W71/><G71/><T113/><D113/><U79/><E121/><V88/><F108/><W30/><G30/><T126/><D126/><U15/><E15/><V42/><F88/><W24/><N who="3" m="9746" /><W118/><DORA hai="89" /><G118/><T43/><D43/><U37/><E40/><V101/><F42/><W28/><G28/><T96/><D96/><U20/><E39/><V69/><F101/><W6/><G6/><T23/><D23/><U31/><E20/><V87/><F69/><W35/><G35/><T132/><AGARI ba="0,0" hai="44,45,51,55,58,72,78,81,132,134,135" m="58751" machi="132" ten="30,4000,0" yaku="20,1,52,2" doraHai="105,89" who="0" fromWho="0" sc="273,40,232,-10,229,-10,266,-20" owari="313,41.3,222,-17.8,219,-28.1,246,4.6" /></mjloggm>