<mjloggm ver="2.3"><GO type="225" lobby="0"/><UN n0="%E6%A1%9C%E8%8A%B1%E9%96%83%E3%80%85" n1="%E3%81%AF%E3%82%88%E3%81%8A%E3%81%98%E3%81%95%E3%82%93" n2="%E8%90%BD%E6%97%A5" n3="%E3%81%86%E3%81%A9%E3%82%93%E3%81%93" dan="16,17,16,16" rate="2187.87,2183.19,2174.20,2191.37" sx="M,M,F,M"/><TAIKYOKU oya="0"/><INIT seed="0,0,0,0,4,52" ten="250,250,250,250" oya="0" hai0="103,76,108,95,46,113,7,100,36,39,60,107,12" hai1="47,92,6,94,129,85,81,82,35,40,134,23,131" hai2="109,19,51,30,9,32,69,55,20,29,116,14,37" hai3="41,21,98,135,15,54,42,132,63,31,112,117,105"/><T48/><D113/><U78/><E35/><V45/><F109/><W104/><G112/><T61/><D107/><N who="3" m="41033" /><G98/><T120/><D120/><U118/><E118/><V67/><F116/><W3/><G3/><T26/><D108/><U102/><E134/><N who="3" m="51242" /><G117/><T66/><D76/><U80/><E6/><V44/><F32/><W114/><G114/><T110/><D26/><U22/><E78/><V27/><F69/><W106/><G106/><T121/><D61/><U115/><E115/><V93/><F67/><W43/><G31/><T79/><D121/><U99/><E92/><V77/><F93/><W73/><G73/><T8/><D110/><U16/><E85/><V4/><F77/><W75/><G75/><T91/><D79/><U59/><E22/><V25/><F25/><W119/><G119/><T65/><D65/><U57/><E131/><V124/><F124/><W70/><G70/><T83/><D83/><U74/><E74/><V88/><F88/><W126/><G126/><T72/><D72/><U28/><E28/><N who="2" m="10859" /><F37/><W49/><G63/><T133/><D133/><U127/><E129/><V128/><F128/><W84/><G84/><N who="0" m="52711" /><D36/><U130/><E130/><V38/><F38/><W89/><G89/><T17/><D39/><U50/><E127/><V13/><F27/><AGARI ba="0,0" hai="16,23,27,40,47,50,57,59,80,81,82,94,99,102" machi="27" ten="40,8000,1" yaku="8,1,52,2,54,1" doraHai="52" who="1" fromWho="2" sc="250,0,250,80,250,-80,250,0" /><INIT seed="1,0,0,3,1,20" ten="250,330,170,250" oya="1" hai0="86,61,85,18,123,58,25,129,89,0,106,12,91" hai1="65,24,40,67,56,47,6,30,54,112,122,32,55" hai2="63,64,115,128,36,80,83,27,126,41,72,45,38" hai3="93,14,87,113,103,104,43,125,96,107,21,23,114"/><U33/><E112/><V127/><F115/><W73/><G73/><T78/><D0/><U60/><E122/><V84/><F128/><W3/><G3/><T97/><D129/><U70/><E32/><V34/><F38/><W121/><G121/><T39/><D39/><U62/><REACH who="1" step="1"/><E6/><REACH who="1" ten="250,320,170,250" step="2"/><V111/><F111/><W31/><G114/><T99/><D123/><U105/><E105/><V15/><F15/><W81/><G107/><T82/><D106/><U76/><E76/><V22/><F34/><W92/><G104/><T66/><D78/><U46/><E46/><V110/><F110/><W135/><G14/><T119/><D119/><U2/><E2/><V57/><F72/><W69/><G113/><T130/><D130/><U5/><E5/><V132/><F132/><W10/><G135/><T88/><D91/><U79/><E79/><V75/><F75/><W59/><G103/><T102/><D102/><U108/><E108/><V50/><F84/><W26/><G87/><T101/><D101/><U118/><E118/><V48/><F83/><W29/><G81/><N who="0" m="49199" /><D12/><U116/><E116/><V16/><REACH who="2" step="1"/><F80/><REACH who="2" ten="250,320,160,250" step="2"/><W68/><G96/><T133/><D133/><U131/><E131/><V134/><F134/><W51/><G69/><T95/><D82/><U28/><E28/><V52/><F52/><W17/><G68/><T94/><D94/><U98/><E98/><V13/><F13/><N who="3" m="7351" /><G92/><T120/><D120/><U109/><E109/><V71/><F71/><W42/><G93/><T77/><D77/><U117/><E117/><V7/><F7/><W4/><G4/><T53/><D53/><RYUUKYOKU ba="0,2" sc="250,10,320,10,160,10,250,-30" hai0="18,25,58,61,66,86,89,95,97,99" hai1="24,30,33,40,47,54,55,56,60,62,65,67,70" hai2="16,22,27,36,41,45,48,50,57,63,64,126,127" /><INIT seed="1,1,2,0,2,85" ten="260,330,170,220" oya="1" hai0="111,87,38,89,25,106,120,51,34,3,81,124,88" hai1="102,0,83,62,101,63,69,131,80,2,98,96,50" hai2="100,24,121,103,112,15,39,42,23,125,132,18,59" hai3="117,7,14,115,114,36,4,86,5,77,10,28,32"/><U56/><E50/><V31/><F121/><W16/><G36/><T123/><D38/><U128/><REACH who="1" step="1"/><E56/><REACH who="1" ten="260,320,170,220" step="2"/><V93/><F59/><W109/><G117/><T133/><D51/><U104/><E104/><V66/><F39/><W90/><G109/><T91/><D106/><U20/><E20/><V75/><F23/><W122/><G122/><T19/><D111/><U127/><E127/><V105/><F125/><W45/><G45/><T134/><D124/><U78/><E78/><V84/><F105/><W6/><G77/><N who="0" m="46511" /><D34/><U12/><E12/><V40/><F15/><W99/><G32/><T116/><D116/><U61/><E61/><V72/><F112/><W113/><G113/><T119/><D119/><U27/><E27/><V126/><F24/><W95/><G115/><T92/><D123/><U13/><E13/><V118/><F118/><W54/><G114/><T67/><D120/><U49/><E49/><V108/><F126/><W79/><G5/><T33/><D33/><U30/><E30/><V82/><F31/><W52/><G28/><T129/><D25/><U107/><E107/><V43/><F108/><W130/><G130/><T60/><D129/><U64/><E64/><V65/><F65/><W55/><G79/><T135/><D67/><U44/><E44/><V17/><F66/><W110/><G110/><T48/><D134/><U74/><E74/><V58/><F58/><W73/><G73/><N who="2" m="28233" /><F132/><W29/><G29/><T71/><D135/><U47/><E47/><V97/><F18/><W26/><G26/><T68/><D133/><U41/><E41/><V9/><F43/><RYUUKYOKU ba="1,3" sc="260,-15,320,15,170,-15,220,15" hai1="0,2,62,63,69,80,83,96,98,101,102,128,131" hai3="4,6,7,10,14,16,52,54,55,86,90,95,99" /><INIT seed="1,2,3,5,5,71" ten="245,335,155,235" oya="1" hai0="18,114,50,96,4,62,112,26,135,66,93,86,97" hai1="11,76,30,132,122,79,15,6,94,117,121,65,16" hai2="29,59,51,90,53,47,63,98,133,124,57,36,73" hai3="21,48,88,70,58,72,3,104,39,60,33,43,134"/><U0/><E65/><V100/><F124/><W115/><G33/><T108/><D108/><U95/><E117/><V102/><F133/><W31/><G115/><T81/><D135/><U85/><E132/><V111/><F73/><W103/><G72/><T92/><D4/><U130/><E130/><V14/><F111/><W110/><G110/><T9/><D50/><U34/><E121/><V56/><F29/><W40/><G3/><T1/><D1/><U12/><E122/><V28/><F28/><W120/><G120/><T41/><D41/><U49/><E12/><V91/><F63/><W119/><G134/><T67/><D67/><U20/><E49/><V46/><F14/><W25/><G39/><T27/><D9/><U77/><REACH who="1" step="1"/><E85/><REACH who="1" ten="245,325,155,235" step="2"/><V38/><F102/><W2/><G2/><T82/><D86/><U74/><E74/><V8/><F47/><W23/><G103/><T44/><D44/><U64/><E64/><V128/><F128/><W78/><G119/><T107/><D66/><U32/><E32/><V123/><F123/><W69/><G69/><T83/><D112/><U106/><E106/><V113/><F113/><W125/><G104/><T80/><D107/><U55/><E55/><V61/><F61/><W99/><G60/><T22/><D114/><U5/><E5/><V105/><REACH who="2" step="1"/><F8/><REACH who="2" ten="245,325,145,235" step="2"/><W19/><G70/><T13/><D62/><U10/><E10/><V118/><F118/><W84/><G125/><T109/><N who="0" m="20480" /><DORA hai="75" /><T129/><D129/><U89/><E89/><AGARI ba="2,5" hai="36,38,46,51,53,56,57,59,89,90,91,98,100,105" machi="89" ten="40,8000,1" yaku="1,1,52,2,53,2" doraHai="71,75" doraHaiUra="17,68" who="2" fromWho="1" sc="245,0,325,-86,145,136,235,0" /><INIT seed="2,0,0,3,5,127" ten="245,239,281,235" oya="2" hai0="108,104,56,55,52,114,10,3,12,47,109,96,94" hai1="122,125,22,112,19,61,5,99,15,80,51,31,45" hai2="2,30,120,68,83,103,11,40,87,28,54,74,57" hai3="53,76,79,14,46,70,72,75,43,93,6,23,62"/><V90/><F120/><W92/><G75/><T1/><D104/><U86/><E112/><V32/><F68/><W85/><G72/><T81/><D114/><U102/><E125/><V107/><F32/><W27/><G70/><T20/><D81/><U35/><E122/><V77/><F40/><W106/><G106/><T89/><D20/><U113/><E113/><V33/><F33/><W63/><G43/><T97/><D97/><U135/><E135/><V66/><F66/><W101/><G101/><T29/><D29/><U65/><E5/><V64/><F64/><W34/><G34/><T60/><D47/><U123/><E123/><V49/><F11/><N who="3" m="4471" /><G46/><T88/><D89/><U69/><E35/><V4/><F4/><W91/><G93/><T124/><D55/><U17/><E31/><V119/><F2/><W24/><G24/><T82/><D124/><U117/><E19/><V8/><F8/><W41/><G41/><T36/><D36/><U0/><E0/><V42/><F42/><W37/><G37/><T121/><D121/><U128/><E117/><V110/><F119/><W111/><G111/><N who="0" m="42571" /><D82/><U26/><E26/><V50/><F110/><W134/><G134/><T38/><D38/><U131/><E45/><V115/><F115/><W116/><G116/><T48/><D48/><U100/><E51/><V18/><F50/><W133/><G133/><T130/><D130/><N who="1" m="49707" /><E99/><N who="2" m="61951" /><F18/><AGARI ba="0,0" hai="1,3,10,12,18,52,56,60,88,94,96" m="42571" machi="18" ten="30,3900,0" yaku="14,1,54,2" doraHai="127" who="0" fromWho="2" sc="245,39,239,0,281,-39,235,0" /><INIT seed="3,0,0,5,4,124" ten="284,239,242,235" oya="3" hai0="114,18,50,106,41,30,111,53,16,7,128,109,73" hai1="47,92,10,120,135,65,29,82,79,43,87,37,108" hai2="129,77,91,101,61,42,9,112,38,99,39,26,74" hai3="105,0,85,24,58,57,123,64,127,2,23,132,69"/><W126/><G123/><T88/><D128/><U116/><E120/><V76/><F112/><W125/><G132/><T70/><D114/><U78/><E135/><V95/><F42/><W89/><G105/><T133/><D133/><U17/><E108/><N who="0" m="41545" /><D73/><U83/><E116/><V8/><F26/><W60/><G0/><T15/><D70/><U66/><E29/><V63/><F101/><W35/><G2/><T14/><D41/><U25/><E92/><V19/><F95/><W121/><G35/><T118/><D30/><U97/><E97/><V90/><F99/><W107/><G107/><T54/><D7/><U6/><E25/><V93/><F93/><N who="3" m="54447" /><G121/><T134/><D88/><U115/><E17/><AGARI ba="0,0" hai="17,23,24,57,58,60,64,69,125,126,127" m="54447" machi="17" ten="30,1500,0" yaku="18,1" doraHai="124" who="3" fromWho="1" sc="284,0,239,-15,242,0,235,15" /><INIT seed="3,1,0,1,4,16" ten="284,224,242,250" oya="3" hai0="134,113,47,9,100,72,53,130,67,105,35,39,99" hai1="57,89,15,104,20,78,30,25,7,24,70,127,63" hai2="11,44,4,132,81,68,102,56,71,117,5,91,48" hai3="60,61,125,116,95,85,111,90,17,126,94,33,40"/><W93/><G116/><T18/><D72/><U21/><E104/><V128/><F117/><W50/><G33/><T135/><D35/><U101/><E70/><V74/><F102/><W65/><G111/><T87/><D130/><U23/><E127/><N who="3" m="48650" /><G17/><T107/><D67/><U118/><E118/><V41/><F56/><N who="3" m="36999" /><G61/><T123/><D18/><N who="1" m="10335" /><E101/><V37/><F5/><W31/><G31/><T106/><D100/><U59/><E7/><V52/><F128/><W32/><G32/><T6/><D6/><U122/><E122/><V73/><F71/><W75/><G75/><T55/><D123/><U80/><E78/><V29/><F68/><W46/><AGARI ba="1,0" hai="40,46,50,85,90,93,94,95" m="36999,48650" machi="46" ten="30,1500,0" yaku="18,1" doraHai="16" who="3" fromWho="3" sc="284,-6,224,-6,242,-6,250,18" /><INIT seed="3,2,0,2,3,130" ten="278,218,236,268" oya="3" hai0="38,13,129,124,11,30,82,46,62,39,41,56,44" hai1="96,43,110,135,121,66,106,126,112,31,134,90,45" hai2="48,97,118,72,132,7,47,78,131,70,119,116,6" hai3="74,27,86,75,73,49,76,103,52,69,67,17,55"/><W12/><G27/><T58/><D129/><U24/><E112/><V36/><F131/><W0/><G0/><T98/><D124/><U122/><E66/><V35/><F70/><W115/><G103/><T40/><D30/><U15/><E15/><V104/><F35/><W37/><G37/><T25/><D25/><U63/><E63/><V8/><F36/><W101/><G101/><T64/><D98/><U19/><E19/><V91/><F104/><W21/><G115/><T28/><D82/><U113/><E113/><V60/><F60/><W23/><G23/><T85/><D85/><U32/><E110/><V2/><F6/><W22/><G22/><T111/><D28/><U79/><E79/><V14/><F2/><W114/><G114/><T71/><D111/><U4/><E4/><AGARI ba="2,0" hai="4,11,13,38,39,40,41,44,46,56,58,62,64,71" machi="4" ten="30,2000,0" yaku="7,1,9,1" doraHai="130" who="0" fromWho="1" sc="278,26,218,-26,236,0,268,0" owari="304,40.4,192,-30.8,236,-16.4,268,6.8" /></mjloggm>