<mjloggm ver="2.3"><GO type="225" lobby="0"/><UN n0="%E3%81%86%E3%82%8C%E3%81%9F%E3%82%93%E6%9E%95" n1="%6D%75%75%6D%75%72%61" n2="%E5%84%AA%40%41%42%43" n3="%E3%81%AF%E3%82%88%E3%81%8A%E3%81%98%E3%81%95%E3%82%93" dan="16,17,17,16" rate="2125.16,2125.44,2222.53,2121.38" sx="F,F,M,M"/><TAIKYOKU oya="0"/><INIT seed="0,0,0,0,3,125" ten="250,250,250,250" oya="0" hai0="70,22,110,14,2,60,72,35,124,84,13,0,56" hai1="102,49,58,135,95,83,26,123,90,126,47,21,88" hai2="107,36,41,89,3,86,52,119,59,116,118,106,37" hai3="94,31,99,17,74,8,28,121,69,44,33,114,98"/><T57/><D72/><U85/><E123/><V1/><F106/><W73/><G114/><T66/><D124/><U39/><E126/><V10/><F107/><W19/><G69/><T133/><D35/><U27/><E135/><V78/><F78/><W38/><G44/><T24/><D110/><U18/><E39/><N who="2" m="14923" /><F41/><W111/><G38/><T43/><D43/><U132/><E132/><V30/><F30/><W101/><G8/><T129/><D129/><U5/><E5/><V92/><F10/><W23/><G23/><T115/><D115/><U55/><E102/><V96/><F86/><W130/><G101/><T122/><D122/><U113/><E113/><V71/><F71/><W109/><G121/><T34/><D34/><U127/><E127/><V91/><F91/><W120/><G120/><T134/><D84/><N who="1" m="52615" /><E27/><V63/><AGARI ba="0,0" hai="1,3,52,59,63,89,92,96,116,118,119" m="14923" machi="63" ten="40,2700,0" yaku="12,1,54,1" doraHai="125" who="2" fromWho="2" sc="250,-13,250,-7,250,27,250,-7" /><INIT seed="1,0,0,4,3,118" ten="237,243,277,243" oya="1" hai0="47,94,51,98,9,8,31,113,1,65,108,32,112" hai1="52,74,75,89,129,119,19,12,73,50,38,41,64" hai2="111,114,35,102,56,14,48,90,88,93,104,132,49" hai3="133,66,79,60,27,21,125,59,6,100,96,16,78"/><U68/><E119/><V99/><F35/><W130/><G125/><T81/><D108/><U85/><E129/><V83/><F111/><W92/><G133/><T10/><D65/><U126/><E126/><V62/><F132/><W28/><G130/><T86/><D1/><U84/><E38/><V131/><F131/><W72/><G72/><T95/><D31/><U30/><E41/><V101/><F114/><W134/><G134/><T87/><D32/><U57/><E30/><V40/><F104/><W135/><G135/><T18/><D18/><U76/><E68/><V53/><F14/><W4/><REACH who="3" step="1"/><G16/><REACH who="3" ten="237,243,277,233" step="2"/><T3/><D113/><U116/><E116/><V45/><F62/><W39/><G39/><T46/><D112/><U63/><E75/><V2/><F2/><W23/><G23/><T106/><D3/><U121/><E74/><V24/><F24/><W120/><G120/><T91/><D106/><U58/><E73/><V77/><F77/><AGARI ba="0,1" hai="4,6,21,27,28,59,60,66,77,78,79,92,96,100" machi="77" ten="40,8000,1" yaku="1,1,25,2,8,1,53,0" doraHai="118" doraHaiUra="7" who="3" fromWho="2" sc="237,0,243,0,277,-80,233,90" /><INIT seed="2,0,0,4,3,75" ten="237,243,197,323" oya="2" hai0="116,101,122,114,72,56,40,84,73,18,68,64,12" hai1="15,57,118,23,13,92,96,104,39,119,28,133,42" hai2="95,47,41,93,51,49,125,31,113,103,102,94,63" hai3="71,128,88,74,35,9,14,33,54,106,21,30,105"/><V123/><F113/><W25/><G71/><T55/><D122/><U38/><E104/><V62/><F123/><W117/><G117/><T70/><D116/><U19/><E133/><V83/><F125/><W82/><G128/><T80/><D114/><U45/><E28/><V60/><F31/><W0/><G54/><T11/><D40/><U24/><E38/><V50/><REACH who="2" step="1"/><F83/><REACH who="2" ten="237,243,187,323" step="2"/><W108/><G82/><T17/><D80/><U110/><E118/><V121/><F121/><W100/><G30/><T36/><D73/><U132/><E119/><V3/><F3/><W87/><G0/><T69/><D72/><U61/><E132/><V135/><F135/><W130/><G74/><T124/><D124/><U65/><REACH who="1" step="1"/><E110/><REACH who="1" ten="237,233,187,323" step="2"/><V107/><F107/><W115/><G106/><T16/><D36/><AGARI ba="0,2" hai="36,41,47,49,50,51,60,62,63,93,94,95,102,103" machi="36" ten="50,9600,0" yaku="1,1,29,2,53,0" doraHai="75" doraHaiUra="10" who="2" fromWho="0" sc="237,-96,233,0,187,116,323,0" /><INIT seed="2,1,0,1,0,95" ten="141,233,303,323" oya="2" hai0="103,118,63,82,34,117,85,25,66,24,49,99,102" hai1="38,129,55,41,100,45,119,68,76,16,104,94,120" hai2="133,9,22,90,35,75,0,109,15,123,115,2,135" hai3="29,108,61,7,125,70,44,64,26,21,134,46,62"/><V58/><F75/><W30/><G108/><T6/><D6/><U4/><E119/><V121/><F58/><W71/><G125/><T48/><D117/><U98/><E129/><V80/><F80/><W114/><G134/><N who="2" m="51209" /><F90/><W105/><G105/><T101/><D118/><U132/><E132/><V31/><F115/><W43/><G114/><T96/><D34/><U14/><E68/><V56/><F56/><W23/><G7/><T126/><D126/><U52/><E120/><N who="2" m="46155" /><F35/><W3/><G3/><T39/><D39/><U17/><E76/><V77/><F77/><W124/><G124/><T1/><D1/><U40/><E104/><V28/><F109/><W13/><G43/><T20/><D49/><U37/><E41/><V18/><F31/><W54/><G54/><T88/><D48/><U10/><E38/><V60/><F60/><W5/><G62/><T47/><D47/><U106/><E106/><V69/><F69/><W33/><G70/><T8/><D63/><U53/><AGARI ba="1,0" hai="4,10,14,16,17,37,40,45,52,53,55,94,98,100" machi="53" ten="30,7900,0" yaku="0,1,52,1,54,2" doraHai="95" who="1" fromWho="1" sc="141,-21,233,82,303,-40,323,-21" /><INIT seed="3,0,0,4,3,61" ten="120,315,263,302" oya="3" hai0="21,49,46,58,83,39,86,69,122,42,56,73,74" hai1="92,111,115,96,129,102,9,28,68,34,91,36,35" hai2="47,127,88,107,15,95,20,103,77,81,70,124,14" hai3="12,125,71,117,67,18,116,76,109,45,79,72,110"/><W52/><G125/><N who="2" m="48201" /><F47/><W120/><G120/><T17/><D122/><U23/><E115/><V10/><F20/><W80/><G79/><T134/><D69/><U19/><E111/><N who="3" m="42506" /><G67/><T75/><D134/><U32/><E129/><V48/><F48/><N who="3" m="28687" /><G71/><T38/><D38/><U112/><E91/><V2/><F2/><W57/><G57/><T54/><D58/><U50/><E68/><V26/><F26/><W65/><G65/><T113/><D113/><U118/><E112/><V121/><F70/><W66/><G66/><T90/><REACH who="0" step="1"/><D73/><REACH who="0" ten="110,315,263,302" step="2"/><U51/><E36/><V37/><F37/><W101/><G101/><T119/><D119/><U5/><E102/><V130/><F121/><W131/><G131/><T105/><D105/><U53/><E118/><V104/><F130/><W3/><G3/><T43/><D43/><U63/><E53/><V27/><F107/><W29/><G29/><T78/><D78/><U93/><E28/><V13/><F104/><W85/><G72/><T84/><D84/><U16/><E63/><V8/><F103/><W98/><G98/><T100/><D100/><U41/><E96/><V64/><F77/><W7/><G7/><T59/><D59/><U97/><E97/><V132/><F132/><W133/><G133/><T4/><D4/><U0/><E41/><V55/><F88/><W126/><G126/><T25/><AGARI ba="0,1" hai="17,21,25,39,42,46,49,54,56,74,75,83,86,90" machi="25" ten="20,2700,0" yaku="1,1,0,1,7,1,53,0" doraHai="61" doraHaiUra="6" who="0" fromWho="0" sc="110,37,315,-7,263,-7,302,-13" owari="147,-35.3,308,40.8,256,-14.4,289,8.9" /></mjloggm>