<mjloggm ver="2.3"><GO type="225" lobby="0"/><UN n0="%E5%AE%AE%E4%BF%9D%E9%B6%8F%E8%82%89" n1="%43%68%65" n2="%E6%80%AA%E3%81%97%E3%81%99%E3%81%8E%E3%82%8B%E3%83%81%E3%83%BC" n3="%E3%81%AF%E3%82%88%E3%81%8A%E3%81%98%E3%81%95%E3%82%93" dan="16,16,17,16" rate="2133.71,2160.12,2177.07,2175.09" sx="M,M,M,M"/><TAIKYOKU oya="0"/><INIT seed="0,0,0,2,0,96" ten="250,250,250,250" oya="0" hai0="84,20,130,39,90,120,43,99,15,79,87,30,125" hai1="114,4,38,64,129,65,117,135,6,17,60,121,132" hai2="63,54,7,76,50,104,94,97,109,35,9,119,45" hai3="111,102,73,22,48,95,14,37,71,34,80,25,32"/><T88/><D120/><U40/><E117/><V29/><F119/><W21/><G37/><T57/><D125/><U16/><E121/><V123/><F123/><W13/><G71/><T44/><D130/><U81/><E129/><V128/><F128/><W75/><G111/><T47/><D79/><U108/><E108/><V66/><F109/><W68/><G68/><T74/><D74/><U131/><E131/><V115/><F115/><W134/><G134/><N who="1" m="51242" /><E81/><V61/><F104/><W100/><G48/><T11/><D57/><N who="1" m="36879" /><E65/><V82/><F29/><W8/><G80/><T52/><D30/><U118/><E118/><V23/><F23/><W89/><G8/><T2/><D2/><U83/><E83/><V5/><F35/><W62/><G62/><T12/><D99/><U69/><E69/><V72/><F66/><W113/><G113/><T42/><D20/><U19/><E114/><V98/><F7/><N who="1" m="2601" /><E38/><V110/><F97/><W59/><G59/><T3/><D3/><U126/><E40/><V49/><F110/><W133/><G133/><T55/><D39/><U58/><E58/><V122/><F122/><W27/><G95/><T106/><D11/><U33/><E33/><V1/><REACH who="2" step="1"/><F49/><REACH who="2" ten="250,250,240,250" step="2"/><W24/><G25/><T85/><D85/><U78/><E126/><V70/><F70/><W101/><G24/><T41/><D41/><U86/><E78/><V92/><F92/><W93/><G93/><T26/><D26/><U77/><E77/><V46/><F46/><W18/><G27/><T103/><D106/><U28/><E28/><V0/><F0/><W36/><G36/><RYUUKYOKU ba="0,1" sc="250,10,250,10,240,10,250,-30" hai0="12,15,42,43,44,47,52,55,84,87,88,90,103" hai1="16,17,19,86" hai2="1,5,9,45,50,54,61,63,72,76,82,94,98" /><INIT seed="0,1,1,5,5,63" ten="260,260,250,220" oya="0" hai0="65,26,116,104,100,76,87,122,98,96,64,48,14" hai1="124,115,108,12,134,28,105,57,129,2,103,93,32" hai2="81,66,51,62,83,74,95,113,131,91,45,50,11" hai3="107,15,101,125,118,88,73,5,67,59,4,94,58"/><T110/><D116/><U117/><RYUUKYOKU type="yao9" ba="1,1" sc="260,0,260,0,250,0,220,0" hai1="2,12,28,32,57,93,103,105,108,115,117,124,129,134" /><INIT seed="0,2,1,0,1,122" ten="260,260,250,220" oya="0" hai0="123,19,62,94,130,133,74,90,61,88,27,98,11" hai1="70,2,113,69,89,58,16,12,107,128,80,59,76" hai2="92,51,4,132,44,71,60,120,10,67,48,115,47" hai3="86,21,110,129,93,73,64,85,33,23,106,78,24"/><T135/><D123/><U53/><E2/><V26/><F120/><W81/><G106/><T49/><D74/><U99/><E128/><V118/><F115/><W14/><G129/><T34/><D130/><U75/><E113/><V108/><F108/><W91/><G110/><T82/><D49/><U112/><E112/><V114/><F114/><W105/><G105/><T116/><D116/><U13/><E13/><V55/><F118/><W124/><G124/><T109/><D109/><U22/><E59/><V0/><F132/><N who="0" m="50762" /><D11/><U84/><E99/><V28/><F92/><W117/><G117/><T41/><D41/><U20/><E20/><V66/><F66/><W42/><G42/><T126/><D126/><U111/><E107/><V56/><REACH who="2" step="1"/><F51/><REACH who="2" ten="260,260,240,220" step="2"/><W30/><G64/><T72/><D34/><AGARI ba="2,2" hai="0,4,10,26,28,34,44,47,48,55,56,60,67,71" machi="34" ten="30,3900,0" yaku="1,1,2,1,7,1,53,0" doraHai="122" doraHaiUra="87" who="2" fromWho="0" sc="260,-45,260,0,240,65,220,0" /><INIT seed="1,0,0,3,5,21" ten="215,260,305,220" oya="1" hai0="82,33,8,47,72,36,78,10,99,84,38,12,68" hai1="110,81,91,62,60,111,109,76,125,129,93,40,6" hai2="97,85,124,45,61,52,28,102,0,16,34,5,29" hai3="3,92,87,54,115,117,23,26,13,48,39,101,86"/><U88/><E125/><V98/><F124/><W17/><G3/><T126/><D126/><U80/><E129/><V2/><F85/><W51/><G39/><T70/><D33/><U66/><E40/><V57/><F45/><W107/><G115/><T104/><D72/><U128/><E128/><V112/><F112/><W46/><G107/><T50/><D8/><U14/><E62/><V122/><F122/><W55/><G117/><T65/><D38/><U120/><E120/><V119/><F119/><W73/><G73/><T90/><D36/><U22/><E76/><V69/><F69/><W118/><G118/><T43/><D65/><U67/><E67/><V7/><F98/><N who="3" m="59591" /><G13/><T4/><REACH who="0" step="1"/><D90/><REACH who="0" ten="205,260,305,220" step="2"/><U130/><E91/><V9/><F34/><W77/><G77/><T127/><D127/><U74/><E74/><V79/><F79/><W27/><G27/><T71/><D71/><N who="1" m="42439" /><E130/><V103/><F2/><W35/><G35/><T1/><D1/><U131/><E131/><V59/><F0/><W83/><G83/><T64/><D64/><U19/><E6/><V42/><F7/><W20/><G20/><T44/><D44/><AGARI ba="0,1" hai="17,23,26,44,46,48,51,54,55,86,87" m="59591" machi="44" ten="30,2000,0" yaku="8,1,52,1" doraHai="21" who="3" fromWho="0" sc="205,-20,260,0,305,0,220,30" /><INIT seed="2,0,0,0,2,108" ten="185,260,305,250" oya="2" hai0="41,48,59,52,107,60,67,63,22,1,130,6,34" hai1="27,103,91,123,49,111,125,37,74,92,5,104,64" hai2="98,120,7,135,43,11,46,95,68,77,36,93,94" hai3="35,86,119,87,70,127,25,71,33,101,16,61,114"/><V76/><F120/><W57/><G119/><T132/><D34/><U23/><E37/><V105/><F68/><W4/><G127/><T116/><D107/><U72/><E111/><V121/><F121/><W117/><G117/><T50/><D116/><U47/><E123/><V3/><REACH who="2" step="1"/><F135/><REACH who="2" ten="185,260,295,250" step="2"/><W32/><G70/><N who="0" m="42343" /><D132/><U89/><E125/><V99/><F99/><W133/><G71/><T110/><D110/><U84/><E74/><V14/><F14/><W69/><G69/><T75/><D75/><U124/><E72/><V51/><F51/><W58/><G133/><T24/><D1/><U97/><E124/><V20/><F20/><W12/><G33/><T9/><D22/><U129/><E23/><V28/><F28/><W62/><G12/><T2/><D2/><U8/><E49/><V88/><F88/><W112/><G25/><T44/><D24/><U65/><E27/><V53/><F53/><W81/><G32/><T15/><D15/><U106/><E91/><V79/><F79/><W100/><G35/><T73/><D73/><U56/><E97/><V118/><F118/><W10/><G10/><T38/><D9/><U66/><E8/><V31/><F31/><W134/><G134/><T40/><D6/><U102/><E5/><V55/><F55/><W0/><G4/><T19/><D19/><U17/><E17/><V42/><F42/><N who="0" m="16490" /><D130/><U29/><E129/><V82/><F82/><W83/><G16/><T78/><D78/><U18/><E18/><V122/><F122/><W45/><G0/><T115/><D115/><U113/><E113/><V13/><F13/><RYUUKYOKU ba="0,1" sc="185,10,260,-30,295,10,250,10" hai0="38,44,48,50,52,59,63" hai2="3,7,11,36,43,46,76,77,93,94,95,98,105" hai3="45,57,58,61,62,81,83,86,87,100,101,112,114" /><INIT seed="2,1,1,0,3,122" ten="195,230,305,260" oya="2" hai0="69,35,96,66,1,23,78,125,127,111,67,65,60" hai1="110,45,51,97,32,94,79,102,128,74,129,70,10" hai2="33,8,29,89,103,48,25,15,107,86,57,54,27" hai3="84,14,0,117,108,42,12,90,6,18,114,135,81"/><V123/><F123/><W63/><G117/><T98/><D35/><U73/><E32/><V130/><F130/><N who="1" m="50281" /><E70/><V4/><F27/><W116/><G116/><T36/><D1/><U118/><E118/><V95/><REACH who="2" step="1"/><F103/><REACH who="2" ten="195,230,295,260" step="2"/><W85/><G114/><T105/><D127/><U21/><E102/><V88/><F88/><W133/><G90/><T9/><D125/><U62/><E79/><V2/><F2/><W40/><G0/><T104/><D78/><U34/><E34/><V46/><F46/><W28/><G133/><T3/><D3/><U87/><E45/><V82/><F82/><W50/><G81/><T31/><D105/><AGARI ba="1,2" hai="4,8,15,25,29,33,48,54,57,86,89,95,105,107" machi="105" ten="40,3900,0" yaku="1,1,53,1" doraHai="122" doraHaiUra="26" who="2" fromWho="0" sc="195,-42,230,0,295,62,260,0" /><INIT seed="2,2,0,4,3,73" ten="153,230,357,260" oya="2" hai0="96,75,13,111,25,124,102,59,53,81,98,4,34" hai1="49,71,100,7,67,32,86,36,28,72,61,6,18" hai2="126,20,9,116,130,87,119,74,54,107,99,78,22" hai3="51,38,2,132,103,135,65,77,105,44,55,97,43"/><V82/><F130/><W113/><G2/><T122/><D111/><U33/><E36/><V79/><F126/><W117/><G117/><T56/><D124/><U88/><E72/><V121/><F121/><W66/><G113/><T24/><D122/><U5/><E100/><V129/><F129/><W104/><G105/><T52/><D75/><U133/><E133/><N who="3" m="51274" /><G77/><T64/><D64/><U84/><E84/><V1/><F54/><W112/><G112/><T0/><D0/><U46/><E18/><V17/><F116/><W106/><G104/><T76/><D34/><U63/><E63/><V15/><F119/><W16/><G16/><T93/><D4/><U27/><E33/><V14/><F1/><W128/><G128/><T83/><D102/><U115/><E115/><V131/><F131/><W23/><G23/><T89/><D93/><U47/><REACH who="1" step="1"/><E49/><REACH who="1" ten="153,220,357,260" step="2"/><V108/><F74/><W92/><G106/><T39/><D39/><U57/><E57/><AGARI ba="2,1" hai="38,43,44,51,55,57,65,66,92,97,103" m="51274" machi="57" ten="30,1000,0" yaku="20,1" doraHai="73" who="3" fromWho="1" sc="153,0,220,-16,357,0,260,26" /><INIT seed="3,0,0,3,0,8" ten="153,204,357,286" oya="3" hai0="124,40,72,122,54,39,41,31,68,83,102,21,97" hai1="59,9,17,114,110,92,49,73,24,78,12,19,109" hai2="120,23,60,133,91,63,52,3,94,129,77,111,121" hai3="6,126,105,100,42,75,35,117,1,130,56,71,34"/><W98/><G56/><T132/><D122/><N who="2" m="47210" /><F111/><N who="1" m="42505" /><E114/><V14/><F3/><W108/><G108/><T26/><D124/><U53/><E92/><V7/><F133/><W95/><G95/><T67/><D132/><U25/><E19/><N who="2" m="10743" /><F129/><W38/><G117/><T43/><D39/><U84/><E84/><N who="2" m="52583" /><F7/><W125/><G71/><T27/><D68/><U44/><E59/><V106/><F106/><W101/><G100/><T93/><D67/><U62/><E62/><V116/><F116/><W81/><G130/><T74/><D83/><AGARI ba="0,0" hai="9,12,17,24,25,44,49,53,73,78,83" m="42505" machi="83" ten="30,2000,0" yaku="14,1,52,1" doraHai="8" who="1" fromWho="0" sc="153,-20,204,20,357,0,286,0" owari="133,-36.7,224,-17.6,357,45.7,286,8.6" /></mjloggm>