<mjloggm ver="2.3"><GO type="225" lobby="0"/><UN n0="%E3%81%82%E3%82%93%E3%81%AA%E3%81%A4" n1="%E8%A8%88%E7%AE%97%E6%A9%9F%E8%87%AA%E7%84%B6" n2="%E3%81%8F%E3%82%8A%E3%83%94%E3%83%BC" n3="%E8%B1%86%59%E5%A4%AA%E9%83%8E" dan="16,17,16,16" rate="2119.20,2237.85,2085.17,2078.13" sx="M,M,M,M"/><TAIKYOKU oya="0"/><INIT seed="0,0,0,4,3,82" ten="250,250,250,250" oya="0" hai0="24,46,32,58,134,36,4,68,3,29,26,43,14" hai1="54,106,94,88,61,64,6,103,67,98,30,12,117" hai2="20,52,127,56,71,62,114,49,21,53,23,28,69" hai3="113,27,13,77,105,9,109,133,125,48,70,128,57"/><T93/><D134/><U22/><E117/><V80/><F114/><W101/><G70/><T96/><D68/><U97/><E6/><V72/><F127/><W86/><G125/><T19/><D3/><U78/><E78/><V40/><F40/><W112/><G128/><T79/><D79/><U126/><E126/><V44/><REACH who="2" step="1"/><F28/><REACH who="2" ten="250,250,240,250" step="2"/><W34/><G133/><T2/><D43/><U5/><E30/><V92/><F92/><W89/><G109/><T90/><D29/><U47/><E94/><V76/><AGARI ba="0,1" hai="20,21,23,44,49,52,53,56,62,69,71,72,76,80" machi="76" ten="30,4000,0" yaku="1,1,0,1,54,1,53,0" doraHai="82" doraHaiUra="84" who="2" fromWho="2" sc="250,-20,250,-10,240,50,250,-10" /><INIT seed="1,0,0,0,2,31" ten="230,240,290,240" oya="1" hai0="16,105,90,92,115,108,62,78,114,67,132,128,4" hai1="47,103,131,11,33,69,28,98,71,101,34,54,30" hai2="21,9,66,53,129,106,32,55,65,20,36,111,1" hai3="3,48,110,79,119,122,83,94,93,120,100,39,72"/><U81/><E131/><V8/><F106/><W19/><G39/><T130/><D105/><U91/><E11/><V13/><F1/><W57/><G3/><T70/><D132/><U18/><E18/><V42/><F13/><W15/><G110/><T22/><D4/><U104/><E101/><V87/><F87/><W77/><G77/><T118/><D78/><U89/><E28/><V12/><F12/><W102/><G102/><T123/><D108/><U82/><E30/><V46/><F111/><W45/><G57/><T61/><D61/><U73/><E73/><V14/><F14/><W58/><G58/><T49/><D49/><U121/><E121/><V133/><F46/><W124/><G124/><T96/><D118/><U35/><E89/><V40/><F36/><W29/><G29/><T63/><D63/><U43/><E54/><V0/><F0/><W95/><G100/><T126/><D126/><U50/><REACH who="1" step="1"/><E91/><REACH who="1" ten="230,230,290,240" step="2"/><V44/><F129/><N who="0" m="49770" /><D123/><U56/><E56/><V26/><F8/><W5/><G119/><T38/><D16/><U74/><E74/><V52/><F9/><W37/><G5/><T112/><D90/><U125/><E125/><V116/><F55/><N who="3" m="30095" /><G122/><T113/><D113/><U59/><E59/><V135/><F116/><W2/><G120/><T17/><D114/><U60/><E60/><V24/><F44/><W99/><G72/><T25/><D115/><U109/><E109/><V84/><F53/><W27/><G19/><T51/><D112/><U6/><E6/><V80/><F52/><W64/><G27/><T107/><D25/><U97/><E97/><RYUUKYOKU ba="0,1" sc="230,-10,230,30,290,-10,240,-10" hai1="33,34,35,43,47,50,69,71,81,82,98,103,104" /><INIT seed="1,1,1,4,0,111" ten="220,260,280,230" oya="1" hai0="19,98,41,80,11,113,99,126,127,43,103,15,10" hai1="122,64,97,112,96,33,134,132,58,110,124,40,39" hai2="133,21,107,12,2,116,92,81,73,25,16,62,85" hai3="91,9,63,66,46,32,31,70,128,26,13,38,118"/><U20/><E33/><V8/><F116/><W77/><G128/><T54/><D54/><U82/><E122/><V51/><F107/><W86/><G77/><T72/><D10/><U55/><E110/><V78/><F133/><N who="1" m="51305" /><E124/><N who="0" m="47657" /><D113/><U67/><E82/><V6/><F62/><W42/><G118/><T29/><D29/><U50/><E20/><V119/><F119/><W105/><G105/><N who="0" m="63735" /><D99/><N who="1" m="37963" /><E112/><V22/><F51/><W90/><G86/><T104/><D104/><U120/><E120/><V74/><REACH who="2" step="1"/><F92/><REACH who="2" ten="220,260,270,230" step="2"/><W88/><G90/><T45/><D45/><AGARI ba="1,2" hai="39,40,45,50,55,58,64,67" m="37963,51305" machi="45" ten="30,1500,0" yaku="20,1" doraHai="111" who="1" fromWho="0" sc="220,-18,260,38,270,0,230,0" /><INIT seed="1,2,0,4,0,10" ten="202,298,270,230" oya="1" hai0="106,32,38,128,84,66,53,110,87,75,69,40,109" hai1="122,103,12,21,51,132,26,62,55,60,80,27,34" hai2="123,36,88,58,43,59,118,85,64,54,90,47,49" hai3="48,82,74,29,11,98,56,0,129,113,7,17,22"/><U3/><E122/><V77/><F118/><W81/><G129/><T117/><D117/><U15/><E3/><V78/><F123/><W31/><G113/><T44/><D75/><U71/><E132/><V111/><F111/><N who="0" m="42506" /><D128/><U67/><E60/><V93/><F64/><W37/><G37/><T42/><D106/><U39/><E39/><V96/><REACH who="2" step="1"/><F58/><REACH who="2" ten="202,298,260,230" step="2"/><W91/><G56/><T16/><D66/><U57/><E57/><V114/><F114/><W5/><G74/><T9/><D69/><U86/><E67/><V100/><F100/><W45/><G7/><T134/><D134/><U33/><E103/><V35/><F35/><W116/><G116/><T14/><D32/><U135/><E33/><V95/><AGARI ba="2,1" hai="36,43,47,49,54,59,77,78,85,88,90,93,95,96" machi="95" ten="20,5200,0" yaku="1,1,0,1,7,1,54,1,53,0" doraHai="10" doraHaiUra="115" who="2" fromWho="2" sc="202,-15,298,-28,260,68,230,-15" /><INIT seed="2,0,0,5,5,0" ten="187,270,328,215" oya="2" hai0="111,85,117,31,107,102,79,45,88,128,116,7,135" hai1="130,89,73,62,14,122,57,29,37,127,92,64,119" hai2="1,18,32,133,76,69,28,56,2,98,6,59,42" hai3="67,84,104,34,24,26,87,52,5,17,80,123,22"/><V94/><F69/><W61/><G104/><T8/><D111/><U70/><E119/><N who="0" m="45641" /><D135/><U108/><E73/><V100/><F133/><W20/><G34/><T83/><D31/><U41/><E108/><V110/><F110/><W30/><G123/><T112/><D112/><U124/><E130/><V78/><F42/><W97/><G97/><N who="0" m="61903" /><D45/><N who="1" m="23727" /><E29/><V48/><F18/><W10/><G80/><T13/><D128/><U15/><E70/><V21/><F2/><W27/><G27/><T58/><D58/><U44/><E44/><V25/><F32/><W77/><G77/><AGARI ba="0,0" hai="7,8,13,77,79,83,85,88" m="61903,45641" machi="77" ten="30,3900,0" yaku="12,1,52,1,54,1" doraHai="0" who="0" fromWho="3" sc="187,39,270,0,328,0,215,-39" /><INIT seed="3,0,0,0,3,130" ten="226,270,328,176" oya="3" hai0="26,38,105,31,71,43,74,46,77,116,10,101,37" hai1="35,41,84,81,64,134,106,16,85,69,114,33,86" hai2="79,110,34,67,102,57,126,62,131,2,125,68,109" hai3="18,17,93,8,108,94,89,15,29,1,66,118,129"/><W87/><G118/><T100/><D116/><U132/><E114/><V32/><F131/><W117/><G117/><T60/><D38/><U51/><E106/><V56/><F2/><W70/><G129/><T96/><D101/><U135/><E16/><V119/><F102/><W80/><G29/><T53/><D10/><U14/><E14/><V97/><F97/><W133/><G108/><N who="2" m="41577" /><F79/><W40/><G40/><T59/><D71/><U61/><E81/><V76/><F76/><W122/><G122/><T50/><D77/><U55/><E41/><V25/><F119/><W30/><G30/><T124/><D124/><N who="2" m="47722" /><F25/><W4/><G133/><T58/><D74/><U6/><E6/><V123/><F123/><W63/><REACH who="3" step="1"/><G18/><REACH who="3" ten="226,270,328,166" step="2"/><T39/><D59/><AGARI ba="0,1" hai="33,35,51,55,59,61,64,69,84,85,86,132,134,135" machi="59" ten="50,8000,1" yaku="20,1,52,3" doraHai="130" who="1" fromWho="0" sc="226,-80,270,90,328,0,166,0" /><AGARI ba="0,0" hai="32,34,56,57,59,62,67,68" m="47722,41577" machi="59" ten="30,2000,0" yaku="14,1,18,1" doraHai="130" who="2" fromWho="0" sc="146,-20,360,0,328,20,166,0" owari="126,-37.4,360,46.0,348,14.8,166,-23.4" /></mjloggm>