<mjloggm ver="2.3"><GO type="225" lobby="0"/><UN n0="%E3%81%86%E3%83%BC%E3%81%B1%E3%83%BC" n1="%6D%75%75%6D%75%72%61" n2="%68%6F%72%69%30%39%30%31" n3="%E3%81%BF%E3%81%BF%E3%81%9A" dan="16,16,16,16" rate="2141.41,2084.72,2146.57,2134.86" sx="F,F,M,M"/><TAIKYOKU oya="0"/><INIT seed="0,0,0,0,1,12" ten="250,250,250,250" oya="0" hai0="42,47,130,57,102,23,134,31,69,46,83,62,68" hai1="124,27,33,79,109,93,61,34,44,65,128,8,35" hai2="121,114,135,38,5,90,29,84,49,24,111,94,18" hai3="59,15,77,26,45,107,110,115,50,10,19,16,6"/><T52/><D130/><U104/><E128/><V133/><F114/><W56/><G115/><T78/><D134/><N who="2" m="51210" /><F121/><W41/><G107/><T95/><D47/><U66/><E104/><V117/><F38/><W80/><G110/><T25/><D95/><U9/><E109/><V76/><F111/><W58/><REACH who="3" step="1"/><G26/><REACH who="3" ten="250,250,250,240" step="2"/><T0/><D0/><U118/><E27/><V108/><F24/><W54/><G54/><T73/><REACH who="0" step="1"/><D102/><REACH who="0" ten="240,250,250,240" step="2"/><U123/><E123/><V74/><F108/><W97/><G97/><T4/><D4/><U91/><E118/><V82/><F5/><W39/><G39/><AGARI ba="0,2" hai="23,25,31,39,42,46,52,57,62,68,69,73,78,83" machi="39" ten="30,11600,0" yaku="1,1,7,1,54,1,53,1" doraHai="12" doraHaiUra="53" who="0" fromWho="3" sc="240,136,250,0,250,0,240,-116" /><INIT seed="0,1,0,2,3,59" ten="376,250,250,124" oya="0" hai0="41,32,115,3,96,13,94,16,88,63,30,11,52" hai1="37,107,84,121,51,39,110,80,2,95,117,46,90" hai2="122,50,72,65,130,133,81,44,70,113,100,103,79" hai3="53,106,71,68,104,5,92,135,54,27,18,87,105"/><T73/><D115/><U40/><E117/><V43/><F113/><W78/><G5/><T67/><D73/><U116/><E121/><V47/><F122/><W91/><G135/><T14/><D3/><U56/><E116/><V77/><F133/><W1/><G1/><T127/><D127/><U112/><E107/><V60/><F130/><W86/><G27/><T132/><D132/><U17/><E112/><V114/><F114/><W129/><G18/><T38/><D32/><U89/><E110/><V12/><F79/><W82/><G129/><T28/><D41/><U125/><E125/><V23/><REACH who="2" step="1"/><F47/><REACH who="2" ten="376,250,240,124" step="2"/><W128/><REACH who="3" step="1"/><G128/><REACH who="3" ten="376,250,240,114" step="2"/><T10/><D38/><U0/><E37/><V20/><F20/><W69/><AGARI ba="1,2" hai="53,54,68,69,71,78,82,86,87,91,92,104,105,106" machi="69" ten="40,5200,0" yaku="1,1,2,1,0,1,53,0" doraHai="59" doraHaiUra="119" who="3" fromWho="3" sc="376,-27,250,-14,240,-14,114,75" /><INIT seed="1,0,0,0,0,124" ten="349,236,226,189" oya="1" hai0="113,9,135,90,94,89,13,130,28,99,65,58,52" hai1="21,131,107,70,18,55,73,91,50,86,97,47,115" hai2="119,104,42,102,17,67,121,98,23,11,80,110,108" hai3="109,19,83,4,34,133,37,69,16,0,29,57,84"/><U7/><E115/><V3/><F119/><W10/><G69/><T132/><D113/><U54/><E73/><V25/><F121/><W125/><G125/><T96/><D65/><U114/><E114/><V122/><F122/><W32/><G37/><T92/><D28/><U81/><E70/><V128/><F67/><W76/><G109/><N who="2" m="42089" /><F42/><W22/><G133/><T12/><D130/><U14/><E131/><V56/><F56/><W61/><G29/><T118/><D118/><U48/><E7/><N who="2" m="1535" /><F80/><W46/><G46/><T5/><REACH who="0" step="1"/><D13/><REACH who="0" ten="339,236,226,189" step="2"/><U120/><E120/><V95/><F128/><W27/><REACH who="3" step="1"/><G19/><REACH who="3" ten="339,236,226,179" step="2"/><T101/><D101/><U68/><E18/><V87/><F87/><W105/><G105/><AGARI ba="0,2" hai="17,23,25,95,98,102,104,105" m="1535,42089" machi="105" ten="30,1000,0" yaku="14,1" doraHai="124" who="2" fromWho="3" sc="339,0,236,0,226,30,179,-10" /><INIT seed="2,0,0,0,1,92" ten="339,236,256,169" oya="2" hai0="8,96,72,119,123,104,30,65,108,87,90,131,64" hai1="95,40,106,16,36,12,61,54,33,28,19,79,67" hai2="45,27,83,132,47,77,66,130,32,127,89,25,50" hai3="70,15,125,97,7,2,31,128,101,26,63,110,57"/><V71/><F132/><W35/><G110/><T135/><D123/><U59/><E106/><V24/><F130/><W62/><G128/><T116/><D131/><U37/><E79/><V9/><F127/><W39/><G125/><T85/><D72/><U115/><E115/><V103/><F32/><W82/><G39/><T3/><D108/><U6/><E6/><V88/><F103/><W22/><G82/><T44/><D30/><U94/><E33/><V49/><F9/><W100/><G100/><N who="0" m="62471" /><D44/><N who="2" m="16970" /><F66/><N who="0" m="25706" /><D90/><N who="2" m="34922" /><F71/><W118/><G118/><N who="0" m="45099" /><D135/><U117/><E117/><V121/><F121/><W74/><G74/><T107/><D107/><U18/><E40/><V68/><F68/><W21/><G70/><T51/><D51/><U1/><E36/><V43/><F43/><W99/><G101/><T109/><D109/><U111/><E37/><V34/><F34/><W17/><G21/><T0/><D0/><U84/><E1/><V14/><F14/><W75/><G75/><T48/><D48/><N who="2" m="18538" /><F83/><W93/><G93/><T122/><D122/><U42/><E111/><V73/><F73/><W56/><G57/><T129/><D129/><U4/><E42/><V114/><F114/><W29/><G31/><T133/><D133/><U134/><E28/><V86/><F86/><W41/><G41/><T98/><D8/><N who="1" m="4103" /><E134/><V55/><F55/><N who="3" m="34079" /><G63/><T102/><D3/><U38/><E38/><V78/><AGARI ba="0,0" hai="24,25,27,77,78" m="18538,34922,16970" machi="78" ten="40,12000,1" yaku="28,2,8,1,54,1" doraHai="92" who="2" fromWho="2" sc="339,-40,236,-40,256,120,169,-40" /><INIT seed="2,1,0,3,0,70" ten="299,196,376,129" oya="2" hai0="99,0,7,62,102,31,121,41,38,59,46,69,35" hai1="85,61,133,14,95,83,19,49,73,109,50,120,28" hai2="105,37,11,135,34,4,57,30,79,2,54,23,93" hai3="129,12,134,128,29,101,114,66,6,48,74,107,1"/><V112/><F105/><W42/><G74/><T21/><D121/><U86/><E120/><V123/><F112/><W26/><G114/><T78/><D78/><U111/><E133/><V55/><F79/><W130/><G134/><T25/><D69/><U100/><E73/><V15/><F55/><W75/><G75/><T10/><D35/><U43/><E28/><V52/><F123/><W5/><G1/><T32/><D32/><U82/><E61/><V65/><F37/><W9/><G66/><T90/><D90/><N who="1" m="53711" /><E100/><V87/><F65/><W113/><G113/><T20/><D20/><N who="1" m="11383" /><E43/><V60/><F54/><W104/><G5/><T116/><D116/><U131/><E131/><V18/><F87/><W64/><G101/><T47/><D47/><U103/><E103/><V17/><F93/><W97/><G97/><T67/><D99/><U110/><E83/><V8/><F135/><W44/><REACH who="3" step="1"/><G64/><REACH who="3" ten="299,196,376,119" step="2"/><T89/><D102/><U98/><E98/><V24/><F2/><W126/><G126/><T16/><REACH who="0" step="1"/><D89/><AGARI ba="1,1" hai="49,50,82,86,89,109,110,111" m="11383,53711" machi="89" ten="30,1000,0" yaku="14,1" doraHai="70" who="1" fromWho="0" sc="299,-13,196,23,376,0,119,0" /><INIT seed="3,0,0,5,5,13" ten="286,219,376,119" oya="3" hai0="21,55,130,32,56,43,68,88,100,116,78,16,112" hai1="113,48,120,135,61,27,57,102,47,65,86,133,29" hai2="124,46,1,115,20,9,53,125,129,52,18,107,76" hai3="49,72,82,60,22,89,42,69,50,104,92,51,93"/><W121/><G121/><T64/><D116/><U4/><E120/><V83/><F107/><W25/><G104/><T128/><D32/><U122/><E122/><V62/><F115/><W14/><G42/><T11/><D112/><U80/><E113/><V110/><F110/><W91/><G72/><T97/><D78/><U30/><E102/><V109/><F109/><W10/><G69/><T36/><D11/><U94/><E94/><V31/><F31/><W84/><G60/><T101/><D64/><U81/><E4/><N who="2" m="1167" /><F46/><W132/><G132/><N who="1" m="50762" /><E86/><N who="2" m="48487" /><F62/><W106/><G106/><T66/><D66/><U117/><E117/><V37/><F37/><W26/><G22/><T67/><D67/><U35/><E29/><V23/><F23/><W8/><G8/><T41/><D36/><U87/><E87/><V85/><F85/><W59/><G59/><T119/><D119/><U73/><E73/><V0/><F0/><W6/><REACH who="3" step="1"/><G89/><REACH who="3" ten="286,219,376,109" step="2"/><T90/><D68/><U33/><E35/><V95/><F20/><W134/><G134/><T75/><D75/><U63/><E61/><V114/><F114/><W123/><G123/><T40/><D90/><U118/><E118/><V79/><F125/><W105/><G105/><N who="0" m="63631" /><D88/><U70/><E70/><V34/><F34/><W108/><G108/><T3/><D101/><U96/><E33/><V39/><F124/><W5/><G5/><T19/><D21/><U131/><E63/><V38/><F38/><W71/><G71/><T24/><D43/><U98/><E57/><V99/><F39/><W28/><G28/><T58/><D41/><U15/><E30/><RYUUKYOKU ba="0,1" sc="286,-10,219,-10,376,-10,109,30" hai3="6,10,14,25,26,49,50,51,82,84,91,92,93" /><INIT seed="3,1,1,1,3,107" ten="276,209,366,139" oya="3" hai0="26,4,56,57,120,82,124,54,90,134,108,73,95" hai1="88,3,45,97,127,46,72,135,9,119,35,62,68" hai2="102,24,34,58,123,87,66,91,100,111,60,131,0" hai3="85,128,105,84,52,30,28,55,98,40,79,114,29"/><W44/><G114/><T121/><D108/><U109/><E35/><V25/><F0/><W61/><G128/><T41/><D41/><U23/><E109/><V14/><F131/><W49/><G61/><T2/><D134/><U93/><E135/><V70/><F70/><W36/><G79/><T37/><D37/><U59/><E68/><V101/><F34/><W10/><G10/><T110/><D110/><U132/><E132/><V126/><F111/><W32/><G32/><T106/><D57/><U47/><E127/><V129/><F129/><W83/><G83/><T31/><D106/><U64/><E119/><V125/><F14/><W42/><G42/><T7/><D2/><U12/><E72/><V22/><F123/><W133/><G133/><T115/><D124/><N who="2" m="47722" /><F22/><W15/><G15/><T96/><D115/><U130/><E130/><V11/><F11/><W86/><REACH who="3" step="1"/><G36/><REACH who="3" ten="276,209,366,129" step="2"/><T103/><D121/><U76/><E76/><V21/><F21/><W75/><G75/><T43/><D43/><U94/><E3/><V48/><F48/><W19/><G19/><T27/><D120/><U51/><E23/><V38/><F38/><W8/><G8/><T16/><D16/><N who="1" m="8207" /><E94/><AGARI ba="1,2" hai="24,25,58,60,66,87,91,94,100,101,102" m="47722" machi="94" ten="30,1000,0" yaku="18,1" doraHai="107" who="2" fromWho="1" sc="276,0,209,-13,366,33,129,0" owari="276,7.6,196,-20.4,399,49.9,129,-37.1" /></mjloggm>