<mjloggm ver="2.3"><GO type="225" lobby="0"/><UN n0="%72%69%6F%75%63%68%61%6E" n1="%E5%B8%86%E7%AB%8B%E5%A4%8F%E8%A1%A3" n2="%E3%81%BD%E3%81%A1%E3%81%9F%E3%81%93%E3%82%84" n3="%E6%98%93%E5%88%A9%E8%96%A9%E4%BC%AF" dan="16,17,17,16" rate="2205.51,2175.91,2198.19,2145.12" sx="M,M,M,F"/><TAIKYOKU oya="0"/><INIT seed="0,0,0,0,1,32" ten="250,250,250,250" oya="0" hai0="64,35,62,33,71,93,27,31,61,95,100,42,7" hai1="92,66,6,89,135,52,97,21,14,114,72,73,9" hai2="126,67,76,75,122,5,87,43,79,40,20,109,68" hai3="84,119,105,133,53,94,121,134,81,110,118,41,58"/><T38/><D7/><U132/><E66/><V63/><F122/><W129/><G41/><T128/><D128/><U0/><E114/><V29/><F75/><W59/><G105/><T13/><D35/><U112/><E112/><V2/><F109/><W120/><G53/><T113/><D113/><U30/><E30/><V48/><F126/><W12/><G12/><T103/><D13/><U131/><E131/><V51/><F43/><W80/><G129/><T25/><D27/><U130/><E130/><V123/><F123/><N who="3" m="47179" /><G59/><T70/><D100/><U11/><E21/><V8/><F87/><W24/><G58/><T115/><D115/><U10/><E10/><V45/><REACH who="2" step="1"/><F51/><REACH who="2" ten="250,250,240,250" step="2"/><W99/><G110/><T55/><D42/><U50/><E73/><V74/><F74/><W15/><G84/><T69/><D38/><U54/><E72/><V96/><F96/><W90/><G24/><AGARI ba="0,1" hai="2,5,8,20,24,29,40,45,48,63,67,68,76,79" machi="24" ten="40,5200,0" yaku="1,1,52,1,53,1" doraHai="32" doraHaiUra="65" who="2" fromWho="3" sc="250,0,250,0,240,62,250,-52" /><INIT seed="1,0,0,5,3,119" ten="250,250,302,198" oya="1" hai0="80,73,64,33,61,132,134,106,126,133,86,95,1" hai1="79,32,81,83,54,5,75,3,18,88,13,59,124" hai2="76,41,107,7,116,121,115,14,25,74,51,30,122" hai3="21,97,127,67,118,53,113,62,34,108,39,26,99"/><U52/><E32/><V9/><F116/><W100/><G118/><T24/><D126/><U111/><E124/><V85/><F74/><W22/><G127/><T92/><D1/><U82/><E111/><V50/><F107/><W12/><G39/><T101/><D73/><U114/><E114/><V84/><F115/><W87/><G108/><T96/><D24/><U110/><E110/><V31/><F51/><W89/><G53/><T66/><D33/><U36/><E36/><V125/><F85/><W45/><G45/><T42/><D42/><U48/><E3/><V71/><F71/><W55/><G55/><T49/><D49/><U20/><E5/><V8/><F8/><W38/><G12/><T91/><REACH who="0" step="1"/><D66/><REACH who="0" ten="240,250,302,198" step="2"/><U103/><E54/><V43/><F125/><W56/><G38/><T117/><D117/><U70/><E70/><AGARI ba="0,1" hai="61,64,70,80,86,91,92,95,96,101,106,132,133,134" machi="70" ten="40,2600,0" yaku="1,1,20,1,53,0" doraHai="119" doraHaiUra="105" who="0" fromWho="1" sc="240,36,250,-26,302,0,198,0" /><INIT seed="2,0,0,2,1,87" ten="276,224,302,198" oya="2" hai0="58,103,101,111,80,133,116,61,78,37,102,54,66" hai1="114,64,120,127,34,45,118,48,128,106,33,115,84" hai2="55,53,15,98,88,2,14,125,77,13,117,135,19" hai3="82,60,96,25,89,126,86,23,110,49,90,93,18"/><V69/><F2/><W100/><G110/><T56/><D133/><U29/><E106/><V40/><F117/><W71/><G126/><T68/><D111/><U51/><E118/><V57/><F69/><W72/><G72/><T94/><D116/><U9/><E127/><V41/><F125/><W134/><G134/><T121/><D37/><U119/><E119/><V5/><F77/><W47/><G71/><T79/><D121/><U92/><E120/><V59/><F135/><W43/><REACH who="3" step="1"/><G60/><REACH who="3" ten="276,224,302,188" step="2"/><N who="0" m="38151" /><D68/><U75/><E75/><V11/><F57/><W124/><G124/><T4/><D4/><U7/><E7/><V42/><F59/><W35/><G35/><T20/><D20/><U83/><E34/><V73/><F73/><W122/><G122/><T95/><D78/><AGARI ba="0,1" hai="18,23,25,43,47,49,78,82,86,89,90,93,96,100" machi="78" ten="30,8000,1" yaku="1,1,7,1,8,1,52,2,53,0" doraHai="87" doraHaiUra="24" who="3" fromWho="0" sc="276,-80,224,0,302,0,188,90" /><INIT seed="3,0,0,2,5,88" ten="196,224,302,278" oya="3" hai0="81,99,124,105,93,132,86,61,30,118,104,63,26" hai1="40,4,102,58,94,11,45,101,20,116,84,110,80" hai2="89,1,39,106,131,71,5,64,135,75,47,35,126" hai3="51,42,72,70,23,73,52,115,120,103,50,18,90"/><W98/><G115/><T66/><D118/><U8/><E110/><V31/><RYUUKYOKU type="yao9" ba="0,0" sc="196,0,224,0,302,0,278,0" hai2="1,5,31,35,39,47,64,71,75,89,106,126,131,135" /><INIT seed="3,1,0,0,0,96" ten="196,224,302,278" oya="3" hai0="51,65,24,86,6,117,13,57,112,129,60,108,83" hai1="109,130,37,45,30,63,52,26,54,36,103,89,11" hai2="72,88,10,79,47,18,53,23,81,34,113,12,110" hai3="118,122,120,15,85,100,44,1,80,39,41,127,35"/><W107/><G118/><T125/><D108/><U5/><E109/><V67/><F34/><W101/><G1/><T59/><D117/><U9/><E130/><V17/><F113/><W68/><G68/><T48/><D129/><U132/><E132/><V71/><F110/><W33/><G127/><T90/><D125/><U128/><E128/><V50/><F71/><W42/><G42/><T87/><D112/><U22/><E37/><V111/><F67/><W78/><G35/><T19/><D57/><U29/><E36/><V58/><F111/><W16/><G33/><T115/><D115/><U76/><E76/><V2/><F88/><W20/><REACH who="3" step="1"/><G107/><REACH who="3" ten="196,224,302,268" step="2"/><T8/><REACH who="0" step="1"/><D87/><REACH who="0" ten="186,224,302,268" step="2"/><U7/><E7/><V104/><F72/><W123/><AGARI ba="1,2" hai="15,16,20,39,41,44,78,80,85,100,101,120,122,123" machi="123" ten="30,18000,2" yaku="1,1,2,1,0,1,52,2,54,1,53,0" doraHai="96" doraHaiUra="3" who="3" fromWho="3" sc="186,-61,224,-61,302,-61,268,203" owari="125,-37.5,163,-23.7,241,4.1,471,57.1" /></mjloggm>