<mjloggm ver="2.3"><GO type="225" lobby="0"/><UN n0="%6D%75%75%6D%75%72%61" n1="%E9%8A%80%E3%81%B0%E3%81%95%E3%81%BF" n2="%E3%81%9F%E3%81%93%E2%98%86%E7%84%BC%E3%81%8D" n3="%E3%81%8A%E3%81%8B%E3%81%8F%E3%82%89" dan="16,17,16,17" rate="2154.68,2236.15,2086.65,2103.44" sx="F,M,M,M"/><TAIKYOKU oya="0"/><INIT seed="0,0,0,3,3,128" ten="250,250,250,250" oya="0" hai0="52,107,65,113,17,91,72,118,78,0,16,103,69" hai1="12,81,111,108,62,48,49,112,74,133,131,57,26" hai2="23,110,13,123,41,115,42,61,46,75,130,96,54" hai3="129,47,105,60,88,35,77,126,122,106,114,67,64"/><T1/><D113/><U125/><E131/><V45/><F75/><W53/><G35/><T124/><D118/><U98/><E112/><V100/><F123/><W22/><G77/><T51/><D124/><U34/><E125/><V30/><F130/><W38/><G67/><T99/><D91/><U14/><E98/><V44/><F110/><N who="1" m="42025" /><E74/><V33/><F33/><W7/><G7/><T84/><D72/><U109/><E81/><V102/><F115/><W5/><G5/><T8/><D84/><U66/><N who="1" m="42033" /><U31/><DORA hai="21" /><E133/><V37/><F13/><AGARI ba="0,0" hai="12,13,14,26,31,34,48,49,57,62,66" m="42033" machi="13" ten="40,2600,0" yaku="14,1,52,1" doraHai="128,21" who="1" fromWho="2" sc="250,0,250,26,250,-26,250,0" /><INIT seed="1,0,0,3,5,71" ten="250,276,224,250" oya="1" hai0="85,7,77,82,125,39,95,135,118,34,119,86,19" hai1="81,108,14,122,18,78,40,32,134,65,72,96,46" hai2="1,103,36,27,6,60,22,8,15,66,48,0,101" hai3="73,107,132,24,98,64,117,10,43,23,129,21,61"/><U109/><E122/><V80/><F1/><W20/><G73/><T115/><D115/><U44/><E32/><V74/><F48/><W79/><G79/><T111/><D34/><U33/><E33/><V28/><F0/><W75/><G75/><T87/><D111/><N who="1" m="42571" /><E134/><V35/><F35/><W52/><G129/><T70/><D70/><U30/><E30/><V123/><F123/><W17/><G10/><T37/><D7/><U25/><E25/><V127/><F127/><W9/><G9/><T68/><D68/><U126/><E65/><V116/><F116/><W88/><G43/><T41/><D41/><U47/><E96/><V90/><F36/><W12/><G132/><T29/><D29/><U51/><E126/><V91/><F74/><W89/><G21/><AGARI ba="0,0" hai="14,18,21,40,44,46,47,51,72,78,81" m="42571" machi="21" ten="30,2900,0" yaku="14,1,10,1" doraHai="71" who="1" fromWho="3" sc="250,0,276,29,224,0,250,-29" /><INIT seed="1,1,0,1,5,5" ten="250,305,224,221" oya="1" hai0="74,34,51,106,88,59,39,83,93,98,135,19,128" hai1="130,67,49,1,107,80,115,77,92,47,132,86,15" hai2="126,41,134,76,61,81,119,79,109,131,23,55,85" hai3="8,103,6,101,122,110,129,20,56,29,120,36,53"/><U12/><E107/><V104/><F119/><W72/><G110/><T27/><D39/><U0/><E115/><V16/><F109/><W105/><G72/><T65/><D128/><U11/><E130/><V63/><F126/><W97/><G36/><T102/><D135/><U2/><E132/><V91/><F134/><W13/><G101/><T62/><D51/><U17/><E67/><V57/><F41/><W9/><G9/><T37/><D37/><U35/><E35/><V133/><F104/><W114/><G114/><T71/><D59/><U82/><E92/><V32/><F32/><W48/><REACH who="3" step="1"/><G129/><REACH who="3" ten="250,305,224,211" step="2"/><T45/><D102/><U7/><E80/><V18/><F131/><W99/><G99/><T124/><D83/><U125/><E125/><V28/><F133/><W21/><G21/><T123/><D34/><U43/><REACH who="1" step="1"/><E12/><REACH who="1" ten="250,295,224,211" step="2"/><V24/><F79/><W31/><G31/><T64/><D124/><U68/><E68/><V54/><F76/><W42/><G42/><T30/><D71/><U78/><E78/><V112/><F112/><W118/><G118/><T58/><D106/><U22/><AGARI ba="1,2" hai="0,1,2,7,11,15,17,22,43,47,49,77,82,86" machi="22" ten="20,7800,0" yaku="1,1,0,1,7,1,52,1,53,0" doraHai="5" doraHaiUra="25" who="1" fromWho="1" sc="250,-27,295,101,224,-27,211,-27" /><INIT seed="1,2,0,5,0,56" ten="223,396,197,184" oya="1" hai0="104,62,115,23,7,85,133,100,67,5,18,92,125" hai1="111,27,134,2,13,109,25,75,77,20,36,128,8" hai2="50,64,98,93,94,16,9,70,39,84,10,95,19" hai3="103,58,57,52,71,120,74,119,29,106,81,73,28"/><U122/><E36/><V11/><F39/><W127/><G71/><T117/><D115/><U47/><E122/><V72/><F72/><W107/><G81/><T31/><D117/><U118/><E118/><V26/><F50/><W44/><G119/><T38/><D133/><U55/><E2/><V114/><F114/><W80/><G80/><T53/><D125/><U46/><E134/><V124/><F124/><W45/><G127/><T79/><D104/><U101/><E101/><V0/><F0/><W1/><G1/><T54/><D31/><U60/><E128/><V33/><F84/><W40/><G103/><T102/><D79/><U132/><E132/><V65/><F98/><W6/><G52/><N who="0" m="20075" /><D38/><U66/><E77/><V51/><F51/><W48/><G48/><T97/><D85/><U63/><E75/><V90/><F90/><W24/><G24/><N who="1" m="9290" /><E20/><V110/><F110/><N who="1" m="41993" /><E66/><V30/><F70/><W82/><G82/><T42/><D102/><U135/><E135/><V99/><F99/><W41/><REACH who="3" step="1"/><G6/><REACH who="3" ten="223,396,197,174" step="2"/><T49/><D5/><N who="1" m="3215" /><E55/><V89/><F65/><W59/><G59/><T12/><D100/><U43/><E43/><V76/><F64/><W61/><G61/><AGARI ba="2,1" hai="46,47,60,61,63" m="3215,41993,9290" machi="61" ten="30,12000,1" yaku="14,1,10,1,52,3" doraHai="56" who="1" fromWho="3" sc="223,0,396,136,197,0,174,-126" /><INIT seed="1,3,0,0,4,23" ten="223,532,197,48" oya="1" hai0="107,37,45,102,53,32,68,13,126,100,59,119,8" hai1="9,82,121,76,42,65,33,81,101,11,14,129,92" hai2="3,134,7,108,19,1,49,117,16,111,36,120,44" hai3="39,0,71,89,103,52,56,50,98,110,69,47,60"/><U115/><E115/><V97/><F36/><W74/><G74/><T114/><D119/><U43/><E121/><V86/><F117/><W122/><G89/><T130/><D68/><N who="3" m="26185" /><G98/><T21/><D32/><U64/><E33/><V131/><F97/><W118/><G103/><T24/><D107/><U48/><E129/><V75/><F131/><W128/><G0/><T28/><D126/><U99/><E11/><V20/><F86/><W113/><G128/><T87/><D114/><U54/><E64/><V38/><F120/><W93/><G93/><T116/><D116/><U58/><E65/><V78/><F38/><W18/><G18/><T63/><D130/><U10/><E10/><V88/><F78/><W96/><G96/><T55/><D87/><N who="1" m="48551" /><E82/><V104/><F88/><W51/><G118/><T90/><D90/><U80/><E80/><V73/><F104/><W135/><G113/><T127/><D127/><U35/><E35/><V125/><F125/><W67/><G110/><T106/><D37/><U132/><E132/><V94/><F134/><W133/><G122/><T26/><D106/><U124/><E124/><V41/><F94/><W15/><G15/><T40/><D100/><U123/><E123/><V105/><F105/><W30/><G30/><T46/><D102/><U22/><E22/><V6/><F20/><W17/><G17/><AGARI ba="3,0" hai="9,14,17,42,43,48,54,58,92,99,101" m="48551" machi="17" ten="30,1500,0" yaku="8,1" doraHai="23" who="1" fromWho="3" sc="223,0,532,24,197,0,48,-24" /><INIT seed="1,4,0,0,1,58" ten="223,556,197,24" oya="1" hai0="110,99,129,89,97,15,36,47,41,20,124,101,71" hai1="26,45,81,112,111,6,23,49,56,38,53,96,21" hai2="62,65,16,70,8,135,35,4,131,19,0,60,37" hai3="29,46,13,27,127,50,25,133,104,67,7,122,10"/><U11/><E112/><V33/><F37/><W94/><G133/><T40/><D71/><U3/><E111/><V92/><F135/><W52/><G127/><T115/><D129/><U120/><E120/><V74/><F74/><W132/><G132/><T87/><D124/><U90/><E38/><V68/><F92/><W121/><G104/><T75/><D75/><U78/><E26/><V100/><F100/><W91/><G67/><T55/><D40/><U82/><E45/><V85/><F85/><W30/><G25/><T119/><D99/><U130/><E130/><V17/><F131/><W108/><G108/><T116/><D20/><U84/><REACH who="1" step="1"/><E96/><REACH who="1" ten="223,546,197,24" step="2"/><V32/><F65/><W39/><G39/><T72/><D97/><U95/><E95/><V93/><F93/><W59/><G27/><T43/><D36/><U134/><E134/><V123/><F123/><W114/><G114/><T73/><D110/><U5/><E5/><V64/><F64/><W125/><G125/><T54/><D115/><U76/><E76/><V118/><F118/><W28/><REACH who="3" step="1"/><G46/><REACH who="3" ten="223,546,197,14" step="2"/><T98/><D47/><U24/><E24/><V1/><F70/><W107/><G107/><T66/><D116/><U61/><E61/><V88/><F68/><W80/><G80/><T2/><D66/><U105/><E105/><V117/><F62/><W48/><G48/><T63/><D63/><U34/><E34/><V18/><F60/><W42/><G42/><T86/><D43/><U106/><E106/><V113/><F113/><W22/><G22/><T77/><D119/><U102/><E102/><V109/><F109/><RYUUKYOKU ba="4,2" sc="223,-15,546,15,197,-15,14,15" hai1="3,6,11,21,23,49,53,56,78,81,82,84,90" hai3="7,10,13,28,29,30,50,52,59,91,94,121,122" /><INIT seed="1,5,2,3,1,6" ten="208,561,182,29" oya="1" hai0="105,49,56,86,80,123,26,68,65,114,42,55,17" hai1="118,70,36,30,24,48,13,109,103,121,38,4,60" hai2="62,2,28,7,21,83,79,16,108,92,126,67,97" hai3="128,45,37,77,35,106,22,72,132,31,9,95,93"/><U124/><E118/><V71/><F108/><W104/><G22/><T99/><D114/><U88/><E121/><V111/><F111/><W11/><G132/><T47/><D26/><U90/><E109/><V134/><F126/><W85/><G72/><T127/><D17/><U15/><E124/><V10/><F28/><W8/><G128/><T117/><D99/><U78/><E78/><V102/><F134/><W135/><G135/><T14/><D14/><U76/><E76/><V58/><F79/><W84/><G31/><T23/><D23/><U39/><E103/><V112/><F83/><W1/><G35/><T94/><D94/><U107/><E107/><V122/><F112/><W82/><G1/><T32/><D32/><U130/><E130/><V98/><F97/><W27/><G27/><T3/><D3/><U5/><E48/><V110/><F110/><W25/><G25/><T34/><D105/><U120/><E120/><V64/><F122/><W87/><G106/><T119/><D34/><U54/><E5/><V66/><F71/><W53/><G104/><T81/><D123/><U50/><E60/><V40/><F40/><W18/><G18/><T29/><D127/><U89/><E70/><V96/><F98/><W73/><REACH who="3" step="1"/><G53/><REACH who="3" ten="208,561,182,19" step="2"/><T133/><D29/><U131/><E131/><V57/><F21/><W41/><AGARI ba="5,3" hai="8,9,11,37,41,45,73,77,82,84,85,87,93,95" machi="41" ten="40,12000,2" yaku="1,1,2,1,0,1,52,3,53,0" doraHai="6" doraHaiUra="125" who="3" fromWho="3" sc="208,-35,561,-65,182,-35,19,165" /><INIT seed="2,0,0,0,3,48" ten="173,496,147,184" oya="2" hai0="9,74,43,14,132,8,11,27,64,38,99,102,96" hai1="123,63,95,119,131,44,135,42,127,47,124,37,31" hai2="112,39,29,118,67,78,83,85,98,45,101,100,17" hai3="111,86,125,2,107,34,69,65,60,120,51,59,109"/><V121/><F112/><W114/><G120/><T72/><D132/><U23/><E119/><V94/><F118/><W88/><G107/><T33/><D14/><U6/><E123/><V108/><F121/><W84/><G34/><T128/><D128/><U82/><E131/><V49/><F39/><W110/><G2/><T105/><D64/><U5/><E135/><V3/><F67/><W40/><G125/><N who="1" m="48202" /><E63/><V77/><F29/><W56/><G84/><T19/><D96/><U117/><E117/><V16/><F108/><W18/><G18/><N who="2" m="7273" /><F3/><W1/><G1/><T97/><D97/><U28/><E95/><V130/><F130/><W129/><G129/><T70/><D70/><U71/><E71/><V26/><F26/><W73/><G73/><T41/><D38/><U116/><E116/><V126/><F126/><W20/><G20/><T36/><D36/><U57/><E31/><V21/><F21/><W81/><G114/><T32/><D72/><U4/><E28/><V58/><F58/><W87/><G86/><T80/><D33/><U68/><E23/><V13/><F13/><W122/><G122/><T0/><D0/><U35/><E68/><V92/><F78/><W54/><G40/><N who="0" m="15435" /><D19/><U113/><E113/><V22/><F22/><W93/><G69/><T103/><D32/><U24/><E35/><V52/><F98/><W15/><G15/><T62/><D27/><U30/><E24/><V133/><F133/><W90/><G90/><T79/><D103/><AGARI ba="0,0" hai="45,49,52,77,83,85,92,94,100,101,103" m="7273" machi="103" ten="30,11600,0" yaku="8,1,52,1,54,2" doraHai="48" who="2" fromWho="0" sc="173,-116,496,0,147,116,184,0" /><INIT seed="2,1,0,5,4,123" ten="57,496,263,184" oya="2" hai0="87,41,58,106,92,37,22,68,56,20,81,48,47" hai1="65,45,19,51,118,133,74,101,78,59,11,120,54" hai2="31,8,23,109,2,128,96,18,97,125,29,83,119" hai3="7,107,42,117,9,5,39,27,79,121,131,26,28"/><V34/><F119/><W17/><G107/><T80/><D68/><U60/><E118/><V110/><F83/><W57/><G117/><T82/><D106/><U103/><E120/><V1/><F128/><W6/><G79/><T61/><D37/><U49/><E133/><V12/><F97/><W113/><G121/><T135/><D135/><U71/><E78/><V126/><F96/><W40/><G39/><T35/><D35/><U104/><E74/><V0/><F34/><W73/><G73/><T72/><D72/><U105/><E105/><V10/><F10/><W99/><G99/><T111/><D111/><N who="2" m="42506" /><F8/><W16/><G9/><T30/><D30/><AGARI ba="1,0" hai="0,1,2,12,18,23,29,30,31,125,126" m="42506" machi="30" ten="40,18000,2" yaku="14,1,10,1,34,2,52,3" doraHai="123" who="2" fromWho="0" sc="57,-183,496,0,263,183,184,0" owari="-126,-62.6,496,59.6,446,24.6,184,-21.6" /></mjloggm>